|j|вҳҶGallantshowdown
|j|вҳҶar1stoteles vgc
|html|Gallantshowdownar1stoteles vgc    
|uhtml|bestof|Game 1 of a best-of-3
|t:|1756405302
|gametype|doubles
|player|p1|Gallantshowdown|n|1032
|player|p2|ar1stoteles vgc|wallace|1130
|gen|9
|tier|[Gen 9] VGC 2025 Reg H (Bo3)
|rated|
|rule|Species Clause: Limit one of each PokГ©mon
|rule|Item Clause: Limit 1 of each item
|clearpoke
|poke|p1|Kingambit, L50, M|
|poke|p1|Sneasler, L50, F|
|poke|p1|Magmar, L50, M|
|poke|p1|Rillaboom, L50, M|
|poke|p1|Primarina, L50, F|
|poke|p1|Salamence, L50, M|
|poke|p2|Indeedee-F, L50, F|
|poke|p2|Hatterene, L50, F|
|poke|p2|Gallade, L50, M|
|poke|p2|Ursaluna, L50, M|
|poke|p2|Lilligant-Hisui, L50, F|
|poke|p2|Torkoal, L50, M|
|teampreview|4
|showteam|p1|Kingambit||BlackGlasses|Defiant|Protect,SuckerPunch,SwordsDance,KowtowCleave|||M|||50|,,,,,Ghost]Sneasler||FocusSash|Unburden|Protect,FakeOut,DireClaw,CloseCombat|||F|||50|,,,,,Stellar]Magmar||Eviolite|VitalSpirit|Protect,Overheat,FollowMe,WillOWisp|||M|||50|,,,,,Ghost]Rillaboom||AssaultVest|GrassySurge|FakeOut,GrassyGlide,WoodHammer,HighHorsepower|||M|||50|,,,,,Fire]Primarina||SitrusBerry|LiquidVoice|Haze,Protect,Moonblast,HyperVoice|||F|||50|,,,,,Poison]Salamence||CovertCloak|Intimidate|Protect,Tailwind,DracoMeteor,DualWingbeat|||M|||50|,,,,,Steel
|showteam|p2|Indeedee-F||PsychicSeed|PsychicSurge|TrickRoom,FollowMe,HelpingHand,DazzlingGleam|||F|||50|,,,,,Fire]Hatterene||LifeOrb|MagicBounce|ExpandingForce,TrickRoom,DazzlingGleam,Protect|||F|||50|,,,,,Psychic]Gallade||ClearAmulet|Sharpness|PsychoCut,TrickRoom,SacredSword,WideGuard|||M|||50|,,,,,Grass]Ursaluna||FlameOrb|Guts|HeadlongRush,Facade,SwordsDance,Protect|||M|||50|,,,,,Ghost]Lilligant-Hisui||FocusSash|Chlorophyll|SolarBlade,SleepPowder,CloseCombat,AfterYou|||F|||50|,,,,,Ghost]Torkoal||ChoiceSpecs|Drought|Eruption,HeatWave,WeatherBall,EarthPower|||M|||50|,,,,,Fire
|inactive|Battle timer is ON: inactive players will automatically lose when time's up. (requested by Gallantshowdown)
|inactive|ar1stoteles vgc also wants the timer to be on.
|inactive|Gallantshowdown has 60 seconds left.
|inactive|ar1stoteles vgc has 60 seconds left.
|
|t:|1756405344
|teamsize|p1|4
|teamsize|p2|4
|start
|switch|p1a: Magmar|Magmar, L50, M|100/100
|switch|p1b: Kingambit|Kingambit, L50, M, shiny|100/100
|switch|p2a: зҙ«з«Ҫи¶…еҸҜж„ӣ|Indeedee-F, L50, F, shiny|100/100
|switch|p2b: зҙ«з«Ҫж•ІеҸҜж„ӣ|Hatterene, L50, F, shiny|100/100
|-fieldstart|move: Psychic Terrain|[from] ability: Psychic Surge|[of] p2a: зҙ«з«Ҫи¶…еҸҜж„ӣ
|-enditem|p2a: зҙ«з«Ҫи¶…еҸҜж„ӣ|Psychic Seed
|-boost|p2a: зҙ«з«Ҫи¶…еҸҜж„ӣ|spd|1|[from] item: Psychic Seed
|turn|1
|inactive|Gallantshowdown has 30 seconds left.
|
|t:|1756405374
|switch|p1a: Rillaboom|Rillaboom, L50, M|100/100
|-fieldstart|move: Grassy Terrain|[from] ability: Grassy Surge|[of] p1a: Rillaboom
|move|p2a: зҙ«з«Ҫи¶…еҸҜж„ӣ|Follow Me|p2a: зҙ«з«Ҫи¶…еҸҜж„ӣ
|-singleturn|p2a: зҙ«з«Ҫи¶…еҸҜж„ӣ|move: Follow Me
|move|p1b: Kingambit|Kowtow Cleave|p2a: зҙ«з«Ҫи¶…еҸҜж„ӣ
|-supereffective|p2a: зҙ«з«Ҫи¶…еҸҜж„ӣ
|-damage|p2a: зҙ«з«Ҫи¶…еҸҜж„ӣ|0 fnt
|faint|p2a: зҙ«з«Ҫи¶…еҸҜж„ӣ
|move|p2b: зҙ«з«Ҫж•ІеҸҜж„ӣ|Trick Room|p2b: зҙ«з«Ҫж•ІеҸҜж„ӣ
|-fieldstart|move: Trick Room|[of] p2b: зҙ«з«Ҫж•ІеҸҜж„ӣ
|
|upkeep
|
|t:|1756405395
|switch|p2a: еӨӘжЁӮе·ҙжҲҲж–Ҝ|Torkoal, L50, M, shiny|100/100
|-weather|SunnyDay|[from] ability: Drought|[of] p2a: еӨӘжЁӮе·ҙжҲҲж–Ҝ
|turn|2
|
|t:|1756405411
|-terastallize|p2a: еӨӘжЁӮе·ҙжҲҲж–Ҝ|Fire
|move|p1a: Rillaboom|Fake Out|p2a: еӨӘжЁӮе·ҙжҲҲж–Ҝ
|-damage|p2a: еӨӘжЁӮе·ҙжҲҲж–Ҝ|90/100
|cant|p2a: еӨӘжЁӮе·ҙжҲҲж–Ҝ|flinch
|move|p2b: зҙ«з«Ҫж•ІеҸҜж„ӣ|Dazzling Gleam|p1a: Rillaboom|[spread] p1a,p1b
|-damage|p1a: Rillaboom|67/100
|-damage|p1b: Kingambit|61/100
|-damage|p2b: зҙ«з«Ҫж•ІеҸҜж„ӣ|91/100|[from] item: Life Orb
|move|p1b: Kingambit|Swords Dance|p1b: Kingambit
|-boost|p1b: Kingambit|atk|2
|
|-weather|SunnyDay|[upkeep]
|-heal|p2a: еӨӘжЁӮе·ҙжҲҲж–Ҝ|96/100|[from] Grassy Terrain
|-heal|p2b: зҙ«з«Ҫж•ІеҸҜж„ӣ|97/100|[from] Grassy Terrain
|-heal|p1b: Kingambit|67/100|[from] Grassy Terrain
|-heal|p1a: Rillaboom|73/100|[from] Grassy Terrain
|upkeep
|turn|3
|
|t:|1756405431
|-terastallize|p1a: Rillaboom|Fire
|move|p1b: Kingambit|Sucker Punch|p2a: еӨӘжЁӮе·ҙжҲҲж–Ҝ
|-damage|p2a: еӨӘжЁӮе·ҙжҲҲж–Ҝ|23/100
|move|p2a: еӨӘжЁӮе·ҙжҲҲж–Ҝ|Heat Wave|p1a: Rillaboom|[spread] p1a,p1b
|-resisted|p1a: Rillaboom
|-supereffective|p1b: Kingambit
|-damage|p1a: Rillaboom|38/100
|-damage|p1b: Kingambit|0 fnt
|faint|p1b: Kingambit
|move|p2b: зҙ«з«Ҫж•ІеҸҜж„ӣ|Dazzling Gleam|p1a: Rillaboom
|-resisted|p1a: Rillaboom
|-damage|p1a: Rillaboom|13/100
|-damage|p2b: зҙ«з«Ҫж•ІеҸҜж„ӣ|87/100|[from] item: Life Orb
|move|p1a: Rillaboom|Wood Hammer|p2b: зҙ«з«Ҫж•ІеҸҜж„ӣ
|-damage|p2b: зҙ«з«Ҫж•ІеҸҜж„ӣ|0 fnt
|faint|p2b: зҙ«з«Ҫж•ІеҸҜж„ӣ
|-damage|p1a: Rillaboom|0 fnt|[from] Recoil
|faint|p1a: Rillaboom
|
|-weather|SunnyDay|[upkeep]
|-heal|p2a: еӨӘжЁӮе·ҙжҲҲж–Ҝ|29/100|[from] Grassy Terrain
|upkeep
|
|t:|1756405449
|switch|p2b: дёҖжӢіжңҲжңҲзҶҠ|Ursaluna, L50, M, shiny|100/100
|switch|p1b: Salamence|Salamence, L50, M|100/100
|switch|p1a: Magmar|Magmar, L50, M|100/100
|-ability|p1b: Salamence|Intimidate|boost
|-unboost|p2a: еӨӘжЁӮе·ҙжҲҲж–Ҝ|atk|1
|-unboost|p2b: дёҖжӢіжңҲжңҲзҶҠ|atk|1
|turn|4
|inactive|Gallantshowdown has 30 seconds left.
|inactive|ar1stoteles vgc has 30 seconds left.
|
|t:|1756405481
|move|p2a: еӨӘжЁӮе·ҙжҲҲж–Ҝ|Heat Wave|p1b: Salamence|[spread] p1b
|-miss|p2a: еӨӘжЁӮе·ҙжҲҲж–Ҝ|p1a: Magmar
|-resisted|p1b: Salamence
|-damage|p1b: Salamence|46/100
|move|p2b: дёҖжӢіжңҲжңҲзҶҠ|Facade|p1b: Salamence
|-damage|p1b: Salamence|9/100
|move|p1a: Magmar|Overheat|p2b: дёҖжӢіжңҲжңҲзҶҠ|[miss]
|-miss|p1a: Magmar|p2b: дёҖжӢіжңҲжңҲзҶҠ
|move|p1b: Salamence|Dual Wingbeat|p2a: еӨӘжЁӮе·ҙжҲҲж–Ҝ
|-damage|p2a: еӨӘжЁӮе·ҙжҲҲж–Ҝ|15/100
|-damage|p2a: еӨӘжЁӮе·ҙжҲҲж–Ҝ|0 fnt
|faint|p2a: еӨӘжЁӮе·ҙжҲҲж–Ҝ
|-hitcount|p2: еӨӘжЁӮе·ҙжҲҲж–Ҝ|2
|
|-weather|SunnyDay|[upkeep]
|-status|p2b: дёҖжӢіжңҲжңҲзҶҠ|brn|[from] item: Flame Orb
|upkeep
|turn|5
|inactive|Gallantshowdown has 30 seconds left.
|
|t:|1756405515
|move|p1a: Magmar|Protect|p1a: Magmar
|-singleturn|p1a: Magmar|Protect
|move|p1b: Salamence|Protect|p1b: Salamence
|-singleturn|p1b: Salamence|Protect
|move|p2b: дёҖжӢіжңҲжңҲзҶҠ|Facade|p1b: Salamence
|-activate|p1b: Salamence|move: Protect
|
|-weather|SunnyDay|[upkeep]
|-damage|p2b: дёҖжӢіжңҲжңҲзҶҠ|95/100 brn|[from] brn
|-fieldend|move: Trick Room
|-fieldend|move: Grassy Terrain
|upkeep
|turn|6
|
|t:|1756405534
|move|p1b: Salamence|Draco Meteor|p2b: дёҖжӢіжңҲжңҲзҶҠ|[miss]
|-miss|p1b: Salamence|p2b: дёҖжӢіжңҲжңҲзҶҠ
|move|p1a: Magmar|Overheat|p2b: дёҖжӢіжңҲжңҲзҶҠ|[miss]
|-miss|p1a: Magmar|p2b: дёҖжӢіжңҲжңҲзҶҠ
|move|p2b: дёҖжӢіжңҲжңҲзҶҠ|Facade|p1b: Salamence
|-damage|p1b: Salamence|0 fnt
|faint|p1b: Salamence
|
|-weather|none
|-damage|p2b: дёҖжӢіжңҲжңҲзҶҠ|89/100 brn|[from] brn
|upkeep
|turn|7
|c|вҳҶar1stoteles vgc|verga
|
|t:|1756405557
|move|p1a: Magmar|Overheat|p2b: дёҖжӢіжңҲжңҲзҶҠ
|-crit|p2b: дёҖжӢіжңҲжңҲзҶҠ
|-damage|p2b: дёҖжӢіжңҲжңҲзҶҠ|25/100 brn
|-unboost|p1a: Magmar|spa|2
|move|p2b: дёҖжӢіжңҲжңҲзҶҠ|Headlong Rush|p1a: Magmar
|-supereffective|p1a: Magmar
|-damage|p1a: Magmar|0 fnt
|-unboost|p2b: дёҖжӢіжңҲжңҲзҶҠ|def|1
|-unboost|p2b: дёҖжӢіжңҲжңҲзҶҠ|spd|1
|faint|p1a: Magmar
|
|win|ar1stoteles vgc
||Gallantshowdown is ready for game 2.
||ar1stoteles vgc is ready for game 2.
|uhtml|next|Next: Game 2 of 3
