|j|☆circuitosomador
|j|☆naibot2814
|html|circuitosomadornaibot2814    
|uhtml|bestof|Game 3 of a best-of-3
|t:|1783217296
|gametype|doubles
|player|p1|circuitosomador|norman|1159
|player|p2|naibot2814|ghetsis|1288
|gen|9
|tier|[Gen 9 Champions] VGC 2026 Reg M-B (Bo3)
|rated|
|rule|Species Clause: Limit one of each Pokémon
|rule|Item Clause: Limit 1 of each item
|clearpoke
|poke|p1|Excadrill, L50, M|
|poke|p1|Tyranitar, L50, F|
|poke|p1|Corviknight, L50, F|
|poke|p1|Rotom-Wash, L50|
|poke|p1|Delphox, L50, M|
|poke|p1|Kommo-o, L50, M|
|poke|p2|Incineroar, L50, M|
|poke|p2|Sinistcha, L50, shiny|
|poke|p2|Maushold-Four, L50|
|poke|p2|Delphox, L50, F|
|poke|p2|Sneasler, L50, M|
|poke|p2|Blastoise, L50, M|
|teampreview|4
|showteam|p1|Excadrill||FocusSash|SandRush|Earthquake,IronHead,HighHorsepower,Protect|Adamant||M|||50|]Tyranitar||Tyranitarite|SandStream|Crunch,RockSlide,Protect,IcePunch|Adamant||F|||50|]Corviknight||Leftovers|MirrorArmor|BraveBird,BulkUp,Roost,Tailwind|Adamant||F|||50|]Rotom-Wash||SitrusBerry|Levitate|Thunderbolt,HydroPump,WillOWisp,Protect|Bold|||||50|]Delphox||Delphoxite|Blaze|Psychic,HeatWave,NastyPlot,Protect|Timid||M|||50|]Kommo-o||ChoiceScarf|Soundproof|ClangingScales,DracoMeteor,AuraSphere,Flamethrower|Modest||M|||50|
|showteam|p2|Incineroar||SitrusBerry|Intimidate|FakeOut,DarkestLariat,FlareBlitz,PartingShot|Impish||M|||50|]Sinistcha||KasibBerry|Hospitality|MatchaGotcha,RagePowder,TrickRoom,Protect|Bold|||||50|]Maushold-Four||ChopleBerry|FriendGuard|SuperFang,Feint,FollowMe,Protect|Impish|||||50|]Delphox||Delphoxite|Blaze|HeatWave,Psyshock,NastyPlot,Protect|Timid||F|||50|]Sneasler||FocusSash|PoisonTouch|FakeOut,PoisonJab,CloseCombat,QuickGuard|Jolly||M|||50|]Blastoise||Blastoisinite|Torrent|WaterSpout,DarkPulse,ShellSmash,Protect|Modest||M|||50|
|
|t:|1783217335
|teamsize|p1|4
|teamsize|p2|4
|start
|switch|p1a: Tyranitar|Tyranitar, L50, F|100/100
|switch|p1b: Excadrill|Excadrill, L50, M|100/100
|switch|p2a: Delphox|Delphox, L50, F|100/100
|switch|p2b: Sneasler|Sneasler, L50, M|100/100
|-weather|Sandstorm|[from] ability: Sand Stream|[of] p1a: Tyranitar
|turn|1
|
|t:|1783217363
|detailschange|p2a: Delphox|Delphox-Mega, L50, F
|-mega|p2a: Delphox|Delphox|Delphoxite
|detailschange|p1a: Tyranitar|Tyranitar-Mega, L50, F
|-mega|p1a: Tyranitar|Tyranitar|Tyranitarite
|move|p1b: Excadrill|High Horsepower|p2b: Sneasler
|-supereffective|p2b: Sneasler|1
|-enditem|p2b: Sneasler|Focus Sash
|-damage|p2b: Sneasler|1/100
|move|p2a: Delphox|Heat Wave|p1a: Tyranitar|[spread] p1a,p1b
|-resisted|p1a: Tyranitar|1
|-supereffective|p1b: Excadrill|1
|-damage|p1a: Tyranitar|89/100
|-enditem|p1b: Excadrill|Focus Sash
|-damage|p1b: Excadrill|1/100
|move|p2b: Sneasler|Close Combat|p1a: Tyranitar
|-supereffective|p1a: Tyranitar|2
|-damage|p1a: Tyranitar|0 fnt
|-unboost|p2b: Sneasler|def|1
|-unboost|p2b: Sneasler|spd|1
|faint|p1a: Tyranitar
|
|-weather|Sandstorm|[upkeep]
|-damage|p2a: Delphox|93/100|[from] Sandstorm
|-damage|p2b: Sneasler|0 fnt|[from] Sandstorm
|faint|p2b: Sneasler
|upkeep
|
|t:|1783217375
|switch|p2b: Maushold|Maushold-Four, L50|100/100
|switch|p1a: Rotom|Rotom-Wash, L50|100/100
|turn|2
|
|t:|1783217384
|move|p2a: Delphox|Protect|p2a: Delphox
|-singleturn|p2a: Delphox|Protect
|move|p2b: Maushold|Feint|p1b: Excadrill
|-resisted|p1b: Excadrill|1
|-damage|p1b: Excadrill|0 fnt
|faint|p1b: Excadrill
|move|p1a: Rotom|Hydro Pump|p2b: Maushold
|-damage|p2b: Maushold|54/100
|
|-weather|Sandstorm|[upkeep]
|-damage|p2a: Delphox|87/100|[from] Sandstorm
|-damage|p2b: Maushold|48/100|[from] Sandstorm
|-damage|p1a: Rotom|94/100|[from] Sandstorm
|upkeep
|
|t:|1783217392
|switch|p1b: Kommo-o|Kommo-o, L50, M|100/100
|turn|3
|
|t:|1783217410
|move|p2b: Maushold|Follow Me|p2b: Maushold
|-singleturn|p2b: Maushold|move: Follow Me
|move|p1b: Kommo-o|Draco Meteor|p2b: Maushold
|-crit|p2b: Maushold
|-damage|p2b: Maushold|0 fnt
|-unboost|p1b: Kommo-o|spa|2
|faint|p2b: Maushold
|move|p2a: Delphox|Psyshock|p1b: Kommo-o
|-supereffective|p1b: Kommo-o|1
|-damage|p1b: Kommo-o|3/100
|move|p1a: Rotom|Hydro Pump|p2a: Delphox
|-supereffective|p2a: Delphox|1
|-damage|p2a: Delphox|15/100
|
|-weather|Sandstorm|[upkeep]
|-damage|p1b: Kommo-o|0 fnt|[from] Sandstorm
|-damage|p2a: Delphox|9/100|[from] Sandstorm
|-damage|p1a: Rotom|88/100|[from] Sandstorm
|faint|p1b: Kommo-o
|upkeep
|
|t:|1783217415
|switch|p2b: Gumball|Incineroar, L50, M|100/100
|-ability|p2b: Gumball|Intimidate|boost
|-unboost|p1a: Rotom|atk|1
|turn|4
|
|t:|1783217425
|move|p1a: Rotom|Protect|p1a: Rotom
|-singleturn|p1a: Rotom|Protect
|move|p2b: Gumball|Fake Out|p1a: Rotom
|-activate|p1a: Rotom|move: Protect
|move|p2a: Delphox|Nasty Plot|p2a: Delphox
|-boost|p2a: Delphox|spa|2
|
|-weather|Sandstorm|[upkeep]
|-damage|p2a: Delphox|3/100|[from] Sandstorm
|-damage|p1a: Rotom|82/100|[from] Sandstorm
|-damage|p2b: Gumball|94/100|[from] Sandstorm
|upkeep
|turn|5
|
|t:|1783217433
|move|p2a: Delphox|Protect|p2a: Delphox
|-singleturn|p2a: Delphox|Protect
|move|p1a: Rotom|Thunderbolt|p2a: Delphox
|-activate|p2a: Delphox|move: Protect
|move|p2b: Gumball|Darkest Lariat|p1a: Rotom
|-damage|p1a: Rotom|54/100
|
|-weather|none
|upkeep
|turn|6
|-message|circuitosomador forfeited.
|raw|circuitosomador's rating: 1159 → 1143(-16 for losing)
|raw|naibot2814's rating: 1288 → 1304(+16 for winning)
|
|win|naibot2814
|l|☆circuitosomador
|player|p1|
