|j|☆KodeBeast0526
|j|☆ShinyMacaroni1i
|html|KodeBeast0526ShinyMacaroni1i    
|uhtml|bestof|Game 1 of a best-of-3
|t:|1784758172
|gametype|doubles
|player|p1|KodeBeast0526|hiker|1124
|player|p2|ShinyMacaroni1i|101|1108
|gen|9
|tier|[Gen 9 Champions] VGC 2026 Reg M-B (Bo3)
|rated|
|rule|Species Clause: Limit one of each Pokémon
|rule|Item Clause: Limit 1 of each item
|clearpoke
|poke|p1|Tyranitar, L50, M|
|poke|p1|Excadrill, L50, M|
|poke|p1|Milotic, L50, F|
|poke|p1|Sinistcha, L50|
|poke|p1|Staraptor, L50, M|
|poke|p1|Gholdengo, L50|
|poke|p2|Talonflame, L50, M|
|poke|p2|Raichu, L50, F|
|poke|p2|Annihilape, L50, F|
|poke|p2|Vanilluxe, L50, M|
|poke|p2|Kingambit, L50, M|
|poke|p2|Gardevoir, L50, F|
|teampreview|4
|showteam|p1|Tyranitar||Tyranitarite|SandStream|KnockOff,RockSlide,HighHorsepower,Protect|Jolly||M|||50|]Excadrill||FocusSash|SandRush|Earthquake,IronHead,RockSlide,Protect|Adamant||M|||50|]Milotic||SitrusBerry|Competitive|Scald,IcyWind,Haze,Protect|Calm||F|||50|]Sinistcha||ColburBerry|Hospitality|MatchaGotcha,ShadowBall,Protect,RagePowder|Bold|||||50|]Staraptor||Staraptite|Intimidate|CloseCombat,BraveBird,Tailwind,Protect|Jolly||M|||50|]Gholdengo||LifeOrb|GoodasGold|MakeItRain,ShadowBall,NastyPlot,Protect|Modest|||||50|
|showteam|p2|Talonflame||ExpertBelt|GaleWings|DualWingbeat,Tailwind,FlareBlitz,Protect|Jolly||M|||50|]Raichu||RaichuniteY|LightningRod|ZapCannon,FocusBlast,FakeOut,Protect|Modest||F|||50|]Annihilape||SpellTag|Defiant|PhantomForce,CloseCombat,RockSlide,Protect|Adamant||F|||50|]Vanilluxe||ChoiceScarf|SnowWarning|Blizzard,FreezeDry,IceBeam,Explosion|Modest||M|||50|]Kingambit||LifeOrb|Defiant|SuckerPunch,KowtowCleave,IronHead,Protect|Adamant||M|||50|]Gardevoir||Gardevoirite|Trace|HyperVoice,Psychic,CalmMind,Protect|Modest||F|||50|
|
|t:|1784758224
|teamsize|p1|4
|teamsize|p2|4
|start
|switch|p1a: Gholdengo|Gholdengo, L50|100/100
|switch|p1b: Sinistcha|Sinistcha, L50|100/100
|switch|p2a: Raichu|Raichu, L50, F|100/100
|switch|p2b: Annihilape|Annihilape, L50, F|100/100
|turn|1
|
|t:|1784758257
|detailschange|p2a: Raichu|Raichu-Mega-Y, L50, F
|-mega|p2a: Raichu|Raichu|Raichunite Y
|move|p2a: Raichu|Zap Cannon|p1a: Gholdengo
|-damage|p1a: Gholdengo|26/100
|-status|p1a: Gholdengo|par
|move|p2b: Annihilape|Phantom Force||[still]
|-prepare|p2b: Annihilape|Phantom Force
|move|p1b: Sinistcha|Shadow Ball|p2b: Annihilape|[miss]
|-miss|p1b: Sinistcha|p2b: Annihilape
|cant|p1a: Gholdengo|par
|
|upkeep
|turn|2
|
|t:|1784758283
|move|p2a: Raichu|Protect|p2a: Raichu
|-singleturn|p2a: Raichu|Protect
|move|p1a: Gholdengo|Protect|p1a: Gholdengo
|-singleturn|p1a: Gholdengo|Protect
|move|p2b: Annihilape|Phantom Force|p1b: Sinistcha|[from] lockedmove
|-supereffective|p1b: Sinistcha|1
|-damage|p1b: Sinistcha|16/100
|move|p1b: Sinistcha|Matcha Gotcha|p2b: Annihilape|[spread] 
|-activate|p2a: Raichu|move: Protect
|-miss|p1b: Sinistcha|p2b: Annihilape
|
|upkeep
|turn|3
|
|t:|1784758327
|move|p1b: Sinistcha|Rage Powder|p1b: Sinistcha
|-singleturn|p1b: Sinistcha|move: Rage Powder
|move|p2a: Raichu|Zap Cannon|p1b: Sinistcha
|-resisted|p1b: Sinistcha|1
|-damage|p1b: Sinistcha|0 fnt
|faint|p1b: Sinistcha
|move|p2b: Annihilape|Phantom Force||[still]
|-prepare|p2b: Annihilape|Phantom Force
|cant|p1a: Gholdengo|par
|
|upkeep
|
|t:|1784758340
|switch|p1b: Excadrill|Excadrill, L50, M|100/100
|turn|4
|
|t:|1784758372
|switch|p2a: Kingambit|Kingambit, L50, M|100/100
|move|p2b: Annihilape|Phantom Force|p1b: Excadrill|[from] lockedmove
|-damage|p1b: Excadrill|18/100
|move|p1b: Excadrill|Earthquake|p2a: Kingambit|[spread] p1a,p2a,p2b
|-supereffective|p1a: Gholdengo|1
|-supereffective|p2a: Kingambit|1
|-damage|p1a: Gholdengo|0 fnt
|-damage|p2a: Kingambit|30/100
|-damage|p2b: Annihilape|49/100
|faint|p1a: Gholdengo
|
|upkeep
|
|t:|1784758380
|switch|p1a: Tyranitar|Tyranitar, L50, M|100/100
|-weather|Sandstorm|[from] ability: Sand Stream|[of] p1a: Tyranitar
|turn|5
|
|t:|1784758388
|move|p2a: Kingambit|Sucker Punch|p1b: Excadrill
|-damage|p1b: Excadrill|0 fnt
|faint|p1b: Excadrill
|-damage|p2a: Kingambit|20/100y|[from] item: Life Orb
|move|p2b: Annihilape|Close Combat|p1a: Tyranitar
|-supereffective|p1a: Tyranitar|2
|-damage|p1a: Tyranitar|0 fnt
|-unboost|p2b: Annihilape|def|1
|-unboost|p2b: Annihilape|spd|1
|faint|p1a: Tyranitar
|
|win|ShinyMacaroni1i
