|j|☆EddyG_7889
|j|☆nagc_17
|html|EddyG_7889nagc_17    
|uhtml|bestof|Game 1 of a best-of-3
|t:|1785122817
|gametype|doubles
|player|p1|EddyG_7889|elesa|
|player|p2|nagc_17|scientist|
|gen|9
|tier|[Gen 9 Champions] VGC 2026 Reg M-B (Bo3)
|rule|Species Clause: Limit one of each Pokémon
|rule|Item Clause: Limit 1 of each item
|clearpoke
|poke|p1|Delphox, L50, M|
|poke|p1|Whimsicott, L50, F|
|poke|p1|Alcremie, L50, F|
|poke|p1|Ceruledge, L50, F|
|poke|p1|Pangoro, L50, M|
|poke|p1|Mimikyu, L50, F|
|poke|p2|Charizard, L50, F|
|poke|p2|Garchomp, L50, F|
|poke|p2|Sneasler, L50, F|
|poke|p2|Venusaur, L50, M|
|poke|p2|Milotic, L50, M|
|poke|p2|Ampharos, L50, M|
|teampreview|4
|showteam|p1|Delphox||Delphoxite|Blaze|HeatWave,Psychic,Encore,Protect|Timid||M|||50|]Whimsicott||FocusSash|Prankster|Moonblast,Tailwind,SunnyDay,Protect|Timid||F|||50|]Alcremie||SitrusBerry|SweetVeil|Decorate,DazzlingGleam,HelpingHand,Protect|Calm||F|||50|]Ceruledge||ColburBerry|FlashFire|BitterBlade,ShadowSneak,BulkUp,Protect|Adamant||F|||50|]Pangoro||CobaBerry|Scrappy|StormThrow,KnockOff,RockSlide,Detect|Adamant||M|||50|]Mimikyu||LifeOrb|Disguise|TrickRoom,PlayRough,WoodHammer,Taunt|Adamant||F|||50|
|showteam|p2|Charizard||CharizarditeY|Blaze|HeatWave,SolarBeam,Protect,ScorchingSands|Timid||F|||50|]Garchomp||SitrusBerry|RoughSkin|Earthquake,DragonClaw,Protect,RockSlide|Adamant||F|||50|]Sneasler||WhiteHerb|Unburden|CloseCombat,DireClaw,FakeOut,Protect|Adamant||F|||50|]Venusaur||FocusSash|Chlorophyll|SleepPowder,SludgeBomb,Protect,GigaDrain|Timid||M|||50|]Milotic||Leftovers|MarvelScale|IcyWind,Recover,Scald,Protect|Bold||M|||50|]Ampharos||Ampharosite|Static|DragonPulse,ParabolicCharge,Protect,LightScreen|Modest||M|||50|
|
|t:|1785122867
|teamsize|p1|4
|teamsize|p2|4
|start
|switch|p1a: Palomita|Whimsicott, L50, F|100/100
|switch|p1b: Kyubei|Mimikyu, L50, F|100/100
|switch|p2a: Garchomp|Garchomp, L50, F|100/100
|switch|p2b: Milotic|Milotic, L50, M|100/100
|turn|1
|
|t:|1785122910
|move|p2a: Garchomp|Protect|p2a: Garchomp
|-singleturn|p2a: Garchomp|Protect
|move|p1a: Palomita|Tailwind|p1a: Palomita
|-sidestart|p1: EddyG_7889|move: Tailwind
|move|p1b: Kyubei|Wood Hammer|p2b: Milotic
|-supereffective|p2b: Milotic|1
|-damage|p2b: Milotic|26/100
|-damage|p1b: Kyubei|69/100|[from] Recoil
|-damage|p1b: Kyubei|59/100|[from] item: Life Orb
|move|p2b: Milotic|Icy Wind|p1b: Kyubei|[spread] p1b
|-miss|p2b: Milotic|p1a: Palomita
|-activate|p1b: Kyubei|ability: Disguise
|-damage|p1b: Kyubei|59/100
|-unboost|p1b: Kyubei|spe|1
|detailschange|p1b: Kyubei|Mimikyu-Busted, L50, F
|-damage|p1b: Kyubei|47/100|[from] pokemon: Mimikyu-Busted
|
|-heal|p2b: Milotic|32/100|[from] item: Leftovers
|upkeep
|turn|2
|
|t:|1785123007
|move|p1a: Palomita|Moonblast|p2a: Garchomp
|-supereffective|p2a: Garchomp|1
|-damage|p2a: Garchomp|34/100
|-enditem|p2a: Garchomp|Sitrus Berry|[eat]
|-heal|p2a: Garchomp|59/100|[from] item: Sitrus Berry
|move|p1b: Kyubei|Play Rough|p2a: Garchomp
|-supereffective|p2a: Garchomp|1
|-damage|p2a: Garchomp|0 fnt
|-damage|p1b: Kyubei|35/100|[from] ability: Rough Skin|[of] p2a: Garchomp
|faint|p2a: Garchomp
|-damage|p1b: Kyubei|25/100|[from] item: Life Orb
|move|p2b: Milotic|Scald|p1b: Kyubei
|-damage|p1b: Kyubei|0 fnt
|faint|p1b: Kyubei
|
|-heal|p2b: Milotic|38/100|[from] item: Leftovers
|upkeep
|
|t:|1785123044
|switch|p2a: Sneasler|Sneasler, L50, F|100/100
|switch|p1b: Madoka|Delphox, L50, M|100/100
|turn|3
|
|t:|1785123076
|detailschange|p1b: Madoka|Delphox-Mega, L50, M
|-mega|p1b: Madoka|Delphox|Delphoxite
|move|p1a: Palomita|Protect|p1a: Palomita
|-singleturn|p1a: Palomita|Protect
|move|p1b: Madoka|Protect|p1b: Madoka
|-singleturn|p1b: Madoka|Protect
|move|p2a: Sneasler|Fake Out|p1a: Palomita
|-activate|p1a: Palomita|move: Protect
|move|p2b: Milotic|Scald|p1b: Madoka
|-activate|p1b: Madoka|move: Protect
|
|-heal|p2b: Milotic|44/100|[from] item: Leftovers
|upkeep
|turn|4
|
|t:|1785123104
|move|p1a: Palomita|Sunny Day|p1a: Palomita
|-weather|SunnyDay
|move|p1b: Madoka|Psychic|p2a: Sneasler
|-supereffective|p2a: Sneasler|2
|-damage|p2a: Sneasler|0 fnt
|faint|p2a: Sneasler
|move|p2b: Milotic|Scald|p1b: Madoka
|-supereffective|p1b: Madoka|1
|-damage|p1b: Madoka|73/100
|
|-weather|SunnyDay|[upkeep]
|-heal|p2b: Milotic|50/100g|[from] item: Leftovers
|-sideend|p1: EddyG_7889|move: Tailwind
|upkeep
|
|t:|1785123113
|switch|p2a: Venusaur|Venusaur, L50, M|100/100
|turn|5
|
|t:|1785123147
|move|p1a: Palomita|Tailwind|p1a: Palomita
|-sidestart|p1: EddyG_7889|move: Tailwind
|move|p1b: Madoka|Heat Wave|p2b: Milotic|[spread] p2a,p2b
|-supereffective|p2a: Venusaur|1
|-resisted|p2b: Milotic|1
|-enditem|p2a: Venusaur|Focus Sash
|-damage|p2a: Venusaur|1/100
|-damage|p2b: Milotic|29/100
|move|p2a: Venusaur|Sleep Powder|p1b: Madoka|[miss]
|-miss|p2a: Venusaur|p1b: Madoka
|move|p2b: Milotic|Icy Wind|p1a: Palomita|[spread] p1a,p1b
|-supereffective|p1a: Palomita|1
|-resisted|p1b: Madoka|1
|-damage|p1a: Palomita|66/100
|-damage|p1b: Madoka|69/100
|-unboost|p1a: Palomita|spe|1
|-unboost|p1b: Madoka|spe|1
|
|-weather|SunnyDay|[upkeep]
|-heal|p2b: Milotic|35/100|[from] item: Leftovers
|upkeep
|turn|6
|
|t:|1785123201
|move|p2a: Venusaur|Sludge Bomb|p1a: Palomita
|-supereffective|p1a: Palomita|2
|-damage|p1a: Palomita|0 fnt
|faint|p1a: Palomita
|move|p1b: Madoka|Heat Wave|p2a: Venusaur|[spread] p2a
|-miss|p1b: Madoka|p2b: Milotic
|-supereffective|p2a: Venusaur|1
|-damage|p2a: Venusaur|0 fnt
|faint|p2a: Venusaur
|move|p2b: Milotic|Recover|p2b: Milotic
|-heal|p2b: Milotic|85/100
|
|-weather|SunnyDay|[upkeep]
|-heal|p2b: Milotic|91/100|[from] item: Leftovers
|upkeep
|
|t:|1785123211
|switch|p1a: Made N China|Pangoro, L50, M|100/100
|turn|7
|
|t:|1785123221
|move|p1b: Madoka|Encore|p2b: Milotic
|-start|p2b: Milotic|Encore
|move|p1a: Made N China|Knock Off|p2b: Milotic
|-damage|p2b: Milotic|48/100
|-enditem|p2b: Milotic|Leftovers|[from] move: Knock Off|[of] p1a: Made N China
|move|p2b: Milotic|Recover|p2b: Milotic
|-heal|p2b: Milotic|98/100
|
|-weather|SunnyDay|[upkeep]
|upkeep
|turn|8
|
|t:|1785123237
|move|p1b: Madoka|Psychic|p2b: Milotic
|-damage|p2b: Milotic|59/100
|move|p1a: Made N China|Storm Throw|p2b: Milotic
|-crit|p2b: Milotic
|-damage|p2b: Milotic|14/100
|move|p2b: Milotic|Recover|p2b: Milotic
|-heal|p2b: Milotic|64/100
|
|-weather|none
|-sideend|p1: EddyG_7889|move: Tailwind
|upkeep
|turn|9
|
|t:|1785123253
|move|p1b: Madoka|Psychic|p2b: Milotic
|-damage|p2b: Milotic|28/100
|move|p2b: Milotic|Recover|p2b: Milotic
|-heal|p2b: Milotic|78/100
|move|p1a: Made N China|Storm Throw|p2b: Milotic
|-crit|p2b: Milotic
|-damage|p2b: Milotic|39/100
|
|-end|p2b: Milotic|Encore
|upkeep
|turn|10
|
|t:|1785123269
|move|p1b: Madoka|Psychic|p2b: Milotic
|-damage|p2b: Milotic|1/100
|move|p2b: Milotic|Scald|p1b: Madoka
|-supereffective|p1b: Madoka|1
|-damage|p1b: Madoka|18/100
|move|p1a: Made N China|Storm Throw|p2b: Milotic
|-crit|p2b: Milotic
|-damage|p2b: Milotic|0 fnt
|faint|p2b: Milotic
|
|win|EddyG_7889
||EddyG_7889 is ready for game 2.
|inactive|nagc_17 has 30 seconds to confirm battle start!
||nagc_17 is ready for game 2.
|uhtml|next|Next: Game 2 of 3
