|j|☆medwar
|j|☆samworldwide
|html|medwarsamworldwide    
|uhtml|bestof|Game 2 of a best-of-3
|t:|1757812395
|gametype|doubles
|player|p1|medwar|dawn|1104
|player|p2|samworldwide|psychic-gen3|1081
|gen|9
|tier|[Gen 9] VGC 2025 Reg H (Bo3)
|rated|
|rule|Species Clause: Limit one of each Pokémon
|rule|Item Clause: Limit 1 of each item
|clearpoke
|poke|p1|Annihilape, L50, M|
|poke|p1|Tsareena, L50, F|
|poke|p1|Ninetales-Alola, L50, M|
|poke|p1|Ursaluna-Bloodmoon, L50, M|
|poke|p1|Basculegion, L50, M|
|poke|p1|Incineroar, L50, F|
|poke|p2|Garchomp, L50, M|
|poke|p2|Hydreigon, L50, F|
|poke|p2|Typhlosion-Hisui, L50, M|
|poke|p2|Venusaur, L50, M|
|poke|p2|Torkoal, L50, M|
|poke|p2|Whimsicott, L50, F|
|teampreview|4
|showteam|p1|Annihilape||SafetyGoggles|Defiant|DrainPunch,RageFist,Protect,BulkUp|||M|||50|,,,,,Fire]Tsareena||Leftovers|QueenlyMajesty|TropKick,Protect,Taunt,Trailblaze|||F|||50|,,,,,Fire]Ninetales-Alola||FocusSash|SnowWarning|IcicleSpear,AuroraVeil,FreezeDry,Blizzard|||M|||50|,,,,,Poison]Ursaluna-Bloodmoon||AssaultVest|MindsEye|Moonblast,BloodMoon,HyperVoice,EarthPower|||M|||50|,,,,,Fairy]Basculegion||ChoiceScarf|Adaptability|TeraBlast,LastRespects,WaveCrash,FlipTurn|||M|||50|,,,,,Fairy]Incineroar||RockyHelmet|Intimidate|FakeOut,PartingShot,FlareBlitz,KnockOff|||F|||50|,,,,,Ghost
|showteam|p2|Garchomp||ClearAmulet|RoughSkin|StompingTantrum,DragonClaw,Earthquake,Protect|||M|||50|,,,,,Steel]Hydreigon||LifeOrb|Levitate|DracoMeteor,DarkPulse,HeatWave,Protect|||F|||50|,,,,,Poison]Typhlosion-Hisui||ChoiceSpecs|Blaze|Eruption,HeatWave,SolarBeam,ShadowBall|||M|||50|,,,,,Fire]Venusaur||FocusSash|Chlorophyll|GrassKnot,WeatherBall,SleepPowder,Protect|||M|||50|,,,,,Fire]Torkoal||EjectPack|Drought|Overheat,Eruption,HelpingHand,Protect|||M|||50|,,,,,Flying]Whimsicott||CovertCloak|Prankster|Moonblast,SunnyDay,Tailwind,Encore|||F|||50|,,,,,Water
|
|t:|1757812422
|teamsize|p1|4
|teamsize|p2|4
|start
|switch|p1a: Ninetales|Ninetales-Alola, L50, M|100/100
|switch|p1b: Incineroar|Incineroar, L50, F, shiny|100/100
|switch|p2a: Garchomp|Garchomp, L50, M|100/100
|switch|p2b: Torkoal|Torkoal, L50, M|100/100
|-weather|Snowscape|[from] ability: Snow Warning|[of] p1a: Ninetales
|-ability|p1b: Incineroar|Intimidate|boost
|-fail|p2a: Garchomp|unboost|[from] item: Clear Amulet|[of] p2a: Garchomp
|-unboost|p2b: Torkoal|atk|1
|-weather|SunnyDay|[from] ability: Drought|[of] p2b: Torkoal
|-enditem|p2b: Torkoal|Eject Pack
|
|t:|1757812444
|switch|p2b: Venusaur|Venusaur, L50, M|100/100
|turn|1
|
|t:|1757812470
|-terastallize|p2a: Garchomp|Steel
|move|p1b: Incineroar|Fake Out|p2b: Venusaur
|-damage|p2b: Venusaur|86/100
|cant|p2b: Venusaur|flinch
|move|p1a: Ninetales|Freeze-Dry|p2a: Garchomp
|-resisted|p2a: Garchomp
|-damage|p2a: Garchomp|84/100
|move|p2a: Garchomp|Stomping Tantrum|p1b: Incineroar
|-supereffective|p1b: Incineroar
|-damage|p1b: Incineroar|34/100
|-damage|p2a: Garchomp|68/100|[from] item: Rocky Helmet|[of] p1b: Incineroar
|
|-weather|SunnyDay|[upkeep]
|upkeep
|turn|2
|
|t:|1757812494
|switch|p1a: Annihilape|Annihilape, L50, M, shiny|100/100
|move|p2b: Venusaur|Protect|p2b: Venusaur
|-singleturn|p2b: Venusaur|Protect
|move|p2a: Garchomp|Earthquake|p1b: Incineroar|[spread] p1a,p1b
|-activate|p2b: Venusaur|move: Protect
|-supereffective|p1b: Incineroar
|-damage|p1a: Annihilape|60/100
|-damage|p1b: Incineroar|0 fnt
|faint|p1b: Incineroar
|
|-weather|SunnyDay|[upkeep]
|upkeep
|
|t:|1757812508
|switch|p1b: Ninetales|Ninetales-Alola, L50, M|100/100
|-weather|Snowscape|[from] ability: Snow Warning|[of] p1b: Ninetales
|turn|3
|
|t:|1757812536
|switch|p2a: Torkoal|Torkoal, L50, M|100/100
|-weather|SunnyDay|[from] ability: Drought|[of] p2a: Torkoal
|move|p2b: Venusaur|Weather Ball|p1b: Ninetales
|-supereffective|p1b: Ninetales
|-enditem|p1b: Ninetales|Focus Sash
|-damage|p1b: Ninetales|1/100
|move|p1b: Ninetales|Aurora Veil||[still]
|-fail|p1b: Ninetales
|move|p1a: Annihilape|Drain Punch|p2a: Torkoal
|-damage|p2a: Torkoal|78/100
|-heal|p1a: Annihilape|70/100|[from] drain|[of] p2a: Torkoal
|
|-weather|SunnyDay|[upkeep]
|upkeep
|turn|4
|
|t:|1757812586
|switch|p1b: Basculegion|Basculegion, L50, M|100/100
|move|p2b: Venusaur|Grass Knot|p1b: Basculegion
|-supereffective|p1b: Basculegion
|-damage|p1b: Basculegion|0 fnt
|faint|p1b: Basculegion
|move|p1a: Annihilape|Rage Fist|p2a: Torkoal
|-damage|p2a: Torkoal|46/100
|move|p2a: Torkoal|Overheat|p1a: Annihilape
|-damage|p1a: Annihilape|10/100
|-unboost|p2a: Torkoal|spa|2
|
|-weather|SunnyDay|[upkeep]
|upkeep
|
|t:|1757812608
|switch|p1b: Ninetales|Ninetales-Alola, L50, M|1/100
|-weather|Snowscape|[from] ability: Snow Warning|[of] p1b: Ninetales
|turn|5
|
|t:|1757812622
|move|p1b: Ninetales|Blizzard|p2b: Venusaur|[spread] p2a,p2b
|-resisted|p2a: Torkoal
|-supereffective|p2b: Venusaur
|-damage|p2a: Torkoal|31/100
|-damage|p2b: Venusaur|9/100
|-status|p2b: Venusaur|frz
|move|p1a: Annihilape|Drain Punch|p2a: Torkoal
|-damage|p2a: Torkoal|8/100
|-heal|p1a: Annihilape|20/100|[from] drain|[of] p2a: Torkoal
|cant|p2b: Venusaur|frz
|move|p2a: Torkoal|Eruption|p1b: Ninetales|[spread] p1a,p1b
|-supereffective|p1b: Ninetales
|-damage|p1a: Annihilape|18/100
|-damage|p1b: Ninetales|0 fnt
|faint|p1b: Ninetales
|
|-weather|Snowscape|[upkeep]
|upkeep
|turn|6
|
|t:|1757812648
|move|p1a: Annihilape|Drain Punch|p2a: Torkoal
|-damage|p2a: Torkoal|0 fnt
|-heal|p1a: Annihilape|22/100|[from] drain|[of] p2a: Torkoal
|faint|p2a: Torkoal
|cant|p2b: Venusaur|frz
|
|-weather|Snowscape|[upkeep]
|upkeep
|
|t:|1757812653
|switch|p2a: Garchomp|Garchomp, L50, M, tera:Steel|68/100
|turn|7
|
|t:|1757812661
|cant|p2b: Venusaur|frz
|move|p2a: Garchomp|Stomping Tantrum|p1a: Annihilape
|-damage|p1a: Annihilape|0 fnt
|faint|p1a: Annihilape
|
|win|samworldwide
|raw|medwar's rating: 1104 → 1077(-27 for losing)
|raw|samworldwide's rating: 1081 → 1111(+30 for winning)
