|j|☆lukashz
|j|☆ParroTiest
|html|lukashzParroTiest    
|uhtml|bestof|Game 1 of a best-of-3
|t:|1782960937
|gametype|doubles
|player|p1|lukashz|elesa|1288
|player|p2|ParroTiest|wallace|1252
|gen|9
|tier|[Gen 9 Champions] VGC 2026 Reg M-B (Bo3)
|rated|
|rule|Species Clause: Limit one of each Pokémon
|rule|Item Clause: Limit 1 of each item
|clearpoke
|poke|p1|Chandelure, L50, M|
|poke|p1|Kangaskhan, L50, F|
|poke|p1|Basculegion, L50, M|
|poke|p1|Sylveon, L50, M|
|poke|p1|Kingambit, L50, M|
|poke|p1|Sneasler, L50, M|
|poke|p2|Grimmsnarl, L50, M|
|poke|p2|Swampert, L50, F|
|poke|p2|Pelipper, L50, F|
|poke|p2|Archaludon, L50, F|
|poke|p2|Gholdengo, L50|
|poke|p2|Venusaur, L50, F|
|teampreview|4
|showteam|p1|Chandelure||FocusSash|FlashFire|HeatWave,ShadowBall,TrickRoom,Taunt|Quiet||M|||50|]Kangaskhan||Kangaskhanite|InnerFocus|FakeOut,Facade,DoubleEdge,SuckerPunch|Brave||F|||50|]Basculegion||MysticWater|Adaptability|WaveCrash,LastRespects,AquaJet,Protect|Brave||M|||50|]Sylveon||FairyFeather|Pixilate|HyperVoice,Protect,HyperBeam,QuickAttack|Quiet||M|||50|]Kingambit||BlackGlasses|Defiant|KowtowCleave,SuckerPunch,IronHead,LowKick|Brave||M|||50|]Sneasler||MentalHerb|Unburden|FakeOut,Coaching,CloseCombat,DireClaw|Jolly||M|||50|
|showteam|p2|Grimmsnarl||LightClay|Prankster|PartingShot,Reflect,LightScreen,SpiritBreak|Calm||M|||50|]Swampert||Swampertite|Torrent|WaveCrash,Earthquake,IcePunch,Protect|Jolly||F|||50|]Pelipper||LifeOrb|Drizzle|WeatherBall,Hurricane,Tailwind,Protect|Modest||F|||50|]Archaludon||Leftovers|Stamina|FlashCannon,ElectroShot,DragonPulse,Protect|Modest||F|||50|]Gholdengo||SitrusBerry|GoodasGold|MakeItRain,ShadowBall,NastyPlot,Protect|Modest|||||50|]Venusaur||Venusaurite|Chlorophyll|GigaDrain,SludgeBomb,EarthPower,Protect|Modest||F|||50|
|inactive|Battle timer is ON: inactive players will automatically lose when time's up. (requested by ParroTiest)
|inactive|lukashz has 60 seconds left.
|inactive|ParroTiest has 60 seconds left.
|inactive|lukashz has 30 seconds left.
|inactive|ParroTiest has 30 seconds left.
|inactive|ParroTiest has 20 seconds left.
|
|t:|1782961008
|teamsize|p1|4
|teamsize|p2|4
|start
|switch|p1a: Sylveon|Sylveon, L50, M|100/100
|switch|p1b: Sneasler|Sneasler, L50, M|100/100
|switch|p2a: Pelipper|Pelipper, L50, F|100/100
|switch|p2b: Swampert|Swampert, L50, F|100/100
|-weather|RainDance|[from] ability: Drizzle|[of] p2a: Pelipper
|turn|1
|
|t:|1782961031
|detailschange|p2b: Swampert|Swampert-Mega, L50, F
|-mega|p2b: Swampert|Swampert|Swampertite
|move|p2b: Swampert|Protect|p2b: Swampert
|-singleturn|p2b: Swampert|Protect
|move|p2a: Pelipper|Protect|p2a: Pelipper
|-singleturn|p2a: Pelipper|Protect
|move|p1b: Sneasler|Coaching|p1a: Sylveon
|-boost|p1a: Sylveon|atk|1
|-boost|p1a: Sylveon|def|1
|move|p1a: Sylveon|Hyper Voice|p2a: Pelipper|[spread] 
|-activate|p2a: Pelipper|move: Protect
|-activate|p2b: Swampert|move: Protect
|
|-weather|RainDance|[upkeep]
|upkeep
|turn|2
|
|t:|1782961048
|switch|p1b: Kangaskhan|Kangaskhan, L50, F|100/100
|move|p1a: Sylveon|Protect|p1a: Sylveon
|-singleturn|p1a: Sylveon|Protect
|move|p2b: Swampert|Earthquake|p1b: Kangaskhan|[spread] p1b
|-activate|p1a: Sylveon|move: Protect
|-immune|p2a: Pelipper
|-damage|p1b: Kangaskhan|60/100
|move|p2a: Pelipper|Weather Ball|p1a: Sylveon
|-activate|p1a: Sylveon|move: Protect
|
|-weather|RainDance|[upkeep]
|upkeep
|turn|3
|
|t:|1782961068
|detailschange|p1b: Kangaskhan|Kangaskhan-Mega, L50, F
|-mega|p1b: Kangaskhan|Kangaskhan|Kangaskhanite
|move|p1b: Kangaskhan|Fake Out|p2b: Swampert
|-damage|p2b: Swampert|83/100
|-damage|p2b: Swampert|79/100
|-hitcount|p2b: Swampert|2
|cant|p2b: Swampert|flinch
|move|p2a: Pelipper|Weather Ball|p1a: Sylveon
|-damage|p1a: Sylveon|37/100
|-damage|p2a: Pelipper|90/100|[from] item: Life Orb
|move|p1a: Sylveon|Hyper Voice|p2a: Pelipper|[spread] p2a,p2b
|-damage|p2a: Pelipper|29/100
|-damage|p2b: Swampert|38/100
|
|-weather|RainDance|[upkeep]
|upkeep
|turn|4
|
|t:|1782961091
|move|p1a: Sylveon|Protect|p1a: Sylveon
|-singleturn|p1a: Sylveon|Protect
|move|p1b: Kangaskhan|Sucker Punch|p2a: Pelipper
|-damage|p2a: Pelipper|3/100
|-damage|p2a: Pelipper|0 fnt
|faint|p2a: Pelipper
|-hitcount|p2: Pelipper|2
|move|p2b: Swampert|Wave Crash|p1b: Kangaskhan
|-damage|p1b: Kangaskhan|0 fnt
|faint|p1b: Kangaskhan
|-damage|p2b: Swampert|17/100|[from] Recoil
|
|-weather|RainDance|[upkeep]
|upkeep
|
|t:|1782961107
|switch|p1b: Sneasler|Sneasler, L50, M|100/100
|switch|p2a: Gholdengo|Gholdengo, L50|100/100
|turn|5
|
|t:|1782961135
|move|p2b: Swampert|Protect|p2b: Swampert
|-singleturn|p2b: Swampert|Protect
|move|p1b: Sneasler|Fake Out|p2b: Swampert
|-activate|p2b: Swampert|move: Protect
|move|p1a: Sylveon|Quick Attack|p2b: Swampert
|-activate|p2b: Swampert|move: Protect
|move|p2a: Gholdengo|Make It Rain|p1a: Sylveon|[spread] p1a,p1b
|-supereffective|p1a: Sylveon|1
|-damage|p1a: Sylveon|0 fnt
|-damage|p1b: Sneasler|43/100
|-unboost|p2a: Gholdengo|spa|2
|faint|p1a: Sylveon
|
|-weather|none
|upkeep
|
|t:|1782961139
|switch|p1a: Basculegion|Basculegion, L50, M|100/100
|turn|6
|
|t:|1782961163
|switch|p2a: Archaludon|Archaludon, L50, F|100/100
|move|p2b: Swampert|Protect|p2b: Swampert
|-singleturn|p2b: Swampert|Protect
|move|p1b: Sneasler|Close Combat|p2b: Swampert
|-activate|p2b: Swampert|move: Protect
|move|p1a: Basculegion|Last Respects|p2b: Swampert
|-activate|p2b: Swampert|move: Protect
|
|upkeep
|turn|7
|
|t:|1782961181
|move|p1b: Sneasler|Coaching|p1a: Basculegion
|-boost|p1a: Basculegion|atk|1
|-boost|p1a: Basculegion|def|1
|move|p2b: Swampert|Wave Crash|p1a: Basculegion
|-resisted|p1a: Basculegion|1
|-damage|p1a: Basculegion|74/100
|-damage|p2b: Swampert|7/100|[from] Recoil
|move|p2a: Archaludon|Dragon Pulse|p1b: Sneasler
|-damage|p1b: Sneasler|0 fnt
|faint|p1b: Sneasler
|move|p1a: Basculegion|Last Respects|p2a: Archaludon
|-damage|p2a: Archaludon|0 fnt
|faint|p2a: Archaludon
|
|upkeep
|
|t:|1782961186
|switch|p2a: Gholdengo|Gholdengo, L50|100/100
|turn|8
|
|t:|1782961203
|move|p2a: Gholdengo|Protect|p2a: Gholdengo
|-singleturn|p2a: Gholdengo|Protect
|move|p1a: Basculegion|Aqua Jet|p2a: Gholdengo
|-activate|p2a: Gholdengo|move: Protect
|move|p2b: Swampert|Earthquake|p1a: Basculegion|[spread] p1a
|-activate|p2a: Gholdengo|move: Protect
|-damage|p1a: Basculegion|43/100
|
|upkeep
|turn|9
|inactive|ParroTiest has 30 seconds left.
|
|t:|1782961237
|move|p1a: Basculegion|Aqua Jet|p2a: Gholdengo
|-damage|p2a: Gholdengo|52/100
|move|p2b: Swampert|Wave Crash|p1a: Basculegion
|-resisted|p1a: Basculegion|1
|-damage|p1a: Basculegion|18/100
|-damage|p2b: Swampert|0 fnt|[from] Recoil
|faint|p2b: Swampert
|move|p2a: Gholdengo|Shadow Ball|p1a: Basculegion
|-supereffective|p1a: Basculegion|1
|-damage|p1a: Basculegion|0 fnt
|faint|p1a: Basculegion
|
|win|ParroTiest
||ParroTiest is ready for game 2.
||lukashz is ready for game 2.
|uhtml|next|Next: Game 2 of 3
|l|☆ParroTiest
|player|p2|
