|j|☆IceFlames
|j|☆Popfor
|html|IceFlamesPopfor    
|uhtml|bestof|Game 1 of a best-of-3
|t:|1756638871
|gametype|doubles
|player|p1|IceFlames|blackbelt-gen1|1095
|player|p2|Popfor|170|1143
|gen|9
|tier|[Gen 9] VGC 2025 Reg H (Bo3)
|rated|
|rule|Species Clause: Limit one of each Pokémon
|rule|Item Clause: Limit 1 of each item
|clearpoke
|poke|p1|Poliwrath, L50, M|
|poke|p1|Gholdengo, L50|
|poke|p1|Archaludon, L50, F|
|poke|p1|Pelipper, L50, M|
|poke|p1|Amoonguss, L50, M|
|poke|p1|Incineroar, L50, M|
|poke|p2|Ursaluna, L50, M|
|poke|p2|Indeedee-F, L50, F|
|poke|p2|Exeggutor, L50, F|
|poke|p2|Torkoal, L50, M|
|poke|p2|Gallade, L50, M|
|poke|p2|Zoroark-Hisui, L50, M|
|teampreview|4
|showteam|p1|Poliwrath||LifeOrb|SwiftSwim|CloseCombat,Liquidation,Haze,Protect|||M|||50|,,,,,Stellar]Gholdengo||Leftovers|GoodasGold|MakeItRain,ShadowBall,NastyPlot,Protect||||||50|,,,,,Water]Archaludon||AssaultVest|Stamina|ElectroShot,BodyPress,FlashCannon,DragonPulse|||F|||50|,,,,,Bug]Pelipper||FocusSash|Drizzle|Hurricane,WeatherBall,Tailwind,Protect|||M|||50|,,,,,Ground]Amoonguss||CovertCloak|Regenerator|Spore,PollenPuff,RagePowder,Protect|||M|||50|,,,,,Fire]Incineroar||SafetyGoggles|Intimidate|FakeOut,KnockOff,Taunt,PartingShot|||M|||50|,,,,,Ghost
|showteam|p2|Ursaluna||FlameOrb|Guts|Protect,Facade,Earthquake,HeadlongRush|||M|||50|,,,,,Ghost]Indeedee-F||PsychicSeed|PsychicSurge|TrickRoom,Psychic,FollowMe,HelpingHand|||F|||50|,,,,,Grass]Exeggutor||FocusSash|Chlorophyll|TrickRoom,ExpandingForce,EnergyBall,SleepPowder|||F|||50|,,,,,Psychic]Torkoal||Charcoal|Drought|Eruption,ClearSmog,Protect,WeatherBall|||M|||50|,,,,,Fire]Gallade||ClearAmulet|Sharpness|PsychoCut,TrickRoom,WideGuard,SacredSword|||M|||50|,,,,,Fire]Zoroark-Hisui||ChoiceSpecs|Illusion|HyperVoice,Flamethrower,ShadowBall,TeraBlast|||M|||50|,,,,,Stellar
|
|t:|1756638912
|teamsize|p1|4
|teamsize|p2|4
|start
|switch|p1a: Amoonguss|Amoonguss, L50, M|100/100
|switch|p1b: Incineroar|Incineroar, L50, M|100/100
|switch|p2a: Indeedee|Indeedee-F, L50, F|100/100
|switch|p2b: Exeggutor|Exeggutor, L50, F|100/100
|-ability|p1b: Incineroar|Intimidate|boost
|-unboost|p2a: Indeedee|atk|1
|-unboost|p2b: Exeggutor|atk|1
|-fieldstart|move: Psychic Terrain|[from] ability: Psychic Surge|[of] p2a: Indeedee
|-enditem|p2a: Indeedee|Psychic Seed
|-boost|p2a: Indeedee|spd|1|[from] item: Psychic Seed
|turn|1
|
|t:|1756638943
|move|p2a: Indeedee|Psychic|p1a: Amoonguss
|-supereffective|p1a: Amoonguss
|-damage|p1a: Amoonguss|33/100
|move|p1b: Incineroar|Taunt|p2b: Exeggutor
|-start|p2b: Exeggutor|move: Taunt
|move|p1a: Amoonguss|Spore|p2a: Indeedee
|-status|p2a: Indeedee|slp|[from] move: Spore
|cant|p2b: Exeggutor|move: Taunt|Trick Room
|
|upkeep
|turn|2
|
|t:|1756638981
|switch|p2b: Ursaluna|Ursaluna, L50, M|100/100
|move|p1a: Amoonguss|Protect|p1a: Amoonguss
|-singleturn|p1a: Amoonguss|Protect
|cant|p2a: Indeedee|slp
|move|p1b: Incineroar|Knock Off|p2b: Ursaluna
|-damage|p2b: Ursaluna|75/100
|-enditem|p2b: Ursaluna|Flame Orb|[from] move: Knock Off|[of] p1b: Incineroar
|
|upkeep
|turn|3
|
|t:|1756638994
|move|p1b: Incineroar|Knock Off|p2a: Indeedee
|-supereffective|p2a: Indeedee
|-damage|p2a: Indeedee|50/100 slp
|move|p2b: Ursaluna|Headlong Rush|p1b: Incineroar
|-supereffective|p1b: Incineroar
|-damage|p1b: Incineroar|0 fnt
|-unboost|p2b: Ursaluna|def|1
|-unboost|p2b: Ursaluna|spd|1
|faint|p1b: Incineroar
|move|p1a: Amoonguss|Spore|p2b: Ursaluna
|-status|p2b: Ursaluna|slp|[from] move: Spore
|cant|p2a: Indeedee|slp
|
|upkeep
|
|t:|1756639004
|switch|p1b: Pelipper|Pelipper, L50, M|100/100
|-weather|RainDance|[from] ability: Drizzle|[of] p1b: Pelipper
|turn|4
|
|t:|1756639018
|move|p1b: Pelipper|Weather Ball|p2b: Ursaluna
|-supereffective|p2b: Ursaluna
|-damage|p2b: Ursaluna|0 fnt
|faint|p2b: Ursaluna
|cant|p2a: Indeedee|slp
|move|p1a: Amoonguss|Pollen Puff|p2a: Indeedee
|-supereffective|p2a: Indeedee
|-damage|p2a: Indeedee|24/100 slp
|
|-weather|RainDance|[upkeep]
|upkeep
|
|t:|1756639025
|switch|p2b: Torkoal|Torkoal, L50, M|100/100
|-weather|SunnyDay|[from] ability: Drought|[of] p2b: Torkoal
|turn|5
|
|t:|1756639038
|-terastallize|p1a: Amoonguss|Fire
|-terastallize|p2b: Torkoal|Fire
|-curestatus|p2a: Indeedee|slp|[msg]
|move|p2a: Indeedee|Follow Me|p2a: Indeedee
|-singleturn|p2a: Indeedee|move: Follow Me
|move|p1b: Pelipper|Weather Ball|p2a: Indeedee
|-damage|p2a: Indeedee|0 fnt
|faint|p2a: Indeedee
|move|p1a: Amoonguss|Spore|p2b: Torkoal
|-status|p2b: Torkoal|slp|[from] move: Spore
|cant|p2b: Torkoal|slp
|
|-weather|SunnyDay|[upkeep]
|-fieldend|move: Psychic Terrain
|upkeep
|
|t:|1756639048
|switch|p2a: Exeggutor|Exeggutor, L50, F|100/100
|turn|6
|
|t:|1756639054
|switch|p1a: Gholdengo|Gholdengo, L50|100/100
|move|p2a: Exeggutor|Expanding Force|p1a: Gholdengo
|-resisted|p1a: Gholdengo
|-damage|p1a: Gholdengo|80/100
|move|p1b: Pelipper|Weather Ball|p2a: Exeggutor
|-supereffective|p2a: Exeggutor
|-enditem|p2a: Exeggutor|Focus Sash
|-damage|p2a: Exeggutor|1/100
|cant|p2b: Torkoal|slp
|
|-weather|SunnyDay|[upkeep]
|-heal|p1a: Gholdengo|87/100|[from] item: Leftovers
|upkeep
|turn|7
|
|t:|1756639068
|move|p1b: Pelipper|Protect|p1b: Pelipper
|-singleturn|p1b: Pelipper|Protect
|move|p2a: Exeggutor|Sleep Powder|p1b: Pelipper
|-activate|p1b: Pelipper|move: Protect
|move|p1a: Gholdengo|Make It Rain|p2b: Torkoal|[spread] p2a,p2b
|-resisted|p2b: Torkoal
|-damage|p2a: Exeggutor|0 fnt
|-damage|p2b: Torkoal|69/100 slp
|-unboost|p1a: Gholdengo|spa|1
|faint|p2a: Exeggutor
|-curestatus|p2b: Torkoal|slp|[msg]
|move|p2b: Torkoal|Eruption|p1a: Gholdengo|[spread] p1a
|-activate|p1b: Pelipper|move: Protect
|-supereffective|p1a: Gholdengo
|-damage|p1a: Gholdengo|0 fnt
|faint|p1a: Gholdengo
|
|-weather|SunnyDay|[upkeep]
|upkeep
|
|t:|1756639079
|switch|p1a: Amoonguss|Amoonguss, L50, M, tera:Fire|66/100
|turn|8
|
|t:|1756639085
|move|p2b: Torkoal|Protect|p2b: Torkoal
|-singleturn|p2b: Torkoal|Protect
|move|p1b: Pelipper|Hurricane|p2b: Torkoal
|-activate|p2b: Torkoal|move: Protect
|move|p1a: Amoonguss|Spore|p2b: Torkoal
|-activate|p2b: Torkoal|move: Protect
|
|-weather|SunnyDay|[upkeep]
|upkeep
|turn|9
|
|t:|1756639093
|move|p1b: Pelipper|Hurricane|p2b: Torkoal
|-damage|p2b: Torkoal|5/100
|move|p1a: Amoonguss|Spore|p2b: Torkoal
|-status|p2b: Torkoal|slp|[from] move: Spore
|cant|p2b: Torkoal|slp
|
|-weather|none
|upkeep
|turn|10
|-message|Popfor forfeited.
|
|win|IceFlames
|l|☆Popfor
|player|p2|
||Popfor is ready for game 2.
||IceFlames is ready for game 2.
|uhtml|next|Next: Game 2 of 3
