|j|☆superboy245
|j|☆Naya314
|html|superboy245Naya314    
|uhtml|bestof|Game 2 of a best-of-3
|t:|1782526187
|gametype|doubles
|player|p1|superboy245|buck|1104
|player|p2|Naya314|candice|1180
|gen|9
|tier|[Gen 9 Champions] VGC 2026 Reg M-B (Bo3)
|rated|
|rule|Species Clause: Limit one of each Pokémon
|rule|Item Clause: Limit 1 of each item
|clearpoke
|poke|p1|Raichu, L50, M|
|poke|p1|Toxicroak, L50, M|
|poke|p1|Whimsicott, L50, M|
|poke|p1|Mr. Rime, L50, M|
|poke|p1|Corviknight, L50, M|
|poke|p1|Aerodactyl, L50, M|
|poke|p2|Scizor, L50, M|
|poke|p2|Charizard, L50, M|
|poke|p2|Garchomp, L50, M|
|poke|p2|Basculegion, L50, M|
|poke|p2|Whimsicott, L50, M|
|poke|p2|Floette-Eternal, L50, F|
|teampreview|4
|showteam|p1|Raichu||RaichuniteY|LightningRod|FakeOut,ZapCannon,FocusBlast,Protect|Timid||M|||50|]Toxicroak||FocusSash|DrySkin|FakeOut,CloseCombat,PoisonJab,Protect|Jolly||M|||50|]Whimsicott||MentalHerb|Prankster|Tailwind,Encore,Moonblast,Protect|Bold||M|||50|]Mr. Rime||ChoiceScarf|ScreenCleaner|FreezeDry,Psychic,Trick,IceBeam|Timid||M|||50|]Corviknight||Leftovers|MirrorArmor|BraveBird,BodyPress,IronHead,Protect|Impish||M|||50|]Aerodactyl||Aerodactylite|Unnerve|RockSlide,DualWingbeat,Tailwind,Protect|Jolly||M|||50|
|showteam|p2|Scizor||ExpertBelt|Technician|BugBite,BulletPunch,BrutalSwing,Protect|Adamant||M|||50|]Charizard||CharizarditeY|Blaze|HeatWave,SolarBeam,WeatherBall,Protect|Modest||M|||50|]Garchomp||LifeOrb|RoughSkin|Earthquake,DragonClaw,RockSlide,Protect|Jolly||M|||50|]Basculegion||ChoiceScarf|Adaptability|LastRespects,WaveCrash,IceFang,FlipTurn|Adamant||M|||50|]Whimsicott||FocusSash|Prankster|Moonblast,Tailwind,Encore,Protect|Timid||M|||50|]Floette-Eternal||Floettite|FlowerVeil|DazzlingGleam,EnergyBall,Moonblast,Protect|Modest||F|||50|
|inactive|Battle timer is ON: inactive players will automatically lose when time's up. (requested by Naya314)
|
|t:|1782526198
|teamsize|p1|4
|teamsize|p2|4
|start
|switch|p1a: Rakai|Raichu, L50, M|100/100
|switch|p1b: Whimsicall Madness|Whimsicott, L50, M|100/100
|switch|p2a: Whimsicott|Whimsicott, L50, M|100/100
|switch|p2b: Scizor|Scizor, L50, M|100/100
|turn|1
|
|t:|1782526216
|detailschange|p1a: Rakai|Raichu-Mega-Y, L50, M
|-mega|p1a: Rakai|Raichu|Raichunite Y
|move|p1a: Rakai|Fake Out|p2b: Scizor
|-resisted|p2b: Scizor|1
|-damage|p2b: Scizor|96/100
|move|p2a: Whimsicott|Tailwind|p2a: Whimsicott
|-sidestart|p2: Naya314|move: Tailwind
|move|p1b: Whimsicall Madness|Tailwind|p1b: Whimsicall Madness
|-sidestart|p1: superboy245|move: Tailwind
|cant|p2b: Scizor|flinch
|
|upkeep
|turn|2
|inactive|superboy245 has 30 seconds left.
|
|t:|1782526245
|switch|p1b: Mini Wall|Corviknight, L50, M|100/100
|move|p2a: Whimsicott|Encore|p1a: Rakai
|-start|p1a: Rakai|Encore
|move|p1a: Rakai|Fake Out||[still]
|-hint|Fake Out only works on your first turn out.
|-fail|p1a: Rakai
|move|p2b: Scizor|Bullet Punch|p1b: Mini Wall
|-resisted|p1b: Mini Wall|1
|-damage|p1b: Mini Wall|89/100
|
|-heal|p1b: Mini Wall|95/100|[from] item: Leftovers
|upkeep
|turn|3
|
|t:|1782526263
|switch|p1a: Mr. DownFall|Mr. Rime, L50, M|100/100
|switch|p2a: Charizard|Charizard, L50, M|100/100
|move|p1b: Mini Wall|Brave Bird|p2b: Scizor
|-damage|p2b: Scizor|58/100
|-damage|p1b: Mini Wall|84/100|[from] Recoil
|move|p2b: Scizor|Bug Bite|p1a: Mr. DownFall
|-supereffective|p1a: Mr. DownFall|1
|-damage|p1a: Mr. DownFall|0 fnt
|faint|p1a: Mr. DownFall
|
|-heal|p1b: Mini Wall|90/100|[from] item: Leftovers
|upkeep
|
|t:|1782526272
|switch|p1a: Rakai|Raichu-Mega-Y, L50, M|100/100
|turn|4
|
|t:|1782526291
|switch|p1b: Whimsicall Madness|Whimsicott, L50, M|100/100
|move|p2a: Charizard|Protect|p2a: Charizard
|-singleturn|p2a: Charizard|Protect
|move|p1a: Rakai|Zap Cannon|p2b: Scizor
|-damage|p2b: Scizor|0 fnt
|faint|p2b: Scizor
|
|-sideend|p2: Naya314|move: Tailwind
|-sideend|p1: superboy245|move: Tailwind
|upkeep
|
|t:|1782526307
|switch|p2b: Whimsicott|Whimsicott, L50, M|100/100
|turn|5
|
|t:|1782526326
|move|p2a: Charizard|Protect|p2a: Charizard
|-singleturn|p2a: Charizard|Protect
|move|p2b: Whimsicott|Tailwind|p2b: Whimsicott
|-sidestart|p2: Naya314|move: Tailwind
|move|p1b: Whimsicall Madness|Tailwind|p1b: Whimsicall Madness
|-sidestart|p1: superboy245|move: Tailwind
|move|p1a: Rakai|Zap Cannon|p2a: Charizard
|-activate|p2a: Charizard|move: Protect
|
|upkeep
|turn|6
|
|t:|1782526344
|detailschange|p2a: Charizard|Charizard-Mega-Y, L50, M
|-mega|p2a: Charizard|Charizard|Charizardite Y
|-weather|SunnyDay|[from] ability: Drought|[of] p2a: Charizard
|move|p1b: Whimsicall Madness|Encore|p2b: Whimsicott
|-start|p2b: Whimsicott|Encore
|move|p2b: Whimsicott|Tailwind||[still]
|-fail|p2b: Whimsicott
|move|p1a: Rakai|Zap Cannon|p2a: Charizard
|-supereffective|p2a: Charizard|1
|-damage|p2a: Charizard|0 fnt
|faint|p2a: Charizard
|
|-weather|SunnyDay|[upkeep]
|upkeep
|
|t:|1782526355
|switch|p2a: Basculegion|Basculegion, L50, M|100/100
|turn|7
|
|t:|1782526375
|move|p1a: Rakai|Protect|p1a: Rakai
|-singleturn|p1a: Rakai|Protect
|move|p2b: Whimsicott|Tailwind||[still]
|-fail|p2b: Whimsicott
|move|p2a: Basculegion|Last Respects|p1a: Rakai
|-activate|p1a: Rakai|move: Protect
|move|p1b: Whimsicall Madness|Moonblast|p2a: Basculegion
|-damage|p2a: Basculegion|70/100
|-unboost|p2a: Basculegion|spa|1
|
|-weather|SunnyDay|[upkeep]
|upkeep
|turn|8
|
|t:|1782526388
|switch|p1a: Mini Wall|Corviknight, L50, M|90/100
|move|p2b: Whimsicott|Tailwind||[still]
|-fail|p2b: Whimsicott
|move|p2a: Basculegion|Last Respects|p1a: Mini Wall
|-crit|p1a: Mini Wall
|-damage|p1a: Mini Wall|0 fnt
|faint|p1a: Mini Wall
|move|p1b: Whimsicall Madness|Moonblast|p2a: Basculegion
|-damage|p2a: Basculegion|37/100
|
|-weather|SunnyDay|[upkeep]
|-end|p2b: Whimsicott|Encore
|-sideend|p2: Naya314|move: Tailwind
|-sideend|p1: superboy245|move: Tailwind
|upkeep
|
|t:|1782526397
|switch|p1a: Rakai|Raichu-Mega-Y, L50, M|100/100
|turn|9
|
|t:|1782526420
|move|p1a: Rakai|Protect|p1a: Rakai
|-singleturn|p1a: Rakai|Protect
|move|p2b: Whimsicott|Tailwind|p2b: Whimsicott
|-sidestart|p2: Naya314|move: Tailwind
|move|p1b: Whimsicall Madness|Encore|p2b: Whimsicott
|-start|p2b: Whimsicott|Encore
|move|p2a: Basculegion|Last Respects|p1a: Rakai
|-activate|p1a: Rakai|move: Protect
|
|-weather|SunnyDay|[upkeep]
|upkeep
|turn|10
|
|t:|1782526430
|move|p1a: Rakai|Protect|p1a: Rakai
|-singleturn|p1a: Rakai|Protect
|move|p2b: Whimsicott|Tailwind||[still]
|-fail|p2b: Whimsicott
|move|p2a: Basculegion|Last Respects|p1a: Rakai
|-activate|p1a: Rakai|move: Protect
|move|p1b: Whimsicall Madness|Moonblast|p2a: Basculegion
|-damage|p2a: Basculegion|5/100
|
|-weather|none
|upkeep
|turn|11
|
|t:|1782526446
|move|p2b: Whimsicott|Tailwind||[still]
|-fail|p2b: Whimsicott
|move|p2a: Basculegion|Last Respects|p1a: Rakai
|-damage|p1a: Rakai|0 fnt
|faint|p1a: Rakai
|move|p1b: Whimsicall Madness|Moonblast|p2a: Basculegion
|-damage|p2a: Basculegion|0 fnt
|faint|p2a: Basculegion
|
|upkeep
|turn|12
|-message|Naya314 forfeited.
|
|win|superboy245
|l|☆Naya314
|player|p2|
||Naya314 is ready for game 3.
|c|☆superboy245|Gg this set
