|j|☆LightJKookie
|j|☆babydimelavelda
|html|LightJKookiebabydimelavelda    
|uhtml|bestof|Game 1 of a best-of-3
|t:|1785198782
|gametype|doubles
|player|p1|LightJKookie|brycen|1105
|player|p2|babydimelavelda|265|1198
|gen|9
|tier|[Gen 9 Champions] VGC 2026 Reg M-B (Bo3)
|rated|
|rule|Species Clause: Limit one of each Pokémon
|rule|Item Clause: Limit 1 of each item
|clearpoke
|poke|p1|Gallade, L50, M, shiny|
|poke|p1|Gardevoir, L50, F, shiny|
|poke|p1|Incineroar, L50, M|
|poke|p1|Garchomp, L50, F|
|poke|p1|Kingambit, L50, F, shiny|
|poke|p1|Aerodactyl, L50, M|
|poke|p2|Mawile, L50, F|
|poke|p2|Farigiraf, L50, F|
|poke|p2|Milotic, L50, F|
|poke|p2|Incineroar, L50, F|
|poke|p2|Garchomp, L50, F|
|poke|p2|Aerodactyl, L50, F|
|teampreview|4
|showteam|p1|Gallade||Galladite|Sharpness|Protect,CloseCombat,KnockOff,IcePunch|Jolly||M|||50|]Gardevoir||Gardevoirite|Telepathy|Protect,Psyshock,TrickRoom,HyperVoice|Modest||F|||50|]Incineroar||SitrusBerry|Intimidate|HelpingHand,FakeOut,FlareBlitz,PartingShot|Adamant||M|||50|]Garchomp||LifeOrb|RoughSkin|DragonClaw,RockSlide,Earthquake,Protect|Jolly||F|||50|]Kingambit||BlackGlasses|Defiant|SuckerPunch,KowtowCleave,IronHead,LowKick|Adamant||F|||50|]Aerodactyl||FocusSash|Unnerve|RockSlide,WideGuard,Protect,Tailwind|Jolly||M|||50|
|showteam|p2|Mawile||Mawilite|HyperCutter|Protect,BrickBreak,PlayRough,RockSlide|Brave||F|||50|]Farigiraf||ColburBerry|ArmorTail|TrickRoom,TwinBeam,Protect,GrassKnot|Bold||F|||50|]Milotic||Leftovers|MarvelScale|Scald,IceBeam,Haze,Protect|Modest||F|||50|]Incineroar||SitrusBerry|Intimidate|FlareBlitz,DarkestLariat,FakeOut,PartingShot|Adamant||F|||50|]Garchomp||LifeOrb|RoughSkin|Earthquake,DragonClaw,RockSlide,Protect|Jolly||F|||50|]Aerodactyl||Aerodactylite|Unnerve|RockSlide,DualWingbeat,Tailwind,Protect|Adamant||F|||50|
|inactive|Battle timer is ON: inactive players will automatically lose when time's up. (requested by LightJKookie)
|inactive|LightJKookie has 60 seconds left.
|inactive|LightJKookie has 30 seconds left.
|inactive|LightJKookie has 20 seconds left.
|
|t:|1785198857
|teamsize|p1|4
|teamsize|p2|4
|start
|switch|p1a: Kingambit|Kingambit, L50, F, shiny|100/100
|switch|p1b: Gardevoir|Gardevoir, L50, F, shiny|100/100
|switch|p2a: Milotic|Milotic, L50, F|100/100
|switch|p2b: Aerodactyl|Aerodactyl, L50, F|100/100
|-ability|p2b: Aerodactyl|Unnerve
|turn|1
|inactive|LightJKookie has 30 seconds left.
|
|t:|1785198887
|detailschange|p2b: Aerodactyl|Aerodactyl-Mega, L50, F
|-mega|p2b: Aerodactyl|Aerodactyl|Aerodactylite
|detailschange|p1b: Gardevoir|Gardevoir-Mega, L50, F, shiny
|-mega|p1b: Gardevoir|Gardevoir|Gardevoirite
|move|p2b: Aerodactyl|Tailwind|p2b: Aerodactyl
|-sidestart|p2: babydimelavelda|move: Tailwind
|move|p2a: Milotic|Scald|p1a: Kingambit
|-damage|p1a: Kingambit|63/100
|-status|p1a: Kingambit|brn
|move|p1a: Kingambit|Iron Head|p2b: Aerodactyl
|-supereffective|p2b: Aerodactyl|1
|-damage|p2b: Aerodactyl|35/100
|move|p1b: Gardevoir|Trick Room|p1b: Gardevoir
|-fieldstart|move: Trick Room|[of] p1b: Gardevoir
|
|-damage|p1a: Kingambit|57/100 brn|[from] brn
|upkeep
|turn|2
|
|t:|1785198908
|move|p1a: Kingambit|Low Kick|p2a: Milotic
|-damage|p2a: Milotic|81/100
|move|p1b: Gardevoir|Hyper Voice|p2a: Milotic|[spread] p2a,p2b
|-damage|p2a: Milotic|42/100
|-damage|p2b: Aerodactyl|0 fnt
|faint|p2b: Aerodactyl
|move|p2a: Milotic|Scald|p1a: Kingambit
|-damage|p1a: Kingambit|25/100 brn
|
|-heal|p2a: Milotic|48/100|[from] item: Leftovers
|-damage|p1a: Kingambit|19/100 brn|[from] brn
|upkeep
|
|t:|1785198924
|switch|p2b: Incineroar|Incineroar, L50, F|100/100
|-ability|p2b: Incineroar|Intimidate|boost
|-unboost|p1a: Kingambit|atk|1
|-ability|p1a: Kingambit|Defiant|boost
|-boost|p1a: Kingambit|atk|2
|-unboost|p1b: Gardevoir|atk|1
|turn|3
|
|t:|1785198938
|move|p2a: Milotic|Protect|p2a: Milotic
|-singleturn|p2a: Milotic|Protect
|move|p2b: Incineroar|Fake Out|p1a: Kingambit
|-resisted|p1a: Kingambit|1
|-damage|p1a: Kingambit|15/100 brn
|cant|p1a: Kingambit|flinch
|move|p1b: Gardevoir|Trick Room|p1b: Gardevoir
|-fieldend|move: Trick Room
|
|-heal|p2a: Milotic|53/100|[from] item: Leftovers
|-damage|p1a: Kingambit|10/100 brn|[from] brn
|upkeep
|turn|4
|inactive|LightJKookie has 30 seconds left.
|inactive|babydimelavelda has 30 seconds left.
|
|t:|1785198969
|move|p1a: Kingambit|Sucker Punch|p2a: Milotic
|-damage|p2a: Milotic|18/100
|move|p2a: Milotic|Scald|p1a: Kingambit
|-damage|p1a: Kingambit|0 fnt
|faint|p1a: Kingambit
|move|p2b: Incineroar|Flare Blitz|p1b: Gardevoir
|-damage|p1b: Gardevoir|24/100
|-damage|p2b: Incineroar|78/100|[from] Recoil
|move|p1b: Gardevoir|Hyper Voice|p2b: Incineroar|[spread] p2a,p2b
|-damage|p2a: Milotic|0 fnt
|-damage|p2b: Incineroar|35/100
|-enditem|p2b: Incineroar|Sitrus Berry|[eat]
|-heal|p2b: Incineroar|59/100|[from] item: Sitrus Berry
|faint|p2a: Milotic
|
|-sideend|p2: babydimelavelda|move: Tailwind
|upkeep
|
|t:|1785198980
|switch|p2a: Garchomp|Garchomp, L50, F|100/100
|switch|p1a: Aerodactyl|Aerodactyl, L50, M|100/100
|-ability|p1a: Aerodactyl|Unnerve
|turn|5
|
|t:|1785199005
|move|p1b: Gardevoir|Protect|p1b: Gardevoir
|-singleturn|p1b: Gardevoir|Protect
|move|p1a: Aerodactyl|Tailwind|p1a: Aerodactyl
|-sidestart|p1: LightJKookie|move: Tailwind
|move|p2a: Garchomp|Dragon Claw|p1a: Aerodactyl
|-damage|p1a: Aerodactyl|7/100
|-damage|p2a: Garchomp|90/100|[from] item: Life Orb
|move|p2b: Incineroar|Flare Blitz|p1b: Gardevoir
|-activate|p1b: Gardevoir|move: Protect
|
|upkeep
|turn|6
|
|t:|1785199021
|switch|p1a: Incineroar|Incineroar, L50, M|100/100
|-ability|p1a: Incineroar|Intimidate|boost
|-unboost|p2a: Garchomp|atk|1
|-unboost|p2b: Incineroar|atk|1
|move|p1b: Gardevoir|Hyper Voice|p2b: Incineroar|[spread] p2a,p2b
|-supereffective|p2a: Garchomp|1
|-damage|p2a: Garchomp|0 fnt
|-damage|p2b: Incineroar|16/100
|faint|p2a: Garchomp
|move|p2b: Incineroar|Flare Blitz|p1b: Gardevoir
|-damage|p1b: Gardevoir|0 fnt
|faint|p1b: Gardevoir
|-damage|p2b: Incineroar|9/100|[from] Recoil
|
|upkeep
|-message|babydimelavelda forfeited.
|
|win|LightJKookie
|l|☆babydimelavelda
|player|p2|
||babydimelavelda is ready for game 2.
||LightJKookie is ready for game 2.
|uhtml|next|Next: Game 2 of 3
