|j|☆JandyMiri
|j|☆bestatpokemon21
|html|JandyMiribestatpokemon21    
|uhtml|bestof|Game 1 of a best-of-3
|t:|1757631766
|gametype|doubles
|player|p1|JandyMiri|2|1182
|player|p2|bestatpokemon21|hilda|1175
|gen|9
|tier|[Gen 9] VGC 2025 Reg H (Bo3)
|rated|
|rule|Species Clause: Limit one of each Pokémon
|rule|Item Clause: Limit 1 of each item
|clearpoke
|poke|p1|Incineroar, L50, F|
|poke|p1|Ninetales-Alola, L50, F|
|poke|p1|Rillaboom, L50, M|
|poke|p1|Dragonite, L50, F|
|poke|p1|Frosmoth, L50, F|
|poke|p1|Ursaluna, L50, M|
|poke|p2|Annihilape, L50, F|
|poke|p2|Ninetales-Alola, L50, M|
|poke|p2|Archaludon, L50, M|
|poke|p2|Volcarona, L50, M|
|poke|p2|Dragonite, L50, F|
|poke|p2|Rillaboom, L50, M|
|teampreview|4
|showteam|p1|Incineroar||SafetyGoggles|Intimidate|FakeOut,KnockOff,FlareBlitz,PartingShot|||F|||50|,,,,,Water]Ninetales-Alola||LightClay|SnowWarning|AuroraVeil,Blizzard,Encore,Disable|||F|||50|,,,,,Ghost]Rillaboom||AssaultVest|GrassySurge|FakeOut,WoodHammer,GrassyGlide,HighHorsepower|||M|||50|,,,,,Water]Dragonite||LoadedDice|Multiscale|Haze,ScaleShot,Tailwind,Protect|||F|||50|,,,,,Steel]Frosmoth||Leftovers|IceScales|Blizzard,TeraBlast,QuiverDance,Protect|||F|||50|,,,,,Water]Ursaluna||FlameOrb|Guts|Facade,HeadlongRush,Earthquake,Protect|||M|||50|,,,,,Poison
|showteam|p2|Annihilape||SafetyGoggles|Defiant|RageFist,DrainPunch,BulkUp,Protect|||F|||50|,,,,,Fire]Ninetales-Alola||FocusSash|SnowWarning|FreezeDry,HelpingHand,AuroraVeil,Protect|||M|||50|,,,,,Ghost]Archaludon||PowerHerb|Sturdy|ElectroShot,FlashCannon,DracoMeteor,Protect|||M|||50|,,,,,Stellar]Volcarona||CovertCloak|FlameBody|StruggleBug,WillOWisp,HeatWave,Tailwind|||M|||50|,,,,,Water]Dragonite||LoadedDice|Multiscale|ScaleShot,ExtremeSpeed,Haze,Protect|||F|||50|,,,,,Normal]Rillaboom||AssaultVest|GrassySurge|FakeOut,WoodHammer,GrassyGlide,HighHorsepower|||M|||50|,,,,,Ground
|inactive|Battle timer is ON: inactive players will automatically lose when time's up. (requested by JandyMiri)
|inactive|bestatpokemon21 has 60 seconds left.
|
|t:|1757631819
|teamsize|p1|4
|teamsize|p2|4
|start
|switch|p1a: Rillaboom|Rillaboom, L50, M|100/100
|switch|p1b: Frosmoth|Frosmoth, L50, F, shiny|100/100
|switch|p2a: Archaludon|Archaludon, L50, M|100/100
|switch|p2b: Volcarona|Volcarona, L50, M|100/100
|-fieldstart|move: Grassy Terrain|[from] ability: Grassy Surge|[of] p1a: Rillaboom
|turn|1
|inactive|bestatpokemon21 has 30 seconds left.
|
|t:|1757631846
|-terastallize|p1b: Frosmoth|Water
|move|p2a: Archaludon|Protect|p2a: Archaludon
|-singleturn|p2a: Archaludon|Protect
|move|p1a: Rillaboom|Fake Out|p2a: Archaludon
|-activate|p2a: Archaludon|move: Protect
|move|p2b: Volcarona|Will-O-Wisp|p1a: Rillaboom
|-status|p1a: Rillaboom|brn
|move|p1b: Frosmoth|Quiver Dance|p1b: Frosmoth
|-boost|p1b: Frosmoth|spa|1
|-boost|p1b: Frosmoth|spd|1
|-boost|p1b: Frosmoth|spe|1
|
|-damage|p1a: Rillaboom|95/100 brn|[from] brn
|upkeep
|turn|2
|inactive|JandyMiri has 30 seconds left.
|
|t:|1757631871
|switch|p2b: Rillaboom|Rillaboom, L50, M|100/100
|move|p1b: Frosmoth|Tera Blast|p2b: Rillaboom|[anim] Tera Blast Water
|-resisted|p2b: Rillaboom
|-damage|p2b: Rillaboom|75/100
|move|p2a: Archaludon|Electro Shot||[still]
|-prepare|p2a: Archaludon|Electro Shot
|-boost|p2a: Archaludon|spa|1
|-enditem|p2a: Archaludon|Power Herb
|-anim|p2a: Archaludon|Electro Shot|p1b: Frosmoth
|-supereffective|p1b: Frosmoth
|-damage|p1b: Frosmoth|44/100
|move|p1a: Rillaboom|High Horsepower|p2a: Archaludon
|-supereffective|p2a: Archaludon
|-damage|p2a: Archaludon|72/100
|
|-heal|p1b: Frosmoth|50/100|[from] Grassy Terrain
|-heal|p2a: Archaludon|78/100|[from] Grassy Terrain
|-heal|p1b: Frosmoth|56/100|[from] item: Leftovers
|-heal|p2b: Rillaboom|80/100|[from] Grassy Terrain
|-heal|p1a: Rillaboom|100/100 brn|[from] Grassy Terrain
|-damage|p1a: Rillaboom|95/100 brn|[from] brn
|upkeep
|turn|3
|inactive|bestatpokemon21 has 30 seconds left.
|inactive|bestatpokemon21 has 20 seconds left.
|inactive|bestatpokemon21 has 15 seconds left.
|inactive|bestatpokemon21 has 10 seconds left.
|
|t:|1757631921
|switch|p1a: Incineroar|Incineroar, L50, F|100/100
|-ability|p1a: Incineroar|Intimidate|boost
|-unboost|p2a: Archaludon|atk|1
|-unboost|p2b: Rillaboom|atk|1
|move|p1b: Frosmoth|Protect|p1b: Frosmoth
|-singleturn|p1b: Frosmoth|Protect
|move|p2a: Archaludon|Draco Meteor|p1a: Incineroar|[miss]
|-miss|p2a: Archaludon|p1a: Incineroar
|move|p2b: Rillaboom|Wood Hammer|p1b: Frosmoth
|-activate|p1b: Frosmoth|move: Protect
|
|-heal|p1b: Frosmoth|62/100|[from] Grassy Terrain
|-heal|p2a: Archaludon|84/100|[from] Grassy Terrain
|-heal|p1b: Frosmoth|69/100|[from] item: Leftovers
|-heal|p2b: Rillaboom|86/100|[from] Grassy Terrain
|upkeep
|turn|4
|inactive|bestatpokemon21 has 30 seconds left.
|
|t:|1757631949
|switch|p2b: Volcarona|Volcarona, L50, M|100/100
|move|p1a: Incineroar|Fake Out|p2b: Volcarona
|-damage|p2b: Volcarona|85/100
|move|p1b: Frosmoth|Blizzard|p2b: Volcarona|[spread] p2a
|-miss|p1b: Frosmoth|p2b: Volcarona
|-damage|p2a: Archaludon|0 fnt
|faint|p2a: Archaludon
|
|-heal|p2b: Volcarona|91/100|[from] Grassy Terrain
|-heal|p1b: Frosmoth|75/100|[from] Grassy Terrain
|-heal|p1b: Frosmoth|81/100|[from] item: Leftovers
|upkeep
|
|t:|1757631955
|switch|p2a: Rillaboom|Rillaboom, L50, M|86/100
|turn|5
|inactive|bestatpokemon21 has 30 seconds left.
|
|t:|1757631981
|switch|p1a: Rillaboom|Rillaboom, L50, M|95/100 brn
|move|p1b: Frosmoth|Protect|p1b: Frosmoth
|-singleturn|p1b: Frosmoth|Protect
|move|p2b: Volcarona|Tailwind|p2b: Volcarona
|-sidestart|p2: bestatpokemon21|move: Tailwind
|move|p2a: Rillaboom|Wood Hammer|p1b: Frosmoth
|-activate|p1b: Frosmoth|move: Protect
|
|-heal|p2b: Volcarona|97/100|[from] Grassy Terrain
|-heal|p2a: Rillaboom|92/100|[from] Grassy Terrain
|-heal|p1b: Frosmoth|87/100|[from] Grassy Terrain
|-heal|p1b: Frosmoth|94/100|[from] item: Leftovers
|-heal|p1a: Rillaboom|100/100 brn|[from] Grassy Terrain
|-damage|p1a: Rillaboom|95/100 brn|[from] brn
|-fieldend|move: Grassy Terrain
|upkeep
|turn|6
|inactive|bestatpokemon21 has 30 seconds left.
|
|t:|1757632014
|switch|p2a: Dragonite|Dragonite, L50, F|100/100
|-terastallize|p2b: Volcarona|Water
|move|p1a: Rillaboom|Fake Out|p2a: Dragonite
|-damage|p2a: Dragonite|97/100
|move|p2b: Volcarona|Struggle Bug|p1a: Rillaboom|[spread] p1a,p1b
|-supereffective|p1a: Rillaboom
|-damage|p1a: Rillaboom|69/100 brn
|-damage|p1b: Frosmoth|87/100
|-unboost|p1a: Rillaboom|spa|1
|-unboost|p1b: Frosmoth|spa|1
|move|p1b: Frosmoth|Tera Blast|p2b: Volcarona|[anim] Tera Blast Water
|-resisted|p2b: Volcarona
|-damage|p2b: Volcarona|77/100
|
|-heal|p1b: Frosmoth|93/100|[from] item: Leftovers
|-damage|p1a: Rillaboom|63/100 brn|[from] brn
|upkeep
|turn|7
|
|t:|1757632035
|switch|p1a: Ninetales|Ninetales-Alola, L50, F|100/100
|-weather|Snowscape|[from] ability: Snow Warning|[of] p1a: Ninetales
|move|p2b: Volcarona|Heat Wave|p1a: Ninetales|[spread] p1a,p1b
|-supereffective|p1a: Ninetales
|-resisted|p1b: Frosmoth
|-damage|p1a: Ninetales|38/100
|-damage|p1b: Frosmoth|87/100
|move|p2a: Dragonite|Scale Shot|p1b: Frosmoth
|-damage|p1b: Frosmoth|66/100
|-damage|p1b: Frosmoth|45/100
|-damage|p1b: Frosmoth|22/100
|-damage|p1b: Frosmoth|2/100
|-hitcount|p1b: Frosmoth|4
|-unboost|p2a: Dragonite|def|1
|-boost|p2a: Dragonite|spe|1
|move|p1b: Frosmoth|Blizzard|p2b: Volcarona|[spread] p2a,p2b
|-supereffective|p2a: Dragonite
|-resisted|p2b: Volcarona
|-damage|p2a: Dragonite|0 fnt
|-damage|p2b: Volcarona|59/100
|faint|p2a: Dragonite
|
|-weather|Snowscape|[upkeep]
|-heal|p1b: Frosmoth|8/100|[from] item: Leftovers
|upkeep
|
|t:|1757632054
|switch|p2a: Rillaboom|Rillaboom, L50, M|92/100
|-fieldstart|move: Grassy Terrain|[from] ability: Grassy Surge|[of] p2a: Rillaboom
|turn|8
|
|t:|1757632068
|move|p1b: Frosmoth|Protect|p1b: Frosmoth
|-singleturn|p1b: Frosmoth|Protect
|move|p2b: Volcarona|Heat Wave|p1a: Ninetales|[spread] p1a
|-activate|p1b: Frosmoth|move: Protect
|-supereffective|p1a: Ninetales
|-damage|p1a: Ninetales|0 fnt
|faint|p1a: Ninetales
|move|p2a: Rillaboom|Wood Hammer|p1b: Frosmoth
|-activate|p1b: Frosmoth|move: Protect
|
|-weather|Snowscape|[upkeep]
|-heal|p2b: Volcarona|65/100|[from] Grassy Terrain
|-heal|p2a: Rillaboom|98/100|[from] Grassy Terrain
|-heal|p1b: Frosmoth|14/100|[from] Grassy Terrain
|-heal|p1b: Frosmoth|20/100|[from] item: Leftovers
|-sideend|p2: bestatpokemon21|move: Tailwind
|upkeep
|
|t:|1757632077
|switch|p1a: Incineroar|Incineroar, L50, F|100/100
|-ability|p1a: Incineroar|Intimidate|boost
|-unboost|p2a: Rillaboom|atk|1
|-unboost|p2b: Volcarona|atk|1
|turn|9
|
|t:|1757632089
|move|p1a: Incineroar|Fake Out|p2a: Rillaboom
|-damage|p2a: Rillaboom|88/100
|cant|p2a: Rillaboom|flinch
|move|p2b: Volcarona|Heat Wave|p1b: Frosmoth|[spread] p1a,p1b
|-resisted|p1a: Incineroar
|-resisted|p1b: Frosmoth
|-damage|p1a: Incineroar|87/100
|-damage|p1b: Frosmoth|14/100
|move|p1b: Frosmoth|Blizzard|p2a: Rillaboom|[spread] p2a,p2b
|-supereffective|p2a: Rillaboom
|-resisted|p2b: Volcarona
|-damage|p2a: Rillaboom|20/100
|-damage|p2b: Volcarona|46/100
|
|-weather|Snowscape|[upkeep]
|-heal|p2b: Volcarona|52/100|[from] Grassy Terrain
|-heal|p1b: Frosmoth|20/100|[from] Grassy Terrain
|-heal|p1b: Frosmoth|27/100|[from] item: Leftovers
|-heal|p2a: Rillaboom|25/100|[from] Grassy Terrain
|-heal|p1a: Incineroar|93/100|[from] Grassy Terrain
|upkeep
|turn|10
|
|t:|1757632106
|move|p2a: Rillaboom|Grassy Glide|p1b: Frosmoth
|-supereffective|p1b: Frosmoth
|-damage|p1b: Frosmoth|0 fnt
|faint|p1b: Frosmoth
|move|p2b: Volcarona|Struggle Bug|p1a: Incineroar
|-damage|p1a: Incineroar|72/100
|-unboost|p1a: Incineroar|spa|1
|move|p1a: Incineroar|Knock Off|p2a: Rillaboom
|-damage|p2a: Rillaboom|0 fnt
|-enditem|p2a: Rillaboom|Assault Vest|[from] move: Knock Off|[of] p1a: Incineroar
|faint|p2a: Rillaboom
|
|-weather|Snowscape|[upkeep]
|-heal|p2b: Volcarona|58/100|[from] Grassy Terrain
|-heal|p1a: Incineroar|78/100|[from] Grassy Terrain
|upkeep
|
|t:|1757632109
|switch|p1b: Rillaboom|Rillaboom, L50, M|63/100 brn
|turn|11
|-message|bestatpokemon21 forfeited.
|
|win|JandyMiri
|l|☆bestatpokemon21
|player|p2|
||bestatpokemon21 is ready for game 2.
||JandyMiri is ready for game 2.
|uhtml|next|Next: Game 2 of 3
|l|☆JandyMiri
|player|p1|
