|j|☆Dust and fidget
|j|☆RamonTheKiller
|html|Dust and fidgetRamonTheKiller    
|uhtml|bestof|Game 1 of a best-of-3
|t:|1756397655
|gametype|doubles
|player|p1|Dust and fidget|akari|1140
|player|p2|RamonTheKiller|palmer|1093
|gen|9
|tier|[Gen 9] VGC 2025 Reg H (Bo3)
|rated|
|rule|Species Clause: Limit one of each Pokémon
|rule|Item Clause: Limit 1 of each item
|clearpoke
|poke|p1|Rillaboom, L50, M|
|poke|p1|Sneasler, L50, M|
|poke|p1|Basculegion, L50, M|
|poke|p1|Ninetales-Alola, L50, F|
|poke|p1|Magmar, L50, F|
|poke|p1|Archaludon, L50, F|
|poke|p2|Incineroar, L50, F|
|poke|p2|Amoonguss, L50, M|
|poke|p2|Gholdengo, L50|
|poke|p2|Dragonite, L50, F|
|poke|p2|Sneasler, L50, F|
|poke|p2|Primarina, L50, M|
|teampreview|4
|showteam|p1|Rillaboom||AssaultVest|GrassySurge|WoodHammer,GrassyGlide,FakeOut,HighHorsepower|||M|||50|,,,,,Fire]Sneasler||FocusSash|Unburden|DireClaw,CloseCombat,ThroatChop,Protect|||M|||50|,,,,,Stellar]Basculegion||ChoiceScarf|Adaptability|WaveCrash,LastRespects,AquaJet,FlipTurn|||M|||50|,,,,,Grass]Ninetales-Alola||IciclePlate|SnowWarning|Blizzard,FreezeDry,IcyWind,Protect|||F|||50|,,,,,Ice]Magmar||Eviolite|VitalSpirit|Flamethrower,Taunt,FollowMe,Protect|||F|||50|,,,,,Fairy]Archaludon||PowerHerb|Sturdy|ElectroShot,DragonPulse,Thunderbolt,Protect|||F|||50|,,,,,Electric
|showteam|p2|Incineroar||SafetyGoggles|Intimidate|KnockOff,FakeOut,PartingShot,FlareBlitz|||F|||50|,,,,,Ghost]Amoonguss||RockyHelmet|Regenerator|RagePowder,PollenPuff,Spore,Protect|||M|||50|,,,,,Fairy]Gholdengo||LifeOrb|GoodasGold|MakeItRain,ShadowBall,NastyPlot,Protect||||||50|,,,,,Water]Dragonite||LoadedDice|Multiscale|ScaleShot,Protect,Tailwind,Haze|||F|||50|,,,,,Fairy]Sneasler||FocusSash|Unburden|DireClaw,CloseCombat,Protect,ThroatChop|||F|||50|,,,,,Stellar]Primarina||AssaultVest|LiquidVoice|HyperVoice,Moonblast,IcyWind,TeraBlast|||M|||50|,,,,,Poison
|inactive|Battle timer is ON: inactive players will automatically lose when time's up. (requested by Dust and fidget)
|
|t:|1756397680
|teamsize|p1|4
|teamsize|p2|4
|start
|switch|p1a: Archaludon|Archaludon, L50, F|100/100
|switch|p1b: Rillaboom|Rillaboom, L50, M, shiny|100/100
|switch|p2a: Sneasler|Sneasler, L50, F|100/100
|switch|p2b: Incineroar|Incineroar, L50, F|100/100
|-fieldstart|move: Grassy Terrain|[from] ability: Grassy Surge|[of] p1b: Rillaboom
|-ability|p2b: Incineroar|Intimidate|boost
|-unboost|p1a: Archaludon|atk|1
|-unboost|p1b: Rillaboom|atk|1
|turn|1
|
|t:|1756397698
|-terastallize|p1a: Archaludon|Electric
|move|p1b: Rillaboom|Fake Out|p2b: Incineroar
|-damage|p2b: Incineroar|91/100
|cant|p2b: Incineroar|flinch
|move|p2a: Sneasler|Dire Claw|p1b: Rillaboom
|-supereffective|p1b: Rillaboom
|-damage|p1b: Rillaboom|18/100
|move|p1a: Archaludon|Electro Shot||[still]
|-prepare|p1a: Archaludon|Electro Shot
|-boost|p1a: Archaludon|spa|1
|-enditem|p1a: Archaludon|Power Herb
|-anim|p1a: Archaludon|Electro Shot|p2b: Incineroar
|-damage|p2b: Incineroar|7/100
|
|-heal|p1b: Rillaboom|24/100|[from] Grassy Terrain
|-heal|p2b: Incineroar|13/100|[from] Grassy Terrain
|upkeep
|turn|2
|inactive|RamonTheKiller has 30 seconds left.
|
|t:|1756397728
|switch|p2b: Amoonguss|Amoonguss, L50, M|100/100
|move|p2a: Sneasler|Protect|p2a: Sneasler
|-singleturn|p2a: Sneasler|Protect
|move|p1b: Rillaboom|Grassy Glide|p2a: Sneasler
|-activate|p2a: Sneasler|move: Protect
|move|p1a: Archaludon|Thunderbolt|p2b: Amoonguss
|-resisted|p2b: Amoonguss
|-damage|p2b: Amoonguss|71/100
|-status|p2b: Amoonguss|par
|
|-heal|p1b: Rillaboom|30/100|[from] Grassy Terrain
|-heal|p2b: Amoonguss|77/100 par|[from] Grassy Terrain
|upkeep
|turn|3
|
|t:|1756397748
|move|p1a: Archaludon|Protect|p1a: Archaludon
|-singleturn|p1a: Archaludon|Protect
|move|p1b: Rillaboom|Grassy Glide|p2a: Sneasler
|-resisted|p2a: Sneasler
|-damage|p2a: Sneasler|81/100
|move|p2a: Sneasler|Dire Claw|p1b: Rillaboom
|-supereffective|p1b: Rillaboom
|-damage|p1b: Rillaboom|0 fnt
|faint|p1b: Rillaboom
|move|p2b: Amoonguss|Spore|p1a: Archaludon
|-activate|p1a: Archaludon|move: Protect
|
|-heal|p2a: Sneasler|87/100|[from] Grassy Terrain
|-heal|p2b: Amoonguss|83/100 par|[from] Grassy Terrain
|upkeep
|
|t:|1756397755
|switch|p1b: Magmar|Magmar, L50, F, shiny|100/100
|turn|4
|
|t:|1756397773
|move|p2b: Amoonguss|Protect|p2b: Amoonguss
|-singleturn|p2b: Amoonguss|Protect
|move|p2a: Sneasler|Dire Claw|p1b: Magmar
|-damage|p1b: Magmar|67/100
|move|p1a: Archaludon|Dragon Pulse|p2a: Sneasler
|-damage|p2a: Sneasler|0 fnt
|faint|p2a: Sneasler
|move|p1b: Magmar|Taunt|p2b: Amoonguss
|-activate|p2b: Amoonguss|move: Protect
|
|-heal|p1b: Magmar|73/100|[from] Grassy Terrain
|-heal|p2b: Amoonguss|89/100 par|[from] Grassy Terrain
|upkeep
|
|t:|1756397790
|switch|p2a: Gholdengo|Gholdengo, L50|100/100
|turn|5
|
|t:|1756397801
|move|p2b: Amoonguss|Rage Powder|p2b: Amoonguss
|-singleturn|p2b: Amoonguss|move: Rage Powder
|move|p1a: Archaludon|Thunderbolt|p2b: Amoonguss
|-resisted|p2b: Amoonguss
|-crit|p2b: Amoonguss
|-damage|p2b: Amoonguss|43/100 par
|move|p2a: Gholdengo|Nasty Plot|p2a: Gholdengo
|-boost|p2a: Gholdengo|spa|2
|move|p1b: Magmar|Flamethrower|p2b: Amoonguss
|-supereffective|p2b: Amoonguss
|-damage|p2b: Amoonguss|0 fnt
|faint|p2b: Amoonguss
|
|-heal|p1b: Magmar|79/100|[from] Grassy Terrain
|-fieldend|move: Grassy Terrain
|upkeep
|
|t:|1756397816
|switch|p2b: Incineroar|Incineroar, L50, F|13/100
|-ability|p2b: Incineroar|Intimidate|boost
|-unboost|p1a: Archaludon|atk|1
|-unboost|p1b: Magmar|atk|1
|turn|6
|
|t:|1756397824
|move|p1a: Archaludon|Protect|p1a: Archaludon
|-singleturn|p1a: Archaludon|Protect
|move|p2b: Incineroar|Fake Out|p1a: Archaludon
|-activate|p1a: Archaludon|move: Protect
|move|p2a: Gholdengo|Shadow Ball|p1b: Magmar
|-damage|p1b: Magmar|9/100
|-damage|p2a: Gholdengo|91/100|[from] item: Life Orb
|move|p1b: Magmar|Flamethrower|p2a: Gholdengo
|-supereffective|p2a: Gholdengo
|-damage|p2a: Gholdengo|22/100
|
|upkeep
|turn|7
|
|t:|1756397841
|move|p2a: Gholdengo|Protect|p2a: Gholdengo
|-singleturn|p2a: Gholdengo|Protect
|move|p1a: Archaludon|Thunderbolt|p2b: Incineroar
|-damage|p2b: Incineroar|0 fnt
|faint|p2b: Incineroar
|move|p1b: Magmar|Flamethrower|p2a: Gholdengo
|-activate|p2a: Gholdengo|move: Protect
|
|upkeep
|turn|8
|
|t:|1756397851
|move|p1a: Archaludon|Thunderbolt|p2a: Gholdengo
|-damage|p2a: Gholdengo|0 fnt
|faint|p2a: Gholdengo
|
|win|Dust and fidget
||Dust and fidget is ready for game 2.
