|j|☆sparkyspark225
|j|☆Impalavgc
|html|sparkyspark225Impalavgc    
|uhtml|bestof|Game 1 of a best-of-3
|t:|1756996890
|gametype|doubles
|player|p1|sparkyspark225|2|1071
|player|p2|Impalavgc|waitress-gen4|1000
|gen|9
|tier|[Gen 9] VGC 2025 Reg H (Bo3)
|rated|
|rule|Species Clause: Limit one of each Pokémon
|rule|Item Clause: Limit 1 of each item
|clearpoke
|poke|p1|Archaludon, L50, F|
|poke|p1|Basculegion, L50, M|
|poke|p1|Pelipper, L50, F|
|poke|p1|Amoonguss, L50, M|
|poke|p1|Incineroar, L50, M|
|poke|p1|Maushold, L50|
|poke|p2|Mimikyu, L50, F|
|poke|p2|Ursaluna-Bloodmoon, L50, M|
|poke|p2|Dragonite, L50, F|
|poke|p2|Magmar, L50, M|
|poke|p2|Sneasler, L50, M|
|poke|p2|Basculegion, L50, M|
|teampreview|4
|showteam|p1|Archaludon||AssaultVest|Stamina|ElectroShot,DragonPulse,FlashCannon,BodyPress|||F|||50|,,,,,Grass]Basculegion||MysticWater|SwiftSwim|Protect,WaveCrash,AquaJet,LastRespects|||M|||50|,,,,,Water]Pelipper||FocusSash|Drizzle|Hurricane,WeatherBall,Tailwind,Protect|||F|||50|,,,,,Ghost]Amoonguss||SitrusBerry|Regenerator|Spore,RagePowder,PollenPuff,ClearSmog|||M|||50|,,,,,Water]Incineroar||SafetyGoggles|Intimidate|FakeOut,FlareBlitz,KnockOff,PartingShot|||M|||50|,,,,,Ghost]Maushold||WideLens|Technician|PopulationBomb,FollowMe,Taunt,Protect||||||50|,,,,,Grass
|showteam|p2|Mimikyu||LifeOrb|Disguise|Protect,ShadowSneak,PlayRough,ShadowClaw|||F|||50|,,,,,Ghost]Ursaluna-Bloodmoon||AssaultVest|MindsEye|BloodMoon,EarthPower,HyperVoice,VacuumWave|||M|||50|,,,,,Water]Dragonite||LoadedDice|Multiscale|Protect,ScaleShot,Haze,Tailwind|||F|||50|,,,,,Fairy]Magmar||Eviolite|VitalSpirit|Protect,Flamethrower,FollowMe,WillOWisp|||M|||50|,,,,,Ghost]Sneasler||FocusSash|Unburden|Protect,CloseCombat,DireClaw,Coaching|||M|||50|,,,,,Ghost]Basculegion||ChoiceScarf|Adaptability|WaveCrash,LastRespects,TeraBlast,FlipTurn|||M|||50|,,,,,Fighting
|c|☆Impalavgc|glhf
|inactive|Battle timer is ON: inactive players will automatically lose when time's up. (requested by sparkyspark225)
|
|t:|1756996940
|teamsize|p1|4
|teamsize|p2|4
|start
|switch|p1a: Pelipper|Pelipper, L50, F|100/100
|switch|p1b: Archaludon|Archaludon, L50, F|100/100
|switch|p2a: Basculegion|Basculegion, L50, M|100/100
|switch|p2b: Magmar|Magmar, L50, M|100/100
|-weather|RainDance|[from] ability: Drizzle|[of] p1a: Pelipper
|turn|1
|c|☆sparkyspark225|u2
|
|t:|1756996965
|-terastallize|p2a: Basculegion|Fighting
|move|p2a: Basculegion|Tera Blast|p1b: Archaludon|[anim] Tera Blast Fighting
|-supereffective|p1b: Archaludon
|-damage|p1b: Archaludon|27/100
|-ability|p1b: Archaludon|Stamina|boost
|-boost|p1b: Archaludon|def|1
|move|p1a: Pelipper|Tailwind|p1a: Pelipper
|-sidestart|p1: sparkyspark225|move: Tailwind
|move|p1b: Archaludon|Electro Shot||[still]
|-prepare|p1b: Archaludon|Electro Shot
|-boost|p1b: Archaludon|spa|1
|-anim|p1b: Archaludon|Electro Shot|p2a: Basculegion
|-damage|p2a: Basculegion|19/100
|move|p2b: Magmar|Will-O-Wisp|p1b: Archaludon
|-status|p1b: Archaludon|brn
|
|-weather|RainDance|[upkeep]
|-damage|p1b: Archaludon|21/100 brn|[from] brn
|upkeep
|turn|2
|
|t:|1756996990
|move|p2b: Magmar|Follow Me|p2b: Magmar
|-singleturn|p2b: Magmar|move: Follow Me
|move|p1a: Pelipper|Weather Ball|p2b: Magmar
|-supereffective|p2b: Magmar
|-damage|p2b: Magmar|0 fnt
|faint|p2b: Magmar
|move|p1b: Archaludon|Electro Shot||[still]
|-prepare|p1b: Archaludon|Electro Shot
|-boost|p1b: Archaludon|spa|1
|-anim|p1b: Archaludon|Electro Shot|p2a: Basculegion
|-damage|p2a: Basculegion|0 fnt
|faint|p2a: Basculegion
|
|-weather|RainDance|[upkeep]
|-damage|p1b: Archaludon|15/100 brn|[from] brn
|upkeep
|
|t:|1756996995
|switch|p2a: Sneasler|Sneasler, L50, M|100/100
|switch|p2b: Mimikyu|Mimikyu, L50, F|100/100
|turn|3
|
|t:|1756997019
|move|p1a: Pelipper|Hurricane|p2a: Sneasler
|-supereffective|p2a: Sneasler
|-enditem|p2a: Sneasler|Focus Sash
|-damage|p2a: Sneasler|1/100
|move|p2a: Sneasler|Close Combat|p1b: Archaludon
|-supereffective|p1b: Archaludon
|-damage|p1b: Archaludon|0 fnt
|-unboost|p2a: Sneasler|def|1
|-unboost|p2a: Sneasler|spd|1
|faint|p1b: Archaludon
|move|p2b: Mimikyu|Play Rough|p1a: Pelipper
|-damage|p1a: Pelipper|24/100
|-damage|p2b: Mimikyu|91/100|[from] item: Life Orb
|
|-weather|RainDance|[upkeep]
|upkeep
|
|t:|1756997036
|switch|p1b: Basculegion|Basculegion, L50, M|100/100
|turn|4
|
|t:|1756997045
|move|p1b: Basculegion|Aqua Jet|p2a: Sneasler
|-damage|p2a: Sneasler|0 fnt
|faint|p2a: Sneasler
|move|p1a: Pelipper|Hurricane|p2b: Mimikyu
|-activate|p2b: Mimikyu|ability: Disguise
|-damage|p2b: Mimikyu|91/100
|detailschange|p2b: Mimikyu|Mimikyu-Busted, L50, F
|-damage|p2b: Mimikyu|78/100|[from] pokemon: Mimikyu-Busted
|move|p2b: Mimikyu|Shadow Claw|p1b: Basculegion
|-supereffective|p1b: Basculegion
|-damage|p1b: Basculegion|0 fnt
|faint|p1b: Basculegion
|-damage|p2b: Mimikyu|68/100|[from] item: Life Orb
|
|-weather|RainDance|[upkeep]
|-sideend|p1: sparkyspark225|move: Tailwind
|upkeep
|
|t:|1756997059
|switch|p1b: Incineroar|Incineroar, L50, M|100/100
|-ability|p1b: Incineroar|Intimidate|boost
|-unboost|p2b: Mimikyu|atk|1
|turn|5
|
|t:|1756997066
|move|p2b: Mimikyu|Shadow Claw|p1a: Pelipper
|-damage|p1a: Pelipper|0 fnt
|faint|p1a: Pelipper
|-damage|p2b: Mimikyu|59/100|[from] item: Life Orb
|move|p1b: Incineroar|Knock Off|p2b: Mimikyu
|-damage|p2b: Mimikyu|0 fnt
|-enditem|p2b: Mimikyu|Life Orb|[from] move: Knock Off|[of] p1b: Incineroar
|faint|p2b: Mimikyu
|
|win|sparkyspark225
