|j|☆TransGirlChomp1
|j|☆wat2199
|html|TransGirlChomp1wat2199    
|uhtml|bestof|Game 3 of a best-of-3
|t:|1784342513
|gametype|doubles
|player|p1|TransGirlChomp1|skierf|1286
|player|p2|wat2199|nurse|1155
|gen|9
|tier|[Gen 9 Champions] VGC 2026 Reg M-B (Bo3)
|rated|
|rule|Species Clause: Limit one of each Pokémon
|rule|Item Clause: Limit 1 of each item
|clearpoke
|poke|p1|Garchomp, L50, F|
|poke|p1|Tyranitar, L50, F|
|poke|p1|Gholdengo, L50|
|poke|p1|Venusaur, L50, M|
|poke|p1|Incineroar, L50, F|
|poke|p1|Milotic, L50, M|
|poke|p2|Metagross, L50, shiny|
|poke|p2|Floette-Eternal, L50, F|
|poke|p2|Sneasler, L50, M|
|poke|p2|Sinistcha, L50|
|poke|p2|Incineroar, L50, M|
|poke|p2|Pelipper, L50, F|
|teampreview|4
|showteam|p1|Garchomp||Garchompite|SandVeil|EarthPower,DragonPulse,PowerGem,Protect|Modest||F|||50|]Tyranitar||ChoiceScarf|SandStream|RockSlide,KnockOff,LowKick,IcyWind|Adamant||F|||50|]Gholdengo||LifeOrb|GoodasGold|MakeItRain,ShadowBall,NastyPlot,Protect|Modest|||||50|]Venusaur||Venusaurite|Chlorophyll|GigaDrain,SludgeBomb,LeechSeed,Protect|Modest||M|||50|]Incineroar||PasshoBerry|Intimidate|FakeOut,FlareBlitz,ThroatChop,PartingShot|Careful||F|||50|]Milotic||Leftovers|Competitive|Scald,IcyWind,Haze,Protect|Modest||M|||50|
|showteam|p2|Metagross||Metagrossite|ClearBody|PsychicFangs,StompingTantrum,BulletPunch,Protect|Adamant|||||50|]Floette-Eternal||Floettite|FlowerVeil|Moonblast,DazzlingGleam,CalmMind,Protect|Modest||F|||50|]Sneasler||WhiteHerb|Unburden|CloseCombat,RockTomb,Coaching,FakeOut|Jolly||M|||50|]Sinistcha||FocusSash|Hospitality|ShadowBall,GigaDrain,RagePowder,Protect|Modest|||||50|]Incineroar||SitrusBerry|Intimidate|DarkestLariat,FakeOut,PartingShot,Roar|Adamant||M|||50|]Pelipper||LifeOrb|Drizzle|WeatherBall,Hurricane,Tailwind,Protect|Bold||F|||50|
|inactive|Battle timer is ON: inactive players will automatically lose when time's up. (requested by wat2199)
|inactive|TransGirlChomp1 also wants the timer to be on.
|
|t:|1784342536
|teamsize|p1|4
|teamsize|p2|4
|start
|switch|p1a: Garchomp|Garchomp, L50, F|100/100
|switch|p1b: Tyranitar|Tyranitar, L50, F|100/100
|switch|p2a: Hayven|Floette-Eternal, L50, F|100/100
|switch|p2b: Ana|Sinistcha, L50|100/100
|-weather|Sandstorm|[from] ability: Sand Stream|[of] p1b: Tyranitar
|turn|1
|inactive|wat2199 has 30 seconds left.
|
|t:|1784342564
|switch|p1a: Gholdengo|Gholdengo, L50|100/100
|move|p2b: Ana|Rage Powder|p2b: Ana
|-singleturn|p2b: Ana|move: Rage Powder
|move|p1b: Tyranitar|Icy Wind|p2a: Hayven|[spread] p2a,p2b
|-supereffective|p2b: Ana|1
|-damage|p2a: Hayven|93/100
|-damage|p2b: Ana|81/100
|-unboost|p2a: Hayven|spe|1
|move|p2a: Hayven|Calm Mind|p2a: Hayven
|-boost|p2a: Hayven|spa|1
|-boost|p2a: Hayven|spd|1
|
|-weather|Sandstorm|[upkeep]
|-damage|p2b: Ana|75/100|[from] Sandstorm
|-damage|p2a: Hayven|87/100|[from] Sandstorm
|upkeep
|turn|2
|
|t:|1784342584
|move|p2a: Hayven|Protect|p2a: Hayven
|-singleturn|p2a: Hayven|Protect
|move|p1b: Tyranitar|Icy Wind|p2a: Hayven|[spread] p2b
|-activate|p2a: Hayven|move: Protect
|-supereffective|p2b: Ana|1
|-damage|p2b: Ana|55/100
|move|p1a: Gholdengo|Nasty Plot|p1a: Gholdengo
|-boost|p1a: Gholdengo|spa|2
|move|p2b: Ana|Shadow Ball|p1a: Gholdengo
|-supereffective|p1a: Gholdengo|1
|-damage|p1a: Gholdengo|11/100
|
|-weather|Sandstorm|[upkeep]
|-damage|p2b: Ana|49/100|[from] Sandstorm
|-damage|p2a: Hayven|81/100|[from] Sandstorm
|upkeep
|turn|3
|
|t:|1784342605
|switch|p1b: Incineroar|Incineroar, L50, F|100/100
|-ability|p1b: Incineroar|Intimidate|boost
|-unboost|p2a: Hayven|atk|1
|-block|p2b: Ana|ability: Flower Veil|[of] p2a: Hayven
|switch|p2a: Sprinkles|Pelipper, L50, F|100/100
|-weather|RainDance|[from] ability: Drizzle|[of] p2a: Sprinkles
|move|p1a: Gholdengo|Make It Rain|p2a: Sprinkles|[spread] p2a,p2b
|-resisted|p2a: Sprinkles|1
|-crit|p2b: Ana
|-damage|p2a: Sprinkles|16/100
|-damage|p2b: Ana|0 fnt
|-unboost|p1a: Gholdengo|spa|2
|faint|p2b: Ana
|-damage|p1a: Gholdengo|2/100|[from] item: Life Orb
|
|-weather|RainDance|[upkeep]
|upkeep
|
|t:|1784342626
|switch|p2b: Rey|Sneasler, L50, M|100/100
|turn|4
|
|t:|1784342642
|switch|p1a: Tyranitar|Tyranitar, L50, F|100/100
|-weather|Sandstorm|[from] ability: Sand Stream|[of] p1a: Tyranitar
|move|p1b: Incineroar|Fake Out|p2b: Rey
|-damage|p2b: Rey|82/100
|cant|p2b: Rey|flinch
|move|p2a: Sprinkles|Weather Ball|p1b: Incineroar
|-supereffective|p1b: Incineroar|1
|-damage|p1b: Incineroar|48/100
|-damage|p2a: Sprinkles|6/100|[from] item: Life Orb
|
|-weather|Sandstorm|[upkeep]
|-damage|p2b: Rey|76/100|[from] Sandstorm
|-damage|p2a: Sprinkles|1/100|[from] Sandstorm
|-damage|p1b: Incineroar|42/100|[from] Sandstorm
|upkeep
|turn|5
|
|t:|1784342660
|switch|p1a: Gholdengo|Gholdengo, L50|2/100
|switch|p2a: Hayven|Floette-Eternal, L50, F|81/100
|switch|p1b: Garchomp|Garchomp, L50, F|100/100
|move|p2b: Rey|Rock Tomb|p1a: Gholdengo
|-resisted|p1a: Gholdengo|1
|-damage|p1a: Gholdengo|0 fnt
|faint|p1a: Gholdengo
|
|-weather|Sandstorm|[upkeep]
|-damage|p2b: Rey|70/100|[from] Sandstorm
|-damage|p2a: Hayven|75/100|[from] Sandstorm
|upkeep
|
|t:|1784342675
|switch|p1a: Incineroar|Incineroar, L50, F|42/100
|-ability|p1a: Incineroar|Intimidate|boost
|-unboost|p2a: Hayven|atk|1
|-unboost|p2b: Rey|atk|1
|-enditem|p2b: Rey|White Herb
|-clearnegativeboost|p2b: Rey|[silent]
|turn|6
|inactive|wat2199 has 30 seconds left.
|
|t:|1784342702
|detailschange|p1b: Garchomp|Garchomp-Mega, L50, F
|-mega|p1b: Garchomp|Garchomp|Garchompite
|detailschange|p2a: Hayven|Floette-Mega, L50, F
|-mega|p2a: Hayven|Floette|Floettite
|-ability|p2a: Hayven|Fairy Aura
|move|p1a: Incineroar|Fake Out|p2a: Hayven
|-damage|p2a: Hayven|63/100
|move|p2b: Rey|Close Combat|p1a: Incineroar
|-supereffective|p1a: Incineroar|1
|-damage|p1a: Incineroar|0 fnt
|-unboost|p2b: Rey|def|1
|-unboost|p2b: Rey|spd|1
|faint|p1a: Incineroar
|cant|p2a: Hayven|flinch
|move|p1b: Garchomp|Earth Power|p2b: Rey
|-supereffective|p2b: Rey|1
|-damage|p2b: Rey|0 fnt
|faint|p2b: Rey
|
|-weather|Sandstorm|[upkeep]
|-damage|p2a: Hayven|57/100|[from] Sandstorm
|upkeep
|
|t:|1784342721
|switch|p2b: Sprinkles|Pelipper, L50, F|1/100
|switch|p1a: Tyranitar|Tyranitar, L50, F|100/100
|-weather|RainDance|[from] ability: Drizzle|[of] p2b: Sprinkles
|turn|7
|
|t:|1784342741
|move|p1a: Tyranitar|Rock Slide|p2a: Hayven|[spread] p2a,p2b
|-supereffective|p2b: Sprinkles|1
|-damage|p2a: Hayven|16/100
|-damage|p2b: Sprinkles|0 fnt
|faint|p2b: Sprinkles
|cant|p2a: Hayven|flinch
|move|p1b: Garchomp|Earth Power|p2a: Hayven
|-damage|p2a: Hayven|0 fnt
|faint|p2a: Hayven
|
|win|TransGirlChomp1
|raw|TransGirlChomp1's rating: 1286 → 1302(+16 for winning)
|raw|wat2199's rating: 1155 → 1139(-16 for losing)
|l|☆wat2199
|player|p2|
