|j|☆Jayayawesome
|j|☆25th_mang
|html|Jayayawesome25th_mang    
|uhtml|bestof|Game 2 of a best-of-3
|t:|1783475271
|gametype|doubles
|player|p1|Jayayawesome|101|1198
|player|p2|25th_mang|ballguy|1239
|gen|9
|tier|[Gen 9 Champions] VGC 2026 Reg M-B (Bo3)
|rated|
|rule|Species Clause: Limit one of each Pokémon
|rule|Item Clause: Limit 1 of each item
|clearpoke
|poke|p1|Pelipper, L50, F|
|poke|p1|Sinistcha-Masterpiece, L50|
|poke|p1|Swampert, L50, M|
|poke|p1|Archaludon, L50, F|
|poke|p1|Metagross, L50|
|poke|p1|Grimmsnarl, L50, M|
|poke|p2|Blastoise, L50, M|
|poke|p2|Aerodactyl, L50, M|
|poke|p2|Sinistcha, L50|
|poke|p2|Kingambit, L50, M|
|poke|p2|Tsareena, L50, F|
|poke|p2|Metagross, L50, shiny|
|teampreview|4
|showteam|p1|Pelipper||FocusSash|Drizzle|Hurricane,WeatherBall,Tailwind,WideGuard|Modest||F|||50|]Sinistcha-Masterpiece||CobaBerry|Hospitality|MatchaGotcha,RagePowder,TrickRoom,Protect|Relaxed|||||50|]Swampert||Swampertite|Damp|WaveCrash,Earthquake,IcePunch,Protect|Adamant||M|||50|]Archaludon||Leftovers|Stamina|ElectroShot,DragonPulse,FlashCannon,Protect|Modest||F|||50|]Metagross||Metagrossite|ClearBody|IronHead,PsychicFangs,BodyPress,Protect|Jolly|||||50|]Grimmsnarl||LightClay|Prankster|Reflect,LightScreen,FoulPlay,PartingShot|Calm||M|||50|
|showteam|p2|Blastoise||Blastoisinite|RainDish|WaterSpout,AuraSphere,DarkPulse,FakeOut|Modest||M|||50|]Aerodactyl||FocusSash|Unnerve|Tailwind,RainDance,RockSlide,DualWingbeat|Jolly||M|||50|]Sinistcha||SitrusBerry|Hospitality|LifeDew,MatchaGotcha,TrickRoom,RagePowder|Quiet|||||50|]Kingambit||ChopleBerry|Defiant|KowtowCleave,SuckerPunch,LowKick,IronHead|Adamant||M|||50|]Tsareena||WideLens|QueenlyMajesty|TropKick,LowKick,TripleAxel,HelpingHand|Adamant||F|||50|]Metagross||Metagrossite|ClearBody|IronHead,PsychicFangs,IcePunch,Protect|Adamant|||||50|
|inactive|Battle timer is ON: inactive players will automatically lose when time's up. (requested by 25th_mang)
|inactive|25th_mang has 60 seconds left.
|inactive|25th_mang has 30 seconds left.
|
|t:|1783475338
|teamsize|p1|4
|teamsize|p2|4
|start
|switch|p1a: Grimmsnarl|Grimmsnarl, L50, M|100/100
|switch|p1b: Pelipper|Pelipper, L50, F|100/100
|switch|p2a: Her Majesty 5|Tsareena, L50, F|100/100
|switch|p2b: Voyager|Blastoise, L50, M|100/100
|-weather|RainDance|[from] ability: Drizzle|[of] p1b: Pelipper
|turn|1
|inactive|25th_mang has 30 seconds left.
|inactive|25th_mang has 20 seconds left.
|inactive|25th_mang has 15 seconds left.
|inactive|25th_mang has 10 seconds left.
|
|t:|1783475385
|detailschange|p2b: Voyager|Blastoise-Mega, L50, M
|-mega|p2b: Voyager|Blastoise|Blastoisinite
|move|p1a: Grimmsnarl|Light Screen|p1a: Grimmsnarl
|-sidestart|p1: Jayayawesome|move: Light Screen
|move|p2b: Voyager|Dark Pulse|p1b: Pelipper
|-damage|p1b: Pelipper|57/100
|move|p2a: Her Majesty 5|Trop Kick|p1b: Pelipper
|-damage|p1b: Pelipper|15/100
|-unboost|p1b: Pelipper|atk|1
|move|p1b: Pelipper|Tailwind|p1b: Pelipper
|-sidestart|p1: Jayayawesome|move: Tailwind
|
|-weather|RainDance|[upkeep]
|upkeep
|turn|2
|inactive|25th_mang has 30 seconds left.
|inactive|25th_mang has 20 seconds left.
|inactive|25th_mang has 15 seconds left.
|inactive|25th_mang has 10 seconds left.
|
|t:|1783475430
|switch|p1b: Archaludon|Archaludon, L50, F|100/100
|switch|p2a: George t. L.|Metagross, L50, shiny|100/100
|move|p1a: Grimmsnarl|Reflect|p1a: Grimmsnarl
|-sidestart|p1: Jayayawesome|Reflect
|move|p2b: Voyager|Water Spout|p1a: Grimmsnarl|[spread] p1a,p1b
|-resisted|p1b: Archaludon|1
|-damage|p1a: Grimmsnarl|43/100
|-damage|p1b: Archaludon|68/100
|-ability|p1b: Archaludon|Stamina|boost
|-boost|p1b: Archaludon|def|1
|
|-weather|RainDance|[upkeep]
|-heal|p1b: Archaludon|74/100|[from] item: Leftovers
|upkeep
|turn|3
|inactive|Jayayawesome has 30 seconds left.
|
|t:|1783475466
|switch|p2b: Her Majesty 5|Tsareena, L50, F|100/100
|move|p1b: Archaludon|Electro Shot||[still]
|-prepare|p1b: Archaludon|Electro Shot
|-boost|p1b: Archaludon|spa|1
|-anim|p1b: Archaludon|Electro Shot|p2a: George t. L.
|-damage|p2a: George t. L.|22/100
|move|p1a: Grimmsnarl|Foul Play|p2a: George t. L.
|-supereffective|p2a: George t. L.|1
|-damage|p2a: George t. L.|0 fnt
|faint|p2a: George t. L.
|
|-weather|RainDance|[upkeep]
|-heal|p1b: Archaludon|80/100|[from] item: Leftovers
|upkeep
|
|t:|1783475483
|switch|p2a: Save Me|Sinistcha, L50|100/100
|turn|4
|inactive|Jayayawesome has 30 seconds left.
|
|t:|1783475514
|move|p1a: Grimmsnarl|Parting Shot||[still]
|cant|p2b: Her Majesty 5|ability: Queenly Majesty|Parting Shot|[of] p1a: Grimmsnarl
|move|p1b: Archaludon|Dragon Pulse|p2b: Her Majesty 5
|-damage|p2b: Her Majesty 5|42/100
|move|p2b: Her Majesty 5|Trop Kick|p1a: Grimmsnarl
|-damage|p1a: Grimmsnarl|13/100
|-unboost|p1a: Grimmsnarl|atk|1
|move|p2a: Save Me|Matcha Gotcha|p1b: Archaludon|[spread] p1a,p1b
|-resisted|p1b: Archaludon|2
|-damage|p1a: Grimmsnarl|0 fnt
|-damage|p1b: Archaludon|76/100
|-ability|p1b: Archaludon|Stamina|boost
|-boost|p1b: Archaludon|def|1
|faint|p1a: Grimmsnarl
|
|-weather|RainDance|[upkeep]
|-heal|p1b: Archaludon|82/100|[from] item: Leftovers
|-sideend|p1: Jayayawesome|move: Tailwind
|upkeep
|
|t:|1783475533
|switch|p1a: Swampert|Swampert, L50, M|100/100
|turn|5
|
|t:|1783475552
|detailschange|p1a: Swampert|Swampert-Mega, L50, M
|-mega|p1a: Swampert|Swampert|Swampertite
|move|p2b: Her Majesty 5|Helping Hand|p2a: Save Me
|-singleturn|p2a: Save Me|Helping Hand|[of] p2b: Her Majesty 5
|move|p1a: Swampert|Protect|p1a: Swampert
|-singleturn|p1a: Swampert|Protect
|move|p1b: Archaludon|Dragon Pulse|p2b: Her Majesty 5
|-damage|p2b: Her Majesty 5|0 fnt
|faint|p2b: Her Majesty 5
|move|p2a: Save Me|Matcha Gotcha|p1b: Archaludon|[spread] p1b
|-activate|p1a: Swampert|move: Protect
|-resisted|p1b: Archaludon|2
|-damage|p1b: Archaludon|76/100
|-ability|p1b: Archaludon|Stamina|boost
|-boost|p1b: Archaludon|def|1
|
|-weather|none
|-heal|p1b: Archaludon|82/100|[from] item: Leftovers
|upkeep
|
|t:|1783475567
|switch|p2b: Voyager|Blastoise-Mega, L50, M|100/100
|turn|6
|inactive|Jayayawesome has 30 seconds left.
|inactive|Jayayawesome has 20 seconds left.
|inactive|Jayayawesome has 15 seconds left.
|inactive|Jayayawesome has 10 seconds left.
|
|t:|1783475615
|move|p2b: Voyager|Aura Sphere|p1b: Archaludon
|-supereffective|p1b: Archaludon|1
|-damage|p1b: Archaludon|22/100
|-ability|p1b: Archaludon|Stamina|boost
|-boost|p1b: Archaludon|def|1
|move|p1b: Archaludon|Dragon Pulse|p2a: Save Me
|-damage|p2a: Save Me|34/100
|-enditem|p2a: Save Me|Sitrus Berry|[eat]
|-heal|p2a: Save Me|58/100|[from] item: Sitrus Berry
|move|p1a: Swampert|Ice Punch|p2a: Save Me
|-supereffective|p2a: Save Me|1
|-damage|p2a: Save Me|6/100
|move|p2a: Save Me|Matcha Gotcha|p1b: Archaludon|[spread] p1a,p1b
|-supereffective|p1a: Swampert|2
|-resisted|p1b: Archaludon|2
|-damage|p1a: Swampert|33/100
|-heal|p2a: Save Me|42/100|[from] drain|[of] p1a: Swampert
|-damage|p1b: Archaludon|18/100
|-heal|p2a: Save Me|44/100|[from] drain|[of] p1b: Archaludon
|-status|p1a: Swampert|brn
|-ability|p1b: Archaludon|Stamina|boost
|-boost|p1b: Archaludon|def|1
|
|-heal|p1b: Archaludon|24/100|[from] item: Leftovers
|-damage|p1a: Swampert|27/100 brn|[from] brn
|upkeep
|turn|7
|inactive|Jayayawesome has 30 seconds left.
|inactive|25th_mang has 30 seconds left.
|
|t:|1783475645
|switch|p1b: Pelipper|Pelipper, L50, F|15/100
|-weather|RainDance|[from] ability: Drizzle|[of] p1b: Pelipper
|move|p1a: Swampert|Earthquake|p2a: Save Me|[spread] p2a,p2b
|-immune|p1b: Pelipper
|-resisted|p2a: Save Me|1
|-damage|p2a: Save Me|34/100
|-damage|p2b: Voyager|75/100
|move|p2b: Voyager|Aura Sphere|p1b: Pelipper
|-resisted|p1b: Pelipper|1
|-damage|p1b: Pelipper|0 fnt
|faint|p1b: Pelipper
|move|p2a: Save Me|Matcha Gotcha|p1a: Swampert
|-supereffective|p1a: Swampert|2
|-damage|p1a: Swampert|0 fnt
|-heal|p2a: Save Me|48/100|[from] drain|[of] p1a: Swampert
|faint|p1a: Swampert
|
|-weather|RainDance|[upkeep]
|upkeep
|-message|Jayayawesome forfeited.
|
|win|25th_mang
|raw|Jayayawesome's rating: 1198 → 1176(-22 for losing)
|raw|25th_mang's rating: 1239 → 1261(+22 for winning)
|l|☆Jayayawesome
|player|p1|
|l|☆25th_mang
|player|p2|
|j|☆25th_mang
|player|p2|25th_mang|ballguy|
