|j|☆Fr3aky B1lly
|j|☆practicesemijrlman
|html|Fr3aky B1llypracticesemijrlman    
|uhtml|bestof|Game 1 of a best-of-3
|t:|1757774207
|gametype|doubles
|player|p1|Fr3aky B1lly|crasherwake|1170
|player|p2|practicesemijrlman|1|1337
|gen|9
|tier|[Gen 9] VGC 2025 Reg H (Bo3)
|rated|
|rule|Species Clause: Limit one of each Pokémon
|rule|Item Clause: Limit 1 of each item
|clearpoke
|poke|p1|Corviknight, L50, M|
|poke|p1|Tyranitar, L50, F|
|poke|p1|Golem-Alola, L50, M|
|poke|p1|Dondozo, L50, M|
|poke|p1|Tatsugiri, L50, F|
|poke|p1|Excadrill, L50, F|
|poke|p2|Dondozo, L50, M|
|poke|p2|Tatsugiri, L50, M|
|poke|p2|Indeedee, L50, M|
|poke|p2|Garchomp, L50, F|
|poke|p2|Gholdengo, L50|
|poke|p2|Murkrow, L50, M|
|teampreview|4
|showteam|p1|Corviknight||Leftovers|MirrorArmor|BraveBird,BodyPress,IronDefense,Protect|||M|||50|,,,,,Fighting]Tyranitar||AssaultVest|SandStream|KnockOff,RockSlide,Protect,HelpingHand|||F|||50|,,,,,Flying]Golem-Alola||LifeOrb|Galvanize|DoubleEdge,RockSlide,Protect,WideGuard|||M|||50|,,,,,Flying]Dondozo||SafetyGoggles|Oblivious|WaveCrash,OrderUp,Protect,Earthquake|||M|||50|,,,,,Dragon]Tatsugiri||ChoiceScarf|Commander|DracoMeteor,IcyWind,MuddyWater,HydroPump|||F|||50|,,,,,Stellar]Excadrill||FocusSash|SandRush|Earthquake,HighHorsepower,IronHead,Protect|||F|||50|,,,,,Water
|showteam|p2|Dondozo||Leftovers|Unaware|OrderUp,Earthquake,WaveCrash,Protect|||M|||50|,,,,,Grass]Tatsugiri||FocusSash|Commander|DracoMeteor,MuddyWater,IcyWind,Protect|||M|||50|,,,,,Stellar]Indeedee||ChoiceScarf|PsychicSurge|ExpandingForce,Trick,AfterYou,HyperVoice|||M|||50|,,,,,Psychic]Garchomp||LifeOrb|RoughSkin|Earthquake,StompingTantrum,DragonClaw,Protect|||F|||50|,,,,,Ground]Gholdengo||ChoiceSpecs|GoodasGold|MakeItRain,ShadowBall,SteelBeam,Thunderbolt||||||50|,,,,,Steel]Murkrow||Eviolite|Prankster|FoulPlay,Tailwind,Quash,Haze|||M|||50|,,,,,Ghost
|inactive|Battle timer is ON: inactive players will automatically lose when time's up. (requested by practicesemijrlman)
|inactive|Fr3aky B1lly has 60 seconds left.
|inactive|Fr3aky B1lly has 30 seconds left.
|
|t:|1757774274
|teamsize|p1|4
|teamsize|p2|4
|start
|switch|p1a: ttar|Tyranitar, L50, F, shiny|100/100
|switch|p1b: Excadrill|Excadrill, L50, F|100/100
|switch|p2a: Gholdengo|Gholdengo, L50|100/100
|switch|p2b: Murkrow|Murkrow, L50, M|100/100
|-weather|Sandstorm|[from] ability: Sand Stream|[of] p1a: ttar
|turn|1
|inactive|Fr3aky B1lly has 30 seconds left.
|inactive|Fr3aky B1lly has 20 seconds left.
|inactive|Fr3aky B1lly has 15 seconds left.
|inactive|Fr3aky B1lly has 10 seconds left.
|
|t:|1757774323
|-terastallize|p2a: Gholdengo|Steel
|move|p2b: Murkrow|Quash|p1b: Excadrill
|-activate|p1b: Excadrill|move: Quash
|move|p2a: Gholdengo|Make It Rain|p1b: Excadrill|[spread] p1a,p1b
|-supereffective|p1a: ttar
|-resisted|p1b: Excadrill
|-damage|p1a: ttar|23/100
|-damage|p1b: Excadrill|35/100
|-unboost|p2a: Gholdengo|spa|1
|move|p1a: ttar|Rock Slide|p2a: Gholdengo|[spread] p2a
|-miss|p1a: ttar|p2b: Murkrow
|-resisted|p2a: Gholdengo
|-damage|p2a: Gholdengo|81/100
|move|p1b: Excadrill|High Horsepower|p2a: Gholdengo
|-supereffective|p2a: Gholdengo
|-damage|p2a: Gholdengo|0 fnt
|faint|p2a: Gholdengo
|
|-weather|Sandstorm|[upkeep]
|-damage|p2b: Murkrow|95/100|[from] Sandstorm
|upkeep
|
|t:|1757774344
|switch|p2a: Garchomp|Garchomp, L50, F|100/100
|turn|2
|
|t:|1757774368
|move|p1b: Excadrill|Protect|p1b: Excadrill
|-singleturn|p1b: Excadrill|Protect
|move|p2b: Murkrow|Tailwind|p2b: Murkrow
|-sidestart|p2: practicesemijrlman|move: Tailwind
|move|p2a: Garchomp|Earthquake|p1b: Excadrill|[spread] p1a
|-activate|p1b: Excadrill|move: Protect
|-immune|p2b: Murkrow
|-supereffective|p1a: ttar
|-damage|p1a: ttar|0 fnt
|faint|p1a: ttar
|-damage|p2a: Garchomp|91/100|[from] item: Life Orb
|
|-weather|Sandstorm|[upkeep]
|-damage|p2b: Murkrow|89/100|[from] Sandstorm
|upkeep
|
|t:|1757774382
|switch|p1a: big dozo|Dondozo, L50, M|100/100
|turn|3
|
|t:|1757774394
|switch|p1b: sushie|Tatsugiri, L50, F, shiny|100/100
|-activate|p1b: sushie|ability: Commander|[of] p1a: big dozo
|-boost|p1a: big dozo|atk|2
|-boost|p1a: big dozo|spa|2
|-boost|p1a: big dozo|spe|2
|-boost|p1a: big dozo|def|2
|-boost|p1a: big dozo|spd|2
|move|p2b: Murkrow|Haze|p2b: Murkrow
|-clearallboost
|move|p2a: Garchomp|Earthquake|p1b: sushie|[spread] p1a
|-miss|p2a: Garchomp|p1b: sushie
|-immune|p2b: Murkrow
|-damage|p1a: big dozo|67/100
|-damage|p2a: Garchomp|81/100|[from] item: Life Orb
|move|p1a: big dozo|Order Up|p2a: Garchomp
|-supereffective|p2a: Garchomp
|-damage|p2a: Garchomp|32/100
|-boost|p1a: big dozo|atk|1
|
|-weather|Sandstorm|[upkeep]
|-damage|p2b: Murkrow|83/100|[from] Sandstorm
|-damage|p1b: sushie|94/100|[from] Sandstorm
|upkeep
|turn|4
|c|☆Fr3aky B1lly|uh oh
|inactive|Fr3aky B1lly has 30 seconds left.
|
|t:|1757774428
|move|p2a: Garchomp|Dragon Claw|p1a: big dozo
|-damage|p1a: big dozo|30/100
|-damage|p2a: Garchomp|22/100|[from] item: Life Orb
|move|p2b: Murkrow|Foul Play|p1a: big dozo
|-damage|p1a: big dozo|0 fnt
|faint|p1a: big dozo
|
|-weather|Sandstorm|[upkeep]
|-damage|p2b: Murkrow|77/100|[from] Sandstorm
|-damage|p1b: sushie|88/100|[from] Sandstorm
|upkeep
|
|t:|1757774437
|switch|p1a: Excadrill|Excadrill, L50, F|35/100
|turn|5
|
|t:|1757774448
|move|p2a: Garchomp|Earthquake|p1b: sushie|[spread] p1a,p1b
|-immune|p2b: Murkrow
|-supereffective|p1a: Excadrill
|-damage|p1a: Excadrill|0 fnt
|-damage|p1b: sushie|0 fnt
|faint|p1a: Excadrill
|faint|p1b: sushie
|-damage|p2a: Garchomp|12/100|[from] item: Life Orb
|
|win|practicesemijrlman
||Fr3aky B1lly is ready for game 2.
||practicesemijrlman is ready for game 2.
|uhtml|next|Next: Game 2 of 3
