|j|☆teyvgc
|j|☆Giraldo567
|html|teyvgcGiraldo567    
|uhtml|bestof|Game 3 of a best-of-3
|t:|1785891140
|gametype|doubles
|player|p1|teyvgc|rood|1210
|player|p2|Giraldo567|1|1148
|gen|9
|tier|[Gen 9 Champions] VGC 2026 Reg M-B (Bo3)
|rated|
|rule|Species Clause: Limit one of each Pokémon
|rule|Item Clause: Limit 1 of each item
|clearpoke
|poke|p1|Staraptor, L50, M|
|poke|p1|Metagross, L50|
|poke|p1|Farigiraf, L50, F|
|poke|p1|Whimsicott, L50, F|
|poke|p1|Garchomp, L50, F|
|poke|p1|Ceruledge, L50, M|
|poke|p2|Milotic, L50, F|
|poke|p2|Kingambit, L50, F|
|poke|p2|Clefable, L50, F|
|poke|p2|Incineroar, L50, M|
|poke|p2|Aerodactyl, L50, F|
|poke|p2|Charizard, L50, M|
|teampreview|4
|showteam|p1|Staraptor||Staraptite|Intimidate|Protect,CloseCombat,BraveBird,Roost|Jolly||M|||50|]Metagross||Metagrossite|ClearBody|Protect,IronHead,PsychicFangs,StompingTantrum|Adamant|||||50|]Farigiraf||SitrusBerry|ArmorTail|HelpingHand,Psychic,Thunderbolt,TrickRoom|Calm||F|||50|]Whimsicott||FocusSash|Prankster|Moonblast,Tailwind,Charm,Encore|Timid||F|||50|]Garchomp||LifeOrb|RoughSkin|Protect,StompingTantrum,RockSlide,DragonClaw|Jolly||F|||50|]Ceruledge||ColburBerry|FlashFire|Protect,ShadowSneak,BulkUp,BitterBlade|Adamant||M|||50|
|showteam|p2|Milotic||Leftovers|Competitive|Coil,Hypnosis,Protect,MuddyWater|Calm||F|||50|]Kingambit||BlackGlasses|Defiant|SuckerPunch,LowKick,KowtowCleave,IronHead|Careful||F|||50|]Clefable||SitrusBerry|Unaware|FollowMe,DazzlingGleam,Protect,LifeDew|Calm||F|||50|]Incineroar||ColburBerry|Intimidate|FakeOut,FlareBlitz,PartingShot,DarkestLariat|Adamant||M|||50|]Aerodactyl||Aerodactylite|RockHead|RockSlide,DualWingbeat,Tailwind,Protect|Jolly||F|||50|]Charizard||CharizarditeY|Blaze|HeatWave,WeatherBall,Protect,SolarBeam|Modest||M|||50|
|
|t:|1785891194
|teamsize|p1|4
|teamsize|p2|4
|start
|switch|p1a: Smart Iron Brick|Metagross, L50|100/100
|switch|p1b: SwagTastic|Ceruledge, L50, M|100/100
|switch|p2a: Mbappe|Milotic, L50, F|100/100
|switch|p2b: Incineroar|Incineroar, L50, M|100/100
|-ability|p2b: Incineroar|Intimidate|boost
|-fail|p1a: Smart Iron Brick|unboost|[from] ability: Clear Body|[of] p1a: Smart Iron Brick
|-unboost|p1b: SwagTastic|atk|1
|turn|1
|
|t:|1785891229
|detailschange|p1a: Smart Iron Brick|Metagross-Mega, L50
|-mega|p1a: Smart Iron Brick|Metagross|Metagrossite
|move|p1a: Smart Iron Brick|Psychic Fangs|p2a: Mbappe
|-damage|p2a: Mbappe|37/100
|move|p1b: SwagTastic|Bulk Up|p1b: SwagTastic
|-boost|p1b: SwagTastic|atk|1
|-boost|p1b: SwagTastic|def|1
|move|p2a: Mbappe|Coil|p2a: Mbappe
|-boost|p2a: Mbappe|atk|1
|-boost|p2a: Mbappe|def|1
|-boost|p2a: Mbappe|accuracy|1
|move|p2b: Incineroar|Darkest Lariat|p1b: SwagTastic
|-supereffective|p1b: SwagTastic|1
|-enditem|p1b: SwagTastic|Colbur Berry|[eat]
|-enditem|p1b: SwagTastic|Colbur Berry|[weaken]
|-damage|p1b: SwagTastic|45/100
|
|-heal|p2a: Mbappe|43/100|[from] item: Leftovers
|upkeep
|turn|2
|inactive|Battle timer is ON: inactive players will automatically lose when time's up. (requested by Giraldo567)
|
|t:|1785891276
|switch|p1b: Trick Room Hater|Whimsicott, L50, F|100/100
|move|p2a: Mbappe|Protect|p2a: Mbappe
|-singleturn|p2a: Mbappe|Protect
|move|p1a: Smart Iron Brick|Stomping Tantrum|p2b: Incineroar
|-supereffective|p2b: Incineroar|1
|-damage|p2b: Incineroar|18/100
|move|p2b: Incineroar|Parting Shot|p1a: Smart Iron Brick
|-unboost|p1a: Smart Iron Brick|atk|1
|-unboost|p1a: Smart Iron Brick|spa|1
|
|t:|1785891289
|switch|p2b: Charizard|Charizard, L50, M|100/100|[from] Parting Shot
|
|-heal|p2a: Mbappe|49/100|[from] item: Leftovers
|upkeep
|turn|3
|
|t:|1785891312
|switch|p1a: SwagTastic|Ceruledge, L50, M|45/100
|detailschange|p2b: Charizard|Charizard-Mega-Y, L50, M
|-mega|p2b: Charizard|Charizard|Charizardite Y
|-weather|SunnyDay|[from] ability: Drought|[of] p2b: Charizard
|move|p1b: Trick Room Hater|Tailwind|p1b: Trick Room Hater
|-sidestart|p1: teyvgc|move: Tailwind
|move|p2b: Charizard|Heat Wave|p1a: SwagTastic|[spread] p1b
|-start|p1a: SwagTastic|ability: Flash Fire
|-supereffective|p1b: Trick Room Hater|1
|-enditem|p1b: Trick Room Hater|Focus Sash
|-damage|p1b: Trick Room Hater|1/100
|move|p2a: Mbappe|Hypnosis|p1b: Trick Room Hater|[miss]
|-miss|p2a: Mbappe|p1b: Trick Room Hater
|
|-weather|SunnyDay|[upkeep]
|-heal|p2a: Mbappe|54/100|[from] item: Leftovers
|upkeep
|turn|4
|inactive|teyvgc has 30 seconds left.
|inactive|teyvgc has 20 seconds left.
|inactive|teyvgc has 15 seconds left.
|inactive|teyvgc has 10 seconds left.
|inactive|teyvgc has 5 seconds left.
|
|t:|1785891362
|switch|p2b: Incineroar|Incineroar, L50, M|18/100
|-ability|p2b: Incineroar|Intimidate|boost
|-unboost|p1a: SwagTastic|atk|1
|-unboost|p1b: Trick Room Hater|atk|1
|move|p1b: Trick Room Hater|Moonblast|p2a: Mbappe
|-crit|p2a: Mbappe
|-damage|p2a: Mbappe|21/100
|move|p1a: SwagTastic|Bitter Blade|p2a: Mbappe
|-resisted|p2a: Mbappe|1
|-damage|p2a: Mbappe|0 fnt
|-heal|p1a: SwagTastic|57/100|[from] drain|[of] p2a: Mbappe
|faint|p2a: Mbappe
|
|-weather|SunnyDay|[upkeep]
|upkeep
|
|t:|1785891377
|switch|p2a: Charizard|Charizard-Mega-Y, L50, M|100/100
|turn|5
|
|t:|1785891398
|move|p1b: Trick Room Hater|Moonblast|p2b: Incineroar
|-damage|p2b: Incineroar|0 fnt
|faint|p2b: Incineroar
|move|p1a: SwagTastic|Bitter Blade|p2a: Charizard
|-resisted|p2a: Charizard|1
|-damage|p2a: Charizard|50/100g
|-heal|p1a: SwagTastic|78/100|[from] drain|[of] p2a: Charizard
|move|p2a: Charizard|Weather Ball|p1b: Trick Room Hater
|-supereffective|p1b: Trick Room Hater|1
|-damage|p1b: Trick Room Hater|0 fnt
|faint|p1b: Trick Room Hater
|
|-weather|SunnyDay|[upkeep]
|upkeep
|
|t:|1785891416
|switch|p1b: No Hands|Garchomp, L50, F|100/100
|switch|p2b: Kingambit|Kingambit, L50, F|100/100
|turn|6
|
|t:|1785891434
|move|p2a: Charizard|Protect|p2a: Charizard
|-singleturn|p2a: Charizard|Protect
|move|p2b: Kingambit|Sucker Punch||[still]
|-fail|p2b: Kingambit
|move|p1b: No Hands|Rock Slide|p2a: Charizard|[spread] p2b
|-activate|p2a: Charizard|move: Protect
|-resisted|p2b: Kingambit|1
|-damage|p2b: Kingambit|90/100
|-damage|p1b: No Hands|90/100|[from] item: Life Orb
|move|p1a: SwagTastic|Bulk Up|p1a: SwagTastic
|-boost|p1a: SwagTastic|atk|1
|-boost|p1a: SwagTastic|def|1
|
|-weather|SunnyDay|[upkeep]
|-sideend|p1: teyvgc|move: Tailwind
|upkeep
|turn|7
|inactive|Giraldo567 has 30 seconds left.
|inactive|teyvgc has 30 seconds left.
|inactive|Giraldo567 has 20 seconds left.
|inactive|teyvgc has 20 seconds left.
|inactive|Giraldo567 has 15 seconds left.
|
|t:|1785891476
|move|p2b: Kingambit|Sucker Punch|p1a: SwagTastic
|-supereffective|p1a: SwagTastic|1
|-damage|p1a: SwagTastic|11/100
|move|p1b: No Hands|Rock Slide|p2b: Kingambit|[spread] p2a,p2b
|-supereffective|p2a: Charizard|2
|-resisted|p2b: Kingambit|1
|-damage|p2a: Charizard|0 fnt
|-damage|p2b: Kingambit|81/100
|faint|p2a: Charizard
|-damage|p1b: No Hands|80/100|[from] item: Life Orb
|move|p1a: SwagTastic|Bitter Blade|p2b: Kingambit
|-supereffective|p2b: Kingambit|1
|-damage|p2b: Kingambit|0 fnt
|-heal|p1a: SwagTastic|57/100|[from] drain|[of] p2b: Kingambit
|faint|p2b: Kingambit
|
|win|teyvgc
|raw|teyvgc's rating: 1210 → 1231(+21 for winning)
|raw|Giraldo567's rating: 1148 → 1127(-21 for losing)
