|j|☆zzTatsumaki
|j|☆V0R1nKl3x
|html|zzTatsumakiV0R1nKl3x    
|uhtml|bestof|Game 1 of a best-of-3
|t:|1756925841
|gametype|doubles
|player|p1|zzTatsumaki|karen|1000
|player|p2|V0R1nKl3x|1|1000
|gen|9
|tier|[Gen 9] VGC 2025 Reg H (Bo3)
|rated|
|rule|Species Clause: Limit one of each Pokémon
|rule|Item Clause: Limit 1 of each item
|clearpoke
|poke|p1|Torkoal, L50, F|
|poke|p1|Porygon2, L50|
|poke|p1|Amoonguss, L50, F|
|poke|p1|Hatterene, L50, F|
|poke|p1|Ursaluna, L50, F|
|poke|p1|Incineroar, L50, M|
|poke|p2|Archaludon, L50, M|
|poke|p2|Dragonite, L50, M|
|poke|p2|Pelipper, L50, F|
|poke|p2|Ursaluna, L50, F|
|poke|p2|Sinistcha, L50|
|poke|p2|Gholdengo, L50|
|teampreview|4
|showteam|p1|Torkoal||Charcoal|Drought|Eruption,HeatWave,EarthPower,Protect|||F|||50|,,,,,Fire]Porygon2||Eviolite|Download|IceBeam,TrickRoom,TeraBlast,Recover||||||50|,,,,,Electric]Amoonguss||RockyHelmet|Regenerator|Spore,RagePowder,SludgeBomb,Protect|||F|||50|,,,,,Water]Hatterene||LightClay|MagicBounce|LightScreen,Reflect,TrickRoom,DazzlingGleam|||F|||50|,,,,,Dark]Ursaluna||FlameOrb|Guts|Facade,HeadlongRush,Earthquake,Protect|||F|||50|,,,,,Ghost]Incineroar||ClearAmulet|Intimidate|FakeOut,FlareBlitz,KnockOff,Uturn|||M|||50|,,,,,Fire
|showteam|p2|Archaludon||AssaultVest|Stamina|FlashCannon,BodyPress,ElectroShot,Snarl|||M|||50|,,,,,Fighting]Dragonite||LoadedDice|Multiscale|ScaleShot,Tailwind,Haze,Protect|||M|||50|,,,,,Fairy]Pelipper||FocusSash|Drizzle|MuddyWater,Hurricane,Tailwind,Protect|||F|||50|,,,,,Ghost]Ursaluna||FlameOrb|Guts|Facade,HeadlongRush,Earthquake,Protect|||F|||50|,,,,,Ghost]Sinistcha||SitrusBerry|Hospitality|MatchaGotcha,LifeDew,RagePowder,TrickRoom||||||50|,,,,,Dark]Gholdengo||ChoiceScarf|GoodasGold|MakeItRain,ShadowBall,Trick,Protect||||||50|,,,,,Flying
|inactive|Battle timer is ON: inactive players will automatically lose when time's up. (requested by zzTatsumaki)
|inactive|zzTatsumaki has 60 seconds left.
|inactive|zzTatsumaki has 30 seconds left.
|inactive|zzTatsumaki has 20 seconds left.
|
|t:|1756925924
|teamsize|p1|4
|teamsize|p2|4
|start
|switch|p1a: Porygon2|Porygon2, L50|100/100
|switch|p1b: Torkoal|Torkoal, L50, F|100/100
|switch|p2a: Archaludon|Archaludon, L50, M|100/100
|switch|p2b: Dragonite|Dragonite, L50, M|100/100
|-ability|p1a: Porygon2|Download|boost
|-boost|p1a: Porygon2|spa|1
|-weather|SunnyDay|[from] ability: Drought|[of] p1b: Torkoal
|turn|1
|inactive|zzTatsumaki has 30 seconds left.
|inactive|zzTatsumaki has 20 seconds left.
|
|t:|1756925961
|move|p1b: Torkoal|Protect|p1b: Torkoal
|-singleturn|p1b: Torkoal|Protect
|move|p2b: Dragonite|Scale Shot|p2a: Archaludon
|-damage|p2a: Archaludon|91/100
|-ability|p2a: Archaludon|Stamina|boost
|-boost|p2a: Archaludon|def|1
|-damage|p2a: Archaludon|84/100
|-ability|p2a: Archaludon|Stamina|boost
|-boost|p2a: Archaludon|def|1
|-damage|p2a: Archaludon|79/100
|-ability|p2a: Archaludon|Stamina|boost
|-boost|p2a: Archaludon|def|1
|-damage|p2a: Archaludon|75/100
|-ability|p2a: Archaludon|Stamina|boost
|-boost|p2a: Archaludon|def|1
|-damage|p2a: Archaludon|71/100
|-ability|p2a: Archaludon|Stamina|boost
|-boost|p2a: Archaludon|def|1
|-hitcount|p2a: Archaludon|5
|-unboost|p2b: Dragonite|def|1
|-boost|p2b: Dragonite|spe|1
|move|p2a: Archaludon|Body Press|p1b: Torkoal
|-activate|p1b: Torkoal|move: Protect
|move|p1a: Porygon2|Ice Beam|p2b: Dragonite
|-supereffective|p2b: Dragonite
|-damage|p2b: Dragonite|33/100
|
|-weather|SunnyDay|[upkeep]
|upkeep
|turn|2
|inactive|zzTatsumaki has 30 seconds left.
|inactive|V0R1nKl3x has 30 seconds left.
|inactive|zzTatsumaki has 20 seconds left.
|inactive|zzTatsumaki has 15 seconds left.
|
|t:|1756926004
|switch|p1b: Amoonguss|Amoonguss, L50, F|100/100
|move|p2b: Dragonite|Protect|p2b: Dragonite
|-singleturn|p2b: Dragonite|Protect
|move|p2a: Archaludon|Body Press|p1b: Amoonguss
|-resisted|p1b: Amoonguss
|-damage|p1b: Amoonguss|66/100
|-damage|p2a: Archaludon|55/100|[from] item: Rocky Helmet|[of] p1b: Amoonguss
|move|p1a: Porygon2|Ice Beam|p2b: Dragonite
|-activate|p2b: Dragonite|move: Protect
|
|-weather|SunnyDay|[upkeep]
|upkeep
|turn|3
|inactive|zzTatsumaki has 30 seconds left.
|inactive|V0R1nKl3x has 30 seconds left.
|inactive|zzTatsumaki has 20 seconds left.
|inactive|V0R1nKl3x has 20 seconds left.
|inactive|V0R1nKl3x has 15 seconds left.
|inactive|V0R1nKl3x has 10 seconds left.
|inactive|V0R1nKl3x has 5 seconds left.
|
|t:|1756926059
|move|p1b: Amoonguss|Rage Powder|p1b: Amoonguss
|-singleturn|p1b: Amoonguss|move: Rage Powder
|move|p2b: Dragonite|Scale Shot|p1b: Amoonguss
|-damage|p1b: Amoonguss|54/100
|-damage|p1b: Amoonguss|42/100
|-damage|p1b: Amoonguss|30/100
|-damage|p1b: Amoonguss|19/100
|-hitcount|p1b: Amoonguss|4
|-unboost|p2b: Dragonite|def|1
|-boost|p2b: Dragonite|spe|1
|move|p2a: Archaludon|Flash Cannon|p1b: Amoonguss
|-damage|p1b: Amoonguss|0 fnt
|faint|p1b: Amoonguss
|move|p1a: Porygon2|Ice Beam|p2b: Dragonite
|-supereffective|p2b: Dragonite
|-damage|p2b: Dragonite|0 fnt
|faint|p2b: Dragonite
|
|-weather|SunnyDay|[upkeep]
|upkeep
|inactive|zzTatsumaki has 30 seconds left.
|inactive|V0R1nKl3x has 30 seconds left.
|inactive|V0R1nKl3x has 20 seconds left.
|inactive|V0R1nKl3x has 15 seconds left.
|inactive|V0R1nKl3x has 10 seconds left.
|
|t:|1756926104
|switch|p2b: Sinistcha|Sinistcha, L50|100/100
|switch|p1b: Torkoal|Torkoal, L50, F|100/100
|-heal|p2a: Archaludon|80/100|[from] ability: Hospitality|[of] p2b: Sinistcha
|turn|4
|inactive|zzTatsumaki has 30 seconds left.
|
|t:|1756926132
|-terastallize|p1b: Torkoal|Fire
|move|p2b: Sinistcha|Rage Powder|p2b: Sinistcha
|-singleturn|p2b: Sinistcha|move: Rage Powder
|move|p2a: Archaludon|Body Press|p1a: Porygon2
|-supereffective|p1a: Porygon2
|-damage|p1a: Porygon2|0 fnt
|faint|p1a: Porygon2
|move|p1b: Torkoal|Eruption|p2b: Sinistcha|[spread] p2a,p2b
|-supereffective|p2b: Sinistcha
|-damage|p2a: Archaludon|0 fnt
|-damage|p2b: Sinistcha|0 fnt
|faint|p2a: Archaludon
|faint|p2b: Sinistcha
|
|-weather|SunnyDay|[upkeep]
|upkeep
|
|t:|1756926148
|switch|p2a: Ursaluna|Ursaluna, L50, F|100/100
|switch|p1a: Incineroar|Incineroar, L50, M|100/100
|-ability|p1a: Incineroar|Intimidate|boost
|-unboost|p2a: Ursaluna|atk|1
|turn|5
|
|t:|1756926161
|-terastallize|p2a: Ursaluna|Ghost
|move|p1b: Torkoal|Protect|p1b: Torkoal
|-singleturn|p1b: Torkoal|Protect
|move|p2a: Ursaluna|Headlong Rush|p1b: Torkoal
|-activate|p1b: Torkoal|move: Protect
|move|p1a: Incineroar|Knock Off|p2a: Ursaluna
|-supereffective|p2a: Ursaluna
|-damage|p2a: Ursaluna|23/100
|-enditem|p2a: Ursaluna|Flame Orb|[from] move: Knock Off|[of] p1a: Incineroar
|
|-weather|none
|upkeep
|turn|6
|-message|V0R1nKl3x forfeited.
|
|win|zzTatsumaki
|l|☆V0R1nKl3x
|player|p2|
||V0R1nKl3x is ready for game 2.
