|j|☆The Elemelons
|j|☆runeking6573
|html|The Elemelonsruneking6573    
|uhtml|bestof|Game 2 of a best-of-3
|t:|1782674221
|gametype|doubles
|player|p1|The Elemelons|169|
|player|p2|runeking6573|bugcatcher-gen4dp|
|gen|9
|tier|[Gen 9 Champions] VGC 2026 Reg M-B (Bo3)
|rule|Species Clause: Limit one of each Pokémon
|rule|Item Clause: Limit 1 of each item
|clearpoke
|poke|p1|Grimmsnarl, L50, M|
|poke|p1|Swampert, L50, M|
|poke|p1|Pelipper, L50, M|
|poke|p1|Archaludon, L50, M|
|poke|p1|Sinistcha, L50|
|poke|p1|Metagross, L50|
|poke|p2|Excadrill, L50, M|
|poke|p2|Tyranitar, L50, M|
|poke|p2|Hydreigon, L50, M|
|poke|p2|Corviknight, L50, F|
|poke|p2|Scovillain, L50, F|
|poke|p2|Houndstone, L50, M|
|teampreview|4
|showteam|p1|Grimmsnarl||LightClay|Prankster|FoulPlay,PartingShot,Reflect,LightScreen|Calm||M|||50|]Swampert||Swampertite|Damp|WaveCrash,Earthquake,IcePunch,Protect|Adamant||M|||50|]Pelipper||SitrusBerry|Drizzle|Hurricane,WeatherBall,Tailwind,WideGuard|Modest||M|||50|]Archaludon||Leftovers|Stamina|ElectroShot,DragonPulse,FlashCannon,Protect|Modest||M|||50|]Sinistcha||CobaBerry|Hospitality|MatchaGotcha,RagePowder,TrickRoom,Protect|Relaxed|||||50|]Metagross||Metagrossite|ClearBody|IronHead,PsychicFangs,BodyPress,Protect|Jolly|||||50|
|showteam|p2|Excadrill||FocusSash|SandRush|Earthquake,IronHead,RockSlide,Protect|Adamant||M|||50|]Tyranitar||Tyranitarite|SandStream|RockSlide,KnockOff,LowKick,Protect|Adamant||M|||50|]Hydreigon||ChoiceScarf|Levitate|DracoMeteor,HeatWave,DarkPulse,Snarl|Modest||M|||50|]Corviknight||Leftovers|MirrorArmor|BraveBird,BulkUp,Roost,Tailwind|Careful||F|||50|]Scovillain||Scovillainite|Moody|Overheat,GigaDrain,RagePowder,Protect|Calm||F|||50|]Houndstone||SitrusBerry|SandRush|LastRespects,WillOWisp,BodyPress,Protect|Adamant||M|||50|
|inactive|Battle timer is ON: inactive players will automatically lose when time's up. (requested by runeking6573)
|j| splash2ndcousin
|j| teslobo
|j| FBIsurveillanceman
|j| floettefan670
|l| FBIsurveillanceman
|inactive|runeking6573 has 60 seconds left.
|
|t:|1782674258
|teamsize|p1|4
|teamsize|p2|4
|start
|switch|p1a: Grimmsnarl|Grimmsnarl, L50, M|100/100
|switch|p1b: Swampert|Swampert, L50, M|100/100
|switch|p2a: Corviknight|Corviknight, L50, F|100/100
|switch|p2b: Tyranitar|Tyranitar, L50, M|100/100
|-weather|Sandstorm|[from] ability: Sand Stream|[of] p2b: Tyranitar
|turn|1
|j| JackWhiteVGC
|inactive|The Elemelons has 30 seconds left.
|
|t:|1782674283
|switch|p2a: Excadrill|Excadrill, L50, M|100/100
|detailschange|p1b: Swampert|Swampert-Mega, L50, M
|-mega|p1b: Swampert|Swampert|Swampertite
|move|p1a: Grimmsnarl|Parting Shot|p2a: Excadrill
|-unboost|p2a: Excadrill|atk|1
|-unboost|p2a: Excadrill|spa|1
|
|t:|1782674290
|switch|p1a: Pelipper|Pelipper, L50, M|100/100|[from] Parting Shot
|-weather|RainDance|[from] ability: Drizzle|[of] p1a: Pelipper
|move|p1b: Swampert|Wave Crash|p2a: Excadrill
|-supereffective|p2a: Excadrill|1
|-enditem|p2a: Excadrill|Focus Sash
|-damage|p2a: Excadrill|1/100
|-damage|p1b: Swampert|68/100|[from] Recoil
|move|p2b: Tyranitar|Rock Slide|p1a: Pelipper|[spread] p1a
|-miss|p2b: Tyranitar|p1b: Swampert
|-supereffective|p1a: Pelipper|1
|-damage|p1a: Pelipper|34/100
|-enditem|p1a: Pelipper|Sitrus Berry|[eat]
|-heal|p1a: Pelipper|58/100|[from] item: Sitrus Berry
|
|-weather|RainDance|[upkeep]
|upkeep
|turn|2
|j| wolfeglicreal!!
|inactive|runeking6573 has 30 seconds left.
|
|t:|1782674318
|detailschange|p2b: Tyranitar|Tyranitar-Mega, L50, M
|-mega|p2b: Tyranitar|Tyranitar|Tyranitarite
|-weather|Sandstorm|[from] ability: Sand Stream|[of] p2b: Tyranitar
|move|p1a: Pelipper|Wide Guard|p1a: Pelipper
|-singleturn|p1a: Pelipper|Wide Guard
|move|p2a: Excadrill|Rock Slide|p1a: Pelipper|[spread] 
|-activate|p1a: Pelipper|move: Wide Guard
|-activate|p1b: Swampert|move: Wide Guard
|move|p1b: Swampert|Earthquake|p2b: Tyranitar|[spread] p2a,p2b
|-activate|p1a: Pelipper|move: Wide Guard
|-supereffective|p2a: Excadrill|1
|-supereffective|p2b: Tyranitar|1
|-damage|p2a: Excadrill|0 fnt
|-damage|p2b: Tyranitar|43/100
|faint|p2a: Excadrill
|move|p2b: Tyranitar|Low Kick|p1b: Swampert
|-damage|p1b: Swampert|31/100
|
|-weather|Sandstorm|[upkeep]
|-damage|p1a: Pelipper|52/100|[from] Sandstorm
|upkeep
|
|t:|1782674336
|switch|p2a: Corviknight|Corviknight, L50, F|100/100
|turn|3
|inactive|runeking6573 has 30 seconds left.
|
|t:|1782674366
|switch|p1a: Sinistcha|Sinistcha, L50|100/100
|-heal|p1b: Swampert|55/100|[from] ability: Hospitality|[of] p1a: Sinistcha
|move|p1b: Swampert|Protect|p1b: Swampert
|-singleturn|p1b: Swampert|Protect
|move|p2b: Tyranitar|Protect|p2b: Tyranitar
|-singleturn|p2b: Tyranitar|Protect
|move|p2a: Corviknight|Bulk Up|p2a: Corviknight
|-boost|p2a: Corviknight|atk|1
|-boost|p2a: Corviknight|def|1
|
|-weather|Sandstorm|[upkeep]
|-damage|p1a: Sinistcha|93/100|[from] Sandstorm
|upkeep
|turn|4
|inactive|runeking6573 has 30 seconds left.
|
|t:|1782674399
|move|p2a: Corviknight|Tailwind|p2a: Corviknight
|-sidestart|p2: runeking6573|move: Tailwind
|move|p2b: Tyranitar|Rock Slide|p1b: Swampert|[spread] p1a,p1b
|-resisted|p1b: Swampert|1
|-damage|p1a: Sinistcha|65/100
|-damage|p1b: Swampert|40/100
|move|p1b: Swampert|Wave Crash|p2a: Corviknight
|-damage|p2a: Corviknight|60/100
|-damage|p1b: Swampert|27/100|[from] Recoil
|move|p1a: Sinistcha|Matcha Gotcha|p2b: Tyranitar|[spread] p2a,p2b
|-resisted|p2a: Corviknight|2
|-supereffective|p2b: Tyranitar|1
|-damage|p2a: Corviknight|55/100
|-heal|p1a: Sinistcha|68/100|[from] drain|[of] p2a: Corviknight
|-damage|p2b: Tyranitar|17/100
|-heal|p1a: Sinistcha|83/100|[from] drain|[of] p2b: Tyranitar
|
|-weather|Sandstorm|[upkeep]
|-damage|p1a: Sinistcha|77/100|[from] Sandstorm
|-heal|p2a: Corviknight|61/100|[from] item: Leftovers
|upkeep
|turn|5
|
|t:|1782674422
|switch|p1b: Grimmsnarl|Grimmsnarl, L50, M|100/100
|move|p1a: Sinistcha|Protect|p1a: Sinistcha
|-singleturn|p1a: Sinistcha|Protect
|move|p2a: Corviknight|Brave Bird|p1b: Grimmsnarl
|-damage|p1b: Grimmsnarl|40/100
|-damage|p2a: Corviknight|41/100|[from] Recoil
|move|p2b: Tyranitar|Knock Off|p1a: Sinistcha
|-activate|p1a: Sinistcha|move: Protect
|
|-weather|Sandstorm|[upkeep]
|-damage|p1a: Sinistcha|71/100|[from] Sandstorm
|-damage|p1b: Grimmsnarl|34/100|[from] Sandstorm
|-heal|p2a: Corviknight|47/100|[from] item: Leftovers
|upkeep
|turn|6
|
|t:|1782674438
|move|p1b: Grimmsnarl|Reflect|p1b: Grimmsnarl
|-sidestart|p1: The Elemelons|Reflect
|move|p2a: Corviknight|Roost|p2a: Corviknight
|-heal|p2a: Corviknight|97/100
|-singleturn|p2a: Corviknight|move: Roost
|move|p2b: Tyranitar|Knock Off|p1a: Sinistcha
|-supereffective|p1a: Sinistcha|1
|-damage|p1a: Sinistcha|5/100
|-enditem|p1a: Sinistcha|Coba Berry|[from] move: Knock Off|[of] p2b: Tyranitar
|move|p1a: Sinistcha|Matcha Gotcha|p2b: Tyranitar|[spread] p2b
|-miss|p1a: Sinistcha|p2a: Corviknight
|-supereffective|p2b: Tyranitar|1
|-damage|p2b: Tyranitar|0 fnt
|-heal|p1a: Sinistcha|15/100|[from] drain|[of] p2b: Tyranitar
|faint|p2b: Tyranitar
|
|-weather|none
|-heal|p2a: Corviknight|100/100|[from] item: Leftovers
|upkeep
|
|t:|1782674455
|switch|p2b: Houndstone|Houndstone, L50, M|100/100
|turn|7
|inactive|runeking6573 has 30 seconds left.
|
|t:|1782674489
|move|p1b: Grimmsnarl|Parting Shot|p2b: Houndstone
|-unboost|p2b: Houndstone|atk|1
|-unboost|p2b: Houndstone|spa|1
|
|t:|1782674493
|switch|p1b: Pelipper|Pelipper, L50, M|52/100|[from] Parting Shot
|-weather|RainDance|[from] ability: Drizzle|[of] p1b: Pelipper
|move|p2b: Houndstone|Will-O-Wisp|p1b: Pelipper
|-status|p1b: Pelipper|brn
|move|p2a: Corviknight|Bulk Up|p2a: Corviknight
|-boost|p2a: Corviknight|atk|1
|-boost|p2a: Corviknight|def|1
|move|p1a: Sinistcha|Matcha Gotcha|p2b: Houndstone|[spread] p2a,p2b
|-resisted|p2a: Corviknight|2
|-damage|p2a: Corviknight|95/100
|-heal|p1a: Sinistcha|18/100|[from] drain|[of] p2a: Corviknight
|-damage|p2b: Houndstone|74/100
|-heal|p1a: Sinistcha|30/100|[from] drain|[of] p2b: Houndstone
|
|-weather|RainDance|[upkeep]
|-heal|p2a: Corviknight|100/100|[from] item: Leftovers
|-damage|p1b: Pelipper|46/100 brn|[from] brn
|-sideend|p2: runeking6573|move: Tailwind
|upkeep
|turn|8
|inactive|runeking6573 has 30 seconds left.
|
|t:|1782674520
|move|p2b: Houndstone|Last Respects|p1a: Sinistcha
|-supereffective|p1a: Sinistcha|1
|-damage|p1a: Sinistcha|0 fnt
|faint|p1a: Sinistcha
|move|p2a: Corviknight|Tailwind|p2a: Corviknight
|-sidestart|p2: runeking6573|move: Tailwind
|move|p1b: Pelipper|Tailwind|p1b: Pelipper
|-sidestart|p1: The Elemelons|move: Tailwind
|
|-weather|RainDance|[upkeep]
|-damage|p1b: Pelipper|40/100 brn|[from] brn
|upkeep
|
|t:|1782674526
|switch|p1a: Swampert|Swampert-Mega, L50, M|27/100
|turn|9
|
|t:|1782674534
|move|p1a: Swampert|Wave Crash|p2b: Houndstone
|-damage|p2b: Houndstone|0 fnt
|faint|p2b: Houndstone
|-damage|p1a: Swampert|5/100|[from] Recoil
|move|p2a: Corviknight|Brave Bird|p1a: Swampert
|-damage|p1a: Swampert|0 fnt
|faint|p1a: Swampert
|-damage|p2a: Corviknight|98/100|[from] Recoil
|move|p1b: Pelipper|Weather Ball|p2a: Corviknight
|-damage|p2a: Corviknight|51/100
|
|-weather|RainDance|[upkeep]
|-heal|p2a: Corviknight|57/100|[from] item: Leftovers
|-damage|p1b: Pelipper|34/100 brn|[from] brn
|upkeep
|
|t:|1782674537
|switch|p1a: Grimmsnarl|Grimmsnarl, L50, M|34/100
|turn|10
|inactive|runeking6573 has 30 seconds left.
|
|t:|1782674566
|move|p2a: Corviknight|Roost|p2a: Corviknight
|-heal|p2a: Corviknight|100/100
|-singleturn|p2a: Corviknight|move: Roost
|move|p1b: Pelipper|Weather Ball|p2a: Corviknight
|-damage|p2a: Corviknight|46/100
|move|p1a: Grimmsnarl|Foul Play|p2a: Corviknight
|-damage|p2a: Corviknight|20/100y
|
|-weather|RainDance|[upkeep]
|-heal|p2a: Corviknight|26/100|[from] item: Leftovers
|-damage|p1b: Pelipper|28/100 brn|[from] brn
|upkeep
|turn|11
|
|t:|1782674582
|move|p2a: Corviknight|Roost|p2a: Corviknight
|-heal|p2a: Corviknight|76/100
|-singleturn|p2a: Corviknight|move: Roost
|move|p1b: Pelipper|Weather Ball|p2a: Corviknight
|-damage|p2a: Corviknight|22/100
|move|p1a: Grimmsnarl|Foul Play|p2a: Corviknight
|-damage|p2a: Corviknight|0 fnt
|faint|p2a: Corviknight
|
|win|The Elemelons
|c|☆The Elemelons|ggwp
|c|☆runeking6573|wpgg
|l|☆runeking6573
|player|p2|
