|j|☆higigig
|j|☆Moeichichii
|html|higigigMoeichichii    
|uhtml|bestof|Game 2 of a best-of-3
|t:|1757648922
|gametype|doubles
|player|p1|higigig|sisandbro|1042
|player|p2|Moeichichii|170|1000
|gen|9
|tier|[Gen 9] VGC 2025 Reg H (Bo3)
|rated|
|rule|Species Clause: Limit one of each Pokémon
|rule|Item Clause: Limit 1 of each item
|clearpoke
|poke|p1|Sneasler, L50, M|
|poke|p1|Gholdengo, L50|
|poke|p1|Incineroar, L50, M|
|poke|p1|Amoonguss, L50, M|
|poke|p1|Garchomp, L50, F|
|poke|p1|Dragonite, L50, M|
|poke|p2|Ursaluna-Bloodmoon, L50, M|
|poke|p2|Gholdengo, L50|
|poke|p2|Dragonite, L50, M|
|poke|p2|Sneasler, L50, M|
|poke|p2|Incineroar, L50, M|
|poke|p2|Amoonguss, L50, M|
|teampreview|4
|showteam|p1|Sneasler||ClearAmulet|PoisonTouch|FakeOut,CloseCombat,DireClaw,Protect|||M|||50|,,,,,Flying]Gholdengo||MetalCoat|GoodasGold|NastyPlot,MakeItRain,ShadowBall,Protect||||||50|,,,,,Water]Incineroar||SafetyGoggles|Intimidate|FakeOut,FlareBlitz,KnockOff,PartingShot|||M|||50|,,,,,Ghost]Amoonguss||RockyHelmet|Regenerator|Spore,RagePowder,PollenPuff,Protect|||M|||50|,,,,,Psychic]Garchomp||LifeOrb|RoughSkin|StompingTantrum,DragonClaw,Earthquake,Protect|||F|||50|,,,,,Steel]Dragonite||LoadedDice|Multiscale|ScaleShot,Haze,Tailwind,Protect|||M|||50|,,,,,Fairy
|showteam|p2|Ursaluna-Bloodmoon||AssaultVest|MindsEye|EarthPower,BloodMoon,VacuumWave,HyperVoice|||M|||50|,,,,,Water]Gholdengo||LifeOrb|GoodasGold|Protect,MakeItRain,ShadowBall,NastyPlot||||||50|,,,,,Water]Dragonite||LoadedDice|Multiscale|ScaleShot,Tailwind,Haze,Protect|||M|||50|,,,,,Fairy]Sneasler||FocusSash|Pressure|Protect,DireClaw,CloseCombat,ThroatChop|||M|||50|,,,,,Stellar]Incineroar||SafetyGoggles|Intimidate|KnockOff,PartingShot,FakeOut,FlareBlitz|||M|||50|,,,,,Ghost]Amoonguss||SitrusBerry|Regenerator|RagePowder,Spore,PollenPuff,Protect|||M|||50|,,,,,Psychic
|inactive|Battle timer is ON: inactive players will automatically lose when time's up. (requested by higigig)
|c|☆higigig|you have vacuum wave on your ursa
|inactive|higigig has 60 seconds left.
|
|t:|1757648957
|teamsize|p1|4
|teamsize|p2|4
|start
|switch|p1a: Dragonite|Dragonite, L50, M|100/100
|switch|p1b: Incineroar|Incineroar, L50, M|100/100
|switch|p2a: Dragonite|Dragonite, L50, M|100/100
|switch|p2b: Incineroar|Incineroar, L50, M, shiny|100/100
|-ability|p2b: Incineroar|Intimidate|boost
|-unboost|p1a: Dragonite|atk|1
|-unboost|p1b: Incineroar|atk|1
|-ability|p1b: Incineroar|Intimidate|boost
|-unboost|p2a: Dragonite|atk|1
|-unboost|p2b: Incineroar|atk|1
|turn|1
|
|t:|1757648980
|-terastallize|p1a: Dragonite|Fairy
|move|p2a: Dragonite|Protect|p2a: Dragonite
|-singleturn|p2a: Dragonite|Protect
|move|p2b: Incineroar|Fake Out|p1a: Dragonite
|-damage|p1a: Dragonite|96/100
|move|p1b: Incineroar|Fake Out|p2a: Dragonite
|-activate|p2a: Dragonite|move: Protect
|cant|p1a: Dragonite|flinch
|
|upkeep
|turn|2
|
|t:|1757648998
|-terastallize|p2a: Dragonite|Fairy
|move|p1a: Dragonite|Scale Shot|p2b: Incineroar
|-damage|p2b: Incineroar|91/100
|-damage|p2b: Incineroar|81/100
|-damage|p2b: Incineroar|71/100
|-damage|p2b: Incineroar|60/100
|-crit|p2b: Incineroar
|-damage|p2b: Incineroar|39/100
|-hitcount|p2b: Incineroar|5
|-unboost|p1a: Dragonite|def|1
|-boost|p1a: Dragonite|spe|1
|move|p2a: Dragonite|Tailwind|p2a: Dragonite
|-sidestart|p2: Moeichichii|move: Tailwind
|move|p2b: Incineroar|Knock Off|p1a: Dragonite
|-resisted|p1a: Dragonite
|-damage|p1a: Dragonite|70/100
|-enditem|p1a: Dragonite|Loaded Dice|[from] move: Knock Off|[of] p2b: Incineroar
|move|p1b: Incineroar|Knock Off|p2a: Dragonite
|-resisted|p2a: Dragonite
|-damage|p2a: Dragonite|93/100
|-enditem|p2a: Dragonite|Loaded Dice|[from] move: Knock Off|[of] p1b: Incineroar
|
|upkeep
|turn|3
|
|t:|1757649020
|switch|p2b: Amoonguss|Amoonguss, L50, M, shiny|100/100
|move|p1a: Dragonite|Protect|p1a: Dragonite
|-singleturn|p1a: Dragonite|Protect
|move|p2a: Dragonite|Scale Shot|p1b: Incineroar
|-damage|p1b: Incineroar|90/100
|-damage|p1b: Incineroar|81/100
|-damage|p1b: Incineroar|70/100
|-damage|p1b: Incineroar|59/100
|-damage|p1b: Incineroar|49/100
|-hitcount|p1b: Incineroar|5
|-unboost|p2a: Dragonite|def|1
|-boost|p2a: Dragonite|spe|1
|move|p1b: Incineroar|Parting Shot|p2a: Dragonite
|-unboost|p2a: Dragonite|atk|1
|-unboost|p2a: Dragonite|spa|1
|inactive|higigig has 30 seconds left.
|inactive|higigig has 20 seconds left.
|inactive|higigig has 15 seconds left.
|inactive|higigig has 10 seconds left.
|
|t:|1757649068
|switch|p1b: Garchomp|Garchomp, L50, F|100/100|[from] Parting Shot
|
|upkeep
|turn|4
|
|t:|1757649087
|switch|p2a: Ursaluna|Ursaluna-Bloodmoon, L50, M|100/100
|move|p1a: Dragonite|Tailwind|p1a: Dragonite
|-sidestart|p1: higigig|move: Tailwind
|move|p1b: Garchomp|Earthquake|p2b: Amoonguss|[spread] p1a,p2a,p2b
|-damage|p1a: Dragonite|0 fnt
|-damage|p2a: Ursaluna|62/100
|-damage|p2b: Amoonguss|59/100
|faint|p1a: Dragonite
|-damage|p1b: Garchomp|91/100|[from] item: Life Orb
|move|p2b: Amoonguss|Spore|p1b: Garchomp
|-status|p1b: Garchomp|slp|[from] move: Spore
|
|upkeep
|
|t:|1757649095
|switch|p1a: Sneasler|Sneasler, L50, M|100/100
|turn|5
|inactive|higigig has 30 seconds left.
|
|t:|1757649121
|switch|p2a: Dragonite|Dragonite, L50, M, tera:Fairy|93/100
|move|p1a: Sneasler|Protect|p1a: Sneasler
|-singleturn|p1a: Sneasler|Protect
|cant|p1b: Garchomp|slp
|move|p2b: Amoonguss|Spore|p1a: Sneasler
|-activate|p1a: Sneasler|move: Protect
|
|-sideend|p2: Moeichichii|move: Tailwind
|upkeep
|turn|6
|inactive|higigig has 30 seconds left.
|
|t:|1757649149
|switch|p1a: Incineroar|Incineroar, L50, M|49/100
|-ability|p1a: Incineroar|Intimidate|boost
|-unboost|p2a: Dragonite|atk|1
|-unboost|p2b: Amoonguss|atk|1
|move|p2b: Amoonguss|Rage Powder|p2b: Amoonguss
|-singleturn|p2b: Amoonguss|move: Rage Powder
|cant|p1b: Garchomp|slp
|move|p2a: Dragonite|Scale Shot|p1b: Garchomp
|-supereffective|p1b: Garchomp
|-crit|p1b: Garchomp
|-damage|p1b: Garchomp|45/100 slp
|-supereffective|p1b: Garchomp
|-damage|p1b: Garchomp|25/100 slp
|-supereffective|p1b: Garchomp
|-damage|p1b: Garchomp|4/100 slp
|-hitcount|p1b: Garchomp|3
|-unboost|p2a: Dragonite|def|1
|-boost|p2a: Dragonite|spe|1
|
|upkeep
|turn|7
|inactive|Moeichichii has 30 seconds left.
|
|t:|1757649183
|switch|p2a: Ursaluna|Ursaluna-Bloodmoon, L50, M|62/100
|move|p1a: Incineroar|Fake Out|p2a: Ursaluna
|-damage|p2a: Ursaluna|53/100
|-curestatus|p1b: Garchomp|slp|[msg]
|move|p1b: Garchomp|Stomping Tantrum|p2b: Amoonguss
|-damage|p2b: Amoonguss|0 fnt
|faint|p2b: Amoonguss
|-damage|p1b: Garchomp|0 fnt|[from] item: Life Orb
|faint|p1b: Garchomp
|
|-sideend|p1: higigig|move: Tailwind
|upkeep
|
|t:|1757649194
|switch|p1b: Sneasler|Sneasler, L50, M|100/100
|switch|p2b: Dragonite|Dragonite, L50, M, tera:Fairy|93/100
|turn|8
|
|t:|1757649215
|switch|p2a: Incineroar|Incineroar, L50, M, shiny|39/100
|-ability|p2a: Incineroar|Intimidate|boost
|-unboost|p1a: Incineroar|atk|1
|-fail|p1b: Sneasler|unboost|[from] item: Clear Amulet|[of] p1b: Sneasler
|move|p2b: Dragonite|Protect|p2b: Dragonite
|-singleturn|p2b: Dragonite|Protect
|move|p1b: Sneasler|Close Combat|p2a: Incineroar
|-supereffective|p2a: Incineroar
|-damage|p2a: Incineroar|0 fnt
|-unboost|p1b: Sneasler|def|1
|-unboost|p1b: Sneasler|spd|1
|faint|p2a: Incineroar
|move|p1a: Incineroar|Flare Blitz|p2b: Dragonite
|-activate|p2b: Dragonite|move: Protect
|
|upkeep
|
|t:|1757649228
|switch|p2a: Ursaluna|Ursaluna-Bloodmoon, L50, M|53/100
|turn|9
|
|t:|1757649240
|move|p1b: Sneasler|Close Combat|p2a: Ursaluna
|-supereffective|p2a: Ursaluna
|-damage|p2a: Ursaluna|0 fnt
|-unboost|p1b: Sneasler|def|1
|-unboost|p1b: Sneasler|spd|1
|faint|p2a: Ursaluna
|move|p2b: Dragonite|Tailwind|p2b: Dragonite
|-sidestart|p2: Moeichichii|move: Tailwind
|move|p1a: Incineroar|Flare Blitz|p2b: Dragonite
|-damage|p2b: Dragonite|47/100
|-damage|p1a: Incineroar|37/100|[from] Recoil
|
|upkeep
|turn|10
|
|t:|1757649249
|move|p2b: Dragonite|Scale Shot|p1a: Incineroar
|-damage|p1a: Incineroar|22/100
|-damage|p1a: Incineroar|7/100
|-hitcount|p1a: Incineroar|2
|-unboost|p2b: Dragonite|def|1
|-boost|p2b: Dragonite|spe|1
|move|p1b: Sneasler|Dire Claw|p2b: Dragonite
|-supereffective|p2b: Dragonite
|-damage|p2b: Dragonite|0 fnt
|faint|p2b: Dragonite
|
|win|higigig
|raw|higigig's rating: 1042 → 1072(+30 for winning)
|raw|Moeichichii's rating: 1000 → 1000(+0 for losing)
