|j|☆Onion2731
|j|☆AKAMisterCarisma
|html|Onion2731AKAMisterCarisma    
|uhtml|bestof|Game 1 of a best-of-3
|t:|1785201741
|gametype|doubles
|player|p1|Onion2731|170|1104
|player|p2|AKAMisterCarisma|hoopster|1000
|gen|9
|tier|[Gen 9 Champions] VGC 2026 Reg M-B (Bo3)
|rated|
|rule|Species Clause: Limit one of each Pokémon
|rule|Item Clause: Limit 1 of each item
|clearpoke
|poke|p1|Gholdengo, L50|
|poke|p1|Incineroar, L50, M, shiny|
|poke|p1|Sableye, L50, F, shiny|
|poke|p1|Scizor, L50, F|
|poke|p1|Politoed, L50, F, shiny|
|poke|p1|Swampert, L50, M, shiny|
|poke|p2|Froslass, L50, F|
|poke|p2|Dragonite, L50, F|
|poke|p2|Toxapex, L50, F|
|poke|p2|Sneasler, L50, F|
|poke|p2|Kingambit, L50, M|
|poke|p2|Blaziken, L50, F|
|teampreview|4
|showteam|p1|Gholdengo||LifeOrb|GoodasGold|MakeItRain,ShadowBall,Thunderbolt,Protect|Modest|||||50|]Incineroar||SitrusBerry|Intimidate|FlareBlitz,PartingShot,FakeOut,Protect|Impish||M|||50|]Sableye||WideLens|Prankster|WillOWisp,Encore,Disable,RainDance|Sassy||F|||50|]Scizor||ExpertBelt|Technician|BulletPunch,CloseCombat,Uturn,Protect|Adamant||F|||50|]Politoed||RindoBerry|Drizzle|WeatherBall,PerishSong,HelpingHand,Protect|Bold||F|||50|]Swampert||Swampertite|Damp|WaveCrash,HighHorsepower,FlipTurn,Protect|Adamant||M|||50|
|showteam|p2|Froslass||Froslassite|CursedBody|Blizzard,ShadowBall,AuroraVeil,Protect|Timid||F|||50|]Dragonite||LifeOrb|InnerFocus|DragonClaw,ExtremeSpeed,LowKick,Protect|Adamant||F|||50|]Toxapex||Leftovers|Regenerator|Infestation,Toxic,WideGuard,BanefulBunker|Bold||F|||50|]Sneasler||FocusSash|PoisonTouch|CloseCombat,PoisonJab,FakeOut,Protect|Jolly||F|||50|]Kingambit||BlackGlasses|Defiant|KowtowCleave,IronHead,SuckerPunch,Protect|Adamant||M|||50|]Blaziken||Blazikenite|SpeedBoost|CloseCombat,FlareBlitz,RockSlide,Protect|Adamant||F|||50|
|
|t:|1785201916
|teamsize|p1|4
|teamsize|p2|4
|start
|switch|p1a: Swampert|Swampert, L50, M, shiny|100/100
|switch|p1b: Sableye|Sableye, L50, F, shiny|100/100
|switch|p2a: Toxapex|Toxapex, L50, F|100/100
|switch|p2b: Blaziken|Blaziken, L50, F|100/100
|turn|1
|l|☆AKAMisterCarisma
|player|p2|
|j|☆AKAMisterCarisma
|player|p2|AKAMisterCarisma|hoopster|
|inactive|Battle timer is ON: inactive players will automatically lose when time's up. (requested by Onion2731)
|inactive|AKAMisterCarisma has 60 seconds left.
|
|t:|1785202137
|detailschange|p1a: Swampert|Swampert-Mega, L50, M, shiny
|-mega|p1a: Swampert|Swampert|Swampertite
|move|p2b: Blaziken|Protect|p2b: Blaziken
|-singleturn|p2b: Blaziken|Protect
|move|p1b: Sableye|Will-O-Wisp|p2a: Toxapex
|-status|p2a: Toxapex|brn
|move|p1a: Swampert|High Horsepower|p2a: Toxapex
|-supereffective|p2a: Toxapex|1
|-damage|p2a: Toxapex|14/100 brn
|move|p2a: Toxapex|Toxic|p1a: Swampert
|-status|p1a: Swampert|tox
|
|-heal|p2a: Toxapex|20/100y brn|[from] item: Leftovers
|-damage|p1a: Swampert|93/100 tox|[from] psn
|-damage|p2a: Toxapex|14/100 brn|[from] brn
|-ability|p2b: Blaziken|Speed Boost|boost
|-boost|p2b: Blaziken|spe|1
|upkeep
|turn|2
|inactive|Onion2731 has 30 seconds left.
|inactive|AKAMisterCarisma has 30 seconds left.
|inactive|Onion2731 has 20 seconds left.
|inactive|AKAMisterCarisma has 20 seconds left.
|inactive|Onion2731 has 15 seconds left.
|inactive|AKAMisterCarisma has 15 seconds left.
|inactive|Onion2731 has 10 seconds left.
|inactive|AKAMisterCarisma has 10 seconds left.
|inactive|Onion2731 has 5 seconds left.
|inactive|AKAMisterCarisma has 5 seconds left.
|
|t:|1785202192
|move|p1b: Sableye|Will-O-Wisp|p2a: Toxapex
|-fail|p2a: Toxapex|brn
|move|p2b: Blaziken|Close Combat|p1a: Swampert
|-damage|p1a: Swampert|32/100 tox
|-unboost|p2b: Blaziken|def|1
|-unboost|p2b: Blaziken|spd|1
|move|p1a: Swampert|Wave Crash|p2b: Blaziken
|-supereffective|p2b: Blaziken|1
|-damage|p2b: Blaziken|0 fnt
|faint|p2b: Blaziken
|-damage|p1a: Swampert|1/100 tox|[from] Recoil
|move|p2a: Toxapex|Infestation|p1a: Swampert
|-damage|p1a: Swampert|0 fnt
|faint|p1a: Swampert
|
|-heal|p2a: Toxapex|20/100y brn|[from] item: Leftovers
|-damage|p2a: Toxapex|14/100 brn|[from] brn
|upkeep
|
|t:|1785202216
|switch|p2b: Froslass|Froslass, L50, F|100/100
|switch|p1a: Incineroar|Incineroar, L50, M, shiny|100/100
|-ability|p1a: Incineroar|Intimidate|boost
|-unboost|p2a: Toxapex|atk|1
|-unboost|p2b: Froslass|atk|1
|turn|3
|inactive|AKAMisterCarisma has 30 seconds left.
|
|t:|1785202250
|detailschange|p2b: Froslass|Froslass-Mega, L50, F
|-mega|p2b: Froslass|Froslass|Froslassite
|-weather|Snowscape|[from] ability: Snow Warning|[of] p2b: Froslass
|move|p1b: Sableye|Disable|p2a: Toxapex
|-start|p2a: Toxapex|Disable|Infestation
|move|p2b: Froslass|Shadow Ball|p1b: Sableye
|-damage|p1b: Sableye|54/100
|move|p1a: Incineroar|Flare Blitz|p2b: Froslass
|-supereffective|p2b: Froslass|1
|-damage|p2b: Froslass|21/100
|-damage|p1a: Incineroar|78/100|[from] Recoil
|move|p2a: Toxapex|Toxic|p1a: Incineroar
|-status|p1a: Incineroar|tox
|
|-weather|Snowscape|[upkeep]
|-heal|p2a: Toxapex|20/100y brn|[from] item: Leftovers
|-damage|p1a: Incineroar|72/100 tox|[from] psn
|-damage|p2a: Toxapex|14/100 brn|[from] brn
|upkeep
|turn|4
|inactive|Onion2731 has 30 seconds left.
|inactive|AKAMisterCarisma has 30 seconds left.
|inactive|AKAMisterCarisma has 20 seconds left.
|inactive|AKAMisterCarisma has 15 seconds left.
|inactive|AKAMisterCarisma has 10 seconds left.
|
|t:|1785202299
|move|p2b: Froslass|Protect|p2b: Froslass
|-singleturn|p2b: Froslass|Protect
|move|p2a: Toxapex|Wide Guard|p2a: Toxapex
|-singleturn|p2a: Toxapex|Wide Guard
|move|p1b: Sableye|Encore|p2b: Froslass
|-activate|p2b: Froslass|move: Protect
|move|p1a: Incineroar|Parting Shot|p2b: Froslass
|-activate|p2b: Froslass|move: Protect
|
|-weather|Snowscape|[upkeep]
|-heal|p2a: Toxapex|20/100y brn|[from] item: Leftovers
|-damage|p1a: Incineroar|60/100 tox|[from] psn
|-damage|p2a: Toxapex|14/100 brn|[from] brn
|upkeep
|turn|5
|
|t:|1785202321
|move|p2a: Toxapex|Baneful Bunker|p2a: Toxapex
|-singleturn|p2a: Toxapex|move: Protect
|move|p1b: Sableye|Encore|p2b: Froslass
|-start|p2b: Froslass|Encore
|move|p2b: Froslass|Protect|p2b: Froslass
|-singleturn|p2b: Froslass|Protect
|move|p1a: Incineroar|Parting Shot|p2b: Froslass
|-activate|p2b: Froslass|move: Protect
|
|-weather|Snowscape|[upkeep]
|-heal|p2a: Toxapex|20/100y brn|[from] item: Leftovers
|-damage|p1a: Incineroar|42/100 tox|[from] psn
|-damage|p2a: Toxapex|14/100 brn|[from] brn
|upkeep
|-enditem|p1a: Incineroar|Sitrus Berry|[eat]
|-heal|p1a: Incineroar|67/100 tox|[from] item: Sitrus Berry
|turn|6
|inactive|AKAMisterCarisma has 30 seconds left.
|
|t:|1785202356
|move|p2b: Froslass|Protect||[still]
|-fail|p2b: Froslass
|move|p2a: Toxapex|Wide Guard|p2a: Toxapex
|-singleturn|p2a: Toxapex|Wide Guard
|move|p1b: Sableye|Encore|p2a: Toxapex
|-start|p2a: Toxapex|Encore
|move|p1a: Incineroar|Flare Blitz|p2b: Froslass
|-supereffective|p2b: Froslass|1
|-damage|p2b: Froslass|0 fnt
|faint|p2b: Froslass
|-damage|p1a: Incineroar|61/100 tox|[from] Recoil
|
|-weather|Snowscape|[upkeep]
|-heal|p2a: Toxapex|20/100y brn|[from] item: Leftovers
|-damage|p1a: Incineroar|37/100 tox|[from] psn
|-damage|p2a: Toxapex|14/100 brn|[from] brn
|-end|p2a: Toxapex|Disable
|upkeep
|
|t:|1785202366
|switch|p2b: Sneasler|Sneasler, L50, F|100/100
|turn|7
|inactive|AKAMisterCarisma has 30 seconds left.
|inactive|AKAMisterCarisma has 20 seconds left.
|
|t:|1785202404
|switch|p1a: Politoed|Politoed, L50, F, shiny|100/100
|-weather|RainDance|[from] ability: Drizzle|[of] p1a: Politoed
|move|p2a: Toxapex|Wide Guard|p2a: Toxapex
|-singleturn|p2a: Toxapex|Wide Guard
|move|p1b: Sableye|Will-O-Wisp|p2b: Sneasler
|-status|p2b: Sneasler|brn
|move|p2b: Sneasler|Close Combat|p1a: Politoed
|-damage|p1a: Politoed|75/100
|-unboost|p2b: Sneasler|def|1
|-unboost|p2b: Sneasler|spd|1
|-status|p1a: Politoed|psn|[from] ability: Poison Touch|[of] p2b: Sneasler
|
|-weather|RainDance|[upkeep]
|-heal|p2a: Toxapex|20/100y brn|[from] item: Leftovers
|-damage|p1a: Politoed|63/100 psn|[from] psn
|-damage|p2b: Sneasler|94/100 brn|[from] brn
|-damage|p2a: Toxapex|14/100 brn|[from] brn
|upkeep
|turn|8
|inactive|Onion2731 has 30 seconds left.
|inactive|AKAMisterCarisma has 30 seconds left.
|inactive|Onion2731 has 20 seconds left.
|inactive|Onion2731 has 15 seconds left.
|
|t:|1785202445
|move|p2b: Sneasler|Protect|p2b: Sneasler
|-singleturn|p2b: Sneasler|Protect
|move|p2a: Toxapex|Wide Guard|p2a: Toxapex
|-singleturn|p2a: Toxapex|Wide Guard
|move|p1b: Sableye|Disable|p2b: Sneasler
|-activate|p2b: Sneasler|move: Protect
|move|p1a: Politoed|Weather Ball|p2b: Sneasler
|-activate|p2b: Sneasler|move: Protect
|
|-weather|RainDance|[upkeep]
|-heal|p2a: Toxapex|20/100y brn|[from] item: Leftovers
|-damage|p1a: Politoed|51/100 psn|[from] psn
|-damage|p2b: Sneasler|88/100 brn|[from] brn
|-damage|p2a: Toxapex|14/100 brn|[from] brn
|upkeep
|turn|9
|inactive|AKAMisterCarisma has 30 seconds left.
|inactive|AKAMisterCarisma has 20 seconds left.
|
|t:|1785202482
|move|p2a: Toxapex|Wide Guard|p2a: Toxapex
|-singleturn|p2a: Toxapex|Wide Guard
|move|p1b: Sableye|Encore|p2b: Sneasler
|-start|p2b: Sneasler|Encore
|move|p2b: Sneasler|Protect|p2b: Sneasler
|-singleturn|p2b: Sneasler|Protect
|move|p1a: Politoed|Perish Song|p1a: Politoed
|-start|p1a: Politoed|perish3|[silent]
|-start|p1b: Sableye|perish3|[silent]
|-start|p2a: Toxapex|perish3|[silent]
|-start|p2b: Sneasler|perish3|[silent]
|-fieldactivate|move: Perish Song
|
|-weather|RainDance|[upkeep]
|-heal|p2a: Toxapex|20/100y brn|[from] item: Leftovers
|-damage|p1a: Politoed|39/100 psn|[from] psn
|-damage|p2b: Sneasler|82/100 brn|[from] brn
|-damage|p2a: Toxapex|14/100 brn|[from] brn
|-end|p2a: Toxapex|Encore
|-start|p2b: Sneasler|perish3
|-start|p1a: Politoed|perish3
|-start|p1b: Sableye|perish3
|-start|p2a: Toxapex|perish3
|upkeep
|turn|10
|inactive|AKAMisterCarisma has 30 seconds left.
|
|t:|1785202510
|switch|p1a: Incineroar|Incineroar, L50, M, shiny|37/100 tox
|-ability|p1a: Incineroar|Intimidate|boost
|-unboost|p2a: Toxapex|atk|1
|-unboost|p2b: Sneasler|atk|1
|move|p2b: Sneasler|Protect||[still]
|-fail|p2b: Sneasler
|move|p1b: Sableye|Encore|p2a: Toxapex
|-start|p2a: Toxapex|Encore
|move|p2a: Toxapex|Wide Guard||[still]
|-fail|p2a: Toxapex
|
|-weather|RainDance|[upkeep]
|-heal|p2a: Toxapex|20/100y brn|[from] item: Leftovers
|-damage|p1a: Incineroar|31/100 tox|[from] psn
|-damage|p2b: Sneasler|76/100 brn|[from] brn
|-damage|p2a: Toxapex|14/100 brn|[from] brn
|-start|p2b: Sneasler|perish2
|-start|p1b: Sableye|perish2
|-start|p2a: Toxapex|perish2
|upkeep
|turn|11
|
|t:|1785202534
|switch|p1b: Politoed|Politoed, L50, F, shiny|39/100 psn
|move|p2b: Sneasler|Protect|p2b: Sneasler
|-singleturn|p2b: Sneasler|Protect
|move|p2a: Toxapex|Wide Guard|p2a: Toxapex
|-singleturn|p2a: Toxapex|Wide Guard
|move|p1a: Incineroar|Parting Shot|p2a: Toxapex
|-unboost|p2a: Toxapex|atk|1
|-unboost|p2a: Toxapex|spa|1
|
|t:|1785202543
|switch|p1a: Sableye|Sableye, L50, F, shiny|54/100|[from] Parting Shot
|
|-weather|none
|-heal|p2a: Toxapex|20/100y brn|[from] item: Leftovers
|-damage|p1b: Politoed|26/100 psn|[from] psn
|-damage|p2b: Sneasler|70/100 brn|[from] brn
|-damage|p2a: Toxapex|14/100 brn|[from] brn
|-end|p2b: Sneasler|Encore
|-start|p2b: Sneasler|perish1
|-start|p2a: Toxapex|perish1
|upkeep
|turn|12
|inactive|AKAMisterCarisma has 30 seconds left.
|
|t:|1785202569
|switch|p1a: Incineroar|Incineroar, L50, M, shiny|31/100 tox
|-ability|p1a: Incineroar|Intimidate|boost
|-unboost|p2a: Toxapex|atk|1
|-unboost|p2b: Sneasler|atk|1
|move|p1b: Politoed|Protect|p1b: Politoed
|-singleturn|p1b: Politoed|Protect
|move|p2a: Toxapex|Wide Guard|p2a: Toxapex
|-singleturn|p2a: Toxapex|Wide Guard
|move|p2b: Sneasler|Poison Jab|p1b: Politoed
|-activate|p1b: Politoed|move: Protect
|
|-heal|p2a: Toxapex|20/100y brn|[from] item: Leftovers
|-damage|p1b: Politoed|14/100 psn|[from] psn
|-damage|p1a: Incineroar|25/100 tox|[from] psn
|-damage|p2b: Sneasler|65/100 brn|[from] brn
|-damage|p2a: Toxapex|14/100 brn|[from] brn
|-end|p2a: Toxapex|Encore
|-start|p2b: Sneasler|perish0
|-start|p2a: Toxapex|perish0
|faint|p2b: Sneasler
|faint|p2a: Toxapex
|
|win|Onion2731
||Onion2731 is ready for game 2.
|inactive|AKAMisterCarisma has 30 seconds to confirm battle start!
|inactive|AKAMisterCarisma has 20 seconds to confirm battle start!
|inactive|AKAMisterCarisma has 10 seconds to confirm battle start!
|l|☆AKAMisterCarisma
|player|p2|
|uhtml|next|Next: Game 2 of 3
