|j|☆Kampfstube
|j|☆ghotamcity2.0
|html|Kampfstubeghotamcity2.0    
|uhtml|bestof|Game 1 of a best-of-3
|t:|1756626270
|gametype|doubles
|player|p1|Kampfstube|n|1123
|player|p2|ghotamcity2.0|biker-gen4|1068
|gen|9
|tier|[Gen 9] VGC 2025 Reg H (Bo3)
|rated|
|rule|Species Clause: Limit one of each Pokémon
|rule|Item Clause: Limit 1 of each item
|clearpoke
|poke|p1|Grimmsnarl, L50, M|
|poke|p1|Volcarona, L50, F|
|poke|p1|Annihilape, L50, M|
|poke|p1|Ursaluna-Bloodmoon, L50, M|
|poke|p1|Dragonite, L50, M|
|poke|p1|Maushold, L50|
|poke|p2|Gholdengo, L50|
|poke|p2|Incineroar, L50, F|
|poke|p2|Flamigo, L50, F|
|poke|p2|Ursaluna, L50, F|
|poke|p2|Porygon2, L50|
|poke|p2|Amoonguss, L50, M|
|teampreview|4
|showteam|p1|Grimmsnarl||CovertCloak|Prankster|SpiritBreak,LightScreen,Reflect,ThunderWave|||M|||50|,,,,,Steel]Volcarona||Leftovers|FlameBody|GigaDrain,QuiverDance,HeatWave,Protect|||F|||50|,,,,,Grass]Annihilape||SafetyGoggles|Defiant|BulkUp,DrainPunch,Protect,RageFist|||M|||50|,,,,,Fire]Ursaluna-Bloodmoon||AssaultVest|MindsEye|EarthPower,BloodMoon,HyperVoice,VacuumWave|||M|||50|,,,,,Water]Dragonite||LoadedDice|Multiscale|ScaleShot,ExtremeSpeed,Protect,Haze|||M|||50|,,,,,Fairy]Maushold||WideLens|FriendGuard|PopulationBomb,BeatUp,Protect,FollowMe||||||50|,,,,,Ghost
|showteam|p2|Gholdengo||LifeOrb|GoodasGold|MakeItRain,ShadowBall,NastyPlot,Protect||||||50|,,,,,Dragon]Incineroar||SafetyGoggles|Intimidate|KnockOff,FlareBlitz,PartingShot,FakeOut|||F|||50|,,,,,Grass]Flamigo||FocusSash|Scrappy|CloseCombat,BraveBird,WideGuard,Protect|||F|||50|,,,,,Ghost]Ursaluna||FlameOrb|Guts|Facade,HeadlongRush,Earthquake,Protect|||F|||50|,,,,,Normal]Porygon2||Eviolite|Download|TeraBlast,IceBeam,TrickRoom,Recover||||||50|,,,,,Fighting]Amoonguss||MentalHerb|Regenerator|Spore,RagePowder,PollenPuff,SludgeBomb|||M|||50|,,,,,Water
|inactive|Battle timer is ON: inactive players will automatically lose when time's up. (requested by Kampfstube)
|inactive|Kampfstube has 60 seconds left.
|inactive|ghotamcity2.0 has 60 seconds left.
|inactive|ghotamcity2.0 has 30 seconds left.
|
|t:|1756626331
|teamsize|p1|4
|teamsize|p2|4
|start
|switch|p1a: Grimmsnarl|Grimmsnarl, L50, M|100/100
|switch|p1b: Volcarona|Volcarona, L50, F, shiny|100/100
|switch|p2a: Ursaluna|Ursaluna, L50, F|100/100
|switch|p2b: Porygon2|Porygon2, L50|100/100
|-ability|p2b: Porygon2|Download|boost
|-boost|p2b: Porygon2|atk|1
|turn|1
|inactive|Kampfstube has 30 seconds left.
|inactive|Kampfstube has 20 seconds left.
|inactive|Kampfstube has 15 seconds left.
|inactive|ghotamcity2.0 has 30 seconds left.
|
|t:|1756626379
|move|p1a: Grimmsnarl|Thunder Wave|p2b: Porygon2
|-status|p2b: Porygon2|par
|move|p1b: Volcarona|Quiver Dance|p1b: Volcarona
|-boost|p1b: Volcarona|spa|1
|-boost|p1b: Volcarona|spd|1
|-boost|p1b: Volcarona|spe|1
|move|p2a: Ursaluna|Facade|p1a: Grimmsnarl
|-crit|p1a: Grimmsnarl
|-damage|p1a: Grimmsnarl|41/100
|move|p2b: Porygon2|Trick Room|p2b: Porygon2
|-fieldstart|move: Trick Room|[of] p2b: Porygon2
|
|-status|p2a: Ursaluna|brn|[from] item: Flame Orb
|upkeep
|turn|2
|inactive|ghotamcity2.0 has 30 seconds left.
|
|t:|1756626410
|-terastallize|p2a: Ursaluna|Normal
|move|p1b: Volcarona|Protect|p1b: Volcarona
|-singleturn|p1b: Volcarona|Protect
|move|p1a: Grimmsnarl|Reflect|p1a: Grimmsnarl
|-sidestart|p1: Kampfstube|Reflect
|move|p2b: Porygon2|Tera Blast|p1a: Grimmsnarl
|-damage|p1a: Grimmsnarl|4/100
|move|p2a: Ursaluna|Facade|p1b: Volcarona
|-activate|p1b: Volcarona|move: Protect
|
|-damage|p2a: Ursaluna|95/100 brn|[from] brn
|upkeep
|turn|3
|
|t:|1756626427
|switch|p1b: Annihilape|Annihilape, L50, M|100/100
|move|p1a: Grimmsnarl|Light Screen|p1a: Grimmsnarl
|-sidestart|p1: Kampfstube|move: Light Screen
|move|p2b: Porygon2|Tera Blast|p1b: Annihilape
|-immune|p1b: Annihilape
|move|p2a: Ursaluna|Facade|p1b: Annihilape
|-immune|p1b: Annihilape
|
|-damage|p2a: Ursaluna|89/100 brn|[from] brn
|upkeep
|turn|4
|inactive|Kampfstube has 30 seconds left.
|
|t:|1756626457
|switch|p2b: Amoonguss|Amoonguss, L50, M|100/100
|move|p1b: Annihilape|Protect|p1b: Annihilape
|-singleturn|p1b: Annihilape|Protect
|move|p2a: Ursaluna|Headlong Rush|p1b: Annihilape
|-activate|p1b: Annihilape|move: Protect
|move|p1a: Grimmsnarl|Spirit Break|p2b: Amoonguss
|-resisted|p2b: Amoonguss
|-damage|p2b: Amoonguss|89/100
|-unboost|p2b: Amoonguss|spa|1
|
|-damage|p2a: Ursaluna|83/100 brn|[from] brn
|upkeep
|turn|5
|
|t:|1756626480
|switch|p2a: Porygon2|Porygon2, L50|100/100 par
|-ability|p2a: Porygon2|Download|boost
|-boost|p2a: Porygon2|atk|1
|move|p1a: Grimmsnarl|Thunder Wave|p2b: Amoonguss
|-status|p2b: Amoonguss|par
|move|p2b: Amoonguss|Spore|p1b: Annihilape
|-activate|p1b: Annihilape|item: Safety Goggles|Spore
|move|p1b: Annihilape|Bulk Up|p1b: Annihilape
|-boost|p1b: Annihilape|atk|1
|-boost|p1b: Annihilape|def|1
|
|-fieldend|move: Trick Room
|upkeep
|turn|6
|
|t:|1756626502
|move|p1b: Annihilape|Bulk Up|p1b: Annihilape
|-boost|p1b: Annihilape|atk|1
|-boost|p1b: Annihilape|def|1
|move|p1a: Grimmsnarl|Spirit Break|p2a: Porygon2
|-damage|p2a: Porygon2|81/100 par
|-unboost|p2a: Porygon2|spa|1
|move|p2b: Amoonguss|Sludge Bomb|p1a: Grimmsnarl
|-supereffective|p1a: Grimmsnarl
|-damage|p1a: Grimmsnarl|0 fnt
|faint|p1a: Grimmsnarl
|move|p2a: Porygon2|Trick Room|p2a: Porygon2
|-fieldstart|move: Trick Room|[of] p2a: Porygon2
|
|-sideend|p1: Kampfstube|Reflect
|upkeep
|
|t:|1756626515
|switch|p1a: Maushold|Maushold, L50|100/100
|turn|7
|
|t:|1756626534
|move|p1a: Maushold|Protect|p1a: Maushold
|-singleturn|p1a: Maushold|Protect
|move|p2b: Amoonguss|Spore|p1a: Maushold
|-activate|p1a: Maushold|move: Protect
|cant|p2a: Porygon2|par
|move|p1b: Annihilape|Drain Punch|p2a: Porygon2
|-supereffective|p2a: Porygon2
|-damage|p2a: Porygon2|0 fnt
|faint|p2a: Porygon2
|
|-sideend|p1: Kampfstube|move: Light Screen
|upkeep
|
|t:|1756626542
|switch|p2a: Ursaluna|Ursaluna, L50, F, tera:Normal|83/100 brn
|turn|8
|inactive|Kampfstube has 30 seconds left.
|
|t:|1756626576
|-terastallize|p1a: Maushold|Ghost
|move|p2a: Ursaluna|Protect|p2a: Ursaluna
|-singleturn|p2a: Ursaluna|Protect
|move|p2b: Amoonguss|Spore|p1a: Maushold
|-status|p1a: Maushold|slp|[from] move: Spore
|move|p1b: Annihilape|Rage Fist|p2b: Amoonguss
|-damage|p2b: Amoonguss|54/100 par
|cant|p1a: Maushold|slp
|
|-damage|p2a: Ursaluna|77/100 brn|[from] brn
|upkeep
|turn|9
|inactive|ghotamcity2.0 has 30 seconds left.
|inactive|ghotamcity2.0 has 20 seconds left.
|inactive|ghotamcity2.0 has 15 seconds left.
|
|t:|1756626618
|cant|p1a: Maushold|slp
|move|p2b: Amoonguss|Pollen Puff|p2a: Ursaluna
|-heal|p2a: Ursaluna|100/100 brn
|move|p2a: Ursaluna|Headlong Rush|p1a: Maushold
|-damage|p1a: Maushold|0 fnt
|-unboost|p2a: Ursaluna|def|1
|-unboost|p2a: Ursaluna|spd|1
|faint|p1a: Maushold
|move|p1b: Annihilape|Drain Punch|p2a: Ursaluna
|-supereffective|p2a: Ursaluna
|-damage|p2a: Ursaluna|0 fnt
|faint|p2a: Ursaluna
|
|upkeep
|
|t:|1756626632
|switch|p2a: Flamigo|Flamigo, L50, F|100/100
|switch|p1a: Volcarona|Volcarona, L50, F, shiny|100/100
|turn|10
|
|t:|1756626651
|move|p1a: Volcarona|Protect|p1a: Volcarona
|-singleturn|p1a: Volcarona|Protect
|move|p2b: Amoonguss|Rage Powder|p2b: Amoonguss
|-singleturn|p2b: Amoonguss|move: Rage Powder
|move|p1b: Annihilape|Rage Fist|p2b: Amoonguss
|-damage|p2b: Amoonguss|21/100 par
|move|p2a: Flamigo|Brave Bird|p1b: Annihilape
|-supereffective|p1b: Annihilape
|-damage|p1b: Annihilape|44/100
|-damage|p2a: Flamigo|75/100|[from] Recoil
|
|-fieldend|move: Trick Room
|upkeep
|turn|11
|
|t:|1756626671
|move|p1b: Annihilape|Protect|p1b: Annihilape
|-singleturn|p1b: Annihilape|Protect
|cant|p2b: Amoonguss|par
|move|p2a: Flamigo|Brave Bird|p1a: Volcarona
|-supereffective|p1a: Volcarona
|-damage|p1a: Volcarona|0 fnt
|-status|p2a: Flamigo|brn|[from] ability: Flame Body|[of] p1a: Volcarona
|faint|p1a: Volcarona
|-damage|p2a: Flamigo|35/100 brn|[from] Recoil
|
|-damage|p2a: Flamigo|30/100 brn|[from] brn
|upkeep
|turn|12
|
|t:|1756626688
|move|p2a: Flamigo|Brave Bird|p1b: Annihilape
|-supereffective|p1b: Annihilape
|-damage|p1b: Annihilape|18/100
|-damage|p2a: Flamigo|18/100 brn|[from] Recoil
|move|p1b: Annihilape|Drain Punch|p2a: Flamigo
|-resisted|p2a: Flamigo
|-damage|p2a: Flamigo|0 fnt
|-heal|p1b: Annihilape|24/100|[from] drain|[of] p2a: Flamigo
|faint|p2a: Flamigo
|move|p2b: Amoonguss|Sludge Bomb|p1b: Annihilape
|-resisted|p1b: Annihilape
|-damage|p1b: Annihilape|17/100
|-status|p1b: Annihilape|psn
|
|-damage|p1b: Annihilape|5/100 psn|[from] psn
|upkeep
|turn|13
|
|t:|1756626704
|move|p1b: Annihilape|Rage Fist|p2b: Amoonguss
|-damage|p2b: Amoonguss|0 fnt
|faint|p2b: Amoonguss
|
|win|Kampfstube
