|j|☆GoPlayCatch
|j|☆MarkTheMarker
|html|GoPlayCatchMarkTheMarker    
|uhtml|bestof|Game 3 of a best-of-3
|t:|1784839653
|gametype|doubles
|player|p1|GoPlayCatch|2|1239
|player|p2|MarkTheMarker|wallace|1398
|gen|9
|tier|[Gen 9 Champions] VGC 2026 Reg M-B (Bo3)
|rated|
|rule|Species Clause: Limit one of each Pokémon
|rule|Item Clause: Limit 1 of each item
|clearpoke
|poke|p1|Pinsir, L50, M|
|poke|p1|Mamoswine, L50, M|
|poke|p1|Hydreigon, L50, F|
|poke|p1|Aegislash, L50, M|
|poke|p1|Meowstic-F, L50, F|
|poke|p1|Azumarill, L50, M|
|poke|p2|Grimmsnarl, L50, M|
|poke|p2|Archaludon, L50, M|
|poke|p2|Pelipper, L50, F|
|poke|p2|Venusaur, L50, F|
|poke|p2|Gholdengo, L50|
|poke|p2|Staraptor, L50, F|
|teampreview|4
|showteam|p1|Pinsir||Pinsirite|HyperCutter|Detect,BodySlam,Feint,StormThrow|Jolly||M|||50|]Mamoswine||LifeOrb|Oblivious|IceShard,Earthquake,IcicleCrash,Protect|Jolly||M|||50|]Hydreigon||FocusSash|Levitate|DarkPulse,DracoMeteor,Tailwind,Protect|Timid||F|||50|]Aegislash||OccaBerry|StanceChange|WideGuard,FlashCannon,ShadowBall,KingsShield|Modest||M|||50|]Meowstic-F||Meowsticite|Competitive|FakeOut,Psychic,Thunderbolt,Protect|Timid||F|||50|]Azumarill||MysticWater|HugePower|AquaJet,PlayRough,Liquidation,Protect|Adamant||M|||50|
|showteam|p2|Grimmsnarl||LightClay|Prankster|SpiritBreak,PartingShot,LightScreen,Reflect|Careful||M|||50|]Archaludon||Leftovers|Stamina|DragonPulse,FlashCannon,ElectroShot,Protect|Calm||M|||50|]Pelipper||SitrusBerry|Drizzle|Hurricane,WeatherBall,WideGuard,Tailwind|Modest||F|||50|]Venusaur||Venusaurite|Chlorophyll|GigaDrain,SludgeBomb,EarthPower,Protect|Modest||F|||50|]Gholdengo||LifeOrb|GoodasGold|MakeItRain,ShadowBall,NastyPlot,Protect|Modest|||||50|]Staraptor||Staraptite|Intimidate|CloseCombat,BraveBird,Roost,Protect|Jolly||F|||50|
|inactive|Battle timer is ON: inactive players will automatically lose when time's up. (requested by MarkTheMarker)
|inactive|MarkTheMarker has 60 seconds left.
|
|t:|1784839693
|teamsize|p1|4
|teamsize|p2|4
|start
|switch|p1a: Azumarill|Azumarill, L50, M|100/100
|switch|p1b: Meowstic|Meowstic-F, L50, F|100/100
|switch|p2a: Pelipper|Pelipper, L50, F|100/100
|switch|p2b: Archaludon|Archaludon, L50, M|100/100
|-weather|RainDance|[from] ability: Drizzle|[of] p2a: Pelipper
|turn|1
|inactive|GoPlayCatch has 30 seconds left.
|inactive|GoPlayCatch has 20 seconds left.
|inactive|GoPlayCatch has 15 seconds left.
|inactive|GoPlayCatch has 10 seconds left.
|inactive|GoPlayCatch has 5 seconds left.
|
|t:|1784839746
|switch|p1b: Hydreigon|Hydreigon, L50, F|100/100
|switch|p2a: Venusaur|Venusaur, L50, F|100/100
|move|p2b: Archaludon|Electro Shot||[still]
|-prepare|p2b: Archaludon|Electro Shot
|-boost|p2b: Archaludon|spa|1
|-anim|p2b: Archaludon|Electro Shot|p1a: Azumarill
|-supereffective|p1a: Azumarill|1
|-damage|p1a: Azumarill|0 fnt
|faint|p1a: Azumarill
|
|-weather|RainDance|[upkeep]
|upkeep
|
|t:|1784839762
|switch|p1a: Pinsir|Pinsir, L50, M|100/100
|turn|2
|
|t:|1784839775
|switch|p2a: Grimmsnarl|Grimmsnarl, L50, M|100/100
|detailschange|p1a: Pinsir|Pinsir-Mega, L50, M
|-mega|p1a: Pinsir|Pinsir|Pinsirite
|move|p2b: Archaludon|Protect|p2b: Archaludon
|-singleturn|p2b: Archaludon|Protect
|move|p1a: Pinsir|Feint|p2b: Archaludon
|-activate|p2b: Archaludon|move: Feint
|-resisted|p2b: Archaludon|1
|-damage|p2b: Archaludon|92/100
|-ability|p2b: Archaludon|Stamina|boost
|-boost|p2b: Archaludon|def|1
|move|p1b: Hydreigon|Draco Meteor|p2b: Archaludon
|-damage|p2b: Archaludon|34/100
|-unboost|p1b: Hydreigon|spa|2
|-ability|p2b: Archaludon|Stamina|boost
|-boost|p2b: Archaludon|def|1
|
|-weather|RainDance|[upkeep]
|-heal|p2b: Archaludon|40/100|[from] item: Leftovers
|upkeep
|turn|3
|inactive|GoPlayCatch has 30 seconds left.
|
|t:|1784839800
|switch|p2b: Pelipper|Pelipper, L50, F|100/100
|move|p2a: Grimmsnarl|Parting Shot|p1a: Pinsir
|-unboost|p1a: Pinsir|atk|1
|-unboost|p1a: Pinsir|spa|1
|
|t:|1784839809
|switch|p2a: Venusaur|Venusaur, L50, F|100/100|[from] Parting Shot
|move|p1a: Pinsir|Storm Throw|p2b: Pelipper
|-resisted|p2b: Pelipper|1
|-crit|p2b: Pelipper
|-damage|p2b: Pelipper|80/100
|move|p1b: Hydreigon|Tailwind|p1b: Hydreigon
|-sidestart|p1: GoPlayCatch|move: Tailwind
|
|-weather|RainDance|[upkeep]
|upkeep
|turn|4
|
|t:|1784839823
|detailschange|p2a: Venusaur|Venusaur-Mega, L50, F
|-mega|p2a: Venusaur|Venusaur|Venusaurite
|move|p1a: Pinsir|Body Slam|p2b: Pelipper
|-damage|p2b: Pelipper|34/100
|-enditem|p2b: Pelipper|Sitrus Berry|[eat]
|-heal|p2b: Pelipper|59/100|[from] item: Sitrus Berry
|move|p1b: Hydreigon|Dark Pulse|p2b: Pelipper
|-damage|p2b: Pelipper|26/100
|move|p2a: Venusaur|Sludge Bomb|p1b: Hydreigon
|-damage|p1b: Hydreigon|42/100
|move|p2b: Pelipper|Hurricane|p1a: Pinsir
|-supereffective|p1a: Pinsir|1
|-damage|p1a: Pinsir|0 fnt
|faint|p1a: Pinsir
|
|-weather|RainDance|[upkeep]
|upkeep
|
|t:|1784839837
|switch|p1a: Meowstic|Meowstic-F, L50, F|100/100
|turn|5
|
|t:|1784839852
|switch|p2a: Grimmsnarl|Grimmsnarl, L50, M|100/100
|switch|p2b: Archaludon|Archaludon, L50, M|40/100
|move|p1a: Meowstic|Psychic|p2a: Grimmsnarl
|-immune|p2a: Grimmsnarl
|move|p1b: Hydreigon|Dark Pulse|p2b: Archaludon
|-damage|p2b: Archaludon|21/100
|-ability|p2b: Archaludon|Stamina|boost
|-boost|p2b: Archaludon|def|1
|
|-weather|none
|-heal|p2b: Archaludon|28/100|[from] item: Leftovers
|upkeep
|turn|6
|
|t:|1784839879
|move|p1b: Hydreigon|Protect|p1b: Hydreigon
|-singleturn|p1b: Hydreigon|Protect
|move|p2a: Grimmsnarl|Light Screen|p2a: Grimmsnarl
|-sidestart|p2: MarkTheMarker|move: Light Screen
|move|p1a: Meowstic|Thunderbolt|p2a: Grimmsnarl
|-crit|p2a: Grimmsnarl
|-damage|p2a: Grimmsnarl|71/100
|move|p2b: Archaludon|Dragon Pulse|p1b: Hydreigon
|-activate|p1b: Hydreigon|move: Protect
|
|-heal|p2b: Archaludon|34/100|[from] item: Leftovers
|-sideend|p1: GoPlayCatch|move: Tailwind
|upkeep
|turn|7
|inactive|GoPlayCatch has 30 seconds left.
|
|t:|1784839911
|move|p2b: Archaludon|Protect|p2b: Archaludon
|-singleturn|p2b: Archaludon|Protect
|move|p1a: Meowstic|Psychic|p2b: Archaludon
|-activate|p2b: Archaludon|move: Protect
|move|p1b: Hydreigon|Dark Pulse|p2b: Archaludon
|-activate|p2b: Archaludon|move: Protect
|move|p2a: Grimmsnarl|Spirit Break|p1b: Hydreigon
|-supereffective|p1b: Hydreigon|2
|-damage|p1b: Hydreigon|0 fnt
|faint|p1b: Hydreigon
|
|-heal|p2b: Archaludon|40/100|[from] item: Leftovers
|upkeep
|turn|8
|
|t:|1784839924
|switch|p2a: Pelipper|Pelipper, L50, F|26/100
|-weather|RainDance|[from] ability: Drizzle|[of] p2a: Pelipper
|move|p1a: Meowstic|Psychic|p2b: Archaludon
|-resisted|p2b: Archaludon|1
|-damage|p2b: Archaludon|30/100
|-ability|p2b: Archaludon|Stamina|boost
|-boost|p2b: Archaludon|def|1
|move|p2b: Archaludon|Electro Shot||[still]
|-prepare|p2b: Archaludon|Electro Shot
|-boost|p2b: Archaludon|spa|1
|-anim|p2b: Archaludon|Electro Shot|p1a: Meowstic
|-damage|p1a: Meowstic|23/100
|
|-weather|RainDance|[upkeep]
|-heal|p2b: Archaludon|36/100|[from] item: Leftovers
|upkeep
|turn|9
|-message|GoPlayCatch forfeited.
|raw|GoPlayCatch's rating: 1239 → 1225(-14 for losing)
|raw|MarkTheMarker's rating: 1398 → 1409(+11 for winning)
|
|win|MarkTheMarker
|l|☆GoPlayCatch
|player|p1|
