|j|☆waveniki
|j|☆D_Bastial
|html|wavenikiD_Bastial    
|uhtml|bestof|Game 2 of a best-of-3
|t:|1757117590
|gametype|doubles
|player|p1|waveniki|clerk|1257
|player|p2|D_Bastial|clay|1175
|gen|9
|tier|[Gen 9] VGC 2025 Reg H (Bo3)
|rated|
|rule|Species Clause: Limit one of each Pokémon
|rule|Item Clause: Limit 1 of each item
|clearpoke
|poke|p1|Incineroar, L50, M|
|poke|p1|Amoonguss, L50, M|
|poke|p1|Ursaluna-Bloodmoon, L50, M|
|poke|p1|Dragonite, L50, M|
|poke|p1|Sneasler, L50, M|
|poke|p1|Gholdengo, L50|
|poke|p2|Kommo-o, L50, F|
|poke|p2|Sinistcha-Masterpiece, L50|
|poke|p2|Electabuzz, L50, F|
|poke|p2|Incineroar, L50, M|
|poke|p2|Whimsicott, L50, M|
|poke|p2|Annihilape, L50, F|
|teampreview|4
|showteam|p1|Incineroar||SafetyGoggles|Intimidate|FlareBlitz,KnockOff,FakeOut,PartingShot|||M|||50|,,,,,Ghost]Amoonguss||SitrusBerry|Regenerator|PollenPuff,Spore,RagePowder,Protect|||M|||50|,,,,,Psychic]Ursaluna-Bloodmoon||AssaultVest|MindsEye|HyperVoice,BloodMoon,EarthPower,VacuumWave|||M|||50|,,,,,Water]Dragonite||LoadedDice|Multiscale|ScaleShot,Tailwind,Haze,Protect|||M|||50|,,,,,Fairy]Sneasler||FocusSash|Unburden|CloseCombat,DireClaw,ThroatChop,Protect|||M|||50|,,,,,Stellar]Gholdengo||LifeOrb|GoodasGold|MakeItRain,ShadowBall,NastyPlot,Protect||||||50|,,,,,Water
|showteam|p2|Kommo-o||ThroatSpray|Soundproof|ClangorousSoul,Protect,Flamethrower,ClangingScales|||F|||50|,,,,,Fire]Sinistcha-Masterpiece||EjectButton|Hospitality|MatchaGotcha,TrickRoom,LifeDew,RagePowder||||||50|,,,,,Water]Electabuzz||Eviolite|VitalSpirit|Electroweb,FollowMe,HelpingHand,Taunt|||F|||50|,,,,,Fairy]Incineroar||AssaultVest|Intimidate|Uturn,FakeOut,FlareBlitz,KnockOff|||M|||50|,,,,,Ghost]Whimsicott||CovertCloak|Prankster|Tailwind,Encore,Moonblast,BeatUp|||M|||50|,,,,,Dark]Annihilape||ChoiceScarf|Defiant|FinalGambit,RageFist,Uturn,CloseCombat|||F|||50|,,,,,Steel
|inactive|Battle timer is ON: inactive players will automatically lose when time's up. (requested by waveniki)
|
|t:|1757117615
|teamsize|p1|4
|teamsize|p2|4
|start
|switch|p1a: Amoonguss|Amoonguss, L50, M|100/100
|switch|p1b: Gholdengo|Gholdengo, L50|100/100
|switch|p2a: Annihilape|Annihilape, L50, F|100/100
|switch|p2b: Whimsicott|Whimsicott, L50, M|100/100
|turn|1
|inactive|D_Bastial has 30 seconds left.
|inactive|D_Bastial has 20 seconds left.
|inactive|D_Bastial has 15 seconds left.
|inactive|D_Bastial has 10 seconds left.
|
|t:|1757117662
|move|p2b: Whimsicott|Beat Up|p2a: Annihilape
|-damage|p2a: Annihilape|98/100
|-damage|p2a: Annihilape|96/100
|-damage|p2a: Annihilape|94/100
|-damage|p2a: Annihilape|92/100
|-hitcount|p2a: Annihilape|4
|move|p2a: Annihilape|Rage Fist|p1b: Gholdengo
|-supereffective|p1b: Gholdengo
|-damage|p1b: Gholdengo|0 fnt
|faint|p1b: Gholdengo
|move|p1a: Amoonguss|Spore|p2a: Annihilape
|-status|p2a: Annihilape|slp|[from] move: Spore
|
|upkeep
|
|t:|1757117670
|switch|p1b: Ursaluna|Ursaluna-Bloodmoon, L50, M|100/100
|turn|2
|
|t:|1757117692
|switch|p1a: Dragonite|Dragonite, L50, M|100/100
|move|p2b: Whimsicott|Moonblast|p1b: Ursaluna
|-damage|p1b: Ursaluna|83/100
|cant|p2a: Annihilape|slp
|move|p1b: Ursaluna|Hyper Voice|p2a: Annihilape|[spread] p2a,p2b
|-damage|p2a: Annihilape|60/100 slp
|-damage|p2b: Whimsicott|56/100
|
|upkeep
|turn|3
|
|t:|1757117710
|move|p2b: Whimsicott|Moonblast|p1a: Dragonite
|-supereffective|p1a: Dragonite
|-damage|p1a: Dragonite|73/100
|cant|p2a: Annihilape|slp
|move|p1a: Dragonite|Tailwind|p1a: Dragonite
|-sidestart|p1: waveniki|move: Tailwind
|move|p1b: Ursaluna|Hyper Voice|p2b: Whimsicott|[spread] p2a,p2b
|-damage|p2a: Annihilape|25/100 slp
|-damage|p2b: Whimsicott|9/100
|
|upkeep
|turn|4
|
|t:|1757117735
|move|p1a: Dragonite|Protect|p1a: Dragonite
|-singleturn|p1a: Dragonite|Protect
|move|p2b: Whimsicott|Tailwind|p2b: Whimsicott
|-sidestart|p2: D_Bastial|move: Tailwind
|cant|p2a: Annihilape|slp
|move|p1b: Ursaluna|Hyper Voice|p2b: Whimsicott|[spread] p2a,p2b
|-damage|p2a: Annihilape|0 fnt
|-damage|p2b: Whimsicott|0 fnt
|faint|p2a: Annihilape
|faint|p2b: Whimsicott
|
|upkeep
|
|t:|1757117740
|switch|p2b: Sinistcha|Sinistcha-Masterpiece, L50|100/100
|switch|p2a: Kommo-o|Kommo-o, L50, F|100/100
|turn|5
|
|t:|1757117760
|-terastallize|p1a: Dragonite|Fairy
|-terastallize|p2a: Kommo-o|Fire
|move|p1a: Dragonite|Scale Shot|p2b: Sinistcha
|-damage|p2b: Sinistcha|86/100
|-damage|p2b: Sinistcha|73/100
|-damage|p2b: Sinistcha|57/100
|-crit|p2b: Sinistcha
|-damage|p2b: Sinistcha|37/100
|-hitcount|p2b: Sinistcha|4
|-unboost|p1a: Dragonite|def|1
|-boost|p1a: Dragonite|spe|1
|move|p2a: Kommo-o|Flamethrower|p1a: Dragonite
|-damage|p1a: Dragonite|24/100
|move|p2b: Sinistcha|Matcha Gotcha|p1a: Dragonite|[spread] p1a,p1b
|-supereffective|p1b: Ursaluna
|-damage|p1a: Dragonite|0 fnt
|-heal|p2b: Sinistcha|48/100|[from] drain|[of] p1a: Dragonite
|-damage|p1b: Ursaluna|51/100
|-heal|p2b: Sinistcha|67/100|[from] drain|[of] p1b: Ursaluna
|faint|p1a: Dragonite
|move|p1b: Ursaluna|Blood Moon|p2b: Sinistcha
|-damage|p2b: Sinistcha|2/100
|
|upkeep
|
|t:|1757117765
|switch|p1a: Amoonguss|Amoonguss, L50, M|100/100
|turn|6
|inactive|D_Bastial has 30 seconds left.
|
|t:|1757117799
|move|p2b: Sinistcha|Rage Powder|p2b: Sinistcha
|-singleturn|p2b: Sinistcha|move: Rage Powder
|move|p2a: Kommo-o|Flamethrower|p1a: Amoonguss
|-supereffective|p1a: Amoonguss
|-damage|p1a: Amoonguss|24/100
|-enditem|p1a: Amoonguss|Sitrus Berry|[eat]
|-heal|p1a: Amoonguss|49/100|[from] item: Sitrus Berry
|move|p1b: Ursaluna|Hyper Voice|p2a: Kommo-o|[spread] p2b
|-immune|p2a: Kommo-o|[from] ability: Soundproof
|-damage|p2b: Sinistcha|0 fnt
|faint|p2b: Sinistcha
|move|p1a: Amoonguss|Pollen Puff|p1b: Ursaluna
|-heal|p1b: Ursaluna|100/100
|
|-sideend|p1: waveniki|move: Tailwind
|upkeep
|turn|7
|
|t:|1757117812
|move|p2a: Kommo-o|Protect|p2a: Kommo-o
|-singleturn|p2a: Kommo-o|Protect
|move|p1b: Ursaluna|Earth Power|p2a: Kommo-o
|-activate|p2a: Kommo-o|move: Protect
|move|p1a: Amoonguss|Spore|p2a: Kommo-o
|-activate|p2a: Kommo-o|move: Protect
|
|-sideend|p2: D_Bastial|move: Tailwind
|upkeep
|turn|8
|
|t:|1757117818
|move|p2a: Kommo-o|Flamethrower|p1a: Amoonguss
|-supereffective|p1a: Amoonguss
|-damage|p1a: Amoonguss|0 fnt
|faint|p1a: Amoonguss
|move|p1b: Ursaluna|Earth Power|p2a: Kommo-o
|-supereffective|p2a: Kommo-o
|-damage|p2a: Kommo-o|0 fnt
|faint|p2a: Kommo-o
|
|win|waveniki
|raw|waveniki's rating: 1257 → 1276(+19 for winning)
|raw|D_Bastial's rating: 1175 → 1156(-19 for losing)
|l|☆D_Bastial
|player|p2|
