|j|☆PopoVGC
|j|☆is_katabo
|html|PopoVGCis_katabo    
|uhtml|bestof|Game 2 of a best-of-3
|t:|1785819968
|gametype|doubles
|player|p1|PopoVGC|silver|1146
|player|p2|is_katabo|youngster-gen4dp|1272
|gen|9
|tier|[Gen 9 Champions] VGC 2026 Reg M-B (Bo3)
|rated|
|rule|Species Clause: Limit one of each Pokémon
|rule|Item Clause: Limit 1 of each item
|clearpoke
|poke|p1|Gholdengo, L50|
|poke|p1|Tyranitar, L50, M|
|poke|p1|Excadrill, L50, F|
|poke|p1|Pidgeot, L50, F|
|poke|p1|Tsareena, L50, F|
|poke|p1|Rotom-Wash, L50|
|poke|p2|Venusaur, L50, F|
|poke|p2|Charizard, L50, M|
|poke|p2|Incineroar, L50, F|
|poke|p2|Toxapex, L50, F|
|poke|p2|Dragapult, L50, F|
|poke|p2|Sylveon, L50, M|
|teampreview|4
|showteam|p1|Gholdengo||LifeOrb|GoodasGold|MakeItRain,ShadowBall,NastyPlot,Protect|Timid|||||50|]Tyranitar||Tyranitarite|SandStream|RockSlide,KnockOff,Protect,LowKick|Jolly||M|||50|]Excadrill||FocusSash|SandRush|IronHead,Earthquake,RockSlide,Protect|Adamant||F|||50|]Pidgeot||Pidgeotite|BigPecks|Hurricane,HeatWave,Protect,Tailwind|Timid||F|||50|]Tsareena||ChoiceScarf|QueenlyMajesty|PowerWhip,TripleAxel,Uturn,LowKick|Jolly||F|||50|]Rotom-Wash||SitrusBerry|Levitate|Thunderbolt,HydroPump,Protect,WillOWisp|Bold|||||50|
|showteam|p2|Venusaur||LifeOrb|Chlorophyll|LeafStorm,SludgeBomb,EarthPower,Protect|Modest||F|||50|]Charizard||CharizarditeY|Blaze|WeatherBall,HeatWave,HelpingHand,Protect|Modest||M|||50|]Incineroar||SitrusBerry|Intimidate|FakeOut,ThroatChop,FlareBlitz,PartingShot|Careful||F|||50|]Toxapex||Leftovers|Regenerator|Infestation,Toxic,WideGuard,BanefulBunker|Relaxed||F|||50|]Dragapult||FocusSash|ClearBody|DragonDarts,PhantomForce,DracoMeteor,Protect|Naive||F|||50|]Sylveon||FairyFeather|Pixilate|HyperVoice,HyperBeam,QuickAttack,Detect|Modest||M|||50|
|
|t:|1785820016
|teamsize|p1|4
|teamsize|p2|4
|start
|switch|p1a: Tyranitar|Tyranitar, L50, M|100/100
|switch|p1b: Excadrill|Excadrill, L50, F|100/100
|switch|p2a: Charizard|Charizard, L50, M|100/100
|switch|p2b: Toxapex|Toxapex, L50, F|100/100
|-weather|Sandstorm|[from] ability: Sand Stream|[of] p1a: Tyranitar
|turn|1
|
|t:|1785820027
|detailschange|p2a: Charizard|Charizard-Mega-Y, L50, M
|-mega|p2a: Charizard|Charizard|Charizardite Y
|-weather|SunnyDay|[from] ability: Drought|[of] p2a: Charizard
|move|p2b: Toxapex|Wide Guard|p2b: Toxapex
|-singleturn|p2b: Toxapex|Wide Guard
|move|p1b: Excadrill|Iron Head|p2a: Charizard
|-resisted|p2a: Charizard|1
|-damage|p2a: Charizard|79/100
|move|p1a: Tyranitar|Knock Off|p2a: Charizard
|-damage|p2a: Charizard|46/100
|cant|p2a: Charizard|flinch
|
|-weather|SunnyDay|[upkeep]
|upkeep
|turn|2
|
|t:|1785820045
|move|p1b: Excadrill|Iron Head|p2a: Charizard
|-resisted|p2a: Charizard|1
|-damage|p2a: Charizard|24/100
|move|p2a: Charizard|Heat Wave|p1a: Tyranitar|[spread] p1a,p1b
|-resisted|p1a: Tyranitar|1
|-supereffective|p1b: Excadrill|1
|-damage|p1a: Tyranitar|69/100
|-enditem|p1b: Excadrill|Focus Sash
|-damage|p1b: Excadrill|1/100
|move|p1a: Tyranitar|Knock Off|p2a: Charizard
|-damage|p2a: Charizard|0 fnt
|faint|p2a: Charizard
|move|p2b: Toxapex|Infestation|p1b: Excadrill
|-resisted|p1b: Excadrill|1
|-damage|p1b: Excadrill|0 fnt
|faint|p1b: Excadrill
|
|-weather|SunnyDay|[upkeep]
|upkeep
|
|t:|1785820059
|switch|p1b: Gholdengo|Gholdengo, L50|100/100
|switch|p2a: Venusaur|Venusaur, L50, F|100/100
|turn|3
|
|t:|1785820080
|switch|p1a: Pidgeot|Pidgeot, L50, F|100/100
|move|p2a: Venusaur|Protect|p2a: Venusaur
|-singleturn|p2a: Venusaur|Protect
|move|p1b: Gholdengo|Protect|p1b: Gholdengo
|-singleturn|p1b: Gholdengo|Protect
|move|p2b: Toxapex|Infestation|p1a: Pidgeot
|-resisted|p1a: Pidgeot|1
|-damage|p1a: Pidgeot|97/100
|-activate|p1a: Pidgeot|move: Infestation|[of] p2b: Toxapex
|
|-weather|SunnyDay|[upkeep]
|-damage|p1a: Pidgeot|85/100|[from] move: Infestation|[partiallytrapped]
|upkeep
|turn|4
|
|t:|1785820092
|switch|p2a: Incineroar|Incineroar, L50, F|100/100
|-ability|p2a: Incineroar|Intimidate|boost
|-unboost|p1a: Pidgeot|atk|1
|-unboost|p1b: Gholdengo|atk|1
|switch|p1b: Tyranitar|Tyranitar, L50, M|69/100
|-weather|Sandstorm|[from] ability: Sand Stream|[of] p1b: Tyranitar
|detailschange|p1a: Pidgeot|Pidgeot-Mega, L50, F
|-mega|p1a: Pidgeot|Pidgeot|Pidgeotite
|move|p1a: Pidgeot|Hurricane|p2a: Incineroar
|-damage|p2a: Incineroar|51/100
|move|p2b: Toxapex|Toxic|p1a: Pidgeot
|-status|p1a: Pidgeot|tox
|
|-weather|Sandstorm|[upkeep]
|-damage|p1a: Pidgeot|78/100 tox|[from] Sandstorm
|-damage|p2a: Incineroar|46/100|[from] Sandstorm
|-damage|p2b: Toxapex|94/100|[from] Sandstorm
|-enditem|p2a: Incineroar|Sitrus Berry|[eat]
|-heal|p2a: Incineroar|70/100|[from] item: Sitrus Berry
|-heal|p2b: Toxapex|100/100|[from] item: Leftovers
|-damage|p1a: Pidgeot|72/100 tox|[from] psn
|-damage|p1a: Pidgeot|60/100 tox|[from] move: Infestation|[partiallytrapped]
|upkeep
|turn|5
|
|t:|1785820119
|move|p2a: Incineroar|Fake Out|p1a: Pidgeot
|-damage|p1a: Pidgeot|45/100 tox
|cant|p1a: Pidgeot|flinch
|move|p1b: Tyranitar|Low Kick|p2a: Incineroar
|-supereffective|p2a: Incineroar|1
|-damage|p2a: Incineroar|18/100
|move|p2b: Toxapex|Infestation|p1b: Tyranitar
|-supereffective|p1b: Tyranitar|1
|-damage|p1b: Tyranitar|64/100
|-activate|p1b: Tyranitar|move: Infestation|[of] p2b: Toxapex
|
|-weather|Sandstorm|[upkeep]
|-damage|p1a: Pidgeot|38/100 tox|[from] Sandstorm
|-damage|p2a: Incineroar|12/100|[from] Sandstorm
|-damage|p2b: Toxapex|94/100|[from] Sandstorm
|-heal|p2b: Toxapex|100/100|[from] item: Leftovers
|-damage|p1a: Pidgeot|26/100 tox|[from] psn
|-damage|p1a: Pidgeot|13/100 tox|[from] move: Infestation|[partiallytrapped]
|-damage|p1b: Tyranitar|52/100|[from] move: Infestation|[partiallytrapped]
|upkeep
|turn|6
|
|t:|1785820138
|move|p1a: Pidgeot|Hurricane|p2b: Toxapex
|-damage|p2b: Toxapex|54/100
|move|p1b: Tyranitar|Rock Slide|p2b: Toxapex|[spread] p2a,p2b
|-supereffective|p2a: Incineroar|1
|-damage|p2a: Incineroar|0 fnt
|-damage|p2b: Toxapex|34/100
|faint|p2a: Incineroar
|move|p2b: Toxapex|Toxic|p1b: Tyranitar
|-status|p1b: Tyranitar|tox
|
|-weather|Sandstorm|[upkeep]
|-damage|p1a: Pidgeot|7/100 tox|[from] Sandstorm
|-damage|p2b: Toxapex|28/100|[from] Sandstorm
|-heal|p2b: Toxapex|34/100|[from] item: Leftovers
|-damage|p1a: Pidgeot|0 fnt|[from] psn
|faint|p1a: Pidgeot
|-damage|p1b: Tyranitar|46/100 tox|[from] psn
|-damage|p1b: Tyranitar|33/100 tox|[from] move: Infestation|[partiallytrapped]
|upkeep
|
|t:|1785820154
|switch|p1a: Gholdengo|Gholdengo, L50|100/100
|switch|p2a: Venusaur|Venusaur, L50, F|100/100
|turn|7
|
|t:|1785820178
|move|p2a: Venusaur|Protect|p2a: Venusaur
|-singleturn|p2a: Venusaur|Protect
|move|p2b: Toxapex|Baneful Bunker|p2b: Toxapex
|-singleturn|p2b: Toxapex|move: Protect
|move|p1a: Gholdengo|Shadow Ball|p2a: Venusaur
|-activate|p2a: Venusaur|move: Protect
|move|p1b: Tyranitar|Knock Off|p2a: Venusaur
|-activate|p2a: Venusaur|move: Protect
|
|-weather|Sandstorm|[upkeep]
|-damage|p2a: Venusaur|94/100|[from] Sandstorm
|-damage|p2b: Toxapex|28/100|[from] Sandstorm
|-heal|p2b: Toxapex|34/100|[from] item: Leftovers
|-damage|p1b: Tyranitar|21/100 tox|[from] psn
|-damage|p1b: Tyranitar|9/100 tox|[from] move: Infestation|[partiallytrapped]
|upkeep
|turn|8
|
|t:|1785820187
|move|p1a: Gholdengo|Make It Rain|p2b: Toxapex|[spread] p2a,p2b
|-resisted|p2b: Toxapex|1
|-damage|p2a: Venusaur|22/100
|-damage|p2b: Toxapex|8/100
|-unboost|p1a: Gholdengo|spa|2
|-damage|p1a: Gholdengo|90/100|[from] item: Life Orb
|move|p2a: Venusaur|Earth Power|p1a: Gholdengo
|-supereffective|p1a: Gholdengo|1
|-damage|p1a: Gholdengo|5/100
|-damage|p2a: Venusaur|13/100|[from] item: Life Orb
|move|p1b: Tyranitar|Rock Slide|p2b: Toxapex|[spread] p2a
|-miss|p1b: Tyranitar|p2b: Toxapex
|-damage|p2a: Venusaur|0 fnt
|faint|p2a: Venusaur
|move|p2b: Toxapex|Infestation|p1b: Tyranitar
|-supereffective|p1b: Tyranitar|1
|-damage|p1b: Tyranitar|4/100 tox
|
|-weather|none
|-heal|p2b: Toxapex|14/100|[from] item: Leftovers
|-damage|p1b: Tyranitar|0 fnt|[from] psn
|faint|p1b: Tyranitar
|upkeep
|turn|9
|
|t:|1785820205
|move|p2b: Toxapex|Baneful Bunker|p2b: Toxapex
|-singleturn|p2b: Toxapex|move: Protect
|move|p1a: Gholdengo|Shadow Ball|p2b: Toxapex
|-activate|p2b: Toxapex|move: Protect
|
|-heal|p2b: Toxapex|20/100y|[from] item: Leftovers
|upkeep
|turn|10
|
|t:|1785820208
|move|p1a: Gholdengo|Shadow Ball|p2b: Toxapex
|-damage|p2b: Toxapex|0 fnt
|faint|p2b: Toxapex
|-damage|p1a: Gholdengo|0 fnt|[from] item: Life Orb
|faint|p1a: Gholdengo
|
|win|PopoVGC
|raw|PopoVGC's rating: 1146 → 1180(+34 for winning)
|raw|is_katabo's rating: 1272 → 1238(-34 for losing)
