|j|☆Herdier1590
|j|☆p1ch1pichi
|html|Herdier1590p1ch1pichi    
|uhtml|bestof|Game 2 of a best-of-3
|t:|1784829345
|gametype|doubles
|player|p1|Herdier1590|ethan|1272
|player|p2|p1ch1pichi|n|1203
|gen|9
|tier|[Gen 9 Champions] VGC 2026 Reg M-B (Bo3)
|rated|
|rule|Species Clause: Limit one of each Pokémon
|rule|Item Clause: Limit 1 of each item
|clearpoke
|poke|p1|Swampert, L50, M|
|poke|p1|Venusaur, L50, F|
|poke|p1|Pelipper, L50, F|
|poke|p1|Basculegion, L50, M|
|poke|p1|Archaludon, L50, M|
|poke|p1|Grimmsnarl, L50, M|
|poke|p2|Blastoise, L50, M, shiny|
|poke|p2|Delphox, L50, M|
|poke|p2|Sneasler, L50, F|
|poke|p2|Incineroar, L50, M|
|poke|p2|Sinistcha, L50|
|poke|p2|Kingambit, L50, F|
|teampreview|4
|showteam|p1|Swampert||Swampertite|Torrent|WaveCrash,Earthquake,IcePunch,Protect|Adamant||M|||50|]Venusaur||Venusaurite|Chlorophyll|SludgeBomb,EarthPower,GigaDrain,Protect|Modest||F|||50|]Pelipper||SitrusBerry|Drizzle|WeatherBall,WideGuard,Hurricane,Tailwind|Modest||F|||50|]Basculegion||LifeOrb|SwiftSwim|WaveCrash,LastRespects,AquaJet,Protect|Adamant||M|||50|]Archaludon||Leftovers|Stamina|FlashCannon,DragonPulse,ElectroShot,Protect|Calm||M|||50|]Grimmsnarl||LightClay|Prankster|SpiritBreak,Reflect,LightScreen,PartingShot|Sassy||M|||50|
|showteam|p2|Blastoise||Blastoisinite|RainDish|Protect,WaterSpout,DarkPulse,ShellSmash|Modest||M|||50|]Delphox||Delphoxite|Blaze|Protect,HeatWave,Psyshock,NastyPlot|Modest||M|||50|]Sneasler||FocusSash|PoisonTouch|QuickGuard,FakeOut,PoisonJab,CloseCombat|Jolly||F|||50|]Incineroar||SitrusBerry|Intimidate|PartingShot,FakeOut,FlareBlitz,HelpingHand|Careful||M|||50|]Sinistcha||KasibBerry|Hospitality|Protect,MatchaGotcha,RagePowder,TrickRoom|Bold|||||50|]Kingambit||BlackGlasses|Defiant|Protect,KowtowCleave,SuckerPunch,SwordsDance|Adamant||F|||50|
|inactive|Battle timer is ON: inactive players will automatically lose when time's up. (requested by p1ch1pichi)
|
|t:|1784829375
|teamsize|p1|4
|teamsize|p2|4
|start
|switch|p1a: Big Yoshi|Venusaur, L50, F|100/100
|switch|p1b: Gremlin|Grimmsnarl, L50, M|100/100
|switch|p2a: Sneasler|Sneasler, L50, F|100/100
|switch|p2b: Delphox|Delphox, L50, M|100/100
|turn|1
|inactive|Herdier1590 has 30 seconds left.
|inactive|p1ch1pichi has 30 seconds left.
|
|t:|1784829404
|detailschange|p2b: Delphox|Delphox-Mega, L50, M
|-mega|p2b: Delphox|Delphox|Delphoxite
|detailschange|p1a: Big Yoshi|Venusaur-Mega, L50, F
|-mega|p1a: Big Yoshi|Venusaur|Venusaurite
|move|p2a: Sneasler|Poison Jab|p1b: Gremlin
|-supereffective|p1b: Gremlin|1
|-damage|p1b: Gremlin|12/100
|move|p2b: Delphox|Nasty Plot|p2b: Delphox
|-boost|p2b: Delphox|spa|2
|move|p1a: Big Yoshi|Earth Power|p2a: Sneasler
|-supereffective|p2a: Sneasler|1
|-damage|p2a: Sneasler|15/100
|move|p1b: Gremlin|Spirit Break|p2b: Delphox
|-resisted|p2b: Delphox|1
|-damage|p2b: Delphox|80/100
|-unboost|p2b: Delphox|spa|1
|
|upkeep
|turn|2
|inactive|p1ch1pichi has 30 seconds left.
|
|t:|1784829434
|move|p1b: Gremlin|Light Screen|p1b: Gremlin
|-sidestart|p1: Herdier1590|move: Light Screen
|move|p2a: Sneasler|Close Combat|p1b: Gremlin
|-damage|p1b: Gremlin|0 fnt
|-unboost|p2a: Sneasler|def|1
|-unboost|p2a: Sneasler|spd|1
|faint|p1b: Gremlin
|move|p2b: Delphox|Nasty Plot|p2b: Delphox
|-boost|p2b: Delphox|spa|2
|move|p1a: Big Yoshi|Sludge Bomb|p2b: Delphox
|-damage|p2b: Delphox|38/100
|
|upkeep
|inactive|Herdier1590 has 30 seconds left.
|inactive|Herdier1590 has 20 seconds left.
|inactive|Herdier1590 has 15 seconds left.
|inactive|Herdier1590 has 10 seconds left.
|
|t:|1784829482
|switch|p1b: FEED ME|Pelipper, L50, F|100/100
|-weather|RainDance|[from] ability: Drizzle|[of] p1b: FEED ME
|turn|3
|
|t:|1784829497
|move|p2a: Sneasler|Poison Jab|p1b: FEED ME
|-damage|p1b: FEED ME|54/100
|-status|p1b: FEED ME|psn|[from] ability: Poison Touch|[of] p2a: Sneasler
|move|p2b: Delphox|Psyshock|p1a: Big Yoshi
|-supereffective|p1a: Big Yoshi|1
|-damage|p1a: Big Yoshi|0 fnt
|faint|p1a: Big Yoshi
|move|p1b: FEED ME|Tailwind|p1b: FEED ME
|-sidestart|p1: Herdier1590|move: Tailwind
|
|-weather|RainDance|[upkeep]
|-damage|p1b: FEED ME|42/100 psn|[from] psn
|upkeep
|-enditem|p1b: FEED ME|Sitrus Berry|[eat]
|-heal|p1b: FEED ME|67/100 psn|[from] item: Sitrus Berry
|
|t:|1784829501
|switch|p1a: Big Stapler|Archaludon, L50, M|100/100
|turn|4
|
|t:|1784829517
|move|p2b: Delphox|Protect|p2b: Delphox
|-singleturn|p2b: Delphox|Protect
|move|p1a: Big Stapler|Electro Shot||[still]
|-prepare|p1a: Big Stapler|Electro Shot
|-boost|p1a: Big Stapler|spa|1
|-anim|p1a: Big Stapler|Electro Shot|p2a: Sneasler
|-damage|p2a: Sneasler|0 fnt
|faint|p2a: Sneasler
|move|p1b: FEED ME|Hurricane|p2b: Delphox
|-activate|p2b: Delphox|move: Protect
|
|-weather|RainDance|[upkeep]
|-damage|p1b: FEED ME|54/100 psn|[from] psn
|upkeep
|
|t:|1784829529
|switch|p2a: Sinistcha|Sinistcha, L50|100/100
|-heal|p2b: Delphox|63/100|[from] ability: Hospitality|[of] p2a: Sinistcha
|turn|5
|
|t:|1784829544
|move|p2a: Sinistcha|Rage Powder|p2a: Sinistcha
|-singleturn|p2a: Sinistcha|move: Rage Powder
|move|p1a: Big Stapler|Electro Shot||[still]
|-prepare|p1a: Big Stapler|Electro Shot
|-boost|p1a: Big Stapler|spa|1
|-anim|p1a: Big Stapler|Electro Shot|p2a: Sinistcha
|-resisted|p2a: Sinistcha|1
|-damage|p2a: Sinistcha|68/100
|move|p1b: FEED ME|Hurricane|p2a: Sinistcha
|-supereffective|p2a: Sinistcha|1
|-damage|p2a: Sinistcha|0 fnt
|faint|p2a: Sinistcha
|move|p2b: Delphox|Psyshock|p1b: FEED ME
|-damage|p1b: FEED ME|0 fnt
|faint|p1b: FEED ME
|
|-weather|RainDance|[upkeep]
|upkeep
|
|t:|1784829558
|switch|p2a: Kingambit|Kingambit, L50, F|100/100
|turn|6
|
|t:|1784829564
|move|p2b: Delphox|Protect|p2b: Delphox
|-singleturn|p2b: Delphox|Protect
|move|p1a: Big Stapler|Electro Shot||[still]
|-prepare|p1a: Big Stapler|Electro Shot
|-boost|p1a: Big Stapler|spa|1
|-anim|p1a: Big Stapler|Electro Shot|p2a: Kingambit
|-damage|p2a: Kingambit|27/100
|move|p2a: Kingambit|Swords Dance|p2a: Kingambit
|-boost|p2a: Kingambit|atk|2
|
|-weather|RainDance|[upkeep]
|-sideend|p1: Herdier1590|move: Tailwind
|upkeep
|turn|7
|
|t:|1784829584
|move|p2a: Kingambit|Sucker Punch|p1a: Big Stapler
|-crit|p1a: Big Stapler
|-damage|p1a: Big Stapler|5/100
|-ability|p1a: Big Stapler|Stamina|boost
|-boost|p1a: Big Stapler|def|1
|move|p2b: Delphox|Heat Wave|p1a: Big Stapler
|-damage|p1a: Big Stapler|0 fnt
|faint|p1a: Big Stapler
|
|win|p1ch1pichi
|raw|Herdier1590's rating: 1272 → 1242(-30 for losing)
|raw|p1ch1pichi's rating: 1203 → 1233(+30 for winning)
|c|☆Herdier1590|gg i guess
|l|☆Herdier1590
|player|p1|
