|j|☆avigolvgc
|j|☆washingtongargacha
|html|avigolvgcwashingtongargacha    
|uhtml|bestof|Game 2 of a best-of-3
|t:|1757204244
|gametype|doubles
|player|p1|avigolvgc|2|1177
|player|p2|washingtongargacha|169|1083
|gen|9
|tier|[Gen 9] VGC 2025 Reg H (Bo3)
|rated|
|rule|Species Clause: Limit one of each Pokémon
|rule|Item Clause: Limit 1 of each item
|clearpoke
|poke|p1|Farigiraf, L50, F|
|poke|p1|Sylveon, L50, F|
|poke|p1|Rillaboom, L50, M|
|poke|p1|Dragonite, L50, F|
|poke|p1|Incineroar, L50, M|
|poke|p1|Sneasler, L50, M|
|poke|p2|Talonflame, L50, M|
|poke|p2|Gholdengo, L50|
|poke|p2|Dragonite, L50, M|
|poke|p2|Archaludon, L50, M|
|poke|p2|Tyranitar, L50, M|
|poke|p2|Garchomp, L50, M|
|teampreview|4
|showteam|p1|Farigiraf||ThroatSpray|ArmorTail|PsychicNoise,HyperVoice,TrickRoom,Protect|||F|||50|,,,,,Fairy]Sylveon||PixiePlate|Pixilate|HyperVoice,TeraBlast,CalmMind,Protect|||F|||50|,,,,,Fire]Rillaboom||AssaultVest|GrassySurge|WoodHammer,GrassyGlide,Uturn,FakeOut|||M|||50|,,,,,Fire]Dragonite||SafetyGoggles|InnerFocus|ExtremeSpeed,TeraBlast,DragonDance,Protect|||F|||50|,,,,,Flying]Incineroar||SitrusBerry|Intimidate|KnockOff,PartingShot,Snarl,FakeOut|||M|||50|,,,,,Dragon]Sneasler||FocusSash|Unburden|DireClaw,CloseCombat,Uturn,Protect|||M|||50|,,,,,Ghost
|showteam|p2|Talonflame||CovertCloak|GaleWings|Tailwind,DualWingbeat,Taunt,FlareBlitz|||M|||50|,,,,,Ghost]Gholdengo||ChoiceSpecs|GoodasGold|MakeItRain,SteelBeam,ShadowBall,PowerGem||||||50|,,,,,Flying]Dragonite||LoadedDice|Multiscale|ScaleShot,IceSpinner,Haze,Protect|||M|||50|,,,,,Steel]Archaludon||PowerHerb|Sturdy|FlashCannon,ElectroShot,DracoMeteor,Protect|||M|||50|,,,,,Flying]Tyranitar||AssaultVest|SandStream|KnockOff,RockSlide,TeraBlast,LowKick|||M|||50|,,,,,Flying]Garchomp||LifeOrb|RoughSkin|DragonClaw,StompingTantrum,Earthquake,Protect|||M|||50|,,,,,Steel
|
|t:|1757204268
|teamsize|p1|4
|teamsize|p2|4
|start
|switch|p1a: Samuel|Incineroar, L50, M, shiny|100/100
|switch|p1b: Claudia|Farigiraf, L50, F, shiny|100/100
|switch|p2a: Gholdengo|Gholdengo, L50|100/100
|switch|p2b: Talonflame|Talonflame, L50, M|100/100
|-ability|p1a: Samuel|Intimidate|boost
|-unboost|p2a: Gholdengo|atk|1
|-unboost|p2b: Talonflame|atk|1
|turn|1
|
|t:|1757204289
|move|p2b: Talonflame|Taunt|p1b: Claudia
|-start|p1b: Claudia|move: Taunt
|move|p2a: Gholdengo|Power Gem|p1a: Samuel
|-supereffective|p1a: Samuel
|-damage|p1a: Samuel|35/100
|-enditem|p1a: Samuel|Sitrus Berry|[eat]
|-heal|p1a: Samuel|60/100|[from] item: Sitrus Berry
|move|p1b: Claudia|Psychic Noise|p2b: Talonflame
|-damage|p2b: Talonflame|54/100
|-enditem|p1b: Claudia|Throat Spray
|-boost|p1b: Claudia|spa|1|[from] item: Throat Spray
|move|p1a: Samuel|Knock Off|p2a: Gholdengo
|-supereffective|p2a: Gholdengo
|-damage|p2a: Gholdengo|10/100
|-enditem|p2a: Gholdengo|Choice Specs|[from] move: Knock Off|[of] p1a: Samuel
|
|upkeep
|turn|2
|inactive|Battle timer is ON: inactive players will automatically lose when time's up. (requested by washingtongargacha)
|inactive|avigolvgc has 60 seconds left.
|inactive|avigolvgc has 30 seconds left.
|inactive|avigolvgc has 20 seconds left.
|inactive|avigolvgc has 15 seconds left.
|inactive|avigolvgc has 10 seconds left.
|inactive|avigolvgc has 5 seconds left.
|
|t:|1757204440
|switch|p2b: Tyranitar|Tyranitar, L50, M|100/100
|-weather|Sandstorm|[from] ability: Sand Stream|[of] p2b: Tyranitar
|move|p2a: Gholdengo|Power Gem|p1a: Samuel
|-supereffective|p1a: Samuel
|-damage|p1a: Samuel|15/100
|move|p1b: Claudia|Psychic Noise|p2a: Gholdengo
|-resisted|p2a: Gholdengo
|-damage|p2a: Gholdengo|0 fnt
|faint|p2a: Gholdengo
|move|p1a: Samuel|Knock Off|p2b: Tyranitar
|-resisted|p2b: Tyranitar
|-damage|p2b: Tyranitar|84/100
|-enditem|p2b: Tyranitar|Assault Vest|[from] move: Knock Off|[of] p1a: Samuel
|
|-weather|Sandstorm|[upkeep]
|-damage|p1b: Claudia|94/100|[from] Sandstorm
|-damage|p1a: Samuel|9/100|[from] Sandstorm
|upkeep
|
|t:|1757204457
|switch|p2a: Garchomp|Garchomp, L50, M|100/100
|turn|3
|inactive|avigolvgc has 30 seconds left.
|inactive|avigolvgc has 20 seconds left.
|inactive|avigolvgc has 15 seconds left.
|inactive|avigolvgc has 10 seconds left.
|inactive|avigolvgc has 5 seconds left.
|
|t:|1757204512
|-terastallize|p2b: Tyranitar|Flying
|move|p2a: Garchomp|Earthquake|p1a: Samuel|[spread] p1a,p1b
|-immune|p2b: Tyranitar
|-supereffective|p1a: Samuel
|-damage|p1a: Samuel|0 fnt
|-damage|p1b: Claudia|40/100
|faint|p1a: Samuel
|-damage|p2a: Garchomp|91/100|[from] item: Life Orb
|move|p2b: Tyranitar|Tera Blast|p1b: Claudia|[anim] Tera Blast Flying
|-damage|p1b: Claudia|0 fnt
|faint|p1b: Claudia
|
|-weather|Sandstorm|[upkeep]
|-damage|p2b: Tyranitar|78/100|[from] Sandstorm
|upkeep
|inactive|avigolvgc has 30 seconds left.
|inactive|avigolvgc has 20 seconds left.
|inactive|avigolvgc has 15 seconds left.
|inactive|avigolvgc has 10 seconds left.
|inactive|avigolvgc has 5 seconds left.
|
|t:|1757204567
|switch|p1b: Malova|Sylveon, L50, F|100/100
|switch|p1a: Noroña|Rillaboom, L50, M|100/100
|-fieldstart|move: Grassy Terrain|[from] ability: Grassy Surge|[of] p1a: Noroña
|turn|4
|inactive|avigolvgc has 30 seconds left.
|inactive|washingtongargacha has 30 seconds left.
|inactive|avigolvgc has 20 seconds left.
|inactive|washingtongargacha has 20 seconds left.
|inactive|avigolvgc has 15 seconds left.
|inactive|avigolvgc has 10 seconds left.
|inactive|avigolvgc has 5 seconds left.
|
|t:|1757204623
|move|p2a: Garchomp|Protect|p2a: Garchomp
|-singleturn|p2a: Garchomp|Protect
|move|p1a: Noroña|Wood Hammer|p2a: Garchomp
|-activate|p2a: Garchomp|move: Protect
|move|p2b: Tyranitar|Tera Blast|p1a: Noroña|[anim] Tera Blast Flying
|-supereffective|p1a: Noroña
|-damage|p1a: Noroña|24/100
|move|p1b: Malova|Hyper Voice|p2b: Tyranitar|[spread] p2b
|-activate|p2a: Garchomp|move: Protect
|-damage|p2b: Tyranitar|40/100
|
|-weather|Sandstorm|[upkeep]
|-damage|p1a: Noroña|18/100|[from] Sandstorm
|-damage|p2b: Tyranitar|35/100|[from] Sandstorm
|-damage|p1b: Malova|94/100|[from] Sandstorm
|-heal|p2a: Garchomp|97/100|[from] Grassy Terrain
|-heal|p1a: Noroña|24/100|[from] Grassy Terrain
|-heal|p1b: Malova|100/100|[from] Grassy Terrain
|upkeep
|turn|5
|inactive|avigolvgc has 30 seconds left.
|inactive|washingtongargacha has 30 seconds left.
|inactive|avigolvgc has 20 seconds left.
|inactive|washingtongargacha has 20 seconds left.
|inactive|avigolvgc has 15 seconds left.
|inactive|washingtongargacha has 15 seconds left.
|inactive|avigolvgc has 10 seconds left.
|inactive|washingtongargacha has 10 seconds left.
|inactive|avigolvgc has 5 seconds left.
|
|t:|1757204678
|move|p2a: Garchomp|Dragon Claw|p1a: Noroña
|-crit|p1a: Noroña
|-damage|p1a: Noroña|0 fnt
|faint|p1a: Noroña
|-damage|p2a: Garchomp|87/100|[from] item: Life Orb
|move|p2b: Tyranitar|Tera Blast|p1b: Malova|[anim] Tera Blast Flying
|-damage|p1b: Malova|53/100
|move|p1b: Malova|Hyper Voice|p2b: Tyranitar|[spread] p2a,p2b
|-supereffective|p2a: Garchomp
|-damage|p2a: Garchomp|0 fnt
|-damage|p2b: Tyranitar|0 fnt
|faint|p2a: Garchomp
|faint|p2b: Tyranitar
|
|-weather|Sandstorm|[upkeep]
|-damage|p1b: Malova|47/100|[from] Sandstorm
|-heal|p1b: Malova|53/100|[from] Grassy Terrain
|upkeep
|
|t:|1757204693
|switch|p2b: Talonflame|Talonflame, L50, M|54/100
|turn|6
|
|t:|1757204710
|-terastallize|p1b: Malova|Fire
|move|p2b: Talonflame|Dual Wingbeat|p1b: Malova
|-damage|p1b: Malova|41/100
|-damage|p1b: Malova|29/100
|-hitcount|p1b: Malova|2
|move|p1b: Malova|Hyper Voice|p2b: Talonflame
|-resisted|p2b: Talonflame
|-crit|p2b: Talonflame
|-damage|p2b: Talonflame|0 fnt
|faint|p2b: Talonflame
|
|win|avigolvgc
