|j|☆dripminister1
|j|☆CaratroncoSun
|html|dripminister1CaratroncoSun    
|uhtml|bestof|Game 2 of a best-of-3
|t:|1782226788
|gametype|doubles
|player|p1|dripminister1|102|1075
|player|p2|CaratroncoSun|juan|1134
|gen|9
|tier|[Gen 9 Champions] VGC 2026 Reg M-B (Bo3)
|rated|
|rule|Species Clause: Limit one of each Pokémon
|rule|Item Clause: Limit 1 of each item
|clearpoke
|poke|p1|Raichu, L50, F|
|poke|p1|Basculegion, L50, M, shiny|
|poke|p1|Whimsicott, L50, F|
|poke|p1|Garchomp, L50, F|
|poke|p1|Floette-Eternal, L50, F|
|poke|p1|Gholdengo, L50|
|poke|p2|Overqwil, L50, M, shiny|
|poke|p2|Swampert, L50, M|
|poke|p2|Pelipper, L50, M|
|poke|p2|Metagross, L50, shiny|
|poke|p2|Sneasler, L50, F|
|poke|p2|Sinistcha-Masterpiece, L50|
|teampreview|4
|showteam|p1|Raichu||RaichuniteY|LightningRod|ZapCannon,Protect,FocusBlast,FakeOut|Modest||F|||50|]Basculegion||MysticWater|Adaptability|Protect,WaveCrash,AquaJet,LastRespects|Adamant||M|||50|]Whimsicott||FocusSash|Prankster|Protect,Encore,Moonblast,Tailwind|Timid||F|||50|]Garchomp||SitrusBerry|RoughSkin|RockSlide,StompingTantrum,DragonClaw,Protect|Adamant||F|||50|]Floette-Eternal||Floettite|FlowerVeil|Protect,Moonblast,LightofRuin,DazzlingGleam|Modest||F|||50|]Gholdengo||LifeOrb|GoodasGold|MakeItRain,ShadowBall,Protect,NastyPlot|Modest|||||50|
|showteam|p2|Overqwil||LifeOrb|SwiftSwim|Protect,PoisonJab,ThroatChop,Liquidation|Adamant||M|||50|]Swampert||Swampertite|Damp|Protect,WaveCrash,HighHorsepower,IcePunch|Adamant||M|||50|]Pelipper||FocusSash|Drizzle|Protect,Tailwind,Hurricane,WeatherBall|Modest||M|||50|]Metagross||Metagrossite|ClearBody|Protect,PsychicFangs,MeteorMash,IcePunch|Jolly|||||50|]Sneasler||WhiteHerb|Unburden|Coaching,FakeOut,DireClaw,CloseCombat|Jolly||F|||50|]Sinistcha-Masterpiece||SitrusBerry|Hospitality|MatchaGotcha,TrickRoom,LifeDew,RagePowder|Bold|||||50|
|inactive|Battle timer is ON: inactive players will automatically lose when time's up. (requested by dripminister1)
|inactive|dripminister1 has 60 seconds left.
|
|t:|1782226819
|teamsize|p1|4
|teamsize|p2|4
|start
|switch|p1a: Whimsicott|Whimsicott, L50, F|100/100
|switch|p1b: Basculegion|Basculegion, L50, M, shiny|100/100
|switch|p2a: Sneasler|Sneasler, L50, F|100/100
|switch|p2b: Metagross|Metagross, L50, shiny|100/100
|turn|1
|
|t:|1782226837
|detailschange|p2b: Metagross|Metagross-Mega, L50, shiny
|-mega|p2b: Metagross|Metagross|Metagrossite
|move|p1a: Whimsicott|Tailwind|p1a: Whimsicott
|-sidestart|p1: dripminister1|move: Tailwind
|move|p1b: Basculegion|Wave Crash|p2a: Sneasler
|-damage|p2a: Sneasler|0 fnt
|faint|p2a: Sneasler
|-damage|p1b: Basculegion|72/100|[from] Recoil
|move|p2b: Metagross|Psychic Fangs|p1b: Basculegion
|-damage|p1b: Basculegion|8/100
|
|upkeep
|
|t:|1782226851
|switch|p2a: Overqwil|Overqwil, L50, M, shiny|100/100
|turn|2
|
|t:|1782226870
|move|p2a: Overqwil|Protect|p2a: Overqwil
|-singleturn|p2a: Overqwil|Protect
|move|p1a: Whimsicott|Moonblast|p2a: Overqwil
|-activate|p2a: Overqwil|move: Protect
|move|p1b: Basculegion|Wave Crash|p2b: Metagross
|-damage|p2b: Metagross|16/100
|-damage|p1b: Basculegion|0 fnt|[from] Recoil
|faint|p1b: Basculegion
|move|p2b: Metagross|Psychic Fangs|p1a: Whimsicott
|-damage|p1a: Whimsicott|13/100
|
|upkeep
|
|t:|1782226884
|switch|p1b: Raichu|Raichu, L50, F|100/100
|turn|3
|
|t:|1782226905
|detailschange|p1b: Raichu|Raichu-Mega-Y, L50, F
|-mega|p1b: Raichu|Raichu|Raichunite Y
|move|p1b: Raichu|Fake Out|p2a: Overqwil
|-crit|p2a: Overqwil
|-damage|p2a: Overqwil|84/100
|move|p1a: Whimsicott|Moonblast|p2b: Metagross
|-resisted|p2b: Metagross|1
|-damage|p2b: Metagross|1/100
|move|p2b: Metagross|Psychic Fangs|p1b: Raichu
|-damage|p1b: Raichu|0 fnt
|faint|p1b: Raichu
|cant|p2a: Overqwil|flinch
|
|upkeep
|
|t:|1782226916
|switch|p1b: Gholdengo|Gholdengo, L50|100/100
|turn|4
|
|t:|1782226932
|switch|p2b: Pelipper|Pelipper, L50, M|100/100
|-weather|RainDance|[from] ability: Drizzle|[of] p2b: Pelipper
|move|p1a: Whimsicott|Moonblast|p2a: Overqwil
|-damage|p2a: Overqwil|37/100
|move|p2a: Overqwil|Poison Jab|p1a: Whimsicott
|-supereffective|p1a: Whimsicott|2
|-damage|p1a: Whimsicott|0 fnt
|faint|p1a: Whimsicott
|-damage|p2a: Overqwil|27/100|[from] item: Life Orb
|move|p1b: Gholdengo|Make It Rain|p2a: Overqwil|[spread] p2a,p2b
|-resisted|p2b: Pelipper|1
|-damage|p2a: Overqwil|0 fnt
|-damage|p2b: Pelipper|48/100
|-unboost|p1b: Gholdengo|spa|2
|faint|p2a: Overqwil
|-damage|p1b: Gholdengo|90/100|[from] item: Life Orb
|
|-weather|RainDance|[upkeep]
|-sideend|p1: dripminister1|move: Tailwind
|upkeep
|
|t:|1782226951
|switch|p2a: Metagross|Metagross-Mega, L50, shiny|1/100
|turn|5
|
|t:|1782226972
|move|p1b: Gholdengo|Protect|p1b: Gholdengo
|-singleturn|p1b: Gholdengo|Protect
|move|p2a: Metagross|Meteor Mash|p1b: Gholdengo
|-activate|p1b: Gholdengo|move: Protect
|move|p2b: Pelipper|Weather Ball|p1b: Gholdengo
|-activate|p1b: Gholdengo|move: Protect
|
|-weather|RainDance|[upkeep]
|upkeep
|turn|6
|
|t:|1782226985
|move|p2a: Metagross|Meteor Mash|p1b: Gholdengo
|-resisted|p1b: Gholdengo|1
|-damage|p1b: Gholdengo|59/100
|move|p1b: Gholdengo|Make It Rain|p2b: Pelipper|[spread] p2a,p2b
|-resisted|p2a: Metagross|1
|-resisted|p2b: Pelipper|1
|-damage|p2a: Metagross|0 fnt
|-damage|p2b: Pelipper|22/100
|-unboost|p1b: Gholdengo|spa|2
|faint|p2a: Metagross
|-damage|p1b: Gholdengo|49/100|[from] item: Life Orb
|move|p2b: Pelipper|Weather Ball|p1b: Gholdengo
|-damage|p1b: Gholdengo|0 fnt
|faint|p1b: Gholdengo
|
|win|CaratroncoSun
|raw|dripminister1's rating: 1075 → 1057(-18 for losing)
|raw|CaratroncoSun's rating: 1134 → 1155(+21 for winning)
