|j|☆Lab01JNEST
|j|☆medwar
|html|Lab01JNESTmedwar    
|uhtml|bestof|Game 2 of a best-of-3
|t:|1757636545
|gametype|doubles
|player|p1|Lab01JNEST|101|1198
|player|p2|medwar|dawn|1057
|gen|9
|tier|[Gen 9] VGC 2025 Reg H (Bo3)
|rated|
|rule|Species Clause: Limit one of each Pokémon
|rule|Item Clause: Limit 1 of each item
|clearpoke
|poke|p1|Tyranitar, L50, M|
|poke|p1|Garchomp, L50, F|
|poke|p1|Sinistcha, L50|
|poke|p1|Dragonite, L50, F|
|poke|p1|Corviknight, L50, M|
|poke|p1|Volcarona, L50, M|
|poke|p2|Pelipper, L50, F|
|poke|p2|Archaludon, L50, M|
|poke|p2|Electabuzz, L50, M|
|poke|p2|Tsareena, L50, F|
|poke|p2|Ursaluna-Bloodmoon, L50, M|
|poke|p2|Basculegion, L50, M|
|teampreview|4
|showteam|p1|Tyranitar||AssaultVest|SandStream|RockSlide,KnockOff,TeraBlast,LowKick|||M|||50|,,,,,Flying]Garchomp||LifeOrb|RoughSkin|Protect,DragonClaw,StompingTantrum,Earthquake|||F|||50|,,,,,Ground]Sinistcha||RockyHelmet|Hospitality|MatchaGotcha,LifeDew,TrickRoom,RagePowder||||||50|,,,,,Dark]Dragonite||ChoiceBand|InnerFocus|Outrage,ExtremeSpeed,IceSpinner,AerialAce|||F|||50|,,,,,Normal]Corviknight||SitrusBerry|MirrorArmor|Tailwind,BulkUp,Roost,BraveBird|||M|||50|,,,,,Dragon]Volcarona||Leftovers|FlameBody|FieryDance,GigaDrain,QuiverDance,Protect|||M|||50|,,,,,Dragon
|showteam|p2|Pelipper||FocusSash|Drizzle|Tailwind,Protect,WeatherBall,Hurricane|||F|||50|,,,,,Ghost]Archaludon||AssaultVest|Stamina|ElectroShot,BodyPress,Snarl,FlashCannon|||M|||50|,,,,,Bug]Electabuzz||Eviolite|VitalSpirit|Taunt,FollowMe,Protect,Thunderbolt|||M|||50|,,,,,Ghost]Tsareena||Leftovers|QueenlyMajesty|KnockOff,TropKick,Protect,TripleAxel|||F|||50|,,,,,Fire]Ursaluna-Bloodmoon||SilkScarf|MindsEye|Protect,BloodMoon,HyperVoice,EarthPower|||M|||50|,,,,,Fairy]Basculegion||MysticWater|SwiftSwim|WaveCrash,Protect,LastRespects,FlipTurn|||M|||50|,,,,,Water
|l|☆Lab01JNEST
|player|p1|
|inactive|Battle timer is ON: inactive players will automatically lose when time's up. (requested by medwar)
|inactive|Lab01JNEST has 30 seconds to reconnect!
|inactive|Lab01JNEST has 20 seconds to reconnect!
|inactive|Lab01JNEST has 15 seconds to reconnect!
|inactive|Lab01JNEST has 10 seconds to reconnect!
|j|☆Lab01JNEST
|inactive|Lab01JNEST reconnected and has 40 seconds left.
|player|p1|Lab01JNEST|101|
|inactive|Lab01JNEST also wants the timer to be on.
|inactive|Lab01JNEST has 30 seconds left.
|
|t:|1757636658
|teamsize|p1|4
|teamsize|p2|4
|start
|switch|p1a: Garchomp|Garchomp, L50, F|100/100
|switch|p1b: Dragonite|Dragonite, L50, F|100/100
|switch|p2a: Electabuzz|Electabuzz, L50, M|100/100
|switch|p2b: Ursaluna|Ursaluna-Bloodmoon, L50, M|100/100
|turn|1
|inactive|medwar has 30 seconds left.
|inactive|medwar has 20 seconds left.
|inactive|medwar has 15 seconds left.
|inactive|medwar has 10 seconds left.
|
|t:|1757636704
|-terastallize|p1a: Garchomp|Ground
|move|p2a: Electabuzz|Protect|p2a: Electabuzz
|-singleturn|p2a: Electabuzz|Protect
|move|p1a: Garchomp|Earthquake|p2b: Ursaluna|[spread] p2b
|-activate|p2a: Electabuzz|move: Protect
|-immune|p1b: Dragonite
|-damage|p2b: Ursaluna|52/100
|-damage|p1a: Garchomp|91/100|[from] item: Life Orb
|move|p1b: Dragonite|Outrage|p2a: Electabuzz
|-activate|p2a: Electabuzz|move: Protect
|move|p2b: Ursaluna|Blood Moon|p1a: Garchomp
|-damage|p1a: Garchomp|0 fnt
|faint|p1a: Garchomp
|
|upkeep
|
|t:|1757636715
|switch|p1a: Tyranitar|Tyranitar, L50, M|100/100
|-weather|Sandstorm|[from] ability: Sand Stream|[of] p1a: Tyranitar
|turn|2
|
|t:|1757636731
|-terastallize|p2b: Ursaluna|Fairy
|move|p2a: Electabuzz|Thunderbolt|p1a: Tyranitar
|-damage|p1a: Tyranitar|87/100
|move|p1b: Dragonite|Outrage|p2a: Electabuzz
|-damage|p2a: Electabuzz|0 fnt
|faint|p2a: Electabuzz
|move|p1a: Tyranitar|Knock Off|p2b: Ursaluna
|-resisted|p2b: Ursaluna
|-damage|p2b: Ursaluna|34/100
|-enditem|p2b: Ursaluna|Silk Scarf|[from] move: Knock Off|[of] p1a: Tyranitar
|move|p2b: Ursaluna|Earth Power|p1a: Tyranitar
|-supereffective|p1a: Tyranitar
|-damage|p1a: Tyranitar|47/100
|-unboost|p1a: Tyranitar|spd|1
|
|-weather|Sandstorm|[upkeep]
|-damage|p1b: Dragonite|95/100|[from] Sandstorm
|-damage|p2b: Ursaluna|28/100|[from] Sandstorm
|upkeep
|
|t:|1757636749
|switch|p2a: Archaludon|Archaludon, L50, M, shiny|100/100
|turn|3
|
|t:|1757636760
|switch|p1a: Sinistcha|Sinistcha, L50|100/100
|-heal|p1b: Dragonite|100/100|[from] ability: Hospitality|[of] p1a: Sinistcha
|move|p1b: Dragonite|Outrage|p2a: Archaludon|[from] lockedmove
|-damage|p2a: Archaludon|40/100
|-ability|p2a: Archaludon|Stamina|boost
|-boost|p2a: Archaludon|def|1
|move|p2a: Archaludon|Body Press|p1a: Sinistcha
|-immune|p1a: Sinistcha
|move|p2b: Ursaluna|Blood Moon|p1b: Dragonite
|-damage|p1b: Dragonite|30/100
|
|-weather|Sandstorm|[upkeep]
|-damage|p1b: Dragonite|24/100|[from] Sandstorm
|-damage|p1a: Sinistcha|94/100|[from] Sandstorm
|-damage|p2b: Ursaluna|22/100|[from] Sandstorm
|upkeep
|turn|4
|inactive|medwar has 30 seconds left.
|
|t:|1757636786
|move|p1a: Sinistcha|Rage Powder|p1a: Sinistcha
|-singleturn|p1a: Sinistcha|move: Rage Powder
|move|p1b: Dragonite|Outrage|p2b: Ursaluna|[from] lockedmove
|-immune|p2b: Ursaluna
|-start|p1b: Dragonite|confusion|[fatigue]
|move|p2a: Archaludon|Snarl|p1b: Dragonite|[spread] p1a,p1b
|-supereffective|p1a: Sinistcha
|-damage|p1a: Sinistcha|76/100
|-damage|p1b: Dragonite|13/100
|-unboost|p1a: Sinistcha|spa|1
|-unboost|p1b: Dragonite|spa|1
|move|p2b: Ursaluna|Hyper Voice|p1b: Dragonite|[spread] p1a,p1b
|-crit|p1b: Dragonite
|-damage|p1a: Sinistcha|47/100
|-damage|p1b: Dragonite|0 fnt
|faint|p1b: Dragonite
|
|-weather|Sandstorm|[upkeep]
|-damage|p1a: Sinistcha|41/100|[from] Sandstorm
|-damage|p2b: Ursaluna|16/100|[from] Sandstorm
|upkeep
|
|t:|1757636790
|switch|p1b: Tyranitar|Tyranitar, L50, M|47/100
|turn|5
|
|t:|1757636809
|switch|p2b: Pelipper|Pelipper, L50, F, shiny|100/100
|-weather|RainDance|[from] ability: Drizzle|[of] p2b: Pelipper
|move|p2a: Archaludon|Electro Shot||[still]
|-prepare|p2a: Archaludon|Electro Shot
|-boost|p2a: Archaludon|spa|1
|-anim|p2a: Archaludon|Electro Shot|p1b: Tyranitar
|-damage|p1b: Tyranitar|11/100
|move|p1b: Tyranitar|Low Kick|p2a: Archaludon
|-supereffective|p2a: Archaludon
|-damage|p2a: Archaludon|17/100
|-ability|p2a: Archaludon|Stamina|boost
|-boost|p2a: Archaludon|def|1
|move|p1a: Sinistcha|Matcha Gotcha|p2b: Pelipper|[spread] p2a,p2b
|-resisted|p2a: Archaludon
|-damage|p2a: Archaludon|14/100
|-heal|p1a: Sinistcha|43/100|[from] drain|[of] p2a: Archaludon
|-damage|p2b: Pelipper|75/100
|-heal|p1a: Sinistcha|52/100|[from] drain|[of] p2b: Pelipper
|-status|p2a: Archaludon|brn
|-ability|p2a: Archaludon|Stamina|boost
|-boost|p2a: Archaludon|def|1
|
|-weather|RainDance|[upkeep]
|-damage|p2a: Archaludon|8/100 brn|[from] brn
|upkeep
|turn|6
|inactive|medwar has 30 seconds left.
|
|t:|1757636841
|move|p1a: Sinistcha|Rage Powder|p1a: Sinistcha
|-singleturn|p1a: Sinistcha|move: Rage Powder
|move|p2b: Pelipper|Weather Ball|p1a: Sinistcha
|-resisted|p1a: Sinistcha
|-damage|p1a: Sinistcha|25/100
|move|p2a: Archaludon|Snarl|p1a: Sinistcha|[spread] p1a,p1b
|-supereffective|p1a: Sinistcha
|-resisted|p1b: Tyranitar
|-damage|p1a: Sinistcha|0 fnt
|-damage|p1b: Tyranitar|6/100
|-unboost|p1b: Tyranitar|spa|1
|faint|p1a: Sinistcha
|move|p1b: Tyranitar|Knock Off|p2b: Pelipper
|-damage|p2b: Pelipper|0 fnt
|-enditem|p2b: Pelipper|Focus Sash|[from] move: Knock Off|[of] p1b: Tyranitar
|faint|p2b: Pelipper
|
|-weather|RainDance|[upkeep]
|-damage|p2a: Archaludon|3/100 brn|[from] brn
|upkeep
|-message|Lab01JNEST forfeited.
|
|win|medwar
