|j|ŌśåXeroxyx
|j|ŌśåTheo The Mighty
|html|XeroxyxTheo The Mighty    
|uhtml|bestof|Game 2 of a best-of-3
|t:|1783368795
|gametype|doubles
|player|p1|Xeroxyx|hilbert|
|player|p2|Theo The Mighty|acetrainer-gen4|
|gen|9
|tier|[Gen 9 Champions] VGC 2026 Reg M-B (Bo3)
|rule|Species Clause: Limit one of each Pok├®mon
|rule|Item Clause: Limit 1 of each item
|clearpoke
|poke|p1|Gholdengo, L50|
|poke|p1|Incineroar, L50, F|
|poke|p1|Basculegion, L50, M|
|poke|p1|Garchomp, L50, F|
|poke|p1|Charizard, L50, M|
|poke|p1|Whimsicott, L50, M|
|poke|p2|Decidueye-Hisui, L50, M|
|poke|p2|Dragonite, L50, M|
|poke|p2|Zoroark-Hisui, L50, F|
|poke|p2|Excadrill, L50, F|
|poke|p2|Lycanroc-Dusk, L50, M|
|poke|p2|Incineroar, L50, M|
|teampreview|4
|showteam|p1|Gholdengo||SpellTag|GoodasGold|MakeItRain,ShadowBall,NastyPlot,Protect|Modest|||||50|]Incineroar||SitrusBerry|Intimidate|PartingShot,FlareBlitz,ThroatChop,FakeOut|Impish||F|||50|]Basculegion||ChoiceScarf|Adaptability|WaveCrash,LastRespects,AquaJet,FlipTurn|Jolly||M|||50|]Garchomp||LifeOrb|RoughSkin|Earthquake,DragonClaw,RockSlide,Protect|Jolly||F|||50|]Charizard||CharizarditeY|Blaze|HeatWave,SolarBeam,WeatherBall,Protect|Modest||M|||50|]Whimsicott||FocusSash|Prankster|Tailwind,Encore,Moonblast,Protect|Timid||M|||50|
|showteam|p2|Decidueye-Hisui||FocusSash|Scrappy|TripleArrows,LeafBlade,Tailwind,Protect|Adamant||M|||50|]Dragonite||Dragoninite|Multiscale|AirCutter,Thunderbolt,IceBeam,Protect|Timid||M|||50|]Zoroark-Hisui||LifeOrb|Illusion|ShadowBall,IcyWind,Taunt,Protect|Timid||F|||50|]Excadrill||Excadrite|MoldBreaker|IronHead,HighHorsepower,RockSlide,Protect|Adamant||F|||50|]Lycanroc-Dusk||MuscleBand|ToughClaws|Accelerock,SuckerPunch,PsychicFangs,Protect|Jolly||M|||50|]Incineroar||SitrusBerry|Intimidate|DarkestLariat,FakeOut,FlareBlitz,PartingShot|Adamant||M|||50|
|
|t:|1783368856
|teamsize|p1|4
|teamsize|p2|4
|start
|switch|p1a: Incineroar|Incineroar, L50, F|100/100
|switch|p1b: Whimsicott|Whimsicott, L50, M|100/100
|switch|p2a: Excadrill|Excadrill, L50, F|100/100
|switch|p2b: Incineroar|Incineroar, L50, M|100/100
|-ability|p1a: Incineroar|Intimidate|boost
|-unboost|p2a: Excadrill|atk|1
|-unboost|p2b: Incineroar|atk|1
|-ability|p2b: Incineroar|Intimidate|boost
|-unboost|p1a: Incineroar|atk|1
|-unboost|p1b: Whimsicott|atk|1
|turn|1
|c|ŌśåXeroxyx|glhf
|
|t:|1783368908
|move|p2b: Incineroar|Fake Out|p1a: Incineroar
|-damage|p1a: Incineroar|91/100
|move|p1b: Whimsicott|Tailwind|p1b: Whimsicott
|-sidestart|p1: Xeroxyx|move: Tailwind
|cant|p1a: Incineroar|flinch
|move|p2a: Excadrill|Icy Wind|p1b: Whimsicott|[spread] p1a,p1b
|-resisted|p1a: Incineroar|1
|-supereffective|p1b: Whimsicott|1
|-damage|p1a: Incineroar|83/100
|-damage|p1b: Whimsicott|43/100
|-unboost|p1a: Incineroar|spe|1
|-unboost|p1b: Whimsicott|spe|1
|-damage|p2a: Excadrill|90/100|[from] item: Life Orb
|
|upkeep
|turn|2
|c|ŌśåTheo The Mighty|Glhf
|
|t:|1783368944
|move|p1b: Whimsicott|Protect|p1b: Whimsicott
|-singleturn|p1b: Whimsicott|Protect
|move|p2a: Excadrill|Protect|p2a: Excadrill
|-singleturn|p2a: Excadrill|Protect
|move|p1a: Incineroar|Throat Chop|p2a: Excadrill
|-activate|p2a: Excadrill|move: Protect
|move|p2b: Incineroar|Flare Blitz|p1b: Whimsicott
|-activate|p1b: Whimsicott|move: Protect
|
|upkeep
|turn|3
|c|ŌśåTheo The Mighty|(Late)
|c|ŌśåTheo The Mighty|What a turn
|c|ŌśåXeroxyx|didn't you 3 protect me last game
|c|ŌśåXeroxyx|that was even more stunning
|
|t:|1783368974
|switch|p2a: Excadrill|Excadrill, L50, F|100/100
|-ability|p2a: Excadrill|Mold Breaker
|move|p1b: Whimsicott|Encore||[still]
|-fail|p1b: Whimsicott
|move|p1a: Incineroar|Parting Shot|p2b: Incineroar
|-unboost|p2b: Incineroar|atk|1
|-unboost|p2b: Incineroar|spa|1
|
|t:|1783368991
|switch|p1a: Charizard|Charizard, L50, M|100/100|[from] Parting Shot
|move|p2b: Incineroar|Flare Blitz|p1b: Whimsicott
|-supereffective|p1b: Whimsicott|1
|-damage|p1b: Whimsicott|0 fnt
|faint|p1b: Whimsicott
|-damage|p2b: Incineroar|89/100|[from] Recoil
|
|upkeep
|
|t:|1783369000
|switch|p1b: Basculegion|Basculegion, L50, M|100/100
|turn|4
|c|ŌśåTheo The Mighty|Nah youre misremembering
|
|t:|1783369039
|detailschange|p1a: Charizard|Charizard-Mega-Y, L50, M
|-mega|p1a: Charizard|Charizard|Charizardite Y
|-weather|SunnyDay|[from] ability: Drought|[of] p1a: Charizard
|detailschange|p2a: Excadrill|Excadrill-Mega, L50, F
|-mega|p2a: Excadrill|Excadrill|Excadrite
|move|p2a: Excadrill|Protect|p2a: Excadrill
|-singleturn|p2a: Excadrill|Protect
|move|p1b: Basculegion|Wave Crash|p2a: Excadrill
|-activate|p2a: Excadrill|move: Protect
|move|p1a: Charizard|Heat Wave|p2b: Incineroar|[spread] p2b
|-activate|p2a: Excadrill|move: Protect
|-resisted|p2b: Incineroar|1
|-damage|p2b: Incineroar|58/100
|move|p2b: Incineroar|Parting Shot|p1b: Basculegion
|-unboost|p1b: Basculegion|atk|1
|-unboost|p1b: Basculegion|spa|1
|
|t:|1783369062
|switch|p2b: Lycanroc|Lycanroc-Dusk, L50, M|100/100|[from] Parting Shot
|
|-weather|SunnyDay|[upkeep]
|-sideend|p1: Xeroxyx|move: Tailwind
|upkeep
|turn|5
|
|t:|1783369096
|switch|p2a: Incineroar|Incineroar, L50, M|58/100
|-ability|p2a: Incineroar|Intimidate|boost
|-unboost|p1a: Charizard|atk|1
|-unboost|p1b: Basculegion|atk|1
|switch|p1a: Incineroar|Incineroar, L50, F|83/100
|-ability|p1a: Incineroar|Intimidate|boost
|-unboost|p2a: Incineroar|atk|1
|-unboost|p2b: Lycanroc|atk|1
|move|p2b: Lycanroc|Protect|p2b: Lycanroc
|-singleturn|p2b: Lycanroc|Protect
|move|p1b: Basculegion|Wave Crash|p2a: Incineroar
|-supereffective|p2a: Incineroar|1
|-damage|p2a: Incineroar|28/100
|-enditem|p2a: Incineroar|Sitrus Berry|[eat]
|-heal|p2a: Incineroar|53/100|[from] item: Sitrus Berry
|-damage|p1b: Basculegion|90/100|[from] Recoil
|
|-weather|SunnyDay|[upkeep]
|upkeep
|turn|6
|
|t:|1783369133
|move|p1a: Incineroar|Fake Out|p2a: Incineroar
|-damage|p2a: Incineroar|41/100
|cant|p2a: Incineroar|flinch
|move|p2b: Lycanroc|Sucker Punch|p1b: Basculegion
|-supereffective|p1b: Basculegion|1
|-damage|p1b: Basculegion|46/100
|move|p1b: Basculegion|Wave Crash|p2b: Lycanroc
|-supereffective|p2b: Lycanroc|1
|-damage|p2b: Lycanroc|44/100
|-damage|p1b: Basculegion|32/100|[from] Recoil
|
|-weather|SunnyDay|[upkeep]
|upkeep
|turn|7
|
|t:|1783369177
|switch|p1b: Charizard|Charizard-Mega-Y, L50, M|100/100
|move|p2b: Lycanroc|Sucker Punch||[still]
|-fail|p2b: Lycanroc
|move|p1a: Incineroar|Flare Blitz|p2b: Lycanroc
|-resisted|p2b: Lycanroc|1
|-damage|p2b: Lycanroc|0 fnt
|faint|p2b: Lycanroc
|-damage|p1a: Incineroar|72/100|[from] Recoil
|move|p2a: Incineroar|Parting Shot|p1a: Incineroar
|-unboost|p1a: Incineroar|atk|1
|-unboost|p1a: Incineroar|spa|1
|
|t:|1783369192
|switch|p2a: Excadrill|Excadrill-Mega, L50, F|100/100|[from] Parting Shot
|
|-weather|SunnyDay|[upkeep]
|upkeep
|
|t:|1783369198
|switch|p2b: Incineroar|Incineroar, L50, M|41/100
|-ability|p2b: Incineroar|Intimidate|boost
|-unboost|p1a: Incineroar|atk|1
|-unboost|p1b: Charizard|atk|1
|turn|8
|
|t:|1783369219
|switch|p1b: Basculegion|Basculegion, L50, M|32/100
|move|p2b: Incineroar|Fake Out|p1b: Basculegion
|-immune|p1b: Basculegion
|move|p2a: Excadrill|Rock Slide|p1b: Basculegion|[spread] p1a,p1b
|-supereffective|p1a: Incineroar|1
|-damage|p1a: Incineroar|29/100
|-damage|p1b: Basculegion|4/100
|-enditem|p1a: Incineroar|Sitrus Berry|[eat]
|-heal|p1a: Incineroar|54/100|[from] item: Sitrus Berry
|move|p1a: Incineroar|Parting Shot|p2a: Excadrill
|-unboost|p2a: Excadrill|atk|1
|-unboost|p2a: Excadrill|spa|1
|
|t:|1783369231
|switch|p1a: Charizard|Charizard-Mega-Y, L50, M|100/100|[from] Parting Shot
|
|-weather|none
|upkeep
|turn|9
|
|t:|1783369264
|switch|p2a: Excadrill|Excadrill-Mega, L50, F|90/100
|switch|p1a: Incineroar|Incineroar, L50, F|54/100
|-ability|p1a: Incineroar|Intimidate|boost
|-unboost|p2a: Excadrill|atk|1
|-unboost|p2b: Incineroar|atk|1
|move|p1b: Basculegion|Flip Turn|p2b: Incineroar
|-supereffective|p2b: Incineroar|1
|-damage|p2b: Incineroar|0 fnt
|faint|p2b: Incineroar
|
|t:|1783369274
|switch|p1b: Charizard|Charizard-Mega-Y, L50, M|100/100|[from] Flip Turn
|-weather|SunnyDay|[from] ability: Drought|[of] p1b: Charizard
|
|-weather|SunnyDay|[upkeep]
|upkeep
|
|t:|1783369281
|switch|p2b: Excadrill|Excadrill-Mega, L50, F|100/100
|turn|10
|c|ŌśåXeroxyx|oh no
|c|ŌśåXeroxyx|which one could it be
|c|ŌśåTheo The Mighty|You're just gonna click heatwave either way lol
|c|ŌśåXeroxyx|i mean, that's the fun option, right
|
|t:|1783369330
|move|p1b: Charizard|Protect|p1b: Charizard
|-singleturn|p1b: Charizard|Protect
|move|p2a: Excadrill|Shadow Ball|p1b: Charizard
|-activate|p1b: Charizard|move: Protect
|move|p2b: Excadrill|Rock Slide|p1b: Charizard|[spread] p1a
|-activate|p1b: Charizard|move: Protect
|-supereffective|p1a: Incineroar|1
|-damage|p1a: Incineroar|15/100
|move|p1a: Incineroar|Throat Chop|p2a: Excadrill
|-supereffective|p2a: Excadrill|1
|-damage|p2a: Excadrill|0 fnt
|replace|p2a: Zoroark|Zoroark-Hisui, L50, F
|-end|p2a: Zoroark|Illusion
|faint|p2a: Zoroark
|
|-weather|SunnyDay|[upkeep]
|upkeep
|turn|11
|c|ŌśåTheo The Mighty|Oh
|c|ŌśåXeroxyx|:D
|
|t:|1783369353
|move|p2b: Excadrill|Rock Slide|p1a: Incineroar|[spread] p1a,p1b
|-supereffective|p1a: Incineroar|1
|-supereffective|p1b: Charizard|2
|-damage|p1a: Incineroar|0 fnt
|-damage|p1b: Charizard|0 fnt
|faint|p1a: Incineroar
|faint|p1b: Charizard
|
|-weather|SunnyDay|[upkeep]
|upkeep
|
|t:|1783369359
|switch|p1a: Basculegion|Basculegion, L50, M|4/100
|turn|12
|c|ŌśåXeroxyx|now, this is just a coin flip really
|c|ŌśåXeroxyx|you might still just win this
|
|t:|1783369373
|move|p1a: Basculegion|Last Respects|p2b: Excadrill
|-damage|p2b: Excadrill|0 fnt
|faint|p2b: Excadrill
|
|win|Xeroxyx
|c|ŌśåXeroxyx|rip
|c|ŌśåXeroxyx|ggwp
|c|ŌśåXeroxyx|i think it was like 40% chance for that to ohko
|c|ŌśåTheo The Mighty|Ggwp
|c|ŌśåXeroxyx|very nice strat though
|c|ŌśåXeroxyx|i like your team
|c|ŌśåTheo The Mighty|Thanks
|c|ŌśåXeroxyx|glhf on your next battles
|c|ŌśåTheo The Mighty|I made it myself:)
|c|ŌśåXeroxyx|i can tell, i wish i had the mindset to make one
|c|ŌśåTheo The Mighty|Thx you too
|c|ŌśåXeroxyx|alas i'm too singles-brained :(
|c|ŌśåXeroxyx|i hope you do well though, it's a fun team
|c|ŌśåTheo The Mighty|You still won tho
|c|ŌśåXeroxyx|this game was luck
|c|ŌśåXeroxyx|i'll take last game but i was fully expecting to go tiebreaker
