|j|☆israelkuro
|j|☆jeanryupr
|html|israelkurojeanryupr    
|uhtml|bestof|Game 1 of a best-of-3
|t:|1785726852
|gametype|doubles
|player|p1|israelkuro|102|1188
|player|p2|jeanryupr|170|1169
|gen|9
|tier|[Gen 9 Champions] VGC 2026 Reg M-B (Bo3)
|rated|
|rule|Species Clause: Limit one of each Pokémon
|rule|Item Clause: Limit 1 of each item
|clearpoke
|poke|p1|Staraptor, L50, M|
|poke|p1|Raichu, L50, F|
|poke|p1|Sylveon, L50, F|
|poke|p1|Farigiraf, L50, M|
|poke|p1|Arcanine-Hisui, L50, M|
|poke|p1|Kingambit, L50, M|
|poke|p2|Raichu, L50, F|
|poke|p2|Aerodactyl, L50, M|
|poke|p2|Sylveon, L50, F|
|poke|p2|Basculegion, L50, M|
|poke|p2|Farigiraf, L50, F|
|poke|p2|Garchomp, L50, M|
|teampreview|4
|showteam|p1|Staraptor||Staraptite|Intimidate|Protect,Tailwind,CloseCombat,DualWingbeat|Jolly||M|||50|]Raichu||RaichuniteY|LightningRod|Protect,ZapCannon,FocusBlast,FakeOut|Timid||F|||50|]Sylveon||FairyFeather|Pixilate|Detect,HyperBeam,HyperVoice,QuickAttack|Modest||F|||50|]Farigiraf||SitrusBerry|ArmorTail|TrickRoom,HelpingHand,Psychic,Thunderbolt|Relaxed||M|||50|]Arcanine-Hisui||FocusSash|RockHead|Protect,HeadSmash,ExtremeSpeed,FlareBlitz|Jolly||M|||50|]Kingambit||LifeOrb|Defiant|Protect,SuckerPunch,SwordsDance,KowtowCleave|Adamant||M|||50|
|showteam|p2|Raichu||RaichuniteY|Static|FocusBlast,ZapCannon,FakeOut,Protect|Timid||F|||50|]Aerodactyl||Aerodactylite|Unnerve|WideGuard,IceFang,RockSlide,Tailwind|Jolly||M|||50|]Sylveon||FairyFeather|Pixilate|Detect,QuickAttack,HyperBeam,HyperVoice|Modest||F|||50|]Basculegion||FocusSash|Adaptability|LastRespects,AquaJet,WaveCrash,Protect|Adamant||M|||50|]Farigiraf||SitrusBerry|ArmorTail|TrickRoom,HelpingHand,Thunderbolt,Psychic|Bold||F|||50|]Garchomp|||RoughSkin|Protect,DragonClaw,StompingTantrum,Earthquake|Jolly||M|||50|
|inactive|Battle timer is ON: inactive players will automatically lose when time's up. (requested by israelkuro)
|inactive|israelkuro has 60 seconds left.
|inactive|jeanryupr has 60 seconds left.
|
|t:|1785726913
|teamsize|p1|4
|teamsize|p2|4
|start
|switch|p1a: Sylveon|Sylveon, L50, F|100/100
|switch|p1b: Staraptor|Staraptor, L50, M|100/100
|switch|p2a: Raichu|Raichu, L50, F|100/100
|switch|p2b: Sylveon|Sylveon, L50, F|100/100
|-ability|p1b: Staraptor|Intimidate|boost
|-unboost|p2a: Raichu|atk|1
|-unboost|p2b: Sylveon|atk|1
|turn|1
|inactive|israelkuro has 30 seconds left.
|
|t:|1785726949
|detailschange|p2a: Raichu|Raichu-Mega-Y, L50, F
|-mega|p2a: Raichu|Raichu|Raichunite Y
|move|p1a: Sylveon|Detect|p1a: Sylveon
|-singleturn|p1a: Sylveon|Protect
|move|p2a: Raichu|Zap Cannon|p1b: Staraptor
|-supereffective|p1b: Staraptor|1
|-damage|p1b: Staraptor|0 fnt
|faint|p1b: Staraptor
|move|p2b: Sylveon|Hyper Voice|p1a: Sylveon
|-activate|p1a: Sylveon|move: Protect
|
|upkeep
|
|t:|1785726956
|switch|p1b: Farigiraf|Farigiraf, L50, M|100/100
|turn|2
|inactive|jeanryupr has 30 seconds left.
|
|t:|1785726982
|switch|p1a: Raichu|Raichu, L50, F|100/100
|move|p2a: Raichu|Zap Cannon|p1a: Raichu
|-ability|p1a: Raichu|Lightning Rod|boost
|-boost|p1a: Raichu|spa|1
|move|p2b: Sylveon|Hyper Voice|p1a: Raichu|[spread] p1a,p1b
|-damage|p1a: Raichu|34/100
|-damage|p1b: Farigiraf|57/100
|move|p1b: Farigiraf|Psychic|p2a: Raichu
|-damage|p2a: Raichu|56/100
|
|upkeep
|turn|3
|
|t:|1785726998
|switch|p2b: Farigiraf|Farigiraf, L50, F|100/100
|detailschange|p1a: Raichu|Raichu-Mega-Y, L50, F
|-mega|p1a: Raichu|Raichu|Raichunite Y
|move|p1a: Raichu|Zap Cannon|p2b: Farigiraf
|-damage|p2b: Farigiraf|17/100
|-status|p2b: Farigiraf|par
|-enditem|p2b: Farigiraf|Sitrus Berry|[eat]
|-heal|p2b: Farigiraf|42/100 par|[from] item: Sitrus Berry
|move|p2a: Raichu|Focus Blast|p1a: Raichu
|-damage|p1a: Raichu|0 fnt
|faint|p1a: Raichu
|move|p1b: Farigiraf|Trick Room|p1b: Farigiraf
|-fieldstart|move: Trick Room|[of] p1b: Farigiraf
|
|upkeep
|
|t:|1785727009
|switch|p1a: Sylveon|Sylveon, L50, F|100/100
|turn|4
|
|t:|1785727019
|move|p1b: Farigiraf|Helping Hand|p1a: Sylveon
|-singleturn|p1a: Sylveon|Helping Hand|[of] p1b: Farigiraf
|move|p2a: Raichu|Protect|p2a: Raichu
|-singleturn|p2a: Raichu|Protect
|move|p1a: Sylveon|Hyper Voice|p2b: Farigiraf|[spread] p2b
|-activate|p2a: Raichu|move: Protect
|-damage|p2b: Farigiraf|0 fnt
|faint|p2b: Farigiraf
|
|upkeep
|
|t:|1785727026
|switch|p2b: Sylveon|Sylveon, L50, F|100/100
|turn|5
|
|t:|1785727038
|switch|p2a: Garchomp|Garchomp, L50, M|100/100
|move|p1b: Farigiraf|Helping Hand|p1a: Sylveon
|-singleturn|p1a: Sylveon|Helping Hand|[of] p1b: Farigiraf
|move|p2b: Sylveon|Hyper Voice|p1b: Farigiraf|[spread] p1a,p1b
|-damage|p1a: Sylveon|62/100
|-damage|p1b: Farigiraf|8/100
|-enditem|p1b: Farigiraf|Sitrus Berry|[eat]
|-heal|p1b: Farigiraf|33/100|[from] item: Sitrus Berry
|move|p1a: Sylveon|Hyper Voice|p2b: Sylveon|[spread] p2a,p2b
|-supereffective|p2a: Garchomp|1
|-damage|p2a: Garchomp|0 fnt
|-damage|p2b: Sylveon|38/100
|faint|p2a: Garchomp
|
|upkeep
|
|t:|1785727050
|switch|p2a: Raichu|Raichu-Mega-Y, L50, F|56/100
|turn|6
|
|t:|1785727058
|move|p1b: Farigiraf|Helping Hand|p1a: Sylveon
|-singleturn|p1a: Sylveon|Helping Hand|[of] p1b: Farigiraf
|move|p2a: Raichu|Protect|p2a: Raichu
|-singleturn|p2a: Raichu|Protect
|move|p2b: Sylveon|Hyper Voice|p1b: Farigiraf|[spread] p1a,p1b
|-damage|p1a: Sylveon|18/100
|-damage|p1b: Farigiraf|0 fnt
|faint|p1b: Farigiraf
|move|p1a: Sylveon|Hyper Voice|p2b: Sylveon|[spread] p2b
|-activate|p2a: Raichu|move: Protect
|-damage|p2b: Sylveon|0 fnt
|faint|p2b: Sylveon
|
|upkeep
|turn|7
|
|t:|1785727071
|move|p2a: Raichu|Protect||[still]
|-fail|p2a: Raichu
|move|p1a: Sylveon|Hyper Voice|p2a: Raichu
|-damage|p2a: Raichu|0 fnt
|faint|p2a: Raichu
|
|win|israelkuro
