|j|☆Irthal
|j|☆Sammias
|html|IrthalSammias    
|uhtml|bestof|Game 2 of a best-of-3
|t:|1783461803
|gametype|doubles
|player|p1|Irthal|pokemaniac|1064
|player|p2|Sammias|miku-ground|1083
|gen|9
|tier|[Gen 9 Champions] VGC 2026 Reg M-B (Bo3)
|rated|
|rule|Species Clause: Limit one of each Pokémon
|rule|Item Clause: Limit 1 of each item
|clearpoke
|poke|p1|Blastoise, L50, F|
|poke|p1|Sinistcha, L50|
|poke|p1|Delphox, L50, F|
|poke|p1|Incineroar, L50, M|
|poke|p1|Sneasler, L50, M|
|poke|p1|Kingambit, L50, F|
|poke|p2|Floette-Eternal, L50, F|
|poke|p2|Typhlosion-Hisui, L50, M|
|poke|p2|Kingambit, L50, F|
|poke|p2|Garchomp, L50, M|
|poke|p2|Sneasler, L50, F|
|poke|p2|Whimsicott, L50, M, shiny|
|teampreview|4
|showteam|p1|Blastoise||Blastoisinite|RainDish|WaterSpout,DarkPulse,ShellSmash,Protect|Modest||F|||50|]Sinistcha||OccaBerry|Hospitality|RagePowder,MatchaGotcha,TrickRoom,Protect|Bold|||||50|]Delphox||Delphoxite|Blaze|HeatWave,NastyPlot,Psychic,Protect|Timid||F|||50|]Incineroar||SitrusBerry|Intimidate|FakeOut,FlareBlitz,HelpingHand,PartingShot|Impish||M|||50|]Sneasler||FocusSash|PoisonTouch|CloseCombat,DireClaw,QuickGuard,FakeOut|Jolly||M|||50|]Kingambit||BlackGlasses|Defiant|SuckerPunch,KowtowCleave,SwordsDance,Protect|Adamant||F|||50|
|showteam|p2|Floette-Eternal||Floettite|FlowerVeil|Moonblast,DazzlingGleam,LightofRuin,Protect|Modest||F|||50|]Typhlosion-Hisui||ChoiceScarf|Blaze|Eruption,ShadowBall,HeatWave,Overheat|Modest||M|||50|]Kingambit||BlackGlasses|Defiant|KowtowCleave,SuckerPunch,SwordsDance,Protect|Adamant||F|||50|]Garchomp||LifeOrb|RoughSkin|DragonClaw,RockSlide,Protect,StompingTantrum|Jolly||M|||50|]Sneasler||WhiteHerb|Unburden|FakeOut,CloseCombat,DireClaw,Taunt|Jolly||F|||50|]Whimsicott||FocusSash|Prankster|Protect,Tailwind,Encore,Moonblast|Timid||M|||50|
|inactive|Battle timer is ON: inactive players will automatically lose when time's up. (requested by Sammias)
|inactive|Irthal has 60 seconds left.
|inactive|Sammias has 60 seconds left.
|
|t:|1783461858
|teamsize|p1|4
|teamsize|p2|4
|start
|switch|p1a: Kingambit|Kingambit, L50, F|100/100
|switch|p1b: Incineroar|Incineroar, L50, M|100/100
|switch|p2a: Sneasler|Sneasler, L50, F|100/100
|switch|p2b: Typhlosion|Typhlosion-Hisui, L50, M|100/100
|-ability|p1b: Incineroar|Intimidate|boost
|-unboost|p2a: Sneasler|atk|1
|-unboost|p2b: Typhlosion|atk|1
|-enditem|p2a: Sneasler|White Herb
|-clearnegativeboost|p2a: Sneasler|[silent]
|turn|1
|inactive|Irthal has 30 seconds left.
|inactive|Irthal has 20 seconds left.
|inactive|Irthal has 15 seconds left.
|inactive|Irthal has 10 seconds left.
|inactive|Irthal has 5 seconds left.
|
|t:|1783461912
|switch|p2b: Floette|Floette-Eternal, L50, F|100/100
|move|p2a: Sneasler|Fake Out|p1b: Incineroar
|-damage|p1b: Incineroar|89/100
|cant|p1b: Incineroar|flinch
|move|p1a: Kingambit|Swords Dance|p1a: Kingambit
|-boost|p1a: Kingambit|atk|2
|
|upkeep
|turn|2
|inactive|Irthal has 30 seconds left.
|inactive|Irthal has 20 seconds left.
|
|t:|1783461950
|detailschange|p2b: Floette|Floette-Mega, L50, F
|-mega|p2b: Floette|Floette|Floettite
|-ability|p2b: Floette|Fairy Aura
|move|p1a: Kingambit|Protect|p1a: Kingambit
|-singleturn|p1a: Kingambit|Protect
|move|p2a: Sneasler|Close Combat|p1a: Kingambit
|-activate|p1a: Kingambit|move: Protect
|move|p2b: Floette|Light of Ruin|p1b: Incineroar
|-damage|p1b: Incineroar|0 fnt
|faint|p1b: Incineroar
|-damage|p2b: Floette|45/100|[from] Recoil
|
|upkeep
|
|t:|1783461967
|switch|p1b: Sinistcha|Sinistcha, L50|100/100
|turn|3
|
|t:|1783461988
|move|p2b: Floette|Protect|p2b: Floette
|-singleturn|p2b: Floette|Protect
|move|p1b: Sinistcha|Rage Powder|p1b: Sinistcha
|-singleturn|p1b: Sinistcha|move: Rage Powder
|move|p2a: Sneasler|Taunt|p1b: Sinistcha
|-start|p1b: Sinistcha|move: Taunt
|move|p1a: Kingambit|Kowtow Cleave|p2b: Floette
|-activate|p2b: Floette|move: Protect
|
|upkeep
|turn|4
|inactive|Irthal has 30 seconds left.
|
|t:|1783462014
|switch|p1b: Sneasler|Sneasler, L50, M|100/100
|move|p1a: Kingambit|Sucker Punch|p2a: Sneasler
|-resisted|p2a: Sneasler|1
|-damage|p2a: Sneasler|12/100
|move|p2a: Sneasler|Close Combat|p1a: Kingambit
|-supereffective|p1a: Kingambit|2
|-crit|p1a: Kingambit
|-damage|p1a: Kingambit|0 fnt
|-unboost|p2a: Sneasler|def|1
|-unboost|p2a: Sneasler|spd|1
|faint|p1a: Kingambit
|move|p2b: Floette|Moonblast|p1b: Sneasler
|-enditem|p1b: Sneasler|Focus Sash
|-damage|p1b: Sneasler|1/100
|
|upkeep
|
|t:|1783462031
|switch|p1a: Sinistcha|Sinistcha, L50|100/100
|-heal|p1b: Sneasler|25/100|[from] ability: Hospitality|[of] p1a: Sinistcha
|turn|5
|
|t:|1783462042
|move|p1b: Sneasler|Fake Out|p2b: Floette
|-damage|p2b: Floette|30/100
|-status|p2b: Floette|psn|[from] ability: Poison Touch|[of] p1b: Sneasler
|move|p2a: Sneasler|Taunt|p1a: Sinistcha
|-start|p1a: Sinistcha|move: Taunt
|cant|p2b: Floette|flinch
|move|p1a: Sinistcha|Matcha Gotcha|p2b: Floette|[spread] p2a,p2b
|-resisted|p2a: Sneasler|1
|-damage|p2a: Sneasler|0 fnt
|-damage|p2b: Floette|12/100 psn
|faint|p2a: Sneasler
|
|-damage|p2b: Floette|0 fnt|[from] psn
|faint|p2b: Floette
|upkeep
|
|t:|1783462053
|switch|p2a: Whimsicott|Whimsicott, L50, M, shiny|100/100
|switch|p2b: Typhlosion|Typhlosion-Hisui, L50, M|100/100
|turn|6
|inactive|Irthal has 30 seconds left.
|
|t:|1783462081
|move|p2b: Typhlosion|Eruption|p1a: Sinistcha|[spread] p1a,p1b
|-supereffective|p1a: Sinistcha|1
|-enditem|p1a: Sinistcha|Occa Berry|[eat]
|-enditem|p1a: Sinistcha|Occa Berry|[weaken]
|-damage|p1a: Sinistcha|40/100
|-damage|p1b: Sneasler|0 fnt
|faint|p1b: Sneasler
|move|p2a: Whimsicott|Moonblast|p1a: Sinistcha
|-damage|p1a: Sinistcha|14/100
|move|p1a: Sinistcha|Matcha Gotcha|p2a: Whimsicott|[spread] p2b
|-miss|p1a: Sinistcha|p2a: Whimsicott
|-resisted|p2b: Typhlosion|1
|-damage|p2b: Typhlosion|84/100
|-heal|p1a: Sinistcha|21/100|[from] drain|[of] p2b: Typhlosion
|
|upkeep
|turn|7
|-message|Irthal forfeited.
|raw|Irthal's rating: 1064 → 1045(-19 for losing)
|raw|Sammias's rating: 1083 → 1109(+26 for winning)
|
|win|Sammias
|l|☆Irthal
|player|p1|
