|j|☆JVoid
|j|☆HUGEbowlOFzaman
|html|JVoidHUGEbowlOFzaman    
|uhtml|bestof|Game 2 of a best-of-3
|t:|1785012092
|gametype|doubles
|player|p1|JVoid|lucas-gen4pt|
|player|p2|HUGEbowlOFzaman|265|
|gen|9
|tier|[Gen 9 Champions] VGC 2026 Reg M-B (Bo3)
|rule|Species Clause: Limit one of each Pokémon
|rule|Item Clause: Limit 1 of each item
|clearpoke
|poke|p1|Blastoise, L50, M|
|poke|p1|Politoed, L50, M|
|poke|p1|Glaceon, L50, F|
|poke|p1|Mr. Rime, L50, F|
|poke|p1|Ninetales-Alola, L50, M|
|poke|p1|Maushold, L50|
|poke|p2|Kangaskhan, L50, F|
|poke|p2|Raichu-Alola, L50, F|
|poke|p2|Samurott-Hisui, L50, F|
|poke|p2|Glimmora, L50, F|
|poke|p2|Goodra-Hisui, L50, F|
|poke|p2|Vivillon, L50, F|
|teampreview|4
|showteam|p1|Blastoise||Blastoisinite|Torrent|WaterSpout,DarkPulse,ShellSmash,Protect|Modest||M|||50|]Politoed||SitrusBerry|Drizzle|Protect,IcyWind,WeatherBall,HelpingHand|Bold||M|||50|]Glaceon||ChoiceScarf|IceBody|Blizzard,FreezeDry,WeatherBall,ShadowBall|Timid||F|||50|]Mr. Rime||MentalHerb|IceBody|TrickRoom,FakeOut,FreezeDry,ShadowBall|Bold||F|||50|]Ninetales-Alola||FocusSash|SnowWarning|AuroraVeil,HelpingHand,Protect,Moonblast|Timid||M|||50|]Maushold||ChopleBerry|FriendGuard|Protect,FollowMe,SuperFang,Encore|Jolly|||||50|
|showteam|p2|Kangaskhan||Kangaskhanite|InnerFocus|FakeOut,DoubleEdge,FirePunch,SuckerPunch|Adamant||F|||50|]Raichu-Alola||LightBall|SurgeSurfer|FakeOut,Thunderbolt,Reflect,LightScreen|Timid||F|||50|]Samurott-Hisui||FocusSash|Sharpness|Protect,AquaCutter,CeaselessEdge,SacredSword|Jolly||F|||50|]Glimmora||Glimmoranite|Corrosion|PowerGem,SludgeBomb,Substitute,SpikyShield|Timid||F|||50|]Goodra-Hisui||Leftovers|ShellArmor|Shelter,BodyPress,Thunder,FlashCannon|Modest||F|||50|]Vivillon||ChoiceScarf|CompoundEyes|SleepPowder,Tailwind,Hurricane,RagePowder|Timid||F|||50|
|j| Ly_likes_Ceruledge
|
|t:|1785012139
|teamsize|p1|4
|teamsize|p2|4
|start
|switch|p1a: Blastoise|Blastoise, L50, M|100/100
|switch|p1b: Maushold|Maushold, L50|100/100
|switch|p2a: Vivillon|Vivillon, L50, F|100/100
|switch|p2b: Glimmora|Glimmora, L50, F|100/100
|turn|1
|
|t:|1785012185
|detailschange|p2b: Glimmora|Glimmora-Mega, L50, F
|-mega|p2b: Glimmora|Glimmora|Glimmoranite
|detailschange|p1a: Blastoise|Blastoise-Mega, L50, M
|-mega|p1a: Blastoise|Blastoise|Blastoisinite
|move|p1b: Maushold|Follow Me|p1b: Maushold
|-singleturn|p1b: Maushold|move: Follow Me
|move|p2a: Vivillon|Sleep Powder|p1b: Maushold
|-status|p1b: Maushold|slp|[from] move: Sleep Powder
|move|p2b: Glimmora|Substitute|p2b: Glimmora
|-start|p2b: Glimmora|Substitute
|-damage|p2b: Glimmora|75/100
|move|p1a: Blastoise|Shell Smash|p1a: Blastoise
|-unboost|p1a: Blastoise|def|1
|-unboost|p1a: Blastoise|spd|1
|-boost|p1a: Blastoise|atk|2
|-boost|p1a: Blastoise|spa|2
|-boost|p1a: Blastoise|spe|2
|
|upkeep
|turn|2
|
|t:|1785012207
|switch|p2a: Samurott|Samurott-Hisui, L50, F|100/100
|switch|p1b: Politoed|Politoed, L50, M|100/100
|-weather|RainDance|[from] ability: Drizzle|[of] p1b: Politoed
|move|p1a: Blastoise|Water Spout|p2a: Samurott|[spread] p2a,p2b
|-supereffective|p2b: Glimmora|1
|-end|p2b: Glimmora|Substitute
|-resisted|p2a: Samurott|1
|-enditem|p2a: Samurott|Focus Sash
|-damage|p2a: Samurott|1/100
|move|p2b: Glimmora|Sludge Bomb|p1a: Blastoise
|-damage|p1a: Blastoise|0 fnt
|faint|p1a: Blastoise
|
|-weather|RainDance|[upkeep]
|upkeep
|
|t:|1785012228
|switch|p1a: Maushold|Maushold, L50|100/100 slp
|turn|3
|
|t:|1785012254
|cant|p1a: Maushold|slp
|move|p2b: Glimmora|Sludge Bomb|p1a: Maushold
|-damage|p1a: Maushold|6/100 slp
|move|p2a: Samurott|Ceaseless Edge|p1b: Politoed
|-damage|p1b: Politoed|69/100
|-sidestart|p1: JVoid|Spikes
|move|p1b: Politoed|Icy Wind|p2a: Samurott|[spread] p2a,p2b
|-resisted|p2a: Samurott|1
|-damage|p2a: Samurott|0 fnt
|-damage|p2b: Glimmora|65/100
|-unboost|p2b: Glimmora|spe|1
|faint|p2a: Samurott
|
|-weather|RainDance|[upkeep]
|upkeep
|
|t:|1785012268
|switch|p2a: Goodra|Goodra-Hisui, L50, F|100/100
|turn|4
|
|t:|1785012291
|move|p2b: Glimmora|Spiky Shield|p2b: Glimmora
|-singleturn|p2b: Glimmora|move: Protect
|cant|p1a: Maushold|slp
|move|p1b: Politoed|Icy Wind|p2a: Goodra|[spread] p2a
|-activate|p2b: Glimmora|move: Protect
|-damage|p2a: Goodra|94/100
|-unboost|p2a: Goodra|spe|1
|move|p2a: Goodra|Thunder|p1b: Politoed
|-supereffective|p1b: Politoed|1
|-damage|p1b: Politoed|26/100
|-status|p1b: Politoed|par
|-enditem|p1b: Politoed|Sitrus Berry|[eat]
|-heal|p1b: Politoed|51/100 par|[from] item: Sitrus Berry
|
|-weather|RainDance|[upkeep]
|-heal|p2a: Goodra|100/100|[from] item: Leftovers
|upkeep
|turn|5
|
|t:|1785012326
|-curestatus|p1a: Maushold|slp|[msg]
|move|p1a: Maushold|Super Fang|p2a: Goodra
|-damage|p2a: Goodra|50/100g
|move|p2b: Glimmora|Sludge Bomb|p1b: Politoed
|-damage|p1b: Politoed|14/100 par
|move|p2a: Goodra|Body Press|p1a: Maushold
|-supereffective|p1a: Maushold|1
|-enditem|p1a: Maushold|Chople Berry|[eat]
|-enditem|p1a: Maushold|Chople Berry|[weaken]
|-damage|p1a: Maushold|0 fnt
|faint|p1a: Maushold
|move|p1b: Politoed|Weather Ball|p2b: Glimmora
|-supereffective|p2b: Glimmora|1
|-damage|p2b: Glimmora|0 fnt
|faint|p2b: Glimmora
|
|-weather|RainDance|[upkeep]
|-heal|p2a: Goodra|56/100|[from] item: Leftovers
|upkeep
|
|t:|1785012343
|switch|p1a: Ninetales|Ninetales-Alola, L50, M|100/100
|switch|p2b: Vivillon|Vivillon, L50, F|100/100
|-damage|p1a: Ninetales|88/100|[from] Spikes
|-weather|Snowscape|[from] ability: Snow Warning|[of] p1a: Ninetales
|turn|6
|
|t:|1785012393
|move|p2b: Vivillon|Sleep Powder|p1a: Ninetales
|-status|p1a: Ninetales|slp|[from] move: Sleep Powder
|cant|p1a: Ninetales|slp
|move|p2a: Goodra|Body Press|p1b: Politoed
|-damage|p1b: Politoed|0 fnt
|faint|p1b: Politoed
|
|-weather|Snowscape|[upkeep]
|-heal|p2a: Goodra|62/100|[from] item: Leftovers
|upkeep
|turn|7
|
|t:|1785012412
|move|p2b: Vivillon|Sleep Powder|p1a: Ninetales
|-fail|p1a: Ninetales|slp
|-curestatus|p1a: Ninetales|slp|[msg]
|move|p1a: Ninetales|Moonblast|p2a: Goodra
|-damage|p2a: Goodra|40/100
|move|p2a: Goodra|Flash Cannon|p1a: Ninetales
|-supereffective|p1a: Ninetales|2
|-damage|p1a: Ninetales|0 fnt
|faint|p1a: Ninetales
|
|win|HUGEbowlOFzaman
|c|☆HUGEbowlOFzaman|gg
||HUGEbowlOFzaman is ready for game 3.
|inactive|JVoid has 30 seconds to confirm battle start!
|c|☆JVoid|gg
|c| Ly_likes_Ceruledge|great gamme ngl
||JVoid is ready for game 3.
|uhtml|next|Next: Game 3 of 3
|l|☆HUGEbowlOFzaman
|player|p2|
