|j|☆2BStellar
|j|☆rustychair13
|html|2BStellarrustychair13    
|uhtml|bestof|Game 2 of a best-of-3
|t:|1785884619
|gametype|doubles
|player|p1|2BStellar|hilbert-wonderlauncher|1163
|player|p2|rustychair13|169|1189
|gen|9
|tier|[Gen 9 Champions] VGC 2026 Reg M-B (Bo3)
|rated|
|rule|Species Clause: Limit one of each Pokémon
|rule|Item Clause: Limit 1 of each item
|clearpoke
|poke|p1|Sylveon, L50, F, shiny|
|poke|p1|Garchomp, L50, M|
|poke|p1|Kingambit, L50, M, shiny|
|poke|p1|Charizard, L50, M, shiny|
|poke|p1|Aerodactyl, L50, M, shiny|
|poke|p1|Farigiraf, L50, F, shiny|
|poke|p2|Glimmora, L50, M, shiny|
|poke|p2|Whimsicott, L50, M|
|poke|p2|Gholdengo, L50|
|poke|p2|Raichu, L50, M|
|poke|p2|Scovillain, L50, F|
|poke|p2|Pelipper, L50, M|
|teampreview|4
|showteam|p1|Sylveon||FairyFeather|Pixilate|Detect,HyperVoice,QuickAttack,HyperBeam|Modest||F|||50|]Garchomp||ChoiceScarf|RoughSkin|StompingTantrum,Earthquake,DragonClaw,StoneEdge|Adamant||M|||50|]Kingambit||LifeOrb|Defiant|SuckerPunch,KowtowCleave,IronHead,BrickBreak|Adamant||M|||50|]Charizard||CharizarditeY|Blaze|Protect,HeatWave,SolarBeam,WeatherBall|Modest||M|||50|]Aerodactyl||Aerodactylite|RockHead|Tailwind,RockSlide,WideGuard,DualWingbeat|Jolly||M|||50|]Farigiraf||SitrusBerry|ArmorTail|Protect,Thunderbolt,TwinBeam,TrickRoom|Bold||F|||50|
|showteam|p2|Glimmora||FocusSash|ToxicDebris|SludgeBomb,PowerGem,EarthPower,SpikyShield|Modest||M|||50|]Whimsicott||FairyFeather|Prankster|Moonblast,Tailwind,Encore,Protect|Modest||M|||50|]Gholdengo||Leftovers|GoodasGold|MakeItRain,Hex,NastyPlot,Protect|Modest|||||50|]Raichu||RaichuniteY|LightningRod|ZapCannon,FocusBlast,FakeOut,Protect|Timid||M|||50|]Scovillain||Scovillainite|Moody|Flamethrower,LeechSeed,RagePowder,Protect|Calm||F|||50|]Pelipper||LifeOrb|Drizzle|WeatherBall,Hurricane,WideGuard,Protect|Modest||M|||50|
|inactive|Battle timer is ON: inactive players will automatically lose when time's up. (requested by rustychair13)
|
|t:|1785884679
|teamsize|p1|4
|teamsize|p2|4
|start
|switch|p1a: piano|Garchomp, L50, M|100/100
|switch|p1b: AAAAAA|Aerodactyl, L50, M, shiny|100/100
|switch|p2a: Scovillain|Scovillain, L50, F|100/100
|switch|p2b: Glimmora|Glimmora, L50, M, shiny|100/100
|turn|1
|
|t:|1785884695
|detailschange|p2a: Scovillain|Scovillain-Mega, L50, F
|-mega|p2a: Scovillain|Scovillain|Scovillainite
|move|p2b: Glimmora|Spiky Shield|p2b: Glimmora
|-singleturn|p2b: Glimmora|move: Protect
|move|p1a: piano|Stone Edge|p2a: Scovillain
|-supereffective|p2a: Scovillain|1
|-damage|p2a: Scovillain|21/100
|-status|p1a: piano|brn|[from] ability: Spicy Spray|[of] p2a: Scovillain
|move|p1b: AAAAAA|Tailwind|p1b: AAAAAA
|-sidestart|p1: 2BStellar|move: Tailwind
|move|p2a: Scovillain|Leech Seed|p1a: piano
|-start|p1a: piano|move: Leech Seed
|
|-damage|p1a: piano|87/100 brn|[from] Leech Seed|[of] p2a: Scovillain
|-heal|p2a: Scovillain|34/100|[silent]
|-damage|p1a: piano|82/100 brn|[from] brn
|upkeep
|turn|2
|inactive|2BStellar has 30 seconds left.
|inactive|2BStellar has 20 seconds left.
|
|t:|1785884731
|switch|p1b: giraf|Farigiraf, L50, F, shiny|100/100
|move|p2a: Scovillain|Protect|p2a: Scovillain
|-singleturn|p2a: Scovillain|Protect
|move|p1a: piano|Stone Edge|p2a: Scovillain
|-activate|p2a: Scovillain|move: Protect
|move|p2b: Glimmora|Power Gem|p1b: giraf
|-damage|p1b: giraf|58/100
|
|-damage|p1a: piano|70/100 brn|[from] Leech Seed|[of] p2a: Scovillain
|-heal|p2a: Scovillain|48/100|[silent]
|-damage|p1a: piano|64/100 brn|[from] brn
|upkeep
|turn|3
|
|t:|1785884752
|move|p1a: piano|Stone Edge|p2a: Scovillain
|-supereffective|p2a: Scovillain|1
|-damage|p2a: Scovillain|11/100
|move|p1b: giraf|Twin Beam|p2b: Glimmora
|-supereffective|p2b: Glimmora|1
|-damage|p2b: Glimmora|61/100
|-supereffective|p2b: Glimmora|1
|-damage|p2b: Glimmora|18/100
|-hitcount|p2b: Glimmora|2
|move|p2b: Glimmora|Earth Power|p1a: piano
|-damage|p1a: piano|23/100 brn
|move|p2a: Scovillain|Leech Seed|p1b: giraf
|-start|p1b: giraf|move: Leech Seed
|
|-damage|p1a: piano|11/100 brn|[from] Leech Seed|[of] p2a: Scovillain
|-heal|p2a: Scovillain|24/100|[silent]
|-damage|p1b: giraf|45/100|[from] Leech Seed|[of] p2a: Scovillain
|-heal|p2a: Scovillain|40/100|[silent]
|-damage|p1a: piano|5/100 brn|[from] brn
|upkeep
|-enditem|p1b: giraf|Sitrus Berry|[eat]
|-heal|p1b: giraf|70/100|[from] item: Sitrus Berry
|turn|4
|inactive|2BStellar has 30 seconds left.
|inactive|2BStellar has 20 seconds left.
|inactive|2BStellar has 15 seconds left.
|
|t:|1785884793
|switch|p1a: AAAAAA|Aerodactyl, L50, M, shiny|100/100
|move|p2b: Glimmora|Spiky Shield|p2b: Glimmora
|-singleturn|p2b: Glimmora|move: Protect
|move|p2a: Scovillain|Protect|p2a: Scovillain
|-singleturn|p2a: Scovillain|Protect
|move|p1b: giraf|Twin Beam|p2b: Glimmora
|-activate|p2b: Glimmora|move: Protect
|
|-damage|p1b: giraf|58/100|[from] Leech Seed|[of] p2a: Scovillain
|-heal|p2a: Scovillain|56/100|[silent]
|-sideend|p1: 2BStellar|move: Tailwind
|upkeep
|turn|5
|
|t:|1785884810
|move|p2a: Scovillain|Rage Powder|p2a: Scovillain
|-singleturn|p2a: Scovillain|move: Rage Powder
|move|p1a: AAAAAA|Tailwind|p1a: AAAAAA
|-sidestart|p1: 2BStellar|move: Tailwind
|move|p1b: giraf|Twin Beam|p2a: Scovillain
|-damage|p2a: Scovillain|42/100
|-status|p1b: giraf|brn|[from] ability: Spicy Spray|[of] p2a: Scovillain
|-damage|p2a: Scovillain|29/100
|-hitcount|p2a: Scovillain|2
|move|p2b: Glimmora|Power Gem|p1a: AAAAAA
|-supereffective|p1a: AAAAAA|1
|-damage|p1a: AAAAAA|0 fnt
|faint|p1a: AAAAAA
|
|-damage|p1b: giraf|46/100 brn|[from] Leech Seed|[of] p2a: Scovillain
|-heal|p2a: Scovillain|45/100|[silent]
|-damage|p1b: giraf|40/100 brn|[from] brn
|upkeep
|
|t:|1785884829
|switch|p1a: zzzzzz|Charizard, L50, M, shiny|100/100
|turn|6
|
|t:|1785884853
|move|p2b: Glimmora|Spiky Shield|p2b: Glimmora
|-singleturn|p2b: Glimmora|move: Protect
|move|p2a: Scovillain|Protect|p2a: Scovillain
|-singleturn|p2a: Scovillain|Protect
|move|p1a: zzzzzz|Heat Wave|p2b: Glimmora|[spread] 
|-activate|p2a: Scovillain|move: Protect
|-activate|p2b: Glimmora|move: Protect
|move|p1b: giraf|Thunderbolt|p2a: Scovillain
|-activate|p2a: Scovillain|move: Protect
|
|-damage|p1b: giraf|28/100 brn|[from] Leech Seed|[of] p2a: Scovillain
|-heal|p2a: Scovillain|61/100|[silent]
|-damage|p1b: giraf|22/100 brn|[from] brn
|upkeep
|turn|7
|inactive|rustychair13 has 30 seconds left.
|
|t:|1785884890
|move|p1a: zzzzzz|Heat Wave|p2b: Glimmora|[spread] p2b
|-miss|p1a: zzzzzz|p2a: Scovillain
|-resisted|p2b: Glimmora|1
|-damage|p2b: Glimmora|0 fnt
|faint|p2b: Glimmora
|move|p1b: giraf|Twin Beam|p2a: Scovillain
|-crit|p2a: Scovillain
|-damage|p2a: Scovillain|41/100
|-damage|p2a: Scovillain|28/100
|-hitcount|p2a: Scovillain|2
|move|p2a: Scovillain|Flamethrower|p1b: giraf
|-damage|p1b: giraf|0 fnt
|faint|p1b: giraf
|
|upkeep
|
|t:|1785884905
|switch|p2b: Whimsicott|Whimsicott, L50, M|100/100
|switch|p1b: piano|Garchomp, L50, M|5/100 brn
|turn|8
|inactive|2BStellar has 30 seconds left.
|
|t:|1785884933
|move|p2b: Whimsicott|Protect|p2b: Whimsicott
|-singleturn|p2b: Whimsicott|Protect
|move|p2a: Scovillain|Protect|p2a: Scovillain
|-singleturn|p2a: Scovillain|Protect
|move|p1b: piano|Earthquake|p2a: Scovillain|[spread] 
|-activate|p2a: Scovillain|move: Protect
|-activate|p2b: Whimsicott|move: Protect
|-immune|p1a: zzzzzz
|move|p1a: zzzzzz|Heat Wave|p2b: Whimsicott|[spread] 
|-activate|p2a: Scovillain|move: Protect
|-activate|p2b: Whimsicott|move: Protect
|
|-damage|p1b: piano|0 fnt|[from] brn
|faint|p1b: piano
|-sideend|p1: 2BStellar|move: Tailwind
|upkeep
|turn|9
|
|t:|1785884956
|move|p2b: Whimsicott|Tailwind|p2b: Whimsicott
|-sidestart|p2: rustychair13|move: Tailwind
|move|p2a: Scovillain|Leech Seed|p1a: zzzzzz|[miss]
|-miss|p2a: Scovillain|p1a: zzzzzz
|move|p1a: zzzzzz|Heat Wave|p2b: Whimsicott|[spread] p2a,p2b
|-supereffective|p2b: Whimsicott|1
|-damage|p2a: Scovillain|0 fnt
|-damage|p2b: Whimsicott|11/100
|-immune|p1a: zzzzzz
|faint|p2a: Scovillain
|
|upkeep
|
|t:|1785884961
|switch|p2a: Pelipper|Pelipper, L50, M|100/100
|-weather|RainDance|[from] ability: Drizzle|[of] p2a: Pelipper
|turn|10
|
|t:|1785884984
|move|p2a: Pelipper|Wide Guard|p2a: Pelipper
|-singleturn|p2a: Pelipper|Wide Guard
|move|p2b: Whimsicott|Encore|p1a: zzzzzz
|-start|p1a: zzzzzz|Encore
|move|p1a: zzzzzz|Heat Wave|p2b: Whimsicott|[spread] 
|-activate|p2a: Pelipper|move: Wide Guard
|-activate|p2b: Whimsicott|move: Wide Guard
|
|-weather|RainDance|[upkeep]
|upkeep
|turn|11
|
|t:|1785884997
|detailschange|p1a: zzzzzz|Charizard-Mega-Y, L50, M, shiny
|-mega|p1a: zzzzzz|Charizard|Charizardite Y
|-weather|SunnyDay|[from] ability: Drought|[of] p1a: zzzzzz
|move|p2a: Pelipper|Wide Guard|p2a: Pelipper
|-singleturn|p2a: Pelipper|Wide Guard
|move|p2b: Whimsicott|Moonblast|p1a: zzzzzz
|-resisted|p1a: zzzzzz|1
|-damage|p1a: zzzzzz|81/100
|move|p1a: zzzzzz|Heat Wave|p2b: Whimsicott|[spread] 
|-activate|p2a: Pelipper|move: Wide Guard
|-activate|p2b: Whimsicott|move: Wide Guard
|
|-weather|SunnyDay|[upkeep]
|upkeep
|turn|12
|
|t:|1785885008
|move|p2a: Pelipper|Wide Guard|p2a: Pelipper
|-singleturn|p2a: Pelipper|Wide Guard
|move|p2b: Whimsicott|Moonblast|p1a: zzzzzz
|-resisted|p1a: zzzzzz|1
|-damage|p1a: zzzzzz|61/100
|-unboost|p1a: zzzzzz|spa|1
|move|p1a: zzzzzz|Heat Wave|p2b: Whimsicott|[spread] 
|-activate|p2a: Pelipper|move: Wide Guard
|-activate|p2b: Whimsicott|move: Wide Guard
|
|-weather|SunnyDay|[upkeep]
|-end|p1a: zzzzzz|Encore
|-sideend|p2: rustychair13|move: Tailwind
|upkeep
|turn|13
|
|t:|1785885022
|move|p2a: Pelipper|Wide Guard|p2a: Pelipper
|-singleturn|p2a: Pelipper|Wide Guard
|move|p2b: Whimsicott|Encore|p1a: zzzzzz
|-start|p1a: zzzzzz|Encore
|move|p1a: zzzzzz|Heat Wave|p2b: Whimsicott|[spread] 
|-activate|p2a: Pelipper|move: Wide Guard
|-activate|p2b: Whimsicott|move: Wide Guard
|
|-weather|SunnyDay|[upkeep]
|upkeep
|turn|14
|
|t:|1785885033
|move|p2a: Pelipper|Wide Guard|p2a: Pelipper
|-singleturn|p2a: Pelipper|Wide Guard
|move|p2b: Whimsicott|Moonblast|p1a: zzzzzz
|-resisted|p1a: zzzzzz|1
|-damage|p1a: zzzzzz|41/100
|-unboost|p1a: zzzzzz|spa|1
|move|p1a: zzzzzz|Heat Wave|p2b: Whimsicott|[spread] 
|-activate|p2a: Pelipper|move: Wide Guard
|-activate|p2b: Whimsicott|move: Wide Guard
|
|-weather|SunnyDay|[upkeep]
|upkeep
|turn|15
|
|t:|1785885042
|move|p2a: Pelipper|Wide Guard|p2a: Pelipper
|-singleturn|p2a: Pelipper|Wide Guard
|move|p2b: Whimsicott|Moonblast|p1a: zzzzzz
|-resisted|p1a: zzzzzz|1
|-damage|p1a: zzzzzz|20/100y
|move|p1a: zzzzzz|Heat Wave|p2b: Whimsicott|[spread] 
|-activate|p2a: Pelipper|move: Wide Guard
|-activate|p2b: Whimsicott|move: Wide Guard
|
|-weather|none
|-end|p1a: zzzzzz|Encore
|upkeep
|turn|16
|
|t:|1785885054
|move|p2a: Pelipper|Wide Guard|p2a: Pelipper
|-singleturn|p2a: Pelipper|Wide Guard
|move|p2b: Whimsicott|Encore|p1a: zzzzzz
|-start|p1a: zzzzzz|Encore
|move|p1a: zzzzzz|Heat Wave|p2a: Pelipper|[spread] 
|-activate|p2a: Pelipper|move: Wide Guard
|-activate|p2b: Whimsicott|move: Wide Guard
|
|upkeep
|turn|17
|
|t:|1785885067
|move|p2a: Pelipper|Wide Guard|p2a: Pelipper
|-singleturn|p2a: Pelipper|Wide Guard
|move|p2b: Whimsicott|Moonblast|p1a: zzzzzz
|-resisted|p1a: zzzzzz|1
|-damage|p1a: zzzzzz|1/100
|move|p1a: zzzzzz|Heat Wave|p2b: Whimsicott|[spread] 
|-activate|p2a: Pelipper|move: Wide Guard
|-activate|p2b: Whimsicott|move: Wide Guard
|
|-end|p1a: zzzzzz|Encore
|upkeep
|turn|18
|
|t:|1785885087
|move|p2b: Whimsicott|Moonblast|p1a: zzzzzz
|-resisted|p1a: zzzzzz|1
|-damage|p1a: zzzzzz|0 fnt
|faint|p1a: zzzzzz
|
|win|rustychair13
|raw|2BStellar's rating: 1163 → 1140(-23 for losing)
|raw|rustychair13's rating: 1189 → 1212(+23 for winning)
|c|☆2BStellar|gg
|c|☆2BStellar|random question
|c|☆rustychair13|gg
|c|☆rustychair13|?
|c|☆2BStellar|what do u think i coulda done better in the set
|c|☆rustychair13|you let too many of your mons get burned
|c|☆rustychair13|you should've brought sylveon imo
|c|☆rustychair13|I honestly wasn't respecting it as a threat
|c|☆2BStellar|fair, but against 3 resistances?
|c|☆rustychair13|you also could've changed your mons game 2
|c|☆2BStellar|i thought about that
|c|☆rustychair13|none of them ohko sylveon
|c|☆rustychair13|also I only have special attackers
|c|☆2BStellar|that makes sense
|c|☆2BStellar|to bring sylv
|c|☆rustychair13|also garchomp wasn't doing much honestly
|c|☆rustychair13|scarfchomp is a little too predictable so I can just double protect t1
|c|☆2BStellar|makes sense
|c|☆2BStellar|i also mismanaged chomp
|c|☆rustychair13|also you didn't need tailwind until I brought out whims
|c|☆2BStellar|maybe shouldn't have lead it into scov
|c|☆rustychair13|so the first turn you should've just clicked rock slide
|c|☆2BStellar|i was thinking about later in the battle to outspeed a mon that was beside whims
|c|☆2BStellar|but rock slide makes more sense
|c|☆rustychair13|you could've delayed setting it up tho
|c|☆rustychair13|anyways ggs I gtg
|c|☆2BStellar|gg
|c|☆2BStellar|cya
|l|☆rustychair13
|player|p2|
