|j|☆Lucario Palworld
|j|☆Gyaradostyranitar
|html|Lucario PalworldGyaradostyranitar    
|uhtml|bestof|Game 1 of a best-of-3
|t:|1757720051
|gametype|doubles
|player|p1|Lucario Palworld|170|1373
|player|p2|Gyaradostyranitar|adaman|1365
|gen|9
|tier|[Gen 9] VGC 2025 Reg H (Bo3)
|rated|
|rule|Species Clause: Limit one of each Pokémon
|rule|Item Clause: Limit 1 of each item
|clearpoke
|poke|p1|Gholdengo, L50|
|poke|p1|Perrserker, L50, M|
|poke|p1|Dondozo, L50, F|
|poke|p1|Tatsugiri, L50, F|
|poke|p1|Pelipper, L50, F|
|poke|p1|Whimsicott, L50, M|
|poke|p2|Gholdengo, L50|
|poke|p2|Tatsugiri, L50, M|
|poke|p2|Dondozo, L50, M|
|poke|p2|Talonflame, L50, M|
|poke|p2|Weezing, L50, M|
|poke|p2|Slaking, L50, F|
|teampreview|4
|showteam|p1|Gholdengo||ChoiceSpecs|GoodasGold|MakeItRain,ShadowBall,Thunderbolt,FocusBlast||||||50|,,,,,Steel]Perrserker||ChopleBerry|SteelySpirit|FakeOut,IronHead,Taunt,KnockOff|||M|||50|,,,,,Steel]Dondozo||ClearAmulet|Unaware|WaveCrash,Earthquake,OrderUp,Protect|||F|||50|,,,,,Grass]Tatsugiri||ChoiceScarf|Commander|MuddyWater,DracoMeteor,DragonPulse,IcyWind|||F|||50|,,,,,Steel]Pelipper||FocusSash|Drizzle|Hurricane,Tailwind,WeatherBall,WideGuard|||F|||50|,,,,,Fairy]Whimsicott||CovertCloak|Prankster|Tailwind,LightScreen,Moonblast,Encore|||M|||50|,,,,,Fire
|showteam|p2|Gholdengo||ChoiceSpecs|GoodasGold|MakeItRain,ShadowBall,Trick,Thunderbolt||||||50|,,,,,Steel]Tatsugiri||ChoiceScarf|Commander|DracoMeteor,MuddyWater,IcyWind,SleepTalk|||M|||50|,,,,,Water]Dondozo||Leftovers|Unaware|OrderUp,WaveCrash,Earthquake,Protect|||M|||50|,,,,,Grass]Talonflame||CovertCloak|GaleWings|Tailwind,FlareBlitz,BraveBird,WillOWisp|||M|||50|,,,,,Flying]Weezing||SitrusBerry|NeutralizingGas|Protect,SludgeBomb,Taunt,WillOWisp|||M|||50|,,,,,Ghost]Slaking||LifeOrb|Truant|Protect,DoubleEdge,PlayRough,HighHorsepower|||F|||50|,,,,,Ghost
|inactive|Battle timer is ON: inactive players will automatically lose when time's up. (requested by Gyaradostyranitar)
|c|☆Lucario Palworld|Huh
|inactive|Lucario Palworld has 60 seconds left.
|inactive|Gyaradostyranitar has 60 seconds left.
|inactive|Lucario Palworld has 30 seconds left.
|
|t:|1757720117
|teamsize|p1|4
|teamsize|p2|4
|start
|switch|p1a: Tatsugiri|Tatsugiri, L50, F|100/100
|switch|p1b: Whimsicott|Whimsicott, L50, M|100/100
|switch|p2a: Weezing|Weezing, L50, M|100/100
|switch|p2b: Manolo|Slaking, L50, F|100/100
|-ability|p2a: Weezing|Neutralizing Gas
|turn|1
|inactive|Gyaradostyranitar has 30 seconds left.
|inactive|Gyaradostyranitar has 20 seconds left.
|inactive|Gyaradostyranitar has 15 seconds left.
|
|t:|1757720159
|move|p1a: Tatsugiri|Muddy Water|p2a: Weezing|[spread] p2a,p2b
|-damage|p2a: Weezing|53/100
|-damage|p2b: Manolo|59/100
|-unboost|p2b: Manolo|accuracy|1
|move|p1b: Whimsicott|Tailwind|p1b: Whimsicott
|-sidestart|p1: Lucario Palworld|move: Tailwind
|move|p2b: Manolo|Play Rough|p1a: Tatsugiri
|-supereffective|p1a: Tatsugiri
|-damage|p1a: Tatsugiri|0 fnt
|faint|p1a: Tatsugiri
|-damage|p2b: Manolo|49/100|[from] item: Life Orb
|move|p2a: Weezing|Taunt|p1b: Whimsicott
|-start|p1b: Whimsicott|move: Taunt
|
|upkeep
|
|t:|1757720173
|switch|p1a: Gholdengo|Gholdengo, L50|100/100
|turn|2
|
|t:|1757720186
|switch|p1b: Pelipper|Pelipper, L50, F|100/100
|switch|p2b: Tatsugiri|Tatsugiri, L50, M|100/100
|-end|p2a: Weezing|ability: Neutralizing Gas
|-weather|RainDance|[from] ability: Drizzle|[of] p1b: Pelipper
|switch|p2a: Dondozo|Dondozo, L50, M|100/100
|-activate|p2b: Tatsugiri|ability: Commander|[of] p2a: Dondozo
|-boost|p2a: Dondozo|atk|2
|-boost|p2a: Dondozo|spa|2
|-boost|p2a: Dondozo|spe|2
|-boost|p2a: Dondozo|def|2
|-boost|p2a: Dondozo|spd|2
|-terastallize|p1a: Gholdengo|Steel
|move|p1a: Gholdengo|Make It Rain|p2a: Dondozo|[spread] p2a
|-miss|p1a: Gholdengo|p2b: Tatsugiri
|-resisted|p2a: Dondozo
|-damage|p2a: Dondozo|75/100
|-unboost|p1a: Gholdengo|spa|1
|
|-weather|RainDance|[upkeep]
|-heal|p2a: Dondozo|81/100|[from] item: Leftovers
|upkeep
|turn|3
|
|t:|1757720211
|switch|p1a: Whimsicott|Whimsicott, L50, M|100/100
|move|p1b: Pelipper|Hurricane|p2a: Dondozo
|-damage|p2a: Dondozo|59/100
|move|p2a: Dondozo|Order Up|p1b: Pelipper
|-damage|p1b: Pelipper|37/100
|-boost|p2a: Dondozo|atk|1
|
|-weather|RainDance|[upkeep]
|-heal|p2a: Dondozo|65/100|[from] item: Leftovers
|upkeep
|turn|4
|
|t:|1757720235
|move|p1a: Whimsicott|Moonblast|p2a: Dondozo
|-damage|p2a: Dondozo|47/100
|move|p1b: Pelipper|Hurricane|p2a: Dondozo
|-damage|p2a: Dondozo|24/100
|move|p2a: Dondozo|Wave Crash|p1a: Whimsicott
|-resisted|p1a: Whimsicott
|-damage|p1a: Whimsicott|0 fnt
|faint|p1a: Whimsicott
|-damage|p2a: Dondozo|4/100|[from] Recoil
|
|-weather|RainDance|[upkeep]
|-heal|p2a: Dondozo|10/100|[from] item: Leftovers
|-sideend|p1: Lucario Palworld|move: Tailwind
|upkeep
|
|t:|1757720243
|switch|p1a: Gholdengo|Gholdengo, L50, tera:Steel|100/100
|turn|5
|
|t:|1757720248
|move|p2a: Dondozo|Wave Crash|p1a: Gholdengo
|-damage|p1a: Gholdengo|0 fnt
|faint|p1a: Gholdengo
|-damage|p2a: Dondozo|0 fnt|[from] Recoil
|faint|p2a: Dondozo
|move|p1b: Pelipper|Tailwind|p1b: Pelipper
|-sidestart|p1: Lucario Palworld|move: Tailwind
|
|-weather|RainDance|[upkeep]
|upkeep
|
|t:|1757720252
|switch|p2a: Manolo|Slaking, L50, F|49/100
|turn|6
|
|t:|1757720260
|move|p1b: Pelipper|Hurricane|p2a: Manolo
|-damage|p2a: Manolo|0 fnt
|faint|p2a: Manolo
|move|p2b: Tatsugiri|Draco Meteor|p1b: Pelipper
|-damage|p1b: Pelipper|0 fnt
|-unboost|p2b: Tatsugiri|spa|2
|faint|p1b: Pelipper
|
|win|Gyaradostyranitar
||Gyaradostyranitar is ready for game 2.
||Lucario Palworld is ready for game 2.
|uhtml|next|Next: Game 2 of 3
|l|☆Lucario Palworld
|player|p1|
