|j|☆NPCMystic
|j|☆LeonardPlayz
|html|NPCMysticLeonardPlayz    
|uhtml|bestof|Game 2 of a best-of-3
|t:|1783484799
|gametype|doubles
|player|p1|NPCMystic|cynthia-gen4|
|player|p2|LeonardPlayz|hilbert-wonderlauncher|
|gen|9
|tier|[Gen 9 Champions] VGC 2026 Reg M-B (Bo3)
|rule|Species Clause: Limit one of each Pokémon
|rule|Item Clause: Limit 1 of each item
|clearpoke
|poke|p1|Castform, L50, M|
|poke|p1|Pelipper, L50, F|
|poke|p1|Froslass, L50, F|
|poke|p1|Charizard, L50, F|
|poke|p1|Basculegion, L50, M|
|poke|p1|Grimmsnarl, L50, M|
|poke|p2|Tyranitar, L50, M|
|poke|p2|Mawile, L50, M|
|poke|p2|Excadrill, L50, F|
|poke|p2|Houndstone, L50, F|
|poke|p2|Sinistcha, L50|
|poke|p2|Conkeldurr, L50, M|
|teampreview|4
|showteam|p1|Castform||LifeOrb|Forecast|WeatherBall,SolarBeam,Blizzard,Protect|Timid||M|||50|]Pelipper||SitrusBerry|Drizzle|WideGuard,Tailwind,Hurricane,WeatherBall|Modest||F|||50|]Froslass||Froslassite|CursedBody|Blizzard,ShadowBall,IceShard,Protect|Hasty||F|||50|]Charizard||CharizarditeY|Blaze|HeatWave,WeatherBall,DragonPulse,Protect|Timid||F|||50|]Basculegion||ExpertBelt|Adaptability|AquaJet,LastRespects,WaveCrash,Protect|Adamant||M|||50|]Grimmsnarl||LightClay|Prankster|LightScreen,Reflect,SpiritBreak,FakeOut|Adamant||M|||50|
|showteam|p2|Tyranitar||Tyranitarite|SandStream|RockSlide,Crunch,IcePunch,Protect|Brave||M|||50|]Mawile||Mawilite|Intimidate|SuckerPunch,PlayRough,IronHead,Protect|Brave||M|||50|]Excadrill||FocusSash|SandRush|IronHead,RockSlide,Earthquake,Protect|Adamant||F|||50|]Houndstone||ColburBerry|SandRush|LastRespects,Howl,AllySwitch,Protect|Adamant||F|||50|]Sinistcha||SitrusBerry|Hospitality|RagePowder,MatchaGotcha,TrickRoom,Protect|Modest|||||50|]Conkeldurr||LifeOrb|SheerForce|MachPunch,LowSweep,ThunderPunch,WideGuard|Brave||M|||50|
|inactive|Battle timer is ON: inactive players will automatically lose when time's up. (requested by LeonardPlayz)
|
|t:|1783484815
|teamsize|p1|4
|teamsize|p2|4
|start
|switch|p1a: Basculegion|Basculegion, L50, M|100/100
|switch|p1b: Pelipper|Pelipper, L50, F|100/100
|switch|p2a: Hot To Go|Sinistcha, L50|100/100
|switch|p2b: Tyranitar|Tyranitar, L50, M|100/100
|-weather|RainDance|[from] ability: Drizzle|[of] p1b: Pelipper
|-weather|Sandstorm|[from] ability: Sand Stream|[of] p2b: Tyranitar
|turn|1
|
|t:|1783484833
|move|p2a: Hot To Go|Protect|p2a: Hot To Go
|-singleturn|p2a: Hot To Go|Protect
|move|p1a: Basculegion|Wave Crash|p2b: Tyranitar
|-supereffective|p2b: Tyranitar|1
|-damage|p2b: Tyranitar|0 fnt
|faint|p2b: Tyranitar
|-damage|p1a: Basculegion|70/100|[from] Recoil
|move|p1b: Pelipper|Hurricane|p2a: Hot To Go
|-activate|p2a: Hot To Go|move: Protect
|
|-weather|Sandstorm|[upkeep]
|-damage|p1a: Basculegion|63/100|[from] Sandstorm
|-damage|p2a: Hot To Go|94/100|[from] Sandstorm
|-damage|p1b: Pelipper|94/100|[from] Sandstorm
|upkeep
|
|t:|1783484842
|switch|p2b: Mawile|Mawile, L50, M|100/100
|-ability|p2b: Mawile|Intimidate|boost
|-unboost|p1a: Basculegion|atk|1
|-unboost|p1b: Pelipper|atk|1
|turn|2
|
|t:|1783484852
|detailschange|p2b: Mawile|Mawile-Mega, L50, M
|-mega|p2b: Mawile|Mawile|Mawilite
|move|p2b: Mawile|Sucker Punch|p1a: Basculegion
|-supereffective|p1a: Basculegion|1
|-damage|p1a: Basculegion|0 fnt
|faint|p1a: Basculegion
|move|p1b: Pelipper|Hurricane|p2b: Mawile|[miss]
|-miss|p1b: Pelipper|p2b: Mawile
|move|p2a: Hot To Go|Trick Room|p2a: Hot To Go
|-fieldstart|move: Trick Room|[of] p2a: Hot To Go
|
|-weather|Sandstorm|[upkeep]
|-damage|p1b: Pelipper|88/100|[from] Sandstorm
|-damage|p2a: Hot To Go|88/100|[from] Sandstorm
|upkeep
|
|t:|1783484860
|switch|p1a: Grimmsnarl|Grimmsnarl, L50, M|100/100
|turn|3
|
|t:|1783484872
|move|p2b: Mawile|Protect|p2b: Mawile
|-singleturn|p2b: Mawile|Protect
|move|p1a: Grimmsnarl|Reflect|p1a: Grimmsnarl
|-sidestart|p1: NPCMystic|Reflect
|move|p1b: Pelipper|Hurricane|p2a: Hot To Go
|-supereffective|p2a: Hot To Go|1
|-damage|p2a: Hot To Go|0 fnt
|faint|p2a: Hot To Go
|
|-weather|Sandstorm|[upkeep]
|-damage|p1a: Grimmsnarl|94/100|[from] Sandstorm
|-damage|p1b: Pelipper|82/100|[from] Sandstorm
|upkeep
|
|t:|1783484877
|switch|p2a: Conkeldurr|Conkeldurr, L50, M|100/100
|turn|4
|
|t:|1783484885
|move|p2a: Conkeldurr|Thunder Punch|p1b: Pelipper
|-supereffective|p1b: Pelipper|2
|-damage|p1b: Pelipper|0 fnt
|faint|p1b: Pelipper
|move|p2b: Mawile|Play Rough|p1a: Grimmsnarl
|-supereffective|p1a: Grimmsnarl|1
|-damage|p1a: Grimmsnarl|0 fnt
|faint|p1a: Grimmsnarl
|
|-weather|Sandstorm|[upkeep]
|-damage|p2a: Conkeldurr|93/100|[from] Sandstorm
|upkeep
|
|t:|1783484891
|switch|p1b: Castform|Castform, L50, M|100/100
|turn|5
|c|☆LeonardPlayz|gg
|c|☆NPCMystic|Cmon double freeze
|
|t:|1783484900
|move|p2a: Conkeldurr|Mach Punch|p1b: Castform
|-supereffective|p1b: Castform|1
|-damage|p1b: Castform|28/100
|-damage|p2a: Conkeldurr|83/100|[from] item: Life Orb
|move|p2b: Mawile|Sucker Punch|p1b: Castform
|-crit|p1b: Castform
|-damage|p1b: Castform|0 fnt
|faint|p1b: Castform
|
|win|LeonardPlayz
|c|☆NPCMystic|or not lol
|c|☆NPCMystic|gg
|c|☆NPCMystic|gonna go refine this
|c|☆NPCMystic|ik it got potential
|l|☆NPCMystic
|player|p1|
