|j|☆TicklemyStaraptor
|j|☆fashoooo
|html|TicklemyStaraptorfashoooo    
|uhtml|bestof|Game 2 of a best-of-3
|t:|1785085761
|gametype|doubles
|player|p1|TicklemyStaraptor|sisandbro|1116
|player|p2|fashoooo|265|1019
|gen|9
|tier|[Gen 9 Champions] VGC 2026 Reg M-B (Bo3)
|rated|
|rule|Species Clause: Limit one of each Pokémon
|rule|Item Clause: Limit 1 of each item
|clearpoke
|poke|p1|Milotic, L50, F, shiny|
|poke|p1|Incineroar, L50, M|
|poke|p1|Emboar, L50, M, shiny|
|poke|p1|Torkoal, L50, F, shiny|
|poke|p1|Gallade, L50, M, shiny|
|poke|p1|Scrafty, L50, F, shiny|
|poke|p2|Tyranitar, L50, F|
|poke|p2|Excadrill, L50, F|
|poke|p2|Milotic, L50, M|
|poke|p2|Sinistcha, L50|
|poke|p2|Staraptor, L50, F|
|poke|p2|Gholdengo, L50|
|teampreview|4
|showteam|p1|Milotic||Leftovers|Competitive|Haze,MuddyWater,Coil,Hypnosis|Calm||F|||50|]Incineroar||PasshoBerry|Intimidate|PartingShot,DarkestLariat,FakeOut,FlareBlitz|Adamant||M|||50|]Emboar||Emboarite|Blaze|WildCharge,FlareBlitz,Protect,DrainPunch|Brave||M|||50|]Torkoal||Charcoal|Drought|HeatWave,Eruption,EarthPower,Protect|Modest||F|||50|]Gallade||FocusSash|Sharpness|WideGuard,TrickRoom,PsychoCut,SacredSword|Brave||M|||50|]Scrafty||Scraftinite|Intimidate|FakeOut,CloseCombat,PoisonJab,Crunch|Brave||F|||50|
|showteam|p2|Tyranitar||Tyranitarite|SandStream|KnockOff,RockSlide,HighHorsepower,Protect|Jolly||F|||50|]Excadrill||FocusSash|SandRush|Earthquake,IronHead,RockSlide,Protect|Adamant||F|||50|]Milotic||SitrusBerry|Competitive|Scald,IcyWind,Haze,Protect|Calm||M|||50|]Sinistcha||ColburBerry|Hospitality|MatchaGotcha,ShadowBall,RagePowder,Protect|Bold|||||50|]Staraptor||Staraptite|Intimidate|CloseCombat,BraveBird,Tailwind,Protect|Jolly||F|||50|]Gholdengo||LifeOrb|GoodasGold|MakeItRain,ShadowBall,NastyPlot,Protect|Modest|||||50|
|
|t:|1785085788
|teamsize|p1|4
|teamsize|p2|4
|start
|switch|p1a: Incineroar|Incineroar, L50, M|100/100
|switch|p1b: Gallade|Gallade, L50, M, shiny|100/100
|switch|p2a: Milotic|Milotic, L50, M|100/100
|switch|p2b: Sinistcha|Sinistcha, L50|100/100
|-ability|p1a: Incineroar|Intimidate|boost
|-unboost|p2a: Milotic|atk|1
|-ability|p2a: Milotic|Competitive|boost
|-boost|p2a: Milotic|spa|2
|-unboost|p2b: Sinistcha|atk|1
|turn|1
|
|t:|1785085810
|move|p2a: Milotic|Protect|p2a: Milotic
|-singleturn|p2a: Milotic|Protect
|move|p1a: Incineroar|Fake Out|p2a: Milotic
|-activate|p2a: Milotic|move: Protect
|move|p2b: Sinistcha|Matcha Gotcha|p1a: Incineroar|[spread] p1a,p1b
|-resisted|p1a: Incineroar|1
|-damage|p1a: Incineroar|91/100
|-damage|p1b: Gallade|77/100
|move|p1b: Gallade|Psycho Cut|p2a: Milotic
|-activate|p2a: Milotic|move: Protect
|
|upkeep
|turn|2
|
|t:|1785085850
|move|p2b: Sinistcha|Protect|p2b: Sinistcha
|-singleturn|p2b: Sinistcha|Protect
|move|p2a: Milotic|Scald|p1b: Gallade
|-damage|p1b: Gallade|21/100
|move|p1b: Gallade|Psycho Cut|p2b: Sinistcha
|-activate|p2b: Sinistcha|move: Protect
|move|p1a: Incineroar|Flare Blitz|p2b: Sinistcha
|-activate|p2b: Sinistcha|move: Protect
|
|upkeep
|turn|3
|
|t:|1785085872
|switch|p2b: Staraptor|Staraptor, L50, F|100/100
|-ability|p2b: Staraptor|Intimidate|boost
|-unboost|p1a: Incineroar|atk|1
|-unboost|p1b: Gallade|atk|1
|move|p2a: Milotic|Scald|p1b: Gallade
|-damage|p1b: Gallade|0 fnt
|faint|p1b: Gallade
|move|p1a: Incineroar|Flare Blitz|p2b: Staraptor
|-damage|p2b: Staraptor|53/100
|-damage|p1a: Incineroar|76/100|[from] Recoil
|
|upkeep
|
|t:|1785085893
|switch|p1b: Emboar|Emboar, L50, M, shiny|100/100
|turn|4
|
|t:|1785085912
|detailschange|p2b: Staraptor|Staraptor-Mega, L50, F
|-mega|p2b: Staraptor|Staraptor|Staraptite
|move|p1b: Emboar|Protect|p1b: Emboar
|-singleturn|p1b: Emboar|Protect
|move|p2b: Staraptor|Close Combat|p1a: Incineroar
|-supereffective|p1a: Incineroar|1
|-damage|p1a: Incineroar|0 fnt
|-boost|p2b: Staraptor|def|1
|-boost|p2b: Staraptor|spd|1
|faint|p1a: Incineroar
|move|p2a: Milotic|Scald|p1b: Emboar
|-activate|p1b: Emboar|move: Protect
|
|upkeep
|
|t:|1785085924
|switch|p1a: Torkoal|Torkoal, L50, F, shiny|100/100
|-weather|SunnyDay|[from] ability: Drought|[of] p1a: Torkoal
|turn|5
|
|t:|1785085935
|detailschange|p1b: Emboar|Emboar-Mega, L50, M, shiny
|-mega|p1b: Emboar|Emboar|Emboarite
|-ability|p1b: Emboar|Mold Breaker
|move|p2b: Staraptor|Close Combat|p1a: Torkoal
|-damage|p1a: Torkoal|57/100
|-boost|p2b: Staraptor|def|1
|-boost|p2b: Staraptor|spd|1
|move|p2a: Milotic|Scald|p1b: Emboar
|-supereffective|p1b: Emboar|1
|-damage|p1b: Emboar|55/100
|move|p1b: Emboar|Drain Punch|p2a: Milotic
|-damage|p2a: Milotic|61/100
|-heal|p1b: Emboar|72/100|[from] drain|[of] p2a: Milotic
|move|p1a: Torkoal|Heat Wave|p2b: Staraptor|[spread] p2a,p2b
|-resisted|p2a: Milotic|1
|-damage|p2a: Milotic|44/100
|-damage|p2b: Staraptor|23/100
|-enditem|p2a: Milotic|Sitrus Berry|[eat]
|-heal|p2a: Milotic|68/100|[from] item: Sitrus Berry
|
|-weather|SunnyDay|[upkeep]
|upkeep
|turn|6
|
|t:|1785085961
|move|p1a: Torkoal|Protect|p1a: Torkoal
|-singleturn|p1a: Torkoal|Protect
|move|p2b: Staraptor|Brave Bird|p1b: Emboar
|-supereffective|p1b: Emboar|1
|-damage|p1b: Emboar|0 fnt
|faint|p1b: Emboar
|-damage|p2b: Staraptor|0 fnt|[from] Recoil
|faint|p2b: Staraptor
|move|p2a: Milotic|Scald|p1a: Torkoal
|-activate|p1a: Torkoal|move: Protect
|
|-weather|SunnyDay|[upkeep]
|upkeep
|
|t:|1785085967
|switch|p2b: Tyranitar|Tyranitar, L50, F|100/100
|-weather|Sandstorm|[from] ability: Sand Stream|[of] p2b: Tyranitar
|turn|7
|-message|TicklemyStaraptor forfeited.
|
|win|fashoooo
