|j|☆paolococjin32
|j|☆mochamecha
|html|paolococjin32mochamecha    
|uhtml|bestof|Game 2 of a best-of-3
|t:|1757917307
|gametype|doubles
|player|p1|paolococjin32|170|1115
|player|p2|mochamecha|169|1251
|gen|9
|tier|[Gen 9] VGC 2025 Reg H (Bo3)
|rated|
|rule|Species Clause: Limit one of each Pokémon
|rule|Item Clause: Limit 1 of each item
|clearpoke
|poke|p1|Dragonite, L50, F|
|poke|p1|Amoonguss, L50, M|
|poke|p1|Gholdengo, L50|
|poke|p1|Ursaluna-Bloodmoon, L50, M|
|poke|p1|Incineroar, L50, F|
|poke|p1|Basculegion, L50, M|
|poke|p2|Garganacl, L50, F|
|poke|p2|Gholdengo, L50|
|poke|p2|Incineroar, L50, F|
|poke|p2|Sylveon, L50, F|
|poke|p2|Ninetales-Alola, L50, M|
|poke|p2|Scyther, L50, F|
|teampreview|4
|showteam|p1|Dragonite||LoadedDice|Multiscale|ExtremeSpeed,Protect,Tailwind,DragonClaw|||F|||50|,,,,,Normal]Amoonguss||SitrusBerry|Regenerator|Spore,Protect,RagePowder,SludgeBomb|||M|||50|,,,,,Water]Gholdengo||LifeOrb|GoodasGold|MakeItRain,Protect,ShadowBall,NastyPlot||||||50|,,,,,Water]Ursaluna-Bloodmoon||ThroatSpray|MindsEye|HyperVoice,Protect,BloodMoon,EarthPower|||M|||50|,,,,,Normal]Incineroar||SafetyGoggles|Intimidate|KnockOff,FakeOut,FlareBlitz,PartingShot|||F|||50|,,,,,Ghost]Basculegion||ChoiceScarf|Adaptability|WaveCrash,LastRespects,AquaJet,FlipTurn|||M|||50|,,,,,Water
|showteam|p2|Garganacl||MarangaBerry|PurifyingSalt|SaltCure,Recover,StealthRock,Protect|||F|||50|,,,,,Flying]Gholdengo||ChoiceScarf|GoodasGold|MakeItRain,ShadowBall,PowerGem,Trick||||||50|,,,,,Steel]Incineroar||AssaultVest|Intimidate|FlareBlitz,KnockOff,FakeOut,Protect|||F|||50|,,,,,Fire]Sylveon||ThroatSpray|Pixilate|HyperVoice,Wish,Yawn,Protect|||F|||50|,,,,,Poison]Ninetales-Alola||FocusSash|SnowWarning|Blizzard,FreezeDry,Protect,AuroraVeil|||M|||50|,,,,,Ice]Scyther||Eviolite|Technician|DualWingbeat,CloseCombat,Uturn,Protect|||F|||50|,,,,,Steel
|inactive|Battle timer is ON: inactive players will automatically lose when time's up. (requested by paolococjin32)
|
|t:|1757917332
|teamsize|p1|4
|teamsize|p2|4
|start
|switch|p1a: Gholdengo|Gholdengo, L50|100/100
|switch|p1b: Basculegion|Basculegion, L50, M|100/100
|switch|p2a: Incineroar|Incineroar, L50, F|100/100
|switch|p2b: Garganacl|Garganacl, L50, F|100/100
|-ability|p2a: Incineroar|Intimidate|boost
|-unboost|p1a: Gholdengo|atk|1
|-unboost|p1b: Basculegion|atk|1
|turn|1
|
|t:|1757917351
|switch|p2a: Scyther|Scyther, L50, F|100/100
|-terastallize|p2b: Garganacl|Flying
|move|p1b: Basculegion|Flip Turn|p2a: Scyther
|-damage|p2a: Scyther|73/100
|
|t:|1757917358
|switch|p1b: Incineroar|Incineroar, L50, F|100/100|[from] Flip Turn
|-ability|p1b: Incineroar|Intimidate|boost
|-unboost|p2a: Scyther|atk|1
|-unboost|p2b: Garganacl|atk|1
|move|p1a: Gholdengo|Nasty Plot|p1a: Gholdengo
|-boost|p1a: Gholdengo|spa|2
|move|p2b: Garganacl|Salt Cure|p1a: Gholdengo
|-resisted|p1a: Gholdengo
|-damage|p1a: Gholdengo|95/100
|-start|p1a: Gholdengo|Salt Cure
|
|-damage|p1a: Gholdengo|70/100|[from] Salt Cure
|upkeep
|turn|2
|
|t:|1757917377
|switch|p2b: Incineroar|Incineroar, L50, F|100/100
|-ability|p2b: Incineroar|Intimidate|boost
|-unboost|p1a: Gholdengo|atk|1
|-unboost|p1b: Incineroar|atk|1
|move|p2a: Scyther|Protect|p2a: Scyther
|-singleturn|p2a: Scyther|Protect
|move|p1b: Incineroar|Fake Out|p2b: Incineroar
|-damage|p2b: Incineroar|94/100
|move|p1a: Gholdengo|Make It Rain|p2b: Incineroar|[spread] p2b
|-activate|p2a: Scyther|move: Protect
|-resisted|p2b: Incineroar
|-damage|p2b: Incineroar|55/100
|-unboost|p1a: Gholdengo|spa|1
|-damage|p1a: Gholdengo|61/100|[from] item: Life Orb
|
|-damage|p1a: Gholdengo|36/100|[from] Salt Cure
|upkeep
|turn|3
|inactive|mochamecha has 30 seconds left.
|inactive|paolococjin32 has 30 seconds left.
|inactive|paolococjin32 has 20 seconds left.
|inactive|mochamecha has 20 seconds left.
|inactive|mochamecha has 15 seconds left.
|
|t:|1757917423
|switch|p1b: Basculegion|Basculegion, L50, M|100/100
|move|p2a: Scyther|U-turn|p1b: Basculegion
|-resisted|p1b: Basculegion
|-damage|p1b: Basculegion|85/100
|
|t:|1757917427
|switch|p2a: Gholdengo|Gholdengo, L50|100/100|[from] U-turn
|move|p1a: Gholdengo|Make It Rain|p2a: Gholdengo|[spread] p2a,p2b
|-resisted|p2a: Gholdengo
|-crit|p2a: Gholdengo
|-resisted|p2b: Incineroar
|-damage|p2a: Gholdengo|5/100
|-damage|p2b: Incineroar|29/100
|-unboost|p1a: Gholdengo|spa|1
|-damage|p1a: Gholdengo|26/100|[from] item: Life Orb
|move|p2b: Incineroar|Knock Off|p1b: Basculegion
|-supereffective|p1b: Basculegion
|-damage|p1b: Basculegion|0 fnt
|-enditem|p1b: Basculegion|Choice Scarf|[from] move: Knock Off|[of] p2b: Incineroar
|faint|p1b: Basculegion
|
|-damage|p1a: Gholdengo|2/100|[from] Salt Cure
|upkeep
|
|t:|1757917451
|switch|p1b: Amoonguss|Amoonguss, L50, M|100/100
|turn|4
|
|t:|1757917466
|switch|p1a: Incineroar|Incineroar, L50, F|100/100
|-ability|p1a: Incineroar|Intimidate|boost
|-unboost|p2a: Gholdengo|atk|1
|-unboost|p2b: Incineroar|atk|1
|-terastallize|p1b: Amoonguss|Water
|move|p2a: Gholdengo|Trick|p1b: Amoonguss
|-activate|p2a: Gholdengo|move: Trick|[of] p1b: Amoonguss
|-item|p1b: Amoonguss|Choice Scarf|[from] move: Trick
|-item|p2a: Gholdengo|Sitrus Berry|[from] move: Trick
|-enditem|p2a: Gholdengo|Sitrus Berry|[eat]
|-heal|p2a: Gholdengo|30/100|[from] item: Sitrus Berry
|move|p2b: Incineroar|Knock Off|p1b: Amoonguss
|-damage|p1b: Amoonguss|76/100
|-enditem|p1b: Amoonguss|Choice Scarf|[from] move: Knock Off|[of] p2b: Incineroar
|move|p1b: Amoonguss|Sludge Bomb|p2b: Incineroar
|-damage|p2b: Incineroar|12/100
|-status|p2b: Incineroar|psn
|
|-damage|p2b: Incineroar|0 fnt|[from] psn
|faint|p2b: Incineroar
|upkeep
|
|t:|1757917477
|switch|p2b: Garganacl|Garganacl, L50, F, tera:Flying|100/100
|turn|5
|
|t:|1757917500
|move|p2a: Gholdengo|Power Gem|p1a: Incineroar
|-supereffective|p1a: Incineroar
|-damage|p1a: Incineroar|53/100
|move|p1a: Incineroar|Flare Blitz|p2a: Gholdengo
|-supereffective|p2a: Gholdengo
|-damage|p2a: Gholdengo|0 fnt
|faint|p2a: Gholdengo
|-damage|p1a: Incineroar|44/100|[from] Recoil
|move|p2b: Garganacl|Salt Cure|p1b: Amoonguss
|-damage|p1b: Amoonguss|65/100
|-start|p1b: Amoonguss|Salt Cure
|move|p1b: Amoonguss|Spore|p2b: Garganacl
|-immune|p2b: Garganacl|[from] ability: Purifying Salt
|
|-damage|p1b: Amoonguss|40/100|[from] Salt Cure
|upkeep
|
|t:|1757917511
|switch|p2a: Scyther|Scyther, L50, F|73/100
|turn|6
|
|t:|1757917525
|move|p2a: Scyther|Protect|p2a: Scyther
|-singleturn|p2a: Scyther|Protect
|move|p1b: Amoonguss|Rage Powder|p1b: Amoonguss
|-singleturn|p1b: Amoonguss|move: Rage Powder
|move|p1a: Incineroar|Flare Blitz|p2a: Scyther
|-activate|p2a: Scyther|move: Protect
|move|p2b: Garganacl|Salt Cure|p1b: Amoonguss
|-damage|p1b: Amoonguss|28/100
|
|-damage|p1b: Amoonguss|3/100|[from] Salt Cure
|upkeep
|turn|7
|
|t:|1757917538
|move|p1b: Amoonguss|Rage Powder|p1b: Amoonguss
|-singleturn|p1b: Amoonguss|move: Rage Powder
|move|p2a: Scyther|Dual Wingbeat|p1b: Amoonguss
|-crit|p1b: Amoonguss
|-damage|p1b: Amoonguss|0 fnt
|faint|p1b: Amoonguss
|-hitcount|p1: Amoonguss|1
|move|p1a: Incineroar|Flare Blitz|p2a: Scyther
|-supereffective|p2a: Scyther
|-damage|p2a: Scyther|0 fnt
|faint|p2a: Scyther
|-damage|p1a: Incineroar|25/100|[from] Recoil
|move|p2b: Garganacl|Stealth Rock|p1a: Incineroar
|-sidestart|p1: paolococjin32|move: Stealth Rock
|
|upkeep
|
|t:|1757917550
|switch|p1b: Gholdengo|Gholdengo, L50|2/100
|-damage|p1b: Gholdengo|0 fnt|[from] Stealth Rock
|faint|p1b: Gholdengo
|turn|8
|
|t:|1757917557
|move|p1a: Incineroar|Knock Off|p2b: Garganacl
|-damage|p2b: Garganacl|72/100
|-enditem|p2b: Garganacl|Maranga Berry|[from] move: Knock Off|[of] p1a: Incineroar
|move|p2b: Garganacl|Salt Cure|p1a: Incineroar
|-supereffective|p1a: Incineroar
|-damage|p1a: Incineroar|0 fnt
|faint|p1a: Incineroar
|
|win|mochamecha
||mochamecha is ready for game 3.
||paolococjin32 is ready for game 3.
|uhtml|next|Next: Game 3 of 3
|l|☆mochamecha
|player|p2|
|l|☆paolococjin32
|player|p1|
