|j|☆Wo0oorthy
|j|☆Fenozi
|html|Wo0oorthyFenozi    
|uhtml|bestof|Game 2 of a best-of-3
|t:|1755721705
|gametype|doubles
|player|p1|Wo0oorthy|dawn-gen4pt|1154
|player|p2|Fenozi|veteran|1247
|gen|9
|tier|[Gen 9] VGC 2025 Reg H (Bo3)
|rated|
|rule|Species Clause: Limit one of each Pokémon
|rule|Item Clause: Limit 1 of each item
|clearpoke
|poke|p1|Baxcalibur, L50, M|
|poke|p1|Annihilape, L50, F|
|poke|p1|Maushold-Four, L50|
|poke|p1|Flamigo, L50, M|
|poke|p1|Kingambit, L50, M|
|poke|p1|Armarouge, L50, F|
|poke|p2|Pelipper, L50, F|
|poke|p2|Sinistcha, L50|
|poke|p2|Ursaluna, L50, F|
|poke|p2|Dragonite, L50, M|
|poke|p2|Archaludon, L50, M|
|poke|p2|Incineroar, L50, M|
|teampreview|4
|showteam|p1|Baxcalibur||LoadedDice|ThermalExchange|IceShard,ScaleShot,IcicleSpear,Protect|||M|||50|,,,,,Ghost]Annihilape||ChoiceScarf|Defiant|Coaching,CloseCombat,FinalGambit,RageFist|||F|||50|,,,,,Steel]Maushold-Four||WideLens|Technician|PopulationBomb,FollowMe,Protect,Taunt||||||50|,,,,,Normal]Flamigo||FocusSash|Scrappy|CloseCombat,Detect,BraveBird,Tailwind|||M|||50|,,,,,Grass]Kingambit||LifeOrb|Defiant|SuckerPunch,KowtowCleave,IronHead,Protect|||M|||50|,,,,,Poison]Armarouge||CovertCloak|FlashFire|ArmorCannon,ExpandingForce,CalmMind,WideGuard|||F|||50|,,,,,Dark
|showteam|p2|Pelipper||FocusSash|Drizzle|MuddyWater,Hurricane,Tailwind,Protect|||F|||50|,,,,,Ghost]Sinistcha||SitrusBerry|Hospitality|MatchaGotcha,LifeDew,RagePowder,TrickRoom||||||50|,,,,,Dark]Ursaluna||FlameOrb|Guts|Facade,HeadlongRush,Earthquake,Protect|||F|||50|,,,,,Ghost]Dragonite||LoadedDice|Multiscale|ScaleShot,ExtremeSpeed,Tailwind,Protect|||M|||50|,,,,,Steel]Archaludon||AssaultVest|Stamina|ElectroShot,DragonPulse,Snarl,BodyPress|||M|||50|,,,,,Bug]Incineroar||SafetyGoggles|Intimidate|KnockOff,Taunt,PartingShot,FakeOut|||M|||50|,,,,,Ghost
|inactive|Battle timer is ON: inactive players will automatically lose when time's up. (requested by Fenozi)
|
|t:|1755721722
|teamsize|p1|4
|teamsize|p2|4
|start
|switch|p1a: Baxcalibur|Baxcalibur, L50, M|100/100
|switch|p1b: Flamigo|Flamigo, L50, M|100/100
|switch|p2a: Archaludon|Archaludon, L50, M|100/100
|switch|p2b: Dragonite|Dragonite, L50, M|100/100
|turn|1
|inactive|Fenozi has 30 seconds left.
|inactive|Fenozi has 20 seconds left.
|inactive|Fenozi has 15 seconds left.
|inactive|Fenozi has 10 seconds left.
|
|t:|1755721770
|-terastallize|p1a: Baxcalibur|Ghost
|-terastallize|p2a: Archaludon|Bug
|move|p2b: Dragonite|Protect|p2b: Dragonite
|-singleturn|p2b: Dragonite|Protect
|move|p1b: Flamigo|Close Combat|p2a: Archaludon
|-resisted|p2a: Archaludon
|-damage|p2a: Archaludon|80/100
|-unboost|p1b: Flamigo|def|1
|-unboost|p1b: Flamigo|spd|1
|-ability|p2a: Archaludon|Stamina|boost
|-boost|p2a: Archaludon|def|1
|move|p1a: Baxcalibur|Scale Shot|p2b: Dragonite
|-activate|p2b: Dragonite|move: Protect
|move|p2a: Archaludon|Dragon Pulse|p1a: Baxcalibur
|-damage|p1a: Baxcalibur|63/100
|
|upkeep
|turn|2
|inactive|Fenozi has 30 seconds left.
|
|t:|1755721802
|switch|p2b: Pelipper|Pelipper, L50, F|100/100
|-weather|RainDance|[from] ability: Drizzle|[of] p2b: Pelipper
|move|p1a: Baxcalibur|Protect|p1a: Baxcalibur
|-singleturn|p1a: Baxcalibur|Protect
|move|p1b: Flamigo|Tailwind|p1b: Flamigo
|-sidestart|p1: Wo0oorthy|move: Tailwind
|move|p2a: Archaludon|Electro Shot||[still]
|-prepare|p2a: Archaludon|Electro Shot
|-boost|p2a: Archaludon|spa|1
|-anim|p2a: Archaludon|Electro Shot|p1a: Baxcalibur
|-activate|p1a: Baxcalibur|move: Protect
|
|-weather|RainDance|[upkeep]
|upkeep
|turn|3
|
|t:|1755721824
|move|p2b: Pelipper|Protect|p2b: Pelipper
|-singleturn|p2b: Pelipper|Protect
|move|p1b: Flamigo|Brave Bird|p2a: Archaludon
|-supereffective|p2a: Archaludon
|-damage|p2a: Archaludon|18/100
|-ability|p2a: Archaludon|Stamina|boost
|-boost|p2a: Archaludon|def|1
|-damage|p1b: Flamigo|75/100|[from] Recoil
|move|p1a: Baxcalibur|Scale Shot|p2a: Archaludon
|-damage|p2a: Archaludon|12/100
|-ability|p2a: Archaludon|Stamina|boost
|-boost|p2a: Archaludon|def|1
|-damage|p2a: Archaludon|7/100
|-ability|p2a: Archaludon|Stamina|boost
|-boost|p2a: Archaludon|def|1
|-damage|p2a: Archaludon|4/100
|-ability|p2a: Archaludon|Stamina|boost
|-boost|p2a: Archaludon|def|1
|-damage|p2a: Archaludon|0 fnt
|faint|p2a: Archaludon
|-hitcount|p2: Archaludon|4
|-unboost|p1a: Baxcalibur|def|1
|-boost|p1a: Baxcalibur|spe|1
|
|-weather|RainDance|[upkeep]
|upkeep
|
|t:|1755721845
|switch|p2a: Dragonite|Dragonite, L50, M|100/100
|turn|4
|
|t:|1755721861
|switch|p1b: Maushold|Maushold-Four, L50|100/100
|move|p2a: Dragonite|Extreme Speed|p1b: Maushold
|-damage|p1b: Maushold|56/100
|move|p1a: Baxcalibur|Icicle Spear|p2a: Dragonite
|-supereffective|p2a: Dragonite
|-damage|p2a: Dragonite|67/100
|-supereffective|p2a: Dragonite
|-damage|p2a: Dragonite|0 fnt
|faint|p2a: Dragonite
|-hitcount|p2: Dragonite|2
|move|p2b: Pelipper|Hurricane|p1a: Baxcalibur
|-damage|p1a: Baxcalibur|21/100
|
|-weather|RainDance|[upkeep]
|upkeep
|
|t:|1755721866
|switch|p2a: Sinistcha|Sinistcha, L50|100/100
|turn|5
|-message|Fenozi forfeited.
|
|win|Wo0oorthy
|raw|Wo0oorthy's rating: 1154 → 1186(+32 for winning)
|raw|Fenozi's rating: 1247 → 1215(-32 for losing)
|l|☆Wo0oorthy
|player|p1|
