|j|☆papucaru
|j|☆leonidos1
|html|papucaruleonidos1    
|uhtml|bestof|Game 2 of a best-of-3
|t:|1783207420
|gametype|doubles
|player|p1|papucaru|169|1136
|player|p2|leonidos1|cynthia|1177
|gen|9
|tier|[Gen 9 Champions] VGC 2026 Reg M-B (Bo3)
|rated|
|rule|Species Clause: Limit one of each Pokémon
|rule|Item Clause: Limit 1 of each item
|clearpoke
|poke|p1|Blastoise, L50, M|
|poke|p1|Slowking-Galar, L50, M|
|poke|p1|Pelipper, L50, F|
|poke|p1|Archaludon, L50, F|
|poke|p1|Kingambit, L50, M|
|poke|p1|Sylveon, L50, M|
|poke|p2|Charizard, L50, F|
|poke|p2|Incineroar, L50, M|
|poke|p2|Garchomp, L50, F|
|poke|p2|Farigiraf, L50, F|
|poke|p2|Sylveon, L50, M|
|poke|p2|Venusaur, L50, F|
|teampreview|4
|showteam|p1|Blastoise||Blastoisinite|Torrent|Protect,FakeOut,WaterSpout,AuraSphere|Modest||M|||50|]Slowking-Galar||MentalHerb|Regenerator|TrickRoom,RainDance,AcidSpray,HealPulse|Relaxed||M|||50|]Pelipper||SitrusBerry|Drizzle|WeatherBall,Uturn,Hurricane,Tailwind|Modest||F|||50|]Archaludon||DragonFang|Sturdy|Protect,DracoMeteor,SteelBeam,ElectroShot|Modest||F|||50|]Kingambit||BlackGlasses|Defiant|Protect,SwordsDance,KowtowCleave,SuckerPunch|Brave||M|||50|]Sylveon||FairyFeather|Pixilate|Detect,QuickAttack,HyperVoice,Psyshock|Modest||M|||50|
|showteam|p2|Charizard||CharizarditeY|Blaze|WeatherBall,HeatWave,SolarBeam,Protect|Modest||F|||50|]Incineroar||SitrusBerry|Intimidate|FakeOut,FlareBlitz,DarkestLariat,PartingShot|Adamant||M|||50|]Garchomp||LifeOrb|RoughSkin|DragonClaw,RockSlide,Earthquake,Protect|Jolly||F|||50|]Farigiraf||ColburBerry|ArmorTail|TwinBeam,Thunderbolt,HelpingHand,TrickRoom|Sassy||F|||50|]Sylveon||FairyFeather|Pixilate|HyperVoice,HyperBeam,QuickAttack,Protect|Quiet||M|||50|]Venusaur||FocusSash|Chlorophyll|SleepPowder,EnergyBall,SludgeBomb,Protect|Modest||F|||50|
|
|t:|1783207457
|teamsize|p1|4
|teamsize|p2|4
|start
|switch|p1a: Blastoise|Blastoise, L50, M|100/100
|switch|p1b: Kingambit|Kingambit, L50, M|100/100
|switch|p2a: Charizard|Charizard, L50, F|100/100
|switch|p2b: Farigiraf|Farigiraf, L50, F|100/100
|turn|1
|
|t:|1783207486
|detailschange|p2a: Charizard|Charizard-Mega-Y, L50, F
|-mega|p2a: Charizard|Charizard|Charizardite Y
|-weather|SunnyDay|[from] ability: Drought|[of] p2a: Charizard
|detailschange|p1a: Blastoise|Blastoise-Mega, L50, M
|-mega|p1a: Blastoise|Blastoise|Blastoisinite
|move|p1a: Blastoise|Protect|p1a: Blastoise
|-singleturn|p1a: Blastoise|Protect
|move|p1b: Kingambit|Protect|p1b: Kingambit
|-singleturn|p1b: Kingambit|Protect
|move|p2a: Charizard|Weather Ball|p1b: Kingambit
|-activate|p1b: Kingambit|move: Protect
|move|p2b: Farigiraf|Thunderbolt|p1a: Blastoise
|-activate|p1a: Blastoise|move: Protect
|
|-weather|SunnyDay|[upkeep]
|upkeep
|turn|2
|
|t:|1783207515
|switch|p2a: Sylveon|Sylveon, L50, M|100/100
|switch|p1a: Pelipper|Pelipper, L50, F|100/100
|-weather|RainDance|[from] ability: Drizzle|[of] p1a: Pelipper
|move|p2b: Farigiraf|Thunderbolt|p1b: Kingambit
|-damage|p1b: Kingambit|77/100
|move|p1b: Kingambit|Kowtow Cleave|p2b: Farigiraf
|-supereffective|p2b: Farigiraf|1
|-enditem|p2b: Farigiraf|Colbur Berry|[eat]
|-enditem|p2b: Farigiraf|Colbur Berry|[weaken]
|-damage|p2b: Farigiraf|42/100
|
|-weather|RainDance|[upkeep]
|upkeep
|turn|3
|
|t:|1783207567
|switch|p2b: Garchomp|Garchomp, L50, F|100/100
|move|p1a: Pelipper|U-turn|p2b: Garchomp
|-damage|p2b: Garchomp|90/100
|-damage|p1a: Pelipper|87/100|[from] ability: Rough Skin|[of] p2b: Garchomp
|
|t:|1783207575
|switch|p1a: Blastoise|Blastoise-Mega, L50, M|100/100|[from] U-turn
|move|p2a: Sylveon|Hyper Voice|p1a: Blastoise|[spread] p1a,p1b
|-damage|p1a: Blastoise|58/100
|-damage|p1b: Kingambit|26/100
|move|p1b: Kingambit|Kowtow Cleave|p2b: Garchomp
|-damage|p2b: Garchomp|26/100
|-damage|p1b: Kingambit|14/100|[from] ability: Rough Skin|[of] p2b: Garchomp
|
|-weather|RainDance|[upkeep]
|upkeep
|turn|4
|
|t:|1783207621
|switch|p2b: Charizard|Charizard-Mega-Y, L50, F|100/100
|-weather|SunnyDay|[from] ability: Drought|[of] p2b: Charizard
|move|p1b: Kingambit|Protect|p1b: Kingambit
|-singleturn|p1b: Kingambit|Protect
|move|p1a: Blastoise|Aura Sphere|p2b: Charizard
|-resisted|p2b: Charizard|1
|-damage|p2b: Charizard|76/100
|move|p2a: Sylveon|Hyper Voice|p1a: Blastoise|[spread] p1a
|-activate|p1b: Kingambit|move: Protect
|-damage|p1a: Blastoise|18/100
|
|-weather|SunnyDay|[upkeep]
|upkeep
|turn|5
|
|t:|1783207660
|switch|p1a: Pelipper|Pelipper, L50, F|87/100
|-weather|RainDance|[from] ability: Drizzle|[of] p1a: Pelipper
|switch|p2a: Farigiraf|Farigiraf, L50, F|42/100
|move|p1b: Kingambit|Sucker Punch||[still]
|cant|p2a: Farigiraf|ability: Armor Tail|Sucker Punch|[of] p1b: Kingambit
|move|p2b: Charizard|Weather Ball|p1a: Pelipper
|-resisted|p1a: Pelipper|1
|-crit|p1a: Pelipper
|-damage|p1a: Pelipper|23/100
|-enditem|p1a: Pelipper|Sitrus Berry|[eat]
|-heal|p1a: Pelipper|48/100|[from] item: Sitrus Berry
|
|-weather|RainDance|[upkeep]
|upkeep
|turn|6
|
|t:|1783207681
|move|p2a: Farigiraf|Helping Hand|p2b: Charizard
|-singleturn|p2b: Charizard|Helping Hand|[of] p2a: Farigiraf
|move|p2b: Charizard|Heat Wave|p1a: Pelipper|[spread] p1a,p1b
|-resisted|p1a: Pelipper|1
|-supereffective|p1b: Kingambit|1
|-damage|p1a: Pelipper|24/100
|-damage|p1b: Kingambit|0 fnt
|faint|p1b: Kingambit
|move|p1a: Pelipper|Tailwind|p1a: Pelipper
|-sidestart|p1: papucaru|move: Tailwind
|
|-weather|RainDance|[upkeep]
|upkeep
|
|t:|1783207693
|switch|p1b: Archaludon|Archaludon, L50, F|100/100
|turn|7
|inactive|Battle timer is ON: inactive players will automatically lose when time's up. (requested by papucaru)
|
|t:|1783207744
|switch|p2b: Garchomp|Garchomp, L50, F|26/100
|move|p1b: Archaludon|Draco Meteor|p2b: Garchomp
|-supereffective|p2b: Garchomp|1
|-damage|p2b: Garchomp|0 fnt
|-unboost|p1b: Archaludon|spa|2
|faint|p2b: Garchomp
|move|p1a: Pelipper|U-turn|p2a: Farigiraf
|-supereffective|p2a: Farigiraf|1
|-damage|p2a: Farigiraf|25/100
|
|t:|1783207754
|switch|p1a: Blastoise|Blastoise-Mega, L50, M|18/100|[from] U-turn
|move|p2a: Farigiraf|Trick Room|p2a: Farigiraf
|-fieldstart|move: Trick Room|[of] p2a: Farigiraf
|
|-weather|RainDance|[upkeep]
|upkeep
|
|t:|1783207759
|switch|p2b: Charizard|Charizard-Mega-Y, L50, F|76/100
|-weather|SunnyDay|[from] ability: Drought|[of] p2b: Charizard
|turn|8
|
|t:|1783207769
|switch|p1a: Pelipper|Pelipper, L50, F|24/100
|-weather|RainDance|[from] ability: Drizzle|[of] p1a: Pelipper
|move|p2a: Farigiraf|Thunderbolt|p1a: Pelipper
|-supereffective|p1a: Pelipper|2
|-crit|p1a: Pelipper
|-damage|p1a: Pelipper|0 fnt
|faint|p1a: Pelipper
|move|p2b: Charizard|Weather Ball|p1b: Archaludon
|-resisted|p1b: Archaludon|1
|-damage|p1b: Archaludon|52/100
|move|p1b: Archaludon|Electro Shot||[still]
|-prepare|p1b: Archaludon|Electro Shot
|-boost|p1b: Archaludon|spa|1
|-anim|p1b: Archaludon|Electro Shot|p2b: Charizard
|-supereffective|p2b: Charizard|1
|-damage|p2b: Charizard|19/100
|
|-weather|RainDance|[upkeep]
|upkeep
|
|t:|1783207785
|switch|p1a: Blastoise|Blastoise-Mega, L50, M|18/100
|turn|9
|
|t:|1783207798
|switch|p2b: Sylveon|Sylveon, L50, M|100/100
|move|p1a: Blastoise|Protect|p1a: Blastoise
|-singleturn|p1a: Blastoise|Protect
|move|p1b: Archaludon|Protect|p1b: Archaludon
|-singleturn|p1b: Archaludon|Protect
|move|p2a: Farigiraf|Thunderbolt|p1a: Blastoise
|-activate|p1a: Blastoise|move: Protect
|
|-weather|RainDance|[upkeep]
|-sideend|p1: papucaru|move: Tailwind
|upkeep
|turn|10
|
|t:|1783207821
|move|p2a: Farigiraf|Helping Hand|p2b: Sylveon
|-singleturn|p2b: Sylveon|Helping Hand|[of] p2a: Farigiraf
|move|p2b: Sylveon|Hyper Voice|p1b: Archaludon|[spread] p1a,p1b
|-damage|p1a: Blastoise|0 fnt
|-damage|p1b: Archaludon|0 fnt
|faint|p1a: Blastoise
|faint|p1b: Archaludon
|
|win|leonidos1
||papucaru is ready for game 3.
||leonidos1 is ready for game 3.
|uhtml|next|Next: Game 3 of 3
