|j|☆randomsnore_gam
|j|‽lemons2738
|html|randomsnore_gamlemons2738    
|uhtml|bestof|Game 1 of a best-of-3
|t:|1784596791
|gametype|doubles
|player|p1|randomsnore_gam|chili|1273
|player|p2|lemons2738|benga|1299
|gen|9
|tier|[Gen 9 Champions] VGC 2026 Reg M-B (Bo3)
|rated|
|rule|Species Clause: Limit one of each Pokémon
|rule|Item Clause: Limit 1 of each item
|clearpoke
|poke|p1|Chandelure, L50, F|
|poke|p1|Whimsicott, L50, M|
|poke|p1|Rotom-Wash, L50|
|poke|p1|Garchomp, L50, F|
|poke|p1|Annihilape, L50, F|
|poke|p1|Kingambit, L50, M|
|poke|p2|Garchomp, L50, M|
|poke|p2|Charizard, L50, M|
|poke|p2|Sylveon, L50, M|
|poke|p2|Toxapex, L50, F|
|poke|p2|Incineroar, L50, F|
|poke|p2|Annihilape, L50, F|
|teampreview|4
|showteam|p1|Chandelure||Chandelurite|FlashFire|HeatWave,ShadowBall,EnergyBall,Protect|Modest||F|||50|]Whimsicott||FairyFeather|Prankster|Moonblast,Tailwind,Encore,Protect|Timid||M|||50|]Rotom-Wash||Leftovers|Levitate|HydroPump,VoltSwitch,WillOWisp,Protect|Calm|||||50|]Garchomp||LifeOrb|RoughSkin|StompingTantrum,DragonClaw,RockSlide,Protect|Jolly||F|||50|]Annihilape||ChoiceScarf|Defiant|CloseCombat,PhantomForce,Coaching,SeedBomb|Jolly||F|||50|]Kingambit||FocusSash|Defiant|SuckerPunch,KowtowCleave,IronHead,Protect|Adamant||M|||50|
|showteam|p2|Garchomp||LifeOrb|SandVeil|DragonClaw,StompingTantrum,RockSlide,Protect|Jolly||M|||50|]Charizard||CharizarditeY|Blaze|HeatWave,WeatherBall,SolarBeam,Protect|Modest||M|||50|]Sylveon||FairyFeather|Pixilate|Moonblast,HyperVoice,Yawn,Detect|Modest||M|||50|]Toxapex||Leftovers|Regenerator|Infestation,Toxic,WideGuard,BanefulBunker|Bold||F|||50|]Incineroar||SitrusBerry|Intimidate|FakeOut,FlareBlitz,DarkestLariat,PartingShot|Impish||F|||50|]Annihilape||FocusSash|Defiant|CloseCombat,PhantomForce,RockTomb,Protect|Jolly||F|||50|
|inactive|Battle timer is ON: inactive players will automatically lose when time's up. (requested by lemons2738)
|inactive|randomsnore_gam also wants the timer to be on.
|inactive|randomsnore_gam has 60 seconds left.
|inactive|lemons2738 has 60 seconds left.
|inactive|randomsnore_gam has 30 seconds left.
|
|t:|1784596857
|teamsize|p1|4
|teamsize|p2|4
|start
|switch|p1a: Woah...|Chandelure, L50, F|100/100
|switch|p1b: Washing|Rotom-Wash, L50|100/100
|switch|p2a: Garchomp|Garchomp, L50, M|100/100
|switch|p2b: Sylveon|Sylveon, L50, M|100/100
|turn|1
|
|t:|1784596873
|move|p1a: Woah...|Protect|p1a: Woah...
|-singleturn|p1a: Woah...|Protect
|move|p2a: Garchomp|Stomping Tantrum|p1a: Woah...
|-activate|p1a: Woah...|move: Protect
|move|p1b: Washing|Volt Switch|p2b: Sylveon
|-damage|p2b: Sylveon|80/100
|
|t:|1784596885
|switch|p1b: CHOMP CHOMP!|Garchomp, L50, F|100/100|[from] Volt Switch
|move|p2b: Sylveon|Yawn|p1b: CHOMP CHOMP!
|-start|p1b: CHOMP CHOMP!|move: Yawn|[of] p2b: Sylveon
|
|upkeep
|turn|2
|
|t:|1784596900
|switch|p1b: Washing|Rotom-Wash, L50|100/100
|detailschange|p1a: Woah...|Chandelure-Mega, L50, F
|-mega|p1a: Woah...|Chandelure|Chandelurite
|move|p2a: Garchomp|Protect|p2a: Garchomp
|-singleturn|p2a: Garchomp|Protect
|move|p1a: Woah...|Heat Wave|p2a: Garchomp|[spread] p2b
|-activate|p2a: Garchomp|move: Protect
|-crit|p2b: Sylveon
|-damage|p2b: Sylveon|26/100
|move|p2b: Sylveon|Hyper Voice|p1a: Woah...|[spread] p1a,p1b
|-resisted|p1a: Woah...|1
|-crit|p1a: Woah...
|-damage|p1a: Woah...|64/100
|-damage|p1b: Washing|61/100
|
|-heal|p1b: Washing|67/100|[from] item: Leftovers
|upkeep
|turn|3
|
|t:|1784596921
|switch|p2a: Charizard|Charizard, L50, M|100/100
|switch|p1a: CHOMP CHOMP!|Garchomp, L50, F|100/100
|move|p1b: Washing|Will-O-Wisp|p2a: Charizard|[miss]
|-miss|p1b: Washing|p2a: Charizard
|move|p2b: Sylveon|Yawn|p1a: CHOMP CHOMP!
|-start|p1a: CHOMP CHOMP!|move: Yawn|[of] p2b: Sylveon
|
|-heal|p1b: Washing|73/100|[from] item: Leftovers
|upkeep
|turn|4
|
|t:|1784596929
|switch|p1a: Woah...|Chandelure-Mega, L50, F|64/100
|move|p2a: Charizard|Protect|p2a: Charizard
|-singleturn|p2a: Charizard|Protect
|move|p1b: Washing|Hydro Pump|p2b: Sylveon|[miss]
|-miss|p1b: Washing|p2b: Sylveon
|move|p2b: Sylveon|Yawn|p1b: Washing
|-start|p1b: Washing|move: Yawn|[of] p2b: Sylveon
|
|-heal|p1b: Washing|78/100|[from] item: Leftovers
|upkeep
|turn|5
|
|t:|1784596943
|detailschange|p2a: Charizard|Charizard-Mega-Y, L50, M
|-mega|p2a: Charizard|Charizard|Charizardite Y
|-weather|SunnyDay|[from] ability: Drought|[of] p2a: Charizard
|move|p2a: Charizard|Weather Ball|p1a: Woah...
|-resisted|p1a: Woah...|1
|-damage|p1a: Woah...|17/100
|move|p1a: Woah...|Heat Wave|p2b: Sylveon|[spread] p2a,p2b
|-resisted|p2a: Charizard|1
|-damage|p2a: Charizard|70/100
|-damage|p2b: Sylveon|0 fnt
|faint|p2b: Sylveon
|move|p1b: Washing|Volt Switch|p2a: Charizard
|-supereffective|p2a: Charizard|1
|-damage|p2a: Charizard|23/100
|
|t:|1784596953
|switch|p1b: F u swamps|Annihilape, L50, F|100/100|[from] Volt Switch
|
|-weather|SunnyDay|[upkeep]
|upkeep
|
|t:|1784596957
|switch|p2b: Toxapex|Toxapex, L50, F|100/100
|turn|6
|
|t:|1784596978
|move|p1b: F u swamps|Phantom Force||[still]
|-prepare|p1b: F u swamps|Phantom Force
|move|p2a: Charizard|Heat Wave|p1a: Woah...|[spread] p1a
|-miss|p2a: Charizard|p1b: F u swamps
|-resisted|p1a: Woah...|1
|-damage|p1a: Woah...|0 fnt
|faint|p1a: Woah...
|move|p2b: Toxapex|Infestation|p1b: F u swamps|[miss]
|-miss|p2b: Toxapex|p1b: F u swamps
|
|-weather|SunnyDay|[upkeep]
|upkeep
|
|t:|1784596984
|switch|p1a: CHOMP CHOMP!|Garchomp, L50, F|100/100
|turn|7
|
|t:|1784597001
|move|p2b: Toxapex|Wide Guard|p2b: Toxapex
|-singleturn|p2b: Toxapex|Wide Guard
|move|p1b: F u swamps|Phantom Force|p2b: Toxapex|[from] lockedmove
|-activate|p2b: Toxapex|move: Phantom Force|[broken]
|-damage|p2b: Toxapex|68/100
|move|p1a: CHOMP CHOMP!|Stomping Tantrum|p2b: Toxapex
|-supereffective|p2b: Toxapex|1
|-damage|p2b: Toxapex|0 fnt
|faint|p2b: Toxapex
|-damage|p1a: CHOMP CHOMP!|90/100|[from] item: Life Orb
|move|p2a: Charizard|Weather Ball|p1b: F u swamps
|-damage|p1b: F u swamps|10/100
|
|-weather|SunnyDay|[upkeep]
|upkeep
|
|t:|1784597018
|switch|p2b: Garchomp|Garchomp, L50, M|100/100
|turn|8
|
|t:|1784597026
|move|p1a: CHOMP CHOMP!|Protect|p1a: CHOMP CHOMP!
|-singleturn|p1a: CHOMP CHOMP!|Protect
|move|p1b: F u swamps|Phantom Force||[still]
|-prepare|p1b: F u swamps|Phantom Force
|move|p2b: Garchomp|Dragon Claw|p1a: CHOMP CHOMP!
|-activate|p1a: CHOMP CHOMP!|move: Protect
|move|p2a: Charizard|Solar Beam||[still]
|-prepare|p2a: Charizard|Solar Beam
|-anim|p2a: Charizard|Solar Beam|p1a: CHOMP CHOMP!
|-activate|p1a: CHOMP CHOMP!|move: Protect
|
|-weather|SunnyDay|[upkeep]
|upkeep
|turn|9
|
|t:|1784597032
|switch|p1a: Washing|Rotom-Wash, L50|78/100
|move|p1b: F u swamps|Phantom Force|p2a: Charizard|[from] lockedmove
|-damage|p2a: Charizard|0 fnt
|faint|p2a: Charizard
|move|p2b: Garchomp|Dragon Claw|p1a: Washing
|-damage|p1a: Washing|21/100
|-damage|p2b: Garchomp|90/100|[from] item: Life Orb
|
|-weather|none
|-heal|p1a: Washing|27/100|[from] item: Leftovers
|upkeep
|turn|10
|
|t:|1784597046
|move|p1b: F u swamps|Phantom Force||[still]
|-prepare|p1b: F u swamps|Phantom Force
|move|p2b: Garchomp|Dragon Claw|p1a: Washing
|-damage|p1a: Washing|0 fnt
|faint|p1a: Washing
|-damage|p2b: Garchomp|80/100|[from] item: Life Orb
|
|upkeep
|
|t:|1784597049
|switch|p1a: CHOMP CHOMP!|Garchomp, L50, F|90/100
|turn|11
|
|t:|1784597058
|move|p1b: F u swamps|Phantom Force|p2b: Garchomp|[from] lockedmove
|-damage|p2b: Garchomp|32/100
|move|p2b: Garchomp|Dragon Claw|p1a: CHOMP CHOMP!
|-supereffective|p1a: CHOMP CHOMP!|1
|-damage|p1a: CHOMP CHOMP!|0 fnt
|-damage|p2b: Garchomp|20/100y|[from] ability: Rough Skin|[of] p1a: CHOMP CHOMP!
|faint|p1a: CHOMP CHOMP!
|-damage|p2b: Garchomp|10/100|[from] item: Life Orb
|
|upkeep
|turn|12
|
|t:|1784597064
|move|p1b: F u swamps|Phantom Force||[still]
|-prepare|p1b: F u swamps|Phantom Force
|move|p2b: Garchomp|Dragon Claw|p1b: F u swamps|[miss]
|-miss|p2b: Garchomp|p1b: F u swamps
|
|upkeep
|turn|13
|
|t:|1784597067
|move|p1b: F u swamps|Phantom Force|p2b: Garchomp|[from] lockedmove
|-damage|p2b: Garchomp|0 fnt
|faint|p2b: Garchomp
|
|win|randomsnore_gam
||lemons2738 is ready for game 2.
||randomsnore_gam is ready for game 2.
|uhtml|next|Next: Game 2 of 3
