|j|☆ZekromZeke
|j|☆Bytev24
|html|ZekromZekeBytev24    
|uhtml|bestof|Game 3 of a best-of-3
|t:|1782768009
|gametype|doubles
|player|p1|ZekromZeke|#smogonxnpa2026draftee|
|player|p2|Bytev24|#smogonxnpa2026draftee|
|gen|9
|tier|[Gen 9 Champions] VGC 2026 Reg M-B (Bo3)
|rule|Species Clause: Limit one of each Pokémon
|rule|Item Clause: Limit 1 of each item
|clearpoke
|poke|p1|Venusaur, L50, F, shiny|
|poke|p1|Grimmsnarl, L50, M|
|poke|p1|Pelipper, L50, F, shiny|
|poke|p1|Archaludon, L50, F|
|poke|p1|Swampert, L50, M|
|poke|p1|Hydreigon, L50, M|
|poke|p2|Floette-Eternal, L50, F|
|poke|p2|Delphox, L50, M|
|poke|p2|Incineroar, L50, M|
|poke|p2|Kingambit, L50, F|
|poke|p2|Sneasler, L50, F|
|poke|p2|Sinistcha, L50|
|teampreview|4
|showteam|p1|Venusaur||Venusaurite|Chlorophyll|Protect,SludgeBomb,GigaDrain,EarthPower|Modest||F|||50|]Grimmsnarl||LightClay|Prankster|SpiritBreak,Reflect,LightScreen,PartingShot|Careful||M|||50|]Pelipper||SitrusBerry|Drizzle|Hurricane,WeatherBall,Tailwind,WideGuard|Modest||F|||50|]Archaludon||Leftovers|Stamina|Protect,ElectroShot,DragonPulse,FlashCannon|Modest||F|||50|]Swampert||Swampertite|Torrent|Protect,WaveCrash,Earthquake,IcePunch|Adamant||M|||50|]Hydreigon||ChoiceScarf|Levitate|DarkPulse,Snarl,DracoMeteor,HeatWave|Modest||M|||50|
|showteam|p2|Floette-Eternal||Floettite|FlowerVeil|Moonblast,DazzlingGleam,CalmMind,Protect|Modest||F|||50|]Delphox||Delphoxite|Blaze|HeatWave,Psyshock,NastyPlot,Protect|Timid||M|||50|]Incineroar||SitrusBerry|Intimidate|FlareBlitz,ThroatChop,PartingShot,FakeOut|Careful||M|||50|]Kingambit||BlackGlasses|Defiant|KowtowCleave,SuckerPunch,SwordsDance,Protect|Adamant||F|||50|]Sneasler||FocusSash|PoisonTouch|CloseCombat,PoisonJab,QuickGuard,FakeOut|Jolly||F|||50|]Sinistcha||KasibBerry|Hospitality|MatchaGotcha,RagePowder,TrickRoom,Protect|Bold|||||50|
|j| Sven
|j| Clipperz
|j|+PinkSylvie
|j| Yoshiandlugia
|j| tryingsomethingnew
|j| Helios of Sun
|j| Axior
|j| ParlayPrinceWins
|j| superstar jamie
|j| DubiousVGC
|j| Daneci
|j| Pmc21
|j| frostvg
|j| YOASOBI stan
|l|+PinkSylvie
|j| Triir
|j| Finabas
|l| Finabas
|j| templevgc
|l| Daneci
|j| Justified Joe
|j| azulite_poke
|j| Daneci
|l| Daneci
|j| baaaaat_
|j| Finabas
|j| BusinessPig
|l| Finabas
|
|t:|1782768151
|teamsize|p1|4
|teamsize|p2|4
|start
|switch|p1a: Pelipper|Pelipper, L50, F, shiny|100/100
|switch|p1b: Venusaur|Venusaur, L50, F, shiny|100/100
|switch|p2a: Floette|Floette-Eternal, L50, F|100/100
|switch|p2b: Incineroar|Incineroar, L50, M|100/100
|-ability|p2b: Incineroar|Intimidate|boost
|-unboost|p1a: Pelipper|atk|1
|-unboost|p1b: Venusaur|atk|1
|-weather|RainDance|[from] ability: Drizzle|[of] p1a: Pelipper
|turn|1
|j| Daneci
|j| Finabas
|l| Daneci
|
|t:|1782768204
|detailschange|p2a: Floette|Floette-Mega, L50, F
|-mega|p2a: Floette|Floette|Floettite
|-ability|p2a: Floette|Fairy Aura
|detailschange|p1b: Venusaur|Venusaur-Mega, L50, F, shiny
|-mega|p1b: Venusaur|Venusaur|Venusaurite
|move|p2b: Incineroar|Fake Out|p1b: Venusaur
|-damage|p1b: Venusaur|90/100
|move|p2a: Floette|Calm Mind|p2a: Floette
|-boost|p2a: Floette|spa|1
|-boost|p2a: Floette|spd|1
|cant|p1b: Venusaur|flinch
|move|p1a: Pelipper|Weather Ball|p2a: Floette
|-damage|p2a: Floette|70/100
|
|-weather|RainDance|[upkeep]
|upkeep
|turn|2
|j| LivioVGC
|
|t:|1782768255
|switch|p2b: Sinistcha|Sinistcha, L50|100/100
|-heal|p2a: Floette|95/100|[from] ability: Hospitality|[of] p2b: Sinistcha
|move|p2a: Floette|Moonblast|p1a: Pelipper
|-damage|p1a: Pelipper|0 fnt
|faint|p1a: Pelipper
|move|p1b: Venusaur|Sludge Bomb|p2a: Floette
|-supereffective|p2a: Floette|1
|-damage|p2a: Floette|42/100
|-status|p2a: Floette|psn
|
|-weather|RainDance|[upkeep]
|-damage|p2a: Floette|30/100 psn|[from] psn
|upkeep
|l| Justified Joe
|
|t:|1782768304
|switch|p1a: Archaludon|Archaludon, L50, F|100/100
|turn|3
|j| Daneci
|j| Bigrokof
|j| Justified Joe
|l| Finabas
|c| Bigrokof|damn whole lobby watching this
|l| Daneci
|j| Flaniwali
|j| Finabas
|
|t:|1782768373
|switch|p2b: Incineroar|Incineroar, L50, M|100/100
|-ability|p2b: Incineroar|Intimidate|boost
|-unboost|p1a: Archaludon|atk|1
|-unboost|p1b: Venusaur|atk|1
|move|p2a: Floette|Protect|p2a: Floette
|-singleturn|p2a: Floette|Protect
|move|p1b: Venusaur|Earth Power|p2b: Incineroar
|-supereffective|p2b: Incineroar|1
|-damage|p2b: Incineroar|46/100
|-enditem|p2b: Incineroar|Sitrus Berry|[eat]
|-heal|p2b: Incineroar|71/100|[from] item: Sitrus Berry
|move|p1a: Archaludon|Electro Shot||[still]
|-prepare|p1a: Archaludon|Electro Shot
|-boost|p1a: Archaludon|spa|1
|-anim|p1a: Archaludon|Electro Shot|p2b: Incineroar
|-damage|p2b: Incineroar|21/100
|
|-weather|RainDance|[upkeep]
|-damage|p2a: Floette|18/100 psn|[from] psn
|upkeep
|turn|4
|j| Daneci
|
|t:|1782768421
|move|p1a: Archaludon|Protect|p1a: Archaludon
|-singleturn|p1a: Archaludon|Protect
|move|p2b: Incineroar|Fake Out|p1b: Venusaur
|-crit|p1b: Venusaur
|-damage|p1b: Venusaur|76/100
|move|p2a: Floette|Moonblast|p1a: Archaludon
|-activate|p1a: Archaludon|move: Protect
|cant|p1b: Venusaur|flinch
|
|-weather|RainDance|[upkeep]
|-damage|p2a: Floette|5/100 psn|[from] psn
|upkeep
|turn|5
|
|t:|1782768439
|switch|p2b: Sinistcha|Sinistcha, L50|100/100
|-heal|p2a: Floette|30/100 psn|[from] ability: Hospitality|[of] p2b: Sinistcha
|move|p1a: Archaludon|Protect|p1a: Archaludon
|-singleturn|p1a: Archaludon|Protect
|move|p2a: Floette|Moonblast|p1a: Archaludon
|-activate|p1a: Archaludon|move: Protect
|move|p1b: Venusaur|Sludge Bomb|p2a: Floette
|-supereffective|p2a: Floette|1
|-damage|p2a: Floette|0 fnt
|faint|p2a: Floette
|
|-weather|none
|upkeep
|l| superstar jamie
|
|t:|1782768450
|switch|p2a: Kingambit|Kingambit, L50, F|100/100
|turn|6
|
|t:|1782768466
|switch|p1a: Hydreigon|Hydreigon, L50, M|100/100
|switch|p2b: Incineroar|Incineroar, L50, M|21/100
|-ability|p2b: Incineroar|Intimidate|boost
|-unboost|p1a: Hydreigon|atk|1
|-unboost|p1b: Venusaur|atk|1
|move|p1b: Venusaur|Earth Power|p2a: Kingambit
|-supereffective|p2a: Kingambit|1
|-damage|p2a: Kingambit|37/100
|move|p2a: Kingambit|Swords Dance|p2a: Kingambit
|-boost|p2a: Kingambit|atk|2
|
|upkeep
|turn|7
|l| Pmc21
|
|t:|1782768500
|move|p2a: Kingambit|Protect|p2a: Kingambit
|-singleturn|p2a: Kingambit|Protect
|move|p1a: Hydreigon|Heat Wave|p2a: Kingambit|[spread] p2b
|-activate|p2a: Kingambit|move: Protect
|-resisted|p2b: Incineroar|1
|-damage|p2b: Incineroar|11/100
|move|p1b: Venusaur|Earth Power|p2a: Kingambit
|-activate|p2a: Kingambit|move: Protect
|move|p2b: Incineroar|Parting Shot|p1a: Hydreigon
|-unboost|p1a: Hydreigon|atk|1
|-unboost|p1a: Hydreigon|spa|1
|l| Daneci
|
|t:|1782768509
|switch|p2b: Sinistcha|Sinistcha, L50|100/100|[from] Parting Shot
|-heal|p2a: Kingambit|61/100|[from] ability: Hospitality|[of] p2b: Sinistcha
|
|upkeep
|turn|8
|j| DarkJorch
|
|t:|1782768530
|move|p2a: Kingambit|Sucker Punch|p1b: Venusaur
|-damage|p1b: Venusaur|0 fnt
|faint|p1b: Venusaur
|move|p1a: Hydreigon|Heat Wave|p2a: Kingambit|[spread] p2a,p2b
|-supereffective|p2a: Kingambit|1
|-supereffective|p2b: Sinistcha|1
|-damage|p2a: Kingambit|27/100
|-damage|p2b: Sinistcha|64/100
|move|p2b: Sinistcha|Trick Room|p2b: Sinistcha
|-fieldstart|move: Trick Room|[of] p2b: Sinistcha
|
|upkeep
|
|t:|1782768538
|switch|p1b: Archaludon|Archaludon, L50, F|100/100
|turn|9
|
|t:|1782768562
|switch|p2b: Incineroar|Incineroar, L50, M|11/100
|-ability|p2b: Incineroar|Intimidate|boost
|-unboost|p1a: Hydreigon|atk|1
|-unboost|p1b: Archaludon|atk|1
|move|p2a: Kingambit|Protect|p2a: Kingambit
|-singleturn|p2a: Kingambit|Protect
|move|p1b: Archaludon|Dragon Pulse|p2b: Incineroar
|-damage|p2b: Incineroar|0 fnt
|faint|p2b: Incineroar
|move|p1a: Hydreigon|Heat Wave|p2a: Kingambit
|-activate|p2a: Kingambit|move: Protect
|
|upkeep
|
|t:|1782768565
|switch|p2b: Sinistcha|Sinistcha, L50|64/100
|-heal|p2a: Kingambit|51/100|[from] ability: Hospitality|[of] p2b: Sinistcha
|turn|10
|
|t:|1782768587
|move|p2b: Sinistcha|Rage Powder|p2b: Sinistcha
|-singleturn|p2b: Sinistcha|move: Rage Powder
|move|p2a: Kingambit|Swords Dance|p2a: Kingambit
|-boost|p2a: Kingambit|atk|2
|move|p1b: Archaludon|Dragon Pulse|p2b: Sinistcha
|-damage|p2b: Sinistcha|25/100
|move|p1a: Hydreigon|Heat Wave|p2a: Kingambit|[spread] p2a,p2b
|-supereffective|p2a: Kingambit|1
|-supereffective|p2b: Sinistcha|1
|-damage|p2a: Kingambit|17/100
|-damage|p2b: Sinistcha|0 fnt
|faint|p2b: Sinistcha
|
|upkeep
|turn|11
|
|t:|1782768602
|move|p2a: Kingambit|Kowtow Cleave|p1b: Archaludon
|-damage|p1b: Archaludon|0 fnt
|faint|p1b: Archaludon
|move|p1a: Hydreigon|Heat Wave|p2a: Kingambit
|-supereffective|p2a: Kingambit|1
|-damage|p2a: Kingambit|0 fnt
|faint|p2a: Kingambit
|
|win|ZekromZeke
|c|☆Bytev24|Ggs
|l| tryingsomethingnew
|c|☆ZekromZeke|Ggs
|l| Finabas
|l| frostvg
|l| Helios of Sun
|l| Flaniwali
|l| LivioVGC
|l| Yoshiandlugia
|l| DubiousVGC
|l| DarkJorch
|l|☆Bytev24
|player|p2|
|l| YOASOBI stan
|l| baaaaat_
|l| ParlayPrinceWins
|j| Helios of Sun
|l|☆ZekromZeke
|player|p1|
|l| Triir
|l| Axior
|j|☆Bytev24
|player|p2|Bytev24|#smogonxnpa2026draftee|
