|j|☆peparro
|j|☆eviovulpix
|html|peparroeviovulpix    
|uhtml|bestof|Game 1 of a best-of-3
|t:|1783329960
|gametype|doubles
|player|p1|peparro|byron|1161
|player|p2|eviovulpix|265|1183
|gen|9
|tier|[Gen 9 Champions] VGC 2026 Reg M-B (Bo3)
|rated|
|rule|Species Clause: Limit one of each Pokémon
|rule|Item Clause: Limit 1 of each item
|clearpoke
|poke|p1|Charizard, L50, F|
|poke|p1|Garchomp, L50, F|
|poke|p1|Grimmsnarl, L50, M|
|poke|p1|Sneasler, L50, F|
|poke|p1|Metagross, L50|
|poke|p1|Sinistcha, L50|
|poke|p2|Hydreigon, L50, M|
|poke|p2|Ninetales-Alola, L50, F|
|poke|p2|Metagross, L50|
|poke|p2|Sneasler, L50, F|
|poke|p2|Volcarona, L50, M|
|poke|p2|Milotic, L50, M|
|teampreview|4
|showteam|p1|Charizard||CharizarditeY|SolarPower|WeatherBall,Protect,HeatWave,SolarBeam|Bold||F|||50|]Garchomp||LifeOrb|RoughSkin|Earthquake,DragonClaw,RockTomb,Protect|Jolly||F|||50|]Grimmsnarl||LightClay|Prankster|Reflect,LightScreen,PartingShot,FoulPlay|Careful||M|||50|]Sneasler||WhiteHerb|Unburden|CloseCombat,Protect,FakeOut,DireClaw|Jolly||F|||50|]Metagross||Metagrossite|ClearBody|PsychicFangs,IronHead,Trailblaze,Protect|Adamant|||||50|]Sinistcha||OccaBerry|Hospitality|TrickRoom,MatchaGotcha,RagePowder,Protect|Relaxed|||||50|
|showteam|p2|Hydreigon||ChoiceScarf|Levitate|DracoMeteor,DarkPulse,EarthPower,Flamethrower|Modest||M|||50|]Ninetales-Alola||LightClay|SnowWarning|Protect,Blizzard,FreezeDry,AuroraVeil|Timid||F|||50|]Metagross||Metagrossite|ClearBody|Protect,IronHead,PsychicFangs,StompingTantrum|Adamant|||||50|]Sneasler||WhiteHerb|Unburden|Protect,CloseCombat,DireClaw,FakeOut|Adamant||F|||50|]Volcarona||SitrusBerry|FlameBody|RagePowder,Overheat,StruggleBug,Protect|Bold||M|||50|]Milotic||Leftovers|Competitive|MuddyWater,Coil,Hypnosis,Protect|Calm||M|||50|
|inactive|Battle timer is ON: inactive players will automatically lose when time's up. (requested by peparro)
|inactive|peparro has 60 seconds left.
|inactive|eviovulpix has 60 seconds left.
|
|t:|1783330013
|teamsize|p1|4
|teamsize|p2|4
|start
|switch|p1a: Grimmsnarl|Grimmsnarl, L50, M|100/100
|switch|p1b: Sinistcha|Sinistcha, L50|100/100
|switch|p2a: Hydreigon|Hydreigon, L50, M|100/100
|switch|p2b: Sneasler|Sneasler, L50, F|100/100
|turn|1
|
|t:|1783330030
|move|p1a: Grimmsnarl|Light Screen|p1a: Grimmsnarl
|-sidestart|p1: peparro|move: Light Screen
|move|p2a: Hydreigon|Dark Pulse|p1a: Grimmsnarl
|-resisted|p1a: Grimmsnarl|2
|-damage|p1a: Grimmsnarl|94/100
|move|p2b: Sneasler|Close Combat|p1a: Grimmsnarl
|-damage|p1a: Grimmsnarl|25/100
|-unboost|p2b: Sneasler|def|1
|-unboost|p2b: Sneasler|spd|1
|-enditem|p2b: Sneasler|White Herb
|-clearnegativeboost|p2b: Sneasler|[silent]
|move|p1b: Sinistcha|Trick Room|p1b: Sinistcha
|-fieldstart|move: Trick Room|[of] p1b: Sinistcha
|
|upkeep
|turn|2
|
|t:|1783330047
|switch|p2b: Volcarona|Volcarona, L50, M|100/100
|move|p1b: Sinistcha|Rage Powder|p1b: Sinistcha
|-singleturn|p1b: Sinistcha|move: Rage Powder
|move|p1a: Grimmsnarl|Reflect|p1a: Grimmsnarl
|-sidestart|p1: peparro|Reflect
|move|p2a: Hydreigon|Dark Pulse|p1b: Sinistcha
|-supereffective|p1b: Sinistcha|1
|-damage|p1b: Sinistcha|42/100
|
|upkeep
|turn|3
|
|t:|1783330063
|move|p1b: Sinistcha|Protect|p1b: Sinistcha
|-singleturn|p1b: Sinistcha|Protect
|move|p1a: Grimmsnarl|Parting Shot|p2a: Hydreigon
|-hint|Since gen 7, Dark is immune to Prankster moves.
|-immune|p2a: Hydreigon
|move|p2b: Volcarona|Struggle Bug|p1b: Sinistcha|[spread] p1a
|-activate|p1b: Sinistcha|move: Protect
|-crit|p1a: Grimmsnarl
|-damage|p1a: Grimmsnarl|2/100
|-unboost|p1a: Grimmsnarl|spa|1
|move|p2a: Hydreigon|Dark Pulse|p1b: Sinistcha
|-activate|p1b: Sinistcha|move: Protect
|
|upkeep
|turn|4
|
|t:|1783330080
|switch|p1b: Garchomp|Garchomp, L50, F|100/100
|switch|p2b: Milotic|Milotic, L50, M|100/100
|move|p1a: Grimmsnarl|Parting Shot|p2b: Milotic
|-unboost|p2b: Milotic|atk|1
|-ability|p2b: Milotic|Competitive|boost
|-boost|p2b: Milotic|spa|2
|-unboost|p2b: Milotic|spa|1
|-ability|p2b: Milotic|Competitive|boost
|-boost|p2b: Milotic|spa|2
|
|t:|1783330092
|switch|p1a: Sinistcha|Sinistcha, L50|42/100|[from] Parting Shot
|move|p2a: Hydreigon|Dark Pulse|p1b: Garchomp
|-damage|p1b: Garchomp|69/100
|
|upkeep
|turn|5
|
|t:|1783330105
|move|p1a: Sinistcha|Matcha Gotcha|p2b: Milotic|[spread] p2b
|-miss|p1a: Sinistcha|p2a: Hydreigon
|-supereffective|p2b: Milotic|1
|-damage|p2b: Milotic|70/100
|-heal|p1a: Sinistcha|59/100|[from] drain|[of] p2b: Milotic
|-status|p2b: Milotic|brn
|move|p2b: Milotic|Coil|p2b: Milotic
|-boost|p2b: Milotic|atk|1
|-boost|p2b: Milotic|def|1
|-boost|p2b: Milotic|accuracy|1
|move|p1b: Garchomp|Dragon Claw|p2a: Hydreigon
|-supereffective|p2a: Hydreigon|1
|-damage|p2a: Hydreigon|0 fnt
|faint|p2a: Hydreigon
|-damage|p1b: Garchomp|59/100|[from] item: Life Orb
|
|-heal|p2b: Milotic|76/100 brn|[from] item: Leftovers
|-damage|p2b: Milotic|70/100 brn|[from] brn
|-fieldend|move: Trick Room
|upkeep
|
|t:|1783330114
|switch|p2a: Sneasler|Sneasler, L50, F|100/100
|turn|6
|inactive|peparro has 30 seconds left.
|
|t:|1783330140
|move|p1a: Sinistcha|Protect|p1a: Sinistcha
|-singleturn|p1a: Sinistcha|Protect
|move|p2a: Sneasler|Fake Out|p1b: Garchomp
|-damage|p1b: Garchomp|49/100
|-damage|p2a: Sneasler|87/100|[from] ability: Rough Skin|[of] p1b: Garchomp
|cant|p1b: Garchomp|flinch
|move|p2b: Milotic|Hypnosis|p1a: Sinistcha
|-activate|p1a: Sinistcha|move: Protect
|
|-heal|p2b: Milotic|76/100 brn|[from] item: Leftovers
|-damage|p2b: Milotic|70/100 brn|[from] brn
|upkeep
|turn|7
|
|t:|1783330161
|move|p2a: Sneasler|Protect|p2a: Sneasler
|-singleturn|p2a: Sneasler|Protect
|move|p1b: Garchomp|Earthquake|p2a: Sneasler|[spread] p1a,p2b
|-activate|p2a: Sneasler|move: Protect
|-resisted|p1a: Sinistcha|1
|-crit|p1a: Sinistcha
|-damage|p1a: Sinistcha|27/100
|-damage|p2b: Milotic|38/100 brn
|-damage|p1b: Garchomp|39/100|[from] item: Life Orb
|move|p2b: Milotic|Muddy Water|p1b: Garchomp|[spread] p1a,p1b
|-resisted|p1a: Sinistcha|1
|-damage|p1a: Sinistcha|7/100
|-damage|p1b: Garchomp|0 fnt
|faint|p1b: Garchomp
|move|p1a: Sinistcha|Matcha Gotcha|p2b: Milotic|[spread] p2b
|-activate|p2a: Sneasler|move: Protect
|-supereffective|p2b: Milotic|1
|-damage|p2b: Milotic|8/100 brn
|-heal|p1a: Sinistcha|24/100|[from] drain|[of] p2b: Milotic
|
|-heal|p2b: Milotic|14/100 brn|[from] item: Leftovers
|-damage|p2b: Milotic|8/100 brn|[from] brn
|upkeep
|
|t:|1783330181
|switch|p1b: Charizard|Charizard, L50, F|100/100
|turn|8
|
|t:|1783330199
|switch|p1a: Grimmsnarl|Grimmsnarl, L50, M|2/100
|detailschange|p1b: Charizard|Charizard-Mega-Y, L50, F
|-mega|p1b: Charizard|Charizard|Charizardite Y
|-weather|SunnyDay|[from] ability: Drought|[of] p1b: Charizard
|move|p2a: Sneasler|Dire Claw|p1b: Charizard
|-damage|p1b: Charizard|67/100
|-status|p1b: Charizard|psn
|move|p1b: Charizard|Weather Ball|p2a: Sneasler
|-damage|p2a: Sneasler|0 fnt
|faint|p2a: Sneasler
|move|p2b: Milotic|Hypnosis||[still]
|-fail|p2b: Milotic
|
|-weather|SunnyDay|[upkeep]
|-heal|p2b: Milotic|14/100 brn|[from] item: Leftovers
|-damage|p1b: Charizard|55/100 psn|[from] psn
|-damage|p2b: Milotic|8/100 brn|[from] brn
|-sideend|p1: peparro|move: Light Screen
|upkeep
|
|t:|1783330210
|switch|p2a: Volcarona|Volcarona, L50, M|100/100
|turn|9
|inactive|peparro has 30 seconds left.
|
|t:|1783330242
|move|p2a: Volcarona|Struggle Bug|p1b: Charizard|[spread] p1a,p1b
|-resisted|p1b: Charizard|2
|-damage|p1a: Grimmsnarl|0 fnt
|-damage|p1b: Charizard|51/100 psn
|-unboost|p1b: Charizard|spa|1
|faint|p1a: Grimmsnarl
|move|p1b: Charizard|Heat Wave|p2b: Milotic|[spread] p2b
|-miss|p1b: Charizard|p2a: Volcarona
|-resisted|p2b: Milotic|1
|-damage|p2b: Milotic|0 fnt
|faint|p2b: Milotic
|
|-weather|SunnyDay|[upkeep]
|-damage|p1b: Charizard|39/100 psn|[from] psn
|-sideend|p1: peparro|Reflect
|upkeep
|
|t:|1783330254
|switch|p1a: Sinistcha|Sinistcha, L50|24/100
|-heal|p1b: Charizard|64/100 psn|[from] ability: Hospitality|[of] p1a: Sinistcha
|turn|10
|
|t:|1783330261
|move|p2a: Volcarona|Protect|p2a: Volcarona
|-singleturn|p2a: Volcarona|Protect
|move|p1b: Charizard|Protect|p1b: Charizard
|-singleturn|p1b: Charizard|Protect
|move|p1a: Sinistcha|Matcha Gotcha|p2a: Volcarona
|-activate|p2a: Volcarona|move: Protect
|
|-weather|SunnyDay|[upkeep]
|-damage|p1b: Charizard|52/100 psn|[from] psn
|upkeep
|turn|11
|
|t:|1783330270
|move|p2a: Volcarona|Overheat|p1a: Sinistcha
|-supereffective|p1a: Sinistcha|1
|-enditem|p1a: Sinistcha|Occa Berry|[eat]
|-enditem|p1a: Sinistcha|Occa Berry|[weaken]
|-damage|p1a: Sinistcha|0 fnt
|-unboost|p2a: Volcarona|spa|2
|faint|p1a: Sinistcha
|move|p1b: Charizard|Weather Ball|p2a: Volcarona
|-damage|p2a: Volcarona|44/100
|-enditem|p2a: Volcarona|Sitrus Berry|[eat]
|-heal|p2a: Volcarona|69/100|[from] item: Sitrus Berry
|
|-weather|SunnyDay|[upkeep]
|-damage|p1b: Charizard|40/100 psn|[from] psn
|upkeep
|turn|12
|
|t:|1783330284
|move|p2a: Volcarona|Protect|p2a: Volcarona
|-singleturn|p2a: Volcarona|Protect
|move|p1b: Charizard|Weather Ball|p2a: Volcarona
|-activate|p2a: Volcarona|move: Protect
|
|-weather|none
|-damage|p1b: Charizard|28/100 psn|[from] psn
|upkeep
|turn|13
|
|t:|1783330293
|move|p2a: Volcarona|Struggle Bug|p1b: Charizard
|-resisted|p1b: Charizard|2
|-damage|p1b: Charizard|25/100 psn
|-unboost|p1b: Charizard|spa|1
|move|p1b: Charizard|Heat Wave|p2a: Volcarona
|-crit|p2a: Volcarona
|-damage|p2a: Volcarona|0 fnt
|faint|p2a: Volcarona
|
|win|peparro
||eviovulpix is ready for game 2.
|inactive|peparro has 30 seconds to confirm battle start!
||peparro is ready for game 2.
|uhtml|next|Next: Game 2 of 3
|l|☆peparro
|player|p1|
