|j|☆ELIAS TRESCIENTOS
|j|☆Refanner
|html|ELIAS TRESCIENTOSRefanner    
|uhtml|bestof|Game 3 of a best-of-3
|t:|1782738498
|gametype|doubles
|player|p1|ELIAS TRESCIENTOS|1|1223
|player|p2|Refanner|102|1120
|gen|9
|tier|[Gen 9 Champions] VGC 2026 Reg M-B (Bo3)
|rated|
|rule|Species Clause: Limit one of each Pokémon
|rule|Item Clause: Limit 1 of each item
|clearpoke
|poke|p1|Gengar, L50, M|
|poke|p1|Scrafty, L50, F|
|poke|p1|Incineroar, L50, F|
|poke|p1|Snorlax, L50, M|
|poke|p1|Ninetales-Alola, L50, M|
|poke|p1|Dragonite, L50, M|
|poke|p2|Staraptor, L50, M|
|poke|p2|Raichu, L50, M|
|poke|p2|Sinistcha-Masterpiece, L50|
|poke|p2|Incineroar, L50, F|
|poke|p2|Metagross, L50|
|poke|p2|Hydreigon, L50, F|
|teampreview|4
|showteam|p1|Gengar||Gengarite|CursedBody|SludgeBomb,ShadowBall,Protect,PerishSong|Modest||M|||50|]Scrafty||Scraftinite|Intimidate|FakeOut,CloseCombat,KnockOff,Detect|Careful||F|||50|]Incineroar||SitrusBerry|Intimidate|Protect,FakeOut,PartingShot,FlareBlitz|Impish||F|||50|]Snorlax||Leftovers|ThickFat|Protect,Yawn,DoubleEdge,Fissure|Relaxed||M|||50|]Ninetales-Alola||FocusSash|SnowWarning|Protect,Encore,Disable,Blizzard|Timid||M|||50|]Dragonite||DragonFang|Multiscale|DragonClaw,LowKick,ExtremeSpeed,Protect|Adamant||M|||50|
|showteam|p2|Staraptor||Staraptite|Intimidate|CloseCombat,BraveBird,Roost,Protect|Adamant||M|||50|]Raichu||RaichuniteX|LightningRod|VoltTackle,VoltSwitch,PlayRough,FakeOut|Hasty||M|||50|]Sinistcha-Masterpiece||KasibBerry|Hospitality|MatchaGotcha,RagePowder,TrickRoom,Protect|Bold|||||50|]Incineroar||SitrusBerry|Intimidate|FlareBlitz,FakeOut,DarkestLariat,PartingShot|Adamant||F|||50|]Metagross||MetalCoat|ClearBody|IronHead,PsychicFangs,StompingTantrum,Protect|Adamant|||||50|]Hydreigon||ChoiceScarf|Levitate|DarkPulse,Snarl,DracoMeteor,EarthPower|Timid||F|||50|
|
|t:|1782738531
|teamsize|p1|4
|teamsize|p2|4
|start
|switch|p1a: Ninetales|Ninetales-Alola, L50, M|100/100
|switch|p1b: Incineroar|Incineroar, L50, F|100/100
|switch|p2a: Incineroar|Incineroar, L50, F|100/100
|switch|p2b: Metagross|Metagross, L50|100/100
|-weather|Snowscape|[from] ability: Snow Warning|[of] p1a: Ninetales
|-ability|p2a: Incineroar|Intimidate|boost
|-unboost|p1a: Ninetales|atk|1
|-unboost|p1b: Incineroar|atk|1
|-ability|p1b: Incineroar|Intimidate|boost
|-unboost|p2a: Incineroar|atk|1
|-fail|p2b: Metagross|unboost|[from] ability: Clear Body|[of] p2b: Metagross
|turn|1
|inactive|Battle timer is ON: inactive players will automatically lose when time's up. (requested by ELIAS TRESCIENTOS)
|inactive|Refanner has 60 seconds left.
|
|t:|1782738565
|move|p1a: Ninetales|Protect|p1a: Ninetales
|-singleturn|p1a: Ninetales|Protect
|move|p2a: Incineroar|Fake Out|p1b: Incineroar
|-damage|p1b: Incineroar|92/100
|move|p2b: Metagross|Iron Head|p1a: Ninetales
|-activate|p1a: Ninetales|move: Protect
|cant|p1b: Incineroar|flinch
|
|-weather|Snowscape|[upkeep]
|upkeep
|turn|2
|
|t:|1782738574
|switch|p1a: Snorlax|Snorlax, L50, M|100/100
|move|p2b: Metagross|Iron Head|p1a: Snorlax
|-damage|p1a: Snorlax|60/100
|move|p2a: Incineroar|Flare Blitz|p1a: Snorlax
|-damage|p1a: Snorlax|47/100
|-damage|p2a: Incineroar|94/100|[from] Recoil
|move|p1b: Incineroar|Flare Blitz|p2b: Metagross
|-supereffective|p2b: Metagross|1
|-damage|p2b: Metagross|42/100
|-status|p2b: Metagross|brn
|-damage|p1b: Incineroar|77/100|[from] Recoil
|
|-weather|Snowscape|[upkeep]
|-heal|p1a: Snorlax|53/100|[from] item: Leftovers
|-damage|p2b: Metagross|36/100 brn|[from] brn
|upkeep
|turn|3
|inactive|ELIAS TRESCIENTOS has 30 seconds left.
|inactive|Refanner has 30 seconds left.
|
|t:|1782738605
|switch|p2b: Sinistcha|Sinistcha-Masterpiece, L50|100/100
|-heal|p2a: Incineroar|100/100|[from] ability: Hospitality|[of] p2b: Sinistcha
|move|p1b: Incineroar|Parting Shot|p2a: Incineroar
|-unboost|p2a: Incineroar|atk|1
|-unboost|p2a: Incineroar|spa|1
|
|t:|1782738612
|switch|p1b: Gengar|Gengar, L50, M|100/100|[from] Parting Shot
|move|p2a: Incineroar|Parting Shot|p1a: Snorlax
|-unboost|p1a: Snorlax|atk|1
|-unboost|p1a: Snorlax|spa|1
|
|t:|1782738630
|switch|p2a: Metagross|Metagross, L50|36/100 brn|[from] Parting Shot
|move|p1a: Snorlax|Fissure|p2a: Metagross|[miss]
|-miss|p1a: Snorlax|p2a: Metagross
|
|-weather|Snowscape|[upkeep]
|-heal|p1a: Snorlax|60/100|[from] item: Leftovers
|-damage|p2a: Metagross|30/100 brn|[from] brn
|upkeep
|turn|4
|inactive|Refanner has 30 seconds left.
|
|t:|1782738656
|detailschange|p1b: Gengar|Gengar-Mega, L50, M
|-mega|p1b: Gengar|Gengar|Gengarite
|move|p1b: Gengar|Protect|p1b: Gengar
|-singleturn|p1b: Gengar|Protect
|move|p2a: Metagross|Psychic Fangs|p1b: Gengar
|-activate|p1b: Gengar|move: Protect
|move|p1a: Snorlax|Fissure|p2b: Sinistcha|[miss]
|-miss|p1a: Snorlax|p2b: Sinistcha
|move|p2b: Sinistcha|Trick Room|p2b: Sinistcha
|-fieldstart|move: Trick Room|[of] p2b: Sinistcha
|
|-weather|Snowscape|[upkeep]
|-heal|p1a: Snorlax|66/100|[from] item: Leftovers
|-damage|p2a: Metagross|23/100 brn|[from] brn
|upkeep
|turn|5
|
|t:|1782738671
|switch|p1b: Incineroar|Incineroar, L50, F|77/100
|-ability|p1b: Incineroar|Intimidate|boost
|-fail|p2a: Metagross|unboost|[from] ability: Clear Body|[of] p2a: Metagross
|-unboost|p2b: Sinistcha|atk|1
|move|p1a: Snorlax|Fissure|p2b: Sinistcha|[miss]
|-miss|p1a: Snorlax|p2b: Sinistcha
|move|p2b: Sinistcha|Matcha Gotcha|p1b: Incineroar|[spread] p1a,p1b
|-resisted|p1b: Incineroar|1
|-damage|p1a: Snorlax|51/100
|-damage|p1b: Incineroar|68/100
|-status|p1a: Snorlax|brn
|move|p2a: Metagross|Psychic Fangs|p1b: Incineroar
|-immune|p1b: Incineroar
|
|-weather|none
|-heal|p1a: Snorlax|58/100 brn|[from] item: Leftovers
|-damage|p1a: Snorlax|51/100 brn|[from] brn
|-damage|p2a: Metagross|17/100 brn|[from] brn
|upkeep
|turn|6
|inactive|ELIAS TRESCIENTOS has 30 seconds left.
|
|t:|1782738697
|switch|p2a: Staraptor|Staraptor, L50, M|100/100
|-ability|p2a: Staraptor|Intimidate|boost
|-unboost|p1a: Snorlax|atk|1
|-unboost|p1b: Incineroar|atk|1
|move|p1a: Snorlax|Fissure|p2b: Sinistcha|[miss]
|-miss|p1a: Snorlax|p2b: Sinistcha
|move|p1b: Incineroar|Parting Shot|p2b: Sinistcha
|-unboost|p2b: Sinistcha|atk|1
|-unboost|p2b: Sinistcha|spa|1
|
|t:|1782738705
|switch|p1b: Ninetales|Ninetales-Alola, L50, M|100/100|[from] Parting Shot
|-weather|Snowscape|[from] ability: Snow Warning|[of] p1b: Ninetales
|move|p2b: Sinistcha|Matcha Gotcha|p1a: Snorlax|[spread] p1a,p1b
|-crit|p1a: Snorlax
|-damage|p1a: Snorlax|30/100 brn
|-damage|p1b: Ninetales|79/100
|
|-weather|Snowscape|[upkeep]
|-heal|p1a: Snorlax|36/100 brn|[from] item: Leftovers
|-damage|p1a: Snorlax|30/100 brn|[from] brn
|upkeep
|turn|7
|
|t:|1782738717
|detailschange|p2a: Staraptor|Staraptor-Mega, L50, M
|-mega|p2a: Staraptor|Staraptor|Staraptite
|move|p1a: Snorlax|Yawn|p2a: Staraptor
|-start|p2a: Staraptor|move: Yawn|[of] p1a: Snorlax
|move|p2b: Sinistcha|Matcha Gotcha|p1b: Ninetales|[spread] p1b
|-miss|p2b: Sinistcha|p1a: Snorlax
|-damage|p1b: Ninetales|61/100
|move|p2a: Staraptor|Close Combat|p1b: Ninetales
|-crit|p1b: Ninetales
|-damage|p1b: Ninetales|0 fnt
|-boost|p2a: Staraptor|def|1
|-boost|p2a: Staraptor|spd|1
|faint|p1b: Ninetales
|
|-weather|Snowscape|[upkeep]
|-heal|p1a: Snorlax|36/100 brn|[from] item: Leftovers
|-damage|p1a: Snorlax|30/100 brn|[from] brn
|upkeep
|
|t:|1782738729
|switch|p1b: Incineroar|Incineroar, L50, F|68/100
|-ability|p1b: Incineroar|Intimidate|boost
|-boost|p2a: Staraptor|atk|1
|-unboost|p2b: Sinistcha|atk|1
|turn|8
|
|t:|1782738748
|switch|p2a: Metagross|Metagross, L50|17/100 brn
|move|p1a: Snorlax|Fissure|p2a: Metagross
|-damage|p2a: Metagross|0 fnt
|faint|p2a: Metagross
|-ohko
|move|p1b: Incineroar|Flare Blitz|p2b: Sinistcha
|-supereffective|p2b: Sinistcha|1
|-damage|p2b: Sinistcha|19/100
|-damage|p1b: Incineroar|44/100|[from] Recoil
|-enditem|p1b: Incineroar|Sitrus Berry|[eat]
|-heal|p1b: Incineroar|69/100|[from] item: Sitrus Berry
|move|p2b: Sinistcha|Matcha Gotcha|p1b: Incineroar|[spread] p1a,p1b
|-resisted|p1b: Incineroar|1
|-damage|p1a: Snorlax|21/100 brn
|-heal|p2b: Sinistcha|25/100|[from] drain|[of] p1a: Snorlax
|-damage|p1b: Incineroar|63/100
|-heal|p2b: Sinistcha|29/100|[from] drain|[of] p1b: Incineroar
|
|-weather|Snowscape|[upkeep]
|-heal|p1a: Snorlax|27/100 brn|[from] item: Leftovers
|-damage|p1a: Snorlax|21/100 brn|[from] brn
|-fieldend|move: Trick Room
|upkeep
|
|t:|1782738771
|switch|p2a: Staraptor|Staraptor-Mega, L50, M|100/100
|turn|9
|
|t:|1782738783
|switch|p1a: Gengar|Gengar-Mega, L50, M|100/100
|move|p2a: Staraptor|Brave Bird|p1b: Incineroar
|-damage|p1b: Incineroar|7/100
|-damage|p2a: Staraptor|80/100|[from] Recoil
|move|p1b: Incineroar|Flare Blitz|p2b: Sinistcha
|-supereffective|p2b: Sinistcha|1
|-damage|p2b: Sinistcha|0 fnt
|faint|p2b: Sinistcha
|-damage|p1b: Incineroar|0 fnt|[from] Recoil
|faint|p1b: Incineroar
|
|-weather|Snowscape|[upkeep]
|upkeep
|
|t:|1782738795
|switch|p2b: Incineroar|Incineroar, L50, F|100/100
|switch|p1b: Snorlax|Snorlax, L50, M|21/100 brn
|-ability|p2b: Incineroar|Intimidate|boost
|-unboost|p1a: Gengar|atk|1
|-unboost|p1b: Snorlax|atk|1
|turn|10
|
|t:|1782738812
|move|p1a: Gengar|Sludge Bomb|p2a: Staraptor
|-damage|p2a: Staraptor|22/100
|move|p2a: Staraptor|Brave Bird|p1a: Gengar
|-crit|p1a: Gengar
|-damage|p1a: Gengar|1/100
|-damage|p2a: Staraptor|0 fnt|[from] Recoil
|faint|p2a: Staraptor
|move|p2b: Incineroar|Darkest Lariat|p1a: Gengar
|-supereffective|p1a: Gengar|1
|-damage|p1a: Gengar|0 fnt
|faint|p1a: Gengar
|move|p1b: Snorlax|Yawn|p2b: Incineroar
|-start|p2b: Incineroar|move: Yawn|[of] p1b: Snorlax
|
|-weather|none
|-heal|p1b: Snorlax|27/100 brn|[from] item: Leftovers
|-damage|p1b: Snorlax|21/100 brn|[from] brn
|upkeep
|turn|11
|
|t:|1782738824
|move|p1b: Snorlax|Protect|p1b: Snorlax
|-singleturn|p1b: Snorlax|Protect
|move|p2b: Incineroar|Flare Blitz|p1b: Snorlax
|-activate|p1b: Snorlax|move: Protect
|
|-heal|p1b: Snorlax|27/100 brn|[from] item: Leftovers
|-damage|p1b: Snorlax|21/100 brn|[from] brn
|-end|p2b: Incineroar|move: Yawn|[silent]
|-status|p2b: Incineroar|slp
|upkeep
|turn|12
|
|t:|1782738829
|cant|p2b: Incineroar|slp
|move|p1b: Snorlax|Fissure|p2b: Incineroar
|-damage|p2b: Incineroar|0 fnt
|faint|p2b: Incineroar
|-ohko
|
|win|ELIAS TRESCIENTOS
|raw|ELIAS TRESCIENTOS's rating: 1223 → 1241(+18 for winning)
|raw|Refanner's rating: 1120 → 1102(-18 for losing)
|l|☆ELIAS TRESCIENTOS
|player|p1|
