|j|☆xNimxZ
|j|☆lux raymundi
|html|xNimxZlux raymundi    
|uhtml|bestof|Game 2 of a best-of-3
|t:|1783030672
|gametype|doubles
|player|p1|xNimxZ|guzma|1131
|player|p2|lux raymundi|2|1171
|gen|9
|tier|[Gen 9 Champions] VGC 2026 Reg M-B (Bo3)
|rated|
|rule|Species Clause: Limit one of each Pokémon
|rule|Item Clause: Limit 1 of each item
|clearpoke
|poke|p1|Pyroar, L50, M|
|poke|p1|Ninetales, L50, M|
|poke|p1|Whimsicott, L50, M|
|poke|p1|Farigiraf, L50, M|
|poke|p1|Basculegion, L50, M|
|poke|p1|Floette-Eternal, L50, F|
|poke|p2|Mawile, L50, M|
|poke|p2|Farigiraf, L50, F|
|poke|p2|Delphox, L50, M|
|poke|p2|Incineroar, L50, M|
|poke|p2|Sinistcha, L50|
|poke|p2|Garchomp, L50, F|
|teampreview|4
|showteam|p1|Pyroar||Pyroarite|Unnerve|HeatWave,SolarBeam,Overheat,Protect|Timid||M|||50|]Ninetales||ChoiceScarf|Drought|FakeTears,Overheat,SolarBeam,HeatWave|Modest||M|||50|]Whimsicott||FocusSash|Prankster|Moonblast,Encore,Tailwind,Protect|Timid||M|||50|]Farigiraf||SitrusBerry|ArmorTail|Thunderbolt,TwinBeam,TrickRoom,HelpingHand|Bold||M|||50|]Basculegion||LifeOrb|Adaptability|WaveCrash,LastRespects,AquaJet,Protect|Adamant||M|||50|]Floette-Eternal||Floettite|FlowerVeil|Moonblast,DazzlingGleam,LightofRuin,Protect|Modest||F|||50|
|showteam|p2|Mawile||Mawilite|HyperCutter|SwordsDance,PlayRough,IronHead,Protect|Brave||M|||50|]Farigiraf||SitrusBerry|ArmorTail|Protect,TwinBeam,TrickRoom,Thunderbolt|Bold||F|||50|]Delphox||Delphoxite|Blaze|NastyPlot,HeatWave,Psychic,Protect|Timid||M|||50|]Incineroar||PasshoBerry|Intimidate|FakeOut,ThroatChop,FlareBlitz,PartingShot|Adamant||M|||50|]Sinistcha||ColburBerry|Hospitality|MatchaGotcha,TrickRoom,RagePowder,Protect|Relaxed|||||50|]Garchomp||LifeOrb|RoughSkin|DragonClaw,Earthquake,RockSlide,Protect|Jolly||F|||50|
|inactive|Battle timer is ON: inactive players will automatically lose when time's up. (requested by xNimxZ)
|
|t:|1783030687
|teamsize|p1|4
|teamsize|p2|4
|start
|switch|p1a: Floette|Floette-Eternal, L50, F|100/100
|switch|p1b: Whimsicott|Whimsicott, L50, M|100/100
|switch|p2a: Incineroar|Incineroar, L50, M|100/100
|switch|p2b: Delphox|Delphox, L50, M|100/100
|-ability|p2a: Incineroar|Intimidate|boost
|-unboost|p1a: Floette|atk|1
|-block|p1b: Whimsicott|ability: Flower Veil|[of] p1a: Floette
|turn|1
|inactive|lux raymundi has 30 seconds left.
|
|t:|1783030721
|detailschange|p2b: Delphox|Delphox-Mega, L50, M
|-mega|p2b: Delphox|Delphox|Delphoxite
|detailschange|p1a: Floette|Floette-Mega, L50, F
|-mega|p1a: Floette|Floette|Floettite
|-ability|p1a: Floette|Fairy Aura
|move|p1b: Whimsicott|Protect|p1b: Whimsicott
|-singleturn|p1b: Whimsicott|Protect
|move|p1a: Floette|Protect|p1a: Floette
|-singleturn|p1a: Floette|Protect
|move|p2a: Incineroar|Fake Out|p1b: Whimsicott
|-activate|p1b: Whimsicott|move: Protect
|move|p2b: Delphox|Heat Wave|p1b: Whimsicott|[spread] 
|-activate|p1a: Floette|move: Protect
|-activate|p1b: Whimsicott|move: Protect
|
|upkeep
|turn|2
|
|t:|1783030740
|move|p1b: Whimsicott|Tailwind|p1b: Whimsicott
|-sidestart|p1: xNimxZ|move: Tailwind
|move|p1a: Floette|Dazzling Gleam|p2b: Delphox|[spread] p2a,p2b
|-resisted|p2b: Delphox|1
|-damage|p2a: Incineroar|49/100
|-damage|p2b: Delphox|73/100
|move|p2b: Delphox|Nasty Plot|p2b: Delphox
|-boost|p2b: Delphox|spa|2
|move|p2a: Incineroar|Parting Shot|p1a: Floette
|-unboost|p1a: Floette|atk|1
|-unboost|p1a: Floette|spa|1
|
|t:|1783030764
|switch|p2a: Sinistcha|Sinistcha, L50|100/100|[from] Parting Shot
|-heal|p2b: Delphox|98/100|[from] ability: Hospitality|[of] p2a: Sinistcha
|
|upkeep
|turn|3
|inactive|xNimxZ has 30 seconds left.
|
|t:|1783030792
|move|p2a: Sinistcha|Rage Powder|p2a: Sinistcha
|-singleturn|p2a: Sinistcha|move: Rage Powder
|move|p1b: Whimsicott|Encore|p2b: Delphox
|-start|p2b: Delphox|Encore
|move|p1a: Floette|Light of Ruin|p2a: Sinistcha
|-damage|p2a: Sinistcha|23/100
|-damage|p1a: Floette|54/100|[from] Recoil
|move|p2b: Delphox|Nasty Plot|p2b: Delphox
|-boost|p2b: Delphox|spa|2
|
|upkeep
|turn|4
|
|t:|1783030807
|move|p1b: Whimsicott|Protect|p1b: Whimsicott
|-singleturn|p1b: Whimsicott|Protect
|move|p1a: Floette|Light of Ruin|p2a: Sinistcha
|-damage|p2a: Sinistcha|0 fnt
|faint|p2a: Sinistcha
|-damage|p1a: Floette|40/100|[from] Recoil
|move|p2b: Delphox|Nasty Plot|p2b: Delphox
|-boost|p2b: Delphox|spa|2
|
|upkeep
|
|t:|1783030817
|switch|p2a: Incineroar|Incineroar, L50, M|49/100
|-ability|p2a: Incineroar|Intimidate|boost
|-unboost|p1a: Floette|atk|1
|-unboost|p1b: Whimsicott|atk|1
|turn|5
|inactive|xNimxZ has 30 seconds left.
|
|t:|1783030844
|switch|p1a: Farigiraf|Farigiraf, L50, M|100/100
|move|p2a: Incineroar|Fake Out||[still]
|cant|p1a: Farigiraf|ability: Armor Tail|Fake Out|[of] p2a: Incineroar
|move|p1b: Whimsicott|Encore||[still]
|-fail|p1b: Whimsicott
|move|p2b: Delphox|Nasty Plot|p2b: Delphox
|-boost|p2b: Delphox|spa|0
|
|-end|p2b: Delphox|Encore
|-sideend|p1: xNimxZ|move: Tailwind
|upkeep
|turn|6
|
|t:|1783030857
|switch|p2b: Garchomp|Garchomp, L50, F|100/100
|move|p1b: Whimsicott|Encore||[still]
|-fail|p1b: Whimsicott
|move|p1a: Farigiraf|Thunderbolt|p2a: Incineroar
|-damage|p2a: Incineroar|25/100
|-status|p2a: Incineroar|par
|cant|p2a: Incineroar|par
|
|upkeep
|turn|7
|
|t:|1783030881
|switch|p2a: Delphox|Delphox-Mega, L50, M|98/100
|move|p1b: Whimsicott|Moonblast|p2b: Garchomp
|-supereffective|p2b: Garchomp|1
|-damage|p2b: Garchomp|35/100
|move|p2b: Garchomp|Rock Slide|p1a: Farigiraf|[spread] p1b
|-miss|p2b: Garchomp|p1a: Farigiraf
|-damage|p1b: Whimsicott|71/100
|-damage|p2b: Garchomp|25/100|[from] item: Life Orb
|move|p1a: Farigiraf|Thunderbolt|p2a: Delphox
|-damage|p2a: Delphox|75/100
|
|upkeep
|turn|8
|
|t:|1783030905
|move|p2a: Delphox|Heat Wave|p1b: Whimsicott|[spread] p1a,p1b
|-supereffective|p1b: Whimsicott|1
|-damage|p1a: Farigiraf|63/100
|-damage|p1b: Whimsicott|0 fnt
|faint|p1b: Whimsicott
|move|p2b: Garchomp|Earthquake|p1a: Farigiraf|[spread] p1a
|-immune|p2a: Delphox|[from] ability: Levitate
|-damage|p1a: Farigiraf|21/100
|-enditem|p1a: Farigiraf|Sitrus Berry|[eat]
|-heal|p1a: Farigiraf|46/100|[from] item: Sitrus Berry
|-damage|p2b: Garchomp|15/100|[from] item: Life Orb
|move|p1a: Farigiraf|Trick Room|p1a: Farigiraf
|-fieldstart|move: Trick Room|[of] p1a: Farigiraf
|
|upkeep
|
|t:|1783030917
|switch|p1b: Basculegion|Basculegion, L50, M|100/100
|turn|9
|
|t:|1783030928
|switch|p2a: Incineroar|Incineroar, L50, M|25/100 par
|-ability|p2a: Incineroar|Intimidate|boost
|-unboost|p1a: Farigiraf|atk|1
|-unboost|p1b: Basculegion|atk|1
|move|p1a: Farigiraf|Twin Beam|p2b: Garchomp
|-damage|p2b: Garchomp|0 fnt
|faint|p2b: Garchomp
|-hitcount|p2: Garchomp|1
|move|p1b: Basculegion|Last Respects|p2a: Incineroar
|-resisted|p2a: Incineroar|1
|-damage|p2a: Incineroar|0 fnt
|faint|p2a: Incineroar
|-damage|p1b: Basculegion|90/100|[from] item: Life Orb
|
|upkeep
|
|t:|1783030935
|switch|p2b: Delphox|Delphox-Mega, L50, M|75/100
|turn|10
|
|t:|1783030942
|move|p1a: Farigiraf|Helping Hand|p1b: Basculegion
|-singleturn|p1b: Basculegion|Helping Hand|[of] p1a: Farigiraf
|move|p1b: Basculegion|Last Respects|p2b: Delphox
|-supereffective|p2b: Delphox|1
|-damage|p2b: Delphox|0 fnt
|faint|p2b: Delphox
|-damage|p1b: Basculegion|80/100|[from] item: Life Orb
|
|win|xNimxZ
