|j|☆GriseousVGC
|j|☆testaltlol
|html|GriseousVGCtestaltlol    
|uhtml|bestof|Game 2 of a best-of-3
|t:|1756280972
|gametype|doubles
|player|p1|GriseousVGC|volo|
|player|p2|testaltlol|170|
|gen|9
|tier|[Gen 9] VGC 2025 Reg H (Bo3)
|rule|Species Clause: Limit one of each Pokémon
|rule|Item Clause: Limit 1 of each item
|clearpoke
|poke|p1|Hydrapple, L50, F|
|poke|p1|Porygon2, L50|
|poke|p1|Incineroar, L50, M|
|poke|p1|Kingambit, L50, M|
|poke|p1|Araquanid, L50, F|
|poke|p1|Sneasler, L50, F|
|poke|p2|Annihilape, L50, M|
|poke|p2|Gogoat, L50, F|
|poke|p2|Talonflame, L50, F|
|poke|p2|Clefairy, L50, M|
|poke|p2|Gholdengo, L50|
|poke|p2|Ursaluna-Bloodmoon, L50, M|
|teampreview|4
|showteam|p1|Hydrapple||AssaultVest|Regenerator|FickleBeam,EarthPower,LeafStorm,GigaDrain|||F|||50|,,,,,Steel]Porygon2||Eviolite|Download|TeraBlast,IceBeam,TrickRoom,Recover||||||50|,,,,,Fighting]Incineroar||SafetyGoggles|Intimidate|FakeOut,FlareBlitz,KnockOff,PartingShot|||M|||50|,,,,,Ghost]Kingambit||BlackGlasses|Defiant|KowtowCleave,SuckerPunch,SwordsDance,Protect|||M|||50|,,,,,Flying]Araquanid||ClearAmulet|WaterBubble|Liquidation,LeechLife,WideGuard,Protect|||F|||50|,,,,,Grass]Sneasler||FocusSash|PoisonTouch|CloseCombat,DireClaw,FakeOut,Protect|||F|||50|,,,,,Stellar
|showteam|p2|Annihilape||SafetyGoggles|Defiant|Protect,BulkUp,DrainPunch,RageFist|||M|||50|,,,,,Water]Gogoat||Leftovers|SapSipper|BulkUp,HornLeech,PlayRough,Earthquake|||F|||50|,,,,,Ground]Talonflame||CovertCloak|GaleWings|SwordsDance,BraveBird,FlareBlitz,Roost|||F|||50|,,,,,Flying]Clefairy||Eviolite|FriendGuard|FollowMe,Protect,Moonblast,Encore|||M|||50|,,,,,Steel]Gholdengo||MetalCoat|GoodasGold|Protect,NastyPlot,ShadowBall,MakeItRain||||||50|,,,,,Steel]Ursaluna-Bloodmoon||RockyHelmet|MindsEye|CalmMind,BloodMoon,EarthPower,Moonlight|||M|||50|,,,,,Ground
|
|t:|1756281002
|teamsize|p1|4
|teamsize|p2|4
|start
|switch|p1a: Porygon2|Porygon2, L50, shiny|100/100
|switch|p1b: Araquanid|Araquanid, L50, F, shiny|100/100
|switch|p2a: Gogoat|Gogoat, L50, F|100/100
|switch|p2b: Clefairy|Clefairy, L50, M|100/100
|-ability|p1a: Porygon2|Download|boost
|-boost|p1a: Porygon2|atk|1
|turn|1
|
|t:|1756281030
|move|p2b: Clefairy|Protect|p2b: Clefairy
|-singleturn|p2b: Clefairy|Protect
|move|p2a: Gogoat|Bulk Up|p2a: Gogoat
|-boost|p2a: Gogoat|atk|1
|-boost|p2a: Gogoat|def|1
|move|p1b: Araquanid|Leech Life|p2a: Gogoat
|-supereffective|p2a: Gogoat
|-damage|p2a: Gogoat|67/100
|move|p1a: Porygon2|Trick Room|p1a: Porygon2
|-fieldstart|move: Trick Room|[of] p1a: Porygon2
|
|-heal|p2a: Gogoat|74/100|[from] item: Leftovers
|upkeep
|turn|2
|
|t:|1756281052
|move|p2b: Clefairy|Follow Me|p2b: Clefairy
|-singleturn|p2b: Clefairy|move: Follow Me
|move|p1b: Araquanid|Liquidation|p2b: Clefairy
|-crit|p2b: Clefairy
|-damage|p2b: Clefairy|34/100
|move|p1a: Porygon2|Ice Beam|p2b: Clefairy
|-damage|p2b: Clefairy|10/100
|-status|p2b: Clefairy|frz
|move|p2a: Gogoat|Horn Leech|p1b: Araquanid
|-damage|p1b: Araquanid|59/100
|-heal|p2a: Gogoat|89/100|[from] drain|[of] p1b: Araquanid
|
|-heal|p2a: Gogoat|95/100|[from] item: Leftovers
|upkeep
|turn|3
|
|t:|1756281075
|cant|p2b: Clefairy|frz
|move|p1b: Araquanid|Leech Life|p2a: Gogoat
|-supereffective|p2a: Gogoat
|-damage|p2a: Gogoat|61/100
|-heal|p1b: Araquanid|82/100|[from] drain|[of] p2a: Gogoat
|move|p1a: Porygon2|Ice Beam|p2a: Gogoat
|-supereffective|p2a: Gogoat
|-damage|p2a: Gogoat|35/100
|move|p2a: Gogoat|Bulk Up|p2a: Gogoat
|-boost|p2a: Gogoat|atk|1
|-boost|p2a: Gogoat|def|1
|
|-heal|p2a: Gogoat|41/100|[from] item: Leftovers
|upkeep
|turn|4
|
|t:|1756281090
|-curestatus|p2b: Clefairy|frz|[msg]
|move|p2b: Clefairy|Follow Me|p2b: Clefairy
|-singleturn|p2b: Clefairy|move: Follow Me
|move|p1b: Araquanid|Leech Life|p2b: Clefairy
|-resisted|p2b: Clefairy
|-damage|p2b: Clefairy|0 fnt
|-heal|p1b: Araquanid|86/100|[from] drain|[of] p2b: Clefairy
|faint|p2b: Clefairy
|move|p1a: Porygon2|Ice Beam|p2a: Gogoat
|-supereffective|p2a: Gogoat
|-damage|p2a: Gogoat|10/100
|move|p2a: Gogoat|Horn Leech|p1b: Araquanid
|-damage|p1b: Araquanid|27/100
|-heal|p2a: Gogoat|32/100|[from] drain|[of] p1b: Araquanid
|
|-heal|p2a: Gogoat|38/100|[from] item: Leftovers
|upkeep
|
|t:|1756281109
|switch|p2b: Annihilape|Annihilape, L50, M|100/100
|turn|5
|
|t:|1756281125
|-terastallize|p2a: Gogoat|Ground
|move|p1b: Araquanid|Liquidation|p2b: Annihilape
|-damage|p2b: Annihilape|33/100
|move|p1a: Porygon2|Tera Blast|p2a: Gogoat
|-damage|p2a: Gogoat|16/100
|move|p2a: Gogoat|Horn Leech|p1a: Porygon2
|-damage|p1a: Porygon2|69/100
|-heal|p2a: Gogoat|29/100|[from] drain|[of] p1a: Porygon2
|move|p2b: Annihilape|Bulk Up|p2b: Annihilape
|-boost|p2b: Annihilape|atk|1
|-boost|p2b: Annihilape|def|1
|
|-heal|p2a: Gogoat|35/100|[from] item: Leftovers
|-fieldend|move: Trick Room
|upkeep
|turn|6
|
|t:|1756281151
|move|p2b: Annihilape|Drain Punch|p1a: Porygon2
|-supereffective|p1a: Porygon2
|-damage|p1a: Porygon2|18/100
|-heal|p2b: Annihilape|55/100|[from] drain|[of] p1a: Porygon2
|move|p2a: Gogoat|Horn Leech|p1b: Araquanid
|-damage|p1b: Araquanid|0 fnt
|-heal|p2a: Gogoat|46/100|[from] drain|[of] p1b: Araquanid
|faint|p1b: Araquanid
|move|p1a: Porygon2|Trick Room|p1a: Porygon2
|-fieldstart|move: Trick Room|[of] p1a: Porygon2
|
|-heal|p2a: Gogoat|52/100|[from] item: Leftovers
|upkeep
|
|t:|1756281166
|switch|p1b: Hydrapple|Hydrapple, L50, F, shiny|100/100
|turn|7
|
|t:|1756281191
|move|p1b: Hydrapple|Leaf Storm|p2a: Gogoat
|-ability|p2a: Gogoat|Sap Sipper|boost
|-boost|p2a: Gogoat|atk|1
|move|p1a: Porygon2|Ice Beam|p2b: Annihilape
|-damage|p2b: Annihilape|31/100
|-status|p2b: Annihilape|frz
|move|p2a: Gogoat|Horn Leech|p1a: Porygon2
|-damage|p1a: Porygon2|0 fnt
|-heal|p2a: Gogoat|59/100|[from] drain|[of] p1a: Porygon2
|faint|p1a: Porygon2
|cant|p2b: Annihilape|frz
|
|-heal|p2a: Gogoat|65/100|[from] item: Leftovers
|upkeep
|
|t:|1756281200
|switch|p1a: Kingambit|Kingambit, L50, M, shiny|100/100
|turn|8
|
|t:|1756281217
|-terastallize|p1a: Kingambit|Flying
|move|p1b: Hydrapple|Fickle Beam|p2b: Annihilape
|-damage|p2b: Annihilape|0 fnt
|faint|p2b: Annihilape
|move|p1a: Kingambit|Kowtow Cleave|p2a: Gogoat
|-damage|p2a: Gogoat|28/100
|move|p2a: Gogoat|Play Rough|p1b: Hydrapple
|-supereffective|p1b: Hydrapple
|-damage|p1b: Hydrapple|25/100
|-unboost|p1b: Hydrapple|atk|1
|
|-heal|p2a: Gogoat|34/100|[from] item: Leftovers
|upkeep
|
|t:|1756281230
|switch|p2b: Gholdengo|Gholdengo, L50|100/100
|turn|9
|
|t:|1756281259
|move|p2b: Gholdengo|Protect|p2b: Gholdengo
|-singleturn|p2b: Gholdengo|Protect
|move|p1b: Hydrapple|Fickle Beam|p2a: Gogoat
|-damage|p2a: Gogoat|11/100
|move|p1a: Kingambit|Swords Dance|p1a: Kingambit
|-boost|p1a: Kingambit|atk|2
|move|p2a: Gogoat|Play Rough|p1b: Hydrapple
|-supereffective|p1b: Hydrapple
|-damage|p1b: Hydrapple|0 fnt
|faint|p1b: Hydrapple
|
|-heal|p2a: Gogoat|17/100|[from] item: Leftovers
|upkeep
|turn|10
|
|t:|1756281277
|move|p1a: Kingambit|Kowtow Cleave|p2b: Gholdengo
|-supereffective|p2b: Gholdengo
|-damage|p2b: Gholdengo|0 fnt
|faint|p2b: Gholdengo
|move|p2a: Gogoat|Play Rough|p1a: Kingambit
|-damage|p1a: Kingambit|63/100
|
|-heal|p2a: Gogoat|23/100|[from] item: Leftovers
|-fieldend|move: Trick Room
|upkeep
|turn|11
|
|t:|1756281320
|move|p2a: Gogoat|Bulk Up|p2a: Gogoat
|-boost|p2a: Gogoat|atk|1
|-boost|p2a: Gogoat|def|1
|move|p1a: Kingambit|Kowtow Cleave|p2a: Gogoat
|-damage|p2a: Gogoat|0 fnt
|faint|p2a: Gogoat
|
|win|GriseousVGC
|l|☆testaltlol
|player|p2|
