|j|☆GionnyBravo
|j|☆dotKuro
|html|GionnyBravodotKuro    
|uhtml|bestof|Game 2 of a best-of-3
|t:|1755436879
|gametype|doubles
|player|p1|GionnyBravo|rood|1280
|player|p2|dotKuro|266|1232
|gen|9
|tier|[Gen 9] VGC 2025 Reg H (Bo3)
|rated|
|rule|Species Clause: Limit one of each Pokémon
|rule|Item Clause: Limit 1 of each item
|clearpoke
|poke|p1|Incineroar, L50, M|
|poke|p1|Amoonguss, L50, F|
|poke|p1|Gholdengo, L50|
|poke|p1|Porygon2, L50|
|poke|p1|Ursaluna, L50, F|
|poke|p1|Flamigo, L50, F|
|poke|p2|Garchomp, L50, M|
|poke|p2|Tyranitar, L50, M|
|poke|p2|Corviknight, L50, F|
|poke|p2|Gholdengo, L50|
|poke|p2|Kilowattrel, L50, F|
|poke|p2|Dragapult, L50, M|
|teampreview|4
|showteam|p1|Incineroar||SafetyGoggles|Intimidate|FakeOut,FlareBlitz,KnockOff,PartingShot|||M|||50|,,,,,Ghost]Amoonguss||CovertCloak|Regenerator|SludgeBomb,PollenPuff,RagePowder,Spore|||F|||50|,,,,,Water]Gholdengo||Leftovers|GoodasGold|MakeItRain,ShadowBall,NastyPlot,Protect||||||50|,,,,,Water]Porygon2||Eviolite|Download|TeraBlast,IceBeam,Recover,TrickRoom||||||50|,,,,,Fighting]Ursaluna||FlameOrb|Guts|HeadlongRush,Earthquake,Facade,Protect|||F|||50|,,,,,Ghost]Flamigo||FocusSash|Scrappy|CloseCombat,DualWingbeat,WideGuard,Protect|||F|||50|,,,,,Stellar
|showteam|p2|Garchomp||Leftovers|SandVeil|Earthquake,DragonClaw,Substitute,Protect|||M|||50|,,,,,Steel]Tyranitar||AssaultVest|SandStream|KnockOff,RockSlide,LowKick,TeraBlast|||M|||50|,,,,,Grass]Corviknight||SitrusBerry|MirrorArmor|BraveBird,BodyPress,Tailwind,Roost|||F|||50|,,,,,Fighting]Gholdengo||ChoiceSpecs|GoodasGold|MakeItRain,ShadowBall,Trick,Protect||||||50|,,,,,Steel]Kilowattrel||FocusSash|Competitive|AirSlash,Thunderbolt,Protect,Tailwind|||F|||50|,,,,,Ghost]Dragapult||LifeOrb|Infiltrator|DracoMeteor,ShadowBall,Flamethrower,Protect|||M|||50|,,,,,Stellar
|inactive|Battle timer is ON: inactive players will automatically lose when time's up. (requested by GionnyBravo)
|
|t:|1755436914
|teamsize|p1|4
|teamsize|p2|4
|start
|switch|p1a: Amoonguss|Amoonguss, L50, F|100/100
|switch|p1b: Porygon2|Porygon2, L50|100/100
|switch|p2a: Corviknight|Corviknight, L50, F|100/100
|switch|p2b: Gholdengo|Gholdengo, L50|100/100
|-ability|p1b: Porygon2|Download|boost
|-boost|p1b: Porygon2|spa|1
|turn|1
|inactive|dotKuro has 30 seconds left.
|inactive|dotKuro has 20 seconds left.
|
|t:|1755436954
|switch|p1a: Incineroar|Incineroar, L50, M|100/100
|-ability|p1a: Incineroar|Intimidate|boost
|-ability|p2a: Corviknight|Mirror Armor
|-unboost|p1a: Incineroar|atk|1
|-unboost|p2b: Gholdengo|atk|1
|-terastallize|p2b: Gholdengo|Steel
|move|p2b: Gholdengo|Make It Rain|p1b: Porygon2|[spread] p1a,p1b
|-resisted|p1a: Incineroar
|-damage|p1a: Incineroar|64/100
|-damage|p1b: Porygon2|44/100
|-unboost|p2b: Gholdengo|spa|1
|move|p2a: Corviknight|Brave Bird|p1b: Porygon2
|-damage|p1b: Porygon2|22/100
|-damage|p2a: Corviknight|94/100|[from] Recoil
|move|p1b: Porygon2|Trick Room|p1b: Porygon2
|-fieldstart|move: Trick Room|[of] p1b: Porygon2
|
|upkeep
|turn|2
|inactive|dotKuro has 30 seconds left.
|inactive|dotKuro has 20 seconds left.
|
|t:|1755436990
|switch|p2b: Tyranitar|Tyranitar, L50, M|100/100
|-weather|Sandstorm|[from] ability: Sand Stream|[of] p2b: Tyranitar
|move|p1b: Porygon2|Recover|p1b: Porygon2
|-heal|p1b: Porygon2|72/100
|move|p1a: Incineroar|Flare Blitz|p2b: Tyranitar
|-resisted|p2b: Tyranitar
|-damage|p2b: Tyranitar|88/100
|-damage|p1a: Incineroar|60/100|[from] Recoil
|move|p2a: Corviknight|Body Press|p1a: Incineroar
|-supereffective|p1a: Incineroar
|-damage|p1a: Incineroar|14/100
|
|-weather|Sandstorm|[upkeep]
|-damage|p1b: Porygon2|66/100|[from] Sandstorm
|upkeep
|turn|3
|inactive|dotKuro has 30 seconds left.
|inactive|dotKuro has 20 seconds left.
|
|t:|1755437028
|-terastallize|p1b: Porygon2|Fighting
|move|p1b: Porygon2|Tera Blast|p2b: Tyranitar|[anim] Tera Blast Fighting
|-supereffective|p2b: Tyranitar
|-damage|p2b: Tyranitar|34/100
|move|p2b: Tyranitar|Rock Slide|p1a: Incineroar|[spread] p1a,p1b
|-supereffective|p1a: Incineroar
|-resisted|p1b: Porygon2
|-crit|p1b: Porygon2
|-damage|p1a: Incineroar|0 fnt
|-damage|p1b: Porygon2|55/100
|faint|p1a: Incineroar
|move|p2a: Corviknight|Body Press|p1b: Porygon2
|-damage|p1b: Porygon2|37/100
|
|-weather|Sandstorm|[upkeep]
|-damage|p1b: Porygon2|31/100|[from] Sandstorm
|upkeep
|
|t:|1755437047
|switch|p1a: Amoonguss|Amoonguss, L50, F|100/100
|turn|4
|inactive|GionnyBravo has 30 seconds left.
|inactive|dotKuro has 30 seconds left.
|
|t:|1755437076
|switch|p2b: Gholdengo|Gholdengo, L50, tera:Steel|100/100
|move|p1a: Amoonguss|Spore|p2a: Corviknight
|-status|p2a: Corviknight|slp|[from] move: Spore
|move|p1b: Porygon2|Recover|p1b: Porygon2
|-heal|p1b: Porygon2|81/100
|cant|p2a: Corviknight|slp
|
|-weather|Sandstorm|[upkeep]
|-damage|p1a: Amoonguss|95/100|[from] Sandstorm
|-damage|p1b: Porygon2|74/100|[from] Sandstorm
|upkeep
|turn|5
|inactive|dotKuro has 30 seconds left.
|
|t:|1755437102
|switch|p2a: Garchomp|Garchomp, L50, M|100/100
|move|p1a: Amoonguss|Pollen Puff|p1b: Porygon2
|-heal|p1b: Porygon2|100/100
|move|p1b: Porygon2|Tera Blast|p2b: Gholdengo|[anim] Tera Blast Fighting
|-supereffective|p2b: Gholdengo
|-damage|p2b: Gholdengo|0 fnt
|faint|p2b: Gholdengo
|
|-weather|Sandstorm|[upkeep]
|-damage|p1a: Amoonguss|89/100|[from] Sandstorm
|-damage|p1b: Porygon2|94/100|[from] Sandstorm
|-fieldend|move: Trick Room
|upkeep
|-message|dotKuro forfeited.
|
|win|GionnyBravo
|raw|GionnyBravo's rating: 1280 → 1302(+22 for winning)
|raw|dotKuro's rating: 1232 → 1210(-22 for losing)
