|j|☆dxmxim
|j|☆Destroyer212188
|html|dxmximDestroyer212188    
|uhtml|bestof|Game 1 of a best-of-3
|t:|1757846034
|gametype|doubles
|player|p1|dxmxim|265|1070
|player|p2|Destroyer212188|169|1066
|gen|9
|tier|[Gen 9] VGC 2025 Reg H (Bo3)
|rated|
|rule|Species Clause: Limit one of each Pokémon
|rule|Item Clause: Limit 1 of each item
|clearpoke
|poke|p1|Incineroar, L50, M|
|poke|p1|Rotom-Wash, L50|
|poke|p1|Rillaboom, L50, F|
|poke|p1|Venonat, L50, M|
|poke|p1|Gholdengo, L50|
|poke|p1|Dragonite, L50, F|
|poke|p2|Gholdengo, L50|
|poke|p2|Rillaboom, L50, M|
|poke|p2|Incineroar, L50, F|
|poke|p2|Ursaluna-Bloodmoon, L50, M|
|poke|p2|Dragonite, L50, F|
|poke|p2|Rotom-Wash, L50|
|teampreview|4
|showteam|p1|Incineroar||SafetyGoggles|Intimidate|FakeOut,PartingShot,FlareBlitz,Protect|||M|||50|,,,,,Ghost]Rotom-Wash||AssaultVest|Levitate|HydroPump,VoltSwitch,Thunderbolt,Electroweb||||||50|,,,,,Dragon]Rillaboom||GrassySeed|GrassySurge|Uturn,GrassyGlide,WoodHammer,FakeOut|||F|||50|,,,,,Fire]Venonat||Eviolite|CompoundEyes|RagePowder,SleepPowder,Toxic,MorningSun|||M|||50|,,,,,Grass]Gholdengo||LifeOrb|GoodasGold|ShadowBall,Protect,NastyPlot,MakeItRain||||||50|,,,,,Water]Dragonite||LoadedDice|Multiscale|ExtremeSpeed,ScaleShot,Haze,Tailwind|||F|||50|,,,,,Normal
|showteam|p2|Gholdengo||LifeOrb|GoodasGold|MakeItRain,ShadowBall,NastyPlot,Protect||||||50|,,,,,Water]Rillaboom||MiracleSeed|GrassySurge|WoodHammer,FakeOut,Protect,GrassyGlide|||M|||50|,,,,,Fire]Incineroar||SafetyGoggles|Intimidate|FakeOut,KnockOff,Taunt,PartingShot|||F|||50|,,,,,Ghost]Ursaluna-Bloodmoon||AssaultVest|MindsEye|BloodMoon,HyperVoice,EarthPower,VacuumWave|||M|||50|,,,,,Normal]Dragonite||LoadedDice|Multiscale|ScaleShot,ExtremeSpeed,Tailwind,Protect|||F|||50|,,,,,Fairy]Rotom-Wash||ChoiceScarf|Levitate|Thunderbolt,VoltSwitch,HydroPump,Electroweb||||||50|,,,,,Stellar
|inactive|Battle timer is ON: inactive players will automatically lose when time's up. (requested by dxmxim)
|inactive|Destroyer212188 has 60 seconds left.
|inactive|Destroyer212188 has 30 seconds left.
|
|t:|1757846102
|teamsize|p1|4
|teamsize|p2|4
|start
|switch|p1a: Rotom|Rotom-Wash, L50|100/100
|switch|p1b: Furry Bait|Incineroar, L50, M, shiny|100/100
|switch|p2a: Incineroar|Incineroar, L50, F|100/100
|switch|p2b: Dragonite|Dragonite, L50, F|100/100
|-ability|p1b: Furry Bait|Intimidate|boost
|-unboost|p2a: Incineroar|atk|1
|-unboost|p2b: Dragonite|atk|1
|-ability|p2a: Incineroar|Intimidate|boost
|-unboost|p1a: Rotom|atk|1
|-unboost|p1b: Furry Bait|atk|1
|turn|1
|
|t:|1757846124
|move|p2b: Dragonite|Protect|p2b: Dragonite
|-singleturn|p2b: Dragonite|Protect
|move|p1b: Furry Bait|Fake Out|p2b: Dragonite
|-activate|p2b: Dragonite|move: Protect
|move|p2a: Incineroar|Fake Out|p1a: Rotom
|-damage|p1a: Rotom|93/100
|cant|p1a: Rotom|flinch
|
|upkeep
|turn|2
|inactive|Destroyer212188 has 30 seconds left.
|
|t:|1757846158
|move|p1a: Rotom|Electroweb|p2a: Incineroar|[spread] p2a,p2b
|-crit|p2b: Dragonite
|-damage|p2a: Incineroar|84/100
|-damage|p2b: Dragonite|88/100
|-unboost|p2a: Incineroar|spe|1
|-unboost|p2b: Dragonite|spe|1
|move|p1b: Furry Bait|Parting Shot|p2b: Dragonite
|-unboost|p2b: Dragonite|atk|1
|-unboost|p2b: Dragonite|spa|1
|
|t:|1757846170
|switch|p1b: Dragonite|Dragonite, L50, F|100/100|[from] Parting Shot
|move|p2b: Dragonite|Tailwind|p2b: Dragonite
|-sidestart|p2: Destroyer212188|move: Tailwind
|move|p2a: Incineroar|Parting Shot|p1a: Rotom
|-unboost|p1a: Rotom|atk|1
|-unboost|p1a: Rotom|spa|1
|
|t:|1757846193
|switch|p2a: Rotom|Rotom-Wash, L50|100/100|[from] Parting Shot
|
|upkeep
|turn|3
|
|t:|1757846209
|switch|p2b: Incineroar|Incineroar, L50, F|84/100
|-ability|p2b: Incineroar|Intimidate|boost
|-unboost|p1a: Rotom|atk|1
|-unboost|p1b: Dragonite|atk|1
|move|p2a: Rotom|Electroweb|p1b: Dragonite|[spread] p1a,p1b
|-damage|p1a: Rotom|79/100
|-damage|p1b: Dragonite|93/100
|-unboost|p1a: Rotom|spe|1
|-unboost|p1b: Dragonite|spe|1
|move|p1b: Dragonite|Tailwind|p1b: Dragonite
|-sidestart|p1: dxmxim|move: Tailwind
|move|p1a: Rotom|Volt Switch|p2a: Rotom
|-damage|p2a: Rotom|72/100
|
|t:|1757846224
|switch|p1a: Gholdengo|Gholdengo, L50|100/100|[from] Volt Switch
|
|upkeep
|turn|4
|
|t:|1757846245
|move|p1a: Gholdengo|Protect|p1a: Gholdengo
|-singleturn|p1a: Gholdengo|Protect
|move|p2a: Rotom|Electroweb|p1b: Dragonite|[spread] p1b
|-activate|p1a: Gholdengo|move: Protect
|-damage|p1b: Dragonite|78/100
|-unboost|p1b: Dragonite|spe|1
|move|p2b: Incineroar|Knock Off|p1a: Gholdengo
|-activate|p1a: Gholdengo|move: Protect
|move|p1b: Dragonite|Scale Shot|p2a: Rotom
|-damage|p2a: Rotom|62/100
|-damage|p2a: Rotom|51/100
|-damage|p2a: Rotom|41/100
|-damage|p2a: Rotom|31/100
|-hitcount|p2a: Rotom|4
|-unboost|p1b: Dragonite|def|1
|-boost|p1b: Dragonite|spe|1
|
|upkeep
|turn|5
|inactive|dxmxim has 30 seconds left.
|
|t:|1757846274
|switch|p1b: Furry Bait|Incineroar, L50, M, shiny|100/100
|-ability|p1b: Furry Bait|Intimidate|boost
|-unboost|p2a: Rotom|atk|1
|-unboost|p2b: Incineroar|atk|1
|-terastallize|p1a: Gholdengo|Water
|move|p2a: Rotom|Electroweb|p1a: Gholdengo|[spread] p1a,p1b
|-supereffective|p1a: Gholdengo
|-damage|p1a: Gholdengo|61/100
|-damage|p1b: Furry Bait|83/100
|-unboost|p1a: Gholdengo|spe|1
|-unboost|p1b: Furry Bait|spe|1
|move|p1a: Gholdengo|Make It Rain|p2b: Incineroar|[spread] p2a,p2b
|-resisted|p2a: Rotom
|-resisted|p2b: Incineroar
|-damage|p2a: Rotom|9/100
|-damage|p2b: Incineroar|60/100
|-unboost|p1a: Gholdengo|spa|1
|-damage|p1a: Gholdengo|51/100|[from] item: Life Orb
|move|p2b: Incineroar|Knock Off|p1a: Gholdengo
|-damage|p1a: Gholdengo|23/100
|-enditem|p1a: Gholdengo|Life Orb|[from] move: Knock Off|[of] p2b: Incineroar
|
|-sideend|p2: Destroyer212188|move: Tailwind
|upkeep
|turn|6
|inactive|Destroyer212188 has 30 seconds left.
|inactive|Destroyer212188 has 20 seconds left.
|inactive|Destroyer212188 has 15 seconds left.
|inactive|Destroyer212188 has 10 seconds left.
|
|t:|1757846322
|switch|p1a: Rotom|Rotom-Wash, L50|79/100
|move|p1b: Furry Bait|Fake Out|p2a: Rotom
|-damage|p2a: Rotom|0 fnt
|faint|p2a: Rotom
|move|p2b: Incineroar|Knock Off|p1a: Rotom
|-damage|p1a: Rotom|53/100
|-enditem|p1a: Rotom|Assault Vest|[from] move: Knock Off|[of] p2b: Incineroar
|
|-sideend|p1: dxmxim|move: Tailwind
|upkeep
|
|t:|1757846336
|switch|p2a: Dragonite|Dragonite, L50, F|88/100
|turn|7
|
|t:|1757846351
|move|p1a: Rotom|Hydro Pump|p2b: Incineroar|[miss]
|-miss|p1a: Rotom|p2b: Incineroar
|move|p2a: Dragonite|Scale Shot|p1a: Rotom
|-damage|p1a: Rotom|36/100
|-damage|p1a: Rotom|21/100
|-damage|p1a: Rotom|3/100
|-damage|p1a: Rotom|0 fnt
|faint|p1a: Rotom
|-hitcount|p1: Rotom|4
|-unboost|p2a: Dragonite|def|1
|-boost|p2a: Dragonite|spe|1
|move|p2b: Incineroar|Knock Off|p1b: Furry Bait
|-resisted|p1b: Furry Bait
|-damage|p1b: Furry Bait|69/100
|-enditem|p1b: Furry Bait|Safety Goggles|[from] move: Knock Off|[of] p2b: Incineroar
|move|p1b: Furry Bait|Parting Shot|p2a: Dragonite
|-unboost|p2a: Dragonite|atk|1
|-unboost|p2a: Dragonite|spa|1
|
|t:|1757846363
|switch|p1b: Dragonite|Dragonite, L50, F|78/100|[from] Parting Shot
|
|upkeep
|
|t:|1757846367
|switch|p1a: Gholdengo|Gholdengo, L50, tera:Water|23/100
|turn|8
|
|t:|1757846387
|switch|p1a: Furry Bait|Incineroar, L50, M, shiny|69/100
|-ability|p1a: Furry Bait|Intimidate|boost
|-unboost|p2a: Dragonite|atk|1
|-unboost|p2b: Incineroar|atk|1
|move|p2a: Dragonite|Scale Shot|p1b: Dragonite
|-supereffective|p1b: Dragonite
|-damage|p1b: Dragonite|62/100
|-supereffective|p1b: Dragonite
|-damage|p1b: Dragonite|46/100
|-supereffective|p1b: Dragonite
|-damage|p1b: Dragonite|31/100
|-supereffective|p1b: Dragonite
|-damage|p1b: Dragonite|17/100
|-supereffective|p1b: Dragonite
|-damage|p1b: Dragonite|1/100
|-hitcount|p1b: Dragonite|5
|-unboost|p2a: Dragonite|def|1
|-boost|p2a: Dragonite|spe|1
|move|p1b: Dragonite|Tailwind|p1b: Dragonite
|-sidestart|p1: dxmxim|move: Tailwind
|move|p2b: Incineroar|Knock Off|p1a: Furry Bait
|-resisted|p1a: Furry Bait
|-damage|p1a: Furry Bait|63/100
|
|upkeep
|turn|9
|inactive|Destroyer212188 has 30 seconds left.
|
|t:|1757846414
|move|p1a: Furry Bait|Fake Out|p2b: Incineroar
|-damage|p2b: Incineroar|48/100
|move|p2a: Dragonite|Extreme Speed|p1b: Dragonite
|-damage|p1b: Dragonite|0 fnt
|faint|p1b: Dragonite
|cant|p2b: Incineroar|flinch
|
|upkeep
|
|t:|1757846420
|switch|p1b: Gholdengo|Gholdengo, L50, tera:Water|23/100
|turn|10
|
|t:|1757846429
|move|p1a: Furry Bait|Protect|p1a: Furry Bait
|-singleturn|p1a: Furry Bait|Protect
|move|p2a: Dragonite|Extreme Speed|p1b: Gholdengo
|-damage|p1b: Gholdengo|6/100
|move|p1b: Gholdengo|Nasty Plot|p1b: Gholdengo
|-boost|p1b: Gholdengo|spa|2
|move|p2b: Incineroar|Parting Shot|p1b: Gholdengo
|-immune|p1b: Gholdengo|[from] ability: Good as Gold
|
|upkeep
|turn|11
|j| 2kitkat
|
|t:|1757846450
|move|p1b: Gholdengo|Protect|p1b: Gholdengo
|-singleturn|p1b: Gholdengo|Protect
|move|p2a: Dragonite|Protect|p2a: Dragonite
|-singleturn|p2a: Dragonite|Protect
|move|p1a: Furry Bait|Flare Blitz|p2a: Dragonite
|-activate|p2a: Dragonite|move: Protect
|move|p2b: Incineroar|Knock Off|p1b: Gholdengo
|-activate|p1b: Gholdengo|move: Protect
|
|-sideend|p1: dxmxim|move: Tailwind
|upkeep
|turn|12
|
|t:|1757846473
|move|p1b: Gholdengo|Protect||[still]
|-fail|p1b: Gholdengo
|move|p2a: Dragonite|Tailwind|p2a: Dragonite
|-sidestart|p2: Destroyer212188|move: Tailwind
|move|p2b: Incineroar|Knock Off|p1b: Gholdengo
|-damage|p1b: Gholdengo|0 fnt
|faint|p1b: Gholdengo
|move|p1a: Furry Bait|Flare Blitz|p2a: Dragonite
|-resisted|p2a: Dragonite
|-crit|p2a: Dragonite
|-damage|p2a: Dragonite|0 fnt
|faint|p2a: Dragonite
|-damage|p1a: Furry Bait|31/100|[from] Recoil
|
|upkeep
|
|t:|1757846485
|switch|p2a: Ursaluna|Ursaluna-Bloodmoon, L50, M|100/100
|turn|13
|
|t:|1757846495
|move|p2a: Ursaluna|Earth Power|p1a: Furry Bait
|-supereffective|p1a: Furry Bait
|-damage|p1a: Furry Bait|0 fnt
|faint|p1a: Furry Bait
|
|win|Destroyer212188
|l|☆dxmxim
|player|p1|
||dxmxim is ready for game 2.
|inactive|Destroyer212188 has 30 seconds to confirm battle start!
||Destroyer212188 is ready for game 2.
|uhtml|next|Next: Game 2 of 3
|l| 2kitkat
|l|☆Destroyer212188
|player|p2|
