|j|☆lanagram
|j|☆Pelosis
|html|lanagramPelosis    
|uhtml|bestof|Game 1 of a best-of-3
|t:|1783956592
|gametype|doubles
|player|p1|lanagram|1|1039
|player|p2|Pelosis|265|1055
|gen|9
|tier|[Gen 9 Champions] VGC 2026 Reg M-B (Bo3)
|rated|
|rule|Species Clause: Limit one of each Pokémon
|rule|Item Clause: Limit 1 of each item
|clearpoke
|poke|p1|Metagross, L50|
|poke|p1|Sinistcha, L50|
|poke|p1|Archaludon, L50, F|
|poke|p1|Sneasler, L50, F|
|poke|p1|Pelipper, L50, F|
|poke|p1|Tyranitar, L50, F|
|poke|p2|Mawile, L50, M|
|poke|p2|Farigiraf, L50, M|
|poke|p2|Incineroar, L50, F|
|poke|p2|Torkoal, L50, M|
|poke|p2|Venusaur, L50, M|
|poke|p2|Scrafty, L50, F|
|teampreview|4
|showteam|p1|Metagross||Metagrossite|ClearBody|PsychicFangs,StompingTantrum,Trailblaze,Protect|Jolly|||||50|]Sinistcha||KasibBerry|Hospitality|MatchaGotcha,ShadowBall,RagePowder,TrickRoom|Calm|||||50|]Archaludon||Leftovers|Stamina|ElectroShot,Snarl,FlashCannon,Protect|Modest||F|||50|]Sneasler||FocusSash|Unburden|CloseCombat,PoisonJab,FakeOut,Coaching|Jolly||F|||50|]Pelipper||DampRock|Drizzle|Hurricane,Tailwind,WeatherBall,Protect|Modest||F|||50|]Tyranitar||Tyranitarite|SandStream|RockSlide,Crunch,LowKick,Protect|Jolly||F|||50|
|showteam|p2|Mawile||Mawilite|HyperCutter|Protect,PlayRough,RockSlide,SuckerPunch|Brave||M|||50|]Farigiraf||SitrusBerry|ArmorTail|TrickRoom,TwinBeam,Thunderbolt,HelpingHand|Quiet||M|||50|]Incineroar||WhiteHerb|Intimidate|FakeOut,CloseCombat,FlareBlitz,ThroatChop|Brave||F|||50|]Torkoal||Charcoal|Drought|Protect,Eruption,HeatWave,WeatherBall|Quiet||M|||50|]Venusaur||FocusSash|Chlorophyll|SleepPowder,EarthPower,EnergyBall,SludgeBomb|Modest||M|||50|]Scrafty||Scraftinite|Intimidate|FakeOut,CloseCombat,KnockOff,IcePunch|Brave||F|||50|
|inactive|Battle timer is ON: inactive players will automatically lose when time's up. (requested by Pelosis)
|inactive|lanagram has 60 seconds left.
|
|t:|1783956659
|teamsize|p1|4
|teamsize|p2|4
|start
|switch|p1a: Sneasler|Sneasler, L50, F|100/100
|switch|p1b: Pelipper|Pelipper, L50, F|100/100
|switch|p2a: Incineroar|Incineroar, L50, F|100/100
|switch|p2b: Farigiraf|Farigiraf, L50, M|100/100
|-weather|RainDance|[from] ability: Drizzle|[of] p1b: Pelipper
|-ability|p2a: Incineroar|Intimidate|boost
|-unboost|p1a: Sneasler|atk|1
|-unboost|p1b: Pelipper|atk|1
|turn|1
|inactive|Pelosis has 30 seconds left.
|
|t:|1783956694
|switch|p1b: Archaludon|Archaludon, L50, F|100/100
|move|p2a: Incineroar|Fake Out|p1b: Archaludon
|-resisted|p1b: Archaludon|1
|-damage|p1b: Archaludon|94/100
|-ability|p1b: Archaludon|Stamina|boost
|-boost|p1b: Archaludon|def|1
|move|p1a: Sneasler|Coaching|p1b: Archaludon
|-boost|p1b: Archaludon|atk|1
|-boost|p1b: Archaludon|def|1
|move|p2b: Farigiraf|Trick Room|p2b: Farigiraf
|-fieldstart|move: Trick Room|[of] p2b: Farigiraf
|
|-weather|RainDance|[upkeep]
|-heal|p1b: Archaludon|100/100|[from] item: Leftovers
|upkeep
|turn|2
|inactive|lanagram has 30 seconds left.
|inactive|Pelosis has 30 seconds left.
|
|t:|1783956728
|switch|p2a: Torkoal|Torkoal, L50, M|100/100
|-weather|SunnyDay|[from] ability: Drought|[of] p2a: Torkoal
|switch|p1a: Metagross|Metagross, L50|100/100
|move|p2b: Farigiraf|Twin Beam|p1a: Metagross
|-resisted|p1a: Metagross|2
|-damage|p1a: Metagross|95/100
|-resisted|p1a: Metagross|2
|-damage|p1a: Metagross|90/100
|-hitcount|p1a: Metagross|2
|move|p1b: Archaludon|Snarl|p2b: Farigiraf|[spread] p2a,p2b
|-supereffective|p2b: Farigiraf|1
|-damage|p2a: Torkoal|83/100
|-damage|p2b: Farigiraf|76/100
|-unboost|p2a: Torkoal|spa|1
|-unboost|p2b: Farigiraf|spa|1
|
|-weather|SunnyDay|[upkeep]
|upkeep
|turn|3
|inactive|Pelosis has 30 seconds left.
|
|t:|1783956757
|move|p2b: Farigiraf|Helping Hand|p2a: Torkoal
|-singleturn|p2a: Torkoal|Helping Hand|[of] p2b: Farigiraf
|move|p1a: Metagross|Protect|p1a: Metagross
|-singleturn|p1a: Metagross|Protect
|move|p2a: Torkoal|Weather Ball|p1b: Archaludon
|-damage|p1b: Archaludon|25/100
|-ability|p1b: Archaludon|Stamina|boost
|-boost|p1b: Archaludon|def|1
|move|p1b: Archaludon|Snarl|p2a: Torkoal|[spread] p2a,p2b
|-supereffective|p2b: Farigiraf|1
|-damage|p2a: Torkoal|64/100
|-damage|p2b: Farigiraf|54/100
|-unboost|p2a: Torkoal|spa|1
|-unboost|p2b: Farigiraf|spa|1
|
|-weather|SunnyDay|[upkeep]
|-heal|p1b: Archaludon|31/100|[from] item: Leftovers
|upkeep
|turn|4
|inactive|Pelosis has 30 seconds left.
|
|t:|1783956782
|switch|p2a: Mawile|Mawile, L50, M|100/100
|switch|p1a: Pelipper|Pelipper, L50, F|100/100
|-weather|RainDance|[from] ability: Drizzle|[of] p1a: Pelipper
|move|p2b: Farigiraf|Thunderbolt|p1a: Pelipper
|-supereffective|p1a: Pelipper|2
|-damage|p1a: Pelipper|16/100
|move|p1b: Archaludon|Electro Shot||[still]
|-prepare|p1b: Archaludon|Electro Shot
|-boost|p1b: Archaludon|spa|1
|-anim|p1b: Archaludon|Electro Shot|p2b: Farigiraf
|-damage|p2b: Farigiraf|0 fnt
|faint|p2b: Farigiraf
|
|-weather|RainDance|[upkeep]
|-heal|p1b: Archaludon|37/100|[from] item: Leftovers
|upkeep
|
|t:|1783956801
|switch|p2b: Torkoal|Torkoal, L50, M|64/100
|-weather|SunnyDay|[from] ability: Drought|[of] p2b: Torkoal
|turn|5
|
|t:|1783956811
|switch|p2b: Incineroar|Incineroar, L50, F|100/100
|-ability|p2b: Incineroar|Intimidate|boost
|-unboost|p1a: Pelipper|atk|1
|-unboost|p1b: Archaludon|atk|1
|switch|p1a: Sneasler|Sneasler, L50, F|100/100
|detailschange|p2a: Mawile|Mawile-Mega, L50, M
|-mega|p2a: Mawile|Mawile|Mawilite
|move|p1b: Archaludon|Protect|p1b: Archaludon
|-singleturn|p1b: Archaludon|Protect
|move|p2a: Mawile|Rock Slide|p1a: Sneasler|[spread] 
|-activate|p1b: Archaludon|move: Protect
|-miss|p2a: Mawile|p1a: Sneasler
|
|-weather|SunnyDay|[upkeep]
|-heal|p1b: Archaludon|43/100|[from] item: Leftovers
|-fieldend|move: Trick Room
|upkeep
|turn|6
|inactive|lanagram has 30 seconds left.
|inactive|Pelosis has 30 seconds left.
|inactive|lanagram has 20 seconds left.
|inactive|lanagram has 15 seconds left.
|inactive|lanagram has 10 seconds left.
|
|t:|1783956856
|move|p1a: Sneasler|Fake Out|p2b: Incineroar
|-damage|p2b: Incineroar|85/100
|cant|p2b: Incineroar|flinch
|move|p1b: Archaludon|Flash Cannon|p2a: Mawile
|-damage|p2a: Mawile|36/100
|move|p2a: Mawile|Play Rough|p1b: Archaludon
|-damage|p1b: Archaludon|17/100
|-unboost|p1b: Archaludon|atk|1
|-ability|p1b: Archaludon|Stamina|boost
|-boost|p1b: Archaludon|def|1
|
|-weather|SunnyDay|[upkeep]
|-heal|p1b: Archaludon|23/100|[from] item: Leftovers
|upkeep
|turn|7
|inactive|Pelosis has 30 seconds left.
|inactive|Pelosis has 20 seconds left.
|
|t:|1783956895
|switch|p2b: Torkoal|Torkoal, L50, M|64/100
|move|p1b: Archaludon|Protect|p1b: Archaludon
|-singleturn|p1b: Archaludon|Protect
|move|p2a: Mawile|Protect|p2a: Mawile
|-singleturn|p2a: Mawile|Protect
|move|p1a: Sneasler|Close Combat|p2b: Torkoal
|-damage|p2b: Torkoal|19/100
|-unboost|p1a: Sneasler|def|1
|-unboost|p1a: Sneasler|spd|1
|
|-weather|SunnyDay|[upkeep]
|-heal|p1b: Archaludon|28/100|[from] item: Leftovers
|upkeep
|turn|8
|
|t:|1783956919
|switch|p2a: Incineroar|Incineroar, L50, F|85/100
|-ability|p2a: Incineroar|Intimidate|boost
|-unboost|p1a: Sneasler|atk|1
|-unboost|p1b: Archaludon|atk|1
|move|p1a: Sneasler|Close Combat|p2b: Torkoal
|-damage|p2b: Torkoal|0 fnt
|-unboost|p1a: Sneasler|def|1
|-unboost|p1a: Sneasler|spd|1
|faint|p2b: Torkoal
|move|p1b: Archaludon|Flash Cannon|p2a: Incineroar
|-resisted|p2a: Incineroar|1
|-damage|p2a: Incineroar|56/100
|-unboost|p2a: Incineroar|spd|1
|-enditem|p2a: Incineroar|White Herb
|-clearnegativeboost|p2a: Incineroar|[silent]
|
|-weather|SunnyDay|[upkeep]
|-heal|p1b: Archaludon|34/100|[from] item: Leftovers
|upkeep
|
|t:|1783956934
|switch|p2b: Mawile|Mawile-Mega, L50, M|36/100
|turn|9
|
|t:|1783956954
|switch|p1a: Pelipper|Pelipper, L50, F|16/100
|-weather|RainDance|[from] ability: Drizzle|[of] p1a: Pelipper
|move|p1b: Archaludon|Protect|p1b: Archaludon
|-singleturn|p1b: Archaludon|Protect
|move|p2a: Incineroar|Fake Out|p1a: Pelipper
|-damage|p1a: Pelipper|0 fnt
|faint|p1a: Pelipper
|move|p2b: Mawile|Play Rough|p1b: Archaludon
|-activate|p1b: Archaludon|move: Protect
|
|-weather|RainDance|[upkeep]
|-heal|p1b: Archaludon|40/100|[from] item: Leftovers
|upkeep
|
|t:|1783956970
|switch|p1a: Sneasler|Sneasler, L50, F|100/100
|turn|10
|
|t:|1783956980
|move|p2b: Mawile|Protect|p2b: Mawile
|-singleturn|p2b: Mawile|Protect
|move|p1a: Sneasler|Close Combat|p2a: Incineroar
|-supereffective|p2a: Incineroar|1
|-damage|p2a: Incineroar|0 fnt
|-unboost|p1a: Sneasler|def|1
|-unboost|p1a: Sneasler|spd|1
|faint|p2a: Incineroar
|move|p1b: Archaludon|Flash Cannon|p2b: Mawile
|-activate|p2b: Mawile|move: Protect
|
|-weather|RainDance|[upkeep]
|-heal|p1b: Archaludon|46/100|[from] item: Leftovers
|upkeep
|turn|11
|-message|Pelosis forfeited.
|
|win|lanagram
