|j|☆I am the Sweeper
|j|☆Pukeej
|html|I am the SweeperPukeej    
|uhtml|bestof|Game 2 of a best-of-3
|t:|1756373144
|gametype|doubles
|player|p1|I am the Sweeper|janitor|1129
|player|p2|Pukeej|wattson|1188
|gen|9
|tier|[Gen 9] VGC 2025 Reg H (Bo3)
|rated|
|rule|Species Clause: Limit one of each Pokémon
|rule|Item Clause: Limit 1 of each item
|clearpoke
|poke|p1|Garganacl, L50, M|
|poke|p1|Dondozo, L50, M|
|poke|p1|Sneasler, L50, M|
|poke|p1|Gholdengo, L50|
|poke|p1|Ninetales-Alola, L50, M|
|poke|p1|Incineroar, L50, F|
|poke|p2|Garchomp, L50, F|
|poke|p2|Hydreigon, L50, F|
|poke|p2|Gholdengo, L50|
|poke|p2|Electabuzz, L50, M|
|poke|p2|Incineroar, L50, F|
|poke|p2|Sneasler, L50, F|
|teampreview|4
|showteam|p1|Garganacl||MarangaBerry|PurifyingSalt|SaltCure,StealthRock,Protect,Recover|||M|||50|,,,,,Flying]Dondozo||Leftovers|Unaware|Liquidation,Yawn,Curse,Protect|||M|||50|,,,,,Poison]Sneasler||FocusSash|PoisonTouch|DireClaw,CloseCombat,Coaching,Protect|||M|||50|,,,,,Ghost]Gholdengo||ChoiceScarf|GoodasGold|MakeItRain,ShadowBall,Trick,PowerGem||||||50|,,,,,Steel]Ninetales-Alola||NeverMeltIce|SnowWarning|Blizzard,FreezeDry,Protect,AuroraVeil|||M|||50|,,,,,Ice]Incineroar||AssaultVest|Intimidate|FlareBlitz,KnockOff,FakeOut,DrainPunch|||F|||50|,,,,,Grass
|showteam|p2|Garchomp||LifeOrb|RoughSkin|Earthquake,StompingTantrum,DragonClaw,Protect|||F|||50|,,,,,Ground]Hydreigon||CovertCloak|Levitate|DracoMeteor,Snarl,Tailwind,Protect|||F|||50|,,,,,Fire]Gholdengo||Leftovers|GoodasGold|MakeItRain,ShadowBall,NastyPlot,Protect||||||50|,,,,,Flying]Electabuzz||Eviolite|VitalSpirit|Electroweb,FollowMe,Taunt,Protect|||M|||50|,,,,,Ghost]Incineroar||SafetyGoggles|Intimidate|FakeOut,KnockOff,FlareBlitz,PartingShot|||F|||50|,,,,,Ghost]Sneasler||ClearAmulet|PoisonTouch|CloseCombat,DireClaw,Coaching,Protect|||F|||50|,,,,,Stellar
|inactive|Battle timer is ON: inactive players will automatically lose when time's up. (requested by Pukeej)
|inactive|I am the Sweeper has 60 seconds left.
|inactive|I am the Sweeper has 30 seconds left.
|
|t:|1756373214
|teamsize|p1|4
|teamsize|p2|4
|start
|switch|p1a: Garganacl|Garganacl, L50, M|100/100
|switch|p1b: Incineroar|Incineroar, L50, F|100/100
|switch|p2a: Electabuzz|Electabuzz, L50, M|100/100
|switch|p2b: Gholdengo|Gholdengo, L50|100/100
|-ability|p1b: Incineroar|Intimidate|boost
|-unboost|p2a: Electabuzz|atk|1
|-unboost|p2b: Gholdengo|atk|1
|turn|1
|inactive|I am the Sweeper has 30 seconds left.
|inactive|Pukeej has 30 seconds left.
|inactive|I am the Sweeper has 20 seconds left.
|inactive|I am the Sweeper has 15 seconds left.
|
|t:|1756373255
|-terastallize|p1a: Garganacl|Flying
|move|p2a: Electabuzz|Protect|p2a: Electabuzz
|-singleturn|p2a: Electabuzz|Protect
|move|p2b: Gholdengo|Protect|p2b: Gholdengo
|-singleturn|p2b: Gholdengo|Protect
|move|p1b: Incineroar|Fake Out|p2a: Electabuzz
|-activate|p2a: Electabuzz|move: Protect
|move|p1a: Garganacl|Salt Cure|p2b: Gholdengo
|-activate|p2b: Gholdengo|move: Protect
|
|upkeep
|turn|2
|inactive|I am the Sweeper has 30 seconds left.
|
|t:|1756373282
|move|p2a: Electabuzz|Follow Me|p2a: Electabuzz
|-singleturn|p2a: Electabuzz|move: Follow Me
|move|p2b: Gholdengo|Nasty Plot|p2b: Gholdengo
|-boost|p2b: Gholdengo|spa|2
|move|p1b: Incineroar|Knock Off|p2a: Electabuzz
|-damage|p2a: Electabuzz|61/100
|-enditem|p2a: Electabuzz|Eviolite|[from] move: Knock Off|[of] p1b: Incineroar
|move|p1a: Garganacl|Salt Cure|p2a: Electabuzz
|-damage|p2a: Electabuzz|43/100
|-start|p2a: Electabuzz|Salt Cure
|
|-damage|p2a: Electabuzz|30/100|[from] Salt Cure
|upkeep
|turn|3
|
|t:|1756373303
|move|p2a: Electabuzz|Follow Me|p2a: Electabuzz
|-singleturn|p2a: Electabuzz|move: Follow Me
|move|p2b: Gholdengo|Make It Rain|p1b: Incineroar|[spread] p1a,p1b
|-resisted|p1b: Incineroar
|-damage|p1a: Garganacl|35/100
|-damage|p1b: Incineroar|68/100
|-unboost|p2b: Gholdengo|spa|1
|-enditem|p1a: Garganacl|Maranga Berry|[eat]
|-boost|p1a: Garganacl|spd|1|[from] item: Maranga Berry
|move|p1b: Incineroar|Flare Blitz|p2a: Electabuzz
|-damage|p2a: Electabuzz|0 fnt
|faint|p2a: Electabuzz
|-damage|p1b: Incineroar|59/100|[from] Recoil
|move|p1a: Garganacl|Salt Cure|p2b: Gholdengo
|-resisted|p2b: Gholdengo
|-damage|p2b: Gholdengo|94/100
|-start|p2b: Gholdengo|Salt Cure
|
|-heal|p2b: Gholdengo|100/100|[from] item: Leftovers
|-damage|p2b: Gholdengo|75/100|[from] Salt Cure
|upkeep
|
|t:|1756373310
|switch|p2a: Hydreigon|Hydreigon, L50, F|100/100
|turn|4
|inactive|I am the Sweeper has 30 seconds left.
|inactive|I am the Sweeper has 20 seconds left.
|inactive|I am the Sweeper has 15 seconds left.
|inactive|I am the Sweeper has 10 seconds left.
|inactive|I am the Sweeper has 5 seconds left.
|
|t:|1756373363
|move|p1a: Garganacl|Protect|p1a: Garganacl
|-singleturn|p1a: Garganacl|Protect
|move|p2a: Hydreigon|Snarl|p1a: Garganacl|[spread] p1b
|-activate|p1a: Garganacl|move: Protect
|-resisted|p1b: Incineroar
|-damage|p1b: Incineroar|52/100
|-unboost|p1b: Incineroar|spa|1
|move|p2b: Gholdengo|Make It Rain|p1a: Garganacl|[spread] p1b
|-activate|p1a: Garganacl|move: Protect
|-resisted|p1b: Incineroar
|-damage|p1b: Incineroar|30/100
|-unboost|p2b: Gholdengo|spa|1
|move|p1b: Incineroar|Drain Punch|p2a: Hydreigon
|-supereffective|p2a: Hydreigon
|-damage|p2a: Hydreigon|51/100
|-heal|p1b: Incineroar|52/100|[from] drain|[of] p2a: Hydreigon
|
|-heal|p2b: Gholdengo|82/100|[from] item: Leftovers
|-damage|p2b: Gholdengo|57/100|[from] Salt Cure
|upkeep
|turn|5
|inactive|I am the Sweeper has 30 seconds left.
|inactive|Pukeej has 30 seconds left.
|inactive|I am the Sweeper has 20 seconds left.
|
|t:|1756373401
|move|p2a: Hydreigon|Draco Meteor|p1b: Incineroar
|-damage|p1b: Incineroar|8/100
|-unboost|p2a: Hydreigon|spa|2
|move|p2b: Gholdengo|Make It Rain|p1b: Incineroar|[spread] p1a,p1b
|-resisted|p1b: Incineroar
|-damage|p1a: Garganacl|13/100
|-damage|p1b: Incineroar|0 fnt
|-unboost|p2b: Gholdengo|spa|1
|faint|p1b: Incineroar
|move|p1a: Garganacl|Recover|p1a: Garganacl
|-heal|p1a: Garganacl|63/100
|
|-heal|p2b: Gholdengo|63/100|[from] item: Leftovers
|-damage|p2b: Gholdengo|38/100|[from] Salt Cure
|upkeep
|
|t:|1756373426
|switch|p1b: Sneasler|Sneasler, L50, M|100/100
|turn|6
|
|t:|1756373440
|switch|p2b: Garchomp|Garchomp, L50, F|100/100
|move|p2a: Hydreigon|Protect|p2a: Hydreigon
|-singleturn|p2a: Hydreigon|Protect
|move|p1b: Sneasler|Coaching|p1a: Garganacl
|-boost|p1a: Garganacl|atk|1
|-boost|p1a: Garganacl|def|1
|move|p1a: Garganacl|Recover|p1a: Garganacl
|-heal|p1a: Garganacl|100/100
|
|upkeep
|turn|7
|inactive|I am the Sweeper has 30 seconds left.
|inactive|Pukeej has 30 seconds left.
|inactive|I am the Sweeper has 20 seconds left.
|inactive|I am the Sweeper has 15 seconds left.
|
|t:|1756373485
|switch|p2a: Gholdengo|Gholdengo, L50|38/100
|move|p1b: Sneasler|Close Combat|p2a: Gholdengo
|-immune|p2a: Gholdengo
|move|p2b: Garchomp|Stomping Tantrum|p1b: Sneasler
|-supereffective|p1b: Sneasler
|-enditem|p1b: Sneasler|Focus Sash
|-damage|p1b: Sneasler|1/100
|-damage|p2b: Garchomp|91/100|[from] item: Life Orb
|move|p1a: Garganacl|Salt Cure|p2a: Gholdengo
|-resisted|p2a: Gholdengo
|-damage|p2a: Gholdengo|28/100
|-start|p2a: Gholdengo|Salt Cure
|
|-heal|p2a: Gholdengo|34/100|[from] item: Leftovers
|-damage|p2a: Gholdengo|9/100|[from] Salt Cure
|upkeep
|turn|8
|inactive|I am the Sweeper has 30 seconds left.
|inactive|Pukeej has 30 seconds left.
|inactive|I am the Sweeper has 20 seconds left.
|
|t:|1756373520
|switch|p2a: Hydreigon|Hydreigon, L50, F|51/100
|move|p1b: Sneasler|Coaching|p1a: Garganacl
|-boost|p1a: Garganacl|atk|1
|-boost|p1a: Garganacl|def|1
|move|p2b: Garchomp|Stomping Tantrum|p1b: Sneasler
|-supereffective|p1b: Sneasler
|-damage|p1b: Sneasler|0 fnt
|faint|p1b: Sneasler
|-damage|p2b: Garchomp|81/100|[from] item: Life Orb
|move|p1a: Garganacl|Salt Cure|p2b: Garchomp
|-resisted|p2b: Garchomp
|-damage|p2b: Garchomp|67/100
|-start|p2b: Garchomp|Salt Cure
|
|-damage|p2b: Garchomp|55/100|[from] Salt Cure
|upkeep
|
|t:|1756373536
|switch|p1b: Gholdengo|Gholdengo, L50|100/100
|turn|9
|inactive|I am the Sweeper has 30 seconds left.
|inactive|I am the Sweeper has 20 seconds left.
|inactive|I am the Sweeper has 15 seconds left.
|
|t:|1756373580
|-terastallize|p2a: Hydreigon|Fire
|move|p2b: Garchomp|Protect|p2b: Garchomp
|-singleturn|p2b: Garchomp|Protect
|move|p1b: Gholdengo|Trick|p2a: Hydreigon
|-activate|p1b: Gholdengo|move: Trick|[of] p2a: Hydreigon
|-item|p2a: Hydreigon|Choice Scarf|[from] move: Trick
|-item|p1b: Gholdengo|Covert Cloak|[from] move: Trick
|move|p2a: Hydreigon|Snarl|p1a: Garganacl|[spread] p1a
|-miss|p2a: Hydreigon|p1b: Gholdengo
|-damage|p1a: Garganacl|91/100
|-unboost|p1a: Garganacl|spa|1
|move|p1a: Garganacl|Stealth Rock|p2b: Garchomp
|-sidestart|p2: Pukeej|move: Stealth Rock
|
|-damage|p2b: Garchomp|43/100|[from] Salt Cure
|upkeep
|turn|10
|inactive|I am the Sweeper has 30 seconds left.
|
|t:|1756373608
|move|p2a: Hydreigon|Snarl|p1a: Garganacl|[spread] p1a,p1b
|-supereffective|p1b: Gholdengo
|-damage|p1a: Garganacl|82/100
|-damage|p1b: Gholdengo|48/100
|-unboost|p1a: Garganacl|spa|1
|move|p2b: Garchomp|Stomping Tantrum|p1b: Gholdengo
|-supereffective|p1b: Gholdengo
|-damage|p1b: Gholdengo|0 fnt
|faint|p1b: Gholdengo
|-damage|p2b: Garchomp|33/100|[from] item: Life Orb
|move|p1a: Garganacl|Salt Cure|p2a: Hydreigon
|-supereffective|p2a: Hydreigon
|-damage|p2a: Hydreigon|0 fnt
|faint|p2a: Hydreigon
|
|-damage|p2b: Garchomp|21/100|[from] Salt Cure
|upkeep
|
|t:|1756373614
|switch|p2a: Gholdengo|Gholdengo, L50|9/100
|-damage|p2a: Gholdengo|3/100|[from] Stealth Rock
|turn|11
|
|t:|1756373635
|move|p2a: Gholdengo|Protect|p2a: Gholdengo
|-singleturn|p2a: Gholdengo|Protect
|move|p2b: Garchomp|Dragon Claw|p1a: Garganacl
|-damage|p1a: Garganacl|63/100
|-damage|p2b: Garchomp|11/100|[from] item: Life Orb
|move|p1a: Garganacl|Recover|p1a: Garganacl
|-heal|p1a: Garganacl|100/100
|
|-heal|p2a: Gholdengo|9/100|[from] item: Leftovers
|-damage|p2b: Garchomp|0 fnt|[from] Salt Cure
|faint|p2b: Garchomp
|upkeep
|turn|12
|
|t:|1756373649
|move|p2a: Gholdengo|Make It Rain|p1a: Garganacl
|-damage|p1a: Garganacl|74/100
|-unboost|p2a: Gholdengo|spa|1
|move|p1a: Garganacl|Salt Cure|p2a: Gholdengo
|-resisted|p2a: Gholdengo
|-damage|p2a: Gholdengo|0 fnt
|faint|p2a: Gholdengo
|
|win|I am the Sweeper
||Pukeej is ready for game 3.
|inactive|I am the Sweeper has 30 seconds to confirm battle start!
||I am the Sweeper is ready for game 3.
|uhtml|next|Next: Game 3 of 3
|l|☆Pukeej
|player|p2|
