|j|☆refisio
|j|☆Duckie98
|html|refisioDuckie98    
|uhtml|bestof|Game 2 of a best-of-3
|t:|1783471499
|gametype|doubles
|player|p1|refisio|2|
|player|p2|Duckie98|1|
|gen|9
|tier|[Gen 9 Champions] VGC 2026 Reg M-B (Bo3)
|rule|Species Clause: Limit one of each Pokémon
|rule|Item Clause: Limit 1 of each item
|clearpoke
|poke|p1|Simipour, L50, M|
|poke|p1|Glimmora, L50, M|
|poke|p1|Aerodactyl, L50, F|
|poke|p1|Corviknight, L50, M|
|poke|p1|Maushold, L50|
|poke|p1|Annihilape, L50, M|
|poke|p2|Talonflame, L50, M|
|poke|p2|Tinkaton, L50, F|
|poke|p2|Politoed, L50, M|
|poke|p2|Dragonite, L50, M|
|poke|p2|Excadrill, L50, F|
|poke|p2|Hippowdon, L50, F|
|teampreview|4
|showteam|p1|Simipour||MysticWater|Torrent|FakeOut,Scald,IcyWind,HelpingHand|Timid||M|||50|]Glimmora||ChoiceScarf|ToxicDebris|EarthPower,EnergyBall,PowerGem,DazzlingGleam|Modest||M|||50|]Aerodactyl||FocusSash|Unnerve|DualWingbeat,RockSlide,Protect,Tailwind|Jolly||F|||50|]Corviknight||SitrusBerry|Unnerve|BodyPress,IronDefense,Roost,BraveBird|Impish||M|||50|]Maushold||ChopleBerry|FriendGuard|SuperFang,BeatUp,FollowMe,Protect|Timid|||||50|]Annihilape||Leftovers|Defiant|RageFist,DrainPunch,Protect,BulkUp|Adamant||M|||50|
|showteam|p2|Talonflame|||GaleWings|Tailwind,Acrobatics,BlazeKick,Taunt|Jolly||M|||50|]Tinkaton||Leftovers|MoldBreaker|GigatonHammer,PlayRough,FakeOut,Protect|Impish||F|||50|]Politoed||DampRock|Drizzle|Encore,Surf,LowKick,Psychic|Bold||M|||50|]Dragonite||Dragoninite|Multiscale|IceBeam,DracoMeteor,Hurricane,Thunder|Modest||M|||50|]Excadrill||ExpertBelt|SandRush|Earthquake,IronHead,RockSlide,Protect|Adamant||F|||50|]Hippowdon||ChestoBerry|SandStream|HighHorsepower,RockSlide,Protect,Rest|Impish||F|||50|
|
|t:|1783471528
|teamsize|p1|4
|teamsize|p2|4
|start
|switch|p1a: Simipour|Simipour, L50, M|100/100
|switch|p1b: Aerodactyl|Aerodactyl, L50, F|100/100
|switch|p2a: Talonflame|Talonflame, L50, M|100/100
|switch|p2b: Dragonite|Dragonite, L50, M|100/100
|-ability|p1b: Aerodactyl|Unnerve
|turn|1
|
|t:|1783471540
|detailschange|p2b: Dragonite|Dragonite-Mega, L50, M
|-mega|p2b: Dragonite|Dragonite|Dragoninite
|move|p1a: Simipour|Fake Out|p2a: Talonflame
|-damage|p2a: Talonflame|86/100
|move|p1b: Aerodactyl|Tailwind|p1b: Aerodactyl
|-sidestart|p1: refisio|move: Tailwind
|cant|p2a: Talonflame|flinch
|move|p2b: Dragonite|Ice Beam|p1b: Aerodactyl
|-supereffective|p1b: Aerodactyl|1
|-enditem|p1b: Aerodactyl|Focus Sash
|-damage|p1b: Aerodactyl|1/100
|-status|p1b: Aerodactyl|frz
|
|upkeep
|turn|2
|
|t:|1783471561
|-curestatus|p1b: Aerodactyl|frz|[msg]
|move|p1b: Aerodactyl|Protect|p1b: Aerodactyl
|-singleturn|p1b: Aerodactyl|Protect
|move|p1a: Simipour|Icy Wind|p2b: Dragonite|[spread] p2a,p2b
|-supereffective|p2b: Dragonite|2
|-damage|p2a: Talonflame|70/100
|-damage|p2b: Dragonite|82/100
|-unboost|p2a: Talonflame|spe|1
|-unboost|p2b: Dragonite|spe|1
|move|p2a: Talonflame|Tailwind|p2a: Talonflame
|-sidestart|p2: Duckie98|move: Tailwind
|move|p2b: Dragonite|Draco Meteor|p1a: Simipour
|-damage|p1a: Simipour|0 fnt
|-unboost|p2b: Dragonite|spa|2
|faint|p1a: Simipour
|
|upkeep
|
|t:|1783471577
|switch|p1a: Glimmora|Glimmora, L50, M|100/100
|turn|3
|
|t:|1783471584
|switch|p2a: Excadrill|Excadrill, L50, F|100/100
|switch|p2b: Hippowdon|Hippowdon, L50, F|100/100
|-weather|Sandstorm|[from] ability: Sand Stream|[of] p2b: Hippowdon
|move|p1a: Glimmora|Power Gem|p2b: Hippowdon
|-resisted|p2b: Hippowdon|1
|-damage|p2b: Hippowdon|74/100
|move|p1b: Aerodactyl|Rock Slide|p2a: Excadrill|[spread] p2a,p2b
|-resisted|p2a: Excadrill|2
|-resisted|p2b: Hippowdon|1
|-damage|p2a: Excadrill|91/100
|-damage|p2b: Hippowdon|67/100
|
|-weather|Sandstorm|[upkeep]
|upkeep
|turn|4
|
|t:|1783471600
|switch|p1a: Corviknight|Corviknight, L50, M|100/100
|-ability|p1a: Corviknight|Unnerve
|move|p1b: Aerodactyl|Protect|p1b: Aerodactyl
|-singleturn|p1b: Aerodactyl|Protect
|move|p2a: Excadrill|Rock Slide|p1a: Corviknight|[spread] p1a
|-activate|p1b: Aerodactyl|move: Protect
|-crit|p1a: Corviknight
|-damage|p1a: Corviknight|78/100
|move|p2b: Hippowdon|Rock Slide|p1b: Aerodactyl|[spread] p1a
|-activate|p1b: Aerodactyl|move: Protect
|-damage|p1a: Corviknight|69/100
|
|-weather|Sandstorm|[upkeep]
|-sideend|p1: refisio|move: Tailwind
|upkeep
|turn|5
|
|t:|1783471628
|move|p2a: Excadrill|Rock Slide|p1b: Aerodactyl|[spread] p1a,p1b
|-supereffective|p1b: Aerodactyl|1
|-damage|p1a: Corviknight|55/100
|-damage|p1b: Aerodactyl|0 fnt
|faint|p1b: Aerodactyl
|move|p2b: Hippowdon|Rock Slide|p1a: Corviknight
|-damage|p1a: Corviknight|44/100
|-enditem|p1a: Corviknight|Sitrus Berry|[eat]
|-heal|p1a: Corviknight|69/100|[from] item: Sitrus Berry
|cant|p1a: Corviknight|flinch
|
|-weather|Sandstorm|[upkeep]
|-sideend|p2: Duckie98|move: Tailwind
|upkeep
|
|t:|1783471639
|switch|p1b: Glimmora|Glimmora, L50, M|100/100
|turn|6
|
|t:|1783471646
|move|p2b: Hippowdon|Protect|p2b: Hippowdon
|-singleturn|p2b: Hippowdon|Protect
|move|p2a: Excadrill|Iron Head|p1b: Glimmora
|-supereffective|p1b: Glimmora|1
|-damage|p1b: Glimmora|0 fnt
|-activate|p1b: Glimmora|ability: Toxic Debris
|-sidestart|p2: Duckie98|move: Toxic Spikes
|faint|p1b: Glimmora
|move|p1a: Corviknight|Roost|p1a: Corviknight
|-heal|p1a: Corviknight|100/100
|-singleturn|p1a: Corviknight|move: Roost
|
|-weather|Sandstorm|[upkeep]
|upkeep
|turn|7
|
|t:|1783471660
|move|p2a: Excadrill|Rock Slide|p1a: Corviknight
|-damage|p1a: Corviknight|82/100
|move|p1a: Corviknight|Iron Defense|p1a: Corviknight
|-boost|p1a: Corviknight|def|2
|move|p2b: Hippowdon|Rock Slide|p1a: Corviknight
|-damage|p1a: Corviknight|77/100
|
|-weather|none
|upkeep
|turn|8
|
|t:|1783471700
|switch|p2b: Talonflame|Talonflame, L50, M|70/100
|move|p2a: Excadrill|Rock Slide|p1a: Corviknight
|-damage|p1a: Corviknight|67/100
|move|p1a: Corviknight|Iron Defense|p1a: Corviknight
|-boost|p1a: Corviknight|def|2
|
|upkeep
|turn|9
|
|t:|1783471717
|switch|p2a: Dragonite|Dragonite-Mega, L50, M|82/100
|move|p2b: Talonflame|Tailwind|p2b: Talonflame
|-sidestart|p2: Duckie98|move: Tailwind
|move|p1a: Corviknight|Roost|p1a: Corviknight
|-heal|p1a: Corviknight|100/100
|-singleturn|p1a: Corviknight|move: Roost
|
|upkeep
|turn|10
|
|t:|1783471733
|move|p2b: Talonflame|Blaze Kick|p1a: Corviknight
|-supereffective|p1a: Corviknight|1
|-damage|p1a: Corviknight|87/100
|move|p2a: Dragonite|Ice Beam|p1a: Corviknight
|-damage|p1a: Corviknight|53/100
|move|p1a: Corviknight|Brave Bird|p2a: Dragonite
|-damage|p2a: Dragonite|52/100
|-damage|p1a: Corviknight|43/100|[from] Recoil
|
|upkeep
|turn|11
|
|t:|1783471744
|move|p2b: Talonflame|Blaze Kick|p1a: Corviknight
|-supereffective|p1a: Corviknight|1
|-damage|p1a: Corviknight|28/100
|-status|p1a: Corviknight|brn
|move|p2a: Dragonite|Ice Beam|p1a: Corviknight
|-damage|p1a: Corviknight|0 fnt
|faint|p1a: Corviknight
|
|win|Duckie98
