|j|â˜†gabzeraroadtoglory
|j|â˜†copicentrovgc
|html|gabzeraroadtoglorycopicentrovgc    
|uhtml|bestof|Game 3 of a best-of-3
|t:|1756424439
|gametype|doubles
|player|p1|gabzeraroadtoglory|youngster-gen4dp|
|player|p2|copicentrovgc|ingo|
|gen|9
|tier|[Gen 9] VGC 2025 Reg H (Bo3)
|rule|Species Clause: Limit one of each PokÃ©mon
|rule|Item Clause: Limit 1 of each item
|clearpoke
|poke|p1|Incineroar, L50, M|
|poke|p1|Sneasler, L50, F|
|poke|p1|Rillaboom, L50, M|
|poke|p1|Ursaluna-Bloodmoon, L50, M|
|poke|p1|Dragonite, L50, F|
|poke|p1|Gholdengo, L50|
|poke|p2|Garganacl, L50, F|
|poke|p2|Dondozo, L50, F|
|poke|p2|Sneasler, L50, M|
|poke|p2|Gholdengo, L50|
|poke|p2|Ninetales-Alola, L50, M|
|poke|p2|Incineroar, L50, M|
|teampreview|4
|showteam|p1|Incineroar||SafetyGoggles|Intimidate|FlareBlitz,FakeOut,Uturn,KnockOff|||M|||50|,,,,,Ghost]Sneasler||WhiteHerb|Unburden|CloseCombat,DireClaw,Protect,FakeOut|||F|||50|,,,,,Stellar]Rillaboom||AssaultVest|GrassySurge|WoodHammer,FakeOut,Uturn,GrassyGlide|||M|||50|,,,,,Water]Ursaluna-Bloodmoon||LifeOrb|MindsEye|BloodMoon,HyperVoice,EarthPower,Protect|||M|||50|,,,,,Normal]Dragonite||LoadedDice|Multiscale|ScaleShot,Tailwind,Encore,Protect|||F|||50|,,,,,Fairy]Gholdengo||GrassySeed|GoodasGold|ShadowBall,MakeItRain,NastyPlot,Protect||||||50|,,,,,Water
|showteam|p2|Garganacl||MarangaBerry|PurifyingSalt|SaltCure,StealthRock,Protect,Recover|||F|||50|,,,,,Flying]Dondozo||Leftovers|Unaware|Liquidation,Yawn,Curse,Protect|||F|||50|,,,,,Poison]Sneasler||FocusSash|PoisonTouch|DireClaw,CloseCombat,Coaching,Protect|||M|||50|,,,,,Ghost]Gholdengo||ChoiceScarf|GoodasGold|MakeItRain,ShadowBall,Trick,PowerGem||||||50|,,,,,Steel]Ninetales-Alola||NeverMeltIce|SnowWarning|Blizzard,FreezeDry,Protect,AuroraVeil|||M|||50|,,,,,Ice]Incineroar||AssaultVest|Intimidate|FlareBlitz,KnockOff,FakeOut,DrainPunch|||M|||50|,,,,,Grass
|inactive|Battle timer is ON: inactive players will automatically lose when time's up. (requested by gabzeraroadtoglory)
|inactive|gabzeraroadtoglory has 60 seconds left.
|inactive|copicentrovgc has 60 seconds left.
|
|t:|1756424475
|teamsize|p1|4
|teamsize|p2|4
|start
|switch|p1a: Gholdengo|Gholdengo, L50|100/100
|switch|p1b: Incineroar|Incineroar, L50, M|100/100
|switch|p2a: Ninetales|Ninetales-Alola, L50, M|100/100
|switch|p2b: Gholdengo|Gholdengo, L50|100/100
|-weather|Snowscape|[from] ability: Snow Warning|[of] p2a: Ninetales
|-ability|p1b: Incineroar|Intimidate|boost
|-unboost|p2a: Ninetales|atk|1
|-unboost|p2b: Gholdengo|atk|1
|turn|1
|inactive|copicentrovgc has 30 seconds left.
|inactive|copicentrovgc has 20 seconds left.
|
|t:|1756424514
|switch|p2b: Incineroar|Incineroar, L50, M|100/100
|-ability|p2b: Incineroar|Intimidate|boost
|-unboost|p1a: Gholdengo|atk|1
|-unboost|p1b: Incineroar|atk|1
|-terastallize|p1a: Gholdengo|Water
|move|p2a: Ninetales|Protect|p2a: Ninetales
|-singleturn|p2a: Ninetales|Protect
|move|p1a: Gholdengo|Nasty Plot|p1a: Gholdengo
|-boost|p1a: Gholdengo|spa|2
|move|p1b: Incineroar|U-turn|p2b: Incineroar
|-damage|p2b: Incineroar|89/100
|
|t:|1756424523
|switch|p1b: Sneasler|Sneasler, L50, F|100/100|[from] U-turn
|
|-weather|Snowscape|[upkeep]
|upkeep
|turn|2
|inactive|copicentrovgc has 30 seconds left.
|inactive|copicentrovgc has 20 seconds left.
|
|t:|1756424562
|-terastallize|p2a: Ninetales|Ice
|move|p2b: Incineroar|Fake Out|p1a: Gholdengo
|-damage|p1a: Gholdengo|88/100
|move|p2a: Ninetales|Freeze-Dry|p1a: Gholdengo
|-supereffective|p1a: Gholdengo
|-damage|p1a: Gholdengo|0 fnt
|faint|p1a: Gholdengo
|move|p1b: Sneasler|Close Combat|p2b: Incineroar
|-supereffective|p2b: Incineroar
|-crit|p2b: Incineroar
|-damage|p2b: Incineroar|0 fnt
|-unboost|p1b: Sneasler|def|1
|-unboost|p1b: Sneasler|spd|1
|faint|p2b: Incineroar
|-enditem|p1b: Sneasler|White Herb
|-clearnegativeboost|p1b: Sneasler|[silent]
|
|-weather|Snowscape|[upkeep]
|upkeep
|
|t:|1756424579
|switch|p1a: Incineroar|Incineroar, L50, M|100/100
|switch|p2b: Dondozo|Dondozo, L50, F|100/100
|-ability|p1a: Incineroar|Intimidate|boost
|-unboost|p2a: Ninetales|atk|1
|-unboost|p2b: Dondozo|atk|1
|turn|3
|
|t:|1756424602
|move|p2a: Ninetales|Protect|p2a: Ninetales
|-singleturn|p2a: Ninetales|Protect
|move|p1a: Incineroar|Fake Out|p2b: Dondozo
|-damage|p2b: Dondozo|94/100
|move|p1b: Sneasler|Close Combat|p2a: Ninetales
|-activate|p2a: Ninetales|move: Protect
|cant|p2b: Dondozo|flinch
|
|-weather|Snowscape|[upkeep]
|-heal|p2b: Dondozo|99/100|[from] item: Leftovers
|upkeep
|turn|4
|inactive|gabzeraroadtoglory has 30 seconds left.
|inactive|copicentrovgc has 30 seconds left.
|inactive|gabzeraroadtoglory has 20 seconds left.
|inactive|copicentrovgc has 20 seconds left.
|inactive|copicentrovgc has 15 seconds left.
|inactive|copicentrovgc has 10 seconds left.
|
|t:|1756424647
|move|p1b: Sneasler|Dire Claw|p2b: Dondozo
|-damage|p2b: Dondozo|73/100
|move|p2a: Ninetales|Blizzard|p1a: Incineroar|[spread] p1a,p1b
|-resisted|p1a: Incineroar
|-crit|p1b: Sneasler
|-damage|p1a: Incineroar|79/100
|-damage|p1b: Sneasler|4/100
|move|p1a: Incineroar|Knock Off|p2a: Ninetales
|-damage|p2a: Ninetales|59/100
|-enditem|p2a: Ninetales|Never-Melt Ice|[from] move: Knock Off|[of] p1a: Incineroar
|move|p2b: Dondozo|Liquidation|p1a: Incineroar
|-supereffective|p1a: Incineroar
|-damage|p1a: Incineroar|31/100
|
|-weather|Snowscape|[upkeep]
|-heal|p2b: Dondozo|79/100|[from] item: Leftovers
|upkeep
|turn|5
|inactive|copicentrovgc has 30 seconds left.
|
|t:|1756424673
|switch|p2b: Gholdengo|Gholdengo, L50|100/100
|move|p1b: Sneasler|Protect|p1b: Sneasler
|-singleturn|p1b: Sneasler|Protect
|move|p2a: Ninetales|Protect|p2a: Ninetales
|-singleturn|p2a: Ninetales|Protect
|move|p1a: Incineroar|U-turn|p2b: Gholdengo
|-resisted|p2b: Gholdengo
|-damage|p2b: Gholdengo|95/100
|
|t:|1756424676
|switch|p1a: Ursaluna|Ursaluna-Bloodmoon, L50, M|100/100|[from] U-turn
|
|-weather|none
|upkeep
|turn|6
|
|t:|1756424693
|switch|p2a: Dondozo|Dondozo, L50, F|79/100
|move|p1b: Sneasler|Close Combat|p2a: Dondozo
|-damage|p2a: Dondozo|40/100
|-unboost|p1b: Sneasler|def|1
|-unboost|p1b: Sneasler|spd|1
|move|p2b: Gholdengo|Make It Rain|p1b: Sneasler|[spread] p1a,p1b
|-damage|p1a: Ursaluna|41/100
|-damage|p1b: Sneasler|0 fnt
|-unboost|p2b: Gholdengo|spa|1
|faint|p1b: Sneasler
|move|p1a: Ursaluna|Earth Power|p2b: Gholdengo
|-supereffective|p2b: Gholdengo
|-damage|p2b: Gholdengo|0 fnt
|faint|p2b: Gholdengo
|-damage|p1a: Ursaluna|31/100|[from] item: Life Orb
|
|-heal|p2a: Dondozo|46/100|[from] item: Leftovers
|upkeep
|
|t:|1756424704
|switch|p1b: Incineroar|Incineroar, L50, M|31/100
|switch|p2b: Ninetales|Ninetales-Alola, L50, M, tera:Ice|59/100
|-weather|Snowscape|[from] ability: Snow Warning|[of] p2b: Ninetales
|-ability|p1b: Incineroar|Intimidate|boost
|-unboost|p2a: Dondozo|atk|1
|-unboost|p2b: Ninetales|atk|1
|turn|7
|inactive|gabzeraroadtoglory has 30 seconds left.
|c|â˜†gabzeraroadtoglory|Ni vi el freeze dray
|c|â˜†gabzeraroadtoglory|Trolie
|inactive|gabzeraroadtoglory has 20 seconds left.
|
|t:|1756424744
|move|p2b: Ninetales|Protect|p2b: Ninetales
|-singleturn|p2b: Ninetales|Protect
|move|p2a: Dondozo|Protect|p2a: Dondozo
|-singleturn|p2a: Dondozo|Protect
|move|p1b: Incineroar|Fake Out|p2b: Ninetales
|-activate|p2b: Ninetales|move: Protect
|move|p1a: Ursaluna|Hyper Voice|p2b: Ninetales|[spread] 
|-activate|p2a: Dondozo|move: Protect
|-activate|p2b: Ninetales|move: Protect
|
|-weather|Snowscape|[upkeep]
|-heal|p2a: Dondozo|52/100|[from] item: Leftovers
|upkeep
|turn|8
|
|t:|1756424763
|move|p1a: Ursaluna|Protect|p1a: Ursaluna
|-singleturn|p1a: Ursaluna|Protect
|move|p2b: Ninetales|Blizzard|p1b: Incineroar|[spread] p1b
|-activate|p1a: Ursaluna|move: Protect
|-resisted|p1b: Incineroar
|-damage|p1b: Incineroar|11/100
|move|p1b: Incineroar|Flare Blitz|p2b: Ninetales
|-supereffective|p2b: Ninetales
|-damage|p2b: Ninetales|0 fnt
|faint|p2b: Ninetales
|-damage|p1b: Incineroar|0 fnt|[from] Recoil
|faint|p1b: Incineroar
|move|p2a: Dondozo|Liquidation|p1a: Ursaluna
|-activate|p1a: Ursaluna|move: Protect
|
|-weather|Snowscape|[upkeep]
|-heal|p2a: Dondozo|58/100|[from] item: Leftovers
|upkeep
|turn|9
|inactive|gabzeraroadtoglory has 30 seconds left.
|
|t:|1756424796
|move|p1a: Ursaluna|Blood Moon|p2a: Dondozo
|-damage|p2a: Dondozo|0 fnt
|faint|p2a: Dondozo
|-damage|p1a: Ursaluna|21/100|[from] item: Life Orb
|
|win|gabzeraroadtoglory
|c|â˜†copicentrovgc|nt
|c|â˜†gabzeraroadtoglory|Gg
|c|â˜†copicentrovgc|gg
|c|â˜†copicentrovgc|ni con eso pude jaja
