|j|☆Grennijathingy
|j|☆mysteriousmeatman
|html|Grennijathingymysteriousmeatman    
|uhtml|bestof|Game 2 of a best-of-3
|t:|1756301566
|gametype|doubles
|player|p1|Grennijathingy|102|1074
|player|p2|mysteriousmeatman|169|1016
|gen|9
|tier|[Gen 9] VGC 2025 Reg H (Bo3)
|rated|
|rule|Species Clause: Limit one of each Pokémon
|rule|Item Clause: Limit 1 of each item
|clearpoke
|poke|p1|Indeedee, L50, M|
|poke|p1|Excadrill, L50, F|
|poke|p1|Sneasler, L50, F|
|poke|p1|Tyranitar, L50, F|
|poke|p1|Annihilape, L50, F|
|poke|p1|Maushold, L50|
|poke|p2|Palafin, L50, F|
|poke|p2|Magnezone, L50|
|poke|p2|Politoed, L50, M|
|poke|p2|Incineroar, L50, M|
|poke|p2|Gothitelle, L50, M|
|poke|p2|Overqwil, L50, M|
|teampreview|4
|showteam|p1|Indeedee||ChoiceScarf|PsychicSurge|ExpandingForce,TeraBlast,Trick,DazzlingGleam|||M|||50|,,,,,Psychic]Excadrill||FocusSash|SandRush|Earthquake,HighHorsepower,Protect,IronHead|||F|||50|,,,,,Ground]Sneasler||PsychicSeed|Unburden|DireClaw,CloseCombat,ThroatChop,Protect|||F|||50|,,,,,Dark]Tyranitar||AssaultVest|SandStream|RockSlide,TeraBlast,KnockOff,LowKick|||F|||50|,,,,,Flying]Annihilape||SitrusBerry|Defiant|Protect,RageFist,DrainPunch,BulkUp|||F|||50|,,,,,Dragon]Maushold||SafetyGoggles|FriendGuard|Protect,Taunt,FollowMe,BeatUp||||||50|,,,,,Ghost
|showteam|p2|Palafin||PunchingGlove|ZerotoHero|FlipTurn,JetPunch,DrainPunch,Protect|||F|||50|,,,,,Grass]Magnezone||FocusSash|MagnetPull|Thunder,FlashCannon,ThunderWave,Protect||||||50|,,,,,Ghost]Politoed||Leftovers|Drizzle|HydroPump,IcyWind,PerishSong,Protect|||M|||50|,,,,,Ghost]Incineroar||SafetyGoggles|Intimidate|FakeOut,KnockOff,PartingShot,Protect|||M|||50|,,,,,Ghost]Gothitelle||SitrusBerry|ShadowTag|FakeOut,Psychic,TrickRoom,Protect|||M|||50|,,,,,Dark]Overqwil||ClearAmulet|SwiftSwim|Crunch,PoisonJab,Liquidation,Protect|||M|||50|,,,,,Ground
|inactive|Battle timer is ON: inactive players will automatically lose when time's up. (requested by mysteriousmeatman)
|
|t:|1756301590
|teamsize|p1|4
|teamsize|p2|4
|start
|switch|p1a: Indeedee|Indeedee, L50, M|100/100
|switch|p1b: Sneasler|Sneasler, L50, F|100/100
|switch|p2a: Palafin|Palafin, L50, F, shiny|100/100
|switch|p2b: Overqwil|Overqwil, L50, M, shiny|100/100
|-fieldstart|move: Psychic Terrain|[from] ability: Psychic Surge|[of] p1a: Indeedee
|-enditem|p1b: Sneasler|Psychic Seed
|-boost|p1b: Sneasler|spd|1|[from] item: Psychic Seed
|turn|1
|inactive|mysteriousmeatman has 30 seconds left.
|
|t:|1756301617
|move|p2a: Palafin|Protect|p2a: Palafin
|-singleturn|p2a: Palafin|Protect
|move|p1b: Sneasler|Close Combat|p2a: Palafin
|-activate|p2a: Palafin|move: Protect
|move|p1a: Indeedee|Dazzling Gleam|p2a: Palafin|[spread] p2b
|-activate|p2a: Palafin|move: Protect
|-damage|p2b: Overqwil|72/100
|move|p2b: Overqwil|Crunch|p1a: Indeedee
|-supereffective|p1a: Indeedee
|-damage|p1a: Indeedee|0 fnt
|faint|p1a: Indeedee
|
|upkeep
|
|t:|1756301632
|switch|p1a: Annihilape|Annihilape, L50, F|100/100
|turn|2
|
|t:|1756301649
|detailschange|p2a: Palafin|Palafin-Hero, L50, F, shiny
|switch|p2a: Politoed|Politoed, L50, M, shiny|100/100
|-weather|RainDance|[from] ability: Drizzle|[of] p2a: Politoed
|-terastallize|p1a: Annihilape|Dragon
|move|p1b: Sneasler|Close Combat|p2b: Overqwil
|-damage|p2b: Overqwil|0 fnt
|-unboost|p1b: Sneasler|def|1
|-unboost|p1b: Sneasler|spd|1
|faint|p2b: Overqwil
|move|p1a: Annihilape|Bulk Up|p1a: Annihilape
|-boost|p1a: Annihilape|atk|1
|-boost|p1a: Annihilape|def|1
|
|-weather|RainDance|[upkeep]
|upkeep
|
|t:|1756301666
|switch|p2b: Gothitelle|Gothitelle, L50, M, shiny|100/100
|turn|3
|
|t:|1756301682
|-terastallize|p2b: Gothitelle|Dark
|move|p1b: Sneasler|Dire Claw|p2a: Politoed
|-damage|p2a: Politoed|48/100
|-status|p2a: Politoed|psn
|move|p1a: Annihilape|Drain Punch|p2a: Politoed
|-damage|p2a: Politoed|0 fnt
|faint|p2a: Politoed
|move|p2b: Gothitelle|Trick Room|p2b: Gothitelle
|-fieldstart|move: Trick Room|[of] p2b: Gothitelle
|
|-weather|RainDance|[upkeep]
|upkeep
|
|t:|1756301690
|switch|p2a: Palafin|Palafin-Hero, L50, F, shiny|100/100
|-activate|p2a: Palafin|ability: Zero to Hero
|turn|4
|inactive|Grennijathingy has 30 seconds left.
|
|t:|1756301723
|move|p1b: Sneasler|Protect|p1b: Sneasler
|-singleturn|p1b: Sneasler|Protect
|move|p2b: Gothitelle|Psychic|p1a: Annihilape
|-damage|p1a: Annihilape|63/100
|move|p1a: Annihilape|Drain Punch|p2b: Gothitelle
|-supereffective|p2b: Gothitelle
|-crit|p2b: Gothitelle
|-damage|p2b: Gothitelle|0 fnt
|-heal|p1a: Annihilape|100/100|[from] drain|[of] p2b: Gothitelle
|faint|p2b: Gothitelle
|move|p2a: Palafin|Flip Turn|p1a: Annihilape
|-resisted|p1a: Annihilape
|-damage|p1a: Annihilape|84/100
|
|-weather|RainDance|[upkeep]
|upkeep
|turn|5
|-message|mysteriousmeatman forfeited.
|raw|Grennijathingy's rating: 1074 → 1098(+24 for winning)
|raw|mysteriousmeatman's rating: 1016 → 1006(-10 for losing)
|
|win|Grennijathingy
|l|☆mysteriousmeatman
|player|p2|
