|j|☆OzzyUF
|j|☆strifesada
|html|OzzyUFstrifesada    
|uhtml|bestof|Game 2 of a best-of-3
|t:|1784076777
|gametype|doubles
|player|p1|OzzyUF|medium|1100
|player|p2|strifesada|piers|1182
|gen|9
|tier|[Gen 9 Champions] VGC 2026 Reg M-B (Bo3)
|rated|
|rule|Species Clause: Limit one of each Pokémon
|rule|Item Clause: Limit 1 of each item
|clearpoke
|poke|p1|Alcremie, L50, F|
|poke|p1|Swampert, L50, M|
|poke|p1|Corviknight, L50, M|
|poke|p1|Pelipper, L50, M|
|poke|p1|Farigiraf, L50, F|
|poke|p1|Toxapex, L50, M|
|poke|p2|Raichu, L50, M|
|poke|p2|Incineroar, L50, M|
|poke|p2|Sylveon, L50, F|
|poke|p2|Whimsicott, L50, M|
|poke|p2|Mamoswine, L50, F|
|poke|p2|Charizard, L50, M|
|teampreview|4
|showteam|p1|Alcremie|||AromaVeil|Decorate,DazzlingGleam,Protect,Recover|Calm||F|||50|]Swampert||Swampertite|Torrent|WaveCrash,Earthquake,IcePunch,Protect|Adamant||M|||50|]Corviknight||SitrusBerry|MirrorArmor|IronHead,BraveBird,Roost,Tailwind|Impish||M|||50|]Pelipper||FocusSash|Drizzle|Hurricane,WeatherBall,WideGuard,Protect|Modest||M|||50|]Farigiraf||LifeOrb|ArmorTail|HyperVoice,Psychic,TrickRoom,Protect|Modest||F|||50|]Toxapex||Leftovers|Regenerator|Infestation,Toxic,Recover,BanefulBunker|Bold||M|||50|
|showteam|p2|Raichu||RaichuniteY|LightningRod|ZapCannon,FocusBlast,FakeOut,Protect|Timid||M|||50|]Incineroar||Charcoal|Intimidate|FakeOut,FlareBlitz,ThroatChop,PartingShot|Adamant||M|||50|]Sylveon||FairyFeather|Pixilate|HyperVoice,CalmMind,QuickAttack,Protect|Modest||F|||50|]Whimsicott||FocusSash|Prankster|Encore,Protect,Tailwind,EnergyBall|Timid||M|||50|]Mamoswine||LifeOrb|Oblivious|HighHorsepower,IceShard,IcicleCrash,Protect|Adamant||F|||50|]Charizard||CharizarditeY|Blaze|HeatWave,WeatherBall,SolarBeam,Protect|Modest||M|||50|
|inactive|Battle timer is ON: inactive players will automatically lose when time's up. (requested by OzzyUF)
|inactive|strifesada has 60 seconds left.
|inactive|strifesada has 30 seconds left.
|inactive|strifesada has 20 seconds left.
|inactive|strifesada has 15 seconds left.
|inactive|strifesada has 10 seconds left.
|inactive|strifesada has 5 seconds left.
|
|t:|1784076868
|teamsize|p1|4
|teamsize|p2|4
|start
|switch|p1a: Alcremie|Alcremie, L50, F|100/100
|switch|p1b: Swampert|Swampert, L50, M|100/100
|switch|p2a: Raichu|Raichu, L50, M|100/100
|switch|p2b: Incineroar|Incineroar, L50, M|100/100
|-ability|p2b: Incineroar|Intimidate|boost
|-unboost|p1a: Alcremie|atk|1
|-unboost|p1b: Swampert|atk|1
|turn|1
|inactive|strifesada has 30 seconds left.
|
|t:|1784076903
|detailschange|p2a: Raichu|Raichu-Mega-Y, L50, M
|-mega|p2a: Raichu|Raichu|Raichunite Y
|move|p1b: Swampert|Protect|p1b: Swampert
|-singleturn|p1b: Swampert|Protect
|move|p2a: Raichu|Fake Out|p1b: Swampert
|-activate|p1b: Swampert|move: Protect
|move|p2b: Incineroar|Flare Blitz|p1a: Alcremie
|-damage|p1a: Alcremie|1/100
|-damage|p2b: Incineroar|67/100|[from] Recoil
|move|p1a: Alcremie|Decorate|p1b: Swampert
|-boost|p1b: Swampert|atk|2
|-boost|p1b: Swampert|spa|2
|
|upkeep
|turn|2
|inactive|OzzyUF has 30 seconds left.
|
|t:|1784076931
|switch|p2a: Whimsicott|Whimsicott, L50, M|100/100
|switch|p1a: Pelipper|Pelipper, L50, M|100/100
|-weather|RainDance|[from] ability: Drizzle|[of] p1a: Pelipper
|detailschange|p1b: Swampert|Swampert-Mega, L50, M
|-mega|p1b: Swampert|Swampert|Swampertite
|move|p1b: Swampert|Earthquake|p2b: Incineroar|[spread] p2a,p2b
|-immune|p1a: Pelipper
|-resisted|p2a: Whimsicott|1
|-supereffective|p2b: Incineroar|1
|-damage|p2a: Whimsicott|64/100
|-damage|p2b: Incineroar|0 fnt
|faint|p2b: Incineroar
|
|-weather|RainDance|[upkeep]
|upkeep
|
|t:|1784076953
|switch|p2b: Raichu|Raichu-Mega-Y, L50, M|100/100
|turn|3
|inactive|OzzyUF has 30 seconds left.
|
|t:|1784076983
|switch|p1b: Corviknight|Corviknight, L50, M|100/100
|move|p1a: Pelipper|Protect|p1a: Pelipper
|-singleturn|p1a: Pelipper|Protect
|move|p2b: Raichu|Fake Out|p1b: Corviknight
|-resisted|p1b: Corviknight|1
|-damage|p1b: Corviknight|97/100
|move|p2a: Whimsicott|Tailwind|p2a: Whimsicott
|-sidestart|p2: strifesada|move: Tailwind
|
|-weather|RainDance|[upkeep]
|upkeep
|turn|4
|
|t:|1784076998
|move|p2a: Whimsicott|Encore|p1a: Pelipper
|-start|p1a: Pelipper|Encore
|move|p1a: Pelipper|Protect||[still]
|-fail|p1a: Pelipper
|move|p2b: Raichu|Zap Cannon|p1b: Corviknight
|-supereffective|p1b: Corviknight|1
|-damage|p1b: Corviknight|0 fnt
|faint|p1b: Corviknight
|
|-weather|RainDance|[upkeep]
|upkeep
|
|t:|1784077009
|switch|p1b: Swampert|Swampert-Mega, L50, M|100/100
|turn|5
|
|t:|1784077017
|move|p1b: Swampert|Protect|p1b: Swampert
|-singleturn|p1b: Swampert|Protect
|move|p1a: Pelipper|Protect|p1a: Pelipper
|-singleturn|p1a: Pelipper|Protect
|move|p2b: Raichu|Zap Cannon|p1a: Pelipper
|-activate|p1a: Pelipper|move: Protect
|move|p2a: Whimsicott|Energy Ball|p1b: Swampert
|-activate|p1b: Swampert|move: Protect
|
|-weather|RainDance|[upkeep]
|upkeep
|turn|6
|
|t:|1784077034
|move|p1a: Pelipper|Protect|p1a: Pelipper
|-singleturn|p1a: Pelipper|Protect
|move|p2b: Raichu|Zap Cannon|p1a: Pelipper
|-activate|p1a: Pelipper|move: Protect
|move|p2a: Whimsicott|Energy Ball|p1b: Swampert
|-supereffective|p1b: Swampert|2
|-damage|p1b: Swampert|30/100
|move|p1b: Swampert|Ice Punch|p2a: Whimsicott
|-supereffective|p2a: Whimsicott|1
|-damage|p2a: Whimsicott|0 fnt
|faint|p2a: Whimsicott
|
|-weather|none
|-end|p1a: Pelipper|Encore
|-sideend|p2: strifesada|move: Tailwind
|upkeep
|
|t:|1784077042
|switch|p2a: Sylveon|Sylveon, L50, F|100/100
|turn|7
|
|t:|1784077053
|switch|p1a: Alcremie|Alcremie, L50, F|1/100
|move|p1b: Swampert|Protect|p1b: Swampert
|-singleturn|p1b: Swampert|Protect
|move|p2b: Raichu|Focus Blast|p1b: Swampert
|-activate|p1b: Swampert|move: Protect
|move|p2a: Sylveon|Hyper Voice|p1a: Alcremie|[spread] p1a
|-activate|p1b: Swampert|move: Protect
|-damage|p1a: Alcremie|0 fnt
|faint|p1a: Alcremie
|
|upkeep
|
|t:|1784077064
|switch|p1a: Pelipper|Pelipper, L50, M|100/100
|-weather|RainDance|[from] ability: Drizzle|[of] p1a: Pelipper
|turn|8
|
|t:|1784077084
|move|p1a: Pelipper|Wide Guard|p1a: Pelipper
|-singleturn|p1a: Pelipper|Wide Guard
|move|p2b: Raichu|Focus Blast|p1b: Swampert
|-damage|p1b: Swampert|2/100
|move|p1b: Swampert|Wave Crash|p2b: Raichu
|-damage|p2b: Raichu|0 fnt
|faint|p2b: Raichu
|-damage|p1b: Swampert|0 fnt|[from] Recoil
|faint|p1b: Swampert
|move|p2a: Sylveon|Hyper Voice|p1a: Pelipper
|-activate|p1a: Pelipper|move: Wide Guard
|
|-weather|RainDance|[upkeep]
|upkeep
|turn|9
|
|t:|1784077103
|move|p2a: Sylveon|Calm Mind|p2a: Sylveon
|-boost|p2a: Sylveon|spa|1
|-boost|p2a: Sylveon|spd|1
|move|p1a: Pelipper|Weather Ball|p2a: Sylveon
|-damage|p2a: Sylveon|63/100
|
|-weather|RainDance|[upkeep]
|upkeep
|turn|10
|
|t:|1784077121
|move|p2a: Sylveon|Hyper Voice|p1a: Pelipper
|-enditem|p1a: Pelipper|Focus Sash
|-damage|p1a: Pelipper|1/100
|move|p1a: Pelipper|Weather Ball|p2a: Sylveon
|-damage|p2a: Sylveon|24/100
|
|-weather|RainDance|[upkeep]
|upkeep
|turn|11
|
|t:|1784077145
|move|p1a: Pelipper|Wide Guard|p1a: Pelipper
|-singleturn|p1a: Pelipper|Wide Guard
|move|p2a: Sylveon|Quick Attack|p1a: Pelipper
|-damage|p1a: Pelipper|0 fnt
|faint|p1a: Pelipper
|
|win|strifesada
|raw|OzzyUF's rating: 1100 → 1081(-19 for losing)
|raw|strifesada's rating: 1182 → 1201(+19 for winning)
