|j|☆Professor_J93
|j|☆higigig
|html|Professor_J93higigig    
|uhtml|bestof|Game 2 of a best-of-3
|t:|1757743916
|gametype|doubles
|player|p1|Professor_J93|n|1177
|player|p2|higigig|sisandbro|1121
|gen|9
|tier|[Gen 9] VGC 2025 Reg H (Bo3)
|rated|
|rule|Species Clause: Limit one of each Pokémon
|rule|Item Clause: Limit 1 of each item
|clearpoke
|poke|p1|Decidueye-Hisui, L50, M|
|poke|p1|Electabuzz, L50, M|
|poke|p1|Yanmega, L50, M|
|poke|p1|Chandelure, L50, M|
|poke|p1|Metagross, L50|
|poke|p1|Dragapult, L50, M|
|poke|p2|Sneasler, L50, F|
|poke|p2|Gholdengo, L50|
|poke|p2|Incineroar, L50, M|
|poke|p2|Amoonguss, L50, F|
|poke|p2|Garchomp, L50, M|
|poke|p2|Dragonite, L50, F|
|teampreview|4
|showteam|p1|Decidueye-Hisui||ScopeLens|Scrappy|TripleArrows,LeafBlade,Haze,Protect|||M|||50|,,,,,Fire]Electabuzz||Eviolite|VitalSpirit|Electroweb,FollowMe,Taunt,Thunderbolt|||M|||50|,,,,,Dragon]Yanmega||FocusSash|SpeedBoost|AirSlash,BugBuzz,Tailwind,Protect|||M|||50|,,,,,Ghost]Chandelure||FlamePlate|FlashFire|ShadowBall,HeatWave,TrickRoom,Protect|||M|||50|,,,,,Grass]Metagross||AssaultVest|ClearBody|HeavySlam,PsychicFangs,KnockOff,BulletPunch||||||50|,,,,,Dark]Dragapult||ChoiceBand|ClearBody|DragonDarts,Uturn,Outrage,WillOWisp|||M|||50|,,,,,Dragon
|showteam|p2|Sneasler||ClearAmulet|PoisonTouch|FakeOut,CloseCombat,DireClaw,Coaching|||F|||50|,,,,,Flying]Gholdengo||MetalCoat|GoodasGold|NastyPlot,MakeItRain,ShadowBall,Protect||||||50|,,,,,Water]Incineroar||SafetyGoggles|Intimidate|FakeOut,FlareBlitz,KnockOff,PartingShot|||M|||50|,,,,,Ghost]Amoonguss||RockyHelmet|Regenerator|Spore,RagePowder,PollenPuff,Protect|||F|||50|,,,,,Psychic]Garchomp||LifeOrb|RoughSkin|StompingTantrum,DragonClaw,Earthquake,Protect|||M|||50|,,,,,Steel]Dragonite||LoadedDice|Multiscale|ScaleShot,Haze,Tailwind,Protect|||F|||50|,,,,,Fairy
|inactive|Battle timer is ON: inactive players will automatically lose when time's up. (requested by Professor_J93)
|inactive|higigig also wants the timer to be on.
|inactive|higigig has 60 seconds left.
|
|t:|1757743963
|teamsize|p1|4
|teamsize|p2|4
|start
|switch|p1a: Scairstriker|Dragapult, L50, M, shiny|100/100
|switch|p1b: Metagross|Metagross, L50, shiny|100/100
|switch|p2a: Dragonite|Dragonite, L50, F|100/100
|switch|p2b: Amoonguss|Amoonguss, L50, F|100/100
|turn|1
|inactive|higigig has 30 seconds left.
|inactive|higigig has 20 seconds left.
|inactive|higigig has 15 seconds left.
|
|t:|1757744003
|-terastallize|p2a: Dragonite|Fairy
|move|p1a: Scairstriker|Dragon Darts|p2b: Amoonguss
|-damage|p2b: Amoonguss|63/100
|-anim|p1a: Scairstriker|Dragon Darts|p2b: Amoonguss
|-damage|p2b: Amoonguss|30/100
|move|p2a: Dragonite|Scale Shot|p1a: Scairstriker
|-supereffective|p1a: Scairstriker
|-damage|p1a: Scairstriker|65/100
|-supereffective|p1a: Scairstriker
|-crit|p1a: Scairstriker
|-damage|p1a: Scairstriker|10/100
|-supereffective|p1a: Scairstriker
|-damage|p1a: Scairstriker|0 fnt
|faint|p1a: Scairstriker
|-hitcount|p1: Scairstriker|3
|-unboost|p2a: Dragonite|def|1
|-boost|p2a: Dragonite|spe|1
|move|p1b: Metagross|Knock Off|p2b: Amoonguss
|-damage|p2b: Amoonguss|0 fnt
|-damage|p1b: Metagross|84/100|[from] item: Rocky Helmet|[of] p2b: Amoonguss
|-enditem|p2b: Amoonguss|Rocky Helmet|[from] move: Knock Off|[of] p1b: Metagross
|faint|p2b: Amoonguss
|
|upkeep
|
|t:|1757744022
|switch|p1a: Sparx|Yanmega, L50, M, shiny|100/100
|switch|p2b: Garchomp|Garchomp, L50, M|100/100
|turn|2
|inactive|Professor_J93 has 30 seconds left.
|
|t:|1757744048
|-terastallize|p1b: Metagross|Dark
|move|p1a: Sparx|Protect|p1a: Sparx
|-singleturn|p1a: Sparx|Protect
|move|p2a: Dragonite|Tailwind|p2a: Dragonite
|-sidestart|p2: higigig|move: Tailwind
|move|p2b: Garchomp|Stomping Tantrum|p1b: Metagross
|-damage|p1b: Metagross|42/100
|-damage|p2b: Garchomp|91/100|[from] item: Life Orb
|move|p1b: Metagross|Heavy Slam|p2a: Dragonite
|-supereffective|p2a: Dragonite
|-damage|p2a: Dragonite|41/100
|
|-ability|p1a: Sparx|Speed Boost|boost
|-boost|p1a: Sparx|spe|1
|upkeep
|turn|3
|
|t:|1757744068
|move|p1b: Metagross|Bullet Punch|p2a: Dragonite
|-supereffective|p2a: Dragonite
|-damage|p2a: Dragonite|0 fnt
|faint|p2a: Dragonite
|move|p2b: Garchomp|Dragon Claw|p1b: Metagross
|-damage|p1b: Metagross|0 fnt
|faint|p1b: Metagross
|-damage|p2b: Garchomp|81/100|[from] item: Life Orb
|move|p1a: Sparx|Air Slash|p2b: Garchomp
|-damage|p2b: Garchomp|35/100
|
|-ability|p1a: Sparx|Speed Boost|boost
|-boost|p1a: Sparx|spe|1
|upkeep
|
|t:|1757744079
|switch|p2a: Sneasler|Sneasler, L50, F|100/100
|switch|p1b: Ullr|Decidueye-Hisui, L50, M, shiny|100/100
|turn|4
|inactive|higigig has 30 seconds left.
|
|t:|1757744111
|move|p1a: Sparx|Protect|p1a: Sparx
|-singleturn|p1a: Sparx|Protect
|move|p1b: Ullr|Protect|p1b: Ullr
|-singleturn|p1b: Ullr|Protect
|move|p2a: Sneasler|Dire Claw|p1b: Ullr
|-activate|p1b: Ullr|move: Protect
|move|p2b: Garchomp|Dragon Claw|p1a: Sparx
|-activate|p1a: Sparx|move: Protect
|
|-ability|p1a: Sparx|Speed Boost|boost
|-boost|p1a: Sparx|spe|1
|upkeep
|turn|5
|
|t:|1757744125
|move|p1a: Sparx|Air Slash|p2a: Sneasler
|-supereffective|p2a: Sneasler
|-damage|p2a: Sneasler|1/100
|move|p2a: Sneasler|Dire Claw|p1a: Sparx
|-crit|p1a: Sparx
|-damage|p1a: Sparx|9/100
|-status|p1a: Sparx|par
|move|p2b: Garchomp|Dragon Claw|p1a: Sparx
|-damage|p1a: Sparx|0 fnt
|faint|p1a: Sparx
|-damage|p2b: Garchomp|25/100|[from] item: Life Orb
|move|p1b: Ullr|Triple Arrows|p2b: Garchomp
|-crit|p2b: Garchomp
|-damage|p2b: Garchomp|0 fnt
|faint|p2b: Garchomp
|
|-sideend|p2: higigig|move: Tailwind
|upkeep
|turn|6
|
|t:|1757744140
|move|p2a: Sneasler|Dire Claw|p1b: Ullr
|-supereffective|p1b: Ullr
|-damage|p1b: Ullr|0 fnt
|faint|p1b: Ullr
|
|win|higigig
|raw|Professor_J93's rating: 1177 → 1148(-29 for losing)
|raw|higigig's rating: 1121 → 1150(+29 for winning)
