|j|☆ttsui234
|j|☆Serendepityz
|html|ttsui234Serendepityz    
|uhtml|bestof|Game 2 of a best-of-3
|t:|1785506120
|gametype|doubles
|player|p1|ttsui234|169|1340
|player|p2|Serendepityz|2|1282
|gen|9
|tier|[Gen 9 Champions] VGC 2026 Reg M-B (Bo3)
|rated|
|rule|Species Clause: Limit one of each Pokémon
|rule|Item Clause: Limit 1 of each item
|clearpoke
|poke|p1|Froslass, L50, F|
|poke|p1|Sneasler, L50, M|
|poke|p1|Garchomp, L50, M|
|poke|p1|Talonflame, L50, F|
|poke|p1|Samurott-Hisui, L50, M|
|poke|p1|Dragonite, L50, M|
|poke|p2|Tyranitar, L50, F|
|poke|p2|Staraptor, L50, F|
|poke|p2|Gholdengo, L50|
|poke|p2|Sinistcha, L50|
|poke|p2|Lycanroc, L50, F|
|poke|p2|Milotic, L50, M|
|teampreview|4
|showteam|p1|Froslass||Froslassite|CursedBody|Blizzard,Thunderbolt,ShadowBall,Protect|Modest||F|||50|]Sneasler||WhiteHerb|Unburden|CloseCombat,DireClaw,FakeOut,Protect|Adamant||M|||50|]Garchomp||LifeOrb|RoughSkin|Earthquake,StompingTantrum,RockSlide,Protect|Jolly||M|||50|]Talonflame||SharpBeak|GaleWings|DualWingbeat,FlareBlitz,Tailwind,Protect|Adamant||F|||50|]Samurott-Hisui||ExpertBelt|Sharpness|RazorShell,NightSlash,SuckerPunch,SacredSword|Adamant||M|||50|]Dragonite||Dragoninite|Multiscale|DragonPulse,HeatWave,Thunderbolt,Protect|Modest||M|||50|
|showteam|p2|Tyranitar||Tyranitarite|SandStream|RockSlide,KnockOff,LowKick,Protect|Jolly||F|||50|]Staraptor||Staraptite|Intimidate|BraveBird,CloseCombat,Tailwind,Protect|Jolly||F|||50|]Gholdengo||LifeOrb|GoodasGold|MakeItRain,ShadowBall,NastyPlot,Protect|Modest|||||50|]Sinistcha||ColburBerry|Hospitality|MatchaGotcha,ShadowBall,RagePowder,Protect|Bold|||||50|]Lycanroc||FocusSash|SandRush|RockSlide,StoneEdge,PsychicFangs,Protect|Adamant||F|||50|]Milotic||SitrusBerry|Competitive|Scald,IceBeam,IcyWind,Protect|Calm||M|||50|
|
|t:|1785506160
|teamsize|p1|4
|teamsize|p2|4
|start
|switch|p1a: Dragonite|Dragonite, L50, M|100/100
|switch|p1b: Garchomp|Garchomp, L50, M|100/100
|switch|p2a: Gholdengo|Gholdengo, L50|100/100
|switch|p2b: Milotic|Milotic, L50, M|100/100
|turn|1
|
|t:|1785506174
|detailschange|p1a: Dragonite|Dragonite-Mega, L50, M
|-mega|p1a: Dragonite|Dragonite|Dragoninite
|move|p1b: Garchomp|Earthquake|p2b: Milotic|[spread] p2a,p2b
|-immune|p1a: Dragonite
|-supereffective|p2a: Gholdengo|1
|-damage|p2a: Gholdengo|15/100
|-damage|p2b: Milotic|56/100
|-damage|p1b: Garchomp|90/100|[from] item: Life Orb
|move|p1a: Dragonite|Thunderbolt|p2b: Milotic
|-supereffective|p2b: Milotic|1
|-damage|p2b: Milotic|3/100
|-status|p2b: Milotic|par
|-enditem|p2b: Milotic|Sitrus Berry|[eat]
|-heal|p2b: Milotic|28/100 par|[from] item: Sitrus Berry
|move|p2a: Gholdengo|Make It Rain|p1a: Dragonite|[spread] p1a,p1b
|-damage|p1a: Dragonite|77/100
|-damage|p1b: Garchomp|27/100
|-unboost|p2a: Gholdengo|spa|2
|-damage|p2a: Gholdengo|6/100|[from] item: Life Orb
|move|p2b: Milotic|Icy Wind|p1b: Garchomp|[spread] p1a,p1b
|-supereffective|p1a: Dragonite|2
|-supereffective|p1b: Garchomp|2
|-damage|p1a: Dragonite|48/100
|-damage|p1b: Garchomp|0 fnt
|-unboost|p1a: Dragonite|spe|1
|faint|p1b: Garchomp
|
|upkeep
|
|t:|1785506198
|switch|p1b: Sneasler|Sneasler, L50, M|100/100
|turn|2
|
|t:|1785506214
|move|p1b: Sneasler|Close Combat|p2b: Milotic
|-damage|p2b: Milotic|0 fnt
|-unboost|p1b: Sneasler|def|1
|-unboost|p1b: Sneasler|spd|1
|faint|p2b: Milotic
|-enditem|p1b: Sneasler|White Herb
|-clearnegativeboost|p1b: Sneasler|[silent]
|move|p2a: Gholdengo|Make It Rain|p1a: Dragonite|[spread] p1a,p1b
|-crit|p1a: Dragonite
|-damage|p1a: Dragonite|0 fnt
|-damage|p1b: Sneasler|61/100
|-unboost|p2a: Gholdengo|spa|2
|faint|p1a: Dragonite
|-damage|p2a: Gholdengo|0 fnt|[from] item: Life Orb
|faint|p2a: Gholdengo
|
|upkeep
|
|t:|1785506223
|switch|p1a: Samurott|Samurott-Hisui, L50, M|100/100
|switch|p2a: Tyranitar|Tyranitar, L50, F|100/100
|switch|p2b: Lycanroc|Lycanroc, L50, F|100/100
|-weather|Sandstorm|[from] ability: Sand Stream|[of] p2a: Tyranitar
|turn|3
|
|t:|1785506248
|detailschange|p2a: Tyranitar|Tyranitar-Mega, L50, F
|-mega|p2a: Tyranitar|Tyranitar|Tyranitarite
|move|p1b: Sneasler|Protect|p1b: Sneasler
|-singleturn|p1b: Sneasler|Protect
|move|p2b: Lycanroc|Psychic Fangs|p1b: Sneasler
|-activate|p1b: Sneasler|move: Protect
|move|p2a: Tyranitar|Low Kick|p1a: Samurott
|-supereffective|p1a: Samurott|1
|-damage|p1a: Samurott|22/100
|move|p1a: Samurott|Sacred Sword|p2b: Lycanroc
|-supereffective|p2b: Lycanroc|1
|-enditem|p2b: Lycanroc|Focus Sash
|-damage|p2b: Lycanroc|1/100
|
|-weather|Sandstorm|[upkeep]
|-damage|p1b: Sneasler|56/100|[from] Sandstorm
|-damage|p1a: Samurott|16/100|[from] Sandstorm
|upkeep
|turn|4
|
|t:|1785506303
|move|p2a: Tyranitar|Protect|p2a: Tyranitar
|-singleturn|p2a: Tyranitar|Protect
|move|p1a: Samurott|Sucker Punch|p2b: Lycanroc
|-damage|p2b: Lycanroc|0 fnt
|faint|p2b: Lycanroc
|move|p1b: Sneasler|Close Combat|p2a: Tyranitar
|-activate|p2a: Tyranitar|move: Protect
|
|-weather|Sandstorm|[upkeep]
|-damage|p1b: Sneasler|50/100g|[from] Sandstorm
|-damage|p1a: Samurott|10/100|[from] Sandstorm
|upkeep
|turn|5
|
|t:|1785506312
|move|p1a: Samurott|Sucker Punch|p2a: Tyranitar
|-resisted|p2a: Tyranitar|1
|-damage|p2a: Tyranitar|88/100
|move|p1b: Sneasler|Close Combat|p2a: Tyranitar
|-supereffective|p2a: Tyranitar|2
|-damage|p2a: Tyranitar|0 fnt
|-unboost|p1b: Sneasler|def|1
|-unboost|p1b: Sneasler|spd|1
|faint|p2a: Tyranitar
|
|win|ttsui234
|raw|ttsui234's rating: 1340 → 1357(+17 for winning)
|raw|Serendepityz's rating: 1282 → 1261(-21 for losing)
|l|☆Serendepityz
|player|p2|
|l|☆ttsui234
|player|p1|
|j|☆ttsui234
|player|p1|ttsui234|169|
