|j|☆blizzardspamming
|j|☆GexVGC
|html|blizzardspammingGexVGC    
|uhtml|bestof|Game 1 of a best-of-3
|t:|1783306149
|gametype|doubles
|player|p1|blizzardspamming|clair|1167
|player|p2|GexVGC|169|1199
|gen|9
|tier|[Gen 9 Champions] VGC 2026 Reg M-B (Bo3)
|rated|
|rule|Species Clause: Limit one of each Pokémon
|rule|Item Clause: Limit 1 of each item
|clearpoke
|poke|p1|Gengar, L50, M|
|poke|p1|Ninetales-Alola, L50, M|
|poke|p1|Incineroar, L50, F|
|poke|p1|Gholdengo, L50|
|poke|p1|Sneasler, L50, F|
|poke|p1|Dragonite, L50, F|
|poke|p2|Metagross, L50, shiny|
|poke|p2|Maushold, L50|
|poke|p2|Sneasler, L50, M|
|poke|p2|Blastoise, L50, M|
|poke|p2|Pelipper, L50, F|
|poke|p2|Grimmsnarl, L50, M|
|teampreview|4
|showteam|p1|Gengar||Gengarite|CursedBody|ShadowBall,SludgeBomb,Disable,Protect|Modest||M|||50|]Ninetales-Alola||NeverMeltIce|SnowWarning|Blizzard,FreezeDry,Encore,Protect|Timid||M|||50|]Incineroar||SitrusBerry|Intimidate|FakeOut,FlareBlitz,LashOut,PartingShot|Sassy||F|||50|]Gholdengo||Leftovers|GoodasGold|MakeItRain,ShadowBall,NastyPlot,Protect|Modest|||||50|]Sneasler||FocusSash|PoisonTouch|FakeOut,CloseCombat,DireClaw,Protect|Jolly||F|||50|]Dragonite||Dragoninite|InnerFocus|DracoMeteor,Flamethrower,Thunderbolt,Tailwind|Modest||F|||50|
|showteam|p2|Metagross||Metagrossite|ClearBody|IronDefense,IronHead,PsychicFangs,BodyPress|Jolly|||||50|]Maushold||ChopleBerry|FriendGuard|Feint,FollowMe,Protect,SuperFang|Impish|||||50|]Sneasler||FocusSash|Unburden|CloseCombat,DireClaw,FakeOut,Protect|Jolly||M|||50|]Blastoise||Blastoisinite|RainDish|DarkPulse,Protect,ShellSmash,WaterSpout|Modest||M|||50|]Pelipper||SitrusBerry|Drizzle|WideGuard,Hurricane,MuddyWater,Tailwind|Modest||F|||50|]Grimmsnarl||LightClay|Prankster|FakeOut,Reflect,LightScreen,PartingShot|Careful||M|||50|
|
|t:|1783306198
|teamsize|p1|4
|teamsize|p2|4
|start
|switch|p1a: Incineroar|Incineroar, L50, F|100/100
|switch|p1b: Dragonite|Dragonite, L50, F|100/100
|switch|p2a: Grimmsnarl|Grimmsnarl, L50, M|100/100
|switch|p2b: Pelipper|Pelipper, L50, F|100/100
|-weather|RainDance|[from] ability: Drizzle|[of] p2b: Pelipper
|-ability|p1a: Incineroar|Intimidate|boost
|-unboost|p2a: Grimmsnarl|atk|1
|-unboost|p2b: Pelipper|atk|1
|turn|1
|
|t:|1783306238
|switch|p1a: Gholdengo|Gholdengo, L50|100/100
|detailschange|p1b: Dragonite|Dragonite-Mega, L50, F
|-mega|p1b: Dragonite|Dragonite|Dragoninite
|move|p2a: Grimmsnarl|Light Screen|p2a: Grimmsnarl
|-sidestart|p2: GexVGC|move: Light Screen
|move|p1b: Dragonite|Thunderbolt|p2b: Pelipper
|-supereffective|p2b: Pelipper|2
|-damage|p2b: Pelipper|0 fnt
|faint|p2b: Pelipper
|
|-weather|RainDance|[upkeep]
|upkeep
|
|t:|1783306260
|switch|p2b: Blastoise|Blastoise, L50, M|100/100
|turn|2
|
|t:|1783306272
|switch|p1a: Sneasler|Sneasler, L50, F|100/100
|detailschange|p2b: Blastoise|Blastoise-Mega, L50, M
|-mega|p2b: Blastoise|Blastoise|Blastoisinite
|move|p2b: Blastoise|Protect|p2b: Blastoise
|-singleturn|p2b: Blastoise|Protect
|move|p2a: Grimmsnarl|Parting Shot|p1b: Dragonite
|-unboost|p1b: Dragonite|atk|1
|-unboost|p1b: Dragonite|spa|1
|
|t:|1783306280
|switch|p2a: Maushold|Maushold, L50|100/100|[from] Parting Shot
|move|p1b: Dragonite|Tailwind|p1b: Dragonite
|-sidestart|p1: blizzardspamming|move: Tailwind
|
|-weather|RainDance|[upkeep]
|upkeep
|turn|3
|
|t:|1783306299
|switch|p2b: Grimmsnarl|Grimmsnarl, L50, M|100/100
|move|p1a: Sneasler|Fake Out|p2b: Grimmsnarl
|-damage|p2b: Grimmsnarl|89/100
|move|p1b: Dragonite|Draco Meteor|p2a: Maushold
|-damage|p2a: Maushold|58/100
|-unboost|p1b: Dragonite|spa|2
|move|p2a: Maushold|Super Fang|p1b: Dragonite|[miss]
|-miss|p2a: Maushold|p1b: Dragonite
|
|-weather|RainDance|[upkeep]
|upkeep
|turn|4
|
|t:|1783306324
|switch|p1b: Gholdengo|Gholdengo, L50|100/100
|move|p1a: Sneasler|Protect|p1a: Sneasler
|-singleturn|p1a: Sneasler|Protect
|move|p2b: Grimmsnarl|Fake Out|p1a: Sneasler
|-activate|p1a: Sneasler|move: Protect
|move|p2a: Maushold|Super Fang|p1b: Gholdengo
|-immune|p1b: Gholdengo
|
|-weather|RainDance|[upkeep]
|upkeep
|turn|5
|
|t:|1783306340
|move|p2a: Maushold|Feint|p1a: Sneasler
|-damage|p1a: Sneasler|85/100
|move|p2b: Grimmsnarl|Reflect|p2b: Grimmsnarl
|-sidestart|p2: GexVGC|Reflect
|move|p1a: Sneasler|Close Combat|p2a: Maushold
|-supereffective|p2a: Maushold|1
|-enditem|p2a: Maushold|Chople Berry|[eat]
|-enditem|p2a: Maushold|Chople Berry|[weaken]
|-damage|p2a: Maushold|16/100
|-unboost|p1a: Sneasler|def|1
|-unboost|p1a: Sneasler|spd|1
|-status|p2a: Maushold|psn|[from] ability: Poison Touch|[of] p1a: Sneasler
|move|p1b: Gholdengo|Nasty Plot|p1b: Gholdengo
|-boost|p1b: Gholdengo|spa|2
|
|-weather|none
|-damage|p2a: Maushold|4/100 psn|[from] psn
|-sideend|p1: blizzardspamming|move: Tailwind
|upkeep
|turn|6
|
|t:|1783306363
|move|p2a: Maushold|Feint|p1a: Sneasler
|-damage|p1a: Sneasler|64/100
|move|p2b: Grimmsnarl|Parting Shot|p1a: Sneasler
|-unboost|p1a: Sneasler|atk|1
|-unboost|p1a: Sneasler|spa|1
|
|t:|1783306366
|switch|p2b: Blastoise|Blastoise-Mega, L50, M|100/100|[from] Parting Shot
|move|p1a: Sneasler|Dire Claw|p2b: Blastoise
|-damage|p2b: Blastoise|85/100
|-status|p2b: Blastoise|par
|move|p1b: Gholdengo|Nasty Plot|p1b: Gholdengo
|-boost|p1b: Gholdengo|spa|2
|
|-damage|p2a: Maushold|0 fnt|[from] psn
|faint|p2a: Maushold
|upkeep
|-message|GexVGC forfeited.
|
|win|blizzardspamming
||GexVGC is ready for game 2.
||blizzardspamming is ready for game 2.
|uhtml|next|Next: Game 2 of 3
