|j|☆h0000n
|j|☆Shaymin frohawk
|html|h0000nShaymin frohawk    
|uhtml|bestof|Game 2 of a best-of-3
|t:|1786119884
|gametype|doubles
|player|p1|h0000n|hoopster|1170
|player|p2|Shaymin frohawk|101|1168
|gen|9
|tier|[Gen 9 Champions] VGC 2026 Reg M-B (Bo3)
|rated|
|rule|Species Clause: Limit one of each Pokémon
|rule|Item Clause: Limit 1 of each item
|clearpoke
|poke|p1|Charizard, L50, F|
|poke|p1|Venusaur, L50, F|
|poke|p1|Incineroar, L50, M|
|poke|p1|Garchomp, L50, M|
|poke|p1|Sylveon, L50, M|
|poke|p1|Mamoswine, L50, F|
|poke|p2|Raichu, L50, M|
|poke|p2|Staraptor, L50, M|
|poke|p2|Arcanine-Hisui, L50, F|
|poke|p2|Sylveon, L50, M|
|poke|p2|Farigiraf, L50, M|
|poke|p2|Kingambit, L50, F|
|teampreview|4
|showteam|p1|Charizard||CharizarditeY|Blaze|HelpingHand,HeatWave,SolarBeam,Protect|Bold||F|||50|]Venusaur||LifeOrb|Chlorophyll|SolarBeam,Protect,SludgeBomb,EarthPower|Modest||F|||50|]Incineroar||Leftovers|Intimidate|FakeOut,FlareBlitz,PartingShot,DarkestLariat|Adamant||M|||50|]Garchomp||SitrusBerry|RoughSkin|Earthquake,DragonClaw,RockSlide,Protect|Jolly||M|||50|]Sylveon||FairyFeather|Pixilate|Detect,HyperVoice,QuickAttack,Yawn|Modest||M|||50|]Mamoswine||FocusSash|Oblivious|Earthquake,IceShard,IcicleCrash,Protect|Jolly||F|||50|
|showteam|p2|Raichu||RaichuniteY|LightningRod|ZapCannon,FocusBlast,FakeOut,Protect|Hasty||M|||50|]Staraptor||Staraptite|Intimidate|DualWingbeat,CloseCombat,Tailwind,Protect|Jolly||M|||50|]Arcanine-Hisui||FocusSash|RockHead|FlareBlitz,HeadSmash,ExtremeSpeed,Protect|Jolly||F|||50|]Sylveon||FairyFeather|Pixilate|HyperBeam,HyperVoice,QuickAttack,Detect|Modest||M|||50|]Farigiraf||SitrusBerry|ArmorTail|TrickRoom,Protect,Psychic,HelpingHand|Calm||M|||50|]Kingambit||LifeOrb|Defiant|KowtowCleave,SuckerPunch,Protect,SwordsDance|Adamant||F|||50|
|inactive|Battle timer is ON: inactive players will automatically lose when time's up. (requested by h0000n)
|
|t:|1786119917
|teamsize|p1|4
|teamsize|p2|4
|start
|switch|p1a: Incineroar|Incineroar, L50, M|100/100
|switch|p1b: Charizard|Charizard, L50, F|100/100
|switch|p2a: Staraptor|Staraptor, L50, M|100/100
|switch|p2b: Kingambit|Kingambit, L50, F|100/100
|-ability|p2a: Staraptor|Intimidate|boost
|-unboost|p1a: Incineroar|atk|1
|-unboost|p1b: Charizard|atk|1
|-ability|p1a: Incineroar|Intimidate|boost
|-unboost|p2a: Staraptor|atk|1
|-unboost|p2b: Kingambit|atk|1
|-ability|p2b: Kingambit|Defiant|boost
|-boost|p2b: Kingambit|atk|2
|turn|1
|
|t:|1786119939
|switch|p2a: Arcanine|Arcanine-Hisui, L50, F|100/100
|detailschange|p1b: Charizard|Charizard-Mega-Y, L50, F
|-mega|p1b: Charizard|Charizard|Charizardite Y
|-weather|SunnyDay|[from] ability: Drought|[of] p1b: Charizard
|move|p2b: Kingambit|Protect|p2b: Kingambit
|-singleturn|p2b: Kingambit|Protect
|move|p1a: Incineroar|Fake Out|p2a: Arcanine
|-resisted|p2a: Arcanine|1
|-damage|p2a: Arcanine|94/100
|move|p1b: Charizard|Heat Wave|p2b: Kingambit|[spread] p2a
|-activate|p2b: Kingambit|move: Protect
|-resisted|p2a: Arcanine|2
|-damage|p2a: Arcanine|77/100
|
|-weather|SunnyDay|[upkeep]
|upkeep
|turn|2
|
|t:|1786119954
|move|p1b: Charizard|Protect|p1b: Charizard
|-singleturn|p1b: Charizard|Protect
|move|p2a: Arcanine|Head Smash|p1a: Incineroar
|-supereffective|p1a: Incineroar|1
|-damage|p1a: Incineroar|0 fnt
|faint|p1a: Incineroar
|move|p2b: Kingambit|Kowtow Cleave|p1b: Charizard
|-activate|p1b: Charizard|move: Protect
|
|-weather|SunnyDay|[upkeep]
|upkeep
|
|t:|1786119964
|switch|p1a: Venusaur|Venusaur, L50, F|100/100
|turn|3
|
|t:|1786119976
|switch|p1b: Sylveon|Sylveon, L50, M|100/100
|move|p2b: Kingambit|Sucker Punch|p1a: Venusaur
|-damage|p1a: Venusaur|2/100
|-damage|p2b: Kingambit|90/100|[from] item: Life Orb
|move|p1a: Venusaur|Earth Power|p2a: Arcanine
|-supereffective|p2a: Arcanine|2
|-damage|p2a: Arcanine|0 fnt
|faint|p2a: Arcanine
|-damage|p1a: Venusaur|0 fnt|[from] item: Life Orb
|faint|p1a: Venusaur
|
|-weather|SunnyDay|[upkeep]
|upkeep
|
|t:|1786119997
|switch|p2a: Staraptor|Staraptor, L50, M|100/100
|switch|p1a: Charizard|Charizard-Mega-Y, L50, F|100/100
|-ability|p2a: Staraptor|Intimidate|boost
|-unboost|p1a: Charizard|atk|1
|-unboost|p1b: Sylveon|atk|1
|turn|4
|
|t:|1786120016
|move|p1a: Charizard|Protect|p1a: Charizard
|-singleturn|p1a: Charizard|Protect
|move|p2b: Kingambit|Sucker Punch||[still]
|-fail|p2b: Kingambit
|move|p2a: Staraptor|Dual Wingbeat|p1a: Charizard
|-activate|p1a: Charizard|move: Protect
|move|p1b: Sylveon|Yawn|p2b: Kingambit
|-start|p2b: Kingambit|move: Yawn|[of] p1b: Sylveon
|
|-weather|SunnyDay|[upkeep]
|upkeep
|turn|5
|
|t:|1786120027
|move|p1a: Charizard|Helping Hand|p1b: Sylveon
|-singleturn|p1b: Sylveon|Helping Hand|[of] p1a: Charizard
|move|p2a: Staraptor|Dual Wingbeat|p1a: Charizard
|-damage|p1a: Charizard|86/100
|-damage|p1a: Charizard|71/100
|-hitcount|p1a: Charizard|2
|move|p1b: Sylveon|Hyper Voice|p2a: Staraptor|[spread] p2a,p2b
|-damage|p2a: Staraptor|0 fnt
|-damage|p2b: Kingambit|23/100
|faint|p2a: Staraptor
|move|p2b: Kingambit|Kowtow Cleave|p1a: Charizard
|-damage|p1a: Charizard|0 fnt
|faint|p1a: Charizard
|-damage|p2b: Kingambit|13/100|[from] item: Life Orb
|
|-weather|none
|-end|p2b: Kingambit|move: Yawn|[silent]
|-status|p2b: Kingambit|slp
|upkeep
|
|t:|1786120037
|switch|p2a: Sylveon|Sylveon, L50, M|100/100
|turn|6
|
|t:|1786120046
|move|p2a: Sylveon|Hyper Voice|p1b: Sylveon
|-damage|p1b: Sylveon|52/100
|move|p1b: Sylveon|Hyper Voice|p2a: Sylveon|[spread] p2a,p2b
|-damage|p2a: Sylveon|61/100
|-damage|p2b: Kingambit|0 fnt
|faint|p2b: Kingambit
|
|upkeep
|turn|7
|
|t:|1786120060
|move|p2a: Sylveon|Hyper Beam|p1b: Sylveon
|-damage|p1b: Sylveon|0 fnt
|-mustrecharge|p2a: Sylveon
|faint|p1b: Sylveon
|
|win|Shaymin frohawk
|raw|h0000n's rating: 1170 → 1145(-25 for losing)
|raw|Shaymin frohawk's rating: 1168 → 1193(+25 for winning)
