|j|☆davidxrt
|j|☆LynxVGC
|html|davidxrtLynxVGC    
|uhtml|bestof|Game 3 of a best-of-3
|t:|1784025778
|gametype|doubles
|player|p1|davidxrt|hilbert-wonderlauncher|1220
|player|p2|LynxVGC|larry|1185
|gen|9
|tier|[Gen 9 Champions] VGC 2026 Reg M-B (Bo3)
|rated|
|rule|Species Clause: Limit one of each Pokémon
|rule|Item Clause: Limit 1 of each item
|clearpoke
|poke|p1|Klefki, L50, F|
|poke|p1|Kingambit, L50, M|
|poke|p1|Pelipper, L50, M|
|poke|p1|Archaludon, L50, M|
|poke|p1|Basculegion, L50, M|
|poke|p1|Floette-Eternal, L50, F|
|poke|p2|Grimmsnarl, L50, M|
|poke|p2|Venusaur, L50, M|
|poke|p2|Archaludon, L50, M|
|poke|p2|Pelipper, L50, M|
|poke|p2|Charizard, L50, M|
|poke|p2|Basculegion, L50, M|
|teampreview|4
|showteam|p1|Klefki||LightClay|Prankster|Reflect,LightScreen,RainDance,TrickRoom|Bold||F|||50|]Kingambit||BlackGlasses|Defiant|Protect,SuckerPunch,KowtowCleave,IronHead|Adamant||M|||50|]Pelipper||SitrusBerry|Drizzle|Protect,Tailwind,WeatherBall,Hurricane|Modest||M|||50|]Archaludon||QuickClaw|Stamina|Protect,ElectroShot,DracoMeteor,FlashCannon|Modest||M|||50|]Basculegion||LifeOrb|SwiftSwim|Protect,AquaJet,WaveCrash,LastRespects|Adamant||M|||50|]Floette-Eternal||Floettite|FlowerVeil|Protect,DazzlingGleam,Moonblast,LightofRuin|Modest||F|||50|
|showteam|p2|Grimmsnarl||LightClay|Prankster|Reflect,LightScreen,SpiritBreak,PartingShot|Impish||M|||50|]Venusaur||Venusaurite|Chlorophyll|SludgeBomb,LeechSeed,EarthPower,GigaDrain|Bold||M|||50|]Archaludon||Leftovers|Stamina|ElectroShot,FlashCannon,DragonPulse,Protect|Bold||M|||50|]Pelipper||SitrusBerry|Drizzle|Hurricane,Tailwind,WideGuard,WeatherBall|Calm||M|||50|]Charizard||CharizarditeY|Blaze|HeatWave,WeatherBall,SolarBeam,Protect|Modest||M|||50|]Basculegion||LifeOrb|Adaptability|WaveCrash,LastRespects,AquaJet,Protect|Adamant||M|||50|
|inactive|Battle timer is ON: inactive players will automatically lose when time's up. (requested by davidxrt)
|
|t:|1784025804
|teamsize|p1|4
|teamsize|p2|4
|start
|switch|p1a: Klefki|Klefki, L50, F|100/100
|switch|p1b: Kingambit|Kingambit, L50, M|100/100
|switch|p2a: Venusaur|Venusaur, L50, M|100/100
|switch|p2b: Grimmsnarl|Grimmsnarl, L50, M|100/100
|turn|1
|
|t:|1784025828
|detailschange|p2a: Venusaur|Venusaur-Mega, L50, M
|-mega|p2a: Venusaur|Venusaur|Venusaurite
|move|p1a: Klefki|Light Screen|p1a: Klefki
|-sidestart|p1: davidxrt|move: Light Screen
|move|p2b: Grimmsnarl|Reflect|p2b: Grimmsnarl
|-sidestart|p2: LynxVGC|Reflect
|move|p2a: Venusaur|Leech Seed|p1b: Kingambit
|-start|p1b: Kingambit|move: Leech Seed
|move|p1b: Kingambit|Iron Head|p2b: Grimmsnarl
|-supereffective|p2b: Grimmsnarl|1
|-damage|p2b: Grimmsnarl|50/100g
|
|-damage|p1b: Kingambit|87/100|[from] Leech Seed|[of] p2a: Venusaur
|upkeep
|turn|2
|
|t:|1784025849
|switch|p1a: Pelipper|Pelipper, L50, M|100/100
|-weather|RainDance|[from] ability: Drizzle|[of] p1a: Pelipper
|move|p2b: Grimmsnarl|Parting Shot|p1a: Pelipper
|-unboost|p1a: Pelipper|atk|1
|-unboost|p1a: Pelipper|spa|1
|
|t:|1784025855
|switch|p2b: Archaludon|Archaludon, L50, M|100/100|[from] Parting Shot
|move|p2a: Venusaur|Leech Seed|p1a: Pelipper
|-start|p1a: Pelipper|move: Leech Seed
|move|p1b: Kingambit|Iron Head|p2b: Archaludon
|-resisted|p2b: Archaludon|1
|-damage|p2b: Archaludon|89/100
|-ability|p2b: Archaludon|Stamina|boost
|-boost|p2b: Archaludon|def|1
|
|-weather|RainDance|[upkeep]
|-heal|p2b: Archaludon|95/100|[from] item: Leftovers
|-damage|p1a: Pelipper|87/100|[from] Leech Seed|[of] p2a: Venusaur
|-damage|p1b: Kingambit|75/100|[from] Leech Seed|[of] p2a: Venusaur
|upkeep
|turn|3
|
|t:|1784025879
|switch|p1a: Klefki|Klefki, L50, F|100/100
|switch|p1b: Archaludon|Archaludon, L50, M|100/100
|move|p2a: Venusaur|Earth Power|p1b: Archaludon
|-supereffective|p1b: Archaludon|1
|-damage|p1b: Archaludon|66/100
|-ability|p1b: Archaludon|Stamina|boost
|-boost|p1b: Archaludon|def|1
|move|p2b: Archaludon|Electro Shot||[still]
|-prepare|p2b: Archaludon|Electro Shot
|-boost|p2b: Archaludon|spa|1
|-anim|p2b: Archaludon|Electro Shot|p1a: Klefki
|-damage|p1a: Klefki|60/100
|
|-weather|RainDance|[upkeep]
|-heal|p2b: Archaludon|100/100|[from] item: Leftovers
|upkeep
|turn|4
|inactive|davidxrt has 30 seconds left.
|
|t:|1784025904
|move|p2a: Venusaur|Leech Seed|p1b: Archaludon
|-start|p1b: Archaludon|move: Leech Seed
|move|p2b: Archaludon|Electro Shot||[still]
|-prepare|p2b: Archaludon|Electro Shot
|-boost|p2b: Archaludon|spa|1
|-anim|p2b: Archaludon|Electro Shot|p1a: Klefki
|-damage|p1a: Klefki|12/100
|move|p1b: Archaludon|Electro Shot||[still]
|-prepare|p1b: Archaludon|Electro Shot
|-boost|p1b: Archaludon|spa|1
|-anim|p1b: Archaludon|Electro Shot|p2b: Archaludon
|-resisted|p2b: Archaludon|1
|-damage|p2b: Archaludon|72/100
|-ability|p2b: Archaludon|Stamina|boost
|-boost|p2b: Archaludon|def|1
|move|p1a: Klefki|Trick Room|p1a: Klefki
|-fieldstart|move: Trick Room|[of] p1a: Klefki
|
|-weather|RainDance|[upkeep]
|-heal|p2b: Archaludon|78/100|[from] item: Leftovers
|-damage|p1b: Archaludon|54/100|[from] Leech Seed|[of] p2a: Venusaur
|upkeep
|turn|5
|inactive|davidxrt has 30 seconds left.
|inactive|LynxVGC has 30 seconds left.
|
|t:|1784025937
|move|p1a: Klefki|Reflect|p1a: Klefki
|-sidestart|p1: davidxrt|Reflect
|move|p1b: Archaludon|Electro Shot||[still]
|-prepare|p1b: Archaludon|Electro Shot
|-boost|p1b: Archaludon|spa|1
|-anim|p1b: Archaludon|Electro Shot|p2a: Venusaur
|-resisted|p2a: Venusaur|1
|-damage|p2a: Venusaur|65/100
|move|p2b: Archaludon|Dragon Pulse|p1b: Archaludon
|-damage|p1b: Archaludon|6/100
|-ability|p1b: Archaludon|Stamina|boost
|-boost|p1b: Archaludon|def|1
|move|p2a: Venusaur|Earth Power|p1b: Archaludon
|-supereffective|p1b: Archaludon|1
|-damage|p1b: Archaludon|0 fnt
|faint|p1b: Archaludon
|
|-weather|RainDance|[upkeep]
|-heal|p2b: Archaludon|84/100|[from] item: Leftovers
|upkeep
|
|t:|1784025953
|switch|p1b: Kingambit|Kingambit, L50, M|75/100
|turn|6
|
|t:|1784025964
|move|p1a: Klefki|Rain Dance||[still]
|-fail|p1a: Klefki
|move|p1b: Kingambit|Kowtow Cleave|p2a: Venusaur
|-damage|p2a: Venusaur|36/100
|move|p2b: Archaludon|Electro Shot||[still]
|-prepare|p2b: Archaludon|Electro Shot
|-boost|p2b: Archaludon|spa|1
|-anim|p2b: Archaludon|Electro Shot|p1b: Kingambit
|-damage|p1b: Kingambit|12/100
|move|p2a: Venusaur|Leech Seed|p1a: Klefki
|-start|p1a: Klefki|move: Leech Seed
|
|-weather|none
|-heal|p2b: Archaludon|90/100|[from] item: Leftovers
|-damage|p1a: Klefki|0 fnt|[from] Leech Seed|[of] p2a: Venusaur
|-heal|p2a: Venusaur|47/100|[silent]
|faint|p1a: Klefki
|upkeep
|
|t:|1784025972
|switch|p1a: Pelipper|Pelipper, L50, M|87/100
|-weather|RainDance|[from] ability: Drizzle|[of] p1a: Pelipper
|turn|7
|
|t:|1784025985
|move|p1b: Kingambit|Kowtow Cleave|p2a: Venusaur
|-damage|p2a: Venusaur|21/100
|move|p1a: Pelipper|Hurricane|p2b: Archaludon
|-resisted|p2b: Archaludon|1
|-damage|p2b: Archaludon|68/100
|-ability|p2b: Archaludon|Stamina|boost
|-boost|p2b: Archaludon|def|1
|move|p2b: Archaludon|Electro Shot||[still]
|-prepare|p2b: Archaludon|Electro Shot
|-boost|p2b: Archaludon|spa|1
|-anim|p2b: Archaludon|Electro Shot|p1a: Pelipper
|-supereffective|p1a: Pelipper|2
|-damage|p1a: Pelipper|0 fnt
|faint|p1a: Pelipper
|move|p2a: Venusaur|Earth Power|p1b: Kingambit
|-supereffective|p1b: Kingambit|1
|-damage|p1b: Kingambit|0 fnt
|faint|p1b: Kingambit
|
|win|LynxVGC
|raw|davidxrt's rating: 1220 → 1192(-28 for losing)
|raw|LynxVGC's rating: 1185 → 1213(+28 for winning)
|l|☆davidxrt
|player|p1|
