|j|☆Tatsugrilo
|j|‽vilan333
|html|Tatsugrilovilan333    
|uhtml|bestof|Game 1 of a best-of-3
|t:|1757082956
|gametype|doubles
|player|p1|Tatsugrilo|266|1047
|player|p2|vilan333|101|1151
|gen|9
|tier|[Gen 9] VGC 2025 Reg H (Bo3)
|rated|
|rule|Species Clause: Limit one of each Pokémon
|rule|Item Clause: Limit 1 of each item
|clearpoke
|poke|p1|Incineroar, L50, F|
|poke|p1|Gholdengo, L50|
|poke|p1|Amoonguss, L50, F|
|poke|p1|Hydreigon, L50, F|
|poke|p1|Porygon2, L50|
|poke|p1|Ursaluna, L50, M|
|poke|p2|Sneasler, L50, M|
|poke|p2|Indeedee, L50, M|
|poke|p2|Ursaluna-Bloodmoon, L50, M|
|poke|p2|Electabuzz, L50, F|
|poke|p2|Talonflame, L50, M|
|poke|p2|Incineroar, L50, M|
|teampreview|4
|showteam|p1|Incineroar||SitrusBerry|Intimidate|KnockOff,FakeOut,FlareBlitz,PartingShot|||F|||50|,,,,,Ghost]Gholdengo||MetalCoat|GoodasGold|MakeItRain,ShadowBall,NastyPlot,Protect||||||50|,,,,,Water]Amoonguss||CovertCloak|Regenerator|PollenPuff,RagePowder,Spore,Protect|||F|||50|,,,,,Fairy]Hydreigon||SafetyGoggles|Levitate|DracoMeteor,Snarl,Tailwind,Protect|||F|||50|,,,,,Ghost]Porygon2||Eviolite|Download|TeraBlast,IceBeam,Recover,TrickRoom||||||50|,,,,,Fighting]Ursaluna||FlameOrb|Guts|Earthquake,Facade,HeadlongRush,Protect|||M|||50|,,,,,Ghost
|showteam|p2|Sneasler||PsychicSeed|Unburden|Protect,CloseCombat,DireClaw,ThroatChop|||M|||50|,,,,,Dark]Indeedee||FocusSash|PsychicSurge|Protect,TrickRoom,ExpandingForce,TeraBlast|||M|||50|,,,,,Fighting]Ursaluna-Bloodmoon||LifeOrb|MindsEye|Protect,HyperVoice,BloodMoon,EarthPower|||M|||50|,,,,,Normal]Electabuzz||Eviolite|VitalSpirit|Electroweb,Protect,Taunt,FollowMe|||F|||50|,,,,,Ghost]Talonflame||CovertCloak|GaleWings|Tailwind,WillOWisp,DualWingbeat,FlareBlitz|||M|||50|,,,,,Fairy]Incineroar||SafetyGoggles|Intimidate|FakeOut,KnockOff,PartingShot,FlareBlitz|||M|||50|,,,,,Ghost
|
|t:|1757083033
|teamsize|p1|4
|teamsize|p2|4
|start
|switch|p1a: Incineroar|Incineroar, L50, F|100/100
|switch|p1b: Gholdengo|Gholdengo, L50|100/100
|switch|p2a: Electabuzz|Electabuzz, L50, F, shiny|100/100
|switch|p2b: Ursaluna|Ursaluna-Bloodmoon, L50, M|100/100
|-ability|p1a: Incineroar|Intimidate|boost
|-unboost|p2a: Electabuzz|atk|1
|-unboost|p2b: Ursaluna|atk|1
|turn|1
|
|t:|1757083059
|move|p1b: Gholdengo|Protect|p1b: Gholdengo
|-singleturn|p1b: Gholdengo|Protect
|move|p2a: Electabuzz|Electroweb|p1a: Incineroar|[spread] p1a
|-activate|p1b: Gholdengo|move: Protect
|-crit|p1a: Incineroar
|-damage|p1a: Incineroar|86/100
|-unboost|p1a: Incineroar|spe|1
|move|p2b: Ursaluna|Earth Power|p1b: Gholdengo
|-activate|p1b: Gholdengo|move: Protect
|move|p1a: Incineroar|Parting Shot|p2b: Ursaluna
|-unboost|p2b: Ursaluna|atk|1
|-unboost|p2b: Ursaluna|spa|1
|
|t:|1757083067
|switch|p1a: Porygon2|Porygon2, L50|100/100|[from] Parting Shot
|-ability|p1a: Porygon2|Download|boost
|-boost|p1a: Porygon2|spa|1
|
|upkeep
|turn|2
|
|t:|1757083086
|switch|p1b: Ursaluna|Ursaluna, L50, M|100/100
|move|p2a: Electabuzz|Taunt|p1a: Porygon2
|-start|p1a: Porygon2|move: Taunt
|move|p2b: Ursaluna|Earth Power|p1b: Ursaluna
|-damage|p1b: Ursaluna|58/100
|-damage|p2b: Ursaluna|91/100|[from] item: Life Orb
|cant|p1a: Porygon2|move: Taunt|Trick Room
|
|-status|p1b: Ursaluna|brn|[from] item: Flame Orb
|upkeep
|turn|3
|
|t:|1757083129
|switch|p1a: Incineroar|Incineroar, L50, F|86/100
|-ability|p1a: Incineroar|Intimidate|boost
|-unboost|p2a: Electabuzz|atk|1
|-unboost|p2b: Ursaluna|atk|1
|move|p1b: Ursaluna|Protect|p1b: Ursaluna
|-singleturn|p1b: Ursaluna|Protect
|move|p2a: Electabuzz|Follow Me|p2a: Electabuzz
|-singleturn|p2a: Electabuzz|move: Follow Me
|move|p2b: Ursaluna|Blood Moon|p1b: Ursaluna
|-activate|p1b: Ursaluna|move: Protect
|
|-damage|p1b: Ursaluna|52/100 brn|[from] brn
|upkeep
|turn|4
|
|t:|1757083181
|switch|p1a: Gholdengo|Gholdengo, L50|100/100
|move|p2a: Electabuzz|Protect|p2a: Electabuzz
|-singleturn|p2a: Electabuzz|Protect
|move|p2b: Ursaluna|Protect|p2b: Ursaluna
|-singleturn|p2b: Ursaluna|Protect
|move|p1b: Ursaluna|Headlong Rush|p2a: Electabuzz
|-activate|p2a: Electabuzz|move: Protect
|
|-damage|p1b: Ursaluna|46/100 brn|[from] brn
|upkeep
|turn|5
|
|t:|1757083205
|switch|p1b: Incineroar|Incineroar, L50, F|86/100
|-ability|p1b: Incineroar|Intimidate|boost
|-unboost|p2a: Electabuzz|atk|1
|-unboost|p2b: Ursaluna|atk|1
|move|p1a: Gholdengo|Protect|p1a: Gholdengo
|-singleturn|p1a: Gholdengo|Protect
|move|p2a: Electabuzz|Electroweb|p1b: Incineroar|[spread] p1b
|-activate|p1a: Gholdengo|move: Protect
|-damage|p1b: Incineroar|75/100
|-unboost|p1b: Incineroar|spe|1
|move|p2b: Ursaluna|Hyper Voice|p1a: Gholdengo|[spread] p1b
|-activate|p1a: Gholdengo|move: Protect
|-damage|p1b: Incineroar|48/100
|-enditem|p1b: Incineroar|Sitrus Berry|[eat]
|-heal|p1b: Incineroar|72/100|[from] item: Sitrus Berry
|-damage|p2b: Ursaluna|81/100|[from] item: Life Orb
|
|upkeep
|turn|6
|
|t:|1757083226
|move|p2a: Electabuzz|Protect|p2a: Electabuzz
|-singleturn|p2a: Electabuzz|Protect
|move|p2b: Ursaluna|Protect|p2b: Ursaluna
|-singleturn|p2b: Ursaluna|Protect
|move|p1b: Incineroar|Fake Out|p2b: Ursaluna
|-activate|p2b: Ursaluna|move: Protect
|move|p1a: Gholdengo|Nasty Plot|p1a: Gholdengo
|-boost|p1a: Gholdengo|spa|2
|
|upkeep
|turn|7
|
|t:|1757083244
|switch|p1b: Porygon2|Porygon2, L50|100/100
|-ability|p1b: Porygon2|Download|boost
|-boost|p1b: Porygon2|spa|1
|-terastallize|p2b: Ursaluna|Normal
|move|p2a: Electabuzz|Electroweb|p1b: Porygon2|[spread] p1a,p1b
|-damage|p1a: Gholdengo|87/100
|-damage|p1b: Porygon2|92/100
|-unboost|p1a: Gholdengo|spe|1
|-unboost|p1b: Porygon2|spe|1
|move|p2b: Ursaluna|Blood Moon|p1a: Gholdengo
|-resisted|p1a: Gholdengo
|-damage|p1a: Gholdengo|36/100
|-damage|p2b: Ursaluna|72/100|[from] item: Life Orb
|move|p1a: Gholdengo|Make It Rain|p2b: Ursaluna|[spread] p2a,p2b
|-resisted|p2a: Electabuzz
|-damage|p2a: Electabuzz|56/100
|-damage|p2b: Ursaluna|0 fnt
|-unboost|p1a: Gholdengo|spa|1
|faint|p2b: Ursaluna
|
|upkeep
|
|t:|1757083267
|switch|p2b: Sneasler|Sneasler, L50, M|100/100
|turn|8
|
|t:|1757083318
|switch|p1b: Incineroar|Incineroar, L50, F|72/100
|-ability|p1b: Incineroar|Intimidate|boost
|-unboost|p2a: Electabuzz|atk|1
|-unboost|p2b: Sneasler|atk|1
|-terastallize|p1a: Gholdengo|Water
|move|p2b: Sneasler|Close Combat|p1a: Gholdengo
|-damage|p1a: Gholdengo|0 fnt
|-unboost|p2b: Sneasler|def|1
|-unboost|p2b: Sneasler|spd|1
|faint|p1a: Gholdengo
|move|p2a: Electabuzz|Taunt|p1b: Incineroar
|-start|p1b: Incineroar|move: Taunt
|
|upkeep
|
|t:|1757083331
|switch|p1a: Porygon2|Porygon2, L50|92/100
|-ability|p1a: Porygon2|Download|boost
|-boost|p1a: Porygon2|atk|1
|turn|9
|
|t:|1757083342
|move|p1b: Incineroar|Fake Out|p2a: Electabuzz
|-crit|p2a: Electabuzz
|-damage|p2a: Electabuzz|39/100
|move|p2b: Sneasler|Dire Claw|p1a: Porygon2
|-damage|p1a: Porygon2|73/100
|-status|p1a: Porygon2|psn
|cant|p2a: Electabuzz|flinch
|move|p1a: Porygon2|Trick Room|p1a: Porygon2
|-fieldstart|move: Trick Room|[of] p1a: Porygon2
|
|-damage|p1a: Porygon2|61/100 psn|[from] psn
|upkeep
|turn|10
|
|t:|1757083377
|move|p1a: Porygon2|Tera Blast|p2b: Sneasler
|-damage|p2b: Sneasler|27/100
|move|p1b: Incineroar|Flare Blitz|p2b: Sneasler
|-damage|p2b: Sneasler|0 fnt
|faint|p2b: Sneasler
|-damage|p1b: Incineroar|65/100|[from] Recoil
|move|p2a: Electabuzz|Electroweb|p1a: Porygon2|[spread] p1a,p1b
|-damage|p1a: Porygon2|53/100 psn
|-damage|p1b: Incineroar|54/100
|-unboost|p1a: Porygon2|spe|1
|-unboost|p1b: Incineroar|spe|1
|
|-damage|p1a: Porygon2|40/100 psn|[from] psn
|-end|p1b: Incineroar|move: Taunt
|upkeep
|
|t:|1757083393
|switch|p2b: Indeedee|Indeedee, L50, M|100/100
|-fieldstart|move: Psychic Terrain|[from] ability: Psychic Surge|[of] p2b: Indeedee
|turn|11
|-message|vilan333 forfeited.
|
|win|Tatsugrilo
|l|‽vilan333
|player|p2|
||Tatsugrilo is ready for game 2.
|inactive|vilan333 has 30 seconds to confirm battle start!
||vilan333 is ready for game 2.
|uhtml|next|Next: Game 2 of 3
|j|‽vilan333
|player|p2|vilan333|101|
