|j|☆Daniw9
|j|‽fogster
|html|Daniw9fogster    
|uhtml|bestof|Game 1 of a best-of-3
|t:|1756397606
|gametype|doubles
|player|p1|Daniw9|101|1112
|player|p2|fogster|medium|1179
|gen|9
|tier|[Gen 9] VGC 2025 Reg H (Bo3)
|rated|
|rule|Species Clause: Limit one of each Pokémon
|rule|Item Clause: Limit 1 of each item
|clearpoke
|poke|p1|Garchomp, L50, F|
|poke|p1|Tyranitar, L50, F|
|poke|p1|Delphox, L50, F|
|poke|p1|Indeedee-F, L50, F|
|poke|p1|Gallade, L50, M|
|poke|p1|Whimsicott, L50, F|
|poke|p2|Dragapult, L50, M|
|poke|p2|Weezing-Galar, L50, M|
|poke|p2|Incineroar, L50, F|
|poke|p2|Gallade, L50, M|
|poke|p2|Greninja-*, L50, M|
|poke|p2|Toedscruel, L50, F|
|teampreview|4
|showteam|p1|Garchomp||LifeOrb|SandVeil|Earthquake,StompingTantrum,Protect,DragonClaw|||F|||50|,,,,,Steel]Tyranitar||AssaultVest|SandStream|RockSlide,TeraBlast,KnockOff,LowKick|||F|||50|,,,,,Flying]Delphox||PsychicSeed|Magician|ExpandingForce,HeatWave,TeraBlast,Protect|||F|||50|,,,,,Fairy]Indeedee-F||SafetyGoggles|PsychicSurge|DazzlingGleam,TrickRoom,FollowMe,HelpingHand|||F|||50|,,,,,Water]Gallade||ClearAmulet|Sharpness|SacredSword,PsychoCut,TrickRoom,Protect|||M|||50|,,,,,Grass]Whimsicott||CovertCloak|Prankster|Moonblast,Tailwind,Encore,Protect|||F|||50|,,,,,Ghost
|showteam|p2|Dragapult||LifeOrb|ClearBody|DragonDarts,PhantomForce,DragonDance,Protect|||M|||50|,,,,,Dragon]Weezing-Galar||SitrusBerry|NeutralizingGas|Protect,StrangeSteam,Flamethrower,SludgeBomb|||M|||50|,,,,,Water]Incineroar||AbilityShield|Intimidate|FakeOut,FlareBlitz,KnockOff,PartingShot|||F|||50|,,,,,Grass]Gallade||AssaultVest|Sharpness|SacredSword,PsychoCut,NightSlash,RockSlide|||M|||50|,,,,,Fire]Greninja||FocusSash|Torrent|WaterPledge,DarkPulse,Taunt,Protect|||M|||50|,,,,,Stellar]Toedscruel||CovertCloak|MyceliumMight|EarthPower,Spore,AcidSpray,Taunt|||F|||50|,,,,,Water
|inactive|Battle timer is ON: inactive players will automatically lose when time's up. (requested by Daniw9)
|
|t:|1756397667
|teamsize|p1|4
|teamsize|p2|4
|start
|switch|p1a: Delphox|Delphox, L50, F|100/100
|switch|p1b: Whimsicott|Whimsicott, L50, F|100/100
|switch|p2a: Weezing|Weezing-Galar, L50, M|100/100
|switch|p2b: Incineroar|Incineroar, L50, F|100/100
|-ability|p2a: Weezing|Neutralizing Gas
|-block|p2b: Incineroar|item: Ability Shield
|-ability|p2b: Incineroar|Intimidate|boost
|-unboost|p1a: Delphox|atk|1
|-unboost|p1b: Whimsicott|atk|1
|turn|1
|inactive|fogster has 30 seconds left.
|inactive|fogster has 20 seconds left.
|
|t:|1756397702
|-terastallize|p2a: Weezing|Water
|move|p1a: Delphox|Protect|p1a: Delphox
|-singleturn|p1a: Delphox|Protect
|move|p1b: Whimsicott|Tailwind|p1b: Whimsicott
|-sidestart|p1: Daniw9|move: Tailwind
|move|p2a: Weezing|Sludge Bomb|p1b: Whimsicott
|-supereffective|p1b: Whimsicott
|-damage|p1b: Whimsicott|0 fnt
|faint|p1b: Whimsicott
|move|p2b: Incineroar|Knock Off|p1a: Delphox
|-activate|p1a: Delphox|move: Protect
|
|upkeep
|
|t:|1756397711
|switch|p1b: Tyranitar|Tyranitar, L50, F|100/100
|turn|2
|
|t:|1756397726
|-terastallize|p1a: Delphox|Fairy
|move|p1a: Delphox|Tera Blast|p2a: Weezing|[anim] Tera Blast Fairy
|-damage|p2a: Weezing|55/100
|move|p1b: Tyranitar|Rock Slide|p2a: Weezing|[spread] p2a,p2b
|-supereffective|p2b: Incineroar
|-crit|p2b: Incineroar
|-damage|p2a: Weezing|27/100
|-damage|p2b: Incineroar|29/100
|-enditem|p2a: Weezing|Sitrus Berry|[eat]
|-heal|p2a: Weezing|52/100|[from] item: Sitrus Berry
|cant|p2a: Weezing|flinch
|move|p2b: Incineroar|Knock Off|p1a: Delphox
|-resisted|p1a: Delphox
|-damage|p1a: Delphox|77/100
|-enditem|p1a: Delphox|Psychic Seed|[from] move: Knock Off|[of] p2b: Incineroar
|
|upkeep
|turn|3
|
|t:|1756397750
|move|p1a: Delphox|Tera Blast|p2a: Weezing|[anim] Tera Blast Fairy
|-damage|p2a: Weezing|4/100
|move|p1b: Tyranitar|Rock Slide|p2b: Incineroar|[spread] p2a,p2b
|-supereffective|p2b: Incineroar
|-damage|p2a: Weezing|0 fnt
|-damage|p2b: Incineroar|0 fnt
|faint|p2a: Weezing
|-end|p2a: Weezing|ability: Neutralizing Gas
|-weather|Sandstorm|[from] ability: Sand Stream|[of] p1b: Tyranitar
|faint|p2b: Incineroar
|
|-weather|Sandstorm|[upkeep]
|-damage|p1a: Delphox|71/100|[from] Sandstorm
|upkeep
|
|t:|1756397763
|switch|p2a: Greninja|Greninja, L50, M|100/100
|switch|p2b: Gallade|Gallade, L50, M|100/100
|turn|4
|inactive|fogster has 30 seconds left.
|inactive|fogster has 20 seconds left.
|
|t:|1756397801
|switch|p1b: Indeedee|Indeedee-F, L50, F|100/100
|-fieldstart|move: Psychic Terrain|[from] ability: Psychic Surge|[of] p1b: Indeedee
|move|p1a: Delphox|Tera Blast|p2b: Gallade|[anim] Tera Blast Fairy
|-supereffective|p2b: Gallade
|-damage|p2b: Gallade|45/100
|-item|p1a: Delphox|Assault Vest|[from] ability: Magician|[of] p2b: Gallade
|move|p2a: Greninja|Water Pledge|p1a: Delphox
|-damage|p1a: Delphox|44/100
|move|p2b: Gallade|Psycho Cut|p1a: Delphox
|-damage|p1a: Delphox|0 fnt
|faint|p1a: Delphox
|
|-weather|Sandstorm|[upkeep]
|-damage|p2a: Greninja|94/100|[from] Sandstorm
|-damage|p2b: Gallade|39/100|[from] Sandstorm
|-sideend|p1: Daniw9|move: Tailwind
|upkeep
|
|t:|1756397816
|switch|p1a: Tyranitar|Tyranitar, L50, F|100/100
|turn|5
|
|t:|1756397834
|move|p2a: Greninja|Water Pledge|p1a: Tyranitar
|-supereffective|p1a: Tyranitar
|-damage|p1a: Tyranitar|74/100
|move|p2b: Gallade|Night Slash|p1b: Indeedee
|-supereffective|p1b: Indeedee
|-damage|p1b: Indeedee|30/100
|move|p1a: Tyranitar|Rock Slide|p2b: Gallade|[spread] p2a,p2b
|-resisted|p2b: Gallade
|-damage|p2a: Greninja|45/100
|-damage|p2b: Gallade|16/100
|move|p1b: Indeedee|Dazzling Gleam|p2b: Gallade|[spread] p2a,p2b
|-supereffective|p2a: Greninja
|-supereffective|p2b: Gallade
|-damage|p2a: Greninja|1/100
|-damage|p2b: Gallade|0 fnt
|faint|p2b: Gallade
|
|-weather|Sandstorm|[upkeep]
|-damage|p2a: Greninja|0 fnt|[from] Sandstorm
|faint|p2a: Greninja
|
|win|Daniw9
|inactive|Daniw9 has 30 seconds to confirm battle start!
|inactive|fogster has 30 seconds to confirm battle start!
||fogster is ready for game 2.
||Daniw9 is ready for game 2.
|uhtml|next|Next: Game 2 of 3
