|j|☆SengarBlade
|j|☆jowemama
|html|SengarBladejowemama    
|uhtml|bestof|Game 1 of a best-of-3
|t:|1757858574
|gametype|doubles
|player|p1|SengarBlade|shadowtriad|
|player|p2|jowemama|scientistf|
|gen|9
|tier|[Gen 9] VGC 2025 Reg H (Bo3)
|rule|Species Clause: Limit one of each Pokémon
|rule|Item Clause: Limit 1 of each item
|clearpoke
|poke|p1|Murkrow, L50, F|
|poke|p1|Tyranitar, L50, M|
|poke|p1|Lycanroc, L50, F|
|poke|p1|Decidueye-Hisui, L50, F|
|poke|p1|Clefable, L50, M|
|poke|p1|Hydreigon, L50, M|
|poke|p2|Decidueye-Hisui, L50, M|
|poke|p2|Primarina, L50, F|
|poke|p2|Incineroar, L50, M|
|poke|p2|Dragapult, L50, M|
|poke|p2|Electabuzz, L50, M|
|poke|p2|Vivillon, L50, M|
|teampreview|4
|showteam|p1|Murkrow||Eviolite|Prankster|FoulPlay,Tailwind,Haze,Protect|||F|||50|,,,,,Steel]Tyranitar||ClearAmulet|SandStream|RockSlide,KnockOff,TeraBlast,Protect|||M|||50|,,,,,Flying]Lycanroc||FocusSash|SandRush|RockSlide,Accelerock,Endeavor,Endure|||F|||50|,,,,,Ghost]Decidueye-Hisui||LifeOrb|Scrappy|CloseCombat,LeafBlade,UpperHand,Protect|||F|||50|,,,,,Ghost]Clefable||SafetyGoggles|Unaware|Moonblast,FollowMe,HelpingHand,Protect|||M|||50|,,,,,Water]Hydreigon||AguavBerry|Levitate|DracoMeteor,DarkPulse,Snarl,Protect|||M|||50|,,,,,Poison
|showteam|p2|Decidueye-Hisui||ScopeLens|Scrappy|LeafBlade,TripleArrows,BraveBird,Protect|||M|||50|,,,,,Poison]Primarina||SitrusBerry|LiquidVoice|HyperVoice,Moonblast,Haze,Protect|||F|||50|,,,,,Poison]Incineroar||SafetyGoggles|Intimidate|KnockOff,WillOWisp,PartingShot,FakeOut|||M|||50|,,,,,Grass]Dragapult||ChoiceBand|ClearBody|DragonDarts,Outrage,PhantomForce,Uturn|||M|||50|,,,,,Dragon]Electabuzz||Eviolite|VitalSpirit|Thunderbolt,Electroweb,Taunt,FollowMe|||M|||50|,,,,,Ghost]Vivillon||FocusSash|CompoundEyes|Hurricane,SleepPowder,Tailwind,Protect|||M|||50|,,,,,Ghost
|inactive|Battle timer is ON: inactive players will automatically lose when time's up. (requested by jowemama)
|inactiveoff|Battle timer is now OFF.
|j| Oldcow
|inactive|Battle timer is ON: inactive players will automatically lose when time's up. (requested by jowemama)
|
|t:|1757858818
|teamsize|p1|4
|teamsize|p2|4
|start
|switch|p1a: Tyranitar|Tyranitar, L50, M|100/100
|switch|p1b: Lycanroc|Lycanroc, L50, F|100/100
|switch|p2a: Incineroar|Incineroar, L50, M|100/100
|switch|p2b: Dragapult|Dragapult, L50, M|100/100
|-ability|p2a: Incineroar|Intimidate|boost
|-fail|p1a: Tyranitar|unboost|[from] item: Clear Amulet|[of] p1a: Tyranitar
|-unboost|p1b: Lycanroc|atk|1
|-weather|Sandstorm|[from] ability: Sand Stream|[of] p1a: Tyranitar
|turn|1
|inactive|SengarBlade has 30 seconds left.
|
|t:|1757858847
|move|p1b: Lycanroc|Rock Slide|p2b: Dragapult|[spread] p2a,p2b
|-supereffective|p2a: Incineroar
|-damage|p2a: Incineroar|63/100
|-damage|p2b: Dragapult|71/100
|cant|p2b: Dragapult|flinch
|cant|p2a: Incineroar|flinch
|move|p1a: Tyranitar|Knock Off|p2b: Dragapult
|-supereffective|p2b: Dragapult
|-damage|p2b: Dragapult|0 fnt
|-enditem|p2b: Dragapult|Choice Band|[from] move: Knock Off|[of] p1a: Tyranitar
|faint|p2b: Dragapult
|
|-weather|Sandstorm|[upkeep]
|upkeep
|
|t:|1757858856
|switch|p2b: Primarina|Primarina, L50, F|100/100
|turn|2
|inactive|SengarBlade has 30 seconds left.
|
|t:|1757858887
|switch|p1a: Decidueye|Decidueye-Hisui, L50, F|100/100
|move|p1b: Lycanroc|Rock Slide|p2b: Primarina|[spread] p2a,p2b
|-supereffective|p2a: Incineroar
|-damage|p2a: Incineroar|22/100
|-damage|p2b: Primarina|78/100
|move|p2a: Incineroar|Will-O-Wisp|p1a: Decidueye
|-status|p1a: Decidueye|brn
|move|p2b: Primarina|Hyper Voice|p1a: Decidueye|[spread] p1a,p1b
|-resisted|p1a: Decidueye
|-supereffective|p1b: Lycanroc
|-damage|p1a: Decidueye|85/100 brn
|-damage|p1b: Lycanroc|23/100
|
|-weather|Sandstorm|[upkeep]
|-damage|p2b: Primarina|72/100|[from] Sandstorm
|-damage|p1a: Decidueye|79/100 brn|[from] Sandstorm
|-damage|p1a: Decidueye|72/100 brn|[from] brn
|upkeep
|turn|3
|j| KyleTampy
|c| KyleTampy|Nice double flinch
|c| KyleTampy|Sana ol
|inactive|SengarBlade has 30 seconds left.
|inactive|SengarBlade has 20 seconds left.
|inactive|SengarBlade has 15 seconds left.
|inactive|SengarBlade has 10 seconds left.
|
|t:|1757858934
|switch|p2a: Electabuzz|Electabuzz, L50, M|100/100
|-terastallize|p2b: Primarina|Poison
|move|p1b: Lycanroc|Rock Slide|p2a: Electabuzz|[spread] p2a,p2b
|-damage|p2a: Electabuzz|85/100
|-damage|p2b: Primarina|49/100
|-enditem|p2b: Primarina|Sitrus Berry|[eat]
|-heal|p2b: Primarina|74/100|[from] item: Sitrus Berry
|move|p2b: Primarina|Moonblast|p1a: Decidueye
|-supereffective|p1a: Decidueye
|-damage|p1a: Decidueye|0 fnt
|faint|p1a: Decidueye
|
|-weather|Sandstorm|[upkeep]
|-damage|p2a: Electabuzz|79/100|[from] Sandstorm
|-damage|p2b: Primarina|68/100|[from] Sandstorm
|upkeep
|
|t:|1757858949
|switch|p1a: Murkrow|Murkrow, L50, F|100/100
|turn|4
|
|t:|1757858965
|move|p1b: Lycanroc|Endure|p1b: Lycanroc
|-singleturn|p1b: Lycanroc|move: Endure
|move|p1a: Murkrow|Tailwind|p1a: Murkrow
|-sidestart|p1: SengarBlade|move: Tailwind
|move|p2a: Electabuzz|Thunderbolt|p1a: Murkrow
|-supereffective|p1a: Murkrow
|-damage|p1a: Murkrow|46/100
|move|p2b: Primarina|Hyper Voice|p1a: Murkrow|[spread] p1a,p1b
|-supereffective|p1b: Lycanroc
|-damage|p1a: Murkrow|20/100
|-activate|p1b: Lycanroc|move: Endure
|-damage|p1b: Lycanroc|1/100
|
|-weather|Sandstorm|[upkeep]
|-damage|p1a: Murkrow|14/100|[from] Sandstorm
|-damage|p2a: Electabuzz|73/100|[from] Sandstorm
|-damage|p2b: Primarina|62/100|[from] Sandstorm
|upkeep
|turn|5
|inactive|SengarBlade has 30 seconds left.
|
|t:|1757858997
|move|p2b: Primarina|Protect|p2b: Primarina
|-singleturn|p2b: Primarina|Protect
|move|p1b: Lycanroc|Endeavor|p2b: Primarina
|-activate|p2b: Primarina|move: Protect
|move|p1a: Murkrow|Foul Play|p2a: Electabuzz
|-damage|p2a: Electabuzz|56/100
|move|p2a: Electabuzz|Electroweb|p1a: Murkrow|[spread] p1a,p1b
|-supereffective|p1a: Murkrow
|-damage|p1a: Murkrow|0 fnt
|-damage|p1b: Lycanroc|0 fnt
|faint|p1a: Murkrow
|faint|p1b: Lycanroc
|
|-weather|none
|upkeep
|
|t:|1757859010
|switch|p1a: Tyranitar|Tyranitar, L50, M|100/100
|-weather|Sandstorm|[from] ability: Sand Stream|[of] p1a: Tyranitar
|turn|6
|
|t:|1757859020
|move|p1a: Tyranitar|Rock Slide|p2a: Electabuzz|[spread] p2a,p2b
|-damage|p2a: Electabuzz|31/100
|-damage|p2b: Primarina|30/100
|move|p2a: Electabuzz|Electroweb|p1a: Tyranitar
|-damage|p1a: Tyranitar|89/100
|cant|p2b: Primarina|flinch
|
|-weather|Sandstorm|[upkeep]
|-damage|p2a: Electabuzz|25/100|[from] Sandstorm
|-damage|p2b: Primarina|24/100|[from] Sandstorm
|upkeep
|turn|7
|
|t:|1757859035
|move|p2b: Primarina|Protect|p2b: Primarina
|-singleturn|p2b: Primarina|Protect
|move|p1a: Tyranitar|Rock Slide|p2a: Electabuzz|[spread] p2a
|-activate|p2b: Primarina|move: Protect
|-damage|p2a: Electabuzz|2/100
|move|p2a: Electabuzz|Thunderbolt|p1a: Tyranitar
|-damage|p1a: Tyranitar|71/100
|
|-weather|Sandstorm|[upkeep]
|-damage|p2a: Electabuzz|0 fnt|[from] Sandstorm
|-damage|p2b: Primarina|18/100|[from] Sandstorm
|faint|p2a: Electabuzz
|-sideend|p1: SengarBlade|move: Tailwind
|upkeep
|
|t:|1757859037
|switch|p2a: Incineroar|Incineroar, L50, M|22/100
|-ability|p2a: Incineroar|Intimidate|boost
|-fail|p1a: Tyranitar|unboost|[from] item: Clear Amulet|[of] p1a: Tyranitar
|turn|8
|
|t:|1757859052
|move|p1a: Tyranitar|Protect|p1a: Tyranitar
|-singleturn|p1a: Tyranitar|Protect
|move|p2a: Incineroar|Fake Out|p1a: Tyranitar
|-activate|p1a: Tyranitar|move: Protect
|move|p2b: Primarina|Moonblast|p1a: Tyranitar
|-activate|p1a: Tyranitar|move: Protect
|
|-weather|Sandstorm|[upkeep]
|-damage|p2b: Primarina|12/100|[from] Sandstorm
|upkeep
|turn|9
|
|t:|1757859066
|-terastallize|p1a: Tyranitar|Flying
|move|p2a: Incineroar|Will-O-Wisp|p1a: Tyranitar|[miss]
|-miss|p2a: Incineroar|p1a: Tyranitar
|move|p1a: Tyranitar|Rock Slide|p2b: Primarina|[spread] p2a,p2b
|-supereffective|p2a: Incineroar
|-damage|p2a: Incineroar|0 fnt
|-damage|p2b: Primarina|0 fnt
|faint|p2a: Incineroar
|faint|p2b: Primarina
|
|win|SengarBlade
||jowemama is ready for game 2.
|inactive|SengarBlade has 30 seconds to confirm battle start!
||SengarBlade is ready for game 2.
|uhtml|next|Next: Game 2 of 3
|l| KyleTampy
|l|☆jowemama
|player|p2|
