|j|☆chzao
|j|☆spuntin
|html|chzaospuntin    
|uhtml|bestof|Game 2 of a best-of-3
|t:|1757698210
|gametype|doubles
|player|p1|chzao|clay|1026
|player|p2|spuntin|265|1068
|gen|9
|tier|[Gen 9] VGC 2025 Reg H (Bo3)
|rated|
|rule|Species Clause: Limit one of each Pokémon
|rule|Item Clause: Limit 1 of each item
|clearpoke
|poke|p1|Kilowattrel, L50, F|
|poke|p1|Garchomp, L50, M|
|poke|p1|Typhlosion-Hisui, L50, F|
|poke|p1|Toedscruel, L50, M|
|poke|p1|Weezing, L50, M|
|poke|p1|Swampert, L50, M|
|poke|p2|Electabuzz, L50, F|
|poke|p2|Whimsicott, L50, F|
|poke|p2|Incineroar, L50, F|
|poke|p2|Ursaluna-Bloodmoon, L50, M|
|poke|p2|Sneasler, L50, M|
|poke|p2|Dragapult, L50, F|
|teampreview|4
|showteam|p1|Kilowattrel||FocusSash|Competitive|Discharge,AirSlash,Tailwind,Protect|||F|||50|,,,,,Ghost]Garchomp||LifeOrb|RoughSkin|Earthquake,StompingTantrum,DragonClaw,Protect|||M|||50|,,,,,Ground]Typhlosion-Hisui||ChoiceScarf|Blaze|Eruption,ShadowBall,Flamethrower,Extrasensory|||F|||50|,,,,,Fire]Toedscruel||CovertCloak|MyceliumMight|EarthPower,AcidSpray,Spore,RagePowder|||M|||50|,,,,,Water]Weezing||RockyHelmet|NeutralizingGas|Protect,SludgeBomb,Flamethrower,Psybeam|||M|||50|,,,,,Poison]Swampert||Leftovers|Torrent|Liquidation,WideGuard,Earthquake,Avalanche|||M|||50|,,,,,Grass
|showteam|p2|Electabuzz||Eviolite|VitalSpirit|FollowMe,Taunt,Protect,Electroweb|||F|||50|,,,,,Fairy]Whimsicott||CovertCloak|Prankster|Encore,Tailwind,Tickle,Moonblast|||F|||50|,,,,,Steel]Incineroar||RockyHelmet|Intimidate|KnockOff,FakeOut,FlareBlitz,PartingShot|||F|||50|,,,,,Ghost]Ursaluna-Bloodmoon||LifeOrb|MindsEye|BloodMoon,HyperVoice,CalmMind,Protect|||M|||50|,,,,,Normal]Sneasler||FocusSash|Unburden|DireClaw,FakeOut,CloseCombat,Protect|||M|||50|,,,,,Ghost]Dragapult||AssaultVest|Infiltrator|Flamethrower,ShadowBall,DragonDarts,SuckerPunch|||F|||50|,,,,,Dark
|inactive|Battle timer is ON: inactive players will automatically lose when time's up. (requested by chzao)
|inactive|chzao has 60 seconds left.
|inactive|spuntin has 60 seconds left.
|
|t:|1757698251
|teamsize|p1|4
|teamsize|p2|4
|start
|switch|p1a: Chandeluri|Typhlosion-Hisui, L50, F|100/100
|switch|p1b: Eletrodo|Weezing, L50, M|100/100
|switch|p2a: Dragapult|Dragapult, L50, F|100/100
|switch|p2b: Incineroar|Incineroar, L50, F|100/100
|-ability|p1b: Eletrodo|Neutralizing Gas
|turn|1
|inactive|spuntin has 30 seconds left.
|
|t:|1757698284
|-terastallize|p2a: Dragapult|Dark
|move|p2b: Incineroar|Fake Out|p1b: Eletrodo
|-damage|p1b: Eletrodo|91/100
|-damage|p2b: Incineroar|84/100|[from] item: Rocky Helmet|[of] p1b: Eletrodo
|move|p2a: Dragapult|Sucker Punch|p1a: Chandeluri
|-supereffective|p1a: Chandeluri
|-damage|p1a: Chandeluri|20/100
|move|p1a: Chandeluri|Shadow Ball|p2a: Dragapult
|-resisted|p2a: Dragapult
|-damage|p2a: Dragapult|82/100
|cant|p1b: Eletrodo|flinch
|
|upkeep
|turn|2
|
|t:|1757698309
|move|p2a: Dragapult|Sucker Punch|p1a: Chandeluri
|-supereffective|p1a: Chandeluri
|-damage|p1a: Chandeluri|0 fnt
|faint|p1a: Chandeluri
|move|p1b: Eletrodo|Sludge Bomb|p2a: Dragapult
|-damage|p2a: Dragapult|53/100
|move|p2b: Incineroar|Knock Off|p1b: Eletrodo
|-damage|p1b: Eletrodo|53/100
|-damage|p2b: Incineroar|68/100|[from] item: Rocky Helmet|[of] p1b: Eletrodo
|-enditem|p1b: Eletrodo|Rocky Helmet|[from] move: Knock Off|[of] p2b: Incineroar
|
|upkeep
|
|t:|1757698319
|switch|p1a: Swellou|Kilowattrel, L50, F|100/100
|turn|3
|
|t:|1757698334
|-end|p1b: Eletrodo|ability: Neutralizing Gas
|-ability|p2b: Incineroar|Intimidate|boost
|-unboost|p1a: Swellou|atk|1
|-ability|p1a: Swellou|Competitive|boost
|-boost|p1a: Swellou|spa|2
|-unboost|p1b: Eletrodo|atk|1
|switch|p1b: Sharpedu|Garchomp, L50, M|100/100
|move|p1a: Swellou|Discharge|p2b: Incineroar|[spread] p2a,p2b
|-immune|p1b: Sharpedu
|-damage|p2a: Dragapult|9/100
|-damage|p2b: Incineroar|26/100
|-status|p2b: Incineroar|par
|move|p2a: Dragapult|Dragon Darts|p1a: Swellou
|-damage|p1a: Swellou|59/100
|-anim|p2a: Dragapult|Dragon Darts|p1b: Sharpedu
|-supereffective|p1b: Sharpedu
|-damage|p1b: Sharpedu|58/100
|move|p2b: Incineroar|Flare Blitz|p1b: Sharpedu
|-resisted|p1b: Sharpedu
|-damage|p1b: Sharpedu|31/100
|-damage|p2b: Incineroar|13/100 par|[from] ability: Rough Skin|[of] p1b: Sharpedu
|-damage|p2b: Incineroar|5/100 par|[from] Recoil
|
|upkeep
|turn|4
|inactive|chzao has 30 seconds left.
|inactive|spuntin has 30 seconds left.
|inactive|chzao has 20 seconds left.
|
|t:|1757698371
|switch|p2b: Electabuzz|Electabuzz, L50, F|100/100
|move|p2a: Dragapult|Sucker Punch|p1a: Swellou
|-damage|p1a: Swellou|7/100
|move|p1a: Swellou|Discharge|p2b: Electabuzz|[spread] p2a,p2b
|-immune|p1b: Sharpedu
|-resisted|p2b: Electabuzz
|-damage|p2a: Dragapult|0 fnt
|-damage|p2b: Electabuzz|81/100
|faint|p2a: Dragapult
|move|p1b: Sharpedu|Earthquake|p2b: Electabuzz|[spread] p2b
|-immune|p1a: Swellou
|-supereffective|p2b: Electabuzz
|-damage|p2b: Electabuzz|0 fnt
|faint|p2b: Electabuzz
|-damage|p1b: Sharpedu|22/100|[from] item: Life Orb
|
|upkeep
|
|t:|1757698387
|switch|p2a: Incineroar|Incineroar, L50, F|5/100 par
|switch|p2b: Ursaluna|Ursaluna-Bloodmoon, L50, M|100/100
|-ability|p2a: Incineroar|Intimidate|boost
|-unboost|p1a: Swellou|atk|1
|-ability|p1a: Swellou|Competitive|boost
|-boost|p1a: Swellou|spa|2
|-unboost|p1b: Sharpedu|atk|1
|turn|5
|
|t:|1757698399
|move|p1a: Swellou|Protect|p1a: Swellou
|-singleturn|p1a: Swellou|Protect
|move|p2a: Incineroar|Fake Out|p1b: Sharpedu
|-crit|p1b: Sharpedu
|-damage|p1b: Sharpedu|3/100
|-damage|p2a: Incineroar|0 fnt|[from] ability: Rough Skin|[of] p1b: Sharpedu
|faint|p2a: Incineroar
|cant|p1b: Sharpedu|flinch
|move|p2b: Ursaluna|Hyper Voice|p1a: Swellou|[spread] p1b
|-activate|p1a: Swellou|move: Protect
|-damage|p1b: Sharpedu|0 fnt
|faint|p1b: Sharpedu
|-damage|p2b: Ursaluna|91/100|[from] item: Life Orb
|
|upkeep
|
|t:|1757698411
|switch|p1b: Eletrodo|Weezing, L50, M|53/100
|-ability|p1b: Eletrodo|Neutralizing Gas
|turn|6
|
|t:|1757698422
|-terastallize|p1a: Swellou|Ghost
|move|p1a: Swellou|Air Slash|p2b: Ursaluna|[miss]
|-miss|p1a: Swellou|p2b: Ursaluna
|move|p2b: Ursaluna|Hyper Voice|p1a: Swellou|[spread] p1b
|-immune|p1a: Swellou
|-damage|p1b: Eletrodo|0 fnt
|faint|p1b: Eletrodo
|-end|p1b: Eletrodo|ability: Neutralizing Gas
|-damage|p2b: Ursaluna|81/100|[from] item: Life Orb
|
|upkeep
|turn|7
|
|t:|1757698433
|move|p2b: Ursaluna|Protect|p2b: Ursaluna
|-singleturn|p2b: Ursaluna|Protect
|move|p1a: Swellou|Air Slash|p2b: Ursaluna
|-activate|p2b: Ursaluna|move: Protect
|
|upkeep
|turn|8
|
|t:|1757698438
|move|p1a: Swellou|Air Slash|p2b: Ursaluna
|-damage|p2b: Ursaluna|0 fnt
|faint|p2b: Ursaluna
|
|win|chzao
|l|☆chzao
|player|p1|
||chzao is ready for game 3.
|inactive|spuntin has 30 seconds to confirm battle start!
|inactive|spuntin has 20 seconds to confirm battle start!
|inactive|spuntin has 10 seconds to confirm battle start!
||spuntin is ready for game 3.
|uhtml|next|Next: Game 3 of 3
