|j|☆HADES055
|j|☆Jompinhans
|html|HADES055Jompinhans    
|uhtml|bestof|Game 2 of a best-of-3
|t:|1757909840
|gametype|doubles
|player|p1|HADES055|pokemaniac|1124
|player|p2|Jompinhans|265|1123
|gen|9
|tier|[Gen 9] VGC 2025 Reg H (Bo3)
|rated|
|rule|Species Clause: Limit one of each Pokémon
|rule|Item Clause: Limit 1 of each item
|clearpoke
|poke|p1|Gholdengo, L50|
|poke|p1|Sneasler, L50, M|
|poke|p1|Rillaboom, L50, F|
|poke|p1|Dragonite, L50, M|
|poke|p1|Ninetales-Alola, L50, F|
|poke|p1|Arcanine-Hisui, L50, M|
|poke|p2|Tyranitar, L50, F|
|poke|p2|Archaludon, L50, F|
|poke|p2|Garchomp, L50, F|
|poke|p2|Talonflame, L50, M|
|poke|p2|Sinistcha, L50|
|poke|p2|Indeedee, L50, M|
|teampreview|4
|showteam|p1|Gholdengo||GrassySeed|GoodasGold|NastyPlot,MakeItRain,ShadowBall,Protect||||||50|,,,,,Water]Sneasler||WhiteHerb|Unburden|CloseCombat,DireClaw,Coaching,Protect|||M|||50|,,,,,Ghost]Rillaboom||AssaultVest|GrassySurge|FakeOut,GrassyGlide,DrumBeating,HighHorsepower|||F|||50|,,,,,Fire]Dragonite||LoadedDice|Multiscale|ScaleShot,StompingTantrum,Tailwind,Protect|||M|||50|,,,,,Ground]Ninetales-Alola||FocusSash|SnowWarning|Blizzard,IcyWind,Encore,AuroraVeil|||F|||50|,,,,,Ghost]Arcanine-Hisui||ClearAmulet|Intimidate|RockSlide,FlareBlitz,ExtremeSpeed,Protect|||M|||50|,,,,,Water
|showteam|p2|Tyranitar||AssaultVest|SandStream|KnockOff,RockSlide,TeraBlast,LowKick|||F|||50|,,,,,Flying]Archaludon||PowerHerb|Stamina|BodyPress,DracoMeteor,Protect,ElectroShot|||F|||50|,,,,,Grass]Garchomp||ClearAmulet|SandVeil|SwordsDance,Earthquake,DragonClaw,Protect|||F|||50|,,,,,Fairy]Talonflame||CovertCloak|GaleWings|Tailwind,WillOWisp,DualWingbeat,Taunt|||M|||50|,,,,,Grass]Sinistcha||Leftovers|Hospitality|MatchaGotcha,ShadowBall,Protect,NastyPlot||||||50|,,,,,Water]Indeedee||LifeOrb|PsychicSurge|ExpandingForce,Protect,TeraBlast,TrickRoom|||M|||50|,,,,,Fairy
|inactive|Battle timer is ON: inactive players will automatically lose when time's up. (requested by HADES055)
|inactive|HADES055 has 60 seconds left.
|
|t:|1757909879
|teamsize|p1|4
|teamsize|p2|4
|start
|switch|p1a: Sneasler|Sneasler, L50, M|100/100
|switch|p1b: Dragonite|Dragonite, L50, M|100/100
|switch|p2a: Garchomp|Garchomp, L50, F|100/100
|switch|p2b: Talonflame|Talonflame, L50, M|100/100
|turn|1
|inactive|Jompinhans has 30 seconds left.
|
|t:|1757909910
|move|p2b: Talonflame|Tailwind|p2b: Talonflame
|-sidestart|p2: Jompinhans|move: Tailwind
|move|p2a: Garchomp|Earthquake|p1a: Sneasler|[spread] p1a
|-immune|p2b: Talonflame
|-immune|p1b: Dragonite
|-supereffective|p1a: Sneasler
|-damage|p1a: Sneasler|8/100
|move|p1a: Sneasler|Coaching|p1b: Dragonite
|-boost|p1b: Dragonite|atk|1
|-boost|p1b: Dragonite|def|1
|move|p1b: Dragonite|Scale Shot|p2b: Talonflame
|-damage|p2b: Talonflame|73/100
|-damage|p2b: Talonflame|45/100
|-damage|p2b: Talonflame|18/100
|-damage|p2b: Talonflame|0 fnt
|faint|p2b: Talonflame
|-hitcount|p2: Talonflame|4
|-unboost|p1b: Dragonite|def|1
|-boost|p1b: Dragonite|spe|1
|
|upkeep
|
|t:|1757909931
|switch|p2b: Tyranitar|Tyranitar, L50, F|100/100
|-weather|Sandstorm|[from] ability: Sand Stream|[of] p2b: Tyranitar
|turn|2
|
|t:|1757909945
|move|p2a: Garchomp|Protect|p2a: Garchomp
|-singleturn|p2a: Garchomp|Protect
|move|p1b: Dragonite|Protect|p1b: Dragonite
|-singleturn|p1b: Dragonite|Protect
|move|p1a: Sneasler|Protect|p1a: Sneasler
|-singleturn|p1a: Sneasler|Protect
|move|p2b: Tyranitar|Rock Slide|p1a: Sneasler|[spread] 
|-activate|p1a: Sneasler|move: Protect
|-activate|p1b: Dragonite|move: Protect
|
|-weather|Sandstorm|[upkeep]
|-damage|p1b: Dragonite|95/100|[from] Sandstorm
|-damage|p1a: Sneasler|2/100|[from] Sandstorm
|upkeep
|turn|3
|
|t:|1757909968
|-terastallize|p2a: Garchomp|Fairy
|move|p2a: Garchomp|Swords Dance|p2a: Garchomp
|-boost|p2a: Garchomp|atk|2
|move|p1b: Dragonite|Tailwind|p1b: Dragonite
|-sidestart|p1: HADES055|move: Tailwind
|move|p1a: Sneasler|Close Combat|p2b: Tyranitar
|-supereffective|p2b: Tyranitar
|-damage|p2b: Tyranitar|0 fnt
|-unboost|p1a: Sneasler|def|1
|-unboost|p1a: Sneasler|spd|1
|faint|p2b: Tyranitar
|-enditem|p1a: Sneasler|White Herb
|-clearnegativeboost|p1a: Sneasler|[silent]
|
|-weather|Sandstorm|[upkeep]
|-damage|p1a: Sneasler|0 fnt|[from] Sandstorm
|-damage|p1b: Dragonite|89/100|[from] Sandstorm
|faint|p1a: Sneasler
|upkeep
|
|t:|1757909985
|switch|p1a: Rillaboom|Rillaboom, L50, F|100/100
|switch|p2b: Archaludon|Archaludon, L50, F|100/100
|-fieldstart|move: Grassy Terrain|[from] ability: Grassy Surge|[of] p1a: Rillaboom
|turn|4
|
|t:|1757910004
|-terastallize|p1b: Dragonite|Ground
|move|p1b: Dragonite|Stomping Tantrum|p2b: Archaludon
|-supereffective|p2b: Archaludon
|-damage|p2b: Archaludon|0 fnt
|faint|p2b: Archaludon
|move|p2a: Garchomp|Dragon Claw|p1a: Rillaboom
|-damage|p1a: Rillaboom|15/100
|move|p1a: Rillaboom|Drum Beating|p2a: Garchomp
|-damage|p2a: Garchomp|51/100
|
|-weather|Sandstorm|[upkeep]
|-damage|p1a: Rillaboom|9/100|[from] Sandstorm
|-heal|p1b: Dragonite|95/100|[from] Grassy Terrain
|-heal|p2a: Garchomp|57/100|[from] Grassy Terrain
|-heal|p1a: Rillaboom|15/100|[from] Grassy Terrain
|-sideend|p2: Jompinhans|move: Tailwind
|upkeep
|turn|5
|-message|Jompinhans forfeited.
|
|win|HADES055
|raw|HADES055's rating: 1124 → 1149(+25 for winning)
|raw|Jompinhans's rating: 1123 → 1098(-25 for losing)
|l|☆Jompinhans
|player|p2|
|l|☆HADES055
|player|p1|
