|j|☆raksbach
|j|☆regipie
|html|raksbachregipie    
|uhtml|bestof|Game 1 of a best-of-3
|t:|1782381410
|gametype|doubles
|player|p1|raksbach|266|1046
|player|p2|regipie|101|1103
|gen|9
|tier|[Gen 9 Champions] VGC 2026 Reg M-B (Bo3)
|rated|
|rule|Species Clause: Limit one of each Pokémon
|rule|Item Clause: Limit 1 of each item
|clearpoke
|poke|p1|Swampert, L50, M|
|poke|p1|Pelipper, L50, F|
|poke|p1|Archaludon, L50, F|
|poke|p1|Venusaur, L50, M|
|poke|p1|Gholdengo, L50|
|poke|p1|Grimmsnarl, L50, M|
|poke|p2|Swampert, L50, M|
|poke|p2|Grimmsnarl, L50, M|
|poke|p2|Pelipper, L50, M|
|poke|p2|Sneasler, L50, M|
|poke|p2|Meganium, L50, F|
|poke|p2|Gholdengo, L50|
|teampreview|4
|showteam|p1|Swampert||Swampertite|Damp|WaveCrash,Earthquake,IcePunch,Protect|Adamant||M|||50|]Pelipper||SitrusBerry|Drizzle|Hurricane,WeatherBall,WideGuard,Tailwind|Bold||F|||50|]Archaludon||Leftovers|Stamina|DragonPulse,FlashCannon,ElectroShot,Protect|Modest||F|||50|]Venusaur||Venusaurite|Chlorophyll|SludgeBomb,GigaDrain,EarthPower,Protect|Modest||M|||50|]Gholdengo||LifeOrb|GoodasGold|MakeItRain,ShadowBall,NastyPlot,Protect|Timid|||||50|]Grimmsnarl||LightClay|Prankster|FoulPlay,Reflect,LightScreen,PartingShot|Careful||M|||50|
|showteam|p2|Swampert||Swampertite|Torrent|Protect,HighHorsepower,Liquidation,IcePunch|Adamant||M|||50|]Grimmsnarl||LightClay|Prankster|PartingShot,LightScreen,Reflect,SpiritBreak|Impish||M|||50|]Pelipper||SitrusBerry|Drizzle|Tailwind,WeatherBall,Hurricane,Protect|Calm||M|||50|]Sneasler||FocusSash|Unburden|DireClaw,FakeOut,Coaching,CloseCombat|Jolly||M|||50|]Meganium||Meganiumite|LeafGuard|SolarBeam,GigaDrain,Protect,DazzlingGleam|Calm||F|||50|]Gholdengo||LifeOrb|GoodasGold|MakeItRain,NastyPlot,Protect,ShadowBall|Timid|||||50|
|inactive|Battle timer is ON: inactive players will automatically lose when time's up. (requested by raksbach)
|inactive|raksbach has 60 seconds left.
|inactive|regipie has 60 seconds left.
|inactive|raksbach has 30 seconds left.
|inactive|raksbach has 20 seconds left.
|
|t:|1782381483
|teamsize|p1|4
|teamsize|p2|4
|start
|switch|p1a: Venusaur|Venusaur, L50, M|100/100
|switch|p1b: Grimmsnarl|Grimmsnarl, L50, M|100/100
|switch|p2a: Pelipper|Pelipper, L50, M|100/100
|switch|p2b: Grimmsnarl|Grimmsnarl, L50, M|100/100
|-weather|RainDance|[from] ability: Drizzle|[of] p2a: Pelipper
|turn|1
|inactive|raksbach has 30 seconds left.
|inactive|raksbach has 20 seconds left.
|inactive|raksbach has 15 seconds left.
|inactive|raksbach has 10 seconds left.
|
|t:|1782381529
|detailschange|p1a: Venusaur|Venusaur-Mega, L50, M
|-mega|p1a: Venusaur|Venusaur|Venusaurite
|move|p1b: Grimmsnarl|Light Screen|p1b: Grimmsnarl
|-sidestart|p1: raksbach|move: Light Screen
|move|p2b: Grimmsnarl|Light Screen|p2b: Grimmsnarl
|-sidestart|p2: regipie|move: Light Screen
|move|p1a: Venusaur|Sludge Bomb|p2b: Grimmsnarl
|-supereffective|p2b: Grimmsnarl|1
|-damage|p2b: Grimmsnarl|38/100
|move|p2a: Pelipper|Hurricane|p1a: Venusaur
|-supereffective|p1a: Venusaur|1
|-damage|p1a: Venusaur|61/100
|
|-weather|RainDance|[upkeep]
|upkeep
|turn|2
|inactive|raksbach has 30 seconds left.
|
|t:|1782381557
|move|p1a: Venusaur|Protect|p1a: Venusaur
|-singleturn|p1a: Venusaur|Protect
|move|p1b: Grimmsnarl|Parting Shot|p2a: Pelipper
|-unboost|p2a: Pelipper|atk|1
|-unboost|p2a: Pelipper|spa|1
|
|t:|1782381572
|switch|p1b: Gholdengo|Gholdengo, L50|100/100|[from] Parting Shot
|move|p2b: Grimmsnarl|Parting Shot|p1a: Venusaur
|-activate|p1a: Venusaur|move: Protect
|move|p2a: Pelipper|Tailwind|p2a: Pelipper
|-sidestart|p2: regipie|move: Tailwind
|
|-weather|RainDance|[upkeep]
|upkeep
|turn|3
|inactive|raksbach has 30 seconds left.
|
|t:|1782381602
|switch|p2a: Meganium|Meganium, L50, F|100/100
|switch|p1a: Grimmsnarl|Grimmsnarl, L50, M|100/100
|move|p2b: Grimmsnarl|Parting Shot|p1a: Grimmsnarl
|-hint|Since gen 7, Dark is immune to Prankster moves.
|-immune|p1a: Grimmsnarl
|move|p1b: Gholdengo|Nasty Plot|p1b: Gholdengo
|-boost|p1b: Gholdengo|spa|2
|
|-weather|RainDance|[upkeep]
|upkeep
|turn|4
|inactive|raksbach has 30 seconds left.
|inactive|regipie has 30 seconds left.
|inactive|raksbach has 20 seconds left.
|
|t:|1782381641
|switch|p2b: Gholdengo|Gholdengo, L50|100/100
|detailschange|p2a: Meganium|Meganium-Mega, L50, F
|-mega|p2a: Meganium|Meganium|Meganiumite
|move|p1a: Grimmsnarl|Parting Shot|p2a: Meganium
|-unboost|p2a: Meganium|atk|1
|-unboost|p2a: Meganium|spa|1
|
|t:|1782381662
|switch|p1a: Pelipper|Pelipper, L50, F|100/100|[from] Parting Shot
|move|p2a: Meganium|Solar Beam||[still]
|-prepare|p2a: Meganium|Solar Beam
|-activate|p2a: Meganium|ability: Mega Sol
|-anim|p2a: Meganium|Solar Beam|p1b: Gholdengo
|-resisted|p1b: Gholdengo|1
|-crit|p1b: Gholdengo
|-damage|p1b: Gholdengo|40/100
|move|p1b: Gholdengo|Make It Rain|p2a: Meganium|[spread] p2a,p2b
|-supereffective|p2a: Meganium|1
|-resisted|p2b: Gholdengo|1
|-damage|p2a: Meganium|0 fnt
|-damage|p2b: Gholdengo|50/100g
|-unboost|p1b: Gholdengo|spa|2
|faint|p2a: Meganium
|-damage|p1b: Gholdengo|30/100|[from] item: Life Orb
|
|-weather|RainDance|[upkeep]
|upkeep
|
|t:|1782381680
|switch|p2a: Grimmsnarl|Grimmsnarl, L50, M|38/100
|turn|5
|
|t:|1782381694
|move|p2b: Gholdengo|Make It Rain|p1b: Gholdengo|[spread] p1a,p1b
|-resisted|p1a: Pelipper|1
|-resisted|p1b: Gholdengo|1
|-damage|p1a: Pelipper|78/100
|-damage|p1b: Gholdengo|7/100
|-unboost|p2b: Gholdengo|spa|2
|-damage|p2b: Gholdengo|40/100|[from] item: Life Orb
|move|p2a: Grimmsnarl|Spirit Break|p1a: Pelipper
|-damage|p1a: Pelipper|49/100
|-unboost|p1a: Pelipper|spa|1
|-enditem|p1a: Pelipper|Sitrus Berry|[eat]
|-heal|p1a: Pelipper|73/100|[from] item: Sitrus Berry
|move|p1b: Gholdengo|Shadow Ball|p2b: Gholdengo
|-supereffective|p2b: Gholdengo|1
|-damage|p2b: Gholdengo|0 fnt
|faint|p2b: Gholdengo
|-damage|p1b: Gholdengo|0 fnt|[from] item: Life Orb
|faint|p1b: Gholdengo
|move|p1a: Pelipper|Tailwind|p1a: Pelipper
|-sidestart|p1: raksbach|move: Tailwind
|
|-weather|none
|-sideend|p2: regipie|move: Tailwind
|upkeep
|
|t:|1782381718
|switch|p2b: Pelipper|Pelipper, L50, M|100/100
|switch|p1b: Venusaur|Venusaur-Mega, L50, M|61/100
|-weather|RainDance|[from] ability: Drizzle|[of] p2b: Pelipper
|turn|6
|-message|regipie forfeited.
|
|win|raksbach
