|j|☆blackstormgames
|j|☆mimomomomu
|html|blackstormgamesmimomomomu    
|uhtml|bestof|Game 2 of a best-of-3
|t:|1782325048
|gametype|doubles
|player|p1|blackstormgames|lance|1193
|player|p2|mimomomomu|nate|1116
|gen|9
|tier|[Gen 9 Champions] VGC 2026 Reg M-B (Bo3)
|rated|
|rule|Species Clause: Limit one of each Pokémon
|rule|Item Clause: Limit 1 of each item
|clearpoke
|poke|p1|Metagross, L50|
|poke|p1|Sneasler, L50, F|
|poke|p1|Garchomp, L50, F|
|poke|p1|Whimsicott, L50, F|
|poke|p1|Charizard, L50, M|
|poke|p1|Hydreigon, L50, M|
|poke|p2|Dragalge, L50, M|
|poke|p2|Grimmsnarl, L50, M|
|poke|p2|Incineroar, L50, F|
|poke|p2|Sinistcha, L50|
|poke|p2|Eelektross, L50, M|
|poke|p2|Hydreigon, L50, F|
|teampreview|4
|showteam|p1|Metagross||Metagrossite|ClearBody|IronHead,PsychicFangs,StompingTantrum,Protect|Jolly|||||50|]Sneasler||WhiteHerb|Unburden|FakeOut,CloseCombat,GunkShot,Coaching|Jolly||F|||50|]Garchomp||LifeOrb|RoughSkin|DragonClaw,Earthquake,RockSlide,Protect|Jolly||F|||50|]Whimsicott||FocusSash|Prankster|Moonblast,Tailwind,Encore,Protect|Timid||F|||50|]Charizard||CharizarditeY|Blaze|HeatWave,SolarBeam,Overheat,Protect|Modest||M|||50|]Hydreigon||ChoiceScarf|Levitate|DracoMeteor,Snarl,EarthPower,DarkPulse|Modest||M|||50|
|showteam|p2|Dragalge||Dragalgite|Adaptability|DracoMeteor,SludgeBomb,Protect,Haze|Modest||M|||50|]Grimmsnarl||LightClay|Prankster|SpiritBreak,PartingShot,LightScreen,Reflect|Careful||M|||50|]Incineroar||SitrusBerry|Intimidate|FlareBlitz,ThroatChop,PartingShot,FakeOut|Careful||F|||50|]Sinistcha||CobaBerry|Hospitality|MatchaGotcha,LifeDew,RagePowder,TrickRoom|Sassy|||||50|]Eelektross||Eelektrossite|Levitate|Thunderbolt,Discharge,GigaDrain,Protect|Modest||M|||50|]Hydreigon||FocusSash|Levitate|DracoMeteor,Snarl,EarthPower,Protect|Timid||F|||50|
|
|t:|1782325128
|teamsize|p1|4
|teamsize|p2|4
|start
|switch|p1a: Metagross|Metagross, L50|100/100
|switch|p1b: Sneasler|Sneasler, L50, F|100/100
|switch|p2a: Sinistcha|Sinistcha, L50|100/100
|switch|p2b: Grimmsnarl|Grimmsnarl, L50, M|100/100
|turn|1
|inactive|Battle timer is ON: inactive players will automatically lose when time's up. (requested by blackstormgames)
|
|t:|1782325158
|switch|p2b: Eelektross|Eelektross, L50, M|100/100
|detailschange|p1a: Metagross|Metagross-Mega, L50
|-mega|p1a: Metagross|Metagross|Metagrossite
|move|p1b: Sneasler|Fake Out|p2b: Eelektross
|-damage|p2b: Eelektross|84/100
|move|p1a: Metagross|Psychic Fangs|p2a: Sinistcha
|-damage|p2a: Sinistcha|43/100
|move|p2a: Sinistcha|Trick Room|p2a: Sinistcha
|-fieldstart|move: Trick Room|[of] p2a: Sinistcha
|
|upkeep
|turn|2
|
|t:|1782325183
|switch|p1b: Garchomp|Garchomp, L50, F|100/100
|detailschange|p2b: Eelektross|Eelektross-Mega, L50, M
|-mega|p2b: Eelektross|Eelektross|Eelektrossite
|move|p1a: Metagross|Protect|p1a: Metagross
|-singleturn|p1a: Metagross|Protect
|move|p2a: Sinistcha|Life Dew|p2a: Sinistcha|[spread] p2a,p2b
|-heal|p2a: Sinistcha|69/100
|-heal|p2b: Eelektross|100/100
|move|p2b: Eelektross|Thunderbolt|p1b: Garchomp
|-immune|p1b: Garchomp
|
|upkeep
|turn|3
|
|t:|1782325200
|switch|p1a: Hydreigon|Hydreigon, L50, M|100/100
|move|p2a: Sinistcha|Matcha Gotcha|p1a: Hydreigon|[spread] p1b
|-miss|p2a: Sinistcha|p1a: Hydreigon
|-damage|p1b: Garchomp|73/100
|-heal|p2a: Sinistcha|83/100|[from] drain|[of] p1b: Garchomp
|move|p2b: Eelektross|Thunderbolt|p1a: Hydreigon
|-resisted|p1a: Hydreigon|1
|-damage|p1a: Hydreigon|72/100
|move|p1b: Garchomp|Dragon Claw|p2b: Eelektross
|-crit|p2b: Eelektross
|-damage|p2b: Eelektross|2/100
|-damage|p1b: Garchomp|63/100|[from] item: Life Orb
|
|upkeep
|turn|4
|
|t:|1782325217
|move|p2b: Eelektross|Protect|p2b: Eelektross
|-singleturn|p2b: Eelektross|Protect
|move|p1b: Garchomp|Protect|p1b: Garchomp
|-singleturn|p1b: Garchomp|Protect
|move|p2a: Sinistcha|Life Dew|p2a: Sinistcha|[spread] p2a,p2b
|-heal|p2a: Sinistcha|100/100
|-heal|p2b: Eelektross|27/100
|move|p1a: Hydreigon|Snarl|p2b: Eelektross|[spread] p2a
|-activate|p2b: Eelektross|move: Protect
|-supereffective|p2a: Sinistcha|1
|-damage|p2a: Sinistcha|59/100
|-unboost|p2a: Sinistcha|spa|1
|
|upkeep
|turn|5
|inactive|mimomomomu has 30 seconds left.
|
|t:|1782325244
|switch|p2b: Grimmsnarl|Grimmsnarl, L50, M|100/100
|move|p2a: Sinistcha|Matcha Gotcha|p1a: Hydreigon|[spread] p1b
|-miss|p2a: Sinistcha|p1a: Hydreigon
|-damage|p1b: Garchomp|43/100
|-heal|p2a: Sinistcha|70/100|[from] drain|[of] p1b: Garchomp
|move|p1b: Garchomp|Dragon Claw|p2b: Grimmsnarl
|-immune|p2b: Grimmsnarl
|move|p1a: Hydreigon|Snarl|p2b: Grimmsnarl|[spread] p2a,p2b
|-supereffective|p2a: Sinistcha|1
|-resisted|p2b: Grimmsnarl|2
|-damage|p2a: Sinistcha|29/100
|-damage|p2b: Grimmsnarl|95/100
|-unboost|p2a: Sinistcha|spa|1
|-unboost|p2b: Grimmsnarl|spa|1
|
|-fieldend|move: Trick Room
|upkeep
|turn|6
|inactive|mimomomomu has 30 seconds left.
|inactive|mimomomomu has 20 seconds left.
|inactive|mimomomomu has 15 seconds left.
|inactive|mimomomomu has 10 seconds left.
|
|t:|1782325290
|switch|p1a: Metagross|Metagross-Mega, L50|100/100
|switch|p2a: Eelektross|Eelektross-Mega, L50, M|27/100
|move|p1b: Garchomp|Dragon Claw|p2a: Eelektross
|-damage|p2a: Eelektross|0 fnt
|faint|p2a: Eelektross
|-damage|p1b: Garchomp|33/100|[from] item: Life Orb
|move|p2b: Grimmsnarl|Spirit Break|p1b: Garchomp
|-supereffective|p1b: Garchomp|1
|-damage|p1b: Garchomp|0 fnt
|-damage|p2b: Grimmsnarl|82/100|[from] ability: Rough Skin|[of] p1b: Garchomp
|faint|p1b: Garchomp
|
|upkeep
|
|t:|1782325311
|switch|p1b: Sneasler|Sneasler, L50, F|100/100
|switch|p2a: Sinistcha|Sinistcha, L50|29/100
|-heal|p2b: Grimmsnarl|100/100|[from] ability: Hospitality|[of] p2a: Sinistcha
|turn|7
|
|t:|1782325327
|switch|p2a: Hydreigon|Hydreigon, L50, F|100/100
|move|p2b: Grimmsnarl|Reflect|p2b: Grimmsnarl
|-sidestart|p2: mimomomomu|Reflect
|move|p1b: Sneasler|Gunk Shot|p2a: Hydreigon
|-damage|p2a: Hydreigon|52/100
|-status|p2a: Hydreigon|psn
|move|p1a: Metagross|Iron Head|p2b: Grimmsnarl
|-supereffective|p2b: Grimmsnarl|1
|-damage|p2b: Grimmsnarl|26/100
|
|-damage|p2a: Hydreigon|40/100 psn|[from] psn
|upkeep
|turn|8
|-message|mimomomomu forfeited.
|
|win|blackstormgames
|raw|blackstormgames's rating: 1193 → 1213(+20 for winning)
|raw|mimomomomu's rating: 1116 → 1096(-20 for losing)
|l|☆mimomomomu
|player|p2|
