|j|☆mobile2433
|j|☆Grogguu
|html|mobile2433Grogguu    
|uhtml|bestof|Game 1 of a best-of-3
|t:|1756524371
|gametype|doubles
|player|p1|mobile2433|lance|1226
|player|p2|Grogguu|zinzolin|1122
|gen|9
|tier|[Gen 9] VGC 2025 Reg H (Bo3)
|rated|
|rule|Species Clause: Limit one of each Pokémon
|rule|Item Clause: Limit 1 of each item
|clearpoke
|poke|p1|Sneasler, L50, F|
|poke|p1|Dragapult, L50, M|
|poke|p1|Primarina, L50, F|
|poke|p1|Kingambit, L50, M|
|poke|p1|Magmar, L50, F|
|poke|p1|Rillaboom, L50, M|
|poke|p2|Volcarona, L50, M|
|poke|p2|Tyranitar, L50, F|
|poke|p2|Rillaboom, L50, F|
|poke|p2|Primarina, L50, M|
|poke|p2|Sneasler, L50, F|
|poke|p2|Dragonite, L50, M|
|teampreview|4
|showteam|p1|Sneasler||FocusSash|PoisonTouch|CloseCombat,DireClaw,FakeOut,Protect|||F|||50|,,,,,Stellar]Dragapult||ChoiceBand|ClearBody|DragonDarts,TeraBlast,PhantomForce,Uturn|||M|||50|,,,,,Ghost]Primarina||SitrusBerry|LiquidVoice|HyperVoice,Moonblast,Haze,Protect|||F|||50|,,,,,Poison]Kingambit||BlackGlasses|Defiant|KowtowCleave,SuckerPunch,SwordsDance,Protect|||M|||50|,,,,,Ghost]Magmar||Eviolite|VitalSpirit|Overheat,WillOWisp,FollowMe,Protect|||F|||50|,,,,,Ghost]Rillaboom||AssaultVest|GrassySurge|WoodHammer,GrassyGlide,Uturn,FakeOut|||M|||50|,,,,,Fire
|showteam|p2|Volcarona||GrassySeed|FlameBody|QuiverDance,HeatWave,GigaDrain,Protect|||M|||50|,,,,,Stellar]Tyranitar||FocusSash|SandStream|RockSlide,KnockOff,TeraBlast,Protect|||F|||50|,,,,,Flying]Rillaboom||AssaultVest|GrassySurge|KnockOff,Uturn,GrassyGlide,FakeOut|||F|||50|,,,,,Grass]Primarina||SitrusBerry|LiquidVoice|HyperVoice,Moonblast,CalmMind,Protect|||M|||50|,,,,,Poison]Sneasler||WhiteHerb|Unburden|DireClaw,FakeOut,Protect,CloseCombat|||F|||50|,,,,,Dark]Dragonite||LoadedDice|Multiscale|Tailwind,ScaleShot,Haze,Protect|||M|||50|,,,,,Fairy
|inactive|Battle timer is ON: inactive players will automatically lose when time's up. (requested by mobile2433)
|inactive|mobile2433 has 60 seconds left.
|inactive|Grogguu has 60 seconds left.
|inactive|Grogguu has 30 seconds left.
|
|t:|1756524433
|teamsize|p1|4
|teamsize|p2|4
|start
|switch|p1a: Dragapult|Dragapult, L50, M|100/100
|switch|p1b: Magmar|Magmar, L50, F|100/100
|switch|p2a: Sneasler|Sneasler, L50, F|100/100
|switch|p2b: Dragonite|Dragonite, L50, M|100/100
|turn|1
|inactive|mobile2433 has 30 seconds left.
|inactive|Grogguu has 30 seconds left.
|
|t:|1756524467
|-terastallize|p2b: Dragonite|Fairy
|move|p1b: Magmar|Protect|p1b: Magmar
|-singleturn|p1b: Magmar|Protect
|move|p1a: Dragapult|U-turn|p2b: Dragonite
|-resisted|p2b: Dragonite
|-damage|p2b: Dragonite|92/100
|
|t:|1756524473
|switch|p1a: Primarina|Primarina, L50, F|100/100|[from] U-turn
|move|p2a: Sneasler|Dire Claw|p1b: Magmar
|-activate|p1b: Magmar|move: Protect
|move|p2b: Dragonite|Scale Shot|p1b: Magmar
|-activate|p1b: Magmar|move: Protect
|
|upkeep
|turn|2
|inactive|mobile2433 has 30 seconds left.
|
|t:|1756524498
|move|p1a: Primarina|Protect|p1a: Primarina
|-singleturn|p1a: Primarina|Protect
|move|p2a: Sneasler|Dire Claw|p1a: Primarina
|-activate|p1a: Primarina|move: Protect
|move|p1b: Magmar|Will-O-Wisp|p2a: Sneasler
|-status|p2a: Sneasler|brn
|move|p2b: Dragonite|Tailwind|p2b: Dragonite
|-sidestart|p2: Grogguu|move: Tailwind
|
|-damage|p2a: Sneasler|95/100 brn|[from] brn
|upkeep
|turn|3
|
|t:|1756524518
|move|p2a: Sneasler|Dire Claw|p1a: Primarina
|-supereffective|p1a: Primarina
|-damage|p1a: Primarina|50/100
|-enditem|p1a: Primarina|Sitrus Berry|[eat]
|-heal|p1a: Primarina|75/100|[from] item: Sitrus Berry
|move|p2b: Dragonite|Scale Shot|p1b: Magmar
|-damage|p1b: Magmar|88/100
|-damage|p1b: Magmar|76/100
|-damage|p1b: Magmar|63/100
|-damage|p1b: Magmar|50/100
|-damage|p1b: Magmar|39/100
|-hitcount|p1b: Magmar|5
|-unboost|p2b: Dragonite|def|1
|-boost|p2b: Dragonite|spe|1
|move|p1b: Magmar|Will-O-Wisp|p2b: Dragonite
|-status|p2b: Dragonite|brn
|move|p1a: Primarina|Hyper Voice|p2b: Dragonite|[spread] p2a,p2b
|-damage|p2a: Sneasler|53/100 brn
|-damage|p2b: Dragonite|63/100 brn
|
|-damage|p2a: Sneasler|48/100 brn|[from] brn
|-damage|p2b: Dragonite|58/100 brn|[from] brn
|upkeep
|turn|4
|inactive|mobile2433 has 30 seconds left.
|
|t:|1756524546
|move|p1b: Magmar|Protect|p1b: Magmar
|-singleturn|p1b: Magmar|Protect
|move|p1a: Primarina|Protect|p1a: Primarina
|-singleturn|p1a: Primarina|Protect
|move|p2a: Sneasler|Dire Claw|p1a: Primarina
|-activate|p1a: Primarina|move: Protect
|move|p2b: Dragonite|Scale Shot|p1b: Magmar
|-activate|p1b: Magmar|move: Protect
|
|-damage|p2a: Sneasler|42/100 brn|[from] brn
|-damage|p2b: Dragonite|52/100 brn|[from] brn
|upkeep
|turn|5
|
|t:|1756524560
|move|p1b: Magmar|Follow Me|p1b: Magmar
|-singleturn|p1b: Magmar|move: Follow Me
|move|p2a: Sneasler|Dire Claw|p1b: Magmar
|-damage|p1b: Magmar|21/100
|move|p2b: Dragonite|Scale Shot|p1b: Magmar
|-damage|p1b: Magmar|16/100
|-damage|p1b: Magmar|10/100
|-damage|p1b: Magmar|3/100
|-damage|p1b: Magmar|0 fnt
|faint|p1b: Magmar
|-hitcount|p1: Magmar|4
|-unboost|p2b: Dragonite|def|1
|-boost|p2b: Dragonite|spe|1
|move|p1a: Primarina|Moonblast|p2b: Dragonite
|-damage|p2b: Dragonite|12/100 brn
|
|-damage|p2b: Dragonite|6/100 brn|[from] brn
|-damage|p2a: Sneasler|36/100 brn|[from] brn
|-sideend|p2: Grogguu|move: Tailwind
|upkeep
|inactive|mobile2433 has 30 seconds left.
|inactive|mobile2433 has 20 seconds left.
|inactive|mobile2433 has 15 seconds left.
|
|t:|1756524600
|switch|p1b: Dragapult|Dragapult, L50, M|100/100
|turn|6
|inactive|mobile2433 has 30 seconds left.
|
|t:|1756524629
|move|p2b: Dragonite|Scale Shot|p1b: Dragapult
|-supereffective|p1b: Dragapult
|-damage|p1b: Dragapult|79/100
|-supereffective|p1b: Dragapult
|-damage|p1b: Dragapult|57/100
|-supereffective|p1b: Dragapult
|-damage|p1b: Dragapult|35/100
|-supereffective|p1b: Dragapult
|-damage|p1b: Dragapult|13/100
|-hitcount|p1b: Dragapult|4
|-unboost|p2b: Dragonite|def|1
|-boost|p2b: Dragonite|spe|1
|move|p1b: Dragapult|Phantom Force||[still]
|-prepare|p1b: Dragapult|Phantom Force
|move|p2a: Sneasler|Dire Claw|p1a: Primarina
|-supereffective|p1a: Primarina
|-damage|p1a: Primarina|28/100
|-status|p1a: Primarina|par
|move|p1a: Primarina|Moonblast|p2a: Sneasler
|-damage|p2a: Sneasler|0 fnt
|faint|p2a: Sneasler
|
|-damage|p2b: Dragonite|0 fnt|[from] brn
|faint|p2b: Dragonite
|upkeep
|
|t:|1756524642
|switch|p2a: Volcarona|Volcarona, L50, M|100/100
|switch|p2b: Primarina|Primarina, L50, M|100/100
|turn|7
|
|t:|1756524659
|move|p1b: Dragapult|Phantom Force|p2b: Primarina|[from] lockedmove
|-damage|p2b: Primarina|20/100
|-enditem|p2b: Primarina|Sitrus Berry|[eat]
|-heal|p2b: Primarina|44/100|[from] item: Sitrus Berry
|move|p2a: Volcarona|Heat Wave|p1a: Primarina|[spread] p1a,p1b
|-resisted|p1a: Primarina
|-resisted|p1b: Dragapult
|-damage|p1a: Primarina|13/100 par
|-damage|p1b: Dragapult|0 fnt
|faint|p1b: Dragapult
|move|p2b: Primarina|Hyper Voice|p1a: Primarina
|-resisted|p1a: Primarina
|-damage|p1a: Primarina|0 fnt
|faint|p1a: Primarina
|
|upkeep
|
|t:|1756524671
|switch|p1b: Sneasler|Sneasler, L50, F|100/100
|turn|8
|
|t:|1756524695
|-terastallize|p1b: Sneasler|Stellar
|move|p1b: Sneasler|Dire Claw|p2a: Volcarona
|-damage|p2a: Volcarona|33/100
|-status|p2a: Volcarona|psn|[from] ability: Poison Touch|[of] p1b: Sneasler
|move|p2a: Volcarona|Heat Wave|p1b: Sneasler
|-damage|p1b: Sneasler|37/100
|-status|p1b: Sneasler|brn
|move|p2b: Primarina|Moonblast|p1b: Sneasler
|-damage|p1b: Sneasler|0 fnt
|faint|p1b: Sneasler
|
|win|Grogguu
||mobile2433 is ready for game 2.
|inactive|Grogguu has 30 seconds to confirm battle start!
||Grogguu is ready for game 2.
|uhtml|next|Next: Game 2 of 3
