|j|☆lancerh
|j|☆miguelowned
|html|lancerhmiguelowned    
|uhtml|bestof|Game 2 of a best-of-3
|t:|1757721130
|gametype|doubles
|player|p1|lancerh|169|1192
|player|p2|miguelowned|101|1109
|gen|9
|tier|[Gen 9] VGC 2025 Reg H (Bo3)
|rated|
|rule|Species Clause: Limit one of each Pokémon
|rule|Item Clause: Limit 1 of each item
|clearpoke
|poke|p1|Indeedee, L50, M|
|poke|p1|Dondozo, L50, F|
|poke|p1|Tatsugiri, L50, F|
|poke|p1|Ninetales-Alola, L50, F|
|poke|p1|Armarouge, L50, M|
|poke|p1|Sneasler, L50, F|
|poke|p2|Gholdengo, L50|
|poke|p2|Incineroar, L50, F|
|poke|p2|Dragonite, L50, M|
|poke|p2|Ursaluna, L50, F|
|poke|p2|Annihilape, L50, F|
|poke|p2|Electabuzz, L50, F|
|teampreview|4
|showteam|p1|Indeedee||FocusSash|PsychicSurge|TrickRoom,ExpandingForce,TeraBlast,Protect|||M|||50|,,,,,Fighting]Dondozo||Leftovers|Unaware|OrderUp,Protect,Yawn,WaveCrash|||F|||50|,,,,,Steel]Tatsugiri||ChoiceScarf|Commander|MuddyWater,IcyWind,DracoMeteor,DragonPulse|||F|||50|,,,,,Stellar]Ninetales-Alola||IciclePlate|SnowWarning|Blizzard,AuroraVeil,FreezeDry,Moonblast|||F|||50|,,,,,Water]Armarouge||PowerHerb|FlashFire|ExpandingForce,HeatWave,MeteorBeam,Protect|||M|||50|,,,,,Grass]Sneasler||PsychicSeed|Unburden|DireClaw,CloseCombat,ThroatChop,Protect|||F|||50|,,,,,Dark
|showteam|p2|Gholdengo||LifeOrb|GoodasGold|MakeItRain,ShadowBall,NastyPlot,Protect||||||50|,,,,,Water]Incineroar||AssaultVest|Intimidate|FakeOut,FlareBlitz,KnockOff,Uturn|||F|||50|,,,,,Grass]Dragonite||LoadedDice|Multiscale|ScaleShot,Haze,Tailwind,Protect|||M|||50|,,,,,Steel]Ursaluna||FlameOrb|Guts|Facade,HeadlongRush,Earthquake,Protect|||F|||50|,,,,,Ghost]Annihilape||SafetyGoggles|Defiant|Coaching,CloseCombat,RageFist,FinalGambit|||F|||50|,,,,,Steel]Electabuzz||Eviolite|VitalSpirit|Electroweb,Taunt,FollowMe,Protect|||F|||50|,,,,,Dragon
|
|t:|1757721161
|teamsize|p1|4
|teamsize|p2|4
|start
|switch|p1a: Indeedee|Indeedee, L50, M|100/100
|switch|p1b: Ninetales|Ninetales-Alola, L50, F|100/100
|switch|p2a: Incineroar|Incineroar, L50, F, shiny|100/100
|switch|p2b: Dragonite|Dragonite, L50, M|100/100
|-weather|Snowscape|[from] ability: Snow Warning|[of] p1b: Ninetales
|-fieldstart|move: Psychic Terrain|[from] ability: Psychic Surge|[of] p1a: Indeedee
|-ability|p2a: Incineroar|Intimidate|boost
|-unboost|p1a: Indeedee|atk|1
|-unboost|p1b: Ninetales|atk|1
|turn|1
|
|t:|1757721196
|-terastallize|p1a: Indeedee|Fighting
|-terastallize|p2b: Dragonite|Steel
|move|p1b: Ninetales|Aurora Veil|p1b: Ninetales
|-sidestart|p1: lancerh|move: Aurora Veil
|move|p1a: Indeedee|Tera Blast|p2a: Incineroar|[anim] Tera Blast Fighting
|-supereffective|p2a: Incineroar
|-damage|p2a: Incineroar|67/100
|move|p2b: Dragonite|Tailwind|p2b: Dragonite
|-sidestart|p2: miguelowned|move: Tailwind
|move|p2a: Incineroar|U-turn|p1a: Indeedee
|-resisted|p1a: Indeedee
|-damage|p1a: Indeedee|89/100
|
|t:|1757721212
|switch|p2a: Gholdengo|Gholdengo, L50|100/100|[from] U-turn
|
|-weather|Snowscape|[upkeep]
|upkeep
|turn|2
|
|t:|1757721228
|switch|p1b: Armarouge|Armarouge, L50, M|100/100
|move|p2a: Gholdengo|Make It Rain|p1a: Indeedee|[spread] p1a,p1b
|-resisted|p1b: Armarouge
|-damage|p1a: Indeedee|30/100
|-damage|p1b: Armarouge|74/100
|-unboost|p2a: Gholdengo|spa|1
|-damage|p2a: Gholdengo|91/100|[from] item: Life Orb
|move|p2b: Dragonite|Scale Shot|p1a: Indeedee
|-damage|p1a: Indeedee|9/100
|-damage|p1a: Indeedee|0 fnt
|faint|p1a: Indeedee
|-hitcount|p1: Indeedee|2
|-unboost|p2b: Dragonite|def|1
|-boost|p2b: Dragonite|spe|1
|
|-weather|Snowscape|[upkeep]
|upkeep
|
|t:|1757721240
|switch|p1a: Sneasler|Sneasler, L50, F, shiny|100/100
|-enditem|p1a: Sneasler|Psychic Seed
|-boost|p1a: Sneasler|spd|1|[from] item: Psychic Seed
|turn|3
|
|t:|1757721263
|switch|p2a: Incineroar|Incineroar, L50, F, shiny|67/100
|-ability|p2a: Incineroar|Intimidate|boost
|-unboost|p1a: Sneasler|atk|1
|-unboost|p1b: Armarouge|atk|1
|move|p1b: Armarouge|Protect|p1b: Armarouge
|-singleturn|p1b: Armarouge|Protect
|move|p2b: Dragonite|Scale Shot|p1b: Armarouge
|-activate|p1b: Armarouge|move: Protect
|move|p1a: Sneasler|Throat Chop|p2a: Incineroar
|-resisted|p2a: Incineroar
|-damage|p2a: Incineroar|58/100
|-start|p2a: Incineroar|Throat Chop|[silent]
|
|-weather|Snowscape|[upkeep]
|upkeep
|turn|4
|
|t:|1757721311
|move|p2b: Dragonite|Scale Shot|p1a: Sneasler
|-damage|p1a: Sneasler|83/100
|-damage|p1a: Sneasler|67/100
|-damage|p1a: Sneasler|50/100
|-crit|p1a: Sneasler
|-damage|p1a: Sneasler|11/100
|-damage|p1a: Sneasler|0 fnt
|faint|p1a: Sneasler
|-hitcount|p1: Sneasler|5
|-unboost|p2b: Dragonite|def|1
|-boost|p2b: Dragonite|spe|1
|move|p2a: Incineroar|U-turn|p1b: Armarouge
|-damage|p1b: Armarouge|61/100
|
|t:|1757721333
|switch|p2a: Annihilape|Annihilape, L50, F|100/100|[from] U-turn
|move|p1b: Armarouge|Heat Wave|p2b: Dragonite|[spread] p2a,p2b
|-supereffective|p2b: Dragonite
|-damage|p2a: Annihilape|71/100
|-damage|p2b: Dragonite|59/100
|
|-weather|Snowscape|[upkeep]
|-sideend|p2: miguelowned|move: Tailwind
|upkeep
|
|t:|1757721341
|switch|p1a: Ninetales|Ninetales-Alola, L50, F|100/100
|turn|5
|
|t:|1757721353
|move|p2b: Dragonite|Tailwind|p2b: Dragonite
|-sidestart|p2: miguelowned|move: Tailwind
|move|p2a: Annihilape|Rage Fist|p1b: Armarouge
|-supereffective|p1b: Armarouge
|-damage|p1b: Armarouge|2/100
|move|p1a: Ninetales|Moonblast|p2a: Annihilape
|-supereffective|p2a: Annihilape
|-damage|p2a: Annihilape|9/100
|move|p1b: Armarouge|Expanding Force|p2b: Dragonite|[spread] p2a,p2b
|-supereffective|p2a: Annihilape
|-resisted|p2b: Dragonite
|-damage|p2a: Annihilape|0 fnt
|-damage|p2b: Dragonite|27/100
|faint|p2a: Annihilape
|
|-weather|none
|-sideend|p1: lancerh|move: Aurora Veil
|-fieldend|move: Psychic Terrain
|upkeep
|
|t:|1757721358
|switch|p2a: Gholdengo|Gholdengo, L50|91/100
|turn|6
|
|t:|1757721363
|switch|p2b: Incineroar|Incineroar, L50, F, shiny|58/100
|-ability|p2b: Incineroar|Intimidate|boost
|-unboost|p1a: Ninetales|atk|1
|-unboost|p1b: Armarouge|atk|1
|move|p2a: Gholdengo|Make It Rain|p1a: Ninetales|[spread] p1a,p1b
|-supereffective|p1a: Ninetales
|-resisted|p1b: Armarouge
|-damage|p1a: Ninetales|0 fnt
|-damage|p1b: Armarouge|0 fnt
|-unboost|p2a: Gholdengo|spa|1
|faint|p1a: Ninetales
|faint|p1b: Armarouge
|-damage|p2a: Gholdengo|81/100|[from] item: Life Orb
|
|win|miguelowned
|raw|lancerh's rating: 1192 → 1161(-31 for losing)
|raw|miguelowned's rating: 1109 → 1140(+31 for winning)
