|j|☆damage77
|j|☆AlitaVGC
|html|damage77AlitaVGC    
|uhtml|bestof|Game 3 of a best-of-3
|t:|1756353738
|gametype|doubles
|player|p1|damage77|flint|1386
|player|p2|AlitaVGC|aromalady|1152
|gen|9
|tier|[Gen 9] VGC 2025 Reg H (Bo3)
|rated|
|rule|Species Clause: Limit one of each Pokémon
|rule|Item Clause: Limit 1 of each item
|clearpoke
|poke|p1|Ninetales-Alola, L50, F|
|poke|p1|Gholdengo, L50|
|poke|p1|Dragonite, L50, F|
|poke|p1|Annihilape, L50, M|
|poke|p1|Ursaluna-Bloodmoon, L50, M|
|poke|p1|Incineroar, L50, M|
|poke|p2|Sneasler, L50, M|
|poke|p2|Dragapult, L50, M|
|poke|p2|Primarina, L50, M|
|poke|p2|Rillaboom, L50, M|
|poke|p2|Kingambit, L50, F|
|poke|p2|Magmar, L50, M|
|teampreview|4
|showteam|p1|Ninetales-Alola||LightClay|SnowWarning|IcicleSpear,Blizzard,AuroraVeil,IcyWind|||F|||50|,,,,,Ghost]Gholdengo||ChoiceScarf|GoodasGold|MakeItRain,ShadowBall,Trick,NastyPlot||||||50|,,,,,Steel]Dragonite||LoadedDice|Multiscale|ScaleShot,ExtremeSpeed,Protect,Haze|||F|||50|,,,,,Normal]Annihilape||SafetyGoggles|Defiant|DrainPunch,RageFist,BulkUp,Protect|||M|||50|,,,,,Fire]Ursaluna-Bloodmoon||AssaultVest|MindsEye|BloodMoon,HyperVoice,EarthPower,VacuumWave|||M|||50|,,,,,Water]Incineroar||SitrusBerry|Intimidate|FakeOut,FlareBlitz,KnockOff,PartingShot|||M|||50|,,,,,Ghost
|showteam|p2|Sneasler||FocusSash|PoisonTouch|CloseCombat,DireClaw,FakeOut,Protect|||M|||50|,,,,,Stellar]Dragapult||ChoiceBand|ClearBody|DragonDarts,TeraBlast,PhantomForce,Uturn|||M|||50|,,,,,Ghost]Primarina||SitrusBerry|LiquidVoice|HyperVoice,Moonblast,Haze,Protect|||M|||50|,,,,,Water]Rillaboom||AssaultVest|GrassySurge|WoodHammer,GrassyGlide,HighHorsepower,FakeOut|||M|||50|,,,,,Fire]Kingambit||BlackGlasses|Defiant|KowtowCleave,SuckerPunch,SwordsDance,Protect|||F|||50|,,,,,Ghost]Magmar||Eviolite|VitalSpirit|Overheat,WillOWisp,FollowMe,Protect|||M|||50|,,,,,Ghost
|inactive|Battle timer is ON: inactive players will automatically lose when time's up. (requested by damage77)
|inactive|damage77 has 60 seconds left.
|inactive|AlitaVGC has 60 seconds left.
|
|t:|1756353782
|teamsize|p1|4
|teamsize|p2|4
|start
|switch|p1a: Ursaluna|Ursaluna-Bloodmoon, L50, M|100/100
|switch|p1b: Gholdengo|Gholdengo, L50|100/100
|switch|p2a: Kingambit|Kingambit, L50, F|100/100
|switch|p2b: Rillaboom|Rillaboom, L50, M|100/100
|-fieldstart|move: Grassy Terrain|[from] ability: Grassy Surge|[of] p2b: Rillaboom
|turn|1
|
|t:|1756353799
|switch|p1a: Dragonite|Dragonite, L50, F|100/100
|move|p2b: Rillaboom|Fake Out|p1a: Dragonite
|-damage|p1a: Dragonite|92/100
|move|p1b: Gholdengo|Trick|p2a: Kingambit
|-activate|p1b: Gholdengo|move: Trick|[of] p2a: Kingambit
|-item|p2a: Kingambit|Choice Scarf|[from] move: Trick
|-item|p1b: Gholdengo|Black Glasses|[from] move: Trick
|move|p2a: Kingambit|Kowtow Cleave|p1b: Gholdengo
|-supereffective|p1b: Gholdengo
|-damage|p1b: Gholdengo|0 fnt
|faint|p1b: Gholdengo
|
|upkeep
|
|t:|1756353813
|switch|p1b: Annihilape|Annihilape, L50, M|100/100
|turn|2
|inactive|AlitaVGC has 30 seconds left.
|
|t:|1756353843
|switch|p2b: Primarina|Primarina, L50, M|100/100
|move|p1b: Annihilape|Bulk Up|p1b: Annihilape
|-boost|p1b: Annihilape|atk|1
|-boost|p1b: Annihilape|def|1
|move|p1a: Dragonite|Scale Shot|p2b: Primarina
|-immune|p2b: Primarina
|move|p2a: Kingambit|Kowtow Cleave|p1b: Annihilape
|-damage|p1b: Annihilape|68/100
|
|-heal|p1b: Annihilape|75/100|[from] Grassy Terrain
|upkeep
|turn|3
|inactive|AlitaVGC has 30 seconds left.
|
|t:|1756353875
|-terastallize|p1a: Dragonite|Normal
|move|p1a: Dragonite|Extreme Speed|p2b: Primarina
|-damage|p2b: Primarina|54/100
|move|p1b: Annihilape|Rage Fist|p2b: Primarina
|-damage|p2b: Primarina|0 fnt
|faint|p2b: Primarina
|move|p2a: Kingambit|Kowtow Cleave|p1b: Annihilape
|-damage|p1b: Annihilape|41/100
|
|-heal|p1b: Annihilape|47/100|[from] Grassy Terrain
|-heal|p1a: Dragonite|98/100|[from] Grassy Terrain
|upkeep
|
|t:|1756353889
|switch|p2b: Magmar|Magmar, L50, M|100/100
|turn|4
|
|t:|1756353909
|move|p1b: Annihilape|Drain Punch|p2a: Kingambit
|-supereffective|p2a: Kingambit
|-damage|p2a: Kingambit|0 fnt
|-heal|p1b: Annihilape|95/100|[from] drain|[of] p2a: Kingambit
|faint|p2a: Kingambit
|move|p1a: Dragonite|Scale Shot|p2b: Magmar
|-damage|p2b: Magmar|89/100
|-damage|p2b: Magmar|78/100
|-damage|p2b: Magmar|67/100
|-damage|p2b: Magmar|55/100
|-hitcount|p2b: Magmar|4
|-unboost|p1a: Dragonite|def|1
|-boost|p1a: Dragonite|spe|1
|move|p2b: Magmar|Will-O-Wisp|p1b: Annihilape
|-status|p1b: Annihilape|brn
|
|-heal|p1a: Dragonite|100/100|[from] Grassy Terrain
|-heal|p1b: Annihilape|100/100 brn|[from] Grassy Terrain
|-heal|p2b: Magmar|60/100|[from] Grassy Terrain
|-damage|p1b: Annihilape|94/100 brn|[from] brn
|upkeep
|
|t:|1756353916
|switch|p2a: Rillaboom|Rillaboom, L50, M|100/100
|turn|5
|
|t:|1756353929
|move|p1a: Dragonite|Protect|p1a: Dragonite
|-singleturn|p1a: Dragonite|Protect
|move|p1b: Annihilape|Protect|p1b: Annihilape
|-singleturn|p1b: Annihilape|Protect
|move|p2a: Rillaboom|Fake Out|p1a: Dragonite
|-activate|p1a: Dragonite|move: Protect
|move|p2b: Magmar|Will-O-Wisp|p1a: Dragonite
|-activate|p1a: Dragonite|move: Protect
|
|-heal|p1b: Annihilape|100/100 brn|[from] Grassy Terrain
|-heal|p2b: Magmar|66/100|[from] Grassy Terrain
|-damage|p1b: Annihilape|94/100 brn|[from] brn
|-fieldend|move: Grassy Terrain
|upkeep
|turn|6
|j| Bulba_Ssauroo
|inactive|AlitaVGC has 30 seconds left.
|l| Bulba_Ssauroo
|
|t:|1756353963
|move|p1a: Dragonite|Scale Shot|p2a: Rillaboom
|-damage|p2a: Rillaboom|86/100
|-damage|p2a: Rillaboom|71/100
|-damage|p2a: Rillaboom|56/100
|-damage|p2a: Rillaboom|40/100
|-damage|p2a: Rillaboom|26/100
|-hitcount|p2a: Rillaboom|5
|-unboost|p1a: Dragonite|def|1
|-boost|p1a: Dragonite|spe|1
|move|p1b: Annihilape|Rage Fist|p2a: Rillaboom
|-damage|p2a: Rillaboom|0 fnt
|faint|p2a: Rillaboom
|move|p2b: Magmar|Will-O-Wisp|p1a: Dragonite
|-status|p1a: Dragonite|brn
|
|-damage|p1a: Dragonite|95/100 brn|[from] brn
|-damage|p1b: Annihilape|88/100 brn|[from] brn
|upkeep
|turn|7
|
|t:|1756353981
|move|p2b: Magmar|Protect|p2b: Magmar
|-singleturn|p2b: Magmar|Protect
|move|p1a: Dragonite|Scale Shot|p2b: Magmar
|-activate|p2b: Magmar|move: Protect
|move|p1b: Annihilape|Drain Punch|p2b: Magmar
|-activate|p2b: Magmar|move: Protect
|
|-damage|p1a: Dragonite|89/100 brn|[from] brn
|-damage|p1b: Annihilape|82/100 brn|[from] brn
|upkeep
|turn|8
|
|t:|1756353990
|move|p1a: Dragonite|Scale Shot|p2b: Magmar
|-damage|p2b: Magmar|61/100
|-damage|p2b: Magmar|55/100
|-crit|p2b: Magmar
|-damage|p2b: Magmar|46/100
|-damage|p2b: Magmar|40/100
|-hitcount|p2b: Magmar|4
|-unboost|p1a: Dragonite|def|1
|-boost|p1a: Dragonite|spe|1
|move|p1b: Annihilape|Drain Punch|p2b: Magmar
|-damage|p2b: Magmar|20/100
|-heal|p1b: Annihilape|90/100 brn|[from] drain|[of] p2b: Magmar
|move|p2b: Magmar|Overheat|p1b: Annihilape
|-damage|p1b: Annihilape|47/100 brn
|-unboost|p2b: Magmar|spa|2
|
|-damage|p1a: Dragonite|83/100 brn|[from] brn
|-damage|p1b: Annihilape|40/100 brn|[from] brn
|upkeep
|turn|9
|-message|AlitaVGC forfeited.
|
|win|damage77
|raw|damage77's rating: 1386 → 1394(+8 for winning)
|raw|AlitaVGC's rating: 1152 → 1142(-10 for losing)
|l|☆AlitaVGC
|player|p2|
