|j|☆PicosaurusRex
|j|☆minimoosee
|html|PicosaurusRexminimoosee    
|uhtml|bestof|Game 1 of a best-of-3
|t:|1756592957
|gametype|doubles
|player|p1|PicosaurusRex|doctor-gen8|1037
|player|p2|minimoosee|hilbert|1039
|gen|9
|tier|[Gen 9] VGC 2025 Reg H (Bo3)
|rated|
|rule|Species Clause: Limit one of each Pokémon
|rule|Item Clause: Limit 1 of each item
|clearpoke
|poke|p1|Pelipper, L50, M|
|poke|p1|Archaludon, L50, M|
|poke|p1|Amoonguss, L50, M|
|poke|p1|Incineroar, L50, M|
|poke|p1|Basculegion, L50, M|
|poke|p1|Baxcalibur, L50, F|
|poke|p2|Incineroar, L50, M|
|poke|p2|Whimsicott, L50, M|
|poke|p2|Gholdengo, L50|
|poke|p2|Dragapult, L50, M|
|poke|p2|Sneasler, L50, M|
|poke|p2|Gastrodon-East, L50, M|
|teampreview|4
|showteam|p1|Pelipper||FocusSash|Drizzle|WeatherBall,Hurricane,Protect,Tailwind|||M|||50|,,,,,Grass]Archaludon||AssaultVest|Stamina|ElectroShot,Snarl,BodyPress,DracoMeteor|||M|||50|,,,,,Grass]Amoonguss||RockyHelmet|Regenerator|Spore,PollenPuff,RagePowder,Protect|||M|||50|,,,,,Fairy]Incineroar||SafetyGoggles|Intimidate|FakeOut,FlareBlitz,KnockOff,PartingShot|||M|||50|,,,,,Ghost]Basculegion||ChoiceBand|SwiftSwim|WaveCrash,FlipTurn,LastRespects,AquaJet|||M|||50|,,,,,Water]Baxcalibur||ClearAmulet|ThermalExchange|GlaiveRush,Protect,IceShard,SwordsDance|||F|||50|,,,,,Poison
|showteam|p2|Incineroar||SafetyGoggles|Intimidate|FlareBlitz,FakeOut,KnockOff,PartingShot|||M|||50|,,,,,Ghost]Whimsicott||CovertCloak|Prankster|Moonblast,Tailwind,Encore,LightScreen|||M|||50|,,,,,Water]Gholdengo||LifeOrb|GoodasGold|MakeItRain,ShadowBall,NastyPlot,Protect||||||50|,,,,,Steel]Dragapult||ChoiceBand|ClearBody|DragonDarts,PhantomForce,Uturn,Outrage|||M|||50|,,,,,Dragon]Sneasler||FocusSash|PoisonTouch|DireClaw,CloseCombat,FakeOut,Protect|||M|||50|,,,,,Stellar]Gastrodon-East||Leftovers|StormDrain|EarthPower,Yawn,Protect,ClearSmog|||M|||50|,,,,,Fire
|inactive|Battle timer is ON: inactive players will automatically lose when time's up. (requested by minimoosee)
|
|t:|1756592979
|teamsize|p1|4
|teamsize|p2|4
|start
|switch|p1a: Pelipper|Pelipper, L50, M|100/100
|switch|p1b: Basculegion|Basculegion, L50, M|100/100
|switch|p2a: Sneasler|Sneasler, L50, M, shiny|100/100
|switch|p2b: Dragapult|Dragapult, L50, M, shiny|100/100
|-weather|RainDance|[from] ability: Drizzle|[of] p1a: Pelipper
|turn|1
|inactive|minimoosee has 30 seconds left.
|inactive|PicosaurusRex has 30 seconds left.
|inactive|minimoosee has 20 seconds left.
|inactive|minimoosee has 15 seconds left.
|
|t:|1756593024
|move|p2a: Sneasler|Fake Out|p1a: Pelipper
|-damage|p1a: Pelipper|78/100
|move|p1b: Basculegion|Flip Turn|p2a: Sneasler
|-enditem|p2a: Sneasler|Focus Sash
|-damage|p2a: Sneasler|1/100
|
|t:|1756593030
|switch|p1b: Amoonguss|Amoonguss, L50, M|100/100|[from] Flip Turn
|move|p2b: Dragapult|Phantom Force||[still]
|-prepare|p2b: Dragapult|Phantom Force
|cant|p1a: Pelipper|flinch
|
|-weather|RainDance|[upkeep]
|upkeep
|turn|2
|
|t:|1756593044
|switch|p2a: Gastrodon|Gastrodon-East, L50, M, shiny|100/100
|move|p1a: Pelipper|Protect|p1a: Pelipper
|-singleturn|p1a: Pelipper|Protect
|move|p2b: Dragapult|Phantom Force|p1b: Amoonguss|[from] lockedmove
|-damage|p1b: Amoonguss|44/100
|-damage|p2b: Dragapult|84/100|[from] item: Rocky Helmet|[of] p1b: Amoonguss
|move|p1b: Amoonguss|Pollen Puff|p2a: Gastrodon
|-damage|p2a: Gastrodon|85/100
|
|-weather|RainDance|[upkeep]
|-heal|p2a: Gastrodon|91/100|[from] item: Leftovers
|upkeep
|turn|3
|
|t:|1756593063
|switch|p2a: Incineroar|Incineroar, L50, M, shiny|100/100
|-ability|p2a: Incineroar|Intimidate|boost
|-unboost|p1a: Pelipper|atk|1
|-unboost|p1b: Amoonguss|atk|1
|switch|p1b: Archaludon|Archaludon, L50, M|100/100
|move|p2b: Dragapult|Phantom Force||[still]
|-prepare|p2b: Dragapult|Phantom Force
|move|p1a: Pelipper|Tailwind|p1a: Pelipper
|-sidestart|p1: PicosaurusRex|move: Tailwind
|
|-weather|RainDance|[upkeep]
|upkeep
|turn|4
|inactive|PicosaurusRex has 30 seconds left.
|
|t:|1756593094
|switch|p1a: Amoonguss|Amoonguss, L50, M|77/100
|move|p2a: Incineroar|Fake Out|p1b: Archaludon
|-resisted|p1b: Archaludon
|-damage|p1b: Archaludon|97/100
|-ability|p1b: Archaludon|Stamina|boost
|-boost|p1b: Archaludon|def|1
|cant|p1b: Archaludon|flinch
|move|p2b: Dragapult|Phantom Force|p1a: Amoonguss|[from] lockedmove
|-damage|p1a: Amoonguss|23/100
|-damage|p2b: Dragapult|68/100|[from] item: Rocky Helmet|[of] p1a: Amoonguss
|
|-weather|RainDance|[upkeep]
|upkeep
|turn|5
|inactive|PicosaurusRex has 30 seconds left.
|
|t:|1756593128
|switch|p2b: Sneasler|Sneasler, L50, M, shiny|1/100
|move|p1a: Amoonguss|Protect|p1a: Amoonguss
|-singleturn|p1a: Amoonguss|Protect
|move|p1b: Archaludon|Draco Meteor|p2b: Sneasler
|-damage|p2b: Sneasler|0 fnt
|-unboost|p1b: Archaludon|spa|2
|faint|p2b: Sneasler
|move|p2a: Incineroar|Knock Off|p1b: Archaludon
|-damage|p1b: Archaludon|78/100
|-ability|p1b: Archaludon|Stamina|boost
|-boost|p1b: Archaludon|def|1
|-enditem|p1b: Archaludon|Assault Vest|[from] move: Knock Off|[of] p2a: Incineroar
|
|-weather|none
|upkeep
|
|t:|1756593140
|switch|p2b: Gastrodon|Gastrodon-East, L50, M, shiny|91/100
|turn|6
|inactive|PicosaurusRex has 30 seconds left.
|
|t:|1756593169
|switch|p1a: Pelipper|Pelipper, L50, M|78/100
|-weather|RainDance|[from] ability: Drizzle|[of] p1a: Pelipper
|-terastallize|p1b: Archaludon|Grass
|move|p1b: Archaludon|Body Press|p2b: Gastrodon
|-damage|p2b: Gastrodon|44/100
|move|p2a: Incineroar|Knock Off|p1a: Pelipper
|-damage|p1a: Pelipper|25/100
|-enditem|p1a: Pelipper|Focus Sash|[from] move: Knock Off|[of] p2a: Incineroar
|move|p2b: Gastrodon|Yawn|p1b: Archaludon
|-start|p1b: Archaludon|move: Yawn|[of] p2b: Gastrodon
|
|-weather|RainDance|[upkeep]
|-heal|p2b: Gastrodon|50/100|[from] item: Leftovers
|-sideend|p1: PicosaurusRex|move: Tailwind
|upkeep
|turn|7
|inactive|PicosaurusRex has 30 seconds left.
|
|t:|1756593198
|move|p2b: Gastrodon|Protect|p2b: Gastrodon
|-singleturn|p2b: Gastrodon|Protect
|move|p1a: Pelipper|Hurricane|p2a: Incineroar
|-damage|p2a: Incineroar|61/100
|move|p1b: Archaludon|Snarl|p2a: Incineroar|[spread] p2a
|-activate|p2b: Gastrodon|move: Protect
|-resisted|p2a: Incineroar
|-damage|p2a: Incineroar|59/100
|-unboost|p2a: Incineroar|spa|1
|move|p2a: Incineroar|Knock Off|p1a: Pelipper
|-damage|p1a: Pelipper|0 fnt
|faint|p1a: Pelipper
|
|-weather|RainDance|[upkeep]
|-heal|p2b: Gastrodon|56/100|[from] item: Leftovers
|-end|p1b: Archaludon|move: Yawn|[silent]
|-status|p1b: Archaludon|slp
|upkeep
|
|t:|1756593212
|switch|p1a: Amoonguss|Amoonguss, L50, M|56/100
|turn|8
|
|t:|1756593222
|switch|p2a: Dragapult|Dragapult, L50, M, shiny|68/100
|cant|p1b: Archaludon|slp
|move|p2b: Gastrodon|Yawn|p1a: Amoonguss
|-start|p1a: Amoonguss|move: Yawn|[of] p2b: Gastrodon
|move|p1a: Amoonguss|Pollen Puff|p1b: Archaludon
|-heal|p1b: Archaludon|100/100 slp
|
|-weather|RainDance|[upkeep]
|-heal|p2b: Gastrodon|62/100|[from] item: Leftovers
|upkeep
|turn|9
|inactive|minimoosee has 30 seconds left.
|
|t:|1756593252
|switch|p1a: Basculegion|Basculegion, L50, M|100/100
|move|p2a: Dragapult|Phantom Force||[still]
|-prepare|p2a: Dragapult|Phantom Force
|cant|p1b: Archaludon|slp
|move|p2b: Gastrodon|Clear Smog|p1b: Archaludon
|-supereffective|p1b: Archaludon
|-damage|p1b: Archaludon|72/100 slp
|-clearboost|p1b: Archaludon
|-ability|p1b: Archaludon|Stamina|boost
|-boost|p1b: Archaludon|def|1
|
|-weather|RainDance|[upkeep]
|-heal|p2b: Gastrodon|68/100|[from] item: Leftovers
|upkeep
|turn|10
|inactive|PicosaurusRex has 30 seconds left.
|
|t:|1756593281
|switch|p1b: Amoonguss|Amoonguss, L50, M|89/100
|switch|p2b: Incineroar|Incineroar, L50, M, shiny|59/100
|-ability|p2b: Incineroar|Intimidate|boost
|-unboost|p1a: Basculegion|atk|1
|-unboost|p1b: Amoonguss|atk|1
|move|p1a: Basculegion|Last Respects|p2a: Dragapult|[miss]
|-miss|p1a: Basculegion|p2a: Dragapult
|move|p2a: Dragapult|Phantom Force|p1b: Amoonguss|[from] lockedmove
|-damage|p1b: Amoonguss|34/100
|-damage|p2a: Dragapult|51/100|[from] item: Rocky Helmet|[of] p1b: Amoonguss
|
|-weather|none
|upkeep
|turn|11
|inactive|PicosaurusRex has 30 seconds left.
|inactive|minimoosee has 30 seconds left.
|
|t:|1756593310
|switch|p1a: Archaludon|Archaludon, L50, M, tera:Grass|72/100 slp
|move|p2a: Dragapult|Phantom Force||[still]
|-prepare|p2a: Dragapult|Phantom Force
|move|p2b: Incineroar|Knock Off|p1a: Archaludon
|-damage|p1a: Archaludon|53/100 slp
|-ability|p1a: Archaludon|Stamina|boost
|-boost|p1a: Archaludon|def|1
|move|p1b: Amoonguss|Pollen Puff|p1a: Archaludon
|-heal|p1a: Archaludon|100/100 slp
|
|upkeep
|turn|12
|
|t:|1756593328
|move|p1b: Amoonguss|Rage Powder|p1b: Amoonguss
|-singleturn|p1b: Amoonguss|move: Rage Powder
|move|p2a: Dragapult|Phantom Force|p1b: Amoonguss|[from] lockedmove
|-damage|p1b: Amoonguss|0 fnt
|-damage|p2a: Dragapult|35/100|[from] item: Rocky Helmet|[of] p1b: Amoonguss
|faint|p1b: Amoonguss
|-curestatus|p1a: Archaludon|slp|[msg]
|move|p1a: Archaludon|Body Press|p2b: Incineroar
|-supereffective|p2b: Incineroar
|-damage|p2b: Incineroar|5/100
|move|p2b: Incineroar|Knock Off|p1a: Archaludon
|-damage|p1a: Archaludon|87/100
|-ability|p1a: Archaludon|Stamina|boost
|-boost|p1a: Archaludon|def|1
|
|upkeep
|
|t:|1756593340
|switch|p1b: Basculegion|Basculegion, L50, M|100/100
|turn|13
|
|t:|1756593352
|switch|p2b: Gastrodon|Gastrodon-East, L50, M, shiny|68/100
|move|p2a: Dragapult|Phantom Force||[still]
|-prepare|p2a: Dragapult|Phantom Force
|move|p1b: Basculegion|Last Respects|p2b: Gastrodon
|-crit|p2b: Gastrodon
|-damage|p2b: Gastrodon|0 fnt
|faint|p2b: Gastrodon
|move|p1a: Archaludon|Snarl|p2a: Dragapult|[miss]
|-miss|p1a: Archaludon|p2a: Dragapult
|
|upkeep
|
|t:|1756593357
|switch|p2b: Incineroar|Incineroar, L50, M, shiny|5/100
|-ability|p2b: Incineroar|Intimidate|boost
|-unboost|p1a: Archaludon|atk|1
|-unboost|p1b: Basculegion|atk|1
|turn|14
|
|t:|1756593370
|move|p2b: Incineroar|Fake Out|p1a: Archaludon
|-damage|p1a: Archaludon|83/100
|-ability|p1a: Archaludon|Stamina|boost
|-boost|p1a: Archaludon|def|1
|move|p2a: Dragapult|Phantom Force|p1b: Basculegion|[from] lockedmove
|-supereffective|p1b: Basculegion
|-damage|p1b: Basculegion|0 fnt
|faint|p1b: Basculegion
|cant|p1a: Archaludon|flinch
|
|upkeep
|turn|15
|
|t:|1756593382
|move|p2a: Dragapult|Phantom Force||[still]
|-prepare|p2a: Dragapult|Phantom Force
|move|p1a: Archaludon|Snarl|p2a: Dragapult|[spread] p2b
|-miss|p1a: Archaludon|p2a: Dragapult
|-resisted|p2b: Incineroar
|-damage|p2b: Incineroar|0 fnt
|faint|p2b: Incineroar
|
|upkeep
|turn|16
|
|t:|1756593391
|move|p2a: Dragapult|Phantom Force|p1a: Archaludon|[from] lockedmove
|-damage|p1a: Archaludon|66/100
|-ability|p1a: Archaludon|Stamina|boost
|-boost|p1a: Archaludon|def|1
|move|p1a: Archaludon|Snarl|p2a: Dragapult
|-supereffective|p2a: Dragapult
|-damage|p2a: Dragapult|0 fnt
|faint|p2a: Dragapult
|
|win|PicosaurusRex
||minimoosee is ready for game 2.
|inactive|PicosaurusRex has 30 seconds to confirm battle start!
