|j|☆RagingJudge
|j|☆TheLackluster7
|html|RagingJudgeTheLackluster7    
|uhtml|bestof|Game 2 of a best-of-3
|t:|1757654718
|gametype|doubles
|player|p1|RagingJudge|silver|1100
|player|p2|TheLackluster7|juggler|1181
|gen|9
|tier|[Gen 9] VGC 2025 Reg H (Bo3)
|rated|
|rule|Species Clause: Limit one of each Pokémon
|rule|Item Clause: Limit 1 of each item
|clearpoke
|poke|p1|Annihilape, L50, F|
|poke|p1|Whimsicott, L50, M|
|poke|p1|Garchomp, L50, M|
|poke|p1|Clefable, L50, F|
|poke|p1|Hydreigon, L50, F|
|poke|p1|Gholdengo, L50|
|poke|p2|Indeedee-F, L50, F|
|poke|p2|Armarouge, L50, F|
|poke|p2|Primarina, L50, M|
|poke|p2|Ursaluna-Bloodmoon, L50, M|
|poke|p2|Sneasler, L50, M|
|poke|p2|Whimsicott, L50, F|
|teampreview|4
|showteam|p1|Annihilape||SafetyGoggles|Defiant|Protect,BulkUp,DrainPunch,RageFist|||F|||50|,,,,,Water]Whimsicott||FocusSash|Prankster|SunnyDay,Encore,Tailwind,Moonblast|||M|||50|,,,,,Ghost]Garchomp||LifeOrb|RoughSkin|Protect,StompingTantrum,DragonClaw,Earthquake|||M|||50|,,,,,Steel]Clefable||SitrusBerry|Unaware|Protect,FollowMe,MistyTerrain,Moonblast|||F|||50|,,,,,Water]Hydreigon||ChoiceSpecs|Levitate|HeatWave,Snarl,DarkPulse,DracoMeteor|||F|||50|,,,,,Fire]Gholdengo||MetalCoat|GoodasGold|Protect,NastyPlot,ShadowBall,MakeItRain||||||50|,,,,,Steel
|showteam|p2|Indeedee-F||EjectButton|PsychicSurge|HelpingHand,Psychic,FollowMe,TrickRoom|||F|||50|,,,,,Steel]Armarouge||LifeOrb|FlashFire|ArmorCannon,ExpandingForce,AuraSphere,TrickRoom|||F|||50|,,,,,Grass]Primarina||AssaultVest|LiquidVoice|HyperVoice,Moonblast,FlipTurn,DrainingKiss|||M|||50|,,,,,Fairy]Ursaluna-Bloodmoon||SilkScarf|MindsEye|Protect,BloodMoon,HyperVoice,EarthPower|||M|||50|,,,,,Ghost]Sneasler||PsychicSeed|Unburden|DireClaw,CloseCombat,ThroatChop,Protect|||M|||50|,,,,,Dark]Whimsicott||CovertCloak|Prankster|LightScreen,Tailwind,SunnyDay,EnergyBall|||F|||50|,,,,,Dark
|
|t:|1757654751
|teamsize|p1|4
|teamsize|p2|4
|start
|switch|p1a: Gholdengo|Gholdengo, L50|100/100
|switch|p1b: Whimsicott|Whimsicott, L50, M|100/100
|switch|p2a: Primarina|Primarina, L50, M|100/100
|switch|p2b: Whimsicott|Whimsicott, L50, F|100/100
|turn|1
|
|t:|1757654777
|switch|p2a: Ursaluna|Ursaluna-Bloodmoon, L50, M|100/100
|move|p1b: Whimsicott|Tailwind|p1b: Whimsicott
|-sidestart|p1: RagingJudge|move: Tailwind
|move|p2b: Whimsicott|Tailwind|p2b: Whimsicott
|-sidestart|p2: TheLackluster7|move: Tailwind
|move|p1a: Gholdengo|Nasty Plot|p1a: Gholdengo
|-boost|p1a: Gholdengo|spa|2
|
|upkeep
|turn|2
|
|t:|1757654799
|-terastallize|p2b: Whimsicott|Dark
|-terastallize|p1a: Gholdengo|Steel
|move|p2b: Whimsicott|Light Screen|p2b: Whimsicott
|-sidestart|p2: TheLackluster7|move: Light Screen
|move|p1b: Whimsicott|Moonblast|p2a: Ursaluna
|-damage|p2a: Ursaluna|78/100
|-unboost|p2a: Ursaluna|spa|1
|move|p1a: Gholdengo|Make It Rain|p2a: Ursaluna|[spread] p2a,p2b
|-damage|p2a: Ursaluna|0 fnt
|-damage|p2b: Whimsicott|0 fnt
|-unboost|p1a: Gholdengo|spa|1
|faint|p2a: Ursaluna
|faint|p2b: Whimsicott
|
|upkeep
|
|t:|1757654810
|switch|p2b: Primarina|Primarina, L50, M|100/100
|switch|p2a: Sneasler|Sneasler, L50, M|100/100
|turn|3
|
|t:|1757654823
|move|p2a: Sneasler|Close Combat|p1a: Gholdengo
|-supereffective|p1a: Gholdengo
|-damage|p1a: Gholdengo|0 fnt
|-unboost|p2a: Sneasler|def|1
|-unboost|p2a: Sneasler|spd|1
|faint|p1a: Gholdengo
|move|p1b: Whimsicott|Moonblast|p2a: Sneasler
|-damage|p2a: Sneasler|53/100
|-unboost|p2a: Sneasler|spa|1
|move|p2b: Primarina|Draining Kiss|p1b: Whimsicott
|-damage|p1b: Whimsicott|54/100
|
|upkeep
|
|t:|1757654835
|switch|p1a: Clefable|Clefable, L50, F|100/100
|turn|4
|
|t:|1757654844
|move|p2a: Sneasler|Protect|p2a: Sneasler
|-singleturn|p2a: Sneasler|Protect
|move|p1b: Whimsicott|Encore|p2a: Sneasler
|-activate|p2a: Sneasler|move: Protect
|move|p2b: Primarina|Moonblast|p1b: Whimsicott
|-damage|p1b: Whimsicott|0 fnt
|faint|p1b: Whimsicott
|move|p1a: Clefable|Moonblast|p2a: Sneasler
|-activate|p2a: Sneasler|move: Protect
|
|-sideend|p2: TheLackluster7|move: Tailwind
|-sideend|p1: RagingJudge|move: Tailwind
|upkeep
|
|t:|1757654846
|switch|p1b: Annihilape|Annihilape, L50, F|100/100
|turn|5
|
|t:|1757654863
|move|p1a: Clefable|Follow Me|p1a: Clefable
|-singleturn|p1a: Clefable|move: Follow Me
|move|p2a: Sneasler|Dire Claw|p1a: Clefable
|-supereffective|p1a: Clefable
|-damage|p1a: Clefable|34/100
|-status|p1a: Clefable|slp
|-enditem|p1a: Clefable|Sitrus Berry|[eat]
|-heal|p1a: Clefable|59/100 slp|[from] item: Sitrus Berry
|move|p1b: Annihilape|Bulk Up|p1b: Annihilape
|-boost|p1b: Annihilape|atk|1
|-boost|p1b: Annihilape|def|1
|move|p2b: Primarina|Moonblast|p1a: Clefable
|-damage|p1a: Clefable|8/100 slp
|
|upkeep
|turn|6
|
|t:|1757654903
|move|p2a: Sneasler|Protect|p2a: Sneasler
|-singleturn|p2a: Sneasler|Protect
|move|p1b: Annihilape|Bulk Up|p1b: Annihilape
|-boost|p1b: Annihilape|atk|1
|-boost|p1b: Annihilape|def|1
|move|p2b: Primarina|Moonblast|p1b: Annihilape
|-supereffective|p1b: Annihilape
|-damage|p1b: Annihilape|0 fnt
|faint|p1b: Annihilape
|cant|p1a: Clefable|slp
|
|-sideend|p2: TheLackluster7|move: Light Screen
|upkeep
|turn|7
|-message|RagingJudge forfeited.
|
|win|TheLackluster7
|l|☆RagingJudge
|player|p1|
||RagingJudge is ready for game 3.
||TheLackluster7 is ready for game 3.
|uhtml|next|Next: Game 3 of 3
|l|☆TheLackluster7
|player|p2|
|j|☆RagingJudge
|player|p1|RagingJudge|silver|
