|j|☆Refanner
|j|☆vamioli
|html|Refannervamioli    
|uhtml|bestof|Game 3 of a best-of-3
|t:|1782737298
|gametype|doubles
|player|p1|Refanner|102|1088
|player|p2|vamioli|265|1152
|gen|9
|tier|[Gen 9 Champions] VGC 2026 Reg M-B (Bo3)
|rated|
|rule|Species Clause: Limit one of each Pokémon
|rule|Item Clause: Limit 1 of each item
|clearpoke
|poke|p1|Staraptor, L50, F|
|poke|p1|Raichu, L50, M|
|poke|p1|Sinistcha-Masterpiece, L50|
|poke|p1|Incineroar, L50, M|
|poke|p1|Metagross, L50|
|poke|p1|Hydreigon, L50, F|
|poke|p2|Annihilape, L50, M|
|poke|p2|Corviknight, L50, M|
|poke|p2|Whimsicott, L50, M|
|poke|p2|Sinistcha, L50|
|poke|p2|Excadrill, L50, F|
|poke|p2|Tyranitar, L50, F|
|teampreview|4
|showteam|p1|Staraptor||Staraptite|Intimidate|CloseCombat,BraveBird,Roost,Protect|Adamant||F|||50|]Raichu||RaichuniteX|LightningRod|VoltTackle,VoltSwitch,PlayRough,FakeOut|Hasty||M|||50|]Sinistcha-Masterpiece||KasibBerry|Hospitality|MatchaGotcha,RagePowder,TrickRoom,Protect|Bold|||||50|]Incineroar||SitrusBerry|Intimidate|FlareBlitz,FakeOut,DarkestLariat,PartingShot|Adamant||M|||50|]Metagross||MetalCoat|ClearBody|IronHead,PsychicFangs,StompingTantrum,Protect|Adamant|||||50|]Hydreigon||ChoiceScarf|Levitate|DarkPulse,Snarl,DracoMeteor,EarthPower|Timid||F|||50|
|showteam|p2|Annihilape||Leftovers|Defiant|Protect,RageFist,DrainPunch,BulkUp|Adamant||M|||50|]Corviknight||SharpBeak|MirrorArmor|Roost,Tailwind,BodyPress,BraveBird|Impish||M|||50|]Whimsicott||CobaBerry|Prankster|Moonblast,Protect,Tailwind,Encore|Timid||M|||50|]Sinistcha||SitrusBerry|Hospitality|RagePowder,MatchaGotcha,Protect,TrickRoom|Bold|||||50|]Excadrill||FocusSash|SandRush|IronHead,HighHorsepower,Protect,RockSlide|Adamant||F|||50|]Tyranitar||Tyranitarite|SandStream|DragonDance,KnockOff,RockSlide,Protect|Adamant||F|||50|
|
|t:|1782737379
|teamsize|p1|4
|teamsize|p2|4
|start
|switch|p1a: Staraptor|Staraptor, L50, F|100/100
|switch|p1b: Raichu|Raichu, L50, M|100/100
|switch|p2a: Whimsicott|Whimsicott, L50, M|100/100
|switch|p2b: Tyranitar|Tyranitar, L50, F|100/100
|-ability|p1a: Staraptor|Intimidate|boost
|-unboost|p2a: Whimsicott|atk|1
|-unboost|p2b: Tyranitar|atk|1
|-weather|Sandstorm|[from] ability: Sand Stream|[of] p2b: Tyranitar
|turn|1
|inactive|Battle timer is ON: inactive players will automatically lose when time's up. (requested by vamioli)
|
|t:|1782737402
|switch|p1b: Incineroar|Incineroar, L50, M|100/100
|-ability|p1b: Incineroar|Intimidate|boost
|-unboost|p2a: Whimsicott|atk|1
|-unboost|p2b: Tyranitar|atk|1
|detailschange|p1a: Staraptor|Staraptor-Mega, L50, F
|-mega|p1a: Staraptor|Staraptor|Staraptite
|move|p2b: Tyranitar|Protect|p2b: Tyranitar
|-singleturn|p2b: Tyranitar|Protect
|move|p2a: Whimsicott|Moonblast|p1a: Staraptor
|-supereffective|p1a: Staraptor|1
|-damage|p1a: Staraptor|24/100
|move|p1a: Staraptor|Brave Bird|p2a: Whimsicott
|-supereffective|p2a: Whimsicott|1
|-enditem|p2a: Whimsicott|Coba Berry|[eat]
|-enditem|p2a: Whimsicott|Coba Berry|[weaken]
|-damage|p2a: Whimsicott|6/100
|-damage|p1a: Staraptor|2/100|[from] Recoil
|
|-weather|Sandstorm|[upkeep]
|-damage|p2a: Whimsicott|1/100|[from] Sandstorm
|-damage|p1a: Staraptor|0 fnt|[from] Sandstorm
|-damage|p1b: Incineroar|94/100|[from] Sandstorm
|faint|p1a: Staraptor
|upkeep
|
|t:|1782737426
|switch|p1a: Sinistcha|Sinistcha-Masterpiece, L50|100/100
|-heal|p1b: Incineroar|100/100|[from] ability: Hospitality|[of] p1a: Sinistcha
|turn|2
|inactive|Refanner has 30 seconds left.
|
|t:|1782737459
|switch|p2a: Annihilape|Annihilape, L50, M|100/100
|move|p1b: Incineroar|Fake Out|p2b: Tyranitar
|-resisted|p2b: Tyranitar|1
|-crit|p2b: Tyranitar
|-damage|p2b: Tyranitar|91/100
|cant|p2b: Tyranitar|flinch
|move|p1a: Sinistcha|Trick Room|p1a: Sinistcha
|-fieldstart|move: Trick Room|[of] p1a: Sinistcha
|
|-weather|Sandstorm|[upkeep]
|-damage|p1b: Incineroar|94/100|[from] Sandstorm
|-damage|p1a: Sinistcha|93/100|[from] Sandstorm
|-damage|p2a: Annihilape|94/100|[from] Sandstorm
|-heal|p2a: Annihilape|100/100|[from] item: Leftovers
|upkeep
|turn|3
|
|t:|1782737480
|move|p2b: Tyranitar|Protect|p2b: Tyranitar
|-singleturn|p2b: Tyranitar|Protect
|move|p1b: Incineroar|Darkest Lariat|p2a: Annihilape
|-damage|p2a: Annihilape|62/100
|move|p1a: Sinistcha|Matcha Gotcha|p2b: Tyranitar|[spread] p2a
|-activate|p2b: Tyranitar|move: Protect
|-damage|p2a: Annihilape|44/100
|-heal|p1a: Sinistcha|100/100|[from] drain|[of] p2a: Annihilape
|move|p2a: Annihilape|Bulk Up|p2a: Annihilape
|-boost|p2a: Annihilape|atk|1
|-boost|p2a: Annihilape|def|1
|
|-weather|Sandstorm|[upkeep]
|-damage|p1b: Incineroar|88/100|[from] Sandstorm
|-damage|p1a: Sinistcha|93/100|[from] Sandstorm
|-damage|p2a: Annihilape|38/100|[from] Sandstorm
|-heal|p2a: Annihilape|44/100|[from] item: Leftovers
|upkeep
|turn|4
|inactive|vamioli has 30 seconds left.
|
|t:|1782737514
|move|p1b: Incineroar|Darkest Lariat|p2a: Annihilape
|-damage|p2a: Annihilape|2/100
|move|p1a: Sinistcha|Matcha Gotcha|p2a: Annihilape|[spread] p2a,p2b
|-crit|p2a: Annihilape
|-supereffective|p2b: Tyranitar|1
|-damage|p2a: Annihilape|0 fnt
|-heal|p1a: Sinistcha|95/100|[from] drain|[of] p2a: Annihilape
|-damage|p2b: Tyranitar|64/100
|-heal|p1a: Sinistcha|100/100|[from] drain|[of] p2b: Tyranitar
|faint|p2a: Annihilape
|move|p2b: Tyranitar|Rock Slide|p1b: Incineroar|[spread] p1a,p1b
|-supereffective|p1b: Incineroar|1
|-damage|p1a: Sinistcha|87/100
|-damage|p1b: Incineroar|58/100
|
|-weather|Sandstorm|[upkeep]
|-damage|p1b: Incineroar|52/100|[from] Sandstorm
|-damage|p1a: Sinistcha|81/100|[from] Sandstorm
|upkeep
|inactive|vamioli has 30 seconds left.
|
|t:|1782737539
|switch|p2a: Excadrill|Excadrill, L50, F|100/100
|turn|5
|
|t:|1782737546
|switch|p2b: Whimsicott|Whimsicott, L50, M|1/100
|move|p2a: Excadrill|Protect|p2a: Excadrill
|-singleturn|p2a: Excadrill|Protect
|move|p1b: Incineroar|Flare Blitz|p2a: Excadrill
|-activate|p2a: Excadrill|move: Protect
|move|p1a: Sinistcha|Matcha Gotcha|p2a: Excadrill|[spread] p2b
|-activate|p2a: Excadrill|move: Protect
|-resisted|p2b: Whimsicott|1
|-damage|p2b: Whimsicott|0 fnt
|-heal|p1a: Sinistcha|82/100|[from] drain|[of] p2b: Whimsicott
|faint|p2b: Whimsicott
|
|-weather|none
|upkeep
|
|t:|1782737561
|switch|p2b: Tyranitar|Tyranitar, L50, F|64/100
|-weather|Sandstorm|[from] ability: Sand Stream|[of] p2b: Tyranitar
|turn|6
|
|t:|1782737573
|detailschange|p2b: Tyranitar|Tyranitar-Mega, L50, F
|-mega|p2b: Tyranitar|Tyranitar|Tyranitarite
|move|p2a: Excadrill|Protect||[still]
|-fail|p2a: Excadrill
|move|p1b: Incineroar|Flare Blitz|p2a: Excadrill
|-supereffective|p2a: Excadrill|1
|-enditem|p2a: Excadrill|Focus Sash
|-damage|p2a: Excadrill|1/100
|-damage|p1b: Incineroar|22/100|[from] Recoil
|-enditem|p1b: Incineroar|Sitrus Berry|[eat]
|-heal|p1b: Incineroar|47/100|[from] item: Sitrus Berry
|move|p1a: Sinistcha|Matcha Gotcha|p2b: Tyranitar|[spread] p2a,p2b
|-supereffective|p2b: Tyranitar|1
|-damage|p2a: Excadrill|0 fnt
|-heal|p1a: Sinistcha|82/100|[from] drain|[of] p2a: Excadrill
|-damage|p2b: Tyranitar|40/100
|-heal|p1a: Sinistcha|96/100|[from] drain|[of] p2b: Tyranitar
|faint|p2a: Excadrill
|move|p2b: Tyranitar|Dragon Dance|p2b: Tyranitar
|-boost|p2b: Tyranitar|atk|1
|-boost|p2b: Tyranitar|spe|1
|
|-weather|Sandstorm|[upkeep]
|-damage|p1b: Incineroar|41/100|[from] Sandstorm
|-damage|p1a: Sinistcha|90/100|[from] Sandstorm
|-fieldend|move: Trick Room
|upkeep
|turn|7
|inactive|Refanner has 30 seconds left.
|inactive|vamioli has 30 seconds left.
|
|t:|1782737604
|switch|p1b: Raichu|Raichu, L50, M|100/100
|move|p1a: Sinistcha|Protect|p1a: Sinistcha
|-singleturn|p1a: Sinistcha|Protect
|move|p2b: Tyranitar|Rock Slide|p1b: Raichu|[spread] p1b
|-activate|p1a: Sinistcha|move: Protect
|-damage|p1b: Raichu|0 fnt
|faint|p1b: Raichu
|
|-weather|Sandstorm|[upkeep]
|-damage|p1a: Sinistcha|84/100|[from] Sandstorm
|upkeep
|
|t:|1782737612
|switch|p1b: Incineroar|Incineroar, L50, M|41/100
|-ability|p1b: Incineroar|Intimidate|boost
|-unboost|p2b: Tyranitar|atk|1
|turn|8
|
|t:|1782737619
|move|p2b: Tyranitar|Protect|p2b: Tyranitar
|-singleturn|p2b: Tyranitar|Protect
|move|p1b: Incineroar|Fake Out|p2b: Tyranitar
|-activate|p2b: Tyranitar|move: Protect
|move|p1a: Sinistcha|Trick Room|p1a: Sinistcha
|-fieldstart|move: Trick Room|[of] p1a: Sinistcha
|
|-weather|Sandstorm|[upkeep]
|-damage|p1b: Incineroar|35/100|[from] Sandstorm
|-damage|p1a: Sinistcha|78/100|[from] Sandstorm
|upkeep
|turn|9
|
|t:|1782737636
|move|p1b: Incineroar|Flare Blitz|p2b: Tyranitar
|-resisted|p2b: Tyranitar|1
|-damage|p2b: Tyranitar|24/100
|-damage|p1b: Incineroar|29/100|[from] Recoil
|move|p1a: Sinistcha|Matcha Gotcha|p2b: Tyranitar
|-supereffective|p2b: Tyranitar|1
|-damage|p2b: Tyranitar|0 fnt
|-heal|p1a: Sinistcha|92/100|[from] drain|[of] p2b: Tyranitar
|faint|p2b: Tyranitar
|
|win|Refanner
|raw|Refanner's rating: 1088 → 1120(+32 for winning)
|raw|vamioli's rating: 1152 → 1122(-30 for losing)
|l|☆vamioli
|player|p2|
