|j|☆s4m1_jaw3d
|j|☆hamixio
|html|s4m1_jaw3dhamixio    
|uhtml|bestof|Game 1 of a best-of-3
|t:|1784657102
|gametype|doubles
|player|p1|s4m1_jaw3d|volkner|
|player|p2|hamixio|psychic|
|gen|9
|tier|[Gen 9 Champions] VGC 2026 Reg M-B (Bo3)
|rule|Species Clause: Limit one of each Pokémon
|rule|Item Clause: Limit 1 of each item
|clearpoke
|poke|p1|Grimmsnarl, L50, M|
|poke|p1|Archaludon, L50, F|
|poke|p1|Venusaur, L50, M|
|poke|p1|Pelipper, L50, M|
|poke|p1|Espeon, L50, M|
|poke|p1|Scizor, L50, F|
|poke|p2|Charizard, L50, M|
|poke|p2|Klefki, L50, M|
|poke|p2|Tauros-Paldea-Combat, L50, M|
|poke|p2|Tsareena, L50, F|
|poke|p2|Diggersby, L50, M, shiny|
|poke|p2|Basculegion, L50, M|
|teampreview|4
|showteam|p1|Grimmsnarl||LightClay|Prankster|Taunt,LightScreen,Reflect,PartingShot|Impish||M|||50|]Archaludon||Leftovers|Stamina|Protect,ElectroShot,DragonPulse,FlashCannon|Modest||F|||50|]Venusaur||Venusaurite|Overgrow|Protect,EarthPower,GigaDrain,SludgeBomb|Bold||M|||50|]Pelipper||FocusSash|Drizzle|Protect,WeatherBall,WideGuard,Tailwind|Timid||M|||50|]Espeon||ExpertBelt|MagicBounce|PowerGem,Detect,DazzlingGleam,Psychic|Timid||M|||50|]Scizor||LifeOrb|Technician|BulletPunch,Protect,KnockOff,Roost|Adamant||F|||50|
|showteam|p2|Charizard||CharizarditeY|Blaze|AirSlash,WeatherBall,HeatWave,Protect|Timid||M|||50|]Klefki||LightClay|Prankster|LightScreen,Reflect,ThunderWave,SteelBeam|Calm||M|||50|]Tauros-Paldea-Combat||SitrusBerry|Intimidate|RagingBull,CloseCombat,Protect,WildCharge|Jolly||M|||50|]Tsareena||WideLens|QueenlyMajesty|HighJumpKick,Protect,TripleAxel,TropKick|Jolly||F|||50|]Diggersby||ChoiceScarf|HugePower|RockSlide,Earthquake,Uturn,IronHead|Jolly||M|||50|]Basculegion||MysticWater|Adaptability|AquaJet,WaveCrash,LastRespects,Protect|Jolly||M|||50|
|c|☆hamixio|glhf
|c|☆s4m1_jaw3d|U2
|
|t:|1784657152
|teamsize|p1|4
|teamsize|p2|4
|start
|switch|p1a: Grimmsnarl|Grimmsnarl, L50, M|100/100
|switch|p1b: Archaludon|Archaludon, L50, F|100/100
|switch|p2a: Charizard|Charizard, L50, M|100/100
|switch|p2b: Klefki|Klefki, L50, M|100/100
|turn|1
|inactive|Battle timer is ON: inactive players will automatically lose when time's up. (requested by s4m1_jaw3d)
|inactive|hamixio has 60 seconds left.
|
|t:|1784657209
|move|p2a: Charizard|Protect|p2a: Charizard
|-singleturn|p2a: Charizard|Protect
|move|p1b: Archaludon|Protect|p1b: Archaludon
|-singleturn|p1b: Archaludon|Protect
|move|p2b: Klefki|Light Screen|p2b: Klefki
|-sidestart|p2: hamixio|move: Light Screen
|move|p1a: Grimmsnarl|Light Screen|p1a: Grimmsnarl
|-sidestart|p1: s4m1_jaw3d|move: Light Screen
|
|upkeep
|turn|2
|inactive|hamixio has 30 seconds left.
|
|t:|1784657236
|detailschange|p2a: Charizard|Charizard-Mega-Y, L50, M
|-mega|p2a: Charizard|Charizard|Charizardite Y
|-weather|SunnyDay|[from] ability: Drought|[of] p2a: Charizard
|move|p1a: Grimmsnarl|Parting Shot|p2a: Charizard
|-unboost|p2a: Charizard|atk|1
|-unboost|p2a: Charizard|spa|1
|
|t:|1784657242
|switch|p1a: Pelipper|Pelipper, L50, M|100/100|[from] Parting Shot
|-weather|RainDance|[from] ability: Drizzle|[of] p1a: Pelipper
|move|p2a: Charizard|Heat Wave|p1b: Archaludon|[spread] p1a,p1b
|-resisted|p1a: Pelipper|1
|-crit|p1a: Pelipper
|-damage|p1a: Pelipper|74/100
|-damage|p1b: Archaludon|91/100
|-ability|p1b: Archaludon|Stamina|boost
|-boost|p1b: Archaludon|def|1
|move|p1b: Archaludon|Electro Shot||[still]
|-prepare|p1b: Archaludon|Electro Shot
|-boost|p1b: Archaludon|spa|1
|-anim|p1b: Archaludon|Electro Shot|p2a: Charizard
|-supereffective|p2a: Charizard|1
|-damage|p2a: Charizard|19/100
|move|p2b: Klefki|Steel Beam|p1a: Pelipper
|-resisted|p1a: Pelipper|1
|-damage|p1a: Pelipper|48/100
|-damage|p2b: Klefki|50/100y|[from] steelbeam
|
|-weather|RainDance|[upkeep]
|-heal|p1b: Archaludon|97/100|[from] item: Leftovers
|upkeep
|turn|3
|inactive|hamixio has 30 seconds left.
|
|t:|1784657273
|switch|p2a: Tauros|Tauros-Paldea-Combat, L50, M|100/100
|-ability|p2a: Tauros|Intimidate|boost
|-unboost|p1a: Pelipper|atk|1
|-unboost|p1b: Archaludon|atk|1
|move|p2b: Klefki|Thunder Wave|p1a: Pelipper
|-status|p1a: Pelipper|par
|move|p1b: Archaludon|Electro Shot||[still]
|-prepare|p1b: Archaludon|Electro Shot
|-boost|p1b: Archaludon|spa|1
|-anim|p1b: Archaludon|Electro Shot|p2b: Klefki
|-damage|p2b: Klefki|1/100
|move|p1a: Pelipper|Tailwind|p1a: Pelipper
|-sidestart|p1: s4m1_jaw3d|move: Tailwind
|
|-weather|RainDance|[upkeep]
|-heal|p1b: Archaludon|100/100|[from] item: Leftovers
|upkeep
|turn|4
|
|t:|1784657297
|switch|p1b: Grimmsnarl|Grimmsnarl, L50, M|100/100
|move|p2b: Klefki|Reflect|p2b: Klefki
|-sidestart|p2: hamixio|Reflect
|move|p2a: Tauros|Raging Bull|p1b: Grimmsnarl
|-sideend|p1: s4m1_jaw3d|move: Light Screen
|-damage|p1b: Grimmsnarl|65/100
|move|p1a: Pelipper|Weather Ball|p2b: Klefki
|-damage|p2b: Klefki|0 fnt
|faint|p2b: Klefki
|
|-weather|RainDance|[upkeep]
|upkeep
|
|t:|1784657309
|switch|p2b: Charizard|Charizard-Mega-Y, L50, M|19/100
|-weather|SunnyDay|[from] ability: Drought|[of] p2b: Charizard
|turn|5
|c|☆s4m1_jaw3d|Im gonna tweak
|c|☆s4m1_jaw3d|I cliked back 3 times
|c|☆s4m1_jaw3d|To not swap arch
|c|☆s4m1_jaw3d|And it dodnt rehuster
|c|☆s4m1_jaw3d|Register
|inactive|s4m1_jaw3d has 30 seconds left.
|inactive|hamixio has 30 seconds left.
|inactive|s4m1_jaw3d has 20 seconds left.
|
|t:|1784657346
|switch|p1a: Venusaur|Venusaur, L50, M|100/100
|move|p1b: Grimmsnarl|Light Screen|p1b: Grimmsnarl
|-sidestart|p1: s4m1_jaw3d|move: Light Screen
|move|p2b: Charizard|Air Slash|p1a: Venusaur
|-supereffective|p1a: Venusaur|1
|-damage|p1a: Venusaur|44/100
|move|p2a: Tauros|Close Combat|p1b: Grimmsnarl
|-damage|p1b: Grimmsnarl|18/100
|-unboost|p2a: Tauros|def|1
|-unboost|p2a: Tauros|spd|1
|
|-weather|SunnyDay|[upkeep]
|upkeep
|turn|6
|inactive|hamixio has 30 seconds left.
|
|t:|1784657375
|switch|p2a: Diggersby|Diggersby, L50, M, shiny|100/100
|detailschange|p1a: Venusaur|Venusaur-Mega, L50, M
|-mega|p1a: Venusaur|Venusaur|Venusaurite
|move|p2b: Charizard|Protect|p2b: Charizard
|-singleturn|p2b: Charizard|Protect
|move|p1b: Grimmsnarl|Parting Shot|p2a: Diggersby
|-unboost|p2a: Diggersby|atk|1
|-unboost|p2a: Diggersby|spa|1
|
|t:|1784657384
|switch|p1b: Pelipper|Pelipper, L50, M|48/100 par|[from] Parting Shot
|-weather|RainDance|[from] ability: Drizzle|[of] p1b: Pelipper
|move|p1a: Venusaur|Sludge Bomb|p2a: Diggersby
|-resisted|p2a: Diggersby|1
|-damage|p2a: Diggersby|80/100
|
|-weather|RainDance|[upkeep]
|-sideend|p1: s4m1_jaw3d|move: Tailwind
|upkeep
|turn|7
|
|t:|1784657404
|switch|p2b: Tauros|Tauros-Paldea-Combat, L50, M|100/100
|-ability|p2b: Tauros|Intimidate|boost
|-unboost|p1a: Venusaur|atk|1
|-unboost|p1b: Pelipper|atk|1
|move|p2a: Diggersby|U-turn|p1b: Pelipper
|-resisted|p1b: Pelipper|1
|-damage|p1b: Pelipper|37/100 par
|
|t:|1784657410
|switch|p2a: Charizard|Charizard-Mega-Y, L50, M|19/100|[from] U-turn
|-weather|SunnyDay|[from] ability: Drought|[of] p2a: Charizard
|move|p1a: Venusaur|Giga Drain|p2a: Charizard
|-resisted|p2a: Charizard|2
|-damage|p2a: Charizard|13/100
|-heal|p1a: Venusaur|47/100|[from] drain|[of] p2a: Charizard
|move|p1b: Pelipper|Weather Ball|p2a: Charizard
|-resisted|p2a: Charizard|1
|-damage|p2a: Charizard|0 fnt
|faint|p2a: Charizard
|
|-weather|SunnyDay|[upkeep]
|upkeep
|
|t:|1784657423
|switch|p2a: Diggersby|Diggersby, L50, M, shiny|80/100
|turn|8
|inactive|hamixio has 30 seconds left.
|
|t:|1784657453
|switch|p1b: Archaludon|Archaludon, L50, F|100/100
|move|p2a: Diggersby|Rock Slide|p1b: Archaludon|[spread] p1a,p1b
|-resisted|p1b: Archaludon|1
|-damage|p1a: Venusaur|29/100
|-damage|p1b: Archaludon|91/100
|-ability|p1b: Archaludon|Stamina|boost
|-boost|p1b: Archaludon|def|1
|move|p2b: Tauros|Raging Bull|p1a: Venusaur
|-sideend|p1: s4m1_jaw3d|move: Light Screen
|-resisted|p1a: Venusaur|1
|-damage|p1a: Venusaur|14/100
|move|p1a: Venusaur|Giga Drain|p2a: Diggersby
|-supereffective|p2a: Diggersby|1
|-damage|p2a: Diggersby|13/100
|-heal|p1a: Venusaur|43/100|[from] drain|[of] p2a: Diggersby
|
|-weather|SunnyDay|[upkeep]
|-heal|p1b: Archaludon|97/100|[from] item: Leftovers
|-sideend|p2: hamixio|move: Light Screen
|upkeep
|turn|9
|inactive|s4m1_jaw3d has 30 seconds left.
|inactive|hamixio has 30 seconds left.
|inactive|hamixio has 20 seconds left.
|
|t:|1784657491
|move|p2a: Diggersby|Rock Slide|p1b: Archaludon|[spread] p1a,p1b
|-resisted|p1b: Archaludon|1
|-damage|p1a: Venusaur|27/100
|-damage|p1b: Archaludon|91/100
|-ability|p1b: Archaludon|Stamina|boost
|-boost|p1b: Archaludon|def|1
|move|p2b: Tauros|Close Combat|p1b: Archaludon
|-supereffective|p1b: Archaludon|1
|-damage|p1b: Archaludon|49/100
|-unboost|p2b: Tauros|def|1
|-unboost|p2b: Tauros|spd|1
|-ability|p1b: Archaludon|Stamina|boost
|-boost|p1b: Archaludon|def|1
|move|p1b: Archaludon|Dragon Pulse|p2b: Tauros
|-damage|p2b: Tauros|12/100
|-enditem|p2b: Tauros|Sitrus Berry|[eat]
|-heal|p2b: Tauros|37/100|[from] item: Sitrus Berry
|move|p1a: Venusaur|Giga Drain|p2a: Diggersby
|-supereffective|p2a: Diggersby|1
|-damage|p2a: Diggersby|0 fnt
|-heal|p1a: Venusaur|33/100|[from] drain|[of] p2a: Diggersby
|faint|p2a: Diggersby
|
|-weather|SunnyDay|[upkeep]
|-heal|p1b: Archaludon|55/100|[from] item: Leftovers
|upkeep
|turn|10
|
|t:|1784657513
|move|p2b: Tauros|Close Combat|p1b: Archaludon
|-supereffective|p1b: Archaludon|1
|-damage|p1b: Archaludon|20/100y
|-unboost|p2b: Tauros|def|1
|-unboost|p2b: Tauros|spd|1
|-ability|p1b: Archaludon|Stamina|boost
|-boost|p1b: Archaludon|def|1
|move|p1b: Archaludon|Dragon Pulse|p2b: Tauros
|-damage|p2b: Tauros|0 fnt
|faint|p2b: Tauros
|
|win|s4m1_jaw3d
||s4m1_jaw3d is ready for game 2.
|inactive|hamixio has 30 seconds to confirm battle start!
||hamixio is ready for game 2.
|uhtml|next|Next: Game 2 of 3
