|j|☆tamagotchai-05
|j|☆Inteligent8pro
|html|tamagotchai-05Inteligent8pro    
|uhtml|bestof|Game 2 of a best-of-3
|t:|1786052032
|gametype|doubles
|player|p1|tamagotchai-05|101|1062
|player|p2|Inteligent8pro|elesa|1057
|gen|9
|tier|[Gen 9 Champions] VGC 2026 Reg M-B (Bo3)
|rated|
|rule|Species Clause: Limit one of each Pokémon
|rule|Item Clause: Limit 1 of each item
|clearpoke
|poke|p1|Metagross, L50|
|poke|p1|Dragonite, L50, F|
|poke|p1|Ninetales-Alola, L50, F|
|poke|p1|Garchomp, L50, M|
|poke|p1|Sneasler, L50, F|
|poke|p1|Kingambit, L50, M|
|poke|p2|Blaziken, L50, M|
|poke|p2|Venusaur, L50, F|
|poke|p2|Kingambit, L50, M|
|poke|p2|Ninetales-Alola, L50, F|
|poke|p2|Lycanroc-Dusk, L50, F|
|poke|p2|Basculegion, L50, M|
|teampreview|4
|showteam|p1|Metagross||Metagrossite|ClearBody|MeteorMash,PsychicFangs,Protect,BulletPunch|Jolly|||||50|]Dragonite||Dragoninite|Multiscale|DragonPulse,HeatWave,Tailwind,Protect|Modest||F|||50|]Ninetales-Alola||FocusSash|SnowWarning|Blizzard,Encore,FreezeDry,Protect|Timid||F|||50|]Garchomp||LifeOrb|RoughSkin|DragonClaw,Earthquake,RockSlide,Protect|Jolly||M|||50|]Sneasler||WhiteHerb|Unburden|CloseCombat,DireClaw,FakeOut,Protect|Adamant||F|||50|]Kingambit||OccaBerry|Defiant|SuckerPunch,IronHead,LowKick,KowtowCleave|Adamant||M|||50|
|showteam|p2|Blaziken||Blazikenite|SpeedBoost|FlareBlitz,CloseCombat,RockSlide,Detect|Adamant||M|||50|]Venusaur||Venusaurite|Chlorophyll|GigaDrain,SludgeBomb,EarthPower,Protect|Modest||F|||50|]Kingambit||LifeOrb|Defiant|KowtowCleave,SuckerPunch,IronHead,Protect|Adamant||M|||50|]Ninetales-Alola||NeverMeltIce|SnowWarning|Blizzard,FreezeDry,Encore,Protect|Timid||F|||50|]Lycanroc-Dusk||FocusSash|ToughClaws|RockSlide,Accelerock,CloseCombat,Protect|Adamant||F|||50|]Basculegion||ChoiceScarf|Adaptability|LastRespects,WaveCrash,AquaJet,FlipTurn|Jolly||M|||50|
|inactive|Battle timer is ON: inactive players will automatically lose when time's up. (requested by tamagotchai-05)
|inactive|Inteligent8pro has 60 seconds left.
|
|t:|1786052071
|teamsize|p1|4
|teamsize|p2|4
|start
|switch|p1a: Metagross|Metagross, L50|100/100
|switch|p1b: Garchomp|Garchomp, L50, M|100/100
|switch|p2a: Ninetales|Ninetales-Alola, L50, F|100/100
|switch|p2b: Kingambit|Kingambit, L50, M|100/100
|-weather|Snowscape|[from] ability: Snow Warning|[of] p2a: Ninetales
|turn|1
|
|t:|1786052091
|detailschange|p1a: Metagross|Metagross-Mega, L50
|-mega|p1a: Metagross|Metagross|Metagrossite
|move|p2a: Ninetales|Protect|p2a: Ninetales
|-singleturn|p2a: Ninetales|Protect
|move|p1a: Metagross|Bullet Punch|p2a: Ninetales
|-activate|p2a: Ninetales|move: Protect
|move|p1b: Garchomp|Dragon Claw|p2a: Ninetales
|-activate|p2a: Ninetales|move: Protect
|move|p2b: Kingambit|Kowtow Cleave|p1a: Metagross
|-supereffective|p1a: Metagross|1
|-damage|p1a: Metagross|0 fnt
|faint|p1a: Metagross
|-damage|p2b: Kingambit|90/100|[from] item: Life Orb
|
|-weather|Snowscape|[upkeep]
|upkeep
|
|t:|1786052091
|switch|p1a: Ninetales|Ninetales-Alola, L50, F|100/100
|turn|2
|inactive|Inteligent8pro has 30 seconds left.
|
|t:|1786052117
|move|p1b: Garchomp|Protect|p1b: Garchomp
|-singleturn|p1b: Garchomp|Protect
|move|p1a: Ninetales|Encore|p2b: Kingambit
|-start|p2b: Kingambit|Encore
|move|p2a: Ninetales|Blizzard|p1b: Garchomp|[spread] p1a
|-activate|p1b: Garchomp|move: Protect
|-resisted|p1a: Ninetales|1
|-damage|p1a: Ninetales|81/100
|move|p2b: Kingambit|Kowtow Cleave|p1b: Garchomp
|-activate|p1b: Garchomp|move: Protect
|
|-weather|Snowscape|[upkeep]
|upkeep
|turn|3
|inactive|Inteligent8pro has 30 seconds left.
|
|t:|1786052145
|move|p1b: Garchomp|Protect||[still]
|-fail|p1b: Garchomp
|move|p1a: Ninetales|Encore|p2a: Ninetales
|-start|p2a: Ninetales|Encore
|move|p2a: Ninetales|Blizzard|p1b: Garchomp|[spread] p1a,p1b
|-resisted|p1a: Ninetales|1
|-supereffective|p1b: Garchomp|2
|-damage|p1a: Ninetales|62/100
|-damage|p1b: Garchomp|0 fnt
|faint|p1b: Garchomp
|move|p2b: Kingambit|Kowtow Cleave|p1a: Ninetales
|-resisted|p1a: Ninetales|1
|-damage|p1a: Ninetales|29/100
|-damage|p2b: Kingambit|80/100|[from] item: Life Orb
|
|-weather|Snowscape|[upkeep]
|upkeep
|
|t:|1786052146
|switch|p1b: Dragonite|Dragonite, L50, F|100/100
|turn|4
|inactive|Inteligent8pro has 30 seconds left.
|
|t:|1786052173
|switch|p2b: Blaziken|Blaziken, L50, M|100/100
|move|p1a: Ninetales|Encore||[still]
|-fail|p1a: Ninetales
|move|p2a: Ninetales|Blizzard|p1b: Dragonite|[spread] p1a,p1b
|-resisted|p1a: Ninetales|1
|-crit|p1a: Ninetales
|-supereffective|p1b: Dragonite|2
|-damage|p1a: Ninetales|1/100
|-damage|p1b: Dragonite|28/100
|-status|p1b: Dragonite|frz
|cant|p1b: Dragonite|frz
|
|-weather|Snowscape|[upkeep]
|upkeep
|turn|5
|
|t:|1786052196
|detailschange|p2b: Blaziken|Blaziken-Mega, L50, M
|-mega|p2b: Blaziken|Blaziken|Blazikenite
|move|p1a: Ninetales|Protect|p1a: Ninetales
|-singleturn|p1a: Ninetales|Protect
|-curestatus|p1b: Dragonite|frz|[msg]
|move|p1b: Dragonite|Protect|p1b: Dragonite
|-singleturn|p1b: Dragonite|Protect
|move|p2a: Ninetales|Blizzard|p1a: Ninetales|[spread] 
|-activate|p1a: Ninetales|move: Protect
|-activate|p1b: Dragonite|move: Protect
|move|p2b: Blaziken|Flare Blitz|p1b: Dragonite
|-activate|p1b: Dragonite|move: Protect
|
|-weather|none
|-end|p2a: Ninetales|Encore
|-ability|p2b: Blaziken|Speed Boost|boost
|-boost|p2b: Blaziken|spe|1
|upkeep
|turn|6
|inactive|Inteligent8pro has 30 seconds left.
|
|t:|1786052227
|move|p1b: Dragonite|Protect|p1b: Dragonite
|-singleturn|p1b: Dragonite|Protect
|move|p2b: Blaziken|Flare Blitz|p1a: Ninetales
|-supereffective|p1a: Ninetales|1
|-damage|p1a: Ninetales|0 fnt
|faint|p1a: Ninetales
|-damage|p2b: Blaziken|99/100|[from] Recoil
|move|p2a: Ninetales|Encore|p1b: Dragonite
|-activate|p1b: Dragonite|move: Protect
|
|-ability|p2b: Blaziken|Speed Boost|boost
|-boost|p2b: Blaziken|spe|1
|upkeep
|turn|7
|
|t:|1786052239
|move|p1b: Dragonite|Protect||[still]
|-fail|p1b: Dragonite
|move|p2b: Blaziken|Rock Slide|p1b: Dragonite
|-supereffective|p1b: Dragonite|1
|-damage|p1b: Dragonite|0 fnt
|faint|p1b: Dragonite
|
|win|Inteligent8pro
|raw|tamagotchai-05's rating: 1062 → 1042(-20 for losing)
|raw|Inteligent8pro's rating: 1057 → 1089(+32 for winning)
|l|☆tamagotchai-05
|player|p1|
