|j|☆RyanPowneyLobotomy
|j|☆Caloteiros VGC
|html|RyanPowneyLobotomyCaloteiros VGC    
|uhtml|bestof|Game 1 of a best-of-3
|t:|1785818769
|gametype|doubles
|player|p1|RyanPowneyLobotomy|pokemonranger-gen4|1059
|player|p2|Caloteiros VGC|morty|1209
|gen|9
|tier|[Gen 9 Champions] VGC 2026 Reg M-B (Bo3)
|rated|
|rule|Species Clause: Limit one of each Pokémon
|rule|Item Clause: Limit 1 of each item
|clearpoke
|poke|p1|Charizard, L50, F|
|poke|p1|Incineroar, L50, F|
|poke|p1|Gholdengo, L50|
|poke|p1|Whimsicott, L50, F|
|poke|p1|Kommo-o, L50, F|
|poke|p1|Basculegion, L50, M|
|poke|p2|Raichu, L50, F|
|poke|p2|Sinistcha, L50|
|poke|p2|Incineroar, L50, F|
|poke|p2|Sylveon, L50, M|
|poke|p2|Hydreigon, L50, F|
|poke|p2|Metagross, L50|
|teampreview|4
|showteam|p1|Charizard||CharizarditeY|Blaze|HeatWave,WeatherBall,SolarBeam,Protect|Modest||F|||50|]Incineroar||SitrusBerry|Intimidate|FakeOut,FlareBlitz,ThroatChop,PartingShot|Impish||F|||50|]Gholdengo||MetalCoat|GoodasGold|MakeItRain,ShadowBall,NastyPlot,Protect|Modest|||||50|]Whimsicott||FocusSash|Prankster|Moonblast,Tailwind,Encore,Protect|Timid||F|||50|]Kommo-o||LifeOrb|Soundproof|ClangingScales,AuraSphere,VacuumWave,Protect|Modest||F|||50|]Basculegion||MysticWater|Adaptability|WaveCrash,AquaJet,LastRespects,Protect|Adamant||M|||50|
|showteam|p2|Raichu||RaichuniteY|LightningRod|ZapCannon,FocusBlast,FakeOut,Protect|Timid||F|||50|]Sinistcha||SitrusBerry|Hospitality|MatchaGotcha,RagePowder,TrickRoom,Protect|Bold|||||50|]Incineroar||ShucaBerry|Intimidate|FlareBlitz,DarkestLariat,PartingShot,FakeOut|Careful||F|||50|]Sylveon||FairyFeather|Pixilate|HyperVoice,Moonblast,CalmMind,Protect|Modest||M|||50|]Hydreigon||ChoiceScarf|Levitate|DracoMeteor,DarkPulse,EarthPower,Snarl|Modest||F|||50|]Metagross||Metagrossite|ClearBody|HardPress,BodyPress,PsychicFangs,Protect|Adamant|||||50|
|inactive|Battle timer is ON: inactive players will automatically lose when time's up. (requested by Caloteiros VGC)
|inactive|RyanPowneyLobotomy has 60 seconds left.
|
|t:|1785818816
|teamsize|p1|4
|teamsize|p2|4
|start
|switch|p1a: Gholdengo|Gholdengo, L50|100/100
|switch|p1b: Incineroar|Incineroar, L50, F|100/100
|switch|p2a: Raichu|Raichu, L50, F|100/100
|switch|p2b: Sylveon|Sylveon, L50, M|100/100
|-ability|p1b: Incineroar|Intimidate|boost
|-unboost|p2a: Raichu|atk|1
|-unboost|p2b: Sylveon|atk|1
|turn|1
|inactive|Caloteiros VGC has 30 seconds left.
|inactive|Caloteiros VGC has 20 seconds left.
|inactive|Caloteiros VGC has 15 seconds left.
|inactive|Caloteiros VGC has 10 seconds left.
|inactive|Caloteiros VGC has 5 seconds left.
|
|t:|1785818871
|move|p1b: Incineroar|Fake Out|p2a: Raichu
|-damage|p2a: Raichu|84/100
|cant|p2a: Raichu|flinch
|move|p1a: Gholdengo|Nasty Plot|p1a: Gholdengo
|-boost|p1a: Gholdengo|spa|2
|move|p2b: Sylveon|Hyper Voice|p1a: Gholdengo|[spread] p1a,p1b
|-resisted|p1a: Gholdengo|1
|-damage|p1a: Gholdengo|73/100
|-damage|p1b: Incineroar|59/100
|
|upkeep
|turn|2
|
|t:|1785818886
|detailschange|p2a: Raichu|Raichu-Mega-Y, L50, F
|-mega|p2a: Raichu|Raichu|Raichunite Y
|move|p1a: Gholdengo|Protect|p1a: Gholdengo
|-singleturn|p1a: Gholdengo|Protect
|move|p2a: Raichu|Zap Cannon|p1a: Gholdengo
|-activate|p1a: Gholdengo|move: Protect
|move|p2b: Sylveon|Hyper Voice|p1b: Incineroar|[spread] p1b
|-activate|p1a: Gholdengo|move: Protect
|-damage|p1b: Incineroar|20/100y
|-enditem|p1b: Incineroar|Sitrus Berry|[eat]
|-heal|p1b: Incineroar|45/100|[from] item: Sitrus Berry
|move|p1b: Incineroar|Parting Shot|p2b: Sylveon
|-unboost|p2b: Sylveon|atk|1
|-unboost|p2b: Sylveon|spa|1
|
|t:|1785818899
|switch|p1b: Whimsicott|Whimsicott, L50, F|100/100|[from] Parting Shot
|
|upkeep
|turn|3
|
|t:|1785818907
|move|p2a: Raichu|Protect|p2a: Raichu
|-singleturn|p2a: Raichu|Protect
|move|p1b: Whimsicott|Tailwind|p1b: Whimsicott
|-sidestart|p1: RyanPowneyLobotomy|move: Tailwind
|move|p1a: Gholdengo|Shadow Ball|p2a: Raichu
|-activate|p2a: Raichu|move: Protect
|move|p2b: Sylveon|Hyper Voice|p1b: Whimsicott|[spread] p1a,p1b
|-resisted|p1a: Gholdengo|1
|-damage|p1a: Gholdengo|57/100
|-damage|p1b: Whimsicott|49/100
|
|upkeep
|turn|4
|
|t:|1785818922
|switch|p2a: Incineroar|Incineroar, L50, F|100/100
|-ability|p2a: Incineroar|Intimidate|boost
|-unboost|p1a: Gholdengo|atk|1
|-unboost|p1b: Whimsicott|atk|1
|move|p2b: Sylveon|Protect|p2b: Sylveon
|-singleturn|p2b: Sylveon|Protect
|move|p1b: Whimsicott|Moonblast|p2a: Incineroar
|-damage|p2a: Incineroar|74/100
|move|p1a: Gholdengo|Make It Rain|p2b: Sylveon|[spread] p2a
|-activate|p2b: Sylveon|move: Protect
|-resisted|p2a: Incineroar|1
|-damage|p2a: Incineroar|34/100
|-unboost|p1a: Gholdengo|spa|2
|
|upkeep
|turn|5
|
|t:|1785818944
|switch|p2b: Sinistcha|Sinistcha, L50|100/100
|-heal|p2a: Incineroar|59/100|[from] ability: Hospitality|[of] p2b: Sinistcha
|move|p1b: Whimsicott|Protect|p1b: Whimsicott
|-singleturn|p1b: Whimsicott|Protect
|move|p1a: Gholdengo|Protect|p1a: Gholdengo
|-singleturn|p1a: Gholdengo|Protect
|move|p2a: Incineroar|Flare Blitz|p1a: Gholdengo
|-activate|p1a: Gholdengo|move: Protect
|
|upkeep
|turn|6
|inactive|Caloteiros VGC has 30 seconds left.
|inactive|Caloteiros VGC has 20 seconds left.
|
|t:|1785818983
|switch|p1b: Incineroar|Incineroar, L50, F|45/100
|-ability|p1b: Incineroar|Intimidate|boost
|-unboost|p2a: Incineroar|atk|1
|-unboost|p2b: Sinistcha|atk|1
|move|p2b: Sinistcha|Rage Powder|p2b: Sinistcha
|-singleturn|p2b: Sinistcha|move: Rage Powder
|move|p1a: Gholdengo|Shadow Ball|p2b: Sinistcha
|-supereffective|p2b: Sinistcha|1
|-damage|p2b: Sinistcha|24/100
|-unboost|p2b: Sinistcha|spd|1
|-enditem|p2b: Sinistcha|Sitrus Berry|[eat]
|-heal|p2b: Sinistcha|49/100|[from] item: Sitrus Berry
|move|p2a: Incineroar|Flare Blitz|p1b: Incineroar
|-resisted|p1b: Incineroar|1
|-damage|p1b: Incineroar|33/100
|-damage|p2a: Incineroar|55/100|[from] Recoil
|
|-sideend|p1: RyanPowneyLobotomy|move: Tailwind
|upkeep
|turn|7
|
|t:|1785819006
|move|p1a: Gholdengo|Protect|p1a: Gholdengo
|-singleturn|p1a: Gholdengo|Protect
|move|p2b: Sinistcha|Protect|p2b: Sinistcha
|-singleturn|p2b: Sinistcha|Protect
|move|p2a: Incineroar|Parting Shot|p1b: Incineroar
|-unboost|p1b: Incineroar|atk|1
|-unboost|p1b: Incineroar|spa|1
|
|t:|1785819019
|switch|p2a: Raichu|Raichu-Mega-Y, L50, F|84/100|[from] Parting Shot
|move|p1b: Incineroar|Parting Shot|p2a: Raichu
|-unboost|p2a: Raichu|atk|1
|-unboost|p2a: Raichu|spa|1
|
|t:|1785819023
|switch|p1b: Whimsicott|Whimsicott, L50, F|49/100|[from] Parting Shot
|
|upkeep
|turn|8
|
|t:|1785819036
|move|p1b: Whimsicott|Tailwind|p1b: Whimsicott
|-sidestart|p1: RyanPowneyLobotomy|move: Tailwind
|move|p1a: Gholdengo|Shadow Ball|p2b: Sinistcha
|-supereffective|p2b: Sinistcha|1
|-damage|p2b: Sinistcha|0 fnt
|faint|p2b: Sinistcha
|move|p2a: Raichu|Zap Cannon|p1a: Gholdengo
|-damage|p1a: Gholdengo|12/100
|-status|p1a: Gholdengo|par
|
|upkeep
|
|t:|1785819043
|switch|p2b: Sylveon|Sylveon, L50, M|100/100
|turn|9
|
|t:|1785819052
|move|p1b: Whimsicott|Protect|p1b: Whimsicott
|-singleturn|p1b: Whimsicott|Protect
|move|p2a: Raichu|Zap Cannon|p1a: Gholdengo
|-damage|p1a: Gholdengo|0 fnt
|faint|p1a: Gholdengo
|move|p2b: Sylveon|Moonblast|p1b: Whimsicott
|-activate|p1b: Whimsicott|move: Protect
|
|upkeep
|
|t:|1785819060
|switch|p1a: Basculegion|Basculegion, L50, M|100/100
|turn|10
|inactive|RyanPowneyLobotomy has 30 seconds left.
|inactive|Caloteiros VGC has 30 seconds left.
|
|t:|1785819093
|switch|p1b: Incineroar|Incineroar, L50, F|33/100
|-ability|p1b: Incineroar|Intimidate|boost
|-unboost|p2a: Raichu|atk|1
|-unboost|p2b: Sylveon|atk|1
|switch|p2a: Incineroar|Incineroar, L50, F|55/100
|-ability|p2a: Incineroar|Intimidate|boost
|-unboost|p1a: Basculegion|atk|1
|-unboost|p1b: Incineroar|atk|1
|move|p2b: Sylveon|Protect|p2b: Sylveon
|-singleturn|p2b: Sylveon|Protect
|move|p1a: Basculegion|Wave Crash|p2b: Sylveon
|-activate|p2b: Sylveon|move: Protect
|
|upkeep
|turn|11
|inactive|RyanPowneyLobotomy has 30 seconds left.
|
|t:|1785819126
|move|p1a: Basculegion|Wave Crash|p2a: Incineroar
|-supereffective|p2a: Incineroar|1
|-damage|p2a: Incineroar|0 fnt
|faint|p2a: Incineroar
|-damage|p1a: Basculegion|82/100|[from] Recoil
|move|p1b: Incineroar|Parting Shot|p2b: Sylveon
|-unboost|p2b: Sylveon|atk|1
|-unboost|p2b: Sylveon|spa|1
|
|t:|1785819133
|switch|p1b: Whimsicott|Whimsicott, L50, F|49/100|[from] Parting Shot
|move|p2b: Sylveon|Hyper Voice|p1b: Whimsicott|[spread] p1a,p1b
|-damage|p1a: Basculegion|47/100
|-damage|p1b: Whimsicott|1/100
|
|-sideend|p1: RyanPowneyLobotomy|move: Tailwind
|upkeep
|
|t:|1785819137
|switch|p2a: Raichu|Raichu-Mega-Y, L50, F|84/100
|turn|12
|
|t:|1785819146
|switch|p1a: Incineroar|Incineroar, L50, F|33/100
|-ability|p1a: Incineroar|Intimidate|boost
|-unboost|p2a: Raichu|atk|1
|-unboost|p2b: Sylveon|atk|1
|move|p1b: Whimsicott|Protect|p1b: Whimsicott
|-singleturn|p1b: Whimsicott|Protect
|move|p2a: Raichu|Zap Cannon|p1a: Incineroar
|-crit|p1a: Incineroar
|-damage|p1a: Incineroar|0 fnt
|faint|p1a: Incineroar
|move|p2b: Sylveon|Calm Mind|p2b: Sylveon
|-boost|p2b: Sylveon|spa|1
|-boost|p2b: Sylveon|spd|1
|
|upkeep
|
|t:|1785819157
|switch|p1a: Basculegion|Basculegion, L50, M|47/100
|turn|13
|
|t:|1785819171
|move|p1b: Whimsicott|Tailwind|p1b: Whimsicott
|-sidestart|p1: RyanPowneyLobotomy|move: Tailwind
|move|p1a: Basculegion|Last Respects|p2a: Raichu
|-crit|p2a: Raichu
|-damage|p2a: Raichu|0 fnt
|faint|p2a: Raichu
|move|p2b: Sylveon|Hyper Voice|p1a: Basculegion|[spread] p1a,p1b
|-damage|p1a: Basculegion|0 fnt
|-damage|p1b: Whimsicott|0 fnt
|faint|p1a: Basculegion
|faint|p1b: Whimsicott
|
|win|Caloteiros VGC
||Caloteiros VGC is ready for game 2.
||RyanPowneyLobotomy is ready for game 2.
|uhtml|next|Next: Game 2 of 3
