|j|☆chefbenboyrd
|j|☆buf38 zorrogafas
|html|chefbenboyrdbuf38 zorrogafas    
|uhtml|bestof|Game 1 of a best-of-3
|t:|1756215463
|gametype|doubles
|player|p1|chefbenboyrd|roughneck|1114
|player|p2|buf38 zorrogafas|ghetsis-gen5bw|1107
|gen|9
|tier|[Gen 9] VGC 2025 Reg H (Bo3)
|rated|
|rule|Species Clause: Limit one of each Pokémon
|rule|Item Clause: Limit 1 of each item
|clearpoke
|poke|p1|Amoonguss, L50, F|
|poke|p1|Sneasler, L50, M|
|poke|p1|Gholdengo, L50|
|poke|p1|Incineroar, L50, F|
|poke|p1|Ursaluna-Bloodmoon, L50, M|
|poke|p1|Dragonite, L50, M|
|poke|p2|Primarina, L50, M|
|poke|p2|Kingambit, L50, F|
|poke|p2|Zoroark-Hisui, L50, M|
|poke|p2|Rillaboom, L50, F|
|poke|p2|Grimmsnarl, L50, M|
|poke|p2|Volcarona, L50, M|
|teampreview|4
|showteam|p1|Amoonguss||SitrusBerry|Regenerator|RagePowder,Spore,PollenPuff,Protect|||F|||50|,,,,,Psychic]Sneasler||FocusSash|Unburden|Protect,DireClaw,CloseCombat,ThroatChop|||M|||50|,,,,,Stellar]Gholdengo||LifeOrb|GoodasGold|Protect,MakeItRain,ShadowBall,NastyPlot||||||50|,,,,,Water]Incineroar||SafetyGoggles|Intimidate|KnockOff,PartingShot,FlareBlitz,FakeOut|||F|||50|,,,,,Ghost]Ursaluna-Bloodmoon||AssaultVest|MindsEye|BloodMoon,EarthPower,VacuumWave,HyperVoice|||M|||50|,,,,,Water]Dragonite||LoadedDice|Multiscale|ScaleShot,Tailwind,Haze,Protect|||M|||50|,,,,,Fairy
|showteam|p2|Primarina||ThroatSpray|LiquidVoice|HyperVoice,Moonblast,CalmMind,Protect|||M|||50|,,,,,Fire]Kingambit||BlackGlasses|Defiant|SuckerPunch,KowtowCleave,SwordsDance,LowKick|||F|||50|,,,,,Dark]Zoroark-Hisui||FocusSash|Illusion|ShadowBall,HyperVoice,Taunt,WillOWisp|||M|||50|,,,,,Normal]Rillaboom||AssaultVest|GrassySurge|GrassyGlide,WoodHammer,FakeOut,HighHorsepower|||F|||50|,,,,,Fire]Grimmsnarl||LightClay|Prankster|SpiritBreak,Reflect,LightScreen,ThunderWave|||M|||50|,,,,,Ghost]Volcarona||Leftovers|FlameBody|Flamethrower,Protect,GigaDrain,QuiverDance|||M|||50|,,,,,Grass
|inactive|Battle timer is ON: inactive players will automatically lose when time's up. (requested by buf38 zorrogafas)
|
|t:|1756215495
|teamsize|p1|4
|teamsize|p2|4
|start
|switch|p1a: Dragonite|Dragonite, L50, M|100/100
|switch|p1b: Sneasler|Sneasler, L50, M|100/100
|switch|p2a: Primarina|Primarina, L50, M|100/100
|switch|p2b: Grimmsnarl|Grimmsnarl, L50, M|100/100
|turn|1
|inactive|chefbenboyrd has 30 seconds left.
|inactive|buf38 zorrogafas has 30 seconds left.
|
|t:|1756215525
|switch|p1a: Amoonguss|Amoonguss, L50, F|100/100
|-terastallize|p1b: Sneasler|Stellar
|-terastallize|p2a: Primarina|Fire
|move|p2b: Grimmsnarl|Reflect|p2b: Grimmsnarl
|-sidestart|p2: buf38 zorrogafas|Reflect
|move|p1b: Sneasler|Dire Claw|p2a: Primarina
|-damage|p2a: Primarina|61/100
|move|p2a: Primarina|Calm Mind|p2a: Primarina
|-boost|p2a: Primarina|spa|1
|-boost|p2a: Primarina|spd|1
|
|upkeep
|turn|2
|
|t:|1756215549
|move|p2a: Primarina|Protect|p2a: Primarina
|-singleturn|p2a: Primarina|Protect
|move|p2b: Grimmsnarl|Thunder Wave|p1b: Sneasler
|-status|p1b: Sneasler|par
|move|p1b: Sneasler|Close Combat|p2a: Primarina
|-activate|p2a: Primarina|move: Protect
|move|p1a: Amoonguss|Spore|p2b: Grimmsnarl
|-status|p2b: Grimmsnarl|slp|[from] move: Spore
|
|upkeep
|turn|3
|
|t:|1756215559
|switch|p2b: Rillaboom|Rillaboom, L50, F|100/100
|-fieldstart|move: Grassy Terrain|[from] ability: Grassy Surge|[of] p2b: Rillaboom
|move|p1b: Sneasler|Close Combat|p2a: Primarina
|-damage|p2a: Primarina|2/100
|-unboost|p1b: Sneasler|def|1
|-unboost|p1b: Sneasler|spd|1
|move|p2a: Primarina|Hyper Voice|p1a: Amoonguss|[spread] p1a,p1b
|-resisted|p1a: Amoonguss
|-crit|p1b: Sneasler
|-damage|p1a: Amoonguss|80/100
|-enditem|p1b: Sneasler|Focus Sash
|-damage|p1b: Sneasler|1/100 par
|-enditem|p2a: Primarina|Throat Spray
|-boost|p2a: Primarina|spa|1|[from] item: Throat Spray
|move|p1a: Amoonguss|Spore|p2a: Primarina
|-status|p2a: Primarina|slp|[from] move: Spore
|
|-heal|p1b: Sneasler|7/100 par|[from] Grassy Terrain
|-heal|p2a: Primarina|7/100 slp|[from] Grassy Terrain
|-heal|p1a: Amoonguss|86/100|[from] Grassy Terrain
|upkeep
|turn|4
|
|t:|1756215577
|switch|p1b: Dragonite|Dragonite, L50, M|100/100
|cant|p2a: Primarina|slp
|move|p2b: Rillaboom|Fake Out|p1b: Dragonite
|-damage|p1b: Dragonite|92/100
|move|p1a: Amoonguss|Pollen Puff|p2a: Primarina
|-resisted|p2a: Primarina
|-damage|p2a: Primarina|2/100 slp
|
|-heal|p2a: Primarina|8/100 slp|[from] Grassy Terrain
|-heal|p1a: Amoonguss|92/100|[from] Grassy Terrain
|upkeep
|turn|5
|j| buf0722shito
|
|t:|1756215601
|switch|p2b: Grimmsnarl|Grimmsnarl, L50, M|100/100 slp
|-curestatus|p2a: Primarina|slp|[msg]
|move|p2a: Primarina|Protect|p2a: Primarina
|-singleturn|p2a: Primarina|Protect
|move|p1b: Dragonite|Haze|p1b: Dragonite
|-clearallboost
|move|p1a: Amoonguss|Pollen Puff|p1b: Dragonite
|-heal|p1b: Dragonite|100/100
|
|-heal|p2a: Primarina|14/100|[from] Grassy Terrain
|-heal|p1a: Amoonguss|98/100|[from] Grassy Terrain
|upkeep
|turn|6
|
|t:|1756215623
|move|p1a: Amoonguss|Rage Powder|p1a: Amoonguss
|-singleturn|p1a: Amoonguss|move: Rage Powder
|cant|p2b: Grimmsnarl|slp
|move|p1b: Dragonite|Scale Shot|p2a: Primarina|[miss]
|-miss|p1b: Dragonite|p2a: Primarina
|move|p2a: Primarina|Moonblast|p1a: Amoonguss
|-resisted|p1a: Amoonguss
|-damage|p1a: Amoonguss|79/100
|
|-heal|p2a: Primarina|20/100|[from] Grassy Terrain
|-heal|p1a: Amoonguss|85/100|[from] Grassy Terrain
|upkeep
|turn|7
|
|t:|1756215634
|move|p2a: Primarina|Protect|p2a: Primarina
|-singleturn|p2a: Primarina|Protect
|cant|p2b: Grimmsnarl|slp
|move|p1b: Dragonite|Scale Shot|p2a: Primarina
|-activate|p2a: Primarina|move: Protect
|move|p1a: Amoonguss|Spore|p2b: Grimmsnarl
|-fail|p2b: Grimmsnarl|slp
|
|-heal|p2a: Primarina|26/100|[from] Grassy Terrain
|-heal|p1a: Amoonguss|90/100|[from] Grassy Terrain
|-fieldend|move: Grassy Terrain
|upkeep
|turn|8
|
|t:|1756215645
|move|p1a: Amoonguss|Rage Powder|p1a: Amoonguss
|-singleturn|p1a: Amoonguss|move: Rage Powder
|-curestatus|p2b: Grimmsnarl|slp|[msg]
|move|p2b: Grimmsnarl|Thunder Wave|p1a: Amoonguss
|-status|p1a: Amoonguss|par
|move|p1b: Dragonite|Scale Shot|p2a: Primarina
|-damage|p2a: Primarina|13/100
|-damage|p2a: Primarina|2/100
|-damage|p2a: Primarina|0 fnt
|faint|p2a: Primarina
|-hitcount|p2: Primarina|3
|-unboost|p1b: Dragonite|def|1
|-boost|p1b: Dragonite|spe|1
|
|-sideend|p2: buf38 zorrogafas|Reflect
|upkeep
|
|t:|1756215653
|switch|p2a: Kingambit|Kingambit, L50, F, shiny|100/100
|turn|9
|
|t:|1756215672
|move|p1b: Dragonite|Protect|p1b: Dragonite
|-singleturn|p1b: Dragonite|Protect
|move|p2b: Grimmsnarl|Spirit Break|p1b: Dragonite
|-activate|p1b: Dragonite|move: Protect
|move|p2a: Kingambit|Swords Dance|p2a: Kingambit
|-boost|p2a: Kingambit|atk|2
|move|p1a: Amoonguss|Spore|p2a: Kingambit
|-status|p2a: Kingambit|slp|[from] move: Spore
|
|upkeep
|turn|10
|
|t:|1756215688
|switch|p2b: Rillaboom|Rillaboom, L50, F|100/100
|-fieldstart|move: Grassy Terrain|[from] ability: Grassy Surge|[of] p2b: Rillaboom
|move|p1b: Dragonite|Haze|p1b: Dragonite
|-clearallboost
|cant|p2a: Kingambit|slp
|move|p1a: Amoonguss|Spore|p2b: Rillaboom
|-immune|p2b: Rillaboom
|
|-heal|p1a: Amoonguss|96/100 par|[from] Grassy Terrain
|upkeep
|turn|11
|
|t:|1756215709
|switch|p2b: Grimmsnarl|Grimmsnarl, L50, M|100/100
|switch|p1a: Ursaluna|Ursaluna-Bloodmoon, L50, M|100/100
|move|p1b: Dragonite|Scale Shot|p2b: Grimmsnarl
|-immune|p2b: Grimmsnarl
|cant|p2a: Kingambit|slp
|
|upkeep
|turn|12
|
|t:|1756215728
|move|p2b: Grimmsnarl|Light Screen|p2b: Grimmsnarl
|-sidestart|p2: buf38 zorrogafas|move: Light Screen
|cant|p2a: Kingambit|slp
|move|p1b: Dragonite|Tailwind|p1b: Dragonite
|-sidestart|p1: chefbenboyrd|move: Tailwind
|move|p1a: Ursaluna|Earth Power|p2a: Kingambit
|-supereffective|p2a: Kingambit
|-damage|p2a: Kingambit|41/100 slp
|
|-heal|p2a: Kingambit|46/100 slp|[from] Grassy Terrain
|upkeep
|turn|13
|
|t:|1756215749
|switch|p1b: Sneasler|Sneasler, L50, M, tera:Stellar|7/100 par
|switch|p2a: Rillaboom|Rillaboom, L50, F|100/100
|move|p1a: Ursaluna|Earth Power|p2a: Rillaboom
|-resisted|p2a: Rillaboom
|-damage|p2a: Rillaboom|89/100
|move|p2b: Grimmsnarl|Spirit Break|p1b: Sneasler
|-damage|p1b: Sneasler|0 fnt
|faint|p1b: Sneasler
|
|-heal|p2a: Rillaboom|95/100|[from] Grassy Terrain
|upkeep
|
|t:|1756215760
|switch|p1b: Amoonguss|Amoonguss, L50, F|100/100 par
|turn|14
|
|t:|1756215775
|move|p1a: Ursaluna|Blood Moon|p2a: Rillaboom
|-damage|p2a: Rillaboom|57/100
|move|p2a: Rillaboom|Wood Hammer|p1a: Ursaluna
|-supereffective|p1a: Ursaluna
|-damage|p1a: Ursaluna|0 fnt
|faint|p1a: Ursaluna
|-damage|p2a: Rillaboom|24/100|[from] Recoil
|move|p2b: Grimmsnarl|Spirit Break|p1b: Amoonguss
|-resisted|p1b: Amoonguss
|-damage|p1b: Amoonguss|88/100 par
|-unboost|p1b: Amoonguss|spa|1
|move|p1b: Amoonguss|Spore|p2b: Grimmsnarl
|-status|p2b: Grimmsnarl|slp|[from] move: Spore
|
|-heal|p2a: Rillaboom|30/100|[from] Grassy Terrain
|-heal|p1b: Amoonguss|94/100 par|[from] Grassy Terrain
|-fieldend|move: Grassy Terrain
|upkeep
|
|t:|1756215782
|switch|p1a: Dragonite|Dragonite, L50, M|100/100
|turn|15
|
|t:|1756215796
|switch|p2a: Kingambit|Kingambit, L50, F, shiny|46/100 slp
|move|p1a: Dragonite|Scale Shot|p2a: Kingambit
|-resisted|p2a: Kingambit
|-damage|p2a: Kingambit|42/100 slp
|-resisted|p2a: Kingambit
|-damage|p2a: Kingambit|37/100 slp
|-resisted|p2a: Kingambit
|-damage|p2a: Kingambit|32/100 slp
|-resisted|p2a: Kingambit
|-damage|p2a: Kingambit|27/100 slp
|-resisted|p2a: Kingambit
|-damage|p2a: Kingambit|22/100 slp
|-hitcount|p2a: Kingambit|5
|-unboost|p1a: Dragonite|def|1
|-boost|p1a: Dragonite|spe|1
|cant|p2b: Grimmsnarl|slp
|move|p1b: Amoonguss|Pollen Puff|p2b: Grimmsnarl
|-damage|p2b: Grimmsnarl|93/100 slp
|
|-sideend|p1: chefbenboyrd|move: Tailwind
|upkeep
|turn|16
|
|t:|1756215818
|cant|p2b: Grimmsnarl|slp
|move|p1a: Dragonite|Scale Shot|p2a: Kingambit
|-resisted|p2a: Kingambit
|-damage|p2a: Kingambit|17/100 slp
|-resisted|p2a: Kingambit
|-damage|p2a: Kingambit|13/100 slp
|-resisted|p2a: Kingambit
|-damage|p2a: Kingambit|7/100 slp
|-resisted|p2a: Kingambit
|-crit|p2a: Kingambit
|-damage|p2a: Kingambit|0 fnt
|faint|p2a: Kingambit
|-hitcount|p2: Kingambit|4
|-unboost|p1a: Dragonite|def|1
|-boost|p1a: Dragonite|spe|1
|move|p1b: Amoonguss|Pollen Puff|p2b: Grimmsnarl
|-damage|p2b: Grimmsnarl|85/100 slp
|
|upkeep
|
|t:|1756215826
|switch|p2a: Rillaboom|Rillaboom, L50, F|30/100
|-fieldstart|move: Grassy Terrain|[from] ability: Grassy Surge|[of] p2a: Rillaboom
|turn|17
|
|t:|1756215849
|move|p1a: Dragonite|Protect|p1a: Dragonite
|-singleturn|p1a: Dragonite|Protect
|move|p2a: Rillaboom|High Horsepower|p1b: Amoonguss
|-damage|p1b: Amoonguss|66/100 par
|cant|p2b: Grimmsnarl|slp
|move|p1b: Amoonguss|Pollen Puff|p2a: Rillaboom
|-supereffective|p2a: Rillaboom
|-damage|p2a: Rillaboom|18/100
|
|-heal|p2a: Rillaboom|24/100|[from] Grassy Terrain
|-heal|p2b: Grimmsnarl|92/100 slp|[from] Grassy Terrain
|-heal|p1b: Amoonguss|72/100 par|[from] Grassy Terrain
|upkeep
|turn|18
|
|t:|1756215866
|move|p1a: Dragonite|Scale Shot|p2a: Rillaboom
|-damage|p2a: Rillaboom|8/100
|-damage|p2a: Rillaboom|0 fnt
|faint|p2a: Rillaboom
|-hitcount|p2: Rillaboom|2
|-unboost|p1a: Dragonite|def|1
|-boost|p1a: Dragonite|spe|1
|-curestatus|p2b: Grimmsnarl|slp|[msg]
|move|p2b: Grimmsnarl|Spirit Break|p1a: Dragonite
|-supereffective|p1a: Dragonite
|-damage|p1a: Dragonite|19/100
|-unboost|p1a: Dragonite|spa|1
|cant|p1b: Amoonguss|par
|
|-heal|p2b: Grimmsnarl|98/100|[from] Grassy Terrain
|-heal|p1b: Amoonguss|78/100 par|[from] Grassy Terrain
|upkeep
|turn|19
|
|t:|1756215884
|move|p1a: Dragonite|Haze|p1a: Dragonite
|-clearallboost
|move|p2b: Grimmsnarl|Spirit Break|p1b: Amoonguss
|-resisted|p1b: Amoonguss
|-crit|p1b: Amoonguss
|-damage|p1b: Amoonguss|60/100 par
|-unboost|p1b: Amoonguss|spa|1
|move|p1b: Amoonguss|Pollen Puff|p1a: Dragonite
|-heal|p1a: Dragonite|69/100
|
|-heal|p2b: Grimmsnarl|100/100|[from] Grassy Terrain
|-heal|p1b: Amoonguss|66/100 par|[from] Grassy Terrain
|-sideend|p2: buf38 zorrogafas|move: Light Screen
|upkeep
|turn|20
|
|t:|1756215900
|move|p2b: Grimmsnarl|Light Screen|p2b: Grimmsnarl
|-sidestart|p2: buf38 zorrogafas|move: Light Screen
|move|p1a: Dragonite|Tailwind|p1a: Dragonite
|-sidestart|p1: chefbenboyrd|move: Tailwind
|move|p1b: Amoonguss|Spore|p2b: Grimmsnarl
|-status|p2b: Grimmsnarl|slp|[from] move: Spore
|
|-heal|p1b: Amoonguss|72/100 par|[from] Grassy Terrain
|upkeep
|turn|21
|
|t:|1756215907
|move|p1b: Amoonguss|Rage Powder|p1b: Amoonguss
|-singleturn|p1b: Amoonguss|move: Rage Powder
|move|p1a: Dragonite|Haze|p1a: Dragonite
|-clearallboost
|cant|p2b: Grimmsnarl|slp
|
|-heal|p1b: Amoonguss|78/100 par|[from] Grassy Terrain
|-fieldend|move: Grassy Terrain
|upkeep
|turn|22
|
|t:|1756215912
|move|p1a: Dragonite|Scale Shot|p2b: Grimmsnarl
|-immune|p2b: Grimmsnarl
|-curestatus|p2b: Grimmsnarl|slp|[msg]
|move|p2b: Grimmsnarl|Spirit Break|p1b: Amoonguss
|-resisted|p1b: Amoonguss
|-damage|p1b: Amoonguss|64/100 par
|-unboost|p1b: Amoonguss|spa|1
|move|p1b: Amoonguss|Pollen Puff|p2b: Grimmsnarl
|-damage|p2b: Grimmsnarl|93/100
|
|upkeep
|turn|23
|
|t:|1756215923
|move|p1a: Dragonite|Haze|p1a: Dragonite
|-clearallboost
|move|p2b: Grimmsnarl|Spirit Break|p1b: Amoonguss
|-resisted|p1b: Amoonguss
|-damage|p1b: Amoonguss|50/100 par
|-unboost|p1b: Amoonguss|spa|1
|-enditem|p1b: Amoonguss|Sitrus Berry|[eat]
|-heal|p1b: Amoonguss|75/100 par|[from] item: Sitrus Berry
|move|p1b: Amoonguss|Spore|p2b: Grimmsnarl
|-status|p2b: Grimmsnarl|slp|[from] move: Spore
|
|-sideend|p1: chefbenboyrd|move: Tailwind
|upkeep
|turn|24
|
|t:|1756215933
|move|p1a: Dragonite|Tailwind|p1a: Dragonite
|-sidestart|p1: chefbenboyrd|move: Tailwind
|cant|p2b: Grimmsnarl|slp
|move|p1b: Amoonguss|Pollen Puff|p2b: Grimmsnarl
|-damage|p2b: Grimmsnarl|85/100 slp
|
|upkeep
|turn|25
|
|t:|1756215944
|move|p1a: Dragonite|Haze|p1a: Dragonite
|-clearallboost
|cant|p2b: Grimmsnarl|slp
|move|p1b: Amoonguss|Pollen Puff|p2b: Grimmsnarl
|-damage|p2b: Grimmsnarl|73/100 slp
|
|upkeep
|turn|26
|
|t:|1756215962
|move|p1a: Dragonite|Protect|p1a: Dragonite
|-singleturn|p1a: Dragonite|Protect
|-curestatus|p2b: Grimmsnarl|slp|[msg]
|move|p2b: Grimmsnarl|Spirit Break|p1b: Amoonguss
|-resisted|p1b: Amoonguss
|-damage|p1b: Amoonguss|63/100 par
|-unboost|p1b: Amoonguss|spa|1
|move|p1b: Amoonguss|Pollen Puff|p2b: Grimmsnarl
|-damage|p2b: Grimmsnarl|66/100
|
|upkeep
|turn|27
|
|t:|1756215976
|move|p1a: Dragonite|Haze|p1a: Dragonite
|-clearallboost
|move|p2b: Grimmsnarl|Spirit Break|p1b: Amoonguss
|-resisted|p1b: Amoonguss
|-damage|p1b: Amoonguss|50/100 par
|-unboost|p1b: Amoonguss|spa|1
|cant|p1b: Amoonguss|par
|
|-sideend|p2: buf38 zorrogafas|move: Light Screen
|-sideend|p1: chefbenboyrd|move: Tailwind
|upkeep
|turn|28
|
|t:|1756215986
|move|p1a: Dragonite|Haze|p1a: Dragonite
|-clearallboost
|move|p2b: Grimmsnarl|Spirit Break|p1b: Amoonguss
|-resisted|p1b: Amoonguss
|-damage|p1b: Amoonguss|36/100 par
|-unboost|p1b: Amoonguss|spa|1
|move|p1b: Amoonguss|Pollen Puff|p2b: Grimmsnarl
|-damage|p2b: Grimmsnarl|54/100
|
|upkeep
|turn|29
|
|t:|1756215996
|move|p1a: Dragonite|Haze|p1a: Dragonite
|-clearallboost
|move|p2b: Grimmsnarl|Spirit Break|p1b: Amoonguss
|-resisted|p1b: Amoonguss
|-damage|p1b: Amoonguss|23/100 par
|-unboost|p1b: Amoonguss|spa|1
|move|p1b: Amoonguss|Spore|p2b: Grimmsnarl
|-status|p2b: Grimmsnarl|slp|[from] move: Spore
|
|upkeep
|turn|30
|
|t:|1756216007
|move|p1a: Dragonite|Haze|p1a: Dragonite
|-clearallboost
|cant|p2b: Grimmsnarl|slp
|move|p1b: Amoonguss|Pollen Puff|p2b: Grimmsnarl
|-damage|p2b: Grimmsnarl|36/100 slp
|
|upkeep
|turn|31
|
|t:|1756216017
|-curestatus|p2b: Grimmsnarl|slp|[msg]
|move|p2b: Grimmsnarl|Light Screen|p2b: Grimmsnarl
|-sidestart|p2: buf38 zorrogafas|move: Light Screen
|move|p1a: Dragonite|Tailwind|p1a: Dragonite
|-sidestart|p1: chefbenboyrd|move: Tailwind
|move|p1b: Amoonguss|Pollen Puff|p2b: Grimmsnarl
|-damage|p2b: Grimmsnarl|24/100
|
|upkeep
|turn|32
|inactive|chefbenboyrd has 30 seconds left.
|
|t:|1756216032
|move|p1a: Dragonite|Haze|p1a: Dragonite
|-clearallboost
|move|p2b: Grimmsnarl|Spirit Break|p1b: Amoonguss
|-resisted|p1b: Amoonguss
|-damage|p1b: Amoonguss|11/100 par
|-unboost|p1b: Amoonguss|spa|1
|move|p1b: Amoonguss|Spore|p2b: Grimmsnarl
|-status|p2b: Grimmsnarl|slp|[from] move: Spore
|
|upkeep
|turn|33
|inactive|chefbenboyrd has 25 seconds left this turn.
|inactive|chefbenboyrd has 20 seconds left.
|
|t:|1756216043
|move|p1a: Dragonite|Haze|p1a: Dragonite
|-clearallboost
|cant|p2b: Grimmsnarl|slp
|cant|p1b: Amoonguss|par
|
|upkeep
|turn|34
|inactive|chefbenboyrd has 20 seconds left this turn.
|inactive|chefbenboyrd has 15 seconds left.
|inactive|chefbenboyrd has 10 seconds left.
|
|t:|1756216054
|move|p1a: Dragonite|Scale Shot|p2b: Grimmsnarl
|-immune|p2b: Grimmsnarl
|cant|p2b: Grimmsnarl|slp
|cant|p1b: Amoonguss|par
|
|-sideend|p1: chefbenboyrd|move: Tailwind
|upkeep
|turn|35
|inactive|chefbenboyrd has 10 seconds left this turn.
|inactive|chefbenboyrd has 5 seconds left.
|-message|chefbenboyrd lost due to inactivity.
|
|win|buf38 zorrogafas
||chefbenboyrd is ready for game 2.
|inactive|buf38 zorrogafas has 30 seconds to confirm battle start!
