|j|☆Kao Liang
|j|☆nanahachisan
|html|Kao Liangnanahachisan    
|uhtml|bestof|Game 1 of a best-of-3
|t:|1785503202
|gametype|doubles
|player|p1|Kao Liang|kieran-champion|
|player|p2|nanahachisan|266|
|gen|9
|tier|[Gen 9 Champions] VGC 2026 Reg M-B (Bo3)
|rule|Species Clause: Limit one of each Pokémon
|rule|Item Clause: Limit 1 of each item
|clearpoke
|poke|p1|Swampert, L50, F|
|poke|p1|Archaludon, L50, F, shiny|
|poke|p1|Politoed, L50, M, shiny|
|poke|p1|Vivillon-Marine, L50, F|
|poke|p1|Incineroar, L50, M|
|poke|p1|Gengar, L50, M|
|poke|p2|Whimsicott, L50, M, shiny|
|poke|p2|Glimmora, L50, F|
|poke|p2|Delphox, L50, F|
|poke|p2|Garchomp, L50, M|
|poke|p2|Kingambit, L50, F|
|poke|p2|Staraptor, L50, M|
|teampreview|4
|showteam|p1|Swampert||Swampertite|Torrent|Protect,WaveCrash,Earthquake,IcePunch|Adamant||F|||50|]Archaludon||Leftovers|Stamina|Protect,ElectroShot,FlashCannon,DragonPulse|Bold||F|||50|]Politoed||SitrusBerry|Drizzle|Protect,WeatherBall,Encore,PerishSong|Calm||M|||50|]Vivillon-Marine||FocusSash|CompoundEyes|Protect,SleepPowder,RagePowder,Hurricane|Timid||F|||50|]Incineroar||PasshoBerry|Intimidate|Protect,PartingShot,FakeOut,ThroatChop|Impish||M|||50|]Gengar||Gengarite|CursedBody|Protect,ShadowBall,SludgeBomb,PerishSong|Modest||M|||50|
|showteam|p2|Whimsicott||OccaBerry|Prankster|Moonblast,Charm,Tailwind,LightScreen|Timid||M|||50|]Glimmora||FocusSash|ToxicDebris|SludgeBomb,PowerGem,EarthPower,SpikyShield|Modest||F|||50|]Delphox||Delphoxite|Blaze|HeatWave,Psychic,Substitute,Protect|Timid||F|||50|]Garchomp||ChoiceScarf|RoughSkin|Earthquake,DragonClaw,RockSlide,StompingTantrum|Adamant||M|||50|]Kingambit||ChopleBerry|Defiant|IronHead,KowtowCleave,SuckerPunch,LowKick|Adamant||F|||50|]Staraptor||Staraptite|Intimidate|BraveBird,CloseCombat,Roost,Protect|Jolly||M|||50|
|inactive|Battle timer is ON: inactive players will automatically lose when time's up. (requested by Kao Liang)
|j| goodryan2630
|inactive|Kao Liang has 60 seconds left.
|inactive|nanahachisan has 60 seconds left.
|inactive|nanahachisan has 30 seconds left.
|
|t:|1785503270
|teamsize|p1|4
|teamsize|p2|4
|start
|switch|p1a: Gengar|Gengar, L50, M|100/100
|switch|p1b: Vivillon|Vivillon-Marine, L50, F|100/100
|switch|p2a: Glimmora|Glimmora, L50, F|100/100
|switch|p2b: Kingambit|Kingambit, L50, F|100/100
|turn|1
|inactive|nanahachisan has 30 seconds left.
|
|t:|1785503298
|switch|p2a: Garchomp|Garchomp, L50, M|100/100
|detailschange|p1a: Gengar|Gengar-Mega, L50, M
|-mega|p1a: Gengar|Gengar|Gengarite
|move|p1a: Gengar|Perish Song|p1a: Gengar
|-start|p1a: Gengar|perish3|[silent]
|-start|p1b: Vivillon|perish3|[silent]
|-start|p2a: Garchomp|perish3|[silent]
|-start|p2b: Kingambit|perish3|[silent]
|-fieldactivate|move: Perish Song
|move|p1b: Vivillon|Sleep Powder|p2b: Kingambit
|-status|p2b: Kingambit|slp|[from] move: Sleep Powder
|cant|p2b: Kingambit|slp
|
|-start|p2a: Garchomp|perish3
|-start|p1a: Gengar|perish3
|-start|p1b: Vivillon|perish3
|-start|p2b: Kingambit|perish3
|upkeep
|turn|2
|
|t:|1785503323
|switch|p1b: Incineroar|Incineroar, L50, M|100/100
|-ability|p1b: Incineroar|Intimidate|boost
|-unboost|p2a: Garchomp|atk|1
|-unboost|p2b: Kingambit|atk|1
|-ability|p2b: Kingambit|Defiant|boost
|-boost|p2b: Kingambit|atk|2
|move|p1a: Gengar|Protect|p1a: Gengar
|-singleturn|p1a: Gengar|Protect
|move|p2a: Garchomp|Rock Slide|p1a: Gengar|[spread] p1b
|-activate|p1a: Gengar|move: Protect
|-supereffective|p1b: Incineroar|1
|-damage|p1b: Incineroar|77/100
|cant|p2b: Kingambit|slp
|
|-start|p2a: Garchomp|perish2
|-start|p1a: Gengar|perish2
|-start|p2b: Kingambit|perish2
|upkeep
|turn|3
|
|t:|1785503347
|switch|p1a: Politoed|Politoed, L50, M, shiny|100/100
|-weather|RainDance|[from] ability: Drizzle|[of] p1a: Politoed
|move|p2a: Garchomp|Rock Slide|p1a: Politoed|[spread] p1a,p1b
|-supereffective|p1b: Incineroar|1
|-damage|p1a: Politoed|87/100
|-damage|p1b: Incineroar|56/100
|move|p1b: Incineroar|Parting Shot|p2a: Garchomp
|-unboost|p2a: Garchomp|atk|1
|-unboost|p2a: Garchomp|spa|1
|
|t:|1785503359
|switch|p1b: Gengar|Gengar-Mega, L50, M|100/100|[from] Parting Shot
|-curestatus|p2b: Kingambit|slp|[msg]
|move|p2b: Kingambit|Kowtow Cleave|p1a: Politoed
|-damage|p1a: Politoed|18/100
|-enditem|p1a: Politoed|Sitrus Berry|[eat]
|-heal|p1a: Politoed|43/100|[from] item: Sitrus Berry
|
|-weather|RainDance|[upkeep]
|-start|p2a: Garchomp|perish1
|-start|p2b: Kingambit|perish1
|upkeep
|turn|4
|
|t:|1785503378
|move|p1b: Gengar|Protect|p1b: Gengar
|-singleturn|p1b: Gengar|Protect
|move|p1a: Politoed|Protect|p1a: Politoed
|-singleturn|p1a: Politoed|Protect
|move|p2a: Garchomp|Rock Slide|p1b: Gengar|[spread] 
|-activate|p1a: Politoed|move: Protect
|-activate|p1b: Gengar|move: Protect
|move|p2b: Kingambit|Kowtow Cleave|p1b: Gengar
|-activate|p1b: Gengar|move: Protect
|
|-weather|RainDance|[upkeep]
|-start|p2a: Garchomp|perish0
|-start|p2b: Kingambit|perish0
|faint|p2a: Garchomp
|faint|p2b: Kingambit
|upkeep
|
|t:|1785503380
|switch|p2a: Glimmora|Glimmora, L50, F|100/100
|switch|p2b: Staraptor|Staraptor, L50, M|100/100
|-ability|p2b: Staraptor|Intimidate|boost
|-unboost|p1a: Politoed|atk|1
|-unboost|p1b: Gengar|atk|1
|turn|5
|inactive|nanahachisan has 30 seconds left.
|
|t:|1785503412
|switch|p1a: Incineroar|Incineroar, L50, M|56/100
|-ability|p1a: Incineroar|Intimidate|boost
|-unboost|p2a: Glimmora|atk|1
|-unboost|p2b: Staraptor|atk|1
|detailschange|p2b: Staraptor|Staraptor-Mega, L50, M
|-mega|p2b: Staraptor|Staraptor|Staraptite
|move|p2b: Staraptor|Brave Bird|p1a: Incineroar
|-damage|p1a: Incineroar|26/100
|-damage|p2b: Staraptor|89/100|[from] Recoil
|move|p1b: Gengar|Perish Song|p1b: Gengar
|-start|p1a: Incineroar|perish3|[silent]
|-start|p1b: Gengar|perish3|[silent]
|-start|p2a: Glimmora|perish3|[silent]
|-start|p2b: Staraptor|perish3|[silent]
|-fieldactivate|move: Perish Song
|move|p2a: Glimmora|Earth Power|p1b: Gengar
|-supereffective|p1b: Gengar|1
|-damage|p1b: Gengar|39/100
|
|-weather|RainDance|[upkeep]
|-start|p2b: Staraptor|perish3
|-start|p1b: Gengar|perish3
|-start|p2a: Glimmora|perish3
|-start|p1a: Incineroar|perish3
|upkeep
|turn|6
|c|☆Kao Liang|gg
|inactive|nanahachisan has 30 seconds left.
|-message|nanahachisan forfeited.
|
|win|Kao Liang
|l|☆nanahachisan
|player|p2|
||nanahachisan is ready for game 2.
||Kao Liang is ready for game 2.
|uhtml|next|Next: Game 2 of 3
|j| Kuei0202
|l| Kuei0202
|l| goodryan2630
|l|☆Kao Liang
|player|p1|
|j|☆Kao Liang
|player|p1|Kao Liang|kieran-champion|
|l|☆Kao Liang
|player|p1|
|j|☆Kao Liang
|player|p1|Kao Liang|kieran-champion|
|n|☆Kao Liang|kaoliang
