|j|☆mango-io-m4
|j|☆lettitripppp
|html|mango-io-m4lettitripppp    
|uhtml|bestof|Game 2 of a best-of-3
|t:|1784758565
|gametype|doubles
|player|p1|mango-io-m4|linebacker|1180
|player|p2|lettitripppp|lucas|1222
|gen|9
|tier|[Gen 9 Champions] VGC 2026 Reg M-B (Bo3)
|rated|
|rule|Species Clause: Limit one of each Pokémon
|rule|Item Clause: Limit 1 of each item
|clearpoke
|poke|p1|Swampert, L50, M|
|poke|p1|Pelipper, L50, F|
|poke|p1|Incineroar, L50, M|
|poke|p1|Archaludon, L50, F|
|poke|p1|Grimmsnarl, L50, M|
|poke|p1|Sinistcha-Masterpiece, L50|
|poke|p2|Charizard, L50, F, shiny|
|poke|p2|Basculegion, L50, M, shiny|
|poke|p2|Pelipper, L50, M|
|poke|p2|Venusaur, L50, F|
|poke|p2|Archaludon, L50, F|
|poke|p2|Grimmsnarl, L50, M, shiny|
|teampreview|4
|showteam|p1|Swampert||Swampertite|Torrent|WaveCrash,IcePunch,HighHorsepower,Protect|Adamant||M|||50|]Pelipper||ExpertBelt|Drizzle|Tailwind,Hurricane,WeatherBall,Protect|Bold||F|||50|]Incineroar||PasshoBerry|Intimidate|FakeOut,PartingShot,Snarl,BurningJealousy|Calm||M|||50|]Archaludon||Leftovers|Stamina|ElectroShot,FlashCannon,Protect,DracoMeteor|Calm||F|||50|]Grimmsnarl||LightClay|Prankster|FakeOut,SpiritBreak,LightScreen,Reflect|Careful||M|||50|]Sinistcha-Masterpiece||SitrusBerry|Hospitality|MatchaGotcha,RagePowder,StrengthSap,Protect|Bold|||||50|
|showteam|p2|Charizard||CharizarditeY|Blaze|WeatherBall,SolarBeam,HeatWave,Protect|Modest||F|||50|]Basculegion||ChoiceScarf|Adaptability|LastRespects,WaveCrash,FlipTurn,AquaJet|Jolly||M|||50|]Pelipper||SitrusBerry|Drizzle|WeatherBall,WideGuard,Hurricane,Tailwind|Modest||M|||50|]Venusaur||FocusSash|Chlorophyll|SleepPowder,SludgeBomb,EarthPower,Protect|Modest||F|||50|]Archaludon||Leftovers|Stamina|FlashCannon,DragonPulse,ElectroShot,Protect|Calm||F|||50|]Grimmsnarl||LightClay|Prankster|PartingShot,LightScreen,SpiritBreak,Reflect|Relaxed||M|||50|
|inactive|Battle timer is ON: inactive players will automatically lose when time's up. (requested by lettitripppp)
|
|t:|1784758594
|teamsize|p1|4
|teamsize|p2|4
|start
|switch|p1a: Swampert|Swampert, L50, M|100/100
|switch|p1b: Incineroar|Incineroar, L50, M|100/100
|switch|p2a: SOFT-SLEEP|Venusaur, L50, F|100/100
|switch|p2b: GO JOHAN|Grimmsnarl, L50, M, shiny|100/100
|-ability|p1b: Incineroar|Intimidate|boost
|-unboost|p2a: SOFT-SLEEP|atk|1
|-unboost|p2b: GO JOHAN|atk|1
|turn|1
|
|t:|1784758610
|detailschange|p1a: Swampert|Swampert-Mega, L50, M
|-mega|p1a: Swampert|Swampert|Swampertite
|move|p1b: Incineroar|Fake Out|p2a: SOFT-SLEEP
|-damage|p2a: SOFT-SLEEP|87/100
|move|p2b: GO JOHAN|Reflect|p2b: GO JOHAN
|-sidestart|p2: lettitripppp|Reflect
|cant|p2a: SOFT-SLEEP|flinch
|move|p1a: Swampert|Ice Punch|p2a: SOFT-SLEEP
|-supereffective|p2a: SOFT-SLEEP|1
|-damage|p2a: SOFT-SLEEP|33/100
|
|upkeep
|turn|2
|inactive|mango-io-m4 has 30 seconds left.
|
|t:|1784758637
|switch|p1b: Pelipper|Pelipper, L50, F|100/100
|-weather|RainDance|[from] ability: Drizzle|[of] p1b: Pelipper
|move|p2b: GO JOHAN|Light Screen|p2b: GO JOHAN
|-sidestart|p2: lettitripppp|move: Light Screen
|move|p1a: Swampert|Ice Punch|p2a: SOFT-SLEEP
|-supereffective|p2a: SOFT-SLEEP|1
|-damage|p2a: SOFT-SLEEP|0 fnt
|faint|p2a: SOFT-SLEEP
|
|-weather|RainDance|[upkeep]
|upkeep
|
|t:|1784758647
|switch|p2a: AGNI|Charizard, L50, F, shiny|100/100
|turn|3
|
|t:|1784758659
|switch|p1b: Incineroar|Incineroar, L50, M|100/100
|-ability|p1b: Incineroar|Intimidate|boost
|-unboost|p2a: AGNI|atk|1
|-unboost|p2b: GO JOHAN|atk|1
|detailschange|p2a: AGNI|Charizard-Mega-Y, L50, F, shiny
|-mega|p2a: AGNI|Charizard|Charizardite Y
|-weather|SunnyDay|[from] ability: Drought|[of] p2a: AGNI
|move|p1a: Swampert|Protect|p1a: Swampert
|-singleturn|p1a: Swampert|Protect
|move|p2b: GO JOHAN|Parting Shot|p1b: Incineroar
|-hint|Since gen 7, Dark is immune to Prankster moves.
|-immune|p1b: Incineroar
|move|p2a: AGNI|Solar Beam||[still]
|-prepare|p2a: AGNI|Solar Beam
|-anim|p2a: AGNI|Solar Beam|p1b: Incineroar
|-resisted|p1b: Incineroar|1
|-damage|p1b: Incineroar|81/100
|
|-weather|SunnyDay|[upkeep]
|upkeep
|turn|4
|inactive|mango-io-m4 has 30 seconds left.
|inactive|mango-io-m4 has 20 seconds left.
|inactive|mango-io-m4 has 15 seconds left.
|inactive|mango-io-m4 has 10 seconds left.
|
|t:|1784758709
|switch|p2a: GHOSTWAVE|Basculegion, L50, M, shiny|100/100
|move|p1b: Incineroar|Fake Out|p2a: GHOSTWAVE
|-immune|p2a: GHOSTWAVE
|move|p2b: GO JOHAN|Parting Shot|p1a: Swampert
|-unboost|p1a: Swampert|atk|1
|-unboost|p1a: Swampert|spa|1
|
|t:|1784758717
|switch|p2b: AGNI|Charizard-Mega-Y, L50, F, shiny|100/100|[from] Parting Shot
|move|p1a: Swampert|High Horsepower|p2b: AGNI
|-immune|p2b: AGNI
|
|-weather|SunnyDay|[upkeep]
|upkeep
|turn|5
|
|t:|1784758731
|switch|p2b: GO JOHAN|Grimmsnarl, L50, M, shiny|100/100
|switch|p1b: Pelipper|Pelipper, L50, F|100/100
|-weather|RainDance|[from] ability: Drizzle|[of] p1b: Pelipper
|move|p1a: Swampert|Wave Crash|p2b: GO JOHAN
|-damage|p2b: GO JOHAN|52/100
|-damage|p1a: Swampert|82/100|[from] Recoil
|move|p2a: GHOSTWAVE|Flip Turn|p1b: Pelipper
|-resisted|p1b: Pelipper|1
|-damage|p1b: Pelipper|71/100
|
|t:|1784758742
|switch|p2a: AGNI|Charizard-Mega-Y, L50, F, shiny|100/100|[from] Flip Turn
|-weather|SunnyDay|[from] ability: Drought|[of] p2a: AGNI
|
|-weather|SunnyDay|[upkeep]
|upkeep
|turn|6
|
|t:|1784758758
|switch|p1a: Incineroar|Incineroar, L50, M|81/100
|-ability|p1a: Incineroar|Intimidate|boost
|-unboost|p2a: AGNI|atk|1
|-unboost|p2b: GO JOHAN|atk|1
|move|p2a: AGNI|Solar Beam||[still]
|-prepare|p2a: AGNI|Solar Beam
|-anim|p2a: AGNI|Solar Beam|p1b: Pelipper
|-damage|p1b: Pelipper|19/100
|move|p1b: Pelipper|Tailwind|p1b: Pelipper
|-sidestart|p1: mango-io-m4|move: Tailwind
|move|p2b: GO JOHAN|Spirit Break|p1b: Pelipper
|-damage|p1b: Pelipper|1/100
|-unboost|p1b: Pelipper|spa|1
|
|-weather|SunnyDay|[upkeep]
|upkeep
|turn|7
|
|t:|1784758781
|switch|p1b: Archaludon|Archaludon, L50, F|100/100
|move|p1a: Incineroar|Snarl|p2b: GO JOHAN|[spread] p2a,p2b
|-resisted|p2b: GO JOHAN|2
|-damage|p2a: AGNI|92/100
|-damage|p2b: GO JOHAN|50/100g
|-unboost|p2a: AGNI|spa|1
|-unboost|p2b: GO JOHAN|spa|1
|move|p2a: AGNI|Heat Wave|p1a: Incineroar|[spread] p1a,p1b
|-resisted|p1a: Incineroar|1
|-damage|p1a: Incineroar|67/100
|-damage|p1b: Archaludon|59/100
|-ability|p1b: Archaludon|Stamina|boost
|-boost|p1b: Archaludon|def|1
|move|p2b: GO JOHAN|Spirit Break|p1b: Archaludon
|-damage|p1b: Archaludon|50/100y
|-unboost|p1b: Archaludon|spa|1
|-ability|p1b: Archaludon|Stamina|boost
|-boost|p1b: Archaludon|def|1
|
|-weather|SunnyDay|[upkeep]
|-heal|p1b: Archaludon|55/100|[from] item: Leftovers
|upkeep
|turn|8
|
|t:|1784758799
|move|p2a: AGNI|Protect|p2a: AGNI
|-singleturn|p2a: AGNI|Protect
|move|p2b: GO JOHAN|Parting Shot|p1b: Archaludon
|-unboost|p1b: Archaludon|atk|1
|-unboost|p1b: Archaludon|spa|1
|
|t:|1784758805
|switch|p2b: GHOSTWAVE|Basculegion, L50, M, shiny|100/100|[from] Parting Shot
|move|p1b: Archaludon|Flash Cannon|p2b: GHOSTWAVE
|-resisted|p2b: GHOSTWAVE|1
|-damage|p2b: GHOSTWAVE|93/100
|move|p1a: Incineroar|Parting Shot|p2a: AGNI
|-activate|p2a: AGNI|move: Protect
|
|-weather|SunnyDay|[upkeep]
|-heal|p1b: Archaludon|61/100|[from] item: Leftovers
|-sideend|p2: lettitripppp|Reflect
|upkeep
|turn|9
|inactive|mango-io-m4 has 30 seconds left.
|inactive|mango-io-m4 has 20 seconds left.
|inactive|mango-io-m4 has 15 seconds left.
|
|t:|1784758849
|switch|p2a: GO JOHAN|Grimmsnarl, L50, M, shiny|50/100g
|move|p1b: Archaludon|Protect|p1b: Archaludon
|-singleturn|p1b: Archaludon|Protect
|move|p2b: GHOSTWAVE|Flip Turn|p1a: Incineroar
|-supereffective|p1a: Incineroar|1
|-enditem|p1a: Incineroar|Passho Berry|[eat]
|-enditem|p1a: Incineroar|Passho Berry|[weaken]
|-damage|p1a: Incineroar|48/100
|
|t:|1784758858
|switch|p2b: AGNI|Charizard-Mega-Y, L50, F, shiny|92/100|[from] Flip Turn
|move|p1a: Incineroar|Parting Shot|p2b: AGNI
|-unboost|p2b: AGNI|atk|1
|-unboost|p2b: AGNI|spa|1
|
|t:|1784758867
|switch|p1a: Swampert|Swampert-Mega, L50, M|82/100|[from] Parting Shot
|
|-weather|none
|-heal|p1b: Archaludon|67/100|[from] item: Leftovers
|-sideend|p2: lettitripppp|move: Light Screen
|-sideend|p1: mango-io-m4|move: Tailwind
|upkeep
|turn|10
|
|t:|1784758882
|switch|p1b: Pelipper|Pelipper, L50, F|1/100
|-weather|RainDance|[from] ability: Drizzle|[of] p1b: Pelipper
|move|p2b: AGNI|Protect|p2b: AGNI
|-singleturn|p2b: AGNI|Protect
|move|p2a: GO JOHAN|Light Screen|p2a: GO JOHAN
|-sidestart|p2: lettitripppp|move: Light Screen
|move|p1a: Swampert|Wave Crash|p2b: AGNI
|-activate|p2b: AGNI|move: Protect
|
|-weather|RainDance|[upkeep]
|upkeep
|turn|11
|
|t:|1784758899
|switch|p2b: GHOSTWAVE|Basculegion, L50, M, shiny|93/100
|move|p2a: GO JOHAN|Parting Shot|p1b: Pelipper
|-unboost|p1b: Pelipper|atk|1
|-unboost|p1b: Pelipper|spa|1
|
|t:|1784758904
|switch|p2a: AGNI|Charizard-Mega-Y, L50, F, shiny|92/100|[from] Parting Shot
|-weather|SunnyDay|[from] ability: Drought|[of] p2a: AGNI
|move|p1a: Swampert|Wave Crash|p2b: GHOSTWAVE
|-resisted|p2b: GHOSTWAVE|1
|-damage|p2b: GHOSTWAVE|71/100
|-damage|p1a: Swampert|75/100|[from] Recoil
|move|p1b: Pelipper|Tailwind|p1b: Pelipper
|-sidestart|p1: mango-io-m4|move: Tailwind
|
|-weather|SunnyDay|[upkeep]
|upkeep
|turn|12
|
|t:|1784758927
|switch|p1a: Incineroar|Incineroar, L50, M|48/100
|-ability|p1a: Incineroar|Intimidate|boost
|-unboost|p2a: AGNI|atk|1
|-unboost|p2b: GHOSTWAVE|atk|1
|move|p1b: Pelipper|Protect|p1b: Pelipper
|-singleturn|p1b: Pelipper|Protect
|move|p2b: GHOSTWAVE|Flip Turn|p1b: Pelipper
|-activate|p1b: Pelipper|move: Protect
|move|p2a: AGNI|Solar Beam||[still]
|-prepare|p2a: AGNI|Solar Beam
|-anim|p2a: AGNI|Solar Beam|p1a: Incineroar
|-resisted|p1a: Incineroar|1
|-damage|p1a: Incineroar|32/100
|
|-weather|SunnyDay|[upkeep]
|upkeep
|turn|13
|
|t:|1784758948
|switch|p1b: Archaludon|Archaludon, L50, F|67/100
|move|p2a: AGNI|Protect|p2a: AGNI
|-singleturn|p2a: AGNI|Protect
|move|p1a: Incineroar|Fake Out|p2a: AGNI
|-activate|p2a: AGNI|move: Protect
|move|p2b: GHOSTWAVE|Flip Turn|p1a: Incineroar
|-supereffective|p1a: Incineroar|1
|-damage|p1a: Incineroar|9/100
|
|t:|1784758957
|switch|p2b: GO JOHAN|Grimmsnarl, L50, M, shiny|50/100g|[from] Flip Turn
|
|-weather|SunnyDay|[upkeep]
|-heal|p1b: Archaludon|73/100|[from] item: Leftovers
|upkeep
|turn|14
|
|t:|1784758971
|switch|p1a: Pelipper|Pelipper, L50, F|1/100
|-weather|RainDance|[from] ability: Drizzle|[of] p1a: Pelipper
|switch|p2a: GHOSTWAVE|Basculegion, L50, M, shiny|71/100
|move|p2b: GO JOHAN|Parting Shot|p1b: Archaludon
|-unboost|p1b: Archaludon|atk|1
|-unboost|p1b: Archaludon|spa|1
|
|t:|1784758979
|switch|p2b: AGNI|Charizard-Mega-Y, L50, F, shiny|92/100|[from] Parting Shot
|-weather|SunnyDay|[from] ability: Drought|[of] p2b: AGNI
|move|p1b: Archaludon|Electro Shot||[still]
|-prepare|p1b: Archaludon|Electro Shot
|-boost|p1b: Archaludon|spa|1
|
|-weather|SunnyDay|[upkeep]
|-heal|p1b: Archaludon|79/100|[from] item: Leftovers
|-sideend|p1: mango-io-m4|move: Tailwind
|upkeep
|turn|15
|
|t:|1784758989
|switch|p1a: Incineroar|Incineroar, L50, M|9/100
|-ability|p1a: Incineroar|Intimidate|boost
|-unboost|p2a: GHOSTWAVE|atk|1
|-unboost|p2b: AGNI|atk|1
|move|p2a: GHOSTWAVE|Last Respects|p1b: Archaludon
|-damage|p1b: Archaludon|51/100
|-ability|p1b: Archaludon|Stamina|boost
|-boost|p1b: Archaludon|def|1
|move|p2b: AGNI|Heat Wave|p1a: Incineroar|[spread] p1a,p1b
|-resisted|p1a: Incineroar|1
|-damage|p1a: Incineroar|0 fnt
|-damage|p1b: Archaludon|0 fnt
|faint|p1a: Incineroar
|faint|p1b: Archaludon
|
|-weather|SunnyDay|[upkeep]
|upkeep
|
|t:|1784759001
|switch|p1b: Pelipper|Pelipper, L50, F|1/100
|switch|p1a: Swampert|Swampert-Mega, L50, M|75/100
|-weather|RainDance|[from] ability: Drizzle|[of] p1b: Pelipper
|turn|16
|
|t:|1784759016
|switch|p2b: GO JOHAN|Grimmsnarl, L50, M, shiny|50/100g
|move|p1a: Swampert|Wave Crash|p2b: GO JOHAN
|-damage|p2b: GO JOHAN|0 fnt
|faint|p2b: GO JOHAN
|-damage|p1a: Swampert|56/100|[from] Recoil
|move|p2a: GHOSTWAVE|Last Respects|p1b: Pelipper
|-damage|p1b: Pelipper|0 fnt
|faint|p1b: Pelipper
|
|-weather|RainDance|[upkeep]
|upkeep
|c|☆lettitripppp|gg
|
|t:|1784759028
|switch|p2b: AGNI|Charizard-Mega-Y, L50, F, shiny|92/100
|-weather|SunnyDay|[from] ability: Drought|[of] p2b: AGNI
|turn|17
|
|t:|1784759034
|move|p2a: GHOSTWAVE|Last Respects|p1a: Swampert
|-damage|p1a: Swampert|8/100
|move|p2b: AGNI|Solar Beam||[still]
|-prepare|p2b: AGNI|Solar Beam
|-anim|p2b: AGNI|Solar Beam|p1a: Swampert
|-supereffective|p1a: Swampert|2
|-damage|p1a: Swampert|0 fnt
|faint|p1a: Swampert
|
|win|lettitripppp
|raw|mango-io-m4's rating: 1180 → 1158(-22 for losing)
|raw|lettitripppp's rating: 1222 → 1244(+22 for winning)
|l|☆mango-io-m4
|player|p1|
|c|☆lettitripppp|very well played
