|j|☆littlepotato13
|j|☆arushd02
|html|littlepotato13arushd02    
|uhtml|bestof|Game 1 of a best-of-3
|t:|1783357664
|gametype|doubles
|player|p1|littlepotato13|265|1099
|player|p2|arushd02|101|1121
|gen|9
|tier|[Gen 9 Champions] VGC 2026 Reg M-B (Bo3)
|rated|
|rule|Species Clause: Limit one of each Pokémon
|rule|Item Clause: Limit 1 of each item
|clearpoke
|poke|p1|Floette-Eternal, L50, F|
|poke|p1|Whimsicott, L50, M|
|poke|p1|Incineroar, L50, M|
|poke|p1|Gholdengo, L50|
|poke|p1|Charizard, L50, F|
|poke|p1|Garchomp, L50, M|
|poke|p2|Raichu, L50, F|
|poke|p2|Aegislash, L50, M|
|poke|p2|Maushold-Four, L50|
|poke|p2|Ninetales-Alola, L50, F|
|poke|p2|Whimsicott, L50, F|
|poke|p2|Basculegion, L50, M|
|teampreview|4
|showteam|p1|Floette-Eternal||Floettite|FlowerVeil|Protect,DazzlingGleam,Moonblast,LightofRuin|Modest||F|||50|]Whimsicott||FocusSash|Prankster|Protect,Tailwind,Encore,Moonblast|Timid||M|||50|]Incineroar||SitrusBerry|Intimidate|FakeOut,PartingShot,HelpingHand,FlareBlitz|Careful||M|||50|]Gholdengo||Leftovers|GoodasGold|Protect,NastyPlot,ShadowBall,MakeItRain|Modest|||||50|]Charizard||CharizarditeY|Blaze|Protect,SolarBeam,WeatherBall,HeatWave|Modest||F|||50|]Garchomp||RoseliBerry|RoughSkin|Protect,RockSlide,DragonClaw,Earthquake|Adamant||M|||50|
|showteam|p2|Raichu||RaichuniteY|LightningRod|ZapCannon,AlluringVoice,FakeOut,Protect|Hasty||F|||50|]Aegislash||ShucaBerry|StanceChange|KingsShield,WideGuard,ShadowBall,ShadowSneak|Sassy||M|||50|]Maushold-Four||FocusSash|FriendGuard|FollowMe,Encore,Protect,SuperFang|Timid|||||50|]Ninetales-Alola||LightClay|SnowWarning|AuroraVeil,Blizzard,Protect,DazzlingGleam|Timid||F|||50|]Whimsicott||MentalHerb|Prankster|Tailwind,Taunt,Encore,Protect|Bold||F|||50|]Basculegion||ChoiceScarf|Adaptability|WaveCrash,AquaJet,FlipTurn,LastRespects|Jolly||M|||50|
|inactive|Battle timer is ON: inactive players will automatically lose when time's up. (requested by littlepotato13)
|inactive|arushd02 has 60 seconds left.
|
|t:|1783357719
|teamsize|p1|4
|teamsize|p2|4
|start
|switch|p1a: Whimsicott|Whimsicott, L50, M|100/100
|switch|p1b: Charizard|Charizard, L50, F|100/100
|switch|p2a: Raichu|Raichu, L50, F|100/100
|switch|p2b: Basculegion|Basculegion, L50, M|100/100
|turn|1
|
|t:|1783357744
|detailschange|p2a: Raichu|Raichu-Mega-Y, L50, F
|-mega|p2a: Raichu|Raichu|Raichunite Y
|move|p1a: Whimsicott|Protect|p1a: Whimsicott
|-singleturn|p1a: Whimsicott|Protect
|move|p1b: Charizard|Protect|p1b: Charizard
|-singleturn|p1b: Charizard|Protect
|move|p2a: Raichu|Fake Out|p1a: Whimsicott
|-activate|p1a: Whimsicott|move: Protect
|move|p2b: Basculegion|Flip Turn|p1b: Charizard
|-activate|p1b: Charizard|move: Protect
|
|upkeep
|turn|2
|
|t:|1783357760
|detailschange|p1b: Charizard|Charizard-Mega-Y, L50, F
|-mega|p1b: Charizard|Charizard|Charizardite Y
|-weather|SunnyDay|[from] ability: Drought|[of] p1b: Charizard
|move|p2a: Raichu|Protect|p2a: Raichu
|-singleturn|p2a: Raichu|Protect
|move|p1a: Whimsicott|Encore|p2a: Raichu
|-activate|p2a: Raichu|move: Protect
|move|p2b: Basculegion|Flip Turn|p1b: Charizard
|-supereffective|p1b: Charizard|1
|-damage|p1b: Charizard|56/100
|
|t:|1783357769
|switch|p2b: Ninetales|Ninetales-Alola, L50, F|100/100|[from] Flip Turn
|-weather|Snowscape|[from] ability: Snow Warning|[of] p2b: Ninetales
|move|p1b: Charizard|Heat Wave|p2a: Raichu|[spread] p2b
|-activate|p2a: Raichu|move: Protect
|-supereffective|p2b: Ninetales|1
|-damage|p2b: Ninetales|0 fnt
|faint|p2b: Ninetales
|
|-weather|Snowscape|[upkeep]
|upkeep
|
|t:|1783357782
|switch|p2b: Basculegion|Basculegion, L50, M|100/100
|turn|3
|
|t:|1783357798
|switch|p2a: Aegislash|Aegislash, L50, M|100/100
|switch|p1b: Incineroar|Incineroar, L50, M|100/100
|-ability|p1b: Incineroar|Intimidate|boost
|-unboost|p2a: Aegislash|atk|1
|-unboost|p2b: Basculegion|atk|1
|move|p1a: Whimsicott|Encore||[still]
|-fail|p1a: Whimsicott
|move|p2b: Basculegion|Wave Crash|p1b: Incineroar
|-supereffective|p1b: Incineroar|1
|-damage|p1b: Incineroar|0 fnt
|faint|p1b: Incineroar
|-damage|p2b: Basculegion|65/100|[from] Recoil
|
|-weather|Snowscape|[upkeep]
|upkeep
|inactive|littlepotato13 has 30 seconds left.
|
|t:|1783357831
|switch|p1b: Charizard|Charizard-Mega-Y, L50, F|56/100
|-weather|SunnyDay|[from] ability: Drought|[of] p1b: Charizard
|turn|4
|inactive|arushd02 has 30 seconds left.
|
|t:|1783357857
|move|p1a: Whimsicott|Tailwind|p1a: Whimsicott
|-sidestart|p1: littlepotato13|move: Tailwind
|move|p1b: Charizard|Solar Beam||[still]
|-prepare|p1b: Charizard|Solar Beam
|-anim|p1b: Charizard|Solar Beam|p2b: Basculegion
|-supereffective|p2b: Basculegion|1
|-damage|p2b: Basculegion|0 fnt
|faint|p2b: Basculegion
|-formechange|p2a: Aegislash|Aegislash-Blade|
|move|p2a: Aegislash|Shadow Ball|p1b: Charizard
|-crit|p1b: Charizard
|-damage|p1b: Charizard|1/100
|
|-weather|SunnyDay|[upkeep]
|upkeep
|
|t:|1783357868
|switch|p2b: Raichu|Raichu-Mega-Y, L50, F|100/100
|turn|5
|
|t:|1783357888
|move|p1a: Whimsicott|Protect|p1a: Whimsicott
|-singleturn|p1a: Whimsicott|Protect
|move|p2b: Raichu|Fake Out|p1a: Whimsicott
|-activate|p1a: Whimsicott|move: Protect
|move|p2a: Aegislash|Shadow Sneak|p1b: Charizard
|-damage|p1b: Charizard|0 fnt
|faint|p1b: Charizard
|
|-weather|SunnyDay|[upkeep]
|upkeep
|
|t:|1783357896
|switch|p1b: Garchomp|Garchomp, L50, M|100/100
|turn|6
|
|t:|1783357912
|move|p2a: Aegislash|Wide Guard|p2a: Aegislash
|-singleturn|p2a: Aegislash|Wide Guard
|move|p1a: Whimsicott|Encore|p2a: Aegislash
|-start|p2a: Aegislash|Encore
|move|p1b: Garchomp|Earthquake|p2b: Raichu|[spread] p1a
|-activate|p2a: Aegislash|move: Wide Guard
|-activate|p2b: Raichu|move: Wide Guard
|-resisted|p1a: Whimsicott|1
|-damage|p1a: Whimsicott|71/100
|move|p2b: Raichu|Alluring Voice|p1b: Garchomp
|-supereffective|p1b: Garchomp|1
|-enditem|p1b: Garchomp|Roseli Berry|[eat]
|-enditem|p1b: Garchomp|Roseli Berry|[weaken]
|-damage|p1b: Garchomp|65/100
|
|-weather|SunnyDay|[upkeep]
|upkeep
|turn|7
|
|t:|1783357929
|move|p2a: Aegislash|Wide Guard|p2a: Aegislash
|-singleturn|p2a: Aegislash|Wide Guard
|move|p1a: Whimsicott|Moonblast|p2b: Raichu
|-damage|p2b: Raichu|46/100
|move|p1b: Garchomp|Dragon Claw|p2b: Raichu
|-damage|p2b: Raichu|0 fnt
|faint|p2b: Raichu
|
|-weather|SunnyDay|[upkeep]
|-sideend|p1: littlepotato13|move: Tailwind
|upkeep
|turn|8
|-message|arushd02 forfeited.
|
|win|littlepotato13
|l|☆arushd02
|player|p2|
||littlepotato13 is ready for game 2.
||arushd02 is ready for game 2.
|uhtml|next|Next: Game 2 of 3
