|j|☆NewTrainaOnDaBlock
|j|☆applejuice1738
|html|NewTrainaOnDaBlockapplejuice1738    
|uhtml|bestof|Game 1 of a best-of-3
|t:|1785034697
|gametype|doubles
|player|p1|NewTrainaOnDaBlock|170|
|player|p2|applejuice1738|1|
|gen|9
|tier|[Gen 9 Champions] VGC 2026 Reg M-B (Bo3)
|rule|Species Clause: Limit one of each Pokémon
|rule|Item Clause: Limit 1 of each item
|clearpoke
|poke|p1|Pelipper, L50, F|
|poke|p1|Swampert, L50, M|
|poke|p1|Heracross, L50, F|
|poke|p1|Meowstic, L50, M|
|poke|p1|Sneasler, L50, F|
|poke|p1|Florges, L50, F|
|poke|p2|Torterra, L50, M|
|poke|p2|Gardevoir, L50, F, shiny|
|poke|p2|Annihilape, L50, M|
|poke|p2|Runerigus, L50, M, shiny|
|poke|p2|Rotom-Heat, L50, shiny|
|poke|p2|Metagross, L50, shiny|
|teampreview|4
|showteam|p1|Pelipper||SitrusBerry|Drizzle|Hurricane,WideGuard,Tailwind,Protect|Modest||F|||50|]Swampert||Swampertite|Torrent|WaveCrash,IcePunch,Protect,Earthquake|Adamant||M|||50|]Heracross||Heracronite|Guts|Detect,BrickBreak,RockBlast,PinMissile|Adamant||F|||50|]Meowstic||LightClay|Prankster|LightScreen,Reflect,FakeOut,DarkPulse|Calm||M|||50|]Sneasler||FocusSash|PoisonTouch|DireClaw,Protect,CloseCombat,ThroatChop|Jolly||F|||50|]Florges||Leftovers|FlowerVeil|PollenPuff,Protect,DazzlingGleam,PsychicNoise|Calm||F|||50|
|showteam|p2|Torterra||YacheBerry|Overgrow|SolarBeam,WoodHammer,Earthquake,Protect|Adamant||M|||50|]Gardevoir||Gardevoirite|Telepathy|Thunderbolt,HyperVoice,Protect,CalmMind|Modest||F|||50|]Annihilape||LifeOrb|InnerFocus|RageFist,BulkUp,Protect,Endeavor|Jolly||M|||50|]Runerigus||Leftovers|WanderingSpirit|WillOWisp,Taunt,GigaDrain,Protect|Sassy||M|||50|]Rotom-Heat||FocusSash|Levitate|Overheat,Discharge,SunnyDay,Protect|Timid|||||50|]Metagross||Metagrossite|ClearBody|Agility,Protect,PsychicFangs,ThunderPunch|Jolly|||||50|
|
|t:|1785034815
|teamsize|p1|4
|teamsize|p2|4
|start
|switch|p1a: Sunami|Pelipper, L50, F|100/100
|switch|p1b: Paleface|Meowstic, L50, M|100/100
|switch|p2a: AURA|Metagross, L50, shiny|100/100
|switch|p2b: HOT BOX|Rotom-Heat, L50, shiny|100/100
|-weather|RainDance|[from] ability: Drizzle|[of] p1a: Sunami
|turn|1
|j| SlobCat47
|
|t:|1785034911
|detailschange|p2a: AURA|Metagross-Mega, L50, shiny
|-mega|p2a: AURA|Metagross|Metagrossite
|move|p1a: Sunami|Protect|p1a: Sunami
|-singleturn|p1a: Sunami|Protect
|move|p1b: Paleface|Fake Out|p2a: AURA
|-resisted|p2a: AURA|1
|-damage|p2a: AURA|98/100
|cant|p2a: AURA|flinch
|move|p2b: HOT BOX|Sunny Day|p2b: HOT BOX
|-weather|SunnyDay
|
|-weather|SunnyDay|[upkeep]
|upkeep
|turn|2
|
|t:|1785034936
|switch|p1a: Kublai Khan TX|Swampert, L50, M|100/100
|move|p1b: Paleface|Reflect|p1b: Paleface
|-sidestart|p1: NewTrainaOnDaBlock|Reflect
|move|p2a: AURA|Agility|p2a: AURA
|-boost|p2a: AURA|spe|2
|move|p2b: HOT BOX|Discharge|p1b: Paleface|[spread] p2a,p1b
|-immune|p1a: Kublai Khan TX
|-damage|p2a: AURA|69/100
|-damage|p1b: Paleface|71/100
|
|-weather|SunnyDay|[upkeep]
|upkeep
|turn|3
|
|t:|1785035014
|switch|p2b: GOAT|Torterra, L50, M|100/100
|switch|p1b: Sunami|Pelipper, L50, F|100/100
|-weather|RainDance|[from] ability: Drizzle|[of] p1b: Sunami
|detailschange|p1a: Kublai Khan TX|Swampert-Mega, L50, M
|-mega|p1a: Kublai Khan TX|Swampert|Swampertite
|move|p2a: AURA|Protect|p2a: AURA
|-singleturn|p2a: AURA|Protect
|move|p1a: Kublai Khan TX|Earthquake|p2b: GOAT|[spread] p2b
|-activate|p2a: AURA|move: Protect
|-immune|p1b: Sunami
|-resisted|p2b: GOAT|1
|-damage|p2b: GOAT|80/100
|
|-weather|RainDance|[upkeep]
|upkeep
|turn|4
|
|t:|1785035041
|move|p2a: AURA|Psychic Fangs|p1a: Kublai Khan TX
|-sideend|p1: NewTrainaOnDaBlock|Reflect
|-damage|p1a: Kublai Khan TX|54/100
|move|p1a: Kublai Khan TX|Earthquake|p2b: GOAT|[spread] p2a,p2b
|-immune|p1b: Sunami
|-supereffective|p2a: AURA|1
|-resisted|p2b: GOAT|1
|-crit|p2b: GOAT
|-damage|p2a: AURA|0 fnt
|-damage|p2b: GOAT|54/100
|faint|p2a: AURA
|move|p1b: Sunami|Hurricane|p2b: GOAT
|-supereffective|p2b: GOAT|1
|-damage|p2b: GOAT|0 fnt
|faint|p2b: GOAT
|
|-weather|RainDance|[upkeep]
|upkeep
|
|t:|1785035059
|switch|p2a: GREG|Annihilape, L50, M|100/100
|switch|p2b: HOT BOX|Rotom-Heat, L50, shiny|100/100
|turn|5
|
|t:|1785035095
|move|p2a: GREG|Protect|p2a: GREG
|-singleturn|p2a: GREG|Protect
|move|p1a: Kublai Khan TX|Wave Crash|p2b: HOT BOX
|-supereffective|p2b: HOT BOX|1
|-enditem|p2b: HOT BOX|Focus Sash
|-damage|p2b: HOT BOX|1/100
|-damage|p1a: Kublai Khan TX|34/100|[from] Recoil
|move|p2b: HOT BOX|Discharge|p1b: Sunami|[spread] p1b
|-activate|p2a: GREG|move: Protect
|-immune|p1a: Kublai Khan TX
|-supereffective|p1b: Sunami|2
|-damage|p1b: Sunami|0 fnt
|faint|p1b: Sunami
|
|-weather|RainDance|[upkeep]
|upkeep
|
|t:|1785035132
|switch|p1b: SouthPaw FLHC|Sneasler, L50, F|100/100
|turn|6
|
|t:|1785035152
|move|p1b: SouthPaw FLHC|Protect|p1b: SouthPaw FLHC
|-singleturn|p1b: SouthPaw FLHC|Protect
|move|p2b: HOT BOX|Protect|p2b: HOT BOX
|-singleturn|p2b: HOT BOX|Protect
|move|p1a: Kublai Khan TX|Wave Crash|p2a: GREG
|-damage|p2a: GREG|0 fnt
|faint|p2a: GREG
|-damage|p1a: Kublai Khan TX|4/100|[from] Recoil
|
|-weather|RainDance|[upkeep]
|upkeep
|turn|7
|
|t:|1785035169
|move|p1a: Kublai Khan TX|Ice Punch|p2b: HOT BOX
|-resisted|p2b: HOT BOX|1
|-crit|p2b: HOT BOX
|-damage|p2b: HOT BOX|0 fnt
|faint|p2b: HOT BOX
|
|win|NewTrainaOnDaBlock
|inactive|NewTrainaOnDaBlock has 30 seconds to confirm battle start!
|inactive|applejuice1738 has 30 seconds to confirm battle start!
