|j|☆defaulttesting
|j|☆dambro222
|html|defaulttestingdambro222    
|uhtml|bestof|Game 2 of a best-of-3
|t:|1757066053
|gametype|doubles
|player|p1|defaulttesting|plasmagrunt-gen5bw|1138
|player|p2|dambro222|ethan|1252
|gen|9
|tier|[Gen 9] VGC 2025 Reg H (Bo3)
|rated|
|rule|Species Clause: Limit one of each Pokémon
|rule|Item Clause: Limit 1 of each item
|clearpoke
|poke|p1|Volcarona, L50, M|
|poke|p1|Raichu, L50, M|
|poke|p1|Gyarados, L50, F|
|poke|p1|Tyranitar, L50, F|
|poke|p1|Amoonguss, L50, M|
|poke|p1|Excadrill, L50, F|
|poke|p2|Dragonite, L50, M|
|poke|p2|Volcarona, L50, F|
|poke|p2|Sneasler, L50, M|
|poke|p2|Rillaboom, L50, M|
|poke|p2|Electabuzz, L50, M|
|poke|p2|Kingambit, L50, M|
|teampreview|4
|showteam|p1|Volcarona||SitrusBerry|FlameBody|QuiverDance,FieryDance,GigaDrain,Protect|||M|||50|,,,,,Grass]Raichu||AssaultVest|LightningRod|VoltSwitch,Endeavor,FakeOut,Nuzzle|||M|||50|,,,,,Ghost]Gyarados||SafetyGoggles|Intimidate|ThunderWave,Waterfall,Taunt,Protect|||F|||50|,,,,,Ghost]Tyranitar||ClearAmulet|SandStream|RockSlide,TeraBlast,KnockOff,Protect|||F|||50|,,,,,Flying]Amoonguss||RockyHelmet|Regenerator|RagePowder,PollenPuff,Spore,Protect|||M|||50|,,,,,Fire]Excadrill||LifeOrb|SandRush|HighHorsepower,Earthquake,IronHead,Protect|||F|||50|,,,,,Ground
|showteam|p2|Dragonite||LoadedDice|Multiscale|ScaleShot,ExtremeSpeed,Haze,Protect|||M|||50|,,,,,Fairy]Volcarona||CovertCloak|FlameBody|HeatWave,TeraBlast,QuiverDance,Protect|||F|||50|,,,,,Fairy]Sneasler||FocusSash|Unburden|CloseCombat,DireClaw,RockSlide,Protect|||M|||50|,,,,,Stellar]Rillaboom||AssaultVest|GrassySurge|WoodHammer,GrassyGlide,HighHorsepower,FakeOut|||M|||50|,,,,,Water]Electabuzz||Eviolite|VitalSpirit|Electroweb,FollowMe,Taunt,Protect|||M|||50|,,,,,Ghost]Kingambit||BlackGlasses|Defiant|KowtowCleave,SuckerPunch,SwordsDance,Protect|||M|||50|,,,,,Dark
|inactive|Battle timer is ON: inactive players will automatically lose when time's up. (requested by dambro222)
|inactive|defaulttesting also wants the timer to be on.
|inactive|dambro222 has 60 seconds left.
|
|t:|1757066099
|teamsize|p1|4
|teamsize|p2|4
|start
|switch|p1a: Raichu|Raichu, L50, M|100/100
|switch|p1b: Tyranitar|Tyranitar, L50, F|100/100
|switch|p2a: Kingambit|Kingambit, L50, M, shiny|100/100
|switch|p2b: Electabuzz|Electabuzz, L50, M|100/100
|-weather|Sandstorm|[from] ability: Sand Stream|[of] p1b: Tyranitar
|turn|1
|
|t:|1757066108
|move|p2b: Electabuzz|Protect|p2b: Electabuzz
|-singleturn|p2b: Electabuzz|Protect
|move|p2a: Kingambit|Protect|p2a: Kingambit
|-singleturn|p2a: Kingambit|Protect
|move|p1a: Raichu|Fake Out|p2a: Kingambit
|-activate|p2a: Kingambit|move: Protect
|move|p1b: Tyranitar|Knock Off|p2b: Electabuzz
|-activate|p2b: Electabuzz|move: Protect
|
|-weather|Sandstorm|[upkeep]
|-damage|p1a: Raichu|95/100|[from] Sandstorm
|-damage|p2b: Electabuzz|95/100|[from] Sandstorm
|upkeep
|turn|2
|
|t:|1757066127
|move|p2b: Electabuzz|Follow Me|p2b: Electabuzz
|-singleturn|p2b: Electabuzz|move: Follow Me
|move|p1a: Raichu|Volt Switch|p2b: Electabuzz
|-resisted|p2b: Electabuzz
|-damage|p2b: Electabuzz|86/100
|
|t:|1757066133
|switch|p1a: Volcarona|Volcarona, L50, M|100/100|[from] Volt Switch
|move|p1b: Tyranitar|Knock Off|p2b: Electabuzz
|-damage|p2b: Electabuzz|41/100
|-enditem|p2b: Electabuzz|Eviolite|[from] move: Knock Off|[of] p1b: Tyranitar
|move|p2a: Kingambit|Swords Dance|p2a: Kingambit
|-boost|p2a: Kingambit|atk|2
|
|-weather|Sandstorm|[upkeep]
|-damage|p1a: Volcarona|94/100|[from] Sandstorm
|-damage|p2b: Electabuzz|36/100|[from] Sandstorm
|upkeep
|turn|3
|inactive|dambro222 has 30 seconds left.
|inactive|defaulttesting has 30 seconds left.
|inactive|dambro222 has 20 seconds left.
|inactive|defaulttesting has 20 seconds left.
|inactive|defaulttesting has 15 seconds left.
|inactive|dambro222 has 15 seconds left.
|
|t:|1757066180
|move|p1a: Volcarona|Protect|p1a: Volcarona
|-singleturn|p1a: Volcarona|Protect
|move|p2a: Kingambit|Protect|p2a: Kingambit
|-singleturn|p2a: Kingambit|Protect
|move|p2b: Electabuzz|Taunt|p1a: Volcarona
|-activate|p1a: Volcarona|move: Protect
|move|p1b: Tyranitar|Rock Slide|p2b: Electabuzz|[spread] p2b
|-activate|p2a: Kingambit|move: Protect
|-damage|p2b: Electabuzz|2/100
|
|-weather|Sandstorm|[upkeep]
|-damage|p1a: Volcarona|88/100|[from] Sandstorm
|-damage|p2b: Electabuzz|0 fnt|[from] Sandstorm
|faint|p2b: Electabuzz
|upkeep
|inactive|dambro222 has 30 seconds left.
|
|t:|1757066207
|switch|p2b: Rillaboom|Rillaboom, L50, M|100/100
|-fieldstart|move: Grassy Terrain|[from] ability: Grassy Surge|[of] p2b: Rillaboom
|turn|4
|
|t:|1757066216
|switch|p1a: Raichu|Raichu, L50, M|95/100
|move|p2b: Rillaboom|Fake Out|p1a: Raichu
|-damage|p1a: Raichu|74/100
|move|p1b: Tyranitar|Knock Off|p2a: Kingambit
|-resisted|p2a: Kingambit
|-damage|p2a: Kingambit|81/100
|-enditem|p2a: Kingambit|Black Glasses|[from] move: Knock Off|[of] p1b: Tyranitar
|move|p2a: Kingambit|Kowtow Cleave|p1a: Raichu
|-damage|p1a: Raichu|0 fnt
|faint|p1a: Raichu
|
|-weather|Sandstorm|[upkeep]
|-damage|p2b: Rillaboom|94/100|[from] Sandstorm
|-heal|p2b: Rillaboom|100/100|[from] Grassy Terrain
|-heal|p2a: Kingambit|86/100|[from] Grassy Terrain
|upkeep
|
|t:|1757066229
|switch|p1a: Volcarona|Volcarona, L50, M|88/100
|turn|5
|
|t:|1757066251
|-terastallize|p2a: Kingambit|Dark
|move|p1a: Volcarona|Fiery Dance|p2a: Kingambit
|-damage|p2a: Kingambit|49/100
|-boost|p1a: Volcarona|spa|1
|move|p2b: Rillaboom|Wood Hammer|p1b: Tyranitar
|-supereffective|p1b: Tyranitar
|-damage|p1b: Tyranitar|0 fnt
|faint|p1b: Tyranitar
|-damage|p2b: Rillaboom|67/100|[from] Recoil
|move|p2a: Kingambit|Kowtow Cleave|p1a: Volcarona
|-damage|p1a: Volcarona|0 fnt
|-status|p2a: Kingambit|brn|[from] ability: Flame Body|[of] p1a: Volcarona
|faint|p1a: Volcarona
|
|-weather|none
|-heal|p2b: Rillaboom|73/100|[from] Grassy Terrain
|-heal|p2a: Kingambit|55/100 brn|[from] Grassy Terrain
|-damage|p2a: Kingambit|49/100 brn|[from] brn
|upkeep
|-message|defaulttesting forfeited.
|
|win|dambro222
|raw|defaulttesting's rating: 1138 → 1121(-17 for losing)
|raw|dambro222's rating: 1252 → 1269(+17 for winning)
|l|☆defaulttesting
|player|p1|
