|j|☆JvinsVGC
|j|☆FunkleVGC
|html|JvinsVGCFunkleVGC    
|uhtml|bestof|Game 1 of a best-of-3
|t:|1782240910
|gametype|doubles
|player|p1|JvinsVGC|170|1179
|player|p2|FunkleVGC|fisherman-gen4|1176
|gen|9
|tier|[Gen 9 Champions] VGC 2026 Reg M-B (Bo3)
|rated|
|rule|Species Clause: Limit one of each Pokémon
|rule|Item Clause: Limit 1 of each item
|clearpoke
|poke|p1|Staraptor, L50, F|
|poke|p1|Sableye, L50, M|
|poke|p1|Arcanine-Hisui, L50, M|
|poke|p1|Garchomp, L50, F|
|poke|p1|Gholdengo, L50|
|poke|p1|Primarina, L50, M|
|poke|p2|Venusaur, L50, M, shiny|
|poke|p2|Aerodactyl, L50, M, shiny|
|poke|p2|Grimmsnarl, L50, M, shiny|
|poke|p2|Milotic, L50, F, shiny|
|poke|p2|Incineroar, L50, F, shiny|
|poke|p2|Gholdengo, L50, shiny|
|teampreview|4
|showteam|p1|Staraptor||Staraptite|Intimidate|CloseCombat,BraveBird,Tailwind,Roost|Adamant||F|||50|]Sableye||LightClay|Prankster|Reflect,LightScreen,WillOWisp,Quash|Calm||M|||50|]Arcanine-Hisui||HardStone|RockHead|FlareBlitz,RockSlide,HeadSmash,Protect|Adamant||M|||50|]Garchomp||LifeOrb|RoughSkin|Earthquake,DragonClaw,SwordsDance,Protect|Jolly||F|||50|]Gholdengo||SitrusBerry|GoodasGold|MakeItRain,ShadowBall,NastyPlot,Protect|Serious|||||50|]Primarina||Leftovers|LiquidVoice|HyperVoice,Moonblast,CalmMind,Protect|Modest||M|||50|
|showteam|p2|Venusaur||Venusaurite|Chlorophyll|GigaDrain,SludgeBomb,LeechSeed,Protect|Calm||M|||50|]Aerodactyl||Aerodactylite|Unnerve|RockSlide,DualWingbeat,Tailwind,Protect|Jolly||M|||50|]Grimmsnarl||LightClay|Prankster|LightScreen,Reflect,ScaryFace,SpiritBreak|Careful||M|||50|]Milotic||Leftovers|Competitive|MuddyWater,Coil,Hypnosis,Recover|Bold||F|||50|]Incineroar||SitrusBerry|Intimidate|FakeOut,ThroatChop,FlareBlitz,PartingShot|Careful||F|||50|]Gholdengo||LifeOrb|GoodasGold|MakeItRain,ShadowBall,PowerGem,Protect|Modest|||||50|
|
|t:|1782240940
|teamsize|p1|4
|teamsize|p2|4
|start
|switch|p1a: Gholdengo|Gholdengo, L50|100/100
|switch|p1b: Sableye|Sableye, L50, M|100/100
|switch|p2a: Milotic|Milotic, L50, F, shiny|100/100
|switch|p2b: Grimmsnarl|Grimmsnarl, L50, M, shiny|100/100
|turn|1
|
|t:|1782240956
|move|p1b: Sableye|Light Screen|p1b: Sableye
|-sidestart|p1: JvinsVGC|move: Light Screen
|move|p1a: Gholdengo|Nasty Plot|p1a: Gholdengo
|-boost|p1a: Gholdengo|spa|2
|move|p2a: Milotic|Coil|p2a: Milotic
|-boost|p2a: Milotic|atk|1
|-boost|p2a: Milotic|def|1
|-boost|p2a: Milotic|accuracy|1
|move|p2b: Grimmsnarl|Spirit Break|p1a: Gholdengo
|-resisted|p1a: Gholdengo|1
|-damage|p1a: Gholdengo|83/100
|-unboost|p1a: Gholdengo|spa|1
|
|upkeep
|turn|2
|
|t:|1782240970
|move|p2b: Grimmsnarl|Light Screen|p2b: Grimmsnarl
|-sidestart|p2: FunkleVGC|move: Light Screen
|move|p1b: Sableye|Reflect|p1b: Sableye
|-sidestart|p1: JvinsVGC|Reflect
|move|p1a: Gholdengo|Nasty Plot|p1a: Gholdengo
|-boost|p1a: Gholdengo|spa|2
|move|p2a: Milotic|Muddy Water|p1a: Gholdengo|[spread] p1a,p1b
|-damage|p1a: Gholdengo|65/100
|-damage|p1b: Sableye|82/100
|-unboost|p1b: Sableye|accuracy|1
|
|upkeep
|turn|3
|
|t:|1782240990
|switch|p2b: Incineroar|Incineroar, L50, F, shiny|100/100
|-ability|p2b: Incineroar|Intimidate|boost
|-unboost|p1a: Gholdengo|atk|1
|-unboost|p1b: Sableye|atk|1
|move|p1b: Sableye|Quash|p2a: Milotic
|-activate|p2a: Milotic|move: Quash
|move|p1a: Gholdengo|Shadow Ball|p2a: Milotic
|-damage|p2a: Milotic|51/100
|move|p2a: Milotic|Hypnosis|p1a: Gholdengo
|-immune|p1a: Gholdengo|[from] ability: Good as Gold
|
|-heal|p2a: Milotic|57/100|[from] item: Leftovers
|upkeep
|turn|4
|inactive|Battle timer is ON: inactive players will automatically lose when time's up. (requested by FunkleVGC)
|
|t:|1782241012
|switch|p1b: Staraptor|Staraptor, L50, F|100/100
|-ability|p1b: Staraptor|Intimidate|boost
|-unboost|p2a: Milotic|atk|1
|-ability|p2a: Milotic|Competitive|boost
|-boost|p2a: Milotic|spa|2
|-unboost|p2b: Incineroar|atk|1
|move|p1a: Gholdengo|Nasty Plot|p1a: Gholdengo
|-boost|p1a: Gholdengo|spa|2
|move|p2a: Milotic|Hypnosis|p1b: Staraptor
|-status|p1b: Staraptor|slp|[from] move: Hypnosis
|move|p2b: Incineroar|Flare Blitz|p1a: Gholdengo
|-supereffective|p1a: Gholdengo|1
|-damage|p1a: Gholdengo|21/100
|-enditem|p1a: Gholdengo|Sitrus Berry|[eat]
|-heal|p1a: Gholdengo|46/100|[from] item: Sitrus Berry
|-damage|p2b: Incineroar|88/100|[from] Recoil
|
|-heal|p2a: Milotic|63/100|[from] item: Leftovers
|upkeep
|turn|5
|
|t:|1782241034
|detailschange|p1b: Staraptor|Staraptor-Mega, L50, F
|-mega|p1b: Staraptor|Staraptor|Staraptite
|move|p1a: Gholdengo|Shadow Ball|p2a: Milotic
|-damage|p2a: Milotic|0 fnt
|faint|p2a: Milotic
|cant|p1b: Staraptor|slp
|move|p2b: Incineroar|Flare Blitz|p1a: Gholdengo
|-supereffective|p1a: Gholdengo|1
|-damage|p1a: Gholdengo|2/100
|-damage|p2b: Incineroar|76/100|[from] Recoil
|
|upkeep
|
|t:|1782241046
|switch|p2a: Venusaur|Venusaur, L50, M, shiny|100/100
|turn|6
|
|t:|1782241058
|detailschange|p2a: Venusaur|Venusaur-Mega, L50, M, shiny
|-mega|p2a: Venusaur|Venusaur|Venusaurite
|move|p1a: Gholdengo|Shadow Ball|p2a: Venusaur
|-damage|p2a: Venusaur|35/100
|cant|p1b: Staraptor|slp
|move|p2a: Venusaur|Leech Seed|p1b: Staraptor
|-start|p1b: Staraptor|move: Leech Seed
|move|p2b: Incineroar|Throat Chop|p1a: Gholdengo
|-supereffective|p1a: Gholdengo|1
|-damage|p1a: Gholdengo|0 fnt
|faint|p1a: Gholdengo
|
|-damage|p1b: Staraptor|87/100 slp|[from] Leech Seed|[of] p2a: Venusaur
|-heal|p2a: Venusaur|48/100|[silent]
|upkeep
|
|t:|1782241073
|switch|p1a: Garchomp|Garchomp, L50, F|100/100
|turn|7
|
|t:|1782241079
|move|p2a: Venusaur|Protect|p2a: Venusaur
|-singleturn|p2a: Venusaur|Protect
|move|p1a: Garchomp|Earthquake|p2b: Incineroar|[spread] p2b
|-activate|p2a: Venusaur|move: Protect
|-immune|p1b: Staraptor
|-supereffective|p2b: Incineroar|1
|-damage|p2b: Incineroar|0 fnt
|faint|p2b: Incineroar
|-damage|p1a: Garchomp|90/100|[from] item: Life Orb
|-curestatus|p1b: Staraptor|slp|[msg]
|move|p1b: Staraptor|Brave Bird|p2a: Venusaur
|-activate|p2a: Venusaur|move: Protect
|
|-damage|p1b: Staraptor|75/100|[from] Leech Seed|[of] p2a: Venusaur
|-heal|p2a: Venusaur|60/100|[silent]
|upkeep
|
|t:|1782241091
|switch|p2b: Grimmsnarl|Grimmsnarl, L50, M, shiny|100/100
|turn|8
|
|t:|1782241096
|move|p2b: Grimmsnarl|Reflect|p2b: Grimmsnarl
|-sidestart|p2: FunkleVGC|Reflect
|move|p1a: Garchomp|Dragon Claw|p2a: Venusaur
|-damage|p2a: Venusaur|34/100
|-damage|p1a: Garchomp|80/100|[from] item: Life Orb
|move|p1b: Staraptor|Brave Bird|p2a: Venusaur
|-supereffective|p2a: Venusaur|1
|-damage|p2a: Venusaur|0 fnt
|faint|p2a: Venusaur
|-damage|p1b: Staraptor|64/100|[from] Recoil
|
|-sideend|p1: JvinsVGC|move: Light Screen
|upkeep
|turn|9
|-message|FunkleVGC forfeited.
|
|win|JvinsVGC
