|j|☆SomeKidJon
|j|☆ferpshowdown
|html|SomeKidJonferpshowdown    
|uhtml|bestof|Game 1 of a best-of-3
|t:|1783184002
|gametype|doubles
|player|p1|SomeKidJon|scientistf|1251
|player|p2|ferpshowdown|lucas|1278
|gen|9
|tier|[Gen 9 Champions] VGC 2026 Reg M-B (Bo3)
|rated|
|rule|Species Clause: Limit one of each Pokémon
|rule|Item Clause: Limit 1 of each item
|clearpoke
|poke|p1|Camerupt, L50, M|
|poke|p1|Farigiraf, L50, F|
|poke|p1|Primarina, L50, F|
|poke|p1|Hatterene, L50, F|
|poke|p1|Lopunny, L50, F|
|poke|p1|Corviknight, L50, F|
|poke|p2|Charizard, L50, M|
|poke|p2|Garchomp, L50, M|
|poke|p2|Aerodactyl, L50, F|
|poke|p2|Farigiraf, L50, M|
|poke|p2|Kingambit, L50, F|
|poke|p2|Sylveon, L50, F|
|teampreview|4
|showteam|p1|Camerupt||Cameruptite|SolidRock|AncientPower,HeatWave,EarthPower,Protect|Quiet||M|||50|]Farigiraf||SitrusBerry|ArmorTail|Protect,HelpingHand,TrickRoom,DazzlingGleam|Bold||F|||50|]Primarina||Leftovers|LiquidVoice|HyperVoice,Protect,Moonblast,CalmMind|Modest||F|||50|]Hatterene||LifeOrb|MagicBounce|Psychic,Protect,DazzlingGleam,TrickRoom|Quiet||F|||50|]Lopunny||Lopunnite|Limber|FakeOut,CloseCombat,AfterYou,Uturn|Jolly||F|||50|]Corviknight||OccaBerry|MirrorArmor|BulkUp,IronHead,BraveBird,Roost|Careful||F|||50|
|showteam|p2|Charizard||CharizarditeY|Blaze|HeatWave,WeatherBall,SolarBeam,Protect|Modest||M|||50|]Garchomp||LifeOrb|RoughSkin|DragonClaw,Earthquake,RockSlide,Protect|Jolly||M|||50|]Aerodactyl||Aerodactylite|RockHead|RockSlide,DualWingbeat,IceFang,Tailwind|Jolly||F|||50|]Farigiraf||SitrusBerry|ArmorTail|Psychic,Thunderbolt,SunnyDay,TrickRoom|Bold||M|||50|]Kingambit||FocusSash|Defiant|KowtowCleave,IronHead,SuckerPunch,LowKick|Adamant||F|||50|]Sylveon||FairyFeather|Pixilate|HyperVoice,HyperBeam,QuickAttack,Protect|Modest||F|||50|
|
|t:|1783184048
|teamsize|p1|4
|teamsize|p2|4
|start
|switch|p1a: Lopunny|Lopunny, L50, F|100/100
|switch|p1b: Corviknight|Corviknight, L50, F|100/100
|switch|p2a: Farigiraf|Farigiraf, L50, M|100/100
|switch|p2b: Charizard|Charizard, L50, M|100/100
|turn|1
|
|t:|1783184067
|detailschange|p1a: Lopunny|Lopunny-Mega, L50, F
|-mega|p1a: Lopunny|Lopunny|Lopunnite
|detailschange|p2b: Charizard|Charizard-Mega-Y, L50, M
|-mega|p2b: Charizard|Charizard|Charizardite Y
|-weather|SunnyDay|[from] ability: Drought|[of] p2b: Charizard
|move|p1a: Lopunny|U-turn|p2a: Farigiraf
|-supereffective|p2a: Farigiraf|1
|-damage|p2a: Farigiraf|63/100
|
|t:|1783184073
|switch|p1a: Primarina|Primarina, L50, F|100/100|[from] U-turn
|move|p2b: Charizard|Heat Wave|p1a: Primarina|[spread] 
|-miss|p2b: Charizard|p1a: Primarina
|-miss|p2b: Charizard|p1b: Corviknight
|move|p1b: Corviknight|Roost||[still]
|-fail|p1b: Corviknight|heal
|move|p2a: Farigiraf|Thunderbolt|p1b: Corviknight
|-supereffective|p1b: Corviknight|1
|-damage|p1b: Corviknight|68/100
|
|-weather|SunnyDay|[upkeep]
|upkeep
|turn|2
|
|t:|1783184090
|move|p2b: Charizard|Solar Beam||[still]
|-prepare|p2b: Charizard|Solar Beam
|-anim|p2b: Charizard|Solar Beam|p1a: Primarina
|-supereffective|p1a: Primarina|1
|-damage|p1a: Primarina|26/100
|move|p1b: Corviknight|Brave Bird|p2a: Farigiraf
|-damage|p2a: Farigiraf|34/100
|-enditem|p2a: Farigiraf|Sitrus Berry|[eat]
|-heal|p2a: Farigiraf|59/100|[from] item: Sitrus Berry
|-damage|p1b: Corviknight|58/100|[from] Recoil
|move|p2a: Farigiraf|Thunderbolt|p1a: Primarina
|-supereffective|p1a: Primarina|1
|-damage|p1a: Primarina|0 fnt
|faint|p1a: Primarina
|
|-weather|SunnyDay|[upkeep]
|upkeep
|
|t:|1783184097
|switch|p1a: Hatterene|Hatterene, L50, F|100/100
|turn|3
|
|t:|1783184123
|move|p1a: Hatterene|Protect|p1a: Hatterene
|-singleturn|p1a: Hatterene|Protect
|move|p2b: Charizard|Heat Wave|p1b: Corviknight|[spread] p1b
|-activate|p1a: Hatterene|move: Protect
|-supereffective|p1b: Corviknight|1
|-enditem|p1b: Corviknight|Occa Berry|[eat]
|-enditem|p1b: Corviknight|Occa Berry|[weaken]
|-damage|p1b: Corviknight|11/100
|move|p1b: Corviknight|Iron Head|p2a: Farigiraf
|-damage|p2a: Farigiraf|38/100
|move|p2a: Farigiraf|Thunderbolt|p1b: Corviknight
|-supereffective|p1b: Corviknight|1
|-damage|p1b: Corviknight|0 fnt
|faint|p1b: Corviknight
|
|-weather|SunnyDay|[upkeep]
|upkeep
|
|t:|1783184127
|switch|p1b: Lopunny|Lopunny-Mega, L50, F|100/100
|turn|4
|
|t:|1783184147
|move|p1b: Lopunny|Close Combat|p2a: Farigiraf
|-damage|p2a: Farigiraf|0 fnt
|-unboost|p1b: Lopunny|def|1
|-unboost|p1b: Lopunny|spd|1
|faint|p2a: Farigiraf
|move|p2b: Charizard|Weather Ball|p1a: Hatterene
|-damage|p1a: Hatterene|12/100
|move|p1a: Hatterene|Psychic|p2b: Charizard
|-damage|p2b: Charizard|36/100
|-damage|p1a: Hatterene|2/100|[from] item: Life Orb
|
|-weather|SunnyDay|[upkeep]
|upkeep
|
|t:|1783184164
|switch|p2a: Sylveon|Sylveon, L50, F|100/100
|turn|5
|
|t:|1783184173
|move|p1b: Lopunny|After You|p1a: Hatterene
|-activate|p1a: Hatterene|move: After You
|move|p1a: Hatterene|Psychic|p2b: Charizard
|-damage|p2b: Charizard|0 fnt
|faint|p2b: Charizard
|-damage|p1a: Hatterene|0 fnt|[from] item: Life Orb
|faint|p1a: Hatterene
|move|p2a: Sylveon|Hyper Voice|p1b: Lopunny
|-supereffective|p1b: Lopunny|1
|-damage|p1b: Lopunny|0 fnt
|faint|p1b: Lopunny
|
|win|ferpshowdown
||SomeKidJon is ready for game 2.
|inactive|ferpshowdown has 30 seconds to confirm battle start!
|inactive|ferpshowdown has 20 seconds to confirm battle start!
||ferpshowdown is ready for game 2.
|uhtml|next|Next: Game 2 of 3
