|j|☆PokeLucho
|j|☆ariexd
|html|PokeLuchoariexd    
|uhtml|bestof|Game 1 of a best-of-3
|t:|1756216124
|gametype|doubles
|player|p1|PokeLucho|2|1086
|player|p2|ariexd|2|1169
|gen|9
|tier|[Gen 9] VGC 2025 Reg H (Bo3)
|rated|
|rule|Species Clause: Limit one of each Pokémon
|rule|Item Clause: Limit 1 of each item
|clearpoke
|poke|p1|Electabuzz, L50, F|
|poke|p1|Kingambit, L50, M|
|poke|p1|Rillaboom, L50, F|
|poke|p1|Sneasler, L50, M|
|poke|p1|Volcarona, L50, M|
|poke|p1|Dragonite, L50, F|
|poke|p2|Indeedee-F, L50, F|
|poke|p2|Gallade, L50, M|
|poke|p2|Hatterene, L50, F|
|poke|p2|Ursaluna, L50, M|
|poke|p2|Torkoal, L50, M|
|poke|p2|Lilligant-Hisui, L50, F|
|teampreview|4
|showteam|p1|Electabuzz||Eviolite|VitalSpirit|Thunderbolt,Taunt,FollowMe,Protect|||F|||50|,,,,,Ghost]Kingambit||BlackGlasses|Defiant|KowtowCleave,SuckerPunch,SwordsDance,Protect|||M|||50|,,,,,Dark]Rillaboom||AssaultVest|GrassySurge|FakeOut,HighHorsepower,WoodHammer,GrassyGlide|||F|||50|,,,,,Fire]Sneasler||FocusSash|PoisonTouch|DireClaw,CloseCombat,FakeOut,Coaching|||M|||50|,,,,,Stellar]Volcarona||Leftovers|FlameBody|HeatWave,TeraBlast,QuiverDance,Protect|||M|||50|,,,,,Fairy]Dragonite||LoadedDice|Multiscale|ExtremeSpeed,ScaleShot,Protect,Haze|||F|||50|,,,,,Steel
|showteam|p2|Indeedee-F||PsychicSeed|PsychicSurge|TrickRoom,FollowMe,HelpingHand,Psychic|||F|||50|,,,,,Water]Gallade||ClearAmulet|Sharpness|PsychoCut,TrickRoom,SacredSword,WideGuard|||M|||50|,,,,,Grass]Hatterene||LifeOrb|MagicBounce|ExpandingForce,TrickRoom,DazzlingGleam,Protect|||F|||50|,,,,,Psychic]Ursaluna||FlameOrb|Guts|HeadlongRush,Facade,Earthquake,Protect|||M|||50|,,,,,Ghost]Torkoal||ChoiceSpecs|Drought|Eruption,HeatWave,WeatherBall,EarthPower|||M|||50|,,,,,Fire]Lilligant-Hisui||FocusSash|Chlorophyll|TripleAxel,CloseCombat,SleepPowder,AfterYou|||F|||50|,,,,,Ice
|inactive|Battle timer is ON: inactive players will automatically lose when time's up. (requested by ariexd)
|
|t:|1756216177
|teamsize|p1|4
|teamsize|p2|4
|start
|switch|p1a: Kingambit|Kingambit, L50, M|100/100
|switch|p1b: Volcarona|Volcarona, L50, M|100/100
|switch|p2a: Follow me|Indeedee-F, L50, F, shiny|100/100
|switch|p2b: Gallade|Gallade, L50, M, shiny|100/100
|-fieldstart|move: Psychic Terrain|[from] ability: Psychic Surge|[of] p2a: Follow me
|-enditem|p2a: Follow me|Psychic Seed
|-boost|p2a: Follow me|spd|1|[from] item: Psychic Seed
|turn|1
|inactive|PokeLucho has 30 seconds left.
|inactive|PokeLucho has 20 seconds left.
|inactive|PokeLucho has 15 seconds left.
|inactive|ariexd has 30 seconds left.
|
|t:|1756216219
|move|p1a: Kingambit|Protect|p1a: Kingambit
|-singleturn|p1a: Kingambit|Protect
|move|p1b: Volcarona|Quiver Dance|p1b: Volcarona
|-boost|p1b: Volcarona|spa|1
|-boost|p1b: Volcarona|spd|1
|-boost|p1b: Volcarona|spe|1
|move|p2b: Gallade|Sacred Sword|p1a: Kingambit
|-activate|p1a: Kingambit|move: Protect
|move|p2a: Follow me|Trick Room|p2a: Follow me
|-fieldstart|move: Trick Room|[of] p2a: Follow me
|
|upkeep
|turn|2
|inactive|PokeLucho has 30 seconds left.
|
|t:|1756216254
|switch|p1a: Rillaboom|Rillaboom, L50, F|100/100
|-fieldstart|move: Grassy Terrain|[from] ability: Grassy Surge|[of] p1a: Rillaboom
|move|p2a: Follow me|Psychic|p1b: Volcarona
|-damage|p1b: Volcarona|81/100
|move|p2b: Gallade|Sacred Sword|p1a: Rillaboom
|-damage|p1a: Rillaboom|24/100
|move|p1b: Volcarona|Tera Blast|p2b: Gallade
|-damage|p2b: Gallade|64/100
|
|-heal|p2b: Gallade|70/100|[from] Grassy Terrain
|-heal|p1a: Rillaboom|30/100|[from] Grassy Terrain
|-heal|p1b: Volcarona|87/100|[from] Grassy Terrain
|-heal|p1b: Volcarona|94/100|[from] item: Leftovers
|upkeep
|turn|3
|inactive|PokeLucho has 30 seconds left.
|inactive|ariexd has 30 seconds left.
|inactive|PokeLucho has 20 seconds left.
|inactive|PokeLucho has 15 seconds left.
|inactive|PokeLucho has 10 seconds left.
|
|t:|1756216304
|switch|p2a: Hatterene|Hatterene, L50, F, shiny|100/100
|-terastallize|p1b: Volcarona|Fairy
|move|p1a: Rillaboom|Fake Out|p2b: Gallade
|-damage|p2b: Gallade|51/100
|cant|p2b: Gallade|flinch
|move|p1b: Volcarona|Tera Blast|p2b: Gallade|[anim] Tera Blast Fairy
|-supereffective|p2b: Gallade
|-damage|p2b: Gallade|0 fnt
|faint|p2b: Gallade
|
|-heal|p1a: Rillaboom|36/100|[from] Grassy Terrain
|-heal|p1b: Volcarona|99/100|[from] Grassy Terrain
|-heal|p1b: Volcarona|100/100|[from] item: Leftovers
|upkeep
|
|t:|1756216314
|switch|p2b: Follow me|Indeedee-F, L50, F, shiny|100/100
|-fieldstart|move: Psychic Terrain|[from] ability: Psychic Surge|[of] p2b: Follow me
|turn|4
|
|t:|1756216333
|switch|p1a: Electabuzz|Electabuzz, L50, F|100/100
|-terastallize|p2a: Hatterene|Psychic
|move|p2b: Follow me|Helping Hand|p2a: Hatterene
|-singleturn|p2a: Hatterene|Helping Hand|[of] p2b: Follow me
|move|p1b: Volcarona|Protect|p1b: Volcarona
|-singleturn|p1b: Volcarona|Protect
|move|p2a: Hatterene|Expanding Force|p1a: Electabuzz|[spread] p1a
|-activate|p1b: Volcarona|move: Protect
|-damage|p1a: Electabuzz|0 fnt
|faint|p1a: Electabuzz
|-damage|p2a: Hatterene|91/100|[from] item: Life Orb
|
|upkeep
|inactive|PokeLucho has 30 seconds left.
|inactive|PokeLucho has 20 seconds left.
|
|t:|1756216372
|switch|p1a: Rillaboom|Rillaboom, L50, F|36/100
|-fieldstart|move: Grassy Terrain|[from] ability: Grassy Surge|[of] p1a: Rillaboom
|turn|5
|inactive|PokeLucho has 30 seconds left.
|
|t:|1756216399
|move|p2a: Hatterene|Dazzling Gleam|p1b: Volcarona|[spread] p1a,p1b
|-damage|p1a: Rillaboom|3/100
|-damage|p1b: Volcarona|73/100
|-damage|p2a: Hatterene|82/100|[from] item: Life Orb
|move|p2b: Follow me|Psychic|p1b: Volcarona
|-damage|p1b: Volcarona|56/100
|move|p1a: Rillaboom|Wood Hammer|p2b: Follow me
|-damage|p2b: Follow me|28/100
|-damage|p1a: Rillaboom|0 fnt|[from] Recoil
|faint|p1a: Rillaboom
|move|p1b: Volcarona|Tera Blast|p2b: Follow me|[anim] Tera Blast Fairy
|-damage|p2b: Follow me|0 fnt
|faint|p2b: Follow me
|
|-heal|p2a: Hatterene|87/100|[from] Grassy Terrain
|-heal|p1b: Volcarona|62/100|[from] Grassy Terrain
|-heal|p1b: Volcarona|68/100|[from] item: Leftovers
|-fieldend|move: Trick Room
|upkeep
|
|t:|1756216416
|switch|p1a: Kingambit|Kingambit, L50, M|100/100
|switch|p2b: Torkoal|Torkoal, L50, M|100/100
|-weather|SunnyDay|[from] ability: Drought|[of] p2b: Torkoal
|turn|6
|inactive|PokeLucho has 30 seconds left.
|
|t:|1756216449
|move|p1b: Volcarona|Heat Wave|p2a: Hatterene|[spread] p2b
|-miss|p1b: Volcarona|p2a: Hatterene
|-resisted|p2b: Torkoal
|-damage|p2b: Torkoal|43/100
|move|p1a: Kingambit|Kowtow Cleave|p2b: Torkoal
|-crit|p2b: Torkoal
|-damage|p2b: Torkoal|0 fnt
|faint|p2b: Torkoal
|move|p2a: Hatterene|Trick Room|p2a: Hatterene
|-fieldstart|move: Trick Room|[of] p2a: Hatterene
|
|-weather|SunnyDay|[upkeep]
|-heal|p2a: Hatterene|93/100|[from] Grassy Terrain
|-heal|p1b: Volcarona|74/100|[from] Grassy Terrain
|-heal|p1b: Volcarona|81/100|[from] item: Leftovers
|upkeep
|turn|7
|
|t:|1756216464
|move|p1a: Kingambit|Sucker Punch|p2a: Hatterene
|-supereffective|p2a: Hatterene
|-damage|p2a: Hatterene|0 fnt
|faint|p2a: Hatterene
|
|win|PokeLucho
|l|☆ariexd
|player|p2|
||ariexd is ready for game 2.
|inactive|PokeLucho has 30 seconds to confirm battle start!
||PokeLucho is ready for game 2.
|uhtml|next|Next: Game 2 of 3
