|j|☆sono babbonat
|j|☆Tedi2002
|html|sono babbonatTedi2002    
|uhtml|bestof|Game 2 of a best-of-3
|t:|1756542237
|gametype|doubles
|player|p1|sono babbonat|volkner|1105
|player|p2|Tedi2002|red|1036
|gen|9
|tier|[Gen 9] VGC 2025 Reg H (Bo3)
|rated|
|rule|Species Clause: Limit one of each Pokémon
|rule|Item Clause: Limit 1 of each item
|clearpoke
|poke|p1|Whimsicott, L50, M|
|poke|p1|Gholdengo, L50|
|poke|p1|Indeedee, L50, M|
|poke|p1|Sneasler, L50, M|
|poke|p1|Ursaluna-Bloodmoon, L50, M|
|poke|p1|Archaludon, L50, M|
|poke|p2|Ninetales, L50, F|
|poke|p2|Charizard, L50, M|
|poke|p2|Jumpluff, L50, F|
|poke|p2|Lilligant-Hisui, L50, F|
|poke|p2|Indeedee-F, L50, F|
|poke|p2|Garchomp, L50, M|
|teampreview|4
|showteam|p1|Whimsicott||CovertCloak|Prankster|Moonblast,Taunt,Tailwind,FakeTears|||M|||50|,,,,,Water]Gholdengo||MetalCoat|GoodasGold|MakeItRain,ShadowBall,NastyPlot,Protect||||||50|,,,,,Flying]Indeedee||FocusSash|PsychicSurge|ExpandingForce,TeraBlast,Imprison,TrickRoom|||M|||50|,,,,,Psychic]Sneasler||PsychicSeed|Unburden|CloseCombat,DireClaw,ThroatChop,Protect|||M|||50|,,,,,Dark]Ursaluna-Bloodmoon||LifeOrb|MindsEye|HyperVoice,BloodMoon,EarthPower,Protect|||M|||50|,,,,,Normal]Archaludon||PowerHerb|Stalwart|ElectroShot,DragonPulse,Thunderbolt,Protect|||M|||50|,,,,,Electric
|showteam|p2|Ninetales||ChoiceSpecs|Drought|HeatWave,Overheat,SolarBeam,Snarl|||F|||50|,,,,,Grass]Charizard||LifeOrb|SolarPower|HeatWave,AirSlash,TeraBlast,Protect|||M|||50|,,,,,Dark]Jumpluff||CovertCloak|Chlorophyll|SleepPowder,Tailwind,RagePowder,SunnyDay|||F|||50|,,,,,Water]Lilligant-Hisui||FocusSash|Chlorophyll|LeafBlade,CloseCombat,TripleAxel,Protect|||F|||50|,,,,,Grass]Indeedee-F||RockyHelmet|PsychicSurge|Psychic,TrickRoom,HelpingHand,FollowMe|||F|||50|,,,,,Grass]Garchomp||ClearAmulet|RoughSkin|Earthquake,StompingTantrum,ScaleShot,Protect|||M|||50|,,,,,Fire
|inactive|Battle timer is ON: inactive players will automatically lose when time's up. (requested by sono babbonat)
|inactive|Tedi2002 also wants the timer to be on.
|
|t:|1756542269
|teamsize|p1|4
|teamsize|p2|4
|start
|switch|p1a: Whimsicott|Whimsicott, L50, M|100/100
|switch|p1b: Ursaluna|Ursaluna-Bloodmoon, L50, M|100/100
|switch|p2a: Ninetales|Ninetales, L50, F|100/100
|switch|p2b: Jumpluff|Jumpluff, L50, F|100/100
|-weather|SunnyDay|[from] ability: Drought|[of] p2a: Ninetales
|turn|1
|
|t:|1756542290
|switch|p2b: Lilligant|Lilligant-Hisui, L50, F|100/100
|move|p1a: Whimsicott|Taunt|p2b: Lilligant
|-start|p2b: Lilligant|move: Taunt
|move|p2a: Ninetales|Solar Beam||[still]
|-prepare|p2a: Ninetales|Solar Beam
|-anim|p2a: Ninetales|Solar Beam|p1a: Whimsicott
|-resisted|p1a: Whimsicott
|-damage|p1a: Whimsicott|72/100
|move|p1b: Ursaluna|Earth Power|p2a: Ninetales
|-supereffective|p2a: Ninetales
|-damage|p2a: Ninetales|0 fnt
|faint|p2a: Ninetales
|-damage|p1b: Ursaluna|91/100|[from] item: Life Orb
|
|-weather|SunnyDay|[upkeep]
|upkeep
|
|t:|1756542300
|switch|p2a: Charizard|Charizard, L50, M|100/100
|turn|2
|
|t:|1756542316
|move|p1a: Whimsicott|Tailwind|p1a: Whimsicott
|-sidestart|p1: sono babbonat|move: Tailwind
|move|p2b: Lilligant|Leaf Blade|p1a: Whimsicott
|-resisted|p1a: Whimsicott
|-damage|p1a: Whimsicott|45/100
|move|p1b: Ursaluna|Blood Moon|p2a: Charizard
|-damage|p2a: Charizard|0 fnt
|faint|p2a: Charizard
|-damage|p1b: Ursaluna|81/100|[from] item: Life Orb
|
|-weather|SunnyDay|[upkeep]
|upkeep
|
|t:|1756542327
|switch|p2a: Jumpluff|Jumpluff, L50, F|100/100
|turn|3
|
|t:|1756542334
|move|p1a: Whimsicott|Taunt|p2a: Jumpluff
|-start|p2a: Jumpluff|move: Taunt
|cant|p2a: Jumpluff|move: Taunt|Tailwind
|move|p2b: Lilligant|Close Combat|p1b: Ursaluna
|-supereffective|p1b: Ursaluna
|-damage|p1b: Ursaluna|0 fnt
|-unboost|p2b: Lilligant|def|1
|-unboost|p2b: Lilligant|spd|1
|faint|p1b: Ursaluna
|
|-weather|SunnyDay|[upkeep]
|-end|p2b: Lilligant|move: Taunt
|upkeep
|
|t:|1756542337
|switch|p1b: Sneasler|Sneasler, L50, M|100/100
|turn|4
|
|t:|1756542352
|move|p1a: Whimsicott|Moonblast|p2b: Lilligant
|-supereffective|p2b: Lilligant
|-enditem|p2b: Lilligant|Focus Sash
|-damage|p2b: Lilligant|1/100
|-activate|p2a: Jumpluff|move: Struggle
|move|p2a: Jumpluff|Struggle|p1b: Sneasler
|-damage|p1b: Sneasler|92/100
|-damage|p2a: Jumpluff|75/100|[from] recoil
|move|p1b: Sneasler|Dire Claw|p2b: Lilligant
|-supereffective|p2b: Lilligant
|-damage|p2b: Lilligant|0 fnt
|faint|p2b: Lilligant
|
|-weather|SunnyDay|[upkeep]
|upkeep
|turn|5
|
|t:|1756542362
|move|p1a: Whimsicott|Moonblast|p2a: Jumpluff
|-damage|p2a: Jumpluff|48/100
|-activate|p2a: Jumpluff|move: Struggle
|move|p2a: Jumpluff|Struggle|p1a: Whimsicott
|-damage|p1a: Whimsicott|38/100
|-damage|p2a: Jumpluff|23/100|[from] recoil
|move|p1b: Sneasler|Dire Claw|p2a: Jumpluff
|-supereffective|p2a: Jumpluff
|-damage|p2a: Jumpluff|0 fnt
|faint|p2a: Jumpluff
|
|win|sono babbonat
|raw|sono babbonat's rating: 1105 → 1125(+20 for winning)
|raw|Tedi2002's rating: 1036 → 1024(-12 for losing)
