|j|☆Musaavgc
|j|☆artyowls
|html|Musaavgcartyowls    
|uhtml|bestof|Game 2 of a best-of-3
|t:|1756800022
|gametype|doubles
|player|p1|Musaavgc|n|1000
|player|p2|artyowls|plasmagrunt|1064
|gen|9
|tier|[Gen 9] VGC 2025 Reg H (Bo3)
|rated|
|rule|Species Clause: Limit one of each Pokémon
|rule|Item Clause: Limit 1 of each item
|clearpoke
|poke|p1|Whimsicott, L50, F|
|poke|p1|Incineroar, L50, M|
|poke|p1|Smeargle, L50, M|
|poke|p1|Gholdengo, L50|
|poke|p1|Kingambit, L50, M|
|poke|p1|Garchomp, L50, F|
|poke|p2|Incineroar, L50, M|
|poke|p2|Rillaboom, L50, F|
|poke|p2|Gholdengo, L50|
|poke|p2|Electabuzz, L50, M|
|poke|p2|Dragonite, L50, M|
|poke|p2|Volcarona, L50, F|
|teampreview|4
|showteam|p1|Whimsicott||CovertCloak|Prankster|DazzlingGleam,Encore,Taunt,Tailwind|||F|||50|,,,,,Water]Incineroar||RockyHelmet|Intimidate|FakeOut,KnockOff,FlareBlitz,PartingShot|||M|||50|,,,,,Water]Smeargle||FocusSash|Moody|Decorate,Spore,SpikyShield,FollowMe|||M|||50|,,,,,Fire]Gholdengo||MetalCoat|GoodasGold|MakeItRain,ShadowBall,NastyPlot,Protect||||||50|,,,,,Fairy]Kingambit||BlackGlasses|Defiant|KowtowCleave,SuckerPunch,Protect,SwordsDance|||M|||50|,,,,,Dark]Garchomp||ChoiceScarf|RoughSkin|RockSlide,StompingTantrum,DragonClaw,Earthquake|||F|||50|,,,,,Steel
|showteam|p2|Incineroar||SafetyGoggles|Intimidate|FakeOut,KnockOff,PartingShot,FlareBlitz|||M|||50|,,,,,Ghost]Rillaboom||AssaultVest|GrassySurge|GrassyGlide,FakeOut,WoodHammer,HighHorsepower|||F|||50|,,,,,Fire]Gholdengo||LifeOrb|GoodasGold|MakeItRain,ShadowBall,Protect,NastyPlot||||||50|,,,,,Water]Electabuzz||Eviolite|VitalSpirit|FollowMe,Protect,Taunt,Electroweb|||M|||50|,,,,,Ghost]Dragonite||LoadedDice|Multiscale|ScaleShot,Protect,Haze,ExtremeSpeed|||M|||50|,,,,,Normal]Volcarona||RockyHelmet|FlameBody|StruggleBug,RagePowder,FieryDance,WillOWisp|||F|||50|,,,,,Water
|
|t:|1756800044
|teamsize|p1|4
|teamsize|p2|4
|start
|switch|p1a: Imran|Smeargle, L50, M, shiny|100/100
|switch|p1b: Garchomp|Garchomp, L50, F|100/100
|switch|p2a: Rillaboom|Rillaboom, L50, F|100/100
|switch|p2b: Gholdengo|Gholdengo, L50|100/100
|-fieldstart|move: Grassy Terrain|[from] ability: Grassy Surge|[of] p2a: Rillaboom
|turn|1
|inactive|Battle timer is ON: inactive players will automatically lose when time's up. (requested by artyowls)
|
|t:|1756800100
|switch|p1b: Abdul|Gholdengo, L50|100/100
|move|p2a: Rillaboom|Fake Out|p1b: Abdul
|-immune|p1b: Abdul
|move|p1a: Imran|Spore|p2b: Gholdengo
|-immune|p2b: Gholdengo|[from] ability: Good as Gold
|move|p2b: Gholdengo|Nasty Plot|p2b: Gholdengo
|-boost|p2b: Gholdengo|spa|2
|
|-ability|p1a: Imran|Moody|boost
|-boost|p1a: Imran|spd|2
|-unboost|p1a: Imran|spa|1
|upkeep
|turn|2
|inactive|Musaavgc has 30 seconds left.
|inactive|artyowls has 30 seconds left.
|inactive|Musaavgc has 20 seconds left.
|inactive|artyowls has 20 seconds left.
|inactive|Musaavgc has 15 seconds left.
|inactive|Musaavgc has 10 seconds left.
|
|t:|1756800146
|move|p2a: Rillaboom|Grassy Glide|p1b: Abdul
|-resisted|p1b: Abdul
|-crit|p1b: Abdul
|-damage|p1b: Abdul|71/100
|move|p1b: Abdul|Shadow Ball|p2b: Gholdengo
|-supereffective|p2b: Gholdengo
|-damage|p2b: Gholdengo|0 fnt
|faint|p2b: Gholdengo
|move|p1a: Imran|Decorate|p1b: Abdul
|-immune|p1b: Abdul|[from] ability: Good as Gold
|
|-heal|p1b: Abdul|77/100|[from] Grassy Terrain
|-ability|p1a: Imran|Moody|boost
|-boost|p1a: Imran|spe|2
|-unboost|p1a: Imran|atk|1
|upkeep
|
|t:|1756800163
|switch|p2b: Incineroar|Incineroar, L50, M|100/100
|-ability|p2b: Incineroar|Intimidate|boost
|-unboost|p1a: Imran|atk|1
|-unboost|p1b: Abdul|atk|1
|turn|3
|inactive|Musaavgc has 30 seconds left.
|inactive|Musaavgc has 20 seconds left.
|inactive|Musaavgc has 15 seconds left.
|inactive|Musaavgc has 10 seconds left.
|inactive|Musaavgc has 5 seconds left.
|
|t:|1756800218
|switch|p1b: Garchomp|Garchomp, L50, F|100/100
|move|p1a: Imran|Decorate|p1b: Garchomp
|-boost|p1b: Garchomp|atk|2
|-boost|p1b: Garchomp|spa|2
|move|p2a: Rillaboom|Wood Hammer|p1a: Imran
|-enditem|p1a: Imran|Focus Sash
|-damage|p1a: Imran|1/100
|-damage|p2a: Rillaboom|79/100|[from] Recoil
|move|p2b: Incineroar|Flare Blitz|p1b: Garchomp
|-resisted|p1b: Garchomp
|-damage|p1b: Garchomp|77/100
|-damage|p2b: Incineroar|88/100|[from] ability: Rough Skin|[of] p1b: Garchomp
|-damage|p2b: Incineroar|81/100|[from] Recoil
|
|-heal|p1a: Imran|7/100|[from] Grassy Terrain
|-heal|p1b: Garchomp|83/100|[from] Grassy Terrain
|-heal|p2a: Rillaboom|85/100|[from] Grassy Terrain
|-heal|p2b: Incineroar|87/100|[from] Grassy Terrain
|-ability|p1a: Imran|Moody|boost
|-boost|p1a: Imran|spa|2
|-unboost|p1a: Imran|atk|1
|upkeep
|turn|4
|inactive|Musaavgc has 30 seconds left.
|inactive|artyowls has 30 seconds left.
|inactive|Musaavgc has 20 seconds left.
|inactive|artyowls has 20 seconds left.
|inactive|Musaavgc has 15 seconds left.
|inactive|artyowls has 15 seconds left.
|inactive|Musaavgc has 10 seconds left.
|inactive|Musaavgc has 5 seconds left.
|
|t:|1756800270
|-terastallize|p2b: Incineroar|Ghost
|move|p1a: Imran|Spore|p2b: Incineroar
|-activate|p2b: Incineroar|item: Safety Goggles|Spore
|move|p1b: Garchomp|Dragon Claw|p2a: Rillaboom
|-damage|p2a: Rillaboom|6/100
|move|p2a: Rillaboom|Wood Hammer|p1b: Garchomp
|-damage|p1b: Garchomp|1/100
|-damage|p2a: Rillaboom|0 fnt|[from] ability: Rough Skin|[of] p1b: Garchomp
|faint|p2a: Rillaboom
|move|p2b: Incineroar|Knock Off|p1a: Imran
|-damage|p1a: Imran|0 fnt
|faint|p1a: Imran
|
|-heal|p1b: Garchomp|7/100|[from] Grassy Terrain
|-heal|p2b: Incineroar|93/100|[from] Grassy Terrain
|upkeep
|inactive|Musaavgc has 30 seconds left.
|inactive|Musaavgc has 20 seconds left.
|
|t:|1756800309
|switch|p1a: Dawson|Kingambit, L50, M|100/100
|switch|p2a: Electabuzz|Electabuzz, L50, M|100/100
|turn|5
|
|t:|1756800329
|move|p1a: Dawson|Protect|p1a: Dawson
|-singleturn|p1a: Dawson|Protect
|move|p2a: Electabuzz|Follow Me|p2a: Electabuzz
|-singleturn|p2a: Electabuzz|move: Follow Me
|move|p1b: Garchomp|Dragon Claw|p2a: Electabuzz
|-damage|p2a: Electabuzz|24/100
|move|p2b: Incineroar|Knock Off|p1b: Garchomp
|-damage|p1b: Garchomp|0 fnt
|-damage|p2b: Incineroar|80/100|[from] ability: Rough Skin|[of] p1b: Garchomp
|-enditem|p1b: Garchomp|Choice Scarf|[from] move: Knock Off|[of] p2b: Incineroar
|faint|p1b: Garchomp
|
|-heal|p2a: Electabuzz|30/100|[from] Grassy Terrain
|-heal|p2b: Incineroar|86/100|[from] Grassy Terrain
|-fieldend|move: Grassy Terrain
|upkeep
|
|t:|1756800352
|switch|p1b: Abdul|Gholdengo, L50|77/100
|turn|6
|inactive|Musaavgc has 30 seconds left.
|inactive|artyowls has 30 seconds left.
|
|t:|1756800382
|move|p2a: Electabuzz|Follow Me|p2a: Electabuzz
|-singleturn|p2a: Electabuzz|move: Follow Me
|move|p1b: Abdul|Make It Rain|p2b: Incineroar|[spread] p2a,p2b
|-resisted|p2a: Electabuzz
|-damage|p2a: Electabuzz|13/100
|-damage|p2b: Incineroar|47/100
|-unboost|p1b: Abdul|spa|1
|move|p2b: Incineroar|Knock Off|p1b: Abdul
|-supereffective|p1b: Abdul
|-damage|p1b: Abdul|0 fnt
|-enditem|p1b: Abdul|Metal Coat|[from] move: Knock Off|[of] p2b: Incineroar
|faint|p1b: Abdul
|move|p1a: Dawson|Kowtow Cleave|p2a: Electabuzz
|-damage|p2a: Electabuzz|0 fnt
|faint|p2a: Electabuzz
|
|upkeep
|turn|7
|inactive|Musaavgc has 30 seconds left.
|inactive|artyowls has 30 seconds left.
|inactive|Musaavgc has 20 seconds left.
|
|t:|1756800417
|-terastallize|p1a: Dawson|Dark
|move|p2b: Incineroar|Parting Shot|p1a: Dawson
|-unboost|p1a: Dawson|atk|1
|-ability|p1a: Dawson|Defiant|boost
|-boost|p1a: Dawson|atk|2
|-unboost|p1a: Dawson|spa|1
|-ability|p1a: Dawson|Defiant|boost
|-boost|p1a: Dawson|atk|2
|move|p1a: Dawson|Kowtow Cleave|p2b: Incineroar
|-supereffective|p2b: Incineroar
|-damage|p2b: Incineroar|0 fnt
|faint|p2b: Incineroar
|
|win|Musaavgc
||Musaavgc is ready for game 3.
||artyowls is ready for game 3.
|uhtml|next|Next: Game 3 of 3
