|j|☆Sylviana GL
|j|☆AxolVinie
|html|Sylviana GLAxolVinie    
|uhtml|bestof|Game 2 of a best-of-3
|t:|1785954119
|gametype|doubles
|player|p1|Sylviana GL|caitlin|1219
|player|p2|AxolVinie|102|1188
|gen|9
|tier|[Gen 9 Champions] VGC 2026 Reg M-B (Bo3)
|rated|
|rule|Species Clause: Limit one of each Pokémon
|rule|Item Clause: Limit 1 of each item
|clearpoke
|poke|p1|Whimsicott, L50, F|
|poke|p1|Basculegion, L50, M|
|poke|p1|Kingambit, L50, F|
|poke|p1|Floette-Eternal, L50, F|
|poke|p1|Garchomp, L50, F|
|poke|p1|Charizard, L50, F|
|poke|p2|Archaludon, L50, F|
|poke|p2|Grimmsnarl, L50, M|
|poke|p2|Pelipper, L50, F|
|poke|p2|Swampert, L50, M|
|poke|p2|Incineroar, L50, M|
|poke|p2|Sinistcha, L50|
|teampreview|4
|showteam|p1|Whimsicott||FocusSash|Prankster|Protect,Moonblast,Tailwind,Encore|Timid||F|||50|]Basculegion||MysticWater|Adaptability|WaveCrash,Protect,LastRespects,AquaJet|Adamant||M|||50|]Kingambit||ChopleBerry|Defiant|KowtowCleave,LowKick,SuckerPunch,IronHead|Adamant||F|||50|]Floette-Eternal||Floettite|FlowerVeil|DazzlingGleam,Moonblast,LightofRuin,Protect|Timid||F|||50|]Garchomp||LifeOrb|RoughSkin|Protect,StompingTantrum,DragonClaw,RockSlide|Jolly||F|||50|]Charizard||CharizarditeY|Blaze|HeatWave,WeatherBall,SolarBeam,Protect|Modest||F|||50|
|showteam|p2|Archaludon||Leftovers|Stamina|ElectroShot,FlashCannon,DragonPulse,Protect|Calm||F|||50|]Grimmsnarl||LightClay|Prankster|PartingShot,LightScreen,Reflect,FoulPlay|Careful||M|||50|]Pelipper||DampRock|Drizzle|WeatherBall,Hurricane,Protect,Tailwind|Calm||F|||50|]Swampert||Swampertite|Damp|WaveCrash,Earthquake,IcePunch,Protect|Adamant||M|||50|]Incineroar||SitrusBerry|Intimidate|FlareBlitz,DarkestLariat,FakeOut,PartingShot|Impish||M|||50|]Sinistcha||KasibBerry|Hospitality|MatchaGotcha,RagePowder,LifeDew,Protect|Bold|||||50|
|inactive|Battle timer is ON: inactive players will automatically lose when time's up. (requested by Sylviana GL)
|
|t:|1785954134
|teamsize|p1|4
|teamsize|p2|4
|start
|switch|p1a: Floette|Floette-Eternal, L50, F|100/100
|switch|p1b: Whimsicott|Whimsicott, L50, F|100/100
|switch|p2a: Pelipper|Pelipper, L50, F|100/100
|switch|p2b: Archaludon|Archaludon, L50, F|100/100
|-weather|RainDance|[from] ability: Drizzle|[of] p2a: Pelipper
|turn|1
|
|t:|1785954154
|detailschange|p1a: Floette|Floette-Mega, L50, F
|-mega|p1a: Floette|Floette|Floettite
|-ability|p1a: Floette|Fairy Aura
|move|p1b: Whimsicott|Moonblast|p2b: Archaludon
|-damage|p2b: Archaludon|58/100
|-ability|p2b: Archaludon|Stamina|boost
|-boost|p2b: Archaludon|def|1
|move|p1a: Floette|Moonblast|p2b: Archaludon
|-damage|p2b: Archaludon|3/100
|-ability|p2b: Archaludon|Stamina|boost
|-boost|p2b: Archaludon|def|1
|move|p2b: Archaludon|Electro Shot||[still]
|-prepare|p2b: Archaludon|Electro Shot
|-boost|p2b: Archaludon|spa|1
|-anim|p2b: Archaludon|Electro Shot|p1b: Whimsicott
|-resisted|p1b: Whimsicott|1
|-damage|p1b: Whimsicott|57/100
|move|p2a: Pelipper|Hurricane|p1b: Whimsicott
|-supereffective|p1b: Whimsicott|1
|-damage|p1b: Whimsicott|0 fnt
|faint|p1b: Whimsicott
|
|-weather|RainDance|[upkeep]
|-heal|p2b: Archaludon|9/100|[from] item: Leftovers
|upkeep
|
|t:|1785954164
|switch|p1b: Garchomp|Garchomp, L50, F|100/100
|turn|2
|
|t:|1785954188
|switch|p2a: Sinistcha|Sinistcha, L50|100/100
|-heal|p2b: Archaludon|34/100|[from] ability: Hospitality|[of] p2a: Sinistcha
|move|p2b: Archaludon|Protect|p2b: Archaludon
|-singleturn|p2b: Archaludon|Protect
|move|p1a: Floette|Dazzling Gleam|p2a: Sinistcha|[spread] p2a
|-activate|p2b: Archaludon|move: Protect
|-crit|p2a: Sinistcha
|-damage|p2a: Sinistcha|32/100
|move|p1b: Garchomp|Rock Slide|p2b: Archaludon|[spread] p2a
|-activate|p2b: Archaludon|move: Protect
|-damage|p2a: Sinistcha|15/100
|-damage|p1b: Garchomp|90/100|[from] item: Life Orb
|
|-weather|RainDance|[upkeep]
|-heal|p2b: Archaludon|40/100|[from] item: Leftovers
|upkeep
|turn|3
|inactive|AxolVinie has 30 seconds left.
|inactive|Sylviana GL has 30 seconds left.
|inactive|AxolVinie has 20 seconds left.
|inactive|AxolVinie has 15 seconds left.
|
|t:|1785954231
|move|p2a: Sinistcha|Rage Powder|p2a: Sinistcha
|-singleturn|p2a: Sinistcha|move: Rage Powder
|move|p1a: Floette|Dazzling Gleam|p2a: Sinistcha|[spread] p2a,p2b
|-damage|p2a: Sinistcha|0 fnt
|-damage|p2b: Archaludon|5/100
|-ability|p2b: Archaludon|Stamina|boost
|-boost|p2b: Archaludon|def|1
|faint|p2a: Sinistcha
|move|p1b: Garchomp|Stomping Tantrum|p2b: Archaludon
|-supereffective|p2b: Archaludon|1
|-damage|p2b: Archaludon|0 fnt
|faint|p2b: Archaludon
|-damage|p1b: Garchomp|80/100|[from] item: Life Orb
|
|-weather|RainDance|[upkeep]
|upkeep
|
|t:|1785954240
|switch|p2b: Pelipper|Pelipper, L50, F|100/100
|switch|p2a: Swampert|Swampert, L50, M|100/100
|turn|4
|inactive|Sylviana GL has 30 seconds left.
|inactive|Sylviana GL has 20 seconds left.
|inactive|AxolVinie has 30 seconds left.
|inactive|Sylviana GL has 15 seconds left.
|
|t:|1785954284
|detailschange|p2a: Swampert|Swampert-Mega, L50, M
|-mega|p2a: Swampert|Swampert|Swampertite
|move|p2a: Swampert|Ice Punch|p1b: Garchomp
|-supereffective|p1b: Garchomp|2
|-damage|p1b: Garchomp|0 fnt
|-damage|p2a: Swampert|87/100|[from] ability: Rough Skin|[of] p1b: Garchomp
|faint|p1b: Garchomp
|move|p1a: Floette|Moonblast|p2a: Swampert
|-damage|p2a: Swampert|25/100
|move|p2b: Pelipper|Tailwind|p2b: Pelipper
|-sidestart|p2: AxolVinie|move: Tailwind
|
|-weather|RainDance|[upkeep]
|upkeep
|
|t:|1785954287
|switch|p1b: Basculegion|Basculegion, L50, M|100/100
|turn|5
|
|t:|1785954294
|move|p2a: Swampert|Protect|p2a: Swampert
|-singleturn|p2a: Swampert|Protect
|move|p1b: Basculegion|Aqua Jet|p2a: Swampert
|-activate|p2a: Swampert|move: Protect
|move|p2b: Pelipper|Hurricane|p1b: Basculegion
|-damage|p1b: Basculegion|60/100
|-start|p1b: Basculegion|confusion
|move|p1a: Floette|Light of Ruin|p2b: Pelipper
|-damage|p2b: Pelipper|9/100
|-damage|p1a: Floette|52/100|[from] Recoil
|
|-weather|RainDance|[upkeep]
|upkeep
|turn|6
|
|t:|1785954313
|-activate|p1b: Basculegion|confusion
|move|p1b: Basculegion|Aqua Jet|p2a: Swampert
|-damage|p2a: Swampert|0 fnt
|faint|p2a: Swampert
|move|p2b: Pelipper|Hurricane|p1b: Basculegion
|-damage|p1b: Basculegion|22/100
|move|p1a: Floette|Dazzling Gleam|p2b: Pelipper
|-damage|p2b: Pelipper|0 fnt
|faint|p2b: Pelipper
|
|win|Sylviana GL
|raw|Sylviana GL's rating: 1219 → 1242(+23 for winning)
|raw|AxolVinie's rating: 1188 → 1165(-23 for losing)
|l|☆AxolVinie
|player|p2|
