|j|‚òÜranakos
|j|‚òÜCavaliereIsSoPeak
|html|ranakosCavaliereIsSoPeak    
|uhtml|bestof|Game 2 of a best-of-3
|t:|1757003386
|gametype|doubles
|player|p1|ranakos|scientist-gen4|
|player|p2|CavaliereIsSoPeak|gambler|
|gen|9
|tier|[Gen 9] VGC 2025 Reg H (Bo3)
|rule|Species Clause: Limit one of each Pok√©mon
|rule|Item Clause: Limit 1 of each item
|clearpoke
|poke|p1|Gholdengo, L50|
|poke|p1|Sneasler, L50, M|
|poke|p1|Rillaboom, L50, F|
|poke|p1|Dragonite, L50, M|
|poke|p1|Ninetales-Alola, L50, F|
|poke|p1|Arcanine-Hisui, L50, F|
|poke|p2|Volcarona, L50, M|
|poke|p2|Basculegion, L50, M|
|poke|p2|Sneasler, L50, F|
|poke|p2|Dragonite, L50, M|
|poke|p2|Ursaluna-Bloodmoon, L50, M|
|poke|p2|Whimsicott, L50, F|
|teampreview|4
|showteam|p1|Gholdengo||GrassySeed|GoodasGold|NastyPlot,MakeItRain,ShadowBall,Protect||||||50|,,,,,Water]Sneasler||WhiteHerb|Unburden|CloseCombat,DireClaw,Coaching,Protect|||M|||50|,,,,,Ghost]Rillaboom||AssaultVest|GrassySurge|FakeOut,GrassyGlide,DrumBeating,HighHorsepower|||F|||50|,,,,,Fire]Dragonite||LoadedDice|Multiscale|ScaleShot,TeraBlast,Haze,Protect|||M|||50|,,,,,Flying]Ninetales-Alola||FocusSash|SnowWarning|Blizzard,Protect,Encore,AuroraVeil|||F|||50|,,,,,Ghost]Arcanine-Hisui||ClearAmulet|Intimidate|RockSlide,FlareBlitz,ExtremeSpeed,Protect|||F|||50|,,,,,Fairy
|showteam|p2|Volcarona||SitrusBerry|FlameBody|HeatWave,TeraBlast,QuiverDance,Protect|||M|||50|,,,,,Fairy]Basculegion||ChoiceBand|Adaptability|WaveCrash,FlipTurn,AquaJet,LastRespects|||M|||50|,,,,,Water]Sneasler||FocusSash|Unburden|DireClaw,CloseCombat,ThroatChop,Protect|||F|||50|,,,,,Dark]Dragonite||LoadedDice|Multiscale|ScaleShot,ExtremeSpeed,Haze,Protect|||M|||50|,,,,,Steel]Ursaluna-Bloodmoon||LifeOrb|MindsEye|BloodMoon,HyperVoice,EarthPower,Protect|||M|||50|,,,,,Normal]Whimsicott||CovertCloak|Prankster|Moonblast,Tailwind,Encore,Taunt|||F|||50|,,,,,Poison
|inactive|Battle timer is ON: inactive players will automatically lose when time's up. (requested by ranakos)
|inactive|CavaliereIsSoPeak has 60 seconds left.
|inactive|ranakos has 60 seconds left.
|
|t:|1757003426
|teamsize|p1|4
|teamsize|p2|4
|start
|switch|p1a: Ninetales|Ninetales-Alola, L50, F|100/100
|switch|p1b: Dragonite|Dragonite, L50, M|100/100
|switch|p2a: Dante|Volcarona, L50, M|100/100
|switch|p2b: Mary|Whimsicott, L50, F|100/100
|-weather|Snowscape|[from] ability: Snow Warning|[of] p1a: Ninetales
|turn|1
|
|t:|1757003451
|switch|p1a: Arcanine|Arcanine-Hisui, L50, F|100/100
|-ability|p1a: Arcanine|Intimidate|boost
|-unboost|p2a: Dante|atk|1
|-unboost|p2b: Mary|atk|1
|-terastallize|p1b: Dragonite|Flying
|move|p2b: Mary|Tailwind|p2b: Mary
|-sidestart|p2: CavaliereIsSoPeak|move: Tailwind
|move|p2a: Dante|Heat Wave|p1a: Arcanine|[spread] p1a,p1b
|-resisted|p1a: Arcanine
|-damage|p1a: Arcanine|90/100
|-damage|p1b: Dragonite|83/100
|move|p1b: Dragonite|Tera Blast|p2b: Mary|[anim] Tera Blast Flying
|-supereffective|p2b: Mary
|-damage|p2b: Mary|0 fnt
|faint|p2b: Mary
|
|-weather|Snowscape|[upkeep]
|upkeep
|
|t:|1757003456
|switch|p2b: ShƒÅhmat|Ursaluna-Bloodmoon, L50, M|100/100
|turn|2
|inactive|ranakos has 30 seconds left.
|
|t:|1757003481
|-terastallize|p2a: Dante|Fairy
|move|p1a: Arcanine|Protect|p1a: Arcanine
|-singleturn|p1a: Arcanine|Protect
|move|p2a: Dante|Quiver Dance|p2a: Dante
|-boost|p2a: Dante|spa|1
|-boost|p2a: Dante|spd|1
|-boost|p2a: Dante|spe|1
|move|p2b: ShƒÅhmat|Earth Power|p1a: Arcanine
|-activate|p1a: Arcanine|move: Protect
|move|p1b: Dragonite|Scale Shot|p2b: ShƒÅhmat
|-damage|p2b: ShƒÅhmat|88/100
|-damage|p2b: ShƒÅhmat|77/100
|-damage|p2b: ShƒÅhmat|65/100
|-damage|p2b: ShƒÅhmat|54/100
|-damage|p2b: ShƒÅhmat|43/100
|-hitcount|p2b: ShƒÅhmat|5
|-unboost|p1b: Dragonite|def|1
|-boost|p1b: Dragonite|spe|1
|
|-weather|Snowscape|[upkeep]
|upkeep
|turn|3
|inactive|ranakos has 30 seconds left.
|inactive|ranakos has 20 seconds left.
|inactive|ranakos has 15 seconds left.
|inactive|ranakos has 10 seconds left.
|inactive|ranakos has 5 seconds left.
|
|t:|1757003534
|switch|p1a: Ninetales|Ninetales-Alola, L50, F|100/100
|move|p1b: Dragonite|Protect|p1b: Dragonite
|-singleturn|p1b: Dragonite|Protect
|move|p2a: Dante|Heat Wave|p1a: Ninetales|[spread] p1a
|-activate|p1b: Dragonite|move: Protect
|-supereffective|p1a: Ninetales
|-enditem|p1a: Ninetales|Focus Sash
|-damage|p1a: Ninetales|1/100
|move|p2b: ShƒÅhmat|Earth Power|p1a: Ninetales
|-crit|p1a: Ninetales
|-damage|p1a: Ninetales|0 fnt
|faint|p1a: Ninetales
|-damage|p2b: ShƒÅhmat|33/100|[from] item: Life Orb
|
|-weather|Snowscape|[upkeep]
|upkeep
|
|t:|1757003554
|switch|p1a: Arcanine|Arcanine-Hisui, L50, F|90/100
|-ability|p1a: Arcanine|Intimidate|boost
|-unboost|p2a: Dante|atk|1
|-unboost|p2b: ShƒÅhmat|atk|1
|turn|4
|
|t:|1757003568
|move|p1a: Arcanine|Protect|p1a: Arcanine
|-singleturn|p1a: Arcanine|Protect
|move|p2a: Dante|Heat Wave|p1b: Dragonite|[spread] p1b
|-activate|p1a: Arcanine|move: Protect
|-damage|p1b: Dragonite|27/100
|move|p2b: ShƒÅhmat|Blood Moon|p1b: Dragonite
|-damage|p1b: Dragonite|0 fnt
|faint|p1b: Dragonite
|-damage|p2b: ShƒÅhmat|23/100|[from] item: Life Orb
|
|-weather|Snowscape|[upkeep]
|-sideend|p2: CavaliereIsSoPeak|move: Tailwind
|upkeep
|
|t:|1757003576
|switch|p1b: Sneasler|Sneasler, L50, M|100/100
|turn|5
|
|t:|1757003597
|move|p2b: ShƒÅhmat|Protect|p2b: ShƒÅhmat
|-singleturn|p2b: ShƒÅhmat|Protect
|move|p2a: Dante|Tera Blast|p1b: Sneasler|[anim] Tera Blast Fairy
|-damage|p1b: Sneasler|37/100
|move|p1b: Sneasler|Close Combat|p2b: ShƒÅhmat
|-activate|p2b: ShƒÅhmat|move: Protect
|move|p1a: Arcanine|Flare Blitz|p2a: Dante
|-damage|p2a: Dante|25/100
|-enditem|p2a: Dante|Sitrus Berry|[eat]
|-heal|p2a: Dante|50/100|[from] item: Sitrus Berry
|-damage|p1a: Arcanine|66/100|[from] Recoil
|
|-weather|none
|upkeep
|turn|6
|inactive|ranakos has 30 seconds left.
|
|t:|1757003625
|move|p1b: Sneasler|Protect|p1b: Sneasler
|-singleturn|p1b: Sneasler|Protect
|move|p2a: Dante|Tera Blast|p1b: Sneasler|[anim] Tera Blast Fairy
|-activate|p1b: Sneasler|move: Protect
|move|p1a: Arcanine|Flare Blitz|p2b: ShƒÅhmat
|-damage|p2b: ShƒÅhmat|0 fnt
|faint|p2b: ShƒÅhmat
|-damage|p1a: Arcanine|58/100|[from] Recoil
|
|upkeep
|
|t:|1757003629
|switch|p2b: Aqua|Basculegion, L50, M|100/100
|turn|7
|
|t:|1757003640
|move|p2b: Aqua|Aqua Jet|p1b: Sneasler
|-damage|p1b: Sneasler|0 fnt
|faint|p1b: Sneasler
|move|p2a: Dante|Tera Blast|p1a: Arcanine|[anim] Tera Blast Fairy
|-resisted|p1a: Arcanine
|-damage|p1a: Arcanine|22/100
|move|p1a: Arcanine|Rock Slide|p2b: Aqua|[spread] p2a
|-miss|p1a: Arcanine|p2b: Aqua
|-damage|p2a: Dante|15/100
|
|upkeep
|turn|8
|-message|ranakos forfeited.
|
|win|CavaliereIsSoPeak
||CavaliereIsSoPeak is ready for game 3.
||ranakos is ready for game 3.
|uhtml|next|Next: Game 3 of 3
|l|‚òÜranakos
|player|p1|
