|j|☆KChiefs7
|j|☆AUBrigade
|html|KChiefs7AUBrigade    
|uhtml|bestof|Game 3 of a best-of-3
|t:|1756950538
|gametype|doubles
|player|p1|KChiefs7|swimmer-gen4|1122
|player|p2|AUBrigade|morty|1281
|gen|9
|tier|[Gen 9] VGC 2025 Reg H (Bo3)
|rated|
|rule|Species Clause: Limit one of each Pokémon
|rule|Item Clause: Limit 1 of each item
|clearpoke
|poke|p1|Ursaluna, L50, F|
|poke|p1|Gholdengo, L50|
|poke|p1|Flamigo, L50, F|
|poke|p1|Amoonguss, L50, F|
|poke|p1|Porygon2, L50|
|poke|p1|Incineroar, L50, F|
|poke|p2|Sneasler, L50, M|
|poke|p2|Dragonite, L50, M|
|poke|p2|Incineroar, L50, M|
|poke|p2|Magmar, L50, F|
|poke|p2|Ninetales-Alola, L50, F|
|poke|p2|Gholdengo, L50|
|teampreview|4
|showteam|p1|Ursaluna||FlameOrb|Guts|Facade,HeadlongRush,Earthquake,Protect|||F|||50|,,,,,Ghost]Gholdengo||LifeOrb|GoodasGold|MakeItRain,ShadowBall,NastyPlot,Protect||||||50|,,,,,Water]Flamigo||FocusSash|Scrappy|Detect,CloseCombat,WideGuard,DualWingbeat|||F|||50|,,,,,Ghost]Amoonguss||CovertCloak|Regenerator|RagePowder,Spore,PollenPuff,ClearSmog|||F|||50|,,,,,Fairy]Porygon2||Eviolite|Download|TeraBlast,IceBeam,Recover,TrickRoom||||||50|,,,,,Fighting]Incineroar||SafetyGoggles|Intimidate|FlareBlitz,KnockOff,FakeOut,PartingShot|||F|||50|,,,,,Ghost
|showteam|p2|Sneasler||WhiteHerb|Unburden|DireClaw,Protect,Coaching,CloseCombat|||M|||50|,,,,,Ghost]Dragonite||LoadedDice|Multiscale|ScaleShot,ExtremeSpeed,IceSpinner,Protect|||M|||50|,,,,,Steel]Incineroar||AssaultVest|Intimidate|Uturn,KnockOff,FlareBlitz,FakeOut|||M|||50|,,,,,Grass]Magmar||Eviolite|VitalSpirit|ClearSmog,FollowMe,Overheat,Taunt|||F|||50|,,,,,Fairy]Ninetales-Alola||FocusSash|SnowWarning|Protect,Blizzard,FreezeDry,AuroraVeil|||F|||50|,,,,,Ice]Gholdengo||MetalCoat|GoodasGold|MakeItRain,NastyPlot,ShadowBall,Protect||||||50|,,,,,Water
|inactive|Battle timer is ON: inactive players will automatically lose when time's up. (requested by KChiefs7)
|j| teamthief420
|inactive|AUBrigade has 60 seconds left.
|inactive|KChiefs7 has 60 seconds left.
|
|t:|1756950608
|teamsize|p1|4
|teamsize|p2|4
|start
|switch|p1a: Amoonguss|Amoonguss, L50, F|100/100
|switch|p1b: Porygon2|Porygon2, L50|100/100
|switch|p2a: Dragonite|Dragonite, L50, M|100/100
|switch|p2b: Ninetales|Ninetales-Alola, L50, F|100/100
|-weather|Snowscape|[from] ability: Snow Warning|[of] p2b: Ninetales
|-ability|p1b: Porygon2|Download|boost
|-boost|p1b: Porygon2|atk|1
|turn|1
|inactive|KChiefs7 has 30 seconds left.
|inactive|AUBrigade has 30 seconds left.
|inactive|KChiefs7 has 20 seconds left.
|inactive|AUBrigade has 20 seconds left.
|inactive|KChiefs7 has 15 seconds left.
|
|t:|1756950650
|switch|p2a: Gholdengo|Gholdengo, L50|100/100
|switch|p1a: Ursaluna|Ursaluna, L50, F|100/100
|move|p2b: Ninetales|Blizzard|p1a: Ursaluna|[spread] p1a,p1b
|-supereffective|p1a: Ursaluna
|-crit|p1b: Porygon2
|-damage|p1a: Ursaluna|43/100
|-damage|p1b: Porygon2|72/100
|move|p1b: Porygon2|Ice Beam|p2a: Gholdengo
|-resisted|p2a: Gholdengo
|-damage|p2a: Gholdengo|86/100
|
|-weather|Snowscape|[upkeep]
|-status|p1a: Ursaluna|brn|[from] item: Flame Orb
|upkeep
|turn|2
|
|t:|1756950673
|move|p1a: Ursaluna|Protect|p1a: Ursaluna
|-singleturn|p1a: Ursaluna|Protect
|move|p2b: Ninetales|Blizzard|p1a: Ursaluna|[spread] p1b
|-activate|p1a: Ursaluna|move: Protect
|-damage|p1b: Porygon2|52/100
|move|p2a: Gholdengo|Make It Rain|p1a: Ursaluna|[spread] p1b
|-activate|p1a: Ursaluna|move: Protect
|-damage|p1b: Porygon2|17/100
|-unboost|p2a: Gholdengo|spa|1
|move|p1b: Porygon2|Trick Room|p1b: Porygon2
|-fieldstart|move: Trick Room|[of] p1b: Porygon2
|
|-weather|Snowscape|[upkeep]
|-damage|p1a: Ursaluna|37/100 brn|[from] brn
|upkeep
|turn|3
|inactive|KChiefs7 has 30 seconds left.
|
|t:|1756950699
|switch|p1b: Flamigo|Flamigo, L50, F|100/100
|switch|p2a: Incineroar|Incineroar, L50, M|100/100
|-ability|p2a: Incineroar|Intimidate|boost
|-unboost|p1a: Ursaluna|atk|1
|-fail|p1b: Flamigo|unboost|Attack|[from] ability: Scrappy|[of] p1b: Flamigo
|-terastallize|p1a: Ursaluna|Ghost
|move|p1a: Ursaluna|Earthquake|p2b: Ninetales|[spread] p2a,p2b
|-immune|p1b: Flamigo
|-supereffective|p2a: Incineroar
|-damage|p2a: Incineroar|23/100
|-damage|p2b: Ninetales|55/100
|move|p2b: Ninetales|Blizzard|p1a: Ursaluna|[spread] p1a,p1b
|-supereffective|p1b: Flamigo
|-damage|p1a: Ursaluna|11/100 brn
|-damage|p1b: Flamigo|2/100
|
|-weather|Snowscape|[upkeep]
|-damage|p1a: Ursaluna|5/100 brn|[from] brn
|upkeep
|turn|4
|inactive|KChiefs7 has 30 seconds left.
|inactive|AUBrigade has 30 seconds left.
|inactive|KChiefs7 has 20 seconds left.
|inactive|AUBrigade has 20 seconds left.
|inactive|KChiefs7 has 15 seconds left.
|inactive|AUBrigade has 15 seconds left.
|inactive|KChiefs7 has 10 seconds left.
|inactive|AUBrigade has 10 seconds left.
|inactive|KChiefs7 has 5 seconds left.
|
|t:|1756950752
|switch|p1a: Porygon2|Porygon2, L50|17/100
|-ability|p1a: Porygon2|Download|boost
|-boost|p1a: Porygon2|atk|1
|switch|p2a: Dragonite|Dragonite, L50, M|100/100
|move|p2b: Ninetales|Protect|p2b: Ninetales
|-singleturn|p2b: Ninetales|Protect
|move|p1b: Flamigo|Wide Guard||[still]
|-fail|p1b: Flamigo
|
|-weather|Snowscape|[upkeep]
|upkeep
|turn|5
|inactive|KChiefs7 has 30 seconds left.
|inactive|KChiefs7 has 20 seconds left.
|inactive|KChiefs7 has 15 seconds left.
|
|t:|1756950792
|move|p1b: Flamigo|Wide Guard|p1b: Flamigo
|-singleturn|p1b: Flamigo|Wide Guard
|move|p2a: Dragonite|Extreme Speed|p1a: Porygon2
|-damage|p1a: Porygon2|0 fnt
|faint|p1a: Porygon2
|move|p2b: Ninetales|Freeze-Dry|p1b: Flamigo
|-supereffective|p1b: Flamigo
|-damage|p1b: Flamigo|0 fnt
|faint|p1b: Flamigo
|
|-weather|none
|upkeep
|
|t:|1756950800
|switch|p1a: Ursaluna|Ursaluna, L50, F, tera:Ghost|5/100 brn
|switch|p1b: Amoonguss|Amoonguss, L50, F|100/100
|turn|6
|
|t:|1756950824
|switch|p2b: Incineroar|Incineroar, L50, M|23/100
|-ability|p2b: Incineroar|Intimidate|boost
|-unboost|p1a: Ursaluna|atk|1
|-unboost|p1b: Amoonguss|atk|1
|move|p2a: Dragonite|Protect|p2a: Dragonite
|-singleturn|p2a: Dragonite|Protect
|move|p1a: Ursaluna|Facade|p2a: Dragonite
|-activate|p2a: Dragonite|move: Protect
|move|p1b: Amoonguss|Pollen Puff|p1a: Ursaluna
|-heal|p1a: Ursaluna|55/100 brn
|
|-damage|p1a: Ursaluna|49/100 brn|[from] brn
|-fieldend|move: Trick Room
|upkeep
|turn|7
|inactive|KChiefs7 has 30 seconds left.
|
|t:|1756950850
|-terastallize|p2b: Incineroar|Grass
|move|p1b: Amoonguss|Rage Powder|p1b: Amoonguss
|-singleturn|p1b: Amoonguss|move: Rage Powder
|move|p2a: Dragonite|Scale Shot|p1b: Amoonguss
|-damage|p1b: Amoonguss|86/100
|-damage|p1b: Amoonguss|74/100
|-damage|p1b: Amoonguss|62/100
|-damage|p1b: Amoonguss|49/100
|-hitcount|p1b: Amoonguss|4
|-unboost|p2a: Dragonite|def|1
|-boost|p2a: Dragonite|spe|1
|move|p2b: Incineroar|Knock Off|p1a: Ursaluna
|-supereffective|p1a: Ursaluna
|-damage|p1a: Ursaluna|0 fnt
|-enditem|p1a: Ursaluna|Flame Orb|[from] move: Knock Off|[of] p2b: Incineroar
|faint|p1a: Ursaluna
|
|upkeep
|turn|8
|inactive|KChiefs7 has 30 seconds left.
|inactive|KChiefs7 has 20 seconds left.
|inactive|KChiefs7 has 15 seconds left.
|inactive|KChiefs7 has 10 seconds left.
|
|t:|1756950898
|move|p2a: Dragonite|Ice Spinner|p1b: Amoonguss
|-supereffective|p1b: Amoonguss
|-damage|p1b: Amoonguss|0 fnt
|faint|p1b: Amoonguss
|
|win|AUBrigade
|raw|KChiefs7's rating: 1122 → 1108(-14 for losing)
|raw|AUBrigade's rating: 1281 → 1295(+14 for winning)
