|j|☆zuiyyy
|j|☆aviaflylol
|html|zuiyyyaviaflylol    
|uhtml|bestof|Game 1 of a best-of-3
|t:|1756514290
|gametype|doubles
|player|p1|zuiyyy|170|
|player|p2|aviaflylol|lucas|
|gen|9
|tier|[Gen 9] VGC 2025 Reg H (Bo3)
|rule|Tera Type Preview: Tera Types are shown at Team Preview
|rule|Species Clause: Limit one of each Pokémon
|rule|Item Clause: Limit 1 of each item
|raw|2 custom rules: Tera Type Preview, !Force Open Team Sheets
|clearpoke
|poke|p1|Kommo-o, L50, F|
|poke|p1|Pachirisu, L50, M|
|poke|p1|Empoleon, L50, M|
|poke|p1|Mimikyu, L50, F|
|poke|p1|Tyranitar, L50, F|
|poke|p1|Cacturne, L50, M|
|poke|p2|Archaludon, L50, M|
|poke|p2|Maushold, L50|
|poke|p2|Pelipper, L50, F|
|poke|p2|Overqwil, L50, M|
|poke|p2|Polteageist, L50|
|poke|p2|Slowpoke, L50, M|
|raw|zuiyyy's Tera Types: /  /  /  /  / 
|raw|aviaflylol's Tera Types: /  /  /  /  / 
|teampreview|4
|j| hunterdrago
|c|☆zuiyyy|r u 1 of the no timer players aviafly?
|c|☆zuiyyy|i forgot
|j| qwhat123
|
|t:|1756514378
|teamsize|p1|4
|teamsize|p2|4
|start
|switch|p1a: 5 Big Booms|Kommo-o, L50, F|100/100
|switch|p1b: Cheek Pouch|Pachirisu, L50, M|100/100
|switch|p2a: Archaludon|Archaludon, L50, M|100/100
|switch|p2b: Pelipper|Pelipper, L50, F|100/100
|-weather|RainDance|[from] ability: Drizzle|[of] p2b: Pelipper
|turn|1
|
|t:|1756514477
|-terastallize|p1a: 5 Big Booms|Fairy
|move|p1b: Cheek Pouch|Follow Me|p1b: Cheek Pouch
|-singleturn|p1b: Cheek Pouch|move: Follow Me
|move|p1a: 5 Big Booms|Clangorous Soul|p1a: 5 Big Booms
|-boost|p1a: 5 Big Booms|atk|1
|-boost|p1a: 5 Big Booms|def|1
|-boost|p1a: 5 Big Booms|spa|1
|-boost|p1a: 5 Big Booms|spd|1
|-boost|p1a: 5 Big Booms|spe|1
|-damage|p1a: 5 Big Booms|68/100
|move|p2a: Archaludon|Electro Shot||[still]
|-prepare|p2a: Archaludon|Electro Shot
|-boost|p2a: Archaludon|spa|1
|-anim|p2a: Archaludon|Electro Shot|p1b: Cheek Pouch
|-immune|p1b: Cheek Pouch|[from] ability: Volt Absorb
|move|p2b: Pelipper|Hurricane|p1b: Cheek Pouch
|-resisted|p1b: Cheek Pouch
|-damage|p1b: Cheek Pouch|66/100
|-start|p1b: Cheek Pouch|confusion
|
|-weather|RainDance|[upkeep]
|upkeep
|turn|2
|
|t:|1756514517
|switch|p1b: LIVE ACTION|Tyranitar, L50, F|100/100
|-weather|Sandstorm|[from] ability: Sand Stream|[of] p1b: LIVE ACTION
|move|p1a: 5 Big Booms|Aura Sphere|p2a: Archaludon
|-supereffective|p2a: Archaludon
|-damage|p2a: Archaludon|0 fnt
|faint|p2a: Archaludon
|move|p2b: Pelipper|Hurricane|p1a: 5 Big Booms
|-damage|p1a: 5 Big Booms|26/100
|-start|p1a: 5 Big Booms|confusion
|
|-weather|Sandstorm|[upkeep]
|-damage|p2b: Pelipper|95/100|[from] Sandstorm
|upkeep
|
|t:|1756514539
|switch|p2a: Maushold|Maushold, L50|100/100
|turn|3
|j| Criee
|
|t:|1756514578
|switch|p2b: Polteageist|Polteageist, L50|100/100
|move|p2a: Maushold|Protect|p2a: Maushold
|-singleturn|p2a: Maushold|Protect
|-activate|p1a: 5 Big Booms|confusion
|-damage|p1a: 5 Big Booms|17/100|[from] confusion
|-enditem|p1a: 5 Big Booms|Iapapa Berry|[eat]
|-heal|p1a: 5 Big Booms|50/100|[from] item: Iapapa Berry
|move|p1b: LIVE ACTION|Rock Slide|p2a: Maushold|[spread] p2b
|-activate|p2a: Maushold|move: Protect
|-damage|p2b: Polteageist|66/100
|-ability|p2b: Polteageist|Weak Armor|boost
|-unboost|p2b: Polteageist|def|1
|-boost|p2b: Polteageist|spe|2
|
|-weather|Sandstorm|[upkeep]
|-damage|p2b: Polteageist|60/100|[from] Sandstorm
|-damage|p2a: Maushold|94/100|[from] Sandstorm
|upkeep
|turn|4
|j| jfwarriors
|j| Harridino
|
|t:|1756514712
|switch|p2a: Pelipper|Pelipper, L50, F|95/100
|-weather|RainDance|[from] ability: Drizzle|[of] p2a: Pelipper
|-terastallize|p2b: Polteageist|Fairy
|move|p2b: Polteageist|Shadow Ball|p1a: 5 Big Booms
|-damage|p1a: 5 Big Booms|12/100
|-activate|p1a: 5 Big Booms|confusion
|-damage|p1a: 5 Big Booms|3/100|[from] confusion
|move|p1b: LIVE ACTION|Crunch|p2b: Polteageist
|-resisted|p2b: Polteageist
|-crit|p2b: Polteageist
|-damage|p2b: Polteageist|0 fnt
|faint|p2b: Polteageist
|
|-weather|RainDance|[upkeep]
|upkeep
|
|t:|1756514723
|switch|p2b: Maushold|Maushold, L50|94/100
|turn|5
|j| sussygon
|c| hunterdrago|youre kommo-o looking like bhat support
|c|☆zuiyyy|nah fr
|
|t:|1756514762
|-activate|p1a: 5 Big Booms|confusion
|-damage|p1a: 5 Big Booms|0 fnt|[from] confusion
|faint|p1a: 5 Big Booms
|move|p2b: Maushold|Population Bomb|p1b: LIVE ACTION
|-resisted|p1b: LIVE ACTION
|-damage|p1b: LIVE ACTION|98/100
|-resisted|p1b: LIVE ACTION
|-crit|p1b: LIVE ACTION
|-damage|p1b: LIVE ACTION|94/100
|-resisted|p1b: LIVE ACTION
|-damage|p1b: LIVE ACTION|92/100
|-resisted|p1b: LIVE ACTION
|-damage|p1b: LIVE ACTION|90/100
|-resisted|p1b: LIVE ACTION
|-damage|p1b: LIVE ACTION|87/100
|-resisted|p1b: LIVE ACTION
|-damage|p1b: LIVE ACTION|84/100
|-resisted|p1b: LIVE ACTION
|-damage|p1b: LIVE ACTION|82/100
|-resisted|p1b: LIVE ACTION
|-damage|p1b: LIVE ACTION|79/100
|-resisted|p1b: LIVE ACTION
|-damage|p1b: LIVE ACTION|77/100
|-resisted|p1b: LIVE ACTION
|-damage|p1b: LIVE ACTION|74/100
|-hitcount|p1b: LIVE ACTION|10
|move|p2a: Pelipper|Weather Ball|p1b: LIVE ACTION
|-supereffective|p1b: LIVE ACTION
|-damage|p1b: LIVE ACTION|0 fnt
|faint|p1b: LIVE ACTION
|
|-weather|RainDance|[upkeep]
|upkeep
|c|☆zuiyyy|it doesnt wanna listen
|c|☆zuiyyy|like
|c| Harridino|XDDD
|c| hunterdrago|BHAT
|c|☆zuiyyy|its allergic to listening
|c| hunterdrago|MY GOAT
|j| freshveggies2
|
|t:|1756514786
|switch|p1a: Cheek Pouch|Pachirisu, L50, M|66/100
|switch|p1b: Cockturne|Cacturne, L50, M|100/100
|turn|6
|l| qwhat123
|
|t:|1756514844
|move|p1a: Cheek Pouch|Follow Me|p1a: Cheek Pouch
|-singleturn|p1a: Cheek Pouch|move: Follow Me
|move|p2b: Maushold|Population Bomb|p1a: Cheek Pouch
|-damage|p1a: Cheek Pouch|57/100
|-damage|p1a: Cheek Pouch|50/100
|-enditem|p1a: Cheek Pouch|Sitrus Berry|[eat]
|-heal|p1a: Cheek Pouch|74/100|[from] item: Sitrus Berry
|-damage|p1a: Cheek Pouch|66/100
|-damage|p1a: Cheek Pouch|57/100
|-damage|p1a: Cheek Pouch|50/100
|-damage|p1a: Cheek Pouch|40/100
|-damage|p1a: Cheek Pouch|31/100
|-damage|p1a: Cheek Pouch|24/100
|-damage|p1a: Cheek Pouch|15/100
|-damage|p1a: Cheek Pouch|8/100
|-hitcount|p1a: Cheek Pouch|10
|move|p2a: Pelipper|Hurricane|p1a: Cheek Pouch
|-resisted|p1a: Cheek Pouch
|-damage|p1a: Cheek Pouch|0 fnt
|faint|p1a: Cheek Pouch
|move|p1b: Cockturne|Seed Bomb|p2a: Pelipper
|-damage|p2a: Pelipper|47/100
|-damage|p1b: Cockturne|91/100|[from] item: Life Orb
|
|-weather|RainDance|[upkeep]
|upkeep
|turn|7
|
|t:|1756514870
|move|p1b: Cockturne|Sucker Punch|p2a: Pelipper
|-damage|p2a: Pelipper|6/100
|-damage|p1b: Cockturne|81/100|[from] item: Life Orb
|move|p2b: Maushold|Population Bomb|p1b: Cockturne
|-damage|p1b: Cockturne|71/100
|-damage|p1b: Cockturne|61/100
|-damage|p1b: Cockturne|52/100
|-damage|p1b: Cockturne|43/100
|-damage|p1b: Cockturne|33/100
|-damage|p1b: Cockturne|24/100
|-damage|p1b: Cockturne|15/100
|-damage|p1b: Cockturne|5/100
|-damage|p1b: Cockturne|0 fnt
|faint|p1b: Cockturne
|-hitcount|p1: Cockturne|9
|
|win|aviaflylol
||zuiyyy is ready for game 2.
||aviaflylol is ready for game 2.
|uhtml|next|Next: Game 2 of 3
|j| yellow juice
|l| yellow juice
|j| yellow juice
|l| yellow juice
|j| yellow juice
|l| freshveggies2
|l| yellow juice
|l| jfwarriors
|l| Harridino
