|j|☆nillythekid
|j|☆xXMidaXx
|html|nillythekidxXMidaXx    
|uhtml|bestof|Game 1 of a best-of-3
|t:|1783422696
|gametype|doubles
|player|p1|nillythekid|hiker-gen4|1123
|player|p2|xXMidaXx|cynthia|1000
|gen|9
|tier|[Gen 9 Champions] VGC 2026 Reg M-B (Bo3)
|rated|
|rule|Species Clause: Limit one of each Pokémon
|rule|Item Clause: Limit 1 of each item
|clearpoke
|poke|p1|Sinistcha, L50|
|poke|p1|Incineroar, L50, M|
|poke|p1|Milotic, L50, F|
|poke|p1|Raichu, L50, F|
|poke|p1|Floette-Eternal, L50, F|
|poke|p1|Ceruledge, L50, M|
|poke|p2|Garchomp, L50, F|
|poke|p2|Lucario, L50, F|
|poke|p2|Roserade, L50, F|
|poke|p2|Spiritomb, L50, F|
|poke|p2|Milotic, L50, F|
|poke|p2|Clefable, L50, M|
|teampreview|4
|showteam|p1|Sinistcha||KasibBerry|Hospitality|MatchaGotcha,LifeDew,RagePowder,Protect|Relaxed|||||50|]Incineroar||SitrusBerry|Intimidate|FlareBlitz,ThroatChop,FakeOut,PartingShot|Impish||M|||50|]Milotic||Leftovers|Competitive|MuddyWater,Coil,Hypnosis,Protect|Calm||F|||50|]Raichu||RaichuniteY|LightningRod|ZapCannon,FocusBlast,FakeOut,Protect|Timid||F|||50|]Floette-Eternal||Floettite|FlowerVeil|DazzlingGleam,DrainingKiss,CalmMind,Protect|Timid||F|||50|]Ceruledge||ColburBerry|FlashFire|BitterBlade,ShadowSneak,BulkUp,Protect|Adamant||M|||50|
|showteam|p2|Garchomp||LifeOrb|RoughSkin|Protect,DragonRush,RockSlide,Earthquake|Adamant||F|||50|]Lucario||Lucarionite|InnerFocus|AuraSphere,FlashCannon,Detect,CalmMind|Modest||F|||50|]Roserade||FocusSash|PoisonPoint|Protect,DazzlingGleam,LeafStorm,SludgeBomb|Serious||F|||50|]Spiritomb||Leftovers|Pressure|DarkPulse,Disable,PainSplit,ShadowBall|Calm||F|||50|]Milotic||SitrusBerry|Competitive|Coil,Hypnosis,MuddyWater,Protect|Modest||F|||50|]Clefable||Clefablite|MagicGuard|LifeDew,Gravity,Moonblast,Copycat|Bold||M|||50|
|inactive|Battle timer is ON: inactive players will automatically lose when time's up. (requested by xXMidaXx)
|
|t:|1783422733
|teamsize|p1|4
|teamsize|p2|4
|start
|switch|p1a: Incineroar|Incineroar, L50, M|100/100
|switch|p1b: Floette|Floette-Eternal, L50, F|100/100
|switch|p2a: Clefable|Clefable, L50, M|100/100
|switch|p2b: Milotic|Milotic, L50, F|100/100
|-ability|p1a: Incineroar|Intimidate|boost
|-unboost|p2a: Clefable|atk|1
|-unboost|p2b: Milotic|atk|1
|-ability|p2b: Milotic|Competitive|boost
|-boost|p2b: Milotic|spa|2
|turn|1
|
|t:|1783422754
|detailschange|p1b: Floette|Floette-Mega, L50, F
|-mega|p1b: Floette|Floette|Floettite
|-ability|p1b: Floette|Fairy Aura
|move|p2b: Milotic|Protect|p2b: Milotic
|-singleturn|p2b: Milotic|Protect
|move|p1a: Incineroar|Fake Out|p2b: Milotic
|-activate|p2b: Milotic|move: Protect
|move|p1b: Floette|Calm Mind|p1b: Floette
|-boost|p1b: Floette|spa|1
|-boost|p1b: Floette|spd|1
|move|p2a: Clefable|Gravity|p2a: Clefable
|-fieldstart|move: Gravity
|
|upkeep
|turn|2
|
|t:|1783422779
|move|p1b: Floette|Protect|p1b: Floette
|-singleturn|p1b: Floette|Protect
|move|p2b: Milotic|Hypnosis|p1b: Floette
|-activate|p1b: Floette|move: Protect
|move|p1a: Incineroar|Parting Shot|p2a: Clefable
|-unboost|p2a: Clefable|atk|1
|-unboost|p2a: Clefable|spa|1
|
|t:|1783422785
|switch|p1a: Sinistcha|Sinistcha, L50|100/100|[from] Parting Shot
|move|p2a: Clefable|Copycat|p2a: Clefable
|move|p2a: Clefable|Parting Shot|p1b: Floette|[from] move: Copycat
|-activate|p1b: Floette|move: Protect
|
|upkeep
|turn|3
|inactive|xXMidaXx has 30 seconds left.
|inactive|xXMidaXx has 20 seconds left.
|
|t:|1783422825
|move|p1a: Sinistcha|Rage Powder|p1a: Sinistcha
|-singleturn|p1a: Sinistcha|move: Rage Powder
|move|p1b: Floette|Dazzling Gleam|p2a: Clefable|[spread] p2a,p2b
|-damage|p2a: Clefable|53/100
|-damage|p2b: Milotic|48/100
|-enditem|p2b: Milotic|Sitrus Berry|[eat]
|-heal|p2b: Milotic|72/100|[from] item: Sitrus Berry
|move|p2b: Milotic|Hypnosis|p1a: Sinistcha
|-status|p1a: Sinistcha|slp|[from] move: Hypnosis
|move|p2a: Clefable|Copycat|p2a: Clefable
|move|p2a: Clefable|Hypnosis|p1a: Sinistcha|[from] move: Copycat
|-fail|p1a: Sinistcha|slp
|
|upkeep
|turn|4
|inactive|xXMidaXx has 30 seconds left.
|
|t:|1783422859
|switch|p2a: Lucario|Lucario, L50, F|100/100
|move|p1b: Floette|Protect|p1b: Floette
|-singleturn|p1b: Floette|Protect
|move|p2b: Milotic|Muddy Water|p1b: Floette|[spread] p1a
|-activate|p1b: Floette|move: Protect
|-resisted|p1a: Sinistcha|1
|-damage|p1a: Sinistcha|71/100 slp
|cant|p1a: Sinistcha|slp
|
|upkeep
|turn|5
|
|t:|1783422878
|detailschange|p2a: Lucario|Lucario-Mega, L50, F
|-mega|p2a: Lucario|Lucario|Lucarionite
|-curestatus|p1a: Sinistcha|slp|[msg]
|move|p1a: Sinistcha|Rage Powder|p1a: Sinistcha
|-singleturn|p1a: Sinistcha|move: Rage Powder
|move|p1b: Floette|Dazzling Gleam|p2a: Lucario|[spread] p2a,p2b
|-damage|p2a: Lucario|7/100
|-damage|p2b: Milotic|23/100
|move|p2a: Lucario|Flash Cannon|p1a: Sinistcha
|-damage|p1a: Sinistcha|10/100
|move|p2b: Milotic|Coil|p2b: Milotic
|-boost|p2b: Milotic|atk|1
|-boost|p2b: Milotic|def|1
|-boost|p2b: Milotic|accuracy|1
|
|-fieldend|move: Gravity
|upkeep
|turn|6
|-message|xXMidaXx forfeited.
|raw|nillythekid's rating: 1123 → 1140(+17 for winning)
|raw|xXMidaXx's rating: 1000 → 1000(+0 for losing)
|
|win|nillythekid
|l|☆xXMidaXx
|player|p2|
