|j|☆FireFerret12
|j|☆gingyvgc3
|html|FireFerret12gingyvgc3    
|uhtml|bestof|Game 2 of a best-of-3
|t:|1756759264
|gametype|doubles
|player|p1|FireFerret12|nate|1085
|player|p2|gingyvgc3|hilbert-wonderlauncher|1059
|gen|9
|tier|[Gen 9] VGC 2025 Reg H (Bo3)
|rated|
|rule|Species Clause: Limit one of each Pokémon
|rule|Item Clause: Limit 1 of each item
|clearpoke
|poke|p1|Incineroar, L50, M|
|poke|p1|Gholdengo, L50|
|poke|p1|Rillaboom, L50, M|
|poke|p1|Farigiraf, L50, F|
|poke|p1|Dragonite, L50, M|
|poke|p1|Primarina, L50, M|
|poke|p2|Archaludon, L50, F|
|poke|p2|Pelipper, L50, F|
|poke|p2|Sinistcha, L50|
|poke|p2|Ursaluna-Bloodmoon, L50, M|
|poke|p2|Rillaboom, L50, M|
|poke|p2|Basculegion, L50, M|
|teampreview|4
|showteam|p1|Incineroar||AssaultVest|Intimidate|FakeOut,FlareBlitz,KnockOff,Uturn|||M|||50|,,,,,Grass]Gholdengo||GrassySeed|GoodasGold|MakeItRain,ShadowBall,NastyPlot,Protect||||||50|,,,,,Water]Rillaboom||MiracleSeed|GrassySurge|FakeOut,GrassyGlide,WoodHammer,Uturn|||M|||50|,,,,,Fire]Farigiraf||ThroatSpray|ArmorTail|Psychic,HyperVoice,TrickRoom,Protect|||F|||50|,,,,,Water]Dragonite||LoadedDice|Multiscale|ExtremeSpeed,ScaleShot,Haze,Protect|||M|||50|,,,,,Steel]Primarina||ChoiceSpecs|LiquidVoice|Moonblast,HyperVoice,IcyWind,FlipTurn|||M|||50|,,,,,Poison
|showteam|p2|Archaludon||AssaultVest|Stamina|ElectroShot,BodyPress,FlashCannon,DragonPulse|||F|||50|,,,,,Bug]Pelipper||FocusSash|Drizzle|Hurricane,WeatherBall,WideGuard,Protect|||F|||50|,,,,,Stellar]Sinistcha||SitrusBerry|Hospitality|MatchaGotcha,ShadowBall,RagePowder,TrickRoom||||||50|,,,,,Water]Ursaluna-Bloodmoon||LifeOrb|MindsEye|BloodMoon,EarthPower,VacuumWave,Protect|||M|||50|,,,,,Fighting]Rillaboom||LoadedDice|GrassySurge|FakeOut,GrassyGlide,BulletSeed,HighHorsepower|||M|||50|,,,,,Fire]Basculegion||ChoiceBand|SwiftSwim|WaveCrash,LastRespects,AquaJet,FlipTurn|||M|||50|,,,,,Grass
|
|t:|1756759300
|teamsize|p1|4
|teamsize|p2|4
|start
|switch|p1a: Dragonite|Dragonite, L50, M|100/100
|switch|p1b: Primarina|Primarina, L50, M|100/100
|switch|p2a: Sinistcha|Sinistcha, L50|100/100
|switch|p2b: Ursaluna|Ursaluna-Bloodmoon, L50, M|100/100
|turn|1
|
|t:|1756759352
|-terastallize|p2b: Ursaluna|Fighting
|move|p2a: Sinistcha|Rage Powder|p2a: Sinistcha
|-singleturn|p2a: Sinistcha|move: Rage Powder
|move|p1a: Dragonite|Scale Shot|p2a: Sinistcha
|-damage|p2a: Sinistcha|87/100
|-damage|p2a: Sinistcha|73/100
|-damage|p2a: Sinistcha|58/100
|-damage|p2a: Sinistcha|46/100
|-enditem|p2a: Sinistcha|Sitrus Berry|[eat]
|-heal|p2a: Sinistcha|71/100|[from] item: Sitrus Berry
|-hitcount|p2a: Sinistcha|4
|-unboost|p1a: Dragonite|def|1
|-boost|p1a: Dragonite|spe|1
|move|p2b: Ursaluna|Blood Moon|p1b: Primarina
|-damage|p1b: Primarina|18/100
|-damage|p2b: Ursaluna|91/100|[from] item: Life Orb
|move|p1b: Primarina|Hyper Voice|p2a: Sinistcha|[spread] p2a,p2b
|-resisted|p2a: Sinistcha
|-damage|p2a: Sinistcha|48/100
|-damage|p2b: Ursaluna|23/100
|
|upkeep
|turn|2
|
|t:|1756759396
|switch|p1b: Gholdengo|Gholdengo, L50|100/100
|move|p2b: Ursaluna|Protect|p2b: Ursaluna
|-singleturn|p2b: Ursaluna|Protect
|move|p1a: Dragonite|Scale Shot|p2a: Sinistcha
|-damage|p2a: Sinistcha|35/100
|-damage|p2a: Sinistcha|22/100
|-damage|p2a: Sinistcha|8/100
|-damage|p2a: Sinistcha|0 fnt
|faint|p2a: Sinistcha
|-hitcount|p2: Sinistcha|4
|-unboost|p1a: Dragonite|def|1
|-boost|p1a: Dragonite|spe|1
|
|upkeep
|
|t:|1756759410
|switch|p2a: Archaludon|Archaludon, L50, F|100/100
|turn|3
|
|t:|1756759423
|switch|p2b: Pelipper|Pelipper, L50, F|100/100
|-weather|RainDance|[from] ability: Drizzle|[of] p2b: Pelipper
|move|p1a: Dragonite|Scale Shot|p2b: Pelipper
|-damage|p2b: Pelipper|81/100
|-damage|p2b: Pelipper|60/100
|-damage|p2b: Pelipper|40/100
|-damage|p2b: Pelipper|20/100
|-hitcount|p2b: Pelipper|4
|-unboost|p1a: Dragonite|def|1
|-boost|p1a: Dragonite|spe|1
|move|p1b: Gholdengo|Nasty Plot|p1b: Gholdengo
|-boost|p1b: Gholdengo|spa|2
|move|p2a: Archaludon|Electro Shot||[still]
|-prepare|p2a: Archaludon|Electro Shot
|-boost|p2a: Archaludon|spa|1
|-anim|p2a: Archaludon|Electro Shot|p1b: Gholdengo
|-damage|p1b: Gholdengo|40/100
|
|-weather|RainDance|[upkeep]
|upkeep
|turn|4
|
|t:|1756759454
|move|p2b: Pelipper|Wide Guard|p2b: Pelipper
|-singleturn|p2b: Pelipper|Wide Guard
|move|p1a: Dragonite|Scale Shot|p2b: Pelipper
|-damage|p2b: Pelipper|0 fnt
|faint|p2b: Pelipper
|-hitcount|p2: Pelipper|1
|-unboost|p1a: Dragonite|def|1
|-boost|p1a: Dragonite|spe|1
|move|p1b: Gholdengo|Shadow Ball|p2a: Archaludon
|-damage|p2a: Archaludon|46/100
|-ability|p2a: Archaludon|Stamina|boost
|-boost|p2a: Archaludon|def|1
|move|p2a: Archaludon|Electro Shot||[still]
|-prepare|p2a: Archaludon|Electro Shot
|-boost|p2a: Archaludon|spa|1
|-anim|p2a: Archaludon|Electro Shot|p1b: Gholdengo
|-damage|p1b: Gholdengo|0 fnt
|faint|p1b: Gholdengo
|
|-weather|RainDance|[upkeep]
|upkeep
|
|t:|1756759472
|switch|p1b: Rillaboom|Rillaboom, L50, M|100/100
|switch|p2b: Ursaluna|Ursaluna-Bloodmoon, L50, M, tera:Fighting|23/100
|-fieldstart|move: Grassy Terrain|[from] ability: Grassy Surge|[of] p1b: Rillaboom
|turn|5
|
|t:|1756759482
|move|p2b: Ursaluna|Protect|p2b: Ursaluna
|-singleturn|p2b: Ursaluna|Protect
|move|p1b: Rillaboom|Fake Out|p2a: Archaludon
|-resisted|p2a: Archaludon
|-damage|p2a: Archaludon|43/100
|-ability|p2a: Archaludon|Stamina|boost
|-boost|p2a: Archaludon|def|1
|move|p1a: Dragonite|Scale Shot|p2b: Ursaluna
|-activate|p2b: Ursaluna|move: Protect
|cant|p2a: Archaludon|flinch
|
|-weather|RainDance|[upkeep]
|-heal|p2a: Archaludon|49/100|[from] Grassy Terrain
|-heal|p2b: Ursaluna|29/100|[from] Grassy Terrain
|upkeep
|turn|6
|
|t:|1756759507
|move|p2b: Ursaluna|Vacuum Wave|p1b: Rillaboom
|-damage|p1b: Rillaboom|71/100
|-damage|p2b: Ursaluna|19/100|[from] item: Life Orb
|move|p1a: Dragonite|Scale Shot|p2b: Ursaluna
|-damage|p2b: Ursaluna|7/100
|-damage|p2b: Ursaluna|0 fnt
|faint|p2b: Ursaluna
|-hitcount|p2: Ursaluna|2
|-unboost|p1a: Dragonite|def|1
|-boost|p1a: Dragonite|spe|1
|move|p1b: Rillaboom|U-turn|p2a: Archaludon
|-resisted|p2a: Archaludon
|-damage|p2a: Archaludon|45/100
|-ability|p2a: Archaludon|Stamina|boost
|-boost|p2a: Archaludon|def|1
|
|t:|1756759520
|switch|p1b: Primarina|Primarina, L50, M|18/100|[from] U-turn
|move|p2a: Archaludon|Dragon Pulse|p1a: Dragonite
|-supereffective|p1a: Dragonite
|-damage|p1a: Dragonite|21/100
|
|-weather|RainDance|[upkeep]
|-heal|p2a: Archaludon|51/100|[from] Grassy Terrain
|-heal|p1b: Primarina|24/100|[from] Grassy Terrain
|upkeep
|turn|7
|
|t:|1756759535
|move|p1a: Dragonite|Haze|p1a: Dragonite
|-clearallboost
|move|p2a: Archaludon|Flash Cannon|p1b: Primarina
|-damage|p1b: Primarina|0 fnt
|faint|p1b: Primarina
|
|-weather|none
|-heal|p2a: Archaludon|57/100|[from] Grassy Terrain
|upkeep
|
|t:|1756759543
|switch|p1b: Rillaboom|Rillaboom, L50, M|71/100
|turn|8
|
|t:|1756759547
|move|p1b: Rillaboom|Fake Out|p2a: Archaludon
|-resisted|p2a: Archaludon
|-damage|p2a: Archaludon|53/100
|-ability|p2a: Archaludon|Stamina|boost
|-boost|p2a: Archaludon|def|1
|move|p1a: Dragonite|Scale Shot|p2a: Archaludon
|-damage|p2a: Archaludon|45/100
|-ability|p2a: Archaludon|Stamina|boost
|-boost|p2a: Archaludon|def|1
|-damage|p2a: Archaludon|40/100
|-ability|p2a: Archaludon|Stamina|boost
|-boost|p2a: Archaludon|def|1
|-damage|p2a: Archaludon|35/100
|-ability|p2a: Archaludon|Stamina|boost
|-boost|p2a: Archaludon|def|1
|-damage|p2a: Archaludon|32/100
|-ability|p2a: Archaludon|Stamina|boost
|-boost|p2a: Archaludon|def|1
|-damage|p2a: Archaludon|29/100
|-ability|p2a: Archaludon|Stamina|boost
|-boost|p2a: Archaludon|def|1
|-hitcount|p2a: Archaludon|5
|-unboost|p1a: Dragonite|def|1
|-boost|p1a: Dragonite|spe|1
|cant|p2a: Archaludon|flinch
|
|-heal|p1b: Rillaboom|78/100|[from] Grassy Terrain
|-heal|p2a: Archaludon|35/100|[from] Grassy Terrain
|upkeep
|turn|9
|inactive|Battle timer is ON: inactive players will automatically lose when time's up. (requested by gingyvgc3)
|
|t:|1756759593
|-terastallize|p1b: Rillaboom|Fire
|move|p1a: Dragonite|Haze|p1a: Dragonite
|-clearallboost
|move|p1b: Rillaboom|Wood Hammer|p2a: Archaludon
|-resisted|p2a: Archaludon
|-damage|p2a: Archaludon|21/100
|-ability|p2a: Archaludon|Stamina|boost
|-boost|p2a: Archaludon|def|1
|-damage|p1b: Rillaboom|73/100|[from] Recoil
|move|p2a: Archaludon|Dragon Pulse|p1a: Dragonite
|-supereffective|p1a: Dragonite
|-damage|p1a: Dragonite|0 fnt
|faint|p1a: Dragonite
|
|-heal|p1b: Rillaboom|79/100|[from] Grassy Terrain
|-heal|p2a: Archaludon|27/100|[from] Grassy Terrain
|-fieldend|move: Grassy Terrain
|upkeep
|turn|10
|inactive|gingyvgc3 has 30 seconds left.
|
|t:|1756759624
|move|p1b: Rillaboom|Wood Hammer|p2a: Archaludon
|-resisted|p2a: Archaludon
|-damage|p2a: Archaludon|20/100
|-ability|p2a: Archaludon|Stamina|boost
|-boost|p2a: Archaludon|def|1
|-damage|p1b: Rillaboom|77/100|[from] Recoil
|move|p2a: Archaludon|Dragon Pulse|p1b: Rillaboom
|-damage|p1b: Rillaboom|39/100
|
|upkeep
|turn|11
|
|t:|1756759636
|move|p1b: Rillaboom|Wood Hammer|p2a: Archaludon
|-resisted|p2a: Archaludon
|-crit|p2a: Archaludon
|-damage|p2a: Archaludon|2/100
|-ability|p2a: Archaludon|Stamina|boost
|-boost|p2a: Archaludon|def|1
|-damage|p1b: Rillaboom|33/100|[from] Recoil
|move|p2a: Archaludon|Body Press|p1b: Rillaboom
|-damage|p1b: Rillaboom|0 fnt
|faint|p1b: Rillaboom
|
|win|gingyvgc3
||FireFerret12 is ready for game 3.
|l|☆FireFerret12
|player|p1|
|inactive|gingyvgc3 has 30 seconds to confirm battle start!
||gingyvgc3 is ready for game 3.
|uhtml|next|Next: Game 3 of 3
