|j|☆JZ21
|j|☆langschlong
|html|JZ21langschlong    
|uhtml|bestof|Game 1 of a best-of-3
|t:|1757624212
|gametype|doubles
|player|p1|JZ21|brendan-rs|
|player|p2|langschlong|steven|
|gen|9
|tier|[Gen 9] VGC 2025 Reg H (Bo3)
|rule|Species Clause: Limit one of each Pokémon
|rule|Item Clause: Limit 1 of each item
|clearpoke
|poke|p1|Ninetales-Alola, L50, F|
|poke|p1|Rillaboom, L50, M|
|poke|p1|Magmar, L50, M|
|poke|p1|Sneasler, L50, F|
|poke|p1|Kingambit, L50, M|
|poke|p1|Basculegion, L50, M|
|poke|p2|Archaludon, L50, M|
|poke|p2|Gholdengo, L50|
|poke|p2|Whimsicott, L50, M|
|poke|p2|Dragonite, L50, M|
|poke|p2|Ursaluna-Bloodmoon, L50, M|
|poke|p2|Incineroar, L50, M|
|teampreview|4
|showteam|p1|Ninetales-Alola||NeverMeltIce|SnowWarning|Blizzard,FreezeDry,Encore,Protect|||F|||50|,,,,,Ghost]Rillaboom||AssaultVest|GrassySurge|WoodHammer,GrassyGlide,Uturn,FakeOut|||M|||50|,,,,,Ghost]Magmar||Eviolite|VitalSpirit|Protect,HeatWave,WillOWisp,FollowMe|||M|||50|,,,,,Ghost]Sneasler||FocusSash|PoisonTouch|FakeOut,DireClaw,CloseCombat,Protect|||F|||50|,,,,,Ghost]Kingambit||BlackGlasses|Defiant|KowtowCleave,SwordsDance,SuckerPunch,Protect|||M|||50|,,,,,Fire]Basculegion||ChoiceScarf|Adaptability|WaveCrash,FlipTurn,TeraBlast,LastRespects|||M|||50|,,,,,Fighting
|showteam|p2|Archaludon||PowerHerb|Stalwart|ElectroShot,Thunderbolt,DragonPulse,Protect|||M|||50|,,,,,Electric]Gholdengo||MetalCoat|GoodasGold|MakeItRain,ShadowBall,NastyPlot,Protect||||||50|,,,,,Steel]Whimsicott||FocusSash|Prankster|Moonblast,FakeTears,Encore,Tailwind|||M|||50|,,,,,Ghost]Dragonite||LoadedDice|InnerFocus|ScaleShot,ExtremeSpeed,IceSpinner,Protect|||M|||50|,,,,,Steel]Ursaluna-Bloodmoon||AssaultVest|MindsEye|BloodMoon,HyperVoice,EarthPower,VacuumWave|||M|||50|,,,,,Water]Incineroar||MirrorHerb|Intimidate|FakeOut,FlareBlitz,KnockOff,PartingShot|||M|||50|,,,,,Grass
|
|t:|1757624393
|teamsize|p1|4
|teamsize|p2|4
|start
|switch|p1a: psssssssssst|Magmar, L50, M|100/100
|switch|p1b: ShingShing|Kingambit, L50, M, shiny|100/100
|switch|p2a: salty springs|Gholdengo, L50|100/100
|switch|p2b: tilted towers|Whimsicott, L50, M, shiny|100/100
|turn|1
|
|t:|1757624457
|move|p2a: salty springs|Protect|p2a: salty springs
|-singleturn|p2a: salty springs|Protect
|move|p2b: tilted towers|Tailwind|p2b: tilted towers
|-sidestart|p2: langschlong|move: Tailwind
|move|p1a: psssssssssst|Heat Wave|p2b: tilted towers|[spread] p2b
|-activate|p2a: salty springs|move: Protect
|-supereffective|p2b: tilted towers
|-damage|p2b: tilted towers|25/100
|move|p1b: ShingShing|Swords Dance|p1b: ShingShing
|-boost|p1b: ShingShing|atk|2
|
|upkeep
|turn|2
|
|t:|1757624504
|move|p2b: tilted towers|Encore|p1a: psssssssssst
|-start|p1a: psssssssssst|Encore
|move|p2a: salty springs|Make It Rain|p1a: psssssssssst|[spread] p1a,p1b
|-resisted|p1a: psssssssssst
|-resisted|p1b: ShingShing
|-damage|p1a: psssssssssst|78/100
|-damage|p1b: ShingShing|68/100
|-unboost|p2a: salty springs|spa|1
|move|p1a: psssssssssst|Heat Wave|p2b: tilted towers|[spread] p2a,p2b
|-supereffective|p2a: salty springs
|-supereffective|p2b: tilted towers
|-damage|p2a: salty springs|44/100
|-damage|p2b: tilted towers|0 fnt
|-status|p2a: salty springs|brn
|faint|p2b: tilted towers
|move|p1b: ShingShing|Kowtow Cleave|p2a: salty springs
|-supereffective|p2a: salty springs
|-crit|p2a: salty springs
|-damage|p2a: salty springs|0 fnt
|faint|p2a: salty springs
|
|upkeep
|
|t:|1757624520
|switch|p2b: pleasant park|Dragonite, L50, M, shiny|100/100
|switch|p2a: retail row|Archaludon, L50, M|100/100
|turn|3
|
|t:|1757624559
|move|p2a: retail row|Protect|p2a: retail row
|-singleturn|p2a: retail row|Protect
|move|p1b: ShingShing|Protect|p1b: ShingShing
|-singleturn|p1b: ShingShing|Protect
|move|p2b: pleasant park|Scale Shot|p1a: psssssssssst
|-damage|p1a: psssssssssst|66/100
|-damage|p1a: psssssssssst|55/100
|-crit|p1a: psssssssssst
|-damage|p1a: psssssssssst|39/100
|-damage|p1a: psssssssssst|26/100
|-hitcount|p1a: psssssssssst|4
|-unboost|p2b: pleasant park|def|1
|-boost|p2b: pleasant park|spe|1
|move|p1a: psssssssssst|Heat Wave|p2a: retail row|[spread] p2b
|-activate|p2a: retail row|move: Protect
|-resisted|p2b: pleasant park
|-damage|p2b: pleasant park|86/100
|
|upkeep
|turn|4
|
|t:|1757624604
|-terastallize|p2a: retail row|Electric
|move|p1b: ShingShing|Sucker Punch|p2a: retail row
|-damage|p2a: retail row|21/100
|move|p2b: pleasant park|Scale Shot|p1a: psssssssssst|[miss]
|-miss|p2b: pleasant park|p1a: psssssssssst
|move|p2a: retail row|Electro Shot||[still]
|-prepare|p2a: retail row|Electro Shot
|-boost|p2a: retail row|spa|1
|-enditem|p2a: retail row|Power Herb
|-anim|p2a: retail row|Electro Shot|p1b: ShingShing
|-damage|p1b: ShingShing|0 fnt
|faint|p1b: ShingShing
|move|p1a: psssssssssst|Heat Wave|p2b: pleasant park|[spread] p2a,p2b
|-resisted|p2b: pleasant park
|-damage|p2a: retail row|0 fnt
|-damage|p2b: pleasant park|72/100
|faint|p2a: retail row
|
|-end|p1a: psssssssssst|Encore
|-sideend|p2: langschlong|move: Tailwind
|upkeep
|
|t:|1757624612
|switch|p1b: whatup|Sneasler, L50, F|100/100
|turn|5
|
|t:|1757624634
|move|p2b: pleasant park|Protect|p2b: pleasant park
|-singleturn|p2b: pleasant park|Protect
|move|p1a: psssssssssst|Follow Me|p1a: psssssssssst
|-singleturn|p1a: psssssssssst|move: Follow Me
|move|p1b: whatup|Dire Claw|p2b: pleasant park
|-activate|p2b: pleasant park|move: Protect
|
|upkeep
|turn|6
|
|t:|1757624687
|move|p1a: psssssssssst|Follow Me|p1a: psssssssssst
|-singleturn|p1a: psssssssssst|move: Follow Me
|move|p2b: pleasant park|Scale Shot|p1a: psssssssssst
|-damage|p1a: psssssssssst|14/100
|-damage|p1a: psssssssssst|2/100
|-damage|p1a: psssssssssst|0 fnt
|faint|p1a: psssssssssst
|-hitcount|p1: psssssssssst|3
|-unboost|p2b: pleasant park|def|1
|-boost|p2b: pleasant park|spe|1
|move|p1b: whatup|Dire Claw|p2b: pleasant park
|-damage|p2b: pleasant park|0 fnt
|faint|p2b: pleasant park
|
|win|JZ21
||JZ21 is ready for game 2.
|inactive|langschlong has 30 seconds to confirm battle start!
||langschlong is ready for game 2.
|uhtml|next|Next: Game 2 of 3
|l|☆langschlong
|player|p2|
