|j|☆xdi8723
|j|☆L9_Shrimp
|html|xdi8723L9_Shrimp    
|uhtml|bestof|Game 1 of a best-of-3
|t:|1756887937
|gametype|doubles
|player|p1|xdi8723|101|1082
|player|p2|L9_Shrimp|fisherman|1167
|gen|9
|tier|[Gen 9] VGC 2025 Reg H (Bo3)
|rated|
|rule|Species Clause: Limit one of each Pokémon
|rule|Item Clause: Limit 1 of each item
|clearpoke
|poke|p1|Gholdengo, L50|
|poke|p1|Amoonguss, L50, M|
|poke|p1|Incineroar, L50, M|
|poke|p1|Kommo-o, L50, F|
|poke|p1|Ninetales-Alola, L50, M|
|poke|p1|Dragonite, L50, M|
|poke|p2|Dragonite, L50, M|
|poke|p2|Gholdengo, L50|
|poke|p2|Ursaluna-Bloodmoon, L50, M|
|poke|p2|Annihilape, L50, F|
|poke|p2|Maushold-Four, L50|
|poke|p2|Rillaboom, L50, M|
|teampreview|4
|showteam|p1|Gholdengo||ChoiceSpecs|GoodasGold|MakeItRain,ShadowBall,Trick,FocusBlast||||||50|,,,,,Steel]Amoonguss||RockyHelmet|Regenerator|Protect,RagePowder,Spore,PollenPuff|||M|||50|,,,,,Fairy]Incineroar||SafetyGoggles|Intimidate|FakeOut,FlareBlitz,KnockOff,PartingShot|||M|||50|,,,,,Ghost]Kommo-o||ThroatSpray|Soundproof|Protect,ClangingScales,Flamethrower,ClangorousSoul|||F|||50|,,,,,Fire]Ninetales-Alola||FocusSash|SnowWarning|Protect,Blizzard,FreezeDry,Encore|||M|||50|,,,,,Ice]Dragonite||AssaultVest|Multiscale|ExtremeSpeed,TeraBlast,IceSpinner,StompingTantrum|||M|||50|,,,,,Flying
|showteam|p2|Dragonite||LoadedDice|Multiscale|ScaleShot,Tailwind,Haze,Protect|||M|||50|,,,,,Fairy]Gholdengo||LifeOrb|GoodasGold|MakeItRain,ShadowBall,NastyPlot,Protect||||||50|,,,,,Water]Ursaluna-Bloodmoon||AssaultVest|MindsEye|BloodMoon,EarthPower,HyperVoice,VacuumWave|||M|||50|,,,,,Water]Annihilape||SitrusBerry|Defiant|DrainPunch,RageFist,BulkUp,Protect|||F|||50|,,,,,Fire]Maushold-Four||FocusSash|FriendGuard|SuperFang,BeatUp,FollowMe,Protect||||||50|,,,,,Ghost]Rillaboom||MiracleSeed|GrassySurge|WoodHammer,GrassyGlide,HighHorsepower,FakeOut|||M|||50|,,,,,Fire
|inactive|Battle timer is ON: inactive players will automatically lose when time's up. (requested by xdi8723)
|inactive|xdi8723 has 60 seconds left.
|inactive|xdi8723 has 30 seconds left.
|
|t:|1756888015
|teamsize|p1|4
|teamsize|p2|4
|start
|switch|p1a: Incineroar|Incineroar, L50, M|100/100
|switch|p1b: Kommo-o|Kommo-o, L50, F|100/100
|switch|p2a: Annihilape|Annihilape, L50, F|100/100
|switch|p2b: Maushold|Maushold-Four, L50|100/100
|-ability|p1a: Incineroar|Intimidate|boost
|-unboost|p2a: Annihilape|atk|1
|-ability|p2a: Annihilape|Defiant|boost
|-boost|p2a: Annihilape|atk|2
|-unboost|p2b: Maushold|atk|1
|turn|1
|inactive|xdi8723 has 30 seconds left.
|
|t:|1756888041
|move|p2b: Maushold|Protect|p2b: Maushold
|-singleturn|p2b: Maushold|Protect
|move|p1a: Incineroar|Fake Out|p2b: Maushold
|-activate|p2b: Maushold|move: Protect
|move|p2a: Annihilape|Drain Punch|p1a: Incineroar
|-supereffective|p1a: Incineroar
|-damage|p1a: Incineroar|4/100
|move|p1b: Kommo-o|Clangorous Soul|p1b: Kommo-o
|-boost|p1b: Kommo-o|atk|1
|-boost|p1b: Kommo-o|def|1
|-boost|p1b: Kommo-o|spa|1
|-boost|p1b: Kommo-o|spd|1
|-boost|p1b: Kommo-o|spe|1
|-damage|p1b: Kommo-o|68/100
|-enditem|p1b: Kommo-o|Throat Spray
|-boost|p1b: Kommo-o|spa|1|[from] item: Throat Spray
|
|upkeep
|turn|2
|
|t:|1756888066
|move|p2a: Annihilape|Protect|p2a: Annihilape
|-singleturn|p2a: Annihilape|Protect
|move|p1b: Kommo-o|Clanging Scales|p2b: Maushold|[spread] p2b
|-activate|p2a: Annihilape|move: Protect
|-damage|p2b: Maushold|15/100
|-unboost|p1b: Kommo-o|def|1
|move|p2b: Maushold|Super Fang|p1b: Kommo-o
|-damage|p1b: Kommo-o|34/100
|move|p1a: Incineroar|Parting Shot|p2b: Maushold
|-unboost|p2b: Maushold|atk|1
|-unboost|p2b: Maushold|spa|1
|
|t:|1756888079
|switch|p1a: Manolo|Amoonguss, L50, M|100/100|[from] Parting Shot
|
|upkeep
|turn|3
|
|t:|1756888100
|move|p1b: Kommo-o|Clanging Scales|p2b: Maushold|[spread] p2a,p2b
|-damage|p2a: Annihilape|48/100
|-damage|p2b: Maushold|0 fnt
|-enditem|p2a: Annihilape|Sitrus Berry|[eat]
|-heal|p2a: Annihilape|73/100|[from] item: Sitrus Berry
|faint|p2b: Maushold
|-unboost|p1b: Kommo-o|def|1
|move|p2a: Annihilape|Rage Fist|p1b: Kommo-o
|-damage|p1b: Kommo-o|0 fnt
|faint|p1b: Kommo-o
|move|p1a: Manolo|Pollen Puff|p1: Kommo-o|[notarget]
|-fail|p1a: Manolo
|
|upkeep
|
|t:|1756888115
|switch|p2b: Ursaluna|Ursaluna-Bloodmoon, L50, M|100/100
|switch|p1b: Ninetales|Ninetales-Alola, L50, M|100/100
|-weather|Snowscape|[from] ability: Snow Warning|[of] p1b: Ninetales
|turn|4
|inactive|L9_Shrimp has 30 seconds left.
|
|t:|1756888145
|-terastallize|p1b: Ninetales|Ice
|-terastallize|p2b: Ursaluna|Water
|move|p1b: Ninetales|Blizzard|p2a: Annihilape|[spread] p2a,p2b
|-resisted|p2b: Ursaluna
|-damage|p2a: Annihilape|37/100
|-damage|p2b: Ursaluna|85/100
|move|p2a: Annihilape|Rage Fist|p1a: Manolo
|-damage|p1a: Manolo|32/100
|-damage|p2a: Annihilape|21/100|[from] item: Rocky Helmet|[of] p1a: Manolo
|move|p2b: Ursaluna|Blood Moon|p1a: Manolo
|-damage|p1a: Manolo|0 fnt
|faint|p1a: Manolo
|
|-weather|Snowscape|[upkeep]
|upkeep
|
|t:|1756888162
|switch|p1a: Incineroar|Incineroar, L50, M|4/100
|-ability|p1a: Incineroar|Intimidate|boost
|-unboost|p2a: Annihilape|atk|1
|-ability|p2a: Annihilape|Defiant|boost
|-boost|p2a: Annihilape|atk|2
|-unboost|p2b: Ursaluna|atk|1
|turn|5
|
|t:|1756888183
|move|p2a: Annihilape|Protect|p2a: Annihilape
|-singleturn|p2a: Annihilape|Protect
|move|p1a: Incineroar|Fake Out|p2b: Ursaluna
|-damage|p2b: Ursaluna|76/100
|cant|p2b: Ursaluna|flinch
|move|p1b: Ninetales|Freeze-Dry|p2b: Ursaluna
|-supereffective|p2b: Ursaluna
|-damage|p2b: Ursaluna|30/100
|
|-weather|Snowscape|[upkeep]
|upkeep
|turn|6
|
|t:|1756888201
|move|p2b: Ursaluna|Vacuum Wave|p1a: Incineroar
|-supereffective|p1a: Incineroar
|-damage|p1a: Incineroar|0 fnt
|faint|p1a: Incineroar
|move|p1b: Ninetales|Blizzard|p2b: Ursaluna|[spread] p2a,p2b
|-resisted|p2b: Ursaluna
|-damage|p2a: Annihilape|0 fnt
|-damage|p2b: Ursaluna|15/100
|faint|p2a: Annihilape
|
|-weather|Snowscape|[upkeep]
|upkeep
|
|t:|1756888206
|switch|p2a: Dragonite|Dragonite, L50, M|100/100
|turn|7
|
|t:|1756888213
|move|p2b: Ursaluna|Vacuum Wave|p1b: Ninetales
|-supereffective|p1b: Ninetales
|-damage|p1b: Ninetales|66/100
|move|p1b: Ninetales|Blizzard|p2b: Ursaluna|[spread] p2a,p2b
|-supereffective|p2a: Dragonite
|-resisted|p2b: Ursaluna
|-damage|p2a: Dragonite|16/100
|-damage|p2b: Ursaluna|0 fnt
|faint|p2b: Ursaluna
|move|p2a: Dragonite|Scale Shot|p1b: Ninetales
|-damage|p1b: Ninetales|52/100
|-damage|p1b: Ninetales|37/100
|-damage|p1b: Ninetales|22/100
|-damage|p1b: Ninetales|8/100
|-hitcount|p1b: Ninetales|4
|-unboost|p2a: Dragonite|def|1
|-boost|p2a: Dragonite|spe|1
|
|-weather|Snowscape|[upkeep]
|upkeep
|turn|8
|
|t:|1756888229
|move|p2a: Dragonite|Protect|p2a: Dragonite
|-singleturn|p2a: Dragonite|Protect
|move|p1b: Ninetales|Blizzard|p2a: Dragonite
|-activate|p2a: Dragonite|move: Protect
|
|-weather|none
|upkeep
|turn|9
|
|t:|1756888244
|move|p1b: Ninetales|Protect|p1b: Ninetales
|-singleturn|p1b: Ninetales|Protect
|move|p2a: Dragonite|Scale Shot|p1b: Ninetales
|-activate|p1b: Ninetales|move: Protect
|
|upkeep
|turn|10
|
|t:|1756888251
|move|p2a: Dragonite|Scale Shot|p1b: Ninetales
|-damage|p1b: Ninetales|0 fnt
|faint|p1b: Ninetales
|-hitcount|p1: Ninetales|1
|
|win|L9_Shrimp
||L9_Shrimp is ready for game 2.
