|j|☆Van (Dream)
|j|☆Khenzhu
|html|Van (Dream)Khenzhu    
|uhtml|bestof|Game 3 of a best-of-3
|t:|1784494721
|gametype|doubles
|player|p1|Van (Dream)|li|
|player|p2|Khenzhu|cynthia|
|gen|9
|tier|[Gen 9 Champions] VGC 2026 Reg M-B (Bo3)
|rule|Species Clause: Limit one of each Pokémon
|rule|Item Clause: Limit 1 of each item
|clearpoke
|poke|p1|Politoed, L50, F|
|poke|p1|Swampert, L50, M|
|poke|p1|Archaludon, L50, M|
|poke|p1|Gholdengo, L50|
|poke|p1|Scrafty, L50, F|
|poke|p1|Raichu, L50, F|
|poke|p2|Dragonite, L50, F|
|poke|p2|Torkoal, L50, F|
|poke|p2|Hatterene, L50, F|
|poke|p2|Vileplume, L50, F|
|poke|p2|Sneasler, L50, M|
|poke|p2|Leafeon, L50, M|
|teampreview|4
|showteam|p1|Politoed||SitrusBerry|Drizzle|WeatherBall,IcyWind,HelpingHand,Protect|Bold||F|||50|]Swampert||Swampertite|Damp|Waterfall,HighHorsepower,IcePunch,Protect|Adamant||M|||50|]Archaludon||Leftovers|Stamina|ElectroShot,FlashCannon,DracoMeteor,Protect|Modest||M|||50|]Gholdengo||LifeOrb|GoodasGold|MakeItRain,ShadowBall,PowerGem,Protect|Timid|||||50|]Scrafty||LumBerry|Intimidate|FakeOut,DrainPunch,KnockOff,Protect|Adamant||F|||50|]Raichu||FocusSash|LightningRod|FakeOut,Thunderbolt,VoltSwitch,Protect|Timid||F|||50|
|showteam|p2|Dragonite||Dragoninite|Multiscale|Tailwind,DragonPulse,AirSlash,Protect|Modest||F|||50|]Torkoal||Charcoal|Drought|HelpingHand,Eruption,Protect,WeatherBall|Bold||F|||50|]Hatterene||LifeOrb|MagicBounce|TrickRoom,DazzlingGleam,Psychic,Protect|Bold||F|||50|]Vileplume||MentalHerb|Chlorophyll|AfterYou,Protect,SleepPowder,SludgeBomb|Bold||F|||50|]Sneasler||FocusSash|PoisonTouch|CloseCombat,FakeOut,DireClaw,Protect|Jolly||M|||50|]Leafeon||CobaBerry|Chlorophyll|KnockOff,LeafBlade,Protect,SolarBlade|Adamant||M|||50|
|
|t:|1784494747
|teamsize|p1|4
|teamsize|p2|4
|start
|switch|p1a: Gholdengo|Gholdengo, L50|100/100
|switch|p1b: Scrafty|Scrafty, L50, F|100/100
|switch|p2a: Hatterene|Hatterene, L50, F|100/100
|switch|p2b: Leafeon|Leafeon, L50, M|100/100
|-ability|p1b: Scrafty|Intimidate|boost
|-unboost|p2a: Hatterene|atk|1
|-unboost|p2b: Leafeon|atk|1
|turn|1
|
|t:|1784494781
|move|p1b: Scrafty|Fake Out|p2a: Hatterene
|-damage|p2a: Hatterene|89/100
|move|p1a: Gholdengo|Make It Rain|p2a: Hatterene|[spread] p2a,p2b
|-supereffective|p2a: Hatterene|1
|-damage|p2a: Hatterene|0 fnt
|-damage|p2b: Leafeon|0 fnt
|-unboost|p1a: Gholdengo|spa|2
|faint|p2a: Hatterene
|faint|p2b: Leafeon
|-damage|p1a: Gholdengo|90/100|[from] item: Life Orb
|
|upkeep
|
|t:|1784494792
|switch|p2b: Dragonite|Dragonite, L50, F|100/100
|switch|p2a: Torkoal|Torkoal, L50, F|100/100
|-weather|SunnyDay|[from] ability: Drought|[of] p2a: Torkoal
|turn|2
|
|t:|1784494804
|detailschange|p2b: Dragonite|Dragonite-Mega, L50, F
|-mega|p2b: Dragonite|Dragonite|Dragoninite
|move|p2b: Dragonite|Protect|p2b: Dragonite
|-singleturn|p2b: Dragonite|Protect
|move|p1a: Gholdengo|Power Gem|p2a: Torkoal
|-supereffective|p2a: Torkoal|1
|-damage|p2a: Torkoal|45/100
|-damage|p1a: Gholdengo|80/100|[from] item: Life Orb
|move|p1b: Scrafty|Knock Off|p2b: Dragonite
|-activate|p2b: Dragonite|move: Protect
|move|p2a: Torkoal|Eruption|p1b: Scrafty|[spread] p1a,p1b
|-supereffective|p1a: Gholdengo|1
|-damage|p1a: Gholdengo|9/100
|-damage|p1b: Scrafty|75/100
|
|-weather|SunnyDay|[upkeep]
|upkeep
|turn|3
|
|t:|1784494821
|move|p1a: Gholdengo|Power Gem|p2a: Torkoal
|-supereffective|p2a: Torkoal|1
|-damage|p2a: Torkoal|0 fnt
|faint|p2a: Torkoal
|-damage|p1a: Gholdengo|0 fnt|[from] item: Life Orb
|faint|p1a: Gholdengo
|move|p2b: Dragonite|Tailwind|p2b: Dragonite
|-sidestart|p2: Khenzhu|move: Tailwind
|move|p1b: Scrafty|Knock Off|p2b: Dragonite
|-damage|p2b: Dragonite|88/100
|
|-weather|SunnyDay|[upkeep]
|upkeep
|
|t:|1784494833
|switch|p1a: Politoed|Politoed, L50, F|100/100
|-weather|RainDance|[from] ability: Drizzle|[of] p1a: Politoed
|turn|4
|
|t:|1784494845
|move|p2b: Dragonite|Air Slash|p1b: Scrafty
|-supereffective|p1b: Scrafty|1
|-damage|p1b: Scrafty|0 fnt
|faint|p1b: Scrafty
|move|p1a: Politoed|Icy Wind|p2b: Dragonite
|-supereffective|p2b: Dragonite|2
|-damage|p2b: Dragonite|50/100y
|-unboost|p2b: Dragonite|spe|1
|
|-weather|RainDance|[upkeep]
|upkeep
|
|t:|1784494848
|switch|p1b: Archaludon|Archaludon, L50, M|100/100
|turn|5
|
|t:|1784494858
|move|p2b: Dragonite|Dragon Pulse|p1b: Archaludon
|-damage|p1b: Archaludon|37/100
|-ability|p1b: Archaludon|Stamina|boost
|-boost|p1b: Archaludon|def|1
|move|p1b: Archaludon|Draco Meteor|p2b: Dragonite
|-supereffective|p2b: Dragonite|1
|-damage|p2b: Dragonite|0 fnt
|-unboost|p1b: Archaludon|spa|2
|faint|p2b: Dragonite
|
|win|Van (Dream)
