|j|☆Mashuno
|j|☆PShine
|html|MashunoPShine    
|uhtml|bestof|Game 3 of a best-of-3
|t:|1784075048
|gametype|doubles
|player|p1|Mashuno|harlequin|
|player|p2|PShine|169|
|gen|9
|tier|[Gen 9 Champions] VGC 2026 Reg M-B (Bo3)
|rule|Species Clause: Limit one of each Pokémon
|rule|Item Clause: Limit 1 of each item
|clearpoke
|poke|p1|Pelipper, L50, M|
|poke|p1|Archaludon, L50, M|
|poke|p1|Blastoise, L50, M|
|poke|p1|Sinistcha, L50|
|poke|p1|Sableye, L50, M|
|poke|p1|Sneasler, L50, F|
|poke|p2|Pelipper, L50, F|
|poke|p2|Salazzle, L50, F|
|poke|p2|Basculegion, L50, M|
|poke|p2|Meganium, L50, M|
|poke|p2|Rotom-Wash, L50|
|poke|p2|Garchomp, L50, F|
|teampreview|4
|showteam|p1|Pelipper||FocusSash|Drizzle|WeatherBall,Hurricane,Tailwind,RainDance|Modest||M|||50|]Archaludon||Leftovers|Stamina|Protect,DracoMeteor,FlashCannon,ElectroShot|Modest||M|||50|]Blastoise||Blastoisinite|RainDish|Protect,FakeOut,WaterSpout,DarkPulse|Modest||M|||50|]Sinistcha||SitrusBerry|Hospitality|MatchaGotcha,RagePowder,LifeDew,TrickRoom|Bold|||||50|]Sableye||LightClay|Prankster|FoulPlay,LightScreen,Reflect,RainDance|Impish||M|||50|]Sneasler||WhiteHerb|Unburden|FakeOut,DireClaw,CloseCombat,RockSlide|Jolly||F|||50|
|showteam|p2|Pelipper||Leftovers|Drizzle|Hurricane,WeatherBall,Tailwind,Protect|Modest||F|||50|]Salazzle||FocusSash|Oblivious|SludgeBomb,FakeOut,Protect,WillOWisp|Timid||F|||50|]Basculegion||ChoiceScarf|Adaptability|LastRespects,WaveCrash,FlipTurn,AquaJet|Jolly||M|||50|]Meganium||Meganiumite|LeafGuard|WeatherBall,SolarBeam,DazzlingGleam,Protect|Modest||M|||50|]Rotom-Wash||SitrusBerry|Levitate|HydroPump,Electroweb,LightScreen,Protect|Modest|||||50|]Garchomp||LifeOrb|RoughSkin|DragonClaw,StompingTantrum,Protect,RockSlide|Jolly||F|||50|
|inactive|Battle timer is ON: inactive players will automatically lose when time's up. (requested by PShine)
|
|t:|1784075090
|teamsize|p1|4
|teamsize|p2|4
|start
|switch|p1a: Junketsu|Archaludon, L50, M|100/100
|switch|p1b: Sableye|Sableye, L50, M|100/100
|switch|p2a: Herb|Meganium, L50, M|100/100
|switch|p2b: Washer|Rotom-Wash, L50|100/100
|turn|1
|
|t:|1784075106
|detailschange|p2a: Herb|Meganium-Mega, L50, M
|-mega|p2a: Herb|Meganium|Meganiumite
|move|p1a: Junketsu|Protect|p1a: Junketsu
|-singleturn|p1a: Junketsu|Protect
|move|p1b: Sableye|Light Screen|p1b: Sableye
|-sidestart|p1: Mashuno|move: Light Screen
|move|p2a: Herb|Dazzling Gleam|p1b: Sableye|[spread] p1b
|-activate|p1a: Junketsu|move: Protect
|-supereffective|p1b: Sableye|1
|-damage|p1b: Sableye|38/100
|move|p2b: Washer|Light Screen|p2b: Washer
|-sidestart|p2: PShine|move: Light Screen
|
|upkeep
|turn|2
|
|t:|1784075124
|move|p2a: Herb|Protect|p2a: Herb
|-singleturn|p2a: Herb|Protect
|move|p1b: Sableye|Rain Dance|p1b: Sableye
|-weather|RainDance
|move|p1a: Junketsu|Electro Shot||[still]
|-prepare|p1a: Junketsu|Electro Shot
|-boost|p1a: Junketsu|spa|1
|-anim|p1a: Junketsu|Electro Shot|p2b: Washer
|-damage|p2b: Washer|54/100
|move|p2b: Washer|Electroweb|p1a: Junketsu|[spread] p1a,p1b
|-resisted|p1a: Junketsu|1
|-damage|p1a: Junketsu|91/100
|-damage|p1b: Sableye|24/100
|-unboost|p1a: Junketsu|spe|1
|-unboost|p1b: Sableye|spe|1
|-ability|p1a: Junketsu|Stamina|boost
|-boost|p1a: Junketsu|def|1
|
|-weather|RainDance|[upkeep]
|-heal|p1a: Junketsu|97/100|[from] item: Leftovers
|upkeep
|turn|3
|inactive|Mashuno has 30 seconds left.
|
|t:|1784075153
|move|p1b: Sableye|Reflect|p1b: Sableye
|-sidestart|p1: Mashuno|Reflect
|move|p2a: Herb|Weather Ball|p1a: Junketsu
|-damage|p1a: Junketsu|47/100
|-ability|p1a: Junketsu|Stamina|boost
|-boost|p1a: Junketsu|def|1
|move|p2b: Washer|Hydro Pump|p1b: Sableye|[miss]
|-miss|p2b: Washer|p1b: Sableye
|move|p1a: Junketsu|Electro Shot||[still]
|-prepare|p1a: Junketsu|Electro Shot
|-boost|p1a: Junketsu|spa|1
|-anim|p1a: Junketsu|Electro Shot|p2b: Washer
|-damage|p2b: Washer|0 fnt
|faint|p2b: Washer
|
|-weather|RainDance|[upkeep]
|-heal|p1a: Junketsu|53/100|[from] item: Leftovers
|upkeep
|inactive|PShine has 30 seconds left.
|
|t:|1784075180
|switch|p2b: Ancien|Basculegion, L50, M|100/100
|turn|4
|c|☆Mashuno|i keep haxxing you, im so sorry
|
|t:|1784075195
|switch|p1b: Iroh|Sinistcha, L50|100/100
|-heal|p1a: Junketsu|78/100|[from] ability: Hospitality|[of] p1b: Iroh
|move|p1a: Junketsu|Protect|p1a: Junketsu
|-singleturn|p1a: Junketsu|Protect
|move|p2b: Ancien|Last Respects|p1a: Junketsu
|-activate|p1a: Junketsu|move: Protect
|move|p2a: Herb|Weather Ball|p1a: Junketsu
|-activate|p1a: Junketsu|move: Protect
|
|-weather|RainDance|[upkeep]
|-heal|p1a: Junketsu|84/100|[from] item: Leftovers
|upkeep
|turn|5
|inactive|Mashuno has 30 seconds left.
|c|☆PShine|such is the game of pokémon...
|inactive|Mashuno has 20 seconds left.
|c|☆PShine|it is fine. hax comes and goes
|inactive|Mashuno has 15 seconds left.
|
|t:|1784075239
|move|p2a: Herb|Protect|p2a: Herb
|-singleturn|p2a: Herb|Protect
|move|p2b: Ancien|Last Respects|p1b: Iroh
|-supereffective|p1b: Iroh|1
|-damage|p1b: Iroh|29/100
|-enditem|p1b: Iroh|Sitrus Berry|[eat]
|-heal|p1b: Iroh|54/100|[from] item: Sitrus Berry
|move|p1b: Iroh|Life Dew|p1b: Iroh|[spread] p1a,p1b
|-heal|p1a: Junketsu|100/100
|-heal|p1b: Iroh|79/100
|move|p1a: Junketsu|Electro Shot||[still]
|-prepare|p1a: Junketsu|Electro Shot
|-boost|p1a: Junketsu|spa|1
|-anim|p1a: Junketsu|Electro Shot|p2b: Ancien
|-supereffective|p2b: Ancien|1
|-damage|p2b: Ancien|0 fnt
|faint|p2b: Ancien
|
|-weather|RainDance|[upkeep]
|-sideend|p2: PShine|move: Light Screen
|upkeep
|
|t:|1784075257
|switch|p2b: Park|Garchomp, L50, F|100/100
|turn|6
|
|t:|1784075272
|move|p2b: Park|Stomping Tantrum|p1a: Junketsu
|-supereffective|p1a: Junketsu|1
|-damage|p1a: Junketsu|75/100
|-ability|p1a: Junketsu|Stamina|boost
|-boost|p1a: Junketsu|def|1
|-damage|p2b: Park|90/100|[from] item: Life Orb
|move|p2a: Herb|Weather Ball|p1a: Junketsu
|-damage|p1a: Junketsu|19/100
|-ability|p1a: Junketsu|Stamina|boost
|-boost|p1a: Junketsu|def|1
|move|p1b: Iroh|Matcha Gotcha|p2b: Park|[spread] p2a,p2b
|-resisted|p2a: Herb|1
|-damage|p2a: Herb|88/100
|-heal|p1b: Iroh|85/100|[from] drain|[of] p2a: Herb
|-damage|p2b: Park|63/100
|-heal|p1b: Iroh|99/100|[from] drain|[of] p2b: Park
|move|p1a: Junketsu|Flash Cannon|p2a: Herb
|-supereffective|p2a: Herb|1
|-damage|p2a: Herb|0 fnt
|faint|p2a: Herb
|
|-weather|none
|-heal|p1a: Junketsu|25/100|[from] item: Leftovers
|upkeep
|turn|7
|inactive|Mashuno has 30 seconds left.
|c|☆PShine|gg
|c|☆Mashuno|ggs!
|
|t:|1784075306
|move|p1b: Iroh|Rage Powder|p1b: Iroh
|-singleturn|p1b: Iroh|move: Rage Powder
|move|p2b: Park|Stomping Tantrum|p1b: Iroh
|-resisted|p1b: Iroh|1
|-damage|p1b: Iroh|84/100
|-damage|p2b: Park|54/100|[from] item: Life Orb
|move|p1a: Junketsu|Flash Cannon|p2b: Park
|-damage|p2b: Park|0 fnt
|faint|p2b: Park
|
|win|Mashuno
|l|☆PShine
|player|p2|
