|j|☆BreadPudding248
|j|☆sbhaga34
|html|BreadPudding248sbhaga34    
|uhtml|bestof|Game 1 of a best-of-3
|t:|1784782956
|gametype|doubles
|player|p1|BreadPudding248|169|1400
|player|p2|sbhaga34|hugh|1348
|gen|9
|tier|[Gen 9 Champions] VGC 2026 Reg M-B (Bo3)
|rated|
|rule|Species Clause: Limit one of each Pokémon
|rule|Item Clause: Limit 1 of each item
|clearpoke
|poke|p1|Incineroar, L50, F|
|poke|p1|Kingambit, L50, F|
|poke|p1|Sinistcha, L50|
|poke|p1|Sneasler, L50, F|
|poke|p1|Blastoise, L50, M|
|poke|p1|Delphox, L50, M|
|poke|p2|Excadrill, L50, F|
|poke|p2|Tyranitar, L50, F|
|poke|p2|Corviknight, L50, F|
|poke|p2|Rotom-Wash, L50|
|poke|p2|Chandelure, L50, M|
|poke|p2|Scovillain, L50, M|
|teampreview|4
|showteam|p1|Incineroar||SitrusBerry|Intimidate|FakeOut,FlareBlitz,ThroatChop,PartingShot|Impish||F|||50|]Kingambit||BlackGlasses|Defiant|KowtowCleave,SuckerPunch,SwordsDance,Protect|Adamant||F|||50|]Sinistcha||OccaBerry|Hospitality|MatchaGotcha,RagePowder,TrickRoom,Protect|Relaxed|||||50|]Sneasler||FocusSash|PoisonTouch|FakeOut,CloseCombat,PoisonJab,QuickGuard|Jolly||F|||50|]Blastoise||Blastoisinite|RainDish|WaterSpout,DarkPulse,ShellSmash,Protect|Modest||M|||50|]Delphox||Delphoxite|Blaze|HeatWave,Psychic,NastyPlot,Protect|Timid||M|||50|
|showteam|p2|Excadrill||FocusSash|SandRush|Earthquake,IronHead,SwordsDance,Protect|Adamant||F|||50|]Tyranitar||Tyranitarite|SandStream|RockSlide,KnockOff,LowKick,Protect|Adamant||F|||50|]Corviknight||SharpBeak|MirrorArmor|BraveBird,Tailwind,BulkUp,Roost|Careful||F|||50|]Rotom-Wash||ChoiceScarf|Levitate|VoltSwitch,Thunderbolt,Electroweb,HydroPump|Timid|||||50|]Chandelure||ShucaBerry|FlashFire|HeatWave,ShadowBall,TrickRoom,Protect|Modest||M|||50|]Scovillain||Scovillainite|Chlorophyll|RagePowder,Overheat,GigaDrain,Protect|Calm||M|||50|
|inactive|Battle timer is ON: inactive players will automatically lose when time's up. (requested by BreadPudding248)
|inactive|BreadPudding248 has 60 seconds left.
|
|t:|1784783010
|teamsize|p1|4
|teamsize|p2|4
|start
|switch|p1a: Blastoise|Blastoise, L50, M|100/100
|switch|p1b: Incineroar|Incineroar, L50, F|100/100
|switch|p2a: Corviknight|Corviknight, L50, F|100/100
|switch|p2b: Rotom|Rotom-Wash, L50|100/100
|-ability|p1b: Incineroar|Intimidate|boost
|-ability|p2a: Corviknight|Mirror Armor
|-unboost|p1b: Incineroar|atk|1
|-unboost|p2b: Rotom|atk|1
|turn|1
|
|t:|1784783020
|detailschange|p1a: Blastoise|Blastoise-Mega, L50, M
|-mega|p1a: Blastoise|Blastoise|Blastoisinite
|move|p1b: Incineroar|Fake Out|p2b: Rotom
|-damage|p2b: Rotom|92/100
|cant|p2b: Rotom|flinch
|move|p1a: Blastoise|Water Spout|p2b: Rotom|[spread] p2a,p2b
|-resisted|p2b: Rotom|1
|-damage|p2a: Corviknight|38/100
|-damage|p2b: Rotom|59/100
|move|p2a: Corviknight|Tailwind|p2a: Corviknight
|-sidestart|p2: sbhaga34|move: Tailwind
|
|upkeep
|turn|2
|inactive|sbhaga34 has 30 seconds left.
|inactive|sbhaga34 has 20 seconds left.
|inactive|sbhaga34 has 15 seconds left.
|
|t:|1784783061
|switch|p1a: Sinistcha|Sinistcha, L50|100/100
|move|p2b: Rotom|Volt Switch|p1a: Sinistcha
|-resisted|p1a: Sinistcha|1
|-damage|p1a: Sinistcha|87/100
|
|t:|1784783066
|switch|p2b: Tyranitar|Tyranitar, L50, F|100/100|[from] Volt Switch
|-weather|Sandstorm|[from] ability: Sand Stream|[of] p2b: Tyranitar
|move|p2a: Corviknight|Roost|p2a: Corviknight
|-heal|p2a: Corviknight|88/100
|-singleturn|p2a: Corviknight|move: Roost
|move|p1b: Incineroar|Parting Shot|p2b: Tyranitar
|-unboost|p2b: Tyranitar|atk|1
|-unboost|p2b: Tyranitar|spa|1
|inactive|BreadPudding248 has 30 seconds left.
|
|t:|1784783095
|switch|p1b: Blastoise|Blastoise-Mega, L50, M|100/100|[from] Parting Shot
|
|-weather|Sandstorm|[upkeep]
|-damage|p1b: Blastoise|94/100|[from] Sandstorm
|-damage|p1a: Sinistcha|80/100|[from] Sandstorm
|upkeep
|turn|3
|
|t:|1784783105
|switch|p1a: Incineroar|Incineroar, L50, F|100/100
|-ability|p1a: Incineroar|Intimidate|boost
|-ability|p2a: Corviknight|Mirror Armor
|-unboost|p1a: Incineroar|atk|1
|-unboost|p2b: Tyranitar|atk|1
|detailschange|p2b: Tyranitar|Tyranitar-Mega, L50, F
|-mega|p2b: Tyranitar|Tyranitar|Tyranitarite
|move|p1b: Blastoise|Protect|p1b: Blastoise
|-singleturn|p1b: Blastoise|Protect
|move|p2b: Tyranitar|Rock Slide|p1a: Incineroar|[spread] p1a
|-activate|p1b: Blastoise|move: Protect
|-supereffective|p1a: Incineroar|1
|-damage|p1a: Incineroar|69/100
|move|p2a: Corviknight|Brave Bird|p1a: Incineroar
|-damage|p1a: Incineroar|27/100
|-enditem|p1a: Incineroar|Sitrus Berry|[eat]
|-heal|p1a: Incineroar|52/100|[from] item: Sitrus Berry
|-damage|p2a: Corviknight|74/100|[from] Recoil
|
|-weather|Sandstorm|[upkeep]
|-damage|p1b: Blastoise|88/100|[from] Sandstorm
|-damage|p1a: Incineroar|46/100|[from] Sandstorm
|upkeep
|turn|4
|
|t:|1784783126
|switch|p2b: Rotom|Rotom-Wash, L50|59/100
|move|p1a: Incineroar|Fake Out|p2b: Rotom
|-damage|p2b: Rotom|51/100
|move|p2a: Corviknight|Brave Bird|p1b: Blastoise
|-damage|p1b: Blastoise|37/100
|-damage|p2a: Corviknight|61/100|[from] Recoil
|move|p1b: Blastoise|Shell Smash|p1b: Blastoise
|-unboost|p1b: Blastoise|def|1
|-unboost|p1b: Blastoise|spd|1
|-boost|p1b: Blastoise|atk|2
|-boost|p1b: Blastoise|spa|2
|-boost|p1b: Blastoise|spe|2
|
|-weather|Sandstorm|[upkeep]
|-damage|p2b: Rotom|45/100|[from] Sandstorm
|-damage|p1b: Blastoise|31/100|[from] Sandstorm
|-damage|p1a: Incineroar|40/100|[from] Sandstorm
|-sideend|p2: sbhaga34|move: Tailwind
|upkeep
|turn|5
|
|t:|1784783138
|switch|p1a: Sinistcha|Sinistcha, L50|80/100
|-heal|p1b: Blastoise|56/100|[from] ability: Hospitality|[of] p1a: Sinistcha
|move|p1b: Blastoise|Water Spout|p2b: Rotom|[spread] p2a,p2b
|-resisted|p2b: Rotom|1
|-damage|p2a: Corviknight|0 fnt
|-damage|p2b: Rotom|9/100
|faint|p2a: Corviknight
|move|p2b: Rotom|Electroweb|p1b: Blastoise|[spread] p1a,p1b
|-resisted|p1a: Sinistcha|1
|-supereffective|p1b: Blastoise|1
|-damage|p1a: Sinistcha|73/100
|-damage|p1b: Blastoise|8/100
|-unboost|p1a: Sinistcha|spe|1
|-unboost|p1b: Blastoise|spe|1
|
|-weather|Sandstorm|[upkeep]
|-damage|p2b: Rotom|3/100|[from] Sandstorm
|-damage|p1b: Blastoise|2/100|[from] Sandstorm
|-damage|p1a: Sinistcha|67/100|[from] Sandstorm
|upkeep
|inactive|sbhaga34 has 30 seconds left.
|
|t:|1784783170
|switch|p2a: Tyranitar|Tyranitar-Mega, L50, F|100/100
|turn|6
|
|t:|1784783181
|move|p1a: Sinistcha|Protect|p1a: Sinistcha
|-singleturn|p1a: Sinistcha|Protect
|move|p2b: Rotom|Electroweb|p1a: Sinistcha|[spread] p1b
|-activate|p1a: Sinistcha|move: Protect
|-supereffective|p1b: Blastoise|1
|-damage|p1b: Blastoise|0 fnt
|faint|p1b: Blastoise
|move|p2a: Tyranitar|Knock Off|p1a: Sinistcha
|-activate|p1a: Sinistcha|move: Protect
|
|-weather|none
|upkeep
|
|t:|1784783186
|switch|p1b: Incineroar|Incineroar, L50, F|40/100
|-ability|p1b: Incineroar|Intimidate|boost
|-unboost|p2a: Tyranitar|atk|1
|-unboost|p2b: Rotom|atk|1
|turn|7
|
|t:|1784783192
|switch|p2b: Excadrill|Excadrill, L50, F|100/100
|move|p2a: Tyranitar|Protect|p2a: Tyranitar
|-singleturn|p2a: Tyranitar|Protect
|move|p1b: Incineroar|Fake Out|p2a: Tyranitar
|-activate|p2a: Tyranitar|move: Protect
|move|p1a: Sinistcha|Trick Room|p1a: Sinistcha
|-fieldstart|move: Trick Room|[of] p1a: Sinistcha
|
|upkeep
|turn|8
|
|t:|1784783198
|move|p2b: Excadrill|Protect|p2b: Excadrill
|-singleturn|p2b: Excadrill|Protect
|move|p1a: Sinistcha|Matcha Gotcha|p2a: Tyranitar|[spread] p2a
|-activate|p2b: Excadrill|move: Protect
|-supereffective|p2a: Tyranitar|1
|-damage|p2a: Tyranitar|61/100
|-heal|p1a: Sinistcha|89/100|[from] drain|[of] p2a: Tyranitar
|-status|p2a: Tyranitar|brn
|move|p1b: Incineroar|Flare Blitz|p2b: Excadrill
|-activate|p2b: Excadrill|move: Protect
|move|p2a: Tyranitar|Knock Off|p1a: Sinistcha
|-supereffective|p1a: Sinistcha|1
|-damage|p1a: Sinistcha|61/100
|-enditem|p1a: Sinistcha|Occa Berry|[from] move: Knock Off|[of] p2a: Tyranitar
|
|-damage|p2a: Tyranitar|55/100 brn|[from] brn
|upkeep
|turn|9
|
|t:|1784783215
|switch|p2b: Rotom|Rotom-Wash, L50|3/100
|move|p1a: Sinistcha|Matcha Gotcha|p2a: Tyranitar|[spread] p2a,p2b
|-supereffective|p2a: Tyranitar|1
|-supereffective|p2b: Rotom|1
|-damage|p2a: Tyranitar|14/100 brn
|-heal|p1a: Sinistcha|84/100|[from] drain|[of] p2a: Tyranitar
|-damage|p2b: Rotom|0 fnt
|-heal|p1a: Sinistcha|86/100|[from] drain|[of] p2b: Rotom
|faint|p2b: Rotom
|move|p1b: Incineroar|Flare Blitz|p2a: Tyranitar
|-resisted|p2a: Tyranitar|1
|-damage|p2a: Tyranitar|1/100 brn
|-damage|p1b: Incineroar|35/100|[from] Recoil
|move|p2a: Tyranitar|Rock Slide|p1b: Incineroar|[spread] p1a,p1b
|-supereffective|p1b: Incineroar|1
|-damage|p1a: Sinistcha|78/100
|-damage|p1b: Incineroar|17/100
|
|-damage|p2a: Tyranitar|0 fnt|[from] brn
|faint|p2a: Tyranitar
|upkeep
|-message|sbhaga34 forfeited.
|
|win|BreadPudding248
