|j|☆Lorido
|j|☆Frenchtoast1215
|html|LoridoFrenchtoast1215    
|uhtml|bestof|Game 2 of a best-of-3
|t:|1782376656
|gametype|doubles
|player|p1|Lorido|265|1099
|player|p2|Frenchtoast1215|1|1102
|gen|9
|tier|[Gen 9 Champions] VGC 2026 Reg M-B (Bo3)
|rated|
|rule|Species Clause: Limit one of each Pokémon
|rule|Item Clause: Limit 1 of each item
|clearpoke
|poke|p1|Charizard, L50, F|
|poke|p1|Floette-Eternal, L50, F|
|poke|p1|Whimsicott, L50, F|
|poke|p1|Kingambit, L50, F|
|poke|p1|Garchomp, L50, M|
|poke|p1|Basculegion, L50, M|
|poke|p2|Incineroar, L50, M|
|poke|p2|Metagross, L50|
|poke|p2|Sinistcha-Masterpiece, L50|
|poke|p2|Pelipper, L50, F|
|poke|p2|Sylveon, L50, F|
|poke|p2|Araquanid, L50, M|
|teampreview|4
|showteam|p1|Charizard||CharizarditeY|Blaze|HeatWave,WeatherBall,SolarBeam,Protect|Modest||F|||50|]Floette-Eternal||Floettite|FlowerVeil|DazzlingGleam,Protect,Moonblast,LightofRuin|Modest||F|||50|]Whimsicott||FocusSash|Prankster|Moonblast,Protect,Tailwind,Encore|Timid||F|||50|]Kingambit||ChopleBerry|Defiant|KowtowCleave,SuckerPunch,IronHead,LowKick|Adamant||F|||50|]Garchomp||LifeOrb|RoughSkin|DragonClaw,StompingTantrum,RockSlide,Protect|Jolly||M|||50|]Basculegion||MysticWater|Adaptability|WaveCrash,LastRespects,AquaJet,Protect|Adamant||M|||50|
|showteam|p2|Incineroar||ShellBell|Intimidate|FakeOut,DrainPunch,DarkestLariat,PartingShot|Careful||M|||50|]Metagross||Metagrossite|ClearBody|IronHead,ZenHeadbutt,HammerArm,Protect|Adamant|||||50|]Sinistcha-Masterpiece||SitrusBerry|Hospitality|MatchaGotcha,ShadowBall,RagePowder,TrickRoom|Calm|||||50|]Pelipper||DampRock|Drizzle|Hurricane,WeatherBall,Tailwind,Protect|Calm||F|||50|]Sylveon||FairyFeather|Pixilate|HyperBeam,HyperVoice,QuickAttack,Protect|Quiet||F|||50|]Araquanid||MysticWater|WaterBubble|Liquidation,Stockpile,WideGuard,Protect|Brave||M|||50|
|inactive|Battle timer is ON: inactive players will automatically lose when time's up. (requested by Frenchtoast1215)
|inactive|Frenchtoast1215 has 60 seconds left.
|
|t:|1782376724
|teamsize|p1|4
|teamsize|p2|4
|start
|switch|p1a: Kingambit|Kingambit, L50, F|100/100
|switch|p1b: Garchomp|Garchomp, L50, M|100/100
|switch|p2a: Sinistcha|Sinistcha-Masterpiece, L50|100/100
|switch|p2b: Incineroar|Incineroar, L50, M|100/100
|-ability|p2b: Incineroar|Intimidate|boost
|-unboost|p1a: Kingambit|atk|1
|-ability|p1a: Kingambit|Defiant|boost
|-boost|p1a: Kingambit|atk|2
|-unboost|p1b: Garchomp|atk|1
|turn|1
|inactive|Frenchtoast1215 has 30 seconds left.
|inactive|Frenchtoast1215 has 20 seconds left.
|inactive|Frenchtoast1215 has 15 seconds left.
|inactive|Frenchtoast1215 has 10 seconds left.
|inactive|Frenchtoast1215 has 5 seconds left.
|
|t:|1782376775
|move|p1b: Garchomp|Rock Slide|p2a: Sinistcha|[spread] p2a,p2b
|-supereffective|p2b: Incineroar|1
|-crit|p2b: Incineroar
|-damage|p2a: Sinistcha|84/100
|-damage|p2b: Incineroar|30/100
|-damage|p1b: Garchomp|90/100|[from] item: Life Orb
|move|p2a: Sinistcha|Matcha Gotcha|p1a: Kingambit|[spread] p1a,p1b
|-resisted|p1a: Kingambit|1
|-damage|p1a: Kingambit|88/100
|-heal|p2a: Sinistcha|91/100|[from] drain|[of] p1a: Kingambit
|-damage|p1b: Garchomp|66/100
|-heal|p2a: Sinistcha|100/100|[from] drain|[of] p1b: Garchomp
|-status|p1a: Kingambit|brn
|move|p2b: Incineroar|Drain Punch|p1a: Kingambit
|-supereffective|p1a: Kingambit|2
|-enditem|p1a: Kingambit|Chople Berry|[eat]
|-enditem|p1a: Kingambit|Chople Berry|[weaken]
|-damage|p1a: Kingambit|56/100 brn
|-heal|p2b: Incineroar|47/100|[from] drain|[of] p1a: Kingambit
|-heal|p2b: Incineroar|51/100|[from] item: Shell Bell|[of] p1a: Kingambit
|move|p1a: Kingambit|Kowtow Cleave|p2a: Sinistcha
|-supereffective|p2a: Sinistcha|1
|-damage|p2a: Sinistcha|32/100
|-enditem|p2a: Sinistcha|Sitrus Berry|[eat]
|-heal|p2a: Sinistcha|56/100|[from] item: Sitrus Berry
|
|-damage|p1a: Kingambit|50/100g brn|[from] brn
|upkeep
|turn|2
|inactive|Frenchtoast1215 has 30 seconds left.
|inactive|Frenchtoast1215 has 20 seconds left.
|
|t:|1782376811
|switch|p1a: Charizard|Charizard, L50, F|100/100
|move|p1b: Garchomp|Rock Slide|p2b: Incineroar|[spread] p2b
|-miss|p1b: Garchomp|p2a: Sinistcha
|-supereffective|p2b: Incineroar|1
|-damage|p2b: Incineroar|19/100
|-damage|p1b: Garchomp|56/100|[from] item: Life Orb
|move|p2a: Sinistcha|Matcha Gotcha|p1b: Garchomp|[spread] p1a,p1b
|-resisted|p1a: Charizard|2
|-damage|p1a: Charizard|92/100
|-heal|p2a: Sinistcha|60/100|[from] drain|[of] p1a: Charizard
|-damage|p1b: Garchomp|32/100
|-heal|p2a: Sinistcha|73/100|[from] drain|[of] p1b: Garchomp
|cant|p2b: Incineroar|flinch
|
|upkeep
|turn|3
|inactive|Lorido has 30 seconds left.
|inactive|Frenchtoast1215 has 30 seconds left.
|
|t:|1782376843
|switch|p2a: Araquanid|Araquanid, L50, M|100/100
|detailschange|p1a: Charizard|Charizard-Mega-Y, L50, F
|-mega|p1a: Charizard|Charizard|Charizardite Y
|-weather|SunnyDay|[from] ability: Drought|[of] p1a: Charizard
|move|p1b: Garchomp|Dragon Claw|p2a: Araquanid
|-damage|p2a: Araquanid|65/100
|-damage|p1b: Garchomp|22/100|[from] item: Life Orb
|move|p1a: Charizard|Heat Wave|p2a: Araquanid|[spread] p2a,p2b
|-resisted|p2b: Incineroar|1
|-damage|p2a: Araquanid|41/100
|-damage|p2b: Incineroar|0 fnt
|faint|p2b: Incineroar
|
|-weather|SunnyDay|[upkeep]
|upkeep
|
|t:|1782376860
|switch|p2b: Pelipper|Pelipper, L50, F|100/100
|-weather|RainDance|[from] ability: Drizzle|[of] p2b: Pelipper
|turn|4
|inactive|Frenchtoast1215 has 30 seconds left.
|
|t:|1782376891
|switch|p1b: Kingambit|Kingambit, L50, F|50/100g brn
|switch|p1a: Basculegion|Basculegion, L50, M|100/100
|move|p2a: Araquanid|Wide Guard|p2a: Araquanid
|-singleturn|p2a: Araquanid|Wide Guard
|move|p2b: Pelipper|Hurricane|p1b: Kingambit
|-resisted|p1b: Kingambit|1
|-damage|p1b: Kingambit|31/100 brn
|
|-weather|RainDance|[upkeep]
|-damage|p1b: Kingambit|26/100 brn|[from] brn
|upkeep
|turn|5
|inactive|Lorido has 30 seconds left.
|inactive|Frenchtoast1215 has 30 seconds left.
|
|t:|1782376924
|switch|p2b: Sinistcha|Sinistcha-Masterpiece, L50|73/100
|-heal|p2a: Araquanid|66/100|[from] ability: Hospitality|[of] p2b: Sinistcha
|move|p1b: Kingambit|Sucker Punch||[still]
|-fail|p1b: Kingambit
|move|p1a: Basculegion|Wave Crash|p2a: Araquanid
|-resisted|p2a: Araquanid|1
|-damage|p2a: Araquanid|0 fnt
|faint|p2a: Araquanid
|-damage|p1a: Basculegion|80/100|[from] Recoil
|
|-weather|RainDance|[upkeep]
|-damage|p1b: Kingambit|20/100y brn|[from] brn
|upkeep
|
|t:|1782376934
|switch|p2a: Pelipper|Pelipper, L50, F|100/100
|turn|6
|
|t:|1782376948
|move|p1a: Basculegion|Last Respects|p2b: Sinistcha
|-supereffective|p2b: Sinistcha|1
|-damage|p2b: Sinistcha|12/100
|move|p2b: Sinistcha|Matcha Gotcha|p1b: Kingambit|[spread] p1a,p1b
|-supereffective|p1a: Basculegion|1
|-resisted|p1b: Kingambit|1
|-damage|p1a: Basculegion|20/100y
|-heal|p2b: Sinistcha|46/100|[from] drain|[of] p1a: Basculegion
|-damage|p1b: Kingambit|9/100 brn
|-heal|p2b: Sinistcha|52/100|[from] drain|[of] p1b: Kingambit
|move|p2a: Pelipper|Tailwind|p2a: Pelipper
|-sidestart|p2: Frenchtoast1215|move: Tailwind
|move|p1b: Kingambit|Kowtow Cleave|p2b: Sinistcha
|-supereffective|p2b: Sinistcha|1
|-damage|p2b: Sinistcha|6/100
|
|-weather|RainDance|[upkeep]
|-damage|p1b: Kingambit|3/100 brn|[from] brn
|upkeep
|turn|7
|inactive|Lorido has 30 seconds left.
|inactive|Frenchtoast1215 has 30 seconds left.
|inactive|Frenchtoast1215 has 20 seconds left.
|inactive|Frenchtoast1215 has 15 seconds left.
|
|t:|1782376989
|switch|p1a: Charizard|Charizard-Mega-Y, L50, F|92/100
|-weather|SunnyDay|[from] ability: Drought|[of] p1a: Charizard
|move|p1b: Kingambit|Sucker Punch|p2b: Sinistcha
|-supereffective|p2b: Sinistcha|1
|-damage|p2b: Sinistcha|0 fnt
|faint|p2b: Sinistcha
|move|p2a: Pelipper|Weather Ball|p1b: Kingambit
|-supereffective|p1b: Kingambit|1
|-damage|p1b: Kingambit|0 fnt
|faint|p1b: Kingambit
|
|-weather|SunnyDay|[upkeep]
|upkeep
|inactive|Lorido has 30 seconds left.
|
|t:|1782377016
|switch|p1b: Garchomp|Garchomp, L50, M|22/100
|turn|8
|
|t:|1782377030
|move|p1b: Garchomp|Protect|p1b: Garchomp
|-singleturn|p1b: Garchomp|Protect
|move|p2a: Pelipper|Weather Ball|p1b: Garchomp
|-activate|p1b: Garchomp|move: Protect
|move|p1a: Charizard|Weather Ball|p2a: Pelipper
|-resisted|p2a: Pelipper|1
|-damage|p2a: Pelipper|57/100
|
|-weather|SunnyDay|[upkeep]
|upkeep
|turn|9
|
|t:|1782377043
|move|p2a: Pelipper|Hurricane|p1b: Garchomp|[miss]
|-miss|p2a: Pelipper|p1b: Garchomp
|move|p1b: Garchomp|Dragon Claw|p2a: Pelipper
|-damage|p2a: Pelipper|5/100
|-damage|p1b: Garchomp|12/100|[from] item: Life Orb
|move|p1a: Charizard|Weather Ball|p2a: Pelipper
|-resisted|p2a: Pelipper|1
|-damage|p2a: Pelipper|0 fnt
|faint|p2a: Pelipper
|
|win|Lorido
