|j|☆FeelTheIceBro
|j|☆chorripalacios
|html|FeelTheIceBrochorripalacios    
|uhtml|bestof|Game 3 of a best-of-3
|t:|1757756785
|gametype|doubles
|player|p1|FeelTheIceBro|101|1323
|player|p2|chorripalacios|mars|1229
|gen|9
|tier|[Gen 9] VGC 2025 Reg H (Bo3)
|rated|
|rule|Species Clause: Limit one of each Pokémon
|rule|Item Clause: Limit 1 of each item
|clearpoke
|poke|p1|Dragonite, L50, F|
|poke|p1|Kingambit, L50, F|
|poke|p1|Rillaboom, L50, M|
|poke|p1|Ninetales-Alola, L50, M|
|poke|p1|Electabuzz, L50, M|
|poke|p1|Blaziken, L50, M|
|poke|p2|Porygon2, L50|
|poke|p2|Incineroar, L50, F|
|poke|p2|Ursaluna, L50, F|
|poke|p2|Amoonguss, L50, M|
|poke|p2|Gholdengo, L50|
|poke|p2|Hydreigon, L50, F|
|teampreview|4
|showteam|p1|Dragonite||LoadedDice|Multiscale|ScaleShot,IronHead,Haze,Protect|||F|||50|,,,,,Steel]Kingambit||BlackGlasses|Defiant|KowtowCleave,SuckerPunch,SwordsDance,Protect|||F|||50|,,,,,Dark]Rillaboom||AssaultVest|GrassySurge|WoodHammer,GrassyGlide,Uturn,FakeOut|||M|||50|,,,,,Fire]Ninetales-Alola||FocusSash|SnowWarning|Blizzard,FreezeDry,Encore,Protect|||M|||50|,,,,,Ghost]Electabuzz||Eviolite|VitalSpirit|Electroweb,Taunt,FollowMe,Protect|||M|||50|,,,,,Dragon]Blaziken||LifeOrb|SpeedBoost|HeatWave,AuraSphere,Coaching,Protect|||M|||50|,,,,,Stellar
|showteam|p2|Porygon2||Eviolite|Download|TeraBlast,IceBeam,TrickRoom,Recover||||||50|,,,,,Fighting]Incineroar||SitrusBerry|Intimidate|KnockOff,FakeOut,FlareBlitz,PartingShot|||F|||50|,,,,,Ghost]Ursaluna||FlameOrb|Guts|Earthquake,Facade,HeadlongRush,Protect|||F|||50|,,,,,Fairy]Amoonguss||RockyHelmet|Regenerator|Spore,RagePowder,PollenPuff,Protect|||M|||50|,,,,,Psychic]Gholdengo||LifeOrb|GoodasGold|Protect,NastyPlot,MakeItRain,ShadowBall||||||50|,,,,,Water]Hydreigon||SafetyGoggles|Levitate|DracoMeteor,Snarl,Tailwind,Protect|||F|||50|,,,,,Ghost
|inactive|Battle timer is ON: inactive players will automatically lose when time's up. (requested by chorripalacios)
|
|t:|1757756822
|teamsize|p1|4
|teamsize|p2|4
|start
|switch|p1a: Blaziken|Blaziken, L50, M|100/100
|switch|p1b: Dragonite|Dragonite, L50, F, shiny|100/100
|switch|p2a: Porygon2|Porygon2, L50, shiny|100/100
|switch|p2b: Incineroar|Incineroar, L50, F|100/100
|-ability|p2b: Incineroar|Intimidate|boost
|-unboost|p1a: Blaziken|atk|1
|-unboost|p1b: Dragonite|atk|1
|-ability|p2a: Porygon2|Download|boost
|-boost|p2a: Porygon2|atk|1
|turn|1
|
|t:|1757756837
|switch|p1b: Kingambit|Kingambit, L50, F|100/100
|move|p2b: Incineroar|Fake Out|p1a: Blaziken
|-damage|p1a: Blaziken|80/100
|cant|p1a: Blaziken|flinch
|move|p2a: Porygon2|Trick Room|p2a: Porygon2
|-fieldstart|move: Trick Room|[of] p2a: Porygon2
|
|-ability|p1a: Blaziken|Speed Boost|boost
|-boost|p1a: Blaziken|spe|1
|upkeep
|turn|2
|
|t:|1757756859
|move|p1b: Kingambit|Protect|p1b: Kingambit
|-singleturn|p1b: Kingambit|Protect
|move|p1a: Blaziken|Protect|p1a: Blaziken
|-singleturn|p1a: Blaziken|Protect
|move|p2a: Porygon2|Tera Blast|p1a: Blaziken
|-activate|p1a: Blaziken|move: Protect
|move|p2b: Incineroar|Knock Off|p1a: Blaziken
|-activate|p1a: Blaziken|move: Protect
|
|-ability|p1a: Blaziken|Speed Boost|boost
|-boost|p1a: Blaziken|spe|1
|upkeep
|turn|3
|
|t:|1757756882
|switch|p1b: Dragonite|Dragonite, L50, F, shiny|100/100
|switch|p1a: Ninetales|Ninetales-Alola, L50, M|100/100
|-weather|Snowscape|[from] ability: Snow Warning|[of] p1a: Ninetales
|-terastallize|p2a: Porygon2|Fighting
|move|p2a: Porygon2|Tera Blast|p1b: Dragonite|[anim] Tera Blast Fighting
|-resisted|p1b: Dragonite
|-damage|p1b: Dragonite|91/100
|move|p2b: Incineroar|Flare Blitz|p1b: Dragonite
|-resisted|p1b: Dragonite
|-damage|p1b: Dragonite|62/100
|-damage|p2b: Incineroar|93/100|[from] Recoil
|
|-weather|Snowscape|[upkeep]
|upkeep
|turn|4
|
|t:|1757756903
|switch|p2b: Amoonguss|Amoonguss, L50, M|100/100
|switch|p1a: Blaziken|Blaziken, L50, M|80/100
|move|p2a: Porygon2|Ice Beam|p1b: Dragonite
|-supereffective|p1b: Dragonite
|-damage|p1b: Dragonite|0 fnt
|faint|p1b: Dragonite
|
|-weather|Snowscape|[upkeep]
|upkeep
|
|t:|1757756915
|switch|p1b: Ninetales|Ninetales-Alola, L50, M|100/100
|turn|5
|
|t:|1757756924
|switch|p2b: Incineroar|Incineroar, L50, F|93/100
|-ability|p2b: Incineroar|Intimidate|boost
|-unboost|p1a: Blaziken|atk|1
|-unboost|p1b: Ninetales|atk|1
|move|p1a: Blaziken|Protect|p1a: Blaziken
|-singleturn|p1a: Blaziken|Protect
|move|p1b: Ninetales|Protect|p1b: Ninetales
|-singleturn|p1b: Ninetales|Protect
|move|p2a: Porygon2|Ice Beam|p1b: Ninetales
|-activate|p1b: Ninetales|move: Protect
|
|-weather|Snowscape|[upkeep]
|-fieldend|move: Trick Room
|-ability|p1a: Blaziken|Speed Boost|boost
|-boost|p1a: Blaziken|spe|1
|upkeep
|turn|6
|
|t:|1757756937
|-terastallize|p1b: Ninetales|Ghost
|move|p2b: Incineroar|Fake Out|p1a: Blaziken
|-damage|p1a: Blaziken|60/100
|cant|p1a: Blaziken|flinch
|move|p1b: Ninetales|Encore|p2a: Porygon2
|-start|p2a: Porygon2|Encore
|move|p2a: Porygon2|Ice Beam|p1b: Ninetales
|-damage|p1b: Ninetales|74/100
|
|-weather|Snowscape|[upkeep]
|-ability|p1a: Blaziken|Speed Boost|boost
|-boost|p1a: Blaziken|spe|1
|upkeep
|turn|7
|
|t:|1757756962
|switch|p2b: Amoonguss|Amoonguss, L50, M|100/100
|move|p1a: Blaziken|Heat Wave|p2b: Amoonguss|[spread] p2a
|-miss|p1a: Blaziken|p2b: Amoonguss
|-damage|p2a: Porygon2|77/100
|-damage|p1a: Blaziken|50/100|[from] item: Life Orb
|move|p1b: Ninetales|Encore||[still]
|-fail|p1b: Ninetales
|move|p2a: Porygon2|Ice Beam|p1b: Ninetales
|-damage|p1b: Ninetales|48/100
|
|-weather|none
|-ability|p1a: Blaziken|Speed Boost|boost
|-boost|p1a: Blaziken|spe|1
|upkeep
|turn|8
|
|t:|1757756980
|move|p1a: Blaziken|Heat Wave|p2a: Porygon2|[spread] p2a,p2b
|-supereffective|p2b: Amoonguss
|-damage|p2a: Porygon2|52/100
|-damage|p2b: Amoonguss|23/100
|-damage|p1a: Blaziken|40/100|[from] item: Life Orb
|move|p1b: Ninetales|Freeze-Dry|p2b: Amoonguss
|-supereffective|p2b: Amoonguss
|-damage|p2b: Amoonguss|0 fnt
|faint|p2b: Amoonguss
|move|p2a: Porygon2|Ice Beam|p1b: Ninetales
|-damage|p1b: Ninetales|22/100
|
|-end|p2a: Porygon2|Encore
|-ability|p1a: Blaziken|Speed Boost|boost
|-boost|p1a: Blaziken|spe|1
|upkeep
|
|t:|1757756995
|switch|p2b: Incineroar|Incineroar, L50, F|93/100
|-ability|p2b: Incineroar|Intimidate|boost
|-unboost|p1a: Blaziken|atk|1
|-unboost|p1b: Ninetales|atk|1
|turn|9
|
|t:|1757757003
|move|p1a: Blaziken|Protect|p1a: Blaziken
|-singleturn|p1a: Blaziken|Protect
|move|p2b: Incineroar|Fake Out|p1a: Blaziken
|-activate|p1a: Blaziken|move: Protect
|move|p1b: Ninetales|Encore|p2a: Porygon2
|-start|p2a: Porygon2|Encore
|move|p2a: Porygon2|Ice Beam|p1b: Ninetales
|-damage|p1b: Ninetales|0 fnt
|faint|p1b: Ninetales
|
|-ability|p1a: Blaziken|Speed Boost|boost
|-boost|p1a: Blaziken|spe|1
|upkeep
|
|t:|1757757007
|switch|p1b: Kingambit|Kingambit, L50, F|100/100
|turn|10
|
|t:|1757757023
|move|p1a: Blaziken|Aura Sphere|p2b: Incineroar
|-supereffective|p2b: Incineroar
|-damage|p2b: Incineroar|0 fnt
|faint|p2b: Incineroar
|-damage|p1a: Blaziken|31/100|[from] item: Life Orb
|move|p1b: Kingambit|Swords Dance|p1b: Kingambit
|-boost|p1b: Kingambit|atk|2
|move|p2a: Porygon2|Ice Beam|p1a: Blaziken
|-resisted|p1a: Blaziken
|-damage|p1a: Blaziken|15/100
|-status|p1a: Blaziken|frz
|
|-ability|p1a: Blaziken|Speed Boost|boost
|-boost|p1a: Blaziken|spe|1
|upkeep
|
|t:|1757757033
|switch|p2b: Duncann|Ursaluna, L50, F, shiny|100/100
|turn|11
|
|t:|1757757040
|move|p2b: Duncann|Protect|p2b: Duncann
|-singleturn|p2b: Duncann|Protect
|cant|p1a: Blaziken|frz
|move|p1b: Kingambit|Kowtow Cleave|p2b: Duncann
|-activate|p2b: Duncann|move: Protect
|move|p2a: Porygon2|Ice Beam|p1a: Blaziken
|-resisted|p1a: Blaziken
|-damage|p1a: Blaziken|0 fnt
|faint|p1a: Blaziken
|
|-end|p2a: Porygon2|Encore
|-status|p2b: Duncann|brn|[from] item: Flame Orb
|upkeep
|turn|12
|
|t:|1757757055
|move|p2b: Duncann|Headlong Rush|p1b: Kingambit
|-supereffective|p1b: Kingambit
|-damage|p1b: Kingambit|0 fnt
|-unboost|p2b: Duncann|def|1
|-unboost|p2b: Duncann|spd|1
|faint|p1b: Kingambit
|
|win|chorripalacios
|raw|FeelTheIceBro's rating: 1323 → 1298(-25 for losing)
|raw|chorripalacios's rating: 1229 → 1261(+32 for winning)
|c|☆FeelTheIceBro|that freeze
|c|☆FeelTheIceBro|was hard
|c|☆FeelTheIceBro|ggg
|l|☆FeelTheIceBro
|player|p1|
|l|☆chorripalacios
|player|p2|
