|j|вҳҶar1stoteles vgc
|j|вҳҶporygon-epilepz
|html|ar1stoteles vgcporygon-epilepz    
|uhtml|bestof|Game 3 of a best-of-3
|t:|1756299413
|gametype|doubles
|player|p1|ar1stoteles vgc|wallace|1171
|player|p2|porygon-epilepz|ghetsis-gen5bw|1091
|gen|9
|tier|[Gen 9] VGC 2025 Reg H (Bo3)
|rated|
|rule|Species Clause: Limit one of each PokГ©mon
|rule|Item Clause: Limit 1 of each item
|clearpoke
|poke|p1|Indeedee-F, L50, F|
|poke|p1|Hatterene, L50, F|
|poke|p1|Gallade, L50, M|
|poke|p1|Ursaluna, L50, M|
|poke|p1|Lilligant-Hisui, L50, F|
|poke|p1|Torkoal, L50, M|
|poke|p2|Farigiraf, L50, F|
|poke|p2|Incineroar, L50, M|
|poke|p2|Sneasler, L50, F|
|poke|p2|Pelipper, L50, F|
|poke|p2|Archaludon, L50, M|
|poke|p2|Porygon-Z, L50|
|teampreview|4
|showteam|p1|Indeedee-F||PsychicSeed|PsychicSurge|TrickRoom,FollowMe,HelpingHand,DazzlingGleam|||F|||50|,,,,,Fire]Hatterene||LifeOrb|MagicBounce|ExpandingForce,TrickRoom,DazzlingGleam,Protect|||F|||50|,,,,,Psychic]Gallade||ClearAmulet|Sharpness|PsychoCut,TrickRoom,SacredSword,WideGuard|||M|||50|,,,,,Grass]Ursaluna||FlameOrb|Guts|HeadlongRush,Facade,SwordsDance,Protect|||M|||50|,,,,,Ghost]Lilligant-Hisui||FocusSash|Chlorophyll|SolarBlade,SleepPowder,CloseCombat,AfterYou|||F|||50|,,,,,Ghost]Torkoal||ChoiceSpecs|Drought|Eruption,HeatWave,WeatherBall,EarthPower|||M|||50|,,,,,Fire
|showteam|p2|Farigiraf||ThroatSpray|ArmorTail|TrickRoom,HyperVoice,Psychic,HelpingHand|||F|||50|,,,,,Fairy]Incineroar||SafetyGoggles|Intimidate|FakeOut,KnockOff,PartingShot,Taunt|||M|||50|,,,,,Ghost]Sneasler||FocusSash|Unburden|DireClaw,CloseCombat,ThroatChop,FakeOut|||F|||50|,,,,,Dark]Pelipper||RockyHelmet|Drizzle|Hurricane,WeatherBall,Tailwind,Protect|||F|||50|,,,,,Grass]Archaludon||AssaultVest|Stamina|ElectroShot,FlashCannon,DracoMeteor,BodyPress|||M|||50|,,,,,Bug]Porygon-Z||ChoiceScarf|Adaptability|TeraBlast,HyperBeam,ShadowBall,Thunderbolt||||||50|,,,,,Fighting
|inactive|Battle timer is ON: inactive players will automatically lose when time's up. (requested by ar1stoteles vgc)
|j| P4sh1
|l| P4sh1
|
|t:|1756299442
|teamsize|p1|4
|teamsize|p2|4
|start
|switch|p1a: зҙ«з«Ҫи¶…еҸҜж„ӣ|Indeedee-F, L50, F, shiny|100/100
|switch|p1b: зҙ«з«ҪеҘҪеҸҜж„ӣ|Lilligant-Hisui, L50, F, shiny|100/100
|switch|p2a: Sneasler|Sneasler, L50, F|100/100
|switch|p2b: Incineroar|Incineroar, L50, M|100/100
|-ability|p2b: Incineroar|Intimidate|boost
|-unboost|p1a: зҙ«з«Ҫи¶…еҸҜж„ӣ|atk|1
|-unboost|p1b: зҙ«з«ҪеҘҪеҸҜж„ӣ|atk|1
|-fieldstart|move: Psychic Terrain|[from] ability: Psychic Surge|[of] p1a: зҙ«з«Ҫи¶…еҸҜж„ӣ
|-enditem|p1a: зҙ«з«Ҫи¶…еҸҜж„ӣ|Psychic Seed
|-boost|p1a: зҙ«з«Ҫи¶…еҸҜж„ӣ|spd|1|[from] item: Psychic Seed
|turn|1
|
|t:|1756299462
|-terastallize|p2a: Sneasler|Dark
|move|p1b: зҙ«з«ҪеҘҪеҸҜж„ӣ|Sleep Powder|p2a: Sneasler|[miss]
|-miss|p1b: зҙ«з«ҪеҘҪеҸҜж„ӣ|p2a: Sneasler
|move|p2a: Sneasler|Throat Chop|p1a: зҙ«з«Ҫи¶…еҸҜж„ӣ
|-supereffective|p1a: зҙ«з«Ҫи¶…еҸҜж„ӣ
|-damage|p1a: зҙ«з«Ҫи¶…еҸҜж„ӣ|19/100
|-start|p1a: зҙ«з«Ҫи¶…еҸҜж„ӣ|Throat Chop|[silent]
|move|p2b: Incineroar|Parting Shot|p1b: зҙ«з«ҪеҘҪеҸҜж„ӣ
|-unboost|p1b: зҙ«з«ҪеҘҪеҸҜж„ӣ|atk|1
|-unboost|p1b: зҙ«з«ҪеҘҪеҸҜж„ӣ|spa|1
|
|t:|1756299473
|switch|p2b: Pelipper|Pelipper, L50, F|100/100|[from] Parting Shot
|-weather|RainDance|[from] ability: Drizzle|[of] p2b: Pelipper
|move|p1a: зҙ«з«Ҫи¶…еҸҜж„ӣ|Trick Room|p1a: зҙ«з«Ҫи¶…еҸҜж„ӣ
|-fieldstart|move: Trick Room|[of] p1a: зҙ«з«Ҫи¶…еҸҜж„ӣ
|
|-weather|RainDance|[upkeep]
|upkeep
|turn|2
|
|t:|1756299492
|switch|p2b: Incineroar|Incineroar, L50, M|100/100
|-ability|p2b: Incineroar|Intimidate|boost
|-unboost|p1a: зҙ«з«Ҫи¶…еҸҜж„ӣ|atk|1
|-unboost|p1b: зҙ«з«ҪеҘҪеҸҜж„ӣ|atk|1
|switch|p1b: еӨӘжЁӮе·ҙжҲҲж–Ҝ|Torkoal, L50, M, shiny|100/100
|-weather|SunnyDay|[from] ability: Drought|[of] p1b: еӨӘжЁӮе·ҙжҲҲж–Ҝ
|move|p1a: зҙ«з«Ҫи¶…еҸҜж„ӣ|Follow Me|p1a: зҙ«з«Ҫи¶…еҸҜж„ӣ
|-singleturn|p1a: зҙ«з«Ҫи¶…еҸҜж„ӣ|move: Follow Me
|move|p2a: Sneasler|Dire Claw|p1a: зҙ«з«Ҫи¶…еҸҜж„ӣ
|-crit|p1a: зҙ«з«Ҫи¶…еҸҜж„ӣ
|-damage|p1a: зҙ«з«Ҫи¶…еҸҜж„ӣ|0 fnt
|faint|p1a: зҙ«з«Ҫи¶…еҸҜж„ӣ
|
|-weather|SunnyDay|[upkeep]
|upkeep
|
|t:|1756299497
|switch|p1a: зҙ«з«ҪиҰӘиЎӣйҡҠ|Gallade, L50, M, shiny|100/100
|turn|3
|
|t:|1756299520
|switch|p2a: Pelipper|Pelipper, L50, F|100/100
|-weather|RainDance|[from] ability: Drizzle|[of] p2a: Pelipper
|-terastallize|p1b: еӨӘжЁӮе·ҙжҲҲж–Ҝ|Fire
|move|p1b: еӨӘжЁӮе·ҙжҲҲж–Ҝ|Heat Wave|p2a: Pelipper|[spread] p2a,p2b
|-resisted|p2a: Pelipper
|-crit|p2a: Pelipper
|-resisted|p2b: Incineroar
|-damage|p2a: Pelipper|73/100
|-damage|p2b: Incineroar|89/100
|move|p1a: зҙ«з«ҪиҰӘиЎӣйҡҠ|Sacred Sword|p2a: Pelipper
|-resisted|p2a: Pelipper
|-damage|p2a: Pelipper|29/100
|-damage|p1a: зҙ«з«ҪиҰӘиЎӣйҡҠ|84/100|[from] item: Rocky Helmet|[of] p2a: Pelipper
|move|p2b: Incineroar|Knock Off|p1b: еӨӘжЁӮе·ҙжҲҲж–Ҝ
|-damage|p1b: еӨӘжЁӮе·ҙжҲҲж–Ҝ|73/100
|-enditem|p1b: еӨӘжЁӮе·ҙжҲҲж–Ҝ|Choice Specs|[from] move: Knock Off|[of] p2b: Incineroar
|
|-weather|RainDance|[upkeep]
|upkeep
|turn|4
|inactive|porygon-epilepz has 30 seconds left.
|inactive|porygon-epilepz has 20 seconds left.
|inactive|porygon-epilepz has 15 seconds left.
|inactive|porygon-epilepz has 10 seconds left.
|
|t:|1756299569
|move|p1b: еӨӘжЁӮе·ҙжҲҲж–Ҝ|Weather Ball|p2a: Pelipper
|-resisted|p2a: Pelipper
|-damage|p2a: Pelipper|2/100
|move|p1a: зҙ«з«ҪиҰӘиЎӣйҡҠ|Sacred Sword|p2b: Incineroar
|-supereffective|p2b: Incineroar
|-damage|p2b: Incineroar|0 fnt
|faint|p2b: Incineroar
|move|p2a: Pelipper|Weather Ball|p1b: еӨӘжЁӮе·ҙжҲҲж–Ҝ
|-supereffective|p1b: еӨӘжЁӮе·ҙжҲҲж–Ҝ
|-damage|p1b: еӨӘжЁӮе·ҙжҲҲж–Ҝ|0 fnt
|faint|p1b: еӨӘжЁӮе·ҙжҲҲж–Ҝ
|
|-weather|RainDance|[upkeep]
|upkeep
|
|t:|1756299580
|switch|p1b: зҙ«з«ҪеҘҪеҸҜж„ӣ|Lilligant-Hisui, L50, F, shiny|100/100
|switch|p2b: Sneasler|Sneasler, L50, F, tera:Dark|100/100
|turn|5
|
|t:|1756299597
|move|p1a: зҙ«з«ҪиҰӘиЎӣйҡҠ|Sacred Sword|p2b: Sneasler
|-supereffective|p2b: Sneasler
|-enditem|p2b: Sneasler|Focus Sash
|-damage|p2b: Sneasler|1/100
|move|p2a: Pelipper|Hurricane|p1a: зҙ«з«ҪиҰӘиЎӣйҡҠ
|-supereffective|p1a: зҙ«з«ҪиҰӘиЎӣйҡҠ
|-damage|p1a: зҙ«з«ҪиҰӘиЎӣйҡҠ|2/100
|move|p1b: зҙ«з«ҪеҘҪеҸҜж„ӣ|Close Combat|p2b: Sneasler
|-supereffective|p2b: Sneasler
|-damage|p2b: Sneasler|0 fnt
|-unboost|p1b: зҙ«з«ҪеҘҪеҸҜж„ӣ|def|1
|-unboost|p1b: зҙ«з«ҪеҘҪеҸҜж„ӣ|spd|1
|faint|p2b: Sneasler
|
|-weather|RainDance|[upkeep]
|-fieldend|move: Trick Room
|-fieldend|move: Psychic Terrain
|upkeep
|
|t:|1756299607
|switch|p2b: Archaludon|Archaludon, L50, M|100/100
|turn|6
|
|t:|1756299629
|move|p1b: зҙ«з«ҪеҘҪеҸҜж„ӣ|Close Combat|p2b: Archaludon
|-supereffective|p2b: Archaludon
|-damage|p2b: Archaludon|23/100
|-unboost|p1b: зҙ«з«ҪеҘҪеҸҜж„ӣ|def|1
|-unboost|p1b: зҙ«з«ҪеҘҪеҸҜж„ӣ|spd|1
|-ability|p2b: Archaludon|Stamina|boost
|-boost|p2b: Archaludon|def|1
|move|p2b: Archaludon|Electro Shot||[still]
|-prepare|p2b: Archaludon|Electro Shot
|-boost|p2b: Archaludon|spa|1
|-anim|p2b: Archaludon|Electro Shot|p1a: зҙ«з«ҪиҰӘиЎӣйҡҠ
|-damage|p1a: зҙ«з«ҪиҰӘиЎӣйҡҠ|0 fnt
|faint|p1a: зҙ«з«ҪиҰӘиЎӣйҡҠ
|move|p2a: Pelipper|Hurricane|p1b: зҙ«з«ҪеҘҪеҸҜж„ӣ
|-supereffective|p1b: зҙ«з«ҪеҘҪеҸҜж„ӣ
|-enditem|p1b: зҙ«з«ҪеҘҪеҸҜж„ӣ|Focus Sash
|-damage|p1b: зҙ«з«ҪеҘҪеҸҜж„ӣ|1/100
|-start|p1b: зҙ«з«ҪеҘҪеҸҜж„ӣ|confusion
|
|-weather|RainDance|[upkeep]
|upkeep
|turn|7
|c|вҳҶar1stoteles vgc|gg
|
|t:|1756299643
|-activate|p1b: зҙ«з«ҪеҘҪеҸҜж„ӣ|confusion
|move|p1b: зҙ«з«ҪеҘҪеҸҜж„ӣ|Close Combat|p2b: Archaludon
|-supereffective|p2b: Archaludon
|-damage|p2b: Archaludon|0 fnt
|-unboost|p1b: зҙ«з«ҪеҘҪеҸҜж„ӣ|def|1
|-unboost|p1b: зҙ«з«ҪеҘҪеҸҜж„ӣ|spd|1
|faint|p2b: Archaludon
|move|p2a: Pelipper|Hurricane|p1b: зҙ«з«ҪеҘҪеҸҜж„ӣ
|-supereffective|p1b: зҙ«з«ҪеҘҪеҸҜж„ӣ
|-damage|p1b: зҙ«з«ҪеҘҪеҸҜж„ӣ|0 fnt
|faint|p1b: зҙ«з«ҪеҘҪеҸҜж„ӣ
|
|win|porygon-epilepz
|raw|ar1stoteles vgc's rating: 1171 → 1140(-31 for losing)
|raw|porygon-epilepz's rating: 1091 → 1123(+32 for winning)
