|j|☆x-demon18
|j|☆Cucaro macaro
|html|x-demon18Cucaro macaro    
|uhtml|bestof|Game 1 of a best-of-3
|t:|1784603380
|gametype|doubles
|player|p1|x-demon18|lucas|1102
|player|p2|Cucaro macaro|giovanni|1105
|gen|9
|tier|[Gen 9 Champions] VGC 2026 Reg M-B (Bo3)
|rated|
|rule|Species Clause: Limit one of each Pokémon
|rule|Item Clause: Limit 1 of each item
|clearpoke
|poke|p1|Incineroar, L50, M|
|poke|p1|Rotom-Wash, L50|
|poke|p1|Venusaur, L50, F|
|poke|p1|Corviknight, L50, F|
|poke|p1|Sylveon, L50, F|
|poke|p1|Garchomp, L50, M|
|poke|p2|Alakazam, L50, F|
|poke|p2|Corviknight, L50, F|
|poke|p2|Meowscarada, L50, M, shiny|
|poke|p2|Sneasler, L50, F, shiny|
|poke|p2|Arcanine-Hisui, L50, F|
|poke|p2|Primarina, L50, M, shiny|
|teampreview|4
|showteam|p1|Incineroar||ExpertBelt|Intimidate|FakeOut,TemperFlare,ThroatChop,PartingShot|Adamant||M|||50|]Rotom-Wash||RindoBerry|Levitate|HydroPump,Electroweb,WillOWisp,VoltSwitch|Modest|||||50|]Venusaur||Venusaurite|Chlorophyll|GigaDrain,SludgeBomb,EarthPower,Protect|Modest||F|||50|]Corviknight||OccaBerry|MirrorArmor|Tailwind,DualWingbeat,IronHead,BodyPress|Adamant||F|||50|]Sylveon||FairyFeather|Pixilate|HyperVoice,QuickAttack,Yawn,Detect|Modest||F|||50|]Garchomp||LifeOrb|RoughSkin|RockSlide,DragonClaw,StompingTantrum,Protect|Jolly||M|||50|
|showteam|p2|Alakazam||Alakazite|InnerFocus|Psychic,NastyPlot,DazzlingGleam,Protect|Timid||F|||50|]Corviknight||Leftovers|Pressure|Tailwind,Protect,BraveBird,BodyPress|Impish||F|||50|]Meowscarada||FocusSash|Overgrow|Protect,FlowerTrick,KnockOff,SuckerPunch|Jolly||M|||50|]Sneasler||WhiteHerb|Unburden|Protect,FakeOut,DireClaw,CloseCombat|Adamant||F|||50|]Arcanine-Hisui||ChopleBerry|Intimidate|ExtremeSpeed,FlareBlitz,RockSlide,Protect|Jolly||F|||50|]Primarina||BrightPowder|LiquidVoice|HyperVoice,Moonblast,Protect,Amnesia|Calm||M|||50|
|inactive|Battle timer is ON: inactive players will automatically lose when time's up. (requested by Cucaro macaro)
|inactive|x-demon18 has 60 seconds left.
|
|t:|1784603445
|teamsize|p1|4
|teamsize|p2|4
|start
|switch|p1a: Griffith|Corviknight, L50, F|100/100
|switch|p1b: HydroVolt|Rotom-Wash, L50|100/100
|switch|p2a: Primarina|Primarina, L50, M, shiny|100/100
|switch|p2b: Corviknight|Corviknight, L50, F|100/100
|-ability|p2b: Corviknight|Pressure
|turn|1
|inactive|x-demon18 has 30 seconds left.
|inactive|x-demon18 has 20 seconds left.
|
|t:|1784603483
|move|p1b: HydroVolt|Volt Switch|p2a: Primarina
|-supereffective|p2a: Primarina|1
|-damage|p2a: Primarina|61/100
|
|t:|1784603489
|switch|p1b: Frieren|Sylveon, L50, F|100/100|[from] Volt Switch
|move|p1a: Griffith|Tailwind|p1a: Griffith
|-sidestart|p1: x-demon18|move: Tailwind
|move|p2b: Corviknight|Tailwind|p2b: Corviknight
|-sidestart|p2: Cucaro macaro|move: Tailwind
|move|p2a: Primarina|Hyper Voice|p1a: Griffith|[spread] p1a,p1b
|-damage|p1a: Griffith|78/100
|-damage|p1b: Frieren|79/100
|
|upkeep
|turn|2
|
|t:|1784603506
|move|p1a: Griffith|Iron Head|p2a: Primarina
|-damage|p2a: Primarina|22/100
|move|p2b: Corviknight|Brave Bird|p1b: Frieren
|-damage|p1b: Frieren|39/100
|-damage|p2b: Corviknight|87/100|[from] Recoil
|move|p1b: Frieren|Hyper Voice|p2b: Corviknight|[spread] p2b
|-miss|p1b: Frieren|p2a: Primarina
|-resisted|p2b: Corviknight|1
|-damage|p2b: Corviknight|66/100
|cant|p2a: Primarina|flinch
|
|-heal|p2b: Corviknight|72/100|[from] item: Leftovers
|upkeep
|turn|3
|
|t:|1784603525
|switch|p1b: HydroVolt|Rotom-Wash, L50|100/100
|move|p2a: Primarina|Protect|p2a: Primarina
|-singleturn|p2a: Primarina|Protect
|move|p1a: Griffith|Iron Head|p2a: Primarina
|-activate|p2a: Primarina|move: Protect
|move|p2b: Corviknight|Brave Bird|p1b: HydroVolt
|-resisted|p1b: HydroVolt|1
|-damage|p1b: HydroVolt|79/100
|-damage|p2b: Corviknight|67/100|[from] Recoil
|
|-heal|p2b: Corviknight|73/100|[from] item: Leftovers
|upkeep
|turn|4
|
|t:|1784603544
|move|p2b: Corviknight|Protect|p2b: Corviknight
|-singleturn|p2b: Corviknight|Protect
|move|p1b: HydroVolt|Volt Switch|p2b: Corviknight
|-activate|p2b: Corviknight|move: Protect
|move|p1a: Griffith|Iron Head|p2a: Primarina
|-damage|p2a: Primarina|0 fnt
|faint|p2a: Primarina
|
|-heal|p2b: Corviknight|79/100|[from] item: Leftovers
|-sideend|p1: x-demon18|move: Tailwind
|-sideend|p2: Cucaro macaro|move: Tailwind
|upkeep
|
|t:|1784603562
|switch|p2a: Sneasler|Sneasler, L50, F, shiny|100/100
|turn|5
|
|t:|1784603567
|move|p2a: Sneasler|Close Combat|p1a: Griffith
|-damage|p1a: Griffith|20/100y
|-unboost|p2a: Sneasler|def|1
|-unboost|p2a: Sneasler|spd|1
|-enditem|p2a: Sneasler|White Herb
|-clearnegativeboost|p2a: Sneasler|[silent]
|move|p1b: HydroVolt|Volt Switch|p2b: Corviknight
|-supereffective|p2b: Corviknight|1
|-damage|p2b: Corviknight|14/100
|
|t:|1784603577
|switch|p1b: Wolverine|Incineroar, L50, M|100/100|[from] Volt Switch
|-ability|p1b: Wolverine|Intimidate|boost
|-unboost|p2a: Sneasler|atk|1
|-unboost|p2b: Corviknight|atk|1
|move|p1a: Griffith|Dual Wingbeat|p2a: Sneasler
|-supereffective|p2a: Sneasler|1
|-damage|p2a: Sneasler|42/100
|-supereffective|p2a: Sneasler|1
|-damage|p2a: Sneasler|0 fnt
|faint|p2a: Sneasler
|-hitcount|p2: Sneasler|2
|move|p2b: Corviknight|Body Press|p1a: Griffith
|-damage|p1a: Griffith|0 fnt
|faint|p1a: Griffith
|
|-heal|p2b: Corviknight|20/100y|[from] item: Leftovers
|upkeep
|
|t:|1784603595
|switch|p2a: Alakazam|Alakazam, L50, F|100/100
|switch|p1a: HydroVolt|Rotom-Wash, L50|79/100
|turn|6
|
|t:|1784603616
|detailschange|p2a: Alakazam|Alakazam-Mega, L50, F
|-mega|p2a: Alakazam|Alakazam|Alakazite
|-ability|p2a: Alakazam|Levitate|Trace|[from] ability: Trace|[of] p1a: HydroVolt
|move|p2a: Alakazam|Protect|p2a: Alakazam
|-singleturn|p2a: Alakazam|Protect
|move|p2b: Corviknight|Protect|p2b: Corviknight
|-singleturn|p2b: Corviknight|Protect
|move|p1b: Wolverine|Fake Out|p2a: Alakazam
|-activate|p2a: Alakazam|move: Protect
|move|p1a: HydroVolt|Electroweb|p2b: Corviknight|[spread] 
|-activate|p2a: Alakazam|move: Protect
|-activate|p2b: Corviknight|move: Protect
|
|-heal|p2b: Corviknight|26/100|[from] item: Leftovers
|upkeep
|turn|7
|inactive|x-demon18 has 30 seconds left.
|
|t:|1784603642
|move|p2a: Alakazam|Psychic|p1a: HydroVolt
|-damage|p1a: HydroVolt|23/100
|move|p1a: HydroVolt|Volt Switch|p2b: Corviknight
|-supereffective|p2b: Corviknight|1
|-damage|p2b: Corviknight|0 fnt
|faint|p2b: Corviknight
|
|t:|1784603649
|switch|p1a: Frieren|Sylveon, L50, F|39/100|[from] Volt Switch
|move|p1b: Wolverine|Throat Chop|p2a: Alakazam
|-supereffective|p2a: Alakazam|1
|-damage|p2a: Alakazam|0 fnt
|faint|p2a: Alakazam
|
|win|x-demon18
||Cucaro macaro is ready for game 2.
