|j|☆ChebyshevSG
|j|☆panijc
|html|ChebyshevSGpanijc    
|uhtml|bestof|Game 2 of a best-of-3
|t:|1785810680
|gametype|doubles
|player|p1|ChebyshevSG|cynthia-gen4|1194
|player|p2|panijc|266|1146
|gen|9
|tier|[Gen 9 Champions] VGC 2026 Reg M-B (Bo3)
|rated|
|rule|Species Clause: Limit one of each Pokémon
|rule|Item Clause: Limit 1 of each item
|clearpoke
|poke|p1|Gengar, L50, F|
|poke|p1|Archaludon, L50, M|
|poke|p1|Politoed, L50, M|
|poke|p1|Swampert, L50, F|
|poke|p1|Vivillon, L50, F|
|poke|p1|Incineroar, L50, F|
|poke|p2|Raichu, L50, F|
|poke|p2|Mamoswine, L50, M|
|poke|p2|Sylveon, L50, F|
|poke|p2|Incineroar, L50, F|
|poke|p2|Basculegion, L50, M|
|poke|p2|Whimsicott, L50, F|
|teampreview|4
|showteam|p1|Gengar||Gengarite|CursedBody|ShadowBall,SludgeBomb,PerishSong,Protect|Modest||F|||50|]Archaludon||Leftovers|Stamina|ElectroShot,DragonPulse,FlashCannon,Protect|Bold||M|||50|]Politoed||SitrusBerry|Drizzle|WeatherBall,Hypnosis,PerishSong,Protect|Calm||M|||50|]Swampert||Swampertite|Torrent|WaveCrash,Earthquake,IcePunch,Protect|Adamant||F|||50|]Vivillon||FocusSash|CompoundEyes|Hurricane,SleepPowder,RagePowder,Protect|Timid||F|||50|]Incineroar||PasshoBerry|Intimidate|ThroatChop,FakeOut,PartingShot,Protect|Impish||F|||50|
|showteam|p2|Raichu||RaichuniteY|LightningRod|ZapCannon,FocusBlast,FakeOut,Protect|Timid||F|||50|]Mamoswine||LifeOrb|Oblivious|IcicleCrash,HighHorsepower,IceShard,Protect|Adamant||M|||50|]Sylveon||FairyFeather|Pixilate|HyperVoice,HyperBeam,Detect,Yawn|Modest||F|||50|]Incineroar||SitrusBerry|Intimidate|ThroatChop,FlareBlitz,FakeOut,PartingShot|Impish||F|||50|]Basculegion||MysticWater|Adaptability|WaveCrash,LastRespects,AquaJet,Protect|Adamant||M|||50|]Whimsicott||FocusSash|Prankster|Moonblast,Tailwind,Protect,Encore|Timid||F|||50|
|inactive|Battle timer is ON: inactive players will automatically lose when time's up. (requested by ChebyshevSG)
|
|t:|1785810705
|teamsize|p1|4
|teamsize|p2|4
|start
|switch|p1a: Gengar|Gengar, L50, F|100/100
|switch|p1b: Vivillon|Vivillon, L50, F|100/100
|switch|p2a: Raichu|Raichu, L50, F|100/100
|switch|p2b: Incineroar|Incineroar, L50, F|100/100
|-ability|p2b: Incineroar|Intimidate|boost
|-unboost|p1a: Gengar|atk|1
|-unboost|p1b: Vivillon|atk|1
|turn|1
|inactive|panijc has 30 seconds left.
|
|t:|1785810737
|switch|p1b: Incineroar|Incineroar, L50, F|100/100
|-ability|p1b: Incineroar|Intimidate|boost
|-unboost|p2a: Raichu|atk|1
|-unboost|p2b: Incineroar|atk|1
|detailschange|p2a: Raichu|Raichu-Mega-Y, L50, F
|-mega|p2a: Raichu|Raichu|Raichunite Y
|detailschange|p1a: Gengar|Gengar-Mega, L50, F
|-mega|p1a: Gengar|Gengar|Gengarite
|move|p2a: Raichu|Fake Out|p1b: Incineroar
|-damage|p1b: Incineroar|95/100
|move|p1a: Gengar|Perish Song|p1a: Gengar
|-start|p1a: Gengar|perish3|[silent]
|-start|p1b: Incineroar|perish3|[silent]
|-start|p2a: Raichu|perish3|[silent]
|-start|p2b: Incineroar|perish3|[silent]
|-fieldactivate|move: Perish Song
|move|p2b: Incineroar|Throat Chop|p1a: Gengar
|-supereffective|p1a: Gengar|1
|-damage|p1a: Gengar|44/100
|-start|p1a: Gengar|Throat Chop|[silent]
|
|-start|p2a: Raichu|perish3
|-start|p1a: Gengar|perish3
|-start|p2b: Incineroar|perish3
|-start|p1b: Incineroar|perish3
|upkeep
|turn|2
|inactive|ChebyshevSG has 30 seconds left.
|inactive|panijc has 30 seconds left.
|
|t:|1785810769
|move|p1b: Incineroar|Fake Out|p2b: Incineroar
|-damage|p2b: Incineroar|91/100
|move|p2a: Raichu|Zap Cannon|p1a: Gengar
|-damage|p1a: Gengar|0 fnt
|faint|p1a: Gengar
|cant|p2b: Incineroar|flinch
|
|-start|p2a: Raichu|perish2
|-start|p2b: Incineroar|perish2
|-start|p1b: Incineroar|perish2
|upkeep
|
|t:|1785810780
|switch|p1a: Swampert|Swampert, L50, F|100/100
|turn|3
|
|t:|1785810797
|switch|p2a: Whimsicott|Whimsicott, L50, F|100/100
|switch|p1b: Vivillon|Vivillon, L50, F|100/100
|move|p1a: Swampert|Earthquake|p2b: Incineroar|[spread] p2a,p2b
|-immune|p1b: Vivillon
|-resisted|p2a: Whimsicott|1
|-supereffective|p2b: Incineroar|1
|-damage|p2a: Whimsicott|72/100
|-damage|p2b: Incineroar|28/100
|-enditem|p2b: Incineroar|Sitrus Berry|[eat]
|-heal|p2b: Incineroar|53/100|[from] item: Sitrus Berry
|move|p2b: Incineroar|Parting Shot|p1a: Swampert
|-unboost|p1a: Swampert|atk|1
|-unboost|p1a: Swampert|spa|1
|
|t:|1785810816
|switch|p2b: Mamoswine|Mamoswine, L50, M|100/100|[from] Parting Shot
|
|upkeep
|turn|4
|
|t:|1785810826
|move|p2b: Mamoswine|Ice Shard|p1b: Vivillon
|-supereffective|p1b: Vivillon|1
|-enditem|p1b: Vivillon|Focus Sash
|-damage|p1b: Vivillon|1/100
|-damage|p2b: Mamoswine|90/100|[from] item: Life Orb
|move|p2a: Whimsicott|Moonblast|p1b: Vivillon
|-damage|p1b: Vivillon|0 fnt
|faint|p1b: Vivillon
|move|p1a: Swampert|Wave Crash|p2b: Mamoswine
|-supereffective|p2b: Mamoswine|1
|-damage|p2b: Mamoswine|0 fnt
|faint|p2b: Mamoswine
|-damage|p1a: Swampert|68/100|[from] Recoil
|
|upkeep
|
|t:|1785810839
|switch|p1b: Incineroar|Incineroar, L50, F|95/100
|switch|p2b: Incineroar|Incineroar, L50, F|53/100
|-ability|p2b: Incineroar|Intimidate|boost
|-unboost|p1a: Swampert|atk|1
|-unboost|p1b: Incineroar|atk|1
|-ability|p1b: Incineroar|Intimidate|boost
|-unboost|p2a: Whimsicott|atk|1
|-unboost|p2b: Incineroar|atk|1
|turn|5
|
|t:|1785810861
|move|p2b: Incineroar|Fake Out|p1b: Incineroar
|-damage|p1b: Incineroar|88/100
|cant|p1b: Incineroar|flinch
|move|p2a: Whimsicott|Encore|p1a: Swampert
|-start|p1a: Swampert|Encore
|move|p1a: Swampert|Wave Crash|p2b: Incineroar
|-supereffective|p2b: Incineroar|1
|-damage|p2b: Incineroar|10/100
|-damage|p1a: Swampert|52/100|[from] Recoil
|
|upkeep
|turn|6
|
|t:|1785810876
|move|p2a: Whimsicott|Moonblast|p1a: Swampert
|-damage|p1a: Swampert|10/100
|move|p1a: Swampert|Wave Crash|p2b: Incineroar
|-supereffective|p2b: Incineroar|1
|-damage|p2b: Incineroar|0 fnt
|faint|p2b: Incineroar
|-damage|p1a: Swampert|6/100|[from] Recoil
|move|p1b: Incineroar|Throat Chop|p2a: Whimsicott
|-resisted|p2a: Whimsicott|1
|-damage|p2a: Whimsicott|58/100
|-start|p2a: Whimsicott|Throat Chop|[silent]
|
|upkeep
|
|t:|1785810886
|switch|p2b: Raichu|Raichu-Mega-Y, L50, F|100/100
|turn|7
|
|t:|1785810893
|move|p2b: Raichu|Fake Out|p1b: Incineroar
|-damage|p1b: Incineroar|80/100
|move|p2a: Whimsicott|Moonblast|p1a: Swampert
|-damage|p1a: Swampert|0 fnt
|faint|p1a: Swampert
|cant|p1b: Incineroar|flinch
|
|-end|p2a: Whimsicott|Throat Chop|[silent]
|upkeep
|turn|8
|-message|ChebyshevSG forfeited.
|raw|ChebyshevSG's rating: 1194 → 1166(-28 for losing)
|raw|panijc's rating: 1146 → 1174(+28 for winning)
|
|win|panijc
|l|☆ChebyshevSG
|player|p1|
