|j|☆Cristante terabug
|j|☆Happyhelper
|html|Cristante terabugHappyhelper    
|uhtml|bestof|Game 2 of a best-of-3
|t:|1756248534
|gametype|doubles
|player|p1|Cristante terabug|kieran-champion|1175
|player|p2|Happyhelper|2|1132
|gen|9
|tier|[Gen 9] VGC 2025 Reg H (Bo3)
|rated|
|rule|Species Clause: Limit one of each Pokémon
|rule|Item Clause: Limit 1 of each item
|clearpoke
|poke|p1|Kommo-o, L50, F|
|poke|p1|Gholdengo, L50|
|poke|p1|Sneasler, L50, F|
|poke|p1|Rillaboom, L50, F|
|poke|p1|Dondozo, L50, F|
|poke|p1|Electabuzz, L50, F|
|poke|p2|Amoonguss, L50, M|
|poke|p2|Incineroar, L50, M|
|poke|p2|Politoed, L50, F|
|poke|p2|Corviknight, L50, M|
|poke|p2|Maushold-Four, L50|
|poke|p2|Archaludon, L50, F|
|teampreview|4
|showteam|p1|Kommo-o||ThroatSpray|Overcoat|ClangorousSoul,ClangingScales,Flamethrower,Protect|||F|||50|,,,,,Fire]Gholdengo||ChoiceSpecs|GoodasGold|MakeItRain,Thunderbolt,DazzlingGleam,ShadowBall||||||50|,,,,,Fairy]Sneasler||FocusSash|PoisonTouch|FakeOut,DireClaw,CloseCombat,Protect|||F|||50|,,,,,Stellar]Rillaboom||AssaultVest|GrassySurge|FakeOut,GrassyGlide,DrumBeating,HighHorsepower|||F|||50|,,,,,Fire]Dondozo||Leftovers|Unaware|WaveCrash,Fissure,Yawn,Protect|||F|||50|,,,,,Poison]Electabuzz||Eviolite|VitalSpirit|Electroweb,FollowMe,Taunt,Protect|||F|||50|,,,,,Ghost
|showteam|p2|Amoonguss||SitrusBerry|Regenerator|RagePowder,SludgeBomb,Spore,Protect|||M|||50|,,,,,Dark]Incineroar||SafetyGoggles|Intimidate|FakeOut,PartingShot,KnockOff,FlareBlitz|||M|||50|,,,,,Ghost]Politoed||Leftovers|Drizzle|WeatherBall,PerishSong,Protect,Encore|||F|||50|,,,,,Grass]Corviknight||CovertCloak|MirrorArmor|BraveBird,Tailwind,BodyPress,IronDefense|||M|||50|,,,,,Dragon]Maushold-Four||WideLens|Technician|PopulationBomb,Protect,FollowMe,RainDance||||||50|,,,,,Ghost]Archaludon||PowerHerb|Stamina|ElectroShot,Protect,DracoMeteor,BodyPress|||F|||50|,,,,,Flying
|inactive|Battle timer is ON: inactive players will automatically lose when time's up. (requested by Happyhelper)
|inactive|Cristante terabug has 60 seconds left.
|
|t:|1756248576
|teamsize|p1|4
|teamsize|p2|4
|start
|switch|p1a: Electabuzz|Electabuzz, L50, F|100/100
|switch|p1b: Gholdengo|Gholdengo, L50|100/100
|switch|p2a: Maushold|Maushold-Four, L50|100/100
|switch|p2b: Amoonguss|Amoonguss, L50, M|100/100
|turn|1
|inactive|Cristante terabug has 30 seconds left.
|
|t:|1756248602
|switch|p2b: Archaludon|Archaludon, L50, F|100/100
|-terastallize|p1a: Electabuzz|Ghost
|move|p2a: Maushold|Population Bomb|p2b: Archaludon
|-resisted|p2b: Archaludon
|-damage|p2b: Archaludon|97/100
|-ability|p2b: Archaludon|Stamina|boost
|-boost|p2b: Archaludon|def|1
|-resisted|p2b: Archaludon
|-damage|p2b: Archaludon|94/100
|-ability|p2b: Archaludon|Stamina|boost
|-boost|p2b: Archaludon|def|1
|-resisted|p2b: Archaludon
|-damage|p2b: Archaludon|91/100
|-ability|p2b: Archaludon|Stamina|boost
|-boost|p2b: Archaludon|def|1
|-resisted|p2b: Archaludon
|-damage|p2b: Archaludon|90/100
|-ability|p2b: Archaludon|Stamina|boost
|-boost|p2b: Archaludon|def|1
|-resisted|p2b: Archaludon
|-damage|p2b: Archaludon|88/100
|-ability|p2b: Archaludon|Stamina|boost
|-boost|p2b: Archaludon|def|1
|-resisted|p2b: Archaludon
|-damage|p2b: Archaludon|87/100
|-ability|p2b: Archaludon|Stamina|boost
|-boost|p2b: Archaludon|def|1
|-resisted|p2b: Archaludon
|-damage|p2b: Archaludon|86/100
|-resisted|p2b: Archaludon
|-damage|p2b: Archaludon|85/100
|-resisted|p2b: Archaludon
|-damage|p2b: Archaludon|83/100
|-resisted|p2b: Archaludon
|-damage|p2b: Archaludon|82/100
|-hitcount|p2b: Archaludon|10
|move|p1a: Electabuzz|Taunt|p2a: Maushold
|-start|p2a: Maushold|move: Taunt
|move|p1b: Gholdengo|Shadow Ball|p2b: Archaludon
|-damage|p2b: Archaludon|18/100
|
|upkeep
|turn|2
|
|t:|1756248624
|switch|p2a: Amoonguss|Amoonguss, L50, M|100/100
|move|p2b: Archaludon|Protect|p2b: Archaludon
|-singleturn|p2b: Archaludon|Protect
|move|p1a: Electabuzz|Electroweb|p2a: Amoonguss|[spread] p2a
|-activate|p2b: Archaludon|move: Protect
|-resisted|p2a: Amoonguss
|-damage|p2a: Amoonguss|96/100
|-unboost|p2a: Amoonguss|spe|1
|move|p1b: Gholdengo|Shadow Ball|p2b: Archaludon
|-activate|p2b: Archaludon|move: Protect
|
|upkeep
|turn|3
|
|t:|1756248647
|move|p2a: Amoonguss|Rage Powder|p2a: Amoonguss
|-singleturn|p2a: Amoonguss|move: Rage Powder
|move|p1a: Electabuzz|Taunt|p2a: Amoonguss
|-start|p2a: Amoonguss|move: Taunt
|move|p1b: Gholdengo|Shadow Ball|p2a: Amoonguss
|-damage|p2a: Amoonguss|49/100
|-enditem|p2a: Amoonguss|Sitrus Berry|[eat]
|-heal|p2a: Amoonguss|74/100|[from] item: Sitrus Berry
|move|p2b: Archaludon|Draco Meteor|p1a: Electabuzz
|-damage|p1a: Electabuzz|46/100
|-unboost|p2b: Archaludon|spa|2
|
|upkeep
|turn|4
|
|t:|1756248667
|switch|p2a: Maushold|Maushold-Four, L50|100/100
|move|p2b: Archaludon|Protect|p2b: Archaludon
|-singleturn|p2b: Archaludon|Protect
|move|p1a: Electabuzz|Electroweb|p2a: Maushold|[spread] p2a
|-activate|p2b: Archaludon|move: Protect
|-damage|p2a: Maushold|82/100
|-unboost|p2a: Maushold|spe|1
|move|p1b: Gholdengo|Shadow Ball|p2b: Archaludon
|-activate|p2b: Archaludon|move: Protect
|
|upkeep
|turn|5
|inactive|Happyhelper has 30 seconds left.
|j| AriehA1995
|inactive|Happyhelper has 20 seconds left.
|
|t:|1756248704
|move|p2a: Maushold|Follow Me|p2a: Maushold
|-singleturn|p2a: Maushold|move: Follow Me
|move|p1a: Electabuzz|Taunt|p2a: Maushold
|-start|p2a: Maushold|move: Taunt
|move|p1b: Gholdengo|Shadow Ball|p2a: Maushold
|-immune|p2a: Maushold
|move|p2b: Archaludon|Draco Meteor|p1a: Electabuzz
|-damage|p1a: Electabuzz|21/100
|-unboost|p2b: Archaludon|spa|2
|
|upkeep
|turn|6
|
|t:|1756248721
|switch|p2a: Corviknight|Corviknight, L50, M|100/100
|switch|p2b: Amoonguss|Amoonguss, L50, M|100/100
|move|p1a: Electabuzz|Electroweb|p2b: Amoonguss|[spread] p2b
|-miss|p1a: Electabuzz|p2a: Corviknight
|-resisted|p2b: Amoonguss
|-damage|p2b: Amoonguss|95/100
|-unboost|p2b: Amoonguss|spe|1
|move|p1b: Gholdengo|Shadow Ball|p2a: Corviknight
|-damage|p2a: Corviknight|41/100
|
|upkeep
|turn|7
|inactive|Happyhelper has 30 seconds left.
|inactive|Happyhelper has 20 seconds left.
|
|t:|1756248756
|move|p1a: Electabuzz|Taunt|p2b: Amoonguss
|-start|p2b: Amoonguss|move: Taunt
|move|p1b: Gholdengo|Shadow Ball|p2a: Corviknight
|-damage|p2a: Corviknight|0 fnt
|faint|p2a: Corviknight
|move|p2b: Amoonguss|Sludge Bomb|p1a: Electabuzz
|-resisted|p1a: Electabuzz
|-damage|p1a: Electabuzz|9/100
|
|upkeep
|-message|Happyhelper forfeited.
|
|win|Cristante terabug
|l|☆Happyhelper
|player|p2|
