|j|â˜†PenguinOfLite
|j|â˜†TacoBurger
|html|PenguinOfLiteTacoBurger    
|uhtml|bestof|Game 1 of a best-of-3
|t:|1783783409
|gametype|doubles
|player|p1|PenguinOfLite|clair|
|player|p2|TacoBurger|tuber|
|gen|9
|tier|[Gen 9 Champions] VGC 2026 Reg M-B (Bo3)
|rule|Species Clause: Limit one of each PokÃ©mon
|rule|Item Clause: Limit 1 of each item
|clearpoke
|poke|p1|Scrafty, L50, F|
|poke|p1|Scovillain, L50, F|
|poke|p1|Incineroar, L50, F|
|poke|p1|Ninetales-Alola, L50, F|
|poke|p1|Rotom-Wash, L50|
|poke|p1|Barbaracle, L50, F|
|poke|p2|Pyroar, L50, M|
|poke|p2|Ninetales, L50, F|
|poke|p2|Incineroar, L50, F|
|poke|p2|Victreebel, L50, M|
|poke|p2|Basculegion, L50, M|
|poke|p2|Sneasler, L50, F|
|teampreview|4
|showteam|p1|Scrafty||Scraftinite|Intimidate|IcePunch,KnockOff,CloseCombat,Protect|Brave||F|||50|]Scovillain||Scovillainite|Moody|LeechSeed,Overheat,RagePowder,Protect|Calm||F|||50|]Incineroar||SitrusBerry|Intimidate|FakeOut,FlareBlitz,PartingShot,DrainPunch|Brave||F|||50|]Ninetales-Alola||FocusSash|SnowWarning|AuroraVeil,Moonblast,Blizzard,Protect|Modest||F|||50|]Rotom-Wash||ChoiceScarf|Levitate|VoltSwitch,Discharge,HydroPump,Electroweb|Timid|||||50|]Barbaracle||ScopeLens|Sniper|AquaCutter,RockPolish,StoneEdge,Protect|Adamant||F|||50|
|showteam|p2|Pyroar||Pyroarite|Unnerve|HeatWave,Overheat,SolarBeam,Protect|Timid||M|||50|]Ninetales||ChoiceScarf|Drought|HeatWave,Overheat,SolarBeam,FakeTears|Modest||F|||50|]Incineroar||SitrusBerry|Intimidate|FakeOut,FlareBlitz,ThroatChop,PartingShot|Adamant||F|||50|]Victreebel||WideLens|Chlorophyll|Protect,SleepPowder,EnergyBall,SludgeBomb|Timid||M|||50|]Basculegion||LifeOrb|Adaptability|WaveCrash,LastRespects,AquaJet,Protect|Adamant||M|||50|]Sneasler||WhiteHerb|Unburden|Protect,CloseCombat,DireClaw,RockSlide|Adamant||F|||50|
|c|â˜†TacoBurger|hajrÃ¡ hajrÃ¡
|c|â˜†PenguinOfLite|Glhf Ã©ppen a strandon Ã¼lÃ¶k a fÅ±ben
|
|t:|1783783488
|teamsize|p1|4
|teamsize|p2|4
|start
|switch|p1a: Scrafty|Scrafty, L50, F|100/100
|switch|p1b: Barbaracle|Barbaracle, L50, F|100/100
|switch|p2a: Pyroar|Pyroar, L50, M|100/100
|switch|p2b: Sneasler|Sneasler, L50, F|100/100
|-ability|p2a: Pyroar|Unnerve
|-ability|p1a: Scrafty|Intimidate|boost
|-unboost|p2a: Pyroar|atk|1
|-unboost|p2b: Sneasler|atk|1
|-enditem|p2b: Sneasler|White Herb
|-clearnegativeboost|p2b: Sneasler|[silent]
|turn|1
|c|â˜†TacoBurger|lol :D
|c|â˜†TacoBurger|merre vagy?
|
|t:|1783783524
|detailschange|p1a: Scrafty|Scrafty-Mega, L50, F
|-mega|p1a: Scrafty|Scrafty|Scraftinite
|-ability|p1a: Scrafty|Intimidate|boost
|-unboost|p2a: Pyroar|atk|1
|-unboost|p2b: Sneasler|atk|1
|move|p2a: Pyroar|Protect|p2a: Pyroar
|-singleturn|p2a: Pyroar|Protect
|move|p2b: Sneasler|Close Combat|p1a: Scrafty
|-supereffective|p1a: Scrafty|1
|-crit|p1a: Scrafty
|-damage|p1a: Scrafty|0 fnt
|-unboost|p2b: Sneasler|def|1
|-unboost|p2b: Sneasler|spd|1
|faint|p1a: Scrafty
|move|p1b: Barbaracle|Rock Polish|p1b: Barbaracle
|-boost|p1b: Barbaracle|spe|2
|
|upkeep
|
|t:|1783783540
|switch|p1a: Rotom|Rotom-Wash, L50|100/100
|turn|2
|
|t:|1783783568
|switch|p2a: Incineroar|Incineroar, L50, F|100/100
|-ability|p2a: Incineroar|Intimidate|boost
|-unboost|p1a: Rotom|atk|1
|-unboost|p1b: Barbaracle|atk|1
|move|p1b: Barbaracle|Protect|p1b: Barbaracle
|-singleturn|p1b: Barbaracle|Protect
|move|p2b: Sneasler|Close Combat|p1b: Barbaracle
|-activate|p1b: Barbaracle|move: Protect
|move|p1a: Rotom|Hydro Pump|p2b: Sneasler
|-damage|p2b: Sneasler|12/100
|
|upkeep
|turn|3
|
|t:|1783783602
|move|p2a: Incineroar|Fake Out|p1a: Rotom
|-damage|p1a: Rotom|88/100
|move|p2b: Sneasler|Close Combat|p1b: Barbaracle
|-supereffective|p1b: Barbaracle|1
|-damage|p1b: Barbaracle|0 fnt
|-unboost|p2b: Sneasler|def|1
|-unboost|p2b: Sneasler|spd|1
|faint|p1b: Barbaracle
|cant|p1a: Rotom|flinch
|
|upkeep
|
|t:|1783783612
|switch|p1b: Ninetales|Ninetales-Alola, L50, F|100/100
|-weather|Snowscape|[from] ability: Snow Warning|[of] p1b: Ninetales
|turn|4
|
|t:|1783783621
|switch|p2b: Ninetales|Ninetales, L50, F|100/100
|-weather|SunnyDay|[from] ability: Drought|[of] p2b: Ninetales
|move|p1a: Rotom|Hydro Pump|p2a: Incineroar
|-supereffective|p2a: Incineroar|1
|-damage|p2a: Incineroar|67/100
|move|p1b: Ninetales|Blizzard|p2b: Ninetales|[spread] p2a,p2b
|-resisted|p2a: Incineroar|1
|-resisted|p2b: Ninetales|1
|-damage|p2a: Incineroar|53/100
|-damage|p2b: Ninetales|80/100
|move|p2a: Incineroar|Flare Blitz|p1b: Ninetales
|-supereffective|p1b: Ninetales|1
|-enditem|p1b: Ninetales|Focus Sash
|-damage|p1b: Ninetales|1/100
|-damage|p2a: Incineroar|29/100|[from] Recoil
|-enditem|p2a: Incineroar|Sitrus Berry|[eat]
|-heal|p2a: Incineroar|54/100|[from] item: Sitrus Berry
|
|-weather|SunnyDay|[upkeep]
|upkeep
|turn|5
|
|t:|1783783648
|move|p2b: Ninetales|Solar Beam||[still]
|-prepare|p2b: Ninetales|Solar Beam
|-anim|p2b: Ninetales|Solar Beam|p1a: Rotom
|-supereffective|p1a: Rotom|1
|-damage|p1a: Rotom|21/100
|move|p1a: Rotom|Hydro Pump|p2b: Ninetales
|-supereffective|p2b: Ninetales|1
|-damage|p2b: Ninetales|30/100
|move|p1b: Ninetales|Blizzard|p2a: Incineroar|[spread] p2b
|-miss|p1b: Ninetales|p2a: Incineroar
|-resisted|p2b: Ninetales|1
|-damage|p2b: Ninetales|10/100
|move|p2a: Incineroar|Parting Shot|p1a: Rotom
|-unboost|p1a: Rotom|atk|1
|-unboost|p1a: Rotom|spa|1
|
|t:|1783783663
|switch|p2a: Pyroar|Pyroar, L50, M|100/100|[from] Parting Shot
|-ability|p2a: Pyroar|Unnerve
|
|-weather|SunnyDay|[upkeep]
|upkeep
|turn|6
|c|â˜†PenguinOfLite|AmÃºgy
|c|â˜†PenguinOfLite|Ã‰n Ãºgy raktam Ã¶ssze ezt a teamet, hogy Chari Y bannolva, sun ellen tuti nem kelle jÃ¡tszanom XDDD
|
|t:|1783783706
|move|p2b: Ninetales|Solar Beam||[still]
|-prepare|p2b: Ninetales|Solar Beam
|-anim|p2b: Ninetales|Solar Beam|p1a: Rotom
|-supereffective|p1a: Rotom|1
|-damage|p1a: Rotom|0 fnt
|faint|p1a: Rotom
|move|p2a: Pyroar|Heat Wave|p1b: Ninetales
|-supereffective|p1b: Ninetales|1
|-damage|p1b: Ninetales|0 fnt
|faint|p1b: Ninetales
|
|win|TacoBurger
|inactive|PenguinOfLite has 30 seconds to confirm battle start!
|inactive|TacoBurger has 30 seconds to confirm battle start!
||PenguinOfLite is ready for game 2.
||TacoBurger is ready for game 2.
|uhtml|next|Next: Game 2 of 3
