|j|☆sodium factory
|j|☆epic17x
|html|sodium factoryepic17x    
|uhtml|bestof|Game 2 of a best-of-3
|t:|1756229511
|gametype|doubles
|player|p1|sodium factory|youngster-gen4dp|1255
|player|p2|epic17x|steven|1360
|gen|9
|tier|[Gen 9] VGC 2025 Reg H (Bo3)
|rated|
|rule|Species Clause: Limit one of each Pokémon
|rule|Item Clause: Limit 1 of each item
|clearpoke
|poke|p1|Maushold, L50|
|poke|p1|Annihilape, L50, F|
|poke|p1|Grimmsnarl, L50, M|
|poke|p1|Gholdengo, L50|
|poke|p1|Dragonite, L50, M|
|poke|p1|Garchomp, L50, F|
|poke|p2|Ninetales-Alola, L50, F|
|poke|p2|Rillaboom, L50, F|
|poke|p2|Magmar, L50, M|
|poke|p2|Sneasler, L50, F|
|poke|p2|Kingambit, L50, M|
|poke|p2|Basculegion, L50, M|
|teampreview|4
|showteam|p1|Maushold||WideLens|FriendGuard|PopulationBomb,BeatUp,Protect,FollowMe||||||50|,,,,,Ghost]Annihilape||SafetyGoggles|Defiant|RageFist,DrainPunch,Protect,BulkUp|||F|||50|,,,,,Fire]Grimmsnarl||LightClay|Prankster|ThunderWave,LightScreen,SpiritBreak,Reflect|||M|||50|,,,,,Ghost]Gholdengo||Leftovers|GoodasGold|MakeItRain,ShadowBall,Protect,NastyPlot||||||50|,,,,,Water]Dragonite||LoadedDice|Multiscale|ScaleShot,Tailwind,Protect,Haze|||M|||50|,,,,,Fairy]Garchomp||LifeOrb|RoughSkin|StompingTantrum,Earthquake,Protect,DragonClaw|||F|||50|,,,,,Ground
|showteam|p2|Ninetales-Alola||NeverMeltIce|SnowWarning|Blizzard,FreezeDry,Encore,Protect|||F|||50|,,,,,Ghost]Rillaboom||AssaultVest|GrassySurge|WoodHammer,FakeOut,Uturn,GrassyGlide|||F|||50|,,,,,Ghost]Magmar||Eviolite|VitalSpirit|Protect,HeatWave,WillOWisp,FollowMe|||M|||50|,,,,,Ghost]Sneasler||FocusSash|PoisonTouch|FakeOut,DireClaw,CloseCombat,Protect|||F|||50|,,,,,Ghost]Kingambit||BlackGlasses|Defiant|KowtowCleave,SwordsDance,SuckerPunch,Protect|||M|||50|,,,,,Fire]Basculegion||ChoiceScarf|Adaptability|WaveCrash,FlipTurn,TeraBlast,LastRespects|||M|||50|,,,,,Fighting
|inactive|Battle timer is ON: inactive players will automatically lose when time's up. (requested by epic17x)
|j| ur1ryanpowney
|
|t:|1756229530
|teamsize|p1|4
|teamsize|p2|4
|start
|switch|p1a: Maushold|Maushold, L50|100/100
|switch|p1b: Dragonite|Dragonite, L50, M|100/100
|switch|p2a: Sneasler|Sneasler, L50, F|100/100
|switch|p2b: Kingambit|Kingambit, L50, M|100/100
|turn|1
|
|t:|1756229548
|move|p1a: Maushold|Protect|p1a: Maushold
|-singleturn|p1a: Maushold|Protect
|move|p2a: Sneasler|Fake Out|p1b: Dragonite
|-damage|p1b: Dragonite|95/100
|cant|p1b: Dragonite|flinch
|move|p2b: Kingambit|Swords Dance|p2b: Kingambit
|-boost|p2b: Kingambit|atk|2
|
|upkeep
|turn|2
|
|t:|1756229570
|move|p1a: Maushold|Follow Me|p1a: Maushold
|-singleturn|p1a: Maushold|move: Follow Me
|move|p2b: Kingambit|Sucker Punch||[still]
|-fail|p2b: Kingambit
|move|p2a: Sneasler|Dire Claw|p1a: Maushold
|-damage|p1a: Maushold|32/100
|move|p1b: Dragonite|Haze|p1b: Dragonite
|-clearallboost
|
|upkeep
|turn|3
|
|t:|1756229591
|move|p1a: Maushold|Protect|p1a: Maushold
|-singleturn|p1a: Maushold|Protect
|move|p2a: Sneasler|Dire Claw|p1b: Dragonite
|-damage|p1b: Dragonite|62/100
|move|p1b: Dragonite|Scale Shot|p2a: Sneasler
|-damage|p2a: Sneasler|79/100
|-damage|p2a: Sneasler|53/100
|-damage|p2a: Sneasler|30/100
|-damage|p2a: Sneasler|2/100
|-hitcount|p2a: Sneasler|4
|-unboost|p1b: Dragonite|def|1
|-boost|p1b: Dragonite|spe|1
|move|p2b: Kingambit|Swords Dance|p2b: Kingambit
|-boost|p2b: Kingambit|atk|2
|
|upkeep
|turn|4
|inactive|sodium factory has 30 seconds left.
|inactive|sodium factory has 20 seconds left.
|inactive|sodium factory has 15 seconds left.
|
|t:|1756229634
|move|p2a: Sneasler|Protect|p2a: Sneasler
|-singleturn|p2a: Sneasler|Protect
|move|p1a: Maushold|Follow Me|p1a: Maushold
|-singleturn|p1a: Maushold|move: Follow Me
|move|p1b: Dragonite|Scale Shot|p2a: Sneasler
|-activate|p2a: Sneasler|move: Protect
|move|p2b: Kingambit|Kowtow Cleave|p1a: Maushold
|-damage|p1a: Maushold|0 fnt
|faint|p1a: Maushold
|
|upkeep
|
|t:|1756229640
|switch|p1a: Grimmsnarl|Grimmsnarl, L50, M|100/100
|turn|5
|
|t:|1756229646
|move|p2b: Kingambit|Sucker Punch||[still]
|-fail|p2b: Kingambit
|move|p1a: Grimmsnarl|Thunder Wave|p2a: Sneasler
|-status|p2a: Sneasler|par
|move|p1b: Dragonite|Haze|p1b: Dragonite
|-clearallboost
|move|p2a: Sneasler|Dire Claw|p1a: Grimmsnarl
|-supereffective|p1a: Grimmsnarl
|-damage|p1a: Grimmsnarl|10/100
|-status|p1a: Grimmsnarl|psn
|
|-damage|p1a: Grimmsnarl|0 fnt|[from] psn
|faint|p1a: Grimmsnarl
|upkeep
|
|t:|1756229651
|switch|p1a: Annihilape|Annihilape, L50, F|100/100
|turn|6
|
|t:|1756229673
|-terastallize|p2b: Kingambit|Fire
|move|p1a: Annihilape|Bulk Up|p1a: Annihilape
|-boost|p1a: Annihilape|atk|1
|-boost|p1a: Annihilape|def|1
|move|p1b: Dragonite|Tailwind|p1b: Dragonite
|-sidestart|p1: sodium factory|move: Tailwind
|cant|p2a: Sneasler|par
|move|p2b: Kingambit|Kowtow Cleave|p1a: Annihilape
|-damage|p1a: Annihilape|64/100
|
|upkeep
|turn|7
|inactive|sodium factory has 30 seconds left.
|inactive|sodium factory has 20 seconds left.
|inactive|sodium factory has 15 seconds left.
|inactive|sodium factory has 10 seconds left.
|
|t:|1756229723
|switch|p2a: Basculegion|Basculegion, L50, M|100/100
|move|p2b: Kingambit|Protect|p2b: Kingambit
|-singleturn|p2b: Kingambit|Protect
|move|p1a: Annihilape|Bulk Up|p1a: Annihilape
|-boost|p1a: Annihilape|atk|1
|-boost|p1a: Annihilape|def|1
|move|p1b: Dragonite|Scale Shot|p2a: Basculegion
|-damage|p2a: Basculegion|81/100
|-damage|p2a: Basculegion|62/100
|-damage|p2a: Basculegion|42/100
|-damage|p2a: Basculegion|24/100
|-damage|p2a: Basculegion|5/100
|-hitcount|p2a: Basculegion|5
|-unboost|p1b: Dragonite|def|1
|-boost|p1b: Dragonite|spe|1
|
|upkeep
|turn|8
|inactive|sodium factory has 30 seconds left.
|
|t:|1756229750
|move|p1b: Dragonite|Protect|p1b: Dragonite
|-singleturn|p1b: Dragonite|Protect
|move|p2b: Kingambit|Sucker Punch||[still]
|-fail|p2b: Kingambit
|move|p1a: Annihilape|Rage Fist|p2a: Basculegion
|-supereffective|p2a: Basculegion
|-damage|p2a: Basculegion|0 fnt
|faint|p2a: Basculegion
|
|upkeep
|
|t:|1756229758
|switch|p2a: Sneasler|Sneasler, L50, F|2/100 par
|turn|9
|inactive|sodium factory has 30 seconds left.
|
|t:|1756229789
|move|p1b: Dragonite|Protect||[still]
|-fail|p1b: Dragonite
|move|p2a: Sneasler|Fake Out|p1b: Dragonite
|-damage|p1b: Dragonite|39/100
|move|p1a: Annihilape|Drain Punch|p2a: Sneasler
|-resisted|p2a: Sneasler
|-damage|p2a: Sneasler|0 fnt
|-heal|p1a: Annihilape|65/100|[from] drain|[of] p2a: Sneasler
|faint|p2a: Sneasler
|move|p2b: Kingambit|Kowtow Cleave|p1b: Dragonite
|-damage|p1b: Dragonite|0 fnt
|faint|p1b: Dragonite
|
|-sideend|p1: sodium factory|move: Tailwind
|upkeep
|
|t:|1756229795
|switch|p2a: Ninetales|Ninetales-Alola, L50, F|100/100
|-weather|Snowscape|[from] ability: Snow Warning|[of] p2a: Ninetales
|turn|10
|inactive|sodium factory has 30 seconds left.
|
|t:|1756229823
|-terastallize|p1a: Annihilape|Fire
|move|p2a: Ninetales|Blizzard|p1a: Annihilape
|-resisted|p1a: Annihilape
|-damage|p1a: Annihilape|42/100
|move|p1a: Annihilape|Rage Fist|p2a: Ninetales
|-damage|p2a: Ninetales|0 fnt
|faint|p2a: Ninetales
|move|p2b: Kingambit|Kowtow Cleave|p1a: Annihilape
|-damage|p1a: Annihilape|12/100
|
|-weather|Snowscape|[upkeep]
|upkeep
|turn|11
|
|t:|1756229844
|move|p2b: Kingambit|Sucker Punch|p1a: Annihilape
|-damage|p1a: Annihilape|0 fnt
|faint|p1a: Annihilape
|
|win|epic17x
|raw|sodium factory's rating: 1255 → 1237(-18 for losing)
|raw|epic17x's rating: 1360 → 1374(+14 for winning)
|c|☆sodium factory|gg wp
