|j|☆porygon77
|j|☆Kampfstube
|html|porygon77Kampfstube    
|uhtml|bestof|Game 3 of a best-of-3
|t:|1756619373
|gametype|doubles
|player|p1|porygon77|cynthia|1000
|player|p2|Kampfstube|n|1081
|gen|9
|tier|[Gen 9] VGC 2025 Reg H (Bo3)
|rated|
|rule|Species Clause: Limit one of each Pokémon
|rule|Item Clause: Limit 1 of each item
|clearpoke
|poke|p1|Weezing-Galar, L50, M|
|poke|p1|Toedscruel, L50, M|
|poke|p1|Corviknight, L50, M|
|poke|p1|Garchomp, L50, M|
|poke|p1|Palafin, L50, M|
|poke|p1|Pawmot, L50, M|
|poke|p2|Grimmsnarl, L50, M|
|poke|p2|Volcarona, L50, F|
|poke|p2|Annihilape, L50, M|
|poke|p2|Ursaluna-Bloodmoon, L50, M|
|poke|p2|Dragonite, L50, M|
|poke|p2|Maushold, L50|
|teampreview|4
|showteam|p1|Weezing-Galar||ChoiceSpecs|NeutralizingGas|DazzlingGleam,SludgeBomb,StrangeSteam,Flamethrower|||M|||50|,,,,,Fire]Toedscruel||CovertCloak|MyceliumMight|Spore,RagePowder,AcidSpray,EarthPower|||M|||50|,,,,,Water]Corviknight||SitrusBerry|MirrorArmor|BraveBird,Roost,Tailwind,Protect|||M|||50|,,,,,Dragon]Garchomp||LifeOrb|RoughSkin|StompingTantrum,Earthquake,DragonClaw,Protect|||M|||50|,,,,,Ground]Palafin||ChoiceScarf|ZerotoHero|WaveCrash,JetPunch,FlipTurn,SleepTalk|||M|||50|,,,,,Water]Pawmot||FocusSash|VoltAbsorb|FakeOut,DoubleShock,CloseCombat,Protect|||M|||50|,,,,,Electric
|showteam|p2|Grimmsnarl||CovertCloak|Prankster|SpiritBreak,LightScreen,Reflect,ThunderWave|||M|||50|,,,,,Steel]Volcarona||Leftovers|FlameBody|GigaDrain,QuiverDance,HeatWave,Protect|||F|||50|,,,,,Grass]Annihilape||SafetyGoggles|Defiant|BulkUp,DrainPunch,Protect,RageFist|||M|||50|,,,,,Fire]Ursaluna-Bloodmoon||AssaultVest|MindsEye|EarthPower,BloodMoon,HyperVoice,VacuumWave|||M|||50|,,,,,Water]Dragonite||LoadedDice|Multiscale|ScaleShot,ExtremeSpeed,Protect,Haze|||M|||50|,,,,,Fairy]Maushold||WideLens|FriendGuard|PopulationBomb,BeatUp,Protect,FollowMe||||||50|,,,,,Ghost
|inactive|Battle timer is ON: inactive players will automatically lose when time's up. (requested by Kampfstube)
|
|t:|1756619385
|teamsize|p1|4
|teamsize|p2|4
|start
|switch|p1a: WHEEZING|Weezing-Galar, L50, M, shiny|100/100
|switch|p1b: woOo|Toedscruel, L50, M, shiny|100/100
|switch|p2a: Grimmsnarl|Grimmsnarl, L50, M|100/100
|switch|p2b: Volcarona|Volcarona, L50, F, shiny|100/100
|-ability|p1a: WHEEZING|Neutralizing Gas
|turn|1
|inactive|porygon77 has 30 seconds left.
|inactive|Kampfstube has 30 seconds left.
|
|t:|1756619412
|switch|p2a: Annihilape|Annihilape, L50, M|100/100
|move|p2b: Volcarona|Protect|p2b: Volcarona
|-singleturn|p2b: Volcarona|Protect
|move|p1b: woOo|Spore|p2a: Annihilape
|-activate|p2a: Annihilape|item: Safety Goggles|Spore
|move|p1a: WHEEZING|Sludge Bomb|p2b: Volcarona
|-activate|p2b: Volcarona|move: Protect
|
|upkeep
|turn|2
|inactive|Kampfstube has 30 seconds left.
|
|t:|1756619442
|move|p1b: woOo|Earth Power|p2b: Volcarona
|-damage|p2b: Volcarona|80/100
|move|p2b: Volcarona|Heat Wave|p1b: woOo|[spread] p1a,p1b
|-supereffective|p1b: woOo
|-damage|p1a: WHEEZING|60/100
|-damage|p1b: woOo|50/100
|move|p2a: Annihilape|Bulk Up|p2a: Annihilape
|-boost|p2a: Annihilape|atk|1
|-boost|p2a: Annihilape|def|1
|move|p1a: WHEEZING|Sludge Bomb|p2b: Volcarona
|-damage|p2b: Volcarona|35/100
|
|-heal|p2b: Volcarona|41/100|[from] item: Leftovers
|upkeep
|turn|3
|inactive|porygon77 has 30 seconds left.
|
|t:|1756619469
|switch|p1b: Palafin|Palafin, L50, M, shiny|100/100
|move|p2b: Volcarona|Protect|p2b: Volcarona
|-singleturn|p2b: Volcarona|Protect
|move|p2a: Annihilape|Drain Punch|p1b: Palafin
|-crit|p1b: Palafin
|-damage|p1b: Palafin|10/100
|move|p1a: WHEEZING|Sludge Bomb|p2a: Annihilape
|-resisted|p2a: Annihilape
|-crit|p2a: Annihilape
|-damage|p2a: Annihilape|70/100
|-status|p2a: Annihilape|psn
|
|-heal|p2b: Volcarona|47/100|[from] item: Leftovers
|-damage|p2a: Annihilape|57/100 psn|[from] psn
|upkeep
|turn|4
|
|t:|1756619493
|-terastallize|p2b: Volcarona|Grass
|move|p1b: Palafin|Flip Turn|p2b: Volcarona
|-resisted|p2b: Volcarona
|-damage|p2b: Volcarona|36/100
|
|t:|1756619503
|detailschange|p1b: Palafin|Palafin-Hero, L50, M, shiny
|switch|p1b: woOo|Toedscruel, L50, M, shiny|50/100|[from] Flip Turn
|move|p2b: Volcarona|Giga Drain|p1b: woOo
|-damage|p1b: woOo|22/100
|-heal|p2b: Volcarona|50/100|[from] drain|[of] p1b: woOo
|move|p2a: Annihilape|Rage Fist|p1a: WHEEZING
|-damage|p1a: WHEEZING|0 fnt
|faint|p1a: WHEEZING
|-end|p1a: WHEEZING|ability: Neutralizing Gas
|
|-heal|p2b: Volcarona|56/100|[from] item: Leftovers
|-damage|p2a: Annihilape|45/100 psn|[from] psn
|upkeep
|
|t:|1756619514
|switch|p1a: ermmm idk|Corviknight, L50, M|100/100
|turn|5
|
|t:|1756619533
|-terastallize|p1a: ermmm idk|Dragon
|move|p1b: woOo|Acid Spray|p2a: Annihilape
|-resisted|p2a: Annihilape
|-damage|p2a: Annihilape|42/100 psn
|-unboost|p2a: Annihilape|spd|2
|-ability|p2a: Annihilape|Defiant|boost
|-boost|p2a: Annihilape|atk|2
|move|p2b: Volcarona|Heat Wave|p1a: ermmm idk|[spread] p1a,p1b
|-resisted|p1a: ermmm idk
|-supereffective|p1b: woOo
|-damage|p1a: ermmm idk|87/100
|-damage|p1b: woOo|0 fnt
|faint|p1b: woOo
|move|p2a: Annihilape|Rage Fist|p1a: ermmm idk
|-damage|p1a: ermmm idk|0 fnt
|faint|p1a: ermmm idk
|
|-heal|p2b: Volcarona|62/100|[from] item: Leftovers
|-damage|p2a: Annihilape|29/100 psn|[from] psn
|upkeep
|
|t:|1756619545
|switch|p1b: Palafin|Palafin-Hero, L50, M, shiny|10/100
|-activate|p1b: Palafin|ability: Zero to Hero
|turn|6
|
|t:|1756619555
|move|p1b: Palafin|Jet Punch|p2a: Annihilape
|-damage|p2a: Annihilape|4/100 psn
|move|p2b: Volcarona|Giga Drain|p1b: Palafin
|-supereffective|p1b: Palafin
|-crit|p1b: Palafin
|-damage|p1b: Palafin|0 fnt
|-heal|p2b: Volcarona|67/100|[from] drain|[of] p1b: Palafin
|faint|p1b: Palafin
|
|win|Kampfstube
|raw|porygon77's rating: 1000 → 1000(+0 for losing)
|raw|Kampfstube's rating: 1081 → 1102(+21 for winning)
