|j|☆brentdeg
|j|☆subchompiscrazy
|html|brentdegsubchompiscrazy    
|uhtml|bestof|Game 2 of a best-of-3
|t:|1783874538
|gametype|doubles
|player|p1|brentdeg|clown|
|player|p2|subchompiscrazy|whitney|
|gen|9
|tier|[Gen 9 Champions] VGC 2026 Reg M-B (Bo3)
|rule|Species Clause: Limit one of each Pokémon
|rule|Item Clause: Limit 1 of each item
|clearpoke
|poke|p1|Charizard, L50, M|
|poke|p1|Whimsicott, L50, F|
|poke|p1|Kingambit, L50, F|
|poke|p1|Basculegion, L50, M|
|poke|p1|Garchomp, L50, M|
|poke|p1|Floette-Eternal, L50, F|
|poke|p2|Palafin, L50, M, shiny|
|poke|p2|Incineroar, L50, M, shiny|
|poke|p2|Farigiraf, L50, F, shiny|
|poke|p2|Froslass, L50, F, shiny|
|poke|p2|Kingambit, L50, M, shiny|
|poke|p2|Sylveon, L50, F|
|teampreview|4
|showteam|p1|Charizard||CharizarditeY|Blaze|HeatWave,WeatherBall,SolarBeam,Protect|Modest||M|||50|]Whimsicott||FocusSash|Prankster|Protect,Moonblast,Encore,Tailwind|Timid||F|||50|]Kingambit||BlackGlasses|Defiant|KowtowCleave,SuckerPunch,IronHead,Protect|Adamant||F|||50|]Basculegion||LifeOrb|Adaptability|WaveCrash,LastRespects,AquaJet,Protect|Adamant||M|||50|]Garchomp||SitrusBerry|RoughSkin|Earthquake,RockSlide,DragonClaw,Protect|Jolly||M|||50|]Floette-Eternal||Floettite|FlowerVeil|Moonblast,DazzlingGleam,LightofRuin,Protect|Modest||F|||50|
|showteam|p2|Palafin||MysticWater|ZerotoHero|WaveCrash,JetPunch,BulkUp,ThroatChop|Adamant||M|||50|]Incineroar||SitrusBerry|Intimidate|FakeOut,PartingShot,ThroatChop,FlareBlitz|Impish||M|||50|]Farigiraf||ColburBerry|ArmorTail|TwinBeam,TrickRoom,HelpingHand,Protect|Bold||F|||50|]Froslass||Froslassite|SnowCloak|Protect,AuroraVeil,ShadowBall,Blizzard|Timid||F|||50|]Kingambit||ChopleBerry|Defiant|Protect,IronHead,KowtowCleave,SuckerPunch|Adamant||M|||50|]Sylveon||FairyFeather|Pixilate|Detect,HyperBeam,HyperVoice,MysticalFire|Timid||F|||50|
|inactive|Battle timer is ON: inactive players will automatically lose when time's up. (requested by subchompiscrazy)
|inactive|brentdeg has 60 seconds left.
|
|t:|1783874580
|teamsize|p1|4
|teamsize|p2|4
|start
|switch|p1a: Charizard|Charizard, L50, M|100/100
|switch|p1b: Basculegion|Basculegion, L50, M|100/100
|switch|p2a: Incineroar|Incineroar, L50, M, shiny|100/100
|switch|p2b: Palafin|Palafin, L50, M, shiny|100/100
|-ability|p2a: Incineroar|Intimidate|boost
|-unboost|p1a: Charizard|atk|1
|-unboost|p1b: Basculegion|atk|1
|turn|1
|inactive|brentdeg has 30 seconds left.
|inactive|subchompiscrazy has 30 seconds left.
|
|t:|1783874613
|switch|p1b: Whimsicott|Whimsicott, L50, F|100/100
|switch|p2a: Froslass|Froslass, L50, F, shiny|100/100
|detailschange|p1a: Charizard|Charizard-Mega-Y, L50, M
|-mega|p1a: Charizard|Charizard|Charizardite Y
|-weather|SunnyDay|[from] ability: Drought|[of] p1a: Charizard
|move|p2b: Palafin|Wave Crash|p1a: Charizard
|-supereffective|p1a: Charizard|1
|-damage|p1a: Charizard|54/100
|-damage|p2b: Palafin|86/100|[from] Recoil
|move|p1a: Charizard|Weather Ball|p2b: Palafin
|-resisted|p2b: Palafin|1
|-damage|p2b: Palafin|32/100
|
|-weather|SunnyDay|[upkeep]
|upkeep
|turn|2
|inactive|subchompiscrazy has 30 seconds left.
|
|t:|1783874641
|detailschange|p2b: Palafin|Palafin-Hero, L50, M, shiny
|switch|p2b: Incineroar|Incineroar, L50, M, shiny|100/100
|-ability|p2b: Incineroar|Intimidate|boost
|-unboost|p1a: Charizard|atk|1
|-unboost|p1b: Whimsicott|atk|1
|move|p2a: Froslass|Protect|p2a: Froslass
|-singleturn|p2a: Froslass|Protect
|move|p1b: Whimsicott|Tailwind|p1b: Whimsicott
|-sidestart|p1: brentdeg|move: Tailwind
|move|p1a: Charizard|Heat Wave|p2b: Incineroar|[spread] p2b
|-activate|p2a: Froslass|move: Protect
|-resisted|p2b: Incineroar|1
|-damage|p2b: Incineroar|70/100
|
|-weather|SunnyDay|[upkeep]
|upkeep
|turn|3
|
|t:|1783874660
|switch|p1a: Kingambit|Kingambit, L50, F|100/100
|detailschange|p2a: Froslass|Froslass-Mega, L50, F, shiny
|-mega|p2a: Froslass|Froslass|Froslassite
|-weather|Snowscape|[from] ability: Snow Warning|[of] p2a: Froslass
|move|p2b: Incineroar|Fake Out|p1a: Kingambit
|-resisted|p1a: Kingambit|1
|-damage|p1a: Kingambit|96/100
|move|p1b: Whimsicott|Encore|p2a: Froslass
|-start|p2a: Froslass|Encore
|move|p2a: Froslass|Protect||[still]
|-fail|p2a: Froslass
|
|-weather|Snowscape|[upkeep]
|upkeep
|turn|4
|inactive|subchompiscrazy has 30 seconds left.
|inactive|brentdeg has 30 seconds left.
|
|t:|1783874696
|move|p2a: Froslass|Protect|p2a: Froslass
|-singleturn|p2a: Froslass|Protect
|move|p1b: Whimsicott|Moonblast|p2b: Incineroar
|-damage|p2b: Incineroar|39/100
|-enditem|p2b: Incineroar|Sitrus Berry|[eat]
|-heal|p2b: Incineroar|63/100|[from] item: Sitrus Berry
|move|p1a: Kingambit|Kowtow Cleave|p2b: Incineroar
|-resisted|p2b: Incineroar|1
|-damage|p2b: Incineroar|38/100
|move|p2b: Incineroar|Flare Blitz|p1a: Kingambit
|-supereffective|p1a: Kingambit|1
|-damage|p1a: Kingambit|20/100y
|-damage|p2b: Incineroar|13/100|[from] Recoil
|
|-weather|Snowscape|[upkeep]
|upkeep
|turn|5
|
|t:|1783874720
|switch|p2a: Sylveon|Sylveon, L50, F|100/100
|move|p1b: Whimsicott|Moonblast|p2b: Incineroar
|-damage|p2b: Incineroar|0 fnt
|faint|p2b: Incineroar
|move|p1a: Kingambit|Kowtow Cleave|p2a: Sylveon
|-resisted|p2a: Sylveon|1
|-damage|p2a: Sylveon|60/100
|
|-weather|Snowscape|[upkeep]
|-sideend|p1: brentdeg|move: Tailwind
|upkeep
|
|t:|1783874736
|switch|p2b: Palafin|Palafin-Hero, L50, M, shiny|32/100
|-activate|p2b: Palafin|ability: Zero to Hero
|turn|6
|
|t:|1783874749
|move|p1b: Whimsicott|Tailwind|p1b: Whimsicott
|-sidestart|p1: brentdeg|move: Tailwind
|move|p1a: Kingambit|Iron Head|p2a: Sylveon
|-supereffective|p2a: Sylveon|1
|-damage|p2a: Sylveon|0 fnt
|faint|p2a: Sylveon
|move|p2b: Palafin|Bulk Up|p2b: Palafin
|-boost|p2b: Palafin|atk|1
|-boost|p2b: Palafin|def|1
|
|-weather|Snowscape|[upkeep]
|upkeep
|
|t:|1783874757
|switch|p2a: Froslass|Froslass-Mega, L50, F, shiny|100/100
|turn|7
|
|t:|1783874768
|switch|p1a: Charizard|Charizard-Mega-Y, L50, M|54/100
|-weather|SunnyDay|[from] ability: Drought|[of] p1a: Charizard
|move|p2b: Palafin|Jet Punch|p1a: Charizard
|-supereffective|p1a: Charizard|1
|-damage|p1a: Charizard|0 fnt
|faint|p1a: Charizard
|move|p1b: Whimsicott|Moonblast|p2b: Palafin
|-damage|p2b: Palafin|1/100
|move|p2a: Froslass|Blizzard|p1b: Whimsicott
|-supereffective|p1b: Whimsicott|1
|-enditem|p1b: Whimsicott|Focus Sash
|-damage|p1b: Whimsicott|1/100
|
|-weather|SunnyDay|[upkeep]
|upkeep
|
|t:|1783874782
|switch|p1a: Basculegion|Basculegion, L50, M|100/100
|turn|8
|
|t:|1783874797
|move|p1a: Basculegion|Aqua Jet|p2b: Palafin
|-resisted|p2b: Palafin|1
|-damage|p2b: Palafin|0 fnt
|faint|p2b: Palafin
|-damage|p1a: Basculegion|90/100|[from] item: Life Orb
|move|p1b: Whimsicott|Moonblast|p2a: Froslass
|-damage|p2a: Froslass|58/100
|move|p2a: Froslass|Shadow Ball|p1a: Basculegion
|-supereffective|p1a: Basculegion|1
|-damage|p1a: Basculegion|0 fnt
|faint|p1a: Basculegion
|
|-weather|SunnyDay|[upkeep]
|upkeep
|
|t:|1783874808
|switch|p1a: Kingambit|Kingambit, L50, F|20/100y
|turn|9
|
|t:|1783874828
|move|p1a: Kingambit|Sucker Punch|p2a: Froslass
|-supereffective|p2a: Froslass|1
|-damage|p2a: Froslass|0 fnt
|faint|p2a: Froslass
|
|win|brentdeg
||subchompiscrazy is ready for game 3.
||brentdeg is ready for game 3.
|uhtml|next|Next: Game 3 of 3
|l|☆subchompiscrazy
|player|p2|
