|j|☆viatles
|j|‽repet(evil)
|html|viatlesrepet(evil)    
|uhtml|bestof|Game 2 of a best-of-3
|t:|1756279645
|gametype|doubles
|player|p1|viatles|hiker|1049
|player|p2|repet(evil)|102|1000
|gen|9
|tier|[Gen 9] VGC 2025 Reg H (Bo3)
|rated|
|rule|Species Clause: Limit one of each Pokémon
|rule|Item Clause: Limit 1 of each item
|clearpoke
|poke|p1|Oricorio-Sensu, L50, F|
|poke|p1|Volcarona, L50, F|
|poke|p1|Sylveon, L50, M|
|poke|p1|Murkrow, L50, F|
|poke|p1|Dragapult, L50, F|
|poke|p1|Baxcalibur, L50, M|
|poke|p2|Amoonguss, L50, F|
|poke|p2|Kingdra, L50, M|
|poke|p2|Politoed, L50, M|
|poke|p2|Gothitelle, L50, F|
|poke|p2|Archaludon, L50, F|
|poke|p2|Incineroar, L50, M|
|teampreview|4
|showteam|p1|Oricorio-Sensu||FocusSash|Dancer|QuiverDance,BatonPass,RevelationDance,Protect|||F|||50|,,,,,Fighting]Volcarona||SitrusBerry|FlameBody|QuiverDance,GigaDrain,FieryDance,Protect|||F|||50|,,,,,Grass]Sylveon||ChoiceScarf|Pixilate|HyperVoice,TeraBlast,StoredPower,SleepTalk|||M|||50|,,,,,Ground]Murkrow||Eviolite|Prankster|Tailwind,FoulPlay,Haze,FeatherDance|||F|||50|,,,,,Dark]Dragapult||CovertCloak|ClearBody|DragonCheer,DragonDarts,Protect,PhantomForce|||F|||50|,,,,,Stellar]Baxcalibur||LoadedDice|ThermalExchange|IcicleSpear,ScaleShot,GlaiveRush,Protect|||M|||50|,,,,,Grass
|showteam|p2|Amoonguss||EjectButton|Regenerator|Protect,RagePowder,Spore,PollenPuff|||F|||50|,,,,,Grass]Kingdra||LifeOrb|SwiftSwim|DracoMeteor,WeatherBall,MuddyWater,Protect|||M|||50|,,,,,Water]Politoed||Leftovers|Drizzle|PerishSong,Protect,WeatherBall,Encore|||M|||50|,,,,,Water]Gothitelle||SitrusBerry|ShadowTag|FakeOut,Psychic,Protect,TrickRoom|||F|||50|,,,,,Psychic]Archaludon||PowerHerb|Sturdy|Protect,ElectroShot,FlashCannon,DragonPulse|||F|||50|,,,,,Electric]Incineroar||SafetyGoggles|Intimidate|FakeOut,KnockOff,PartingShot,Protect|||M|||50|,,,,,Fire
|inactive|Battle timer is ON: inactive players will automatically lose when time's up. (requested by viatles)
|inactive|repet(evil) has 60 seconds left.
|
|t:|1756279681
|teamsize|p1|4
|teamsize|p2|4
|start
|switch|p1a: Murkrow|Murkrow, L50, F|100/100
|switch|p1b: Sylveon|Sylveon, L50, M|100/100
|switch|p2a: Kingdra|Kingdra, L50, M|100/100
|switch|p2b: Amoonguss|Amoonguss, L50, F|100/100
|turn|1
|inactive|repet(evil) has 30 seconds left.
|inactive|repet(evil) has 20 seconds left.
|
|t:|1756279718
|-terastallize|p1b: Sylveon|Ground
|move|p1a: Murkrow|Tailwind|p1a: Murkrow
|-sidestart|p1: viatles|move: Tailwind
|move|p1b: Sylveon|Tera Blast|p2b: Amoonguss|[anim] Tera Blast Ground
|-crit|p2b: Amoonguss
|-damage|p2b: Amoonguss|58/100
|-enditem|p2b: Amoonguss|Eject Button
|
|t:|1756279730
|switch|p2b: Politoed|Politoed, L50, M|100/100
|-weather|RainDance|[from] ability: Drizzle|[of] p2b: Politoed
|move|p2a: Kingdra|Muddy Water|p1a: Murkrow|[spread] p1a,p1b
|-crit|p1a: Murkrow
|-supereffective|p1b: Sylveon
|-damage|p1a: Murkrow|26/100
|-damage|p1b: Sylveon|30/100
|-damage|p2a: Kingdra|91/100|[from] item: Life Orb
|
|-weather|RainDance|[upkeep]
|upkeep
|turn|2
|
|t:|1756279754
|move|p2b: Politoed|Protect|p2b: Politoed
|-singleturn|p2b: Politoed|Protect
|move|p1b: Sylveon|Tera Blast|p2b: Politoed|[anim] Tera Blast Ground
|-activate|p2b: Politoed|move: Protect
|move|p2a: Kingdra|Muddy Water|p1b: Sylveon|[spread] p1a,p1b
|-supereffective|p1b: Sylveon
|-damage|p1a: Murkrow|0 fnt
|-damage|p1b: Sylveon|0 fnt
|faint|p1a: Murkrow
|faint|p1b: Sylveon
|-damage|p2a: Kingdra|81/100|[from] item: Life Orb
|
|-weather|RainDance|[upkeep]
|upkeep
|
|t:|1756279766
|switch|p1b: Oricorio|Oricorio-Sensu, L50, F|100/100
|switch|p1a: Volcarona|Volcarona, L50, F|100/100
|turn|3
|
|t:|1756279781
|move|p1b: Oricorio|Protect|p1b: Oricorio
|-singleturn|p1b: Oricorio|Protect
|move|p2a: Kingdra|Draco Meteor|p1a: Volcarona
|-damage|p1a: Volcarona|51/100
|-unboost|p2a: Kingdra|spa|2
|-damage|p2a: Kingdra|71/100|[from] item: Life Orb
|move|p1a: Volcarona|Quiver Dance|p1a: Volcarona
|-boost|p1a: Volcarona|spa|1
|-boost|p1a: Volcarona|spd|1
|-boost|p1a: Volcarona|spe|1
|-activate|p1b: Oricorio|ability: Dancer
|move|p1b: Oricorio|Quiver Dance|p1b: Oricorio|[from] ability: Dancer
|-boost|p1b: Oricorio|spa|1
|-boost|p1b: Oricorio|spd|1
|-boost|p1b: Oricorio|spe|1
|move|p2b: Politoed|Perish Song|p2b: Politoed
|-start|p1a: Volcarona|perish3|[silent]
|-start|p1b: Oricorio|perish3|[silent]
|-start|p2a: Kingdra|perish3|[silent]
|-start|p2b: Politoed|perish3|[silent]
|-fieldactivate|move: Perish Song
|
|-weather|RainDance|[upkeep]
|-start|p1b: Oricorio|perish3
|-start|p1a: Volcarona|perish3
|-start|p2a: Kingdra|perish3
|-start|p2b: Politoed|perish3
|upkeep
|turn|4
|inactive|viatles has 30 seconds left.
|inactive|repet(evil) has 30 seconds left.
|
|t:|1756279812
|move|p1b: Oricorio|Revelation Dance|p2a: Kingdra
|-damage|p2a: Kingdra|2/100
|move|p1a: Volcarona|Giga Drain|p2a: Kingdra
|-damage|p2a: Kingdra|0 fnt
|-heal|p1a: Volcarona|52/100|[from] drain|[of] p2a: Kingdra
|faint|p2a: Kingdra
|move|p2b: Politoed|Weather Ball|p1b: Oricorio
|-damage|p1b: Oricorio|51/100
|
|-weather|RainDance|[upkeep]
|-start|p1b: Oricorio|perish2
|-start|p1a: Volcarona|perish2
|-start|p2b: Politoed|perish2
|-sideend|p1: viatles|move: Tailwind
|upkeep
|
|t:|1756279834
|switch|p2a: Amoonguss|Amoonguss, L50, F|91/100
|turn|5
|
|t:|1756279841
|move|p2b: Politoed|Protect|p2b: Politoed
|-singleturn|p2b: Politoed|Protect
|move|p2a: Amoonguss|Protect|p2a: Amoonguss
|-singleturn|p2a: Amoonguss|Protect
|move|p1b: Oricorio|Revelation Dance|p2b: Politoed
|-activate|p2b: Politoed|move: Protect
|move|p1a: Volcarona|Fiery Dance|p2a: Amoonguss
|-activate|p2a: Amoonguss|move: Protect
|
|-weather|none
|-start|p1b: Oricorio|perish1
|-start|p1a: Volcarona|perish1
|-start|p2b: Politoed|perish1
|upkeep
|turn|6
|inactive|repet(evil) has 30 seconds left.
|
|t:|1756279869
|switch|p2a: Gothitelle|Gothitelle, L50, F|100/100
|move|p1b: Oricorio|Revelation Dance|p2b: Politoed
|-damage|p2b: Politoed|64/100
|move|p1a: Volcarona|Fiery Dance|p2a: Gothitelle
|-damage|p2a: Gothitelle|51/100
|-boost|p1a: Volcarona|spa|1
|-activate|p1b: Oricorio|ability: Dancer
|move|p1b: Oricorio|Fiery Dance|p2a: Gothitelle|[from] ability: Dancer
|-damage|p2a: Gothitelle|23/100
|-enditem|p2a: Gothitelle|Sitrus Berry|[eat]
|-heal|p2a: Gothitelle|47/100|[from] item: Sitrus Berry
|move|p2b: Politoed|Weather Ball|p1a: Volcarona
|-damage|p1a: Volcarona|44/100
|-enditem|p1a: Volcarona|Sitrus Berry|[eat]
|-heal|p1a: Volcarona|69/100|[from] item: Sitrus Berry
|
|-heal|p2b: Politoed|70/100|[from] item: Leftovers
|-start|p1b: Oricorio|perish0
|-start|p1a: Volcarona|perish0
|-start|p2b: Politoed|perish0
|upkeep
|faint|p1b: Oricorio
|faint|p1a: Volcarona
|faint|p2b: Politoed
|
|win|repet(evil)
|raw|viatles's rating: 1049 → 1029(-20 for losing)
|raw|repet(evil)'s rating: 1000 → 1046(+46 for winning)
