|j|☆void25o
|j|☆jomivgc
|html|void25ojomivgc    
|uhtml|bestof|Game 2 of a best-of-3
|t:|1784241119
|gametype|doubles
|player|p1|void25o|raihan-masters|1148
|player|p2|jomivgc|falkner-gen2|1234
|gen|9
|tier|[Gen 9 Champions] VGC 2026 Reg M-B (Bo3)
|rated|
|rule|Species Clause: Limit one of each Pokémon
|rule|Item Clause: Limit 1 of each item
|clearpoke
|poke|p1|Metagross, L50, shiny|
|poke|p1|Garchomp, L50, M|
|poke|p1|Gardevoir, L50, M, shiny|
|poke|p1|Talonflame, L50, M|
|poke|p1|Sneasler, L50, F|
|poke|p1|Meowscarada, L50, M|
|poke|p2|Charizard, L50, F|
|poke|p2|Pelipper, L50, M|
|poke|p2|Archaludon, L50, M|
|poke|p2|Grimmsnarl, L50, M|
|poke|p2|Basculegion, L50, M|
|poke|p2|Venusaur, L50, M|
|teampreview|4
|showteam|p1|Metagross||Metagrossite|ClearBody|MeteorMash,PsychicFangs,Protect,BulletPunch|Jolly|||||50|]Garchomp||ChoiceScarf|RoughSkin|Earthquake,RockSlide,DragonClaw,StompingTantrum|Adamant||M|||50|]Gardevoir||Gardevoirite|Telepathy|HyperVoice,Psychic,Protect,CalmMind|Timid||M|||50|]Talonflame||FocusSash|GaleWings|DualWingbeat,Tailwind,Protect,FlareBlitz|Jolly||M|||50|]Sneasler||WhiteHerb|Unburden|CloseCombat,DireClaw,FakeOut,Protect|Adamant||F|||50|]Meowscarada||LifeOrb|Overgrow|SuckerPunch,KnockOff,FlowerTrick,Protect|Jolly||M|||50|
|showteam|p2|Charizard||CharizarditeY|Blaze|Protect,HeatWave,SolarBeam,WeatherBall|Modest||F|||50|]Pelipper||SitrusBerry|Drizzle|Hurricane,WeatherBall,Tailwind,WideGuard|Modest||M|||50|]Archaludon||Leftovers|Stamina|ElectroShot,FlashCannon,Protect,DragonPulse|Calm||M|||50|]Grimmsnarl||LightClay|Prankster|LightScreen,PartingShot,Reflect,SpiritBreak|Careful||M|||50|]Basculegion||ChoiceScarf|Adaptability|LastRespects,AquaJet,WaveCrash,FlipTurn|Adamant||M|||50|]Venusaur||FocusSash|Chlorophyll|SludgeBomb,Protect,EarthPower,SleepPowder|Modest||M|||50|
|inactive|Battle timer is ON: inactive players will automatically lose when time's up. (requested by jomivgc)
|inactive|jomivgc has 60 seconds left.
|
|t:|1784241164
|teamsize|p1|4
|teamsize|p2|4
|start
|switch|p1a: Sneasler|Sneasler, L50, F|100/100
|switch|p1b: Garchomp|Garchomp, L50, M|100/100
|switch|p2a: Charizard|Charizard, L50, F|100/100
|switch|p2b: Venusaur|Venusaur, L50, M|100/100
|turn|1
|inactive|void25o has 30 seconds left.
|inactive|jomivgc has 30 seconds left.
|
|t:|1784241194
|switch|p1b: Talonflame|Talonflame, L50, M|100/100
|switch|p2b: Archaludon|Archaludon, L50, M|100/100
|detailschange|p2a: Charizard|Charizard-Mega-Y, L50, F
|-mega|p2a: Charizard|Charizard|Charizardite Y
|-weather|SunnyDay|[from] ability: Drought|[of] p2a: Charizard
|move|p2a: Charizard|Protect|p2a: Charizard
|-singleturn|p2a: Charizard|Protect
|move|p1a: Sneasler|Fake Out|p2b: Archaludon
|-resisted|p2b: Archaludon|1
|-damage|p2b: Archaludon|93/100
|-ability|p2b: Archaludon|Stamina|boost
|-boost|p2b: Archaludon|def|1
|
|-weather|SunnyDay|[upkeep]
|-heal|p2b: Archaludon|100/100|[from] item: Leftovers
|upkeep
|turn|2
|inactive|jomivgc has 30 seconds left.
|
|t:|1784241226
|move|p1a: Sneasler|Protect|p1a: Sneasler
|-singleturn|p1a: Sneasler|Protect
|move|p2b: Archaludon|Protect|p2b: Archaludon
|-singleturn|p2b: Archaludon|Protect
|move|p1b: Talonflame|Tailwind|p1b: Talonflame
|-sidestart|p1: void25o|move: Tailwind
|move|p2a: Charizard|Weather Ball|p1a: Sneasler
|-activate|p1a: Sneasler|move: Protect
|
|-weather|SunnyDay|[upkeep]
|upkeep
|turn|3
|
|t:|1784241247
|switch|p1b: Garchomp|Garchomp, L50, M|100/100
|switch|p2b: Pelipper|Pelipper, L50, M|100/100
|-weather|RainDance|[from] ability: Drizzle|[of] p2b: Pelipper
|move|p1a: Sneasler|Close Combat|p2b: Pelipper
|-resisted|p2b: Pelipper|1
|-damage|p2b: Pelipper|62/100
|-unboost|p1a: Sneasler|def|1
|-unboost|p1a: Sneasler|spd|1
|-enditem|p1a: Sneasler|White Herb
|-clearnegativeboost|p1a: Sneasler|[silent]
|move|p2a: Charizard|Weather Ball|p1a: Sneasler
|-damage|p1a: Sneasler|19/100
|
|-weather|RainDance|[upkeep]
|upkeep
|turn|4
|inactive|jomivgc has 30 seconds left.
|
|t:|1784241281
|move|p2b: Pelipper|Wide Guard|p2b: Pelipper
|-singleturn|p2b: Pelipper|Wide Guard
|move|p1a: Sneasler|Dire Claw|p2a: Charizard
|-damage|p2a: Charizard|46/100
|-status|p2a: Charizard|psn
|move|p1b: Garchomp|Dragon Claw|p2b: Pelipper
|-damage|p2b: Pelipper|9/100
|-enditem|p2b: Pelipper|Sitrus Berry|[eat]
|-heal|p2b: Pelipper|34/100|[from] item: Sitrus Berry
|move|p2a: Charizard|Weather Ball|p1a: Sneasler
|-damage|p1a: Sneasler|0 fnt
|faint|p1a: Sneasler
|
|-weather|RainDance|[upkeep]
|-damage|p2a: Charizard|34/100 psn|[from] psn
|upkeep
|
|t:|1784241295
|switch|p1a: Gardevoir|Gardevoir, L50, M, shiny|100/100
|turn|5
|inactive|jomivgc has 30 seconds left.
|
|t:|1784241328
|detailschange|p1a: Gardevoir|Gardevoir-Mega, L50, M, shiny
|-mega|p1a: Gardevoir|Gardevoir|Gardevoirite
|move|p2a: Charizard|Protect|p2a: Charizard
|-singleturn|p2a: Charizard|Protect
|move|p1b: Garchomp|Dragon Claw|p2a: Charizard
|-activate|p2a: Charizard|move: Protect
|move|p1a: Gardevoir|Psychic|p2b: Pelipper
|-damage|p2b: Pelipper|0 fnt
|faint|p2b: Pelipper
|
|-weather|RainDance|[upkeep]
|-damage|p2a: Charizard|22/100 psn|[from] psn
|-sideend|p1: void25o|move: Tailwind
|upkeep
|
|t:|1784241342
|switch|p2b: Archaludon|Archaludon, L50, M|100/100
|turn|6
|
|t:|1784241355
|switch|p2a: Venusaur|Venusaur, L50, M|100/100
|move|p1b: Garchomp|Dragon Claw|p2b: Archaludon
|-damage|p2b: Archaludon|67/100
|-ability|p2b: Archaludon|Stamina|boost
|-boost|p2b: Archaludon|def|1
|move|p1a: Gardevoir|Hyper Voice|p2b: Archaludon|[spread] p2a,p2b
|-resisted|p2a: Venusaur|1
|-damage|p2a: Venusaur|71/100
|-damage|p2b: Archaludon|25/100
|-ability|p2b: Archaludon|Stamina|boost
|-boost|p2b: Archaludon|def|1
|move|p2b: Archaludon|Electro Shot||[still]
|-prepare|p2b: Archaludon|Electro Shot
|-boost|p2b: Archaludon|spa|1
|-anim|p2b: Archaludon|Electro Shot|p1a: Gardevoir
|-crit|p1a: Gardevoir
|-damage|p1a: Gardevoir|25/100
|
|-weather|RainDance|[upkeep]
|-heal|p2b: Archaludon|31/100|[from] item: Leftovers
|upkeep
|turn|7
|
|t:|1784241377
|switch|p2b: Charizard|Charizard-Mega-Y, L50, F|22/100 psn
|-weather|SunnyDay|[from] ability: Drought|[of] p2b: Charizard
|move|p2a: Venusaur|Sludge Bomb|p1a: Gardevoir
|-supereffective|p1a: Gardevoir|1
|-damage|p1a: Gardevoir|0 fnt
|faint|p1a: Gardevoir
|move|p1b: Garchomp|Dragon Claw|p2b: Charizard
|-crit|p2b: Charizard
|-damage|p2b: Charizard|0 fnt
|faint|p2b: Charizard
|
|-weather|SunnyDay|[upkeep]
|upkeep
|
|t:|1784241389
|switch|p1a: Talonflame|Talonflame, L50, M|100/100
|switch|p2b: Archaludon|Archaludon, L50, M|31/100
|turn|8
|
|t:|1784241413
|move|p1a: Talonflame|Dual Wingbeat|p2a: Venusaur
|-supereffective|p2a: Venusaur|1
|-damage|p2a: Venusaur|28/100
|-supereffective|p2a: Venusaur|1
|-damage|p2a: Venusaur|0 fnt
|faint|p2a: Venusaur
|-hitcount|p2: Venusaur|2
|move|p1b: Garchomp|Dragon Claw|p2b: Archaludon
|-damage|p2b: Archaludon|0 fnt
|faint|p2b: Archaludon
|
|win|void25o
||void25o is ready for game 3.
