|j|☆Dust and fidget
|j|☆RamonTheKiller
|html|Dust and fidgetRamonTheKiller    
|uhtml|bestof|Game 2 of a best-of-3
|t:|1756397863
|gametype|doubles
|player|p1|Dust and fidget|akari|1140
|player|p2|RamonTheKiller|palmer|1093
|gen|9
|tier|[Gen 9] VGC 2025 Reg H (Bo3)
|rated|
|rule|Species Clause: Limit one of each Pokémon
|rule|Item Clause: Limit 1 of each item
|clearpoke
|poke|p1|Rillaboom, L50, M|
|poke|p1|Sneasler, L50, M|
|poke|p1|Basculegion, L50, M|
|poke|p1|Ninetales-Alola, L50, F|
|poke|p1|Magmar, L50, F|
|poke|p1|Archaludon, L50, F|
|poke|p2|Incineroar, L50, F|
|poke|p2|Amoonguss, L50, M|
|poke|p2|Gholdengo, L50|
|poke|p2|Dragonite, L50, F|
|poke|p2|Sneasler, L50, F|
|poke|p2|Primarina, L50, M|
|teampreview|4
|showteam|p1|Rillaboom||AssaultVest|GrassySurge|WoodHammer,GrassyGlide,FakeOut,HighHorsepower|||M|||50|,,,,,Fire]Sneasler||FocusSash|Unburden|DireClaw,CloseCombat,ThroatChop,Protect|||M|||50|,,,,,Stellar]Basculegion||ChoiceScarf|Adaptability|WaveCrash,LastRespects,AquaJet,FlipTurn|||M|||50|,,,,,Grass]Ninetales-Alola||IciclePlate|SnowWarning|Blizzard,FreezeDry,IcyWind,Protect|||F|||50|,,,,,Ice]Magmar||Eviolite|VitalSpirit|Flamethrower,Taunt,FollowMe,Protect|||F|||50|,,,,,Fairy]Archaludon||PowerHerb|Sturdy|ElectroShot,DragonPulse,Thunderbolt,Protect|||F|||50|,,,,,Electric
|showteam|p2|Incineroar||SafetyGoggles|Intimidate|KnockOff,FakeOut,PartingShot,FlareBlitz|||F|||50|,,,,,Ghost]Amoonguss||RockyHelmet|Regenerator|RagePowder,PollenPuff,Spore,Protect|||M|||50|,,,,,Fairy]Gholdengo||LifeOrb|GoodasGold|MakeItRain,ShadowBall,NastyPlot,Protect||||||50|,,,,,Water]Dragonite||LoadedDice|Multiscale|ScaleShot,Protect,Tailwind,Haze|||F|||50|,,,,,Fairy]Sneasler||FocusSash|Unburden|DireClaw,CloseCombat,Protect,ThroatChop|||F|||50|,,,,,Stellar]Primarina||AssaultVest|LiquidVoice|HyperVoice,Moonblast,IcyWind,TeraBlast|||M|||50|,,,,,Poison
|inactive|Battle timer is ON: inactive players will automatically lose when time's up. (requested by Dust and fidget)
|
|t:|1756397878
|teamsize|p1|4
|teamsize|p2|4
|start
|switch|p1a: Archaludon|Archaludon, L50, F|100/100
|switch|p1b: Rillaboom|Rillaboom, L50, M, shiny|100/100
|switch|p2a: Sneasler|Sneasler, L50, F|100/100
|switch|p2b: Amoonguss|Amoonguss, L50, M|100/100
|-fieldstart|move: Grassy Terrain|[from] ability: Grassy Surge|[of] p1b: Rillaboom
|turn|1
|inactive|Dust and fidget has 30 seconds left.
|
|t:|1756397904
|-terastallize|p1a: Archaludon|Electric
|move|p1b: Rillaboom|Fake Out|p2b: Amoonguss
|-damage|p2b: Amoonguss|88/100
|-damage|p1b: Rillaboom|84/100|[from] item: Rocky Helmet|[of] p2b: Amoonguss
|move|p2a: Sneasler|Dire Claw|p1b: Rillaboom
|-supereffective|p1b: Rillaboom
|-damage|p1b: Rillaboom|2/100
|move|p1a: Archaludon|Electro Shot||[still]
|-prepare|p1a: Archaludon|Electro Shot
|-boost|p1a: Archaludon|spa|1
|-enditem|p1a: Archaludon|Power Herb
|-anim|p1a: Archaludon|Electro Shot|p2a: Sneasler
|-enditem|p2a: Sneasler|Focus Sash
|-damage|p2a: Sneasler|1/100
|cant|p2b: Amoonguss|flinch
|
|-heal|p2a: Sneasler|7/100|[from] Grassy Terrain
|-heal|p1b: Rillaboom|8/100|[from] Grassy Terrain
|-heal|p2b: Amoonguss|94/100|[from] Grassy Terrain
|upkeep
|turn|2
|
|t:|1756397929
|move|p2a: Sneasler|Protect|p2a: Sneasler
|-singleturn|p2a: Sneasler|Protect
|move|p1a: Archaludon|Protect|p1a: Archaludon
|-singleturn|p1a: Archaludon|Protect
|move|p1b: Rillaboom|Grassy Glide|p2a: Sneasler
|-activate|p2a: Sneasler|move: Protect
|move|p2b: Amoonguss|Spore|p1a: Archaludon
|-activate|p1a: Archaludon|move: Protect
|
|-heal|p2a: Sneasler|13/100|[from] Grassy Terrain
|-heal|p1b: Rillaboom|14/100|[from] Grassy Terrain
|-heal|p2b: Amoonguss|99/100|[from] Grassy Terrain
|upkeep
|turn|3
|
|t:|1756397951
|switch|p2a: Incineroar|Incineroar, L50, F|100/100
|-ability|p2a: Incineroar|Intimidate|boost
|-unboost|p1a: Archaludon|atk|1
|-unboost|p1b: Rillaboom|atk|1
|switch|p1a: Magmar|Magmar, L50, F, shiny|100/100
|move|p1b: Rillaboom|Grassy Glide|p2a: Incineroar
|-resisted|p2a: Incineroar
|-damage|p2a: Incineroar|88/100
|move|p2b: Amoonguss|Spore|p1a: Magmar
|-immune|p1a: Magmar|[from] ability: Vital Spirit
|
|-heal|p1b: Rillaboom|20/100|[from] Grassy Terrain
|-heal|p2a: Incineroar|94/100|[from] Grassy Terrain
|-heal|p2b: Amoonguss|100/100|[from] Grassy Terrain
|upkeep
|turn|4
|
|t:|1756397970
|move|p2b: Amoonguss|Protect|p2b: Amoonguss
|-singleturn|p2b: Amoonguss|Protect
|move|p1b: Rillaboom|High Horsepower|p2a: Incineroar
|-supereffective|p2a: Incineroar
|-damage|p2a: Incineroar|47/100
|move|p2a: Incineroar|Knock Off|p1a: Magmar
|-damage|p1a: Magmar|67/100
|-enditem|p1a: Magmar|Eviolite|[from] move: Knock Off|[of] p2a: Incineroar
|move|p1a: Magmar|Flamethrower|p2b: Amoonguss
|-activate|p2b: Amoonguss|move: Protect
|
|-heal|p1b: Rillaboom|26/100|[from] Grassy Terrain
|-heal|p2a: Incineroar|53/100|[from] Grassy Terrain
|-heal|p1a: Magmar|73/100|[from] Grassy Terrain
|upkeep
|turn|5
|
|t:|1756397991
|-terastallize|p2b: Amoonguss|Fairy
|move|p1b: Rillaboom|High Horsepower|p2a: Incineroar
|-supereffective|p2a: Incineroar
|-damage|p2a: Incineroar|10/100
|move|p1a: Magmar|Flamethrower|p2a: Incineroar
|-resisted|p2a: Incineroar
|-damage|p2a: Incineroar|0 fnt
|faint|p2a: Incineroar
|move|p2b: Amoonguss|Pollen Puff|p2: Incineroar|[notarget]
|-fail|p2b: Amoonguss
|
|-heal|p1b: Rillaboom|32/100|[from] Grassy Terrain
|-heal|p1a: Magmar|78/100|[from] Grassy Terrain
|-fieldend|move: Grassy Terrain
|upkeep
|
|t:|1756398006
|switch|p2a: Sneasler|Sneasler, L50, F|13/100
|turn|6
|
|t:|1756398018
|switch|p2b: Gholdengo|Gholdengo, L50|100/100
|move|p2a: Sneasler|Close Combat|p1a: Magmar
|-damage|p1a: Magmar|0 fnt
|-unboost|p2a: Sneasler|def|1
|-unboost|p2a: Sneasler|spd|1
|faint|p1a: Magmar
|move|p1b: Rillaboom|Wood Hammer|p2a: Sneasler
|-resisted|p2a: Sneasler
|-damage|p2a: Sneasler|0 fnt
|faint|p2a: Sneasler
|-damage|p1b: Rillaboom|29/100|[from] Recoil
|
|upkeep
|
|t:|1756398032
|switch|p2a: Amoonguss|Amoonguss, L50, M, tera:Fairy|100/100
|switch|p1a: Archaludon|Archaludon, L50, F, tera:Electric|100/100
|turn|7
|inactive|RamonTheKiller has 30 seconds left.
|
|t:|1756398058
|move|p1a: Archaludon|Thunderbolt|p2a: Amoonguss
|-damage|p2a: Amoonguss|59/100
|move|p2b: Gholdengo|Nasty Plot|p2b: Gholdengo
|-boost|p2b: Gholdengo|spa|2
|move|p1b: Rillaboom|Wood Hammer|p2a: Amoonguss
|-damage|p2a: Amoonguss|29/100
|-damage|p1b: Rillaboom|13/100|[from] item: Rocky Helmet|[of] p2a: Amoonguss
|-damage|p1b: Rillaboom|2/100|[from] Recoil
|move|p2a: Amoonguss|Spore|p1a: Archaludon
|-status|p1a: Archaludon|slp|[from] move: Spore
|
|upkeep
|turn|8
|inactive|Dust and fidget has 30 seconds left.
|
|t:|1756398092
|switch|p1b: Gooseberry|Basculegion, L50, M, shiny|100/100
|cant|p1a: Archaludon|slp
|move|p2b: Gholdengo|Shadow Ball|p1b: Gooseberry
|-supereffective|p1b: Gooseberry
|-damage|p1b: Gooseberry|0 fnt
|faint|p1b: Gooseberry
|-damage|p2b: Gholdengo|91/100|[from] item: Life Orb
|move|p2a: Amoonguss|Pollen Puff|p1a: Archaludon
|-damage|p1a: Archaludon|73/100 slp
|
|upkeep
|
|t:|1756398096
|switch|p1b: Rillaboom|Rillaboom, L50, M, shiny|2/100
|-fieldstart|move: Grassy Terrain|[from] ability: Grassy Surge|[of] p1b: Rillaboom
|turn|9
|
|t:|1756398111
|move|p1b: Rillaboom|Grassy Glide|p2a: Amoonguss
|-damage|p2a: Amoonguss|0 fnt
|-damage|p1b: Rillaboom|0 fnt|[from] item: Rocky Helmet|[of] p2a: Amoonguss
|faint|p2a: Amoonguss
|faint|p1b: Rillaboom
|cant|p1a: Archaludon|slp
|move|p2b: Gholdengo|Shadow Ball|p1a: Archaludon
|-damage|p1a: Archaludon|0 fnt
|faint|p1a: Archaludon
|-damage|p2b: Gholdengo|82/100|[from] item: Life Orb
|
|win|RamonTheKiller
||Dust and fidget is ready for game 3.
|inactive|RamonTheKiller has 30 seconds to confirm battle start!
