|j|☆rodry3
|j|☆Bacon122
|html|rodry3Bacon122    
|uhtml|bestof|Game 2 of a best-of-3
|t:|1783549319
|gametype|doubles
|player|p1|rodry3|roxie|1126
|player|p2|Bacon122|shauntal|1271
|gen|9
|tier|[Gen 9 Champions] VGC 2026 Reg M-B (Bo3)
|rated|
|rule|Species Clause: Limit one of each Pokémon
|rule|Item Clause: Limit 1 of each item
|clearpoke
|poke|p1|Charizard, L50, M|
|poke|p1|Sneasler, L50, F|
|poke|p1|Incineroar, L50, F|
|poke|p1|Sinistcha, L50|
|poke|p1|Milotic, L50, M|
|poke|p1|Chimecho, L50, F|
|poke|p2|Toxapex, L50, F|
|poke|p2|Charizard, L50, M|
|poke|p2|Hydreigon, L50, F|
|poke|p2|Garchomp, L50, M|
|poke|p2|Grimmsnarl, L50, M|
|poke|p2|Floette-Eternal, L50, F|
|teampreview|4
|showteam|p1|Charizard||CharizarditeX|SolarPower|FlareBlitz,DragonClaw,DragonDance,Protect|Adamant||M|||50|]Sneasler||FocusSash|Unburden|FakeOut,CloseCombat,DireClaw,Protect|Naive||F|||50|]Incineroar||SitrusBerry|Intimidate|FakeOut,PartingShot,HelpingHand,FlareBlitz|Careful||F|||50|]Sinistcha||ColburBerry|Hospitality|MatchaGotcha,RagePowder,TrickRoom,Protect|Bold|||||50|]Milotic||Leftovers|Competitive|MuddyWater,Coil,Hypnosis,Protect|Calm||M|||50|]Chimecho||Chimechite|Levitate|FlashCannon,Psychic,CalmMind,Protect|Modest||F|||50|
|showteam|p2|Toxapex||Leftovers|Regenerator|BanefulBunker,WideGuard,Toxic,Infestation|Calm||F|||50|]Charizard||CharizarditeY|SolarPower|HeatWave,SolarBeam,WeatherBall,Protect|Timid||M|||50|]Hydreigon||ChoiceScarf|Levitate|DarkPulse,Snarl,DracoMeteor,Uturn|Modest||F|||50|]Garchomp||SitrusBerry|RoughSkin|DragonClaw,Earthquake,RockSlide,Protect|Adamant||M|||50|]Grimmsnarl||RoseliBerry|Prankster|FakeOut,Reflect,PartingShot,FoulPlay|Impish||M|||50|]Floette-Eternal||Floettite|FlowerVeil|Moonblast,DazzlingGleam,LightofRuin,Protect|Modest||F|||50|
|inactive|Battle timer is ON: inactive players will automatically lose when time's up. (requested by rodry3)
|inactive|rodry3 has 60 seconds left.
|inactive|Bacon122 has 60 seconds left.
|
|t:|1783549374
|teamsize|p1|4
|teamsize|p2|4
|start
|switch|p1a: Charizard|Charizard, L50, M|100/100
|switch|p1b: Incineroar|Incineroar, L50, F|100/100
|switch|p2a: Screenager|Grimmsnarl, L50, M|100/100
|switch|p2b: Root Beer Floette|Floette-Eternal, L50, F|100/100
|-ability|p1b: Incineroar|Intimidate|boost
|-unboost|p2a: Screenager|atk|1
|-unboost|p2b: Root Beer Floette|atk|1
|turn|1
|inactive|rodry3 has 30 seconds left.
|inactive|rodry3 has 20 seconds left.
|inactive|rodry3 has 15 seconds left.
|
|t:|1783549417
|detailschange|p2b: Root Beer Floette|Floette-Mega, L50, F
|-mega|p2b: Root Beer Floette|Floette|Floettite
|-ability|p2b: Root Beer Floette|Fairy Aura
|move|p1b: Incineroar|Fake Out|p2b: Root Beer Floette
|-damage|p2b: Root Beer Floette|87/100
|move|p2a: Screenager|Fake Out|p1b: Incineroar
|-damage|p1b: Incineroar|93/100
|cant|p2b: Root Beer Floette|flinch
|move|p1a: Charizard|Dragon Dance|p1a: Charizard
|-boost|p1a: Charizard|atk|1
|-boost|p1a: Charizard|spe|1
|
|upkeep
|turn|2
|
|t:|1783549439
|detailschange|p1a: Charizard|Charizard-Mega-X, L50, M
|-mega|p1a: Charizard|Charizard|Charizardite X
|move|p1b: Incineroar|Helping Hand|p1a: Charizard
|-singleturn|p1a: Charizard|Helping Hand|[of] p1b: Incineroar
|move|p2a: Screenager|Reflect|p2a: Screenager
|-sidestart|p2: Bacon122|Reflect
|move|p1a: Charizard|Flare Blitz|p2b: Root Beer Floette
|-damage|p2b: Root Beer Floette|0 fnt
|faint|p2b: Root Beer Floette
|-damage|p1a: Charizard|72/100|[from] Recoil
|
|upkeep
|
|t:|1783549446
|switch|p2b: Corporate Infester|Toxapex, L50, F|100/100
|turn|3
|
|t:|1783549466
|move|p2a: Screenager|Parting Shot|p1a: Charizard
|-unboost|p1a: Charizard|atk|1
|-unboost|p1a: Charizard|spa|1
|
|t:|1783549469
|switch|p2a: ButTheLeviWasDrei|Hydreigon, L50, F|100/100|[from] Parting Shot
|move|p1a: Charizard|Flare Blitz|p2a: ButTheLeviWasDrei
|-resisted|p2a: ButTheLeviWasDrei|1
|-damage|p2a: ButTheLeviWasDrei|69/100
|-damage|p1a: Charizard|63/100|[from] Recoil
|move|p1b: Incineroar|Parting Shot|p2b: Corporate Infester
|-unboost|p2b: Corporate Infester|atk|1
|-unboost|p2b: Corporate Infester|spa|1
|
|t:|1783549478
|switch|p1b: Sneasler|Sneasler, L50, F|100/100|[from] Parting Shot
|move|p2b: Corporate Infester|Infestation|p1b: Sneasler
|-resisted|p1b: Sneasler|2
|-damage|p1b: Sneasler|99/100
|-activate|p1b: Sneasler|move: Infestation|[of] p2b: Corporate Infester
|
|-damage|p1b: Sneasler|87/100|[from] move: Infestation|[partiallytrapped]
|upkeep
|turn|4
|inactive|rodry3 has 30 seconds left.
|inactive|rodry3 has 20 seconds left.
|inactive|rodry3 has 15 seconds left.
|
|t:|1783549522
|move|p2a: ButTheLeviWasDrei|Draco Meteor|p1a: Charizard
|-supereffective|p1a: Charizard|1
|-damage|p1a: Charizard|0 fnt
|-unboost|p2a: ButTheLeviWasDrei|spa|2
|faint|p1a: Charizard
|move|p1b: Sneasler|Dire Claw|p2a: ButTheLeviWasDrei
|-damage|p2a: ButTheLeviWasDrei|40/100
|move|p2b: Corporate Infester|Toxic|p1b: Sneasler
|-immune|p1b: Sneasler
|
|-damage|p1b: Sneasler|74/100|[from] move: Infestation|[partiallytrapped]
|upkeep
|
|t:|1783549529
|switch|p1a: Incineroar|Incineroar, L50, F|93/100
|-ability|p1a: Incineroar|Intimidate|boost
|-unboost|p2a: ButTheLeviWasDrei|atk|1
|-unboost|p2b: Corporate Infester|atk|1
|turn|5
|
|t:|1783549544
|switch|p2a: Screenager|Grimmsnarl, L50, M|100/100
|move|p1a: Incineroar|Fake Out|p2b: Corporate Infester
|-damage|p2b: Corporate Infester|94/100
|move|p1b: Sneasler|Close Combat|p2a: Screenager
|-damage|p2a: Screenager|60/100
|-unboost|p1b: Sneasler|def|1
|-unboost|p1b: Sneasler|spd|1
|cant|p2b: Corporate Infester|flinch
|
|-heal|p2b: Corporate Infester|100/100|[from] item: Leftovers
|-damage|p1b: Sneasler|62/100|[from] move: Infestation|[partiallytrapped]
|upkeep
|turn|6
|
|t:|1783549566
|move|p1b: Sneasler|Protect|p1b: Sneasler
|-singleturn|p1b: Sneasler|Protect
|move|p2a: Screenager|Fake Out|p1b: Sneasler
|-activate|p1b: Sneasler|move: Protect
|move|p1a: Incineroar|Parting Shot|p2a: Screenager
|-unboost|p2a: Screenager|atk|1
|-unboost|p2a: Screenager|spa|1
|
|t:|1783549572
|switch|p1a: Milotic|Milotic, L50, M|100/100|[from] Parting Shot
|move|p2b: Corporate Infester|Toxic|p1a: Milotic
|-status|p1a: Milotic|tox
|
|-damage|p1a: Milotic|94/100 tox|[from] psn
|-damage|p1b: Sneasler|50/100g|[from] move: Infestation|[partiallytrapped]
|-sideend|p2: Bacon122|Reflect
|upkeep
|turn|7
|
|t:|1783549597
|switch|p1a: Incineroar|Incineroar, L50, F|93/100
|-ability|p1a: Incineroar|Intimidate|boost
|-unboost|p2a: Screenager|atk|1
|-unboost|p2b: Corporate Infester|atk|1
|move|p2a: Screenager|Reflect|p2a: Screenager
|-sidestart|p2: Bacon122|Reflect
|move|p1b: Sneasler|Dire Claw|p2a: Screenager
|-supereffective|p2a: Screenager|1
|-damage|p2a: Screenager|8/100
|move|p2b: Corporate Infester|Infestation|p1a: Incineroar
|-damage|p1a: Incineroar|91/100
|-activate|p1a: Incineroar|move: Infestation|[of] p2b: Corporate Infester
|
|-damage|p1b: Sneasler|38/100|[from] move: Infestation|[partiallytrapped]
|-damage|p1a: Incineroar|78/100|[from] move: Infestation|[partiallytrapped]
|upkeep
|turn|8
|
|t:|1783549617
|move|p2b: Corporate Infester|Baneful Bunker|p2b: Corporate Infester
|-singleturn|p2b: Corporate Infester|move: Protect
|move|p1a: Incineroar|Fake Out|p2a: Screenager
|-damage|p2a: Screenager|1/100
|move|p1b: Sneasler|Dire Claw|p2b: Corporate Infester
|-activate|p2b: Corporate Infester|move: Protect
|cant|p2a: Screenager|flinch
|
|-end|p1b: Sneasler|Infestation|[partiallytrapped]
|-damage|p1a: Incineroar|66/100|[from] move: Infestation|[partiallytrapped]
|upkeep
|turn|9
|
|t:|1783549633
|move|p1a: Incineroar|Helping Hand|p1b: Sneasler
|-singleturn|p1b: Sneasler|Helping Hand|[of] p1a: Incineroar
|move|p1b: Sneasler|Dire Claw|p2a: Screenager
|-supereffective|p2a: Screenager|1
|-damage|p2a: Screenager|0 fnt
|faint|p2a: Screenager
|move|p2b: Corporate Infester|Infestation|p1b: Sneasler
|-resisted|p1b: Sneasler|2
|-damage|p1b: Sneasler|36/100
|-activate|p1b: Sneasler|move: Infestation|[of] p2b: Corporate Infester
|
|-damage|p1b: Sneasler|24/100|[from] move: Infestation|[partiallytrapped]
|-damage|p1a: Incineroar|53/100|[from] move: Infestation|[partiallytrapped]
|upkeep
|
|t:|1783549642
|switch|p2a: ButTheLeviWasDrei|Hydreigon, L50, F|40/100
|turn|10
|inactive|Bacon122 has 30 seconds left.
|-message|rodry3 forfeited.
|
|win|Bacon122
|l|☆rodry3
|player|p1|
||rodry3 is ready for game 3.
||Bacon122 is ready for game 3.
|uhtml|next|Next: Game 3 of 3
|l|☆Bacon122
|player|p2|
|j|☆rodry3
|player|p1|rodry3|roxie|
