|j|☆top1bo3100%real
|j|☆toughlogvgc
|html|top1bo3100%realtoughlogvgc    
|uhtml|bestof|Game 3 of a best-of-3
|t:|1783801296
|gametype|doubles
|player|p1|top1bo3100%real|lucas|1171
|player|p2|toughlogvgc|169|1171
|gen|9
|tier|[Gen 9 Champions] VGC 2026 Reg M-B (Bo3)
|rated|
|rule|Species Clause: Limit one of each Pokémon
|rule|Item Clause: Limit 1 of each item
|clearpoke
|poke|p1|Blaziken, L50, F|
|poke|p1|Venusaur, L50, M|
|poke|p1|Ninetales-Alola, L50, M|
|poke|p1|Lycanroc-Dusk, L50, M|
|poke|p1|Kingambit, L50, F|
|poke|p1|Basculegion, L50, M|
|poke|p2|Charizard, L50, M|
|poke|p2|Garchomp, L50, M|
|poke|p2|Basculegion, L50, M|
|poke|p2|Whimsicott, L50, F|
|poke|p2|Kingambit, L50, F|
|poke|p2|Floette-Eternal, L50, F|
|teampreview|4
|showteam|p1|Blaziken||Blazikenite|SpeedBoost|CloseCombat,FlareBlitz,RockSlide,Detect|Adamant||F|||50|]Venusaur||Venusaurite|Chlorophyll|GigaDrain,SludgeBomb,EarthPower,Protect|Modest||M|||50|]Ninetales-Alola||NeverMeltIce|SnowWarning|Blizzard,FreezeDry,Encore,Protect|Timid||M|||50|]Lycanroc-Dusk||FocusSash|ToughClaws|Accelerock,RockSlide,CloseCombat,Protect|Adamant||M|||50|]Kingambit||LifeOrb|Defiant|KowtowCleave,SuckerPunch,IronHead,Protect|Adamant||F|||50|]Basculegion||ChoiceScarf|Adaptability|WaveCrash,LastRespects,FlipTurn,AquaJet|Jolly||M|||50|
|showteam|p2|Charizard||CharizarditeY|Blaze|HeatWave,SolarBeam,Protect,WeatherBall|Modest||M|||50|]Garchomp||LifeOrb|RoughSkin|DragonClaw,Earthquake,RockSlide,Protect|Jolly||M|||50|]Basculegion||ChoiceScarf|Adaptability|WaveCrash,AquaJet,FlipTurn,LastRespects|Adamant||M|||50|]Whimsicott||FocusSash|Prankster|Moonblast,Tailwind,Protect,Encore|Timid||F|||50|]Kingambit||BlackGlasses|Defiant|IronHead,KowtowCleave,Protect,SuckerPunch|Adamant||F|||50|]Floette-Eternal||Floettite|FlowerVeil|Moonblast,LightofRuin,DazzlingGleam,Protect|Modest||F|||50|
|inactive|Battle timer is ON: inactive players will automatically lose when time's up. (requested by top1bo3100%real)
|inactive|top1bo3100%real has 60 seconds left.
|inactive|top1bo3100%real has 30 seconds left.
|
|t:|1783801366
|teamsize|p1|4
|teamsize|p2|4
|start
|switch|p1a: Ninetales|Ninetales-Alola, L50, M|100/100
|switch|p1b: Kingambit|Kingambit, L50, F|100/100
|switch|p2a: Whimsicott|Whimsicott, L50, F|100/100
|switch|p2b: Floette|Floette-Eternal, L50, F|100/100
|-weather|Snowscape|[from] ability: Snow Warning|[of] p1a: Ninetales
|turn|1
|inactive|top1bo3100%real has 30 seconds left.
|
|t:|1783801398
|detailschange|p2b: Floette|Floette-Mega, L50, F
|-mega|p2b: Floette|Floette|Floettite
|-ability|p2b: Floette|Fairy Aura
|move|p2b: Floette|Protect|p2b: Floette
|-singleturn|p2b: Floette|Protect
|move|p2a: Whimsicott|Tailwind|p2a: Whimsicott
|-sidestart|p2: toughlogvgc|move: Tailwind
|move|p1b: Kingambit|Sucker Punch||[still]
|-fail|p1b: Kingambit
|move|p1a: Ninetales|Blizzard|p2a: Whimsicott|[spread] p2a
|-activate|p2b: Floette|move: Protect
|-supereffective|p2a: Whimsicott|1
|-enditem|p2a: Whimsicott|Focus Sash
|-damage|p2a: Whimsicott|1/100
|
|-weather|Snowscape|[upkeep]
|upkeep
|turn|2
|inactive|toughlogvgc has 30 seconds left.
|inactive|toughlogvgc has 20 seconds left.
|inactive|toughlogvgc has 15 seconds left.
|inactive|toughlogvgc has 10 seconds left.
|
|t:|1783801447
|move|p2a: Whimsicott|Moonblast|p1a: Ninetales
|-damage|p1a: Ninetales|47/100
|move|p2b: Floette|Moonblast|p1a: Ninetales
|-damage|p1a: Ninetales|0 fnt
|faint|p1a: Ninetales
|move|p1b: Kingambit|Iron Head|p2b: Floette
|-supereffective|p2b: Floette|1
|-damage|p2b: Floette|0 fnt
|faint|p2b: Floette
|-damage|p1b: Kingambit|90/100|[from] item: Life Orb
|
|-weather|Snowscape|[upkeep]
|upkeep
|
|t:|1783801460
|switch|p1a: Blaziken|Blaziken, L50, F|100/100
|switch|p2b: Garchomp|Garchomp, L50, M|100/100
|turn|3
|
|t:|1783801482
|detailschange|p1a: Blaziken|Blaziken-Mega, L50, F
|-mega|p1a: Blaziken|Blaziken|Blazikenite
|move|p1a: Blaziken|Detect|p1a: Blaziken
|-singleturn|p1a: Blaziken|Protect
|move|p2a: Whimsicott|Encore|p1b: Kingambit
|-hint|Since gen 7, Dark is immune to Prankster moves.
|-immune|p1b: Kingambit
|move|p2b: Garchomp|Earthquake|p1a: Blaziken|[spread] p2a,p1b
|-activate|p1a: Blaziken|move: Protect
|-resisted|p2a: Whimsicott|1
|-supereffective|p1b: Kingambit|1
|-damage|p2a: Whimsicott|0 fnt
|-damage|p1b: Kingambit|20/100y
|faint|p2a: Whimsicott
|-damage|p2b: Garchomp|90/100|[from] item: Life Orb
|move|p1b: Kingambit|Kowtow Cleave|p2b: Garchomp
|-damage|p2b: Garchomp|27/100
|-damage|p1b: Kingambit|8/100|[from] ability: Rough Skin|[of] p2b: Garchomp
|-damage|p1b: Kingambit|0 fnt|[from] item: Life Orb
|faint|p1b: Kingambit
|
|-weather|Snowscape|[upkeep]
|-ability|p1a: Blaziken|Speed Boost|boost
|-boost|p1a: Blaziken|spe|1
|upkeep
|
|t:|1783801503
|switch|p2a: Basculegion|Basculegion, L50, M|100/100
|switch|p1b: Lycanroc|Lycanroc-Dusk, L50, M|100/100
|turn|4
|inactive|toughlogvgc has 30 seconds left.
|
|t:|1783801531
|move|p2a: Basculegion|Last Respects|p1a: Blaziken
|-damage|p1a: Blaziken|0 fnt
|faint|p1a: Blaziken
|move|p2b: Garchomp|Rock Slide|p1b: Lycanroc
|-damage|p1b: Lycanroc|46/100
|-damage|p2b: Garchomp|18/100|[from] item: Life Orb
|move|p1b: Lycanroc|Rock Slide|p2a: Basculegion|[spread] p2a,p2b
|-resisted|p2b: Garchomp|1
|-damage|p2a: Basculegion|61/100
|-damage|p2b: Garchomp|2/100
|
|-weather|Snowscape|[upkeep]
|-sideend|p2: toughlogvgc|move: Tailwind
|upkeep
|turn|5
|-message|top1bo3100%real forfeited.
|
|win|toughlogvgc
|raw|top1bo3100%real's rating: 1171 → 1146(-25 for losing)
|raw|toughlogvgc's rating: 1171 → 1196(+25 for winning)
|l|☆top1bo3100%real
|player|p1|
