|j|☆oscraft89
|j|☆Isagii
|html|oscraft89Isagii    
|uhtml|bestof|Game 1 of a best-of-3
|t:|1783250127
|gametype|doubles
|player|p1|oscraft89|ethan|1236
|player|p2|Isagii|steven|1229
|gen|9
|tier|[Gen 9 Champions] VGC 2026 Reg M-B (Bo3)
|rated|
|rule|Species Clause: Limit one of each Pokémon
|rule|Item Clause: Limit 1 of each item
|clearpoke
|poke|p1|Sceptile, L50, M, shiny|
|poke|p1|Rotom-Wash, L50|
|poke|p1|Incineroar, L50, M|
|poke|p1|Sneasler, L50, M|
|poke|p1|Whimsicott, L50, F|
|poke|p1|Gholdengo, L50|
|poke|p2|Metagross, L50, shiny|
|poke|p2|Grimmsnarl, L50, M, shiny|
|poke|p2|Toxapex, L50, M|
|poke|p2|Hydreigon, L50, M|
|poke|p2|Charizard, L50, M, shiny|
|poke|p2|Garchomp, L50, F, shiny|
|teampreview|4
|showteam|p1|Sceptile||Sceptilite|Overgrow|LeafStorm,DragonPulse,EarthPower,Detect|Timid||M|||50|]Rotom-Wash||ChoiceScarf|Levitate|Discharge,VoltSwitch,HydroPump,Electroweb|Timid|||||50|]Incineroar||ChopleBerry|Intimidate|FlareBlitz,ThroatChop,PartingShot,FakeOut|Adamant||M|||50|]Sneasler||WhiteHerb|Unburden|DireClaw,CloseCombat,FakeOut,Protect|Adamant||M|||50|]Whimsicott||FocusSash|Prankster|Moonblast,Tailwind,Encore,Protect|Timid||F|||50|]Gholdengo||LifeOrb|GoodasGold|MakeItRain,ShadowBall,NastyPlot,Protect|Modest|||||50|
|showteam|p2|Metagross||Metagrossite|ClearBody|PsychicFangs,IronHead,BodyPress,Protect|Jolly|||||50|]Grimmsnarl||LightClay|Prankster|LightScreen,Reflect,PartingShot,SpiritBreak|Careful||M|||50|]Toxapex||Leftovers|Regenerator|Toxic,Infestation,WideGuard,BanefulBunker|Bold||M|||50|]Hydreigon||ChoiceScarf|Levitate|DracoMeteor,DarkPulse,HeatWave,Snarl|Modest||M|||50|]Charizard||CharizarditeY|Blaze|HeatWave,SolarBeam,WeatherBall,Protect|Modest||M|||50|]Garchomp||LifeOrb|RoughSkin|Earthquake,DragonClaw,RockSlide,Protect|Jolly||F|||50|
|inactive|Battle timer is ON: inactive players will automatically lose when time's up. (requested by Isagii)
|inactive|Isagii has 60 seconds left.
|
|t:|1783250159
|teamsize|p1|4
|teamsize|p2|4
|start
|switch|p1a: Rotom|Rotom-Wash, L50|100/100
|switch|p1b: Sceptile|Sceptile, L50, M, shiny|100/100
|switch|p2a: Toxapex|Toxapex, L50, M|100/100
|switch|p2b: Charizard|Charizard, L50, M, shiny|100/100
|turn|1
|
|t:|1783250174
|detailschange|p2b: Charizard|Charizard-Mega-Y, L50, M, shiny
|-mega|p2b: Charizard|Charizard|Charizardite Y
|-weather|SunnyDay|[from] ability: Drought|[of] p2b: Charizard
|move|p1b: Sceptile|Detect|p1b: Sceptile
|-singleturn|p1b: Sceptile|Protect
|move|p2a: Toxapex|Wide Guard|p2a: Toxapex
|-singleturn|p2a: Toxapex|Wide Guard
|move|p1a: Rotom|Volt Switch|p2b: Charizard
|-supereffective|p2b: Charizard|1
|-damage|p2b: Charizard|42/100
|
|t:|1783250183
|switch|p1a: Incineroar|Incineroar, L50, M|100/100|[from] Volt Switch
|-ability|p1a: Incineroar|Intimidate|boost
|-unboost|p2a: Toxapex|atk|1
|-unboost|p2b: Charizard|atk|1
|move|p2b: Charizard|Weather Ball|p1b: Sceptile
|-activate|p1b: Sceptile|move: Protect
|
|-weather|SunnyDay|[upkeep]
|upkeep
|turn|2
|
|t:|1783250194
|switch|p2b: Hydreigon|Hydreigon, L50, M|100/100
|detailschange|p1b: Sceptile|Sceptile-Mega, L50, M, shiny
|-mega|p1b: Sceptile|Sceptile|Sceptilite
|move|p1a: Incineroar|Fake Out|p2b: Hydreigon
|-damage|p2b: Hydreigon|84/100
|move|p1b: Sceptile|Earth Power|p2a: Toxapex
|-supereffective|p2a: Toxapex|1
|-damage|p2a: Toxapex|47/100
|move|p2a: Toxapex|Toxic|p1b: Sceptile
|-status|p1b: Sceptile|tox
|
|-weather|SunnyDay|[upkeep]
|-heal|p2a: Toxapex|53/100|[from] item: Leftovers
|-damage|p1b: Sceptile|93/100 tox|[from] psn
|upkeep
|turn|3
|
|t:|1783250215
|switch|p1b: Rotom|Rotom-Wash, L50|100/100
|move|p2a: Toxapex|Baneful Bunker|p2a: Toxapex
|-singleturn|p2a: Toxapex|move: Protect
|move|p2b: Hydreigon|Draco Meteor|p1b: Rotom
|-damage|p1b: Rotom|5/100
|-unboost|p2b: Hydreigon|spa|2
|move|p1a: Incineroar|Parting Shot|p2b: Hydreigon
|-unboost|p2b: Hydreigon|atk|1
|-unboost|p2b: Hydreigon|spa|1
|
|t:|1783250226
|switch|p1a: Sceptile|Sceptile-Mega, L50, M, shiny|93/100 tox|[from] Parting Shot
|
|-weather|SunnyDay|[upkeep]
|-heal|p2a: Toxapex|59/100|[from] item: Leftovers
|-damage|p1a: Sceptile|87/100 tox|[from] psn
|upkeep
|turn|4
|
|t:|1783250240
|switch|p1a: Gholdengo|Gholdengo, L50|100/100
|-heal|p2a: Toxapex|92/100|[from] ability: Regenerator|[silent]
|switch|p2a: Garchomp|Garchomp, L50, F, shiny|100/100
|move|p1b: Rotom|Volt Switch|p2a: Garchomp
|-immune|p2a: Garchomp
|move|p2b: Hydreigon|Draco Meteor|p1b: Rotom|[miss]
|-miss|p2b: Hydreigon|p1b: Rotom
|
|-weather|SunnyDay|[upkeep]
|upkeep
|turn|5
|
|t:|1783250254
|switch|p2b: Charizard|Charizard-Mega-Y, L50, M, shiny|42/100
|switch|p1a: Incineroar|Incineroar, L50, M|100/100
|-ability|p1a: Incineroar|Intimidate|boost
|-unboost|p2a: Garchomp|atk|1
|-unboost|p2b: Charizard|atk|1
|move|p1b: Rotom|Volt Switch|p2b: Charizard
|-supereffective|p2b: Charizard|1
|-damage|p2b: Charizard|0 fnt
|faint|p2b: Charizard
|
|t:|1783250264
|switch|p1b: Sceptile|Sceptile-Mega, L50, M, shiny|87/100 tox|[from] Volt Switch
|move|p2a: Garchomp|Earthquake|p1a: Incineroar|[spread] p1a,p1b
|-supereffective|p1a: Incineroar|1
|-resisted|p1b: Sceptile|1
|-damage|p1a: Incineroar|38/100
|-damage|p1b: Sceptile|63/100 tox
|-damage|p2a: Garchomp|90/100|[from] item: Life Orb
|
|-weather|none
|-damage|p1b: Sceptile|57/100 tox|[from] psn
|upkeep
|
|t:|1783250275
|switch|p2b: Toxapex|Toxapex, L50, M|92/100
|turn|6
|
|t:|1783250281
|move|p2a: Garchomp|Protect|p2a: Garchomp
|-singleturn|p2a: Garchomp|Protect
|move|p2b: Toxapex|Baneful Bunker|p2b: Toxapex
|-singleturn|p2b: Toxapex|move: Protect
|move|p1b: Sceptile|Dragon Pulse|p2a: Garchomp
|-activate|p2a: Garchomp|move: Protect
|move|p1a: Incineroar|Parting Shot|p2b: Toxapex
|-activate|p2b: Toxapex|move: Protect
|
|-heal|p2b: Toxapex|98/100|[from] item: Leftovers
|-damage|p1b: Sceptile|44/100 tox|[from] psn
|upkeep
|turn|7
|
|t:|1783250294
|move|p1b: Sceptile|Dragon Pulse|p2a: Garchomp
|-supereffective|p2a: Garchomp|1
|-damage|p2a: Garchomp|0 fnt
|faint|p2a: Garchomp
|move|p1a: Incineroar|Parting Shot|p2b: Toxapex
|-unboost|p2b: Toxapex|atk|1
|-unboost|p2b: Toxapex|spa|1
|
|t:|1783250302
|switch|p1a: Rotom|Rotom-Wash, L50|5/100|[from] Parting Shot
|move|p2b: Toxapex|Infestation|p1b: Sceptile
|-supereffective|p1b: Sceptile|1
|-damage|p1b: Sceptile|38/100 tox
|-activate|p1b: Sceptile|move: Infestation|[of] p2b: Toxapex
|
|-heal|p2b: Toxapex|100/100|[from] item: Leftovers
|-damage|p1b: Sceptile|19/100 tox|[from] psn
|-damage|p1b: Sceptile|7/100 tox|[from] move: Infestation|[partiallytrapped]
|upkeep
|
|t:|1783250312
|switch|p2a: Hydreigon|Hydreigon, L50, M|84/100
|turn|8
|
|t:|1783250326
|move|p1a: Rotom|Electroweb|p2b: Toxapex|[spread] p2a,p2b
|-resisted|p2a: Hydreigon|1
|-supereffective|p2b: Toxapex|1
|-damage|p2a: Hydreigon|74/100
|-damage|p2b: Toxapex|71/100
|-unboost|p2a: Hydreigon|spe|1
|-unboost|p2b: Toxapex|spe|1
|move|p1b: Sceptile|Dragon Pulse|p2a: Hydreigon
|-supereffective|p2a: Hydreigon|1
|-damage|p2a: Hydreigon|0 fnt
|faint|p2a: Hydreigon
|move|p2b: Toxapex|Infestation|p1a: Rotom
|-damage|p1a: Rotom|2/100
|-activate|p1a: Rotom|move: Infestation|[of] p2b: Toxapex
|
|-heal|p2b: Toxapex|77/100|[from] item: Leftovers
|-damage|p1b: Sceptile|0 fnt|[from] psn
|faint|p1b: Sceptile
|-damage|p1a: Rotom|0 fnt|[from] move: Infestation|[partiallytrapped]
|faint|p1a: Rotom
|upkeep
|
|t:|1783250334
|switch|p1b: Incineroar|Incineroar, L50, M|38/100
|switch|p1a: Gholdengo|Gholdengo, L50|100/100
|-ability|p1b: Incineroar|Intimidate|boost
|-unboost|p2b: Toxapex|atk|1
|turn|9
|-message|Isagii forfeited.
|
|win|oscraft89
|l|☆Isagii
|player|p2|
||oscraft89 is ready for game 2.
|j|☆Isagii
|player|p2|Isagii|steven|
