|j|☆shakyturtle
|j|☆Cancerberus1231
|html|shakyturtleCancerberus1231    
|uhtml|bestof|Game 1 of a best-of-3
|t:|1757716761
|gametype|doubles
|player|p1|shakyturtle|blaine|1106
|player|p2|Cancerberus1231|blackbelt-gen4dp|1098
|gen|9
|tier|[Gen 9] VGC 2025 Reg H (Bo3)
|rated|
|rule|Species Clause: Limit one of each Pokémon
|rule|Item Clause: Limit 1 of each item
|clearpoke
|poke|p1|Whimsicott, L50, F|
|poke|p1|Hydreigon, L50, M|
|poke|p1|Gholdengo, L50|
|poke|p1|Swampert, L50, M|
|poke|p1|Arcanine, L50, M|
|poke|p1|Gogoat, L50, F|
|poke|p2|Annihilape, L50, F|
|poke|p2|Whimsicott, L50, F|
|poke|p2|Dragonite, L50, F|
|poke|p2|Rillaboom, L50, F|
|poke|p2|Magmar, L50, M|
|poke|p2|Ursaluna-Bloodmoon, L50, M|
|teampreview|4
|showteam|p1|Whimsicott||CovertCloak|Prankster|Moonblast,Tailwind,Encore,FakeTears|||F|||50|,,,,,Ghost]Hydreigon||ChoiceSpecs|Levitate|Snarl,FlashCannon,DragonPulse,EarthPower|||M|||50|,,,,,Steel]Gholdengo||SitrusBerry|GoodasGold|Protect,NastyPlot,ShadowBall,MakeItRain||||||50|,,,,,Dragon]Swampert||AssaultVest|Torrent|Liquidation,HighHorsepower,PoisonJab,TeraBlast|||M|||50|,,,,,Fire]Arcanine||SafetyGoggles|Intimidate|Protect,Howl,WillOWisp,FlareBlitz|||M|||50|,,,,,Water]Gogoat||Leftovers|SapSipper|Protect,BulkUp,RockSlide,HornLeech|||F|||50|,,,,,Fire
|showteam|p2|Annihilape||Leftovers|Defiant|RageFist,BulkUp,Protect,DrainPunch|||F|||50|,,,,,Fire]Whimsicott||FocusSash|Prankster|Moonblast,Protect,Tailwind,Endeavor|||F|||50|,,,,,Water]Dragonite||LoadedDice|Multiscale|ScaleShot,ExtremeSpeed,Protect,Encore|||F|||50|,,,,,Normal]Rillaboom||AssaultVest|GrassySurge|FakeOut,GrassyGlide,WoodHammer,Uturn|||F|||50|,,,,,Fire]Magmar||Eviolite|VitalSpirit|ClearSmog,Protect,Overheat,FollowMe|||M|||50|,,,,,Ghost]Ursaluna-Bloodmoon||LifeOrb|MindsEye|BloodMoon,EarthPower,HyperVoice,VacuumWave|||M|||50|,,,,,Normal
|inactive|Battle timer is ON: inactive players will automatically lose when time's up. (requested by shakyturtle)
|inactive|shakyturtle has 60 seconds left.
|
|t:|1757716814
|teamsize|p1|4
|teamsize|p2|4
|start
|switch|p1a: Hydreigon|Hydreigon, L50, M|100/100
|switch|p1b: Whimsicott|Whimsicott, L50, F|100/100
|switch|p2a: Aloe|Whimsicott, L50, F, shiny|100/100
|switch|p2b: Ursaluna|Ursaluna-Bloodmoon, L50, M|100/100
|turn|1
|inactive|Cancerberus1231 has 30 seconds left.
|inactive|Cancerberus1231 has 20 seconds left.
|inactive|Cancerberus1231 has 15 seconds left.
|inactive|Cancerberus1231 has 10 seconds left.
|
|t:|1757716863
|switch|p2b: Chita|Rillaboom, L50, F, shiny|100/100
|-fieldstart|move: Grassy Terrain|[from] ability: Grassy Surge|[of] p2b: Chita
|move|p2a: Aloe|Tailwind|p2a: Aloe
|-sidestart|p2: Cancerberus1231|move: Tailwind
|move|p1b: Whimsicott|Tailwind|p1b: Whimsicott
|-sidestart|p1: shakyturtle|move: Tailwind
|move|p1a: Hydreigon|Dragon Pulse|p2b: Chita
|-damage|p2b: Chita|49/100
|
|-heal|p2b: Chita|55/100|[from] Grassy Terrain
|upkeep
|turn|2
|inactive|shakyturtle has 30 seconds left.
|
|t:|1757716892
|switch|p1a: Arcanine|Arcanine, L50, M|100/100
|-ability|p1a: Arcanine|Intimidate|boost
|-unboost|p2a: Aloe|atk|1
|-unboost|p2b: Chita|atk|1
|move|p2b: Chita|Fake Out|p1a: Arcanine
|-damage|p1a: Arcanine|90/100
|move|p1b: Whimsicott|Encore|p2a: Aloe
|-start|p2a: Aloe|Encore
|move|p2a: Aloe|Tailwind||[still]
|-fail|p2a: Aloe
|
|-heal|p1a: Arcanine|96/100|[from] Grassy Terrain
|-heal|p2b: Chita|61/100|[from] Grassy Terrain
|upkeep
|turn|3
|
|t:|1757716910
|switch|p1b: Gogoat|Gogoat, L50, F|100/100
|switch|p2a: Chancho|Annihilape, L50, F, shiny|100/100
|switch|p2b: Ursaluna|Ursaluna-Bloodmoon, L50, M|100/100
|move|p1a: Arcanine|Will-O-Wisp|p2b: Ursaluna
|-status|p2b: Ursaluna|brn
|
|-heal|p1a: Arcanine|100/100|[from] Grassy Terrain
|-damage|p2b: Ursaluna|94/100 brn|[from] brn
|upkeep
|turn|4
|inactive|shakyturtle has 30 seconds left.
|inactive|Cancerberus1231 has 30 seconds left.
|inactive|shakyturtle has 20 seconds left.
|inactive|Cancerberus1231 has 20 seconds left.
|inactive|Cancerberus1231 has 15 seconds left.
|
|t:|1757716950
|-terastallize|p2a: Chancho|Fire
|move|p1a: Arcanine|Howl|p1a: Arcanine|[spread] p1a,p1b
|-boost|p1a: Arcanine|atk|1
|-boost|p1b: Gogoat|atk|1
|move|p2a: Chancho|Bulk Up|p2a: Chancho
|-boost|p2a: Chancho|atk|1
|-boost|p2a: Chancho|def|1
|move|p1b: Gogoat|Bulk Up|p1b: Gogoat
|-boost|p1b: Gogoat|atk|1
|-boost|p1b: Gogoat|def|1
|move|p2b: Ursaluna|Hyper Voice|p1a: Arcanine|[spread] p1a,p1b
|-damage|p1a: Arcanine|62/100
|-damage|p1b: Gogoat|59/100
|-damage|p2b: Ursaluna|85/100 brn|[from] item: Life Orb
|
|-heal|p1a: Arcanine|69/100|[from] Grassy Terrain
|-heal|p1b: Gogoat|65/100|[from] Grassy Terrain
|-heal|p1b: Gogoat|71/100|[from] item: Leftovers
|-heal|p2b: Ursaluna|91/100 brn|[from] Grassy Terrain
|-damage|p2b: Ursaluna|85/100 brn|[from] brn
|-sideend|p1: shakyturtle|move: Tailwind
|-sideend|p2: Cancerberus1231|move: Tailwind
|upkeep
|turn|5
|inactive|Cancerberus1231 has 30 seconds left.
|
|t:|1757716979
|move|p1a: Arcanine|Protect|p1a: Arcanine
|-singleturn|p1a: Arcanine|Protect
|move|p2a: Chancho|Drain Punch|p1b: Gogoat
|-damage|p1b: Gogoat|37/100
|move|p1b: Gogoat|Horn Leech|p2b: Ursaluna
|-supereffective|p2b: Ursaluna
|-damage|p2b: Ursaluna|0 fnt
|-heal|p1b: Gogoat|78/100|[from] drain|[of] p2b: Ursaluna
|faint|p2b: Ursaluna
|
|-heal|p1a: Arcanine|75/100|[from] Grassy Terrain
|-heal|p1b: Gogoat|84/100|[from] Grassy Terrain
|-heal|p1b: Gogoat|90/100|[from] item: Leftovers
|-fieldend|move: Grassy Terrain
|upkeep
|
|t:|1757716996
|switch|p2b: Aloe|Whimsicott, L50, F, shiny|100/100
|turn|6
|
|t:|1757717008
|move|p2b: Aloe|Protect|p2b: Aloe
|-singleturn|p2b: Aloe|Protect
|move|p1a: Arcanine|Will-O-Wisp|p2b: Aloe
|-activate|p2b: Aloe|move: Protect
|move|p2a: Chancho|Bulk Up|p2a: Chancho
|-boost|p2a: Chancho|atk|1
|-boost|p2a: Chancho|def|1
|move|p1b: Gogoat|Bulk Up|p1b: Gogoat
|-boost|p1b: Gogoat|atk|1
|-boost|p1b: Gogoat|def|1
|
|-heal|p1b: Gogoat|96/100|[from] item: Leftovers
|upkeep
|turn|7
|
|t:|1757717033
|move|p1b: Gogoat|Protect|p1b: Gogoat
|-singleturn|p1b: Gogoat|Protect
|move|p2b: Aloe|Moonblast|p1a: Arcanine
|-resisted|p1a: Arcanine
|-damage|p1a: Arcanine|62/100
|-unboost|p1a: Arcanine|spa|1
|move|p1a: Arcanine|Will-O-Wisp|p2b: Aloe
|-status|p2b: Aloe|brn
|move|p2a: Chancho|Drain Punch|p1a: Arcanine
|-damage|p1a: Arcanine|0 fnt
|faint|p1a: Arcanine
|
|-heal|p1b: Gogoat|100/100|[from] item: Leftovers
|-damage|p2b: Aloe|95/100 brn|[from] brn
|upkeep
|
|t:|1757717050
|switch|p1a: Whimsicott|Whimsicott, L50, F|100/100
|turn|8
|
|t:|1757717069
|move|p1a: Whimsicott|Tailwind|p1a: Whimsicott
|-sidestart|p1: shakyturtle|move: Tailwind
|move|p2b: Aloe|Tailwind|p2b: Aloe
|-sidestart|p2: Cancerberus1231|move: Tailwind
|move|p2a: Chancho|Drain Punch|p1b: Gogoat
|-damage|p1b: Gogoat|64/100
|move|p1b: Gogoat|Rock Slide|p2a: Chancho|[spread] p2b
|-miss|p1b: Gogoat|p2a: Chancho
|-damage|p2b: Aloe|39/100 brn
|
|-heal|p1b: Gogoat|70/100|[from] item: Leftovers
|-damage|p2b: Aloe|34/100 brn|[from] brn
|upkeep
|turn|9
|inactive|Cancerberus1231 has 30 seconds left.
|inactive|Cancerberus1231 has 20 seconds left.
|inactive|Cancerberus1231 has 15 seconds left.
|
|t:|1757717114
|move|p1b: Gogoat|Protect|p1b: Gogoat
|-singleturn|p1b: Gogoat|Protect
|move|p1a: Whimsicott|Moonblast|p2b: Aloe
|-damage|p2b: Aloe|0 fnt
|faint|p2b: Aloe
|move|p2a: Chancho|Drain Punch|p1b: Gogoat
|-activate|p1b: Gogoat|move: Protect
|
|-heal|p1b: Gogoat|76/100|[from] item: Leftovers
|upkeep
|inactive|Cancerberus1231 has 30 seconds left.
|
|t:|1757717141
|switch|p2b: Chita|Rillaboom, L50, F, shiny|61/100
|-fieldstart|move: Grassy Terrain|[from] ability: Grassy Surge|[of] p2b: Chita
|turn|10
|inactive|shakyturtle has 30 seconds left.
|
|t:|1757717171
|move|p1a: Whimsicott|Moonblast|p2b: Chita
|-damage|p2b: Chita|34/100
|move|p2b: Chita|U-turn|p1a: Whimsicott
|-damage|p1a: Whimsicott|66/100
|move|p2a: Chancho|Rage Fist|p1a: Whimsicott
|-damage|p1a: Whimsicott|4/100
|move|p1b: Gogoat|Rock Slide|p2b: Chita|[spread] p2a,p2b
|-supereffective|p2a: Chancho
|-damage|p2a: Chancho|69/100
|-damage|p2b: Chita|5/100
|
|-heal|p1a: Whimsicott|10/100|[from] Grassy Terrain
|-heal|p2b: Chita|11/100|[from] Grassy Terrain
|-heal|p2a: Chancho|75/100|[from] Grassy Terrain
|-heal|p2a: Chancho|81/100|[from] item: Leftovers
|-heal|p1b: Gogoat|82/100|[from] Grassy Terrain
|-heal|p1b: Gogoat|88/100|[from] item: Leftovers
|upkeep
|turn|11
|inactive|shakyturtle has 30 seconds left.
|inactive|Cancerberus1231 has 30 seconds left.
|inactive|shakyturtle has 20 seconds left.
|inactive|Cancerberus1231 has 20 seconds left.
|inactive|shakyturtle has 15 seconds left.
|inactive|Cancerberus1231 has 15 seconds left.
|inactive|shakyturtle has 10 seconds left.
|inactive|Cancerberus1231 has 10 seconds left.
|inactive|Cancerberus1231 has 5 seconds left.
|
|t:|1757717226
|move|p1b: Gogoat|Protect|p1b: Gogoat
|-singleturn|p1b: Gogoat|Protect
|move|p2b: Chita|Fake Out||[still]
|-hint|Fake Out only works on your first turn out.
|-fail|p2b: Chita
|move|p1a: Whimsicott|Moonblast|p2b: Chita
|-damage|p2b: Chita|0 fnt
|faint|p2b: Chita
|move|p2a: Chancho|Rage Fist|p1b: Gogoat
|-activate|p1b: Gogoat|move: Protect
|
|-heal|p1a: Whimsicott|16/100|[from] Grassy Terrain
|-heal|p2a: Chancho|87/100|[from] Grassy Terrain
|-heal|p2a: Chancho|93/100|[from] item: Leftovers
|-heal|p1b: Gogoat|94/100|[from] Grassy Terrain
|-heal|p1b: Gogoat|100/100|[from] item: Leftovers
|-sideend|p2: Cancerberus1231|move: Tailwind
|-sideend|p1: shakyturtle|move: Tailwind
|upkeep
|turn|12
|inactive|shakyturtle has 30 seconds left.
|inactive|Cancerberus1231 has 30 seconds left.
|-message|Cancerberus1231 forfeited.
|
|win|shakyturtle
|l|☆Cancerberus1231
|player|p2|
||shakyturtle is ready for game 2.
||Cancerberus1231 is ready for game 2.
|uhtml|next|Next: Game 2 of 3
