|j|☆bluntmaster9000
|j|☆Gentlefish
|html|bluntmaster9000Gentlefish    
|uhtml|bestof|Game 1 of a best-of-3
|t:|1756582034
|gametype|doubles
|player|p1|bluntmaster9000|101|1139
|player|p2|Gentlefish|burglar-gen1rb|1095
|gen|9
|tier|[Gen 9] VGC 2025 Reg H (Bo3)
|rated|
|rule|Species Clause: Limit one of each Pokémon
|rule|Item Clause: Limit 1 of each item
|clearpoke
|poke|p1|Gholdengo, L50|
|poke|p1|Tyranitar, L50, M|
|poke|p1|Amoonguss, L50, M|
|poke|p1|Sneasler, L50, M|
|poke|p1|Salamence, L50, M|
|poke|p1|Volcarona, L50, M|
|poke|p2|Garchomp, L50, M|
|poke|p2|Weezing-Galar, L50, F|
|poke|p2|Archaludon, L50, F|
|poke|p2|Gholdengo, L50|
|poke|p2|Talonflame, L50, M|
|poke|p2|Annihilape, L50, M|
|teampreview|4
|showteam|p1|Gholdengo||LifeOrb|GoodasGold|MakeItRain,ShadowBall,NastyPlot,Protect||||||50|,,,,,Water]Tyranitar||LoadedDice|SandStream|RockBlast,KnockOff,Taunt,LowKick|||M|||50|,,,,,Ghost]Amoonguss||SitrusBerry|Regenerator|Spore,PollenPuff,Protect,RagePowder|||M|||50|,,,,,Water]Sneasler||WhiteHerb|Unburden|DireClaw,CloseCombat,FakeOut,Protect|||M|||50|,,,,,Stellar]Salamence||AssaultVest|Intimidate|DracoMeteor,DragonPulse,HeatWave,Hurricane|||M|||50|,,,,,Fire]Volcarona||CovertCloak|FlameBody|Overheat,RagePowder,Tailwind,StruggleBug|||M|||50|,,,,,Grass
|showteam|p2|Garchomp||LifeOrb|RoughSkin|DragonClaw,Earthquake,StompingTantrum,Protect|||M|||50|,,,,,Ground]Weezing-Galar||FocusSash|NeutralizingGas|Protect,SludgeBomb,Taunt,StrangeSteam|||F|||50|,,,,,Flying]Archaludon||PowerHerb|Sturdy|ElectroShot,Thunderbolt,DracoMeteor,Protect|||F|||50|,,,,,Electric]Gholdengo||ChoiceSpecs|GoodasGold|ShadowBall,DazzlingGleam,PowerGem,MakeItRain||||||50|,,,,,Fairy]Talonflame||CovertCloak|GaleWings|Tailwind,DualWingbeat,Taunt,FlareBlitz|||M|||50|,,,,,Stellar]Annihilape||AssaultVest|Defiant|CloseCombat,RageFist,FinalGambit,IcePunch|||M|||50|,,,,,Grass
|inactive|Battle timer is ON: inactive players will automatically lose when time's up. (requested by bluntmaster9000)
|inactive|bluntmaster9000 has 60 seconds left.
|inactive|Gentlefish has 60 seconds left.
|inactive|Gentlefish has 30 seconds left.
|inactive|Gentlefish has 20 seconds left.
|inactive|Gentlefish has 15 seconds left.
|inactive|Gentlefish has 10 seconds left.
|
|t:|1756582118
|teamsize|p1|4
|teamsize|p2|4
|start
|switch|p1a: Sneasler|Sneasler, L50, M|100/100
|switch|p1b: Volcarona|Volcarona, L50, M|100/100
|switch|p2a: Gholdengo|Gholdengo, L50|100/100
|switch|p2b: Talonflame|Talonflame, L50, M|100/100
|turn|1
|inactive|bluntmaster9000 has 30 seconds left.
|inactive|bluntmaster9000 has 20 seconds left.
|inactive|bluntmaster9000 has 15 seconds left.
|inactive|bluntmaster9000 has 10 seconds left.
|
|t:|1756582165
|move|p2b: Talonflame|Tailwind|p2b: Talonflame
|-sidestart|p2: Gentlefish|move: Tailwind
|move|p2a: Gholdengo|Power Gem|p1b: Volcarona
|-supereffective|p1b: Volcarona
|-damage|p1b: Volcarona|0 fnt
|faint|p1b: Volcarona
|move|p1a: Sneasler|Dire Claw|p2b: Talonflame
|-damage|p2b: Talonflame|33/100
|
|upkeep
|
|t:|1756582180
|switch|p1b: Tyranitar|Tyranitar, L50, M|100/100
|-weather|Sandstorm|[from] ability: Sand Stream|[of] p1b: Tyranitar
|turn|2
|j| entei enthusiast
|l| entei enthusiast
|inactive|Gentlefish has 30 seconds left.
|
|t:|1756582214
|switch|p2a: Annihilape|Annihilape, L50, M|100/100
|move|p1a: Sneasler|Protect|p1a: Sneasler
|-singleturn|p1a: Sneasler|Protect
|move|p2b: Talonflame|Dual Wingbeat|p1a: Sneasler
|-activate|p1a: Sneasler|move: Protect
|move|p1b: Tyranitar|Rock Blast|p2b: Talonflame
|-supereffective|p2b: Talonflame
|-damage|p2b: Talonflame|0 fnt
|faint|p2b: Talonflame
|-hitcount|p2: Talonflame|1
|
|-weather|Sandstorm|[upkeep]
|-damage|p2a: Annihilape|94/100|[from] Sandstorm
|-damage|p1a: Sneasler|95/100|[from] Sandstorm
|upkeep
|
|t:|1756582222
|switch|p2b: Gholdengo|Gholdengo, L50|100/100
|turn|3
|
|t:|1756582244
|-terastallize|p1b: Tyranitar|Ghost
|move|p2a: Annihilape|Close Combat|p1b: Tyranitar
|-immune|p1b: Tyranitar
|move|p2b: Gholdengo|Shadow Ball|p1b: Tyranitar
|-supereffective|p1b: Tyranitar
|-damage|p1b: Tyranitar|0 fnt
|faint|p1b: Tyranitar
|move|p1a: Sneasler|Dire Claw|p2a: Annihilape
|-resisted|p2a: Annihilape
|-damage|p2a: Annihilape|71/100
|-status|p2a: Annihilape|slp
|
|-weather|Sandstorm|[upkeep]
|-damage|p2a: Annihilape|64/100 slp|[from] Sandstorm
|-damage|p1a: Sneasler|89/100|[from] Sandstorm
|upkeep
|
|t:|1756582256
|switch|p1b: Salamence|Salamence, L50, M|100/100
|-ability|p1b: Salamence|Intimidate|boost
|-unboost|p2a: Annihilape|atk|1
|-ability|p2a: Annihilape|Defiant|boost
|-boost|p2a: Annihilape|atk|2
|-unboost|p2b: Gholdengo|atk|1
|turn|4
|
|t:|1756582267
|cant|p2a: Annihilape|slp
|move|p2b: Gholdengo|Shadow Ball|p1b: Salamence
|-damage|p1b: Salamence|46/100
|move|p1a: Sneasler|Dire Claw|p2a: Annihilape
|-resisted|p2a: Annihilape
|-damage|p2a: Annihilape|40/100 slp
|move|p1b: Salamence|Heat Wave|p2a: Annihilape|[spread] p2a,p2b
|-supereffective|p2b: Gholdengo
|-damage|p2a: Annihilape|25/100 slp
|-damage|p2b: Gholdengo|43/100
|
|-weather|Sandstorm|[upkeep]
|-damage|p2a: Annihilape|19/100 slp|[from] Sandstorm
|-damage|p1a: Sneasler|83/100|[from] Sandstorm
|-damage|p1b: Salamence|40/100|[from] Sandstorm
|-sideend|p2: Gentlefish|move: Tailwind
|upkeep
|turn|5
|inactive|Gentlefish has 30 seconds left.
|
|t:|1756582299
|move|p1a: Sneasler|Dire Claw|p2a: Annihilape
|-resisted|p2a: Annihilape
|-damage|p2a: Annihilape|0 fnt
|faint|p2a: Annihilape
|move|p1b: Salamence|Heat Wave|p2b: Gholdengo
|-supereffective|p2b: Gholdengo
|-damage|p2b: Gholdengo|0 fnt
|faint|p2b: Gholdengo
|
|-weather|Sandstorm|[upkeep]
|-damage|p1a: Sneasler|77/100|[from] Sandstorm
|-damage|p1b: Salamence|34/100|[from] Sandstorm
|upkeep
|
|t:|1756582305
|switch|p2b: Garchomp|Garchomp, L50, M|100/100
|turn|6
|inactive|bluntmaster9000 has 30 seconds left.
|inactive|Gentlefish has 30 seconds left.
|inactive|bluntmaster9000 has 20 seconds left.
|
|t:|1756582344
|move|p1a: Sneasler|Close Combat|p2b: Garchomp
|-damage|p2b: Garchomp|27/100
|-unboost|p1a: Sneasler|def|1
|-unboost|p1a: Sneasler|spd|1
|-damage|p1a: Sneasler|65/100|[from] ability: Rough Skin|[of] p2b: Garchomp
|-enditem|p1a: Sneasler|White Herb
|-clearnegativeboost|p1a: Sneasler|[silent]
|move|p2b: Garchomp|Dragon Claw|p1b: Salamence
|-supereffective|p1b: Salamence
|-damage|p1b: Salamence|0 fnt
|faint|p1b: Salamence
|-damage|p2b: Garchomp|17/100|[from] item: Life Orb
|
|-weather|none
|upkeep
|turn|7
|
|t:|1756582354
|move|p1a: Sneasler|Close Combat|p2b: Garchomp
|-damage|p2b: Garchomp|0 fnt
|-unboost|p1a: Sneasler|def|1
|-unboost|p1a: Sneasler|spd|1
|-damage|p1a: Sneasler|53/100|[from] ability: Rough Skin|[of] p2b: Garchomp
|faint|p2b: Garchomp
|
|win|bluntmaster9000
||Gentlefish is ready for game 2.
||bluntmaster9000 is ready for game 2.
|uhtml|next|Next: Game 2 of 3
