|j|☆protectthyking34
|j|☆mazto
|html|protectthyking34mazto    
|uhtml|bestof|Game 2 of a best-of-3
|t:|1785083376
|gametype|doubles
|player|p1|protectthyking34|rocketgrunt|1234
|player|p2|mazto|hilbert|1205
|gen|9
|tier|[Gen 9 Champions] VGC 2026 Reg M-B (Bo3)
|rated|
|rule|Species Clause: Limit one of each Pokémon
|rule|Item Clause: Limit 1 of each item
|clearpoke
|poke|p1|Delphox, L50, F|
|poke|p1|Incineroar, L50, F|
|poke|p1|Sneasler, L50, M|
|poke|p1|Sinistcha, L50|
|poke|p1|Kingambit, L50, M|
|poke|p1|Blastoise, L50, M|
|poke|p2|Charizard, L50, M|
|poke|p2|Aerodactyl, L50, F|
|poke|p2|Sylveon, L50, F|
|poke|p2|Kingambit, L50, M|
|poke|p2|Farigiraf, L50, M|
|poke|p2|Garchomp, L50, F|
|teampreview|4
|showteam|p1|Delphox||Delphoxite|Blaze|NastyPlot,Protect,Psyshock,HeatWave|Timid||F|||50|]Incineroar||SitrusBerry|Intimidate|FakeOut,PartingShot,FlareBlitz,DarkestLariat|Impish||F|||50|]Sneasler||FocusSash|PoisonTouch|GunkShot,FakeOut,CloseCombat,QuickGuard|Jolly||M|||50|]Sinistcha||OccaBerry|Hospitality|MatchaGotcha,RagePowder,TrickRoom,Protect|Calm|||||50|]Kingambit||BlackGlasses|Defiant|SuckerPunch,KowtowCleave,LowKick,Protect|Adamant||M|||50|]Blastoise||Blastoisinite|RainDish|ShellSmash,WaterSpout,DarkPulse,Protect|Timid||M|||50|
|showteam|p2|Charizard||CharizarditeY|Blaze|HeatWave,SolarBeam,WeatherBall,Protect|Modest||M|||50|]Aerodactyl||Aerodactylite|RockHead|RockSlide,DualWingbeat,IceFang,Tailwind|Jolly||F|||50|]Sylveon||FairyFeather|Pixilate|HyperVoice,HyperBeam,QuickAttack,Protect|Modest||F|||50|]Kingambit||FocusSash|Defiant|KowtowCleave,IronHead,SuckerPunch,LowKick|Adamant||M|||50|]Farigiraf||SitrusBerry|ArmorTail|PsychicFangs,Thunderbolt,GrassKnot,TrickRoom|Bold||M|||50|]Garchomp||LifeOrb|RoughSkin|Earthquake,DragonClaw,StompingTantrum,Protect|Jolly||F|||50|
|inactive|Battle timer is ON: inactive players will automatically lose when time's up. (requested by mazto)
|inactive|protectthyking34 has 60 seconds left.
|
|t:|1785083423
|teamsize|p1|4
|teamsize|p2|4
|start
|switch|p1a: Blastoise|Blastoise, L50, M|100/100
|switch|p1b: Sneasler|Sneasler, L50, M|100/100
|switch|p2a: Charizard|Charizard, L50, M|100/100
|switch|p2b: Farigiraf|Farigiraf, L50, M|100/100
|turn|1
|
|t:|1785083445
|detailschange|p1a: Blastoise|Blastoise-Mega, L50, M
|-mega|p1a: Blastoise|Blastoise|Blastoisinite
|detailschange|p2a: Charizard|Charizard-Mega-Y, L50, M
|-mega|p2a: Charizard|Charizard|Charizardite Y
|-weather|SunnyDay|[from] ability: Drought|[of] p2a: Charizard
|move|p1b: Sneasler|Gunk Shot|p2b: Farigiraf
|-damage|p2b: Farigiraf|55/100
|-status|p2b: Farigiraf|psn
|move|p1a: Blastoise|Water Spout|p2b: Farigiraf|[spread] p2a,p2b
|-supereffective|p2a: Charizard|1
|-damage|p2a: Charizard|43/100
|-damage|p2b: Farigiraf|26/100 psn
|-enditem|p2b: Farigiraf|Sitrus Berry|[eat]
|-heal|p2b: Farigiraf|51/100 psn|[from] item: Sitrus Berry
|move|p2a: Charizard|Solar Beam||[still]
|-prepare|p2a: Charizard|Solar Beam
|-anim|p2a: Charizard|Solar Beam|p1a: Blastoise
|-supereffective|p1a: Blastoise|1
|-damage|p1a: Blastoise|3/100
|move|p2b: Farigiraf|Trick Room|p2b: Farigiraf
|-fieldstart|move: Trick Room|[of] p2b: Farigiraf
|
|-weather|SunnyDay|[upkeep]
|-damage|p2b: Farigiraf|38/100 psn|[from] psn
|upkeep
|turn|2
|
|t:|1785083468
|switch|p1a: Incineroar|Incineroar, L50, F|100/100
|-ability|p1a: Incineroar|Intimidate|boost
|-unboost|p2a: Charizard|atk|1
|-unboost|p2b: Farigiraf|atk|1
|switch|p1b: Sinistcha|Sinistcha, L50|100/100
|move|p2b: Farigiraf|Psychic Fangs|p1b: Sinistcha
|-damage|p1b: Sinistcha|85/100
|move|p2a: Charizard|Heat Wave|p1a: Incineroar|[spread] p1a
|-miss|p2a: Charizard|p1b: Sinistcha
|-resisted|p1a: Incineroar|1
|-damage|p1a: Incineroar|75/100
|
|-weather|SunnyDay|[upkeep]
|-damage|p2b: Farigiraf|26/100 psn|[from] psn
|upkeep
|turn|3
|inactive|mazto has 30 seconds left.
|
|t:|1785083499
|switch|p2b: Sylveon|Sylveon, L50, F|100/100
|move|p1a: Incineroar|Darkest Lariat|p2a: Charizard
|-damage|p2a: Charizard|9/100
|move|p1b: Sinistcha|Matcha Gotcha|p2a: Charizard|[spread] p2a,p2b
|-resisted|p2a: Charizard|2
|-crit|p2b: Sylveon
|-damage|p2a: Charizard|3/100
|-heal|p1b: Sinistcha|88/100|[from] drain|[of] p2a: Charizard
|-damage|p2b: Sylveon|68/100
|-heal|p1b: Sinistcha|100/100|[from] drain|[of] p2b: Sylveon
|move|p2a: Charizard|Weather Ball|p1b: Sinistcha
|-supereffective|p1b: Sinistcha|1
|-enditem|p1b: Sinistcha|Occa Berry|[eat]
|-enditem|p1b: Sinistcha|Occa Berry|[weaken]
|-damage|p1b: Sinistcha|28/100
|
|-weather|SunnyDay|[upkeep]
|upkeep
|turn|4
|inactive|mazto has 30 seconds left.
|
|t:|1785083525
|move|p2a: Charizard|Protect|p2a: Charizard
|-singleturn|p2a: Charizard|Protect
|move|p1a: Incineroar|Flare Blitz|p2b: Sylveon
|-damage|p2b: Sylveon|0 fnt
|faint|p2b: Sylveon
|-damage|p1a: Incineroar|55/100|[from] Recoil
|move|p1b: Sinistcha|Matcha Gotcha|p2a: Charizard
|-activate|p2a: Charizard|move: Protect
|
|-weather|SunnyDay|[upkeep]
|upkeep
|
|t:|1785083537
|switch|p2b: Farigiraf|Farigiraf, L50, M|26/100 psn
|turn|5
|
|t:|1785083553
|move|p2b: Farigiraf|Thunderbolt|p1a: Incineroar
|-damage|p1a: Incineroar|35/100
|-status|p1a: Incineroar|par
|-enditem|p1a: Incineroar|Sitrus Berry|[eat]
|-heal|p1a: Incineroar|59/100 par|[from] item: Sitrus Berry
|move|p1a: Incineroar|Darkest Lariat|p2b: Farigiraf
|-supereffective|p2b: Farigiraf|1
|-damage|p2b: Farigiraf|0 fnt
|faint|p2b: Farigiraf
|move|p1b: Sinistcha|Matcha Gotcha|p2a: Charizard
|-resisted|p2a: Charizard|2
|-damage|p2a: Charizard|0 fnt
|-heal|p1b: Sinistcha|30/100|[from] drain|[of] p2a: Charizard
|faint|p2a: Charizard
|
|-weather|none
|-fieldend|move: Trick Room
|upkeep
|
|t:|1785083565
|switch|p2b: Kingambit|Kingambit, L50, M|100/100
|turn|6
|-message|mazto forfeited.
|
|win|protectthyking34
|raw|protectthyking34's rating: 1234 → 1257(+23 for winning)
|raw|mazto's rating: 1205 → 1182(-23 for losing)
|l|☆mazto
|player|p2|
