|j|☆KingNoahC17
|j|☆castoriceball
|html|KingNoahC17castoriceball    
|uhtml|bestof|Game 1 of a best-of-3
|t:|1785142702
|gametype|doubles
|player|p1|KingNoahC17|101|
|player|p2|castoriceball|miku-flying|
|gen|9
|tier|[Gen 9 Champions] VGC 2026 Reg M-B (Bo3)
|rule|Species Clause: Limit one of each Pokémon
|rule|Item Clause: Limit 1 of each item
|clearpoke
|poke|p1|Grimmsnarl, L50, M|
|poke|p1|Scovillain, L50, M|
|poke|p1|Kommo-o, L50, M|
|poke|p1|Metagross, L50|
|poke|p1|Milotic, L50, F|
|poke|p1|Hydreigon, L50, F|
|poke|p2|Glimmora, L50, M, shiny|
|poke|p2|Ninetales-Alola, L50, F, shiny|
|poke|p2|Talonflame, L50, M, shiny|
|poke|p2|Basculegion, L50, M, shiny|
|poke|p2|Kommo-o, L50, M, shiny|
|poke|p2|Kingambit, L50, F, shiny|
|teampreview|4
|showteam|p1|Grimmsnarl||LightClay|Prankster|Reflect,LightScreen,PartingShot,SpiritBreak|Careful||M|||50|]Scovillain||Scovillainite|Chlorophyll|RagePowder,Protect,Overheat,GigaDrain|Bold||M|||50|]Kommo-o||SitrusBerry|Soundproof|ClangingScales,Protect,ClangorousSoul,AuraSphere|Modest||M|||50|]Metagross||Metagrossite|ClearBody|Protect,PsychicFangs,IronHead,StompingTantrum|Jolly|||||50|]Milotic||Leftovers|Competitive|MuddyWater,Hypnosis,Coil,Recover|Calm||F|||50|]Hydreigon||ChoiceScarf|Levitate|DracoMeteor,DarkPulse,Snarl,EarthPower|Modest||F|||50|
|showteam|p2|Glimmora||Glimmoranite|ToxicDebris|PowerGem,SludgeBomb,EarthPower,SpikyShield|Modest||M|||50|]Ninetales-Alola||NeverMeltIce|SnowWarning|Blizzard,FreezeDry,Encore,Protect|Timid||F|||50|]Talonflame||SharpBeak|GaleWings|DualWingbeat,FlareBlitz,Tailwind,Protect|Jolly||M|||50|]Basculegion||ChoiceScarf|Adaptability|WaveCrash,AquaJet,FlipTurn,LastRespects|Jolly||M|||50|]Kommo-o||LifeOrb|Overcoat|ClangingScales,DracoMeteor,AuraSphere,Protect|Modest||M|||50|]Kingambit||FocusSash|Defiant|SuckerPunch,KowtowCleave,IronHead,LowKick|Adamant||F|||50|
|inactive|Battle timer is ON: inactive players will automatically lose when time's up. (requested by KingNoahC17)
|inactive|KingNoahC17 has 60 seconds left.
|inactive|castoriceball has 60 seconds left.
|inactive|castoriceball has 30 seconds left.
|
|t:|1785142766
|teamsize|p1|4
|teamsize|p2|4
|start
|switch|p1a: Grimmsnarl|Grimmsnarl, L50, M|100/100
|switch|p1b: Milotic|Milotic, L50, F|100/100
|switch|p2a: Nuke.|Glimmora, L50, M, shiny|100/100
|switch|p2b: Komm-OH-NOOO|Kommo-o, L50, M, shiny|100/100
|turn|1
|inactive|KingNoahC17 has 30 seconds left.
|inactive|castoriceball has 30 seconds left.
|inactive|castoriceball has 20 seconds left.
|inactive|castoriceball has 15 seconds left.
|
|t:|1785142810
|switch|p1b: Metagross|Metagross, L50|100/100
|detailschange|p2a: Nuke.|Glimmora-Mega, L50, M, shiny
|-mega|p2a: Nuke.|Glimmora|Glimmoranite
|move|p1a: Grimmsnarl|Light Screen|p1a: Grimmsnarl
|-sidestart|p1: KingNoahC17|move: Light Screen
|move|p2a: Nuke.|Sludge Bomb|p1a: Grimmsnarl
|-supereffective|p1a: Grimmsnarl|1
|-damage|p1a: Grimmsnarl|10/100
|move|p2b: Komm-OH-NOOO|Draco Meteor|p1b: Metagross
|-resisted|p1b: Metagross|1
|-damage|p1b: Metagross|69/100
|-unboost|p2b: Komm-OH-NOOO|spa|2
|-damage|p2b: Komm-OH-NOOO|90/100|[from] item: Life Orb
|
|upkeep
|turn|2
|
|t:|1785142828
|switch|p2a: Cringegambit|Kingambit, L50, F, shiny|100/100
|switch|p2b: Basculegend|Basculegion, L50, M, shiny|100/100
|switch|p1a: Milotic|Milotic, L50, F|100/100
|detailschange|p1b: Metagross|Metagross-Mega, L50
|-mega|p1b: Metagross|Metagross|Metagrossite
|move|p1b: Metagross|Psychic Fangs|p2a: Cringegambit
|-immune|p2a: Cringegambit
|
|upkeep
|turn|3
|inactive|castoriceball has 30 seconds left.
|inactive|KingNoahC17 has 30 seconds left.
|inactive|castoriceball has 20 seconds left.
|
|t:|1785142867
|move|p2b: Basculegend|Flip Turn|p1b: Metagross
|-damage|p1b: Metagross|38/100
|
|t:|1785142876
|switch|p2b: Komm-OH-NOOO|Kommo-o, L50, M, shiny|90/100|[from] Flip Turn
|move|p1b: Metagross|Stomping Tantrum|p2a: Cringegambit
|-supereffective|p2a: Cringegambit|1
|-enditem|p2a: Cringegambit|Focus Sash
|-damage|p2a: Cringegambit|1/100
|move|p1a: Milotic|Muddy Water|p2b: Komm-OH-NOOO|[spread] p2b
|-miss|p1a: Milotic|p2a: Cringegambit
|-resisted|p2b: Komm-OH-NOOO|1
|-damage|p2b: Komm-OH-NOOO|77/100
|-unboost|p2b: Komm-OH-NOOO|accuracy|1
|move|p2a: Cringegambit|Kowtow Cleave|p1b: Metagross
|-supereffective|p1b: Metagross|1
|-damage|p1b: Metagross|0 fnt
|faint|p1b: Metagross
|
|upkeep
|
|t:|1785142890
|switch|p1b: Grimmsnarl|Grimmsnarl, L50, M|10/100
|turn|4
|
|t:|1785142907
|move|p1b: Grimmsnarl|Reflect|p1b: Grimmsnarl
|-sidestart|p1: KingNoahC17|Reflect
|move|p2b: Komm-OH-NOOO|Aura Sphere|p1b: Grimmsnarl
|-damage|p1b: Grimmsnarl|0 fnt
|faint|p1b: Grimmsnarl
|-damage|p2b: Komm-OH-NOOO|68/100|[from] item: Life Orb
|move|p1a: Milotic|Coil|p1a: Milotic
|-boost|p1a: Milotic|atk|1
|-boost|p1a: Milotic|def|1
|-boost|p1a: Milotic|accuracy|1
|move|p2a: Cringegambit|Kowtow Cleave|p1a: Milotic
|-damage|p1a: Milotic|80/100
|
|-heal|p1a: Milotic|86/100|[from] item: Leftovers
|upkeep
|
|t:|1785142910
|switch|p1b: Hydreigon|Hydreigon, L50, F|100/100
|turn|5
|inactive|castoriceball has 30 seconds left.
|inactive|castoriceball has 20 seconds left.
|inactive|KingNoahC17 has 30 seconds left.
|
|t:|1785142957
|move|p2a: Cringegambit|Sucker Punch||[still]
|-fail|p2a: Cringegambit
|move|p1b: Hydreigon|Draco Meteor|p2b: Komm-OH-NOOO
|-supereffective|p2b: Komm-OH-NOOO|1
|-damage|p2b: Komm-OH-NOOO|0 fnt
|-unboost|p1b: Hydreigon|spa|2
|faint|p2b: Komm-OH-NOOO
|move|p1a: Milotic|Coil|p1a: Milotic
|-boost|p1a: Milotic|atk|1
|-boost|p1a: Milotic|def|1
|-boost|p1a: Milotic|accuracy|1
|
|-heal|p1a: Milotic|92/100|[from] item: Leftovers
|upkeep
|
|t:|1785142974
|switch|p2b: Basculegend|Basculegion, L50, M, shiny|100/100
|turn|6
|
|t:|1785142987
|move|p1b: Hydreigon|Draco Meteor|p2b: Basculegend
|-damage|p2b: Basculegend|61/100
|-unboost|p1b: Hydreigon|spa|2
|move|p2b: Basculegend|Last Respects|p1a: Milotic
|-damage|p1a: Milotic|75/100
|move|p1a: Milotic|Muddy Water|p2a: Cringegambit|[spread] p2a,p2b
|-resisted|p2b: Basculegend|1
|-damage|p2a: Cringegambit|0 fnt
|-damage|p2b: Basculegend|48/100
|faint|p2a: Cringegambit
|
|-heal|p1a: Milotic|81/100|[from] item: Leftovers
|upkeep
|
|t:|1785142996
|switch|p2a: Nuke.|Glimmora-Mega, L50, M, shiny|100/100
|turn|7
|
|t:|1785143004
|move|p1b: Hydreigon|Draco Meteor|p2b: Basculegend
|-damage|p2b: Basculegend|18/100
|-unboost|p1b: Hydreigon|spa|2
|move|p2b: Basculegend|Last Respects|p1a: Milotic
|-damage|p1a: Milotic|52/100
|move|p2a: Nuke.|Sludge Bomb|p1a: Milotic
|-damage|p1a: Milotic|18/100
|move|p1a: Milotic|Muddy Water|p2a: Nuke.|[spread] p2a,p2b
|-supereffective|p2a: Nuke.|1
|-resisted|p2b: Basculegend|1
|-damage|p2a: Nuke.|51/100
|-damage|p2b: Basculegend|5/100
|-unboost|p2a: Nuke.|accuracy|1
|
|-heal|p1a: Milotic|24/100|[from] item: Leftovers
|upkeep
|turn|8
|
|t:|1785143022
|move|p1b: Hydreigon|Draco Meteor|p2a: Nuke.
|-damage|p2a: Nuke.|32/100
|move|p2b: Basculegend|Last Respects|p1a: Milotic
|-damage|p1a: Milotic|0 fnt
|faint|p1a: Milotic
|move|p2a: Nuke.|Sludge Bomb|p1b: Hydreigon
|-damage|p1b: Hydreigon|47/100
|-status|p1b: Hydreigon|psn
|
|-damage|p1b: Hydreigon|35/100 psn|[from] psn
|-sideend|p1: KingNoahC17|move: Light Screen
|upkeep
|turn|9
|
|t:|1785143034
|move|p1b: Hydreigon|Draco Meteor|p2b: Basculegend
|-damage|p2b: Basculegend|0 fnt
|faint|p2b: Basculegend
|move|p2a: Nuke.|Sludge Bomb|p1b: Hydreigon
|-damage|p1b: Hydreigon|0 fnt
|faint|p1b: Hydreigon
|
|win|castoriceball
||KingNoahC17 is ready for game 2.
