|j|☆LukarioVGC
|j|☆recantodanumi
|html|LukarioVGCrecantodanumi    
|uhtml|bestof|Game 2 of a best-of-3
|t:|1757859585
|gametype|doubles
|player|p1|LukarioVGC|steven|1106
|player|p2|recantodanumi|roxie|1076
|gen|9
|tier|[Gen 9] VGC 2025 Reg H (Bo3)
|rated|
|rule|Species Clause: Limit one of each Pokémon
|rule|Item Clause: Limit 1 of each item
|clearpoke
|poke|p1|Sneasler, L50, M|
|poke|p1|Kingambit, L50, M|
|poke|p1|Rillaboom, L50, M|
|poke|p1|Dragonite, L50, M|
|poke|p1|Volcarona, L50, M|
|poke|p1|Electabuzz, L50, M|
|poke|p2|Sneasler, L50, F|
|poke|p2|Ursaluna-Bloodmoon, L50, M|
|poke|p2|Rillaboom, L50, F|
|poke|p2|Gholdengo, L50|
|poke|p2|Porygon2, L50|
|poke|p2|Dragonite, L50, M|
|teampreview|4
|showteam|p1|Sneasler||FocusSash|Unburden|DireClaw,CloseCombat,Coaching,FakeOut|||M|||50|,,,,,Stellar]Kingambit||BlackGlasses|Defiant|KowtowCleave,SwordsDance,SuckerPunch,Protect|||M|||50|,,,,,Dark]Rillaboom||AssaultVest|GrassySurge|FakeOut,WoodHammer,GrassyGlide,HighHorsepower|||M|||50|,,,,,Fire]Dragonite||LoadedDice|Multiscale|ScaleShot,ExtremeSpeed,Haze,Protect|||M|||50|,,,,,Fairy]Volcarona||CovertCloak|FlameBody|HeatWave,TeraBlast,QuiverDance,Protect|||M|||50|,,,,,Fairy]Electabuzz||Eviolite|VitalSpirit|Electroweb,FollowMe,Taunt,Protect|||M|||50|,,,,,Ghost
|showteam|p2|Sneasler||FocusSash|Unburden|CloseCombat,DireClaw,FakeOut,Protect|||F|||50|,,,,,Grass]Ursaluna-Bloodmoon||LifeOrb|MindsEye|HyperVoice,EarthPower,BloodMoon,Protect|||M|||50|,,,,,Ghost]Rillaboom||AssaultVest|GrassySurge|WoodHammer,GrassyGlide,FakeOut,HighHorsepower|||F|||50|,,,,,Fire]Gholdengo||Leftovers|GoodasGold|MakeItRain,ShadowBall,NastyPlot,Protect||||||50|,,,,,Water]Porygon2||Eviolite|Download|TeraBlast,IceBeam,Recover,TrickRoom||||||50|,,,,,Ground]Dragonite||LoadedDice|Multiscale|ScaleShot,Protect,Tailwind,StompingTantrum|||M|||50|,,,,,Steel
|inactive|Battle timer is ON: inactive players will automatically lose when time's up. (requested by recantodanumi)
|inactive|LukarioVGC has 60 seconds left.
|
|t:|1757859629
|teamsize|p1|4
|teamsize|p2|4
|start
|switch|p1a: Dragonite|Dragonite, L50, M|100/100
|switch|p1b: Sneasler|Sneasler, L50, M|100/100
|switch|p2a: Megan't|Dragonite, L50, M|100/100
|switch|p2b: LetsGoGamblin|Sneasler, L50, F|100/100
|turn|1
|
|t:|1757859655
|move|p1b: Sneasler|Fake Out|p2a: Megan't
|-damage|p2a: Megan't|93/100
|move|p2b: LetsGoGamblin|Fake Out|p1a: Dragonite
|-damage|p1a: Dragonite|92/100
|cant|p2a: Megan't|flinch
|cant|p1a: Dragonite|flinch
|
|upkeep
|turn|2
|
|t:|1757859673
|move|p2a: Megan't|Protect|p2a: Megan't
|-singleturn|p2a: Megan't|Protect
|move|p1b: Sneasler|Close Combat|p2a: Megan't
|-activate|p2a: Megan't|move: Protect
|move|p2b: LetsGoGamblin|Dire Claw|p1a: Dragonite
|-damage|p1a: Dragonite|45/100
|-status|p1a: Dragonite|par
|move|p1a: Dragonite|Scale Shot|p2b: LetsGoGamblin
|-damage|p2b: LetsGoGamblin|75/100
|-damage|p2b: LetsGoGamblin|48/100
|-damage|p2b: LetsGoGamblin|22/100
|-crit|p2b: LetsGoGamblin
|-damage|p2b: LetsGoGamblin|0 fnt
|faint|p2b: LetsGoGamblin
|-hitcount|p2: LetsGoGamblin|4
|-unboost|p1a: Dragonite|def|1
|-boost|p1a: Dragonite|spe|1
|
|upkeep
|inactive|recantodanumi has 30 seconds left.
|
|t:|1757859706
|switch|p2b: Jesonel|Porygon2, L50|100/100
|-ability|p2b: Jesonel|Download|boost
|-boost|p2b: Jesonel|atk|1
|turn|3
|
|t:|1757859726
|switch|p1b: Kingambit|Kingambit, L50, M, shiny|100/100
|move|p2a: Megan't|Scale Shot|p1a: Dragonite|[miss]
|-miss|p2a: Megan't|p1a: Dragonite
|move|p1a: Dragonite|Scale Shot|p2a: Megan't
|-supereffective|p2a: Megan't
|-damage|p2a: Megan't|60/100
|-supereffective|p2a: Megan't
|-damage|p2a: Megan't|29/100
|-supereffective|p2a: Megan't
|-damage|p2a: Megan't|0 fnt
|faint|p2a: Megan't
|-hitcount|p2: Megan't|3
|-unboost|p1a: Dragonite|def|1
|-boost|p1a: Dragonite|spe|1
|move|p2b: Jesonel|Tera Blast|p1b: Kingambit
|-resisted|p1b: Kingambit
|-damage|p1b: Kingambit|83/100
|
|upkeep
|
|t:|1757859731
|switch|p2a: Freddy5Bear|Ursaluna-Bloodmoon, L50, M|100/100
|turn|4
|inactive|LukarioVGC has 30 seconds left.
|
|t:|1757859760
|-terastallize|p2b: Jesonel|Ground
|move|p1b: Kingambit|Protect|p1b: Kingambit
|-singleturn|p1b: Kingambit|Protect
|move|p1a: Dragonite|Extreme Speed|p2a: Freddy5Bear
|-damage|p2a: Freddy5Bear|76/100
|move|p2a: Freddy5Bear|Hyper Voice|p1b: Kingambit|[spread] p1a
|-activate|p1b: Kingambit|move: Protect
|-damage|p1a: Dragonite|0 fnt
|faint|p1a: Dragonite
|-damage|p2a: Freddy5Bear|66/100|[from] item: Life Orb
|move|p2b: Jesonel|Tera Blast|p1b: Kingambit|[anim] Tera Blast Ground
|-activate|p1b: Kingambit|move: Protect
|
|upkeep
|
|t:|1757859778
|switch|p1a: Sneasler|Sneasler, L50, M|100/100
|turn|5
|
|t:|1757859788
|-terastallize|p1b: Kingambit|Dark
|move|p1a: Sneasler|Fake Out|p2b: Jesonel
|-damage|p2b: Jesonel|93/100
|move|p1b: Kingambit|Swords Dance|p1b: Kingambit
|-boost|p1b: Kingambit|atk|2
|move|p2a: Freddy5Bear|Earth Power|p1b: Kingambit
|-damage|p1b: Kingambit|8/100
|-unboost|p1b: Kingambit|spd|1
|-ability|p1b: Kingambit|Defiant|boost
|-boost|p1b: Kingambit|atk|2
|-damage|p2a: Freddy5Bear|56/100|[from] item: Life Orb
|cant|p2b: Jesonel|flinch
|
|upkeep
|turn|6
|
|t:|1757859807
|move|p2a: Freddy5Bear|Protect|p2a: Freddy5Bear
|-singleturn|p2a: Freddy5Bear|Protect
|move|p1b: Kingambit|Sucker Punch|p2b: Jesonel
|-damage|p2b: Jesonel|0 fnt
|faint|p2b: Jesonel
|move|p1a: Sneasler|Close Combat|p2a: Freddy5Bear
|-activate|p2a: Freddy5Bear|move: Protect
|
|upkeep
|turn|7
|
|t:|1757859817
|move|p1b: Kingambit|Sucker Punch|p2a: Freddy5Bear
|-damage|p2a: Freddy5Bear|0 fnt
|faint|p2a: Freddy5Bear
|
|win|LukarioVGC
||recantodanumi is ready for game 3.
||LukarioVGC is ready for game 3.
|uhtml|next|Next: Game 3 of 3
|l|☆LukarioVGC
|player|p1|
|l|☆recantodanumi
|player|p2|
|j|☆recantodanumi
|player|p2|recantodanumi|roxie|
