|j|☆merr123
|j|☆Faradayy
|html|merr123Faradayy    
|uhtml|bestof|Game 2 of a best-of-3
|t:|1782427797
|gametype|doubles
|player|p1|merr123|2|1190
|player|p2|Faradayy|170|1100
|gen|9
|tier|[Gen 9 Champions] VGC 2026 Reg M-B (Bo3)
|rated|
|rule|Species Clause: Limit one of each Pokémon
|rule|Item Clause: Limit 1 of each item
|clearpoke
|poke|p1|Sneasler, L50, F|
|poke|p1|Staraptor, L50, F|
|poke|p1|Manectric, L50, M|
|poke|p1|Sinistcha, L50|
|poke|p1|Kingambit, L50, M|
|poke|p1|Mamoswine, L50, M|
|poke|p2|Pyroar, L50, F|
|poke|p2|Torkoal, L50, F|
|poke|p2|Vileplume, L50, M|
|poke|p2|Sableye, L50, M|
|poke|p2|Aerodactyl, L50, M|
|poke|p2|Garchomp, L50, F|
|teampreview|4
|showteam|p1|Sneasler||FocusSash|PoisonTouch|FakeOut,CloseCombat,DireClaw,Coaching|Jolly||F|||50|]Staraptor||Staraptite|Intimidate|CloseCombat,BraveBird,Tailwind,Protect|Adamant||F|||50|]Manectric||Manectite|LightningRod|Thunderbolt,Snarl,VoltSwitch,Protect|Timid||M|||50|]Sinistcha||SitrusBerry|Hospitality|MatchaGotcha,RagePowder,TrickRoom,Protect|Calm|||||50|]Kingambit||BlackGlasses|Defiant|SwordsDance,KowtowCleave,SuckerPunch,Protect|Adamant||M|||50|]Mamoswine||ChoiceScarf|Oblivious|IcicleCrash,Earthquake,IceShard,HighHorsepower|Jolly||M|||50|
|showteam|p2|Pyroar||Pyroarite|Unnerve|HeatWave,Overheat,SolarBeam,Protect|Timid||F|||50|]Torkoal||Charcoal|Drought|Eruption,WeatherBall,HelpingHand,Protect|Modest||F|||50|]Vileplume||FocusSash|Chlorophyll|SludgeBomb,AfterYou,SleepPowder,SolarBeam|Modest||M|||50|]Sableye||SitrusBerry|Prankster|Taunt,SunnyDay,Quash,FakeOut|Sassy||M|||50|]Aerodactyl||Aerodactylite|RockHead|Tailwind,RockSlide,DualWingbeat,Protect|Jolly||M|||50|]Garchomp||LifeOrb|SandVeil|DragonClaw,Earthquake,RockSlide,Protect|Jolly||F|||50|
|inactive|Battle timer is ON: inactive players will automatically lose when time's up. (requested by merr123)
|
|t:|1782427814
|teamsize|p1|4
|teamsize|p2|4
|start
|switch|p1a: Sneasler|Sneasler, L50, F|100/100
|switch|p1b: Staraptor|Staraptor, L50, F|100/100
|switch|p2a: Torkoal|Torkoal, L50, F|100/100
|switch|p2b: Pyroar|Pyroar, L50, F|100/100
|-ability|p2b: Pyroar|Unnerve
|-ability|p1b: Staraptor|Intimidate|boost
|-unboost|p2a: Torkoal|atk|1
|-unboost|p2b: Pyroar|atk|1
|-weather|SunnyDay|[from] ability: Drought|[of] p2a: Torkoal
|turn|1
|
|t:|1782427830
|detailschange|p1b: Staraptor|Staraptor-Mega, L50, F
|-mega|p1b: Staraptor|Staraptor|Staraptite
|move|p2b: Pyroar|Protect|p2b: Pyroar
|-singleturn|p2b: Pyroar|Protect
|move|p1a: Sneasler|Fake Out|p2b: Pyroar
|-activate|p2b: Pyroar|move: Protect
|move|p1b: Staraptor|Tailwind|p1b: Staraptor
|-sidestart|p1: merr123|move: Tailwind
|move|p2a: Torkoal|Eruption|p1b: Staraptor|[spread] p1a,p1b
|-enditem|p1a: Sneasler|Focus Sash
|-damage|p1a: Sneasler|1/100
|-damage|p1b: Staraptor|16/100
|
|-weather|SunnyDay|[upkeep]
|upkeep
|turn|2
|
|t:|1782427848
|switch|p2b: Sableye|Sableye, L50, M|100/100
|move|p1a: Sneasler|Close Combat|p2a: Torkoal
|-damage|p2a: Torkoal|53/100
|-unboost|p1a: Sneasler|def|1
|-unboost|p1a: Sneasler|spd|1
|-status|p2a: Torkoal|psn|[from] ability: Poison Touch|[of] p1a: Sneasler
|move|p1b: Staraptor|Close Combat|p2a: Torkoal
|-damage|p2a: Torkoal|1/100 psn
|-boost|p1b: Staraptor|def|1
|-boost|p1b: Staraptor|spd|1
|move|p2a: Torkoal|Eruption|p1b: Staraptor|[spread] p1a,p1b
|-damage|p1a: Sneasler|0 fnt
|-damage|p1b: Staraptor|16/100
|faint|p1a: Sneasler
|
|-weather|SunnyDay|[upkeep]
|-damage|p2a: Torkoal|0 fnt|[from] psn
|faint|p2a: Torkoal
|upkeep
|
|t:|1782427870
|switch|p1a: Mamoswine|Mamoswine, L50, M|100/100
|switch|p2a: Pyroar|Pyroar, L50, F|100/100
|-ability|p2a: Pyroar|Unnerve
|turn|3
|
|t:|1782427895
|move|p1b: Staraptor|Protect|p1b: Staraptor
|-singleturn|p1b: Staraptor|Protect
|move|p2a: Pyroar|Protect|p2a: Pyroar
|-singleturn|p2a: Pyroar|Protect
|move|p2b: Sableye|Fake Out|p1a: Mamoswine
|-damage|p1a: Mamoswine|91/100
|cant|p1a: Mamoswine|flinch
|
|-weather|SunnyDay|[upkeep]
|upkeep
|turn|4
|
|t:|1782427916
|switch|p2a: Vileplume|Vileplume, L50, M|100/100
|move|p2b: Sableye|Taunt|p1b: Staraptor
|-start|p1b: Staraptor|move: Taunt
|move|p1a: Mamoswine|Earthquake|p2b: Sableye|[spread] p2a,p2b
|-immune|p1b: Staraptor
|-damage|p2a: Vileplume|43/100
|-damage|p2b: Sableye|47/100
|-enditem|p2b: Sableye|Sitrus Berry|[eat]
|-heal|p2b: Sableye|72/100|[from] item: Sitrus Berry
|move|p1b: Staraptor|Close Combat|p2a: Vileplume
|-resisted|p2a: Vileplume|1
|-damage|p2a: Vileplume|0 fnt
|-boost|p1b: Staraptor|def|1
|-boost|p1b: Staraptor|spd|1
|faint|p2a: Vileplume
|
|-weather|SunnyDay|[upkeep]
|-sideend|p1: merr123|move: Tailwind
|upkeep
|
|t:|1782427931
|switch|p2a: Pyroar|Pyroar, L50, F|100/100
|-ability|p2a: Pyroar|Unnerve
|turn|5
|
|t:|1782427943
|switch|p1a: Sinistcha|Sinistcha, L50|100/100
|-heal|p1b: Staraptor|40/100|[from] ability: Hospitality|[of] p1a: Sinistcha
|detailschange|p2a: Pyroar|Pyroar-Mega, L50, F
|-mega|p2a: Pyroar|Pyroar|Pyroarite
|move|p2b: Sableye|Quash||[still]
|-fail|p2b: Sableye
|move|p2a: Pyroar|Heat Wave|p1a: Sinistcha|[spread] p1a
|-miss|p2a: Pyroar|p1b: Staraptor
|-supereffective|p1a: Sinistcha|1
|-damage|p1a: Sinistcha|0 fnt
|faint|p1a: Sinistcha
|move|p1b: Staraptor|Close Combat|p2a: Pyroar
|-supereffective|p2a: Pyroar|1
|-damage|p2a: Pyroar|0 fnt
|-boost|p1b: Staraptor|def|1
|-boost|p1b: Staraptor|spd|1
|faint|p2a: Pyroar
|
|-weather|none
|upkeep
|
|t:|1782427952
|switch|p1a: Mamoswine|Mamoswine, L50, M|91/100
|turn|6
|c|☆Faradayy|...
|-message|Faradayy forfeited.
|raw|merr123's rating: 1190 → 1209(+19 for winning)
|raw|Faradayy's rating: 1100 → 1081(-19 for losing)
|
|win|merr123
|l|☆Faradayy
|player|p2|
