|j|☆hitmononnichan
|j|☆just for fun fren
|html|hitmononnichanjust for fun fren    
|uhtml|bestof|Game 1 of a best-of-3
|t:|1756152159
|gametype|doubles
|player|p1|hitmononnichan|nate|1216
|player|p2|just for fun fren|colress|1114
|gen|9
|tier|[Gen 9] VGC 2025 Reg H (Bo3)
|rated|
|rule|Species Clause: Limit one of each Pokémon
|rule|Item Clause: Limit 1 of each item
|clearpoke
|poke|p1|Sneasler, L50, F|
|poke|p1|Indeedee, L50, M|
|poke|p1|Volcarona, L50, F|
|poke|p1|Ursaluna-Bloodmoon, L50, M|
|poke|p1|Annihilape, L50, M|
|poke|p1|Tyranitar, L50, M|
|poke|p2|Gholdengo, L50|
|poke|p2|Primarina, L50, F|
|poke|p2|Sneasler, L50, F|
|poke|p2|Rillaboom, L50, F|
|poke|p2|Incineroar, L50, F|
|poke|p2|Dragonite, L50, M|
|teampreview|4
|showteam|p1|Sneasler||PsychicSeed|Unburden|CloseCombat,DireClaw,ThroatChop,Protect|||F|||50|,,,,,Dark]Indeedee||ChoiceScarf|PsychicSurge|ExpandingForce,TeraBlast,Trick,Protect|||M|||50|,,,,,Psychic]Volcarona||SitrusBerry|FlameBody|Overheat,StruggleBug,RagePowder,Tailwind|||F|||50|,,,,,Grass]Ursaluna-Bloodmoon||LifeOrb|MindsEye|BloodMoon,HyperVoice,EarthPower,Protect|||M|||50|,,,,,Normal]Annihilape||SafetyGoggles|Defiant|CloseCombat,RageFist,Taunt,FinalGambit|||M|||50|,,,,,Fairy]Tyranitar||AssaultVest|SandStream|RockSlide,KnockOff,TeraBlast,LowKick|||M|||50|,,,,,Flying
|showteam|p2|Gholdengo||ChoiceScarf|GoodasGold|MakeItRain,ShadowBall,Protect,Trick||||||50|,,,,,Steel]Primarina||GrassySeed|LiquidVoice|HyperVoice,Moonblast,CalmMind,Protect|||F|||50|,,,,,Poison]Sneasler||FocusSash|PoisonTouch|DireClaw,CloseCombat,ThroatChop,Protect|||F|||50|,,,,,Dark]Rillaboom||AssaultVest|GrassySurge|WoodHammer,GrassyGlide,HighHorsepower,FakeOut|||F|||50|,,,,,Fire]Incineroar||SafetyGoggles|Intimidate|FlareBlitz,KnockOff,PartingShot,FakeOut|||F|||50|,,,,,Ghost]Dragonite||LoadedDice|Multiscale|ScaleShot,StompingTantrum,Tailwind,Protect|||M|||50|,,,,,Steel
|c|☆just for fun fren|glhf
|c|☆hitmononnichan|u 2
|inactive|Battle timer is ON: inactive players will automatically lose when time's up. (requested by hitmononnichan)
|
|t:|1756152215
|teamsize|p1|4
|teamsize|p2|4
|start
|switch|p1a: Volcarona|Volcarona, L50, F|100/100
|switch|p1b: Tyranitar|Tyranitar, L50, M|100/100
|switch|p2a: Gholdengo|Gholdengo, L50|100/100
|switch|p2b: Rillaboom|Rillaboom, L50, F|100/100
|-fieldstart|move: Grassy Terrain|[from] ability: Grassy Surge|[of] p2b: Rillaboom
|-weather|Sandstorm|[from] ability: Sand Stream|[of] p1b: Tyranitar
|turn|1
|inactive|just for fun fren has 30 seconds left.
|
|t:|1756152250
|switch|p2a: Incineroar|Incineroar, L50, F|100/100
|-ability|p2a: Incineroar|Intimidate|boost
|-unboost|p1a: Volcarona|atk|1
|-unboost|p1b: Tyranitar|atk|1
|switch|p1b: Indeedee|Indeedee, L50, M|100/100
|-fieldstart|move: Psychic Terrain|[from] ability: Psychic Surge|[of] p1b: Indeedee
|move|p2b: Rillaboom|Fake Out|p1b: Indeedee
|-activate|p1b: Indeedee|move: Psychic Terrain
|move|p1a: Volcarona|Overheat|p2a: Incineroar
|-resisted|p2a: Incineroar
|-damage|p2a: Incineroar|79/100
|-unboost|p1a: Volcarona|spa|2
|
|-weather|Sandstorm|[upkeep]
|-damage|p1b: Indeedee|95/100|[from] Sandstorm
|-damage|p1a: Volcarona|94/100|[from] Sandstorm
|-damage|p2b: Rillaboom|95/100|[from] Sandstorm
|upkeep
|turn|2
|
|t:|1756152275
|switch|p1b: Tyranitar|Tyranitar, L50, M|100/100
|switch|p2b: Gholdengo|Gholdengo, L50|100/100
|move|p1a: Volcarona|Tailwind|p1a: Volcarona
|-sidestart|p1: hitmononnichan|move: Tailwind
|move|p2a: Incineroar|Knock Off|p1b: Tyranitar
|-resisted|p1b: Tyranitar
|-damage|p1b: Tyranitar|85/100
|-enditem|p1b: Tyranitar|Assault Vest|[from] move: Knock Off|[of] p2a: Incineroar
|
|-weather|Sandstorm|[upkeep]
|-damage|p1a: Volcarona|88/100|[from] Sandstorm
|upkeep
|turn|3
|inactive|hitmononnichan has 30 seconds left.
|inactive|just for fun fren has 30 seconds left.
|
|t:|1756152301
|move|p1a: Volcarona|Overheat|p2b: Gholdengo
|-supereffective|p2b: Gholdengo
|-damage|p2b: Gholdengo|35/100
|-unboost|p1a: Volcarona|spa|2
|move|p2b: Gholdengo|Make It Rain|p1a: Volcarona|[spread] p1a,p1b
|-resisted|p1a: Volcarona
|-crit|p1a: Volcarona
|-supereffective|p1b: Tyranitar
|-damage|p1a: Volcarona|53/100
|-damage|p1b: Tyranitar|27/100
|-unboost|p2b: Gholdengo|spa|1
|move|p1b: Tyranitar|Knock Off|p2b: Gholdengo
|-supereffective|p2b: Gholdengo
|-damage|p2b: Gholdengo|0 fnt
|-enditem|p2b: Gholdengo|Choice Scarf|[from] move: Knock Off|[of] p1b: Tyranitar
|faint|p2b: Gholdengo
|move|p2a: Incineroar|Knock Off|p1a: Volcarona
|-damage|p1a: Volcarona|3/100
|-enditem|p1a: Volcarona|Sitrus Berry|[from] move: Knock Off|[of] p2a: Incineroar
|
|-weather|Sandstorm|[upkeep]
|-damage|p1a: Volcarona|0 fnt|[from] Sandstorm
|faint|p1a: Volcarona
|upkeep
|
|t:|1756152324
|switch|p1a: Sneasler|Sneasler, L50, F|100/100
|switch|p2b: Rillaboom|Rillaboom, L50, F|95/100
|-fieldstart|move: Grassy Terrain|[from] ability: Grassy Surge|[of] p2b: Rillaboom
|turn|4
|inactive|just for fun fren has 30 seconds left.
|inactive|just for fun fren has 20 seconds left.
|
|t:|1756152361
|switch|p1a: Indeedee|Indeedee, L50, M|95/100
|-fieldstart|move: Psychic Terrain|[from] ability: Psychic Surge|[of] p1a: Indeedee
|-terastallize|p1b: Tyranitar|Flying
|move|p1b: Tyranitar|Rock Slide|p2a: Incineroar|[spread] p2a,p2b
|-supereffective|p2a: Incineroar
|-damage|p2a: Incineroar|19/100
|-damage|p2b: Rillaboom|64/100
|move|p2b: Rillaboom|Grassy Glide|p1b: Tyranitar
|-resisted|p1b: Tyranitar
|-damage|p1b: Tyranitar|16/100
|move|p2a: Incineroar|Flare Blitz|p1a: Indeedee
|-damage|p1a: Indeedee|0 fnt
|faint|p1a: Indeedee
|-damage|p2a: Incineroar|0 fnt|[from] Recoil
|faint|p2a: Incineroar
|
|-weather|Sandstorm|[upkeep]
|-damage|p1b: Tyranitar|10/100|[from] Sandstorm
|-damage|p2b: Rillaboom|58/100|[from] Sandstorm
|upkeep
|
|t:|1756152377
|switch|p1a: Sneasler|Sneasler, L50, F|100/100
|switch|p2a: Primarina|Primarina, L50, F|100/100
|-enditem|p1a: Sneasler|Psychic Seed
|-boost|p1a: Sneasler|spd|1|[from] item: Psychic Seed
|turn|5
|
|t:|1756152406
|-terastallize|p2a: Primarina|Poison
|move|p1a: Sneasler|Dire Claw|p2b: Rillaboom
|-supereffective|p2b: Rillaboom
|-damage|p2b: Rillaboom|0 fnt
|faint|p2b: Rillaboom
|move|p1b: Tyranitar|Rock Slide|p2a: Primarina
|-damage|p2a: Primarina|49/100
|move|p2a: Primarina|Hyper Voice|p1b: Tyranitar|[spread] p1a,p1b
|-damage|p1a: Sneasler|67/100
|-damage|p1b: Tyranitar|0 fnt
|faint|p1b: Tyranitar
|
|-weather|none
|-sideend|p1: hitmononnichan|move: Tailwind
|upkeep
|turn|6
|
|t:|1756152421
|move|p1a: Sneasler|Throat Chop|p2a: Primarina
|-damage|p2a: Primarina|17/100
|-start|p2a: Primarina|Throat Chop|[silent]
|move|p2a: Primarina|Moonblast|p1a: Sneasler
|-damage|p1a: Sneasler|19/100
|
|upkeep
|turn|7
|
|t:|1756152427
|move|p1a: Sneasler|Close Combat|p2a: Primarina
|-resisted|p2a: Primarina
|-damage|p2a: Primarina|0 fnt
|-unboost|p1a: Sneasler|def|1
|-unboost|p1a: Sneasler|spd|1
|faint|p2a: Primarina
|
|win|hitmononnichan
||hitmononnichan is ready for game 2.
||just for fun fren is ready for game 2.
|uhtml|next|Next: Game 2 of 3
|l|☆hitmononnichan
|player|p1|
