|j|☆sn000p
|j|☆x-demon18
|html|sn000px-demon18    
|uhtml|bestof|Game 1 of a best-of-3
|t:|1784121730
|gametype|doubles
|player|p1|sn000p|101|1118
|player|p2|x-demon18|lucas|1214
|gen|9
|tier|[Gen 9 Champions] VGC 2026 Reg M-B (Bo3)
|rated|
|rule|Species Clause: Limit one of each Pokémon
|rule|Item Clause: Limit 1 of each item
|clearpoke
|poke|p1|Tyranitar, L50, F|
|poke|p1|Excadrill, L50, M|
|poke|p1|Rotom-Heat, L50|
|poke|p1|Garchomp, L50, M|
|poke|p1|Meowscarada, L50, F|
|poke|p1|Kangaskhan, L50, F|
|poke|p2|Incineroar, L50, M|
|poke|p2|Rotom-Wash, L50|
|poke|p2|Venusaur, L50, M|
|poke|p2|Garchomp, L50, M|
|poke|p2|Corviknight, L50, M|
|poke|p2|Sylveon, L50, F|
|teampreview|4
|showteam|p1|Tyranitar||Tyranitarite|SandStream|DragonDance,Crunch,RockBlast,Protect|Jolly||F|||50|]Excadrill||FocusSash|SandRush|Earthquake,IronHead,RockSlide,Protect|Adamant||M|||50|]Rotom-Heat||Leftovers|Levitate|Discharge,Overheat,VoltSwitch,Protect|Modest|||||50|]Garchomp||ChoiceScarf|RoughSkin|Earthquake,DragonClaw,RockSlide,StompingTantrum|Jolly||M|||50|]Meowscarada||MiracleSeed|Overgrow|FlowerTrick,SuckerPunch,LowKick,Protect|Jolly||F|||50|]Kangaskhan||Kangaskhanite|Scrappy|FakeOut,DoubleEdge,SuckerPunch,DrainPunch|Adamant||F|||50|
|showteam|p2|Incineroar||ExpertBelt|Intimidate|FakeOut,TemperFlare,ThroatChop,PartingShot|Adamant||M|||50|]Rotom-Wash||SitrusBerry|Levitate|HydroPump,Electroweb,WillOWisp,VoltSwitch|Calm|||||50|]Venusaur||Venusaurite|Chlorophyll|GigaDrain,SludgeBomb,EarthPower,Protect|Modest||M|||50|]Garchomp||LifeOrb|RoughSkin|RockSlide,DragonClaw,StompingTantrum,Protect|Jolly||M|||50|]Corviknight||OccaBerry|MirrorArmor|Tailwind,BraveBird,IronHead,BodyPress|Careful||M|||50|]Sylveon||FairyFeather|Pixilate|HyperVoice,QuickAttack,Yawn,Detect|Modest||F|||50|
|inactive|Battle timer is ON: inactive players will automatically lose when time's up. (requested by sn000p)
|inactive|x-demon18 has 60 seconds left.
|
|t:|1784121789
|teamsize|p1|4
|teamsize|p2|4
|start
|switch|p1a: Kangaskhan|Kangaskhan, L50, F|100/100
|switch|p1b: Rotom|Rotom-Heat, L50|100/100
|switch|p2a: Griffith|Corviknight, L50, M|100/100
|switch|p2b: Yggdrasil|Venusaur, L50, M|100/100
|turn|1
|
|t:|1784121812
|switch|p2a: Berserk|Garchomp, L50, M|100/100
|detailschange|p2b: Yggdrasil|Venusaur-Mega, L50, M
|-mega|p2b: Yggdrasil|Venusaur|Venusaurite
|detailschange|p1a: Kangaskhan|Kangaskhan-Mega, L50, F
|-mega|p1a: Kangaskhan|Kangaskhan|Kangaskhanite
|move|p2b: Yggdrasil|Protect|p2b: Yggdrasil
|-singleturn|p2b: Yggdrasil|Protect
|move|p1a: Kangaskhan|Fake Out|p2a: Berserk
|-damage|p2a: Berserk|76/100
|-damage|p1a: Kangaskhan|87/100|[from] ability: Rough Skin|[of] p2a: Berserk
|-damage|p2a: Berserk|71/100
|-damage|p1a: Kangaskhan|75/100|[from] ability: Rough Skin|[of] p2a: Berserk
|-hitcount|p2a: Berserk|2
|move|p1b: Rotom|Overheat|p2a: Berserk
|-resisted|p2a: Berserk|1
|-damage|p2a: Berserk|42/100
|-unboost|p1b: Rotom|spa|2
|
|upkeep
|turn|2
|inactive|x-demon18 has 30 seconds left.
|
|t:|1784121838
|move|p2a: Berserk|Rock Slide|p1a: Kangaskhan|[spread] p1a,p1b
|-supereffective|p1b: Rotom|1
|-damage|p1a: Kangaskhan|55/100
|-damage|p1b: Rotom|55/100
|-damage|p2a: Berserk|32/100|[from] item: Life Orb
|cant|p1a: Kangaskhan|flinch
|move|p2b: Yggdrasil|Sludge Bomb|p1a: Kangaskhan
|-damage|p1a: Kangaskhan|18/100
|-status|p1a: Kangaskhan|psn
|move|p1b: Rotom|Volt Switch|p2b: Yggdrasil
|-resisted|p2b: Yggdrasil|1
|-damage|p2b: Yggdrasil|93/100
|
|t:|1784121853
|switch|p1b: Garchomp|Garchomp, L50, M|100/100|[from] Volt Switch
|
|-damage|p1a: Kangaskhan|6/100 psn|[from] psn
|upkeep
|turn|3
|
|t:|1784121866
|switch|p2b: Griffith|Corviknight, L50, M|100/100
|move|p1b: Garchomp|Earthquake|p2a: Berserk|[spread] p1a,p2a
|-immune|p2b: Griffith
|-damage|p1a: Kangaskhan|0 fnt
|-damage|p2a: Berserk|0 fnt
|faint|p1a: Kangaskhan
|faint|p2a: Berserk
|
|upkeep
|
|t:|1784121879
|switch|p2a: Frieren|Sylveon, L50, F|100/100
|switch|p1a: Rotom|Rotom-Heat, L50|55/100
|turn|4
|
|t:|1784121899
|move|p1b: Garchomp|Earthquake|p2a: Frieren|[spread] p2a
|-immune|p1a: Rotom|[from] ability: Levitate
|-immune|p2b: Griffith
|-damage|p2a: Frieren|63/100
|move|p1a: Rotom|Discharge|p2b: Griffith|[spread] p2a,p2b
|-immune|p1b: Garchomp
|-supereffective|p2b: Griffith|1
|-damage|p2a: Frieren|44/100
|-damage|p2b: Griffith|56/100
|move|p2b: Griffith|Tailwind|p2b: Griffith
|-sidestart|p2: x-demon18|move: Tailwind
|move|p2a: Frieren|Hyper Voice|p1a: Rotom|[spread] p1a,p1b
|-resisted|p1a: Rotom|1
|-supereffective|p1b: Garchomp|1
|-damage|p1a: Rotom|32/100
|-damage|p1b: Garchomp|4/100
|
|-heal|p1a: Rotom|38/100|[from] item: Leftovers
|upkeep
|turn|5
|inactive|x-demon18 has 30 seconds left.
|
|t:|1784121929
|move|p1b: Garchomp|Earthquake|p2a: Frieren|[spread] p2a
|-immune|p1a: Rotom|[from] ability: Levitate
|-immune|p2b: Griffith
|-damage|p2a: Frieren|6/100
|move|p2b: Griffith|Brave Bird|p1a: Rotom
|-resisted|p1a: Rotom|1
|-damage|p1a: Rotom|15/100
|-damage|p2b: Griffith|49/100|[from] Recoil
|move|p2a: Frieren|Hyper Voice|p1a: Rotom|[spread] p1a,p1b
|-resisted|p1a: Rotom|1
|-supereffective|p1b: Garchomp|1
|-damage|p1a: Rotom|0 fnt
|-damage|p1b: Garchomp|0 fnt
|faint|p1a: Rotom
|faint|p1b: Garchomp
|
|upkeep
|
|t:|1784121953
|switch|p1a: Meowscarada|Meowscarada, L50, F|100/100
|turn|6
|
|t:|1784121964
|move|p1a: Meowscarada|Flower Trick|p2a: Frieren
|-crit|p2a: Frieren
|-damage|p2a: Frieren|0 fnt
|faint|p2a: Frieren
|move|p2b: Griffith|Brave Bird|p1a: Meowscarada
|-supereffective|p1a: Meowscarada|1
|-damage|p1a: Meowscarada|0 fnt
|faint|p1a: Meowscarada
|-damage|p2b: Griffith|23/100|[from] Recoil
|
|win|x-demon18
|l|☆sn000p
|player|p1|
||sn000p is ready for game 2.
|inactive|x-demon18 has 30 seconds to confirm battle start!
