|j|☆FlippiFLuppi
|j|☆lettitripppp
|html|FlippiFLuppilettitripppp    
|uhtml|bestof|Game 2 of a best-of-3
|t:|1783803315
|gametype|doubles
|player|p1|FlippiFLuppi|ghetsis|1024
|player|p2|lettitripppp|lucas|1209
|gen|9
|tier|[Gen 9 Champions] VGC 2026 Reg M-B (Bo3)
|rated|
|rule|Species Clause: Limit one of each Pokémon
|rule|Item Clause: Limit 1 of each item
|clearpoke
|poke|p1|Pyroar, L50, F|
|poke|p1|Staraptor, L50, M|
|poke|p1|Torkoal, L50, M|
|poke|p1|Grimmsnarl, L50, M|
|poke|p1|Sinistcha, L50|
|poke|p1|Incineroar, L50, F|
|poke|p2|Charizard, L50, M|
|poke|p2|Basculegion, L50, M|
|poke|p2|Whimsicott, L50, F, shiny|
|poke|p2|Garchomp, L50, M, shiny|
|poke|p2|Floette-Eternal, L50, F|
|poke|p2|Kingambit, L50, F, shiny|
|teampreview|4
|showteam|p1|Pyroar||Pyroarite|Unnerve|HeatWave,Overheat,DarkPulse,Protect|Timid||F|||50|]Staraptor||Staraptite|Intimidate|CloseCombat,DualWingbeat,Protect,Roost|Adamant||M|||50|]Torkoal||Charcoal|Drought|Eruption,Overheat,HelpingHand,Protect|Quiet||M|||50|]Grimmsnarl||LightClay|Prankster|SpiritBreak,Reflect,LightScreen,PartingShot|Adamant||M|||50|]Sinistcha||SitrusBerry|Hospitality|MatchaGotcha,TrickRoom,RagePowder,Protect|Relaxed|||||50|]Incineroar||PasshoBerry|Intimidate|FlareBlitz,DarkestLariat,FakeOut,PartingShot|Careful||F|||50|
|showteam|p2|Charizard||CharizarditeY|Blaze|WeatherBall,SolarBeam,HeatWave,Protect|Modest||M|||50|]Basculegion||MysticWater|Adaptability|LastRespects,WaveCrash,AquaJet,Protect|Adamant||M|||50|]Whimsicott||FocusSash|Prankster|Moonblast,Tailwind,Encore,Protect|Timid||F|||50|]Garchomp||LifeOrb|RoughSkin|DragonClaw,Earthquake,RockSlide,Protect|Jolly||M|||50|]Floette-Eternal||Floettite|FlowerVeil|DazzlingGleam,LightofRuin,Moonblast,Protect|Modest||F|||50|]Kingambit||ChopleBerry|Defiant|KowtowCleave,SuckerPunch,IronHead,LowKick|Adamant||F|||50|
|inactive|Battle timer is ON: inactive players will automatically lose when time's up. (requested by lettitripppp)
|inactive|FlippiFLuppi has 60 seconds left.
|inactive|FlippiFLuppi has 30 seconds left.
|inactive|FlippiFLuppi has 20 seconds left.
|inactive|FlippiFLuppi has 15 seconds left.
|inactive|FlippiFLuppi has 10 seconds left.
|inactive|FlippiFLuppi has 5 seconds left.
|
|t:|1783803406
|teamsize|p1|4
|teamsize|p2|4
|start
|switch|p1a: Pyroar|Pyroar, L50, F|100/100
|switch|p1b: Staraptor|Staraptor, L50, M|100/100
|switch|p2a: AGNI|Charizard, L50, M|100/100
|switch|p2b: LETS GO GO|Whimsicott, L50, F, shiny|100/100
|-ability|p1a: Pyroar|Unnerve
|-ability|p1b: Staraptor|Intimidate|boost
|-unboost|p2a: AGNI|atk|1
|-unboost|p2b: LETS GO GO|atk|1
|turn|1
|inactive|FlippiFLuppi has 30 seconds left.
|
|t:|1783803440
|detailschange|p1b: Staraptor|Staraptor-Mega, L50, M
|-mega|p1b: Staraptor|Staraptor|Staraptite
|detailschange|p2a: AGNI|Charizard-Mega-Y, L50, M
|-mega|p2a: AGNI|Charizard|Charizardite Y
|-weather|SunnyDay|[from] ability: Drought|[of] p2a: AGNI
|move|p2b: LETS GO GO|Tailwind|p2b: LETS GO GO
|-sidestart|p2: lettitripppp|move: Tailwind
|move|p2a: AGNI|Heat Wave|p1b: Staraptor|[spread] p1a,p1b
|-resisted|p1a: Pyroar|1
|-damage|p1a: Pyroar|51/100
|-damage|p1b: Staraptor|19/100
|move|p1a: Pyroar|Heat Wave|p2b: LETS GO GO|[spread] p2a,p2b
|-resisted|p2a: AGNI|1
|-supereffective|p2b: LETS GO GO|1
|-damage|p2a: AGNI|76/100
|-enditem|p2b: LETS GO GO|Focus Sash
|-damage|p2b: LETS GO GO|1/100
|move|p1b: Staraptor|Close Combat|p2a: AGNI
|-resisted|p2a: AGNI|1
|-damage|p2a: AGNI|39/100
|-boost|p1b: Staraptor|def|1
|-boost|p1b: Staraptor|spd|1
|
|-weather|SunnyDay|[upkeep]
|upkeep
|turn|2
|
|t:|1783803458
|switch|p1b: Torkoal|Torkoal, L50, M|100/100
|move|p1a: Pyroar|Protect|p1a: Pyroar
|-singleturn|p1a: Pyroar|Protect
|move|p2b: LETS GO GO|Moonblast|p1a: Pyroar
|-activate|p1a: Pyroar|move: Protect
|move|p2a: AGNI|Heat Wave|p1a: Pyroar|[spread] p1b
|-activate|p1a: Pyroar|move: Protect
|-resisted|p1b: Torkoal|1
|-damage|p1b: Torkoal|61/100
|
|-weather|SunnyDay|[upkeep]
|upkeep
|turn|3
|
|t:|1783803464
|switch|p1a: Grimmsnarl|Grimmsnarl, L50, M|100/100
|move|p1b: Torkoal|Protect|p1b: Torkoal
|-singleturn|p1b: Torkoal|Protect
|move|p2b: LETS GO GO|Moonblast|p1a: Grimmsnarl
|-supereffective|p1a: Grimmsnarl|1
|-damage|p1a: Grimmsnarl|46/100
|move|p2a: AGNI|Heat Wave|p1b: Torkoal|[spread] p1a
|-activate|p1b: Torkoal|move: Protect
|-damage|p1a: Grimmsnarl|0 fnt
|faint|p1a: Grimmsnarl
|
|-weather|SunnyDay|[upkeep]
|upkeep
|
|t:|1783803467
|switch|p1a: Staraptor|Staraptor-Mega, L50, M|19/100
|turn|4
|
|t:|1783803477
|move|p2b: LETS GO GO|Moonblast|p1b: Torkoal
|-resisted|p1b: Torkoal|1
|-damage|p1b: Torkoal|41/100
|move|p2a: AGNI|Heat Wave|p1a: Staraptor|[spread] p1b
|-miss|p2a: AGNI|p1a: Staraptor
|-resisted|p1b: Torkoal|1
|-damage|p1b: Torkoal|0 fnt
|faint|p1b: Torkoal
|move|p1a: Staraptor|Dual Wingbeat|p2a: AGNI
|-damage|p2a: AGNI|14/100
|-damage|p2a: AGNI|0 fnt
|faint|p2a: AGNI
|-hitcount|p2: AGNI|2
|
|-weather|SunnyDay|[upkeep]
|-sideend|p2: lettitripppp|move: Tailwind
|upkeep
|
|t:|1783803490
|switch|p2a: GHOSTWAVE|Basculegion, L50, M|100/100
|switch|p1b: Pyroar|Pyroar, L50, F|51/100
|-ability|p1b: Pyroar|Unnerve
|turn|5
|
|t:|1783803500
|move|p2b: LETS GO GO|Protect|p2b: LETS GO GO
|-singleturn|p2b: LETS GO GO|Protect
|move|p2a: GHOSTWAVE|Protect|p2a: GHOSTWAVE
|-singleturn|p2a: GHOSTWAVE|Protect
|move|p1b: Pyroar|Dark Pulse|p2a: GHOSTWAVE
|-activate|p2a: GHOSTWAVE|move: Protect
|move|p1a: Staraptor|Dual Wingbeat|p2b: LETS GO GO
|-activate|p2b: LETS GO GO|move: Protect
|
|-weather|none
|upkeep
|turn|6
|
|t:|1783803513
|move|p2b: LETS GO GO|Tailwind|p2b: LETS GO GO
|-sidestart|p2: lettitripppp|move: Tailwind
|move|p2a: GHOSTWAVE|Wave Crash|p1a: Staraptor
|-damage|p1a: Staraptor|0 fnt
|faint|p1a: Staraptor
|-damage|p2a: GHOSTWAVE|94/100|[from] Recoil
|move|p1b: Pyroar|Dark Pulse|p2a: GHOSTWAVE
|-supereffective|p2a: GHOSTWAVE|1
|-damage|p2a: GHOSTWAVE|35/100
|
|upkeep
|turn|7
|-message|FlippiFLuppi forfeited.
|
|win|lettitripppp
|raw|FlippiFLuppi's rating: 1024 → 1017(-7 for losing)
|raw|lettitripppp's rating: 1209 → 1222(+13 for winning)
|l|☆FlippiFLuppi
|player|p1|
