|j|☆Luian VGC
|j|☆NextTimeMustDo
|html|Luian VGCNextTimeMustDo    
|uhtml|bestof|Game 2 of a best-of-3
|t:|1757250772
|gametype|doubles
|player|p1|Luian VGC|ingo|
|player|p2|NextTimeMustDo|skyla|
|gen|9
|tier|[Gen 9] VGC 2025 Reg H (Bo3)
|rule|Species Clause: Limit one of each Pokémon
|rule|Item Clause: Limit 1 of each item
|clearpoke
|poke|p1|Incineroar, L50, M|
|poke|p1|Sylveon, L50, F|
|poke|p1|Garchomp, L50, F|
|poke|p1|Amoonguss, L50, F|
|poke|p1|Sneasler, L50, M|
|poke|p1|Kilowattrel, L50, F|
|poke|p2|Dragonite, L50, F|
|poke|p2|Ursaluna-Bloodmoon, L50, M|
|poke|p2|Archaludon, L50, F|
|poke|p2|Whimsicott, L50, F|
|poke|p2|Gholdengo, L50|
|poke|p2|Incineroar, L50, M|
|teampreview|4
|showteam|p1|Incineroar||SafetyGoggles|Intimidate|KnockOff,FakeOut,FlareBlitz,PartingShot|||M|||50|,,,,,Ghost]Sylveon||Leftovers|Pixilate|HyperVoice,CalmMind,TeraBlast,Protect|||F|||50|,,,,,Fire]Garchomp||LifeOrb|RoughSkin|StompingTantrum,DragonClaw,Earthquake,Protect|||F|||50|,,,,,Ground]Amoonguss||SitrusBerry|Regenerator|RagePowder,Spore,PollenPuff,ClearSmog|||F|||50|,,,,,Water]Sneasler||ClearAmulet|PoisonTouch|DireClaw,CloseCombat,Protect,FakeOut|||M|||50|,,,,,Dark]Kilowattrel||FocusSash|WindPower|Thunderbolt,Tailwind,Discharge,AirSlash|||F|||50|,,,,,Ghost
|showteam|p2|Dragonite||LoadedDice|Multiscale|ScaleShot,ExtremeSpeed,IceSpinner,Protect|||F|||50|,,,,,Fairy]Ursaluna-Bloodmoon||AssaultVest|MindsEye|BloodMoon,HyperVoice,EarthPower,VacuumWave|||M|||50|,,,,,Water]Archaludon||PowerHerb|Sturdy|ElectroShot,FlashCannon,DracoMeteor,Protect|||F|||50|,,,,,Stellar]Whimsicott||CovertCloak|Prankster|FakeTears,Tailwind,Encore,Moonblast|||F|||50|,,,,,Poison]Gholdengo||ChoiceSpecs|GoodasGold|MakeItRain,ShadowBall,PowerGem,SteelBeam||||||50|,,,,,Steel]Incineroar||MirrorHerb|Intimidate|FakeOut,PartingShot,KnockOff,FlareBlitz|||M|||50|,,,,,Ghost
|j| fujishimamegumi
|j| KKCWind
|j| limilin
|j| SheNeedsSpace
|j| Glaceon0404
|
|t:|1757250857
|teamsize|p1|4
|teamsize|p2|4
|start
|switch|p1a: Incineroar|Incineroar, L50, M|100/100
|switch|p1b: Sylveon|Sylveon, L50, F|100/100
|switch|p2a: Whimsicott|Whimsicott, L50, F|100/100
|switch|p2b: Ursaluna|Ursaluna-Bloodmoon, L50, M|100/100
|-ability|p1a: Incineroar|Intimidate|boost
|-unboost|p2a: Whimsicott|atk|1
|-unboost|p2b: Ursaluna|atk|1
|turn|1
|j| Sjy3310
|
|t:|1757250903
|move|p2a: Whimsicott|Tailwind|p2a: Whimsicott
|-sidestart|p2: NextTimeMustDo|move: Tailwind
|move|p2b: Ursaluna|Earth Power|p1a: Incineroar
|-supereffective|p1a: Incineroar
|-damage|p1a: Incineroar|22/100
|-unboost|p1a: Incineroar|spd|1
|move|p1a: Incineroar|Flare Blitz|p2a: Whimsicott
|-supereffective|p2a: Whimsicott
|-damage|p2a: Whimsicott|0 fnt
|faint|p2a: Whimsicott
|-damage|p1a: Incineroar|0 fnt|[from] Recoil
|faint|p1a: Incineroar
|move|p1b: Sylveon|Hyper Voice|p2b: Ursaluna
|-damage|p2b: Ursaluna|64/100
|
|upkeep
|
|t:|1757250935
|switch|p2a: Gholdengo|Gholdengo, L50|100/100
|switch|p1a: Amoonguss|Amoonguss, L50, F|100/100
|turn|2
|
|t:|1757250958
|-terastallize|p2a: Gholdengo|Steel
|-terastallize|p1b: Sylveon|Fire
|move|p1a: Amoonguss|Rage Powder|p1a: Amoonguss
|-singleturn|p1a: Amoonguss|move: Rage Powder
|move|p2a: Gholdengo|Make It Rain|p1a: Amoonguss|[spread] p1a,p1b
|-resisted|p1b: Sylveon
|-damage|p1a: Amoonguss|10/100
|-damage|p1b: Sylveon|65/100
|-unboost|p2a: Gholdengo|spa|1
|-enditem|p1a: Amoonguss|Sitrus Berry|[eat]
|-heal|p1a: Amoonguss|35/100|[from] item: Sitrus Berry
|move|p2b: Ursaluna|Hyper Voice|p1a: Amoonguss|[spread] p1a,p1b
|-damage|p1a: Amoonguss|5/100
|-damage|p1b: Sylveon|37/100
|move|p1b: Sylveon|Calm Mind|p1b: Sylveon
|-boost|p1b: Sylveon|spa|1
|-boost|p1b: Sylveon|spd|1
|
|-heal|p1b: Sylveon|43/100|[from] item: Leftovers
|upkeep
|turn|3
|j| Oguri_sora
|
|t:|1757251047
|move|p1b: Sylveon|Protect|p1b: Sylveon
|-singleturn|p1b: Sylveon|Protect
|move|p2a: Gholdengo|Make It Rain|p1a: Amoonguss|[spread] p1a
|-activate|p1b: Sylveon|move: Protect
|-damage|p1a: Amoonguss|0 fnt
|-unboost|p2a: Gholdengo|spa|1
|faint|p1a: Amoonguss
|move|p2b: Ursaluna|Earth Power|p1b: Sylveon
|-activate|p1b: Sylveon|move: Protect
|
|-heal|p1b: Sylveon|49/100|[from] item: Leftovers
|upkeep
|
|t:|1757251061
|switch|p1a: Garchomp|Garchomp, L50, F|100/100
|turn|4
|
|t:|1757251093
|switch|p2a: Incineroar|Incineroar, L50, M|100/100
|-ability|p2a: Incineroar|Intimidate|boost
|-unboost|p1a: Garchomp|atk|1
|-unboost|p1b: Sylveon|atk|1
|move|p1a: Garchomp|Dragon Claw|p2b: Ursaluna
|-damage|p2b: Ursaluna|39/100
|-damage|p1a: Garchomp|91/100|[from] item: Life Orb
|move|p2b: Ursaluna|Earth Power|p1b: Sylveon
|-supereffective|p1b: Sylveon
|-damage|p1b: Sylveon|6/100
|move|p1b: Sylveon|Hyper Voice|p2a: Incineroar|[spread] p2a,p2b
|-damage|p2a: Incineroar|50/100
|-damage|p2b: Ursaluna|0 fnt
|faint|p2b: Ursaluna
|
|-heal|p1b: Sylveon|12/100|[from] item: Leftovers
|-sideend|p2: NextTimeMustDo|move: Tailwind
|upkeep
|
|t:|1757251109
|switch|p2b: Gholdengo|Gholdengo, L50, tera:Steel|100/100
|turn|5
|l| Oguri_sora
|
|t:|1757251130
|move|p1a: Garchomp|Protect|p1a: Garchomp
|-singleturn|p1a: Garchomp|Protect
|move|p1b: Sylveon|Protect|p1b: Sylveon
|-singleturn|p1b: Sylveon|Protect
|move|p2a: Incineroar|Fake Out|p1a: Garchomp
|-activate|p1a: Garchomp|move: Protect
|move|p2b: Gholdengo|Shadow Ball|p1b: Sylveon
|-activate|p1b: Sylveon|move: Protect
|
|-heal|p1b: Sylveon|18/100|[from] item: Leftovers
|upkeep
|turn|6
|
|t:|1757251167
|move|p1b: Sylveon|Protect||[still]
|-fail|p1b: Sylveon
|move|p1a: Garchomp|Earthquake|p2b: Gholdengo|[spread] p1b,p2a,p2b
|-supereffective|p1b: Sylveon
|-supereffective|p2a: Incineroar
|-supereffective|p2b: Gholdengo
|-damage|p1b: Sylveon|0 fnt
|-damage|p2a: Incineroar|0 fnt
|-damage|p2b: Gholdengo|24/100
|faint|p1b: Sylveon
|faint|p2a: Incineroar
|-damage|p1a: Garchomp|81/100|[from] item: Life Orb
|move|p2b: Gholdengo|Shadow Ball|p1a: Garchomp
|-damage|p1a: Garchomp|13/100
|
|upkeep
|turn|7
|
|t:|1757251181
|move|p1a: Garchomp|Earthquake|p2b: Gholdengo
|-supereffective|p2b: Gholdengo
|-damage|p2b: Gholdengo|0 fnt
|faint|p2b: Gholdengo
|-damage|p1a: Garchomp|4/100|[from] item: Life Orb
|
|win|Luian VGC
||NextTimeMustDo is ready for game 3.
||Luian VGC is ready for game 3.
|uhtml|next|Next: Game 3 of 3
|l| limilin
|l| KKCWind
|l|☆Luian VGC
|player|p1|
|j|☆Luian VGC
|player|p1|Luian VGC|ingo|
|l|☆Luian VGC
|player|p1|
|j|☆Luian VGC
|player|p1|Luian VGC|ingo|
|j| MadaHayai
|l|☆Luian VGC
|player|p1|
|l| MadaHayai
|j| MadaHayai
|l| MadaHayai
|l|☆NextTimeMustDo
|player|p2|
|j|☆Luian VGC
|player|p1|Luian VGC|ingo|
|j| DiGuaaa
|l| DiGuaaa
|l|☆Luian VGC
|player|p1|
|l| fujishimamegumi
|l| Glaceon0404
|j| goodryan2630
