|j|☆Toocoolwarp6$
|j|☆hujvn
|html|Toocoolwarp6$hujvn    
|uhtml|bestof|Game 1 of a best-of-3
|t:|1782493061
|gametype|doubles
|player|p1|Toocoolwarp6$|backpackerf|1040
|player|p2|hujvn|265|1000
|gen|9
|tier|[Gen 9 Champions] VGC 2026 Reg M-B (Bo3)
|rated|
|rule|Species Clause: Limit one of each Pokémon
|rule|Item Clause: Limit 1 of each item
|clearpoke
|poke|p1|Staraptor, L50, M|
|poke|p1|Charizard, L50, M|
|poke|p1|Incineroar, L50, M|
|poke|p1|Whimsicott, L50, M|
|poke|p1|Garchomp, L50, F|
|poke|p1|Gholdengo, L50|
|poke|p2|Scrafty, L50, M|
|poke|p2|Incineroar, L50, F|
|poke|p2|Snorlax, L50, M|
|poke|p2|Dragonite, L50, M|
|poke|p2|Gengar, L50, M|
|poke|p2|Ninetales-Alola, L50, F|
|teampreview|4
|showteam|p1|Staraptor||Staraptite|Intimidate|Roost,CloseCombat,Protect,DualWingbeat|Adamant||M|||50|]Charizard||CharizarditeY|Blaze|HeatWave,WeatherBall,Protect,SolarBeam|Modest||M|||50|]Incineroar||PasshoBerry|Intimidate|FakeOut,PartingShot,FlareBlitz,DarkestLariat|Impish||M|||50|]Whimsicott||FocusSash|Prankster|Protect,Tailwind,FakeTears,Moonblast|Timid||M|||50|]Garchomp||LifeOrb|RoughSkin|Earthquake,Protect,DragonClaw,RockSlide|Jolly||F|||50|]Gholdengo||SitrusBerry|GoodasGold|NastyPlot,ShadowBall,Protect,MakeItRain|Modest|||||50|
|showteam|p2|Scrafty||Scraftinite|Intimidate|KnockOff,DrainPunch,FakeOut,Detect|Careful||M|||50|]Incineroar||SitrusBerry|Intimidate|Overheat,PartingShot,FakeOut,Protect|Relaxed||F|||50|]Snorlax||Leftovers|ThickFat|Yawn,Encore,Fissure,Protect|Relaxed||M|||50|]Dragonite||DragonFang|Multiscale|DragonClaw,LowKick,ExtremeSpeed,Protect|Adamant||M|||50|]Gengar||Gengarite|CursedBody|SludgeBomb,ShadowBall,PerishSong,Protect|Modest||M|||50|]Ninetales-Alola||FocusSash|SnowWarning|Blizzard,Disable,Encore,Protect|Timid||F|||50|
|inactive|Battle timer is ON: inactive players will automatically lose when time's up. (requested by Toocoolwarp6$)
|inactive|Toocoolwarp6$ has 60 seconds left.
|
|t:|1782493111
|teamsize|p1|4
|teamsize|p2|4
|start
|switch|p1a: Incineroar|Incineroar, L50, M|100/100
|switch|p1b: Gholdengo|Gholdengo, L50|100/100
|switch|p2a: Scrafty|Scrafty, L50, M|100/100
|switch|p2b: Incineroar|Incineroar, L50, F|100/100
|-ability|p1a: Incineroar|Intimidate|boost
|-unboost|p2a: Scrafty|atk|1
|-unboost|p2b: Incineroar|atk|1
|-ability|p2a: Scrafty|Intimidate|boost
|-unboost|p1a: Incineroar|atk|1
|-unboost|p1b: Gholdengo|atk|1
|-ability|p2b: Incineroar|Intimidate|boost
|-unboost|p1a: Incineroar|atk|1
|-unboost|p1b: Gholdengo|atk|1
|turn|1
|inactive|Toocoolwarp6$ has 30 seconds left.
|inactive|hujvn has 30 seconds left.
|inactive|hujvn has 20 seconds left.
|inactive|Toocoolwarp6$ has 20 seconds left.
|inactive|Toocoolwarp6$ has 15 seconds left.
|inactive|Toocoolwarp6$ has 10 seconds left.
|
|t:|1782493165
|switch|p1b: Charizard|Charizard, L50, M|100/100
|move|p1a: Incineroar|Fake Out|p2b: Incineroar
|-damage|p2b: Incineroar|94/100
|move|p2a: Scrafty|Fake Out|p1a: Incineroar
|-damage|p1a: Incineroar|95/100
|cant|p2b: Incineroar|flinch
|
|upkeep
|turn|2
|
|t:|1782493187
|detailschange|p1b: Charizard|Charizard-Mega-Y, L50, M
|-mega|p1b: Charizard|Charizard|Charizardite Y
|-weather|SunnyDay|[from] ability: Drought|[of] p1b: Charizard
|detailschange|p2a: Scrafty|Scrafty-Mega, L50, M
|-mega|p2a: Scrafty|Scrafty|Scraftinite
|-ability|p2a: Scrafty|Intimidate|boost
|-unboost|p1a: Incineroar|atk|1
|-unboost|p1b: Charizard|atk|1
|move|p1b: Charizard|Heat Wave|p2b: Incineroar|[spread] p2a,p2b
|-resisted|p2b: Incineroar|1
|-damage|p2a: Scrafty|45/100
|-damage|p2b: Incineroar|59/100
|move|p2a: Scrafty|Drain Punch|p1a: Incineroar
|-supereffective|p1a: Incineroar|1
|-damage|p1a: Incineroar|61/100
|-heal|p2a: Scrafty|70/100|[from] drain|[of] p1a: Incineroar
|move|p1a: Incineroar|Parting Shot|p2b: Incineroar
|-unboost|p2b: Incineroar|atk|1
|-unboost|p2b: Incineroar|spa|1
|
|t:|1782493208
|switch|p1a: Gholdengo|Gholdengo, L50|100/100|[from] Parting Shot
|move|p2b: Incineroar|Parting Shot|p1b: Charizard
|-unboost|p1b: Charizard|atk|1
|-unboost|p1b: Charizard|spa|1
|
|t:|1782493220
|switch|p2b: Snorlax|Snorlax, L50, M|100/100|[from] Parting Shot
|
|-weather|SunnyDay|[upkeep]
|upkeep
|turn|3
|inactive|hujvn has 30 seconds left.
|
|t:|1782493250
|switch|p1b: Incineroar|Incineroar, L50, M|61/100
|-ability|p1b: Incineroar|Intimidate|boost
|-unboost|p2a: Scrafty|atk|1
|-unboost|p2b: Snorlax|atk|1
|move|p1a: Gholdengo|Nasty Plot|p1a: Gholdengo
|-boost|p1a: Gholdengo|spa|2
|move|p2a: Scrafty|Knock Off|p1a: Gholdengo
|-supereffective|p1a: Gholdengo|1
|-damage|p1a: Gholdengo|62/100
|-enditem|p1a: Gholdengo|Sitrus Berry|[from] move: Knock Off|[of] p2a: Scrafty
|move|p2b: Snorlax|Yawn|p1b: Incineroar
|-start|p1b: Incineroar|move: Yawn|[of] p2b: Snorlax
|
|-weather|SunnyDay|[upkeep]
|upkeep
|turn|4
|inactive|hujvn has 30 seconds left.
|inactive|hujvn has 20 seconds left.
|inactive|hujvn has 15 seconds left.
|
|t:|1782493290
|switch|p1b: Charizard|Charizard-Mega-Y, L50, M|100/100
|move|p1a: Gholdengo|Nasty Plot|p1a: Gholdengo
|-boost|p1a: Gholdengo|spa|2
|move|p2a: Scrafty|Drain Punch|p1b: Charizard
|-resisted|p1b: Charizard|1
|-damage|p1b: Charizard|91/100
|-heal|p2a: Scrafty|75/100|[from] drain|[of] p1b: Charizard
|move|p2b: Snorlax|Yawn|p1a: Gholdengo
|-immune|p1a: Gholdengo|[from] ability: Good as Gold
|
|-weather|SunnyDay|[upkeep]
|upkeep
|turn|5
|inactive|hujvn has 30 seconds left.
|
|t:|1782493317
|switch|p2a: Dragonite|Dragonite, L50, M|100/100
|move|p1b: Charizard|Weather Ball|p2a: Dragonite
|-resisted|p2a: Dragonite|1
|-damage|p2a: Dragonite|77/100
|move|p1a: Gholdengo|Make It Rain|p2b: Snorlax|[spread] p2a,p2b
|-damage|p2a: Dragonite|0 fnt
|-damage|p2b: Snorlax|1/100
|-unboost|p1a: Gholdengo|spa|2
|faint|p2a: Dragonite
|move|p2b: Snorlax|Yawn|p1b: Charizard
|-start|p1b: Charizard|move: Yawn|[of] p2b: Snorlax
|
|-weather|SunnyDay|[upkeep]
|-heal|p2b: Snorlax|6/100|[from] item: Leftovers
|upkeep
|
|t:|1782493338
|switch|p2a: Scrafty|Scrafty-Mega, L50, M|75/100
|-ability|p2a: Scrafty|Intimidate|boost
|-unboost|p1a: Gholdengo|atk|1
|-unboost|p1b: Charizard|atk|1
|turn|6
|
|t:|1782493357
|switch|p1b: Incineroar|Incineroar, L50, M|61/100
|-ability|p1b: Incineroar|Intimidate|boost
|-unboost|p2a: Scrafty|atk|1
|-unboost|p2b: Snorlax|atk|1
|move|p2a: Scrafty|Fake Out|p1b: Incineroar
|-damage|p1b: Incineroar|56/100
|move|p1a: Gholdengo|Make It Rain|p2a: Scrafty|[spread] p2a,p2b
|-crit|p2b: Snorlax
|-damage|p2a: Scrafty|0 fnt
|-damage|p2b: Snorlax|0 fnt
|-unboost|p1a: Gholdengo|spa|2
|faint|p2a: Scrafty
|faint|p2b: Snorlax
|
|-weather|none
|upkeep
|-message|hujvn forfeited.
|
|win|Toocoolwarp6$
|l|☆hujvn
|player|p2|
|raw|Toocoolwarp6$'s rating: 1040 → 1070(+30 for winning)
|raw|hujvn's rating: 1000 → 1000(+0 for losing)
