|j|☆ClumbsyLilBeach
|j|☆barozj1
|html|ClumbsyLilBeachbarozj1    
|uhtml|bestof|Game 2 of a best-of-3
|t:|1785869633
|gametype|doubles
|player|p1|ClumbsyLilBeach|jasmine|1209
|player|p2|barozj1|2|1202
|gen|9
|tier|[Gen 9 Champions] VGC 2026 Reg M-B (Bo3)
|rated|
|rule|Species Clause: Limit one of each Pokémon
|rule|Item Clause: Limit 1 of each item
|clearpoke
|poke|p1|Swampert, L50, F|
|poke|p1|Pelipper, L50, M|
|poke|p1|Basculegion, L50, M, shiny|
|poke|p1|Slowbro, L50, F|
|poke|p1|Blastoise, L50, M|
|poke|p1|Milotic, L50, F, shiny|
|poke|p2|Charizard, L50, F|
|poke|p2|Garchomp, L50, F|
|poke|p2|Incineroar, L50, M|
|poke|p2|Venusaur, L50, M|
|poke|p2|Toxapex, L50, F|
|poke|p2|Sylveon, L50, F|
|teampreview|4
|showteam|p1|Swampert||Swampertite|Damp|Earthquake,Waterfall,BulkUp,Protect|Jolly||F|||50|]Pelipper||FocusSash|Drizzle|WideGuard,Tailwind,Hurricane,WeatherBall|Modest||M|||50|]Basculegion||ChoiceScarf|Adaptability|LastRespects,WaveCrash,FlipTurn,AquaJet|Jolly||M|||50|]Slowbro||Leftovers|Oblivious|TrickRoom,HealPulse,RainDance,PsychicNoise|Relaxed||F|||50|]Blastoise||Blastoisinite|RainDish|FakeOut,DarkPulse,WaterSpout,AuraSphere|Quiet||M|||50|]Milotic||SitrusBerry|Competitive|Protect,Scald,IceBeam,IcyWind|Modest||F|||50|
|showteam|p2|Charizard||CharizarditeY|SolarPower|WeatherBall,HeatWave,AncientPower,Protect|Modest||F|||50|]Garchomp||ChoiceScarf|RoughSkin|RockSlide,DragonClaw,Earthquake,StompingTantrum|Adamant||F|||50|]Incineroar||SitrusBerry|Intimidate|FlareBlitz,FakeOut,DarkestLariat,PartingShot|Impish||M|||50|]Venusaur||LifeOrb|Chlorophyll|SludgeBomb,LeafStorm,EarthPower,Protect|Modest||M|||50|]Toxapex||Leftovers|Regenerator|Infestation,Toxic,WideGuard,BanefulBunker|Bold||F|||50|]Sylveon||FairyFeather|Pixilate|HyperVoice,QuickAttack,Yawn,Detect|Modest||F|||50|
|inactive|Battle timer is ON: inactive players will automatically lose when time's up. (requested by ClumbsyLilBeach)
|
|t:|1785869651
|teamsize|p1|4
|teamsize|p2|4
|start
|switch|p1a: Molasses|Slowbro, L50, F|100/100
|switch|p1b: Blastoise|Blastoise, L50, M|100/100
|switch|p2a: Charizard|Charizard, L50, F|100/100
|switch|p2b: Toxapex|Toxapex, L50, F|100/100
|turn|1
|
|t:|1785869669
|detailschange|p2a: Charizard|Charizard-Mega-Y, L50, F
|-mega|p2a: Charizard|Charizard|Charizardite Y
|-weather|SunnyDay|[from] ability: Drought|[of] p2a: Charizard
|detailschange|p1b: Blastoise|Blastoise-Mega, L50, M
|-mega|p1b: Blastoise|Blastoise|Blastoisinite
|move|p1b: Blastoise|Fake Out|p2a: Charizard
|-damage|p2a: Charizard|91/100
|cant|p2a: Charizard|flinch
|move|p2b: Toxapex|Toxic|p1a: Molasses
|-status|p1a: Molasses|tox
|move|p1a: Molasses|Trick Room|p1a: Molasses
|-fieldstart|move: Trick Room|[of] p1a: Molasses
|
|-weather|SunnyDay|[upkeep]
|-damage|p1a: Molasses|93/100 tox|[from] psn
|upkeep
|turn|2
|inactive|ClumbsyLilBeach has 30 seconds left.
|inactive|ClumbsyLilBeach has 20 seconds left.
|inactive|ClumbsyLilBeach has 15 seconds left.
|
|t:|1785869709
|switch|p2a: Incineroar|Incineroar, L50, M|100/100
|-ability|p2a: Incineroar|Intimidate|boost
|-fail|p1a: Molasses|unboost|Attack|[from] ability: Oblivious|[of] p1a: Molasses
|-unboost|p1b: Blastoise|atk|1
|move|p1a: Molasses|Rain Dance|p1a: Molasses
|-weather|RainDance
|move|p2b: Toxapex|Toxic|p1b: Blastoise
|-status|p1b: Blastoise|tox
|move|p1b: Blastoise|Dark Pulse|p2a: Incineroar
|-resisted|p2a: Incineroar|1
|-damage|p2a: Incineroar|81/100
|
|-weather|RainDance|[upkeep]
|-heal|p1a: Molasses|100/100 tox|[from] item: Leftovers
|-damage|p1a: Molasses|87/100 tox|[from] psn
|-damage|p1b: Blastoise|94/100 tox|[from] psn
|upkeep
|turn|3
|
|t:|1785869729
|move|p2a: Incineroar|Fake Out|p1b: Blastoise
|-damage|p1b: Blastoise|85/100 tox
|move|p1a: Molasses|Psychic Noise|p2b: Toxapex
|-supereffective|p2b: Toxapex|1
|-damage|p2b: Toxapex|60/100
|-start|p2b: Toxapex|move: Heal Block
|move|p2b: Toxapex|Infestation|p1a: Molasses
|-supereffective|p1a: Molasses|1
|-damage|p1a: Molasses|82/100 tox
|-activate|p1a: Molasses|move: Infestation|[of] p2b: Toxapex
|cant|p1b: Blastoise|flinch
|
|-weather|RainDance|[upkeep]
|-heal|p1a: Molasses|88/100 tox|[from] item: Leftovers
|-damage|p1a: Molasses|70/100 tox|[from] psn
|-damage|p1b: Blastoise|73/100 tox|[from] psn
|-damage|p1a: Molasses|58/100 tox|[from] move: Infestation|[partiallytrapped]
|upkeep
|turn|4
|
|t:|1785869751
|-heal|p2b: Toxapex|93/100|[from] ability: Regenerator|[silent]
|switch|p2b: Charizard|Charizard-Mega-Y, L50, F|91/100
|-weather|SunnyDay|[from] ability: Drought|[of] p2b: Charizard
|move|p1a: Molasses|Heal Pulse|p1b: Blastoise
|-heal|p1b: Blastoise|100/100 tox
|move|p2a: Incineroar|Darkest Lariat|p1b: Blastoise
|-damage|p1b: Blastoise|71/100 tox
|move|p1b: Blastoise|Water Spout|p2a: Incineroar|[spread] p2a,p2b
|-supereffective|p2a: Incineroar|1
|-supereffective|p2b: Charizard|1
|-damage|p2a: Incineroar|39/100
|-damage|p2b: Charizard|55/100
|-enditem|p2a: Incineroar|Sitrus Berry|[eat]
|-heal|p2a: Incineroar|64/100|[from] item: Sitrus Berry
|
|-weather|SunnyDay|[upkeep]
|-heal|p1a: Molasses|64/100 tox|[from] item: Leftovers
|-damage|p1a: Molasses|40/100 tox|[from] psn
|-damage|p1b: Blastoise|54/100 tox|[from] psn
|-end|p1a: Molasses|Infestation|[partiallytrapped]|[silent]
|upkeep
|turn|5
|
|t:|1785869774
|move|p2b: Charizard|Protect|p2b: Charizard
|-singleturn|p2b: Charizard|Protect
|move|p1a: Molasses|Rain Dance|p1a: Molasses
|-weather|RainDance
|move|p2a: Incineroar|Parting Shot|p1b: Blastoise
|-unboost|p1b: Blastoise|atk|1
|-unboost|p1b: Blastoise|spa|1
|
|t:|1785869781
|switch|p2a: Toxapex|Toxapex, L50, F|93/100|[from] Parting Shot
|move|p1b: Blastoise|Water Spout|p2a: Toxapex|[spread] p2a
|-activate|p2b: Charizard|move: Protect
|-resisted|p2a: Toxapex|1
|-damage|p2a: Toxapex|79/100
|
|-weather|RainDance|[upkeep]
|-heal|p1a: Molasses|46/100 tox|[from] item: Leftovers
|-heal|p2a: Toxapex|85/100|[from] item: Leftovers
|-damage|p1a: Molasses|15/100 tox|[from] psn
|-damage|p1b: Blastoise|30/100 tox|[from] psn
|-fieldend|move: Trick Room
|upkeep
|turn|6
|
|t:|1785869803
|switch|p2b: Venusaur|Venusaur, L50, M|100/100
|switch|p1b: Chinook|Basculegion, L50, M, shiny|100/100
|move|p2a: Toxapex|Infestation|p1b: Chinook
|-resisted|p1b: Chinook|1
|-damage|p1b: Chinook|98/100
|-activate|p1b: Chinook|move: Infestation|[of] p2a: Toxapex
|move|p1a: Molasses|Trick Room|p1a: Molasses
|-fieldstart|move: Trick Room|[of] p1a: Molasses
|
|-weather|RainDance|[upkeep]
|-heal|p1a: Molasses|21/100 tox|[from] item: Leftovers
|-heal|p2a: Toxapex|91/100|[from] item: Leftovers
|-damage|p1a: Molasses|0 fnt|[from] psn
|faint|p1a: Molasses
|-damage|p1b: Chinook|86/100|[from] move: Infestation|[partiallytrapped]
|upkeep
|
|t:|1785869821
|switch|p1a: Milotic|Milotic, L50, F, shiny|100/100
|turn|7
|
|t:|1785869833
|move|p2a: Toxapex|Toxic|p1a: Milotic
|-status|p1a: Milotic|tox
|move|p1a: Milotic|Ice Beam|p2b: Venusaur
|-supereffective|p2b: Venusaur|1
|-damage|p2b: Venusaur|35/100
|move|p2b: Venusaur|Leaf Storm|p1b: Chinook
|-supereffective|p1b: Chinook|1
|-damage|p1b: Chinook|0 fnt
|-unboost|p2b: Venusaur|spa|2
|faint|p1b: Chinook
|-damage|p2b: Venusaur|26/100|[from] item: Life Orb
|
|-weather|RainDance|[upkeep]
|-heal|p2a: Toxapex|96/100|[from] item: Leftovers
|-damage|p1a: Milotic|93/100 tox|[from] psn
|upkeep
|
|t:|1785869850
|switch|p1b: Blastoise|Blastoise-Mega, L50, M|30/100 tox
|turn|8
|
|t:|1785869859
|move|p2a: Toxapex|Infestation|p1a: Milotic
|-damage|p1a: Milotic|91/100 tox
|-activate|p1a: Milotic|move: Infestation|[of] p2a: Toxapex
|move|p1b: Blastoise|Water Spout|p2b: Venusaur|[spread] p2a,p2b
|-resisted|p2a: Toxapex|1
|-resisted|p2b: Venusaur|1
|-damage|p2a: Toxapex|84/100
|-damage|p2b: Venusaur|9/100
|move|p1a: Milotic|Ice Beam|p2b: Venusaur
|-supereffective|p2b: Venusaur|1
|-damage|p2b: Venusaur|0 fnt
|faint|p2b: Venusaur
|
|-weather|RainDance|[upkeep]
|-heal|p2a: Toxapex|90/100|[from] item: Leftovers
|-damage|p1b: Blastoise|24/100 tox|[from] psn
|-damage|p1a: Milotic|79/100 tox|[from] psn
|-damage|p1a: Milotic|67/100 tox|[from] move: Infestation|[partiallytrapped]
|upkeep
|
|t:|1785869872
|switch|p2b: Incineroar|Incineroar, L50, M|64/100
|-ability|p2b: Incineroar|Intimidate|boost
|-unboost|p1a: Milotic|atk|1
|-ability|p1a: Milotic|Competitive|boost
|-boost|p1a: Milotic|spa|2
|-unboost|p1b: Blastoise|atk|1
|turn|9
|
|t:|1785869885
|move|p2b: Incineroar|Fake Out|p1a: Milotic
|-damage|p1a: Milotic|55/100 tox
|move|p2a: Toxapex|Infestation|p1b: Blastoise
|-damage|p1b: Blastoise|21/100 tox
|-activate|p1b: Blastoise|move: Infestation|[of] p2a: Toxapex
|move|p1b: Blastoise|Water Spout|p2a: Toxapex|[spread] p2a,p2b
|-resisted|p2a: Toxapex|1
|-supereffective|p2b: Incineroar|1
|-damage|p2a: Toxapex|82/100
|-damage|p2b: Incineroar|25/100
|cant|p1a: Milotic|flinch
|
|-weather|none
|-heal|p2a: Toxapex|88/100|[from] item: Leftovers
|-damage|p1b: Blastoise|9/100 tox|[from] psn
|-damage|p1a: Milotic|37/100 tox|[from] psn
|-damage|p1b: Blastoise|0 fnt|[from] move: Infestation|[partiallytrapped]
|faint|p1b: Blastoise
|-damage|p1a: Milotic|25/100 tox|[from] move: Infestation|[partiallytrapped]
|upkeep
|-enditem|p1a: Milotic|Sitrus Berry|[eat]
|-heal|p1a: Milotic|50/100g tox|[from] item: Sitrus Berry
|turn|10
|inactive|ClumbsyLilBeach has 30 seconds left.
|
|t:|1785869911
|-heal|p2a: Toxapex|100/100|[from] ability: Regenerator|[silent]
|switch|p2a: Charizard|Charizard-Mega-Y, L50, F|55/100
|-weather|SunnyDay|[from] ability: Drought|[of] p2a: Charizard
|move|p2b: Incineroar|Darkest Lariat|p1a: Milotic
|-damage|p1a: Milotic|14/100 tox
|move|p1a: Milotic|Scald|p2b: Incineroar
|-supereffective|p2b: Incineroar|1
|-damage|p2b: Incineroar|0 fnt
|faint|p2b: Incineroar
|
|-weather|SunnyDay|[upkeep]
|-damage|p1a: Milotic|0 fnt|[from] psn
|faint|p1a: Milotic
|
|win|barozj1
|raw|ClumbsyLilBeach's rating: 1209 → 1183(-26 for losing)
|raw|barozj1's rating: 1202 → 1228(+26 for winning)
|c|☆barozj1|gg
