|j|☆MYSEEMBENTON
|j|☆azazel78/
|html|MYSEEMBENTONazazel78/    
|uhtml|bestof|Game 1 of a best-of-3
|t:|1783019551
|gametype|doubles
|player|p1|MYSEEMBENTON|169|1000
|player|p2|azazel78/|riley|1048
|gen|9
|tier|[Gen 9 Champions] VGC 2026 Reg M-B (Bo3)
|rated|
|rule|Species Clause: Limit one of each Pokémon
|rule|Item Clause: Limit 1 of each item
|clearpoke
|poke|p1|Floette-Eternal, L50, F|
|poke|p1|Basculegion, L50, M|
|poke|p1|Grimmsnarl, L50, M|
|poke|p1|Gholdengo, L50|
|poke|p1|Aerodactyl, L50, F|
|poke|p1|Incineroar, L50, F|
|poke|p2|Delphox, L50, M|
|poke|p2|Milotic, L50, F|
|poke|p2|Mawile, L50, F|
|poke|p2|Sinistcha-Masterpiece, L50|
|poke|p2|Sneasler, L50, F|
|poke|p2|Weavile, L50, F|
|teampreview|4
|showteam|p1|Floette-Eternal||Floettite|FlowerVeil|Protect,CalmMind,DazzlingGleam,Moonblast|Modest||F|||50|]Basculegion||ChoiceScarf|Adaptability|WaveCrash,LastRespects,FlipTurn,IceFang|Adamant||M|||50|]Grimmsnarl||LightClay|Prankster|SuckerPunch,SpiritBreak,PartingShot,Reflect|Adamant||M|||50|]Gholdengo||MetalCoat|GoodasGold|Protect,NastyPlot,MakeItRain,ShadowBall|Modest|||||50|]Aerodactyl||FocusSash|Unnerve|Protect,DualWingbeat,Tailwind,RockSlide|Adamant||F|||50|]Incineroar||SitrusBerry|Intimidate|CloseCombat,DarkestLariat,FakeOut,FlareBlitz|Adamant||F|||50|
|showteam|p2|Delphox||Delphoxite|Blaze|HeatWave,Psyshock,NastyPlot,Protect|Timid||M|||50|]Milotic||Leftovers|Competitive|Hypnosis,Coil,MuddyWater,LifeDew|Bold||F|||50|]Mawile||Mawilite|HyperCutter|BrickBreak,PlayRough,SuckerPunch,Protect|Adamant||F|||50|]Sinistcha-Masterpiece||KasibBerry|Hospitality|RagePowder,MatchaGotcha,TrickRoom,Protect|Bold|||||50|]Sneasler||WhiteHerb|Unburden|Protect,FakeOut,CloseCombat,GunkShot|Adamant||F|||50|]Weavile||FocusSash|Pickpocket|FakeOut,IcicleCrash,KnockOff,IceShard|Jolly||F|||50|
|
|t:|1783019583
|teamsize|p1|4
|teamsize|p2|4
|start
|switch|p1a: Floette|Floette-Eternal, L50, F|100/100
|switch|p1b: Grimmsnarl|Grimmsnarl, L50, M|100/100
|switch|p2a: Sneasler|Sneasler, L50, F|100/100
|switch|p2b: Weavile|Weavile, L50, F|100/100
|turn|1
|
|t:|1783019620
|switch|p1a: Incineroar|Incineroar, L50, F|100/100
|-ability|p1a: Incineroar|Intimidate|boost
|-unboost|p2a: Sneasler|atk|1
|-unboost|p2b: Weavile|atk|1
|-enditem|p2a: Sneasler|White Herb
|-clearnegativeboost|p2a: Sneasler|[silent]
|move|p2b: Weavile|Fake Out|p1b: Grimmsnarl
|-damage|p1b: Grimmsnarl|87/100
|cant|p1b: Grimmsnarl|flinch
|move|p2a: Sneasler|Gunk Shot|p1a: Incineroar
|-damage|p1a: Incineroar|27/100
|-enditem|p1a: Incineroar|Sitrus Berry|[eat]
|-heal|p1a: Incineroar|51/100|[from] item: Sitrus Berry
|
|upkeep
|turn|2
|
|t:|1783019666
|switch|p1a: Basculegion|Basculegion, L50, M|100/100
|move|p1b: Grimmsnarl|Reflect|p1b: Grimmsnarl
|-sidestart|p1: MYSEEMBENTON|Reflect
|move|p2a: Sneasler|Close Combat|p1a: Basculegion
|-immune|p1a: Basculegion
|move|p2b: Weavile|Knock Off|p1a: Basculegion
|-supereffective|p1a: Basculegion|1
|-damage|p1a: Basculegion|48/100
|-enditem|p1a: Basculegion|Choice Scarf|[from] move: Knock Off|[of] p2b: Weavile
|
|upkeep
|turn|3
|
|t:|1783019712
|move|p2a: Sneasler|Gunk Shot|p1a: Basculegion
|-resisted|p1a: Basculegion|1
|-damage|p1a: Basculegion|19/100
|move|p2b: Weavile|Icicle Crash|p1a: Basculegion
|-resisted|p1a: Basculegion|1
|-damage|p1a: Basculegion|8/100
|move|p1a: Basculegion|Wave Crash|p2b: Weavile
|-enditem|p2b: Weavile|Focus Sash
|-damage|p2b: Weavile|1/100
|-damage|p1a: Basculegion|0 fnt|[from] Recoil
|faint|p1a: Basculegion
|move|p1b: Grimmsnarl|Spirit Break|p2b: Weavile
|-supereffective|p2b: Weavile|1
|-damage|p2b: Weavile|0 fnt
|faint|p2b: Weavile
|
|upkeep
|
|t:|1783019737
|switch|p2b: Sinistcha|Sinistcha-Masterpiece, L50|100/100
|switch|p1a: Incineroar|Incineroar, L50, F|51/100
|-ability|p1a: Incineroar|Intimidate|boost
|-unboost|p2a: Sneasler|atk|1
|-unboost|p2b: Sinistcha|atk|1
|turn|4
|
|t:|1783019761
|move|p2b: Sinistcha|Protect|p2b: Sinistcha
|-singleturn|p2b: Sinistcha|Protect
|move|p2a: Sneasler|Close Combat|p1a: Incineroar
|-supereffective|p1a: Incineroar|1
|-damage|p1a: Incineroar|0 fnt
|-unboost|p2a: Sneasler|def|1
|-unboost|p2a: Sneasler|spd|1
|faint|p1a: Incineroar
|move|p1b: Grimmsnarl|Spirit Break|p2b: Sinistcha
|-activate|p2b: Sinistcha|move: Protect
|
|upkeep
|
|t:|1783019765
|switch|p1a: Floette|Floette-Eternal, L50, F|100/100
|turn|5
|
|t:|1783019794
|switch|p2a: Delphox|Delphox, L50, M|100/100
|detailschange|p1a: Floette|Floette-Mega, L50, F
|-mega|p1a: Floette|Floette|Floettite
|-ability|p1a: Floette|Fairy Aura
|move|p1b: Grimmsnarl|Parting Shot|p2a: Delphox
|-unboost|p2a: Delphox|atk|1
|-unboost|p2a: Delphox|spa|1
|move|p1a: Floette|Dazzling Gleam|p2b: Sinistcha|[spread] p2a,p2b
|-resisted|p2a: Delphox|1
|-damage|p2a: Delphox|72/100
|-damage|p2b: Sinistcha|46/100
|move|p2b: Sinistcha|Matcha Gotcha|p1b: Grimmsnarl|[spread] p1a,p1b
|-damage|p1a: Floette|79/100
|-heal|p2b: Sinistcha|55/100|[from] drain|[of] p1a: Floette
|-damage|p1b: Grimmsnarl|61/100
|-heal|p2b: Sinistcha|67/100|[from] drain|[of] p1b: Grimmsnarl
|
|upkeep
|turn|6
|
|t:|1783019821
|detailschange|p2a: Delphox|Delphox-Mega, L50, M
|-mega|p2a: Delphox|Delphox|Delphoxite
|move|p1b: Grimmsnarl|Sucker Punch||[still]
|-fail|p1b: Grimmsnarl
|move|p2a: Delphox|Nasty Plot|p2a: Delphox
|-boost|p2a: Delphox|spa|2
|move|p1a: Floette|Dazzling Gleam|p2b: Sinistcha|[spread] p2a,p2b
|-resisted|p2a: Delphox|1
|-damage|p2a: Delphox|47/100
|-damage|p2b: Sinistcha|15/100
|move|p2b: Sinistcha|Matcha Gotcha|p1b: Grimmsnarl|[spread] p1b
|-miss|p2b: Sinistcha|p1a: Floette
|-damage|p1b: Grimmsnarl|37/100
|-heal|p2b: Sinistcha|27/100|[from] drain|[of] p1b: Grimmsnarl
|-status|p1b: Grimmsnarl|brn
|
|-damage|p1b: Grimmsnarl|31/100 brn|[from] brn
|upkeep
|turn|7
|
|t:|1783019864
|move|p2b: Sinistcha|Rage Powder|p2b: Sinistcha
|-singleturn|p2b: Sinistcha|move: Rage Powder
|move|p1b: Grimmsnarl|Parting Shot|p2b: Sinistcha
|-unboost|p2b: Sinistcha|atk|1
|-unboost|p2b: Sinistcha|spa|1
|move|p2a: Delphox|Heat Wave|p1a: Floette|[spread] p1a,p1b
|-damage|p1a: Floette|24/100
|-damage|p1b: Grimmsnarl|0 fnt
|-status|p1a: Floette|brn
|faint|p1b: Grimmsnarl
|move|p1a: Floette|Dazzling Gleam|p2a: Delphox|[spread] p2a,p2b
|-resisted|p2a: Delphox|1
|-damage|p2a: Delphox|21/100
|-damage|p2b: Sinistcha|0 fnt
|faint|p2b: Sinistcha
|
|-damage|p1a: Floette|18/100 brn|[from] brn
|upkeep
|-message|MYSEEMBENTON forfeited.
|
|win|azazel78/
|l|☆MYSEEMBENTON
|player|p1|
|raw|MYSEEMBENTON's rating: 1000 → 1000(+0 for losing)
|raw|azazel78/'s rating: 1048 → 1076(+28 for winning)
