|j|☆Togepi Trinity
|j|☆Mortipherus
|html|Togepi TrinityMortipherus    
|uhtml|bestof|Game 1 of a best-of-3
|t:|1756920276
|gametype|doubles
|player|p1|Togepi Trinity|unknown|
|player|p2|Mortipherus|biker-gen4|
|gen|9
|tier|[Gen 9] VGC 2025 Reg H (Bo3)
|rule|Species Clause: Limit one of each Pokémon
|rule|Item Clause: Limit 1 of each item
|clearpoke
|poke|p1|Annihilape, L50, M|
|poke|p1|Maushold, L50|
|poke|p1|Pelipper, L50, M|
|poke|p1|Archaludon, L50, F|
|poke|p1|Sinistcha, L50|
|poke|p1|Basculegion, L50, M|
|poke|p2|Hydrapple, L50, M|
|poke|p2|Arcanine-Hisui, L50, M|
|poke|p2|Gholdengo, L50|
|poke|p2|Electabuzz, L50, M|
|poke|p2|Indeedee, L50, M|
|poke|p2|Sneasler, L50, M|
|teampreview|4
|showteam|p1|Annihilape||LumBerry|Defiant|Protect,RageFist,DrainPunch,BulkUp|||M|||50|,,,,,Fire]Maushold||SafetyGoggles|FriendGuard|Protect,BeatUp,FollowMe,Taunt||||||50|,,,,,Ghost]Pelipper||FocusSash|Drizzle|Protect,WeatherBall,Hurricane,Tailwind|||M|||50|,,,,,Stellar]Archaludon||AssaultVest|Stamina|ElectroShot,DracoMeteor,Snarl,BodyPress|||F|||50|,,,,,Grass]Sinistcha||SitrusBerry|Hospitality|LifeDew,RagePowder,StrengthSap,MatchaGotcha||||||50|,,,,,Fairy]Basculegion||ChoiceBand|SwiftSwim|WaveCrash,FlipTurn,LastRespects,AquaJet|||M|||50|,,,,,Grass
|showteam|p2|Hydrapple||AssaultVest|Regenerator|FickleBeam,EnergyBall,EarthPower,BreakingSwipe|||M|||50|,,,,,Ground]Arcanine-Hisui||ClearAmulet|Intimidate|Protect,ExtremeSpeed,FlareBlitz,RockSlide|||M|||50|,,,,,Grass]Gholdengo||LifeOrb|GoodasGold|Protect,NastyPlot,MakeItRain,ShadowBall||||||50|,,,,,Flying]Electabuzz||Eviolite|VitalSpirit|Protect,FollowMe,Taunt,Electroweb|||M|||50|,,,,,Dragon]Indeedee||FocusSash|PsychicSurge|Protect,TrickRoom,ExpandingForce,TeraBlast|||M|||50|,,,,,Ground]Sneasler||PsychicSeed|Unburden|Protect,ThroatChop,DireClaw,CloseCombat|||M|||50|,,,,,Dark
|c|☆Togepi Trinity|glhf
|c|☆Mortipherus|Thx U2
|
|t:|1756920352
|teamsize|p1|4
|teamsize|p2|4
|start
|switch|p1a: Pelipper|Pelipper, L50, M|100/100
|switch|p1b: Basculegion|Basculegion, L50, M|100/100
|switch|p2a: Caramel|Indeedee, L50, M|100/100
|switch|p2b: Hot Dog|Arcanine-Hisui, L50, M|100/100
|-fieldstart|move: Psychic Terrain|[from] ability: Psychic Surge|[of] p2a: Caramel
|-ability|p2b: Hot Dog|Intimidate|boost
|-unboost|p1a: Pelipper|atk|1
|-unboost|p1b: Basculegion|atk|1
|-weather|RainDance|[from] ability: Drizzle|[of] p1a: Pelipper
|turn|1
|
|t:|1756920371
|move|p2b: Hot Dog|Protect|p2b: Hot Dog
|-singleturn|p2b: Hot Dog|Protect
|move|p1b: Basculegion|Flip Turn|p2a: Caramel
|-enditem|p2a: Caramel|Focus Sash
|-damage|p2a: Caramel|1/100
|
|t:|1756920375
|switch|p1b: Archaludon|Archaludon, L50, F|100/100|[from] Flip Turn
|move|p2a: Caramel|Expanding Force|p1a: Pelipper|[spread] p1a,p1b
|-resisted|p1b: Archaludon
|-damage|p1a: Pelipper|10/100
|-damage|p1b: Archaludon|82/100
|-ability|p1b: Archaludon|Stamina|boost
|-boost|p1b: Archaludon|def|1
|move|p1a: Pelipper|Tailwind|p1a: Pelipper
|-sidestart|p1: Togepi Trinity|move: Tailwind
|
|-weather|RainDance|[upkeep]
|upkeep
|turn|2
|
|t:|1756920395
|switch|p1a: Sinistcha|Sinistcha, L50|100/100
|-heal|p1b: Archaludon|100/100|[from] ability: Hospitality|[of] p1a: Sinistcha
|switch|p2b: Apple Pie|Hydrapple, L50, M|100/100
|move|p1b: Archaludon|Electro Shot||[still]
|-prepare|p1b: Archaludon|Electro Shot
|-boost|p1b: Archaludon|spa|1
|-anim|p1b: Archaludon|Electro Shot|p2a: Caramel
|-damage|p2a: Caramel|0 fnt
|faint|p2a: Caramel
|
|-weather|RainDance|[upkeep]
|upkeep
|
|t:|1756920404
|switch|p2a: Stew|Sneasler, L50, M|100/100
|-enditem|p2a: Stew|Psychic Seed
|-boost|p2a: Stew|spd|1|[from] item: Psychic Seed
|turn|3
|
|t:|1756920418
|move|p1a: Sinistcha|Rage Powder|p1a: Sinistcha
|-singleturn|p1a: Sinistcha|move: Rage Powder
|move|p2a: Stew|Close Combat|p1a: Sinistcha
|-immune|p1a: Sinistcha
|move|p1b: Archaludon|Electro Shot||[still]
|-prepare|p1b: Archaludon|Electro Shot
|-boost|p1b: Archaludon|spa|1
|-anim|p1b: Archaludon|Electro Shot|p2a: Stew
|-damage|p2a: Stew|36/100
|move|p2b: Apple Pie|Earth Power|p1b: Archaludon
|-supereffective|p1b: Archaludon
|-damage|p1b: Archaludon|60/100
|-ability|p1b: Archaludon|Stamina|boost
|-boost|p1b: Archaludon|def|1
|
|-weather|RainDance|[upkeep]
|upkeep
|turn|4
|
|t:|1756920519
|-terastallize|p1b: Archaludon|Grass
|move|p2a: Stew|Throat Chop|p1a: Sinistcha
|-supereffective|p1a: Sinistcha
|-damage|p1a: Sinistcha|47/100
|-start|p1a: Sinistcha|Throat Chop|[silent]
|-enditem|p1a: Sinistcha|Sitrus Berry|[eat]
|-heal|p1a: Sinistcha|71/100|[from] item: Sitrus Berry
|move|p1b: Archaludon|Draco Meteor|p2b: Apple Pie
|-supereffective|p2b: Apple Pie
|-damage|p2b: Apple Pie|0 fnt
|-unboost|p1b: Archaludon|spa|2
|faint|p2b: Apple Pie
|move|p1a: Sinistcha|Life Dew|p1a: Sinistcha|[spread] p1a,p1b
|-heal|p1a: Sinistcha|97/100
|-heal|p1b: Archaludon|85/100
|
|-weather|RainDance|[upkeep]
|-sideend|p1: Togepi Trinity|move: Tailwind
|upkeep
|
|t:|1756920522
|switch|p2b: Hot Dog|Arcanine-Hisui, L50, M|100/100
|-ability|p2b: Hot Dog|Intimidate|boost
|-unboost|p1a: Sinistcha|atk|1
|-unboost|p1b: Archaludon|atk|1
|turn|5
|
|t:|1756920539
|move|p1a: Sinistcha|Rage Powder|p1a: Sinistcha
|-singleturn|p1a: Sinistcha|move: Rage Powder
|move|p2a: Stew|Dire Claw|p1a: Sinistcha
|-damage|p1a: Sinistcha|59/100
|-status|p1a: Sinistcha|par
|move|p2b: Hot Dog|Flare Blitz|p1a: Sinistcha
|-supereffective|p1a: Sinistcha
|-damage|p1a: Sinistcha|5/100 par
|-damage|p2b: Hot Dog|84/100|[from] Recoil
|move|p1b: Archaludon|Electro Shot||[still]
|-prepare|p1b: Archaludon|Electro Shot
|-boost|p1b: Archaludon|spa|1
|-anim|p1b: Archaludon|Electro Shot|p2a: Stew
|-damage|p2a: Stew|0 fnt
|faint|p2a: Stew
|
|-weather|none
|-end|p1a: Sinistcha|Throat Chop|[silent]
|-fieldend|move: Psychic Terrain
|upkeep
|turn|6
|
|t:|1756920558
|switch|p1a: Pelipper|Pelipper, L50, M|10/100
|-weather|RainDance|[from] ability: Drizzle|[of] p1a: Pelipper
|-terastallize|p2b: Hot Dog|Grass
|move|p2b: Hot Dog|Flare Blitz|p1b: Archaludon
|-supereffective|p1b: Archaludon
|-damage|p1b: Archaludon|65/100
|-ability|p1b: Archaludon|Stamina|boost
|-boost|p1b: Archaludon|def|1
|-damage|p2b: Hot Dog|77/100|[from] Recoil
|move|p1b: Archaludon|Body Press|p2b: Hot Dog
|-damage|p2b: Hot Dog|17/100
|
|-weather|RainDance|[upkeep]
|upkeep
|turn|7
|
|t:|1756920574
|move|p2b: Hot Dog|Rock Slide|p1b: Archaludon|[spread] p1a,p1b
|-supereffective|p1a: Pelipper
|-crit|p1b: Archaludon
|-damage|p1a: Pelipper|0 fnt
|-damage|p1b: Archaludon|38/100
|-ability|p1b: Archaludon|Stamina|boost
|-boost|p1b: Archaludon|def|1
|faint|p1a: Pelipper
|cant|p1b: Archaludon|flinch
|
|-weather|RainDance|[upkeep]
|upkeep
|
|t:|1756920578
|switch|p1a: Sinistcha|Sinistcha, L50|5/100 par
|-heal|p1b: Archaludon|63/100|[from] ability: Hospitality|[of] p1a: Sinistcha
|turn|8
|
|t:|1756920590
|move|p2b: Hot Dog|Rock Slide|p1b: Archaludon|[spread] p1a,p1b
|-damage|p1a: Sinistcha|0 fnt
|-damage|p1b: Archaludon|55/100
|-ability|p1b: Archaludon|Stamina|boost
|-boost|p1b: Archaludon|def|1
|faint|p1a: Sinistcha
|move|p1b: Archaludon|Body Press|p2b: Hot Dog
|-damage|p2b: Hot Dog|0 fnt
|faint|p2b: Hot Dog
|
|win|Togepi Trinity
||Togepi Trinity is ready for game 2.
|inactive|Mortipherus has 30 seconds to confirm battle start!
|inactive|Mortipherus has 20 seconds to confirm battle start!
||Mortipherus is ready for game 2.
|uhtml|next|Next: Game 2 of 3
