|j|☆Promanvgc
|j|☆lildarkrai7
|html|Promanvgclildarkrai7    
|uhtml|bestof|Game 3 of a best-of-3
|t:|1786136970
|gametype|doubles
|player|p1|Promanvgc|lucas|
|player|p2|lildarkrai7|#smogonxnpa2025draftee|
|gen|9
|tier|[Gen 9 Champions] VGC 2026 Reg M-B (Bo3)
|rule|Species Clause: Limit one of each Pokémon
|rule|Item Clause: Limit 1 of each item
|clearpoke
|poke|p1|Aerodactyl, L50, F|
|poke|p1|Kingambit, L50, F|
|poke|p1|Sylveon, L50, F|
|poke|p1|Garchomp, L50, M|
|poke|p1|Charizard, L50, M|
|poke|p1|Incineroar, L50, M|
|poke|p2|Froslass, L50, F, shiny|
|poke|p2|Basculegion, L50, M, shiny|
|poke|p2|Kingambit, L50, M, shiny|
|poke|p2|Lycanroc-Dusk, L50, F, shiny|
|poke|p2|Scovillain, L50, M, shiny|
|poke|p2|Sneasler, L50, M, shiny|
|teampreview|4
|showteam|p1|Aerodactyl||Aerodactylite|Unnerve|RockSlide,IceFang,Tailwind,WideGuard|Jolly||F|||50|]Kingambit||FocusSash|Defiant|KowtowCleave,SuckerPunch,IronHead,Protect|Adamant||F|||50|]Sylveon||FairyFeather|Pixilate|Detect,HyperVoice,HyperBeam,QuickAttack|Modest||F|||50|]Garchomp||LifeOrb|RoughSkin|Earthquake,DragonClaw,StompingTantrum,Protect|Jolly||M|||50|]Charizard||CharizarditeY|Blaze|Protect,HeatWave,SolarBeam,WeatherBall|Modest||M|||50|]Incineroar||SitrusBerry|Intimidate|DarkestLariat,FlareBlitz,FakeOut,PartingShot|Impish||M|||50|
|showteam|p2|Froslass||Froslassite|SnowCloak|Blizzard,Thunderbolt,ShadowBall,Protect|Timid||F|||50|]Basculegion||SitrusBerry|Adaptability|WaveCrash,AquaJet,LastRespects,Protect|Adamant||M|||50|]Kingambit||LifeOrb|Defiant|KowtowCleave,SuckerPunch,SwordsDance,Protect|Adamant||M|||50|]Lycanroc-Dusk||FocusSash|ToughClaws|Accelerock,CloseCombat,RockSlide,Protect|Adamant||F|||50|]Scovillain||Scovillainite|Moody|Overheat,GigaDrain,RagePowder,Protect|Bold||M|||50|]Sneasler||WhiteHerb|Unburden|FakeOut,GunkShot,CloseCombat,Protect|Adamant||M|||50|
|j| Daneci
|
|t:|1786137044
|teamsize|p1|4
|teamsize|p2|4
|start
|switch|p1a: Kingambit|Kingambit, L50, F|100/100
|switch|p1b: Charizard|Charizard, L50, M|100/100
|switch|p2a: Sneasler|Sneasler, L50, M, shiny|100/100
|switch|p2b: Lycanroc|Lycanroc-Dusk, L50, F, shiny|100/100
|turn|1
|
|t:|1786137060
|switch|p1b: Garchomp|Garchomp, L50, M|100/100
|move|p1a: Kingambit|Protect|p1a: Kingambit
|-singleturn|p1a: Kingambit|Protect
|move|p2a: Sneasler|Close Combat|p1a: Kingambit
|-activate|p1a: Kingambit|move: Protect
|move|p2b: Lycanroc|Rock Slide|p1a: Kingambit|[spread] p1b
|-activate|p1a: Kingambit|move: Protect
|-resisted|p1b: Garchomp|1
|-damage|p1b: Garchomp|85/100
|
|upkeep
|turn|2
|
|t:|1786137078
|switch|p1a: Aerodactyl|Aerodactyl, L50, F|100/100
|-ability|p1a: Aerodactyl|Unnerve
|move|p2b: Lycanroc|Protect|p2b: Lycanroc
|-singleturn|p2b: Lycanroc|Protect
|move|p2a: Sneasler|Close Combat|p1a: Aerodactyl
|-damage|p1a: Aerodactyl|26/100
|-unboost|p2a: Sneasler|def|1
|-unboost|p2a: Sneasler|spd|1
|-enditem|p2a: Sneasler|White Herb
|-clearnegativeboost|p2a: Sneasler|[silent]
|move|p1b: Garchomp|Stomping Tantrum|p2a: Sneasler
|-supereffective|p2a: Sneasler|1
|-damage|p2a: Sneasler|0 fnt
|faint|p2a: Sneasler
|-damage|p1b: Garchomp|75/100|[from] item: Life Orb
|
|upkeep
|
|t:|1786137098
|switch|p2a: Froslass|Froslass, L50, F, shiny|100/100
|turn|3
|
|t:|1786137154
|switch|p2b: Kingambit|Kingambit, L50, M, shiny|100/100
|detailschange|p2a: Froslass|Froslass-Mega, L50, F, shiny
|-mega|p2a: Froslass|Froslass|Froslassite
|-weather|Snowscape|[from] ability: Snow Warning|[of] p2a: Froslass
|move|p1a: Aerodactyl|Wide Guard|p1a: Aerodactyl
|-singleturn|p1a: Aerodactyl|Wide Guard
|move|p2a: Froslass|Shadow Ball|p1a: Aerodactyl
|-damage|p1a: Aerodactyl|0 fnt
|faint|p1a: Aerodactyl
|move|p1b: Garchomp|Earthquake|p2a: Froslass|[spread] p2a,p2b
|-supereffective|p2b: Kingambit|1
|-damage|p2a: Froslass|55/100
|-damage|p2b: Kingambit|28/100
|-damage|p1b: Garchomp|65/100|[from] item: Life Orb
|
|-weather|Snowscape|[upkeep]
|upkeep
|
|t:|1786137161
|switch|p1a: Charizard|Charizard, L50, M|100/100
|turn|4
|
|t:|1786137192
|switch|p1b: Kingambit|Kingambit, L50, F|100/100
|switch|p2b: Lycanroc|Lycanroc-Dusk, L50, F, shiny|100/100
|move|p1a: Charizard|Protect|p1a: Charizard
|-singleturn|p1a: Charizard|Protect
|move|p2a: Froslass|Blizzard|p1b: Kingambit|[spread] p1b
|-activate|p1a: Charizard|move: Protect
|-resisted|p1b: Kingambit|1
|-damage|p1b: Kingambit|79/100
|
|-weather|Snowscape|[upkeep]
|upkeep
|turn|5
|
|t:|1786137231
|detailschange|p1a: Charizard|Charizard-Mega-Y, L50, M
|-mega|p1a: Charizard|Charizard|Charizardite Y
|-weather|SunnyDay|[from] ability: Drought|[of] p1a: Charizard
|move|p2a: Froslass|Protect|p2a: Froslass
|-singleturn|p2a: Froslass|Protect
|move|p1b: Kingambit|Sucker Punch|p2b: Lycanroc
|-damage|p2b: Lycanroc|30/100
|move|p2b: Lycanroc|Close Combat|p1b: Kingambit
|-supereffective|p1b: Kingambit|2
|-damage|p1b: Kingambit|0 fnt
|-unboost|p2b: Lycanroc|def|1
|-unboost|p2b: Lycanroc|spd|1
|faint|p1b: Kingambit
|move|p1a: Charizard|Heat Wave|p2a: Froslass|[spread] p2b
|-activate|p2a: Froslass|move: Protect
|-resisted|p2b: Lycanroc|1
|-damage|p2b: Lycanroc|0 fnt
|faint|p2b: Lycanroc
|
|-weather|SunnyDay|[upkeep]
|upkeep
|
|t:|1786137248
|switch|p2b: Kingambit|Kingambit, L50, M, shiny|28/100
|switch|p1b: Garchomp|Garchomp, L50, M|65/100
|turn|6
|
|t:|1786137279
|move|p1a: Charizard|Protect|p1a: Charizard
|-singleturn|p1a: Charizard|Protect
|move|p2b: Kingambit|Sucker Punch||[still]
|-fail|p2b: Kingambit
|move|p2a: Froslass|Blizzard|p1a: Charizard|[spread] p1b
|-activate|p1a: Charizard|move: Protect
|-supereffective|p1b: Garchomp|2
|-damage|p1b: Garchomp|0 fnt
|faint|p1b: Garchomp
|
|-weather|SunnyDay|[upkeep]
|upkeep
|turn|7
|
|t:|1786137290
|move|p2b: Kingambit|Sucker Punch|p1a: Charizard
|-damage|p1a: Charizard|37/100
|-damage|p2b: Kingambit|18/100|[from] item: Life Orb
|move|p2a: Froslass|Thunderbolt|p1a: Charizard
|-supereffective|p1a: Charizard|1
|-damage|p1a: Charizard|0 fnt
|faint|p1a: Charizard
|
|win|lildarkrai7
|c|☆Promanvgc|GG
|c|☆lildarkrai7|gg
|l| Daneci
