|j|☆caverna1
|j|☆lolgz
|html|caverna1lolgz    
|uhtml|bestof|Game 2 of a best-of-3
|t:|1783072034
|gametype|doubles
|player|p1|caverna1|boarder|1000
|player|p2|lolgz|dawn|1118
|gen|9
|tier|[Gen 9 Champions] VGC 2026 Reg M-B (Bo3)
|rated|
|rule|Species Clause: Limit one of each Pokémon
|rule|Item Clause: Limit 1 of each item
|clearpoke
|poke|p1|Sceptile, L50, M|
|poke|p1|Aerodactyl, L50, F|
|poke|p1|Gholdengo, L50|
|poke|p1|Rotom-Heat, L50|
|poke|p1|Basculegion, L50, M|
|poke|p1|Eelektross, L50, M|
|poke|p2|Scrafty, L50, F|
|poke|p2|Vivillon, L50, M|
|poke|p2|Incineroar, L50, M|
|poke|p2|Sinistcha, L50|
|poke|p2|Raichu, L50, M|
|poke|p2|Delphox, L50, M|
|teampreview|4
|showteam|p1|Sceptile||Sceptilite|Overgrow|EarthPower,EnergyBall,VacuumWave,Protect|Modest||M|||50|]Aerodactyl||FocusSash|Unnerve|Tailwind,Earthquake,RockSlide,DualWingbeat|Jolly||F|||50|]Gholdengo||SitrusBerry|GoodasGold|Protect,NastyPlot,ShadowBall,MakeItRain|Modest|||||50|]Rotom-Heat||LifeOrb|Levitate|Protect,Discharge,Overheat,VoltSwitch|Timid|||||50|]Basculegion||ChoiceScarf|Adaptability|Soak,LastRespects,WaveCrash,AquaJet|Jolly||M|||50|]Eelektross||Eelektrossite|Levitate|SupercellSlam,DragonClaw,Protect,Coil|Adamant||M|||50|
|showteam|p2|Scrafty||Scraftinite|Intimidate|DrainPunch,KnockOff,Protect,DragonDance|Jolly||F|||50|]Vivillon||ChoiceScarf|CompoundEyes|SleepPowder,Hurricane,RagePowder,Tailwind|Timid||M|||50|]Incineroar||PasshoBerry|Intimidate|PartingShot,FakeOut,ThroatChop,FlareBlitz|Careful||M|||50|]Sinistcha||KasibBerry|Hospitality|MatchaGotcha,RagePowder,LifeDew,Protect|Serious|||||50|]Raichu||FocusSash|Static|FakeOut,Electroweb,Endeavor,UpperHand|Timid||M|||50|]Delphox||Delphoxite|Blaze|HeatWave,Psychic,Protect,NastyPlot|Timid||M|||50|
|inactive|Battle timer is ON: inactive players will automatically lose when time's up. (requested by caverna1)
|inactive|lolgz also wants the timer to be on.
|inactive|caverna1 has 60 seconds left.
|inactive|caverna1 has 30 seconds left.
|inactive|caverna1 has 20 seconds left.
|inactive|caverna1 has 15 seconds left.
|inactive|caverna1 has 10 seconds left.
|inactive|caverna1 has 5 seconds left.
|
|t:|1783072120
|teamsize|p1|4
|teamsize|p2|4
|start
|switch|p1a: Gholdengo|Gholdengo, L50|100/100
|switch|p1b: Basculegion|Basculegion, L50, M|100/100
|switch|p2a: Vivillon|Vivillon, L50, M|100/100
|switch|p2b: Scrafty|Scrafty, L50, F|100/100
|-ability|p2b: Scrafty|Intimidate|boost
|-unboost|p1a: Gholdengo|atk|1
|-unboost|p1b: Basculegion|atk|1
|turn|1
|inactive|caverna1 has 30 seconds left.
|inactive|caverna1 has 20 seconds left.
|inactive|caverna1 has 15 seconds left.
|inactive|caverna1 has 10 seconds left.
|
|t:|1783072169
|detailschange|p2b: Scrafty|Scrafty-Mega, L50, F
|-mega|p2b: Scrafty|Scrafty|Scraftinite
|-ability|p2b: Scrafty|Intimidate|boost
|-unboost|p1a: Gholdengo|atk|1
|-unboost|p1b: Basculegion|atk|1
|move|p2a: Vivillon|Sleep Powder|p1b: Basculegion
|-status|p1b: Basculegion|slp|[from] move: Sleep Powder
|cant|p1b: Basculegion|slp
|move|p2b: Scrafty|Dragon Dance|p2b: Scrafty
|-boost|p2b: Scrafty|atk|1
|-boost|p2b: Scrafty|spe|1
|move|p1a: Gholdengo|Make It Rain|p2b: Scrafty|[spread] p2a,p2b
|-damage|p2a: Vivillon|24/100
|-damage|p2b: Scrafty|61/100
|-unboost|p1a: Gholdengo|spa|2
|
|upkeep
|turn|2
|inactive|caverna1 has 30 seconds left.
|inactive|caverna1 has 20 seconds left.
|inactive|caverna1 has 15 seconds left.
|inactive|caverna1 has 10 seconds left.
|inactive|caverna1 has 5 seconds left.
|
|t:|1783072222
|switch|p2a: Incineroar|Incineroar, L50, M|100/100
|-ability|p2a: Incineroar|Intimidate|boost
|-unboost|p1a: Gholdengo|atk|1
|-unboost|p1b: Basculegion|atk|1
|switch|p1b: Rotom|Rotom-Heat, L50|100/100
|move|p1a: Gholdengo|Protect|p1a: Gholdengo
|-singleturn|p1a: Gholdengo|Protect
|move|p2b: Scrafty|Knock Off|p1a: Gholdengo
|-activate|p1a: Gholdengo|move: Protect
|
|upkeep
|turn|3
|inactive|caverna1 has 30 seconds left.
|inactive|caverna1 has 20 seconds left.
|inactive|caverna1 has 15 seconds left.
|
|t:|1783072265
|switch|p1a: Sceptile|Sceptile, L50, M|100/100
|move|p2a: Incineroar|Fake Out|p1b: Rotom
|-damage|p1b: Rotom|86/100
|move|p2b: Scrafty|Knock Off|p1a: Sceptile
|-damage|p1a: Sceptile|35/100
|cant|p1b: Rotom|flinch
|
|upkeep
|turn|4
|inactive|caverna1 has 30 seconds left.
|inactive|caverna1 has 20 seconds left.
|inactive|caverna1 has 15 seconds left.
|inactive|caverna1 has 10 seconds left.
|inactive|caverna1 has 5 seconds left.
|
|t:|1783072318
|detailschange|p1a: Sceptile|Sceptile-Mega, L50, M
|-mega|p1a: Sceptile|Sceptile|Sceptilite
|move|p2b: Scrafty|Protect|p2b: Scrafty
|-singleturn|p2b: Scrafty|Protect
|move|p1a: Sceptile|Vacuum Wave|p2a: Incineroar
|-supereffective|p2a: Incineroar|1
|-damage|p2a: Incineroar|73/100
|move|p1b: Rotom|Volt Switch|p1a: Sceptile
|-activate|p1a: Sceptile|ability: Lightning Rod
|-ability|p1a: Sceptile|Lightning Rod|boost
|-boost|p1a: Sceptile|spa|1
|move|p2a: Incineroar|Parting Shot|p1a: Sceptile
|-unboost|p1a: Sceptile|atk|1
|-unboost|p1a: Sceptile|spa|1
|
|t:|1783072328
|switch|p2a: Sinistcha|Sinistcha, L50|100/100|[from] Parting Shot
|-heal|p2b: Scrafty|86/100|[from] ability: Hospitality|[of] p2a: Sinistcha
|
|upkeep
|turn|5
|inactive|caverna1 has 30 seconds left.
|inactive|caverna1 has 20 seconds left.
|inactive|caverna1 has 15 seconds left.
|inactive|caverna1 has 10 seconds left.
|
|t:|1783072377
|move|p2a: Sinistcha|Rage Powder|p2a: Sinistcha
|-singleturn|p2a: Sinistcha|move: Rage Powder
|move|p1a: Sceptile|Vacuum Wave|p2b: Scrafty
|-supereffective|p2b: Scrafty|1
|-damage|p2b: Scrafty|55/100
|move|p2b: Scrafty|Dragon Dance|p2b: Scrafty
|-boost|p2b: Scrafty|atk|1
|-boost|p2b: Scrafty|spe|1
|move|p1b: Rotom|Overheat|p2a: Sinistcha
|-supereffective|p2a: Sinistcha|1
|-damage|p2a: Sinistcha|0 fnt
|-unboost|p1b: Rotom|spa|2
|faint|p2a: Sinistcha
|-damage|p1b: Rotom|76/100|[from] item: Life Orb
|
|upkeep
|inactive|lolgz has 30 seconds left.
|inactive|lolgz has 20 seconds left.
|inactive|lolgz has 15 seconds left.
|inactive|lolgz has 10 seconds left.
|
|t:|1783072426
|switch|p2a: Incineroar|Incineroar, L50, M|73/100
|-ability|p2a: Incineroar|Intimidate|boost
|-unboost|p1a: Sceptile|atk|1
|-unboost|p1b: Rotom|atk|1
|turn|6
|inactive|caverna1 has 30 seconds left.
|inactive|caverna1 has 20 seconds left.
|inactive|caverna1 has 15 seconds left.
|inactive|caverna1 has 10 seconds left.
|inactive|caverna1 has 5 seconds left.
|
|t:|1783072477
|move|p1a: Sceptile|Protect|p1a: Sceptile
|-singleturn|p1a: Sceptile|Protect
|move|p2a: Incineroar|Fake Out|p1a: Sceptile
|-activate|p1a: Sceptile|move: Protect
|move|p2b: Scrafty|Drain Punch|p1b: Rotom
|-damage|p1b: Rotom|0 fnt
|-heal|p2b: Scrafty|85/100|[from] drain|[of] p1b: Rotom
|faint|p1b: Rotom
|
|upkeep
|
|t:|1783072492
|switch|p1b: Basculegion|Basculegion, L50, M|100/100 slp
|turn|7
|inactive|caverna1 has 30 seconds left.
|
|t:|1783072518
|switch|p1a: Gholdengo|Gholdengo, L50|100/100
|move|p2b: Scrafty|Drain Punch|p1a: Gholdengo
|-immune|p1a: Gholdengo
|cant|p1b: Basculegion|slp
|move|p2a: Incineroar|Throat Chop|p1b: Basculegion
|-supereffective|p1b: Basculegion|1
|-damage|p1b: Basculegion|18/100 slp
|-start|p1b: Basculegion|Throat Chop|[silent]
|
|upkeep
|turn|8
|inactive|caverna1 has 30 seconds left.
|
|t:|1783072546
|switch|p1a: Sceptile|Sceptile-Mega, L50, M|35/100
|move|p2b: Scrafty|Knock Off|p1b: Basculegion
|-supereffective|p1b: Basculegion|1
|-damage|p1b: Basculegion|0 fnt
|-enditem|p1b: Basculegion|Choice Scarf|[from] move: Knock Off|[of] p2b: Scrafty
|faint|p1b: Basculegion
|move|p2a: Incineroar|Flare Blitz|p1a: Sceptile
|-damage|p1a: Sceptile|0 fnt
|faint|p1a: Sceptile
|-damage|p2a: Incineroar|63/100|[from] Recoil
|
|upkeep
|
|t:|1783072559
|switch|p1b: Gholdengo|Gholdengo, L50|100/100
|turn|9
|
|t:|1783072566
|move|p2b: Scrafty|Protect|p2b: Scrafty
|-singleturn|p2b: Scrafty|Protect
|move|p1b: Gholdengo|Nasty Plot|p1b: Gholdengo
|-boost|p1b: Gholdengo|spa|2
|move|p2a: Incineroar|Flare Blitz|p1b: Gholdengo
|-supereffective|p1b: Gholdengo|1
|-damage|p1b: Gholdengo|15/100
|-enditem|p1b: Gholdengo|Sitrus Berry|[eat]
|-heal|p1b: Gholdengo|40/100|[from] item: Sitrus Berry
|-damage|p2a: Incineroar|37/100|[from] Recoil
|
|upkeep
|turn|10
|
|t:|1783072587
|move|p1b: Gholdengo|Protect|p1b: Gholdengo
|-singleturn|p1b: Gholdengo|Protect
|move|p2b: Scrafty|Knock Off|p1b: Gholdengo
|-activate|p1b: Gholdengo|move: Protect
|move|p2a: Incineroar|Throat Chop|p1b: Gholdengo
|-activate|p1b: Gholdengo|move: Protect
|
|upkeep
|turn|11
|
|t:|1783072600
|move|p2b: Scrafty|Knock Off|p1b: Gholdengo
|-supereffective|p1b: Gholdengo|1
|-damage|p1b: Gholdengo|0 fnt
|faint|p1b: Gholdengo
|
|win|lolgz
|raw|caverna1's rating: 1000 → 1000(+0 for losing)
|raw|lolgz's rating: 1118 → 1135(+17 for winning)
