|j|☆flamingtiger56
|j|☆SeymoursLeftToeVGC
|html|flamingtiger56SeymoursLeftToeVGC    
|uhtml|bestof|Game 2 of a best-of-3
|t:|1783467328
|gametype|doubles
|player|p1|flamingtiger56|170|1131
|player|p2|SeymoursLeftToeVGC|ninjaboy|1129
|gen|9
|tier|[Gen 9 Champions] VGC 2026 Reg M-B (Bo3)
|rated|
|rule|Species Clause: Limit one of each Pokémon
|rule|Item Clause: Limit 1 of each item
|clearpoke
|poke|p1|Raichu, L50, F|
|poke|p1|Incineroar, L50, M|
|poke|p1|Sinistcha, L50|
|poke|p1|Ceruledge, L50, F|
|poke|p1|Milotic, L50, F|
|poke|p1|Floette-Eternal, L50, F|
|poke|p2|Torkoal, L50, F|
|poke|p2|Venusaur, L50, M|
|poke|p2|Farigiraf, L50, F|
|poke|p2|Scrafty, L50, M|
|poke|p2|Mamoswine, L50, F|
|poke|p2|Pyroar, L50, F|
|teampreview|4
|showteam|p1|Raichu||RaichuniteY|LightningRod|FakeOut,ZapCannon,Encore,Protect|Timid||F|||50|]Incineroar||SitrusBerry|Intimidate|FakeOut,ThroatChop,FlareBlitz,PartingShot|Careful||M|||50|]Sinistcha||KasibBerry|Hospitality|MatchaGotcha,RagePowder,TrickRoom,Protect|Bold|||||50|]Ceruledge||ColburBerry|FlashFire|BulkUp,BitterBlade,ShadowSneak,Protect|Adamant||F|||50|]Milotic||Leftovers|Competitive|MuddyWater,Coil,Hypnosis,Recover|Calm||F|||50|]Floette-Eternal||Floettite|FlowerVeil|Moonblast,DrainingKiss,CalmMind,Protect|Bold||F|||50|
|showteam|p2|Torkoal||HeatRock|Drought|Eruption,WeatherBall,HelpingHand,Protect|Quiet||F|||50|]Venusaur||LifeOrb|Chlorophyll|EnergyBall,SludgeBomb,EarthPower,Protect|Modest||M|||50|]Farigiraf||SitrusBerry|ArmorTail|Psychic,Thunderbolt,TrickRoom,Protect|Quiet||F|||50|]Scrafty||Scraftinite|Intimidate|KnockOff,DrainPunch,FakeOut,IcePunch|Adamant||M|||50|]Mamoswine||FocusSash|Oblivious|HighHorsepower,RockSlide,IceShard,Protect|Jolly||F|||50|]Pyroar||Pyroarite|Unnerve|HeatWave,Overheat,HyperVoice,Protect|Timid||F|||50|
|inactive|Battle timer is ON: inactive players will automatically lose when time's up. (requested by SeymoursLeftToeVGC)
|inactive|flamingtiger56 also wants the timer to be on.
|j| MiXwX_
|
|t:|1783467353
|teamsize|p1|4
|teamsize|p2|4
|start
|switch|p1a: Incineroar|Incineroar, L50, M|100/100
|switch|p1b: Ceruledge|Ceruledge, L50, F|100/100
|switch|p2a: Scrafty|Scrafty, L50, M|100/100
|switch|p2b: Farigiraf|Farigiraf, L50, F|100/100
|-ability|p1a: Incineroar|Intimidate|boost
|-unboost|p2a: Scrafty|atk|1
|-unboost|p2b: Farigiraf|atk|1
|-ability|p2a: Scrafty|Intimidate|boost
|-unboost|p1a: Incineroar|atk|1
|-unboost|p1b: Ceruledge|atk|1
|turn|1
|
|t:|1783467377
|detailschange|p2a: Scrafty|Scrafty-Mega, L50, M
|-mega|p2a: Scrafty|Scrafty|Scraftinite
|-ability|p2a: Scrafty|Intimidate|boost
|-unboost|p1a: Incineroar|atk|1
|-unboost|p1b: Ceruledge|atk|1
|move|p1b: Ceruledge|Bulk Up|p1b: Ceruledge
|-boost|p1b: Ceruledge|atk|1
|-boost|p1b: Ceruledge|def|1
|move|p2a: Scrafty|Knock Off|p1b: Ceruledge
|-supereffective|p1b: Ceruledge|1
|-enditem|p1b: Ceruledge|Colbur Berry|[eat]
|-enditem|p1b: Ceruledge|Colbur Berry|[weaken]
|-damage|p1b: Ceruledge|71/100
|move|p1a: Incineroar|Parting Shot|p2a: Scrafty
|-unboost|p2a: Scrafty|atk|1
|-unboost|p2a: Scrafty|spa|1
|
|t:|1783467391
|switch|p1a: Sinistcha|Sinistcha, L50|100/100|[from] Parting Shot
|-heal|p1b: Ceruledge|96/100|[from] ability: Hospitality|[of] p1a: Sinistcha
|move|p2b: Farigiraf|Trick Room|p2b: Farigiraf
|-fieldstart|move: Trick Room|[of] p2b: Farigiraf
|
|upkeep
|turn|2
|
|t:|1783467416
|move|p2a: Scrafty|Knock Off|p1b: Ceruledge
|-supereffective|p1b: Ceruledge|1
|-damage|p1b: Ceruledge|65/100
|move|p1a: Sinistcha|Matcha Gotcha|p2a: Scrafty|[spread] p2a,p2b
|-damage|p2a: Scrafty|79/100
|-damage|p2b: Farigiraf|76/100
|-status|p2b: Farigiraf|brn
|move|p1b: Ceruledge|Bulk Up|p1b: Ceruledge
|-boost|p1b: Ceruledge|atk|1
|-boost|p1b: Ceruledge|def|1
|move|p2b: Farigiraf|Trick Room|p2b: Farigiraf
|-fieldend|move: Trick Room
|
|-damage|p2b: Farigiraf|70/100 brn|[from] brn
|upkeep
|turn|3
|
|t:|1783467436
|switch|p2a: Mamoswine|Mamoswine, L50, F|100/100
|move|p1b: Ceruledge|Bitter Blade|p2b: Farigiraf
|-damage|p2b: Farigiraf|28/100 brn
|-heal|p1b: Ceruledge|92/100|[from] drain|[of] p2b: Farigiraf
|-enditem|p2b: Farigiraf|Sitrus Berry|[eat]
|-heal|p2b: Farigiraf|53/100 brn|[from] item: Sitrus Berry
|move|p1a: Sinistcha|Matcha Gotcha|p2b: Farigiraf|[spread] p2a,p2b
|-supereffective|p2a: Mamoswine|1
|-crit|p2b: Farigiraf
|-damage|p2a: Mamoswine|35/100
|-damage|p2b: Farigiraf|15/100 brn
|move|p2b: Farigiraf|Trick Room|p2b: Farigiraf
|-fieldstart|move: Trick Room|[of] p2b: Farigiraf
|
|-damage|p2b: Farigiraf|9/100 brn|[from] brn
|upkeep
|turn|4
|inactive|flamingtiger56 has 30 seconds left.
|
|t:|1783467464
|move|p1a: Sinistcha|Rage Powder|p1a: Sinistcha
|-singleturn|p1a: Sinistcha|move: Rage Powder
|move|p2b: Farigiraf|Thunderbolt|p1a: Sinistcha
|-resisted|p1a: Sinistcha|1
|-damage|p1a: Sinistcha|84/100
|move|p1b: Ceruledge|Bitter Blade|p2a: Mamoswine
|-supereffective|p2a: Mamoswine|1
|-damage|p2a: Mamoswine|0 fnt
|-heal|p1b: Ceruledge|100/100|[from] drain|[of] p2a: Mamoswine
|faint|p2a: Mamoswine
|
|-damage|p2b: Farigiraf|3/100 brn|[from] brn
|upkeep
|
|t:|1783467475
|switch|p2a: Scrafty|Scrafty-Mega, L50, M|79/100
|-ability|p2a: Scrafty|Intimidate|boost
|-unboost|p1a: Sinistcha|atk|1
|-unboost|p1b: Ceruledge|atk|1
|turn|5
|
|t:|1783467486
|switch|p1a: Incineroar|Incineroar, L50, M|100/100
|-ability|p1a: Incineroar|Intimidate|boost
|-unboost|p2a: Scrafty|atk|1
|-unboost|p2b: Farigiraf|atk|1
|move|p2b: Farigiraf|Psychic|p1a: Incineroar
|-immune|p1a: Incineroar
|move|p2a: Scrafty|Knock Off|p1b: Ceruledge
|-supereffective|p1b: Ceruledge|1
|-damage|p1b: Ceruledge|71/100
|move|p1b: Ceruledge|Bitter Blade|p2a: Scrafty
|-damage|p2a: Scrafty|52/100
|-heal|p1b: Ceruledge|84/100|[from] drain|[of] p2a: Scrafty
|
|-damage|p2b: Farigiraf|0 fnt|[from] brn
|faint|p2b: Farigiraf
|upkeep
|
|t:|1783467500
|switch|p2b: Torkoal|Torkoal, L50, F|100/100
|-weather|SunnyDay|[from] ability: Drought|[of] p2b: Torkoal
|turn|6
|
|t:|1783467522
|move|p2b: Torkoal|Weather Ball|p1a: Incineroar
|-resisted|p1a: Incineroar|1
|-damage|p1a: Incineroar|74/100
|move|p1a: Incineroar|Parting Shot|p2b: Torkoal
|-unboost|p2b: Torkoal|atk|1
|-unboost|p2b: Torkoal|spa|1
|
|t:|1783467529
|switch|p1a: Sinistcha|Sinistcha, L50|84/100|[from] Parting Shot
|-heal|p1b: Ceruledge|100/100|[from] ability: Hospitality|[of] p1a: Sinistcha
|move|p2a: Scrafty|Knock Off|p1b: Ceruledge
|-supereffective|p1b: Ceruledge|1
|-crit|p1b: Ceruledge
|-damage|p1b: Ceruledge|0 fnt
|faint|p1b: Ceruledge
|
|-weather|SunnyDay|[upkeep]
|upkeep
|
|t:|1783467541
|switch|p1b: Incineroar|Incineroar, L50, M|74/100
|-ability|p1b: Incineroar|Intimidate|boost
|-unboost|p2a: Scrafty|atk|1
|-unboost|p2b: Torkoal|atk|1
|turn|7
|
|t:|1783467547
|move|p1b: Incineroar|Fake Out|p2b: Torkoal
|-damage|p2b: Torkoal|91/100
|cant|p2b: Torkoal|flinch
|move|p2a: Scrafty|Drain Punch|p1b: Incineroar
|-supereffective|p1b: Incineroar|1
|-damage|p1b: Incineroar|40/100
|-heal|p2a: Scrafty|71/100|[from] drain|[of] p1b: Incineroar
|-enditem|p1b: Incineroar|Sitrus Berry|[eat]
|-heal|p1b: Incineroar|65/100|[from] item: Sitrus Berry
|move|p1a: Sinistcha|Matcha Gotcha|p2b: Torkoal|[spread] p2a,p2b
|-resisted|p2b: Torkoal|1
|-damage|p2a: Scrafty|51/100
|-heal|p1a: Sinistcha|93/100|[from] drain|[of] p2a: Scrafty
|-damage|p2b: Torkoal|76/100
|-heal|p1a: Sinistcha|100/100|[from] drain|[of] p2b: Torkoal
|
|-weather|SunnyDay|[upkeep]
|-fieldend|move: Trick Room
|upkeep
|turn|8
|
|t:|1783467571
|move|p1a: Sinistcha|Matcha Gotcha|p2a: Scrafty|[spread] p2a,p2b
|-resisted|p2b: Torkoal|1
|-damage|p2a: Scrafty|33/100
|-damage|p2b: Torkoal|61/100
|move|p2a: Scrafty|Drain Punch|p1b: Incineroar
|-supereffective|p1b: Incineroar|1
|-damage|p1b: Incineroar|29/100
|-heal|p2a: Scrafty|53/100|[from] drain|[of] p1b: Incineroar
|move|p1b: Incineroar|Parting Shot|p2b: Torkoal
|-unboost|p2b: Torkoal|atk|1
|-unboost|p2b: Torkoal|spa|1
|
|t:|1783467579
|switch|p1b: Raichu|Raichu, L50, F|100/100|[from] Parting Shot
|move|p2b: Torkoal|Weather Ball|p1a: Sinistcha
|-supereffective|p1a: Sinistcha|1
|-damage|p1a: Sinistcha|21/100
|
|-weather|SunnyDay|[upkeep]
|upkeep
|turn|9
|
|t:|1783467600
|detailschange|p1b: Raichu|Raichu-Mega-Y, L50, F
|-mega|p1b: Raichu|Raichu|Raichunite Y
|move|p1b: Raichu|Zap Cannon|p2a: Scrafty
|-damage|p2a: Scrafty|2/100
|-status|p2a: Scrafty|par
|move|p1a: Sinistcha|Matcha Gotcha|p2a: Scrafty|[spread] p2a,p2b
|-resisted|p2b: Torkoal|1
|-damage|p2a: Scrafty|0 fnt
|-heal|p1a: Sinistcha|22/100|[from] drain|[of] p2a: Scrafty
|-damage|p2b: Torkoal|44/100
|-heal|p1a: Sinistcha|30/100|[from] drain|[of] p2b: Torkoal
|faint|p2a: Scrafty
|move|p2b: Torkoal|Eruption|p1b: Raichu|[spread] p1a,p1b
|-supereffective|p1a: Sinistcha|1
|-damage|p1a: Sinistcha|0 fnt
|-damage|p1b: Raichu|81/100
|faint|p1a: Sinistcha
|
|-weather|SunnyDay|[upkeep]
|upkeep
|-message|SeymoursLeftToeVGC forfeited.
|
|win|flamingtiger56
|raw|flamingtiger56's rating: 1131 → 1156(+25 for winning)
|raw|SeymoursLeftToeVGC's rating: 1129 → 1104(-25 for losing)
