|j|☆thedelybird
|j|☆PTP_VGC
|html|thedelybirdPTP_VGC    
|uhtml|bestof|Game 1 of a best-of-3
|t:|1756672440
|gametype|doubles
|player|p1|thedelybird|101|1345
|player|p2|PTP_VGC|266|1344
|gen|9
|tier|[Gen 9] VGC 2025 Reg H (Bo3)
|rated|
|rule|Species Clause: Limit one of each Pokémon
|rule|Item Clause: Limit 1 of each item
|clearpoke
|poke|p1|Basculegion, L50, M|
|poke|p1|Pelipper, L50, M|
|poke|p1|Archaludon, L50, M|
|poke|p1|Gholdengo, L50|
|poke|p1|Whimsicott, L50, M|
|poke|p1|Incineroar, L50, M|
|poke|p2|Arcanine-Hisui, L50, F|
|poke|p2|Weezing, L50, M|
|poke|p2|Porygon2, L50|
|poke|p2|Weavile, L50, M|
|poke|p2|Pawmot, L50, F|
|poke|p2|Toedscruel, L50, F|
|teampreview|4
|showteam|p1|Basculegion||MysticWater|SwiftSwim|LastRespects,WaveCrash,AquaJet,Protect|||M|||50|,,,,,Water]Pelipper||FocusSash|Drizzle|Hurricane,WeatherBall,WideGuard,Tailwind|||M|||50|,,,,,Ghost]Archaludon||AssaultVest|Stamina|ElectroShot,BodyPress,DracoMeteor,FlashCannon|||M|||50|,,,,,Fairy]Gholdengo||MetalCoat|GoodasGold|MakeItRain,ShadowBall,NastyPlot,Protect||||||50|,,,,,Water]Whimsicott||CovertCloak|Prankster|Moonblast,Taunt,BeatUp,Tailwind|||M|||50|,,,,,Steel]Incineroar||SafetyGoggles|Intimidate|FakeOut,FlareBlitz,KnockOff,PartingShot|||M|||50|,,,,,Ghost
|showteam|p2|Arcanine-Hisui||AbilityShield|Intimidate|FlareBlitz,RockSlide,ExtremeSpeed,Protect|||F|||50|,,,,,Ghost]Weezing||SitrusBerry|NeutralizingGas|SludgeBomb,WillOWisp,Taunt,Protect|||M|||50|,,,,,Grass]Porygon2||Eviolite|Download|TeraBlast,IceBeam,Recover,TrickRoom||||||50|,,,,,Water]Weavile||WideLens|Pressure|KnockOff,TripleAxel,FakeOut,Protect|||M|||50|,,,,,Stellar]Pawmot||FocusSash|NaturalCure|DoubleShock,CloseCombat,RevivalBlessing,Protect|||F|||50|,,,,,Stellar]Toedscruel||LifeOrb|MyceliumMight|EarthPower,EnergyBall,Spore,RagePowder|||F|||50|,,,,,Water
|inactive|Battle timer is ON: inactive players will automatically lose when time's up. (requested by PTP_VGC)
|inactive|thedelybird has 60 seconds left.
|inactive|thedelybird has 30 seconds left.
|inactive|thedelybird has 20 seconds left.
|inactive|thedelybird has 15 seconds left.
|inactive|thedelybird has 10 seconds left.
|
|t:|1756672531
|teamsize|p1|4
|teamsize|p2|4
|start
|switch|p1a: Whimsicott|Whimsicott, L50, M|100/100
|switch|p1b: Basculegion|Basculegion, L50, M|100/100
|switch|p2a: Speedwalker|Weavile, L50, M|100/100
|switch|p2b: Adr. & Adr.|Weezing, L50, M|100/100
|-ability|p2b: Adr. & Adr.|Neutralizing Gas
|turn|1
|
|t:|1756672546
|-terastallize|p1b: Basculegion|Water
|move|p2a: Speedwalker|Triple Axel|p1a: Whimsicott
|-supereffective|p1a: Whimsicott
|-damage|p1a: Whimsicott|74/100
|-supereffective|p1a: Whimsicott
|-damage|p1a: Whimsicott|26/100
|-supereffective|p1a: Whimsicott
|-damage|p1a: Whimsicott|0 fnt
|faint|p1a: Whimsicott
|-hitcount|p1: Whimsicott|3
|move|p1b: Basculegion|Wave Crash|p2a: Speedwalker
|-damage|p2a: Speedwalker|0 fnt
|faint|p2a: Speedwalker
|-damage|p1b: Basculegion|76/100|[from] Recoil
|move|p2b: Adr. & Adr.|Will-O-Wisp|p1b: Basculegion
|-status|p1b: Basculegion|brn
|
|-damage|p1b: Basculegion|70/100 brn|[from] brn
|upkeep
|
|t:|1756672560
|switch|p2a: gbombsz|Toedscruel, L50, F|100/100
|switch|p1a: Archaludon|Archaludon, L50, M|100/100
|turn|2
|
|t:|1756672581
|move|p2a: gbombsz|Energy Ball|p1b: Basculegion
|-supereffective|p1b: Basculegion
|-damage|p1b: Basculegion|0 fnt
|faint|p1b: Basculegion
|-damage|p2a: gbombsz|91/100|[from] item: Life Orb
|move|p1a: Archaludon|Draco Meteor|p2a: gbombsz|[miss]
|-miss|p1a: Archaludon|p2a: gbombsz
|move|p2b: Adr. & Adr.|Will-O-Wisp|p1a: Archaludon
|-status|p1a: Archaludon|brn
|
|-damage|p1a: Archaludon|95/100 brn|[from] brn
|upkeep
|
|t:|1756672588
|switch|p1b: Pelipper|Pelipper, L50, M|100/100
|turn|3
|
|t:|1756672597
|move|p2a: gbombsz|Spore|p1b: Pelipper
|-status|p1b: Pelipper|slp|[from] move: Spore
|move|p1a: Archaludon|Body Press|p2a: gbombsz
|-damage|p2a: gbombsz|74/100
|cant|p1b: Pelipper|slp
|move|p2b: Adr. & Adr.|Sludge Bomb|p1b: Pelipper
|-damage|p1b: Pelipper|49/100 slp
|
|-damage|p1a: Archaludon|89/100 brn|[from] brn
|upkeep
|turn|4
|
|t:|1756672611
|move|p2a: gbombsz|Energy Ball|p1b: Pelipper
|-damage|p1b: Pelipper|0 fnt
|faint|p1b: Pelipper
|-damage|p2a: gbombsz|64/100|[from] item: Life Orb
|move|p1a: Archaludon|Draco Meteor|p2b: Adr. & Adr.
|-damage|p2b: Adr. & Adr.|41/100
|-unboost|p1a: Archaludon|spa|2
|-enditem|p2b: Adr. & Adr.|Sitrus Berry|[eat]
|-heal|p2b: Adr. & Adr.|66/100|[from] item: Sitrus Berry
|move|p2b: Adr. & Adr.|Sludge Bomb|p1a: Archaludon
|-immune|p1a: Archaludon
|
|-damage|p1a: Archaludon|83/100 brn|[from] brn
|upkeep
|turn|5
|
|t:|1756672623
|move|p2a: gbombsz|Earth Power|p1a: Archaludon
|-supereffective|p1a: Archaludon
|-damage|p1a: Archaludon|6/100 brn
|-damage|p2a: gbombsz|54/100|[from] item: Life Orb
|move|p1a: Archaludon|Draco Meteor|p2b: Adr. & Adr.
|-damage|p2b: Adr. & Adr.|30/100
|-unboost|p1a: Archaludon|spa|2
|move|p2b: Adr. & Adr.|Taunt|p1a: Archaludon
|-start|p1a: Archaludon|move: Taunt
|
|-damage|p1a: Archaludon|0 fnt|[from] brn
|faint|p1a: Archaludon
|
|win|PTP_VGC
||thedelybird is ready for game 2.
|l|☆PTP_VGC
|player|p2|
||PTP_VGC is ready for game 2.
|uhtml|next|Next: Game 2 of 3
