|j|☆josius111
|j|☆GS Barnabe
|html|josius111GS Barnabe    
|uhtml|bestof|Game 1 of a best-of-3
|t:|1785697185
|gametype|doubles
|player|p1|josius111|169|1033
|player|p2|GS Barnabe|barry|1179
|gen|9
|tier|[Gen 9 Champions] VGC 2026 Reg M-B (Bo3)
|rated|
|rule|Species Clause: Limit one of each Pokémon
|rule|Item Clause: Limit 1 of each item
|clearpoke
|poke|p1|Typhlosion-Hisui, L50, M|
|poke|p1|Sneasler, L50, M|
|poke|p1|Tsareena, L50, F|
|poke|p1|Aerodactyl, L50, M|
|poke|p1|Blastoise, L50, F|
|poke|p1|Excadrill, L50, F|
|poke|p2|Clefable, L50, M|
|poke|p2|Tyranitar, L50, F|
|poke|p2|Garchomp, L50, F|
|poke|p2|Gholdengo, L50|
|poke|p2|Rotom-Wash, L50|
|poke|p2|Aerodactyl, L50, M|
|teampreview|4
|showteam|p1|Typhlosion-Hisui||ChoiceScarf|Frisk|HeatWave,ShadowBall,Overheat,Eruption|Timid||M|||50|]Sneasler||WhiteHerb|Unburden|Coaching,CloseCombat,FakeOut,DireClaw|Adamant||M|||50|]Tsareena||MiracleSeed|QueenlyMajesty|Protect,TropKick,LowKick,TripleAxel|Adamant||F|||50|]Aerodactyl||FocusSash|Unnerve|Protect,RockSlide,Tailwind,DualWingbeat|Jolly||M|||50|]Blastoise||Blastoisinite|RainDish|Protect,DarkPulse,WaterSpout,AuraSphere|Modest||F|||50|]Excadrill||Excadrite|MoldBreaker|Protect,IronHead,RockSlide,HighHorsepower|Jolly||F|||50|
|showteam|p2|Clefable||SitrusBerry|Unaware|Moonblast,HelpingHand,FollowMe,Protect|Bold||M|||50|]Tyranitar||ChoiceScarf|SandStream|RockSlide,KnockOff,IcePunch,Superpower|Jolly||F|||50|]Garchomp||Garchompite|SandVeil|DracoMeteor,EarthPower,PowerGem,Protect|Modest||F|||50|]Gholdengo||LifeOrb|GoodasGold|MakeItRain,ShadowBall,NastyPlot,Protect|Modest|||||50|]Rotom-Wash||Leftovers|Levitate|HydroPump,VoltSwitch,WillOWisp,Protect|Calm|||||50|]Aerodactyl||Aerodactylite|RockHead|RockSlide,DualWingbeat,Tailwind,Protect|Jolly||M|||50|
|
|t:|1785697262
|teamsize|p1|4
|teamsize|p2|4
|start
|switch|p1a: Excadrill|Excadrill, L50, F|100/100
|switch|p1b: Sneasler|Sneasler, L50, M|100/100
|switch|p2a: Aerodactyl|Aerodactyl, L50, M|100/100
|switch|p2b: Tyranitar|Tyranitar, L50, F|100/100
|-weather|Sandstorm|[from] ability: Sand Stream|[of] p2b: Tyranitar
|-ability|p1a: Excadrill|Mold Breaker
|turn|1
|
|t:|1785697303
|switch|p2b: Clefable|Clefable, L50, M|100/100
|detailschange|p2a: Aerodactyl|Aerodactyl-Mega, L50, M
|-mega|p2a: Aerodactyl|Aerodactyl|Aerodactylite
|detailschange|p1a: Excadrill|Excadrill-Mega, L50, F
|-mega|p1a: Excadrill|Excadrill|Excadrite
|move|p1b: Sneasler|Fake Out|p2a: Aerodactyl
|-resisted|p2a: Aerodactyl|1
|-damage|p2a: Aerodactyl|91/100
|cant|p2a: Aerodactyl|flinch
|move|p1a: Excadrill|Iron Head|p2b: Clefable
|-supereffective|p2b: Clefable|1
|-damage|p2b: Clefable|7/100
|-enditem|p2b: Clefable|Sitrus Berry|[eat]
|-heal|p2b: Clefable|32/100|[from] item: Sitrus Berry
|
|-weather|Sandstorm|[upkeep]
|-damage|p1b: Sneasler|94/100|[from] Sandstorm
|-damage|p2b: Clefable|26/100|[from] Sandstorm
|upkeep
|turn|2
|
|t:|1785697343
|switch|p2b: Gholdengo|Gholdengo, L50|100/100
|move|p1a: Excadrill|Protect|p1a: Excadrill
|-singleturn|p1a: Excadrill|Protect
|move|p2a: Aerodactyl|Dual Wingbeat|p1b: Sneasler
|-supereffective|p1b: Sneasler|1
|-damage|p1b: Sneasler|1/100
|-supereffective|p1b: Sneasler|1
|-damage|p1b: Sneasler|0 fnt
|faint|p1b: Sneasler
|-hitcount|p1: Sneasler|2
|
|-weather|Sandstorm|[upkeep]
|upkeep
|
|t:|1785697354
|switch|p1b: Typhlosion|Typhlosion-Hisui, L50, M|100/100
|-item|p2a: Aerodactyl|Aerodactylite|[from] ability: Frisk|[of] p1b: Typhlosion
|-item|p2b: Gholdengo|Life Orb|[from] ability: Frisk|[of] p1b: Typhlosion
|turn|3
|
|t:|1785697371
|move|p2b: Gholdengo|Protect|p2b: Gholdengo
|-singleturn|p2b: Gholdengo|Protect
|move|p1b: Typhlosion|Eruption|p2b: Gholdengo|[spread] p2a
|-activate|p2b: Gholdengo|move: Protect
|-resisted|p2a: Aerodactyl|1
|-damage|p2a: Aerodactyl|71/100
|move|p2a: Aerodactyl|Rock Slide|p1a: Excadrill|[spread] p1a
|-miss|p2a: Aerodactyl|p1b: Typhlosion
|-resisted|p1a: Excadrill|2
|-damage|p1a: Excadrill|93/100
|move|p1a: Excadrill|Iron Head|p2a: Aerodactyl
|-supereffective|p2a: Aerodactyl|1
|-damage|p2a: Aerodactyl|0 fnt
|faint|p2a: Aerodactyl
|
|-weather|Sandstorm|[upkeep]
|-damage|p1b: Typhlosion|93/100|[from] Sandstorm
|upkeep
|
|t:|1785697392
|switch|p2a: Tyranitar|Tyranitar, L50, F|100/100
|turn|4
|
|t:|1785697423
|move|p1b: Typhlosion|Eruption|p2a: Tyranitar|[spread] p2a,p2b
|-resisted|p2a: Tyranitar|1
|-supereffective|p2b: Gholdengo|1
|-damage|p2a: Tyranitar|84/100
|-damage|p2b: Gholdengo|1/100
|move|p2a: Tyranitar|Superpower|p1a: Excadrill
|-supereffective|p1a: Excadrill|1
|-damage|p1a: Excadrill|7/100
|-unboost|p2a: Tyranitar|atk|1
|-unboost|p2a: Tyranitar|def|1
|move|p1a: Excadrill|Iron Head|p2a: Tyranitar
|-supereffective|p2a: Tyranitar|1
|-damage|p2a: Tyranitar|0 fnt
|faint|p2a: Tyranitar
|move|p2b: Gholdengo|Shadow Ball|p1b: Typhlosion
|-supereffective|p1b: Typhlosion|1
|-damage|p1b: Typhlosion|0 fnt
|faint|p1b: Typhlosion
|-damage|p2b: Gholdengo|0 fnt|[from] item: Life Orb
|faint|p2b: Gholdengo
|
|-weather|Sandstorm|[upkeep]
|upkeep
|
|t:|1785697446
|switch|p1b: Aerodactyl|Aerodactyl, L50, M|100/100
|switch|p2b: Clefable|Clefable, L50, M|26/100
|-ability|p1b: Aerodactyl|Unnerve
|turn|5
|
|t:|1785697452
|move|p1b: Aerodactyl|Rock Slide|p2b: Clefable
|-damage|p2b: Clefable|0 fnt
|faint|p2b: Clefable
|
|win|josius111
|l|☆josius111
|player|p1|
||josius111 is ready for game 2.
