|j|☆thaduck
|j|☆SleepD2
|html|thaduckSleepD2    
|uhtml|bestof|Game 1 of a best-of-3
|t:|1783687117
|gametype|doubles
|player|p1|thaduck|morty|1251
|player|p2|SleepD2|1|1310
|gen|9
|tier|[Gen 9 Champions] VGC 2026 Reg M-B (Bo3)
|rated|
|rule|Species Clause: Limit one of each Pokémon
|rule|Item Clause: Limit 1 of each item
|clearpoke
|poke|p1|Delphox, L50, M|
|poke|p1|Sneasler, L50, M|
|poke|p1|Incineroar, L50, F|
|poke|p1|Sinistcha, L50|
|poke|p1|Blastoise, L50, M|
|poke|p1|Kingambit, L50, F|
|poke|p2|Basculegion, L50, M|
|poke|p2|Sylveon, L50, M|
|poke|p2|Hydreigon, L50, F|
|poke|p2|Venusaur, L50, F|
|poke|p2|Camerupt, L50, M|
|poke|p2|Farigiraf, L50, F|
|teampreview|4
|showteam|p1|Delphox||Delphoxite|Blaze|HeatWave,Psyshock,NastyPlot,Protect|Timid||M|||50|]Sneasler||FocusSash|PoisonTouch|QuickGuard,FakeOut,PoisonJab,CloseCombat|Jolly||M|||50|]Incineroar||SitrusBerry|Intimidate|FakeOut,PartingShot,HelpingHand,FlareBlitz|Impish||F|||50|]Sinistcha||OccaBerry|Hospitality|MatchaGotcha,RagePowder,TrickRoom,Protect|Bold|||||50|]Blastoise||Blastoisinite|RainDish|WaterSpout,DarkPulse,ShellSmash,Protect|Modest||M|||50|]Kingambit||BlackGlasses|Defiant|Protect,SwordsDance,KowtowCleave,SuckerPunch|Adamant||F|||50|
|showteam|p2|Basculegion||MysticWater|Adaptability|WaveCrash,AquaJet,LastRespects,Protect|Adamant||M|||50|]Sylveon||FairyFeather|Pixilate|Protect,HyperVoice,HyperBeam,QuickAttack|Modest||M|||50|]Hydreigon||ChoiceScarf|Levitate|Snarl,DarkPulse,HeatWave,DracoMeteor|Modest||F|||50|]Venusaur||LifeOrb|Chlorophyll|Protect,EarthPower,SludgeBomb,SleepPowder|Timid||F|||50|]Camerupt||Cameruptite|SolidRock|Protect,Eruption,EarthPower,AncientPower|Quiet||M|||50|]Farigiraf||SitrusBerry|ArmorTail|TrickRoom,Thunderbolt,Roar,Psychic|Bold||F|||50|
|inactive|Battle timer is ON: inactive players will automatically lose when time's up. (requested by SleepD2)
|inactive|thaduck has 60 seconds left.
|
|t:|1783687169
|teamsize|p1|4
|teamsize|p2|4
|start
|switch|p1a: Sneasler|Sneasler, L50, M|100/100
|switch|p1b: Delphox|Delphox, L50, M|100/100
|switch|p2a: Venusaur|Venusaur, L50, F|100/100
|switch|p2b: Hydreigon|Hydreigon, L50, F|100/100
|turn|1
|inactive|thaduck has 30 seconds left.
|inactive|SleepD2 has 30 seconds left.
|inactive|thaduck has 20 seconds left.
|inactive|thaduck has 15 seconds left.
|inactive|SleepD2 has 20 seconds left.
|inactive|thaduck has 10 seconds left.
|
|t:|1783687217
|switch|p2b: Farigiraf|Farigiraf, L50, F|100/100
|switch|p1b: Incineroar|Incineroar, L50, F|100/100
|-ability|p1b: Incineroar|Intimidate|boost
|-unboost|p2a: Venusaur|atk|1
|-unboost|p2b: Farigiraf|atk|1
|move|p1a: Sneasler|Close Combat|p2b: Farigiraf
|-damage|p2b: Farigiraf|53/100
|-unboost|p1a: Sneasler|def|1
|-unboost|p1a: Sneasler|spd|1
|-status|p2b: Farigiraf|psn|[from] ability: Poison Touch|[of] p1a: Sneasler
|move|p2a: Venusaur|Sleep Powder|p1a: Sneasler
|-status|p1a: Sneasler|slp|[from] move: Sleep Powder
|
|-damage|p2b: Farigiraf|41/100 psn|[from] psn
|upkeep
|-enditem|p2b: Farigiraf|Sitrus Berry|[eat]
|-heal|p2b: Farigiraf|66/100 psn|[from] item: Sitrus Berry
|turn|2
|inactive|thaduck has 30 seconds left.
|inactive|SleepD2 has 30 seconds left.
|
|t:|1783687243
|cant|p1a: Sneasler|slp
|move|p2a: Venusaur|Sleep Powder|p1b: Incineroar
|-status|p1b: Incineroar|slp|[from] move: Sleep Powder
|cant|p1b: Incineroar|slp
|move|p2b: Farigiraf|Psychic|p1a: Sneasler
|-supereffective|p1a: Sneasler|2
|-enditem|p1a: Sneasler|Focus Sash
|-damage|p1a: Sneasler|1/100 slp
|
|-damage|p2b: Farigiraf|54/100 psn|[from] psn
|upkeep
|turn|3
|inactive|thaduck has 30 seconds left.
|
|t:|1783687275
|cant|p1a: Sneasler|slp
|move|p2a: Venusaur|Earth Power|p1b: Incineroar
|-supereffective|p1b: Incineroar|1
|-damage|p1b: Incineroar|44/100 slp
|-enditem|p1b: Incineroar|Sitrus Berry|[eat]
|-heal|p1b: Incineroar|69/100 slp|[from] item: Sitrus Berry
|-damage|p2a: Venusaur|90/100|[from] item: Life Orb
|cant|p1b: Incineroar|slp
|move|p2b: Farigiraf|Trick Room|p2b: Farigiraf
|-fieldstart|move: Trick Room|[of] p2b: Farigiraf
|
|-damage|p2b: Farigiraf|41/100 psn|[from] psn
|upkeep
|turn|4
|
|t:|1783687292
|move|p2b: Farigiraf|Thunderbolt|p1a: Sneasler
|-damage|p1a: Sneasler|0 fnt
|faint|p1a: Sneasler
|-curestatus|p1b: Incineroar|slp|[msg]
|move|p1b: Incineroar|Flare Blitz|p2a: Venusaur
|-supereffective|p2a: Venusaur|1
|-damage|p2a: Venusaur|0 fnt
|faint|p2a: Venusaur
|-damage|p1b: Incineroar|46/100|[from] Recoil
|
|-damage|p2b: Farigiraf|29/100 psn|[from] psn
|upkeep
|
|t:|1783687301
|switch|p2a: Sylveon|Sylveon, L50, M|100/100
|switch|p1a: Delphox|Delphox, L50, M|100/100
|turn|5
|
|t:|1783687310
|detailschange|p1a: Delphox|Delphox-Mega, L50, M
|-mega|p1a: Delphox|Delphox|Delphoxite
|move|p1b: Incineroar|Parting Shot|p2a: Sylveon
|-unboost|p2a: Sylveon|atk|1
|-unboost|p2a: Sylveon|spa|1
|
|t:|1783687314
|switch|p1b: Sinistcha|Sinistcha, L50|100/100|[from] Parting Shot
|move|p2a: Sylveon|Hyper Voice|p1b: Sinistcha|[spread] p1a,p1b
|-resisted|p1a: Delphox|1
|-damage|p1a: Delphox|86/100
|-damage|p1b: Sinistcha|65/100
|move|p1a: Delphox|Nasty Plot|p1a: Delphox
|-boost|p1a: Delphox|spa|2
|move|p2b: Farigiraf|Roar|p1a: Delphox
|drag|p1a: Incineroar|Incineroar, L50, F|46/100
|-ability|p1a: Incineroar|Intimidate|boost
|-unboost|p2a: Sylveon|atk|1
|-unboost|p2b: Farigiraf|atk|1
|
|-damage|p2b: Farigiraf|17/100 psn|[from] psn
|upkeep
|turn|6
|inactive|SleepD2 has 30 seconds left.
|
|t:|1783687340
|switch|p2a: Hydreigon|Hydreigon, L50, F|100/100
|move|p1a: Incineroar|Helping Hand|p1b: Sinistcha
|-singleturn|p1b: Sinistcha|Helping Hand|[of] p1a: Incineroar
|move|p2b: Farigiraf|Psychic|p1a: Incineroar
|-immune|p1a: Incineroar
|move|p1b: Sinistcha|Matcha Gotcha|p2b: Farigiraf|[spread] p2a,p2b
|-resisted|p2a: Hydreigon|1
|-damage|p2a: Hydreigon|78/100
|-heal|p1b: Sinistcha|76/100|[from] drain|[of] p2a: Hydreigon
|-damage|p2b: Farigiraf|0 fnt
|-heal|p1b: Sinistcha|87/100|[from] drain|[of] p2b: Farigiraf
|faint|p2b: Farigiraf
|
|upkeep
|
|t:|1783687350
|switch|p2b: Sylveon|Sylveon, L50, M|100/100
|turn|7
|
|t:|1783687362
|move|p1a: Incineroar|Flare Blitz|p2b: Sylveon
|-damage|p2b: Sylveon|47/100
|-damage|p1a: Incineroar|30/100|[from] Recoil
|move|p1b: Sinistcha|Matcha Gotcha|p2a: Hydreigon|[spread] p2a,p2b
|-resisted|p2a: Hydreigon|1
|-damage|p2a: Hydreigon|63/100
|-heal|p1b: Sinistcha|93/100|[from] drain|[of] p2a: Hydreigon
|-damage|p2b: Sylveon|27/100
|-heal|p1b: Sinistcha|100/100|[from] drain|[of] p2b: Sylveon
|move|p2b: Sylveon|Hyper Voice|p1b: Sinistcha|[spread] p1a,p1b
|-damage|p1a: Incineroar|0 fnt
|-damage|p1b: Sinistcha|52/100
|faint|p1a: Incineroar
|move|p2a: Hydreigon|Snarl|p1b: Sinistcha
|-supereffective|p1b: Sinistcha|1
|-damage|p1b: Sinistcha|0 fnt
|faint|p1b: Sinistcha
|
|-fieldend|move: Trick Room
|upkeep
|
|t:|1783687369
|switch|p1b: Delphox|Delphox-Mega, L50, M|86/100
|turn|8
|
|t:|1783687380
|move|p2b: Sylveon|Protect|p2b: Sylveon
|-singleturn|p2b: Sylveon|Protect
|move|p2a: Hydreigon|Snarl|p1b: Delphox
|-supereffective|p1b: Delphox|1
|-damage|p1b: Delphox|27/100
|-unboost|p1b: Delphox|spa|1
|move|p1b: Delphox|Heat Wave|p2b: Sylveon|[spread] p2a
|-activate|p2b: Sylveon|move: Protect
|-resisted|p2a: Hydreigon|1
|-damage|p2a: Hydreigon|47/100
|
|upkeep
|turn|9
|
|t:|1783687390
|move|p2b: Sylveon|Quick Attack|p1b: Delphox
|-resisted|p1b: Delphox|1
|-damage|p1b: Delphox|19/100
|move|p2a: Hydreigon|Snarl|p1b: Delphox
|-supereffective|p1b: Delphox|1
|-damage|p1b: Delphox|0 fnt
|faint|p1b: Delphox
|
|win|SleepD2
||SleepD2 is ready for game 2.
|inactive|thaduck has 30 seconds to confirm battle start!
|inactive|thaduck has 20 seconds to confirm battle start!
|inactive|thaduck has 10 seconds to confirm battle start!
|uhtml|next|Next: Game 2 of 3
