|j|☆Pokecraft15
|j|☆axcoquette
|html|Pokecraft15axcoquette    
|uhtml|bestof|Game 2 of a best-of-3
|t:|1784134646
|gametype|doubles
|player|p1|Pokecraft15|hilbert-wonderlauncher|1221
|player|p2|axcoquette|maid|1220
|gen|9
|tier|[Gen 9 Champions] VGC 2026 Reg M-B (Bo3)
|rated|
|rule|Species Clause: Limit one of each Pokémon
|rule|Item Clause: Limit 1 of each item
|clearpoke
|poke|p1|Froslass, L50, F|
|poke|p1|Aerodactyl, L50, F|
|poke|p1|Milotic, L50, M|
|poke|p1|Incineroar, L50, M|
|poke|p1|Sinistcha-Masterpiece, L50|
|poke|p1|Weavile, L50, M|
|poke|p2|Ceruledge, L50, M|
|poke|p2|Drampa, L50, M|
|poke|p2|Sylveon, L50, F|
|poke|p2|Raichu, L50, F|
|poke|p2|Sinistcha-Masterpiece, L50|
|poke|p2|Milotic, L50, M|
|teampreview|4
|showteam|p1|Froslass||Froslassite|SnowCloak|Blizzard,ShadowBall,Thunderbolt,Protect|Modest||F|||50|]Aerodactyl||Aerodactylite|Unnerve|RockSlide,DualWingbeat,WideGuard,Tailwind|Jolly||F|||50|]Milotic||MysticWater|Competitive|MuddyWater,IcyWind,Coil,Protect|Serious||M|||50|]Incineroar||ChopleBerry|Intimidate|FlareBlitz,ThroatChop,PartingShot,FakeOut|Adamant||M|||50|]Sinistcha-Masterpiece||SitrusBerry|Hospitality|RagePowder,MatchaGotcha,TrickRoom,Protect|Modest|||||50|]Weavile||FocusSash|Pressure|TripleAxel,NightSlash,FakeOut,Protect|Jolly||M|||50|
|showteam|p2|Ceruledge||ColburBerry|FlashFire|BitterBlade,ShadowSneak,BulkUp,Protect|Impish||M|||50|]Drampa||Drampanite|CloudNine|IceBeam,EnergyBall,HyperVoice,Protect|Bold||M|||50|]Sylveon||FairyFeather|Pixilate|HyperVoice,HyperBeam,QuickAttack,Protect|Modest||F|||50|]Raichu||RaichuniteY|LightningRod|FakeOut,FocusBlast,ZapCannon,Protect|Timid||F|||50|]Sinistcha-Masterpiece||OccaBerry|Hospitality|MatchaGotcha,LifeDew,RagePowder,TrickRoom|Bold|||||50|]Milotic||Leftovers|Competitive|Coil,Hypnosis,MuddyWater,Recover|Calm||M|||50|
|inactive|Battle timer is ON: inactive players will automatically lose when time's up. (requested by axcoquette)
|inactive|Pokecraft15 also wants the timer to be on.
|c|☆Pokecraft15|glhf
|inactive|Pokecraft15 has 60 seconds left.
|
|t:|1784134703
|teamsize|p1|4
|teamsize|p2|4
|start
|switch|p1a: Milotic|Milotic, L50, M|100/100
|switch|p1b: Weavile|Weavile, L50, M|100/100
|switch|p2a: Raichu|Raichu, L50, F|100/100
|switch|p2b: Sylveon|Sylveon, L50, F|100/100
|-ability|p1b: Weavile|Pressure
|turn|1
|
|t:|1784134719
|detailschange|p2a: Raichu|Raichu-Mega-Y, L50, F
|-mega|p2a: Raichu|Raichu|Raichunite Y
|move|p1b: Weavile|Fake Out|p2a: Raichu
|-damage|p2a: Raichu|80/100
|cant|p2a: Raichu|flinch
|move|p1a: Milotic|Muddy Water|p2a: Raichu|[spread] p2a,p2b
|-damage|p2a: Raichu|34/100
|-damage|p2b: Sylveon|77/100
|move|p2b: Sylveon|Hyper Voice|p1b: Weavile|[spread] p1a,p1b
|-supereffective|p1b: Weavile|1
|-damage|p1a: Milotic|65/100
|-enditem|p1b: Weavile|Focus Sash
|-damage|p1b: Weavile|1/100
|
|upkeep
|turn|2
|
|t:|1784134736
|switch|p1b: Sinistcha|Sinistcha-Masterpiece, L50|100/100
|-heal|p1a: Milotic|90/100|[from] ability: Hospitality|[of] p1b: Sinistcha
|move|p2b: Sylveon|Quick Attack|p1b: Sinistcha
|-damage|p1b: Sinistcha|85/100
|move|p2a: Raichu|Zap Cannon|p1a: Milotic
|-supereffective|p1a: Milotic|1
|-damage|p1a: Milotic|0 fnt
|faint|p1a: Milotic
|
|upkeep
|
|t:|1784134746
|switch|p1a: Blizz|Froslass, L50, F|100/100
|turn|3
|
|t:|1784134756
|detailschange|p1a: Blizz|Froslass-Mega, L50, F
|-mega|p1a: Blizz|Froslass|Froslassite
|-weather|Snowscape|[from] ability: Snow Warning|[of] p1a: Blizz
|move|p2a: Raichu|Protect|p2a: Raichu
|-singleturn|p2a: Raichu|Protect
|move|p1a: Blizz|Blizzard|p2b: Sylveon|[spread] p2b
|-activate|p2a: Raichu|move: Protect
|-damage|p2b: Sylveon|39/100
|move|p1b: Sinistcha|Matcha Gotcha|p2b: Sylveon|[spread] p2b
|-activate|p2a: Raichu|move: Protect
|-damage|p2b: Sylveon|18/100
|-heal|p1b: Sinistcha|98/100|[from] drain|[of] p2b: Sylveon
|move|p2b: Sylveon|Hyper Voice|p1a: Blizz|[spread] p1a,p1b
|-damage|p1a: Blizz|42/100
|-damage|p1b: Sinistcha|39/100
|-enditem|p1b: Sinistcha|Sitrus Berry|[eat]
|-heal|p1b: Sinistcha|64/100|[from] item: Sitrus Berry
|
|-weather|Snowscape|[upkeep]
|upkeep
|turn|4
|
|t:|1784134779
|switch|p2a: Sinistcha|Sinistcha-Masterpiece, L50|100/100
|-heal|p2b: Sylveon|43/100|[from] ability: Hospitality|[of] p2a: Sinistcha
|move|p1a: Blizz|Protect|p1a: Blizz
|-singleturn|p1a: Blizz|Protect
|move|p2b: Sylveon|Protect|p2b: Sylveon
|-singleturn|p2b: Sylveon|Protect
|move|p1b: Sinistcha|Matcha Gotcha|p2b: Sylveon|[spread] p2a
|-activate|p2b: Sylveon|move: Protect
|-resisted|p2a: Sinistcha|1
|-damage|p2a: Sinistcha|83/100
|-heal|p1b: Sinistcha|73/100|[from] drain|[of] p2a: Sinistcha
|
|-weather|Snowscape|[upkeep]
|upkeep
|turn|5
|
|t:|1784134799
|move|p1a: Blizz|Blizzard|p2a: Sinistcha|[spread] p2a,p2b
|-supereffective|p2a: Sinistcha|1
|-damage|p2a: Sinistcha|0 fnt
|-damage|p2b: Sylveon|9/100
|faint|p2a: Sinistcha
|move|p1b: Sinistcha|Matcha Gotcha|p2b: Sylveon
|-damage|p2b: Sylveon|0 fnt
|-heal|p1b: Sinistcha|79/100|[from] drain|[of] p2b: Sylveon
|faint|p2b: Sylveon
|
|-weather|Snowscape|[upkeep]
|upkeep
|inactive|axcoquette has 30 seconds left.
|
|t:|1784134828
|switch|p2a: Milotic|Milotic, L50, M|100/100
|switch|p2b: Raichu|Raichu-Mega-Y, L50, F|34/100
|turn|6
|
|t:|1784134847
|move|p1a: Blizz|Protect|p1a: Blizz
|-singleturn|p1a: Blizz|Protect
|move|p2b: Raichu|Zap Cannon|p1a: Blizz
|-activate|p1a: Blizz|move: Protect
|move|p2a: Milotic|Muddy Water|p1a: Blizz|[spread] p1b
|-activate|p1a: Blizz|move: Protect
|-resisted|p1b: Sinistcha|1
|-damage|p1b: Sinistcha|66/100
|move|p1b: Sinistcha|Matcha Gotcha|p2b: Raichu|[spread] p2a,p2b
|-supereffective|p2a: Milotic|1
|-damage|p2a: Milotic|57/100
|-heal|p1b: Sinistcha|91/100|[from] drain|[of] p2a: Milotic
|-damage|p2b: Raichu|0 fnt
|-heal|p1b: Sinistcha|100/100|[from] drain|[of] p2b: Raichu
|-status|p2a: Milotic|brn
|faint|p2b: Raichu
|
|-weather|Snowscape|[upkeep]
|-heal|p2a: Milotic|63/100 brn|[from] item: Leftovers
|-damage|p2a: Milotic|57/100 brn|[from] brn
|upkeep
|turn|7
|c|☆Pokecraft15|ggwp
|
|t:|1784134869
|move|p1a: Blizz|Thunderbolt|p2a: Milotic
|-supereffective|p2a: Milotic|1
|-damage|p2a: Milotic|7/100 brn
|move|p2a: Milotic|Muddy Water|p1a: Blizz|[spread] p1a
|-miss|p2a: Milotic|p1b: Sinistcha
|-damage|p1a: Blizz|15/100
|move|p1b: Sinistcha|Matcha Gotcha|p2a: Milotic
|-supereffective|p2a: Milotic|1
|-damage|p2a: Milotic|0 fnt
|faint|p2a: Milotic
|
|win|Pokecraft15
|raw|Pokecraft15's rating: 1221 → 1246(+25 for winning)
|raw|axcoquette's rating: 1220 → 1195(-25 for losing)
