|j|☆MobiusVGC
|j|☆eneko jauregi
|html|MobiusVGCeneko jauregi    
|uhtml|bestof|Game 2 of a best-of-3
|t:|1756492261
|gametype|doubles
|player|p1|MobiusVGC|gentleman-gen4dp|1225
|player|p2|eneko jauregi|steven|1199
|gen|9
|tier|[Gen 9] VGC 2025 Reg H (Bo3)
|rated|
|rule|Species Clause: Limit one of each Pokémon
|rule|Item Clause: Limit 1 of each item
|clearpoke
|poke|p1|Hydreigon, L50, F|
|poke|p1|Gholdengo, L50|
|poke|p1|Amoonguss, L50, M|
|poke|p1|Incineroar, L50, M|
|poke|p1|Garchomp, L50, M|
|poke|p1|Sneasler, L50, M|
|poke|p2|Grimmsnarl, L50, M|
|poke|p2|Archaludon, L50, M|
|poke|p2|Sinistcha, L50|
|poke|p2|Pelipper, L50, M|
|poke|p2|Maushold, L50|
|poke|p2|Annihilape, L50, M|
|teampreview|4
|showteam|p1|Hydreigon||CovertCloak|Levitate|DracoMeteor,Snarl,Tailwind,Taunt|||F|||50|,,,,,Ghost]Gholdengo||MetalCoat|GoodasGold|MakeItRain,ShadowBall,NastyPlot,Protect||||||50|,,,,,Flying]Amoonguss||RockyHelmet|Regenerator|PollenPuff,Spore,RagePowder,Protect|||M|||50|,,,,,Fairy]Incineroar||SafetyGoggles|Intimidate|FlareBlitz,KnockOff,FakeOut,PartingShot|||M|||50|,,,,,Ghost]Garchomp||ClearAmulet|RoughSkin|Earthquake,DragonClaw,StompingTantrum,Protect|||M|||50|,,,,,Fire]Sneasler||FocusSash|Unburden|CloseCombat,DireClaw,Coaching,Protect|||M|||50|,,,,,Flying
|showteam|p2|Grimmsnarl||LightClay|Prankster|SpiritBreak,ThunderWave,Reflect,LightScreen|||M|||50|,,,,,Ghost]Archaludon||AssaultVest|Stamina|ElectroShot,FlashCannon,BodyPress,Snarl|||M|||50|,,,,,Grass]Sinistcha||SitrusBerry|Hospitality|MatchaGotcha,LifeDew,RagePowder,TrickRoom||||||50|,,,,,Dark]Pelipper||FocusSash|Drizzle|Hurricane,WeatherBall,Tailwind,Protect|||M|||50|,,,,,Ghost]Maushold||SafetyGoggles|FriendGuard|BeatUp,Taunt,FollowMe,Protect||||||50|,,,,,Ghost]Annihilape||Leftovers|Defiant|DrainPunch,RageFist,BulkUp,Protect|||M|||50|,,,,,Water
|inactive|Battle timer is ON: inactive players will automatically lose when time's up. (requested by MobiusVGC)
|
|t:|1756492303
|teamsize|p1|4
|teamsize|p2|4
|start
|switch|p1a: Hydreigon|Hydreigon, L50, F|100/100
|switch|p1b: Sneasler|Sneasler, L50, M|100/100
|switch|p2a: Grimmsnarl|Grimmsnarl, L50, M|100/100
|switch|p2b: Archaludon|Archaludon, L50, M|100/100
|turn|1
|inactive|eneko jauregi has 30 seconds left.
|
|t:|1756492338
|move|p2a: Grimmsnarl|Thunder Wave|p1b: Sneasler
|-status|p1b: Sneasler|par
|move|p1a: Hydreigon|Snarl|p2b: Archaludon|[spread] p2a,p2b
|-resisted|p2a: Grimmsnarl
|-damage|p2a: Grimmsnarl|97/100
|-damage|p2b: Archaludon|89/100
|-unboost|p2a: Grimmsnarl|spa|1
|-unboost|p2b: Archaludon|spa|1
|-ability|p2b: Archaludon|Stamina|boost
|-boost|p2b: Archaludon|def|1
|move|p2b: Archaludon|Snarl|p1a: Hydreigon|[spread] p1a,p1b
|-resisted|p1a: Hydreigon
|-resisted|p1b: Sneasler
|-damage|p1a: Hydreigon|97/100
|-damage|p1b: Sneasler|95/100 par
|-unboost|p1b: Sneasler|spa|1
|move|p1b: Sneasler|Dire Claw|p2a: Grimmsnarl
|-supereffective|p2a: Grimmsnarl
|-damage|p2a: Grimmsnarl|16/100
|
|upkeep
|turn|2
|inactive|eneko jauregi has 30 seconds left.
|inactive|eneko jauregi has 20 seconds left.
|
|t:|1756492377
|move|p2a: Grimmsnarl|Reflect|p2a: Grimmsnarl
|-sidestart|p2: eneko jauregi|Reflect
|move|p1a: Hydreigon|Snarl|p2a: Grimmsnarl|[spread] p2a,p2b
|-resisted|p2a: Grimmsnarl
|-damage|p2a: Grimmsnarl|12/100
|-damage|p2b: Archaludon|77/100
|-unboost|p2a: Grimmsnarl|spa|1
|-unboost|p2b: Archaludon|spa|1
|-ability|p2b: Archaludon|Stamina|boost
|-boost|p2b: Archaludon|def|1
|move|p2b: Archaludon|Body Press|p1a: Hydreigon
|-supereffective|p1a: Hydreigon
|-damage|p1a: Hydreigon|0 fnt
|faint|p1a: Hydreigon
|cant|p1b: Sneasler|par
|
|upkeep
|
|t:|1756492390
|switch|p1a: Gholdengo|Gholdengo, L50|100/100
|turn|3
|
|t:|1756492412
|switch|p2a: Pelipper|Pelipper, L50, M|100/100
|-weather|RainDance|[from] ability: Drizzle|[of] p2a: Pelipper
|move|p1a: Gholdengo|Nasty Plot|p1a: Gholdengo
|-boost|p1a: Gholdengo|spa|2
|move|p2b: Archaludon|Electro Shot||[still]
|-prepare|p2b: Archaludon|Electro Shot
|-boost|p2b: Archaludon|spa|1
|-anim|p2b: Archaludon|Electro Shot|p1b: Sneasler
|-damage|p1b: Sneasler|59/100 par
|cant|p1b: Sneasler|par
|
|-weather|RainDance|[upkeep]
|upkeep
|turn|4
|inactive|MobiusVGC has 30 seconds left.
|inactive|eneko jauregi has 30 seconds left.
|inactive|MobiusVGC has 20 seconds left.
|
|t:|1756492450
|move|p1a: Gholdengo|Shadow Ball|p2b: Archaludon
|-damage|p2b: Archaludon|23/100
|-ability|p2b: Archaludon|Stamina|boost
|-boost|p2b: Archaludon|def|1
|move|p2a: Pelipper|Weather Ball|p1a: Gholdengo
|-damage|p1a: Gholdengo|25/100
|move|p2b: Archaludon|Electro Shot||[still]
|-prepare|p2b: Archaludon|Electro Shot
|-boost|p2b: Archaludon|spa|1
|-anim|p2b: Archaludon|Electro Shot|p1b: Sneasler
|-damage|p1b: Sneasler|6/100 par
|cant|p1b: Sneasler|par
|
|-weather|RainDance|[upkeep]
|upkeep
|turn|5
|inactive|eneko jauregi has 30 seconds left.
|
|t:|1756492482
|move|p1a: Gholdengo|Make It Rain|p2b: Archaludon|[spread] p2a,p2b
|-resisted|p2a: Pelipper
|-resisted|p2b: Archaludon
|-enditem|p2a: Pelipper|Focus Sash
|-damage|p2a: Pelipper|1/100
|-damage|p2b: Archaludon|0 fnt
|-unboost|p1a: Gholdengo|spa|1
|faint|p2b: Archaludon
|move|p2a: Pelipper|Weather Ball|p1b: Sneasler
|-damage|p1b: Sneasler|0 fnt
|faint|p1b: Sneasler
|
|-weather|RainDance|[upkeep]
|upkeep
|
|t:|1756492494
|switch|p1b: Amoonguss|Amoonguss, L50, M|100/100
|switch|p2b: Sinistcha|Sinistcha, L50|100/100
|-heal|p2a: Pelipper|26/100|[from] ability: Hospitality|[of] p2b: Sinistcha
|turn|6
|inactive|eneko jauregi has 30 seconds left.
|
|t:|1756492527
|move|p2a: Pelipper|Protect|p2a: Pelipper
|-singleturn|p2a: Pelipper|Protect
|move|p1a: Gholdengo|Make It Rain|p2a: Pelipper|[spread] p2b
|-activate|p2a: Pelipper|move: Protect
|-damage|p2b: Sinistcha|31/100
|-unboost|p1a: Gholdengo|spa|1
|-enditem|p2b: Sinistcha|Sitrus Berry|[eat]
|-heal|p2b: Sinistcha|56/100|[from] item: Sitrus Berry
|move|p2b: Sinistcha|Matcha Gotcha|p1b: Amoonguss|[spread] p1a,p1b
|-resisted|p1a: Gholdengo
|-resisted|p1b: Amoonguss
|-damage|p1a: Gholdengo|14/100
|-heal|p2b: Sinistcha|62/100|[from] drain|[of] p1a: Gholdengo
|-damage|p1b: Amoonguss|95/100
|-heal|p2b: Sinistcha|65/100|[from] drain|[of] p1b: Amoonguss
|-status|p1a: Gholdengo|brn
|move|p1b: Amoonguss|Pollen Puff|p1a: Gholdengo
|-heal|p1a: Gholdengo|64/100 brn
|
|-weather|RainDance|[upkeep]
|-damage|p1a: Gholdengo|57/100 brn|[from] brn
|upkeep
|turn|7
|inactive|MobiusVGC has 30 seconds left.
|inactive|eneko jauregi has 30 seconds left.
|
|t:|1756492555
|move|p1a: Gholdengo|Make It Rain|p2b: Sinistcha|[spread] p2a,p2b
|-resisted|p2a: Pelipper
|-damage|p2a: Pelipper|0 fnt
|-damage|p2b: Sinistcha|21/100
|-unboost|p1a: Gholdengo|spa|1
|faint|p2a: Pelipper
|move|p2b: Sinistcha|Life Dew|p2b: Sinistcha
|-heal|p2b: Sinistcha|46/100
|move|p1b: Amoonguss|Pollen Puff|p2b: Sinistcha
|-damage|p2b: Sinistcha|31/100
|
|-weather|none
|-damage|p1a: Gholdengo|51/100 brn|[from] brn
|upkeep
|
|t:|1756492559
|switch|p2a: Grimmsnarl|Grimmsnarl, L50, M|12/100
|turn|8
|-message|eneko jauregi forfeited.
|
|win|MobiusVGC
|raw|MobiusVGC's rating: 1225 → 1248(+23 for winning)
|raw|eneko jauregi's rating: 1199 → 1176(-23 for losing)
|l|☆eneko jauregi
|player|p2|
|c|☆MobiusVGC|ggs
