|j|☆novalynx
|j|☆abx647
|html|novalynxabx647    
|uhtml|bestof|Game 3 of a best-of-3
|t:|1783719479
|gametype|doubles
|player|p1|novalynx|lady|1000
|player|p2|abx647|2|1054
|gen|9
|tier|[Gen 9 Champions] VGC 2026 Reg M-B (Bo3)
|rated|
|rule|Species Clause: Limit one of each Pokémon
|rule|Item Clause: Limit 1 of each item
|clearpoke
|poke|p1|Metagross, L50|
|poke|p1|Staraptor, L50, F|
|poke|p1|Whimsicott, L50, M|
|poke|p1|Meowscarada, L50, M|
|poke|p1|Gholdengo, L50|
|poke|p1|Sylveon, L50, M|
|poke|p2|Kingambit, L50, F|
|poke|p2|Aerodactyl, L50, M|
|poke|p2|Whimsicott, L50, F|
|poke|p2|Garchomp, L50, F|
|poke|p2|Charizard, L50, M|
|poke|p2|Sylveon, L50, F|
|teampreview|4
|showteam|p1|Metagross||Metagrossite|ClearBody|IronHead,PsychicFangs,IcePunch,Protect|Jolly|||||50|]Staraptor||Staraptite|Intimidate|CloseCombat,BraveBird,Roost,Protect|Jolly||F|||50|]Whimsicott||FocusSash|Prankster|Moonblast,Tailwind,Encore,Protect|Timid||M|||50|]Meowscarada||BrightPowder|Protean|FlowerTrick,KnockOff,PlayRough,TripleAxel|Jolly||M|||50|]Gholdengo||LifeOrb|GoodasGold|MakeItRain,ShadowBall,NastyPlot,Protect|Modest|||||50|]Sylveon||FairyFeather|Pixilate|HyperVoice,HyperBeam,QuickAttack,Detect|Modest||M|||50|
|showteam|p2|Kingambit||ExpertBelt|Defiant|IronHead,LowKick,KowtowCleave,SuckerPunch|Adamant||F|||50|]Aerodactyl||Aerodactylite|RockHead|DualWingbeat,RockSlide,Tailwind,Protect|Adamant||M|||50|]Whimsicott||FocusSash|Prankster|Encore,Moonblast,Taunt,HelpingHand|Timid||F|||50|]Garchomp||LifeOrb|RoughSkin|RockSlide,ScaleShot,Earthquake,Protect|Adamant||F|||50|]Charizard||CharizarditeY|SolarPower|HeatWave,Protect,SolarBeam,ScorchingSands|Timid||M|||50|]Sylveon||FairyFeather|Pixilate|HyperVoice,MysticalFire,Protect,DrainingKiss|Modest||F|||50|
|
|t:|1783719503
|teamsize|p1|4
|teamsize|p2|4
|start
|switch|p1a: Metagross|Metagross, L50|100/100
|switch|p1b: Whimsicott|Whimsicott, L50, M|100/100
|switch|p2a: Sylveon|Sylveon, L50, F|100/100
|switch|p2b: Whimsicott|Whimsicott, L50, F|100/100
|turn|1
|
|t:|1783719517
|switch|p2a: Kingambit|Kingambit, L50, F|100/100
|detailschange|p1a: Metagross|Metagross-Mega, L50
|-mega|p1a: Metagross|Metagross|Metagrossite
|move|p2b: Whimsicott|Taunt|p1b: Whimsicott
|-start|p1b: Whimsicott|move: Taunt
|move|p1b: Whimsicott|Moonblast|p2b: Whimsicott
|-damage|p2b: Whimsicott|39/100
|move|p1a: Metagross|Iron Head|p2a: Kingambit
|-resisted|p2a: Kingambit|1
|-damage|p2a: Kingambit|75/100
|
|upkeep
|turn|2
|
|t:|1783719548
|move|p1a: Metagross|Protect|p1a: Metagross
|-singleturn|p1a: Metagross|Protect
|move|p2b: Whimsicott|Encore|p1a: Metagross
|-activate|p1a: Metagross|move: Protect
|move|p1b: Whimsicott|Moonblast|p2a: Kingambit
|-damage|p2a: Kingambit|31/100
|-unboost|p2a: Kingambit|spa|1
|-ability|p2a: Kingambit|Defiant|boost
|-boost|p2a: Kingambit|atk|2
|move|p2a: Kingambit|Kowtow Cleave|p1a: Metagross
|-activate|p1a: Metagross|move: Protect
|
|upkeep
|turn|3
|
|t:|1783719564
|switch|p1a: Sylveon|Sylveon, L50, M|100/100
|move|p2b: Whimsicott|Encore||[still]
|-fail|p2b: Whimsicott
|move|p1b: Whimsicott|Moonblast|p2a: Kingambit
|-damage|p2a: Kingambit|0 fnt
|faint|p2a: Kingambit
|
|-end|p1b: Whimsicott|move: Taunt
|upkeep
|
|t:|1783719572
|switch|p2a: Aerodactyl|Aerodactyl, L50, M|100/100
|turn|4
|
|t:|1783719584
|switch|p1b: Metagross|Metagross-Mega, L50|100/100
|detailschange|p2a: Aerodactyl|Aerodactyl-Mega, L50, M
|-mega|p2a: Aerodactyl|Aerodactyl|Aerodactylite
|move|p2a: Aerodactyl|Dual Wingbeat|p1b: Metagross
|-resisted|p1b: Metagross|1
|-damage|p1b: Metagross|87/100
|-resisted|p1b: Metagross|1
|-damage|p1b: Metagross|75/100
|-hitcount|p1b: Metagross|2
|move|p2b: Whimsicott|Moonblast|p1a: Sylveon
|-damage|p1a: Sylveon|74/100
|-unboost|p1a: Sylveon|spa|1
|move|p1a: Sylveon|Hyper Voice|p2b: Whimsicott|[spread] p2a,p2b
|-damage|p2a: Aerodactyl|62/100
|-damage|p2b: Whimsicott|0 fnt
|faint|p2b: Whimsicott
|
|upkeep
|
|t:|1783719591
|switch|p2b: Sylveon|Sylveon, L50, F|100/100
|turn|5
|
|t:|1783719610
|switch|p1a: Gholdengo|Gholdengo, L50|100/100
|move|p2a: Aerodactyl|Protect|p2a: Aerodactyl
|-singleturn|p2a: Aerodactyl|Protect
|move|p1b: Metagross|Iron Head|p2a: Aerodactyl
|-activate|p2a: Aerodactyl|move: Protect
|move|p2b: Sylveon|Mystical Fire|p1b: Metagross
|-supereffective|p1b: Metagross|1
|-damage|p1b: Metagross|16/100
|-unboost|p1b: Metagross|spa|1
|
|upkeep
|turn|6
|l|☆novalynx
|player|p1|
|
|t:|1783719675
|move|p2b: Sylveon|Protect|p2b: Sylveon
|-singleturn|p2b: Sylveon|Protect
|move|p2a: Aerodactyl|Tailwind|p2a: Aerodactyl
|-sidestart|p2: abx647|move: Tailwind
|move|p1b: Metagross|Iron Head|p2b: Sylveon
|-activate|p2b: Sylveon|move: Protect
|move|p1a: Gholdengo|Make It Rain|p2a: Aerodactyl|[spread] p2a
|-activate|p2b: Sylveon|move: Protect
|-supereffective|p2a: Aerodactyl|1
|-damage|p2a: Aerodactyl|0 fnt
|-unboost|p1a: Gholdengo|spa|2
|faint|p2a: Aerodactyl
|-damage|p1a: Gholdengo|90/100|[from] item: Life Orb
|
|upkeep
|turn|7
|j|☆novalynx
|player|p1|novalynx|lady|
|
|t:|1783719693
|switch|p1a: Whimsicott|Whimsicott, L50, M|100/100
|move|p1b: Metagross|Iron Head|p2b: Sylveon
|-supereffective|p2b: Sylveon|1
|-damage|p2b: Sylveon|0 fnt
|faint|p2b: Sylveon
|
|win|novalynx
|raw|novalynx's rating: 1000 → 1046(+46 for winning)
|raw|abx647's rating: 1054 → 1033(-21 for losing)
