|j|☆itsvalkyrie
|j|☆noclickmoongeist
|html|itsvalkyrienoclickmoongeist    
|uhtml|bestof|Game 2 of a best-of-3
|t:|1756688438
|gametype|doubles
|player|p1|itsvalkyrie|blackbelt-gen4dp|1000
|player|p2|noclickmoongeist|102|1068
|gen|9
|tier|[Gen 9] VGC 2025 Reg H (Bo3)
|rated|
|rule|Species Clause: Limit one of each Pokémon
|rule|Item Clause: Limit 1 of each item
|clearpoke
|poke|p1|Ursaluna, L50, F|
|poke|p1|Gholdengo, L50|
|poke|p1|Porygon2, L50|
|poke|p1|Amoonguss, L50, F|
|poke|p1|Incineroar, L50, M|
|poke|p1|Hydreigon, L50, M|
|poke|p2|Torkoal, L50, F|
|poke|p2|Hatterene, L50, F|
|poke|p2|Indeedee-F, L50, F|
|poke|p2|Gallade, L50, M|
|poke|p2|Maushold, L50|
|poke|p2|Annihilape, L50, M|
|teampreview|4
|showteam|p1|Ursaluna||FlameOrb|Guts|Facade,Earthquake,HeadlongRush,Protect|||F|||50|,,,,,Ghost]Gholdengo||LifeOrb|GoodasGold|MakeItRain,ShadowBall,NastyPlot,Protect||||||50|,,,,,Water]Porygon2||Eviolite|Download|TeraBlast,IceBeam,Recover,TrickRoom||||||50|,,,,,Fighting]Amoonguss||CovertCloak|Regenerator|PollenPuff,ClearSmog,RagePowder,Spore|||F|||50|,,,,,Water]Incineroar||SitrusBerry|Intimidate|FakeOut,FlareBlitz,KnockOff,PartingShot|||M|||50|,,,,,Ghost]Hydreigon||SafetyGoggles|Levitate|DracoMeteor,Snarl,Tailwind,Protect|||M|||50|,,,,,Ghost
|showteam|p2|Torkoal||ChoiceSpecs|Drought|Eruption,HeatWave,WeatherBall,EarthPower|||F|||50|,,,,,Fire]Hatterene||CovertCloak|MagicBounce|ExpandingForce,DazzlingGleam,TeraBlast,TrickRoom|||F|||50|,,,,,Fire]Indeedee-F||PsychicSeed|PsychicSurge|FollowMe,HelpingHand,Psychic,TrickRoom|||F|||50|,,,,,Water]Gallade||ClearAmulet|Sharpness|PsychoCut,SacredSword,WideGuard,TrickRoom|||M|||50|,,,,,Grass]Maushold||WideLens|Technician|FollowMe,PopulationBomb,Taunt,Protect||||||50|,,,,,Ghost]Annihilape||ChoiceScarf|Defiant|FinalGambit,CloseCombat,Uturn,RageFist|||M|||50|,,,,,Fire
|inactive|Battle timer is ON: inactive players will automatically lose when time's up. (requested by itsvalkyrie)
|inactive|noclickmoongeist has 60 seconds left.
|
|t:|1756688483
|teamsize|p1|4
|teamsize|p2|4
|start
|switch|p1a: Porygon2|Porygon2, L50|100/100
|switch|p1b: Amoonguss|Amoonguss, L50, F|100/100
|switch|p2a: Indeedee|Indeedee-F, L50, F|100/100
|switch|p2b: Gallade|Gallade, L50, M|100/100
|-fieldstart|move: Psychic Terrain|[from] ability: Psychic Surge|[of] p2a: Indeedee
|-enditem|p2a: Indeedee|Psychic Seed
|-boost|p2a: Indeedee|spd|1|[from] item: Psychic Seed
|-ability|p1a: Porygon2|Download|boost
|-boost|p1a: Porygon2|atk|1
|turn|1
|inactive|itsvalkyrie has 30 seconds left.
|inactive|noclickmoongeist has 30 seconds left.
|
|t:|1756688518
|-terastallize|p1a: Porygon2|Fighting
|move|p2a: Indeedee|Follow Me|p2a: Indeedee
|-singleturn|p2a: Indeedee|move: Follow Me
|move|p1a: Porygon2|Tera Blast|p2a: Indeedee|[anim] Tera Blast Fighting
|-damage|p2a: Indeedee|80/100
|move|p2b: Gallade|Sacred Sword|p1a: Porygon2
|-damage|p1a: Porygon2|54/100
|move|p1b: Amoonguss|Spore|p2a: Indeedee
|-status|p2a: Indeedee|slp|[from] move: Spore
|
|upkeep
|turn|2
|
|t:|1756688542
|-terastallize|p2b: Gallade|Grass
|cant|p2a: Indeedee|slp
|move|p1a: Porygon2|Tera Blast|p2b: Gallade|[anim] Tera Blast Fighting
|-damage|p2b: Gallade|66/100
|move|p2b: Gallade|Psycho Cut|p1b: Amoonguss
|-supereffective|p1b: Amoonguss
|-damage|p1b: Amoonguss|0 fnt
|faint|p1b: Amoonguss
|
|upkeep
|
|t:|1756688553
|switch|p1b: Ursaluna|Ursaluna, L50, F|100/100
|turn|3
|
|t:|1756688573
|-curestatus|p2a: Indeedee|slp|[msg]
|move|p2a: Indeedee|Psychic|p1a: Porygon2
|-supereffective|p1a: Porygon2
|-damage|p1a: Porygon2|6/100
|move|p1b: Ursaluna|Facade|p2b: Gallade
|-damage|p2b: Gallade|11/100
|move|p1a: Porygon2|Recover|p1a: Porygon2
|-heal|p1a: Porygon2|56/100
|move|p2b: Gallade|Sacred Sword|p1b: Ursaluna
|-supereffective|p1b: Ursaluna
|-damage|p1b: Ursaluna|0 fnt
|faint|p1b: Ursaluna
|
|upkeep
|
|t:|1756688586
|switch|p1b: Gholdengo|Gholdengo, L50|100/100
|turn|4
|
|t:|1756688603
|move|p1b: Gholdengo|Make It Rain|p2a: Indeedee|[spread] p2a,p2b
|-damage|p2a: Indeedee|41/100
|-damage|p2b: Gallade|0 fnt
|-unboost|p1b: Gholdengo|spa|1
|faint|p2b: Gallade
|-damage|p1b: Gholdengo|91/100|[from] item: Life Orb
|move|p1a: Porygon2|Tera Blast|p2a: Indeedee|[anim] Tera Blast Fighting
|-damage|p2a: Indeedee|20/100
|move|p2a: Indeedee|Trick Room|p2a: Indeedee
|-fieldstart|move: Trick Room|[of] p2a: Indeedee
|
|upkeep
|
|t:|1756688614
|switch|p2b: Torkoal|Torkoal, L50, F|100/100
|-weather|SunnyDay|[from] ability: Drought|[of] p2b: Torkoal
|turn|5
|
|t:|1756688627
|move|p2a: Indeedee|Helping Hand|p2b: Torkoal
|-singleturn|p2b: Torkoal|Helping Hand|[of] p2a: Indeedee
|move|p1b: Gholdengo|Protect|p1b: Gholdengo
|-singleturn|p1b: Gholdengo|Protect
|move|p2b: Torkoal|Eruption|p1b: Gholdengo|[spread] p1a
|-activate|p1b: Gholdengo|move: Protect
|-damage|p1a: Porygon2|0 fnt
|faint|p1a: Porygon2
|
|-weather|SunnyDay|[upkeep]
|-fieldend|move: Psychic Terrain
|upkeep
|turn|6
|
|t:|1756688641
|move|p2a: Indeedee|Helping Hand|p2b: Torkoal
|-singleturn|p2b: Torkoal|Helping Hand|[of] p2a: Indeedee
|move|p2b: Torkoal|Eruption|p1b: Gholdengo
|-supereffective|p1b: Gholdengo
|-damage|p1b: Gholdengo|0 fnt
|faint|p1b: Gholdengo
|
|win|noclickmoongeist
||itsvalkyrie is ready for game 3.
||noclickmoongeist is ready for game 3.
|uhtml|next|Next: Game 3 of 3
|l|☆itsvalkyrie
|player|p1|
