|j|☆ThierryVGC
|j|☆Beeetch
|html|ThierryVGCBeeetch    
|uhtml|bestof|Game 2 of a best-of-3
|t:|1756422536
|gametype|doubles
|player|p1|ThierryVGC|101|1205
|player|p2|Beeetch|beauty-gen4dp|1337
|gen|9
|tier|[Gen 9] VGC 2025 Reg H (Bo3)
|rated|
|rule|Species Clause: Limit one of each Pokémon
|rule|Item Clause: Limit 1 of each item
|clearpoke
|poke|p1|Garchomp, L50, F|
|poke|p1|Drifblim, L50, F|
|poke|p1|Indeedee, L50, M|
|poke|p1|Sneasler, L50, F|
|poke|p1|Corviknight, L50, M|
|poke|p1|Grimmsnarl, L50, M|
|poke|p2|Toedscruel, L50, M|
|poke|p2|Weezing-Galar, L50, F|
|poke|p2|Corviknight, L50, M|
|poke|p2|Pawmot, L50, M|
|poke|p2|Garchomp, L50, M|
|poke|p2|Typhlosion-Hisui, L50, M|
|teampreview|4
|showteam|p1|Garchomp||LifeOrb|RoughSkin|Earthquake,StompingTantrum,DragonClaw,Protect|||F|||50|,,,,,Ground]Drifblim||PsychicSeed|Unburden|Acrobatics,WillOWisp,Tailwind,Haze|||F|||50|,,,,,Grass]Indeedee||FocusSash|PsychicSurge|ExpandingForce,TeraBlast,Imprison,TrickRoom|||M|||50|,,,,,Ground]Sneasler||WhiteHerb|Unburden|DireClaw,CloseCombat,ThroatChop,Protect|||F|||50|,,,,,Dark]Corviknight||LumBerry|MirrorArmor|BraveBird,BodyPress,BulkUp,Roost|||M|||50|,,,,,Dragon]Grimmsnarl||LightClay|Prankster|SpiritBreak,LightScreen,Reflect,ThunderWave|||M|||50|,,,,,Dark
|showteam|p2|Toedscruel||CovertCloak|MyceliumMight|Spore,EarthPower,AcidSpray,RagePowder|||M|||50|,,,,,Water]Weezing-Galar||ChoiceSpecs|NeutralizingGas|DazzlingGleam,SludgeBomb,StrangeSteam,Flamethrower|||F|||50|,,,,,Flying]Corviknight||SitrusBerry|MirrorArmor|Protect,Tailwind,Roost,BraveBird|||M|||50|,,,,,Dragon]Pawmot||FocusSash|NaturalCure|Protect,CloseCombat,DoubleShock,FakeOut|||M|||50|,,,,,Electric]Garchomp||LifeOrb|RoughSkin|Protect,Earthquake,DragonClaw,StompingTantrum|||M|||50|,,,,,Ground]Typhlosion-Hisui||ChoiceScarf|Blaze|Eruption,SleepTalk,HeatWave,ShadowBall|||M|||50|,,,,,Fire
|
|t:|1756422568
|teamsize|p1|4
|teamsize|p2|4
|start
|switch|p1a: Garchomp|Garchomp, L50, F|100/100
|switch|p1b: Sneasler|Sneasler, L50, F|100/100
|switch|p2a: Weezing|Weezing-Galar, L50, F|100/100
|switch|p2b: Garchomp|Garchomp, L50, M|100/100
|-ability|p2a: Weezing|Neutralizing Gas
|turn|1
|
|t:|1756422596
|-terastallize|p2a: Weezing|Flying
|move|p1a: Garchomp|Protect|p1a: Garchomp
|-singleturn|p1a: Garchomp|Protect
|move|p1b: Sneasler|Dire Claw|p2a: Weezing
|-damage|p2a: Weezing|59/100
|-status|p2a: Weezing|par
|move|p2b: Garchomp|Earthquake|p1b: Sneasler|[spread] p1b
|-activate|p1a: Garchomp|move: Protect
|-immune|p2a: Weezing
|-supereffective|p1b: Sneasler
|-damage|p1b: Sneasler|0 fnt
|faint|p1b: Sneasler
|-damage|p2b: Garchomp|91/100|[from] item: Life Orb
|move|p2a: Weezing|Dazzling Gleam|p1a: Garchomp
|-activate|p1a: Garchomp|move: Protect
|
|upkeep
|
|t:|1756422609
|switch|p1b: Corviknight|Corviknight, L50, M|100/100
|turn|2
|
|t:|1756422620
|move|p2b: Garchomp|Dragon Claw|p1a: Garchomp
|-supereffective|p1a: Garchomp
|-damage|p1a: Garchomp|0 fnt
|faint|p1a: Garchomp
|-damage|p2b: Garchomp|81/100|[from] item: Life Orb
|move|p1b: Corviknight|Bulk Up|p1b: Corviknight
|-boost|p1b: Corviknight|atk|1
|-boost|p1b: Corviknight|def|1
|cant|p2a: Weezing|par
|
|upkeep
|
|t:|1756422633
|switch|p1a: Indeedee|Indeedee, L50, M|100/100
|turn|3
|
|t:|1756422643
|move|p2b: Garchomp|Earthquake|p1a: Indeedee|[spread] p1a
|-immune|p2a: Weezing
|-immune|p1b: Corviknight
|-enditem|p1a: Indeedee|Focus Sash
|-damage|p1a: Indeedee|1/100
|-damage|p2b: Garchomp|71/100|[from] item: Life Orb
|move|p1a: Indeedee|Expanding Force|p2a: Weezing
|-damage|p2a: Weezing|2/100 par
|move|p1b: Corviknight|Bulk Up|p1b: Corviknight
|-boost|p1b: Corviknight|atk|1
|-boost|p1b: Corviknight|def|1
|cant|p2a: Weezing|par
|
|upkeep
|turn|4
|
|t:|1756422678
|-end|p2a: Weezing|ability: Neutralizing Gas
|-fieldstart|move: Psychic Terrain|[from] ability: Psychic Surge|[of] p1a: Indeedee
|switch|p2a: Corviknight|Corviknight, L50, M|100/100
|move|p2b: Garchomp|Earthquake|p1a: Indeedee|[spread] p1a
|-immune|p2a: Corviknight
|-immune|p1b: Corviknight
|-damage|p1a: Indeedee|0 fnt
|faint|p1a: Indeedee
|-damage|p2b: Garchomp|61/100|[from] item: Life Orb
|move|p1b: Corviknight|Brave Bird|p2b: Garchomp
|-damage|p2b: Garchomp|0 fnt
|-damage|p1b: Corviknight|88/100|[from] ability: Rough Skin|[of] p2b: Garchomp
|faint|p2b: Garchomp
|-damage|p1b: Corviknight|70/100|[from] Recoil
|
|upkeep
|
|t:|1756422694
|switch|p2b: Typhlosion|Typhlosion-Hisui, L50, M|100/100
|turn|5
|
|t:|1756422702
|-terastallize|p1b: Corviknight|Dragon
|move|p2b: Typhlosion|Shadow Ball|p1b: Corviknight
|-crit|p1b: Corviknight
|-damage|p1b: Corviknight|15/100
|move|p2a: Corviknight|Tailwind|p2a: Corviknight
|-sidestart|p2: Beeetch|move: Tailwind
|move|p1b: Corviknight|Brave Bird|p2b: Typhlosion
|-damage|p2b: Typhlosion|0 fnt
|faint|p2b: Typhlosion
|-damage|p1b: Corviknight|0 fnt|[from] Recoil
|faint|p1b: Corviknight
|
|win|Beeetch
|raw|ThierryVGC's rating: 1205 → 1189(-16 for losing)
|raw|Beeetch's rating: 1337 → 1350(+13 for winning)
