|j|☆Goatweebe69
|j|☆moth.o
|html|Goatweebe69moth.o    
|uhtml|bestof|Game 2 of a best-of-3
|t:|1756577174
|gametype|doubles
|player|p1|Goatweebe69|cynthia-gen4|1029
|player|p2|moth.o|roxie|1112
|gen|9
|tier|[Gen 9] VGC 2025 Reg H (Bo3)
|rated|
|rule|Species Clause: Limit one of each Pokémon
|rule|Item Clause: Limit 1 of each item
|clearpoke
|poke|p1|Azumarill, L50, F|
|poke|p1|Sinistcha, L50|
|poke|p1|Farigiraf, L50, M|
|poke|p1|Rillaboom, L50, M|
|poke|p1|Muk-Alola, L50, M|
|poke|p1|Arcanine-Hisui, L50, M|
|poke|p2|Arcanine-Hisui, L50, M|
|poke|p2|Indeedee-F, L50, F|
|poke|p2|Gallade, L50, M|
|poke|p2|Gholdengo, L50|
|poke|p2|Whimsicott, L50, F|
|poke|p2|Hydreigon, L50, M|
|teampreview|4
|showteam|p1|Azumarill||SitrusBerry|HugePower|AquaJet,BellyDrum,PlayRough,Protect|||F|||50|,,,,,Steel]Sinistcha||MentalHerb|Hospitality|RagePowder,MatchaGotcha,LifeDew,TrickRoom||||||50|,,,,,Water]Farigiraf||ThroatSpray|ArmorTail|HyperVoice,Psychic,TrickRoom,Protect|||M|||50|,,,,,Fairy]Rillaboom||MiracleSeed|GrassySurge|WoodHammer,GrassyGlide,FakeOut,Uturn|||M|||50|,,,,,Grass]Muk-Alola||FigyBerry|Gluttony|Curse,KnockOff,PoisonJab,Protect|||M|||50|,,,,,Flying]Arcanine-Hisui||AssaultVest|Intimidate|RockSlide,FlareBlitz,TeraBlast,ExtremeSpeed|||M|||50|,,,,,Fairy
|showteam|p2|Arcanine-Hisui||SafetyGoggles|Intimidate|Protect,RockSlide,FlareBlitz,ExtremeSpeed|||M|||50|,,,,,Fairy]Indeedee-F||SitrusBerry|PsychicSurge|TrickRoom,FollowMe,Psychic,HelpingHand|||F|||50|,,,,,Fairy]Gallade||LifeOrb|Sharpness|Protect,NightSlash,SacredSword,PsychoCut|||M|||50|,,,,,Grass]Gholdengo||ChoiceSpecs|GoodasGold|MakeItRain,ShadowBall,PowerGem,Thunderbolt||||||50|,,,,,Steel]Whimsicott||CovertCloak|Prankster|SunnyDay,Moonblast,Encore,Tailwind|||F|||50|,,,,,Dark]Hydreigon||AssaultVest|Levitate|Uturn,Snarl,DarkPulse,DracoMeteor|||M|||50|,,,,,Ghost
|
|t:|1756577194
|teamsize|p1|4
|teamsize|p2|4
|start
|switch|p1a: Sinistcha|Sinistcha, L50|100/100
|switch|p1b: Azumarill|Azumarill, L50, F|100/100
|switch|p2a: Gholdengo|Gholdengo, L50|100/100
|switch|p2b: Meigallo|Whimsicott, L50, F, shiny|100/100
|turn|1
|
|t:|1756577213
|-terastallize|p2a: Gholdengo|Steel
|-terastallize|p1a: Sinistcha|Water
|move|p2b: Meigallo|Moonblast|p1a: Sinistcha
|-damage|p1a: Sinistcha|77/100
|move|p2a: Gholdengo|Make It Rain|p1b: Azumarill|[spread] p1a,p1b
|-resisted|p1a: Sinistcha
|-damage|p1a: Sinistcha|28/100
|-damage|p1b: Azumarill|3/100
|-unboost|p2a: Gholdengo|spa|1
|-enditem|p1b: Azumarill|Sitrus Berry|[eat]
|-heal|p1b: Azumarill|28/100|[from] item: Sitrus Berry
|move|p1b: Azumarill|Belly Drum||[still]
|-fail|p1b: Azumarill
|move|p1a: Sinistcha|Trick Room|p1a: Sinistcha
|-fieldstart|move: Trick Room|[of] p1a: Sinistcha
|
|upkeep
|turn|2
|
|t:|1756577240
|move|p1b: Azumarill|Protect|p1b: Azumarill
|-singleturn|p1b: Azumarill|Protect
|move|p2b: Meigallo|Encore|p1a: Sinistcha
|-start|p1a: Sinistcha|Encore
|-enditem|p1a: Sinistcha|Mental Herb
|-end|p1a: Sinistcha|Encore
|move|p1a: Sinistcha|Life Dew|p1a: Sinistcha|[spread] p1a,p1b
|-heal|p1a: Sinistcha|53/100
|-heal|p1b: Azumarill|53/100
|move|p2a: Gholdengo|Make It Rain|p1a: Sinistcha|[spread] p1a
|-activate|p1b: Azumarill|move: Protect
|-resisted|p1a: Sinistcha
|-damage|p1a: Sinistcha|23/100
|-unboost|p2a: Gholdengo|spa|1
|
|upkeep
|turn|3
|
|t:|1756577267
|move|p1b: Azumarill|Aqua Jet|p2a: Gholdengo
|-damage|p2a: Gholdengo|72/100
|move|p2b: Meigallo|Encore|p1b: Azumarill
|-start|p1b: Azumarill|Encore
|move|p1a: Sinistcha|Life Dew|p1a: Sinistcha|[spread] p1a,p1b
|-heal|p1a: Sinistcha|48/100
|-heal|p1b: Azumarill|78/100
|move|p2a: Gholdengo|Make It Rain|p1b: Azumarill|[spread] p1a,p1b
|-resisted|p1a: Sinistcha
|-damage|p1a: Sinistcha|24/100
|-damage|p1b: Azumarill|24/100
|-unboost|p2a: Gholdengo|spa|1
|
|upkeep
|turn|4
|
|t:|1756577286
|switch|p2b: Fenrir|Arcanine-Hisui, L50, M|100/100
|-ability|p2b: Fenrir|Intimidate|boost
|-unboost|p1a: Sinistcha|atk|1
|-unboost|p1b: Azumarill|atk|1
|move|p1b: Azumarill|Aqua Jet|p2a: Gholdengo
|-damage|p2a: Gholdengo|52/100
|move|p1a: Sinistcha|Life Dew|p1a: Sinistcha|[spread] p1a,p1b
|-heal|p1a: Sinistcha|49/100
|-heal|p1b: Azumarill|49/100
|move|p2a: Gholdengo|Make It Rain|p1a: Sinistcha|[spread] p1a,p1b
|-resisted|p1a: Sinistcha
|-damage|p1a: Sinistcha|31/100
|-damage|p1b: Azumarill|6/100
|-unboost|p2a: Gholdengo|spa|1
|
|upkeep
|turn|5
|
|t:|1756577325
|switch|p1a: Muk|Muk-Alola, L50, M|100/100
|switch|p2a: Meigallo|Whimsicott, L50, F, shiny|100/100
|move|p2b: Fenrir|Protect|p2b: Fenrir
|-singleturn|p2b: Fenrir|Protect
|move|p1b: Azumarill|Aqua Jet|p2b: Fenrir
|-activate|p2b: Fenrir|move: Protect
|
|-fieldend|move: Trick Room
|upkeep
|turn|6
|
|t:|1756577346
|switch|p1b: Sinistcha|Sinistcha, L50, tera:Water|31/100
|move|p2a: Meigallo|Sunny Day|p2a: Meigallo
|-weather|SunnyDay
|move|p2b: Fenrir|Flare Blitz|p1a: Muk
|-damage|p1a: Muk|3/100
|-enditem|p1a: Muk|Figy Berry|[eat]
|-heal|p1a: Muk|36/100|[from] item: Figy Berry
|-damage|p2b: Fenrir|60/100|[from] Recoil
|move|p1a: Muk|Curse|p1a: Muk
|-unboost|p1a: Muk|spe|1
|-boost|p1a: Muk|atk|1
|-boost|p1a: Muk|def|1
|
|-weather|SunnyDay|[upkeep]
|upkeep
|turn|7
|
|t:|1756577366
|move|p1a: Muk|Protect|p1a: Muk
|-singleturn|p1a: Muk|Protect
|move|p2a: Meigallo|Moonblast|p1b: Sinistcha
|-damage|p1b: Sinistcha|5/100
|move|p2b: Fenrir|Rock Slide|p1b: Sinistcha|[spread] p1b
|-activate|p1a: Muk|move: Protect
|-damage|p1b: Sinistcha|0 fnt
|faint|p1b: Sinistcha
|
|-weather|SunnyDay|[upkeep]
|upkeep
|
|t:|1756577377
|switch|p1b: Rillaboom|Rillaboom, L50, M|100/100
|-fieldstart|move: Grassy Terrain|[from] ability: Grassy Surge|[of] p1b: Rillaboom
|turn|8
|
|t:|1756577388
|switch|p2b: Gholdengo|Gholdengo, L50, tera:Steel|52/100
|move|p1b: Rillaboom|Fake Out|p2b: Gholdengo
|-resisted|p2b: Gholdengo
|-damage|p2b: Gholdengo|44/100
|move|p2a: Meigallo|Encore|p1b: Rillaboom
|-start|p1b: Rillaboom|Encore
|move|p1a: Muk|Knock Off|p2b: Gholdengo
|-damage|p2b: Gholdengo|0 fnt
|-enditem|p2b: Gholdengo|Choice Specs|[from] move: Knock Off|[of] p1a: Muk
|faint|p2b: Gholdengo
|
|-weather|SunnyDay|[upkeep]
|-heal|p1a: Muk|42/100|[from] Grassy Terrain
|upkeep
|
|t:|1756577403
|switch|p2b: Galantería|Gallade, L50, M, shiny|100/100
|turn|9
|
|t:|1756577419
|switch|p1b: Azumarill|Azumarill, L50, F|6/100
|move|p2a: Meigallo|Moonblast|p1b: Azumarill
|-damage|p1b: Azumarill|0 fnt
|faint|p1b: Azumarill
|move|p2b: Galantería|Sacred Sword|p1a: Muk
|-damage|p1a: Muk|0 fnt
|faint|p1a: Muk
|-damage|p2b: Galantería|91/100|[from] item: Life Orb
|
|-weather|SunnyDay|[upkeep]
|-heal|p2b: Galantería|96/100|[from] Grassy Terrain
|upkeep
|
|t:|1756577428
|switch|p1b: Rillaboom|Rillaboom, L50, M|100/100
|turn|10
|-message|Goatweebe69 forfeited.
|raw|Goatweebe69's rating: 1029 → 1018(-11 for losing)
|raw|moth.o's rating: 1112 → 1131(+19 for winning)
|
|win|moth.o
|l|☆Goatweebe69
|player|p1|
|l|☆moth.o
|player|p2|
|j|☆moth.o
|player|p2|moth.o|roxie|
