|j|☆DDXDonYT
|j|☆AquamarineVGC
|html|DDXDonYTAquamarineVGC    
|uhtml|bestof|Game 2 of a best-of-3
|t:|1757102876
|gametype|doubles
|player|p1|DDXDonYT|cynthia-gen4|
|player|p2|AquamarineVGC|lucas-gen4pt|
|gen|9
|tier|[Gen 9] VGC 2025 Reg H (Bo3)
|rule|Species Clause: Limit one of each Pokémon
|rule|Item Clause: Limit 1 of each item
|clearpoke
|poke|p1|Rillaboom, L50, F|
|poke|p1|Magmar, L50, M|
|poke|p1|Kingambit, L50, M|
|poke|p1|Ninetales-Alola, L50, M|
|poke|p1|Basculegion, L50, M|
|poke|p1|Sneasler, L50, F|
|poke|p2|Ninetales-Alola, L50, M|
|poke|p2|Porygon2, L50|
|poke|p2|Ursaluna, L50, F|
|poke|p2|Staraptor, L50, M|
|poke|p2|Rotom-Frost, L50|
|poke|p2|Annihilape, L50, F|
|teampreview|4
|showteam|p1|Rillaboom||AssaultVest|GrassySurge|DrumBeating,GrassyGlide,FakeOut,Uturn|||F|||50|,,,,,Ghost]Magmar||Eviolite|VitalSpirit|Overheat,FollowMe,Taunt,Protect|||M|||50|,,,,,Ghost]Kingambit||BlackGlasses|Defiant|KowtowCleave,SuckerPunch,SwordsDance,Protect|||M|||50|,,,,,Fire]Ninetales-Alola||LifeOrb|SnowWarning|Blizzard,FreezeDry,Encore,Protect|||M|||50|,,,,,Ghost]Basculegion||ChoiceScarf|Adaptability|WaveCrash,LastRespects,FlipTurn,TeraBlast|||M|||50|,,,,,Fighting]Sneasler||FocusSash|PoisonTouch|CloseCombat,DireClaw,FakeOut,Protect|||F|||50|,,,,,Ghost
|showteam|p2|Ninetales-Alola||CovertCloak|SnowWarning|Blizzard,WeatherBall,AuroraVeil,Protect|||M|||50|,,,,,Poison]Porygon2||Eviolite|Download|TeraBlast,IceBeam,Recover,TrickRoom||||||50|,,,,,Ground]Ursaluna||FlameOrb|Guts|Facade,HeadlongRush,Earthquake,Protect|||F|||50|,,,,,Ghost]Staraptor||MirrorHerb|Intimidate|Acrobatics,CloseCombat,Tailwind,Protect|||M|||50|,,,,,Fighting]Rotom-Frost||ChoiceSpecs|Levitate|Thunderbolt,VoltSwitch,Discharge,Blizzard||||||50|,,,,,Ghost]Annihilape||ScopeLens|Defiant|DrainPunch,RageFist,FocusEnergy,Protect|||F|||50|,,,,,Fire
|j| joeux19
|j| ryanpowneyissoslay
|j| ur1ryanpowney
|
|t:|1757102934
|teamsize|p1|4
|teamsize|p2|4
|start
|switch|p1a: Magmar|Magmar, L50, M|100/100
|switch|p1b: Sneasler|Sneasler, L50, F|100/100
|switch|p2a: Ninetales|Ninetales-Alola, L50, M|100/100
|switch|p2b: Staraptor|Staraptor, L50, M|100/100
|-weather|Snowscape|[from] ability: Snow Warning|[of] p2a: Ninetales
|-ability|p2b: Staraptor|Intimidate|boost
|-unboost|p1a: Magmar|atk|1
|-unboost|p1b: Sneasler|atk|1
|turn|1
|
|t:|1757102976
|move|p1b: Sneasler|Fake Out|p2b: Staraptor
|-damage|p2b: Staraptor|84/100
|-status|p2b: Staraptor|psn|[from] ability: Poison Touch|[of] p1b: Sneasler
|move|p2a: Ninetales|Aurora Veil|p2a: Ninetales
|-sidestart|p2: AquamarineVGC|move: Aurora Veil
|cant|p2b: Staraptor|flinch
|move|p1a: Magmar|Overheat|p2a: Ninetales
|-supereffective|p2a: Ninetales
|-damage|p2a: Ninetales|27/100
|-unboost|p1a: Magmar|spa|2
|
|-weather|Snowscape|[upkeep]
|-damage|p2b: Staraptor|71/100 psn|[from] psn
|upkeep
|turn|2
|
|t:|1757103006
|move|p2a: Ninetales|Blizzard|p1a: Magmar|[spread] p1a,p1b
|-resisted|p1a: Magmar
|-damage|p1a: Magmar|89/100
|-damage|p1b: Sneasler|62/100
|move|p1b: Sneasler|Dire Claw|p2a: Ninetales
|-supereffective|p2a: Ninetales
|-damage|p2a: Ninetales|0 fnt
|faint|p2a: Ninetales
|move|p2b: Staraptor|Tailwind|p2b: Staraptor
|-sidestart|p2: AquamarineVGC|move: Tailwind
|move|p1a: Magmar|Overheat|p2b: Staraptor
|-damage|p2b: Staraptor|47/100 psn
|-unboost|p1a: Magmar|spa|2
|
|-weather|Snowscape|[upkeep]
|-damage|p2b: Staraptor|35/100 psn|[from] psn
|upkeep
|
|t:|1757103022
|switch|p2a: Rotom|Rotom-Frost, L50|100/100
|turn|3
|
|t:|1757103038
|switch|p2b: Annihilape|Annihilape, L50, F|100/100
|move|p1b: Sneasler|Protect|p1b: Sneasler
|-singleturn|p1b: Sneasler|Protect
|move|p1a: Magmar|Protect|p1a: Magmar
|-singleturn|p1a: Magmar|Protect
|move|p2a: Rotom|Blizzard|p1b: Sneasler|[spread] 
|-activate|p1a: Magmar|move: Protect
|-activate|p1b: Sneasler|move: Protect
|
|-weather|Snowscape|[upkeep]
|upkeep
|turn|4
|
|t:|1757103051
|switch|p1a: Kingambit|Kingambit, L50, M|100/100
|move|p2a: Rotom|Blizzard|p1a: Kingambit|[spread] p1a,p1b
|-resisted|p1a: Kingambit
|-damage|p1a: Kingambit|75/100
|-damage|p1b: Sneasler|0 fnt
|faint|p1b: Sneasler
|move|p2b: Annihilape|Focus Energy|p2b: Annihilape
|-start|p2b: Annihilape|move: Focus Energy
|
|-weather|Snowscape|[upkeep]
|upkeep
|
|t:|1757103058
|switch|p1b: Magmar|Magmar, L50, M|89/100
|turn|5
|
|t:|1757103104
|switch|p2a: Staraptor|Staraptor, L50, M|35/100 psn
|-ability|p2a: Staraptor|Intimidate|boost
|-unboost|p1a: Kingambit|atk|1
|-ability|p1a: Kingambit|Defiant|boost
|-boost|p1a: Kingambit|atk|2
|-unboost|p1b: Magmar|atk|1
|-enditem|p2a: Staraptor|Mirror Herb
|-boost|p2a: Staraptor|atk|2|[from] item: Mirror Herb
|-terastallize|p2b: Annihilape|Fire
|-terastallize|p1a: Kingambit|Fire
|move|p1b: Magmar|Follow Me|p1b: Magmar
|-singleturn|p1b: Magmar|move: Follow Me
|move|p2b: Annihilape|Drain Punch|p1b: Magmar
|-crit|p1b: Magmar
|-damage|p1b: Magmar|47/100
|move|p1a: Kingambit|Swords Dance|p1a: Kingambit
|-boost|p1a: Kingambit|atk|2
|
|-weather|none
|-damage|p2a: Staraptor|22/100 psn|[from] psn
|-sideend|p2: AquamarineVGC|move: Tailwind
|-sideend|p2: AquamarineVGC|move: Aurora Veil
|upkeep
|turn|6
|
|t:|1757103147
|move|p2b: Annihilape|Protect|p2b: Annihilape
|-singleturn|p2b: Annihilape|Protect
|move|p1a: Kingambit|Protect|p1a: Kingambit
|-singleturn|p1a: Kingambit|Protect
|move|p2a: Staraptor|Tailwind|p2a: Staraptor
|-sidestart|p2: AquamarineVGC|move: Tailwind
|move|p1b: Magmar|Overheat|p2a: Staraptor
|-damage|p2a: Staraptor|0 fnt
|-unboost|p1b: Magmar|spa|2
|faint|p2a: Staraptor
|
|upkeep
|
|t:|1757103158
|switch|p2a: Rotom|Rotom-Frost, L50|100/100
|turn|7
|
|t:|1757103180
|move|p1b: Magmar|Follow Me|p1b: Magmar
|-singleturn|p1b: Magmar|move: Follow Me
|move|p1a: Kingambit|Sucker Punch|p2a: Rotom
|-damage|p2a: Rotom|0 fnt
|faint|p2a: Rotom
|move|p2b: Annihilape|Drain Punch|p1b: Magmar
|-crit|p1b: Magmar
|-damage|p1b: Magmar|5/100
|
|upkeep
|turn|8
|c|☆DDXDonYT|gg
|
|t:|1757103195
|move|p1b: Magmar|Follow Me|p1b: Magmar
|-singleturn|p1b: Magmar|move: Follow Me
|move|p2b: Annihilape|Drain Punch|p1b: Magmar
|-crit|p1b: Magmar
|-damage|p1b: Magmar|0 fnt
|faint|p1b: Magmar
|move|p1a: Kingambit|Kowtow Cleave|p2b: Annihilape
|-damage|p2b: Annihilape|0 fnt
|faint|p2b: Annihilape
|
|win|DDXDonYT
|c|☆AquamarineVGC|GG
|c|☆DDXDonYT|like the team man
|c|☆DDXDonYT|crazy cook!
|c|☆AquamarineVGC|Thanks, been working on this for a few weeks
|c|☆AquamarineVGC|Thanks for the scrim, enjoy your weekend
|c|☆DDXDonYT|you too!
