|j|☆Astarosa9001
|j|☆FRattfratz
|html|Astarosa9001FRattfratz    
|uhtml|bestof|Game 2 of a best-of-3
|t:|1783272455
|gametype|doubles
|player|p1|Astarosa9001|geeta|
|player|p2|FRattfratz|pokemonrangerf-gen4|
|gen|9
|tier|[Gen 9 Champions] VGC 2026 Reg M-B (Bo3)
|rule|Species Clause: Limit one of each Pokémon
|rule|Item Clause: Limit 1 of each item
|clearpoke
|poke|p1|Farigiraf, L50, M|
|poke|p1|Heliolisk, L50, M|
|poke|p1|Crabominable, L50, M|
|poke|p1|Torkoal, L50, M|
|poke|p1|Aerodactyl, L50, F|
|poke|p1|Vileplume, L50, M|
|poke|p2|Meowstic, L50, M|
|poke|p2|Noivern, L50, F|
|poke|p2|Jolteon, L50, M|
|poke|p2|Basculegion-F, L50, F|
|poke|p2|Overqwil, L50, M|
|poke|p2|Pyroar, L50, F|
|teampreview|4
|showteam|p1|Farigiraf||MentalHerb|ArmorTail|TrickRoom,Protect,HyperVoice,Psychic|Sassy||M|||50|]Heliolisk||ChoiceScarf|SolarPower|HyperBeam,Thunderbolt,ShedTail,WeatherBall|Modest||M|||50|]Crabominable||Crabominite|HyperCutter|DrainPunch,IceHammer,KnockOff,Protect|Adamant||M|||50|]Torkoal||Charcoal|Drought|Eruption,EarthPower,Protect,HeatWave|Modest||M|||50|]Aerodactyl||Aerodactylite|Unnerve|RockSlide,Tailwind,DualWingbeat,WideGuard|Jolly||F|||50|]Vileplume||WideLens|Chlorophyll|SleepPowder,AfterYou,PollenPuff,Protect|Timid||M|||50|
|showteam|p2|Meowstic||SitrusBerry|Prankster|FakeOut,ThunderWave,RainDance,Gravity|Bold||M|||50|]Noivern||FocusSash|Frisk|Whirlwind,Hurricane,Tailwind,Taunt|Timid||F|||50|]Jolteon||ExpertBelt|VoltAbsorb|VoltSwitch,Thunder,WeatherBall,Protect|Timid||M|||50|]Basculegion-F||ChoiceScarf|Adaptability|HydroPump,ShadowBall,FlipTurn,IceBeam|Modest||F|||50|]Overqwil||LifeOrb|SwiftSwim|ThroatChop,GunkShot,Liquidation,Protect|Adamant||M|||50|]Pyroar||Pyroarite|Unnerve|FireBlast,HeatWave,Protect,WillOWisp|Timid||F|||50|
|
|t:|1783272509
|teamsize|p1|4
|teamsize|p2|4
|start
|switch|p1a: Aerodactyl|Aerodactyl, L50, F|100/100
|switch|p1b: Farigiraf|Farigiraf, L50, M|100/100
|switch|p2a: Meowstic|Meowstic, L50, M|100/100
|switch|p2b: Battata|Noivern, L50, F|100/100
|-ability|p1a: Aerodactyl|Unnerve
|-item|p1a: Aerodactyl|Aerodactylite|[from] ability: Frisk|[of] p2b: Battata
|-item|p1b: Farigiraf|Mental Herb|[from] ability: Frisk|[of] p2b: Battata
|turn|1
|
|t:|1783272549
|detailschange|p1a: Aerodactyl|Aerodactyl-Mega, L50, F
|-mega|p1a: Aerodactyl|Aerodactyl|Aerodactylite
|move|p2a: Meowstic|Gravity|p2a: Meowstic
|-fieldstart|move: Gravity
|move|p1a: Aerodactyl|Rock Slide|p2a: Meowstic|[spread] p2a,p2b
|-supereffective|p2b: Battata|1
|-damage|p2a: Meowstic|75/100
|-damage|p2b: Battata|25/100
|move|p2b: Battata|Whirlwind|p1b: Farigiraf
|drag|p1b: Vileplume|Vileplume, L50, M|100/100
|
|upkeep
|turn|2
|
|t:|1783272572
|move|p2a: Meowstic|Rain Dance|p2a: Meowstic
|-weather|RainDance
|move|p1a: Aerodactyl|Tailwind|p1a: Aerodactyl
|-sidestart|p1: Astarosa9001|move: Tailwind
|move|p1b: Vileplume|Sleep Powder|p2a: Meowstic
|-status|p2a: Meowstic|slp|[from] move: Sleep Powder
|move|p2b: Battata|Taunt|p1b: Vileplume
|-start|p1b: Vileplume|move: Taunt
|
|-weather|RainDance|[upkeep]
|upkeep
|turn|3
|
|t:|1783272595
|switch|p1b: Farigiraf|Farigiraf, L50, M|100/100
|switch|p2a: Overqwil|Overqwil, L50, M|100/100
|move|p1a: Aerodactyl|Rock Slide|p2b: Battata|[spread] p2a,p2b
|-supereffective|p2b: Battata|1
|-damage|p2a: Overqwil|64/100
|-damage|p2b: Battata|0 fnt
|faint|p2b: Battata
|
|-weather|RainDance|[upkeep]
|upkeep
|
|t:|1783272605
|switch|p2b: Pyroar|Pyroar, L50, F|100/100
|-ability|p2b: Pyroar|Unnerve
|turn|4
|
|t:|1783272623
|move|p2b: Pyroar|Protect|p2b: Pyroar
|-singleturn|p2b: Pyroar|Protect
|move|p1a: Aerodactyl|Rock Slide|p2b: Pyroar|[spread] p2a
|-activate|p2b: Pyroar|move: Protect
|-damage|p2a: Overqwil|30/100
|move|p2a: Overqwil|Liquidation|p1a: Aerodactyl
|-supereffective|p1a: Aerodactyl|1
|-damage|p1a: Aerodactyl|0 fnt
|faint|p1a: Aerodactyl
|-damage|p2a: Overqwil|20/100y|[from] item: Life Orb
|move|p1b: Farigiraf|Hyper Voice|p2a: Overqwil|[spread] p2a
|-activate|p2b: Pyroar|move: Protect
|-damage|p2a: Overqwil|0 fnt
|faint|p2a: Overqwil
|
|-weather|RainDance|[upkeep]
|upkeep
|
|t:|1783272638
|switch|p1a: Heliolisk|Heliolisk, L50, M|100/100
|switch|p2a: Meowstic|Meowstic, L50, M|75/100 slp
|turn|5
|
|t:|1783272656
|detailschange|p2b: Pyroar|Pyroar-Mega, L50, F
|-mega|p2b: Pyroar|Pyroar|Pyroarite
|cant|p2a: Meowstic|slp
|move|p1a: Heliolisk|Hyper Beam|p2b: Pyroar
|-damage|p2b: Pyroar|2/100
|-mustrecharge|p1a: Heliolisk
|move|p2b: Pyroar|Fire Blast|p1b: Farigiraf
|-damage|p1b: Farigiraf|70/100
|move|p1b: Farigiraf|Hyper Voice|p2a: Meowstic|[spread] p2a,p2b
|-damage|p2a: Meowstic|43/100 slp
|-damage|p2b: Pyroar|0 fnt
|-enditem|p2a: Meowstic|Sitrus Berry|[eat]
|-heal|p2a: Meowstic|68/100 slp|[from] item: Sitrus Berry
|faint|p2b: Pyroar
|
|-weather|RainDance|[upkeep]
|-sideend|p1: Astarosa9001|move: Tailwind
|-fieldend|move: Gravity
|upkeep
|turn|6
|
|t:|1783272674
|-curestatus|p2a: Meowstic|slp|[msg]
|move|p2a: Meowstic|Gravity|p2a: Meowstic
|-fieldstart|move: Gravity
|cant|p1a: Heliolisk|recharge
|move|p1b: Farigiraf|Hyper Voice|p2a: Meowstic
|-damage|p2a: Meowstic|28/100
|
|-weather|none
|upkeep
|turn|7
|
|t:|1783272683
|move|p2a: Meowstic|Rain Dance|p2a: Meowstic
|-weather|RainDance
|move|p1a: Heliolisk|Hyper Beam|p2a: Meowstic
|-damage|p2a: Meowstic|0 fnt
|-mustrecharge|p1a: Heliolisk
|faint|p2a: Meowstic
|
|win|Astarosa9001
|c|☆Astarosa9001|gg
