|j|☆Gyaradostyranitar
|j|☆bennobad
|html|Gyaradostyranitarbennobad    
|uhtml|bestof|Game 2 of a best-of-3
|t:|1756978995
|gametype|doubles
|player|p1|Gyaradostyranitar|adaman|1291
|player|p2|bennobad|1|1290
|gen|9
|tier|[Gen 9] VGC 2025 Reg H (Bo3)
|rated|
|rule|Species Clause: Limit one of each Pokémon
|rule|Item Clause: Limit 1 of each item
|clearpoke
|poke|p1|Amoonguss, L50, M|
|poke|p1|Ursaluna, L50, F|
|poke|p1|Hydreigon, L50, F|
|poke|p1|Incineroar, L50, M|
|poke|p1|Porygon2, L50|
|poke|p1|Gholdengo, L50|
|poke|p2|Ursaluna, L50, F|
|poke|p2|Hydreigon, L50, M|
|poke|p2|Gholdengo, L50|
|poke|p2|Incineroar, L50, F|
|poke|p2|Amoonguss, L50, F|
|poke|p2|Porygon2, L50|
|teampreview|4
|showteam|p1|Amoonguss||RockyHelmet|Regenerator|PollenPuff,Spore,RagePowder,Protect|||M|||50|,,,,,Water]Ursaluna||FlameOrb|Guts|Facade,HeadlongRush,Earthquake,Protect|||F|||50|,,,,,Ghost]Hydreigon||SafetyGoggles|Levitate|DracoMeteor,Protect,Tailwind,Snarl|||F|||50|,,,,,Ghost]Incineroar||SitrusBerry|Intimidate|FlareBlitz,KnockOff,PartingShot,FakeOut|||M|||50|,,,,,Ghost]Porygon2||Eviolite|Download|TeraBlast,IceBeam,Recover,TrickRoom||||||50|,,,,,Fighting]Gholdengo||MetalCoat|GoodasGold|MakeItRain,ShadowBall,NastyPlot,Protect||||||50|,,,,,Water
|showteam|p2|Ursaluna||FlameOrb|Guts|Facade,HeadlongRush,Substitute,Protect|||F|||50|,,,,,Fairy]Hydreigon||CovertCloak|Levitate|DracoMeteor,Snarl,Tailwind,Protect|||M|||50|,,,,,Steel]Gholdengo||LifeOrb|GoodasGold|MakeItRain,ShadowBall,Protect,NastyPlot||||||50|,,,,,Dragon]Incineroar||AssaultVest|Intimidate|KnockOff,FlareBlitz,Uturn,FakeOut|||F|||50|,,,,,Grass]Amoonguss||MentalHerb|Regenerator|Spore,RagePowder,ClearSmog,Protect|||F|||50|,,,,,Fire]Porygon2||Eviolite|Download|TeraBlast,Thunderbolt,Recover,TrickRoom||||||50|,,,,,Fairy
|inactive|Battle timer is ON: inactive players will automatically lose when time's up. (requested by Gyaradostyranitar)
|
|t:|1756979024
|teamsize|p1|4
|teamsize|p2|4
|start
|switch|p1a: Porygon2|Porygon2, L50|100/100
|switch|p1b: Incineroar|Incineroar, L50, M|100/100
|switch|p2a: Hydreigon|Hydreigon, L50, M, shiny|100/100
|switch|p2b: Gholdengo|Gholdengo, L50, shiny|100/100
|-ability|p1b: Incineroar|Intimidate|boost
|-unboost|p2a: Hydreigon|atk|1
|-unboost|p2b: Gholdengo|atk|1
|-ability|p1a: Porygon2|Download|boost
|-boost|p1a: Porygon2|spa|1
|turn|1
|
|t:|1756979038
|switch|p2b: Incineroar|Incineroar, L50, F, shiny|100/100
|-ability|p2b: Incineroar|Intimidate|boost
|-unboost|p1a: Porygon2|atk|1
|-unboost|p1b: Incineroar|atk|1
|move|p2a: Hydreigon|Snarl|p1b: Incineroar|[spread] p1a,p1b
|-resisted|p1b: Incineroar
|-damage|p1a: Porygon2|88/100
|-damage|p1b: Incineroar|94/100
|-unboost|p1a: Porygon2|spa|1
|-unboost|p1b: Incineroar|spa|1
|move|p1b: Incineroar|Parting Shot|p2a: Hydreigon
|-unboost|p2a: Hydreigon|atk|1
|-unboost|p2a: Hydreigon|spa|1
|
|t:|1756979042
|switch|p1b: Ursaluna|Ursaluna, L50, F|100/100|[from] Parting Shot
|move|p1a: Porygon2|Trick Room|p1a: Porygon2
|-fieldstart|move: Trick Room|[of] p1a: Porygon2
|
|-status|p1b: Ursaluna|brn|[from] item: Flame Orb
|upkeep
|turn|2
|inactive|Gyaradostyranitar has 30 seconds left.
|inactive|bennobad has 30 seconds left.
|
|t:|1756979068
|switch|p1a: Manolo|Amoonguss, L50, M|100/100
|switch|p2a: Gholdengo|Gholdengo, L50, shiny|100/100
|-terastallize|p1b: Ursaluna|Ghost
|-terastallize|p2b: Incineroar|Grass
|move|p1b: Ursaluna|Facade|p2b: Incineroar
|-damage|p2b: Incineroar|0 fnt
|faint|p2b: Incineroar
|
|-damage|p1b: Ursaluna|95/100 brn|[from] brn
|upkeep
|
|t:|1756979083
|switch|p2b: Ursaluna|Ursaluna, L50, F|100/100
|turn|3
|inactive|bennobad has 30 seconds left.
|
|t:|1756979115
|switch|p2a: Hydreigon|Hydreigon, L50, M, shiny|100/100
|move|p2b: Ursaluna|Protect|p2b: Ursaluna
|-singleturn|p2b: Ursaluna|Protect
|move|p1a: Manolo|Spore|p2a: Hydreigon
|-status|p2a: Hydreigon|slp|[from] move: Spore
|move|p1b: Ursaluna|Headlong Rush|p2a: Hydreigon
|-immune|p2a: Hydreigon|[from] ability: Levitate
|
|-damage|p1b: Ursaluna|89/100 brn|[from] brn
|-status|p2b: Ursaluna|brn|[from] item: Flame Orb
|upkeep
|turn|4
|
|t:|1756979126
|switch|p2b: Gholdengo|Gholdengo, L50, shiny|100/100
|move|p1a: Manolo|Rage Powder|p1a: Manolo
|-singleturn|p1a: Manolo|move: Rage Powder
|move|p1b: Ursaluna|Facade|p2b: Gholdengo
|-immune|p2b: Gholdengo
|cant|p2a: Hydreigon|slp
|
|-damage|p1b: Ursaluna|83/100 brn|[from] brn
|upkeep
|turn|5
|
|t:|1756979146
|move|p2b: Gholdengo|Protect|p2b: Gholdengo
|-singleturn|p2b: Gholdengo|Protect
|-curestatus|p2a: Hydreigon|slp|[msg]
|move|p2a: Hydreigon|Protect|p2a: Hydreigon
|-singleturn|p2a: Hydreigon|Protect
|move|p1a: Manolo|Rage Powder|p1a: Manolo
|-singleturn|p1a: Manolo|move: Rage Powder
|move|p1b: Ursaluna|Facade|p2a: Hydreigon
|-activate|p2a: Hydreigon|move: Protect
|
|-damage|p1b: Ursaluna|77/100 brn|[from] brn
|-fieldend|move: Trick Room
|upkeep
|turn|6
|
|t:|1756979163
|move|p1a: Manolo|Rage Powder|p1a: Manolo
|-singleturn|p1a: Manolo|move: Rage Powder
|move|p2a: Hydreigon|Snarl|p1b: Ursaluna|[spread] p1a,p1b
|-supereffective|p1b: Ursaluna
|-damage|p1a: Manolo|86/100
|-damage|p1b: Ursaluna|41/100 brn
|-unboost|p1a: Manolo|spa|1
|-unboost|p1b: Ursaluna|spa|1
|move|p2b: Gholdengo|Make It Rain|p1a: Manolo|[spread] p1a,p1b
|-damage|p1a: Manolo|34/100
|-damage|p1b: Ursaluna|0 fnt
|-unboost|p2b: Gholdengo|spa|1
|faint|p1b: Ursaluna
|-damage|p2b: Gholdengo|91/100|[from] item: Life Orb
|
|upkeep
|
|t:|1756979170
|switch|p1b: Porygon2|Porygon2, L50|88/100
|-ability|p1b: Porygon2|Download|boost
|-boost|p1b: Porygon2|spa|1
|turn|7
|
|t:|1756979191
|switch|p1a: Incineroar|Incineroar, L50, M|94/100
|-ability|p1a: Incineroar|Intimidate|boost
|-unboost|p2a: Hydreigon|atk|1
|-unboost|p2b: Gholdengo|atk|1
|move|p2a: Hydreigon|Snarl|p1a: Incineroar|[spread] p1a,p1b
|-resisted|p1a: Incineroar
|-damage|p1a: Incineroar|87/100
|-damage|p1b: Porygon2|75/100
|-unboost|p1a: Incineroar|spa|1
|-unboost|p1b: Porygon2|spa|1
|move|p2b: Gholdengo|Make It Rain|p1a: Incineroar|[spread] p1a,p1b
|-resisted|p1a: Incineroar
|-damage|p1a: Incineroar|72/100
|-damage|p1b: Porygon2|50/100
|-unboost|p2b: Gholdengo|spa|1
|-damage|p2b: Gholdengo|82/100|[from] item: Life Orb
|move|p1b: Porygon2|Trick Room|p1b: Porygon2
|-fieldstart|move: Trick Room|[of] p1b: Porygon2
|
|upkeep
|turn|8
|inactive|bennobad has 30 seconds left.
|
|t:|1756979217
|move|p2b: Gholdengo|Protect|p2b: Gholdengo
|-singleturn|p2b: Gholdengo|Protect
|move|p1b: Porygon2|Ice Beam|p2a: Hydreigon
|-supereffective|p2a: Hydreigon
|-damage|p2a: Hydreigon|49/100
|move|p1a: Incineroar|Knock Off|p2b: Gholdengo
|-activate|p2b: Gholdengo|move: Protect
|move|p2a: Hydreigon|Snarl|p1a: Incineroar|[spread] p1a,p1b
|-resisted|p1a: Incineroar
|-damage|p1a: Incineroar|65/100
|-damage|p1b: Porygon2|40/100
|-unboost|p1a: Incineroar|spa|1
|-unboost|p1b: Porygon2|spa|1
|
|upkeep
|turn|9
|
|t:|1756979228
|switch|p2b: Ursaluna|Ursaluna, L50, F|100/100 brn
|move|p2a: Hydreigon|Protect|p2a: Hydreigon
|-singleturn|p2a: Hydreigon|Protect
|move|p1b: Porygon2|Ice Beam|p2a: Hydreigon
|-activate|p2a: Hydreigon|move: Protect
|move|p1a: Incineroar|Knock Off|p2b: Ursaluna
|-damage|p2b: Ursaluna|67/100 brn
|-enditem|p2b: Ursaluna|Flame Orb|[from] move: Knock Off|[of] p1a: Incineroar
|
|-damage|p2b: Ursaluna|61/100 brn|[from] brn
|upkeep
|turn|10
|
|t:|1756979251
|switch|p2a: Gholdengo|Gholdengo, L50, shiny|82/100
|move|p2b: Ursaluna|Protect|p2b: Ursaluna
|-singleturn|p2b: Ursaluna|Protect
|move|p1b: Porygon2|Ice Beam|p2b: Ursaluna
|-activate|p2b: Ursaluna|move: Protect
|move|p1a: Incineroar|Flare Blitz|p2b: Ursaluna
|-activate|p2b: Ursaluna|move: Protect
|
|-damage|p2b: Ursaluna|56/100 brn|[from] brn
|upkeep
|turn|11
|
|t:|1756979271
|move|p2a: Gholdengo|Protect|p2a: Gholdengo
|-singleturn|p2a: Gholdengo|Protect
|move|p1b: Porygon2|Ice Beam|p2b: Ursaluna
|-supereffective|p2b: Ursaluna
|-damage|p2b: Ursaluna|23/100 brn
|move|p1a: Incineroar|Flare Blitz|p2b: Ursaluna
|-damage|p2b: Ursaluna|0 fnt
|faint|p2b: Ursaluna
|-damage|p1a: Incineroar|57/100|[from] Recoil
|
|-fieldend|move: Trick Room
|upkeep
|
|t:|1756979275
|switch|p2b: Hydreigon|Hydreigon, L50, M, shiny|49/100
|turn|12
|
|t:|1756979291
|move|p2b: Hydreigon|Draco Meteor|p1a: Incineroar
|-damage|p1a: Incineroar|11/100
|-unboost|p2b: Hydreigon|spa|2
|-enditem|p1a: Incineroar|Sitrus Berry|[eat]
|-heal|p1a: Incineroar|36/100|[from] item: Sitrus Berry
|move|p2a: Gholdengo|Make It Rain|p1a: Incineroar|[spread] p1a,p1b
|-resisted|p1a: Incineroar
|-damage|p1a: Incineroar|17/100
|-damage|p1b: Porygon2|6/100
|-unboost|p2a: Gholdengo|spa|1
|-damage|p2a: Gholdengo|72/100|[from] item: Life Orb
|move|p1a: Incineroar|Flare Blitz|p2a: Gholdengo
|-supereffective|p2a: Gholdengo
|-damage|p2a: Gholdengo|0 fnt
|faint|p2a: Gholdengo
|-damage|p1a: Incineroar|0 fnt|[from] Recoil
|faint|p1a: Incineroar
|move|p1b: Porygon2|Recover|p1b: Porygon2
|-heal|p1b: Porygon2|56/100
|
|upkeep
|
|t:|1756979301
|switch|p1a: Manolo|Amoonguss, L50, M|67/100
|turn|13
|
|t:|1756979307
|move|p2b: Hydreigon|Draco Meteor|p1a: Manolo
|-damage|p1a: Manolo|41/100
|-unboost|p2b: Hydreigon|spa|2
|move|p1b: Porygon2|Recover|p1b: Porygon2
|-heal|p1b: Porygon2|100/100
|move|p1a: Manolo|Spore|p2b: Hydreigon
|-status|p2b: Hydreigon|slp|[from] move: Spore
|
|upkeep
|turn|14
|-message|bennobad forfeited.
|
|win|Gyaradostyranitar
|raw|Gyaradostyranitar's rating: 1291 → 1316(+25 for winning)
|raw|bennobad's rating: 1290 → 1265(-25 for losing)
|l|☆bennobad
|player|p2|
