|j|☆powerstar7
|j|☆KodeBeast0526
|html|powerstar7KodeBeast0526    
|uhtml|bestof|Game 2 of a best-of-3
|t:|1783524005
|gametype|doubles
|player|p1|powerstar7|2|1092
|player|p2|KodeBeast0526|hiker|1197
|gen|9
|tier|[Gen 9 Champions] VGC 2026 Reg M-B (Bo3)
|rated|
|rule|Species Clause: Limit one of each Pokémon
|rule|Item Clause: Limit 1 of each item
|clearpoke
|poke|p1|Delphox, L50, F|
|poke|p1|Venusaur, L50, F|
|poke|p1|Ninetales-Alola, L50, F|
|poke|p1|Araquanid, L50, M|
|poke|p1|Incineroar, L50, F|
|poke|p1|Farigiraf, L50, F|
|poke|p2|Gengar, L50, M|
|poke|p2|Swampert, L50, F|
|poke|p2|Incineroar, L50, F|
|poke|p2|Politoed, L50, M|
|poke|p2|Archaludon, L50, F|
|poke|p2|Vivillon-Ocean, L50, M|
|teampreview|4
|showteam|p1|Delphox||Delphoxite|Blaze|NastyPlot,HeatWave,Psyshock,Protect|Timid||F|||50|]Venusaur||Venusaurite|Chlorophyll|GigaDrain,SludgeBomb,EarthPower,Protect|Modest||F|||50|]Ninetales-Alola||NeverMeltIce|SnowWarning|Encore,FreezeDry,Moonblast,Blizzard|Timid||F|||50|]Araquanid||MysticWater|WaterBubble|Liquidation,Infestation,WideGuard,Protect|Adamant||M|||50|]Incineroar||Charcoal|Intimidate|FakeOut,ThroatChop,FlareBlitz,PartingShot|Brave||F|||50|]Farigiraf||LifeOrb|ArmorTail|TrickRoom,CalmMind,HyperVoice,Psychic|Calm||F|||50|
|showteam|p2|Gengar||Gengarite|CursedBody|ShadowBall,PerishSong,SludgeBomb,Protect|Timid||M|||50|]Swampert||Swampertite|Torrent|WaveCrash,Earthquake,IcePunch,Protect|Adamant||F|||50|]Incineroar||PasshoBerry|Intimidate|ThroatChop,PartingShot,FakeOut,Protect|Sassy||F|||50|]Politoed||SitrusBerry|Drizzle|WeatherBall,PerishSong,Encore,Protect|Calm||M|||50|]Archaludon||Leftovers|Stamina|DragonPulse,FlashCannon,ElectroShot,Protect|Bold||F|||50|]Vivillon-Ocean||FocusSash|CompoundEyes|Hurricane,SleepPowder,RagePowder,Protect|Timid||M|||50|
|inactive|Battle timer is ON: inactive players will automatically lose when time's up. (requested by KodeBeast0526)
|
|t:|1783524039
|teamsize|p1|4
|teamsize|p2|4
|start
|switch|p1a: Incineroar|Incineroar, L50, F|100/100
|switch|p1b: Venusaur|Venusaur, L50, F|100/100
|switch|p2a: Vivillon|Vivillon-Ocean, L50, M|100/100
|switch|p2b: Politoed|Politoed, L50, M|100/100
|-weather|RainDance|[from] ability: Drizzle|[of] p2b: Politoed
|-ability|p1a: Incineroar|Intimidate|boost
|-unboost|p2a: Vivillon|atk|1
|-unboost|p2b: Politoed|atk|1
|turn|1
|
|t:|1783524053
|detailschange|p1b: Venusaur|Venusaur-Mega, L50, F
|-mega|p1b: Venusaur|Venusaur|Venusaurite
|move|p2a: Vivillon|Protect|p2a: Vivillon
|-singleturn|p2a: Vivillon|Protect
|move|p1a: Incineroar|Fake Out|p2a: Vivillon
|-activate|p2a: Vivillon|move: Protect
|move|p1b: Venusaur|Sludge Bomb|p2a: Vivillon
|-activate|p2a: Vivillon|move: Protect
|move|p2b: Politoed|Weather Ball|p1a: Incineroar
|-supereffective|p1a: Incineroar|1
|-damage|p1a: Incineroar|17/100
|
|-weather|RainDance|[upkeep]
|upkeep
|turn|2
|
|t:|1783524067
|switch|p1a: Ninetales|Ninetales-Alola, L50, F|100/100
|-weather|Snowscape|[from] ability: Snow Warning|[of] p1a: Ninetales
|move|p2a: Vivillon|Hurricane|p1b: Venusaur
|-supereffective|p1b: Venusaur|1
|-damage|p1b: Venusaur|25/100
|-start|p1b: Venusaur|confusion
|-activate|p1b: Venusaur|confusion
|move|p1b: Venusaur|Giga Drain|p2b: Politoed
|-supereffective|p2b: Politoed|1
|-damage|p2b: Politoed|38/100
|-heal|p1b: Venusaur|59/100|[from] drain|[of] p2b: Politoed
|-enditem|p2b: Politoed|Sitrus Berry|[eat]
|-heal|p2b: Politoed|63/100|[from] item: Sitrus Berry
|move|p2b: Politoed|Weather Ball|p1b: Venusaur
|-supereffective|p1b: Venusaur|1
|-damage|p1b: Venusaur|40/100
|
|-weather|Snowscape|[upkeep]
|upkeep
|turn|3
|
|t:|1783524090
|switch|p2a: Archaludon|Archaludon, L50, F|100/100
|move|p2b: Politoed|Protect|p2b: Politoed
|-singleturn|p2b: Politoed|Protect
|move|p1a: Ninetales|Blizzard|p2a: Archaludon|[spread] p2a
|-activate|p2b: Politoed|move: Protect
|-damage|p2a: Archaludon|59/100
|-ability|p2a: Archaludon|Stamina|boost
|-boost|p2a: Archaludon|def|1
|-activate|p1b: Venusaur|confusion
|move|p1b: Venusaur|Giga Drain|p2b: Politoed
|-activate|p2b: Politoed|move: Protect
|
|-weather|Snowscape|[upkeep]
|-heal|p2a: Archaludon|65/100|[from] item: Leftovers
|upkeep
|turn|4
|
|t:|1783524113
|switch|p2b: Vivillon|Vivillon-Ocean, L50, M|100/100
|move|p1a: Ninetales|Blizzard|p2b: Vivillon|[spread] p2a,p2b
|-supereffective|p2b: Vivillon|1
|-damage|p2a: Archaludon|27/100
|-enditem|p2b: Vivillon|Focus Sash
|-damage|p2b: Vivillon|1/100
|-ability|p2a: Archaludon|Stamina|boost
|-boost|p2a: Archaludon|def|1
|move|p2a: Archaludon|Flash Cannon|p1a: Ninetales
|-supereffective|p1a: Ninetales|2
|-damage|p1a: Ninetales|0 fnt
|faint|p1a: Ninetales
|-activate|p1b: Venusaur|confusion
|-damage|p1b: Venusaur|32/100|[from] confusion
|
|-weather|Snowscape|[upkeep]
|-heal|p2a: Archaludon|34/100|[from] item: Leftovers
|upkeep
|
|t:|1783524119
|switch|p1a: Farigiraf|Farigiraf, L50, F|100/100
|turn|5
|
|t:|1783524133
|-end|p1b: Venusaur|confusion
|move|p1b: Venusaur|Protect|p1b: Venusaur
|-singleturn|p1b: Venusaur|Protect
|move|p2b: Vivillon|Hurricane|p1a: Farigiraf
|-damage|p1a: Farigiraf|63/100
|move|p2a: Archaludon|Electro Shot||[still]
|-prepare|p2a: Archaludon|Electro Shot
|-boost|p2a: Archaludon|spa|1
|move|p1a: Farigiraf|Trick Room|p1a: Farigiraf
|-fieldstart|move: Trick Room|[of] p1a: Farigiraf
|
|-weather|Snowscape|[upkeep]
|-heal|p2a: Archaludon|40/100|[from] item: Leftovers
|upkeep
|turn|6
|
|t:|1783524150
|move|p1a: Farigiraf|Hyper Voice|p2a: Archaludon|[spread] p2a,p2b
|-resisted|p2a: Archaludon|1
|-damage|p2a: Archaludon|20/100y
|-damage|p2b: Vivillon|0 fnt
|-ability|p2a: Archaludon|Stamina|boost
|-boost|p2a: Archaludon|def|1
|faint|p2b: Vivillon
|-damage|p1a: Farigiraf|53/100|[from] item: Life Orb
|move|p1b: Venusaur|Earth Power|p2a: Archaludon
|-supereffective|p2a: Archaludon|1
|-damage|p2a: Archaludon|0 fnt
|faint|p2a: Archaludon
|
|-weather|none
|upkeep
|
|t:|1783524153
|switch|p2a: Swampert|Swampert, L50, F|100/100
|switch|p2b: Politoed|Politoed, L50, M|63/100
|-weather|RainDance|[from] ability: Drizzle|[of] p2b: Politoed
|turn|7
|
|t:|1783524170
|switch|p1a: Incineroar|Incineroar, L50, F|17/100
|-ability|p1a: Incineroar|Intimidate|boost
|-unboost|p2a: Swampert|atk|1
|-unboost|p2b: Politoed|atk|1
|detailschange|p2a: Swampert|Swampert-Mega, L50, F
|-mega|p2a: Swampert|Swampert|Swampertite
|move|p2b: Politoed|Weather Ball|p1b: Venusaur
|-resisted|p1b: Venusaur|1
|-damage|p1b: Venusaur|12/100
|move|p1b: Venusaur|Giga Drain|p2b: Politoed
|-supereffective|p2b: Politoed|1
|-damage|p2b: Politoed|1/100
|-heal|p1b: Venusaur|47/100|[from] drain|[of] p2b: Politoed
|move|p2a: Swampert|Ice Punch|p1b: Venusaur
|-supereffective|p1b: Venusaur|1
|-damage|p1b: Venusaur|29/100
|
|-weather|RainDance|[upkeep]
|upkeep
|turn|8
|
|t:|1783524183
|move|p2b: Politoed|Protect|p2b: Politoed
|-singleturn|p2b: Politoed|Protect
|move|p2a: Swampert|Protect|p2a: Swampert
|-singleturn|p2a: Swampert|Protect
|move|p1a: Incineroar|Fake Out|p2b: Politoed
|-activate|p2b: Politoed|move: Protect
|move|p1b: Venusaur|Giga Drain|p2a: Swampert
|-activate|p2a: Swampert|move: Protect
|
|-weather|RainDance|[upkeep]
|upkeep
|turn|9
|
|t:|1783524196
|move|p2b: Politoed|Protect|p2b: Politoed
|-singleturn|p2b: Politoed|Protect
|move|p2a: Swampert|Protect|p2a: Swampert
|-singleturn|p2a: Swampert|Protect
|move|p1a: Incineroar|Throat Chop|p2b: Politoed
|-activate|p2b: Politoed|move: Protect
|move|p1b: Venusaur|Giga Drain|p2a: Swampert
|-activate|p2a: Swampert|move: Protect
|
|-weather|RainDance|[upkeep]
|-fieldend|move: Trick Room
|upkeep
|turn|10
|
|t:|1783524209
|switch|p1a: Farigiraf|Farigiraf, L50, F|53/100
|move|p1b: Venusaur|Protect|p1b: Venusaur
|-singleturn|p1b: Venusaur|Protect
|move|p2a: Swampert|Ice Punch|p1b: Venusaur
|-activate|p1b: Venusaur|move: Protect
|move|p2b: Politoed|Weather Ball|p1a: Farigiraf
|-damage|p1a: Farigiraf|12/100
|
|-weather|RainDance|[upkeep]
|upkeep
|turn|11
|
|t:|1783524218
|move|p1b: Venusaur|Protect||[still]
|-fail|p1b: Venusaur
|move|p2b: Politoed|Protect|p2b: Politoed
|-singleturn|p2b: Politoed|Protect
|move|p2a: Swampert|Earthquake|p1b: Venusaur|[spread] p1a,p1b
|-activate|p2b: Politoed|move: Protect
|-damage|p1a: Farigiraf|0 fnt
|-damage|p1b: Venusaur|6/100
|faint|p1a: Farigiraf
|
|-weather|none
|upkeep
|
|t:|1783524225
|switch|p1a: Incineroar|Incineroar, L50, F|17/100
|-ability|p1a: Incineroar|Intimidate|boost
|-unboost|p2a: Swampert|atk|1
|-unboost|p2b: Politoed|atk|1
|turn|12
|
|t:|1783524237
|move|p2a: Swampert|Protect|p2a: Swampert
|-singleturn|p2a: Swampert|Protect
|move|p2b: Politoed|Protect||[still]
|-fail|p2b: Politoed
|move|p1a: Incineroar|Fake Out|p2a: Swampert
|-activate|p2a: Swampert|move: Protect
|move|p1b: Venusaur|Giga Drain|p2b: Politoed
|-supereffective|p2b: Politoed|1
|-damage|p2b: Politoed|0 fnt
|-heal|p1b: Venusaur|7/100|[from] drain|[of] p2b: Politoed
|faint|p2b: Politoed
|
|upkeep
|turn|13
|
|t:|1783524250
|move|p2a: Swampert|Earthquake|p1b: Venusaur|[spread] p1a,p1b
|-supereffective|p1a: Incineroar|1
|-crit|p1b: Venusaur
|-damage|p1a: Incineroar|0 fnt
|-damage|p1b: Venusaur|0 fnt
|faint|p1a: Incineroar
|faint|p1b: Venusaur
|
|win|KodeBeast0526
||powerstar7 is ready for game 3.
