|j|☆M0teM0te13
|j|☆TONKMAN
|html|M0teM0te13TONKMAN    
|uhtml|bestof|Game 1 of a best-of-3
|t:|1757627395
|gametype|doubles
|player|p1|M0teM0te13|101|1163
|player|p2|TONKMAN|crasherwake|1129
|gen|9
|tier|[Gen 9] VGC 2025 Reg H (Bo3)
|rated|
|rule|Species Clause: Limit one of each Pokémon
|rule|Item Clause: Limit 1 of each item
|clearpoke
|poke|p1|Dragonite, L50, F|
|poke|p1|Ursaluna-Bloodmoon, L50, M|
|poke|p1|Gholdengo, L50|
|poke|p1|Sneasler, L50, M|
|poke|p1|Incineroar, L50, M|
|poke|p1|Amoonguss, L50, F|
|poke|p2|Vivillon, L50, F|
|poke|p2|Garchomp, L50, F|
|poke|p2|Primarina, L50, M|
|poke|p2|Porygon2, L50|
|poke|p2|Incineroar, L50, M|
|poke|p2|Gholdengo, L50|
|teampreview|4
|showteam|p1|Dragonite||LoadedDice|InnerFocus|ScaleShot,Tailwind,Haze,Protect|||F|||50|,,,,,Steel]Ursaluna-Bloodmoon||SilkScarf|MindsEye|BloodMoon,HyperVoice,EarthPower,Protect|||M|||50|,,,,,Normal]Gholdengo||LifeOrb|GoodasGold|MakeItRain,ShadowBall,NastyPlot,Protect||||||50|,,,,,Fairy]Sneasler||FocusSash|PoisonTouch|CloseCombat,DireClaw,Coaching,Protect|||M|||50|,,,,,Stellar]Incineroar||SafetyGoggles|Intimidate|PartingShot,FakeOut,FlareBlitz,KnockOff|||M|||50|,,,,,Ghost]Amoonguss||RockyHelmet|Regenerator|RagePowder,SludgeBomb,Spore,Protect|||F|||50|,,,,,Water
|showteam|p2|Vivillon||FocusSash|CompoundEyes|Hurricane,SleepPowder,RagePowder,Protect|||F|||50|,,,,,Ghost]Garchomp||LifeOrb|RoughSkin|DragonClaw,Earthquake,StompingTantrum,Protect|||F|||50|,,,,,Steel]Primarina||SitrusBerry|LiquidVoice|HyperVoice,Moonblast,Haze,Protect|||M|||50|,,,,,Poison]Porygon2||Eviolite|Download|TeraBlast,IceBeam,TrickRoom,Recover||||||50|,,,,,Ground]Incineroar||SafetyGoggles|Intimidate|FakeOut,FlareBlitz,KnockOff,PartingShot|||M|||50|,,,,,Ghost]Gholdengo||Leftovers|GoodasGold|MakeItRain,ShadowBall,NastyPlot,Protect||||||50|,,,,,Flying
|
|t:|1757627430
|teamsize|p1|4
|teamsize|p2|4
|start
|switch|p1a: IneedIntimidate|Incineroar, L50, M|100/100
|switch|p1b: SecondaryEffect|Sneasler, L50, M|100/100
|switch|p2a: Vivillon|Vivillon, L50, F|100/100
|switch|p2b: Garchomp|Garchomp, L50, F|100/100
|-ability|p1a: IneedIntimidate|Intimidate|boost
|-unboost|p2a: Vivillon|atk|1
|-unboost|p2b: Garchomp|atk|1
|turn|1
|inactive|Battle timer is ON: inactive players will automatically lose when time's up. (requested by M0teM0te13)
|inactive|M0teM0te13 has 60 seconds left.
|inactive|TONKMAN has 60 seconds left.
|
|t:|1757627480
|-terastallize|p1a: IneedIntimidate|Ghost
|move|p2b: Garchomp|Protect|p2b: Garchomp
|-singleturn|p2b: Garchomp|Protect
|move|p2a: Vivillon|Protect|p2a: Vivillon
|-singleturn|p2a: Vivillon|Protect
|move|p1b: SecondaryEffect|Dire Claw|p2a: Vivillon
|-activate|p2a: Vivillon|move: Protect
|move|p1a: IneedIntimidate|Parting Shot|p2b: Garchomp
|-activate|p2b: Garchomp|move: Protect
|
|upkeep
|turn|2
|inactive|TONKMAN has 30 seconds left.
|
|t:|1757627508
|move|p1b: SecondaryEffect|Dire Claw|p2a: Vivillon
|-damage|p2a: Vivillon|31/100
|-status|p2a: Vivillon|psn|[from] ability: Poison Touch|[of] p1b: SecondaryEffect
|move|p2b: Garchomp|Earthquake|p1a: IneedIntimidate|[spread] p1a,p1b
|-immune|p2a: Vivillon
|-supereffective|p1b: SecondaryEffect
|-damage|p1a: IneedIntimidate|66/100
|-enditem|p1b: SecondaryEffect|Focus Sash
|-damage|p1b: SecondaryEffect|1/100
|-damage|p2b: Garchomp|91/100|[from] item: Life Orb
|move|p2a: Vivillon|Hurricane|p1b: SecondaryEffect
|-supereffective|p1b: SecondaryEffect
|-damage|p1b: SecondaryEffect|0 fnt
|faint|p1b: SecondaryEffect
|move|p1a: IneedIntimidate|Knock Off|p2a: Vivillon
|-damage|p2a: Vivillon|0 fnt
|-enditem|p2a: Vivillon|Focus Sash|[from] move: Knock Off|[of] p1a: IneedIntimidate
|faint|p2a: Vivillon
|
|upkeep
|
|t:|1757627529
|switch|p1b: Not a Friend|Ursaluna-Bloodmoon, L50, M|100/100
|switch|p2a: Porygon2|Porygon2, L50|100/100
|-ability|p2a: Porygon2|Download|boost
|-boost|p2a: Porygon2|spa|1
|turn|3
|
|t:|1757627549
|switch|p2b: Gholdengo|Gholdengo, L50|100/100
|move|p1b: Not a Friend|Blood Moon|p2b: Gholdengo
|-resisted|p2b: Gholdengo
|-damage|p2b: Gholdengo|56/100
|move|p1a: IneedIntimidate|Knock Off|p2a: Porygon2
|-damage|p2a: Porygon2|77/100
|-enditem|p2a: Porygon2|Eviolite|[from] move: Knock Off|[of] p1a: IneedIntimidate
|move|p2a: Porygon2|Ice Beam|p1b: Not a Friend
|-supereffective|p1b: Not a Friend
|-damage|p1b: Not a Friend|0 fnt
|faint|p1b: Not a Friend
|
|-heal|p2b: Gholdengo|63/100|[from] item: Leftovers
|upkeep
|
|t:|1757627567
|switch|p1b: Pecunia non olet|Gholdengo, L50|100/100
|turn|4
|
|t:|1757627584
|-terastallize|p2a: Porygon2|Ground
|move|p1b: Pecunia non olet|Protect|p1b: Pecunia non olet
|-singleturn|p1b: Pecunia non olet|Protect
|move|p2b: Gholdengo|Protect|p2b: Gholdengo
|-singleturn|p2b: Gholdengo|Protect
|move|p1a: IneedIntimidate|Flare Blitz|p2a: Porygon2
|-damage|p2a: Porygon2|35/100
|-damage|p1a: IneedIntimidate|52/100|[from] Recoil
|move|p2a: Porygon2|Tera Blast|p1b: Pecunia non olet|[anim] Tera Blast Ground
|-activate|p1b: Pecunia non olet|move: Protect
|
|-heal|p2b: Gholdengo|69/100|[from] item: Leftovers
|upkeep
|turn|5
|
|t:|1757627602
|move|p1b: Pecunia non olet|Shadow Ball|p2b: Gholdengo
|-supereffective|p2b: Gholdengo
|-damage|p2b: Gholdengo|0 fnt
|faint|p2b: Gholdengo
|-damage|p1b: Pecunia non olet|91/100|[from] item: Life Orb
|move|p1a: IneedIntimidate|Flare Blitz|p2a: Porygon2
|-damage|p2a: Porygon2|0 fnt
|faint|p2a: Porygon2
|-damage|p1a: IneedIntimidate|42/100|[from] Recoil
|
|upkeep
|
|t:|1757627607
|switch|p2a: Garchomp|Garchomp, L50, F|91/100
|turn|6
|
|t:|1757627620
|move|p2a: Garchomp|Earthquake|p1a: IneedIntimidate|[spread] p1a,p1b
|-supereffective|p1b: Pecunia non olet
|-damage|p1a: IneedIntimidate|0 fnt
|-damage|p1b: Pecunia non olet|0 fnt
|faint|p1a: IneedIntimidate
|faint|p1b: Pecunia non olet
|-damage|p2a: Garchomp|81/100|[from] item: Life Orb
|
|win|TONKMAN
||M0teM0te13 is ready for game 2.
||TONKMAN is ready for game 2.
|uhtml|next|Next: Game 2 of 3
