|j|☆Linkmasterjr
|j|☆jonathan53332
|html|Linkmasterjrjonathan53332    
|uhtml|bestof|Game 2 of a best-of-3
|t:|1782466333
|gametype|doubles
|player|p1|Linkmasterjr|265|
|player|p2|jonathan53332|266|
|gen|9
|tier|[Gen 9 Champions] VGC 2026 Reg M-B (Bo3)
|rule|Species Clause: Limit one of each Pokémon
|rule|Item Clause: Limit 1 of each item
|clearpoke
|poke|p1|Tyranitar, L50, M|
|poke|p1|Garchomp, L50, F|
|poke|p1|Scizor, L50, F|
|poke|p1|Archaludon, L50, M|
|poke|p1|Raichu, L50, F|
|poke|p1|Gengar, L50, M|
|poke|p2|Primarina, L50, M|
|poke|p2|Sinistcha-Masterpiece, L50, shiny|
|poke|p2|Pelipper, L50, F|
|poke|p2|Excadrill, L50, M|
|poke|p2|Golurk, L50|
|poke|p2|Eelektross, L50, F, shiny|
|teampreview|4
|showteam|p1|Tyranitar||BrightPowder|SandStream|RockSlide,Avalanche,Crunch,Protect|Adamant||M|||50|]Garchomp||MuscleBand|SandVeil|IronHead,Earthquake,Crunch,Protect|Jolly||F|||50|]Scizor||Scizorite|Technician|Tailwind,SwordsDance,DualWingbeat,CloseCombat|Adamant||F|||50|]Archaludon||SitrusBerry|Stamina|ElectroShot,FlashCannon,AuraSphere,Protect|Timid||M|||50|]Raichu||RaichuniteY|LightningRod|FakeOut,AlluringVoice,ZapCannon,FocusBlast|Hasty||F|||50|]Gengar||Gengarite|CursedBody|ShadowBall,SludgeBomb,Thunder,DestinyBond|Timid||M|||50|
|showteam|p2|Primarina||Leftovers|LiquidVoice|HyperVoice,Blizzard,EnergyBall,ShadowBall|Modest||M|||50|]Sinistcha-Masterpiece||SitrusBerry|Hospitality|MatchaGotcha,StrengthSap,ShadowBall,Scald|Modest|||||50|]Pelipper||FocusSash|Drizzle|Hurricane,WideGuard,IcyWind,Tailwind|Modest||F|||50|]Excadrill||Excadrite|MoldBreaker|Earthquake,IronHead,BrickBreak,Protect|Jolly||M|||50|]Golurk||Golurkite|NoGuard|DynamicPunch,FirePunch,HeadlongRush,Poltergeist|Adamant|||||50|]Eelektross||Eelektrossite|Levitate|Liquidation,WildCharge,Crunch,Protect|Hasty||F|||50|
|
|t:|1782466358
|teamsize|p1|4
|teamsize|p2|4
|start
|switch|p1a: Scizor|Scizor, L50, F|100/100
|switch|p1b: Raichu|Raichu, L50, F|100/100
|switch|p2a: Sinistcha|Sinistcha-Masterpiece, L50, shiny|100/100
|switch|p2b: Primarina|Primarina, L50, M|100/100
|turn|1
|
|t:|1782466391
|switch|p2a: Golurk|Golurk, L50|100/100
|move|p1b: Raichu|Fake Out|p2b: Primarina
|-damage|p2b: Primarina|87/100
|move|p1a: Scizor|Swords Dance|p1a: Scizor
|-boost|p1a: Scizor|atk|2
|cant|p2b: Primarina|flinch
|
|-heal|p2b: Primarina|92/100|[from] item: Leftovers
|upkeep
|turn|2
|
|t:|1782466452
|detailschange|p1a: Scizor|Scizor-Mega, L50, F
|-mega|p1a: Scizor|Scizor|Scizorite
|move|p1b: Raichu|Alluring Voice|p2a: Golurk
|-damage|p2a: Golurk|77/100
|move|p1a: Scizor|Tailwind|p1a: Scizor
|-sidestart|p1: Linkmasterjr|move: Tailwind
|move|p2b: Primarina|Hyper Voice|p1b: Raichu|[spread] p1a,p1b
|-damage|p1a: Scizor|61/100
|-damage|p1b: Raichu|37/100
|move|p2a: Golurk|Headlong Rush|p1b: Raichu
|-supereffective|p1b: Raichu|1
|-damage|p1b: Raichu|0 fnt
|-unboost|p2a: Golurk|def|1
|-unboost|p2a: Golurk|spd|1
|faint|p1b: Raichu
|
|-heal|p2b: Primarina|98/100|[from] item: Leftovers
|upkeep
|
|t:|1782466467
|switch|p1b: Tyranitar|Tyranitar, L50, M|100/100
|-weather|Sandstorm|[from] ability: Sand Stream|[of] p1b: Tyranitar
|turn|3
|
|t:|1782466480
|move|p1a: Scizor|Dual Wingbeat|p2b: Primarina
|-damage|p2b: Primarina|23/100
|-damage|p2b: Primarina|0 fnt
|faint|p2b: Primarina
|-hitcount|p2: Primarina|2
|move|p2a: Golurk|Dynamic Punch|p1b: Tyranitar
|-supereffective|p1b: Tyranitar|2
|-damage|p1b: Tyranitar|0 fnt
|faint|p1b: Tyranitar
|
|-weather|Sandstorm|[upkeep]
|upkeep
|
|t:|1782466492
|switch|p1b: Garchomp|Garchomp, L50, F|100/100
|switch|p2b: Pelipper|Pelipper, L50, F|100/100
|-weather|RainDance|[from] ability: Drizzle|[of] p2b: Pelipper
|turn|4
|
|t:|1782466502
|move|p1b: Garchomp|Crunch|p2a: Golurk
|-supereffective|p2a: Golurk|1
|-damage|p2a: Golurk|0 fnt
|faint|p2a: Golurk
|move|p1a: Scizor|Dual Wingbeat|p2b: Pelipper
|-damage|p2b: Pelipper|27/100
|-damage|p2b: Pelipper|0 fnt
|faint|p2b: Pelipper
|-hitcount|p2: Pelipper|2
|
|-weather|RainDance|[upkeep]
|upkeep
|
|t:|1782466508
|switch|p2b: Sinistcha|Sinistcha-Masterpiece, L50, shiny|100/100
|turn|5
|
|t:|1782466515
|move|p1b: Garchomp|Crunch|p2b: Sinistcha
|-supereffective|p2b: Sinistcha|1
|-damage|p2b: Sinistcha|39/100
|-enditem|p2b: Sinistcha|Sitrus Berry|[eat]
|-heal|p2b: Sinistcha|64/100|[from] item: Sitrus Berry
|move|p1a: Scizor|Dual Wingbeat|p2b: Sinistcha
|-supereffective|p2b: Sinistcha|1
|-damage|p2b: Sinistcha|0 fnt
|faint|p2b: Sinistcha
|-hitcount|p2: Sinistcha|1
|
|win|Linkmasterjr
