|j|☆That1Morpecko
|j|☆bandicoot25
|html|That1Morpeckobandicoot25    
|uhtml|bestof|Game 1 of a best-of-3
|t:|1782677051
|gametype|doubles
|player|p1|That1Morpecko|hiker-gen4|1171
|player|p2|bandicoot25|blaine|1116
|gen|9
|tier|[Gen 9 Champions] VGC 2026 Reg M-B (Bo3)
|rated|
|rule|Species Clause: Limit one of each Pokémon
|rule|Item Clause: Limit 1 of each item
|clearpoke
|poke|p1|Sinistcha, L50|
|poke|p1|Incineroar, L50, M|
|poke|p1|Milotic, L50, M|
|poke|p1|Raichu, L50, M|
|poke|p1|Floette-Eternal, L50, F|
|poke|p1|Ceruledge, L50, F|
|poke|p2|Pyroar, L50, F|
|poke|p2|Ninetales, L50, F|
|poke|p2|Corviknight, L50, F|
|poke|p2|Garchomp, L50, M|
|poke|p2|Sylveon, L50, M|
|poke|p2|Farigiraf, L50, M|
|teampreview|4
|showteam|p1|Sinistcha||KasibBerry|Hospitality|MatchaGotcha,LifeDew,RagePowder,Protect|Relaxed|||||50|]Incineroar||SitrusBerry|Intimidate|FlareBlitz,ThroatChop,FakeOut,PartingShot|Impish||M|||50|]Milotic||Leftovers|Competitive|MuddyWater,Coil,Hypnosis,Protect|Calm||M|||50|]Raichu||RaichuniteY|LightningRod|ZapCannon,FocusBlast,FakeOut,Protect|Timid||M|||50|]Floette-Eternal||Floettite|FlowerVeil|DazzlingGleam,DrainingKiss,CalmMind,Protect|Timid||F|||50|]Ceruledge||ColburBerry|FlashFire|BitterBlade,ShadowSneak,BulkUp,Protect|Adamant||F|||50|
|showteam|p2|Pyroar||Pyroarite|Unnerve|HeatWave,Overheat,SolarBeam,Protect|Timid||F|||50|]Ninetales||ChoiceScarf|Drought|Overheat,HeatWave,Psyshock,FakeTears|Modest||F|||50|]Corviknight||OccaBerry|MirrorArmor|Tailwind,BraveBird,Roost,Protect|Adamant||F|||50|]Garchomp||LifeOrb|RoughSkin|Earthquake,DragonClaw,RockSlide,Protect|Jolly||M|||50|]Sylveon||FairyFeather|Pixilate|HyperVoice,HyperBeam,QuickAttack,Detect|Modest||M|||50|]Farigiraf||SitrusBerry|ArmorTail|HyperVoice,Psychic,TrickRoom,HelpingHand|Modest||M|||50|
|inactive|Battle timer is ON: inactive players will automatically lose when time's up. (requested by That1Morpecko)
|
|t:|1782677081
|teamsize|p1|4
|teamsize|p2|4
|start
|switch|p1a: Floette|Floette-Eternal, L50, F|100/100
|switch|p1b: Incineroar|Incineroar, L50, M|100/100
|switch|p2a: Garchomp|Garchomp, L50, M|100/100
|switch|p2b: Corviknight|Corviknight, L50, F|100/100
|-ability|p1b: Incineroar|Intimidate|boost
|-unboost|p2a: Garchomp|atk|1
|-ability|p2b: Corviknight|Mirror Armor
|-unboost|p1b: Incineroar|atk|1
|turn|1
|
|t:|1782677102
|switch|p2b: Farigiraf|Farigiraf, L50, M|100/100
|detailschange|p1a: Floette|Floette-Mega, L50, F
|-mega|p1a: Floette|Floette|Floettite
|-ability|p1a: Floette|Fairy Aura
|move|p1b: Incineroar|Fake Out||[still]
|cant|p2b: Farigiraf|ability: Armor Tail|Fake Out|[of] p1b: Incineroar
|move|p2a: Garchomp|Earthquake|p1a: Floette|[spread] p2b,p1a,p1b
|-supereffective|p1b: Incineroar|1
|-damage|p2b: Farigiraf|67/100
|-damage|p1a: Floette|62/100
|-damage|p1b: Incineroar|53/100
|-damage|p2a: Garchomp|90/100|[from] item: Life Orb
|move|p1a: Floette|Calm Mind|p1a: Floette
|-boost|p1a: Floette|spa|1
|-boost|p1a: Floette|spd|1
|
|upkeep
|turn|2
|
|t:|1782677128
|move|p1a: Floette|Draining Kiss|p2a: Garchomp
|-supereffective|p2a: Garchomp|1
|-damage|p2a: Garchomp|0 fnt
|-heal|p1a: Floette|100/100|[from] drain|[of] p2a: Garchomp
|-damage|p1a: Floette|87/100|[from] ability: Rough Skin|[of] p2a: Garchomp
|faint|p2a: Garchomp
|move|p1b: Incineroar|Throat Chop|p2b: Farigiraf
|-supereffective|p2b: Farigiraf|1
|-damage|p2b: Farigiraf|26/100
|-start|p2b: Farigiraf|Throat Chop|[silent]
|-enditem|p2b: Farigiraf|Sitrus Berry|[eat]
|-heal|p2b: Farigiraf|51/100|[from] item: Sitrus Berry
|cant|p2b: Farigiraf|move: Throat Chop
|
|upkeep
|
|t:|1782677135
|switch|p2a: Pyroar|Pyroar, L50, F|100/100
|-ability|p2a: Pyroar|Unnerve
|turn|3
|
|t:|1782677146
|detailschange|p2a: Pyroar|Pyroar-Mega, L50, F
|-mega|p2a: Pyroar|Pyroar|Pyroarite
|move|p2b: Farigiraf|Helping Hand|p2a: Pyroar
|-singleturn|p2a: Pyroar|Helping Hand|[of] p2b: Farigiraf
|move|p1a: Floette|Protect|p1a: Floette
|-singleturn|p1a: Floette|Protect
|move|p2a: Pyroar|Heat Wave|p1b: Incineroar|[spread] p1b
|-activate|p1a: Floette|move: Protect
|-resisted|p1b: Incineroar|1
|-damage|p1b: Incineroar|16/100
|-enditem|p1b: Incineroar|Sitrus Berry|[eat]
|-heal|p1b: Incineroar|41/100|[from] item: Sitrus Berry
|move|p1b: Incineroar|Parting Shot|p2a: Pyroar
|-unboost|p2a: Pyroar|atk|1
|-unboost|p2a: Pyroar|spa|1
|
|t:|1782677159
|switch|p1b: Sinistcha|Sinistcha, L50|100/100|[from] Parting Shot
|-heal|p1a: Floette|100/100|[from] ability: Hospitality|[of] p1b: Sinistcha
|
|-end|p2b: Farigiraf|Throat Chop|[silent]
|upkeep
|turn|4
|
|t:|1782677169
|move|p2b: Farigiraf|Helping Hand|p2a: Pyroar
|-singleturn|p2a: Pyroar|Helping Hand|[of] p2b: Farigiraf
|move|p1b: Sinistcha|Protect|p1b: Sinistcha
|-singleturn|p1b: Sinistcha|Protect
|move|p2a: Pyroar|Heat Wave|p1a: Floette|[spread] p1a
|-activate|p1b: Sinistcha|move: Protect
|-damage|p1a: Floette|73/100
|move|p1a: Floette|Dazzling Gleam|p2a: Pyroar|[spread] p2a,p2b
|-resisted|p2a: Pyroar|1
|-damage|p2a: Pyroar|59/100
|-damage|p2b: Farigiraf|1/100
|
|upkeep
|turn|5
|-message|bandicoot25 forfeited.
|
|win|That1Morpecko
||bandicoot25 is ready for game 2.
||That1Morpecko is ready for game 2.
|uhtml|next|Next: Game 2 of 3
|l|☆bandicoot25
|player|p2|
