|j|☆Qicide
|j|‽iwobi my love
|html|Qicideiwobi my love    
|uhtml|bestof|Game 3 of a best-of-3
|t:|1755795596
|gametype|doubles
|player|p1|Qicide|red|1222
|player|p2|iwobi my love|dancer|1203
|gen|9
|tier|[Gen 9] VGC 2025 Reg H (Bo3)
|rated|
|rule|Species Clause: Limit one of each Pokémon
|rule|Item Clause: Limit 1 of each item
|clearpoke
|poke|p1|Porygon2, L50|
|poke|p1|Incineroar, L50, M|
|poke|p1|Ursaluna, L50, F|
|poke|p1|Jumpluff, L50, M|
|poke|p1|Charizard, L50, F|
|poke|p1|Torkoal, L50, M|
|poke|p2|Kingambit, L50, F|
|poke|p2|Rillaboom, L50, F|
|poke|p2|Electabuzz, L50, M|
|poke|p2|Volcarona, L50, M|
|poke|p2|Sneasler, L50, F|
|poke|p2|Dragonite, L50, F|
|teampreview|4
|showteam|p1|Porygon2||Eviolite|Download|TeraBlast,IceBeam,TrickRoom,Recover||||||50|,,,,,Fighting]Incineroar||SitrusBerry|Intimidate|FakeOut,KnockOff,FlareBlitz,PartingShot|||M|||50|,,,,,Ghost]Ursaluna||FlameOrb|Guts|HeadlongRush,Facade,Earthquake,Protect|||F|||50|,,,,,Ghost]Jumpluff||CovertCloak|Chlorophyll|RagePowder,PollenPuff,Tailwind,SleepPowder|||M|||50|,,,,,Water]Charizard||ChoiceSpecs|SolarPower|HeatWave,Overheat,WeatherBall,DragonPulse|||F|||50|,,,,,Ghost]Torkoal||EjectPack|Drought|Overheat,Eruption,HelpingHand,Protect|||M|||50|,,,,,Fire
|showteam|p2|Kingambit||BlackGlasses|Defiant|Protect,KowtowCleave,SuckerPunch,SwordsDance|||F|||50|,,,,,Dark]Rillaboom||AssaultVest|GrassySurge|WoodHammer,GrassyGlide,HighHorsepower,FakeOut|||F|||50|,,,,,Fire]Electabuzz||Eviolite|VitalSpirit|Protect,Thunderbolt,HelpingHand,FollowMe|||M|||50|,,,,,Ghost]Volcarona||CovertCloak|FlameBody|Protect,HeatWave,TeraBlast,QuiverDance|||M|||50|,,,,,Fairy]Sneasler||FocusSash|Unburden|CloseCombat,DireClaw,Coaching,FakeOut|||F|||50|,,,,,Stellar]Dragonite||LoadedDice|Multiscale|ScaleShot,Haze,ExtremeSpeed,Protect|||F|||50|,,,,,Fairy
|inactive|Battle timer is ON: inactive players will automatically lose when time's up. (requested by Qicide)
|
|t:|1755795614
|teamsize|p1|4
|teamsize|p2|4
|start
|switch|p1a: Porygon2|Porygon2, L50, shiny|100/100
|switch|p1b: Charizard|Charizard, L50, F, shiny|100/100
|switch|p2a: Dragonite|Dragonite, L50, F|100/100
|switch|p2b: Sneasler|Sneasler, L50, F|100/100
|-ability|p1a: Porygon2|Download|boost
|-boost|p1a: Porygon2|atk|1
|turn|1
|inactive|Qicide has 30 seconds left.
|
|t:|1755795647
|-terastallize|p1a: Porygon2|Fighting
|move|p2b: Sneasler|Fake Out|p1a: Porygon2
|-damage|p1a: Porygon2|92/100
|move|p1b: Charizard|Heat Wave|p2b: Sneasler|[spread] p2b
|-miss|p1b: Charizard|p2a: Dragonite
|-damage|p2b: Sneasler|33/100
|move|p2a: Dragonite|Scale Shot|p1a: Porygon2
|-damage|p1a: Porygon2|82/100
|-damage|p1a: Porygon2|72/100
|-damage|p1a: Porygon2|64/100
|-damage|p1a: Porygon2|54/100
|-damage|p1a: Porygon2|44/100
|-hitcount|p1a: Porygon2|5
|-unboost|p2a: Dragonite|def|1
|-boost|p2a: Dragonite|spe|1
|cant|p1a: Porygon2|flinch
|
|upkeep
|turn|2
|inactive|iwobi my love has 30 seconds left.
|inactive|iwobi my love has 20 seconds left.
|
|t:|1755795686
|switch|p1a: Torkoal|Torkoal, L50, M|100/100
|-weather|SunnyDay|[from] ability: Drought|[of] p1a: Torkoal
|move|p2a: Dragonite|Scale Shot|p1a: Torkoal
|-damage|p1a: Torkoal|90/100
|-damage|p1a: Torkoal|78/100
|-damage|p1a: Torkoal|67/100
|-damage|p1a: Torkoal|55/100
|-hitcount|p1a: Torkoal|4
|-unboost|p2a: Dragonite|def|1
|-boost|p2a: Dragonite|spe|1
|move|p2b: Sneasler|Close Combat|p1a: Torkoal
|-damage|p1a: Torkoal|6/100
|-unboost|p2b: Sneasler|def|1
|-unboost|p2b: Sneasler|spd|1
|move|p1b: Charizard|Heat Wave|p2a: Dragonite|[spread] p2a,p2b
|-resisted|p2a: Dragonite
|-damage|p2a: Dragonite|73/100
|-damage|p2b: Sneasler|0 fnt
|faint|p2b: Sneasler
|
|-weather|SunnyDay|[upkeep]
|-damage|p1b: Charizard|88/100|[from] ability: Solar Power|[of] p1b: Charizard
|upkeep
|
|t:|1755795695
|switch|p2b: Kingambit|Kingambit, L50, F, shiny|100/100
|turn|3
|
|t:|1755795713
|-terastallize|p2b: Kingambit|Dark
|move|p1a: Torkoal|Helping Hand|p1b: Charizard
|-singleturn|p1b: Charizard|Helping Hand|[of] p1a: Torkoal
|move|p2a: Dragonite|Scale Shot|p1b: Charizard
|-damage|p1b: Charizard|67/100
|-damage|p1b: Charizard|45/100
|-damage|p1b: Charizard|25/100
|-damage|p1b: Charizard|4/100
|-hitcount|p1b: Charizard|4
|-unboost|p2a: Dragonite|def|1
|-boost|p2a: Dragonite|spe|1
|move|p1b: Charizard|Heat Wave|p2b: Kingambit|[spread] p2b
|-miss|p1b: Charizard|p2a: Dragonite
|-damage|p2b: Kingambit|0 fnt
|faint|p2b: Kingambit
|
|-weather|SunnyDay|[upkeep]
|-damage|p1b: Charizard|0 fnt|[from] ability: Solar Power|[of] p1b: Charizard
|faint|p1b: Charizard
|upkeep
|
|t:|1755795731
|switch|p1b: Porygon2|Porygon2, L50, shiny, tera:Fighting|44/100
|switch|p2b: Rillaboom|Rillaboom, L50, F, shiny|100/100
|-fieldstart|move: Grassy Terrain|[from] ability: Grassy Surge|[of] p2b: Rillaboom
|-ability|p1b: Porygon2|Download|boost
|-boost|p1b: Porygon2|atk|1
|turn|4
|
|t:|1755795743
|switch|p1b: Ursaluna|Ursaluna, L50, F|100/100
|move|p2a: Dragonite|Scale Shot|p1b: Ursaluna
|-damage|p1b: Ursaluna|89/100
|-damage|p1b: Ursaluna|79/100
|-damage|p1b: Ursaluna|67/100
|-damage|p1b: Ursaluna|55/100
|-hitcount|p1b: Ursaluna|4
|-unboost|p2a: Dragonite|def|1
|-boost|p2a: Dragonite|spe|1
|move|p2b: Rillaboom|Wood Hammer|p1b: Ursaluna
|-supereffective|p1b: Ursaluna
|-damage|p1b: Ursaluna|0 fnt
|faint|p1b: Ursaluna
|-damage|p2b: Rillaboom|81/100|[from] Recoil
|move|p1a: Torkoal|Overheat|p2b: Rillaboom
|-supereffective|p2b: Rillaboom
|-damage|p2b: Rillaboom|0 fnt
|-unboost|p1a: Torkoal|spa|2
|faint|p2b: Rillaboom
|-enditem|p1a: Torkoal|Eject Pack
|
|t:|1755795756
|switch|p1a: Porygon2|Porygon2, L50, shiny, tera:Fighting|44/100
|-ability|p1a: Porygon2|Download|boost
|-boost|p1a: Porygon2|atk|1
|
|-weather|SunnyDay|[upkeep]
|-heal|p1a: Porygon2|50/100|[from] Grassy Terrain
|upkeep
|
|t:|1755795759
|switch|p1b: Torkoal|Torkoal, L50, M|6/100
|turn|5
|
|t:|1755795778
|move|p2a: Dragonite|Scale Shot|p1a: Porygon2
|-damage|p1a: Porygon2|41/100
|-damage|p1a: Porygon2|31/100
|-damage|p1a: Porygon2|22/100
|-damage|p1a: Porygon2|12/100
|-hitcount|p1a: Porygon2|4
|-unboost|p2a: Dragonite|def|1
|-boost|p2a: Dragonite|spe|1
|move|p1a: Porygon2|Ice Beam|p2a: Dragonite
|-supereffective|p2a: Dragonite
|-damage|p2a: Dragonite|0 fnt
|faint|p2a: Dragonite
|
|win|Qicide
|raw|Qicide's rating: 1222 → 1247(+25 for winning)
|raw|iwobi my love's rating: 1225 → 1200(-25 for losing)
|c|☆Qicide|gg
