|j|☆i saw carcosa
|j|☆snekr1994
|html|i saw carcosasnekr1994    
|uhtml|bestof|Game 2 of a best-of-3
|t:|1756951852
|gametype|doubles
|player|p1|i saw carcosa|pokemonbreederf|1325
|player|p2|snekr1994|2|1477
|gen|9
|tier|[Gen 9] VGC 2025 Reg H (Bo3)
|rated|
|rule|Species Clause: Limit one of each Pokémon
|rule|Item Clause: Limit 1 of each item
|clearpoke
|poke|p1|Ursaluna-Bloodmoon, L50, M|
|poke|p1|Gholdengo, L50|
|poke|p1|Incineroar, L50, F|
|poke|p1|Dragonite, L50, M|
|poke|p1|Sneasler, L50, F|
|poke|p1|Amoonguss, L50, F|
|poke|p2|Kingambit, L50, M|
|poke|p2|Sneasler, L50, F|
|poke|p2|Electabuzz, L50, M|
|poke|p2|Dragonite, L50, M|
|poke|p2|Rillaboom, L50, F|
|poke|p2|Volcarona, L50, M|
|teampreview|4
|showteam|p1|Ursaluna-Bloodmoon||LifeOrb|MindsEye|HyperVoice,BloodMoon,EarthPower,Protect|||M|||50|,,,,,Dragon]Gholdengo||MetalCoat|GoodasGold|MakeItRain,ShadowBall,NastyPlot,Protect||||||50|,,,,,Water]Incineroar||AssaultVest|Intimidate|FakeOut,FlareBlitz,KnockOff,Uturn|||F|||50|,,,,,Grass]Dragonite||LoadedDice|Multiscale|ScaleShot,Tailwind,Haze,Protect|||M|||50|,,,,,Fairy]Sneasler||FocusSash|PoisonTouch|DireClaw,CloseCombat,FakeOut,Protect|||F|||50|,,,,,Stellar]Amoonguss||SitrusBerry|Regenerator|Spore,RagePowder,PollenPuff,Protect|||F|||50|,,,,,Water
|showteam|p2|Kingambit||SafetyGoggles|Defiant|KowtowCleave,SuckerPunch,SwordsDance,Protect|||M|||50|,,,,,Dark]Sneasler||FocusSash|PoisonTouch|DireClaw,CloseCombat,Coaching,FakeOut|||F|||50|,,,,,Stellar]Electabuzz||Eviolite|VitalSpirit|Thunderbolt,FollowMe,Taunt,Protect|||M|||50|,,,,,Dragon]Dragonite||LoadedDice|Multiscale|ScaleShot,ExtremeSpeed,Haze,Protect|||M|||50|,,,,,Steel]Rillaboom||AssaultVest|GrassySurge|WoodHammer,GrassyGlide,HighHorsepower,FakeOut|||F|||50|,,,,,Fire]Volcarona||CovertCloak|FlameBody|HeatWave,TeraBlast,QuiverDance,Protect|||M|||50|,,,,,Fairy
|inactive|Battle timer is ON: inactive players will automatically lose when time's up. (requested by snekr1994)
|
|t:|1756951874
|teamsize|p1|4
|teamsize|p2|4
|start
|switch|p1a: Joshua|Dragonite, L50, M|100/100
|switch|p1b: Hehe|Sneasler, L50, F|100/100
|switch|p2a: Kingambit|Kingambit, L50, M|100/100
|switch|p2b: Sneasler|Sneasler, L50, F|100/100
|turn|1
|
|t:|1756951892
|-terastallize|p2a: Kingambit|Dark
|move|p2b: Sneasler|Fake Out|p1a: Joshua
|-damage|p1a: Joshua|93/100
|move|p1b: Hehe|Close Combat|p2a: Kingambit
|-supereffective|p2a: Kingambit
|-damage|p2a: Kingambit|10/100
|-unboost|p1b: Hehe|def|1
|-unboost|p1b: Hehe|spd|1
|cant|p1a: Joshua|flinch
|move|p2a: Kingambit|Kowtow Cleave|p1a: Joshua
|-damage|p1a: Joshua|15/100
|
|upkeep
|turn|2
|inactive|i saw carcosa has 30 seconds left.
|
|t:|1756951924
|switch|p1a: Lancelot|Incineroar, L50, F, shiny|100/100
|-ability|p1a: Lancelot|Intimidate|boost
|-unboost|p2a: Kingambit|atk|1
|-ability|p2a: Kingambit|Defiant|boost
|-boost|p2a: Kingambit|atk|2
|-unboost|p2b: Sneasler|atk|1
|move|p2a: Kingambit|Sucker Punch|p1b: Hehe
|-resisted|p1b: Hehe
|-enditem|p1b: Hehe|Focus Sash
|-damage|p1b: Hehe|1/100
|move|p1b: Hehe|Dire Claw|p2b: Sneasler
|-resisted|p2b: Sneasler
|-damage|p2b: Sneasler|70/100
|move|p2b: Sneasler|Dire Claw|p1a: Lancelot
|-damage|p1a: Lancelot|72/100
|
|upkeep
|turn|3
|
|t:|1756951946
|switch|p2b: Volcarona|Volcarona, L50, M|100/100
|move|p2a: Kingambit|Protect|p2a: Kingambit
|-singleturn|p2a: Kingambit|Protect
|move|p1b: Hehe|Close Combat|p2a: Kingambit
|-activate|p2a: Kingambit|move: Protect
|move|p1a: Lancelot|U-turn|p2b: Volcarona
|-resisted|p2b: Volcarona
|-damage|p2b: Volcarona|89/100
|
|t:|1756951954
|switch|p1a: Joshua|Dragonite, L50, M|15/100|[from] U-turn
|
|upkeep
|turn|4
|
|t:|1756951964
|switch|p1b: Lancelot|Incineroar, L50, F, shiny|72/100
|-ability|p1b: Lancelot|Intimidate|boost
|-unboost|p2a: Kingambit|atk|1
|-ability|p2a: Kingambit|Defiant|boost
|-boost|p2a: Kingambit|atk|2
|-unboost|p2b: Volcarona|atk|1
|move|p2a: Kingambit|Sucker Punch||[still]
|-fail|p2a: Kingambit
|move|p2b: Volcarona|Tera Blast|p1a: Joshua
|-damage|p1a: Joshua|0 fnt
|faint|p1a: Joshua
|
|upkeep
|inactive|i saw carcosa has 30 seconds left.
|
|t:|1756951990
|switch|p1a: Ursaluna|Ursaluna-Bloodmoon, L50, M|100/100
|turn|5
|
|t:|1756952002
|switch|p2b: Rillaboom|Rillaboom, L50, F|100/100
|-fieldstart|move: Grassy Terrain|[from] ability: Grassy Surge|[of] p2b: Rillaboom
|switch|p1b: Hehe|Sneasler, L50, F|1/100
|-terastallize|p1a: Ursaluna|Dragon
|move|p2a: Kingambit|Protect|p2a: Kingambit
|-singleturn|p2a: Kingambit|Protect
|move|p1a: Ursaluna|Hyper Voice|p2a: Kingambit|[spread] p2b
|-activate|p2a: Kingambit|move: Protect
|-damage|p2b: Rillaboom|62/100
|-damage|p1a: Ursaluna|91/100|[from] item: Life Orb
|
|-heal|p1b: Hehe|7/100|[from] Grassy Terrain
|-heal|p2b: Rillaboom|68/100|[from] Grassy Terrain
|-heal|p1a: Ursaluna|97/100|[from] Grassy Terrain
|-heal|p2a: Kingambit|16/100|[from] Grassy Terrain
|upkeep
|turn|6
|inactive|snekr1994 has 30 seconds left.
|
|t:|1756952029
|move|p1b: Hehe|Fake Out|p2b: Rillaboom
|-damage|p2b: Rillaboom|54/100
|-status|p2b: Rillaboom|psn|[from] ability: Poison Touch|[of] p1b: Hehe
|cant|p2b: Rillaboom|flinch
|move|p2a: Kingambit|Sucker Punch|p1a: Ursaluna
|-crit|p1a: Ursaluna
|-damage|p1a: Ursaluna|0 fnt
|faint|p1a: Ursaluna
|
|-heal|p1b: Hehe|13/100|[from] Grassy Terrain
|-heal|p2b: Rillaboom|60/100 psn|[from] Grassy Terrain
|-heal|p2a: Kingambit|22/100|[from] Grassy Terrain
|-damage|p2b: Rillaboom|48/100 psn|[from] psn
|upkeep
|
|t:|1756952047
|switch|p1a: Lancelot|Incineroar, L50, F, shiny|72/100
|-ability|p1a: Lancelot|Intimidate|boost
|-unboost|p2a: Kingambit|atk|1
|-ability|p2a: Kingambit|Defiant|boost
|-boost|p2a: Kingambit|atk|2
|-unboost|p2b: Rillaboom|atk|1
|turn|7
|-message|i saw carcosa forfeited.
|
|win|snekr1994
|raw|i saw carcosa's rating: 1325 → 1313(-12 for losing)
|raw|snekr1994's rating: 1477 → 1489(+12 for winning)
|l|☆snekr1994
|player|p2|
