|j|☆Nebz21
|j|☆potfatato2069
|html|Nebz21potfatato2069    
|uhtml|bestof|Game 1 of a best-of-3
|t:|1757804343
|gametype|doubles
|player|p1|Nebz21|hexmaniac-gen6|
|player|p2|potfatato2069|265|
|gen|9
|tier|[Gen 9] VGC 2025 Reg H (Bo3)
|rule|Species Clause: Limit one of each Pokémon
|rule|Item Clause: Limit 1 of each item
|clearpoke
|poke|p1|Yanma, L50, F|
|poke|p1|Pikachu, L50, M|
|poke|p1|Duraludon, L50, F|
|poke|p1|Magmar, L50, F|
|poke|p1|Sneasel-Hisui, L50, M|
|poke|p1|Basculin-White-Striped, L50, F|
|poke|p2|Emboar, L50, M|
|poke|p2|Hydrapple, L50, F|
|poke|p2|Araquanid, L50, F|
|poke|p2|Indeedee-F, L50, F|
|poke|p2|Gardevoir, L50, M|
|poke|p2|Ursaluna, L50, M|
|teampreview|4
|showteam|p1|Yanma||FocusSash|CompoundEyes|Tailwind,Hypnosis,AirSlash,Protect|||F|||50|,,,,,Ghost]Pikachu||LightBall|LightningRod|FakeOut,Encore,Thunderbolt,Protect|||M|||50|,,,,,Electric]Duraludon||ChoiceSpecs|Stalwart|DracoMeteor,FlashCannon,TeraBlast,DragonPulse|||F|||50|,,,,,Ghost]Magmar||Eviolite|VitalSpirit|FollowMe,HelpingHand,Overheat,Protect|||F|||50|,,,,,Fairy]Sneasel-Hisui||LifeOrb|InnerFocus|PoisonJab,CloseCombat,ThroatChop,Protect|||M|||50|,,,,,Stellar]Basculin-White-Striped||ChoiceScarf|Adaptability|AquaJet,WaveCrash,FlipTurn,LastRespects|||F|||50|,,,,,Ghost
|showteam|p2|Emboar||ChoiceBand|Reckless|CloseCombat,WildCharge,FlareBlitz,IronHead|||M|||50|,,,,,Steel]Hydrapple||AssaultVest|Regenerator|EnergyBall,EarthPower,FickleBeam,PollenPuff|||F|||50|,,,,,Water]Araquanid||MysticWater|WaterBubble|Lunge,WideGuard,Protect,Liquidation|||F|||50|,,,,,Water]Indeedee-F||RockyHelmet|PsychicSurge|Psychic,TrickRoom,FollowMe,HelpingHand|||F|||50|,,,,,Fairy]Gardevoir||LifeOrb|Trace|Moonblast,ExpandingForce,Protect,TrickRoom|||M|||50|,,,,,Poison]Ursaluna||FlameOrb|Guts|Protect,HeadlongRush,IcePunch,Facade|||M|||50|,,,,,Ghost
|inactive|Battle timer is ON: inactive players will automatically lose when time's up. (requested by Nebz21)
|inactive|Nebz21 has 60 seconds left.
|
|t:|1757804380
|teamsize|p1|4
|teamsize|p2|4
|start
|switch|p1a: Yanma|Yanma, L50, F|100/100
|switch|p1b: Basculin|Basculin-White-Striped, L50, F|100/100
|switch|p2a: Indeedee|Indeedee-F, L50, F|100/100
|switch|p2b: Emboar|Emboar, L50, M|100/100
|-fieldstart|move: Psychic Terrain|[from] ability: Psychic Surge|[of] p2a: Indeedee
|turn|1
|inactive|Nebz21 has 30 seconds left.
|
|t:|1757804408
|-terastallize|p2b: Emboar|Steel
|move|p1b: Basculin|Wave Crash|p2b: Emboar
|-damage|p2b: Emboar|30/100
|-damage|p1b: Basculin|67/100|[from] Recoil
|move|p1a: Yanma|Hypnosis|p2a: Indeedee
|-status|p2a: Indeedee|slp|[from] move: Hypnosis
|move|p2b: Emboar|Iron Head|p1a: Yanma
|-enditem|p1a: Yanma|Focus Sash
|-damage|p1a: Yanma|1/100
|cant|p2a: Indeedee|slp
|
|upkeep
|turn|2
|
|t:|1757804428
|-curestatus|p2a: Indeedee|slp|[msg]
|move|p2a: Indeedee|Follow Me|p2a: Indeedee
|-singleturn|p2a: Indeedee|move: Follow Me
|move|p1b: Basculin|Wave Crash|p2a: Indeedee
|-damage|p2a: Indeedee|13/100
|-damage|p1b: Basculin|50/100|[from] item: Rocky Helmet|[of] p2a: Indeedee
|-damage|p1b: Basculin|16/100|[from] Recoil
|move|p1a: Yanma|Hypnosis|p2a: Indeedee
|-status|p2a: Indeedee|slp|[from] move: Hypnosis
|move|p2b: Emboar|Iron Head|p1b: Basculin
|-resisted|p1b: Basculin
|-damage|p1b: Basculin|0 fnt
|faint|p1b: Basculin
|
|upkeep
|
|t:|1757804438
|switch|p1b: Sneasel|Sneasel-Hisui, L50, M|100/100
|turn|3
|
|t:|1757804449
|-terastallize|p1b: Sneasel|Stellar
|move|p1b: Sneasel|Close Combat|p2b: Emboar
|-supereffective|p2b: Emboar
|-damage|p2b: Emboar|0 fnt
|-unboost|p1b: Sneasel|def|1
|-unboost|p1b: Sneasel|spd|1
|faint|p2b: Emboar
|-damage|p1b: Sneasel|90/100|[from] item: Life Orb
|move|p1a: Yanma|Air Slash|p2a: Indeedee
|-damage|p2a: Indeedee|0 fnt
|faint|p2a: Indeedee
|
|upkeep
|
|t:|1757804460
|switch|p2a: Ursaluna|Ursaluna, L50, M|100/100
|switch|p2b: Araquanid|Araquanid, L50, F|100/100
|turn|4
|
|t:|1757804479
|move|p2a: Ursaluna|Protect|p2a: Ursaluna
|-singleturn|p2a: Ursaluna|Protect
|move|p2b: Araquanid|Protect|p2b: Araquanid
|-singleturn|p2b: Araquanid|Protect
|move|p1b: Sneasel|Throat Chop|p2b: Araquanid
|-activate|p2b: Araquanid|move: Protect
|move|p1a: Yanma|Hypnosis|p2a: Ursaluna
|-activate|p2a: Ursaluna|move: Protect
|
|-status|p2a: Ursaluna|brn|[from] item: Flame Orb
|upkeep
|turn|5
|inactive|potfatato2069 has 30 seconds left.
|inactive|potfatato2069 has 20 seconds left.
|inactive|potfatato2069 has 15 seconds left.
|
|t:|1757804521
|move|p1b: Sneasel|Close Combat|p2a: Ursaluna
|-supereffective|p2a: Ursaluna
|-crit|p2a: Ursaluna
|-damage|p2a: Ursaluna|0 fnt
|-unboost|p1b: Sneasel|def|1
|-unboost|p1b: Sneasel|spd|1
|faint|p2a: Ursaluna
|-damage|p1b: Sneasel|80/100|[from] item: Life Orb
|move|p1a: Yanma|Hypnosis|p2b: Araquanid
|-status|p2b: Araquanid|slp|[from] move: Hypnosis
|cant|p2b: Araquanid|slp
|
|-fieldend|move: Psychic Terrain
|upkeep
|turn|6
|
|t:|1757804535
|move|p1b: Sneasel|Poison Jab|p2b: Araquanid
|-damage|p2b: Araquanid|34/100 slp
|-damage|p1b: Sneasel|70/100|[from] item: Life Orb
|move|p1a: Yanma|Air Slash|p2b: Araquanid
|-supereffective|p2b: Araquanid
|-damage|p2b: Araquanid|3/100 slp
|cant|p2b: Araquanid|slp
|
|upkeep
|turn|7
|
|t:|1757804545
|move|p1b: Sneasel|Poison Jab|p2b: Araquanid
|-damage|p2b: Araquanid|0 fnt
|faint|p2b: Araquanid
|-damage|p1b: Sneasel|60/100|[from] item: Life Orb
|
|win|Nebz21
||Nebz21 is ready for game 2.
||potfatato2069 is ready for game 2.
|uhtml|next|Next: Game 2 of 3
|l|☆potfatato2069
|player|p2|
