|j|☆homerj71
|j|☆KatKraydel
|html|homerj71KatKraydel    
|uhtml|bestof|Game 1 of a best-of-3
|t:|1785411078
|gametype|doubles
|player|p1|homerj71|170|1114
|player|p2|KatKraydel|lebanne|1255
|gen|9
|tier|[Gen 9 Champions] VGC 2026 Reg M-B (Bo3)
|rated|
|rule|Species Clause: Limit one of each Pokémon
|rule|Item Clause: Limit 1 of each item
|clearpoke
|poke|p1|Tyranitar, L50, F|
|poke|p1|Staraptor, L50, F|
|poke|p1|Gholdengo, L50|
|poke|p1|Excadrill, L50, F|
|poke|p1|Sinistcha, L50|
|poke|p1|Milotic, L50, M|
|poke|p2|Tyranitar, L50, M|
|poke|p2|Whimsicott, L50, M|
|poke|p2|Excadrill, L50, M|
|poke|p2|Kommo-o, L50, F|
|poke|p2|Venusaur, L50, M|
|poke|p2|Basculegion, L50, M|
|teampreview|4
|showteam|p1|Tyranitar||Tyranitarite|SandStream|KnockOff,LowKick,RockSlide,Protect|Jolly||F|||50|]Staraptor||Staraptite|Intimidate|BraveBird,CloseCombat,Tailwind,Protect|Jolly||F|||50|]Gholdengo||LifeOrb|GoodasGold|MakeItRain,NastyPlot,ShadowBall,Protect|Modest|||||50|]Excadrill||FocusSash|SandRush|RockSlide,HighHorsepower,IronHead,Protect|Adamant||F|||50|]Sinistcha||SitrusBerry|Hospitality|MatchaGotcha,RagePowder,ShadowBall,Protect|Bold|||||50|]Milotic||Leftovers|Competitive|Scald,IcyWind,IceBeam,Protect|Calm||M|||50|
|showteam|p2|Tyranitar||Tyranitarite|SandStream|RockSlide,KnockOff,IcePunch,Protect|Adamant||M|||50|]Whimsicott||MentalHerb|Prankster|Moonblast,Tailwind,FakeTears,Protect|Bold||M|||50|]Excadrill||FocusSash|SandRush|HighHorsepower,IronHead,RockTomb,Protect|Adamant||M|||50|]Kommo-o||LifeOrb|Overcoat|ClangingScales,AuraSphere,FlashCannon,Protect|Modest||F|||50|]Venusaur||Venusaurite|Chlorophyll|EnergyBall,SludgeBomb,EarthPower,Protect|Modest||M|||50|]Basculegion||ChoiceScarf|Adaptability|WaveCrash,LastRespects,AquaJet,FlipTurn|Adamant||M|||50|
|inactive|Battle timer is ON: inactive players will automatically lose when time's up. (requested by homerj71)
|inactive|homerj71 has 60 seconds left.
|
|t:|1785411111
|teamsize|p1|4
|teamsize|p2|4
|start
|switch|p1a: Staraptor|Staraptor, L50, F|100/100
|switch|p1b: Gholdengo|Gholdengo, L50|100/100
|switch|p2a: fishing with you|Basculegion, L50, M|100/100
|switch|p2b: Bounce Man|Whimsicott, L50, M|100/100
|-ability|p1a: Staraptor|Intimidate|boost
|-unboost|p2a: fishing with you|atk|1
|-unboost|p2b: Bounce Man|atk|1
|turn|1
|
|t:|1785411129
|detailschange|p1a: Staraptor|Staraptor-Mega, L50, F
|-mega|p1a: Staraptor|Staraptor|Staraptite
|move|p2a: fishing with you|Wave Crash|p1a: Staraptor
|-damage|p1a: Staraptor|50/100g
|-damage|p2a: fishing with you|84/100|[from] Recoil
|move|p1a: Staraptor|Brave Bird|p2b: Bounce Man
|-supereffective|p2b: Bounce Man|1
|-damage|p2b: Bounce Man|0 fnt
|faint|p2b: Bounce Man
|-damage|p1a: Staraptor|21/100|[from] Recoil
|move|p1b: Gholdengo|Shadow Ball|p2a: fishing with you
|-supereffective|p2a: fishing with you|1
|-damage|p2a: fishing with you|0 fnt
|faint|p2a: fishing with you
|-damage|p1b: Gholdengo|90/100|[from] item: Life Orb
|
|upkeep
|
|t:|1785411137
|switch|p2b: Drum Show|Kommo-o, L50, F|100/100
|switch|p2a: Epaulette Shark|Tyranitar, L50, M|100/100
|-weather|Sandstorm|[from] ability: Sand Stream|[of] p2a: Epaulette Shark
|turn|2
|
|t:|1785411153
|detailschange|p2a: Epaulette Shark|Tyranitar-Mega, L50, M
|-mega|p2a: Epaulette Shark|Tyranitar|Tyranitarite
|move|p1b: Gholdengo|Protect|p1b: Gholdengo
|-singleturn|p1b: Gholdengo|Protect
|move|p1a: Staraptor|Tailwind|p1a: Staraptor
|-sidestart|p1: homerj71|move: Tailwind
|move|p2a: Epaulette Shark|Knock Off|p1b: Gholdengo
|-activate|p1b: Gholdengo|move: Protect
|move|p2b: Drum Show|Clanging Scales|p1a: Staraptor|[spread] p1a
|-activate|p1b: Gholdengo|move: Protect
|-damage|p1a: Staraptor|0 fnt
|faint|p1a: Staraptor
|-unboost|p2b: Drum Show|def|1
|-damage|p2b: Drum Show|90/100|[from] item: Life Orb
|
|-weather|Sandstorm|[upkeep]
|upkeep
|
|t:|1785411162
|switch|p1a: Sinistcha|Sinistcha, L50|100/100
|-heal|p1b: Gholdengo|100/100|[from] ability: Hospitality|[of] p1a: Sinistcha
|turn|3
|inactive|KatKraydel has 30 seconds left.
|
|t:|1785411190
|move|p1a: Sinistcha|Rage Powder|p1a: Sinistcha
|-singleturn|p1a: Sinistcha|move: Rage Powder
|move|p1b: Gholdengo|Nasty Plot|p1b: Gholdengo
|-boost|p1b: Gholdengo|spa|2
|move|p2a: Epaulette Shark|Knock Off|p1a: Sinistcha
|-supereffective|p1a: Sinistcha|1
|-damage|p1a: Sinistcha|0 fnt
|-enditem|p1a: Sinistcha|Sitrus Berry|[from] move: Knock Off|[of] p2a: Epaulette Shark
|faint|p1a: Sinistcha
|move|p2b: Drum Show|Clanging Scales|p1b: Gholdengo
|-resisted|p1b: Gholdengo|1
|-damage|p1b: Gholdengo|62/100
|-unboost|p2b: Drum Show|def|1
|-damage|p2b: Drum Show|81/100|[from] item: Life Orb
|
|-weather|Sandstorm|[upkeep]
|upkeep
|
|t:|1785411195
|switch|p1a: Tyranitar|Tyranitar, L50, F|100/100
|turn|4
|
|t:|1785411204
|move|p2a: Epaulette Shark|Protect|p2a: Epaulette Shark
|-singleturn|p2a: Epaulette Shark|Protect
|move|p2b: Drum Show|Protect|p2b: Drum Show
|-singleturn|p2b: Drum Show|Protect
|move|p1b: Gholdengo|Make It Rain|p2b: Drum Show|[spread] 
|-activate|p2a: Epaulette Shark|move: Protect
|-activate|p2b: Drum Show|move: Protect
|move|p1a: Tyranitar|Rock Slide|p2b: Drum Show|[spread] 
|-activate|p2a: Epaulette Shark|move: Protect
|-activate|p2b: Drum Show|move: Protect
|
|-weather|Sandstorm|[upkeep]
|upkeep
|turn|5
|
|t:|1785411221
|move|p2b: Drum Show|Protect||[still]
|-fail|p2b: Drum Show
|move|p1b: Gholdengo|Shadow Ball|p2b: Drum Show
|-damage|p2b: Drum Show|0 fnt
|faint|p2b: Drum Show
|-damage|p1b: Gholdengo|52/100|[from] item: Life Orb
|move|p1a: Tyranitar|Low Kick|p2a: Epaulette Shark
|-supereffective|p2a: Epaulette Shark|2
|-damage|p2a: Epaulette Shark|0 fnt
|faint|p2a: Epaulette Shark
|
|win|homerj71
