|j|☆natsukivgc
|j|☆bananapanner
|html|natsukivgcbananapanner    
|uhtml|bestof|Game 2 of a best-of-3
|t:|1785470134
|gametype|doubles
|player|p1|natsukivgc|1|1081
|player|p2|bananapanner|wattson|1025
|gen|9
|tier|[Gen 9 Champions] VGC 2026 Reg M-B (Bo3)
|rated|
|rule|Species Clause: Limit one of each Pokémon
|rule|Item Clause: Limit 1 of each item
|clearpoke
|poke|p1|Charizard, L50, F|
|poke|p1|Sneasler, L50, M|
|poke|p1|Kingambit, L50, F|
|poke|p1|Dragonite, L50, F|
|poke|p1|Floette-Eternal, L50, F|
|poke|p1|Whimsicott, L50, F|
|poke|p2|Pelipper, L50, F|
|poke|p2|Swampert, L50, F|
|poke|p2|Corviknight, L50, M|
|poke|p2|Sinistcha, L50|
|poke|p2|Araquanid, L50, F|
|poke|p2|Azumarill, L50, M|
|teampreview|4
|showteam|p1|Charizard||CharizarditeY|Blaze|HeatWave,SolarBeam,WeatherBall,Protect|Modest||F|||50|]Sneasler||WhiteHerb|Unburden|CloseCombat,DireClaw,FakeOut,Coaching|Jolly||M|||50|]Kingambit||BlackGlasses|Defiant|KowtowCleave,SuckerPunch,SwordsDance,Protect|Adamant||F|||50|]Dragonite||LifeOrb|InnerFocus|DragonClaw,LowKick,ExtremeSpeed,Protect|Adamant||F|||50|]Floette-Eternal||Floettite|FlowerVeil|Moonblast,DazzlingGleam,LightofRuin,Protect|Modest||F|||50|]Whimsicott||FocusSash|Prankster|Moonblast,Tailwind,Encore,Protect|Timid||F|||50|
|showteam|p2|Pelipper||FocusSash|Drizzle|Hurricane,WeatherBall,Tailwind,WideGuard|Modest||F|||50|]Swampert||Swampertite|Torrent|Earthquake,WaveCrash,IcePunch,FlipTurn|Adamant||F|||50|]Corviknight||Leftovers|MirrorArmor|BraveBird,IronHead,Tailwind,Protect|Impish||M|||50|]Sinistcha||CobaBerry|Hospitality|MatchaGotcha,RagePowder,LifeDew,TrickRoom|Relaxed|||||50|]Araquanid||MysticWater|WaterBubble|Liquidation,BugBite,WideGuard,RainDance|Brave||F|||50|]Azumarill||SitrusBerry|HugePower|BellyDrum,Waterfall,AquaJet,PlayRough|Brave||M|||50|
|
|t:|1785470159
|teamsize|p1|4
|teamsize|p2|4
|start
|switch|p1a: Sneasler|Sneasler, L50, M|100/100
|switch|p1b: Kingambit|Kingambit, L50, F|100/100
|switch|p2a: Pelipper|Pelipper, L50, F|100/100
|switch|p2b: Swampert|Swampert, L50, F|100/100
|-weather|RainDance|[from] ability: Drizzle|[of] p2a: Pelipper
|turn|1
|
|t:|1785470196
|switch|p2a: Sinistcha|Sinistcha, L50|100/100
|detailschange|p2b: Swampert|Swampert-Mega, L50, F
|-mega|p2b: Swampert|Swampert|Swampertite
|move|p1a: Sneasler|Fake Out|p2a: Sinistcha
|-immune|p2a: Sinistcha
|move|p2b: Swampert|Wave Crash|p1a: Sneasler
|-damage|p1a: Sneasler|0 fnt
|faint|p1a: Sneasler
|-damage|p2b: Swampert|70/100|[from] Recoil
|move|p1b: Kingambit|Swords Dance|p1b: Kingambit
|-boost|p1b: Kingambit|atk|2
|
|-weather|RainDance|[upkeep]
|upkeep
|
|t:|1785470234
|switch|p1a: Floette|Floette-Eternal, L50, F|100/100
|turn|2
|
|t:|1785470258
|detailschange|p1a: Floette|Floette-Mega, L50, F
|-mega|p1a: Floette|Floette|Floettite
|-ability|p1a: Floette|Fairy Aura
|move|p2b: Swampert|Earthquake|p1a: Floette|[spread] p2a,p1a,p1b
|-resisted|p2a: Sinistcha|1
|-supereffective|p1b: Kingambit|1
|-damage|p2a: Sinistcha|84/100
|-damage|p1a: Floette|43/100
|-damage|p1b: Kingambit|27/100
|move|p1a: Floette|Moonblast|p2a: Sinistcha
|-damage|p2a: Sinistcha|0 fnt
|faint|p2a: Sinistcha
|move|p1b: Kingambit|Kowtow Cleave|p2b: Swampert
|-damage|p2b: Swampert|0 fnt
|faint|p2b: Swampert
|
|-weather|RainDance|[upkeep]
|upkeep
|
|t:|1785470271
|switch|p2b: Pelipper|Pelipper, L50, F|100/100
|switch|p2a: Azumarill|Azumarill, L50, M|100/100
|turn|3
|
|t:|1785470291
|move|p2b: Pelipper|Wide Guard|p2b: Pelipper
|-singleturn|p2b: Pelipper|Wide Guard
|move|p2a: Azumarill|Aqua Jet|p1b: Kingambit
|-damage|p1b: Kingambit|0 fnt
|faint|p1b: Kingambit
|move|p1a: Floette|Dazzling Gleam|p2b: Pelipper|[spread] 
|-activate|p2a: Azumarill|move: Wide Guard
|-activate|p2b: Pelipper|move: Wide Guard
|
|-weather|RainDance|[upkeep]
|upkeep
|
|t:|1785470300
|switch|p1b: Dragonite|Dragonite, L50, F|100/100
|turn|4
|
|t:|1785470320
|move|p1b: Dragonite|Extreme Speed|p2b: Pelipper
|-damage|p2b: Pelipper|57/100
|-damage|p1b: Dragonite|90/100|[from] item: Life Orb
|move|p1a: Floette|Light of Ruin|p2a: Azumarill|[miss]
|-miss|p1a: Floette|p2a: Azumarill
|move|p2b: Pelipper|Tailwind|p2b: Pelipper
|-sidestart|p2: bananapanner|move: Tailwind
|move|p2a: Azumarill|Play Rough|p1b: Dragonite
|-supereffective|p1b: Dragonite|1
|-damage|p1b: Dragonite|0 fnt
|faint|p1b: Dragonite
|
|-weather|RainDance|[upkeep]
|upkeep
|turn|5
|
|t:|1785470357
|move|p2b: Pelipper|Hurricane|p1a: Floette
|-damage|p1a: Floette|0 fnt
|faint|p1a: Floette
|
|win|bananapanner
