|j|☆DKit15
|j|☆PokeLucho
|html|DKit15PokeLucho    
|uhtml|bestof|Game 2 of a best-of-3
|t:|1756179005
|gametype|doubles
|player|p1|DKit15|veteran|1144
|player|p2|PokeLucho|266|1081
|gen|9
|tier|[Gen 9] VGC 2025 Reg H (Bo3)
|rated|
|rule|Species Clause: Limit one of each Pokémon
|rule|Item Clause: Limit 1 of each item
|clearpoke
|poke|p1|Toedscruel, L50, F|
|poke|p1|Weezing-Galar, L50, M|
|poke|p1|Corviknight, L50, M|
|poke|p1|Pawmot, L50, M|
|poke|p1|Garchomp, L50, M|
|poke|p1|Typhlosion-Hisui, L50, F|
|poke|p2|Electabuzz, L50, M|
|poke|p2|Kingambit, L50, F|
|poke|p2|Rillaboom, L50, M|
|poke|p2|Sneasler, L50, F|
|poke|p2|Volcarona, L50, F|
|poke|p2|Dragonite, L50, M|
|teampreview|4
|showteam|p1|Toedscruel||CovertCloak|MyceliumMight|Spore,EarthPower,AcidSpray,RagePowder|||F|||50|,,,,,Water]Weezing-Galar||ChoiceSpecs|NeutralizingGas|DazzlingGleam,SludgeBomb,StrangeSteam,Flamethrower|||M|||50|,,,,,Fire]Corviknight||SitrusBerry|MirrorArmor|Protect,Tailwind,Roost,BraveBird|||M|||50|,,,,,Dragon]Pawmot||FocusSash|NaturalCure|Protect,CloseCombat,DoubleShock,FakeOut|||M|||50|,,,,,Electric]Garchomp||LifeOrb|RoughSkin|Protect,Earthquake,DragonClaw,StompingTantrum|||M|||50|,,,,,Ground]Typhlosion-Hisui||ChoiceScarf|Blaze|Eruption,SleepTalk,HeatWave,ShadowBall|||F|||50|,,,,,Fire
|showteam|p2|Electabuzz||Eviolite|VitalSpirit|Thunderbolt,Taunt,FollowMe,Protect|||M|||50|,,,,,Ghost]Kingambit||BlackGlasses|Defiant|KowtowCleave,SuckerPunch,SwordsDance,Protect|||F|||50|,,,,,Dark]Rillaboom||AssaultVest|GrassySurge|FakeOut,HighHorsepower,WoodHammer,GrassyGlide|||M|||50|,,,,,Fire]Sneasler||FocusSash|PoisonTouch|DireClaw,CloseCombat,FakeOut,Coaching|||F|||50|,,,,,Stellar]Volcarona||Leftovers|FlameBody|HeatWave,TeraBlast,QuiverDance,Protect|||F|||50|,,,,,Fairy]Dragonite||LoadedDice|Multiscale|ExtremeSpeed,ScaleShot,Protect,Haze|||M|||50|,,,,,Steel
|
|t:|1756179067
|teamsize|p1|4
|teamsize|p2|4
|start
|switch|p1a: Weezing|Weezing-Galar, L50, M|100/100
|switch|p1b: Pawmot|Pawmot, L50, M|100/100
|switch|p2a: Sneasler|Sneasler, L50, F|100/100
|switch|p2b: Kingambit|Kingambit, L50, F|100/100
|-ability|p1a: Weezing|Neutralizing Gas
|turn|1
|
|t:|1756179093
|-terastallize|p1a: Weezing|Fire
|move|p1b: Pawmot|Protect|p1b: Pawmot
|-singleturn|p1b: Pawmot|Protect
|move|p2b: Kingambit|Protect|p2b: Kingambit
|-singleturn|p2b: Kingambit|Protect
|move|p2a: Sneasler|Dire Claw|p1a: Weezing
|-damage|p1a: Weezing|60/100
|-status|p1a: Weezing|psn
|move|p1a: Weezing|Dazzling Gleam|p2b: Kingambit|[spread] p2a
|-activate|p2b: Kingambit|move: Protect
|-damage|p2a: Sneasler|53/100
|
|-damage|p1a: Weezing|48/100 psn|[from] psn
|upkeep
|turn|2
|
|t:|1756179129
|-terastallize|p2b: Kingambit|Dark
|move|p2a: Sneasler|Dire Claw|p1b: Pawmot
|-damage|p1b: Pawmot|37/100
|move|p1b: Pawmot|Close Combat|p2b: Kingambit
|-supereffective|p2b: Kingambit
|-damage|p2b: Kingambit|19/100
|-unboost|p1b: Pawmot|def|1
|-unboost|p1b: Pawmot|spd|1
|move|p1a: Weezing|Dazzling Gleam|p2a: Sneasler|[spread] p2a,p2b
|-supereffective|p2b: Kingambit
|-damage|p2a: Sneasler|2/100
|-damage|p2b: Kingambit|0 fnt
|faint|p2b: Kingambit
|
|-damage|p1a: Weezing|35/100 psn|[from] psn
|upkeep
|
|t:|1756179143
|switch|p2b: Volcarona|Volcarona, L50, F|100/100
|turn|3
|
|t:|1756179178
|move|p1b: Pawmot|Protect|p1b: Pawmot
|-singleturn|p1b: Pawmot|Protect
|move|p2a: Sneasler|Dire Claw|p1a: Weezing
|-damage|p1a: Weezing|0 fnt
|faint|p1a: Weezing
|-end|p1a: Weezing|ability: Neutralizing Gas
|move|p2b: Volcarona|Quiver Dance|p2b: Volcarona
|-boost|p2b: Volcarona|spa|1
|-boost|p2b: Volcarona|spd|1
|-boost|p2b: Volcarona|spe|1
|
|upkeep
|
|t:|1756179191
|switch|p1a: Typhlosion|Typhlosion-Hisui, L50, F|100/100
|turn|4
|
|t:|1756179216
|move|p2b: Volcarona|Protect|p2b: Volcarona
|-singleturn|p2b: Volcarona|Protect
|move|p1a: Typhlosion|Shadow Ball|p2b: Volcarona
|-activate|p2b: Volcarona|move: Protect
|move|p2a: Sneasler|Dire Claw|p1b: Pawmot
|-damage|p1b: Pawmot|0 fnt
|faint|p1b: Pawmot
|
|upkeep
|
|t:|1756179227
|switch|p1b: Corviknight|Corviknight, L50, M|100/100
|turn|5
|
|t:|1756179246
|move|p1a: Typhlosion|Shadow Ball|p2b: Volcarona
|-damage|p2b: Volcarona|74/100
|move|p2b: Volcarona|Heat Wave|p1a: Typhlosion|[spread] p1a,p1b
|-resisted|p1a: Typhlosion
|-supereffective|p1b: Corviknight
|-damage|p1a: Typhlosion|66/100
|-damage|p1b: Corviknight|12/100
|-enditem|p1b: Corviknight|Sitrus Berry|[eat]
|-heal|p1b: Corviknight|37/100|[from] item: Sitrus Berry
|move|p2a: Sneasler|Dire Claw|p1a: Typhlosion
|-resisted|p1a: Typhlosion
|-damage|p1a: Typhlosion|37/100
|-status|p1a: Typhlosion|par
|move|p1b: Corviknight|Brave Bird|p2a: Sneasler
|-supereffective|p2a: Sneasler
|-damage|p2a: Sneasler|0 fnt
|faint|p2a: Sneasler
|-damage|p1b: Corviknight|36/100|[from] Recoil
|
|-heal|p2b: Volcarona|80/100|[from] item: Leftovers
|upkeep
|
|t:|1756179262
|switch|p2a: Electabuzz|Electabuzz, L50, M|100/100
|turn|6
|
|t:|1756179272
|move|p1b: Corviknight|Protect|p1b: Corviknight
|-singleturn|p1b: Corviknight|Protect
|move|p2b: Volcarona|Heat Wave|p1a: Typhlosion|[spread] p1a
|-activate|p1b: Corviknight|move: Protect
|-resisted|p1a: Typhlosion
|-damage|p1a: Typhlosion|3/100 par
|move|p2a: Electabuzz|Thunderbolt|p1a: Typhlosion
|-damage|p1a: Typhlosion|0 fnt
|faint|p1a: Typhlosion
|
|-heal|p2b: Volcarona|86/100|[from] item: Leftovers
|upkeep
|turn|7
|
|t:|1756179289
|move|p2b: Volcarona|Heat Wave|p1b: Corviknight
|-supereffective|p1b: Corviknight
|-damage|p1b: Corviknight|0 fnt
|faint|p1b: Corviknight
|
|win|PokeLucho
|raw|DKit15's rating: 1144 → 1115(-29 for losing)
|raw|PokeLucho's rating: 1081 → 1114(+33 for winning)
|l|☆DKit15
|player|p1|
|l|☆PokeLucho
|player|p2|
|j|☆PokeLucho
|player|p2|PokeLucho|266|
