|j|☆Quill86
|j|☆STL Donductor
|html|Quill86STL Donductor    
|uhtml|bestof|Game 1 of a best-of-3
|t:|1757908002
|gametype|doubles
|player|p1|Quill86|lucas|1211
|player|p2|STL Donductor|hilbert|1345
|gen|9
|tier|[Gen 9] VGC 2025 Reg H (Bo3)
|rated|
|rule|Species Clause: Limit one of each Pokémon
|rule|Item Clause: Limit 1 of each item
|clearpoke
|poke|p1|Incineroar, L50, F|
|poke|p1|Gholdengo, L50|
|poke|p1|Ursaluna-Bloodmoon, L50, M|
|poke|p1|Indeedee-F, L50, F|
|poke|p1|Gallade, L50, M|
|poke|p1|Torkoal, L50, M|
|poke|p2|Slaking, L50, F|
|poke|p2|Weezing, L50, F|
|poke|p2|Sneasler, L50, F|
|poke|p2|Indeedee, L50, M|
|poke|p2|Dondozo, L50, F|
|poke|p2|Tatsugiri, L50, F|
|teampreview|4
|showteam|p1|Incineroar||SafetyGoggles|Intimidate|FakeOut,FlareBlitz,KnockOff,PartingShot|||F|||50|,,,,,Ghost]Gholdengo||SitrusBerry|GoodasGold|MakeItRain,ShadowBall,NastyPlot,Protect||||||50|,,,,,Water]Ursaluna-Bloodmoon||LifeOrb|MindsEye|BloodMoon,HyperVoice,EarthPower,Protect|||M|||50|,,,,,Normal]Indeedee-F||PsychicSeed|PsychicSurge|FollowMe,TrickRoom,HelpingHand,DazzlingGleam|||F|||50|,,,,,Fairy]Gallade||ClearAmulet|Sharpness|SacredSword,PsychoCut,WideGuard,TrickRoom|||M|||50|,,,,,Grass]Torkoal||Charcoal|Drought|Eruption,WeatherBall,Yawn,Protect|||M|||50|,,,,,Fire
|showteam|p2|Slaking||ChoiceBand|Truant|DoubleEdge,KnockOff,HighHorsepower,Earthquake|||F|||50|,,,,,Ghost]Weezing||CovertCloak|NeutralizingGas|SludgeBomb,PoisonGas,Taunt,Protect|||F|||50|,,,,,Flying]Sneasler||PsychicSeed|Unburden|DireClaw,CloseCombat,ThroatChop,Protect|||F|||50|,,,,,Dark]Indeedee||FocusSash|PsychicSurge|ExpandingForce,TeraBlast,HelpingHand,Protect|||M|||50|,,,,,Psychic]Dondozo||Leftovers|Unaware|WaveCrash,Earthquake,OrderUp,Protect|||F|||50|,,,,,Grass]Tatsugiri||SafetyGoggles|Commander|DracoMeteor,MuddyWater,HelpingHand,Protect|||F|||50|,,,,,Fairy
|inactive|Battle timer is ON: inactive players will automatically lose when time's up. (requested by STL Donductor)
|
|t:|1757908025
|teamsize|p1|4
|teamsize|p2|4
|start
|switch|p1a: Incineroar|Incineroar, L50, F|100/100
|switch|p1b: Gholdengo|Gholdengo, L50|100/100
|switch|p2a: Slaking|Slaking, L50, F|100/100
|switch|p2b: Weezing|Weezing, L50, F|100/100
|-ability|p2b: Weezing|Neutralizing Gas
|turn|1
|inactive|STL Donductor has 30 seconds left.
|inactive|STL Donductor has 20 seconds left.
|inactive|STL Donductor has 15 seconds left.
|inactive|STL Donductor has 10 seconds left.
|inactive|STL Donductor has 5 seconds left.
|
|t:|1757908080
|-terastallize|p2a: Slaking|Ghost
|move|p1b: Gholdengo|Protect|p1b: Gholdengo
|-singleturn|p1b: Gholdengo|Protect
|move|p2b: Weezing|Protect|p2b: Weezing
|-singleturn|p2b: Weezing|Protect
|move|p2a: Slaking|High Horsepower|p1a: Incineroar
|-supereffective|p1a: Incineroar
|-damage|p1a: Incineroar|15/100
|move|p1a: Incineroar|Parting Shot|p2a: Slaking
|-unboost|p2a: Slaking|atk|1
|-unboost|p2a: Slaking|spa|1
|
|t:|1757908091
|switch|p1a: Gallade|Gallade, L50, M|100/100|[from] Parting Shot
|
|upkeep
|turn|2
|inactive|STL Donductor has 30 seconds left.
|
|t:|1757908124
|-end|p2b: Weezing|ability: Neutralizing Gas
|switch|p2b: Dondozo|Dondozo, L50, F, shiny|100/100
|-terastallize|p1b: Gholdengo|Water
|move|p2a: Slaking|High Horsepower|p1b: Gholdengo
|-damage|p1b: Gholdengo|69/100
|move|p1b: Gholdengo|Nasty Plot|p1b: Gholdengo
|-boost|p1b: Gholdengo|spa|2
|move|p1a: Gallade|Trick Room|p1a: Gallade
|-fieldstart|move: Trick Room|[of] p1a: Gallade
|
|upkeep
|turn|3
|
|t:|1757908148
|switch|p2a: Tatsugiri|Tatsugiri, L50, F, shiny|100/100
|-activate|p2a: Tatsugiri|ability: Commander|[of] p2b: Dondozo
|-boost|p2b: Dondozo|atk|2
|-boost|p2b: Dondozo|spa|2
|-boost|p2b: Dondozo|spe|2
|-boost|p2b: Dondozo|def|2
|-boost|p2b: Dondozo|spd|2
|move|p1a: Gallade|Sacred Sword|p2b: Dondozo
|-damage|p2b: Dondozo|51/100
|move|p1b: Gholdengo|Make It Rain|p2a: Tatsugiri|[spread] p2b
|-miss|p1b: Gholdengo|p2a: Tatsugiri
|-resisted|p2b: Dondozo
|-damage|p2b: Dondozo|38/100
|-unboost|p1b: Gholdengo|spa|1
|move|p2b: Dondozo|Wave Crash|p1a: Gallade
|-damage|p1a: Gallade|0 fnt
|faint|p1a: Gallade
|-damage|p2b: Dondozo|12/100|[from] Recoil
|
|-heal|p2b: Dondozo|18/100|[from] item: Leftovers
|upkeep
|
|t:|1757908155
|switch|p1a: Incineroar|Incineroar, L50, F|15/100
|-ability|p1a: Incineroar|Intimidate|boost
|-unboost|p2a: Tatsugiri|atk|1
|-unboost|p2b: Dondozo|atk|1
|turn|4
|
|t:|1757908173
|move|p2b: Dondozo|Protect|p2b: Dondozo
|-singleturn|p2b: Dondozo|Protect
|move|p1a: Incineroar|Knock Off|p2b: Dondozo
|-activate|p2b: Dondozo|move: Protect
|move|p1b: Gholdengo|Shadow Ball|p2b: Dondozo
|-activate|p2b: Dondozo|move: Protect
|
|-heal|p2b: Dondozo|24/100|[from] item: Leftovers
|upkeep
|turn|5
|
|t:|1757908197
|move|p2b: Dondozo|Protect|p2b: Dondozo
|-singleturn|p2b: Dondozo|Protect
|move|p1a: Incineroar|Knock Off|p2b: Dondozo
|-activate|p2b: Dondozo|move: Protect
|move|p1b: Gholdengo|Shadow Ball|p2b: Dondozo
|-activate|p2b: Dondozo|move: Protect
|
|-heal|p2b: Dondozo|31/100|[from] item: Leftovers
|upkeep
|turn|6
|
|t:|1757908207
|move|p1a: Incineroar|Knock Off|p2b: Dondozo
|-damage|p2b: Dondozo|16/100
|-enditem|p2b: Dondozo|Leftovers|[from] move: Knock Off|[of] p1a: Incineroar
|move|p1b: Gholdengo|Shadow Ball|p2b: Dondozo
|-damage|p2b: Dondozo|0 fnt
|faint|p2b: Dondozo
|
|-fieldend|move: Trick Room
|upkeep
|inactive|STL Donductor has 30 seconds left.
|inactive|STL Donductor has 20 seconds left.
|inactive|STL Donductor has 15 seconds left.
|inactive|STL Donductor has 10 seconds left.
|
|t:|1757908254
|switch|p2b: Slaking|Slaking, L50, F, tera:Ghost|100/100
|turn|7
|
|t:|1757908267
|move|p1b: Gholdengo|Protect|p1b: Gholdengo
|-singleturn|p1b: Gholdengo|Protect
|move|p2b: Slaking|Double-Edge|p1b: Gholdengo
|-activate|p1b: Gholdengo|move: Protect
|move|p2a: Tatsugiri|Muddy Water|p1a: Incineroar|[spread] p1a
|-activate|p1b: Gholdengo|move: Protect
|-supereffective|p1a: Incineroar
|-damage|p1a: Incineroar|0 fnt
|faint|p1a: Incineroar
|
|upkeep
|
|t:|1757908273
|switch|p1a: Indeedee|Indeedee-F, L50, F|100/100
|-fieldstart|move: Psychic Terrain|[from] ability: Psychic Surge|[of] p1a: Indeedee
|-enditem|p1a: Indeedee|Psychic Seed
|-boost|p1a: Indeedee|spd|1|[from] item: Psychic Seed
|turn|8
|
|t:|1757908292
|switch|p2a: Weezing|Weezing, L50, F|100/100
|-ability|p2a: Weezing|Neutralizing Gas
|move|p1a: Indeedee|Follow Me|p1a: Indeedee
|-singleturn|p1a: Indeedee|move: Follow Me
|move|p2b: Slaking|Double-Edge|p1a: Indeedee
|-crit|p1a: Indeedee
|-damage|p1a: Indeedee|0 fnt
|faint|p1a: Indeedee
|-damage|p2b: Slaking|75/100|[from] Recoil
|move|p1b: Gholdengo|Shadow Ball|p2b: Slaking
|-supereffective|p2b: Slaking
|-damage|p2b: Slaking|0 fnt
|faint|p2b: Slaking
|
|upkeep
|
|t:|1757908305
|switch|p2b: Tatsugiri|Tatsugiri, L50, F, shiny|100/100
|turn|9
|
|t:|1757908319
|move|p2b: Tatsugiri|Protect|p2b: Tatsugiri
|-singleturn|p2b: Tatsugiri|Protect
|move|p1b: Gholdengo|Make It Rain|p2a: Weezing|[spread] p2a
|-activate|p2b: Tatsugiri|move: Protect
|-damage|p2a: Weezing|32/100
|-unboost|p1b: Gholdengo|spa|1
|move|p2a: Weezing|Poison Gas|p1b: Gholdengo
|-status|p1b: Gholdengo|psn
|
|-damage|p1b: Gholdengo|56/100 psn|[from] psn
|upkeep
|turn|10
|
|t:|1757908336
|move|p2b: Tatsugiri|Draco Meteor|p1b: Gholdengo
|-damage|p1b: Gholdengo|0 fnt
|-unboost|p2b: Tatsugiri|spa|2
|faint|p1b: Gholdengo
|
|win|STL Donductor
||Quill86 is ready for game 2.
||STL Donductor is ready for game 2.
|uhtml|next|Next: Game 2 of 3
|l|☆STL Donductor
|player|p2|
