|j|☆maxw21386
|j|☆ProtectThyKing34
|html|maxw21386ProtectThyKing34    
|uhtml|bestof|Game 2 of a best-of-3
|t:|1784764373
|gametype|doubles
|player|p1|maxw21386|102|1000
|player|p2|ProtectThyKing34|rocketgrunt|1114
|gen|9
|tier|[Gen 9 Champions] VGC 2026 Reg M-B (Bo3)
|rated|
|rule|Species Clause: Limit one of each Pokémon
|rule|Item Clause: Limit 1 of each item
|clearpoke
|poke|p1|Incineroar, L50, M|
|poke|p1|Sylveon, L50, M|
|poke|p1|Raichu, L50, F|
|poke|p1|Whimsicott, L50, F|
|poke|p1|Gengar, L50, M|
|poke|p1|Milotic, L50, F|
|poke|p2|Delphox, L50, M|
|poke|p2|Incineroar, L50, F|
|poke|p2|Sneasler, L50, F|
|poke|p2|Sinistcha, L50|
|poke|p2|Kingambit, L50, M|
|poke|p2|Blastoise, L50, F|
|teampreview|4
|showteam|p1|Incineroar||SitrusBerry|Intimidate|FakeOut,PartingShot,FlareBlitz|Serious||M|||50|]Sylveon||ChoiceScarf|Pixilate|HyperVoice,Protect,Yawn,HyperBeam|Timid||M|||50|]Raichu||RaichuniteY|LightningRod|ZapCannon,Protect,FakeOut,PlayRough|Serious||F|||50|]Whimsicott||FocusSash|Prankster|Moonblast,Encore,Tailwind,Taunt|Serious||F|||50|]Gengar||Gengarite|CursedBody|SludgeBomb,ShadowBall,Protect,PerishSong|Serious||M|||50|]Milotic|||Competitive|Scald,Protect,Coil,Hypnosis|Bold||F|||50|
|showteam|p2|Delphox||Delphoxite|Blaze|NastyPlot,Protect,Psyshock,HeatWave|Timid||M|||50|]Incineroar||SitrusBerry|Intimidate|FakeOut,PartingShot,FlareBlitz,DarkestLariat|Impish||F|||50|]Sneasler||FocusSash|PoisonTouch|GunkShot,FakeOut,CloseCombat,QuickGuard|Jolly||F|||50|]Sinistcha||OccaBerry|Hospitality|MatchaGotcha,RagePowder,TrickRoom,Protect|Calm|||||50|]Kingambit||BlackGlasses|Defiant|SuckerPunch,KowtowCleave,LowKick,Protect|Adamant||M|||50|]Blastoise||Blastoisinite|RainDish|ShellSmash,WaterSpout,DarkPulse,Protect|Timid||F|||50|
|inactive|Battle timer is ON: inactive players will automatically lose when time's up. (requested by ProtectThyKing34)
|
|t:|1784764402
|teamsize|p1|4
|teamsize|p2|4
|start
|switch|p1a: Whimsicott|Whimsicott, L50, F|100/100
|switch|p1b: Incineroar|Incineroar, L50, M|100/100
|switch|p2a: Sneasler|Sneasler, L50, F|100/100
|switch|p2b: Delphox|Delphox, L50, M|100/100
|-ability|p1b: Incineroar|Intimidate|boost
|-unboost|p2a: Sneasler|atk|1
|-unboost|p2b: Delphox|atk|1
|turn|1
|
|t:|1784764416
|switch|p2b: Sinistcha|Sinistcha, L50|100/100
|move|p1b: Incineroar|Fake Out|p2a: Sneasler
|-damage|p2a: Sneasler|80/100
|move|p1a: Whimsicott|Tailwind|p1a: Whimsicott
|-sidestart|p1: maxw21386|move: Tailwind
|cant|p2a: Sneasler|flinch
|
|upkeep
|turn|2
|
|t:|1784764433
|move|p1a: Whimsicott|Taunt|p2b: Sinistcha
|-start|p2b: Sinistcha|move: Taunt
|move|p2a: Sneasler|Close Combat|p1b: Incineroar
|-supereffective|p1b: Incineroar|1
|-damage|p1b: Incineroar|36/100
|-unboost|p2a: Sneasler|def|1
|-unboost|p2a: Sneasler|spd|1
|-enditem|p1b: Incineroar|Sitrus Berry|[eat]
|-heal|p1b: Incineroar|61/100|[from] item: Sitrus Berry
|move|p1b: Incineroar|Parting Shot|p2a: Sneasler
|-unboost|p2a: Sneasler|atk|1
|-unboost|p2a: Sneasler|spa|1
|
|t:|1784764447
|switch|p1b: Raichu|Raichu, L50, F|100/100|[from] Parting Shot
|cant|p2b: Sinistcha|move: Taunt|Trick Room
|
|upkeep
|turn|3
|
|t:|1784764465
|detailschange|p1b: Raichu|Raichu-Mega-Y, L50, F
|-mega|p1b: Raichu|Raichu|Raichunite Y
|move|p1a: Whimsicott|Encore||[still]
|-fail|p1a: Whimsicott
|move|p1b: Raichu|Zap Cannon|p2a: Sneasler
|-damage|p2a: Sneasler|0 fnt
|faint|p2a: Sneasler
|move|p2b: Sinistcha|Matcha Gotcha|p1a: Whimsicott|[spread] p1a,p1b
|-resisted|p1a: Whimsicott|1
|-damage|p1a: Whimsicott|83/100
|-damage|p1b: Raichu|62/100
|-status|p1b: Raichu|brn
|
|-damage|p1b: Raichu|56/100 brn|[from] brn
|upkeep
|
|t:|1784764477
|switch|p2a: Kingambit|Kingambit, L50, M|100/100
|turn|4
|
|t:|1784764486
|move|p2a: Kingambit|Sucker Punch|p1b: Raichu
|-damage|p1b: Raichu|0 fnt
|faint|p1b: Raichu
|move|p1a: Whimsicott|Moonblast|p2a: Kingambit
|-damage|p2a: Kingambit|74/100
|-unboost|p2a: Kingambit|spa|1
|-ability|p2a: Kingambit|Defiant|boost
|-boost|p2a: Kingambit|atk|2
|move|p2b: Sinistcha|Matcha Gotcha|p1a: Whimsicott
|-resisted|p1a: Whimsicott|1
|-damage|p1a: Whimsicott|61/100
|
|-end|p2b: Sinistcha|move: Taunt
|-sideend|p1: maxw21386|move: Tailwind
|upkeep
|
|t:|1784764507
|switch|p1b: Incineroar|Incineroar, L50, M|61/100
|-ability|p1b: Incineroar|Intimidate|boost
|-unboost|p2a: Kingambit|atk|1
|-ability|p2a: Kingambit|Defiant|boost
|-boost|p2a: Kingambit|atk|2
|-unboost|p2b: Sinistcha|atk|1
|turn|5
|
|t:|1784764519
|switch|p2a: Delphox|Delphox, L50, M|100/100
|move|p1b: Incineroar|Fake Out|p2a: Delphox
|-damage|p2a: Delphox|82/100
|move|p1a: Whimsicott|Taunt|p2b: Sinistcha
|-start|p2b: Sinistcha|move: Taunt
|cant|p2b: Sinistcha|move: Taunt|Trick Room
|
|upkeep
|turn|6
|
|t:|1784764539
|detailschange|p2a: Delphox|Delphox-Mega, L50, M
|-mega|p2a: Delphox|Delphox|Delphoxite
|move|p1a: Whimsicott|Tailwind|p1a: Whimsicott
|-sidestart|p1: maxw21386|move: Tailwind
|move|p2a: Delphox|Heat Wave|p1b: Incineroar|[spread] p1b
|-miss|p2a: Delphox|p1a: Whimsicott
|-resisted|p1b: Incineroar|1
|-damage|p1b: Incineroar|40/100
|move|p1b: Incineroar|Parting Shot|p2a: Delphox
|-unboost|p2a: Delphox|atk|1
|-unboost|p2a: Delphox|spa|1
|
|t:|1784764548
|switch|p1b: Milotic|Milotic, L50, F|100/100|[from] Parting Shot
|move|p2b: Sinistcha|Matcha Gotcha|p1a: Whimsicott|[spread] p1a,p1b
|-resisted|p1a: Whimsicott|1
|-supereffective|p1b: Milotic|1
|-damage|p1a: Whimsicott|44/100
|-damage|p1b: Milotic|63/100
|-status|p1a: Whimsicott|brn
|
|-damage|p1a: Whimsicott|38/100 brn|[from] brn
|upkeep
|turn|7
|
|t:|1784764566
|switch|p2a: Kingambit|Kingambit, L50, M|74/100
|move|p1a: Whimsicott|Moonblast|p2b: Sinistcha
|-damage|p2b: Sinistcha|75/100
|move|p1b: Milotic|Coil|p1b: Milotic
|-boost|p1b: Milotic|atk|1
|-boost|p1b: Milotic|def|1
|-boost|p1b: Milotic|accuracy|1
|move|p2b: Sinistcha|Matcha Gotcha|p1a: Whimsicott|[spread] p1a,p1b
|-resisted|p1a: Whimsicott|1
|-supereffective|p1b: Milotic|1
|-damage|p1a: Whimsicott|20/100y brn
|-heal|p2b: Sinistcha|84/100|[from] drain|[of] p1a: Whimsicott
|-damage|p1b: Milotic|30/100
|-heal|p2b: Sinistcha|100/100|[from] drain|[of] p1b: Milotic
|
|-damage|p1a: Whimsicott|14/100 brn|[from] brn
|-end|p2b: Sinistcha|move: Taunt
|upkeep
|turn|8
|
|t:|1784764588
|move|p1a: Whimsicott|Taunt|p2b: Sinistcha
|-start|p2b: Sinistcha|move: Taunt
|move|p1b: Milotic|Hypnosis|p2a: Kingambit
|-status|p2a: Kingambit|slp|[from] move: Hypnosis
|move|p2b: Sinistcha|Matcha Gotcha|p1b: Milotic|[spread] p1a,p1b
|-resisted|p1a: Whimsicott|1
|-supereffective|p1b: Milotic|1
|-damage|p1a: Whimsicott|0 fnt
|-damage|p1b: Milotic|0 fnt
|faint|p1a: Whimsicott
|faint|p1b: Milotic
|cant|p2a: Kingambit|slp
|
|upkeep
|-message|maxw21386 forfeited.
|
|win|ProtectThyKing34
|l|☆maxw21386
|player|p1|
||maxw21386 is ready for game 3.
