|j|☆lux raymundi
|j|☆jakejakejake
|html|lux raymundijakejakejake    
|uhtml|bestof|Game 2 of a best-of-3
|t:|1783020618
|gametype|doubles
|player|p1|lux raymundi|2|1154
|player|p2|jakejakejake|265|1045
|gen|9
|tier|[Gen 9 Champions] VGC 2026 Reg M-B (Bo3)
|rated|
|rule|Species Clause: Limit one of each Pokémon
|rule|Item Clause: Limit 1 of each item
|clearpoke
|poke|p1|Mawile, L50, M|
|poke|p1|Farigiraf, L50, F|
|poke|p1|Delphox, L50, M|
|poke|p1|Incineroar, L50, M|
|poke|p1|Sinistcha, L50|
|poke|p1|Garchomp, L50, F|
|poke|p2|Charizard, L50, F|
|poke|p2|Hydreigon, L50, F|
|poke|p2|Incineroar, L50, F|
|poke|p2|Mamoswine, L50, M|
|poke|p2|Sneasler, L50, M|
|poke|p2|Toxapex, L50, M|
|teampreview|4
|showteam|p1|Mawile||Mawilite|HyperCutter|SwordsDance,PlayRough,IronHead,Protect|Brave||M|||50|]Farigiraf||SitrusBerry|ArmorTail|Protect,TwinBeam,TrickRoom,Thunderbolt|Bold||F|||50|]Delphox||Delphoxite|Blaze|NastyPlot,HeatWave,Psychic,Protect|Timid||M|||50|]Incineroar||PasshoBerry|Intimidate|FakeOut,ThroatChop,FlareBlitz,PartingShot|Adamant||M|||50|]Sinistcha||ColburBerry|Hospitality|MatchaGotcha,TrickRoom,RagePowder,Protect|Relaxed|||||50|]Garchomp||LifeOrb|RoughSkin|DragonClaw,Earthquake,RockSlide,Protect|Jolly||F|||50|
|showteam|p2|Charizard||CharizarditeY|SolarPower|Protect,HeatWave,SolarBeam,WeatherBall|Timid||F|||50|]Hydreigon||ChoiceScarf|Levitate|DarkPulse,EarthPower,Snarl,DracoMeteor|Modest||F|||50|]Incineroar||SitrusBerry|Intimidate|FakeOut,PartingShot,FlareBlitz,ThroatChop|Impish||F|||50|]Mamoswine||FocusSash|Oblivious|Protect,IcicleCrash,Earthquake,IceShard|Adamant||M|||50|]Sneasler||WhiteHerb|Unburden|FakeOut,CloseCombat,Protect,DireClaw|Jolly||M|||50|]Toxapex||Leftovers|Regenerator|BanefulBunker,Toxic,Infestation,WideGuard|Bold||M|||50|
|
|t:|1783020678
|teamsize|p1|4
|teamsize|p2|4
|start
|switch|p1a: Farigiraf|Farigiraf, L50, F|100/100
|switch|p1b: Mawile|Mawile, L50, M|100/100
|switch|p2a: Hydreigon|Hydreigon, L50, F|100/100
|switch|p2b: Toxapex|Toxapex, L50, M|100/100
|turn|1
|
|t:|1783020715
|detailschange|p1b: Mawile|Mawile-Mega, L50, M
|-mega|p1b: Mawile|Mawile|Mawilite
|move|p2a: Hydreigon|Earth Power|p1b: Mawile
|-supereffective|p1b: Mawile|1
|-damage|p1b: Mawile|22/100
|move|p1b: Mawile|Swords Dance|p1b: Mawile
|-boost|p1b: Mawile|atk|2
|move|p2b: Toxapex|Toxic|p1a: Farigiraf
|-status|p1a: Farigiraf|tox
|move|p1a: Farigiraf|Trick Room|p1a: Farigiraf
|-fieldstart|move: Trick Room|[of] p1a: Farigiraf
|
|-damage|p1a: Farigiraf|93/100 tox|[from] psn
|upkeep
|turn|2
|inactive|Battle timer is ON: inactive players will automatically lose when time's up. (requested by jakejakejake)
|
|t:|1783020737
|switch|p1a: Sinistcha|Sinistcha, L50|100/100
|-heal|p1b: Mawile|47/100|[from] ability: Hospitality|[of] p1a: Sinistcha
|switch|p2a: Charizard|Charizard, L50, F|100/100
|move|p2b: Toxapex|Infestation|p1b: Mawile
|-resisted|p1b: Mawile|2
|-damage|p1b: Mawile|46/100
|-activate|p1b: Mawile|move: Infestation|[of] p2b: Toxapex
|move|p1b: Mawile|Play Rough|p2a: Charizard
|-resisted|p2a: Charizard|1
|-crit|p2a: Charizard
|-damage|p2a: Charizard|0 fnt
|faint|p2a: Charizard
|
|-damage|p1b: Mawile|34/100|[from] move: Infestation|[partiallytrapped]
|upkeep
|
|t:|1783020751
|switch|p2a: Mamoswine|Mamoswine, L50, M|100/100
|turn|3
|
|t:|1783020760
|move|p1b: Mawile|Protect|p1b: Mawile
|-singleturn|p1b: Mawile|Protect
|move|p2a: Mamoswine|Protect|p2a: Mamoswine
|-singleturn|p2a: Mamoswine|Protect
|move|p2b: Toxapex|Toxic|p1a: Sinistcha
|-status|p1a: Sinistcha|tox
|move|p1a: Sinistcha|Matcha Gotcha|p2a: Mamoswine|[spread] p2b
|-activate|p2a: Mamoswine|move: Protect
|-damage|p2b: Toxapex|77/100
|-status|p2b: Toxapex|brn
|
|-heal|p2b: Toxapex|82/100 brn|[from] item: Leftovers
|-damage|p1a: Sinistcha|93/100 tox|[from] psn
|-damage|p2b: Toxapex|77/100 brn|[from] brn
|-damage|p1b: Mawile|22/100|[from] move: Infestation|[partiallytrapped]
|upkeep
|turn|4
|
|t:|1783020780
|move|p2b: Toxapex|Wide Guard|p2b: Toxapex
|-singleturn|p2b: Toxapex|Wide Guard
|move|p1b: Mawile|Iron Head|p2a: Mamoswine
|-supereffective|p2a: Mamoswine|1
|-enditem|p2a: Mamoswine|Focus Sash
|-damage|p2a: Mamoswine|1/100
|move|p1a: Sinistcha|Matcha Gotcha|p2b: Toxapex|[spread] 
|-activate|p2a: Mamoswine|move: Wide Guard
|-activate|p2b: Toxapex|move: Wide Guard
|move|p2a: Mamoswine|Earthquake|p1b: Mawile|[spread] p1a,p1b
|-activate|p2b: Toxapex|move: Wide Guard
|-resisted|p1a: Sinistcha|1
|-supereffective|p1b: Mawile|1
|-damage|p1a: Sinistcha|76/100 tox
|-damage|p1b: Mawile|0 fnt
|faint|p1b: Mawile
|
|-heal|p2b: Toxapex|82/100 brn|[from] item: Leftovers
|-damage|p1a: Sinistcha|64/100 tox|[from] psn
|-damage|p2b: Toxapex|77/100 brn|[from] brn
|upkeep
|
|t:|1783020783
|switch|p1b: Incineroar|Incineroar, L50, M|100/100
|-ability|p1b: Incineroar|Intimidate|boost
|-fail|p2a: Mamoswine|unboost|Attack|[from] ability: Oblivious|[of] p2a: Mamoswine
|-unboost|p2b: Toxapex|atk|1
|turn|5
|
|t:|1783020806
|move|p2a: Mamoswine|Protect|p2a: Mamoswine
|-singleturn|p2a: Mamoswine|Protect
|move|p1b: Incineroar|Fake Out|p2b: Toxapex
|-damage|p2b: Toxapex|67/100 brn
|cant|p2b: Toxapex|flinch
|move|p1a: Sinistcha|Matcha Gotcha|p2a: Mamoswine|[spread] p2b
|-activate|p2a: Mamoswine|move: Protect
|-damage|p2b: Toxapex|47/100 brn
|-heal|p1a: Sinistcha|73/100 tox|[from] drain|[of] p2b: Toxapex
|
|-heal|p2b: Toxapex|53/100 brn|[from] item: Leftovers
|-damage|p1a: Sinistcha|55/100 tox|[from] psn
|-damage|p2b: Toxapex|47/100 brn|[from] brn
|-fieldend|move: Trick Room
|upkeep
|turn|6
|
|t:|1783020828
|switch|p1a: Farigiraf|Farigiraf, L50, F|93/100 tox
|move|p2b: Toxapex|Wide Guard|p2b: Toxapex
|-singleturn|p2b: Toxapex|Wide Guard
|move|p2a: Mamoswine|Earthquake|p1b: Incineroar|[spread] p1a,p1b
|-activate|p2b: Toxapex|move: Wide Guard
|-supereffective|p1b: Incineroar|1
|-damage|p1a: Farigiraf|57/100 tox
|-damage|p1b: Incineroar|16/100
|move|p1b: Incineroar|Parting Shot|p2b: Toxapex
|-unboost|p2b: Toxapex|atk|1
|-unboost|p2b: Toxapex|spa|1
|
|t:|1783020839
|switch|p1b: Sinistcha|Sinistcha, L50|55/100 tox|[from] Parting Shot
|-heal|p1a: Farigiraf|82/100 tox|[from] ability: Hospitality|[of] p1b: Sinistcha
|
|-heal|p2b: Toxapex|53/100 brn|[from] item: Leftovers
|-damage|p1b: Sinistcha|48/100 tox|[from] psn
|-damage|p1a: Farigiraf|76/100 tox|[from] psn
|-damage|p2b: Toxapex|47/100 brn|[from] brn
|upkeep
|turn|7
|inactive|jakejakejake has 30 seconds left.
|
|t:|1783020868
|move|p1b: Sinistcha|Protect|p1b: Sinistcha
|-singleturn|p1b: Sinistcha|Protect
|move|p2b: Toxapex|Wide Guard|p2b: Toxapex
|-singleturn|p2b: Toxapex|Wide Guard
|move|p2a: Mamoswine|Icicle Crash|p1a: Farigiraf
|-damage|p1a: Farigiraf|37/100 tox
|-enditem|p1a: Farigiraf|Sitrus Berry|[eat]
|-heal|p1a: Farigiraf|62/100 tox|[from] item: Sitrus Berry
|move|p1a: Farigiraf|Twin Beam|p2b: Toxapex
|-supereffective|p2b: Toxapex|1
|-damage|p2b: Toxapex|23/100 brn
|-supereffective|p2b: Toxapex|1
|-damage|p2b: Toxapex|0 fnt
|faint|p2b: Toxapex
|-hitcount|p2: Toxapex|2
|
|-damage|p1b: Sinistcha|36/100 tox|[from] psn
|-damage|p1a: Farigiraf|50/100g tox|[from] psn
|upkeep
|
|t:|1783020880
|switch|p2b: Hydreigon|Hydreigon, L50, F|100/100
|turn|8
|
|t:|1783020898
|move|p2a: Mamoswine|Protect|p2a: Mamoswine
|-singleturn|p2a: Mamoswine|Protect
|move|p1b: Sinistcha|Rage Powder|p1b: Sinistcha
|-singleturn|p1b: Sinistcha|move: Rage Powder
|move|p2b: Hydreigon|Dark Pulse|p1b: Sinistcha
|-supereffective|p1b: Sinistcha|1
|-enditem|p1b: Sinistcha|Colbur Berry|[eat]
|-enditem|p1b: Sinistcha|Colbur Berry|[weaken]
|-damage|p1b: Sinistcha|0 fnt
|faint|p1b: Sinistcha
|move|p1a: Farigiraf|Trick Room|p1a: Farigiraf
|-fieldstart|move: Trick Room|[of] p1a: Farigiraf
|
|-damage|p1a: Farigiraf|31/100 tox|[from] psn
|upkeep
|
|t:|1783020909
|switch|p1b: Incineroar|Incineroar, L50, M|16/100
|-ability|p1b: Incineroar|Intimidate|boost
|-fail|p2a: Mamoswine|unboost|Attack|[from] ability: Oblivious|[of] p2a: Mamoswine
|-unboost|p2b: Hydreigon|atk|1
|turn|9
|
|t:|1783020916
|move|p1b: Incineroar|Fake Out|p2b: Hydreigon
|-damage|p2b: Hydreigon|83/100
|move|p1a: Farigiraf|Twin Beam|p2a: Mamoswine
|-damage|p2a: Mamoswine|0 fnt
|faint|p2a: Mamoswine
|-hitcount|p2: Mamoswine|1
|cant|p2b: Hydreigon|flinch
|
|-damage|p1a: Farigiraf|7/100 tox|[from] psn
|upkeep
|turn|10
|
|t:|1783020936
|move|p1b: Incineroar|Throat Chop|p2b: Hydreigon
|-resisted|p2b: Hydreigon|1
|-damage|p2b: Hydreigon|58/100
|-start|p2b: Hydreigon|Throat Chop|[silent]
|move|p1a: Farigiraf|Thunderbolt|p2b: Hydreigon
|-resisted|p2b: Hydreigon|1
|-damage|p2b: Hydreigon|44/100
|move|p2b: Hydreigon|Dark Pulse|p1b: Incineroar
|-resisted|p1b: Incineroar|1
|-damage|p1b: Incineroar|0 fnt
|faint|p1b: Incineroar
|
|-damage|p1a: Farigiraf|0 fnt|[from] psn
|faint|p1a: Farigiraf
|
|win|jakejakejake
