|j|☆underlinegui
|j|☆Ma maybe
|html|underlineguiMa maybe    
|uhtml|bestof|Game 1 of a best-of-3
|t:|1784398532
|gametype|doubles
|player|p1|underlinegui|265|1089
|player|p2|Ma maybe|265|1040
|gen|9
|tier|[Gen 9 Champions] VGC 2026 Reg M-B (Bo3)
|rated|
|rule|Species Clause: Limit one of each Pokémon
|rule|Item Clause: Limit 1 of each item
|clearpoke
|poke|p1|Garchomp, L50, M|
|poke|p1|Whimsicott, L50, M|
|poke|p1|Annihilape, L50, M|
|poke|p1|Charizard, L50, F|
|poke|p1|Maushold, L50|
|poke|p1|Floette-Eternal, L50, F|
|poke|p2|Mawile, L50, F|
|poke|p2|Sinistcha, L50|
|poke|p2|Archaludon, L50, F|
|poke|p2|Pelipper, L50, M|
|poke|p2|Swampert, L50, F|
|poke|p2|Incineroar, L50, M|
|teampreview|4
|showteam|p1|Garchomp||ChoiceScarf|RoughSkin|Earthquake,StompingTantrum,RockSlide,DragonClaw|Adamant||M|||50|]Whimsicott||FocusSash|Prankster|EnergyBall,Tailwind,Encore,Protect|Timid||M|||50|]Annihilape||Leftovers|Defiant|Protect,RageFist,CloseCombat,BulkUp|Jolly||M|||50|]Charizard||CharizarditeY|Blaze|Protect,HeatWave,WeatherBall,SolarBeam|Timid||F|||50|]Maushold||WideLens|Technician|PopulationBomb,FollowMe,Uturn,Protect|Jolly|||||50|]Floette-Eternal||Floettite|FlowerVeil|Protect,LightofRuin,Moonblast,DazzlingGleam|Timid||F|||50|
|showteam|p2|Mawile||Mawilite|Intimidate|PlayRough,Protect,SwordsDance,SuckerPunch|Brave||F|||50|]Sinistcha||CobaBerry|Hospitality|TrickRoom,MatchaGotcha,LifeDew,RagePowder|Relaxed|||||50|]Archaludon||Leftovers|Stamina|FlashCannon,ElectroShot,Protect,DragonPulse|Modest||F|||50|]Pelipper||FocusSash|Drizzle|HydroPump,Tailwind,Protect,Hurricane|Bold||M|||50|]Swampert||Swampertite|Damp|Protect,WaveCrash,Earthquake,HighHorsepower|Adamant||F|||50|]Incineroar||SitrusBerry|Intimidate|FakeOut,PartingShot,DarkestLariat,FlareBlitz|Impish||M|||50|
|inactive|Battle timer is ON: inactive players will automatically lose when time's up. (requested by underlinegui)
|inactive|Ma maybe has 60 seconds left.
|inactive|Ma maybe has 30 seconds left.
|inactive|Ma maybe has 20 seconds left.
|inactive|Ma maybe has 15 seconds left.
|inactive|Ma maybe has 10 seconds left.
|inactive|Ma maybe has 5 seconds left.
|
|t:|1784398621
|teamsize|p1|4
|teamsize|p2|4
|start
|switch|p1a: Whimsicott|Whimsicott, L50, M|100/100
|switch|p1b: Annihilape|Annihilape, L50, M|100/100
|switch|p2a: Swampert|Swampert, L50, F|100/100
|switch|p2b: Pelipper|Pelipper, L50, M|100/100
|-weather|RainDance|[from] ability: Drizzle|[of] p2b: Pelipper
|turn|1
|inactive|Ma maybe has 30 seconds left.
|
|t:|1784398646
|detailschange|p2a: Swampert|Swampert-Mega, L50, F
|-mega|p2a: Swampert|Swampert|Swampertite
|move|p1b: Annihilape|Protect|p1b: Annihilape
|-singleturn|p1b: Annihilape|Protect
|move|p1a: Whimsicott|Tailwind|p1a: Whimsicott
|-sidestart|p1: underlinegui|move: Tailwind
|move|p2a: Swampert|Wave Crash|p1b: Annihilape
|-activate|p1b: Annihilape|move: Protect
|move|p2b: Pelipper|Tailwind|p2b: Pelipper
|-sidestart|p2: Ma maybe|move: Tailwind
|
|-weather|RainDance|[upkeep]
|upkeep
|turn|2
|
|t:|1784398657
|switch|p2b: Archaludon|Archaludon, L50, F|100/100
|move|p2a: Swampert|Wave Crash|p1b: Annihilape
|-damage|p1b: Annihilape|0 fnt
|faint|p1b: Annihilape
|-damage|p2a: Swampert|65/100|[from] Recoil
|move|p1a: Whimsicott|Energy Ball|p2a: Swampert
|-supereffective|p2a: Swampert|2
|-damage|p2a: Swampert|0 fnt
|faint|p2a: Swampert
|
|-weather|RainDance|[upkeep]
|upkeep
|
|t:|1784398667
|switch|p1b: Maushold|Maushold, L50|100/100
|switch|p2a: Pelipper|Pelipper, L50, M|100/100
|turn|3
|inactive|Ma maybe has 30 seconds left.
|inactive|Ma maybe has 20 seconds left.
|inactive|Ma maybe has 15 seconds left.
|inactive|Ma maybe has 10 seconds left.
|
|t:|1784398714
|switch|p2a: Sinistcha|Sinistcha, L50|100/100
|move|p1a: Whimsicott|Protect|p1a: Whimsicott
|-singleturn|p1a: Whimsicott|Protect
|move|p1b: Maushold|Protect|p1b: Maushold
|-singleturn|p1b: Maushold|Protect
|move|p2b: Archaludon|Electro Shot||[still]
|-prepare|p2b: Archaludon|Electro Shot
|-boost|p2b: Archaludon|spa|1
|-anim|p2b: Archaludon|Electro Shot|p1a: Whimsicott
|-activate|p1a: Whimsicott|move: Protect
|
|-weather|RainDance|[upkeep]
|upkeep
|turn|4
|inactive|Ma maybe has 30 seconds left.
|inactive|Ma maybe has 20 seconds left.
|inactive|Ma maybe has 15 seconds left.
|
|t:|1784398758
|move|p1a: Whimsicott|Encore|p2b: Archaludon
|-start|p2b: Archaludon|Encore
|move|p1b: Maushold|U-turn|p2a: Sinistcha
|-damage|p2a: Sinistcha|85/100
|
|t:|1784398768
|switch|p1b: Charizard|Charizard, L50, F|100/100|[from] U-turn
|move|p2b: Archaludon|Electro Shot||[still]
|-prepare|p2b: Archaludon|Electro Shot
|-boost|p2b: Archaludon|spa|1
|-anim|p2b: Archaludon|Electro Shot|p1a: Whimsicott
|-resisted|p1a: Whimsicott|1
|-damage|p1a: Whimsicott|29/100
|move|p2a: Sinistcha|Trick Room|p2a: Sinistcha
|-fieldstart|move: Trick Room|[of] p2a: Sinistcha
|
|-weather|RainDance|[upkeep]
|-sideend|p2: Ma maybe|move: Tailwind
|-sideend|p1: underlinegui|move: Tailwind
|upkeep
|turn|5
|inactive|Ma maybe has 30 seconds left.
|j| Vvgghh
|inactive|Ma maybe has 20 seconds left.
|l| Vvgghh
|inactive|Ma maybe has 15 seconds left.
|inactive|Ma maybe has 10 seconds left.
|inactive|Ma maybe has 5 seconds left.
|
|t:|1784398822
|move|p1b: Charizard|Protect|p1b: Charizard
|-singleturn|p1b: Charizard|Protect
|move|p2a: Sinistcha|Rage Powder|p2a: Sinistcha
|-singleturn|p2a: Sinistcha|move: Rage Powder
|move|p1a: Whimsicott|Encore|p2a: Sinistcha
|-start|p2a: Sinistcha|Encore
|move|p2b: Archaludon|Electro Shot||[still]
|-prepare|p2b: Archaludon|Electro Shot
|-boost|p2b: Archaludon|spa|1
|-anim|p2b: Archaludon|Electro Shot|p1a: Whimsicott
|-resisted|p1a: Whimsicott|1
|-damage|p1a: Whimsicott|0 fnt
|faint|p1a: Whimsicott
|
|-weather|none
|upkeep
|
|t:|1784398831
|switch|p1a: Maushold|Maushold, L50|100/100
|turn|6
|
|t:|1784398851
|move|p2a: Sinistcha|Rage Powder|p2a: Sinistcha
|-singleturn|p2a: Sinistcha|move: Rage Powder
|move|p1a: Maushold|Follow Me|p1a: Maushold
|-singleturn|p1a: Maushold|move: Follow Me
|move|p2b: Archaludon|Electro Shot||[still]
|-prepare|p2b: Archaludon|Electro Shot
|-boost|p2b: Archaludon|spa|1
|move|p1b: Charizard|Heat Wave|p2b: Archaludon|[spread] p2a,p2b
|-supereffective|p2a: Sinistcha|1
|-crit|p2b: Archaludon
|-damage|p2a: Sinistcha|13/100
|-damage|p2b: Archaludon|42/100
|-ability|p2b: Archaludon|Stamina|boost
|-boost|p2b: Archaludon|def|1
|
|-heal|p2b: Archaludon|48/100|[from] item: Leftovers
|-end|p2b: Archaludon|Encore
|upkeep
|turn|7
|inactive|Ma maybe has 30 seconds left.
|
|t:|1784398884
|move|p1b: Charizard|Protect|p1b: Charizard
|-singleturn|p1b: Charizard|Protect
|move|p1a: Maushold|Protect|p1a: Maushold
|-singleturn|p1a: Maushold|Protect
|move|p2a: Sinistcha|Rage Powder|p2a: Sinistcha
|-singleturn|p2a: Sinistcha|move: Rage Powder
|move|p2b: Archaludon|Electro Shot|p1a: Maushold|[from] lockedmove
|-activate|p1a: Maushold|move: Protect
|
|-heal|p2b: Archaludon|54/100|[from] item: Leftovers
|upkeep
|turn|8
|inactive|Ma maybe has 30 seconds left.
|
|t:|1784398915
|move|p2a: Sinistcha|Rage Powder|p2a: Sinistcha
|-singleturn|p2a: Sinistcha|move: Rage Powder
|move|p1a: Maushold|Follow Me|p1a: Maushold
|-singleturn|p1a: Maushold|move: Follow Me
|move|p2b: Archaludon|Dragon Pulse|p1a: Maushold
|-damage|p1a: Maushold|0 fnt
|faint|p1a: Maushold
|move|p1b: Charizard|Heat Wave|p2b: Archaludon|[spread] p2a,p2b
|-supereffective|p2a: Sinistcha|1
|-damage|p2a: Sinistcha|0 fnt
|-damage|p2b: Archaludon|19/100
|-ability|p2b: Archaludon|Stamina|boost
|-boost|p2b: Archaludon|def|1
|faint|p2a: Sinistcha
|
|-heal|p2b: Archaludon|25/100|[from] item: Leftovers
|-fieldend|move: Trick Room
|upkeep
|
|t:|1784398929
|switch|p2a: Pelipper|Pelipper, L50, M|100/100
|-weather|RainDance|[from] ability: Drizzle|[of] p2a: Pelipper
|turn|9
|
|t:|1784398938
|detailschange|p1b: Charizard|Charizard-Mega-Y, L50, F
|-mega|p1b: Charizard|Charizard|Charizardite Y
|-weather|SunnyDay|[from] ability: Drought|[of] p1b: Charizard
|move|p2b: Archaludon|Protect|p2b: Archaludon
|-singleturn|p2b: Archaludon|Protect
|move|p1b: Charizard|Heat Wave|p2a: Pelipper|[spread] p2a
|-activate|p2b: Archaludon|move: Protect
|-resisted|p2a: Pelipper|1
|-damage|p2a: Pelipper|56/100
|move|p2a: Pelipper|Tailwind|p2a: Pelipper
|-sidestart|p2: Ma maybe|move: Tailwind
|
|-weather|SunnyDay|[upkeep]
|-heal|p2b: Archaludon|31/100|[from] item: Leftovers
|upkeep
|turn|10
|
|t:|1784398961
|move|p2a: Pelipper|Hydro Pump|p1b: Charizard|[miss]
|-miss|p2a: Pelipper|p1b: Charizard
|move|p2b: Archaludon|Dragon Pulse|p1b: Charizard
|-damage|p1b: Charizard|0 fnt
|faint|p1b: Charizard
|
|win|Ma maybe
||underlinegui is ready for game 2.
|inactive|Ma maybe has 30 seconds to confirm battle start!
||Ma maybe is ready for game 2.
|uhtml|next|Next: Game 2 of 3
