|j|☆Im_Neutro
|j|☆Slafyx
|html|Im_NeutroSlafyx    
|uhtml|bestof|Game 1 of a best-of-3
|t:|1783694331
|gametype|doubles
|player|p1|Im_Neutro|noland|1236
|player|p2|Slafyx|steven|1226
|gen|9
|tier|[Gen 9 Champions] VGC 2026 Reg M-B (Bo3)
|rated|
|rule|Species Clause: Limit one of each Pokémon
|rule|Item Clause: Limit 1 of each item
|clearpoke
|poke|p1|Gengar, L50, F|
|poke|p1|Kingambit, L50, F|
|poke|p1|Incineroar, L50, F|
|poke|p1|Sinistcha, L50|
|poke|p1|Toxapex, L50, F|
|poke|p1|Kommo-o, L50, M|
|poke|p2|Gengar, L50, M, shiny|
|poke|p2|Swampert, L50, M, shiny|
|poke|p2|Incineroar, L50, M, shiny|
|poke|p2|Politoed, L50, M, shiny|
|poke|p2|Archaludon, L50, F, shiny|
|poke|p2|Vivillon-Elegant, L50, F, shiny|
|teampreview|4
|showteam|p1|Gengar||Gengarite|CursedBody|PerishSong,Protect,ShadowBall,Disable|Timid||F|||50|]Kingambit||BlackGlasses|Defiant|KowtowCleave,IronHead,SuckerPunch,Protect|Brave||F|||50|]Incineroar||PasshoBerry|Intimidate|FlareBlitz,FakeOut,PartingShot,Protect|Relaxed||F|||50|]Sinistcha||ColburBerry|Hospitality|MatchaGotcha,RagePowder,Protect,LifeDew|Bold|||||50|]Toxapex||SitrusBerry|Regenerator|BanefulBunker,Infestation,Toxic,Recover|Bold||F|||50|]Kommo-o||Leftovers|Soundproof|ClangorousSoul,ClangingScales,AuraSphere,Protect|Modest||M|||50|
|showteam|p2|Gengar||Gengarite|CursedBody|ShadowBall,SludgeBomb,PerishSong,Protect|Timid||M|||50|]Swampert||Swampertite|Damp|WaveCrash,Earthquake,IcePunch,Protect|Adamant||M|||50|]Incineroar||PasshoBerry|Intimidate|FakeOut,ThroatChop,PartingShot,Protect|Sassy||M|||50|]Politoed||SitrusBerry|Drizzle|WeatherBall,Encore,PerishSong,Protect|Calm||M|||50|]Archaludon||Leftovers|Stamina|DragonPulse,FlashCannon,ElectroShot,Protect|Bold||F|||50|]Vivillon-Elegant||FocusSash|CompoundEyes|Hurricane,SleepPowder,RagePowder,Protect|Timid||F|||50|
|inactive|Battle timer is ON: inactive players will automatically lose when time's up. (requested by Slafyx)
|inactive|Im_Neutro also wants the timer to be on.
|inactive|Slafyx has 60 seconds left.
|
|t:|1783694366
|teamsize|p1|4
|teamsize|p2|4
|start
|switch|p1a: Gengar|Gengar, L50, F|100/100
|switch|p1b: Incineroar|Incineroar, L50, F|100/100
|switch|p2a: Incineroar|Incineroar, L50, M, shiny|100/100
|switch|p2b: Archaludon|Archaludon, L50, F, shiny|100/100
|-ability|p1b: Incineroar|Intimidate|boost
|-unboost|p2a: Incineroar|atk|1
|-unboost|p2b: Archaludon|atk|1
|-ability|p2a: Incineroar|Intimidate|boost
|-unboost|p1a: Gengar|atk|1
|-unboost|p1b: Incineroar|atk|1
|turn|1
|inactive|Slafyx has 30 seconds left.
|
|t:|1783694398
|switch|p2b: Swampert|Swampert, L50, M, shiny|100/100
|detailschange|p1a: Gengar|Gengar-Mega, L50, F
|-mega|p1a: Gengar|Gengar|Gengarite
|move|p1b: Incineroar|Fake Out|p2b: Swampert
|-damage|p2b: Swampert|92/100
|move|p1a: Gengar|Perish Song|p1a: Gengar
|-start|p1a: Gengar|perish3|[silent]
|-start|p1b: Incineroar|perish3|[silent]
|-start|p2a: Incineroar|perish3|[silent]
|-start|p2b: Swampert|perish3|[silent]
|-fieldactivate|move: Perish Song
|move|p2a: Incineroar|Throat Chop|p1b: Incineroar
|-resisted|p1b: Incineroar|1
|-damage|p1b: Incineroar|92/100
|-start|p1b: Incineroar|Throat Chop|[silent]
|
|-start|p1a: Gengar|perish3
|-start|p2b: Swampert|perish3
|-start|p1b: Incineroar|perish3
|-start|p2a: Incineroar|perish3
|upkeep
|turn|2
|
|t:|1783694420
|detailschange|p2b: Swampert|Swampert-Mega, L50, M, shiny
|-mega|p2b: Swampert|Swampert|Swampertite
|move|p1a: Gengar|Protect|p1a: Gengar
|-singleturn|p1a: Gengar|Protect
|move|p1b: Incineroar|Protect|p1b: Incineroar
|-singleturn|p1b: Incineroar|Protect
|move|p2a: Incineroar|Protect|p2a: Incineroar
|-singleturn|p2a: Incineroar|Protect
|move|p2b: Swampert|Earthquake|p1b: Incineroar|[spread] 
|-activate|p2a: Incineroar|move: Protect
|-activate|p1a: Gengar|move: Protect
|-activate|p1b: Incineroar|move: Protect
|
|-end|p1b: Incineroar|Throat Chop|[silent]
|-start|p1a: Gengar|perish2
|-start|p2b: Swampert|perish2
|-start|p1b: Incineroar|perish2
|-start|p2a: Incineroar|perish2
|upkeep
|turn|3
|
|t:|1783694434
|switch|p1a: Kommo-o|Kommo-o, L50, M|100/100
|move|p2b: Swampert|Wave Crash|p1b: Incineroar
|-supereffective|p1b: Incineroar|1
|-enditem|p1b: Incineroar|Passho Berry|[eat]
|-enditem|p1b: Incineroar|Passho Berry|[weaken]
|-damage|p1b: Incineroar|37/100
|-damage|p2b: Swampert|72/100|[from] Recoil
|move|p1b: Incineroar|Parting Shot|p2a: Incineroar
|-unboost|p2a: Incineroar|atk|1
|-unboost|p2a: Incineroar|spa|1
|
|t:|1783694443
|switch|p1b: Gengar|Gengar-Mega, L50, F|100/100|[from] Parting Shot
|move|p2a: Incineroar|Throat Chop|p1a: Kommo-o
|-resisted|p1a: Kommo-o|1
|-damage|p1a: Kommo-o|92/100
|-start|p1a: Kommo-o|Throat Chop|[silent]
|
|-heal|p1a: Kommo-o|98/100|[from] item: Leftovers
|-start|p2b: Swampert|perish1
|-start|p2a: Incineroar|perish1
|upkeep
|turn|4
|
|t:|1783694455
|move|p1b: Gengar|Protect|p1b: Gengar
|-singleturn|p1b: Gengar|Protect
|move|p1a: Kommo-o|Protect|p1a: Kommo-o
|-singleturn|p1a: Kommo-o|Protect
|move|p2b: Swampert|Earthquake|p1b: Gengar|[spread] p2a
|-activate|p1a: Kommo-o|move: Protect
|-activate|p1b: Gengar|move: Protect
|-supereffective|p2a: Incineroar|1
|-damage|p2a: Incineroar|25/100
|move|p2a: Incineroar|Parting Shot|p1a: Kommo-o
|-activate|p1a: Kommo-o|move: Protect
|
|-heal|p1a: Kommo-o|100/100|[from] item: Leftovers
|-end|p1a: Kommo-o|Throat Chop|[silent]
|-start|p2b: Swampert|perish0
|-start|p2a: Incineroar|perish0
|faint|p2b: Swampert
|faint|p2a: Incineroar
|upkeep
|
|t:|1783694457
|switch|p2b: Vivillon|Vivillon-Elegant, L50, F, shiny|100/100
|switch|p2a: Archaludon|Archaludon, L50, F, shiny|100/100
|turn|5
|
|t:|1783694471
|move|p1b: Gengar|Perish Song|p1b: Gengar
|-immune|p1a: Kommo-o|[from] ability: Soundproof
|-start|p1b: Gengar|perish3|[silent]
|-start|p2a: Archaludon|perish3|[silent]
|-start|p2b: Vivillon|perish3|[silent]
|-fieldactivate|move: Perish Song
|move|p2b: Vivillon|Sleep Powder|p1b: Gengar
|-status|p1b: Gengar|slp|[from] move: Sleep Powder
|move|p1a: Kommo-o|Aura Sphere|p2a: Archaludon
|-supereffective|p2a: Archaludon|1
|-damage|p2a: Archaludon|36/100
|-ability|p2a: Archaludon|Stamina|boost
|-boost|p2a: Archaludon|def|1
|move|p2a: Archaludon|Dragon Pulse|p1a: Kommo-o
|-supereffective|p1a: Kommo-o|1
|-damage|p1a: Kommo-o|20/100r
|
|-heal|p1a: Kommo-o|26/100|[from] item: Leftovers
|-heal|p2a: Archaludon|42/100|[from] item: Leftovers
|-start|p1b: Gengar|perish3
|-start|p2b: Vivillon|perish3
|-start|p2a: Archaludon|perish3
|upkeep
|turn|6
|-message|Slafyx forfeited.
|
|win|Im_Neutro
