|j|☆GoldenPants03
|j|☆nocturnallynoct
|html|GoldenPants03nocturnallynoct    
|uhtml|bestof|Game 2 of a best-of-3
|t:|1756331285
|gametype|doubles
|player|p1|GoldenPants03|101|1196
|player|p2|nocturnallynoct|2|1125
|gen|9
|tier|[Gen 9] VGC 2025 Reg H (Bo3)
|rated|
|rule|Species Clause: Limit one of each Pokémon
|rule|Item Clause: Limit 1 of each item
|clearpoke
|poke|p1|Indeedee-F, L50, F|
|poke|p1|Hatterene, L50, F|
|poke|p1|Gallade, L50, M|
|poke|p1|Ursaluna, L50, F|
|poke|p1|Torkoal, L50, F|
|poke|p1|Lilligant-Hisui, L50, F|
|poke|p2|Sneasler, L50, F|
|poke|p2|Indeedee, L50, M|
|poke|p2|Tyranitar, L50, M|
|poke|p2|Ursaluna-Bloodmoon, L50, M|
|poke|p2|Electabuzz, L50, F|
|poke|p2|Talonflame, L50, F|
|teampreview|4
|showteam|p1|Indeedee-F||PsychicSeed|PsychicSurge|FollowMe,TrickRoom,HelpingHand,DazzlingGleam|||F|||50|,,,,,Fire]Hatterene||LifeOrb|MagicBounce|TrickRoom,Protect,DazzlingGleam,ExpandingForce|||F|||50|,,,,,Psychic]Gallade||ClearAmulet|Sharpness|TrickRoom,SacredSword,WideGuard,PsychoCut|||M|||50|,,,,,Grass]Ursaluna||FlameOrb|Guts|Facade,SwordsDance,HeadlongRush,Protect|||F|||50|,,,,,Ghost]Torkoal||ChoiceSpecs|Drought|Eruption,HeatWave,WeatherBall,EarthPower|||F|||50|,,,,,Fire]Lilligant-Hisui||FocusSash|Chlorophyll|AfterYou,LeafBlade,SleepPowder,CloseCombat|||F|||50|,,,,,Ghost
|showteam|p2|Sneasler||PsychicSeed|Unburden|DireClaw,CloseCombat,ThroatChop,Protect|||F|||50|,,,,,Dark]Indeedee||FocusSash|PsychicSurge|ExpandingForce,TeraBlast,Protect,TrickRoom|||M|||50|,,,,,Fighting]Tyranitar||AssaultVest|SandStream|RockSlide,KnockOff,LowKick,TeraBlast|||M|||50|,,,,,Flying]Ursaluna-Bloodmoon||LifeOrb|MindsEye|BloodMoon,HyperVoice,EarthPower,Protect|||M|||50|,,,,,Normal]Electabuzz||Eviolite|VitalSpirit|Electroweb,FollowMe,Taunt,Protect|||F|||50|,,,,,Dragon]Talonflame||CovertCloak|GaleWings|DualWingbeat,FlareBlitz,Tailwind,WillOWisp|||F|||50|,,,,,Fairy
|inactive|Battle timer is ON: inactive players will automatically lose when time's up. (requested by nocturnallynoct)
|
|t:|1756331308
|teamsize|p1|4
|teamsize|p2|4
|start
|switch|p1a: Indeedee|Indeedee-F, L50, F|100/100
|switch|p1b: Ursaluna|Ursaluna, L50, F|100/100
|switch|p2a: Sneasler|Sneasler, L50, F|100/100
|switch|p2b: Indeedee|Indeedee, L50, M|100/100
|-fieldstart|move: Psychic Terrain|[from] ability: Psychic Surge|[of] p2b: Indeedee
|-enditem|p2a: Sneasler|Psychic Seed
|-boost|p2a: Sneasler|spd|1|[from] item: Psychic Seed
|-enditem|p1a: Indeedee|Psychic Seed
|-boost|p1a: Indeedee|spd|1|[from] item: Psychic Seed
|turn|1
|inactive|GoldenPants03 has 30 seconds left.
|
|t:|1756331338
|-terastallize|p2a: Sneasler|Dark
|-terastallize|p1a: Indeedee|Fire
|move|p2a: Sneasler|Throat Chop|p1a: Indeedee
|-damage|p1a: Indeedee|55/100
|-start|p1a: Indeedee|Throat Chop|[silent]
|move|p2b: Indeedee|Expanding Force|p1b: Ursaluna|[spread] p1a,p1b
|-damage|p1a: Indeedee|17/100
|-damage|p1b: Ursaluna|44/100
|move|p1b: Ursaluna|Headlong Rush|p2a: Sneasler
|-damage|p2a: Sneasler|0 fnt
|-unboost|p1b: Ursaluna|def|1
|-unboost|p1b: Ursaluna|spd|1
|faint|p2a: Sneasler
|move|p1a: Indeedee|Trick Room|p1a: Indeedee
|-fieldstart|move: Trick Room|[of] p1a: Indeedee
|
|-status|p1b: Ursaluna|brn|[from] item: Flame Orb
|upkeep
|inactive|nocturnallynoct has 30 seconds left.
|
|t:|1756331369
|switch|p2a: Tyranitar|Tyranitar, L50, M|100/100
|-weather|Sandstorm|[from] ability: Sand Stream|[of] p2a: Tyranitar
|turn|2
|
|t:|1756331383
|switch|p2a: Electabuzz|Electabuzz, L50, F|100/100
|move|p1b: Ursaluna|Headlong Rush|p2a: Electabuzz
|-supereffective|p2a: Electabuzz
|-damage|p2a: Electabuzz|0 fnt
|-unboost|p1b: Ursaluna|def|1
|-unboost|p1b: Ursaluna|spd|1
|faint|p2a: Electabuzz
|move|p1a: Indeedee|Dazzling Gleam|p2b: Indeedee
|-damage|p2b: Indeedee|77/100
|move|p2b: Indeedee|Trick Room|p2b: Indeedee
|-fieldend|move: Trick Room
|
|-weather|Sandstorm|[upkeep]
|-damage|p2b: Indeedee|71/100|[from] Sandstorm
|-damage|p1a: Indeedee|11/100|[from] Sandstorm
|-damage|p1b: Ursaluna|38/100 brn|[from] brn
|-end|p1a: Indeedee|Throat Chop|[silent]
|upkeep
|
|t:|1756331397
|switch|p2a: Tyranitar|Tyranitar, L50, M|100/100
|turn|3
|
|t:|1756331405
|move|p1b: Ursaluna|Protect|p1b: Ursaluna
|-singleturn|p1b: Ursaluna|Protect
|move|p2b: Indeedee|Expanding Force|p1b: Ursaluna|[spread] p1a
|-activate|p1b: Ursaluna|move: Protect
|-damage|p1a: Indeedee|0 fnt
|faint|p1a: Indeedee
|move|p2a: Tyranitar|Low Kick|p1b: Ursaluna
|-activate|p1b: Ursaluna|move: Protect
|
|-weather|Sandstorm|[upkeep]
|-damage|p2b: Indeedee|65/100|[from] Sandstorm
|-damage|p1b: Ursaluna|33/100 brn|[from] brn
|upkeep
|
|t:|1756331411
|switch|p1a: Gallade|Gallade, L50, M|100/100
|turn|4
|
|t:|1756331436
|move|p2b: Indeedee|Expanding Force|p1a: Gallade|[spread] p1a,p1b
|-crit|p1b: Ursaluna
|-damage|p1a: Gallade|47/100
|-damage|p1b: Ursaluna|0 fnt
|faint|p1b: Ursaluna
|move|p2a: Tyranitar|Knock Off|p1a: Gallade
|-damage|p1a: Gallade|0 fnt
|-enditem|p1a: Gallade|Clear Amulet|[from] move: Knock Off|[of] p2a: Tyranitar
|faint|p1a: Gallade
|
|-weather|Sandstorm|[upkeep]
|-damage|p2b: Indeedee|59/100|[from] Sandstorm
|upkeep
|
|t:|1756331442
|switch|p1b: Hatterene|Hatterene, L50, F|100/100
|turn|5
|
|t:|1756331466
|move|p2b: Indeedee|Expanding Force|p1b: Hatterene
|-resisted|p1b: Hatterene
|-damage|p1b: Hatterene|62/100
|move|p2a: Tyranitar|Knock Off|p1b: Hatterene
|-damage|p1b: Hatterene|2/100
|-enditem|p1b: Hatterene|Life Orb|[from] move: Knock Off|[of] p2a: Tyranitar
|move|p1b: Hatterene|Trick Room|p1b: Hatterene
|-fieldstart|move: Trick Room|[of] p1b: Hatterene
|
|-weather|Sandstorm|[upkeep]
|-damage|p1b: Hatterene|0 fnt|[from] Sandstorm
|-damage|p2b: Indeedee|53/100|[from] Sandstorm
|faint|p1b: Hatterene
|
|win|nocturnallynoct
|raw|GoldenPants03's rating: 1196 → 1166(-30 for losing)
|raw|nocturnallynoct's rating: 1125 → 1155(+30 for winning)
|l|☆GoldenPants03
|player|p1|
|c|☆nocturnallynoct|gg
