|j|☆M0ckingEJ
|j|☆coastline2687
|html|M0ckingEJcoastline2687    
|uhtml|bestof|Game 2 of a best-of-3
|t:|1756819124
|gametype|doubles
|player|p1|M0ckingEJ|n|1131
|player|p2|coastline2687|iris-gen5bw2|1035
|gen|9
|tier|[Gen 9] VGC 2025 Reg H (Bo3)
|rated|
|rule|Species Clause: Limit one of each Pokémon
|rule|Item Clause: Limit 1 of each item
|clearpoke
|poke|p1|Pelipper, L50, M|
|poke|p1|Overqwil, L50, F|
|poke|p1|Archaludon, L50, F|
|poke|p1|Gastrodon-East, L50, F|
|poke|p1|Sinistcha, L50|
|poke|p1|Ursaluna, L50, F|
|poke|p2|Greninja-*, L50, M|
|poke|p2|Gholdengo, L50|
|poke|p2|Incineroar, L50, M|
|poke|p2|Amoonguss, L50, M|
|poke|p2|Politoed, L50, F|
|poke|p2|Archaludon, L50, F|
|teampreview|4
|showteam|p1|Pelipper||CovertCloak|Drizzle|Hurricane,WeatherBall,Tailwind,Protect|||M|||50|,,,,,Stellar]Overqwil||LifeOrb|SwiftSwim|ThroatChop,Liquidation,GunkShot,Haze|||F|||50|,,,,,Water]Archaludon||AssaultVest|Stamina|DracoMeteor,ElectroShot,FlashCannon,BodyPress|||F|||50|,,,,,Bug]Gastrodon-East||ExpertBelt|StormDrain|Protect,EarthPower,MuddyWater,Yawn|||F|||50|,,,,,Fire]Sinistcha||SitrusBerry|Hospitality|MatchaGotcha,RagePowder,LifeDew,Protect||||||50|,,,,,Fire]Ursaluna||FlameOrb|Guts|Earthquake,Facade,Protect,HeadlongRush|||F|||50|,,,,,Poison
|showteam|p2|Greninja||FocusSash|Torrent|DarkPulse,HydroPump,Protect,Taunt|||M|||50|,,,,,Ghost]Gholdengo||LifeOrb|GoodasGold|MakeItRain,ShadowBall,NastyPlot,Protect||||||50|,,,,,Flying]Incineroar||SafetyGoggles|Intimidate|FakeOut,KnockOff,FlareBlitz,PartingShot|||M|||50|,,,,,Ghost]Amoonguss||RockyHelmet|Regenerator|Protect,Spore,RagePowder,SludgeBomb|||M|||50|,,,,,Water]Politoed||Leftovers|Drizzle|Protect,Encore,WeatherBall,HelpingHand|||F|||50|,,,,,Water]Archaludon||AssaultVest|Stamina|ElectroShot,DragonPulse,BodyPress,FlashCannon|||F|||50|,,,,,Grass
|inactive|Battle timer is ON: inactive players will automatically lose when time's up. (requested by coastline2687)
|inactive|coastline2687 has 60 seconds left.
|
|t:|1756819176
|teamsize|p1|4
|teamsize|p2|4
|start
|switch|p1a: Pelipper|Pelipper, L50, M, shiny|100/100
|switch|p1b: Overqwil|Overqwil, L50, F, shiny|100/100
|switch|p2a: Garfield|Incineroar, L50, M|100/100
|switch|p2b: Elon Musk|Gholdengo, L50|100/100
|-weather|RainDance|[from] ability: Drizzle|[of] p1a: Pelipper
|-ability|p2a: Garfield|Intimidate|boost
|-unboost|p1a: Pelipper|atk|1
|-unboost|p1b: Overqwil|atk|1
|turn|1
|
|t:|1756819196
|-terastallize|p1a: Pelipper|Stellar
|move|p2a: Garfield|Fake Out|p1b: Overqwil
|-damage|p1b: Overqwil|88/100
|cant|p1b: Overqwil|flinch
|move|p2b: Elon Musk|Nasty Plot|p2b: Elon Musk
|-boost|p2b: Elon Musk|spa|2
|move|p1a: Pelipper|Weather Ball|p2a: Garfield
|-supereffective|p2a: Garfield
|-damage|p2a: Garfield|0 fnt
|faint|p2a: Garfield
|
|-weather|RainDance|[upkeep]
|upkeep
|
|t:|1756819209
|switch|p2a: Cheesebslls|Greninja, L50, M|100/100
|turn|2
|
|t:|1756819231
|move|p1a: Pelipper|Protect|p1a: Pelipper
|-singleturn|p1a: Pelipper|Protect
|move|p1b: Overqwil|Throat Chop|p2b: Elon Musk
|-supereffective|p2b: Elon Musk
|-damage|p2b: Elon Musk|15/100
|-start|p2b: Elon Musk|Throat Chop|[silent]
|-damage|p1b: Overqwil|78/100|[from] item: Life Orb
|move|p2a: Cheesebslls|Hydro Pump|p1b: Overqwil|[miss]
|-miss|p2a: Cheesebslls|p1b: Overqwil
|move|p2b: Elon Musk|Make It Rain|p1b: Overqwil|[spread] p1b
|-activate|p1a: Pelipper|move: Protect
|-damage|p1b: Overqwil|0 fnt
|-unboost|p2b: Elon Musk|spa|1
|faint|p1b: Overqwil
|-damage|p2b: Elon Musk|6/100|[from] item: Life Orb
|
|-weather|RainDance|[upkeep]
|upkeep
|
|t:|1756819248
|switch|p1b: Archaludon|Archaludon, L50, F, shiny|100/100
|turn|3
|
|t:|1756819258
|switch|p1b: Gastrodon|Gastrodon-East, L50, F, shiny|100/100
|move|p2b: Elon Musk|Protect|p2b: Elon Musk
|-singleturn|p2b: Elon Musk|Protect
|move|p2a: Cheesebslls|Taunt|p1a: Pelipper
|-start|p1a: Pelipper|move: Taunt
|cant|p1a: Pelipper|move: Taunt|Tailwind
|
|-weather|RainDance|[upkeep]
|-end|p2b: Elon Musk|Throat Chop|[silent]
|upkeep
|turn|4
|
|t:|1756819276
|switch|p1a: Archaludon|Archaludon, L50, F, shiny|100/100
|-terastallize|p2b: Elon Musk|Flying
|move|p1b: Gastrodon|Protect|p1b: Gastrodon
|-singleturn|p1b: Gastrodon|Protect
|move|p2a: Cheesebslls|Dark Pulse|p1a: Archaludon
|-damage|p1a: Archaludon|74/100
|-ability|p1a: Archaludon|Stamina|boost
|-boost|p1a: Archaludon|def|1
|move|p2b: Elon Musk|Shadow Ball|p1b: Gastrodon
|-activate|p1b: Gastrodon|move: Protect
|
|-weather|RainDance|[upkeep]
|upkeep
|turn|5
|inactive|coastline2687 has 30 seconds left.
|
|t:|1756819306
|switch|p2a: Dream|Politoed, L50, F|100/100
|move|p2b: Elon Musk|Shadow Ball|p1b: Gastrodon
|-damage|p1b: Gastrodon|25/100
|-unboost|p1b: Gastrodon|spd|1
|-damage|p2b: Elon Musk|0 fnt|[from] item: Life Orb
|faint|p2b: Elon Musk
|move|p1a: Archaludon|Electro Shot||[still]
|-prepare|p1a: Archaludon|Electro Shot
|-boost|p1a: Archaludon|spa|1
|-anim|p1a: Archaludon|Electro Shot|p2a: Dream
|-supereffective|p2a: Dream
|-damage|p2a: Dream|12/100
|move|p1b: Gastrodon|Muddy Water|p2a: Dream
|-resisted|p2a: Dream
|-damage|p2a: Dream|0 fnt
|faint|p2a: Dream
|
|-weather|none
|upkeep
|c|☆M0ckingEJ|gg
|
|t:|1756819319
|switch|p2b: Cheesebslls|Greninja, L50, M|100/100
|turn|6
|
|t:|1756819327
|switch|p1a: Pelipper|Pelipper, L50, M, shiny, tera:Stellar|100/100
|-weather|RainDance|[from] ability: Drizzle|[of] p1a: Pelipper
|move|p2b: Cheesebslls|Dark Pulse|p1b: Gastrodon
|-damage|p1b: Gastrodon|0 fnt
|faint|p1b: Gastrodon
|
|-weather|RainDance|[upkeep]
|upkeep
|
|t:|1756819333
|switch|p1b: Archaludon|Archaludon, L50, F, shiny|74/100
|turn|7
|
|t:|1756819338
|move|p2b: Cheesebslls|Dark Pulse|p1b: Archaludon
|-damage|p1b: Archaludon|49/100
|-ability|p1b: Archaludon|Stamina|boost
|-boost|p1b: Archaludon|def|1
|move|p1b: Archaludon|Electro Shot||[still]
|-prepare|p1b: Archaludon|Electro Shot
|-boost|p1b: Archaludon|spa|1
|-anim|p1b: Archaludon|Electro Shot|p2b: Cheesebslls
|-supereffective|p2b: Cheesebslls
|-enditem|p2b: Cheesebslls|Focus Sash
|-damage|p2b: Cheesebslls|1/100
|move|p1a: Pelipper|Tailwind|p1a: Pelipper
|-sidestart|p1: M0ckingEJ|move: Tailwind
|
|-weather|RainDance|[upkeep]
|upkeep
|turn|8
|
|t:|1756819347
|move|p1b: Archaludon|Draco Meteor|p2b: Cheesebslls
|-crit|p2b: Cheesebslls
|-damage|p2b: Cheesebslls|0 fnt
|-unboost|p1b: Archaludon|spa|2
|faint|p2b: Cheesebslls
|
|win|M0ckingEJ
|raw|M0ckingEJ's rating: 1131 → 1149(+18 for winning)
|raw|coastline2687's rating: 1035 → 1024(-11 for losing)
|l|☆M0ckingEJ
|player|p1|
