|j|☆MegaJouleVGC
|j|☆new mental
|html|MegaJouleVGCnew mental    
|uhtml|bestof|Game 2 of a best-of-3
|t:|1785494677
|gametype|doubles
|player|p1|MegaJouleVGC|artist|1353
|player|p2|new mental|volkner|1311
|gen|9
|tier|[Gen 9 Champions] VGC 2026 Reg M-B (Bo3)
|rated|
|rule|Species Clause: Limit one of each Pokémon
|rule|Item Clause: Limit 1 of each item
|clearpoke
|poke|p1|Staraptor, L50, F|
|poke|p1|Whimsicott, L50, M|
|poke|p1|Kingambit, L50, F|
|poke|p1|Toxapex, L50, F|
|poke|p1|Sinistcha, L50|
|poke|p1|Incineroar, L50, M|
|poke|p2|Charizard, L50, M|
|poke|p2|Garchomp, L50, F|
|poke|p2|Incineroar, L50, F|
|poke|p2|Venusaur, L50, M|
|poke|p2|Toxapex, L50, F|
|poke|p2|Sylveon, L50, F|
|teampreview|4
|showteam|p1|Staraptor||Staraptite|Intimidate|CloseCombat,BraveBird,Roost,Protect|Jolly||F|||50|]Whimsicott||FairyFeather|Prankster|Tailwind,Moonblast,Charm,Protect|Timid||M|||50|]Kingambit||FocusSash|Defiant|SuckerPunch,IronHead,KowtowCleave,Protect|Adamant||F|||50|]Toxapex||Leftovers|Regenerator|WideGuard,Toxic,Infestation,BanefulBunker|Sassy||F|||50|]Sinistcha||CobaBerry|Hospitality|TrickRoom,RagePowder,MatchaGotcha,Protect|Sassy|||||50|]Incineroar||SitrusBerry|Intimidate|FakeOut,FlareBlitz,ThroatChop,PartingShot|Adamant||M|||50|
|showteam|p2|Charizard||CharizarditeY|SolarPower|WeatherBall,HeatWave,AncientPower,Protect|Modest||M|||50|]Garchomp||ChoiceScarf|RoughSkin|RockSlide,DragonClaw,Earthquake,StompingTantrum|Adamant||F|||50|]Incineroar||SitrusBerry|Intimidate|FlareBlitz,FakeOut,DarkestLariat,PartingShot|Impish||F|||50|]Venusaur||LifeOrb|Chlorophyll|SludgeBomb,LeafStorm,EarthPower,Protect|Modest||M|||50|]Toxapex||Leftovers|Regenerator|Infestation,Toxic,WideGuard,BanefulBunker|Bold||F|||50|]Sylveon||FairyFeather|Pixilate|HyperVoice,QuickAttack,Yawn,Detect|Modest||F|||50|
|inactive|Battle timer is ON: inactive players will automatically lose when time's up. (requested by MegaJouleVGC)
|inactive|MegaJouleVGC has 60 seconds left.
|inactive|MegaJouleVGC has 30 seconds left.
|
|t:|1785494748
|teamsize|p1|4
|teamsize|p2|4
|start
|switch|p1a: Staraptor|Staraptor, L50, F|100/100
|switch|p1b: Whimsicott|Whimsicott, L50, M|100/100
|switch|p2a: Charizard|Charizard, L50, M|100/100
|switch|p2b: Toxapex|Toxapex, L50, F|100/100
|-ability|p1a: Staraptor|Intimidate|boost
|-unboost|p2a: Charizard|atk|1
|-unboost|p2b: Toxapex|atk|1
|turn|1
|inactive|MegaJouleVGC has 30 seconds left.
|inactive|new mental has 30 seconds left.
|
|t:|1785494780
|detailschange|p1a: Staraptor|Staraptor-Mega, L50, F
|-mega|p1a: Staraptor|Staraptor|Staraptite
|detailschange|p2a: Charizard|Charizard-Mega-Y, L50, M
|-mega|p2a: Charizard|Charizard|Charizardite Y
|-weather|SunnyDay|[from] ability: Drought|[of] p2a: Charizard
|move|p1b: Whimsicott|Protect|p1b: Whimsicott
|-singleturn|p1b: Whimsicott|Protect
|move|p1a: Staraptor|Protect|p1a: Staraptor
|-singleturn|p1a: Staraptor|Protect
|move|p2a: Charizard|Heat Wave|p1b: Whimsicott|[spread] 
|-activate|p1a: Staraptor|move: Protect
|-activate|p1b: Whimsicott|move: Protect
|move|p2b: Toxapex|Toxic|p1a: Staraptor
|-activate|p1a: Staraptor|move: Protect
|
|-weather|SunnyDay|[upkeep]
|upkeep
|turn|2
|
|t:|1785494793
|move|p1b: Whimsicott|Charm|p1a: Staraptor
|-boost|p1a: Staraptor|atk|2
|move|p1a: Staraptor|Brave Bird|p2a: Charizard
|-damage|p2a: Charizard|3/100
|-damage|p1a: Staraptor|69/100|[from] Recoil
|move|p2a: Charizard|Heat Wave|p1b: Whimsicott|[spread] p1a,p1b
|-supereffective|p1b: Whimsicott|1
|-damage|p1a: Staraptor|12/100
|-damage|p1b: Whimsicott|0 fnt
|faint|p1b: Whimsicott
|move|p2b: Toxapex|Toxic|p1a: Staraptor
|-status|p1a: Staraptor|tox
|
|-weather|SunnyDay|[upkeep]
|-damage|p1a: Staraptor|6/100 tox|[from] psn
|upkeep
|
|t:|1785494807
|switch|p1b: Toxapex|Toxapex, L50, F|100/100
|turn|3
|
|t:|1785494819
|move|p1a: Staraptor|Roost|p1a: Staraptor
|-heal|p1a: Staraptor|56/100 tox
|-singleturn|p1a: Staraptor|move: Roost
|move|p2a: Charizard|Weather Ball|p1a: Staraptor
|-damage|p1a: Staraptor|0 fnt
|faint|p1a: Staraptor
|move|p2b: Toxapex|Infestation|p1b: Toxapex
|-resisted|p1b: Toxapex|1
|-damage|p1b: Toxapex|98/100
|-activate|p1b: Toxapex|move: Infestation|[of] p2b: Toxapex
|move|p1b: Toxapex|Infestation|p2b: Toxapex
|-resisted|p2b: Toxapex|1
|-damage|p2b: Toxapex|98/100
|-activate|p2b: Toxapex|move: Infestation|[of] p1b: Toxapex
|
|-weather|SunnyDay|[upkeep]
|-heal|p2b: Toxapex|100/100|[from] item: Leftovers
|-heal|p1b: Toxapex|100/100|[from] item: Leftovers
|-damage|p2b: Toxapex|87/100|[from] move: Infestation|[partiallytrapped]
|-damage|p1b: Toxapex|87/100|[from] move: Infestation|[partiallytrapped]
|upkeep
|
|t:|1785494822
|switch|p1a: Kingambit|Kingambit, L50, F|100/100
|turn|4
|
|t:|1785494838
|move|p1a: Kingambit|Protect|p1a: Kingambit
|-singleturn|p1a: Kingambit|Protect
|move|p2a: Charizard|Weather Ball|p1a: Kingambit
|-activate|p1a: Kingambit|move: Protect
|move|p2b: Toxapex|Infestation|p1a: Kingambit
|-activate|p1a: Kingambit|move: Protect
|move|p1b: Toxapex|Infestation|p2a: Charizard
|-resisted|p2a: Charizard|2
|-damage|p2a: Charizard|3/100
|-activate|p2a: Charizard|move: Infestation|[of] p1b: Toxapex
|
|-weather|SunnyDay|[upkeep]
|-heal|p2b: Toxapex|93/100|[from] item: Leftovers
|-heal|p1b: Toxapex|93/100|[from] item: Leftovers
|-damage|p2a: Charizard|0 fnt|[from] move: Infestation|[partiallytrapped]
|faint|p2a: Charizard
|-damage|p2b: Toxapex|81/100|[from] move: Infestation|[partiallytrapped]
|-damage|p1b: Toxapex|81/100|[from] move: Infestation|[partiallytrapped]
|upkeep
|
|t:|1785494840
|switch|p2a: Garchomp|Garchomp, L50, F|100/100
|turn|5
|
|t:|1785494864
|move|p1a: Kingambit|Protect|p1a: Kingambit
|-singleturn|p1a: Kingambit|Protect
|move|p2a: Garchomp|Stomping Tantrum|p1a: Kingambit
|-activate|p1a: Kingambit|move: Protect
|move|p2b: Toxapex|Infestation|p1a: Kingambit
|-activate|p1a: Kingambit|move: Protect
|move|p1b: Toxapex|Toxic|p2a: Garchomp
|-status|p2a: Garchomp|tox
|
|-weather|none
|-heal|p2b: Toxapex|87/100|[from] item: Leftovers
|-heal|p1b: Toxapex|87/100|[from] item: Leftovers
|-damage|p2a: Garchomp|93/100 tox|[from] psn
|-damage|p2b: Toxapex|75/100|[from] move: Infestation|[partiallytrapped]
|-damage|p1b: Toxapex|75/100|[from] move: Infestation|[partiallytrapped]
|upkeep
|turn|6
|
|t:|1785494875
|move|p2a: Garchomp|Stomping Tantrum|p1a: Kingambit
|-supereffective|p1a: Kingambit|1
|-damage|p1a: Kingambit|34/100
|move|p1a: Kingambit|Kowtow Cleave|p2a: Garchomp
|-damage|p2a: Garchomp|47/100 tox
|-damage|p1a: Kingambit|21/100|[from] ability: Rough Skin|[of] p2a: Garchomp
|move|p2b: Toxapex|Infestation|p1a: Kingambit
|-damage|p1a: Kingambit|18/100
|-activate|p1a: Kingambit|move: Infestation|[of] p2b: Toxapex
|move|p1b: Toxapex|Infestation|p2a: Garchomp
|-damage|p2a: Garchomp|43/100 tox
|-activate|p2a: Garchomp|move: Infestation|[of] p1b: Toxapex
|-damage|p1b: Toxapex|63/100|[from] ability: Rough Skin|[of] p2a: Garchomp
|
|-heal|p2b: Toxapex|80/100|[from] item: Leftovers
|-heal|p1b: Toxapex|68/100|[from] item: Leftovers
|-damage|p2a: Garchomp|31/100 tox|[from] psn
|-damage|p2a: Garchomp|19/100 tox|[from] move: Infestation|[partiallytrapped]
|-damage|p1a: Kingambit|5/100|[from] move: Infestation|[partiallytrapped]
|-damage|p2b: Toxapex|68/100|[from] move: Infestation|[partiallytrapped]
|-damage|p1b: Toxapex|56/100|[from] move: Infestation|[partiallytrapped]
|upkeep
|turn|7
|inactive|MegaJouleVGC has 30 seconds left.
|inactive|MegaJouleVGC has 20 seconds left.
|inactive|MegaJouleVGC has 15 seconds left.
|
|t:|1785494916
|move|p2b: Toxapex|Baneful Bunker|p2b: Toxapex
|-singleturn|p2b: Toxapex|move: Protect
|move|p1b: Toxapex|Baneful Bunker|p1b: Toxapex
|-singleturn|p1b: Toxapex|move: Protect
|move|p1a: Kingambit|Sucker Punch||[still]
|-fail|p1a: Kingambit
|move|p2a: Garchomp|Stomping Tantrum|p1b: Toxapex
|-activate|p1b: Toxapex|move: Protect
|
|-heal|p2b: Toxapex|74/100|[from] item: Leftovers
|-heal|p1b: Toxapex|62/100|[from] item: Leftovers
|-damage|p2a: Garchomp|1/100 tox|[from] psn
|-damage|p2a: Garchomp|0 fnt|[from] move: Infestation|[partiallytrapped]
|faint|p2a: Garchomp
|-damage|p1a: Kingambit|0 fnt|[from] move: Infestation|[partiallytrapped]
|faint|p1a: Kingambit
|-end|p2b: Toxapex|Infestation|[partiallytrapped]
|-end|p1b: Toxapex|Infestation|[partiallytrapped]
|upkeep
|
|t:|1785494923
|switch|p2a: Incineroar|Incineroar, L50, F|100/100
|-ability|p2a: Incineroar|Intimidate|boost
|-unboost|p1b: Toxapex|atk|1
|turn|8
|-message|MegaJouleVGC forfeited.
|
|win|new mental
