|j|☆CWood328
|j|☆Mothnimon
|html|CWood328Mothnimon    
|uhtml|bestof|Game 1 of a best-of-3
|t:|1782749659
|gametype|doubles
|player|p1|CWood328|266|1000
|player|p2|Mothnimon|dawn|1000
|gen|9
|tier|[Gen 9 Champions] VGC 2026 Reg M-B (Bo3)
|rated|
|rule|Species Clause: Limit one of each Pokémon
|rule|Item Clause: Limit 1 of each item
|clearpoke
|poke|p1|Metagross, L50|
|poke|p1|Talonflame, L50, M|
|poke|p1|Sneasler, L50, M|
|poke|p1|Clefable, L50, M|
|poke|p1|Sceptile, L50, M|
|poke|p1|Rotom-Wash, L50|
|poke|p2|Staraptor, L50, M|
|poke|p2|Sneasler, L50, F|
|poke|p2|Whimsicott, L50, F|
|poke|p2|Kingambit, L50, M|
|poke|p2|Incineroar, L50, M|
|poke|p2|Sinistcha, L50|
|teampreview|4
|showteam|p1|Metagross||Metagrossite|ClearBody|BulletPunch,MeteorMash,Protect,PsychicFangs|Jolly|||||50|]Talonflame||LifeOrb|GaleWings|Tailwind,BraveBird,FlareBlitz,QuickGuard|Jolly||M|||50|]Sneasler||WhiteHerb|Unburden|CloseCombat,DireClaw,Protect,Coaching|Adamant||M|||50|]Clefable||SitrusBerry|Unaware|Moonblast,AfterYou,Protect,FollowMe|Bold||M|||50|]Sceptile||Sceptilite|Overgrow|DragonPulse,EnergyBall,Protect,VacuumWave|Timid||M|||50|]Rotom-Wash||ChoiceScarf|Levitate|Thunderbolt,HydroPump,VoltSwitch,Trick|Timid|||||50|
|showteam|p2|Staraptor||Staraptite|Intimidate|CloseCombat,BraveBird,Uturn,Roost|Adamant||M|||50|]Sneasler||ChoiceScarf|PoisonTouch|CloseCombat,PoisonJab,ThroatChop,Uturn|Jolly||F|||50|]Whimsicott||SitrusBerry|Prankster|DazzlingGleam,Uturn,StunSpore,Tailwind|Bold||F|||50|]Kingambit||OccaBerry|Defiant|KowtowCleave,IronHead,LowKick,SuckerPunch|Adamant||M|||50|]Incineroar||ShucaBerry|Intimidate|TemperFlare,FakeOut,PartingShot,LashOut|Impish||M|||50|]Sinistcha||ColburBerry|Hospitality|MatchaGotcha,Hex,RagePowder,LifeDew|Bold|||||50|
|
|t:|1782749700
|teamsize|p1|4
|teamsize|p2|4
|start
|switch|p1a: Metagross|Metagross, L50|100/100
|switch|p1b: Talonflame|Talonflame, L50, M|100/100
|switch|p2a: Achoo!|Sneasler, L50, F|100/100
|switch|p2b: Cotton Guardian|Whimsicott, L50, F|100/100
|turn|1
|
|t:|1782749719
|detailschange|p1a: Metagross|Metagross-Mega, L50
|-mega|p1a: Metagross|Metagross|Metagrossite
|move|p1b: Talonflame|Quick Guard|p1b: Talonflame
|-singleturn|p1b: Talonflame|Quick Guard
|move|p2b: Cotton Guardian|Tailwind|p2b: Cotton Guardian
|-sidestart|p2: Mothnimon|move: Tailwind
|move|p2a: Achoo!|U-turn|p1b: Talonflame
|-resisted|p1b: Talonflame|2
|-damage|p1b: Talonflame|90/100
|-status|p1b: Talonflame|psn|[from] ability: Poison Touch|[of] p2a: Achoo!
|
|t:|1782749729
|switch|p2a: Alolan Whip|Incineroar, L50, M|100/100|[from] U-turn
|-ability|p2a: Alolan Whip|Intimidate|boost
|-unboost|p1a: Metagross|atk|1
|-unboost|p1b: Talonflame|atk|1
|move|p1a: Metagross|Psychic Fangs|p2a: Alolan Whip
|-immune|p2a: Alolan Whip
|
|-damage|p1b: Talonflame|78/100 psn|[from] psn
|upkeep
|turn|2
|
|t:|1782749759
|move|p1a: Metagross|Protect|p1a: Metagross
|-singleturn|p1a: Metagross|Protect
|move|p2a: Alolan Whip|Fake Out|p1b: Talonflame
|-damage|p1b: Talonflame|63/100 psn
|move|p2b: Cotton Guardian|U-turn|p1a: Metagross
|-activate|p1a: Metagross|move: Protect
|cant|p1b: Talonflame|flinch
|
|-damage|p1b: Talonflame|50/100g psn|[from] psn
|upkeep
|turn|3
|
|t:|1782749787
|switch|p1a: Clefable|Clefable, L50, M|100/100
|move|p2b: Cotton Guardian|Stun Spore|p1a: Clefable
|-status|p1a: Clefable|par
|move|p1b: Talonflame|Tailwind|p1b: Talonflame
|-sidestart|p1: CWood328|move: Tailwind
|move|p2a: Alolan Whip|Parting Shot|p1a: Clefable
|-unboost|p1a: Clefable|atk|1
|-unboost|p1a: Clefable|spa|1
|
|t:|1782749797
|switch|p2a: Achoo!|Sneasler, L50, F|100/100|[from] Parting Shot
|
|-damage|p1b: Talonflame|38/100 psn|[from] psn
|upkeep
|turn|4
|
|t:|1782749810
|move|p1a: Clefable|Protect|p1a: Clefable
|-singleturn|p1a: Clefable|Protect
|move|p2a: Achoo!|Poison Jab|p1a: Clefable
|-activate|p1a: Clefable|move: Protect
|move|p1b: Talonflame|Brave Bird|p2a: Achoo!
|-supereffective|p2a: Achoo!|1
|-damage|p2a: Achoo!|0 fnt
|faint|p2a: Achoo!
|-damage|p1b: Talonflame|5/100 psn|[from] Recoil
|-damage|p1b: Talonflame|0 fnt|[from] item: Life Orb
|faint|p1b: Talonflame
|move|p2b: Cotton Guardian|Dazzling Gleam|p1a: Clefable
|-activate|p1a: Clefable|move: Protect
|
|-sideend|p2: Mothnimon|move: Tailwind
|upkeep
|
|t:|1782749830
|switch|p1b: Sneasler|Sneasler, L50, M|100/100
|switch|p2a: Jaime Bird|Staraptor, L50, M|100/100
|-ability|p2a: Jaime Bird|Intimidate|boost
|-unboost|p1a: Clefable|atk|1
|-unboost|p1b: Sneasler|atk|1
|-enditem|p1b: Sneasler|White Herb
|-clearnegativeboost|p1b: Sneasler|[silent]
|turn|5
|
|t:|1782749858
|detailschange|p2a: Jaime Bird|Staraptor-Mega, L50, M
|-mega|p2a: Jaime Bird|Staraptor|Staraptite
|move|p1a: Clefable|Follow Me|p1a: Clefable
|-singleturn|p1a: Clefable|move: Follow Me
|move|p2b: Cotton Guardian|Tailwind|p2b: Cotton Guardian
|-sidestart|p2: Mothnimon|move: Tailwind
|move|p1b: Sneasler|Dire Claw|p2b: Cotton Guardian
|-supereffective|p2b: Cotton Guardian|2
|-damage|p2b: Cotton Guardian|0 fnt
|faint|p2b: Cotton Guardian
|move|p2a: Jaime Bird|Brave Bird|p1a: Clefable
|-damage|p1a: Clefable|40/100 par
|-enditem|p1a: Clefable|Sitrus Berry|[eat]
|-heal|p1a: Clefable|65/100 par|[from] item: Sitrus Berry
|-damage|p2a: Jaime Bird|75/100|[from] Recoil
|
|upkeep
|
|t:|1782749873
|switch|p2b: Alolan Whip|Incineroar, L50, M|100/100
|-ability|p2b: Alolan Whip|Intimidate|boost
|-unboost|p1a: Clefable|atk|1
|-unboost|p1b: Sneasler|atk|1
|turn|6
|
|t:|1782749886
|move|p1b: Sneasler|Protect|p1b: Sneasler
|-singleturn|p1b: Sneasler|Protect
|move|p1a: Clefable|Protect|p1a: Clefable
|-singleturn|p1a: Clefable|Protect
|move|p2b: Alolan Whip|Fake Out|p1b: Sneasler
|-activate|p1b: Sneasler|move: Protect
|move|p2a: Jaime Bird|Brave Bird|p1b: Sneasler
|-activate|p1b: Sneasler|move: Protect
|
|-sideend|p1: CWood328|move: Tailwind
|upkeep
|turn|7
|
|t:|1782749923
|move|p1b: Sneasler|Dire Claw|p2a: Jaime Bird
|-damage|p2a: Jaime Bird|39/100
|move|p2a: Jaime Bird|Roost|p2a: Jaime Bird
|-heal|p2a: Jaime Bird|89/100
|-singleturn|p2a: Jaime Bird|move: Roost
|move|p2b: Alolan Whip|Temper Flare|p1b: Sneasler
|-damage|p1b: Sneasler|50/100g
|move|p1a: Clefable|Moonblast|p2a: Jaime Bird
|-supereffective|p2a: Jaime Bird|1
|-damage|p2a: Jaime Bird|43/100
|
|upkeep
|turn|8
|
|t:|1782749951
|move|p1b: Sneasler|Dire Claw|p2a: Jaime Bird
|-damage|p2a: Jaime Bird|9/100
|move|p2a: Jaime Bird|Brave Bird|p1b: Sneasler
|-supereffective|p1b: Sneasler|1
|-damage|p1b: Sneasler|0 fnt
|faint|p1b: Sneasler
|-damage|p2a: Jaime Bird|0 fnt|[from] Recoil
|faint|p2a: Jaime Bird
|move|p2b: Alolan Whip|Parting Shot|p1a: Clefable
|-unboost|p1a: Clefable|atk|1
|-unboost|p1a: Clefable|spa|1
|move|p1a: Clefable|Moonblast|p2b: Alolan Whip
|-damage|p2b: Alolan Whip|86/100
|
|-sideend|p2: Mothnimon|move: Tailwind
|upkeep
|
|t:|1782749968
|switch|p1b: Metagross|Metagross-Mega, L50|100/100
|turn|9
|
|t:|1782749983
|move|p1a: Clefable|Follow Me|p1a: Clefable
|-singleturn|p1a: Clefable|move: Follow Me
|move|p1b: Metagross|Meteor Mash|p2b: Alolan Whip
|-resisted|p2b: Alolan Whip|1
|-damage|p2b: Alolan Whip|62/100
|move|p2b: Alolan Whip|Temper Flare|p1a: Clefable
|-damage|p1a: Clefable|41/100 par
|
|upkeep
|turn|10
|
|t:|1782750001
|move|p1a: Clefable|Follow Me|p1a: Clefable
|-singleturn|p1a: Clefable|move: Follow Me
|move|p1b: Metagross|Meteor Mash|p2b: Alolan Whip
|-resisted|p2b: Alolan Whip|1
|-damage|p2b: Alolan Whip|39/100
|move|p2b: Alolan Whip|Temper Flare|p1a: Clefable
|-damage|p1a: Clefable|16/100 par
|
|upkeep
|turn|11
|
|t:|1782750011
|move|p1a: Clefable|Follow Me|p1a: Clefable
|-singleturn|p1a: Clefable|move: Follow Me
|move|p1b: Metagross|Meteor Mash|p2b: Alolan Whip
|-resisted|p2b: Alolan Whip|1
|-damage|p2b: Alolan Whip|18/100
|move|p2b: Alolan Whip|Temper Flare|p1a: Clefable
|-damage|p1a: Clefable|0 fnt
|faint|p1a: Clefable
|
|upkeep
|turn|12
|
|t:|1782750027
|move|p1b: Metagross|Meteor Mash|p2b: Alolan Whip
|-resisted|p2b: Alolan Whip|1
|-crit|p2b: Alolan Whip
|-damage|p2b: Alolan Whip|0 fnt
|faint|p2b: Alolan Whip
|
|win|CWood328
||Mothnimon is ready for game 2.
