|j|☆spearow's nest
|j|☆wait for swarley
|html|spearow's nestwait for swarley    
|uhtml|bestof|Game 1 of a best-of-3
|t:|1756774890
|gametype|doubles
|player|p1|spearow's nest|lance|1330
|player|p2|wait for swarley|volo|1384
|gen|9
|tier|[Gen 9] VGC 2025 Reg H (Bo3)
|rated|
|rule|Species Clause: Limit one of each Pokémon
|rule|Item Clause: Limit 1 of each item
|clearpoke
|poke|p1|Dragonite, L50, M|
|poke|p1|Annihilape, L50, F|
|poke|p1|Glimmora, L50, F|
|poke|p1|Incineroar, L50, F|
|poke|p1|Dondozo, L50, M|
|poke|p1|Tatsugiri-Droopy, L50, F|
|poke|p2|Dachsbun, L50, M|
|poke|p2|Torkoal, L50, M|
|poke|p2|Typhlosion-Hisui, L50, F|
|poke|p2|Kingambit, L50, M|
|poke|p2|Rillaboom, L50, F|
|poke|p2|Zoroark-Hisui, L50, M|
|teampreview|4
|showteam|p1|Dragonite||LoadedDice|Multiscale|Protect,ScaleShot,Tailwind,Haze|||M|||50|,,,,,Fairy]Annihilape||SafetyGoggles|Defiant|DrainPunch,RageFist,FinalGambit,Coaching|||F|||50|,,,,,Fighting]Glimmora||PowerHerb|ToxicDebris|SpikyShield,MeteorBeam,SludgeBomb,PowerGem|||F|||50|,,,,,Grass]Incineroar||AssaultVest|Intimidate|FlareBlitz,KnockOff,FakeOut,Uturn|||F|||50|,,,,,Water]Dondozo||CovertCloak|Oblivious|Protect,WaveCrash,Earthquake,Substitute|||M|||50|,,,,,Dark]Tatsugiri-Droopy||ChoiceScarf|Commander|DracoMeteor,MuddyWater,IcyWind,DragonPulse|||F|||50|,,,,,Dragon
|showteam|p2|Dachsbun||Leftovers|WellBakedBody|BodyPress,Snarl,Rest,Yawn|||M|||50|,,,,,Steel]Torkoal||SitrusBerry|Drought|WeatherBall,Eruption,LavaPlume,Protect|||M|||50|,,,,,Fire]Typhlosion-Hisui||ChoiceScarf|Blaze|Eruption,ShadowBall,LavaPlume,Overheat|||F|||50|,,,,,Dark]Kingambit||SafetyGoggles|Defiant|SuckerPunch,Assurance,Protect,SwordsDance|||M|||50|,,,,,Dark]Rillaboom||AssaultVest|GrassySurge|FakeOut,GrassyGlide,WoodHammer,Uturn|||F|||50|,,,,,Grass]Zoroark-Hisui||ChoiceSpecs|Illusion|Snarl,BitterMalice,HyperVoice,HyperBeam|||M|||50|,,,,,Normal
|inactive|Battle timer is ON: inactive players will automatically lose when time's up. (requested by wait for swarley)
|inactive|spearow's nest has 60 seconds left.
|inactive|wait for swarley has 60 seconds left.
|inactive|spearow's nest has 30 seconds left.
|
|t:|1756774968
|teamsize|p1|4
|teamsize|p2|4
|start
|switch|p1a: Glimmora|Glimmora, L50, F, shiny|100/100
|switch|p1b: Dragonite|Dragonite, L50, M|100/100
|switch|p2a: Typhlosion|Typhlosion-Hisui, L50, F|100/100
|switch|p2b: Torkoal|Torkoal, L50, M|100/100
|-weather|SunnyDay|[from] ability: Drought|[of] p2b: Torkoal
|turn|1
|inactive|wait for swarley has 30 seconds left.
|inactive|wait for swarley has 20 seconds left.
|inactive|wait for swarley has 15 seconds left.
|inactive|wait for swarley has 10 seconds left.
|inactive|wait for swarley has 5 seconds left.
|
|t:|1756775022
|move|p1a: Glimmora|Spiky Shield|p1a: Glimmora
|-singleturn|p1a: Glimmora|move: Protect
|move|p2a: Typhlosion|Hyper Voice|p1b: Dragonite|[spread] p1b
|-activate|p1a: Glimmora|move: Protect
|-damage|p1b: Dragonite|73/100
|move|p1b: Dragonite|Scale Shot|p2a: Typhlosion
|-damage|p2a: Typhlosion|70/100
|replace|p2a: Zoroark|Zoroark-Hisui, L50, M, shiny
|-end|p2a: Zoroark|Illusion
|-damage|p2a: Zoroark|40/100
|-damage|p2a: Zoroark|11/100
|-damage|p2a: Zoroark|0 fnt
|faint|p2a: Zoroark
|-hitcount|p2: Zoroark|4
|-unboost|p1b: Dragonite|def|1
|-boost|p1b: Dragonite|spe|1
|move|p2b: Torkoal|Eruption|p1a: Glimmora|[spread] p1b
|-activate|p1a: Glimmora|move: Protect
|-resisted|p1b: Dragonite
|-damage|p1b: Dragonite|35/100
|
|-weather|SunnyDay|[upkeep]
|upkeep
|inactive|wait for swarley has 30 seconds left.
|
|t:|1756775054
|switch|p2a: Rillaboom|Rillaboom, L50, F, shiny|100/100
|-fieldstart|move: Grassy Terrain|[from] ability: Grassy Surge|[of] p2a: Rillaboom
|turn|2
|
|t:|1756775065
|move|p2a: Rillaboom|Fake Out|p1b: Dragonite
|-damage|p1b: Dragonite|11/100
|cant|p1b: Dragonite|flinch
|move|p1a: Glimmora|Meteor Beam||[still]
|-prepare|p1a: Glimmora|Meteor Beam
|-boost|p1a: Glimmora|spa|1
|-enditem|p1a: Glimmora|Power Herb
|-anim|p1a: Glimmora|Meteor Beam|p2b: Torkoal|[miss]
|-miss|p1a: Glimmora|p2b: Torkoal
|move|p2b: Torkoal|Weather Ball|p1b: Dragonite
|-resisted|p1b: Dragonite
|-damage|p1b: Dragonite|0 fnt
|faint|p1b: Dragonite
|
|-weather|SunnyDay|[upkeep]
|upkeep
|
|t:|1756775081
|switch|p1b: Tatsugiri|Tatsugiri-Droopy, L50, F|100/100
|turn|3
|inactive|spearow's nest has 30 seconds left.
|
|t:|1756775113
|-terastallize|p1b: Tatsugiri|Dragon
|-terastallize|p2a: Rillaboom|Grass
|move|p1b: Tatsugiri|Dragon Pulse|p2b: Torkoal
|-damage|p2b: Torkoal|23/100
|-enditem|p2b: Torkoal|Sitrus Berry|[eat]
|-heal|p2b: Torkoal|47/100|[from] item: Sitrus Berry
|move|p1a: Glimmora|Sludge Bomb|p2a: Rillaboom
|-supereffective|p2a: Rillaboom
|-damage|p2a: Rillaboom|0 fnt
|faint|p2a: Rillaboom
|move|p2b: Torkoal|Eruption|p1b: Tatsugiri|[spread] p1a,p1b
|-resisted|p1a: Glimmora
|-resisted|p1b: Tatsugiri
|-damage|p1a: Glimmora|79/100
|-damage|p1b: Tatsugiri|78/100
|
|-weather|SunnyDay|[upkeep]
|-heal|p1b: Tatsugiri|84/100|[from] Grassy Terrain
|-heal|p1a: Glimmora|85/100|[from] Grassy Terrain
|-heal|p2b: Torkoal|54/100|[from] Grassy Terrain
|upkeep
|
|t:|1756775129
|switch|p2a: Typhlosion|Typhlosion-Hisui, L50, F|100/100
|turn|4
|
|t:|1756775147
|move|p1b: Tatsugiri|Dragon Pulse|p2a: Typhlosion
|-damage|p2a: Typhlosion|31/100
|move|p2a: Typhlosion|Shadow Ball|p1a: Glimmora
|-damage|p1a: Glimmora|32/100
|-unboost|p1a: Glimmora|spd|1
|move|p1a: Glimmora|Power Gem|p2a: Typhlosion
|-supereffective|p2a: Typhlosion
|-damage|p2a: Typhlosion|0 fnt
|faint|p2a: Typhlosion
|move|p2b: Torkoal|Weather Ball|p1a: Glimmora
|-resisted|p1a: Glimmora
|-damage|p1a: Glimmora|0 fnt
|faint|p1a: Glimmora
|
|-weather|SunnyDay|[upkeep]
|-heal|p1b: Tatsugiri|90/100|[from] Grassy Terrain
|-heal|p2b: Torkoal|60/100|[from] Grassy Terrain
|upkeep
|
|t:|1756775157
|switch|p1a: Dondozo|Dondozo, L50, M|100/100
|-activate|p1b: Tatsugiri|ability: Commander|[of] p1a: Dondozo
|-boost|p1a: Dondozo|atk|2
|-boost|p1a: Dondozo|spa|2
|-boost|p1a: Dondozo|spe|2
|-boost|p1a: Dondozo|def|2
|-boost|p1a: Dondozo|spd|2
|turn|5
|
|t:|1756775161
|move|p1a: Dondozo|Protect|p1a: Dondozo
|-singleturn|p1a: Dondozo|Protect
|move|p2b: Torkoal|Lava Plume|p1b: Tatsugiri|[spread] 
|-miss|p2b: Torkoal|p1b: Tatsugiri
|-activate|p1a: Dondozo|move: Protect
|
|-weather|none
|-heal|p1b: Tatsugiri|96/100|[from] Grassy Terrain
|-heal|p2b: Torkoal|66/100|[from] Grassy Terrain
|upkeep
|turn|6
|
|t:|1756775165
|move|p1a: Dondozo|Substitute|p1a: Dondozo
|-start|p1a: Dondozo|Substitute
|-damage|p1a: Dondozo|76/100
|move|p2b: Torkoal|Lava Plume|p1a: Dondozo|[spread] p1a
|-miss|p2b: Torkoal|p1b: Tatsugiri
|-resisted|p1a: Dondozo
|-activate|p1a: Dondozo|move: Substitute|[damage]
|
|-heal|p1b: Tatsugiri|100/100|[from] Grassy Terrain
|-heal|p1a: Dondozo|82/100|[from] Grassy Terrain
|-heal|p2b: Torkoal|72/100|[from] Grassy Terrain
|-fieldend|move: Grassy Terrain
|upkeep
|turn|7
|-message|wait for swarley forfeited.
|
|win|spearow's nest
