|j|☆ScottyNZ
|j|☆LetherOCE
|html|ScottyNZLetherOCE    
|uhtml|bestof|Game 1 of a best-of-3
|t:|1757753397
|gametype|doubles
|player|p1|ScottyNZ|265|
|player|p2|LetherOCE|steven|
|gen|9
|tier|[Gen 9] VGC 2025 Reg H (Bo3)
|rule|Species Clause: Limit one of each Pokémon
|rule|Item Clause: Limit 1 of each item
|clearpoke
|poke|p1|Tatsugiri, L50, F|
|poke|p1|Dondozo, L50, M|
|poke|p1|Sneasler, L50, F|
|poke|p1|Indeedee, L50, M|
|poke|p1|Talonflame, L50, F|
|poke|p1|Glimmora, L50, M|
|poke|p2|Sneasler, L50, F|
|poke|p2|Garchomp, L50, F|
|poke|p2|Corviknight, L50, F|
|poke|p2|Volcarona, L50, F|
|poke|p2|Primarina, L50, M|
|poke|p2|Rillaboom, L50, M|
|teampreview|4
|showteam|p1|Tatsugiri||ChoiceScarf|Commander|MuddyWater,IcyWind,Taunt,DracoMeteor|||F|||50|,,,,,Steel]Dondozo||Leftovers|Unaware|Protect,Earthquake,OrderUp,WaveCrash|||M|||50|,,,,,Poison]Sneasler||PsychicSeed|Unburden|CloseCombat,DireClaw,Protect,ThroatChop|||F|||50|,,,,,Dark]Indeedee||FocusSash|PsychicSurge|Imprison,TrickRoom,ExpandingForce,Protect|||M|||50|,,,,,Psychic]Talonflame||CovertCloak|GaleWings|Tailwind,WillOWisp,FlareBlitz,DualWingbeat|||F|||50|,,,,,Steel]Glimmora||PowerHerb|ToxicDebris|EarthPower,SludgeBomb,SpikyShield,MeteorBeam|||M|||50|,,,,,Grass
|showteam|p2|Sneasler||FocusSash|PoisonTouch|FakeOut,DireClaw,CloseCombat,Coaching|||F|||50|,,,,,Ghost]Garchomp||LifeOrb|RoughSkin|Protect,SwordsDance,StompingTantrum,DragonClaw|||F|||50|,,,,,Fairy]Corviknight||Leftovers|MirrorArmor|BraveBird,BodyPress,BulkUp,Roost|||F|||50|,,,,,Dragon]Volcarona||SafetyGoggles|FlameBody|FieryDance,Tailwind,RagePowder,StruggleBug|||F|||50|,,,,,Steel]Primarina||SitrusBerry|LiquidVoice|Protect,HyperVoice,Moonblast,Haze|||M|||50|,,,,,Poison]Rillaboom||AssaultVest|GrassySurge|FakeOut,GrassyGlide,HighHorsepower,WoodHammer|||M|||50|,,,,,Fire
|inactive|Battle timer is ON: inactive players will automatically lose when time's up. (requested by ScottyNZ)
|inactive|ScottyNZ has 60 seconds left.
|
|t:|1757753428
|teamsize|p1|4
|teamsize|p2|4
|start
|switch|p1a: Talonflame|Talonflame, L50, F|100/100
|switch|p1b: Glimmora|Glimmora, L50, M|100/100
|switch|p2a: Primarina|Primarina, L50, M|100/100
|switch|p2b: Garchomp|Garchomp, L50, F|100/100
|turn|1
|inactive|LetherOCE has 30 seconds left.
|inactive|ScottyNZ has 30 seconds left.
|
|t:|1757753461
|-terastallize|p1b: Glimmora|Grass
|-terastallize|p2a: Primarina|Poison
|move|p1a: Talonflame|Will-O-Wisp|p2b: Garchomp
|-status|p2b: Garchomp|brn
|move|p2b: Garchomp|Dragon Claw|p1a: Talonflame
|-damage|p1a: Talonflame|59/100
|-damage|p2b: Garchomp|91/100 brn|[from] item: Life Orb
|move|p1b: Glimmora|Sludge Bomb|p2b: Garchomp
|-resisted|p2b: Garchomp
|-damage|p2b: Garchomp|65/100 brn
|move|p2a: Primarina|Hyper Voice|p1b: Glimmora|[spread] p1a,p1b
|-supereffective|p1a: Talonflame
|-resisted|p1b: Glimmora
|-damage|p1a: Talonflame|0 fnt
|-damage|p1b: Glimmora|80/100
|faint|p1a: Talonflame
|
|-damage|p2b: Garchomp|59/100 brn|[from] brn
|upkeep
|
|t:|1757753481
|switch|p1a: Sneasler|Sneasler, L50, F|100/100
|turn|2
|
|t:|1757753493
|switch|p2a: Corviknight|Corviknight, L50, F|100/100
|move|p1a: Sneasler|Close Combat|p2b: Garchomp
|-damage|p2b: Garchomp|0 fnt
|-unboost|p1a: Sneasler|def|1
|-unboost|p1a: Sneasler|spd|1
|-damage|p1a: Sneasler|88/100|[from] ability: Rough Skin|[of] p2b: Garchomp
|faint|p2b: Garchomp
|move|p1b: Glimmora|Earth Power|p2a: Corviknight
|-immune|p2a: Corviknight
|
|upkeep
|
|t:|1757753504
|switch|p2b: Sneasler|Sneasler, L50, F|100/100
|turn|3
|
|t:|1757753521
|switch|p1a: Indeedee|Indeedee, L50, M|100/100
|-fieldstart|move: Psychic Terrain|[from] ability: Psychic Surge|[of] p1a: Indeedee
|move|p1b: Glimmora|Spiky Shield|p1b: Glimmora
|-singleturn|p1b: Glimmora|move: Protect
|move|p2b: Sneasler|Coaching|p2a: Corviknight
|-boost|p2a: Corviknight|atk|1
|-boost|p2a: Corviknight|def|1
|move|p2a: Corviknight|Brave Bird|p1b: Glimmora
|-activate|p1b: Glimmora|move: Protect
|-damage|p2a: Corviknight|88/100|[from] Spiky Shield|[of] p1b: Glimmora
|
|-heal|p2a: Corviknight|94/100|[from] item: Leftovers
|upkeep
|turn|4
|inactive|ScottyNZ has 30 seconds left.
|inactive|LetherOCE has 30 seconds left.
|
|t:|1757753556
|move|p2b: Sneasler|Dire Claw|p1a: Indeedee
|-crit|p1a: Indeedee
|-enditem|p1a: Indeedee|Focus Sash
|-damage|p1a: Indeedee|1/100
|-status|p1a: Indeedee|slp
|cant|p1a: Indeedee|slp
|move|p1b: Glimmora|Earth Power|p2b: Sneasler
|-supereffective|p2b: Sneasler
|-damage|p2b: Sneasler|8/100
|move|p2a: Corviknight|Body Press|p1a: Indeedee
|-damage|p1a: Indeedee|0 fnt
|faint|p1a: Indeedee
|
|-heal|p2a: Corviknight|100/100|[from] item: Leftovers
|upkeep
|inactive|ScottyNZ has 30 seconds left.
|
|t:|1757753585
|switch|p1a: Sneasler|Sneasler, L50, F|88/100
|-enditem|p1a: Sneasler|Psychic Seed
|-boost|p1a: Sneasler|spd|1|[from] item: Psychic Seed
|turn|5
|
|t:|1757753602
|move|p1b: Glimmora|Spiky Shield|p1b: Glimmora
|-singleturn|p1b: Glimmora|move: Protect
|move|p1a: Sneasler|Close Combat|p2a: Corviknight
|-damage|p2a: Corviknight|63/100
|-unboost|p1a: Sneasler|def|1
|-unboost|p1a: Sneasler|spd|1
|move|p2b: Sneasler|Dire Claw|p1b: Glimmora
|-activate|p1b: Glimmora|move: Protect
|-damage|p2b: Sneasler|0 fnt|[from] Spiky Shield|[of] p1b: Glimmora
|faint|p2b: Sneasler
|move|p2a: Corviknight|Brave Bird|p1a: Sneasler
|-supereffective|p1a: Sneasler
|-damage|p1a: Sneasler|0 fnt
|faint|p1a: Sneasler
|-damage|p2a: Corviknight|40/100|[from] Recoil
|
|-heal|p2a: Corviknight|46/100|[from] item: Leftovers
|upkeep
|
|t:|1757753618
|switch|p2b: Primarina|Primarina, L50, M, tera:Poison|100/100
|turn|6
|
|t:|1757753625
|move|p1b: Glimmora|Meteor Beam||[still]
|-prepare|p1b: Glimmora|Meteor Beam
|-boost|p1b: Glimmora|spa|1
|-enditem|p1b: Glimmora|Power Herb
|-anim|p1b: Glimmora|Meteor Beam|p2a: Corviknight
|-damage|p2a: Corviknight|0 fnt
|faint|p2a: Corviknight
|move|p2b: Primarina|Moonblast|p1b: Glimmora
|-damage|p1b: Glimmora|11/100
|
|upkeep
|turn|7
|
|t:|1757753635
|move|p1b: Glimmora|Earth Power|p2b: Primarina
|-supereffective|p2b: Primarina
|-damage|p2b: Primarina|9/100
|-unboost|p2b: Primarina|spd|1
|-enditem|p2b: Primarina|Sitrus Berry|[eat]
|-heal|p2b: Primarina|33/100|[from] item: Sitrus Berry
|move|p2b: Primarina|Moonblast|p1b: Glimmora
|-damage|p1b: Glimmora|0 fnt
|faint|p1b: Glimmora
|
|win|LetherOCE
|c|☆ScottyNZ|fuck
||ScottyNZ is ready for game 2.
|inactive|LetherOCE has 30 seconds to confirm battle start!
|c|☆LetherOCE|shit that was close
||LetherOCE is ready for game 2.
|uhtml|next|Next: Game 2 of 3
|j| arrascaxeira
|l| arrascaxeira
