|j|☆Olly457
|j|☆ChefHoe
|html|Olly457ChefHoe    
|uhtml|bestof|Game 1 of a best-of-3
|t:|1756757595
|gametype|doubles
|player|p1|Olly457|unknown|1080
|player|p2|ChefHoe|gambler|1000
|gen|9
|tier|[Gen 9] VGC 2025 Reg H (Bo3)
|rated|
|rule|Species Clause: Limit one of each Pokémon
|rule|Item Clause: Limit 1 of each item
|clearpoke
|poke|p1|Ursaluna, L50, F|
|poke|p1|Amoonguss, L50, M|
|poke|p1|Porygon2, L50|
|poke|p1|Incineroar, L50, F|
|poke|p1|Gholdengo, L50|
|poke|p1|Mienshao, L50, M|
|poke|p2|Politoed, L50, F|
|poke|p2|Kingdra, L50, F|
|poke|p2|Archaludon, L50, F|
|poke|p2|Sinistcha, L50|
|poke|p2|Incineroar, L50, M|
|poke|p2|Rillaboom, L50, F|
|teampreview|4
|showteam|p1|Ursaluna||FlameOrb|Guts|Protect,Facade,HeadlongRush,Substitute|||F|||50|,,,,,Ghost]Amoonguss||CovertCloak|Regenerator|RagePowder,ClearSmog,PollenPuff,Spore|||M|||50|,,,,,Electric]Porygon2||Eviolite|Download|Recover,TeraBlast,IceBeam,TrickRoom||||||50|,,,,,Fighting]Incineroar||AssaultVest|Intimidate|Uturn,FlareBlitz,KnockOff,FakeOut|||F|||50|,,,,,Grass]Gholdengo||LifeOrb|GoodasGold|Protect,MakeItRain,ShadowBall,NastyPlot||||||50|,,,,,Water]Mienshao||FocusSash|InnerFocus|CloseCombat,KnockOff,IceSpinner,WideGuard|||M|||50|,,,,,Stellar
|showteam|p2|Politoed||SitrusBerry|Drizzle|Protect,WeatherBall,IceBeam,Encore|||F|||50|,,,,,Grass]Kingdra||ScopeLens|SwiftSwim|Protect,DracoMeteor,Scald,MuddyWater|||F|||50|,,,,,Steel]Archaludon||PowerHerb|Sturdy|DragonPulse,FlashCannon,ElectroShot,DragonCheer|||F|||50|,,,,,Electric]Sinistcha||MentalHerb|Hospitality|MatchaGotcha,StrengthSap,RagePowder,TrickRoom||||||50|,,,,,Water]Incineroar||SafetyGoggles|Intimidate|PartingShot,KnockOff,FlareBlitz,FakeOut|||M|||50|,,,,,Ghost]Rillaboom||AssaultVest|GrassySurge|Uturn,DrumBeating,GrassyGlide,FakeOut|||F|||50|,,,,,Water
|inactive|Battle timer is ON: inactive players will automatically lose when time's up. (requested by ChefHoe)
|inactive|ChefHoe has 60 seconds left.
|inactive|ChefHoe has 30 seconds left.
|inactive|ChefHoe has 20 seconds left.
|inactive|ChefHoe has 15 seconds left.
|inactive|ChefHoe has 10 seconds left.
|
|t:|1756757695
|teamsize|p1|4
|teamsize|p2|4
|start
|switch|p1a: Gholdengo|Gholdengo, L50, shiny|100/100
|switch|p1b: Amoonguss|Amoonguss, L50, M, shiny|100/100
|switch|p2a: Incineroar|Incineroar, L50, M|100/100
|switch|p2b: Sinistcha|Sinistcha, L50|100/100
|-ability|p2a: Incineroar|Intimidate|boost
|-unboost|p1a: Gholdengo|atk|1
|-unboost|p1b: Amoonguss|atk|1
|turn|1
|inactive|ChefHoe has 30 seconds left.
|inactive|ChefHoe has 20 seconds left.
|
|t:|1756757734
|-terastallize|p1a: Gholdengo|Water
|move|p1a: Gholdengo|Nasty Plot|p1a: Gholdengo
|-boost|p1a: Gholdengo|spa|2
|move|p2b: Sinistcha|Matcha Gotcha|p1a: Gholdengo|[spread] p1a,p1b
|-supereffective|p1a: Gholdengo
|-resisted|p1b: Amoonguss
|-damage|p1a: Gholdengo|46/100
|-damage|p1b: Amoonguss|95/100
|move|p2a: Incineroar|Knock Off|p1a: Gholdengo
|-damage|p1a: Gholdengo|8/100
|-enditem|p1a: Gholdengo|Life Orb|[from] move: Knock Off|[of] p2a: Incineroar
|move|p1b: Amoonguss|Clear Smog|p2b: Sinistcha
|-damage|p2b: Sinistcha|86/100
|-clearboost|p2b: Sinistcha
|
|upkeep
|turn|2
|inactive|Olly457 has 30 seconds left.
|inactive|ChefHoe has 30 seconds left.
|inactive|Olly457 has 20 seconds left.
|inactive|Olly457 has 15 seconds left.
|inactive|Olly457 has 10 seconds left.
|inactive|Olly457 has 5 seconds left.
|
|t:|1756757787
|switch|p1b: Porygon2|Porygon2, L50, shiny|100/100
|-ability|p1b: Porygon2|Download|boost
|-boost|p1b: Porygon2|atk|1
|move|p1a: Gholdengo|Shadow Ball|p2b: Sinistcha
|-supereffective|p2b: Sinistcha
|-damage|p2b: Sinistcha|0 fnt
|faint|p2b: Sinistcha
|move|p2a: Incineroar|Knock Off|p1a: Gholdengo
|-damage|p1a: Gholdengo|0 fnt
|faint|p1a: Gholdengo
|
|upkeep
|
|t:|1756757804
|switch|p1a: Amoonguss|Amoonguss, L50, M, shiny|100/100
|switch|p2b: Archaludon|Archaludon, L50, F|100/100
|turn|3
|inactive|ChefHoe has 30 seconds left.
|inactive|ChefHoe has 20 seconds left.
|
|t:|1756757844
|move|p2b: Archaludon|Flash Cannon|p1a: Amoonguss
|-damage|p1a: Amoonguss|70/100
|move|p2a: Incineroar|Parting Shot|p1b: Porygon2
|-unboost|p1b: Porygon2|atk|1
|-unboost|p1b: Porygon2|spa|1
|
|t:|1756757851
|switch|p2a: Kingdra|Kingdra, L50, F|100/100|[from] Parting Shot
|move|p1a: Amoonguss|Spore|p2b: Archaludon
|-status|p2b: Archaludon|slp|[from] move: Spore
|move|p1b: Porygon2|Trick Room|p1b: Porygon2
|-fieldstart|move: Trick Room|[of] p1b: Porygon2
|
|upkeep
|turn|4
|
|t:|1756757870
|switch|p1b: Ursaluna|Ursaluna, L50, F, shiny|100/100
|move|p2a: Kingdra|Protect|p2a: Kingdra
|-singleturn|p2a: Kingdra|Protect
|move|p1a: Amoonguss|Spore|p2a: Kingdra
|-activate|p2a: Kingdra|move: Protect
|cant|p2b: Archaludon|slp
|
|-status|p1b: Ursaluna|brn|[from] item: Flame Orb
|upkeep
|turn|5
|inactive|Olly457 has 30 seconds left.
|
|t:|1756757901
|switch|p2a: Incineroar|Incineroar, L50, M|100/100
|-ability|p2a: Incineroar|Intimidate|boost
|-unboost|p1a: Amoonguss|atk|1
|-unboost|p1b: Ursaluna|atk|1
|move|p1b: Ursaluna|Facade|p2a: Incineroar
|-damage|p2a: Incineroar|22/100
|move|p1a: Amoonguss|Pollen Puff|p2b: Archaludon
|-resisted|p2b: Archaludon
|-damage|p2b: Archaludon|91/100 slp
|-curestatus|p2b: Archaludon|slp|[msg]
|move|p2b: Archaludon|Dragon Pulse|p1b: Ursaluna
|-damage|p1b: Ursaluna|70/100 brn
|
|-damage|p1b: Ursaluna|64/100 brn|[from] brn
|upkeep
|turn|6
|inactive|ChefHoe has 30 seconds left.
|inactive|ChefHoe has 20 seconds left.
|
|t:|1756757938
|move|p1b: Ursaluna|Protect|p1b: Ursaluna
|-singleturn|p1b: Ursaluna|Protect
|move|p2a: Incineroar|Fake Out|p1b: Ursaluna
|-activate|p1b: Ursaluna|move: Protect
|move|p1a: Amoonguss|Spore|p2b: Archaludon
|-status|p2b: Archaludon|slp|[from] move: Spore
|cant|p2b: Archaludon|slp
|
|-damage|p1b: Ursaluna|58/100 brn|[from] brn
|upkeep
|turn|7
|
|t:|1756757960
|switch|p2a: Kingdra|Kingdra, L50, F|100/100
|move|p1b: Ursaluna|Facade|p2a: Kingdra
|-damage|p2a: Kingdra|0 fnt
|faint|p2a: Kingdra
|move|p1a: Amoonguss|Pollen Puff|p2b: Archaludon
|-resisted|p2b: Archaludon
|-damage|p2b: Archaludon|81/100 slp
|cant|p2b: Archaludon|slp
|
|-damage|p1b: Ursaluna|52/100 brn|[from] brn
|-fieldend|move: Trick Room
|upkeep
|
|t:|1756757973
|switch|p2a: Incineroar|Incineroar, L50, M|22/100
|-ability|p2a: Incineroar|Intimidate|boost
|-unboost|p1a: Amoonguss|atk|1
|-unboost|p1b: Ursaluna|atk|1
|turn|8
|inactive|ChefHoe has 30 seconds left.
|inactive|ChefHoe has 20 seconds left.
|
|t:|1756758018
|switch|p1b: Porygon2|Porygon2, L50, shiny|100/100
|-ability|p1b: Porygon2|Download|boost
|-boost|p1b: Porygon2|spa|1
|-curestatus|p2b: Archaludon|slp|[msg]
|move|p2b: Archaludon|Electro Shot||[still]
|-prepare|p2b: Archaludon|Electro Shot
|-boost|p2b: Archaludon|spa|1
|-enditem|p2b: Archaludon|Power Herb
|-anim|p2b: Archaludon|Electro Shot|p1a: Amoonguss
|-resisted|p1a: Amoonguss
|-damage|p1a: Amoonguss|46/100
|move|p2a: Incineroar|Flare Blitz|p1a: Amoonguss
|-supereffective|p1a: Amoonguss
|-damage|p1a: Amoonguss|0 fnt
|faint|p1a: Amoonguss
|-damage|p2a: Incineroar|5/100|[from] Recoil
|
|upkeep
|
|t:|1756758030
|switch|p1a: Ursaluna|Ursaluna, L50, F, shiny|52/100 brn
|turn|9
|
|t:|1756758051
|move|p1a: Ursaluna|Protect|p1a: Ursaluna
|-singleturn|p1a: Ursaluna|Protect
|move|p2b: Archaludon|Dragon Pulse|p1b: Porygon2
|-damage|p1b: Porygon2|67/100
|move|p2a: Incineroar|Knock Off|p1b: Porygon2
|-damage|p1b: Porygon2|42/100
|-enditem|p1b: Porygon2|Eviolite|[from] move: Knock Off|[of] p2a: Incineroar
|move|p1b: Porygon2|Trick Room|p1b: Porygon2
|-fieldstart|move: Trick Room|[of] p1b: Porygon2
|
|-damage|p1a: Ursaluna|46/100 brn|[from] brn
|upkeep
|turn|10
|
|t:|1756758074
|move|p1a: Ursaluna|Headlong Rush|p2b: Archaludon
|-supereffective|p2b: Archaludon
|-damage|p2b: Archaludon|0 fnt
|-unboost|p1a: Ursaluna|def|1
|-unboost|p1a: Ursaluna|spd|1
|faint|p2b: Archaludon
|move|p1b: Porygon2|Ice Beam|p2a: Incineroar
|-resisted|p2a: Incineroar
|-damage|p2a: Incineroar|0 fnt
|faint|p2a: Incineroar
|
|win|Olly457
||Olly457 is ready for game 2.
||ChefHoe is ready for game 2.
|uhtml|next|Next: Game 2 of 3
|l|☆ChefHoe
|player|p2|
