|j|☆FERA kApset
|j|☆DAVID867
|html|FERA kApsetDAVID867    
|uhtml|bestof|Game 1 of a best-of-3
|t:|1783192465
|gametype|doubles
|player|p1|FERA kApset|byron|
|player|p2|DAVID867|102|
|gen|9
|tier|[Gen 9 Champions] VGC 2026 Reg M-B (Bo3)
|rule|Species Clause: Limit one of each Pokémon
|rule|Item Clause: Limit 1 of each item
|clearpoke
|poke|p1|Greninja, L50, M|
|poke|p1|Sylveon, L50, M|
|poke|p1|Froslass, L50, F|
|poke|p1|Incineroar, L50, M|
|poke|p1|Mamoswine, L50, F|
|poke|p1|Whimsicott, L50, F|
|poke|p2|Sylveon, L50, F|
|poke|p2|Aerodactyl, L50, M|
|poke|p2|Incineroar, L50, M|
|poke|p2|Chimecho, L50, F|
|poke|p2|Milotic, L50, F|
|poke|p2|Kommo-o, L50, F|
|teampreview|4
|showteam|p1|Greninja||ChoiceScarf|Protean|DarkPulse,Uturn,Surf,IcyWind|Modest||M|||50|]Sylveon||FairyFeather|CuteCharm|HyperBeam,HyperVoice,CalmMind,Protect|Modest||M|||50|]Froslass||Froslassite|CursedBody|Blizzard,ShadowBall,AuroraVeil,NastyPlot|Modest||F|||50|]Incineroar||SitrusBerry|Intimidate|FlareBlitz,ThroatChop,FakeOut,PartingShot|Impish||M|||50|]Mamoswine||LifeOrb|Oblivious|Earthquake,IcicleCrash,IceShard,Protect|Adamant||F|||50|]Whimsicott||FocusSash|Prankster|Moonblast,Tailwind,Encore,Taunt|Modest||F|||50|
|showteam|p2|Sylveon||FairyFeather|Pixilate|HyperBeam,HyperVoice,CalmMind,Protect|Bold||F|||50|]Aerodactyl||Aerodactylite|Unnerve|RockSlide,DualWingbeat,Tailwind,Protect|Jolly||M|||50|]Incineroar||ChopleBerry|Intimidate|FlareBlitz,Taunt,FakeOut,PartingShot|Impish||M|||50|]Chimecho||Chimechite|Levitate|Psychic,FlashCannon,CalmMind,Protect|Modest||F|||50|]Milotic||SitrusBerry|Competitive|Scald,IcyWind,Coil,Recover|Calm||F|||50|]Kommo-o||Leftovers|Soundproof|ClangingScales,AuraSphere,ClangorousSoul,Protect|Modest||F|||50|
|inactive|Battle timer is ON: inactive players will automatically lose when time's up. (requested by FERA kApset)
|inactive|FERA kApset has 60 seconds left.
|inactive|DAVID867 has 60 seconds left.
|inactive|DAVID867 has 30 seconds left.
|
|t:|1783192532
|teamsize|p1|4
|teamsize|p2|4
|start
|switch|p1a: Greninja|Greninja, L50, M|100/100
|switch|p1b: Whimsicott|Whimsicott, L50, F|100/100
|switch|p2a: Chimecho|Chimecho, L50, F|100/100
|switch|p2b: Milotic|Milotic, L50, F|100/100
|turn|1
|inactive|FERA kApset has 30 seconds left.
|inactive|DAVID867 has 30 seconds left.
|
|t:|1783192557
|switch|p2a: Sylveon|Sylveon, L50, F|100/100
|move|p1b: Whimsicott|Tailwind|p1b: Whimsicott
|-sidestart|p1: FERA kApset|move: Tailwind
|move|p1a: Greninja|U-turn|p2b: Milotic
|-start|p1a: Greninja|typechange|Bug|[from] ability: Protean
|-damage|p2b: Milotic|78/100
|
|t:|1783192567
|switch|p1a: Froslass|Froslass, L50, F|100/100|[from] U-turn
|move|p2b: Milotic|Icy Wind|p1b: Whimsicott|[spread] p1a,p1b
|-resisted|p1a: Froslass|1
|-supereffective|p1b: Whimsicott|1
|-damage|p1a: Froslass|92/100
|-damage|p1b: Whimsicott|67/100
|-unboost|p1a: Froslass|spe|1
|-unboost|p1b: Whimsicott|spe|1
|
|upkeep
|turn|2
|inactive|FERA kApset has 30 seconds left.
|
|t:|1783192593
|detailschange|p1a: Froslass|Froslass-Mega, L50, F
|-mega|p1a: Froslass|Froslass|Froslassite
|-weather|Snowscape|[from] ability: Snow Warning|[of] p1a: Froslass
|move|p1b: Whimsicott|Taunt|p2b: Milotic
|-start|p2b: Milotic|move: Taunt
|move|p1a: Froslass|Aurora Veil|p1a: Froslass
|-sidestart|p1: FERA kApset|move: Aurora Veil
|move|p2b: Milotic|Icy Wind|p1b: Whimsicott|[spread] p1a,p1b
|-resisted|p1a: Froslass|1
|-supereffective|p1b: Whimsicott|1
|-damage|p1a: Froslass|90/100
|-damage|p1b: Whimsicott|46/100
|-unboost|p1a: Froslass|spe|1
|-unboost|p1b: Whimsicott|spe|1
|move|p2a: Sylveon|Hyper Beam|p1a: Froslass
|-damage|p1a: Froslass|37/100
|-mustrecharge|p2a: Sylveon
|
|-weather|Snowscape|[upkeep]
|upkeep
|turn|3
|inactive|FERA kApset has 30 seconds left.
|
|t:|1783192626
|move|p1b: Whimsicott|Moonblast|p2b: Milotic
|-damage|p2b: Milotic|56/100
|move|p1a: Froslass|Nasty Plot|p1a: Froslass
|-boost|p1a: Froslass|spa|2
|move|p2b: Milotic|Icy Wind|p1a: Froslass|[spread] p1a,p1b
|-resisted|p1a: Froslass|1
|-supereffective|p1b: Whimsicott|1
|-damage|p1a: Froslass|33/100
|-damage|p1b: Whimsicott|26/100
|-unboost|p1a: Froslass|spe|1
|-unboost|p1b: Whimsicott|spe|1
|cant|p2a: Sylveon|recharge
|
|-weather|Snowscape|[upkeep]
|upkeep
|turn|4
|inactive|FERA kApset has 30 seconds left.
|inactive|DAVID867 has 30 seconds left.
|
|t:|1783192655
|switch|p1b: Incineroar|Incineroar, L50, M|100/100
|-ability|p1b: Incineroar|Intimidate|boost
|-unboost|p2a: Sylveon|atk|1
|-unboost|p2b: Milotic|atk|1
|-ability|p2b: Milotic|Competitive|boost
|-boost|p2b: Milotic|spa|2
|move|p1a: Froslass|Shadow Ball|p2b: Milotic
|-damage|p2b: Milotic|9/100
|-enditem|p2b: Milotic|Sitrus Berry|[eat]
|-heal|p2b: Milotic|34/100|[from] item: Sitrus Berry
|move|p2b: Milotic|Icy Wind|p1b: Incineroar|[spread] p1a,p1b
|-resisted|p1a: Froslass|1
|-resisted|p1b: Incineroar|1
|-damage|p1a: Froslass|26/100
|-damage|p1b: Incineroar|94/100
|-unboost|p1a: Froslass|spe|1
|-unboost|p1b: Incineroar|spe|1
|move|p2a: Sylveon|Hyper Voice|p1a: Froslass|[spread] p1a,p1b
|-damage|p1a: Froslass|1/100
|-damage|p1b: Incineroar|72/100
|
|-weather|Snowscape|[upkeep]
|-end|p2b: Milotic|move: Taunt
|-sideend|p1: FERA kApset|move: Tailwind
|upkeep
|turn|5
|inactive|FERA kApset has 30 seconds left.
|inactive|FERA kApset has 20 seconds left.
|
|t:|1783192695
|switch|p1a: Whimsicott|Whimsicott, L50, F|26/100
|move|p1b: Incineroar|Fake Out|p2b: Milotic
|-damage|p2b: Milotic|23/100
|cant|p2b: Milotic|flinch
|move|p2a: Sylveon|Hyper Voice|p1b: Incineroar|[spread] p1a,p1b
|-damage|p1a: Whimsicott|0 fnt
|-damage|p1b: Incineroar|50/100y
|-enditem|p1b: Incineroar|Sitrus Berry|[eat]
|-heal|p1b: Incineroar|75/100|[from] item: Sitrus Berry
|faint|p1a: Whimsicott
|
|-weather|Snowscape|[upkeep]
|upkeep
|
|t:|1783192709
|switch|p1a: Froslass|Froslass-Mega, L50, F|1/100
|turn|6
|
|t:|1783192730
|move|p1a: Froslass|Shadow Ball|p2b: Milotic
|-damage|p2b: Milotic|0 fnt
|faint|p2b: Milotic
|move|p2a: Sylveon|Hyper Voice|p1a: Froslass|[spread] p1a,p1b
|-damage|p1a: Froslass|0 fnt
|-damage|p1b: Incineroar|53/100
|faint|p1a: Froslass
|move|p1b: Incineroar|Throat Chop|p2a: Sylveon
|-resisted|p2a: Sylveon|1
|-damage|p2a: Sylveon|87/100
|-start|p2a: Sylveon|Throat Chop|[silent]
|
|-weather|none
|-sideend|p1: FERA kApset|move: Aurora Veil
|upkeep
|
|t:|1783192743
|switch|p1a: Greninja|Greninja, L50, M|100/100
|switch|p2b: Chimecho|Chimecho, L50, F|100/100
|turn|7
|
|t:|1783192762
|detailschange|p2b: Chimecho|Chimecho-Mega, L50, F
|-mega|p2b: Chimecho|Chimecho|Chimechite
|move|p2b: Chimecho|Protect|p2b: Chimecho
|-singleturn|p2b: Chimecho|Protect
|move|p2a: Sylveon|Protect|p2a: Sylveon
|-singleturn|p2a: Sylveon|Protect
|move|p1a: Greninja|Dark Pulse|p2b: Chimecho
|-start|p1a: Greninja|typechange|Dark|[from] ability: Protean
|-activate|p2b: Chimecho|move: Protect
|move|p1b: Incineroar|Flare Blitz|p2a: Sylveon
|-activate|p2a: Sylveon|move: Protect
|
|-end|p2a: Sylveon|Throat Chop|[silent]
|upkeep
|turn|8
|
|t:|1783192787
|move|p1a: Greninja|Dark Pulse|p2b: Chimecho
|-supereffective|p2b: Chimecho|1
|-damage|p2b: Chimecho|21/100
|move|p2b: Chimecho|Flash Cannon|p1b: Incineroar
|-resisted|p1b: Incineroar|1
|-damage|p1b: Incineroar|34/100
|move|p2a: Sylveon|Hyper Voice|p1a: Greninja|[spread] p1a,p1b
|-supereffective|p1a: Greninja|1
|-damage|p1a: Greninja|0 fnt
|-damage|p1b: Incineroar|2/100
|faint|p1a: Greninja
|move|p1b: Incineroar|Flare Blitz|p2a: Sylveon
|-damage|p2a: Sylveon|45/100
|-damage|p1b: Incineroar|0 fnt|[from] Recoil
|faint|p1b: Incineroar
|
|win|DAVID867
