|j|☆Bergmann VGC
|j|☆ScaleMiss
|html|Bergmann VGCScaleMiss    
|uhtml|bestof|Game 1 of a best-of-3
|t:|1756667088
|gametype|doubles
|player|p1|Bergmann VGC|volkner|1329
|player|p2|ScaleMiss|harmony|1317
|gen|9
|tier|[Gen 9] VGC 2025 Reg H (Bo3)
|rated|
|rule|Species Clause: Limit one of each Pokémon
|rule|Item Clause: Limit 1 of each item
|clearpoke
|poke|p1|Charizard, L50, M|
|poke|p1|Torkoal, L50, F|
|poke|p1|Porygon2, L50|
|poke|p1|Incineroar, L50, M|
|poke|p1|Jumpluff, L50, F|
|poke|p1|Ursaluna, L50, M|
|poke|p2|Volcarona, L50, F|
|poke|p2|Rillaboom, L50, F|
|poke|p2|Gholdengo, L50|
|poke|p2|Sneasler, L50, M|
|poke|p2|Primarina, L50, M|
|poke|p2|Sinistcha-Masterpiece, L50|
|teampreview|4
|showteam|p1|Charizard||ChoiceSpecs|SolarPower|HeatWave,Overheat,WeatherBall,AirSlash|||M|||50|,,,,,Ghost]Torkoal||EjectPack|Drought|Eruption,Overheat,HelpingHand,Protect|||F|||50|,,,,,Fire]Porygon2||Eviolite|Download|TeraBlast,IceBeam,Recover,TrickRoom||||||50|,,,,,Fighting]Incineroar||SafetyGoggles|Intimidate|FlareBlitz,KnockOff,FakeOut,PartingShot|||M|||50|,,,,,Ghost]Jumpluff||CovertCloak|Chlorophyll|SleepPowder,SunnyDay,RagePowder,Tailwind|||F|||50|,,,,,Water]Ursaluna||FlameOrb|Guts|HeadlongRush,Facade,Earthquake,Protect|||M|||50|,,,,,Ghost
|showteam|p2|Volcarona||CovertCloak|FlameBody|QuiverDance,HeatWave,TeraBlast,Protect|||F|||50|,,,,,Fairy]Rillaboom||AssaultVest|GrassySurge|Uturn,WoodHammer,GrassyGlide,FakeOut|||F|||50|,,,,,Fire]Gholdengo||MetalCoat|GoodasGold|MakeItRain,ShadowBall,NastyPlot,Protect||||||50|,,,,,Dragon]Sneasler||FocusSash|Unburden|DireClaw,CloseCombat,FakeOut,Protect|||M|||50|,,,,,Stellar]Primarina||SitrusBerry|LiquidVoice|HyperVoice,Moonblast,Haze,Protect|||M|||50|,,,,,Poison]Sinistcha-Masterpiece||RockyHelmet|Hospitality|MatchaGotcha,RagePowder,TrickRoom,Imprison||||||50|,,,,,Dark
|inactive|Battle timer is ON: inactive players will automatically lose when time's up. (requested by ScaleMiss)
|
|t:|1756667105
|teamsize|p1|4
|teamsize|p2|4
|start
|switch|p1a: Shōnagon|Jumpluff, L50, F|100/100
|switch|p1b: Musashi|Incineroar, L50, M|100/100
|switch|p2a: Gholdengo|Gholdengo, L50|100/100
|switch|p2b: Sneasler|Sneasler, L50, M|100/100
|-ability|p1b: Musashi|Intimidate|boost
|-unboost|p2a: Gholdengo|atk|1
|-unboost|p2b: Sneasler|atk|1
|turn|1
|inactive|Bergmann VGC has 30 seconds left.
|inactive|Bergmann VGC has 20 seconds left.
|
|t:|1756667141
|move|p2b: Sneasler|Fake Out|p1b: Musashi
|-damage|p1b: Musashi|92/100
|move|p1a: Shōnagon|Sunny Day|p1a: Shōnagon
|-weather|SunnyDay
|move|p2a: Gholdengo|Nasty Plot|p2a: Gholdengo
|-boost|p2a: Gholdengo|spa|2
|cant|p1b: Musashi|flinch
|
|-weather|SunnyDay|[upkeep]
|upkeep
|turn|2
|inactive|ScaleMiss has 30 seconds left.
|
|t:|1756667172
|switch|p2b: Rillaboom|Rillaboom, L50, F, shiny|100/100
|-fieldstart|move: Grassy Terrain|[from] ability: Grassy Surge|[of] p2b: Rillaboom
|-terastallize|p2a: Gholdengo|Dragon
|move|p1a: Shōnagon|Sleep Powder|p2b: Rillaboom
|-immune|p2b: Rillaboom
|move|p2a: Gholdengo|Make It Rain|p1b: Musashi|[spread] p1a,p1b
|-resisted|p1b: Musashi
|-damage|p1a: Shōnagon|0 fnt
|-damage|p1b: Musashi|39/100
|-unboost|p2a: Gholdengo|spa|1
|faint|p1a: Shōnagon
|move|p1b: Musashi|Parting Shot|p2b: Rillaboom
|-unboost|p2b: Rillaboom|atk|1
|-unboost|p2b: Rillaboom|spa|1
|
|t:|1756667193
|switch|p1b: Koshamain|Ursaluna, L50, M|100/100|[from] Parting Shot
|
|-weather|SunnyDay|[upkeep]
|-status|p1b: Koshamain|brn|[from] item: Flame Orb
|upkeep
|
|t:|1756667199
|switch|p1a: Musashi|Incineroar, L50, M|39/100
|-ability|p1a: Musashi|Intimidate|boost
|-unboost|p2a: Gholdengo|atk|1
|-unboost|p2b: Rillaboom|atk|1
|turn|3
|
|t:|1756667212
|switch|p2b: Sinistcha|Sinistcha-Masterpiece, L50|100/100
|move|p2a: Gholdengo|Protect|p2a: Gholdengo
|-singleturn|p2a: Gholdengo|Protect
|move|p1a: Musashi|Fake Out|p2b: Sinistcha
|-immune|p2b: Sinistcha
|move|p1b: Koshamain|Facade|p2a: Gholdengo
|-activate|p2a: Gholdengo|move: Protect
|
|-weather|SunnyDay|[upkeep]
|-heal|p1a: Musashi|45/100|[from] Grassy Terrain
|-damage|p1b: Koshamain|95/100 brn|[from] brn
|upkeep
|turn|4
|
|t:|1756667228
|move|p2a: Gholdengo|Make It Rain|p1b: Koshamain|[spread] p1a,p1b
|-resisted|p1a: Musashi
|-crit|p1a: Musashi
|-damage|p1a: Musashi|0 fnt
|-damage|p1b: Koshamain|21/100 brn
|-unboost|p2a: Gholdengo|spa|1
|faint|p1a: Musashi
|move|p2b: Sinistcha|Matcha Gotcha|p1b: Koshamain|[miss]
|-miss|p2b: Sinistcha|p1b: Koshamain
|move|p1b: Koshamain|Facade|p2a: Gholdengo
|-damage|p2a: Gholdengo|0 fnt
|faint|p2a: Gholdengo
|
|-weather|SunnyDay|[upkeep]
|-heal|p1b: Koshamain|27/100 brn|[from] Grassy Terrain
|-damage|p1b: Koshamain|21/100 brn|[from] brn
|upkeep
|
|t:|1756667240
|switch|p2a: Sneasler|Sneasler, L50, M|100/100
|switch|p1a: Kenshin|Charizard, L50, M, shiny|100/100
|turn|5
|
|t:|1756667257
|switch|p2b: Rillaboom|Rillaboom, L50, F, shiny|100/100
|-terastallize|p1a: Kenshin|Ghost
|move|p2a: Sneasler|Protect|p2a: Sneasler
|-singleturn|p2a: Sneasler|Protect
|move|p1a: Kenshin|Heat Wave|p2a: Sneasler|[spread] p2b
|-activate|p2a: Sneasler|move: Protect
|-supereffective|p2b: Rillaboom
|-damage|p2b: Rillaboom|0 fnt
|faint|p2b: Rillaboom
|move|p1b: Koshamain|Facade|p2a: Sneasler
|-activate|p2a: Sneasler|move: Protect
|
|-weather|none
|-heal|p1b: Koshamain|27/100 brn|[from] Grassy Terrain
|-damage|p1b: Koshamain|21/100 brn|[from] brn
|upkeep
|
|t:|1756667269
|switch|p2b: Sinistcha|Sinistcha-Masterpiece, L50|100/100
|turn|6
|
|t:|1756667287
|move|p2a: Sneasler|Dire Claw|p1a: Kenshin
|-resisted|p1a: Kenshin
|-damage|p1a: Kenshin|73/100
|move|p1a: Kenshin|Heat Wave|p2a: Sneasler|[spread] p2a,p2b
|-supereffective|p2b: Sinistcha
|-damage|p2a: Sneasler|29/100
|-damage|p2b: Sinistcha|9/100
|-status|p2a: Sneasler|brn
|move|p2b: Sinistcha|Matcha Gotcha|p1b: Koshamain|[spread] p1a,p1b
|-supereffective|p1b: Koshamain
|-damage|p1a: Kenshin|32/100
|-heal|p2b: Sinistcha|27/100|[from] drain|[of] p1a: Kenshin
|-damage|p1b: Koshamain|0 fnt
|-heal|p2b: Sinistcha|40/100|[from] drain|[of] p1b: Koshamain
|faint|p1b: Koshamain
|
|-heal|p2a: Sneasler|34/100 brn|[from] Grassy Terrain
|-heal|p1a: Kenshin|38/100|[from] Grassy Terrain
|-heal|p2b: Sinistcha|47/100|[from] Grassy Terrain
|-damage|p2a: Sneasler|29/100 brn|[from] brn
|-fieldend|move: Grassy Terrain
|upkeep
|turn|7
|
|t:|1756667305
|move|p2a: Sneasler|Dire Claw|p1a: Kenshin
|-resisted|p1a: Kenshin
|-damage|p1a: Kenshin|23/100
|-status|p1a: Kenshin|slp
|cant|p1a: Kenshin|slp
|move|p2b: Sinistcha|Matcha Gotcha|p1a: Kenshin
|-damage|p1a: Kenshin|0 fnt
|-heal|p2b: Sinistcha|57/100|[from] drain|[of] p1a: Kenshin
|faint|p1a: Kenshin
|
|win|ScaleMiss
