|j|☆Olciax34
|j|☆sacrybeppe
|html|Olciax34sacrybeppe    
|uhtml|bestof|Game 2 of a best-of-3
|t:|1783631558
|gametype|doubles
|player|p1|Olciax34|clair|1215
|player|p2|sacrybeppe|clown|1262
|gen|9
|tier|[Gen 9 Champions] VGC 2026 Reg M-B (Bo3)
|rated|
|rule|Species Clause: Limit one of each Pokémon
|rule|Item Clause: Limit 1 of each item
|clearpoke
|poke|p1|Ceruledge, L50, F|
|poke|p1|Milotic, L50, F|
|poke|p1|Sinistcha, L50|
|poke|p1|Raichu, L50, F|
|poke|p1|Incineroar, L50, M|
|poke|p1|Floette-Eternal, L50, F|
|poke|p2|Ceruledge, L50, M|
|poke|p2|Floette-Eternal, L50, F|
|poke|p2|Kingambit, L50, M|
|poke|p2|Garchomp, L50, F|
|poke|p2|Whimsicott, L50, M|
|poke|p2|Grimmsnarl, L50, M|
|teampreview|4
|showteam|p1|Ceruledge||ColburBerry|FlashFire|ShadowSneak,BitterBlade,BulkUp,Protect|Adamant||F|||50|]Milotic||Leftovers|Competitive|MuddyWater,Coil,Hypnosis,Protect|Bold||F|||50|]Sinistcha||KasibBerry|Hospitality|MatchaGotcha,LifeDew,RagePowder,StrengthSap|Calm|||||50|]Raichu||RaichuniteY|LightningRod|FakeOut,ZapCannon,FocusBlast,Protect|Modest||F|||50|]Incineroar||SitrusBerry|Intimidate|FakeOut,ThroatChop,FlareBlitz,PartingShot|Careful||M|||50|]Floette-Eternal||Floettite|FlowerVeil|DazzlingGleam,DrainingKiss,Moonblast,Protect|Modest||F|||50|
|showteam|p2|Ceruledge||ColburBerry|FlashFire|BitterBlade,ShadowSneak,BulkUp,Protect|Adamant||M|||50|]Floette-Eternal||Floettite|FlowerVeil|Moonblast,DazzlingGleam,LightofRuin,Protect|Modest||F|||50|]Kingambit||BlackGlasses|Defiant|KowtowCleave,SuckerPunch,IronHead,Protect|Adamant||M|||50|]Garchomp||LifeOrb|RoughSkin|DragonClaw,Earthquake,RockSlide,Protect|Jolly||F|||50|]Whimsicott||FocusSash|Prankster|Moonblast,EnergyBall,Tailwind,Encore|Timid||M|||50|]Grimmsnarl||LightClay|Prankster|LightScreen,Reflect,FoulPlay,PartingShot|Calm||M|||50|
|inactive|Battle timer is ON: inactive players will automatically lose when time's up. (requested by Olciax34)
|inactive|sacrybeppe has 60 seconds left.
|
|t:|1783631597
|teamsize|p1|4
|teamsize|p2|4
|start
|switch|p1a: Raichu|Raichu, L50, F|100/100
|switch|p1b: Incineroar|Incineroar, L50, M|100/100
|switch|p2a: Kingambit|Kingambit, L50, M|100/100
|switch|p2b: Grimmsnarl|Grimmsnarl, L50, M|100/100
|-ability|p1b: Incineroar|Intimidate|boost
|-unboost|p2a: Kingambit|atk|1
|-ability|p2a: Kingambit|Defiant|boost
|-boost|p2a: Kingambit|atk|2
|-unboost|p2b: Grimmsnarl|atk|1
|turn|1
|
|t:|1783631619
|detailschange|p1a: Raichu|Raichu-Mega-Y, L50, F
|-mega|p1a: Raichu|Raichu|Raichunite Y
|move|p2a: Kingambit|Protect|p2a: Kingambit
|-singleturn|p2a: Kingambit|Protect
|move|p1b: Incineroar|Fake Out|p2a: Kingambit
|-activate|p2a: Kingambit|move: Protect
|move|p2b: Grimmsnarl|Light Screen|p2b: Grimmsnarl
|-sidestart|p2: sacrybeppe|move: Light Screen
|move|p1a: Raichu|Zap Cannon|p2b: Grimmsnarl
|-damage|p2b: Grimmsnarl|53/100
|-status|p2b: Grimmsnarl|par
|
|upkeep
|turn|2
|
|t:|1783631633
|move|p1a: Raichu|Protect|p1a: Raichu
|-singleturn|p1a: Raichu|Protect
|move|p2a: Kingambit|Sucker Punch||[still]
|-fail|p2a: Kingambit
|move|p2b: Grimmsnarl|Reflect|p2b: Grimmsnarl
|-sidestart|p2: sacrybeppe|Reflect
|move|p1b: Incineroar|Flare Blitz|p2a: Kingambit
|-supereffective|p2a: Kingambit|1
|-damage|p2a: Kingambit|48/100
|-damage|p1b: Incineroar|83/100|[from] Recoil
|
|upkeep
|turn|3
|
|t:|1783631650
|switch|p1a: Ceruledge|Ceruledge, L50, F|100/100
|move|p2a: Kingambit|Protect|p2a: Kingambit
|-singleturn|p2a: Kingambit|Protect
|move|p2b: Grimmsnarl|Parting Shot|p1a: Ceruledge
|-unboost|p1a: Ceruledge|atk|1
|-unboost|p1a: Ceruledge|spa|1
|
|t:|1783631654
|switch|p2b: Garchomp|Garchomp, L50, F|100/100|[from] Parting Shot
|move|p1b: Incineroar|Flare Blitz|p2a: Kingambit
|-activate|p2a: Kingambit|move: Protect
|
|upkeep
|turn|4
|inactive|Olciax34 has 30 seconds left.
|
|t:|1783631681
|switch|p2a: Grimmsnarl|Grimmsnarl, L50, M|53/100 par
|move|p2b: Garchomp|Earthquake|p1b: Incineroar|[spread] p2a,p1a,p1b
|-supereffective|p1a: Ceruledge|1
|-supereffective|p1b: Incineroar|1
|-damage|p2a: Grimmsnarl|20/100y par
|-damage|p1a: Ceruledge|0 fnt
|-damage|p1b: Incineroar|0 fnt
|faint|p1a: Ceruledge
|faint|p1b: Incineroar
|-damage|p2b: Garchomp|90/100|[from] item: Life Orb
|
|upkeep
|
|t:|1783631690
|switch|p1a: Raichu|Raichu-Mega-Y, L50, F|100/100
|switch|p1b: Milotic|Milotic, L50, F|100/100
|turn|5
|
|t:|1783631702
|move|p2b: Garchomp|Protect|p2b: Garchomp
|-singleturn|p2b: Garchomp|Protect
|move|p1a: Raichu|Fake Out|p2b: Garchomp
|-activate|p2b: Garchomp|move: Protect
|move|p2a: Grimmsnarl|Parting Shot|p1b: Milotic
|-unboost|p1b: Milotic|atk|1
|-ability|p1b: Milotic|Competitive|boost
|-boost|p1b: Milotic|spa|2
|-unboost|p1b: Milotic|spa|1
|-ability|p1b: Milotic|Competitive|boost
|-boost|p1b: Milotic|spa|2
|
|t:|1783631704
|switch|p2a: Kingambit|Kingambit, L50, M|48/100|[from] Parting Shot
|move|p1b: Milotic|Coil|p1b: Milotic
|-boost|p1b: Milotic|atk|1
|-boost|p1b: Milotic|def|1
|-boost|p1b: Milotic|accuracy|1
|
|upkeep
|turn|6
|
|t:|1783631721
|switch|p2b: Grimmsnarl|Grimmsnarl, L50, M|20/100y par
|move|p1a: Raichu|Protect|p1a: Raichu
|-singleturn|p1a: Raichu|Protect
|move|p1b: Milotic|Muddy Water|p2b: Grimmsnarl|[spread] p2a,p2b
|-damage|p2a: Kingambit|10/100
|-damage|p2b: Grimmsnarl|0 fnt
|faint|p2b: Grimmsnarl
|move|p2a: Kingambit|Kowtow Cleave|p1b: Milotic
|-damage|p1b: Milotic|65/100
|
|-heal|p1b: Milotic|71/100|[from] item: Leftovers
|upkeep
|
|t:|1783631725
|switch|p2b: Garchomp|Garchomp, L50, F|90/100
|turn|7
|
|t:|1783631737
|move|p2a: Kingambit|Sucker Punch|p1b: Milotic
|-damage|p1b: Milotic|44/100
|move|p1a: Raichu|Focus Blast|p2b: Garchomp
|-damage|p2b: Garchomp|50/100g
|move|p2b: Garchomp|Earthquake|p1a: Raichu|[spread] p2a,p1a,p1b
|-supereffective|p2a: Kingambit|1
|-supereffective|p1a: Raichu|1
|-damage|p2a: Kingambit|0 fnt
|-damage|p1a: Raichu|0 fnt
|-damage|p1b: Milotic|18/100
|faint|p2a: Kingambit
|faint|p1a: Raichu
|-damage|p2b: Garchomp|40/100|[from] item: Life Orb
|move|p1b: Milotic|Muddy Water|p2b: Garchomp
|-damage|p2b: Garchomp|0 fnt
|faint|p2b: Garchomp
|
|-heal|p1b: Milotic|24/100|[from] item: Leftovers
|upkeep
|
|t:|1783631748
|switch|p2b: Floette|Floette-Eternal, L50, F|100/100
|turn|8
|
|t:|1783631755
|detailschange|p2b: Floette|Floette-Mega, L50, F
|-mega|p2b: Floette|Floette|Floettite
|-ability|p2b: Floette|Fairy Aura
|move|p2b: Floette|Moonblast|p1b: Milotic
|-damage|p1b: Milotic|0 fnt
|faint|p1b: Milotic
|
|win|sacrybeppe
||Olciax34 is ready for game 3.
||sacrybeppe is ready for game 3.
|uhtml|next|Next: Game 3 of 3
|l|☆sacrybeppe
|player|p2|
