|j|☆Pokeman2010ash
|j|☆1TarsierFan
|html|Pokeman2010ash1TarsierFan    
|uhtml|bestof|Game 1 of a best-of-3
|t:|1782234671
|gametype|doubles
|player|p1|Pokeman2010ash|lucas|1151
|player|p2|1TarsierFan|102|1213
|gen|9
|tier|[Gen 9 Champions] VGC 2026 Reg M-B (Bo3)
|rated|
|rule|Species Clause: Limit one of each Pokémon
|rule|Item Clause: Limit 1 of each item
|clearpoke
|poke|p1|Pelipper, L50, F|
|poke|p1|Swampert, L50, M|
|poke|p1|Archaludon, L50, M, shiny|
|poke|p1|Staraptor, L50, M, shiny|
|poke|p1|Grimmsnarl, L50, M, shiny|
|poke|p1|Sinistcha-Masterpiece, L50|
|poke|p2|Charizard, L50, F|
|poke|p2|Floette-Eternal, L50, F|
|poke|p2|Whimsicott, L50, F|
|poke|p2|Garchomp, L50, F|
|poke|p2|Basculegion, L50, M|
|poke|p2|Kingambit, L50, F|
|teampreview|4
|showteam|p1|Pelipper||SitrusBerry|Drizzle|WideGuard,Tailwind,WeatherBall,Hurricane|Modest||F|||50|]Swampert||Swampertite|Torrent|Earthquake,WaveCrash,FlipTurn,Protect|Jolly||M|||50|]Archaludon||Leftovers|Stamina|ElectroShot,DragonPulse,FlashCannon,Protect|Calm||M|||50|]Staraptor||Staraptite|Intimidate|CloseCombat,BraveBird,Protect,Roost|Jolly||M|||50|]Grimmsnarl||LightClay|Prankster|Reflect,LightScreen,PartingShot,SpiritBreak|Adamant||M|||50|]Sinistcha-Masterpiece||KasibBerry|Hospitality|MatchaGotcha,LifeDew,RagePowder,Protect|Modest|||||50|
|showteam|p2|Charizard||CharizarditeY|Blaze|WeatherBall,HeatWave,SolarBeam,Protect|Modest||F|||50|]Floette-Eternal||Floettite|FlowerVeil|LightofRuin,DazzlingGleam,Moonblast,Protect|Modest||F|||50|]Whimsicott||FocusSash|Prankster|Tailwind,Moonblast,Encore,Protect|Timid||F|||50|]Garchomp||LifeOrb|RoughSkin|DragonClaw,Earthquake,RockSlide,Protect|Jolly||F|||50|]Basculegion||MysticWater|Adaptability|WaveCrash,AquaJet,LastRespects,Protect|Adamant||M|||50|]Kingambit||BlackGlasses|Defiant|KowtowCleave,SuckerPunch,IronHead,Protect|Adamant||F|||50|
|
|t:|1782234698
|teamsize|p1|4
|teamsize|p2|4
|start
|switch|p1a: Swampert|Swampert, L50, M|100/100
|switch|p1b: Grimmsnarl|Grimmsnarl, L50, M, shiny|100/100
|switch|p2a: Whimsicott|Whimsicott, L50, F|100/100
|switch|p2b: Floette|Floette-Eternal, L50, F|100/100
|turn|1
|inactive|Battle timer is ON: inactive players will automatically lose when time's up. (requested by Pokeman2010ash)
|inactive|Pokeman2010ash has 60 seconds left.
|
|t:|1782234739
|detailschange|p2b: Floette|Floette-Mega, L50, F
|-mega|p2b: Floette|Floette|Floettite
|-ability|p2b: Floette|Fairy Aura
|detailschange|p1a: Swampert|Swampert-Mega, L50, M
|-mega|p1a: Swampert|Swampert|Swampertite
|move|p2b: Floette|Protect|p2b: Floette
|-singleturn|p2b: Floette|Protect
|move|p2a: Whimsicott|Tailwind|p2a: Whimsicott
|-sidestart|p2: 1TarsierFan|move: Tailwind
|move|p1b: Grimmsnarl|Parting Shot|p2b: Floette
|-activate|p2b: Floette|move: Protect
|move|p1a: Swampert|Wave Crash|p2b: Floette
|-activate|p2b: Floette|move: Protect
|
|upkeep
|turn|2
|inactive|1TarsierFan has 30 seconds left.
|
|t:|1782234770
|move|p1b: Grimmsnarl|Parting Shot|p2b: Floette
|-unboost|p2b: Floette|atk|1
|-unboost|p2b: Floette|spa|1
|
|t:|1782234774
|switch|p1b: Pelipper|Pelipper, L50, F|100/100|[from] Parting Shot
|-weather|RainDance|[from] ability: Drizzle|[of] p1b: Pelipper
|move|p2a: Whimsicott|Moonblast|p1a: Swampert
|-damage|p1a: Swampert|60/100
|-unboost|p1a: Swampert|spa|1
|move|p2b: Floette|Moonblast|p1a: Swampert
|-damage|p1a: Swampert|13/100
|-unboost|p1a: Swampert|spa|1
|move|p1a: Swampert|Wave Crash|p2b: Floette
|-damage|p2b: Floette|0 fnt
|faint|p2b: Floette
|-damage|p1a: Swampert|0 fnt|[from] Recoil
|faint|p1a: Swampert
|
|-weather|RainDance|[upkeep]
|upkeep
|
|t:|1782234791
|switch|p2b: Basculegion|Basculegion, L50, M|100/100
|switch|p1a: Archaludon|Archaludon, L50, M, shiny|100/100
|turn|3
|inactive|1TarsierFan has 30 seconds left.
|
|t:|1782234818
|switch|p2b: Garchomp|Garchomp, L50, F|100/100
|move|p2a: Whimsicott|Moonblast|p1a: Archaludon
|-damage|p1a: Archaludon|62/100
|-ability|p1a: Archaludon|Stamina|boost
|-boost|p1a: Archaludon|def|1
|move|p1a: Archaludon|Electro Shot||[still]
|-prepare|p1a: Archaludon|Electro Shot
|-boost|p1a: Archaludon|spa|1
|-anim|p1a: Archaludon|Electro Shot|p2b: Garchomp
|-immune|p2b: Garchomp
|move|p1b: Pelipper|Tailwind|p1b: Pelipper
|-sidestart|p1: Pokeman2010ash|move: Tailwind
|
|-weather|RainDance|[upkeep]
|-heal|p1a: Archaludon|68/100|[from] item: Leftovers
|upkeep
|turn|4
|inactive|Pokeman2010ash has 30 seconds left.
|inactive|1TarsierFan has 30 seconds left.
|
|t:|1782234848
|move|p2a: Whimsicott|Moonblast|p1a: Archaludon
|-damage|p1a: Archaludon|35/100
|-ability|p1a: Archaludon|Stamina|boost
|-boost|p1a: Archaludon|def|1
|move|p2b: Garchomp|Dragon Claw|p1a: Archaludon
|-damage|p1a: Archaludon|13/100
|-ability|p1a: Archaludon|Stamina|boost
|-boost|p1a: Archaludon|def|1
|-damage|p2b: Garchomp|90/100|[from] item: Life Orb
|move|p1a: Archaludon|Dragon Pulse|p2b: Garchomp
|-supereffective|p2b: Garchomp|1
|-damage|p2b: Garchomp|0 fnt
|faint|p2b: Garchomp
|move|p1b: Pelipper|Hurricane|p2a: Whimsicott
|-supereffective|p2a: Whimsicott|1
|-enditem|p2a: Whimsicott|Focus Sash
|-damage|p2a: Whimsicott|1/100
|-start|p2a: Whimsicott|confusion
|
|-weather|RainDance|[upkeep]
|-heal|p1a: Archaludon|19/100|[from] item: Leftovers
|-sideend|p2: 1TarsierFan|move: Tailwind
|upkeep
|
|t:|1782234868
|switch|p2b: Basculegion|Basculegion, L50, M|100/100
|turn|5
|
|t:|1782234889
|move|p1a: Archaludon|Protect|p1a: Archaludon
|-singleturn|p1a: Archaludon|Protect
|-activate|p2a: Whimsicott|confusion
|-damage|p2a: Whimsicott|0 fnt|[from] confusion
|faint|p2a: Whimsicott
|move|p1b: Pelipper|Hurricane|p2b: Basculegion
|-damage|p2b: Basculegion|59/100
|-start|p2b: Basculegion|confusion
|-activate|p2b: Basculegion|confusion
|-damage|p2b: Basculegion|43/100|[from] confusion
|
|-weather|RainDance|[upkeep]
|-heal|p1a: Archaludon|26/100|[from] item: Leftovers
|upkeep
|turn|6
|-message|1TarsierFan forfeited.
|
|win|Pokeman2010ash
||1TarsierFan is ready for game 2.
|inactive|Pokeman2010ash has 30 seconds to confirm battle start!
|inactive|Pokeman2010ash has 20 seconds to confirm battle start!
||Pokeman2010ash is ready for game 2.
|uhtml|next|Next: Game 2 of 3
|l|☆Pokeman2010ash
|player|p1|
