|j|☆BonnieSSR
|j|☆Iamsliverfish
|html|BonnieSSRIamsliverfish    
|uhtml|bestof|Game 1 of a best-of-3
|t:|1756478093
|gametype|doubles
|player|p1|BonnieSSR|miku-ground|1242
|player|p2|Iamsliverfish|silver-masters|1420
|gen|9
|tier|[Gen 9] VGC 2025 Reg H (Bo3)
|rated|
|rule|Species Clause: Limit one of each Pokémon
|rule|Item Clause: Limit 1 of each item
|clearpoke
|poke|p1|Tyranitar, L50, M|
|poke|p1|Amoonguss, L50, F|
|poke|p1|Kilowattrel, L50, F|
|poke|p1|Excadrill, L50, F|
|poke|p1|Kommo-o, L50, F|
|poke|p1|Incineroar, L50, M|
|poke|p2|Dragonite, L50, M|
|poke|p2|Gholdengo, L50|
|poke|p2|Sneasler, L50, F|
|poke|p2|Garchomp, L50, F|
|poke|p2|Ninetales-Alola, L50, M|
|poke|p2|Electabuzz, L50, F|
|teampreview|4
|showteam|p1|Tyranitar||AssaultVest|SandStream|LowKick,RockSlide,KnockOff,TeraBlast|||M|||50|,,,,,Flying]Amoonguss||SitrusBerry|Regenerator|Spore,RagePowder,SludgeBomb,Protect|||F|||50|,,,,,Water]Kilowattrel||ChoiceSpecs|Competitive|Thunderbolt,Discharge,VoltSwitch,AirSlash|||F|||50|,,,,,Ghost]Excadrill||FocusSash|SandRush|IronHead,Earthquake,HighHorsepower,Protect|||F|||50|,,,,,Ground]Kommo-o||Leftovers|Overcoat|IronDefense,BodyPress,ThroatChop,Protect|||F|||50|,,,,,Steel]Incineroar||SafetyGoggles|Intimidate|FlareBlitz,KnockOff,PartingShot,FakeOut|||M|||50|,,,,,Ghost
|showteam|p2|Dragonite||LoadedDice|Multiscale|ScaleShot,Tailwind,Haze,Protect|||M|||50|,,,,,Fairy]Gholdengo||LifeOrb|GoodasGold|MakeItRain,ShadowBall,NastyPlot,Protect||||||50|,,,,,Water]Sneasler||FocusSash|Unburden|CloseCombat,DireClaw,FakeOut,Coaching|||F|||50|,,,,,Stellar]Garchomp||ClearAmulet|RoughSkin|Earthquake,StompingTantrum,DragonClaw,Protect|||F|||50|,,,,,Steel]Ninetales-Alola||ChoiceSpecs|SnowWarning|Blizzard,IcyWind,Moonblast,FreezeDry|||M|||50|,,,,,Ghost]Electabuzz||Eviolite|VitalSpirit|Electroweb,Taunt,FollowMe,Protect|||F|||50|,,,,,Dragon
|inactive|Battle timer is ON: inactive players will automatically lose when time's up. (requested by BonnieSSR)
|
|t:|1756478145
|teamsize|p1|4
|teamsize|p2|4
|start
|switch|p1a: Prim|Kilowattrel, L50, F|100/100
|switch|p1b: Lacey|Excadrill, L50, F, shiny|100/100
|switch|p2a: scale shot misses|Dragonite, L50, M|100/100
|switch|p2b: sharktile|Garchomp, L50, F|100/100
|turn|1
|inactive|BonnieSSR has 30 seconds left.
|
|t:|1756478171
|move|p1a: Prim|Volt Switch|p2a: scale shot misses
|-damage|p2a: scale shot misses|77/100
|
|t:|1756478174
|switch|p1a: Ouroboros|Tyranitar, L50, M, shiny|100/100|[from] Volt Switch
|-weather|Sandstorm|[from] ability: Sand Stream|[of] p1a: Ouroboros
|move|p1b: Lacey|Iron Head|p2a: scale shot misses
|-damage|p2a: scale shot misses|28/100
|move|p2b: sharktile|Earthquake|p1a: Ouroboros|[spread] p1a,p1b
|-immune|p2a: scale shot misses
|-supereffective|p1a: Ouroboros
|-supereffective|p1b: Lacey
|-damage|p1a: Ouroboros|31/100
|-enditem|p1b: Lacey|Focus Sash
|-damage|p1b: Lacey|1/100
|move|p2a: scale shot misses|Tailwind|p2a: scale shot misses
|-sidestart|p2: Iamsliverfish|move: Tailwind
|
|-weather|Sandstorm|[upkeep]
|-damage|p2a: scale shot misses|22/100|[from] Sandstorm
|upkeep
|turn|2
|
|t:|1756478193
|switch|p1a: Prim|Kilowattrel, L50, F|100/100
|move|p1b: Lacey|Protect|p1b: Lacey
|-singleturn|p1b: Lacey|Protect
|move|p2b: sharktile|Earthquake|p1b: Lacey|[spread] 
|-activate|p1b: Lacey|move: Protect
|-immune|p2a: scale shot misses
|-immune|p1a: Prim
|move|p2a: scale shot misses|Scale Shot|p1a: Prim
|-damage|p1a: Prim|75/100
|-damage|p1a: Prim|52/100
|-damage|p1a: Prim|29/100
|-damage|p1a: Prim|4/100
|-damage|p1a: Prim|0 fnt
|faint|p1a: Prim
|-hitcount|p1: Prim|5
|-unboost|p2a: scale shot misses|def|1
|-boost|p2a: scale shot misses|spe|1
|
|-weather|Sandstorm|[upkeep]
|-damage|p2a: scale shot misses|16/100|[from] Sandstorm
|upkeep
|
|t:|1756478206
|switch|p1a: Wolfey|Incineroar, L50, M, shiny|100/100
|-ability|p1a: Wolfey|Intimidate|boost
|-unboost|p2a: scale shot misses|atk|1
|-fail|p2b: sharktile|unboost|[from] item: Clear Amulet|[of] p2b: sharktile
|turn|3
|inactive|Iamsliverfish has 30 seconds left.
|
|t:|1756478238
|move|p1a: Wolfey|Fake Out|p2b: sharktile
|-damage|p2b: sharktile|88/100
|-damage|p1a: Wolfey|88/100|[from] ability: Rough Skin|[of] p2b: sharktile
|move|p2a: scale shot misses|Scale Shot|p1b: Lacey
|-resisted|p1b: Lacey
|-damage|p1b: Lacey|0 fnt
|faint|p1b: Lacey
|-hitcount|p1: Lacey|1
|-unboost|p2a: scale shot misses|def|1
|-boost|p2a: scale shot misses|spe|1
|cant|p2b: sharktile|flinch
|
|-weather|Sandstorm|[upkeep]
|-damage|p2a: scale shot misses|10/100|[from] Sandstorm
|upkeep
|
|t:|1756478244
|switch|p1b: Ouroboros|Tyranitar, L50, M, shiny|31/100
|turn|4
|
|t:|1756478254
|-terastallize|p1b: Ouroboros|Flying
|move|p2a: scale shot misses|Scale Shot|p1a: Wolfey
|-damage|p1a: Wolfey|79/100
|-damage|p1a: Wolfey|71/100
|-damage|p1a: Wolfey|62/100
|-damage|p1a: Wolfey|54/100
|-damage|p1a: Wolfey|46/100
|-hitcount|p1a: Wolfey|5
|-unboost|p2a: scale shot misses|def|1
|-boost|p2a: scale shot misses|spe|1
|move|p2b: sharktile|Earthquake|p1b: Ouroboros|[spread] p1a
|-immune|p2a: scale shot misses
|-immune|p1b: Ouroboros
|-supereffective|p1a: Wolfey
|-crit|p1a: Wolfey
|-damage|p1a: Wolfey|0 fnt
|faint|p1a: Wolfey
|move|p1b: Ouroboros|Rock Slide|p2a: scale shot misses|[spread] p2b
|-miss|p1b: Ouroboros|p2a: scale shot misses
|-resisted|p2b: sharktile
|-damage|p2b: sharktile|72/100
|
|-weather|Sandstorm|[upkeep]
|-damage|p2a: scale shot misses|5/100|[from] Sandstorm
|-damage|p1b: Ouroboros|25/100|[from] Sandstorm
|-sideend|p2: Iamsliverfish|move: Tailwind
|upkeep
|turn|5
|-message|BonnieSSR forfeited.
|
|win|Iamsliverfish
|l|☆BonnieSSR
|player|p1|
||BonnieSSR is ready for game 2.
||Iamsliverfish is ready for game 2.
|uhtml|next|Next: Game 2 of 3
|l|☆Iamsliverfish
|player|p2|
|j|☆BonnieSSR
|player|p1|BonnieSSR|miku-ground|
