|j|☆1TarsierFan
|j|☆marin le paon
|html|1TarsierFanmarin le paon    
|uhtml|bestof|Game 1 of a best-of-3
|t:|1782494317
|gametype|doubles
|player|p1|1TarsierFan|pokemaniac|1188
|player|p2|marin le paon|169|1149
|gen|9
|tier|[Gen 9 Champions] VGC 2026 Reg M-B (Bo3)
|rated|
|rule|Species Clause: Limit one of each Pokémon
|rule|Item Clause: Limit 1 of each item
|clearpoke
|poke|p1|Floette-Eternal, L50, F|
|poke|p1|Archaludon, L50, M|
|poke|p1|Pelipper, L50, M|
|poke|p1|Overqwil, L50, F|
|poke|p1|Swampert, L50, F|
|poke|p1|Grimmsnarl, L50, M|
|poke|p2|Tyranitar, L50, M|
|poke|p2|Scizor, L50, F|
|poke|p2|Sinistcha-Masterpiece, L50|
|poke|p2|Milotic, L50, M|
|poke|p2|Rotom-Heat, L50|
|poke|p2|Sneasler, L50, M|
|teampreview|4
|showteam|p1|Floette-Eternal||Floettite|FlowerVeil|Moonblast,DazzlingGleam,LightofRuin,Protect|Modest||F|||50|]Archaludon||Leftovers|Stamina|DragonPulse,FlashCannon,ElectroShot,Protect|Modest||M|||50|]Pelipper||FocusSash|Drizzle|Hurricane,WeatherBall,Protect,Tailwind|Modest||M|||50|]Overqwil||LifeOrb|SwiftSwim|PoisonJab,ThroatChop,Taunt,Protect|Adamant||F|||50|]Swampert||Swampertite|Damp|WaveCrash,HighHorsepower,Earthquake,Protect|Adamant||F|||50|]Grimmsnarl||LightClay|Prankster|LightScreen,Reflect,SpiritBreak,PartingShot|Sassy||M|||50|
|showteam|p2|Tyranitar||Tyranitarite|SandStream|RockSlide,Crunch,DragonDance,Protect|Jolly||M|||50|]Scizor||Scizorite|Technician|BulletPunch,BugBite,SwordsDance,Protect|Adamant||F|||50|]Sinistcha-Masterpiece||ColburBerry|Hospitality|MatchaGotcha,RagePowder,TrickRoom,LifeDew|Relaxed|||||50|]Milotic||Leftovers|Competitive|Scald,IcyWind,Recover,Protect|Modest||M|||50|]Rotom-Heat||ChoiceScarf|Levitate|Overheat,Thunderbolt,Trick,WillOWisp|Timid|||||50|]Sneasler||WhiteHerb|Unburden|DireClaw,CloseCombat,FakeOut,Protect|Jolly||M|||50|
|
|t:|1782494377
|teamsize|p1|4
|teamsize|p2|4
|start
|switch|p1a: Archaludon|Archaludon, L50, M|100/100
|switch|p1b: Grimmsnarl|Grimmsnarl, L50, M|100/100
|switch|p2a: Scizor|Scizor, L50, F|100/100
|switch|p2b: Rotom|Rotom-Heat, L50|100/100
|turn|1
|inactive|Battle timer is ON: inactive players will automatically lose when time's up. (requested by 1TarsierFan)
|inactive|1TarsierFan has 60 seconds left.
|
|t:|1782494422
|switch|p1a: Swampert|Swampert, L50, F|100/100
|detailschange|p2a: Scizor|Scizor-Mega, L50, F
|-mega|p2a: Scizor|Scizor|Scizorite
|move|p2a: Scizor|Protect|p2a: Scizor
|-singleturn|p2a: Scizor|Protect
|move|p1b: Grimmsnarl|Parting Shot|p2b: Rotom
|-unboost|p2b: Rotom|atk|1
|-unboost|p2b: Rotom|spa|1
|
|t:|1782494430
|switch|p1b: Pelipper|Pelipper, L50, M|100/100|[from] Parting Shot
|-weather|RainDance|[from] ability: Drizzle|[of] p1b: Pelipper
|move|p2b: Rotom|Trick|p1b: Pelipper
|-activate|p2b: Rotom|move: Trick|[of] p1b: Pelipper
|-item|p1b: Pelipper|Choice Scarf|[from] move: Trick
|-item|p2b: Rotom|Focus Sash|[from] move: Trick
|
|-weather|RainDance|[upkeep]
|upkeep
|turn|2
|inactive|marin le paon has 30 seconds left.
|inactive|1TarsierFan has 30 seconds left.
|inactive|marin le paon has 20 seconds left.
|
|t:|1782494469
|switch|p2a: Tyranitar|Tyranitar, L50, M|100/100
|-weather|Sandstorm|[from] ability: Sand Stream|[of] p2a: Tyranitar
|detailschange|p1a: Swampert|Swampert-Mega, L50, F
|-mega|p1a: Swampert|Swampert|Swampertite
|move|p1b: Pelipper|Hurricane|p2b: Rotom
|-resisted|p2b: Rotom|1
|-damage|p2b: Rotom|69/100
|move|p2b: Rotom|Will-O-Wisp|p1a: Swampert
|-status|p1a: Swampert|brn
|move|p1a: Swampert|Wave Crash|p2b: Rotom
|-supereffective|p2b: Rotom|1
|-damage|p2b: Rotom|0 fnt
|faint|p2b: Rotom
|-damage|p1a: Swampert|81/100 brn|[from] Recoil
|
|-weather|Sandstorm|[upkeep]
|-damage|p1b: Pelipper|93/100|[from] Sandstorm
|-damage|p1a: Swampert|75/100 brn|[from] brn
|upkeep
|
|t:|1782494486
|switch|p2b: Sinistcha|Sinistcha-Masterpiece, L50|100/100
|turn|3
|
|t:|1782494505
|switch|p1b: Grimmsnarl|Grimmsnarl, L50, M|100/100
|switch|p2a: Scizor|Scizor-Mega, L50, F|100/100
|move|p1a: Swampert|Protect|p1a: Swampert
|-singleturn|p1a: Swampert|Protect
|move|p2b: Sinistcha|Matcha Gotcha|p1b: Grimmsnarl|[spread] p1b
|-activate|p1a: Swampert|move: Protect
|-damage|p1b: Grimmsnarl|80/100
|
|-weather|Sandstorm|[upkeep]
|-damage|p2b: Sinistcha|93/100|[from] Sandstorm
|-damage|p1b: Grimmsnarl|74/100|[from] Sandstorm
|-damage|p1a: Swampert|68/100 brn|[from] brn
|upkeep
|turn|4
|inactive|1TarsierFan has 30 seconds left.
|
|t:|1782494539
|switch|p1a: Archaludon|Archaludon, L50, M|100/100
|move|p2a: Scizor|Bullet Punch|p1b: Grimmsnarl
|-supereffective|p1b: Grimmsnarl|1
|-damage|p1b: Grimmsnarl|0 fnt
|faint|p1b: Grimmsnarl
|move|p2b: Sinistcha|Matcha Gotcha|p1a: Archaludon
|-resisted|p1a: Archaludon|2
|-damage|p1a: Archaludon|92/100
|-heal|p2b: Sinistcha|98/100|[from] drain|[of] p1a: Archaludon
|-ability|p1a: Archaludon|Stamina|boost
|-boost|p1a: Archaludon|def|1
|
|-weather|Sandstorm|[upkeep]
|-damage|p2b: Sinistcha|92/100|[from] Sandstorm
|-heal|p1a: Archaludon|98/100|[from] item: Leftovers
|upkeep
|
|t:|1782494553
|switch|p1b: Pelipper|Pelipper, L50, M|93/100
|-weather|RainDance|[from] ability: Drizzle|[of] p1b: Pelipper
|turn|5
|inactive|1TarsierFan has 30 seconds left.
|inactive|1TarsierFan has 20 seconds left.
|inactive|1TarsierFan has 15 seconds left.
|
|t:|1782494598
|switch|p1b: Swampert|Swampert-Mega, L50, F|68/100 brn
|switch|p2b: Tyranitar|Tyranitar, L50, M|100/100
|-weather|Sandstorm|[from] ability: Sand Stream|[of] p2b: Tyranitar
|move|p1a: Archaludon|Dragon Pulse|p2b: Tyranitar
|-damage|p2b: Tyranitar|72/100
|move|p2a: Scizor|Swords Dance|p2a: Scizor
|-boost|p2a: Scizor|atk|2
|
|-weather|Sandstorm|[upkeep]
|-heal|p1a: Archaludon|100/100|[from] item: Leftovers
|-damage|p1b: Swampert|62/100 brn|[from] brn
|upkeep
|turn|6
|inactive|1TarsierFan has 30 seconds left.
|
|t:|1782494627
|move|p2b: Tyranitar|Crunch|p1b: Swampert
|-damage|p1b: Swampert|25/100 brn
|move|p1b: Swampert|High Horsepower|p2a: Scizor
|-damage|p2a: Scizor|76/100
|move|p1a: Archaludon|Electro Shot||[still]
|-prepare|p1a: Archaludon|Electro Shot
|-boost|p1a: Archaludon|spa|1
|move|p2a: Scizor|Swords Dance|p2a: Scizor
|-boost|p2a: Scizor|atk|2
|
|-weather|Sandstorm|[upkeep]
|-damage|p1b: Swampert|19/100 brn|[from] brn
|upkeep
|turn|7
|inactive|marin le paon has 30 seconds left.
|
|t:|1782494655
|switch|p2b: Sinistcha|Sinistcha-Masterpiece, L50|92/100
|-heal|p2a: Scizor|100/100|[from] ability: Hospitality|[of] p2b: Sinistcha
|move|p2a: Scizor|Protect|p2a: Scizor
|-singleturn|p2a: Scizor|Protect
|move|p1b: Swampert|High Horsepower|p2b: Sinistcha
|-resisted|p2b: Sinistcha|1
|-damage|p2b: Sinistcha|79/100
|move|p1a: Archaludon|Electro Shot|p2a: Scizor|[from] lockedmove
|-activate|p2a: Scizor|move: Protect
|
|-weather|Sandstorm|[upkeep]
|-damage|p2b: Sinistcha|72/100|[from] Sandstorm
|-damage|p1b: Swampert|12/100 brn|[from] brn
|upkeep
|turn|8
|inactive|marin le paon has 30 seconds left.
|
|t:|1782494683
|move|p1b: Swampert|Protect|p1b: Swampert
|-singleturn|p1b: Swampert|Protect
|move|p2a: Scizor|Bullet Punch|p1b: Swampert
|-activate|p1b: Swampert|move: Protect
|move|p1a: Archaludon|Dragon Pulse|p2b: Sinistcha
|-damage|p2b: Sinistcha|20/100y
|move|p2b: Sinistcha|Life Dew||[still]|[spread] p2a,p2b
|-fail|p2a: Scizor|heal
|-heal|p2b: Sinistcha|45/100
|
|-weather|Sandstorm|[upkeep]
|-damage|p2b: Sinistcha|38/100|[from] Sandstorm
|-damage|p1b: Swampert|6/100 brn|[from] brn
|upkeep
|turn|9
|inactive|marin le paon has 30 seconds left.
|
|t:|1782494715
|move|p2a: Scizor|Bullet Punch|p1b: Swampert
|-resisted|p1b: Swampert|1
|-damage|p1b: Swampert|0 fnt
|faint|p1b: Swampert
|move|p1a: Archaludon|Dragon Pulse|p2b: Sinistcha
|-damage|p2b: Sinistcha|0 fnt
|faint|p2b: Sinistcha
|
|-weather|none
|upkeep
|
|t:|1782494724
|switch|p1b: Pelipper|Pelipper, L50, M|93/100
|switch|p2b: Tyranitar|Tyranitar, L50, M|72/100
|-weather|RainDance|[from] ability: Drizzle|[of] p1b: Pelipper
|-weather|Sandstorm|[from] ability: Sand Stream|[of] p2b: Tyranitar
|turn|10
|
|t:|1782494742
|move|p1b: Pelipper|Tailwind|p1b: Pelipper
|-sidestart|p1: 1TarsierFan|move: Tailwind
|move|p1a: Archaludon|Flash Cannon|p2b: Tyranitar
|-supereffective|p2b: Tyranitar|1
|-damage|p2b: Tyranitar|0 fnt
|faint|p2b: Tyranitar
|move|p2a: Scizor|Swords Dance|p2a: Scizor
|-boost|p2a: Scizor|atk|2
|
|-weather|Sandstorm|[upkeep]
|-damage|p1b: Pelipper|87/100|[from] Sandstorm
|upkeep
|turn|11
|
|t:|1782494759
|move|p1b: Pelipper|Tailwind||[still]
|-fail|p1b: Pelipper
|move|p1a: Archaludon|Electro Shot||[still]
|-prepare|p1a: Archaludon|Electro Shot
|-boost|p1a: Archaludon|spa|1
|move|p2a: Scizor|Bug Bite|p1a: Archaludon
|-resisted|p1a: Archaludon|1
|-damage|p1a: Archaludon|46/100
|-ability|p1a: Archaludon|Stamina|boost
|-boost|p1a: Archaludon|def|1
|
|-weather|Sandstorm|[upkeep]
|-damage|p1b: Pelipper|81/100|[from] Sandstorm
|-heal|p1a: Archaludon|52/100|[from] item: Leftovers
|upkeep
|turn|12
|inactive|marin le paon has 30 seconds left.
|
|t:|1782494789
|move|p1b: Pelipper|Tailwind||[still]
|-fail|p1b: Pelipper
|move|p1a: Archaludon|Electro Shot|p2a: Scizor|[from] lockedmove
|-damage|p2a: Scizor|22/100
|move|p2a: Scizor|Bug Bite|p1a: Archaludon
|-resisted|p1a: Archaludon|1
|-damage|p1a: Archaludon|11/100
|-ability|p1a: Archaludon|Stamina|boost
|-boost|p1a: Archaludon|def|1
|
|-weather|Sandstorm|[upkeep]
|-damage|p1b: Pelipper|75/100|[from] Sandstorm
|-heal|p1a: Archaludon|17/100|[from] item: Leftovers
|upkeep
|turn|13
|inactive|1TarsierFan has 30 seconds left.
|
|t:|1782494815
|move|p1a: Archaludon|Protect|p1a: Archaludon
|-singleturn|p1a: Archaludon|Protect
|move|p2a: Scizor|Bullet Punch|p1a: Archaludon
|-activate|p1a: Archaludon|move: Protect
|move|p1b: Pelipper|Tailwind||[still]
|-fail|p1b: Pelipper
|
|-weather|Sandstorm|[upkeep]
|-damage|p1b: Pelipper|68/100|[from] Sandstorm
|-heal|p1a: Archaludon|23/100|[from] item: Leftovers
|-sideend|p1: 1TarsierFan|move: Tailwind
|upkeep
|turn|14
|
|t:|1782494830
|move|p2a: Scizor|Bullet Punch|p1a: Archaludon
|-resisted|p1a: Archaludon|1
|-damage|p1a: Archaludon|2/100
|-ability|p1a: Archaludon|Stamina|boost
|-boost|p1a: Archaludon|def|1
|move|p1b: Pelipper|Tailwind|p1b: Pelipper
|-sidestart|p1: 1TarsierFan|move: Tailwind
|move|p1a: Archaludon|Dragon Pulse|p2a: Scizor
|-resisted|p2a: Scizor|1
|-damage|p2a: Scizor|0 fnt
|faint|p2a: Scizor
|
|win|1TarsierFan
||1TarsierFan is ready for game 2.
|c|☆marin le paon|Close
||marin le paon is ready for game 2.
|uhtml|next|Next: Game 2 of 3
|l|☆marin le paon
|player|p2|
