|j|☆testdigi
|j|☆Jldjavi
|html|testdigiJldjavi    
|uhtml|bestof|Game 1 of a best-of-3
|t:|1784217743
|gametype|doubles
|player|p1|testdigi|1|1101
|player|p2|Jldjavi|nate|1097
|gen|9
|tier|[Gen 9 Champions] VGC 2026 Reg M-B (Bo3)
|rated|
|rule|Species Clause: Limit one of each Pokémon
|rule|Item Clause: Limit 1 of each item
|clearpoke
|poke|p1|Sneasler, L50, F|
|poke|p1|Delphox, L50, M, shiny|
|poke|p1|Kingambit, L50, M, shiny|
|poke|p1|Sinistcha, L50|
|poke|p1|Incineroar, L50, F|
|poke|p1|Blastoise, L50, F|
|poke|p2|Gardevoir, L50, F|
|poke|p2|Maushold, L50|
|poke|p2|Kingambit, L50, M|
|poke|p2|Kommo-o, L50, M|
|poke|p2|Ceruledge, L50, M|
|poke|p2|Aerodactyl, L50, F|
|teampreview|4
|showteam|p1|Sneasler||FocusSash|PoisonTouch|PoisonJab,QuickGuard,CloseCombat,FakeOut|Jolly||F|||50|]Delphox||Delphoxite|Blaze|HeatWave,Psychic,NastyPlot,Protect|Timid||M|||50|]Kingambit||LifeOrb|Defiant|KowtowCleave,SuckerPunch,SwordsDance,Protect|Adamant||M|||50|]Sinistcha||ColburBerry|Hospitality|MatchaGotcha,RagePowder,TrickRoom,Protect|Bold|||||50|]Incineroar||SitrusBerry|Intimidate|FlareBlitz,HelpingHand,PartingShot,FakeOut|Impish||F|||50|]Blastoise||Blastoisinite|RainDish|WaterSpout,DarkPulse,ShellSmash,Protect|Modest||F|||50|
|showteam|p2|Gardevoir||Gardevoirite|Trace|Protect,HyperVoice,Psychic,Thunderbolt|Modest||F|||50|]Maushold||ChopleBerry|FriendGuard|Protect,Feint,FollowMe,HelpingHand|Impish|||||50|]Kingambit||FocusSash|Defiant|Protect,KowtowCleave,SuckerPunch,IronHead|Adamant||M|||50|]Kommo-o||LifeOrb|Soundproof|Protect,ClangingScales,DracoMeteor,AuraSphere|Modest||M|||50|]Ceruledge||ColburBerry|FlashFire|Protect,BitterBlade,ShadowSneak,BulkUp|Adamant||M|||50|]Aerodactyl||Aerodactylite|Unnerve|RockSlide,IceFang,Tailwind,WideGuard|Jolly||F|||50|
|j| 282839393m
|
|t:|1784217832
|teamsize|p1|4
|teamsize|p2|4
|start
|switch|p1a: Sneasler|Sneasler, L50, F|100/100
|switch|p1b: Blastoise|Blastoise, L50, F|100/100
|switch|p2a: Kommo-o|Kommo-o, L50, M|100/100
|switch|p2b: Aerodactyl|Aerodactyl, L50, F|100/100
|-ability|p2b: Aerodactyl|Unnerve
|turn|1
|inactive|Battle timer is ON: inactive players will automatically lose when time's up. (requested by Jldjavi)
|
|t:|1784217864
|detailschange|p2b: Aerodactyl|Aerodactyl-Mega, L50, F
|-mega|p2b: Aerodactyl|Aerodactyl|Aerodactylite
|detailschange|p1b: Blastoise|Blastoise-Mega, L50, F
|-mega|p1b: Blastoise|Blastoise|Blastoisinite
|move|p1a: Sneasler|Fake Out|p2a: Kommo-o
|-damage|p2a: Kommo-o|88/100
|move|p2b: Aerodactyl|Tailwind|p2b: Aerodactyl
|-sidestart|p2: Jldjavi|move: Tailwind
|cant|p2a: Kommo-o|flinch
|move|p1b: Blastoise|Shell Smash|p1b: Blastoise
|-unboost|p1b: Blastoise|def|1
|-unboost|p1b: Blastoise|spd|1
|-boost|p1b: Blastoise|atk|2
|-boost|p1b: Blastoise|spa|2
|-boost|p1b: Blastoise|spe|2
|
|upkeep
|turn|2
|inactive|testdigi has 30 seconds left.
|inactive|testdigi has 20 seconds left.
|inactive|testdigi has 15 seconds left.
|inactive|testdigi has 10 seconds left.
|
|t:|1784217910
|move|p2b: Aerodactyl|Wide Guard|p2b: Aerodactyl
|-singleturn|p2b: Aerodactyl|Wide Guard
|move|p1b: Blastoise|Water Spout|p2a: Kommo-o|[spread] 
|-activate|p2a: Kommo-o|move: Wide Guard
|-activate|p2b: Aerodactyl|move: Wide Guard
|move|p2a: Kommo-o|Clanging Scales|p1b: Blastoise|[spread] p1a,p1b
|-crit|p1a: Sneasler
|-damage|p1a: Sneasler|1/100
|-damage|p1b: Blastoise|31/100
|-unboost|p2a: Kommo-o|def|1
|-damage|p2a: Kommo-o|78/100|[from] item: Life Orb
|move|p1a: Sneasler|Close Combat|p2b: Aerodactyl
|-damage|p2b: Aerodactyl|38/100
|-unboost|p1a: Sneasler|def|1
|-unboost|p1a: Sneasler|spd|1
|-status|p2b: Aerodactyl|psn|[from] ability: Poison Touch|[of] p1a: Sneasler
|
|-damage|p2b: Aerodactyl|26/100 psn|[from] psn
|upkeep
|turn|3
|inactive|Jldjavi has 30 seconds left.
|inactive|testdigi has 30 seconds left.
|inactive|Jldjavi has 20 seconds left.
|inactive|Jldjavi has 15 seconds left.
|
|t:|1784217952
|move|p1b: Blastoise|Protect|p1b: Blastoise
|-singleturn|p1b: Blastoise|Protect
|move|p2b: Aerodactyl|Rock Slide|p1a: Sneasler|[spread] p1a
|-activate|p1b: Blastoise|move: Protect
|-resisted|p1a: Sneasler|1
|-damage|p1a: Sneasler|0 fnt
|faint|p1a: Sneasler
|move|p2a: Kommo-o|Clanging Scales|p1b: Blastoise
|-activate|p1b: Blastoise|move: Protect
|
|-damage|p2b: Aerodactyl|14/100 psn|[from] psn
|upkeep
|
|t:|1784217964
|switch|p1a: Sinistcha|Sinistcha, L50|100/100
|-heal|p1b: Blastoise|56/100|[from] ability: Hospitality|[of] p1a: Sinistcha
|turn|4
|
|t:|1784217981
|move|p2b: Aerodactyl|Rock Slide|p1b: Blastoise|[spread] p1a,p1b
|-damage|p1a: Sinistcha|79/100
|-damage|p1b: Blastoise|18/100
|cant|p1b: Blastoise|flinch
|move|p2a: Kommo-o|Clanging Scales|p1b: Blastoise|[spread] p1a,p1b
|-damage|p1a: Sinistcha|26/100
|-damage|p1b: Blastoise|0 fnt
|faint|p1b: Blastoise
|-unboost|p2a: Kommo-o|def|1
|-damage|p2a: Kommo-o|68/100|[from] item: Life Orb
|move|p1a: Sinistcha|Matcha Gotcha|p2b: Aerodactyl|[spread] p2a,p2b
|-resisted|p2a: Kommo-o|1
|-damage|p2a: Kommo-o|56/100
|-heal|p1a: Sinistcha|32/100|[from] drain|[of] p2a: Kommo-o
|-damage|p2b: Aerodactyl|0 fnt
|-heal|p1a: Sinistcha|40/100|[from] drain|[of] p2b: Aerodactyl
|faint|p2b: Aerodactyl
|
|-sideend|p2: Jldjavi|move: Tailwind
|upkeep
|
|t:|1784218001
|switch|p2b: Maushold|Maushold, L50|100/100
|switch|p1b: Kingambit|Kingambit, L50, M, shiny|100/100
|turn|5
|
|t:|1784218023
|move|p1b: Kingambit|Protect|p1b: Kingambit
|-singleturn|p1b: Kingambit|Protect
|move|p2b: Maushold|Follow Me|p2b: Maushold
|-singleturn|p2b: Maushold|move: Follow Me
|move|p2a: Kommo-o|Clanging Scales|p1a: Sinistcha|[spread] p1a
|-activate|p1b: Kingambit|move: Protect
|-damage|p1a: Sinistcha|0 fnt
|faint|p1a: Sinistcha
|-unboost|p2a: Kommo-o|def|1
|-damage|p2a: Kommo-o|46/100|[from] item: Life Orb
|
|upkeep
|turn|6
|-message|testdigi forfeited.
|
|win|Jldjavi
