|j|☆GregulationH
|j|☆Thiaguitoomencito
|html|GregulationHThiaguitoomencito    
|uhtml|bestof|Game 3 of a best-of-3
|t:|1757826975
|gametype|doubles
|player|p1|GregulationH|lucas|1127
|player|p2|Thiaguitoomencito|steven|1079
|gen|9
|tier|[Gen 9] VGC 2025 Reg H (Bo3)
|rated|
|rule|Species Clause: Limit one of each Pokémon
|rule|Item Clause: Limit 1 of each item
|clearpoke
|poke|p1|Amoonguss, L50, F|
|poke|p1|Flamigo, L50, M|
|poke|p1|Gholdengo, L50|
|poke|p1|Incineroar, L50, M|
|poke|p1|Porygon2, L50|
|poke|p1|Ursaluna, L50, M|
|poke|p2|Sneasler, L50, F|
|poke|p2|Ceruledge, L50, M|
|poke|p2|Dragonite, L50, M|
|poke|p2|Dondozo, L50, M|
|poke|p2|Kingambit, L50, M|
|poke|p2|Rillaboom, L50, M|
|teampreview|4
|showteam|p1|Amoonguss||CovertCloak|Regenerator|PollenPuff,Spore,RagePowder,ClearSmog|||F|||50|,,,,,Water]Flamigo||FocusSash|Scrappy|CloseCombat,BraveBird,WideGuard,Protect|||M|||50|,,,,,Ghost]Gholdengo||LifeOrb|GoodasGold|MakeItRain,ShadowBall,NastyPlot,Protect||||||50|,,,,,Dragon]Incineroar||SafetyGoggles|Intimidate|FlareBlitz,KnockOff,PartingShot,FakeOut|||M|||50|,,,,,Ghost]Porygon2||Eviolite|Download|TeraBlast,IceBeam,Recover,TrickRoom||||||50|,,,,,Fighting]Ursaluna||FlameOrb|Guts|Facade,HeadlongRush,Earthquake,Protect|||M|||50|,,,,,Ghost
|showteam|p2|Sneasler||FocusSash|Unburden|CloseCombat,DireClaw,Coaching,FakeOut|||F|||50|,,,,,Ghost]Ceruledge||SitrusBerry|FlashFire|Protect,BitterBlade,ShadowSneak,BulkUp|||M|||50|,,,,,Grass]Dragonite||LoadedDice|Multiscale|Protect,ScaleShot,Haze,ExtremeSpeed|||M|||50|,,,,,Fairy]Dondozo||Leftovers|Unaware|Liquidation,Fissure,Yawn,Protect|||M|||50|,,,,,Poison]Kingambit||AssaultVest|Defiant|KowtowCleave,SuckerPunch,IronHead,TeraBlast|||M|||50|,,,,,Flying]Rillaboom||MiracleSeed|GrassySurge|WoodHammer,GrassyGlide,HighHorsepower,FakeOut|||M|||50|,,,,,Fire
|j| frankina
|
|t:|1757827011
|teamsize|p1|4
|teamsize|p2|4
|start
|switch|p1a: Incineroar|Incineroar, L50, M|100/100
|switch|p1b: Porygon2|Porygon2, L50|100/100
|switch|p2a: Sneasler|Sneasler, L50, F|100/100
|switch|p2b: Ceruledge|Ceruledge, L50, M|100/100
|-ability|p1a: Incineroar|Intimidate|boost
|-unboost|p2a: Sneasler|atk|1
|-unboost|p2b: Ceruledge|atk|1
|-ability|p1b: Porygon2|Download|boost
|-boost|p1b: Porygon2|atk|1
|turn|1
|inactive|Battle timer is ON: inactive players will automatically lose when time's up. (requested by GregulationH)
|inactive|GregulationH has 60 seconds left.
|inactive|Thiaguitoomencito has 60 seconds left.
|
|t:|1757827059
|-terastallize|p1b: Porygon2|Fighting
|move|p2a: Sneasler|Fake Out|p1b: Porygon2
|-damage|p1b: Porygon2|94/100
|move|p2b: Ceruledge|Bulk Up|p2b: Ceruledge
|-boost|p2b: Ceruledge|atk|1
|-boost|p2b: Ceruledge|def|1
|move|p1a: Incineroar|Knock Off|p2b: Ceruledge
|-supereffective|p2b: Ceruledge
|-damage|p2b: Ceruledge|35/100
|-enditem|p2b: Ceruledge|Sitrus Berry|[from] move: Knock Off|[of] p1a: Incineroar
|cant|p1b: Porygon2|flinch
|
|upkeep
|turn|2
|inactive|Thiaguitoomencito has 30 seconds left.
|inactive|Thiaguitoomencito has 20 seconds left.
|inactive|Thiaguitoomencito has 15 seconds left.
|
|t:|1757827099
|move|p2a: Sneasler|Close Combat|p1a: Incineroar
|-supereffective|p1a: Incineroar
|-damage|p1a: Incineroar|15/100
|-unboost|p2a: Sneasler|def|1
|-unboost|p2a: Sneasler|spd|1
|move|p2b: Ceruledge|Bitter Blade|p1a: Incineroar
|-resisted|p1a: Incineroar
|-crit|p1a: Incineroar
|-damage|p1a: Incineroar|0 fnt
|-heal|p2b: Ceruledge|43/100|[from] drain|[of] p1a: Incineroar
|faint|p1a: Incineroar
|move|p1b: Porygon2|Trick Room|p1b: Porygon2
|-fieldstart|move: Trick Room|[of] p1b: Porygon2
|
|upkeep
|inactive|GregulationH has 30 seconds left.
|
|t:|1757827126
|switch|p1a: Ursaluna|Ursaluna, L50, M|100/100
|turn|3
|inactive|Thiaguitoomencito has 30 seconds left.
|
|t:|1757827151
|switch|p2b: Dondozo|Dondozo, L50, M|100/100
|move|p1a: Ursaluna|Earthquake|p2b: Dondozo|[spread] p1b,p2a,p2b
|-supereffective|p2a: Sneasler
|-damage|p1b: Porygon2|66/100
|-enditem|p2a: Sneasler|Focus Sash
|-damage|p2a: Sneasler|1/100
|-damage|p2b: Dondozo|74/100
|move|p1b: Porygon2|Ice Beam|p2a: Sneasler
|-damage|p2a: Sneasler|0 fnt
|faint|p2a: Sneasler
|
|-heal|p2b: Dondozo|81/100|[from] item: Leftovers
|-status|p1a: Ursaluna|brn|[from] item: Flame Orb
|upkeep
|
|t:|1757827173
|switch|p2a: Ceruledge|Ceruledge, L50, M|43/100
|turn|4
|
|t:|1757827183
|move|p2b: Dondozo|Protect|p2b: Dondozo
|-singleturn|p2b: Dondozo|Protect
|move|p2a: Ceruledge|Protect|p2a: Ceruledge
|-singleturn|p2a: Ceruledge|Protect
|move|p1a: Ursaluna|Earthquake|p2b: Dondozo|[spread] p1b
|-activate|p2a: Ceruledge|move: Protect
|-activate|p2b: Dondozo|move: Protect
|-damage|p1b: Porygon2|23/100
|move|p1b: Porygon2|Ice Beam|p2a: Ceruledge
|-activate|p2a: Ceruledge|move: Protect
|
|-heal|p2b: Dondozo|87/100|[from] item: Leftovers
|-damage|p1a: Ursaluna|95/100 brn|[from] brn
|upkeep
|turn|5
|inactive|Thiaguitoomencito has 30 seconds left.
|
|t:|1757827214
|move|p2a: Ceruledge|Shadow Sneak|p1b: Porygon2
|-damage|p1b: Porygon2|11/100
|move|p1a: Ursaluna|Headlong Rush|p2a: Ceruledge
|-supereffective|p2a: Ceruledge
|-damage|p2a: Ceruledge|0 fnt
|-unboost|p1a: Ursaluna|def|1
|-unboost|p1a: Ursaluna|spd|1
|faint|p2a: Ceruledge
|move|p2b: Dondozo|Liquidation|p1b: Porygon2
|-damage|p1b: Porygon2|0 fnt
|faint|p1b: Porygon2
|
|-heal|p2b: Dondozo|93/100|[from] item: Leftovers
|-damage|p1a: Ursaluna|89/100 brn|[from] brn
|upkeep
|
|t:|1757827227
|switch|p1b: Amoonguss|Amoonguss, L50, F|100/100
|switch|p2a: Dragonite|Dragonite, L50, M|100/100
|turn|6
|
|t:|1757827241
|move|p2b: Dondozo|Protect|p2b: Dondozo
|-singleturn|p2b: Dondozo|Protect
|move|p2a: Dragonite|Protect|p2a: Dragonite
|-singleturn|p2a: Dragonite|Protect
|move|p1b: Amoonguss|Spore|p2b: Dondozo
|-activate|p2b: Dondozo|move: Protect
|move|p1a: Ursaluna|Facade|p2a: Dragonite
|-activate|p2a: Dragonite|move: Protect
|
|-heal|p2b: Dondozo|99/100|[from] item: Leftovers
|-damage|p1a: Ursaluna|83/100 brn|[from] brn
|-fieldend|move: Trick Room
|upkeep
|turn|7
|inactive|Thiaguitoomencito has 30 seconds left.
|
|t:|1757827275
|move|p1a: Ursaluna|Protect|p1a: Ursaluna
|-singleturn|p1a: Ursaluna|Protect
|move|p2a: Dragonite|Extreme Speed|p1a: Ursaluna
|-activate|p1a: Ursaluna|move: Protect
|move|p2b: Dondozo|Liquidation|p1a: Ursaluna
|-activate|p1a: Ursaluna|move: Protect
|move|p1b: Amoonguss|Spore|p2a: Dragonite
|-status|p2a: Dragonite|slp|[from] move: Spore
|
|-heal|p2b: Dondozo|100/100|[from] item: Leftovers
|-damage|p1a: Ursaluna|77/100 brn|[from] brn
|upkeep
|turn|8
|
|t:|1757827293
|move|p2b: Dondozo|Protect|p2b: Dondozo
|-singleturn|p2b: Dondozo|Protect
|cant|p2a: Dragonite|slp
|move|p1a: Ursaluna|Facade|p2a: Dragonite
|-damage|p2a: Dragonite|32/100 slp
|move|p1b: Amoonguss|Spore|p2b: Dondozo
|-activate|p2b: Dondozo|move: Protect
|
|-damage|p1a: Ursaluna|71/100 brn|[from] brn
|upkeep
|turn|9
|
|t:|1757827313
|-curestatus|p2a: Dragonite|slp|[msg]
|move|p2a: Dragonite|Extreme Speed|p1a: Ursaluna
|-damage|p1a: Ursaluna|39/100 brn
|move|p2b: Dondozo|Fissure|p1b: Amoonguss
|-damage|p1b: Amoonguss|0 fnt
|faint|p1b: Amoonguss
|-ohko
|move|p1a: Ursaluna|Facade|p2a: Dragonite
|-damage|p2a: Dragonite|0 fnt
|faint|p2a: Dragonite
|
|-damage|p1a: Ursaluna|33/100 brn|[from] brn
|upkeep
|turn|10
|
|t:|1757827327
|move|p2b: Dondozo|Liquidation|p1a: Ursaluna
|-supereffective|p1a: Ursaluna
|-crit|p1a: Ursaluna
|-damage|p1a: Ursaluna|0 fnt
|faint|p1a: Ursaluna
|
|win|Thiaguitoomencito
|raw|GregulationH's rating: 1127 → 1099(-28 for losing)
|raw|Thiaguitoomencito's rating: 1079 → 1111(+32 for winning)
|l|☆GregulationH
|player|p1|
