|j|☆m111naaaa
|j|‽Dudthestud
|html|m111naaaaDudthestud    
|uhtml|bestof|Game 1 of a best-of-3
|t:|1756313946
|gametype|doubles
|player|p1|m111naaaa|jasmine|1067
|player|p2|Dudthestud|2|1000
|gen|9
|tier|[Gen 9] VGC 2025 Reg H (Bo3)
|rated|
|rule|Species Clause: Limit one of each Pokémon
|rule|Item Clause: Limit 1 of each item
|clearpoke
|poke|p1|Kilowattrel, L50, M|
|poke|p1|Amoonguss, L50, F|
|poke|p1|Incineroar, L50, F|
|poke|p1|Porygon2, L50|
|poke|p1|Gholdengo, L50|
|poke|p1|Ursaluna, L50, M|
|poke|p2|Flamigo, L50, M|
|poke|p2|Rillaboom, L50, F|
|poke|p2|Gholdengo, L50|
|poke|p2|Incineroar, L50, F|
|poke|p2|Sableye, L50, M|
|poke|p2|Volcarona, L50, M|
|teampreview|4
|showteam|p1|Kilowattrel||FocusSash|Competitive|Thunderbolt,AirSlash,Tailwind,Protect|||M|||50|,,,,,Ghost]Amoonguss||SitrusBerry|Regenerator|PollenPuff,Spore,RagePowder,Protect|||F|||50|,,,,,Water]Incineroar||SafetyGoggles|Intimidate|FakeOut,FlareBlitz,KnockOff,PartingShot|||F|||50|,,,,,Ghost]Porygon2||Eviolite|Download|TeraBlast,IceBeam,Recover,TrickRoom||||||50|,,,,,Fighting]Gholdengo||MetalCoat|GoodasGold|MakeItRain,ShadowBall,NastyPlot,Protect||||||50|,,,,,Flying]Ursaluna||FlameOrb|Guts|Facade,HeadlongRush,Earthquake,Protect|||M|||50|,,,,,Ghost
|showteam|p2|Flamigo||FocusSash|Scrappy|DualWingbeat,CloseCombat,Tailwind,Detect|||M|||50|,,,,,Ghost]Rillaboom||AssaultVest|GrassySurge|WoodHammer,GrassyGlide,Uturn,FakeOut|||F|||50|,,,,,Fire]Gholdengo||GrassySeed|GoodasGold|MakeItRain,ShadowBall,NastyPlot,Protect||||||50|,,,,,Water]Incineroar||SafetyGoggles|Intimidate|FakeOut,KnockOff,Taunt,PartingShot|||F|||50|,,,,,Bug]Sableye||LightClay|Prankster|FoulPlay,Reflect,LightScreen,ThunderWave|||M|||50|,,,,,Poison]Volcarona||Leftovers|FlameBody|FieryDance,GigaDrain,QuiverDance,Protect|||M|||50|,,,,,Fairy
|inactive|Battle timer is ON: inactive players will automatically lose when time's up. (requested by Dudthestud)
|inactive|m111naaaa has 60 seconds left.
|inactive|Dudthestud has 60 seconds left.
|inactive|Dudthestud has 30 seconds left.
|inactive|Dudthestud has 20 seconds left.
|inactive|Dudthestud has 15 seconds left.
|inactive|Dudthestud has 10 seconds left.
|
|t:|1756314030
|teamsize|p1|4
|teamsize|p2|4
|start
|switch|p1a: Kilowattrel|Kilowattrel, L50, M|100/100
|switch|p1b: Incineroar|Incineroar, L50, F|100/100
|switch|p2a: Sableye|Sableye, L50, M|100/100
|switch|p2b: Incineroar|Incineroar, L50, F|100/100
|-ability|p1b: Incineroar|Intimidate|boost
|-unboost|p2a: Sableye|atk|1
|-unboost|p2b: Incineroar|atk|1
|-ability|p2b: Incineroar|Intimidate|boost
|-unboost|p1a: Kilowattrel|atk|1
|-ability|p1a: Kilowattrel|Competitive|boost
|-boost|p1a: Kilowattrel|spa|2
|-unboost|p1b: Incineroar|atk|1
|turn|1
|
|t:|1756314044
|move|p1b: Incineroar|Fake Out|p2b: Incineroar
|-damage|p2b: Incineroar|94/100
|move|p2a: Sableye|Light Screen|p2a: Sableye
|-sidestart|p2: Dudthestud|move: Light Screen
|move|p1a: Kilowattrel|Tailwind|p1a: Kilowattrel
|-sidestart|p1: m111naaaa|move: Tailwind
|cant|p2b: Incineroar|flinch
|
|upkeep
|turn|2
|inactive|Dudthestud has 30 seconds left.
|
|t:|1756314072
|move|p1a: Kilowattrel|Thunderbolt|p2a: Sableye
|-damage|p2a: Sableye|29/100
|move|p1b: Incineroar|Flare Blitz|p2a: Sableye
|-damage|p2a: Sableye|0 fnt
|faint|p2a: Sableye
|-damage|p1b: Incineroar|95/100|[from] Recoil
|move|p2b: Incineroar|Knock Off|p1b: Incineroar
|-resisted|p1b: Incineroar
|-damage|p1b: Incineroar|80/100
|-enditem|p1b: Incineroar|Safety Goggles|[from] move: Knock Off|[of] p2b: Incineroar
|
|upkeep
|
|t:|1756314078
|switch|p2a: Volcarona|Volcarona, L50, M|100/100
|turn|3
|
|t:|1756314103
|-terastallize|p2a: Volcarona|Fairy
|move|p1a: Kilowattrel|Air Slash|p2a: Volcarona
|-damage|p2a: Volcarona|52/100
|move|p1b: Incineroar|Parting Shot|p2b: Incineroar
|-unboost|p2b: Incineroar|atk|1
|-unboost|p2b: Incineroar|spa|1
|
|t:|1756314110
|switch|p1b: Ursaluna|Ursaluna, L50, M|100/100|[from] Parting Shot
|move|p2a: Volcarona|Quiver Dance|p2a: Volcarona
|-boost|p2a: Volcarona|spa|1
|-boost|p2a: Volcarona|spd|1
|-boost|p2a: Volcarona|spe|1
|move|p2b: Incineroar|Knock Off|p1a: Kilowattrel
|-damage|p1a: Kilowattrel|63/100
|-enditem|p1a: Kilowattrel|Focus Sash|[from] move: Knock Off|[of] p2b: Incineroar
|
|-heal|p2a: Volcarona|58/100|[from] item: Leftovers
|-status|p1b: Ursaluna|brn|[from] item: Flame Orb
|upkeep
|turn|4
|
|t:|1756314131
|switch|p1a: Incineroar|Incineroar, L50, F|80/100
|-ability|p1a: Incineroar|Intimidate|boost
|-unboost|p2a: Volcarona|atk|1
|-unboost|p2b: Incineroar|atk|1
|move|p1b: Ursaluna|Protect|p1b: Ursaluna
|-singleturn|p1b: Ursaluna|Protect
|move|p2a: Volcarona|Giga Drain|p1b: Ursaluna
|-activate|p1b: Ursaluna|move: Protect
|move|p2b: Incineroar|Knock Off|p1a: Incineroar
|-resisted|p1a: Incineroar
|-damage|p1a: Incineroar|75/100
|
|-heal|p2a: Volcarona|64/100|[from] item: Leftovers
|-damage|p1b: Ursaluna|94/100 brn|[from] brn
|-sideend|p1: m111naaaa|move: Tailwind
|upkeep
|turn|5
|inactive|m111naaaa has 30 seconds left.
|
|t:|1756314156
|switch|p2b: Rillaboom|Rillaboom, L50, F|100/100
|-fieldstart|move: Grassy Terrain|[from] ability: Grassy Surge|[of] p2b: Rillaboom
|move|p2a: Volcarona|Protect|p2a: Volcarona
|-singleturn|p2a: Volcarona|Protect
|move|p1a: Incineroar|Fake Out|p2a: Volcarona
|-activate|p2a: Volcarona|move: Protect
|move|p1b: Ursaluna|Facade|p2b: Rillaboom
|-damage|p2b: Rillaboom|0 fnt
|faint|p2b: Rillaboom
|
|-heal|p2a: Volcarona|70/100|[from] Grassy Terrain
|-heal|p2a: Volcarona|77/100|[from] item: Leftovers
|-heal|p1a: Incineroar|81/100|[from] Grassy Terrain
|-heal|p1b: Ursaluna|100/100 brn|[from] Grassy Terrain
|-damage|p1b: Ursaluna|94/100 brn|[from] brn
|upkeep
|
|t:|1756314168
|switch|p2b: Incineroar|Incineroar, L50, F|94/100
|-ability|p2b: Incineroar|Intimidate|boost
|-unboost|p1a: Incineroar|atk|1
|-unboost|p1b: Ursaluna|atk|1
|turn|6
|
|t:|1756314186
|switch|p1b: Kilowattrel|Kilowattrel, L50, M|63/100
|-terastallize|p1a: Incineroar|Ghost
|move|p2a: Volcarona|Giga Drain|p1b: Kilowattrel
|-resisted|p1b: Kilowattrel
|-damage|p1b: Kilowattrel|13/100
|-heal|p2a: Volcarona|99/100|[from] drain|[of] p1b: Kilowattrel
|move|p1a: Incineroar|Parting Shot|p2a: Volcarona
|-unboost|p2a: Volcarona|atk|1
|-unboost|p2a: Volcarona|spa|1
|
|t:|1756314200
|switch|p1a: Amoonguss|Amoonguss, L50, F|100/100|[from] Parting Shot
|move|p2b: Incineroar|Knock Off|p1b: Kilowattrel
|-damage|p1b: Kilowattrel|0 fnt
|faint|p1b: Kilowattrel
|
|-heal|p2a: Volcarona|100/100|[from] Grassy Terrain
|-heal|p2b: Incineroar|99/100|[from] Grassy Terrain
|upkeep
|l|‽Dudthestud
|inactive|Dudthestud disconnected and has a minute to reconnect!
|player|p2|
|
|t:|1756314209
|switch|p1b: Ursaluna|Ursaluna, L50, M|94/100 brn
|turn|7
|inactive|Dudthestud has 30 seconds left.
|j|‽Dudthestud
|inactive|Dudthestud reconnected and has 30 seconds left.
|player|p2|Dudthestud|2|
|n|‽Dudthestud|dudthestud
|inactive|Dudthestud has 20 seconds left.
|
|t:|1756314249
|move|p2a: Volcarona|Protect|p2a: Volcarona
|-singleturn|p2a: Volcarona|Protect
|move|p1a: Amoonguss|Rage Powder|p1a: Amoonguss
|-singleturn|p1a: Amoonguss|move: Rage Powder
|move|p1b: Ursaluna|Facade|p2b: Incineroar
|-damage|p2b: Incineroar|0 fnt
|faint|p2b: Incineroar
|
|-heal|p1b: Ursaluna|100/100 brn|[from] Grassy Terrain
|-damage|p1b: Ursaluna|94/100 brn|[from] brn
|upkeep
|turn|8
|-message|Dudthestud forfeited.
|
|win|m111naaaa
|l|‽Dudthestud
|player|p2|
||m111naaaa is ready for game 2.
|raw|m111naaaa's rating: 1067 → 1091(+24 for winning)
|raw|Dudthestud's rating: 1000 → 1000(+0 for losing)
