|j|☆Fr0m0to0
|j|☆glofer
|html|Fr0m0to0glofer    
|uhtml|bestof|Game 2 of a best-of-3
|t:|1785761367
|gametype|doubles
|player|p1|Fr0m0to0|102|1169
|player|p2|glofer|blackbelt|1082
|gen|9
|tier|[Gen 9 Champions] VGC 2026 Reg M-B (Bo3)
|rated|
|rule|Species Clause: Limit one of each Pokémon
|rule|Item Clause: Limit 1 of each item
|clearpoke
|poke|p1|Grimmsnarl, L50, M|
|poke|p1|Venusaur, L50, M|
|poke|p1|Pelipper, L50, F|
|poke|p1|Archaludon, L50, F|
|poke|p1|Charizard, L50, F|
|poke|p1|Basculegion, L50, M|
|poke|p2|Bellibolt, L50, M|
|poke|p2|Manectric, L50, F|
|poke|p2|Jolteon, L50, M|
|poke|p2|Eelektross, L50, F|
|poke|p2|Raichu, L50, M|
|poke|p2|Emolga, L50, F|
|teampreview|4
|showteam|p1|Grimmsnarl||LightClay|Prankster|SpiritBreak,Reflect,LightScreen,PartingShot|Careful||M|||50|]Venusaur||FocusSash|Chlorophyll|SludgeBomb,EarthPower,SleepPowder,Protect|Modest||M|||50|]Pelipper||SitrusBerry|Drizzle|WeatherBall,Hurricane,Tailwind,WideGuard|Modest||F|||50|]Archaludon||Leftovers|Stamina|DragonPulse,FlashCannon,ElectroShot,Protect|Modest||F|||50|]Charizard||CharizarditeY|Blaze|HeatWave,SolarBeam,WeatherBall,Protect|Modest||F|||50|]Basculegion||ChoiceScarf|Adaptability|WaveCrash,FlipTurn,LastRespects,AquaJet|Jolly||M|||50|
|showteam|p2|Bellibolt||Leftovers|Electromorphosis|ParabolicCharge,MuddyWater,Soak,Protect|Quiet||M|||50|]Manectric||Manectite|LightningRod|VoltSwitch,Flamethrower,Snarl,Protect|Timid||F|||50|]Jolteon||FocusSash|VoltAbsorb|Discharge,ShadowBall,AlluringVoice,Protect|Timid||M|||50|]Eelektross||LifeOrb|Levitate|SupercellSlam,DrainPunch,Bulldoze,Coil|Brave||F|||50|]Raichu||RaichuniteY|LightningRod|ZapCannon,FocusBlast,FakeOut,Protect|Hasty||M|||50|]Emolga||ChoiceScarf|MotorDrive|ElectroBall,AirSlash,EnergyBall,Encore|Timid||F|||50|
|
|t:|1785761379
|teamsize|p1|4
|teamsize|p2|4
|start
|switch|p1a: Venusaur|Venusaur, L50, M|100/100
|switch|p1b: Grimmsnarl|Grimmsnarl, L50, M|100/100
|switch|p2a: Raichu|Raichu, L50, M|100/100
|switch|p2b: Jolteon|Jolteon, L50, M|100/100
|turn|1
|
|t:|1785761441
|detailschange|p2a: Raichu|Raichu-Mega-Y, L50, M
|-mega|p2a: Raichu|Raichu|Raichunite Y
|move|p1b: Grimmsnarl|Light Screen|p1b: Grimmsnarl
|-sidestart|p1: Fr0m0to0|move: Light Screen
|move|p2a: Raichu|Zap Cannon|p1b: Grimmsnarl
|-damage|p1b: Grimmsnarl|55/100
|-status|p1b: Grimmsnarl|par
|move|p2b: Jolteon|Alluring Voice|p1b: Grimmsnarl
|-supereffective|p1b: Grimmsnarl|1
|-damage|p1b: Grimmsnarl|24/100 par
|move|p1a: Venusaur|Earth Power|p2a: Raichu
|-supereffective|p2a: Raichu|1
|-damage|p2a: Raichu|6/100
|
|upkeep
|turn|2
|
|t:|1785761460
|move|p1b: Grimmsnarl|Parting Shot|p2b: Jolteon
|-unboost|p2b: Jolteon|atk|1
|-unboost|p2b: Jolteon|spa|1
|
|t:|1785761463
|switch|p1b: Archaludon|Archaludon, L50, F|100/100|[from] Parting Shot
|move|p2a: Raichu|Zap Cannon|p1a: Venusaur
|-resisted|p1a: Venusaur|1
|-damage|p1a: Venusaur|72/100
|-status|p1a: Venusaur|par
|move|p2b: Jolteon|Discharge|p1b: Archaludon|[spread] p2a,p1a,p1b
|-resisted|p2a: Raichu|1
|-crit|p2a: Raichu
|-resisted|p1a: Venusaur|1
|-resisted|p1b: Archaludon|1
|-damage|p2a: Raichu|0 fnt
|-damage|p1a: Venusaur|65/100 par
|-damage|p1b: Archaludon|93/100
|-ability|p1b: Archaludon|Stamina|boost
|-boost|p1b: Archaludon|def|1
|faint|p2a: Raichu
|move|p1a: Venusaur|Earth Power|p2b: Jolteon
|-supereffective|p2b: Jolteon|1
|-damage|p2b: Jolteon|25/100
|
|-heal|p1b: Archaludon|99/100|[from] item: Leftovers
|upkeep
|
|t:|1785761475
|switch|p2a: Bellibolt|Bellibolt, L50, M|100/100
|turn|3
|
|t:|1785761524
|move|p2b: Jolteon|Discharge|p1a: Venusaur|[spread] p2a,p1a,p1b
|-resisted|p2a: Bellibolt|1
|-resisted|p1a: Venusaur|1
|-resisted|p1b: Archaludon|1
|-damage|p2a: Bellibolt|90/100
|-damage|p1a: Venusaur|58/100 par
|-damage|p1b: Archaludon|92/100
|-status|p1b: Archaludon|par
|-start|p2a: Bellibolt|Charge|Discharge|[from] ability: Electromorphosis
|-ability|p1b: Archaludon|Stamina|boost
|-boost|p1b: Archaludon|def|1
|move|p1a: Venusaur|Sleep Powder|p2a: Bellibolt
|-status|p2a: Bellibolt|slp|[from] move: Sleep Powder
|cant|p2a: Bellibolt|slp
|-end|p2a: Bellibolt|Charge|[silent]
|move|p1b: Archaludon|Dragon Pulse|p2b: Jolteon
|-damage|p2b: Jolteon|0 fnt
|faint|p2b: Jolteon
|
|-heal|p2a: Bellibolt|96/100 slp|[from] item: Leftovers
|-heal|p1b: Archaludon|98/100 par|[from] item: Leftovers
|upkeep
|
|t:|1785761535
|switch|p2b: Emolga|Emolga, L50, F|100/100
|turn|4
|inactive|Battle timer is ON: inactive players will automatically lose when time's up. (requested by glofer)
|
|t:|1785761560
|move|p2b: Emolga|Air Slash|p1a: Venusaur
|-supereffective|p1a: Venusaur|1
|-damage|p1a: Venusaur|18/100 par
|move|p1a: Venusaur|Sleep Powder|p2b: Emolga
|-status|p2b: Emolga|slp|[from] move: Sleep Powder
|-curestatus|p2a: Bellibolt|slp|[msg]
|move|p2a: Bellibolt|Parabolic Charge|p1b: Archaludon|[spread] p1a,p1b
|-ability|p2b: Emolga|Motor Drive|boost
|-boost|p2b: Emolga|spe|1
|-resisted|p1a: Venusaur|1
|-resisted|p1b: Archaludon|1
|-damage|p1a: Venusaur|9/100 par
|-heal|p2a: Bellibolt|100/100|[from] drain|[of] p1a: Venusaur
|-damage|p1b: Archaludon|91/100 par
|-ability|p1b: Archaludon|Stamina|boost
|-boost|p1b: Archaludon|def|1
|move|p1b: Archaludon|Dragon Pulse|p2b: Emolga
|-damage|p2b: Emolga|24/100 slp
|
|-heal|p1b: Archaludon|97/100 par|[from] item: Leftovers
|upkeep
|turn|5
|
|t:|1785761584
|cant|p2b: Emolga|slp
|move|p1a: Venusaur|Sleep Powder|p2a: Bellibolt
|-status|p2a: Bellibolt|slp|[from] move: Sleep Powder
|cant|p2a: Bellibolt|slp
|move|p1b: Archaludon|Dragon Pulse|p2b: Emolga
|-damage|p2b: Emolga|0 fnt
|faint|p2b: Emolga
|
|-heal|p1b: Archaludon|100/100 par|[from] item: Leftovers
|upkeep
|turn|6
|-message|glofer forfeited.
|
|win|Fr0m0to0
|raw|Fr0m0to0's rating: 1169 → 1188(+19 for winning)
|raw|glofer's rating: 1082 → 1065(-17 for losing)
