|j|☆Jun RH
|j|☆Realfrytki
|html|Jun RHRealfrytki    
|uhtml|bestof|Game 2 of a best-of-3
|t:|1756296421
|gametype|doubles
|player|p1|Jun RH|burglar|1107
|player|p2|Realfrytki|veteranf|1242
|gen|9
|tier|[Gen 9] VGC 2025 Reg H (Bo3)
|rated|
|rule|Species Clause: Limit one of each Pokémon
|rule|Item Clause: Limit 1 of each item
|clearpoke
|poke|p1|Gholdengo, L50|
|poke|p1|Incineroar, L50, F|
|poke|p1|Amoonguss, L50, M|
|poke|p1|Dragonite, L50, F|
|poke|p1|Pelipper, L50, F|
|poke|p1|Archaludon, L50, F|
|poke|p2|Volcarona, L50, M|
|poke|p2|Rillaboom, L50, F|
|poke|p2|Dragonite, L50, F|
|poke|p2|Kingambit, L50, M|
|poke|p2|Sneasler, L50, F|
|poke|p2|Electabuzz, L50, F|
|teampreview|4
|showteam|p1|Gholdengo||LifeOrb|GoodasGold|MakeItRain,ShadowBall,NastyPlot,Protect||||||50|,,,,,Water]Incineroar||SafetyGoggles|Intimidate|KnockOff,FlareBlitz,FakeOut,PartingShot|||F|||50|,,,,,Ghost]Amoonguss||RockyHelmet|Regenerator|RagePowder,PollenPuff,Protect,Spore|||M|||50|,,,,,Fairy]Dragonite||LoadedDice|Multiscale|ScaleShot,Tailwind,Protect,Haze|||F|||50|,,,,,Fairy]Pelipper||FocusSash|Drizzle|Hurricane,WeatherBall,WideGuard,Protect|||F|||50|,,,,,Stellar]Archaludon||AssaultVest|Stamina|FlashCannon,DracoMeteor,ElectroShot,BodyPress|||F|||50|,,,,,Grass
|showteam|p2|Volcarona||Leftovers|FlameBody|HeatWave,TeraBlast,QuiverDance,Protect|||M|||50|,,,,,Fairy]Rillaboom||MiracleSeed|GrassySurge|WoodHammer,GrassyGlide,FakeOut,HighHorsepower|||F|||50|,,,,,Fire]Dragonite||LoadedDice|Multiscale|ScaleShot,ExtremeSpeed,Haze,Protect|||F|||50|,,,,,Steel]Kingambit||AssaultVest|Defiant|KowtowCleave,SuckerPunch,IronHead,TeraBlast|||M|||50|,,,,,Flying]Sneasler||FocusSash|Unburden|CloseCombat,DireClaw,Coaching,FakeOut|||F|||50|,,,,,Stellar]Electabuzz||Eviolite|VitalSpirit|Thunderbolt,FollowMe,Taunt,Protect|||F|||50|,,,,,Ghost
|
|t:|1756296498
|teamsize|p1|4
|teamsize|p2|4
|start
|switch|p1a: Incineroar|Incineroar, L50, F|100/100
|switch|p1b: Archaludon|Archaludon, L50, F|100/100
|switch|p2a: Rillaboom|Rillaboom, L50, F|100/100
|switch|p2b: Volcarona|Volcarona, L50, M|100/100
|-ability|p1a: Incineroar|Intimidate|boost
|-unboost|p2a: Rillaboom|atk|1
|-unboost|p2b: Volcarona|atk|1
|-fieldstart|move: Grassy Terrain|[from] ability: Grassy Surge|[of] p2a: Rillaboom
|turn|1
|
|t:|1756296534
|-terastallize|p2b: Volcarona|Fairy
|move|p2a: Rillaboom|Fake Out|p1a: Incineroar
|-damage|p1a: Incineroar|91/100
|move|p2b: Volcarona|Quiver Dance|p2b: Volcarona
|-boost|p2b: Volcarona|spa|1
|-boost|p2b: Volcarona|spd|1
|-boost|p2b: Volcarona|spe|1
|cant|p1a: Incineroar|flinch
|move|p1b: Archaludon|Body Press|p2a: Rillaboom
|-damage|p2a: Rillaboom|77/100
|
|-heal|p1a: Incineroar|97/100|[from] Grassy Terrain
|-heal|p2a: Rillaboom|82/100|[from] Grassy Terrain
|upkeep
|turn|2
|
|t:|1756296557
|switch|p2a: Electabuzz|Electabuzz, L50, F|100/100
|move|p2b: Volcarona|Protect|p2b: Volcarona
|-singleturn|p2b: Volcarona|Protect
|move|p1a: Incineroar|Knock Off|p2b: Volcarona
|-activate|p2b: Volcarona|move: Protect
|move|p1b: Archaludon|Flash Cannon|p2b: Volcarona
|-activate|p2b: Volcarona|move: Protect
|
|-heal|p1a: Incineroar|100/100|[from] Grassy Terrain
|upkeep
|turn|3
|
|t:|1756296580
|move|p2a: Electabuzz|Follow Me|p2a: Electabuzz
|-singleturn|p2a: Electabuzz|move: Follow Me
|move|p2b: Volcarona|Quiver Dance|p2b: Volcarona
|-boost|p2b: Volcarona|spa|1
|-boost|p2b: Volcarona|spd|1
|-boost|p2b: Volcarona|spe|1
|move|p1a: Incineroar|Knock Off|p2a: Electabuzz
|-damage|p2a: Electabuzz|69/100
|-enditem|p2a: Electabuzz|Eviolite|[from] move: Knock Off|[of] p1a: Incineroar
|move|p1b: Archaludon|Body Press|p2a: Electabuzz
|-damage|p2a: Electabuzz|38/100
|
|-heal|p2a: Electabuzz|44/100|[from] Grassy Terrain
|upkeep
|turn|4
|
|t:|1756296612
|switch|p1b: Pelipper|Pelipper, L50, F|100/100
|-weather|RainDance|[from] ability: Drizzle|[of] p1b: Pelipper
|move|p2a: Electabuzz|Follow Me|p2a: Electabuzz
|-singleturn|p2a: Electabuzz|move: Follow Me
|move|p2b: Volcarona|Tera Blast|p1b: Pelipper|[anim] Tera Blast Fairy
|-enditem|p1b: Pelipper|Focus Sash
|-damage|p1b: Pelipper|1/100
|move|p1a: Incineroar|Parting Shot|p2a: Electabuzz
|-unboost|p2a: Electabuzz|atk|1
|-unboost|p2a: Electabuzz|spa|1
|
|t:|1756296635
|switch|p1a: Dragonite|Dragonite, L50, F|100/100|[from] Parting Shot
|
|-weather|RainDance|[upkeep]
|-heal|p2a: Electabuzz|50/100|[from] Grassy Terrain
|upkeep
|turn|5
|
|t:|1756296668
|-terastallize|p1a: Dragonite|Fairy
|move|p1b: Pelipper|Protect|p1b: Pelipper
|-singleturn|p1b: Pelipper|Protect
|move|p2b: Volcarona|Tera Blast|p1b: Pelipper|[anim] Tera Blast Fairy
|-activate|p1b: Pelipper|move: Protect
|move|p2a: Electabuzz|Taunt|p1a: Dragonite
|-start|p1a: Dragonite|move: Taunt
|cant|p1a: Dragonite|move: Taunt|Haze
|
|-weather|RainDance|[upkeep]
|-heal|p2a: Electabuzz|56/100|[from] Grassy Terrain
|-fieldend|move: Grassy Terrain
|upkeep
|turn|6
|
|t:|1756296697
|switch|p1b: Archaludon|Archaludon, L50, F|100/100
|move|p2b: Volcarona|Tera Blast|p1a: Dragonite|[anim] Tera Blast Fairy
|-damage|p1a: Dragonite|57/100
|move|p2a: Electabuzz|Thunderbolt|p1b: Archaludon
|-resisted|p1b: Archaludon
|-damage|p1b: Archaludon|93/100
|-status|p1b: Archaludon|par
|-ability|p1b: Archaludon|Stamina|boost
|-boost|p1b: Archaludon|def|1
|move|p1a: Dragonite|Scale Shot|p2a: Electabuzz
|-damage|p2a: Electabuzz|40/100
|-damage|p2a: Electabuzz|23/100
|-damage|p2a: Electabuzz|5/100
|-damage|p2a: Electabuzz|0 fnt
|faint|p2a: Electabuzz
|-hitcount|p2: Electabuzz|4
|-unboost|p1a: Dragonite|def|1
|-boost|p1a: Dragonite|spe|1
|
|-weather|RainDance|[upkeep]
|upkeep
|
|t:|1756296718
|switch|p2a: Rillaboom|Rillaboom, L50, F|82/100
|-fieldstart|move: Grassy Terrain|[from] ability: Grassy Surge|[of] p2a: Rillaboom
|turn|7
|
|t:|1756296750
|switch|p1a: Incineroar|Incineroar, L50, F|100/100
|-ability|p1a: Incineroar|Intimidate|boost
|-unboost|p2a: Rillaboom|atk|1
|-unboost|p2b: Volcarona|atk|1
|move|p2a: Rillaboom|Grassy Glide|p1a: Incineroar
|-resisted|p1a: Incineroar
|-damage|p1a: Incineroar|84/100
|move|p2b: Volcarona|Tera Blast|p1b: Archaludon|[anim] Tera Blast Fairy
|-damage|p1b: Archaludon|23/100 par
|-ability|p1b: Archaludon|Stamina|boost
|-boost|p1b: Archaludon|def|1
|move|p1b: Archaludon|Body Press|p2a: Rillaboom
|-crit|p2a: Rillaboom
|-damage|p2a: Rillaboom|20/100
|
|-weather|RainDance|[upkeep]
|-heal|p1a: Incineroar|90/100|[from] Grassy Terrain
|-heal|p2a: Rillaboom|25/100|[from] Grassy Terrain
|-heal|p1b: Archaludon|30/100 par|[from] Grassy Terrain
|upkeep
|turn|8
|
|t:|1756296786
|switch|p2a: Sneasler|Sneasler, L50, F|100/100
|move|p2b: Volcarona|Protect|p2b: Volcarona
|-singleturn|p2b: Volcarona|Protect
|move|p1a: Incineroar|Fake Out|p2a: Sneasler
|-damage|p2a: Sneasler|84/100
|cant|p1b: Archaludon|par
|
|-weather|none
|-heal|p2a: Sneasler|90/100|[from] Grassy Terrain
|-heal|p1a: Incineroar|96/100|[from] Grassy Terrain
|-heal|p1b: Archaludon|36/100 par|[from] Grassy Terrain
|upkeep
|turn|9
|
|t:|1756296815
|switch|p1a: Pelipper|Pelipper, L50, F|1/100
|-weather|RainDance|[from] ability: Drizzle|[of] p1a: Pelipper
|move|p2b: Volcarona|Tera Blast|p1b: Archaludon|[anim] Tera Blast Fairy
|-damage|p1b: Archaludon|0 fnt
|faint|p1b: Archaludon
|move|p2a: Sneasler|Close Combat|p1a: Pelipper
|-resisted|p1a: Pelipper
|-damage|p1a: Pelipper|0 fnt
|-unboost|p2a: Sneasler|def|1
|-unboost|p2a: Sneasler|spd|1
|faint|p1a: Pelipper
|
|-weather|RainDance|[upkeep]
|-heal|p2a: Sneasler|95/100|[from] Grassy Terrain
|upkeep
|
|t:|1756296828
|switch|p1a: Incineroar|Incineroar, L50, F|96/100
|switch|p1b: Dragonite|Dragonite, L50, F, tera:Fairy|57/100
|-ability|p1a: Incineroar|Intimidate|boost
|-unboost|p2a: Sneasler|atk|1
|-unboost|p2b: Volcarona|atk|1
|turn|10
|
|t:|1756296849
|move|p1a: Incineroar|Fake Out|p2a: Sneasler
|-damage|p2a: Sneasler|70/100
|move|p2b: Volcarona|Tera Blast|p1b: Dragonite|[anim] Tera Blast Fairy
|-damage|p1b: Dragonite|0 fnt
|faint|p1b: Dragonite
|cant|p2a: Sneasler|flinch
|
|-weather|RainDance|[upkeep]
|-heal|p2a: Sneasler|75/100|[from] Grassy Terrain
|-heal|p1a: Incineroar|100/100|[from] Grassy Terrain
|upkeep
|turn|11
|-message|Jun RH forfeited.
|
|win|Realfrytki
||Realfrytki is ready for game 3.
