|j|☆capacete5
|j|☆berto777
|html|capacete5berto777    
|uhtml|bestof|Game 2 of a best-of-3
|t:|1782426375
|gametype|doubles
|player|p1|capacete5|byron|1055
|player|p2|berto777|1|1104
|gen|9
|tier|[Gen 9 Champions] VGC 2026 Reg M-B (Bo3)
|rated|
|rule|Species Clause: Limit one of each Pokémon
|rule|Item Clause: Limit 1 of each item
|clearpoke
|poke|p1|Aerodactyl, L50, M|
|poke|p1|Garchomp, L50, F|
|poke|p1|Kingambit, L50, M|
|poke|p1|Farigiraf, L50, F|
|poke|p1|Sylveon, L50, M|
|poke|p1|Charizard, L50, M|
|poke|p2|Charizard, L50, M|
|poke|p2|Sinistcha, L50|
|poke|p2|Sableye, L50, F|
|poke|p2|Sneasler, L50, M|
|poke|p2|Garchomp, L50, M|
|poke|p2|Eelektross, L50, F|
|teampreview|4
|showteam|p1|Aerodactyl||Aerodactylite|Unnerve|RockSlide,IceFang,DualWingbeat,Tailwind|Jolly||M|||50|]Garchomp||LifeOrb|RoughSkin|Protect,DragonClaw,Earthquake,StompingTantrum|Adamant||F|||50|]Kingambit||FocusSash|Defiant|LowKick,IronHead,SuckerPunch,Protect|Adamant||M|||50|]Farigiraf||SitrusBerry|ArmorTail|HelpingHand,Psychic,TrickRoom,EnergyBall|Bold||F|||50|]Sylveon||FairyFeather|Pixilate|HyperVoice,Protect,HyperBeam,QuickAttack|Bold||M|||50|]Charizard||CharizarditeY|Blaze|HeatWave,WeatherBall,SolarBeam,Protect|Modest||M|||50|
|showteam|p2|Charizard||CharizarditeY|Blaze|Protect,WeatherBall,HeatWave,SolarBeam|Timid||M|||50|]Sinistcha||ColburBerry|Hospitality|MatchaGotcha,RagePowder,LifeDew,ShadowBall|Bold|||||50|]Sableye||FocusSash|Prankster|Quash,Detect,Encore,FakeOut|Careful||F|||50|]Sneasler||WhiteHerb|Unburden|CloseCombat,FakeOut,Protect,DireClaw|Adamant||M|||50|]Garchomp||ChoiceScarf|RoughSkin|RockSlide,Earthquake,DragonClaw,IronHead|Jolly||M|||50|]Eelektross||Eelektrossite|Levitate|Discharge,Protect,GigaDrain,Thunderbolt|Modest||F|||50|
|inactive|Battle timer is ON: inactive players will automatically lose when time's up. (requested by capacete5)
|
|t:|1782426397
|teamsize|p1|4
|teamsize|p2|4
|start
|switch|p1a: Aerodactyl|Aerodactyl, L50, M|100/100
|switch|p1b: Sylveon|Sylveon, L50, M|100/100
|switch|p2a: Charizard|Charizard, L50, M|100/100
|switch|p2b: Garchomp|Garchomp, L50, M|100/100
|-ability|p1a: Aerodactyl|Unnerve
|turn|1
|inactive|berto777 has 30 seconds left.
|
|t:|1782426426
|detailschange|p1a: Aerodactyl|Aerodactyl-Mega, L50, M
|-mega|p1a: Aerodactyl|Aerodactyl|Aerodactylite
|detailschange|p2a: Charizard|Charizard-Mega-Y, L50, M
|-mega|p2a: Charizard|Charizard|Charizardite Y
|-weather|SunnyDay|[from] ability: Drought|[of] p2a: Charizard
|move|p2a: Charizard|Protect|p2a: Charizard
|-singleturn|p2a: Charizard|Protect
|move|p2b: Garchomp|Iron Head|p1a: Aerodactyl
|-supereffective|p1a: Aerodactyl|1
|-damage|p1a: Aerodactyl|43/100
|move|p1a: Aerodactyl|Tailwind|p1a: Aerodactyl
|-sidestart|p1: capacete5|move: Tailwind
|move|p1b: Sylveon|Hyper Voice|p2b: Garchomp|[spread] p2b
|-activate|p2a: Charizard|move: Protect
|-supereffective|p2b: Garchomp|1
|-damage|p2b: Garchomp|5/100
|
|-weather|SunnyDay|[upkeep]
|upkeep
|turn|2
|
|t:|1782426450
|switch|p2a: Sneasler|Sneasler, L50, M|100/100
|move|p1b: Sylveon|Quick Attack|p2b: Garchomp
|-supereffective|p2b: Garchomp|1
|-damage|p2b: Garchomp|0 fnt
|-damage|p1b: Sylveon|87/100|[from] ability: Rough Skin|[of] p2b: Garchomp
|faint|p2b: Garchomp
|move|p1a: Aerodactyl|Rock Slide|p2a: Sneasler
|-resisted|p2a: Sneasler|1
|-damage|p2a: Sneasler|71/100
|
|-weather|SunnyDay|[upkeep]
|upkeep
|
|t:|1782426454
|switch|p2b: Charizard|Charizard-Mega-Y, L50, M|100/100
|turn|3
|
|t:|1782426471
|switch|p1b: Farigiraf|Farigiraf, L50, F|100/100
|move|p2a: Sneasler|Fake Out||[still]
|cant|p1b: Farigiraf|ability: Armor Tail|Fake Out|[of] p2a: Sneasler
|move|p1a: Aerodactyl|Rock Slide|p2a: Sneasler|[spread] p2a,p2b
|-resisted|p2a: Sneasler|1
|-supereffective|p2b: Charizard|2
|-damage|p2a: Sneasler|50/100g
|-damage|p2b: Charizard|0 fnt
|faint|p2b: Charizard
|
|-weather|SunnyDay|[upkeep]
|upkeep
|
|t:|1782426488
|switch|p2b: Sableye|Sableye, L50, F|100/100
|turn|4
|inactive|berto777 has 30 seconds left.
|inactive|berto777 has 20 seconds left.
|inactive|berto777 has 15 seconds left.
|inactive|berto777 has 10 seconds left.
|
|t:|1782426535
|move|p2b: Sableye|Detect|p2b: Sableye
|-singleturn|p2b: Sableye|Protect
|move|p1a: Aerodactyl|Rock Slide|p2a: Sneasler|[spread] p2a
|-activate|p2b: Sableye|move: Protect
|-resisted|p2a: Sneasler|1
|-damage|p2a: Sneasler|30/100
|cant|p2a: Sneasler|flinch
|move|p1b: Farigiraf|Energy Ball|p2b: Sableye
|-activate|p2b: Sableye|move: Protect
|
|-weather|SunnyDay|[upkeep]
|-sideend|p1: capacete5|move: Tailwind
|upkeep
|turn|5
|inactive|capacete5 has 30 seconds left.
|inactive|berto777 has 30 seconds left.
|inactive|berto777 has 20 seconds left.
|
|t:|1782426574
|move|p2b: Sableye|Quash||[still]
|cant|p1b: Farigiraf|ability: Armor Tail|Quash|[of] p2b: Sableye
|move|p1a: Aerodactyl|Tailwind|p1a: Aerodactyl
|-sidestart|p1: capacete5|move: Tailwind
|move|p2a: Sneasler|Close Combat|p1b: Farigiraf
|-damage|p1b: Farigiraf|53/100
|-unboost|p2a: Sneasler|def|1
|-unboost|p2a: Sneasler|spd|1
|-enditem|p2a: Sneasler|White Herb
|-clearnegativeboost|p2a: Sneasler|[silent]
|move|p1b: Farigiraf|Energy Ball|p2b: Sableye
|-crit|p2b: Sableye
|-damage|p2b: Sableye|63/100
|
|-weather|none
|upkeep
|turn|6
|
|t:|1782426598
|move|p2b: Sableye|Detect|p2b: Sableye
|-singleturn|p2b: Sableye|Protect
|move|p1a: Aerodactyl|Dual Wingbeat|p2b: Sableye
|-activate|p2b: Sableye|move: Protect
|move|p2a: Sneasler|Dire Claw|p1a: Aerodactyl
|-resisted|p1a: Aerodactyl|1
|-damage|p1a: Aerodactyl|19/100
|move|p1b: Farigiraf|Psychic|p2a: Sneasler
|-supereffective|p2a: Sneasler|2
|-damage|p2a: Sneasler|0 fnt
|faint|p2a: Sneasler
|
|upkeep
|turn|7
|
|t:|1782426616
|move|p2b: Sableye|Quash||[still]
|cant|p1b: Farigiraf|ability: Armor Tail|Quash|[of] p2b: Sableye
|move|p1a: Aerodactyl|Dual Wingbeat|p2b: Sableye
|-damage|p2b: Sableye|26/100
|-damage|p2b: Sableye|0 fnt
|faint|p2b: Sableye
|-hitcount|p2: Sableye|2
|
|win|capacete5
