|j|☆antopeizYZ
|j|☆Il Mule
|html|antopeizYZIl Mule    
|uhtml|bestof|Game 1 of a best-of-3
|t:|1785426822
|gametype|doubles
|player|p1|antopeizYZ|hilda|1210
|player|p2|Il Mule|salvatore|1477
|gen|9
|tier|[Gen 9 Champions] VGC 2026 Reg M-B (Bo3)
|rated|
|rule|Species Clause: Limit one of each Pokémon
|rule|Item Clause: Limit 1 of each item
|clearpoke
|poke|p1|Hatterene, L50, F, shiny|
|poke|p1|Farigiraf, L50, M|
|poke|p1|Camerupt, L50, F|
|poke|p1|Grimmsnarl, L50, M, shiny|
|poke|p1|Primarina, L50, F|
|poke|p1|Chesnaught, L50, F|
|poke|p2|Excadrill, L50, F|
|poke|p2|Tyranitar, L50, M|
|poke|p2|Sneasler, L50, F|
|poke|p2|Incineroar, L50, F|
|poke|p2|Froslass, L50, F|
|poke|p2|Sinistcha, L50|
|teampreview|4
|showteam|p1|Hatterene||LifeOrb|MagicBounce|DazzlingGleam,TrickRoom,ExpandingForce,Protect|Quiet||F|||50|]Farigiraf||SitrusBerry|ArmorTail|TrickRoom,PsychicTerrain,ExpandingForce,Protect|Relaxed||M|||50|]Camerupt||Cameruptite|SolidRock|AncientPower,HeatWave,EarthPower,Protect|Quiet||F|||50|]Grimmsnarl||LightClay|Prankster|SpiritBreak,Reflect,LightScreen,PartingShot|Sassy||M|||50|]Primarina||Leftovers|LiquidVoice|HyperVoice,CalmMind,Moonblast,Protect|Relaxed||F|||50|]Chesnaught||Chesnaughtite|Bulletproof|BodyPress,WoodHammer,IronDefense,SpikyShield|Sassy||F|||50|
|showteam|p2|Excadrill||FocusSash|SandRush|HighHorsepower,RockSlide,IronHead,Protect|Adamant||F|||50|]Tyranitar||Tyranitarite|SandStream|KnockOff,RockSlide,DragonDance,Protect|Adamant||M|||50|]Sneasler||WhiteHerb|Unburden|CloseCombat,DireClaw,Coaching,FakeOut|Jolly||F|||50|]Incineroar||SitrusBerry|Intimidate|FlareBlitz,HelpingHand,PartingShot,FakeOut|Impish||F|||50|]Froslass||Froslassite|CursedBody|Blizzard,ShadowBall,NastyPlot,Protect|Timid||F|||50|]Sinistcha||ColburBerry|Hospitality|ShadowBall,LeafStorm,RagePowder,Protect|Bold|||||50|
|inactive|Battle timer is ON: inactive players will automatically lose when time's up. (requested by antopeizYZ)
|inactive|antopeizYZ has 60 seconds left.
|inactive|Il Mule has 60 seconds left.
|j| rovesciaporci
|j| Spadello
|c| Spadello|bello il suo team
|c|☆Il Mule|catalicappiello
|inactive|antopeizYZ has 30 seconds left.
|c| Spadello|se perdii questa perdi 800 punti
|c| Spadello|stai attento
|
|t:|1785426891
|teamsize|p1|4
|teamsize|p2|4
|start
|switch|p1a: Farigiraf|Farigiraf, L50, M|100/100
|switch|p1b: Chesnaught|Chesnaught, L50, F|100/100
|switch|p2a: Sidy|Incineroar, L50, F|100/100
|switch|p2b: Quando provo|Tyranitar, L50, M|100/100
|-weather|Sandstorm|[from] ability: Sand Stream|[of] p2b: Quando provo
|-ability|p2a: Sidy|Intimidate|boost
|-unboost|p1a: Farigiraf|atk|1
|-unboost|p1b: Chesnaught|atk|1
|turn|1
|inactive|antopeizYZ has 30 seconds left.
|inactive|Il Mule has 30 seconds left.
|c| rovesciaporci|e non a caso ci perderemo perché sto coso ci wallapop
|inactive|Il Mule has 20 seconds left.
|inactive|Il Mule has 15 seconds left.
|c|☆Il Mule|otorino laringoiatra
|inactive|Il Mule has 10 seconds left.
|inactive|Il Mule has 5 seconds left.
|
|t:|1785426943
|detailschange|p1b: Chesnaught|Chesnaught-Mega, L50, F
|-mega|p1b: Chesnaught|Chesnaught|Chesnaughtite
|move|p2b: Quando provo|Protect|p2b: Quando provo
|-singleturn|p2b: Quando provo|Protect
|move|p2a: Sidy|Parting Shot|p1b: Chesnaught
|-unboost|p1b: Chesnaught|atk|1
|-unboost|p1b: Chesnaught|spa|1
|
|t:|1785426949
|switch|p2a: Las brulè|Sinistcha, L50|100/100|[from] Parting Shot
|move|p1b: Chesnaught|Body Press|p2b: Quando provo
|-activate|p2b: Quando provo|move: Protect
|move|p1a: Farigiraf|Trick Room|p1a: Farigiraf
|-fieldstart|move: Trick Room|[of] p1a: Farigiraf
|
|-weather|Sandstorm|[upkeep]
|-damage|p1b: Chesnaught|93/100|[from] Sandstorm
|-damage|p1a: Farigiraf|93/100|[from] Sandstorm
|-damage|p2a: Las brulè|93/100|[from] Sandstorm
|upkeep
|turn|2
|j| Jenny Nencioni
|c|☆Il Mule|porca troia che merda di analisi
|n|‽Il Mule|ilmule
|c|~|/log Il Mule was locked from talking by Artemis. (☆Il Mule: porca troia che merda di analisi)
|c|~|/raw This action was done automatically. Want to learn more about the AI? Visit the information thread.
|c| Jenny Nencioni|HAHAHAHAHA
|inactive|antopeizYZ has 30 seconds left.
|inactive|Il Mule has 30 seconds left.
|inactive|antopeizYZ has 20 seconds left.
|inactive|Il Mule has 20 seconds left.
|inactive|Il Mule has 15 seconds left.
|
|t:|1785426991
|switch|p1a: Primarina|Primarina, L50, F|100/100
|detailschange|p2b: Quando provo|Tyranitar-Mega, L50, M
|-mega|p2b: Quando provo|Tyranitar|Tyranitarite
|move|p2a: Las brulè|Rage Powder|p2a: Las brulè
|-singleturn|p2a: Las brulè|move: Rage Powder
|move|p1b: Chesnaught|Iron Defense|p1b: Chesnaught
|-boost|p1b: Chesnaught|def|2
|move|p2b: Quando provo|Rock Slide|p1b: Chesnaught|[spread] p1a
|-miss|p2b: Quando provo|p1b: Chesnaught
|-damage|p1a: Primarina|69/100
|
|-weather|Sandstorm|[upkeep]
|-damage|p1b: Chesnaught|87/100|[from] Sandstorm
|-damage|p1a: Primarina|63/100|[from] Sandstorm
|-damage|p2a: Las brulè|87/100|[from] Sandstorm
|-heal|p1a: Primarina|69/100|[from] item: Leftovers
|upkeep
|turn|3
|c| Spadello|godo
|l| rovesciaporci
|j| estupinanthepuledr
|c| Jenny Nencioni|è finita per tutti noi
|
|t:|1785427013
|move|p2a: Las brulè|Rage Powder|p2a: Las brulè
|-singleturn|p2a: Las brulè|move: Rage Powder
|move|p1b: Chesnaught|Iron Defense|p1b: Chesnaught
|-boost|p1b: Chesnaught|def|2
|move|p1a: Primarina|Calm Mind|p1a: Primarina
|-boost|p1a: Primarina|spa|1
|-boost|p1a: Primarina|spd|1
|move|p2b: Quando provo|Rock Slide|p1a: Primarina|[spread] p1a,p1b
|-resisted|p1b: Chesnaught|1
|-damage|p1a: Primarina|41/100
|-damage|p1b: Chesnaught|84/100
|
|-weather|Sandstorm|[upkeep]
|-damage|p1b: Chesnaught|78/100|[from] Sandstorm
|-damage|p1a: Primarina|35/100|[from] Sandstorm
|-damage|p2a: Las brulè|81/100|[from] Sandstorm
|-heal|p1a: Primarina|41/100|[from] item: Leftovers
|upkeep
|turn|4
|j| rovesciaporci
|l| Spadello
|
|t:|1785427034
|move|p2b: Quando provo|Protect|p2b: Quando provo
|-singleturn|p2b: Quando provo|Protect
|move|p1b: Chesnaught|Wood Hammer|p2a: Las brulè
|-resisted|p2a: Las brulè|1
|-crit|p2a: Las brulè
|-damage|p2a: Las brulè|45/100
|-damage|p1b: Chesnaught|67/100|[from] Recoil
|move|p1a: Primarina|Hyper Voice|p2b: Quando provo|[spread] p2a
|-activate|p2b: Quando provo|move: Protect
|-resisted|p2a: Las brulè|1
|-damage|p2a: Las brulè|25/100
|move|p2a: Las brulè|Leaf Storm|p1b: Chesnaught
|-resisted|p1b: Chesnaught|1
|-damage|p1b: Chesnaught|51/100
|-unboost|p2a: Las brulè|spa|2
|
|-weather|Sandstorm|[upkeep]
|-damage|p1b: Chesnaught|45/100|[from] Sandstorm
|-damage|p1a: Primarina|35/100|[from] Sandstorm
|-damage|p2a: Las brulè|19/100|[from] Sandstorm
|-heal|p1a: Primarina|41/100|[from] item: Leftovers
|upkeep
|turn|5
|c| estupinanthepuledr|acciderbolina che analisi di mercato insuffiziente
|j| Tridello
|c| Jenny Nencioni|sto ancora ridendo
|
|t:|1785427056
|move|p2a: Las brulè|Rage Powder|p2a: Las brulè
|-singleturn|p2a: Las brulè|move: Rage Powder
|move|p1b: Chesnaught|Body Press|p2b: Quando provo
|-supereffective|p2b: Quando provo|2
|-damage|p2b: Quando provo|0 fnt
|faint|p2b: Quando provo
|move|p1a: Primarina|Hyper Voice|p2a: Las brulè
|-resisted|p2a: Las brulè|1
|-damage|p2a: Las brulè|0 fnt
|faint|p2a: Las brulè
|
|-weather|none
|-heal|p1a: Primarina|47/100|[from] item: Leftovers
|-fieldend|move: Trick Room
|upkeep
|
|t:|1785427063
|switch|p2b: Gervasoni|Excadrill, L50, F|100/100
|switch|p2a: Sidy|Incineroar, L50, F|100/100
|-ability|p2a: Sidy|Intimidate|boost
|-unboost|p1a: Primarina|atk|1
|-unboost|p1b: Chesnaught|atk|1
|turn|6
|-message|Il Mule forfeited.
|
|win|antopeizYZ
