|j|‽AIRegMB
|j|☆Andrea Pirlo 2
|html|AIRegMBAndrea Pirlo 2    
|uhtml|bestof|Game 1 of a best-of-3
|t:|1782485275
|gametype|doubles
|player|p1|AIRegMB|alec-anime|1390
|player|p2|Andrea Pirlo 2|volkner|1406
|gen|9
|tier|[Gen 9 Champions] VGC 2026 Reg M-B (Bo3)
|rated|
|rule|Species Clause: Limit one of each Pokémon
|rule|Item Clause: Limit 1 of each item
|clearpoke
|poke|p1|Sinistcha, L50|
|poke|p1|Ceruledge, L50, M|
|poke|p1|Ninetales-Alola, L50, F|
|poke|p1|Scovillain, L50, M|
|poke|p1|Annihilape, L50, F|
|poke|p1|Incineroar, L50, F, shiny|
|poke|p2|Swampert, L50, F|
|poke|p2|Pelipper, L50, M|
|poke|p2|Archaludon, L50, M|
|poke|p2|Sneasler, L50, F|
|poke|p2|Gholdengo, L50|
|poke|p2|Sableye, L50, F|
|teampreview|4
|showteam|p1|Sinistcha||KasibBerry|Hospitality|RagePowder,MatchaGotcha,TrickRoom,Protect|Bold|||||50|]Ceruledge||ColburBerry|FlashFire|BulkUp,BitterBlade,ShadowSneak,Protect|Adamant||M|||50|]Ninetales-Alola||NeverMeltIce|SnowWarning|Blizzard,FreezeDry,AuroraVeil,Protect|Timid||F|||50|]Scovillain||Scovillainite|Moody|RagePowder,GigaDrain,Overheat,Protect|Calm||M|||50|]Annihilape||FocusSash|Defiant|RageFist,CloseCombat,Coaching,Protect|Adamant||F|||50|]Incineroar||SitrusBerry|Intimidate|FakeOut,FlareBlitz,ThroatChop,PartingShot|Careful||F|||50|
|showteam|p2|Swampert||Swampertite|Torrent|HighHorsepower,WaveCrash,IcePunch,Protect|Adamant||F|||50|]Pelipper||LifeOrb|Drizzle|WeatherBall,Hurricane,Tailwind,Protect|Modest||M|||50|]Archaludon||Leftovers|Stamina|ElectroShot,DragonPulse,FlashCannon,Protect|Modest||M|||50|]Sneasler||FocusSash|Unburden|CloseCombat,DireClaw,FakeOut,Protect|Jolly||F|||50|]Gholdengo||MetalCoat|GoodasGold|MakeItRain,ShadowBall,NastyPlot,Protect|Timid|||||50|]Sableye||RoseliBerry|Prankster|Encore,WillOWisp,LightScreen,RainDance|Calm||F|||50|
|
|t:|1782485303
|teamsize|p1|4
|teamsize|p2|4
|start
|switch|p1a: Annihilape|Annihilape, L50, F|100/100
|switch|p1b: Scovillain|Scovillain, L50, M|100/100
|switch|p2a: Sableye|Sableye, L50, F|100/100
|switch|p2b: Swampert|Swampert, L50, F|100/100
|turn|1
|
|t:|1782485344
|detailschange|p2b: Swampert|Swampert-Mega, L50, F
|-mega|p2b: Swampert|Swampert|Swampertite
|detailschange|p1b: Scovillain|Scovillain-Mega, L50, M
|-mega|p1b: Scovillain|Scovillain|Scovillainite
|move|p2a: Sableye|Rain Dance|p2a: Sableye
|-weather|RainDance
|move|p2b: Swampert|Wave Crash|p1b: Scovillain
|-damage|p1b: Scovillain|0 fnt
|-status|p2b: Swampert|brn|[from] ability: Spicy Spray|[of] p1b: Scovillain
|faint|p1b: Scovillain
|-damage|p2b: Swampert|69/100 brn|[from] Recoil
|move|p1a: Annihilape|Close Combat|p2b: Swampert
|-damage|p2b: Swampert|11/100 brn
|-unboost|p1a: Annihilape|def|1
|-unboost|p1a: Annihilape|spd|1
|
|-weather|RainDance|[upkeep]
|-damage|p2b: Swampert|5/100 brn|[from] brn
|upkeep
|
|t:|1782485354
|switch|p1b: Ceruledge|Ceruledge, L50, M|100/100
|turn|2
|
|t:|1782485365
|move|p1a: Annihilape|Protect|p1a: Annihilape
|-singleturn|p1a: Annihilape|Protect
|move|p1b: Ceruledge|Protect|p1b: Ceruledge
|-singleturn|p1b: Ceruledge|Protect
|move|p2a: Sableye|Will-O-Wisp|p1a: Annihilape
|-activate|p1a: Annihilape|move: Protect
|move|p2b: Swampert|Wave Crash|p1b: Ceruledge
|-activate|p1b: Ceruledge|move: Protect
|
|-weather|RainDance|[upkeep]
|-damage|p2b: Swampert|0 fnt|[from] brn
|faint|p2b: Swampert
|upkeep
|
|t:|1782485371
|switch|p2b: Archaludon|Archaludon, L50, M|100/100
|turn|3
|
|t:|1782485393
|switch|p1a: Ninetales|Ninetales-Alola, L50, F|100/100
|-weather|Snowscape|[from] ability: Snow Warning|[of] p1a: Ninetales
|move|p2a: Sableye|Encore||[still]
|-fail|p2a: Sableye
|move|p2b: Archaludon|Electro Shot||[still]
|-prepare|p2b: Archaludon|Electro Shot
|-boost|p2b: Archaludon|spa|1
|move|p1b: Ceruledge|Bitter Blade|p2a: Sableye
|-damage|p2a: Sableye|36/100
|
|-weather|Snowscape|[upkeep]
|upkeep
|turn|4
|
|t:|1782485423
|move|p2a: Sableye|Light Screen|p2a: Sableye
|-sidestart|p2: Andrea Pirlo 2|move: Light Screen
|move|p1a: Ninetales|Blizzard|p2b: Archaludon|[spread] p2a,p2b
|-damage|p2a: Sableye|7/100
|-damage|p2b: Archaludon|75/100
|-ability|p2b: Archaludon|Stamina|boost
|-boost|p2b: Archaludon|def|1
|move|p2b: Archaludon|Electro Shot|p1b: Ceruledge|[from] lockedmove
|-damage|p1b: Ceruledge|35/100
|move|p1b: Ceruledge|Bitter Blade|p2a: Sableye
|-damage|p2a: Sableye|0 fnt
|-heal|p1b: Ceruledge|38/100|[from] drain|[of] p2a: Sableye
|faint|p2a: Sableye
|
|-weather|Snowscape|[upkeep]
|-heal|p2b: Archaludon|82/100|[from] item: Leftovers
|upkeep
|
|t:|1782485432
|switch|p2a: Pelipper|Pelipper, L50, M|100/100
|-weather|RainDance|[from] ability: Drizzle|[of] p2a: Pelipper
|turn|5
|
|t:|1782485477
|move|p1a: Ninetales|Protect|p1a: Ninetales
|-singleturn|p1a: Ninetales|Protect
|move|p2b: Archaludon|Flash Cannon|p1a: Ninetales
|-activate|p1a: Ninetales|move: Protect
|move|p1b: Ceruledge|Bulk Up|p1b: Ceruledge
|-boost|p1b: Ceruledge|atk|1
|-boost|p1b: Ceruledge|def|1
|move|p2a: Pelipper|Tailwind|p2a: Pelipper
|-sidestart|p2: Andrea Pirlo 2|move: Tailwind
|
|-weather|RainDance|[upkeep]
|-heal|p2b: Archaludon|88/100|[from] item: Leftovers
|upkeep
|turn|6
|
|t:|1782485495
|switch|p1a: Annihilape|Annihilape, L50, F|100/100
|move|p1b: Ceruledge|Shadow Sneak|p2a: Pelipper
|-damage|p2a: Pelipper|60/100
|move|p2b: Archaludon|Flash Cannon|p1a: Annihilape
|-damage|p1a: Annihilape|43/100
|move|p2a: Pelipper|Weather Ball|p1b: Ceruledge
|-supereffective|p1b: Ceruledge|1
|-damage|p1b: Ceruledge|0 fnt
|faint|p1b: Ceruledge
|-damage|p2a: Pelipper|50/100g|[from] item: Life Orb
|
|-weather|RainDance|[upkeep]
|-heal|p2b: Archaludon|94/100|[from] item: Leftovers
|upkeep
|
|t:|1782485497
|switch|p1b: Ninetales|Ninetales-Alola, L50, F|100/100
|-weather|Snowscape|[from] ability: Snow Warning|[of] p1b: Ninetales
|turn|7
|
|t:|1782485516
|move|p1b: Ninetales|Protect|p1b: Ninetales
|-singleturn|p1b: Ninetales|Protect
|move|p2b: Archaludon|Dragon Pulse|p1a: Annihilape
|-damage|p1a: Annihilape|0 fnt
|faint|p1a: Annihilape
|move|p2a: Pelipper|Hurricane|p1b: Ninetales
|-activate|p1b: Ninetales|move: Protect
|
|-weather|Snowscape|[upkeep]
|-heal|p2b: Archaludon|100/100|[from] item: Leftovers
|upkeep
|turn|8
|
|t:|1782485523
|move|p2b: Archaludon|Flash Cannon|p1b: Ninetales
|-supereffective|p1b: Ninetales|2
|-damage|p1b: Ninetales|0 fnt
|faint|p1b: Ninetales
|
|win|Andrea Pirlo 2
