|j|â˜†luxio27
|j|â˜†ChimpDoppio
|html|luxio27ChimpDoppio    
|uhtml|bestof|Game 1 of a best-of-3
|t:|1756908781
|gametype|doubles
|player|p1|luxio27|169|1088
|player|p2|ChimpDoppio|ingo|1102
|gen|9
|tier|[Gen 9] VGC 2025 Reg H (Bo3)
|rated|
|rule|Species Clause: Limit one of each PokÃ©mon
|rule|Item Clause: Limit 1 of each item
|clearpoke
|poke|p1|Primarina, L50, M|
|poke|p1|Grimmsnarl, L50, M|
|poke|p1|Incineroar, L50, F|
|poke|p1|Gholdengo, L50|
|poke|p1|Volcarona, L50, F|
|poke|p1|Gliscor, L50, M|
|poke|p2|Porygon2, L50|
|poke|p2|Ursaluna, L50, F|
|poke|p2|Volcarona, L50, F|
|poke|p2|Grimmsnarl, L50, M|
|poke|p2|Annihilape, L50, M|
|poke|p2|Hydreigon, L50, F|
|teampreview|4
|showteam|p1|Primarina||ThroatSpray|LiquidVoice|Protect,Haze,Moonblast,HyperVoice|||M|||50|,,,,,Dark]Grimmsnarl||LightClay|Prankster|SpiritBreak,LightScreen,Reflect,FakeOut|||M|||50|,,,,,Ghost]Incineroar||SafetyGoggles|Intimidate|KnockOff,PartingShot,FakeOut,WillOWisp|||F|||50|,,,,,Bug]Gholdengo||MetalCoat|GoodasGold|NastyPlot,ShadowBall,Protect,MakeItRain||||||50|,,,,,Dragon]Volcarona||Leftovers|FlameBody|StruggleBug,Flamethrower,Protect,QuiverDance|||F|||50|,,,,,Water]Gliscor||ToxicOrb|PoisonHeal|Tailwind,Acrobatics,Protect,HighHorsepower|||M|||50|,,,,,Ghost
|showteam|p2|Porygon2||Eviolite|Download|IceBeam,TeraBlast,Recover,TrickRoom||||||50|,,,,,Flying]Ursaluna||FlameOrb|Guts|Facade,Earthquake,HeadlongRush,Protect|||F|||50|,,,,,Ghost]Volcarona||SitrusBerry|FlameBody|GigaDrain,HeatWave,QuiverDance,RagePowder|||F|||50|,,,,,Dragon]Grimmsnarl||LightClay|Prankster|SpiritBreak,Reflect,LightScreen,PartingShot|||M|||50|,,,,,Ghost]Annihilape||SafetyGoggles|Defiant|Protect,BulkUp,DrainPunch,RageFist|||M|||50|,,,,,Water]Hydreigon||AssaultVest|Levitate|DracoMeteor,DarkPulse,EarthPower,FlashCannon|||F|||50|,,,,,Steel
|inactive|Battle timer is ON: inactive players will automatically lose when time's up. (requested by ChimpDoppio)
|inactive|luxio27 has 60 seconds left.
|inactive|ChimpDoppio has 60 seconds left.
|inactive|luxio27 has 30 seconds left.
|inactive|ChimpDoppio has 30 seconds left.
|inactive|luxio27 has 20 seconds left.
|
|t:|1756908853
|teamsize|p1|4
|teamsize|p2|4
|start
|switch|p1a: Grimmsnarl|Grimmsnarl, L50, M|100/100
|switch|p1b: Volcarona|Volcarona, L50, F|100/100
|switch|p2a: Porygon2|Porygon2, L50, shiny|100/100
|switch|p2b: Annihilape|Annihilape, L50, M, shiny|100/100
|-ability|p2a: Porygon2|Download|boost
|-boost|p2a: Porygon2|atk|1
|turn|1
|inactive|luxio27 has 30 seconds left.
|inactive|ChimpDoppio has 30 seconds left.
|inactive|luxio27 has 20 seconds left.
|inactive|luxio27 has 15 seconds left.
|
|t:|1756908893
|switch|p2a: Ursaluna|Ursaluna, L50, F|100/100
|move|p1a: Grimmsnarl|Fake Out|p2a: Ursaluna
|-damage|p2a: Ursaluna|92/100
|move|p1b: Volcarona|Quiver Dance|p1b: Volcarona
|-boost|p1b: Volcarona|spa|1
|-boost|p1b: Volcarona|spd|1
|-boost|p1b: Volcarona|spe|1
|move|p2b: Annihilape|Bulk Up|p2b: Annihilape
|-boost|p2b: Annihilape|atk|1
|-boost|p2b: Annihilape|def|1
|
|-status|p2a: Ursaluna|brn|[from] item: Flame Orb
|upkeep
|turn|2
|inactive|ChimpDoppio has 30 seconds left.
|
|t:|1756908919
|move|p1a: Grimmsnarl|Reflect|p1a: Grimmsnarl
|-sidestart|p1: luxio27|Reflect
|move|p1b: Volcarona|Flamethrower|p2b: Annihilape
|-damage|p2b: Annihilape|51/100
|move|p2b: Annihilape|Bulk Up|p2b: Annihilape
|-boost|p2b: Annihilape|atk|1
|-boost|p2b: Annihilape|def|1
|move|p2a: Ursaluna|Facade|p1b: Volcarona
|-damage|p1b: Volcarona|28/100
|
|-heal|p1b: Volcarona|34/100|[from] item: Leftovers
|-damage|p2a: Ursaluna|86/100 brn|[from] brn
|upkeep
|turn|3
|inactive|luxio27 has 30 seconds left.
|inactive|ChimpDoppio has 30 seconds left.
|inactive|ChimpDoppio has 20 seconds left.
|inactive|ChimpDoppio has 15 seconds left.
|inactive|ChimpDoppio has 10 seconds left.
|
|t:|1756908966
|move|p2b: Annihilape|Protect|p2b: Annihilape
|-singleturn|p2b: Annihilape|Protect
|move|p1b: Volcarona|Flamethrower|p2a: Ursaluna
|-damage|p2a: Ursaluna|18/100 brn
|move|p1a: Grimmsnarl|Spirit Break|p2a: Ursaluna
|-damage|p2a: Ursaluna|0 fnt
|faint|p2a: Ursaluna
|
|-heal|p1b: Volcarona|41/100|[from] item: Leftovers
|upkeep
|c|â˜†luxio27|predictttt
|
|t:|1756908986
|switch|p2a: Porygon2|Porygon2, L50, shiny|100/100
|-ability|p2a: Porygon2|Download|boost
|-boost|p2a: Porygon2|atk|1
|turn|4
|
|t:|1756908997
|-terastallize|p2b: Annihilape|Water
|move|p1b: Volcarona|Flamethrower|p2b: Annihilape
|-resisted|p2b: Annihilape
|-damage|p2b: Annihilape|27/100
|move|p2b: Annihilape|Rage Fist|p1b: Volcarona
|-damage|p1b: Volcarona|0 fnt
|faint|p1b: Volcarona
|move|p1a: Grimmsnarl|Spirit Break|p2b: Annihilape
|-damage|p2b: Annihilape|10/100
|-unboost|p2b: Annihilape|spa|1
|-ability|p2b: Annihilape|Defiant|boost
|-boost|p2b: Annihilape|atk|2
|move|p2a: Porygon2|Ice Beam|p1a: Grimmsnarl
|-damage|p1a: Grimmsnarl|75/100
|
|upkeep
|
|t:|1756909022
|switch|p1b: Primarina|Primarina, L50, M|100/100
|turn|5
|inactive|luxio27 has 30 seconds left.
|
|t:|1756909048
|move|p2b: Annihilape|Protect|p2b: Annihilape
|-singleturn|p2b: Annihilape|Protect
|move|p1b: Primarina|Hyper Voice|p2b: Annihilape|[spread] p2a
|-activate|p2b: Annihilape|move: Protect
|-damage|p2a: Porygon2|83/100
|-enditem|p1b: Primarina|Throat Spray
|-boost|p1b: Primarina|spa|1|[from] item: Throat Spray
|move|p1a: Grimmsnarl|Spirit Break|p2b: Annihilape
|-activate|p2b: Annihilape|move: Protect
|move|p2a: Porygon2|Trick Room|p2a: Porygon2
|-fieldstart|move: Trick Room|[of] p2a: Porygon2
|
|upkeep
|turn|6
|inactive|luxio27 has 30 seconds left.
|inactive|ChimpDoppio has 30 seconds left.
|inactive|luxio27 has 20 seconds left.
|inactive|ChimpDoppio has 20 seconds left.
|inactive|luxio27 has 15 seconds left.
|inactive|luxio27 has 10 seconds left.
|inactive|luxio27 has 5 seconds left.
|
|t:|1756909102
|move|p2a: Porygon2|Tera Blast|p1b: Primarina
|-damage|p1b: Primarina|76/100
|move|p1a: Grimmsnarl|Spirit Break|p2a: Porygon2
|-damage|p2a: Porygon2|61/100
|-unboost|p2a: Porygon2|spa|1
|move|p1b: Primarina|Moonblast|p2b: Annihilape
|-damage|p2b: Annihilape|0 fnt
|faint|p2b: Annihilape
|
|upkeep
|
|t:|1756909114
|switch|p2b: Hydreigon|Hydreigon, L50, F|100/100
|turn|7
|
|t:|1756909134
|move|p1b: Primarina|Protect|p1b: Primarina
|-singleturn|p1b: Primarina|Protect
|move|p1a: Grimmsnarl|Light Screen|p1a: Grimmsnarl
|-sidestart|p1: luxio27|move: Light Screen
|move|p2a: Porygon2|Recover|p2a: Porygon2
|-heal|p2a: Porygon2|100/100
|move|p2b: Hydreigon|Flash Cannon|p1b: Primarina
|-activate|p1b: Primarina|move: Protect
|
|upkeep
|turn|8
|
|t:|1756909157
|move|p1a: Grimmsnarl|Spirit Break|p2b: Hydreigon
|-supereffective|p2b: Hydreigon
|-damage|p2b: Hydreigon|0 fnt
|faint|p2b: Hydreigon
|move|p1b: Primarina|Moonblast|p2a: Porygon2
|-damage|p2a: Porygon2|65/100
|move|p2a: Porygon2|Trick Room|p2a: Porygon2
|-fieldend|move: Trick Room
|
|upkeep
|turn|9
|-message|ChimpDoppio forfeited.
|
|win|luxio27
||ChimpDoppio is ready for game 2.
||luxio27 is ready for game 2.
|uhtml|next|Next: Game 2 of 3
