|j|☆spellbreakvgc
|j|☆oporrinovgc
|html|spellbreakvgcoporrinovgc    
|uhtml|bestof|Game 1 of a best-of-3
|t:|1756209973
|gametype|doubles
|player|p1|spellbreakvgc|lance|1113
|player|p2|oporrinovgc|benga|1069
|gen|9
|tier|[Gen 9] VGC 2025 Reg H (Bo3)
|rated|
|rule|Species Clause: Limit one of each Pokémon
|rule|Item Clause: Limit 1 of each item
|clearpoke
|poke|p1|Whimsicott, L50, F|
|poke|p1|Typhlosion-Hisui, L50, F|
|poke|p1|Dragapult, L50, F|
|poke|p1|Electabuzz, L50, F|
|poke|p1|Torkoal, L50, M|
|poke|p1|Lilligant-Hisui, L50, F|
|poke|p2|Ninetales-Alola, L50, F|
|poke|p2|Glaceon, L50, F|
|poke|p2|Dragonite, L50, M|
|poke|p2|Incineroar, L50, F|
|poke|p2|Sneasler, L50, F|
|poke|p2|Araquanid, L50, M|
|teampreview|4
|showteam|p1|Whimsicott||CovertCloak|Prankster|Tailwind,SunnyDay,Encore,Moonblast|||F|||50|,,,,,Ghost]Typhlosion-Hisui||ChoiceSpecs|Blaze|Eruption,HeatWave,ShadowBall,Overheat|||F|||50|,,,,,Fire]Dragapult||ChoiceBand|ClearBody|DragonDarts,Outrage,SuckerPunch,Uturn|||F|||50|,,,,,Dragon]Electabuzz||Eviolite|VitalSpirit|VoltSwitch,FollowMe,Feint,Protect|||F|||50|,,,,,Ghost]Torkoal||LifeOrb|Drought|Eruption,HeatWave,WeatherBall,EarthPower|||M|||50|,,,,,Fire]Lilligant-Hisui||FocusSash|Chlorophyll|CloseCombat,SleepPowder,AfterYou,LeafBlade|||F|||50|,,,,,Ghost
|showteam|p2|Ninetales-Alola||LightClay|SnowWarning|Blizzard,AuroraVeil,Protect,FreezeDry|||F|||50|,,,,,Ghost]Glaceon||AssaultVest|SnowCloak|Blizzard,TeraBlast,FreezeDry,ShadowBall|||F|||50|,,,,,Ground]Dragonite||LoadedDice|Multiscale|ScaleShot,Protect,Haze,ExtremeSpeed|||M|||50|,,,,,Fairy]Incineroar||SafetyGoggles|Intimidate|FakeOut,KnockOff,PartingShot,FlareBlitz|||F|||50|,,,,,Ghost]Sneasler||FocusSash|Unburden|CloseCombat,DireClaw,Coaching,FakeOut|||F|||50|,,,,,Stellar]Araquanid||MysticWater|WaterBubble|Liquidation,WideGuard,Protect,LeechLife|||M|||50|,,,,,Water
|inactive|Battle timer is ON: inactive players will automatically lose when time's up. (requested by oporrinovgc)
|inactive|spellbreakvgc has 60 seconds left.
|inactive|oporrinovgc has 60 seconds left.
|
|t:|1756210029
|teamsize|p1|4
|teamsize|p2|4
|start
|switch|p1a: Typhlosion|Typhlosion-Hisui, L50, F|100/100
|switch|p1b: Dragapult|Dragapult, L50, F|100/100
|switch|p2a: Araquanid|Araquanid, L50, M|100/100
|switch|p2b: Dragonite|Dragonite, L50, M|100/100
|turn|1
|inactive|spellbreakvgc has 30 seconds left.
|inactive|oporrinovgc has 30 seconds left.
|inactive|spellbreakvgc has 20 seconds left.
|inactive|oporrinovgc has 20 seconds left.
|inactive|spellbreakvgc has 15 seconds left.
|inactive|spellbreakvgc has 10 seconds left.
|l|☆oporrinovgc
|inactive|oporrinovgc disconnected and has a minute to reconnect!
|player|p2|
|inactive|spellbreakvgc has 5 seconds left.
|
|t:|1756210081
|move|p1b: Dragapult|U-turn|p2b: Dragonite
|-resisted|p2b: Dragonite
|-damage|p2b: Dragonite|90/100
|j|☆oporrinovgc
|inactive|oporrinovgc reconnected.
|player|p2|oporrinovgc|benga|
|
|t:|1756210090
|switch|p1b: Torkoal|Torkoal, L50, M|100/100|[from] U-turn
|-weather|SunnyDay|[from] ability: Drought|[of] p1b: Torkoal
|move|p1a: Typhlosion|Overheat|p2b: Dragonite
|-resisted|p2b: Dragonite
|-damage|p2b: Dragonite|4/100
|-unboost|p1a: Typhlosion|spa|2
|move|p2b: Dragonite|Scale Shot|p1b: Torkoal
|-damage|p1b: Torkoal|90/100
|-damage|p1b: Torkoal|77/100
|-damage|p1b: Torkoal|65/100
|-damage|p1b: Torkoal|54/100
|-damage|p1b: Torkoal|42/100
|-hitcount|p1b: Torkoal|5
|-unboost|p2b: Dragonite|def|1
|-boost|p2b: Dragonite|spe|1
|move|p2a: Araquanid|Liquidation|p1a: Typhlosion
|-supereffective|p1a: Typhlosion
|-damage|p1a: Typhlosion|0 fnt
|faint|p1a: Typhlosion
|
|-weather|SunnyDay|[upkeep]
|upkeep
|
|t:|1756210109
|switch|p1a: Dragapult|Dragapult, L50, F|100/100
|turn|2
|
|t:|1756210124
|switch|p2a: Ninetales|Ninetales-Alola, L50, F|100/100
|-weather|Snowscape|[from] ability: Snow Warning|[of] p2a: Ninetales
|switch|p1b: Whimsicott|Whimsicott, L50, F|100/100
|-terastallize|p2b: Dragonite|Fairy
|move|p1a: Dragapult|Sucker Punch|p2b: Dragonite
|-resisted|p2b: Dragonite
|-damage|p2b: Dragonite|0 fnt
|faint|p2b: Dragonite
|
|-weather|Snowscape|[upkeep]
|upkeep
|
|t:|1756210146
|switch|p2b: Araquanid|Araquanid, L50, M|100/100
|turn|3
|
|t:|1756210162
|switch|p1a: Torkoal|Torkoal, L50, M|42/100
|-weather|SunnyDay|[from] ability: Drought|[of] p1a: Torkoal
|move|p1b: Whimsicott|Moonblast|p2b: Araquanid
|-damage|p2b: Araquanid|73/100
|move|p2a: Ninetales|Aurora Veil||[still]
|-fail|p2a: Ninetales
|move|p2b: Araquanid|Leech Life|p1b: Whimsicott
|-damage|p1b: Whimsicott|52/100
|-heal|p2b: Araquanid|92/100|[from] drain|[of] p1b: Whimsicott
|
|-weather|SunnyDay|[upkeep]
|upkeep
|turn|4
|
|t:|1756210183
|switch|p2a: Glaceon|Glaceon, L50, F|100/100
|move|p1b: Whimsicott|Encore|p2b: Araquanid
|-start|p2b: Araquanid|Encore
|move|p2b: Araquanid|Leech Life|p1a: Torkoal
|-resisted|p1a: Torkoal
|-damage|p1a: Torkoal|30/100
|-heal|p2b: Araquanid|98/100|[from] drain|[of] p1a: Torkoal
|move|p1a: Torkoal|Heat Wave|p2a: Glaceon|[spread] p2a,p2b
|-supereffective|p2a: Glaceon
|-damage|p2a: Glaceon|19/100
|-damage|p2b: Araquanid|75/100
|-damage|p1a: Torkoal|21/100|[from] item: Life Orb
|
|-weather|SunnyDay|[upkeep]
|upkeep
|turn|5
|inactive|spellbreakvgc has 30 seconds left.
|
|t:|1756210213
|switch|p2b: Ninetales|Ninetales-Alola, L50, F|100/100
|-weather|Snowscape|[from] ability: Snow Warning|[of] p2b: Ninetales
|move|p1b: Whimsicott|Sunny Day|p1b: Whimsicott
|-weather|SunnyDay
|move|p2a: Glaceon|Blizzard|p1b: Whimsicott|[spread] 
|-miss|p2a: Glaceon|p1a: Torkoal
|-miss|p2a: Glaceon|p1b: Whimsicott
|move|p1a: Torkoal|Heat Wave|p2b: Ninetales|[spread] p2a,p2b
|-supereffective|p2a: Glaceon
|-supereffective|p2b: Ninetales
|-damage|p2a: Glaceon|0 fnt
|-damage|p2b: Ninetales|0 fnt
|faint|p2a: Glaceon
|faint|p2b: Ninetales
|-damage|p1a: Torkoal|11/100|[from] item: Life Orb
|
|-weather|SunnyDay|[upkeep]
|upkeep
|
|t:|1756210225
|switch|p2a: Araquanid|Araquanid, L50, M|75/100
|turn|6
|inactive|spellbreakvgc has 30 seconds left.
|
|t:|1756210252
|move|p1b: Whimsicott|Moonblast|p2a: Araquanid
|-damage|p2a: Araquanid|46/100
|-unboost|p2a: Araquanid|spa|1
|move|p2a: Araquanid|Liquidation|p1b: Whimsicott
|-resisted|p1b: Whimsicott
|-damage|p1b: Whimsicott|23/100
|move|p1a: Torkoal|Weather Ball|p2a: Araquanid
|-damage|p2a: Araquanid|12/100
|-damage|p1a: Torkoal|2/100|[from] item: Life Orb
|
|-weather|SunnyDay|[upkeep]
|upkeep
|turn|7
|
|t:|1756210271
|move|p1b: Whimsicott|Moonblast|p2a: Araquanid
|-damage|p2a: Araquanid|0 fnt
|faint|p2a: Araquanid
|
|win|spellbreakvgc
||oporrinovgc is ready for game 2.
||spellbreakvgc is ready for game 2.
|uhtml|next|Next: Game 2 of 3
