|j|☆ToastedArt
|j|☆clevername 30
|html|ToastedArtclevername 30    
|uhtml|bestof|Game 2 of a best-of-3
|t:|1784481074
|gametype|doubles
|player|p1|ToastedArt|clemont|1060
|player|p2|clevername 30|rancher|1037
|gen|9
|tier|[Gen 9 Champions] VGC 2026 Reg M-B (Bo3)
|rated|
|rule|Species Clause: Limit one of each Pokémon
|rule|Item Clause: Limit 1 of each item
|clearpoke
|poke|p1|Falinks, L50, shiny|
|poke|p1|Incineroar, L50, M|
|poke|p1|Vanilluxe, L50, M, shiny|
|poke|p1|Basculegion, L50, M, shiny|
|poke|p1|Sneasler, L50, F|
|poke|p1|Dragonite, L50, F, shiny|
|poke|p2|Houndoom, L50, M|
|poke|p2|Torkoal, L50, F|
|poke|p2|Tauros-Paldea-Aqua, L50, M|
|poke|p2|Whimsicott, L50, F|
|poke|p2|Primarina, L50, F|
|poke|p2|Raichu, L50, F, shiny|
|teampreview|4
|showteam|p1|Falinks||Falinksite|Defiant|NoRetreat,CloseCombat,RockSlide,Protect|Adamant|||||50|]Incineroar||Charcoal|Intimidate|FlareBlitz,ThroatChop,FakeOut,PartingShot|Adamant||M|||50|]Vanilluxe||ChoiceScarf|SnowWarning|Blizzard,FreezeDry,IcyWind,SheerCold|Modest||M|||50|]Basculegion||SitrusBerry|Adaptability|WaveCrash,LastRespects,AquaJet,Protect|Adamant||M|||50|]Sneasler||FocusSash|PoisonTouch|PoisonJab,CloseCombat,FakeOut,Coaching|Jolly||F|||50|]Dragonite||DragonFang|Multiscale|DragonClaw,ExtremeSpeed,LowKick,Tailwind|Adamant||F|||50|
|showteam|p2|Houndoom||Houndoominite|FlashFire|HeatWave,SuckerPunch,Protect,NastyPlot|Hasty||M|||50|]Torkoal||Charcoal|Drought|EarthPower,Eruption,WillOWisp,SunnyDay|Calm||F|||50|]Tauros-Paldea-Aqua||LifeOrb|Intimidate|CloseCombat,Protect,AquaJet,WaveCrash|Jolly||M|||50|]Whimsicott||FocusSash|Prankster|Tailwind,Moonblast,Charm,CottonSpore|Serious||F|||50|]Primarina||SitrusBerry|LiquidVoice|IcyWind,HyperVoice,Protect,FlipTurn|Calm||F|||50|]Raichu||RaichuniteY|Static|ZapCannon,FakeOut,GrassKnot,Protect|Hasty||F|||50|
|inactive|Battle timer is ON: inactive players will automatically lose when time's up. (requested by ToastedArt)
|inactive|clevername 30 also wants the timer to be on.
|inactive|ToastedArt has 60 seconds left.
|
|t:|1784481107
|teamsize|p1|4
|teamsize|p2|4
|start
|switch|p1a: Sneasler|Sneasler, L50, F|100/100
|switch|p1b: Vanilluxe|Vanilluxe, L50, M, shiny|100/100
|switch|p2a: Raichu|Raichu, L50, F, shiny|100/100
|switch|p2b: Whimsicott|Whimsicott, L50, F|100/100
|-weather|Snowscape|[from] ability: Snow Warning|[of] p1b: Vanilluxe
|turn|1
|inactive|clevername 30 has 30 seconds left.
|inactive|clevername 30 has 20 seconds left.
|
|t:|1784481142
|detailschange|p2a: Raichu|Raichu-Mega-Y, L50, F, shiny
|-mega|p2a: Raichu|Raichu|Raichunite Y
|move|p2a: Raichu|Fake Out|p1a: Sneasler
|-damage|p1a: Sneasler|81/100
|cant|p1a: Sneasler|flinch
|move|p2b: Whimsicott|Cotton Spore|p1b: Vanilluxe|[spread] p1a,p1b
|-unboost|p1a: Sneasler|spe|2
|-unboost|p1b: Vanilluxe|spe|2
|move|p1b: Vanilluxe|Blizzard|p2a: Raichu|[spread] p2a,p2b
|-supereffective|p2b: Whimsicott|1
|-damage|p2a: Raichu|37/100
|-enditem|p2b: Whimsicott|Focus Sash
|-damage|p2b: Whimsicott|1/100
|-status|p2b: Whimsicott|frz
|
|-weather|Snowscape|[upkeep]
|upkeep
|turn|2
|
|t:|1784481163
|switch|p1a: Incineroar|Incineroar, L50, M|100/100
|-ability|p1a: Incineroar|Intimidate|boost
|-unboost|p2a: Raichu|atk|1
|-unboost|p2b: Whimsicott|atk|1
|-curestatus|p2b: Whimsicott|frz|[msg]
|move|p2b: Whimsicott|Tailwind|p2b: Whimsicott
|-sidestart|p2: clevername 30|move: Tailwind
|move|p2a: Raichu|Zap Cannon|p1b: Vanilluxe
|-damage|p1b: Vanilluxe|9/100
|-status|p1b: Vanilluxe|par
|move|p1b: Vanilluxe|Blizzard|p2a: Raichu|[spread] p2a,p2b
|-supereffective|p2b: Whimsicott|1
|-damage|p2a: Raichu|0 fnt
|-damage|p2b: Whimsicott|0 fnt
|faint|p2a: Raichu
|faint|p2b: Whimsicott
|
|-weather|Snowscape|[upkeep]
|upkeep
|
|t:|1784481177
|switch|p2a: Primarina|Primarina, L50, F|100/100
|switch|p2b: Tauros|Tauros-Paldea-Aqua, L50, M|100/100
|-ability|p2b: Tauros|Intimidate|boost
|-unboost|p1a: Incineroar|atk|1
|-unboost|p1b: Vanilluxe|atk|1
|turn|3
|
|t:|1784481195
|move|p2b: Tauros|Protect|p2b: Tauros
|-singleturn|p2b: Tauros|Protect
|move|p1a: Incineroar|Fake Out|p2b: Tauros
|-activate|p2b: Tauros|move: Protect
|move|p2a: Primarina|Hyper Voice|p1b: Vanilluxe|[spread] p1a,p1b
|-supereffective|p1a: Incineroar|1
|-damage|p1a: Incineroar|42/100
|-damage|p1b: Vanilluxe|0 fnt
|faint|p1b: Vanilluxe
|
|-weather|Snowscape|[upkeep]
|upkeep
|
|t:|1784481202
|switch|p1b: Sneasler|Sneasler, L50, F|81/100
|turn|4
|
|t:|1784481215
|switch|p1a: Basculegion|Basculegion, L50, M, shiny|100/100
|move|p2a: Primarina|Protect|p2a: Primarina
|-singleturn|p2a: Primarina|Protect
|move|p2b: Tauros|Wave Crash|p1b: Sneasler
|-damage|p1b: Sneasler|0 fnt
|faint|p1b: Sneasler
|-damage|p2b: Tauros|72/100|[from] Recoil
|-damage|p2b: Tauros|62/100|[from] item: Life Orb
|
|-weather|Snowscape|[upkeep]
|upkeep
|
|t:|1784481220
|switch|p1b: Incineroar|Incineroar, L50, M|42/100
|-ability|p1b: Incineroar|Intimidate|boost
|-unboost|p2a: Primarina|atk|1
|-unboost|p2b: Tauros|atk|1
|turn|5
|inactive|clevername 30 has 30 seconds left.
|inactive|clevername 30 has 20 seconds left.
|
|t:|1784481255
|move|p1a: Basculegion|Protect|p1a: Basculegion
|-singleturn|p1a: Basculegion|Protect
|move|p1b: Incineroar|Fake Out|p2a: Primarina
|-damage|p2a: Primarina|85/100
|move|p2b: Tauros|Wave Crash|p1a: Basculegion
|-activate|p1a: Basculegion|move: Protect
|cant|p2a: Primarina|flinch
|
|-weather|none
|-sideend|p2: clevername 30|move: Tailwind
|upkeep
|turn|6
|
|t:|1784481268
|move|p2b: Tauros|Protect|p2b: Tauros
|-singleturn|p2b: Tauros|Protect
|move|p1a: Basculegion|Last Respects|p2a: Primarina
|-damage|p2a: Primarina|0 fnt
|faint|p2a: Primarina
|move|p1b: Incineroar|Flare Blitz|p2b: Tauros
|-activate|p2b: Tauros|move: Protect
|
|upkeep
|turn|7
|
|t:|1784481278
|move|p2b: Tauros|Aqua Jet|p1b: Incineroar
|-supereffective|p1b: Incineroar|1
|-damage|p1b: Incineroar|11/100
|-damage|p2b: Tauros|52/100|[from] item: Life Orb
|move|p1a: Basculegion|Last Respects|p2b: Tauros
|-damage|p2b: Tauros|0 fnt
|faint|p2b: Tauros
|
|win|ToastedArt
