|j|☆fnlroia
|j|☆doatzmgoatz
|html|fnlroiadoatzmgoatz    
|uhtml|bestof|Game 1 of a best-of-3
|t:|1784694909
|gametype|doubles
|player|p1|fnlroia|parasollady-gen4|
|player|p2|doatzmgoatz|2|
|gen|9
|tier|[Gen 9 Champions] VGC 2026 Reg M-B (Bo3)
|rule|Species Clause: Limit one of each Pokémon
|rule|Item Clause: Limit 1 of each item
|clearpoke
|poke|p1|Mimikyu, L50, M, shiny|
|poke|p1|Arcanine-Hisui, L50, M|
|poke|p1|Delphox, L50, F|
|poke|p1|Samurott-Hisui, L50, F|
|poke|p1|Floette-Eternal, L50, F|
|poke|p1|Vivillon, L50, F|
|poke|p2|Gengar, L50, M|
|poke|p2|Incineroar, L50, F|
|poke|p2|Hydreigon, L50, M|
|poke|p2|Clefable, L50, F|
|poke|p2|Vaporeon, L50, F|
|poke|p2|Noivern, L50, F|
|teampreview|4
|showteam|p1|Mimikyu||ExpertBelt|Disguise|ShadowSneak,Protect,ShadowClaw,TrickRoom|Jolly||M|||50|]Arcanine-Hisui||LifeOrb|RockHead|RockSlide,FlareBlitz,ExtremeSpeed,Protect|Jolly||M|||50|]Delphox||Delphoxite|Blaze|HeatWave,NastyPlot,Psyshock,Protect|Timid||F|||50|]Samurott-Hisui||BlackGlasses|Sharpness|CeaselessEdge,SuckerPunch,SacredSword,Protect|Jolly||F|||50|]Floette-Eternal||Floettite|FlowerVeil|CalmMind,DrainingKiss,LightofRuin,Protect|Modest||F|||50|]Vivillon||FocusSash|CompoundEyes|RagePowder,SleepPowder,Hurricane,Tailwind|Timid||F|||50|
|showteam|p2|Gengar||Gengarite|CursedBody|SludgeWave,ShadowBall,NastyPlot,Substitute|Timid||M|||50|]Incineroar||SitrusBerry|Intimidate|BrickBreak,Earthquake,PartingShot,FakeOut|Adamant||F|||50|]Hydreigon||LifeOrb|Levitate|EarthPower,DracoMeteor,DarkPulse,Uturn|Timid||M|||50|]Clefable||Leftovers|MagicGuard|FollowMe,LightScreen,DazzlingGleam,Gravity|Calm||F|||50|]Vaporeon||MysticWater|WaterAbsorb|Scald,Protect,RainDance,IceBeam|Bold||F|||50|]Noivern||ExpertBelt|Telepathy|Tailwind,Boomburst,Hurricane,Uturn|Timid||F|||50|
|
|t:|1784694979
|teamsize|p1|4
|teamsize|p2|4
|start
|switch|p1a: rock head merchant|Arcanine-Hisui, L50, M|100/100
|switch|p1b: Pikaboo|Mimikyu, L50, M, shiny|100/100
|switch|p2a: Incineroar|Incineroar, L50, F|100/100
|switch|p2b: Noivern|Noivern, L50, F|100/100
|-ability|p2a: Incineroar|Intimidate|boost
|-unboost|p1a: rock head merchant|atk|1
|-unboost|p1b: Pikaboo|atk|1
|turn|1
|
|t:|1784695008
|move|p2b: Noivern|Tailwind|p2b: Noivern
|-sidestart|p2: doatzmgoatz|move: Tailwind
|move|p1b: Pikaboo|Shadow Claw|p2b: Noivern
|-damage|p2b: Noivern|75/100
|move|p2a: Incineroar|Earthquake|p1a: rock head merchant|[spread] p1a,p1b
|-activate|p2b: Noivern|ability: Telepathy
|-supereffective|p1a: rock head merchant|2
|-damage|p1a: rock head merchant|0 fnt
|-activate|p1b: Pikaboo|ability: Disguise
|-damage|p1b: Pikaboo|100/100
|detailschange|p1b: Pikaboo|Mimikyu-Busted, L50, M, shiny
|-damage|p1b: Pikaboo|87/100|[from] pokemon: Mimikyu-Busted
|faint|p1a: rock head merchant
|
|upkeep
|
|t:|1784695048
|switch|p1a: jop river otter|Samurott-Hisui, L50, F|100/100
|turn|2
|
|t:|1784695108
|move|p2b: Noivern|U-turn|p1b: Pikaboo
|-resisted|p1b: Pikaboo|2
|-damage|p1b: Pikaboo|83/100
|
|t:|1784695124
|switch|p2b: Vaporeon|Vaporeon, L50, F|100/100|[from] U-turn
|move|p2a: Incineroar|Brick Break|p1a: jop river otter
|-supereffective|p1a: jop river otter|1
|-damage|p1a: jop river otter|34/100
|move|p1a: jop river otter|Ceaseless Edge|p2b: Vaporeon
|-damage|p2b: Vaporeon|58/100
|-sidestart|p2: doatzmgoatz|Spikes
|move|p1b: Pikaboo|Trick Room|p1b: Pikaboo
|-fieldstart|move: Trick Room|[of] p1b: Pikaboo
|
|upkeep
|turn|3
|
|t:|1784695164
|move|p2b: Vaporeon|Protect|p2b: Vaporeon
|-singleturn|p2b: Vaporeon|Protect
|move|p1a: jop river otter|Sacred Sword|p2b: Vaporeon
|-activate|p2b: Vaporeon|move: Protect
|move|p2a: Incineroar|Brick Break|p1a: jop river otter
|-supereffective|p1a: jop river otter|1
|-damage|p1a: jop river otter|0 fnt
|faint|p1a: jop river otter
|move|p1b: Pikaboo|Shadow Claw|p2a: Incineroar
|-resisted|p2a: Incineroar|1
|-damage|p2a: Incineroar|91/100
|
|upkeep
|
|t:|1784695175
|switch|p1a: ggwp|Floette-Eternal, L50, F|100/100
|turn|4
|
|t:|1784695194
|detailschange|p1a: ggwp|Floette-Mega, L50, F
|-mega|p1a: ggwp|Floette|Floettite
|-ability|p1a: ggwp|Fairy Aura
|move|p1b: Pikaboo|Protect|p1b: Pikaboo
|-singleturn|p1b: Pikaboo|Protect
|move|p1a: ggwp|Draining Kiss|p2a: Incineroar
|-damage|p2a: Incineroar|55/100
|move|p2a: Incineroar|Parting Shot|p1a: ggwp
|-unboost|p1a: ggwp|atk|1
|-unboost|p1a: ggwp|spa|1
|
|t:|1784695204
|switch|p2a: Noivern|Noivern, L50, F|75/100|[from] Parting Shot
|move|p2b: Vaporeon|Rain Dance|p2b: Vaporeon
|-weather|RainDance
|
|-weather|RainDance|[upkeep]
|-sideend|p2: doatzmgoatz|move: Tailwind
|upkeep
|turn|5
|
|t:|1784695231
|move|p2b: Vaporeon|Rain Dance||[still]
|-fail|p2b: Vaporeon
|move|p1a: ggwp|Draining Kiss|p2a: Noivern
|-supereffective|p2a: Noivern|1
|-damage|p2a: Noivern|4/100
|move|p1b: Pikaboo|Shadow Claw|p2b: Vaporeon
|-damage|p2b: Vaporeon|45/100
|move|p2a: Noivern|Hurricane|p1a: ggwp
|-damage|p1a: ggwp|69/100
|
|-weather|RainDance|[upkeep]
|upkeep
|turn|6
|
|t:|1784695262
|move|p1b: Pikaboo|Shadow Sneak|p2a: Noivern
|-damage|p2a: Noivern|0 fnt
|faint|p2a: Noivern
|move|p2b: Vaporeon|Scald|p1a: ggwp
|-damage|p1a: ggwp|29/100
|move|p1a: ggwp|Calm Mind|p1a: ggwp
|-boost|p1a: ggwp|spa|1
|-boost|p1a: ggwp|spd|1
|
|-weather|RainDance|[upkeep]
|-fieldend|move: Trick Room
|upkeep
|
|t:|1784695272
|switch|p2a: Incineroar|Incineroar, L50, F|55/100
|-damage|p2a: Incineroar|43/100|[from] Spikes
|-ability|p2a: Incineroar|Intimidate|boost
|-unboost|p1a: ggwp|atk|1
|-unboost|p1b: Pikaboo|atk|1
|-enditem|p2a: Incineroar|Sitrus Berry|[eat]
|-heal|p2a: Incineroar|67/100|[from] item: Sitrus Berry
|turn|7
|
|t:|1784695311
|move|p1b: Pikaboo|Protect|p1b: Pikaboo
|-singleturn|p1b: Pikaboo|Protect
|move|p1a: ggwp|Protect|p1a: ggwp
|-singleturn|p1a: ggwp|Protect
|move|p2a: Incineroar|Fake Out|p1a: ggwp
|-activate|p1a: ggwp|move: Protect
|move|p2b: Vaporeon|Scald|p1a: ggwp
|-activate|p1a: ggwp|move: Protect
|
|-weather|RainDance|[upkeep]
|upkeep
|turn|8
|
|t:|1784695339
|move|p1b: Pikaboo|Shadow Claw|p2b: Vaporeon
|-damage|p2b: Vaporeon|33/100
|move|p1a: ggwp|Draining Kiss|p2b: Vaporeon
|-damage|p2b: Vaporeon|1/100
|-heal|p1a: ggwp|60/100|[from] drain|[of] p2b: Vaporeon
|move|p2b: Vaporeon|Scald|p1a: ggwp
|-damage|p1a: ggwp|33/100
|-status|p1a: ggwp|brn
|move|p2a: Incineroar|Parting Shot|p1a: ggwp
|-unboost|p1a: ggwp|atk|1
|-unboost|p1a: ggwp|spa|1
|
|t:|1784695352
|switch|p2a: Gengar|Gengar, L50, M|100/100|[from] Parting Shot
|-damage|p2a: Gengar|87/100|[from] Spikes
|
|-weather|none
|-damage|p1a: ggwp|27/100 brn|[from] brn
|upkeep
|turn|9
|j| pandahp
|
|t:|1784695383
|detailschange|p2a: Gengar|Gengar-Mega, L50, M
|-mega|p2a: Gengar|Gengar|Gengarite
|move|p1a: ggwp|Protect|p1a: ggwp
|-singleturn|p1a: ggwp|Protect
|move|p2b: Vaporeon|Protect|p2b: Vaporeon
|-singleturn|p2b: Vaporeon|Protect
|move|p2a: Gengar|Sludge Wave|p1a: ggwp|[spread] p1b
|-activate|p2b: Vaporeon|move: Protect
|-activate|p1a: ggwp|move: Protect
|-damage|p1b: Pikaboo|26/100
|move|p1b: Pikaboo|Shadow Claw|p2a: Gengar
|-supereffective|p2a: Gengar|1
|-damage|p2a: Gengar|38/100
|
|-damage|p1a: ggwp|21/100 brn|[from] brn
|upkeep
|turn|10
|l| pandahp
|
|t:|1784695409
|move|p1b: Pikaboo|Shadow Sneak|p2a: Gengar
|-supereffective|p2a: Gengar|1
|-damage|p2a: Gengar|7/100
|move|p2a: Gengar|Sludge Wave|p1b: Pikaboo|[spread] p2b,p1a,p1b
|-supereffective|p1a: ggwp|1
|-damage|p2b: Vaporeon|0 fnt
|-damage|p1a: ggwp|0 fnt
|-damage|p1b: Pikaboo|0 fnt
|faint|p2b: Vaporeon
|faint|p1a: ggwp
|faint|p1b: Pikaboo
|
|win|doatzmgoatz
||fnlroia is ready for game 2.
|inactive|doatzmgoatz has 30 seconds to confirm battle start!
||doatzmgoatz is ready for game 2.
|uhtml|next|Next: Game 2 of 3
