|j|☆arthur.ayms
|j|☆uglybeast
|html|arthur.aymsuglybeast    
|uhtml|bestof|Game 2 of a best-of-3
|t:|1756160735
|gametype|doubles
|player|p1|arthur.ayms|265|1143
|player|p2|uglybeast|lucas|1235
|gen|9
|tier|[Gen 9] VGC 2025 Reg H (Bo3)
|rated|
|rule|Species Clause: Limit one of each Pokémon
|rule|Item Clause: Limit 1 of each item
|clearpoke
|poke|p1|Ursaluna-Bloodmoon, L50, M|
|poke|p1|Indeedee, L50, M|
|poke|p1|Decidueye-Hisui, L50, M|
|poke|p1|Talonflame, L50, F|
|poke|p1|Amoonguss, L50, M|
|poke|p1|Sneasler, L50, F|
|poke|p2|Murkrow, L50, F|
|poke|p2|Ursaluna-Bloodmoon, L50, M|
|poke|p2|Sneasler, L50, F|
|poke|p2|Dragapult, L50, F|
|poke|p2|Armarouge, L50, F|
|poke|p2|Indeedee-F, L50, F|
|teampreview|4
|showteam|p1|Ursaluna-Bloodmoon||LifeOrb|MindsEye|HyperVoice,EarthPower,BloodMoon,Protect|||M|||50|,,,,,Normal]Indeedee||FocusSash|PsychicSurge|ExpandingForce,Imprison,TrickRoom,DazzlingGleam|||M|||50|,,,,,Fairy]Decidueye-Hisui||RazorClaw|Scrappy|TripleArrows,LeafBlade,Haze,Protect|||M|||50|,,,,,Fire]Talonflame||CovertCloak|GaleWings|Tailwind,DualWingbeat,FlareBlitz,SunnyDay|||F|||50|,,,,,Steel]Amoonguss||SitrusBerry|EffectSpore|Spore,RagePowder,ClearSmog,Protect|||M|||50|,,,,,Water]Sneasler||PsychicSeed|Unburden|ThroatChop,DireClaw,CloseCombat,Protect|||F|||50|,,,,,Dark
|showteam|p2|Murkrow||Eviolite|Prankster|Haze,SunnyDay,Tailwind,BraveBird|||F|||50|,,,,,Ghost]Ursaluna-Bloodmoon||LifeOrb|MindsEye|BloodMoon,HyperVoice,Protect,EarthPower|||M|||50|,,,,,Normal]Sneasler||PsychicSeed|Unburden|ThroatChop,DireClaw,CloseCombat,Protect|||F|||50|,,,,,Dark]Dragapult||ChoiceBand|ClearBody|DragonDarts,Outrage,Uturn,PhantomForce|||F|||50|,,,,,Dragon]Armarouge||PowerHerb|FlashFire|HeatWave,MeteorBeam,ExpandingForce,Protect|||F|||50|,,,,,Grass]Indeedee-F||RockyHelmet|PsychicSurge|DazzlingGleam,FollowMe,HelpingHand,TrickRoom|||F|||50|,,,,,Grass
|inactive|Battle timer is ON: inactive players will automatically lose when time's up. (requested by arthur.ayms)
|
|t:|1756160789
|teamsize|p1|4
|teamsize|p2|4
|start
|switch|p1a: Talonflame|Talonflame, L50, F|100/100
|switch|p1b: Ursaluna|Ursaluna-Bloodmoon, L50, M|100/100
|switch|p2a: Laz|Dragapult, L50, F|100/100
|switch|p2b: Anagnoman|Sneasler, L50, F|100/100
|turn|1
|
|t:|1756160814
|-terastallize|p2a: Laz|Dragon
|move|p2b: Anagnoman|Protect|p2b: Anagnoman
|-singleturn|p2b: Anagnoman|Protect
|move|p1a: Talonflame|Dual Wingbeat|p2b: Anagnoman
|-activate|p2b: Anagnoman|move: Protect
|move|p2a: Laz|Dragon Darts|p1a: Talonflame
|-damage|p1a: Talonflame|19/100
|-anim|p2a: Laz|Dragon Darts|p1b: Ursaluna
|-damage|p1b: Ursaluna|57/100
|move|p1b: Ursaluna|Blood Moon|p2a: Laz
|-damage|p2a: Laz|0 fnt
|faint|p2a: Laz
|-damage|p1b: Ursaluna|47/100|[from] item: Life Orb
|
|upkeep
|
|t:|1756160836
|switch|p2a: Blade|Indeedee-F, L50, F|100/100
|-fieldstart|move: Psychic Terrain|[from] ability: Psychic Surge|[of] p2a: Blade
|-enditem|p2b: Anagnoman|Psychic Seed
|-boost|p2b: Anagnoman|spd|1|[from] item: Psychic Seed
|turn|2
|
|t:|1756160854
|move|p2a: Blade|Follow Me|p2a: Blade
|-singleturn|p2a: Blade|move: Follow Me
|move|p2b: Anagnoman|Close Combat|p1b: Ursaluna
|-supereffective|p1b: Ursaluna
|-damage|p1b: Ursaluna|0 fnt
|-unboost|p2b: Anagnoman|def|1
|-unboost|p2b: Anagnoman|spd|1
|faint|p1b: Ursaluna
|move|p1a: Talonflame|Tailwind|p1a: Talonflame
|-sidestart|p1: arthur.ayms|move: Tailwind
|
|upkeep
|
|t:|1756160863
|switch|p1b: Sneasler|Sneasler, L50, F|100/100
|-enditem|p1b: Sneasler|Psychic Seed
|-boost|p1b: Sneasler|spd|1|[from] item: Psychic Seed
|turn|3
|inactive|arthur.ayms has 30 seconds left.
|inactive|uglybeast has 30 seconds left.
|inactive|uglybeast has 20 seconds left.
|inactive|arthur.ayms has 20 seconds left.
|
|t:|1756160906
|move|p2a: Blade|Follow Me|p2a: Blade
|-singleturn|p2a: Blade|move: Follow Me
|move|p1b: Sneasler|Throat Chop|p2a: Blade
|-supereffective|p2a: Blade
|-damage|p2a: Blade|37/100
|-start|p2a: Blade|Throat Chop|[silent]
|-damage|p1b: Sneasler|84/100|[from] item: Rocky Helmet|[of] p2a: Blade
|move|p1a: Talonflame|Dual Wingbeat|p2a: Blade
|-damage|p2a: Blade|21/100
|-damage|p1a: Talonflame|2/100|[from] item: Rocky Helmet|[of] p2a: Blade
|-damage|p2a: Blade|7/100
|-damage|p1a: Talonflame|0 fnt|[from] item: Rocky Helmet|[of] p2a: Blade
|faint|p1a: Talonflame
|-hitcount|p2a: Blade|2
|move|p2b: Anagnoman|Dire Claw|p1b: Sneasler
|-resisted|p1b: Sneasler
|-damage|p1b: Sneasler|49/100
|-status|p1b: Sneasler|par
|
|upkeep
|
|t:|1756160921
|switch|p1a: Indeedee|Indeedee, L50, M|100/100
|turn|4
|
|t:|1756160938
|move|p2b: Anagnoman|Protect|p2b: Anagnoman
|-singleturn|p2b: Anagnoman|Protect
|move|p1b: Sneasler|Close Combat|p2b: Anagnoman
|-activate|p2b: Anagnoman|move: Protect
|move|p1a: Indeedee|Dazzling Gleam|p2b: Anagnoman|[spread] p2a
|-activate|p2b: Anagnoman|move: Protect
|-damage|p2a: Blade|0 fnt
|faint|p2a: Blade
|
|upkeep
|
|t:|1756160947
|switch|p2a: Giandam|Armarouge, L50, F|100/100
|turn|5
|inactive|uglybeast has 30 seconds left.
|
|t:|1756160978
|-terastallize|p1b: Sneasler|Dark
|move|p2b: Anagnoman|Close Combat|p1b: Sneasler
|-supereffective|p1b: Sneasler
|-damage|p1b: Sneasler|0 fnt
|-unboost|p2b: Anagnoman|def|1
|-unboost|p2b: Anagnoman|spd|1
|faint|p1b: Sneasler
|move|p1a: Indeedee|Expanding Force|p2b: Anagnoman|[spread] p2a,p2b
|-resisted|p2a: Giandam
|-supereffective|p2b: Anagnoman
|-damage|p2a: Giandam|60/100
|-damage|p2b: Anagnoman|0 fnt
|faint|p2b: Anagnoman
|move|p2a: Giandam|Meteor Beam||[still]
|-prepare|p2a: Giandam|Meteor Beam
|-boost|p2a: Giandam|spa|1
|-enditem|p2a: Giandam|Power Herb
|-anim|p2a: Giandam|Meteor Beam|p1a: Indeedee|[miss]
|-miss|p2a: Giandam|p1a: Indeedee
|
|-sideend|p1: arthur.ayms|move: Tailwind
|upkeep
|turn|6
|
|t:|1756160999
|move|p2a: Giandam|Protect|p2a: Giandam
|-singleturn|p2a: Giandam|Protect
|move|p1a: Indeedee|Expanding Force|p2a: Giandam
|-activate|p2a: Giandam|move: Protect
|
|-fieldend|move: Psychic Terrain
|upkeep
|turn|7
|inactive|arthur.ayms has 30 seconds left.
|
|t:|1756161028
|move|p1a: Indeedee|Expanding Force|p2a: Giandam
|-resisted|p2a: Giandam
|-damage|p2a: Giandam|33/100
|move|p2a: Giandam|Heat Wave|p1a: Indeedee
|-enditem|p1a: Indeedee|Focus Sash
|-damage|p1a: Indeedee|1/100
|
|upkeep
|turn|8
|
|t:|1756161035
|move|p1a: Indeedee|Expanding Force|p2a: Giandam
|-resisted|p2a: Giandam
|-damage|p2a: Giandam|9/100
|move|p2a: Giandam|Expanding Force|p1a: Indeedee
|-resisted|p1a: Indeedee
|-damage|p1a: Indeedee|0 fnt
|faint|p1a: Indeedee
|
|win|uglybeast
||arthur.ayms is ready for game 3.
||uglybeast is ready for game 3.
|uhtml|next|Next: Game 3 of 3
