|j|☆AlphaBravoCola
|j|☆Zekken2002
|html|AlphaBravoColaZekken2002    
|uhtml|bestof|Game 1 of a best-of-3
|t:|1784879542
|gametype|doubles
|player|p1|AlphaBravoCola|266|1031
|player|p2|Zekken2002|dawn|1012
|gen|9
|tier|[Gen 9 Champions] VGC 2026 Reg M-B (Bo3)
|rated|
|rule|Species Clause: Limit one of each Pokémon
|rule|Item Clause: Limit 1 of each item
|clearpoke
|poke|p1|Delphox, L50, F, shiny|
|poke|p1|Sneasler, L50, M, shiny|
|poke|p1|Greninja, L50, M|
|poke|p1|Aurorus, L50, F|
|poke|p1|Clefable, L50, F|
|poke|p1|Aerodactyl, L50, F, shiny|
|poke|p2|Umbreon, L50, F|
|poke|p2|Toxapex, L50, F|
|poke|p2|Corviknight, L50, M|
|poke|p2|Garganacl, L50, M|
|poke|p2|Sinistcha-Masterpiece, L50|
|poke|p2|Grimmsnarl, L50, M|
|teampreview|4
|showteam|p1|Delphox||Delphoxite|Blaze|CalmMind,Protect,HeatWave,Psychic|Modest||F|||50|]Sneasler||WhiteHerb|Unburden|DireClaw,CloseCombat,FakeOut,Protect|Adamant||M|||50|]Greninja||Greninjite|Protean|Blizzard,DarkPulse,Surf,Protect|Timid||M|||50|]Aurorus||ChopleBerry|SnowWarning|AuroraVeil,ThunderWave,Protect,AncientPower|Calm||F|||50|]Clefable||MentalHerb|MagicGuard|Protect,HelpingHand,FollowMe,SunnyDay|Calm||F|||50|]Aerodactyl||FocusSash|Unnerve|Tailwind,DualWingbeat,RockSlide,Earthquake|Jolly||F|||50|
|showteam|p2|Umbreon||Leftovers|Synchronize|Toxic,Moonlight,Snarl,Protect|Calm||F|||50|]Toxapex||BrightPowder|Regenerator|BanefulBunker,Toxic,Infestation,Recover|Bold||F|||50|]Corviknight||FocusSash|MirrorArmor|IronDefense,IronHead,BodyPress,Roost|Careful||M|||50|]Garganacl||RindoBerry|Sturdy|SaltCure,Protect,Recover,RockSlide|Impish||M|||50|]Sinistcha-Masterpiece||KasibBerry|Hospitality|StrengthSap,MatchaGotcha,RagePowder,Protect|Bold|||||50|]Grimmsnarl||LightClay|Prankster|Reflect,LightScreen,PartingShot,SpiritBreak|Careful||M|||50|
|inactive|Battle timer is ON: inactive players will automatically lose when time's up. (requested by Zekken2002)
|
|t:|1784879555
|teamsize|p1|4
|teamsize|p2|4
|start
|switch|p1a: Delphox|Delphox, L50, F, shiny|100/100
|switch|p1b: Clefable|Clefable, L50, F|100/100
|switch|p2a: Grimmsnarl|Grimmsnarl, L50, M|100/100
|switch|p2b: Garganacl|Garganacl, L50, M|100/100
|turn|1
|
|t:|1784879578
|detailschange|p1a: Delphox|Delphox-Mega, L50, F, shiny
|-mega|p1a: Delphox|Delphox|Delphoxite
|move|p1b: Clefable|Follow Me|p1b: Clefable
|-singleturn|p1b: Clefable|move: Follow Me
|move|p2a: Grimmsnarl|Light Screen|p2a: Grimmsnarl
|-sidestart|p2: Zekken2002|move: Light Screen
|move|p1a: Delphox|Calm Mind|p1a: Delphox
|-boost|p1a: Delphox|spa|1
|-boost|p1a: Delphox|spd|1
|move|p2b: Garganacl|Salt Cure|p1b: Clefable
|-damage|p1b: Clefable|83/100
|-start|p1b: Clefable|Salt Cure
|
|upkeep
|turn|2
|
|t:|1784879594
|move|p1b: Clefable|Helping Hand|p1a: Delphox
|-singleturn|p1a: Delphox|Helping Hand|[of] p1b: Clefable
|move|p2a: Grimmsnarl|Reflect|p2a: Grimmsnarl
|-sidestart|p2: Zekken2002|Reflect
|move|p1a: Delphox|Heat Wave|p2a: Grimmsnarl|[spread] p2a,p2b
|-resisted|p2b: Garganacl|1
|-damage|p2a: Grimmsnarl|50/100g
|-damage|p2b: Garganacl|72/100
|move|p2b: Garganacl|Rock Slide|p1a: Delphox|[spread] p1a,p1b
|-supereffective|p1a: Delphox|1
|-damage|p1a: Delphox|47/100
|-damage|p1b: Clefable|59/100
|
|upkeep
|turn|3
|
|t:|1784879617
|move|p1b: Clefable|Helping Hand|p1a: Delphox
|-singleturn|p1a: Delphox|Helping Hand|[of] p1b: Clefable
|move|p2a: Grimmsnarl|Parting Shot|p1a: Delphox
|-unboost|p1a: Delphox|atk|1
|-unboost|p1a: Delphox|spa|1
|
|t:|1784879623
|switch|p2a: Toxapex|Toxapex, L50, F|100/100|[from] Parting Shot
|move|p1a: Delphox|Psychic|p2b: Garganacl
|-damage|p2b: Garganacl|21/100
|move|p2b: Garganacl|Rock Slide|p1a: Delphox|[spread] p1a,p1b
|-supereffective|p1a: Delphox|1
|-damage|p1a: Delphox|0 fnt
|-damage|p1b: Clefable|36/100
|faint|p1a: Delphox
|
|upkeep
|
|t:|1784879635
|switch|p1a: Aerodactyl|Aerodactyl, L50, F, shiny|100/100
|-ability|p1a: Aerodactyl|Unnerve
|turn|4
|
|t:|1784879644
|move|p1b: Clefable|Helping Hand|p1a: Aerodactyl
|-singleturn|p1a: Aerodactyl|Helping Hand|[of] p1b: Clefable
|move|p1a: Aerodactyl|Earthquake|p2b: Garganacl|[spread] p1b,p2a,p2b
|-supereffective|p2a: Toxapex|1
|-supereffective|p2b: Garganacl|1
|-damage|p1b: Clefable|0 fnt
|-damage|p2a: Toxapex|71/100
|-damage|p2b: Garganacl|0 fnt
|faint|p1b: Clefable
|faint|p2b: Garganacl
|move|p2a: Toxapex|Infestation|p1a: Aerodactyl
|-resisted|p1a: Aerodactyl|1
|-crit|p1a: Aerodactyl
|-damage|p1a: Aerodactyl|96/100
|-activate|p1a: Aerodactyl|move: Infestation|[of] p2a: Toxapex
|
|-damage|p1a: Aerodactyl|84/100|[from] move: Infestation|[partiallytrapped]
|upkeep
|
|t:|1784879658
|switch|p1b: Sneasler|Sneasler, L50, M, shiny|100/100
|switch|p2b: Grimmsnarl|Grimmsnarl, L50, M|50/100g
|turn|5
|
|t:|1784879680
|move|p2a: Toxapex|Baneful Bunker|p2a: Toxapex
|-singleturn|p2a: Toxapex|move: Protect
|move|p2b: Grimmsnarl|Parting Shot|p1a: Aerodactyl
|-unboost|p1a: Aerodactyl|atk|1
|-unboost|p1a: Aerodactyl|spa|1
|
|t:|1784879684
|switch|p2b: Sinistcha|Sinistcha-Masterpiece, L50|100/100|[from] Parting Shot
|-heal|p2a: Toxapex|96/100|[from] ability: Hospitality|[of] p2b: Sinistcha
|move|p1a: Aerodactyl|Rock Slide|p2a: Toxapex|[spread] 
|-activate|p2a: Toxapex|move: Protect
|-miss|p1a: Aerodactyl|p2b: Sinistcha
|move|p1b: Sneasler|Dire Claw|p2b: Sinistcha
|-damage|p2b: Sinistcha|76/100
|
|-damage|p1a: Aerodactyl|72/100|[from] move: Infestation|[partiallytrapped]
|upkeep
|turn|6
|inactive|AlphaBravoCola has 30 seconds left.
|
|t:|1784879710
|move|p2b: Sinistcha|Protect|p2b: Sinistcha
|-singleturn|p2b: Sinistcha|Protect
|move|p1a: Aerodactyl|Dual Wingbeat|p2b: Sinistcha
|-activate|p2b: Sinistcha|move: Protect
|move|p1b: Sneasler|Dire Claw|p2b: Sinistcha
|-activate|p2b: Sinistcha|move: Protect
|move|p2a: Toxapex|Toxic|p1a: Aerodactyl
|-status|p1a: Aerodactyl|tox
|
|-damage|p1a: Aerodactyl|66/100 tox|[from] psn
|-damage|p1a: Aerodactyl|54/100 tox|[from] move: Infestation|[partiallytrapped]
|upkeep
|turn|7
|-message|AlphaBravoCola forfeited.
|
|win|Zekken2002
|l|☆AlphaBravoCola
|player|p1|
||AlphaBravoCola is ready for game 2.
||Zekken2002 is ready for game 2.
|uhtml|next|Next: Game 2 of 3
