|j|☆Zukato1XD
|j|‽MarzipanTheFirst
|html|Zukato1XDMarzipanTheFirst    
|uhtml|bestof|Game 1 of a best-of-3
|t:|1783461833
|gametype|doubles
|player|p1|Zukato1XD|169|1167
|player|p2|MarzipanTheFirst|wallace|1051
|gen|9
|tier|[Gen 9 Champions] VGC 2026 Reg M-B (Bo3)
|rated|
|rule|Species Clause: Limit one of each Pokémon
|rule|Item Clause: Limit 1 of each item
|clearpoke
|poke|p1|Kingambit, L50, F|
|poke|p1|Basculegion, L50, M|
|poke|p1|Whimsicott, L50, F|
|poke|p1|Sneasler, L50, M|
|poke|p1|Floette-Eternal, L50, F|
|poke|p1|Charizard, L50, M|
|poke|p2|Sinistcha, L50|
|poke|p2|Garchomp, L50, M|
|poke|p2|Dragapult, L50, F|
|poke|p2|Scizor, L50, M|
|poke|p2|Incineroar, L50, M|
|poke|p2|Aerodactyl, L50, M|
|teampreview|4
|showteam|p1|Kingambit||Leftovers|Defiant|KowtowCleave,SuckerPunch,IronHead,Protect|Adamant||F|||50|]Basculegion||ChoiceScarf|Adaptability|FlipTurn,WaveCrash,AquaJet,LastRespects|Jolly||M|||50|]Whimsicott||FocusSash|Prankster|Taunt,Moonblast,Tailwind,Encore|Timid||F|||50|]Sneasler||WhiteHerb|Unburden|CloseCombat,FakeOut,DireClaw,Protect|Adamant||M|||50|]Floette-Eternal||Floettite|FlowerVeil|Protect,DazzlingGleam,Moonblast,CalmMind|Timid||F|||50|]Charizard||CharizarditeY|Blaze|HeatWave,SolarBeam,ScorchingSands,Protect|Timid||M|||50|
|showteam|p2|Sinistcha||Leftovers|Hospitality|LifeDew,MatchaGotcha,Protect,RagePowder|Bold|||||50|]Garchomp||LifeOrb|RoughSkin|StompingTantrum,RockSlide,DragonClaw,Protect|Jolly||M|||50|]Dragapult||FocusSash|ClearBody|WillOWisp,Disable,Flamethrower,ShadowBall|Timid||F|||50|]Scizor||Scizorite|Technician|Tailwind,BulletPunch,BugBite,SwordsDance|Adamant||M|||50|]Incineroar||PasshoBerry|Intimidate|FakeOut,FlareBlitz,ThroatChop,Taunt|Careful||M|||50|]Aerodactyl||Aerodactylite|Unnerve|Tailwind,Protect,RockSlide,DualWingbeat|Jolly||M|||50|
|
|t:|1783461896
|teamsize|p1|4
|teamsize|p2|4
|start
|switch|p1a: Whimsicott|Whimsicott, L50, F|100/100
|switch|p1b: Charizard|Charizard, L50, M|100/100
|switch|p2a: Aerodactyl|Aerodactyl, L50, M|100/100
|switch|p2b: Scizor|Scizor, L50, M|100/100
|-ability|p2a: Aerodactyl|Unnerve
|turn|1
|
|t:|1783461921
|detailschange|p2a: Aerodactyl|Aerodactyl-Mega, L50, M
|-mega|p2a: Aerodactyl|Aerodactyl|Aerodactylite
|move|p1b: Charizard|Protect|p1b: Charizard
|-singleturn|p1b: Charizard|Protect
|move|p1a: Whimsicott|Tailwind|p1a: Whimsicott
|-sidestart|p1: Zukato1XD|move: Tailwind
|move|p2b: Scizor|Bullet Punch|p1a: Whimsicott
|-supereffective|p1a: Whimsicott|1
|-damage|p1a: Whimsicott|26/100
|move|p2a: Aerodactyl|Rock Slide|p1a: Whimsicott|[spread] p1a
|-activate|p1b: Charizard|move: Protect
|-damage|p1a: Whimsicott|0 fnt
|faint|p1a: Whimsicott
|
|upkeep
|
|t:|1783461939
|switch|p1a: Kingambit|Kingambit, L50, F|100/100
|turn|2
|
|t:|1783461951
|switch|p2b: Dragapult|Dragapult, L50, F|100/100
|detailschange|p1b: Charizard|Charizard-Mega-Y, L50, M
|-mega|p1b: Charizard|Charizard|Charizardite Y
|-weather|SunnyDay|[from] ability: Drought|[of] p1b: Charizard
|move|p1a: Kingambit|Sucker Punch|p2a: Aerodactyl
|-damage|p2a: Aerodactyl|42/100
|move|p1b: Charizard|Solar Beam||[still]
|-prepare|p1b: Charizard|Solar Beam
|-anim|p1b: Charizard|Solar Beam|p2a: Aerodactyl
|-damage|p2a: Aerodactyl|0 fnt
|faint|p2a: Aerodactyl
|
|-weather|SunnyDay|[upkeep]
|upkeep
|
|t:|1783461964
|switch|p2a: Incineroar|Incineroar, L50, M|100/100
|-ability|p2a: Incineroar|Intimidate|boost
|-unboost|p1a: Kingambit|atk|1
|-ability|p1a: Kingambit|Defiant|boost
|-boost|p1a: Kingambit|atk|2
|-unboost|p1b: Charizard|atk|1
|turn|3
|
|t:|1783461990
|move|p2a: Incineroar|Fake Out|p1b: Charizard
|-damage|p1b: Charizard|85/100
|move|p1a: Kingambit|Sucker Punch||[still]
|-fail|p1a: Kingambit
|cant|p1b: Charizard|flinch
|move|p2b: Dragapult|Flamethrower|p1a: Kingambit
|-supereffective|p1a: Kingambit|1
|-damage|p1a: Kingambit|36/100
|
|-weather|SunnyDay|[upkeep]
|-heal|p1a: Kingambit|42/100|[from] item: Leftovers
|upkeep
|turn|4
|
|t:|1783462016
|move|p1a: Kingambit|Sucker Punch||[still]
|-fail|p1a: Kingambit
|move|p1b: Charizard|Scorching Sands|p2a: Incineroar
|-supereffective|p2a: Incineroar|1
|-damage|p2a: Incineroar|62/100
|move|p2b: Dragapult|Will-O-Wisp|p1a: Kingambit
|-status|p1a: Kingambit|brn
|move|p2a: Incineroar|Flare Blitz|p1a: Kingambit
|-supereffective|p1a: Kingambit|1
|-damage|p1a: Kingambit|0 fnt
|faint|p1a: Kingambit
|-damage|p2a: Incineroar|48/100|[from] Recoil
|
|-weather|SunnyDay|[upkeep]
|-sideend|p1: Zukato1XD|move: Tailwind
|upkeep
|
|t:|1783462030
|switch|p1a: Basculegion|Basculegion, L50, M|100/100
|turn|5
|
|t:|1783462046
|move|p1a: Basculegion|Last Respects|p2b: Dragapult
|-supereffective|p2b: Dragapult|1
|-enditem|p2b: Dragapult|Focus Sash
|-damage|p2b: Dragapult|1/100
|move|p2b: Dragapult|Disable|p1b: Charizard
|-start|p1b: Charizard|Disable|Scorching Sands
|cant|p1b: Charizard|Disable|Scorching Sands
|move|p2a: Incineroar|Throat Chop|p1a: Basculegion
|-supereffective|p1a: Basculegion|1
|-damage|p1a: Basculegion|22/100
|-start|p1a: Basculegion|Throat Chop|[silent]
|
|-weather|SunnyDay|[upkeep]
|upkeep
|turn|6
|
|t:|1783462063
|move|p1a: Basculegion|Last Respects|p2a: Incineroar
|-resisted|p2a: Incineroar|1
|-damage|p2a: Incineroar|7/100
|move|p2b: Dragapult|Shadow Ball|p1a: Basculegion
|-supereffective|p1a: Basculegion|1
|-damage|p1a: Basculegion|0 fnt
|faint|p1a: Basculegion
|move|p1b: Charizard|Heat Wave|p2a: Incineroar|[spread] p2a,p2b
|-resisted|p2a: Incineroar|1
|-resisted|p2b: Dragapult|1
|-damage|p2a: Incineroar|0 fnt
|-damage|p2b: Dragapult|0 fnt
|faint|p2a: Incineroar
|faint|p2b: Dragapult
|
|-weather|none
|upkeep
|
|t:|1783462073
|switch|p2b: Scizor|Scizor, L50, M|100/100
|turn|7
|
|t:|1783462083
|move|p2b: Scizor|Bullet Punch|p1b: Charizard
|-resisted|p1b: Charizard|1
|-damage|p1b: Charizard|60/100
|move|p1b: Charizard|Heat Wave|p2b: Scizor
|-supereffective|p2b: Scizor|2
|-damage|p2b: Scizor|0 fnt
|faint|p2b: Scizor
|
|win|Zukato1XD
||Zukato1XD is ready for game 2.
|l|‽MarzipanTheFirst
|player|p2|
|inactive|MarzipanTheFirst has 30 seconds to confirm battle start!
||MarzipanTheFirst is ready for game 2.
|uhtml|next|Next: Game 2 of 3
|j|‽MarzipanTheFirst
|player|p2|MarzipanTheFirst|wallace|
