|j|☆colemarcusvgc
|j|☆Krimzonite
|html|colemarcusvgcKrimzonite    
|uhtml|bestof|Game 1 of a best-of-3
|t:|1756868116
|gametype|doubles
|player|p1|colemarcusvgc|n|1141
|player|p2|Krimzonite|benga|1040
|gen|9
|tier|[Gen 9] VGC 2025 Reg H (Bo3)
|rated|
|rule|Species Clause: Limit one of each Pokémon
|rule|Item Clause: Limit 1 of each item
|clearpoke
|poke|p1|Indeedee-F, L50, F|
|poke|p1|Hatterene, L50, F|
|poke|p1|Gallade, L50, M|
|poke|p1|Ursaluna, L50, M|
|poke|p1|Lilligant-Hisui, L50, F|
|poke|p1|Torkoal, L50, M|
|poke|p2|Charizard, L50, M|
|poke|p2|Ninetales, L50, M|
|poke|p2|Venusaur, L50, F|
|poke|p2|Raichu, L50, M|
|poke|p2|Dragonite, L50, M|
|poke|p2|Clefairy, L50, M|
|teampreview|4
|showteam|p1|Indeedee-F||PsychicSeed|PsychicSurge|TrickRoom,FollowMe,HelpingHand,DazzlingGleam|||F|||50|,,,,,Fire]Hatterene||LifeOrb|MagicBounce|ExpandingForce,TrickRoom,DazzlingGleam,Protect|||F|||50|,,,,,Psychic]Gallade||ClearAmulet|Sharpness|PsychoCut,TrickRoom,SacredSword,WideGuard|||M|||50|,,,,,Grass]Ursaluna||FlameOrb|Guts|HeadlongRush,Facade,SwordsDance,Protect|||M|||50|,,,,,Ghost]Lilligant-Hisui||FocusSash|Chlorophyll|SolarBlade,SleepPowder,CloseCombat,AfterYou|||F|||50|,,,,,Ghost]Torkoal||ChoiceSpecs|Drought|Eruption,HeatWave,WeatherBall,EarthPower|||M|||50|,,,,,Fire
|showteam|p2|Charizard||ChoiceSpecs|SolarPower|HeatWave,Overheat,WeatherBall,DragonPulse|||M|||50|,,,,,Ghost]Ninetales||EjectPack|Drought|Overheat,Encore,Protect,SolarBeam|||M|||50|,,,,,Fire]Venusaur||WideLens|Chlorophyll|SolarBeam,SludgeBomb,SleepPowder,Protect|||F|||50|,,,,,Grass]Raichu||FocusSash|LightningRod|VoltSwitch,Nuzzle,Endeavor,FakeOut|||M|||50|,,,,,Fairy]Dragonite||LoadedDice|Multiscale|ScaleShot,ExtremeSpeed,Tailwind,Protect|||M|||50|,,,,,Fairy]Clefairy||Eviolite|CuteCharm|AfterYou,FollowMe,HelpingHand,SunnyDay|||M|||50|,,,,,Fairy
|
|t:|1756868163
|teamsize|p1|4
|teamsize|p2|4
|start
|switch|p1a: Lilligant|Lilligant-Hisui, L50, F|100/100
|switch|p1b: Torkoal|Torkoal, L50, M|100/100
|switch|p2a: Ninetales|Ninetales, L50, M, shiny|100/100
|switch|p2b: Venusaur|Venusaur, L50, F|100/100
|-weather|SunnyDay|[from] ability: Drought|[of] p2a: Ninetales
|turn|1
|
|t:|1756868186
|move|p1a: Lilligant|After You|p1b: Torkoal
|-activate|p1b: Torkoal|move: After You
|move|p1b: Torkoal|Eruption|p2b: Venusaur|[spread] p2a,p2b
|-resisted|p2a: Ninetales
|-supereffective|p2b: Venusaur
|-damage|p2a: Ninetales|51/100
|-damage|p2b: Venusaur|0 fnt
|faint|p2b: Venusaur
|move|p2a: Ninetales|Overheat|p1a: Lilligant
|-supereffective|p1a: Lilligant
|-enditem|p1a: Lilligant|Focus Sash
|-damage|p1a: Lilligant|1/100
|-unboost|p2a: Ninetales|spa|2
|-enditem|p2a: Ninetales|Eject Pack
|
|t:|1756868201
|switch|p2a: Dragonite|Dragonite, L50, M|100/100
|
|-weather|SunnyDay|[upkeep]
|upkeep
|
|t:|1756868210
|switch|p2b: Ninetales|Ninetales, L50, M, shiny|51/100
|turn|2
|
|t:|1756868221
|-terastallize|p1b: Torkoal|Fire
|move|p2b: Ninetales|Protect|p2b: Ninetales
|-singleturn|p2b: Ninetales|Protect
|move|p1a: Lilligant|After You|p1b: Torkoal
|-activate|p1b: Torkoal|move: After You
|move|p1b: Torkoal|Eruption|p2a: Dragonite|[spread] p2a
|-activate|p2b: Ninetales|move: Protect
|-resisted|p2a: Dragonite
|-damage|p2a: Dragonite|59/100
|move|p2a: Dragonite|Tailwind|p2a: Dragonite
|-sidestart|p2: Krimzonite|move: Tailwind
|
|-weather|SunnyDay|[upkeep]
|upkeep
|turn|3
|
|t:|1756868254
|switch|p1b: Indeedee|Indeedee-F, L50, F|100/100
|-fieldstart|move: Psychic Terrain|[from] ability: Psychic Surge|[of] p1b: Indeedee
|-enditem|p1b: Indeedee|Psychic Seed
|-boost|p1b: Indeedee|spd|1|[from] item: Psychic Seed
|move|p1a: Lilligant|Sleep Powder|p2b: Ninetales
|-status|p2b: Ninetales|slp|[from] move: Sleep Powder
|cant|p2b: Ninetales|slp
|move|p2a: Dragonite|Scale Shot|p1b: Indeedee
|-damage|p1b: Indeedee|89/100
|-damage|p1b: Indeedee|75/100
|-damage|p1b: Indeedee|63/100
|-damage|p1b: Indeedee|51/100
|-damage|p1b: Indeedee|37/100
|-hitcount|p1b: Indeedee|5
|-unboost|p2a: Dragonite|def|1
|-boost|p2a: Dragonite|spe|1
|
|-weather|SunnyDay|[upkeep]
|upkeep
|turn|4
|
|t:|1756868285
|move|p2a: Dragonite|Scale Shot|p1b: Indeedee
|-damage|p1b: Indeedee|25/100
|-crit|p1b: Indeedee
|-damage|p1b: Indeedee|7/100
|-damage|p1b: Indeedee|0 fnt
|faint|p1b: Indeedee
|-hitcount|p1: Indeedee|3
|-unboost|p2a: Dragonite|def|1
|-boost|p2a: Dragonite|spe|1
|move|p1a: Lilligant|Solar Blade||[still]
|-prepare|p1a: Lilligant|Solar Blade
|-anim|p1a: Lilligant|Solar Blade|p2a: Dragonite
|-resisted|p2a: Dragonite
|-damage|p2a: Dragonite|26/100
|-curestatus|p2b: Ninetales|slp|[msg]
|move|p2b: Ninetales|Overheat|p1a: Lilligant
|-supereffective|p1a: Lilligant
|-damage|p1a: Lilligant|0 fnt
|-unboost|p2b: Ninetales|spa|2
|faint|p1a: Lilligant
|
|-weather|SunnyDay|[upkeep]
|upkeep
|
|t:|1756868304
|switch|p1a: Torkoal|Torkoal, L50, M, tera:Fire|100/100
|switch|p1b: Gallade|Gallade, L50, M, shiny|100/100
|turn|5
|
|t:|1756868329
|move|p2a: Dragonite|Scale Shot|p1a: Torkoal
|-damage|p1a: Torkoal|90/100
|-damage|p1a: Torkoal|80/100
|-damage|p1a: Torkoal|69/100
|-damage|p1a: Torkoal|59/100
|-hitcount|p1a: Torkoal|4
|-unboost|p2a: Dragonite|def|1
|-boost|p2a: Dragonite|spe|1
|move|p2b: Ninetales|Overheat|p1b: Gallade
|-damage|p1b: Gallade|76/100
|-unboost|p2b: Ninetales|spa|2
|move|p1a: Torkoal|Eruption|p2b: Ninetales|[spread] p2a,p2b
|-resisted|p2a: Dragonite
|-resisted|p2b: Ninetales
|-damage|p2a: Dragonite|0 fnt
|-damage|p2b: Ninetales|9/100
|faint|p2a: Dragonite
|move|p1b: Gallade|Trick Room|p1b: Gallade
|-fieldstart|move: Trick Room|[of] p1b: Gallade
|
|-weather|none
|-sideend|p2: Krimzonite|move: Tailwind
|upkeep
|
|t:|1756868351
|switch|p2a: Charizard|Charizard, L50, M, shiny|100/100
|turn|6
|
|t:|1756868367
|move|p1a: Torkoal|Eruption|p2a: Charizard|[spread] p2a,p2b
|-resisted|p2a: Charizard
|-resisted|p2b: Ninetales
|-damage|p2a: Charizard|63/100
|-damage|p2b: Ninetales|0 fnt
|faint|p2b: Ninetales
|move|p1b: Gallade|Sacred Sword|p2a: Charizard
|-resisted|p2a: Charizard
|-damage|p2a: Charizard|10/100
|move|p2a: Charizard|Heat Wave|p1b: Gallade|[spread] p1a
|-miss|p2a: Charizard|p1b: Gallade
|-resisted|p1a: Torkoal
|-damage|p1a: Torkoal|28/100
|
|upkeep
|turn|7
|
|t:|1756868380
|move|p1a: Torkoal|Eruption|p2a: Charizard
|-resisted|p2a: Charizard
|-damage|p2a: Charizard|0 fnt
|faint|p2a: Charizard
|
|win|colemarcusvgc
||colemarcusvgc is ready for game 2.
|l|☆Krimzonite
|player|p2|
|inactive|Krimzonite has 30 seconds to confirm battle start!
|inactive|Krimzonite has 20 seconds to confirm battle start!
