|j|☆3ChrisTresTigres
|j|☆shlav
|html|3ChrisTresTigresshlav    
|uhtml|bestof|Game 2 of a best-of-3
|t:|1782749338
|gametype|doubles
|player|p1|3ChrisTresTigres|flannery|1040
|player|p2|shlav|cynthia|1133
|gen|9
|tier|[Gen 9 Champions] VGC 2026 Reg M-B (Bo3)
|rated|
|rule|Species Clause: Limit one of each Pokémon
|rule|Item Clause: Limit 1 of each item
|clearpoke
|poke|p1|Aerodactyl, L50, M|
|poke|p1|Garchomp, L50, F|
|poke|p1|Kingambit, L50, F|
|poke|p1|Basculegion, L50, M, shiny|
|poke|p1|Sylveon, L50, M|
|poke|p1|Charizard, L50, F|
|poke|p2|Pelipper, L50, F|
|poke|p2|Swampert, L50, M|
|poke|p2|Archaludon, L50, F|
|poke|p2|Sinistcha, L50|
|poke|p2|Sneasler, L50, F|
|poke|p2|Sylveon, L50, F|
|teampreview|4
|showteam|p1|Aerodactyl||Aerodactylite|RockHead|Tailwind,WideGuard,DualWingbeat,RockSlide|Jolly||M|||50|]Garchomp||ChoiceScarf|RoughSkin|Earthquake,StompingTantrum,RockTomb,DragonClaw|Adamant||F|||50|]Kingambit||ChopleBerry|Defiant|KowtowCleave,SuckerPunch,LowKick,IronHead|Adamant||F|||50|]Basculegion||FocusSash|Adaptability|Liquidation,Protect,AquaJet,LastRespects|Adamant||M|||50|]Sylveon||FairyFeather|Pixilate|HyperVoice,Detect,Yawn,HyperBeam|Modest||M|||50|]Charizard||CharizarditeY|Blaze|Protect,HeatWave,SolarBeam,WeatherBall|Modest||F|||50|
|showteam|p2|Pelipper||FocusSash|Drizzle|Hurricane,WeatherBall,Tailwind,WideGuard|Modest||F|||50|]Swampert||Swampertite|Torrent|Protect,WaveCrash,Earthquake,IcePunch|Adamant||M|||50|]Archaludon||Leftovers|Stamina|ElectroShot,FlashCannon,Protect,DragonPulse|Modest||F|||50|]Sinistcha||SitrusBerry|Hospitality|RagePowder,MatchaGotcha,LifeDew,TrickRoom|Bold|||||50|]Sneasler||WhiteHerb|Unburden|CloseCombat,FakeOut,DireClaw,ThroatChop|Jolly||F|||50|]Sylveon||FairyFeather|Pixilate|HyperVoice,QuickAttack,HyperBeam,Detect|Modest||F|||50|
|
|t:|1782749384
|teamsize|p1|4
|teamsize|p2|4
|start
|switch|p1a: Basculegion|Basculegion, L50, M, shiny|100/100
|switch|p1b: Charizard|Charizard, L50, F|100/100
|switch|p2a: Pelipper|Pelipper, L50, F|100/100
|switch|p2b: Swampert|Swampert, L50, M|100/100
|-weather|RainDance|[from] ability: Drizzle|[of] p2a: Pelipper
|turn|1
|
|t:|1782749415
|switch|p1a: Kingambit|Kingambit, L50, F|100/100
|detailschange|p1b: Charizard|Charizard-Mega-Y, L50, F
|-mega|p1b: Charizard|Charizard|Charizardite Y
|-weather|SunnyDay|[from] ability: Drought|[of] p1b: Charizard
|detailschange|p2b: Swampert|Swampert-Mega, L50, M
|-mega|p2b: Swampert|Swampert|Swampertite
|move|p1b: Charizard|Solar Beam||[still]
|-prepare|p1b: Charizard|Solar Beam
|-anim|p1b: Charizard|Solar Beam|p2b: Swampert
|-supereffective|p2b: Swampert|2
|-damage|p2b: Swampert|0 fnt
|faint|p2b: Swampert
|move|p2a: Pelipper|Tailwind|p2a: Pelipper
|-sidestart|p2: shlav|move: Tailwind
|
|-weather|SunnyDay|[upkeep]
|upkeep
|
|t:|1782749431
|switch|p2b: Archaludon|Archaludon, L50, F|100/100
|turn|2
|
|t:|1782749460
|switch|p2a: Sneasler|Sneasler, L50, F|100/100
|move|p2b: Archaludon|Protect|p2b: Archaludon
|-singleturn|p2b: Archaludon|Protect
|move|p1b: Charizard|Weather Ball|p2b: Archaludon
|-activate|p2b: Archaludon|move: Protect
|move|p1a: Kingambit|Kowtow Cleave|p2a: Sneasler
|-resisted|p2a: Sneasler|1
|-damage|p2a: Sneasler|61/100
|
|-weather|SunnyDay|[upkeep]
|upkeep
|turn|3
|
|t:|1782749491
|switch|p2a: Pelipper|Pelipper, L50, F|100/100
|-weather|RainDance|[from] ability: Drizzle|[of] p2a: Pelipper
|switch|p1b: Basculegion|Basculegion, L50, M, shiny|100/100
|move|p2b: Archaludon|Electro Shot||[still]
|-prepare|p2b: Archaludon|Electro Shot
|-boost|p2b: Archaludon|spa|1
|-anim|p2b: Archaludon|Electro Shot|p1b: Basculegion
|-supereffective|p1b: Basculegion|1
|-enditem|p1b: Basculegion|Focus Sash
|-damage|p1b: Basculegion|1/100
|move|p1a: Kingambit|Kowtow Cleave|p2a: Pelipper
|-damage|p2a: Pelipper|47/100
|
|-weather|RainDance|[upkeep]
|upkeep
|turn|4
|
|t:|1782749545
|switch|p2a: Sneasler|Sneasler, L50, F|61/100
|switch|p1b: Charizard|Charizard-Mega-Y, L50, F|100/100
|-weather|SunnyDay|[from] ability: Drought|[of] p1b: Charizard
|move|p2b: Archaludon|Flash Cannon|p1b: Charizard
|-resisted|p1b: Charizard|1
|-damage|p1b: Charizard|75/100
|move|p1a: Kingambit|Kowtow Cleave|p2a: Sneasler
|-resisted|p2a: Sneasler|1
|-damage|p2a: Sneasler|21/100
|
|-weather|SunnyDay|[upkeep]
|-sideend|p2: shlav|move: Tailwind
|upkeep
|turn|5
|
|t:|1782749587
|switch|p1b: Basculegion|Basculegion, L50, M, shiny|1/100
|move|p2b: Archaludon|Protect|p2b: Archaludon
|-singleturn|p2b: Archaludon|Protect
|move|p2a: Sneasler|Close Combat|p1a: Kingambit
|-supereffective|p1a: Kingambit|2
|-enditem|p1a: Kingambit|Chople Berry|[eat]
|-enditem|p1a: Kingambit|Chople Berry|[weaken]
|-damage|p1a: Kingambit|12/100
|-unboost|p2a: Sneasler|def|1
|-unboost|p2a: Sneasler|spd|1
|-enditem|p2a: Sneasler|White Herb
|-clearnegativeboost|p2a: Sneasler|[silent]
|move|p1a: Kingambit|Kowtow Cleave|p2a: Sneasler
|-resisted|p2a: Sneasler|1
|-damage|p2a: Sneasler|0 fnt
|faint|p2a: Sneasler
|
|-weather|SunnyDay|[upkeep]
|upkeep
|
|t:|1782749604
|switch|p2a: Pelipper|Pelipper, L50, F|47/100
|-weather|RainDance|[from] ability: Drizzle|[of] p2a: Pelipper
|turn|6
|
|t:|1782749627
|move|p1b: Basculegion|Aqua Jet|p2a: Pelipper
|-resisted|p2a: Pelipper|1
|-damage|p2a: Pelipper|27/100
|move|p1a: Kingambit|Sucker Punch|p2a: Pelipper
|-damage|p2a: Pelipper|0 fnt
|faint|p2a: Pelipper
|move|p2b: Archaludon|Flash Cannon|p1b: Basculegion
|-resisted|p1b: Basculegion|1
|-damage|p1b: Basculegion|0 fnt
|faint|p1b: Basculegion
|
|-weather|RainDance|[upkeep]
|upkeep
|
|t:|1782749633
|switch|p1b: Charizard|Charizard-Mega-Y, L50, F|75/100
|-weather|SunnyDay|[from] ability: Drought|[of] p1b: Charizard
|turn|7
|
|t:|1782749642
|move|p1b: Charizard|Weather Ball|p2b: Archaludon
|-crit|p2b: Archaludon
|-damage|p2b: Archaludon|0 fnt
|faint|p2b: Archaludon
|
|win|3ChrisTresTigres
||3ChrisTresTigres is ready for game 3.
||shlav is ready for game 3.
|uhtml|next|Next: Game 3 of 3
