|j|☆AlphaBravoCola
|j|☆repo2
|html|AlphaBravoColarepo2    
|uhtml|bestof|Game 2 of a best-of-3
|t:|1785774937
|gametype|doubles
|player|p1|AlphaBravoCola|169|1099
|player|p2|repo2|pokemonrangerf|1162
|gen|9
|tier|[Gen 9 Champions] VGC 2026 Reg M-B (Bo3)
|rated|
|rule|Species Clause: Limit one of each Pokémon
|rule|Item Clause: Limit 1 of each item
|clearpoke
|poke|p1|Delphox, L50, F, shiny|
|poke|p1|Greninja, L50, M|
|poke|p1|Aerodactyl, L50, F, shiny|
|poke|p1|Metagross, L50, shiny|
|poke|p1|Ninetales, L50, F, shiny|
|poke|p1|Aurorus, L50, M, shiny|
|poke|p2|Staraptor, L50, F|
|poke|p2|Farigiraf, L50, M|
|poke|p2|Incineroar, L50, M|
|poke|p2|Floette-Eternal, L50, F|
|poke|p2|Excadrill, L50, M|
|poke|p2|Milotic, L50, M|
|teampreview|4
|showteam|p1|Delphox||Delphoxite|Blaze|CalmMind,Protect,HeatWave,Psychic|Modest||F|||50|]Greninja||Greninjite|Protean|Blizzard,DarkPulse,Surf,Protect|Timid||M|||50|]Aerodactyl||FocusSash|Unnerve|Tailwind,DualWingbeat,RockSlide,Earthquake|Jolly||F|||50|]Metagross||LifeOrb|ClearBody|BrickBreak,BulletPunch,ThunderPunch,Protect|Jolly|||||50|]Ninetales||Charcoal|Drought|HelpingHand,Roar,WeatherBall,Overheat|Timid||F|||50|]Aurorus||IcyRock|SnowWarning|AuroraVeil,AncientPower,Protect,Snowscape|Calm||M|||50|
|showteam|p2|Staraptor||ChoiceScarf|Intimidate|FinalGambit,CloseCombat,Uturn,BraveBird|Jolly||F|||50|]Farigiraf||SitrusBerry|ArmorTail|TrickRoom,Psychic,Thunderbolt,HelpingHand|Bold||M|||50|]Incineroar||FocusSash|Intimidate|FakeOut,PartingShot,FlareBlitz,ThroatChop|Adamant||M|||50|]Floette-Eternal||Floettite|FlowerVeil|DazzlingGleam,Protect,CalmMind,DrainingKiss|Modest||F|||50|]Excadrill||LifeOrb|MoldBreaker|IronHead,HighHorsepower,Protect,RockSlide|Jolly||M|||50|]Milotic||Leftovers|Competitive|MuddyWater,Hypnosis,Coil,Recover|Calm||M|||50|
|inactive|Battle timer is ON: inactive players will automatically lose when time's up. (requested by repo2)
|inactive|repo2 has 60 seconds left.
|
|t:|1785774980
|teamsize|p1|4
|teamsize|p2|4
|start
|switch|p1a: Aurorus|Aurorus, L50, M, shiny|100/100
|switch|p1b: Greninja|Greninja, L50, M|100/100
|switch|p2a: Floette|Floette-Eternal, L50, F|100/100
|switch|p2b: Incineroar|Incineroar, L50, M|100/100
|-ability|p2b: Incineroar|Intimidate|boost
|-unboost|p1a: Aurorus|atk|1
|-unboost|p1b: Greninja|atk|1
|-weather|Snowscape|[from] ability: Snow Warning|[of] p1a: Aurorus
|turn|1
|
|t:|1785775004
|detailschange|p1b: Greninja|Greninja-Mega, L50, M
|-mega|p1b: Greninja|Greninja|Greninjite
|detailschange|p2a: Floette|Floette-Mega, L50, F
|-mega|p2a: Floette|Floette|Floettite
|-ability|p2a: Floette|Fairy Aura
|move|p2b: Incineroar|Fake Out|p1b: Greninja
|-damage|p1b: Greninja|79/100
|cant|p1b: Greninja|flinch
|move|p2a: Floette|Calm Mind|p2a: Floette
|-boost|p2a: Floette|spa|1
|-boost|p2a: Floette|spd|1
|move|p1a: Aurorus|Aurora Veil|p1a: Aurorus
|-sidestart|p1: AlphaBravoCola|move: Aurora Veil
|
|-weather|Snowscape|[upkeep]
|upkeep
|turn|2
|
|t:|1785775019
|move|p1b: Greninja|Blizzard|p2b: Incineroar|[spread] p2a,p2b
|-start|p1b: Greninja|typechange|Ice|[from] ability: Protean
|-resisted|p2b: Incineroar|1
|-damage|p2a: Floette|77/100
|-damage|p2b: Incineroar|77/100
|-status|p2b: Incineroar|frz
|move|p2a: Floette|Dazzling Gleam|p1a: Aurorus|[spread] p1a,p1b
|-damage|p1a: Aurorus|76/100
|-damage|p1b: Greninja|20/100y
|cant|p2b: Incineroar|frz
|move|p1a: Aurorus|Ancient Power|p2b: Incineroar
|-supereffective|p2b: Incineroar|1
|-damage|p2b: Incineroar|25/100 frz
|
|-weather|Snowscape|[upkeep]
|upkeep
|turn|3
|
|t:|1785775040
|switch|p1b: Aerodactyl|Aerodactyl, L50, F, shiny|100/100
|-ability|p1b: Aerodactyl|Unnerve
|move|p2a: Floette|Dazzling Gleam|p1b: Aerodactyl|[spread] p1a,p1b
|-damage|p1a: Aurorus|51/100
|-damage|p1b: Aerodactyl|40/100
|-curestatus|p2b: Incineroar|frz|[from] move: Flare Blitz
|move|p2b: Incineroar|Flare Blitz|p1a: Aurorus
|-crit|p1a: Aurorus
|-damage|p1a: Aurorus|0 fnt
|faint|p1a: Aurorus
|-damage|p2b: Incineroar|2/100|[from] Recoil
|
|-weather|Snowscape|[upkeep]
|upkeep
|
|t:|1785775053
|switch|p1a: Metagross|Metagross, L50, shiny|100/100
|turn|4
|
|t:|1785775063
|switch|p2a: Milotic|Milotic, L50, M|100/100
|move|p1a: Metagross|Bullet Punch|p2a: Milotic
|-resisted|p2a: Milotic|1
|-damage|p2a: Milotic|88/100
|-damage|p1a: Metagross|90/100|[from] item: Life Orb
|move|p1b: Aerodactyl|Rock Slide|p2b: Incineroar|[spread] p2b
|-miss|p1b: Aerodactyl|p2a: Milotic
|-supereffective|p2b: Incineroar|1
|-damage|p2b: Incineroar|0 fnt
|faint|p2b: Incineroar
|
|-weather|Snowscape|[upkeep]
|-heal|p2a: Milotic|94/100|[from] item: Leftovers
|upkeep
|
|t:|1785775068
|switch|p2b: Excadrill|Excadrill, L50, M|100/100
|-ability|p2b: Excadrill|Mold Breaker
|turn|5
|inactive|AlphaBravoCola has 30 seconds left.
|
|t:|1785775094
|move|p1b: Aerodactyl|Tailwind|p1b: Aerodactyl
|-sidestart|p1: AlphaBravoCola|move: Tailwind
|move|p1a: Metagross|Brick Break|p2b: Excadrill
|-supereffective|p2b: Excadrill|1
|-damage|p2b: Excadrill|0 fnt
|faint|p2b: Excadrill
|-damage|p1a: Metagross|80/100|[from] item: Life Orb
|move|p2a: Milotic|Muddy Water|p1b: Aerodactyl|[spread] p1a,p1b
|-supereffective|p1b: Aerodactyl|1
|-damage|p1a: Metagross|64/100
|-damage|p1b: Aerodactyl|0 fnt
|faint|p1b: Aerodactyl
|
|-weather|Snowscape|[upkeep]
|-heal|p2a: Milotic|100/100|[from] item: Leftovers
|-sideend|p1: AlphaBravoCola|move: Aurora Veil
|upkeep
|
|t:|1785775109
|switch|p1b: Greninja|Greninja-Mega, L50, M|20/100y
|switch|p2b: Floette|Floette-Mega, L50, F|77/100
|-ability|p2b: Floette|Fairy Aura
|turn|6
|
|t:|1785775127
|move|p1a: Metagross|Bullet Punch|p2a: Milotic
|-resisted|p2a: Milotic|1
|-damage|p2a: Milotic|87/100
|-damage|p1a: Metagross|54/100|[from] item: Life Orb
|move|p1b: Greninja|Blizzard|p2b: Floette|[spread] p2a,p2b
|-start|p1b: Greninja|typechange|Ice|[from] ability: Protean
|-resisted|p2a: Milotic|1
|-damage|p2a: Milotic|73/100
|-damage|p2b: Floette|45/100
|-status|p2b: Floette|frz
|cant|p2b: Floette|frz
|move|p2a: Milotic|Coil|p2a: Milotic
|-boost|p2a: Milotic|atk|1
|-boost|p2a: Milotic|def|1
|-boost|p2a: Milotic|accuracy|1
|
|-weather|Snowscape|[upkeep]
|-heal|p2a: Milotic|79/100|[from] item: Leftovers
|upkeep
|turn|7
|
|t:|1785775146
|move|p1b: Greninja|Blizzard|p2b: Floette|[spread] p2a,p2b
|-resisted|p2a: Milotic|1
|-damage|p2a: Milotic|65/100
|-damage|p2b: Floette|13/100 frz
|move|p1a: Metagross|Thunder Punch|p2a: Milotic
|-supereffective|p2a: Milotic|1
|-damage|p2a: Milotic|28/100
|-damage|p1a: Metagross|44/100|[from] item: Life Orb
|cant|p2b: Floette|frz
|move|p2a: Milotic|Muddy Water|p1b: Greninja|[spread] p1a,p1b
|-damage|p1a: Metagross|23/100
|-damage|p1b: Greninja|0 fnt
|faint|p1b: Greninja
|
|-weather|Snowscape|[upkeep]
|-heal|p2a: Milotic|34/100|[from] item: Leftovers
|upkeep
|turn|8
|
|t:|1785775169
|move|p1a: Metagross|Thunder Punch|p2a: Milotic
|-supereffective|p2a: Milotic|1
|-damage|p2a: Milotic|0 fnt
|faint|p2a: Milotic
|-damage|p1a: Metagross|13/100|[from] item: Life Orb
|-curestatus|p2b: Floette|frz|[msg]
|move|p2b: Floette|Dazzling Gleam|p1a: Metagross
|-resisted|p1a: Metagross|1
|-damage|p1a: Metagross|0 fnt
|faint|p1a: Metagross
|
|win|repo2
|raw|AlphaBravoCola's rating: 1099 → 1079(-20 for losing)
|raw|repo2's rating: 1162 → 1183(+21 for winning)
