|j|☆mikelpoyarzabal
|j|☆lalalaing
|html|mikelpoyarzaballalalaing    
|uhtml|bestof|Game 1 of a best-of-3
|t:|1785774148
|gametype|doubles
|player|p1|mikelpoyarzabal|arven-s|1303
|player|p2|lalalaing|chili|1471
|gen|9
|tier|[Gen 9 Champions] VGC 2026 Reg M-B (Bo3)
|rated|
|rule|Species Clause: Limit one of each Pokémon
|rule|Item Clause: Limit 1 of each item
|clearpoke
|poke|p1|Gengar, L50, F|
|poke|p1|Swampert, L50, M|
|poke|p1|Incineroar, L50, F|
|poke|p1|Politoed, L50, M|
|poke|p1|Vivillon, L50, F|
|poke|p1|Kommo-o, L50, F|
|poke|p2|Charizard, L50, M|
|poke|p2|Floette-Eternal, L50, F|
|poke|p2|Aerodactyl, L50, M|
|poke|p2|Garchomp, L50, M|
|poke|p2|Sneasler, L50, F|
|poke|p2|Kingambit, L50, M|
|teampreview|4
|showteam|p1|Gengar||Gengarite|CursedBody|ShadowBall,SludgeBomb,Protect,PerishSong|Timid||F|||50|]Swampert||Swampertite|Torrent|WaveCrash,Earthquake,IcePunch,Protect|Adamant||M|||50|]Incineroar||PasshoBerry|Intimidate|ThroatChop,PartingShot,FakeOut,Protect|Sassy||F|||50|]Politoed||SitrusBerry|Drizzle|WeatherBall,PerishSong,Encore,Protect|Calm||M|||50|]Vivillon||FocusSash|CompoundEyes|Hurricane,SleepPowder,RagePowder,Protect|Timid||F|||50|]Kommo-o||Leftovers|Overcoat|ClangorousSoul,ClangingScales,AuraSphere,Protect|Modest||F|||50|
|showteam|p2|Charizard||CharizarditeY|Blaze|HeatWave,WeatherBall,SolarBeam,Protect|Timid||M|||50|]Floette-Eternal||Floettite|FlowerVeil|Moonblast,DazzlingGleam,LightofRuin,Protect|Timid||F|||50|]Aerodactyl||FocusSash|Unnerve|RockSlide,DualWingbeat,Tailwind,WideGuard|Jolly||M|||50|]Garchomp||LifeOrb|RoughSkin|DragonClaw,Earthquake,StompingTantrum,Protect|Jolly||M|||50|]Sneasler||WhiteHerb|Unburden|DireClaw,CloseCombat,FakeOut,Protect|Adamant||F|||50|]Kingambit||BlackGlasses|Defiant|KowtowCleave,SuckerPunch,SwordsDance,Protect|Adamant||M|||50|
|inactive|Battle timer is ON: inactive players will automatically lose when time's up. (requested by mikelpoyarzabal)
|
|t:|1785774177
|teamsize|p1|4
|teamsize|p2|4
|start
|switch|p1a: Gengar|Gengar, L50, F|100/100
|switch|p1b: Vivillon|Vivillon, L50, F|100/100
|switch|p2a: Sneasler|Sneasler, L50, F|100/100
|switch|p2b: Kingambit|Kingambit, L50, M|100/100
|turn|1
|
|t:|1785774191
|switch|p2a: Aerodactyl|Aerodactyl, L50, M|100/100
|-ability|p2a: Aerodactyl|Unnerve
|switch|p1a: Kommo-o|Kommo-o, L50, F|100/100
|move|p1b: Vivillon|Hurricane|p2a: Aerodactyl
|-resisted|p2a: Aerodactyl|1
|-damage|p2a: Aerodactyl|65/100
|-start|p2a: Aerodactyl|confusion
|move|p2b: Kingambit|Kowtow Cleave|p1a: Kommo-o
|-resisted|p1a: Kommo-o|1
|-damage|p1a: Kommo-o|73/100
|
|-heal|p1a: Kommo-o|79/100|[from] item: Leftovers
|upkeep
|turn|2
|
|t:|1785774208
|switch|p2b: Sneasler|Sneasler, L50, F|100/100
|move|p1b: Vivillon|Rage Powder|p1b: Vivillon
|-singleturn|p1b: Vivillon|move: Rage Powder
|-activate|p2a: Aerodactyl|confusion
|move|p2a: Aerodactyl|Dual Wingbeat|p1b: Vivillon|[miss]
|-miss|p2a: Aerodactyl|p1b: Vivillon
|move|p1a: Kommo-o|Clangorous Soul|p1a: Kommo-o
|-boost|p1a: Kommo-o|atk|1
|-boost|p1a: Kommo-o|def|1
|-boost|p1a: Kommo-o|spa|1
|-boost|p1a: Kommo-o|spd|1
|-boost|p1a: Kommo-o|spe|1
|-damage|p1a: Kommo-o|46/100
|
|-heal|p1a: Kommo-o|52/100|[from] item: Leftovers
|upkeep
|turn|3
|
|t:|1785774224
|move|p1a: Kommo-o|Protect|p1a: Kommo-o
|-singleturn|p1a: Kommo-o|Protect
|move|p2b: Sneasler|Fake Out|p1a: Kommo-o
|-activate|p1a: Kommo-o|move: Protect
|-end|p2a: Aerodactyl|confusion
|move|p2a: Aerodactyl|Dual Wingbeat|p1b: Vivillon
|-supereffective|p1b: Vivillon|1
|-damage|p1b: Vivillon|34/100
|-supereffective|p1b: Vivillon|1
|-damage|p1b: Vivillon|0 fnt
|faint|p1b: Vivillon
|-hitcount|p1: Vivillon|2
|
|-heal|p1a: Kommo-o|58/100|[from] item: Leftovers
|upkeep
|inactive|mikelpoyarzabal has 30 seconds left.
|
|t:|1785774253
|switch|p1b: Gengar|Gengar, L50, F|100/100
|turn|4
|
|t:|1785774267
|detailschange|p1b: Gengar|Gengar-Mega, L50, F
|-mega|p1b: Gengar|Gengar|Gengarite
|move|p2a: Aerodactyl|Wide Guard|p2a: Aerodactyl
|-singleturn|p2a: Aerodactyl|Wide Guard
|move|p1a: Kommo-o|Clanging Scales|p2b: Sneasler|[spread] 
|-activate|p2a: Aerodactyl|move: Wide Guard
|-activate|p2b: Sneasler|move: Wide Guard
|move|p1b: Gengar|Shadow Ball|p2b: Sneasler
|-damage|p2b: Sneasler|37/100
|-unboost|p2b: Sneasler|spd|1
|-enditem|p2b: Sneasler|White Herb
|-clearnegativeboost|p2b: Sneasler|[silent]
|move|p2b: Sneasler|Close Combat|p1a: Kommo-o
|-damage|p1a: Kommo-o|14/100
|-unboost|p2b: Sneasler|def|1
|-unboost|p2b: Sneasler|spd|1
|
|-heal|p1a: Kommo-o|20/100y|[from] item: Leftovers
|upkeep
|turn|5
|
|t:|1785774281
|move|p2b: Sneasler|Close Combat|p1a: Kommo-o
|-damage|p1a: Kommo-o|0 fnt
|-unboost|p2b: Sneasler|def|1
|-unboost|p2b: Sneasler|spd|1
|faint|p1a: Kommo-o
|move|p2a: Aerodactyl|Rock Slide|p1b: Gengar
|-damage|p1b: Gengar|57/100
|cant|p1b: Gengar|flinch
|
|upkeep
|
|t:|1785774289
|switch|p1a: Politoed|Politoed, L50, M|100/100
|-weather|RainDance|[from] ability: Drizzle|[of] p1a: Politoed
|turn|6
|
|t:|1785774302
|move|p1b: Gengar|Protect|p1b: Gengar
|-singleturn|p1b: Gengar|Protect
|move|p2b: Sneasler|Close Combat|p1a: Politoed
|-damage|p1a: Politoed|34/100
|-unboost|p2b: Sneasler|def|1
|-unboost|p2b: Sneasler|spd|1
|move|p2a: Aerodactyl|Rock Slide|p1a: Politoed|[spread] p1a
|-activate|p1b: Gengar|move: Protect
|-damage|p1a: Politoed|9/100
|move|p1a: Politoed|Weather Ball|p2a: Aerodactyl
|-supereffective|p2a: Aerodactyl|1
|-damage|p2a: Aerodactyl|0 fnt
|-enditem|p1a: Politoed|Sitrus Berry|[eat]
|-heal|p1a: Politoed|34/100|[from] item: Sitrus Berry
|faint|p2a: Aerodactyl
|
|-weather|RainDance|[upkeep]
|upkeep
|
|t:|1785774310
|switch|p2a: Kingambit|Kingambit, L50, M|100/100
|turn|7
|-message|mikelpoyarzabal forfeited.
|
|win|lalalaing
