|j|☆houseofnerdz
|j|☆DkayMM
|html|houseofnerdzDkayMM    
|uhtml|bestof|Game 2 of a best-of-3
|t:|1756952664
|gametype|doubles
|player|p1|houseofnerdz|169|1047
|player|p2|DkayMM|169|1000
|gen|9
|tier|[Gen 9] VGC 2025 Reg H (Bo3)
|rated|
|rule|Species Clause: Limit one of each Pokémon
|rule|Item Clause: Limit 1 of each item
|clearpoke
|poke|p1|Dragonite, L50, M|
|poke|p1|Ursaluna-Bloodmoon, L50, M|
|poke|p1|Gholdengo, L50|
|poke|p1|Maushold-Four, L50|
|poke|p1|Annihilape, L50, M|
|poke|p1|Rillaboom, L50, F|
|poke|p2|Charizard, L50, M|
|poke|p2|Torkoal, L50, M|
|poke|p2|Porygon2, L50|
|poke|p2|Incineroar, L50, M|
|poke|p2|Jumpluff, L50, M|
|poke|p2|Ursaluna, L50, F|
|teampreview|4
|showteam|p1|Dragonite||LoadedDice|Multiscale|ScaleShot,Tailwind,Haze,Protect|||M|||50|,,,,,Fairy]Ursaluna-Bloodmoon||AssaultVest|MindsEye|BloodMoon,EarthPower,HyperVoice,VacuumWave|||M|||50|,,,,,Water]Gholdengo||LifeOrb|GoodasGold|MakeItRain,ShadowBall,NastyPlot,Protect||||||50|,,,,,Water]Maushold-Four||FocusSash|FriendGuard|SuperFang,FollowMe,BeatUp,Protect||||||50|,,,,,Ghost]Annihilape||SitrusBerry|Defiant|RageFist,DrainPunch,BulkUp,Protect|||M|||50|,,,,,Fire]Rillaboom||MiracleSeed|GrassySurge|WoodHammer,GrassyGlide,HighHorsepower,FakeOut|||F|||50|,,,,,Fire
|showteam|p2|Charizard||ChoiceSpecs|SolarPower|HeatWave,Overheat,WeatherBall,AirSlash|||M|||50|,,,,,Ghost]Torkoal||EjectPack|Drought|Eruption,Overheat,HelpingHand,Protect|||M|||50|,,,,,Fire]Porygon2||Eviolite|Download|TeraBlast,IceBeam,Recover,TrickRoom||||||50|,,,,,Fighting]Incineroar||SitrusBerry|Intimidate|FlareBlitz,KnockOff,FakeOut,PartingShot|||M|||50|,,,,,Ghost]Jumpluff||CovertCloak|Chlorophyll|SleepPowder,SunnyDay,RagePowder,Tailwind|||M|||50|,,,,,Water]Ursaluna||FlameOrb|Guts|HeadlongRush,Facade,Earthquake,Protect|||F|||50|,,,,,Ghost
|inactive|Battle timer is ON: inactive players will automatically lose when time's up. (requested by DkayMM)
|inactive|houseofnerdz has 60 seconds left.
|inactive|DkayMM has 60 seconds left.
|inactive|DkayMM has 30 seconds left.
|inactive|DkayMM has 20 seconds left.
|inactive|DkayMM has 15 seconds left.
|inactive|DkayMM has 10 seconds left.
|
|t:|1756952752
|teamsize|p1|4
|teamsize|p2|4
|start
|switch|p1a: Dragonite|Dragonite, L50, M|100/100
|switch|p1b: Gholdengo|Gholdengo, L50|100/100
|switch|p2a: Charizard|Charizard, L50, M|100/100
|switch|p2b: Jumpluff|Jumpluff, L50, M|100/100
|turn|1
|inactive|houseofnerdz has 30 seconds left.
|inactive|DkayMM has 30 seconds left.
|inactive|DkayMM has 20 seconds left.
|
|t:|1756952788
|-terastallize|p1b: Gholdengo|Water
|move|p2b: Jumpluff|Sleep Powder|p1a: Dragonite|[miss]
|-miss|p2b: Jumpluff|p1a: Dragonite
|move|p2a: Charizard|Heat Wave|p1b: Gholdengo|[spread] p1a
|-miss|p2a: Charizard|p1b: Gholdengo
|-resisted|p1a: Dragonite
|-damage|p1a: Dragonite|88/100
|move|p1b: Gholdengo|Make It Rain|p2a: Charizard|[spread] p2a,p2b
|-resisted|p2a: Charizard
|-damage|p2a: Charizard|63/100
|-damage|p2b: Jumpluff|36/100
|-unboost|p1b: Gholdengo|spa|1
|-damage|p1b: Gholdengo|91/100|[from] item: Life Orb
|move|p1a: Dragonite|Scale Shot|p2b: Jumpluff
|-damage|p2b: Jumpluff|17/100
|-damage|p2b: Jumpluff|0 fnt
|faint|p2b: Jumpluff
|-hitcount|p2: Jumpluff|2
|-unboost|p1a: Dragonite|def|1
|-boost|p1a: Dragonite|spe|1
|
|upkeep
|
|t:|1756952805
|switch|p2b: Porygon2|Porygon2, L50|100/100
|-ability|p2b: Porygon2|Download|boost
|-boost|p2b: Porygon2|atk|1
|turn|2
|inactive|houseofnerdz has 30 seconds left.
|inactive|houseofnerdz has 20 seconds left.
|
|t:|1756952843
|switch|p1b: Annihilape|Annihilape, L50, M|100/100
|move|p1a: Dragonite|Scale Shot|p2a: Charizard
|-damage|p2a: Charizard|43/100
|-damage|p2a: Charizard|21/100
|-damage|p2a: Charizard|2/100
|-damage|p2a: Charizard|0 fnt
|faint|p2a: Charizard
|-hitcount|p2: Charizard|4
|-unboost|p1a: Dragonite|def|1
|-boost|p1a: Dragonite|spe|1
|move|p2b: Porygon2|Trick Room|p2b: Porygon2
|-fieldstart|move: Trick Room|[of] p2b: Porygon2
|
|upkeep
|
|t:|1756952849
|switch|p2a: Ursaluna|Ursaluna, L50, F|100/100
|turn|3
|inactive|houseofnerdz has 30 seconds left.
|inactive|houseofnerdz has 20 seconds left.
|inactive|houseofnerdz has 15 seconds left.
|
|t:|1756952894
|move|p2a: Ursaluna|Protect|p2a: Ursaluna
|-singleturn|p2a: Ursaluna|Protect
|move|p1a: Dragonite|Protect|p1a: Dragonite
|-singleturn|p1a: Dragonite|Protect
|move|p2b: Porygon2|Ice Beam|p1a: Dragonite
|-activate|p1a: Dragonite|move: Protect
|move|p1b: Annihilape|Drain Punch|p2b: Porygon2
|-supereffective|p2b: Porygon2
|-damage|p2b: Porygon2|57/100
|
|-status|p2a: Ursaluna|brn|[from] item: Flame Orb
|upkeep
|turn|4
|inactive|houseofnerdz has 30 seconds left.
|inactive|houseofnerdz has 20 seconds left.
|
|t:|1756952931
|move|p2b: Porygon2|Ice Beam|p1a: Dragonite
|-supereffective|p1a: Dragonite
|-damage|p1a: Dragonite|0 fnt
|faint|p1a: Dragonite
|move|p2a: Ursaluna|Headlong Rush|p1b: Annihilape
|-damage|p1b: Annihilape|0 fnt
|-unboost|p2a: Ursaluna|def|1
|-unboost|p2a: Ursaluna|spd|1
|faint|p1b: Annihilape
|
|-damage|p2a: Ursaluna|95/100 brn|[from] brn
|upkeep
|
|t:|1756952943
|switch|p1a: Ursaluna|Ursaluna-Bloodmoon, L50, M|100/100
|switch|p1b: Gholdengo|Gholdengo, L50, tera:Water|91/100
|turn|5
|inactive|DkayMM has 30 seconds left.
|inactive|DkayMM has 20 seconds left.
|inactive|DkayMM has 15 seconds left.
|inactive|DkayMM has 10 seconds left.
|
|t:|1756952989
|move|p2a: Ursaluna|Protect|p2a: Ursaluna
|-singleturn|p2a: Ursaluna|Protect
|move|p1a: Ursaluna|Blood Moon|p2a: Ursaluna
|-activate|p2a: Ursaluna|move: Protect
|move|p2b: Porygon2|Recover|p2b: Porygon2
|-heal|p2b: Porygon2|100/100
|move|p1b: Gholdengo|Nasty Plot|p1b: Gholdengo
|-boost|p1b: Gholdengo|spa|2
|
|-damage|p2a: Ursaluna|89/100 brn|[from] brn
|upkeep
|turn|6
|inactive|DkayMM has 30 seconds left.
|inactive|DkayMM has 20 seconds left.
|inactive|houseofnerdz has 30 seconds left.
|inactive|DkayMM has 15 seconds left.
|
|t:|1756953031
|move|p1b: Gholdengo|Protect|p1b: Gholdengo
|-singleturn|p1b: Gholdengo|Protect
|move|p1a: Ursaluna|Earth Power|p2b: Porygon2
|-damage|p2b: Porygon2|70/100
|move|p2b: Porygon2|Ice Beam|p1a: Ursaluna
|-supereffective|p1a: Ursaluna
|-damage|p1a: Ursaluna|60/100
|move|p2a: Ursaluna|Headlong Rush|p1b: Gholdengo
|-activate|p1b: Gholdengo|move: Protect
|
|-damage|p2a: Ursaluna|83/100 brn|[from] brn
|-fieldend|move: Trick Room
|upkeep
|turn|7
|
|t:|1756953051
|move|p2a: Ursaluna|Protect|p2a: Ursaluna
|-singleturn|p2a: Ursaluna|Protect
|move|p1b: Gholdengo|Make It Rain|p2a: Ursaluna|[spread] p2b
|-activate|p2a: Ursaluna|move: Protect
|-damage|p2b: Porygon2|0 fnt
|-unboost|p1b: Gholdengo|spa|1
|faint|p2b: Porygon2
|-damage|p1b: Gholdengo|82/100|[from] item: Life Orb
|move|p1a: Ursaluna|Blood Moon|p2a: Ursaluna
|-activate|p2a: Ursaluna|move: Protect
|
|-damage|p2a: Ursaluna|77/100 brn|[from] brn
|upkeep
|turn|8
|
|t:|1756953075
|-terastallize|p2a: Ursaluna|Ghost
|move|p1a: Ursaluna|Vacuum Wave|p2a: Ursaluna
|-damage|p2a: Ursaluna|56/100 brn
|move|p1b: Gholdengo|Make It Rain|p2a: Ursaluna
|-damage|p2a: Ursaluna|0 fnt
|-unboost|p1b: Gholdengo|spa|1
|faint|p2a: Ursaluna
|-damage|p1b: Gholdengo|72/100|[from] item: Life Orb
|
|win|houseofnerdz
|raw|houseofnerdz's rating: 1047 → 1076(+29 for winning)
|raw|DkayMM's rating: 1000 → 1000(+0 for losing)
