|j|☆testy223345
|j|☆Bwhitevgc
|html|testy223345Bwhitevgc    
|uhtml|bestof|Game 2 of a best-of-3
|t:|1782415721
|gametype|doubles
|player|p1|testy223345|266|
|player|p2|Bwhitevgc|102|
|gen|9
|tier|[Gen 9 Champions] VGC 2026 Reg M-B (Bo3)
|rule|Species Clause: Limit one of each Pokémon
|rule|Item Clause: Limit 1 of each item
|clearpoke
|poke|p1|Sinistcha, L50|
|poke|p1|Incineroar, L50, F|
|poke|p1|Milotic, L50, M|
|poke|p1|Raichu, L50, M|
|poke|p1|Floette-Eternal, L50, F|
|poke|p1|Ceruledge, L50, M|
|poke|p2|Aerodactyl, L50, F|
|poke|p2|Metagross, L50|
|poke|p2|Sylveon, L50, F|
|poke|p2|Incineroar, L50, F|
|poke|p2|Kingambit, L50, M|
|poke|p2|Sinistcha, L50|
|teampreview|4
|showteam|p1|Sinistcha||KasibBerry|Hospitality|MatchaGotcha,LifeDew,RagePowder,Protect|Relaxed|||||50|]Incineroar||SitrusBerry|Intimidate|FlareBlitz,ThroatChop,FakeOut,PartingShot|Impish||F|||50|]Milotic||Leftovers|Competitive|MuddyWater,Coil,Hypnosis,Protect|Calm||M|||50|]Raichu||RaichuniteY|LightningRod|ZapCannon,FocusBlast,FakeOut,Protect|Timid||M|||50|]Floette-Eternal||Floettite|FlowerVeil|DazzlingGleam,DrainingKiss,CalmMind,Protect|Timid||F|||50|]Ceruledge||ColburBerry|FlashFire|BitterBlade,ShadowSneak,BulkUp,Protect|Adamant||M|||50|
|showteam|p2|Aerodactyl||Aerodactylite|Unnerve|RockSlide,DualWingbeat,Tailwind,Protect|Jolly||F|||50|]Metagross||Metagrossite|ClearBody|IronHead,PsychicFangs,BodyPress,Protect|Jolly|||||50|]Sylveon||FairyFeather|Pixilate|HyperVoice,HyperBeam,Moonblast,Protect|Modest||F|||50|]Incineroar||SitrusBerry|Intimidate|FakeOut,FlareBlitz,ThroatChop,PartingShot|Impish||F|||50|]Kingambit||BlackGlasses|Defiant|KowtowCleave,SuckerPunch,IronHead,Protect|Adamant||M|||50|]Sinistcha||Leftovers|Hospitality|MatchaGotcha,RagePowder,StrengthSap,Protect|Bold|||||50|
|j| RyanAirPowney
|j| testingdeez
|j| escaperoomvgc
|j| Coldflame2802
|j| Ab0ve5029
|
|t:|1782415814
|teamsize|p1|4
|teamsize|p2|4
|start
|switch|p1a: Floette|Floette-Eternal, L50, F|100/100
|switch|p1b: Incineroar|Incineroar, L50, F|100/100
|switch|p2a: Aerodactyl|Aerodactyl, L50, F|100/100
|switch|p2b: Kingambit|Kingambit, L50, M|100/100
|-ability|p2a: Aerodactyl|Unnerve
|-ability|p1b: Incineroar|Intimidate|boost
|-unboost|p2a: Aerodactyl|atk|1
|-unboost|p2b: Kingambit|atk|1
|-ability|p2b: Kingambit|Defiant|boost
|-boost|p2b: Kingambit|atk|2
|turn|1
|
|t:|1782415941
|detailschange|p1a: Floette|Floette-Mega, L50, F
|-mega|p1a: Floette|Floette|Floettite
|-ability|p1a: Floette|Fairy Aura
|move|p1b: Incineroar|Fake Out|p2b: Kingambit
|-resisted|p2b: Kingambit|1
|-damage|p2b: Kingambit|96/100
|move|p2a: Aerodactyl|Rock Slide|p1a: Floette|[spread] p1a,p1b
|-supereffective|p1b: Incineroar|1
|-damage|p1a: Floette|82/100
|-damage|p1b: Incineroar|76/100
|move|p1a: Floette|Dazzling Gleam|p2b: Kingambit|[spread] p2a,p2b
|-damage|p2a: Aerodactyl|51/100
|-damage|p2b: Kingambit|57/100
|cant|p2b: Kingambit|flinch
|
|upkeep
|turn|2
|
|t:|1782416039
|switch|p1a: Sinistcha|Sinistcha, L50|100/100
|-heal|p1b: Incineroar|100/100|[from] ability: Hospitality|[of] p1a: Sinistcha
|move|p2b: Kingambit|Protect|p2b: Kingambit
|-singleturn|p2b: Kingambit|Protect
|move|p2a: Aerodactyl|Tailwind|p2a: Aerodactyl
|-sidestart|p2: Bwhitevgc|move: Tailwind
|move|p1b: Incineroar|Flare Blitz|p2b: Kingambit
|-activate|p2b: Kingambit|move: Protect
|
|upkeep
|turn|3
|
|t:|1782416163
|switch|p2a: Sinistcha|Sinistcha, L50|100/100
|-heal|p2b: Kingambit|81/100|[from] ability: Hospitality|[of] p2a: Sinistcha
|switch|p2b: Incineroar|Incineroar, L50, F|100/100
|-ability|p2b: Incineroar|Intimidate|boost
|-unboost|p1a: Sinistcha|atk|1
|-unboost|p1b: Incineroar|atk|1
|move|p1b: Incineroar|Flare Blitz|p2b: Incineroar
|-resisted|p2b: Incineroar|1
|-damage|p2b: Incineroar|87/100
|-damage|p1b: Incineroar|96/100|[from] Recoil
|move|p1a: Sinistcha|Matcha Gotcha|p2a: Sinistcha|[spread] p2a
|-miss|p1a: Sinistcha|p2b: Incineroar
|-resisted|p2a: Sinistcha|1
|-damage|p2a: Sinistcha|85/100
|
|-heal|p2a: Sinistcha|92/100|[from] item: Leftovers
|upkeep
|turn|4
|l| Coldflame2802
|
|t:|1782416293
|switch|p2a: Aerodactyl|Aerodactyl, L50, F|51/100
|-ability|p2a: Aerodactyl|Unnerve
|move|p2b: Incineroar|Parting Shot|p1b: Incineroar
|-unboost|p1b: Incineroar|atk|1
|-unboost|p1b: Incineroar|spa|1
|
|t:|1782416297
|switch|p2b: Sinistcha|Sinistcha, L50|92/100|[from] Parting Shot
|-heal|p2a: Aerodactyl|76/100|[from] ability: Hospitality|[of] p2b: Sinistcha
|move|p1b: Incineroar|Parting Shot|p2b: Sinistcha
|-unboost|p2b: Sinistcha|atk|1
|-unboost|p2b: Sinistcha|spa|1
|
|t:|1782416318
|switch|p1b: Floette|Floette-Mega, L50, F|82/100|[from] Parting Shot
|-ability|p1b: Floette|Fairy Aura
|move|p1a: Sinistcha|Life Dew||[still]|[spread] p1a,p1b
|-fail|p1a: Sinistcha|heal
|-heal|p1b: Floette|100/100
|
|-heal|p2b: Sinistcha|98/100|[from] item: Leftovers
|upkeep
|turn|5
|
|t:|1782416360
|detailschange|p2a: Aerodactyl|Aerodactyl-Mega, L50, F
|-mega|p2a: Aerodactyl|Aerodactyl|Aerodactylite
|move|p1a: Sinistcha|Protect|p1a: Sinistcha
|-singleturn|p1a: Sinistcha|Protect
|move|p2a: Aerodactyl|Rock Slide|p1a: Sinistcha|[spread] p1b
|-activate|p1a: Sinistcha|move: Protect
|-damage|p1b: Floette|69/100
|move|p2b: Sinistcha|Matcha Gotcha|p1a: Sinistcha|[spread] p1b
|-activate|p1a: Sinistcha|move: Protect
|-damage|p1b: Floette|55/100
|-heal|p2b: Sinistcha|100/100|[from] drain|[of] p1b: Floette
|move|p1b: Floette|Calm Mind|p1b: Floette
|-boost|p1b: Floette|spa|1
|-boost|p1b: Floette|spd|1
|
|-sideend|p2: Bwhitevgc|move: Tailwind
|upkeep
|turn|6
|
|t:|1782416420
|switch|p2b: Incineroar|Incineroar, L50, F|87/100
|-ability|p2b: Incineroar|Intimidate|boost
|-unboost|p1a: Sinistcha|atk|1
|-unboost|p1b: Floette|atk|1
|switch|p1a: Incineroar|Incineroar, L50, F|96/100
|-ability|p1a: Incineroar|Intimidate|boost
|-unboost|p2a: Aerodactyl|atk|1
|-unboost|p2b: Incineroar|atk|1
|move|p2a: Aerodactyl|Tailwind|p2a: Aerodactyl
|-sidestart|p2: Bwhitevgc|move: Tailwind
|move|p1b: Floette|Dazzling Gleam|p2b: Incineroar|[spread] p2a,p2b
|-crit|p2b: Incineroar
|-damage|p2a: Aerodactyl|11/100
|-damage|p2b: Incineroar|1/100
|-enditem|p2b: Incineroar|Sitrus Berry|[eat]
|-heal|p2b: Incineroar|25/100|[from] item: Sitrus Berry
|
|upkeep
|turn|7
|
|t:|1782416455
|switch|p2a: Kingambit|Kingambit, L50, M|81/100
|switch|p1a: Sinistcha|Sinistcha, L50|100/100
|-heal|p1b: Floette|80/100|[from] ability: Hospitality|[of] p1a: Sinistcha
|move|p1b: Floette|Protect|p1b: Floette
|-singleturn|p1b: Floette|Protect
|move|p2b: Incineroar|Fake Out|p1b: Floette
|-activate|p1b: Floette|move: Protect
|
|upkeep
|turn|8
|
|t:|1782416559
|switch|p2b: Sinistcha|Sinistcha, L50|100/100
|-heal|p2a: Kingambit|100/100|[from] ability: Hospitality|[of] p2b: Sinistcha
|move|p1a: Sinistcha|Rage Powder|p1a: Sinistcha
|-singleturn|p1a: Sinistcha|move: Rage Powder
|move|p1b: Floette|Dazzling Gleam|p2b: Sinistcha|[spread] p2a,p2b
|-damage|p2a: Kingambit|39/100
|-damage|p2b: Sinistcha|33/100
|move|p2a: Kingambit|Iron Head|p1a: Sinistcha
|-damage|p1a: Sinistcha|58/100
|
|-heal|p2b: Sinistcha|39/100|[from] item: Leftovers
|upkeep
|turn|9
|
|t:|1782416627
|switch|p1a: Ceruledge|Ceruledge, L50, M|100/100
|move|p1b: Floette|Protect|p1b: Floette
|-singleturn|p1b: Floette|Protect
|move|p2b: Sinistcha|Matcha Gotcha|p1b: Floette|[spread] p1a
|-activate|p1b: Floette|move: Protect
|-resisted|p1a: Ceruledge|1
|-damage|p1a: Ceruledge|87/100
|-heal|p2b: Sinistcha|46/100|[from] drain|[of] p1a: Ceruledge
|move|p2a: Kingambit|Kowtow Cleave|p1a: Ceruledge
|-supereffective|p1a: Ceruledge|1
|-enditem|p1a: Ceruledge|Colbur Berry|[eat]
|-enditem|p1a: Ceruledge|Colbur Berry|[weaken]
|-damage|p1a: Ceruledge|22/100
|
|-heal|p2b: Sinistcha|52/100|[from] item: Leftovers
|-sideend|p2: Bwhitevgc|move: Tailwind
|upkeep
|turn|10
|j| chikondi
|
|t:|1782416662
|switch|p2b: Incineroar|Incineroar, L50, F|25/100
|-ability|p2b: Incineroar|Intimidate|boost
|-unboost|p1a: Ceruledge|atk|1
|-unboost|p1b: Floette|atk|1
|move|p2a: Kingambit|Protect|p2a: Kingambit
|-singleturn|p2a: Kingambit|Protect
|move|p1b: Floette|Dazzling Gleam|p2a: Kingambit|[spread] p2b
|-activate|p2a: Kingambit|move: Protect
|-damage|p2b: Incineroar|0 fnt
|faint|p2b: Incineroar
|move|p1a: Ceruledge|Bulk Up|p1a: Ceruledge
|-boost|p1a: Ceruledge|atk|1
|-boost|p1a: Ceruledge|def|1
|
|upkeep
|
|t:|1782416669
|switch|p2b: Aerodactyl|Aerodactyl-Mega, L50, F|11/100
|turn|11
|
|t:|1782416694
|move|p1a: Ceruledge|Shadow Sneak|p2b: Aerodactyl
|-damage|p2b: Aerodactyl|0 fnt
|faint|p2b: Aerodactyl
|move|p2a: Kingambit|Sucker Punch||[still]
|-fail|p2a: Kingambit
|move|p1b: Floette|Dazzling Gleam|p2a: Kingambit
|-damage|p2a: Kingambit|0 fnt
|faint|p2a: Kingambit
|
|upkeep
|
|t:|1782416697
|switch|p2b: Sinistcha|Sinistcha, L50|52/100
|turn|12
|
|t:|1782416729
|move|p1b: Floette|Dazzling Gleam|p2b: Sinistcha
|-damage|p2b: Sinistcha|0 fnt
|faint|p2b: Sinistcha
|
|win|testy223345
||Bwhitevgc is ready for game 3.
|l|☆testy223345
|player|p1|
|inactive|testy223345 has 30 seconds to confirm battle start!
||testy223345 is ready for game 3.
|uhtml|next|Next: Game 3 of 3
|j| Coldflame2802
|l| Coldflame2802
|j| Coldflame2802
|l| Ab0ve5029
|l| Coldflame2802
|l| testingdeez
|j|☆testy223345
|player|p1|testy223345|266|
|l| RyanAirPowney
|l| escaperoomvgc
