|j|☆zeedra
|j|☆Alphonse_gg
|html|zeedraAlphonse_gg    
|uhtml|bestof|Game 3 of a best-of-3
|t:|1785980619
|gametype|doubles
|player|p1|zeedra|169|
|player|p2|Alphonse_gg|1|
|gen|9
|tier|[Gen 9 Champions] VGC 2026 Reg M-B (Bo3)
|rule|Species Clause: Limit one of each Pokémon
|rule|Item Clause: Limit 1 of each item
|clearpoke
|poke|p1|Floette-Eternal, L50, F|
|poke|p1|Aerodactyl, L50, F|
|poke|p1|Sneasler, L50, M|
|poke|p1|Weavile, L50, M|
|poke|p1|Hydreigon, L50, F|
|poke|p1|Basculegion, L50, M|
|poke|p2|Blaziken, L50, F|
|poke|p2|Farigiraf, L50, F|
|poke|p2|Venusaur, L50, F|
|poke|p2|Torkoal, L50, M|
|poke|p2|Kingambit, L50, F|
|poke|p2|Grimmsnarl, L50, M|
|teampreview|4
|showteam|p1|Floette-Eternal||Floettite|FlowerVeil|DazzlingGleam,Protect,CalmMind,Moonblast|Timid||F|||50|]Aerodactyl||Aerodactylite|RockHead|DualWingbeat,RockSlide,IceFang,Tailwind|Jolly||F|||50|]Sneasler||WhiteHerb|Unburden|CloseCombat,DireClaw,ShadowClaw,FakeOut|Adamant||M|||50|]Weavile||FocusSash|Pickpocket|Protect,TripleAxel,KnockOff,FakeOut|Jolly||M|||50|]Hydreigon||LifeOrb|Levitate|DarkPulse,Flamethrower,Protect,DragonPulse|Timid||F|||50|]Basculegion||ChoiceScarf|Adaptability|FlipTurn,LastRespects,WaveCrash,AquaJet|Jolly||M|||50|
|showteam|p2|Blaziken||Blazikenite|SpeedBoost|FlareBlitz,CloseCombat,RockSlide,Detect|Adamant||F|||50|]Farigiraf||SitrusBerry|ArmorTail|Psychic,Thunderbolt,HelpingHand,TrickRoom|Relaxed||F|||50|]Venusaur||LifeOrb|Chlorophyll|EnergyBall,SludgeBomb,EarthPower,Protect|Modest||F|||50|]Torkoal||Leftovers|Drought|WeatherBall,Yawn,HelpingHand,Protect|Relaxed||M|||50|]Kingambit||FocusSash|Defiant|KowtowCleave,SuckerPunch,IronHead,Protect|Adamant||F|||50|]Grimmsnarl||LightClay|Prankster|SpiritBreak,Reflect,LightScreen,FakeOut|Careful||M|||50|
|
|t:|1785980663
|teamsize|p1|4
|teamsize|p2|4
|start
|switch|p1a: Basculegion|Basculegion, L50, M|100/100
|switch|p1b: Floette|Floette-Eternal, L50, F|100/100
|switch|p2a: Farigiraf|Farigiraf, L50, F|100/100
|switch|p2b: Grimmsnarl|Grimmsnarl, L50, M|100/100
|turn|1
|
|t:|1785980705
|detailschange|p1b: Floette|Floette-Mega, L50, F
|-mega|p1b: Floette|Floette|Floettite
|-ability|p1b: Floette|Fairy Aura
|move|p2b: Grimmsnarl|Reflect|p2b: Grimmsnarl
|-sidestart|p2: Alphonse_gg|Reflect
|move|p1a: Basculegion|Wave Crash|p2a: Farigiraf
|-damage|p2a: Farigiraf|61/100
|-damage|p1a: Basculegion|86/100|[from] Recoil
|move|p1b: Floette|Dazzling Gleam|p2a: Farigiraf|[spread] p2a,p2b
|-supereffective|p2b: Grimmsnarl|1
|-damage|p2a: Farigiraf|15/100
|-damage|p2b: Grimmsnarl|3/100
|-enditem|p2a: Farigiraf|Sitrus Berry|[eat]
|-heal|p2a: Farigiraf|40/100|[from] item: Sitrus Berry
|move|p2a: Farigiraf|Trick Room|p2a: Farigiraf
|-fieldstart|move: Trick Room|[of] p2a: Farigiraf
|
|upkeep
|turn|2
|
|t:|1785980736
|switch|p2a: Torkoal|Torkoal, L50, M|100/100
|-weather|SunnyDay|[from] ability: Drought|[of] p2a: Torkoal
|switch|p1a: Sneasler|Sneasler, L50, M|100/100
|move|p1b: Floette|Protect|p1b: Floette
|-singleturn|p1b: Floette|Protect
|move|p2b: Grimmsnarl|Light Screen|p2b: Grimmsnarl
|-sidestart|p2: Alphonse_gg|move: Light Screen
|
|-weather|SunnyDay|[upkeep]
|upkeep
|turn|3
|
|t:|1785980770
|switch|p2b: Farigiraf|Farigiraf, L50, F|40/100
|move|p1a: Sneasler|Fake Out||[still]
|cant|p2b: Farigiraf|ability: Armor Tail|Fake Out|[of] p1a: Sneasler
|move|p2a: Torkoal|Yawn|p1b: Floette
|-start|p1b: Floette|move: Yawn|[of] p2a: Torkoal
|move|p1b: Floette|Moonblast|p2a: Torkoal
|-resisted|p2a: Torkoal|1
|-damage|p2a: Torkoal|71/100
|
|-weather|SunnyDay|[upkeep]
|-heal|p2a: Torkoal|77/100|[from] item: Leftovers
|upkeep
|turn|4
|
|t:|1785980813
|switch|p2a: Kingambit|Kingambit, L50, F|100/100
|switch|p1b: Basculegion|Basculegion, L50, M|86/100
|move|p2b: Farigiraf|Psychic|p1a: Sneasler
|-supereffective|p1a: Sneasler|2
|-damage|p1a: Sneasler|0 fnt
|faint|p1a: Sneasler
|
|-weather|SunnyDay|[upkeep]
|upkeep
|
|t:|1785980826
|switch|p1a: Hydreigon|Hydreigon, L50, F|100/100
|turn|5
|
|t:|1785980883
|switch|p1b: Floette|Floette-Mega, L50, F|100/100
|-ability|p1b: Floette|Fairy Aura
|move|p2b: Farigiraf|Thunderbolt|p1a: Hydreigon
|-resisted|p1a: Hydreigon|1
|-damage|p1a: Hydreigon|86/100
|-status|p1a: Hydreigon|par
|move|p1a: Hydreigon|Flamethrower|p2a: Kingambit
|-supereffective|p2a: Kingambit|1
|-damage|p2a: Kingambit|2/100
|-damage|p1a: Hydreigon|77/100 par|[from] item: Life Orb
|move|p2a: Kingambit|Kowtow Cleave|p1b: Floette
|-resisted|p1b: Floette|1
|-damage|p1b: Floette|67/100
|
|-weather|SunnyDay|[upkeep]
|-fieldend|move: Trick Room
|upkeep
|turn|6
|
|t:|1785980909
|move|p2a: Kingambit|Sucker Punch|p1b: Floette
|-resisted|p1b: Floette|1
|-damage|p1b: Floette|38/100
|move|p1b: Floette|Dazzling Gleam|p2a: Kingambit|[spread] p2a,p2b
|-damage|p2a: Kingambit|0 fnt
|-damage|p2b: Farigiraf|12/100
|faint|p2a: Kingambit
|move|p1a: Hydreigon|Dark Pulse|p2b: Farigiraf
|-supereffective|p2b: Farigiraf|1
|-damage|p2b: Farigiraf|0 fnt
|faint|p2b: Farigiraf
|-damage|p1a: Hydreigon|68/100 par|[from] item: Life Orb
|
|-weather|none
|upkeep
|
|t:|1785980921
|switch|p2a: Grimmsnarl|Grimmsnarl, L50, M|3/100
|switch|p2b: Torkoal|Torkoal, L50, M|77/100
|-weather|SunnyDay|[from] ability: Drought|[of] p2b: Torkoal
|turn|7
|
|t:|1785980934
|move|p2a: Grimmsnarl|Fake Out|p1b: Floette
|-damage|p1b: Floette|21/100
|cant|p1b: Floette|flinch
|move|p1a: Hydreigon|Dragon Pulse|p2b: Torkoal
|-damage|p2b: Torkoal|39/100
|-damage|p1a: Hydreigon|58/100 par|[from] item: Life Orb
|move|p2b: Torkoal|Weather Ball|p1b: Floette
|-damage|p1b: Floette|0 fnt
|faint|p1b: Floette
|
|-weather|SunnyDay|[upkeep]
|-heal|p2b: Torkoal|45/100|[from] item: Leftovers
|upkeep
|
|t:|1785980950
|switch|p1b: Basculegion|Basculegion, L50, M|86/100
|turn|8
|
|t:|1785980972
|move|p1a: Hydreigon|Protect|p1a: Hydreigon
|-singleturn|p1a: Hydreigon|Protect
|move|p1b: Basculegion|Wave Crash|p2b: Torkoal
|-supereffective|p2b: Torkoal|1
|-damage|p2b: Torkoal|7/100
|-damage|p1b: Basculegion|75/100|[from] Recoil
|move|p2a: Grimmsnarl|Spirit Break|p1a: Hydreigon
|-activate|p1a: Hydreigon|move: Protect
|move|p2b: Torkoal|Weather Ball|p1a: Hydreigon
|-activate|p1a: Hydreigon|move: Protect
|
|-weather|SunnyDay|[upkeep]
|-heal|p2b: Torkoal|14/100|[from] item: Leftovers
|-sideend|p2: Alphonse_gg|Reflect
|upkeep
|turn|9
|
|t:|1785980997
|move|p1b: Basculegion|Wave Crash|p2a: Grimmsnarl
|-crit|p2a: Grimmsnarl
|-damage|p2a: Grimmsnarl|0 fnt
|faint|p2a: Grimmsnarl
|-damage|p1b: Basculegion|74/100|[from] Recoil
|move|p1a: Hydreigon|Dragon Pulse|p2b: Torkoal
|-damage|p2b: Torkoal|0 fnt
|faint|p2b: Torkoal
|-damage|p1a: Hydreigon|49/100 par|[from] item: Life Orb
|
|win|zeedra
|c|☆Alphonse_gg|gg
|c|☆zeedra|GG
|c|☆zeedra|Wp bro
