|j|☆Nasch1312
|j|☆Turin0-3Spritz
|html|Nasch1312Turin0-3Spritz    
|uhtml|bestof|Game 1 of a best-of-3
|t:|1783131467
|gametype|doubles
|player|p1|Nasch1312|hilbert|1223
|player|p2|Turin0-3Spritz|2|1266
|gen|9
|tier|[Gen 9 Champions] VGC 2026 Reg M-B (Bo3)
|rated|
|rule|Species Clause: Limit one of each Pokémon
|rule|Item Clause: Limit 1 of each item
|clearpoke
|poke|p1|Dragonite, L50, M|
|poke|p1|Pelipper, L50, F|
|poke|p1|Basculegion, L50, M|
|poke|p1|Archaludon, L50, F|
|poke|p1|Sinistcha, L50|
|poke|p1|Gholdengo, L50, shiny|
|poke|p2|Pelipper, L50, M|
|poke|p2|Archaludon, L50, M|
|poke|p2|Grimmsnarl, L50, M|
|poke|p2|Basculegion, L50, M|
|poke|p2|Venusaur, L50, F|
|poke|p2|Aegislash, L50, F|
|teampreview|4
|showteam|p1|Dragonite||Dragoninite|InnerFocus|DragonPulse,Thunderbolt,Hurricane,Protect|Modest||M|||50|]Pelipper||SitrusBerry|Drizzle|Hurricane,WeatherBall,Tailwind,WideGuard|Modest||F|||50|]Basculegion||LifeOrb|SwiftSwim|WaveCrash,LastRespects,AquaJet,Protect|Adamant||M|||50|]Archaludon||Leftovers|Stamina|ElectroShot,DragonPulse,FlashCannon,Protect|Modest||F|||50|]Sinistcha||KasibBerry|Hospitality|RagePowder,MatchaGotcha,TrickRoom,LifeDew|Bold|||||50|]Gholdengo||ChoiceScarf|GoodasGold|MakeItRain,ShadowBall,PowerGem,Trick|Modest|||||50|
|showteam|p2|Pelipper||SitrusBerry|Drizzle|WeatherBall,Hurricane,Tailwind,HelpingHand|Modest||M|||50|]Archaludon||Leftovers|Stamina|ElectroShot,DragonPulse,FlashCannon,Protect|Calm||M|||50|]Grimmsnarl||LightClay|Prankster|FoulPlay,LightScreen,Reflect,PartingShot|Calm||M|||50|]Basculegion||ChoiceScarf|Adaptability|WaveCrash,FlipTurn,LastRespects,AquaJet|Jolly||M|||50|]Venusaur||Venusaurite|Chlorophyll|GigaDrain,SludgeBomb,EarthPower,Protect|Modest||F|||50|]Aegislash||FocusSash|StanceChange|IronHead,ShadowSneak,CloseCombat,KingsShield|Adamant||F|||50|
|
|t:|1783131525
|teamsize|p1|4
|teamsize|p2|4
|start
|switch|p1a: Dragonite|Dragonite, L50, M|100/100
|switch|p1b: Archaly|Archaludon, L50, F|100/100
|switch|p2a: Grimmsnarl|Grimmsnarl, L50, M|100/100
|switch|p2b: Archaludon|Archaludon, L50, M|100/100
|turn|1
|
|t:|1783131539
|detailschange|p1a: Dragonite|Dragonite-Mega, L50, M
|-mega|p1a: Dragonite|Dragonite|Dragoninite
|move|p2a: Grimmsnarl|Light Screen|p2a: Grimmsnarl
|-sidestart|p2: Turin0-3Spritz|move: Light Screen
|move|p1a: Dragonite|Dragon Pulse|p2b: Archaludon
|-damage|p2b: Archaludon|66/100
|-ability|p2b: Archaludon|Stamina|boost
|-boost|p2b: Archaludon|def|1
|move|p2b: Archaludon|Electro Shot||[still]
|-prepare|p2b: Archaludon|Electro Shot
|-boost|p2b: Archaludon|spa|1
|move|p1b: Archaly|Dragon Pulse|p2b: Archaludon
|-damage|p2b: Archaludon|40/100
|-ability|p2b: Archaludon|Stamina|boost
|-boost|p2b: Archaludon|def|1
|
|-heal|p2b: Archaludon|46/100|[from] item: Leftovers
|upkeep
|turn|2
|
|t:|1783131559
|move|p1a: Dragonite|Protect|p1a: Dragonite
|-singleturn|p1a: Dragonite|Protect
|move|p2a: Grimmsnarl|Parting Shot|p1a: Dragonite
|-activate|p1a: Dragonite|move: Protect
|move|p2b: Archaludon|Electro Shot|p1a: Dragonite|[from] lockedmove
|-activate|p1a: Dragonite|move: Protect
|move|p1b: Archaly|Flash Cannon|p2a: Grimmsnarl
|-supereffective|p2a: Grimmsnarl|1
|-damage|p2a: Grimmsnarl|53/100
|
|-heal|p2b: Archaludon|52/100|[from] item: Leftovers
|upkeep
|turn|3
|
|t:|1783131578
|move|p2b: Archaludon|Protect|p2b: Archaludon
|-singleturn|p2b: Archaludon|Protect
|move|p2a: Grimmsnarl|Parting Shot|p1a: Dragonite
|-unboost|p1a: Dragonite|atk|1
|-unboost|p1a: Dragonite|spa|1
|
|t:|1783131584
|switch|p2a: Basculegion|Basculegion, L50, M|100/100|[from] Parting Shot
|move|p1a: Dragonite|Dragon Pulse|p2b: Archaludon
|-activate|p2b: Archaludon|move: Protect
|move|p1b: Archaly|Dragon Pulse|p2b: Archaludon
|-activate|p2b: Archaludon|move: Protect
|
|-heal|p2b: Archaludon|58/100|[from] item: Leftovers
|upkeep
|turn|4
|
|t:|1783131606
|move|p2a: Basculegion|Flip Turn|p1a: Dragonite
|-resisted|p1a: Dragonite|1
|-damage|p1a: Dragonite|91/100
|
|t:|1783131617
|switch|p2a: Grimmsnarl|Grimmsnarl, L50, M|53/100|[from] Flip Turn
|move|p1a: Dragonite|Thunderbolt|p2a: Grimmsnarl
|-damage|p2a: Grimmsnarl|39/100
|move|p2b: Archaludon|Dragon Pulse|p1a: Dragonite
|-supereffective|p1a: Dragonite|1
|-damage|p1a: Dragonite|5/100
|move|p1b: Archaly|Dragon Pulse|p2b: Archaludon
|-damage|p2b: Archaludon|34/100
|-ability|p2b: Archaludon|Stamina|boost
|-boost|p2b: Archaludon|def|1
|
|-heal|p2b: Archaludon|40/100|[from] item: Leftovers
|upkeep
|turn|5
|
|t:|1783131639
|switch|p1a: Gholdey|Gholdengo, L50, shiny|100/100
|move|p2b: Archaludon|Protect|p2b: Archaludon
|-singleturn|p2b: Archaludon|Protect
|move|p2a: Grimmsnarl|Parting Shot|p1b: Archaly
|-unboost|p1b: Archaly|atk|1
|-unboost|p1b: Archaly|spa|1
|
|t:|1783131650
|switch|p2a: Basculegion|Basculegion, L50, M|100/100|[from] Parting Shot
|move|p1b: Archaly|Flash Cannon|p2a: Basculegion
|-resisted|p2a: Basculegion|1
|-damage|p2a: Basculegion|91/100
|
|-heal|p2b: Archaludon|46/100|[from] item: Leftovers
|upkeep
|turn|6
|
|t:|1783131675
|switch|p1a: Dragonite|Dragonite-Mega, L50, M|5/100
|move|p2a: Basculegion|Flip Turn|p1a: Dragonite
|-resisted|p1a: Dragonite|1
|-damage|p1a: Dragonite|0 fnt
|faint|p1a: Dragonite
|
|t:|1783131683
|switch|p2a: Grimmsnarl|Grimmsnarl, L50, M|39/100|[from] Flip Turn
|move|p2b: Archaludon|Electro Shot||[still]
|-prepare|p2b: Archaludon|Electro Shot
|-boost|p2b: Archaludon|spa|1
|move|p1b: Archaly|Dragon Pulse|p2b: Archaludon
|-damage|p2b: Archaludon|29/100
|-ability|p2b: Archaludon|Stamina|boost
|-boost|p2b: Archaludon|def|1
|
|-heal|p2b: Archaludon|35/100|[from] item: Leftovers
|upkeep
|
|t:|1783131694
|switch|p1a: Sinisty|Sinistcha, L50|100/100
|turn|7
|
|t:|1783131709
|switch|p1b: Gholdey|Gholdengo, L50, shiny|100/100
|switch|p2a: Venusaur|Venusaur, L50, F|100/100
|move|p2b: Archaludon|Electro Shot|p1a: Sinisty|[from] lockedmove
|-resisted|p1a: Sinisty|1
|-damage|p1a: Sinisty|59/100
|move|p1a: Sinisty|Matcha Gotcha|p2a: Venusaur|[spread] p2a,p2b
|-resisted|p2a: Venusaur|2
|-resisted|p2b: Archaludon|2
|-damage|p2a: Venusaur|96/100
|-heal|p1a: Sinisty|61/100|[from] drain|[of] p2a: Venusaur
|-damage|p2b: Archaludon|32/100
|-heal|p1a: Sinisty|64/100|[from] drain|[of] p2b: Archaludon
|-ability|p2b: Archaludon|Stamina|boost
|-boost|p2b: Archaludon|def|1
|
|-heal|p2b: Archaludon|38/100|[from] item: Leftovers
|upkeep
|turn|8
|
|t:|1783131744
|switch|p1a: Archaly|Archaludon, L50, F|100/100
|detailschange|p2a: Venusaur|Venusaur-Mega, L50, F
|-mega|p2a: Venusaur|Venusaur|Venusaurite
|move|p1b: Gholdey|Trick|p2b: Archaludon
|-activate|p1b: Gholdey|move: Trick|[of] p2b: Archaludon
|-item|p2b: Archaludon|Choice Scarf|[from] move: Trick
|-item|p1b: Gholdey|Leftovers|[from] move: Trick
|move|p2b: Archaludon|Dragon Pulse|p1a: Archaly
|-damage|p1a: Archaly|27/100
|-ability|p1a: Archaly|Stamina|boost
|-boost|p1a: Archaly|def|1
|move|p2a: Venusaur|Earth Power|p1b: Gholdey
|-supereffective|p1b: Gholdey|1
|-damage|p1b: Gholdey|28/100
|
|-heal|p1b: Gholdey|34/100|[from] item: Leftovers
|-heal|p1a: Archaly|33/100|[from] item: Leftovers
|-sideend|p2: Turin0-3Spritz|move: Light Screen
|upkeep
|turn|9
|
|t:|1783131812
|move|p2b: Archaludon|Dragon Pulse|p1a: Archaly
|-damage|p1a: Archaly|0 fnt
|faint|p1a: Archaly
|move|p1b: Gholdey|Shadow Ball|p2b: Archaludon
|-damage|p2b: Archaludon|0 fnt
|faint|p2b: Archaludon
|move|p2a: Venusaur|Earth Power|p1b: Gholdey
|-supereffective|p1b: Gholdey|1
|-crit|p1b: Gholdey
|-damage|p1b: Gholdey|0 fnt
|faint|p1b: Gholdey
|
|upkeep
|
|t:|1783131823
|switch|p1b: Sinisty|Sinistcha, L50|64/100
|switch|p2b: Basculegion|Basculegion, L50, M|91/100
|turn|10
|
|t:|1783131828
|move|p2b: Basculegion|Last Respects|p1b: Sinisty
|-supereffective|p1b: Sinisty|1
|-enditem|p1b: Sinisty|Kasib Berry|[eat]
|-enditem|p1b: Sinisty|Kasib Berry|[weaken]
|-damage|p1b: Sinisty|13/100
|move|p2a: Venusaur|Sludge Bomb|p1b: Sinisty
|-damage|p1b: Sinisty|0 fnt
|faint|p1b: Sinisty
|
|win|Turin0-3Spritz
||Nasch1312 is ready for game 2.
|inactive|Turin0-3Spritz has 30 seconds to confirm battle start!
||Turin0-3Spritz is ready for game 2.
|uhtml|next|Next: Game 2 of 3
