|j|☆kanedaaaaaaaaaaa
|j|☆RienOfficiel
|html|kanedaaaaaaaaaaaRienOfficiel    
|uhtml|bestof|Game 3 of a best-of-3
|t:|1783090028
|gametype|doubles
|player|p1|kanedaaaaaaaaaaa|mustard-champion|1112
|player|p2|RienOfficiel|cyrus|1107
|gen|9
|tier|[Gen 9 Champions] VGC 2026 Reg M-B (Bo3)
|rated|
|rule|Species Clause: Limit one of each Pokémon
|rule|Item Clause: Limit 1 of each item
|clearpoke
|poke|p1|Scrafty, L50, F|
|poke|p1|Vileplume, L50, F|
|poke|p1|Staraptor, L50, M|
|poke|p1|Farigiraf, L50, F|
|poke|p1|Sylveon, L50, F|
|poke|p1|Torkoal, L50, F|
|poke|p2|Staraptor, L50, M|
|poke|p2|Gengar, L50, M|
|poke|p2|Grimmsnarl, L50, M|
|poke|p2|Politoed, L50, M|
|poke|p2|Basculegion, L50, M|
|poke|p2|Incineroar, L50, F|
|teampreview|4
|showteam|p1|Scrafty||Scraftinite|Intimidate|CloseCombat,KnockOff,IronHead,FakeOut|Brave||F|||50|]Vileplume||FocusSash|Chlorophyll|SludgeBomb,SleepPowder,AfterYou,LeafStorm|Timid||F|||50|]Staraptor||ChoiceScarf|Intimidate|BraveBird,CloseCombat,Uturn,FinalGambit|Jolly||M|||50|]Farigiraf||SitrusBerry|ArmorTail|Protect,TwinBeam,Thunderbolt,TrickRoom|Sassy||F|||50|]Sylveon||FairyFeather|Pixilate|HyperVoice,QuickAttack,HyperBeam,Detect|Quiet||F|||50|]Torkoal||Charcoal|Drought|Eruption,WeatherBall,HeatWave,Protect|Quiet||F|||50|
|showteam|p2|Staraptor||Staraptite|Intimidate|CloseCombat,BraveBird,Roost,Protect|Adamant||M|||50|]Gengar||Gengarite|CursedBody|Disable,PerishSong,ShadowBall,Protect|Timid||M|||50|]Grimmsnarl||LightClay|Prankster|FakeOut,Reflect,LightScreen,PartingShot|Sassy||M|||50|]Politoed||SitrusBerry|Drizzle|WeatherBall,Encore,PerishSong,Protect|Sassy||M|||50|]Basculegion||ChoiceScarf|Adaptability|AquaJet,LastRespects,WaveCrash,FlipTurn|Jolly||M|||50|]Incineroar||PasshoBerry|Intimidate|FakeOut,PartingShot,DarkestLariat,Protect|Sassy||F|||50|
|inactive|Battle timer is ON: inactive players will automatically lose when time's up. (requested by RienOfficiel)
|
|t:|1783090043
|teamsize|p1|4
|teamsize|p2|4
|start
|switch|p1a: Vileplume|Vileplume, L50, F|100/100
|switch|p1b: Torkoal|Torkoal, L50, F|100/100
|switch|p2a: Gengar|Gengar, L50, M|100/100
|switch|p2b: Grimmsnarl|Grimmsnarl, L50, M|100/100
|-weather|SunnyDay|[from] ability: Drought|[of] p1b: Torkoal
|turn|1
|inactive|RienOfficiel has 30 seconds left.
|
|t:|1783090071
|switch|p2b: Politoed|Politoed, L50, M|100/100
|-weather|RainDance|[from] ability: Drizzle|[of] p2b: Politoed
|detailschange|p2a: Gengar|Gengar-Mega, L50, M
|-mega|p2a: Gengar|Gengar|Gengarite
|move|p2a: Gengar|Perish Song|p2a: Gengar
|-start|p1a: Vileplume|perish3|[silent]
|-start|p1b: Torkoal|perish3|[silent]
|-start|p2a: Gengar|perish3|[silent]
|-start|p2b: Politoed|perish3|[silent]
|-fieldactivate|move: Perish Song
|move|p1a: Vileplume|Sleep Powder|p2a: Gengar|[miss]
|-miss|p1a: Vileplume|p2a: Gengar
|move|p1b: Torkoal|Eruption|p2a: Gengar|[spread] p2a,p2b
|-resisted|p2b: Politoed|1
|-damage|p2a: Gengar|70/100
|-damage|p2b: Politoed|90/100
|
|-weather|RainDance|[upkeep]
|-start|p2a: Gengar|perish3
|-start|p1a: Vileplume|perish3
|-start|p2b: Politoed|perish3
|-start|p1b: Torkoal|perish3
|upkeep
|turn|2
|
|t:|1783090089
|move|p2a: Gengar|Protect|p2a: Gengar
|-singleturn|p2a: Gengar|Protect
|move|p2b: Politoed|Protect|p2b: Politoed
|-singleturn|p2b: Politoed|Protect
|move|p1a: Vileplume|Sleep Powder|p2a: Gengar
|-activate|p2a: Gengar|move: Protect
|move|p1b: Torkoal|Weather Ball|p2a: Gengar
|-activate|p2a: Gengar|move: Protect
|
|-weather|RainDance|[upkeep]
|-start|p2a: Gengar|perish2
|-start|p1a: Vileplume|perish2
|-start|p2b: Politoed|perish2
|-start|p1b: Torkoal|perish2
|upkeep
|turn|3
|
|t:|1783090103
|move|p2a: Gengar|Disable|p1a: Vileplume
|-start|p1a: Vileplume|Disable|Sleep Powder
|move|p1a: Vileplume|Leaf Storm|p2b: Politoed|[miss]
|-miss|p1a: Vileplume|p2b: Politoed
|move|p2b: Politoed|Weather Ball|p1b: Torkoal
|-supereffective|p1b: Torkoal|1
|-damage|p1b: Torkoal|0 fnt
|faint|p1b: Torkoal
|
|-weather|RainDance|[upkeep]
|-start|p2a: Gengar|perish1
|-start|p1a: Vileplume|perish1
|-start|p2b: Politoed|perish1
|upkeep
|c|☆kanedaaaaaaaaaaa|FUCK THIS DAMN
|
|t:|1783090120
|switch|p1b: Farigiraf|Farigiraf, L50, F|100/100
|turn|4
|
|t:|1783090139
|switch|p2a: Grimmsnarl|Grimmsnarl, L50, M|100/100
|switch|p2b: Basculegion|Basculegion, L50, M|100/100
|move|p1a: Vileplume|Sludge Bomb|p2b: Basculegion
|-resisted|p2b: Basculegion|1
|-damage|p2b: Basculegion|75/100
|-status|p2b: Basculegion|psn
|move|p1b: Farigiraf|Trick Room|p1b: Farigiraf
|-fieldstart|move: Trick Room|[of] p1b: Farigiraf
|
|-weather|RainDance|[upkeep]
|-damage|p2b: Basculegion|62/100 psn|[from] psn
|-start|p1a: Vileplume|perish0
|faint|p1a: Vileplume
|upkeep
|
|t:|1783090141
|switch|p1a: Scrafty|Scrafty, L50, F|100/100
|-ability|p1a: Scrafty|Intimidate|boost
|-unboost|p2a: Grimmsnarl|atk|1
|-unboost|p2b: Basculegion|atk|1
|turn|5
|
|t:|1783090160
|detailschange|p1a: Scrafty|Scrafty-Mega, L50, F
|-mega|p1a: Scrafty|Scrafty|Scraftinite
|-ability|p1a: Scrafty|Intimidate|boost
|-unboost|p2a: Grimmsnarl|atk|1
|-unboost|p2b: Basculegion|atk|1
|move|p1a: Scrafty|Fake Out|p2a: Grimmsnarl
|-damage|p2a: Grimmsnarl|83/100
|cant|p2a: Grimmsnarl|flinch
|move|p1b: Farigiraf|Thunderbolt|p2b: Basculegion
|-supereffective|p2b: Basculegion|1
|-damage|p2b: Basculegion|11/100 psn
|move|p2b: Basculegion|Wave Crash|p1a: Scrafty
|-damage|p1a: Scrafty|52/100
|-damage|p2b: Basculegion|0 fnt|[from] Recoil
|faint|p2b: Basculegion
|
|-weather|none
|upkeep
|
|t:|1783090169
|switch|p2b: Politoed|Politoed, L50, M|90/100
|-weather|RainDance|[from] ability: Drizzle|[of] p2b: Politoed
|turn|6
|
|t:|1783090188
|move|p2a: Grimmsnarl|Light Screen|p2a: Grimmsnarl
|-sidestart|p2: RienOfficiel|move: Light Screen
|move|p1b: Farigiraf|Thunderbolt|p2b: Politoed
|-supereffective|p2b: Politoed|1
|-damage|p2b: Politoed|68/100
|move|p1a: Scrafty|Close Combat|p2b: Politoed
|-crit|p2b: Politoed
|-damage|p2b: Politoed|0 fnt
|-unboost|p1a: Scrafty|def|1
|-unboost|p1a: Scrafty|spd|1
|faint|p2b: Politoed
|
|-weather|RainDance|[upkeep]
|upkeep
|
|t:|1783090195
|switch|p2b: Gengar|Gengar-Mega, L50, M|70/100
|turn|7
|
|t:|1783090204
|move|p2a: Grimmsnarl|Reflect|p2a: Grimmsnarl
|-sidestart|p2: RienOfficiel|Reflect
|move|p1b: Farigiraf|Twin Beam|p2b: Gengar
|-supereffective|p2b: Gengar|1
|-damage|p2b: Gengar|49/100
|-supereffective|p2b: Gengar|1
|-damage|p2b: Gengar|26/100
|-hitcount|p2b: Gengar|2
|move|p1a: Scrafty|Knock Off|p2b: Gengar
|-supereffective|p2b: Gengar|1
|-damage|p2b: Gengar|0 fnt
|faint|p2b: Gengar
|
|-weather|RainDance|[upkeep]
|upkeep
|turn|8
|c|☆RienOfficiel|gg
|-message|RienOfficiel forfeited.
|
|win|kanedaaaaaaaaaaa
