|j|☆Camerupt4Ever
|j|☆Capitan-N
|html|Camerupt4EverCapitan-N    
|uhtml|bestof|Game 1 of a best-of-3
|t:|1756253934
|gametype|doubles
|player|p1|Camerupt4Ever|flannery|1174
|player|p2|Capitan-N|n|1141
|gen|9
|tier|[Gen 9] VGC 2025 Reg H (Bo3)
|rated|
|rule|Species Clause: Limit one of each Pokémon
|rule|Item Clause: Limit 1 of each item
|clearpoke
|poke|p1|Wyrdeer, L50, F|
|poke|p1|Indeedee-F, L50, F|
|poke|p1|Annihilape, L50, F|
|poke|p1|Torkoal, L50, F|
|poke|p1|Delphox, L50, F|
|poke|p1|Kingambit, L50, F|
|poke|p2|Baxcalibur, L50, F|
|poke|p2|Electabuzz, L50, M|
|poke|p2|Incineroar, L50, M|
|poke|p2|Primarina, L50, M|
|poke|p2|Smeargle, L50, F|
|poke|p2|Gholdengo, L50|
|teampreview|4
|showteam|p1|Wyrdeer||Leftovers|Intimidate|Protect,TrickRoom,ExpandingForce,EarthPower|||F|||50|,,,,,Ground]Indeedee-F||RockyHelmet|PsychicSurge|Imprison,FollowMe,TrickRoom,Psychic|||F|||50|,,,,,Grass]Annihilape||SafetyGoggles|Defiant|DrainPunch,ThroatChop,RageFist,Protect|||F|||50|,,,,,Fire]Torkoal||Charcoal|Drought|Eruption,HelpingHand,Protect,WeatherBall|||F|||50|,,,,,Grass]Delphox||ChoiceScarf|Blaze|HeatWave,ExpandingForce,DazzlingGleam,Flamethrower|||F|||50|,,,,,Fairy]Kingambit||AssaultVest|Defiant|KowtowCleave,SuckerPunch,IronHead,LowKick|||F|||50|,,,,,Poison
|showteam|p2|Baxcalibur||LoadedDice|ThermalExchange|IcicleSpear,Protect,SwordsDance,ScaleShot|||F|||50|,,,,,Fire]Electabuzz||Eviolite|VitalSpirit|Electroweb,FollowMe,HelpingHand,Protect|||M|||50|,,,,,Fairy]Incineroar||SafetyGoggles|Intimidate|FakeOut,FlareBlitz,KnockOff,Uturn|||M|||50|,,,,,Ghost]Primarina||ChoiceSpecs|LiquidVoice|HyperVoice,IceBeam,TeraBlast,Moonblast|||M|||50|,,,,,Ground]Smeargle||FocusSash|Moody|Spore,SpikyShield,Safeguard,Coaching|||F|||50|,,,,,Ghost]Gholdengo||LifeOrb|GoodasGold|MakeItRain,NastyPlot,TeraBlast,Protect||||||50|,,,,,Fighting
|
|t:|1756254001
|teamsize|p1|4
|teamsize|p2|4
|start
|switch|p1a: Kingambit|Kingambit, L50, F|100/100
|switch|p1b: Indeedee|Indeedee-F, L50, F|100/100
|switch|p2a: Smeargle|Smeargle, L50, F|100/100
|switch|p2b: Baxcalibur|Baxcalibur, L50, F|100/100
|-fieldstart|move: Psychic Terrain|[from] ability: Psychic Surge|[of] p1b: Indeedee
|turn|1
|
|t:|1756254055
|switch|p1a: Wyrdeer|Wyrdeer, L50, F|100/100
|-ability|p1a: Wyrdeer|Intimidate|boost
|-unboost|p2a: Smeargle|atk|1
|-unboost|p2b: Baxcalibur|atk|1
|-terastallize|p1b: Indeedee|Grass
|move|p1b: Indeedee|Follow Me|p1b: Indeedee
|-singleturn|p1b: Indeedee|move: Follow Me
|move|p2a: Smeargle|Spore|p1b: Indeedee
|-immune|p1b: Indeedee
|move|p2b: Baxcalibur|Icicle Spear|p1b: Indeedee
|-supereffective|p1b: Indeedee
|-damage|p1b: Indeedee|80/100
|-supereffective|p1b: Indeedee
|-damage|p1b: Indeedee|60/100
|-supereffective|p1b: Indeedee
|-damage|p1b: Indeedee|39/100
|-supereffective|p1b: Indeedee
|-damage|p1b: Indeedee|16/100
|-supereffective|p1b: Indeedee
|-damage|p1b: Indeedee|0 fnt
|faint|p1b: Indeedee
|-hitcount|p1: Indeedee|5
|
|-ability|p2a: Smeargle|Moody|boost
|-boost|p2a: Smeargle|spe|2
|-unboost|p2a: Smeargle|atk|1
|upkeep
|
|t:|1756254062
|switch|p1b: Kingambit|Kingambit, L50, F|100/100
|turn|2
|
|t:|1756254105
|-terastallize|p2b: Baxcalibur|Fire
|move|p1b: Kingambit|Sucker Punch||[still]
|-fail|p1b: Kingambit
|move|p2a: Smeargle|Spore|p1b: Kingambit
|-status|p1b: Kingambit|slp|[from] move: Spore
|move|p2b: Baxcalibur|Swords Dance|p2b: Baxcalibur
|-boost|p2b: Baxcalibur|atk|2
|move|p1a: Wyrdeer|Expanding Force|p2b: Baxcalibur|[spread] p2a,p2b
|-enditem|p2a: Smeargle|Focus Sash
|-damage|p2a: Smeargle|1/100
|-damage|p2b: Baxcalibur|40/100
|
|-ability|p2a: Smeargle|Moody|boost
|-boost|p2a: Smeargle|spd|2
|-unboost|p2a: Smeargle|atk|1
|upkeep
|turn|3
|
|t:|1756254126
|move|p2a: Smeargle|Spore|p1a: Wyrdeer
|-status|p1a: Wyrdeer|slp|[from] move: Spore
|move|p2b: Baxcalibur|Icicle Spear|p1a: Wyrdeer
|-damage|p1a: Wyrdeer|74/100 slp
|-damage|p1a: Wyrdeer|47/100 slp
|-damage|p1a: Wyrdeer|20/100 slp
|-damage|p1a: Wyrdeer|0 fnt
|faint|p1a: Wyrdeer
|-hitcount|p1: Wyrdeer|4
|cant|p1b: Kingambit|slp
|
|-ability|p2a: Smeargle|Moody|boost
|-boost|p2a: Smeargle|atk|2
|-unboost|p2a: Smeargle|spd|1
|upkeep
|
|t:|1756254129
|switch|p1a: Delphox|Delphox, L50, F|100/100
|turn|4
|
|t:|1756254153
|move|p2a: Smeargle|Coaching|p2b: Baxcalibur
|-boost|p2b: Baxcalibur|atk|1
|-boost|p2b: Baxcalibur|def|1
|move|p1a: Delphox|Expanding Force|p2a: Smeargle|[spread] p2a,p2b
|-damage|p2a: Smeargle|0 fnt
|-damage|p2b: Baxcalibur|0 fnt
|faint|p2a: Smeargle
|faint|p2b: Baxcalibur
|-curestatus|p1b: Kingambit|slp|[msg]
|move|p1b: Kingambit|Low Kick|p2: Smeargle|[notarget]
|-fail|p1b: Kingambit
|
|upkeep
|
|t:|1756254164
|switch|p2a: Gholdengo|Gholdengo, L50|100/100
|switch|p2b: Primarina|Primarina, L50, M, shiny|100/100
|turn|5
|
|t:|1756254204
|move|p2a: Gholdengo|Protect|p2a: Gholdengo
|-singleturn|p2a: Gholdengo|Protect
|move|p1a: Delphox|Expanding Force|p2b: Primarina|[spread] p2b
|-activate|p2a: Gholdengo|move: Protect
|-crit|p2b: Primarina
|-damage|p2b: Primarina|7/100
|move|p2b: Primarina|Hyper Voice|p1a: Delphox|[spread] p1a,p1b
|-supereffective|p1a: Delphox
|-damage|p1a: Delphox|0 fnt
|-damage|p1b: Kingambit|70/100
|faint|p1a: Delphox
|move|p1b: Kingambit|Kowtow Cleave|p2a: Gholdengo
|-activate|p2a: Gholdengo|move: Protect
|
|-fieldend|move: Psychic Terrain
|upkeep
|turn|6
|
|t:|1756254223
|move|p1b: Kingambit|Sucker Punch||[still]
|-fail|p1b: Kingambit
|move|p2b: Primarina|Hyper Voice|p1b: Kingambit
|-damage|p1b: Kingambit|23/100
|move|p2a: Gholdengo|Nasty Plot|p2a: Gholdengo
|-boost|p2a: Gholdengo|spa|2
|
|upkeep
|turn|7
|
|t:|1756254235
|move|p1b: Kingambit|Sucker Punch|p2b: Primarina
|-resisted|p2b: Primarina
|-damage|p2b: Primarina|0 fnt
|faint|p2b: Primarina
|move|p2a: Gholdengo|Make It Rain|p1b: Kingambit
|-resisted|p1b: Kingambit
|-damage|p1b: Kingambit|0 fnt
|-unboost|p2a: Gholdengo|spa|1
|faint|p1b: Kingambit
|-damage|p2a: Gholdengo|90/100|[from] item: Life Orb
|
|win|Capitan-N
||Camerupt4Ever is ready for game 2.
|inactive|Capitan-N has 30 seconds to confirm battle start!
|l|☆Capitan-N
|player|p2|
