|j|☆TheOne6033
|j|☆teyvgc
|html|TheOne6033teyvgc    
|uhtml|bestof|Game 2 of a best-of-3
|t:|1783203951
|gametype|doubles
|player|p1|TheOne6033|alec-anime|1147
|player|p2|teyvgc|1|1237
|gen|9
|tier|[Gen 9 Champions] VGC 2026 Reg M-B (Bo3)
|rated|
|rule|Species Clause: Limit one of each Pokémon
|rule|Item Clause: Limit 1 of each item
|clearpoke
|poke|p1|Archaludon, L50, M|
|poke|p1|Pelipper, L50, M|
|poke|p1|Swampert, L50, M|
|poke|p1|Sableye, L50, M|
|poke|p1|Basculegion, L50, M|
|poke|p1|Vileplume, L50, M|
|poke|p2|Excadrill, L50, M|
|poke|p2|Tyranitar, L50, F|
|poke|p2|Staraptor, L50, F|
|poke|p2|Sinistcha, L50|
|poke|p2|Milotic, L50, F|
|poke|p2|Gholdengo, L50|
|teampreview|4
|showteam|p1|Archaludon||Leftovers|Stamina|ElectroShot,FlashCannon,DragonPulse,Protect|Modest||M|||50|]Pelipper||FocusSash|Drizzle|Hurricane,WeatherBall,Tailwind,Protect|Modest||M|||50|]Swampert||Swampertite|Torrent|WaveCrash,IcePunch,HighHorsepower,Protect|Adamant||M|||50|]Sableye||LightClay|Prankster|LightScreen,Reflect,Quash,RainDance|Bold||M|||50|]Basculegion||LifeOrb|SwiftSwim|WaveCrash,LastRespects,AquaJet,Protect|Adamant||M|||50|]Vileplume||MentalHerb|Chlorophyll|AfterYou,SleepPowder,SludgeBomb,Protect|Timid||M|||50|
|showteam|p2|Excadrill||FocusSash|SandRush|HighHorsepower,IronHead,RockSlide,Protect|Adamant||M|||50|]Tyranitar||Tyranitarite|SandStream|RockSlide,KnockOff,DragonDance,Protect|Adamant||F|||50|]Staraptor||Staraptite|Intimidate|BraveBird,CloseCombat,Tailwind,Protect|Jolly||F|||50|]Sinistcha||SitrusBerry|Hospitality|MatchaGotcha,RagePowder,LifeDew,TrickRoom|Calm|||||50|]Milotic||Leftovers|Competitive|Scald,IceBeam,Recover,Protect|Modest||F|||50|]Gholdengo||LifeOrb|GoodasGold|MakeItRain,ShadowBall,NastyPlot,Protect|Modest|||||50|
|
|t:|1783203979
|teamsize|p1|4
|teamsize|p2|4
|start
|switch|p1a: Sableye|Sableye, L50, M|100/100
|switch|p1b: Pelipper|Pelipper, L50, M|100/100
|switch|p2a: Staraptor|Staraptor, L50, F|100/100
|switch|p2b: Sinistcha|Sinistcha, L50|100/100
|-ability|p2a: Staraptor|Intimidate|boost
|-unboost|p1a: Sableye|atk|1
|-unboost|p1b: Pelipper|atk|1
|-weather|RainDance|[from] ability: Drizzle|[of] p1b: Pelipper
|turn|1
|inactive|Battle timer is ON: inactive players will automatically lose when time's up. (requested by TheOne6033)
|
|t:|1783204012
|switch|p2b: Tyranitar|Tyranitar, L50, F|100/100
|-weather|Sandstorm|[from] ability: Sand Stream|[of] p2b: Tyranitar
|detailschange|p2a: Staraptor|Staraptor-Mega, L50, F
|-mega|p2a: Staraptor|Staraptor|Staraptite
|move|p1a: Sableye|Reflect|p1a: Sableye
|-sidestart|p1: TheOne6033|Reflect
|move|p2a: Staraptor|Close Combat|p1b: Pelipper
|-resisted|p1b: Pelipper|1
|-damage|p1b: Pelipper|77/100
|-boost|p2a: Staraptor|def|1
|-boost|p2a: Staraptor|spd|1
|move|p1b: Pelipper|Hurricane|p2b: Tyranitar
|-resisted|p2b: Tyranitar|1
|-damage|p2b: Tyranitar|85/100
|
|-weather|Sandstorm|[upkeep]
|-damage|p2a: Staraptor|93/100|[from] Sandstorm
|-damage|p1b: Pelipper|71/100|[from] Sandstorm
|-damage|p1a: Sableye|94/100|[from] Sandstorm
|upkeep
|turn|2
|
|t:|1783204031
|move|p1a: Sableye|Rain Dance|p1a: Sableye
|-weather|RainDance
|move|p2a: Staraptor|Close Combat|p1b: Pelipper
|-resisted|p1b: Pelipper|1
|-damage|p1b: Pelipper|45/100
|-boost|p2a: Staraptor|def|1
|-boost|p2a: Staraptor|spd|1
|move|p1b: Pelipper|Weather Ball|p2b: Tyranitar
|-supereffective|p2b: Tyranitar|1
|-damage|p2b: Tyranitar|0 fnt
|faint|p2b: Tyranitar
|
|-weather|RainDance|[upkeep]
|upkeep
|
|t:|1783204048
|switch|p2b: Excadrill|Excadrill, L50, M|100/100
|turn|3
|
|t:|1783204066
|move|p1a: Sableye|Quash|p2b: Excadrill
|-activate|p2b: Excadrill|move: Quash
|move|p2a: Staraptor|Close Combat|p1b: Pelipper
|-resisted|p1b: Pelipper|1
|-damage|p1b: Pelipper|18/100
|-boost|p2a: Staraptor|def|1
|-boost|p2a: Staraptor|spd|1
|move|p1b: Pelipper|Hurricane|p2a: Staraptor
|-supereffective|p2a: Staraptor|1
|-damage|p2a: Staraptor|48/100
|move|p2b: Excadrill|Rock Slide|p1a: Sableye|[spread] p1a,p1b
|-supereffective|p1b: Pelipper|1
|-damage|p1a: Sableye|79/100
|-damage|p1b: Pelipper|0 fnt
|faint|p1b: Pelipper
|
|-weather|RainDance|[upkeep]
|upkeep
|
|t:|1783204079
|switch|p1b: Archaludon|Archaludon, L50, M|100/100
|turn|4
|
|t:|1783204099
|move|p2a: Staraptor|Protect|p2a: Staraptor
|-singleturn|p2a: Staraptor|Protect
|move|p1a: Sableye|Quash|p2b: Excadrill
|-activate|p2b: Excadrill|move: Quash
|move|p1b: Archaludon|Electro Shot||[still]
|-prepare|p1b: Archaludon|Electro Shot
|-boost|p1b: Archaludon|spa|1
|-anim|p1b: Archaludon|Electro Shot|p2a: Staraptor
|-activate|p2a: Staraptor|move: Protect
|move|p2b: Excadrill|High Horsepower|p1b: Archaludon
|-supereffective|p1b: Archaludon|1
|-damage|p1b: Archaludon|46/100
|-ability|p1b: Archaludon|Stamina|boost
|-boost|p1b: Archaludon|def|1
|
|-weather|RainDance|[upkeep]
|-heal|p1b: Archaludon|52/100|[from] item: Leftovers
|upkeep
|turn|5
|
|t:|1783204120
|switch|p2b: Sinistcha|Sinistcha, L50|100/100
|-heal|p2a: Staraptor|73/100|[from] ability: Hospitality|[of] p2b: Sinistcha
|move|p1a: Sableye|Quash|p2a: Staraptor
|-activate|p2a: Staraptor|move: Quash
|move|p1b: Archaludon|Electro Shot||[still]
|-prepare|p1b: Archaludon|Electro Shot
|-boost|p1b: Archaludon|spa|1
|-anim|p1b: Archaludon|Electro Shot|p2a: Staraptor
|-supereffective|p2a: Staraptor|1
|-damage|p2a: Staraptor|4/100
|move|p2a: Staraptor|Close Combat|p1b: Archaludon
|-supereffective|p1b: Archaludon|1
|-damage|p1b: Archaludon|17/100
|-boost|p2a: Staraptor|def|1
|-boost|p2a: Staraptor|spd|1
|-ability|p1b: Archaludon|Stamina|boost
|-boost|p1b: Archaludon|def|1
|
|-weather|RainDance|[upkeep]
|-heal|p1b: Archaludon|23/100|[from] item: Leftovers
|upkeep
|turn|6
|inactive|TheOne6033 has 30 seconds left.
|
|t:|1783204148
|move|p1b: Archaludon|Protect|p1b: Archaludon
|-singleturn|p1b: Archaludon|Protect
|move|p2b: Sinistcha|Rage Powder|p2b: Sinistcha
|-singleturn|p2b: Sinistcha|move: Rage Powder
|move|p1a: Sableye|Light Screen|p1a: Sableye
|-sidestart|p1: TheOne6033|move: Light Screen
|move|p2a: Staraptor|Close Combat|p1b: Archaludon
|-activate|p1b: Archaludon|move: Protect
|
|-weather|none
|-heal|p1b: Archaludon|29/100|[from] item: Leftovers
|upkeep
|turn|7
|
|t:|1783204172
|move|p2b: Sinistcha|Rage Powder|p2b: Sinistcha
|-singleturn|p2b: Sinistcha|move: Rage Powder
|move|p1a: Sableye|Rain Dance|p1a: Sableye
|-weather|RainDance
|move|p2a: Staraptor|Close Combat|p1b: Archaludon
|-supereffective|p1b: Archaludon|1
|-damage|p1b: Archaludon|5/100
|-boost|p2a: Staraptor|def|1
|-boost|p2a: Staraptor|spd|1
|-ability|p1b: Archaludon|Stamina|boost
|-boost|p1b: Archaludon|def|1
|move|p1b: Archaludon|Dragon Pulse|p2b: Sinistcha
|-damage|p2b: Sinistcha|34/100
|-enditem|p2b: Sinistcha|Sitrus Berry|[eat]
|-heal|p2b: Sinistcha|58/100|[from] item: Sitrus Berry
|
|-weather|RainDance|[upkeep]
|-heal|p1b: Archaludon|11/100|[from] item: Leftovers
|upkeep
|turn|8
|inactive|teyvgc has 30 seconds left.
|
|t:|1783204200
|move|p1b: Archaludon|Protect|p1b: Archaludon
|-singleturn|p1b: Archaludon|Protect
|move|p2b: Sinistcha|Rage Powder|p2b: Sinistcha
|-singleturn|p2b: Sinistcha|move: Rage Powder
|move|p1a: Sableye|Quash||[still]
|-fail|p1a: Sableye
|move|p2a: Staraptor|Close Combat|p1b: Archaludon
|-activate|p1b: Archaludon|move: Protect
|
|-weather|RainDance|[upkeep]
|-heal|p1b: Archaludon|17/100|[from] item: Leftovers
|-sideend|p1: TheOne6033|Reflect
|upkeep
|turn|9
|
|t:|1783204215
|move|p2b: Sinistcha|Rage Powder|p2b: Sinistcha
|-singleturn|p2b: Sinistcha|move: Rage Powder
|move|p1a: Sableye|Reflect|p1a: Sableye
|-sidestart|p1: TheOne6033|Reflect
|move|p2a: Staraptor|Close Combat|p1b: Archaludon
|-supereffective|p1b: Archaludon|1
|-crit|p1b: Archaludon
|-damage|p1b: Archaludon|0 fnt
|-boost|p2a: Staraptor|def|1
|-boost|p2a: Staraptor|spd|1
|faint|p1b: Archaludon
|
|-weather|RainDance|[upkeep]
|upkeep
|
|t:|1783204222
|switch|p1b: Swampert|Swampert, L50, M|100/100
|turn|10
|inactive|TheOne6033 has 30 seconds left.
|
|t:|1783204257
|detailschange|p1b: Swampert|Swampert-Mega, L50, M
|-mega|p1b: Swampert|Swampert|Swampertite
|move|p1a: Sableye|Quash|p2a: Staraptor
|-activate|p2a: Staraptor|move: Quash
|move|p1b: Swampert|Ice Punch|p2a: Staraptor
|-supereffective|p2a: Staraptor|1
|-damage|p2a: Staraptor|0 fnt
|faint|p2a: Staraptor
|move|p2b: Sinistcha|Matcha Gotcha|p1b: Swampert|[spread] p1b
|-miss|p2b: Sinistcha|p1a: Sableye
|-supereffective|p1b: Swampert|2
|-damage|p1b: Swampert|41/100
|-heal|p2b: Sinistcha|88/100|[from] drain|[of] p1b: Swampert
|
|-weather|RainDance|[upkeep]
|upkeep
|
|t:|1783204270
|switch|p2a: Excadrill|Excadrill, L50, M|100/100
|turn|11
|
|t:|1783204283
|move|p1a: Sableye|Quash|p2a: Excadrill
|-activate|p2a: Excadrill|move: Quash
|move|p1b: Swampert|Ice Punch|p2b: Sinistcha
|-supereffective|p2b: Sinistcha|1
|-damage|p2b: Sinistcha|26/100
|move|p2b: Sinistcha|Matcha Gotcha|p1a: Sableye|[spread] p1a,p1b
|-supereffective|p1b: Swampert|2
|-damage|p1a: Sableye|55/100
|-heal|p2b: Sinistcha|37/100|[from] drain|[of] p1a: Sableye
|-damage|p1b: Swampert|0 fnt
|-heal|p2b: Sinistcha|57/100|[from] drain|[of] p1b: Swampert
|faint|p1b: Swampert
|move|p2a: Excadrill|High Horsepower|p1a: Sableye
|-damage|p1a: Sableye|15/100
|
|-weather|none
|upkeep
|turn|12
|-message|TheOne6033 forfeited.
|raw|TheOne6033's rating: 1147 → 1128(-19 for losing)
|raw|teyvgc's rating: 1237 → 1256(+19 for winning)
|
|win|teyvgc
