|j|☆lolgz
|j|☆KrystalPrism
|html|lolgzKrystalPrism    
|uhtml|bestof|Game 2 of a best-of-3
|t:|1783938088
|gametype|doubles
|player|p1|lolgz|dawn|1079
|player|p2|KrystalPrism|palmer|1105
|gen|9
|tier|[Gen 9 Champions] VGC 2026 Reg M-B (Bo3)
|rated|
|rule|Species Clause: Limit one of each Pokémon
|rule|Item Clause: Limit 1 of each item
|clearpoke
|poke|p1|Kingambit, L50, F|
|poke|p1|Vivillon, L50, M|
|poke|p1|Incineroar, L50, M|
|poke|p1|Sinistcha, L50|
|poke|p1|Delphox, L50, M|
|poke|p1|Feraligatr, L50, M|
|poke|p2|Volcarona, L50, M|
|poke|p2|Metagross, L50|
|poke|p2|Dragapult, L50, M|
|poke|p2|Primarina, L50, M|
|poke|p2|Chesnaught, L50, F|
|poke|p2|Krookodile, L50, M|
|teampreview|4
|showteam|p1|Kingambit||BlackGlasses|Defiant|SuckerPunch,KowtowCleave,Protect,SwordsDance|Adamant||F|||50|]Vivillon||ChoiceScarf|CompoundEyes|SleepPowder,Hurricane,RagePowder,Tailwind|Timid||M|||50|]Incineroar||PasshoBerry|Intimidate|PartingShot,FakeOut,ThroatChop,FlareBlitz|Careful||M|||50|]Sinistcha||KasibBerry|Hospitality|MatchaGotcha,RagePowder,TrickRoom,Protect|Serious|||||50|]Delphox||Delphoxite|Blaze|HeatWave,Psychic,Protect,NastyPlot|Timid||M|||50|]Feraligatr||Feraligite|Torrent|Liquidation,BodySlam,Protect,DragonDance|Jolly||M|||50|
|showteam|p2|Volcarona||FocusSash|FlameBody|HeatWave,RagePowder,Tailwind,Protect|Modest||M|||50|]Metagross||Metagrossite|ClearBody|MeteorMash,PsychicFangs,IcePunch,Protect|Jolly|||||50|]Dragapult||LifeOrb|ClearBody|DragonDarts,Uturn,SuckerPunch,Thunderbolt|Hasty||M|||50|]Primarina||KebiaBerry|LiquidVoice|HyperVoice,Moonblast,LifeDew,Protect|Modest||M|||50|]Chesnaught||BigRoot|Bulletproof|LeechSeed,DrainPunch,WoodHammer,SpikyShield|Adamant||F|||50|]Krookodile||ChoiceScarf|Intimidate|KnockOff,HighHorsepower,CloseCombat,RockSlide|Adamant||M|||50|
|inactive|Battle timer is ON: inactive players will automatically lose when time's up. (requested by lolgz)
|inactive|lolgz has 60 seconds left.
|inactive|lolgz has 30 seconds left.
|inactive|lolgz has 20 seconds left.
|inactive|lolgz has 15 seconds left.
|inactive|lolgz has 10 seconds left.
|inactive|lolgz has 5 seconds left.
|
|t:|1783938177
|teamsize|p1|4
|teamsize|p2|4
|start
|switch|p1a: Vivillon|Vivillon, L50, M|100/100
|switch|p1b: Feraligatr|Feraligatr, L50, M|100/100
|switch|p2a: Volcarona|Volcarona, L50, M|100/100
|switch|p2b: Krookodile|Krookodile, L50, M|100/100
|-ability|p2b: Krookodile|Intimidate|boost
|-unboost|p1a: Vivillon|atk|1
|-unboost|p1b: Feraligatr|atk|1
|turn|1
|
|t:|1783938187
|detailschange|p1b: Feraligatr|Feraligatr-Mega, L50, M
|-mega|p1b: Feraligatr|Feraligatr|Feraligite
|move|p1a: Vivillon|Sleep Powder|p2a: Volcarona
|-status|p2a: Volcarona|slp|[from] move: Sleep Powder
|move|p2b: Krookodile|Rock Slide|p1b: Feraligatr|[spread] p1b
|-miss|p2b: Krookodile|p1a: Vivillon
|-damage|p1b: Feraligatr|83/100
|cant|p1b: Feraligatr|flinch
|cant|p2a: Volcarona|slp
|
|upkeep
|turn|2
|
|t:|1783938203
|move|p1a: Vivillon|Sleep Powder|p2b: Krookodile
|-status|p2b: Krookodile|slp|[from] move: Sleep Powder
|cant|p2b: Krookodile|slp
|move|p1b: Feraligatr|Dragon Dance|p1b: Feraligatr
|-boost|p1b: Feraligatr|atk|1
|-boost|p1b: Feraligatr|spe|1
|cant|p2a: Volcarona|slp
|
|upkeep
|turn|3
|
|t:|1783938211
|switch|p1a: Incineroar|Incineroar, L50, M|100/100
|-ability|p1a: Incineroar|Intimidate|boost
|-unboost|p2a: Volcarona|atk|1
|-unboost|p2b: Krookodile|atk|1
|cant|p2b: Krookodile|slp
|move|p1b: Feraligatr|Liquidation|p2a: Volcarona
|-supereffective|p2a: Volcarona|1
|-enditem|p2a: Volcarona|Focus Sash
|-damage|p2a: Volcarona|1/100 slp
|-status|p1b: Feraligatr|brn|[from] ability: Flame Body|[of] p2a: Volcarona
|-curestatus|p2a: Volcarona|slp|[msg]
|move|p2a: Volcarona|Tailwind|p2a: Volcarona
|-sidestart|p2: KrystalPrism|move: Tailwind
|
|-damage|p1b: Feraligatr|77/100 brn|[from] brn
|upkeep
|turn|4
|
|t:|1783938232
|switch|p2b: Primarina|Primarina, L50, M|100/100
|move|p2a: Volcarona|Protect|p2a: Volcarona
|-singleturn|p2a: Volcarona|Protect
|move|p1a: Incineroar|Fake Out|p2b: Primarina
|-damage|p2b: Primarina|84/100
|move|p1b: Feraligatr|Liquidation|p2b: Primarina
|-resisted|p2b: Primarina|1
|-damage|p2b: Primarina|68/100
|
|-damage|p1b: Feraligatr|71/100 brn|[from] brn
|upkeep
|turn|5
|
|t:|1783938251
|switch|p2a: Krookodile|Krookodile, L50, M|100/100 slp
|-ability|p2a: Krookodile|Intimidate|boost
|-unboost|p1a: Incineroar|atk|1
|-unboost|p1b: Feraligatr|atk|1
|switch|p1b: Sinistcha|Sinistcha, L50|100/100
|move|p2b: Primarina|Life Dew||[still]|[spread] p2a,p2b
|-fail|p2a: Krookodile|heal
|-heal|p2b: Primarina|93/100
|move|p1a: Incineroar|Flare Blitz|p2a: Krookodile
|-damage|p2a: Krookodile|64/100 slp
|-damage|p1a: Incineroar|90/100|[from] Recoil
|
|upkeep
|turn|6
|
|t:|1783938273
|-curestatus|p2a: Krookodile|slp|[msg]
|move|p2a: Krookodile|Knock Off|p1b: Sinistcha
|-supereffective|p1b: Sinistcha|1
|-damage|p1b: Sinistcha|14/100
|-enditem|p1b: Sinistcha|Kasib Berry|[from] move: Knock Off|[of] p2a: Krookodile
|move|p2b: Primarina|Hyper Voice|p1a: Incineroar|[spread] p1a,p1b
|-supereffective|p1a: Incineroar|1
|-enditem|p1a: Incineroar|Passho Berry|[eat]
|-enditem|p1a: Incineroar|Passho Berry|[weaken]
|-resisted|p1b: Sinistcha|1
|-damage|p1a: Incineroar|63/100
|-damage|p1b: Sinistcha|0 fnt
|faint|p1b: Sinistcha
|move|p1a: Incineroar|Parting Shot|p2a: Krookodile
|-unboost|p2a: Krookodile|atk|1
|-unboost|p2a: Krookodile|spa|1
|
|t:|1783938284
|switch|p1a: Vivillon|Vivillon, L50, M|100/100|[from] Parting Shot
|
|-sideend|p2: KrystalPrism|move: Tailwind
|upkeep
|-message|lolgz forfeited.
|
|win|KrystalPrism
