|j|☆lukashz
|j|☆tdea
|html|lukashztdea    
|uhtml|bestof|Game 3 of a best-of-3
|t:|1783615946
|gametype|doubles
|player|p1|lukashz|elesa|1326
|player|p2|tdea|veteran|1407
|gen|9
|tier|[Gen 9 Champions] VGC 2026 Reg M-B (Bo3)
|rated|
|rule|Species Clause: Limit one of each Pokémon
|rule|Item Clause: Limit 1 of each item
|clearpoke
|poke|p1|Chandelure, L50, F|
|poke|p1|Kangaskhan, L50, F|
|poke|p1|Sylveon, L50, M|
|poke|p1|Kingambit, L50, M|
|poke|p1|Sneasler, L50, F|
|poke|p1|Venusaur, L50, F|
|poke|p2|Floette-Eternal, L50, F|
|poke|p2|Sinistcha, L50|
|poke|p2|Incineroar, L50, F|
|poke|p2|Sneasler, L50, M|
|poke|p2|Blastoise, L50, M|
|poke|p2|Kingambit, L50, F|
|teampreview|4
|showteam|p1|Chandelure||FocusSash|FlashFire|HeatWave,ShadowBall,TrickRoom,Taunt|Quiet||F|||50|]Kangaskhan||Kangaskhanite|InnerFocus|FakeOut,DoubleEdge,SuckerPunch,HammerArm|Brave||F|||50|]Sylveon||FairyFeather|Pixilate|HyperVoice,Protect,HyperBeam,QuickAttack|Quiet||M|||50|]Kingambit||BlackGlasses|Defiant|KowtowCleave,SuckerPunch,IronHead,Protect|Brave||M|||50|]Sneasler||WhiteHerb|Unburden|FakeOut,Coaching,CloseCombat,DireClaw|Jolly||F|||50|]Venusaur||Venusaurite|Chlorophyll|EarthPower,SleepPowder,GigaDrain,Protect|Modest||F|||50|
|showteam|p2|Floette-Eternal||Floettite|FlowerVeil|DazzlingGleam,DrainingKiss,Protect,CalmMind|Timid||F|||50|]Sinistcha||OccaBerry|Hospitality|MatchaGotcha,LifeDew,RagePowder,Protect|Bold|||||50|]Incineroar||SitrusBerry|Intimidate|FlareBlitz,DarkestLariat,PartingShot,FakeOut|Impish||F|||50|]Sneasler||FocusSash|PoisonTouch|PoisonJab,CloseCombat,FakeOut,RockTomb|Jolly||M|||50|]Blastoise||Blastoisinite|Torrent|WaterSpout,ShellSmash,Protect,DarkPulse|Modest||M|||50|]Kingambit||LifeOrb|Defiant|KowtowCleave,SuckerPunch,Protect,SwordsDance|Adamant||F|||50|
|inactive|Battle timer is ON: inactive players will automatically lose when time's up. (requested by tdea)
|
|t:|1783615974
|teamsize|p1|4
|teamsize|p2|4
|start
|switch|p1a: Venusaur|Venusaur, L50, F|100/100
|switch|p1b: Sneasler|Sneasler, L50, F|100/100
|switch|p2a: Sneasler|Sneasler, L50, M|100/100
|switch|p2b: Blastoise|Blastoise, L50, M|100/100
|turn|1
|inactive|lukashz has 30 seconds left.
|
|t:|1783616005
|detailschange|p2b: Blastoise|Blastoise-Mega, L50, M
|-mega|p2b: Blastoise|Blastoise|Blastoisinite
|detailschange|p1a: Venusaur|Venusaur-Mega, L50, F
|-mega|p1a: Venusaur|Venusaur|Venusaurite
|move|p2a: Sneasler|Fake Out|p1b: Sneasler
|-damage|p1b: Sneasler|78/100
|cant|p1b: Sneasler|flinch
|move|p2b: Blastoise|Water Spout|p1a: Venusaur|[spread] p1a,p1b
|-resisted|p1a: Venusaur|1
|-damage|p1a: Venusaur|71/100
|-damage|p1b: Sneasler|7/100
|move|p1a: Venusaur|Sleep Powder|p2a: Sneasler
|-status|p2a: Sneasler|slp|[from] move: Sleep Powder
|
|upkeep
|turn|2
|inactive|tdea has 30 seconds left.
|inactive|lukashz has 30 seconds left.
|inactive|tdea has 20 seconds left.
|inactive|tdea has 15 seconds left.
|
|t:|1783616047
|cant|p2a: Sneasler|slp
|move|p1b: Sneasler|Dire Claw|p2a: Sneasler
|-resisted|p2a: Sneasler|1
|-damage|p2a: Sneasler|70/100 slp
|move|p2b: Blastoise|Dark Pulse|p1a: Venusaur
|-damage|p1a: Venusaur|29/100
|move|p1a: Venusaur|Giga Drain|p2b: Blastoise
|-supereffective|p2b: Blastoise|1
|-damage|p2b: Blastoise|33/100
|-heal|p1a: Venusaur|60/100|[from] drain|[of] p2b: Blastoise
|
|upkeep
|turn|3
|
|t:|1783616067
|switch|p2b: Sinistcha|Sinistcha, L50|100/100
|-heal|p2a: Sneasler|95/100 slp|[from] ability: Hospitality|[of] p2b: Sinistcha
|cant|p2a: Sneasler|slp
|move|p1b: Sneasler|Close Combat|p2b: Sinistcha
|-immune|p2b: Sinistcha
|move|p1a: Venusaur|Earth Power|p2a: Sneasler
|-supereffective|p2a: Sneasler|1
|-damage|p2a: Sneasler|20/100y slp
|
|upkeep
|turn|4
|
|t:|1783616092
|-curestatus|p2a: Sneasler|slp|[msg]
|move|p2a: Sneasler|Poison Jab|p1a: Venusaur
|-damage|p1a: Venusaur|23/100
|move|p1b: Sneasler|Dire Claw|p2b: Sinistcha
|-damage|p2b: Sinistcha|69/100
|-status|p2b: Sinistcha|slp
|move|p1a: Venusaur|Earth Power|p2a: Sneasler
|-supereffective|p2a: Sneasler|1
|-damage|p2a: Sneasler|0 fnt
|faint|p2a: Sneasler
|cant|p2b: Sinistcha|slp
|
|upkeep
|
|t:|1783616111
|switch|p2a: Kingambit|Kingambit, L50, F|100/100
|turn|5
|
|t:|1783616121
|switch|p1b: Kingambit|Kingambit, L50, M|100/100
|move|p2a: Kingambit|Protect|p2a: Kingambit
|-singleturn|p2a: Kingambit|Protect
|move|p1a: Venusaur|Sleep Powder|p2a: Kingambit
|-activate|p2a: Kingambit|move: Protect
|cant|p2b: Sinistcha|slp
|
|upkeep
|turn|6
|
|t:|1783616143
|switch|p2a: Blastoise|Blastoise-Mega, L50, M|33/100
|move|p1a: Venusaur|Earth Power|p2a: Blastoise
|-damage|p2a: Blastoise|6/100
|-curestatus|p2b: Sinistcha|slp|[msg]
|move|p2b: Sinistcha|Life Dew|p2b: Sinistcha|[spread] p2a,p2b
|-heal|p2a: Blastoise|31/100
|-heal|p2b: Sinistcha|94/100
|move|p1b: Kingambit|Kowtow Cleave|p2b: Sinistcha
|-supereffective|p2b: Sinistcha|1
|-damage|p2b: Sinistcha|0 fnt
|faint|p2b: Sinistcha
|
|upkeep
|
|t:|1783616149
|switch|p2b: Kingambit|Kingambit, L50, F|100/100
|turn|7
|
|t:|1783616168
|move|p1a: Venusaur|Protect|p1a: Venusaur
|-singleturn|p1a: Venusaur|Protect
|move|p2a: Blastoise|Dark Pulse|p1a: Venusaur
|-activate|p1a: Venusaur|move: Protect
|move|p2b: Kingambit|Swords Dance|p2b: Kingambit
|-boost|p2b: Kingambit|atk|2
|move|p1b: Kingambit|Kowtow Cleave|p2a: Blastoise
|-damage|p2a: Blastoise|0 fnt
|faint|p2a: Blastoise
|
|upkeep
|turn|8
|-message|tdea forfeited.
|raw|lukashz's rating: 1326 → 1351(+25 for winning)
|raw|tdea's rating: 1407 → 1382(-25 for losing)
|
|win|lukashz
|l|☆tdea
|player|p2|
