|j|☆Sparkles1755
|j|☆ssooner
|html|Sparkles1755ssooner    
|uhtml|bestof|Game 2 of a best-of-3
|t:|1785891690
|gametype|doubles
|player|p1|Sparkles1755|veteran|
|player|p2|ssooner|wallace|
|gen|9
|tier|[Gen 9 Champions] VGC 2026 Reg M-B (Bo3)
|rule|Species Clause: Limit one of each Pokémon
|rule|Item Clause: Limit 1 of each item
|clearpoke
|poke|p1|Gyarados, L50, F|
|poke|p1|Lucario, L50, M|
|poke|p1|Typhlosion-Hisui, L50, M|
|poke|p1|Rotom-Mow, L50|
|poke|p1|Altaria, L50, F|
|poke|p1|Infernape, L50, F|
|poke|p2|Cofagrigus, L50, M|
|poke|p2|Scrafty, L50, F|
|poke|p2|Crabominable, L50, F|
|poke|p2|Palafin, L50, M|
|poke|p2|Roserade, L50, F|
|poke|p2|Aegislash, L50, F|
|teampreview|4
|showteam|p1|Gyarados||Gyaradosite|Intimidate|Waterfall,Crunch,DragonDance,Protect|Jolly||F|||50|]Lucario||Lucarionite|InnerFocus|CloseCombat,MeteorMash,ExtremeSpeed,Detect|Jolly||M|||50|]Typhlosion-Hisui||ChoiceScarf|Blaze|Eruption,HeatWave,Flamethrower,ShadowBall|Modest||M|||50|]Rotom-Mow||Leftovers|Levitate|LeafStorm,VoltSwitch,WillOWisp,Protect|Timid|||||50|]Altaria||MentalHerb|CloudNine|Tailwind,Roar,DracoMeteor,Protect|Bold||F|||50|]Infernape||FocusSash|Blaze|CloseCombat,HeatWave,FakeOut,Coaching|Hasty||F|||50|
|showteam|p2|Cofagrigus||MentalHerb|Mummy|TrickRoom,Protect,WillOWisp,ShadowBall|Sassy||M|||50|]Scrafty||SitrusBerry|Intimidate|Detect,KnockOff,FakeOut,Taunt|Jolly||F|||50|]Crabominable||Crabominite|IronFist|Crabhammer,IceHammer,Protect,MachPunch|Brave||F|||50|]Palafin||MysticWater|ZerotoHero|CloseCombat,WaveCrash,JetPunch,Protect|Adamant||M|||50|]Roserade||FocusSash|Technician|EnergyBall,SludgeBomb,Protect,SleepPowder|Timid||F|||50|]Aegislash||Leftovers|StanceChange|SwordsDance,KingsShield,ShadowSneak,IronHead|Brave||F|||50|
|inactive|Battle timer is ON: inactive players will automatically lose when time's up. (requested by Sparkles1755)
|inactive|ssooner also wants the timer to be on.
|inactive|Sparkles1755 has 60 seconds left.
|inactive|ssooner has 60 seconds left.
|inactive|ssooner has 30 seconds left.
|inactive|Sparkles1755 has 30 seconds left.
|inactive|Sparkles1755 has 20 seconds left.
|
|t:|1785891771
|teamsize|p1|4
|teamsize|p2|4
|start
|switch|p1a: Typhlosion|Typhlosion-Hisui, L50, M|100/100
|switch|p1b: Altaria|Altaria, L50, F|100/100
|switch|p2a: Roserade|Roserade, L50, F|100/100
|switch|p2b: Palafin|Palafin, L50, M|100/100
|-ability|p1b: Altaria|Cloud Nine
|turn|1
|
|t:|1785891788
|switch|p1b: Gyarados|Gyarados, L50, F|100/100
|-ability|p1b: Gyarados|Intimidate|boost
|-unboost|p2a: Roserade|atk|1
|-unboost|p2b: Palafin|atk|1
|move|p2b: Palafin|Jet Punch|p1a: Typhlosion
|-supereffective|p1a: Typhlosion|1
|-damage|p1a: Typhlosion|42/100
|move|p1a: Typhlosion|Heat Wave|p2a: Roserade|[spread] p2a,p2b
|-supereffective|p2a: Roserade|1
|-resisted|p2b: Palafin|1
|-damage|p2a: Roserade|10/100
|-damage|p2b: Palafin|70/100
|-status|p2a: Roserade|brn
|move|p2a: Roserade|Sludge Bomb|p1a: Typhlosion
|-resisted|p1a: Typhlosion|1
|-damage|p1a: Typhlosion|10/100
|
|-damage|p2a: Roserade|5/100 brn|[from] brn
|upkeep
|turn|2
|inactive|Sparkles1755 has 30 seconds left.
|inactive|Sparkles1755 has 20 seconds left.
|
|t:|1785891824
|switch|p1a: Altaria|Altaria, L50, F|100/100
|-ability|p1a: Altaria|Cloud Nine
|detailschange|p2b: Palafin|Palafin-Hero, L50, M
|switch|p2b: Scrafty|Scrafty, L50, F|100/100
|-ability|p2b: Scrafty|Intimidate|boost
|-unboost|p1a: Altaria|atk|1
|-unboost|p1b: Gyarados|atk|1
|move|p2a: Roserade|Sleep Powder|p1b: Gyarados
|-status|p1b: Gyarados|slp|[from] move: Sleep Powder
|cant|p1b: Gyarados|slp
|
|-damage|p2a: Roserade|0 fnt|[from] brn
|faint|p2a: Roserade
|upkeep
|inactive|ssooner has 30 seconds left.
|inactive|ssooner has 20 seconds left.
|
|t:|1785891863
|switch|p2a: Palafin|Palafin-Hero, L50, M|70/100
|-activate|p2a: Palafin|ability: Zero to Hero
|turn|3
|
|t:|1785891878
|move|p2a: Palafin|Jet Punch|p1a: Altaria
|-resisted|p1a: Altaria|1
|-damage|p1a: Altaria|81/100
|cant|p1b: Gyarados|slp
|move|p2b: Scrafty|Knock Off|p1a: Altaria
|-damage|p1a: Altaria|54/100
|-enditem|p1a: Altaria|Mental Herb|[from] move: Knock Off|[of] p2b: Scrafty
|move|p1a: Altaria|Tailwind|p1a: Altaria
|-sidestart|p1: Sparkles1755|move: Tailwind
|
|upkeep
|turn|4
|
|t:|1785891900
|switch|p2a: Crabominable|Crabominable, L50, F|100/100
|-curestatus|p1b: Gyarados|slp|[msg]
|move|p1b: Gyarados|Dragon Dance|p1b: Gyarados
|-boost|p1b: Gyarados|atk|1
|-boost|p1b: Gyarados|spe|1
|move|p1a: Altaria|Draco Meteor|p2b: Scrafty
|-damage|p2b: Scrafty|67/100
|-unboost|p1a: Altaria|spa|2
|move|p2b: Scrafty|Taunt|p1b: Gyarados
|-start|p1b: Gyarados|move: Taunt
|
|upkeep
|turn|5
|inactive|Sparkles1755 has 30 seconds left.
|inactive|ssooner has 30 seconds left.
|inactive|Sparkles1755 has 20 seconds left.
|
|t:|1785891938
|switch|p2b: Palafin|Palafin-Hero, L50, M|70/100
|detailschange|p1b: Gyarados|Gyarados-Mega, L50, F
|-mega|p1b: Gyarados|Gyarados|Gyaradosite
|-ability|p1b: Gyarados|Mold Breaker
|move|p1b: Gyarados|Waterfall|p2a: Crabominable
|-damage|p2a: Crabominable|51/100
|move|p1a: Altaria|Draco Meteor|p2a: Crabominable
|-damage|p2a: Crabominable|31/100
|-unboost|p1a: Altaria|spa|2
|move|p2a: Crabominable|Ice Hammer|p1a: Altaria
|-supereffective|p1a: Altaria|2
|-damage|p1a: Altaria|0 fnt
|-unboost|p2a: Crabominable|spe|1
|faint|p1a: Altaria
|
|upkeep
|
|t:|1785891951
|switch|p1a: Rotom|Rotom-Mow, L50|100/100
|turn|6
|
|t:|1785891962
|detailschange|p2a: Crabominable|Crabominable-Mega, L50, F
|-mega|p2a: Crabominable|Crabominable|Crabominite
|move|p2b: Palafin|Protect|p2b: Palafin
|-singleturn|p2b: Palafin|Protect
|move|p2a: Crabominable|Mach Punch|p1b: Gyarados
|-supereffective|p1b: Gyarados|1
|-damage|p1b: Gyarados|35/100
|move|p1b: Gyarados|Waterfall|p2a: Crabominable
|-damage|p2a: Crabominable|0 fnt
|faint|p2a: Crabominable
|move|p1a: Rotom|Volt Switch|p2b: Palafin
|-activate|p2b: Palafin|move: Protect
|
|-sideend|p1: Sparkles1755|move: Tailwind
|upkeep
|
|t:|1785891971
|switch|p2a: Scrafty|Scrafty, L50, F|67/100
|-ability|p2a: Scrafty|Intimidate|boost
|-unboost|p1a: Rotom|atk|1
|-unboost|p1b: Gyarados|atk|1
|turn|7
|
|t:|1785891992
|move|p2a: Scrafty|Fake Out|p1a: Rotom
|-damage|p1a: Rotom|88/100
|move|p1b: Gyarados|Waterfall|p2a: Scrafty
|-damage|p2a: Scrafty|37/100
|-enditem|p2a: Scrafty|Sitrus Berry|[eat]
|-heal|p2a: Scrafty|62/100|[from] item: Sitrus Berry
|move|p2b: Palafin|Close Combat|p1b: Gyarados
|-supereffective|p1b: Gyarados|1
|-damage|p1b: Gyarados|0 fnt
|-unboost|p2b: Palafin|def|1
|-unboost|p2b: Palafin|spd|1
|faint|p1b: Gyarados
|cant|p1a: Rotom|flinch
|
|-heal|p1a: Rotom|93/100|[from] item: Leftovers
|upkeep
|
|t:|1785892001
|switch|p1b: Typhlosion|Typhlosion-Hisui, L50, M|10/100
|turn|8
|
|t:|1785892019
|move|p2b: Palafin|Jet Punch|p1b: Typhlosion
|-supereffective|p1b: Typhlosion|1
|-damage|p1b: Typhlosion|0 fnt
|faint|p1b: Typhlosion
|move|p1a: Rotom|Volt Switch|p2b: Palafin
|-supereffective|p2b: Palafin|1
|-damage|p2b: Palafin|0 fnt
|faint|p2b: Palafin
|move|p2a: Scrafty|Knock Off|p1a: Rotom
|-damage|p1a: Rotom|55/100
|-enditem|p1a: Rotom|Leftovers|[from] move: Knock Off|[of] p2a: Scrafty
|
|upkeep
|turn|9
|
|t:|1785892031
|move|p1a: Rotom|Volt Switch|p2a: Scrafty
|-damage|p2a: Scrafty|30/100
|move|p2a: Scrafty|Knock Off|p1a: Rotom
|-damage|p1a: Rotom|24/100
|
|upkeep
|turn|10
|
|t:|1785892037
|move|p1a: Rotom|Volt Switch|p2a: Scrafty
|-damage|p2a: Scrafty|0 fnt
|faint|p2a: Scrafty
|
|win|Sparkles1755
