|j|☆Cecho8
|j|☆raylof
|html|Cecho8raylof    
|uhtml|bestof|Game 3 of a best-of-3
|t:|1757140423
|gametype|doubles
|player|p1|Cecho8|shadowtriad|1227
|player|p2|raylof|2|1252
|gen|9
|tier|[Gen 9] VGC 2025 Reg H (Bo3)
|rated|
|rule|Species Clause: Limit one of each Pokémon
|rule|Item Clause: Limit 1 of each item
|clearpoke
|poke|p1|Archaludon, L50, M|
|poke|p1|Pelipper, L50, M|
|poke|p1|Gholdengo, L50|
|poke|p1|Basculegion, L50, M|
|poke|p1|Amoonguss, L50, M|
|poke|p1|Annihilape, L50, F|
|poke|p2|Dragonite, L50, M|
|poke|p2|Ursaluna-Bloodmoon, L50, M|
|poke|p2|Gholdengo, L50|
|poke|p2|Incineroar, L50, F|
|poke|p2|Amoonguss, L50, F|
|poke|p2|Ninetales-Alola, L50, M|
|teampreview|4
|showteam|p1|Archaludon||AssaultVest|Stamina|DragonPulse,ElectroShot,BodyPress,Snarl|||M|||50|,,,,,Bug]Pelipper||FocusSash|Drizzle|WeatherBall,Hurricane,Tailwind,Protect|||M|||50|,,,,,Ghost]Gholdengo||LifeOrb|GoodasGold|MakeItRain,ShadowBall,NastyPlot,Protect||||||50|,,,,,Water]Basculegion||ChoiceBand|SwiftSwim|AquaJet,WaveCrash,LastRespects,FlipTurn|||M|||50|,,,,,Water]Amoonguss||SitrusBerry|Regenerator|RagePowder,Spore,PollenPuff,Protect|||M|||50|,,,,,Fairy]Annihilape||SafetyGoggles|Defiant|RageFist,CloseCombat,FinalGambit,Taunt|||F|||50|,,,,,Fire
|showteam|p2|Dragonite||LoadedDice|Multiscale|ScaleShot,Haze,Protect,Tailwind|||M|||50|,,,,,Fairy]Ursaluna-Bloodmoon||AssaultVest|MindsEye|BloodMoon,HyperVoice,VacuumWave,EarthPower|||M|||50|,,,,,Ghost]Gholdengo||LifeOrb|GoodasGold|MakeItRain,ShadowBall,Protect,NastyPlot||||||50|,,,,,Water]Incineroar||SafetyGoggles|Intimidate|KnockOff,FakeOut,FlareBlitz,PartingShot|||F|||50|,,,,,Ghost]Amoonguss||SitrusBerry|Regenerator|PollenPuff,Spore,RagePowder,Protect|||F|||50|,,,,,Water]Ninetales-Alola||LightClay|SnowWarning|IcyWind,FreezeDry,Protect,AuroraVeil|||M|||50|,,,,,Ghost
|
|t:|1757140467
|teamsize|p1|4
|teamsize|p2|4
|start
|switch|p1a: Gholdengo|Gholdengo, L50|100/100
|switch|p1b: Amoonguss|Amoonguss, L50, M|100/100
|switch|p2a: Incineroar|Incineroar, L50, F|100/100
|switch|p2b: Dragonite|Dragonite, L50, M|100/100
|-ability|p2a: Incineroar|Intimidate|boost
|-unboost|p1a: Gholdengo|atk|1
|-unboost|p1b: Amoonguss|atk|1
|turn|1
|
|t:|1757140516
|-terastallize|p1b: Amoonguss|Fairy
|move|p1a: Gholdengo|Protect|p1a: Gholdengo
|-singleturn|p1a: Gholdengo|Protect
|move|p2a: Incineroar|Fake Out|p1b: Amoonguss
|-damage|p1b: Amoonguss|90/100
|move|p2b: Dragonite|Tailwind|p2b: Dragonite
|-sidestart|p2: raylof|move: Tailwind
|cant|p1b: Amoonguss|flinch
|
|upkeep
|turn|2
|
|t:|1757140551
|switch|p1a: Archaludon|Archaludon, L50, M|100/100
|move|p2b: Dragonite|Protect|p2b: Dragonite
|-singleturn|p2b: Dragonite|Protect
|move|p2a: Incineroar|Parting Shot|p1b: Amoonguss
|-unboost|p1b: Amoonguss|atk|1
|-unboost|p1b: Amoonguss|spa|1
|
|t:|1757140557
|switch|p2a: Ursaluna|Ursaluna-Bloodmoon, L50, M|100/100|[from] Parting Shot
|move|p1b: Amoonguss|Spore|p2b: Dragonite
|-activate|p2b: Dragonite|move: Protect
|
|upkeep
|turn|3
|
|t:|1757140584
|switch|p2b: Incineroar|Incineroar, L50, F|100/100
|-ability|p2b: Incineroar|Intimidate|boost
|-unboost|p1a: Archaludon|atk|1
|-unboost|p1b: Amoonguss|atk|1
|switch|p1a: Pelipper|Pelipper, L50, M|100/100
|-weather|RainDance|[from] ability: Drizzle|[of] p1a: Pelipper
|move|p2a: Ursaluna|Blood Moon|p1b: Amoonguss
|-damage|p1b: Amoonguss|22/100
|-enditem|p1b: Amoonguss|Sitrus Berry|[eat]
|-heal|p1b: Amoonguss|47/100|[from] item: Sitrus Berry
|move|p1b: Amoonguss|Spore|p2a: Ursaluna
|-status|p2a: Ursaluna|slp|[from] move: Spore
|
|-weather|RainDance|[upkeep]
|upkeep
|turn|4
|
|t:|1757140630
|switch|p1b: Gholdengo|Gholdengo, L50|100/100
|move|p1a: Pelipper|Protect|p1a: Pelipper
|-singleturn|p1a: Pelipper|Protect
|move|p2b: Incineroar|Parting Shot|p1b: Gholdengo
|-immune|p1b: Gholdengo|[from] ability: Good as Gold
|cant|p2a: Ursaluna|slp
|
|-weather|RainDance|[upkeep]
|-sideend|p2: raylof|move: Tailwind
|upkeep
|turn|5
|
|t:|1757140695
|switch|p2a: Ninetales|Ninetales-Alola, L50, M, shiny|100/100
|-weather|Snowscape|[from] ability: Snow Warning|[of] p2a: Ninetales
|move|p1b: Gholdengo|Nasty Plot|p1b: Gholdengo
|-boost|p1b: Gholdengo|spa|2
|move|p1a: Pelipper|Weather Ball|p2a: Ninetales
|-resisted|p2a: Ninetales
|-damage|p2a: Ninetales|87/100
|move|p2b: Incineroar|Flare Blitz|p1b: Gholdengo
|-supereffective|p1b: Gholdengo
|-damage|p1b: Gholdengo|0 fnt
|faint|p1b: Gholdengo
|-damage|p2b: Incineroar|70/100|[from] Recoil
|
|-weather|Snowscape|[upkeep]
|upkeep
|
|t:|1757140723
|switch|p1b: Amoonguss|Amoonguss, L50, M, tera:Fairy|80/100
|turn|6
|
|t:|1757140739
|switch|p1a: Archaludon|Archaludon, L50, M|100/100
|move|p2a: Ninetales|Aurora Veil|p2a: Ninetales
|-sidestart|p2: raylof|move: Aurora Veil
|move|p2b: Incineroar|Knock Off|p1a: Archaludon
|-damage|p1a: Archaludon|69/100
|-ability|p1a: Archaludon|Stamina|boost
|-boost|p1a: Archaludon|def|1
|-enditem|p1a: Archaludon|Assault Vest|[from] move: Knock Off|[of] p2b: Incineroar
|move|p1b: Amoonguss|Spore|p2a: Ninetales
|-status|p2a: Ninetales|slp|[from] move: Spore
|
|-weather|Snowscape|[upkeep]
|upkeep
|turn|7
|
|t:|1757140760
|switch|p2a: Ursaluna|Ursaluna-Bloodmoon, L50, M|100/100 slp
|switch|p1b: Pelipper|Pelipper, L50, M|100/100
|-weather|RainDance|[from] ability: Drizzle|[of] p1b: Pelipper
|move|p1a: Archaludon|Electro Shot||[still]
|-prepare|p1a: Archaludon|Electro Shot
|-boost|p1a: Archaludon|spa|1
|-anim|p1a: Archaludon|Electro Shot|p2a: Ursaluna
|-immune|p2a: Ursaluna
|move|p2b: Incineroar|Parting Shot|p1a: Archaludon
|-unboost|p1a: Archaludon|atk|1
|-unboost|p1a: Archaludon|spa|1
|
|t:|1757140772
|switch|p2b: Ninetales|Ninetales-Alola, L50, M, shiny|87/100 slp|[from] Parting Shot
|-weather|Snowscape|[from] ability: Snow Warning|[of] p2b: Ninetales
|
|-weather|Snowscape|[upkeep]
|upkeep
|turn|8
|
|t:|1757140799
|switch|p2b: Dragonite|Dragonite, L50, M|100/100
|move|p1b: Pelipper|Weather Ball|p2a: Ursaluna
|-supereffective|p2a: Ursaluna
|-damage|p2a: Ursaluna|75/100 slp
|move|p1a: Archaludon|Electro Shot||[still]
|-prepare|p1a: Archaludon|Electro Shot
|-boost|p1a: Archaludon|spa|1
|cant|p2a: Ursaluna|slp
|
|-weather|Snowscape|[upkeep]
|upkeep
|turn|9
|
|t:|1757140821
|move|p2b: Dragonite|Scale Shot|p1a: Archaludon
|-damage|p1a: Archaludon|61/100
|-ability|p1a: Archaludon|Stamina|boost
|-boost|p1a: Archaludon|def|1
|-damage|p1a: Archaludon|56/100
|-ability|p1a: Archaludon|Stamina|boost
|-boost|p1a: Archaludon|def|1
|-crit|p1a: Archaludon
|-damage|p1a: Archaludon|41/100
|-ability|p1a: Archaludon|Stamina|boost
|-boost|p1a: Archaludon|def|1
|-damage|p1a: Archaludon|37/100
|-ability|p1a: Archaludon|Stamina|boost
|-boost|p1a: Archaludon|def|1
|-damage|p1a: Archaludon|33/100
|-ability|p1a: Archaludon|Stamina|boost
|-boost|p1a: Archaludon|def|1
|-hitcount|p1a: Archaludon|5
|-unboost|p2b: Dragonite|def|1
|-boost|p2b: Dragonite|spe|1
|move|p1b: Pelipper|Weather Ball|p2b: Dragonite
|-supereffective|p2b: Dragonite
|-damage|p2b: Dragonite|59/100
|move|p1a: Archaludon|Electro Shot|p2b: Dragonite|[from] lockedmove
|-damage|p2b: Dragonite|14/100
|cant|p2a: Ursaluna|slp
|
|-weather|Snowscape|[upkeep]
|upkeep
|turn|10
|
|t:|1757140850
|move|p2b: Dragonite|Tailwind|p2b: Dragonite
|-sidestart|p2: raylof|move: Tailwind
|-curestatus|p2a: Ursaluna|slp|[msg]
|move|p2a: Ursaluna|Earth Power|p1a: Archaludon
|-supereffective|p1a: Archaludon
|-damage|p1a: Archaludon|0 fnt
|faint|p1a: Archaludon
|move|p1b: Pelipper|Weather Ball|p2b: Dragonite
|-supereffective|p2b: Dragonite
|-damage|p2b: Dragonite|0 fnt
|faint|p2b: Dragonite
|
|-weather|Snowscape|[upkeep]
|upkeep
|
|t:|1757140862
|switch|p2b: Incineroar|Incineroar, L50, F|70/100
|switch|p1a: Amoonguss|Amoonguss, L50, M, tera:Fairy|100/100
|-ability|p2b: Incineroar|Intimidate|boost
|-unboost|p1a: Amoonguss|atk|1
|-unboost|p1b: Pelipper|atk|1
|turn|11
|
|t:|1757140879
|move|p1b: Pelipper|Protect|p1b: Pelipper
|-singleturn|p1b: Pelipper|Protect
|move|p1a: Amoonguss|Protect|p1a: Amoonguss
|-singleturn|p1a: Amoonguss|Protect
|move|p2b: Incineroar|Fake Out|p1a: Amoonguss
|-activate|p1a: Amoonguss|move: Protect
|move|p2a: Ursaluna|Hyper Voice|p1a: Amoonguss|[spread] 
|-activate|p1a: Amoonguss|move: Protect
|-activate|p1b: Pelipper|move: Protect
|
|-weather|none
|upkeep
|turn|12
|
|t:|1757140895
|move|p1b: Pelipper|Protect||[still]
|-fail|p1b: Pelipper
|move|p2b: Incineroar|Knock Off|p1b: Pelipper
|-damage|p1b: Pelipper|45/100
|-enditem|p1b: Pelipper|Focus Sash|[from] move: Knock Off|[of] p2b: Incineroar
|move|p2a: Ursaluna|Hyper Voice|p1b: Pelipper|[spread] p1a,p1b
|-damage|p1a: Amoonguss|67/100
|-damage|p1b: Pelipper|0 fnt
|faint|p1b: Pelipper
|move|p1a: Amoonguss|Spore|p2a: Ursaluna
|-status|p2a: Ursaluna|slp|[from] move: Spore
|
|upkeep
|turn|13
|
|t:|1757140909
|move|p2b: Incineroar|Parting Shot|p1a: Amoonguss
|-unboost|p1a: Amoonguss|atk|1
|-unboost|p1a: Amoonguss|spa|1
|
|t:|1757140911
|switch|p2b: Ninetales|Ninetales-Alola, L50, M, shiny|87/100 slp|[from] Parting Shot
|-weather|Snowscape|[from] ability: Snow Warning|[of] p2b: Ninetales
|cant|p2a: Ursaluna|slp
|move|p1a: Amoonguss|Pollen Puff|p2a: Ursaluna
|-damage|p2a: Ursaluna|69/100 slp
|
|-weather|Snowscape|[upkeep]
|-sideend|p2: raylof|move: Tailwind
|-sideend|p2: raylof|move: Aurora Veil
|upkeep
|turn|14
|
|t:|1757140939
|cant|p2b: Ninetales|slp
|cant|p2a: Ursaluna|slp
|move|p1a: Amoonguss|Pollen Puff|p2b: Ninetales
|-resisted|p2b: Ninetales
|-damage|p2b: Ninetales|81/100 slp
|
|-weather|Snowscape|[upkeep]
|upkeep
|turn|15
|
|t:|1757140949
|-curestatus|p2b: Ninetales|slp|[msg]
|move|p2b: Ninetales|Aurora Veil|p2b: Ninetales
|-sidestart|p2: raylof|move: Aurora Veil
|-curestatus|p2a: Ursaluna|slp|[msg]
|move|p2a: Ursaluna|Blood Moon|p1a: Amoonguss
|-damage|p1a: Amoonguss|5/100
|move|p1a: Amoonguss|Pollen Puff|p2b: Ninetales
|-resisted|p2b: Ninetales
|-damage|p2b: Ninetales|77/100
|
|-weather|Snowscape|[upkeep]
|upkeep
|turn|16
|
|t:|1757140964
|move|p2b: Ninetales|Freeze-Dry|p1a: Amoonguss
|-damage|p1a: Amoonguss|0 fnt
|faint|p1a: Amoonguss
|
|win|raylof
|raw|Cecho8's rating: 1227 → 1204(-23 for losing)
|raw|raylof's rating: 1252 → 1275(+23 for winning)
|l|☆Cecho8
|player|p1|
