|j|☆A2shock
|j|☆tjamesbasketball
|html|A2shocktjamesbasketball    
|uhtml|bestof|Game 3 of a best-of-3
|t:|1783035332
|gametype|doubles
|player|p1|A2shock|leaf-masters2|1086
|player|p2|tjamesbasketball|hoopster|1116
|gen|9
|tier|[Gen 9 Champions] VGC 2026 Reg M-B (Bo3)
|rated|
|rule|Species Clause: Limit one of each Pokémon
|rule|Item Clause: Limit 1 of each item
|clearpoke
|poke|p1|Swampert, L50, M|
|poke|p1|Pelipper, L50, M|
|poke|p1|Sinistcha, L50|
|poke|p1|Incineroar, L50, M|
|poke|p1|Kingambit, L50, F|
|poke|p1|Dragalge, L50, M|
|poke|p2|Froslass, L50, F|
|poke|p2|Blaziken, L50, M|
|poke|p2|Sinistcha, L50|
|poke|p2|Kingambit, L50, F|
|poke|p2|Toxapex, L50, M|
|poke|p2|Grimmsnarl, L50, M|
|teampreview|4
|showteam|p1|Swampert||Swampertite|Torrent|WaveCrash,HighHorsepower,IcePunch,Protect|Adamant||M|||50|]Pelipper||DampRock|Drizzle|Hurricane,WeatherBall,WideGuard,Protect|Calm||M|||50|]Sinistcha||KasibBerry|Hospitality|RagePowder,MatchaGotcha,TrickRoom,Imprison|Bold|||||50|]Incineroar||SitrusBerry|Intimidate|FakeOut,FlareBlitz,PartingShot,Taunt|Careful||M|||50|]Kingambit||ChopleBerry|Defiant|KowtowCleave,SuckerPunch,LowKick,Protect|Brave||F|||50|]Dragalge||Dragalgite|PoisonPoint|Toxic,DracoMeteor,Thunderbolt,Protect|Modest||M|||50|
|showteam|p2|Froslass||Froslassite|SnowCloak|Protect,Blizzard,ShadowBall,NastyPlot|Timid||F|||50|]Blaziken||Blazikenite|SpeedBoost|Protect,SwordsDance,BraveBird,CloseCombat|Adamant||M|||50|]Sinistcha||KasibBerry|Hospitality|Protect,RagePowder,MatchaGotcha,LifeDew|Bold|||||50|]Kingambit||BlackGlasses|Defiant|Protect,SwordsDance,SuckerPunch,IronHead|Adamant||F|||50|]Toxapex||Leftovers|Regenerator|BanefulBunker,WideGuard,Toxic,Infestation|Bold||M|||50|]Grimmsnarl||LightClay|Prankster|FakeOut,Reflect,LightScreen,SpiritBreak|Careful||M|||50|
|inactive|Battle timer is ON: inactive players will automatically lose when time's up. (requested by A2shock)
|inactive|A2shock has 60 seconds left.
|
|t:|1783035368
|teamsize|p1|4
|teamsize|p2|4
|start
|switch|p1a: Pelipper|Pelipper, L50, M|100/100
|switch|p1b: Sinistcha|Sinistcha, L50|100/100
|switch|p2a: Grimmsnarl|Grimmsnarl, L50, M|100/100
|switch|p2b: Blaziken|Blaziken, L50, M|100/100
|-weather|RainDance|[from] ability: Drizzle|[of] p1a: Pelipper
|turn|1
|
|t:|1783035386
|move|p2a: Grimmsnarl|Fake Out|p1a: Pelipper
|-damage|p1a: Pelipper|87/100
|move|p2b: Blaziken|Swords Dance|p2b: Blaziken
|-boost|p2b: Blaziken|atk|2
|cant|p1a: Pelipper|flinch
|move|p1b: Sinistcha|Trick Room|p1b: Sinistcha
|-fieldstart|move: Trick Room|[of] p1b: Sinistcha
|
|-weather|RainDance|[upkeep]
|-ability|p2b: Blaziken|Speed Boost|boost
|-boost|p2b: Blaziken|spe|1
|upkeep
|turn|2
|
|t:|1783035404
|switch|p1b: Dragalge|Dragalge, L50, M|100/100
|move|p2b: Blaziken|Protect|p2b: Blaziken
|-singleturn|p2b: Blaziken|Protect
|move|p2a: Grimmsnarl|Spirit Break|p1a: Pelipper
|-damage|p1a: Pelipper|53/100
|-unboost|p1a: Pelipper|spa|1
|move|p1a: Pelipper|Weather Ball|p2b: Blaziken
|-activate|p2b: Blaziken|move: Protect
|
|-weather|RainDance|[upkeep]
|-ability|p2b: Blaziken|Speed Boost|boost
|-boost|p2b: Blaziken|spe|1
|upkeep
|turn|3
|
|t:|1783035429
|detailschange|p1b: Dragalge|Dragalge-Mega, L50, M
|-mega|p1b: Dragalge|Dragalge|Dragalgite
|move|p2a: Grimmsnarl|Light Screen|p2a: Grimmsnarl
|-sidestart|p2: tjamesbasketball|move: Light Screen
|move|p1b: Dragalge|Toxic|p2a: Grimmsnarl
|-status|p2a: Grimmsnarl|tox
|move|p1a: Pelipper|Weather Ball|p2b: Blaziken
|-supereffective|p2b: Blaziken|1
|-damage|p2b: Blaziken|27/100
|move|p2b: Blaziken|Brave Bird|p1b: Dragalge
|-damage|p1b: Dragalge|13/100
|-damage|p2b: Blaziken|0 fnt|[from] Recoil
|faint|p2b: Blaziken
|
|-weather|RainDance|[upkeep]
|-damage|p2a: Grimmsnarl|94/100 tox|[from] psn
|upkeep
|
|t:|1783035448
|switch|p2b: Sinistcha|Sinistcha, L50|100/100
|-heal|p2a: Grimmsnarl|100/100 tox|[from] ability: Hospitality|[of] p2b: Sinistcha
|turn|4
|
|t:|1783035459
|-heal|p1b: Dragalge|47/100|[from] ability: Regenerator|[silent]
|switch|p1b: Kingambit|Kingambit, L50, F|100/100
|switch|p1a: Sinistcha|Sinistcha, L50|100/100
|move|p2a: Grimmsnarl|Spirit Break|p1a: Sinistcha
|-damage|p1a: Sinistcha|73/100
|-unboost|p1a: Sinistcha|spa|1
|move|p2b: Sinistcha|Matcha Gotcha|p1b: Kingambit|[spread] p1a,p1b
|-resisted|p1a: Sinistcha|1
|-resisted|p1b: Kingambit|1
|-damage|p1a: Sinistcha|61/100
|-damage|p1b: Kingambit|88/100
|
|-weather|RainDance|[upkeep]
|-damage|p2a: Grimmsnarl|88/100 tox|[from] psn
|upkeep
|turn|5
|inactive|A2shock has 30 seconds left.
|
|t:|1783035492
|switch|p2a: Froslass|Froslass, L50, F|100/100
|move|p1b: Kingambit|Kowtow Cleave|p2b: Sinistcha
|-supereffective|p2b: Sinistcha|1
|-damage|p2b: Sinistcha|25/100
|move|p2b: Sinistcha|Matcha Gotcha|p1a: Sinistcha|[spread] p1a,p1b
|-resisted|p1a: Sinistcha|1
|-resisted|p1b: Kingambit|1
|-damage|p1a: Sinistcha|49/100
|-heal|p2b: Sinistcha|32/100|[from] drain|[of] p1a: Sinistcha
|-damage|p1b: Kingambit|76/100
|-heal|p2b: Sinistcha|38/100|[from] drain|[of] p1b: Kingambit
|move|p1a: Sinistcha|Imprison|p1a: Sinistcha
|-start|p1a: Sinistcha|move: Imprison
|
|-weather|RainDance|[upkeep]
|-fieldend|move: Trick Room
|upkeep
|turn|6
|
|t:|1783035513
|switch|p2b: Grimmsnarl|Grimmsnarl, L50, M|88/100 tox
|switch|p1a: Dragalge|Dragalge-Mega, L50, M|47/100
|move|p2a: Froslass|Protect|p2a: Froslass
|-singleturn|p2a: Froslass|Protect
|move|p1b: Kingambit|Kowtow Cleave|p2a: Froslass
|-activate|p2a: Froslass|move: Protect
|
|-weather|RainDance|[upkeep]
|-damage|p2b: Grimmsnarl|82/100 tox|[from] psn
|upkeep
|turn|7
|inactive|A2shock has 30 seconds left.
|
|t:|1783035539
|-heal|p1a: Dragalge|80/100|[from] ability: Regenerator|[silent]
|switch|p1a: Sinistcha|Sinistcha, L50|49/100
|-heal|p1b: Kingambit|100/100|[from] ability: Hospitality|[of] p1a: Sinistcha
|move|p2b: Grimmsnarl|Fake Out|p1b: Kingambit
|-resisted|p1b: Kingambit|1
|-damage|p1b: Kingambit|95/100
|move|p2a: Froslass|Nasty Plot|p2a: Froslass
|-boost|p2a: Froslass|spa|2
|cant|p1b: Kingambit|flinch
|
|-weather|RainDance|[upkeep]
|-damage|p2b: Grimmsnarl|70/100 tox|[from] psn
|upkeep
|turn|8
|
|t:|1783035563
|detailschange|p2a: Froslass|Froslass-Mega, L50, F
|-mega|p2a: Froslass|Froslass|Froslassite
|-weather|Snowscape|[from] ability: Snow Warning|[of] p2a: Froslass
|move|p2b: Grimmsnarl|Reflect|p2b: Grimmsnarl
|-sidestart|p2: tjamesbasketball|Reflect
|move|p2a: Froslass|Blizzard|p1b: Kingambit|[spread] p1a,p1b
|-supereffective|p1a: Sinistcha|1
|-resisted|p1b: Kingambit|1
|-damage|p1a: Sinistcha|0 fnt
|-damage|p1b: Kingambit|51/100
|faint|p1a: Sinistcha
|move|p1b: Kingambit|Kowtow Cleave|p2a: Froslass
|-supereffective|p2a: Froslass|1
|-damage|p2a: Froslass|23/100
|
|-weather|Snowscape|[upkeep]
|-damage|p2b: Grimmsnarl|52/100 tox|[from] psn
|upkeep
|
|t:|1783035577
|switch|p1a: Pelipper|Pelipper, L50, M|53/100
|-weather|RainDance|[from] ability: Drizzle|[of] p1a: Pelipper
|turn|9
|
|t:|1783035589
|switch|p2b: Sinistcha|Sinistcha, L50|38/100
|-heal|p2a: Froslass|48/100|[from] ability: Hospitality|[of] p2b: Sinistcha
|move|p1a: Pelipper|Wide Guard|p1a: Pelipper
|-singleturn|p1a: Pelipper|Wide Guard
|move|p2a: Froslass|Nasty Plot|p2a: Froslass
|-boost|p2a: Froslass|spa|2
|move|p1b: Kingambit|Low Kick|p2b: Sinistcha
|-immune|p2b: Sinistcha
|
|-weather|RainDance|[upkeep]
|upkeep
|turn|10
|
|t:|1783035605
|move|p2b: Sinistcha|Rage Powder|p2b: Sinistcha
|-singleturn|p2b: Sinistcha|move: Rage Powder
|move|p1b: Kingambit|Sucker Punch||[still]
|-fail|p1b: Kingambit
|move|p2a: Froslass|Shadow Ball|p1b: Kingambit
|-resisted|p1b: Kingambit|1
|-damage|p1b: Kingambit|0 fnt
|faint|p1b: Kingambit
|move|p1a: Pelipper|Hurricane|p2b: Sinistcha
|-supereffective|p2b: Sinistcha|1
|-damage|p2b: Sinistcha|0 fnt
|faint|p2b: Sinistcha
|
|-weather|RainDance|[upkeep]
|-sideend|p2: tjamesbasketball|move: Light Screen
|upkeep
|
|t:|1783035617
|switch|p2b: Grimmsnarl|Grimmsnarl, L50, M|52/100 tox
|switch|p1b: Dragalge|Dragalge-Mega, L50, M|80/100
|turn|11
|
|t:|1783035629
|move|p1a: Pelipper|Protect|p1a: Pelipper
|-singleturn|p1a: Pelipper|Protect
|move|p1b: Dragalge|Protect|p1b: Dragalge
|-singleturn|p1b: Dragalge|Protect
|move|p2b: Grimmsnarl|Fake Out|p1b: Dragalge
|-activate|p1b: Dragalge|move: Protect
|move|p2a: Froslass|Shadow Ball|p1a: Pelipper
|-activate|p1a: Pelipper|move: Protect
|
|-weather|RainDance|[upkeep]
|-damage|p2b: Grimmsnarl|46/100 tox|[from] psn
|upkeep
|turn|12
|
|t:|1783035642
|move|p1a: Pelipper|Wide Guard|p1a: Pelipper
|-singleturn|p1a: Pelipper|Wide Guard
|move|p2b: Grimmsnarl|Light Screen|p2b: Grimmsnarl
|-sidestart|p2: tjamesbasketball|move: Light Screen
|move|p2a: Froslass|Shadow Ball|p1b: Dragalge
|-damage|p1b: Dragalge|0 fnt
|faint|p1b: Dragalge
|
|-weather|RainDance|[upkeep]
|-damage|p2b: Grimmsnarl|34/100 tox|[from] psn
|upkeep
|turn|13
|-message|A2shock forfeited.
|
|win|tjamesbasketball
|raw|A2shock's rating: 1086 → 1065(-21 for losing)
|raw|tjamesbasketball's rating: 1116 → 1139(+23 for winning)
|c|☆tjamesbasketball|gg
|l|☆A2shock
|player|p1|
