|j|☆yunsen
|j|☆asiermii
|html|yunsenasiermii    
|uhtml|bestof|Game 1 of a best-of-3
|t:|1782497222
|gametype|doubles
|player|p1|yunsen|n|1121
|player|p2|asiermii|101|1151
|gen|9
|tier|[Gen 9 Champions] VGC 2026 Reg M-B (Bo3)
|rated|
|rule|Species Clause: Limit one of each Pokémon
|rule|Item Clause: Limit 1 of each item
|clearpoke
|poke|p1|Raichu, L50, F|
|poke|p1|Whimsicott, L50, F|
|poke|p1|Basculegion, L50, M|
|poke|p1|Garchomp, L50, F|
|poke|p1|Floette-Eternal, L50, F|
|poke|p1|Gholdengo, L50|
|poke|p2|Sylveon, L50, M, shiny|
|poke|p2|Aerodactyl, L50, F|
|poke|p2|Metagross, L50, shiny|
|poke|p2|Sinistcha, L50|
|poke|p2|Incineroar, L50, F, shiny|
|poke|p2|Rotom-Wash, L50|
|teampreview|4
|showteam|p1|Raichu||RaichuniteY|LightningRod|Protect,ZapCannon,FocusBlast,FakeOut|Modest||F|||50|]Whimsicott||FocusSash|Prankster|Protect,Moonblast,Tailwind,Encore|Timid||F|||50|]Basculegion||MysticWater|Adaptability|Protect,WaveCrash,LastRespects,AquaJet|Adamant||M|||50|]Garchomp||SitrusBerry|RoughSkin|RockSlide,StompingTantrum,DragonClaw,Protect|Jolly||F|||50|]Floette-Eternal||Floettite|FlowerVeil|Protect,Moonblast,DazzlingGleam,Psychic|Timid||F|||50|]Gholdengo||LifeOrb|GoodasGold|Protect,MakeItRain,NastyPlot,ShadowBall|Timid|||||50|
|showteam|p2|Sylveon||FairyFeather|Pixilate|HyperVoice,HyperBeam,QuickAttack,Detect|Modest||M|||50|]Aerodactyl||Aerodactylite|Unnerve|RockSlide,IceFang,Tailwind,WideGuard|Jolly||F|||50|]Metagross||Metagrossite|ClearBody|PsychicFangs,IronHead,BulletPunch,Protect|Adamant|||||50|]Sinistcha||KasibBerry|Hospitality|MatchaGotcha,RagePowder,StrengthSap,Protect|Bold|||||50|]Incineroar||SitrusBerry|Intimidate|FakeOut,FlareBlitz,PartingShot,ThroatChop|Careful||F|||50|]Rotom-Wash||Leftovers|Levitate|HydroPump,Thunderbolt,WillOWisp,Protect|Bold|||||50|
|inactive|Battle timer is ON: inactive players will automatically lose when time's up. (requested by yunsen)
|inactive|yunsen has 60 seconds left.
|inactive|asiermii has 60 seconds left.
|inactive|asiermii has 30 seconds left.
|
|t:|1782497286
|teamsize|p1|4
|teamsize|p2|4
|start
|switch|p1a: Gholdengo|Gholdengo, L50|100/100
|switch|p1b: Raichu|Raichu, L50, F|100/100
|switch|p2a: Sylveon|Sylveon, L50, M, shiny|100/100
|switch|p2b: Incineroar|Incineroar, L50, F, shiny|100/100
|-ability|p2b: Incineroar|Intimidate|boost
|-unboost|p1a: Gholdengo|atk|1
|-unboost|p1b: Raichu|atk|1
|turn|1
|inactive|asiermii has 30 seconds left.
|
|t:|1782497313
|detailschange|p1b: Raichu|Raichu-Mega-Y, L50, F
|-mega|p1b: Raichu|Raichu|Raichunite Y
|move|p1b: Raichu|Fake Out|p2a: Sylveon
|-damage|p2a: Sylveon|92/100
|move|p1a: Gholdengo|Nasty Plot|p1a: Gholdengo
|-boost|p1a: Gholdengo|spa|2
|move|p2b: Incineroar|Throat Chop|p1a: Gholdengo
|-supereffective|p1a: Gholdengo|1
|-damage|p1a: Gholdengo|35/100
|-start|p1a: Gholdengo|Throat Chop|[silent]
|cant|p2a: Sylveon|flinch
|
|upkeep
|turn|2
|inactive|yunsen has 30 seconds left.
|inactive|yunsen has 20 seconds left.
|
|t:|1782497356
|move|p1b: Raichu|Focus Blast|p2b: Incineroar
|-supereffective|p2b: Incineroar|1
|-damage|p2b: Incineroar|25/100
|-enditem|p2b: Incineroar|Sitrus Berry|[eat]
|-heal|p2b: Incineroar|50/100g|[from] item: Sitrus Berry
|move|p1a: Gholdengo|Make It Rain|p2a: Sylveon|[spread] p2a,p2b
|-supereffective|p2a: Sylveon|1
|-crit|p2a: Sylveon
|-resisted|p2b: Incineroar|1
|-damage|p2a: Sylveon|0 fnt
|-damage|p2b: Incineroar|9/100
|-unboost|p1a: Gholdengo|spa|2
|faint|p2a: Sylveon
|-damage|p1a: Gholdengo|25/100|[from] item: Life Orb
|move|p2b: Incineroar|Parting Shot|p1b: Raichu
|-unboost|p1b: Raichu|atk|1
|-unboost|p1b: Raichu|spa|1
|
|t:|1782497376
|switch|p2b: Metagross|Metagross, L50, shiny|100/100|[from] Parting Shot
|
|-end|p1a: Gholdengo|Throat Chop|[silent]
|upkeep
|
|t:|1782497382
|switch|p2a: Incineroar|Incineroar, L50, F, shiny|9/100
|-ability|p2a: Incineroar|Intimidate|boost
|-unboost|p1a: Gholdengo|atk|1
|-unboost|p1b: Raichu|atk|1
|turn|3
|inactive|asiermii has 30 seconds left.
|inactive|asiermii has 20 seconds left.
|
|t:|1782497419
|detailschange|p2b: Metagross|Metagross-Mega, L50, shiny
|-mega|p2b: Metagross|Metagross|Metagrossite
|move|p1b: Raichu|Protect|p1b: Raichu
|-singleturn|p1b: Raichu|Protect
|move|p2a: Incineroar|Fake Out|p1b: Raichu
|-activate|p1b: Raichu|move: Protect
|move|p2b: Metagross|Psychic Fangs|p1a: Gholdengo
|-resisted|p1a: Gholdengo|1
|-damage|p1a: Gholdengo|0 fnt
|faint|p1a: Gholdengo
|
|upkeep
|
|t:|1782497432
|switch|p1a: Basculegion|Basculegion, L50, M|100/100
|turn|4
|inactive|yunsen has 30 seconds left.
|
|t:|1782497459
|switch|p2a: Sinistcha|Sinistcha, L50|100/100
|move|p2b: Metagross|Protect|p2b: Metagross
|-singleturn|p2b: Metagross|Protect
|move|p1b: Raichu|Zap Cannon|p2b: Metagross
|-activate|p2b: Metagross|move: Protect
|move|p1a: Basculegion|Wave Crash|p2b: Metagross
|-activate|p2b: Metagross|move: Protect
|
|upkeep
|turn|5
|inactive|asiermii has 30 seconds left.
|
|t:|1782497492
|move|p2a: Sinistcha|Rage Powder|p2a: Sinistcha
|-singleturn|p2a: Sinistcha|move: Rage Powder
|move|p1b: Raichu|Zap Cannon|p2a: Sinistcha
|-resisted|p2a: Sinistcha|1
|-damage|p2a: Sinistcha|67/100
|-status|p2a: Sinistcha|par
|move|p2b: Metagross|Psychic Fangs|p1a: Basculegion
|-damage|p1a: Basculegion|27/100
|move|p1a: Basculegion|Last Respects|p2a: Sinistcha
|-supereffective|p2a: Sinistcha|1
|-crit|p2a: Sinistcha
|-enditem|p2a: Sinistcha|Kasib Berry|[eat]
|-enditem|p2a: Sinistcha|Kasib Berry|[weaken]
|-damage|p2a: Sinistcha|0 fnt
|faint|p2a: Sinistcha
|
|upkeep
|
|t:|1782497505
|switch|p2a: Incineroar|Incineroar, L50, F, shiny|9/100
|-ability|p2a: Incineroar|Intimidate|boost
|-unboost|p1a: Basculegion|atk|1
|-unboost|p1b: Raichu|atk|1
|turn|6
|inactive|asiermii has 30 seconds left.
|
|t:|1782497535
|move|p1b: Raichu|Protect|p1b: Raichu
|-singleturn|p1b: Raichu|Protect
|move|p2a: Incineroar|Fake Out|p1b: Raichu
|-activate|p1b: Raichu|move: Protect
|move|p1a: Basculegion|Aqua Jet|p2a: Incineroar
|-supereffective|p2a: Incineroar|1
|-damage|p2a: Incineroar|0 fnt
|faint|p2a: Incineroar
|move|p2b: Metagross|Psychic Fangs|p1a: Basculegion
|-damage|p1a: Basculegion|0 fnt
|faint|p1a: Basculegion
|
|upkeep
|
|t:|1782497547
|switch|p1a: Garchomp|Garchomp, L50, F|100/100
|turn|7
|
|t:|1782497559
|move|p2b: Metagross|Protect|p2b: Metagross
|-singleturn|p2b: Metagross|Protect
|move|p1b: Raichu|Zap Cannon|p2b: Metagross
|-activate|p2b: Metagross|move: Protect
|move|p1a: Garchomp|Stomping Tantrum|p2b: Metagross
|-activate|p2b: Metagross|move: Protect
|
|upkeep
|turn|8
|
|t:|1782497572
|move|p1b: Raichu|Zap Cannon|p2b: Metagross
|-damage|p2b: Metagross|45/100
|-status|p2b: Metagross|par
|move|p1a: Garchomp|Stomping Tantrum|p2b: Metagross
|-supereffective|p2b: Metagross|1
|-damage|p2b: Metagross|0 fnt
|faint|p2b: Metagross
|
|win|yunsen
||asiermii is ready for game 2.
||yunsen is ready for game 2.
|uhtml|next|Next: Game 2 of 3
|l|☆asiermii
|player|p2|
