|j|☆Jjayy09
|j|☆huntr/x rumi
|html|Jjayy09huntr/x rumi    
|uhtml|bestof|Game 1 of a best-of-3
|t:|1756164642
|gametype|doubles
|player|p1|Jjayy09|lady-gen4|1139
|player|p2|huntr/x rumi|acetrainerf|1187
|gen|9
|tier|[Gen 9] VGC 2025 Reg H (Bo3)
|rated|
|rule|Species Clause: Limit one of each Pokémon
|rule|Item Clause: Limit 1 of each item
|clearpoke
|poke|p1|Garchomp, L50, M|
|poke|p1|Weezing-Galar, L50, M|
|poke|p1|Archaludon, L50, F|
|poke|p1|Gholdengo, L50|
|poke|p1|Talonflame, L50, M|
|poke|p1|Annihilape, L50, F|
|poke|p2|Palafin, L50, M|
|poke|p2|Incineroar, L50, M|
|poke|p2|Amoonguss, L50, M|
|poke|p2|Stonjourner, L50, F|
|poke|p2|Dragapult, L50, F|
|poke|p2|Ninetales-Alola, L50, M|
|teampreview|4
|showteam|p1|Garchomp||LifeOrb|RoughSkin|DragonClaw,Earthquake,StompingTantrum,Protect|||M|||50|,,,,,Ground]Weezing-Galar||FocusSash|NeutralizingGas|Protect,SludgeBomb,Taunt,StrangeSteam|||M|||50|,,,,,Flying]Archaludon||PowerHerb|Sturdy|ElectroShot,Thunderbolt,DracoMeteor,Protect|||F|||50|,,,,,Electric]Gholdengo||ChoiceSpecs|GoodasGold|ShadowBall,DazzlingGleam,PowerGem,MakeItRain||||||50|,,,,,Fairy]Talonflame||CovertCloak|GaleWings|Tailwind,DualWingbeat,WillOWisp,FlareBlitz|||M|||50|,,,,,Fairy]Annihilape||AssaultVest|Defiant|CloseCombat,RageFist,FinalGambit,IcePunch|||F|||50|,,,,,Grass
|showteam|p2|Palafin||MysticWater|ZerotoHero|Protect,JetPunch,WaveCrash,Haze|||M|||50|,,,,,Water]Incineroar||SafetyGoggles|Intimidate|FakeOut,FlareBlitz,KnockOff,PartingShot|||M|||50|,,,,,Ghost]Amoonguss||CovertCloak|Regenerator|Protect,Spore,RagePowder,PollenPuff|||M|||50|,,,,,Psychic]Stonjourner||FocusSash|PowerSpot|Protect,WideGuard,RockSlide,LowKick|||F|||50|,,,,,Fighting]Dragapult||ChoiceBand|ClearBody|DragonDarts,PhantomForce,Outrage,Uturn|||F|||50|,,,,,Dragon]Ninetales-Alola||ChoiceSpecs|SnowWarning|Blizzard,FreezeDry,Moonblast,DazzlingGleam|||M|||50|,,,,,Fairy
|
|t:|1756164703
|teamsize|p1|4
|teamsize|p2|4
|start
|switch|p1a: Talonflame|Talonflame, L50, M|100/100
|switch|p1b: Archaludon|Archaludon, L50, F|100/100
|switch|p2a: Good Graces|Palafin, L50, M|100/100
|switch|p2b: GoodLckBabe!|Ninetales-Alola, L50, M|100/100
|-weather|Snowscape|[from] ability: Snow Warning|[of] p2b: GoodLckBabe!
|turn|1
|
|t:|1756164722
|switch|p1a: Annihilape|Annihilape, L50, F|100/100
|move|p2a: Good Graces|Protect|p2a: Good Graces
|-singleturn|p2a: Good Graces|Protect
|move|p2b: GoodLckBabe!|Blizzard|p1b: Archaludon|[spread] p1a,p1b
|-damage|p1a: Annihilape|71/100
|-damage|p1b: Archaludon|35/100
|move|p1b: Archaludon|Electro Shot||[still]
|-prepare|p1b: Archaludon|Electro Shot
|-boost|p1b: Archaludon|spa|1
|-enditem|p1b: Archaludon|Power Herb
|-anim|p1b: Archaludon|Electro Shot|p2b: GoodLckBabe!
|-damage|p2b: GoodLckBabe!|22/100
|
|-weather|Snowscape|[upkeep]
|upkeep
|turn|2
|
|t:|1756164746
|-terastallize|p2a: Good Graces|Water
|move|p1b: Archaludon|Protect|p1b: Archaludon
|-singleturn|p1b: Archaludon|Protect
|move|p2a: Good Graces|Jet Punch|p1a: Annihilape
|-damage|p1a: Annihilape|33/100
|move|p2b: GoodLckBabe!|Blizzard|p1a: Annihilape|[spread] p1a
|-activate|p1b: Archaludon|move: Protect
|-damage|p1a: Annihilape|3/100
|move|p1a: Annihilape|Rage Fist|p2b: GoodLckBabe!
|-damage|p2b: GoodLckBabe!|0 fnt
|faint|p2b: GoodLckBabe!
|
|-weather|Snowscape|[upkeep]
|upkeep
|
|t:|1756164753
|switch|p2b: Juno|Dragapult, L50, F, shiny|100/100
|turn|3
|
|t:|1756164782
|switch|p1a: Weezing|Weezing-Galar, L50, M|100/100
|-ability|p1a: Weezing|Neutralizing Gas
|detailschange|p2a: Good Graces|Palafin-Hero, L50, M, tera:Water
|switch|p2a: TakeYouBack|Stonjourner, L50, F, shiny|100/100
|move|p2b: Juno|Dragon Darts|p1b: Archaludon
|-damage|p1b: Archaludon|5/100
|-anim|p2b: Juno|Dragon Darts|p1b: Archaludon
|-damage|p1b: Archaludon|0 fnt
|faint|p1b: Archaludon
|
|-weather|Snowscape|[upkeep]
|upkeep
|
|t:|1756164793
|switch|p1b: Talonflame|Talonflame, L50, M|100/100
|turn|4
|
|t:|1756164807
|-terastallize|p1b: Talonflame|Fairy
|move|p2b: Juno|Dragon Darts|p1b: Talonflame
|move|p1b: Talonflame|Will-O-Wisp|p2b: Juno|[miss]
|-miss|p1b: Talonflame|p2b: Juno
|move|p2a: TakeYouBack|Rock Slide|p1a: Weezing|[spread] p1a
|-miss|p2a: TakeYouBack|p1b: Talonflame
|-damage|p1a: Weezing|68/100
|move|p1a: Weezing|Strange Steam|p2b: Juno
|-supereffective|p2b: Juno
|-damage|p2b: Juno|1/100
|
|-weather|Snowscape|[upkeep]
|upkeep
|turn|5
|
|t:|1756164824
|move|p2b: Juno|Dragon Darts|p1b: Talonflame
|move|p1b: Talonflame|Tailwind|p1b: Talonflame
|-sidestart|p1: Jjayy09|move: Tailwind
|move|p1a: Weezing|Strange Steam|p2b: Juno
|-supereffective|p2b: Juno
|-damage|p2b: Juno|0 fnt
|faint|p2b: Juno
|move|p2a: TakeYouBack|Rock Slide|p1b: Talonflame|[spread] p1b
|-miss|p2a: TakeYouBack|p1a: Weezing
|-damage|p1b: Talonflame|59/100
|
|-weather|none
|upkeep
|
|t:|1756164830
|switch|p2b: Good Graces|Palafin-Hero, L50, M, tera:Water|100/100
|-activate|p2b: Good Graces|ability: Zero to Hero
|turn|6
|
|t:|1756164847
|move|p2a: TakeYouBack|Protect|p2a: TakeYouBack
|-singleturn|p2a: TakeYouBack|Protect
|move|p2b: Good Graces|Jet Punch|p1b: Talonflame
|-damage|p1b: Talonflame|0 fnt
|faint|p1b: Talonflame
|move|p1a: Weezing|Sludge Bomb|p2b: Good Graces
|-damage|p2b: Good Graces|58/100
|-status|p2b: Good Graces|psn
|
|-damage|p2b: Good Graces|46/100 psn|[from] psn
|upkeep
|
|t:|1756164856
|switch|p1b: Annihilape|Annihilape, L50, F|3/100
|turn|7
|
|t:|1756164871
|move|p2b: Good Graces|Jet Punch|p1b: Annihilape
|-damage|p1b: Annihilape|0 fnt
|faint|p1b: Annihilape
|move|p1a: Weezing|Sludge Bomb|p2b: Good Graces
|-damage|p2b: Good Graces|5/100 psn
|move|p2a: TakeYouBack|Rock Slide|p1a: Weezing|[miss]
|-miss|p2a: TakeYouBack|p1a: Weezing
|
|-damage|p2b: Good Graces|0 fnt|[from] psn
|faint|p2b: Good Graces
|upkeep
|turn|8
|
|t:|1756164880
|move|p2a: TakeYouBack|Protect|p2a: TakeYouBack
|-singleturn|p2a: TakeYouBack|Protect
|move|p1a: Weezing|Strange Steam|p2a: TakeYouBack
|-activate|p2a: TakeYouBack|move: Protect
|
|-sideend|p1: Jjayy09|move: Tailwind
|upkeep
|turn|9
|
|t:|1756164884
|move|p2a: TakeYouBack|Rock Slide|p1a: Weezing
|-damage|p1a: Weezing|27/100
|cant|p1a: Weezing|flinch
|
|upkeep
|turn|10
|
|t:|1756164890
|move|p2a: TakeYouBack|Rock Slide|p1a: Weezing
|-damage|p1a: Weezing|0 fnt
|faint|p1a: Weezing
|-end|p1a: Weezing|ability: Neutralizing Gas
|
|win|huntr/x rumi
||huntr/x rumi is ready for game 2.
||Jjayy09 is ready for game 2.
|uhtml|next|Next: Game 2 of 3
