|j|☆bluntmaster9000
|j|☆beans14
|html|bluntmaster9000beans14    
|uhtml|bestof|Game 2 of a best-of-3
|t:|1756856587
|gametype|doubles
|player|p1|bluntmaster9000|1|1153
|player|p2|beans14|1|1132
|gen|9
|tier|[Gen 9] VGC 2025 Reg H (Bo3)
|rated|
|rule|Species Clause: Limit one of each Pokémon
|rule|Item Clause: Limit 1 of each item
|clearpoke
|poke|p1|Charizard, L50, F|
|poke|p1|Torkoal, L50, M|
|poke|p1|Porygon2, L50|
|poke|p1|Incineroar, L50, F|
|poke|p1|Jumpluff, L50, M|
|poke|p1|Ursaluna, L50, M|
|poke|p2|Politoed, L50, F|
|poke|p2|Archaludon, L50, F|
|poke|p2|Kingdra, L50, F|
|poke|p2|Incineroar, L50, F|
|poke|p2|Amoonguss, L50, F|
|poke|p2|Gothitelle, L50, M|
|teampreview|4
|showteam|p1|Charizard||ChoiceSpecs|SolarPower|HeatWave,Overheat,WeatherBall,AirSlash|||F|||50|,,,,,Ghost]Torkoal||EjectPack|Drought|Eruption,Overheat,HelpingHand,Protect|||M|||50|,,,,,Fire]Porygon2||Eviolite|Download|IceBeam,TeraBlast,TrickRoom,Recover||||||50|,,,,,Fighting]Incineroar||SitrusBerry|Intimidate|FlareBlitz,KnockOff,FakeOut,PartingShot|||F|||50|,,,,,Ghost]Jumpluff||CovertCloak|Chlorophyll|SleepPowder,SunnyDay,RagePowder,Tailwind|||M|||50|,,,,,Poison]Ursaluna||FlameOrb|Guts|HeadlongRush,Facade,Earthquake,Protect|||M|||50|,,,,,Ghost
|showteam|p2|Politoed||Leftovers|Drizzle|Protect,WeatherBall,PerishSong,Encore|||F|||50|,,,,,Grass]Archaludon||PowerHerb|Sturdy|Protect,ElectroShot,FlashCannon,DragonPulse|||F|||50|,,,,,Electric]Kingdra||LifeOrb|SwiftSwim|Protect,DracoMeteor,WeatherBall,MuddyWater|||F|||50|,,,,,Stellar]Incineroar||SafetyGoggles|Intimidate|FakeOut,KnockOff,PartingShot,Protect|||F|||50|,,,,,Ghost]Amoonguss||EjectButton|Regenerator|Protect,RagePowder,Spore,PollenPuff|||F|||50|,,,,,Fairy]Gothitelle||SitrusBerry|ShadowTag|Protect,Psychic,FakeOut,TrickRoom|||M|||50|,,,,,Dark
|inactive|Battle timer is ON: inactive players will automatically lose when time's up. (requested by bluntmaster9000)
|inactive|bluntmaster9000 has 60 seconds left.
|inactive|beans14 has 60 seconds left.
|
|t:|1756856634
|teamsize|p1|4
|teamsize|p2|4
|start
|switch|p1a: Jumpluff|Jumpluff, L50, M|100/100
|switch|p1b: Incineroar|Incineroar, L50, F|100/100
|switch|p2a: Kingdra|Kingdra, L50, F|100/100
|switch|p2b: Gothitelle|Gothitelle, L50, M|100/100
|-ability|p1b: Incineroar|Intimidate|boost
|-unboost|p2a: Kingdra|atk|1
|-unboost|p2b: Gothitelle|atk|1
|turn|1
|inactive|bluntmaster9000 has 30 seconds left.
|inactive|beans14 has 30 seconds left.
|inactive|beans14 has 20 seconds left.
|
|t:|1756856678
|move|p2a: Kingdra|Protect|p2a: Kingdra
|-singleturn|p2a: Kingdra|Protect
|move|p1a: Jumpluff|Tailwind|p1a: Jumpluff
|-sidestart|p1: bluntmaster9000|move: Tailwind
|move|p1b: Incineroar|Knock Off|p2a: Kingdra
|-activate|p2a: Kingdra|move: Protect
|move|p2b: Gothitelle|Trick Room|p2b: Gothitelle
|-fieldstart|move: Trick Room|[of] p2b: Gothitelle
|
|upkeep
|turn|2
|inactive|bluntmaster9000 has 30 seconds left.
|
|t:|1756856709
|move|p2b: Gothitelle|Psychic|p1a: Jumpluff
|-damage|p1a: Jumpluff|69/100
|move|p2a: Kingdra|Draco Meteor|p1a: Jumpluff
|-damage|p1a: Jumpluff|0 fnt
|-unboost|p2a: Kingdra|spa|2
|faint|p1a: Jumpluff
|-damage|p2a: Kingdra|91/100|[from] item: Life Orb
|move|p1b: Incineroar|Parting Shot|p2a: Kingdra
|-unboost|p2a: Kingdra|atk|1
|-unboost|p2a: Kingdra|spa|1
|
|t:|1756856722
|switch|p1b: Porygon2|Porygon2, L50|100/100|[from] Parting Shot
|-ability|p1b: Porygon2|Download|boost
|-boost|p1b: Porygon2|atk|1
|
|upkeep
|
|t:|1756856737
|switch|p1a: Incineroar|Incineroar, L50, F|100/100
|-ability|p1a: Incineroar|Intimidate|boost
|-unboost|p2a: Kingdra|atk|1
|-unboost|p2b: Gothitelle|atk|1
|turn|3
|
|t:|1756856762
|switch|p2b: Incineroar|Incineroar, L50, F, shiny|100/100
|-ability|p2b: Incineroar|Intimidate|boost
|-unboost|p1a: Incineroar|atk|1
|-unboost|p1b: Porygon2|atk|1
|switch|p2a: Politoed|Politoed, L50, F, shiny|100/100
|-weather|RainDance|[from] ability: Drizzle|[of] p2a: Politoed
|move|p1a: Incineroar|Fake Out|p2a: Politoed
|-damage|p2a: Politoed|91/100
|move|p1b: Porygon2|Trick Room|p1b: Porygon2
|-fieldend|move: Trick Room
|
|-weather|RainDance|[upkeep]
|-heal|p2a: Politoed|97/100|[from] item: Leftovers
|upkeep
|turn|4
|inactive|bluntmaster9000 has 30 seconds left.
|
|t:|1756856791
|-terastallize|p1b: Porygon2|Fighting
|move|p2b: Incineroar|Fake Out|p1b: Porygon2
|-damage|p1b: Porygon2|93/100
|move|p1a: Incineroar|Knock Off|p2b: Incineroar
|-resisted|p2b: Incineroar
|-damage|p2b: Incineroar|87/100
|-enditem|p2b: Incineroar|Safety Goggles|[from] move: Knock Off|[of] p1a: Incineroar
|cant|p1b: Porygon2|flinch
|move|p2a: Politoed|Encore|p1a: Incineroar
|-start|p1a: Incineroar|Encore
|
|-weather|RainDance|[upkeep]
|-heal|p2a: Politoed|100/100|[from] item: Leftovers
|-sideend|p1: bluntmaster9000|move: Tailwind
|upkeep
|turn|5
|inactive|bluntmaster9000 has 30 seconds left.
|inactive|bluntmaster9000 has 20 seconds left.
|inactive|bluntmaster9000 has 15 seconds left.
|
|t:|1756856833
|switch|p2a: Kingdra|Kingdra, L50, F|91/100
|switch|p2b: Gothitelle|Gothitelle, L50, M|100/100
|move|p1a: Incineroar|Knock Off|p2b: Gothitelle
|-supereffective|p2b: Gothitelle
|-damage|p2b: Gothitelle|50/100
|-enditem|p2b: Gothitelle|Sitrus Berry|[from] move: Knock Off|[of] p1a: Incineroar
|move|p1b: Porygon2|Tera Blast|p2a: Kingdra|[anim] Tera Blast Fighting
|-damage|p2a: Kingdra|40/100
|
|-weather|RainDance|[upkeep]
|upkeep
|turn|6
|inactive|bluntmaster9000 has 30 seconds left.
|inactive|bluntmaster9000 has 20 seconds left.
|inactive|bluntmaster9000 has 15 seconds left.
|inactive|bluntmaster9000 has 10 seconds left.
|
|t:|1756856879
|move|p2b: Gothitelle|Fake Out|p1b: Porygon2
|-damage|p1b: Porygon2|90/100
|move|p2a: Kingdra|Weather Ball|p1a: Incineroar
|-supereffective|p1a: Incineroar
|-damage|p1a: Incineroar|0 fnt
|faint|p1a: Incineroar
|-damage|p2a: Kingdra|30/100|[from] item: Life Orb
|cant|p1b: Porygon2|flinch
|
|-weather|RainDance|[upkeep]
|upkeep
|
|t:|1756856884
|switch|p1a: Ursaluna|Ursaluna, L50, M|100/100
|turn|7
|inactive|beans14 has 30 seconds left.
|inactive|beans14 has 20 seconds left.
|
|t:|1756856921
|-terastallize|p2a: Kingdra|Stellar
|move|p2a: Kingdra|Weather Ball|p1b: Porygon2
|-damage|p1b: Porygon2|17/100
|-damage|p2a: Kingdra|20/100|[from] item: Life Orb
|move|p1a: Ursaluna|Headlong Rush|p2b: Gothitelle
|-damage|p2b: Gothitelle|0 fnt
|-unboost|p1a: Ursaluna|def|1
|-unboost|p1a: Ursaluna|spd|1
|faint|p2b: Gothitelle
|move|p1b: Porygon2|Trick Room|p1b: Porygon2
|-fieldstart|move: Trick Room|[of] p1b: Porygon2
|
|-weather|none
|-status|p1a: Ursaluna|brn|[from] item: Flame Orb
|upkeep
|inactive|beans14 has 30 seconds left.
|inactive|beans14 has 20 seconds left.
|inactive|beans14 has 15 seconds left.
|
|t:|1756856962
|switch|p2b: Politoed|Politoed, L50, F, shiny|100/100
|-weather|RainDance|[from] ability: Drizzle|[of] p2b: Politoed
|turn|8
|
|t:|1756856979
|move|p1b: Porygon2|Tera Blast|p2a: Kingdra|[anim] Tera Blast Fighting
|-damage|p2a: Kingdra|0 fnt
|faint|p2a: Kingdra
|move|p1a: Ursaluna|Facade|p2b: Politoed
|-damage|p2b: Politoed|0 fnt
|faint|p2b: Politoed
|
|-weather|RainDance|[upkeep]
|-damage|p1a: Ursaluna|95/100 brn|[from] brn
|upkeep
|-message|beans14 forfeited.
|
|win|bluntmaster9000
|l|☆beans14
|player|p2|
||bluntmaster9000 is ready for game 3.
||beans14 is ready for game 3.
|uhtml|next|Next: Game 3 of 3
