|j|☆marcusquinn
|j|☆ComradeClownVGC
|html|marcusquinnComradeClownVGC    
|uhtml|bestof|Game 2 of a best-of-3
|t:|1756095217
|gametype|doubles
|player|p1|marcusquinn|hilbert-wonderlauncher|1358
|player|p2|ComradeClownVGC|harlequin|1238
|gen|9
|tier|[Gen 9] VGC 2025 Reg H (Bo3)
|rated|
|rule|Species Clause: Limit one of each Pokémon
|rule|Item Clause: Limit 1 of each item
|clearpoke
|poke|p1|Archaludon, L50, F|
|poke|p1|Porygon2, L50|
|poke|p1|Incineroar, L50, M|
|poke|p1|Ursaluna, L50, M|
|poke|p1|Sneasler, L50, F|
|poke|p1|Dragonite, L50, M|
|poke|p2|Whimsicott, L50, M|
|poke|p2|Charizard, L50, F|
|poke|p2|Garchomp, L50, M|
|poke|p2|Gholdengo, L50|
|poke|p2|Annihilape, L50, F|
|poke|p2|Maushold-Four, L50|
|teampreview|4
|showteam|p1|Archaludon||PowerHerb|Sturdy|Protect,ElectroShot,DracoMeteor,FlashCannon|||F|||50|,,,,,Electric]Porygon2||Eviolite|Download|TeraBlast,IceBeam,Recover,TrickRoom||||||50|,,,,,Fighting]Incineroar||SitrusBerry|Intimidate|FlareBlitz,KnockOff,FakeOut,PartingShot|||M|||50|,,,,,Ghost]Ursaluna||FlameOrb|Guts|HeadlongRush,Facade,Earthquake,Protect|||M|||50|,,,,,Ghost]Sneasler||FocusSash|Unburden|Protect,CloseCombat,DireClaw,ThroatChop|||F|||50|,,,,,Stellar]Dragonite||LoadedDice|Multiscale|ScaleShot,Tailwind,Haze,Protect|||M|||50|,,,,,Steel
|showteam|p2|Whimsicott||FocusSash|Prankster|Moonblast,Tailwind,Encore,SunnyDay|||M|||50|,,,,,Ghost]Charizard||ChoiceSpecs|SolarPower|HeatWave,BlastBurn,WeatherBall,AirSlash|||F|||50|,,,,,Fire]Garchomp||LifeOrb|RoughSkin|Earthquake,StompingTantrum,DragonClaw,Protect|||M|||50|,,,,,Ground]Gholdengo||MetalCoat|GoodasGold|MakeItRain,ShadowBall,NastyPlot,Protect||||||50|,,,,,Steel]Annihilape||SitrusBerry|Defiant|DrainPunch,RageFist,BulkUp,Protect|||F|||50|,,,,,Water]Maushold-Four||WideLens|Technician|PopulationBomb,FollowMe,Taunt,BeatUp||||||50|,,,,,Ghost
|inactive|Battle timer is ON: inactive players will automatically lose when time's up. (requested by marcusquinn)
|inactive|marcusquinn has 60 seconds left.
|
|t:|1756095252
|teamsize|p1|4
|teamsize|p2|4
|start
|switch|p1a: Archaludon|Archaludon, L50, F|100/100
|switch|p1b: Dragonite|Dragonite, L50, M, shiny|100/100
|switch|p2a: Monke|Annihilape, L50, F|100/100
|switch|p2b: Remy|Maushold-Four, L50|100/100
|turn|1
|
|t:|1756095274
|-terastallize|p1b: Dragonite|Steel
|move|p2b: Remy|Population Bomb|p1b: Dragonite
|-resisted|p1b: Dragonite
|-damage|p1b: Dragonite|98/100
|-resisted|p1b: Dragonite
|-damage|p1b: Dragonite|91/100
|-resisted|p1b: Dragonite
|-damage|p1b: Dragonite|85/100
|-resisted|p1b: Dragonite
|-damage|p1b: Dragonite|78/100
|-resisted|p1b: Dragonite
|-damage|p1b: Dragonite|72/100
|-resisted|p1b: Dragonite
|-damage|p1b: Dragonite|67/100
|-resisted|p1b: Dragonite
|-damage|p1b: Dragonite|60/100
|-resisted|p1b: Dragonite
|-damage|p1b: Dragonite|54/100
|-resisted|p1b: Dragonite
|-damage|p1b: Dragonite|48/100
|-resisted|p1b: Dragonite
|-damage|p1b: Dragonite|41/100
|-hitcount|p1b: Dragonite|10
|move|p1a: Archaludon|Electro Shot||[still]
|-prepare|p1a: Archaludon|Electro Shot
|-boost|p1a: Archaludon|spa|1
|-enditem|p1a: Archaludon|Power Herb
|-anim|p1a: Archaludon|Electro Shot|p2a: Monke
|-damage|p2a: Monke|38/100
|-enditem|p2a: Monke|Sitrus Berry|[eat]
|-heal|p2a: Monke|63/100|[from] item: Sitrus Berry
|move|p1b: Dragonite|Scale Shot|p2a: Monke
|-damage|p2a: Monke|49/100
|-damage|p2a: Monke|35/100
|-damage|p2a: Monke|22/100
|-damage|p2a: Monke|7/100
|-hitcount|p2a: Monke|4
|-unboost|p1b: Dragonite|def|1
|-boost|p1b: Dragonite|spe|1
|move|p2a: Monke|Bulk Up|p2a: Monke
|-boost|p2a: Monke|atk|1
|-boost|p2a: Monke|def|1
|
|upkeep
|turn|2
|inactive|marcusquinn has 30 seconds left.
|inactive|ComradeClownVGC has 30 seconds left.
|inactive|marcusquinn has 20 seconds left.
|inactive|ComradeClownVGC has 20 seconds left.
|inactive|marcusquinn has 15 seconds left.
|inactive|marcusquinn has 10 seconds left.
|inactive|marcusquinn has 5 seconds left.
|
|t:|1756095326
|move|p2a: Monke|Protect|p2a: Monke
|-singleturn|p2a: Monke|Protect
|move|p1b: Dragonite|Scale Shot|p2b: Remy
|-damage|p2b: Remy|80/100
|-damage|p2b: Remy|58/100
|-damage|p2b: Remy|37/100
|-damage|p2b: Remy|15/100
|-damage|p2b: Remy|0 fnt
|faint|p2b: Remy
|-hitcount|p2: Remy|5
|-unboost|p1b: Dragonite|def|1
|-boost|p1b: Dragonite|spe|1
|move|p1a: Archaludon|Flash Cannon|p2a: Monke
|-activate|p2a: Monke|move: Protect
|
|upkeep
|
|t:|1756095338
|switch|p2b: Caulipower|Whimsicott, L50, M|100/100
|turn|3
|inactive|marcusquinn has 30 seconds left.
|
|t:|1756095366
|move|p2b: Caulipower|Tailwind|p2b: Caulipower
|-sidestart|p2: ComradeClownVGC|move: Tailwind
|move|p1b: Dragonite|Tailwind|p1b: Dragonite
|-sidestart|p1: marcusquinn|move: Tailwind
|move|p1a: Archaludon|Draco Meteor|p2a: Monke
|-damage|p2a: Monke|0 fnt
|-unboost|p1a: Archaludon|spa|2
|faint|p2a: Monke
|
|upkeep
|
|t:|1756095376
|switch|p2a: Garnibbles|Garchomp, L50, M|100/100
|turn|4
|
|t:|1756095391
|-terastallize|p2a: Garnibbles|Ground
|move|p1b: Dragonite|Scale Shot|p2a: Garnibbles
|-damage|p2a: Garnibbles|87/100
|-damage|p2a: Garnibbles|73/100
|-damage|p2a: Garnibbles|58/100
|-damage|p2a: Garnibbles|43/100
|-damage|p2a: Garnibbles|28/100
|-hitcount|p2a: Garnibbles|5
|-unboost|p1b: Dragonite|def|1
|-boost|p1b: Dragonite|spe|1
|move|p2b: Caulipower|Moonblast|p1a: Archaludon
|-damage|p1a: Archaludon|49/100
|-unboost|p1a: Archaludon|spa|1
|move|p2a: Garnibbles|Earthquake|p1a: Archaludon|[spread] p2b,p1a,p1b
|-resisted|p2b: Caulipower
|-supereffective|p1a: Archaludon
|-supereffective|p1b: Dragonite
|-damage|p2b: Caulipower|53/100
|-damage|p1a: Archaludon|0 fnt
|-damage|p1b: Dragonite|0 fnt
|faint|p1a: Archaludon
|faint|p1b: Dragonite
|-damage|p2a: Garnibbles|19/100|[from] item: Life Orb
|
|upkeep
|
|t:|1756095412
|switch|p1a: Porygon2|Porygon2, L50, shiny|100/100
|switch|p1b: Sneasler|Sneasler, L50, F|100/100
|-ability|p1a: Porygon2|Download|boost
|-boost|p1a: Porygon2|spa|1
|turn|5
|
|t:|1756095421
|move|p1b: Sneasler|Protect|p1b: Sneasler
|-singleturn|p1b: Sneasler|Protect
|move|p2a: Garnibbles|Protect|p2a: Garnibbles
|-singleturn|p2a: Garnibbles|Protect
|move|p2b: Caulipower|Moonblast|p1b: Sneasler
|-activate|p1b: Sneasler|move: Protect
|move|p1a: Porygon2|Ice Beam|p2b: Caulipower
|-supereffective|p2b: Caulipower
|-damage|p2b: Caulipower|0 fnt
|faint|p2b: Caulipower
|
|upkeep
|turn|6
|-message|ComradeClownVGC forfeited.
|raw|marcusquinn's rating: 1358 → 1371(+13 for winning)
|raw|ComradeClownVGC's rating: 1238 → 1221(-17 for losing)
|
|win|marcusquinn
|l|☆ComradeClownVGC
|player|p2|
