|j|☆stoicone
|j|☆brandonpodz
|html|stoiconebrandonpodz    
|uhtml|bestof|Game 2 of a best-of-3
|t:|1785978281
|gametype|doubles
|player|p1|stoicone|169|1115
|player|p2|brandonpodz|169|1000
|gen|9
|tier|[Gen 9 Champions] VGC 2026 Reg M-B (Bo3)
|rated|
|rule|Species Clause: Limit one of each Pokémon
|rule|Item Clause: Limit 1 of each item
|clearpoke
|poke|p1|Farigiraf, L50, M|
|poke|p1|Blastoise, L50, M|
|poke|p1|Vanilluxe, L50, M|
|poke|p1|Snorlax, L50, M|
|poke|p1|Incineroar, L50, M|
|poke|p1|Sinistcha, L50|
|poke|p2|Musharna, L50, F|
|poke|p2|Blaziken, L50, M|
|poke|p2|Venusaur, L50, F|
|poke|p2|Kingambit, L50, M|
|poke|p2|Primarina, L50, M|
|poke|p2|Ditto, L50|
|teampreview|4
|showteam|p1|Farigiraf||ColburBerry|ArmorTail|TwinBeam,HyperVoice,TrickRoom,HelpingHand|Relaxed||M|||50|]Blastoise||Blastoisinite|RainDish|FakeOut,HydroPump,AuraSphere,DarkPulse|Quiet||M|||50|]Vanilluxe||NeverMeltIce|SnowWarning|Blizzard,FreezeDry,IceShard,Protect|Quiet||M|||50|]Snorlax||Leftovers|ThickFat|DoubleEdge,HighHorsepower,Protect,BellyDrum|Relaxed||M|||50|]Incineroar||ChopleBerry|Intimidate|FlareBlitz,PartingShot,DarkestLariat,FakeOut|Brave||M|||50|]Sinistcha||MiracleSeed|Hospitality|MatchaGotcha,TrickRoom,Protect,ShadowBall|Quiet|||||50|
|showteam|p2|Musharna||MentalHerb|Synchronize|Reflect,TrickRoom,HelpingHand,Moonblast|Relaxed||F|||50|]Blaziken||Blazikenite|Blaze|FlareBlitz,CloseCombat,BraveBird,Detect|Adamant||M|||50|]Venusaur||Venusaurite|Chlorophyll|GigaDrain,EarthPower,SludgeBomb,Protect|Quiet||F|||50|]Kingambit||LifeOrb|Defiant|SuckerPunch,KowtowCleave,Protect,IronHead|Adamant||M|||50|]Primarina||SitrusBerry|LiquidVoice|HyperVoice,Protect,Moonblast,DazzlingGleam|Modest||M|||50|]Ditto||ChoiceScarf|Imposter|Transform|Timid|||||50|
|inactive|Battle timer is ON: inactive players will automatically lose when time's up. (requested by stoicone)
|inactive|brandonpodz has 60 seconds left.
|
|t:|1785978335
|teamsize|p1|4
|teamsize|p2|4
|start
|switch|p1a: Farigiraf|Farigiraf, L50, M|100/100
|switch|p1b: Blastoise|Blastoise, L50, M|100/100
|switch|p2a: Knee Surgery|Venusaur, L50, F|100/100
|switch|p2b: John Rod|Kingambit, L50, M|100/100
|turn|1
|
|t:|1785978356
|switch|p2b: Jimothy|Musharna, L50, F|100/100
|detailschange|p1b: Blastoise|Blastoise-Mega, L50, M
|-mega|p1b: Blastoise|Blastoise|Blastoisinite
|move|p2a: Knee Surgery|Giga Drain|p1b: Blastoise
|-supereffective|p1b: Blastoise|1
|-damage|p1b: Blastoise|41/100
|move|p1b: Blastoise|Aura Sphere|p2b: Jimothy
|-resisted|p2b: Jimothy|1
|-damage|p2b: Jimothy|81/100
|move|p1a: Farigiraf|Twin Beam|p2a: Knee Surgery
|-supereffective|p2a: Knee Surgery|1
|-damage|p2a: Knee Surgery|71/100
|-supereffective|p2a: Knee Surgery|1
|-damage|p2a: Knee Surgery|39/100
|-hitcount|p2a: Knee Surgery|2
|
|upkeep
|turn|2
|inactive|brandonpodz has 30 seconds left.
|
|t:|1785978386
|switch|p1b: Snorlax|Snorlax, L50, M|100/100
|move|p2a: Knee Surgery|Giga Drain|p1b: Snorlax
|-damage|p1b: Snorlax|78/100
|-heal|p2a: Knee Surgery|54/100|[from] drain|[of] p1b: Snorlax
|move|p1a: Farigiraf|Trick Room|p1a: Farigiraf
|-fieldstart|move: Trick Room|[of] p1a: Farigiraf
|move|p2b: Jimothy|Trick Room|p2b: Jimothy
|-fieldend|move: Trick Room
|
|-heal|p1b: Snorlax|84/100|[from] item: Leftovers
|upkeep
|turn|3
|inactive|brandonpodz has 30 seconds left.
|inactive|stoicone has 30 seconds left.
|inactive|brandonpodz has 20 seconds left.
|inactive|brandonpodz has 15 seconds left.
|inactive|brandonpodz has 10 seconds left.
|inactive|brandonpodz has 5 seconds left.
|
|t:|1785978440
|detailschange|p2a: Knee Surgery|Venusaur-Mega, L50, F
|-mega|p2a: Knee Surgery|Venusaur|Venusaurite
|move|p2b: Jimothy|Helping Hand|p2a: Knee Surgery
|-singleturn|p2a: Knee Surgery|Helping Hand|[of] p2b: Jimothy
|move|p2a: Knee Surgery|Giga Drain|p1b: Snorlax
|-damage|p1b: Snorlax|47/100
|-heal|p2a: Knee Surgery|80/100|[from] drain|[of] p1b: Snorlax
|move|p1b: Snorlax|Belly Drum||[still]
|-fail|p1b: Snorlax
|move|p1a: Farigiraf|Trick Room|p1a: Farigiraf
|-fieldstart|move: Trick Room|[of] p1a: Farigiraf
|
|-heal|p1b: Snorlax|53/100|[from] item: Leftovers
|upkeep
|turn|4
|inactive|brandonpodz has 30 seconds left.
|inactive|brandonpodz has 20 seconds left.
|inactive|brandonpodz has 15 seconds left.
|inactive|brandonpodz has 10 seconds left.
|
|t:|1785978489
|move|p2a: Knee Surgery|Protect|p2a: Knee Surgery
|-singleturn|p2a: Knee Surgery|Protect
|move|p1b: Snorlax|Double-Edge|p2a: Knee Surgery
|-activate|p2a: Knee Surgery|move: Protect
|move|p1a: Farigiraf|Twin Beam|p2a: Knee Surgery
|-activate|p2a: Knee Surgery|move: Protect
|move|p2b: Jimothy|Trick Room|p2b: Jimothy
|-fieldend|move: Trick Room
|
|-heal|p1b: Snorlax|59/100|[from] item: Leftovers
|upkeep
|turn|5
|
|t:|1785978508
|move|p2a: Knee Surgery|Giga Drain|p1b: Snorlax
|-damage|p1b: Snorlax|33/100
|-heal|p2a: Knee Surgery|99/100|[from] drain|[of] p1b: Snorlax
|move|p1a: Farigiraf|Twin Beam|p2a: Knee Surgery
|-supereffective|p2a: Knee Surgery|1
|-damage|p2a: Knee Surgery|75/100
|-supereffective|p2a: Knee Surgery|1
|-damage|p2a: Knee Surgery|49/100
|-hitcount|p2a: Knee Surgery|2
|move|p1b: Snorlax|Double-Edge|p2a: Knee Surgery
|-damage|p2a: Knee Surgery|7/100
|-damage|p1b: Snorlax|23/100|[from] Recoil
|move|p2b: Jimothy|Reflect|p2b: Jimothy
|-sidestart|p2: brandonpodz|Reflect
|
|-heal|p1b: Snorlax|29/100|[from] item: Leftovers
|upkeep
|turn|6
|inactive|stoicone has 30 seconds left.
|inactive|brandonpodz has 30 seconds left.
|
|t:|1785978535
|move|p2b: Jimothy|Helping Hand|p2a: Knee Surgery
|-singleturn|p2a: Knee Surgery|Helping Hand|[of] p2b: Jimothy
|move|p1b: Snorlax|Protect|p1b: Snorlax
|-singleturn|p1b: Snorlax|Protect
|move|p2a: Knee Surgery|Giga Drain|p1b: Snorlax
|-activate|p1b: Snorlax|move: Protect
|move|p1a: Farigiraf|Twin Beam|p2a: Knee Surgery
|-supereffective|p2a: Knee Surgery|1
|-crit|p2a: Knee Surgery
|-damage|p2a: Knee Surgery|0 fnt
|faint|p2a: Knee Surgery
|-hitcount|p2: Knee Surgery|1
|
|-heal|p1b: Snorlax|35/100|[from] item: Leftovers
|upkeep
|
|t:|1785978557
|switch|p2a: Homelander|Primarina, L50, M|100/100
|turn|7
|
|t:|1785978576
|move|p2a: Homelander|Moonblast|p1b: Snorlax
|-damage|p1b: Snorlax|4/100
|move|p1a: Farigiraf|Hyper Voice|p2a: Homelander|[spread] p2a,p2b
|-damage|p2a: Homelander|77/100
|-damage|p2b: Jimothy|59/100
|move|p1b: Snorlax|Double-Edge|p2a: Homelander
|-damage|p2a: Homelander|35/100
|-enditem|p2a: Homelander|Sitrus Berry|[eat]
|-heal|p2a: Homelander|60/100|[from] item: Sitrus Berry
|-damage|p1b: Snorlax|0 fnt|[from] Recoil
|faint|p1b: Snorlax
|move|p2b: Jimothy|Trick Room|p2b: Jimothy
|-fieldstart|move: Trick Room|[of] p2b: Jimothy
|
|upkeep
|
|t:|1785978595
|switch|p1b: Blastoise|Blastoise-Mega, L50, M|41/100
|turn|8
|inactive|brandonpodz has 30 seconds left.
|
|t:|1785978626
|move|p2a: Homelander|Protect|p2a: Homelander
|-singleturn|p2a: Homelander|Protect
|move|p2b: Jimothy|Moonblast|p1b: Blastoise
|-damage|p1b: Blastoise|21/100
|move|p1a: Farigiraf|Hyper Voice|p2b: Jimothy|[spread] p2b
|-activate|p2a: Homelander|move: Protect
|-damage|p2b: Jimothy|40/100
|move|p1b: Blastoise|Dark Pulse|p2b: Jimothy
|-supereffective|p2b: Jimothy|1
|-damage|p2b: Jimothy|0 fnt
|faint|p2b: Jimothy
|
|upkeep
|
|t:|1785978638
|switch|p2b: John Rod|Kingambit, L50, M|100/100
|turn|9
|inactive|stoicone has 30 seconds left.
|
|t:|1785978664
|move|p2b: John Rod|Kowtow Cleave|p1a: Farigiraf
|-supereffective|p1a: Farigiraf|1
|-enditem|p1a: Farigiraf|Colbur Berry|[eat]
|-enditem|p1a: Farigiraf|Colbur Berry|[weaken]
|-damage|p1a: Farigiraf|46/100
|-damage|p2b: John Rod|90/100|[from] item: Life Orb
|move|p1a: Farigiraf|Twin Beam|p2a: Homelander
|-damage|p2a: Homelander|47/100
|-damage|p2a: Homelander|34/100
|-hitcount|p2a: Homelander|2
|move|p2a: Homelander|Dazzling Gleam|p1a: Farigiraf|[spread] p1a,p1b
|-damage|p1a: Farigiraf|18/100
|-damage|p1b: Blastoise|0 fnt
|faint|p1b: Blastoise
|
|-sideend|p2: brandonpodz|Reflect
|upkeep
|
|t:|1785978679
|switch|p1b: Vanilluxe|Vanilluxe, L50, M|100/100
|-weather|Snowscape|[from] ability: Snow Warning|[of] p1b: Vanilluxe
|turn|10
|
|t:|1785978702
|move|p2b: John Rod|Iron Head|p1b: Vanilluxe
|-supereffective|p1b: Vanilluxe|1
|-crit|p1b: Vanilluxe
|-damage|p1b: Vanilluxe|0 fnt
|faint|p1b: Vanilluxe
|-damage|p2b: John Rod|80/100|[from] item: Life Orb
|move|p1a: Farigiraf|Twin Beam|p2a: Homelander
|-damage|p2a: Homelander|20/100y
|-damage|p2a: Homelander|7/100
|-hitcount|p2a: Homelander|2
|move|p2a: Homelander|Hyper Voice|p1a: Farigiraf
|-damage|p1a: Farigiraf|0 fnt
|faint|p1a: Farigiraf
|
|win|brandonpodz
||stoicone is ready for game 3.
|inactive|brandonpodz has 30 seconds to confirm battle start!
|l|☆stoicone
|player|p1|
||brandonpodz is ready for game 3.
|uhtml|next|Next: Game 3 of 3
|l|☆brandonpodz
|player|p2|
|j|☆brandonpodz
|player|p2|brandonpodz|169|
