|j|☆engoleseco
|j|☆sandy ghost 5
|html|engolesecosandy ghost 5    
|uhtml|bestof|Game 2 of a best-of-3
|t:|1756914581
|gametype|doubles
|player|p1|engoleseco|1|1136
|player|p2|sandy ghost 5|baker|1238
|gen|9
|tier|[Gen 9] VGC 2025 Reg H (Bo3)
|rated|
|rule|Species Clause: Limit one of each Pokémon
|rule|Item Clause: Limit 1 of each item
|clearpoke
|poke|p1|Armarouge, L50, F|
|poke|p1|Ursaluna, L50, F|
|poke|p1|Indeedee-F, L50, F|
|poke|p1|Torkoal, L50, F|
|poke|p1|Gallade, L50, M|
|poke|p1|Exeggutor, L50, F|
|poke|p2|Tyranitar, L50, F|
|poke|p2|Excadrill, L50, M|
|poke|p2|Sinistcha-Masterpiece, L50|
|poke|p2|Salamence, L50, F|
|poke|p2|Blaziken, L50, F|
|poke|p2|Bruxish, L50, F|
|teampreview|4
|showteam|p1|Armarouge||PsychicSeed|FlashFire|EnergyBall,TrickRoom,ExpandingForce,HeatWave|||F|||50|,,,,,Grass]Ursaluna||FlameOrb|Guts|Facade,Protect,HeadlongRush,Earthquake|||F|||50|,,,,,Ghost]Indeedee-F||RockyHelmet|PsychicSurge|FollowMe,TrickRoom,Psychic,HelpingHand|||F|||50|,,,,,Grass]Torkoal||Charcoal|Drought|Eruption,WeatherBall,EarthPower,HeatWave|||F|||50|,,,,,Fire]Gallade||ClearAmulet|Sharpness|SacredSword,WideGuard,PsychoCut,TrickRoom|||M|||50|,,,,,Grass]Exeggutor||FocusSash|Chlorophyll|SleepPowder,ExpandingForce,GigaDrain,Protect|||F|||50|,,,,,Psychic
|showteam|p2|Tyranitar||ClearAmulet|SandStream|RockSlide,KnockOff,DragonDance,Protect|||F|||50|,,,,,Grass]Excadrill||AssaultVest|SandRush|Earthquake,IronHead,HighHorsepower,RockSlide|||M|||50|,,,,,Ghost]Sinistcha-Masterpiece||SitrusBerry|Hospitality|ShadowBall,MatchaGotcha,RagePowder,Protect||||||50|,,,,,Dark]Salamence||LifeOrb|Intimidate|DracoMeteor,AirSlash,Protect,Tailwind|||F|||50|,,,,,Ghost]Blaziken||CovertCloak|SpeedBoost|AuraSphere,HeatWave,Coaching,WillOWisp|||F|||50|,,,,,Dragon]Bruxish||ChoiceScarf|Dazzling|PsychicFangs,FlipTurn,WaveCrash,SuperFang|||F|||50|,,,,,Water
|inactive|Battle timer is ON: inactive players will automatically lose when time's up. (requested by engoleseco)
|
|t:|1756914600
|teamsize|p1|4
|teamsize|p2|4
|start
|switch|p1a: Indeedee|Indeedee-F, L50, F|100/100
|switch|p1b: Armarouge|Armarouge, L50, F|100/100
|switch|p2a: Tyranitar|Tyranitar, L50, F|100/100
|switch|p2b: Excadrill|Excadrill, L50, M|100/100
|-weather|Sandstorm|[from] ability: Sand Stream|[of] p2a: Tyranitar
|-fieldstart|move: Psychic Terrain|[from] ability: Psychic Surge|[of] p1a: Indeedee
|-enditem|p1b: Armarouge|Psychic Seed
|-boost|p1b: Armarouge|spd|1|[from] item: Psychic Seed
|turn|1
|
|t:|1756914622
|-terastallize|p1b: Armarouge|Grass
|move|p1a: Indeedee|Follow Me|p1a: Indeedee
|-singleturn|p1a: Indeedee|move: Follow Me
|move|p2b: Excadrill|Rock Slide|p1b: Armarouge|[spread] p1a,p1b
|-damage|p1a: Indeedee|77/100
|-damage|p1b: Armarouge|80/100
|move|p2a: Tyranitar|Rock Slide|p1b: Armarouge|[spread] p1a,p1b
|-damage|p1a: Indeedee|43/100
|-damage|p1b: Armarouge|49/100
|move|p1b: Armarouge|Trick Room|p1b: Armarouge
|-fieldstart|move: Trick Room|[of] p1b: Armarouge
|
|-weather|Sandstorm|[upkeep]
|-damage|p1b: Armarouge|43/100|[from] Sandstorm
|-damage|p1a: Indeedee|37/100|[from] Sandstorm
|upkeep
|turn|2
|
|t:|1756914645
|switch|p2b: Salamence|Salamence, L50, F|100/100
|-ability|p2b: Salamence|Intimidate|boost
|-unboost|p1a: Indeedee|atk|1
|-unboost|p1b: Armarouge|atk|1
|move|p1a: Indeedee|Helping Hand|p1b: Armarouge
|-singleturn|p1b: Armarouge|Helping Hand|[of] p1a: Indeedee
|move|p1b: Armarouge|Heat Wave|p2a: Tyranitar|[spread] p2a,p2b
|-resisted|p2a: Tyranitar
|-resisted|p2b: Salamence
|-damage|p2a: Tyranitar|82/100
|-damage|p2b: Salamence|65/100
|move|p2a: Tyranitar|Rock Slide|p1b: Armarouge|[spread] p1a,p1b
|-damage|p1a: Indeedee|2/100
|-damage|p1b: Armarouge|10/100
|
|-weather|Sandstorm|[upkeep]
|-damage|p1b: Armarouge|4/100|[from] Sandstorm
|-damage|p1a: Indeedee|0 fnt|[from] Sandstorm
|-damage|p2b: Salamence|60/100|[from] Sandstorm
|faint|p1a: Indeedee
|upkeep
|
|t:|1756914658
|switch|p1a: Torkoal|Torkoal, L50, F|100/100
|-weather|SunnyDay|[from] ability: Drought|[of] p1a: Torkoal
|turn|3
|
|t:|1756914678
|switch|p2a: Excadrill|Excadrill, L50, M|100/100
|move|p2b: Salamence|Protect|p2b: Salamence
|-singleturn|p2b: Salamence|Protect
|move|p1a: Torkoal|Eruption|p2a: Excadrill|[spread] p2a
|-activate|p2b: Salamence|move: Protect
|-supereffective|p2a: Excadrill
|-damage|p2a: Excadrill|0 fnt
|faint|p2a: Excadrill
|move|p1b: Armarouge|Energy Ball|p2b: Salamence
|-activate|p2b: Salamence|move: Protect
|
|-weather|SunnyDay|[upkeep]
|upkeep
|
|t:|1756914683
|switch|p2a: Tyranitar|Tyranitar, L50, F|82/100
|-weather|Sandstorm|[from] ability: Sand Stream|[of] p2a: Tyranitar
|turn|4
|inactive|engoleseco has 30 seconds left.
|inactive|engoleseco has 20 seconds left.
|
|t:|1756914719
|switch|p2b: Puppet|Sinistcha-Masterpiece, L50|100/100
|-heal|p2a: Tyranitar|100/100|[from] ability: Hospitality|[of] p2b: Puppet
|move|p1a: Torkoal|Eruption|p2a: Tyranitar|[spread] p2a,p2b
|-resisted|p2a: Tyranitar
|-supereffective|p2b: Puppet
|-damage|p2a: Tyranitar|83/100
|-damage|p2b: Puppet|0 fnt
|faint|p2b: Puppet
|move|p1b: Armarouge|Energy Ball|p2a: Tyranitar
|-supereffective|p2a: Tyranitar
|-damage|p2a: Tyranitar|18/100
|move|p2a: Tyranitar|Knock Off|p1a: Torkoal
|-damage|p1a: Torkoal|56/100
|-enditem|p1a: Torkoal|Charcoal|[from] move: Knock Off|[of] p2a: Tyranitar
|
|-weather|Sandstorm|[upkeep]
|-damage|p1a: Torkoal|50/100|[from] Sandstorm
|-damage|p1b: Armarouge|0 fnt|[from] Sandstorm
|faint|p1b: Armarouge
|upkeep
|
|t:|1756914735
|switch|p1b: Ursaluna|Ursaluna, L50, F|100/100
|switch|p2b: Salamence|Salamence, L50, F|60/100
|-ability|p2b: Salamence|Intimidate|boost
|-unboost|p1a: Torkoal|atk|1
|-unboost|p1b: Ursaluna|atk|1
|turn|5
|
|t:|1756914745
|move|p2a: Tyranitar|Protect|p2a: Tyranitar
|-singleturn|p2a: Tyranitar|Protect
|move|p2b: Salamence|Protect|p2b: Salamence
|-singleturn|p2b: Salamence|Protect
|move|p1a: Torkoal|Weather Ball|p2b: Salamence
|-activate|p2b: Salamence|move: Protect
|move|p1b: Ursaluna|Facade|p2b: Salamence
|-activate|p2b: Salamence|move: Protect
|
|-weather|Sandstorm|[upkeep]
|-damage|p1a: Torkoal|44/100|[from] Sandstorm
|-damage|p2b: Salamence|54/100|[from] Sandstorm
|-fieldend|move: Trick Room
|-fieldend|move: Psychic Terrain
|-status|p1b: Ursaluna|brn|[from] item: Flame Orb
|upkeep
|turn|6
|
|t:|1756914762
|-terastallize|p2b: Salamence|Ghost
|move|p2b: Salamence|Draco Meteor|p1b: Ursaluna
|-damage|p1b: Ursaluna|30/100 brn
|-unboost|p2b: Salamence|spa|2
|-damage|p2b: Salamence|44/100|[from] item: Life Orb
|move|p2a: Tyranitar|Rock Slide|p1a: Torkoal|[spread] p1a,p1b
|-supereffective|p1a: Torkoal
|-resisted|p1b: Ursaluna
|-damage|p1a: Torkoal|0 fnt
|-damage|p1b: Ursaluna|19/100 brn
|faint|p1a: Torkoal
|cant|p1b: Ursaluna|flinch
|
|-weather|Sandstorm|[upkeep]
|-damage|p2b: Salamence|38/100|[from] Sandstorm
|-damage|p1b: Ursaluna|13/100 brn|[from] brn
|upkeep
|turn|7
|c|☆sandy ghost 5|gg
|
|t:|1756914773
|move|p2b: Salamence|Air Slash|p1b: Ursaluna
|-damage|p1b: Ursaluna|0 fnt
|faint|p1b: Ursaluna
|-damage|p2b: Salamence|28/100|[from] item: Life Orb
|
|win|sandy ghost 5
|raw|engoleseco's rating: 1136 → 1118(-18 for losing)
|raw|sandy ghost 5's rating: 1238 → 1256(+18 for winning)
|l|☆engoleseco
|player|p1|
