|j|☆blisswy
|j|☆Pokken2Plz
|html|blisswyPokken2Plz    
|uhtml|bestof|Game 3 of a best-of-3
|t:|1783201808
|gametype|doubles
|player|p1|blisswy|lady-gen4|
|player|p2|Pokken2Plz|101|
|gen|9
|tier|[Gen 9 Champions] VGC 2026 Reg M-B (Bo3)
|rule|Species Clause: Limit one of each Pokémon
|rule|Item Clause: Limit 1 of each item
|clearpoke
|poke|p1|Gholdengo, L50, shiny|
|poke|p1|Lopunny, L50, F, shiny|
|poke|p1|Garchomp, L50, M|
|poke|p1|Charizard, L50, M|
|poke|p1|Farigiraf, L50, M|
|poke|p1|Sylveon, L50, M|
|poke|p2|Sinistcha, L50|
|poke|p2|Incineroar, L50, M|
|poke|p2|Milotic, L50, M|
|poke|p2|Raichu, L50, F|
|poke|p2|Floette-Eternal, L50, F|
|poke|p2|Ceruledge, L50, F|
|teampreview|4
|showteam|p1|Gholdengo||MetalCoat|GoodasGold|MakeItRain,ShadowBall,Protect,NastyPlot|Modest|||||50|]Lopunny||Lopunnite|CuteCharm|FakeOut,CloseCombat,IcePunch,Protect|Jolly||F|||50|]Garchomp||LifeOrb|RoughSkin|RockSlide,Earthquake,Protect,DragonClaw|Adamant||M|||50|]Charizard||CharizarditeY|Blaze|HeatWave,WeatherBall,SolarBeam,Protect|Modest||M|||50|]Farigiraf||SitrusBerry|ArmorTail|HelpingHand,TrickRoom,Psychic,Thunderbolt|Relaxed||M|||50|]Sylveon||FairyFeather|Pixilate|HyperVoice,Detect,HyperBeam,Yawn|Quiet||M|||50|
|showteam|p2|Sinistcha||KasibBerry|Hospitality|MatchaGotcha,LifeDew,RagePowder,Protect|Relaxed|||||50|]Incineroar||SitrusBerry|Intimidate|FlareBlitz,ThroatChop,FakeOut,PartingShot|Impish||M|||50|]Milotic||Leftovers|Competitive|MuddyWater,Coil,Hypnosis,Protect|Calm||M|||50|]Raichu||RaichuniteY|LightningRod|ZapCannon,FocusBlast,FakeOut,Protect|Timid||F|||50|]Floette-Eternal||Floettite|FlowerVeil|DazzlingGleam,DrainingKiss,CalmMind,Protect|Timid||F|||50|]Ceruledge||ColburBerry|FlashFire|BitterBlade,ShadowSneak,BulkUp,Protect|Adamant||F|||50|
|j| Lepotatochip
|j| Autin Mago
|j| manyarmskeephead
|j| blizz.vg
|
|t:|1783201866
|teamsize|p1|4
|teamsize|p2|4
|start
|switch|p1a: Gholdengo|Gholdengo, L50, shiny|100/100
|switch|p1b: Sylveon|Sylveon, L50, M|100/100
|switch|p2a: Floette|Floette-Eternal, L50, F|100/100
|switch|p2b: Incineroar|Incineroar, L50, M|100/100
|-ability|p2b: Incineroar|Intimidate|boost
|-unboost|p1a: Gholdengo|atk|1
|-unboost|p1b: Sylveon|atk|1
|turn|1
|
|t:|1783201892
|move|p2a: Floette|Protect|p2a: Floette
|-singleturn|p2a: Floette|Protect
|move|p1a: Gholdengo|Protect|p1a: Gholdengo
|-singleturn|p1a: Gholdengo|Protect
|move|p2b: Incineroar|Parting Shot|p1b: Sylveon
|-unboost|p1b: Sylveon|atk|1
|-unboost|p1b: Sylveon|spa|1
|
|t:|1783201899
|switch|p2b: Ceruledge|Ceruledge, L50, F|100/100|[from] Parting Shot
|move|p1b: Sylveon|Hyper Beam|p2a: Floette
|-activate|p2a: Floette|move: Protect
|
|upkeep
|turn|2
|
|t:|1783201959
|switch|p2a: Incineroar|Incineroar, L50, M|100/100
|-ability|p2a: Incineroar|Intimidate|boost
|-unboost|p1a: Gholdengo|atk|1
|-unboost|p1b: Sylveon|atk|1
|move|p1a: Gholdengo|Make It Rain|p2b: Ceruledge|[spread] p2a,p2b
|-resisted|p2a: Incineroar|1
|-resisted|p2b: Ceruledge|1
|-damage|p2a: Incineroar|74/100
|-damage|p2b: Ceruledge|74/100
|-unboost|p1a: Gholdengo|spa|2
|move|p2b: Ceruledge|Bitter Blade|p1a: Gholdengo
|-supereffective|p1a: Gholdengo|1
|-damage|p1a: Gholdengo|12/100
|-heal|p2b: Ceruledge|100/100|[from] drain|[of] p1a: Gholdengo
|move|p1b: Sylveon|Hyper Beam|p2a: Incineroar
|-damage|p2a: Incineroar|13/100
|-mustrecharge|p1b: Sylveon
|-enditem|p2a: Incineroar|Sitrus Berry|[eat]
|-heal|p2a: Incineroar|38/100|[from] item: Sitrus Berry
|
|upkeep
|turn|3
|
|t:|1783201980
|switch|p1a: Garchomp|Garchomp, L50, M|100/100
|move|p2b: Ceruledge|Bulk Up|p2b: Ceruledge
|-boost|p2b: Ceruledge|atk|1
|-boost|p2b: Ceruledge|def|1
|move|p2a: Incineroar|Parting Shot|p1b: Sylveon
|-unboost|p1b: Sylveon|atk|1
|-unboost|p1b: Sylveon|spa|1
|
|t:|1783201988
|switch|p2a: Floette|Floette-Eternal, L50, F|100/100|[from] Parting Shot
|cant|p1b: Sylveon|recharge
|
|upkeep
|turn|4
|j| shrimplyasapphic
|
|t:|1783202005
|detailschange|p2a: Floette|Floette-Mega, L50, F
|-mega|p2a: Floette|Floette|Floettite
|-ability|p2a: Floette|Fairy Aura
|move|p1a: Garchomp|Protect|p1a: Garchomp
|-singleturn|p1a: Garchomp|Protect
|move|p2a: Floette|Dazzling Gleam|p1a: Garchomp|[spread] p1b
|-activate|p1a: Garchomp|move: Protect
|-damage|p1b: Sylveon|69/100
|move|p2b: Ceruledge|Bitter Blade|p1b: Sylveon
|-damage|p1b: Sylveon|0 fnt
|faint|p1b: Sylveon
|
|upkeep
|
|t:|1783202016
|switch|p1b: Lopunny|Lopunny, L50, F, shiny|100/100
|turn|5
|l| shrimplyasapphic
|j| shrimplyasapphic
|
|t:|1783202048
|detailschange|p1b: Lopunny|Lopunny-Mega, L50, F, shiny
|-mega|p1b: Lopunny|Lopunny|Lopunnite
|move|p1b: Lopunny|Fake Out|p2a: Floette
|-damage|p2a: Floette|78/100
|cant|p2a: Floette|flinch
|move|p1a: Garchomp|Rock Slide|p2b: Ceruledge|[spread] p2a,p2b
|-supereffective|p2b: Ceruledge|1
|-damage|p2a: Floette|51/100
|-damage|p2b: Ceruledge|58/100
|-damage|p1a: Garchomp|90/100|[from] item: Life Orb
|cant|p2b: Ceruledge|flinch
|
|upkeep
|turn|6
|
|t:|1783202129
|switch|p2a: Incineroar|Incineroar, L50, M|38/100
|-ability|p2a: Incineroar|Intimidate|boost
|-unboost|p1a: Garchomp|atk|1
|-fail|p1b: Lopunny|unboost|Attack|[from] ability: Scrappy|[of] p1b: Lopunny
|move|p2b: Ceruledge|Protect|p2b: Ceruledge
|-singleturn|p2b: Ceruledge|Protect
|move|p1b: Lopunny|Ice Punch|p2a: Incineroar
|-resisted|p2a: Incineroar|1
|-damage|p2a: Incineroar|28/100
|-status|p2a: Incineroar|frz
|move|p1a: Garchomp|Rock Slide|p2a: Incineroar|[spread] p2a
|-activate|p2b: Ceruledge|move: Protect
|-supereffective|p2a: Incineroar|1
|-damage|p2a: Incineroar|2/100 frz
|-damage|p1a: Garchomp|80/100|[from] item: Life Orb
|
|upkeep
|turn|7
|c|☆blisswy|I am
|c|☆blisswy|so sorry
|
|t:|1783202148
|switch|p2a: Sinistcha|Sinistcha, L50|100/100
|-heal|p2b: Ceruledge|83/100|[from] ability: Hospitality|[of] p2a: Sinistcha
|move|p1b: Lopunny|Protect|p1b: Lopunny
|-singleturn|p1b: Lopunny|Protect
|move|p1a: Garchomp|Earthquake|p2a: Sinistcha|[spread] p2a,p2b
|-activate|p1b: Lopunny|move: Protect
|-resisted|p2a: Sinistcha|1
|-supereffective|p2b: Ceruledge|1
|-damage|p2a: Sinistcha|84/100
|-damage|p2b: Ceruledge|30/100
|-damage|p1a: Garchomp|71/100|[from] item: Life Orb
|move|p2b: Ceruledge|Bitter Blade|p1b: Lopunny
|-activate|p1b: Lopunny|move: Protect
|
|upkeep
|turn|8
|j| MaomaoCatCat
|
|t:|1783202163
|switch|p2a: Incineroar|Incineroar, L50, M|2/100 frz
|-ability|p2a: Incineroar|Intimidate|boost
|-unboost|p1a: Garchomp|atk|1
|-fail|p1b: Lopunny|unboost|Attack|[from] ability: Scrappy|[of] p1b: Lopunny
|move|p2b: Ceruledge|Protect|p2b: Ceruledge
|-singleturn|p2b: Ceruledge|Protect
|move|p1b: Lopunny|Ice Punch|p2a: Incineroar
|-resisted|p2a: Incineroar|1
|-damage|p2a: Incineroar|0 fnt
|faint|p2a: Incineroar
|move|p1a: Garchomp|Rock Slide|p2b: Ceruledge
|-activate|p2b: Ceruledge|move: Protect
|
|upkeep
|
|t:|1783202176
|switch|p2a: Sinistcha|Sinistcha, L50|84/100
|-heal|p2b: Ceruledge|55/100|[from] ability: Hospitality|[of] p2a: Sinistcha
|turn|9
|
|t:|1783202182
|move|p1b: Lopunny|Ice Punch|p2a: Sinistcha
|-supereffective|p2a: Sinistcha|1
|-damage|p2a: Sinistcha|38/100
|-status|p2a: Sinistcha|frz
|move|p1a: Garchomp|Rock Slide|p2a: Sinistcha|[spread] p2a,p2b
|-supereffective|p2b: Ceruledge|1
|-crit|p2b: Ceruledge
|-damage|p2a: Sinistcha|26/100 frz
|-damage|p2b: Ceruledge|0 fnt
|faint|p2b: Ceruledge
|-damage|p1a: Garchomp|61/100|[from] item: Life Orb
|cant|p2a: Sinistcha|flinch
|
|upkeep
|c|☆blisswy|OH MY GOD
|c|☆blisswy|I AM SO SORRY
|
|t:|1783202196
|switch|p2b: Floette|Floette-Mega, L50, F|51/100
|-ability|p2b: Floette|Fairy Aura
|turn|10
|
|t:|1783202234
|move|p1b: Lopunny|Ice Punch|p2b: Floette
|-damage|p2b: Floette|21/100
|move|p2b: Floette|Dazzling Gleam|p1b: Lopunny|[spread] p1a,p1b
|-supereffective|p1a: Garchomp|1
|-supereffective|p1b: Lopunny|1
|-damage|p1a: Garchomp|0 fnt
|-damage|p1b: Lopunny|0 fnt
|faint|p1a: Garchomp
|faint|p1b: Lopunny
|-curestatus|p2a: Sinistcha|frz|[from] move: Matcha Gotcha
|move|p2a: Sinistcha|Matcha Gotcha|p1: Garchomp|[notarget]
|-fail|p2a: Sinistcha
|
|upkeep
|
|t:|1783202239
|switch|p1b: Gholdengo|Gholdengo, L50, shiny|12/100
|turn|11
|
|t:|1783202255
|move|p2a: Sinistcha|Rage Powder|p2a: Sinistcha
|-singleturn|p2a: Sinistcha|move: Rage Powder
|move|p2b: Floette|Dazzling Gleam|p1b: Gholdengo
|-resisted|p1b: Gholdengo|1
|-damage|p1b: Gholdengo|0 fnt
|faint|p1b: Gholdengo
|
|win|Pokken2Plz
|c|☆blisswy|ggs
|c|☆Pokken2Plz|ggs
|l| Lepotatochip
|l| blizz.vg
|l| Autin Mago
|l|☆blisswy
|player|p1|
|l| MaomaoCatCat
|l| shrimplyasapphic
|l| manyarmskeephead
