|j|☆PTP_VGC
|j|‽Slackermaru
|html|PTP_VGCSlackermaru    
|uhtml|bestof|Game 2 of a best-of-3
|t:|1754521832
|gametype|doubles
|player|p1|PTP_VGC|170|1284
|player|p2|Slackermaru|workerice|1368
|gen|9
|tier|[Gen 9] VGC 2025 Reg H (Bo3)
|rated|
|rule|Species Clause: Limit one of each Pokémon
|rule|Item Clause: Limit 1 of each item
|clearpoke
|poke|p1|Arcanine-Hisui, L50, M|
|poke|p1|Weezing, L50, F|
|poke|p1|Porygon2, L50|
|poke|p1|Weavile, L50, F|
|poke|p1|Pawmot, L50, M|
|poke|p1|Toedscruel, L50, F|
|poke|p2|Porygon2, L50|
|poke|p2|Hydreigon, L50, F|
|poke|p2|Incineroar, L50, M|
|poke|p2|Garchomp, L50, M|
|poke|p2|Amoonguss, L50, F|
|poke|p2|Gholdengo, L50|
|teampreview|4
|showteam|p1|Arcanine-Hisui||AbilityShield|Intimidate|FlareBlitz,RockSlide,ExtremeSpeed,Protect|||M|||50|,,,,,Ghost]Weezing||SitrusBerry|NeutralizingGas|SludgeBomb,WillOWisp,Taunt,Protect|||F|||50|,,,,,Grass]Porygon2||Eviolite|Download|TeraBlast,IceBeam,Recover,TrickRoom||||||50|,,,,,Water]Weavile||WideLens|Pressure|KnockOff,TripleAxel,FakeOut,Protect|||F|||50|,,,,,Stellar]Pawmot||FocusSash|NaturalCure|DoubleShock,CloseCombat,RevivalBlessing,Protect|||M|||50|,,,,,Stellar]Toedscruel||LifeOrb|MyceliumMight|EarthPower,EnergyBall,Spore,RagePowder|||F|||50|,,,,,Water
|showteam|p2|Porygon2||Eviolite|Download|TeraBlast,IceBeam,TrickRoom,Recover||||||50|,,,,,Fighting]Hydreigon||SafetyGoggles|Levitate|Snarl,DracoMeteor,Tailwind,Protect|||F|||50|,,,,,Ghost]Incineroar||SitrusBerry|Intimidate|FlareBlitz,KnockOff,PartingShot,FakeOut|||M|||50|,,,,,Grass]Garchomp||LoadedDice|RoughSkin|ScaleShot,Earthquake,StompingTantrum,Protect|||M|||50|,,,,,Fire]Amoonguss||CovertCloak|Regenerator|PollenPuff,Spore,RagePowder,Protect|||F|||50|,,,,,Fire]Gholdengo||MetalCoat|GoodasGold|MakeItRain,ShadowBall,NastyPlot,Protect||||||50|,,,,,Flying
|inactive|Battle timer is ON: inactive players will automatically lose when time's up. (requested by PTP_VGC)
|
|t:|1754521851
|teamsize|p1|4
|teamsize|p2|4
|start
|switch|p1a: Speedwalker|Weavile, L50, F|100/100
|switch|p1b: Funky Duck|Porygon2, L50|100/100
|switch|p2a: Incineroar|Incineroar, L50, M, shiny|100/100
|switch|p2b: Hydreigon|Hydreigon, L50, F, shiny|100/100
|-ability|p1a: Speedwalker|Pressure
|-ability|p2a: Incineroar|Intimidate|boost
|-unboost|p1a: Speedwalker|atk|1
|-unboost|p1b: Funky Duck|atk|1
|-ability|p1b: Funky Duck|Download|boost
|-boost|p1b: Funky Duck|atk|1
|turn|1
|inactive|PTP_VGC has 30 seconds left.
|inactive|PTP_VGC has 20 seconds left.
|
|t:|1754521888
|-terastallize|p2b: Hydreigon|Ghost
|move|p1a: Speedwalker|Fake Out|p2a: Incineroar
|-damage|p2a: Incineroar|91/100
|move|p2b: Hydreigon|Draco Meteor|p1a: Speedwalker
|-damage|p1a: Speedwalker|5/100
|-unboost|p2b: Hydreigon|spa|2
|cant|p2a: Incineroar|flinch
|move|p1b: Funky Duck|Ice Beam|p2b: Hydreigon
|-damage|p2b: Hydreigon|72/100
|
|upkeep
|turn|2
|inactive|PTP_VGC has 30 seconds left.
|
|t:|1754521922
|switch|p1b: Back Pocket|Pawmot, L50, M|100/100
|move|p2b: Hydreigon|Protect|p2b: Hydreigon
|-singleturn|p2b: Hydreigon|Protect
|move|p1a: Speedwalker|Knock Off|p2b: Hydreigon
|-activate|p2b: Hydreigon|move: Protect
|move|p2a: Incineroar|Knock Off|p1b: Back Pocket
|-resisted|p1b: Back Pocket
|-damage|p1b: Back Pocket|64/100
|-enditem|p1b: Back Pocket|Focus Sash|[from] move: Knock Off|[of] p2a: Incineroar
|
|upkeep
|turn|3
|
|t:|1754521943
|switch|p2b: Garchomp|Garchomp, L50, M, shiny|100/100
|switch|p2a: Gholdengo|Gholdengo, L50|100/100
|move|p1a: Speedwalker|Knock Off|p2b: Garchomp
|-damage|p2b: Garchomp|69/100
|-damage|p1a: Speedwalker|0 fnt|[from] ability: Rough Skin|[of] p2b: Garchomp
|faint|p1a: Speedwalker
|move|p1b: Back Pocket|Close Combat|p2a: Gholdengo
|-immune|p2a: Gholdengo
|
|upkeep
|
|t:|1754521948
|switch|p1a: gbombsz|Toedscruel, L50, F|100/100
|turn|4
|inactive|Slackermaru has 30 seconds left.
|inactive|Slackermaru has 20 seconds left.
|
|t:|1754521986
|switch|p2a: Hydreigon|Hydreigon, L50, F, shiny, tera:Ghost|72/100
|move|p1b: Back Pocket|Revival Blessing|p1b: Back Pocket
|
|t:|1754521990
|-heal|p1: Speedwalker|50/100|[from] move: Revival Blessing
|move|p2b: Garchomp|Earthquake|p1b: Back Pocket|[spread] p1a,p1b
|-immune|p2a: Hydreigon|[from] ability: Levitate
|-resisted|p1a: gbombsz
|-supereffective|p1b: Back Pocket
|-damage|p1a: gbombsz|65/100
|-damage|p1b: Back Pocket|0 fnt
|faint|p1b: Back Pocket
|move|p1a: gbombsz|Spore|p2b: Garchomp
|-status|p2b: Garchomp|slp|[from] move: Spore
|
|upkeep
|
|t:|1754521998
|switch|p1b: Speedwalker|Weavile, L50, F|50/100
|-ability|p1b: Speedwalker|Pressure
|turn|5
|
|t:|1754522011
|move|p2a: Hydreigon|Protect|p2a: Hydreigon
|-singleturn|p2a: Hydreigon|Protect
|move|p1b: Speedwalker|Knock Off|p2a: Hydreigon
|-activate|p2a: Hydreigon|move: Protect
|cant|p2b: Garchomp|slp
|move|p1a: gbombsz|Earth Power|p2b: Garchomp
|-damage|p2b: Garchomp|12/100 slp
|-damage|p1a: gbombsz|55/100|[from] item: Life Orb
|
|upkeep
|turn|6
|
|t:|1754522031
|switch|p2a: Incineroar|Incineroar, L50, M, shiny|91/100
|-ability|p2a: Incineroar|Intimidate|boost
|-unboost|p1a: gbombsz|atk|1
|-unboost|p1b: Speedwalker|atk|1
|move|p1b: Speedwalker|Knock Off|p2a: Incineroar
|-resisted|p2a: Incineroar
|-damage|p2a: Incineroar|75/100
|-enditem|p2a: Incineroar|Sitrus Berry|[from] move: Knock Off|[of] p1b: Speedwalker
|-curestatus|p2b: Garchomp|slp|[msg]
|move|p2b: Garchomp|Scale Shot|p1a: gbombsz
|-damage|p1a: gbombsz|34/100
|-damage|p1a: gbombsz|10/100
|-damage|p1a: gbombsz|0 fnt
|faint|p1a: gbombsz
|-hitcount|p1: gbombsz|3
|-unboost|p2b: Garchomp|def|1
|-boost|p2b: Garchomp|spe|1
|
|upkeep
|
|t:|1754522034
|switch|p1a: Funky Duck|Porygon2, L50|100/100
|-ability|p1a: Funky Duck|Download|boost
|-boost|p1a: Funky Duck|atk|1
|turn|7
|
|t:|1754522054
|move|p1b: Speedwalker|Protect|p1b: Speedwalker
|-singleturn|p1b: Speedwalker|Protect
|move|p2a: Incineroar|Fake Out|p1a: Funky Duck
|-damage|p1a: Funky Duck|93/100
|move|p2b: Garchomp|Stomping Tantrum|p1b: Speedwalker
|-activate|p1b: Speedwalker|move: Protect
|cant|p1a: Funky Duck|flinch
|
|upkeep
|turn|8
|
|t:|1754522076
|move|p1b: Speedwalker|Protect||[still]
|-fail|p1b: Speedwalker
|move|p2b: Garchomp|Stomping Tantrum|p1b: Speedwalker
|-damage|p1b: Speedwalker|0 fnt
|faint|p1b: Speedwalker
|move|p2a: Incineroar|Flare Blitz|p1a: Funky Duck
|-damage|p1a: Funky Duck|62/100
|-damage|p2a: Incineroar|65/100|[from] Recoil
|move|p1a: Funky Duck|Trick Room|p1a: Funky Duck
|-fieldstart|move: Trick Room|[of] p1a: Funky Duck
|
|upkeep
|turn|9
|
|t:|1754522089
|switch|p2b: Gholdengo|Gholdengo, L50|100/100
|-terastallize|p1a: Funky Duck|Water
|move|p1a: Funky Duck|Tera Blast|p2a: Incineroar|[anim] Tera Blast Water
|-supereffective|p2a: Incineroar
|-damage|p2a: Incineroar|0 fnt
|faint|p2a: Incineroar
|
|upkeep
|
|t:|1754522099
|switch|p2a: Hydreigon|Hydreigon, L50, F, shiny, tera:Ghost|72/100
|turn|10
|-message|PTP_VGC forfeited.
|
|win|Slackermaru
|raw|PTP_VGC's rating: 1284 → 1265(-19 for losing)
|raw|Slackermaru's rating: 1368 → 1383(+15 for winning)
|l|☆PTP_VGC
|player|p1|
