|j|☆ValiantSpecters
|j|☆Refanner
|html|ValiantSpectersRefanner    
|uhtml|bestof|Game 1 of a best-of-3
|t:|1782741806
|gametype|doubles
|player|p1|ValiantSpecters|ghetsis-gen5bw|1085
|player|p2|Refanner|102|1125
|gen|9
|tier|[Gen 9 Champions] VGC 2026 Reg M-B (Bo3)
|rated|
|rule|Species Clause: Limit one of each Pokémon
|rule|Item Clause: Limit 1 of each item
|clearpoke
|poke|p1|Farigiraf, L50, F|
|poke|p1|Camerupt, L50, M|
|poke|p1|Gallade, L50, M|
|poke|p1|Torkoal, L50, F|
|poke|p1|Decidueye-Hisui, L50, F|
|poke|p1|Glimmora, L50, M|
|poke|p2|Staraptor, L50, M|
|poke|p2|Raichu, L50, M|
|poke|p2|Sinistcha-Masterpiece, L50|
|poke|p2|Incineroar, L50, M|
|poke|p2|Metagross, L50|
|poke|p2|Hydreigon, L50, M|
|teampreview|4
|showteam|p1|Farigiraf||ColburBerry|ArmorTail|TwinBeam,TrickRoom,HelpingHand,Protect|Quiet||F|||50|]Camerupt||Cameruptite|SolidRock|EarthPower,HeatWave,Eruption,Protect|Modest||M|||50|]Gallade||FocusSash|Sharpness|SacredSword,PsychoCut,Feint,LeafBlade|Brave||M|||50|]Torkoal||HeatRock|Drought|Eruption,BodyPress,Overheat,Protect|Modest||F|||50|]Decidueye-Hisui||LifeOrb|Scrappy|DualWingbeat,KnockOff,TripleArrows,LeafBlade|Brave||F|||50|]Glimmora||ChoiceScarf|ToxicDebris|EarthPower,SludgeBomb,PowerGem,FlashCannon|Modest||M|||50|
|showteam|p2|Staraptor||Staraptite|Intimidate|CloseCombat,BraveBird,Roost,Protect|Adamant||M|||50|]Raichu||RaichuniteX|LightningRod|VoltTackle,VoltSwitch,PlayRough,FakeOut|Hasty||M|||50|]Sinistcha-Masterpiece||KasibBerry|Hospitality|MatchaGotcha,RagePowder,TrickRoom,Protect|Bold|||||50|]Incineroar||SitrusBerry|Intimidate|FlareBlitz,FakeOut,DarkestLariat,PartingShot|Adamant||M|||50|]Metagross||MetalCoat|ClearBody|IronHead,PsychicFangs,StompingTantrum,Protect|Adamant|||||50|]Hydreigon||ChoiceScarf|Levitate|DarkPulse,Snarl,DracoMeteor,EarthPower|Timid||M|||50|
|inactive|Battle timer is ON: inactive players will automatically lose when time's up. (requested by ValiantSpecters)
|inactive|ValiantSpecters has 60 seconds left.
|inactive|Refanner has 60 seconds left.
|
|t:|1782741849
|teamsize|p1|4
|teamsize|p2|4
|start
|switch|p1a: Farigiraf|Farigiraf, L50, F|100/100
|switch|p1b: Torkoal|Torkoal, L50, F|100/100
|switch|p2a: Hydreigon|Hydreigon, L50, M|100/100
|switch|p2b: Incineroar|Incineroar, L50, M|100/100
|-ability|p2b: Incineroar|Intimidate|boost
|-unboost|p1a: Farigiraf|atk|1
|-unboost|p1b: Torkoal|atk|1
|-weather|SunnyDay|[from] ability: Drought|[of] p1b: Torkoal
|turn|1
|inactive|ValiantSpecters has 30 seconds left.
|inactive|Refanner has 30 seconds left.
|
|t:|1782741884
|move|p2a: Hydreigon|Snarl|p1a: Farigiraf|[spread] p1a,p1b
|-supereffective|p1a: Farigiraf|1
|-enditem|p1a: Farigiraf|Colbur Berry|[eat]
|-enditem|p1a: Farigiraf|Colbur Berry|[weaken]
|-damage|p1a: Farigiraf|82/100
|-damage|p1b: Torkoal|72/100
|-unboost|p1a: Farigiraf|spa|1
|-unboost|p1b: Torkoal|spa|1
|move|p2b: Incineroar|Darkest Lariat|p1a: Farigiraf
|-supereffective|p1a: Farigiraf|1
|-damage|p1a: Farigiraf|12/100
|move|p1b: Torkoal|Body Press|p2a: Hydreigon
|-supereffective|p2a: Hydreigon|1
|-damage|p2a: Hydreigon|44/100
|move|p1a: Farigiraf|Trick Room|p1a: Farigiraf
|-fieldstart|move: Trick Room|[of] p1a: Farigiraf
|
|-weather|SunnyDay|[upkeep]
|upkeep
|turn|2
|inactive|Refanner has 30 seconds left.
|
|t:|1782741909
|switch|p2a: Metagross|Metagross, L50|100/100
|move|p1a: Farigiraf|Helping Hand|p1b: Torkoal
|-singleturn|p1b: Torkoal|Helping Hand|[of] p1a: Farigiraf
|move|p1b: Torkoal|Body Press|p2b: Incineroar
|-supereffective|p2b: Incineroar|1
|-damage|p2b: Incineroar|24/100
|-enditem|p2b: Incineroar|Sitrus Berry|[eat]
|-heal|p2b: Incineroar|49/100|[from] item: Sitrus Berry
|move|p2b: Incineroar|Parting Shot|p1b: Torkoal
|-unboost|p1b: Torkoal|atk|1
|-unboost|p1b: Torkoal|spa|1
|
|t:|1782741921
|switch|p2b: Staraptor|Staraptor, L50, M|100/100|[from] Parting Shot
|-ability|p2b: Staraptor|Intimidate|boost
|-unboost|p1a: Farigiraf|atk|1
|-unboost|p1b: Torkoal|atk|1
|
|-weather|SunnyDay|[upkeep]
|upkeep
|turn|3
|inactive|Refanner has 30 seconds left.
|
|t:|1782741948
|detailschange|p2b: Staraptor|Staraptor-Mega, L50, M
|-mega|p2b: Staraptor|Staraptor|Staraptite
|move|p2a: Metagross|Protect|p2a: Metagross
|-singleturn|p2a: Metagross|Protect
|move|p2b: Staraptor|Protect|p2b: Staraptor
|-singleturn|p2b: Staraptor|Protect
|move|p1b: Torkoal|Overheat|p2a: Metagross
|-activate|p2a: Metagross|move: Protect
|move|p1a: Farigiraf|Twin Beam|p2b: Staraptor
|-activate|p2b: Staraptor|move: Protect
|
|-weather|SunnyDay|[upkeep]
|upkeep
|turn|4
|inactive|Refanner has 30 seconds left.
|
|t:|1782741974
|switch|p2a: Hydreigon|Hydreigon, L50, M|44/100
|move|p1b: Torkoal|Overheat|p2a: Hydreigon
|-resisted|p2a: Hydreigon|1
|-damage|p2a: Hydreigon|20/100y
|-unboost|p1b: Torkoal|spa|2
|move|p1a: Farigiraf|Twin Beam|p2b: Staraptor
|-supereffective|p2b: Staraptor|1
|-damage|p2b: Staraptor|76/100
|-supereffective|p2b: Staraptor|1
|-damage|p2b: Staraptor|53/100
|-hitcount|p2b: Staraptor|2
|move|p2b: Staraptor|Close Combat|p1b: Torkoal
|-damage|p1b: Torkoal|25/100
|-boost|p2b: Staraptor|def|1
|-boost|p2b: Staraptor|spd|1
|
|-weather|SunnyDay|[upkeep]
|upkeep
|turn|5
|inactive|Refanner has 30 seconds left.
|
|t:|1782742001
|move|p1a: Farigiraf|Helping Hand|p1b: Torkoal
|-singleturn|p1b: Torkoal|Helping Hand|[of] p1a: Farigiraf
|move|p1b: Torkoal|Body Press|p2a: Hydreigon
|-supereffective|p2a: Hydreigon|1
|-damage|p2a: Hydreigon|0 fnt
|faint|p2a: Hydreigon
|move|p2b: Staraptor|Roost|p2b: Staraptor
|-heal|p2b: Staraptor|100/100
|-singleturn|p2b: Staraptor|move: Roost
|
|-weather|SunnyDay|[upkeep]
|-fieldend|move: Trick Room
|upkeep
|
|t:|1782742011
|switch|p2a: Metagross|Metagross, L50|100/100
|turn|6
|
|t:|1782742033
|move|p1a: Farigiraf|Protect|p1a: Farigiraf
|-singleturn|p1a: Farigiraf|Protect
|move|p2b: Staraptor|Close Combat|p1b: Torkoal
|-damage|p1b: Torkoal|0 fnt
|-boost|p2b: Staraptor|def|1
|-boost|p2b: Staraptor|spd|1
|faint|p1b: Torkoal
|move|p2a: Metagross|Iron Head|p1a: Farigiraf
|-activate|p1a: Farigiraf|move: Protect
|
|-weather|SunnyDay|[upkeep]
|upkeep
|
|t:|1782742044
|switch|p1b: Camerupt|Camerupt, L50, M|100/100
|turn|7
|
|t:|1782742059
|detailschange|p1b: Camerupt|Camerupt-Mega, L50, M
|-mega|p1b: Camerupt|Camerupt|Cameruptite
|move|p2b: Staraptor|Close Combat|p1a: Farigiraf
|-damage|p1a: Farigiraf|0 fnt
|-boost|p2b: Staraptor|def|1
|-boost|p2b: Staraptor|spd|1
|faint|p1a: Farigiraf
|move|p2a: Metagross|Stomping Tantrum|p1b: Camerupt
|-supereffective|p1b: Camerupt|1
|-damage|p1b: Camerupt|42/100
|move|p1b: Camerupt|Heat Wave|p2b: Staraptor|[spread] p2a,p2b
|-supereffective|p2a: Metagross|1
|-damage|p2a: Metagross|0 fnt
|-damage|p2b: Staraptor|64/100
|faint|p2a: Metagross
|
|-weather|SunnyDay|[upkeep]
|upkeep
|
|t:|1782742072
|switch|p2a: Incineroar|Incineroar, L50, M|49/100
|switch|p1a: Gallade|Gallade, L50, M|100/100
|-ability|p2a: Incineroar|Intimidate|boost
|-unboost|p1a: Gallade|atk|1
|-unboost|p1b: Camerupt|atk|1
|turn|8
|inactive|Refanner has 30 seconds left.
|inactive|Refanner has 20 seconds left.
|inactive|Refanner has 15 seconds left.
|
|t:|1782742115
|move|p2a: Incineroar|Fake Out|p1a: Gallade
|-damage|p1a: Gallade|81/100
|move|p2b: Staraptor|Brave Bird|p1a: Gallade
|-supereffective|p1a: Gallade|1
|-damage|p1a: Gallade|0 fnt
|faint|p1a: Gallade
|-damage|p2b: Staraptor|40/100|[from] Recoil
|move|p1b: Camerupt|Earth Power|p2a: Incineroar
|-supereffective|p2a: Incineroar|1
|-damage|p2a: Incineroar|0 fnt
|faint|p2a: Incineroar
|
|-weather|none
|upkeep
|turn|9
|
|t:|1782742129
|move|p2b: Staraptor|Roost|p2b: Staraptor
|-heal|p2b: Staraptor|90/100
|-singleturn|p2b: Staraptor|move: Roost
|move|p1b: Camerupt|Heat Wave|p2b: Staraptor
|-damage|p2b: Staraptor|56/100
|
|upkeep
|turn|10
|
|t:|1782742137
|move|p2b: Staraptor|Close Combat|p1b: Camerupt
|-damage|p1b: Camerupt|0 fnt
|-boost|p2b: Staraptor|def|1
|-boost|p2b: Staraptor|spd|1
|faint|p1b: Camerupt
|
|win|Refanner
||ValiantSpecters is ready for game 2.
||Refanner is ready for game 2.
|uhtml|next|Next: Game 2 of 3
