|j|☆sille rovert
|j|☆MrPhoenixGC
|html|sille rovertMrPhoenixGC    
|uhtml|bestof|Game 1 of a best-of-3
|t:|1756521233
|gametype|doubles
|player|p1|sille rovert|trevor|1134
|player|p2|MrPhoenixGC|steven|1119
|gen|9
|tier|[Gen 9] VGC 2025 Reg H (Bo3)
|rated|
|rule|Species Clause: Limit one of each Pokémon
|rule|Item Clause: Limit 1 of each item
|clearpoke
|poke|p1|Smeargle, L50, M|
|poke|p1|Gholdengo, L50|
|poke|p1|Hydreigon, L50, F|
|poke|p1|Rillaboom, L50, M|
|poke|p1|Porygon2, L50|
|poke|p1|Sneasler, L50, M|
|poke|p2|Gholdengo, L50|
|poke|p2|Pelipper, L50, M|
|poke|p2|Archaludon, L50, F|
|poke|p2|Ursaluna, L50, F|
|poke|p2|Dragonite, L50, F|
|poke|p2|Sinistcha, L50|
|teampreview|4
|showteam|p1|Smeargle||FocusSash|Moody|Spore,SpikyShield,Ruination,FollowMe|||M|||50|,,,,,Ghost]Gholdengo||Leftovers|GoodasGold|MakeItRain,ShadowBall,NastyPlot,Protect||||||50|,,,,,Water]Hydreigon||LifeOrb|Levitate|HeatWave,DarkPulse,Protect,DracoMeteor|||F|||50|,,,,,Fire]Rillaboom||AssaultVest|GrassySurge|WoodHammer,GrassyGlide,FakeOut,HighHorsepower|||M|||50|,,,,,Fire]Porygon2||Eviolite|Download|IceBeam,TeraBlast,Recover,TrickRoom||||||50|,,,,,Ground]Sneasler||GrassySeed|Unburden|FakeOut,CloseCombat,DireClaw,Protect|||M|||50|,,,,,Stellar
|showteam|p2|Gholdengo||ChoiceScarf|GoodasGold|MakeItRain,ShadowBall,Trick,Protect||||||50|,,,,,Steel]Pelipper||FocusSash|Drizzle|Protect,MuddyWater,Hurricane,WideGuard|||M|||50|,,,,,Ghost]Archaludon||AssaultVest|Stamina|BodyPress,Snarl,ElectroShot,FlashCannon|||F|||50|,,,,,Bug]Ursaluna||FlameOrb|Guts|Protect,Facade,Earthquake,HeadlongRush|||F|||50|,,,,,Ghost]Dragonite||LoadedDice|Multiscale|ScaleShot,Haze,Tailwind,Protect|||F|||50|,,,,,Fairy]Sinistcha||SitrusBerry|Hospitality|TrickRoom,MatchaGotcha,LifeDew,RagePowder||||||50|,,,,,Dark
|
|t:|1756521262
|teamsize|p1|4
|teamsize|p2|4
|start
|switch|p1a: Rillaboom|Rillaboom, L50, M|100/100
|switch|p1b: Porygon2|Porygon2, L50|100/100
|switch|p2a: Gholdengo|Gholdengo, L50|100/100
|switch|p2b: Dragonite|Dragonite, L50, F|100/100
|-fieldstart|move: Grassy Terrain|[from] ability: Grassy Surge|[of] p1a: Rillaboom
|-ability|p1b: Porygon2|Download|boost
|-boost|p1b: Porygon2|atk|1
|turn|1
|
|t:|1756521337
|move|p2b: Dragonite|Protect|p2b: Dragonite
|-singleturn|p2b: Dragonite|Protect
|move|p2a: Gholdengo|Trick|p1b: Porygon2
|-activate|p2a: Gholdengo|move: Trick|[of] p1b: Porygon2
|-item|p1b: Porygon2|Choice Scarf|[from] move: Trick
|-item|p2a: Gholdengo|Eviolite|[from] move: Trick
|move|p1a: Rillaboom|High Horsepower|p2a: Gholdengo
|-supereffective|p2a: Gholdengo
|-damage|p2a: Gholdengo|26/100
|move|p1b: Porygon2|Ice Beam|p2b: Dragonite
|-activate|p2b: Dragonite|move: Protect
|
|-heal|p2a: Gholdengo|32/100|[from] Grassy Terrain
|upkeep
|turn|2
|
|t:|1756521357
|move|p2a: Gholdengo|Trick|p1a: Rillaboom
|-activate|p2a: Gholdengo|move: Trick|[of] p1a: Rillaboom
|-item|p1a: Rillaboom|Eviolite|[from] move: Trick
|-item|p2a: Gholdengo|Assault Vest|[from] move: Trick
|move|p2b: Dragonite|Scale Shot|p1b: Porygon2
|-crit|p1b: Porygon2
|-damage|p1b: Porygon2|83/100
|-damage|p1b: Porygon2|70/100
|-damage|p1b: Porygon2|56/100
|-damage|p1b: Porygon2|43/100
|-hitcount|p1b: Porygon2|4
|-unboost|p2b: Dragonite|def|1
|-boost|p2b: Dragonite|spe|1
|move|p1a: Rillaboom|High Horsepower|p2a: Gholdengo
|-supereffective|p2a: Gholdengo
|-damage|p2a: Gholdengo|0 fnt
|faint|p2a: Gholdengo
|move|p1b: Porygon2|Ice Beam|p2b: Dragonite
|-supereffective|p2b: Dragonite
|-damage|p2b: Dragonite|50/100
|-status|p2b: Dragonite|frz
|
|-heal|p1b: Porygon2|49/100|[from] Grassy Terrain
|upkeep
|
|t:|1756521380
|switch|p2a: Ursaluna|Ursaluna, L50, F|100/100
|turn|3
|
|t:|1756521413
|switch|p1b: Hydreigon|Hydreigon, L50, F|100/100
|move|p2a: Ursaluna|Protect|p2a: Ursaluna
|-singleturn|p2a: Ursaluna|Protect
|cant|p2b: Dragonite|frz
|move|p1a: Rillaboom|Wood Hammer|p2a: Ursaluna
|-activate|p2a: Ursaluna|move: Protect
|
|-status|p2a: Ursaluna|brn|[from] item: Flame Orb
|upkeep
|turn|4
|
|t:|1756521430
|cant|p2b: Dragonite|frz
|move|p1b: Hydreigon|Dark Pulse|p2a: Ursaluna
|-damage|p2a: Ursaluna|42/100 brn
|-damage|p1b: Hydreigon|91/100|[from] item: Life Orb
|move|p1a: Rillaboom|Wood Hammer|p2a: Ursaluna
|-supereffective|p2a: Ursaluna
|-damage|p2a: Ursaluna|0 fnt
|faint|p2a: Ursaluna
|-damage|p1a: Rillaboom|87/100|[from] Recoil
|
|-heal|p1a: Rillaboom|93/100|[from] Grassy Terrain
|upkeep
|
|t:|1756521443
|switch|p2a: Sinistcha|Sinistcha, L50|100/100
|-heal|p2b: Dragonite|75/100 frz|[from] ability: Hospitality|[of] p2a: Sinistcha
|turn|5
|
|t:|1756521464
|switch|p1a: Gholdengo|Gholdengo, L50|100/100
|-terastallize|p1b: Hydreigon|Fire
|cant|p2b: Dragonite|frz
|move|p1b: Hydreigon|Heat Wave|p2a: Sinistcha|[spread] p2a,p2b
|-supereffective|p2a: Sinistcha
|-resisted|p2b: Dragonite
|-damage|p2a: Sinistcha|4/100
|-damage|p2b: Dragonite|47/100 frz
|-curestatus|p2b: Dragonite|frz|[msg]
|-enditem|p2a: Sinistcha|Sitrus Berry|[eat]
|-heal|p2a: Sinistcha|29/100|[from] item: Sitrus Berry
|-damage|p1b: Hydreigon|81/100|[from] item: Life Orb
|move|p2a: Sinistcha|Matcha Gotcha|p1a: Gholdengo|[spread] p1a,p1b
|-resisted|p1a: Gholdengo
|-resisted|p1b: Hydreigon
|-damage|p1a: Gholdengo|85/100
|-heal|p2a: Sinistcha|37/100|[from] drain|[of] p1a: Gholdengo
|-damage|p1b: Hydreigon|63/100
|-heal|p2a: Sinistcha|46/100|[from] drain|[of] p1b: Hydreigon
|
|-heal|p1a: Gholdengo|92/100|[from] Grassy Terrain
|-heal|p1a: Gholdengo|98/100|[from] item: Leftovers
|-heal|p2a: Sinistcha|52/100|[from] Grassy Terrain
|-fieldend|move: Grassy Terrain
|upkeep
|turn|6
|
|t:|1756521496
|move|p2b: Dragonite|Scale Shot|p1a: Gholdengo
|-resisted|p1a: Gholdengo
|-damage|p1a: Gholdengo|92/100
|-resisted|p1a: Gholdengo
|-damage|p1a: Gholdengo|84/100
|-resisted|p1a: Gholdengo
|-damage|p1a: Gholdengo|76/100
|-resisted|p1a: Gholdengo
|-damage|p1a: Gholdengo|70/100
|-hitcount|p1a: Gholdengo|4
|-unboost|p2b: Dragonite|def|1
|-boost|p2b: Dragonite|spe|1
|move|p1b: Hydreigon|Heat Wave|p2b: Dragonite|[spread] p2a,p2b
|-supereffective|p2a: Sinistcha
|-resisted|p2b: Dragonite
|-damage|p2a: Sinistcha|0 fnt
|-damage|p2b: Dragonite|22/100
|faint|p2a: Sinistcha
|-damage|p1b: Hydreigon|53/100|[from] item: Life Orb
|move|p1a: Gholdengo|Make It Rain|p2b: Dragonite
|-damage|p2b: Dragonite|0 fnt
|-unboost|p1a: Gholdengo|spa|1
|faint|p2b: Dragonite
|
|win|sille rovert
|inactive|sille rovert has 30 seconds to confirm battle start!
|inactive|MrPhoenixGC has 30 seconds to confirm battle start!
|inactive|sille rovert has 20 seconds to confirm battle start!
|inactive|MrPhoenixGC has 20 seconds to confirm battle start!
