|j|☆nagc_17
|j|☆gio0314
|html|nagc_17gio0314    
|uhtml|bestof|Game 2 of a best-of-3
|t:|1785255619
|gametype|doubles
|player|p1|nagc_17|scientist|
|player|p2|gio0314|2|
|gen|9
|tier|[Gen 9 Champions] VGC 2026 Reg M-B (Bo3)
|rule|Species Clause: Limit one of each Pokémon
|rule|Item Clause: Limit 1 of each item
|clearpoke
|poke|p1|Charizard, L50, M|
|poke|p1|Garchomp, L50, F|
|poke|p1|Sneasler, L50, M|
|poke|p1|Venusaur, L50, M|
|poke|p1|Milotic, L50, F|
|poke|p1|Ampharos, L50, M|
|poke|p2|Lucario, L50, F|
|poke|p2|Sableye, L50, M|
|poke|p2|Lycanroc-Dusk, L50, M|
|poke|p2|Luxray, L50, M|
|poke|p2|Hydreigon, L50, F|
|poke|p2|Talonflame, L50, F|
|teampreview|4
|showteam|p1|Charizard||CharizarditeY|Blaze|HeatWave,SolarBeam,Protect,ScorchingSands|Timid||M|||50|]Garchomp||SitrusBerry|RoughSkin|Earthquake,DragonClaw,Protect,RockSlide|Adamant||F|||50|]Sneasler||WhiteHerb|Unburden|CloseCombat,DireClaw,FakeOut,Protect|Adamant||M|||50|]Venusaur||FocusSash|Chlorophyll|SleepPowder,SludgeBomb,Protect,GigaDrain|Timid||M|||50|]Milotic||Leftovers|MarvelScale|IcyWind,Recover,Scald,Protect|Bold||F|||50|]Ampharos||Ampharosite|Static|DragonPulse,ParabolicCharge,Protect,LightScreen|Modest||M|||50|
|showteam|p2|Lucario||Lucarionite|InnerFocus|CloseCombat,MeteorMash,Protect,Crunch|Jolly||F|||50|]Sableye||SitrusBerry|Prankster|Reflect,KnockOff,Encore,LightScreen|Careful||M|||50|]Lycanroc-Dusk||LifeOrb|ToughClaws|RockSlide,Accelerock,CloseCombat,Protect|Jolly||M|||50|]Luxray||ShucaBerry|Intimidate|Superpower,HelpingHand,Protect,WildCharge|Adamant||M|||50|]Hydreigon||FocusSash|Levitate|EarthPower,DracoMeteor,DarkPulse,Protect|Modest||F|||50|]Talonflame|||GaleWings|Acrobatics,Tailwind,FlareBlitz,Uturn|Jolly||F|||50|
|
|t:|1785255661
|teamsize|p1|4
|teamsize|p2|4
|start
|switch|p1a: Milotic|Milotic, L50, F|100/100
|switch|p1b: Sneasler|Sneasler, L50, M|100/100
|switch|p2a: Boyer|Sableye, L50, M|100/100
|switch|p2b: Negreiron|Hydreigon, L50, F|100/100
|turn|1
|
|t:|1785255685
|move|p2b: Negreiron|Protect|p2b: Negreiron
|-singleturn|p2b: Negreiron|Protect
|move|p1b: Sneasler|Fake Out|p2b: Negreiron
|-activate|p2b: Negreiron|move: Protect
|move|p2a: Boyer|Reflect|p2a: Boyer
|-sidestart|p2: gio0314|Reflect
|move|p1a: Milotic|Icy Wind|p2b: Negreiron|[spread] p2a
|-activate|p2b: Negreiron|move: Protect
|-damage|p2a: Boyer|88/100
|-unboost|p2a: Boyer|spe|1
|
|upkeep
|turn|2
|
|t:|1785255718
|move|p2a: Boyer|Encore|p1b: Sneasler
|-start|p1b: Sneasler|Encore
|move|p1b: Sneasler|Fake Out||[still]
|-hint|Fake Out only works on your first turn out.
|-fail|p1b: Sneasler
|move|p2b: Negreiron|Dark Pulse|p1a: Milotic
|-damage|p1a: Milotic|72/100
|move|p1a: Milotic|Icy Wind|p2a: Boyer|[spread] p2a,p2b
|-supereffective|p2b: Negreiron|1
|-damage|p2a: Boyer|77/100
|-damage|p2b: Negreiron|78/100
|-unboost|p2a: Boyer|spe|1
|-unboost|p2b: Negreiron|spe|1
|
|-heal|p1a: Milotic|78/100|[from] item: Leftovers
|upkeep
|turn|3
|
|t:|1785255765
|switch|p1b: Venusaur|Venusaur, L50, M|100/100
|move|p1a: Milotic|Icy Wind|p2b: Negreiron|[spread] p2a,p2b
|-supereffective|p2b: Negreiron|1
|-damage|p2a: Boyer|66/100
|-damage|p2b: Negreiron|58/100
|-unboost|p2a: Boyer|spe|1
|-unboost|p2b: Negreiron|spe|1
|move|p2b: Negreiron|Draco Meteor|p1a: Milotic
|-damage|p1a: Milotic|29/100
|-unboost|p2b: Negreiron|spa|2
|move|p2a: Boyer|Knock Off|p1a: Milotic
|-damage|p1a: Milotic|8/100
|-enditem|p1a: Milotic|Leftovers|[from] move: Knock Off|[of] p2a: Boyer
|
|upkeep
|turn|4
|
|t:|1785255792
|switch|p2b: Lucyfah|Luxray, L50, M|100/100
|-ability|p2b: Lucyfah|Intimidate|boost
|-unboost|p1a: Milotic|atk|1
|-unboost|p1b: Venusaur|atk|1
|move|p2a: Boyer|Light Screen|p2a: Boyer
|-sidestart|p2: gio0314|move: Light Screen
|move|p1b: Venusaur|Giga Drain|p2b: Lucyfah
|-damage|p2b: Lucyfah|75/100
|move|p1a: Milotic|Recover|p1a: Milotic
|-heal|p1a: Milotic|58/100
|
|upkeep
|turn|5
|
|t:|1785255836
|move|p1a: Milotic|Protect|p1a: Milotic
|-singleturn|p1a: Milotic|Protect
|move|p2a: Boyer|Encore|p1a: Milotic
|-activate|p1a: Milotic|move: Protect
|move|p1b: Venusaur|Sludge Bomb|p2b: Lucyfah
|-damage|p2b: Lucyfah|47/100
|move|p2b: Lucyfah|Wild Charge|p1a: Milotic
|-activate|p1a: Milotic|move: Protect
|
|-sideend|p2: gio0314|Reflect
|upkeep
|turn|6
|j| Galen6ixGod
|inactive|Battle timer is ON: inactive players will automatically lose when time's up. (requested by gio0314)
|
|t:|1785255891
|move|p2a: Boyer|Encore|p1a: Milotic
|-start|p1a: Milotic|Encore
|move|p1a: Milotic|Protect||[still]
|-fail|p1a: Milotic
|move|p1b: Venusaur|Sludge Bomb|p2b: Lucyfah
|-damage|p2b: Lucyfah|18/100
|-status|p2b: Lucyfah|psn
|move|p2b: Lucyfah|Wild Charge|p1b: Venusaur
|-resisted|p1b: Venusaur|1
|-damage|p1b: Venusaur|67/100
|-damage|p2b: Lucyfah|11/100 psn|[from] Recoil
|
|-damage|p2b: Lucyfah|0 fnt|[from] psn
|faint|p2b: Lucyfah
|upkeep
|
|t:|1785255904
|switch|p2b: Carlota|Talonflame, L50, F|100/100
|turn|7
|inactive|nagc_17 has 30 seconds left.
|
|t:|1785255934
|switch|p1a: Charizard|Charizard, L50, M|100/100
|switch|p2a: Negreiron|Hydreigon, L50, F|58/100
|move|p2b: Carlota|Acrobatics|p1b: Venusaur
|-supereffective|p1b: Venusaur|1
|-damage|p1b: Venusaur|0 fnt
|faint|p1b: Venusaur
|
|upkeep
|
|t:|1785255948
|switch|p1b: Sneasler|Sneasler, L50, M|100/100
|turn|8
|inactive|nagc_17 has 30 seconds left.
|inactive|nagc_17 has 20 seconds left.
|inactive|nagc_17 has 15 seconds left.
|inactive|nagc_17 has 10 seconds left.
|inactive|nagc_17 has 5 seconds left.
|
|t:|1785255999
|switch|p1a: Milotic|Milotic, L50, F|58/100
|move|p2a: Negreiron|Protect|p2a: Negreiron
|-singleturn|p2a: Negreiron|Protect
|move|p1b: Sneasler|Fake Out|p2b: Carlota
|-damage|p2b: Carlota|78/100
|cant|p2b: Carlota|flinch
|
|-sideend|p2: gio0314|move: Light Screen
|upkeep
|turn|9
|
|t:|1785256019
|move|p2b: Carlota|Acrobatics|p1b: Sneasler
|-supereffective|p1b: Sneasler|1
|-damage|p1b: Sneasler|0 fnt
|faint|p1b: Sneasler
|move|p2a: Negreiron|Dark Pulse|p1a: Milotic
|-damage|p1a: Milotic|28/100
|move|p1a: Milotic|Icy Wind|p2b: Carlota|[spread] p2b
|-miss|p1a: Milotic|p2a: Negreiron
|-damage|p2b: Carlota|62/100
|-unboost|p2b: Carlota|spe|1
|
|upkeep
|
|t:|1785256031
|switch|p1b: Charizard|Charizard, L50, M|100/100
|turn|10
|inactive|nagc_17 has 30 seconds left.
|inactive|nagc_17 has 20 seconds left.
|inactive|nagc_17 has 15 seconds left.
|inactive|nagc_17 has 10 seconds left.
|
|t:|1785256079
|detailschange|p1b: Charizard|Charizard-Mega-Y, L50, M
|-mega|p1b: Charizard|Charizard|Charizardite Y
|-weather|SunnyDay|[from] ability: Drought|[of] p1b: Charizard
|move|p1b: Charizard|Heat Wave|p2a: Negreiron|[spread] p2a,p2b
|-resisted|p2a: Negreiron|1
|-resisted|p2b: Carlota|1
|-damage|p2a: Negreiron|20/100y
|-damage|p2b: Carlota|14/100
|move|p2a: Negreiron|Draco Meteor|p1b: Charizard
|-damage|p1b: Charizard|30/100
|-unboost|p2a: Negreiron|spa|2
|move|p2b: Carlota|Acrobatics|p1a: Milotic
|-damage|p1a: Milotic|0 fnt
|faint|p1a: Milotic
|
|-weather|SunnyDay|[upkeep]
|upkeep
|turn|11
|
|t:|1785256102
|move|p1b: Charizard|Heat Wave|p2a: Negreiron|[spread] p2a,p2b
|-resisted|p2a: Negreiron|1
|-resisted|p2b: Carlota|1
|-damage|p2a: Negreiron|0 fnt
|-damage|p2b: Carlota|0 fnt
|faint|p2a: Negreiron
|faint|p2b: Carlota
|
|-weather|SunnyDay|[upkeep]
|upkeep
|
|t:|1785256112
|switch|p2a: Boyer|Sableye, L50, M|66/100
|turn|12
|inactive|nagc_17 has 30 seconds left.
|
|t:|1785256142
|move|p1b: Charizard|Heat Wave|p2a: Boyer
|-damage|p2a: Boyer|0 fnt
|faint|p2a: Boyer
|
|win|nagc_17
