|j|☆JonnyNerd
|j|☆uu26chozai
|html|JonnyNerduu26chozai    
|uhtml|bestof|Game 3 of a best-of-3
|t:|1783188676
|gametype|doubles
|player|p1|JonnyNerd|waiter-gen4dp|
|player|p2|uu26chozai|preschooler-gen6|
|gen|9
|tier|[Gen 9 Champions] VGC 2026 Reg M-B (Bo3)
|rule|Species Clause: Limit one of each Pokémon
|rule|Item Clause: Limit 1 of each item
|clearpoke
|poke|p1|Mamoswine, L50, F|
|poke|p1|Sinistcha-Masterpiece, L50|
|poke|p1|Rotom-Wash, L50|
|poke|p1|Froslass, L50, F|
|poke|p1|Blaziken, L50, F|
|poke|p1|Kingambit, L50, F|
|poke|p2|Charizard, L50, F|
|poke|p2|Whimsicott, L50, F|
|poke|p2|Gholdengo, L50|
|poke|p2|Kingambit, L50, M|
|poke|p2|Farigiraf, L50, M|
|poke|p2|Floette-Eternal, L50, F|
|teampreview|4
|showteam|p1|Mamoswine||FocusSash|Oblivious|Protect,HighHorsepower,IceShard,Earthquake|Adamant||F|||50|]Sinistcha-Masterpiece||KasibBerry|Hospitality|TrickRoom,MatchaGotcha,RagePowder,Protect|Relaxed|||||50|]Rotom-Wash||ChoiceScarf|Levitate|Thunderbolt,HydroPump,WillOWisp,Electroweb|Timid|||||50|]Froslass||Froslassite|SnowCloak|Protect,AuroraVeil,Blizzard,ShadowBall|Modest||F|||50|]Blaziken||Blazikenite|SpeedBoost|Protect,CloseCombat,FlareBlitz,RockSlide|Adamant||F|||50|]Kingambit||BlackGlasses|Defiant|Protect,KowtowCleave,SuckerPunch,SwordsDance|Adamant||F|||50|
|showteam|p2|Charizard||CharizarditeY|Blaze|HeatWave,WeatherBall,SolarBeam,Protect|Modest||F|||50|]Whimsicott||FocusSash|Prankster|Moonblast,Tailwind,Encore,Protect|Modest||F|||50|]Gholdengo||LifeOrb|GoodasGold|MakeItRain,ShadowBall,PowerGem,NastyPlot|Timid|||||50|]Kingambit||OccaBerry|Defiant|KowtowCleave,LowKick,SuckerPunch,Protect|Adamant||M|||50|]Farigiraf||SitrusBerry|ArmorTail|TwinBeam,Thunderbolt,TrickRoom,HelpingHand|Modest||M|||50|]Floette-Eternal||Floettite|FlowerVeil|DazzlingGleam,Moonblast,CalmMind,Protect|Timid||F|||50|
|
|t:|1783188742
|teamsize|p1|4
|teamsize|p2|4
|start
|switch|p1a: Kingambit|Kingambit, L50, F|100/100
|switch|p1b: Blaziken|Blaziken, L50, F|100/100
|switch|p2a: Charizard|Charizard, L50, F|100/100
|switch|p2b: Whimsicott|Whimsicott, L50, F|100/100
|turn|1
|
|t:|1783188767
|detailschange|p2a: Charizard|Charizard-Mega-Y, L50, F
|-mega|p2a: Charizard|Charizard|Charizardite Y
|-weather|SunnyDay|[from] ability: Drought|[of] p2a: Charizard
|detailschange|p1b: Blaziken|Blaziken-Mega, L50, F
|-mega|p1b: Blaziken|Blaziken|Blazikenite
|move|p1a: Kingambit|Protect|p1a: Kingambit
|-singleturn|p1a: Kingambit|Protect
|move|p2b: Whimsicott|Tailwind|p2b: Whimsicott
|-sidestart|p2: uu26chozai|move: Tailwind
|move|p2a: Charizard|Heat Wave|p1a: Kingambit|[spread] p1b
|-activate|p1a: Kingambit|move: Protect
|-resisted|p1b: Blaziken|1
|-damage|p1b: Blaziken|54/100
|move|p1b: Blaziken|Rock Slide|p2b: Whimsicott|[spread] p2a,p2b
|-supereffective|p2a: Charizard|2
|-damage|p2a: Charizard|0 fnt
|-damage|p2b: Whimsicott|66/100
|faint|p2a: Charizard
|
|-weather|SunnyDay|[upkeep]
|-ability|p1b: Blaziken|Speed Boost|boost
|-boost|p1b: Blaziken|spe|1
|upkeep
|
|t:|1783188785
|switch|p2a: Kingambit|Kingambit, L50, M|100/100
|turn|2
|
|t:|1783188790
|switch|p1a: Rotom|Rotom-Wash, L50|100/100
|move|p1b: Blaziken|Protect|p1b: Blaziken
|-singleturn|p1b: Blaziken|Protect
|move|p2b: Whimsicott|Encore|p1b: Blaziken
|-activate|p1b: Blaziken|move: Protect
|move|p2a: Kingambit|Low Kick|p1a: Rotom
|-crit|p1a: Rotom
|-damage|p1a: Rotom|82/100
|
|-weather|SunnyDay|[upkeep]
|-ability|p1b: Blaziken|Speed Boost|boost
|-boost|p1b: Blaziken|spe|1
|upkeep
|turn|3
|
|t:|1783188815
|switch|p1b: Mamoswine|Mamoswine, L50, F|100/100
|switch|p2a: Gholdengo|Gholdengo, L50|100/100
|move|p2b: Whimsicott|Encore||[still]
|-fail|p2b: Whimsicott
|move|p1a: Rotom|Will-O-Wisp|p2a: Gholdengo
|-immune|p2a: Gholdengo|[from] ability: Good as Gold
|
|-weather|SunnyDay|[upkeep]
|upkeep
|turn|4
|
|t:|1783188841
|switch|p1a: Kingambit|Kingambit, L50, F|100/100
|move|p1b: Mamoswine|Ice Shard|p2b: Whimsicott
|-supereffective|p2b: Whimsicott|1
|-damage|p2b: Whimsicott|7/100
|move|p2b: Whimsicott|Moonblast|p1b: Mamoswine
|-damage|p1b: Mamoswine|42/100
|move|p2a: Gholdengo|Make It Rain|p1b: Mamoswine|[spread] p1a,p1b
|-resisted|p1a: Kingambit|1
|-supereffective|p1b: Mamoswine|1
|-damage|p1a: Kingambit|74/100
|-damage|p1b: Mamoswine|0 fnt
|-unboost|p2a: Gholdengo|spa|2
|faint|p1b: Mamoswine
|-damage|p2a: Gholdengo|90/100|[from] item: Life Orb
|
|-weather|SunnyDay|[upkeep]
|-sideend|p2: uu26chozai|move: Tailwind
|upkeep
|
|t:|1783188851
|switch|p1b: Blaziken|Blaziken-Mega, L50, F|54/100
|turn|5
|
|t:|1783188873
|switch|p2a: Kingambit|Kingambit, L50, M|100/100
|move|p2b: Whimsicott|Tailwind|p2b: Whimsicott
|-sidestart|p2: uu26chozai|move: Tailwind
|move|p1b: Blaziken|Rock Slide|p2b: Whimsicott|[spread] p2a,p2b
|-resisted|p2a: Kingambit|1
|-damage|p2a: Kingambit|91/100
|-damage|p2b: Whimsicott|0 fnt
|faint|p2b: Whimsicott
|move|p1a: Kingambit|Swords Dance|p1a: Kingambit
|-boost|p1a: Kingambit|atk|2
|
|-weather|none
|-ability|p1b: Blaziken|Speed Boost|boost
|-boost|p1b: Blaziken|spe|1
|upkeep
|
|t:|1783188882
|switch|p2b: Gholdengo|Gholdengo, L50|90/100
|turn|6
|
|t:|1783188915
|move|p1a: Kingambit|Sucker Punch|p2b: Gholdengo
|-supereffective|p2b: Gholdengo|1
|-damage|p2b: Gholdengo|0 fnt
|faint|p2b: Gholdengo
|move|p1b: Blaziken|Close Combat|p2a: Kingambit
|-supereffective|p2a: Kingambit|2
|-damage|p2a: Kingambit|0 fnt
|-unboost|p1b: Blaziken|def|1
|-unboost|p1b: Blaziken|spd|1
|faint|p2a: Kingambit
|
|win|JonnyNerd
|c|☆uu26chozai|nnice
|c|☆uu26chozai|comes down to reads
|c|☆JonnyNerd|gg
|c|☆uu26chozai|gg
|c|☆uu26chozai|gambits a busted mon
|c|☆JonnyNerd|very
|l|☆JonnyNerd
|player|p1|
|j|☆JonnyNerd
|player|p1|JonnyNerd|waiter-gen4dp|
