|j|☆Mtcoc2
|j|☆IronStandsEternal
|html|Mtcoc2IronStandsEternal    
|uhtml|bestof|Game 2 of a best-of-3
|t:|1757086199
|gametype|doubles
|player|p1|Mtcoc2|1|1195
|player|p2|IronStandsEternal|flint|1182
|gen|9
|tier|[Gen 9] VGC 2025 Reg H (Bo3)
|rated|
|rule|Species Clause: Limit one of each Pokémon
|rule|Item Clause: Limit 1 of each item
|clearpoke
|poke|p1|Charizard, L50, F|
|poke|p1|Torkoal, L50, M|
|poke|p1|Porygon2, L50|
|poke|p1|Incineroar, L50, F|
|poke|p1|Jumpluff, L50, F|
|poke|p1|Ursaluna, L50, F|
|poke|p2|Rillaboom, L50, M|
|poke|p2|Dragonite, L50, M|
|poke|p2|Sneasler, L50, M|
|poke|p2|Ninetales-Alola, L50, F|
|poke|p2|Kingambit, L50, M|
|poke|p2|Volcarona, L50, M|
|teampreview|4
|showteam|p1|Charizard||ChoiceSpecs|SolarPower|HeatWave,Overheat,WeatherBall,AirSlash|||F|||50|,,,,,Ghost]Torkoal||EjectPack|Drought|Eruption,Overheat,HelpingHand,Protect|||M|||50|,,,,,Fire]Porygon2||Eviolite|Download|TeraBlast,IceBeam,Recover,TrickRoom||||||50|,,,,,Fighting]Incineroar||SitrusBerry|Intimidate|FlareBlitz,KnockOff,FakeOut,PartingShot|||F|||50|,,,,,Ghost]Jumpluff||CovertCloak|Chlorophyll|SleepPowder,SunnyDay,RagePowder,Tailwind|||F|||50|,,,,,Water]Ursaluna||FlameOrb|Guts|HeadlongRush,Facade,Earthquake,Protect|||F|||50|,,,,,Ghost
|showteam|p2|Rillaboom||AssaultVest|GrassySurge|WoodHammer,GrassyGlide,HighHorsepower,FakeOut|||M|||50|,,,,,Fire]Dragonite||LoadedDice|Multiscale|Protect,ScaleShot,LowKick,Haze|||M|||50|,,,,,Fairy]Sneasler||WhiteHerb|Unburden|Protect,DireClaw,CloseCombat,Coaching|||M|||50|,,,,,Ghost]Ninetales-Alola||ChoiceSpecs|SnowWarning|Blizzard,IcyWind,Moonblast,FreezeDry|||F|||50|,,,,,Ghost]Kingambit||SafetyGoggles|Defiant|Protect,KowtowCleave,SuckerPunch,SwordsDance|||M|||50|,,,,,Dark]Volcarona||CovertCloak|FlameBody|StruggleBug,RagePowder,Overheat,WillOWisp|||M|||50|,,,,,Fairy
|inactive|Battle timer is ON: inactive players will automatically lose when time's up. (requested by IronStandsEternal)
|
|t:|1757086256
|teamsize|p1|4
|teamsize|p2|4
|start
|switch|p1a: Charizard|Charizard, L50, F|100/100
|switch|p1b: Porygon2|Porygon2, L50|100/100
|switch|p2a: Volcarona|Volcarona, L50, M|100/100
|switch|p2b: Kingambit|Kingambit, L50, M|100/100
|-ability|p1b: Porygon2|Download|boost
|-boost|p1b: Porygon2|atk|1
|turn|1
|inactive|IronStandsEternal has 30 seconds left.
|inactive|IronStandsEternal has 20 seconds left.
|inactive|IronStandsEternal has 15 seconds left.
|inactive|IronStandsEternal has 10 seconds left.
|inactive|IronStandsEternal has 5 seconds left.
|
|t:|1757086307
|-terastallize|p2b: Kingambit|Dark
|move|p2b: Kingambit|Sucker Punch|p1a: Charizard
|-damage|p1a: Charizard|25/100
|move|p1a: Charizard|Heat Wave|p2b: Kingambit|[spread] p2a,p2b
|-crit|p2b: Kingambit
|-damage|p2a: Volcarona|59/100
|-damage|p2b: Kingambit|30/100
|move|p2a: Volcarona|Struggle Bug|p1a: Charizard|[spread] p1a,p1b
|-resisted|p1a: Charizard
|-damage|p1a: Charizard|19/100
|-damage|p1b: Porygon2|91/100
|-unboost|p1a: Charizard|spa|1
|-unboost|p1b: Porygon2|spa|1
|move|p1b: Porygon2|Trick Room|p1b: Porygon2
|-fieldstart|move: Trick Room|[of] p1b: Porygon2
|
|upkeep
|turn|2
|inactive|IronStandsEternal has 30 seconds left.
|inactive|IronStandsEternal has 20 seconds left.
|
|t:|1757086343
|move|p2b: Kingambit|Kowtow Cleave|p1a: Charizard
|-damage|p1a: Charizard|0 fnt
|faint|p1a: Charizard
|move|p1b: Porygon2|Ice Beam|p2b: Kingambit
|-damage|p2b: Kingambit|13/100
|move|p2a: Volcarona|Overheat|p1b: Porygon2
|-damage|p1b: Porygon2|55/100
|-unboost|p2a: Volcarona|spa|2
|
|upkeep
|
|t:|1757086353
|switch|p1a: Ursaluna|Ursaluna, L50, F|100/100
|turn|3
|inactive|IronStandsEternal has 30 seconds left.
|
|t:|1757086385
|move|p2b: Kingambit|Kowtow Cleave|p1a: Ursaluna
|-damage|p1a: Ursaluna|46/100
|move|p1b: Porygon2|Ice Beam|p2b: Kingambit
|-crit|p2b: Kingambit
|-damage|p2b: Kingambit|0 fnt
|faint|p2b: Kingambit
|move|p1a: Ursaluna|Facade|p2a: Volcarona
|-damage|p2a: Volcarona|7/100
|move|p2a: Volcarona|Will-O-Wisp|p1b: Porygon2
|-status|p1b: Porygon2|brn
|
|-damage|p1b: Porygon2|48/100 brn|[from] brn
|-status|p1a: Ursaluna|brn|[from] item: Flame Orb
|upkeep
|inactive|IronStandsEternal has 30 seconds left.
|inactive|IronStandsEternal has 20 seconds left.
|
|t:|1757086425
|switch|p2b: Dragonite|Dragonite, L50, M|100/100
|turn|4
|
|t:|1757086446
|switch|p1a: Incineroar|Incineroar, L50, F|100/100
|-ability|p1a: Incineroar|Intimidate|boost
|-unboost|p2a: Volcarona|atk|1
|-unboost|p2b: Dragonite|atk|1
|move|p2a: Volcarona|Rage Powder|p2a: Volcarona
|-singleturn|p2a: Volcarona|move: Rage Powder
|move|p1b: Porygon2|Ice Beam|p2a: Volcarona
|-resisted|p2a: Volcarona
|-damage|p2a: Volcarona|0 fnt
|faint|p2a: Volcarona
|move|p2b: Dragonite|Scale Shot|p1b: Porygon2
|-crit|p1b: Porygon2
|-damage|p1b: Porygon2|33/100 brn
|-damage|p1b: Porygon2|27/100 brn
|-damage|p1b: Porygon2|20/100 brn
|-damage|p1b: Porygon2|13/100 brn
|-hitcount|p1b: Porygon2|4
|-unboost|p2b: Dragonite|def|1
|-boost|p2b: Dragonite|spe|1
|
|-damage|p1b: Porygon2|7/100 brn|[from] brn
|upkeep
|
|t:|1757086461
|switch|p2a: Sneasler|Sneasler, L50, M|100/100
|turn|5
|inactive|Mtcoc2 has 30 seconds left.
|inactive|IronStandsEternal has 30 seconds left.
|
|t:|1757086493
|move|p1a: Incineroar|Fake Out|p2b: Dragonite
|-damage|p2b: Dragonite|92/100
|move|p1b: Porygon2|Recover|p1b: Porygon2
|-heal|p1b: Porygon2|57/100 brn
|move|p2a: Sneasler|Close Combat|p1b: Porygon2
|-supereffective|p1b: Porygon2
|-damage|p1b: Porygon2|0 fnt
|-unboost|p2a: Sneasler|def|1
|-unboost|p2a: Sneasler|spd|1
|faint|p1b: Porygon2
|-enditem|p2a: Sneasler|White Herb
|-clearnegativeboost|p2a: Sneasler|[silent]
|cant|p2b: Dragonite|flinch
|
|-fieldend|move: Trick Room
|upkeep
|
|t:|1757086500
|switch|p1b: Ursaluna|Ursaluna, L50, F|46/100 brn
|turn|6
|
|t:|1757086516
|-terastallize|p1a: Incineroar|Ghost
|move|p2a: Sneasler|Protect|p2a: Sneasler
|-singleturn|p2a: Sneasler|Protect
|move|p2b: Dragonite|Protect|p2b: Dragonite
|-singleturn|p2b: Dragonite|Protect
|move|p1a: Incineroar|Flare Blitz|p2a: Sneasler
|-activate|p2a: Sneasler|move: Protect
|move|p1b: Ursaluna|Facade|p2b: Dragonite
|-activate|p2b: Dragonite|move: Protect
|
|-damage|p1b: Ursaluna|40/100 brn|[from] brn
|upkeep
|turn|7
|inactive|IronStandsEternal has 30 seconds left.
|inactive|IronStandsEternal has 20 seconds left.
|
|t:|1757086553
|move|p2a: Sneasler|Dire Claw|p1a: Incineroar
|-resisted|p1a: Incineroar
|-damage|p1a: Incineroar|83/100
|move|p2b: Dragonite|Low Kick|p1b: Ursaluna
|-supereffective|p1b: Ursaluna
|-damage|p1b: Ursaluna|0 fnt
|faint|p1b: Ursaluna
|move|p1a: Incineroar|Knock Off|p2b: Dragonite
|-damage|p2b: Dragonite|16/100
|-enditem|p2b: Dragonite|Loaded Dice|[from] move: Knock Off|[of] p1a: Incineroar
|
|upkeep
|turn|8
|
|t:|1757086567
|move|p2a: Sneasler|Dire Claw|p1a: Incineroar
|-resisted|p1a: Incineroar
|-damage|p1a: Incineroar|64/100
|move|p2b: Dragonite|Scale Shot|p1a: Incineroar
|-damage|p1a: Incineroar|53/100
|-damage|p1a: Incineroar|44/100
|-enditem|p1a: Incineroar|Sitrus Berry|[eat]
|-heal|p1a: Incineroar|69/100|[from] item: Sitrus Berry
|-damage|p1a: Incineroar|59/100
|-hitcount|p1a: Incineroar|3
|-unboost|p2b: Dragonite|def|1
|-boost|p2b: Dragonite|spe|1
|move|p1a: Incineroar|Flare Blitz|p2a: Sneasler
|-damage|p2a: Sneasler|18/100
|-damage|p1a: Incineroar|37/100|[from] Recoil
|
|upkeep
|turn|9
|
|t:|1757086579
|move|p2a: Sneasler|Dire Claw|p1a: Incineroar
|-resisted|p1a: Incineroar
|-crit|p1a: Incineroar
|-damage|p1a: Incineroar|7/100
|move|p2b: Dragonite|Scale Shot|p1a: Incineroar|[miss]
|-miss|p2b: Dragonite|p1a: Incineroar
|move|p1a: Incineroar|Flare Blitz|p2a: Sneasler
|-damage|p2a: Sneasler|0 fnt
|faint|p2a: Sneasler
|-damage|p1a: Incineroar|2/100|[from] Recoil
|
|upkeep
|turn|10
|
|t:|1757086589
|move|p2b: Dragonite|Scale Shot|p1a: Incineroar
|-damage|p1a: Incineroar|0 fnt
|faint|p1a: Incineroar
|-hitcount|p1: Incineroar|1
|
|win|IronStandsEternal
|raw|Mtcoc2's rating: 1195 → 1169(-26 for losing)
|raw|IronStandsEternal's rating: 1182 → 1208(+26 for winning)
|l|☆Mtcoc2
|player|p1|
