|j|â˜†Devxp
|j|â˜†TKDCamo
|html|DevxpTKDCamo    
|uhtml|bestof|Game 1 of a best-of-3
|t:|1784425522
|gametype|doubles
|player|p1|Devxp|2|
|player|p2|TKDCamo|clemont|
|gen|9
|tier|[Gen 9 Champions] VGC 2026 Reg M-B (Bo3)
|rule|Species Clause: Limit one of each PokÃ©mon
|rule|Item Clause: Limit 1 of each item
|clearpoke
|poke|p1|Staraptor, L50, M, shiny|
|poke|p1|Ninetales-Alola, L50, M, shiny|
|poke|p1|Meowscarada, L50, M, shiny|
|poke|p1|Raichu, L50, F, shiny|
|poke|p1|Greninja, L50, M|
|poke|p1|Lycanroc-Dusk, L50, F|
|poke|p2|Staraptor, L50, M|
|poke|p2|Metagross, L50, shiny|
|poke|p2|Slowking, L50, F|
|poke|p2|Arcanine-Hisui, L50, M|
|poke|p2|Aerodactyl, L50, M|
|poke|p2|Floette-Eternal, L50, F|
|teampreview|4
|showteam|p1|Staraptor||Staraptite|Intimidate|CloseCombat,FinalGambit,Protect,BlazeKick|Jolly||M|||50|]Ninetales-Alola||LightClay|SnowWarning|AuroraVeil,Blizzard,FreezeDry,Protect|Timid||M|||50|]Meowscarada||LifeOrb|Overgrow|FlowerTrick,TripleAxel,KnockOff,Protect|Jolly||M|||50|]Raichu||FocusSash|Static|FakeOut,GrassKnot,Nuzzle,VoltTackle|Jolly||F|||50|]Greninja||Greninjite|Protean|WaterShuriken,DarkPulse,IceBeam,Protect|Timid||M|||50|]Lycanroc-Dusk||HardStone|ToughClaws|RockSlide,Trailblaze,CloseCombat,Accelerock|Jolly||F|||50|
|showteam|p2|Staraptor||ChoiceScarf|Intimidate|FinalGambit,CloseCombat,Uturn,BraveBird|Adamant||M|||50|]Metagross||Metagrossite|ClearBody|PsychicFangs,BulletPunch,BodyPress,IronHead|Adamant|||||50|]Slowking||SitrusBerry|Oblivious|TrickRoom,Scald,ThunderWave,HelpingHand|Sassy||F|||50|]Arcanine-Hisui||WacanBerry|RockHead|FlareBlitz,RockSlide,ExtremeSpeed,Protect|Adamant||M|||50|]Aerodactyl||Aerodactylite|RockHead|WideGuard,RockSlide,Tailwind,DualWingbeat|Jolly||M|||50|]Floette-Eternal||Leftovers|Symbiosis|Moonblast,Protect,LightScreen,PollenPuff|Bold||F|||50|
|c|â˜†TKDCamo|glhf
|c|â˜†Devxp|you to
|j| overlordjace
|
|t:|1784425600
|teamsize|p1|4
|teamsize|p2|4
|start
|switch|p1a: Staraptor|Staraptor, L50, M, shiny|100/100
|switch|p1b: Greninja|Greninja, L50, M|100/100
|switch|p2a: Megaless|Staraptor, L50, M|100/100
|switch|p2b: LongLiveFlower|Floette-Eternal, L50, F|100/100
|-ability|p2a: Megaless|Intimidate|boost
|-unboost|p1a: Staraptor|atk|1
|-unboost|p1b: Greninja|atk|1
|-ability|p1a: Staraptor|Intimidate|boost
|-unboost|p2a: Megaless|atk|1
|-unboost|p2b: LongLiveFlower|atk|1
|turn|1
|
|t:|1784425634
|detailschange|p1b: Greninja|Greninja-Mega, L50, M
|-mega|p1b: Greninja|Greninja|Greninjite
|move|p1a: Staraptor|Protect|p1a: Staraptor
|-singleturn|p1a: Staraptor|Protect
|move|p2b: LongLiveFlower|Protect|p2b: LongLiveFlower
|-singleturn|p2b: LongLiveFlower|Protect
|move|p2a: Megaless|Final Gambit|p1a: Staraptor
|-activate|p1a: Staraptor|move: Protect
|move|p1b: Greninja|Ice Beam|p2a: Megaless
|-start|p1b: Greninja|typechange|Ice|[from] ability: Protean
|-supereffective|p2a: Megaless|1
|-damage|p2a: Megaless|0 fnt
|faint|p2a: Megaless
|
|upkeep
|
|t:|1784425648
|switch|p2a: XMarkstheSpot|Metagross, L50, shiny|100/100
|turn|2
|
|t:|1784425661
|detailschange|p2a: XMarkstheSpot|Metagross-Mega, L50, shiny
|-mega|p2a: XMarkstheSpot|Metagross|Metagrossite
|move|p1b: Greninja|Ice Beam|p2a: XMarkstheSpot
|-resisted|p2a: XMarkstheSpot|1
|-damage|p2a: XMarkstheSpot|78/100
|move|p1a: Staraptor|Final Gambit|p2a: XMarkstheSpot
|-damage|p2a: XMarkstheSpot|0 fnt
|faint|p1a: Staraptor
|faint|p2a: XMarkstheSpot
|move|p2b: LongLiveFlower|Moonblast|p1b: Greninja
|-damage|p1b: Greninja|46/100
|
|upkeep
|
|t:|1784425671
|switch|p1a: Raichu|Raichu, L50, F, shiny|100/100
|switch|p2a: Goodest Boy|Arcanine-Hisui, L50, M|100/100
|turn|3
|
|t:|1784425681
|move|p2a: Goodest Boy|Protect|p2a: Goodest Boy
|-singleturn|p2a: Goodest Boy|Protect
|move|p1a: Raichu|Fake Out|p2a: Goodest Boy
|-activate|p2a: Goodest Boy|move: Protect
|move|p1b: Greninja|Water Shuriken|p2a: Goodest Boy
|-activate|p2a: Goodest Boy|move: Protect
|move|p2b: LongLiveFlower|Moonblast|p1b: Greninja
|-damage|p1b: Greninja|0 fnt
|faint|p1b: Greninja
|
|upkeep
|
|t:|1784425685
|switch|p1b: Ninetales|Ninetales-Alola, L50, M, shiny|100/100
|-weather|Snowscape|[from] ability: Snow Warning|[of] p1b: Ninetales
|turn|4
|
|t:|1784425707
|move|p1a: Raichu|Nuzzle|p2a: Goodest Boy
|-damage|p2a: Goodest Boy|91/100
|-status|p2a: Goodest Boy|par
|move|p1b: Ninetales|Blizzard|p2a: Goodest Boy|[spread] p2a,p2b
|-resisted|p2a: Goodest Boy|1
|-damage|p2a: Goodest Boy|75/100 par
|-damage|p2b: LongLiveFlower|78/100
|move|p2b: LongLiveFlower|Moonblast|p1a: Raichu
|-damage|p1a: Raichu|40/100
|move|p2a: Goodest Boy|Flare Blitz|p1b: Ninetales
|-supereffective|p1b: Ninetales|1
|-damage|p1b: Ninetales|0 fnt
|faint|p1b: Ninetales
|
|-weather|Snowscape|[upkeep]
|-heal|p2b: LongLiveFlower|84/100|[from] item: Leftovers
|upkeep
|turn|5
|
|t:|1784425726
|move|p2a: Goodest Boy|Extreme Speed|p1a: Raichu
|-damage|p1a: Raichu|0 fnt
|faint|p1a: Raichu
|
|win|TKDCamo
||TKDCamo is ready for game 2.
