|j|☆pinogrezzo
|j|☆raksbach
|html|pinogrezzoraksbach    
|uhtml|bestof|Game 2 of a best-of-3
|t:|1784542849
|gametype|doubles
|player|p1|pinogrezzo|265|1224
|player|p2|raksbach|266|1259
|gen|9
|tier|[Gen 9 Champions] VGC 2026 Reg M-B (Bo3)
|rated|
|rule|Species Clause: Limit one of each Pokémon
|rule|Item Clause: Limit 1 of each item
|clearpoke
|poke|p1|Staraptor, L50, M, shiny|
|poke|p1|Metagross, L50, shiny|
|poke|p1|Primarina, L50, F, shiny|
|poke|p1|Ceruledge, L50, M, shiny|
|poke|p1|Grimmsnarl, L50, M, shiny|
|poke|p1|Glimmora, L50, M, shiny|
|poke|p2|Incineroar, L50, F|
|poke|p2|Maushold, L50|
|poke|p2|Sinistcha, L50|
|poke|p2|Sneasler, L50, M|
|poke|p2|Blastoise, L50, F|
|poke|p2|Delphox, L50, M|
|teampreview|4
|showteam|p1|Staraptor||Staraptite|Intimidate|Protect,CloseCombat,DualWingbeat,Roost|Adamant||M|||50|]Metagross||Metagrossite|ClearBody|Protect,IronHead,PsychicFangs,StompingTantrum|Jolly|||||50|]Primarina||MysticWater|LiquidVoice|Protect,Moonblast,HyperVoice,EnergyBall|Modest||F|||50|]Ceruledge||ColburBerry|FlashFire|Protect,BulkUp,BitterBlade,ShadowSneak|Adamant||M|||50|]Grimmsnarl||LightClay|Prankster|PartingShot,SpiritBreak,LightScreen,Reflect|Careful||M|||50|]Glimmora||FocusSash|ToxicDebris|SpikyShield,PowerGem,SludgeBomb,EarthPower|Modest||M|||50|
|showteam|p2|Incineroar||SitrusBerry|Intimidate|FakeOut,FlareBlitz,DarkestLariat,PartingShot|Impish||F|||50|]Maushold||ChopleBerry|FriendGuard|SuperFang,FollowMe,Protect,Feint|Impish|||||50|]Sinistcha||OccaBerry|Hospitality|MatchaGotcha,LifeDew,RagePowder,Protect|Bold|||||50|]Sneasler||FocusSash|PoisonTouch|FakeOut,CloseCombat,DireClaw,QuickGuard|Jolly||M|||50|]Blastoise||Blastoisinite|Torrent|WaterSpout,DarkPulse,ShellSmash,Protect|Modest||F|||50|]Delphox||Delphoxite|Blaze|HeatWave,Psychic,NastyPlot,Protect|Timid||M|||50|
|inactive|Battle timer is ON: inactive players will automatically lose when time's up. (requested by raksbach)
|inactive|raksbach has 60 seconds left.
|
|t:|1784542888
|teamsize|p1|4
|teamsize|p2|4
|start
|switch|p1a: Staraptor|Staraptor, L50, M, shiny|100/100
|switch|p1b: Primarina|Primarina, L50, F, shiny|100/100
|switch|p2a: Incineroar|Incineroar, L50, F|100/100
|switch|p2b: Sneasler|Sneasler, L50, M|100/100
|-ability|p1a: Staraptor|Intimidate|boost
|-unboost|p2a: Incineroar|atk|1
|-unboost|p2b: Sneasler|atk|1
|-ability|p2a: Incineroar|Intimidate|boost
|-unboost|p1a: Staraptor|atk|1
|-unboost|p1b: Primarina|atk|1
|turn|1
|inactive|raksbach has 30 seconds left.
|
|t:|1784542914
|switch|p1a: Ceruledge|Ceruledge, L50, M, shiny|100/100
|switch|p2a: Blastoise|Blastoise, L50, F|100/100
|move|p1b: Primarina|Protect|p1b: Primarina
|-singleturn|p1b: Primarina|Protect
|move|p2b: Sneasler|Dire Claw|p1b: Primarina
|-activate|p1b: Primarina|move: Protect
|
|upkeep
|turn|2
|
|t:|1784542934
|detailschange|p2a: Blastoise|Blastoise-Mega, L50, F
|-mega|p2a: Blastoise|Blastoise|Blastoisinite
|move|p2a: Blastoise|Protect|p2a: Blastoise
|-singleturn|p2a: Blastoise|Protect
|move|p2b: Sneasler|Dire Claw|p1b: Primarina
|-supereffective|p1b: Primarina|1
|-damage|p1b: Primarina|28/100
|-status|p1b: Primarina|par
|move|p1a: Ceruledge|Bitter Blade|p2b: Sneasler
|-damage|p2b: Sneasler|22/100
|move|p1b: Primarina|Energy Ball|p2a: Blastoise
|-activate|p2a: Blastoise|move: Protect
|
|upkeep
|turn|3
|
|t:|1784542958
|switch|p2b: Incineroar|Incineroar, L50, F|100/100
|-ability|p2b: Incineroar|Intimidate|boost
|-unboost|p1a: Ceruledge|atk|1
|-unboost|p1b: Primarina|atk|1
|move|p1a: Ceruledge|Shadow Sneak|p2b: Incineroar
|-resisted|p2b: Incineroar|1
|-damage|p2b: Incineroar|94/100
|move|p2a: Blastoise|Shell Smash|p2a: Blastoise
|-unboost|p2a: Blastoise|def|1
|-unboost|p2a: Blastoise|spd|1
|-boost|p2a: Blastoise|atk|2
|-boost|p2a: Blastoise|spa|2
|-boost|p2a: Blastoise|spe|2
|move|p1b: Primarina|Energy Ball|p2a: Blastoise
|-supereffective|p2a: Blastoise|1
|-damage|p2a: Blastoise|5/100
|
|upkeep
|turn|4
|
|t:|1784542983
|switch|p2b: Sinistcha|Sinistcha, L50|100/100
|-heal|p2a: Blastoise|30/100|[from] ability: Hospitality|[of] p2b: Sinistcha
|move|p2a: Blastoise|Protect|p2a: Blastoise
|-singleturn|p2a: Blastoise|Protect
|move|p1a: Ceruledge|Shadow Sneak|p2a: Blastoise
|-activate|p2a: Blastoise|move: Protect
|move|p1b: Primarina|Hyper Voice|p2a: Blastoise|[spread] p2b
|-activate|p2a: Blastoise|move: Protect
|-resisted|p2b: Sinistcha|1
|-damage|p2b: Sinistcha|79/100
|
|upkeep
|turn|5
|
|t:|1784542999
|move|p2b: Sinistcha|Rage Powder|p2b: Sinistcha
|-singleturn|p2b: Sinistcha|move: Rage Powder
|move|p1a: Ceruledge|Shadow Sneak|p2b: Sinistcha
|-supereffective|p2b: Sinistcha|1
|-damage|p2b: Sinistcha|55/100
|move|p2a: Blastoise|Dark Pulse|p1a: Ceruledge
|-supereffective|p1a: Ceruledge|1
|-enditem|p1a: Ceruledge|Colbur Berry|[eat]
|-enditem|p1a: Ceruledge|Colbur Berry|[weaken]
|-damage|p1a: Ceruledge|15/100
|move|p1b: Primarina|Hyper Voice|p2b: Sinistcha|[spread] p2a,p2b
|-resisted|p2a: Blastoise|1
|-resisted|p2b: Sinistcha|1
|-damage|p2a: Blastoise|0 fnt
|-damage|p2b: Sinistcha|35/100
|faint|p2a: Blastoise
|
|upkeep
|
|t:|1784543011
|switch|p2a: Incineroar|Incineroar, L50, F|94/100
|-ability|p2a: Incineroar|Intimidate|boost
|-unboost|p1a: Ceruledge|atk|1
|-unboost|p1b: Primarina|atk|1
|turn|6
|
|t:|1784543022
|move|p2b: Sinistcha|Protect|p2b: Sinistcha
|-singleturn|p2b: Sinistcha|Protect
|move|p1a: Ceruledge|Bitter Blade|p2b: Sinistcha
|-activate|p2b: Sinistcha|move: Protect
|move|p2a: Incineroar|Darkest Lariat|p1a: Ceruledge
|-supereffective|p1a: Ceruledge|1
|-damage|p1a: Ceruledge|0 fnt
|faint|p1a: Ceruledge
|move|p1b: Primarina|Hyper Voice|p2a: Incineroar|[spread] p2a
|-activate|p2b: Sinistcha|move: Protect
|-supereffective|p2a: Incineroar|1
|-damage|p2a: Incineroar|9/100
|-enditem|p2a: Incineroar|Sitrus Berry|[eat]
|-heal|p2a: Incineroar|34/100|[from] item: Sitrus Berry
|
|upkeep
|
|t:|1784543027
|switch|p1a: Glimmora|Glimmora, L50, M, shiny|100/100
|turn|7
|
|t:|1784543040
|move|p1a: Glimmora|Power Gem|p2a: Incineroar
|-supereffective|p2a: Incineroar|1
|-damage|p2a: Incineroar|0 fnt
|faint|p2a: Incineroar
|move|p2b: Sinistcha|Matcha Gotcha|p1a: Glimmora|[spread] p1a,p1b
|-supereffective|p1b: Primarina|1
|-damage|p1a: Glimmora|67/100
|-heal|p2b: Sinistcha|50/100y|[from] drain|[of] p1a: Glimmora
|-damage|p1b: Primarina|0 fnt
|-heal|p2b: Sinistcha|65/100|[from] drain|[of] p1b: Primarina
|faint|p1b: Primarina
|
|upkeep
|
|t:|1784543052
|switch|p2a: Sneasler|Sneasler, L50, M|22/100
|switch|p1b: Staraptor|Staraptor, L50, M, shiny|100/100
|-ability|p1b: Staraptor|Intimidate|boost
|-unboost|p2a: Sneasler|atk|1
|-unboost|p2b: Sinistcha|atk|1
|turn|8
|
|t:|1784543068
|detailschange|p1b: Staraptor|Staraptor-Mega, L50, M, shiny
|-mega|p1b: Staraptor|Staraptor|Staraptite
|move|p1b: Staraptor|Protect|p1b: Staraptor
|-singleturn|p1b: Staraptor|Protect
|move|p1a: Glimmora|Spiky Shield|p1a: Glimmora
|-singleturn|p1a: Glimmora|move: Protect
|move|p2a: Sneasler|Fake Out|p1b: Staraptor
|-activate|p1b: Staraptor|move: Protect
|move|p2b: Sinistcha|Life Dew|p2b: Sinistcha|[spread] p2a,p2b
|-heal|p2a: Sneasler|47/100
|-heal|p2b: Sinistcha|90/100
|
|upkeep
|turn|9
|
|t:|1784543089
|move|p2a: Sneasler|Close Combat|p1a: Glimmora
|-damage|p1a: Glimmora|14/100
|-unboost|p2a: Sneasler|def|1
|-unboost|p2a: Sneasler|spd|1
|-activate|p1a: Glimmora|ability: Toxic Debris
|-sidestart|p2: raksbach|move: Toxic Spikes
|move|p1b: Staraptor|Dual Wingbeat|p2a: Sneasler
|-supereffective|p2a: Sneasler|1
|-damage|p2a: Sneasler|0 fnt
|faint|p2a: Sneasler
|-hitcount|p2: Sneasler|1
|move|p1a: Glimmora|Sludge Bomb|p2b: Sinistcha
|-damage|p2b: Sinistcha|44/100
|move|p2b: Sinistcha|Matcha Gotcha|p1b: Staraptor|[spread] p1a,p1b
|-resisted|p1b: Staraptor|1
|-damage|p1a: Glimmora|0 fnt
|-heal|p2b: Sinistcha|51/100|[from] drain|[of] p1a: Glimmora
|-damage|p1b: Staraptor|87/100
|-heal|p2b: Sinistcha|57/100|[from] drain|[of] p1b: Staraptor
|faint|p1a: Glimmora
|
|upkeep
|turn|10
|
|t:|1784543110
|move|p1b: Staraptor|Dual Wingbeat|p2b: Sinistcha
|-supereffective|p2b: Sinistcha|1
|-damage|p2b: Sinistcha|19/100
|-supereffective|p2b: Sinistcha|1
|-damage|p2b: Sinistcha|0 fnt
|faint|p2b: Sinistcha
|-hitcount|p2: Sinistcha|2
|
|win|pinogrezzo
|raw|pinogrezzo's rating: 1224 → 1252(+28 for winning)
|raw|raksbach's rating: 1259 → 1231(-28 for losing)
