|j|☆Rege1
|j|☆I LOVE KOMMO-O
|html|Rege1I LOVE KOMMO-O    
|uhtml|bestof|Game 3 of a best-of-3
|t:|1756306317
|gametype|doubles
|player|p1|Rege1|crasherwake|1095
|player|p2|I LOVE KOMMO-O|n|1099
|gen|9
|tier|[Gen 9] VGC 2025 Reg H (Bo3)
|rated|
|rule|Species Clause: Limit one of each Pokémon
|rule|Item Clause: Limit 1 of each item
|clearpoke
|poke|p1|Gothitelle, L50, M|
|poke|p1|Politoed, L50, M|
|poke|p1|Garganacl, L50, M|
|poke|p1|Grimmsnarl, L50, M|
|poke|p1|Bronzong, L50|
|poke|p1|Amoonguss, L50, M|
|poke|p2|Drifblim, L50, F|
|poke|p2|Indeedee, L50, M|
|poke|p2|Kommo-o, L50, F|
|poke|p2|Hydreigon, L50, M|
|poke|p2|Ursaluna-Bloodmoon, L50, M|
|poke|p2|Arcanine-Hisui, L50, F|
|teampreview|4
|showteam|p1|Gothitelle||SitrusBerry|ShadowTag|Protect,FakeOut,Psychic,Taunt|||M|||50|,,,,,Fighting]Politoed||DampRock|Drizzle|PerishSong,Protect,WeatherBall,Encore|||M|||50|,,,,,Grass]Garganacl||Leftovers|PurifyingSalt|Protect,SaltCure,Recover,StealthRock|||M|||50|,,,,,Ghost]Grimmsnarl||CovertCloak|Prankster|LightScreen,Reflect,PartingShot,SpiritBreak|||M|||50|,,,,,Water]Bronzong||LumBerry|Levitate|TrickRoom,GyroBall,Protect,Trick||||||50|,,,,,Water]Amoonguss||RockyHelmet|Regenerator|RagePowder,PollenPuff,Spore,Protect|||M|||50|,,,,,Water
|showteam|p2|Drifblim||PsychicSeed|Unburden|Acrobatics,Tailwind,WillOWisp,StrengthSap|||F|||50|,,,,,Grass]Indeedee||FocusSash|PsychicSurge|ExpandingForce,TeraBlast,TrickRoom,Imprison|||M|||50|,,,,,Ground]Kommo-o||Leftovers|Soundproof|BodyPress,Flamethrower,IronDefense,Protect|||F|||50|,,,,,Fire]Hydreigon||AssaultVest|Levitate|DarkPulse,Snarl,EarthPower,DracoMeteor|||M|||50|,,,,,Ghost]Ursaluna-Bloodmoon||LifeOrb|MindsEye|BloodMoon,HyperVoice,EarthPower,Protect|||M|||50|,,,,,Ghost]Arcanine-Hisui||SafetyGoggles|Intimidate|WillOWisp,RockSlide,Protect,FlareBlitz|||F|||50|,,,,,Water
|
|t:|1756306343
|teamsize|p1|4
|teamsize|p2|4
|start
|switch|p1a: Gothitelle|Gothitelle, L50, M|100/100
|switch|p1b: Politoed|Politoed, L50, M|100/100
|switch|p2a: Ursaluna|Ursaluna-Bloodmoon, L50, M|100/100
|switch|p2b: Kommo-o|Kommo-o, L50, F|100/100
|-weather|RainDance|[from] ability: Drizzle|[of] p1b: Politoed
|turn|1
|inactive|Battle timer is ON: inactive players will automatically lose when time's up. (requested by Rege1)
|inactive|I LOVE KOMMO-O has 60 seconds left.
|inactive|Rege1 has 60 seconds left.
|
|t:|1756306392
|move|p2a: Ursaluna|Protect|p2a: Ursaluna
|-singleturn|p2a: Ursaluna|Protect
|move|p2b: Kommo-o|Protect|p2b: Kommo-o
|-singleturn|p2b: Kommo-o|Protect
|move|p1a: Gothitelle|Fake Out|p2b: Kommo-o
|-activate|p2b: Kommo-o|move: Protect
|move|p1b: Politoed|Perish Song|p1b: Politoed
|-start|p1a: Gothitelle|perish3|[silent]
|-start|p1b: Politoed|perish3|[silent]
|-start|p2a: Ursaluna|perish3|[silent]
|-immune|p2b: Kommo-o|[from] ability: Soundproof
|-fieldactivate|move: Perish Song
|
|-weather|RainDance|[upkeep]
|-start|p2a: Ursaluna|perish3
|-start|p1a: Gothitelle|perish3
|-start|p1b: Politoed|perish3
|upkeep
|turn|2
|inactive|Rege1 has 30 seconds left.
|inactive|I LOVE KOMMO-O has 30 seconds left.
|inactive|I LOVE KOMMO-O has 20 seconds left.
|inactive|I LOVE KOMMO-O has 15 seconds left.
|inactive|I LOVE KOMMO-O has 10 seconds left.
|
|t:|1756306439
|-terastallize|p2b: Kommo-o|Fire
|move|p2a: Ursaluna|Blood Moon|p1b: Politoed
|-damage|p1b: Politoed|21/100
|-damage|p2a: Ursaluna|91/100|[from] item: Life Orb
|move|p2b: Kommo-o|Body Press|p1b: Politoed
|-damage|p1b: Politoed|0 fnt
|faint|p1b: Politoed
|move|p1a: Gothitelle|Taunt|p2b: Kommo-o
|-start|p2b: Kommo-o|move: Taunt
|
|-weather|RainDance|[upkeep]
|-start|p2a: Ursaluna|perish2
|-start|p1a: Gothitelle|perish2
|upkeep
|
|t:|1756306457
|switch|p1b: Amoonguss|Amoonguss, L50, M|100/100
|turn|3
|
|t:|1756306473
|-terastallize|p1b: Amoonguss|Water
|move|p1a: Gothitelle|Protect|p1a: Gothitelle
|-singleturn|p1a: Gothitelle|Protect
|move|p2a: Ursaluna|Hyper Voice|p1a: Gothitelle|[spread] p1b
|-activate|p1a: Gothitelle|move: Protect
|-damage|p1b: Amoonguss|62/100
|-damage|p2a: Ursaluna|81/100|[from] item: Life Orb
|move|p2b: Kommo-o|Flamethrower|p1b: Amoonguss
|-resisted|p1b: Amoonguss
|-damage|p1b: Amoonguss|55/100
|move|p1b: Amoonguss|Spore|p2a: Ursaluna
|-status|p2a: Ursaluna|slp|[from] move: Spore
|
|-weather|RainDance|[upkeep]
|-start|p2a: Ursaluna|perish1
|-start|p1a: Gothitelle|perish1
|upkeep
|turn|4
|
|t:|1756306496
|switch|p1a: Grimmsnarl|Grimmsnarl, L50, M|100/100
|cant|p2a: Ursaluna|slp
|move|p2b: Kommo-o|Body Press|p1b: Amoonguss
|-damage|p1b: Amoonguss|18/100
|-damage|p2b: Kommo-o|84/100|[from] item: Rocky Helmet|[of] p1b: Amoonguss
|move|p1b: Amoonguss|Spore|p2b: Kommo-o
|-status|p2b: Kommo-o|slp|[from] move: Spore
|
|-weather|RainDance|[upkeep]
|-heal|p2b: Kommo-o|90/100 slp|[from] item: Leftovers
|-start|p2a: Ursaluna|perish0
|upkeep
|faint|p2a: Ursaluna
|
|t:|1756306503
|switch|p2a: Arcanine|Arcanine-Hisui, L50, F|100/100
|-ability|p2a: Arcanine|Intimidate|boost
|-unboost|p1a: Grimmsnarl|atk|1
|-unboost|p1b: Amoonguss|atk|1
|turn|5
|
|t:|1756306519
|switch|p2b: Hydreigon|Hydreigon, L50, M|100/100
|switch|p1b: Gothitelle|Gothitelle, L50, M|100/100
|move|p1a: Grimmsnarl|Reflect|p1a: Grimmsnarl
|-sidestart|p1: Rege1|Reflect
|move|p2a: Arcanine|Rock Slide|p1a: Grimmsnarl|[spread] p1a,p1b
|-damage|p1a: Grimmsnarl|76/100
|-damage|p1b: Gothitelle|81/100
|
|-weather|RainDance|[upkeep]
|upkeep
|turn|6
|inactive|I LOVE KOMMO-O has 30 seconds left.
|inactive|I LOVE KOMMO-O has 20 seconds left.
|
|t:|1756306555
|move|p1b: Gothitelle|Fake Out|p2b: Hydreigon
|-damage|p2b: Hydreigon|95/100
|move|p1a: Grimmsnarl|Light Screen|p1a: Grimmsnarl
|-sidestart|p1: Rege1|move: Light Screen
|cant|p2b: Hydreigon|flinch
|move|p2a: Arcanine|Will-O-Wisp|p1a: Grimmsnarl
|-status|p1a: Grimmsnarl|brn
|
|-weather|RainDance|[upkeep]
|-damage|p1a: Grimmsnarl|70/100 brn|[from] brn
|upkeep
|turn|7
|
|t:|1756306578
|switch|p1b: Amoonguss|Amoonguss, L50, M, tera:Water|51/100
|move|p2b: Hydreigon|Earth Power|p1a: Grimmsnarl
|-damage|p1a: Grimmsnarl|50/100 brn
|move|p2a: Arcanine|Rock Slide|p1a: Grimmsnarl|[spread] p1a,p1b
|-damage|p1a: Grimmsnarl|29/100 brn
|-damage|p1b: Amoonguss|33/100
|move|p1a: Grimmsnarl|Spirit Break|p2b: Hydreigon
|-supereffective|p2b: Hydreigon
|-damage|p2b: Hydreigon|56/100
|-unboost|p2b: Hydreigon|spa|1
|
|-weather|RainDance|[upkeep]
|-damage|p1a: Grimmsnarl|23/100 brn|[from] brn
|upkeep
|turn|8
|inactive|Rege1 has 30 seconds left.
|inactive|I LOVE KOMMO-O has 30 seconds left.
|
|t:|1756306605
|switch|p2b: Kommo-o|Kommo-o, L50, F, tera:Fire|90/100 slp
|move|p2a: Arcanine|Rock Slide|p1a: Grimmsnarl|[spread] p1a,p1b
|-damage|p1a: Grimmsnarl|2/100 brn
|-damage|p1b: Amoonguss|17/100
|move|p1a: Grimmsnarl|Spirit Break|p2b: Kommo-o
|-resisted|p2b: Kommo-o
|-damage|p2b: Kommo-o|87/100 slp
|-unboost|p2b: Kommo-o|spa|1
|move|p1b: Amoonguss|Spore|p2b: Kommo-o
|-fail|p2b: Kommo-o|slp
|
|-weather|none
|-heal|p2b: Kommo-o|93/100 slp|[from] item: Leftovers
|-damage|p1a: Grimmsnarl|0 fnt|[from] brn
|faint|p1a: Grimmsnarl
|upkeep
|-message|Rege1 forfeited.
|
|win|I LOVE KOMMO-O
|raw|Rege1's rating: 1095 → 1071(-24 for losing)
|raw|I LOVE KOMMO-O's rating: 1099 → 1124(+25 for winning)
|l|☆Rege1
|player|p1|
