|j|☆bman3111
|j|‽HenriqueZVGC
|html|bman3111HenriqueZVGC    
|uhtml|bestof|Game 1 of a best-of-3
|t:|1785202628
|gametype|doubles
|player|p1|bman3111|elesa-masters|1047
|player|p2|HenriqueZVGC|steven|1122
|gen|9
|tier|[Gen 9 Champions] VGC 2026 Reg M-B (Bo3)
|rated|
|rule|Species Clause: Limit one of each Pokémon
|rule|Item Clause: Limit 1 of each item
|clearpoke
|poke|p1|Pelipper, L50, M|
|poke|p1|Archaludon, L50, M|
|poke|p1|Venusaur, L50, M|
|poke|p1|Grimmsnarl, L50, M|
|poke|p1|Swampert, L50, F|
|poke|p1|Kingambit, L50, M|
|poke|p2|Tyranitar, L50, F|
|poke|p2|Excadrill, L50, M|
|poke|p2|Milotic, L50, M|
|poke|p2|Sinistcha, L50|
|poke|p2|Staraptor, L50, F|
|poke|p2|Gholdengo, L50|
|teampreview|4
|showteam|p1|Pelipper||SitrusBerry|Drizzle|WeatherBall,Hurricane,Tailwind,Protect|Calm||M|||50|]Archaludon||Leftovers|Stamina|ElectroShot,DragonPulse,FlashCannon,Protect|Calm||M|||50|]Venusaur||Venusaurite|Chlorophyll|GigaDrain,SludgeBomb,EarthPower,Protect|Modest||M|||50|]Grimmsnarl||LightClay|Prankster|FakeOut,Reflect,LightScreen,PartingShot|Impish||M|||50|]Swampert||Swampertite|Torrent|WaveCrash,Earthquake,IcePunch,Protect|Adamant||F|||50|]Kingambit||FocusSash|Defiant|KowtowCleave,IronHead,SuckerPunch,LowKick|Adamant||M|||50|
|showteam|p2|Tyranitar||Tyranitarite|SandStream|KnockOff,RockSlide,HighHorsepower,Protect|Jolly||F|||50|]Excadrill||FocusSash|SandRush|HighHorsepower,IronHead,RockSlide,Protect|Adamant||M|||50|]Milotic||SitrusBerry|Competitive|Scald,IcyWind,Haze,Protect|Calm||M|||50|]Sinistcha||ColburBerry|Hospitality|MatchaGotcha,ShadowBall,Protect,RagePowder|Bold|||||50|]Staraptor||Staraptite|Intimidate|CloseCombat,BraveBird,Tailwind,Protect|Jolly||F|||50|]Gholdengo||LifeOrb|GoodasGold|MakeItRain,ShadowBall,NastyPlot,Protect|Modest|||||50|
|inactive|Battle timer is ON: inactive players will automatically lose when time's up. (requested by bman3111)
|inactive|HenriqueZVGC also wants the timer to be on.
|inactive|HenriqueZVGC has 60 seconds left.
|
|t:|1785202681
|teamsize|p1|4
|teamsize|p2|4
|start
|switch|p1a: Venusaur|Venusaur, L50, M|100/100
|switch|p1b: Grimmsnarl|Grimmsnarl, L50, M|100/100
|switch|p2a: Sinistcha|Sinistcha, L50|100/100
|switch|p2b: Gholdengo|Gholdengo, L50|100/100
|turn|1
|inactive|HenriqueZVGC has 30 seconds left.
|inactive|HenriqueZVGC has 20 seconds left.
|inactive|HenriqueZVGC has 15 seconds left.
|inactive|HenriqueZVGC has 10 seconds left.
|inactive|HenriqueZVGC has 5 seconds left.
|
|t:|1785202733
|detailschange|p1a: Venusaur|Venusaur-Mega, L50, M
|-mega|p1a: Venusaur|Venusaur|Venusaurite
|move|p1b: Grimmsnarl|Light Screen|p1b: Grimmsnarl
|-sidestart|p1: bman3111|move: Light Screen
|move|p2b: Gholdengo|Nasty Plot|p2b: Gholdengo
|-boost|p2b: Gholdengo|spa|2
|move|p1a: Venusaur|Earth Power|p2b: Gholdengo
|-supereffective|p2b: Gholdengo|1
|-damage|p2b: Gholdengo|41/100
|move|p2a: Sinistcha|Shadow Ball|p1a: Venusaur
|-damage|p1a: Venusaur|83/100
|-unboost|p1a: Venusaur|spd|1
|
|upkeep
|turn|2
|inactive|bman3111 has 30 seconds left.
|inactive|HenriqueZVGC has 30 seconds left.
|
|t:|1785202765
|switch|p2b: Staraptor|Staraptor, L50, F|100/100
|-ability|p2b: Staraptor|Intimidate|boost
|-unboost|p1a: Venusaur|atk|1
|-unboost|p1b: Grimmsnarl|atk|1
|move|p1a: Venusaur|Protect|p1a: Venusaur
|-singleturn|p1a: Venusaur|Protect
|move|p2a: Sinistcha|Protect|p2a: Sinistcha
|-singleturn|p2a: Sinistcha|Protect
|move|p1b: Grimmsnarl|Parting Shot|p2a: Sinistcha
|-activate|p2a: Sinistcha|move: Protect
|
|upkeep
|turn|3
|inactive|HenriqueZVGC has 30 seconds left.
|inactive|HenriqueZVGC has 20 seconds left.
|inactive|HenriqueZVGC has 15 seconds left.
|inactive|HenriqueZVGC has 10 seconds left.
|inactive|HenriqueZVGC has 5 seconds left.
|
|t:|1785202819
|switch|p1a: Archaludon|Archaludon, L50, M|100/100
|move|p1b: Grimmsnarl|Reflect|p1b: Grimmsnarl
|-sidestart|p1: bman3111|Reflect
|move|p2b: Staraptor|Tailwind|p2b: Staraptor
|-sidestart|p2: HenriqueZVGC|move: Tailwind
|move|p2a: Sinistcha|Shadow Ball|p1b: Grimmsnarl
|-resisted|p1b: Grimmsnarl|1
|-damage|p1b: Grimmsnarl|90/100
|
|upkeep
|turn|4
|inactive|HenriqueZVGC has 30 seconds left.
|
|t:|1785202850
|move|p2b: Staraptor|Protect|p2b: Staraptor
|-singleturn|p2b: Staraptor|Protect
|move|p2a: Sinistcha|Protect|p2a: Sinistcha
|-singleturn|p2a: Sinistcha|Protect
|move|p1b: Grimmsnarl|Parting Shot|p2a: Sinistcha
|-activate|p2a: Sinistcha|move: Protect
|move|p1a: Archaludon|Electro Shot||[still]
|-prepare|p1a: Archaludon|Electro Shot
|-boost|p1a: Archaludon|spa|1
|
|upkeep
|turn|5
|inactive|HenriqueZVGC has 30 seconds left.
|
|t:|1785202880
|detailschange|p2b: Staraptor|Staraptor-Mega, L50, F
|-mega|p2b: Staraptor|Staraptor|Staraptite
|move|p2a: Sinistcha|Rage Powder|p2a: Sinistcha
|-singleturn|p2a: Sinistcha|move: Rage Powder
|move|p1b: Grimmsnarl|Parting Shot|p2a: Sinistcha
|-unboost|p2a: Sinistcha|atk|1
|-unboost|p2a: Sinistcha|spa|1
|
|t:|1785202885
|switch|p1b: Pelipper|Pelipper, L50, M|100/100|[from] Parting Shot
|-weather|RainDance|[from] ability: Drizzle|[of] p1b: Pelipper
|move|p2b: Staraptor|Close Combat|p1a: Archaludon
|-supereffective|p1a: Archaludon|1
|-crit|p1a: Archaludon
|-damage|p1a: Archaludon|0 fnt
|-boost|p2b: Staraptor|def|1
|-boost|p2b: Staraptor|spd|1
|faint|p1a: Archaludon
|
|-weather|RainDance|[upkeep]
|upkeep
|
|t:|1785202894
|switch|p1a: Venusaur|Venusaur-Mega, L50, M|83/100
|turn|6
|inactive|HenriqueZVGC has 30 seconds left.
|inactive|HenriqueZVGC has 20 seconds left.
|
|t:|1785202933
|move|p2b: Staraptor|Protect|p2b: Staraptor
|-singleturn|p2b: Staraptor|Protect
|move|p2a: Sinistcha|Shadow Ball|p1a: Venusaur
|-damage|p1a: Venusaur|72/100
|-unboost|p1a: Venusaur|spd|1
|move|p1a: Venusaur|Sludge Bomb|p2b: Staraptor
|-activate|p2b: Staraptor|move: Protect
|move|p1b: Pelipper|Tailwind|p1b: Pelipper
|-sidestart|p1: bman3111|move: Tailwind
|
|-weather|RainDance|[upkeep]
|-sideend|p2: HenriqueZVGC|move: Tailwind
|upkeep
|turn|7
|
|t:|1785202957
|switch|p2b: Gholdengo|Gholdengo, L50|41/100
|switch|p2a: Tyranitar|Tyranitar, L50, F|100/100
|-weather|Sandstorm|[from] ability: Sand Stream|[of] p2a: Tyranitar
|move|p1a: Venusaur|Sludge Bomb|p2b: Gholdengo
|-immune|p2b: Gholdengo
|move|p1b: Pelipper|Hurricane|p2b: Gholdengo
|-resisted|p2b: Gholdengo|1
|-damage|p2b: Gholdengo|25/100
|
|-weather|Sandstorm|[upkeep]
|-damage|p1a: Venusaur|66/100|[from] Sandstorm
|-damage|p1b: Pelipper|93/100|[from] Sandstorm
|upkeep
|turn|8
|inactive|HenriqueZVGC has 30 seconds left.
|
|t:|1785202987
|switch|p1b: Grimmsnarl|Grimmsnarl, L50, M|90/100
|move|p2a: Tyranitar|Protect|p2a: Tyranitar
|-singleturn|p2a: Tyranitar|Protect
|move|p1a: Venusaur|Giga Drain|p2a: Tyranitar
|-activate|p2a: Tyranitar|move: Protect
|move|p2b: Gholdengo|Shadow Ball|p1a: Venusaur
|-damage|p1a: Venusaur|21/100
|-damage|p2b: Gholdengo|16/100|[from] item: Life Orb
|
|-weather|Sandstorm|[upkeep]
|-damage|p1a: Venusaur|16/100|[from] Sandstorm
|-damage|p1b: Grimmsnarl|84/100|[from] Sandstorm
|-sideend|p1: bman3111|move: Light Screen
|upkeep
|turn|9
|
|t:|1785203011
|switch|p2a: Sinistcha|Sinistcha, L50|100/100
|-heal|p2b: Gholdengo|41/100|[from] ability: Hospitality|[of] p2a: Sinistcha
|move|p1b: Grimmsnarl|Light Screen|p1b: Grimmsnarl
|-sidestart|p1: bman3111|move: Light Screen
|move|p1a: Venusaur|Giga Drain|p2a: Sinistcha
|-resisted|p2a: Sinistcha|1
|-damage|p2a: Sinistcha|79/100
|-heal|p1a: Venusaur|25/100|[from] drain|[of] p2a: Sinistcha
|move|p2b: Gholdengo|Make It Rain|p1b: Grimmsnarl|[spread] p1a,p1b
|-supereffective|p1b: Grimmsnarl|1
|-damage|p1a: Venusaur|0 fnt
|-damage|p1b: Grimmsnarl|11/100
|-unboost|p2b: Gholdengo|spa|2
|faint|p1a: Venusaur
|-damage|p2b: Gholdengo|31/100|[from] item: Life Orb
|
|-weather|Sandstorm|[upkeep]
|-damage|p1b: Grimmsnarl|5/100|[from] Sandstorm
|-damage|p2a: Sinistcha|73/100|[from] Sandstorm
|-sideend|p1: bman3111|move: Tailwind
|upkeep
|-message|bman3111 forfeited.
|
|win|HenriqueZVGC
||bman3111 is ready for game 2.
|l|☆bman3111
|player|p1|
|inactive|HenriqueZVGC has 30 seconds to confirm battle start!
||HenriqueZVGC is ready for game 2.
|uhtml|next|Next: Game 2 of 3
