|j|☆Fell Blue
|j|☆Flinflox
|html|Fell BlueFlinflox    
|uhtml|bestof|Game 2 of a best-of-3
|t:|1783227257
|gametype|doubles
|player|p1|Fell Blue|gwynn|1304
|player|p2|Flinflox|steven|1163
|gen|9
|tier|[Gen 9 Champions] VGC 2026 Reg M-B (Bo3)
|rated|
|rule|Species Clause: Limit one of each Pokémon
|rule|Item Clause: Limit 1 of each item
|clearpoke
|poke|p1|Mawile, L50, F|
|poke|p1|Farigiraf, L50, F|
|poke|p1|Drampa, L50, M|
|poke|p1|Kleavor, L50, F|
|poke|p1|Araquanid, L50, F|
|poke|p1|Incineroar, L50, F|
|poke|p2|Metagross, L50|
|poke|p2|Floette-Eternal, L50, F|
|poke|p2|Incineroar, L50, F, shiny|
|poke|p2|Aerodactyl, L50, F|
|poke|p2|Sinistcha, L50|
|poke|p2|Kommo-o, L50, F|
|teampreview|4
|showteam|p1|Mawile||Mawilite|HyperCutter|RockSlide,PlayRough,SuckerPunch,SwordsDance|Brave||F|||50|]Farigiraf||SitrusBerry|ArmorTail|Thunderbolt,HelpingHand,Psychic,TrickRoom|Modest||F|||50|]Drampa||Drampanite|CloudNine|EarthPower,HyperVoice,Thunderbolt,Protect|Quiet||M|||50|]Kleavor||FocusSash|Sharpness|CloseCombat,StoneAxe,XScissor,Feint|Brave||F|||50|]Araquanid||MysticWater|WaterBubble|Surf,HydroPump,MirrorCoat,Endeavor|Quiet||F|||50|]Incineroar||LifeOrb|Intimidate|CloseCombat,FlareBlitz,FakeOut,ThroatChop|Brave||F|||50|
|showteam|p2|Metagross||Metagrossite|ClearBody|IronHead,PsychicFangs,Protect,StompingTantrum|Jolly|||||50|]Floette-Eternal||Floettite|FlowerVeil|Moonblast,DazzlingGleam,Protect,CalmMind|Timid||F|||50|]Incineroar||ChopleBerry|Intimidate|FlareBlitz,DarkestLariat,FakeOut,PartingShot|Careful||F|||50|]Aerodactyl||FocusSash|Unnerve|RockSlide,DualWingbeat,Protect,Tailwind|Jolly||F|||50|]Sinistcha||SitrusBerry|Hospitality|MatchaGotcha,RagePowder,LifeDew,TrickRoom|Calm|||||50|]Kommo-o||Leftovers|Soundproof|ClangingScales,AuraSphere,Protect,ClangorousSoul|Timid||F|||50|
|
|t:|1783227296
|teamsize|p1|4
|teamsize|p2|4
|start
|switch|p1a: Farigiraf|Farigiraf, L50, F|100/100
|switch|p1b: Mawile|Mawile, L50, F|100/100
|switch|p2a: Kommo-o|Kommo-o, L50, F|100/100
|switch|p2b: Incineroar|Incineroar, L50, F, shiny|100/100
|-ability|p2b: Incineroar|Intimidate|boost
|-unboost|p1a: Farigiraf|atk|1
|-fail|p1b: Mawile|unboost|Attack|[from] ability: Hyper Cutter|[of] p1b: Mawile
|turn|1
|inactive|Battle timer is ON: inactive players will automatically lose when time's up. (requested by Flinflox)
|
|t:|1783227311
|switch|p1b: Incineroar|Incineroar, L50, F|100/100
|-ability|p1b: Incineroar|Intimidate|boost
|-unboost|p2a: Kommo-o|atk|1
|-unboost|p2b: Incineroar|atk|1
|move|p2a: Kommo-o|Aura Sphere|p1b: Incineroar
|-supereffective|p1b: Incineroar|1
|-damage|p1b: Incineroar|42/100
|move|p2b: Incineroar|Flare Blitz|p1b: Incineroar
|-resisted|p1b: Incineroar|1
|-damage|p1b: Incineroar|29/100
|-damage|p2b: Incineroar|95/100|[from] Recoil
|move|p1a: Farigiraf|Trick Room|p1a: Farigiraf
|-fieldstart|move: Trick Room|[of] p1a: Farigiraf
|
|upkeep
|turn|2
|
|t:|1783227326
|move|p2a: Kommo-o|Protect|p2a: Kommo-o
|-singleturn|p2a: Kommo-o|Protect
|move|p1b: Incineroar|Fake Out|p2b: Incineroar
|-damage|p2b: Incineroar|78/100
|-damage|p1b: Incineroar|19/100|[from] item: Life Orb
|move|p1a: Farigiraf|Psychic|p2a: Kommo-o
|-activate|p2a: Kommo-o|move: Protect
|cant|p2b: Incineroar|flinch
|
|upkeep
|turn|3
|
|t:|1783227340
|switch|p2a: Sinistcha|Sinistcha, L50|100/100
|-heal|p2b: Incineroar|100/100|[from] ability: Hospitality|[of] p2a: Sinistcha
|move|p1b: Incineroar|Close Combat|p2b: Incineroar
|-supereffective|p2b: Incineroar|1
|-enditem|p2b: Incineroar|Chople Berry|[eat]
|-enditem|p2b: Incineroar|Chople Berry|[weaken]
|-damage|p2b: Incineroar|48/100
|-unboost|p1b: Incineroar|def|1
|-unboost|p1b: Incineroar|spd|1
|-damage|p1b: Incineroar|9/100|[from] item: Life Orb
|move|p1a: Farigiraf|Psychic|p2a: Sinistcha
|-damage|p2a: Sinistcha|66/100
|move|p2b: Incineroar|Parting Shot|p1b: Incineroar
|-unboost|p1b: Incineroar|atk|1
|-unboost|p1b: Incineroar|spa|1
|
|t:|1783227352
|switch|p2b: Kommo-o|Kommo-o, L50, F|100/100|[from] Parting Shot
|
|upkeep
|turn|4
|
|t:|1783227366
|switch|p1b: Araquanid|Araquanid, L50, F|100/100
|switch|p2a: Incineroar|Incineroar, L50, F, shiny|48/100
|-ability|p2a: Incineroar|Intimidate|boost
|-unboost|p1a: Farigiraf|atk|1
|-unboost|p1b: Araquanid|atk|1
|move|p1a: Farigiraf|Psychic|p2b: Kommo-o
|-supereffective|p2b: Kommo-o|1
|-damage|p2b: Kommo-o|32/100
|move|p2b: Kommo-o|Clangorous Soul||[still]
|-fail|p2b: Kommo-o
|
|-heal|p2b: Kommo-o|38/100|[from] item: Leftovers
|upkeep
|turn|5
|
|t:|1783227384
|switch|p2b: Sinistcha|Sinistcha, L50|66/100
|-heal|p2a: Incineroar|73/100|[from] ability: Hospitality|[of] p2b: Sinistcha
|move|p1b: Araquanid|Hydro Pump|p2a: Incineroar
|-supereffective|p2a: Incineroar|1
|-crit|p2a: Incineroar
|-damage|p2a: Incineroar|0 fnt
|faint|p2a: Incineroar
|move|p1a: Farigiraf|Psychic|p2b: Sinistcha
|-damage|p2b: Sinistcha|32/100
|-enditem|p2b: Sinistcha|Sitrus Berry|[eat]
|-heal|p2b: Sinistcha|57/100|[from] item: Sitrus Berry
|
|-fieldend|move: Trick Room
|upkeep
|
|t:|1783227391
|switch|p2a: Metagross|Metagross, L50|100/100
|turn|6
|
|t:|1783227410
|detailschange|p2a: Metagross|Metagross-Mega, L50
|-mega|p2a: Metagross|Metagross|Metagrossite
|move|p2a: Metagross|Iron Head|p1a: Farigiraf
|-damage|p1a: Farigiraf|45/100
|-enditem|p1a: Farigiraf|Sitrus Berry|[eat]
|-heal|p1a: Farigiraf|69/100|[from] item: Sitrus Berry
|move|p2b: Sinistcha|Life Dew||[still]|[spread] p2a,p2b
|-fail|p2a: Metagross|heal
|-heal|p2b: Sinistcha|82/100
|move|p1b: Araquanid|Hydro Pump|p2a: Metagross
|-damage|p2a: Metagross|14/100
|move|p1a: Farigiraf|Trick Room|p1a: Farigiraf
|-fieldstart|move: Trick Room|[of] p1a: Farigiraf
|
|upkeep
|turn|7
|-message|Flinflox forfeited.
|
|win|Fell Blue
|raw|Fell Blue's rating: 1304 → 1316(+12 for winning)
|raw|Flinflox's rating: 1163 → 1148(-15 for losing)
|l|☆Flinflox
|player|p2|
