|j|☆Missed Ledgedash
|j|☆plsbringregi
|html|Missed Ledgedashplsbringregi    
|uhtml|bestof|Game 3 of a best-of-3
|t:|1784584448
|gametype|doubles
|player|p1|Missed Ledgedash|juan-gen3|1223
|player|p2|plsbringregi|2|1467
|gen|9
|tier|[Gen 9 Champions] VGC 2026 Reg M-B (Bo3)
|rated|
|rule|Species Clause: Limit one of each Pokémon
|rule|Item Clause: Limit 1 of each item
|clearpoke
|poke|p1|Gengar, L50, M|
|poke|p1|Incineroar, L50, F|
|poke|p1|Swampert, L50, F|
|poke|p1|Politoed, L50, F|
|poke|p1|Archaludon, L50, F|
|poke|p1|Vivillon, L50, F|
|poke|p2|Staraptor, L50, F|
|poke|p2|Kleavor, L50, F|
|poke|p2|Gholdengo, L50|
|poke|p2|Primarina, L50, M|
|poke|p2|Talonflame, L50, F|
|poke|p2|Venusaur, L50, F|
|teampreview|4
|showteam|p1|Gengar||Gengarite|CursedBody|Protect,ShadowBall,SludgeBomb,PerishSong|Timid||M|||50|]Incineroar||PasshoBerry|Intimidate|Protect,DarkestLariat,PartingShot,FakeOut|Relaxed||F|||50|]Swampert||Swampertite|Torrent|Protect,WaveCrash,HighHorsepower,IcePunch|Adamant||F|||50|]Politoed||SitrusBerry|Drizzle|Protect,WeatherBall,PerishSong,Encore|Calm||F|||50|]Archaludon||Leftovers|Stamina|Protect,DragonPulse,FlashCannon,ElectroShot|Bold||F|||50|]Vivillon||FocusSash|CompoundEyes|Protect,Hurricane,SleepPowder,RagePowder|Timid||F|||50|
|showteam|p2|Staraptor||Staraptite|Intimidate|CloseCombat,BraveBird,Roost,Protect|Jolly||F|||50|]Kleavor||FocusSash|Sharpness|StoneAxe,XScissor,CloseCombat,Protect|Jolly||F|||50|]Gholdengo||LifeOrb|GoodasGold|ShadowBall,MakeItRain,NastyPlot,Protect|Modest|||||50|]Primarina||MysticWater|LiquidVoice|HyperVoice,Moonblast,HydroCannon,Protect|Modest||M|||50|]Talonflame||SharpBeak|GaleWings|BraveBird,FlareBlitz,Tailwind,Protect|Jolly||F|||50|]Venusaur||Venusaurite|Overgrow|GigaDrain,SludgeBomb,EarthPower,Protect|Modest||F|||50|
|
|t:|1784584471
|teamsize|p1|4
|teamsize|p2|4
|start
|switch|p1a: Gengar|Gengar, L50, M|100/100
|switch|p1b: Vivillon|Vivillon, L50, F|100/100
|switch|p2a: Venusaur|Venusaur, L50, F|100/100
|switch|p2b: Gholdengo|Gholdengo, L50|100/100
|turn|1
|
|t:|1784584486
|detailschange|p1a: Gengar|Gengar-Mega, L50, M
|-mega|p1a: Gengar|Gengar|Gengarite
|detailschange|p2a: Venusaur|Venusaur-Mega, L50, F
|-mega|p2a: Venusaur|Venusaur|Venusaurite
|move|p2b: Gholdengo|Protect|p2b: Gholdengo
|-singleturn|p2b: Gholdengo|Protect
|move|p1b: Vivillon|Rage Powder|p1b: Vivillon
|-singleturn|p1b: Vivillon|move: Rage Powder
|move|p1a: Gengar|Shadow Ball|p2b: Gholdengo
|-activate|p2b: Gholdengo|move: Protect
|move|p2a: Venusaur|Earth Power|p1a: Gengar
|-supereffective|p1a: Gengar|1
|-damage|p1a: Gengar|33/100
|
|upkeep
|turn|2
|
|t:|1784584508
|switch|p2b: Talonflame|Talonflame, L50, F|100/100
|move|p2a: Venusaur|Protect|p2a: Venusaur
|-singleturn|p2a: Venusaur|Protect
|move|p1a: Gengar|Shadow Ball|p2b: Talonflame
|-damage|p2b: Talonflame|25/100
|-unboost|p2b: Talonflame|spd|1
|move|p1b: Vivillon|Hurricane|p2a: Venusaur
|-activate|p2a: Venusaur|move: Protect
|
|upkeep
|turn|3
|
|t:|1784584528
|move|p1a: Gengar|Protect|p1a: Gengar
|-singleturn|p1a: Gengar|Protect
|move|p2b: Talonflame|Tailwind|p2b: Talonflame
|-sidestart|p2: plsbringregi|move: Tailwind
|move|p2a: Venusaur|Sludge Bomb|p1b: Vivillon
|-damage|p1b: Vivillon|21/100
|-status|p1b: Vivillon|psn
|move|p1b: Vivillon|Hurricane|p2a: Venusaur
|-supereffective|p2a: Venusaur|1
|-damage|p2a: Venusaur|18/100
|
|-damage|p1b: Vivillon|8/100 psn|[from] psn
|upkeep
|turn|4
|
|t:|1784584554
|switch|p1b: Archaludon|Archaludon, L50, F|100/100
|move|p2b: Talonflame|Brave Bird|p1b: Archaludon
|-resisted|p1b: Archaludon|1
|-damage|p1b: Archaludon|80/100
|-ability|p1b: Archaludon|Stamina|boost
|-boost|p1b: Archaludon|def|1
|-damage|p2b: Talonflame|18/100|[from] Recoil
|move|p2a: Venusaur|Earth Power|p1a: Gengar
|-supereffective|p1a: Gengar|1
|-damage|p1a: Gengar|0 fnt
|faint|p1a: Gengar
|
|-heal|p1b: Archaludon|86/100|[from] item: Leftovers
|upkeep
|
|t:|1784584568
|switch|p1a: Vivillon|Vivillon, L50, F|8/100 psn
|turn|5
|
|t:|1784584577
|move|p2b: Talonflame|Brave Bird|p1a: Vivillon
|-supereffective|p1a: Vivillon|1
|-damage|p1a: Vivillon|0 fnt
|faint|p1a: Vivillon
|-damage|p2b: Talonflame|14/100|[from] Recoil
|move|p2a: Venusaur|Giga Drain|p1b: Archaludon
|-resisted|p1b: Archaludon|2
|-damage|p1b: Archaludon|73/100
|-heal|p2a: Venusaur|25/100|[from] drain|[of] p1b: Archaludon
|-ability|p1b: Archaludon|Stamina|boost
|-boost|p1b: Archaludon|def|1
|move|p1b: Archaludon|Dragon Pulse|p2a: Venusaur
|-damage|p2a: Venusaur|0 fnt
|faint|p2a: Venusaur
|
|-heal|p1b: Archaludon|79/100|[from] item: Leftovers
|upkeep
|
|t:|1784584589
|switch|p1a: Politoed|Politoed, L50, F|100/100
|switch|p2a: Gholdengo|Gholdengo, L50|100/100
|-weather|RainDance|[from] ability: Drizzle|[of] p1a: Politoed
|turn|6
|
|t:|1784584598
|move|p2a: Gholdengo|Protect|p2a: Gholdengo
|-singleturn|p2a: Gholdengo|Protect
|move|p2b: Talonflame|Brave Bird|p1a: Politoed
|-damage|p1a: Politoed|49/100
|-enditem|p1a: Politoed|Sitrus Berry|[eat]
|-heal|p1a: Politoed|74/100|[from] item: Sitrus Berry
|-damage|p2b: Talonflame|0 fnt|[from] Recoil
|faint|p2b: Talonflame
|move|p1b: Archaludon|Electro Shot||[still]
|-prepare|p1b: Archaludon|Electro Shot
|-boost|p1b: Archaludon|spa|1
|-anim|p1b: Archaludon|Electro Shot|p2a: Gholdengo
|-activate|p2a: Gholdengo|move: Protect
|move|p1a: Politoed|Weather Ball|p2a: Gholdengo
|-activate|p2a: Gholdengo|move: Protect
|
|-weather|RainDance|[upkeep]
|-heal|p1b: Archaludon|85/100|[from] item: Leftovers
|-sideend|p2: plsbringregi|move: Tailwind
|upkeep
|
|t:|1784584603
|switch|p2b: Kleavor|Kleavor, L50, F|100/100
|turn|7
|
|t:|1784584621
|move|p2b: Kleavor|Close Combat|p1b: Archaludon
|-supereffective|p1b: Archaludon|1
|-damage|p1b: Archaludon|58/100
|-unboost|p2b: Kleavor|def|1
|-unboost|p2b: Kleavor|spd|1
|-ability|p1b: Archaludon|Stamina|boost
|-boost|p1b: Archaludon|def|1
|move|p2a: Gholdengo|Shadow Ball|p1b: Archaludon
|-damage|p1b: Archaludon|0 fnt
|faint|p1b: Archaludon
|-damage|p2a: Gholdengo|90/100|[from] item: Life Orb
|move|p1a: Politoed|Weather Ball|p2b: Kleavor
|-supereffective|p2b: Kleavor|1
|-enditem|p2b: Kleavor|Focus Sash
|-damage|p2b: Kleavor|1/100
|
|-weather|RainDance|[upkeep]
|upkeep
|turn|8
|
|t:|1784584639
|move|p2b: Kleavor|X-Scissor|p1a: Politoed
|-damage|p1a: Politoed|11/100
|move|p2a: Gholdengo|Shadow Ball|p1a: Politoed
|-damage|p1a: Politoed|0 fnt
|faint|p1a: Politoed
|-damage|p2a: Gholdengo|81/100|[from] item: Life Orb
|
|win|plsbringregi
|raw|Missed Ledgedash's rating: 1223 → 1213(-10 for losing)
|raw|plsbringregi's rating: 1467 → 1475(+8 for winning)
