|j|☆MuseigenTest
|j|☆buf38 zorrogafas
|html|MuseigenTestbuf38 zorrogafas    
|uhtml|bestof|Game 1 of a best-of-3
|t:|1756337141
|gametype|doubles
|player|p1|MuseigenTest|170|1166
|player|p2|buf38 zorrogafas|ghetsis-gen5bw|1131
|gen|9
|tier|[Gen 9] VGC 2025 Reg H (Bo3)
|rated|
|rule|Species Clause: Limit one of each Pokémon
|rule|Item Clause: Limit 1 of each item
|clearpoke
|poke|p1|Sneasler, L50, F|
|poke|p1|Indeedee, L50, M|
|poke|p1|Volcarona, L50, M|
|poke|p1|Ursaluna-Bloodmoon, L50, M|
|poke|p1|Annihilape, L50, F|
|poke|p1|Tyranitar, L50, M|
|poke|p2|Primarina, L50, F|
|poke|p2|Kingambit, L50, F|
|poke|p2|Zoroark-Hisui, L50, M|
|poke|p2|Rillaboom, L50, F|
|poke|p2|Grimmsnarl, L50, M|
|poke|p2|Volcarona, L50, F|
|teampreview|4
|showteam|p1|Sneasler||PsychicSeed|Unburden|CloseCombat,DireClaw,ThroatChop,Protect|||F|||50|,,,,,Dark]Indeedee||ChoiceScarf|PsychicSurge|ExpandingForce,TeraBlast,Trick,Protect|||M|||50|,,,,,Psychic]Volcarona||SitrusBerry|FlameBody|Overheat,StruggleBug,RagePowder,Tailwind|||M|||50|,,,,,Grass]Ursaluna-Bloodmoon||LifeOrb|MindsEye|BloodMoon,HyperVoice,EarthPower,Protect|||M|||50|,,,,,Normal]Annihilape||SafetyGoggles|Defiant|CloseCombat,RageFist,Taunt,FinalGambit|||F|||50|,,,,,Fairy]Tyranitar||AssaultVest|SandStream|RockSlide,KnockOff,TeraBlast,LowKick|||M|||50|,,,,,Flying
|showteam|p2|Primarina||ThroatSpray|LiquidVoice|HyperVoice,Moonblast,CalmMind,Protect|||F|||50|,,,,,Fire]Kingambit||BlackGlasses|Defiant|SuckerPunch,KowtowCleave,SwordsDance,Protect|||F|||50|,,,,,Dark]Zoroark-Hisui||FocusSash|Illusion|ShadowBall,HyperVoice,Taunt,WillOWisp|||M|||50|,,,,,Normal]Rillaboom||AssaultVest|GrassySurge|GrassyGlide,WoodHammer,FakeOut,HighHorsepower|||F|||50|,,,,,Fire]Grimmsnarl||LightClay|Prankster|SpiritBreak,Reflect,LightScreen,ThunderWave|||M|||50|,,,,,Ghost]Volcarona||Leftovers|FlameBody|Flamethrower,Protect,GigaDrain,QuiverDance|||F|||50|,,,,,Grass
|c|☆MuseigenTest|GL
|c|☆buf38 zorrogafas|gl
|inactive|Battle timer is ON: inactive players will automatically lose when time's up. (requested by buf38 zorrogafas)
|inactive|MuseigenTest has 60 seconds left.
|
|t:|1756337205
|teamsize|p1|4
|teamsize|p2|4
|start
|switch|p1a: Annihilape|Annihilape, L50, F|100/100
|switch|p1b: Tyranitar|Tyranitar, L50, M|100/100
|switch|p2a: Kingambit|Kingambit, L50, F, shiny|100/100
|switch|p2b: Rillaboom|Rillaboom, L50, F|100/100
|-fieldstart|move: Grassy Terrain|[from] ability: Grassy Surge|[of] p2b: Rillaboom
|-weather|Sandstorm|[from] ability: Sand Stream|[of] p1b: Tyranitar
|turn|1
|inactive|MuseigenTest has 30 seconds left.
|inactive|MuseigenTest has 20 seconds left.
|inactive|buf38 zorrogafas has 30 seconds left.
|inactive|MuseigenTest has 15 seconds left.
|inactive|MuseigenTest has 10 seconds left.
|inactive|MuseigenTest has 5 seconds left.
|
|t:|1756337260
|switch|p2b: Grimmsnarl|Grimmsnarl, L50, M|100/100
|move|p2a: Kingambit|Protect|p2a: Kingambit
|-singleturn|p2a: Kingambit|Protect
|move|p1a: Annihilape|Close Combat|p2b: Grimmsnarl
|-damage|p2b: Grimmsnarl|44/100
|-unboost|p1a: Annihilape|def|1
|-unboost|p1a: Annihilape|spd|1
|move|p1b: Tyranitar|Rock Slide|p2b: Grimmsnarl|[spread] p2b
|-activate|p2a: Kingambit|move: Protect
|-damage|p2b: Grimmsnarl|10/100
|
|-weather|Sandstorm|[upkeep]
|-damage|p2b: Grimmsnarl|4/100|[from] Sandstorm
|-heal|p2b: Grimmsnarl|10/100|[from] Grassy Terrain
|upkeep
|turn|2
|inactive|MuseigenTest has 30 seconds left.
|inactive|buf38 zorrogafas has 30 seconds left.
|inactive|buf38 zorrogafas has 20 seconds left.
|
|t:|1756337305
|switch|p1a: Indeedee|Indeedee, L50, M|100/100
|-fieldstart|move: Psychic Terrain|[from] ability: Psychic Surge|[of] p1a: Indeedee
|-terastallize|p2a: Kingambit|Dark
|move|p2b: Grimmsnarl|Reflect|p2b: Grimmsnarl
|-sidestart|p2: buf38 zorrogafas|Reflect
|move|p1b: Tyranitar|Low Kick|p2a: Kingambit
|-supereffective|p2a: Kingambit
|-damage|p2a: Kingambit|66/100
|move|p2a: Kingambit|Swords Dance|p2a: Kingambit
|-boost|p2a: Kingambit|atk|2
|
|-weather|Sandstorm|[upkeep]
|-damage|p1a: Indeedee|95/100|[from] Sandstorm
|-damage|p2b: Grimmsnarl|4/100|[from] Sandstorm
|-damage|p2a: Kingambit|60/100|[from] Sandstorm
|upkeep
|turn|3
|inactive|MuseigenTest has 30 seconds left.
|inactive|MuseigenTest has 20 seconds left.
|inactive|MuseigenTest has 15 seconds left.
|inactive|MuseigenTest has 10 seconds left.
|inactive|MuseigenTest has 5 seconds left.
|
|t:|1756337357
|switch|p2b: Rillaboom|Rillaboom, L50, F|100/100
|-fieldstart|move: Grassy Terrain|[from] ability: Grassy Surge|[of] p2b: Rillaboom
|move|p2a: Kingambit|Sucker Punch||[still]
|-fail|p2a: Kingambit
|move|p1a: Indeedee|Trick|p2a: Kingambit
|-activate|p1a: Indeedee|move: Trick|[of] p2a: Kingambit
|-item|p2a: Kingambit|Choice Scarf|[from] move: Trick
|-item|p1a: Indeedee|Black Glasses|[from] move: Trick
|move|p1b: Tyranitar|Low Kick|p2b: Rillaboom
|-damage|p2b: Rillaboom|82/100
|
|-weather|Sandstorm|[upkeep]
|-damage|p1a: Indeedee|89/100|[from] Sandstorm
|-damage|p2b: Rillaboom|76/100|[from] Sandstorm
|-damage|p2a: Kingambit|54/100|[from] Sandstorm
|-heal|p1a: Indeedee|95/100|[from] Grassy Terrain
|-heal|p2b: Rillaboom|82/100|[from] Grassy Terrain
|-heal|p2a: Kingambit|60/100|[from] Grassy Terrain
|upkeep
|turn|4
|inactive|MuseigenTest has 30 seconds left.
|inactive|buf38 zorrogafas has 30 seconds left.
|
|t:|1756337385
|switch|p1a: Annihilape|Annihilape, L50, F|100/100
|-terastallize|p1b: Tyranitar|Flying
|move|p2b: Rillaboom|Fake Out|p1b: Tyranitar
|-damage|p1b: Tyranitar|87/100
|move|p2a: Kingambit|Kowtow Cleave|p1a: Annihilape
|-damage|p1a: Annihilape|0 fnt
|faint|p1a: Annihilape
|cant|p1b: Tyranitar|flinch
|
|-weather|Sandstorm|[upkeep]
|-damage|p2b: Rillaboom|76/100|[from] Sandstorm
|-damage|p2a: Kingambit|54/100|[from] Sandstorm
|-damage|p1b: Tyranitar|82/100|[from] Sandstorm
|-heal|p2b: Rillaboom|82/100|[from] Grassy Terrain
|-heal|p2a: Kingambit|60/100|[from] Grassy Terrain
|upkeep
|
|t:|1756337400
|switch|p1a: Indeedee|Indeedee, L50, M|95/100
|-fieldstart|move: Psychic Terrain|[from] ability: Psychic Surge|[of] p1a: Indeedee
|turn|5
|
|t:|1756337418
|switch|p2b: Grimmsnarl|Grimmsnarl, L50, M|4/100
|move|p1a: Indeedee|Expanding Force|p2a: Kingambit|[spread] 
|-immune|p2a: Kingambit
|-immune|p2b: Grimmsnarl
|move|p2a: Kingambit|Kowtow Cleave|p1b: Tyranitar
|-damage|p1b: Tyranitar|0 fnt
|faint|p1b: Tyranitar
|
|-weather|none
|upkeep
|
|t:|1756337426
|switch|p1b: Sneasler|Sneasler, L50, F|100/100
|-enditem|p1b: Sneasler|Psychic Seed
|-boost|p1b: Sneasler|spd|1|[from] item: Psychic Seed
|turn|6
|inactive|MuseigenTest has 30 seconds left.
|
|t:|1756337456
|move|p1a: Indeedee|Protect|p1a: Indeedee
|-singleturn|p1a: Indeedee|Protect
|move|p1b: Sneasler|Close Combat|p2a: Kingambit
|-supereffective|p2a: Kingambit
|-damage|p2a: Kingambit|0 fnt
|-unboost|p1b: Sneasler|def|1
|-unboost|p1b: Sneasler|spd|1
|faint|p2a: Kingambit
|move|p2b: Grimmsnarl|Spirit Break|p1b: Sneasler
|-damage|p1b: Sneasler|25/100
|-unboost|p1b: Sneasler|spa|1
|
|upkeep
|
|t:|1756337467
|switch|p2a: Rillaboom|Rillaboom, L50, F|82/100
|-fieldstart|move: Grassy Terrain|[from] ability: Grassy Surge|[of] p2a: Rillaboom
|turn|7
|
|t:|1756337484
|move|p1b: Sneasler|Protect|p1b: Sneasler
|-singleturn|p1b: Sneasler|Protect
|move|p2a: Rillaboom|Fake Out|p1b: Sneasler
|-activate|p1b: Sneasler|move: Protect
|move|p2b: Grimmsnarl|Light Screen|p2b: Grimmsnarl
|-sidestart|p2: buf38 zorrogafas|move: Light Screen
|move|p1a: Indeedee|Tera Blast|p2b: Grimmsnarl
|-damage|p2b: Grimmsnarl|0 fnt
|faint|p2b: Grimmsnarl
|
|-heal|p1b: Sneasler|31/100|[from] Grassy Terrain
|-heal|p1a: Indeedee|100/100|[from] Grassy Terrain
|-heal|p2a: Rillaboom|87/100|[from] Grassy Terrain
|upkeep
|
|t:|1756337491
|switch|p2b: Volcarona|Volcarona, L50, F|100/100
|turn|8
|
|t:|1756337509
|move|p2a: Rillaboom|Grassy Glide|p1b: Sneasler
|-resisted|p1b: Sneasler
|-damage|p1b: Sneasler|0 fnt
|faint|p1b: Sneasler
|move|p1a: Indeedee|Expanding Force|p2b: Volcarona
|-damage|p2b: Volcarona|75/100
|move|p2b: Volcarona|Quiver Dance|p2b: Volcarona
|-boost|p2b: Volcarona|spa|1
|-boost|p2b: Volcarona|spd|1
|-boost|p2b: Volcarona|spe|1
|
|-heal|p2b: Volcarona|82/100|[from] Grassy Terrain
|-heal|p2b: Volcarona|88/100|[from] item: Leftovers
|-heal|p2a: Rillaboom|93/100|[from] Grassy Terrain
|upkeep
|turn|9
|-message|MuseigenTest forfeited.
|
|win|buf38 zorrogafas
||buf38 zorrogafas is ready for game 2.
||MuseigenTest is ready for game 2.
|uhtml|next|Next: Game 2 of 3
