|j|☆Hackervgc
|j|☆LukarioVGC
|html|HackervgcLukarioVGC    
|uhtml|bestof|Game 1 of a best-of-3
|t:|1756577890
|gametype|doubles
|player|p1|Hackervgc|gentleman-gen4|
|player|p2|LukarioVGC|cynthia-gen4|
|gen|9
|tier|[Gen 9] VGC 2025 Reg H (Bo3)
|rule|Species Clause: Limit one of each Pokémon
|rule|Item Clause: Limit 1 of each item
|clearpoke
|poke|p1|Kingambit, L50, M|
|poke|p1|Magmar, L50, M|
|poke|p1|Dragonite, L50, M|
|poke|p1|Sneasler, L50, M|
|poke|p1|Ursaluna-Bloodmoon, L50, M|
|poke|p1|Farigiraf, L50, M|
|poke|p2|Sneasler, L50, F|
|poke|p2|Kingambit, L50, M|
|poke|p2|Rillaboom, L50, M|
|poke|p2|Dragonite, L50, F|
|poke|p2|Volcarona, L50, F|
|poke|p2|Electabuzz, L50, F|
|teampreview|4
|showteam|p1|Kingambit||AssaultVest|Defiant|KowtowCleave,SuckerPunch,LowKick,TeraBlast|||M|||50|,,,,,Flying]Magmar||Eviolite|VitalSpirit|FollowMe,Protect,Flamethrower,WillOWisp|||M|||50|,,,,,Grass]Dragonite||LoadedDice|Multiscale|ScaleShot,Protect,Haze,Tailwind|||M|||50|,,,,,Fairy]Sneasler||FocusSash|Unburden|ThroatChop,DireClaw,CloseCombat,Protect|||M|||50|,,,,,Stellar]Ursaluna-Bloodmoon||LifeOrb|MindsEye|BloodMoon,Protect,EarthPower,HyperVoice|||M|||50|,,,,,Normal]Farigiraf||SitrusBerry|ArmorTail|TrickRoom,HelpingHand,Psychic,Protect|||M|||50|,,,,,Water
|showteam|p2|Sneasler||FocusSash|Unburden|DireClaw,CloseCombat,Coaching,FakeOut|||F|||50|,,,,,Stellar]Kingambit||BlackGlasses|Defiant|KowtowCleave,SwordsDance,SuckerPunch,Protect|||M|||50|,,,,,Dark]Rillaboom||AssaultVest|GrassySurge|FakeOut,WoodHammer,GrassyGlide,HighHorsepower|||M|||50|,,,,,Fire]Dragonite||LoadedDice|Multiscale|ScaleShot,ExtremeSpeed,Haze,Protect|||F|||50|,,,,,Fairy]Volcarona||CovertCloak|FlameBody|HeatWave,TeraBlast,QuiverDance,Protect|||F|||50|,,,,,Fairy]Electabuzz||Eviolite|VitalSpirit|Electroweb,FollowMe,Taunt,Protect|||F|||50|,,,,,Ghost
|c|☆Hackervgc|hf
|c|☆LukarioVGC|was a bit confused, so sorry for that
|c|☆LukarioVGC|glhf
|c|☆Hackervgc|no it was my fault to should have said somthing in the chat
|
|t:|1756577972
|teamsize|p1|4
|teamsize|p2|4
|start
|switch|p1a: Ursaluna|Ursaluna-Bloodmoon, L50, M|100/100
|switch|p1b: Magmar|Magmar, L50, M|100/100
|switch|p2a: Kingambit|Kingambit, L50, M|100/100
|switch|p2b: Sneasler|Sneasler, L50, F|100/100
|turn|1
|
|t:|1756578004
|move|p2a: Kingambit|Protect|p2a: Kingambit
|-singleturn|p2a: Kingambit|Protect
|move|p2b: Sneasler|Close Combat|p1a: Ursaluna
|-supereffective|p1a: Ursaluna
|-damage|p1a: Ursaluna|5/100
|-unboost|p2b: Sneasler|def|1
|-unboost|p2b: Sneasler|spd|1
|move|p1b: Magmar|Will-O-Wisp|p2a: Kingambit
|-activate|p2a: Kingambit|move: Protect
|move|p1a: Ursaluna|Hyper Voice|p2b: Sneasler|[spread] p2b
|-activate|p2a: Kingambit|move: Protect
|-enditem|p2b: Sneasler|Focus Sash
|-damage|p2b: Sneasler|1/100
|-damage|p1a: Ursaluna|0 fnt|[from] item: Life Orb
|faint|p1a: Ursaluna
|
|upkeep
|
|t:|1756578023
|switch|p1a: Kingambit|Kingambit, L50, M|100/100
|turn|2
|
|t:|1756578046
|-terastallize|p2a: Kingambit|Dark
|-terastallize|p1a: Kingambit|Flying
|move|p2b: Sneasler|Coaching|p2a: Kingambit
|-boost|p2a: Kingambit|atk|1
|-boost|p2a: Kingambit|def|1
|move|p1b: Magmar|Flamethrower|p2b: Sneasler
|-crit|p2b: Sneasler
|-damage|p2b: Sneasler|0 fnt
|faint|p2b: Sneasler
|move|p2a: Kingambit|Swords Dance|p2a: Kingambit
|-boost|p2a: Kingambit|atk|2
|move|p1a: Kingambit|Low Kick|p2a: Kingambit
|-supereffective|p2a: Kingambit
|-damage|p2a: Kingambit|58/100
|
|upkeep
|
|t:|1756578072
|switch|p2b: Dragonite|Dragonite, L50, F|100/100
|turn|3
|
|t:|1756578092
|move|p2a: Kingambit|Protect|p2a: Kingambit
|-singleturn|p2a: Kingambit|Protect
|move|p1b: Magmar|Follow Me|p1b: Magmar
|-singleturn|p1b: Magmar|move: Follow Me
|move|p2b: Dragonite|Scale Shot|p1b: Magmar
|-damage|p1b: Magmar|88/100
|-damage|p1b: Magmar|76/100
|-damage|p1b: Magmar|64/100
|-damage|p1b: Magmar|51/100
|-damage|p1b: Magmar|38/100
|-hitcount|p1b: Magmar|5
|-unboost|p2b: Dragonite|def|1
|-boost|p2b: Dragonite|spe|1
|move|p1a: Kingambit|Low Kick|p2a: Kingambit
|-activate|p2a: Kingambit|move: Protect
|
|upkeep
|turn|4
|
|t:|1756578111
|move|p1b: Magmar|Follow Me|p1b: Magmar
|-singleturn|p1b: Magmar|move: Follow Me
|move|p2b: Dragonite|Scale Shot|p1b: Magmar
|-damage|p1b: Magmar|26/100
|-damage|p1b: Magmar|13/100
|-damage|p1b: Magmar|0 fnt
|faint|p1b: Magmar
|-hitcount|p1: Magmar|3
|-unboost|p2b: Dragonite|def|1
|-boost|p2b: Dragonite|spe|1
|move|p2a: Kingambit|Kowtow Cleave|p1a: Kingambit
|-damage|p1a: Kingambit|0 fnt
|faint|p1a: Kingambit
|
|upkeep
|
|t:|1756578115
|switch|p1b: Farigiraf|Farigiraf, L50, M|100/100
|turn|5
|
|t:|1756578130
|move|p2b: Dragonite|Scale Shot|p1b: Farigiraf
|-damage|p1b: Farigiraf|86/100
|-damage|p1b: Farigiraf|72/100
|-damage|p1b: Farigiraf|58/100
|-damage|p1b: Farigiraf|43/100
|-enditem|p1b: Farigiraf|Sitrus Berry|[eat]
|-heal|p1b: Farigiraf|68/100|[from] item: Sitrus Berry
|-hitcount|p1b: Farigiraf|4
|-unboost|p2b: Dragonite|def|1
|-boost|p2b: Dragonite|spe|1
|move|p2a: Kingambit|Kowtow Cleave|p1b: Farigiraf
|-supereffective|p1b: Farigiraf
|-damage|p1b: Farigiraf|0 fnt
|faint|p1b: Farigiraf
|
|win|LukarioVGC
||Hackervgc is ready for game 2.
|inactive|LukarioVGC has 30 seconds to confirm battle start!
||LukarioVGC is ready for game 2.
|uhtml|next|Next: Game 2 of 3
