|j|☆memeberserk
|j|☆abadanriyi92
|html|memeberserkabadanriyi92    
|uhtml|bestof|Game 2 of a best-of-3
|t:|1784601511
|gametype|doubles
|player|p1|memeberserk|lance|1267
|player|p2|abadanriyi92|colress|1241
|gen|9
|tier|[Gen 9 Champions] VGC 2026 Reg M-B (Bo3)
|rated|
|rule|Species Clause: Limit one of each Pokémon
|rule|Item Clause: Limit 1 of each item
|clearpoke
|poke|p1|Raichu, L50, F|
|poke|p1|Corviknight, L50, M|
|poke|p1|Sylveon, L50, M|
|poke|p1|Basculegion, L50, M|
|poke|p1|Mamoswine, L50, F|
|poke|p1|Tyranitar, L50, F|
|poke|p2|Venusaur, L50, F|
|poke|p2|Grimmsnarl, L50, M|
|poke|p2|Politoed, L50, F|
|poke|p2|Archaludon, L50, F|
|poke|p2|Kingambit, L50, M|
|poke|p2|Aerodactyl, L50, M|
|teampreview|4
|showteam|p1|Raichu||RaichuniteY|LightningRod|ZapCannon,FocusBlast,FakeOut,Protect|Timid||F|||50|]Corviknight||Leftovers|Unnerve|BraveBird,IronHead,Tailwind,Protect|Careful||M|||50|]Sylveon||FairyFeather|Pixilate|HyperVoice,QuickAttack,Protect,Yawn|Modest||M|||50|]Basculegion||MysticWater|SwiftSwim|WaveCrash,LastRespects,AquaJet,Protect|Adamant||M|||50|]Mamoswine||LifeOrb|Oblivious|HighHorsepower,IceShard,IcicleCrash,Protect|Adamant||F|||50|]Tyranitar||FocusSash|SandStream|RockSlide,KnockOff,Superpower,Protect|Adamant||F|||50|
|showteam|p2|Venusaur||Venusaurite|Chlorophyll|GigaDrain,SludgeBomb,EarthPower,Protect|Modest||F|||50|]Grimmsnarl||LightClay|Prankster|PartingShot,Reflect,LightScreen,FoulPlay|Relaxed||M|||50|]Politoed||SitrusBerry|Drizzle|WeatherBall,PerishSong,Encore,Protect|Sassy||F|||50|]Archaludon||Leftovers|Stamina|ElectroShot,FlashCannon,DracoMeteor,Protect|Modest||F|||50|]Kingambit||BlackGlasses|Defiant|KowtowCleave,SuckerPunch,SwordsDance,Protect|Brave||M|||50|]Aerodactyl||Aerodactylite|Unnerve|RockSlide,DualWingbeat,Tailwind,Protect|Jolly||M|||50|
|inactive|Battle timer is ON: inactive players will automatically lose when time's up. (requested by abadanriyi92)
|inactive|memeberserk has 60 seconds left.
|
|t:|1784601557
|teamsize|p1|4
|teamsize|p2|4
|start
|switch|p1a: Corviknight|Corviknight, L50, M|100/100
|switch|p1b: Raichu|Raichu, L50, F|100/100
|switch|p2a: Venusaur|Venusaur, L50, F|100/100
|switch|p2b: Grimmsnarl|Grimmsnarl, L50, M|100/100
|-ability|p1a: Corviknight|Unnerve
|turn|1
|inactive|abadanriyi92 has 30 seconds left.
|
|t:|1784601583
|detailschange|p1b: Raichu|Raichu-Mega-Y, L50, F
|-mega|p1b: Raichu|Raichu|Raichunite Y
|detailschange|p2a: Venusaur|Venusaur-Mega, L50, F
|-mega|p2a: Venusaur|Venusaur|Venusaurite
|move|p2b: Grimmsnarl|Reflect|p2b: Grimmsnarl
|-sidestart|p2: abadanriyi92|Reflect
|move|p1b: Raichu|Zap Cannon|p2a: Venusaur
|-resisted|p2a: Venusaur|1
|-crit|p2a: Venusaur
|-damage|p2a: Venusaur|60/100
|-status|p2a: Venusaur|par
|move|p1a: Corviknight|Tailwind|p1a: Corviknight
|-sidestart|p1: memeberserk|move: Tailwind
|move|p2a: Venusaur|Earth Power|p1b: Raichu
|-supereffective|p1b: Raichu|1
|-damage|p1b: Raichu|2/100
|
|upkeep
|turn|2
|inactive|abadanriyi92 has 30 seconds left.
|
|t:|1784601609
|move|p1b: Raichu|Protect|p1b: Raichu
|-singleturn|p1b: Raichu|Protect
|move|p2a: Venusaur|Protect|p2a: Venusaur
|-singleturn|p2a: Venusaur|Protect
|move|p1a: Corviknight|Brave Bird|p2a: Venusaur
|-activate|p2a: Venusaur|move: Protect
|move|p2b: Grimmsnarl|Foul Play|p1b: Raichu
|-activate|p1b: Raichu|move: Protect
|
|upkeep
|turn|3
|inactive|abadanriyi92 has 30 seconds left.
|
|t:|1784601636
|switch|p1b: Sylveon|Sylveon, L50, M|100/100
|switch|p2a: Archaludon|Archaludon, L50, F|100/100
|move|p1a: Corviknight|Brave Bird|p2a: Archaludon
|-resisted|p2a: Archaludon|1
|-damage|p2a: Archaludon|89/100
|-ability|p2a: Archaludon|Stamina|boost
|-boost|p2a: Archaludon|def|1
|-damage|p1a: Corviknight|96/100|[from] Recoil
|move|p2b: Grimmsnarl|Foul Play|p1b: Sylveon
|-resisted|p1b: Sylveon|1
|-damage|p1b: Sylveon|88/100
|
|-heal|p1a: Corviknight|100/100|[from] item: Leftovers
|-heal|p2a: Archaludon|95/100|[from] item: Leftovers
|upkeep
|turn|4
|inactive|abadanriyi92 has 30 seconds left.
|inactive|abadanriyi92 has 20 seconds left.
|inactive|abadanriyi92 has 15 seconds left.
|inactive|abadanriyi92 has 10 seconds left.
|
|t:|1784601683
|switch|p1a: Mamoswine|Mamoswine, L50, F|100/100
|move|p2a: Archaludon|Protect|p2a: Archaludon
|-singleturn|p2a: Archaludon|Protect
|move|p2b: Grimmsnarl|Light Screen|p2b: Grimmsnarl
|-sidestart|p2: abadanriyi92|move: Light Screen
|move|p1b: Sylveon|Yawn|p2a: Archaludon
|-activate|p2a: Archaludon|move: Protect
|
|-heal|p2a: Archaludon|100/100|[from] item: Leftovers
|-sideend|p1: memeberserk|move: Tailwind
|upkeep
|turn|5
|inactive|abadanriyi92 has 30 seconds left.
|
|t:|1784601716
|move|p2b: Grimmsnarl|Parting Shot|p1b: Sylveon
|-unboost|p1b: Sylveon|atk|1
|-unboost|p1b: Sylveon|spa|1
|
|t:|1784601720
|switch|p2b: Politoed|Politoed, L50, F|100/100|[from] Parting Shot
|-weather|RainDance|[from] ability: Drizzle|[of] p2b: Politoed
|move|p1a: Mamoswine|High Horsepower|p2a: Archaludon
|-supereffective|p2a: Archaludon|1
|-damage|p2a: Archaludon|55/100
|-ability|p2a: Archaludon|Stamina|boost
|-boost|p2a: Archaludon|def|1
|-damage|p1a: Mamoswine|90/100|[from] item: Life Orb
|move|p2a: Archaludon|Flash Cannon|p1a: Mamoswine
|-supereffective|p1a: Mamoswine|1
|-damage|p1a: Mamoswine|0 fnt
|faint|p1a: Mamoswine
|move|p1b: Sylveon|Hyper Voice|p2b: Politoed|[spread] p2a,p2b
|-damage|p2a: Archaludon|34/100
|-damage|p2b: Politoed|85/100
|-ability|p2a: Archaludon|Stamina|boost
|-boost|p2a: Archaludon|def|1
|
|-weather|RainDance|[upkeep]
|-heal|p2a: Archaludon|40/100|[from] item: Leftovers
|upkeep
|
|t:|1784601739
|switch|p1a: Raichu|Raichu-Mega-Y, L50, F|2/100
|turn|6
|
|t:|1784601752
|switch|p1b: Corviknight|Corviknight, L50, M|100/100
|-ability|p1b: Corviknight|Unnerve
|move|p2a: Archaludon|Protect|p2a: Archaludon
|-singleturn|p2a: Archaludon|Protect
|move|p2b: Politoed|Protect|p2b: Politoed
|-singleturn|p2b: Politoed|Protect
|move|p1a: Raichu|Focus Blast|p2a: Archaludon
|-activate|p2a: Archaludon|move: Protect
|
|-weather|RainDance|[upkeep]
|-heal|p2a: Archaludon|46/100|[from] item: Leftovers
|upkeep
|turn|7
|inactive|abadanriyi92 has 30 seconds left.
|inactive|abadanriyi92 has 20 seconds left.
|
|t:|1784601789
|move|p1a: Raichu|Focus Blast|p2a: Archaludon
|-supereffective|p2a: Archaludon|1
|-damage|p2a: Archaludon|0 fnt
|faint|p2a: Archaludon
|move|p1b: Corviknight|Tailwind|p1b: Corviknight
|-sidestart|p1: memeberserk|move: Tailwind
|move|p2b: Politoed|Weather Ball|p1a: Raichu
|-damage|p1a: Raichu|0 fnt
|faint|p1a: Raichu
|
|-weather|RainDance|[upkeep]
|upkeep
|
|t:|1784601804
|switch|p1a: Sylveon|Sylveon, L50, M|88/100
|switch|p2a: Venusaur|Venusaur-Mega, L50, F|60/100 par
|turn|8
|
|t:|1784601820
|move|p1b: Corviknight|Brave Bird|p2a: Venusaur
|-supereffective|p2a: Venusaur|1
|-damage|p2a: Venusaur|19/100 par
|-damage|p1b: Corviknight|87/100|[from] Recoil
|move|p1a: Sylveon|Hyper Voice|p2b: Politoed|[spread] p2a,p2b
|-resisted|p2a: Venusaur|1
|-damage|p2a: Venusaur|5/100 par
|-damage|p2b: Politoed|63/100
|move|p2b: Politoed|Perish Song|p2b: Politoed
|-start|p1a: Sylveon|perish3|[silent]
|-start|p1b: Corviknight|perish3|[silent]
|-start|p2a: Venusaur|perish3|[silent]
|-start|p2b: Politoed|perish3|[silent]
|-fieldactivate|move: Perish Song
|move|p2a: Venusaur|Giga Drain|p1a: Sylveon
|-damage|p1a: Sylveon|55/100
|-heal|p2a: Venusaur|22/100 par|[from] drain|[of] p1a: Sylveon
|
|-weather|RainDance|[upkeep]
|-heal|p1b: Corviknight|93/100|[from] item: Leftovers
|-start|p1b: Corviknight|perish3
|-start|p1a: Sylveon|perish3
|-start|p2b: Politoed|perish3
|-start|p2a: Venusaur|perish3
|-sideend|p2: abadanriyi92|Reflect
|upkeep
|turn|9
|
|t:|1784601843
|move|p2b: Politoed|Protect|p2b: Politoed
|-singleturn|p2b: Politoed|Protect
|move|p2a: Venusaur|Protect|p2a: Venusaur
|-singleturn|p2a: Venusaur|Protect
|move|p1b: Corviknight|Brave Bird|p2b: Politoed
|-activate|p2b: Politoed|move: Protect
|move|p1a: Sylveon|Hyper Voice|p2b: Politoed|[spread] 
|-activate|p2a: Venusaur|move: Protect
|-activate|p2b: Politoed|move: Protect
|
|-weather|none
|-heal|p1b: Corviknight|99/100|[from] item: Leftovers
|-start|p1b: Corviknight|perish2
|-start|p1a: Sylveon|perish2
|-start|p2b: Politoed|perish2
|-start|p2a: Venusaur|perish2
|upkeep
|turn|10
|c|☆abadanriyi92|ggs
|
|t:|1784601862
|switch|p2b: Grimmsnarl|Grimmsnarl, L50, M|100/100
|move|p1b: Corviknight|Brave Bird|p2a: Venusaur
|-supereffective|p2a: Venusaur|1
|-damage|p2a: Venusaur|0 fnt
|faint|p2a: Venusaur
|-damage|p1b: Corviknight|92/100|[from] Recoil
|move|p1a: Sylveon|Hyper Voice|p2b: Grimmsnarl
|-supereffective|p2b: Grimmsnarl|1
|-damage|p2b: Grimmsnarl|16/100
|
|-heal|p1b: Corviknight|98/100|[from] item: Leftovers
|-start|p1b: Corviknight|perish1
|-start|p1a: Sylveon|perish1
|-sideend|p1: memeberserk|move: Tailwind
|upkeep
|-message|memeberserk forfeited.
|
|win|abadanriyi92
|raw|memeberserk's rating: 1267 → 1240(-27 for losing)
|raw|abadanriyi92's rating: 1241 → 1268(+27 for winning)
