|j|☆teyvgc
|j|☆Glofer
|html|teyvgcGlofer    
|uhtml|bestof|Game 1 of a best-of-3
|t:|1782532015
|gametype|doubles
|player|p1|teyvgc|rood|1194
|player|p2|Glofer|blackbelt|1093
|gen|9
|tier|[Gen 9 Champions] VGC 2026 Reg M-B (Bo3)
|rated|
|rule|Species Clause: Limit one of each Pokémon
|rule|Item Clause: Limit 1 of each item
|clearpoke
|poke|p1|Houndstone, L50, F|
|poke|p1|Tyranitar, L50, F|
|poke|p1|Rotom-Wash, L50|
|poke|p1|Incineroar, L50, M|
|poke|p1|Farigiraf, L50, F, shiny|
|poke|p1|Garchomp, L50, M, shiny|
|poke|p2|Snorlax, L50, M|
|poke|p2|Farigiraf, L50, M|
|poke|p2|Annihilape, L50, M|
|poke|p2|Scrafty, L50, F|
|poke|p2|Froslass, L50, F|
|poke|p2|Volcarona, L50, M|
|teampreview|4
|showteam|p1|Houndstone||FocusSash|SandRush|Poltergeist,ShadowSneak,LastRespects,Protect|Adamant||F|||50|]Tyranitar||Tyranitarite|SandStream|RockSlide,KnockOff,LowKick,Protect|Adamant||F|||50|]Rotom-Wash||Leftovers|Levitate|LightScreen,HydroPump,VoltSwitch,WillOWisp|Bold|||||50|]Incineroar||PasshoBerry|Intimidate|FlareBlitz,DarkestLariat,FakeOut,PartingShot|Adamant||M|||50|]Farigiraf||TwistedSpoon|ArmorTail|HyperVoice,TwinBeam,TrickRoom,HelpingHand|Quiet||F|||50|]Garchomp||Garchompite|RoughSkin|StompingTantrum,DragonClaw,IronHead,Protect|Adamant||M|||50|
|showteam|p2|Snorlax||Leftovers|ThickFat|BodySlam,HighHorsepower,RockSlide,Protect|Adamant||M|||50|]Farigiraf||SitrusBerry|ArmorTail|TwinBeam,HyperVoice,TrickRoom,HelpingHand|Quiet||M|||50|]Annihilape||LifeOrb|Defiant|DrainPunch,RageFist,BulkUp,Protect|Adamant||M|||50|]Scrafty||Scraftinite|Intimidate|CloseCombat,KnockOff,FakeOut,Protect|Adamant||F|||50|]Froslass||Froslassite|CursedBody|Blizzard,ShadowBall,AuroraVeil,Protect|Timid||F|||50|]Volcarona||FocusSash|FlameBody|HeatWave,StruggleBug,QuiverDance,Protect|Modest||M|||50|
|inactive|Battle timer is ON: inactive players will automatically lose when time's up. (requested by Glofer)
|
|t:|1782532074
|teamsize|p1|4
|teamsize|p2|4
|start
|switch|p1a: Rotom|Rotom-Wash, L50|100/100
|switch|p1b: Farigiraf|Farigiraf, L50, F, shiny|100/100
|switch|p2a: Farigiraf|Farigiraf, L50, M|100/100
|switch|p2b: Scrafty|Scrafty, L50, F|100/100
|-ability|p2b: Scrafty|Intimidate|boost
|-unboost|p1a: Rotom|atk|1
|-unboost|p1b: Farigiraf|atk|1
|turn|1
|inactive|Glofer has 30 seconds left.
|
|t:|1782532102
|detailschange|p2b: Scrafty|Scrafty-Mega, L50, F
|-mega|p2b: Scrafty|Scrafty|Scraftinite
|-ability|p2b: Scrafty|Intimidate|boost
|-unboost|p1a: Rotom|atk|1
|-unboost|p1b: Farigiraf|atk|1
|move|p1a: Rotom|Will-O-Wisp|p2b: Scrafty
|-status|p2b: Scrafty|brn
|move|p2b: Scrafty|Knock Off|p1b: Farigiraf
|-supereffective|p1b: Farigiraf|1
|-damage|p1b: Farigiraf|45/100
|-enditem|p1b: Farigiraf|Twisted Spoon|[from] move: Knock Off|[of] p2b: Scrafty
|move|p1b: Farigiraf|Trick Room|p1b: Farigiraf
|-fieldstart|move: Trick Room|[of] p1b: Farigiraf
|move|p2a: Farigiraf|Trick Room|p2a: Farigiraf
|-fieldend|move: Trick Room
|
|-damage|p2b: Scrafty|94/100 brn|[from] brn
|upkeep
|turn|2
|inactive|teyvgc has 30 seconds left.
|
|t:|1782532137
|switch|p1b: Garchomp|Garchomp, L50, M, shiny|100/100
|move|p1a: Rotom|Volt Switch|p2b: Scrafty
|-damage|p2b: Scrafty|73/100 brn
|
|t:|1782532144
|switch|p1a: Tyranitar|Tyranitar, L50, F|100/100|[from] Volt Switch
|-weather|Sandstorm|[from] ability: Sand Stream|[of] p1a: Tyranitar
|move|p2b: Scrafty|Knock Off|p1a: Tyranitar
|-resisted|p1a: Tyranitar|1
|-damage|p1a: Tyranitar|93/100
|move|p2a: Farigiraf|Hyper Voice|p1a: Tyranitar|[spread] p1a,p1b
|-resisted|p1a: Tyranitar|1
|-damage|p1a: Tyranitar|85/100
|-damage|p1b: Garchomp|77/100
|
|-weather|Sandstorm|[upkeep]
|-damage|p2b: Scrafty|67/100 brn|[from] Sandstorm
|-damage|p2a: Farigiraf|93/100|[from] Sandstorm
|-damage|p2b: Scrafty|61/100 brn|[from] brn
|upkeep
|turn|3
|
|t:|1782532166
|detailschange|p1b: Garchomp|Garchomp-Mega, L50, M, shiny
|-mega|p1b: Garchomp|Garchomp|Garchompite
|move|p1b: Garchomp|Stomping Tantrum|p2b: Scrafty
|-damage|p2b: Scrafty|5/100 brn
|move|p2b: Scrafty|Knock Off|p1b: Garchomp
|-damage|p1b: Garchomp|64/100
|move|p1a: Tyranitar|Knock Off|p2a: Farigiraf
|-supereffective|p2a: Farigiraf|1
|-damage|p2a: Farigiraf|1/100
|-enditem|p2a: Farigiraf|Sitrus Berry|[from] move: Knock Off|[of] p1a: Tyranitar
|move|p2a: Farigiraf|Trick Room|p2a: Farigiraf
|-fieldstart|move: Trick Room|[of] p2a: Farigiraf
|
|-weather|Sandstorm|[upkeep]
|-damage|p2a: Farigiraf|0 fnt|[from] Sandstorm
|-damage|p2b: Scrafty|0 fnt|[from] Sandstorm
|faint|p2a: Farigiraf
|faint|p2b: Scrafty
|upkeep
|
|t:|1782532175
|switch|p2a: Snorlax|Snorlax, L50, M|100/100
|switch|p2b: Annihilape|Annihilape, L50, M|100/100
|turn|4
|
|t:|1782532189
|move|p1b: Garchomp|Protect|p1b: Garchomp
|-singleturn|p1b: Garchomp|Protect
|move|p2a: Snorlax|Body Slam|p1b: Garchomp
|-activate|p1b: Garchomp|move: Protect
|move|p1a: Tyranitar|Low Kick|p2a: Snorlax
|-supereffective|p2a: Snorlax|1
|-damage|p2a: Snorlax|15/100
|move|p2b: Annihilape|Drain Punch|p1a: Tyranitar
|-supereffective|p1a: Tyranitar|2
|-damage|p1a: Tyranitar|0 fnt
|faint|p1a: Tyranitar
|-damage|p2b: Annihilape|90/100|[from] item: Life Orb
|
|-weather|Sandstorm|[upkeep]
|-damage|p2a: Snorlax|9/100|[from] Sandstorm
|-damage|p2b: Annihilape|84/100|[from] Sandstorm
|-heal|p2a: Snorlax|15/100|[from] item: Leftovers
|upkeep
|
|t:|1782532204
|switch|p1a: Farigiraf|Farigiraf, L50, F, shiny|45/100
|turn|5
|
|t:|1782532218
|move|p2a: Snorlax|Body Slam|p1a: Farigiraf
|-damage|p1a: Farigiraf|3/100
|move|p1a: Farigiraf|Twin Beam|p2b: Annihilape
|-supereffective|p2b: Annihilape|1
|-damage|p2b: Annihilape|48/100
|-supereffective|p2b: Annihilape|1
|-damage|p2b: Annihilape|15/100
|-hitcount|p2b: Annihilape|2
|move|p2b: Annihilape|Drain Punch|p1b: Garchomp
|-damage|p1b: Garchomp|28/100
|-heal|p2b: Annihilape|33/100|[from] drain|[of] p1b: Garchomp
|-damage|p2b: Annihilape|23/100|[from] item: Life Orb
|move|p1b: Garchomp|Dragon Claw|p2a: Snorlax
|-damage|p2a: Snorlax|0 fnt
|faint|p2a: Snorlax
|
|-weather|Sandstorm|[upkeep]
|-damage|p1a: Farigiraf|0 fnt|[from] Sandstorm
|-damage|p2b: Annihilape|17/100|[from] Sandstorm
|faint|p1a: Farigiraf
|upkeep
|
|t:|1782532232
|switch|p1a: Rotom|Rotom-Wash, L50|100/100
|turn|6
|
|t:|1782532239
|move|p2b: Annihilape|Drain Punch|p1b: Garchomp
|-damage|p1b: Garchomp|0 fnt
|-heal|p2b: Annihilape|31/100|[from] drain|[of] p1b: Garchomp
|faint|p1b: Garchomp
|-damage|p2b: Annihilape|22/100|[from] item: Life Orb
|move|p1a: Rotom|Volt Switch|p2b: Annihilape
|-damage|p2b: Annihilape|1/100
|
|-weather|none
|upkeep
|turn|7
|
|t:|1782532250
|move|p2b: Annihilape|Rage Fist|p1a: Rotom
|-damage|p1a: Rotom|0 fnt
|faint|p1a: Rotom
|-damage|p2b: Annihilape|0 fnt|[from] item: Life Orb
|faint|p2b: Annihilape
|
|win|Glofer
