|j|☆lucasmalt
|j|☆lalalaing
|html|lucasmaltlalalaing    
|uhtml|bestof|Game 3 of a best-of-3
|t:|1785410734
|gametype|doubles
|player|p1|lucasmalt|265|1372
|player|p2|lalalaing|chili|1462
|gen|9
|tier|[Gen 9 Champions] VGC 2026 Reg M-B (Bo3)
|rated|
|rule|Species Clause: Limit one of each Pokémon
|rule|Item Clause: Limit 1 of each item
|clearpoke
|poke|p1|Tyranitar, L50, F, shiny|
|poke|p1|Excadrill, L50, F, shiny|
|poke|p1|Gholdengo, L50|
|poke|p1|Sinistcha, L50, shiny|
|poke|p1|Milotic, L50, M, shiny|
|poke|p1|Staraptor, L50, M, shiny|
|poke|p2|Delphox, L50, F|
|poke|p2|Staraptor, L50, M|
|poke|p2|Sneasler, L50, F|
|poke|p2|Kingambit, L50, M|
|poke|p2|Garchomp, L50, M|
|poke|p2|Whimsicott, L50, F|
|teampreview|4
|showteam|p1|Tyranitar||Tyranitarite|SandStream|RockSlide,KnockOff,LowKick,Protect|Adamant||F|||50|]Excadrill||FocusSash|SandRush|IronHead,HighHorsepower,RockSlide,Protect|Adamant||F|||50|]Gholdengo||LifeOrb|GoodasGold|ShadowBall,MakeItRain,NastyPlot,Protect|Modest|||||50|]Sinistcha||ColburBerry|Hospitality|MatchaGotcha,RagePowder,TrickRoom,Protect|Bold|||||50|]Milotic||SitrusBerry|Competitive|Scald,IceBeam,Recover,Protect|Modest||M|||50|]Staraptor||Staraptite|Intimidate|BraveBird,CloseCombat,Tailwind,Protect|Jolly||M|||50|
|showteam|p2|Delphox||Delphoxite|Blaze|HeatWave,Psyshock,NastyPlot,Protect|Timid||F|||50|]Staraptor||Staraptite|Intimidate|CloseCombat,BraveBird,Roost,Protect|Jolly||M|||50|]Sneasler||FocusSash|PoisonTouch|DireClaw,CloseCombat,FakeOut,QuickGuard|Adamant||F|||50|]Kingambit||BlackGlasses|Defiant|KowtowCleave,SuckerPunch,IronHead,Protect|Adamant||M|||50|]Garchomp||LifeOrb|RoughSkin|DragonClaw,Earthquake,RockSlide,Protect|Jolly||M|||50|]Whimsicott||OccaBerry|Prankster|Moonblast,Tailwind,Encore,Charm|Timid||F|||50|
|inactive|Battle timer is ON: inactive players will automatically lose when time's up. (requested by lalalaing)
|inactive|lucasmalt has 60 seconds left.
|
|t:|1785410791
|teamsize|p1|4
|teamsize|p2|4
|start
|switch|p1a: Milotic|Milotic, L50, M, shiny|100/100
|switch|p1b: Gholdengo|Gholdengo, L50|100/100
|switch|p2a: Delphox|Delphox, L50, F|100/100
|switch|p2b: Garchomp|Garchomp, L50, M|100/100
|turn|1
|
|t:|1785410806
|switch|p1b: Staraptor|Staraptor, L50, M, shiny|100/100
|-ability|p1b: Staraptor|Intimidate|boost
|-unboost|p2a: Delphox|atk|1
|-unboost|p2b: Garchomp|atk|1
|detailschange|p2a: Delphox|Delphox-Mega, L50, F
|-mega|p2a: Delphox|Delphox|Delphoxite
|move|p2a: Delphox|Heat Wave|p1b: Staraptor|[spread] p1a
|-miss|p2a: Delphox|p1b: Staraptor
|-resisted|p1a: Milotic|1
|-damage|p1a: Milotic|84/100
|move|p2b: Garchomp|Earthquake|p1a: Milotic|[spread] p1a
|-immune|p2a: Delphox|[from] ability: Levitate
|-immune|p1b: Staraptor
|-damage|p1a: Milotic|54/100
|-damage|p2b: Garchomp|90/100|[from] item: Life Orb
|move|p1a: Milotic|Scald|p2a: Delphox
|-supereffective|p2a: Delphox|1
|-damage|p2a: Delphox|37/100
|
|upkeep
|turn|2
|inactive|lucasmalt has 30 seconds left.
|
|t:|1785410832
|detailschange|p1b: Staraptor|Staraptor-Mega, L50, M, shiny
|-mega|p1b: Staraptor|Staraptor|Staraptite
|move|p1b: Staraptor|Protect|p1b: Staraptor
|-singleturn|p1b: Staraptor|Protect
|move|p2a: Delphox|Psyshock|p1a: Milotic
|-damage|p1a: Milotic|6/100
|-enditem|p1a: Milotic|Sitrus Berry|[eat]
|-heal|p1a: Milotic|31/100|[from] item: Sitrus Berry
|move|p2b: Garchomp|Earthquake|p1b: Staraptor|[spread] p1a
|-activate|p1b: Staraptor|move: Protect
|-immune|p2a: Delphox|[from] ability: Levitate
|-crit|p1a: Milotic
|-damage|p1a: Milotic|0 fnt
|faint|p1a: Milotic
|-damage|p2b: Garchomp|80/100|[from] item: Life Orb
|
|upkeep
|
|t:|1785410848
|switch|p1a: Sinistcha|Sinistcha, L50, shiny|100/100
|turn|3
|
|t:|1785410867
|switch|p2b: Sneasler|Sneasler, L50, F|100/100
|move|p2a: Delphox|Protect|p2a: Delphox
|-singleturn|p2a: Delphox|Protect
|move|p1a: Sinistcha|Rage Powder|p1a: Sinistcha
|-singleturn|p1a: Sinistcha|move: Rage Powder
|move|p1b: Staraptor|Brave Bird|p2a: Delphox
|-activate|p2a: Delphox|move: Protect
|
|upkeep
|turn|4
|
|t:|1785410878
|move|p1b: Staraptor|Protect|p1b: Staraptor
|-singleturn|p1b: Staraptor|Protect
|move|p1a: Sinistcha|Protect|p1a: Sinistcha
|-singleturn|p1a: Sinistcha|Protect
|move|p2b: Sneasler|Fake Out|p1b: Staraptor
|-activate|p1b: Staraptor|move: Protect
|move|p2a: Delphox|Heat Wave|p1a: Sinistcha|[spread] 
|-activate|p1a: Sinistcha|move: Protect
|-activate|p1b: Staraptor|move: Protect
|
|upkeep
|turn|5
|inactive|lucasmalt has 30 seconds left.
|inactive|lucasmalt has 20 seconds left.
|
|t:|1785410914
|move|p1a: Sinistcha|Rage Powder|p1a: Sinistcha
|-singleturn|p1a: Sinistcha|move: Rage Powder
|move|p2a: Delphox|Heat Wave|p1a: Sinistcha|[spread] p1a,p1b
|-supereffective|p1a: Sinistcha|1
|-damage|p1a: Sinistcha|19/100
|-damage|p1b: Staraptor|56/100
|move|p1b: Staraptor|Brave Bird|p2a: Delphox
|-damage|p2a: Delphox|0 fnt
|faint|p2a: Delphox
|-damage|p1b: Staraptor|46/100|[from] Recoil
|move|p2b: Sneasler|Dire Claw|p1a: Sinistcha
|-damage|p1a: Sinistcha|0 fnt
|faint|p1a: Sinistcha
|
|upkeep
|
|t:|1785410927
|switch|p2a: Garchomp|Garchomp, L50, M|80/100
|switch|p1a: Gholdengo|Gholdengo, L50|100/100
|turn|6
|
|t:|1785410940
|move|p1b: Staraptor|Tailwind|p1b: Staraptor
|-sidestart|p1: lucasmalt|move: Tailwind
|move|p1a: Gholdengo|Make It Rain|p2b: Sneasler|[spread] p2a,p2b
|-damage|p2a: Garchomp|18/100
|-damage|p2b: Sneasler|18/100
|-unboost|p1a: Gholdengo|spa|2
|-damage|p1a: Gholdengo|90/100|[from] item: Life Orb
|move|p2b: Sneasler|Dire Claw|p1b: Staraptor
|-damage|p1b: Staraptor|0 fnt
|faint|p1b: Staraptor
|move|p2a: Garchomp|Rock Slide|p1a: Gholdengo
|-resisted|p1a: Gholdengo|1
|-damage|p1a: Gholdengo|73/100
|-damage|p2a: Garchomp|8/100|[from] item: Life Orb
|
|upkeep
|turn|7
|
|t:|1785410954
|move|p1a: Gholdengo|Nasty Plot|p1a: Gholdengo
|-boost|p1a: Gholdengo|spa|2
|move|p2b: Sneasler|Dire Claw|p1a: Gholdengo
|-immune|p1a: Gholdengo
|move|p2a: Garchomp|Earthquake|p1a: Gholdengo|[spread] p2b,p1a
|-supereffective|p2b: Sneasler|1
|-supereffective|p1a: Gholdengo|1
|-damage|p2b: Sneasler|0 fnt
|-damage|p1a: Gholdengo|0 fnt
|faint|p2b: Sneasler
|faint|p1a: Gholdengo
|-damage|p2a: Garchomp|0 fnt|[from] item: Life Orb
|faint|p2a: Garchomp
|
|win|lalalaing
|raw|lucasmalt's rating: 1372 → 1357(-15 for losing)
|raw|lalalaing's rating: 1462 → 1477(+15 for winning)
|l|☆lalalaing
|player|p2|
