|j|☆MaxwellBaker
|j|☆burningringoffire
|html|MaxwellBakerburningringoffire    
|uhtml|bestof|Game 2 of a best-of-3
|t:|1784833750
|gametype|doubles
|player|p1|MaxwellBaker|102|1139
|player|p2|burningringoffire|bruno|1096
|gen|9
|tier|[Gen 9 Champions] VGC 2026 Reg M-B (Bo3)
|rated|
|rule|Species Clause: Limit one of each Pokémon
|rule|Item Clause: Limit 1 of each item
|clearpoke
|poke|p1|Decidueye-Hisui, L50, F|
|poke|p1|Florges, L50, F|
|poke|p1|Raichu, L50, F|
|poke|p1|Incineroar, L50, F|
|poke|p1|Staraptor, L50, F|
|poke|p1|Milotic, L50, F|
|poke|p2|Gengar, L50, M|
|poke|p2|Incineroar, L50, F|
|poke|p2|Sinistcha, L50|
|poke|p2|Kingambit, L50, F|
|poke|p2|Politoed, L50, M|
|poke|p2|Grimmsnarl, L50, M|
|teampreview|4
|showteam|p1|Decidueye-Hisui||ScopeLens|Scrappy|TripleArrows,LeafBlade,SuckerPunch,Protect|Jolly||F|||50|]Florges||LifeOrb|FlowerVeil|Moonblast,Psychic,PollenPuff,Protect|Modest||F|||50|]Raichu||RaichuniteY|Static|FakeOut,ZapCannon,FocusBlast,Protect|Timid||F|||50|]Incineroar||SitrusBerry|Intimidate|FakeOut,FlareBlitz,ThroatChop,PartingShot|Careful||F|||50|]Staraptor||Staraptite|Intimidate|BraveBird,CloseCombat,Tailwind,Protect|Jolly||F|||50|]Milotic||Leftovers|Competitive|Scald,IceBeam,Haze,Protect|Bold||F|||50|
|showteam|p2|Gengar||Gengarite|CursedBody|ShadowBall,PerishSong,Disable,Protect|Timid||M|||50|]Incineroar||SitrusBerry|Intimidate|FlareBlitz,FakeOut,Protect,PartingShot|Careful||F|||50|]Sinistcha||CobaBerry|Hospitality|MatchaGotcha,LifeDew,RagePowder,Protect|Calm|||||50|]Kingambit||ChopleBerry|Defiant|KowtowCleave,LowKick,SuckerPunch,Protect|Adamant||F|||50|]Politoed||Leftovers|Drizzle|PerishSong,Encore,MuddyWater,Protect|Calm||M|||50|]Grimmsnarl||BabiriBerry|Prankster|Protect,FakeOut,LightScreen,PartingShot|Careful||M|||50|
|c|☆burningringoffire|can't really say i deserve that one
|
|t:|1784833782
|teamsize|p1|4
|teamsize|p2|4
|start
|switch|p1a: Florges|Florges, L50, F|100/100
|switch|p1b: Incineroar|Incineroar, L50, F|100/100
|switch|p2a: Gengar|Gengar, L50, M|100/100
|switch|p2b: Grimmsnarl|Grimmsnarl, L50, M|100/100
|-ability|p1b: Incineroar|Intimidate|boost
|-unboost|p2a: Gengar|atk|1
|-unboost|p2b: Grimmsnarl|atk|1
|turn|1
|c|☆MaxwellBaker|You are going to win 1/3rd of those. It's my job to make it better for myself.
|
|t:|1784833832
|detailschange|p2a: Gengar|Gengar-Mega, L50, M
|-mega|p2a: Gengar|Gengar|Gengarite
|move|p2b: Grimmsnarl|Fake Out|p1a: Florges
|-damage|p1a: Florges|91/100
|move|p2a: Gengar|Perish Song|p2a: Gengar
|-start|p1a: Florges|perish3|[silent]
|-start|p1b: Incineroar|perish3|[silent]
|-start|p2a: Gengar|perish3|[silent]
|-start|p2b: Grimmsnarl|perish3|[silent]
|-fieldactivate|move: Perish Song
|cant|p1a: Florges|flinch
|move|p1b: Incineroar|Throat Chop|p2a: Gengar
|-supereffective|p2a: Gengar|1
|-damage|p2a: Gengar|19/100
|-start|p2a: Gengar|Throat Chop|[silent]
|
|-start|p2a: Gengar|perish3
|-start|p1a: Florges|perish3
|-start|p2b: Grimmsnarl|perish3
|-start|p1b: Incineroar|perish3
|upkeep
|turn|2
|inactive|Battle timer is ON: inactive players will automatically lose when time's up. (requested by burningringoffire)
|
|t:|1784833856
|move|p2a: Gengar|Protect|p2a: Gengar
|-singleturn|p2a: Gengar|Protect
|move|p2b: Grimmsnarl|Light Screen|p2b: Grimmsnarl
|-sidestart|p2: burningringoffire|move: Light Screen
|move|p1a: Florges|Moonblast|p2b: Grimmsnarl
|-supereffective|p2b: Grimmsnarl|1
|-damage|p2b: Grimmsnarl|37/100
|-damage|p1a: Florges|81/100|[from] item: Life Orb
|move|p1b: Incineroar|Flare Blitz|p2b: Grimmsnarl
|-damage|p2b: Grimmsnarl|0 fnt
|faint|p2b: Grimmsnarl
|-damage|p1b: Incineroar|87/100|[from] Recoil
|
|-end|p2a: Gengar|Throat Chop|[silent]
|-start|p2a: Gengar|perish2
|-start|p1a: Florges|perish2
|-start|p1b: Incineroar|perish2
|upkeep
|
|t:|1784833881
|switch|p2b: Incineroar|Incineroar, L50, F|100/100
|-ability|p2b: Incineroar|Intimidate|boost
|-unboost|p1a: Florges|atk|1
|-unboost|p1b: Incineroar|atk|1
|turn|3
|
|t:|1784833903
|move|p2b: Incineroar|Fake Out|p1b: Incineroar
|-damage|p1b: Incineroar|77/100
|move|p2a: Gengar|Disable|p1a: Florges
|-start|p1a: Florges|Disable|Moonblast
|move|p1a: Florges|Psychic|p2a: Gengar
|-supereffective|p2a: Gengar|1
|-damage|p2a: Gengar|0 fnt
|faint|p2a: Gengar
|-damage|p1a: Florges|72/100|[from] item: Life Orb
|cant|p1b: Incineroar|flinch
|
|-start|p1a: Florges|perish1
|-start|p1b: Incineroar|perish1
|upkeep
|
|t:|1784833916
|switch|p2a: Sinistcha|Sinistcha, L50|100/100
|turn|4
|
|t:|1784833929
|switch|p1a: Raichu|Raichu, L50, F|100/100
|switch|p1b: Milotic|Milotic, L50, F|100/100
|move|p2a: Sinistcha|Matcha Gotcha|p1a: Raichu|[spread] p1a,p1b
|-supereffective|p1b: Milotic|1
|-damage|p1a: Raichu|65/100
|-damage|p1b: Milotic|64/100
|move|p2b: Incineroar|Flare Blitz|p1a: Raichu
|-damage|p1a: Raichu|0 fnt
|faint|p1a: Raichu
|-damage|p2b: Incineroar|83/100|[from] Recoil
|
|-heal|p1b: Milotic|70/100|[from] item: Leftovers
|upkeep
|
|t:|1784833945
|switch|p1a: Incineroar|Incineroar, L50, F|77/100
|-ability|p1a: Incineroar|Intimidate|boost
|-unboost|p2a: Sinistcha|atk|1
|-unboost|p2b: Incineroar|atk|1
|turn|5
|
|t:|1784833960
|move|p1a: Incineroar|Fake Out|p2b: Incineroar
|-damage|p2b: Incineroar|74/100
|move|p1b: Milotic|Ice Beam|p2a: Sinistcha
|-supereffective|p2a: Sinistcha|1
|-damage|p2a: Sinistcha|72/100
|-status|p2a: Sinistcha|frz
|-curestatus|p2a: Sinistcha|frz|[from] move: Matcha Gotcha
|move|p2a: Sinistcha|Matcha Gotcha|p1a: Incineroar|[spread] p1a,p1b
|-resisted|p1a: Incineroar|1
|-supereffective|p1b: Milotic|1
|-damage|p1a: Incineroar|67/100
|-heal|p2a: Sinistcha|78/100|[from] drain|[of] p1a: Incineroar
|-damage|p1b: Milotic|34/100
|-heal|p2a: Sinistcha|98/100|[from] drain|[of] p1b: Milotic
|cant|p2b: Incineroar|flinch
|
|-heal|p1b: Milotic|40/100|[from] item: Leftovers
|upkeep
|turn|6
|inactive|MaxwellBaker has 30 seconds left.
|
|t:|1784833989
|move|p1b: Milotic|Protect|p1b: Milotic
|-singleturn|p1b: Milotic|Protect
|move|p2a: Sinistcha|Matcha Gotcha|p1a: Incineroar|[spread] p1a
|-activate|p1b: Milotic|move: Protect
|-resisted|p1a: Incineroar|1
|-damage|p1a: Incineroar|58/100
|-heal|p2a: Sinistcha|100/100|[from] drain|[of] p1a: Incineroar
|move|p2b: Incineroar|Flare Blitz|p1b: Milotic
|-activate|p1b: Milotic|move: Protect
|move|p1a: Incineroar|Flare Blitz|p2a: Sinistcha
|-supereffective|p2a: Sinistcha|1
|-damage|p2a: Sinistcha|24/100
|-damage|p1a: Incineroar|37/100|[from] Recoil
|-enditem|p1a: Incineroar|Sitrus Berry|[eat]
|-heal|p1a: Incineroar|61/100|[from] item: Sitrus Berry
|
|-heal|p1b: Milotic|46/100|[from] item: Leftovers
|-sideend|p2: burningringoffire|move: Light Screen
|upkeep
|turn|7
|inactive|MaxwellBaker has 30 seconds left.
|
|t:|1784834018
|switch|p1b: Florges|Florges, L50, F|72/100
|move|p2a: Sinistcha|Matcha Gotcha|p1a: Incineroar|[spread] p1a,p1b
|-resisted|p1a: Incineroar|1
|-damage|p1a: Incineroar|53/100
|-heal|p2a: Sinistcha|29/100|[from] drain|[of] p1a: Incineroar
|-damage|p1b: Florges|52/100
|-heal|p2a: Sinistcha|38/100|[from] drain|[of] p1b: Florges
|move|p1a: Incineroar|Flare Blitz|p2a: Sinistcha
|-supereffective|p2a: Sinistcha|1
|-damage|p2a: Sinistcha|0 fnt
|faint|p2a: Sinistcha
|-damage|p1a: Incineroar|42/100|[from] Recoil
|move|p2b: Incineroar|Flare Blitz|p1b: Florges
|-crit|p1b: Florges
|-damage|p1b: Florges|0 fnt
|faint|p1b: Florges
|-damage|p2b: Incineroar|61/100|[from] Recoil
|
|upkeep
|c|☆burningringoffire|ggwp
|
|t:|1784834037
|switch|p1b: Milotic|Milotic, L50, F|46/100
|turn|8
|
|t:|1784834046
|move|p1b: Milotic|Scald|p2b: Incineroar
|-supereffective|p2b: Incineroar|1
|-damage|p2b: Incineroar|15/100
|-enditem|p2b: Incineroar|Sitrus Berry|[eat]
|-heal|p2b: Incineroar|40/100|[from] item: Sitrus Berry
|move|p1a: Incineroar|Flare Blitz|p2b: Incineroar
|-resisted|p2b: Incineroar|1
|-damage|p2b: Incineroar|21/100
|-damage|p1a: Incineroar|36/100|[from] Recoil
|move|p2b: Incineroar|Flare Blitz|p1a: Incineroar
|-resisted|p1a: Incineroar|1
|-damage|p1a: Incineroar|23/100
|-damage|p2b: Incineroar|17/100|[from] Recoil
|
|-heal|p1b: Milotic|52/100|[from] item: Leftovers
|upkeep
|turn|9
|
|t:|1784834070
|move|p1b: Milotic|Scald|p2b: Incineroar
|-supereffective|p2b: Incineroar|1
|-damage|p2b: Incineroar|0 fnt
|faint|p2b: Incineroar
|
|win|MaxwellBaker
||burningringoffire is ready for game 3.
