|j|☆SengarBlade
|j|☆middleagedpotato
|html|SengarBlademiddleagedpotato    
|uhtml|bestof|Game 2 of a best-of-3
|t:|1757849822
|gametype|doubles
|player|p1|SengarBlade|preschooler|
|player|p2|middleagedpotato|dawn-gen4pt|
|gen|9
|tier|[Gen 9] VGC 2025 Reg H (Bo3)
|rule|Species Clause: Limit one of each Pokémon
|rule|Item Clause: Limit 1 of each item
|clearpoke
|poke|p1|Murkrow, L50, M|
|poke|p1|Tyranitar, L50, M|
|poke|p1|Lycanroc, L50, M|
|poke|p1|Decidueye-Hisui, L50, M|
|poke|p1|Clefable, L50, M|
|poke|p1|Hydreigon, L50, F|
|poke|p2|Smeargle, L50, M|
|poke|p2|Amoonguss, L50, M|
|poke|p2|Gardevoir, L50, F|
|poke|p2|Ursaluna, L50, F|
|poke|p2|Azumarill, L50, F|
|poke|p2|Sneasler, L50, F|
|teampreview|4
|showteam|p1|Murkrow||Eviolite|Prankster|FoulPlay,Tailwind,Haze,Protect|||M|||50|,,,,,Steel]Tyranitar||ClearAmulet|SandStream|RockSlide,KnockOff,TeraBlast,Protect|||M|||50|,,,,,Flying]Lycanroc||FocusSash|SandRush|RockSlide,Accelerock,Endeavor,Endure|||M|||50|,,,,,Ghost]Decidueye-Hisui||LifeOrb|Scrappy|CloseCombat,LeafBlade,UpperHand,Protect|||M|||50|,,,,,Ghost]Clefable||SafetyGoggles|Unaware|Moonblast,FollowMe,HelpingHand,Protect|||M|||50|,,,,,Water]Hydreigon||AguavBerry|Levitate|DracoMeteor,DarkPulse,Snarl,Protect|||F|||50|,,,,,Poison
|showteam|p2|Smeargle||FocusSash|Moody|Imprison,Transform,Protect,Spore|||M|||50|,,,,,Ghost]Amoonguss||RockyHelmet|Regenerator|Spore,RagePowder,PollenPuff,Protect|||M|||50|,,,,,Ghost]Gardevoir||Leftovers|Telepathy|Imprison,Protect,TrickRoom,DazzlingGleam|||F|||50|,,,,,Fairy]Ursaluna||FlameOrb|Guts|Protect,Facade,Earthquake,Crunch|||F|||50|,,,,,Ghost]Azumarill||AssaultVest|HugePower|AquaTail,AquaJet,PlayRough,IceSpinner|||F|||50|,,,,,Water]Sneasler||WhiteHerb|Unburden|CloseCombat,DireClaw,Protect,Uturn|||F|||50|,,,,,Dark
|
|t:|1757849868
|teamsize|p1|4
|teamsize|p2|4
|start
|switch|p1a: Tyranitar|Tyranitar, L50, M|100/100
|switch|p1b: Lycanroc|Lycanroc, L50, M|100/100
|switch|p2a: Smeargle|Smeargle, L50, M|100/100
|switch|p2b: Amoonguss|Amoonguss, L50, M|100/100
|-weather|Sandstorm|[from] ability: Sand Stream|[of] p1a: Tyranitar
|turn|1
|inactive|Battle timer is ON: inactive players will automatically lose when time's up. (requested by SengarBlade)
|
|t:|1757849899
|move|p2a: Smeargle|Protect|p2a: Smeargle
|-singleturn|p2a: Smeargle|Protect
|move|p1b: Lycanroc|Rock Slide|p2b: Amoonguss|[spread] p2b
|-activate|p2a: Smeargle|move: Protect
|-damage|p2b: Amoonguss|73/100
|move|p1a: Tyranitar|Rock Slide|p2a: Smeargle|[spread] p2b
|-activate|p2a: Smeargle|move: Protect
|-damage|p2b: Amoonguss|40/100
|move|p2b: Amoonguss|Spore|p1b: Lycanroc
|-status|p1b: Lycanroc|slp|[from] move: Spore
|
|-weather|Sandstorm|[upkeep]
|-damage|p2a: Smeargle|94/100|[from] Sandstorm
|-damage|p2b: Amoonguss|34/100|[from] Sandstorm
|-ability|p2a: Smeargle|Moody|boost
|-boost|p2a: Smeargle|spe|2
|-unboost|p2a: Smeargle|atk|1
|upkeep
|turn|2
|inactive|SengarBlade has 30 seconds left.
|inactive|middleagedpotato has 30 seconds left.
|inactive|SengarBlade has 20 seconds left.
|
|t:|1757849934
|move|p2b: Amoonguss|Protect|p2b: Amoonguss
|-singleturn|p2b: Amoonguss|Protect
|cant|p1b: Lycanroc|slp
|move|p2a: Smeargle|Imprison|p2a: Smeargle
|-start|p2a: Smeargle|move: Imprison
|move|p1a: Tyranitar|Rock Slide|p2b: Amoonguss|[spread] p2a
|-activate|p2b: Amoonguss|move: Protect
|-damage|p2a: Smeargle|20/100
|
|-weather|Sandstorm|[upkeep]
|-damage|p2a: Smeargle|14/100|[from] Sandstorm
|-damage|p2b: Amoonguss|28/100|[from] Sandstorm
|-ability|p2a: Smeargle|Moody|boost
|-boost|p2a: Smeargle|spa|2
|-unboost|p2a: Smeargle|def|1
|upkeep
|turn|3
|
|t:|1757849958
|cant|p1b: Lycanroc|slp
|move|p2a: Smeargle|Transform|p1b: Lycanroc
|-transform|p2a: Smeargle|p1b: Lycanroc
|cant|p1a: Tyranitar|move: Imprison|Rock Slide
|move|p2b: Amoonguss|Spore|p1a: Tyranitar
|-status|p1a: Tyranitar|slp|[from] move: Spore
|
|-weather|Sandstorm|[upkeep]
|-damage|p2b: Amoonguss|23/100|[from] Sandstorm
|upkeep
|turn|4
|inactive|SengarBlade has 30 seconds left.
|inactive|middleagedpotato has 30 seconds left.
|inactive|SengarBlade has 20 seconds left.
|inactive|SengarBlade has 15 seconds left.
|inactive|SengarBlade has 10 seconds left.
|inactive|middleagedpotato has 20 seconds left.
|
|t:|1757850008
|switch|p1b: Decidueye|Decidueye-Hisui, L50, M|100/100
|move|p2a: Smeargle|Endeavor|p1a: Tyranitar
|-damage|p1a: Tyranitar|9/100 slp
|cant|p1a: Tyranitar|slp
|move|p2b: Amoonguss|Pollen Puff|p2a: Smeargle
|-heal|p2a: Smeargle|64/100
|
|-weather|Sandstorm|[upkeep]
|-damage|p1b: Decidueye|94/100|[from] Sandstorm
|-damage|p2b: Amoonguss|17/100|[from] Sandstorm
|upkeep
|turn|5
|inactive|SengarBlade has 30 seconds left.
|inactive|middleagedpotato has 30 seconds left.
|inactive|SengarBlade has 20 seconds left.
|inactive|SengarBlade has 15 seconds left.
|
|t:|1757850052
|switch|p1a: Lycanroc|Lycanroc, L50, M|100/100 slp
|-terastallize|p1b: Decidueye|Ghost
|move|p2b: Amoonguss|Rage Powder|p2b: Amoonguss
|-singleturn|p2b: Amoonguss|move: Rage Powder
|move|p2a: Smeargle|Endeavor|p1b: Decidueye
|-immune|p1b: Decidueye
|move|p1b: Decidueye|Leaf Blade|p2b: Amoonguss
|-resisted|p2b: Amoonguss
|-damage|p2b: Amoonguss|4/100
|-damage|p1b: Decidueye|78/100|[from] item: Rocky Helmet|[of] p2b: Amoonguss
|-damage|p1b: Decidueye|68/100|[from] item: Life Orb
|
|-weather|none
|upkeep
|turn|6
|inactive|SengarBlade has 30 seconds left.
|inactive|middleagedpotato has 30 seconds left.
|
|t:|1757850086
|switch|p1a: Clefable|Clefable, L50, M|100/100
|switch|p2b: Ursaluna|Ursaluna, L50, F|100/100
|move|p2a: Smeargle|Endure|p2a: Smeargle
|-singleturn|p2a: Smeargle|move: Endure
|move|p1b: Decidueye|Upper Hand||[still]
|-fail|p1b: Decidueye
|
|-status|p2b: Ursaluna|brn|[from] item: Flame Orb
|upkeep
|turn|7
|inactive|SengarBlade has 30 seconds left.
|inactive|SengarBlade has 20 seconds left.
|
|t:|1757850122
|switch|p1a: Lycanroc|Lycanroc, L50, M|100/100 slp
|move|p2a: Smeargle|Endeavor|p1a: Lycanroc
|-damage|p1a: Lycanroc|55/100 slp
|move|p1b: Decidueye|Leaf Blade|p2a: Smeargle
|-supereffective|p2a: Smeargle
|-damage|p2a: Smeargle|0 fnt
|faint|p2a: Smeargle
|-damage|p1b: Decidueye|58/100|[from] item: Life Orb
|move|p2b: Ursaluna|Crunch|p1b: Decidueye
|-supereffective|p1b: Decidueye
|-damage|p1b: Decidueye|0 fnt
|faint|p1b: Decidueye
|
|-damage|p2b: Ursaluna|95/100 brn|[from] brn
|upkeep
|
|t:|1757850142
|switch|p2a: Gardevoir|Gardevoir, L50, F|100/100
|switch|p1b: Tyranitar|Tyranitar, L50, M|9/100 slp
|-weather|Sandstorm|[from] ability: Sand Stream|[of] p1b: Tyranitar
|turn|8
|
|t:|1757850164
|-terastallize|p2b: Ursaluna|Ghost
|-curestatus|p1a: Lycanroc|slp|[msg]
|move|p1a: Lycanroc|Endeavor|p2b: Ursaluna
|-immune|p2b: Ursaluna
|cant|p1b: Tyranitar|slp
|move|p2b: Ursaluna|Earthquake|p1a: Lycanroc|[spread] p1a,p1b
|-activate|p2a: Gardevoir|ability: Telepathy
|-supereffective|p1a: Lycanroc
|-supereffective|p1b: Tyranitar
|-damage|p1a: Lycanroc|0 fnt
|-damage|p1b: Tyranitar|0 fnt
|faint|p1a: Lycanroc
|faint|p1b: Tyranitar
|move|p2a: Gardevoir|Trick Room|p2a: Gardevoir
|-fieldstart|move: Trick Room|[of] p2a: Gardevoir
|
|-weather|Sandstorm|[upkeep]
|-damage|p2b: Ursaluna|89/100 brn|[from] Sandstorm
|-damage|p2a: Gardevoir|95/100|[from] Sandstorm
|-heal|p2a: Gardevoir|100/100|[from] item: Leftovers
|-damage|p2b: Ursaluna|83/100 brn|[from] brn
|upkeep
|
|t:|1757850183
|switch|p1b: Clefable|Clefable, L50, M|100/100
|turn|9
|inactive|middleagedpotato has 30 seconds left.
|inactive|middleagedpotato has 20 seconds left.
|inactive|middleagedpotato has 15 seconds left.
|
|t:|1757850228
|move|p2b: Ursaluna|Facade|p1b: Clefable
|-damage|p1b: Clefable|0 fnt
|faint|p1b: Clefable
|
|win|middleagedpotato
||SengarBlade is ready for game 3.
