|j|☆nman101010
|j|☆avalos jr
|html|nman101010avalos jr    
|uhtml|bestof|Game 3 of a best-of-3
|t:|1783268316
|gametype|doubles
|player|p1|nman101010|1|1138
|player|p2|avalos jr|miku-ghost|1193
|gen|9
|tier|[Gen 9 Champions] VGC 2026 Reg M-B (Bo3)
|rated|
|rule|Species Clause: Limit one of each Pokémon
|rule|Item Clause: Limit 1 of each item
|clearpoke
|poke|p1|Metagross, L50|
|poke|p1|Hydreigon, L50, M|
|poke|p1|Farigiraf, L50, M|
|poke|p1|Sylveon, L50, M|
|poke|p1|Gholdengo, L50|
|poke|p1|Dragonite, L50, M|
|poke|p2|Floette-Eternal, L50, F|
|poke|p2|Incineroar, L50, F, shiny|
|poke|p2|Sinistcha, L50, shiny|
|poke|p2|Garchomp, L50, M, shiny|
|poke|p2|Whimsicott, L50, F, shiny|
|poke|p2|Delphox, L50, F, shiny|
|teampreview|4
|showteam|p1|Metagross||Metagrossite|ClearBody|PsychicFangs,BulletPunch,HammerArm,Protect|Adamant|||||50|]Hydreigon||ChoiceScarf|Levitate|DracoMeteor,DarkPulse,Snarl,EarthPower|Modest||M|||50|]Farigiraf||SitrusBerry|ArmorTail|Psychic,HelpingHand,TrickRoom,Protect|Bold||M|||50|]Sylveon||FairyFeather|Pixilate|HyperVoice,HyperBeam,QuickAttack,Protect|Modest||M|||50|]Gholdengo||LifeOrb|GoodasGold|ShadowBall,MakeItRain,PowerGem,Protect|Modest|||||50|]Dragonite||Dragoninite|Multiscale|Tailwind,AirSlash,DracoMeteor,Haze|Modest||M|||50|
|showteam|p2|Floette-Eternal||Floettite|FlowerVeil|DrainingKiss,DazzlingGleam,CalmMind,Protect|Modest||F|||50|]Incineroar||Charcoal|Intimidate|FakeOut,ThroatChop,FlareBlitz,PartingShot|Adamant||F|||50|]Sinistcha||CobaBerry|Hospitality|MatchaGotcha,RagePowder,LifeDew,TrickRoom|Bold|||||50|]Garchomp||LifeOrb|RoughSkin|RockSlide,Earthquake,DragonClaw,Protect|Jolly||M|||50|]Whimsicott||FairyFeather|Prankster|Moonblast,Tailwind,Encore,Protect|Timid||F|||50|]Delphox||Delphoxite|Blaze|HeatWave,Psychic,NastyPlot,Protect|Timid||F|||50|
|inactive|Battle timer is ON: inactive players will automatically lose when time's up. (requested by avalos jr)
|inactive|nman101010 has 60 seconds left.
|
|t:|1783268352
|teamsize|p1|4
|teamsize|p2|4
|start
|switch|p1a: Farigiraf|Farigiraf, L50, M|100/100
|switch|p1b: Metagross|Metagross, L50|100/100
|switch|p2a: Psychopomp|Delphox, L50, F, shiny|100/100
|switch|p2b: Flaure|Whimsicott, L50, F, shiny|100/100
|turn|1
|inactive|nman101010 has 30 seconds left.
|
|t:|1783268381
|detailschange|p2a: Psychopomp|Delphox-Mega, L50, F, shiny
|-mega|p2a: Psychopomp|Delphox|Delphoxite
|detailschange|p1b: Metagross|Metagross-Mega, L50
|-mega|p1b: Metagross|Metagross|Metagrossite
|move|p1b: Metagross|Bullet Punch|p2b: Flaure
|-supereffective|p2b: Flaure|1
|-damage|p2b: Flaure|25/100
|move|p2a: Psychopomp|Heat Wave|p1b: Metagross|[spread] p1a,p1b
|-supereffective|p1b: Metagross|1
|-damage|p1a: Farigiraf|63/100
|-damage|p1b: Metagross|26/100
|move|p2b: Flaure|Moonblast|p1a: Farigiraf
|-damage|p1a: Farigiraf|24/100
|-enditem|p1a: Farigiraf|Sitrus Berry|[eat]
|-heal|p1a: Farigiraf|49/100|[from] item: Sitrus Berry
|move|p1a: Farigiraf|Trick Room|p1a: Farigiraf
|-fieldstart|move: Trick Room|[of] p1a: Farigiraf
|
|upkeep
|turn|2
|
|t:|1783268403
|switch|p2b: Beri|Sinistcha, L50, shiny|100/100
|move|p1a: Farigiraf|Psychic|p2b: Beri
|-damage|p2b: Beri|67/100
|move|p1b: Metagross|Hammer Arm|p2a: Psychopomp
|-resisted|p2a: Psychopomp|1
|-damage|p2a: Psychopomp|59/100
|-unboost|p1b: Metagross|spe|1
|move|p2a: Psychopomp|Heat Wave|p1b: Metagross|[spread] p1a,p1b
|-supereffective|p1b: Metagross|1
|-damage|p1a: Farigiraf|9/100
|-damage|p1b: Metagross|0 fnt
|faint|p1b: Metagross
|
|upkeep
|
|t:|1783268419
|switch|p1b: Hydreigon|Hydreigon, L50, M|100/100
|turn|3
|
|t:|1783268436
|move|p1a: Farigiraf|Protect|p1a: Farigiraf
|-singleturn|p1a: Farigiraf|Protect
|move|p2a: Psychopomp|Nasty Plot|p2a: Psychopomp
|-boost|p2a: Psychopomp|spa|2
|move|p1b: Hydreigon|Snarl|p2b: Beri|[spread] p2a,p2b
|-supereffective|p2a: Psychopomp|1
|-supereffective|p2b: Beri|1
|-damage|p2a: Psychopomp|13/100
|-damage|p2b: Beri|15/100
|-unboost|p2a: Psychopomp|spa|1
|-unboost|p2b: Beri|spa|1
|move|p2b: Beri|Trick Room|p2b: Beri
|-fieldend|move: Trick Room
|
|upkeep
|turn|4
|
|t:|1783268450
|switch|p2b: Flaure|Whimsicott, L50, F, shiny|25/100
|switch|p1a: Gholdengo|Gholdengo, L50|100/100
|move|p2a: Psychopomp|Protect|p2a: Psychopomp
|-singleturn|p2a: Psychopomp|Protect
|move|p1b: Hydreigon|Snarl|p2b: Flaure|[spread] p2b
|-activate|p2a: Psychopomp|move: Protect
|-resisted|p2b: Flaure|1
|-damage|p2b: Flaure|9/100
|-unboost|p2b: Flaure|spa|1
|
|upkeep
|turn|5
|
|t:|1783268466
|switch|p2b: Beri|Sinistcha, L50, shiny|15/100
|-heal|p2a: Psychopomp|38/100|[from] ability: Hospitality|[of] p2b: Beri
|move|p1a: Gholdengo|Protect|p1a: Gholdengo
|-singleturn|p1a: Gholdengo|Protect
|move|p2a: Psychopomp|Heat Wave|p1b: Hydreigon|[spread] p1b
|-activate|p1a: Gholdengo|move: Protect
|-resisted|p1b: Hydreigon|1
|-damage|p1b: Hydreigon|65/100
|move|p1b: Hydreigon|Snarl|p2a: Psychopomp|[spread] p2a,p2b
|-supereffective|p2a: Psychopomp|1
|-supereffective|p2b: Beri|1
|-damage|p2a: Psychopomp|0 fnt
|-damage|p2b: Beri|0 fnt
|faint|p2a: Psychopomp
|faint|p2b: Beri
|
|upkeep
|
|t:|1783268479
|switch|p2a: Flaure|Whimsicott, L50, F, shiny|9/100
|switch|p2b: Dandelion|Floette-Eternal, L50, F|100/100
|turn|6
|
|t:|1783268488
|move|p2a: Flaure|Tailwind|p2a: Flaure
|-sidestart|p2: avalos jr|move: Tailwind
|move|p2b: Dandelion|Dazzling Gleam|p1b: Hydreigon|[spread] p1a,p1b
|-resisted|p1a: Gholdengo|1
|-supereffective|p1b: Hydreigon|2
|-damage|p1a: Gholdengo|86/100
|-damage|p1b: Hydreigon|0 fnt
|faint|p1b: Hydreigon
|move|p1a: Gholdengo|Make It Rain|p2a: Flaure|[spread] p2a,p2b
|-supereffective|p2a: Flaure|1
|-supereffective|p2b: Dandelion|1
|-damage|p2a: Flaure|0 fnt
|-damage|p2b: Dandelion|0 fnt
|-unboost|p1a: Gholdengo|spa|2
|faint|p2a: Flaure
|faint|p2b: Dandelion
|-damage|p1a: Gholdengo|76/100|[from] item: Life Orb
|
|win|nman101010
|raw|nman101010's rating: 1138 → 1167(+29 for winning)
|raw|avalos jr's rating: 1193 → 1164(-29 for losing)
