|j|☆Mortipherus
|j|☆Arroz Integral
|html|MortipherusArroz Integral    
|uhtml|bestof|Game 1 of a best-of-3
|t:|1756808429
|gametype|doubles
|player|p1|Mortipherus|biker-gen4|1253
|player|p2|Arroz Integral|harmony|1264
|gen|9
|tier|[Gen 9] VGC 2025 Reg H (Bo3)
|rated|
|rule|Species Clause: Limit one of each Pokémon
|rule|Item Clause: Limit 1 of each item
|clearpoke
|poke|p1|Hydrapple, L50, M|
|poke|p1|Arcanine-Hisui, L50, M|
|poke|p1|Gholdengo, L50|
|poke|p1|Electabuzz, L50, M|
|poke|p1|Indeedee, L50, M|
|poke|p1|Sneasler, L50, M|
|poke|p2|Volcarona, L50, F|
|poke|p2|Rillaboom, L50, F|
|poke|p2|Gholdengo, L50|
|poke|p2|Sneasler, L50, F|
|poke|p2|Primarina, L50, M|
|poke|p2|Sinistcha-Masterpiece, L50|
|teampreview|4
|showteam|p1|Hydrapple||AssaultVest|Regenerator|FickleBeam,EnergyBall,EarthPower,BreakingSwipe|||M|||50|,,,,,Ground]Arcanine-Hisui||ClearAmulet|Intimidate|Protect,ExtremeSpeed,FlareBlitz,RockSlide|||M|||50|,,,,,Grass]Gholdengo||LifeOrb|GoodasGold|Protect,NastyPlot,MakeItRain,ShadowBall||||||50|,,,,,Flying]Electabuzz||Eviolite|VitalSpirit|Protect,FollowMe,Taunt,Electroweb|||M|||50|,,,,,Dragon]Indeedee||FocusSash|PsychicSurge|Protect,TrickRoom,ExpandingForce,TeraBlast|||M|||50|,,,,,Ground]Sneasler||PsychicSeed|Unburden|Protect,ThroatChop,DireClaw,CloseCombat|||M|||50|,,,,,Dark
|showteam|p2|Volcarona||CovertCloak|FlameBody|QuiverDance,HeatWave,TeraBlast,Protect|||F|||50|,,,,,Fairy]Rillaboom||AssaultVest|GrassySurge|Uturn,WoodHammer,GrassyGlide,FakeOut|||F|||50|,,,,,Fire]Gholdengo||MetalCoat|GoodasGold|MakeItRain,ShadowBall,NastyPlot,Protect||||||50|,,,,,Dragon]Sneasler||FocusSash|Unburden|DireClaw,CloseCombat,FakeOut,Protect|||F|||50|,,,,,Stellar]Primarina||SitrusBerry|LiquidVoice|HyperVoice,Moonblast,Haze,Protect|||M|||50|,,,,,Poison]Sinistcha-Masterpiece||RockyHelmet|Hospitality|MatchaGotcha,RagePowder,TrickRoom,Imprison||||||50|,,,,,Dark
|inactive|Battle timer is ON: inactive players will automatically lose when time's up. (requested by Arroz Integral)
|inactive|Arroz Integral has 60 seconds left.
|
|t:|1756808484
|teamsize|p1|4
|teamsize|p2|4
|start
|switch|p1a: Indeedee|Indeedee, L50, M|100/100
|switch|p1b: Arcanine|Arcanine-Hisui, L50, M|100/100
|switch|p2a: Volcarona|Volcarona, L50, F, shiny|100/100
|switch|p2b: Rillaboom|Rillaboom, L50, F, shiny|100/100
|-fieldstart|move: Psychic Terrain|[from] ability: Psychic Surge|[of] p1a: Indeedee
|-ability|p1b: Arcanine|Intimidate|boost
|-unboost|p2a: Volcarona|atk|1
|-unboost|p2b: Rillaboom|atk|1
|-fieldstart|move: Grassy Terrain|[from] ability: Grassy Surge|[of] p2b: Rillaboom
|turn|1
|
|t:|1756808508
|move|p2b: Rillaboom|Fake Out|p1b: Arcanine
|-resisted|p1b: Arcanine
|-damage|p1b: Arcanine|96/100
|move|p1a: Indeedee|Expanding Force|p2a: Volcarona
|-damage|p2a: Volcarona|69/100
|move|p2a: Volcarona|Quiver Dance|p2a: Volcarona
|-boost|p2a: Volcarona|spa|1
|-boost|p2a: Volcarona|spd|1
|-boost|p2a: Volcarona|spe|1
|cant|p1b: Arcanine|flinch
|
|-heal|p2a: Volcarona|75/100|[from] Grassy Terrain
|-heal|p1b: Arcanine|100/100|[from] Grassy Terrain
|upkeep
|turn|2
|
|t:|1756808516
|switch|p1a: Hydrapple|Hydrapple, L50, M|100/100
|move|p2a: Volcarona|Protect|p2a: Volcarona
|-singleturn|p2a: Volcarona|Protect
|move|p1b: Arcanine|Rock Slide|p2b: Rillaboom|[spread] p2b
|-activate|p2a: Volcarona|move: Protect
|-damage|p2b: Rillaboom|74/100
|cant|p2b: Rillaboom|flinch
|
|-heal|p2a: Volcarona|82/100|[from] Grassy Terrain
|-heal|p2b: Rillaboom|80/100|[from] Grassy Terrain
|upkeep
|turn|3
|
|t:|1756808530
|switch|p1a: Indeedee|Indeedee, L50, M|100/100
|-fieldstart|move: Psychic Terrain|[from] ability: Psychic Surge|[of] p1a: Indeedee
|-terastallize|p2a: Volcarona|Fairy
|move|p2a: Volcarona|Heat Wave|p1a: Indeedee|[spread] p1a,p1b
|-resisted|p1b: Arcanine
|-damage|p1a: Indeedee|30/100
|-damage|p1b: Arcanine|87/100
|move|p1b: Arcanine|Rock Slide|p2a: Volcarona|[spread] p2a,p2b
|-crit|p2a: Volcarona
|-damage|p2a: Volcarona|33/100
|-damage|p2b: Rillaboom|56/100
|move|p2b: Rillaboom|U-turn|p1a: Indeedee
|-supereffective|p1a: Indeedee
|-damage|p1a: Indeedee|0 fnt
|faint|p1a: Indeedee
|
|t:|1756808544
|switch|p2b: Sinistcha|Sinistcha-Masterpiece, L50|100/100|[from] U-turn
|-heal|p2a: Volcarona|58/100|[from] ability: Hospitality|[of] p2b: Sinistcha
|
|upkeep
|
|t:|1756808550
|switch|p1a: Sneasler|Sneasler, L50, M|100/100
|-enditem|p1a: Sneasler|Psychic Seed
|-boost|p1a: Sneasler|spd|1|[from] item: Psychic Seed
|turn|4
|
|t:|1756808560
|move|p2a: Volcarona|Protect|p2a: Volcarona
|-singleturn|p2a: Volcarona|Protect
|move|p1a: Sneasler|Dire Claw|p2a: Volcarona
|-activate|p2a: Volcarona|move: Protect
|move|p1b: Arcanine|Flare Blitz|p2a: Volcarona
|-activate|p2a: Volcarona|move: Protect
|move|p2b: Sinistcha|Matcha Gotcha|p1b: Arcanine|[spread] p1a,p1b
|-resisted|p1a: Sneasler
|-damage|p1a: Sneasler|91/100
|-damage|p1b: Arcanine|58/100
|-status|p1a: Sneasler|brn
|
|-damage|p1a: Sneasler|85/100 brn|[from] brn
|upkeep
|turn|5
|
|t:|1756808573
|move|p2b: Sinistcha|Rage Powder|p2b: Sinistcha
|-singleturn|p2b: Sinistcha|move: Rage Powder
|move|p1a: Sneasler|Dire Claw|p2b: Sinistcha
|-damage|p2b: Sinistcha|83/100
|-status|p2b: Sinistcha|slp
|-damage|p1a: Sneasler|69/100 brn|[from] item: Rocky Helmet|[of] p2b: Sinistcha
|move|p2a: Volcarona|Heat Wave|p1b: Arcanine|[spread] p1a,p1b
|-resisted|p1b: Arcanine
|-damage|p1a: Sneasler|22/100 brn
|-damage|p1b: Arcanine|43/100
|move|p1b: Arcanine|Flare Blitz|p2b: Sinistcha
|-supereffective|p2b: Sinistcha
|-damage|p2b: Sinistcha|0 fnt
|-damage|p1b: Arcanine|26/100|[from] item: Rocky Helmet|[of] p2b: Sinistcha
|faint|p2b: Sinistcha
|-damage|p1b: Arcanine|1/100|[from] Recoil
|
|-damage|p1a: Sneasler|16/100 brn|[from] brn
|upkeep
|
|t:|1756808588
|switch|p2b: Rillaboom|Rillaboom, L50, F, shiny|56/100
|-fieldstart|move: Grassy Terrain|[from] ability: Grassy Surge|[of] p2b: Rillaboom
|turn|6
|
|t:|1756808598
|move|p1a: Sneasler|Protect|p1a: Sneasler
|-singleturn|p1a: Sneasler|Protect
|move|p2a: Volcarona|Protect|p2a: Volcarona
|-singleturn|p2a: Volcarona|Protect
|move|p1b: Arcanine|Protect|p1b: Arcanine
|-singleturn|p1b: Arcanine|Protect
|move|p2b: Rillaboom|U-turn|p1a: Sneasler
|-activate|p1a: Sneasler|move: Protect
|
|-heal|p1a: Sneasler|22/100 brn|[from] Grassy Terrain
|-heal|p2a: Volcarona|65/100|[from] Grassy Terrain
|-heal|p1b: Arcanine|7/100|[from] Grassy Terrain
|-heal|p2b: Rillaboom|62/100|[from] Grassy Terrain
|-damage|p1a: Sneasler|16/100 brn|[from] brn
|upkeep
|turn|7
|
|t:|1756808619
|switch|p1b: Hydrapple|Hydrapple, L50, M|100/100
|move|p1a: Sneasler|Dire Claw|p2a: Volcarona
|-supereffective|p2a: Volcarona
|-damage|p2a: Volcarona|17/100
|move|p2a: Volcarona|Heat Wave|p1a: Sneasler|[spread] p1a,p1b
|-crit|p1a: Sneasler
|-damage|p1a: Sneasler|0 fnt
|-damage|p1b: Hydrapple|63/100
|-status|p1b: Hydrapple|brn
|faint|p1a: Sneasler
|move|p2b: Rillaboom|U-turn|p1b: Hydrapple
|-supereffective|p1b: Hydrapple
|-damage|p1b: Hydrapple|29/100 brn
|
|t:|1756808627
|switch|p2b: Sneasler|Sneasler, L50, F|100/100|[from] U-turn
|
|-heal|p2a: Volcarona|23/100|[from] Grassy Terrain
|-heal|p1b: Hydrapple|35/100 brn|[from] Grassy Terrain
|-damage|p1b: Hydrapple|29/100 brn|[from] brn
|upkeep
|
|t:|1756808634
|switch|p1a: Arcanine|Arcanine-Hisui, L50, M|7/100
|-ability|p1a: Arcanine|Intimidate|boost
|-unboost|p2a: Volcarona|atk|1
|-unboost|p2b: Sneasler|atk|1
|turn|8
|
|t:|1756808641
|move|p2b: Sneasler|Fake Out|p1a: Arcanine
|-resisted|p1a: Arcanine
|-damage|p1a: Arcanine|3/100
|cant|p1a: Arcanine|flinch
|move|p2a: Volcarona|Tera Blast|p1b: Hydrapple|[anim] Tera Blast Fairy
|-supereffective|p1b: Hydrapple
|-damage|p1b: Hydrapple|0 fnt
|faint|p1b: Hydrapple
|
|-heal|p2a: Volcarona|30/100|[from] Grassy Terrain
|-heal|p1a: Arcanine|9/100|[from] Grassy Terrain
|upkeep
|turn|9
|
|t:|1756808647
|move|p1a: Arcanine|Extreme Speed|p2a: Volcarona
|-damage|p2a: Volcarona|1/100
|move|p2a: Volcarona|Tera Blast|p1a: Arcanine|[anim] Tera Blast Fairy
|-resisted|p1a: Arcanine
|-damage|p1a: Arcanine|0 fnt
|faint|p1a: Arcanine
|
|win|Arroz Integral
||Arroz Integral is ready for game 2.
