|j|☆ThierryVGC
|j|☆ew stinky monkey
|html|ThierryVGCew stinky monkey    
|uhtml|bestof|Game 2 of a best-of-3
|t:|1756502883
|gametype|doubles
|player|p1|ThierryVGC|101|1123
|player|p2|ew stinky monkey|beauty-gen2jp|1048
|gen|9
|tier|[Gen 9] VGC 2025 Reg H (Bo3)
|rated|
|rule|Species Clause: Limit one of each Pokémon
|rule|Item Clause: Limit 1 of each item
|clearpoke
|poke|p1|Garchomp, L50, M|
|poke|p1|Drifblim, L50, F|
|poke|p1|Indeedee, L50, M|
|poke|p1|Sneasler, L50, F|
|poke|p1|Talonflame, L50, F|
|poke|p1|Gardevoir, L50, M|
|poke|p2|Indeedee-F, L50, F|
|poke|p2|Delphox, L50, F|
|poke|p2|Dragonite, L50, F|
|poke|p2|Annihilape, L50, M|
|poke|p2|Ursaluna, L50, M|
|poke|p2|Porygon2, L50|
|teampreview|4
|showteam|p1|Garchomp||LifeOrb|RoughSkin|Earthquake,StompingTantrum,DragonClaw,Protect|||M|||50|,,,,,Ground]Drifblim||PsychicSeed|Unburden|Acrobatics,Disable,Tailwind,Haze|||F|||50|,,,,,Grass]Indeedee||FocusSash|PsychicSurge|ExpandingForce,TeraBlast,Imprison,TrickRoom|||M|||50|,,,,,Ground]Sneasler||WhiteHerb|Unburden|DireClaw,CloseCombat,ThroatChop,Protect|||F|||50|,,,,,Dark]Talonflame||CovertCloak|GaleWings|FlareBlitz,BraveBird,Taunt,Tailwind|||F|||50|,,,,,Flying]Gardevoir||ChoiceScarf|Telepathy|DazzlingGleam,Moonblast,ExpandingForce,Trick|||M|||50|,,,,,Psychic
|showteam|p2|Indeedee-F||SitrusBerry|PsychicSurge|Protect,HelpingHand,FollowMe,Psychic|||F|||50|,,,,,Fairy]Delphox||LifeOrb|Blaze|Protect,ExpandingForce,Flamethrower,TeraBlast|||F|||50|,,,,,Fighting]Dragonite||LoadedDice|Multiscale|Protect,ScaleShot,LowKick,Tailwind|||F|||50|,,,,,Fairy]Annihilape||SafetyGoggles|Defiant|RageFist,CloseCombat,Coaching,Taunt|||M|||50|,,,,,Steel]Ursaluna||FlameOrb|Guts|Protect,HeadlongRush,Earthquake,Facade|||M|||50|,,,,,Water]Porygon2||Eviolite|Download|TeraBlast,IceBeam,TrickRoom,Recover||||||50|,,,,,Ground
|
|t:|1756502955
|teamsize|p1|4
|teamsize|p2|4
|start
|switch|p1a: Indeedee|Indeedee, L50, M|100/100
|switch|p1b: Talonflame|Talonflame, L50, F|100/100
|switch|p2a: Dragonite|Dragonite, L50, F|100/100
|switch|p2b: Delphox|Delphox, L50, F|100/100
|-fieldstart|move: Psychic Terrain|[from] ability: Psychic Surge|[of] p1a: Indeedee
|turn|1
|
|t:|1756502969
|move|p1b: Talonflame|Tailwind|p1b: Talonflame
|-sidestart|p1: ThierryVGC|move: Tailwind
|move|p1a: Indeedee|Imprison|p1a: Indeedee
|-start|p1a: Indeedee|move: Imprison
|cant|p2b: Delphox|move: Imprison|Expanding Force
|move|p2a: Dragonite|Scale Shot|p1a: Indeedee
|-damage|p1a: Indeedee|72/100
|-damage|p1a: Indeedee|40/100
|-damage|p1a: Indeedee|13/100
|-crit|p1a: Indeedee
|-damage|p1a: Indeedee|0 fnt
|faint|p1a: Indeedee
|-hitcount|p1: Indeedee|4
|-unboost|p2a: Dragonite|def|1
|-boost|p2a: Dragonite|spe|1
|
|upkeep
|
|t:|1756502987
|switch|p1a: Gardevoir|Gardevoir, L50, M|100/100
|turn|2
|
|t:|1756503003
|-terastallize|p1a: Gardevoir|Psychic
|move|p2a: Dragonite|Protect|p2a: Dragonite
|-singleturn|p2a: Dragonite|Protect
|move|p2b: Delphox|Protect|p2b: Delphox
|-singleturn|p2b: Delphox|Protect
|move|p1b: Talonflame|Brave Bird|p2a: Dragonite
|-activate|p2a: Dragonite|move: Protect
|move|p1a: Gardevoir|Expanding Force|p2b: Delphox|[spread] 
|-activate|p2a: Dragonite|move: Protect
|-activate|p2b: Delphox|move: Protect
|
|upkeep
|turn|3
|
|t:|1756503033
|-terastallize|p2a: Dragonite|Fairy
|move|p1b: Talonflame|Brave Bird|p2a: Dragonite
|-activate|p2a: Dragonite|move: Psychic Terrain
|move|p1a: Gardevoir|Expanding Force|p2b: Delphox|[spread] p2a,p2b
|-resisted|p2b: Delphox
|-damage|p2a: Dragonite|59/100
|-damage|p2b: Delphox|45/100
|move|p2a: Dragonite|Scale Shot|p1a: Gardevoir
|-damage|p1a: Gardevoir|78/100
|-damage|p1a: Gardevoir|53/100
|-damage|p1a: Gardevoir|30/100
|-damage|p1a: Gardevoir|7/100
|-hitcount|p1a: Gardevoir|4
|-unboost|p2a: Dragonite|def|1
|-boost|p2a: Dragonite|spe|1
|move|p2b: Delphox|Expanding Force|p1a: Gardevoir|[spread] p1a,p1b
|-resisted|p1a: Gardevoir
|-damage|p1a: Gardevoir|0 fnt
|-damage|p1b: Talonflame|0 fnt
|faint|p1a: Gardevoir
|faint|p1b: Talonflame
|-damage|p2b: Delphox|35/100|[from] item: Life Orb
|
|upkeep
|
|t:|1756503043
|switch|p1b: Garchomp|Garchomp, L50, M|100/100
|turn|4
|
|t:|1756503050
|move|p2a: Dragonite|Protect|p2a: Dragonite
|-singleturn|p2a: Dragonite|Protect
|move|p2b: Delphox|Protect|p2b: Delphox
|-singleturn|p2b: Delphox|Protect
|move|p1b: Garchomp|Earthquake|p2b: Delphox|[spread] 
|-activate|p2a: Dragonite|move: Protect
|-activate|p2b: Delphox|move: Protect
|
|-sideend|p1: ThierryVGC|move: Tailwind
|upkeep
|turn|5
|
|t:|1756503054
|move|p2a: Dragonite|Scale Shot|p1b: Garchomp
|-supereffective|p1b: Garchomp
|-damage|p1b: Garchomp|74/100
|-supereffective|p1b: Garchomp
|-damage|p1b: Garchomp|45/100
|-supereffective|p1b: Garchomp
|-damage|p1b: Garchomp|20/100
|-supereffective|p1b: Garchomp
|-damage|p1b: Garchomp|0 fnt
|faint|p1b: Garchomp
|-hitcount|p1: Garchomp|4
|
|win|ew stinky monkey
|raw|ThierryVGC's rating: 1123 → 1093(-30 for losing)
|raw|ew stinky monkey's rating: 1048 → 1088(+40 for winning)
|l|☆ThierryVGC
|player|p1|
