|j|☆ufhednarvgc
|j|☆axolotlwooper
|html|ufhednarvgcaxolotlwooper    
|uhtml|bestof|Game 2 of a best-of-3
|t:|1785959917
|gametype|doubles
|player|p1|ufhednarvgc|lance|1127
|player|p2|axolotlwooper|linebacker|1204
|gen|9
|tier|[Gen 9 Champions] VGC 2026 Reg M-B (Bo3)
|rated|
|rule|Species Clause: Limit one of each Pokémon
|rule|Item Clause: Limit 1 of each item
|clearpoke
|poke|p1|Arcanine-Hisui, L50, M|
|poke|p1|Kingambit, L50, M|
|poke|p1|Raichu, L50, F|
|poke|p1|Farigiraf, L50, M|
|poke|p1|Sylveon, L50, M|
|poke|p1|Staraptor, L50, F|
|poke|p2|Camerupt, L50, F|
|poke|p2|Farigiraf, L50, F|
|poke|p2|Vanilluxe, L50, F|
|poke|p2|Scrafty, L50, M|
|poke|p2|Staraptor, L50, M|
|poke|p2|Sylveon, L50, M|
|teampreview|4
|showteam|p1|Arcanine-Hisui||FocusSash|RockHead|FlareBlitz,HeadSmash,ExtremeSpeed,Protect|Jolly||M|||50|]Kingambit||LifeOrb|Defiant|KowtowCleave,SuckerPunch,SwordsDance,Protect|Adamant||M|||50|]Raichu||RaichuniteY|LightningRod|ZapCannon,FocusBlast,FakeOut,Protect|Timid||F|||50|]Farigiraf||SitrusBerry|ArmorTail|Psychic,HelpingHand,TrickRoom,Protect|Modest||M|||50|]Sylveon||FairyFeather|Pixilate|HyperVoice,HyperBeam,QuickAttack,Detect|Modest||M|||50|]Staraptor||Staraptite|Intimidate|CloseCombat,DualWingbeat,Roost,Protect|Jolly||F|||50|
|showteam|p2|Camerupt||Cameruptite|SolidRock|HeatWave,AncientPower,EarthPower,Protect|Quiet||F|||50|]Farigiraf||SitrusBerry|ArmorTail|PsychicFangs,Thunderbolt,TrickRoom,Protect|Sassy||F|||50|]Vanilluxe||NeverMeltIce|SnowWarning|Blizzard,FreezeDry,IceShard,Protect|Quiet||F|||50|]Scrafty||Scraftinite|Intimidate|CloseCombat,KnockOff,IronHead,FakeOut|Brave||M|||50|]Staraptor||ChoiceScarf|Intimidate|BraveBird,CloseCombat,Uturn,FinalGambit|Jolly||M|||50|]Sylveon||FairyFeather|Pixilate|HyperVoice,QuickAttack,HyperBeam,Detect|Quiet||M|||50|
|inactive|Battle timer is ON: inactive players will automatically lose when time's up. (requested by axolotlwooper)
|inactive|ufhednarvgc has 60 seconds left.
|inactive|axolotlwooper has 60 seconds left.
|
|t:|1785959965
|teamsize|p1|4
|teamsize|p2|4
|start
|switch|p1a: Farigiraf|Farigiraf, L50, M|100/100
|switch|p1b: Sylveon|Sylveon, L50, M|100/100
|switch|p2a: Farigiraf|Farigiraf, L50, F|100/100
|switch|p2b: Camerupt|Camerupt, L50, F|100/100
|turn|1
|inactive|axolotlwooper has 30 seconds left.
|
|t:|1785959995
|detailschange|p2b: Camerupt|Camerupt-Mega, L50, F
|-mega|p2b: Camerupt|Camerupt|Cameruptite
|move|p1a: Farigiraf|Helping Hand|p1b: Sylveon
|-singleturn|p1b: Sylveon|Helping Hand|[of] p1a: Farigiraf
|move|p2a: Farigiraf|Protect|p2a: Farigiraf
|-singleturn|p2a: Farigiraf|Protect
|move|p1b: Sylveon|Hyper Beam|p2a: Farigiraf
|-activate|p2a: Farigiraf|move: Protect
|move|p2b: Camerupt|Heat Wave|p1a: Farigiraf|[spread] 
|-miss|p2b: Camerupt|p1a: Farigiraf
|-miss|p2b: Camerupt|p1b: Sylveon
|
|upkeep
|turn|2
|
|t:|1785960015
|switch|p2a: Sylveon|Sylveon, L50, M|100/100
|move|p1a: Farigiraf|Helping Hand|p1b: Sylveon
|-singleturn|p1b: Sylveon|Helping Hand|[of] p1a: Farigiraf
|move|p1b: Sylveon|Hyper Beam|p2a: Sylveon
|-damage|p2a: Sylveon|0 fnt
|-mustrecharge|p1b: Sylveon
|faint|p2a: Sylveon
|move|p2b: Camerupt|Heat Wave|p1b: Sylveon|[spread] p1a,p1b
|-damage|p1a: Farigiraf|51/100
|-damage|p1b: Sylveon|52/100
|
|upkeep
|
|t:|1785960026
|switch|p2a: Farigiraf|Farigiraf, L50, F|100/100
|turn|3
|
|t:|1785960047
|cant|p1b: Sylveon|recharge
|move|p2b: Camerupt|Earth Power|p1a: Farigiraf
|-damage|p1a: Farigiraf|0 fnt
|faint|p1a: Farigiraf
|move|p2a: Farigiraf|Trick Room|p2a: Farigiraf
|-fieldstart|move: Trick Room|[of] p2a: Farigiraf
|
|upkeep
|
|t:|1785960054
|switch|p1a: Arcanine|Arcanine-Hisui, L50, M|100/100
|turn|4
|inactive|axolotlwooper has 30 seconds left.
|
|t:|1785960088
|move|p1a: Arcanine|Protect|p1a: Arcanine
|-singleturn|p1a: Arcanine|Protect
|move|p2b: Camerupt|Earth Power|p1a: Arcanine
|-activate|p1a: Arcanine|move: Protect
|move|p2a: Farigiraf|Psychic Fangs|p1a: Arcanine
|-activate|p1a: Arcanine|move: Protect
|move|p1b: Sylveon|Hyper Beam|p2a: Farigiraf
|-damage|p2a: Farigiraf|15/100
|-mustrecharge|p1b: Sylveon
|-enditem|p2a: Farigiraf|Sitrus Berry|[eat]
|-heal|p2a: Farigiraf|40/100|[from] item: Sitrus Berry
|
|upkeep
|turn|5
|
|t:|1785960104
|switch|p1a: Raichu|Raichu, L50, F|100/100
|move|p2b: Camerupt|Earth Power|p1a: Raichu
|-supereffective|p1a: Raichu|1
|-damage|p1a: Raichu|0 fnt
|faint|p1a: Raichu
|move|p2a: Farigiraf|Psychic Fangs|p1b: Sylveon
|-damage|p1b: Sylveon|20/100y
|cant|p1b: Sylveon|recharge
|
|upkeep
|
|t:|1785960113
|switch|p1a: Arcanine|Arcanine-Hisui, L50, M|100/100
|turn|6
|
|t:|1785960129
|move|p1b: Sylveon|Detect|p1b: Sylveon
|-singleturn|p1b: Sylveon|Protect
|move|p2b: Camerupt|Earth Power|p1a: Arcanine
|-supereffective|p1a: Arcanine|2
|-enditem|p1a: Arcanine|Focus Sash
|-damage|p1a: Arcanine|1/100
|move|p2a: Farigiraf|Psychic Fangs|p1b: Sylveon
|-activate|p1b: Sylveon|move: Protect
|move|p1a: Arcanine|Head Smash|p2b: Camerupt
|-damage|p2b: Camerupt|23/100
|
|upkeep
|turn|7
|
|t:|1785960147
|move|p1b: Sylveon|Detect||[still]
|-fail|p1b: Sylveon
|move|p1a: Arcanine|Protect|p1a: Arcanine
|-singleturn|p1a: Arcanine|Protect
|move|p2b: Camerupt|Earth Power|p1a: Arcanine
|-activate|p1a: Arcanine|move: Protect
|move|p2a: Farigiraf|Psychic Fangs|p1b: Sylveon
|-damage|p1b: Sylveon|0 fnt
|faint|p1b: Sylveon
|
|-fieldend|move: Trick Room
|upkeep
|turn|8
|-message|ufhednarvgc forfeited.
|
|win|axolotlwooper
|raw|ufhednarvgc's rating: 1127 → 1107(-20 for losing)
|raw|axolotlwooper's rating: 1204 → 1224(+20 for winning)
|l|☆ufhednarvgc
|player|p1|
|l|☆axolotlwooper
|player|p2|
|j|☆ufhednarvgc
|player|p1|ufhednarvgc|lance|
