|j|‽jfaria97
|j|☆raylix
|html|jfaria97raylix    
|uhtml|bestof|Game 2 of a best-of-3
|t:|1756830071
|gametype|doubles
|player|p1|jfaria97|red|1160
|player|p2|raylix|bruno|1117
|gen|9
|tier|[Gen 9] VGC 2025 Reg H (Bo3)
|rated|
|rule|Species Clause: Limit one of each Pokémon
|rule|Item Clause: Limit 1 of each item
|clearpoke
|poke|p1|Garchomp, L50, M|
|poke|p1|Gholdengo, L50|
|poke|p1|Weezing-Galar, L50, M|
|poke|p1|Incineroar, L50, F|
|poke|p1|Dragonite, L50, M|
|poke|p1|Amoonguss, L50, M|
|poke|p2|Sneasler, L50, M|
|poke|p2|Indeedee, L50, M|
|poke|p2|Volcarona, L50, F|
|poke|p2|Ursaluna-Bloodmoon, L50, M|
|poke|p2|Annihilape, L50, M|
|poke|p2|Tyranitar, L50, M|
|teampreview|4
|showteam|p1|Garchomp||LifeOrb|RoughSkin|Earthquake,StompingTantrum,RockSlide,Protect|||M|||50|,,,,,Steel]Gholdengo||ChoiceScarf|GoodasGold|MakeItRain,ShadowBall,Thunderbolt,Trick||||||50|,,,,,Flying]Weezing-Galar||Leftovers|NeutralizingGas|StrangeSteam,SludgeBomb,Taunt,Protect|||M|||50|,,,,,Dark]Incineroar||SafetyGoggles|Intimidate|FlareBlitz,KnockOff,FakeOut,PartingShot|||F|||50|,,,,,Ghost]Dragonite||ChoiceBand|InnerFocus|ExtremeSpeed,Outrage,AerialAce,StompingTantrum|||M|||50|,,,,,Normal]Amoonguss||RockyHelmet|Regenerator|RagePowder,ClearSmog,PollenPuff,Spore|||M|||50|,,,,,Water
|showteam|p2|Sneasler||PsychicSeed|Unburden|CloseCombat,DireClaw,ThroatChop,Protect|||M|||50|,,,,,Dark]Indeedee||ChoiceScarf|PsychicSurge|ExpandingForce,TeraBlast,Trick,Protect|||M|||50|,,,,,Psychic]Volcarona||SitrusBerry|FlameBody|Overheat,StruggleBug,RagePowder,Tailwind|||F|||50|,,,,,Grass]Ursaluna-Bloodmoon||LifeOrb|MindsEye|BloodMoon,HyperVoice,EarthPower,Protect|||M|||50|,,,,,Normal]Annihilape||SafetyGoggles|Defiant|CloseCombat,RageFist,Taunt,FinalGambit|||M|||50|,,,,,Fairy]Tyranitar||AssaultVest|SandStream|RockSlide,KnockOff,TeraBlast,LowKick|||M|||50|,,,,,Flying
|inactive|Battle timer is ON: inactive players will automatically lose when time's up. (requested by raylix)
|inactive|jfaria97 has 60 seconds left.
|
|t:|1756830116
|teamsize|p1|4
|teamsize|p2|4
|start
|switch|p1a: Weezing|Weezing-Galar, L50, M|100/100
|switch|p1b: Garchomp|Garchomp, L50, M|100/100
|switch|p2a: Volcarona|Volcarona, L50, F|100/100
|switch|p2b: Annihilape|Annihilape, L50, M|100/100
|-ability|p1a: Weezing|Neutralizing Gas
|turn|1
|inactive|raylix has 30 seconds left.
|inactive|raylix has 20 seconds left.
|inactive|raylix has 15 seconds left.
|inactive|raylix has 10 seconds left.
|inactive|raylix has 5 seconds left.
|
|t:|1756830168
|move|p1a: Weezing|Protect|p1a: Weezing
|-singleturn|p1a: Weezing|Protect
|move|p1b: Garchomp|Earthquake|p2a: Volcarona|[spread] p2a,p2b
|-activate|p1a: Weezing|move: Protect
|-damage|p2a: Volcarona|40/100
|-damage|p2b: Annihilape|52/100
|-enditem|p2a: Volcarona|Sitrus Berry|[eat]
|-heal|p2a: Volcarona|65/100|[from] item: Sitrus Berry
|-damage|p1b: Garchomp|91/100|[from] item: Life Orb
|move|p2a: Volcarona|Tailwind|p2a: Volcarona
|-sidestart|p2: raylix|move: Tailwind
|move|p2b: Annihilape|Close Combat|p1a: Weezing
|-activate|p1a: Weezing|move: Protect
|
|upkeep
|turn|2
|inactive|raylix has 30 seconds left.
|
|t:|1756830195
|-end|p1a: Weezing|ability: Neutralizing Gas
|switch|p1a: Gholdengo|Gholdengo, L50|100/100
|move|p2a: Volcarona|Overheat|p1a: Gholdengo
|-supereffective|p1a: Gholdengo
|-damage|p1a: Gholdengo|0 fnt
|-unboost|p2a: Volcarona|spa|2
|faint|p1a: Gholdengo
|move|p2b: Annihilape|Close Combat|p1b: Garchomp
|-damage|p1b: Garchomp|38/100
|-unboost|p2b: Annihilape|def|1
|-unboost|p2b: Annihilape|spd|1
|-damage|p2b: Annihilape|40/100|[from] ability: Rough Skin|[of] p1b: Garchomp
|move|p1b: Garchomp|Rock Slide|p2a: Volcarona|[spread] p2a,p2b
|-supereffective|p2a: Volcarona
|-resisted|p2b: Annihilape
|-damage|p2a: Volcarona|0 fnt
|-damage|p2b: Annihilape|19/100
|faint|p2a: Volcarona
|-damage|p1b: Garchomp|28/100|[from] item: Life Orb
|
|upkeep
|
|t:|1756830206
|switch|p2a: Sneasler|Sneasler, L50, M|100/100
|switch|p1a: Weezing|Weezing-Galar, L50, M|100/100
|-ability|p1a: Weezing|Neutralizing Gas
|turn|3
|
|t:|1756830227
|move|p1b: Garchomp|Protect|p1b: Garchomp
|-singleturn|p1b: Garchomp|Protect
|move|p1a: Weezing|Protect|p1a: Weezing
|-singleturn|p1a: Weezing|Protect
|move|p2a: Sneasler|Close Combat|p1b: Garchomp
|-activate|p1b: Garchomp|move: Protect
|move|p2b: Annihilape|Close Combat|p1a: Weezing
|-activate|p1a: Weezing|move: Protect
|
|upkeep
|turn|4
|
|t:|1756830241
|switch|p1b: Dragonite|Dragonite, L50, M|100/100
|move|p2a: Sneasler|Close Combat|p1b: Dragonite
|-resisted|p1b: Dragonite
|-damage|p1b: Dragonite|70/100
|-unboost|p2a: Sneasler|def|1
|-unboost|p2a: Sneasler|spd|1
|move|p2b: Annihilape|Close Combat|p1a: Weezing
|-resisted|p1a: Weezing
|-damage|p1a: Weezing|88/100
|-unboost|p2b: Annihilape|def|1
|-unboost|p2b: Annihilape|spd|1
|move|p1a: Weezing|Strange Steam|p2b: Annihilape
|-supereffective|p2b: Annihilape
|-damage|p2b: Annihilape|0 fnt
|faint|p2b: Annihilape
|
|-heal|p1a: Weezing|94/100|[from] item: Leftovers
|-sideend|p2: raylix|move: Tailwind
|upkeep
|
|t:|1756830243
|switch|p2b: Indeedee|Indeedee, L50, M|100/100
|turn|5
|
|t:|1756830261
|-terastallize|p1b: Dragonite|Normal
|move|p1a: Weezing|Protect|p1a: Weezing
|-singleturn|p1a: Weezing|Protect
|move|p1b: Dragonite|Extreme Speed|p2b: Indeedee
|-damage|p2b: Indeedee|0 fnt
|faint|p2b: Indeedee
|move|p2a: Sneasler|Dire Claw|p1b: Dragonite
|-damage|p1b: Dragonite|25/100
|
|-heal|p1a: Weezing|100/100|[from] item: Leftovers
|upkeep
|turn|6
|
|t:|1756830273
|move|p1b: Dragonite|Extreme Speed|p2a: Sneasler
|-damage|p2a: Sneasler|0 fnt
|faint|p2a: Sneasler
|
|win|jfaria97
|raw|jfaria97's rating: 1160 → 1182(+22 for winning)
|raw|raylix's rating: 1117 → 1095(-22 for losing)
