|j|☆homerj71
|j|☆HopsVGC
|html|homerj71HopsVGC    
|uhtml|bestof|Game 2 of a best-of-3
|t:|1783763275
|gametype|doubles
|player|p1|homerj71|101|1230
|player|p2|HopsVGC|266|1219
|gen|9
|tier|[Gen 9 Champions] VGC 2026 Reg M-B (Bo3)
|rated|
|rule|Species Clause: Limit one of each Pokémon
|rule|Item Clause: Limit 1 of each item
|clearpoke
|poke|p1|Sneasler, L50, M|
|poke|p1|Sinistcha, L50|
|poke|p1|Incineroar, L50, F|
|poke|p1|Kingambit, L50, M|
|poke|p1|Delphox, L50, M|
|poke|p1|Floette-Eternal, L50, F|
|poke|p2|Venusaur, L50, F, shiny|
|poke|p2|Basculegion, L50, M|
|poke|p2|Pelipper, L50, F|
|poke|p2|Grimmsnarl, L50, M|
|poke|p2|Archaludon, L50, M|
|poke|p2|Sinistcha, L50|
|teampreview|4
|showteam|p1|Sneasler||FocusSash|PoisonTouch|QuickGuard,FakeOut,DireClaw,CloseCombat|Jolly||M|||50|]Sinistcha||OccaBerry|Hospitality|Protect,RagePowder,MatchaGotcha,TrickRoom|Relaxed|||||50|]Incineroar||SitrusBerry|Intimidate|FakeOut,FlareBlitz,ThroatChop,PartingShot|Careful||F|||50|]Kingambit||BlackGlasses|Defiant|KowtowCleave,SwordsDance,SuckerPunch,Protect|Adamant||M|||50|]Delphox||Delphoxite|Blaze|Protect,NastyPlot,HeatWave,Psyshock|Timid||M|||50|]Floette-Eternal||Floettite|FlowerVeil|Moonblast,CalmMind,Protect,DazzlingGleam|Bold||F|||50|
|showteam|p2|Venusaur||Venusaurite|Chlorophyll|SludgeBomb,EarthPower,LeechSeed,Protect|Modest||F|||50|]Basculegion||ChoiceScarf|Adaptability|WaveCrash,LastRespects,AquaJet,FlipTurn|Jolly||M|||50|]Pelipper||FocusSash|Drizzle|WeatherBall,Hurricane,Tailwind,Protect|Timid||F|||50|]Grimmsnarl||LightClay|Prankster|SpiritBreak,Reflect,LightScreen,PartingShot|Careful||M|||50|]Archaludon||Leftovers|Stamina|ElectroShot,FlashCannon,AuraSphere,Protect|Bold||M|||50|]Sinistcha||SitrusBerry|Hospitality|MatchaGotcha,RagePowder,TrickRoom,LifeDew|Relaxed|||||50|
|inactive|Battle timer is ON: inactive players will automatically lose when time's up. (requested by homerj71)
|
|t:|1783763289
|teamsize|p1|4
|teamsize|p2|4
|start
|switch|p1a: Floette|Floette-Eternal, L50, F|100/100
|switch|p1b: Incineroar|Incineroar, L50, F|100/100
|switch|p2a: Pelipper|Pelipper, L50, F|100/100
|switch|p2b: Venusaur|Venusaur, L50, F, shiny|100/100
|-weather|RainDance|[from] ability: Drizzle|[of] p2a: Pelipper
|-ability|p1b: Incineroar|Intimidate|boost
|-unboost|p2a: Pelipper|atk|1
|-unboost|p2b: Venusaur|atk|1
|turn|1
|inactive|homerj71 has 30 seconds left.
|
|t:|1783763319
|switch|p1b: Kingambit|Kingambit, L50, M|100/100
|detailschange|p1a: Floette|Floette-Mega, L50, F
|-mega|p1a: Floette|Floette|Floettite
|-ability|p1a: Floette|Fairy Aura
|detailschange|p2b: Venusaur|Venusaur-Mega, L50, F, shiny
|-mega|p2b: Venusaur|Venusaur|Venusaurite
|move|p1a: Floette|Calm Mind|p1a: Floette
|-boost|p1a: Floette|spa|1
|-boost|p1a: Floette|spd|1
|move|p2a: Pelipper|Weather Ball|p1b: Kingambit
|-damage|p1b: Kingambit|40/100
|move|p2b: Venusaur|Leech Seed|p1a: Floette
|-start|p1a: Floette|move: Leech Seed
|
|-weather|RainDance|[upkeep]
|-damage|p1a: Floette|88/100|[from] Leech Seed|[of] p2b: Venusaur
|upkeep
|turn|2
|
|t:|1783763335
|move|p1b: Kingambit|Sucker Punch|p2b: Venusaur
|-damage|p2b: Venusaur|67/100
|move|p1a: Floette|Dazzling Gleam|p2a: Pelipper|[spread] p2a,p2b
|-resisted|p2b: Venusaur|1
|-enditem|p2a: Pelipper|Focus Sash
|-damage|p2a: Pelipper|1/100
|-damage|p2b: Venusaur|45/100
|move|p2a: Pelipper|Weather Ball|p1b: Kingambit
|-damage|p1b: Kingambit|0 fnt
|faint|p1b: Kingambit
|move|p2b: Venusaur|Sludge Bomb|p1a: Floette
|-supereffective|p1a: Floette|1
|-damage|p1a: Floette|43/100
|-status|p1a: Floette|psn
|
|-weather|RainDance|[upkeep]
|-damage|p1a: Floette|31/100 psn|[from] Leech Seed|[of] p2b: Venusaur
|-heal|p2b: Venusaur|57/100|[silent]
|-damage|p1a: Floette|19/100 psn|[from] psn
|upkeep
|
|t:|1783763342
|switch|p1b: Sinistcha|Sinistcha, L50|100/100
|-heal|p1a: Floette|44/100 psn|[from] ability: Hospitality|[of] p1b: Sinistcha
|turn|3
|
|t:|1783763357
|switch|p1b: Incineroar|Incineroar, L50, F|100/100
|-ability|p1b: Incineroar|Intimidate|boost
|-unboost|p2a: Pelipper|atk|1
|-unboost|p2b: Venusaur|atk|1
|move|p1a: Floette|Protect|p1a: Floette
|-singleturn|p1a: Floette|Protect
|move|p2a: Pelipper|Protect|p2a: Pelipper
|-singleturn|p2a: Pelipper|Protect
|move|p2b: Venusaur|Protect||[still]
|-fail|p2b: Venusaur
|
|-weather|RainDance|[upkeep]
|-damage|p1a: Floette|32/100 psn|[from] Leech Seed|[of] p2b: Venusaur
|-heal|p2b: Venusaur|68/100|[silent]
|-damage|p1a: Floette|20/100r psn|[from] psn
|upkeep
|turn|4
|
|t:|1783763372
|switch|p2a: Archaludon|Archaludon, L50, M|100/100
|switch|p1b: Sinistcha|Sinistcha, L50|100/100
|-heal|p1a: Floette|44/100 psn|[from] ability: Hospitality|[of] p1b: Sinistcha
|move|p1a: Floette|Moonblast|p2b: Venusaur
|-resisted|p2b: Venusaur|1
|-damage|p2b: Venusaur|33/100
|move|p2b: Venusaur|Sludge Bomb|p1b: Sinistcha
|-damage|p1b: Sinistcha|59/100
|
|-weather|RainDance|[upkeep]
|-damage|p1a: Floette|32/100 psn|[from] Leech Seed|[of] p2b: Venusaur
|-heal|p2b: Venusaur|44/100|[silent]
|-damage|p1a: Floette|20/100y psn|[from] psn
|upkeep
|turn|5
|
|t:|1783763389
|move|p1b: Sinistcha|Rage Powder|p1b: Sinistcha
|-singleturn|p1b: Sinistcha|move: Rage Powder
|move|p1a: Floette|Moonblast|p2b: Venusaur
|-resisted|p2b: Venusaur|1
|-damage|p2b: Venusaur|5/100
|move|p2a: Archaludon|Electro Shot||[still]
|-prepare|p2a: Archaludon|Electro Shot
|-boost|p2a: Archaludon|spa|1
|-anim|p2a: Archaludon|Electro Shot|p1b: Sinistcha
|-resisted|p1b: Sinistcha|1
|-damage|p1b: Sinistcha|32/100
|move|p2b: Venusaur|Sludge Bomb|p1b: Sinistcha
|-damage|p1b: Sinistcha|0 fnt
|faint|p1b: Sinistcha
|
|-weather|none
|-damage|p1a: Floette|8/100 psn|[from] Leech Seed|[of] p2b: Venusaur
|-heal|p2b: Venusaur|16/100|[silent]
|-damage|p1a: Floette|0 fnt|[from] psn
|faint|p1a: Floette
|upkeep
|-message|homerj71 forfeited.
|
|win|HopsVGC
