|j|☆Testbericht2
|j|‽Terapapi_chulo
|html|Testbericht2Terapapi_chulo    
|uhtml|bestof|Game 3 of a best-of-3
|t:|1754493430
|gametype|doubles
|player|p1|Testbericht2|1|1196
|player|p2|Terapapi_chulo|2|1175
|gen|9
|tier|[Gen 9] VGC 2025 Reg H (Bo3)
|rated|
|rule|Species Clause: Limit one of each Pokémon
|rule|Item Clause: Limit 1 of each item
|clearpoke
|poke|p1|Incineroar, L50, M|
|poke|p1|Amoonguss, L50, F|
|poke|p1|Ursaluna-Bloodmoon, L50, M|
|poke|p1|Sneasler, L50, M|
|poke|p1|Gholdengo, L50|
|poke|p1|Dragonite, L50, M|
|poke|p2|Annihilape, L50, F|
|poke|p2|Rillaboom, L50, M|
|poke|p2|Electabuzz, L50, M|
|poke|p2|Volcarona, L50, F|
|poke|p2|Dragonite, L50, M|
|poke|p2|Basculegion, L50, M|
|teampreview|4
|showteam|p1|Incineroar||SafetyGoggles|Intimidate|FlareBlitz,KnockOff,PartingShot,FakeOut|||M|||50|,,,,,Ghost]Amoonguss||SitrusBerry|Regenerator|PollenPuff,Spore,RagePowder,Protect|||F|||50|,,,,,Psychic]Ursaluna-Bloodmoon||AssaultVest|MindsEye|HyperVoice,BloodMoon,EarthPower,VacuumWave|||M|||50|,,,,,Water]Sneasler||FocusSash|Unburden|CloseCombat,DireClaw,ThroatChop,Protect|||M|||50|,,,,,Stellar]Gholdengo||LifeOrb|GoodasGold|MakeItRain,ShadowBall,NastyPlot,Protect||||||50|,,,,,Water]Dragonite||LoadedDice|Multiscale|ScaleShot,Tailwind,Haze,Protect|||M|||50|,,,,,Fairy
|showteam|p2|Annihilape||FocusSash|Defiant|RageFist,CloseCombat,Taunt,FinalGambit|||F|||50|,,,,,Grass]Rillaboom||AssaultVest|GrassySurge|FakeOut,GrassyGlide,WoodHammer,Uturn|||M|||50|,,,,,Fire]Electabuzz||Eviolite|VitalSpirit|Protect,Taunt,FollowMe,Electroweb|||M|||50|,,,,,Bug]Volcarona||Leftovers|FlameBody|HeatWave,TeraBlast,QuiverDance,Protect|||F|||50|,,,,,Fairy]Dragonite||LoadedDice|Multiscale|ScaleShot,Tailwind,Haze,Protect|||M|||50|,,,,,Fairy]Basculegion||ChoiceScarf|Adaptability|WaveCrash,FlipTurn,LastRespects,AquaJet|||M|||50|,,,,,Grass
|
|t:|1754493472
|teamsize|p1|4
|teamsize|p2|4
|start
|switch|p1a: Sneasler|Sneasler, L50, M|100/100
|switch|p1b: Ursaluna|Ursaluna-Bloodmoon, L50, M|100/100
|switch|p2a: Annihilape|Annihilape, L50, F|100/100
|switch|p2b: Volcarona|Volcarona, L50, F|100/100
|turn|1
|
|t:|1754493488
|-terastallize|p1b: Ursaluna|Water
|move|p1a: Sneasler|Dire Claw|p2a: Annihilape
|-resisted|p2a: Annihilape
|-damage|p2a: Annihilape|77/100
|move|p2a: Annihilape|Rage Fist|p1a: Sneasler
|-damage|p1a: Sneasler|19/100
|move|p2b: Volcarona|Quiver Dance|p2b: Volcarona
|-boost|p2b: Volcarona|spa|1
|-boost|p2b: Volcarona|spd|1
|-boost|p2b: Volcarona|spe|1
|move|p1b: Ursaluna|Blood Moon|p2b: Volcarona
|-damage|p2b: Volcarona|56/100
|
|-heal|p2b: Volcarona|62/100|[from] item: Leftovers
|upkeep
|turn|2
|
|t:|1754493514
|move|p2b: Volcarona|Heat Wave|p1a: Sneasler|[spread] p1a,p1b
|-resisted|p1b: Ursaluna
|-damage|p1a: Sneasler|0 fnt
|-damage|p1b: Ursaluna|83/100
|faint|p1a: Sneasler
|move|p2a: Annihilape|Rage Fist|p1b: Ursaluna
|-damage|p1b: Ursaluna|50/100
|move|p1b: Ursaluna|Hyper Voice|p2a: Annihilape|[spread] p2a,p2b
|-damage|p2a: Annihilape|41/100
|-damage|p2b: Volcarona|41/100
|
|-heal|p2b: Volcarona|47/100|[from] item: Leftovers
|upkeep
|
|t:|1754493518
|switch|p1a: Gholdengo|Gholdengo, L50|100/100
|turn|3
|
|t:|1754493568
|switch|p2a: Electabuzz|Electabuzz, L50, M|100/100
|switch|p1a: Incineroar|Incineroar, L50, M|100/100
|-ability|p1a: Incineroar|Intimidate|boost
|-unboost|p2a: Electabuzz|atk|1
|-unboost|p2b: Volcarona|atk|1
|move|p2b: Volcarona|Heat Wave|p1b: Ursaluna|[spread] p1a,p1b
|-resisted|p1a: Incineroar
|-resisted|p1b: Ursaluna
|-crit|p1b: Ursaluna
|-damage|p1a: Incineroar|75/100
|-damage|p1b: Ursaluna|24/100
|move|p1b: Ursaluna|Hyper Voice|p2a: Electabuzz|[spread] p2a,p2b
|-damage|p2a: Electabuzz|73/100
|-damage|p2b: Volcarona|23/100
|
|-heal|p2b: Volcarona|30/100|[from] item: Leftovers
|upkeep
|turn|4
|
|t:|1754493596
|-terastallize|p2b: Volcarona|Fairy
|move|p1a: Incineroar|Fake Out|p2a: Electabuzz
|-damage|p2a: Electabuzz|61/100
|move|p2b: Volcarona|Tera Blast|p1a: Incineroar|[anim] Tera Blast Fairy
|-damage|p1a: Incineroar|17/100
|cant|p2a: Electabuzz|flinch
|move|p1b: Ursaluna|Earth Power|p2a: Electabuzz
|-supereffective|p2a: Electabuzz
|-damage|p2a: Electabuzz|0 fnt
|faint|p2a: Electabuzz
|
|-heal|p2b: Volcarona|36/100|[from] item: Leftovers
|upkeep
|
|t:|1754493616
|switch|p2a: Basculegion|Basculegion, L50, M|100/100
|turn|5
|
|t:|1754493627
|move|p2b: Volcarona|Tera Blast|p1b: Ursaluna|[anim] Tera Blast Fairy
|-damage|p1b: Ursaluna|0 fnt
|faint|p1b: Ursaluna
|move|p2a: Basculegion|Flip Turn|p1a: Incineroar
|-supereffective|p1a: Incineroar
|-damage|p1a: Incineroar|0 fnt
|faint|p1a: Incineroar
|-message|Testbericht2 forfeited.
|
|win|Terapapi_chulo
|raw|Testbericht2's rating: 1196 → 1169(-27 for losing)
|raw|Terapapi_chulo's rating: 1175 → 1202(+27 for winning)
|l|☆Testbericht2
|player|p1|
