|j|☆Starukami
|j|☆SamuraiKima9
|html|StarukamiSamuraiKima9    
|uhtml|bestof|Game 2 of a best-of-3
|t:|1757801787
|gametype|doubles
|player|p1|Starukami|1|
|player|p2|SamuraiKima9|colress|
|gen|9
|tier|[Gen 9] VGC 2025 Reg H (Bo3)
|rule|Species Clause: Limit one of each Pokémon
|rule|Item Clause: Limit 1 of each item
|clearpoke
|poke|p1|Porygon2, L50|
|poke|p1|Gardevoir, L50, F|
|poke|p1|Ninetales-Alola, L50, F|
|poke|p1|Luxray, L50, M|
|poke|p1|Ceruledge, L50, M|
|poke|p1|Umbreon, L50, F|
|poke|p2|Skarmory, L50, M|
|poke|p2|Tyranitar, L50, M|
|poke|p2|Houndstone, L50, F|
|poke|p2|Bisharp, L50, F|
|poke|p2|Scizor, L50, F|
|poke|p2|Wugtrio, L50, F|
|teampreview|4
|showteam|p1|Porygon2||Eviolite|Download|IceBeam,TeraBlast,Recover,TrickRoom||||||50|,,,,,Normal]Gardevoir||BottleCap|Trace|Moonblast,Psychic,Trick,HealingWish|||F|||50|,,,,,Psychic]Ninetales-Alola||LightClay|SnowWarning|Blizzard,AuroraVeil,IcyWind,Encore|||F|||50|,,,,,Ice]Luxray||FlameOrb|Guts|Crunch,IceFang,Facade,ThunderFang|||M|||50|,,,,,Electric]Ceruledge||FocusSash|WeakArmor|SwordsDance,BitterBlade,ShadowSneak,Poltergeist|||M|||50|,,,,,Ghost]Umbreon||Leftovers|Synchronize|FoulPlay,Wish,Toxic,Protect|||F|||50|,,,,,Dark
|showteam|p2|Skarmory||CovertCloak|WeakArmor|SwordsDance,IronHead,BraveBird,DrillRun|||M|||50|,,,,,Dragon]Tyranitar||Leftovers|SandStream|Earthquake,StoneEdge,KnockOff,Protect|||M|||50|,,,,,Dragon]Houndstone||LifeOrb|SandRush|DestinyBond,LastRespects,Crunch,PlayRough|||F|||50|,,,,,Ghost]Bisharp||ChoiceScarf|InnerFocus|NightSlash,IronHead,StoneEdge,XScissor|||F|||50|,,,,,Dark]Scizor||FocusSash|Technician|BulletPunch,BugBite,Protect,Tailwind|||F|||50|,,,,,Steel]Wugtrio||BrightPowder|SandVeil|Liquidation,AquaJet,SuckerPunch,StompingTantrum|||F|||50|,,,,,Water
|
|t:|1757801802
|teamsize|p1|4
|teamsize|p2|4
|start
|switch|p1a: water feature|Porygon2, L50, shiny|100/100
|switch|p1b: pretty lady|Gardevoir, L50, F, shiny|100/100
|switch|p2a: Tyranitar|Tyranitar, L50, M, shiny|100/100
|switch|p2b: Bisharp|Bisharp, L50, F, shiny|100/100
|-ability|p1b: pretty lady|Sand Stream|Trace|[from] ability: Trace|[of] p2a: Tyranitar
|-weather|Sandstorm|[from] ability: Sand Stream|[of] p1b: pretty lady
|-ability|p1a: water feature|Download|boost
|-boost|p1a: water feature|spa|1
|turn|1
|
|t:|1757801854
|-terastallize|p1b: pretty lady|Psychic
|move|p2b: Bisharp|Iron Head|p1b: pretty lady
|-damage|p1b: pretty lady|31/100
|cant|p1b: pretty lady|flinch
|move|p2a: Tyranitar|Knock Off|p1a: water feature
|-damage|p1a: water feature|70/100
|-enditem|p1a: water feature|Eviolite|[from] move: Knock Off|[of] p2a: Tyranitar
|move|p1a: water feature|Trick Room|p1a: water feature
|-fieldstart|move: Trick Room|[of] p1a: water feature
|
|-weather|Sandstorm|[upkeep]
|-damage|p1a: water feature|64/100|[from] Sandstorm
|-damage|p1b: pretty lady|25/100|[from] Sandstorm
|upkeep
|turn|2
|j| Ace Goldheart
|
|t:|1757801906
|switch|p2b: Skarmory|Skarmory, L50, M, shiny|100/100
|-terastallize|p2a: Tyranitar|Dragon
|move|p1a: water feature|Ice Beam|p2a: Tyranitar
|-supereffective|p2a: Tyranitar
|-damage|p2a: Tyranitar|24/100
|move|p2a: Tyranitar|Earthquake|p1a: water feature|[spread] p1a,p1b
|-immune|p2b: Skarmory
|-damage|p1a: water feature|40/100
|-damage|p1b: pretty lady|0 fnt
|faint|p1b: pretty lady
|
|-weather|Sandstorm|[upkeep]
|-damage|p1a: water feature|34/100|[from] Sandstorm
|-damage|p2a: Tyranitar|18/100|[from] Sandstorm
|-heal|p2a: Tyranitar|24/100|[from] item: Leftovers
|upkeep
|
|t:|1757801922
|switch|p1b: omg she's blue!!!|Umbreon, L50, F, shiny|100/100
|turn|3
|
|t:|1757801937
|move|p2a: Tyranitar|Protect|p2a: Tyranitar
|-singleturn|p2a: Tyranitar|Protect
|move|p1a: water feature|Ice Beam|p2a: Tyranitar
|-activate|p2a: Tyranitar|move: Protect
|move|p1b: omg she's blue!!!|Foul Play|p2b: Skarmory
|-damage|p2b: Skarmory|66/100
|-ability|p2b: Skarmory|Weak Armor|boost
|-unboost|p2b: Skarmory|def|1
|-boost|p2b: Skarmory|spe|2
|move|p2b: Skarmory|Iron Head|p1a: water feature
|-crit|p1a: water feature
|-damage|p1a: water feature|0 fnt
|faint|p1a: water feature
|
|-weather|Sandstorm|[upkeep]
|-damage|p2a: Tyranitar|18/100|[from] Sandstorm
|-damage|p1b: omg she's blue!!!|95/100|[from] Sandstorm
|-heal|p2a: Tyranitar|24/100|[from] item: Leftovers
|-heal|p1b: omg she's blue!!!|100/100|[from] item: Leftovers
|upkeep
|
|t:|1757801954
|switch|p1a: power fantasy|Ceruledge, L50, M|100/100
|turn|4
|
|t:|1757801972
|move|p2a: Tyranitar|Knock Off|p1a: power fantasy
|-supereffective|p1a: power fantasy
|-enditem|p1a: power fantasy|Focus Sash
|-damage|p1a: power fantasy|1/100
|-ability|p1a: power fantasy|Weak Armor|boost
|-unboost|p1a: power fantasy|def|1
|-boost|p1a: power fantasy|spe|2
|move|p1b: omg she's blue!!!|Foul Play|p2a: Tyranitar
|-damage|p2a: Tyranitar|0 fnt
|faint|p2a: Tyranitar
|move|p2b: Skarmory|Drill Run|p1a: power fantasy
|-supereffective|p1a: power fantasy
|-crit|p1a: power fantasy
|-damage|p1a: power fantasy|0 fnt
|faint|p1a: power fantasy
|
|-weather|Sandstorm|[upkeep]
|-damage|p1b: omg she's blue!!!|95/100|[from] Sandstorm
|-heal|p1b: omg she's blue!!!|100/100|[from] item: Leftovers
|upkeep
|
|t:|1757801992
|switch|p2a: Bisharp|Bisharp, L50, F, shiny|100/100
|turn|5
|
|t:|1757802006
|move|p1b: omg she's blue!!!|Foul Play|p2b: Skarmory
|-damage|p2b: Skarmory|16/100
|-ability|p2b: Skarmory|Weak Armor|boost
|-unboost|p2b: Skarmory|def|1
|-boost|p2b: Skarmory|spe|2
|move|p2a: Bisharp|X-Scissor|p1b: omg she's blue!!!
|-supereffective|p1b: omg she's blue!!!
|-damage|p1b: omg she's blue!!!|55/100
|move|p2b: Skarmory|Swords Dance|p2b: Skarmory
|-boost|p2b: Skarmory|atk|2
|
|-weather|none
|-heal|p1b: omg she's blue!!!|61/100|[from] item: Leftovers
|-fieldend|move: Trick Room
|upkeep
|turn|6
|
|t:|1757802024
|move|p2b: Skarmory|Iron Head|p1b: omg she's blue!!!
|-crit|p1b: omg she's blue!!!
|-damage|p1b: omg she's blue!!!|0 fnt
|faint|p1b: omg she's blue!!!
|
|win|SamuraiKima9
