|j|☆Jessditta
|j|☆Oreo_Stars
|html|JessdittaOreo_Stars    
|uhtml|bestof|Game 3 of a best-of-3
|t:|1757854259
|gametype|doubles
|player|p1|Jessditta|hilda|1203
|player|p2|Oreo_Stars|1|1239
|gen|9
|tier|[Gen 9] VGC 2025 Reg H (Bo3)
|rated|
|rule|Species Clause: Limit one of each Pokémon
|rule|Item Clause: Limit 1 of each item
|clearpoke
|poke|p1|Ninetales-Alola, L50, F|
|poke|p1|Rillaboom, L50, F|
|poke|p1|Volcarona, L50, M|
|poke|p1|Annihilape, L50, F|
|poke|p1|Primarina, L50, F|
|poke|p1|Sneasler, L50, M|
|poke|p2|Dondozo, L50, M|
|poke|p2|Rillaboom, L50, M|
|poke|p2|Ursaluna-Bloodmoon, L50, M|
|poke|p2|Sneasler, L50, F|
|poke|p2|Electabuzz, L50, F|
|poke|p2|Gholdengo, L50|
|teampreview|4
|showteam|p1|Ninetales-Alola||LightClay|SnowWarning|Blizzard,IcicleSpear,AuroraVeil,FreezeDry|||F|||50|,,,,,Ghost]Rillaboom||AssaultVest|GrassySurge|FakeOut,WoodHammer,GrassyGlide,Uturn|||F|||50|,,,,,Fire]Volcarona||SitrusBerry|FlameBody|HeatWave,GigaDrain,QuiverDance,Protect|||M|||50|,,,,,Grass]Annihilape||Leftovers|Defiant|RageFist,DrainPunch,BulkUp,Protect|||F|||50|,,,,,Fire]Primarina||ThroatSpray|LiquidVoice|HyperVoice,Moonblast,Haze,Protect|||F|||50|,,,,,Water]Sneasler||GrassySeed|Unburden|FakeOut,DireClaw,CloseCombat,Coaching|||M|||50|,,,,,Dark
|showteam|p2|Dondozo||Leftovers|Unaware|Protect,Yawn,WaveCrash,Fissure|||M|||50|,,,,,Poison]Rillaboom||MiracleSeed|GrassySurge|FakeOut,WoodHammer,GrassyGlide,HighHorsepower|||M|||50|,,,,,Fire]Ursaluna-Bloodmoon||AssaultVest|MindsEye|BloodMoon,EarthPower,HyperVoice,Snarl|||M|||50|,,,,,Ghost]Sneasler||GrassySeed|Unburden|Protect,Acrobatics,CloseCombat,DireClaw|||F|||50|,,,,,Flying]Electabuzz||Eviolite|VitalSpirit|Protect,Electroweb,Thunderbolt,FollowMe|||F|||50|,,,,,Fairy]Gholdengo||LifeOrb|GoodasGold|Protect,MakeItRain,ShadowBall,NastyPlot||||||50|,,,,,Water
|inactive|Battle timer is ON: inactive players will automatically lose when time's up. (requested by Oreo_Stars)
|inactive|Jessditta has 60 seconds left.
|
|t:|1757854293
|teamsize|p1|4
|teamsize|p2|4
|start
|switch|p1a: Sneasler|Sneasler, L50, M|100/100
|switch|p1b: Ninetales|Ninetales-Alola, L50, F|100/100
|switch|p2a: Sneasler|Sneasler, L50, F|100/100
|switch|p2b: Electabuzz|Electabuzz, L50, F|100/100
|-weather|Snowscape|[from] ability: Snow Warning|[of] p1b: Ninetales
|turn|1
|
|t:|1757854305
|move|p1a: Sneasler|Fake Out|p2a: Sneasler
|-damage|p2a: Sneasler|77/100
|move|p1b: Ninetales|Aurora Veil|p1b: Ninetales
|-sidestart|p1: Jessditta|move: Aurora Veil
|move|p2b: Electabuzz|Electroweb|p1a: Sneasler|[spread] p1a,p1b
|-damage|p1a: Sneasler|89/100
|-damage|p1b: Ninetales|91/100
|-unboost|p1a: Sneasler|spe|1
|-unboost|p1b: Ninetales|spe|1
|cant|p2a: Sneasler|flinch
|
|-weather|Snowscape|[upkeep]
|upkeep
|turn|2
|
|t:|1757854323
|move|p2b: Electabuzz|Thunderbolt|p1a: Sneasler
|-damage|p1a: Sneasler|59/100
|move|p2a: Sneasler|Acrobatics|p1a: Sneasler
|-supereffective|p1a: Sneasler
|-damage|p1a: Sneasler|10/100
|move|p1b: Ninetales|Blizzard|p2a: Sneasler|[spread] p2a,p2b
|-crit|p2b: Electabuzz
|-damage|p2a: Sneasler|50/100
|-damage|p2b: Electabuzz|71/100
|move|p1a: Sneasler|Dire Claw|p2b: Electabuzz
|-damage|p2b: Electabuzz|31/100
|
|-weather|Snowscape|[upkeep]
|upkeep
|turn|3
|inactive|Jessditta has 30 seconds left.
|inactive|Jessditta has 20 seconds left.
|
|t:|1757854358
|move|p2b: Electabuzz|Electroweb|p1a: Sneasler|[spread] p1a,p1b
|-damage|p1a: Sneasler|0 fnt
|-damage|p1b: Ninetales|81/100
|-unboost|p1b: Ninetales|spe|1
|faint|p1a: Sneasler
|move|p2a: Sneasler|Dire Claw|p1b: Ninetales
|-supereffective|p1b: Ninetales
|-damage|p1b: Ninetales|27/100
|move|p1b: Ninetales|Blizzard|p2b: Electabuzz|[spread] p2a,p2b
|-crit|p2a: Sneasler
|-damage|p2a: Sneasler|9/100
|-damage|p2b: Electabuzz|13/100
|
|-weather|Snowscape|[upkeep]
|upkeep
|
|t:|1757854363
|switch|p1a: Annihilape|Annihilape, L50, F, shiny|100/100
|turn|4
|
|t:|1757854382
|-terastallize|p1a: Annihilape|Fire
|move|p2b: Electabuzz|Follow Me|p2b: Electabuzz
|-singleturn|p2b: Electabuzz|move: Follow Me
|move|p2a: Sneasler|Dire Claw|p1b: Ninetales
|-supereffective|p1b: Ninetales
|-crit|p1b: Ninetales
|-damage|p1b: Ninetales|0 fnt
|faint|p1b: Ninetales
|move|p1a: Annihilape|Drain Punch|p2b: Electabuzz
|-damage|p2b: Electabuzz|0 fnt
|faint|p2b: Electabuzz
|
|-weather|Snowscape|[upkeep]
|upkeep
|
|t:|1757854400
|switch|p1b: Rillaboom|Rillaboom, L50, F|100/100
|switch|p2b: Gholdengo|Gholdengo, L50|100/100
|-fieldstart|move: Grassy Terrain|[from] ability: Grassy Surge|[of] p1b: Rillaboom
|-enditem|p2a: Sneasler|Grassy Seed
|-boost|p2a: Sneasler|def|1|[from] item: Grassy Seed
|turn|5
|j| jeanryupr
|inactive|Jessditta has 30 seconds left.
|inactive|Jessditta has 20 seconds left.
|inactive|Jessditta has 15 seconds left.
|
|t:|1757854442
|move|p2a: Sneasler|Protect|p2a: Sneasler
|-singleturn|p2a: Sneasler|Protect
|move|p1b: Rillaboom|Fake Out|p2a: Sneasler
|-activate|p2a: Sneasler|move: Protect
|move|p2b: Gholdengo|Nasty Plot|p2b: Gholdengo
|-boost|p2b: Gholdengo|spa|2
|move|p1a: Annihilape|Rage Fist|p2b: Gholdengo
|-supereffective|p2b: Gholdengo
|-damage|p2b: Gholdengo|46/100
|
|-weather|none
|-heal|p2a: Sneasler|15/100|[from] Grassy Terrain
|-heal|p2b: Gholdengo|53/100|[from] Grassy Terrain
|upkeep
|turn|6
|
|t:|1757854458
|move|p2b: Gholdengo|Protect|p2b: Gholdengo
|-singleturn|p2b: Gholdengo|Protect
|move|p1b: Rillaboom|Grassy Glide|p2b: Gholdengo
|-activate|p2b: Gholdengo|move: Protect
|move|p2a: Sneasler|Dire Claw|p1b: Rillaboom
|-supereffective|p1b: Rillaboom
|-damage|p1b: Rillaboom|42/100
|move|p1a: Annihilape|Rage Fist|p2b: Gholdengo
|-activate|p2b: Gholdengo|move: Protect
|
|-heal|p2a: Sneasler|22/100|[from] Grassy Terrain
|-heal|p2b: Gholdengo|59/100|[from] Grassy Terrain
|-heal|p1b: Rillaboom|48/100|[from] Grassy Terrain
|upkeep
|turn|7
|inactive|Jessditta has 30 seconds left.
|inactive|Oreo_Stars has 30 seconds left.
|inactive|Oreo_Stars has 20 seconds left.
|
|t:|1757854503
|switch|p2b: Rillaboom|Rillaboom, L50, M|100/100
|move|p1b: Rillaboom|Grassy Glide|p2a: Sneasler
|-resisted|p2a: Sneasler
|-damage|p2a: Sneasler|3/100
|move|p2a: Sneasler|Dire Claw|p1b: Rillaboom
|-supereffective|p1b: Rillaboom
|-damage|p1b: Rillaboom|0 fnt
|faint|p1b: Rillaboom
|move|p1a: Annihilape|Rage Fist|p2b: Rillaboom
|-damage|p2b: Rillaboom|72/100
|
|-heal|p2a: Sneasler|10/100|[from] Grassy Terrain
|-heal|p2b: Rillaboom|78/100|[from] Grassy Terrain
|upkeep
|turn|8
|
|t:|1757854521
|switch|p2b: Gholdengo|Gholdengo, L50|59/100
|move|p2a: Sneasler|Protect|p2a: Sneasler
|-singleturn|p2a: Sneasler|Protect
|move|p1a: Annihilape|Protect||[still]
|-fail|p1a: Annihilape
|
|-heal|p2a: Sneasler|16/100|[from] Grassy Terrain
|-heal|p2b: Gholdengo|65/100|[from] Grassy Terrain
|-sideend|p1: Jessditta|move: Aurora Veil
|upkeep
|turn|9
|
|t:|1757854535
|switch|p2a: Rillaboom|Rillaboom, L50, M|78/100
|-terastallize|p2b: Gholdengo|Water
|move|p2b: Gholdengo|Nasty Plot|p2b: Gholdengo
|-boost|p2b: Gholdengo|spa|2
|move|p1a: Annihilape|Rage Fist|p2b: Gholdengo
|-crit|p2b: Gholdengo
|-damage|p2b: Gholdengo|29/100
|
|-heal|p2b: Gholdengo|35/100|[from] Grassy Terrain
|-heal|p2a: Rillaboom|84/100|[from] Grassy Terrain
|-fieldend|move: Grassy Terrain
|upkeep
|turn|10
|-message|Jessditta forfeited.
|
|win|Oreo_Stars
|raw|Jessditta's rating: 1203 → 1181(-22 for losing)
|raw|Oreo_Stars's rating: 1239 → 1261(+22 for winning)
