|j|☆lolgz
|j|☆25th_mang
|html|lolgz25th_mang    
|uhtml|bestof|Game 1 of a best-of-3
|t:|1784956805
|gametype|doubles
|player|p1|lolgz|dawn|1265
|player|p2|25th_mang|ballguy|1315
|gen|9
|tier|[Gen 9 Champions] VGC 2026 Reg M-B (Bo3)
|rated|
|rule|Species Clause: Limit one of each Pokémon
|rule|Item Clause: Limit 1 of each item
|clearpoke
|poke|p1|Blastoise, L50, F|
|poke|p1|Vivillon, L50, F|
|poke|p1|Farigiraf, L50, M|
|poke|p1|Gallade, L50, M|
|poke|p1|Kingambit, L50, F|
|poke|p1|Camerupt, L50, M|
|poke|p2|Blastoise, L50, M|
|poke|p2|Camerupt, L50, F|
|poke|p2|Farigiraf, L50, M|
|poke|p2|Kingambit, L50, F|
|poke|p2|Vanilluxe, L50, F|
|poke|p2|Staraptor, L50, F|
|teampreview|4
|showteam|p1|Blastoise||Blastoisinite|Torrent|WaterSpout,DarkPulse,FakeOut,ShellSmash|Modest||F|||50|]Vivillon||ChoiceScarf|CompoundEyes|SleepPowder,RagePowder,Tailwind,Hurricane|Timid||F|||50|]Farigiraf||SitrusBerry|ArmorTail|TrickRoom,Psychic,HelpingHand,Protect|Relaxed||M|||50|]Gallade||IronBall|Sharpness|SacredSword,PsychoCut,LeafBlade,TrickRoom|Brave||M|||50|]Kingambit||LifeOrb|Defiant|SuckerPunch,KowtowCleave,IronHead,Protect|Brave||F|||50|]Camerupt||Cameruptite|MagmaArmor|HeatWave,EarthPower,AncientPower,Protect|Quiet||M|||50|
|showteam|p2|Blastoise||Blastoisinite|RainDish|WaterSpout,DarkPulse,AuraSphere,FakeOut|Quiet||M|||50|]Camerupt||Cameruptite|SolidRock|AncientPower,EarthPower,HeatWave,Protect|Quiet||F|||50|]Farigiraf||SitrusBerry|ArmorTail|PsychicFangs,HyperVoice,HelpingHand,TrickRoom|Relaxed||M|||50|]Kingambit||LifeOrb|Defiant|KowtowCleave,IronHead,Protect,SuckerPunch|Brave||F|||50|]Vanilluxe||NeverMeltIce|SnowWarning|Blizzard,FreezeDry,Protect,IceShard|Quiet||F|||50|]Staraptor||ChoiceScarf|Intimidate|FinalGambit,CloseCombat,BraveBird,Uturn|Jolly||F|||50|
|inactive|Battle timer is ON: inactive players will automatically lose when time's up. (requested by lolgz)
|inactive|25th_mang also wants the timer to be on.
|inactive|25th_mang has 60 seconds left.
|inactive|25th_mang has 30 seconds left.
|inactive|25th_mang has 20 seconds left.
|inactive|25th_mang has 15 seconds left.
|inactive|25th_mang has 10 seconds left.
|inactive|25th_mang has 5 seconds left.
|
|t:|1784956891
|teamsize|p1|4
|teamsize|p2|4
|start
|switch|p1a: Vivillon|Vivillon, L50, F|100/100
|switch|p1b: Blastoise|Blastoise, L50, F|100/100
|switch|p2a: Haven|Blastoise, L50, M|100/100
|switch|p2b: Miroh|Staraptor, L50, F|100/100
|-ability|p2b: Miroh|Intimidate|boost
|-unboost|p1a: Vivillon|atk|1
|-unboost|p1b: Blastoise|atk|1
|turn|1
|inactive|lolgz has 30 seconds left.
|inactive|25th_mang has 30 seconds left.
|inactive|lolgz has 20 seconds left.
|inactive|25th_mang has 20 seconds left.
|inactive|lolgz has 15 seconds left.
|inactive|lolgz has 10 seconds left.
|
|t:|1784956937
|detailschange|p1b: Blastoise|Blastoise-Mega, L50, F
|-mega|p1b: Blastoise|Blastoise|Blastoisinite
|move|p1b: Blastoise|Fake Out|p2b: Miroh
|-damage|p2b: Miroh|92/100
|move|p2a: Haven|Fake Out|p1a: Vivillon
|-damage|p1a: Vivillon|84/100
|cant|p1a: Vivillon|flinch
|cant|p2b: Miroh|flinch
|
|upkeep
|turn|2
|
|t:|1784956959
|move|p1a: Vivillon|Sleep Powder|p2b: Miroh
|-status|p2b: Miroh|slp|[from] move: Sleep Powder
|cant|p2b: Miroh|slp
|move|p1b: Blastoise|Shell Smash|p1b: Blastoise
|-unboost|p1b: Blastoise|def|1
|-unboost|p1b: Blastoise|spd|1
|-boost|p1b: Blastoise|atk|2
|-boost|p1b: Blastoise|spa|2
|-boost|p1b: Blastoise|spe|2
|move|p2a: Haven|Aura Sphere|p1b: Blastoise
|-damage|p1b: Blastoise|66/100
|
|upkeep
|turn|3
|
|t:|1784956982
|move|p1b: Blastoise|Water Spout|p2a: Haven|[spread] p2a,p2b
|-resisted|p2a: Haven|1
|-crit|p2b: Miroh
|-damage|p2a: Haven|58/100
|-damage|p2b: Miroh|0 fnt
|faint|p2b: Miroh
|move|p1a: Vivillon|Sleep Powder|p2a: Haven
|-status|p2a: Haven|slp|[from] move: Sleep Powder
|cant|p2a: Haven|slp
|
|upkeep
|
|t:|1784956991
|switch|p2b: Star Lost|Kingambit, L50, F|100/100
|turn|4
|
|t:|1784957005
|switch|p1a: Farigiraf|Farigiraf, L50, M|100/100
|move|p1b: Blastoise|Water Spout|p2a: Haven|[spread] p2a,p2b
|-resisted|p2a: Haven|1
|-crit|p2a: Haven
|-damage|p2a: Haven|1/100 slp
|-damage|p2b: Star Lost|21/100
|cant|p2a: Haven|slp
|move|p2b: Star Lost|Kowtow Cleave|p1b: Blastoise
|-damage|p1b: Blastoise|0 fnt
|faint|p1b: Blastoise
|-damage|p2b: Star Lost|11/100|[from] item: Life Orb
|
|upkeep
|
|t:|1784957012
|switch|p1b: Vivillon|Vivillon, L50, F|84/100
|turn|5
|
|t:|1784957036
|move|p2b: Star Lost|Protect|p2b: Star Lost
|-singleturn|p2b: Star Lost|Protect
|move|p1b: Vivillon|Hurricane|p2b: Star Lost
|-activate|p2b: Star Lost|move: Protect
|-curestatus|p2a: Haven|slp|[msg]
|move|p2a: Haven|Dark Pulse|p1b: Vivillon
|-damage|p1b: Vivillon|39/100
|move|p1a: Farigiraf|Psychic|p2a: Haven
|-damage|p2a: Haven|0 fnt
|faint|p2a: Haven
|
|upkeep
|
|t:|1784957050
|switch|p2a: 0801|Camerupt, L50, F|100/100
|turn|6
|
|t:|1784957065
|detailschange|p2a: 0801|Camerupt-Mega, L50, F
|-mega|p2a: 0801|Camerupt|Cameruptite
|move|p1b: Vivillon|Hurricane|p2b: Star Lost
|-resisted|p2b: Star Lost|1
|-damage|p2b: Star Lost|0 fnt
|faint|p2b: Star Lost
|move|p1a: Farigiraf|Psychic|p2a: 0801
|-damage|p2a: 0801|64/100
|move|p2a: 0801|Heat Wave|p1b: Vivillon|[spread] p1b
|-miss|p2a: 0801|p1a: Farigiraf
|-supereffective|p1b: Vivillon|1
|-damage|p1b: Vivillon|0 fnt
|faint|p1b: Vivillon
|
|upkeep
|
|t:|1784957072
|switch|p1b: Gallade|Gallade, L50, M|100/100
|turn|7
|
|t:|1784957079
|move|p1a: Farigiraf|Helping Hand|p1b: Gallade
|-singleturn|p1b: Gallade|Helping Hand|[of] p1a: Farigiraf
|move|p1b: Gallade|Sacred Sword|p2a: 0801
|-damage|p2a: 0801|0 fnt
|faint|p2a: 0801
|
|win|lolgz
