|j|☆KodeBeast0526
|j|☆OdeioPeugeot
|html|KodeBeast0526OdeioPeugeot    
|uhtml|bestof|Game 1 of a best-of-3
|t:|1783557118
|gametype|doubles
|player|p1|KodeBeast0526|sailor|1115
|player|p2|OdeioPeugeot|swimmer-gen4dp|1216
|gen|9
|tier|[Gen 9 Champions] VGC 2026 Reg M-B (Bo3)
|rated|
|rule|Species Clause: Limit one of each Pokémon
|rule|Item Clause: Limit 1 of each item
|clearpoke
|poke|p1|Garchomp, L50, M, shiny|
|poke|p1|Staraptor, L50, F, shiny|
|poke|p1|Whimsicott, L50, M, shiny|
|poke|p1|Incineroar, L50, M, shiny|
|poke|p1|Gholdengo, L50|
|poke|p1|Glimmora, L50, M, shiny|
|poke|p2|Scovillain, L50, M|
|poke|p2|Basculegion, L50, M|
|poke|p2|Pelipper, L50, F|
|poke|p2|Archaludon, L50, M|
|poke|p2|Floette-Eternal, L50, F|
|poke|p2|Grimmsnarl, L50, M|
|teampreview|4
|showteam|p1|Garchomp||LifeOrb|RoughSkin|Earthquake,Protect,RockSlide,DragonClaw|Jolly||M|||50|]Staraptor||Staraptite|Intimidate|BraveBird,CloseCombat,Roost,Protect|Jolly||F|||50|]Whimsicott||FocusSash|Prankster|Moonblast,Tailwind,Tickle,FakeTears|Timid||M|||50|]Incineroar||SitrusBerry|Intimidate|FakeOut,PartingShot,FlareBlitz,DarkestLariat|Impish||M|||50|]Gholdengo||MetalCoat|GoodasGold|Protect,ShadowBall,MakeItRain,NastyPlot|Modest|||||50|]Glimmora||Glimmoranite|ToxicDebris|EarthPower,EnergyBall,PowerGem,SpikyShield|Timid||M|||50|
|showteam|p2|Scovillain||Scovillainite|Moody|Overheat,GigaDrain,RagePowder,Protect|Calm||M|||50|]Basculegion||LifeOrb|SwiftSwim|WaveCrash,AquaJet,LastRespects,Protect|Adamant||M|||50|]Pelipper||SitrusBerry|Drizzle|Hurricane,Tailwind,WeatherBall,Protect|Modest||F|||50|]Archaludon||Leftovers|Stamina|ElectroShot,FlashCannon,DragonPulse,Protect|Modest||M|||50|]Floette-Eternal||Floettite|FlowerVeil|Moonblast,DazzlingGleam,LightofRuin,Protect|Modest||F|||50|]Grimmsnarl||LightClay|Prankster|FoulPlay,PartingShot,Reflect,LightScreen|Calm||M|||50|
|inactive|Battle timer is ON: inactive players will automatically lose when time's up. (requested by OdeioPeugeot)
|inactive|KodeBeast0526 has 60 seconds left.
|inactive|OdeioPeugeot has 60 seconds left.
|
|t:|1783557156
|teamsize|p1|4
|teamsize|p2|4
|start
|switch|p1a: Glimmora|Glimmora, L50, M, shiny|100/100
|switch|p1b: Gholdengo|Gholdengo, L50|100/100
|switch|p2a: Scovillain|Scovillain, L50, M|100/100
|switch|p2b: Basculegion|Basculegion, L50, M|100/100
|turn|1
|
|t:|1783557171
|switch|p2a: Pelipper|Pelipper, L50, F|100/100
|-weather|RainDance|[from] ability: Drizzle|[of] p2a: Pelipper
|detailschange|p1a: Glimmora|Glimmora-Mega, L50, M, shiny
|-mega|p1a: Glimmora|Glimmora|Glimmoranite
|move|p2b: Basculegion|Wave Crash|p1b: Gholdengo
|-damage|p1b: Gholdengo|0 fnt
|faint|p1b: Gholdengo
|-damage|p2b: Basculegion|70/100|[from] Recoil
|-damage|p2b: Basculegion|60/100|[from] item: Life Orb
|move|p1a: Glimmora|Power Gem|p2a: Pelipper
|-supereffective|p2a: Pelipper|1
|-damage|p2a: Pelipper|0 fnt
|faint|p2a: Pelipper
|
|-weather|RainDance|[upkeep]
|upkeep
|
|t:|1783557181
|switch|p1b: Whimsicott|Whimsicott, L50, M, shiny|100/100
|switch|p2a: Scovillain|Scovillain, L50, M|100/100
|turn|2
|
|t:|1783557190
|move|p1a: Glimmora|Spiky Shield|p1a: Glimmora
|-singleturn|p1a: Glimmora|move: Protect
|move|p2a: Scovillain|Protect|p2a: Scovillain
|-singleturn|p2a: Scovillain|Protect
|move|p1b: Whimsicott|Tailwind|p1b: Whimsicott
|-sidestart|p1: KodeBeast0526|move: Tailwind
|move|p2b: Basculegion|Wave Crash|p1a: Glimmora
|-activate|p1a: Glimmora|move: Protect
|-damage|p2b: Basculegion|48/100|[from] Spiky Shield|[of] p1a: Glimmora
|
|-weather|RainDance|[upkeep]
|-ability|p2a: Scovillain|Moody|boost
|-boost|p2a: Scovillain|atk|2
|-unboost|p2a: Scovillain|def|1
|upkeep
|turn|3
|inactive|KodeBeast0526 has 30 seconds left.
|
|t:|1783557220
|move|p2a: Scovillain|Rage Powder|p2a: Scovillain
|-singleturn|p2a: Scovillain|move: Rage Powder
|move|p1b: Whimsicott|Tickle|p2b: Basculegion
|-unboost|p2b: Basculegion|atk|1
|-unboost|p2b: Basculegion|def|1
|move|p1a: Glimmora|Energy Ball|p2a: Scovillain
|-resisted|p2a: Scovillain|2
|-damage|p2a: Scovillain|88/100
|move|p2b: Basculegion|Wave Crash|p1a: Glimmora
|-supereffective|p1a: Glimmora|1
|-damage|p1a: Glimmora|0 fnt
|faint|p1a: Glimmora
|-damage|p2b: Basculegion|22/100|[from] Recoil
|-damage|p2b: Basculegion|13/100|[from] item: Life Orb
|
|-weather|RainDance|[upkeep]
|-ability|p2a: Scovillain|Moody|boost
|-boost|p2a: Scovillain|atk|2
|-unboost|p2a: Scovillain|spe|1
|upkeep
|
|t:|1783557229
|switch|p1a: Garchomp|Garchomp, L50, M, shiny|100/100
|turn|4
|
|t:|1783557250
|move|p2a: Scovillain|Protect|p2a: Scovillain
|-singleturn|p2a: Scovillain|Protect
|move|p1b: Whimsicott|Tickle|p2a: Scovillain
|-activate|p2a: Scovillain|move: Protect
|move|p1a: Garchomp|Rock Slide|p2a: Scovillain|[spread] p2b
|-activate|p2a: Scovillain|move: Protect
|-crit|p2b: Basculegion
|-damage|p2b: Basculegion|0 fnt
|faint|p2b: Basculegion
|-damage|p1a: Garchomp|90/100|[from] item: Life Orb
|
|-weather|RainDance|[upkeep]
|-ability|p2a: Scovillain|Moody|boost
|-boost|p2a: Scovillain|def|2
|-unboost|p2a: Scovillain|spd|1
|upkeep
|
|t:|1783557260
|switch|p2b: Archaludon|Archaludon, L50, M|100/100
|turn|5
|
|t:|1783557269
|detailschange|p2a: Scovillain|Scovillain-Mega, L50, M
|-mega|p2a: Scovillain|Scovillain|Scovillainite
|move|p2b: Archaludon|Protect|p2b: Archaludon
|-singleturn|p2b: Archaludon|Protect
|move|p1b: Whimsicott|Tickle|p2b: Archaludon
|-activate|p2b: Archaludon|move: Protect
|move|p1a: Garchomp|Earthquake|p2a: Scovillain|[spread] p1b,p2a
|-activate|p2b: Archaludon|move: Protect
|-resisted|p1b: Whimsicott|1
|-damage|p1b: Whimsicott|59/100
|-damage|p2a: Scovillain|56/100
|-status|p1a: Garchomp|brn|[from] ability: Spicy Spray|[of] p2a: Scovillain
|-damage|p1a: Garchomp|80/100 brn|[from] item: Life Orb
|move|p2a: Scovillain|Giga Drain|p1a: Garchomp
|-damage|p1a: Garchomp|42/100 brn
|-heal|p2a: Scovillain|77/100|[from] drain|[of] p1a: Garchomp
|
|-weather|none
|-damage|p1a: Garchomp|36/100 brn|[from] brn
|-sideend|p1: KodeBeast0526|move: Tailwind
|upkeep
|turn|6
|
|t:|1783557289
|move|p1b: Whimsicott|Tickle|p2b: Archaludon
|-unboost|p2b: Archaludon|atk|1
|-unboost|p2b: Archaludon|def|1
|move|p1a: Garchomp|Earthquake|p2b: Archaludon|[spread] p1b,p2a,p2b
|-resisted|p1b: Whimsicott|1
|-supereffective|p2b: Archaludon|1
|-damage|p1b: Whimsicott|43/100
|-damage|p2a: Scovillain|59/100
|-damage|p2b: Archaludon|44/100
|-ability|p2b: Archaludon|Stamina|boost
|-boost|p2b: Archaludon|def|1
|-damage|p1a: Garchomp|27/100 brn|[from] item: Life Orb
|move|p2b: Archaludon|Dragon Pulse|p1a: Garchomp
|-supereffective|p1a: Garchomp|1
|-damage|p1a: Garchomp|0 fnt
|faint|p1a: Garchomp
|move|p2a: Scovillain|Overheat|p1b: Whimsicott
|-supereffective|p1b: Whimsicott|1
|-damage|p1b: Whimsicott|0 fnt
|-unboost|p2a: Scovillain|spa|2
|faint|p1b: Whimsicott
|
|win|OdeioPeugeot
