|j|☆frost1810
|j|☆Lumiere215
|html|frost1810Lumiere215    
|uhtml|bestof|Game 1 of a best-of-3
|t:|1782380700
|gametype|doubles
|player|p1|frost1810|drayden|
|player|p2|Lumiere215|102|
|gen|9
|tier|[Gen 9 Champions] VGC 2026 Reg M-B (Bo3)
|rule|Species Clause: Limit one of each Pokémon
|rule|Item Clause: Limit 1 of each item
|clearpoke
|poke|p1|Pyroar, L50, F|
|poke|p1|Whimsicott, L50, M|
|poke|p1|Ninetales, L50, F|
|poke|p1|Farigiraf, L50, M|
|poke|p1|Basculegion, L50, M|
|poke|p1|Floette-Eternal, L50, F|
|poke|p2|Garchomp, L50, F|
|poke|p2|Staraptor, L50, F|
|poke|p2|Sinistcha, L50|
|poke|p2|Grimmsnarl, L50, M|
|poke|p2|Metagross, L50, shiny|
|poke|p2|Sneasler, L50, F|
|teampreview|4
|showteam|p1|Pyroar||Pyroarite|Unnerve|Protect,HeatWave,SolarBeam,Overheat|Timid||F|||50|]Whimsicott||FocusSash|Prankster|Protect,SunnyDay,Moonblast,Tailwind|Timid||M|||50|]Ninetales||ChoiceScarf|Drought|FakeTears,SolarBeam,HeatWave,Overheat|Modest||F|||50|]Farigiraf||SitrusBerry|ArmorTail|Protect,TrickRoom,TwinBeam,Thunderbolt|Bold||M|||50|]Basculegion||LifeOrb|Adaptability|Protect,AquaJet,WaveCrash,LastRespects|Adamant||M|||50|]Floette-Eternal||Floettite|FlowerVeil|Protect,LightofRuin,Moonblast,DazzlingGleam|Modest||F|||50|
|showteam|p2|Garchomp||LifeOrb|RoughSkin|DragonClaw,StompingTantrum,RockSlide,Protect|Jolly||F|||50|]Staraptor||Staraptite|Intimidate|CloseCombat,DualWingbeat,Roost,Protect|Jolly||F|||50|]Sinistcha||SitrusBerry|Hospitality|MatchaGotcha,RagePowder,LifeDew,StrengthSap|Bold|||||50|]Grimmsnarl||Leftovers|Prankster|ThroatChop,FakeOut,PartingShot,ScaryFace|Careful||M|||50|]Metagross||Metagrossite|ClearBody|IronHead,PsychicFangs,ThunderPunch,Protect|Jolly|||||50|]Sneasler||FocusSash|PoisonTouch|DireClaw,CloseCombat,Coaching,FakeOut|Jolly||F|||50|
|inactive|Battle timer is ON: inactive players will automatically lose when time's up. (requested by frost1810)
|inactiveoff|Battle timer is now OFF.
|
|t:|1782380744
|teamsize|p1|4
|teamsize|p2|4
|start
|switch|p1a: Ninetales|Ninetales, L50, F|100/100
|switch|p1b: Pyroar|Pyroar, L50, F|100/100
|switch|p2a: Herobird|Staraptor, L50, F|100/100
|switch|p2b: Warlock|Grimmsnarl, L50, M|100/100
|-ability|p1b: Pyroar|Unnerve
|-weather|SunnyDay|[from] ability: Drought|[of] p1a: Ninetales
|-ability|p2a: Herobird|Intimidate|boost
|-unboost|p1a: Ninetales|atk|1
|-unboost|p1b: Pyroar|atk|1
|turn|1
|c|☆Lumiere215|gross
|
|t:|1782380772
|switch|p1a: Farigiraf|Farigiraf, L50, M|100/100
|detailschange|p1b: Pyroar|Pyroar-Mega, L50, F
|-mega|p1b: Pyroar|Pyroar|Pyroarite
|detailschange|p2a: Herobird|Staraptor-Mega, L50, F
|-mega|p2a: Herobird|Staraptor|Staraptite
|move|p2b: Warlock|Fake Out||[still]
|cant|p1a: Farigiraf|ability: Armor Tail|Fake Out|[of] p2b: Warlock
|move|p1b: Pyroar|Heat Wave|p2a: Herobird|[spread] p2a
|-miss|p1b: Pyroar|p2b: Warlock
|-damage|p2a: Herobird|22/100
|-status|p2a: Herobird|brn
|move|p2a: Herobird|Close Combat|p1b: Pyroar
|-supereffective|p1b: Pyroar|1
|-damage|p1b: Pyroar|38/100
|-boost|p2a: Herobird|def|1
|-boost|p2a: Herobird|spd|1
|
|-weather|SunnyDay|[upkeep]
|-damage|p2a: Herobird|16/100 brn|[from] brn
|upkeep
|turn|2
|c|☆Lumiere215|well that's prolly game right there
|c|☆frost1810|burn was unfortunate
|
|t:|1782380806
|move|p2b: Warlock|Scary Face|p2a: Herobird
|-boost|p2a: Herobird|spe|2
|move|p2a: Herobird|Close Combat|p1b: Pyroar
|-supereffective|p1b: Pyroar|1
|-damage|p1b: Pyroar|0 fnt
|-boost|p2a: Herobird|def|1
|-boost|p2a: Herobird|spd|1
|faint|p1b: Pyroar
|move|p1a: Farigiraf|Thunderbolt|p2a: Herobird
|-supereffective|p2a: Herobird|1
|-damage|p2a: Herobird|0 fnt
|faint|p2a: Herobird
|
|-weather|SunnyDay|[upkeep]
|upkeep
|
|t:|1782380818
|switch|p1b: Ninetales|Ninetales, L50, F|100/100
|switch|p2a: Beachgirl|Garchomp, L50, F|100/100
|turn|3
|
|t:|1782380847
|move|p2a: Beachgirl|Protect|p2a: Beachgirl
|-singleturn|p2a: Beachgirl|Protect
|move|p1b: Ninetales|Solar Beam||[still]
|-prepare|p1b: Ninetales|Solar Beam
|-anim|p1b: Ninetales|Solar Beam|p2a: Beachgirl
|-activate|p2a: Beachgirl|move: Protect
|move|p1a: Farigiraf|Twin Beam|p2a: Beachgirl
|-activate|p2a: Beachgirl|move: Protect
|move|p2b: Warlock|Throat Chop|p1a: Farigiraf
|-supereffective|p1a: Farigiraf|1
|-damage|p1a: Farigiraf|42/100
|-start|p1a: Farigiraf|Throat Chop|[silent]
|-enditem|p1a: Farigiraf|Sitrus Berry|[eat]
|-heal|p1a: Farigiraf|67/100|[from] item: Sitrus Berry
|
|-weather|SunnyDay|[upkeep]
|upkeep
|turn|4
|
|t:|1782380899
|move|p1b: Ninetales|Solar Beam||[still]
|-prepare|p1b: Ninetales|Solar Beam
|-anim|p1b: Ninetales|Solar Beam|p2a: Beachgirl
|-damage|p2a: Beachgirl|60/100
|move|p2a: Beachgirl|Rock Slide|p1b: Ninetales|[spread] p1a
|-miss|p2a: Beachgirl|p1b: Ninetales
|-damage|p1a: Farigiraf|44/100
|-damage|p2a: Beachgirl|50/100g|[from] item: Life Orb
|move|p1a: Farigiraf|Twin Beam|p2a: Beachgirl
|-damage|p2a: Beachgirl|33/100
|-damage|p2a: Beachgirl|15/100
|-hitcount|p2a: Beachgirl|2
|move|p2b: Warlock|Throat Chop|p1b: Ninetales
|-damage|p1b: Ninetales|53/100
|-start|p1b: Ninetales|Throat Chop|[silent]
|
|-weather|SunnyDay|[upkeep]
|-end|p1a: Farigiraf|Throat Chop|[silent]
|upkeep
|turn|5
|
|t:|1782380920
|move|p2a: Beachgirl|Protect|p2a: Beachgirl
|-singleturn|p2a: Beachgirl|Protect
|move|p1b: Ninetales|Solar Beam||[still]
|-prepare|p1b: Ninetales|Solar Beam
|-anim|p1b: Ninetales|Solar Beam|p2a: Beachgirl
|-activate|p2a: Beachgirl|move: Protect
|move|p1a: Farigiraf|Thunderbolt|p2b: Warlock
|-damage|p2b: Warlock|80/100
|move|p2b: Warlock|Throat Chop|p1a: Farigiraf
|-supereffective|p1a: Farigiraf|1
|-damage|p1a: Farigiraf|0 fnt
|faint|p1a: Farigiraf
|
|-weather|none
|-heal|p2b: Warlock|86/100|[from] item: Leftovers
|-end|p1b: Ninetales|Throat Chop|[silent]
|upkeep
|
|t:|1782380930
|switch|p1a: Basculegion|Basculegion, L50, M|100/100
|turn|6
|
|t:|1782380974
|move|p1a: Basculegion|Aqua Jet|p2a: Beachgirl
|-damage|p2a: Beachgirl|0 fnt
|-damage|p1a: Basculegion|87/100|[from] ability: Rough Skin|[of] p2a: Beachgirl
|faint|p2a: Beachgirl
|-damage|p1a: Basculegion|78/100|[from] item: Life Orb
|move|p2b: Warlock|Scary Face|p1b: Ninetales
|-unboost|p1b: Ninetales|spe|2
|move|p1b: Ninetales|Solar Beam||[still]
|-prepare|p1b: Ninetales|Solar Beam
|
|-heal|p2b: Warlock|92/100|[from] item: Leftovers
|upkeep
|
|t:|1782380986
|switch|p2a: Uncle|Sinistcha, L50|100/100
|-heal|p2b: Warlock|100/100|[from] ability: Hospitality|[of] p2a: Uncle
|turn|7
|
|t:|1782380998
|move|p2b: Warlock|Parting Shot|p1a: Basculegion
|-unboost|p1a: Basculegion|atk|1
|-unboost|p1a: Basculegion|spa|1
|move|p1b: Ninetales|Solar Beam|p2b: Warlock|[from] lockedmove
|-crit|p2b: Warlock
|-damage|p2b: Warlock|57/100
|move|p1a: Basculegion|Last Respects|p2a: Uncle
|-supereffective|p2a: Uncle|1
|-damage|p2a: Uncle|0 fnt
|faint|p2a: Uncle
|-damage|p1a: Basculegion|68/100|[from] item: Life Orb
|
|-heal|p2b: Warlock|63/100|[from] item: Leftovers
|upkeep
|turn|8
|
|t:|1782381012
|move|p1b: Ninetales|Solar Beam||[still]
|-prepare|p1b: Ninetales|Solar Beam
|move|p1a: Basculegion|Wave Crash|p2b: Warlock
|-damage|p2b: Warlock|0 fnt
|faint|p2b: Warlock
|-damage|p1a: Basculegion|48/100|[from] Recoil
|-damage|p1a: Basculegion|39/100|[from] item: Life Orb
|
|win|frost1810
||frost1810 is ready for game 2.
||Lumiere215 is ready for game 2.
|uhtml|next|Next: Game 2 of 3
|l|☆frost1810
|player|p1|
