|j|☆0-x ft wayne
|j|☆dracojackson
|html|0-x ft waynedracojackson    
|uhtml|bestof|Game 3 of a best-of-3
|t:|1756429021
|gametype|doubles
|player|p1|0-x ft wayne|kamado-armor|
|player|p2|dracojackson|hilbert|
|gen|9
|tier|[Gen 9] VGC 2025 Reg H (Bo3)
|rule|Species Clause: Limit one of each Pokémon
|rule|Item Clause: Limit 1 of each item
|clearpoke
|poke|p1|Garchomp, L50, M|
|poke|p1|Sneasler, L50, M|
|poke|p1|Incineroar, L50, M|
|poke|p1|Dragonite, L50, M|
|poke|p1|Gholdengo, L50|
|poke|p1|Tyranitar, L50, F|
|poke|p2|Porygon2, L50|
|poke|p2|Incineroar, L50, M|
|poke|p2|Ursaluna, L50, M|
|poke|p2|Amoonguss, L50, F|
|poke|p2|Gholdengo, L50|
|poke|p2|Dragonite, L50, F|
|teampreview|4
|showteam|p1|Garchomp||LifeOrb|RoughSkin|Earthquake,DragonClaw,StompingTantrum,Protect|||M|||50|,,,,,Ground]Sneasler||WhiteHerb|Unburden|Coaching,Protect,DireClaw,CloseCombat|||M|||50|,,,,,Stellar]Incineroar||SafetyGoggles|Intimidate|FakeOut,FlareBlitz,KnockOff,PartingShot|||M|||50|,,,,,Ghost]Dragonite||LoadedDice|InnerFocus|TeraBlast,ScaleShot,Tailwind,Protect|||M|||50|,,,,,Flying]Gholdengo||ChoiceScarf|GoodasGold|MakeItRain,ShadowBall,Trick,Thunderbolt||||||50|,,,,,Steel]Tyranitar||AssaultVest|SandStream|RockSlide,TeraBlast,Assurance,LowKick|||F|||50|,,,,,Flying
|showteam|p2|Porygon2||Eviolite|Download|TeraBlast,IceBeam,Recover,TrickRoom||||||50|,,,,,Fighting]Incineroar||SafetyGoggles|Intimidate|FakeOut,KnockOff,FlareBlitz,PartingShot|||M|||50|,,,,,Ghost]Ursaluna||FlameOrb|Guts|HeadlongRush,Facade,Earthquake,Protect|||M|||50|,,,,,Ghost]Amoonguss||SitrusBerry|Regenerator|PollenPuff,Spore,RagePowder,Protect|||F|||50|,,,,,Water]Gholdengo||LifeOrb|GoodasGold|MakeItRain,ShadowBall,NastyPlot,Protect||||||50|,,,,,Dragon]Dragonite||LoadedDice|Multiscale|ScaleShot,Haze,Tailwind,Protect|||F|||50|,,,,,Steel
|c|☆0-x ft wayne|wtf is this set LOL
|c|☆dracojackson|dude
|c|☆dracojackson|idek
|c|☆dracojackson|lmaooo
|c|☆0-x ft wayne|fuggin top cut win and in
|c|☆dracojackson|nah the chip game >:)
|c|☆0-x ft wayne|sheeesh
|
|t:|1756429094
|teamsize|p1|4
|teamsize|p2|4
|start
|switch|p1a: Sneasler|Sneasler, L50, M|100/100
|switch|p1b: Dragonite|Dragonite, L50, M, shiny|100/100
|switch|p2a: Tomato|Incineroar, L50, M|100/100
|switch|p2b: Clanker|Porygon2, L50|100/100
|-ability|p2a: Tomato|Intimidate|boost
|-unboost|p1a: Sneasler|atk|1
|-fail|p1b: Dragonite|unboost|Attack|[from] ability: Inner Focus|[of] p1b: Dragonite
|-ability|p2b: Clanker|Download|boost
|-boost|p2b: Clanker|atk|1
|-enditem|p1a: Sneasler|White Herb
|-clearnegativeboost|p1a: Sneasler|[silent]
|turn|1
|
|t:|1756429154
|move|p1a: Sneasler|Close Combat|p2a: Tomato
|-supereffective|p2a: Tomato
|-damage|p2a: Tomato|0 fnt
|-unboost|p1a: Sneasler|def|1
|-unboost|p1a: Sneasler|spd|1
|faint|p2a: Tomato
|move|p1b: Dragonite|Scale Shot|p2b: Clanker
|-damage|p2b: Clanker|91/100
|-damage|p2b: Clanker|81/100
|-damage|p2b: Clanker|70/100
|-damage|p2b: Clanker|60/100
|-damage|p2b: Clanker|49/100
|-hitcount|p2b: Clanker|5
|-unboost|p1b: Dragonite|def|1
|-boost|p1b: Dragonite|spe|1
|move|p2b: Clanker|Trick Room|p2b: Clanker
|-fieldstart|move: Trick Room|[of] p2b: Clanker
|
|upkeep
|
|t:|1756429169
|switch|p2a: IGOR|Ursaluna, L50, M, shiny|100/100
|turn|2
|
|t:|1756429214
|switch|p1b: Dalinar|Incineroar, L50, M, shiny|100/100
|-ability|p1b: Dalinar|Intimidate|boost
|-unboost|p2a: IGOR|atk|1
|-unboost|p2b: Clanker|atk|1
|move|p2b: Clanker|Ice Beam|p1b: Dalinar
|-resisted|p1b: Dalinar
|-damage|p1b: Dalinar|88/100
|move|p2a: IGOR|Earthquake|p1b: Dalinar|[spread] p2b,p1a,p1b
|-supereffective|p1a: Sneasler
|-supereffective|p1b: Dalinar
|-damage|p2b: Clanker|31/100
|-damage|p1a: Sneasler|0 fnt
|-damage|p1b: Dalinar|33/100
|faint|p1a: Sneasler
|
|-status|p2a: IGOR|brn|[from] item: Flame Orb
|upkeep
|
|t:|1756429240
|switch|p1a: Dragonite|Dragonite, L50, M, shiny|100/100
|turn|3
|
|t:|1756429268
|-terastallize|p1a: Dragonite|Flying
|move|p1b: Dalinar|Fake Out|p2b: Clanker
|-damage|p2b: Clanker|22/100
|cant|p2b: Clanker|flinch
|move|p2a: IGOR|Facade|p1b: Dalinar
|-damage|p1b: Dalinar|0 fnt
|faint|p1b: Dalinar
|move|p1a: Dragonite|Tera Blast|p2b: Clanker|[anim] Tera Blast Flying
|-damage|p2b: Clanker|0 fnt
|faint|p2b: Clanker
|
|-damage|p2a: IGOR|95/100 brn|[from] brn
|upkeep
|
|t:|1756429277
|switch|p2b: Nitenite|Dragonite, L50, F|100/100
|switch|p1b: Kaladin|Garchomp, L50, M, shiny|100/100
|turn|4
|
|t:|1756429306
|-terastallize|p2b: Nitenite|Steel
|move|p2a: IGOR|Facade|p1a: Dragonite
|-damage|p1a: Dragonite|18/100
|move|p1a: Dragonite|Scale Shot|p2b: Nitenite
|-resisted|p2b: Nitenite
|-damage|p2b: Nitenite|96/100
|-resisted|p2b: Nitenite
|-damage|p2b: Nitenite|89/100
|-resisted|p2b: Nitenite
|-damage|p2b: Nitenite|81/100
|-resisted|p2b: Nitenite
|-damage|p2b: Nitenite|72/100
|-resisted|p2b: Nitenite
|-damage|p2b: Nitenite|65/100
|-hitcount|p2b: Nitenite|5
|-unboost|p1a: Dragonite|def|1
|-boost|p1a: Dragonite|spe|1
|move|p2b: Nitenite|Scale Shot|p1b: Kaladin
|-supereffective|p1b: Kaladin
|-damage|p1b: Kaladin|71/100
|-supereffective|p1b: Kaladin
|-damage|p1b: Kaladin|41/100
|-supereffective|p1b: Kaladin
|-damage|p1b: Kaladin|11/100
|-supereffective|p1b: Kaladin
|-damage|p1b: Kaladin|0 fnt
|faint|p1b: Kaladin
|-hitcount|p1: Kaladin|4
|-unboost|p2b: Nitenite|def|1
|-boost|p2b: Nitenite|spe|1
|
|-damage|p2a: IGOR|89/100 brn|[from] brn
|upkeep
|turn|5
|
|t:|1756429321
|move|p1a: Dragonite|Protect|p1a: Dragonite
|-singleturn|p1a: Dragonite|Protect
|move|p2a: IGOR|Facade|p1a: Dragonite
|-activate|p1a: Dragonite|move: Protect
|move|p2b: Nitenite|Tailwind|p2b: Nitenite
|-sidestart|p2: dracojackson|move: Tailwind
|
|-damage|p2a: IGOR|83/100 brn|[from] brn
|-fieldend|move: Trick Room
|upkeep
|turn|6
|
|t:|1756429329
|move|p2b: Nitenite|Scale Shot|p1a: Dragonite
|-damage|p1a: Dragonite|0 fnt
|faint|p1a: Dragonite
|-hitcount|p1: Dragonite|1
|
|win|dracojackson
|c|☆0-x ft wayne|ggs
|c|☆dracojackson|ggs
|c|☆0-x ft wayne|game 1 that ice beam crit :sob
|c|☆dracojackson|did it matter?
|c|☆dracojackson|like idk my p2 into dengo calcs
|c|☆0-x ft wayne|yeah you were minus 1 on incin
|c|☆dracojackson|even if im 166+
|c|☆dracojackson|116*
|c|☆dracojackson|adamant
|c|☆dracojackson|?
|c|☆0-x ft wayne|hrmmm lemme check
|c|☆dracojackson|ty cuz i have no idear
|c|☆0-x ft wayne|what is investment on p2?
|c|☆0-x ft wayne|for spa
|c|☆dracojackson|148 modest
|c|☆dracojackson|and i was neutral cuz download procced attack not spak
