|j|☆HalcyonJon
|j|☆Alecat
|html|HalcyonJonAlecat    
|uhtml|bestof|Game 1 of a best-of-3
|t:|1757723896
|gametype|doubles
|player|p1|HalcyonJon|pokemonbreeder|1132
|player|p2|Alecat|scientistf|1104
|gen|9
|tier|[Gen 9] VGC 2025 Reg H (Bo3)
|rated|
|rule|Species Clause: Limit one of each Pokémon
|rule|Item Clause: Limit 1 of each item
|clearpoke
|poke|p1|Ninetales-Alola, L50, M|
|poke|p1|Magmar, L50, F|
|poke|p1|Primarina, L50, M|
|poke|p1|Sneasler, L50, F|
|poke|p1|Rillaboom, L50, M|
|poke|p1|Hydreigon, L50, F|
|poke|p2|Sneasler, L50, M|
|poke|p2|Magmar, L50, F|
|poke|p2|Rillaboom, L50, F|
|poke|p2|Espathra, L50, M|
|poke|p2|Kingambit, L50, F|
|poke|p2|Arcanine-Hisui, L50, M|
|teampreview|4
|showteam|p1|Ninetales-Alola||FocusSash|SnowWarning|Blizzard,FreezeDry,AuroraVeil,Protect|||M|||50|,,,,,Ice]Magmar||Eviolite|VitalSpirit|Overheat,ClearSmog,HelpingHand,FollowMe|||F|||50|,,,,,Water]Primarina||RoomService|LiquidVoice|Moonblast,HyperVoice,SparklingAria,Protect|||M|||50|,,,,,Steel]Sneasler||GrassySeed|Unburden|CloseCombat,DireClaw,SludgeWave,Protect|||F|||50|,,,,,Dark]Rillaboom||WeaknessPolicy|GrassySurge|WoodHammer,GrassyGlide,HighHorsepower,FakeOut|||M|||50|,,,,,Dark]Hydreigon||ThroatSpray|Levitate|DragonPulse,Snarl,Tailwind,Protect|||F|||50|,,,,,Fire
|showteam|p2|Sneasler||FocusSash|Unburden|FakeOut,CloseCombat,DireClaw,Coaching|||M|||50|,,,,,Ghost]Magmar||Eviolite|VitalSpirit|FollowMe,HeatWave,Taunt,Protect|||F|||50|,,,,,Dragon]Rillaboom||AssaultVest|GrassySurge|FakeOut,WoodHammer,GrassyGlide,HighHorsepower|||F|||50|,,,,,Fire]Espathra||GrassySeed|SpeedBoost|StoredPower,TeraBlast,CalmMind,Protect|||M|||50|,,,,,Fighting]Kingambit||SafetyGoggles|Defiant|KowtowCleave,SuckerPunch,SwordsDance,Protect|||F|||50|,,,,,Dark]Arcanine-Hisui||LoadedDice|Intimidate|FlareBlitz,RockBlast,ExtremeSpeed,Protect|||M|||50|,,,,,Ghost
|
|t:|1757723956
|teamsize|p1|4
|teamsize|p2|4
|start
|switch|p1a: Sneasler|Sneasler, L50, F|100/100
|switch|p1b: Rillaboom|Rillaboom, L50, M|100/100
|switch|p2a: Espathra|Espathra, L50, M, shiny|100/100
|switch|p2b: Magmar|Magmar, L50, F|100/100
|-fieldstart|move: Grassy Terrain|[from] ability: Grassy Surge|[of] p1b: Rillaboom
|-enditem|p1a: Sneasler|Grassy Seed
|-boost|p1a: Sneasler|def|1|[from] item: Grassy Seed
|-enditem|p2a: Espathra|Grassy Seed
|-boost|p2a: Espathra|def|1|[from] item: Grassy Seed
|turn|1
|
|t:|1757723986
|move|p2a: Espathra|Protect|p2a: Espathra
|-singleturn|p2a: Espathra|Protect
|move|p1a: Sneasler|Sludge Wave|p2b: Magmar|[spread] p1b,p2b
|-activate|p2a: Espathra|move: Protect
|-supereffective|p1b: Rillaboom
|-damage|p1b: Rillaboom|85/100
|-damage|p2b: Magmar|95/100
|-status|p2b: Magmar|psn
|-enditem|p1b: Rillaboom|Weakness Policy
|-boost|p1b: Rillaboom|atk|2|[from] item: Weakness Policy
|-boost|p1b: Rillaboom|spa|2|[from] item: Weakness Policy
|move|p2b: Magmar|Heat Wave|p1a: Sneasler|[spread] p1a,p1b
|-supereffective|p1b: Rillaboom
|-damage|p1a: Sneasler|67/100
|-damage|p1b: Rillaboom|43/100
|move|p1b: Rillaboom|High Horsepower|p2b: Magmar
|-supereffective|p2b: Magmar
|-damage|p2b: Magmar|0 fnt
|faint|p2b: Magmar
|
|-heal|p1a: Sneasler|73/100|[from] Grassy Terrain
|-heal|p1b: Rillaboom|49/100|[from] Grassy Terrain
|-ability|p2a: Espathra|Speed Boost|boost
|-boost|p2a: Espathra|spe|1
|upkeep
|
|t:|1757724010
|switch|p2b: Arcanine|Arcanine-Hisui, L50, M, shiny|100/100
|-ability|p2b: Arcanine|Intimidate|boost
|-unboost|p1a: Sneasler|atk|1
|-unboost|p1b: Rillaboom|atk|1
|turn|2
|
|t:|1757724057
|move|p2b: Arcanine|Protect|p2b: Arcanine
|-singleturn|p2b: Arcanine|Protect
|move|p1b: Rillaboom|Grassy Glide|p2a: Espathra
|-damage|p2a: Espathra|61/100
|move|p1a: Sneasler|Close Combat|p2a: Espathra
|-resisted|p2a: Espathra
|-damage|p2a: Espathra|46/100
|-unboost|p1a: Sneasler|def|1
|-unboost|p1a: Sneasler|spd|1
|move|p2a: Espathra|Calm Mind|p2a: Espathra
|-boost|p2a: Espathra|spa|1
|-boost|p2a: Espathra|spd|1
|
|-heal|p1a: Sneasler|79/100|[from] Grassy Terrain
|-heal|p2a: Espathra|52/100|[from] Grassy Terrain
|-heal|p1b: Rillaboom|55/100|[from] Grassy Terrain
|-ability|p2a: Espathra|Speed Boost|boost
|-boost|p2a: Espathra|spe|1
|upkeep
|turn|3
|
|t:|1757724090
|move|p2a: Espathra|Protect|p2a: Espathra
|-singleturn|p2a: Espathra|Protect
|move|p1b: Rillaboom|Grassy Glide|p2b: Arcanine
|-damage|p2b: Arcanine|36/100
|move|p1a: Sneasler|Close Combat|p2b: Arcanine
|-supereffective|p2b: Arcanine
|-damage|p2b: Arcanine|0 fnt
|-unboost|p1a: Sneasler|def|1
|-unboost|p1a: Sneasler|spd|1
|faint|p2b: Arcanine
|
|-heal|p1a: Sneasler|84/100|[from] Grassy Terrain
|-heal|p2a: Espathra|58/100|[from] Grassy Terrain
|-heal|p1b: Rillaboom|61/100|[from] Grassy Terrain
|-ability|p2a: Espathra|Speed Boost|boost
|-boost|p2a: Espathra|spe|1
|upkeep
|
|t:|1757724107
|switch|p2b: Kingambit|Kingambit, L50, F|100/100
|turn|4
|
|t:|1757724133
|switch|p1a: Hydreigon|Hydreigon, L50, F|100/100
|move|p1b: Rillaboom|Grassy Glide|p2a: Espathra
|-damage|p2a: Espathra|21/100
|move|p2b: Kingambit|Sucker Punch||[still]
|-fail|p2b: Kingambit
|move|p2a: Espathra|Stored Power|p1b: Rillaboom
|-damage|p1b: Rillaboom|0 fnt
|faint|p1b: Rillaboom
|
|-heal|p2a: Espathra|27/100|[from] Grassy Terrain
|-ability|p2a: Espathra|Speed Boost|boost
|-boost|p2a: Espathra|spe|1
|upkeep
|
|t:|1757724155
|switch|p1b: Magmar|Magmar, L50, F|100/100
|turn|5
|
|t:|1757724199
|move|p2b: Kingambit|Sucker Punch|p1b: Magmar
|-damage|p1b: Magmar|69/100
|move|p2a: Espathra|Stored Power|p1b: Magmar
|-damage|p1b: Magmar|0 fnt
|faint|p1b: Magmar
|move|p1a: Hydreigon|Tailwind|p1a: Hydreigon
|-sidestart|p1: HalcyonJon|move: Tailwind
|
|-heal|p2a: Espathra|33/100|[from] Grassy Terrain
|-fieldend|move: Grassy Terrain
|-ability|p2a: Espathra|Speed Boost|boost
|-boost|p2a: Espathra|spe|1
|upkeep
|
|t:|1757724209
|switch|p1b: Sneasler|Sneasler, L50, F|84/100
|turn|6
|
|t:|1757724227
|-terastallize|p1b: Sneasler|Dark
|move|p2a: Espathra|Stored Power|p1b: Sneasler
|-immune|p1b: Sneasler
|move|p1b: Sneasler|Close Combat|p2b: Kingambit
|-supereffective|p2b: Kingambit
|-crit|p2b: Kingambit
|-damage|p2b: Kingambit|0 fnt
|-unboost|p1b: Sneasler|def|1
|-unboost|p1b: Sneasler|spd|1
|faint|p2b: Kingambit
|move|p1a: Hydreigon|Snarl|p2a: Espathra
|-supereffective|p2a: Espathra
|-damage|p2a: Espathra|0 fnt
|faint|p2a: Espathra
|-enditem|p1a: Hydreigon|Throat Spray
|
|win|HalcyonJon
|inactive|HalcyonJon has 30 seconds to confirm battle start!
|inactive|Alecat has 30 seconds to confirm battle start!
||HalcyonJon is ready for game 2.
|inactive|Alecat has 20 seconds to confirm battle start!
|inactive|Alecat has 9 seconds to confirm battle start!
||Alecat is ready for game 2.
|uhtml|next|Next: Game 2 of 3
|l|☆HalcyonJon
|player|p1|
