|j|☆siamocucinatidoc
|j|☆failandimprove3
|html|siamocucinatidocfailandimprove3    
|uhtml|bestof|Game 1 of a best-of-3
|t:|1783984858
|gametype|doubles
|player|p1|siamocucinatidoc|169|1360
|player|p2|failandimprove3|1|1464
|gen|9
|tier|[Gen 9 Champions] VGC 2026 Reg M-B (Bo3)
|rated|
|rule|Species Clause: Limit one of each Pokémon
|rule|Item Clause: Limit 1 of each item
|clearpoke
|poke|p1|Pelipper, L50, M|
|poke|p1|Archaludon, L50, M|
|poke|p1|Grimmsnarl, L50, M|
|poke|p1|Basculegion, L50, M|
|poke|p1|Venusaur, L50, F|
|poke|p1|Charizard, L50, F|
|poke|p2|Charizard, L50, M|
|poke|p2|Floette-Eternal, L50, F|
|poke|p2|Garchomp, L50, M|
|poke|p2|Kingambit, L50, F|
|poke|p2|Basculegion, L50, M|
|poke|p2|Whimsicott, L50, F|
|teampreview|4
|showteam|p1|Pelipper||SitrusBerry|Drizzle|WeatherBall,Hurricane,Tailwind,WideGuard|Modest||M|||50|]Archaludon||Leftovers|Stamina|ElectroShot,DragonPulse,FlashCannon,Protect|Calm||M|||50|]Grimmsnarl||LightClay|Prankster|FoulPlay,LightScreen,Reflect,PartingShot|Calm||M|||50|]Basculegion||ChoiceScarf|Adaptability|WaveCrash,FlipTurn,LastRespects,AquaJet|Jolly||M|||50|]Venusaur||FocusSash|Chlorophyll|SleepPowder,SludgeBomb,EarthPower,Protect|Modest||F|||50|]Charizard||CharizarditeY|SolarPower|HeatWave,WeatherBall,SolarBeam,Protect|Modest||F|||50|
|showteam|p2|Charizard||CharizarditeY|Blaze|HeatWave,WeatherBall,SolarBeam,Protect|Modest||M|||50|]Floette-Eternal||Floettite|FlowerVeil|Moonblast,DazzlingGleam,LightofRuin,Protect|Timid||F|||50|]Garchomp||LifeOrb|RoughSkin|Earthquake,DragonClaw,RockSlide,Protect|Jolly||M|||50|]Kingambit||OccaBerry|Defiant|KowtowCleave,SuckerPunch,IronHead,LowKick|Adamant||F|||50|]Basculegion||MysticWater|Adaptability|WaveCrash,LastRespects,AquaJet,Protect|Adamant||M|||50|]Whimsicott||FocusSash|Prankster|Moonblast,Tailwind,Encore,Protect|Timid||F|||50|
|inactive|Battle timer is ON: inactive players will automatically lose when time's up. (requested by failandimprove3)
|inactive|failandimprove3 has 60 seconds left.
|inactive|failandimprove3 has 30 seconds left.
|inactive|failandimprove3 has 20 seconds left.
|
|t:|1783984933
|teamsize|p1|4
|teamsize|p2|4
|start
|switch|p1a: Grimmsnarl|Grimmsnarl, L50, M|100/100
|switch|p1b: Charizard|Charizard, L50, F|100/100
|switch|p2a: Charizard|Charizard, L50, M|100/100
|switch|p2b: Kingambit|Kingambit, L50, F|100/100
|turn|1
|
|t:|1783984958
|detailschange|p1b: Charizard|Charizard-Mega-Y, L50, F
|-mega|p1b: Charizard|Charizard|Charizardite Y
|-weather|SunnyDay|[from] ability: Drought|[of] p1b: Charizard
|detailschange|p2a: Charizard|Charizard-Mega-Y, L50, M
|-mega|p2a: Charizard|Charizard|Charizardite Y
|move|p1a: Grimmsnarl|Reflect|p1a: Grimmsnarl
|-sidestart|p1: siamocucinatidoc|Reflect
|move|p1b: Charizard|Heat Wave|p2b: Kingambit|[spread] p2a,p2b
|-resisted|p2a: Charizard|1
|-supereffective|p2b: Kingambit|1
|-enditem|p2b: Kingambit|Occa Berry|[eat]
|-enditem|p2b: Kingambit|Occa Berry|[weaken]
|-damage|p2a: Charizard|72/100
|-damage|p2b: Kingambit|48/100
|move|p2a: Charizard|Heat Wave|p1a: Grimmsnarl|[spread] p1a,p1b
|-resisted|p1b: Charizard|1
|-damage|p1a: Grimmsnarl|49/100
|-damage|p1b: Charizard|74/100
|-status|p1a: Grimmsnarl|brn
|move|p2b: Kingambit|Iron Head|p1a: Grimmsnarl
|-supereffective|p1a: Grimmsnarl|1
|-damage|p1a: Grimmsnarl|0 fnt
|faint|p1a: Grimmsnarl
|
|-weather|SunnyDay|[upkeep]
|upkeep
|
|t:|1783984977
|switch|p1a: Venusaur|Venusaur, L50, F|100/100
|turn|2
|inactive|failandimprove3 has 30 seconds left.
|
|t:|1783985004
|move|p2b: Kingambit|Sucker Punch|p1b: Charizard
|-damage|p1b: Charizard|46/100
|move|p1a: Venusaur|Sleep Powder|p2a: Charizard
|-status|p2a: Charizard|slp|[from] move: Sleep Powder
|move|p1b: Charizard|Weather Ball|p2b: Kingambit
|-supereffective|p2b: Kingambit|1
|-damage|p2b: Kingambit|0 fnt
|faint|p2b: Kingambit
|cant|p2a: Charizard|slp
|
|-weather|SunnyDay|[upkeep]
|upkeep
|
|t:|1783985011
|switch|p2b: Garchomp|Garchomp, L50, M|100/100
|turn|3
|
|t:|1783985024
|move|p1a: Venusaur|Sleep Powder|p2b: Garchomp
|-status|p2b: Garchomp|slp|[from] move: Sleep Powder
|cant|p2b: Garchomp|slp
|move|p1b: Charizard|Weather Ball|p2a: Charizard
|-resisted|p2a: Charizard|1
|-damage|p2a: Charizard|34/100 slp
|cant|p2a: Charizard|slp
|
|-weather|SunnyDay|[upkeep]
|upkeep
|turn|4
|
|t:|1783985047
|switch|p2a: Whimsicott|Whimsicott, L50, F|100/100
|move|p1a: Venusaur|Sludge Bomb|p2b: Garchomp
|-resisted|p2b: Garchomp|1
|-damage|p2b: Garchomp|77/100 slp
|cant|p2b: Garchomp|slp
|move|p1b: Charizard|Weather Ball|p2a: Whimsicott
|-supereffective|p2a: Whimsicott|1
|-enditem|p2a: Whimsicott|Focus Sash
|-damage|p2a: Whimsicott|1/100
|
|-weather|SunnyDay|[upkeep]
|upkeep
|turn|5
|inactive|siamocucinatidoc has 30 seconds left.
|inactive|failandimprove3 has 30 seconds left.
|inactive|siamocucinatidoc has 20 seconds left.
|inactive|siamocucinatidoc has 15 seconds left.
|
|t:|1783985087
|move|p2a: Whimsicott|Tailwind|p2a: Whimsicott
|-sidestart|p2: failandimprove3|move: Tailwind
|-curestatus|p2b: Garchomp|slp|[msg]
|move|p2b: Garchomp|Rock Slide|p1a: Venusaur|[spread] p1a,p1b
|-supereffective|p1b: Charizard|2
|-damage|p1a: Venusaur|77/100
|-damage|p1b: Charizard|0 fnt
|faint|p1b: Charizard
|-damage|p2b: Garchomp|67/100|[from] item: Life Orb
|cant|p1a: Venusaur|flinch
|
|-weather|none
|upkeep
|
|t:|1783985096
|switch|p1b: Basculegion|Basculegion, L50, M|100/100
|turn|6
|
|t:|1783985109
|move|p2a: Whimsicott|Encore|p1a: Venusaur
|-start|p1a: Venusaur|Encore
|move|p2b: Garchomp|Dragon Claw|p1a: Venusaur
|-damage|p1a: Venusaur|26/100
|-damage|p2b: Garchomp|57/100|[from] item: Life Orb
|move|p1b: Basculegion|Last Respects|p2b: Garchomp
|-damage|p2b: Garchomp|0 fnt
|faint|p2b: Garchomp
|move|p1a: Venusaur|Sludge Bomb|p2a: Whimsicott
|-supereffective|p2a: Whimsicott|2
|-damage|p2a: Whimsicott|0 fnt
|faint|p2a: Whimsicott
|
|upkeep
|
|t:|1783985116
|switch|p2b: Charizard|Charizard-Mega-Y, L50, M|34/100 slp
|-weather|SunnyDay|[from] ability: Drought|[of] p2b: Charizard
|turn|7
|
|t:|1783985123
|-curestatus|p2b: Charizard|slp|[msg]
|move|p2b: Charizard|Solar Beam||[still]
|-prepare|p2b: Charizard|Solar Beam
|-anim|p2b: Charizard|Solar Beam|p1b: Basculegion
|-supereffective|p1b: Basculegion|1
|-damage|p1b: Basculegion|0 fnt
|faint|p1b: Basculegion
|move|p1a: Venusaur|Sludge Bomb|p2b: Charizard
|-damage|p2b: Charizard|0 fnt
|faint|p2b: Charizard
|
|win|siamocucinatidoc
