|j|â˜†capacete5
|j|â˜†cantchat_sorry
|html|capacete5cantchat_sorry    
|uhtml|bestof|Game 3 of a best-of-3
|t:|1784398454
|gametype|doubles
|player|p1|capacete5|byron|1147
|player|p2|cantchat_sorry|clair|1149
|gen|9
|tier|[Gen 9 Champions] VGC 2026 Reg M-B (Bo3)
|rated|
|rule|Species Clause: Limit one of each PokÃ©mon
|rule|Item Clause: Limit 1 of each item
|clearpoke
|poke|p1|Grimmsnarl, L50, M|
|poke|p1|Toxapex, L50, M|
|poke|p1|Charizard, L50, M|
|poke|p1|Garchomp, L50, M|
|poke|p1|Metagross, L50|
|poke|p1|Kingambit, L50, F|
|poke|p2|Charizard, L50, F|
|poke|p2|Tyranitar, L50, M|
|poke|p2|Milotic, L50, F|
|poke|p2|Sneasler, L50, F|
|poke|p2|Incineroar, L50, M|
|poke|p2|Sinistcha, L50|
|teampreview|4
|showteam|p1|Grimmsnarl||RoseliBerry|Prankster|PartingShot,Reflect,FoulPlay,FakeOut|Careful||M|||50|]Toxapex||Leftovers|Regenerator|Infestation,Toxic,Recover,BanefulBunker|Bold||M|||50|]Charizard||CharizarditeY|Blaze|HeatWave,SolarBeam,WeatherBall,Protect|Modest||M|||50|]Garchomp||SitrusBerry|RoughSkin|Earthquake,DragonClaw,RockSlide,Protect|Adamant||M|||50|]Metagross||Metagrossite|ClearBody|IronHead,HammerArm,BulletPunch,Protect|Adamant|||||50|]Kingambit||OccaBerry|Defiant|KowtowCleave,IronHead,SuckerPunch,LowKick|Adamant||F|||50|
|showteam|p2|Charizard||CharizarditeX|Blaze|Protect,DragonDance,DragonClaw,FlareBlitz|Adamant||F|||50|]Tyranitar||Tyranitarite|SandStream|Protect,Crunch,RockSlide,HighHorsepower|Adamant||M|||50|]Milotic||Leftovers|Competitive|Protect,IcyWind,Scald,Recover|Calm||F|||50|]Sneasler||WhiteHerb|Unburden|FakeOut,DireClaw,CloseCombat,Coaching|Adamant||F|||50|]Incineroar||SitrusBerry|Intimidate|FakeOut,PartingShot,ThroatChop,FlareBlitz|Adamant||M|||50|]Sinistcha||CobaBerry|Hospitality|MatchaGotcha,RagePowder,LifeDew,TrickRoom|Bold|||||50|
|inactive|Battle timer is ON: inactive players will automatically lose when time's up. (requested by capacete5)
|
|t:|1784398465
|teamsize|p1|4
|teamsize|p2|4
|start
|switch|p1a: Charizard|Charizard, L50, M|100/100
|switch|p1b: Garchomp|Garchomp, L50, M|100/100
|switch|p2a: Milotic|Milotic, L50, F|100/100
|switch|p2b: Sneasler|Sneasler, L50, F|100/100
|turn|1
|
|t:|1784398489
|detailschange|p1a: Charizard|Charizard-Mega-Y, L50, M
|-mega|p1a: Charizard|Charizard|Charizardite Y
|-weather|SunnyDay|[from] ability: Drought|[of] p1a: Charizard
|move|p2b: Sneasler|Fake Out|p1b: Garchomp
|-crit|p1b: Garchomp
|-damage|p1b: Garchomp|76/100
|-damage|p2b: Sneasler|87/100|[from] ability: Rough Skin|[of] p1b: Garchomp
|cant|p1b: Garchomp|flinch
|move|p1a: Charizard|Solar Beam||[still]
|-prepare|p1a: Charizard|Solar Beam
|-anim|p1a: Charizard|Solar Beam|p2a: Milotic
|-supereffective|p2a: Milotic|1
|-damage|p2a: Milotic|33/100
|move|p2a: Milotic|Icy Wind|p1b: Garchomp|[spread] p1a,p1b
|-supereffective|p1b: Garchomp|2
|-damage|p1a: Charizard|91/100
|-damage|p1b: Garchomp|40/100
|-unboost|p1a: Charizard|spe|1
|-unboost|p1b: Garchomp|spe|1
|-enditem|p1b: Garchomp|Sitrus Berry|[eat]
|-heal|p1b: Garchomp|65/100|[from] item: Sitrus Berry
|
|-weather|SunnyDay|[upkeep]
|-heal|p2a: Milotic|39/100|[from] item: Leftovers
|upkeep
|turn|2
|inactive|capacete5 has 30 seconds left.
|inactive|cantchat_sorry has 30 seconds left.
|inactive|cantchat_sorry has 20 seconds left.
|inactive|cantchat_sorry has 15 seconds left.
|inactive|cantchat_sorry has 10 seconds left.
|inactive|cantchat_sorry has 5 seconds left.
|
|t:|1784398540
|move|p2a: Milotic|Protect|p2a: Milotic
|-singleturn|p2a: Milotic|Protect
|move|p2b: Sneasler|Close Combat|p1b: Garchomp
|-damage|p1b: Garchomp|4/100
|-unboost|p2b: Sneasler|def|1
|-unboost|p2b: Sneasler|spd|1
|-damage|p2b: Sneasler|75/100|[from] ability: Rough Skin|[of] p1b: Garchomp
|-enditem|p2b: Sneasler|White Herb
|-clearnegativeboost|p2b: Sneasler|[silent]
|move|p1b: Garchomp|Earthquake|p2a: Milotic|[spread] p2b
|-activate|p2a: Milotic|move: Protect
|-immune|p1a: Charizard
|-supereffective|p2b: Sneasler|1
|-damage|p2b: Sneasler|0 fnt
|faint|p2b: Sneasler
|move|p1a: Charizard|Solar Beam||[still]
|-prepare|p1a: Charizard|Solar Beam
|-anim|p1a: Charizard|Solar Beam|p2a: Milotic
|-activate|p2a: Milotic|move: Protect
|
|-weather|SunnyDay|[upkeep]
|-heal|p2a: Milotic|45/100|[from] item: Leftovers
|upkeep
|
|t:|1784398552
|switch|p2b: Sinistcha|Sinistcha, L50|100/100
|-heal|p2a: Milotic|70/100|[from] ability: Hospitality|[of] p2b: Sinistcha
|turn|3
|
|t:|1784398566
|switch|p1b: Toxapex|Toxapex, L50, M|100/100
|switch|p2b: Tyranitar|Tyranitar, L50, M|100/100
|-weather|Sandstorm|[from] ability: Sand Stream|[of] p2b: Tyranitar
|switch|p1a: Grimmsnarl|Grimmsnarl, L50, M|100/100
|move|p2a: Milotic|Icy Wind|p1a: Grimmsnarl|[spread] p1a,p1b
|-resisted|p1b: Toxapex|1
|-damage|p1a: Grimmsnarl|90/100
|-damage|p1b: Toxapex|96/100
|-unboost|p1a: Grimmsnarl|spe|1
|-unboost|p1b: Toxapex|spe|1
|
|-weather|Sandstorm|[upkeep]
|-damage|p2a: Milotic|64/100|[from] Sandstorm
|-damage|p1a: Grimmsnarl|84/100|[from] Sandstorm
|-damage|p1b: Toxapex|91/100|[from] Sandstorm
|-heal|p2a: Milotic|70/100|[from] item: Leftovers
|-heal|p1b: Toxapex|96/100|[from] item: Leftovers
|upkeep
|turn|4
|
|t:|1784398590
|switch|p2b: Sinistcha|Sinistcha, L50|100/100
|-heal|p2a: Milotic|94/100|[from] ability: Hospitality|[of] p2b: Sinistcha
|move|p2a: Milotic|Protect|p2a: Milotic
|-singleturn|p2a: Milotic|Protect
|move|p1a: Grimmsnarl|Fake Out|p2b: Sinistcha
|-immune|p2b: Sinistcha
|move|p1b: Toxapex|Toxic|p2a: Milotic
|-activate|p2a: Milotic|move: Protect
|
|-weather|Sandstorm|[upkeep]
|-damage|p2a: Milotic|88/100|[from] Sandstorm
|-damage|p2b: Sinistcha|93/100|[from] Sandstorm
|-damage|p1a: Grimmsnarl|78/100|[from] Sandstorm
|-damage|p1b: Toxapex|91/100|[from] Sandstorm
|-heal|p2a: Milotic|94/100|[from] item: Leftovers
|-heal|p1b: Toxapex|96/100|[from] item: Leftovers
|upkeep
|turn|5
|inactive|capacete5 has 30 seconds left.
|
|t:|1784398616
|switch|p2b: Tyranitar|Tyranitar, L50, M|100/100
|move|p1a: Grimmsnarl|Parting Shot|p2b: Tyranitar
|-hint|Since gen 7, Dark is immune to Prankster moves.
|-immune|p2b: Tyranitar
|move|p2a: Milotic|Scald|p1b: Toxapex
|-resisted|p1b: Toxapex|1
|-damage|p1b: Toxapex|87/100
|-status|p1b: Toxapex|brn
|move|p1b: Toxapex|Toxic|p2a: Milotic
|-status|p2a: Milotic|tox
|
|-weather|Sandstorm|[upkeep]
|-damage|p2a: Milotic|88/100 tox|[from] Sandstorm
|-damage|p1a: Grimmsnarl|73/100|[from] Sandstorm
|-damage|p1b: Toxapex|81/100 brn|[from] Sandstorm
|-heal|p2a: Milotic|94/100 tox|[from] item: Leftovers
|-heal|p1b: Toxapex|87/100 brn|[from] item: Leftovers
|-damage|p2a: Milotic|88/100 tox|[from] psn
|-damage|p1b: Toxapex|81/100 brn|[from] brn
|upkeep
|turn|6
|c|â˜†cantchat_sorry|they need to remove that Toxapex asap
|c|â˜†cantchat_sorry|it's too good lol
|inactive|capacete5 has 30 seconds left.
|
|t:|1784398642
|move|p1a: Grimmsnarl|Parting Shot|p2b: Tyranitar
|-hint|Since gen 7, Dark is immune to Prankster moves.
|-immune|p2b: Tyranitar
|move|p2a: Milotic|Scald|p1a: Grimmsnarl
|-damage|p1a: Grimmsnarl|45/100
|-status|p1a: Grimmsnarl|brn
|move|p2b: Tyranitar|Rock Slide|p1b: Toxapex|[spread] p1a,p1b
|-damage|p1a: Grimmsnarl|12/100 brn
|-damage|p1b: Toxapex|60/100 brn
|cant|p1b: Toxapex|flinch
|
|-weather|Sandstorm|[upkeep]
|-damage|p2a: Milotic|82/100 tox|[from] Sandstorm
|-damage|p1a: Grimmsnarl|6/100 brn|[from] Sandstorm
|-damage|p1b: Toxapex|54/100 brn|[from] Sandstorm
|-heal|p2a: Milotic|88/100 tox|[from] item: Leftovers
|-heal|p1b: Toxapex|60/100 brn|[from] item: Leftovers
|-damage|p2a: Milotic|76/100 tox|[from] psn
|-damage|p1a: Grimmsnarl|1/100 brn|[from] brn
|-damage|p1b: Toxapex|54/100 brn|[from] brn
|upkeep
|turn|7
|inactive|capacete5 has 30 seconds left.
|inactive|cantchat_sorry has 30 seconds left.
|
|t:|1784398670
|move|p1a: Grimmsnarl|Parting Shot|p2a: Milotic
|-unboost|p2a: Milotic|atk|1
|-ability|p2a: Milotic|Competitive|boost
|-boost|p2a: Milotic|spa|2
|-unboost|p2a: Milotic|spa|1
|-ability|p2a: Milotic|Competitive|boost
|-boost|p2a: Milotic|spa|2
|
|t:|1784398683
|switch|p1a: Garchomp|Garchomp, L50, M|4/100|[from] Parting Shot
|move|p2a: Milotic|Scald|p1b: Toxapex
|-resisted|p1b: Toxapex|1
|-damage|p1b: Toxapex|27/100 brn
|move|p2b: Tyranitar|High Horsepower|p1b: Toxapex
|-supereffective|p1b: Toxapex|1
|-damage|p1b: Toxapex|0 fnt
|faint|p1b: Toxapex
|
|-weather|none
|-heal|p2a: Milotic|82/100 tox|[from] item: Leftovers
|-damage|p2a: Milotic|64/100 tox|[from] psn
|upkeep
|
|t:|1784398697
|switch|p1b: Charizard|Charizard-Mega-Y, L50, M|91/100
|-weather|SunnyDay|[from] ability: Drought|[of] p1b: Charizard
|turn|8
|
|t:|1784398709
|detailschange|p2b: Tyranitar|Tyranitar-Mega, L50, M
|-mega|p2b: Tyranitar|Tyranitar|Tyranitarite
|-weather|Sandstorm|[from] ability: Sand Stream|[of] p2b: Tyranitar
|move|p2b: Tyranitar|Protect|p2b: Tyranitar
|-singleturn|p2b: Tyranitar|Protect
|move|p1a: Garchomp|Earthquake|p2a: Milotic|[spread] p2a
|-activate|p2b: Tyranitar|move: Protect
|-immune|p1b: Charizard
|-damage|p2a: Milotic|30/100 tox
|move|p1b: Charizard|Heat Wave|p2a: Milotic|[spread] p2a
|-activate|p2b: Tyranitar|move: Protect
|-resisted|p2a: Milotic|1
|-damage|p2a: Milotic|15/100 tox
|move|p2a: Milotic|Icy Wind|p1b: Charizard|[spread] p1a,p1b
|-supereffective|p1a: Garchomp|2
|-damage|p1a: Garchomp|0 fnt
|-damage|p1b: Charizard|70/100
|-unboost|p1b: Charizard|spe|1
|faint|p1a: Garchomp
|
|-weather|Sandstorm|[upkeep]
|-damage|p2a: Milotic|9/100 tox|[from] Sandstorm
|-damage|p1b: Charizard|64/100|[from] Sandstorm
|-heal|p2a: Milotic|15/100 tox|[from] item: Leftovers
|-damage|p2a: Milotic|0 fnt|[from] psn
|faint|p2a: Milotic
|upkeep
|inactive|capacete5 has 30 seconds left.
|
|t:|1784398736
|switch|p1a: Grimmsnarl|Grimmsnarl, L50, M|1/100 brn
|switch|p2a: Sinistcha|Sinistcha, L50|93/100
|turn|9
|
|t:|1784398748
|move|p1a: Grimmsnarl|Fake Out|p2b: Tyranitar
|-resisted|p2b: Tyranitar|1
|-damage|p2b: Tyranitar|98/100
|cant|p2b: Tyranitar|flinch
|move|p2a: Sinistcha|Matcha Gotcha|p1b: Charizard|[spread] p1a,p1b
|-resisted|p1b: Charizard|2
|-damage|p1a: Grimmsnarl|0 fnt
|-heal|p2a: Sinistcha|94/100|[from] drain|[of] p1a: Grimmsnarl
|-damage|p1b: Charizard|59/100
|-heal|p2a: Sinistcha|97/100|[from] drain|[of] p1b: Charizard
|faint|p1a: Grimmsnarl
|move|p1b: Charizard|Heat Wave|p2b: Tyranitar|[spread] p2a,p2b
|-supereffective|p2a: Sinistcha|1
|-resisted|p2b: Tyranitar|1
|-damage|p2a: Sinistcha|15/100
|-damage|p2b: Tyranitar|86/100
|
|-weather|Sandstorm|[upkeep]
|-damage|p2a: Sinistcha|9/100|[from] Sandstorm
|-damage|p1b: Charizard|52/100|[from] Sandstorm
|upkeep
|turn|10
|
|t:|1784398769
|move|p2b: Tyranitar|Crunch|p1b: Charizard
|-damage|p1b: Charizard|4/100
|move|p2a: Sinistcha|Life Dew|p2a: Sinistcha|[spread] p2a,p2b
|-heal|p2a: Sinistcha|34/100
|-heal|p2b: Tyranitar|100/100
|move|p1b: Charizard|Heat Wave|p2a: Sinistcha|[spread] p2a,p2b
|-supereffective|p2a: Sinistcha|1
|-resisted|p2b: Tyranitar|1
|-damage|p2a: Sinistcha|0 fnt
|-damage|p2b: Tyranitar|88/100
|faint|p2a: Sinistcha
|
|-weather|Sandstorm|[upkeep]
|-damage|p1b: Charizard|0 fnt|[from] Sandstorm
|faint|p1b: Charizard
|
|win|cantchat_sorry
|raw|capacete5's rating: 1147 → 1122(-25 for losing)
|raw|cantchat_sorry's rating: 1149 → 1174(+25 for winning)
