|j|☆israelkuro
|j|☆jeanryupr
|html|israelkurojeanryupr    
|uhtml|bestof|Game 2 of a best-of-3
|t:|1785727078
|gametype|doubles
|player|p1|israelkuro|102|1188
|player|p2|jeanryupr|170|1169
|gen|9
|tier|[Gen 9 Champions] VGC 2026 Reg M-B (Bo3)
|rated|
|rule|Species Clause: Limit one of each Pokémon
|rule|Item Clause: Limit 1 of each item
|clearpoke
|poke|p1|Staraptor, L50, F|
|poke|p1|Raichu, L50, M|
|poke|p1|Sylveon, L50, M|
|poke|p1|Farigiraf, L50, M|
|poke|p1|Arcanine-Hisui, L50, F|
|poke|p1|Kingambit, L50, M|
|poke|p2|Raichu, L50, F|
|poke|p2|Aerodactyl, L50, M|
|poke|p2|Sylveon, L50, F|
|poke|p2|Basculegion, L50, M|
|poke|p2|Farigiraf, L50, M|
|poke|p2|Garchomp, L50, M|
|teampreview|4
|showteam|p1|Staraptor||Staraptite|Intimidate|Protect,Tailwind,CloseCombat,DualWingbeat|Jolly||F|||50|]Raichu||RaichuniteY|LightningRod|Protect,ZapCannon,FocusBlast,FakeOut|Timid||M|||50|]Sylveon||FairyFeather|Pixilate|Detect,HyperBeam,HyperVoice,QuickAttack|Modest||M|||50|]Farigiraf||SitrusBerry|ArmorTail|TrickRoom,HelpingHand,Psychic,Thunderbolt|Relaxed||M|||50|]Arcanine-Hisui||FocusSash|RockHead|Protect,HeadSmash,ExtremeSpeed,FlareBlitz|Jolly||F|||50|]Kingambit||LifeOrb|Defiant|Protect,SuckerPunch,SwordsDance,KowtowCleave|Adamant||M|||50|
|showteam|p2|Raichu||RaichuniteY|Static|FocusBlast,ZapCannon,FakeOut,Protect|Timid||F|||50|]Aerodactyl||Aerodactylite|Unnerve|WideGuard,IceFang,RockSlide,Tailwind|Jolly||M|||50|]Sylveon||FairyFeather|Pixilate|Detect,QuickAttack,HyperBeam,HyperVoice|Modest||F|||50|]Basculegion||FocusSash|Adaptability|LastRespects,AquaJet,WaveCrash,Protect|Adamant||M|||50|]Farigiraf||SitrusBerry|ArmorTail|TrickRoom,HelpingHand,Thunderbolt,Psychic|Bold||M|||50|]Garchomp|||RoughSkin|Protect,DragonClaw,StompingTantrum,Earthquake|Jolly||M|||50|
|inactive|Battle timer is ON: inactive players will automatically lose when time's up. (requested by israelkuro)
|inactive|israelkuro has 60 seconds left.
|inactive|jeanryupr has 60 seconds left.
|inactive|israelkuro has 30 seconds left.
|
|t:|1785727141
|teamsize|p1|4
|teamsize|p2|4
|start
|switch|p1a: Arcanine|Arcanine-Hisui, L50, F|100/100
|switch|p1b: Raichu|Raichu, L50, M|100/100
|switch|p2a: Raichu|Raichu, L50, F|100/100
|switch|p2b: Sylveon|Sylveon, L50, F|100/100
|turn|1
|
|t:|1785727162
|switch|p1b: Farigiraf|Farigiraf, L50, M|100/100
|switch|p2a: Farigiraf|Farigiraf, L50, M|100/100
|move|p1a: Arcanine|Flare Blitz|p2a: Farigiraf
|-damage|p2a: Farigiraf|59/100
|-status|p2a: Farigiraf|brn
|move|p2b: Sylveon|Hyper Voice|p1a: Arcanine|[spread] p1a,p1b
|-resisted|p1a: Arcanine|1
|-damage|p1a: Arcanine|68/100
|-damage|p1b: Farigiraf|53/100
|
|-damage|p2a: Farigiraf|52/100 brn|[from] brn
|upkeep
|turn|2
|
|t:|1785727182
|move|p2a: Farigiraf|Helping Hand|p2b: Sylveon
|-singleturn|p2b: Sylveon|Helping Hand|[of] p2a: Farigiraf
|move|p1b: Farigiraf|Helping Hand|p1a: Arcanine
|-singleturn|p1a: Arcanine|Helping Hand|[of] p1b: Farigiraf
|move|p1a: Arcanine|Head Smash|p2b: Sylveon
|-damage|p2b: Sylveon|0 fnt
|faint|p2b: Sylveon
|
|-damage|p2a: Farigiraf|46/100 brn|[from] brn
|upkeep
|-enditem|p2a: Farigiraf|Sitrus Berry|[eat]
|-heal|p2a: Farigiraf|71/100 brn|[from] item: Sitrus Berry
|
|t:|1785727193
|switch|p2b: Raichu|Raichu, L50, F|100/100
|turn|3
|inactive|jeanryupr has 30 seconds left.
|
|t:|1785727224
|detailschange|p2b: Raichu|Raichu-Mega-Y, L50, F
|-mega|p2b: Raichu|Raichu|Raichunite Y
|move|p1a: Arcanine|Protect|p1a: Arcanine
|-singleturn|p1a: Arcanine|Protect
|move|p2b: Raichu|Focus Blast|p1a: Arcanine
|-activate|p1a: Arcanine|move: Protect
|move|p2a: Farigiraf|Psychic|p1b: Farigiraf
|-resisted|p1b: Farigiraf|1
|-damage|p1b: Farigiraf|37/100
|-enditem|p1b: Farigiraf|Sitrus Berry|[eat]
|-heal|p1b: Farigiraf|62/100|[from] item: Sitrus Berry
|move|p1b: Farigiraf|Trick Room|p1b: Farigiraf
|-fieldstart|move: Trick Room|[of] p1b: Farigiraf
|
|-damage|p2a: Farigiraf|65/100 brn|[from] brn
|upkeep
|turn|4
|
|t:|1785727242
|switch|p2b: Basculegion|Basculegion, L50, M|100/100
|move|p1b: Farigiraf|Helping Hand|p1a: Arcanine
|-singleturn|p1a: Arcanine|Helping Hand|[of] p1b: Farigiraf
|move|p1a: Arcanine|Head Smash|p2a: Farigiraf
|-damage|p2a: Farigiraf|0 fnt
|faint|p2a: Farigiraf
|
|upkeep
|
|t:|1785727250
|switch|p2a: Raichu|Raichu-Mega-Y, L50, F|100/100
|turn|5
|inactive|jeanryupr has 30 seconds left.
|
|t:|1785727280
|move|p1a: Arcanine|Extreme Speed|p2a: Raichu
|-damage|p2a: Raichu|53/100
|move|p1b: Farigiraf|Thunderbolt|p2b: Basculegion
|-supereffective|p2b: Basculegion|1
|-damage|p2b: Basculegion|45/100
|move|p2b: Basculegion|Wave Crash|p1a: Arcanine
|-supereffective|p1a: Arcanine|2
|-damage|p1a: Arcanine|0 fnt
|faint|p1a: Arcanine
|-damage|p2b: Basculegion|25/100|[from] Recoil
|move|p2a: Raichu|Focus Blast|p1b: Farigiraf
|-damage|p1b: Farigiraf|18/100
|
|upkeep
|
|t:|1785727292
|switch|p1a: Staraptor|Staraptor, L50, F|100/100
|-ability|p1a: Staraptor|Intimidate|boost
|-unboost|p2a: Raichu|atk|1
|-unboost|p2b: Basculegion|atk|1
|turn|6
|
|t:|1785727303
|switch|p1a: Raichu|Raichu, L50, M|100/100
|move|p2a: Raichu|Protect|p2a: Raichu
|-singleturn|p2a: Raichu|Protect
|move|p1b: Farigiraf|Thunderbolt|p1a: Raichu
|-activate|p1a: Raichu|ability: Lightning Rod
|-ability|p1a: Raichu|Lightning Rod|boost
|-boost|p1a: Raichu|spa|1
|move|p2b: Basculegion|Last Respects|p1a: Raichu
|-damage|p1a: Raichu|0 fnt
|faint|p1a: Raichu
|
|upkeep
|
|t:|1785727314
|switch|p1a: Staraptor|Staraptor, L50, F|100/100
|-ability|p1a: Staraptor|Intimidate|boost
|-unboost|p2a: Raichu|atk|1
|-unboost|p2b: Basculegion|atk|1
|turn|7
|
|t:|1785727332
|detailschange|p1a: Staraptor|Staraptor-Mega, L50, F
|-mega|p1a: Staraptor|Staraptor|Staraptite
|move|p1b: Farigiraf|Thunderbolt|p2b: Basculegion
|-supereffective|p2b: Basculegion|1
|-damage|p2b: Basculegion|0 fnt
|faint|p2b: Basculegion
|move|p1a: Staraptor|Close Combat|p2a: Raichu
|-damage|p2a: Raichu|0 fnt
|-boost|p1a: Staraptor|def|1
|-boost|p1a: Staraptor|spd|1
|faint|p2a: Raichu
|
|win|israelkuro
