|j|‽bretmeister13
|j|☆KodeBeast0526
|html|bretmeister13KodeBeast0526    
|uhtml|bestof|Game 2 of a best-of-3
|t:|1785608983
|gametype|doubles
|player|p1|bretmeister13|101|1165
|player|p2|KodeBeast0526|hiker|1291
|gen|9
|tier|[Gen 9 Champions] VGC 2026 Reg M-B (Bo3)
|rated|
|rule|Species Clause: Limit one of each Pokémon
|rule|Item Clause: Limit 1 of each item
|clearpoke
|poke|p1|Malamar, L50, M|
|poke|p1|Whimsicott, L50, M|
|poke|p1|Ceruledge, L50, F|
|poke|p1|Basculegion, L50, M|
|poke|p1|Vileplume, L50, F|
|poke|p1|Mawile, L50, F|
|poke|p2|Basculegion, L50, M|
|poke|p2|Garchomp, L50, F|
|poke|p2|Scizor, L50, F|
|poke|p2|Tyranitar, L50, F|
|poke|p2|Sneasler, L50, F|
|poke|p2|Corviknight, L50, F|
|teampreview|4
|showteam|p1|Malamar||Malamarite|Contrary|KnockOff,Superpower,Protect,TrickRoom|Adamant||M|||50|]Whimsicott||FocusSash|Prankster|Tailwind,Moonblast,FakeTears,Charm|Modest||M|||50|]Ceruledge||Leftovers|FlashFire|BulkUp,BitterBlade,ShadowSneak,Protect|Adamant||F|||50|]Basculegion||ChoiceScarf|SwiftSwim|LastRespects,WaveCrash,FlipTurn,AquaJet|Adamant||M|||50|]Vileplume||WideLens|Chlorophyll|LeafStorm,Protect,SleepPowder,SludgeBomb|Calm||F|||50|]Mawile||Mawilite|SheerForce|KnockOff,PlayRough,RockSlide,Protect|Adamant||F|||50|
|showteam|p2|Basculegion||SitrusBerry|Adaptability|WaveCrash,LastRespects,AquaJet,Protect|Jolly||M|||50|]Garchomp||Garchompite|RoughSkin|EarthPower,DracoMeteor,PowerGem,Protect|Modest||F|||50|]Scizor||LifeOrb|Technician|BulletPunch,BugBite,SwordsDance,Protect|Adamant||F|||50|]Tyranitar||ChoiceScarf|SandStream|RockSlide,KnockOff,IcePunch,Superpower|Jolly||F|||50|]Sneasler||FocusSash|PoisonTouch|PoisonJab,CloseCombat,FakeOut,Protect|Jolly||F|||50|]Corviknight||Leftovers|MirrorArmor|IronHead,BraveBird,Tailwind,Protect|Impish||F|||50|
|inactive|Battle timer is ON: inactive players will automatically lose when time's up. (requested by bretmeister13)
|
|t:|1785609000
|teamsize|p1|4
|teamsize|p2|4
|start
|switch|p1a: Malamar|Malamar, L50, M|100/100
|switch|p1b: Whimsicott|Whimsicott, L50, M|100/100
|switch|p2a: Garchomp|Garchomp, L50, F|100/100
|switch|p2b: Scizor|Scizor, L50, F|100/100
|turn|1
|
|t:|1785609009
|detailschange|p2a: Garchomp|Garchomp-Mega, L50, F
|-mega|p2a: Garchomp|Garchomp|Garchompite
|move|p1b: Whimsicott|Charm|p2b: Scizor
|-unboost|p2b: Scizor|atk|2
|move|p2b: Scizor|Bullet Punch|p1b: Whimsicott
|-supereffective|p1b: Whimsicott|1
|-damage|p1b: Whimsicott|35/100
|-damage|p2b: Scizor|90/100|[from] item: Life Orb
|move|p2a: Garchomp|Power Gem|p1b: Whimsicott
|-damage|p1b: Whimsicott|0 fnt
|faint|p1b: Whimsicott
|move|p1a: Malamar|Trick Room|p1a: Malamar
|-fieldstart|move: Trick Room|[of] p1a: Malamar
|
|upkeep
|
|t:|1785609021
|switch|p1b: Vileplume|Vileplume, L50, F|100/100
|turn|2
|
|t:|1785609030
|switch|p2b: Tyranitar|Tyranitar, L50, F|100/100
|-weather|Sandstorm|[from] ability: Sand Stream|[of] p2b: Tyranitar
|detailschange|p1a: Malamar|Malamar-Mega, L50, M
|-mega|p1a: Malamar|Malamar|Malamarite
|move|p1b: Vileplume|Sleep Powder|p2b: Tyranitar|[miss]
|-miss|p1b: Vileplume|p2b: Tyranitar
|move|p1a: Malamar|Superpower|p2a: Garchomp
|-damage|p2a: Garchomp|69/100
|-boost|p1a: Malamar|atk|1
|-boost|p1a: Malamar|def|1
|move|p2a: Garchomp|Draco Meteor|p1a: Malamar
|-damage|p1a: Malamar|44/100
|-unboost|p2a: Garchomp|spa|2
|
|-weather|Sandstorm|[upkeep]
|-damage|p1b: Vileplume|94/100|[from] Sandstorm
|-damage|p1a: Malamar|38/100|[from] Sandstorm
|upkeep
|turn|3
|
|t:|1785609053
|switch|p2a: Scizor|Scizor, L50, F|90/100
|switch|p2b: Basculegion|Basculegion, L50, M|100/100
|move|p1b: Vileplume|Sleep Powder|p2a: Scizor|[miss]
|-miss|p1b: Vileplume|p2a: Scizor
|move|p1a: Malamar|Superpower|p2b: Basculegion
|-immune|p2b: Basculegion
|
|-weather|Sandstorm|[upkeep]
|-damage|p1b: Vileplume|88/100|[from] Sandstorm
|-damage|p1a: Malamar|32/100|[from] Sandstorm
|-damage|p2b: Basculegion|93/100|[from] Sandstorm
|upkeep
|turn|4
|
|t:|1785609061
|switch|p2b: Garchomp|Garchomp-Mega, L50, F|69/100
|move|p1b: Vileplume|Sleep Powder|p2a: Scizor
|-status|p2a: Scizor|slp|[from] move: Sleep Powder
|cant|p2a: Scizor|slp
|move|p1a: Malamar|Knock Off|p2b: Garchomp
|-damage|p2b: Garchomp|33/100
|
|-weather|Sandstorm|[upkeep]
|-damage|p1b: Vileplume|82/100|[from] Sandstorm
|-damage|p1a: Malamar|26/100|[from] Sandstorm
|upkeep
|turn|5
|
|t:|1785609082
|move|p2b: Garchomp|Protect|p2b: Garchomp
|-singleturn|p2b: Garchomp|Protect
|cant|p2a: Scizor|slp
|move|p1b: Vileplume|Leaf Storm|p2b: Garchomp
|-activate|p2b: Garchomp|move: Protect
|move|p1a: Malamar|Superpower|p2a: Scizor
|-damage|p2a: Scizor|37/100 slp
|-boost|p1a: Malamar|atk|1
|-boost|p1a: Malamar|def|1
|
|-weather|Sandstorm|[upkeep]
|-damage|p1b: Vileplume|76/100|[from] Sandstorm
|-damage|p1a: Malamar|20/100y|[from] Sandstorm
|-fieldend|move: Trick Room
|upkeep
|turn|6
|
|t:|1785609096
|move|p1a: Malamar|Protect|p1a: Malamar
|-singleturn|p1a: Malamar|Protect
|move|p2b: Garchomp|Draco Meteor|p1b: Vileplume
|-damage|p1b: Vileplume|15/100
|-unboost|p2b: Garchomp|spa|2
|-curestatus|p2a: Scizor|slp|[msg]
|move|p2a: Scizor|Bug Bite|p1a: Malamar
|-activate|p1a: Malamar|move: Protect
|move|p1b: Vileplume|Leaf Storm|p2b: Garchomp
|-damage|p2b: Garchomp|0 fnt
|-unboost|p1b: Vileplume|spa|2
|faint|p2b: Garchomp
|
|-weather|none
|upkeep
|
|t:|1785609106
|switch|p2b: Tyranitar|Tyranitar, L50, F|100/100
|-weather|Sandstorm|[from] ability: Sand Stream|[of] p2b: Tyranitar
|turn|7
|
|t:|1785609114
|move|p2b: Tyranitar|Rock Slide|p1a: Malamar|[spread] p1a,p1b
|-damage|p1a: Malamar|3/100
|-damage|p1b: Vileplume|0 fnt
|faint|p1b: Vileplume
|move|p1a: Malamar|Superpower|p2b: Tyranitar
|-supereffective|p2b: Tyranitar|2
|-damage|p2b: Tyranitar|0 fnt
|-boost|p1a: Malamar|atk|1
|-boost|p1a: Malamar|def|1
|faint|p2b: Tyranitar
|move|p2a: Scizor|Bug Bite|p1a: Malamar
|-supereffective|p1a: Malamar|2
|-damage|p1a: Malamar|0 fnt
|faint|p1a: Malamar
|-damage|p2a: Scizor|28/100|[from] item: Life Orb
|
|-weather|Sandstorm|[upkeep]
|upkeep
|
|t:|1785609132
|switch|p2b: Basculegion|Basculegion, L50, M|93/100
|switch|p1b: Basculegion|Basculegion, L50, M|100/100
|turn|8
|
|t:|1785609146
|move|p1b: Basculegion|Last Respects|p2b: Basculegion
|-supereffective|p2b: Basculegion|1
|-damage|p2b: Basculegion|0 fnt
|faint|p2b: Basculegion
|move|p2a: Scizor|Swords Dance|p2a: Scizor
|-boost|p2a: Scizor|atk|2
|
|-weather|Sandstorm|[upkeep]
|-damage|p1b: Basculegion|93/100|[from] Sandstorm
|upkeep
|turn|9
|
|t:|1785609152
|move|p2a: Scizor|Bullet Punch|p1b: Basculegion
|-resisted|p1b: Basculegion|1
|-damage|p1b: Basculegion|36/100
|-damage|p2a: Scizor|18/100|[from] item: Life Orb
|move|p1b: Basculegion|Last Respects|p2a: Scizor
|-damage|p2a: Scizor|0 fnt
|faint|p2a: Scizor
|
|win|bretmeister13
