|j|☆PikaTROD
|j|☆upchicken
|html|PikaTRODupchicken    
|uhtml|bestof|Game 1 of a best-of-3
|t:|1756565169
|gametype|doubles
|player|p1|PikaTROD|265|1344
|player|p2|upchicken|az|1416
|gen|9
|tier|[Gen 9] VGC 2025 Reg H (Bo3)
|rated|
|rule|Species Clause: Limit one of each Pokémon
|rule|Item Clause: Limit 1 of each item
|clearpoke
|poke|p1|Kingambit, L50, M|
|poke|p1|Primarina, L50, M|
|poke|p1|Sneasler, L50, F|
|poke|p1|Magmar, L50, F|
|poke|p1|Rillaboom, L50, F|
|poke|p1|Dragapult, L50, F|
|poke|p2|Grimmsnarl, L50, M|
|poke|p2|Annihilape, L50, F|
|poke|p2|Maushold, L50|
|poke|p2|Pelipper, L50, F|
|poke|p2|Archaludon, L50, F|
|poke|p2|Sinistcha, L50|
|teampreview|4
|showteam|p1|Kingambit||BlackGlasses|Defiant|KowtowCleave,SuckerPunch,SwordsDance,Protect|||M|||50|,,,,,Dark]Primarina||SitrusBerry|LiquidVoice|HyperVoice,Moonblast,Haze,Protect|||M|||50|,,,,,Water]Sneasler||FocusSash|Unburden|CloseCombat,DireClaw,FakeOut,Protect|||F|||50|,,,,,Ghost]Magmar||Eviolite|VitalSpirit|Overheat,WillOWisp,FollowMe,Protect|||F|||50|,,,,,Ghost]Rillaboom||AssaultVest|GrassySurge|WoodHammer,GrassyGlide,HighHorsepower,FakeOut|||F|||50|,,,,,Fire]Dragapult||ChoiceBand|ClearBody|DragonDarts,PhantomForce,Outrage,Uturn|||F|||50|,,,,,Dragon
|showteam|p2|Grimmsnarl||LightClay|Prankster|Reflect,LightScreen,ThunderWave,SpiritBreak|||M|||50|,,,,,Steel]Annihilape||SpellTag|Defiant|BulkUp,Protect,DrainPunch,RageFist|||F|||50|,,,,,Fire]Maushold||SafetyGoggles|FriendGuard|BeatUp,Taunt,FollowMe,Protect||||||50|,,,,,Ghost]Pelipper||LifeOrb|Drizzle|WeatherBall,Hurricane,Tailwind,Protect|||F|||50|,,,,,Stellar]Archaludon||AssaultVest|Stamina|ElectroShot,DragonPulse,Snarl,BodyPress|||F|||50|,,,,,Fighting]Sinistcha||SitrusBerry|Hospitality|LifeDew,RagePowder,TrickRoom,MatchaGotcha||||||50|,,,,,Water
|inactive|Battle timer is ON: inactive players will automatically lose when time's up. (requested by upchicken)
|inactive|PikaTROD has 60 seconds left.
|inactive|PikaTROD has 30 seconds left.
|inactive|PikaTROD has 20 seconds left.
|inactive|PikaTROD has 15 seconds left.
|inactive|PikaTROD has 10 seconds left.
|
|t:|1756565259
|teamsize|p1|4
|teamsize|p2|4
|start
|switch|p1a: Kingambit|Kingambit, L50, M|100/100
|switch|p1b: Sneasler|Sneasler, L50, F|100/100
|switch|p2a: Grimmsnarl|Grimmsnarl, L50, M|100/100
|switch|p2b: Archaludon|Archaludon, L50, F|100/100
|turn|1
|
|t:|1756565282
|switch|p1a: Magmar|Magmar, L50, F|100/100
|-terastallize|p2b: Archaludon|Fighting
|move|p1b: Sneasler|Fake Out|p2a: Grimmsnarl
|-damage|p2a: Grimmsnarl|86/100
|cant|p2a: Grimmsnarl|flinch
|move|p2b: Archaludon|Body Press|p1a: Magmar
|-damage|p1a: Magmar|72/100
|
|upkeep
|turn|2
|
|t:|1756565299
|move|p1b: Sneasler|Protect|p1b: Sneasler
|-singleturn|p1b: Sneasler|Protect
|move|p2a: Grimmsnarl|Reflect|p2a: Grimmsnarl
|-sidestart|p2: upchicken|Reflect
|move|p1a: Magmar|Will-O-Wisp|p2b: Archaludon
|-status|p2b: Archaludon|brn
|move|p2b: Archaludon|Dragon Pulse|p1b: Sneasler
|-activate|p1b: Sneasler|move: Protect
|
|-damage|p2b: Archaludon|94/100 brn|[from] brn
|upkeep
|turn|3
|
|t:|1756565310
|move|p1a: Magmar|Follow Me|p1a: Magmar
|-singleturn|p1a: Magmar|move: Follow Me
|move|p2a: Grimmsnarl|Thunder Wave|p1a: Magmar|[miss]
|-miss|p2a: Grimmsnarl|p1a: Magmar
|move|p1b: Sneasler|Dire Claw|p2a: Grimmsnarl
|-supereffective|p2a: Grimmsnarl
|-damage|p2a: Grimmsnarl|26/100
|-status|p2a: Grimmsnarl|par
|move|p2b: Archaludon|Dragon Pulse|p1a: Magmar
|-damage|p1a: Magmar|42/100
|
|-damage|p2b: Archaludon|88/100 brn|[from] brn
|upkeep
|turn|4
|
|t:|1756565327
|switch|p2a: Pelipper|Pelipper, L50, F|100/100
|-weather|RainDance|[from] ability: Drizzle|[of] p2a: Pelipper
|move|p1a: Magmar|Protect|p1a: Magmar
|-singleturn|p1a: Magmar|Protect
|move|p1b: Sneasler|Dire Claw|p2a: Pelipper
|-damage|p2a: Pelipper|64/100
|-status|p2a: Pelipper|psn
|move|p2b: Archaludon|Electro Shot||[still]
|-prepare|p2b: Archaludon|Electro Shot
|-boost|p2b: Archaludon|spa|1
|-anim|p2b: Archaludon|Electro Shot|p1a: Magmar
|-activate|p1a: Magmar|move: Protect
|
|-weather|RainDance|[upkeep]
|-damage|p2a: Pelipper|51/100 psn|[from] psn
|-damage|p2b: Archaludon|82/100 brn|[from] brn
|upkeep
|turn|5
|inactive|PikaTROD has 30 seconds left.
|
|t:|1756565355
|move|p1a: Magmar|Protect||[still]
|-fail|p1a: Magmar
|move|p1b: Sneasler|Dire Claw|p2a: Pelipper
|-damage|p2a: Pelipper|13/100 psn
|move|p2a: Pelipper|Weather Ball|p1a: Magmar
|-supereffective|p1a: Magmar
|-damage|p1a: Magmar|0 fnt
|faint|p1a: Magmar
|-damage|p2a: Pelipper|3/100 psn|[from] item: Life Orb
|move|p2b: Archaludon|Electro Shot||[still]
|-prepare|p2b: Archaludon|Electro Shot
|-boost|p2b: Archaludon|spa|1
|-anim|p2b: Archaludon|Electro Shot|p1b: Sneasler
|-enditem|p1b: Sneasler|Focus Sash
|-damage|p1b: Sneasler|1/100
|
|-weather|RainDance|[upkeep]
|-damage|p2a: Pelipper|0 fnt|[from] psn
|faint|p2a: Pelipper
|-damage|p2b: Archaludon|76/100 brn|[from] brn
|upkeep
|
|t:|1756565376
|switch|p1a: Dragapult|Dragapult, L50, F|100/100
|switch|p2a: Grimmsnarl|Grimmsnarl, L50, M|26/100 par
|turn|6
|
|t:|1756565387
|switch|p1a: Kingambit|Kingambit, L50, M|100/100
|cant|p2a: Grimmsnarl|par
|move|p1b: Sneasler|Dire Claw|p2a: Grimmsnarl
|-supereffective|p2a: Grimmsnarl
|-damage|p2a: Grimmsnarl|0 fnt
|faint|p2a: Grimmsnarl
|move|p2b: Archaludon|Dragon Pulse|p1a: Kingambit
|-resisted|p1a: Kingambit
|-damage|p1a: Kingambit|62/100
|
|-weather|RainDance|[upkeep]
|-damage|p2b: Archaludon|70/100 brn|[from] brn
|upkeep
|
|t:|1756565393
|switch|p2a: Sinistcha|Sinistcha, L50|100/100
|-heal|p2b: Archaludon|95/100 brn|[from] ability: Hospitality|[of] p2a: Sinistcha
|turn|7
|
|t:|1756565414
|move|p1a: Kingambit|Protect|p1a: Kingambit
|-singleturn|p1a: Kingambit|Protect
|move|p1b: Sneasler|Dire Claw|p2a: Sinistcha
|-damage|p2a: Sinistcha|75/100
|-status|p2a: Sinistcha|psn
|move|p2b: Archaludon|Electro Shot||[still]
|-prepare|p2b: Archaludon|Electro Shot
|-boost|p2b: Archaludon|spa|1
|-anim|p2b: Archaludon|Electro Shot|p1a: Kingambit
|-activate|p1a: Kingambit|move: Protect
|move|p2a: Sinistcha|Matcha Gotcha|p1a: Kingambit|[spread] p1b
|-activate|p1a: Kingambit|move: Protect
|-resisted|p1b: Sneasler
|-damage|p1b: Sneasler|0 fnt
|-heal|p2a: Sinistcha|76/100 psn|[from] drain|[of] p1b: Sneasler
|faint|p1b: Sneasler
|
|-weather|RainDance|[upkeep]
|-damage|p2a: Sinistcha|63/100 psn|[from] psn
|-damage|p2b: Archaludon|89/100 brn|[from] brn
|upkeep
|
|t:|1756565423
|switch|p1b: Dragapult|Dragapult, L50, F|100/100
|turn|8
|
|t:|1756565448
|move|p1b: Dragapult|Phantom Force||[still]
|-prepare|p1b: Dragapult|Phantom Force
|move|p2b: Archaludon|Dragon Pulse|p1b: Dragapult|[miss]
|-miss|p2b: Archaludon|p1b: Dragapult
|move|p2a: Sinistcha|Life Dew|p2a: Sinistcha|[spread] p2a,p2b
|-heal|p2a: Sinistcha|89/100 psn
|-heal|p2b: Archaludon|100/100 brn
|move|p1a: Kingambit|Swords Dance|p1a: Kingambit
|-boost|p1a: Kingambit|atk|2
|
|-weather|none
|-damage|p2a: Sinistcha|76/100 psn|[from] psn
|-damage|p2b: Archaludon|94/100 brn|[from] brn
|upkeep
|turn|9
|inactive|PikaTROD has 30 seconds left.
|inactive|PikaTROD has 20 seconds left.
|
|t:|1756565485
|-terastallize|p1a: Kingambit|Dark
|move|p1b: Dragapult|Phantom Force|p2a: Sinistcha|[from] lockedmove
|-supereffective|p2a: Sinistcha
|-damage|p2a: Sinistcha|0 fnt
|faint|p2a: Sinistcha
|move|p2b: Archaludon|Body Press|p1a: Kingambit
|-supereffective|p1a: Kingambit
|-damage|p1a: Kingambit|36/100
|move|p1a: Kingambit|Swords Dance|p1a: Kingambit
|-boost|p1a: Kingambit|atk|2
|
|-damage|p2b: Archaludon|88/100 brn|[from] brn
|-sideend|p2: upchicken|Reflect
|upkeep
|turn|10
|
|t:|1756565497
|move|p1b: Dragapult|Phantom Force||[still]
|-prepare|p1b: Dragapult|Phantom Force
|move|p2b: Archaludon|Dragon Pulse|p1a: Kingambit
|-damage|p1a: Kingambit|0 fnt
|faint|p1a: Kingambit
|
|-damage|p2b: Archaludon|82/100 brn|[from] brn
|upkeep
|turn|11
|
|t:|1756565501
|move|p1b: Dragapult|Phantom Force|p2b: Archaludon|[from] lockedmove
|-damage|p2b: Archaludon|32/100 brn
|-ability|p2b: Archaludon|Stamina|boost
|-boost|p2b: Archaludon|def|1
|move|p2b: Archaludon|Dragon Pulse|p1b: Dragapult
|-supereffective|p1b: Dragapult
|-damage|p1b: Dragapult|0 fnt
|faint|p1b: Dragapult
|
|win|upchicken
|c|☆PikaTROD|gg
||PikaTROD is ready for game 2.
||upchicken is ready for game 2.
|uhtml|next|Next: Game 2 of 3
