|j|☆Koraidonkoalition
|j|☆zilopochtli
|html|Koraidonkoalitionzilopochtli    
|uhtml|bestof|Game 2 of a best-of-3
|t:|1785081741
|gametype|doubles
|player|p1|Koraidonkoalition|colress|1129
|player|p2|zilopochtli|sage|1076
|gen|9
|tier|[Gen 9 Champions] VGC 2026 Reg M-B (Bo3)
|rated|
|rule|Species Clause: Limit one of each Pokémon
|rule|Item Clause: Limit 1 of each item
|clearpoke
|poke|p1|Tyranitar, L50, F|
|poke|p1|Excadrill, L50, F|
|poke|p1|Milotic, L50, M|
|poke|p1|Sinistcha, L50|
|poke|p1|Staraptor, L50, F|
|poke|p1|Gholdengo, L50|
|poke|p2|Tsareena, L50, F|
|poke|p2|Heliolisk, L50, F|
|poke|p2|Gliscor, L50, F|
|poke|p2|Ninetales-Alola, L50, M|
|poke|p2|Tinkaton, L50, F|
|poke|p2|Delphox, L50, F|
|teampreview|4
|showteam|p1|Tyranitar||Tyranitarite|SandStream|KnockOff,RockSlide,DragonDance,Protect|Jolly||F|||50|]Excadrill||FocusSash|SandRush|Earthquake,IronHead,RockSlide,Protect|Adamant||F|||50|]Milotic||SitrusBerry|Competitive|Scald,IcyWind,Haze,Protect|Calm||M|||50|]Sinistcha||ColburBerry|Hospitality|MatchaGotcha,ShadowBall,Protect,RagePowder|Bold|||||50|]Staraptor||Staraptite|Intimidate|CloseCombat,BraveBird,Tailwind,Protect|Jolly||F|||50|]Gholdengo||LifeOrb|GoodasGold|MakeItRain,ShadowBall,NastyPlot,Protect|Modest|||||50|
|showteam|p2|Tsareena||FocusSash|QueenlyMajesty|TripleAxel,TropKick,KnockOff,Protect|Adamant||F|||50|]Heliolisk||LifeOrb|DrySkin|Thunderbolt,AllySwitch,Protect,DragonPulse|Timid||F|||50|]Gliscor||SitrusBerry|HyperCutter|Tailwind,Earthquake,Acrobatics,Protect|Jolly||F|||50|]Ninetales-Alola||LightClay|SnowWarning|Blizzard,AuroraVeil,IceBeam,Moonblast|Timid||M|||50|]Tinkaton||OccaBerry|MoldBreaker|SkillSwap,GigatonHammer,FakeOut,IceHammer|Jolly||F|||50|]Delphox||Delphoxite|Blaze|HeatWave,Psychic,Protect,NastyPlot|Timid||F|||50|
|
|t:|1785081783
|teamsize|p1|4
|teamsize|p2|4
|start
|switch|p1a: Staraptor|Staraptor, L50, F|100/100
|switch|p1b: Gholdengo|Gholdengo, L50|100/100
|switch|p2a: Tinkaton|Tinkaton, L50, F|100/100
|switch|p2b: Tsareena|Tsareena, L50, F|100/100
|-ability|p1a: Staraptor|Intimidate|boost
|-unboost|p2a: Tinkaton|atk|1
|-unboost|p2b: Tsareena|atk|1
|-ability|p2a: Tinkaton|Mold Breaker
|turn|1
|
|t:|1785081801
|move|p2a: Tinkaton|Fake Out|p1a: Staraptor
|-damage|p1a: Staraptor|91/100
|cant|p1a: Staraptor|flinch
|move|p1b: Gholdengo|Nasty Plot|p1b: Gholdengo
|-boost|p1b: Gholdengo|spa|2
|move|p2b: Tsareena|Triple Axel|p1a: Staraptor
|-supereffective|p1a: Staraptor|1
|-damage|p1a: Staraptor|77/100
|-supereffective|p1a: Staraptor|1
|-damage|p1a: Staraptor|49/100
|-supereffective|p1a: Staraptor|1
|-damage|p1a: Staraptor|14/100
|-hitcount|p1a: Staraptor|3
|
|upkeep
|turn|2
|
|t:|1785081827
|switch|p2a: Ninetales|Ninetales-Alola, L50, M|100/100
|-weather|Snowscape|[from] ability: Snow Warning|[of] p2a: Ninetales
|move|p1a: Staraptor|Tailwind|p1a: Staraptor
|-sidestart|p1: Koraidonkoalition|move: Tailwind
|move|p1b: Gholdengo|Make It Rain|p2b: Tsareena|[spread] p2a,p2b
|-supereffective|p2a: Ninetales|2
|-damage|p2a: Ninetales|0 fnt
|-enditem|p2b: Tsareena|Focus Sash
|-damage|p2b: Tsareena|1/100
|-unboost|p1b: Gholdengo|spa|2
|faint|p2a: Ninetales
|-damage|p1b: Gholdengo|90/100|[from] item: Life Orb
|move|p2b: Tsareena|Knock Off|p1b: Gholdengo
|-supereffective|p1b: Gholdengo|1
|-damage|p1b: Gholdengo|51/100
|-enditem|p1b: Gholdengo|Life Orb|[from] move: Knock Off|[of] p2b: Tsareena
|
|-weather|Snowscape|[upkeep]
|upkeep
|
|t:|1785081846
|switch|p2a: Tinkaton|Tinkaton, L50, F|100/100
|-ability|p2a: Tinkaton|Mold Breaker
|turn|3
|
|t:|1785081859
|move|p1a: Staraptor|Protect|p1a: Staraptor
|-singleturn|p1a: Staraptor|Protect
|move|p2a: Tinkaton|Fake Out|p1a: Staraptor
|-activate|p1a: Staraptor|move: Protect
|move|p1b: Gholdengo|Make It Rain|p2b: Tsareena|[spread] p2a,p2b
|-damage|p2a: Tinkaton|49/100
|-damage|p2b: Tsareena|0 fnt
|-unboost|p1b: Gholdengo|spa|2
|faint|p2b: Tsareena
|
|-weather|Snowscape|[upkeep]
|upkeep
|
|t:|1785081872
|switch|p2b: Heliolisk|Heliolisk, L50, F|100/100
|turn|4
|
|t:|1785081900
|move|p1a: Staraptor|Close Combat|p2b: Heliolisk
|-supereffective|p2b: Heliolisk|1
|-damage|p2b: Heliolisk|0 fnt
|-unboost|p1a: Staraptor|def|1
|-unboost|p1a: Staraptor|spd|1
|faint|p2b: Heliolisk
|move|p1b: Gholdengo|Nasty Plot|p1b: Gholdengo
|-boost|p1b: Gholdengo|spa|2
|move|p2a: Tinkaton|Gigaton Hammer|p1b: Gholdengo
|-resisted|p1b: Gholdengo|1
|-damage|p1b: Gholdengo|27/100
|
|-weather|Snowscape|[upkeep]
|upkeep
|turn|5
|
|t:|1785081918
|move|p1a: Staraptor|Close Combat|p2a: Tinkaton
|-damage|p2a: Tinkaton|6/100
|-unboost|p1a: Staraptor|def|1
|-unboost|p1a: Staraptor|spd|1
|move|p1b: Gholdengo|Make It Rain|p2a: Tinkaton
|-damage|p2a: Tinkaton|0 fnt
|-unboost|p1b: Gholdengo|spa|2
|faint|p2a: Tinkaton
|
|win|Koraidonkoalition
|raw|Koraidonkoalition's rating: 1129 → 1150(+21 for winning)
|raw|zilopochtli's rating: 1076 → 1058(-18 for losing)
