|j|☆Prepucio Santos
|j|☆OssiGT
|html|Prepucio SantosOssiGT    
|uhtml|bestof|Game 1 of a best-of-3
|t:|1784649963
|gametype|doubles
|player|p1|Prepucio Santos|striker|1325
|player|p2|OssiGT|hilbert-wonderlauncher|1351
|gen|9
|tier|[Gen 9 Champions] VGC 2026 Reg M-B (Bo3)
|rated|
|rule|Species Clause: Limit one of each Pokémon
|rule|Item Clause: Limit 1 of each item
|clearpoke
|poke|p1|Tyranitar, L50, M|
|poke|p1|Excadrill, L50, F|
|poke|p1|Gholdengo, L50|
|poke|p1|Sinistcha, L50|
|poke|p1|Staraptor, L50, F|
|poke|p1|Milotic, L50, F|
|poke|p2|Raichu, L50, M|
|poke|p2|Mawile, L50, F|
|poke|p2|Sinistcha, L50|
|poke|p2|Ceruledge, L50, F|
|poke|p2|Milotic, L50, M|
|poke|p2|Incineroar, L50, M|
|teampreview|4
|showteam|p1|Tyranitar||Tyranitarite|SandStream|RockSlide,KnockOff,LowKick,Protect|Adamant||M|||50|]Excadrill||FocusSash|SandRush|IronHead,HighHorsepower,RockSlide,Protect|Adamant||F|||50|]Gholdengo||LifeOrb|GoodasGold|ShadowBall,MakeItRain,NastyPlot,Protect|Modest|||||50|]Sinistcha||ColburBerry|Hospitality|MatchaGotcha,RagePowder,TrickRoom,Protect|Bold|||||50|]Staraptor||Staraptite|Intimidate|BraveBird,CloseCombat,Tailwind,Protect|Jolly||F|||50|]Milotic||Leftovers|Competitive|MuddyWater,Hypnosis,Coil,Recover|Calm||F|||50|
|showteam|p2|Raichu||RaichuniteY|LightningRod|ZapCannon,FocusBlast,FakeOut,Protect|Timid||M|||50|]Mawile||Mawilite|HyperCutter|PlayRough,SuckerPunch,SwordsDance,Protect|Adamant||F|||50|]Sinistcha||KasibBerry|Hospitality|MatchaGotcha,LifeDew,RagePowder,Protect|Relaxed|||||50|]Ceruledge||ColburBerry|FlashFire|BitterBlade,ShadowSneak,BulkUp,Protect|Adamant||F|||50|]Milotic||Leftovers|Competitive|MuddyWater,Coil,Hypnosis,Protect|Calm||M|||50|]Incineroar||SitrusBerry|Intimidate|FlareBlitz,ThroatChop,FakeOut,PartingShot|Impish||M|||50|
|inactive|Battle timer is ON: inactive players will automatically lose when time's up. (requested by OssiGT)
|
|t:|1784649994
|teamsize|p1|4
|teamsize|p2|4
|start
|switch|p1a: Staraptor|Staraptor, L50, F|100/100
|switch|p1b: Excadrill|Excadrill, L50, F|100/100
|switch|p2a: Ceruledge|Ceruledge, L50, F|100/100
|switch|p2b: Incineroar|Incineroar, L50, M|100/100
|-ability|p1a: Staraptor|Intimidate|boost
|-unboost|p2a: Ceruledge|atk|1
|-unboost|p2b: Incineroar|atk|1
|-ability|p2b: Incineroar|Intimidate|boost
|-unboost|p1a: Staraptor|atk|1
|-unboost|p1b: Excadrill|atk|1
|turn|1
|inactive|OssiGT has 30 seconds left.
|
|t:|1784650027
|switch|p1a: Tyranitar|Tyranitar, L50, M|100/100
|-weather|Sandstorm|[from] ability: Sand Stream|[of] p1a: Tyranitar
|move|p2b: Incineroar|Fake Out|p1b: Excadrill
|-resisted|p1b: Excadrill|1
|-damage|p1b: Excadrill|95/100
|cant|p1b: Excadrill|flinch
|move|p2a: Ceruledge|Bulk Up|p2a: Ceruledge
|-boost|p2a: Ceruledge|atk|1
|-boost|p2a: Ceruledge|def|1
|
|-weather|Sandstorm|[upkeep]
|-damage|p2a: Ceruledge|93/100|[from] Sandstorm
|-damage|p2b: Incineroar|94/100|[from] Sandstorm
|upkeep
|turn|2
|inactive|Prepucio Santos has 30 seconds left.
|
|t:|1784650052
|switch|p1b: Staraptor|Staraptor, L50, F|100/100
|-ability|p1b: Staraptor|Intimidate|boost
|-unboost|p2a: Ceruledge|atk|1
|-unboost|p2b: Incineroar|atk|1
|switch|p2b: Sinistcha|Sinistcha, L50|100/100
|-heal|p2a: Ceruledge|100/100|[from] ability: Hospitality|[of] p2b: Sinistcha
|move|p2a: Ceruledge|Protect|p2a: Ceruledge
|-singleturn|p2a: Ceruledge|Protect
|move|p1a: Tyranitar|Rock Slide|p2b: Sinistcha|[spread] p2b
|-activate|p2a: Ceruledge|move: Protect
|-damage|p2b: Sinistcha|74/100
|
|-weather|Sandstorm|[upkeep]
|-damage|p1b: Staraptor|93/100|[from] Sandstorm
|-damage|p2a: Ceruledge|93/100|[from] Sandstorm
|-damage|p2b: Sinistcha|68/100|[from] Sandstorm
|upkeep
|turn|3
|
|t:|1784650075
|switch|p1b: Excadrill|Excadrill, L50, F|95/100
|switch|p2b: Incineroar|Incineroar, L50, M|94/100
|-ability|p2b: Incineroar|Intimidate|boost
|-unboost|p1a: Tyranitar|atk|1
|-unboost|p1b: Excadrill|atk|1
|move|p1a: Tyranitar|Knock Off|p2b: Incineroar
|-resisted|p2b: Incineroar|1
|-damage|p2b: Incineroar|80/100
|-enditem|p2b: Incineroar|Sitrus Berry|[from] move: Knock Off|[of] p1a: Tyranitar
|move|p2a: Ceruledge|Bulk Up|p2a: Ceruledge
|-boost|p2a: Ceruledge|atk|1
|-boost|p2a: Ceruledge|def|1
|
|-weather|Sandstorm|[upkeep]
|-damage|p2a: Ceruledge|87/100|[from] Sandstorm
|-damage|p2b: Incineroar|74/100|[from] Sandstorm
|upkeep
|turn|4
|
|t:|1784650096
|switch|p1b: Staraptor|Staraptor, L50, F|93/100
|-ability|p1b: Staraptor|Intimidate|boost
|-unboost|p2a: Ceruledge|atk|1
|-unboost|p2b: Incineroar|atk|1
|move|p1a: Tyranitar|Knock Off|p2a: Ceruledge
|-supereffective|p2a: Ceruledge|1
|-enditem|p2a: Ceruledge|Colbur Berry|[eat]
|-enditem|p2a: Ceruledge|Colbur Berry|[weaken]
|-damage|p2a: Ceruledge|67/100
|move|p2a: Ceruledge|Bulk Up|p2a: Ceruledge
|-boost|p2a: Ceruledge|atk|1
|-boost|p2a: Ceruledge|def|1
|move|p2b: Incineroar|Parting Shot|p1b: Staraptor
|-unboost|p1b: Staraptor|atk|1
|-unboost|p1b: Staraptor|spa|1
|
|t:|1784650109
|switch|p2b: Mawile|Mawile, L50, F|100/100|[from] Parting Shot
|
|-weather|Sandstorm|[upkeep]
|-damage|p1b: Staraptor|87/100|[from] Sandstorm
|-damage|p2a: Ceruledge|61/100|[from] Sandstorm
|upkeep
|turn|5
|
|t:|1784650129
|detailschange|p1b: Staraptor|Staraptor-Mega, L50, F
|-mega|p1b: Staraptor|Staraptor|Staraptite
|detailschange|p2b: Mawile|Mawile-Mega, L50, F
|-mega|p2b: Mawile|Mawile|Mawilite
|move|p1b: Staraptor|Close Combat|p2b: Mawile
|-damage|p2b: Mawile|64/100
|-boost|p1b: Staraptor|def|1
|-boost|p1b: Staraptor|spd|1
|move|p1a: Tyranitar|Rock Slide|p2b: Mawile|[spread] p2a,p2b
|-supereffective|p2a: Ceruledge|1
|-resisted|p2b: Mawile|1
|-damage|p2a: Ceruledge|44/100
|-damage|p2b: Mawile|55/100
|cant|p2a: Ceruledge|flinch
|move|p2b: Mawile|Swords Dance|p2b: Mawile
|-boost|p2b: Mawile|atk|2
|
|-weather|none
|upkeep
|turn|6
|inactive|Prepucio Santos has 30 seconds left.
|
|t:|1784650156
|move|p1b: Staraptor|Close Combat|p2b: Mawile
|-damage|p2b: Mawile|19/100
|-boost|p1b: Staraptor|def|1
|-boost|p1b: Staraptor|spd|1
|move|p1a: Tyranitar|Low Kick|p2b: Mawile
|-damage|p2b: Mawile|10/100
|move|p2a: Ceruledge|Bitter Blade|p1b: Staraptor
|-damage|p1b: Staraptor|61/100
|-heal|p2a: Ceruledge|58/100|[from] drain|[of] p1b: Staraptor
|move|p2b: Mawile|Play Rough|p1a: Tyranitar
|-supereffective|p1a: Tyranitar|1
|-crit|p1a: Tyranitar
|-damage|p1a: Tyranitar|0 fnt
|faint|p1a: Tyranitar
|
|upkeep
|
|t:|1784650172
|switch|p1a: Excadrill|Excadrill, L50, F|95/100
|turn|7
|
|t:|1784650178
|move|p2b: Mawile|Sucker Punch|p1a: Excadrill
|-damage|p1a: Excadrill|0 fnt
|faint|p1a: Excadrill
|move|p1b: Staraptor|Close Combat|p2b: Mawile
|-damage|p2b: Mawile|0 fnt
|-boost|p1b: Staraptor|def|1
|-boost|p1b: Staraptor|spd|1
|faint|p2b: Mawile
|move|p2a: Ceruledge|Bitter Blade|p1b: Staraptor
|-damage|p1b: Staraptor|41/100
|-heal|p2a: Ceruledge|68/100|[from] drain|[of] p1b: Staraptor
|
|upkeep
|
|t:|1784650190
|switch|p1a: Sinistcha|Sinistcha, L50|100/100
|switch|p2b: Sinistcha|Sinistcha, L50|68/100
|-heal|p1b: Staraptor|66/100|[from] ability: Hospitality|[of] p1a: Sinistcha
|-heal|p2a: Ceruledge|93/100|[from] ability: Hospitality|[of] p2b: Sinistcha
|turn|8
|
|t:|1784650199
|move|p1a: Sinistcha|Protect|p1a: Sinistcha
|-singleturn|p1a: Sinistcha|Protect
|move|p2b: Sinistcha|Rage Powder|p2b: Sinistcha
|-singleturn|p2b: Sinistcha|move: Rage Powder
|move|p1b: Staraptor|Brave Bird|p2b: Sinistcha
|-supereffective|p2b: Sinistcha|1
|-damage|p2b: Sinistcha|0 fnt
|faint|p2b: Sinistcha
|-damage|p1b: Staraptor|44/100|[from] Recoil
|move|p2a: Ceruledge|Bulk Up|p2a: Ceruledge
|-boost|p2a: Ceruledge|atk|1
|-boost|p2a: Ceruledge|def|1
|
|upkeep
|
|t:|1784650211
|switch|p2b: Incineroar|Incineroar, L50, M|74/100
|-ability|p2b: Incineroar|Intimidate|boost
|-unboost|p1a: Sinistcha|atk|1
|-boost|p1b: Staraptor|atk|1
|turn|9
|
|t:|1784650219
|move|p2b: Incineroar|Fake Out|p1b: Staraptor
|-damage|p1b: Staraptor|39/100
|cant|p1b: Staraptor|flinch
|move|p2a: Ceruledge|Bitter Blade|p1a: Sinistcha
|-supereffective|p1a: Sinistcha|1
|-damage|p1a: Sinistcha|0 fnt
|-heal|p2a: Ceruledge|100/100|[from] drain|[of] p1a: Sinistcha
|faint|p1a: Sinistcha
|
|upkeep
|turn|10
|
|t:|1784650230
|move|p1b: Staraptor|Close Combat|p2b: Incineroar
|-supereffective|p2b: Incineroar|1
|-damage|p2b: Incineroar|0 fnt
|-boost|p1b: Staraptor|def|1
|-boost|p1b: Staraptor|spd|1
|faint|p2b: Incineroar
|move|p2a: Ceruledge|Bitter Blade|p1b: Staraptor
|-damage|p1b: Staraptor|16/100
|
|upkeep
|turn|11
|
|t:|1784650239
|move|p1b: Staraptor|Brave Bird|p2a: Ceruledge
|-damage|p2a: Ceruledge|80/100
|-damage|p1b: Staraptor|9/100|[from] Recoil
|move|p2a: Ceruledge|Bitter Blade|p1b: Staraptor
|-damage|p1b: Staraptor|0 fnt
|-heal|p2a: Ceruledge|85/100|[from] drain|[of] p1b: Staraptor
|faint|p1b: Staraptor
|
|win|OssiGT
||Prepucio Santos is ready for game 2.
|inactive|OssiGT has 30 seconds to confirm battle start!
||OssiGT is ready for game 2.
|uhtml|next|Next: Game 2 of 3
