|j|☆homerj71
|j|☆baltbaly
|html|homerj71baltbaly    
|uhtml|bestof|Game 1 of a best-of-3
|t:|1785758323
|gametype|doubles
|player|p1|homerj71|101|1121
|player|p2|baltbaly|102|1000
|gen|9
|tier|[Gen 9 Champions] VGC 2026 Reg M-B (Bo3)
|rated|
|rule|Species Clause: Limit one of each Pokémon
|rule|Item Clause: Limit 1 of each item
|clearpoke
|poke|p1|Tyranitar, L50, F|
|poke|p1|Staraptor, L50, F|
|poke|p1|Gholdengo, L50|
|poke|p1|Excadrill, L50, M|
|poke|p1|Sinistcha, L50|
|poke|p1|Milotic, L50, M|
|poke|p2|Gengar, L50, M|
|poke|p2|Politoed, L50, M|
|poke|p2|Sinistcha, L50|
|poke|p2|Swampert, L50, F|
|poke|p2|Incineroar, L50, M|
|poke|p2|Archaludon, L50, F|
|teampreview|4
|showteam|p1|Tyranitar||Tyranitarite|SandStream|KnockOff,RockSlide,Protect,LowKick|Jolly||F|||50|]Staraptor||Staraptite|Intimidate|DualWingbeat,CloseCombat,Protect,Tailwind|Jolly||F|||50|]Gholdengo||LifeOrb|GoodasGold|MakeItRain,NastyPlot,Protect,ShadowBall|Timid|||||50|]Excadrill||FocusSash|SandRush|HighHorsepower,IronHead,RockSlide,Protect|Adamant||M|||50|]Sinistcha||SitrusBerry|Hospitality|MatchaGotcha,RagePowder,ShadowBall,Protect|Calm|||||50|]Milotic||Leftovers|Competitive|Scald,IcyWind,Protect,IceBeam|Modest||M|||50|
|showteam|p2|Gengar||Gengarite|CursedBody|SludgeBomb,Thunderbolt,PerishSong,Protect|Timid||M|||50|]Politoed||Leftovers|Drizzle|WeatherBall,IceBeam,HelpingHand,PerishSong|Modest||M|||50|]Sinistcha||ColburBerry|Hospitality|MatchaGotcha,LifeDew,RagePowder,TrickRoom|Bold|||||50|]Swampert||Swampertite|Torrent|WaveCrash,HighHorsepower,Yawn,WideGuard|Adamant||F|||50|]Incineroar||SitrusBerry|Intimidate|FakeOut,PartingShot,DarkestLariat,FlareBlitz|Careful||M|||50|]Archaludon||ChopleBerry|Stamina|ElectroShot,FlashCannon,DracoMeteor,AuraSphere|Serious||F|||50|
|inactive|Battle timer is ON: inactive players will automatically lose when time's up. (requested by homerj71)
|inactive|baltbaly has 60 seconds left.
|
|t:|1785758381
|teamsize|p1|4
|teamsize|p2|4
|start
|switch|p1a: Gholdengo|Gholdengo, L50|100/100
|switch|p1b: Sinistcha|Sinistcha, L50|100/100
|switch|p2a: Incineroar|Incineroar, L50, M|100/100
|switch|p2b: Politoed|Politoed, L50, M|100/100
|-weather|RainDance|[from] ability: Drizzle|[of] p2b: Politoed
|-ability|p2a: Incineroar|Intimidate|boost
|-unboost|p1a: Gholdengo|atk|1
|-unboost|p1b: Sinistcha|atk|1
|turn|1
|
|t:|1785758404
|switch|p1a: Staraptor|Staraptor, L50, F|100/100
|-ability|p1a: Staraptor|Intimidate|boost
|-unboost|p2a: Incineroar|atk|1
|-unboost|p2b: Politoed|atk|1
|move|p1b: Sinistcha|Matcha Gotcha|p2b: Politoed|[spread] p2a,p2b
|-resisted|p2a: Incineroar|1
|-supereffective|p2b: Politoed|1
|-damage|p2a: Incineroar|91/100
|-damage|p2b: Politoed|56/100
|move|p2b: Politoed|Ice Beam|p1b: Sinistcha
|-supereffective|p1b: Sinistcha|1
|-damage|p1b: Sinistcha|50/100g
|-status|p1b: Sinistcha|frz
|move|p2a: Incineroar|Flare Blitz|p1a: Staraptor
|-damage|p1a: Staraptor|77/100
|-damage|p2a: Incineroar|84/100|[from] Recoil
|
|-weather|RainDance|[upkeep]
|-heal|p2b: Politoed|62/100|[from] item: Leftovers
|upkeep
|turn|2
|inactive|baltbaly has 30 seconds left.
|inactive|baltbaly has 20 seconds left.
|inactive|baltbaly has 15 seconds left.
|inactive|baltbaly has 10 seconds left.
|
|t:|1785758449
|switch|p2a: Sinistcha|Sinistcha, L50|100/100
|-heal|p2b: Politoed|87/100|[from] ability: Hospitality|[of] p2a: Sinistcha
|detailschange|p1a: Staraptor|Staraptor-Mega, L50, F
|-mega|p1a: Staraptor|Staraptor|Staraptite
|move|p1a: Staraptor|Close Combat|p2a: Sinistcha
|-immune|p2a: Sinistcha
|-curestatus|p1b: Sinistcha|frz|[from] move: Matcha Gotcha
|move|p1b: Sinistcha|Matcha Gotcha|p2b: Politoed|[spread] p2b
|-miss|p1b: Sinistcha|p2a: Sinistcha
|-supereffective|p2b: Politoed|1
|-damage|p2b: Politoed|40/100
|-heal|p1b: Sinistcha|76/100|[from] drain|[of] p2b: Politoed
|move|p2b: Politoed|Ice Beam|p1a: Staraptor
|-supereffective|p1a: Staraptor|1
|-damage|p1a: Staraptor|18/100
|
|-weather|RainDance|[upkeep]
|-heal|p2b: Politoed|46/100|[from] item: Leftovers
|upkeep
|turn|3
|inactive|baltbaly has 30 seconds left.
|inactive|baltbaly has 20 seconds left.
|inactive|baltbaly has 15 seconds left.
|inactive|baltbaly has 10 seconds left.
|
|t:|1785758495
|switch|p2a: Archaludon|Archaludon, L50, F|100/100
|move|p1a: Staraptor|Dual Wingbeat|p2a: Archaludon
|-resisted|p2a: Archaludon|1
|-crit|p2a: Archaludon
|-damage|p2a: Archaludon|86/100
|-ability|p2a: Archaludon|Stamina|boost
|-boost|p2a: Archaludon|def|1
|-resisted|p2a: Archaludon|1
|-damage|p2a: Archaludon|79/100
|-ability|p2a: Archaludon|Stamina|boost
|-boost|p2a: Archaludon|def|1
|-hitcount|p2a: Archaludon|2
|move|p2b: Politoed|Ice Beam|p1a: Staraptor
|-supereffective|p1a: Staraptor|1
|-damage|p1a: Staraptor|0 fnt
|faint|p1a: Staraptor
|move|p1b: Sinistcha|Matcha Gotcha|p2a: Archaludon|[spread] p2a,p2b
|-resisted|p2a: Archaludon|2
|-supereffective|p2b: Politoed|1
|-damage|p2a: Archaludon|70/100
|-heal|p1b: Sinistcha|80/100|[from] drain|[of] p2a: Archaludon
|-damage|p2b: Politoed|6/100
|-heal|p1b: Sinistcha|100/100|[from] drain|[of] p2b: Politoed
|-ability|p2a: Archaludon|Stamina|boost
|-boost|p2a: Archaludon|def|1
|
|-weather|RainDance|[upkeep]
|-heal|p2b: Politoed|12/100|[from] item: Leftovers
|upkeep
|
|t:|1785758515
|switch|p1a: Tyranitar|Tyranitar, L50, F|100/100
|-weather|Sandstorm|[from] ability: Sand Stream|[of] p1a: Tyranitar
|turn|4
|
|t:|1785758528
|switch|p2b: Incineroar|Incineroar, L50, M|84/100
|-ability|p2b: Incineroar|Intimidate|boost
|-unboost|p1a: Tyranitar|atk|1
|-unboost|p1b: Sinistcha|atk|1
|move|p2a: Archaludon|Aura Sphere|p1a: Tyranitar
|-supereffective|p1a: Tyranitar|2
|-damage|p1a: Tyranitar|26/100
|move|p1a: Tyranitar|Knock Off|p2b: Incineroar
|-resisted|p2b: Incineroar|1
|-damage|p2b: Incineroar|69/100
|-enditem|p2b: Incineroar|Sitrus Berry|[from] move: Knock Off|[of] p1a: Tyranitar
|move|p1b: Sinistcha|Shadow Ball|p2a: Archaludon
|-damage|p2a: Archaludon|18/100
|-ability|p2a: Archaludon|Stamina|boost
|-boost|p2a: Archaludon|def|1
|
|-weather|Sandstorm|[upkeep]
|-damage|p1b: Sinistcha|93/100|[from] Sandstorm
|-damage|p2b: Incineroar|63/100|[from] Sandstorm
|upkeep
|turn|5
|-message|homerj71 forfeited.
|
|win|baltbaly
