|j|☆Sizzle2466
|j|☆Jackbouncy
|html|Sizzle2466Jackbouncy    
|uhtml|bestof|Game 3 of a best-of-3
|t:|1757796335
|gametype|doubles
|player|p1|Sizzle2466|2|1047
|player|p2|Jackbouncy|ruinmaniac|1136
|gen|9
|tier|[Gen 9] VGC 2025 Reg H (Bo3)
|rated|
|rule|Species Clause: Limit one of each Pokémon
|rule|Item Clause: Limit 1 of each item
|clearpoke
|poke|p1|Galvantula, L50, F|
|poke|p1|Incineroar, L50, M|
|poke|p1|Amoonguss, L50, M|
|poke|p1|Gholdengo, L50|
|poke|p1|Palafin, L50, M|
|poke|p1|Flamigo, L50, M|
|poke|p2|Maushold-Four, L50|
|poke|p2|Sinistcha-Masterpiece, L50|
|poke|p2|Annihilape, L50, M|
|poke|p2|Gholdengo, L50|
|poke|p2|Basculegion, L50, M|
|poke|p2|Incineroar, L50, M|
|teampreview|4
|showteam|p1|Galvantula||AssaultVest|CompoundEyes|Electroweb,BugBuzz,Thunderbolt,VoltSwitch|||F|||50|,,,,,Electric]Incineroar||SafetyGoggles|Intimidate|FakeOut,FlareBlitz,KnockOff,PartingShot|||M|||50|,,,,,Ghost]Amoonguss||CovertCloak|Regenerator|Spore,RagePowder,SludgeBomb,PollenPuff|||M|||50|,,,,,Ghost]Gholdengo||SitrusBerry|GoodasGold|NastyPlot,MakeItRain,ShadowBall,Protect||||||50|,,,,,Dragon]Palafin||MysticWater|ZerotoHero|JetPunch,WaveCrash,Protect,FlipTurn|||M|||50|,,,,,Water]Flamigo||LifeOrb|Scrappy|BraveBird,CloseCombat,Detect,Tailwind|||M|||50|,,,,,Stellar
|showteam|p2|Maushold-Four||FocusSash|FriendGuard|BeatUp,FollowMe,Taunt,Protect||||||50|,,,,,Ghost]Sinistcha-Masterpiece||SitrusBerry|Hospitality|MatchaGotcha,RagePowder,Protect,TrickRoom||||||50|,,,,,Dark]Annihilape||Leftovers|Defiant|RageFist,DrainPunch,Protect,BulkUp|||M|||50|,,,,,Steel]Gholdengo||IronPlate|GoodasGold|MakeItRain,NastyPlot,Protect,ShadowBall||||||50|,,,,,Water]Basculegion||ChoiceScarf|Adaptability|WaveCrash,LastRespects,FlipTurn,Crunch|||M|||50|,,,,,Water]Incineroar||AssaultVest|Intimidate|FakeOut,FlareBlitz,KnockOff,Uturn|||M|||50|,,,,,Ghost
|
|t:|1757796365
|teamsize|p1|4
|teamsize|p2|4
|start
|switch|p1a: Galvantula|Galvantula, L50, F|100/100
|switch|p1b: Palafin|Palafin, L50, M|100/100
|switch|p2a: Maushold|Maushold-Four, L50|100/100
|switch|p2b: Annihilape|Annihilape, L50, M|100/100
|turn|1
|
|t:|1757796383
|move|p1a: Galvantula|Volt Switch|p2a: Maushold
|-damage|p2a: Maushold|72/100
|
|t:|1757796386
|switch|p1a: Amoonguss|Amoonguss, L50, M|100/100|[from] Volt Switch
|move|p1b: Palafin|Flip Turn|p2a: Maushold
|-damage|p2a: Maushold|46/100
|
|t:|1757796392
|detailschange|p1b: Palafin|Palafin-Hero, L50, M
|switch|p1b: Flamigo|Flamigo, L50, M|100/100|[from] Flip Turn
|move|p2a: Maushold|Beat Up|p2b: Annihilape
|-damage|p2b: Annihilape|98/100
|-damage|p2b: Annihilape|96/100
|-damage|p2b: Annihilape|94/100
|-damage|p2b: Annihilape|93/100
|-hitcount|p2b: Annihilape|4
|move|p2b: Annihilape|Rage Fist|p1a: Amoonguss
|-damage|p1a: Amoonguss|0 fnt
|faint|p1a: Amoonguss
|
|-heal|p2b: Annihilape|99/100|[from] item: Leftovers
|upkeep
|
|t:|1757796406
|switch|p1a: Palafin|Palafin-Hero, L50, M|100/100
|-activate|p1a: Palafin|ability: Zero to Hero
|turn|2
|
|t:|1757796418
|-terastallize|p1a: Palafin|Water
|move|p2a: Maushold|Protect|p2a: Maushold
|-singleturn|p2a: Maushold|Protect
|move|p2b: Annihilape|Protect|p2b: Annihilape
|-singleturn|p2b: Annihilape|Protect
|move|p1b: Flamigo|Close Combat|p2a: Maushold
|-activate|p2a: Maushold|move: Protect
|move|p1a: Palafin|Wave Crash|p2b: Annihilape
|-activate|p2b: Annihilape|move: Protect
|
|-heal|p2b: Annihilape|100/100|[from] item: Leftovers
|upkeep
|turn|3
|
|t:|1757796453
|move|p2a: Maushold|Follow Me|p2a: Maushold
|-singleturn|p2a: Maushold|move: Follow Me
|move|p1b: Flamigo|Close Combat|p2a: Maushold
|-supereffective|p2a: Maushold
|-damage|p2a: Maushold|0 fnt
|-unboost|p1b: Flamigo|def|1
|-unboost|p1b: Flamigo|spd|1
|faint|p2a: Maushold
|-damage|p1b: Flamigo|91/100|[from] item: Life Orb
|move|p1a: Palafin|Wave Crash|p2b: Annihilape
|-damage|p2b: Annihilape|0 fnt
|faint|p2b: Annihilape
|-damage|p1a: Palafin|68/100|[from] Recoil
|
|upkeep
|
|t:|1757796466
|switch|p2a: Basculegion|Basculegion, L50, M|100/100
|switch|p2b: Gholdengo|Gholdengo, L50|100/100
|turn|4
|
|t:|1757796490
|-terastallize|p2b: Gholdengo|Water
|move|p1b: Flamigo|Detect|p1b: Flamigo
|-singleturn|p1b: Flamigo|Protect
|move|p2a: Basculegion|Last Respects|p1a: Palafin
|-damage|p1a: Palafin|0 fnt
|faint|p1a: Palafin
|move|p2b: Gholdengo|Make It Rain|p1b: Flamigo
|-activate|p1b: Flamigo|move: Protect
|
|upkeep
|
|t:|1757796500
|switch|p1a: Galvantula|Galvantula, L50, F|100/100
|turn|5
|
|t:|1757796509
|move|p2a: Basculegion|Last Respects|p1b: Flamigo
|-damage|p1b: Flamigo|0 fnt
|faint|p1b: Flamigo
|move|p1a: Galvantula|Electroweb|p2a: Basculegion|[spread] p2a,p2b
|-supereffective|p2a: Basculegion
|-supereffective|p2b: Gholdengo
|-damage|p2a: Basculegion|64/100
|-damage|p2b: Gholdengo|62/100
|-unboost|p2a: Basculegion|spe|1
|-unboost|p2b: Gholdengo|spe|1
|move|p2b: Gholdengo|Make It Rain|p1a: Galvantula
|-resisted|p1a: Galvantula
|-damage|p1a: Galvantula|56/100
|-unboost|p2b: Gholdengo|spa|1
|
|upkeep
|turn|6
|
|t:|1757796526
|move|p1a: Galvantula|Thunderbolt|p2a: Basculegion
|-supereffective|p2a: Basculegion
|-damage|p2a: Basculegion|0 fnt
|faint|p2a: Basculegion
|move|p2b: Gholdengo|Shadow Ball|p1a: Galvantula
|-damage|p1a: Galvantula|25/100
|
|upkeep
|turn|7
|
|t:|1757796534
|move|p1a: Galvantula|Thunderbolt|p2b: Gholdengo
|-supereffective|p2b: Gholdengo
|-damage|p2b: Gholdengo|0 fnt
|faint|p2b: Gholdengo
|
|win|Sizzle2466
|raw|Sizzle2466's rating: 1047 → 1088(+41 for winning)
|raw|Jackbouncy's rating: 1136 → 1105(-31 for losing)
|l|☆Jackbouncy
|player|p2|
|l|☆Sizzle2466
|player|p1|
|j|☆Sizzle2466
|player|p1|Sizzle2466|2|
