|j|☆Diegoelsocorrista
|j|☆Chutdon
|html|DiegoelsocorristaChutdon    
|uhtml|bestof|Game 2 of a best-of-3
|t:|1757668055
|gametype|doubles
|player|p1|Diegoelsocorrista|blaine-lgpe|1078
|player|p2|Chutdon|170|1000
|gen|9
|tier|[Gen 9] VGC 2025 Reg H (Bo3)
|rated|
|rule|Species Clause: Limit one of each Pokémon
|rule|Item Clause: Limit 1 of each item
|clearpoke
|poke|p1|Archaludon, L50, M|
|poke|p1|Rillaboom, L50, M|
|poke|p1|Basculegion, L50, M|
|poke|p1|Kingambit, L50, F|
|poke|p1|Pelipper, L50, M|
|poke|p1|Electabuzz, L50, M|
|poke|p2|Indeedee-F, L50, F|
|poke|p2|Ursaluna, L50, M|
|poke|p2|Annihilape, L50, M|
|poke|p2|Maushold-Four, L50|
|poke|p2|Incineroar, L50, F|
|poke|p2|Whimsicott, L50, F|
|teampreview|4
|showteam|p1|Archaludon||AssaultVest|Stamina|ElectroShot,DracoMeteor,FlashCannon,BodyPress|||M|||50|,,,,,Fairy]Rillaboom||LoadedDice|GrassySurge|BulletSeed,GrassyGlide,FakeOut,Uturn|||M|||50|,,,,,Fire]Basculegion||ChoiceBand|SwiftSwim|WaveCrash,LastRespects,FlipTurn,AquaJet|||M|||50|,,,,,Grass]Kingambit||BlackGlasses|Defiant|KowtowCleave,SuckerPunch,SwordsDance,Protect|||F|||50|,,,,,Dark]Pelipper||FocusSash|Drizzle|WeatherBall,Hurricane,Tailwind,Protect|||M|||50|,,,,,Ghost]Electabuzz||Eviolite|VitalSpirit|Electroweb,Taunt,FollowMe,Protect|||M|||50|,,,,,Ghost
|showteam|p2|Indeedee-F||ColburBerry|PsychicSurge|AlluringVoice,TrickRoom,HelpingHand,FollowMe|||F|||50|,,,,,Fairy]Ursaluna||FlameOrb|Guts|Facade,Protect,StompingTantrum,FocusPunch|||M|||50|,,,,,Ghost]Annihilape||Leftovers|Defiant|CloseCombat,RageFist,BulkUp,Protect|||M|||50|,,,,,Ghost]Maushold-Four||SafetyGoggles|FriendGuard|BeatUp,FollowMe,Protect,PopulationBomb||||||50|,,,,,Ghost]Incineroar||RockyHelmet|Intimidate|KnockOff,PartingShot,FakeOut,FlareBlitz|||F|||50|,,,,,Ghost]Whimsicott||FocusSash|Prankster|Tailwind,Encore,Taunt,Moonblast|||F|||50|,,,,,Ghost
|
|t:|1757668078
|teamsize|p1|4
|teamsize|p2|4
|start
|switch|p1a: Kingambit|Kingambit, L50, F, shiny|100/100
|switch|p1b: Electabuzz|Electabuzz, L50, M|100/100
|switch|p2a: Maushold|Maushold-Four, L50|100/100
|switch|p2b: Annihilape|Annihilape, L50, M, shiny|100/100
|turn|1
|
|t:|1757668101
|move|p1b: Electabuzz|Follow Me|p1b: Electabuzz
|-singleturn|p1b: Electabuzz|move: Follow Me
|move|p2a: Maushold|Beat Up|p1b: Electabuzz
|-damage|p1b: Electabuzz|99/100
|-damage|p1b: Electabuzz|96/100
|-damage|p1b: Electabuzz|94/100
|-damage|p1b: Electabuzz|92/100
|-hitcount|p1b: Electabuzz|4
|move|p2b: Annihilape|Close Combat|p1b: Electabuzz
|-damage|p1b: Electabuzz|52/100
|-unboost|p2b: Annihilape|def|1
|-unboost|p2b: Annihilape|spd|1
|move|p1a: Kingambit|Swords Dance|p1a: Kingambit
|-boost|p1a: Kingambit|atk|2
|
|upkeep
|turn|2
|
|t:|1757668118
|switch|p2a: Whimsicott|Whimsicott, L50, F, shiny|100/100
|move|p2b: Annihilape|Protect|p2b: Annihilape
|-singleturn|p2b: Annihilape|Protect
|move|p1b: Electabuzz|Follow Me|p1b: Electabuzz
|-singleturn|p1b: Electabuzz|move: Follow Me
|move|p1a: Kingambit|Kowtow Cleave|p2b: Annihilape
|-activate|p2b: Annihilape|move: Protect
|
|upkeep
|turn|3
|
|t:|1757668143
|switch|p2b: Incineroar|Incineroar, L50, F|100/100
|-ability|p2b: Incineroar|Intimidate|boost
|-unboost|p1a: Kingambit|atk|1
|-ability|p1a: Kingambit|Defiant|boost
|-boost|p1a: Kingambit|atk|2
|-unboost|p1b: Electabuzz|atk|1
|move|p1b: Electabuzz|Follow Me|p1b: Electabuzz
|-singleturn|p1b: Electabuzz|move: Follow Me
|move|p2a: Whimsicott|Taunt|p1b: Electabuzz
|-start|p1b: Electabuzz|move: Taunt
|move|p1a: Kingambit|Swords Dance|p1a: Kingambit
|-boost|p1a: Kingambit|atk|2
|
|upkeep
|turn|4
|
|t:|1757668164
|move|p1a: Kingambit|Protect|p1a: Kingambit
|-singleturn|p1a: Kingambit|Protect
|move|p2a: Whimsicott|Encore|p1a: Kingambit
|-activate|p1a: Kingambit|move: Protect
|move|p1b: Electabuzz|Electroweb|p2b: Incineroar|[spread] p2a,p2b
|-resisted|p2a: Whimsicott
|-damage|p2a: Whimsicott|89/100
|-damage|p2b: Incineroar|89/100
|-unboost|p2a: Whimsicott|spe|1
|-unboost|p2b: Incineroar|spe|1
|move|p2b: Incineroar|Flare Blitz|p1a: Kingambit
|-activate|p1a: Kingambit|move: Protect
|
|upkeep
|turn|5
|
|t:|1757668207
|switch|p1b: Rillaboom|Rillaboom, L50, M|100/100
|-fieldstart|move: Grassy Terrain|[from] ability: Grassy Surge|[of] p1b: Rillaboom
|move|p2a: Whimsicott|Encore|p1a: Kingambit
|-hint|Since gen 7, Dark is immune to Prankster moves.
|-immune|p1a: Kingambit
|move|p1a: Kingambit|Sucker Punch|p2b: Incineroar
|-resisted|p2b: Incineroar
|-damage|p2b: Incineroar|20/100
|-damage|p1a: Kingambit|84/100|[from] item: Rocky Helmet|[of] p2b: Incineroar
|move|p2b: Incineroar|Flare Blitz|p1a: Kingambit
|-supereffective|p1a: Kingambit
|-damage|p1a: Kingambit|13/100
|-damage|p2b: Incineroar|0 fnt|[from] Recoil
|faint|p2b: Incineroar
|
|-heal|p2a: Whimsicott|95/100|[from] Grassy Terrain
|-heal|p1a: Kingambit|19/100|[from] Grassy Terrain
|upkeep
|
|t:|1757668234
|switch|p2b: Maushold|Maushold-Four, L50|100/100
|turn|6
|
|t:|1757668259
|move|p1b: Rillaboom|Fake Out|p2a: Whimsicott
|-damage|p2a: Whimsicott|79/100
|move|p1a: Kingambit|Sucker Punch|p2b: Maushold
|-damage|p2b: Maushold|0 fnt
|faint|p2b: Maushold
|cant|p2a: Whimsicott|flinch
|
|-heal|p2a: Whimsicott|85/100|[from] Grassy Terrain
|-heal|p1a: Kingambit|24/100|[from] Grassy Terrain
|upkeep
|
|t:|1757668268
|switch|p2b: Annihilape|Annihilape, L50, M, shiny|100/100
|turn|7
|
|t:|1757668287
|move|p2b: Annihilape|Protect|p2b: Annihilape
|-singleturn|p2b: Annihilape|Protect
|move|p1a: Kingambit|Protect|p1a: Kingambit
|-singleturn|p1a: Kingambit|Protect
|move|p2a: Whimsicott|Moonblast|p1a: Kingambit
|-activate|p1a: Kingambit|move: Protect
|move|p1b: Rillaboom|U-turn|p2a: Whimsicott
|-damage|p2a: Whimsicott|50/100
|
|t:|1757668296
|switch|p1b: Electabuzz|Electabuzz, L50, M|52/100|[from] U-turn
|
|-heal|p1b: Electabuzz|58/100|[from] Grassy Terrain
|-heal|p2a: Whimsicott|56/100|[from] Grassy Terrain
|-heal|p1a: Kingambit|30/100|[from] Grassy Terrain
|upkeep
|turn|8
|-message|Chutdon forfeited.
|
|win|Diegoelsocorrista
|raw|Diegoelsocorrista's rating: 1078 → 1100(+22 for winning)
|raw|Chutdon's rating: 1000 → 1000(+0 for losing)
|l|☆Chutdon
|player|p2|
