|j|☆NicoViBrittania
|j|☆Telefante12
|html|NicoViBrittaniaTelefante12    
|uhtml|bestof|Game 1 of a best-of-3
|t:|1757693735
|gametype|doubles
|player|p1|NicoViBrittania|266|1098
|player|p2|Telefante12|1|1000
|gen|9
|tier|[Gen 9] VGC 2025 Reg H (Bo3)
|rated|
|rule|Species Clause: Limit one of each Pokémon
|rule|Item Clause: Limit 1 of each item
|clearpoke
|poke|p1|Annihilape, L50, F|
|poke|p1|Porygon2, L50|
|poke|p1|Primarina, L50, F|
|poke|p1|Torkoal, L50, F|
|poke|p1|Exeggutor-Alola, L50, M|
|poke|p1|Delphox, L50, M|
|poke|p2|Dusclops, L50, M|
|poke|p2|Ursaluna-Bloodmoon, L50, M|
|poke|p2|Decidueye-Hisui, L50, M|
|poke|p2|Araquanid, L50, M|
|poke|p2|Incineroar, L50, M|
|poke|p2|Glimmora, L50, M|
|teampreview|4
|showteam|p1|Annihilape||SafetyGoggles|Defiant|Encore,Taunt,FinalGambit,RageFist|||F|||50|,,,,,Fire]Porygon2||Eviolite|Trace|TrickRoom,TriAttack,Protect,Recover||||||50|,,,,,Ghost]Primarina||ThroatSpray|LiquidVoice|Moonblast,Protect,HyperVoice,TeraBlast|||F|||50|,,,,,Ground]Torkoal||CovertCloak|Drought|HeatWave,HelpingHand,Protect,Eruption|||F|||50|,,,,,Fire]Exeggutor-Alola||SitrusBerry|Harvest|DracoMeteor,GigaDrain,TrickRoom,WoodHammer|||M|||50|,,,,,Ghost]Delphox||Charcoal|Blaze|ExpandingForce,TrickRoom,HeatWave,HelpingHand|||M|||50|,,,,,Fairy
|showteam|p2|Dusclops||Eviolite|Frisk|WillOWisp,PainSplit,TrickRoom,NightShade|||M|||50|,,,,,Dark]Ursaluna-Bloodmoon||AssaultVest|MindsEye|BloodMoon,EarthPower,HyperVoice,VacuumWave|||M|||50|,,,,,Normal]Decidueye-Hisui||ScopeLens|Scrappy|TripleArrows,LeafBlade,Haze,Protect|||M|||50|,,,,,Poison]Araquanid||ClearAmulet|WaterBubble|Liquidation,LeechLife,WideGuard,Substitute|||M|||50|,,,,,Water]Incineroar||SafetyGoggles|Intimidate|FlareBlitz,PartingShot,KnockOff,FakeOut|||M|||50|,,,,,Ghost]Glimmora||FocusSash|ToxicDebris|PowerGem,SludgeBomb,MortalSpin,SpikyShield|||M|||50|,,,,,Rock
|
|t:|1757693782
|teamsize|p1|4
|teamsize|p2|4
|start
|switch|p1a: Annihilape|Annihilape, L50, F|100/100
|switch|p1b: Exeggutor|Exeggutor-Alola, L50, M|100/100
|switch|p2a: Araquanid|Araquanid, L50, M|100/100
|switch|p2b: Glimmora|Glimmora, L50, M, shiny|100/100
|turn|1
|
|t:|1757693818
|switch|p2a: Robin|Dusclops, L50, M|100/100
|-item|p1a: Annihilape|Safety Goggles|[from] ability: Frisk|[of] p2a: Robin
|-item|p1b: Exeggutor|Sitrus Berry|[from] ability: Frisk|[of] p2a: Robin
|move|p2b: Glimmora|Spiky Shield|p2b: Glimmora
|-singleturn|p2b: Glimmora|move: Protect
|move|p1a: Annihilape|Taunt|p2a: Robin
|-start|p2a: Robin|move: Taunt
|move|p1b: Exeggutor|Giga Drain|p2b: Glimmora
|-activate|p2b: Glimmora|move: Protect
|
|upkeep
|turn|2
|
|t:|1757693867
|switch|p2a: Araquanid|Araquanid, L50, M|100/100
|move|p1a: Annihilape|Encore|p2b: Glimmora
|-start|p2b: Glimmora|Encore
|move|p2b: Glimmora|Spiky Shield||[still]
|-fail|p2b: Glimmora
|move|p1b: Exeggutor|Wood Hammer|p2a: Araquanid
|-damage|p2a: Araquanid|52/100
|-damage|p1b: Exeggutor|87/100|[from] Recoil
|
|upkeep
|turn|3
|
|t:|1757693888
|switch|p2b: Robin|Dusclops, L50, M|100/100
|-item|p1a: Annihilape|Safety Goggles|[from] ability: Frisk|[of] p2b: Robin
|-item|p1b: Exeggutor|Sitrus Berry|[from] ability: Frisk|[of] p2b: Robin
|move|p1a: Annihilape|Taunt|p2a: Araquanid
|-start|p2a: Araquanid|move: Taunt
|move|p2a: Araquanid|Leech Life|p1b: Exeggutor
|-supereffective|p1b: Exeggutor
|-damage|p1b: Exeggutor|23/100
|-heal|p2a: Araquanid|89/100|[from] drain|[of] p1b: Exeggutor
|-enditem|p1b: Exeggutor|Sitrus Berry|[eat]
|-heal|p1b: Exeggutor|48/100|[from] item: Sitrus Berry
|move|p1b: Exeggutor|Giga Drain|p2a: Araquanid
|-damage|p2a: Araquanid|53/100
|-heal|p1b: Exeggutor|64/100|[from] drain|[of] p2a: Araquanid
|
|upkeep
|turn|4
|
|t:|1757693919
|-terastallize|p1b: Exeggutor|Ghost
|move|p1a: Annihilape|Taunt|p2b: Robin
|-start|p2b: Robin|move: Taunt
|move|p2a: Araquanid|Leech Life|p1b: Exeggutor
|-resisted|p1b: Exeggutor
|-damage|p1b: Exeggutor|48/100
|-heal|p2a: Araquanid|62/100|[from] drain|[of] p1b: Exeggutor
|move|p1b: Exeggutor|Giga Drain|p2a: Araquanid
|-damage|p2a: Araquanid|29/100
|-heal|p1b: Exeggutor|62/100|[from] drain|[of] p2a: Araquanid
|cant|p2b: Robin|move: Taunt|Will-O-Wisp
|
|-item|p1b: Exeggutor|Sitrus Berry|[from] ability: Harvest
|upkeep
|turn|5
|
|t:|1757693952
|move|p1a: Annihilape|Encore||[still]
|-fail|p1a: Annihilape
|move|p2a: Araquanid|Liquidation|p1b: Exeggutor
|-damage|p1b: Exeggutor|0 fnt
|faint|p1b: Exeggutor
|move|p2b: Robin|Night Shade|p1a: Annihilape
|-damage|p1a: Annihilape|77/100
|
|-end|p2a: Araquanid|move: Taunt
|upkeep
|
|t:|1757693966
|switch|p1b: Primarina|Primarina, L50, F|100/100
|turn|6
|
|t:|1757693990
|move|p1a: Annihilape|Rage Fist|p2a: Araquanid
|-damage|p2a: Araquanid|0 fnt
|faint|p2a: Araquanid
|move|p1b: Primarina|Hyper Voice|p2b: Robin
|-damage|p2b: Robin|69/100
|-enditem|p1b: Primarina|Throat Spray
|-boost|p1b: Primarina|spa|1|[from] item: Throat Spray
|move|p2b: Robin|Night Shade|p1a: Annihilape
|-damage|p1a: Annihilape|54/100
|
|-end|p2b: Robin|move: Taunt
|upkeep
|
|t:|1757694006
|switch|p2a: Glimmora|Glimmora, L50, M, shiny|100/100
|turn|7
|
|t:|1757694026
|move|p1a: Annihilape|Rage Fist|p2b: Robin
|-supereffective|p2b: Robin
|-damage|p2b: Robin|9/100
|move|p2a: Glimmora|Sludge Bomb|p1b: Primarina
|-supereffective|p1b: Primarina
|-damage|p1b: Primarina|11/100
|-status|p1b: Primarina|psn
|move|p1b: Primarina|Hyper Voice|p2a: Glimmora|[spread] p2a,p2b
|-supereffective|p2a: Glimmora
|-enditem|p2a: Glimmora|Focus Sash
|-damage|p2a: Glimmora|1/100
|-damage|p2b: Robin|0 fnt
|faint|p2b: Robin
|
|-damage|p1b: Primarina|0 fnt|[from] psn
|faint|p1b: Primarina
|upkeep
|
|t:|1757694044
|switch|p1b: Torkoal|Torkoal, L50, F|100/100
|switch|p2b: Incineroar|Incineroar, L50, M|100/100
|-ability|p2b: Incineroar|Intimidate|boost
|-unboost|p1a: Annihilape|atk|1
|-ability|p1a: Annihilape|Defiant|boost
|-boost|p1a: Annihilape|atk|2
|-unboost|p1b: Torkoal|atk|1
|-weather|SunnyDay|[from] ability: Drought|[of] p1b: Torkoal
|turn|8
|
|t:|1757694070
|-terastallize|p2b: Incineroar|Ghost
|move|p2a: Glimmora|Spiky Shield|p2a: Glimmora
|-singleturn|p2a: Glimmora|move: Protect
|move|p1a: Annihilape|Rage Fist|p2a: Glimmora
|-activate|p2a: Glimmora|move: Protect
|-damage|p1a: Annihilape|42/100|[from] Spiky Shield|[of] p2a: Glimmora
|move|p2b: Incineroar|Flare Blitz|p1a: Annihilape
|-damage|p1a: Annihilape|0 fnt
|faint|p1a: Annihilape
|-damage|p2b: Incineroar|86/100|[from] Recoil
|move|p1b: Torkoal|Eruption|p2b: Incineroar|[spread] p2b
|-activate|p2a: Glimmora|move: Protect
|-damage|p2b: Incineroar|22/100
|
|-weather|SunnyDay|[upkeep]
|upkeep
|turn|9
|
|t:|1757694094
|move|p2a: Glimmora|Power Gem|p1b: Torkoal
|-supereffective|p1b: Torkoal
|-damage|p1b: Torkoal|0 fnt
|faint|p1b: Torkoal
|
|win|Telefante12
||NicoViBrittania is ready for game 2.
