|j|☆sum1dum
|j|☆cuz you
|html|sum1dumcuz you    
|uhtml|bestof|Game 1 of a best-of-3
|t:|1782347891
|gametype|doubles
|player|p1|sum1dum|rosa|1072
|player|p2|cuz you|1|1000
|gen|9
|tier|[Gen 9 Champions] VGC 2026 Reg M-B (Bo3)
|rated|
|rule|Species Clause: Limit one of each Pokémon
|rule|Item Clause: Limit 1 of each item
|clearpoke
|poke|p1|Gliscor, L50, M|
|poke|p1|Primarina, L50, F|
|poke|p1|Metagross, L50|
|poke|p1|Ninetales-Alola, L50, F|
|poke|p1|Incineroar, L50, F|
|poke|p1|Sinistcha, L50|
|poke|p2|Venusaur, L50, F|
|poke|p2|Araquanid, L50, F, shiny|
|poke|p2|Heliolisk, L50, F, shiny|
|poke|p2|Delphox, L50, M, shiny|
|poke|p2|Chimecho, L50, F, shiny|
|poke|p2|Gengar, L50, F, shiny|
|teampreview|4
|showteam|p1|Gliscor||LifeOrb|HyperCutter|DualWingbeat,HighHorsepower,RockSlide,Protect|Jolly||M|||50|]Primarina||Leftovers|LiquidVoice|CalmMind,HyperVoice,Moonblast,Protect|Modest||F|||50|]Metagross||Metagrossite|ClearBody|BulletPunch,IronHead,Protect,PsychicFangs|Jolly|||||50|]Ninetales-Alola||LightClay|SnowWarning|AuroraVeil,FreezeDry,Moonblast,Protect|Timid||F|||50|]Incineroar||ChopleBerry|Intimidate|FakeOut,FlareBlitz,DarkestLariat,PartingShot|Impish||F|||50|]Sinistcha||SitrusBerry|Hospitality|MatchaGotcha,Protect,LifeDew,RagePowder|Bold|||||50|
|showteam|p2|Venusaur||Venusaurite|Chlorophyll|SolarBeam,Synthesis,Growth,PetalBlizzard|Naive||F|||50|]Araquanid||ScopeLens|WaterBubble|Surf,BugBite|Serious||F|||50|]Heliolisk||ChoiceScarf|SandVeil|Electrify|Serious||F|||50|]Delphox||Delphoxite|Blaze|Copycat|Serious||M|||50|]Chimecho||Chimechite|Levitate|BatonPass|Serious||F|||50|]Gengar||Gengarite|CursedBody|ReflectType|Serious||F|||50|
|inactive|Battle timer is ON: inactive players will automatically lose when time's up. (requested by sum1dum)
|c|☆sum1dum|uh
|c|☆sum1dum|ok
|inactive|sum1dum has 60 seconds left.
|inactive|sum1dum has 30 seconds left.
|
|t:|1782347956
|teamsize|p1|4
|teamsize|p2|4
|start
|switch|p1a: Integrity|Ninetales-Alola, L50, F|100/100
|switch|p1b: Patience|Primarina, L50, F|100/100
|switch|p2a: Venusaur|Venusaur, L50, F|100/100
|switch|p2b: Araquanid|Araquanid, L50, F, shiny|100/100
|-weather|Snowscape|[from] ability: Snow Warning|[of] p1a: Integrity
|turn|1
|inactive|sum1dum has 30 seconds left.
|inactive|cuz you has 30 seconds left.
|
|t:|1782347982
|detailschange|p2a: Venusaur|Venusaur-Mega, L50, F
|-mega|p2a: Venusaur|Venusaur|Venusaurite
|move|p1a: Integrity|Aurora Veil|p1a: Integrity
|-sidestart|p1: sum1dum|move: Aurora Veil
|move|p2a: Venusaur|Petal Blizzard|p1b: Patience|[spread] p2b,p1a,p1b
|-supereffective|p1b: Patience|1
|-damage|p2b: Araquanid|64/100
|-damage|p1a: Integrity|83/100
|-damage|p1b: Patience|63/100
|move|p2b: Araquanid|Surf|p1a: Integrity|[spread] p2a,p1a,p1b
|-resisted|p2a: Venusaur|1
|-resisted|p1b: Patience|1
|-damage|p2a: Venusaur|84/100
|-damage|p1a: Integrity|61/100
|-damage|p1b: Patience|56/100
|move|p1b: Patience|Calm Mind|p1b: Patience
|-boost|p1b: Patience|spa|1
|-boost|p1b: Patience|spd|1
|
|-weather|Snowscape|[upkeep]
|-heal|p1b: Patience|62/100|[from] item: Leftovers
|upkeep
|turn|2
|
|t:|1782347999
|move|p1a: Integrity|Freeze-Dry|p2b: Araquanid
|-supereffective|p2b: Araquanid|1
|-damage|p2b: Araquanid|13/100
|move|p2a: Venusaur|Petal Blizzard|p1b: Patience|[spread] p2b,p1a,p1b
|-supereffective|p1b: Patience|1
|-damage|p2b: Araquanid|0 fnt
|-damage|p1a: Integrity|45/100
|-damage|p1b: Patience|29/100
|faint|p2b: Araquanid
|move|p1b: Patience|Moonblast|p2a: Venusaur
|-resisted|p2a: Venusaur|1
|-damage|p2a: Venusaur|44/100
|
|-weather|Snowscape|[upkeep]
|-heal|p1b: Patience|35/100|[from] item: Leftovers
|upkeep
|
|t:|1782348009
|switch|p2b: Heliolisk|Heliolisk, L50, F, shiny|100/100
|turn|3
|
|t:|1782348024
|move|p2b: Heliolisk|Electrify|p1a: Integrity
|-singleturn|p1a: Integrity|move: Electrify
|move|p1a: Integrity|Freeze-Dry|p2a: Venusaur
|-resisted|p2a: Venusaur|1
|-damage|p2a: Venusaur|34/100
|move|p2a: Venusaur|Synthesis|p2a: Venusaur
|-heal|p2a: Venusaur|59/100
|move|p1b: Patience|Hyper Voice|p2a: Venusaur|[spread] p2a,p2b
|-resisted|p2a: Venusaur|1
|-crit|p2b: Heliolisk
|-damage|p2a: Venusaur|30/100
|-damage|p2b: Heliolisk|1/100
|
|-weather|Snowscape|[upkeep]
|-heal|p1b: Patience|41/100|[from] item: Leftovers
|upkeep
|turn|4
|inactive|sum1dum has 30 seconds left.
|
|t:|1782348052
|move|p2b: Heliolisk|Electrify|p1b: Patience
|-singleturn|p1b: Patience|move: Electrify
|move|p1a: Integrity|Freeze-Dry|p2b: Heliolisk
|-damage|p2b: Heliolisk|0 fnt
|faint|p2b: Heliolisk
|move|p2a: Venusaur|Synthesis|p2a: Venusaur
|-heal|p2a: Venusaur|56/100
|move|p1b: Patience|Moonblast|p2a: Venusaur
|-resisted|p2a: Venusaur|1
|-damage|p2a: Venusaur|30/100
|
|-weather|Snowscape|[upkeep]
|-heal|p1b: Patience|47/100|[from] item: Leftovers
|upkeep
|
|t:|1782348063
|switch|p2b: Delphox|Delphox, L50, M, shiny|100/100
|turn|5
|
|t:|1782348071
|switch|p1a: Justice|Incineroar, L50, F|100/100
|-ability|p1a: Justice|Intimidate|boost
|-unboost|p2a: Venusaur|atk|1
|-unboost|p2b: Delphox|atk|1
|move|p2a: Venusaur|Petal Blizzard|p1a: Justice|[spread] p2b,p1a,p1b
|-resisted|p2b: Delphox|1
|-resisted|p1a: Justice|1
|-supereffective|p1b: Patience|1
|-damage|p2b: Delphox|88/100
|-damage|p1a: Justice|95/100
|-damage|p1b: Patience|27/100
|move|p2b: Delphox|Copycat|p2b: Delphox
|move|p2b: Delphox|Petal Blizzard|p1b: Patience|[from] move: Copycat|[spread] p2a,p1a,p1b
|-resisted|p2a: Venusaur|2
|-resisted|p1a: Justice|1
|-supereffective|p1b: Patience|1
|-damage|p2a: Venusaur|28/100
|-damage|p1a: Justice|94/100
|-damage|p1b: Patience|17/100
|move|p1b: Patience|Hyper Voice|p2a: Venusaur|[spread] p2a,p2b
|-resisted|p2a: Venusaur|1
|-supereffective|p2b: Delphox|1
|-damage|p2a: Venusaur|2/100
|-damage|p2b: Delphox|0 fnt
|faint|p2b: Delphox
|
|-weather|none
|-heal|p1b: Patience|22/100|[from] item: Leftovers
|upkeep
|turn|6
|-message|cuz you forfeited.
|raw|sum1dum's rating: 1072 → 1095(+23 for winning)
|raw|cuz you's rating: 1000 → 1000(+0 for losing)
|
|win|sum1dum
