|j|☆Mashuno
|j|☆SelvesterTheYAK
|html|MashunoSelvesterTheYAK    
|uhtml|bestof|Game 3 of a best-of-3
|t:|1757633062
|gametype|doubles
|player|p1|Mashuno|pokekid|1078
|player|p2|SelvesterTheYAK|2|1107
|gen|9
|tier|[Gen 9] VGC 2025 Reg H (Bo3)
|rated|
|rule|Species Clause: Limit one of each Pokémon
|rule|Item Clause: Limit 1 of each item
|clearpoke
|poke|p1|Pelipper, L50, F|
|poke|p1|Archaludon, L50, M|
|poke|p1|Blastoise, L50, M|
|poke|p1|Dragonite, L50, F|
|poke|p1|Indeedee-F, L50, F|
|poke|p1|Sneasler, L50, M|
|poke|p2|Tyranitar, L50, M|
|poke|p2|Arcanine-Hisui, L50, M|
|poke|p2|Gholdengo, L50|
|poke|p2|Corviknight, L50, F|
|poke|p2|Amoonguss, L50, F|
|poke|p2|Garchomp, L50, F|
|teampreview|4
|showteam|p1|Pelipper||ChoiceScarf|Drizzle|Tailwind,Hurricane,WeatherBall,HelpingHand|||F|||50|,,,,,Ghost]Archaludon||AssaultVest|Stamina|ElectroShot,BodyPress,FlashCannon,DracoMeteor|||M|||50|,,,,,Ghost]Blastoise||MysticWater|RainDish|Protect,ShellSmash,WaterSpout,WaterPledge|||M|||50|,,,,,Water]Dragonite||LoadedDice|InnerFocus|Protect,ScaleShot,StompingTantrum,Haze|||F|||50|,,,,,Steel]Indeedee-F||SafetyGoggles|PsychicSurge|Psychic,FollowMe,TrickRoom,Imprison|||F|||50|,,,,,Fairy]Sneasler||PsychicSeed|Unburden|Protect,DireClaw,CloseCombat,ThroatChop|||M|||50|,,,,,Stellar
|showteam|p2|Tyranitar||AssaultVest|SandStream|RockSlide,KnockOff,TeraBlast,LowKick|||M|||50|,,,,,Flying]Arcanine-Hisui||ClearAmulet|Intimidate|RockSlide,FlareBlitz,ExtremeSpeed,Protect|||M|||50|,,,,,Water]Gholdengo||MetalCoat|GoodasGold|MakeItRain,ShadowBall,NastyPlot,Protect||||||50|,,,,,Flying]Corviknight||CovertCloak|MirrorArmor|BraveBird,Tailwind,Taunt,BulkUp|||F|||50|,,,,,Dragon]Amoonguss||SitrusBerry|Regenerator|Spore,RagePowder,ClearSmog,Protect|||F|||50|,,,,,Water]Garchomp||LifeOrb|RoughSkin|Earthquake,DragonClaw,StompingTantrum,Protect|||F|||50|,,,,,Steel
|inactive|Battle timer is ON: inactive players will automatically lose when time's up. (requested by SelvesterTheYAK)
|inactive|Mashuno has 60 seconds left.
|inactive|Mashuno has 30 seconds left.
|
|t:|1757633154
|teamsize|p1|4
|teamsize|p2|4
|start
|switch|p1a: Indeedee|Indeedee-F, L50, F|100/100
|switch|p1b: Archaludon|Archaludon, L50, M|100/100
|switch|p2a: Tyranitar|Tyranitar, L50, M|100/100
|switch|p2b: Garchomp|Garchomp, L50, F|100/100
|-fieldstart|move: Psychic Terrain|[from] ability: Psychic Surge|[of] p1a: Indeedee
|-weather|Sandstorm|[from] ability: Sand Stream|[of] p2a: Tyranitar
|turn|1
|inactive|Mashuno has 30 seconds left.
|inactive|SelvesterTheYAK has 30 seconds left.
|inactive|Mashuno has 20 seconds left.
|inactive|Mashuno has 15 seconds left.
|inactive|Mashuno has 10 seconds left.
|inactive|Mashuno has 5 seconds left.
|
|t:|1757633208
|switch|p1a: Pelipper|Pelipper, L50, F|100/100
|-weather|RainDance|[from] ability: Drizzle|[of] p1a: Pelipper
|-terastallize|p1b: Archaludon|Ghost
|move|p2b: Garchomp|Protect|p2b: Garchomp
|-singleturn|p2b: Garchomp|Protect
|move|p1b: Archaludon|Electro Shot||[still]
|-prepare|p1b: Archaludon|Electro Shot
|-boost|p1b: Archaludon|spa|1
|-anim|p1b: Archaludon|Electro Shot|p2a: Tyranitar
|-damage|p2a: Tyranitar|64/100
|move|p2a: Tyranitar|Knock Off|p1a: Pelipper
|-damage|p1a: Pelipper|21/100
|-enditem|p1a: Pelipper|Choice Scarf|[from] move: Knock Off|[of] p2a: Tyranitar
|
|-weather|RainDance|[upkeep]
|upkeep
|turn|2
|inactive|Mashuno has 30 seconds left.
|inactive|SelvesterTheYAK has 30 seconds left.
|inactive|Mashuno has 20 seconds left.
|inactive|Mashuno has 15 seconds left.
|
|t:|1757633253
|switch|p2a: Amoonguss|Amoonguss, L50, F|100/100
|-terastallize|p2b: Garchomp|Steel
|move|p2b: Garchomp|Dragon Claw|p1a: Pelipper
|-damage|p1a: Pelipper|0 fnt
|faint|p1a: Pelipper
|-damage|p2b: Garchomp|91/100|[from] item: Life Orb
|move|p1b: Archaludon|Electro Shot||[still]
|-prepare|p1b: Archaludon|Electro Shot
|-boost|p1b: Archaludon|spa|1
|-anim|p1b: Archaludon|Electro Shot|p2a: Amoonguss
|-resisted|p2a: Amoonguss
|-damage|p2a: Amoonguss|68/100
|
|-weather|RainDance|[upkeep]
|upkeep
|l|☆SelvesterTheYAK
|inactive|SelvesterTheYAK disconnected and has a minute to reconnect!
|player|p2|
|inactive|Mashuno has 30 seconds left.
|j|☆SelvesterTheYAK
|inactive|SelvesterTheYAK reconnected.
|player|p2|SelvesterTheYAK|2|
|inactive|Mashuno has 20 seconds left.
|inactive|Mashuno has 15 seconds left.
|
|t:|1757633293
|switch|p1a: Blastoise|Blastoise, L50, M|100/100
|turn|3
|
|t:|1757633318
|switch|p1b: Indeedee|Indeedee-F, L50, F|100/100
|move|p2b: Garchomp|Protect|p2b: Garchomp
|-singleturn|p2b: Garchomp|Protect
|move|p1a: Blastoise|Protect|p1a: Blastoise
|-singleturn|p1a: Blastoise|Protect
|move|p2a: Amoonguss|Spore|p1b: Indeedee
|-activate|p1b: Indeedee|item: Safety Goggles|Spore
|
|-weather|RainDance|[upkeep]
|upkeep
|turn|4
|
|t:|1757633343
|switch|p2a: Tyranitar|Tyranitar, L50, M|64/100
|-weather|Sandstorm|[from] ability: Sand Stream|[of] p2a: Tyranitar
|move|p1b: Indeedee|Follow Me|p1b: Indeedee
|-singleturn|p1b: Indeedee|move: Follow Me
|move|p2b: Garchomp|Dragon Claw|p1b: Indeedee
|-damage|p1b: Indeedee|47/100
|-damage|p2b: Garchomp|81/100|[from] item: Life Orb
|move|p1a: Blastoise|Shell Smash|p1a: Blastoise
|-unboost|p1a: Blastoise|def|1
|-unboost|p1a: Blastoise|spd|1
|-boost|p1a: Blastoise|atk|2
|-boost|p1a: Blastoise|spa|2
|-boost|p1a: Blastoise|spe|2
|
|-weather|Sandstorm|[upkeep]
|-damage|p1a: Blastoise|94/100|[from] Sandstorm
|upkeep
|turn|5
|inactive|Mashuno has 30 seconds left.
|inactive|SelvesterTheYAK has 30 seconds left.
|inactive|SelvesterTheYAK has 20 seconds left.
|inactive|Mashuno has 20 seconds left.
|
|t:|1757633384
|switch|p2a: Amoonguss|Amoonguss, L50, F|100/100
|move|p1b: Indeedee|Follow Me|p1b: Indeedee
|-singleturn|p1b: Indeedee|move: Follow Me
|move|p1a: Blastoise|Water Spout|p2a: Amoonguss|[spread] p2a,p2b
|-resisted|p2a: Amoonguss
|-damage|p2a: Amoonguss|52/100
|-damage|p2b: Garchomp|0 fnt
|faint|p2b: Garchomp
|
|-weather|Sandstorm|[upkeep]
|-damage|p1a: Blastoise|88/100|[from] Sandstorm
|-damage|p2a: Amoonguss|46/100|[from] Sandstorm
|-enditem|p2a: Amoonguss|Sitrus Berry|[eat]
|-heal|p2a: Amoonguss|71/100|[from] item: Sitrus Berry
|-fieldend|move: Psychic Terrain
|upkeep
|
|t:|1757633402
|switch|p2b: Gholdengo|Gholdengo, L50|100/100
|turn|6
|inactive|Mashuno has 30 seconds left.
|
|t:|1757633436
|switch|p1b: Archaludon|Archaludon, L50, M, tera:Ghost|100/100
|move|p2a: Amoonguss|Rage Powder|p2a: Amoonguss
|-singleturn|p2a: Amoonguss|move: Rage Powder
|move|p1a: Blastoise|Water Spout|p2a: Amoonguss|[spread] p2a,p2b
|-resisted|p2a: Amoonguss
|-damage|p2a: Amoonguss|24/100
|-damage|p2b: Gholdengo|0 fnt
|faint|p2b: Gholdengo
|
|-weather|Sandstorm|[upkeep]
|-damage|p1a: Blastoise|82/100|[from] Sandstorm
|-damage|p1b: Archaludon|94/100|[from] Sandstorm
|-damage|p2a: Amoonguss|18/100|[from] Sandstorm
|upkeep
|
|t:|1757633454
|switch|p2b: Tyranitar|Tyranitar, L50, M|64/100
|turn|7
|
|t:|1757633470
|move|p1a: Blastoise|Water Spout|p2a: Amoonguss|[spread] p2a,p2b
|-resisted|p2a: Amoonguss
|-supereffective|p2b: Tyranitar
|-damage|p2a: Amoonguss|0 fnt
|-damage|p2b: Tyranitar|0 fnt
|faint|p2a: Amoonguss
|faint|p2b: Tyranitar
|
|win|Mashuno
|raw|Mashuno's rating: 1078 → 1109(+31 for winning)
|raw|SelvesterTheYAK's rating: 1107 → 1080(-27 for losing)
|c|☆Mashuno|gg wp
|l|☆SelvesterTheYAK
|player|p2|
