|j|☆Bruneauxx
|j|☆AUBrigade
|html|BruneauxxAUBrigade    
|uhtml|bestof|Game 1 of a best-of-3
|t:|1756949143
|gametype|doubles
|player|p1|Bruneauxx|fisherman-gen4|1198
|player|p2|AUBrigade|morty|1260
|gen|9
|tier|[Gen 9] VGC 2025 Reg H (Bo3)
|rated|
|rule|Species Clause: Limit one of each Pokémon
|rule|Item Clause: Limit 1 of each item
|clearpoke
|poke|p1|Braviary-Hisui, L50, M|
|poke|p1|Sneasler, L50, M|
|poke|p1|Indeedee-F, L50, F|
|poke|p1|Pelipper, L50, M|
|poke|p1|Archaludon, L50, F|
|poke|p1|Maushold, L50|
|poke|p2|Sneasler, L50, F|
|poke|p2|Dragonite, L50, F|
|poke|p2|Incineroar, L50, M|
|poke|p2|Magmar, L50, M|
|poke|p2|Ninetales-Alola, L50, F|
|poke|p2|Gholdengo, L50|
|teampreview|4
|showteam|p1|Braviary-Hisui||TwistedSpoon|TintedLens|ExpandingForce,AirSlash,EsperWing,Protect|||M|||50|,,,,,Psychic]Sneasler||PsychicSeed|Unburden|DireClaw,CloseCombat,ThroatChop,Protect|||M|||50|,,,,,Dark]Indeedee-F||SafetyGoggles|PsychicSurge|DazzlingGleam,FollowMe,TrickRoom,HelpingHand|||F|||50|,,,,,Fairy]Pelipper||FocusSash|Drizzle|Hurricane,WeatherBall,Tailwind,Protect|||M|||50|,,,,,Stellar]Archaludon||AssaultVest|Stamina|ElectroShot,Snarl,DragonPulse,BodyPress|||F|||50|,,,,,Grass]Maushold||WideLens|Technician|PopulationBomb,SuperFang,Encore,Protect||||||50|,,,,,Ghost
|showteam|p2|Sneasler||WhiteHerb|Unburden|DireClaw,Protect,Coaching,CloseCombat|||F|||50|,,,,,Ghost]Dragonite||LoadedDice|Multiscale|ScaleShot,ExtremeSpeed,IceSpinner,Protect|||F|||50|,,,,,Steel]Incineroar||AssaultVest|Intimidate|Uturn,KnockOff,FlareBlitz,FakeOut|||M|||50|,,,,,Grass]Magmar||Eviolite|VitalSpirit|ClearSmog,FollowMe,Overheat,Taunt|||M|||50|,,,,,Fairy]Ninetales-Alola||FocusSash|SnowWarning|Protect,Blizzard,FreezeDry,AuroraVeil|||F|||50|,,,,,Ice]Gholdengo||MetalCoat|GoodasGold|MakeItRain,NastyPlot,ShadowBall,Protect||||||50|,,,,,Water
|inactive|Battle timer is ON: inactive players will automatically lose when time's up. (requested by Bruneauxx)
|
|t:|1756949217
|teamsize|p1|4
|teamsize|p2|4
|start
|switch|p1a: Pelipper|Pelipper, L50, M|100/100
|switch|p1b: Archaludon|Archaludon, L50, F|100/100
|switch|p2a: Magmar|Magmar, L50, M|100/100
|switch|p2b: Dragonite|Dragonite, L50, F|100/100
|-weather|RainDance|[from] ability: Drizzle|[of] p1a: Pelipper
|turn|1
|inactive|Bruneauxx has 30 seconds left.
|inactive|AUBrigade has 30 seconds left.
|
|t:|1756949246
|switch|p1a: Indeedee|Indeedee-F, L50, F|100/100
|-fieldstart|move: Psychic Terrain|[from] ability: Psychic Surge|[of] p1a: Indeedee
|switch|p2a: Ninetales|Ninetales-Alola, L50, F|100/100
|-weather|Snowscape|[from] ability: Snow Warning|[of] p2a: Ninetales
|move|p2b: Dragonite|Scale Shot|p1a: Indeedee
|-damage|p1a: Indeedee|85/100
|-damage|p1a: Indeedee|67/100
|-damage|p1a: Indeedee|51/100
|-damage|p1a: Indeedee|34/100
|-crit|p1a: Indeedee
|-damage|p1a: Indeedee|10/100
|-hitcount|p1a: Indeedee|5
|-unboost|p2b: Dragonite|def|1
|-boost|p2b: Dragonite|spe|1
|move|p1b: Archaludon|Electro Shot||[still]
|-prepare|p1b: Archaludon|Electro Shot
|-boost|p1b: Archaludon|spa|1
|
|-weather|Snowscape|[upkeep]
|upkeep
|turn|2
|inactive|AUBrigade has 30 seconds left.
|
|t:|1756949271
|switch|p2a: Magmar|Magmar, L50, M|100/100
|switch|p1a: Pelipper|Pelipper, L50, M|100/100
|-weather|RainDance|[from] ability: Drizzle|[of] p1a: Pelipper
|move|p2b: Dragonite|Ice Spinner|p1a: Pelipper
|-damage|p1a: Pelipper|67/100
|-fieldend|move: Psychic Terrain
|move|p1b: Archaludon|Electro Shot|p2b: Dragonite|[from] lockedmove
|-damage|p2b: Dragonite|65/100
|
|-weather|RainDance|[upkeep]
|upkeep
|turn|3
|inactive|Bruneauxx has 30 seconds left.
|
|t:|1756949302
|move|p2a: Magmar|Follow Me|p2a: Magmar
|-singleturn|p2a: Magmar|move: Follow Me
|move|p2b: Dragonite|Scale Shot|p1a: Pelipper
|-damage|p1a: Pelipper|52/100
|-damage|p1a: Pelipper|34/100
|-damage|p1a: Pelipper|18/100
|-damage|p1a: Pelipper|0 fnt
|faint|p1a: Pelipper
|-hitcount|p1: Pelipper|4
|-unboost|p2b: Dragonite|def|1
|-boost|p2b: Dragonite|spe|1
|move|p1b: Archaludon|Dragon Pulse|p2a: Magmar
|-damage|p2a: Magmar|55/100
|
|-weather|RainDance|[upkeep]
|upkeep
|
|t:|1756949311
|switch|p1a: Braviary|Braviary-Hisui, L50, M|100/100
|turn|4
|
|t:|1756949330
|switch|p2a: Incineroar|Incineroar, L50, M|100/100
|-ability|p2a: Incineroar|Intimidate|boost
|-unboost|p1a: Braviary|atk|1
|-unboost|p1b: Archaludon|atk|1
|move|p2b: Dragonite|Protect|p2b: Dragonite
|-singleturn|p2b: Dragonite|Protect
|move|p1a: Braviary|Protect|p1a: Braviary
|-singleturn|p1a: Braviary|Protect
|move|p1b: Archaludon|Dragon Pulse|p2b: Dragonite
|-activate|p2b: Dragonite|move: Protect
|
|-weather|RainDance|[upkeep]
|upkeep
|turn|5
|
|t:|1756949355
|switch|p1a: Indeedee|Indeedee-F, L50, F|10/100
|-fieldstart|move: Psychic Terrain|[from] ability: Psychic Surge|[of] p1a: Indeedee
|move|p2b: Dragonite|Ice Spinner|p1a: Indeedee
|-damage|p1a: Indeedee|0 fnt
|-fieldend|move: Psychic Terrain
|faint|p1a: Indeedee
|move|p1b: Archaludon|Dragon Pulse|p2b: Dragonite
|-supereffective|p2b: Dragonite
|-damage|p2b: Dragonite|0 fnt
|faint|p2b: Dragonite
|move|p2a: Incineroar|U-turn|p1b: Archaludon
|-resisted|p1b: Archaludon
|-damage|p1b: Archaludon|93/100
|-ability|p1b: Archaludon|Stamina|boost
|-boost|p1b: Archaludon|def|1
|
|t:|1756949371
|switch|p2a: Ninetales|Ninetales-Alola, L50, F|100/100|[from] U-turn
|-weather|Snowscape|[from] ability: Snow Warning|[of] p2a: Ninetales
|
|-weather|Snowscape|[upkeep]
|upkeep
|
|t:|1756949384
|switch|p2b: Incineroar|Incineroar, L50, M|100/100
|switch|p1a: Braviary|Braviary-Hisui, L50, M|100/100
|-ability|p2b: Incineroar|Intimidate|boost
|-unboost|p1a: Braviary|atk|1
|-unboost|p1b: Archaludon|atk|1
|turn|6
|
|t:|1756949395
|-terastallize|p2a: Ninetales|Ice
|-terastallize|p1a: Braviary|Psychic
|move|p2b: Incineroar|Fake Out|p1b: Archaludon
|-resisted|p1b: Archaludon
|-damage|p1b: Archaludon|91/100
|-ability|p1b: Archaludon|Stamina|boost
|-boost|p1b: Archaludon|def|1
|move|p2a: Ninetales|Blizzard|p1a: Braviary|[spread] p1a,p1b
|-damage|p1a: Braviary|52/100
|-damage|p1b: Archaludon|57/100
|-ability|p1b: Archaludon|Stamina|boost
|-boost|p1b: Archaludon|def|1
|cant|p1b: Archaludon|flinch
|move|p1a: Braviary|Esper Wing|p2a: Ninetales
|-crit|p2a: Ninetales
|-enditem|p2a: Ninetales|Focus Sash
|-damage|p2a: Ninetales|1/100
|-boost|p1a: Braviary|spe|1
|
|-weather|Snowscape|[upkeep]
|upkeep
|turn|7
|inactive|Bruneauxx has 30 seconds left.
|inactive|AUBrigade has 30 seconds left.
|
|t:|1756949424
|switch|p2b: Magmar|Magmar, L50, M|55/100
|move|p2a: Ninetales|Protect|p2a: Ninetales
|-singleturn|p2a: Ninetales|Protect
|move|p1a: Braviary|Protect|p1a: Braviary
|-singleturn|p1a: Braviary|Protect
|move|p1b: Archaludon|Body Press|p2a: Ninetales
|-activate|p2a: Ninetales|move: Protect
|
|-weather|Snowscape|[upkeep]
|upkeep
|turn|8
|
|t:|1756949440
|move|p2b: Magmar|Follow Me|p2b: Magmar
|-singleturn|p2b: Magmar|move: Follow Me
|move|p2a: Ninetales|Blizzard|p1a: Braviary|[spread] p1a,p1b
|-damage|p1a: Braviary|0 fnt
|-damage|p1b: Archaludon|29/100
|-ability|p1b: Archaludon|Stamina|boost
|-boost|p1b: Archaludon|def|1
|faint|p1a: Braviary
|move|p1b: Archaludon|Body Press|p2b: Magmar
|-damage|p2b: Magmar|3/100
|
|-weather|Snowscape|[upkeep]
|upkeep
|turn|9
|
|t:|1756949452
|move|p2b: Magmar|Follow Me|p2b: Magmar
|-singleturn|p2b: Magmar|move: Follow Me
|move|p2a: Ninetales|Blizzard|p1b: Archaludon
|-damage|p1b: Archaludon|0 fnt
|faint|p1b: Archaludon
|
|win|AUBrigade
||Bruneauxx is ready for game 2.
