|j|☆TrashTest6116
|j|☆vglabmty
|html|TrashTest6116vglabmty    
|uhtml|bestof|Game 3 of a best-of-3
|t:|1784564866
|gametype|doubles
|player|p1|TrashTest6116|colress|1211
|player|p2|vglabmty|scientist|1152
|gen|9
|tier|[Gen 9 Champions] VGC 2026 Reg M-B (Bo3)
|rated|
|rule|Species Clause: Limit one of each Pokémon
|rule|Item Clause: Limit 1 of each item
|clearpoke
|poke|p1|Garchomp, L50, F|
|poke|p1|Venusaur, L50, F|
|poke|p1|Incineroar, L50, F|
|poke|p1|Charizard, L50, F|
|poke|p1|Toxapex, L50, F|
|poke|p1|Annihilape, L50, M|
|poke|p2|Tyranitar, L50, F|
|poke|p2|Rotom-Mow, L50|
|poke|p2|Farigiraf, L50, M|
|poke|p2|Sneasler, L50, F|
|poke|p2|Houndstone, L50, M|
|poke|p2|Mamoswine, L50, F|
|teampreview|4
|showteam|p1|Garchomp||ChoiceScarf|RoughSkin|Earthquake,RockSlide,DragonClaw,StompingTantrum|Adamant||F|||50|]Venusaur||LifeOrb|Chlorophyll|SludgeBomb,SolarBeam,EarthPower,Protect|Modest||F|||50|]Incineroar||SitrusBerry|Intimidate|FakeOut,FlareBlitz,ThroatChop,PartingShot|Impish||F|||50|]Charizard||CharizarditeY|Blaze|HeatWave,WeatherBall,Protect,HelpingHand|Modest||F|||50|]Toxapex||Leftovers|Regenerator|Infestation,Toxic,WideGuard,BanefulBunker|Impish||F|||50|]Annihilape||FocusSash|Defiant|CloseCombat,PhantomForce,RockTomb,Protect|Jolly||M|||50|
|showteam|p2|Tyranitar||Tyranitarite|SandStream|Protect,DragonDance,Crunch,RockSlide|Adamant||F|||50|]Rotom-Mow||Leftovers|Levitate|WillOWisp,Electroweb,LeafStorm,Protect|Calm|||||50|]Farigiraf||SitrusBerry|ArmorTail|HelpingHand,TrickRoom,TwinBeam,Thunderbolt|Relaxed||M|||50|]Sneasler||WhiteHerb|Unburden|FakeOut,DireClaw,CloseCombat,ThroatChop|Adamant||F|||50|]Houndstone||ColburBerry|SandRush|Protect,LastRespects,ShadowSneak,BodyPress|Adamant||M|||50|]Mamoswine||LifeOrb|Oblivious|HighHorsepower,IceShard,Protect,RockSlide|Jolly||F|||50|
|inactive|Battle timer is ON: inactive players will automatically lose when time's up. (requested by vglabmty)
|
|t:|1784564893
|teamsize|p1|4
|teamsize|p2|4
|start
|switch|p1a: Garchomp|Garchomp, L50, F|100/100
|switch|p1b: Toxapex|Toxapex, L50, F|100/100
|switch|p2a: Farigiraf|Farigiraf, L50, M|100/100
|switch|p2b: Mamoswine|Mamoswine, L50, F|100/100
|turn|1
|
|t:|1784564909
|switch|p1a: Annihilape|Annihilape, L50, M|100/100
|move|p2a: Farigiraf|Helping Hand|p2b: Mamoswine
|-singleturn|p2b: Mamoswine|Helping Hand|[of] p2a: Farigiraf
|move|p2b: Mamoswine|Ice Shard|p1a: Annihilape
|-damage|p1a: Annihilape|56/100
|-damage|p2b: Mamoswine|90/100|[from] item: Life Orb
|move|p1b: Toxapex|Toxic|p2b: Mamoswine
|-status|p2b: Mamoswine|tox
|
|-damage|p2b: Mamoswine|84/100 tox|[from] psn
|upkeep
|turn|2
|
|t:|1784564924
|move|p2b: Mamoswine|Protect|p2b: Mamoswine
|-singleturn|p2b: Mamoswine|Protect
|move|p1a: Annihilape|Close Combat|p2b: Mamoswine
|-activate|p2b: Mamoswine|move: Protect
|move|p2a: Farigiraf|Twin Beam|p1a: Annihilape
|-supereffective|p1a: Annihilape|1
|-damage|p1a: Annihilape|22/100
|-supereffective|p1a: Annihilape|1
|-damage|p1a: Annihilape|0 fnt
|faint|p1a: Annihilape
|-hitcount|p1: Annihilape|2
|move|p1b: Toxapex|Toxic|p2a: Farigiraf
|-status|p2a: Farigiraf|tox
|
|-damage|p2b: Mamoswine|72/100 tox|[from] psn
|-damage|p2a: Farigiraf|93/100 tox|[from] psn
|upkeep
|
|t:|1784564939
|switch|p1a: Charizard|Charizard, L50, F|100/100
|turn|3
|
|t:|1784564954
|switch|p2b: Tyranitar|Tyranitar, L50, F|100/100
|-weather|Sandstorm|[from] ability: Sand Stream|[of] p2b: Tyranitar
|detailschange|p1a: Charizard|Charizard-Mega-Y, L50, F
|-mega|p1a: Charizard|Charizard|Charizardite Y
|-weather|SunnyDay|[from] ability: Drought|[of] p1a: Charizard
|move|p1b: Toxapex|Baneful Bunker|p1b: Toxapex
|-singleturn|p1b: Toxapex|move: Protect
|move|p1a: Charizard|Heat Wave|p2a: Farigiraf|[spread] p2a,p2b
|-resisted|p2b: Tyranitar|1
|-damage|p2a: Farigiraf|31/100 tox
|-damage|p2b: Tyranitar|67/100
|-enditem|p2a: Farigiraf|Sitrus Berry|[eat]
|-heal|p2a: Farigiraf|56/100 tox|[from] item: Sitrus Berry
|move|p2a: Farigiraf|Twin Beam|p1b: Toxapex
|-activate|p1b: Toxapex|move: Protect
|
|-weather|SunnyDay|[upkeep]
|-damage|p2a: Farigiraf|44/100 tox|[from] psn
|upkeep
|turn|4
|
|t:|1784564970
|switch|p1a: Garchomp|Garchomp, L50, F|100/100
|detailschange|p2b: Tyranitar|Tyranitar-Mega, L50, F
|-mega|p2b: Tyranitar|Tyranitar|Tyranitarite
|-weather|Sandstorm|[from] ability: Sand Stream|[of] p2b: Tyranitar
|move|p2b: Tyranitar|Dragon Dance|p2b: Tyranitar
|-boost|p2b: Tyranitar|atk|1
|-boost|p2b: Tyranitar|spe|1
|move|p2a: Farigiraf|Twin Beam|p1b: Toxapex
|-supereffective|p1b: Toxapex|1
|-damage|p1b: Toxapex|79/100
|-supereffective|p1b: Toxapex|1
|-damage|p1b: Toxapex|59/100
|-hitcount|p1b: Toxapex|2
|move|p1b: Toxapex|Toxic|p2b: Tyranitar
|-status|p2b: Tyranitar|tox
|
|-weather|Sandstorm|[upkeep]
|-damage|p2a: Farigiraf|37/100 tox|[from] Sandstorm
|-damage|p1b: Toxapex|53/100|[from] Sandstorm
|-heal|p1b: Toxapex|59/100|[from] item: Leftovers
|-damage|p2b: Tyranitar|61/100 tox|[from] psn
|-damage|p2a: Farigiraf|19/100 tox|[from] psn
|upkeep
|turn|5
|
|t:|1784564989
|move|p2b: Tyranitar|Protect|p2b: Tyranitar
|-singleturn|p2b: Tyranitar|Protect
|move|p1b: Toxapex|Wide Guard|p1b: Toxapex
|-singleturn|p1b: Toxapex|Wide Guard
|move|p1a: Garchomp|Earthquake|p2b: Tyranitar|[spread] p2a
|-activate|p1b: Toxapex|move: Wide Guard
|-activate|p2b: Tyranitar|move: Protect
|-damage|p2a: Farigiraf|0 fnt
|faint|p2a: Farigiraf
|
|-weather|Sandstorm|[upkeep]
|-damage|p1b: Toxapex|53/100|[from] Sandstorm
|-heal|p1b: Toxapex|59/100|[from] item: Leftovers
|-damage|p2b: Tyranitar|49/100 tox|[from] psn
|upkeep
|
|t:|1784564999
|switch|p2a: Mamoswine|Mamoswine, L50, F|72/100 tox
|turn|6
|
|t:|1784565009
|switch|p1a: Charizard|Charizard-Mega-Y, L50, F|100/100
|-weather|SunnyDay|[from] ability: Drought|[of] p1a: Charizard
|move|p1b: Toxapex|Wide Guard|p1b: Toxapex
|-singleturn|p1b: Toxapex|Wide Guard
|move|p2a: Mamoswine|Ice Shard|p1a: Charizard
|-damage|p1a: Charizard|69/100
|-damage|p2a: Mamoswine|63/100 tox|[from] item: Life Orb
|move|p2b: Tyranitar|Dragon Dance|p2b: Tyranitar
|-boost|p2b: Tyranitar|atk|1
|-boost|p2b: Tyranitar|spe|1
|
|-weather|SunnyDay|[upkeep]
|-heal|p1b: Toxapex|64/100|[from] item: Leftovers
|-damage|p2b: Tyranitar|30/100 tox|[from] psn
|-damage|p2a: Mamoswine|57/100 tox|[from] psn
|upkeep
|turn|7
|inactive|TrashTest6116 has 30 seconds left.
|
|t:|1784565042
|-heal|p1b: Toxapex|98/100|[from] ability: Regenerator|[silent]
|switch|p1b: Garchomp|Garchomp, L50, F|100/100
|move|p2b: Tyranitar|Crunch|p1a: Charizard
|-damage|p1a: Charizard|0 fnt
|faint|p1a: Charizard
|move|p2a: Mamoswine|High Horsepower|p1b: Garchomp
|-damage|p1b: Garchomp|43/100
|-damage|p2a: Mamoswine|44/100 tox|[from] ability: Rough Skin|[of] p1b: Garchomp
|-damage|p2a: Mamoswine|35/100 tox|[from] item: Life Orb
|
|-weather|SunnyDay|[upkeep]
|-damage|p2b: Tyranitar|5/100 tox|[from] psn
|-damage|p2a: Mamoswine|23/100 tox|[from] psn
|upkeep
|c|☆vglabmty|broo
|
|t:|1784565049
|switch|p1a: Toxapex|Toxapex, L50, F|98/100
|turn|8
|c|☆vglabmty|me pasaslos stats de tu toxa??
|c|☆TrashTest6116|english?
|
|t:|1784565067
|move|p1a: Toxapex|Baneful Bunker|p1a: Toxapex
|-singleturn|p1a: Toxapex|move: Protect
|move|p2a: Mamoswine|Ice Shard|p1b: Garchomp
|-supereffective|p1b: Garchomp|2
|-damage|p1b: Garchomp|0 fnt
|faint|p1b: Garchomp
|-damage|p2a: Mamoswine|13/100 tox|[from] item: Life Orb
|move|p2b: Tyranitar|Crunch|p1a: Toxapex
|-activate|p1a: Toxapex|move: Protect
|
|-weather|SunnyDay|[upkeep]
|-heal|p1a: Toxapex|100/100|[from] item: Leftovers
|-damage|p2b: Tyranitar|0 fnt|[from] psn
|faint|p2b: Tyranitar
|-damage|p2a: Mamoswine|0 fnt|[from] psn
|faint|p2a: Mamoswine
|upkeep
|c|☆vglabmty|mmmm toxa stats
|c|☆vglabmty|repart?
|
|t:|1784565085
|switch|p2b: Houndstone|Houndstone, L50, M|100/100
|turn|9
|c|☆TrashTest6116|u realy dont speak english do you?
|
|t:|1784565094
|move|p2b: Houndstone|Last Respects|p1a: Toxapex
|-damage|p1a: Toxapex|24/100
|move|p1a: Toxapex|Toxic|p2b: Houndstone
|-status|p2b: Houndstone|tox
|
|-weather|SunnyDay|[upkeep]
|-heal|p1a: Toxapex|30/100|[from] item: Leftovers
|-damage|p2b: Houndstone|93/100 tox|[from] psn
|upkeep
|turn|10
|c|☆vglabmty|not bro
|c|☆TrashTest6116|why are you the cry baby btw
|inactive|vglabmty has 30 seconds left.
|c|☆TrashTest6116|you have an insane match up
|c|☆TrashTest6116|that you lost one game is embarrasing for you
|inactive|vglabmty has 20 seconds left.
|
|t:|1784565132
|move|p1a: Toxapex|Baneful Bunker|p1a: Toxapex
|-singleturn|p1a: Toxapex|move: Protect
|move|p2b: Houndstone|Last Respects|p1a: Toxapex
|-activate|p1a: Toxapex|move: Protect
|
|-weather|none
|-heal|p1a: Toxapex|36/100|[from] item: Leftovers
|-damage|p2b: Houndstone|81/100 tox|[from] psn
|upkeep
|turn|11
|
|t:|1784565140
|move|p1a: Toxapex|Baneful Bunker||[still]
|-fail|p1a: Toxapex
|move|p2b: Houndstone|Last Respects|p1a: Toxapex
|-damage|p1a: Toxapex|0 fnt
|faint|p1a: Toxapex
|
|win|vglabmty
|raw|TrashTest6116's rating: 1211 → 1182(-29 for losing)
|raw|vglabmty's rating: 1152 → 1181(+29 for winning)
