|j|☆Gastrosophilipp
|j|☆iceman5687
|html|Gastrosophilippiceman5687    
|uhtml|bestof|Game 1 of a best-of-3
|t:|1785865539
|gametype|doubles
|player|p1|Gastrosophilipp|juan|
|player|p2|iceman5687|265|
|gen|9
|tier|[Gen 9 Champions] VGC 2026 Reg M-B (Bo3)
|rule|Species Clause: Limit one of each Pokémon
|rule|Item Clause: Limit 1 of each item
|clearpoke
|poke|p1|Sinistcha, L50|
|poke|p1|Incineroar, L50, M|
|poke|p1|Milotic, L50, F|
|poke|p1|Raichu, L50, M|
|poke|p1|Floette-Eternal, L50, F|
|poke|p1|Ceruledge, L50, M|
|poke|p2|Charizard, L50, M|
|poke|p2|Grimmsnarl, L50, M|
|poke|p2|Pelipper, L50, M|
|poke|p2|Archaludon, L50, F|
|poke|p2|Basculegion, L50, M|
|poke|p2|Venusaur, L50, M|
|teampreview|4
|showteam|p1|Sinistcha||KasibBerry|Hospitality|MatchaGotcha,LifeDew,RagePowder,Protect|Relaxed|||||50|]Incineroar||SitrusBerry|Intimidate|FlareBlitz,ThroatChop,FakeOut,PartingShot|Impish||M|||50|]Milotic||Leftovers|Competitive|MuddyWater,Coil,Hypnosis,Protect|Calm||F|||50|]Raichu||RaichuniteY|LightningRod|ZapCannon,FocusBlast,FakeOut,Protect|Timid||M|||50|]Floette-Eternal||Floettite|FlowerVeil|DazzlingGleam,DrainingKiss,CalmMind,Protect|Timid||F|||50|]Ceruledge||FocusSash|FlashFire|BitterBlade,ShadowSneak,BulkUp,Protect|Adamant||M|||50|
|showteam|p2|Charizard||CharizarditeY|Blaze|Protect,HeatWave,WeatherBall,SolarBeam|Modest||M|||50|]Grimmsnarl||LightClay|Prankster|SpiritBreak,Reflect,LightScreen,PartingShot|Sassy||M|||50|]Pelipper||SitrusBerry|Drizzle|Hurricane,WeatherBall,Tailwind,WideGuard|Modest||M|||50|]Archaludon||Leftovers|Stamina|Protect,ElectroShot,DragonPulse,FlashCannon|Calm||F|||50|]Basculegion||ChoiceScarf|Adaptability|FlipTurn,WaveCrash,AquaJet,LastRespects|Jolly||M|||50|]Venusaur||FocusSash|Chlorophyll|Protect,SleepPowder,SludgeBomb,EarthPower|Modest||M|||50|
|inactive|Battle timer is ON: inactive players will automatically lose when time's up. (requested by Gastrosophilipp)
|inactive|Gastrosophilipp has 60 seconds left.
|inactive|iceman5687 has 60 seconds left.
|
|t:|1785865595
|teamsize|p1|4
|teamsize|p2|4
|start
|switch|p1a: Raichu|Raichu, L50, M|100/100
|switch|p1b: Incineroar|Incineroar, L50, M|100/100
|switch|p2a: Archaludon|Archaludon, L50, F|100/100
|switch|p2b: Basculegion|Basculegion, L50, M|100/100
|-ability|p1b: Incineroar|Intimidate|boost
|-unboost|p2a: Archaludon|atk|1
|-unboost|p2b: Basculegion|atk|1
|turn|1
|inactive|Gastrosophilipp has 30 seconds left.
|inactive|Gastrosophilipp has 20 seconds left.
|inactive|Gastrosophilipp has 15 seconds left.
|inactive|Gastrosophilipp has 10 seconds left.
|inactive|Gastrosophilipp has 5 seconds left.
|
|t:|1785865650
|switch|p2a: Pelipper|Pelipper, L50, M|100/100
|-weather|RainDance|[from] ability: Drizzle|[of] p2a: Pelipper
|detailschange|p1a: Raichu|Raichu-Mega-Y, L50, M
|-mega|p1a: Raichu|Raichu|Raichunite Y
|move|p2b: Basculegion|Wave Crash|p1a: Raichu
|-damage|p1a: Raichu|0 fnt
|faint|p1a: Raichu
|-damage|p2b: Basculegion|72/100|[from] Recoil
|move|p1b: Incineroar|Parting Shot|p2a: Pelipper
|-unboost|p2a: Pelipper|atk|1
|-unboost|p2a: Pelipper|spa|1
|
|t:|1785865667
|switch|p1b: Sinistcha|Sinistcha, L50|100/100|[from] Parting Shot
|
|-weather|RainDance|[upkeep]
|upkeep
|
|t:|1785865672
|switch|p1a: Incineroar|Incineroar, L50, M|100/100
|-ability|p1a: Incineroar|Intimidate|boost
|-unboost|p2a: Pelipper|atk|1
|-unboost|p2b: Basculegion|atk|1
|turn|2
|
|t:|1785865690
|switch|p2b: Archaludon|Archaludon, L50, F|100/100
|move|p2a: Pelipper|Hurricane|p1b: Sinistcha
|-supereffective|p1b: Sinistcha|1
|-damage|p1b: Sinistcha|52/100
|-start|p1b: Sinistcha|confusion
|move|p1a: Incineroar|Parting Shot|p2b: Archaludon
|-unboost|p2b: Archaludon|atk|1
|-unboost|p2b: Archaludon|spa|1
|
|t:|1785865699
|switch|p1a: Ceruledge|Ceruledge, L50, M|100/100|[from] Parting Shot
|-activate|p1b: Sinistcha|confusion
|move|p1b: Sinistcha|Matcha Gotcha|p2b: Archaludon|[spread] p2a
|-miss|p1b: Sinistcha|p2b: Archaludon
|-damage|p2a: Pelipper|73/100
|-heal|p1b: Sinistcha|65/100|[from] drain|[of] p2a: Pelipper
|-status|p2a: Pelipper|brn
|
|-weather|RainDance|[upkeep]
|-damage|p2a: Pelipper|67/100 brn|[from] brn
|upkeep
|turn|3
|inactive|Gastrosophilipp has 30 seconds left.
|inactive|Gastrosophilipp has 20 seconds left.
|inactive|Gastrosophilipp has 15 seconds left.
|inactive|Gastrosophilipp has 10 seconds left.
|
|t:|1785865747
|switch|p2a: Grimmsnarl|Grimmsnarl, L50, M|100/100
|move|p1a: Ceruledge|Protect|p1a: Ceruledge
|-singleturn|p1a: Ceruledge|Protect
|move|p2b: Archaludon|Electro Shot||[still]
|-prepare|p2b: Archaludon|Electro Shot
|-boost|p2b: Archaludon|spa|1
|-anim|p2b: Archaludon|Electro Shot|p1a: Ceruledge
|-activate|p1a: Ceruledge|move: Protect
|-activate|p1b: Sinistcha|confusion
|-damage|p1b: Sinistcha|60/100|[from] confusion
|
|-weather|RainDance|[upkeep]
|upkeep
|turn|4
|inactive|Gastrosophilipp has 30 seconds left.
|
|t:|1785865778
|-end|p1b: Sinistcha|confusion
|move|p1b: Sinistcha|Rage Powder|p1b: Sinistcha
|-singleturn|p1b: Sinistcha|move: Rage Powder
|move|p2a: Grimmsnarl|Reflect|p2a: Grimmsnarl
|-sidestart|p2: iceman5687|Reflect
|move|p2b: Archaludon|Electro Shot||[still]
|-prepare|p2b: Archaludon|Electro Shot
|-boost|p2b: Archaludon|spa|1
|-anim|p2b: Archaludon|Electro Shot|p1b: Sinistcha
|-resisted|p1b: Sinistcha|1
|-damage|p1b: Sinistcha|34/100
|move|p1a: Ceruledge|Bulk Up|p1a: Ceruledge
|-boost|p1a: Ceruledge|atk|1
|-boost|p1a: Ceruledge|def|1
|
|-weather|RainDance|[upkeep]
|upkeep
|turn|5
|inactive|Gastrosophilipp has 30 seconds left.
|
|t:|1785865806
|move|p2b: Archaludon|Electro Shot||[still]
|-prepare|p2b: Archaludon|Electro Shot
|-boost|p2b: Archaludon|spa|1
|-anim|p2b: Archaludon|Electro Shot|p1b: Sinistcha
|-resisted|p1b: Sinistcha|1
|-damage|p1b: Sinistcha|1/100
|move|p1a: Ceruledge|Bitter Blade|p2b: Archaludon
|-damage|p2b: Archaludon|83/100
|-ability|p2b: Archaludon|Stamina|boost
|-boost|p2b: Archaludon|def|1
|move|p1b: Sinistcha|Life Dew||[still]|[spread] p1a,p1b
|-fail|p1a: Ceruledge|heal
|-heal|p1b: Sinistcha|26/100
|move|p2a: Grimmsnarl|Spirit Break|p1b: Sinistcha
|-damage|p1b: Sinistcha|1/100
|-unboost|p1b: Sinistcha|spa|1
|
|-weather|none
|-heal|p2b: Archaludon|89/100|[from] item: Leftovers
|upkeep
|turn|6
|inactive|Gastrosophilipp has 30 seconds left.
|inactive|iceman5687 has 30 seconds left.
|inactive|Gastrosophilipp has 20 seconds left.
|inactive|Gastrosophilipp has 15 seconds left.
|
|t:|1785865847
|move|p1b: Sinistcha|Protect|p1b: Sinistcha
|-singleturn|p1b: Sinistcha|Protect
|move|p2a: Grimmsnarl|Parting Shot|p1a: Ceruledge
|-unboost|p1a: Ceruledge|atk|1
|-unboost|p1a: Ceruledge|spa|1
|
|t:|1785865851
|switch|p2a: Pelipper|Pelipper, L50, M|67/100 brn|[from] Parting Shot
|-weather|RainDance|[from] ability: Drizzle|[of] p2a: Pelipper
|move|p2b: Archaludon|Dragon Pulse|p1b: Sinistcha
|-activate|p1b: Sinistcha|move: Protect
|move|p1a: Ceruledge|Bitter Blade|p2b: Archaludon
|-damage|p2b: Archaludon|81/100
|-ability|p2b: Archaludon|Stamina|boost
|-boost|p2b: Archaludon|def|1
|
|-weather|RainDance|[upkeep]
|-heal|p2b: Archaludon|87/100|[from] item: Leftovers
|-damage|p2a: Pelipper|61/100 brn|[from] brn
|upkeep
|turn|7
|inactive|Gastrosophilipp has 30 seconds left.
|
|t:|1785865877
|move|p1a: Ceruledge|Shadow Sneak|p2a: Pelipper
|-damage|p2a: Pelipper|46/100 brn
|-enditem|p2a: Pelipper|Sitrus Berry|[eat]
|-heal|p2a: Pelipper|71/100 brn|[from] item: Sitrus Berry
|move|p2b: Archaludon|Electro Shot||[still]
|-prepare|p2b: Archaludon|Electro Shot
|-boost|p2b: Archaludon|spa|1
|-anim|p2b: Archaludon|Electro Shot|p1b: Sinistcha
|-resisted|p1b: Sinistcha|1
|-damage|p1b: Sinistcha|0 fnt
|faint|p1b: Sinistcha
|move|p2a: Pelipper|Weather Ball|p1a: Ceruledge
|-supereffective|p1a: Ceruledge|1
|-enditem|p1a: Ceruledge|Focus Sash
|-damage|p1a: Ceruledge|1/100
|
|-weather|RainDance|[upkeep]
|-heal|p2b: Archaludon|93/100|[from] item: Leftovers
|-damage|p2a: Pelipper|65/100 brn|[from] brn
|upkeep
|-message|Gastrosophilipp forfeited.
|
|win|iceman5687
||iceman5687 is ready for game 2.
||Gastrosophilipp is ready for game 2.
|uhtml|next|Next: Game 2 of 3
