|j|☆Fire Mage 593
|j|☆cristiansegadevila
|html|Fire Mage 593cristiansegadevila    
|uhtml|bestof|Game 2 of a best-of-3
|t:|1757921008
|gametype|doubles
|player|p1|Fire Mage 593|169|1087
|player|p2|cristiansegadevila|1|1109
|gen|9
|tier|[Gen 9] VGC 2025 Reg H (Bo3)
|rated|
|rule|Species Clause: Limit one of each Pokémon
|rule|Item Clause: Limit 1 of each item
|clearpoke
|poke|p1|Volcarona, L50, F|
|poke|p1|Kommo-o, L50, F|
|poke|p1|Oricorio-Pom-Pom, L50, F|
|poke|p1|Farigiraf, L50, M|
|poke|p1|Rillaboom, L50, M|
|poke|p1|Incineroar, L50, M|
|poke|p2|Gholdengo, L50|
|poke|p2|Pelipper, L50, M|
|poke|p2|Archaludon, L50, F|
|poke|p2|Sinistcha, L50|
|poke|p2|Dragonite, L50, M|
|poke|p2|Ursaluna, L50, M|
|teampreview|4
|showteam|p1|Volcarona||RockyHelmet|FlameBody|FieryDance,QuiverDance,RagePowder,Protect|||F|||50|,,,,,Ghost]Kommo-o||ThroatSpray|Overcoat|ClangingScales,ClangorousSoul,AuraSphere,Protect|||F|||50|,,,,,Fire]Oricorio-Pom-Pom||SitrusBerry|Dancer|RevelationDance,AirSlash,BatonPass,Protect|||F|||50|,,,,,Steel]Farigiraf||SafetyGoggles|ArmorTail|Psychic,HelpingHand,TrickRoom,Imprison|||M|||50|,,,,,Fairy]Rillaboom||GrassySeed|GrassySurge|WoodHammer,FakeOut,GrassyGlide,Uturn|||M|||50|,,,,,Fire]Incineroar||AssaultVest|Intimidate|FlareBlitz,KnockOff,FakeOut,Uturn|||M|||50|,,,,,Grass
|showteam|p2|Gholdengo||ChoiceScarf|GoodasGold|MakeItRain,PowerGem,ShadowBall,NastyPlot||||||50|,,,,,Steel]Pelipper||FocusSash|Drizzle|Tailwind,Protect,Hurricane,WeatherBall|||M|||50|,,,,,Ghost]Archaludon||AssaultVest|Stamina|Snarl,BodyPress,ElectroShot,DracoMeteor|||F|||50|,,,,,Fighting]Sinistcha||SitrusBerry|Hospitality|MatchaGotcha,LifeDew,TrickRoom,RagePowder||||||50|,,,,,Water]Dragonite||LoadedDice|Multiscale|Protect,ScaleShot,ExtremeSpeed,LowKick|||M|||50|,,,,,Steel]Ursaluna||FlameOrb|Guts|Protect,Earthquake,HeadlongRush,Facade|||M|||50|,,,,,Water
|
|t:|1757921019
|teamsize|p1|4
|teamsize|p2|4
|start
|switch|p1a: Volcarona|Volcarona, L50, F|100/100
|switch|p1b: Oricorio|Oricorio-Pom-Pom, L50, F|100/100
|switch|p2a: Dragonite|Dragonite, L50, M|100/100
|switch|p2b: Ursaluna|Ursaluna, L50, M|100/100
|turn|1
|
|t:|1757921051
|move|p1b: Oricorio|Protect|p1b: Oricorio
|-singleturn|p1b: Oricorio|Protect
|move|p1a: Volcarona|Quiver Dance|p1a: Volcarona
|-boost|p1a: Volcarona|spa|1
|-boost|p1a: Volcarona|spd|1
|-boost|p1a: Volcarona|spe|1
|-activate|p1b: Oricorio|ability: Dancer
|move|p1b: Oricorio|Quiver Dance|p1b: Oricorio|[from] ability: Dancer
|-boost|p1b: Oricorio|spa|1
|-boost|p1b: Oricorio|spd|1
|-boost|p1b: Oricorio|spe|1
|move|p2a: Dragonite|Scale Shot|p1b: Oricorio
|-activate|p1b: Oricorio|move: Protect
|move|p2b: Ursaluna|Facade|p1b: Oricorio
|-activate|p1b: Oricorio|move: Protect
|
|-status|p2b: Ursaluna|brn|[from] item: Flame Orb
|upkeep
|turn|2
|
|t:|1757921087
|-terastallize|p1a: Volcarona|Ghost
|move|p1a: Volcarona|Quiver Dance|p1a: Volcarona
|-boost|p1a: Volcarona|spa|1
|-boost|p1a: Volcarona|spd|1
|-boost|p1a: Volcarona|spe|1
|-activate|p1b: Oricorio|ability: Dancer
|move|p1b: Oricorio|Quiver Dance|p1b: Oricorio|[from] ability: Dancer
|-boost|p1b: Oricorio|spa|1
|-boost|p1b: Oricorio|spd|1
|-boost|p1b: Oricorio|spe|1
|move|p1b: Oricorio|Baton Pass|p1b: Oricorio
|
|t:|1757921103
|switch|p1b: Rillaboom|Rillaboom, L50, M|100/100|[from] Baton Pass
|-fieldstart|move: Grassy Terrain|[from] ability: Grassy Surge|[of] p1b: Rillaboom
|-enditem|p1b: Rillaboom|Grassy Seed
|-boost|p1b: Rillaboom|def|1|[from] item: Grassy Seed
|move|p2a: Dragonite|Scale Shot|p1b: Rillaboom
|-damage|p1b: Rillaboom|91/100
|-damage|p1b: Rillaboom|80/100
|-damage|p1b: Rillaboom|69/100
|-damage|p1b: Rillaboom|58/100
|-damage|p1b: Rillaboom|47/100
|-hitcount|p1b: Rillaboom|5
|-unboost|p2a: Dragonite|def|1
|-boost|p2a: Dragonite|spe|1
|move|p2b: Ursaluna|Earthquake|p1a: Volcarona|[spread] p1a,p1b
|-immune|p2a: Dragonite
|-resisted|p1b: Rillaboom
|-damage|p1a: Volcarona|65/100
|-damage|p1b: Rillaboom|36/100
|
|-heal|p1a: Volcarona|71/100|[from] Grassy Terrain
|-heal|p1b: Rillaboom|42/100|[from] Grassy Terrain
|-damage|p2b: Ursaluna|95/100 brn|[from] brn
|upkeep
|turn|3
|
|t:|1757921136
|move|p2a: Dragonite|Protect|p2a: Dragonite
|-singleturn|p2a: Dragonite|Protect
|move|p1a: Volcarona|Fiery Dance|p2a: Dragonite
|-activate|p2a: Dragonite|move: Protect
|move|p1b: Rillaboom|Wood Hammer|p2b: Ursaluna
|-supereffective|p2b: Ursaluna
|-damage|p2b: Ursaluna|0 fnt
|faint|p2b: Ursaluna
|-damage|p1b: Rillaboom|4/100|[from] Recoil
|
|-heal|p1a: Volcarona|77/100|[from] Grassy Terrain
|-heal|p1b: Rillaboom|10/100|[from] Grassy Terrain
|upkeep
|
|t:|1757921162
|switch|p2b: Archaludon|Archaludon, L50, F|100/100
|turn|4
|
|t:|1757921179
|switch|p1b: Oricorio|Oricorio-Pom-Pom, L50, F|100/100
|-terastallize|p2b: Archaludon|Fighting
|move|p2a: Dragonite|Extreme Speed|p1b: Oricorio
|-damage|p1b: Oricorio|62/100
|move|p1a: Volcarona|Quiver Dance|p1a: Volcarona
|-boost|p1a: Volcarona|spa|1
|-boost|p1a: Volcarona|spd|1
|-boost|p1a: Volcarona|spe|1
|-activate|p1b: Oricorio|ability: Dancer
|move|p1b: Oricorio|Quiver Dance|p1b: Oricorio|[from] ability: Dancer
|-boost|p1b: Oricorio|spa|1
|-boost|p1b: Oricorio|spd|1
|-boost|p1b: Oricorio|spe|1
|move|p2b: Archaludon|Draco Meteor|p1a: Volcarona
|-damage|p1a: Volcarona|54/100
|-unboost|p2b: Archaludon|spa|2
|
|-heal|p1a: Volcarona|60/100|[from] Grassy Terrain
|upkeep
|turn|5
|
|t:|1757921208
|switch|p2b: Sinistcha|Sinistcha, L50|100/100
|move|p1a: Volcarona|Rage Powder|p1a: Volcarona
|-singleturn|p1a: Volcarona|move: Rage Powder
|move|p2a: Dragonite|Scale Shot|p1a: Volcarona
|-damage|p1a: Volcarona|42/100
|-damage|p1a: Volcarona|26/100
|-damage|p1a: Volcarona|9/100
|-damage|p1a: Volcarona|0 fnt
|faint|p1a: Volcarona
|-hitcount|p1: Volcarona|4
|-unboost|p2a: Dragonite|def|1
|-boost|p2a: Dragonite|spe|1
|move|p1b: Oricorio|Baton Pass|p1b: Oricorio
|
|t:|1757921221
|switch|p1b: Kommo-o|Kommo-o, L50, F|100/100|[from] Baton Pass
|
|upkeep
|
|t:|1757921225
|switch|p1a: Rillaboom|Rillaboom, L50, M|10/100
|turn|6
|
|t:|1757921249
|move|p2a: Dragonite|Protect|p2a: Dragonite
|-singleturn|p2a: Dragonite|Protect
|move|p1a: Rillaboom|Fake Out|p2a: Dragonite
|-activate|p2a: Dragonite|move: Protect
|move|p1b: Kommo-o|Clangorous Soul|p1b: Kommo-o
|-boost|p1b: Kommo-o|atk|1
|-boost|p1b: Kommo-o|def|1
|-boost|p1b: Kommo-o|spa|1
|-boost|p1b: Kommo-o|spd|1
|-boost|p1b: Kommo-o|spe|1
|-damage|p1b: Kommo-o|68/100
|-enditem|p1b: Kommo-o|Throat Spray
|-boost|p1b: Kommo-o|spa|1|[from] item: Throat Spray
|move|p2b: Sinistcha|Life Dew||[still]|[still]|[spread] 
|-fail|p2a: Dragonite|heal
|-fail|p2b: Sinistcha|heal
|
|-heal|p1b: Kommo-o|74/100|[from] Grassy Terrain
|-heal|p1a: Rillaboom|16/100|[from] Grassy Terrain
|-fieldend|move: Grassy Terrain
|upkeep
|turn|7
|
|t:|1757921293
|switch|p1a: Oricorio|Oricorio-Pom-Pom, L50, F|62/100
|switch|p2b: Archaludon|Archaludon, L50, F, tera:Fighting|100/100
|move|p1b: Kommo-o|Protect|p1b: Kommo-o
|-singleturn|p1b: Kommo-o|Protect
|move|p2a: Dragonite|Scale Shot|p1b: Kommo-o
|-activate|p1b: Kommo-o|move: Protect
|
|upkeep
|turn|8
|
|t:|1757921313
|move|p1b: Kommo-o|Clanging Scales|p2a: Dragonite|[spread] p2a,p2b
|-supereffective|p2a: Dragonite
|-damage|p2a: Dragonite|12/100
|-damage|p2b: Archaludon|38/100
|-ability|p2b: Archaludon|Stamina|boost
|-boost|p2b: Archaludon|def|1
|-unboost|p1b: Kommo-o|def|1
|move|p2a: Dragonite|Scale Shot|p1b: Kommo-o
|-supereffective|p1b: Kommo-o
|-damage|p1b: Kommo-o|50/100
|-supereffective|p1b: Kommo-o
|-damage|p1b: Kommo-o|26/100
|-supereffective|p1b: Kommo-o
|-damage|p1b: Kommo-o|3/100
|-supereffective|p1b: Kommo-o
|-damage|p1b: Kommo-o|0 fnt
|faint|p1b: Kommo-o
|-hitcount|p1: Kommo-o|4
|-unboost|p2a: Dragonite|def|1
|-boost|p2a: Dragonite|spe|1
|move|p1a: Oricorio|Air Slash|p2b: Archaludon
|-supereffective|p2b: Archaludon
|-damage|p2b: Archaludon|0 fnt
|faint|p2b: Archaludon
|
|upkeep
|
|t:|1757921333
|switch|p1b: Rillaboom|Rillaboom, L50, M|16/100
|switch|p2b: Sinistcha|Sinistcha, L50|100/100
|-fieldstart|move: Grassy Terrain|[from] ability: Grassy Surge|[of] p1b: Rillaboom
|-heal|p2a: Dragonite|37/100|[from] ability: Hospitality|[of] p2b: Sinistcha
|turn|9
|
|t:|1757921348
|move|p2a: Dragonite|Protect|p2a: Dragonite
|-singleturn|p2a: Dragonite|Protect
|move|p1b: Rillaboom|Fake Out|p2a: Dragonite
|-activate|p2a: Dragonite|move: Protect
|move|p1a: Oricorio|Air Slash|p2b: Sinistcha
|-supereffective|p2b: Sinistcha
|-damage|p2b: Sinistcha|50/100
|-enditem|p2b: Sinistcha|Sitrus Berry|[eat]
|-heal|p2b: Sinistcha|75/100|[from] item: Sitrus Berry
|move|p2b: Sinistcha|Life Dew|p2b: Sinistcha|[spread] p2a,p2b
|-heal|p2a: Dragonite|62/100
|-heal|p2b: Sinistcha|99/100
|
|-heal|p1b: Rillaboom|22/100|[from] Grassy Terrain
|-heal|p2b: Sinistcha|100/100|[from] Grassy Terrain
|upkeep
|turn|10
|
|t:|1757921368
|move|p1b: Rillaboom|Grassy Glide|p2a: Dragonite
|-resisted|p2a: Dragonite
|-damage|p2a: Dragonite|38/100
|move|p2a: Dragonite|Scale Shot|p1a: Oricorio
|-damage|p1a: Oricorio|44/100
|-enditem|p1a: Oricorio|Sitrus Berry|[eat]
|-heal|p1a: Oricorio|69/100|[from] item: Sitrus Berry
|-damage|p1a: Oricorio|52/100
|-damage|p1a: Oricorio|37/100
|-damage|p1a: Oricorio|20/100
|-damage|p1a: Oricorio|4/100
|-hitcount|p1a: Oricorio|5
|-unboost|p2a: Dragonite|def|1
|-boost|p2a: Dragonite|spe|1
|move|p1a: Oricorio|Air Slash|p2b: Sinistcha|[miss]
|-miss|p1a: Oricorio|p2b: Sinistcha
|move|p2b: Sinistcha|Life Dew||[still]|[spread] p2a,p2b
|-heal|p2a: Dragonite|63/100
|-fail|p2b: Sinistcha|heal
|
|-heal|p1b: Rillaboom|29/100|[from] Grassy Terrain
|upkeep
|turn|11
|
|t:|1757921396
|move|p1b: Rillaboom|Grassy Glide|p2a: Dragonite
|-resisted|p2a: Dragonite
|-damage|p2a: Dragonite|33/100
|move|p2a: Dragonite|Scale Shot|p1a: Oricorio
|-crit|p1a: Oricorio
|-damage|p1a: Oricorio|0 fnt
|faint|p1a: Oricorio
|-hitcount|p1: Oricorio|1
|-unboost|p2a: Dragonite|def|1
|-boost|p2a: Dragonite|spe|1
|move|p2b: Sinistcha|Life Dew||[still]|[spread] p2a,p2b
|-heal|p2a: Dragonite|59/100
|-fail|p2b: Sinistcha|heal
|
|-heal|p1b: Rillaboom|35/100|[from] Grassy Terrain
|upkeep
|turn|12
|-message|Fire Mage 593 forfeited.
|
|win|cristiansegadevila
|l|☆Fire Mage 593
|player|p1|
||cristiansegadevila is ready for game 3.
||Fire Mage 593 is ready for game 3.
|uhtml|next|Next: Game 3 of 3
|j|☆Fire Mage 593
|player|p1|Fire Mage 593|169|
|l|☆cristiansegadevila
|player|p2|
