|j|☆lordtentacle69
|j|☆coberdt
|html|lordtentacle69coberdt    
|uhtml|bestof|Game 1 of a best-of-3
|t:|1784873195
|gametype|doubles
|player|p1|lordtentacle69|corbeau|1407
|player|p2|coberdt|lebanne|1335
|gen|9
|tier|[Gen 9 Champions] VGC 2026 Reg M-B (Bo3)
|rated|
|rule|Species Clause: Limit one of each Pokémon
|rule|Item Clause: Limit 1 of each item
|clearpoke
|poke|p1|Delphox, L50, M|
|poke|p1|Incineroar, L50, M|
|poke|p1|Maushold-Four, L50|
|poke|p1|Sinistcha, L50|
|poke|p1|Sneasler, L50, F|
|poke|p1|Blastoise, L50, M|
|poke|p2|Basculegion, L50, M|
|poke|p2|Charizard, L50, M|
|poke|p2|Archaludon, L50, M|
|poke|p2|Grimmsnarl, L50, M|
|poke|p2|Pelipper, L50, F|
|poke|p2|Venusaur, L50, M|
|teampreview|4
|showteam|p1|Delphox||Delphoxite|Blaze|HeatWave,Psychic,NastyPlot,Protect|Timid||M|||50|]Incineroar||SitrusBerry|Intimidate|FakeOut,PartingShot,FlareBlitz,ThroatChop|Impish||M|||50|]Maushold-Four||ChopleBerry|FriendGuard|Feint,HelpingHand,Protect,FollowMe|Impish|||||50|]Sinistcha||ColburBerry|Hospitality|Protect,MatchaGotcha,TrickRoom,RagePowder|Bold|||||50|]Sneasler||FocusSash|PoisonTouch|CloseCombat,PoisonJab,QuickGuard,FakeOut|Adamant||F|||50|]Blastoise||Blastoisinite|RainDish|Protect,WaterSpout,DarkPulse,ShellSmash|Timid||M|||50|
|showteam|p2|Basculegion||ChoiceScarf|Adaptability|WaveCrash,FlipTurn,AquaJet,LastRespects|Jolly||M|||50|]Charizard||CharizarditeY|Blaze|HeatWave,WeatherBall,SolarBeam,Protect|Modest||M|||50|]Archaludon||Leftovers|Stamina|ElectroShot,DragonPulse,FlashCannon,Protect|Calm||M|||50|]Grimmsnarl||LightClay|Prankster|SpiritBreak,LightScreen,Reflect,PartingShot|Careful||M|||50|]Pelipper||SitrusBerry|Drizzle|WeatherBall,Hurricane,Tailwind,Protect|Modest||F|||50|]Venusaur||FocusSash|Chlorophyll|SludgeBomb,EarthPower,SleepPowder,Protect|Timid||M|||50|
|inactive|Battle timer is ON: inactive players will automatically lose when time's up. (requested by coberdt)
|
|t:|1784873239
|teamsize|p1|4
|teamsize|p2|4
|start
|switch|p1a: Sarahn's OC|Sneasler, L50, F|100/100
|switch|p1b: Mbappe|Blastoise, L50, M|100/100
|switch|p2a: Charizard|Charizard, L50, M|100/100
|switch|p2b: Venusaur|Venusaur, L50, M|100/100
|turn|1
|
|t:|1784873260
|switch|p1b: Green Day|Sinistcha, L50|100/100
|detailschange|p2a: Charizard|Charizard-Mega-Y, L50, M
|-mega|p2a: Charizard|Charizard|Charizardite Y
|-weather|SunnyDay|[from] ability: Drought|[of] p2a: Charizard
|move|p2b: Venusaur|Sleep Powder|p1b: Green Day
|-immune|p1b: Green Day
|move|p1a: Sarahn's OC|Poison Jab|p2a: Charizard
|-damage|p2a: Charizard|48/100
|-status|p2a: Charizard|psn|[from] ability: Poison Touch|[of] p1a: Sarahn's OC
|move|p2a: Charizard|Solar Beam||[still]
|-prepare|p2a: Charizard|Solar Beam
|-anim|p2a: Charizard|Solar Beam|p1b: Green Day
|-resisted|p1b: Green Day|1
|-damage|p1b: Green Day|76/100
|
|-weather|SunnyDay|[upkeep]
|-damage|p2a: Charizard|36/100 psn|[from] psn
|upkeep
|turn|2
|
|t:|1784873284
|move|p1b: Green Day|Protect|p1b: Green Day
|-singleturn|p1b: Green Day|Protect
|move|p2b: Venusaur|Sleep Powder|p1a: Sarahn's OC
|-status|p1a: Sarahn's OC|slp|[from] move: Sleep Powder
|cant|p1a: Sarahn's OC|slp
|move|p2a: Charizard|Heat Wave|p1a: Sarahn's OC|[spread] 
|-activate|p1b: Green Day|move: Protect
|-miss|p2a: Charizard|p1a: Sarahn's OC
|
|-weather|SunnyDay|[upkeep]
|-damage|p2a: Charizard|23/100 psn|[from] psn
|upkeep
|turn|3
|
|t:|1784873300
|move|p2b: Venusaur|Earth Power|p1a: Sarahn's OC
|-supereffective|p1a: Sarahn's OC|1
|-damage|p1a: Sarahn's OC|22/100 slp
|cant|p1a: Sarahn's OC|slp
|move|p2a: Charizard|Heat Wave|p1b: Green Day|[spread] p1a,p1b
|-supereffective|p1b: Green Day|1
|-damage|p1a: Sarahn's OC|0 fnt
|-damage|p1b: Green Day|0 fnt
|faint|p1a: Sarahn's OC
|faint|p1b: Green Day
|
|-weather|SunnyDay|[upkeep]
|-damage|p2a: Charizard|11/100 psn|[from] psn
|upkeep
|
|t:|1784873307
|switch|p1a: Mbappe|Blastoise, L50, M|100/100
|switch|p1b: Gochujang|Incineroar, L50, M|100/100
|-ability|p1b: Gochujang|Intimidate|boost
|-unboost|p2a: Charizard|atk|1
|-unboost|p2b: Venusaur|atk|1
|turn|4
|
|t:|1784873324
|detailschange|p1a: Mbappe|Blastoise-Mega, L50, M
|-mega|p1a: Mbappe|Blastoise|Blastoisinite
|move|p1b: Gochujang|Fake Out|p2a: Charizard
|-damage|p2a: Charizard|0 fnt
|faint|p2a: Charizard
|move|p2b: Venusaur|Sleep Powder|p1a: Mbappe|[miss]
|-miss|p2b: Venusaur|p1a: Mbappe
|move|p1a: Mbappe|Shell Smash|p1a: Mbappe
|-unboost|p1a: Mbappe|def|1
|-unboost|p1a: Mbappe|spd|1
|-boost|p1a: Mbappe|atk|2
|-boost|p1a: Mbappe|spa|2
|-boost|p1a: Mbappe|spe|2
|
|-weather|SunnyDay|[upkeep]
|upkeep
|
|t:|1784873331
|switch|p2a: Archaludon|Archaludon, L50, M|100/100
|turn|5
|
|t:|1784873344
|move|p1a: Mbappe|Protect|p1a: Mbappe
|-singleturn|p1a: Mbappe|Protect
|move|p2b: Venusaur|Sleep Powder|p1a: Mbappe
|-activate|p1a: Mbappe|move: Protect
|move|p2a: Archaludon|Dragon Pulse|p1a: Mbappe
|-activate|p1a: Mbappe|move: Protect
|move|p1b: Gochujang|Flare Blitz|p2b: Venusaur
|-supereffective|p2b: Venusaur|1
|-enditem|p2b: Venusaur|Focus Sash
|-damage|p2b: Venusaur|1/100
|-damage|p1b: Gochujang|74/100|[from] Recoil
|
|-weather|none
|upkeep
|turn|6
|
|t:|1784873365
|switch|p2b: Pelipper|Pelipper, L50, F|100/100
|-weather|RainDance|[from] ability: Drizzle|[of] p2b: Pelipper
|move|p1a: Mbappe|Water Spout|p2a: Archaludon|[spread] p2a,p2b
|-resisted|p2a: Archaludon|1
|-resisted|p2b: Pelipper|1
|-damage|p2a: Archaludon|18/100
|-damage|p2b: Pelipper|0 fnt
|-ability|p2a: Archaludon|Stamina|boost
|-boost|p2a: Archaludon|def|1
|faint|p2b: Pelipper
|move|p2a: Archaludon|Electro Shot||[still]
|-prepare|p2a: Archaludon|Electro Shot
|-boost|p2a: Archaludon|spa|1
|-anim|p2a: Archaludon|Electro Shot|p1a: Mbappe
|-supereffective|p1a: Mbappe|1
|-damage|p1a: Mbappe|0 fnt
|faint|p1a: Mbappe
|move|p1b: Gochujang|Throat Chop|p2a: Archaludon
|-damage|p2a: Archaludon|1/100
|-start|p2a: Archaludon|Throat Chop|[silent]
|-ability|p2a: Archaludon|Stamina|boost
|-boost|p2a: Archaludon|def|1
|
|-weather|RainDance|[upkeep]
|-heal|p2a: Archaludon|7/100|[from] item: Leftovers
|upkeep
|
|t:|1784873380
|switch|p2b: Venusaur|Venusaur, L50, M|1/100
|turn|7
|-message|lordtentacle69 forfeited.
|
|win|coberdt
