|j|‽nael o.
|j|☆sorecruiser
|html|nael o.sorecruiser    
|uhtml|bestof|Game 2 of a best-of-3
|t:|1756948180
|gametype|doubles
|player|p1|nael o.|scientist|1000
|player|p2|sorecruiser|furisodegirl-black|1081
|gen|9
|tier|[Gen 9] VGC 2025 Reg H (Bo3)
|rated|
|rule|Species Clause: Limit one of each Pokémon
|rule|Item Clause: Limit 1 of each item
|clearpoke
|poke|p1|Volcarona, L50, M|
|poke|p1|Tauros-Paldea-Aqua, L50, M|
|poke|p1|Rillaboom, L50, F|
|poke|p1|Clefable, L50, F|
|poke|p1|Kingambit, L50, F|
|poke|p1|Salamence, L50, M|
|poke|p2|Gholdengo, L50|
|poke|p2|Whimsicott, L50, F|
|poke|p2|Sneasler, L50, F|
|poke|p2|Basculegion, L50, M|
|poke|p2|Hydreigon, L50, M|
|poke|p2|Magmar, L50, F|
|teampreview|4
|showteam|p1|Volcarona||RockyHelmet|FlameBody|StruggleBug,Flamethrower,QuiverDance,RagePowder|||M|||50|,,,,,Water]Tauros-Paldea-Aqua||MirrorHerb|Intimidate|CloseCombat,WaveCrash,AquaJet,Protect|||M|||50|,,,,,Grass]Rillaboom||AssaultVest|GrassySurge|WoodHammer,GrassyGlide,FakeOut,Uturn|||F|||50|,,,,,Fire]Clefable||SitrusBerry|Unaware|FollowMe,Moonblast,IcyWind,HelpingHand|||F|||50|,,,,,Electric]Kingambit||SafetyGoggles|Defiant|KowtowCleave,SuckerPunch,SwordsDance,Protect|||F|||50|,,,,,Dark]Salamence||ClearAmulet|Intimidate|Protect,BreakingSwipe,DualWingbeat,Tailwind|||M|||50|,,,,,Steel
|showteam|p2|Gholdengo||MetalCoat|GoodasGold|MakeItRain,ShadowBall,NastyPlot,Protect||||||50|,,,,,Steel]Whimsicott||CovertCloak|Prankster|Tailwind,Encore,FakeTears,Moonblast|||F|||50|,,,,,Dark]Sneasler||FocusSash|PoisonTouch|Protect,CloseCombat,DireClaw,ThroatChop|||F|||50|,,,,,Dark]Basculegion||ChoiceScarf|Adaptability|LastRespects,WaveCrash,AquaJet,FlipTurn|||M|||50|,,,,,Ghost]Hydreigon||ChoiceSpecs|Levitate|DarkPulse,DracoMeteor,Snarl,HeatWave|||M|||50|,,,,,Fire]Magmar||Eviolite|VitalSpirit|Protect,FollowMe,HeatWave,Taunt|||F|||50|,,,,,Ghost
|
|t:|1756948206
|teamsize|p1|4
|teamsize|p2|4
|start
|switch|p1a: Kingambit|Kingambit, L50, F|100/100
|switch|p1b: Volcarona|Volcarona, L50, M, shiny|100/100
|switch|p2a: Sneasler|Sneasler, L50, F|100/100
|switch|p2b: Whimsicott|Whimsicott, L50, F|100/100
|turn|1
|inactive|Battle timer is ON: inactive players will automatically lose when time's up. (requested by nael o.)
|
|t:|1756948235
|move|p1b: Volcarona|Rage Powder|p1b: Volcarona
|-singleturn|p1b: Volcarona|move: Rage Powder
|move|p2b: Whimsicott|Tailwind|p2b: Whimsicott
|-sidestart|p2: sorecruiser|move: Tailwind
|move|p2a: Sneasler|Close Combat|p1b: Volcarona
|-resisted|p1b: Volcarona
|-damage|p1b: Volcarona|67/100
|-unboost|p2a: Sneasler|def|1
|-unboost|p2a: Sneasler|spd|1
|-damage|p2a: Sneasler|84/100|[from] item: Rocky Helmet|[of] p1b: Volcarona
|move|p1a: Kingambit|Swords Dance|p1a: Kingambit
|-boost|p1a: Kingambit|atk|2
|
|upkeep
|turn|2
|
|t:|1756948261
|switch|p1b: Salamence|Salamence, L50, M|100/100
|-ability|p1b: Salamence|Intimidate|boost
|-unboost|p2a: Sneasler|atk|1
|-unboost|p2b: Whimsicott|atk|1
|move|p1a: Kingambit|Sucker Punch|p2a: Sneasler
|-resisted|p2a: Sneasler
|-damage|p2a: Sneasler|0 fnt
|faint|p2a: Sneasler
|move|p2b: Whimsicott|Moonblast|p1a: Kingambit
|-damage|p1a: Kingambit|74/100
|
|upkeep
|
|t:|1756948271
|switch|p2a: Hydreigon|Hydreigon, L50, M|100/100
|turn|3
|inactive|nael o. has 30 seconds left.
|
|t:|1756948304
|switch|p1b: Tauros|Tauros-Paldea-Aqua, L50, M|100/100
|-ability|p1b: Tauros|Intimidate|boost
|-unboost|p2a: Hydreigon|atk|1
|-unboost|p2b: Whimsicott|atk|1
|move|p1a: Kingambit|Protect|p1a: Kingambit
|-singleturn|p1a: Kingambit|Protect
|move|p2b: Whimsicott|Moonblast|p1b: Tauros
|-supereffective|p1b: Tauros
|-crit|p1b: Tauros
|-damage|p1b: Tauros|0 fnt
|faint|p1b: Tauros
|move|p2a: Hydreigon|Heat Wave|p1a: Kingambit
|-activate|p1a: Kingambit|move: Protect
|
|upkeep
|
|t:|1756948312
|switch|p1b: Volcarona|Volcarona, L50, M, shiny|67/100
|turn|4
|
|t:|1756948330
|-terastallize|p1a: Kingambit|Dark
|move|p2b: Whimsicott|Fake Tears|p1b: Volcarona
|-unboost|p1b: Volcarona|spd|2
|move|p2a: Hydreigon|Heat Wave|p1b: Volcarona|[spread] p1b
|-miss|p2a: Hydreigon|p1a: Kingambit
|-damage|p1b: Volcarona|0 fnt
|faint|p1b: Volcarona
|move|p1a: Kingambit|Swords Dance|p1a: Kingambit
|-boost|p1a: Kingambit|atk|2
|
|-sideend|p2: sorecruiser|move: Tailwind
|upkeep
|
|t:|1756948338
|switch|p1b: Salamence|Salamence, L50, M|100/100
|-ability|p1b: Salamence|Intimidate|boost
|-unboost|p2a: Hydreigon|atk|1
|-unboost|p2b: Whimsicott|atk|1
|turn|5
|inactive|sorecruiser has 30 seconds left.
|
|t:|1756948364
|move|p2b: Whimsicott|Tailwind|p2b: Whimsicott
|-sidestart|p2: sorecruiser|move: Tailwind
|move|p1a: Kingambit|Sucker Punch|p2a: Hydreigon
|-resisted|p2a: Hydreigon
|-damage|p2a: Hydreigon|5/100
|move|p2a: Hydreigon|Heat Wave|p1a: Kingambit|[spread] p1a,p1b
|-resisted|p1b: Salamence
|-damage|p1a: Kingambit|36/100
|-damage|p1b: Salamence|77/100
|move|p1b: Salamence|Dual Wingbeat|p2b: Whimsicott
|-supereffective|p2b: Whimsicott
|-damage|p2b: Whimsicott|47/100
|-supereffective|p2b: Whimsicott
|-damage|p2b: Whimsicott|0 fnt
|faint|p2b: Whimsicott
|-hitcount|p2: Whimsicott|2
|
|upkeep
|
|t:|1756948375
|switch|p2b: Basculegion|Basculegion, L50, M|100/100
|turn|6
|
|t:|1756948387
|-terastallize|p2a: Hydreigon|Fire
|move|p2b: Basculegion|Aqua Jet|p1a: Kingambit
|-damage|p1a: Kingambit|16/100
|move|p1a: Kingambit|Sucker Punch||[still]
|-fail|p1a: Kingambit
|move|p2a: Hydreigon|Heat Wave|p1a: Kingambit|[spread] p1a,p1b
|-resisted|p1b: Salamence
|-damage|p1a: Kingambit|0 fnt
|-damage|p1b: Salamence|43/100
|faint|p1a: Kingambit
|move|p1b: Salamence|Breaking Swipe|p2b: Basculegion|[spread] p2a,p2b
|-damage|p2a: Hydreigon|0 fnt
|-damage|p2b: Basculegion|67/100
|-unboost|p2b: Basculegion|atk|1
|faint|p2a: Hydreigon
|
|upkeep
|turn|7
|
|t:|1756948399
|move|p1b: Salamence|Protect|p1b: Salamence
|-singleturn|p1b: Salamence|Protect
|move|p2b: Basculegion|Aqua Jet|p1b: Salamence
|-activate|p1b: Salamence|move: Protect
|
|upkeep
|turn|8
|
|t:|1756948405
|move|p2b: Basculegion|Aqua Jet|p1b: Salamence
|-resisted|p1b: Salamence
|-damage|p1b: Salamence|31/100
|move|p1b: Salamence|Dual Wingbeat|p2b: Basculegion
|-damage|p2b: Basculegion|35/100
|-damage|p2b: Basculegion|2/100
|-hitcount|p2b: Basculegion|2
|
|-sideend|p2: sorecruiser|move: Tailwind
|upkeep
|turn|9
|c|☆sorecruiser|gg
|
|t:|1756948411
|move|p2b: Basculegion|Aqua Jet|p1b: Salamence
|-resisted|p1b: Salamence
|-damage|p1b: Salamence|18/100
|move|p1b: Salamence|Breaking Swipe|p2b: Basculegion
|-damage|p2b: Basculegion|0 fnt
|faint|p2b: Basculegion
|
|win|nael o.
