|j|☆MrTedno
|j|☆new mental
|html|MrTednonew mental    
|uhtml|bestof|Game 3 of a best-of-3
|t:|1783249803
|gametype|doubles
|player|p1|MrTedno|265|1190
|player|p2|new mental|volkner|1197
|gen|9
|tier|[Gen 9 Champions] VGC 2026 Reg M-B (Bo3)
|rated|
|rule|Species Clause: Limit one of each Pokémon
|rule|Item Clause: Limit 1 of each item
|clearpoke
|poke|p1|Archaludon, L50, F|
|poke|p1|Samurott-Hisui, L50, F|
|poke|p1|Garchomp, L50, M|
|poke|p1|Pelipper, L50, M|
|poke|p1|Venusaur, L50, M|
|poke|p1|Incineroar, L50, F|
|poke|p2|Aerodactyl, L50, M|
|poke|p2|Garchomp, L50, M|
|poke|p2|Kingambit, L50, F|
|poke|p2|Charizard, L50, M|
|poke|p2|Sylveon, L50, M|
|poke|p2|Farigiraf, L50, M|
|teampreview|4
|showteam|p1|Archaludon||Leftovers|Stamina|ElectroShot,DragonPulse,FlashCannon,Protect|Modest||F|||50|]Samurott-Hisui||FocusSash|Sharpness|AquaCutter,NightSlash,SacredSword,Detect|Jolly||F|||50|]Garchomp||LifeOrb|RoughSkin|DragonClaw,StompingTantrum,RockSlide,Protect|Jolly||M|||50|]Pelipper||SitrusBerry|Drizzle|Tailwind,WeatherBall,Hurricane,Protect|Modest||M|||50|]Venusaur||Venusaurite|Chlorophyll|GigaDrain,SludgeBomb,EarthPower,Protect|Modest||M|||50|]Incineroar||ChopleBerry|Intimidate|FakeOut,ThroatChop,PartingShot,FlareBlitz|Careful||F|||50|
|showteam|p2|Aerodactyl||Aerodactylite|Unnerve|IceFang,RockSlide,Tailwind,DualWingbeat|Jolly||M|||50|]Garchomp||LifeOrb|RoughSkin|DragonClaw,StompingTantrum,Earthquake,Protect|Jolly||M|||50|]Kingambit||FocusSash|Defiant|SuckerPunch,KowtowCleave,IronHead,LowKick|Adamant||F|||50|]Charizard||CharizarditeY|SolarPower|Protect,HeatWave,SolarBeam,WeatherBall|Timid||M|||50|]Sylveon||FairyFeather|Pixilate|Protect,HyperVoice,HyperBeam,QuickAttack|Modest||M|||50|]Farigiraf||SitrusBerry|ArmorTail|TrickRoom,Thunderbolt,Psychic,Roar|Bold||M|||50|
|inactive|Battle timer is ON: inactive players will automatically lose when time's up. (requested by new mental)
|
|t:|1783249839
|teamsize|p1|4
|teamsize|p2|4
|start
|switch|p1a: Gonzo|Samurott-Hisui, L50, F|100/100
|switch|p1b: Animal|Garchomp, L50, M|100/100
|switch|p2a: Sylveon|Sylveon, L50, M|100/100
|switch|p2b: Farigiraf|Farigiraf, L50, M|100/100
|turn|1
|
|t:|1783249862
|move|p1b: Animal|Stomping Tantrum|p2a: Sylveon
|-damage|p2a: Sylveon|41/100
|-damage|p1b: Animal|90/100|[from] item: Life Orb
|move|p1a: Gonzo|Aqua Cutter|p2a: Sylveon
|-damage|p2a: Sylveon|0 fnt
|faint|p2a: Sylveon
|move|p2b: Farigiraf|Trick Room|p2b: Farigiraf
|-fieldstart|move: Trick Room|[of] p2b: Farigiraf
|
|upkeep
|
|t:|1783249872
|switch|p2a: Kingambit|Kingambit, L50, F|100/100
|turn|2
|inactive|MrTedno has 30 seconds left.
|inactive|MrTedno has 20 seconds left.
|inactive|MrTedno has 15 seconds left.
|inactive|MrTedno has 10 seconds left.
|inactive|MrTedno has 5 seconds left.
|
|t:|1783249923
|switch|p1a: Kermit|Venusaur, L50, M|100/100
|move|p1b: Animal|Protect|p1b: Animal
|-singleturn|p1b: Animal|Protect
|move|p2b: Farigiraf|Thunderbolt|p1a: Kermit
|-resisted|p1a: Kermit|1
|-damage|p1a: Kermit|90/100
|move|p2a: Kingambit|Low Kick|p1a: Kermit
|-resisted|p1a: Kermit|1
|-damage|p1a: Kermit|69/100
|
|upkeep
|turn|3
|inactive|MrTedno has 30 seconds left.
|
|t:|1783249954
|detailschange|p1a: Kermit|Venusaur-Mega, L50, M
|-mega|p1a: Kermit|Venusaur|Venusaurite
|move|p1a: Kermit|Protect|p1a: Kermit
|-singleturn|p1a: Kermit|Protect
|move|p2b: Farigiraf|Psychic|p1b: Animal
|-damage|p1b: Animal|50/100y
|move|p2a: Kingambit|Kowtow Cleave|p1b: Animal
|-damage|p1b: Animal|0 fnt
|-damage|p2a: Kingambit|87/100|[from] ability: Rough Skin|[of] p1b: Animal
|faint|p1b: Animal
|
|upkeep
|
|t:|1783249965
|switch|p1b: Gonzo|Samurott-Hisui, L50, F|100/100
|turn|4
|inactive|MrTedno has 30 seconds left.
|inactive|MrTedno has 20 seconds left.
|
|t:|1783250004
|switch|p1a: Sam Eagle|Pelipper, L50, M|100/100
|-weather|RainDance|[from] ability: Drizzle|[of] p1a: Sam Eagle
|move|p2b: Farigiraf|Psychic|p1a: Sam Eagle
|-damage|p1a: Sam Eagle|59/100
|move|p2a: Kingambit|Kowtow Cleave|p1a: Sam Eagle
|-damage|p1a: Sam Eagle|2/100
|-enditem|p1a: Sam Eagle|Sitrus Berry|[eat]
|-heal|p1a: Sam Eagle|27/100|[from] item: Sitrus Berry
|move|p1b: Gonzo|Sacred Sword|p2a: Kingambit
|-supereffective|p2a: Kingambit|2
|-damage|p2a: Kingambit|0 fnt
|faint|p2a: Kingambit
|
|-weather|RainDance|[upkeep]
|upkeep
|
|t:|1783250014
|switch|p2a: Charizard|Charizard, L50, M|100/100
|turn|5
|inactive|MrTedno has 30 seconds left.
|inactive|MrTedno has 20 seconds left.
|inactive|new mental has 30 seconds left.
|inactive|MrTedno has 15 seconds left.
|inactive|MrTedno has 10 seconds left.
|inactive|new mental has 20 seconds left.
|inactive|new mental has 15 seconds left.
|
|t:|1783250064
|switch|p1a: Kermit|Venusaur-Mega, L50, M|69/100
|move|p1b: Gonzo|Detect|p1b: Gonzo
|-singleturn|p1b: Gonzo|Protect
|move|p2b: Farigiraf|Thunderbolt|p1b: Gonzo
|-activate|p1b: Gonzo|move: Protect
|move|p2a: Charizard|Weather Ball|p1b: Gonzo
|-activate|p1b: Gonzo|move: Protect
|
|-weather|RainDance|[upkeep]
|-fieldend|move: Trick Room
|upkeep
|turn|6
|inactive|MrTedno has 30 seconds left.
|inactive|MrTedno has 20 seconds left.
|inactive|MrTedno has 15 seconds left.
|
|t:|1783250107
|move|p2a: Charizard|Protect|p2a: Charizard
|-singleturn|p2a: Charizard|Protect
|move|p1b: Gonzo|Night Slash|p2b: Farigiraf
|-supereffective|p2b: Farigiraf|1
|-damage|p2b: Farigiraf|18/100
|-enditem|p2b: Farigiraf|Sitrus Berry|[eat]
|-heal|p2b: Farigiraf|43/100|[from] item: Sitrus Berry
|move|p1a: Kermit|Sludge Bomb|p2b: Farigiraf
|-damage|p2b: Farigiraf|3/100
|move|p2b: Farigiraf|Trick Room|p2b: Farigiraf
|-fieldstart|move: Trick Room|[of] p2b: Farigiraf
|
|-weather|RainDance|[upkeep]
|upkeep
|turn|7
|
|t:|1783250133
|move|p1a: Kermit|Protect|p1a: Kermit
|-singleturn|p1a: Kermit|Protect
|move|p1b: Gonzo|Detect|p1b: Gonzo
|-singleturn|p1b: Gonzo|Protect
|move|p2b: Farigiraf|Psychic|p1a: Kermit
|-activate|p1a: Kermit|move: Protect
|move|p2a: Charizard|Weather Ball|p1a: Kermit
|-activate|p1a: Kermit|move: Protect
|
|-weather|RainDance|[upkeep]
|upkeep
|turn|8
|
|t:|1783250152
|move|p2b: Farigiraf|Thunderbolt|p1b: Gonzo
|-supereffective|p1b: Gonzo|1
|-damage|p1b: Gonzo|26/100
|move|p1a: Kermit|Sludge Bomb|p2b: Farigiraf
|-crit|p2b: Farigiraf
|-damage|p2b: Farigiraf|0 fnt
|faint|p2b: Farigiraf
|move|p2a: Charizard|Weather Ball|p1b: Gonzo
|-resisted|p1b: Gonzo|1
|-damage|p1b: Gonzo|0 fnt
|faint|p1b: Gonzo
|
|-weather|none
|upkeep
|
|t:|1783250162
|switch|p1b: Sam Eagle|Pelipper, L50, M|27/100
|-weather|RainDance|[from] ability: Drizzle|[of] p1b: Sam Eagle
|turn|9
|
|t:|1783250176
|move|p2a: Charizard|Protect|p2a: Charizard
|-singleturn|p2a: Charizard|Protect
|move|p1b: Sam Eagle|Hurricane|p2a: Charizard
|-activate|p2a: Charizard|move: Protect
|move|p1a: Kermit|Sludge Bomb|p2a: Charizard
|-activate|p2a: Charizard|move: Protect
|
|-weather|RainDance|[upkeep]
|upkeep
|turn|10
|
|t:|1783250184
|detailschange|p2a: Charizard|Charizard-Mega-Y, L50, M
|-mega|p2a: Charizard|Charizard|Charizardite Y
|-weather|SunnyDay|[from] ability: Drought|[of] p2a: Charizard
|move|p1b: Sam Eagle|Hurricane|p2a: Charizard
|-damage|p2a: Charizard|65/100
|move|p1a: Kermit|Sludge Bomb|p2a: Charizard
|-damage|p2a: Charizard|29/100
|-status|p2a: Charizard|psn
|move|p2a: Charizard|Heat Wave|p1b: Sam Eagle|[spread] p1a
|-miss|p2a: Charizard|p1b: Sam Eagle
|-supereffective|p1a: Kermit|1
|-damage|p1a: Kermit|25/100
|-status|p1a: Kermit|brn
|
|-weather|SunnyDay|[upkeep]
|-damage|p2a: Charizard|17/100 psn|[from] psn
|-damage|p1a: Kermit|19/100 brn|[from] brn
|-fieldend|move: Trick Room
|upkeep
|turn|11
|
|t:|1783250202
|move|p1a: Kermit|Protect|p1a: Kermit
|-singleturn|p1a: Kermit|Protect
|move|p1b: Sam Eagle|Protect|p1b: Sam Eagle
|-singleturn|p1b: Sam Eagle|Protect
|move|p2a: Charizard|Heat Wave|p1a: Kermit|[spread] 
|-activate|p1a: Kermit|move: Protect
|-activate|p1b: Sam Eagle|move: Protect
|
|-weather|SunnyDay|[upkeep]
|-damage|p2a: Charizard|5/100 psn|[from] psn
|-damage|p1a: Kermit|13/100 brn|[from] brn
|upkeep
|turn|12
|
|t:|1783250207
|move|p1a: Kermit|Protect||[still]
|-fail|p1a: Kermit
|move|p1b: Sam Eagle|Protect||[still]
|-fail|p1b: Sam Eagle
|move|p2a: Charizard|Heat Wave|p1a: Kermit|[spread] p1a,p1b
|-supereffective|p1a: Kermit|1
|-resisted|p1b: Sam Eagle|1
|-damage|p1a: Kermit|0 fnt
|-damage|p1b: Sam Eagle|0 fnt
|faint|p1a: Kermit
|faint|p1b: Sam Eagle
|
|win|new mental
|raw|MrTedno's rating: 1190 → 1166(-24 for losing)
|raw|new mental's rating: 1197 → 1221(+24 for winning)
|c|☆new mental|gg
|l|☆MrTedno
|player|p1|
