|j|☆tmmc01
|j|☆x5414
|html|tmmc01x5414    
|uhtml|bestof|Game 1 of a best-of-3
|t:|1782502821
|gametype|doubles
|player|p1|tmmc01|artist|1243
|player|p2|x5414|266|1242
|gen|9
|tier|[Gen 9 Champions] VGC 2026 Reg M-B (Bo3)
|rated|
|rule|Species Clause: Limit one of each Pokémon
|rule|Item Clause: Limit 1 of each item
|clearpoke
|poke|p1|Farigiraf, L50, F|
|poke|p1|Charizard, L50, F, shiny|
|poke|p1|Sylveon, L50, F|
|poke|p1|Garchomp, L50, M|
|poke|p1|Kingambit, L50, M|
|poke|p1|Aerodactyl, L50, M|
|poke|p2|Grimmsnarl, L50, M|
|poke|p2|Incineroar, L50, F|
|poke|p2|Whimsicott, L50, F|
|poke|p2|Sinistcha, L50|
|poke|p2|Staraptor, L50, M|
|poke|p2|Glimmora, L50, F|
|teampreview|4
|showteam|p1|Farigiraf||SitrusBerry|ArmorTail|TrickRoom,Roar,GrassKnot,TwinBeam|Bold||F|||50|]Charizard||CharizarditeY|Blaze|Protect,HeatWave,SolarBeam,WeatherBall|Modest||F|||50|]Sylveon||FairyFeather|Pixilate|HyperVoice,Detect,QuickAttack,HyperBeam|Modest||F|||50|]Garchomp||LifeOrb|RoughSkin|Protect,Earthquake,StompingTantrum,DragonClaw|Jolly||M|||50|]Kingambit||FocusSash|Defiant|KowtowCleave,IronHead,SuckerPunch,LowKick|Adamant||M|||50|]Aerodactyl||Aerodactylite|RockHead|Tailwind,SunnyDay,DualWingbeat,RockSlide|Jolly||M|||50|
|showteam|p2|Grimmsnarl||LightClay|Prankster|LightScreen,Reflect,PartingShot,SpiritBreak|Careful||M|||50|]Incineroar||SitrusBerry|Intimidate|FakeOut,FlareBlitz,DarkestLariat,PartingShot|Relaxed||F|||50|]Whimsicott||FocusSash|Prankster|Protect,Moonblast,Encore,Charm|Bold||F|||50|]Sinistcha||OccaBerry|Hospitality|MatchaGotcha,RagePowder,TrickRoom,LifeDew|Sassy|||||50|]Staraptor||Staraptite|Intimidate|BraveBird,CloseCombat,Roost,Protect|Jolly||M|||50|]Glimmora||ChoiceScarf|ToxicDebris|EnergyBall,EarthPower,PowerGem,SludgeBomb|Timid||F|||50|
|
|t:|1782502834
|teamsize|p1|4
|teamsize|p2|4
|start
|switch|p1a: Aerodactyl|Aerodactyl, L50, M|100/100
|switch|p1b: Sylveon|Sylveon, L50, F|100/100
|switch|p2a: Staraptor|Staraptor, L50, M|100/100
|switch|p2b: Grimmsnarl|Grimmsnarl, L50, M|100/100
|-ability|p2a: Staraptor|Intimidate|boost
|-unboost|p1a: Aerodactyl|atk|1
|-unboost|p1b: Sylveon|atk|1
|turn|1
|inactive|Battle timer is ON: inactive players will automatically lose when time's up. (requested by x5414)
|
|t:|1782502849
|switch|p2a: Glimmora|Glimmora, L50, F|100/100
|detailschange|p1a: Aerodactyl|Aerodactyl-Mega, L50, M
|-mega|p1a: Aerodactyl|Aerodactyl|Aerodactylite
|move|p2b: Grimmsnarl|Light Screen|p2b: Grimmsnarl
|-sidestart|p2: x5414|move: Light Screen
|move|p1a: Aerodactyl|Tailwind|p1a: Aerodactyl
|-sidestart|p1: tmmc01|move: Tailwind
|move|p1b: Sylveon|Hyper Voice|p2a: Glimmora|[spread] p2a,p2b
|-resisted|p2a: Glimmora|1
|-crit|p2a: Glimmora
|-supereffective|p2b: Grimmsnarl|1
|-damage|p2a: Glimmora|49/100
|-damage|p2b: Grimmsnarl|48/100
|
|upkeep
|turn|2
|inactive|tmmc01 has 30 seconds left.
|
|t:|1782502878
|move|p2b: Grimmsnarl|Parting Shot|p1a: Aerodactyl
|-unboost|p1a: Aerodactyl|atk|1
|-unboost|p1a: Aerodactyl|spa|1
|
|t:|1782502880
|switch|p2b: Incineroar|Incineroar, L50, F|100/100|[from] Parting Shot
|-ability|p2b: Incineroar|Intimidate|boost
|-unboost|p1a: Aerodactyl|atk|1
|-unboost|p1b: Sylveon|atk|1
|move|p1a: Aerodactyl|Rock Slide|p2a: Glimmora|[spread] p2b
|-miss|p1a: Aerodactyl|p2a: Glimmora
|-supereffective|p2b: Incineroar|1
|-damage|p2b: Incineroar|84/100
|move|p2a: Glimmora|Sludge Bomb|p1b: Sylveon
|-supereffective|p1b: Sylveon|1
|-damage|p1b: Sylveon|18/100
|-status|p1b: Sylveon|psn
|move|p1b: Sylveon|Hyper Voice|p2b: Incineroar|[spread] p2a,p2b
|-resisted|p2a: Glimmora|1
|-damage|p2a: Glimmora|29/100
|-damage|p2b: Incineroar|57/100
|
|-damage|p1b: Sylveon|6/100 psn|[from] psn
|upkeep
|turn|3
|inactive|tmmc01 has 30 seconds left.
|inactive|x5414 has 30 seconds left.
|
|t:|1782502914
|switch|p1b: Kingambit|Kingambit, L50, M|100/100
|move|p1a: Aerodactyl|Rock Slide|p2a: Glimmora|[spread] p2a,p2b
|-supereffective|p2b: Incineroar|1
|-damage|p2a: Glimmora|15/100
|-damage|p2b: Incineroar|41/100
|-activate|p2a: Glimmora|ability: Toxic Debris
|-sidestart|p1: tmmc01|move: Toxic Spikes
|-enditem|p2b: Incineroar|Sitrus Berry|[eat]
|-heal|p2b: Incineroar|66/100|[from] item: Sitrus Berry
|move|p2a: Glimmora|Sludge Bomb|p1b: Kingambit
|-immune|p1b: Kingambit
|move|p2b: Incineroar|Darkest Lariat|p1a: Aerodactyl
|-damage|p1a: Aerodactyl|62/100
|
|upkeep
|turn|4
|
|t:|1782502933
|switch|p2a: Staraptor|Staraptor, L50, M|100/100
|-ability|p2a: Staraptor|Intimidate|boost
|-unboost|p1a: Aerodactyl|atk|1
|-unboost|p1b: Kingambit|atk|1
|-ability|p1b: Kingambit|Defiant|boost
|-boost|p1b: Kingambit|atk|2
|move|p1a: Aerodactyl|Rock Slide|p2a: Staraptor|[spread] p2a
|-miss|p1a: Aerodactyl|p2b: Incineroar
|-supereffective|p2a: Staraptor|1
|-damage|p2a: Staraptor|78/100
|move|p1b: Kingambit|Low Kick|p2b: Incineroar
|-supereffective|p2b: Incineroar|1
|-damage|p2b: Incineroar|1/100
|move|p2b: Incineroar|Flare Blitz|p1b: Kingambit
|-supereffective|p1b: Kingambit|1
|-damage|p1b: Kingambit|13/100
|-damage|p2b: Incineroar|0 fnt|[from] Recoil
|faint|p2b: Incineroar
|
|-sideend|p1: tmmc01|move: Tailwind
|upkeep
|
|t:|1782502948
|switch|p2b: Grimmsnarl|Grimmsnarl, L50, M|48/100
|turn|5
|
|t:|1782502957
|detailschange|p2a: Staraptor|Staraptor-Mega, L50, M
|-mega|p2a: Staraptor|Staraptor|Staraptite
|move|p2b: Grimmsnarl|Reflect|p2b: Grimmsnarl
|-sidestart|p2: x5414|Reflect
|move|p1a: Aerodactyl|Tailwind|p1a: Aerodactyl
|-sidestart|p1: tmmc01|move: Tailwind
|move|p1b: Kingambit|Iron Head|p2b: Grimmsnarl
|-supereffective|p2b: Grimmsnarl|1
|-damage|p2b: Grimmsnarl|0 fnt
|faint|p2b: Grimmsnarl
|move|p2a: Staraptor|Close Combat|p1b: Kingambit
|-supereffective|p1b: Kingambit|2
|-damage|p1b: Kingambit|0 fnt
|-boost|p2a: Staraptor|def|1
|-boost|p2a: Staraptor|spd|1
|faint|p1b: Kingambit
|
|upkeep
|
|t:|1782502965
|switch|p1b: Sylveon|Sylveon, L50, F|6/100 psn
|switch|p2b: Glimmora|Glimmora, L50, F|15/100
|turn|6
|inactive|tmmc01 has 30 seconds left.
|
|t:|1782502992
|switch|p1a: Garchomp|Garchomp, L50, M|100/100
|-status|p1a: Garchomp|psn
|move|p2a: Staraptor|Protect|p2a: Staraptor
|-singleturn|p2a: Staraptor|Protect
|move|p2b: Glimmora|Power Gem|p1a: Garchomp
|-resisted|p1a: Garchomp|1
|-damage|p1a: Garchomp|75/100 psn
|move|p1b: Sylveon|Hyper Beam|p2a: Staraptor
|-activate|p2a: Staraptor|move: Protect
|
|-damage|p1a: Garchomp|62/100 psn|[from] psn
|-damage|p1b: Sylveon|0 fnt|[from] psn
|faint|p1b: Sylveon
|upkeep
|
|t:|1782503001
|switch|p1b: Aerodactyl|Aerodactyl-Mega, L50, M|62/100
|turn|7
|
|t:|1782503013
|move|p1b: Aerodactyl|Dual Wingbeat|p2a: Staraptor
|-supereffective|p2a: Staraptor|1
|-damage|p2a: Staraptor|57/100
|-supereffective|p2a: Staraptor|1
|-damage|p2a: Staraptor|36/100
|-hitcount|p2a: Staraptor|2
|move|p1a: Garchomp|Earthquake|p2b: Glimmora|[spread] p2b
|-immune|p1b: Aerodactyl
|-immune|p2a: Staraptor
|-supereffective|p2b: Glimmora|2
|-damage|p2b: Glimmora|0 fnt
|-activate|p2b: Glimmora|ability: Toxic Debris
|-sidestart|p1: tmmc01|move: Toxic Spikes
|faint|p2b: Glimmora
|-damage|p1a: Garchomp|53/100 psn|[from] item: Life Orb
|move|p2a: Staraptor|Close Combat|p1b: Aerodactyl
|-damage|p1b: Aerodactyl|0 fnt
|-boost|p2a: Staraptor|def|1
|-boost|p2a: Staraptor|spd|1
|faint|p1b: Aerodactyl
|
|-damage|p1a: Garchomp|41/100 psn|[from] psn
|upkeep
|turn|8
|
|t:|1782503034
|move|p2a: Staraptor|Protect|p2a: Staraptor
|-singleturn|p2a: Staraptor|Protect
|move|p1a: Garchomp|Dragon Claw|p2a: Staraptor
|-activate|p2a: Staraptor|move: Protect
|
|-damage|p1a: Garchomp|29/100 psn|[from] psn
|-sideend|p2: x5414|move: Light Screen
|-sideend|p1: tmmc01|move: Tailwind
|upkeep
|turn|9
|
|t:|1782503037
|move|p2a: Staraptor|Close Combat|p1a: Garchomp
|-damage|p1a: Garchomp|0 fnt
|-boost|p2a: Staraptor|def|1
|-boost|p2a: Staraptor|spd|1
|-damage|p2a: Staraptor|23/100|[from] ability: Rough Skin|[of] p1a: Garchomp
|faint|p1a: Garchomp
|
|win|x5414
||x5414 is ready for game 2.
||tmmc01 is ready for game 2.
|uhtml|next|Next: Game 2 of 3
|l|☆x5414
|player|p2|
