|j|☆gameryuz
|j|☆dele123
|html|gameryuzdele123    
|uhtml|bestof|Game 2 of a best-of-3
|t:|1783690177
|gametype|doubles
|player|p1|gameryuz|170|1108
|player|p2|dele123|1|1158
|gen|9
|tier|[Gen 9 Champions] VGC 2026 Reg M-B (Bo3)
|rated|
|rule|Species Clause: Limit one of each Pokémon
|rule|Item Clause: Limit 1 of each item
|clearpoke
|poke|p1|Sneasler, L50, M|
|poke|p1|Blastoise, L50, M|
|poke|p1|Kingambit, L50, F|
|poke|p1|Incineroar, L50, F|
|poke|p1|Delphox, L50, F|
|poke|p1|Sinistcha, L50|
|poke|p2|Charizard, L50, M|
|poke|p2|Grimmsnarl, L50, M|
|poke|p2|Sinistcha, L50|
|poke|p2|Incineroar, L50, M|
|poke|p2|Garchomp, L50, M|
|poke|p2|Mawile, L50, F|
|teampreview|4
|showteam|p1|Sneasler||FocusSash|PoisonTouch|PoisonJab,CloseCombat,FakeOut,QuickGuard|Jolly||M|||50|]Blastoise||Blastoisinite|RainDish|DarkPulse,WaterSpout,ShellSmash,Protect|Modest||M|||50|]Kingambit||BlackGlasses|Defiant|KowtowCleave,SuckerPunch,SwordsDance,Protect|Adamant||F|||50|]Incineroar||SitrusBerry|Intimidate|FlareBlitz,HelpingHand,PartingShot,FakeOut|Careful||F|||50|]Delphox||Delphoxite|Blaze|HeatWave,NastyPlot,Psyshock,Protect|Modest||F|||50|]Sinistcha||KasibBerry|Hospitality|MatchaGotcha,RagePowder,TrickRoom,Protect|Bold|||||50|
|showteam|p2|Charizard||CharizarditeY|Blaze|Protect,SolarBeam,WeatherBall,HeatWave|Modest||M|||50|]Grimmsnarl||LightClay|Prankster|LightScreen,Reflect,PartingShot,SpiritBreak|Careful||M|||50|]Sinistcha||CobaBerry|Hospitality|TrickRoom,RagePowder,Protect,MatchaGotcha|Relaxed|||||50|]Incineroar||SitrusBerry|Intimidate|FakeOut,ThroatChop,PartingShot,FlareBlitz|Adamant||M|||50|]Garchomp||LifeOrb|RoughSkin|RockSlide,StompingTantrum,Earthquake,Protect|Jolly||M|||50|]Mawile||Mawilite|Intimidate|PlayRough,IronHead,Protect,SuckerPunch|Adamant||F|||50|
|inactive|Battle timer is ON: inactive players will automatically lose when time's up. (requested by gameryuz)
|inactive|dele123 also wants the timer to be on.
|
|t:|1783690209
|teamsize|p1|4
|teamsize|p2|4
|start
|switch|p1a: Delphox|Delphox, L50, F|100/100
|switch|p1b: Incineroar|Incineroar, L50, F|100/100
|switch|p2a: Incineroar|Incineroar, L50, M|100/100
|switch|p2b: Grimmsnarl|Grimmsnarl, L50, M|100/100
|-ability|p1b: Incineroar|Intimidate|boost
|-unboost|p2a: Incineroar|atk|1
|-unboost|p2b: Grimmsnarl|atk|1
|-ability|p2a: Incineroar|Intimidate|boost
|-unboost|p1a: Delphox|atk|1
|-unboost|p1b: Incineroar|atk|1
|turn|1
|
|t:|1783690229
|detailschange|p1a: Delphox|Delphox-Mega, L50, F
|-mega|p1a: Delphox|Delphox|Delphoxite
|move|p1b: Incineroar|Fake Out|p2a: Incineroar
|-damage|p2a: Incineroar|91/100
|move|p2b: Grimmsnarl|Light Screen|p2b: Grimmsnarl
|-sidestart|p2: dele123|move: Light Screen
|move|p1a: Delphox|Nasty Plot|p1a: Delphox
|-boost|p1a: Delphox|spa|2
|cant|p2a: Incineroar|flinch
|
|upkeep
|turn|2
|inactive|dele123 has 30 seconds left.
|
|t:|1783690259
|switch|p2a: Garchomp|Garchomp, L50, M|100/100
|move|p1a: Delphox|Protect|p1a: Delphox
|-singleturn|p1a: Delphox|Protect
|move|p2b: Grimmsnarl|Reflect|p2b: Grimmsnarl
|-sidestart|p2: dele123|Reflect
|move|p1b: Incineroar|Parting Shot|p2a: Garchomp
|-unboost|p2a: Garchomp|atk|1
|-unboost|p2a: Garchomp|spa|1
|
|t:|1783690268
|switch|p1b: Sinistcha|Sinistcha, L50|100/100|[from] Parting Shot
|
|upkeep
|turn|3
|
|t:|1783690282
|switch|p1b: Incineroar|Incineroar, L50, F|100/100
|-ability|p1b: Incineroar|Intimidate|boost
|-unboost|p2a: Garchomp|atk|1
|-unboost|p2b: Grimmsnarl|atk|1
|switch|p2b: Incineroar|Incineroar, L50, M|91/100
|-ability|p2b: Incineroar|Intimidate|boost
|-unboost|p1a: Delphox|atk|1
|-unboost|p1b: Incineroar|atk|1
|move|p1a: Delphox|Nasty Plot|p1a: Delphox
|-boost|p1a: Delphox|spa|2
|move|p2a: Garchomp|Rock Slide|p1a: Delphox|[spread] p1a,p1b
|-supereffective|p1a: Delphox|1
|-supereffective|p1b: Incineroar|1
|-damage|p1a: Delphox|67/100
|-damage|p1b: Incineroar|74/100
|-damage|p2a: Garchomp|90/100|[from] item: Life Orb
|
|upkeep
|turn|4
|inactive|dele123 has 30 seconds left.
|
|t:|1783690312
|move|p1b: Incineroar|Fake Out|p2b: Incineroar
|-damage|p2b: Incineroar|86/100
|cant|p2b: Incineroar|flinch
|move|p1a: Delphox|Heat Wave|p2a: Garchomp|[spread] p2a,p2b
|-resisted|p2a: Garchomp|1
|-resisted|p2b: Incineroar|1
|-damage|p2a: Garchomp|48/100
|-damage|p2b: Incineroar|48/100
|-enditem|p2b: Incineroar|Sitrus Berry|[eat]
|-heal|p2b: Incineroar|72/100|[from] item: Sitrus Berry
|move|p2a: Garchomp|Rock Slide|p1b: Incineroar|[spread] p1a,p1b
|-supereffective|p1a: Delphox|1
|-supereffective|p1b: Incineroar|1
|-damage|p1a: Delphox|36/100
|-damage|p1b: Incineroar|46/100
|-enditem|p1b: Incineroar|Sitrus Berry|[eat]
|-heal|p1b: Incineroar|70/100|[from] item: Sitrus Berry
|-damage|p2a: Garchomp|38/100|[from] item: Life Orb
|
|upkeep
|turn|5
|inactive|gameryuz has 30 seconds left.
|
|t:|1783690339
|move|p1a: Delphox|Protect|p1a: Delphox
|-singleturn|p1a: Delphox|Protect
|move|p2a: Garchomp|Rock Slide|p1a: Delphox|[spread] p1b
|-activate|p1a: Delphox|move: Protect
|-supereffective|p1b: Incineroar|1
|-damage|p1b: Incineroar|45/100
|-damage|p2a: Garchomp|29/100|[from] item: Life Orb
|move|p1b: Incineroar|Parting Shot|p2a: Garchomp
|-unboost|p2a: Garchomp|atk|1
|-unboost|p2a: Garchomp|spa|1
|
|t:|1783690349
|switch|p1b: Sinistcha|Sinistcha, L50|100/100|[from] Parting Shot
|-heal|p1a: Delphox|61/100|[from] ability: Hospitality|[of] p1b: Sinistcha
|move|p2b: Incineroar|Throat Chop|p1a: Delphox
|-activate|p1a: Delphox|move: Protect
|
|upkeep
|turn|6
|inactive|dele123 has 30 seconds left.
|
|t:|1783690381
|switch|p2a: Grimmsnarl|Grimmsnarl, L50, M|100/100
|move|p1b: Sinistcha|Rage Powder|p1b: Sinistcha
|-singleturn|p1b: Sinistcha|move: Rage Powder
|move|p1a: Delphox|Heat Wave|p2a: Grimmsnarl|[spread] p2a,p2b
|-resisted|p2b: Incineroar|1
|-damage|p2a: Grimmsnarl|34/100
|-damage|p2b: Incineroar|37/100
|move|p2b: Incineroar|Parting Shot|p1b: Sinistcha
|-unboost|p1b: Sinistcha|atk|1
|-unboost|p1b: Sinistcha|spa|1
|
|t:|1783690401
|switch|p2b: Charizard|Charizard, L50, M|100/100|[from] Parting Shot
|
|upkeep
|turn|7
|
|t:|1783690418
|switch|p1b: Incineroar|Incineroar, L50, F|45/100
|-ability|p1b: Incineroar|Intimidate|boost
|-unboost|p2a: Grimmsnarl|atk|1
|-unboost|p2b: Charizard|atk|1
|move|p1a: Delphox|Protect|p1a: Delphox
|-singleturn|p1a: Delphox|Protect
|move|p2b: Charizard|Protect|p2b: Charizard
|-singleturn|p2b: Charizard|Protect
|move|p2a: Grimmsnarl|Parting Shot|p1a: Delphox
|-activate|p1a: Delphox|move: Protect
|
|upkeep
|turn|8
|
|t:|1783690437
|switch|p2b: Garchomp|Garchomp, L50, M|29/100
|move|p1b: Incineroar|Fake Out|p2a: Grimmsnarl
|-damage|p2a: Grimmsnarl|25/100
|cant|p2a: Grimmsnarl|flinch
|move|p1a: Delphox|Heat Wave|p2a: Grimmsnarl|[spread] p2a,p2b
|-resisted|p2b: Garchomp|1
|-damage|p2a: Grimmsnarl|0 fnt
|-damage|p2b: Garchomp|0 fnt
|faint|p2a: Grimmsnarl
|faint|p2b: Garchomp
|
|-sideend|p2: dele123|move: Light Screen
|upkeep
|
|t:|1783690449
|switch|p2b: Incineroar|Incineroar, L50, M|37/100
|switch|p2a: Charizard|Charizard, L50, M|100/100
|-ability|p2b: Incineroar|Intimidate|boost
|-unboost|p1a: Delphox|atk|1
|-unboost|p1b: Incineroar|atk|1
|turn|9
|
|t:|1783690471
|switch|p1b: Sinistcha|Sinistcha, L50|100/100
|-heal|p1a: Delphox|86/100|[from] ability: Hospitality|[of] p1b: Sinistcha
|detailschange|p2a: Charizard|Charizard-Mega-Y, L50, M
|-mega|p2a: Charizard|Charizard|Charizardite Y
|-weather|SunnyDay|[from] ability: Drought|[of] p2a: Charizard
|move|p1a: Delphox|Protect|p1a: Delphox
|-singleturn|p1a: Delphox|Protect
|move|p2a: Charizard|Weather Ball|p1b: Sinistcha
|-supereffective|p1b: Sinistcha|1
|-damage|p1b: Sinistcha|0 fnt
|faint|p1b: Sinistcha
|move|p2b: Incineroar|Throat Chop|p1a: Delphox
|-activate|p1a: Delphox|move: Protect
|
|-weather|SunnyDay|[upkeep]
|-sideend|p2: dele123|Reflect
|upkeep
|
|t:|1783690486
|switch|p1b: Incineroar|Incineroar, L50, F|45/100
|-ability|p1b: Incineroar|Intimidate|boost
|-unboost|p2a: Charizard|atk|1
|-unboost|p2b: Incineroar|atk|1
|turn|10
|
|t:|1783690495
|move|p2a: Charizard|Protect|p2a: Charizard
|-singleturn|p2a: Charizard|Protect
|move|p1b: Incineroar|Fake Out|p2b: Incineroar
|-damage|p2b: Incineroar|27/100
|move|p1a: Delphox|Heat Wave|p2a: Charizard|[spread] p2b
|-activate|p2a: Charizard|move: Protect
|-resisted|p2b: Incineroar|1
|-damage|p2b: Incineroar|0 fnt
|faint|p2b: Incineroar
|
|-weather|SunnyDay|[upkeep]
|upkeep
|turn|11
|-message|dele123 forfeited.
|raw|gameryuz's rating: 1108 → 1137(+29 for winning)
|raw|dele123's rating: 1158 → 1129(-29 for losing)
|
|win|gameryuz
|l|☆dele123
|player|p2|
