|j|☆LeonardPlayz
|j|☆SirSpiderVGC
|html|LeonardPlayzSirSpiderVGC    
|uhtml|bestof|Game 1 of a best-of-3
|t:|1783412143
|gametype|doubles
|player|p1|LeonardPlayz|hilbert-wonderlauncher|1255
|player|p2|SirSpiderVGC|lusamine-nihilego|1168
|gen|9
|tier|[Gen 9 Champions] VGC 2026 Reg M-B (Bo3)
|rated|
|rule|Species Clause: Limit one of each Pokémon
|rule|Item Clause: Limit 1 of each item
|clearpoke
|poke|p1|Gengar, L50, F|
|poke|p1|Grimmsnarl, L50, M|
|poke|p1|Incineroar, L50, F|
|poke|p1|Kommo-o, L50, F|
|poke|p1|Kingambit, L50, M|
|poke|p1|Vivillon, L50, F|
|poke|p2|Pyroar, L50, M|
|poke|p2|Aerodactyl, L50, F|
|poke|p2|Venusaur, L50, M|
|poke|p2|Torkoal, L50, M|
|poke|p2|Farigiraf, L50, M|
|poke|p2|Scrafty, L50, F|
|teampreview|4
|showteam|p1|Gengar||Gengarite|CursedBody|ShadowBall,PerishSong,SludgeBomb,Protect|Timid||F|||50|]Grimmsnarl||LightClay|Prankster|FakeOut,PartingShot,Reflect,LightScreen|Impish||M|||50|]Incineroar||SitrusBerry|Intimidate|FakeOut,ThroatChop,PartingShot,Protect|Careful||F|||50|]Kommo-o||Leftovers|Soundproof|AuraSphere,ClangingScales,ClangorousSoul,Protect|Serious||F|||50|]Kingambit||FocusSash|Defiant|SuckerPunch,IronHead,MeanLook,Protect|Adamant||M|||50|]Vivillon||ChoiceScarf|CompoundEyes|RagePowder,SleepPowder,Hurricane,Uturn|Timid||F|||50|
|showteam|p2|Pyroar||Pyroarite|Unnerve|Overheat,HeatWave,SolarBeam,Protect|Timid||M|||50|]Aerodactyl||ExpertBelt|Unnerve|RockSlide,IceFang,Taunt,Protect|Adamant||F|||50|]Venusaur||LifeOrb|Chlorophyll|EnergyBall,SludgeBomb,EarthPower,Protect|Modest||M|||50|]Torkoal||Charcoal|Drought|Eruption,WeatherBall,HelpingHand,Protect|Quiet||M|||50|]Farigiraf||SitrusBerry|ArmorTail|TwinBeam,Thunderbolt,TrickRoom,Protect|Quiet||M|||50|]Scrafty||Scraftinite|Intimidate|CloseCombat,KnockOff,IcePunch,FakeOut|Brave||F|||50|
|inactive|Battle timer is ON: inactive players will automatically lose when time's up. (requested by LeonardPlayz)
|
|t:|1783412174
|teamsize|p1|4
|teamsize|p2|4
|start
|switch|p1a: Gengar|Gengar, L50, F|100/100
|switch|p1b: Vivillon|Vivillon, L50, F|100/100
|switch|p2a: Scrafty|Scrafty, L50, F|100/100
|switch|p2b: Pyroar|Pyroar, L50, M|100/100
|-ability|p2b: Pyroar|Unnerve
|-ability|p2a: Scrafty|Intimidate|boost
|-unboost|p1a: Gengar|atk|1
|-unboost|p1b: Vivillon|atk|1
|turn|1
|
|t:|1783412197
|switch|p1b: Incineroar|Incineroar, L50, F|100/100
|-ability|p1b: Incineroar|Intimidate|boost
|-unboost|p2a: Scrafty|atk|1
|-unboost|p2b: Pyroar|atk|1
|detailschange|p2b: Pyroar|Pyroar-Mega, L50, M
|-mega|p2b: Pyroar|Pyroar|Pyroarite
|move|p1a: Gengar|Protect|p1a: Gengar
|-singleturn|p1a: Gengar|Protect
|move|p2a: Scrafty|Fake Out|p1b: Incineroar
|-damage|p1b: Incineroar|93/100
|move|p2b: Pyroar|Heat Wave|p1b: Incineroar|[spread] p1b
|-activate|p1a: Gengar|move: Protect
|-resisted|p1b: Incineroar|1
|-damage|p1b: Incineroar|69/100
|
|upkeep
|turn|2
|
|t:|1783412215
|detailschange|p1a: Gengar|Gengar-Mega, L50, F
|-mega|p1a: Gengar|Gengar|Gengarite
|move|p1b: Incineroar|Fake Out|p2b: Pyroar
|-damage|p2b: Pyroar|87/100
|cant|p2b: Pyroar|flinch
|move|p1a: Gengar|Perish Song|p1a: Gengar
|-start|p1a: Gengar|perish3|[silent]
|-start|p1b: Incineroar|perish3|[silent]
|-start|p2a: Scrafty|perish3|[silent]
|-start|p2b: Pyroar|perish3|[silent]
|-fieldactivate|move: Perish Song
|move|p2a: Scrafty|Knock Off|p1a: Gengar
|-supereffective|p1a: Gengar|1
|-damage|p1a: Gengar|49/100
|
|-start|p2b: Pyroar|perish3
|-start|p1a: Gengar|perish3
|-start|p1b: Incineroar|perish3
|-start|p2a: Scrafty|perish3
|upkeep
|turn|3
|
|t:|1783412235
|move|p1a: Gengar|Protect|p1a: Gengar
|-singleturn|p1a: Gengar|Protect
|move|p2b: Pyroar|Heat Wave|p1a: Gengar|[spread] p1b
|-activate|p1a: Gengar|move: Protect
|-resisted|p1b: Incineroar|1
|-damage|p1b: Incineroar|47/100
|-enditem|p1b: Incineroar|Sitrus Berry|[eat]
|-heal|p1b: Incineroar|72/100|[from] item: Sitrus Berry
|move|p1b: Incineroar|Parting Shot|p2b: Pyroar
|-unboost|p2b: Pyroar|atk|1
|-unboost|p2b: Pyroar|spa|1
|
|t:|1783412244
|switch|p1b: Vivillon|Vivillon, L50, F|100/100|[from] Parting Shot
|move|p2a: Scrafty|Close Combat|p1b: Vivillon
|-resisted|p1b: Vivillon|2
|-damage|p1b: Vivillon|80/100
|-unboost|p2a: Scrafty|def|1
|-unboost|p2a: Scrafty|spd|1
|
|-start|p2b: Pyroar|perish2
|-start|p1a: Gengar|perish2
|-start|p2a: Scrafty|perish2
|upkeep
|turn|4
|
|t:|1783412263
|move|p1b: Vivillon|Sleep Powder|p2b: Pyroar
|-status|p2b: Pyroar|slp|[from] move: Sleep Powder
|cant|p2b: Pyroar|slp
|move|p1a: Gengar|Sludge Bomb|p2a: Scrafty
|-damage|p2a: Scrafty|26/100
|move|p2a: Scrafty|Knock Off|p1a: Gengar
|-supereffective|p1a: Gengar|1
|-damage|p1a: Gengar|0 fnt
|faint|p1a: Gengar
|
|-start|p2b: Pyroar|perish1
|-start|p2a: Scrafty|perish1
|upkeep
|
|t:|1783412274
|switch|p1a: Kommo-o|Kommo-o, L50, F|100/100
|turn|5
|
|t:|1783412284
|switch|p2a: Venusaur|Venusaur, L50, M|100/100
|move|p1b: Vivillon|Sleep Powder|p2a: Venusaur
|-immune|p2a: Venusaur
|-curestatus|p2b: Pyroar|slp|[msg]
|move|p2b: Pyroar|Overheat|p1b: Vivillon
|-supereffective|p1b: Vivillon|1
|-damage|p1b: Vivillon|0 fnt
|-unboost|p2b: Pyroar|spa|2
|faint|p1b: Vivillon
|move|p1a: Kommo-o|Clangorous Soul|p1a: Kommo-o
|-boost|p1a: Kommo-o|atk|1
|-boost|p1a: Kommo-o|def|1
|-boost|p1a: Kommo-o|spa|1
|-boost|p1a: Kommo-o|spd|1
|-boost|p1a: Kommo-o|spe|1
|-damage|p1a: Kommo-o|67/100
|
|-heal|p1a: Kommo-o|72/100|[from] item: Leftovers
|-start|p2b: Pyroar|perish0
|upkeep
|faint|p2b: Pyroar
|
|t:|1783412298
|switch|p2b: Scrafty|Scrafty, L50, F|26/100
|switch|p1b: Incineroar|Incineroar, L50, F|72/100
|-ability|p1b: Incineroar|Intimidate|boost
|-unboost|p2a: Venusaur|atk|1
|-unboost|p2b: Scrafty|atk|1
|-ability|p2b: Scrafty|Intimidate|boost
|-unboost|p1a: Kommo-o|atk|1
|-unboost|p1b: Incineroar|atk|1
|turn|6
|
|t:|1783412314
|move|p1b: Incineroar|Fake Out|p2b: Scrafty
|-damage|p2b: Scrafty|20/100y
|cant|p2b: Scrafty|flinch
|move|p1a: Kommo-o|Clanging Scales|p2b: Scrafty|[spread] p2a,p2b
|-damage|p2a: Venusaur|38/100
|-damage|p2b: Scrafty|0 fnt
|faint|p2b: Scrafty
|-unboost|p1a: Kommo-o|def|1
|move|p2a: Venusaur|Earth Power|p1b: Incineroar
|-supereffective|p1b: Incineroar|1
|-damage|p1b: Incineroar|7/100
|-damage|p2a: Venusaur|28/100|[from] item: Life Orb
|
|-heal|p1a: Kommo-o|78/100|[from] item: Leftovers
|upkeep
|
|t:|1783412321
|switch|p2b: Torkoal|Torkoal, L50, M|100/100
|-weather|SunnyDay|[from] ability: Drought|[of] p2b: Torkoal
|turn|7
|
|t:|1783412337
|move|p2b: Torkoal|Helping Hand|p2a: Venusaur
|-singleturn|p2a: Venusaur|Helping Hand|[of] p2b: Torkoal
|move|p1b: Incineroar|Protect|p1b: Incineroar
|-singleturn|p1b: Incineroar|Protect
|move|p2a: Venusaur|Sludge Bomb|p1a: Kommo-o
|-damage|p1a: Kommo-o|22/100
|-damage|p2a: Venusaur|18/100|[from] item: Life Orb
|move|p1a: Kommo-o|Clanging Scales|p2a: Venusaur|[spread] p2a,p2b
|-damage|p2a: Venusaur|0 fnt
|-damage|p2b: Torkoal|30/100
|faint|p2a: Venusaur
|-unboost|p1a: Kommo-o|def|1
|
|-weather|SunnyDay|[upkeep]
|-heal|p1a: Kommo-o|28/100|[from] item: Leftovers
|upkeep
|turn|8
|-message|SirSpiderVGC forfeited.
|
|win|LeonardPlayz
|l|☆SirSpiderVGC
|player|p2|
||SirSpiderVGC is ready for game 2.
||LeonardPlayz is ready for game 2.
|uhtml|next|Next: Game 2 of 3
