|j|☆Weare17
|j|☆Sizzle2466
|html|Weare17Sizzle2466    
|uhtml|bestof|Game 1 of a best-of-3
|t:|1784204239
|gametype|doubles
|player|p1|Weare17|1|1266
|player|p2|Sizzle2466|2|1263
|gen|9
|tier|[Gen 9 Champions] VGC 2026 Reg M-B (Bo3)
|rated|
|rule|Species Clause: Limit one of each Pokémon
|rule|Item Clause: Limit 1 of each item
|clearpoke
|poke|p1|Basculegion, L50, M|
|poke|p1|Charizard, L50, M|
|poke|p1|Sylveon, L50, F|
|poke|p1|Garchomp, L50, F|
|poke|p1|Aerodactyl, L50, F|
|poke|p1|Kingambit, L50, F|
|poke|p2|Raichu, L50, M|
|poke|p2|Annihilape, L50, M|
|poke|p2|Incineroar, L50, F|
|poke|p2|Sinistcha, L50|
|poke|p2|Floette-Eternal, L50, F|
|poke|p2|Maushold, L50|
|teampreview|4
|showteam|p1|Basculegion||LifeOrb|Adaptability|Protect,AquaJet,LastRespects,WaveCrash|Jolly||M|||50|]Charizard||CharizarditeY|Blaze|Protect,WeatherBall,SolarBeam,HeatWave|Timid||M|||50|]Sylveon||FairyFeather|Pixilate|CalmMind,HyperBeam,HyperVoice,Detect|Modest||F|||50|]Garchomp||ChoiceScarf|RoughSkin|StompingTantrum,DragonClaw,RockSlide,Earthquake|Adamant||F|||50|]Aerodactyl||Aerodactylite|Unnerve|WideGuard,DualWingbeat,RockSlide,Tailwind|Jolly||F|||50|]Kingambit||ChopleBerry|Defiant|IronHead,SuckerPunch,KowtowCleave,LowKick|Adamant||F|||50|
|showteam|p2|Raichu||RaichuniteY|Static|FakeOut,ZapCannon,FocusBlast,Protect|Timid||M|||50|]Annihilape||Leftovers|Defiant|BulkUp,RageFist,DrainPunch,Protect|Adamant||M|||50|]Incineroar||SitrusBerry|Intimidate|FakeOut,FlareBlitz,Taunt,PartingShot|Careful||F|||50|]Sinistcha||CobaBerry|Hospitality|RagePowder,MatchaGotcha,LifeDew,Protect|Bold|||||50|]Floette-Eternal||Floettite|FlowerVeil|CalmMind,DazzlingGleam,DrainingKiss,Protect|Timid||F|||50|]Maushold||WideLens|Technician|PopulationBomb,BeatUp,FollowMe,Protect|Jolly|||||50|
|inactive|Battle timer is ON: inactive players will automatically lose when time's up. (requested by Weare17)
|
|t:|1784204279
|teamsize|p1|4
|teamsize|p2|4
|start
|switch|p1a: Aerodactyl|Aerodactyl, L50, F|100/100
|switch|p1b: Basculegion|Basculegion, L50, M|100/100
|switch|p2a: Raichu|Raichu, L50, M|100/100
|switch|p2b: Maushold|Maushold, L50|100/100
|-ability|p1a: Aerodactyl|Unnerve
|turn|1
|inactive|Weare17 has 30 seconds left.
|
|t:|1784204305
|switch|p1a: Sylveon|Sylveon, L50, F|100/100
|detailschange|p2a: Raichu|Raichu-Mega-Y, L50, M
|-mega|p2a: Raichu|Raichu|Raichunite Y
|move|p1b: Basculegion|Protect|p1b: Basculegion
|-singleturn|p1b: Basculegion|Protect
|move|p2b: Maushold|Follow Me|p2b: Maushold
|-singleturn|p2b: Maushold|move: Follow Me
|move|p2a: Raichu|Zap Cannon|p1a: Sylveon
|-damage|p1a: Sylveon|45/100
|-status|p1a: Sylveon|par
|
|upkeep
|turn|2
|
|t:|1784204319
|move|p1b: Basculegion|Aqua Jet|p2a: Raichu
|-damage|p2a: Raichu|36/100
|-damage|p1b: Basculegion|90/100|[from] item: Life Orb
|move|p2a: Raichu|Zap Cannon|p1b: Basculegion
|-supereffective|p1b: Basculegion|1
|-damage|p1b: Basculegion|0 fnt
|faint|p1b: Basculegion
|move|p2b: Maushold|Population Bomb|p1a: Sylveon
|-damage|p1a: Sylveon|33/100 par
|-damage|p1a: Sylveon|19/100 par
|-crit|p1a: Sylveon
|-damage|p1a: Sylveon|2/100 par
|-damage|p1a: Sylveon|0 fnt
|faint|p1a: Sylveon
|-hitcount|p1: Sylveon|4
|
|upkeep
|
|t:|1784204325
|switch|p1b: Aerodactyl|Aerodactyl, L50, F|100/100
|switch|p1a: Charizard|Charizard, L50, M|100/100
|-ability|p1b: Aerodactyl|Unnerve
|turn|3
|inactive|Sizzle2466 has 30 seconds left.
|
|t:|1784204351
|detailschange|p1a: Charizard|Charizard-Mega-Y, L50, M
|-mega|p1a: Charizard|Charizard|Charizardite Y
|-weather|SunnyDay|[from] ability: Drought|[of] p1a: Charizard
|move|p2a: Raichu|Protect|p2a: Raichu
|-singleturn|p2a: Raichu|Protect
|move|p1b: Aerodactyl|Tailwind|p1b: Aerodactyl
|-sidestart|p1: Weare17|move: Tailwind
|move|p1a: Charizard|Heat Wave|p2b: Maushold|[spread] p2b
|-activate|p2a: Raichu|move: Protect
|-crit|p2b: Maushold
|-damage|p2b: Maushold|0 fnt
|faint|p2b: Maushold
|
|-weather|SunnyDay|[upkeep]
|upkeep
|
|t:|1784204362
|switch|p2b: Annihilape|Annihilape, L50, M|100/100
|turn|4
|
|t:|1784204370
|switch|p2a: Sinistcha|Sinistcha, L50|100/100
|move|p1b: Aerodactyl|Rock Slide|p2b: Annihilape|[spread] p2a,p2b
|-resisted|p2b: Annihilape|1
|-damage|p2a: Sinistcha|79/100
|-damage|p2b: Annihilape|88/100
|move|p1a: Charizard|Weather Ball|p2b: Annihilape
|-damage|p2b: Annihilape|18/100
|move|p2b: Annihilape|Bulk Up|p2b: Annihilape
|-boost|p2b: Annihilape|atk|1
|-boost|p2b: Annihilape|def|1
|
|-weather|SunnyDay|[upkeep]
|-heal|p2b: Annihilape|24/100|[from] item: Leftovers
|upkeep
|turn|5
|
|t:|1784204391
|move|p2b: Annihilape|Protect|p2b: Annihilape
|-singleturn|p2b: Annihilape|Protect
|move|p2a: Sinistcha|Rage Powder|p2a: Sinistcha
|-singleturn|p2a: Sinistcha|move: Rage Powder
|move|p1b: Aerodactyl|Dual Wingbeat|p2a: Sinistcha
|-supereffective|p2a: Sinistcha|1
|-damage|p2a: Sinistcha|49/100
|-supereffective|p2a: Sinistcha|1
|-damage|p2a: Sinistcha|22/100
|-hitcount|p2a: Sinistcha|2
|move|p1a: Charizard|Heat Wave|p2a: Sinistcha|[spread] p2a
|-activate|p2b: Annihilape|move: Protect
|-supereffective|p2a: Sinistcha|1
|-damage|p2a: Sinistcha|0 fnt
|faint|p2a: Sinistcha
|
|-weather|SunnyDay|[upkeep]
|-heal|p2b: Annihilape|30/100|[from] item: Leftovers
|upkeep
|
|t:|1784204405
|switch|p2a: Raichu|Raichu-Mega-Y, L50, M|36/100
|turn|6
|
|t:|1784204414
|move|p2a: Raichu|Fake Out|p1a: Charizard
|-damage|p1a: Charizard|88/100
|move|p1b: Aerodactyl|Dual Wingbeat|p2b: Annihilape
|-supereffective|p2b: Annihilape|1
|-damage|p2b: Annihilape|5/100
|-supereffective|p2b: Annihilape|1
|-damage|p2b: Annihilape|0 fnt
|faint|p2b: Annihilape
|-hitcount|p2: Annihilape|2
|cant|p1a: Charizard|flinch
|
|-weather|SunnyDay|[upkeep]
|-sideend|p1: Weare17|move: Tailwind
|upkeep
|turn|7
|
|t:|1784204425
|move|p1b: Aerodactyl|Tailwind|p1b: Aerodactyl
|-sidestart|p1: Weare17|move: Tailwind
|move|p1a: Charizard|Weather Ball|p2a: Raichu
|-damage|p2a: Raichu|0 fnt
|faint|p2a: Raichu
|
|win|Weare17
||Sizzle2466 is ready for game 2.
