|j|☆Brutalandathebozz
|j|☆hondo civic
|html|Brutalandathebozzhondo civic    
|uhtml|bestof|Game 3 of a best-of-3
|t:|1756586960
|gametype|doubles
|player|p1|Brutalandathebozz|2|1381
|player|p2|hondo civic|2|1448
|gen|9
|tier|[Gen 9] VGC 2025 Reg H (Bo3)
|rated|
|rule|Species Clause: Limit one of each Pokémon
|rule|Item Clause: Limit 1 of each item
|clearpoke
|poke|p1|Sneasler, L50, M|
|poke|p1|Electabuzz, L50, M|
|poke|p1|Rillaboom, L50, F|
|poke|p1|Primarina, L50, M|
|poke|p1|Kingambit, L50, F|
|poke|p1|Volcarona, L50, M|
|poke|p2|Ninetales-Alola, L50, F|
|poke|p2|Rillaboom, L50, M|
|poke|p2|Magmar, L50, F|
|poke|p2|Sneasler, L50, M|
|poke|p2|Kingambit, L50, F|
|poke|p2|Basculegion, L50, M|
|teampreview|4
|showteam|p1|Sneasler||FocusSash|PoisonTouch|FakeOut,CloseCombat,DireClaw,Protect|||M|||50|,,,,,Ghost]Electabuzz||Eviolite|VitalSpirit|Protect,Taunt,FollowMe,Electroweb|||M|||50|,,,,,Ghost]Rillaboom||AssaultVest|GrassySurge|WoodHammer,GrassyGlide,FakeOut,HighHorsepower|||F|||50|,,,,,Fire]Primarina||SitrusBerry|LiquidVoice|HyperVoice,Moonblast,Protect,Haze|||M|||50|,,,,,Poison]Kingambit||BlackGlasses|Defiant|KowtowCleave,SuckerPunch,Protect,SwordsDance|||F|||50|,,,,,Dark]Volcarona||CovertCloak|FlameBody|HeatWave,TeraBlast,QuiverDance,Protect|||M|||50|,,,,,Fairy
|showteam|p2|Ninetales-Alola||LifeOrb|SnowWarning|Blizzard,FreezeDry,Encore,Protect|||F|||50|,,,,,Ghost]Rillaboom||AssaultVest|GrassySurge|WoodHammer,FakeOut,Uturn,GrassyGlide|||M|||50|,,,,,Ghost]Magmar||Eviolite|VitalSpirit|Protect,HeatWave,Taunt,FollowMe|||F|||50|,,,,,Ghost]Sneasler||FocusSash|PoisonTouch|FakeOut,DireClaw,CloseCombat,Protect|||M|||50|,,,,,Ghost]Kingambit||BlackGlasses|Defiant|KowtowCleave,SwordsDance,SuckerPunch,Protect|||F|||50|,,,,,Fire]Basculegion||ChoiceScarf|Adaptability|WaveCrash,FlipTurn,TeraBlast,LastRespects|||M|||50|,,,,,Fairy
|inactive|Battle timer is ON: inactive players will automatically lose when time's up. (requested by hondo civic)
|inactive|Brutalandathebozz has 60 seconds left.
|
|t:|1756587003
|teamsize|p1|4
|teamsize|p2|4
|start
|switch|p1a: Kingambit|Kingambit, L50, F|100/100
|switch|p1b: Electabuzz|Electabuzz, L50, M|100/100
|switch|p2a: Kingambit|Kingambit, L50, F, shiny|100/100
|switch|p2b: Sneasler|Sneasler, L50, M|100/100
|turn|1
|
|t:|1756587021
|switch|p1a: Volcarona|Volcarona, L50, M, shiny|100/100
|move|p2b: Sneasler|Fake Out|p1b: Electabuzz
|-damage|p1b: Electabuzz|87/100
|cant|p1b: Electabuzz|flinch
|move|p2a: Kingambit|Swords Dance|p2a: Kingambit
|-boost|p2a: Kingambit|atk|2
|
|upkeep
|turn|2
|inactive|Brutalandathebozz has 30 seconds left.
|
|t:|1756587049
|-terastallize|p2a: Kingambit|Fire
|move|p1b: Electabuzz|Follow Me|p1b: Electabuzz
|-singleturn|p1b: Electabuzz|move: Follow Me
|move|p2b: Sneasler|Dire Claw|p1b: Electabuzz
|-damage|p1b: Electabuzz|50/100
|-status|p1b: Electabuzz|psn|[from] ability: Poison Touch|[of] p2b: Sneasler
|move|p1a: Volcarona|Quiver Dance|p1a: Volcarona
|-boost|p1a: Volcarona|spa|1
|-boost|p1a: Volcarona|spd|1
|-boost|p1a: Volcarona|spe|1
|move|p2a: Kingambit|Kowtow Cleave|p1b: Electabuzz
|-damage|p1b: Electabuzz|0 fnt
|faint|p1b: Electabuzz
|
|upkeep
|
|t:|1756587051
|switch|p1b: Sneasler|Sneasler, L50, M|100/100
|turn|3
|
|t:|1756587065
|switch|p2b: Basculegion|Basculegion, L50, M|100/100
|move|p1a: Volcarona|Protect|p1a: Volcarona
|-singleturn|p1a: Volcarona|Protect
|move|p2a: Kingambit|Protect|p2a: Kingambit
|-singleturn|p2a: Kingambit|Protect
|move|p1b: Sneasler|Dire Claw|p2b: Basculegion
|-resisted|p2b: Basculegion
|-damage|p2b: Basculegion|75/100
|-status|p2b: Basculegion|par
|
|upkeep
|turn|4
|inactive|Brutalandathebozz has 30 seconds left.
|
|t:|1756587095
|-terastallize|p1a: Volcarona|Fairy
|move|p2a: Kingambit|Sucker Punch|p1a: Volcarona
|-resisted|p1a: Volcarona
|-damage|p1a: Volcarona|47/100
|move|p1a: Volcarona|Heat Wave|p2a: Kingambit|[spread] p2a,p2b
|-resisted|p2a: Kingambit
|-resisted|p2b: Basculegion
|-damage|p2a: Kingambit|72/100
|-damage|p2b: Basculegion|45/100 par
|move|p1b: Sneasler|Close Combat|p2a: Kingambit
|-damage|p2a: Kingambit|20/100
|-unboost|p1b: Sneasler|def|1
|-unboost|p1b: Sneasler|spd|1
|-status|p2a: Kingambit|psn|[from] ability: Poison Touch|[of] p1b: Sneasler
|move|p2b: Basculegion|Wave Crash|p1a: Volcarona
|-damage|p1a: Volcarona|0 fnt
|faint|p1a: Volcarona
|-damage|p2b: Basculegion|30/100 par|[from] Recoil
|
|-damage|p2a: Kingambit|7/100 psn|[from] psn
|upkeep
|
|t:|1756587099
|switch|p1a: Kingambit|Kingambit, L50, F|100/100
|turn|5
|inactive|Brutalandathebozz has 30 seconds left.
|inactive|hondo civic has 30 seconds left.
|
|t:|1756587131
|move|p1b: Sneasler|Protect|p1b: Sneasler
|-singleturn|p1b: Sneasler|Protect
|move|p1a: Kingambit|Sucker Punch|p2b: Basculegion
|-supereffective|p2b: Basculegion
|-damage|p2b: Basculegion|0 fnt
|faint|p2b: Basculegion
|move|p2a: Kingambit|Kowtow Cleave|p1a: Kingambit
|-resisted|p1a: Kingambit
|-damage|p1a: Kingambit|54/100
|
|-damage|p2a: Kingambit|0 fnt|[from] psn
|faint|p2a: Kingambit
|upkeep
|
|t:|1756587137
|switch|p2b: Magmar|Magmar, L50, F|100/100
|switch|p2a: Sneasler|Sneasler, L50, M|100/100
|turn|6
|inactive|Brutalandathebozz has 30 seconds left.
|inactive|Brutalandathebozz has 20 seconds left.
|
|t:|1756587174
|move|p2a: Sneasler|Fake Out|p1b: Sneasler
|-damage|p1b: Sneasler|64/100
|cant|p1b: Sneasler|flinch
|move|p2b: Magmar|Heat Wave|p1b: Sneasler|[spread] p1a,p1b
|-supereffective|p1a: Kingambit
|-damage|p1a: Kingambit|6/100
|-damage|p1b: Sneasler|10/100
|move|p1a: Kingambit|Kowtow Cleave|p2a: Sneasler
|-resisted|p2a: Sneasler
|-damage|p2a: Sneasler|50/100
|
|upkeep
|turn|7
|-message|Brutalandathebozz forfeited.
|
|win|hondo civic
|raw|Brutalandathebozz's rating: 1381 → 1365(-16 for losing)
|raw|hondo civic's rating: 1448 → 1464(+16 for winning)
|l|☆Brutalandathebozz
|player|p1|
