|j|☆risotto_venere
|j|☆SlaymonSays
|html|risotto_venereSlaymonSays    
|uhtml|bestof|Game 1 of a best-of-3
|t:|1757847831
|gametype|doubles
|player|p1|risotto_venere|n|1212
|player|p2|SlaymonSays|102|1296
|gen|9
|tier|[Gen 9] VGC 2025 Reg H (Bo3)
|rated|
|rule|Species Clause: Limit one of each Pokémon
|rule|Item Clause: Limit 1 of each item
|clearpoke
|poke|p1|Sneasler, L50, F|
|poke|p1|Dragapult, L50, F|
|poke|p1|Dondozo, L50, F|
|poke|p1|Rillaboom, L50, M|
|poke|p1|Volcarona, L50, M|
|poke|p1|Electabuzz, L50, M|
|poke|p2|Primarina, L50, M|
|poke|p2|Flamigo, L50, M|
|poke|p2|Gholdengo, L50|
|poke|p2|Rillaboom, L50, M|
|poke|p2|Incineroar, L50, F|
|poke|p2|Ninetales-Alola, L50, F|
|teampreview|4
|showteam|p1|Sneasler||FocusSash|PoisonTouch|FakeOut,DireClaw,CloseCombat,Protect|||F|||50|,,,,,Ghost]Dragapult||ChoiceBand|ClearBody|DragonDarts,PhantomForce,Uturn,Outrage|||F|||50|,,,,,Dragon]Dondozo||Leftovers|Unaware|WaveCrash,Yawn,Fissure,Protect|||F|||50|,,,,,Poison]Rillaboom||AssaultVest|GrassySurge|FakeOut,WoodHammer,GrassyGlide,HighHorsepower|||M|||50|,,,,,Fire]Volcarona||CovertCloak|FlameBody|HeatWave,QuiverDance,TeraBlast,Protect|||M|||50|,,,,,Fairy]Electabuzz||Eviolite|VitalSpirit|Electroweb,FollowMe,Taunt,Protect|||M|||50|,,,,,Ghost
|showteam|p2|Primarina||LifeOrb|LiquidVoice|HyperVoice,Moonblast,Haze,Protect|||M|||50|,,,,,Steel]Flamigo||FocusSash|Scrappy|DualWingbeat,CloseCombat,Tailwind,Detect|||M|||50|,,,,,Ghost]Gholdengo||Leftovers|GoodasGold|MakeItRain,ShadowBall,NastyPlot,Protect||||||50|,,,,,Water]Rillaboom||AssaultVest|GrassySurge|FakeOut,GrassyGlide,WoodHammer,HighHorsepower|||M|||50|,,,,,Fire]Incineroar||SafetyGoggles|Intimidate|FakeOut,FlareBlitz,KnockOff,PartingShot|||F|||50|,,,,,Ghost]Ninetales-Alola||CovertCloak|SnowWarning|Blizzard,Disable,Encore,AuroraVeil|||F|||50|,,,,,Fire
|inactive|Battle timer is ON: inactive players will automatically lose when time's up. (requested by risotto_venere)
|inactive|risotto_venere has 60 seconds left.
|inactive|SlaymonSays has 60 seconds left.
|
|t:|1757847898
|teamsize|p1|4
|teamsize|p2|4
|start
|switch|p1a: Sneasler|Sneasler, L50, F|100/100
|switch|p1b: Dragapult|Dragapult, L50, F|100/100
|switch|p2a: Incineroar|Incineroar, L50, F|100/100
|switch|p2b: Flamigo|Flamigo, L50, M|100/100
|-ability|p2a: Incineroar|Intimidate|boost
|-unboost|p1a: Sneasler|atk|1
|-fail|p1b: Dragapult|unboost|[from] ability: Clear Body|[of] p1b: Dragapult
|turn|1
|
|t:|1757847916
|move|p1a: Sneasler|Protect|p1a: Sneasler
|-singleturn|p1a: Sneasler|Protect
|move|p1b: Dragapult|U-turn|p2a: Incineroar
|-damage|p2a: Incineroar|63/100
|
|t:|1757847921
|switch|p1b: Electabuzz|Electabuzz, L50, M|100/100|[from] U-turn
|move|p2b: Flamigo|Tailwind|p2b: Flamigo
|-sidestart|p2: SlaymonSays|move: Tailwind
|move|p2a: Incineroar|Knock Off|p1b: Electabuzz
|-damage|p1b: Electabuzz|71/100
|-enditem|p1b: Electabuzz|Eviolite|[from] move: Knock Off|[of] p2a: Incineroar
|
|upkeep
|turn|2
|
|t:|1757847937
|move|p2b: Flamigo|Dual Wingbeat|p1a: Sneasler
|-supereffective|p1a: Sneasler
|-damage|p1a: Sneasler|39/100
|-supereffective|p1a: Sneasler
|-damage|p1a: Sneasler|0 fnt
|faint|p1a: Sneasler
|-hitcount|p1: Sneasler|2
|move|p2a: Incineroar|Knock Off|p1b: Electabuzz
|-damage|p1b: Electabuzz|39/100
|move|p1b: Electabuzz|Electroweb|p2a: Incineroar|[spread] p2a,p2b
|-supereffective|p2b: Flamigo
|-damage|p2a: Incineroar|52/100
|-damage|p2b: Flamigo|55/100
|-unboost|p2a: Incineroar|spe|1
|-unboost|p2b: Flamigo|spe|1
|
|upkeep
|
|t:|1757847947
|switch|p1a: Dondozo|Dondozo, L50, F|100/100
|turn|3
|
|t:|1757847960
|move|p1b: Electabuzz|Protect|p1b: Electabuzz
|-singleturn|p1b: Electabuzz|Protect
|move|p2b: Flamigo|Close Combat|p1b: Electabuzz
|-activate|p1b: Electabuzz|move: Protect
|move|p2a: Incineroar|Parting Shot|p1a: Dondozo
|-unboost|p1a: Dondozo|atk|1
|-unboost|p1a: Dondozo|spa|1
|
|t:|1757847963
|switch|p2a: Rillaboom|Rillaboom, L50, M|100/100|[from] Parting Shot
|-fieldstart|move: Grassy Terrain|[from] ability: Grassy Surge|[of] p2a: Rillaboom
|move|p1a: Dondozo|Yawn|p2b: Flamigo
|-start|p2b: Flamigo|move: Yawn|[of] p1a: Dondozo
|
|-heal|p1b: Electabuzz|45/100|[from] Grassy Terrain
|upkeep
|turn|4
|
|t:|1757847984
|switch|p2b: Incineroar|Incineroar, L50, F|52/100
|-ability|p2b: Incineroar|Intimidate|boost
|-unboost|p1a: Dondozo|atk|1
|-unboost|p1b: Electabuzz|atk|1
|switch|p1b: Dragapult|Dragapult, L50, F|100/100
|move|p1a: Dondozo|Protect|p1a: Dondozo
|-singleturn|p1a: Dondozo|Protect
|move|p2a: Rillaboom|Wood Hammer|p1b: Dragapult
|-resisted|p1b: Dragapult
|-damage|p1b: Dragapult|40/100
|-damage|p2a: Rillaboom|83/100|[from] Recoil
|
|-heal|p2a: Rillaboom|89/100|[from] Grassy Terrain
|-heal|p1b: Dragapult|46/100|[from] Grassy Terrain
|-heal|p2b: Incineroar|58/100|[from] Grassy Terrain
|-sideend|p2: SlaymonSays|move: Tailwind
|upkeep
|turn|5
|
|t:|1757848008
|-terastallize|p1b: Dragapult|Dragon
|move|p1b: Dragapult|Outrage|p2a: Rillaboom
|-damage|p2a: Rillaboom|0 fnt
|faint|p2a: Rillaboom
|move|p2b: Incineroar|Knock Off|p1b: Dragapult
|-damage|p1b: Dragapult|0 fnt
|-enditem|p1b: Dragapult|Choice Band|[from] move: Knock Off|[of] p2b: Incineroar
|faint|p1b: Dragapult
|move|p1a: Dondozo|Wave Crash|p2b: Incineroar
|-supereffective|p2b: Incineroar
|-damage|p2b: Incineroar|21/100
|-damage|p1a: Dondozo|91/100|[from] Recoil
|
|-heal|p2b: Incineroar|27/100|[from] Grassy Terrain
|-heal|p1a: Dondozo|97/100|[from] Grassy Terrain
|-heal|p1a: Dondozo|100/100|[from] item: Leftovers
|upkeep
|
|t:|1757848019
|switch|p1b: Electabuzz|Electabuzz, L50, M|45/100
|switch|p2a: Primarina|Primarina, L50, M|100/100
|turn|6
|-message|risotto_venere forfeited.
|
|win|SlaymonSays
|l|☆risotto_venere
|player|p1|
||risotto_venere is ready for game 2.
||SlaymonSays is ready for game 2.
|uhtml|next|Next: Game 2 of 3
|l|☆SlaymonSays
|player|p2|
