|j|☆DISSSSS
|j|☆Lego Darth Malgus
|html|DISSSSSLego Darth Malgus    
|uhtml|bestof|Game 1 of a best-of-3
|t:|1756921441
|gametype|doubles
|player|p1|DISSSSS|flannery|1095
|player|p2|Lego Darth Malgus|266|1205
|gen|9
|tier|[Gen 9] VGC 2025 Reg H (Bo3)
|rated|
|rule|Species Clause: Limit one of each Pokémon
|rule|Item Clause: Limit 1 of each item
|clearpoke
|poke|p1|Weezing, L50, M|
|poke|p1|Palafin, L50, F|
|poke|p1|Typhlosion-Hisui, L50, M|
|poke|p1|Amoonguss, L50, M|
|poke|p1|Hydreigon, L50, F|
|poke|p1|Pawmot, L50, M|
|poke|p2|Kommo-o, L50, F|
|poke|p2|Tyranitar, L50, M|
|poke|p2|Excadrill, L50, M|
|poke|p2|Samurott-Hisui, L50, F|
|poke|p2|Rillaboom, L50, F|
|poke|p2|Volcarona, L50, M|
|teampreview|4
|showteam|p1|Weezing||SitrusBerry|NeutralizingGas|Taunt,Protect,WillOWisp,SludgeBomb|||M|||50|,,,,,Water]Palafin||MysticWater|ZerotoHero|JetPunch,WaveCrash,Protect,Haze|||F|||50|,,,,,Water]Typhlosion-Hisui||ChoiceScarf|Blaze|Eruption,HeatWave,ShadowBall,Flamethrower|||M|||50|,,,,,Fire]Amoonguss||RockyHelmet|Regenerator|Spore,Protect,RagePowder,PollenPuff|||M|||50|,,,,,Water]Hydreigon||CovertCloak|Levitate|DracoMeteor,Tailwind,Snarl,Protect|||F|||50|,,,,,Poison]Pawmot||FocusSash|NaturalCure|FakeOut,DoubleShock,CloseCombat,Protect|||M|||50|,,,,,Electric
|showteam|p2|Kommo-o||GrassySeed|Overcoat|BodyPress,IronDefense,Protect,DragonPulse|||F|||50|,,,,,Fairy]Tyranitar||ChoiceScarf|SandStream|RockSlide,KnockOff,TeraBlast,LowKick|||M|||50|,,,,,Flying]Excadrill||FocusSash|SandRush|HighHorsepower,IronHead,RockSlide,Protect|||M|||50|,,,,,Ghost]Samurott-Hisui||AssaultVest|Sharpness|CeaselessEdge,RazorShell,SacredSword,SuckerPunch|||F|||50|,,,,,Ghost]Rillaboom||MiracleSeed|GrassySurge|FakeOut,DrumBeating,GrassyGlide,Taunt|||F|||50|,,,,,Water]Volcarona||SitrusBerry|FlameBody|QuiverDance,HeatWave,TeraBlast,Protect|||M|||50|,,,,,Fairy
|inactive|Battle timer is ON: inactive players will automatically lose when time's up. (requested by Lego Darth Malgus)
|inactive|DISSSSS also wants the timer to be on.
|inactive|Lego Darth Malgus has 60 seconds left.
|
|t:|1756921486
|teamsize|p1|4
|teamsize|p2|4
|start
|switch|p1a: Weezing|Weezing, L50, M|100/100
|switch|p1b: Palafin|Palafin, L50, F|100/100
|switch|p2a: Samurott|Samurott-Hisui, L50, F, shiny|100/100
|switch|p2b: Rillaboom|Rillaboom, L50, F, shiny|100/100
|-ability|p1a: Weezing|Neutralizing Gas
|turn|1
|
|t:|1756921501
|detailschange|p1b: Palafin|Palafin-Hero, L50, F
|switch|p1b: Amoonguss|Amoonguss, L50, M|100/100
|-terastallize|p2b: Rillaboom|Water
|move|p2b: Rillaboom|Taunt|p1a: Weezing
|-start|p1a: Weezing|move: Taunt
|move|p2a: Samurott|Ceaseless Edge|p1b: Amoonguss
|-damage|p1b: Amoonguss|71/100
|-damage|p2a: Samurott|84/100|[from] item: Rocky Helmet|[of] p1b: Amoonguss
|-sidestart|p1: DISSSSS|Spikes
|cant|p1a: Weezing|move: Taunt|Will-O-Wisp
|
|upkeep
|turn|2
|
|t:|1756921521
|move|p1b: Amoonguss|Protect|p1b: Amoonguss
|-singleturn|p1b: Amoonguss|Protect
|move|p2b: Rillaboom|Taunt|p1b: Amoonguss
|-activate|p1b: Amoonguss|move: Protect
|move|p2a: Samurott|Ceaseless Edge|p1a: Weezing
|-damage|p1a: Weezing|74/100
|-sidestart|p1: DISSSSS|Spikes
|move|p1a: Weezing|Sludge Bomb|p2a: Samurott
|-damage|p2a: Samurott|53/100
|
|upkeep
|turn|3
|
|t:|1756921535
|move|p2b: Rillaboom|Taunt|p1b: Amoonguss
|-start|p1b: Amoonguss|move: Taunt
|move|p2a: Samurott|Ceaseless Edge|p1a: Weezing
|-damage|p1a: Weezing|47/100
|-sidestart|p1: DISSSSS|Spikes
|-enditem|p1a: Weezing|Sitrus Berry|[eat]
|-heal|p1a: Weezing|72/100|[from] item: Sitrus Berry
|move|p1a: Weezing|Sludge Bomb|p2a: Samurott
|-damage|p2a: Samurott|28/100
|move|p1b: Amoonguss|Pollen Puff|p1a: Weezing
|-heal|p1a: Weezing|100/100
|
|-end|p1a: Weezing|move: Taunt
|upkeep
|turn|4
|
|t:|1756921556
|switch|p2b: Tyranitar|Tyranitar, L50, M|100/100
|switch|p2a: Excadrill|Excadrill, L50, M, shiny|100/100
|move|p1a: Weezing|Protect|p1a: Weezing
|-singleturn|p1a: Weezing|Protect
|move|p1b: Amoonguss|Pollen Puff|p2a: Excadrill
|-resisted|p2a: Excadrill
|-damage|p2a: Excadrill|89/100
|
|upkeep
|turn|5
|inactive|DISSSSS has 30 seconds left.
|
|t:|1756921581
|-terastallize|p1a: Weezing|Water
|move|p2b: Tyranitar|Knock Off|p1b: Amoonguss
|-damage|p1b: Amoonguss|27/100
|-damage|p2b: Tyranitar|84/100|[from] item: Rocky Helmet|[of] p1b: Amoonguss
|-enditem|p1b: Amoonguss|Rocky Helmet|[from] move: Knock Off|[of] p2b: Tyranitar
|move|p2a: Excadrill|High Horsepower|p1b: Amoonguss
|-crit|p1b: Amoonguss
|-damage|p1b: Amoonguss|0 fnt
|faint|p1b: Amoonguss
|move|p1a: Weezing|Will-O-Wisp|p2a: Excadrill
|-status|p2a: Excadrill|brn
|
|-damage|p2a: Excadrill|83/100 brn|[from] brn
|upkeep
|
|t:|1756921595
|switch|p1b: Palafin|Palafin-Hero, L50, F|100/100
|-damage|p1b: Palafin|76/100|[from] Spikes
|-activate|p1b: Palafin|ability: Zero to Hero
|turn|6
|
|t:|1756921602
|switch|p2a: Rillaboom|Rillaboom, L50, F, shiny, tera:Water|100/100
|move|p1b: Palafin|Jet Punch|p2b: Tyranitar
|-supereffective|p2b: Tyranitar
|-damage|p2b: Tyranitar|0 fnt
|faint|p2b: Tyranitar
|move|p1a: Weezing|Will-O-Wisp|p2a: Rillaboom
|-status|p2a: Rillaboom|brn
|
|-damage|p2a: Rillaboom|95/100 brn|[from] brn
|upkeep
|
|t:|1756921610
|switch|p2b: Samurott|Samurott-Hisui, L50, F, shiny|28/100
|turn|7
|
|t:|1756921630
|move|p1b: Palafin|Jet Punch|p2b: Samurott
|-resisted|p2b: Samurott
|-damage|p2b: Samurott|0 fnt
|faint|p2b: Samurott
|move|p2a: Rillaboom|Drum Beating|p1b: Palafin
|-supereffective|p1b: Palafin
|-damage|p1b: Palafin|26/100
|-unboost|p1b: Palafin|spe|1
|move|p1a: Weezing|Sludge Bomb|p2a: Rillaboom
|-damage|p2a: Rillaboom|60/100 brn
|
|-damage|p2a: Rillaboom|54/100 brn|[from] brn
|upkeep
|
|t:|1756921632
|switch|p2b: Excadrill|Excadrill, L50, M, shiny|83/100 brn
|turn|8
|-message|Lego Darth Malgus forfeited.
|
|win|DISSSSS
||Lego Darth Malgus is ready for game 2.
||DISSSSS is ready for game 2.
|uhtml|next|Next: Game 2 of 3
|l|☆DISSSSS
|player|p1|
