|j|☆Vulpisfoglia
|j|☆bruGno
|html|VulpisfogliabruGno    
|uhtml|bestof|Game 3 of a best-of-3
|t:|1786183910
|gametype|doubles
|player|p1|Vulpisfoglia|gwynn|1233
|player|p2|bruGno|ash-kalos|1364
|gen|9
|tier|[Gen 9 Champions] VGC 2026 Reg M-B (Bo3)
|rated|
|rule|Species Clause: Limit one of each Pokémon
|rule|Item Clause: Limit 1 of each item
|clearpoke
|poke|p1|Tyranitar, L50, M|
|poke|p1|Staraptor, L50, F|
|poke|p1|Sinistcha-Masterpiece, L50|
|poke|p1|Annihilape, L50, M|
|poke|p1|Garchomp, L50, M|
|poke|p1|Volcarona, L50, M|
|poke|p2|Staraptor, L50, F|
|poke|p2|Arcanine-Hisui, L50, F|
|poke|p2|Kingambit, L50, M|
|poke|p2|Sylveon, L50, M|
|poke|p2|Raichu, L50, M|
|poke|p2|Farigiraf, L50, M|
|teampreview|4
|showteam|p1|Tyranitar||FocusSash|SandStream|RockSlide,KnockOff,LowKick,Protect|Jolly||M|||50|]Staraptor||Staraptite|Intimidate|CloseCombat,BraveBird,Tailwind,Protect|Jolly||F|||50|]Sinistcha-Masterpiece||ColburBerry|Hospitality|MatchaGotcha,RagePowder,TrickRoom,Protect|Bold|||||50|]Annihilape||ChoiceScarf|Defiant|CloseCombat,RockSlide,PhantomForce,IcePunch|Adamant||M|||50|]Garchomp||Garchompite|RoughSkin|EarthPower,DracoMeteor,PowerGem,Protect|Modest||M|||50|]Volcarona||SitrusBerry|FlameBody|Flamethrower,StruggleBug,RagePowder,Protect|Bold||M|||50|
|showteam|p2|Staraptor||Staraptite|Intimidate|DualWingbeat,CloseCombat,Tailwind,Protect|Jolly||F|||50|]Arcanine-Hisui||FocusSash|RockHead|FlareBlitz,HeadSmash,ExtremeSpeed,Protect|Jolly||F|||50|]Kingambit||LifeOrb|Defiant|KowtowCleave,SuckerPunch,SwordsDance,Protect|Adamant||M|||50|]Sylveon||FairyFeather|Pixilate|HyperVoice,HyperBeam,QuickAttack,Detect|Modest||M|||50|]Raichu||RaichuniteY|LightningRod|ZapCannon,FocusBlast,FakeOut,Protect|Timid||M|||50|]Farigiraf||SitrusBerry|ArmorTail|Psychic,HelpingHand,TrickRoom,Protect|Calm||M|||50|
|
|t:|1786183955
|teamsize|p1|4
|teamsize|p2|4
|start
|switch|p1a: Sinistcha|Sinistcha-Masterpiece, L50|100/100
|switch|p1b: Volcarona|Volcarona, L50, M|100/100
|switch|p2a: Staraptor|Staraptor, L50, F|100/100
|switch|p2b: Sylveon|Sylveon, L50, M|100/100
|-ability|p2a: Staraptor|Intimidate|boost
|-unboost|p1a: Sinistcha|atk|1
|-unboost|p1b: Volcarona|atk|1
|turn|1
|inactive|Battle timer is ON: inactive players will automatically lose when time's up. (requested by bruGno)
|
|t:|1786183984
|switch|p2b: Arcanine|Arcanine-Hisui, L50, F|100/100
|detailschange|p2a: Staraptor|Staraptor-Mega, L50, F
|-mega|p2a: Staraptor|Staraptor|Staraptite
|move|p1b: Volcarona|Rage Powder|p1b: Volcarona
|-singleturn|p1b: Volcarona|move: Rage Powder
|move|p2a: Staraptor|Close Combat|p1b: Volcarona
|-resisted|p1b: Volcarona|1
|-damage|p1b: Volcarona|71/100
|-boost|p2a: Staraptor|def|1
|-boost|p2a: Staraptor|spd|1
|move|p1a: Sinistcha|Matcha Gotcha|p2a: Staraptor|[spread] p2a,p2b
|-resisted|p2a: Staraptor|1
|-damage|p2a: Staraptor|91/100
|-damage|p2b: Arcanine|69/100
|
|upkeep
|turn|2
|inactive|bruGno has 30 seconds left.
|
|t:|1786184011
|move|p2a: Staraptor|Protect|p2a: Staraptor
|-singleturn|p2a: Staraptor|Protect
|move|p1b: Volcarona|Protect|p1b: Volcarona
|-singleturn|p1b: Volcarona|Protect
|move|p2b: Arcanine|Head Smash|p1b: Volcarona
|-activate|p1b: Volcarona|move: Protect
|move|p1a: Sinistcha|Matcha Gotcha|p2b: Arcanine|[spread] 
|-activate|p2a: Staraptor|move: Protect
|-miss|p1a: Sinistcha|p2b: Arcanine
|
|upkeep
|turn|3
|
|t:|1786184026
|switch|p1b: Garchomp|Garchomp, L50, M|100/100
|move|p2a: Staraptor|Tailwind|p2a: Staraptor
|-sidestart|p2: bruGno|move: Tailwind
|move|p2b: Arcanine|Head Smash|p1b: Garchomp
|-resisted|p1b: Garchomp|1
|-damage|p1b: Garchomp|63/100
|-damage|p2b: Arcanine|57/100|[from] ability: Rough Skin|[of] p1b: Garchomp
|move|p1a: Sinistcha|Matcha Gotcha|p2b: Arcanine|[spread] p2a,p2b
|-resisted|p2a: Staraptor|1
|-damage|p2a: Staraptor|82/100
|-damage|p2b: Arcanine|28/100
|-status|p2a: Staraptor|brn
|
|-damage|p2a: Staraptor|76/100 brn|[from] brn
|upkeep
|turn|4
|inactive|Vulpisfoglia has 30 seconds left.
|
|t:|1786184053
|detailschange|p1b: Garchomp|Garchomp-Mega, L50, M
|-mega|p1b: Garchomp|Garchomp|Garchompite
|move|p1a: Sinistcha|Rage Powder|p1a: Sinistcha
|-singleturn|p1a: Sinistcha|move: Rage Powder
|move|p2a: Staraptor|Close Combat|p1a: Sinistcha
|-immune|p1a: Sinistcha
|move|p2b: Arcanine|Flare Blitz|p1a: Sinistcha
|-supereffective|p1a: Sinistcha|1
|-damage|p1a: Sinistcha|8/100
|move|p1b: Garchomp|Draco Meteor|p2a: Staraptor
|-damage|p2a: Staraptor|28/100 brn
|-unboost|p1b: Garchomp|spa|2
|
|-damage|p2a: Staraptor|22/100 brn|[from] brn
|upkeep
|turn|5
|
|t:|1786184076
|move|p1a: Sinistcha|Rage Powder|p1a: Sinistcha
|-singleturn|p1a: Sinistcha|move: Rage Powder
|move|p2a: Staraptor|Close Combat|p1a: Sinistcha
|-immune|p1a: Sinistcha
|move|p2b: Arcanine|Flare Blitz|p1a: Sinistcha
|-supereffective|p1a: Sinistcha|1
|-damage|p1a: Sinistcha|0 fnt
|faint|p1a: Sinistcha
|move|p1b: Garchomp|Earth Power|p2b: Arcanine
|-supereffective|p2b: Arcanine|2
|-damage|p2b: Arcanine|0 fnt
|faint|p2b: Arcanine
|
|-damage|p2a: Staraptor|16/100 brn|[from] brn
|upkeep
|
|t:|1786184092
|switch|p2b: Sylveon|Sylveon, L50, M|100/100
|switch|p1a: Volcarona|Volcarona, L50, M|71/100
|turn|6
|
|t:|1786184108
|switch|p1b: Tyranitar|Tyranitar, L50, M|100/100
|-weather|Sandstorm|[from] ability: Sand Stream|[of] p1b: Tyranitar
|move|p2b: Sylveon|Detect|p2b: Sylveon
|-singleturn|p2b: Sylveon|Protect
|move|p1a: Volcarona|Protect|p1a: Volcarona
|-singleturn|p1a: Volcarona|Protect
|move|p2a: Staraptor|Dual Wingbeat|p1a: Volcarona
|-activate|p1a: Volcarona|move: Protect
|
|-weather|Sandstorm|[upkeep]
|-damage|p2a: Staraptor|10/100 brn|[from] Sandstorm
|-damage|p2b: Sylveon|94/100|[from] Sandstorm
|-damage|p1a: Volcarona|65/100|[from] Sandstorm
|-damage|p2a: Staraptor|4/100 brn|[from] brn
|-sideend|p2: bruGno|move: Tailwind
|upkeep
|turn|7
|
|t:|1786184128
|move|p1a: Volcarona|Rage Powder|p1a: Volcarona
|-singleturn|p1a: Volcarona|move: Rage Powder
|move|p2a: Staraptor|Tailwind|p2a: Staraptor
|-sidestart|p2: bruGno|move: Tailwind
|move|p2b: Sylveon|Hyper Voice|p1a: Volcarona|[spread] p1a,p1b
|-resisted|p1a: Volcarona|1
|-supereffective|p1b: Tyranitar|1
|-damage|p1a: Volcarona|43/100
|-damage|p1b: Tyranitar|31/100
|-enditem|p1a: Volcarona|Sitrus Berry|[eat]
|-heal|p1a: Volcarona|68/100|[from] item: Sitrus Berry
|move|p1b: Tyranitar|Rock Slide|p2b: Sylveon|[spread] p2a,p2b
|-damage|p2a: Staraptor|0 fnt
|-damage|p2b: Sylveon|56/100
|faint|p2a: Staraptor
|
|-weather|Sandstorm|[upkeep]
|-damage|p2b: Sylveon|50/100g|[from] Sandstorm
|-damage|p1a: Volcarona|62/100|[from] Sandstorm
|upkeep
|
|t:|1786184138
|switch|p2a: Farigiraf|Farigiraf, L50, M|100/100
|turn|8
|
|t:|1786184145
|move|p1b: Tyranitar|Protect|p1b: Tyranitar
|-singleturn|p1b: Tyranitar|Protect
|move|p2b: Sylveon|Hyper Voice|p1a: Volcarona|[spread] p1a
|-activate|p1b: Tyranitar|move: Protect
|-resisted|p1a: Volcarona|1
|-damage|p1a: Volcarona|39/100
|move|p2a: Farigiraf|Psychic|p1a: Volcarona
|-damage|p1a: Volcarona|9/100
|move|p1a: Volcarona|Struggle Bug|p2a: Farigiraf|[spread] p2a,p2b
|-supereffective|p2a: Farigiraf|1
|-resisted|p2b: Sylveon|1
|-crit|p2b: Sylveon
|-damage|p2a: Farigiraf|75/100
|-damage|p2b: Sylveon|40/100
|-unboost|p2a: Farigiraf|spa|1
|-unboost|p2b: Sylveon|spa|1
|
|-weather|Sandstorm|[upkeep]
|-damage|p2b: Sylveon|35/100|[from] Sandstorm
|-damage|p2a: Farigiraf|68/100|[from] Sandstorm
|-damage|p1a: Volcarona|3/100|[from] Sandstorm
|upkeep
|turn|9
|
|t:|1786184170
|move|p2a: Farigiraf|Helping Hand|p2b: Sylveon
|-singleturn|p2b: Sylveon|Helping Hand|[of] p2a: Farigiraf
|move|p2b: Sylveon|Hyper Voice|p1b: Tyranitar|[spread] p1a,p1b
|-resisted|p1a: Volcarona|1
|-supereffective|p1b: Tyranitar|1
|-damage|p1a: Volcarona|0 fnt
|-damage|p1b: Tyranitar|0 fnt
|faint|p1a: Volcarona
|faint|p1b: Tyranitar
|
|-weather|Sandstorm|[upkeep]
|-damage|p2b: Sylveon|29/100|[from] Sandstorm
|-damage|p2a: Farigiraf|62/100|[from] Sandstorm
|upkeep
|
|t:|1786184174
|switch|p1b: Garchomp|Garchomp-Mega, L50, M|63/100
|turn|10
|
|t:|1786184178
|move|p1b: Garchomp|Protect|p1b: Garchomp
|-singleturn|p1b: Garchomp|Protect
|move|p2b: Sylveon|Hyper Voice|p1b: Garchomp
|-activate|p1b: Garchomp|move: Protect
|move|p2a: Farigiraf|Trick Room|p2a: Farigiraf
|-fieldstart|move: Trick Room|[of] p2a: Farigiraf
|
|-weather|none
|-sideend|p2: bruGno|move: Tailwind
|upkeep
|turn|11
|-message|Vulpisfoglia forfeited.
|
|win|bruGno
|raw|Vulpisfoglia's rating: 1233 → 1217(-16 for losing)
|raw|bruGno's rating: 1364 → 1377(+13 for winning)
