|j|☆namboyVGC
|j|☆tjauny
|html|namboyVGCtjauny    
|uhtml|bestof|Game 1 of a best-of-3
|t:|1784318922
|gametype|doubles
|player|p1|namboyVGC|pokemonranger-gen4|1115
|player|p2|tjauny|n|1079
|gen|9
|tier|[Gen 9 Champions] VGC 2026 Reg M-B (Bo3)
|rated|
|rule|Species Clause: Limit one of each Pokémon
|rule|Item Clause: Limit 1 of each item
|clearpoke
|poke|p1|Tyranitar, L50, F|
|poke|p1|Excadrill, L50, F|
|poke|p1|Milotic, L50, M|
|poke|p1|Sinistcha, L50|
|poke|p1|Staraptor, L50, F|
|poke|p1|Gholdengo, L50|
|poke|p2|Sableye, L50, M|
|poke|p2|Snorlax, L50, M|
|poke|p2|Gengar, L50, F, shiny|
|poke|p2|Kingambit, L50, M|
|poke|p2|Farigiraf, L50, M|
|poke|p2|Mawile, L50, F|
|teampreview|4
|showteam|p1|Tyranitar||Tyranitarite|SandStream|KnockOff,RockSlide,HighHorsepower,Protect|Jolly||F|||50|]Excadrill||FocusSash|SandRush|Earthquake,IronHead,RockSlide,Protect|Adamant||F|||50|]Milotic||SitrusBerry|Competitive|Scald,IcyWind,Haze,Protect|Calm||M|||50|]Sinistcha||ColburBerry|Hospitality|MatchaGotcha,ShadowBall,Protect,RagePowder|Bold|||||50|]Staraptor||Staraptite|Intimidate|CloseCombat,BraveBird,Tailwind,Protect|Jolly||F|||50|]Gholdengo||LifeOrb|GoodasGold|MakeItRain,ShadowBall,NastyPlot,Protect|Modest|||||50|
|showteam|p2|Sableye||FocusSash|Prankster|Imprison,Protect,FakeOut,KnockOff|Sassy||M|||50|]Snorlax||SitrusBerry|ThickFat|SelfDestruct,BellyDrum,Earthquake,DoubleEdge|Adamant||M|||50|]Gengar||Gengarite|CursedBody|PerishSong,Protect,ShadowBall,SludgeBomb|Timid||F|||50|]Kingambit||LifeOrb|SupremeOverlord|KowtowCleave,SuckerPunch,IronHead,Protect|Adamant||M|||50|]Farigiraf||ColburBerry|ArmorTail|TrickRoom,Psychic,HelpingHand,Protect|Bold||M|||50|]Mawile||Mawilite|HyperCutter|IronHead,PlayRough,SwordsDance,Protect|Adamant||F|||50|
|inactive|Battle timer is ON: inactive players will automatically lose when time's up. (requested by namboyVGC)
|inactive|namboyVGC has 60 seconds left.
|
|t:|1784318959
|teamsize|p1|4
|teamsize|p2|4
|start
|switch|p1a: Gholdengo|Gholdengo, L50|100/100
|switch|p1b: Tyranitar|Tyranitar, L50, F|100/100
|switch|p2a: Little Boy|Sableye, L50, M|100/100
|switch|p2b: Fat Man|Snorlax, L50, M|100/100
|-weather|Sandstorm|[from] ability: Sand Stream|[of] p1b: Tyranitar
|turn|1
|
|t:|1784318980
|detailschange|p1b: Tyranitar|Tyranitar-Mega, L50, F
|-mega|p1b: Tyranitar|Tyranitar|Tyranitarite
|move|p2a: Little Boy|Fake Out|p1b: Tyranitar
|-resisted|p1b: Tyranitar|1
|-damage|p1b: Tyranitar|97/100
|cant|p1b: Tyranitar|flinch
|move|p1a: Gholdengo|Nasty Plot|p1a: Gholdengo
|-boost|p1a: Gholdengo|spa|2
|move|p2b: Fat Man|Belly Drum|p2b: Fat Man
|-damage|p2b: Fat Man|50/100g
|-setboost|p2b: Fat Man|atk|6|[from] move: Belly Drum
|
|-weather|Sandstorm|[upkeep]
|-damage|p2a: Little Boy|94/100|[from] Sandstorm
|-damage|p2b: Fat Man|44/100|[from] Sandstorm
|-enditem|p2b: Fat Man|Sitrus Berry|[eat]
|-heal|p2b: Fat Man|69/100|[from] item: Sitrus Berry
|upkeep
|turn|2
|
|t:|1784319005
|move|p2a: Little Boy|Imprison|p2a: Little Boy
|-start|p2a: Little Boy|move: Imprison
|move|p1b: Tyranitar|Rock Slide|p2a: Little Boy|[spread] p2a,p2b
|-damage|p2a: Little Boy|52/100
|-damage|p2b: Fat Man|35/100
|move|p1a: Gholdengo|Make It Rain|p2a: Little Boy|[spread] p2a,p2b
|-damage|p2a: Little Boy|0 fnt
|-damage|p2b: Fat Man|0 fnt
|-unboost|p1a: Gholdengo|spa|2
|faint|p2a: Little Boy
|faint|p2b: Fat Man
|-damage|p1a: Gholdengo|90/100|[from] item: Life Orb
|
|-weather|Sandstorm|[upkeep]
|upkeep
|
|t:|1784319019
|switch|p2a: Gengar|Gengar, L50, F, shiny|100/100
|switch|p2b: Kingambit|Kingambit, L50, M|100/100
|-activate|p2b: Kingambit|ability: Supreme Overlord
|-start|p2b: Kingambit|fallen2|[silent]
|turn|3
|
|t:|1784319040
|detailschange|p2a: Gengar|Gengar-Mega, L50, F, shiny
|-mega|p2a: Gengar|Gengar|Gengarite
|move|p1a: Gholdengo|Protect|p1a: Gholdengo
|-singleturn|p1a: Gholdengo|Protect
|move|p2a: Gengar|Shadow Ball|p1a: Gholdengo
|-activate|p1a: Gholdengo|move: Protect
|move|p1b: Tyranitar|High Horsepower|p2b: Kingambit
|-supereffective|p2b: Kingambit|1
|-damage|p2b: Kingambit|34/100
|move|p2b: Kingambit|Iron Head|p1b: Tyranitar
|-supereffective|p1b: Tyranitar|1
|-damage|p1b: Tyranitar|7/100
|-damage|p2b: Kingambit|25/100|[from] item: Life Orb
|
|-weather|Sandstorm|[upkeep]
|-damage|p2a: Gengar|94/100|[from] Sandstorm
|upkeep
|turn|4
|
|t:|1784319062
|switch|p1a: Sinistcha|Sinistcha, L50|100/100
|-heal|p1b: Tyranitar|32/100|[from] ability: Hospitality|[of] p1a: Sinistcha
|move|p2b: Kingambit|Sucker Punch|p1b: Tyranitar
|-resisted|p1b: Tyranitar|1
|-damage|p1b: Tyranitar|11/100
|-damage|p2b: Kingambit|15/100|[from] item: Life Orb
|move|p2a: Gengar|Shadow Ball|p1a: Sinistcha
|-supereffective|p1a: Sinistcha|1
|-damage|p1a: Sinistcha|9/100
|move|p1b: Tyranitar|High Horsepower|p2b: Kingambit
|-supereffective|p2b: Kingambit|1
|-damage|p2b: Kingambit|0 fnt
|faint|p2b: Kingambit
|-end|p2b: Kingambit|fallen2|[silent]
|
|-weather|Sandstorm|[upkeep]
|-damage|p2a: Gengar|88/100|[from] Sandstorm
|-damage|p1a: Sinistcha|4/100|[from] Sandstorm
|upkeep
|turn|5
|
|t:|1784319084
|move|p1a: Sinistcha|Rage Powder|p1a: Sinistcha
|-singleturn|p1a: Sinistcha|move: Rage Powder
|move|p2a: Gengar|Shadow Ball|p1a: Sinistcha
|-supereffective|p1a: Sinistcha|1
|-damage|p1a: Sinistcha|0 fnt
|faint|p1a: Sinistcha
|move|p1b: Tyranitar|Knock Off|p2a: Gengar
|-supereffective|p2a: Gengar|1
|-damage|p2a: Gengar|14/100
|
|-weather|none
|upkeep
|
|t:|1784319095
|switch|p1a: Gholdengo|Gholdengo, L50|90/100
|turn|6
|
|t:|1784319101
|move|p2a: Gengar|Shadow Ball|p1a: Gholdengo
|-supereffective|p1a: Gholdengo|1
|-damage|p1a: Gholdengo|13/100
|move|p1b: Tyranitar|Knock Off|p2a: Gengar
|-supereffective|p2a: Gengar|1
|-damage|p2a: Gengar|0 fnt
|faint|p2a: Gengar
|
|win|namboyVGC
