|j|☆Zero_BlazeVGC
|j|☆T-block
|html|Zero_BlazeVGCT-block    
|uhtml|bestof|Game 3 of a best-of-3
|t:|1756096503
|gametype|doubles
|player|p1|Zero_BlazeVGC|flint|1176
|player|p2|T-block|266|1200
|gen|9
|tier|[Gen 9] VGC 2025 Reg H (Bo3)
|rated|
|rule|Species Clause: Limit one of each Pokémon
|rule|Item Clause: Limit 1 of each item
|clearpoke
|poke|p1|Annihilape, L50, F|
|poke|p1|Rillaboom, L50, F|
|poke|p1|Electabuzz, L50, M|
|poke|p1|Gholdengo, L50|
|poke|p1|Dragonite, L50, M|
|poke|p1|Incineroar, L50, M|
|poke|p2|Rillaboom, L50, F|
|poke|p2|Ninetales-Alola, L50, M|
|poke|p2|Gholdengo, L50|
|poke|p2|Flamigo, L50, M|
|poke|p2|Incineroar, L50, F|
|poke|p2|Dragonite, L50, M|
|teampreview|4
|showteam|p1|Annihilape||FocusSash|Defiant|CloseCombat,Coaching,RageFist,Taunt|||F|||50|,,,,,Stellar]Rillaboom||AssaultVest|GrassySurge|WoodHammer,GrassyGlide,HighHorsepower,FakeOut|||F|||50|,,,,,Fire]Electabuzz||Eviolite|VitalSpirit|Thunderbolt,Electroweb,FollowMe,Protect|||M|||50|,,,,,Dragon]Gholdengo||SitrusBerry|GoodasGold|Protect,NastyPlot,MakeItRain,ShadowBall||||||50|,,,,,Water]Dragonite||LoadedDice|Multiscale|Protect,ScaleShot,Haze,ExtremeSpeed|||M|||50|,,,,,Fairy]Incineroar||SafetyGoggles|Intimidate|FakeOut,PartingShot,KnockOff,FlareBlitz|||M|||50|,,,,,Ghost
|showteam|p2|Rillaboom||AssaultVest|GrassySurge|GrassyGlide,WoodHammer,FakeOut,HighHorsepower|||F|||50|,,,,,Fire]Ninetales-Alola||FocusSash|SnowWarning|Blizzard,IcyWind,Encore,AuroraVeil|||M|||50|,,,,,Ghost]Gholdengo||GrassySeed|GoodasGold|NastyPlot,MakeItRain,ShadowBall,Protect||||||50|,,,,,Water]Flamigo||ChoiceScarf|Scrappy|DualWingbeat,BraveBird,CloseCombat,Uturn|||M|||50|,,,,,Ghost]Incineroar||SafetyGoggles|Intimidate|FlareBlitz,KnockOff,FakeOut,PartingShot|||F|||50|,,,,,Water]Dragonite||LoadedDice|Multiscale|ScaleShot,StompingTantrum,Tailwind,Protect|||M|||50|,,,,,Ground
|inactive|Battle timer is ON: inactive players will automatically lose when time's up. (requested by Zero_BlazeVGC)
|
|t:|1756096549
|teamsize|p1|4
|teamsize|p2|4
|start
|switch|p1a: Annihilape|Annihilape, L50, F|100/100
|switch|p1b: Dragonite|Dragonite, L50, M|100/100
|switch|p2a: Ninetales|Ninetales-Alola, L50, M|100/100
|switch|p2b: Dragonite|Dragonite, L50, M|100/100
|-weather|Snowscape|[from] ability: Snow Warning|[of] p2a: Ninetales
|turn|1
|inactive|T-block has 30 seconds left.
|inactive|Zero_BlazeVGC has 30 seconds left.
|
|t:|1756096580
|-terastallize|p1b: Dragonite|Fairy
|move|p2b: Dragonite|Protect|p2b: Dragonite
|-singleturn|p2b: Dragonite|Protect
|move|p2a: Ninetales|Blizzard|p1a: Annihilape|[spread] p1a,p1b
|-damage|p1a: Annihilape|70/100
|-damage|p1b: Dragonite|84/100
|move|p1a: Annihilape|Coaching|p1b: Dragonite
|-boost|p1b: Dragonite|atk|1
|-boost|p1b: Dragonite|def|1
|move|p1b: Dragonite|Scale Shot|p2b: Dragonite
|-activate|p2b: Dragonite|move: Protect
|
|-weather|Snowscape|[upkeep]
|upkeep
|turn|2
|inactive|T-block has 30 seconds left.
|inactive|Zero_BlazeVGC has 30 seconds left.
|
|t:|1756096611
|switch|p2b: Gholdengo|Gholdengo, L50|100/100
|move|p2a: Ninetales|Encore|p1a: Annihilape
|-start|p1a: Annihilape|Encore
|move|p1a: Annihilape|Coaching|p1b: Dragonite
|-boost|p1b: Dragonite|atk|1
|-boost|p1b: Dragonite|def|1
|move|p1b: Dragonite|Scale Shot|p2b: Gholdengo
|-resisted|p2b: Gholdengo
|-damage|p2b: Gholdengo|86/100
|-resisted|p2b: Gholdengo
|-damage|p2b: Gholdengo|73/100
|-resisted|p2b: Gholdengo
|-damage|p2b: Gholdengo|59/100
|-resisted|p2b: Gholdengo
|-damage|p2b: Gholdengo|44/100
|-resisted|p2b: Gholdengo
|-damage|p2b: Gholdengo|30/100
|-hitcount|p2b: Gholdengo|5
|-unboost|p1b: Dragonite|def|1
|-boost|p1b: Dragonite|spe|1
|
|-weather|Snowscape|[upkeep]
|upkeep
|turn|3
|inactive|Zero_BlazeVGC has 30 seconds left.
|
|t:|1756096636
|move|p2b: Gholdengo|Protect|p2b: Gholdengo
|-singleturn|p2b: Gholdengo|Protect
|move|p1b: Dragonite|Scale Shot|p2b: Gholdengo
|-activate|p2b: Gholdengo|move: Protect
|move|p2a: Ninetales|Icy Wind|p1b: Dragonite|[spread] p1a,p1b
|-damage|p1a: Annihilape|52/100
|-damage|p1b: Dragonite|67/100
|-unboost|p1a: Annihilape|spe|1
|-ability|p1a: Annihilape|Defiant|boost
|-boost|p1a: Annihilape|atk|2
|-unboost|p1b: Dragonite|spe|1
|move|p1a: Annihilape|Coaching|p1b: Dragonite
|-boost|p1b: Dragonite|atk|1
|-boost|p1b: Dragonite|def|1
|
|-weather|Snowscape|[upkeep]
|upkeep
|turn|4
|
|t:|1756096652
|move|p2a: Ninetales|Icy Wind|p1a: Annihilape|[spread] p1a,p1b
|-damage|p1a: Annihilape|36/100
|-damage|p1b: Dragonite|49/100
|-unboost|p1a: Annihilape|spe|1
|-ability|p1a: Annihilape|Defiant|boost
|-boost|p1a: Annihilape|atk|2
|-unboost|p1b: Dragonite|spe|1
|move|p2b: Gholdengo|Make It Rain|p1a: Annihilape|[spread] p1a,p1b
|-supereffective|p1b: Dragonite
|-damage|p1a: Annihilape|0 fnt
|-damage|p1b: Dragonite|0 fnt
|-unboost|p2b: Gholdengo|spa|1
|faint|p1a: Annihilape
|faint|p1b: Dragonite
|
|-weather|Snowscape|[upkeep]
|upkeep
|
|t:|1756096657
|switch|p1a: Gholdengo|Gholdengo, L50|100/100
|switch|p1b: Electabuzz|Electabuzz, L50, M, shiny|100/100
|turn|5
|inactive|T-block has 30 seconds left.
|
|t:|1756096686
|switch|p2b: Rillaboom|Rillaboom, L50, F|100/100
|-fieldstart|move: Grassy Terrain|[from] ability: Grassy Surge|[of] p2b: Rillaboom
|move|p2a: Ninetales|Aurora Veil|p2a: Ninetales
|-sidestart|p2: T-block|move: Aurora Veil
|move|p1b: Electabuzz|Electroweb|p2b: Rillaboom|[spread] p2a,p2b
|-resisted|p2b: Rillaboom
|-damage|p2a: Ninetales|90/100
|-damage|p2b: Rillaboom|97/100
|-unboost|p2a: Ninetales|spe|1
|-unboost|p2b: Rillaboom|spe|1
|move|p1a: Gholdengo|Make It Rain|p2b: Rillaboom|[spread] p2a,p2b
|-supereffective|p2a: Ninetales
|-damage|p2a: Ninetales|0 fnt
|-damage|p2b: Rillaboom|76/100
|-unboost|p1a: Gholdengo|spa|1
|faint|p2a: Ninetales
|
|-weather|none
|-heal|p2b: Rillaboom|82/100|[from] Grassy Terrain
|upkeep
|inactive|T-block has 30 seconds left.
|
|t:|1756096715
|switch|p2a: Dragonite|Dragonite, L50, M|100/100
|turn|6
|
|t:|1756096732
|move|p2b: Rillaboom|Fake Out|p1b: Electabuzz
|-crit|p1b: Electabuzz
|-damage|p1b: Electabuzz|75/100
|cant|p1b: Electabuzz|flinch
|move|p1a: Gholdengo|Nasty Plot|p1a: Gholdengo
|-boost|p1a: Gholdengo|spa|2
|move|p2a: Dragonite|Stomping Tantrum|p1a: Gholdengo
|-supereffective|p1a: Gholdengo
|-crit|p1a: Gholdengo
|-damage|p1a: Gholdengo|12/100
|-enditem|p1a: Gholdengo|Sitrus Berry|[eat]
|-heal|p1a: Gholdengo|37/100|[from] item: Sitrus Berry
|
|-heal|p1b: Electabuzz|81/100|[from] Grassy Terrain
|-heal|p1a: Gholdengo|43/100|[from] Grassy Terrain
|-heal|p2b: Rillaboom|88/100|[from] Grassy Terrain
|upkeep
|turn|7
|inactive|Zero_BlazeVGC has 30 seconds left.
|inactive|T-block has 30 seconds left.
|
|t:|1756096764
|-terastallize|p2a: Dragonite|Ground
|move|p1b: Electabuzz|Follow Me|p1b: Electabuzz
|-singleturn|p1b: Electabuzz|move: Follow Me
|move|p1a: Gholdengo|Nasty Plot|p1a: Gholdengo
|-boost|p1a: Gholdengo|spa|2
|move|p2a: Dragonite|Stomping Tantrum|p1b: Electabuzz
|-supereffective|p1b: Electabuzz
|-damage|p1b: Electabuzz|0 fnt
|faint|p1b: Electabuzz
|move|p2b: Rillaboom|High Horsepower|p1a: Gholdengo
|-supereffective|p1a: Gholdengo
|-damage|p1a: Gholdengo|0 fnt
|faint|p1a: Gholdengo
|
|win|T-block
|raw|Zero_BlazeVGC's rating: 1176 → 1153(-23 for losing)
|raw|T-block's rating: 1200 → 1223(+23 for winning)
