|j|☆Riptide_Lupa
|j|☆Camilo997
|html|Riptide_LupaCamilo997    
|uhtml|bestof|Game 1 of a best-of-3
|t:|1757825800
|gametype|doubles
|player|p1|Riptide_Lupa|hilbert-wonderlauncher|1072
|player|p2|Camilo997|266|1203
|gen|9
|tier|[Gen 9] VGC 2025 Reg H (Bo3)
|rated|
|rule|Species Clause: Limit one of each Pokémon
|rule|Item Clause: Limit 1 of each item
|clearpoke
|poke|p1|Annihilape, L50, F|
|poke|p1|Maushold-Four, L50|
|poke|p1|Klefki, L50, F|
|poke|p1|Sinistcha, L50|
|poke|p1|Ursaluna-Bloodmoon, L50, M|
|poke|p1|Incineroar, L50, M|
|poke|p2|Hatterene, L50, F|
|poke|p2|Incineroar, L50, M|
|poke|p2|Dragonite, L50, M|
|poke|p2|Sneasler, L50, F|
|poke|p2|Gholdengo, L50|
|poke|p2|Indeedee, L50, M|
|teampreview|4
|showteam|p1|Annihilape||Leftovers|Defiant|BulkUp,RageFist,DrainPunch,Protect|||F|||50|,,,,,Water]Maushold-Four||CovertCloak|FriendGuard|FollowMe,Taunt,Protect,BeatUp||||||50|,,,,,Dark]Klefki||LightClay|Prankster|LightScreen,Reflect,MistyTerrain,DazzlingGleam|||F|||50|,,,,,Fire]Sinistcha||SitrusBerry|Hospitality|LifeDew,RagePowder,MatchaGotcha,TrickRoom||||||50|,,,,,Water]Ursaluna-Bloodmoon||AssaultVest|MindsEye|EarthPower,BloodMoon,HyperVoice,Snarl|||M|||50|,,,,,Grass]Incineroar||MirrorHerb|Intimidate|FakeOut,PartingShot,KnockOff,FlareBlitz|||M|||50|,,,,,Bug
|showteam|p2|Hatterene||CovertCloak|MagicBounce|TrickRoom,ExpandingForce,DrainingKiss,DarkPulse|||F|||50|,,,,,Water]Incineroar||SafetyGoggles|Intimidate|FakeOut,KnockOff,PartingShot,FlareBlitz|||M|||50|,,,,,Dragon]Dragonite||LoadedDice|InnerFocus|ScaleShot,Haze,Tailwind,ExtremeSpeed|||M|||50|,,,,,Fairy]Sneasler||PsychicSeed|Unburden|ThroatChop,DireClaw,CloseCombat,Coaching|||F|||50|,,,,,Dark]Gholdengo||LifeOrb|GoodasGold|MakeItRain,DazzlingGleam,ShadowBall,Protect||||||50|,,,,,Water]Indeedee||FocusSash|PsychicSurge|ExpandingForce,TeraBlast,ShadowBall,CalmMind|||M|||50|,,,,,Fighting
|
|t:|1757825871
|teamsize|p1|4
|teamsize|p2|4
|start
|switch|p1a: Klefki|Klefki, L50, F|100/100
|switch|p1b: Ursaluna|Ursaluna-Bloodmoon, L50, M|100/100
|switch|p2a: Indeedee|Indeedee, L50, M|100/100
|switch|p2b: Sneasler|Sneasler, L50, F|100/100
|-fieldstart|move: Psychic Terrain|[from] ability: Psychic Surge|[of] p2a: Indeedee
|-enditem|p2b: Sneasler|Psychic Seed
|-boost|p2b: Sneasler|spd|1|[from] item: Psychic Seed
|turn|1
|
|t:|1757825894
|switch|p2a: Dragonite|Dragonite, L50, M|100/100
|switch|p1b: Annihilape|Annihilape, L50, F|100/100
|move|p1a: Klefki|Misty Terrain|p1a: Klefki
|-fieldstart|move: Misty Terrain
|move|p2b: Sneasler|Coaching|p2a: Dragonite
|-boost|p2a: Dragonite|atk|1
|-boost|p2a: Dragonite|def|1
|
|upkeep
|turn|2
|
|t:|1757825913
|move|p1a: Klefki|Reflect|p1a: Klefki
|-sidestart|p1: Riptide_Lupa|Reflect
|move|p2b: Sneasler|Coaching|p2a: Dragonite
|-boost|p2a: Dragonite|atk|1
|-boost|p2a: Dragonite|def|1
|move|p1b: Annihilape|Bulk Up|p1b: Annihilape
|-boost|p1b: Annihilape|atk|1
|-boost|p1b: Annihilape|def|1
|move|p2a: Dragonite|Tailwind|p2a: Dragonite
|-sidestart|p2: Camilo997|move: Tailwind
|
|upkeep
|turn|3
|
|t:|1757825927
|move|p2b: Sneasler|Coaching|p2a: Dragonite
|-boost|p2a: Dragonite|atk|1
|-boost|p2a: Dragonite|def|1
|move|p2a: Dragonite|Scale Shot|p1b: Annihilape
|-damage|p1b: Annihilape|92/100
|-damage|p1b: Annihilape|83/100
|-damage|p1b: Annihilape|75/100
|-damage|p1b: Annihilape|66/100
|-hitcount|p1b: Annihilape|4
|-unboost|p2a: Dragonite|def|1
|-boost|p2a: Dragonite|spe|1
|move|p1b: Annihilape|Bulk Up|p1b: Annihilape
|-boost|p1b: Annihilape|atk|1
|-boost|p1b: Annihilape|def|1
|move|p1a: Klefki|Dazzling Gleam|p2a: Dragonite|[spread] p2a,p2b
|-supereffective|p2a: Dragonite
|-crit|p2a: Dragonite
|-damage|p2a: Dragonite|47/100
|-damage|p2b: Sneasler|85/100
|
|-heal|p1b: Annihilape|72/100|[from] item: Leftovers
|upkeep
|turn|4
|
|t:|1757825953
|switch|p2b: Indeedee|Indeedee, L50, M|100/100
|-fieldstart|move: Psychic Terrain|[from] ability: Psychic Surge|[of] p2b: Indeedee
|move|p2a: Dragonite|Scale Shot|p1b: Annihilape
|-damage|p1b: Annihilape|59/100
|-damage|p1b: Annihilape|47/100
|-damage|p1b: Annihilape|35/100
|-damage|p1b: Annihilape|22/100
|-damage|p1b: Annihilape|9/100
|-hitcount|p1b: Annihilape|5
|-unboost|p2a: Dragonite|def|1
|-boost|p2a: Dragonite|spe|1
|move|p1b: Annihilape|Rage Fist|p2b: Indeedee
|-immune|p2b: Indeedee
|move|p1a: Klefki|Dazzling Gleam|p2a: Dragonite|[spread] p2a,p2b
|-supereffective|p2a: Dragonite
|-damage|p2a: Dragonite|17/100
|-damage|p2b: Indeedee|76/100
|
|-heal|p1b: Annihilape|15/100|[from] item: Leftovers
|upkeep
|turn|5
|
|t:|1757825978
|move|p1b: Annihilape|Protect|p1b: Annihilape
|-singleturn|p1b: Annihilape|Protect
|move|p2a: Dragonite|Scale Shot|p1b: Annihilape
|-activate|p1b: Annihilape|move: Protect
|move|p2b: Indeedee|Calm Mind|p2b: Indeedee
|-boost|p2b: Indeedee|spa|1
|-boost|p2b: Indeedee|spd|1
|move|p1a: Klefki|Dazzling Gleam|p2b: Indeedee|[spread] p2a,p2b
|-supereffective|p2a: Dragonite
|-damage|p2a: Dragonite|0 fnt
|-damage|p2b: Indeedee|62/100
|faint|p2a: Dragonite
|
|-heal|p1b: Annihilape|20/100|[from] item: Leftovers
|-sideend|p2: Camilo997|move: Tailwind
|upkeep
|
|t:|1757825984
|switch|p2a: Sneasler|Sneasler, L50, F|85/100
|turn|6
|
|t:|1757826012
|move|p2a: Sneasler|Coaching|p2b: Indeedee
|-boost|p2b: Indeedee|atk|1
|-boost|p2b: Indeedee|def|1
|move|p2b: Indeedee|Expanding Force|p1b: Annihilape|[spread] p1a,p1b
|-resisted|p1a: Klefki
|-supereffective|p1b: Annihilape
|-damage|p1a: Klefki|65/100
|-damage|p1b: Annihilape|0 fnt
|faint|p1b: Annihilape
|move|p1a: Klefki|Dazzling Gleam|p2b: Indeedee|[spread] p2a,p2b
|-damage|p2a: Sneasler|60/100
|-damage|p2b: Indeedee|47/100
|
|upkeep
|
|t:|1757826029
|switch|p1b: Ursaluna|Ursaluna-Bloodmoon, L50, M|100/100
|turn|7
|
|t:|1757826040
|-terastallize|p1b: Ursaluna|Grass
|move|p2a: Sneasler|Dire Claw|p1b: Ursaluna
|-supereffective|p1b: Ursaluna
|-crit|p1b: Ursaluna
|-damage|p1b: Ursaluna|0 fnt
|faint|p1b: Ursaluna
|move|p2b: Indeedee|Calm Mind|p2b: Indeedee
|-boost|p2b: Indeedee|spa|1
|-boost|p2b: Indeedee|spd|1
|move|p1a: Klefki|Dazzling Gleam|p2a: Sneasler|[spread] p2a,p2b
|-damage|p2a: Sneasler|34/100
|-damage|p2b: Indeedee|35/100
|
|upkeep
|
|t:|1757826050
|switch|p1b: Incineroar|Incineroar, L50, M|100/100
|-ability|p1b: Incineroar|Intimidate|boost
|-unboost|p2a: Sneasler|atk|1
|-unboost|p2b: Indeedee|atk|1
|turn|8
|
|t:|1757826076
|switch|p2a: Gholdengo|Gholdengo, L50|100/100
|-terastallize|p2b: Indeedee|Fighting
|move|p1a: Klefki|Misty Terrain|p1a: Klefki
|-fieldstart|move: Misty Terrain
|move|p2b: Indeedee|Tera Blast|p1b: Incineroar|[anim] Tera Blast Fighting
|-supereffective|p1b: Incineroar
|-damage|p1b: Incineroar|0 fnt
|faint|p1b: Incineroar
|
|upkeep
|turn|9
|
|t:|1757826087
|move|p2b: Indeedee|Tera Blast|p1a: Klefki|[anim] Tera Blast Fighting
|-damage|p1a: Klefki|0 fnt
|faint|p1a: Klefki
|
|win|Camilo997
|l|☆Riptide_Lupa
|player|p1|
||Camilo997 is ready for game 2.
||Riptide_Lupa is ready for game 2.
|uhtml|next|Next: Game 2 of 3
