|j|☆Gen4lover2
|j|‽daniiivgc
|html|Gen4lover2daniiivgc    
|uhtml|bestof|Game 2 of a best-of-3
|t:|1785885762
|gametype|doubles
|player|p1|Gen4lover2|wallace|1273
|player|p2|daniiivgc|giovanni|1330
|gen|9
|tier|[Gen 9 Champions] VGC 2026 Reg M-B (Bo3)
|rated|
|rule|Species Clause: Limit one of each Pokémon
|rule|Item Clause: Limit 1 of each item
|clearpoke
|poke|p1|Tyranitar, L50, M|
|poke|p1|Excadrill, L50, F|
|poke|p1|Staraptor, L50, F|
|poke|p1|Milotic, L50, F, shiny|
|poke|p1|Gholdengo, L50|
|poke|p1|Sinistcha-Masterpiece, L50|
|poke|p2|Kingambit, L50, F|
|poke|p2|Ninetales-Alola, L50, F|
|poke|p2|Incineroar, L50, F|
|poke|p2|Dragonite, L50, F|
|poke|p2|Sneasler, L50, F|
|poke|p2|Gengar, L50, M|
|teampreview|4
|showteam|p1|Tyranitar||Tyranitarite|SandStream|RockSlide,KnockOff,LowKick,Protect|Adamant||M|||50|]Excadrill||FocusSash|SandRush|HighHorsepower,IronHead,RockSlide,Protect|Adamant||F|||50|]Staraptor||Staraptite|Intimidate|BraveBird,CloseCombat,Tailwind,Protect|Jolly||F|||50|]Milotic||SitrusBerry|Competitive|Scald,IceBeam,Recover,Protect|Modest||F|||50|]Gholdengo||LifeOrb|GoodasGold|MakeItRain,ShadowBall,NastyPlot,Protect|Modest|||||50|]Sinistcha-Masterpiece||ColburBerry|Hospitality|MatchaGotcha,RagePowder,TrickRoom,Protect|Relaxed|||||50|
|showteam|p2|Kingambit||BlackGlasses|Defiant|KowtowCleave,SuckerPunch,LowKick,Protect|Adamant||F|||50|]Ninetales-Alola||ChoiceScarf|SnowWarning|Blizzard,FreezeDry,IcyWind,Encore|Timid||F|||50|]Incineroar||SitrusBerry|Intimidate|FlareBlitz,ThroatChop,FakeOut,PartingShot|Impish||F|||50|]Dragonite||LifeOrb|InnerFocus|DragonClaw,Superpower,ExtremeSpeed,Protect|Adamant||F|||50|]Sneasler||FocusSash|Unburden|CloseCombat,DireClaw,RockSlide,Protect|Adamant||F|||50|]Gengar||Gengarite|CursedBody|SludgeBomb,ShadowBall,Substitute,Protect|Modest||M|||50|
|inactive|Battle timer is ON: inactive players will automatically lose when time's up. (requested by Gen4lover2)
|inactive|Gen4lover2 has 60 seconds left.
|
|t:|1785885795
|teamsize|p1|4
|teamsize|p2|4
|start
|switch|p1a: Milotic|Milotic, L50, F, shiny|100/100
|switch|p1b: Staraptor|Staraptor, L50, F|100/100
|switch|p2a: Gengar|Gengar, L50, M|100/100
|switch|p2b: Sneasler|Sneasler, L50, F|100/100
|-ability|p1b: Staraptor|Intimidate|boost
|-unboost|p2a: Gengar|atk|1
|-unboost|p2b: Sneasler|atk|1
|turn|1
|
|t:|1785885820
|detailschange|p1b: Staraptor|Staraptor-Mega, L50, F
|-mega|p1b: Staraptor|Staraptor|Staraptite
|detailschange|p2a: Gengar|Gengar-Mega, L50, M
|-mega|p2a: Gengar|Gengar|Gengarite
|move|p2a: Gengar|Substitute|p2a: Gengar
|-start|p2a: Gengar|Substitute
|-damage|p2a: Gengar|75/100
|move|p1b: Staraptor|Brave Bird|p2b: Sneasler
|-supereffective|p2b: Sneasler|1
|-enditem|p2b: Sneasler|Focus Sash
|-damage|p2b: Sneasler|1/100
|-damage|p1b: Staraptor|72/100|[from] Recoil
|move|p2b: Sneasler|Rock Slide|p1b: Staraptor|[spread] p1a,p1b
|-damage|p1a: Milotic|85/100
|-damage|p1b: Staraptor|58/100
|move|p1a: Milotic|Scald|p2b: Sneasler
|-damage|p2b: Sneasler|0 fnt
|faint|p2b: Sneasler
|
|upkeep
|
|t:|1785885841
|switch|p2b: Ninetales|Ninetales-Alola, L50, F|100/100
|-weather|Snowscape|[from] ability: Snow Warning|[of] p2b: Ninetales
|turn|2
|
|t:|1785885855
|move|p2b: Ninetales|Blizzard|p1a: Milotic|[spread] p1a,p1b
|-resisted|p1a: Milotic|1
|-supereffective|p1b: Staraptor|1
|-damage|p1a: Milotic|74/100
|-damage|p1b: Staraptor|0 fnt
|-status|p1a: Milotic|frz
|faint|p1b: Staraptor
|move|p2a: Gengar|Sludge Bomb|p1a: Milotic
|-damage|p1a: Milotic|32/100 frz
|-enditem|p1a: Milotic|Sitrus Berry|[eat]
|-heal|p1a: Milotic|57/100 frz|[from] item: Sitrus Berry
|-curestatus|p1a: Milotic|frz|[from] move: Scald
|move|p1a: Milotic|Scald|p2b: Ninetales
|-damage|p2b: Ninetales|62/100
|
|-weather|Snowscape|[upkeep]
|upkeep
|
|t:|1785885862
|switch|p1b: Tyranitar|Tyranitar, L50, M|100/100
|-weather|Sandstorm|[from] ability: Sand Stream|[of] p1b: Tyranitar
|turn|3
|inactive|daniiivgc has 30 seconds left.
|
|t:|1785885889
|move|p2a: Gengar|Protect|p2a: Gengar
|-singleturn|p2a: Gengar|Protect
|move|p2b: Ninetales|Blizzard|p1a: Milotic|[spread] p1b
|-miss|p2b: Ninetales|p1a: Milotic
|-damage|p1b: Tyranitar|83/100
|move|p1b: Tyranitar|Rock Slide|p2b: Ninetales|[spread] p2b
|-activate|p2a: Gengar|move: Protect
|-supereffective|p2b: Ninetales|1
|-damage|p2b: Ninetales|0 fnt
|faint|p2b: Ninetales
|move|p1a: Milotic|Recover|p1a: Milotic
|-heal|p1a: Milotic|100/100
|
|-weather|Sandstorm|[upkeep]
|-damage|p2a: Gengar|69/100|[from] Sandstorm
|-damage|p1a: Milotic|94/100|[from] Sandstorm
|upkeep
|
|t:|1785885899
|switch|p2b: Dragonite|Dragonite, L50, F|100/100
|turn|4
|
|t:|1785885910
|move|p2a: Gengar|Sludge Bomb|p1a: Milotic
|-damage|p1a: Milotic|53/100
|move|p1b: Tyranitar|Rock Slide|p2b: Dragonite|[spread] p2a,p2b
|-end|p2a: Gengar|Substitute
|-supereffective|p2b: Dragonite|1
|-damage|p2b: Dragonite|46/100
|move|p1a: Milotic|Ice Beam|p2b: Dragonite
|-supereffective|p2b: Dragonite|2
|-damage|p2b: Dragonite|0 fnt
|faint|p2b: Dragonite
|
|-weather|Sandstorm|[upkeep]
|-damage|p2a: Gengar|63/100|[from] Sandstorm
|-damage|p1a: Milotic|47/100|[from] Sandstorm
|upkeep
|turn|5
|
|t:|1785885928
|move|p2a: Gengar|Sludge Bomb|p1a: Milotic
|-crit|p1a: Milotic
|-damage|p1a: Milotic|0 fnt
|faint|p1a: Milotic
|move|p1b: Tyranitar|Rock Slide|p2a: Gengar
|-damage|p2a: Gengar|12/100
|
|-weather|Sandstorm|[upkeep]
|-damage|p2a: Gengar|7/100|[from] Sandstorm
|upkeep
|
|t:|1785885931
|switch|p1a: Gholdengo|Gholdengo, L50|100/100
|turn|6
|
|t:|1785885939
|move|p2a: Gengar|Shadow Ball|p1a: Gholdengo
|-supereffective|p1a: Gholdengo|1
|-damage|p1a: Gholdengo|0 fnt
|faint|p1a: Gholdengo
|move|p1b: Tyranitar|Knock Off|p2a: Gengar
|-supereffective|p2a: Gengar|1
|-damage|p2a: Gengar|0 fnt
|faint|p2a: Gengar
|
|win|Gen4lover2
|raw|Gen4lover2's rating: 1273 → 1302(+29 for winning)
|raw|daniiivgc's rating: 1330 → 1307(-23 for losing)
