|j|☆MrTedno
|j|☆dycheball
|html|MrTednodycheball    
|uhtml|bestof|Game 3 of a best-of-3
|t:|1756242929
|gametype|doubles
|player|p1|MrTedno|barry|1259
|player|p2|dycheball|cyrus|1317
|gen|9
|tier|[Gen 9] VGC 2025 Reg H (Bo3)
|rated|
|rule|Species Clause: Limit one of each Pokémon
|rule|Item Clause: Limit 1 of each item
|clearpoke
|poke|p1|Dondozo, L50, F|
|poke|p1|Tatsugiri, L50, M|
|poke|p1|Politoed, L50, M|
|poke|p1|Archaludon, L50, M|
|poke|p1|Amoonguss, L50, M|
|poke|p1|Overqwil, L50, M|
|poke|p2|Archaludon, L50, F|
|poke|p2|Pelipper, L50, F|
|poke|p2|Gholdengo, L50|
|poke|p2|Basculegion, L50, M|
|poke|p2|Amoonguss, L50, M|
|poke|p2|Incineroar, L50, F|
|teampreview|4
|showteam|p1|Dondozo||LifeOrb|Unaware|Surf,Protect,SleepTalk|||F|||50|,,,,,Water]Tatsugiri||FocusSash|Commander|DracoMeteor,Protect,MuddyWater,Taunt|||M|||50|,,,,,Stellar]Politoed||SitrusBerry|Drizzle|WeatherBall,IceBeam,Haze,Protect|||M|||50|,,,,,Steel]Archaludon||AssaultVest|Stamina|BodyPress,ElectroShot,DragonPulse,FlashCannon|||M|||50|,,,,,Grass]Amoonguss||RockyHelmet|Regenerator|Spore,RagePowder,PollenPuff,Protect|||M|||50|,,,,,Fairy]Overqwil||ChoiceBand|SwiftSwim|PoisonJab,ThroatChop,Liquidation,PinMissile|||M|||50|,,,,,Ghost
|showteam|p2|Archaludon||AssaultVest|Stamina|DracoMeteor,FlashCannon,ElectroShot,BodyPress|||F|||50|,,,,,Bug]Pelipper||FocusSash|Drizzle|Protect,WeatherBall,Hurricane,Tailwind|||F|||50|,,,,,Stellar]Gholdengo||LifeOrb|GoodasGold|Protect,MakeItRain,ShadowBall,NastyPlot||||||50|,,,,,Water]Basculegion||ChoiceBand|SwiftSwim|FlipTurn,WaveCrash,AquaJet,LastRespects|||M|||50|,,,,,Grass]Amoonguss||SitrusBerry|Regenerator|Spore,RagePowder,PollenPuff,Protect|||M|||50|,,,,,Water]Incineroar||SafetyGoggles|Intimidate|FlareBlitz,KnockOff,PartingShot,FakeOut|||F|||50|,,,,,Ghost
|inactive|Battle timer is ON: inactive players will automatically lose when time's up. (requested by dycheball)
|inactive|MrTedno has 60 seconds left.
|
|t:|1756242966
|teamsize|p1|4
|teamsize|p2|4
|start
|switch|p1a: Barnacles|Archaludon, L50, M|100/100
|switch|p1b: Tweak|Politoed, L50, M|100/100
|switch|p2a: Gholdengo|Gholdengo, L50|100/100
|switch|p2b: Incineroar|Incineroar, L50, F|100/100
|-weather|RainDance|[from] ability: Drizzle|[of] p1b: Tweak
|-ability|p2b: Incineroar|Intimidate|boost
|-unboost|p1a: Barnacles|atk|1
|-unboost|p1b: Tweak|atk|1
|turn|1
|inactive|MrTedno has 30 seconds left.
|inactive|dycheball has 30 seconds left.
|
|t:|1756242997
|switch|p1b: Shellington|Overqwil, L50, M|100/100
|move|p2b: Incineroar|Fake Out|p1b: Shellington
|-damage|p1b: Shellington|84/100
|move|p2a: Gholdengo|Nasty Plot|p2a: Gholdengo
|-boost|p2a: Gholdengo|spa|2
|move|p1a: Barnacles|Electro Shot||[still]
|-prepare|p1a: Barnacles|Electro Shot
|-boost|p1a: Barnacles|spa|1
|-anim|p1a: Barnacles|Electro Shot|p2b: Incineroar
|-damage|p2b: Incineroar|46/100
|
|-weather|RainDance|[upkeep]
|upkeep
|turn|2
|inactive|MrTedno has 30 seconds left.
|inactive|MrTedno has 20 seconds left.
|
|t:|1756243037
|switch|p2b: Amoonguss|Amoonguss, L50, M, shiny|100/100
|move|p2a: Gholdengo|Protect|p2a: Gholdengo
|-singleturn|p2a: Gholdengo|Protect
|move|p1b: Shellington|Throat Chop|p2a: Gholdengo
|-activate|p2a: Gholdengo|move: Protect
|move|p1a: Barnacles|Electro Shot||[still]
|-prepare|p1a: Barnacles|Electro Shot
|-boost|p1a: Barnacles|spa|1
|-anim|p1a: Barnacles|Electro Shot|p2b: Amoonguss
|-resisted|p2b: Amoonguss
|-damage|p2b: Amoonguss|66/100
|
|-weather|RainDance|[upkeep]
|upkeep
|turn|3
|inactive|MrTedno has 30 seconds left.
|inactive|dycheball has 30 seconds left.
|
|t:|1756243069
|switch|p1b: Turnip|Amoonguss, L50, M|100/100
|move|p2b: Amoonguss|Rage Powder|p2b: Amoonguss
|-singleturn|p2b: Amoonguss|move: Rage Powder
|move|p2a: Gholdengo|Make It Rain|p1b: Turnip|[spread] p1a,p1b
|-resisted|p1a: Barnacles
|-damage|p1a: Barnacles|59/100
|-damage|p1b: Turnip|0 fnt
|-unboost|p2a: Gholdengo|spa|1
|-ability|p1a: Barnacles|Stamina|boost
|-boost|p1a: Barnacles|def|1
|faint|p1b: Turnip
|-damage|p2a: Gholdengo|91/100|[from] item: Life Orb
|move|p1a: Barnacles|Dragon Pulse|p2b: Amoonguss
|-damage|p2b: Amoonguss|0 fnt
|faint|p2b: Amoonguss
|
|-weather|RainDance|[upkeep]
|upkeep
|
|t:|1756243089
|switch|p2b: Incineroar|Incineroar, L50, F|46/100
|switch|p1b: Shellington|Overqwil, L50, M|84/100
|-ability|p2b: Incineroar|Intimidate|boost
|-unboost|p1a: Barnacles|atk|1
|-unboost|p1b: Shellington|atk|1
|turn|4
|inactive|dycheball has 30 seconds left.
|
|t:|1756243114
|-terastallize|p1b: Shellington|Ghost
|-terastallize|p2a: Gholdengo|Water
|move|p2b: Incineroar|Fake Out|p1a: Barnacles
|-resisted|p1a: Barnacles
|-damage|p1a: Barnacles|56/100
|-ability|p1a: Barnacles|Stamina|boost
|-boost|p1a: Barnacles|def|1
|move|p1b: Shellington|Throat Chop|p2a: Gholdengo
|-damage|p2a: Gholdengo|48/100
|-start|p2a: Gholdengo|Throat Chop|[silent]
|move|p2a: Gholdengo|Make It Rain|p1b: Shellington|[spread] p1a,p1b
|-resisted|p1a: Barnacles
|-damage|p1a: Barnacles|22/100
|-damage|p1b: Shellington|0 fnt
|-unboost|p2a: Gholdengo|spa|1
|-ability|p1a: Barnacles|Stamina|boost
|-boost|p1a: Barnacles|def|1
|faint|p1b: Shellington
|-damage|p2a: Gholdengo|39/100|[from] item: Life Orb
|cant|p1a: Barnacles|flinch
|
|-weather|RainDance|[upkeep]
|upkeep
|
|t:|1756243124
|switch|p1b: Tweak|Politoed, L50, M|100/100
|turn|5
|inactive|MrTedno has 30 seconds left.
|
|t:|1756243155
|move|p2a: Gholdengo|Shadow Ball|p1a: Barnacles
|-damage|p1a: Barnacles|0 fnt
|faint|p1a: Barnacles
|-damage|p2a: Gholdengo|29/100|[from] item: Life Orb
|move|p1b: Tweak|Weather Ball|p2b: Incineroar
|-supereffective|p2b: Incineroar
|-damage|p2b: Incineroar|0 fnt
|faint|p2b: Incineroar
|
|-weather|none
|-end|p2a: Gholdengo|Throat Chop|[silent]
|upkeep
|
|t:|1756243162
|switch|p2b: Archaludon|Archaludon, L50, F, shiny|100/100
|turn|6
|-message|MrTedno forfeited.
|
|win|dycheball
|raw|MrTedno's rating: 1259 → 1238(-21 for losing)
|raw|dycheball's rating: 1317 → 1334(+17 for winning)
|l|☆dycheball
|player|p2|
