|j|☆huntr/x rumi
|j|‽Livnlarge27
|html|huntr/x rumiLivnlarge27    
|uhtml|bestof|Game 2 of a best-of-3
|t:|1755049145
|gametype|doubles
|player|p1|huntr/x rumi|guitarist|1269
|player|p2|Livnlarge27|red|1267
|gen|9
|tier|[Gen 9] VGC 2025 Reg H (Bo3)
|rated|
|rule|Species Clause: Limit one of each Pokémon
|rule|Item Clause: Limit 1 of each item
|clearpoke
|poke|p1|Whimsicott, L50, F|
|poke|p1|Ditto, L50|
|poke|p1|Incineroar, L50, M|
|poke|p1|Farigiraf, L50, M|
|poke|p1|Gholdengo, L50|
|poke|p1|Samurott-Hisui, L50, F|
|poke|p2|Annihilape, L50, F|
|poke|p2|Flamigo, L50, F|
|poke|p2|Rillaboom, L50, F|
|poke|p2|Incineroar, L50, M|
|poke|p2|Gholdengo, L50|
|poke|p2|Dragapult, L50, F|
|teampreview|4
|showteam|p1|Whimsicott||FocusSash|Prankster|Protect,Moonblast,Tailwind,Encore|||F|||50|,,,,,Ghost]Ditto||CovertCloak|Imposter|Transform||||||50|,,,,,Grass]Incineroar||SafetyGoggles|Intimidate|FakeOut,FlareBlitz,KnockOff,PartingShot|||M|||50|,,,,,Ghost]Farigiraf||ThroatSpray|ArmorTail|Protect,TrickRoom,HyperVoice,Psychic|||M|||50|,,,,,Fairy]Gholdengo||ChoiceSpecs|GoodasGold|MakeItRain,ShadowBall,Protect,Trick||||||50|,,,,,Steel]Samurott-Hisui||AssaultVest|Sharpness|AquaCutter,SacredSword,NightSlash,SuckerPunch|||F|||50|,,,,,Poison
|showteam|p2|Annihilape||SafetyGoggles|Defiant|DrainPunch,RageFist,BulkUp,Protect|||F|||50|,,,,,Fire]Flamigo||FocusSash|Scrappy|BraveBird,CloseCombat,Detect,Tailwind|||F|||50|,,,,,Ghost]Rillaboom||LoadedDice|GrassySurge|FakeOut,GrassyGlide,BulletSeed,Uturn|||F|||50|,,,,,Fire]Incineroar||AssaultVest|Intimidate|FakeOut,FlareBlitz,KnockOff,Uturn|||M|||50|,,,,,Fairy]Gholdengo||ChoiceSpecs|GoodasGold|MakeItRain,DazzlingGleam,ShadowBall,Trick||||||50|,,,,,Fairy]Dragapult||ChoiceBand|ClearBody|DragonDarts,Outrage,Uturn,PhantomForce|||F|||50|,,,,,Dragon
|j| teamthief420
|inactive|Battle timer is ON: inactive players will automatically lose when time's up. (requested by Livnlarge27)
|
|t:|1755049159
|teamsize|p1|4
|teamsize|p2|4
|start
|switch|p1a: Whimsicott|Whimsicott, L50, F, shiny|100/100
|switch|p1b: Gholdengo|Gholdengo, L50|100/100
|switch|p2a: Flamigo|Flamigo, L50, F|100/100
|switch|p2b: Incineroar|Incineroar, L50, M|100/100
|-ability|p2b: Incineroar|Intimidate|boost
|-unboost|p1a: Whimsicott|atk|1
|-unboost|p1b: Gholdengo|atk|1
|turn|1
|
|t:|1755049176
|move|p1a: Whimsicott|Tailwind|p1a: Whimsicott
|-sidestart|p1: huntr/x rumi|move: Tailwind
|move|p1b: Gholdengo|Make It Rain|p2b: Incineroar|[spread] p2a,p2b
|-crit|p2a: Flamigo
|-resisted|p2b: Incineroar
|-crit|p2b: Incineroar
|-enditem|p2a: Flamigo|Focus Sash
|-damage|p2a: Flamigo|1/100
|-damage|p2b: Incineroar|65/100
|-unboost|p1b: Gholdengo|spa|1
|move|p2a: Flamigo|Tailwind|p2a: Flamigo
|-sidestart|p2: Livnlarge27|move: Tailwind
|move|p2b: Incineroar|Flare Blitz|p1b: Gholdengo
|-supereffective|p1b: Gholdengo
|-damage|p1b: Gholdengo|0 fnt
|faint|p1b: Gholdengo
|-damage|p2b: Incineroar|38/100|[from] Recoil
|
|upkeep
|
|t:|1755049183
|switch|p1b: Samurott|Samurott-Hisui, L50, F|100/100
|turn|2
|
|t:|1755049190
|switch|p2a: Rillaboom|Rillaboom, L50, F|100/100
|-fieldstart|move: Grassy Terrain|[from] ability: Grassy Surge|[of] p2a: Rillaboom
|move|p1a: Whimsicott|Moonblast|p2a: Rillaboom
|-damage|p2a: Rillaboom|50/100
|-unboost|p2a: Rillaboom|spa|1
|move|p1b: Samurott|Aqua Cutter|p2b: Incineroar
|-supereffective|p2b: Incineroar
|-damage|p2b: Incineroar|0 fnt
|faint|p2b: Incineroar
|
|-heal|p2a: Rillaboom|57/100|[from] Grassy Terrain
|upkeep
|
|t:|1755049205
|switch|p2b: Flamigo|Flamigo, L50, F|1/100
|turn|3
|
|t:|1755049217
|move|p2a: Rillaboom|Fake Out|p1a: Whimsicott
|-damage|p1a: Whimsicott|75/100
|move|p1b: Samurott|Sucker Punch|p2b: Flamigo
|-resisted|p2b: Flamigo
|-damage|p2b: Flamigo|0 fnt
|faint|p2b: Flamigo
|cant|p1a: Whimsicott|flinch
|
|-heal|p1a: Whimsicott|81/100|[from] Grassy Terrain
|-heal|p2a: Rillaboom|63/100|[from] Grassy Terrain
|upkeep
|
|t:|1755049221
|switch|p2b: Annihilape|Annihilape, L50, F|100/100
|turn|4
|
|t:|1755049237
|-terastallize|p2b: Annihilape|Fire
|-terastallize|p1b: Samurott|Poison
|move|p1a: Whimsicott|Encore|p2a: Rillaboom
|-start|p2a: Rillaboom|Encore
|move|p2b: Annihilape|Bulk Up|p2b: Annihilape
|-boost|p2b: Annihilape|atk|1
|-boost|p2b: Annihilape|def|1
|move|p2a: Rillaboom|Fake Out||[still]
|-hint|Fake Out only works on your first turn out.
|-fail|p2a: Rillaboom
|move|p1b: Samurott|Night Slash|p2a: Rillaboom
|-crit|p2a: Rillaboom
|-damage|p2a: Rillaboom|0 fnt
|faint|p2a: Rillaboom
|
|-heal|p1a: Whimsicott|87/100|[from] Grassy Terrain
|-sideend|p2: Livnlarge27|move: Tailwind
|-sideend|p1: huntr/x rumi|move: Tailwind
|upkeep
|turn|5
|-message|Livnlarge27 forfeited.
|
|win|huntr/x rumi
|raw|huntr/x rumi's rating: 1269 → 1294(+25 for winning)
|raw|Livnlarge27's rating: 1267 → 1242(-25 for losing)
|l|‽Livnlarge27
|player|p2|
