|j|☆Poloorco
|j|☆new mental
|html|Poloorconew mental    
|uhtml|bestof|Game 1 of a best-of-3
|t:|1784826237
|gametype|doubles
|player|p1|Poloorco|shadowtriad|1135
|player|p2|new mental|volkner|1256
|gen|9
|tier|[Gen 9 Champions] VGC 2026 Reg M-B (Bo3)
|rated|
|rule|Species Clause: Limit one of each Pokémon
|rule|Item Clause: Limit 1 of each item
|clearpoke
|poke|p1|Floette-Eternal, L50, F|
|poke|p1|Ceruledge, L50, F, shiny|
|poke|p1|Milotic, L50, F, shiny|
|poke|p1|Raichu, L50, M|
|poke|p1|Sinistcha, L50|
|poke|p1|Incineroar, L50, M|
|poke|p2|Charizard, L50, F|
|poke|p2|Garchomp, L50, F|
|poke|p2|Incineroar, L50, F|
|poke|p2|Venusaur, L50, F|
|poke|p2|Toxapex, L50, F|
|poke|p2|Sylveon, L50, F|
|teampreview|4
|showteam|p1|Floette-Eternal||Floettite|FlowerVeil|DrainingKiss,CalmMind,DazzlingGleam,Protect|Modest||F|||50|]Ceruledge||ColburBerry|FlashFire|BitterBlade,ShadowSneak,BulkUp,Protect|Adamant||F|||50|]Milotic||Leftovers|Competitive|IceBeam,Scald,Recover,Protect|Modest||F|||50|]Raichu||RaichuniteY|LightningRod|ZapCannon,FocusBlast,Protect,FakeOut|Timid||M|||50|]Sinistcha||KasibBerry|Hospitality|MatchaGotcha,LifeDew,RagePowder,Protect|Bold|||||50|]Incineroar||SitrusBerry|Intimidate|FlareBlitz,ThroatChop,FakeOut,PartingShot|Careful||M|||50|
|showteam|p2|Charizard||CharizarditeY|SolarPower|WeatherBall,HeatWave,AncientPower,Protect|Modest||F|||50|]Garchomp||ChoiceScarf|RoughSkin|RockSlide,DragonClaw,Earthquake,StompingTantrum|Adamant||F|||50|]Incineroar||SitrusBerry|Intimidate|FlareBlitz,FakeOut,DarkestLariat,PartingShot|Impish||F|||50|]Venusaur||LifeOrb|Chlorophyll|SludgeBomb,LeafStorm,EarthPower,Protect|Modest||F|||50|]Toxapex||Leftovers|Regenerator|Infestation,Toxic,WideGuard,BanefulBunker|Bold||F|||50|]Sylveon||FairyFeather|Pixilate|HyperVoice,QuickAttack,Yawn,Detect|Modest||F|||50|
|inactive|Battle timer is ON: inactive players will automatically lose when time's up. (requested by new mental)
|
|t:|1784826276
|teamsize|p1|4
|teamsize|p2|4
|start
|switch|p1a: Floette|Floette-Eternal, L50, F|100/100
|switch|p1b: Milotic|Milotic, L50, F, shiny|100/100
|switch|p2a: Charizard|Charizard, L50, F|100/100
|switch|p2b: Venusaur|Venusaur, L50, F|100/100
|turn|1
|inactive|Poloorco has 30 seconds left.
|
|t:|1784826302
|switch|p1a: Sinistcha|Sinistcha, L50|100/100
|switch|p2a: Toxapex|Toxapex, L50, F|100/100
|move|p2b: Venusaur|Sludge Bomb|p1a: Sinistcha
|-damage|p1a: Sinistcha|42/100
|-damage|p2b: Venusaur|90/100|[from] item: Life Orb
|move|p1b: Milotic|Ice Beam|p2b: Venusaur
|-supereffective|p2b: Venusaur|1
|-damage|p2b: Venusaur|27/100
|-status|p2b: Venusaur|frz
|
|upkeep
|turn|2
|
|t:|1784826321
|cant|p2b: Venusaur|frz
|move|p1b: Milotic|Ice Beam|p2b: Venusaur
|-supereffective|p2b: Venusaur|1
|-damage|p2b: Venusaur|0 fnt
|faint|p2b: Venusaur
|move|p1a: Sinistcha|Life Dew||[still]|[spread] p1a,p1b
|-heal|p1a: Sinistcha|67/100
|-fail|p1b: Milotic|heal
|move|p2a: Toxapex|Toxic|p1b: Milotic
|-status|p1b: Milotic|tox
|
|-damage|p1b: Milotic|93/100 tox|[from] psn
|upkeep
|
|t:|1784826327
|switch|p2b: Charizard|Charizard, L50, F|100/100
|turn|3
|
|t:|1784826339
|switch|p1a: Ceruledge|Ceruledge, L50, F, shiny|100/100
|detailschange|p2b: Charizard|Charizard-Mega-Y, L50, F
|-mega|p2b: Charizard|Charizard|Charizardite Y
|-weather|SunnyDay|[from] ability: Drought|[of] p2b: Charizard
|move|p1b: Milotic|Protect|p1b: Milotic
|-singleturn|p1b: Milotic|Protect
|move|p2b: Charizard|Weather Ball|p1a: Ceruledge
|-start|p1a: Ceruledge|ability: Flash Fire
|move|p2a: Toxapex|Infestation|p1b: Milotic
|-activate|p1b: Milotic|move: Protect
|
|-weather|SunnyDay|[upkeep]
|-heal|p1b: Milotic|100/100 tox|[from] item: Leftovers
|-damage|p1b: Milotic|87/100 tox|[from] psn
|upkeep
|turn|4
|inactive|Poloorco has 30 seconds left.
|
|t:|1784826369
|move|p2b: Charizard|Protect|p2b: Charizard
|-singleturn|p2b: Charizard|Protect
|move|p1a: Ceruledge|Bitter Blade|p2b: Charizard
|-activate|p2b: Charizard|move: Protect
|move|p1b: Milotic|Scald|p2b: Charizard
|-activate|p2b: Charizard|move: Protect
|move|p2a: Toxapex|Toxic|p1a: Ceruledge
|-status|p1a: Ceruledge|tox
|
|-weather|SunnyDay|[upkeep]
|-heal|p1b: Milotic|93/100 tox|[from] item: Leftovers
|-damage|p1a: Ceruledge|93/100 tox|[from] psn
|-damage|p1b: Milotic|75/100 tox|[from] psn
|upkeep
|turn|5
|
|t:|1784826378
|move|p1b: Milotic|Protect|p1b: Milotic
|-singleturn|p1b: Milotic|Protect
|move|p2b: Charizard|Ancient Power|p1a: Ceruledge
|-supereffective|p1a: Ceruledge|1
|-damage|p1a: Ceruledge|46/100 tox
|-boost|p2b: Charizard|atk|1
|-boost|p2b: Charizard|def|1
|-boost|p2b: Charizard|spa|1
|-boost|p2b: Charizard|spd|1
|-boost|p2b: Charizard|spe|1
|move|p1a: Ceruledge|Bitter Blade|p2a: Toxapex
|-resisted|p2a: Toxapex|1
|-damage|p2a: Toxapex|64/100
|-heal|p1a: Ceruledge|61/100 tox|[from] drain|[of] p2a: Toxapex
|move|p2a: Toxapex|Infestation|p1a: Ceruledge
|-resisted|p1a: Ceruledge|2
|-damage|p1a: Ceruledge|61/100 tox
|-activate|p1a: Ceruledge|move: Infestation|[of] p2a: Toxapex
|
|-weather|SunnyDay|[upkeep]
|-heal|p1b: Milotic|81/100 tox|[from] item: Leftovers
|-heal|p2a: Toxapex|70/100|[from] item: Leftovers
|-damage|p1a: Ceruledge|49/100 tox|[from] psn
|-damage|p1b: Milotic|56/100 tox|[from] psn
|-damage|p1a: Ceruledge|37/100 tox|[from] move: Infestation|[partiallytrapped]
|upkeep
|turn|6
|
|t:|1784826403
|-end|p1a: Ceruledge|ability: Flash Fire|[silent]
|switch|p1a: Sinistcha|Sinistcha, L50|67/100
|-heal|p1b: Milotic|81/100 tox|[from] ability: Hospitality|[of] p1a: Sinistcha
|move|p2b: Charizard|Ancient Power|p1b: Milotic
|-damage|p1b: Milotic|53/100 tox
|-boost|p2b: Charizard|atk|1
|-boost|p2b: Charizard|def|1
|-boost|p2b: Charizard|spa|1
|-boost|p2b: Charizard|spd|1
|-boost|p2b: Charizard|spe|1
|move|p1b: Milotic|Scald|p2b: Charizard
|-supereffective|p2b: Charizard|1
|-damage|p2b: Charizard|83/100
|move|p2a: Toxapex|Infestation|p1b: Milotic
|-damage|p1b: Milotic|51/100 tox
|-activate|p1b: Milotic|move: Infestation|[of] p2a: Toxapex
|
|-weather|SunnyDay|[upkeep]
|-heal|p1b: Milotic|57/100 tox|[from] item: Leftovers
|-heal|p2a: Toxapex|76/100|[from] item: Leftovers
|-damage|p1b: Milotic|26/100 tox|[from] psn
|-damage|p1b: Milotic|13/100 tox|[from] move: Infestation|[partiallytrapped]
|upkeep
|turn|7
|-message|Poloorco forfeited.
|
|win|new mental
