|j|☆Nasch1312
|j|☆kk1pper1314
|html|Nasch1312kk1pper1314    
|uhtml|bestof|Game 2 of a best-of-3
|t:|1783212722
|gametype|doubles
|player|p1|Nasch1312|hilbert|1241
|player|p2|kk1pper1314|101|1338
|gen|9
|tier|[Gen 9 Champions] VGC 2026 Reg M-B (Bo3)
|rated|
|rule|Species Clause: Limit one of each Pokémon
|rule|Item Clause: Limit 1 of each item
|clearpoke
|poke|p1|Dragonite, L50, M|
|poke|p1|Pelipper, L50, F|
|poke|p1|Basculegion, L50, M|
|poke|p1|Archaludon, L50, F|
|poke|p1|Sinistcha, L50|
|poke|p1|Gholdengo, L50, shiny|
|poke|p2|Metagross, L50|
|poke|p2|Sneasler, L50, M|
|poke|p2|Sinistcha-Masterpiece, L50|
|poke|p2|Pelipper, L50, F|
|poke|p2|Hydreigon, L50, F|
|poke|p2|Primarina, L50, M|
|teampreview|4
|showteam|p1|Dragonite||Dragoninite|InnerFocus|DragonPulse,Thunderbolt,Hurricane,Protect|Modest||M|||50|]Pelipper||SitrusBerry|Drizzle|Hurricane,WeatherBall,Tailwind,WideGuard|Modest||F|||50|]Basculegion||LifeOrb|SwiftSwim|WaveCrash,LastRespects,AquaJet,Protect|Adamant||M|||50|]Archaludon||Leftovers|Stamina|ElectroShot,DragonPulse,FlashCannon,Protect|Modest||F|||50|]Sinistcha||KasibBerry|Hospitality|RagePowder,MatchaGotcha,TrickRoom,LifeDew|Bold|||||50|]Gholdengo||ChoiceScarf|GoodasGold|MakeItRain,ShadowBall,PowerGem,Trick|Modest|||||50|
|showteam|p2|Metagross||Metagrossite|ClearBody|Protect,PsychicFangs,IronHead,BodyPress|Jolly|||||50|]Sneasler||FocusSash|PoisonTouch|FakeOut,PoisonJab,Coaching,CloseCombat|Jolly||M|||50|]Sinistcha-Masterpiece||KasibBerry|Hospitality|Protect,MatchaGotcha,RagePowder,TrickRoom|Calm|||||50|]Pelipper||SitrusBerry|Drizzle|WideGuard,WeatherBall,Tailwind,Hurricane|Calm||F|||50|]Hydreigon||LifeOrb|Levitate|Protect,DragonPulse,EarthPower,DarkPulse|Modest||F|||50|]Primarina||MysticWater|LiquidVoice|Protect,Moonblast,EnergyBall,HyperVoice|Modest||M|||50|
|inactive|Battle timer is ON: inactive players will automatically lose when time's up. (requested by kk1pper1314)
|
|t:|1783212741
|teamsize|p1|4
|teamsize|p2|4
|start
|switch|p1a: Archaly|Archaludon, L50, F|100/100
|switch|p1b: Pely|Pelipper, L50, F|100/100
|switch|p2a: Sneasler|Sneasler, L50, M|100/100
|switch|p2b: Metagross|Metagross, L50|100/100
|-weather|RainDance|[from] ability: Drizzle|[of] p1b: Pely
|turn|1
|inactive|kk1pper1314 has 30 seconds left.
|
|t:|1783212768
|detailschange|p2b: Metagross|Metagross-Mega, L50
|-mega|p2b: Metagross|Metagross|Metagrossite
|move|p2a: Sneasler|Close Combat|p1a: Archaly
|-supereffective|p1a: Archaly|1
|-damage|p1a: Archaly|6/100
|-unboost|p2a: Sneasler|def|1
|-unboost|p2a: Sneasler|spd|1
|-ability|p1a: Archaly|Stamina|boost
|-boost|p1a: Archaly|def|1
|move|p2b: Metagross|Psychic Fangs|p1b: Pely
|-damage|p1b: Pely|42/100
|-enditem|p1b: Pely|Sitrus Berry|[eat]
|-heal|p1b: Pely|66/100|[from] item: Sitrus Berry
|move|p1a: Archaly|Electro Shot||[still]
|-prepare|p1a: Archaly|Electro Shot
|-boost|p1a: Archaly|spa|1
|-anim|p1a: Archaly|Electro Shot|p2b: Metagross
|-damage|p2b: Metagross|38/100
|move|p1b: Pely|Tailwind|p1b: Pely
|-sidestart|p1: Nasch1312|move: Tailwind
|
|-weather|RainDance|[upkeep]
|-heal|p1a: Archaly|12/100|[from] item: Leftovers
|upkeep
|turn|2
|
|t:|1783212792
|switch|p2a: Sinistcha|Sinistcha-Masterpiece, L50|100/100
|-heal|p2b: Metagross|63/100|[from] ability: Hospitality|[of] p2a: Sinistcha
|move|p1a: Archaly|Protect|p1a: Archaly
|-singleturn|p1a: Archaly|Protect
|move|p2b: Metagross|Body Press|p1a: Archaly
|-activate|p1a: Archaly|move: Protect
|move|p1b: Pely|Weather Ball|p2b: Metagross
|-damage|p2b: Metagross|6/100
|
|-weather|RainDance|[upkeep]
|-heal|p1a: Archaly|18/100|[from] item: Leftovers
|upkeep
|turn|3
|
|t:|1783212808
|switch|p2b: Sneasler|Sneasler, L50, M|100/100
|switch|p1b: Sinisty|Sinistcha, L50|100/100
|-heal|p1a: Archaly|43/100|[from] ability: Hospitality|[of] p1b: Sinisty
|move|p2a: Sinistcha|Protect|p2a: Sinistcha
|-singleturn|p2a: Sinistcha|Protect
|move|p1a: Archaly|Electro Shot||[still]
|-prepare|p1a: Archaly|Electro Shot
|-boost|p1a: Archaly|spa|1
|-anim|p1a: Archaly|Electro Shot|p2a: Sinistcha
|-activate|p2a: Sinistcha|move: Protect
|
|-weather|RainDance|[upkeep]
|-heal|p1a: Archaly|50/100y|[from] item: Leftovers
|upkeep
|turn|4
|
|t:|1783212833
|switch|p2a: Metagross|Metagross-Mega, L50|6/100
|move|p1a: Archaly|Electro Shot||[still]
|-prepare|p1a: Archaly|Electro Shot
|-boost|p1a: Archaly|spa|1
|-anim|p1a: Archaly|Electro Shot|p2b: Sneasler
|-enditem|p2b: Sneasler|Focus Sash
|-damage|p2b: Sneasler|1/100
|move|p2b: Sneasler|Poison Jab|p1b: Sinisty
|-damage|p1b: Sinisty|64/100
|move|p1b: Sinisty|Life Dew|p1b: Sinisty|[spread] p1a,p1b
|-heal|p1a: Archaly|75/100
|-heal|p1b: Sinisty|89/100
|
|-weather|RainDance|[upkeep]
|-heal|p1a: Archaly|81/100|[from] item: Leftovers
|-sideend|p1: Nasch1312|move: Tailwind
|upkeep
|turn|5
|
|t:|1783212851
|move|p1a: Archaly|Protect|p1a: Archaly
|-singleturn|p1a: Archaly|Protect
|move|p2b: Sneasler|Coaching|p2a: Metagross
|-boost|p2a: Metagross|atk|1
|-boost|p2a: Metagross|def|1
|move|p2a: Metagross|Psychic Fangs|p1b: Sinisty
|-damage|p1b: Sinisty|20/100y
|move|p1b: Sinisty|Matcha Gotcha|p2b: Sneasler|[spread] p2a,p2b
|-resisted|p2a: Metagross|1
|-resisted|p2b: Sneasler|1
|-damage|p2a: Metagross|0 fnt
|-heal|p1b: Sinisty|23/100|[from] drain|[of] p2a: Metagross
|-damage|p2b: Sneasler|0 fnt
|-heal|p1b: Sinisty|24/100|[from] drain|[of] p2b: Sneasler
|faint|p2a: Metagross
|faint|p2b: Sneasler
|
|-weather|none
|-heal|p1a: Archaly|87/100|[from] item: Leftovers
|upkeep
|
|t:|1783212860
|switch|p2b: Hydreigon|Hydreigon, L50, F|100/100
|switch|p2a: Sinistcha|Sinistcha-Masterpiece, L50|100/100
|turn|6
|-message|kk1pper1314 forfeited.
|
|win|Nasch1312
|raw|Nasch1312's rating: 1241 → 1273(+32 for winning)
|raw|kk1pper1314's rating: 1338 → 1313(-25 for losing)
|l|☆kk1pper1314
|player|p2|
|c|☆Nasch1312|gg
