|j|☆testdigi
|j|☆Jldjavi
|html|testdigiJldjavi    
|uhtml|bestof|Game 2 of a best-of-3
|t:|1784218049
|gametype|doubles
|player|p1|testdigi|1|1101
|player|p2|Jldjavi|nate|1097
|gen|9
|tier|[Gen 9 Champions] VGC 2026 Reg M-B (Bo3)
|rated|
|rule|Species Clause: Limit one of each Pokémon
|rule|Item Clause: Limit 1 of each item
|clearpoke
|poke|p1|Sneasler, L50, F|
|poke|p1|Delphox, L50, F, shiny|
|poke|p1|Kingambit, L50, F, shiny|
|poke|p1|Sinistcha, L50|
|poke|p1|Incineroar, L50, M|
|poke|p1|Blastoise, L50, M|
|poke|p2|Gardevoir, L50, F|
|poke|p2|Maushold, L50|
|poke|p2|Kingambit, L50, M|
|poke|p2|Kommo-o, L50, F|
|poke|p2|Ceruledge, L50, F|
|poke|p2|Aerodactyl, L50, M|
|teampreview|4
|showteam|p1|Sneasler||FocusSash|PoisonTouch|PoisonJab,QuickGuard,CloseCombat,FakeOut|Jolly||F|||50|]Delphox||Delphoxite|Blaze|HeatWave,Psychic,NastyPlot,Protect|Timid||F|||50|]Kingambit||LifeOrb|Defiant|KowtowCleave,SuckerPunch,SwordsDance,Protect|Adamant||F|||50|]Sinistcha||ColburBerry|Hospitality|MatchaGotcha,RagePowder,TrickRoom,Protect|Bold|||||50|]Incineroar||SitrusBerry|Intimidate|FlareBlitz,HelpingHand,PartingShot,FakeOut|Impish||M|||50|]Blastoise||Blastoisinite|RainDish|WaterSpout,DarkPulse,ShellSmash,Protect|Modest||M|||50|
|showteam|p2|Gardevoir||Gardevoirite|Trace|Protect,HyperVoice,Psychic,Thunderbolt|Modest||F|||50|]Maushold||ChopleBerry|FriendGuard|Protect,Feint,FollowMe,HelpingHand|Impish|||||50|]Kingambit||FocusSash|Defiant|Protect,KowtowCleave,SuckerPunch,IronHead|Adamant||M|||50|]Kommo-o||LifeOrb|Soundproof|Protect,ClangingScales,DracoMeteor,AuraSphere|Modest||F|||50|]Ceruledge||ColburBerry|FlashFire|Protect,BitterBlade,ShadowSneak,BulkUp|Adamant||F|||50|]Aerodactyl||Aerodactylite|Unnerve|RockSlide,IceFang,Tailwind,WideGuard|Jolly||M|||50|
|
|t:|1784218078
|teamsize|p1|4
|teamsize|p2|4
|start
|switch|p1a: Sneasler|Sneasler, L50, F|100/100
|switch|p1b: Incineroar|Incineroar, L50, M|100/100
|switch|p2a: Aerodactyl|Aerodactyl, L50, M|100/100
|switch|p2b: Kommo-o|Kommo-o, L50, F|100/100
|-ability|p2a: Aerodactyl|Unnerve
|-ability|p1b: Incineroar|Intimidate|boost
|-unboost|p2a: Aerodactyl|atk|1
|-unboost|p2b: Kommo-o|atk|1
|turn|1
|
|t:|1784218098
|detailschange|p2a: Aerodactyl|Aerodactyl-Mega, L50, M
|-mega|p2a: Aerodactyl|Aerodactyl|Aerodactylite
|move|p2b: Kommo-o|Protect|p2b: Kommo-o
|-singleturn|p2b: Kommo-o|Protect
|move|p1a: Sneasler|Fake Out|p2b: Kommo-o
|-activate|p2b: Kommo-o|move: Protect
|move|p2a: Aerodactyl|Tailwind|p2a: Aerodactyl
|-sidestart|p2: Jldjavi|move: Tailwind
|move|p1b: Incineroar|Parting Shot|p2a: Aerodactyl
|-unboost|p2a: Aerodactyl|atk|1
|-unboost|p2a: Aerodactyl|spa|1
|
|t:|1784218111
|switch|p1b: Kingambit|Kingambit, L50, F, shiny|100/100|[from] Parting Shot
|
|upkeep
|turn|2
|
|t:|1784218135
|switch|p2a: Maushold|Maushold, L50|100/100
|switch|p1a: Incineroar|Incineroar, L50, M|100/100
|-ability|p1a: Incineroar|Intimidate|boost
|-unboost|p2a: Maushold|atk|1
|-unboost|p2b: Kommo-o|atk|1
|move|p1b: Kingambit|Protect|p1b: Kingambit
|-singleturn|p1b: Kingambit|Protect
|move|p2b: Kommo-o|Aura Sphere|p1b: Kingambit
|-activate|p1b: Kingambit|move: Protect
|
|upkeep
|turn|3
|
|t:|1784218160
|move|p2a: Maushold|Protect|p2a: Maushold
|-singleturn|p2a: Maushold|Protect
|move|p2b: Kommo-o|Protect|p2b: Kommo-o
|-singleturn|p2b: Kommo-o|Protect
|move|p1a: Incineroar|Fake Out|p2b: Kommo-o
|-activate|p2b: Kommo-o|move: Protect
|move|p1b: Kingambit|Swords Dance|p1b: Kingambit
|-boost|p1b: Kingambit|atk|2
|
|upkeep
|turn|4
|
|t:|1784218191
|move|p1b: Kingambit|Protect|p1b: Kingambit
|-singleturn|p1b: Kingambit|Protect
|move|p2a: Maushold|Follow Me|p2a: Maushold
|-singleturn|p2a: Maushold|move: Follow Me
|move|p2b: Kommo-o|Aura Sphere|p1b: Kingambit
|-activate|p1b: Kingambit|move: Protect
|move|p1a: Incineroar|Flare Blitz|p2a: Maushold
|-damage|p2a: Maushold|53/100
|-damage|p1a: Incineroar|86/100|[from] Recoil
|
|-sideend|p2: Jldjavi|move: Tailwind
|upkeep
|turn|5
|
|t:|1784218218
|move|p2a: Maushold|Follow Me|p2a: Maushold
|-singleturn|p2a: Maushold|move: Follow Me
|move|p1b: Kingambit|Sucker Punch||[still]
|-fail|p1b: Kingambit
|move|p2b: Kommo-o|Aura Sphere|p1b: Kingambit
|-supereffective|p1b: Kingambit|2
|-damage|p1b: Kingambit|0 fnt
|faint|p1b: Kingambit
|-damage|p2b: Kommo-o|90/100|[from] item: Life Orb
|move|p1a: Incineroar|Flare Blitz|p2a: Maushold
|-damage|p2a: Maushold|1/100
|-damage|p1a: Incineroar|70/100|[from] Recoil
|
|upkeep
|
|t:|1784218222
|switch|p1b: Sneasler|Sneasler, L50, F|100/100
|turn|6
|
|t:|1784218237
|move|p2a: Maushold|Protect|p2a: Maushold
|-singleturn|p2a: Maushold|Protect
|move|p2b: Kommo-o|Protect|p2b: Kommo-o
|-singleturn|p2b: Kommo-o|Protect
|move|p1b: Sneasler|Fake Out|p2b: Kommo-o
|-activate|p2b: Kommo-o|move: Protect
|move|p1a: Incineroar|Flare Blitz|p2a: Maushold
|-activate|p2a: Maushold|move: Protect
|
|upkeep
|turn|7
|
|t:|1784218257
|move|p2a: Maushold|Follow Me|p2a: Maushold
|-singleturn|p2a: Maushold|move: Follow Me
|move|p1b: Sneasler|Poison Jab|p2a: Maushold
|-damage|p2a: Maushold|0 fnt
|faint|p2a: Maushold
|move|p2b: Kommo-o|Clanging Scales|p1b: Sneasler|[spread] p1a,p1b
|-damage|p1a: Incineroar|22/100
|-damage|p1b: Sneasler|35/100
|-enditem|p1a: Incineroar|Sitrus Berry|[eat]
|-heal|p1a: Incineroar|47/100|[from] item: Sitrus Berry
|-unboost|p2b: Kommo-o|def|1
|-damage|p2b: Kommo-o|80/100|[from] item: Life Orb
|move|p1a: Incineroar|Flare Blitz|p2b: Kommo-o
|-resisted|p2b: Kommo-o|1
|-damage|p2b: Kommo-o|52/100
|-damage|p1a: Incineroar|39/100|[from] Recoil
|
|upkeep
|
|t:|1784218274
|switch|p2a: Aerodactyl|Aerodactyl-Mega, L50, M|100/100
|turn|8
|
|t:|1784218288
|move|p2b: Kommo-o|Protect|p2b: Kommo-o
|-singleturn|p2b: Kommo-o|Protect
|move|p2a: Aerodactyl|Tailwind|p2a: Aerodactyl
|-sidestart|p2: Jldjavi|move: Tailwind
|move|p1b: Sneasler|Close Combat|p2b: Kommo-o
|-activate|p2b: Kommo-o|move: Protect
|move|p1a: Incineroar|Parting Shot|p2a: Aerodactyl
|-unboost|p2a: Aerodactyl|atk|1
|-unboost|p2a: Aerodactyl|spa|1
|
|t:|1784218292
|switch|p1a: Delphox|Delphox, L50, F, shiny|100/100|[from] Parting Shot
|
|upkeep
|turn|9
|
|t:|1784218304
|switch|p1b: Incineroar|Incineroar, L50, M|39/100
|-ability|p1b: Incineroar|Intimidate|boost
|-unboost|p2a: Aerodactyl|atk|1
|-unboost|p2b: Kommo-o|atk|1
|detailschange|p1a: Delphox|Delphox-Mega, L50, F, shiny
|-mega|p1a: Delphox|Delphox|Delphoxite
|move|p1a: Delphox|Protect|p1a: Delphox
|-singleturn|p1a: Delphox|Protect
|move|p2a: Aerodactyl|Rock Slide|p1a: Delphox|[spread] p1b
|-activate|p1a: Delphox|move: Protect
|-supereffective|p1b: Incineroar|1
|-damage|p1b: Incineroar|21/100
|move|p2b: Kommo-o|Clanging Scales|p1a: Delphox|[spread] p1b
|-activate|p1a: Delphox|move: Protect
|-damage|p1b: Incineroar|0 fnt
|faint|p1b: Incineroar
|-unboost|p2b: Kommo-o|def|1
|-damage|p2b: Kommo-o|42/100|[from] item: Life Orb
|
|upkeep
|
|t:|1784218311
|switch|p1b: Sneasler|Sneasler, L50, F|35/100
|turn|10
|
|t:|1784218343
|move|p1b: Sneasler|Fake Out|p2a: Aerodactyl
|-resisted|p2a: Aerodactyl|1
|-damage|p2a: Aerodactyl|92/100
|-status|p2a: Aerodactyl|psn|[from] ability: Poison Touch|[of] p1b: Sneasler
|cant|p2a: Aerodactyl|flinch
|move|p2b: Kommo-o|Clanging Scales|p1b: Sneasler|[spread] p1a,p1b
|-damage|p1a: Delphox|53/100
|-damage|p1b: Sneasler|0 fnt
|faint|p1b: Sneasler
|-unboost|p2b: Kommo-o|def|1
|-damage|p2b: Kommo-o|32/100|[from] item: Life Orb
|move|p1a: Delphox|Nasty Plot|p1a: Delphox
|-boost|p1a: Delphox|spa|2
|
|-damage|p2a: Aerodactyl|80/100 psn|[from] psn
|upkeep
|turn|11
|-message|testdigi forfeited.
|
|win|Jldjavi
