|j|☆meekmatt
|j|☆Surwiival
|html|meekmattSurwiival    
|uhtml|bestof|Game 2 of a best-of-3
|t:|1756415187
|gametype|doubles
|player|p1|meekmatt|102|1169
|player|p2|Surwiival|169|1082
|gen|9
|tier|[Gen 9] VGC 2025 Reg H (Bo3)
|rated|
|rule|Species Clause: Limit one of each Pokémon
|rule|Item Clause: Limit 1 of each item
|clearpoke
|poke|p1|Whimsicott, L50, F|
|poke|p1|Annihilape, L50, M|
|poke|p1|Typhlosion-Hisui, L50, F|
|poke|p1|Incineroar, L50, M|
|poke|p1|Gholdengo, L50|
|poke|p1|Torkoal, L50, F|
|poke|p2|Incineroar, L50, F|
|poke|p2|Sneasler, L50, M|
|poke|p2|Kingambit, L50, F|
|poke|p2|Electabuzz, L50, F|
|poke|p2|Baxcalibur, L50, M|
|poke|p2|Primarina, L50, F|
|teampreview|4
|showteam|p1|Whimsicott||CovertCloak|Prankster|Moonblast,Tailwind,Taunt,SunnyDay|||F|||50|,,,,,Fairy]Annihilape||FocusSash|Defiant|FinalGambit,CloseCombat,RageFist,Protect|||M|||50|,,,,,Grass]Typhlosion-Hisui||ChoiceSpecs|Blaze|Eruption,HeatWave,ShadowBall,Overheat|||F|||50|,,,,,Fire]Incineroar||SafetyGoggles|Intimidate|FakeOut,HelpingHand,KnockOff,FlareBlitz|||M|||50|,,,,,Ghost]Gholdengo||LifeOrb|GoodasGold|MakeItRain,Protect,ShadowBall,DazzlingGleam||||||50|,,,,,Fairy]Torkoal||SitrusBerry|Drought|Eruption,HelpingHand,Yawn,Overheat|||F|||50|,,,,,Fire
|showteam|p2|Incineroar||SitrusBerry|Intimidate|FakeOut,PartingShot,FlareBlitz,KnockOff|||F|||50|,,,,,Grass]Sneasler||FocusSash|Unburden|FakeOut,CloseCombat,DireClaw,Coaching|||M|||50|,,,,,Stellar]Kingambit||SafetyGoggles|Defiant|KowtowCleave,SuckerPunch,SwordsDance,Protect|||F|||50|,,,,,Ghost]Electabuzz||Eviolite|VitalSpirit|VoltSwitch,Taunt,FollowMe,Protect|||F|||50|,,,,,Ghost]Baxcalibur||LoadedDice|ThermalExchange|ScaleShot,IcicleSpear,IceShard,Protect|||M|||50|,,,,,Poison]Primarina||ThroatSpray|LiquidVoice|HyperVoice,Moonblast,Haze,Protect|||F|||50|,,,,,Water
|inactive|Battle timer is ON: inactive players will automatically lose when time's up. (requested by meekmatt)
|
|t:|1756415224
|teamsize|p1|4
|teamsize|p2|4
|start
|switch|p1a: Golden Gun|Gholdengo, L50|100/100
|switch|p1b: Kerosene|Incineroar, L50, M|100/100
|switch|p2a: Primarina|Primarina, L50, F|100/100
|switch|p2b: Incineroar|Incineroar, L50, F, shiny|100/100
|-ability|p2b: Incineroar|Intimidate|boost
|-unboost|p1a: Golden Gun|atk|1
|-unboost|p1b: Kerosene|atk|1
|-ability|p1b: Kerosene|Intimidate|boost
|-unboost|p2a: Primarina|atk|1
|-unboost|p2b: Incineroar|atk|1
|turn|1
|
|t:|1756415243
|-terastallize|p2a: Primarina|Water
|move|p2b: Incineroar|Fake Out|p1b: Kerosene
|-damage|p1b: Kerosene|93/100
|cant|p1b: Kerosene|flinch
|move|p1a: Golden Gun|Make It Rain|p2a: Primarina|[spread] p2a,p2b
|-resisted|p2a: Primarina
|-resisted|p2b: Incineroar
|-damage|p2a: Primarina|72/100
|-damage|p2b: Incineroar|73/100
|-unboost|p1a: Golden Gun|spa|1
|-damage|p1a: Golden Gun|91/100|[from] item: Life Orb
|move|p2a: Primarina|Hyper Voice|p1a: Golden Gun|[spread] p1a,p1b
|-supereffective|p1b: Kerosene
|-damage|p1a: Golden Gun|36/100
|-damage|p1b: Kerosene|3/100
|-enditem|p2a: Primarina|Throat Spray
|-boost|p2a: Primarina|spa|1|[from] item: Throat Spray
|
|upkeep
|turn|2
|inactive|meekmatt has 30 seconds left.
|inactive|Surwiival has 30 seconds left.
|
|t:|1756415270
|move|p1b: Kerosene|Helping Hand|p1a: Golden Gun
|-immune|p1a: Golden Gun|[from] ability: Good as Gold
|move|p1a: Golden Gun|Shadow Ball|p2a: Primarina
|-damage|p2a: Primarina|41/100
|-unboost|p2a: Primarina|spd|1
|-damage|p1a: Golden Gun|26/100|[from] item: Life Orb
|move|p2b: Incineroar|Knock Off|p1a: Golden Gun
|-supereffective|p1a: Golden Gun
|-damage|p1a: Golden Gun|0 fnt
|-enditem|p1a: Golden Gun|Life Orb|[from] move: Knock Off|[of] p2b: Incineroar
|faint|p1a: Golden Gun
|move|p2a: Primarina|Hyper Voice|p1b: Kerosene
|-supereffective|p1b: Kerosene
|-damage|p1b: Kerosene|0 fnt
|faint|p1b: Kerosene
|
|upkeep
|
|t:|1756415278
|switch|p1a: Monkey|Annihilape, L50, M|100/100
|switch|p1b: Black Hole Sun|Torkoal, L50, F|100/100
|-weather|SunnyDay|[from] ability: Drought|[of] p1b: Black Hole Sun
|turn|3
|inactive|Surwiival has 30 seconds left.
|inactive|Surwiival has 20 seconds left.
|inactive|Surwiival has 15 seconds left.
|inactive|Surwiival has 10 seconds left.
|inactive|Surwiival has 5 seconds left.
|
|t:|1756415330
|-terastallize|p1b: Black Hole Sun|Fire
|move|p1a: Monkey|Close Combat|p2b: Incineroar
|-supereffective|p2b: Incineroar
|-damage|p2b: Incineroar|0 fnt
|-unboost|p1a: Monkey|def|1
|-unboost|p1a: Monkey|spd|1
|faint|p2b: Incineroar
|move|p2a: Primarina|Moonblast|p1a: Monkey
|-supereffective|p1a: Monkey
|-enditem|p1a: Monkey|Focus Sash
|-damage|p1a: Monkey|1/100
|-unboost|p1a: Monkey|spa|1
|-ability|p1a: Monkey|Defiant|boost
|-boost|p1a: Monkey|atk|2
|move|p1b: Black Hole Sun|Eruption|p2a: Primarina
|-resisted|p2a: Primarina
|-damage|p2a: Primarina|0 fnt
|faint|p2a: Primarina
|
|-weather|SunnyDay|[upkeep]
|upkeep
|
|t:|1756415351
|switch|p2b: Kingambit|Kingambit, L50, F|100/100
|switch|p2a: Sneasler|Sneasler, L50, M|100/100
|turn|4
|inactive|Surwiival has 30 seconds left.
|
|t:|1756415385
|move|p2a: Sneasler|Fake Out|p1b: Black Hole Sun
|-crit|p1b: Black Hole Sun
|-damage|p1b: Black Hole Sun|88/100
|move|p2b: Kingambit|Sucker Punch|p1a: Monkey
|-damage|p1a: Monkey|0 fnt
|faint|p1a: Monkey
|cant|p1b: Black Hole Sun|flinch
|
|-weather|SunnyDay|[upkeep]
|upkeep
|turn|5
|
|t:|1756415402
|move|p2a: Sneasler|Dire Claw|p1b: Black Hole Sun
|-damage|p1b: Black Hole Sun|63/100
|move|p2b: Kingambit|Kowtow Cleave|p1b: Black Hole Sun
|-damage|p1b: Black Hole Sun|36/100
|-enditem|p1b: Black Hole Sun|Sitrus Berry|[eat]
|-heal|p1b: Black Hole Sun|60/100|[from] item: Sitrus Berry
|move|p1b: Black Hole Sun|Overheat|p2a: Sneasler
|-enditem|p2a: Sneasler|Focus Sash
|-damage|p2a: Sneasler|1/100
|-unboost|p1b: Black Hole Sun|spa|2
|
|-weather|SunnyDay|[upkeep]
|upkeep
|turn|6
|
|t:|1756415419
|move|p2a: Sneasler|Close Combat|p1b: Black Hole Sun
|-damage|p1b: Black Hole Sun|23/100
|-unboost|p2a: Sneasler|def|1
|-unboost|p2a: Sneasler|spd|1
|move|p2b: Kingambit|Kowtow Cleave|p1b: Black Hole Sun
|-damage|p1b: Black Hole Sun|0 fnt
|faint|p1b: Black Hole Sun
|
|win|Surwiival
|raw|meekmatt's rating: 1169 → 1138(-31 for losing)
|raw|Surwiival's rating: 1082 → 1116(+34 for winning)
