|j|☆ToastTopping
|j|☆nonight
|html|ToastToppingnonight    
|uhtml|bestof|Game 1 of a best-of-3
|t:|1784869872
|gametype|doubles
|player|p1|ToastTopping|hilbert-wonderlauncher|1213
|player|p2|nonight|roxie|1310
|gen|9
|tier|[Gen 9 Champions] VGC 2026 Reg M-B (Bo3)
|rated|
|rule|Species Clause: Limit one of each Pokémon
|rule|Item Clause: Limit 1 of each item
|clearpoke
|poke|p1|Delphox, L50, M|
|poke|p1|Sinistcha, L50|
|poke|p1|Aerodactyl, L50, F|
|poke|p1|Kingambit, L50, M|
|poke|p1|Sneasler, L50, F|
|poke|p1|Raichu, L50, F|
|poke|p2|Incineroar, L50, M|
|poke|p2|Sneasler, L50, F|
|poke|p2|Delphox, L50, M|
|poke|p2|Kingambit, L50, M|
|poke|p2|Sinistcha, L50|
|poke|p2|Metagross, L50|
|teampreview|4
|showteam|p1|Delphox||Delphoxite|Blaze|HeatWave,Psychic,NastyPlot,Protect|Timid||M|||50|]Sinistcha||SitrusBerry|Hospitality|MatchaGotcha,LifeDew,TrickRoom,RagePowder|Calm|||||50|]Aerodactyl||FocusSash|Unnerve|RockSlide,DualWingbeat,Tailwind,WideGuard|Jolly||F|||50|]Kingambit||ChopleBerry|Defiant|KowtowCleave,SuckerPunch,IronHead,Protect|Adamant||M|||50|]Sneasler||WhiteHerb|Unburden|CloseCombat,DireClaw,FakeOut,Protect|Adamant||F|||50|]Raichu||RaichuniteY|LightningRod|ZapCannon,FocusBlast,FakeOut,Protect|Hasty||F|||50|
|showteam|p2|Incineroar||SitrusBerry|Intimidate|HelpingHand,FakeOut,PartingShot,FlareBlitz|Impish||M|||50|]Sneasler||FocusSash|Unburden|DireClaw,CloseCombat,FakeOut,QuickGuard|Jolly||F|||50|]Delphox||Delphoxite|Blaze|Protect,Psyshock,NastyPlot,HeatWave|Timid||M|||50|]Kingambit||BlackGlasses|Defiant|KowtowCleave,SuckerPunch,Protect,SwordsDance|Adamant||M|||50|]Sinistcha||KasibBerry|Hospitality|MatchaGotcha,RagePowder,Protect,LifeDew|Bold|||||50|]Metagross||Metagrossite|ClearBody|Protect,BodyPress,CosmicPower,PsychicFangs|Impish|||||50|
|inactive|Battle timer is ON: inactive players will automatically lose when time's up. (requested by ToastTopping)
|
|t:|1784869899
|teamsize|p1|4
|teamsize|p2|4
|start
|switch|p1a: Delphox|Delphox, L50, M|100/100
|switch|p1b: Sneasler|Sneasler, L50, F|100/100
|switch|p2a: Delphox|Delphox, L50, M|100/100
|switch|p2b: Sneasler|Sneasler, L50, F|100/100
|turn|1
|inactive|ToastTopping has 30 seconds left.
|inactive|nonight has 30 seconds left.
|
|t:|1784869925
|detailschange|p1a: Delphox|Delphox-Mega, L50, M
|-mega|p1a: Delphox|Delphox|Delphoxite
|detailschange|p2a: Delphox|Delphox-Mega, L50, M
|-mega|p2a: Delphox|Delphox|Delphoxite
|move|p2b: Sneasler|Fake Out|p1a: Delphox
|-damage|p1a: Delphox|78/100
|move|p1b: Sneasler|Fake Out|p2a: Delphox
|-damage|p2a: Delphox|76/100
|cant|p2a: Delphox|flinch
|cant|p1a: Delphox|flinch
|
|upkeep
|turn|2
|c|☆ToastTopping|Good turn 1
|inactive|ToastTopping has 30 seconds left.
|inactive|nonight has 30 seconds left.
|inactive|ToastTopping has 20 seconds left.
|inactive|ToastTopping has 15 seconds left.
|c|☆nonight|ye
|
|t:|1784869969
|switch|p2b: Sinistcha|Sinistcha, L50|100/100
|-heal|p2a: Delphox|100/100|[from] ability: Hospitality|[of] p2b: Sinistcha
|switch|p1b: Aerodactyl|Aerodactyl, L50, F|100/100
|-ability|p1b: Aerodactyl|Unnerve
|move|p1a: Delphox|Heat Wave|p2b: Sinistcha|[spread] p2a,p2b
|-resisted|p2a: Delphox|1
|-supereffective|p2b: Sinistcha|1
|-damage|p2a: Delphox|78/100
|-damage|p2b: Sinistcha|14/100
|move|p2a: Delphox|Nasty Plot|p2a: Delphox
|-boost|p2a: Delphox|spa|2
|
|upkeep
|turn|3
|
|t:|1784869992
|switch|p2b: Incineroar|Incineroar, L50, M|100/100
|-ability|p2b: Incineroar|Intimidate|boost
|-unboost|p1a: Delphox|atk|1
|-unboost|p1b: Aerodactyl|atk|1
|move|p2a: Delphox|Protect|p2a: Delphox
|-singleturn|p2a: Delphox|Protect
|move|p1b: Aerodactyl|Wide Guard|p1b: Aerodactyl
|-singleturn|p1b: Aerodactyl|Wide Guard
|move|p1a: Delphox|Heat Wave|p2a: Delphox|[spread] p2b
|-activate|p2a: Delphox|move: Protect
|-resisted|p2b: Incineroar|1
|-damage|p2b: Incineroar|80/100
|
|upkeep
|turn|4
|
|t:|1784870015
|move|p1a: Delphox|Protect|p1a: Delphox
|-singleturn|p1a: Delphox|Protect
|move|p2b: Incineroar|Fake Out|p1b: Aerodactyl
|-resisted|p1b: Aerodactyl|1
|-damage|p1b: Aerodactyl|91/100
|move|p2a: Delphox|Psyshock|p1b: Aerodactyl
|-damage|p1b: Aerodactyl|0 fnt
|faint|p1b: Aerodactyl
|
|upkeep
|
|t:|1784870024
|switch|p1b: Sneasler|Sneasler, L50, F|100/100
|turn|5
|
|t:|1784870044
|move|p1a: Delphox|Heat Wave|p2a: Delphox|[spread] p2b
|-miss|p1a: Delphox|p2a: Delphox
|-resisted|p2b: Incineroar|1
|-damage|p2b: Incineroar|62/100
|move|p2a: Delphox|Heat Wave|p1b: Sneasler|[spread] p1a,p1b
|-resisted|p1a: Delphox|1
|-damage|p1a: Delphox|35/100
|-damage|p1b: Sneasler|0 fnt
|faint|p1b: Sneasler
|move|p2b: Incineroar|Parting Shot|p1a: Delphox
|-unboost|p1a: Delphox|atk|1
|-unboost|p1a: Delphox|spa|1
|
|t:|1784870054
|switch|p2b: Sinistcha|Sinistcha, L50|14/100|[from] Parting Shot
|-heal|p2a: Delphox|100/100|[from] ability: Hospitality|[of] p2b: Sinistcha
|
|upkeep
|
|t:|1784870056
|switch|p1b: Kingambit|Kingambit, L50, M|100/100
|turn|6
|
|t:|1784870066
|move|p2b: Sinistcha|Rage Powder|p2b: Sinistcha
|-singleturn|p2b: Sinistcha|move: Rage Powder
|move|p1b: Kingambit|Sucker Punch||[still]
|-fail|p1b: Kingambit
|move|p2a: Delphox|Psyshock|p1a: Delphox
|-resisted|p1a: Delphox|1
|-damage|p1a: Delphox|0 fnt
|faint|p1a: Delphox
|
|upkeep
|turn|7
|
|t:|1784870075
|move|p2b: Sinistcha|Rage Powder|p2b: Sinistcha
|-singleturn|p2b: Sinistcha|move: Rage Powder
|move|p2a: Delphox|Heat Wave|p1b: Kingambit
|-supereffective|p1b: Kingambit|1
|-damage|p1b: Kingambit|0 fnt
|faint|p1b: Kingambit
|
|win|nonight
||nonight is ready for game 2.
|inactive|ToastTopping has 30 seconds to confirm battle start!
||ToastTopping is ready for game 2.
|uhtml|next|Next: Game 2 of 3
|l|☆nonight
|player|p2|
