|j|☆sr. sotomonte
|j|☆Andrea Pirlo 2
|html|sr. sotomonteAndrea Pirlo 2    
|uhtml|bestof|Game 2 of a best-of-3
|t:|1784059080
|gametype|doubles
|player|p1|sr. sotomonte|wattson|1257
|player|p2|Andrea Pirlo 2|lucas|1448
|gen|9
|tier|[Gen 9 Champions] VGC 2026 Reg M-B (Bo3)
|rated|
|rule|Species Clause: Limit one of each Pokémon
|rule|Item Clause: Limit 1 of each item
|clearpoke
|poke|p1|Froslass, L50, F|
|poke|p1|Scovillain, L50, F|
|poke|p1|Lycanroc-Dusk, L50, F|
|poke|p1|Kingambit, L50, M|
|poke|p1|Basculegion, L50, M|
|poke|p1|Sneasler, L50, M|
|poke|p2|Charizard, L50, M|
|poke|p2|Venusaur, L50, F|
|poke|p2|Grimmsnarl, L50, M|
|poke|p2|Archaludon, L50, M|
|poke|p2|Pelipper, L50, M|
|poke|p2|Swampert, L50, M|
|teampreview|4
|showteam|p1|Froslass||Froslassite|CursedBody|Blizzard,ShadowBall,AuroraVeil,Protect|Modest||F|||50|]Scovillain||Scovillainite|Moody|Overheat,GigaDrain,RagePowder,Protect|Modest||F|||50|]Lycanroc-Dusk||FocusSash|ToughClaws|RockSlide,CloseCombat,Accelerock,Protect|Adamant||F|||50|]Kingambit||BlackGlasses|Defiant|KowtowCleave,SuckerPunch,SwordsDance,Protect|Adamant||M|||50|]Basculegion||SitrusBerry|Adaptability|WaveCrash,LastRespects,AquaJet,Protect|Adamant||M|||50|]Sneasler||WhiteHerb|Unburden|CloseCombat,GunkShot,FakeOut,Protect|Adamant||M|||50|
|showteam|p2|Charizard||CharizarditeY|Blaze|HeatWave,WeatherBall,Hurricane,Protect|Modest||M|||50|]Venusaur||FocusSash|Chlorophyll|EnergyBall,SludgeBomb,EarthPower,SleepPowder|Modest||F|||50|]Grimmsnarl||LightClay|Prankster|SpiritBreak,PartingShot,Reflect,LightScreen|Careful||M|||50|]Archaludon||Leftovers|Stamina|ElectroShot,DragonPulse,FlashCannon,Protect|Modest||M|||50|]Pelipper||SitrusBerry|Drizzle|WeatherBall,Hurricane,Tailwind,Protect|Modest||M|||50|]Swampert||Swampertite|Torrent|WaveCrash,HighHorsepower,IcePunch,Protect|Adamant||M|||50|
|inactive|Battle timer is ON: inactive players will automatically lose when time's up. (requested by Andrea Pirlo 2)
|
|t:|1784059108
|teamsize|p1|4
|teamsize|p2|4
|start
|switch|p1a: Froslass|Froslass, L50, F|100/100
|switch|p1b: Sneasler|Sneasler, L50, M|100/100
|switch|p2a: Swampert|Swampert, L50, M|100/100
|switch|p2b: Grimmsnarl|Grimmsnarl, L50, M|100/100
|turn|1
|
|t:|1784059133
|detailschange|p1a: Froslass|Froslass-Mega, L50, F
|-mega|p1a: Froslass|Froslass|Froslassite
|-weather|Snowscape|[from] ability: Snow Warning|[of] p1a: Froslass
|detailschange|p2a: Swampert|Swampert-Mega, L50, M
|-mega|p2a: Swampert|Swampert|Swampertite
|move|p1b: Sneasler|Fake Out|p2b: Grimmsnarl
|-damage|p2b: Grimmsnarl|85/100
|cant|p2b: Grimmsnarl|flinch
|move|p1a: Froslass|Blizzard|p2a: Swampert|[spread] p2a,p2b
|-damage|p2a: Swampert|61/100
|-damage|p2b: Grimmsnarl|50/100g
|-status|p2b: Grimmsnarl|frz
|move|p2a: Swampert|High Horsepower|p1b: Sneasler
|-supereffective|p1b: Sneasler|1
|-damage|p1b: Sneasler|0 fnt
|faint|p1b: Sneasler
|
|-weather|Snowscape|[upkeep]
|upkeep
|inactive|sr. sotomonte has 30 seconds left.
|
|t:|1784059159
|switch|p1b: Basculegion|Basculegion, L50, M|100/100
|turn|2
|inactive|sr. sotomonte has 30 seconds left.
|
|t:|1784059185
|switch|p1a: Lycanroc|Lycanroc-Dusk, L50, F|100/100
|move|p2a: Swampert|Protect|p2a: Swampert
|-singleturn|p2a: Swampert|Protect
|cant|p2b: Grimmsnarl|frz
|move|p1b: Basculegion|Last Respects|p2a: Swampert
|-activate|p2a: Swampert|move: Protect
|
|-weather|Snowscape|[upkeep]
|upkeep
|turn|3
|
|t:|1784059206
|switch|p2a: Archaludon|Archaludon, L50, M|100/100
|cant|p2b: Grimmsnarl|frz
|move|p1a: Lycanroc|Rock Slide|p2b: Grimmsnarl|[spread] p2a,p2b
|-resisted|p2a: Archaludon|1
|-damage|p2a: Archaludon|90/100
|-damage|p2b: Grimmsnarl|19/100 frz
|-ability|p2a: Archaludon|Stamina|boost
|-boost|p2a: Archaludon|def|1
|move|p1b: Basculegion|Last Respects|p2a: Archaludon
|-damage|p2a: Archaludon|59/100
|-ability|p2a: Archaludon|Stamina|boost
|-boost|p2a: Archaludon|def|1
|
|-weather|Snowscape|[upkeep]
|-heal|p2a: Archaludon|65/100|[from] item: Leftovers
|upkeep
|turn|4
|
|t:|1784059231
|switch|p2b: Pelipper|Pelipper, L50, M|100/100
|-weather|RainDance|[from] ability: Drizzle|[of] p2b: Pelipper
|move|p1a: Lycanroc|Close Combat|p2a: Archaludon
|-supereffective|p2a: Archaludon|1
|-damage|p2a: Archaludon|25/100
|-unboost|p1a: Lycanroc|def|1
|-unboost|p1a: Lycanroc|spd|1
|-ability|p2a: Archaludon|Stamina|boost
|-boost|p2a: Archaludon|def|1
|move|p1b: Basculegion|Last Respects|p2b: Pelipper
|-crit|p2b: Pelipper
|-damage|p2b: Pelipper|3/100
|-enditem|p2b: Pelipper|Sitrus Berry|[eat]
|-heal|p2b: Pelipper|28/100|[from] item: Sitrus Berry
|move|p2a: Archaludon|Electro Shot||[still]
|-prepare|p2a: Archaludon|Electro Shot
|-boost|p2a: Archaludon|spa|1
|-anim|p2a: Archaludon|Electro Shot|p1b: Basculegion
|-supereffective|p1b: Basculegion|1
|-damage|p1b: Basculegion|0 fnt
|faint|p1b: Basculegion
|
|-weather|RainDance|[upkeep]
|-heal|p2a: Archaludon|31/100|[from] item: Leftovers
|upkeep
|
|t:|1784059253
|switch|p1b: Froslass|Froslass-Mega, L50, F|100/100
|-weather|Snowscape|[from] ability: Snow Warning|[of] p1b: Froslass
|turn|5
|
|t:|1784059266
|switch|p2b: Grimmsnarl|Grimmsnarl, L50, M|19/100 frz
|move|p2a: Archaludon|Protect|p2a: Archaludon
|-singleturn|p2a: Archaludon|Protect
|move|p1b: Froslass|Blizzard|p2b: Grimmsnarl|[spread] p2b
|-activate|p2a: Archaludon|move: Protect
|-damage|p2b: Grimmsnarl|0 fnt
|faint|p2b: Grimmsnarl
|move|p1a: Lycanroc|Close Combat|p2a: Archaludon
|-activate|p2a: Archaludon|move: Protect
|
|-weather|Snowscape|[upkeep]
|-heal|p2a: Archaludon|37/100|[from] item: Leftovers
|upkeep
|
|t:|1784059275
|switch|p2b: Swampert|Swampert-Mega, L50, M|61/100
|turn|6
|
|t:|1784059297
|switch|p2a: Pelipper|Pelipper, L50, M|28/100
|-weather|RainDance|[from] ability: Drizzle|[of] p2a: Pelipper
|move|p2b: Swampert|Wave Crash|p1b: Froslass
|-damage|p1b: Froslass|0 fnt
|faint|p1b: Froslass
|-damage|p2b: Swampert|29/100|[from] Recoil
|move|p1a: Lycanroc|Rock Slide|p2a: Pelipper|[spread] p2a,p2b
|-supereffective|p2a: Pelipper|1
|-resisted|p2b: Swampert|1
|-damage|p2a: Pelipper|0 fnt
|-damage|p2b: Swampert|15/100
|faint|p2a: Pelipper
|
|-weather|RainDance|[upkeep]
|upkeep
|
|t:|1784059306
|switch|p2a: Archaludon|Archaludon, L50, M|37/100
|turn|7
|
|t:|1784059315
|move|p1a: Lycanroc|Protect|p1a: Lycanroc
|-singleturn|p1a: Lycanroc|Protect
|move|p2b: Swampert|Ice Punch|p1a: Lycanroc
|-activate|p1a: Lycanroc|move: Protect
|move|p2a: Archaludon|Electro Shot||[still]
|-prepare|p2a: Archaludon|Electro Shot
|-boost|p2a: Archaludon|spa|1
|-anim|p2a: Archaludon|Electro Shot|p1a: Lycanroc
|-activate|p1a: Lycanroc|move: Protect
|
|-weather|RainDance|[upkeep]
|-heal|p2a: Archaludon|44/100|[from] item: Leftovers
|upkeep
|turn|8
|
|t:|1784059338
|move|p2b: Swampert|Ice Punch|p1a: Lycanroc
|-damage|p1a: Lycanroc|27/100
|move|p1a: Lycanroc|Close Combat|p2a: Archaludon
|-supereffective|p2a: Archaludon|1
|-damage|p2a: Archaludon|0 fnt
|-unboost|p1a: Lycanroc|def|1
|-unboost|p1a: Lycanroc|spd|1
|faint|p2a: Archaludon
|
|-weather|RainDance|[upkeep]
|upkeep
|turn|9
|
|t:|1784059347
|move|p1a: Lycanroc|Protect|p1a: Lycanroc
|-singleturn|p1a: Lycanroc|Protect
|move|p2b: Swampert|Ice Punch|p1a: Lycanroc
|-activate|p1a: Lycanroc|move: Protect
|
|-weather|RainDance|[upkeep]
|upkeep
|turn|10
|
|t:|1784059355
|move|p1a: Lycanroc|Accelerock|p2b: Swampert
|-resisted|p2b: Swampert|1
|-damage|p2b: Swampert|3/100
|move|p2b: Swampert|Ice Punch|p1a: Lycanroc
|-damage|p1a: Lycanroc|0 fnt
|faint|p1a: Lycanroc
|
|win|Andrea Pirlo 2
