|j|☆not a 3
|j|☆dylanpika99
|html|not a 3dylanpika99    
|uhtml|bestof|Game 1 of a best-of-3
|t:|1783060785
|gametype|doubles
|player|p1|not a 3|smasher|
|player|p2|dylanpika99|bianca|
|gen|9
|tier|[Gen 9 Champions] VGC 2026 Reg M-B (Bo3)
|rule|Species Clause: Limit one of each Pokémon
|rule|Item Clause: Limit 1 of each item
|clearpoke
|poke|p1|Raichu, L50, M|
|poke|p1|Maushold, L50|
|poke|p1|Basculegion, L50, M|
|poke|p1|Tsareena, L50, F|
|poke|p1|Sableye, L50, M|
|poke|p1|Incineroar, L50, M|
|poke|p2|Eelektross, L50, M|
|poke|p2|Grimmsnarl, L50, M|
|poke|p2|Incineroar, L50, M|
|poke|p2|Gholdengo, L50|
|poke|p2|Maushold-Four, L50|
|poke|p2|Garchomp, L50, F|
|teampreview|4
|showteam|p1|Raichu||RaichuniteY|LightningRod|ZapCannon,FocusBlast,VoltSwitch,Protect|Timid||M|||50|]Maushold||FocusSash|FriendGuard|Encore,Protect,Feint,FollowMe|Serious|||||50|]Basculegion||ChoiceScarf|Adaptability|LastRespects,WaveCrash,FlipTurn,AquaJet|Jolly||M|||50|]Tsareena||WideLens|QueenlyMajesty|PowerWhip,TripleAxel,Protect,Uturn|Adamant||F|||50|]Sableye||RoseliBerry|Prankster|Quash,Encore,Feint,FakeOut|Impish||M|||50|]Incineroar||SitrusBerry|Intimidate|FlareBlitz,Protect,FakeOut,PartingShot|Sassy||M|||50|
|showteam|p2|Eelektross||Eelektrossite|Levitate|ThunderPunch,DrainPunch,Coil,Protect|Adamant||M|||50|]Grimmsnarl||LightClay|Prankster|Reflect,LightScreen,PartingShot,SpiritBreak|Impish||M|||50|]Incineroar||Leftovers|Intimidate|FlareBlitz,PartingShot,FakeOut,WillOWisp|Careful||M|||50|]Gholdengo||LifeOrb|GoodasGold|MakeItRain,ShadowBall,NastyPlot,Protect|Modest|||||50|]Maushold-Four||SitrusBerry|FriendGuard|SuperFang,FollowMe,ThunderWave,Protect|Impish|||||50|]Garchomp||ChoiceScarf|RoughSkin|Earthquake,RockSlide,DragonClaw,IronHead|Serious||F|||50|
|inactive|Battle timer is ON: inactive players will automatically lose when time's up. (requested by dylanpika99)
|inactive|not a 3 has 60 seconds left.
|inactive|dylanpika99 has 60 seconds left.
|inactive|not a 3 has 30 seconds left.
|inactive|dylanpika99 has 30 seconds left.
|inactive|dylanpika99 has 20 seconds left.
|inactive|dylanpika99 has 15 seconds left.
|inactive|dylanpika99 has 10 seconds left.
|inactive|dylanpika99 has 5 seconds left.
|
|t:|1783060879
|teamsize|p1|4
|teamsize|p2|4
|start
|switch|p1a: okay|Incineroar, L50, M|100/100
|switch|p1b: Tsaritsa|Tsareena, L50, F|100/100
|switch|p2a: Snotsolong|Eelektross, L50, M|100/100
|switch|p2b: Grimmsnarl|Grimmsnarl, L50, M|100/100
|-ability|p1a: okay|Intimidate|boost
|-unboost|p2a: Snotsolong|atk|1
|-unboost|p2b: Grimmsnarl|atk|1
|turn|1
|inactive|dylanpika99 has 30 seconds left.
|
|t:|1783060905
|detailschange|p2a: Snotsolong|Eelektross-Mega, L50, M
|-mega|p2a: Snotsolong|Eelektross|Eelektrossite
|move|p2b: Grimmsnarl|Reflect|p2b: Grimmsnarl
|-sidestart|p2: dylanpika99|Reflect
|move|p2a: Snotsolong|Coil|p2a: Snotsolong
|-boost|p2a: Snotsolong|atk|1
|-boost|p2a: Snotsolong|def|1
|-boost|p2a: Snotsolong|accuracy|1
|move|p1b: Tsaritsa|U-turn|p2b: Grimmsnarl
|-damage|p2b: Grimmsnarl|85/100
|
|t:|1783060918
|switch|p1b: 4thCorner1st|Basculegion, L50, M|100/100|[from] U-turn
|move|p1a: okay|Parting Shot|p2a: Snotsolong
|-unboost|p2a: Snotsolong|atk|1
|-unboost|p2a: Snotsolong|spa|1
|
|t:|1783060923
|switch|p1a: IGB Blast|Raichu, L50, M|100/100|[from] Parting Shot
|
|upkeep
|turn|2
|
|t:|1783060942
|detailschange|p1a: IGB Blast|Raichu-Mega-Y, L50, M
|-mega|p1a: IGB Blast|Raichu|Raichunite Y
|move|p2b: Grimmsnarl|Parting Shot|p1a: IGB Blast
|-unboost|p1a: IGB Blast|atk|1
|-unboost|p1a: IGB Blast|spa|1
|
|t:|1783060949
|switch|p2b: Garchomp|Garchomp, L50, F|100/100|[from] Parting Shot
|move|p1b: 4thCorner1st|Flip Turn|p2b: Garchomp
|-damage|p2b: Garchomp|76/100
|-damage|p1b: 4thCorner1st|87/100|[from] ability: Rough Skin|[of] p2b: Garchomp
|
|t:|1783060954
|switch|p1b: okay|Incineroar, L50, M|100/100|[from] Flip Turn
|-ability|p1b: okay|Intimidate|boost
|-unboost|p2a: Snotsolong|atk|1
|-unboost|p2b: Garchomp|atk|1
|move|p1a: IGB Blast|Volt Switch|p2b: Garchomp
|-immune|p2b: Garchomp
|move|p2a: Snotsolong|Coil|p2a: Snotsolong
|-boost|p2a: Snotsolong|atk|1
|-boost|p2a: Snotsolong|def|1
|-boost|p2a: Snotsolong|accuracy|1
|
|upkeep
|turn|3
|inactive|dylanpika99 has 30 seconds left.
|inactive|dylanpika99 has 20 seconds left.
|inactive|dylanpika99 has 15 seconds left.
|inactive|dylanpika99 has 10 seconds left.
|
|t:|1783061004
|switch|p2b: Incineroar|Incineroar, L50, M|100/100
|-ability|p2b: Incineroar|Intimidate|boost
|-unboost|p1a: IGB Blast|atk|1
|-unboost|p1b: okay|atk|1
|move|p1a: IGB Blast|Volt Switch|p2a: Snotsolong
|-resisted|p2a: Snotsolong|1
|-damage|p2a: Snotsolong|87/100
|
|t:|1783061013
|switch|p1a: Tsaritsa|Tsareena, L50, F|100/100|[from] Volt Switch
|move|p2a: Snotsolong|Thunder Punch|p1a: Tsaritsa
|-resisted|p1a: Tsaritsa|1
|-damage|p1a: Tsaritsa|84/100
|move|p1b: okay|Parting Shot|p2a: Snotsolong
|-unboost|p2a: Snotsolong|atk|1
|-unboost|p2a: Snotsolong|spa|1
|
|t:|1783061021
|switch|p1b: IGB Blast|Raichu-Mega-Y, L50, M|100/100|[from] Parting Shot
|
|upkeep
|turn|4
|inactive|dylanpika99 has 30 seconds left.
|inactive|dylanpika99 has 20 seconds left.
|
|t:|1783061061
|move|p1b: IGB Blast|Focus Blast|p2a: Snotsolong
|-damage|p2a: Snotsolong|43/100
|move|p2a: Snotsolong|Coil|p2a: Snotsolong
|-boost|p2a: Snotsolong|atk|1
|-boost|p2a: Snotsolong|def|1
|-boost|p2a: Snotsolong|accuracy|1
|move|p1a: Tsaritsa|U-turn|p2b: Incineroar
|-damage|p2b: Incineroar|86/100
|
|t:|1783061069
|switch|p1a: okay|Incineroar, L50, M|100/100|[from] U-turn
|-ability|p1a: okay|Intimidate|boost
|-unboost|p2a: Snotsolong|atk|1
|-unboost|p2b: Incineroar|atk|1
|move|p2b: Incineroar|Parting Shot|p1b: IGB Blast
|-unboost|p1b: IGB Blast|atk|1
|-unboost|p1b: IGB Blast|spa|1
|
|t:|1783061073
|switch|p2b: Grimmsnarl|Grimmsnarl, L50, M|85/100|[from] Parting Shot
|
|upkeep
|turn|5
|
|t:|1783061090
|move|p2b: Grimmsnarl|Light Screen|p2b: Grimmsnarl
|-sidestart|p2: dylanpika99|move: Light Screen
|move|p1b: IGB Blast|Volt Switch|p2a: Snotsolong
|-resisted|p2a: Snotsolong|1
|-damage|p2a: Snotsolong|35/100
|
|t:|1783061095
|switch|p1b: Tsaritsa|Tsareena, L50, F|84/100|[from] Volt Switch
|move|p2a: Snotsolong|Drain Punch|p1b: Tsaritsa
|-damage|p1b: Tsaritsa|69/100
|-heal|p2a: Snotsolong|41/100|[from] drain|[of] p1b: Tsaritsa
|move|p1a: okay|Parting Shot|p2b: Grimmsnarl
|-unboost|p2b: Grimmsnarl|atk|1
|-unboost|p2b: Grimmsnarl|spa|1
|
|t:|1783061102
|switch|p1a: IGB Blast|Raichu-Mega-Y, L50, M|100/100|[from] Parting Shot
|
|upkeep
|turn|6
|
|t:|1783061125
|move|p2b: Grimmsnarl|Parting Shot||[still]
|cant|p1b: Tsaritsa|ability: Queenly Majesty|Parting Shot|[of] p2b: Grimmsnarl
|move|p1a: IGB Blast|Focus Blast|p2a: Snotsolong
|-damage|p2a: Snotsolong|13/100
|move|p2a: Snotsolong|Drain Punch|p1a: IGB Blast
|-damage|p1a: IGB Blast|70/100
|-heal|p2a: Snotsolong|24/100|[from] drain|[of] p1a: IGB Blast
|move|p1b: Tsaritsa|Triple Axel|p2b: Grimmsnarl
|-damage|p2b: Grimmsnarl|80/100
|-damage|p2b: Grimmsnarl|71/100
|-hitcount|p2b: Grimmsnarl|2
|
|upkeep
|turn|7
|
|t:|1783061141
|move|p2a: Snotsolong|Protect|p2a: Snotsolong
|-singleturn|p2a: Snotsolong|Protect
|move|p1a: IGB Blast|Focus Blast|p2a: Snotsolong
|-activate|p2a: Snotsolong|move: Protect
|move|p1b: Tsaritsa|Triple Axel|p2a: Snotsolong
|-activate|p2a: Snotsolong|move: Protect
|move|p2b: Grimmsnarl|Spirit Break|p1a: IGB Blast
|-crit|p1a: IGB Blast
|-damage|p1a: IGB Blast|0 fnt
|faint|p1a: IGB Blast
|
|upkeep
|
|t:|1783061147
|switch|p1a: okay|Incineroar, L50, M|100/100
|-ability|p1a: okay|Intimidate|boost
|-unboost|p2a: Snotsolong|atk|1
|-unboost|p2b: Grimmsnarl|atk|1
|turn|8
|
|t:|1783061169
|switch|p2b: Garchomp|Garchomp, L50, F|76/100
|move|p2a: Snotsolong|Drain Punch|p1a: okay
|-supereffective|p1a: okay|1
|-damage|p1a: okay|77/100
|-heal|p2a: Snotsolong|35/100|[from] drain|[of] p1a: okay
|move|p1b: Tsaritsa|Power Whip|p2b: Garchomp
|-damage|p2b: Garchomp|34/100
|-damage|p1b: Tsaritsa|57/100|[from] ability: Rough Skin|[of] p2b: Garchomp
|move|p1a: okay|Parting Shot|p2b: Garchomp
|-unboost|p2b: Garchomp|atk|1
|-unboost|p2b: Garchomp|spa|1
|
|t:|1783061182
|switch|p1a: 4thCorner1st|Basculegion, L50, M|87/100|[from] Parting Shot
|
|-sideend|p2: dylanpika99|Reflect
|upkeep
|turn|9
|inactive|dylanpika99 has 30 seconds left.
|
|t:|1783061212
|switch|p2b: Incineroar|Incineroar, L50, M|86/100
|-ability|p2b: Incineroar|Intimidate|boost
|-unboost|p1a: 4thCorner1st|atk|1
|-unboost|p1b: Tsaritsa|atk|1
|move|p2a: Snotsolong|Protect|p2a: Snotsolong
|-singleturn|p2a: Snotsolong|Protect
|move|p1a: 4thCorner1st|Flip Turn|p2a: Snotsolong
|-activate|p2a: Snotsolong|move: Protect
|move|p1b: Tsaritsa|Triple Axel|p2b: Incineroar
|-resisted|p2b: Incineroar|1
|-damage|p2b: Incineroar|84/100
|-resisted|p2b: Incineroar|1
|-damage|p2b: Incineroar|80/100
|-resisted|p2b: Incineroar|1
|-damage|p2b: Incineroar|74/100
|-hitcount|p2b: Incineroar|3
|
|-heal|p2b: Incineroar|80/100|[from] item: Leftovers
|upkeep
|turn|10
|inactive|dylanpika99 has 30 seconds left.
|inactive|dylanpika99 has 20 seconds left.
|inactive|dylanpika99 has 15 seconds left.
|inactive|dylanpika99 has 10 seconds left.
|
|t:|1783061257
|move|p1a: 4thCorner1st|Flip Turn|p2b: Incineroar
|-supereffective|p2b: Incineroar|1
|-crit|p2b: Incineroar
|-damage|p2b: Incineroar|0 fnt
|faint|p2b: Incineroar
|
|t:|1783061262
|switch|p1a: okay|Incineroar, L50, M|77/100|[from] Flip Turn
|-ability|p1a: okay|Intimidate|boost
|-unboost|p2a: Snotsolong|atk|1
|move|p2a: Snotsolong|Drain Punch|p1a: okay
|-supereffective|p1a: okay|1
|-damage|p1a: okay|61/100
|-heal|p2a: Snotsolong|42/100|[from] drain|[of] p1a: okay
|move|p1b: Tsaritsa|U-turn|p2a: Snotsolong
|-damage|p2a: Snotsolong|36/100
|
|t:|1783061272
|switch|p1b: 4thCorner1st|Basculegion, L50, M|87/100|[from] U-turn
|
|upkeep
|
|t:|1783061282
|switch|p2b: Grimmsnarl|Grimmsnarl, L50, M|71/100
|turn|11
|
|t:|1783061297
|move|p1a: okay|Fake Out|p2a: Snotsolong
|-damage|p2a: Snotsolong|31/100
|move|p2b: Grimmsnarl|Reflect|p2b: Grimmsnarl
|-sidestart|p2: dylanpika99|Reflect
|move|p1b: 4thCorner1st|Wave Crash|p2b: Grimmsnarl
|-damage|p2b: Grimmsnarl|26/100
|-damage|p1b: 4thCorner1st|72/100|[from] Recoil
|cant|p2a: Snotsolong|flinch
|
|upkeep
|turn|12
|
|t:|1783061321
|switch|p1b: Tsaritsa|Tsareena, L50, F|57/100
|move|p2b: Grimmsnarl|Parting Shot||[still]
|cant|p1b: Tsaritsa|ability: Queenly Majesty|Parting Shot|[of] p2b: Grimmsnarl
|move|p2a: Snotsolong|Drain Punch|p1a: okay
|-supereffective|p1a: okay|1
|-damage|p1a: okay|42/100
|-heal|p2a: Snotsolong|40/100|[from] drain|[of] p1a: okay
|-enditem|p1a: okay|Sitrus Berry|[eat]
|-heal|p1a: okay|67/100|[from] item: Sitrus Berry
|move|p1a: okay|Flare Blitz|p2b: Grimmsnarl
|-damage|p2b: Grimmsnarl|0 fnt
|faint|p2b: Grimmsnarl
|-damage|p1a: okay|58/100|[from] Recoil
|
|-sideend|p2: dylanpika99|move: Light Screen
|upkeep
|
|t:|1783061330
|switch|p2b: Garchomp|Garchomp, L50, F|34/100
|turn|13
|
|t:|1783061348
|move|p1a: okay|Protect|p1a: okay
|-singleturn|p1a: okay|Protect
|move|p2b: Garchomp|Rock Slide|p1a: okay|[spread] p1b
|-activate|p1a: okay|move: Protect
|-damage|p1b: Tsaritsa|37/100
|move|p2a: Snotsolong|Drain Punch|p1b: Tsaritsa
|-damage|p1b: Tsaritsa|26/100
|-heal|p2a: Snotsolong|45/100|[from] drain|[of] p1b: Tsaritsa
|move|p1b: Tsaritsa|Triple Axel|p2b: Garchomp
|-supereffective|p2b: Garchomp|2
|-damage|p2b: Garchomp|14/100
|-damage|p1b: Tsaritsa|14/100|[from] ability: Rough Skin|[of] p2b: Garchomp
|-supereffective|p2b: Garchomp|2
|-damage|p2b: Garchomp|0 fnt
|-damage|p1b: Tsaritsa|2/100|[from] ability: Rough Skin|[of] p2b: Garchomp
|faint|p2b: Garchomp
|-hitcount|p2: Garchomp|2
|
|upkeep
|turn|14
|inactive|not a 3 has 30 seconds left.
|
|t:|1783061374
|move|p1b: Tsaritsa|Protect|p1b: Tsaritsa
|-singleturn|p1b: Tsaritsa|Protect
|move|p1a: okay|Protect|p1a: okay
|-singleturn|p1a: okay|Protect
|move|p2a: Snotsolong|Thunder Punch|p1a: okay
|-activate|p1a: okay|move: Protect
|
|upkeep
|turn|15
|inactive|dylanpika99 has 30 seconds left.
|inactive|dylanpika99 has 20 seconds left.
|inactive|dylanpika99 has 15 seconds left.
|inactive|dylanpika99 has 10 seconds left.
|
|t:|1783061424
|move|p2a: Snotsolong|Thunder Punch|p1b: Tsaritsa
|-resisted|p1b: Tsaritsa|1
|-damage|p1b: Tsaritsa|0 fnt
|faint|p1b: Tsaritsa
|-ability|p2a: Snotsolong|Eelevate|boost
|-boost|p2a: Snotsolong|atk|1
|move|p1a: okay|Flare Blitz|p2a: Snotsolong
|-damage|p2a: Snotsolong|31/100
|-damage|p1a: okay|53/100|[from] Recoil
|
|upkeep
|
|t:|1783061434
|switch|p1b: 4thCorner1st|Basculegion, L50, M|72/100
|turn|16
|
|t:|1783061446
|move|p1b: 4thCorner1st|Last Respects|p2a: Snotsolong
|-crit|p2a: Snotsolong
|-damage|p2a: Snotsolong|0 fnt
|faint|p2a: Snotsolong
|
|win|not a 3
||dylanpika99 is ready for game 2.
|inactive|not a 3 has 30 seconds to confirm battle start!
|inactive|not a 3 has 20 seconds to confirm battle start!
||not a 3 is ready for game 2.
|uhtml|next|Next: Game 2 of 3
|l|☆not a 3
|player|p1|
