|j|☆i1i1<i113raxcoquette    
|uhtml|bestof|Game 1 of a best-of-3
|t:|1784087732
|gametype|doubles
|player|p1|i1<i113r|265|1202
|player|p2|axcoquette|maid|1249
|gen|9
|tier|[Gen 9 Champions] VGC 2026 Reg M-B (Bo3)
|rated|
|rule|Species Clause: Limit one of each Pokémon
|rule|Item Clause: Limit 1 of each item
|clearpoke
|poke|p1|Pelipper, L50, F|
|poke|p1|Swampert, L50, F|
|poke|p1|Archaludon, L50, M|
|poke|p1|Sinistcha-Masterpiece, L50|
|poke|p1|Sableye, L50, F|
|poke|p1|Scizor, L50, M|
|poke|p2|Ceruledge, L50, M|
|poke|p2|Starmie, L50|
|poke|p2|Sylveon, L50, M|
|poke|p2|Raichu, L50, M|
|poke|p2|Sinistcha-Masterpiece, L50|
|poke|p2|Milotic, L50, F|
|teampreview|4
|showteam|p1|Pelipper||FocusSash|Drizzle|WideGuard,Hurricane,HelpingHand,Tailwind|Bold||F|||50|]Swampert||Swampertite|Torrent|WaveCrash,Protect,Earthquake,IcePunch|Adamant||F|||50|]Archaludon||Leftovers|Stamina|ElectroShot,FlashCannon,DragonPulse,Protect|Calm||M|||50|]Sinistcha-Masterpiece||ColburBerry|Hospitality|RagePowder,TrickRoom,MatchaGotcha,LifeDew|Bold|||||50|]Sableye||RoseliBerry|Prankster|FakeOut,RainDance,Encore,Disable|Careful||F|||50|]Scizor||Scizorite|Technician|SwordsDance,BulletPunch,BugBite,Protect|Adamant||M|||50|
|showteam|p2|Ceruledge||ColburBerry|FlashFire|BitterBlade,ShadowSneak,BulkUp,Protect|Impish||M|||50|]Starmie||Starminite|Illuminate|Liquidation,IceSpinner,AquaJet,Protect|Adamant|||||50|]Sylveon||FairyFeather|Pixilate|HyperVoice,HyperBeam,QuickAttack,Protect|Modest||M|||50|]Raichu||RaichuniteY|LightningRod|FakeOut,FocusBlast,ZapCannon,Protect|Timid||M|||50|]Sinistcha-Masterpiece||OccaBerry|Hospitality|MatchaGotcha,LifeDew,RagePowder,TrickRoom|Bold|||||50|]Milotic||Leftovers|Competitive|Coil,Hypnosis,MuddyWater,Recover|Calm||F|||50|
|inactive|Battle timer is ON: inactive players will automatically lose when time's up. (requested by axcoquette)
|inactive|i1<i113r has 60 seconds left.
|inactive|axcoquette has 60 seconds left.
|
|t:|1784087778
|teamsize|p1|4
|teamsize|p2|4
|start
|switch|p1a: Scizor|Scizor, L50, M|100/100
|switch|p1b: Sableye|Sableye, L50, F|100/100
|switch|p2a: Milotic|Milotic, L50, F|100/100
|switch|p2b: Sylveon|Sylveon, L50, M|100/100
|turn|1
|
|t:|1784087802
|switch|p2b: Sinistcha|Sinistcha-Masterpiece, L50|100/100
|detailschange|p1a: Scizor|Scizor-Mega, L50, M
|-mega|p1a: Scizor|Scizor|Scizorite
|move|p1b: Sableye|Fake Out|p2a: Milotic
|-damage|p2a: Milotic|93/100
|cant|p2a: Milotic|flinch
|move|p1a: Scizor|Swords Dance|p1a: Scizor
|-boost|p1a: Scizor|atk|2
|
|-heal|p2a: Milotic|99/100|[from] item: Leftovers
|upkeep
|turn|2
|
|t:|1784087823
|move|p1b: Sableye|Rain Dance|p1b: Sableye
|-weather|RainDance
|move|p2a: Milotic|Coil|p2a: Milotic
|-boost|p2a: Milotic|atk|1
|-boost|p2a: Milotic|def|1
|-boost|p2a: Milotic|accuracy|1
|move|p1a: Scizor|Bug Bite|p2b: Sinistcha
|-damage|p2b: Sinistcha|19/100
|-enditem|p2b: Sinistcha|Occa Berry|[from] stealeat|[move] Bug Bite|[of] p1a: Scizor
|move|p2b: Sinistcha|Matcha Gotcha|p1a: Scizor|[spread] p1a,p1b
|-resisted|p1a: Scizor|2
|-damage|p1a: Scizor|93/100
|-heal|p2b: Sinistcha|22/100|[from] drain|[of] p1a: Scizor
|-damage|p1b: Sableye|76/100
|-heal|p2b: Sinistcha|33/100|[from] drain|[of] p1b: Sableye
|
|-weather|RainDance|[upkeep]
|-heal|p2a: Milotic|100/100|[from] item: Leftovers
|upkeep
|turn|3
|
|t:|1784087844
|switch|p2b: Sylveon|Sylveon, L50, M|100/100
|move|p1a: Scizor|Bullet Punch|p2b: Sylveon
|-supereffective|p2b: Sylveon|1
|-damage|p2b: Sylveon|0 fnt
|faint|p2b: Sylveon
|move|p1b: Sableye|Encore|p2a: Milotic
|-start|p2a: Milotic|Encore
|move|p2a: Milotic|Coil|p2a: Milotic
|-boost|p2a: Milotic|atk|1
|-boost|p2a: Milotic|def|1
|-boost|p2a: Milotic|accuracy|1
|
|-weather|RainDance|[upkeep]
|upkeep
|
|t:|1784087854
|switch|p2b: Raichu|Raichu, L50, M|100/100
|turn|4
|
|t:|1784087867
|detailschange|p2b: Raichu|Raichu-Mega-Y, L50, M
|-mega|p2b: Raichu|Raichu|Raichunite Y
|move|p1a: Scizor|Protect|p1a: Scizor
|-singleturn|p1a: Scizor|Protect
|move|p1b: Sableye|Disable|p2a: Milotic
|-start|p2a: Milotic|Disable|Coil
|move|p2b: Raichu|Zap Cannon|p1a: Scizor
|-activate|p1a: Scizor|move: Protect
|cant|p2a: Milotic|Disable|Coil
|
|-weather|RainDance|[upkeep]
|upkeep
|turn|5
|-message|axcoquette forfeited.
|
|win|i1<i113r
