|j|☆Chirpin' Chatots
|j|☆ChronoZer0
|html|Chirpin' ChatotsChronoZer0    
|uhtml|bestof|Game 2 of a best-of-3
|t:|1784247278
|gametype|doubles
|player|p1|Chirpin' Chatots|169|
|player|p2|ChronoZer0|cynthia-gen4|
|gen|9
|tier|[Gen 9 Champions] VGC 2026 Reg M-B (Bo3)
|rule|Species Clause: Limit one of each Pokémon
|rule|Item Clause: Limit 1 of each item
|clearpoke
|poke|p1|Dragonite, L50, F, shiny|
|poke|p1|Audino, L50, F, shiny|
|poke|p1|Jolteon, L50, F|
|poke|p1|Farigiraf, L50, M|
|poke|p1|Samurott-Hisui, L50, M|
|poke|p1|Klefki, L50, M, shiny|
|poke|p2|Charizard, L50, F, shiny|
|poke|p2|Aerodactyl, L50, F, shiny|
|poke|p2|Sylveon, L50, M, shiny|
|poke|p2|Heliolisk, L50, M, shiny|
|poke|p2|Mamoswine, L50, M, shiny|
|poke|p2|Sneasler, L50, M, shiny|
|teampreview|4
|showteam|p1|Dragonite||Dragoninite|Multiscale|ScaleShot,RockSlide,HelpingHand,IronHead|Adamant||F|||50|]Audino||SitrusBerry|Regenerator|AllySwitch,IcyWind,LifeDew,HelpingHand|Bold||F|||50|]Jolteon||ChoiceScarf|VoltAbsorb|HyperBeam,Thunderbolt,VoltSwitch,WeatherBall|Modest||F|||50|]Farigiraf||LifeOrb|ArmorTail|TrickRoom,AllySwitch,TwinBeam,HelpingHand|Quiet||M|||50|]Samurott-Hisui||ChopleBerry|Sharpness|ThroatChop,SacredSword,Detect,AerialAce|Naughty||M|||50|]Klefki||IronBall|Prankster|Switcheroo,SunnyDay,SteelBeam,Psychic|Calm||M|||50|
|showteam|p2|Charizard||CharizarditeY|Blaze|WeatherBall,DragonPulse,Protect,HeatWave|Timid||F|||50|]Aerodactyl||FocusSash|Unnerve|RockSlide,Tailwind,Protect,IceFang|Jolly||F|||50|]Sylveon||FairyFeather|Pixilate|HyperVoice,HyperBeam,QuickAttack,Detect|Modest||M|||50|]Heliolisk||SitrusBerry|DrySkin|WeatherBall,Thunderbolt,Protect,DragonPulse|Timid||M|||50|]Mamoswine||LifeOrb|Oblivious|IceShard,IcicleCrash,Protect,HighHorsepower|Adamant||M|||50|]Sneasler||WhiteHerb|Unburden|DireClaw,CloseCombat,Protect,FakeOut|Adamant||M|||50|
|
|t:|1784247317
|teamsize|p1|4
|teamsize|p2|4
|start
|switch|p1a: Goodnite-Mega|Dragonite, L50, F, shiny|100/100
|switch|p1b: But WHY?|Audino, L50, F, shiny|100/100
|switch|p2a: Charizard|Charizard, L50, F, shiny|100/100
|switch|p2b: Sneasler|Sneasler, L50, M, shiny|100/100
|turn|1
|
|t:|1784247352
|detailschange|p2a: Charizard|Charizard-Mega-Y, L50, F, shiny
|-mega|p2a: Charizard|Charizard|Charizardite Y
|-weather|SunnyDay|[from] ability: Drought|[of] p2a: Charizard
|detailschange|p1a: Goodnite-Mega|Dragonite-Mega, L50, F, shiny
|-mega|p1a: Goodnite-Mega|Dragonite|Dragoninite
|move|p2b: Sneasler|Fake Out|p1b: But WHY?
|-damage|p1b: But WHY?|88/100
|move|p2a: Charizard|Dragon Pulse|p1a: Goodnite-Mega
|-supereffective|p1a: Goodnite-Mega|1
|-damage|p1a: Goodnite-Mega|70/100
|move|p1a: Goodnite-Mega|Scale Shot|p2b: Sneasler
|-damage|p2b: Sneasler|77/100
|-damage|p2b: Sneasler|52/100
|-damage|p2b: Sneasler|28/100
|-hitcount|p2b: Sneasler|3
|-unboost|p1a: Goodnite-Mega|def|1
|-boost|p1a: Goodnite-Mega|spe|1
|cant|p1b: But WHY?|flinch
|
|-weather|SunnyDay|[upkeep]
|upkeep
|turn|2
|
|t:|1784247417
|move|p1a: Goodnite-Mega|Rock Slide|p2a: Charizard|[spread] p2a,p2b
|-supereffective|p2a: Charizard|2
|-resisted|p2b: Sneasler|1
|-damage|p2a: Charizard|0 fnt
|-damage|p2b: Sneasler|10/100
|faint|p2a: Charizard
|move|p2b: Sneasler|Dire Claw|p1b: But WHY?
|-damage|p1b: But WHY?|52/100
|move|p1b: But WHY?|Life Dew|p1b: But WHY?|[spread] p1a,p1b
|-heal|p1a: Goodnite-Mega|95/100
|-heal|p1b: But WHY?|77/100
|
|-weather|SunnyDay|[upkeep]
|upkeep
|
|t:|1784247434
|switch|p2a: Sylveon|Sylveon, L50, M, shiny|100/100
|turn|3
|
|t:|1784247479
|move|p1b: But WHY?|Helping Hand|p1a: Goodnite-Mega
|-singleturn|p1a: Goodnite-Mega|Helping Hand|[of] p1b: But WHY?
|move|p2b: Sneasler|Protect|p2b: Sneasler
|-singleturn|p2b: Sneasler|Protect
|move|p1a: Goodnite-Mega|Iron Head|p2a: Sylveon
|-supereffective|p2a: Sylveon|1
|-damage|p2a: Sylveon|17/100
|move|p2a: Sylveon|Hyper Voice|p1a: Goodnite-Mega|[spread] p1a,p1b
|-supereffective|p1a: Goodnite-Mega|1
|-damage|p1a: Goodnite-Mega|29/100
|-damage|p1b: But WHY?|36/100
|-enditem|p1b: But WHY?|Sitrus Berry|[eat]
|-heal|p1b: But WHY?|60/100|[from] item: Sitrus Berry
|
|-weather|SunnyDay|[upkeep]
|upkeep
|turn|4
|
|t:|1784247507
|move|p2a: Sylveon|Quick Attack|p1a: Goodnite-Mega
|-supereffective|p1a: Goodnite-Mega|1
|-damage|p1a: Goodnite-Mega|0 fnt
|faint|p1a: Goodnite-Mega
|move|p2b: Sneasler|Close Combat|p1b: But WHY?
|-supereffective|p1b: But WHY?|1
|-damage|p1b: But WHY?|0 fnt
|-unboost|p2b: Sneasler|def|1
|-unboost|p2b: Sneasler|spd|1
|faint|p1b: But WHY?
|-enditem|p2b: Sneasler|White Herb
|-clearnegativeboost|p2b: Sneasler|[silent]
|
|-weather|SunnyDay|[upkeep]
|upkeep
|
|t:|1784247519
|switch|p1a: BabyToy|Klefki, L50, M, shiny|100/100
|switch|p1b: Keldeo-Temu|Samurott-Hisui, L50, M|100/100
|turn|5
|
|t:|1784247572
|switch|p2b: Mamoswine|Mamoswine, L50, M, shiny|100/100
|move|p1b: Keldeo-Temu|Detect|p1b: Keldeo-Temu
|-singleturn|p1b: Keldeo-Temu|Protect
|move|p1a: BabyToy|Switcheroo|p2b: Mamoswine
|-activate|p1a: BabyToy|move: Trick|[of] p2b: Mamoswine
|-item|p2b: Mamoswine|Iron Ball|[from] move: Switcheroo
|-item|p1a: BabyToy|Life Orb|[from] move: Switcheroo
|move|p2a: Sylveon|Hyper Beam|p1b: Keldeo-Temu
|-activate|p1b: Keldeo-Temu|move: Protect
|
|-weather|none
|upkeep
|turn|6
|
|t:|1784247618
|move|p2a: Sylveon|Detect|p2a: Sylveon
|-singleturn|p2a: Sylveon|Protect
|move|p1b: Keldeo-Temu|Aerial Ace|p2a: Sylveon
|-activate|p2a: Sylveon|move: Protect
|move|p1a: BabyToy|Steel Beam|p2b: Mamoswine
|-supereffective|p2b: Mamoswine|1
|-damage|p2b: Mamoswine|0 fnt
|faint|p2b: Mamoswine
|-damage|p1a: BabyToy|49/100|[from] steelbeam
|-damage|p1a: BabyToy|39/100|[from] item: Life Orb
|
|upkeep
|
|t:|1784247629
|switch|p2b: Sneasler|Sneasler, L50, M, shiny|10/100
|turn|7
|
|t:|1784247679
|move|p1b: Keldeo-Temu|Detect|p1b: Keldeo-Temu
|-singleturn|p1b: Keldeo-Temu|Protect
|move|p2b: Sneasler|Fake Out|p1b: Keldeo-Temu
|-activate|p1b: Keldeo-Temu|move: Protect
|move|p1a: BabyToy|Switcheroo|p2b: Sneasler
|-activate|p1a: BabyToy|move: Trick|[of] p2b: Sneasler
|-item|p2b: Sneasler|Life Orb|[from] move: Switcheroo
|-enditem|p1a: BabyToy|Life Orb|[silent]|[from] move: Switcheroo
|move|p2a: Sylveon|Hyper Voice|p1b: Keldeo-Temu|[spread] p1a
|-activate|p1b: Keldeo-Temu|move: Protect
|-resisted|p1a: BabyToy|1
|-damage|p1a: BabyToy|17/100
|
|upkeep
|turn|8
|
|t:|1784247718
|move|p2b: Sneasler|Close Combat|p1b: Keldeo-Temu
|-supereffective|p1b: Keldeo-Temu|1
|-enditem|p1b: Keldeo-Temu|Chople Berry|[eat]
|-enditem|p1b: Keldeo-Temu|Chople Berry|[weaken]
|-damage|p1b: Keldeo-Temu|0 fnt
|-unboost|p2b: Sneasler|def|1
|-unboost|p2b: Sneasler|spd|1
|faint|p1b: Keldeo-Temu
|-damage|p2b: Sneasler|1/100|[from] item: Life Orb
|move|p1a: BabyToy|Psychic|p2b: Sneasler
|-supereffective|p2b: Sneasler|2
|-damage|p2b: Sneasler|0 fnt
|faint|p2b: Sneasler
|move|p2a: Sylveon|Hyper Beam|p1a: BabyToy
|-resisted|p1a: BabyToy|1
|-damage|p1a: BabyToy|0 fnt
|-mustrecharge|p2a: Sylveon
|faint|p1a: BabyToy
|
|win|ChronoZer0
|c|☆Chirpin' Chatots|damn
|c|☆Chirpin' Chatots|GG
