|j|☆TheLambasEffigy
|j|☆Gus_0Z
|html|TheLambasEffigyGus_0Z    
|uhtml|bestof|Game 3 of a best-of-3
|t:|1782598982
|gametype|doubles
|player|p1|TheLambasEffigy|1|1195
|player|p2|Gus_0Z|volo|1227
|gen|9
|tier|[Gen 9 Champions] VGC 2026 Reg M-B (Bo3)
|rated|
|rule|Species Clause: Limit one of each Pokémon
|rule|Item Clause: Limit 1 of each item
|clearpoke
|poke|p1|Delphox, L50, F|
|poke|p1|Tsareena, L50, F|
|poke|p1|Azumarill, L50, F|
|poke|p1|Garchomp, L50, M|
|poke|p1|Grimmsnarl, L50, M|
|poke|p1|Aerodactyl, L50, M|
|poke|p2|Scovillain, L50, F|
|poke|p2|Kingambit, L50, M|
|poke|p2|Sylveon, L50, M|
|poke|p2|Kommo-o, L50, F|
|poke|p2|Aerodactyl, L50, F|
|poke|p2|Basculegion, L50, M|
|teampreview|4
|showteam|p1|Delphox||Delphoxite|Blaze|HeatWave,Psyshock,Protect,NastyPlot|Timid||F|||50|]Tsareena||ChoiceScarf|QueenlyMajesty|TropKick,TripleAxel,LowKick,Uturn|Jolly||F|||50|]Azumarill||LumBerry|HugePower|AquaJet,GrassKnot,Protect,Encore|Adamant||F|||50|]Garchomp||LifeOrb|RoughSkin|Earthquake,StompingTantrum,Protect,RockSlide|Adamant||M|||50|]Grimmsnarl||LightClay|Prankster|Swagger,Reflect,FakeOut,PartingShot|Relaxed||M|||50|]Aerodactyl||Aerodactylite|Unnerve|Tailwind,DualWingbeat,Protect,RockSlide|Jolly||M|||50|
|showteam|p2|Scovillain||Scovillainite|Moody|Overheat,LeechSeed,RagePowder,Protect|Bold||F|||50|]Kingambit||LifeOrb|Defiant|IronHead,KowtowCleave,SuckerPunch,Protect|Adamant||M|||50|]Sylveon||FairyFeather|Pixilate|HyperVoice,HyperBeam,QuickAttack,Detect|Modest||M|||50|]Kommo-o||Leftovers|Soundproof|Protect,ClangorousSoul,ClangingScales,AuraSphere|Timid||F|||50|]Aerodactyl||Aerodactylite|Unnerve|Tailwind,RockSlide,DualWingbeat,Protect|Jolly||F|||50|]Basculegion||MysticWater|Adaptability|WaveCrash,LastRespects,AquaJet,Protect|Adamant||M|||50|
|inactive|Battle timer is ON: inactive players will automatically lose when time's up. (requested by TheLambasEffigy)
|
|t:|1782599005
|teamsize|p1|4
|teamsize|p2|4
|start
|switch|p1a: Aerodactyl|Aerodactyl, L50, M|100/100
|switch|p1b: Tsareena|Tsareena, L50, F|100/100
|switch|p2a: Scovillain|Scovillain, L50, F|100/100
|switch|p2b: Kingambit|Kingambit, L50, M|100/100
|-ability|p1a: Aerodactyl|Unnerve
|turn|1
|inactive|TheLambasEffigy has 30 seconds left.
|
|t:|1782599035
|switch|p1b: Garchomp|Garchomp, L50, M|100/100
|move|p2a: Scovillain|Protect|p2a: Scovillain
|-singleturn|p2a: Scovillain|Protect
|move|p2b: Kingambit|Protect|p2b: Kingambit
|-singleturn|p2b: Kingambit|Protect
|move|p1a: Aerodactyl|Tailwind|p1a: Aerodactyl
|-sidestart|p1: TheLambasEffigy|move: Tailwind
|
|-ability|p2a: Scovillain|Moody|boost
|-boost|p2a: Scovillain|atk|2
|-unboost|p2a: Scovillain|def|1
|upkeep
|turn|2
|
|t:|1782599057
|detailschange|p2a: Scovillain|Scovillain-Mega, L50, F
|-mega|p2a: Scovillain|Scovillain|Scovillainite
|move|p2a: Scovillain|Rage Powder|p2a: Scovillain
|-singleturn|p2a: Scovillain|move: Rage Powder
|move|p1a: Aerodactyl|Dual Wingbeat|p2a: Scovillain
|-supereffective|p2a: Scovillain|1
|-damage|p2a: Scovillain|54/100
|-status|p1a: Aerodactyl|brn|[from] ability: Spicy Spray|[of] p2a: Scovillain
|-supereffective|p2a: Scovillain|1
|-damage|p2a: Scovillain|31/100
|-hitcount|p2a: Scovillain|2
|move|p1b: Garchomp|Earthquake|p2b: Kingambit|[spread] p2a,p2b
|-immune|p1a: Aerodactyl
|-supereffective|p2b: Kingambit|1
|-damage|p2a: Scovillain|0 fnt
|-damage|p2b: Kingambit|16/100
|-status|p1b: Garchomp|brn|[from] ability: Spicy Spray|[of] p2a: Scovillain
|faint|p2a: Scovillain
|-damage|p1b: Garchomp|90/100 brn|[from] item: Life Orb
|move|p2b: Kingambit|Iron Head|p1a: Aerodactyl
|-supereffective|p1a: Aerodactyl|1
|-damage|p1a: Aerodactyl|0 fnt
|faint|p1a: Aerodactyl
|-damage|p2b: Kingambit|7/100|[from] item: Life Orb
|
|-damage|p1b: Garchomp|84/100 brn|[from] brn
|upkeep
|
|t:|1782599077
|switch|p1a: Delphox|Delphox, L50, F|100/100
|switch|p2a: Sylveon|Sylveon, L50, M|100/100
|turn|3
|
|t:|1782599087
|detailschange|p1a: Delphox|Delphox-Mega, L50, F
|-mega|p1a: Delphox|Delphox|Delphoxite
|move|p2b: Kingambit|Protect|p2b: Kingambit
|-singleturn|p2b: Kingambit|Protect
|move|p1a: Delphox|Nasty Plot|p1a: Delphox
|-boost|p1a: Delphox|spa|2
|move|p1b: Garchomp|Earthquake|p2b: Kingambit|[spread] p2a
|-activate|p2b: Kingambit|move: Protect
|-immune|p1a: Delphox|[from] ability: Levitate
|-damage|p2a: Sylveon|66/100
|-damage|p1b: Garchomp|74/100 brn|[from] item: Life Orb
|move|p2a: Sylveon|Hyper Voice|p1a: Delphox|[spread] p1a,p1b
|-resisted|p1a: Delphox|1
|-supereffective|p1b: Garchomp|1
|-damage|p1a: Delphox|76/100
|-damage|p1b: Garchomp|0 fnt
|faint|p1b: Garchomp
|
|upkeep
|
|t:|1782599100
|switch|p1b: Tsareena|Tsareena, L50, F|100/100
|turn|4
|inactive|Gus_0Z has 30 seconds left.
|
|t:|1782599135
|move|p1a: Delphox|Protect|p1a: Delphox
|-singleturn|p1a: Delphox|Protect
|move|p2a: Sylveon|Detect|p2a: Sylveon
|-singleturn|p2a: Sylveon|Protect
|move|p1b: Tsareena|Trop Kick|p2b: Kingambit
|-resisted|p2b: Kingambit|1
|-damage|p2b: Kingambit|0 fnt
|faint|p2b: Kingambit
|
|-sideend|p1: TheLambasEffigy|move: Tailwind
|upkeep
|
|t:|1782599142
|switch|p2b: Basculegion|Basculegion, L50, M|100/100
|turn|5
|
|t:|1782599149
|move|p2b: Basculegion|Protect|p2b: Basculegion
|-singleturn|p2b: Basculegion|Protect
|move|p1b: Tsareena|Trop Kick|p2b: Basculegion
|-activate|p2b: Basculegion|move: Protect
|move|p1a: Delphox|Heat Wave|p2b: Basculegion|[spread] p2a
|-activate|p2b: Basculegion|move: Protect
|-damage|p2a: Sylveon|0 fnt
|faint|p2a: Sylveon
|
|upkeep
|turn|6
|
|t:|1782599160
|move|p1a: Delphox|Psyshock|p2b: Basculegion
|-damage|p2b: Basculegion|0 fnt
|faint|p2b: Basculegion
|
|win|TheLambasEffigy
|raw|TheLambasEffigy's rating: 1195 → 1222(+27 for winning)
|raw|Gus_0Z's rating: 1227 → 1200(-27 for losing)
|l|☆Gus_0Z
|player|p2|
