|j|☆LunarLooser
|j|☆jussdoit
|html|LunarLooserjussdoit    
|uhtml|bestof|Game 1 of a best-of-3
|t:|1757761386
|gametype|doubles
|player|p1|LunarLooser|266|1139
|player|p2|jussdoit|steven|1072
|gen|9
|tier|[Gen 9] VGC 2025 Reg H (Bo3)
|rated|
|rule|Species Clause: Limit one of each Pokémon
|rule|Item Clause: Limit 1 of each item
|clearpoke
|poke|p1|Indeedee, L50, M|
|poke|p1|Kleavor, L50, F|
|poke|p1|Gholdengo, L50|
|poke|p1|Murkrow, L50, M|
|poke|p1|Sneasler, L50, M|
|poke|p1|Charizard, L50, F|
|poke|p2|Serperior, L50, F|
|poke|p2|Ursaluna, L50, M|
|poke|p2|Empoleon, L50, M|
|poke|p2|Gardevoir, L50, M|
|poke|p2|Incineroar, L50, F|
|poke|p2|Indeedee-F, L50, F|
|teampreview|4
|showteam|p1|Indeedee||FocusSash|PsychicSurge|ExpandingForce,TrickRoom,Imprison,TeraBlast|||M|||50|,,,,,Psychic]Kleavor||ClearAmulet|Sharpness|StoneAxe,XScissor,Protect,CloseCombat|||F|||50|,,,,,Dragon]Gholdengo||ChoiceSpecs|GoodasGold|MakeItRain,ShadowBall,Thunderbolt,PowerGem||||||50|,,,,,Steel]Murkrow||Eviolite|Prankster|Tailwind,FoulPlay,SunnyDay,Haze|||M|||50|,,,,,Ghost]Sneasler||PsychicSeed|Unburden|DireClaw,CloseCombat,Protect,ThroatChop|||M|||50|,,,,,Dark]Charizard||Charcoal|SolarPower|HeatWave,Flamethrower,Protect,DragonPulse|||F|||50|,,,,,Dragon
|showteam|p2|Serperior||FocusSash|Contrary|LeafStorm,TeraBlast,Protect,GrassPledge|||F|||50|,,,,,Stellar]Ursaluna||FlameOrb|Guts|Earthquake,Facade,Protect,HeadlongRush|||M|||50|,,,,,Ghost]Empoleon||Leftovers|Competitive|Yawn,IcyWind,FlashCannon,WaterPledge|||M|||50|,,,,,Grass]Gardevoir||AssaultVest|Telepathy|TrickRoom,ExpandingForce,FutureSight,Moonblast|||M|||50|,,,,,Dragon]Incineroar||RockyHelmet|Intimidate|FlareBlitz,PartingShot,FakeOut,Bulldoze|||F|||50|,,,,,Bug]Indeedee-F||SitrusBerry|PsychicSurge|FollowMe,TrickRoom,Psychic,HealPulse|||F|||50|,,,,,Dark
|inactive|Battle timer is ON: inactive players will automatically lose when time's up. (requested by jussdoit)
|inactive|LunarLooser also wants the timer to be on.
|inactive|LunarLooser has 60 seconds left.
|
|t:|1757761417
|teamsize|p1|4
|teamsize|p2|4
|start
|switch|p1a: Indeedee|Indeedee, L50, M|100/100
|switch|p1b: Kleavor|Kleavor, L50, F|100/100
|switch|p2a: Serperior|Serperior, L50, F|100/100
|switch|p2b: Empoleon|Empoleon, L50, M|100/100
|-fieldstart|move: Psychic Terrain|[from] ability: Psychic Surge|[of] p1a: Indeedee
|turn|1
|
|t:|1757761441
|-terastallize|p1b: Kleavor|Dragon
|move|p2a: Serperior|Leaf Storm|p1b: Kleavor|[miss]
|-miss|p2a: Serperior|p1b: Kleavor
|move|p1b: Kleavor|X-Scissor|p2a: Serperior
|-supereffective|p2a: Serperior
|-enditem|p2a: Serperior|Focus Sash
|-damage|p2a: Serperior|1/100
|move|p2b: Empoleon|Icy Wind|p1b: Kleavor|[spread] p1a,p1b
|-supereffective|p1b: Kleavor
|-damage|p1a: Indeedee|83/100
|-damage|p1b: Kleavor|63/100
|-unboost|p1a: Indeedee|spe|1
|move|p1a: Indeedee|Trick Room|p1a: Indeedee
|-fieldstart|move: Trick Room|[of] p1a: Indeedee
|
|upkeep
|turn|2
|
|t:|1757761464
|move|p1b: Kleavor|Protect|p1b: Kleavor
|-singleturn|p1b: Kleavor|Protect
|move|p2b: Empoleon|Yawn|p1a: Indeedee
|-start|p1a: Indeedee|move: Yawn|[of] p2b: Empoleon
|move|p1a: Indeedee|Expanding Force|p2b: Empoleon|[spread] p2a,p2b
|-resisted|p2b: Empoleon
|-damage|p2a: Serperior|0 fnt
|-damage|p2b: Empoleon|76/100
|faint|p2a: Serperior
|
|-heal|p2b: Empoleon|82/100|[from] item: Leftovers
|upkeep
|
|t:|1757761474
|switch|p2a: Ursaluna|Ursaluna, L50, M|100/100
|turn|3
|
|t:|1757761486
|switch|p2b: Gardevoir|Gardevoir, L50, M|100/100
|move|p2a: Ursaluna|Earthquake|p1a: Indeedee|[spread] p1a,p1b
|-activate|p2b: Gardevoir|ability: Telepathy
|-damage|p1a: Indeedee|0 fnt
|-damage|p1b: Kleavor|7/100
|faint|p1a: Indeedee
|move|p1b: Kleavor|Close Combat|p2b: Gardevoir
|-resisted|p2b: Gardevoir
|-damage|p2b: Gardevoir|88/100
|-unboost|p1b: Kleavor|def|1
|-unboost|p1b: Kleavor|spd|1
|
|-status|p2a: Ursaluna|brn|[from] item: Flame Orb
|upkeep
|
|t:|1757761499
|switch|p1a: Charizard|Charizard, L50, F|100/100
|turn|4
|
|t:|1757761510
|move|p2a: Ursaluna|Earthquake|p1a: Charizard|[spread] p1b
|-activate|p2b: Gardevoir|ability: Telepathy
|-immune|p1a: Charizard
|-damage|p1b: Kleavor|0 fnt
|faint|p1b: Kleavor
|move|p2b: Gardevoir|Future Sight|p1a: Charizard
|-start|p2b: Gardevoir|move: Future Sight
|move|p1a: Charizard|Heat Wave|p2b: Gardevoir|[spread] p2b
|-miss|p1a: Charizard|p2a: Ursaluna
|-damage|p2b: Gardevoir|65/100
|
|-damage|p2a: Ursaluna|94/100 brn|[from] brn
|upkeep
|
|t:|1757761517
|switch|p1b: Sneasler|Sneasler, L50, M|100/100
|-enditem|p1b: Sneasler|Psychic Seed
|-boost|p1b: Sneasler|spd|1|[from] item: Psychic Seed
|turn|5
|
|t:|1757761529
|-terastallize|p2a: Ursaluna|Ghost
|move|p1a: Charizard|Protect|p1a: Charizard
|-singleturn|p1a: Charizard|Protect
|move|p1b: Sneasler|Protect|p1b: Sneasler
|-singleturn|p1b: Sneasler|Protect
|move|p2a: Ursaluna|Earthquake|p1b: Sneasler|[spread] 
|-activate|p1a: Charizard|move: Protect
|-activate|p1b: Sneasler|move: Protect
|-activate|p2b: Gardevoir|ability: Telepathy
|move|p2b: Gardevoir|Moonblast|p1a: Charizard
|-activate|p1a: Charizard|move: Protect
|
|-damage|p2a: Ursaluna|88/100 brn|[from] brn
|-fieldend|move: Trick Room
|-fieldend|move: Psychic Terrain
|upkeep
|turn|6
|
|t:|1757761547
|move|p1b: Sneasler|Throat Chop|p2a: Ursaluna
|-supereffective|p2a: Ursaluna
|-damage|p2a: Ursaluna|45/100 brn
|-start|p2a: Ursaluna|Throat Chop|[silent]
|move|p1a: Charizard|Heat Wave|p2b: Gardevoir|[spread] p2b
|-miss|p1a: Charizard|p2a: Ursaluna
|-damage|p2b: Gardevoir|37/100
|move|p2b: Gardevoir|Expanding Force|p1b: Sneasler
|-supereffective|p1b: Sneasler
|-damage|p1b: Sneasler|0 fnt
|faint|p1b: Sneasler
|move|p2a: Ursaluna|Earthquake|p1a: Charizard|[spread] 
|-activate|p2b: Gardevoir|ability: Telepathy
|-immune|p1a: Charizard
|
|-end|p1a: Charizard|move: Future Sight
|-crit|p1a: Charizard
|-damage|p1a: Charizard|0 fnt
|faint|p1a: Charizard
|
|win|jussdoit
||LunarLooser is ready for game 2.
|inactive|jussdoit has 30 seconds to confirm battle start!
||jussdoit is ready for game 2.
|uhtml|next|Next: Game 2 of 3
|l|☆jussdoit
|player|p2|
