|j|☆Atlanta Rat
|j|☆FxckClearlake3
|html|Atlanta RatFxckClearlake3    
|uhtml|bestof|Game 1 of a best-of-3
|t:|1785043323
|gametype|doubles
|player|p1|Atlanta Rat|rood|1208
|player|p2|FxckClearlake3|lucas-gen4pt|1338
|gen|9
|tier|[Gen 9 Champions] VGC 2026 Reg M-B (Bo3)
|rated|
|rule|Species Clause: Limit one of each Pokémon
|rule|Item Clause: Limit 1 of each item
|clearpoke
|poke|p1|Raichu, L50, F|
|poke|p1|Sinistcha, L50|
|poke|p1|Incineroar, L50, F|
|poke|p1|Sylveon, L50, M|
|poke|p1|Metagross, L50|
|poke|p1|Hydreigon, L50, M|
|poke|p2|Garchomp, L50, M|
|poke|p2|Whimsicott, L50, F|
|poke|p2|Excadrill, L50, F|
|poke|p2|Espathra, L50, F|
|poke|p2|Tyranitar, L50, M|
|poke|p2|Scovillain, L50, F|
|teampreview|4
|showteam|p1|Raichu||RaichuniteY|LightningRod|ZapCannon,FocusBlast,FakeOut,Protect|Timid||F|||50|]Sinistcha||SitrusBerry|Hospitality|MatchaGotcha,RagePowder,TrickRoom,Protect|Bold|||||50|]Incineroar||ShucaBerry|Intimidate|FlareBlitz,DarkestLariat,PartingShot,FakeOut|Careful||F|||50|]Sylveon||FairyFeather|Pixilate|HyperVoice,QuickAttack,CalmMind,Protect|Modest||M|||50|]Metagross||Metagrossite|ClearBody|HardPress,BodyPress,PsychicFangs,Protect|Adamant|||||50|]Hydreigon||ChoiceScarf|Levitate|DracoMeteor,DarkPulse,EarthPower,Snarl|Modest||M|||50|
|showteam|p2|Garchomp||Garchompite|RoughSkin|Protect,EarthPower,DracoMeteor,PowerGem|Modest||M|||50|]Whimsicott||FairyFeather|Prankster|Protect,Moonblast,Tailwind,Encore|Modest||F|||50|]Excadrill||FocusSash|SandRush|Protect,HighHorsepower,RockSlide,IronHead|Adamant||F|||50|]Espathra||ColburBerry|SpeedBoost|Protect,LuminaCrash,Pounce,SkillSwap|Timid||F|||50|]Tyranitar||PasshoBerry|SandStream|Protect,KnockOff,RockSlide,IronHead|Adamant||M|||50|]Scovillain||Scovillainite|Moody|Protect,Flamethrower,GigaDrain,WorrySeed|Timid||F|||50|
|
|t:|1785043381
|teamsize|p1|4
|teamsize|p2|4
|start
|switch|p1a: Incineroar|Incineroar, L50, F|100/100
|switch|p1b: Hydreigon|Hydreigon, L50, M|100/100
|switch|p2a: Garchomp|Garchomp, L50, M|100/100
|switch|p2b: Espathra|Espathra, L50, F|100/100
|-ability|p1a: Incineroar|Intimidate|boost
|-unboost|p2a: Garchomp|atk|1
|-unboost|p2b: Espathra|atk|1
|turn|1
|
|t:|1785043391
|move|p2a: Garchomp|Protect|p2a: Garchomp
|-singleturn|p2a: Garchomp|Protect
|move|p2b: Espathra|Protect|p2b: Espathra
|-singleturn|p2b: Espathra|Protect
|move|p1b: Hydreigon|Draco Meteor|p2a: Garchomp
|-activate|p2a: Garchomp|move: Protect
|move|p1a: Incineroar|Parting Shot|p2b: Espathra
|-activate|p2b: Espathra|move: Protect
|
|-ability|p2b: Espathra|Speed Boost|boost
|-boost|p2b: Espathra|spe|1
|upkeep
|turn|2
|inactive|Battle timer is ON: inactive players will automatically lose when time's up. (requested by FxckClearlake3)
|inactive|FxckClearlake3 has 60 seconds left.
|
|t:|1785043426
|switch|p2a: Excadrill|Excadrill, L50, F|100/100
|move|p1b: Hydreigon|Draco Meteor|p2a: Excadrill
|-resisted|p2a: Excadrill|1
|-damage|p2a: Excadrill|48/100
|-unboost|p1b: Hydreigon|spa|2
|move|p2b: Espathra|Pounce|p1b: Hydreigon
|-supereffective|p1b: Hydreigon|1
|-damage|p1b: Hydreigon|89/100
|-unboost|p1b: Hydreigon|spe|1
|move|p1a: Incineroar|Parting Shot|p2b: Espathra
|-unboost|p2b: Espathra|atk|1
|-unboost|p2b: Espathra|spa|1
|
|t:|1785043445
|switch|p1a: Sinistcha|Sinistcha, L50|100/100|[from] Parting Shot
|-heal|p1b: Hydreigon|100/100|[from] ability: Hospitality|[of] p1a: Sinistcha
|
|-ability|p2b: Espathra|Speed Boost|boost
|-boost|p2b: Espathra|spe|1
|upkeep
|turn|3
|inactive|FxckClearlake3 has 30 seconds left.
|
|t:|1785043470
|switch|p1b: Incineroar|Incineroar, L50, F|100/100
|-ability|p1b: Incineroar|Intimidate|boost
|-unboost|p2a: Excadrill|atk|1
|-unboost|p2b: Espathra|atk|1
|switch|p2a: Tyranitar|Tyranitar, L50, M|100/100
|-weather|Sandstorm|[from] ability: Sand Stream|[of] p2a: Tyranitar
|move|p2b: Espathra|Lumina Crash|p1a: Sinistcha
|-damage|p1a: Sinistcha|83/100
|-unboost|p1a: Sinistcha|spd|2
|move|p1a: Sinistcha|Matcha Gotcha|p2b: Espathra|[spread] p2a,p2b
|-supereffective|p2a: Tyranitar|1
|-damage|p2a: Tyranitar|76/100
|-heal|p1a: Sinistcha|95/100|[from] drain|[of] p2a: Tyranitar
|-damage|p2b: Espathra|69/100
|-heal|p1a: Sinistcha|100/100|[from] drain|[of] p2b: Espathra
|
|-weather|Sandstorm|[upkeep]
|-damage|p2b: Espathra|63/100|[from] Sandstorm
|-damage|p1b: Incineroar|93/100|[from] Sandstorm
|-damage|p1a: Sinistcha|93/100|[from] Sandstorm
|-ability|p2b: Espathra|Speed Boost|boost
|-boost|p2b: Espathra|spe|1
|upkeep
|turn|4
|inactive|Atlanta Rat has 30 seconds left.
|inactive|Atlanta Rat has 20 seconds left.
|inactive|Atlanta Rat has 15 seconds left.
|
|t:|1785043511
|switch|p1a: Hydreigon|Hydreigon, L50, M|100/100
|move|p2b: Espathra|Protect|p2b: Espathra
|-singleturn|p2b: Espathra|Protect
|move|p2a: Tyranitar|Protect|p2a: Tyranitar
|-singleturn|p2a: Tyranitar|Protect
|move|p1b: Incineroar|Fake Out|p2a: Tyranitar
|-activate|p2a: Tyranitar|move: Protect
|
|-weather|Sandstorm|[upkeep]
|-damage|p2b: Espathra|57/100|[from] Sandstorm
|-damage|p1a: Hydreigon|94/100|[from] Sandstorm
|-damage|p1b: Incineroar|87/100|[from] Sandstorm
|-ability|p2b: Espathra|Speed Boost|boost
|-boost|p2b: Espathra|spe|1
|upkeep
|turn|5
|inactive|Atlanta Rat has 30 seconds left.
|inactive|Atlanta Rat has 20 seconds left.
|inactive|FxckClearlake3 has 30 seconds left.
|inactive|Atlanta Rat has 15 seconds left.
|
|t:|1785043553
|switch|p2b: Garchomp|Garchomp, L50, M|100/100
|switch|p1b: Sinistcha|Sinistcha, L50|93/100
|-heal|p1a: Hydreigon|100/100|[from] ability: Hospitality|[of] p1b: Sinistcha
|move|p1a: Hydreigon|Earth Power|p2a: Tyranitar
|-supereffective|p2a: Tyranitar|1
|-damage|p2a: Tyranitar|40/100
|move|p2a: Tyranitar|Knock Off|p1a: Hydreigon
|-resisted|p1a: Hydreigon|1
|-damage|p1a: Hydreigon|70/100
|-enditem|p1a: Hydreigon|Choice Scarf|[from] move: Knock Off|[of] p2a: Tyranitar
|
|-weather|Sandstorm|[upkeep]
|-damage|p1a: Hydreigon|64/100|[from] Sandstorm
|-damage|p1b: Sinistcha|87/100|[from] Sandstorm
|upkeep
|turn|6
|inactive|FxckClearlake3 has 30 seconds left.
|
|t:|1785043586
|switch|p1a: Incineroar|Incineroar, L50, F|87/100
|-ability|p1a: Incineroar|Intimidate|boost
|-unboost|p2a: Tyranitar|atk|1
|-unboost|p2b: Garchomp|atk|1
|switch|p2a: Espathra|Espathra, L50, F|57/100
|detailschange|p2b: Garchomp|Garchomp-Mega, L50, M
|-mega|p2b: Garchomp|Garchomp|Garchompite
|move|p2b: Garchomp|Draco Meteor|p1b: Sinistcha
|-damage|p1b: Sinistcha|24/100
|-unboost|p2b: Garchomp|spa|2
|-enditem|p1b: Sinistcha|Sitrus Berry|[eat]
|-heal|p1b: Sinistcha|49/100|[from] item: Sitrus Berry
|move|p1b: Sinistcha|Matcha Gotcha|p2b: Garchomp|[spread] p2a,p2b
|-damage|p2a: Espathra|29/100
|-heal|p1b: Sinistcha|65/100|[from] drain|[of] p2a: Espathra
|-damage|p2b: Garchomp|77/100
|-heal|p1b: Sinistcha|79/100|[from] drain|[of] p2b: Garchomp
|-status|p2b: Garchomp|brn
|
|-weather|Sandstorm|[upkeep]
|-damage|p2a: Espathra|23/100|[from] Sandstorm
|-damage|p1a: Incineroar|81/100|[from] Sandstorm
|-damage|p1b: Sinistcha|73/100|[from] Sandstorm
|-damage|p2b: Garchomp|71/100 brn|[from] brn
|upkeep
|turn|7
|-message|FxckClearlake3 forfeited.
|raw|Atlanta Rat's rating: 1208 → 1242(+34 for winning)
|raw|FxckClearlake3's rating: 1338 → 1311(-27 for losing)
|
|win|Atlanta Rat
|l|☆FxckClearlake3
|player|p2|
