|j|☆lil saac
|j|☆Tajinvgc3
|html|lil saacTajinvgc3    
|uhtml|bestof|Game 1 of a best-of-3
|t:|1784162520
|gametype|doubles
|player|p1|lil saac|265|1161
|player|p2|Tajinvgc3|265|1173
|gen|9
|tier|[Gen 9 Champions] VGC 2026 Reg M-B (Bo3)
|rated|
|rule|Species Clause: Limit one of each Pokémon
|rule|Item Clause: Limit 1 of each item
|clearpoke
|poke|p1|Meowstic-F, L50, F|
|poke|p1|Kingambit, L50, M|
|poke|p1|Whimsicott, L50, F|
|poke|p1|Basculegion, L50, M|
|poke|p1|Sneasler, L50, F|
|poke|p1|Incineroar, L50, F|
|poke|p2|Venusaur, L50, F, shiny|
|poke|p2|Charizard, L50, M, shiny|
|poke|p2|Pelipper, L50, M, shiny|
|poke|p2|Grimmsnarl, L50, M, shiny|
|poke|p2|Archaludon, L50, F, shiny|
|poke|p2|Basculegion, L50, M|
|teampreview|4
|showteam|p1|Meowstic-F||Meowsticite|Competitive|AlluringVoice,Psychic,Thunderbolt,Protect|Modest||F|||50|]Kingambit||BlackGlasses|Defiant|SuckerPunch,KowtowCleave,IronHead,Protect|Adamant||M|||50|]Whimsicott||FocusSash|Prankster|Moonblast,Tailwind,Encore,Protect|Timid||F|||50|]Basculegion||ChoiceScarf|Adaptability|LastRespects,AquaJet,WaveCrash,Protect|Adamant||M|||50|]Sneasler||MentalHerb|Unburden|CloseCombat,FakeOut,Protect,DireClaw|Jolly||F|||50|]Incineroar||SitrusBerry|Intimidate|FakeOut,PartingShot,FlareBlitz,DarkestLariat|Careful||F|||50|
|showteam|p2|Venusaur||FocusSash|Chlorophyll|Protect,SludgeBomb,EarthPower,SleepPowder|Modest||F|||50|]Charizard||CharizarditeY|Blaze|Protect,HeatWave,WeatherBall,SolarBeam|Modest||M|||50|]Pelipper||SitrusBerry|Drizzle|Hurricane,Tailwind,WeatherBall,WideGuard|Modest||M|||50|]Grimmsnarl||LightClay|Prankster|SpiritBreak,Reflect,LightScreen,PartingShot|Sassy||M|||50|]Archaludon||Leftovers|Stamina|ElectroShot,Protect,DragonPulse,FlashCannon|Calm||F|||50|]Basculegion||ChoiceScarf|Adaptability|WaveCrash,AquaJet,FlipTurn,LastRespects|Jolly||M|||50|
|inactive|Battle timer is ON: inactive players will automatically lose when time's up. (requested by Tajinvgc3)
|inactive|Tajinvgc3 has 60 seconds left.
|
|t:|1784162565
|teamsize|p1|4
|teamsize|p2|4
|start
|switch|p1a: Kingambit|Kingambit, L50, M|100/100
|switch|p1b: Whimsicott|Whimsicott, L50, F|100/100
|switch|p2a: Venusaur|Venusaur, L50, F, shiny|100/100
|switch|p2b: Charizard|Charizard, L50, M, shiny|100/100
|turn|1
|inactive|Tajinvgc3 has 30 seconds left.
|
|t:|1784162592
|switch|p2b: Archaludon|Archaludon, L50, F, shiny|100/100
|move|p1b: Whimsicott|Tailwind|p1b: Whimsicott
|-sidestart|p1: lil saac|move: Tailwind
|move|p1a: Kingambit|Kowtow Cleave|p2b: Archaludon
|-damage|p2b: Archaludon|53/100
|-ability|p2b: Archaludon|Stamina|boost
|-boost|p2b: Archaludon|def|1
|move|p2a: Venusaur|Sludge Bomb|p1b: Whimsicott
|-supereffective|p1b: Whimsicott|2
|-enditem|p1b: Whimsicott|Focus Sash
|-damage|p1b: Whimsicott|1/100
|-status|p1b: Whimsicott|psn
|
|-heal|p2b: Archaludon|59/100|[from] item: Leftovers
|-damage|p1b: Whimsicott|0 fnt|[from] psn
|faint|p1b: Whimsicott
|upkeep
|
|t:|1784162609
|switch|p1b: Sneasler|Sneasler, L50, F|100/100
|turn|2
|
|t:|1784162632
|move|p2b: Archaludon|Protect|p2b: Archaludon
|-singleturn|p2b: Archaludon|Protect
|move|p1b: Sneasler|Fake Out|p2a: Venusaur
|-damage|p2a: Venusaur|80/100
|move|p1a: Kingambit|Kowtow Cleave|p2b: Archaludon
|-activate|p2b: Archaludon|move: Protect
|cant|p2a: Venusaur|flinch
|
|-heal|p2b: Archaludon|65/100|[from] item: Leftovers
|upkeep
|turn|3
|inactive|Tajinvgc3 has 30 seconds left.
|
|t:|1784162664
|move|p1b: Sneasler|Dire Claw|p2a: Venusaur
|-damage|p2a: Venusaur|28/100
|move|p1a: Kingambit|Kowtow Cleave|p2b: Archaludon
|-damage|p2b: Archaludon|35/100
|-ability|p2b: Archaludon|Stamina|boost
|-boost|p2b: Archaludon|def|1
|move|p2a: Venusaur|Earth Power|p1b: Sneasler
|-supereffective|p1b: Sneasler|1
|-damage|p1b: Sneasler|22/100
|move|p2b: Archaludon|Dragon Pulse|p1b: Sneasler
|-damage|p1b: Sneasler|0 fnt
|faint|p1b: Sneasler
|
|-heal|p2b: Archaludon|41/100|[from] item: Leftovers
|upkeep
|
|t:|1784162678
|switch|p1b: Basculegion|Basculegion, L50, M|100/100
|turn|4
|inactive|Tajinvgc3 has 30 seconds left.
|
|t:|1784162713
|move|p2a: Venusaur|Protect|p2a: Venusaur
|-singleturn|p2a: Venusaur|Protect
|move|p2b: Archaludon|Protect|p2b: Archaludon
|-singleturn|p2b: Archaludon|Protect
|move|p1a: Kingambit|Sucker Punch||[still]
|-fail|p1a: Kingambit
|move|p1b: Basculegion|Last Respects|p2b: Archaludon
|-activate|p2b: Archaludon|move: Protect
|
|-heal|p2b: Archaludon|47/100|[from] item: Leftovers
|-sideend|p1: lil saac|move: Tailwind
|upkeep
|turn|5
|inactive|lil saac has 30 seconds left.
|inactive|Tajinvgc3 has 30 seconds left.
|
|t:|1784162746
|move|p1a: Kingambit|Sucker Punch||[still]
|-fail|p1a: Kingambit
|move|p1b: Basculegion|Last Respects|p2b: Archaludon
|-damage|p2b: Archaludon|8/100
|-ability|p2b: Archaludon|Stamina|boost
|-boost|p2b: Archaludon|def|1
|move|p2a: Venusaur|Sleep Powder|p1b: Basculegion|[miss]
|-miss|p2a: Venusaur|p1b: Basculegion
|move|p2b: Archaludon|Dragon Pulse|p1b: Basculegion
|-damage|p1b: Basculegion|55/100
|
|-heal|p2b: Archaludon|14/100|[from] item: Leftovers
|upkeep
|turn|6
|
|t:|1784162769
|move|p1a: Kingambit|Sucker Punch|p2b: Archaludon
|-damage|p2b: Archaludon|1/100
|-ability|p2b: Archaludon|Stamina|boost
|-boost|p2b: Archaludon|def|1
|move|p1b: Basculegion|Last Respects|p2a: Venusaur
|-damage|p2a: Venusaur|0 fnt
|faint|p2a: Venusaur
|move|p2b: Archaludon|Dragon Pulse|p1b: Basculegion
|-damage|p1b: Basculegion|11/100
|
|-heal|p2b: Archaludon|7/100|[from] item: Leftovers
|upkeep
|
|t:|1784162793
|switch|p2a: Pelipper|Pelipper, L50, M, shiny|100/100
|-weather|RainDance|[from] ability: Drizzle|[of] p2a: Pelipper
|turn|7
|inactive|Tajinvgc3 has 30 seconds left.
|
|t:|1784162823
|move|p1b: Basculegion|Last Respects|p2b: Archaludon
|-damage|p2b: Archaludon|0 fnt
|faint|p2b: Archaludon
|move|p2a: Pelipper|Hurricane|p1b: Basculegion
|-damage|p1b: Basculegion|0 fnt
|faint|p1b: Basculegion
|move|p1a: Kingambit|Kowtow Cleave|p2a: Pelipper
|-damage|p2a: Pelipper|34/100
|-enditem|p2a: Pelipper|Sitrus Berry|[eat]
|-heal|p2a: Pelipper|59/100|[from] item: Sitrus Berry
|
|-weather|RainDance|[upkeep]
|upkeep
|
|t:|1784162836
|switch|p2b: Charizard|Charizard, L50, M, shiny|100/100
|turn|8
|
|t:|1784162849
|move|p2b: Charizard|Protect|p2b: Charizard
|-singleturn|p2b: Charizard|Protect
|move|p2a: Pelipper|Hurricane|p1a: Kingambit
|-resisted|p1a: Kingambit|1
|-damage|p1a: Kingambit|81/100
|-start|p1a: Kingambit|confusion
|-activate|p1a: Kingambit|confusion
|-damage|p1a: Kingambit|68/100|[from] confusion
|
|-weather|RainDance|[upkeep]
|upkeep
|turn|9
|
|t:|1784162862
|detailschange|p2b: Charizard|Charizard-Mega-Y, L50, M, shiny
|-mega|p2b: Charizard|Charizard|Charizardite Y
|-weather|SunnyDay|[from] ability: Drought|[of] p2b: Charizard
|-end|p1a: Kingambit|confusion
|move|p1a: Kingambit|Protect|p1a: Kingambit
|-singleturn|p1a: Kingambit|Protect
|move|p2b: Charizard|Weather Ball|p1a: Kingambit
|-activate|p1a: Kingambit|move: Protect
|move|p2a: Pelipper|Weather Ball|p1a: Kingambit
|-activate|p1a: Kingambit|move: Protect
|
|-weather|SunnyDay|[upkeep]
|upkeep
|turn|10
|
|t:|1784162882
|move|p2b: Charizard|Weather Ball|p1a: Kingambit
|-supereffective|p1a: Kingambit|1
|-damage|p1a: Kingambit|0 fnt
|faint|p1a: Kingambit
|
|win|Tajinvgc3
||lil saac is ready for game 2.
