|j|☆ToneryX
|j|☆Pfendy
|html|ToneryXPfendy    
|uhtml|bestof|Game 1 of a best-of-3
|t:|1784834006
|gametype|doubles
|player|p1|ToneryX|2|1000
|player|p2|Pfendy|birdkeeper|1000
|gen|9
|tier|[Gen 9 Champions] VGC 2026 Reg M-B (Bo3)
|rated|
|rule|Species Clause: Limit one of each Pokémon
|rule|Item Clause: Limit 1 of each item
|clearpoke
|poke|p1|Charizard, L50, M|
|poke|p1|Garchomp, L50, F|
|poke|p1|Sylveon, L50, F|
|poke|p1|Farigiraf, L50, M|
|poke|p1|Kingambit, L50, M|
|poke|p1|Aerodactyl, L50, M|
|poke|p2|Floette-Eternal, L50, F|
|poke|p2|Incineroar, L50, M, shiny|
|poke|p2|Sneasler, L50, F|
|poke|p2|Reuniclus, L50, F, shiny|
|poke|p2|Whimsicott, L50, M|
|poke|p2|Basculegion, L50, M|
|teampreview|4
|showteam|p1|Charizard||CharizarditeY|Blaze|Protect,HeatWave,WeatherBall,SolarBeam|Modest||M|||50|]Garchomp||LifeOrb|RoughSkin|Protect,DragonClaw,StompingTantrum,Earthquake|Jolly||F|||50|]Sylveon||FairyFeather|Pixilate|Detect,QuickAttack,HyperVoice,HyperBeam|Modest||F|||50|]Farigiraf||SitrusBerry|ArmorTail|TwinBeam,Thunderbolt,Roar,TrickRoom|Bold||M|||50|]Kingambit||FocusSash|Defiant|KowtowCleave,IronHead,SuckerPunch,LowKick|Adamant||M|||50|]Aerodactyl||Aerodactylite|Unnerve|RockSlide,DualWingbeat,IceFang,Tailwind|Jolly||M|||50|
|showteam|p2|Floette-Eternal||Floettite|FlowerVeil|Moonblast,CalmMind,Protect,DazzlingGleam|Bold||F|||50|]Incineroar||PasshoBerry|Intimidate|FakeOut,FlareBlitz,ThroatChop,PartingShot|Adamant||M|||50|]Sneasler||WhiteHerb|Unburden|FakeOut,DireClaw,Protect,CloseCombat|Jolly||F|||50|]Reuniclus||SitrusBerry|Regenerator|TrickRoom,Psychic,FocusBlast,HelpingHand|Quiet||F|||50|]Whimsicott||FocusSash|Prankster|Protect,Tailwind,Moonblast,Encore|Timid||M|||50|]Basculegion||MysticWater|Adaptability|Protect,WaveCrash,LastRespects,AquaJet|Adamant||M|||50|
|inactive|Battle timer is ON: inactive players will automatically lose when time's up. (requested by ToneryX)
|
|t:|1784834042
|teamsize|p1|4
|teamsize|p2|4
|start
|switch|p1a: Aerodactyl|Aerodactyl, L50, M|100/100
|switch|p1b: Kingambit|Kingambit, L50, M|100/100
|switch|p2a: Reuniclus|Reuniclus, L50, F, shiny|100/100
|switch|p2b: Sneasler|Sneasler, L50, F|100/100
|-ability|p1a: Aerodactyl|Unnerve
|turn|1
|
|t:|1784834065
|move|p2b: Sneasler|Fake Out|p1a: Aerodactyl
|-resisted|p1a: Aerodactyl|1
|-damage|p1a: Aerodactyl|90/100
|cant|p1a: Aerodactyl|flinch
|move|p1b: Kingambit|Kowtow Cleave|p2a: Reuniclus
|-supereffective|p2a: Reuniclus|1
|-damage|p2a: Reuniclus|13/100
|move|p2a: Reuniclus|Trick Room|p2a: Reuniclus
|-fieldstart|move: Trick Room|[of] p2a: Reuniclus
|
|upkeep
|turn|2
|inactive|Pfendy has 30 seconds left.
|
|t:|1784834095
|-heal|p2a: Reuniclus|46/100|[from] ability: Regenerator|[silent]
|switch|p2a: Floette|Floette-Eternal, L50, F|100/100
|switch|p1a: Farigiraf|Farigiraf, L50, M|100/100
|move|p1b: Kingambit|Sucker Punch||[still]
|-fail|p1b: Kingambit
|move|p2b: Sneasler|Close Combat|p1b: Kingambit
|-supereffective|p1b: Kingambit|2
|-enditem|p1b: Kingambit|Focus Sash
|-damage|p1b: Kingambit|1/100
|-unboost|p2b: Sneasler|def|1
|-unboost|p2b: Sneasler|spd|1
|-enditem|p2b: Sneasler|White Herb
|-clearnegativeboost|p2b: Sneasler|[silent]
|
|upkeep
|turn|3
|inactive|Pfendy has 30 seconds left.
|inactive|Pfendy has 20 seconds left.
|inactive|Pfendy has 15 seconds left.
|
|t:|1784834138
|switch|p2b: Reuniclus|Reuniclus, L50, F, shiny|46/100
|-enditem|p2b: Reuniclus|Sitrus Berry|[eat]
|-heal|p2b: Reuniclus|71/100|[from] item: Sitrus Berry
|detailschange|p2a: Floette|Floette-Mega, L50, F
|-mega|p2a: Floette|Floette|Floettite
|-ability|p2a: Floette|Fairy Aura
|move|p1a: Farigiraf|Twin Beam|p2b: Reuniclus
|-resisted|p2b: Reuniclus|1
|-damage|p2b: Reuniclus|64/100
|-resisted|p2b: Reuniclus|1
|-damage|p2b: Reuniclus|58/100
|-hitcount|p2b: Reuniclus|2
|move|p1b: Kingambit|Iron Head|p2a: Floette
|-supereffective|p2a: Floette|1
|-damage|p2a: Floette|17/100
|move|p2a: Floette|Dazzling Gleam|p1b: Kingambit|[spread] p1a,p1b
|-crit|p1b: Kingambit
|-damage|p1a: Farigiraf|60/100
|-damage|p1b: Kingambit|0 fnt
|faint|p1b: Kingambit
|
|upkeep
|inactive|ToneryX has 30 seconds left.
|
|t:|1784834173
|switch|p1b: Garchomp|Garchomp, L50, F|100/100
|turn|4
|inactive|ToneryX has 30 seconds left.
|inactive|Pfendy has 30 seconds left.
|
|t:|1784834207
|move|p2a: Floette|Protect|p2a: Floette
|-singleturn|p2a: Floette|Protect
|move|p1b: Garchomp|Protect|p1b: Garchomp
|-singleturn|p1b: Garchomp|Protect
|move|p2b: Reuniclus|Focus Blast|p1a: Farigiraf
|-damage|p1a: Farigiraf|24/100
|-enditem|p1a: Farigiraf|Sitrus Berry|[eat]
|-heal|p1a: Farigiraf|49/100|[from] item: Sitrus Berry
|move|p1a: Farigiraf|Twin Beam|p2a: Floette
|-activate|p2a: Floette|move: Protect
|
|upkeep
|turn|5
|inactive|Pfendy has 30 seconds left.
|inactive|Pfendy has 20 seconds left.
|inactive|Pfendy has 15 seconds left.
|inactive|Pfendy has 10 seconds left.
|inactive|Pfendy has 5 seconds left.
|
|t:|1784834259
|move|p2b: Reuniclus|Psychic|p1b: Garchomp
|-damage|p1b: Garchomp|53/100
|move|p1a: Farigiraf|Twin Beam|p2a: Floette
|-damage|p2a: Floette|4/100
|-damage|p2a: Floette|0 fnt
|faint|p2a: Floette
|-hitcount|p2: Floette|2
|move|p1b: Garchomp|Dragon Claw|p2b: Reuniclus
|-damage|p2b: Reuniclus|5/100
|-damage|p1b: Garchomp|43/100|[from] item: Life Orb
|
|-fieldend|move: Trick Room
|upkeep
|inactive|Pfendy has 30 seconds left.
|inactive|Pfendy has 20 seconds left.
|inactive|Pfendy has 15 seconds left.
|inactive|Pfendy has 10 seconds left.
|
|t:|1784834305
|switch|p2a: Sneasler|Sneasler, L50, F|100/100
|turn|6
|inactive|ToneryX has 30 seconds left.
|inactive|Pfendy has 30 seconds left.
|inactive|Pfendy has 20 seconds left.
|inactive|Pfendy has 15 seconds left.
|
|t:|1784834347
|move|p2a: Sneasler|Close Combat|p1a: Farigiraf
|-damage|p1a: Farigiraf|3/100
|-unboost|p2a: Sneasler|def|1
|-unboost|p2a: Sneasler|spd|1
|move|p1b: Garchomp|Earthquake|p2a: Sneasler|[spread] p1a,p2a,p2b
|-supereffective|p2a: Sneasler|1
|-damage|p1a: Farigiraf|0 fnt
|-damage|p2a: Sneasler|0 fnt
|-damage|p2b: Reuniclus|0 fnt
|faint|p1a: Farigiraf
|faint|p2a: Sneasler
|faint|p2b: Reuniclus
|-damage|p1b: Garchomp|34/100|[from] item: Life Orb
|
|upkeep
|
|t:|1784834356
|switch|p1a: Aerodactyl|Aerodactyl, L50, M|90/100
|switch|p2b: Basculegion|Basculegion, L50, M|100/100
|-ability|p1a: Aerodactyl|Unnerve
|turn|7
|
|t:|1784834371
|detailschange|p1a: Aerodactyl|Aerodactyl-Mega, L50, M
|-mega|p1a: Aerodactyl|Aerodactyl|Aerodactylite
|move|p2b: Basculegion|Aqua Jet|p1a: Aerodactyl
|-supereffective|p1a: Aerodactyl|1
|-crit|p1a: Aerodactyl
|-damage|p1a: Aerodactyl|0 fnt
|faint|p1a: Aerodactyl
|move|p1b: Garchomp|Dragon Claw|p2b: Basculegion
|-damage|p2b: Basculegion|37/100
|-damage|p1b: Garchomp|24/100|[from] item: Life Orb
|
|upkeep
|turn|8
|
|t:|1784834379
|move|p2b: Basculegion|Aqua Jet|p1b: Garchomp
|-damage|p1b: Garchomp|0 fnt
|-damage|p2b: Basculegion|24/100|[from] ability: Rough Skin|[of] p1b: Garchomp
|faint|p1b: Garchomp
|
|win|Pfendy
||Pfendy is ready for game 2.
||ToneryX is ready for game 2.
|uhtml|next|Next: Game 2 of 3
|l|☆ToneryX
|player|p1|
