|j|☆Parchesin
|j|☆Zurneus
|html|ParchesinZurneus    
|uhtml|bestof|Game 3 of a best-of-3
|t:|1756260881
|gametype|doubles
|player|p1|Parchesin|265|1128
|player|p2|Zurneus|silver|1101
|gen|9
|tier|[Gen 9] VGC 2025 Reg H (Bo3)
|rated|
|rule|Species Clause: Limit one of each Pokémon
|rule|Item Clause: Limit 1 of each item
|clearpoke
|poke|p1|Talonflame, L50, F|
|poke|p1|Garchomp, L50, F|
|poke|p1|Sylveon, L50, M|
|poke|p1|Incineroar, L50, F|
|poke|p1|Smeargle, L50, M|
|poke|p1|Weezing, L50, F|
|poke|p2|Gyarados, L50, F|
|poke|p2|Indeedee, L50, M|
|poke|p2|Volcarona, L50, M|
|poke|p2|Excadrill, L50, F|
|poke|p2|Amoonguss, L50, M|
|poke|p2|Tyranitar, L50, M|
|teampreview|4
|showteam|p1|Talonflame||CovertCloak|GaleWings|FlareBlitz,Tailwind,Uturn,BraveBird|||F|||50|,,,,,Water]Garchomp||LifeOrb|RoughSkin|Protect,DragonClaw,RockSlide,Earthquake|||F|||50|,,,,,Ground]Sylveon||Metronome|Pixilate|HyperBeam,HyperVoice,DazzlingGleam,Psychic|||M|||50|,,,,,Fairy]Incineroar||AbilityShield|Intimidate|FakeOut,FlareBlitz,KnockOff,PartingShot|||F|||50|,,,,,Grass]Smeargle||FocusSash|Moody|FakeOut,Spore,FollowMe,Decorate|||M|||50|,,,,,Ghost]Weezing||SitrusBerry|NeutralizingGas|Protect,SludgeBomb,WillOWisp,Haze|||F|||50|,,,,,Water
|showteam|p2|Gyarados||SafetyGoggles|Intimidate|Taunt,ThunderWave,Waterfall,Protect|||F|||50|,,,,,Steel]Indeedee||ChoiceScarf|PsychicSurge|DazzlingGleam,TeraBlast,Trick,ExpandingForce|||M|||50|,,,,,Psychic]Volcarona||CovertCloak|FlameBody|HeatWave,Tailwind,TeraBlast,WillOWisp|||M|||50|,,,,,Fairy]Excadrill||ClearAmulet|SandRush|Protect,Earthquake,HighHorsepower,IronHead|||F|||50|,,,,,Ghost]Amoonguss||SitrusBerry|Regenerator|Protect,ClearSmog,RagePowder,Spore|||M|||50|,,,,,Water]Tyranitar||AssaultVest|SandStream|LowKick,TeraBlast,KnockOff,RockSlide|||M|||50|,,,,,Flying
|inactive|Battle timer is ON: inactive players will automatically lose when time's up. (requested by Parchesin)
|inactive|Zurneus has 60 seconds left.
|
|t:|1756260915
|teamsize|p1|4
|teamsize|p2|4
|start
|switch|p1a: Weezing|Weezing, L50, F|100/100
|switch|p1b: Incineroar|Incineroar, L50, F|100/100
|switch|p2a: Amoonguss|Amoonguss, L50, M|100/100
|switch|p2b: Tyranitar|Tyranitar, L50, M|100/100
|-ability|p1a: Weezing|Neutralizing Gas
|-block|p1b: Incineroar|item: Ability Shield
|-ability|p1b: Incineroar|Intimidate|boost
|-unboost|p2a: Amoonguss|atk|1
|-unboost|p2b: Tyranitar|atk|1
|turn|1
|inactive|Zurneus has 30 seconds left.
|
|t:|1756260946
|switch|p2b: Indeedee|Indeedee, L50, M|100/100
|move|p1b: Incineroar|Fake Out|p2a: Amoonguss
|-damage|p2a: Amoonguss|91/100
|move|p1a: Weezing|Will-O-Wisp|p2b: Indeedee
|-status|p2b: Indeedee|brn
|cant|p2a: Amoonguss|flinch
|
|-damage|p2b: Indeedee|95/100 brn|[from] brn
|upkeep
|turn|2
|
|t:|1756260965
|switch|p2b: Tyranitar|Tyranitar, L50, M|100/100
|-terastallize|p1a: Weezing|Water
|move|p1a: Weezing|Sludge Bomb|p2a: Amoonguss
|-damage|p2a: Amoonguss|68/100
|move|p1b: Incineroar|Flare Blitz|p2a: Amoonguss
|-supereffective|p2a: Amoonguss
|-damage|p2a: Amoonguss|0 fnt
|faint|p2a: Amoonguss
|-damage|p1b: Incineroar|76/100|[from] Recoil
|
|upkeep
|
|t:|1756260976
|switch|p2a: Excadrill|Excadrill, L50, F|100/100
|turn|3
|
|t:|1756260993
|-terastallize|p2b: Tyranitar|Flying
|move|p1a: Weezing|Protect|p1a: Weezing
|-singleturn|p1a: Weezing|Protect
|move|p2a: Excadrill|Earthquake|p1a: Weezing|[spread] p1b
|-activate|p1a: Weezing|move: Protect
|-immune|p2b: Tyranitar
|-supereffective|p1b: Incineroar
|-damage|p1b: Incineroar|6/100
|move|p1b: Incineroar|Knock Off|p2b: Tyranitar
|-damage|p2b: Tyranitar|72/100
|-enditem|p2b: Tyranitar|Assault Vest|[from] move: Knock Off|[of] p1b: Incineroar
|move|p2b: Tyranitar|Tera Blast|p1a: Weezing|[anim] Tera Blast Flying
|-activate|p1a: Weezing|move: Protect
|
|upkeep
|turn|4
|inactive|Zurneus has 30 seconds left.
|
|t:|1756261021
|switch|p1b: Smeargle|Smeargle, L50, M|100/100
|move|p2a: Excadrill|Earthquake|p1b: Smeargle|[spread] p1a,p1b
|-immune|p2b: Tyranitar
|-damage|p1a: Weezing|66/100
|-enditem|p1b: Smeargle|Focus Sash
|-damage|p1b: Smeargle|1/100
|move|p1a: Weezing|Will-O-Wisp|p2b: Tyranitar
|-status|p2b: Tyranitar|brn
|move|p2b: Tyranitar|Tera Blast|p1a: Weezing|[anim] Tera Blast Flying
|-damage|p1a: Weezing|48/100
|-enditem|p1a: Weezing|Sitrus Berry|[eat]
|-heal|p1a: Weezing|73/100|[from] item: Sitrus Berry
|
|-damage|p2b: Tyranitar|67/100 brn|[from] brn
|upkeep
|turn|5
|
|t:|1756261045
|move|p2a: Excadrill|Protect|p2a: Excadrill
|-singleturn|p2a: Excadrill|Protect
|move|p1b: Smeargle|Fake Out|p2b: Tyranitar
|-damage|p2b: Tyranitar|62/100 brn
|move|p1a: Weezing|Will-O-Wisp|p2a: Excadrill
|-activate|p2a: Excadrill|move: Protect
|cant|p2b: Tyranitar|flinch
|
|-damage|p2b: Tyranitar|57/100 brn|[from] brn
|upkeep
|turn|6
|
|t:|1756261066
|move|p1b: Smeargle|Spore|p2a: Excadrill
|-status|p2a: Excadrill|slp|[from] move: Spore
|cant|p2a: Excadrill|slp
|move|p1a: Weezing|Sludge Bomb|p2b: Tyranitar
|-damage|p2b: Tyranitar|32/100 brn
|move|p2b: Tyranitar|Tera Blast|p1a: Weezing|[anim] Tera Blast Flying
|-damage|p1a: Weezing|54/100
|
|-damage|p2b: Tyranitar|26/100 brn|[from] brn
|upkeep
|turn|7
|
|t:|1756261089
|switch|p1b: Incineroar|Incineroar, L50, F|6/100
|-ability|p1b: Incineroar|Intimidate|boost
|-fail|p2a: Excadrill|unboost|[from] item: Clear Amulet|[of] p2a: Excadrill
|-unboost|p2b: Tyranitar|atk|1
|cant|p2a: Excadrill|slp
|move|p1a: Weezing|Sludge Bomb|p2b: Tyranitar
|-damage|p2b: Tyranitar|3/100 brn
|move|p2b: Tyranitar|Rock Slide|p1a: Weezing|[spread] p1b
|-miss|p2b: Tyranitar|p1a: Weezing
|-supereffective|p1b: Incineroar
|-damage|p1b: Incineroar|0 fnt
|faint|p1b: Incineroar
|
|-damage|p2b: Tyranitar|0 fnt|[from] brn
|faint|p2b: Tyranitar
|upkeep
|c|☆Zurneus|jesus that weezing
|
|t:|1756261113
|switch|p1b: Garchomp|Garchomp, L50, F|100/100
|switch|p2b: Indeedee|Indeedee, L50, M|95/100 brn
|turn|8
|
|t:|1756261126
|cant|p2a: Excadrill|slp
|move|p1a: Weezing|Protect|p1a: Weezing
|-singleturn|p1a: Weezing|Protect
|move|p2b: Indeedee|Expanding Force|p1a: Weezing
|-activate|p1a: Weezing|move: Protect
|move|p1b: Garchomp|Earthquake|p2a: Excadrill|[spread] p2a,p2b
|-activate|p1a: Weezing|move: Protect
|-supereffective|p2a: Excadrill
|-damage|p2a: Excadrill|0 fnt
|-damage|p2b: Indeedee|0 fnt
|faint|p2a: Excadrill
|faint|p2b: Indeedee
|-damage|p1b: Garchomp|91/100|[from] item: Life Orb
|
|win|Parchesin
|raw|Parchesin's rating: 1128 → 1151(+23 for winning)
|raw|Zurneus's rating: 1101 → 1078(-23 for losing)
|c|☆Zurneus|fml
|l|☆Zurneus
|player|p2|
