|j|☆JinWasHere
|j|☆Alex Agni
|html|JinWasHereAlex Agni    
|uhtml|bestof|Game 3 of a best-of-3
|t:|1786042435
|gametype|doubles
|player|p1|JinWasHere|wallace|
|player|p2|Alex Agni|shadowtriad|
|gen|9
|tier|[Gen 9 Champions] VGC 2026 Reg M-B (Bo3)
|rule|Species Clause: Limit one of each Pokémon
|rule|Item Clause: Limit 1 of each item
|clearpoke
|poke|p1|Scolipede, L50, M, shiny|
|poke|p1|Annihilape, L50, M|
|poke|p1|Hydreigon, L50, M|
|poke|p1|Aerodactyl, L50, F|
|poke|p1|Basculegion, L50, M|
|poke|p1|Glimmora, L50, M|
|poke|p2|Blastoise, L50, F|
|poke|p2|Delphox, L50, F|
|poke|p2|Sinistcha, L50|
|poke|p2|Incineroar, L50, F|
|poke|p2|Sneasler, L50, M|
|poke|p2|Primarina, L50, F|
|teampreview|4
|showteam|p1|Scolipede||Scolipite|SpeedBoost|PoisonJab,LeechLife,SwordsDance,Protect|Adamant||M|||50|]Annihilape||FocusSash|Defiant|Coaching,DrainPunch,CloseCombat,PhantomForce|Jolly||M|||50|]Hydreigon||ChoiceScarf|Levitate|DarkPulse,Snarl,HeatWave,DracoMeteor|Timid||M|||50|]Aerodactyl||Aerodactylite|Unnerve|Tailwind,DualWingbeat,RockSlide,WideGuard|Jolly||F|||50|]Basculegion||MysticWater|Adaptability|AquaJet,LastRespects,FlipTurn,Protect|Jolly||M|||50|]Glimmora||Leftovers|ToxicDebris|PowerGem,SludgeBomb,Toxic,SpikyShield|Bold||M|||50|
|showteam|p2|Blastoise||Blastoisinite|Torrent|WaterSpout,DarkPulse,ShellSmash,Protect|Modest||F|||50|]Delphox||Delphoxite|Blaze|HeatWave,Psyshock,NastyPlot,Protect|Timid||F|||50|]Sinistcha||KasibBerry|Hospitality|MatchaGotcha,ShadowBall,RagePowder,Protect|Bold|||||50|]Incineroar||SitrusBerry|Intimidate|FlareBlitz,DarkestLariat,FakeOut,PartingShot|Adamant||F|||50|]Sneasler||FocusSash|PoisonTouch|FakeOut,CloseCombat,PoisonJab,Protect|Jolly||M|||50|]Primarina||Leftovers|LiquidVoice|DrainingKiss,HyperVoice,ShadowBall,Protect|Modest||F|||50|
|j| reifard
|j| Raspree
|c| Raspree|Potete cominciare. Buona fortuna
|
|t:|1786042560
|teamsize|p1|4
|teamsize|p2|4
|start
|switch|p1a: Annihilape|Annihilape, L50, M|100/100
|switch|p1b: Aerodactyl|Aerodactyl, L50, F|100/100
|switch|p2a: Sonne|Delphox, L50, F|100/100
|switch|p2b: 99 Problem|Sneasler, L50, M|100/100
|-ability|p1b: Aerodactyl|Unnerve
|turn|1
|
|t:|1786042593
|switch|p1b: Basculegion|Basculegion, L50, M|100/100
|detailschange|p2a: Sonne|Delphox-Mega, L50, F
|-mega|p2a: Sonne|Delphox|Delphoxite
|move|p2a: Sonne|Protect|p2a: Sonne
|-singleturn|p2a: Sonne|Protect
|move|p2b: 99 Problem|Fake Out|p1b: Basculegion
|-immune|p1b: Basculegion
|move|p1a: Annihilape|Phantom Force||[still]
|-prepare|p1a: Annihilape|Phantom Force
|
|upkeep
|turn|2
|
|t:|1786042615
|switch|p2a: Bohemian Rhapsody|Incineroar, L50, F|100/100
|-ability|p2a: Bohemian Rhapsody|Intimidate|boost
|-unboost|p1a: Annihilape|atk|1
|-ability|p1a: Annihilape|Defiant|boost
|-boost|p1a: Annihilape|atk|2
|-unboost|p1b: Basculegion|atk|1
|move|p2b: 99 Problem|Poison Jab|p1b: Basculegion
|-resisted|p1b: Basculegion|1
|-damage|p1b: Basculegion|77/100
|-status|p1b: Basculegion|psn
|move|p1a: Annihilape|Phantom Force|p2a: Bohemian Rhapsody|[from] lockedmove
|-resisted|p2a: Bohemian Rhapsody|1
|-damage|p2a: Bohemian Rhapsody|70/100
|move|p1b: Basculegion|Flip Turn|p2a: Bohemian Rhapsody
|-supereffective|p2a: Bohemian Rhapsody|1
|-damage|p2a: Bohemian Rhapsody|20/100y
|-enditem|p2a: Bohemian Rhapsody|Sitrus Berry|[eat]
|-heal|p2a: Bohemian Rhapsody|45/100|[from] item: Sitrus Berry
|
|t:|1786042632
|switch|p1b: Aerodactyl|Aerodactyl, L50, F|100/100|[from] Flip Turn
|-ability|p1b: Aerodactyl|Unnerve
|
|upkeep
|turn|3
|
|t:|1786042645
|detailschange|p1b: Aerodactyl|Aerodactyl-Mega, L50, F
|-mega|p1b: Aerodactyl|Aerodactyl|Aerodactylite
|move|p1b: Aerodactyl|Dual Wingbeat|p2b: 99 Problem
|-supereffective|p2b: 99 Problem|1
|-damage|p2b: 99 Problem|14/100
|-supereffective|p2b: 99 Problem|1
|-damage|p2b: 99 Problem|0 fnt
|faint|p2b: 99 Problem
|-hitcount|p2: 99 Problem|2
|move|p1a: Annihilape|Coaching|p1b: Aerodactyl
|-boost|p1b: Aerodactyl|atk|1
|-boost|p1b: Aerodactyl|def|1
|move|p2a: Bohemian Rhapsody|Darkest Lariat|p1a: Annihilape
|-damage|p1a: Annihilape|53/100
|
|upkeep
|
|t:|1786042658
|switch|p2b: Vivarium|Sinistcha, L50|100/100
|-heal|p2a: Bohemian Rhapsody|70/100|[from] ability: Hospitality|[of] p2b: Vivarium
|turn|4
|
|t:|1786042669
|move|p2b: Vivarium|Protect|p2b: Vivarium
|-singleturn|p2b: Vivarium|Protect
|move|p1b: Aerodactyl|Dual Wingbeat|p2b: Vivarium
|-activate|p2b: Vivarium|move: Protect
|move|p1a: Annihilape|Drain Punch|p2a: Bohemian Rhapsody
|-supereffective|p2a: Bohemian Rhapsody|1
|-damage|p2a: Bohemian Rhapsody|0 fnt
|-heal|p1a: Annihilape|91/100|[from] drain|[of] p2a: Bohemian Rhapsody
|faint|p2a: Bohemian Rhapsody
|
|upkeep
|
|t:|1786042679
|switch|p2a: Sonne|Delphox-Mega, L50, F|100/100
|turn|5
|
|t:|1786042693
|move|p2a: Sonne|Psyshock|p1a: Annihilape
|-supereffective|p1a: Annihilape|1
|-damage|p1a: Annihilape|0 fnt
|faint|p1a: Annihilape
|move|p1b: Aerodactyl|Tailwind|p1b: Aerodactyl
|-sidestart|p1: JinWasHere|move: Tailwind
|move|p2b: Vivarium|Shadow Ball|p1b: Aerodactyl
|-damage|p1b: Aerodactyl|67/100
|
|upkeep
|
|t:|1786042702
|switch|p1a: Hydreigon|Hydreigon, L50, M|100/100
|turn|6
|
|t:|1786042717
|move|p2b: Vivarium|Protect|p2b: Vivarium
|-singleturn|p2b: Vivarium|Protect
|move|p1a: Hydreigon|Dark Pulse|p2b: Vivarium
|-activate|p2b: Vivarium|move: Protect
|move|p1b: Aerodactyl|Dual Wingbeat|p2a: Sonne
|-damage|p2a: Sonne|37/100
|-damage|p2a: Sonne|0 fnt
|faint|p2a: Sonne
|-hitcount|p2: Sonne|2
|
|upkeep
|turn|7
|
|t:|1786042730
|move|p1a: Hydreigon|Dark Pulse|p2b: Vivarium
|-supereffective|p2b: Vivarium|1
|-damage|p2b: Vivarium|25/100
|move|p1b: Aerodactyl|Dual Wingbeat|p2b: Vivarium
|-supereffective|p2b: Vivarium|1
|-damage|p2b: Vivarium|0 fnt
|faint|p2b: Vivarium
|-hitcount|p2: Vivarium|1
|
|win|JinWasHere
