|j|☆Zacian too strong
|j|☆ToastedArt
|html|Zacian too strongToastedArt    
|uhtml|bestof|Game 1 of a best-of-3
|t:|1785608990
|gametype|doubles
|player|p1|Zacian too strong|170|1122
|player|p2|ToastedArt|iris|1046
|gen|9
|tier|[Gen 9 Champions] VGC 2026 Reg M-B (Bo3)
|rated|
|rule|Species Clause: Limit one of each Pokémon
|rule|Item Clause: Limit 1 of each item
|clearpoke
|poke|p1|Aerodactyl, L50, M|
|poke|p1|Kingambit, L50, M|
|poke|p1|Sylveon, L50, M|
|poke|p1|Garchomp, L50, M|
|poke|p1|Charizard, L50, M|
|poke|p1|Incineroar, L50, M|
|poke|p2|Floette-Eternal, L50, F|
|poke|p2|Alcremie-Ruby-Swirl, L50, F, shiny|
|poke|p2|Incineroar, L50, M|
|poke|p2|Sinistcha, L50|
|poke|p2|Staraptor, L50, F|
|poke|p2|Sneasler, L50, M|
|teampreview|4
|showteam|p1|Aerodactyl||Aerodactylite|Unnerve|RockSlide,IceFang,Tailwind,WideGuard|Jolly||M|||50|]Kingambit||FocusSash|Defiant|KowtowCleave,SuckerPunch,IronHead,Protect|Adamant||M|||50|]Sylveon||FairyFeather|Pixilate|Detect,HyperVoice,HyperBeam,QuickAttack|Modest||M|||50|]Garchomp||LifeOrb|RoughSkin|Earthquake,DragonClaw,StompingTantrum,Protect|Jolly||M|||50|]Charizard||CharizarditeY|Blaze|Protect,HeatWave,SolarBeam,WeatherBall|Modest||M|||50|]Incineroar||SitrusBerry|Intimidate|DarkestLariat,FlareBlitz,FakeOut,PartingShot|Impish||M|||50|
|showteam|p2|Floette-Eternal||Floettite|FlowerVeil|DazzlingGleam,Moonblast,LightofRuin,Protect|Modest||F|||50|]Alcremie-Ruby-Swirl||ChoiceScarf|AromaVeil|Decorate,MistyExplosion,Charm,FakeTears|Timid||F|||50|]Incineroar||SitrusBerry|Intimidate|FlareBlitz,DarkestLariat,PartingShot,FakeOut|Impish||M|||50|]Sinistcha||OccaBerry|Hospitality|MatchaGotcha,RagePowder,TrickRoom,Protect|Relaxed|||||50|]Staraptor||Staraptite|Intimidate|CloseCombat,BraveBird,Roost,Protect|Careful||F|||50|]Sneasler||FocusSash|PoisonTouch|FakeOut,CloseCombat,PoisonJab,Protect|Adamant||M|||50|
|inactive|Battle timer is ON: inactive players will automatically lose when time's up. (requested by ToastedArt)
|inactive|Zacian too strong has 60 seconds left.
|inactive|Zacian too strong has 30 seconds left.
|
|t:|1785609059
|teamsize|p1|4
|teamsize|p2|4
|start
|switch|p1a: Incineroar|Incineroar, L50, M|100/100
|switch|p1b: Sylveon|Sylveon, L50, M|100/100
|switch|p2a: Floette|Floette-Eternal, L50, F|100/100
|switch|p2b: Alcremie|Alcremie-Ruby-Swirl, L50, F, shiny|100/100
|-ability|p1a: Incineroar|Intimidate|boost
|-unboost|p2a: Floette|atk|1
|-unboost|p2b: Alcremie|atk|1
|turn|1
|inactive|Zacian too strong has 30 seconds left.
|
|t:|1785609091
|detailschange|p2a: Floette|Floette-Mega, L50, F
|-mega|p2a: Floette|Floette|Floettite
|-ability|p2a: Floette|Fairy Aura
|move|p2a: Floette|Protect|p2a: Floette
|-singleturn|p2a: Floette|Protect
|move|p1a: Incineroar|Fake Out|p2a: Floette
|-activate|p2a: Floette|move: Protect
|move|p2b: Alcremie|Decorate|p2a: Floette
|-boost|p2a: Floette|atk|2
|-boost|p2a: Floette|spa|2
|move|p1b: Sylveon|Hyper Voice|p2a: Floette|[spread] p2b
|-activate|p2a: Floette|move: Protect
|-damage|p2b: Alcremie|40/100
|
|upkeep
|turn|2
|inactive|Zacian too strong has 30 seconds left.
|
|t:|1785609119
|move|p2b: Alcremie|Decorate|p2a: Floette
|-boost|p2a: Floette|atk|2
|-boost|p2a: Floette|spa|2
|move|p2a: Floette|Dazzling Gleam|p1b: Sylveon|[spread] p1a,p1b
|-damage|p1a: Incineroar|0 fnt
|-damage|p1b: Sylveon|0 fnt
|faint|p1a: Incineroar
|faint|p1b: Sylveon
|
|upkeep
|
|t:|1785609126
|switch|p1b: Garchomp|Garchomp, L50, M|100/100
|switch|p1a: Charizard|Charizard, L50, M|100/100
|turn|3
|
|t:|1785609142
|detailschange|p1a: Charizard|Charizard-Mega-Y, L50, M
|-mega|p1a: Charizard|Charizard|Charizardite Y
|-weather|SunnyDay|[from] ability: Drought|[of] p1a: Charizard
|move|p2b: Alcremie|Decorate|p2a: Floette
|-boost|p2a: Floette|atk|2
|-boost|p2a: Floette|spa|2
|move|p1b: Garchomp|Earthquake|p2b: Alcremie|[spread] p2a,p2b
|-immune|p1a: Charizard
|-damage|p2a: Floette|41/100
|-damage|p2b: Alcremie|0 fnt
|faint|p2b: Alcremie
|-damage|p1b: Garchomp|90/100|[from] item: Life Orb
|move|p2a: Floette|Dazzling Gleam|p1b: Garchomp|[spread] p1a,p1b
|-resisted|p1a: Charizard|1
|-supereffective|p1b: Garchomp|1
|-damage|p1a: Charizard|22/100
|-damage|p1b: Garchomp|0 fnt
|faint|p1b: Garchomp
|move|p1a: Charizard|Weather Ball|p2a: Floette
|-damage|p2a: Floette|0 fnt
|faint|p2a: Floette
|
|-weather|SunnyDay|[upkeep]
|upkeep
|
|t:|1785609156
|switch|p2a: Incineroar|Incineroar, L50, M|100/100
|switch|p2b: Sinistcha|Sinistcha, L50|100/100
|-ability|p2a: Incineroar|Intimidate|boost
|-unboost|p1a: Charizard|atk|1
|turn|4
|
|t:|1785609166
|move|p2a: Incineroar|Fake Out|p1a: Charizard
|-damage|p1a: Charizard|11/100
|cant|p1a: Charizard|flinch
|move|p2b: Sinistcha|Matcha Gotcha|p1a: Charizard
|-resisted|p1a: Charizard|2
|-damage|p1a: Charizard|4/100
|
|-weather|SunnyDay|[upkeep]
|upkeep
|turn|5
|
|t:|1785609172
|move|p2b: Sinistcha|Protect|p2b: Sinistcha
|-singleturn|p2b: Sinistcha|Protect
|move|p1a: Charizard|Weather Ball|p2b: Sinistcha
|-activate|p2b: Sinistcha|move: Protect
|move|p2a: Incineroar|Flare Blitz|p1a: Charizard
|-resisted|p1a: Charizard|1
|-damage|p1a: Charizard|0 fnt
|faint|p1a: Charizard
|-damage|p2a: Incineroar|98/100|[from] Recoil
|
|win|ToastedArt
