|j|☆freyartchan
|j|☆bloodnirvana98
|html|freyartchanbloodnirvana98    
|uhtml|bestof|Game 2 of a best-of-3
|t:|1756472105
|gametype|doubles
|player|p1|freyartchan|kieran-champion|1076
|player|p2|bloodnirvana98|giovanni|1096
|gen|9
|tier|[Gen 9] VGC 2025 Reg H (Bo3)
|rated|
|rule|Species Clause: Limit one of each Pokémon
|rule|Item Clause: Limit 1 of each item
|clearpoke
|poke|p1|Incineroar, L50, M|
|poke|p1|Vivillon, L50, F|
|poke|p1|Porygon2, L50|
|poke|p1|Gholdengo, L50|
|poke|p1|Garchomp, L50, F|
|poke|p1|Primarina, L50, F|
|poke|p2|Dragapult, L50, F|
|poke|p2|Garchomp, L50, F|
|poke|p2|Typhlosion-Hisui, L50, M|
|poke|p2|Murkrow, L50, M|
|poke|p2|Jumpluff, L50, F|
|poke|p2|Dragonite, L50, F|
|teampreview|4
|showteam|p1|Incineroar||SafetyGoggles|Intimidate|FakeOut,FlareBlitz,KnockOff,PartingShot|||M|||50|,,,,,Ghost]Vivillon||FocusSash|CompoundEyes|SleepPowder,Hurricane,RagePowder,Protect|||F|||50|,,,,,Ghost]Porygon2||Eviolite|Download|TeraBlast,IceBeam,TrickRoom,Recover||||||50|,,,,,Fighting]Gholdengo||MetalCoat|GoodasGold|MakeItRain,ShadowBall,NastyPlot,Protect||||||50|,,,,,Dragon]Garchomp||LifeOrb|RoughSkin|StompingTantrum,Earthquake,Protect,DragonClaw|||F|||50|,,,,,Fire]Primarina||SitrusBerry|LiquidVoice|HyperVoice,Moonblast,Haze,Protect|||F|||50|,,,,,Poison
|showteam|p2|Dragapult||ChoiceBand|ClearBody|DragonDarts,PhantomForce,Uturn,Outrage|||F|||50|,,,,,Dragon]Garchomp||LifeOrb|RoughSkin|RockSlide,Earthquake,StompingTantrum,Protect|||F|||50|,,,,,Ground]Typhlosion-Hisui||ChoiceSpecs|Blaze|Eruption,HeatWave,ShadowBall,Flamethrower|||M|||50|,,,,,Fire]Murkrow||Eviolite|Prankster|FoulPlay,Taunt,Tailwind,SunnyDay|||M|||50|,,,,,Dark]Jumpluff||CovertCloak|Chlorophyll|RagePowder,PollenPuff,Tailwind,SunnyDay|||F|||50|,,,,,Water]Dragonite||AssaultVest|InnerFocus|ExtremeSpeed,IceSpinner,DragonClaw,FirePunch|||F|||50|,,,,,Normal
|inactive|Battle timer is ON: inactive players will automatically lose when time's up. (requested by bloodnirvana98)
|inactive|freyartchan has 60 seconds left.
|
|t:|1756472148
|teamsize|p1|4
|teamsize|p2|4
|start
|switch|p1a: Primarina|Primarina, L50, F, shiny|100/100
|switch|p1b: Garchomp|Garchomp, L50, F|100/100
|switch|p2a: Dragapult|Dragapult, L50, F|100/100
|switch|p2b: Typhlosion|Typhlosion-Hisui, L50, M|100/100
|turn|1
|
|t:|1756472165
|-terastallize|p2a: Dragapult|Dragon
|move|p1b: Garchomp|Protect|p1b: Garchomp
|-singleturn|p1b: Garchomp|Protect
|move|p2a: Dragapult|Dragon Darts|p1b: Garchomp
|-immune|p1a: Primarina
|move|p2b: Typhlosion|Eruption|p1a: Primarina|[spread] p1a
|-activate|p1b: Garchomp|move: Protect
|-resisted|p1a: Primarina
|-damage|p1a: Primarina|67/100
|move|p1a: Primarina|Hyper Voice|p2b: Typhlosion|[spread] p2a,p2b
|-resisted|p2a: Dragapult
|-supereffective|p2b: Typhlosion
|-damage|p2a: Dragapult|80/100
|-damage|p2b: Typhlosion|16/100
|
|upkeep
|turn|2
|inactive|freyartchan has 30 seconds left.
|
|t:|1756472194
|switch|p1b: Incineroar|Incineroar, L50, M|100/100
|-ability|p1b: Incineroar|Intimidate|boost
|-fail|p2a: Dragapult|unboost|[from] ability: Clear Body|[of] p2a: Dragapult
|-unboost|p2b: Typhlosion|atk|1
|switch|p2b: Jumpluff|Jumpluff, L50, F|100/100
|move|p2a: Dragapult|Dragon Darts|p1b: Incineroar
|-damage|p1b: Incineroar|60/100
|-anim|p2a: Dragapult|Dragon Darts|p1b: Incineroar
|-damage|p1b: Incineroar|20/100
|move|p1a: Primarina|Moonblast|p2a: Dragapult
|-supereffective|p2a: Dragapult
|-damage|p2a: Dragapult|0 fnt
|faint|p2a: Dragapult
|
|upkeep
|
|t:|1756472209
|switch|p2a: Typhlosion|Typhlosion-Hisui, L50, M|16/100
|turn|3
|inactive|freyartchan has 30 seconds left.
|inactive|bloodnirvana98 has 30 seconds left.
|
|t:|1756472242
|switch|p1b: Vivillon|Vivillon, L50, F, shiny|100/100
|move|p2b: Jumpluff|Pollen Puff|p2a: Typhlosion
|-heal|p2a: Typhlosion|66/100
|move|p2a: Typhlosion|Heat Wave|p1a: Primarina|[spread] p1a,p1b
|-resisted|p1a: Primarina
|-supereffective|p1b: Vivillon
|-damage|p1a: Primarina|44/100
|-enditem|p1b: Vivillon|Focus Sash
|-damage|p1b: Vivillon|1/100
|-enditem|p1a: Primarina|Sitrus Berry|[eat]
|-heal|p1a: Primarina|69/100|[from] item: Sitrus Berry
|move|p1a: Primarina|Hyper Voice|p2b: Jumpluff|[spread] p2a,p2b
|-supereffective|p2a: Typhlosion
|-resisted|p2b: Jumpluff
|-damage|p2a: Typhlosion|0 fnt
|-damage|p2b: Jumpluff|85/100
|faint|p2a: Typhlosion
|
|upkeep
|
|t:|1756472258
|switch|p2a: Garchomp|Garchomp, L50, F|100/100
|turn|4
|inactive|freyartchan has 30 seconds left.
|inactive|freyartchan has 20 seconds left.
|inactive|freyartchan has 15 seconds left.
|
|t:|1756472301
|switch|p1b: Incineroar|Incineroar, L50, M|20/100
|-ability|p1b: Incineroar|Intimidate|boost
|-unboost|p2a: Garchomp|atk|1
|-unboost|p2b: Jumpluff|atk|1
|move|p2b: Jumpluff|Pollen Puff|p1b: Incineroar
|-damage|p1b: Incineroar|6/100
|move|p2a: Garchomp|Earthquake|p1b: Incineroar|[spread] p1a,p1b
|-immune|p2b: Jumpluff
|-supereffective|p1b: Incineroar
|-damage|p1a: Primarina|34/100
|-damage|p1b: Incineroar|0 fnt
|faint|p1b: Incineroar
|-damage|p2a: Garchomp|91/100|[from] item: Life Orb
|move|p1a: Primarina|Moonblast|p2a: Garchomp
|-supereffective|p2a: Garchomp
|-damage|p2a: Garchomp|0 fnt
|faint|p2a: Garchomp
|
|upkeep
|
|t:|1756472320
|switch|p1b: Vivillon|Vivillon, L50, F, shiny|1/100
|turn|5
|-message|bloodnirvana98 forfeited.
|
|win|freyartchan
|l|☆bloodnirvana98
|player|p2|
||bloodnirvana98 is ready for game 3.
||freyartchan is ready for game 3.
|uhtml|next|Next: Game 3 of 3
