|j|☆Hayz27727282828
|j|☆Refanner
|html|Hayz27727282828Refanner    
|uhtml|bestof|Game 3 of a best-of-3
|t:|1756745570
|gametype|doubles
|player|p1|Hayz27727282828|102|1182
|player|p2|Refanner|102|1191
|gen|9
|tier|[Gen 9] VGC 2025 Reg H (Bo3)
|rated|
|rule|Species Clause: Limit one of each Pokémon
|rule|Item Clause: Limit 1 of each item
|clearpoke
|poke|p1|Tyranitar, L50, M|
|poke|p1|Rillaboom, L50, M|
|poke|p1|Volcarona, L50, F|
|poke|p1|Primarina, L50, M|
|poke|p1|Sneasler, L50, M|
|poke|p1|Baxcalibur, L50, M|
|poke|p2|Garchomp, L50, M|
|poke|p2|Incineroar, L50, F|
|poke|p2|Hydreigon, L50, M|
|poke|p2|Gholdengo, L50|
|poke|p2|Milotic, L50, F|
|poke|p2|Amoonguss, L50, F|
|teampreview|4
|showteam|p1|Tyranitar||FocusSash|SandStream|RockSlide,KnockOff,Taunt,Protect|||M|||50|,,,,,Ghost]Rillaboom||AssaultVest|GrassySurge|HighHorsepower,Uturn,GrassyGlide,FakeOut|||M|||50|,,,,,Fire]Volcarona||Leftovers|FlameBody|FieryDance,QuiverDance,GigaDrain,Protect|||F|||50|,,,,,Dragon]Primarina||ThroatSpray|LiquidVoice|Moonblast,HyperVoice,Haze,Protect|||M|||50|,,,,,Ground]Sneasler||GrassySeed|Unburden|CloseCombat,DireClaw,Acrobatics,Protect|||M|||50|,,,,,Dark]Baxcalibur||ClearAmulet|ThermalExchange|IceShard,GlaiveRush,Protect,IcicleCrash|||M|||50|,,,,,Water
|showteam|p2|Garchomp||LoadedDice|RoughSkin|ScaleShot,Earthquake,StompingTantrum,Protect|||M|||50|,,,,,Fire]Incineroar||SitrusBerry|Intimidate|FlareBlitz,KnockOff,PartingShot,FakeOut|||F|||50|,,,,,Grass]Hydreigon||SafetyGoggles|Levitate|Snarl,DracoMeteor,Tailwind,Protect|||M|||50|,,,,,Ghost]Gholdengo||MetalCoat|GoodasGold|MakeItRain,ShadowBall,NastyPlot,Protect||||||50|,,,,,Flying]Milotic||Leftovers|Competitive|IcyWind,Scald,Haze,Protect|||F|||50|,,,,,Grass]Amoonguss||CovertCloak|Regenerator|PollenPuff,Spore,RagePowder,Protect|||F|||50|,,,,,Fire
|inactive|Battle timer is ON: inactive players will automatically lose when time's up. (requested by Hayz27727282828)
|inactive|Refanner has 60 seconds left.
|
|t:|1756745626
|teamsize|p1|4
|teamsize|p2|4
|start
|switch|p1a: Volcarona|Volcarona, L50, F|100/100
|switch|p1b: Rillaboom|Rillaboom, L50, M|100/100
|switch|p2a: Garchomp|Garchomp, L50, M|100/100
|switch|p2b: Incineroar|Incineroar, L50, F|100/100
|-fieldstart|move: Grassy Terrain|[from] ability: Grassy Surge|[of] p1b: Rillaboom
|-ability|p2b: Incineroar|Intimidate|boost
|-unboost|p1a: Volcarona|atk|1
|-unboost|p1b: Rillaboom|atk|1
|turn|1
|inactive|Hayz27727282828 has 30 seconds left.
|inactive|Hayz27727282828 has 20 seconds left.
|inactive|Hayz27727282828 has 15 seconds left.
|
|t:|1756745669
|switch|p1a: Primarina|Primarina, L50, M|100/100
|move|p1b: Rillaboom|Fake Out|p2a: Garchomp
|-damage|p2a: Garchomp|91/100
|-damage|p1b: Rillaboom|88/100|[from] ability: Rough Skin|[of] p2a: Garchomp
|move|p2b: Incineroar|Fake Out|p1a: Primarina
|-damage|p1a: Primarina|88/100
|cant|p2a: Garchomp|flinch
|
|-heal|p2a: Garchomp|97/100|[from] Grassy Terrain
|-heal|p1b: Rillaboom|94/100|[from] Grassy Terrain
|-heal|p1a: Primarina|94/100|[from] Grassy Terrain
|upkeep
|turn|2
|inactive|Refanner has 30 seconds left.
|inactive|Refanner has 20 seconds left.
|inactive|Refanner has 15 seconds left.
|
|t:|1756745711
|move|p2a: Garchomp|Protect|p2a: Garchomp
|-singleturn|p2a: Garchomp|Protect
|move|p1b: Rillaboom|U-turn|p2b: Incineroar
|-damage|p2b: Incineroar|85/100
|
|t:|1756745719
|switch|p1b: Sneasler|Sneasler, L50, M|100/100|[from] U-turn
|-enditem|p1b: Sneasler|Grassy Seed
|-boost|p1b: Sneasler|def|1|[from] item: Grassy Seed
|move|p2b: Incineroar|Parting Shot|p1a: Primarina
|-unboost|p1a: Primarina|atk|1
|-unboost|p1a: Primarina|spa|1
|
|t:|1756745727
|switch|p2b: Gholdengo|Gholdengo, L50|100/100|[from] Parting Shot
|move|p1a: Primarina|Hyper Voice|p2a: Garchomp|[spread] p2b
|-activate|p2a: Garchomp|move: Protect
|-damage|p2b: Gholdengo|79/100
|-enditem|p1a: Primarina|Throat Spray
|-boost|p1a: Primarina|spa|1|[from] item: Throat Spray
|
|-heal|p2a: Garchomp|100/100|[from] Grassy Terrain
|-heal|p2b: Gholdengo|85/100|[from] Grassy Terrain
|-heal|p1a: Primarina|99/100|[from] Grassy Terrain
|upkeep
|turn|3
|inactive|Refanner has 30 seconds left.
|inactive|Refanner has 20 seconds left.
|inactive|Refanner has 15 seconds left.
|
|t:|1756745772
|-terastallize|p2a: Garchomp|Fire
|-terastallize|p1a: Primarina|Ground
|move|p1b: Sneasler|Dire Claw|p2a: Garchomp
|-damage|p2a: Garchomp|61/100
|-damage|p1b: Sneasler|88/100|[from] ability: Rough Skin|[of] p2a: Garchomp
|move|p2a: Garchomp|Stomping Tantrum|p1b: Sneasler
|-supereffective|p1b: Sneasler
|-damage|p1b: Sneasler|0 fnt
|faint|p1b: Sneasler
|move|p2b: Gholdengo|Nasty Plot|p2b: Gholdengo
|-boost|p2b: Gholdengo|spa|2
|move|p1a: Primarina|Moonblast|p2a: Garchomp
|-resisted|p2a: Garchomp
|-damage|p2a: Garchomp|36/100
|
|-heal|p2a: Garchomp|42/100|[from] Grassy Terrain
|-heal|p2b: Gholdengo|91/100|[from] Grassy Terrain
|-heal|p1a: Primarina|100/100|[from] Grassy Terrain
|upkeep
|
|t:|1756745796
|switch|p1b: Rillaboom|Rillaboom, L50, M|94/100
|turn|4
|inactive|Refanner has 30 seconds left.
|
|t:|1756745823
|switch|p2a: Incineroar|Incineroar, L50, F|85/100
|-ability|p2a: Incineroar|Intimidate|boost
|-unboost|p1a: Primarina|atk|1
|-unboost|p1b: Rillaboom|atk|1
|move|p2b: Gholdengo|Make It Rain|p1b: Rillaboom|[spread] p1a,p1b
|-damage|p1a: Primarina|9/100
|-damage|p1b: Rillaboom|12/100
|-unboost|p2b: Gholdengo|spa|1
|move|p1b: Rillaboom|High Horsepower|p2b: Gholdengo
|-supereffective|p2b: Gholdengo
|-damage|p2b: Gholdengo|48/100
|move|p1a: Primarina|Haze|p1a: Primarina
|-clearallboost
|
|-heal|p2b: Gholdengo|55/100|[from] Grassy Terrain
|-heal|p1b: Rillaboom|19/100|[from] Grassy Terrain
|-heal|p2a: Incineroar|91/100|[from] Grassy Terrain
|-heal|p1a: Primarina|15/100|[from] Grassy Terrain
|upkeep
|turn|5
|inactive|Hayz27727282828 has 30 seconds left.
|inactive|Refanner has 30 seconds left.
|
|t:|1756745852
|move|p1a: Primarina|Protect|p1a: Primarina
|-singleturn|p1a: Primarina|Protect
|move|p2a: Incineroar|Fake Out|p1b: Rillaboom
|-damage|p1b: Rillaboom|7/100
|move|p2b: Gholdengo|Make It Rain|p1a: Primarina|[spread] p1b
|-activate|p1a: Primarina|move: Protect
|-damage|p1b: Rillaboom|0 fnt
|-unboost|p2b: Gholdengo|spa|1
|faint|p1b: Rillaboom
|
|-heal|p2b: Gholdengo|61/100|[from] Grassy Terrain
|-heal|p2a: Incineroar|97/100|[from] Grassy Terrain
|-heal|p1a: Primarina|21/100|[from] Grassy Terrain
|-fieldend|move: Grassy Terrain
|upkeep
|
|t:|1756745868
|switch|p1b: Volcarona|Volcarona, L50, F|100/100
|turn|6
|
|t:|1756745885
|move|p2b: Gholdengo|Protect|p2b: Gholdengo
|-singleturn|p2b: Gholdengo|Protect
|move|p1b: Volcarona|Quiver Dance|p1b: Volcarona
|-boost|p1b: Volcarona|spa|1
|-boost|p1b: Volcarona|spd|1
|-boost|p1b: Volcarona|spe|1
|move|p2a: Incineroar|Parting Shot|p1b: Volcarona
|-unboost|p1b: Volcarona|atk|1
|-unboost|p1b: Volcarona|spa|1
|
|t:|1756745908
|switch|p2a: Hydreigon|Hydreigon, L50, M|100/100|[from] Parting Shot
|move|p1a: Primarina|Hyper Voice|p2a: Hydreigon|[spread] p2a
|-activate|p2b: Gholdengo|move: Protect
|-resisted|p2a: Hydreigon
|-damage|p2a: Hydreigon|82/100
|
|upkeep
|turn|7
|c|☆Hayz27727282828|Damn wp
|
|t:|1756745930
|move|p1a: Primarina|Protect|p1a: Primarina
|-singleturn|p1a: Primarina|Protect
|move|p1b: Volcarona|Quiver Dance|p1b: Volcarona
|-boost|p1b: Volcarona|spa|1
|-boost|p1b: Volcarona|spd|1
|-boost|p1b: Volcarona|spe|1
|move|p2a: Hydreigon|Snarl|p1a: Primarina|[spread] p1b
|-activate|p1a: Primarina|move: Protect
|-damage|p1b: Volcarona|91/100
|-unboost|p1b: Volcarona|spa|1
|move|p2b: Gholdengo|Make It Rain|p1b: Volcarona|[spread] p1b
|-activate|p1a: Primarina|move: Protect
|-resisted|p1b: Volcarona
|-damage|p1b: Volcarona|83/100
|-unboost|p2b: Gholdengo|spa|1
|
|-heal|p1b: Volcarona|90/100|[from] item: Leftovers
|upkeep
|turn|8
|inactive|Hayz27727282828 has 30 seconds left.
|
|t:|1756745961
|move|p1b: Volcarona|Fiery Dance|p2b: Gholdengo
|-supereffective|p2b: Gholdengo
|-damage|p2b: Gholdengo|0 fnt
|-boost|p1b: Volcarona|spa|1
|faint|p2b: Gholdengo
|move|p2a: Hydreigon|Snarl|p1a: Primarina|[spread] p1a,p1b
|-damage|p1a: Primarina|3/100
|-damage|p1b: Volcarona|81/100
|-unboost|p1a: Primarina|spa|1
|-unboost|p1b: Volcarona|spa|1
|move|p1a: Primarina|Moonblast|p2a: Hydreigon
|-supereffective|p2a: Hydreigon
|-damage|p2a: Hydreigon|0 fnt
|faint|p2a: Hydreigon
|
|-heal|p1b: Volcarona|87/100|[from] item: Leftovers
|upkeep
|
|t:|1756745971
|switch|p2a: Garchomp|Garchomp, L50, M, tera:Fire|42/100
|switch|p2b: Incineroar|Incineroar, L50, F|97/100
|-ability|p2b: Incineroar|Intimidate|boost
|-unboost|p1a: Primarina|atk|1
|-unboost|p1b: Volcarona|atk|1
|turn|9
|inactive|Refanner has 30 seconds left.
|
|t:|1756745998
|move|p1b: Volcarona|Protect|p1b: Volcarona
|-singleturn|p1b: Volcarona|Protect
|move|p1a: Primarina|Protect|p1a: Primarina
|-singleturn|p1a: Primarina|Protect
|move|p2b: Incineroar|Fake Out|p1b: Volcarona
|-activate|p1b: Volcarona|move: Protect
|move|p2a: Garchomp|Scale Shot|p1a: Primarina
|-activate|p1a: Primarina|move: Protect
|
|-heal|p1b: Volcarona|94/100|[from] item: Leftovers
|upkeep
|turn|10
|inactive|Hayz27727282828 has 30 seconds left.
|inactive|Refanner has 30 seconds left.
|
|t:|1756746032
|move|p1b: Volcarona|Fiery Dance|p2a: Garchomp
|-resisted|p2a: Garchomp
|-damage|p2a: Garchomp|20/100
|-boost|p1b: Volcarona|spa|1
|move|p2a: Garchomp|Scale Shot|p1b: Volcarona
|-damage|p1b: Volcarona|76/100
|-damage|p1b: Volcarona|56/100
|-damage|p1b: Volcarona|38/100
|-damage|p1b: Volcarona|21/100
|-crit|p1b: Volcarona
|-damage|p1b: Volcarona|0 fnt
|faint|p1b: Volcarona
|-hitcount|p1: Volcarona|5
|-unboost|p2a: Garchomp|def|1
|-boost|p2a: Garchomp|spe|1
|move|p2b: Incineroar|Knock Off|p1a: Primarina
|-damage|p1a: Primarina|0 fnt
|faint|p1a: Primarina
|
|win|Refanner
|raw|Hayz27727282828's rating: 1182 → 1158(-24 for losing)
|raw|Refanner's rating: 1191 → 1215(+24 for winning)
|c|☆Refanner|ggs
|l|☆Hayz27727282828
|player|p1|
