|j|☆uvuvuvwewe
|j|☆thegrinchofficial
|html|uvuvuvwewethegrinchofficial    
|uhtml|bestof|Game 2 of a best-of-3
|t:|1783695444
|gametype|doubles
|player|p1|uvuvuvwewe|unknown|1048
|player|p2|thegrinchofficial|baker|1074
|gen|9
|tier|[Gen 9 Champions] VGC 2026 Reg M-B (Bo3)
|rated|
|rule|Species Clause: Limit one of each Pokémon
|rule|Item Clause: Limit 1 of each item
|clearpoke
|poke|p1|Charizard, L50, M|
|poke|p1|Raichu, L50, M|
|poke|p1|Basculegion, L50, M|
|poke|p1|Garchomp, L50, M|
|poke|p1|Whimsicott, L50, F|
|poke|p1|Incineroar, L50, M|
|poke|p2|Liepard, L50, M|
|poke|p2|Chandelure, L50, M|
|poke|p2|Skarmory, L50, M|
|poke|p2|Rotom-Mow, L50|
|poke|p2|Gardevoir, L50, F|
|poke|p2|Krookodile, L50, M|
|teampreview|4
|showteam|p1|Charizard||CharizarditeY|Blaze|HeatWave,WeatherBall,Protect,SolarBeam|Modest||M|||50|]Raichu||RaichuniteY|LightningRod|ZapCannon,FocusBlast,GrassKnot,Protect|Modest||M|||50|]Basculegion||MysticWater|Adaptability|WaveCrash,AquaJet,LastRespects,Protect|Jolly||M|||50|]Garchomp||LifeOrb|RoughSkin|Earthquake,RockSlide,Protect,PoisonJab|Adamant||M|||50|]Whimsicott||FocusSash|Prankster|Tailwind,Encore,Moonblast,Hurricane|Modest||F|||50|]Incineroar||Leftovers|Intimidate|FakeOut,PartingShot,FlareBlitz,DarkestLariat|Adamant||M|||50|
|showteam|p2|Liepard||FocusSash|Prankster|FakeOut,Encore,SunnyDay,FoulPlay|Jolly||M|||50|]Chandelure||Chandelurite|FlashFire|Protect,HeatWave,ShadowBall,SolarBeam|Modest||M|||50|]Skarmory||Leftovers|Sturdy|Tailwind,IronDefense,BodyPress,IronHead|Impish||M|||50|]Rotom-Mow||ChoiceScarf|Levitate|Discharge,LeafStorm,Electroweb,LightScreen|Modest|||||50|]Gardevoir||SitrusBerry|Telepathy|TrickRoom,Imprison,Psychic,Moonblast|Calm||F|||50|]Krookodile||LifeOrb|Intimidate|Earthquake,RockSlide,KnockOff,Protect|Jolly||M|||50|
|
|t:|1783695484
|teamsize|p1|4
|teamsize|p2|4
|start
|switch|p1a: Charizard|Charizard, L50, M|100/100
|switch|p1b: Whimsicott|Whimsicott, L50, F|100/100
|switch|p2a: Rotom|Rotom-Mow, L50|100/100
|switch|p2b: Krookodile|Krookodile, L50, M|100/100
|-ability|p2b: Krookodile|Intimidate|boost
|-unboost|p1a: Charizard|atk|1
|-unboost|p1b: Whimsicott|atk|1
|turn|1
|
|t:|1783695519
|detailschange|p1a: Charizard|Charizard-Mega-Y, L50, M
|-mega|p1a: Charizard|Charizard|Charizardite Y
|-weather|SunnyDay|[from] ability: Drought|[of] p1a: Charizard
|move|p2b: Krookodile|Protect|p2b: Krookodile
|-singleturn|p2b: Krookodile|Protect
|move|p1b: Whimsicott|Tailwind|p1b: Whimsicott
|-sidestart|p1: uvuvuvwewe|move: Tailwind
|move|p1a: Charizard|Weather Ball|p2a: Rotom
|-supereffective|p2a: Rotom|1
|-damage|p2a: Rotom|0 fnt
|faint|p2a: Rotom
|
|-weather|SunnyDay|[upkeep]
|upkeep
|
|t:|1783695531
|switch|p2a: Chandelure|Chandelure, L50, M|100/100
|turn|2
|
|t:|1783695568
|move|p1b: Whimsicott|Encore|p2b: Krookodile
|-hint|Since gen 7, Dark is immune to Prankster moves.
|-immune|p2b: Krookodile
|move|p1a: Charizard|Solar Beam||[still]
|-prepare|p1a: Charizard|Solar Beam
|-anim|p1a: Charizard|Solar Beam|p2a: Chandelure
|-resisted|p2a: Chandelure|1
|-damage|p2a: Chandelure|66/100
|move|p2b: Krookodile|Rock Slide|p1a: Charizard|[spread] p1a,p1b
|-supereffective|p1a: Charizard|2
|-damage|p1a: Charizard|0 fnt
|-damage|p1b: Whimsicott|65/100
|faint|p1a: Charizard
|-damage|p2b: Krookodile|90/100|[from] item: Life Orb
|move|p2a: Chandelure|Heat Wave|p1b: Whimsicott
|-supereffective|p1b: Whimsicott|1
|-damage|p1b: Whimsicott|0 fnt
|faint|p1b: Whimsicott
|
|-weather|SunnyDay|[upkeep]
|upkeep
|
|t:|1783695585
|switch|p1b: Incineroar|Incineroar, L50, M|100/100
|switch|p1a: Basculegion|Basculegion, L50, M|100/100
|-ability|p1b: Incineroar|Intimidate|boost
|-unboost|p2a: Chandelure|atk|1
|-unboost|p2b: Krookodile|atk|1
|turn|3
|
|t:|1783695606
|switch|p2a: Gardevoir|Gardevoir, L50, F|100/100
|move|p2b: Krookodile|Protect|p2b: Krookodile
|-singleturn|p2b: Krookodile|Protect
|move|p1b: Incineroar|Fake Out|p2b: Krookodile
|-activate|p2b: Krookodile|move: Protect
|move|p1a: Basculegion|Last Respects|p2a: Gardevoir
|-supereffective|p2a: Gardevoir|1
|-damage|p2a: Gardevoir|0 fnt
|faint|p2a: Gardevoir
|
|-weather|SunnyDay|[upkeep]
|upkeep
|
|t:|1783695617
|switch|p2a: Chandelure|Chandelure, L50, M|66/100
|turn|4
|
|t:|1783695632
|move|p2a: Chandelure|Protect|p2a: Chandelure
|-singleturn|p2a: Chandelure|Protect
|move|p1a: Basculegion|Last Respects|p2a: Chandelure
|-activate|p2a: Chandelure|move: Protect
|move|p1b: Incineroar|Parting Shot|p2b: Krookodile
|-unboost|p2b: Krookodile|atk|1
|-unboost|p2b: Krookodile|spa|1
|move|p2b: Krookodile|Knock Off|p1a: Basculegion
|-supereffective|p1a: Basculegion|1
|-damage|p1a: Basculegion|19/100
|-enditem|p1a: Basculegion|Mystic Water|[from] move: Knock Off|[of] p2b: Krookodile
|-damage|p2b: Krookodile|80/100|[from] item: Life Orb
|
|-weather|SunnyDay|[upkeep]
|-sideend|p1: uvuvuvwewe|move: Tailwind
|upkeep
|turn|5
|
|t:|1783695652
|move|p1a: Basculegion|Protect|p1a: Basculegion
|-singleturn|p1a: Basculegion|Protect
|move|p2a: Chandelure|Protect||[still]
|-fail|p2a: Chandelure
|move|p2b: Krookodile|Rock Slide|p1b: Incineroar|[spread] p1b
|-activate|p1a: Basculegion|move: Protect
|-supereffective|p1b: Incineroar|1
|-damage|p1b: Incineroar|78/100
|-damage|p2b: Krookodile|70/100|[from] item: Life Orb
|cant|p1b: Incineroar|flinch
|
|-weather|none
|-heal|p1b: Incineroar|84/100|[from] item: Leftovers
|upkeep
|turn|6
|
|t:|1783695670
|move|p2a: Chandelure|Protect|p2a: Chandelure
|-singleturn|p2a: Chandelure|Protect
|move|p1a: Basculegion|Aqua Jet|p2a: Chandelure
|-activate|p2a: Chandelure|move: Protect
|move|p2b: Krookodile|Rock Slide|p1a: Basculegion|[spread] p1a,p1b
|-supereffective|p1b: Incineroar|1
|-damage|p1a: Basculegion|5/100
|-damage|p1b: Incineroar|60/100
|-damage|p2b: Krookodile|60/100|[from] item: Life Orb
|cant|p1b: Incineroar|flinch
|
|-heal|p1b: Incineroar|66/100|[from] item: Leftovers
|upkeep
|turn|7
|
|t:|1783695692
|move|p2a: Chandelure|Protect||[still]
|-fail|p2a: Chandelure
|move|p1a: Basculegion|Aqua Jet|p2a: Chandelure
|-supereffective|p2a: Chandelure|1
|-damage|p2a: Chandelure|6/100
|move|p2b: Krookodile|Rock Slide|p1b: Incineroar|[spread] p1a,p1b
|-supereffective|p1b: Incineroar|1
|-damage|p1a: Basculegion|0 fnt
|-damage|p1b: Incineroar|42/100
|faint|p1a: Basculegion
|-damage|p2b: Krookodile|50/100g|[from] item: Life Orb
|move|p1b: Incineroar|Parting Shot|p2b: Krookodile
|-unboost|p2b: Krookodile|atk|1
|-unboost|p2b: Krookodile|spa|1
|
|-heal|p1b: Incineroar|48/100|[from] item: Leftovers
|upkeep
|turn|8
|
|t:|1783695711
|move|p2b: Krookodile|Rock Slide|p1b: Incineroar
|-supereffective|p1b: Incineroar|1
|-damage|p1b: Incineroar|22/100
|-damage|p2b: Krookodile|40/100|[from] item: Life Orb
|move|p2a: Chandelure|Heat Wave|p1b: Incineroar|[miss]
|-miss|p2a: Chandelure|p1b: Incineroar
|move|p1b: Incineroar|Flare Blitz|p2b: Krookodile
|-damage|p2b: Krookodile|0 fnt
|faint|p2b: Krookodile
|-damage|p1b: Incineroar|11/100|[from] Recoil
|
|-heal|p1b: Incineroar|17/100|[from] item: Leftovers
|upkeep
|turn|9
|
|t:|1783695726
|move|p2a: Chandelure|Shadow Ball|p1b: Incineroar
|-resisted|p1b: Incineroar|1
|-crit|p1b: Incineroar
|-damage|p1b: Incineroar|0 fnt
|faint|p1b: Incineroar
|
|win|thegrinchofficial
||uvuvuvwewe is ready for game 3.
