|j|☆graavi
|j|☆teampablo
|html|graaviteampablo    
|uhtml|bestof|Game 1 of a best-of-3
|t:|1783331489
|gametype|doubles
|player|p1|graavi|1|1040
|player|p2|teampablo|juan|1043
|gen|9
|tier|[Gen 9 Champions] VGC 2026 Reg M-B (Bo3)
|rated|
|rule|Species Clause: Limit one of each Pokémon
|rule|Item Clause: Limit 1 of each item
|clearpoke
|poke|p1|Venusaur, L50, F|
|poke|p1|Tyranitar, L50, F|
|poke|p1|Sinistcha, L50|
|poke|p1|Grimmsnarl, L50, M|
|poke|p1|Torkoal, L50, M|
|poke|p1|Kingambit, L50, M|
|poke|p2|Hatterene, L50, F|
|poke|p2|Spiritomb, L50, M|
|poke|p2|Audino, L50, M|
|poke|p2|Sylveon, L50, M|
|poke|p2|Sinistcha-Masterpiece, L50|
|poke|p2|Chimecho, L50, M|
|teampreview|4
|showteam|p1|Venusaur||Venusaurite|Overgrow|GigaDrain,SludgeBomb,EarthPower,Protect|Quiet||F|||50|]Tyranitar||Tyranitarite|SandStream|RockSlide,KnockOff,Protect,IcePunch|Brave||F|||50|]Sinistcha||Leftovers|Hospitality|MatchaGotcha,TrickRoom,Protect,LifeDew|Quiet|||||50|]Grimmsnarl||LightClay|Prankster|Reflect,LightScreen,PartingShot,FoulPlay|Sassy||M|||50|]Torkoal||SitrusBerry|Drought|Eruption,SolarBeam,Protect,EarthPower|Quiet||M|||50|]Kingambit||BlackGlasses|SupremeOverlord|SuckerPunch,KowtowCleave,Protect,IronHead|Brave||M|||50|
|showteam|p2|Hatterene||LightClay|MagicBounce|Reflect,SkillSwap,AromaticMist,LightScreen|Bold||F|||50|]Spiritomb||Leftovers|Infiltrator|Snarl,TrickRoom,WillOWisp,Hex|Bold||M|||50|]Audino||Audinite|Regenerator|SimpleBeam,CalmMind,HyperVoice,LifeDew|Bold||M|||50|]Sylveon||FairyFeather|Pixilate|HyperVoice,MysticalFire,SkillSwap,Protect|Calm||M|||50|]Sinistcha-Masterpiece||ColburBerry|Hospitality|MatchaGotcha,StrengthSap,RagePowder,TrickRoom|Bold|||||50|]Chimecho||Chimechite|Levitate|Boomburst,TrickRoom,FlashCannon,CosmicPower|Relaxed||M|||50|
|
|t:|1783331517
|teamsize|p1|4
|teamsize|p2|4
|start
|switch|p1a: Venusaur|Venusaur, L50, F|100/100
|switch|p1b: Sinistcha|Sinistcha, L50|100/100
|switch|p2a: Hatterene|Hatterene, L50, F|100/100
|switch|p2b: Audino|Audino, L50, M|100/100
|turn|1
|inactive|Battle timer is ON: inactive players will automatically lose when time's up. (requested by graavi)
|
|t:|1783331571
|detailschange|p1a: Venusaur|Venusaur-Mega, L50, F
|-mega|p1a: Venusaur|Venusaur|Venusaurite
|detailschange|p2b: Audino|Audino-Mega, L50, M
|-mega|p2b: Audino|Audino|Audinite
|move|p1a: Venusaur|Sludge Bomb|p2a: Hatterene
|-supereffective|p2a: Hatterene|1
|-damage|p2a: Hatterene|12/100
|move|p2b: Audino|Calm Mind|p2b: Audino
|-boost|p2b: Audino|spa|1
|-boost|p2b: Audino|spd|1
|move|p2a: Hatterene|Light Screen|p2a: Hatterene
|-sidestart|p2: teampablo|move: Light Screen
|move|p1b: Sinistcha|Trick Room|p1b: Sinistcha
|-fieldstart|move: Trick Room|[of] p1b: Sinistcha
|
|upkeep
|turn|2
|inactive|teampablo has 30 seconds left.
|inactive|teampablo has 20 seconds left.
|inactive|teampablo has 15 seconds left.
|inactive|teampablo has 10 seconds left.
|inactive|teampablo has 5 seconds left.
|
|t:|1783331626
|move|p2a: Hatterene|Reflect|p2a: Hatterene
|-sidestart|p2: teampablo|Reflect
|move|p2b: Audino|Simple Beam|p1b: Sinistcha
|-ability|p1b: Sinistcha|Simple|Hospitality|[from] move: Simple Beam
|move|p1b: Sinistcha|Matcha Gotcha|p2a: Hatterene|[spread] p2a,p2b
|-crit|p2b: Audino
|-damage|p2a: Hatterene|0 fnt
|-damage|p2b: Audino|76/100
|faint|p2a: Hatterene
|move|p1a: Venusaur|Sludge Bomb|p2b: Audino
|-supereffective|p2b: Audino|1
|-damage|p2b: Audino|50/100g
|-status|p2b: Audino|psn
|
|-damage|p2b: Audino|38/100 psn|[from] psn
|upkeep
|
|t:|1783331650
|switch|p2a: Sylveon|Sylveon, L50, M|100/100
|turn|3
|
|t:|1783331664
|switch|p1b: Grimmsnarl|Grimmsnarl, L50, M|100/100
|move|p2b: Audino|Hyper Voice|p1a: Venusaur|[spread] p1a,p1b
|-damage|p1a: Venusaur|75/100
|-damage|p1b: Grimmsnarl|72/100
|move|p2a: Sylveon|Skill Swap|p2b: Audino
|-activate|p2a: Sylveon|Skill Swap|||[of] p2b: Audino
|move|p1a: Venusaur|Sludge Bomb|p2b: Audino
|-supereffective|p2b: Audino|1
|-damage|p2b: Audino|11/100 psn
|
|-damage|p2b: Audino|0 fnt|[from] psn
|faint|p2b: Audino
|upkeep
|
|t:|1783331678
|switch|p2b: Sinistcha|Sinistcha-Masterpiece, L50|100/100
|turn|4
|
|t:|1783331690
|move|p1b: Grimmsnarl|Light Screen|p1b: Grimmsnarl
|-sidestart|p1: graavi|move: Light Screen
|move|p2a: Sylveon|Hyper Voice|p1a: Venusaur|[spread] p1a,p1b
|-damage|p1a: Venusaur|64/100
|-damage|p1b: Grimmsnarl|58/100
|move|p2b: Sinistcha|Matcha Gotcha|p1a: Venusaur|[spread] p1a,p1b
|-resisted|p1a: Venusaur|2
|-damage|p1a: Venusaur|61/100
|-damage|p1b: Grimmsnarl|42/100
|-status|p1a: Venusaur|brn
|move|p1a: Venusaur|Sludge Bomb|p2a: Sylveon
|-supereffective|p2a: Sylveon|1
|-damage|p2a: Sylveon|54/100
|
|-damage|p1a: Venusaur|55/100 brn|[from] brn
|upkeep
|turn|5
|inactive|teampablo has 30 seconds left.
|
|t:|1783331721
|move|p1b: Grimmsnarl|Reflect|p1b: Grimmsnarl
|-sidestart|p1: graavi|Reflect
|move|p2a: Sylveon|Skill Swap|p1b: Grimmsnarl
|-activate|p2a: Sylveon|Skill Swap|Prankster|Healer|[of] p1b: Grimmsnarl
|move|p1a: Venusaur|Sludge Bomb|p2a: Sylveon
|-supereffective|p2a: Sylveon|1
|-damage|p2a: Sylveon|14/100
|move|p2b: Sinistcha|Matcha Gotcha|p1b: Grimmsnarl|[spread] p1a,p1b
|-resisted|p1a: Venusaur|2
|-crit|p1a: Venusaur
|-damage|p1a: Venusaur|48/100 brn
|-damage|p1b: Grimmsnarl|26/100
|-status|p1b: Grimmsnarl|brn
|
|-activate|p1b: Grimmsnarl|ability: Healer
|-curestatus|p1a: Venusaur|brn|[msg]
|-damage|p1b: Grimmsnarl|20/100y brn|[from] brn
|-fieldend|move: Trick Room
|upkeep
|turn|6
|inactive|graavi has 30 seconds left.
|inactive|teampablo has 30 seconds left.
|
|t:|1783331748
|switch|p1b: Sinistcha|Sinistcha, L50|100/100
|-heal|p1a: Venusaur|73/100|[from] ability: Hospitality|[of] p1b: Sinistcha
|move|p2b: Sinistcha|Rage Powder|p2b: Sinistcha
|-singleturn|p2b: Sinistcha|move: Rage Powder
|move|p1a: Venusaur|Sludge Bomb|p2a: Sylveon
|-supereffective|p2a: Sylveon|1
|-damage|p2a: Sylveon|0 fnt
|faint|p2a: Sylveon
|
|upkeep
|turn|7
|inactive|teampablo has 30 seconds left.
|inactive|teampablo has 20 seconds left.
|inactive|teampablo has 15 seconds left.
|inactive|teampablo has 10 seconds left.
|inactive|teampablo has 5 seconds left.
|
|t:|1783331803
|switch|p1a: Torkoal|Torkoal, L50, M|100/100
|-weather|SunnyDay|[from] ability: Drought|[of] p1a: Torkoal
|move|p2b: Sinistcha|Matcha Gotcha|p1b: Sinistcha|[spread] p1a,p1b
|-resisted|p1a: Torkoal|1
|-resisted|p1b: Sinistcha|1
|-crit|p1b: Sinistcha
|-damage|p1a: Torkoal|91/100
|-damage|p1b: Sinistcha|83/100
|move|p1b: Sinistcha|Trick Room|p1b: Sinistcha
|-fieldstart|move: Trick Room|[of] p1b: Sinistcha
|
|-weather|SunnyDay|[upkeep]
|-heal|p1b: Sinistcha|89/100|[from] item: Leftovers
|upkeep
|turn|8
|inactive|teampablo has 30 seconds left.
|inactive|teampablo has 20 seconds left.
|inactive|teampablo has 15 seconds left.
|inactive|teampablo has 10 seconds left.
|inactive|teampablo has 5 seconds left.
|
|t:|1783331858
|move|p1a: Torkoal|Eruption|p2b: Sinistcha
|-supereffective|p2b: Sinistcha|1
|-damage|p2b: Sinistcha|16/100
|move|p1b: Sinistcha|Life Dew|p1b: Sinistcha|[spread] p1a,p1b
|-heal|p1a: Torkoal|100/100
|-heal|p1b: Sinistcha|100/100
|move|p2b: Sinistcha|Matcha Gotcha|p1a: Torkoal|[spread] p1a,p1b
|-resisted|p1a: Torkoal|1
|-resisted|p1b: Sinistcha|1
|-damage|p1a: Torkoal|92/100
|-heal|p2b: Sinistcha|20/100y|[from] drain|[of] p1a: Torkoal
|-damage|p1b: Sinistcha|92/100
|-heal|p2b: Sinistcha|24/100|[from] drain|[of] p1b: Sinistcha
|
|-weather|SunnyDay|[upkeep]
|-heal|p1b: Sinistcha|98/100|[from] item: Leftovers
|-sideend|p2: teampablo|move: Light Screen
|upkeep
|turn|9
|inactive|teampablo has 30 seconds left.
|l|☆teampablo
|inactive|teampablo disconnected and has a minute to reconnect!
|player|p2|
|inactive|teampablo has 20 seconds left.
|inactive|teampablo has 15 seconds left.
|inactive|teampablo has 10 seconds left.
|inactive|teampablo has 5 seconds left.
|-message|teampablo lost due to inactivity.
|
|win|graavi
|inactive|graavi has 30 seconds to confirm battle start!
|inactive|teampablo has 20 seconds to reconnect!
|inactive|graavi has 20 seconds to confirm battle start!
|inactive|teampablo has 10 seconds to reconnect!
|inactive|graavi has 10 seconds to confirm battle start!
|inactive|teampablo has 0 seconds to reconnect!
|uhtml|next|Next: Game 2 of 3
