|j|☆pepethegoatscrote
|j|☆alexander1111
|html|pepethegoatscrotealexander1111    
|uhtml|bestof|Game 1 of a best-of-3
|t:|1783991052
|gametype|doubles
|player|p1|pepethegoatscrote|265|1138
|player|p2|alexander1111|preschooler|1248
|gen|9
|tier|[Gen 9 Champions] VGC 2026 Reg M-B (Bo3)
|rated|
|rule|Species Clause: Limit one of each Pokémon
|rule|Item Clause: Limit 1 of each item
|clearpoke
|poke|p1|Charizard, L50, M|
|poke|p1|Aerodactyl, L50, M|
|poke|p1|Garchomp, L50, M|
|poke|p1|Sylveon, L50, F|
|poke|p1|Farigiraf, L50, M|
|poke|p1|Kingambit, L50, M|
|poke|p2|Milotic, L50, M|
|poke|p2|Maushold-Four, L50|
|poke|p2|Charizard, L50, F, shiny|
|poke|p2|Whimsicott, L50, M, shiny|
|poke|p2|Kingambit, L50, F|
|poke|p2|Garchomp, L50, M|
|teampreview|4
|showteam|p1|Charizard||CharizarditeY|Blaze|HeatWave,WeatherBall,SolarBeam,Protect|Modest||M|||50|]Aerodactyl||Aerodactylite|Unnerve|RockSlide,DualWingbeat,IceFang,Tailwind|Jolly||M|||50|]Garchomp||LifeOrb|RoughSkin|DragonClaw,Earthquake,RockSlide,Protect|Jolly||M|||50|]Sylveon||FairyFeather|Pixilate|HyperVoice,HyperBeam,QuickAttack,Detect|Modest||F|||50|]Farigiraf||SitrusBerry|ArmorTail|Psychic,Thunderbolt,TrickRoom,Protect|Bold||M|||50|]Kingambit||FocusSash|Defiant|KowtowCleave,IronHead,SuckerPunch,LowKick|Adamant||M|||50|
|showteam|p2|Milotic||SitrusBerry|Competitive|Scald,IceBeam,HelpingHand,Protect|Modest||M|||50|]Maushold-Four||WideLens|Technician|PopulationBomb,FollowMe,Protect,SunnyDay|Jolly|||||50|]Charizard||CharizarditeY|Blaze|SolarBeam,HeatWave,WeatherBall,Protect|Timid||F|||50|]Whimsicott||FocusSash|Prankster|Tailwind,Moonblast,Protect,Encore|Timid||M|||50|]Kingambit||ChopleBerry|Defiant|KowtowCleave,SuckerPunch,IronHead,LowKick|Adamant||F|||50|]Garchomp||LifeOrb|RoughSkin|RockSlide,Earthquake,DragonClaw,Protect|Jolly||M|||50|
|inactive|Battle timer is ON: inactive players will automatically lose when time's up. (requested by pepethegoatscrote)
|
|t:|1783991132
|teamsize|p1|4
|teamsize|p2|4
|start
|switch|p1a: Aerodactyl|Aerodactyl, L50, M|100/100
|switch|p1b: Charizard|Charizard, L50, M|100/100
|switch|p2a: Milotic|Milotic, L50, M|100/100
|switch|p2b: Maushold|Maushold-Four, L50|100/100
|-ability|p1a: Aerodactyl|Unnerve
|turn|1
|inactive|pepethegoatscrote has 30 seconds left.
|inactive|alexander1111 has 30 seconds left.
|
|t:|1783991165
|move|p2b: Maushold|Protect|p2b: Maushold
|-singleturn|p2b: Maushold|Protect
|move|p1a: Aerodactyl|Rock Slide|p2b: Maushold|[spread] p2a
|-activate|p2b: Maushold|move: Protect
|-damage|p2a: Milotic|77/100
|move|p1b: Charizard|Heat Wave|p2b: Maushold|[spread] p2a
|-activate|p2b: Maushold|move: Protect
|-resisted|p2a: Milotic|1
|-damage|p2a: Milotic|67/100
|cant|p2a: Milotic|flinch
|
|upkeep
|turn|2
|inactive|pepethegoatscrote has 30 seconds left.
|inactive|alexander1111 has 30 seconds left.
|
|t:|1783991191
|detailschange|p1b: Charizard|Charizard-Mega-Y, L50, M
|-mega|p1b: Charizard|Charizard|Charizardite Y
|-weather|SunnyDay|[from] ability: Drought|[of] p1b: Charizard
|move|p1a: Aerodactyl|Rock Slide|p2a: Milotic|[spread] 
|-miss|p1a: Aerodactyl|p2a: Milotic
|-miss|p1a: Aerodactyl|p2b: Maushold
|move|p2b: Maushold|Population Bomb|p1b: Charizard
|-damage|p1b: Charizard|90/100
|-damage|p1b: Charizard|78/100
|-damage|p1b: Charizard|68/100
|-damage|p1b: Charizard|58/100
|-damage|p1b: Charizard|47/100
|-damage|p1b: Charizard|36/100
|-damage|p1b: Charizard|26/100
|-damage|p1b: Charizard|16/100
|-damage|p1b: Charizard|4/100
|-damage|p1b: Charizard|0 fnt
|faint|p1b: Charizard
|-hitcount|p1: Charizard|10
|move|p2a: Milotic|Ice Beam|p1a: Aerodactyl
|-supereffective|p1a: Aerodactyl|1
|-damage|p1a: Aerodactyl|28/100
|
|-weather|SunnyDay|[upkeep]
|upkeep
|
|t:|1783991206
|switch|p1b: Kingambit|Kingambit, L50, M|100/100
|turn|3
|inactive|alexander1111 has 30 seconds left.
|
|t:|1783991237
|move|p2b: Maushold|Follow Me|p2b: Maushold
|-singleturn|p2b: Maushold|move: Follow Me
|move|p1a: Aerodactyl|Tailwind|p1a: Aerodactyl
|-sidestart|p1: pepethegoatscrote|move: Tailwind
|move|p1b: Kingambit|Kowtow Cleave|p2b: Maushold
|-damage|p2b: Maushold|24/100
|move|p2a: Milotic|Ice Beam|p1a: Aerodactyl
|-supereffective|p1a: Aerodactyl|1
|-damage|p1a: Aerodactyl|0 fnt
|faint|p1a: Aerodactyl
|
|-weather|SunnyDay|[upkeep]
|upkeep
|
|t:|1783991250
|switch|p1a: Sylveon|Sylveon, L50, F|100/100
|turn|4
|
|t:|1783991269
|move|p2b: Maushold|Protect|p2b: Maushold
|-singleturn|p2b: Maushold|Protect
|move|p2a: Milotic|Protect|p2a: Milotic
|-singleturn|p2a: Milotic|Protect
|move|p1b: Kingambit|Kowtow Cleave|p2a: Milotic
|-activate|p2a: Milotic|move: Protect
|move|p1a: Sylveon|Hyper Voice|p2b: Maushold|[spread] 
|-activate|p2a: Milotic|move: Protect
|-activate|p2b: Maushold|move: Protect
|
|-weather|SunnyDay|[upkeep]
|upkeep
|turn|5
|
|t:|1783991293
|switch|p2b: Whimsicott|Whimsicott, L50, M, shiny|100/100
|move|p1b: Kingambit|Kowtow Cleave|p2a: Milotic
|-damage|p2a: Milotic|20/100y
|-enditem|p2a: Milotic|Sitrus Berry|[eat]
|-heal|p2a: Milotic|45/100|[from] item: Sitrus Berry
|move|p1a: Sylveon|Hyper Voice|p2a: Milotic|[spread] p2a,p2b
|-damage|p2a: Milotic|9/100
|-damage|p2b: Whimsicott|18/100
|move|p2a: Milotic|Scald|p1b: Kingambit
|-damage|p1b: Kingambit|81/100
|-status|p1b: Kingambit|brn
|
|-weather|SunnyDay|[upkeep]
|-damage|p1b: Kingambit|75/100 brn|[from] brn
|upkeep
|turn|6
|
|t:|1783991313
|move|p2b: Whimsicott|Protect|p2b: Whimsicott
|-singleturn|p2b: Whimsicott|Protect
|move|p2a: Milotic|Protect|p2a: Milotic
|-singleturn|p2a: Milotic|Protect
|move|p1a: Sylveon|Quick Attack|p2b: Whimsicott
|-activate|p2b: Whimsicott|move: Protect
|move|p1b: Kingambit|Kowtow Cleave|p2a: Milotic
|-activate|p2a: Milotic|move: Protect
|
|-weather|none
|-damage|p1b: Kingambit|68/100 brn|[from] brn
|-sideend|p1: pepethegoatscrote|move: Tailwind
|upkeep
|turn|7
|
|t:|1783991328
|move|p2b: Whimsicott|Encore|p1a: Sylveon
|-start|p1a: Sylveon|Encore
|move|p1b: Kingambit|Sucker Punch|p2a: Milotic
|-damage|p2a: Milotic|0 fnt
|faint|p2a: Milotic
|move|p1a: Sylveon|Quick Attack|p2b: Whimsicott
|-damage|p2b: Whimsicott|1/100
|
|-damage|p1b: Kingambit|62/100 brn|[from] brn
|upkeep
|
|t:|1783991332
|switch|p2a: Garchomp|Garchomp, L50, M|100/100
|turn|8
|
|t:|1783991344
|move|p1a: Sylveon|Quick Attack|p2b: Whimsicott
|-damage|p2b: Whimsicott|0 fnt
|faint|p2b: Whimsicott
|move|p2a: Garchomp|Earthquake|p1a: Sylveon|[spread] p1a,p1b
|-supereffective|p1b: Kingambit|1
|-damage|p1a: Sylveon|45/100
|-damage|p1b: Kingambit|0 fnt
|faint|p1b: Kingambit
|-damage|p2a: Garchomp|90/100|[from] item: Life Orb
|
|upkeep
|
|t:|1783991347
|switch|p2b: Maushold|Maushold-Four, L50|24/100
|turn|9
|
|t:|1783991352
|move|p1a: Sylveon|Quick Attack|p2a: Garchomp
|-supereffective|p2a: Garchomp|1
|-damage|p2a: Garchomp|63/100
|-damage|p1a: Sylveon|33/100|[from] ability: Rough Skin|[of] p2a: Garchomp
|move|p2b: Maushold|Population Bomb|p1a: Sylveon
|-damage|p1a: Sylveon|20/100y
|-damage|p1a: Sylveon|9/100
|-damage|p1a: Sylveon|0 fnt
|faint|p1a: Sylveon
|-hitcount|p1: Sylveon|3
|
|win|alexander1111
|l|☆pepethegoatscrote
|player|p1|
||alexander1111 is ready for game 2.
|inactive|pepethegoatscrote has 30 seconds to confirm battle start!
|inactive|pepethegoatscrote has 20 seconds to confirm battle start!
|inactive|pepethegoatscrote has 10 seconds to confirm battle start!
|inactive|pepethegoatscrote has 0 seconds to confirm battle start!
|uhtml|next|Next: Game 2 of 3
