|j|☆artyowls
|j|☆mr no sauce
|html|artyowlsmr no sauce    
|uhtml|bestof|Game 2 of a best-of-3
|t:|1756839686
|gametype|doubles
|player|p1|artyowls|plasmagrunt|1108
|player|p2|mr no sauce|courtney|1171
|gen|9
|tier|[Gen 9] VGC 2025 Reg H (Bo3)
|rated|
|rule|Species Clause: Limit one of each Pokémon
|rule|Item Clause: Limit 1 of each item
|clearpoke
|poke|p1|Gholdengo, L50|
|poke|p1|Sneasler, L50, M|
|poke|p1|Whimsicott, L50, F|
|poke|p1|Kingambit, L50, F|
|poke|p1|Rillaboom, L50, M|
|poke|p1|Volcarona, L50, F|
|poke|p2|Gholdengo, L50|
|poke|p2|Sneasler, L50, F|
|poke|p2|Dragonite, L50, M|
|poke|p2|Garchomp, L50, M|
|poke|p2|Incineroar, L50, F|
|poke|p2|Whimsicott, L50, F|
|teampreview|4
|showteam|p1|Gholdengo||LifeOrb|GoodasGold|MakeItRain,ShadowBall,Protect,NastyPlot||||||50|,,,,,Fairy]Sneasler||FocusSash|Unburden|CloseCombat,DireClaw,Protect,FakeOut|||M|||50|,,,,,Dark]Whimsicott||CovertCloak|Prankster|Tailwind,Encore,Moonblast,Taunt|||F|||50|,,,,,Water]Kingambit||BlackGlasses|Defiant|SuckerPunch,KowtowCleave,Protect,SwordsDance|||F|||50|,,,,,Dark]Rillaboom||AssaultVest|GrassySurge|GrassyGlide,FakeOut,WoodHammer,HighHorsepower|||M|||50|,,,,,Fire]Volcarona||RockyHelmet|FlameBody|StruggleBug,RagePowder,FieryDance,WillOWisp|||F|||50|,,,,,Water
|showteam|p2|Gholdengo||ChoiceSpecs|GoodasGold|MakeItRain,ShadowBall,Trick,Protect||||||50|,,,,,Steel]Sneasler||WhiteHerb|Unburden|CloseCombat,DireClaw,ThroatChop,Protect|||F|||50|,,,,,Stellar]Dragonite||ChoiceBand|InnerFocus|ExtremeSpeed,Outrage,IceSpinner,StompingTantrum|||M|||50|,,,,,Normal]Garchomp||LifeOrb|RoughSkin|Earthquake,DragonClaw,StompingTantrum,Protect|||M|||50|,,,,,Ground]Incineroar||AssaultVest|Intimidate|FlareBlitz,KnockOff,FakeOut,Uturn|||F|||50|,,,,,Grass]Whimsicott||FocusSash|Prankster|Moonblast,Tailwind,Encore,Protect|||F|||50|,,,,,Ghost
|
|t:|1756839758
|teamsize|p1|4
|teamsize|p2|4
|start
|switch|p1a: Whimsicott|Whimsicott, L50, F|100/100
|switch|p1b: Gholdengo|Gholdengo, L50|100/100
|switch|p2a: Incineroar|Incineroar, L50, F|100/100
|switch|p2b: Dragonite|Dragonite, L50, M, shiny|100/100
|-ability|p2a: Incineroar|Intimidate|boost
|-unboost|p1a: Whimsicott|atk|1
|-unboost|p1b: Gholdengo|atk|1
|turn|1
|
|t:|1756839793
|move|p2b: Dragonite|Extreme Speed|p1a: Whimsicott
|-damage|p1a: Whimsicott|54/100
|move|p1a: Whimsicott|Tailwind|p1a: Whimsicott
|-sidestart|p1: artyowls|move: Tailwind
|move|p1b: Gholdengo|Nasty Plot|p1b: Gholdengo
|-boost|p1b: Gholdengo|spa|2
|move|p2a: Incineroar|Knock Off|p1b: Gholdengo
|-supereffective|p1b: Gholdengo
|-damage|p1b: Gholdengo|20/100
|-enditem|p1b: Gholdengo|Life Orb|[from] move: Knock Off|[of] p2a: Incineroar
|
|upkeep
|turn|2
|
|t:|1756839843
|move|p2b: Dragonite|Extreme Speed|p1a: Whimsicott
|-damage|p1a: Whimsicott|8/100
|move|p1a: Whimsicott|Moonblast|p2a: Incineroar
|-damage|p2a: Incineroar|84/100
|move|p1b: Gholdengo|Make It Rain|p2b: Dragonite|[spread] p2a,p2b
|-resisted|p2a: Incineroar
|-damage|p2a: Incineroar|53/100
|-damage|p2b: Dragonite|0 fnt
|-unboost|p1b: Gholdengo|spa|1
|faint|p2b: Dragonite
|move|p2a: Incineroar|Knock Off|p1b: Gholdengo
|-supereffective|p1b: Gholdengo
|-damage|p1b: Gholdengo|0 fnt
|faint|p1b: Gholdengo
|
|upkeep
|
|t:|1756839858
|switch|p1b: Sneasler|Sneasler, L50, M|100/100
|switch|p2b: Sneasler|Sneasler, L50, F, shiny|100/100
|turn|3
|
|t:|1756839911
|switch|p2a: Garchomp|Garchomp, L50, M, shiny|100/100
|move|p1b: Sneasler|Fake Out|p2b: Sneasler
|-damage|p2b: Sneasler|80/100
|move|p1a: Whimsicott|Encore||[still]
|-fail|p1a: Whimsicott
|cant|p2b: Sneasler|flinch
|
|upkeep
|turn|4
|
|t:|1756839968
|switch|p1a: Rillaboom|Rillaboom, L50, M|100/100
|-fieldstart|move: Grassy Terrain|[from] ability: Grassy Surge|[of] p1a: Rillaboom
|move|p2a: Garchomp|Protect|p2a: Garchomp
|-singleturn|p2a: Garchomp|Protect
|move|p1b: Sneasler|Close Combat|p2b: Sneasler
|-resisted|p2b: Sneasler
|-damage|p2b: Sneasler|31/100
|-unboost|p1b: Sneasler|def|1
|-unboost|p1b: Sneasler|spd|1
|move|p2b: Sneasler|Close Combat|p1a: Rillaboom
|-damage|p1a: Rillaboom|45/100
|-unboost|p2b: Sneasler|def|1
|-unboost|p2b: Sneasler|spd|1
|-enditem|p2b: Sneasler|White Herb
|-clearnegativeboost|p2b: Sneasler|[silent]
|
|-heal|p2b: Sneasler|37/100|[from] Grassy Terrain
|-heal|p1a: Rillaboom|51/100|[from] Grassy Terrain
|-sideend|p1: artyowls|move: Tailwind
|upkeep
|turn|5
|
|t:|1756840016
|switch|p2a: Incineroar|Incineroar, L50, F|53/100
|-ability|p2a: Incineroar|Intimidate|boost
|-unboost|p1a: Rillaboom|atk|1
|-unboost|p1b: Sneasler|atk|1
|move|p2b: Sneasler|Protect|p2b: Sneasler
|-singleturn|p2b: Sneasler|Protect
|move|p1b: Sneasler|Dire Claw|p2a: Incineroar
|-damage|p2a: Incineroar|31/100
|move|p1a: Rillaboom|High Horsepower|p2b: Sneasler
|-activate|p2b: Sneasler|move: Protect
|
|-heal|p2b: Sneasler|42/100|[from] Grassy Terrain
|-heal|p1a: Rillaboom|57/100|[from] Grassy Terrain
|-heal|p2a: Incineroar|37/100|[from] Grassy Terrain
|upkeep
|turn|6
|
|t:|1756840080
|switch|p1a: Whimsicott|Whimsicott, L50, F|8/100
|move|p2a: Incineroar|Fake Out|p1a: Whimsicott
|-damage|p1a: Whimsicott|0 fnt
|faint|p1a: Whimsicott
|move|p2b: Sneasler|Dire Claw|p1b: Sneasler
|-resisted|p1b: Sneasler
|-damage|p1b: Sneasler|45/100
|-status|p1b: Sneasler|slp
|cant|p1b: Sneasler|slp
|
|-heal|p2b: Sneasler|48/100|[from] Grassy Terrain
|-heal|p1b: Sneasler|51/100 slp|[from] Grassy Terrain
|-heal|p2a: Incineroar|43/100|[from] Grassy Terrain
|upkeep
|
|t:|1756840094
|switch|p1a: Rillaboom|Rillaboom, L50, M|57/100
|turn|7
|
|t:|1756840130
|-terastallize|p2b: Sneasler|Stellar
|move|p1a: Rillaboom|Fake Out|p2b: Sneasler
|-damage|p2b: Sneasler|29/100
|cant|p2b: Sneasler|flinch
|cant|p1b: Sneasler|slp
|move|p2a: Incineroar|Flare Blitz|p1b: Sneasler
|-damage|p1b: Sneasler|0 fnt
|faint|p1b: Sneasler
|-damage|p2a: Incineroar|30/100|[from] Recoil
|
|-heal|p2b: Sneasler|35/100|[from] Grassy Terrain
|-heal|p1a: Rillaboom|62/100|[from] Grassy Terrain
|-heal|p2a: Incineroar|36/100|[from] Grassy Terrain
|upkeep
|turn|8
|
|t:|1756840170
|-terastallize|p1a: Rillaboom|Fire
|move|p2b: Sneasler|Close Combat|p1a: Rillaboom
|-damage|p1a: Rillaboom|0 fnt
|-unboost|p2b: Sneasler|def|1
|-unboost|p2b: Sneasler|spd|1
|faint|p1a: Rillaboom
|
|win|mr no sauce
