|j|Ōśåchikondi
|j|ŌśåiiFWM
|html|chikondiiiFWM    
|uhtml|bestof|Game 1 of a best-of-3
|t:|1783958632
|gametype|doubles
|player|p1|chikondi|galacticgruntf|
|player|p2|iiFWM|candice|
|gen|9
|tier|[Gen 9 Champions] VGC 2026 Reg M-B (Bo3)
|rule|Species Clause: Limit one of each Pok├®mon
|rule|Item Clause: Limit 1 of each item
|clearpoke
|poke|p1|Sneasler, L50, M|
|poke|p1|Blastoise, L50, M|
|poke|p1|Kingambit, L50, M|
|poke|p1|Incineroar, L50, M|
|poke|p1|Delphox, L50, F|
|poke|p1|Sinistcha, L50|
|poke|p2|Charizard, L50, M, shiny|
|poke|p2|Toxapex, L50, F, shiny|
|poke|p2|Grimmsnarl, L50, M, shiny|
|poke|p2|Garchomp, L50, F, shiny|
|poke|p2|Hydreigon, L50, M, shiny|
|poke|p2|Metagross, L50, shiny|
|teampreview|4
|showteam|p1|Sneasler||FocusSash|PoisonTouch|PoisonJab,CloseCombat,FakeOut,QuickGuard|Jolly||M|||50|]Blastoise||Blastoisinite|RainDish|DarkPulse,WaterSpout,ShellSmash,Protect|Modest||M|||50|]Kingambit||BlackGlasses|Defiant|KowtowCleave,SuckerPunch,SwordsDance,Protect|Adamant||M|||50|]Incineroar||SitrusBerry|Intimidate|FlareBlitz,HelpingHand,PartingShot,FakeOut|Careful||M|||50|]Delphox||Delphoxite|Blaze|HeatWave,NastyPlot,Psyshock,Protect|Modest||F|||50|]Sinistcha||KasibBerry|Hospitality|MatchaGotcha,RagePowder,TrickRoom,Protect|Bold|||||50|
|showteam|p2|Charizard||CharizarditeY|Blaze|HeatWave,WeatherBall,SolarBeam,Protect|Timid||M|||50|]Toxapex||Leftovers|Regenerator|BanefulBunker,Infestation,Toxic,WideGuard|Bold||F|||50|]Grimmsnarl||RoseliBerry|Prankster|FakeOut,Reflect,PartingShot,FoulPlay|Sassy||M|||50|]Garchomp||SitrusBerry|RoughSkin|Protect,Earthquake,DragonClaw,RockSlide|Adamant||F|||50|]Hydreigon||ChoiceScarf|Levitate|EarthPower,DarkPulse,DracoMeteor,Snarl|Modest||M|||50|]Metagross||Metagrossite|ClearBody|IronHead,BulletPunch,HammerArm,Protect|Adamant|||||50|
|c|ŌśåiiFWM|glhf!
|c|Ōśåchikondi|Good luck!
|inactive|Battle timer is ON: inactive players will automatically lose when time's up. (requested by iiFWM)
|
|t:|1783958736
|teamsize|p1|4
|teamsize|p2|4
|start
|switch|p1a: Sneasler|Sneasler, L50, M|100/100
|switch|p1b: Delphox|Delphox, L50, F|100/100
|switch|p2a: Hydreigon|Hydreigon, L50, M, shiny|100/100
|switch|p2b: Charizard|Charizard, L50, M, shiny|100/100
|turn|1
|inactive|chikondi has 30 seconds left.
|j| Coldflame2802
|inactive|chikondi has 20 seconds left.
|j| 2cake
|inactive|chikondi has 15 seconds left.
|inactive|chikondi has 10 seconds left.
|inactive|iiFWM has 30 seconds left.
|
|t:|1783958784
|switch|p2a: Garchomp|Garchomp, L50, F, shiny|100/100
|switch|p1b: Incineroar|Incineroar, L50, M|100/100
|-ability|p1b: Incineroar|Intimidate|boost
|-unboost|p2a: Garchomp|atk|1
|-unboost|p2b: Charizard|atk|1
|detailschange|p2b: Charizard|Charizard-Mega-Y, L50, M, shiny
|-mega|p2b: Charizard|Charizard|Charizardite Y
|-weather|SunnyDay|[from] ability: Drought|[of] p2b: Charizard
|move|p1a: Sneasler|Close Combat|p2a: Garchomp
|-damage|p2a: Garchomp|45/100
|-unboost|p1a: Sneasler|def|1
|-unboost|p1a: Sneasler|spd|1
|-damage|p1a: Sneasler|87/100|[from] ability: Rough Skin|[of] p2a: Garchomp
|-status|p2a: Garchomp|psn|[from] ability: Poison Touch|[of] p1a: Sneasler
|-enditem|p2a: Garchomp|Sitrus Berry|[eat]
|-heal|p2a: Garchomp|70/100 psn|[from] item: Sitrus Berry
|move|p2b: Charizard|Weather Ball|p1a: Sneasler
|-damage|p1a: Sneasler|0 fnt
|faint|p1a: Sneasler
|
|-weather|SunnyDay|[upkeep]
|-damage|p2a: Garchomp|57/100 psn|[from] psn
|upkeep
|inactive|chikondi has 30 seconds left.
|
|t:|1783958809
|switch|p1a: Delphox|Delphox, L50, F|100/100
|turn|2
|inactive|chikondi has 30 seconds left.
|inactive|chikondi has 20 seconds left.
|inactive|chikondi has 15 seconds left.
|
|t:|1783958849
|switch|p2a: Hydreigon|Hydreigon, L50, M, shiny|100/100
|detailschange|p1a: Delphox|Delphox-Mega, L50, F
|-mega|p1a: Delphox|Delphox|Delphoxite
|move|p1a: Delphox|Nasty Plot|p1a: Delphox
|-boost|p1a: Delphox|spa|2
|move|p2b: Charizard|Weather Ball|p1b: Incineroar
|-resisted|p1b: Incineroar|1
|-damage|p1b: Incineroar|67/100
|move|p1b: Incineroar|Parting Shot|p2b: Charizard
|-unboost|p2b: Charizard|atk|1
|-unboost|p2b: Charizard|spa|1
|
|t:|1783958861
|switch|p1b: Sinistcha|Sinistcha, L50|100/100|[from] Parting Shot
|
|-weather|SunnyDay|[upkeep]
|upkeep
|turn|3
|inactive|chikondi has 30 seconds left.
|
|t:|1783958887
|switch|p2b: Toxapex|Toxapex, L50, F, shiny|100/100
|move|p1b: Sinistcha|Rage Powder|p1b: Sinistcha
|-singleturn|p1b: Sinistcha|move: Rage Powder
|move|p2a: Hydreigon|Snarl|p1a: Delphox|[spread] p1a,p1b
|-supereffective|p1a: Delphox|1
|-supereffective|p1b: Sinistcha|1
|-damage|p1a: Delphox|64/100
|-damage|p1b: Sinistcha|58/100
|-unboost|p1a: Delphox|spa|1
|-unboost|p1b: Sinistcha|spa|1
|move|p1a: Delphox|Heat Wave|p2a: Hydreigon|[spread] p2b
|-miss|p1a: Delphox|p2a: Hydreigon
|-resisted|p2b: Toxapex|1
|-damage|p2b: Toxapex|64/100
|
|-weather|SunnyDay|[upkeep]
|-heal|p2b: Toxapex|70/100|[from] item: Leftovers
|upkeep
|turn|4
|inactive|iiFWM has 30 seconds left.
|inactive|iiFWM has 20 seconds left.
|inactive|iiFWM has 15 seconds left.
|
|t:|1783958927
|switch|p1b: Incineroar|Incineroar, L50, M|67/100
|-ability|p1b: Incineroar|Intimidate|boost
|-unboost|p2a: Hydreigon|atk|1
|-unboost|p2b: Toxapex|atk|1
|move|p1a: Delphox|Protect|p1a: Delphox
|-singleturn|p1a: Delphox|Protect
|move|p2a: Hydreigon|Snarl|p1a: Delphox|[spread] p1b
|-activate|p1a: Delphox|move: Protect
|-resisted|p1b: Incineroar|1
|-damage|p1b: Incineroar|59/100
|-unboost|p1b: Incineroar|spa|1
|move|p2b: Toxapex|Toxic|p1a: Delphox
|-activate|p1a: Delphox|move: Protect
|
|-weather|SunnyDay|[upkeep]
|-heal|p2b: Toxapex|76/100|[from] item: Leftovers
|upkeep
|turn|5
|inactive|iiFWM has 30 seconds left.
|
|t:|1783958960
|move|p1b: Incineroar|Fake Out|p2a: Hydreigon
|-damage|p2a: Hydreigon|88/100
|cant|p2a: Hydreigon|flinch
|move|p1a: Delphox|Psyshock|p2b: Toxapex
|-supereffective|p2b: Toxapex|1
|-damage|p2b: Toxapex|0 fnt
|faint|p2b: Toxapex
|
|-weather|none
|upkeep
|
|t:|1783958972
|switch|p2b: Charizard|Charizard-Mega-Y, L50, M, shiny|100/100
|-weather|SunnyDay|[from] ability: Drought|[of] p2b: Charizard
|turn|6
|
|t:|1783958992
|move|p1a: Delphox|Protect|p1a: Delphox
|-singleturn|p1a: Delphox|Protect
|move|p2a: Hydreigon|Snarl|p1a: Delphox|[spread] p1b
|-activate|p1a: Delphox|move: Protect
|-resisted|p1b: Incineroar|1
|-damage|p1b: Incineroar|50/100g
|-unboost|p1b: Incineroar|spa|1
|move|p2b: Charizard|Weather Ball|p1b: Incineroar
|-resisted|p1b: Incineroar|1
|-damage|p1b: Incineroar|19/100
|-enditem|p1b: Incineroar|Sitrus Berry|[eat]
|-heal|p1b: Incineroar|44/100|[from] item: Sitrus Berry
|move|p1b: Incineroar|Parting Shot|p2a: Hydreigon
|-unboost|p2a: Hydreigon|atk|1
|-unboost|p2a: Hydreigon|spa|1
|
|t:|1783959007
|switch|p1b: Sinistcha|Sinistcha, L50|58/100|[from] Parting Shot
|-heal|p1a: Delphox|89/100|[from] ability: Hospitality|[of] p1b: Sinistcha
|
|-weather|SunnyDay|[upkeep]
|upkeep
|turn|7
|
|t:|1783959029
|move|p1b: Sinistcha|Protect|p1b: Sinistcha
|-singleturn|p1b: Sinistcha|Protect
|move|p2a: Hydreigon|Snarl|p1a: Delphox|[spread] p1a
|-activate|p1b: Sinistcha|move: Protect
|-supereffective|p1a: Delphox|1
|-damage|p1a: Delphox|64/100
|-unboost|p1a: Delphox|spa|1
|move|p1a: Delphox|Heat Wave|p2a: Hydreigon|[spread] p2a,p2b
|-resisted|p2a: Hydreigon|1
|-resisted|p2b: Charizard|1
|-damage|p2a: Hydreigon|55/100
|-damage|p2b: Charizard|72/100
|move|p2b: Charizard|Heat Wave|p1b: Sinistcha|[spread] p1a
|-activate|p1b: Sinistcha|move: Protect
|-resisted|p1a: Delphox|1
|-damage|p1a: Delphox|41/100
|
|-weather|SunnyDay|[upkeep]
|upkeep
|turn|8
|inactive|chikondi has 30 seconds left.
|inactive|iiFWM has 30 seconds left.
|inactive|chikondi has 20 seconds left.
|inactive|iiFWM has 20 seconds left.
|
|t:|1783959068
|switch|p1b: Incineroar|Incineroar, L50, M|44/100
|-ability|p1b: Incineroar|Intimidate|boost
|-unboost|p2a: Hydreigon|atk|1
|-unboost|p2b: Charizard|atk|1
|move|p1a: Delphox|Protect|p1a: Delphox
|-singleturn|p1a: Delphox|Protect
|move|p2a: Hydreigon|Snarl|p1a: Delphox|[spread] p1b
|-activate|p1a: Delphox|move: Protect
|-resisted|p1b: Incineroar|1
|-damage|p1b: Incineroar|38/100
|-unboost|p1b: Incineroar|spa|1
|move|p2b: Charizard|Weather Ball|p1b: Incineroar
|-resisted|p1b: Incineroar|1
|-damage|p1b: Incineroar|6/100
|
|-weather|SunnyDay|[upkeep]
|upkeep
|turn|9
|j| CIReallytried
|l| CIReallytried
|inactive|chikondi has 30 seconds left.
|inactive|iiFWM has 30 seconds left.
|inactive|chikondi has 20 seconds left.
|inactive|chikondi has 15 seconds left.
|inactive|chikondi has 10 seconds left.
|j| bwhitevgc
|inactive|chikondi has 5 seconds left.
|
|t:|1783959127
|switch|p2a: Garchomp|Garchomp, L50, F, shiny|57/100 psn
|move|p1b: Incineroar|Fake Out|p2a: Garchomp
|-damage|p2a: Garchomp|49/100 psn
|-damage|p1b: Incineroar|0 fnt|[from] ability: Rough Skin|[of] p2a: Garchomp
|faint|p1b: Incineroar
|move|p1a: Delphox|Heat Wave|p2a: Garchomp|[spread] p2a,p2b
|-resisted|p2a: Garchomp|1
|-resisted|p2b: Charizard|1
|-damage|p2a: Garchomp|19/100 psn
|-damage|p2b: Charizard|44/100
|move|p2b: Charizard|Weather Ball|p1a: Delphox
|-resisted|p1a: Delphox|1
|-damage|p1a: Delphox|6/100
|
|-weather|SunnyDay|[upkeep]
|-damage|p2a: Garchomp|7/100 psn|[from] psn
|upkeep
|l| 2cake
|
|t:|1783959131
|switch|p1b: Sinistcha|Sinistcha, L50|58/100
|-heal|p1a: Delphox|31/100|[from] ability: Hospitality|[of] p1b: Sinistcha
|turn|10
|
|t:|1783959154
|move|p2b: Charizard|Protect|p2b: Charizard
|-singleturn|p2b: Charizard|Protect
|move|p1b: Sinistcha|Rage Powder|p1b: Sinistcha
|-singleturn|p1b: Sinistcha|move: Rage Powder
|move|p1a: Delphox|Psyshock|p2b: Charizard
|-activate|p2b: Charizard|move: Protect
|move|p2a: Garchomp|Rock Slide|p1a: Delphox|[spread] p1a,p1b
|-supereffective|p1a: Delphox|1
|-damage|p1a: Delphox|0 fnt
|-damage|p1b: Sinistcha|42/100
|faint|p1a: Delphox
|
|-weather|none
|-damage|p2a: Garchomp|0 fnt|[from] psn
|faint|p2a: Garchomp
|upkeep
|
|t:|1783959163
|switch|p2a: Hydreigon|Hydreigon, L50, M, shiny|55/100
|turn|11
|j| 2cake
|-message|chikondi forfeited.
|
|win|iiFWM
||chikondi is ready for game 2.
||iiFWM is ready for game 2.
|uhtml|next|Next: Game 2 of 3
|l| 2cake
|l| bwhitevgc
|l| Coldflame2802
