|j|☆fmatte6
|j|☆edwarthdf
|html|fmatte6edwarthdf    
|uhtml|bestof|Game 3 of a best-of-3
|t:|1756313014
|gametype|doubles
|player|p1|fmatte6|steven|1066
|player|p2|edwarthdf|acetrainer-gen4dp|1080
|gen|9
|tier|[Gen 9] VGC 2025 Reg H (Bo3)
|rated|
|rule|Species Clause: Limit one of each Pokémon
|rule|Item Clause: Limit 1 of each item
|clearpoke
|poke|p1|Dragonite, L50, M|
|poke|p1|Pelipper, L50, M|
|poke|p1|Basculegion, L50, M|
|poke|p1|Incineroar, L50, F|
|poke|p1|Annihilape, L50, M|
|poke|p1|Maushold-Four, L50|
|poke|p2|Gholdengo, L50|
|poke|p2|Sneasler, L50, F|
|poke|p2|Rillaboom, L50, M|
|poke|p2|Ninetales-Alola, L50, F|
|poke|p2|Dragonite, L50, M|
|poke|p2|Arcanine-Hisui, L50, M|
|teampreview|4
|showteam|p1|Dragonite||AssaultVest|Multiscale|TeraBlast,IceSpinner,ExtremeSpeed,LowKick|||M|||50|,,,,,Fairy]Pelipper||FocusSash|Drizzle|Tailwind,Hurricane,WeatherBall,Protect|||M|||50|,,,,,Ghost]Basculegion||MysticWater|SwiftSwim|WaveCrash,AquaJet,Protect,LastRespects|||M|||50|,,,,,Water]Incineroar||RockyHelmet|Intimidate|FakeOut,PartingShot,KnockOff,HelpingHand|||F|||50|,,,,,Water]Annihilape||SitrusBerry|Defiant|RageFist,DrainPunch,BulkUp,Protect|||M|||50|,,,,,Fire]Maushold-Four||SafetyGoggles|FriendGuard|FollowMe,Taunt,BeatUp,Protect||||||50|,,,,,Grass
|showteam|p2|Gholdengo||GrassySeed|GoodasGold|NastyPlot,MakeItRain,ShadowBall,Protect||||||50|,,,,,Water]Sneasler||WhiteHerb|Unburden|CloseCombat,DireClaw,Coaching,Protect|||F|||50|,,,,,Ghost]Rillaboom||AssaultVest|GrassySurge|FakeOut,GrassyGlide,DrumBeating,HighHorsepower|||M|||50|,,,,,Fire]Ninetales-Alola||FocusSash|SnowWarning|Blizzard,IcyWind,Encore,AuroraVeil|||F|||50|,,,,,Ghost]Dragonite||LoadedDice|Multiscale|ScaleShot,StompingTantrum,Tailwind,Protect|||M|||50|,,,,,Ground]Arcanine-Hisui||ClearAmulet|Intimidate|RockSlide,FlareBlitz,ExtremeSpeed,Protect|||M|||50|,,,,,Water
|
|t:|1756313056
|teamsize|p1|4
|teamsize|p2|4
|start
|switch|p1a: Annihilape|Annihilape, L50, M|100/100
|switch|p1b: Pelipper|Pelipper, L50, M|100/100
|switch|p2a: Gholdengo|Gholdengo, L50|100/100
|switch|p2b: Rillaboom|Rillaboom, L50, M, shiny|100/100
|-fieldstart|move: Grassy Terrain|[from] ability: Grassy Surge|[of] p2b: Rillaboom
|-enditem|p2a: Gholdengo|Grassy Seed
|-boost|p2a: Gholdengo|def|1|[from] item: Grassy Seed
|-weather|RainDance|[from] ability: Drizzle|[of] p1b: Pelipper
|turn|1
|
|t:|1756313104
|switch|p1b: Incineroar|Incineroar, L50, F|100/100
|-ability|p1b: Incineroar|Intimidate|boost
|-unboost|p2a: Gholdengo|atk|1
|-unboost|p2b: Rillaboom|atk|1
|-terastallize|p1a: Annihilape|Fire
|move|p2b: Rillaboom|Fake Out|p1b: Incineroar
|-damage|p1b: Incineroar|94/100
|-damage|p2b: Rillaboom|84/100|[from] item: Rocky Helmet|[of] p1b: Incineroar
|move|p1a: Annihilape|Bulk Up|p1a: Annihilape
|-boost|p1a: Annihilape|atk|1
|-boost|p1a: Annihilape|def|1
|move|p2a: Gholdengo|Shadow Ball|p1a: Annihilape
|-damage|p1a: Annihilape|66/100
|
|-weather|RainDance|[upkeep]
|-heal|p1a: Annihilape|72/100|[from] Grassy Terrain
|-heal|p2b: Rillaboom|90/100|[from] Grassy Terrain
|-heal|p1b: Incineroar|99/100|[from] Grassy Terrain
|upkeep
|turn|2
|
|t:|1756313176
|-terastallize|p2a: Gholdengo|Water
|move|p1a: Annihilape|Drain Punch|p2b: Rillaboom
|-damage|p2b: Rillaboom|40/100
|-heal|p1a: Annihilape|95/100|[from] drain|[of] p2b: Rillaboom
|move|p2b: Rillaboom|High Horsepower|p1a: Annihilape
|-supereffective|p1a: Annihilape
|-damage|p1a: Annihilape|68/100
|move|p2a: Gholdengo|Nasty Plot|p2a: Gholdengo
|-boost|p2a: Gholdengo|spa|2
|move|p1b: Incineroar|Parting Shot|p2b: Rillaboom
|-unboost|p2b: Rillaboom|atk|1
|-unboost|p2b: Rillaboom|spa|1
|
|t:|1756313196
|switch|p1b: Pelipper|Pelipper, L50, M|100/100|[from] Parting Shot
|
|-weather|RainDance|[upkeep]
|-heal|p1a: Annihilape|74/100|[from] Grassy Terrain
|-heal|p2b: Rillaboom|46/100|[from] Grassy Terrain
|upkeep
|turn|3
|
|t:|1756313219
|move|p2b: Rillaboom|Grassy Glide|p1b: Pelipper
|-damage|p1b: Pelipper|76/100
|move|p1a: Annihilape|Drain Punch|p2b: Rillaboom
|-damage|p2b: Rillaboom|0 fnt
|-heal|p1a: Annihilape|95/100|[from] drain|[of] p2b: Rillaboom
|faint|p2b: Rillaboom
|move|p2a: Gholdengo|Shadow Ball|p1b: Pelipper
|-damage|p1b: Pelipper|0 fnt
|faint|p1b: Pelipper
|
|-weather|RainDance|[upkeep]
|-heal|p1a: Annihilape|100/100|[from] Grassy Terrain
|upkeep
|
|t:|1756313245
|switch|p2b: Ninetales|Ninetales-Alola, L50, F, shiny|100/100
|switch|p1b: Basculegion|Basculegion, L50, M|100/100
|-weather|Snowscape|[from] ability: Snow Warning|[of] p2b: Ninetales
|turn|4
|
|t:|1756313271
|move|p2a: Gholdengo|Protect|p2a: Gholdengo
|-singleturn|p2a: Gholdengo|Protect
|move|p2b: Ninetales|Aurora Veil|p2b: Ninetales
|-sidestart|p2: edwarthdf|move: Aurora Veil
|move|p1a: Annihilape|Drain Punch|p2a: Gholdengo
|-activate|p2a: Gholdengo|move: Protect
|move|p1b: Basculegion|Last Respects|p2b: Ninetales
|-damage|p2b: Ninetales|66/100
|
|-weather|Snowscape|[upkeep]
|-heal|p2b: Ninetales|72/100|[from] Grassy Terrain
|upkeep
|turn|5
|
|t:|1756313299
|switch|p1b: Incineroar|Incineroar, L50, F|99/100
|-ability|p1b: Incineroar|Intimidate|boost
|-unboost|p2a: Gholdengo|atk|1
|-unboost|p2b: Ninetales|atk|1
|move|p2b: Ninetales|Icy Wind|p1b: Incineroar|[spread] p1a,p1b
|-resisted|p1a: Annihilape
|-resisted|p1b: Incineroar
|-damage|p1a: Annihilape|93/100
|-damage|p1b: Incineroar|93/100
|-unboost|p1a: Annihilape|spe|1
|-ability|p1a: Annihilape|Defiant|boost
|-boost|p1a: Annihilape|atk|2
|-unboost|p1b: Incineroar|spe|1
|move|p2a: Gholdengo|Shadow Ball|p1b: Incineroar
|-resisted|p1b: Incineroar
|-damage|p1b: Incineroar|59/100
|move|p1a: Annihilape|Bulk Up|p1a: Annihilape
|-boost|p1a: Annihilape|atk|1
|-boost|p1a: Annihilape|def|1
|
|-weather|Snowscape|[upkeep]
|-heal|p2b: Ninetales|78/100|[from] Grassy Terrain
|-heal|p1a: Annihilape|99/100|[from] Grassy Terrain
|-heal|p1b: Incineroar|65/100|[from] Grassy Terrain
|-fieldend|move: Grassy Terrain
|upkeep
|turn|6
|
|t:|1756313332
|move|p1b: Incineroar|Fake Out|p2a: Gholdengo
|-damage|p2a: Gholdengo|96/100
|move|p2b: Ninetales|Encore|p1a: Annihilape
|-start|p1a: Annihilape|Encore
|cant|p2a: Gholdengo|flinch
|move|p1a: Annihilape|Bulk Up|p1a: Annihilape
|-boost|p1a: Annihilape|atk|1
|-boost|p1a: Annihilape|def|1
|
|-weather|Snowscape|[upkeep]
|upkeep
|turn|7
|
|t:|1756313352
|move|p2b: Ninetales|Blizzard|p1b: Incineroar|[spread] p1a,p1b
|-resisted|p1a: Annihilape
|-resisted|p1b: Incineroar
|-damage|p1a: Annihilape|86/100
|-damage|p1b: Incineroar|50/100
|move|p2a: Gholdengo|Nasty Plot|p2a: Gholdengo
|-boost|p2a: Gholdengo|spa|2
|move|p1a: Annihilape|Bulk Up|p1a: Annihilape
|-boost|p1a: Annihilape|atk|1
|-boost|p1a: Annihilape|def|1
|move|p1b: Incineroar|Parting Shot|p2b: Ninetales
|-unboost|p2b: Ninetales|atk|1
|-unboost|p2b: Ninetales|spa|1
|
|t:|1756313363
|switch|p1b: Basculegion|Basculegion, L50, M|100/100|[from] Parting Shot
|
|-weather|Snowscape|[upkeep]
|upkeep
|turn|8
|
|t:|1756313377
|switch|p2b: Arcanine|Arcanine-Hisui, L50, M, shiny|100/100
|-ability|p2b: Arcanine|Intimidate|boost
|-unboost|p1a: Annihilape|atk|1
|-ability|p1a: Annihilape|Defiant|boost
|-boost|p1a: Annihilape|atk|1
|-unboost|p1b: Basculegion|atk|1
|move|p2a: Gholdengo|Shadow Ball|p1a: Annihilape
|-damage|p1a: Annihilape|0 fnt
|faint|p1a: Annihilape
|move|p1b: Basculegion|Wave Crash|p2b: Arcanine
|-supereffective|p2b: Arcanine
|-damage|p2b: Arcanine|0 fnt
|faint|p2b: Arcanine
|-damage|p1b: Basculegion|72/100|[from] Recoil
|
|-weather|none
|-sideend|p2: edwarthdf|move: Aurora Veil
|upkeep
|
|t:|1756313394
|switch|p1a: Incineroar|Incineroar, L50, F|50/100
|switch|p2b: Ninetales|Ninetales-Alola, L50, F, shiny|78/100
|-weather|Snowscape|[from] ability: Snow Warning|[of] p2b: Ninetales
|-ability|p1a: Incineroar|Intimidate|boost
|-unboost|p2a: Gholdengo|atk|1
|-unboost|p2b: Ninetales|atk|1
|turn|9
|
|t:|1756313415
|move|p1a: Incineroar|Fake Out|p2a: Gholdengo
|-damage|p2a: Gholdengo|89/100
|move|p2b: Ninetales|Aurora Veil|p2b: Ninetales
|-sidestart|p2: edwarthdf|move: Aurora Veil
|cant|p2a: Gholdengo|flinch
|move|p1b: Basculegion|Last Respects|p2b: Ninetales
|-damage|p2b: Ninetales|41/100
|
|-weather|Snowscape|[upkeep]
|upkeep
|turn|10
|
|t:|1756313429
|move|p1b: Basculegion|Aqua Jet|p2b: Ninetales
|-damage|p2b: Ninetales|31/100
|move|p2b: Ninetales|Blizzard|p1a: Incineroar|[spread] p1a,p1b
|-resisted|p1a: Incineroar
|-resisted|p1b: Basculegion
|-damage|p1a: Incineroar|35/100
|-damage|p1b: Basculegion|55/100
|move|p2a: Gholdengo|Make It Rain|p1b: Basculegion|[spread] p1a,p1b
|-resisted|p1a: Incineroar
|-resisted|p1b: Basculegion
|-damage|p1a: Incineroar|0 fnt
|-damage|p1b: Basculegion|0 fnt
|-unboost|p2a: Gholdengo|spa|1
|faint|p1a: Incineroar
|faint|p1b: Basculegion
|
|win|edwarthdf
|raw|fmatte6's rating: 1066 → 1047(-19 for losing)
|raw|edwarthdf's rating: 1080 → 1107(+27 for winning)
|l|☆fmatte6
|player|p1|
