|j|☆Aleysha Mittons
|j|☆hash ketchem 151
|html|Aleysha Mittonshash ketchem 151    
|uhtml|bestof|Game 2 of a best-of-3
|t:|1782323944
|gametype|doubles
|player|p1|Aleysha Mittons|benga|
|player|p2|hash ketchem 151|1|
|gen|9
|tier|[Gen 9 Champions] VGC 2026 Reg M-B (Bo3)
|rule|Species Clause: Limit one of each Pokémon
|rule|Item Clause: Limit 1 of each item
|clearpoke
|poke|p1|Staraptor, L50, F|
|poke|p1|Blaziken, L50, M|
|poke|p1|Milotic, L50, M|
|poke|p1|Mamoswine, L50, M|
|poke|p1|Meowscarada, L50, M|
|poke|p1|Dragonite, L50, M|
|poke|p2|Tyranitar, L50, M|
|poke|p2|Excadrill, L50, M|
|poke|p2|Primarina, L50, F|
|poke|p2|Metagross, L50|
|poke|p2|Whimsicott, L50, F|
|poke|p2|Incineroar, L50, F|
|teampreview|4
|showteam|p1|Staraptor||ChoiceScarf|Intimidate|BraveBird,CloseCombat,FinalGambit,Uturn|Jolly||F|||50|]Blaziken||Blazikenite|SpeedBoost|CloseCombat,FlareBlitz,RockSlide,Protect|Adamant||M|||50|]Milotic||SitrusBerry|Competitive|Scald,IcyWind,Recover,Protect|Modest||M|||50|]Mamoswine||FocusSash|Oblivious|IcicleCrash,IceShard,Earthquake,Protect|Jolly||M|||50|]Meowscarada||LifeOrb|Overgrow|FlowerTrick,KnockOff,SuckerPunch,Protect|Jolly||M|||50|]Dragonite||DragonFang|Multiscale|DragonClaw,ExtremeSpeed,Tailwind,Protect|Adamant||M|||50|
|showteam|p2|Tyranitar||Tyranitarite|SandStream|RockSlide,KnockOff,Protect,LowKick|Adamant||M|||50|]Excadrill||FocusSash|SandRush|Earthquake,Protect,RockSlide,IronHead|Adamant||M|||50|]Primarina||LifeOrb|LiquidVoice|HyperVoice,Protect,Moonblast,CalmMind|Modest||F|||50|]Metagross||Metagrossite|ClearBody|PsychicFangs,Protect,IronHead,IcePunch|Naughty|||||50|]Whimsicott||Leftovers|Prankster|Tailwind,Moonblast,Encore,Protect|Timid||F|||50|]Incineroar||LumBerry|Intimidate|FakeOut,PartingShot,FlareBlitz,DarkestLariat|Careful||F|||50|
|
|t:|1782323976
|teamsize|p1|4
|teamsize|p2|4
|start
|switch|p1a: Mamoswine|Mamoswine, L50, M|100/100
|switch|p1b: Dragonite|Dragonite, L50, M|100/100
|switch|p2a: Metagross|Metagross, L50|100/100
|switch|p2b: Primarina|Primarina, L50, F|100/100
|turn|1
|
|t:|1782323997
|move|p1a: Mamoswine|Earthquake|p2b: Primarina|[spread] p2a,p2b
|-immune|p1b: Dragonite
|-supereffective|p2a: Metagross|1
|-damage|p2a: Metagross|36/100
|-damage|p2b: Primarina|52/100
|move|p2a: Metagross|Ice Punch|p1b: Dragonite
|-supereffective|p1b: Dragonite|2
|-damage|p1b: Dragonite|46/100
|move|p1b: Dragonite|Tailwind|p1b: Dragonite
|-sidestart|p1: Aleysha Mittons|move: Tailwind
|move|p2b: Primarina|Calm Mind|p2b: Primarina
|-boost|p2b: Primarina|spa|1
|-boost|p2b: Primarina|spd|1
|
|upkeep
|turn|2
|
|t:|1782324021
|detailschange|p2a: Metagross|Metagross-Mega, L50
|-mega|p2a: Metagross|Metagross|Metagrossite
|move|p2a: Metagross|Protect|p2a: Metagross
|-singleturn|p2a: Metagross|Protect
|move|p2b: Primarina|Protect|p2b: Primarina
|-singleturn|p2b: Primarina|Protect
|move|p1b: Dragonite|Extreme Speed|p2b: Primarina
|-activate|p2b: Primarina|move: Protect
|move|p1a: Mamoswine|Earthquake|p2a: Metagross|[spread] 
|-activate|p2a: Metagross|move: Protect
|-activate|p2b: Primarina|move: Protect
|-immune|p1b: Dragonite
|
|upkeep
|turn|3
|
|t:|1782324056
|move|p1b: Dragonite|Extreme Speed|p2b: Primarina
|-damage|p2b: Primarina|18/100
|move|p1a: Mamoswine|Earthquake|p2a: Metagross|[spread] p2a,p2b
|-immune|p1b: Dragonite
|-supereffective|p2a: Metagross|1
|-crit|p2b: Primarina
|-damage|p2a: Metagross|0 fnt
|-damage|p2b: Primarina|0 fnt
|faint|p2a: Metagross
|faint|p2b: Primarina
|
|upkeep
|
|t:|1782324066
|switch|p2a: Whimsicott|Whimsicott, L50, F|100/100
|switch|p2b: Excadrill|Excadrill, L50, M|100/100
|turn|4
|
|t:|1782324106
|move|p2a: Whimsicott|Tailwind|p2a: Whimsicott
|-sidestart|p2: hash ketchem 151|move: Tailwind
|move|p1a: Mamoswine|Earthquake|p2b: Excadrill|[spread] p2a,p2b
|-immune|p1b: Dragonite
|-resisted|p2a: Whimsicott|1
|-supereffective|p2b: Excadrill|1
|-damage|p2a: Whimsicott|71/100
|-enditem|p2b: Excadrill|Focus Sash
|-damage|p2b: Excadrill|1/100
|move|p2b: Excadrill|Rock Slide|p1b: Dragonite|[spread] p1a
|-miss|p2b: Excadrill|p1b: Dragonite
|-damage|p1a: Mamoswine|75/100
|move|p1b: Dragonite|Dragon Claw|p2b: Excadrill
|-resisted|p2b: Excadrill|1
|-damage|p2b: Excadrill|0 fnt
|faint|p2b: Excadrill
|
|-heal|p2a: Whimsicott|77/100|[from] item: Leftovers
|-sideend|p1: Aleysha Mittons|move: Tailwind
|upkeep
|turn|5
|
|t:|1782324127
|move|p1b: Dragonite|Extreme Speed|p2a: Whimsicott
|-damage|p2a: Whimsicott|31/100
|move|p2a: Whimsicott|Moonblast|p1b: Dragonite
|-supereffective|p1b: Dragonite|1
|-damage|p1b: Dragonite|0 fnt
|faint|p1b: Dragonite
|move|p1a: Mamoswine|Icicle Crash|p2a: Whimsicott
|-supereffective|p2a: Whimsicott|1
|-damage|p2a: Whimsicott|0 fnt
|faint|p2a: Whimsicott
|
|win|Aleysha Mittons
|l|☆hash ketchem 151
|player|p2|
