|j|☆chefstony24
|j|☆hungry hillo
|html|chefstony24hungry hillo    
|uhtml|bestof|Game 3 of a best-of-3
|t:|1757659341
|gametype|doubles
|player|p1|chefstony24|brycen|
|player|p2|hungry hillo|n|
|gen|9
|tier|[Gen 9] VGC 2025 Reg H (Bo3)
|rule|Species Clause: Limit one of each Pokémon
|rule|Item Clause: Limit 1 of each item
|clearpoke
|poke|p1|Tyranitar, L50, F|
|poke|p1|Excadrill, L50, M|
|poke|p1|Annihilape, L50, F|
|poke|p1|Amoonguss, L50, M|
|poke|p1|Corviknight, L50, M|
|poke|p1|Basculegion, L50, M|
|poke|p2|Rillaboom, L50, F|
|poke|p2|Dondozo, L50, M|
|poke|p2|Incineroar, L50, F|
|poke|p2|Clefairy, L50, M|
|poke|p2|Hydreigon, L50, M|
|poke|p2|Gholdengo, L50|
|teampreview|4
|showteam|p1|Tyranitar||AssaultVest|SandStream|RockSlide,KnockOff,TeraBlast,LowKick|||F|||50|,,,,,Flying]Excadrill||FocusSash|SandRush|HighHorsepower,IronHead,Earthquake,Protect|||M|||50|,,,,,Stellar]Annihilape||SafetyGoggles|Defiant|CloseCombat,RageFist,FinalGambit,Coaching|||F|||50|,,,,,Water]Amoonguss||SitrusBerry|Regenerator|LeafStorm,Spore,RagePowder,Protect|||M|||50|,,,,,Psychic]Corviknight||Leftovers|MirrorArmor|BraveBird,BulkUp,Tailwind,Roost|||M|||50|,,,,,Dragon]Basculegion||ChoiceScarf|Adaptability|WaveCrash,FlipTurn,LastRespects,TeraBlast|||M|||50|,,,,,Fairy
|showteam|p2|Rillaboom||AssaultVest|GrassySurge|FakeOut,WoodHammer,GrassyGlide,Uturn|||F|||50|,,,,,Water]Dondozo||Leftovers|Unaware|Protect,StompingTantrum,WaveCrash,Yawn|||M|||50|,,,,,Grass]Incineroar||SitrusBerry|Intimidate|FakeOut,KnockOff,FlareBlitz,PartingShot|||F|||50|,,,,,Bug]Clefairy||Eviolite|FriendGuard|LightScreen,FollowMe,Protect,HealPulse|||M|||50|,,,,,Normal]Hydreigon||SafetyGoggles|Levitate|DarkPulse,DracoMeteor,Protect,Tailwind|||M|||50|,,,,,Ghost]Gholdengo||LifeOrb|GoodasGold|MakeItRain,ShadowBall,NastyPlot,Protect||||||50|,,,,,Water
|inactive|Battle timer is ON: inactive players will automatically lose when time's up. (requested by chefstony24)
|c|☆hungry hillo|Can u turn of timer
|
|t:|1757659373
|teamsize|p1|4
|teamsize|p2|4
|start
|switch|p1a: Tyranitar|Tyranitar, L50, F|100/100
|switch|p1b: Excadrill|Excadrill, L50, M|100/100
|switch|p2a: Hydreigon|Hydreigon, L50, M|100/100
|switch|p2b: Rillaboom|Rillaboom, L50, F|100/100
|-fieldstart|move: Grassy Terrain|[from] ability: Grassy Surge|[of] p2b: Rillaboom
|-weather|Sandstorm|[from] ability: Sand Stream|[of] p1a: Tyranitar
|turn|1
|inactive|chefstony24 has 30 seconds left.
|inactive|chefstony24 has 20 seconds left.
|inactiveoff|Battle timer is now OFF.
|c|☆hungry hillo|Thx.
|
|t:|1757659454
|switch|p2b: Incineroar|Incineroar, L50, F|100/100
|-ability|p2b: Incineroar|Intimidate|boost
|-unboost|p1a: Tyranitar|atk|1
|-unboost|p1b: Excadrill|atk|1
|-terastallize|p1a: Tyranitar|Flying
|move|p1b: Excadrill|Protect|p1b: Excadrill
|-singleturn|p1b: Excadrill|Protect
|move|p2a: Hydreigon|Tailwind|p2a: Hydreigon
|-sidestart|p2: hungry hillo|move: Tailwind
|move|p1a: Tyranitar|Tera Blast|p2b: Incineroar|[anim] Tera Blast Flying
|-damage|p2b: Incineroar|75/100
|
|-weather|Sandstorm|[upkeep]
|-damage|p2b: Incineroar|69/100|[from] Sandstorm
|-damage|p1a: Tyranitar|94/100|[from] Sandstorm
|-heal|p2b: Incineroar|75/100|[from] Grassy Terrain
|upkeep
|turn|2
|
|t:|1757659499
|switch|p1a: Basculegion|Basculegion, L50, M|100/100
|-terastallize|p2b: Incineroar|Bug
|move|p2a: Hydreigon|Draco Meteor|p1b: Excadrill
|-resisted|p1b: Excadrill
|-damage|p1b: Excadrill|56/100
|-unboost|p2a: Hydreigon|spa|2
|move|p1b: Excadrill|High Horsepower|p2b: Incineroar
|-resisted|p2b: Incineroar
|-damage|p2b: Incineroar|60/100
|move|p2b: Incineroar|Knock Off|p1a: Basculegion
|-supereffective|p1a: Basculegion
|-damage|p1a: Basculegion|0 fnt
|-enditem|p1a: Basculegion|Choice Scarf|[from] move: Knock Off|[of] p2b: Incineroar
|faint|p1a: Basculegion
|
|-weather|Sandstorm|[upkeep]
|-damage|p2b: Incineroar|54/100|[from] Sandstorm
|-heal|p1b: Excadrill|62/100|[from] Grassy Terrain
|-heal|p2b: Incineroar|60/100|[from] Grassy Terrain
|upkeep
|
|t:|1757659522
|switch|p1a: Amoonguss|Amoonguss, L50, M|100/100
|turn|3
|
|t:|1757659535
|switch|p2a: Rillaboom|Rillaboom, L50, F|100/100
|move|p1b: Excadrill|Iron Head|p2a: Rillaboom
|-damage|p2a: Rillaboom|76/100
|move|p2b: Incineroar|Flare Blitz|p1b: Excadrill
|-supereffective|p1b: Excadrill
|-damage|p1b: Excadrill|0 fnt
|faint|p1b: Excadrill
|-damage|p2b: Incineroar|41/100|[from] Recoil
|-enditem|p2b: Incineroar|Sitrus Berry|[eat]
|-heal|p2b: Incineroar|66/100|[from] item: Sitrus Berry
|move|p1a: Amoonguss|Spore|p2a: Rillaboom
|-immune|p2a: Rillaboom
|
|-weather|Sandstorm|[upkeep]
|-damage|p2a: Rillaboom|70/100|[from] Sandstorm
|-damage|p2b: Incineroar|60/100|[from] Sandstorm
|-damage|p1a: Amoonguss|95/100|[from] Sandstorm
|-heal|p2a: Rillaboom|76/100|[from] Grassy Terrain
|-heal|p2b: Incineroar|66/100|[from] Grassy Terrain
|-heal|p1a: Amoonguss|100/100|[from] Grassy Terrain
|upkeep
|
|t:|1757659556
|switch|p1b: Tyranitar|Tyranitar, L50, F, tera:Flying|94/100
|turn|4
|
|t:|1757659566
|switch|p2a: Hydreigon|Hydreigon, L50, M|100/100
|move|p2b: Incineroar|Knock Off|p1b: Tyranitar
|-damage|p1b: Tyranitar|60/100
|-enditem|p1b: Tyranitar|Assault Vest|[from] move: Knock Off|[of] p2b: Incineroar
|move|p1b: Tyranitar|Tera Blast|p2a: Hydreigon|[anim] Tera Blast Flying
|-damage|p2a: Hydreigon|44/100
|move|p1a: Amoonguss|Spore|p2b: Incineroar
|-status|p2b: Incineroar|slp|[from] move: Spore
|
|-weather|Sandstorm|[upkeep]
|-damage|p2b: Incineroar|60/100 slp|[from] Sandstorm
|-damage|p1b: Tyranitar|54/100|[from] Sandstorm
|-damage|p1a: Amoonguss|95/100|[from] Sandstorm
|-heal|p2b: Incineroar|66/100 slp|[from] Grassy Terrain
|-heal|p1a: Amoonguss|100/100|[from] Grassy Terrain
|-sideend|p2: hungry hillo|move: Tailwind
|upkeep
|turn|5
|l|☆hungry hillo
|player|p2|
|j|☆hungry hillo
|player|p2|hungry hillo|n|
|l|☆hungry hillo
|player|p2|
|j|☆hungry hillo
|player|p2|hungry hillo|n|
|
|t:|1757659706
|move|p1a: Amoonguss|Rage Powder|p1a: Amoonguss
|-singleturn|p1a: Amoonguss|move: Rage Powder
|move|p2a: Hydreigon|Tailwind|p2a: Hydreigon
|-sidestart|p2: hungry hillo|move: Tailwind
|cant|p2b: Incineroar|slp
|move|p1b: Tyranitar|Tera Blast|p2b: Incineroar|[anim] Tera Blast Flying
|-supereffective|p2b: Incineroar
|-damage|p2b: Incineroar|0 fnt
|faint|p2b: Incineroar
|
|-weather|none
|-fieldend|move: Grassy Terrain
|upkeep
|
|t:|1757659717
|switch|p2b: Rillaboom|Rillaboom, L50, F|76/100
|-fieldstart|move: Grassy Terrain|[from] ability: Grassy Surge|[of] p2b: Rillaboom
|turn|6
|
|t:|1757659734
|move|p2a: Hydreigon|Dark Pulse|p1b: Tyranitar
|-damage|p1b: Tyranitar|17/100
|move|p2b: Rillaboom|U-turn|p1b: Tyranitar
|-resisted|p1b: Tyranitar
|-damage|p1b: Tyranitar|8/100
|
|t:|1757659747
|switch|p2b: Dondozo|Dondozo, L50, M|100/100|[from] U-turn
|cant|p1b: Tyranitar|flinch
|move|p1a: Amoonguss|Spore|p2a: Hydreigon
|-activate|p2a: Hydreigon|item: Safety Goggles|Spore
|
|upkeep
|turn|7
|
|t:|1757659762
|move|p2a: Hydreigon|Dark Pulse|p1b: Tyranitar
|-damage|p1b: Tyranitar|0 fnt
|faint|p1b: Tyranitar
|move|p2b: Dondozo|Yawn|p1a: Amoonguss
|-start|p1a: Amoonguss|move: Yawn|[of] p2b: Dondozo
|move|p1a: Amoonguss|Spore|p2b: Dondozo
|-status|p2b: Dondozo|slp|[from] move: Spore
|
|upkeep
|turn|8
|-message|chefstony24 forfeited.
|
|win|hungry hillo
|l|☆chefstony24
|player|p1|
|l|☆hungry hillo
|player|p2|
|j|☆chefstony24
|player|p1|chefstony24|brycen|
