|j|‽Felon74
|j|☆Pumpkinman
|html|Felon74Pumpkinman    
|uhtml|bestof|Game 2 of a best-of-3
|t:|1757023051
|gametype|doubles
|player|p1|Felon74|crasherwake|1179
|player|p2|Pumpkinman|cyclist-gen4|1143
|gen|9
|tier|[Gen 9] VGC 2025 Reg H (Bo3)
|rated|
|rule|Species Clause: Limit one of each Pokémon
|rule|Item Clause: Limit 1 of each item
|clearpoke
|poke|p1|Kingambit, L50, M|
|poke|p1|Rillaboom, L50, M|
|poke|p1|Electabuzz, L50, M|
|poke|p1|Blaziken, L50, F|
|poke|p1|Dragapult, L50, M|
|poke|p1|Primarina, L50, M|
|poke|p2|Charizard, L50, F|
|poke|p2|Torkoal, L50, F|
|poke|p2|Porygon2, L50|
|poke|p2|Incineroar, L50, F|
|poke|p2|Jumpluff, L50, M|
|poke|p2|Ursaluna, L50, M|
|teampreview|4
|showteam|p1|Kingambit||AssaultVest|Defiant|KowtowCleave,IronHead,SuckerPunch,LowKick|||M|||50|,,,,,Fire]Rillaboom||MiracleSeed|GrassySurge|WoodHammer,GrassyGlide,Uturn,FakeOut|||M|||50|,,,,,Fire]Electabuzz||Eviolite|VitalSpirit|Thunderbolt,FollowMe,Taunt,Protect|||M|||50|,,,,,Dark]Blaziken||FocusSash|SpeedBoost|CloseCombat,FlareBlitz,Coaching,Protect|||F|||50|,,,,,Stellar]Dragapult||ChoiceBand|ClearBody|DragonDarts,PhantomForce,TeraBlast,Uturn|||M|||50|,,,,,Ghost]Primarina||SitrusBerry|LiquidVoice|HyperVoice,Moonblast,Haze,Protect|||M|||50|,,,,,Steel
|showteam|p2|Charizard||ChoiceSpecs|SolarPower|HeatWave,Overheat,WeatherBall,AirSlash|||F|||50|,,,,,Ghost]Torkoal||EjectPack|Drought|Eruption,Overheat,HelpingHand,Protect|||F|||50|,,,,,Fire]Porygon2||Eviolite|Download|TeraBlast,IceBeam,Recover,TrickRoom||||||50|,,,,,Fighting]Incineroar||SitrusBerry|Intimidate|FlareBlitz,KnockOff,FakeOut,PartingShot|||F|||50|,,,,,Ghost]Jumpluff||CovertCloak|Chlorophyll|SleepPowder,SunnyDay,RagePowder,Tailwind|||M|||50|,,,,,Water]Ursaluna||FlameOrb|Guts|HeadlongRush,Facade,Earthquake,Protect|||M|||50|,,,,,Ghost
|inactive|Battle timer is ON: inactive players will automatically lose when time's up. (requested by Pumpkinman)
|inactive|Pumpkinman has 60 seconds left.
|
|t:|1757023085
|teamsize|p1|4
|teamsize|p2|4
|start
|switch|p1a: Rillaboom|Rillaboom, L50, M|100/100
|switch|p1b: Kingambit|Kingambit, L50, M|100/100
|switch|p2a: Incineroar|Incineroar, L50, F|100/100
|switch|p2b: Porygon2|Porygon2, L50|100/100
|-fieldstart|move: Grassy Terrain|[from] ability: Grassy Surge|[of] p1a: Rillaboom
|-ability|p2a: Incineroar|Intimidate|boost
|-unboost|p1a: Rillaboom|atk|1
|-unboost|p1b: Kingambit|atk|1
|-ability|p1b: Kingambit|Defiant|boost
|-boost|p1b: Kingambit|atk|2
|-ability|p2b: Porygon2|Download|boost
|-boost|p2b: Porygon2|spa|1
|turn|1
|inactive|Felon74 has 30 seconds left.
|inactive|Pumpkinman has 30 seconds left.
|inactive|Felon74 has 20 seconds left.
|inactive|Pumpkinman has 20 seconds left.
|inactive|Felon74 has 15 seconds left.
|inactive|Pumpkinman has 15 seconds left.
|inactive|Felon74 has 10 seconds left.
|inactive|Felon74 has 5 seconds left.
|
|t:|1757023140
|move|p2a: Incineroar|Fake Out|p1b: Kingambit
|-resisted|p1b: Kingambit
|-damage|p1b: Kingambit|96/100
|move|p1a: Rillaboom|Wood Hammer|p2a: Incineroar
|-resisted|p2a: Incineroar
|-crit|p2a: Incineroar
|-damage|p2a: Incineroar|36/100
|-enditem|p2a: Incineroar|Sitrus Berry|[eat]
|-heal|p2a: Incineroar|61/100|[from] item: Sitrus Berry
|-damage|p1a: Rillaboom|76/100|[from] Recoil
|move|p2b: Porygon2|Tera Blast|p1b: Kingambit
|-resisted|p1b: Kingambit
|-damage|p1b: Kingambit|78/100
|cant|p1b: Kingambit|flinch
|
|-heal|p1a: Rillaboom|82/100|[from] Grassy Terrain
|-heal|p2a: Incineroar|67/100|[from] Grassy Terrain
|-heal|p1b: Kingambit|84/100|[from] Grassy Terrain
|upkeep
|turn|2
|inactive|Felon74 has 30 seconds left.
|inactive|Pumpkinman has 30 seconds left.
|inactive|Pumpkinman has 20 seconds left.
|inactive|Pumpkinman has 15 seconds left.
|inactive|Pumpkinman has 10 seconds left.
|
|t:|1757023186
|switch|p1a: Dragapult|Dragapult, L50, M|100/100
|-terastallize|p1b: Kingambit|Fire
|move|p2a: Incineroar|Flare Blitz|p1b: Kingambit
|-resisted|p1b: Kingambit
|-crit|p1b: Kingambit
|-damage|p1b: Kingambit|54/100
|-damage|p2a: Incineroar|57/100|[from] Recoil
|move|p2b: Porygon2|Tera Blast|p1a: Dragapult
|-immune|p1a: Dragapult
|move|p1b: Kingambit|Low Kick|p2a: Incineroar
|-supereffective|p2a: Incineroar
|-damage|p2a: Incineroar|0 fnt
|faint|p2a: Incineroar
|
|-heal|p1b: Kingambit|60/100|[from] Grassy Terrain
|upkeep
|inactive|Pumpkinman has 30 seconds left.
|
|t:|1757023215
|switch|p2a: Jumpluff|Jumpluff, L50, M|100/100
|turn|3
|inactive|Felon74 has 30 seconds left.
|
|t:|1757023249
|move|p1a: Dragapult|Dragon Darts|p2b: Porygon2
|-damage|p2b: Porygon2|71/100
|-anim|p1a: Dragapult|Dragon Darts|p2a: Jumpluff
|-damage|p2a: Jumpluff|47/100
|move|p2a: Jumpluff|Sleep Powder|p1b: Kingambit
|-status|p1b: Kingambit|slp|[from] move: Sleep Powder
|cant|p1b: Kingambit|slp
|move|p2b: Porygon2|Trick Room|p2b: Porygon2
|-fieldstart|move: Trick Room|[of] p2b: Porygon2
|
|-heal|p1b: Kingambit|66/100 slp|[from] Grassy Terrain
|-heal|p2b: Porygon2|77/100|[from] Grassy Terrain
|upkeep
|turn|4
|inactive|Pumpkinman has 30 seconds left.
|
|t:|1757023278
|cant|p1b: Kingambit|slp
|move|p2b: Porygon2|Tera Blast|p1b: Kingambit
|-damage|p1b: Kingambit|28/100 slp
|move|p2a: Jumpluff|Sleep Powder|p1a: Dragapult
|-status|p1a: Dragapult|slp|[from] move: Sleep Powder
|cant|p1a: Dragapult|slp
|
|-heal|p1b: Kingambit|34/100 slp|[from] Grassy Terrain
|-heal|p2b: Porygon2|83/100|[from] Grassy Terrain
|upkeep
|turn|5
|inactive|Felon74 has 30 seconds left.
|inactive|Pumpkinman has 30 seconds left.
|inactive|Felon74 has 20 seconds left.
|
|t:|1757023316
|move|p2a: Jumpluff|Rage Powder|p2a: Jumpluff
|-singleturn|p2a: Jumpluff|move: Rage Powder
|cant|p1b: Kingambit|slp
|move|p2b: Porygon2|Tera Blast|p1b: Kingambit
|-damage|p1b: Kingambit|1/100 slp
|-curestatus|p1a: Dragapult|slp|[msg]
|move|p1a: Dragapult|Dragon Darts|p2a: Jumpluff
|-damage|p2a: Jumpluff|0 fnt
|faint|p2a: Jumpluff
|
|-heal|p1b: Kingambit|7/100 slp|[from] Grassy Terrain
|-heal|p2b: Porygon2|90/100|[from] Grassy Terrain
|-fieldend|move: Grassy Terrain
|upkeep
|
|t:|1757023333
|switch|p2a: Ursaluna|Ursaluna, L50, M|100/100
|turn|6
|inactive|Felon74 has 30 seconds left.
|inactive|Pumpkinman has 30 seconds left.
|inactive|Felon74 has 20 seconds left.
|inactive|Pumpkinman has 20 seconds left.
|inactive|Felon74 has 15 seconds left.
|inactive|Pumpkinman has 15 seconds left.
|inactive|Felon74 has 10 seconds left.
|inactive|Pumpkinman has 10 seconds left.
|inactive|Pumpkinman has 5 seconds left.
|
|t:|1757023386
|-curestatus|p1b: Kingambit|slp|[msg]
|move|p1b: Kingambit|Sucker Punch||[still]
|-fail|p1b: Kingambit
|move|p2a: Ursaluna|Earthquake|p1b: Kingambit|[spread] p2b,p1a,p1b
|-supereffective|p1b: Kingambit
|-damage|p2b: Porygon2|60/100
|-damage|p1a: Dragapult|35/100
|-damage|p1b: Kingambit|0 fnt
|faint|p1b: Kingambit
|move|p1a: Dragapult|Dragon Darts|p2b: Porygon2
|-damage|p2b: Porygon2|32/100
|-anim|p1a: Dragapult|Dragon Darts|p2a: Ursaluna
|-damage|p2a: Ursaluna|70/100
|move|p2b: Porygon2|Trick Room|p2b: Porygon2
|-fieldend|move: Trick Room
|
|-status|p2a: Ursaluna|brn|[from] item: Flame Orb
|upkeep
|inactive|Felon74 has 30 seconds left.
|
|t:|1757023412
|switch|p1b: Rillaboom|Rillaboom, L50, M|82/100
|-fieldstart|move: Grassy Terrain|[from] ability: Grassy Surge|[of] p1b: Rillaboom
|turn|7
|inactive|Pumpkinman has 30 seconds left.
|inactive|Pumpkinman has 20 seconds left.
|inactive|Pumpkinman has 15 seconds left.
|inactive|Pumpkinman has 10 seconds left.
|inactive|Pumpkinman has 5 seconds left.
|
|t:|1757023465
|-terastallize|p2a: Ursaluna|Ghost
|move|p1a: Dragapult|Dragon Darts|p2b: Porygon2
|-damage|p2b: Porygon2|5/100
|-anim|p1a: Dragapult|Dragon Darts|p2a: Ursaluna
|-damage|p2a: Ursaluna|37/100 brn
|move|p1b: Rillaboom|Wood Hammer|p2a: Ursaluna
|-damage|p2a: Ursaluna|0 fnt
|faint|p2a: Ursaluna
|-damage|p1b: Rillaboom|67/100|[from] Recoil
|move|p2b: Porygon2|Trick Room|p2b: Porygon2
|-fieldstart|move: Trick Room|[of] p2b: Porygon2
|
|-heal|p2b: Porygon2|11/100|[from] Grassy Terrain
|-heal|p1b: Rillaboom|73/100|[from] Grassy Terrain
|-heal|p1a: Dragapult|42/100|[from] Grassy Terrain
|upkeep
|turn|8
|inactive|Felon74 has 30 seconds left.
|inactive|Felon74 has 20 seconds left.
|
|t:|1757023503
|move|p1b: Rillaboom|Grassy Glide|p2b: Porygon2
|-damage|p2b: Porygon2|0 fnt
|faint|p2b: Porygon2
|
|win|Felon74
|l|‽Felon74
|player|p1|
|inactive|Felon74 has 30 seconds to confirm battle start!
|inactive|Pumpkinman has 30 seconds to confirm battle start!
||Pumpkinman is ready for game 3.
|inactive|Felon74 has 20 seconds to confirm battle start!
|inactive|Felon74 has 10 seconds to confirm battle start!
|uhtml|next|Next: Game 3 of 3
