|j|☆glueck
|j|☆grools
|html|glueckgrools    
|uhtml|bestof|Game 1 of a best-of-3
|t:|1756928186
|gametype|doubles
|player|p1|glueck|marley|1099
|player|p2|grools|bugcatcher-gen4dp|1000
|gen|9
|tier|[Gen 9] VGC 2025 Reg H (Bo3)
|rated|
|rule|Species Clause: Limit one of each Pokémon
|rule|Item Clause: Limit 1 of each item
|clearpoke
|poke|p1|Sneasler, L50, F|
|poke|p1|Indeedee, L50, M|
|poke|p1|Ursaluna-Bloodmoon, L50, M|
|poke|p1|Electabuzz, L50, F|
|poke|p1|Incineroar, L50, M|
|poke|p1|Talonflame, L50, F|
|poke|p2|Gholdengo, L50|
|poke|p2|Sneasler, L50, M|
|poke|p2|Rillaboom, L50, M|
|poke|p2|Dragonite, L50, M|
|poke|p2|Ninetales-Alola, L50, M|
|poke|p2|Arcanine-Hisui, L50, M|
|teampreview|4
|showteam|p1|Sneasler||PsychicSeed|Unburden|CloseCombat,DireClaw,ThroatChop,Protect|||F|||50|,,,,,Dark]Indeedee||FocusSash|PsychicSurge|ExpandingForce,TrickRoom,Protect,Imprison|||M|||50|,,,,,Psychic]Ursaluna-Bloodmoon||LifeOrb|MindsEye|BloodMoon,HyperVoice,EarthPower,Protect|||M|||50|,,,,,Normal]Electabuzz||Eviolite|VitalSpirit|Electroweb,FollowMe,Taunt,Protect|||F|||50|,,,,,Dragon]Incineroar||SafetyGoggles|Intimidate|FlareBlitz,KnockOff,PartingShot,FakeOut|||M|||50|,,,,,Ghost]Talonflame||CovertCloak|GaleWings|FlareBlitz,DualWingbeat,WillOWisp,Tailwind|||F|||50|,,,,,Fairy
|showteam|p2|Gholdengo||GrassySeed|GoodasGold|NastyPlot,MakeItRain,ShadowBall,Protect||||||50|,,,,,Water]Sneasler||WhiteHerb|Unburden|CloseCombat,DireClaw,Coaching,Protect|||M|||50|,,,,,Ghost]Rillaboom||AssaultVest|GrassySurge|FakeOut,GrassyGlide,DrumBeating,HighHorsepower|||M|||50|,,,,,Fire]Dragonite||LoadedDice|Multiscale|ScaleShot,StompingTantrum,Tailwind,Protect|||M|||50|,,,,,Ground]Ninetales-Alola||FocusSash|SnowWarning|Blizzard,IcyWind,Encore,AuroraVeil|||M|||50|,,,,,Ghost]Arcanine-Hisui||ClearAmulet|Intimidate|RockSlide,FlareBlitz,ExtremeSpeed,Protect|||M|||50|,,,,,Water
|inactive|Battle timer is ON: inactive players will automatically lose when time's up. (requested by grools)
|inactive|glueck also wants the timer to be on.
|inactive|glueck has 60 seconds left.
|inactive|grools has 60 seconds left.
|inactive|glueck has 30 seconds left.
|inactive|glueck has 20 seconds left.
|inactive|glueck has 15 seconds left.
|
|t:|1756928267
|teamsize|p1|4
|teamsize|p2|4
|start
|switch|p1a: Indeedee|Indeedee, L50, M|100/100
|switch|p1b: Sneasler|Sneasler, L50, F|100/100
|switch|p2a: Gholdengo|Gholdengo, L50|100/100
|switch|p2b: Arcanine|Arcanine-Hisui, L50, M|100/100
|-fieldstart|move: Psychic Terrain|[from] ability: Psychic Surge|[of] p1a: Indeedee
|-enditem|p1b: Sneasler|Psychic Seed
|-boost|p1b: Sneasler|spd|1|[from] item: Psychic Seed
|-ability|p2b: Arcanine|Intimidate|boost
|-unboost|p1a: Indeedee|atk|1
|-unboost|p1b: Sneasler|atk|1
|turn|1
|inactive|glueck has 30 seconds left.
|inactive|glueck has 20 seconds left.
|inactive|glueck has 15 seconds left.
|
|t:|1756928311
|switch|p2b: Rillaboom|Rillaboom, L50, M|100/100
|-fieldstart|move: Grassy Terrain|[from] ability: Grassy Surge|[of] p2b: Rillaboom
|-enditem|p2a: Gholdengo|Grassy Seed
|-boost|p2a: Gholdengo|def|1|[from] item: Grassy Seed
|-terastallize|p1b: Sneasler|Dark
|move|p1b: Sneasler|Throat Chop|p2a: Gholdengo
|-supereffective|p2a: Gholdengo
|-damage|p2a: Gholdengo|59/100
|-start|p2a: Gholdengo|Throat Chop|[silent]
|move|p1a: Indeedee|Expanding Force|p2b: Rillaboom
|-damage|p2b: Rillaboom|71/100
|move|p2a: Gholdengo|Nasty Plot|p2a: Gholdengo
|-boost|p2a: Gholdengo|spa|2
|
|-heal|p2b: Rillaboom|77/100|[from] Grassy Terrain
|-heal|p2a: Gholdengo|65/100|[from] Grassy Terrain
|upkeep
|turn|2
|inactive|glueck has 30 seconds left.
|inactive|grools has 30 seconds left.
|inactive|glueck has 20 seconds left.
|inactive|grools has 20 seconds left.
|inactive|glueck has 15 seconds left.
|inactive|grools has 15 seconds left.
|inactive|glueck has 10 seconds left.
|
|t:|1756928359
|switch|p1a: Incineroar|Incineroar, L50, M|100/100
|-ability|p1a: Incineroar|Intimidate|boost
|-unboost|p2a: Gholdengo|atk|1
|-unboost|p2b: Rillaboom|atk|1
|switch|p2b: Arcanine|Arcanine-Hisui, L50, M|100/100
|-ability|p2b: Arcanine|Intimidate|boost
|-unboost|p1a: Incineroar|atk|1
|-unboost|p1b: Sneasler|atk|1
|move|p1b: Sneasler|Protect|p1b: Sneasler
|-singleturn|p1b: Sneasler|Protect
|move|p2a: Gholdengo|Make It Rain|p1a: Incineroar|[spread] p1a
|-activate|p1b: Sneasler|move: Protect
|-resisted|p1a: Incineroar
|-damage|p1a: Incineroar|54/100
|-unboost|p2a: Gholdengo|spa|1
|
|-heal|p2a: Gholdengo|71/100|[from] Grassy Terrain
|-heal|p1a: Incineroar|60/100|[from] Grassy Terrain
|-end|p2a: Gholdengo|Throat Chop|[silent]
|upkeep
|turn|3
|inactive|glueck has 30 seconds left.
|inactive|grools has 30 seconds left.
|
|t:|1756928393
|-terastallize|p2b: Arcanine|Water
|move|p1a: Incineroar|Fake Out|p2b: Arcanine
|-damage|p2b: Arcanine|91/100
|move|p1b: Sneasler|Throat Chop|p2a: Gholdengo
|-supereffective|p2a: Gholdengo
|-damage|p2a: Gholdengo|40/100
|-start|p2a: Gholdengo|Throat Chop|[silent]
|cant|p2b: Arcanine|flinch
|move|p2a: Gholdengo|Make It Rain|p1b: Sneasler|[spread] p1a,p1b
|-resisted|p1a: Incineroar
|-damage|p1a: Incineroar|27/100
|-damage|p1b: Sneasler|42/100
|-unboost|p2a: Gholdengo|spa|1
|
|-heal|p1b: Sneasler|48/100|[from] Grassy Terrain
|-heal|p2b: Arcanine|96/100|[from] Grassy Terrain
|-heal|p2a: Gholdengo|46/100|[from] Grassy Terrain
|-heal|p1a: Incineroar|33/100|[from] Grassy Terrain
|upkeep
|turn|4
|inactive|glueck has 30 seconds left.
|inactive|glueck has 20 seconds left.
|inactive|glueck has 15 seconds left.
|inactive|glueck has 10 seconds left.
|
|t:|1756928440
|move|p2a: Gholdengo|Protect|p2a: Gholdengo
|-singleturn|p2a: Gholdengo|Protect
|move|p1b: Sneasler|Throat Chop|p2a: Gholdengo
|-activate|p2a: Gholdengo|move: Protect
|move|p2b: Arcanine|Rock Slide|p1b: Sneasler|[spread] p1a,p1b
|-supereffective|p1a: Incineroar
|-damage|p1a: Incineroar|0 fnt
|-damage|p1b: Sneasler|1/100
|faint|p1a: Incineroar
|
|-heal|p1b: Sneasler|7/100|[from] Grassy Terrain
|-heal|p2b: Arcanine|100/100|[from] Grassy Terrain
|-heal|p2a: Gholdengo|53/100|[from] Grassy Terrain
|-end|p2a: Gholdengo|Throat Chop|[silent]
|upkeep
|
|t:|1756928457
|switch|p1a: Indeedee|Indeedee, L50, M|100/100
|-fieldstart|move: Psychic Terrain|[from] ability: Psychic Surge|[of] p1a: Indeedee
|turn|5
|
|t:|1756928476
|switch|p2a: Rillaboom|Rillaboom, L50, M|77/100
|-fieldstart|move: Grassy Terrain|[from] ability: Grassy Surge|[of] p2a: Rillaboom
|move|p1b: Sneasler|Throat Chop|p2a: Rillaboom
|-damage|p2a: Rillaboom|54/100
|-start|p2a: Rillaboom|Throat Chop|[silent]
|move|p2b: Arcanine|Rock Slide|p1b: Sneasler|[spread] p1a,p1b
|-damage|p1a: Indeedee|45/100
|-damage|p1b: Sneasler|0 fnt
|faint|p1b: Sneasler
|cant|p1a: Indeedee|flinch
|
|-heal|p1a: Indeedee|51/100|[from] Grassy Terrain
|-heal|p2a: Rillaboom|60/100|[from] Grassy Terrain
|upkeep
|
|t:|1756928485
|switch|p1b: Ursaluna|Ursaluna-Bloodmoon, L50, M|100/100
|turn|6
|
|t:|1756928505
|move|p1b: Ursaluna|Protect|p1b: Ursaluna
|-singleturn|p1b: Ursaluna|Protect
|move|p2a: Rillaboom|Fake Out|p1b: Ursaluna
|-activate|p1b: Ursaluna|move: Protect
|move|p2b: Arcanine|Flare Blitz|p1a: Indeedee
|-damage|p1a: Indeedee|0 fnt
|faint|p1a: Indeedee
|-damage|p2b: Arcanine|87/100|[from] Recoil
|
|-heal|p2b: Arcanine|93/100|[from] Grassy Terrain
|-heal|p2a: Rillaboom|66/100|[from] Grassy Terrain
|-end|p2a: Rillaboom|Throat Chop|[silent]
|upkeep
|turn|7
|inactive|glueck has 30 seconds left.
|inactive|glueck has 20 seconds left.
|inactive|glueck has 15 seconds left.
|inactive|glueck has 10 seconds left.
|
|t:|1756928554
|move|p2b: Arcanine|Flare Blitz|p1b: Ursaluna
|-damage|p1b: Ursaluna|54/100
|-damage|p2b: Arcanine|76/100|[from] Recoil
|move|p2a: Rillaboom|Drum Beating|p1b: Ursaluna
|-supereffective|p1b: Ursaluna
|-damage|p1b: Ursaluna|0 fnt
|faint|p1b: Ursaluna
|
|win|grools
||glueck is ready for game 2.
||glueck is ready for game 2.
|inactive|grools has 30 seconds to confirm battle start!
|inactive|grools has 20 seconds to confirm battle start!
||grools is ready for game 2.
|uhtml|next|Next: Game 2 of 3
|l|☆grools
|player|p2|
