|j|☆sergio23perez
|j|☆Low Tier Goodra
|html|sergio23perezLow Tier Goodra    
|uhtml|bestof|Game 1 of a best-of-3
|t:|1757679757
|gametype|doubles
|player|p1|sergio23perez|169|1267
|player|p2|Low Tier Goodra|jasmine|1384
|gen|9
|tier|[Gen 9] VGC 2025 Reg H (Bo3)
|rated|
|rule|Species Clause: Limit one of each Pokémon
|rule|Item Clause: Limit 1 of each item
|clearpoke
|poke|p1|Jumpluff, L50, M|
|poke|p1|Charizard, L50, F|
|poke|p1|Porygon2, L50|
|poke|p1|Torkoal, L50, M|
|poke|p1|Incineroar, L50, F|
|poke|p1|Ursaluna, L50, F|
|poke|p2|Armarouge, L50, F|
|poke|p2|Torkoal, L50, M|
|poke|p2|Sinistcha-Masterpiece, L50|
|poke|p2|Rillaboom, L50, M|
|poke|p2|Ursaluna, L50, F|
|poke|p2|Incineroar, L50, M|
|teampreview|4
|showteam|p1|Jumpluff||CovertCloak|Chlorophyll|SleepPowder,SunnyDay,Tailwind,RagePowder|||M|||50|,,,,,Water]Charizard||ChoiceSpecs|SolarPower|AirSlash,HeatWave,Overheat,WeatherBall|||F|||50|,,,,,Ghost]Porygon2||Eviolite|Download|TeraBlast,IceBeam,Recover,TrickRoom||||||50|,,,,,Fighting]Torkoal||EjectPack|Drought|HelpingHand,Eruption,Overheat,Protect|||M|||50|,,,,,Fire]Incineroar||SafetyGoggles|Intimidate|FakeOut,PartingShot,FlareBlitz,KnockOff|||F|||50|,,,,,Ghost]Ursaluna||FlameOrb|Guts|HeadlongRush,Facade,Earthquake,Protect|||F|||50|,,,,,Ghost
|showteam|p2|Armarouge||MentalHerb|FlashFire|ArmorCannon,ExpandingForce,TrickRoom,Protect|||F|||50|,,,,,Grass]Torkoal||Leftovers|Drought|Eruption,WeatherBall,EarthPower,Protect|||M|||50|,,,,,Fire]Sinistcha-Masterpiece||GrassySeed|Heatproof|MatchaGotcha,ShadowBall,CalmMind,TrickRoom||||||50|,,,,,Fairy]Rillaboom||CovertCloak|GrassySurge|WoodHammer,Uturn,Taunt,FakeOut|||M|||50|,,,,,Water]Ursaluna||FlameOrb|Guts|HeadlongRush,Facade,Substitute,Protect|||F|||50|,,,,,Ghost]Incineroar||SafetyGoggles|Intimidate|FlareBlitz,KnockOff,Taunt,FakeOut|||M|||50|,,,,,Ghost
|inactive|Battle timer is ON: inactive players will automatically lose when time's up. (requested by sergio23perez)
|
|t:|1757679793
|teamsize|p1|4
|teamsize|p2|4
|start
|switch|p1a: Charizard|Charizard, L50, F|100/100
|switch|p1b: Ursaluna|Ursaluna, L50, F|100/100
|switch|p2a: Rillaboom|Rillaboom, L50, M|100/100
|switch|p2b: Armarouge|Armarouge, L50, F|100/100
|-fieldstart|move: Grassy Terrain|[from] ability: Grassy Surge|[of] p2a: Rillaboom
|turn|1
|inactive|Low Tier Goodra has 30 seconds left.
|
|t:|1757679822
|switch|p1a: Incineroar|Incineroar, L50, F|100/100
|-ability|p1a: Incineroar|Intimidate|boost
|-unboost|p2a: Rillaboom|atk|1
|-unboost|p2b: Armarouge|atk|1
|-terastallize|p2b: Armarouge|Grass
|move|p1b: Ursaluna|Protect|p1b: Ursaluna
|-singleturn|p1b: Ursaluna|Protect
|move|p2a: Rillaboom|Wood Hammer|p1b: Ursaluna
|-activate|p1b: Ursaluna|move: Protect
|move|p2b: Armarouge|Trick Room|p2b: Armarouge
|-fieldstart|move: Trick Room|[of] p2b: Armarouge
|
|-status|p1b: Ursaluna|brn|[from] item: Flame Orb
|upkeep
|turn|2
|
|t:|1757679843
|-terastallize|p1b: Ursaluna|Ghost
|move|p2b: Armarouge|Protect|p2b: Armarouge
|-singleturn|p2b: Armarouge|Protect
|move|p1a: Incineroar|Flare Blitz|p2a: Rillaboom
|-supereffective|p2a: Rillaboom
|-damage|p2a: Rillaboom|2/100
|-damage|p1a: Incineroar|70/100|[from] Recoil
|move|p1b: Ursaluna|Facade|p2b: Armarouge
|-activate|p2b: Armarouge|move: Protect
|move|p2a: Rillaboom|U-turn|p1a: Incineroar
|-damage|p1a: Incineroar|56/100
|
|t:|1757679865
|switch|p2a: Torkoal|Torkoal, L50, M|100/100|[from] U-turn
|-weather|SunnyDay|[from] ability: Drought|[of] p2a: Torkoal
|
|-weather|SunnyDay|[upkeep]
|-heal|p1a: Incineroar|62/100|[from] Grassy Terrain
|-damage|p1b: Ursaluna|94/100 brn|[from] brn
|upkeep
|turn|3
|
|t:|1757679875
|move|p1b: Ursaluna|Protect|p1b: Ursaluna
|-singleturn|p1b: Ursaluna|Protect
|move|p2a: Torkoal|Eruption|p1b: Ursaluna|[spread] p1a
|-activate|p1b: Ursaluna|move: Protect
|-resisted|p1a: Incineroar
|-damage|p1a: Incineroar|32/100
|move|p2b: Armarouge|Armor Cannon|p1b: Ursaluna
|-activate|p1b: Ursaluna|move: Protect
|move|p1a: Incineroar|Parting Shot|p2a: Torkoal
|-unboost|p2a: Torkoal|atk|1
|-unboost|p2a: Torkoal|spa|1
|
|t:|1757679886
|switch|p1a: Torkoal|Torkoal, L50, M|100/100|[from] Parting Shot
|
|-weather|SunnyDay|[upkeep]
|-heal|p1b: Ursaluna|100/100 brn|[from] Grassy Terrain
|-damage|p1b: Ursaluna|94/100 brn|[from] brn
|upkeep
|turn|4
|
|t:|1757679894
|switch|p1b: Incineroar|Incineroar, L50, F|32/100
|-ability|p1b: Incineroar|Intimidate|boost
|-unboost|p2a: Torkoal|atk|1
|-unboost|p2b: Armarouge|atk|1
|move|p2a: Torkoal|Eruption|p1b: Incineroar|[spread] p1a,p1b
|-resisted|p1a: Torkoal
|-resisted|p1b: Incineroar
|-crit|p1b: Incineroar
|-damage|p1a: Torkoal|68/100
|-damage|p1b: Incineroar|0 fnt
|faint|p1b: Incineroar
|move|p1a: Torkoal|Overheat|p2a: Torkoal
|-resisted|p2a: Torkoal
|-damage|p2a: Torkoal|45/100
|-unboost|p1a: Torkoal|spa|2
|-enditem|p1a: Torkoal|Eject Pack
|
|t:|1757679911
|switch|p1a: Ursaluna|Ursaluna, L50, F, tera:Ghost|94/100 brn
|move|p2b: Armarouge|Armor Cannon|p1a: Ursaluna
|-damage|p1a: Ursaluna|21/100 brn
|-unboost|p2b: Armarouge|def|1
|-unboost|p2b: Armarouge|spd|1
|
|-weather|SunnyDay|[upkeep]
|-heal|p2a: Torkoal|51/100|[from] Grassy Terrain
|-heal|p2a: Torkoal|57/100|[from] item: Leftovers
|-heal|p1a: Ursaluna|28/100 brn|[from] Grassy Terrain
|-damage|p1a: Ursaluna|21/100 brn|[from] brn
|upkeep
|
|t:|1757679915
|switch|p1b: Torkoal|Torkoal, L50, M|68/100
|turn|5
|
|t:|1757679937
|move|p1a: Ursaluna|Protect|p1a: Ursaluna
|-singleturn|p1a: Ursaluna|Protect
|move|p2a: Torkoal|Weather Ball|p1a: Ursaluna
|-activate|p1a: Ursaluna|move: Protect
|move|p1b: Torkoal|Overheat|p2a: Torkoal
|-resisted|p2a: Torkoal
|-damage|p2a: Torkoal|3/100
|-unboost|p1b: Torkoal|spa|2
|move|p2b: Armarouge|Expanding Force|p1b: Torkoal
|-damage|p1b: Torkoal|22/100
|
|-weather|SunnyDay|[upkeep]
|-heal|p2a: Torkoal|9/100|[from] Grassy Terrain
|-heal|p2a: Torkoal|15/100|[from] item: Leftovers
|-heal|p1b: Torkoal|28/100|[from] Grassy Terrain
|-heal|p1a: Ursaluna|28/100 brn|[from] Grassy Terrain
|-damage|p1a: Ursaluna|21/100 brn|[from] brn
|-fieldend|move: Trick Room
|-fieldend|move: Grassy Terrain
|upkeep
|turn|6
|inactive|Low Tier Goodra has 30 seconds left.
|
|t:|1757679970
|move|p1a: Ursaluna|Facade|p2b: Armarouge
|-damage|p2b: Armarouge|0 fnt
|faint|p2b: Armarouge
|move|p1b: Torkoal|Overheat|p2a: Torkoal
|-resisted|p2a: Torkoal
|-damage|p2a: Torkoal|0 fnt
|-unboost|p1b: Torkoal|spa|2
|faint|p2a: Torkoal
|
|-weather|none
|-damage|p1a: Ursaluna|15/100 brn|[from] brn
|upkeep
|
|t:|1757679977
|switch|p2b: Rillaboom|Rillaboom, L50, M|2/100
|switch|p2a: Ursaluna|Ursaluna, L50, F|100/100
|-fieldstart|move: Grassy Terrain|[from] ability: Grassy Surge|[of] p2b: Rillaboom
|turn|7
|inactive|Low Tier Goodra has 30 seconds left.
|
|t:|1757680002
|move|p2b: Rillaboom|Fake Out|p1b: Torkoal
|-damage|p1b: Torkoal|16/100
|move|p1a: Ursaluna|Facade|p2b: Rillaboom
|-damage|p2b: Rillaboom|0 fnt
|faint|p2b: Rillaboom
|move|p2a: Ursaluna|Substitute|p2a: Ursaluna
|-start|p2a: Ursaluna|Substitute
|-damage|p2a: Ursaluna|76/100
|cant|p1b: Torkoal|flinch
|
|-heal|p1a: Ursaluna|21/100 brn|[from] Grassy Terrain
|-heal|p2a: Ursaluna|82/100|[from] Grassy Terrain
|-heal|p1b: Torkoal|23/100|[from] Grassy Terrain
|-damage|p1a: Ursaluna|15/100 brn|[from] brn
|-status|p2a: Ursaluna|brn|[from] item: Flame Orb
|upkeep
|turn|8
|
|t:|1757680025
|move|p2a: Ursaluna|Protect|p2a: Ursaluna
|-singleturn|p2a: Ursaluna|Protect
|move|p1a: Ursaluna|Facade|p2a: Ursaluna
|-activate|p2a: Ursaluna|move: Protect
|move|p1b: Torkoal|Overheat|p2a: Ursaluna
|-activate|p2a: Ursaluna|move: Protect
|
|-heal|p1a: Ursaluna|21/100 brn|[from] Grassy Terrain
|-heal|p2a: Ursaluna|87/100 brn|[from] Grassy Terrain
|-heal|p1b: Torkoal|29/100|[from] Grassy Terrain
|-damage|p1a: Ursaluna|15/100 brn|[from] brn
|-damage|p2a: Ursaluna|82/100 brn|[from] brn
|upkeep
|turn|9
|
|t:|1757680045
|move|p1a: Ursaluna|Facade|p2a: Ursaluna
|-end|p2a: Ursaluna|Substitute
|move|p2a: Ursaluna|Headlong Rush|p1a: Ursaluna
|-damage|p1a: Ursaluna|0 fnt
|-unboost|p2a: Ursaluna|def|1
|-unboost|p2a: Ursaluna|spd|1
|faint|p1a: Ursaluna
|move|p1b: Torkoal|Overheat|p2a: Ursaluna
|-damage|p2a: Ursaluna|56/100 brn
|-unboost|p1b: Torkoal|spa|2
|
|-heal|p2a: Ursaluna|62/100 brn|[from] Grassy Terrain
|-heal|p1b: Torkoal|35/100|[from] Grassy Terrain
|-damage|p2a: Ursaluna|56/100 brn|[from] brn
|upkeep
|-message|Low Tier Goodra forfeited.
|
|win|sergio23perez
|l|☆Low Tier Goodra
|player|p2|
||Low Tier Goodra is ready for game 2.
||sergio23perez is ready for game 2.
|uhtml|next|Next: Game 2 of 3
|l|☆sergio23perez
|player|p1|
