|j|☆MessyBench
|j|☆NewAdi6
|html|MessyBenchNewAdi6    
|uhtml|bestof|Game 2 of a best-of-3
|t:|1782221386
|gametype|doubles
|player|p1|MessyBench|101|1097
|player|p2|NewAdi6|170|1144
|gen|9
|tier|[Gen 9 Champions] VGC 2026 Reg M-B (Bo3)
|rated|
|rule|Species Clause: Limit one of each Pokémon
|rule|Item Clause: Limit 1 of each item
|clearpoke
|poke|p1|Sceptile, L50, F|
|poke|p1|Rotom-Heat, L50|
|poke|p1|Mamoswine, L50, F|
|poke|p1|Froslass, L50, F|
|poke|p1|Annihilape, L50, F|
|poke|p1|Sneasler, L50, M|
|poke|p2|Farigiraf, L50, M|
|poke|p2|Torkoal, L50, M|
|poke|p2|Hatterene, L50, F|
|poke|p2|Chesnaught, L50, M|
|poke|p2|Kingambit, L50, M|
|poke|p2|Sneasler, L50, M|
|teampreview|4
|showteam|p1|Sceptile||Sceptilite|Overgrow|Detect,DragonPulse,EarthPower,LeafStorm|Timid||F|||50|]Rotom-Heat||ChoiceScarf|Levitate|Discharge,Electroweb,Trick,Overheat|Timid|||||50|]Mamoswine||LifeOrb|Oblivious|Earthquake,StompingTantrum,IcicleCrash,Protect|Adamant||F|||50|]Froslass||Froslassite|SnowCloak|Blizzard,Protect,ShadowBall,AuroraVeil|Timid||F|||50|]Annihilape||Leftovers|Defiant|Protect,DrainPunch,RageFist,BulkUp|Jolly||F|||50|]Sneasler||WhiteHerb|Unburden|FakeOut,DireClaw,CloseCombat,Coaching|Jolly||M|||50|
|showteam|p2|Farigiraf||MentalHerb|ArmorTail|TwinBeam,TrickRoom,Protect,Thunderbolt|Bold||M|||50|]Torkoal||Charcoal|Drought|Eruption,WeatherBall,EarthPower,Protect|Quiet||M|||50|]Hatterene||LifeOrb|MagicBounce|DazzlingGleam,Psychic,TrickRoom,Protect|Quiet||F|||50|]Chesnaught||Chesnaughtite|Bulletproof|WideGuard,SeedBomb,BodyPress,SpikyShield|Brave||M|||50|]Kingambit||BlackGlasses|Defiant|KowtowCleave,SuckerPunch,LowKick,Protect|Adamant||M|||50|]Sneasler||ChoiceScarf|PoisonTouch|RockSlide,DireClaw,CloseCombat,Uturn|Adamant||M|||50|
|
|t:|1782221402
|teamsize|p1|4
|teamsize|p2|4
|start
|switch|p1a: Rotom|Rotom-Heat, L50|100/100
|switch|p1b: Sceptile|Sceptile, L50, F|100/100
|switch|p2a: Kingambit|Kingambit, L50, M|100/100
|switch|p2b: Farigiraf|Farigiraf, L50, M|100/100
|turn|1
|inactive|Battle timer is ON: inactive players will automatically lose when time's up. (requested by NewAdi6)
|
|t:|1782221415
|detailschange|p1b: Sceptile|Sceptile-Mega, L50, F
|-mega|p1b: Sceptile|Sceptile|Sceptilite
|move|p2b: Farigiraf|Protect|p2b: Farigiraf
|-singleturn|p2b: Farigiraf|Protect
|move|p2a: Kingambit|Sucker Punch|p1b: Sceptile
|-damage|p1b: Sceptile|26/100
|move|p1a: Rotom|Discharge|p2b: Farigiraf|[spread] p2a
|-activate|p2b: Farigiraf|move: Protect
|-ability|p1b: Sceptile|Lightning Rod|boost
|-boost|p1b: Sceptile|spa|1
|-damage|p2a: Kingambit|71/100
|move|p1b: Sceptile|Leaf Storm|p2b: Farigiraf
|-activate|p2b: Farigiraf|move: Protect
|
|upkeep
|turn|2
|
|t:|1782221430
|move|p2a: Kingambit|Sucker Punch|p1b: Sceptile
|-damage|p1b: Sceptile|0 fnt
|faint|p1b: Sceptile
|move|p1a: Rotom|Discharge|p2b: Farigiraf|[spread] p2a,p2b
|-damage|p2a: Kingambit|44/100
|-damage|p2b: Farigiraf|74/100
|-status|p2a: Kingambit|par
|-status|p2b: Farigiraf|par
|cant|p2b: Farigiraf|par
|
|upkeep
|
|t:|1782221435
|switch|p1b: Mamoswine|Mamoswine, L50, F|100/100
|turn|3
|c|☆NewAdi6|bro
|
|t:|1782221460
|move|p2b: Farigiraf|Protect|p2b: Farigiraf
|-singleturn|p2b: Farigiraf|Protect
|move|p2a: Kingambit|Sucker Punch|p1a: Rotom
|-damage|p1a: Rotom|37/100
|move|p1a: Rotom|Discharge|p2b: Farigiraf|[spread] p2a
|-activate|p2b: Farigiraf|move: Protect
|-immune|p1b: Mamoswine
|-crit|p2a: Kingambit
|-damage|p2a: Kingambit|4/100 par
|move|p1b: Mamoswine|Earthquake|p2b: Farigiraf|[spread] p2a
|-activate|p2b: Farigiraf|move: Protect
|-immune|p1a: Rotom|[from] ability: Levitate
|-supereffective|p2a: Kingambit|1
|-damage|p2a: Kingambit|0 fnt
|faint|p2a: Kingambit
|-damage|p1b: Mamoswine|90/100|[from] item: Life Orb
|
|upkeep
|
|t:|1782221463
|switch|p2a: Hatterene|Hatterene, L50, F|100/100
|turn|4
|
|t:|1782221478
|move|p2a: Hatterene|Protect|p2a: Hatterene
|-singleturn|p2a: Hatterene|Protect
|move|p1a: Rotom|Discharge|p2b: Farigiraf|[spread] p2b
|-activate|p2a: Hatterene|move: Protect
|-immune|p1b: Mamoswine
|-damage|p2b: Farigiraf|49/100 par
|move|p1b: Mamoswine|Earthquake|p2b: Farigiraf|[spread] p2b
|-activate|p2a: Hatterene|move: Protect
|-immune|p1a: Rotom|[from] ability: Levitate
|-damage|p2b: Farigiraf|3/100 par
|-damage|p1b: Mamoswine|80/100|[from] item: Life Orb
|move|p2b: Farigiraf|Trick Room|p2b: Farigiraf
|-fieldstart|move: Trick Room|[of] p2b: Farigiraf
|
|upkeep
|turn|5
|
|t:|1782221496
|move|p2b: Farigiraf|Twin Beam|p1b: Mamoswine
|-damage|p1b: Mamoswine|59/100
|-damage|p1b: Mamoswine|40/100
|-hitcount|p1b: Mamoswine|2
|move|p2a: Hatterene|Dazzling Gleam|p1b: Mamoswine|[spread] p1a,p1b
|-resisted|p1a: Rotom|1
|-damage|p1a: Rotom|9/100
|-damage|p1b: Mamoswine|0 fnt
|faint|p1b: Mamoswine
|-damage|p2a: Hatterene|90/100|[from] item: Life Orb
|move|p1a: Rotom|Discharge|p2a: Hatterene|[spread] p2a,p2b
|-damage|p2a: Hatterene|67/100
|-damage|p2b: Farigiraf|0 fnt
|-status|p2a: Hatterene|par
|faint|p2b: Farigiraf
|
|upkeep
|
|t:|1782221502
|switch|p2b: Torkoal|Torkoal, L50, M|100/100
|switch|p1b: Annihilape|Annihilape, L50, F|100/100
|-weather|SunnyDay|[from] ability: Drought|[of] p2b: Torkoal
|turn|6
|
|t:|1782221510
|move|p2a: Hatterene|Dazzling Gleam|p1b: Annihilape|[spread] p1a,p1b
|-resisted|p1a: Rotom|1
|-supereffective|p1b: Annihilape|1
|-damage|p1a: Rotom|0 fnt
|-damage|p1b: Annihilape|28/100
|faint|p1a: Rotom
|-damage|p2a: Hatterene|57/100 par|[from] item: Life Orb
|move|p2b: Torkoal|Eruption|p1b: Annihilape
|-damage|p1b: Annihilape|0 fnt
|faint|p1b: Annihilape
|
|win|NewAdi6
|raw|MessyBench's rating: 1097 → 1076(-21 for losing)
|raw|NewAdi6's rating: 1144 → 1166(+22 for winning)
