|j|☆playboiiiii carti
|j|☆ShinigamiJeiku
|html|playboiiiii cartiShinigamiJeiku    
|uhtml|bestof|Game 1 of a best-of-3
|t:|1757196009
|gametype|doubles
|player|p1|playboiiiii carti|mela|1070
|player|p2|ShinigamiJeiku|bruno|1183
|gen|9
|tier|[Gen 9] VGC 2025 Reg H (Bo3)
|rated|
|rule|Species Clause: Limit one of each Pokémon
|rule|Item Clause: Limit 1 of each item
|clearpoke
|poke|p1|Araquanid, L50, M|
|poke|p1|Weezing, L50, M|
|poke|p1|Rillaboom, L50, F|
|poke|p1|Politoed, L50, F|
|poke|p1|Electabuzz, L50, F|
|poke|p1|Sneasler, L50, M|
|poke|p2|Serperior, L50, F|
|poke|p2|Typhlosion-Hisui, L50, M|
|poke|p2|Torkoal, L50, M|
|poke|p2|Tyranitar, L50, M|
|poke|p2|Garchomp, L50, M|
|poke|p2|Grimmsnarl, L50, M|
|teampreview|4
|showteam|p1|Araquanid||AbilityShield|WaterBubble|Liquidation,WideGuard,Lunge,Protect|||M|||50|,,,,,Steel]Weezing||SitrusBerry|NeutralizingGas|WillOWisp,Taunt,SludgeBomb,Protect|||M|||50|,,,,,Grass]Rillaboom||MiracleSeed|GrassySurge|FakeOut,GrassyGlide,WoodHammer,Protect|||F|||50|,,,,,Fire]Politoed||CovertCloak|Drizzle|HelpingHand,Protect,HydroPump,PerishSong|||F|||50|,,,,,Ghost]Electabuzz||Eviolite|VitalSpirit|FollowMe,Protect,Taunt,VoltSwitch|||F|||50|,,,,,Dark]Sneasler||FocusSash|Unburden|CloseCombat,DireClaw,FakeOut,Protect|||M|||50|,,,,,Stellar
|showteam|p2|Serperior||CovertCloak|Contrary|Glare,Taunt,LeafStorm,Protect|||F|||50|,,,,,Fire]Typhlosion-Hisui||ChoiceScarf|Blaze|Eruption,Flamethrower,Overheat,ShadowBall|||M|||50|,,,,,Fire]Torkoal||SitrusBerry|Drought|Protect,BurningJealousy,BodyPress,Overheat|||M|||50|,,,,,Fighting]Tyranitar||AssaultVest|SandStream|RockSlide,LowKick,KnockOff,TeraBlast|||M|||50|,,,,,Flying]Garchomp||BrightPowder|SandVeil|SwordsDance,StompingTantrum,RockSlide,Protect|||M|||50|,,,,,Grass]Grimmsnarl||LightClay|Prankster|SpiritBreak,SuckerPunch,LightScreen,Reflect|||M|||50|,,,,,Ghost
|inactive|Battle timer is ON: inactive players will automatically lose when time's up. (requested by playboiiiii carti)
|inactive|playboiiiii carti has 60 seconds left.
|inactive|ShinigamiJeiku has 60 seconds left.
|
|t:|1757196067
|teamsize|p1|4
|teamsize|p2|4
|start
|switch|p1a: Araquanid|Araquanid, L50, M|100/100
|switch|p1b: Electabuzz|Electabuzz, L50, F|100/100
|switch|p2a: Serperior|Serperior, L50, F|100/100
|switch|p2b: Garchomp|Garchomp, L50, M|100/100
|turn|1
|inactive|playboiiiii carti has 30 seconds left.
|
|t:|1757196093
|move|p2a: Serperior|Taunt|p1b: Electabuzz
|-start|p1b: Electabuzz|move: Taunt
|move|p1b: Electabuzz|Volt Switch|p2a: Serperior
|-resisted|p2a: Serperior
|-damage|p2a: Serperior|88/100
|
|t:|1757196098
|switch|p1b: Politoed|Politoed, L50, F|100/100|[from] Volt Switch
|-weather|RainDance|[from] ability: Drizzle|[of] p1b: Politoed
|move|p2b: Garchomp|Swords Dance|p2b: Garchomp
|-boost|p2b: Garchomp|atk|2
|move|p1a: Araquanid|Liquidation|p2b: Garchomp
|-damage|p2b: Garchomp|43/100
|
|-weather|RainDance|[upkeep]
|upkeep
|turn|2
|inactive|playboiiiii carti has 30 seconds left.
|inactive|playboiiiii carti has 20 seconds left.
|inactive|playboiiiii carti has 15 seconds left.
|inactive|playboiiiii carti has 10 seconds left.
|
|t:|1757196145
|switch|p1b: Weezing|Weezing, L50, M|100/100
|-ability|p1b: Weezing|Neutralizing Gas
|-block|p1a: Araquanid|item: Ability Shield
|-terastallize|p1a: Araquanid|Steel
|move|p2a: Serperior|Leaf Storm|p1b: Weezing
|-resisted|p1b: Weezing
|-damage|p1b: Weezing|83/100
|-unboost|p2a: Serperior|spa|2
|move|p2b: Garchomp|Rock Slide|p1a: Araquanid|[spread] p1a,p1b
|-resisted|p1a: Araquanid
|-damage|p1a: Araquanid|85/100
|-damage|p1b: Weezing|55/100
|move|p1a: Araquanid|Liquidation|p2b: Garchomp
|-damage|p2b: Garchomp|0 fnt
|faint|p2b: Garchomp
|
|-weather|RainDance|[upkeep]
|upkeep
|inactive|ShinigamiJeiku has 30 seconds left.
|
|t:|1757196172
|switch|p2b: Typhlosion|Typhlosion-Hisui, L50, M|100/100
|turn|3
|
|t:|1757196194
|switch|p2a: Tyranitar|Tyranitar, L50, M|100/100
|-terastallize|p2b: Typhlosion|Fire
|move|p1b: Weezing|Protect|p1b: Weezing
|-singleturn|p1b: Weezing|Protect
|move|p2b: Typhlosion|Overheat|p1a: Araquanid
|-supereffective|p1a: Araquanid
|-damage|p1a: Araquanid|49/100
|-unboost|p2b: Typhlosion|spa|2
|move|p1a: Araquanid|Liquidation|p2b: Typhlosion
|-supereffective|p2b: Typhlosion
|-damage|p2b: Typhlosion|0 fnt
|faint|p2b: Typhlosion
|
|-weather|RainDance|[upkeep]
|upkeep
|
|t:|1757196205
|switch|p2b: Serperior|Serperior, L50, F|88/100
|turn|4
|
|t:|1757196218
|move|p2b: Serperior|Protect|p2b: Serperior
|-singleturn|p2b: Serperior|Protect
|move|p1a: Araquanid|Wide Guard|p1a: Araquanid
|-singleturn|p1a: Araquanid|Wide Guard
|move|p2a: Tyranitar|Low Kick|p1a: Araquanid
|-supereffective|p1a: Araquanid
|-damage|p1a: Araquanid|2/100
|move|p1b: Weezing|Will-O-Wisp|p2a: Tyranitar
|-status|p2a: Tyranitar|brn
|
|-weather|RainDance|[upkeep]
|-damage|p2a: Tyranitar|95/100 brn|[from] brn
|upkeep
|turn|5
|inactive|ShinigamiJeiku has 30 seconds left.
|
|t:|1757196251
|switch|p1a: Electabuzz|Electabuzz, L50, F|100/100
|move|p1b: Weezing|Protect|p1b: Weezing
|-singleturn|p1b: Weezing|Protect
|move|p2b: Serperior|Glare|p1b: Weezing
|-activate|p1b: Weezing|move: Protect
|move|p2a: Tyranitar|Rock Slide|p1b: Weezing|[spread] p1a
|-activate|p1b: Weezing|move: Protect
|-damage|p1a: Electabuzz|89/100
|
|-weather|none
|-damage|p2a: Tyranitar|89/100 brn|[from] brn
|upkeep
|turn|6
|inactive|playboiiiii carti has 30 seconds left.
|
|t:|1757196279
|move|p2b: Serperior|Protect|p2b: Serperior
|-singleturn|p2b: Serperior|Protect
|move|p1a: Electabuzz|Protect|p1a: Electabuzz
|-singleturn|p1a: Electabuzz|Protect
|move|p2a: Tyranitar|Knock Off|p1b: Weezing
|-damage|p1b: Weezing|37/100
|-enditem|p1b: Weezing|Sitrus Berry|[from] move: Knock Off|[of] p2a: Tyranitar
|move|p1b: Weezing|Sludge Bomb|p2b: Serperior
|-activate|p2b: Serperior|move: Protect
|
|-damage|p2a: Tyranitar|83/100 brn|[from] brn
|upkeep
|turn|7
|inactive|ShinigamiJeiku has 30 seconds left.
|
|t:|1757196310
|move|p2b: Serperior|Taunt|p1a: Electabuzz
|-start|p1a: Electabuzz|move: Taunt
|cant|p1a: Electabuzz|move: Taunt|Taunt
|move|p2a: Tyranitar|Rock Slide|p1b: Weezing|[spread] p1a,p1b
|-damage|p1a: Electabuzz|79/100
|-damage|p1b: Weezing|25/100
|move|p1b: Weezing|Sludge Bomb|p2b: Serperior
|-supereffective|p2b: Serperior
|-damage|p2b: Serperior|36/100
|
|-damage|p2a: Tyranitar|77/100 brn|[from] brn
|upkeep
|turn|8
|j| doriawesome
|inactive|ShinigamiJeiku has 30 seconds left.
|
|t:|1757196341
|move|p2b: Serperior|Protect|p2b: Serperior
|-singleturn|p2b: Serperior|Protect
|move|p1a: Electabuzz|Volt Switch|p2b: Serperior
|-activate|p2b: Serperior|move: Protect
|move|p2a: Tyranitar|Rock Slide|p1a: Electabuzz|[spread] p1a,p1b
|-damage|p1a: Electabuzz|69/100
|-damage|p1b: Weezing|15/100
|move|p1b: Weezing|Sludge Bomb|p2b: Serperior
|-activate|p2b: Serperior|move: Protect
|
|-damage|p2a: Tyranitar|72/100 brn|[from] brn
|upkeep
|turn|9
|
|t:|1757196356
|move|p2b: Serperior|Leaf Storm|p1b: Weezing
|-resisted|p1b: Weezing
|-damage|p1b: Weezing|0 fnt
|-unboost|p2b: Serperior|spa|2
|faint|p1b: Weezing
|-end|p1b: Weezing|ability: Neutralizing Gas
|-weather|Sandstorm|[from] ability: Sand Stream|[of] p2a: Tyranitar
|move|p1a: Electabuzz|Volt Switch|p2b: Serperior
|-resisted|p2b: Serperior
|-damage|p2b: Serperior|23/100
|
|t:|1757196365
|switch|p1a: Politoed|Politoed, L50, F|100/100|[from] Volt Switch
|-weather|RainDance|[from] ability: Drizzle|[of] p1a: Politoed
|move|p2a: Tyranitar|Knock Off|p1a: Politoed
|-damage|p1a: Politoed|70/100
|-enditem|p1a: Politoed|Covert Cloak|[from] move: Knock Off|[of] p2a: Tyranitar
|
|-weather|RainDance|[upkeep]
|-damage|p2a: Tyranitar|66/100 brn|[from] brn
|upkeep
|
|t:|1757196373
|switch|p1b: Electabuzz|Electabuzz, L50, F|69/100
|turn|10
|
|t:|1757196385
|move|p1b: Electabuzz|Follow Me|p1b: Electabuzz
|-singleturn|p1b: Electabuzz|move: Follow Me
|move|p2b: Serperior|Leaf Storm|p1b: Electabuzz
|-damage|p1b: Electabuzz|55/100
|-boost|p2b: Serperior|spa|2
|move|p1a: Politoed|Perish Song|p1a: Politoed
|-start|p1a: Politoed|perish3|[silent]
|-start|p1b: Electabuzz|perish3|[silent]
|-start|p2a: Tyranitar|perish3|[silent]
|-start|p2b: Serperior|perish3|[silent]
|-fieldactivate|move: Perish Song
|move|p2a: Tyranitar|Rock Slide|p1a: Politoed|[spread] p1a,p1b
|-damage|p1a: Politoed|52/100
|-damage|p1b: Electabuzz|42/100
|
|-weather|RainDance|[upkeep]
|-damage|p2a: Tyranitar|60/100 brn|[from] brn
|-start|p2b: Serperior|perish3
|-start|p1a: Politoed|perish3
|-start|p1b: Electabuzz|perish3
|-start|p2a: Tyranitar|perish3
|upkeep
|turn|11
|
|t:|1757196405
|move|p1a: Politoed|Protect|p1a: Politoed
|-singleturn|p1a: Politoed|Protect
|move|p1b: Electabuzz|Protect|p1b: Electabuzz
|-singleturn|p1b: Electabuzz|Protect
|move|p2b: Serperior|Leaf Storm|p1b: Electabuzz
|-activate|p1b: Electabuzz|move: Protect
|move|p2a: Tyranitar|Knock Off|p1a: Politoed
|-activate|p1a: Politoed|move: Protect
|
|-weather|RainDance|[upkeep]
|-damage|p2a: Tyranitar|54/100 brn|[from] brn
|-start|p2b: Serperior|perish2
|-start|p1a: Politoed|perish2
|-start|p1b: Electabuzz|perish2
|-start|p2a: Tyranitar|perish2
|upkeep
|turn|12
|-message|ShinigamiJeiku forfeited.
|
|win|playboiiiii carti
||ShinigamiJeiku is ready for game 2.
|inactive|playboiiiii carti has 30 seconds to confirm battle start!
||playboiiiii carti is ready for game 2.
|uhtml|next|Next: Game 2 of 3
|l|☆ShinigamiJeiku
|player|p2|
|l| doriawesome
