|j|☆EXHOUL
|j|☆Ribombees believer
|html|EXHOULRibombees believer    
|uhtml|bestof|Game 2 of a best-of-3
|t:|1756735473
|gametype|doubles
|player|p1|EXHOUL|shadowtriad|1401
|player|p2|Ribombees believer|skier|1409
|gen|9
|tier|[Gen 9] VGC 2025 Reg H (Bo3)
|rated|
|rule|Species Clause: Limit one of each Pokémon
|rule|Item Clause: Limit 1 of each item
|clearpoke
|poke|p1|Torkoal, L50, F|
|poke|p1|Lilligant-Hisui, L50, F|
|poke|p1|Armarouge, L50, F|
|poke|p1|Indeedee-F, L50, F|
|poke|p1|Incineroar, L50, M|
|poke|p1|Ursaluna, L50, F|
|poke|p2|Dondozo, L50, M|
|poke|p2|Tatsugiri, L50, M|
|poke|p2|Indeedee, L50, M|
|poke|p2|Dragapult, L50, F|
|poke|p2|Ribombee, L50, F|
|poke|p2|Gholdengo, L50|
|teampreview|4
|showteam|p1|Torkoal||Charcoal|Drought|Eruption,Flamethrower,ClearSmog,Protect|||F|||50|,,,,,Fire]Lilligant-Hisui||FocusSash|Chlorophyll|SleepPowder,CloseCombat,Encore,AfterYou|||F|||50|,,,,,Ghost]Armarouge||LifeOrb|FlashFire|ExpandingForce,ArmorCannon,WideGuard,TrickRoom|||F|||50|,,,,,Grass]Indeedee-F||RockyHelmet|PsychicSurge|FollowMe,HelpingHand,DazzlingGleam,TrickRoom|||F|||50|,,,,,Steel]Incineroar||SafetyGoggles|Intimidate|FakeOut,PartingShot,KnockOff,FlareBlitz|||M|||50|,,,,,Ghost]Ursaluna||FlameOrb|Guts|Facade,HeadlongRush,Earthquake,Protect|||F|||50|,,,,,Ghost
|showteam|p2|Dondozo||Leftovers|Unaware|WaveCrash,Earthquake,OrderUp,Protect|||M|||50|,,,,,Grass]Tatsugiri||ChoiceScarf|Commander|MuddyWater,DracoMeteor,DragonPulse,TeraBlast|||M|||50|,,,,,Fairy]Indeedee||FocusSash|PsychicSurge|ExpandingForce,TeraBlast,HyperVoice,Protect|||M|||50|,,,,,Fighting]Dragapult||ChoiceBand|ClearBody|DragonDarts,Outrage,PhantomForce,Uturn|||F|||50|,,,,,Dragon]Ribombee||ChoiceSpecs|ShieldDust|Moonblast,PollenPuff,DazzlingGleam,TeraBlast|||F|||50|,,,,,Ground]Gholdengo||LifeOrb|GoodasGold|MakeItRain,ShadowBall,Thunderbolt,Protect||||||50|,,,,,Water
|inactive|Battle timer is ON: inactive players will automatically lose when time's up. (requested by EXHOUL)
|inactive|Ribombees believer also wants the timer to be on.
|
|t:|1756735491
|teamsize|p1|4
|teamsize|p2|4
|start
|switch|p1a: Indeedee|Indeedee-F, L50, F|100/100
|switch|p1b: Armarouge|Armarouge, L50, F|100/100
|switch|p2a: ilaunchmybro|Dragapult, L50, F|100/100
|switch|p2b: Indeedee|Indeedee, L50, M|100/100
|-fieldstart|move: Psychic Terrain|[from] ability: Psychic Surge|[of] p2b: Indeedee
|turn|1
|inactive|EXHOUL has 30 seconds left.
|inactive|Ribombees believer has 30 seconds left.
|
|t:|1756735522
|switch|p2b: Big Back|Dondozo, L50, M|100/100
|move|p1a: Indeedee|Follow Me|p1a: Indeedee
|-singleturn|p1a: Indeedee|move: Follow Me
|move|p2a: ilaunchmybro|U-turn|p1a: Indeedee
|-supereffective|p1a: Indeedee
|-damage|p1a: Indeedee|24/100
|-damage|p2a: ilaunchmybro|84/100|[from] item: Rocky Helmet|[of] p1a: Indeedee
|
|t:|1756735530
|switch|p2a: Alaskan Roll|Tatsugiri, L50, M|100/100|[from] U-turn
|-activate|p2a: Alaskan Roll|ability: Commander|[of] p2b: Big Back
|-boost|p2b: Big Back|atk|2
|-boost|p2b: Big Back|spa|2
|-boost|p2b: Big Back|spe|2
|-boost|p2b: Big Back|def|2
|-boost|p2b: Big Back|spd|2
|move|p1b: Armarouge|Trick Room|p1b: Armarouge
|-fieldstart|move: Trick Room|[of] p1b: Armarouge
|
|upkeep
|turn|2
|
|t:|1756735538
|switch|p1a: Torkoal|Torkoal, L50, F|100/100
|-weather|SunnyDay|[from] ability: Drought|[of] p1a: Torkoal
|-terastallize|p1b: Armarouge|Grass
|move|p1b: Armarouge|Wide Guard|p1b: Armarouge
|-singleturn|p1b: Armarouge|Wide Guard
|move|p2b: Big Back|Earthquake|p1a: Torkoal|[spread] 
|-miss|p2b: Big Back|p2a: Alaskan Roll
|-activate|p1a: Torkoal|move: Wide Guard
|-activate|p1b: Armarouge|move: Wide Guard
|
|-weather|SunnyDay|[upkeep]
|upkeep
|turn|3
|
|t:|1756735548
|move|p2b: Big Back|Protect|p2b: Big Back
|-singleturn|p2b: Big Back|Protect
|move|p1a: Torkoal|Clear Smog|p2b: Big Back
|-activate|p2b: Big Back|move: Protect
|move|p1b: Armarouge|Expanding Force|p2b: Big Back|[spread] 
|-miss|p1b: Armarouge|p2a: Alaskan Roll
|-activate|p2b: Big Back|move: Protect
|
|-weather|SunnyDay|[upkeep]
|upkeep
|turn|4
|
|t:|1756735556
|move|p1a: Torkoal|Clear Smog|p2b: Big Back
|-damage|p2b: Big Back|93/100
|-clearboost|p2b: Big Back
|move|p1b: Armarouge|Expanding Force|p2b: Big Back|[spread] p2b
|-miss|p1b: Armarouge|p2a: Alaskan Roll
|-damage|p2b: Big Back|2/100
|-damage|p1b: Armarouge|91/100|[from] item: Life Orb
|move|p2b: Big Back|Earthquake|p1a: Torkoal|[spread] p1a,p1b
|-miss|p2b: Big Back|p2a: Alaskan Roll
|-supereffective|p1a: Torkoal
|-resisted|p1b: Armarouge
|-damage|p1a: Torkoal|69/100
|-damage|p1b: Armarouge|79/100
|
|-weather|SunnyDay|[upkeep]
|-heal|p2b: Big Back|8/100|[from] item: Leftovers
|upkeep
|turn|5
|
|t:|1756735573
|switch|p1a: Ursaluna|Ursaluna, L50, F|100/100
|move|p1b: Armarouge|Wide Guard|p1b: Armarouge
|-singleturn|p1b: Armarouge|Wide Guard
|move|p2b: Big Back|Order Up|p1b: Armarouge
|-damage|p1b: Armarouge|54/100
|-boost|p2b: Big Back|atk|1
|
|-weather|SunnyDay|[upkeep]
|-heal|p2b: Big Back|14/100|[from] item: Leftovers
|-fieldend|move: Trick Room
|-fieldend|move: Psychic Terrain
|-status|p1a: Ursaluna|brn|[from] item: Flame Orb
|upkeep
|turn|6
|
|t:|1756735587
|move|p2b: Big Back|Order Up|p1b: Armarouge
|-damage|p1b: Armarouge|14/100
|-boost|p2b: Big Back|atk|1
|move|p1a: Ursaluna|Facade|p2b: Big Back
|-crit|p2b: Big Back
|-damage|p2b: Big Back|0 fnt
|faint|p2b: Big Back
|move|p1b: Armarouge|Trick Room|p1b: Armarouge
|-fieldstart|move: Trick Room|[of] p1b: Armarouge
|
|-weather|none
|-damage|p1a: Ursaluna|95/100 brn|[from] brn
|upkeep
|
|t:|1756735600
|switch|p2b: Indeedee|Indeedee, L50, M|100/100
|-fieldstart|move: Psychic Terrain|[from] ability: Psychic Surge|[of] p2b: Indeedee
|turn|7
|
|t:|1756735617
|move|p1b: Armarouge|Wide Guard|p1b: Armarouge
|-singleturn|p1b: Armarouge|Wide Guard
|move|p1a: Ursaluna|Earthquake|p2a: Alaskan Roll|[spread] p2a,p2b
|-activate|p1b: Armarouge|move: Wide Guard
|-damage|p2a: Alaskan Roll|0 fnt
|-enditem|p2b: Indeedee|Focus Sash
|-damage|p2b: Indeedee|1/100
|faint|p2a: Alaskan Roll
|move|p2b: Indeedee|Expanding Force|p1b: Armarouge|[spread] 
|-activate|p1a: Ursaluna|move: Wide Guard
|-activate|p1b: Armarouge|move: Wide Guard
|
|-damage|p1a: Ursaluna|89/100 brn|[from] brn
|upkeep
|
|t:|1756735621
|switch|p2a: ilaunchmybro|Dragapult, L50, F|84/100
|turn|8
|
|t:|1756735629
|move|p2b: Indeedee|Protect|p2b: Indeedee
|-singleturn|p2b: Indeedee|Protect
|move|p1a: Ursaluna|Headlong Rush|p2a: ilaunchmybro
|-damage|p2a: ilaunchmybro|0 fnt
|-unboost|p1a: Ursaluna|def|1
|-unboost|p1a: Ursaluna|spd|1
|faint|p2a: ilaunchmybro
|move|p1b: Armarouge|Expanding Force|p2b: Indeedee
|-activate|p2b: Indeedee|move: Protect
|
|-damage|p1a: Ursaluna|83/100 brn|[from] brn
|upkeep
|turn|9
|
|t:|1756735635
|move|p1a: Ursaluna|Facade|p2b: Indeedee
|-damage|p2b: Indeedee|0 fnt
|faint|p2b: Indeedee
|
|win|EXHOUL
