|j|☆Taste the raynbow
|j|☆misaos
|html|Taste the raynbowmisaos    
|uhtml|bestof|Game 2 of a best-of-3
|t:|1757904854
|gametype|doubles
|player|p1|Taste the raynbow|steven-masters2|1084
|player|p2|misaos|acetrainer-gen4dp|1000
|gen|9
|tier|[Gen 9] VGC 2025 Reg H (Bo3)
|rated|
|rule|Species Clause: Limit one of each Pokémon
|rule|Item Clause: Limit 1 of each item
|clearpoke
|poke|p1|Sableye, L50, M|
|poke|p1|Dragonite, L50, M|
|poke|p1|Annihilape, L50, F|
|poke|p1|Rillaboom, L50, M|
|poke|p1|Ursaluna-Bloodmoon, L50, M|
|poke|p1|Maushold-Four, L50|
|poke|p2|Dragonite, L50, M|
|poke|p2|Ursaluna-Bloodmoon, L50, M|
|poke|p2|Gholdengo, L50|
|poke|p2|Maushold-Four, L50|
|poke|p2|Annihilape, L50, M|
|poke|p2|Rillaboom, L50, F|
|teampreview|4
|showteam|p1|Sableye||LightClay|Prankster|Disable,Taunt,LightScreen,Reflect|||M|||50|,,,,,Grass]Dragonite||LoadedDice|Multiscale|ScaleShot,Haze,Tailwind,Protect|||M|||50|,,,,,Normal]Annihilape||SitrusBerry|Defiant|RageFist,DrainPunch,BulkUp,Protect|||F|||50|,,,,,Water]Rillaboom||MiracleSeed|GrassySurge|FakeOut,GrassyGlide,WoodHammer,HighHorsepower|||M|||50|,,,,,Water]Ursaluna-Bloodmoon||AssaultVest|MindsEye|BloodMoon,HyperVoice,EarthPower,VacuumWave|||M|||50|,,,,,Ghost]Maushold-Four||WideLens|FriendGuard|PopulationBomb,FollowMe,Encore,Protect||||||50|,,,,,Ghost
|showteam|p2|Dragonite||LoadedDice|Multiscale|ScaleShot,Tailwind,Haze,Protect|||M|||50|,,,,,Fairy]Ursaluna-Bloodmoon||AssaultVest|MindsEye|BloodMoon,EarthPower,HyperVoice,VacuumWave|||M|||50|,,,,,Water]Gholdengo||LifeOrb|GoodasGold|MakeItRain,ShadowBall,NastyPlot,Protect||||||50|,,,,,Water]Maushold-Four||FocusSash|FriendGuard|SuperFang,FollowMe,BeatUp,Protect||||||50|,,,,,Ghost]Annihilape||SitrusBerry|Defiant|RageFist,DrainPunch,BulkUp,Protect|||M|||50|,,,,,Fire]Rillaboom||MiracleSeed|GrassySurge|WoodHammer,GrassyGlide,HighHorsepower,FakeOut|||F|||50|,,,,,Fire
|
|t:|1757904906
|teamsize|p1|4
|teamsize|p2|4
|start
|switch|p1a: Sableye|Sableye, L50, M|100/100
|switch|p1b: Annihilape|Annihilape, L50, F|100/100
|switch|p2a: Gholdengo|Gholdengo, L50|100/100
|switch|p2b: Maushold|Maushold-Four, L50|100/100
|turn|1
|
|t:|1757904931
|move|p2b: Maushold|Protect|p2b: Maushold
|-singleturn|p2b: Maushold|Protect
|move|p1a: Sableye|Light Screen|p1a: Sableye
|-sidestart|p1: Taste the raynbow|move: Light Screen
|move|p1b: Annihilape|Bulk Up|p1b: Annihilape
|-boost|p1b: Annihilape|atk|1
|-boost|p1b: Annihilape|def|1
|move|p2a: Gholdengo|Nasty Plot|p2a: Gholdengo
|-boost|p2a: Gholdengo|spa|2
|
|upkeep
|turn|2
|
|t:|1757904952
|move|p1b: Annihilape|Protect|p1b: Annihilape
|-singleturn|p1b: Annihilape|Protect
|move|p2b: Maushold|Follow Me|p2b: Maushold
|-singleturn|p2b: Maushold|move: Follow Me
|move|p1a: Sableye|Taunt|p2b: Maushold
|-start|p2b: Maushold|move: Taunt
|move|p2a: Gholdengo|Shadow Ball|p1b: Annihilape
|-activate|p1b: Annihilape|move: Protect
|
|upkeep
|turn|3
|
|t:|1757905008
|switch|p2b: Rillaboom|Rillaboom, L50, F|100/100
|-fieldstart|move: Grassy Terrain|[from] ability: Grassy Surge|[of] p2b: Rillaboom
|switch|p1a: Dragonite|Dragonite, L50, M|100/100
|-terastallize|p1b: Annihilape|Water
|-terastallize|p2a: Gholdengo|Water
|move|p1b: Annihilape|Drain Punch|p2b: Rillaboom
|-damage|p2b: Rillaboom|54/100
|move|p2a: Gholdengo|Shadow Ball|p1b: Annihilape
|-damage|p1b: Annihilape|39/100
|-enditem|p1b: Annihilape|Sitrus Berry|[eat]
|-heal|p1b: Annihilape|64/100|[from] item: Sitrus Berry
|-damage|p2a: Gholdengo|91/100|[from] item: Life Orb
|
|-heal|p1b: Annihilape|71/100|[from] Grassy Terrain
|-heal|p2a: Gholdengo|97/100|[from] Grassy Terrain
|-heal|p2b: Rillaboom|60/100|[from] Grassy Terrain
|upkeep
|turn|4
|inactive|Battle timer is ON: inactive players will automatically lose when time's up. (requested by misaos)
|inactive|misaos has 60 seconds left.
|
|t:|1757905045
|move|p1b: Annihilape|Protect|p1b: Annihilape
|-singleturn|p1b: Annihilape|Protect
|move|p1a: Dragonite|Protect|p1a: Dragonite
|-singleturn|p1a: Dragonite|Protect
|move|p2b: Rillaboom|Fake Out|p1a: Dragonite
|-activate|p1a: Dragonite|move: Protect
|move|p2a: Gholdengo|Nasty Plot|p2a: Gholdengo
|-boost|p2a: Gholdengo|spa|2
|
|-heal|p1b: Annihilape|77/100|[from] Grassy Terrain
|-heal|p2a: Gholdengo|100/100|[from] Grassy Terrain
|-heal|p2b: Rillaboom|67/100|[from] Grassy Terrain
|upkeep
|turn|5
|inactive|Taste the raynbow has 30 seconds left.
|inactive|misaos has 30 seconds left.
|inactive|Taste the raynbow has 20 seconds left.
|inactive|misaos has 20 seconds left.
|inactive|Taste the raynbow has 15 seconds left.
|
|t:|1757905087
|switch|p1b: Sableye|Sableye, L50, M|100/100
|switch|p2b: Maushold|Maushold-Four, L50|100/100
|move|p2a: Gholdengo|Make It Rain|p1b: Sableye|[spread] p1a,p1b
|-damage|p1a: Dragonite|38/100
|-damage|p1b: Sableye|0 fnt
|-unboost|p2a: Gholdengo|spa|1
|faint|p1b: Sableye
|-damage|p2a: Gholdengo|91/100|[from] item: Life Orb
|move|p1a: Dragonite|Tailwind|p1a: Dragonite
|-sidestart|p1: Taste the raynbow|move: Tailwind
|
|-heal|p2a: Gholdengo|97/100|[from] Grassy Terrain
|upkeep
|inactive|Taste the raynbow has 30 seconds left.
|
|t:|1757905118
|switch|p1b: Ursaluna|Ursaluna-Bloodmoon, L50, M|100/100
|turn|6
|
|t:|1757905133
|move|p1a: Dragonite|Haze|p1a: Dragonite
|-clearallboost
|move|p1b: Ursaluna|Hyper Voice|p2b: Maushold|[spread] p2a,p2b
|-damage|p2a: Gholdengo|69/100
|-damage|p2b: Maushold|54/100
|move|p2b: Maushold|Super Fang|p1b: Ursaluna
|-damage|p1b: Ursaluna|50/100
|move|p2a: Gholdengo|Make It Rain|p1b: Ursaluna|[spread] p1a,p1b
|-damage|p1a: Dragonite|0 fnt
|-damage|p1b: Ursaluna|21/100
|-unboost|p2a: Gholdengo|spa|1
|faint|p1a: Dragonite
|-damage|p2a: Gholdengo|59/100|[from] item: Life Orb
|
|-heal|p1b: Ursaluna|27/100|[from] Grassy Terrain
|-heal|p2b: Maushold|60/100|[from] Grassy Terrain
|-heal|p2a: Gholdengo|65/100|[from] Grassy Terrain
|upkeep
|
|t:|1757905149
|switch|p1a: Annihilape|Annihilape, L50, F, tera:Water|77/100
|turn|7
|inactive|misaos has 30 seconds left.
|
|t:|1757905179
|move|p2b: Maushold|Follow Me|p2b: Maushold
|-singleturn|p2b: Maushold|move: Follow Me
|move|p1a: Annihilape|Bulk Up|p1a: Annihilape
|-boost|p1a: Annihilape|atk|1
|-boost|p1a: Annihilape|def|1
|move|p1b: Ursaluna|Blood Moon|p2b: Maushold
|-damage|p2b: Maushold|0 fnt
|faint|p2b: Maushold
|move|p2a: Gholdengo|Shadow Ball|p1a: Annihilape
|-damage|p1a: Annihilape|57/100
|-damage|p2a: Gholdengo|56/100|[from] item: Life Orb
|
|-heal|p1a: Annihilape|63/100|[from] Grassy Terrain
|-heal|p1b: Ursaluna|33/100|[from] Grassy Terrain
|-heal|p2a: Gholdengo|61/100|[from] Grassy Terrain
|-fieldend|move: Grassy Terrain
|upkeep
|
|t:|1757905197
|switch|p2b: Rillaboom|Rillaboom, L50, F|67/100
|-fieldstart|move: Grassy Terrain|[from] ability: Grassy Surge|[of] p2b: Rillaboom
|turn|8
|
|t:|1757905212
|move|p2b: Rillaboom|Grassy Glide|p1b: Ursaluna
|-supereffective|p1b: Ursaluna
|-damage|p1b: Ursaluna|0 fnt
|faint|p1b: Ursaluna
|move|p1a: Annihilape|Rage Fist|p2b: Rillaboom
|-damage|p2b: Rillaboom|0 fnt
|faint|p2b: Rillaboom
|move|p2a: Gholdengo|Nasty Plot|p2a: Gholdengo
|-boost|p2a: Gholdengo|spa|2
|
|-heal|p1a: Annihilape|69/100|[from] Grassy Terrain
|-heal|p2a: Gholdengo|67/100|[from] Grassy Terrain
|-sideend|p1: Taste the raynbow|move: Light Screen
|-sideend|p1: Taste the raynbow|move: Tailwind
|upkeep
|
|t:|1757905226
|switch|p2b: Ursaluna|Ursaluna-Bloodmoon, L50, M|100/100
|turn|9
|
|t:|1757905236
|move|p1a: Annihilape|Protect|p1a: Annihilape
|-singleturn|p1a: Annihilape|Protect
|move|p2a: Gholdengo|Shadow Ball|p1a: Annihilape
|-activate|p1a: Annihilape|move: Protect
|move|p2b: Ursaluna|Blood Moon|p1a: Annihilape
|-activate|p1a: Annihilape|move: Protect
|
|-heal|p1a: Annihilape|75/100|[from] Grassy Terrain
|-heal|p2a: Gholdengo|73/100|[from] Grassy Terrain
|upkeep
|turn|10
|
|t:|1757905254
|move|p2b: Ursaluna|Vacuum Wave|p1a: Annihilape
|-damage|p1a: Annihilape|63/100
|move|p1a: Annihilape|Rage Fist|p2a: Gholdengo
|-damage|p2a: Gholdengo|0 fnt
|faint|p2a: Gholdengo
|
|-heal|p1a: Annihilape|70/100|[from] Grassy Terrain
|upkeep
|turn|11
|
|t:|1757905274
|move|p1a: Annihilape|Drain Punch|p2b: Ursaluna
|-supereffective|p2b: Ursaluna
|-damage|p2b: Ursaluna|35/100
|-heal|p1a: Annihilape|100/100|[from] drain|[of] p2b: Ursaluna
|move|p2b: Ursaluna|Blood Moon|p1a: Annihilape
|-damage|p1a: Annihilape|33/100
|
|-heal|p1a: Annihilape|39/100|[from] Grassy Terrain
|-heal|p2b: Ursaluna|41/100|[from] Grassy Terrain
|upkeep
|turn|12
|
|t:|1757905289
|move|p1a: Annihilape|Drain Punch|p2b: Ursaluna
|-supereffective|p2b: Ursaluna
|-damage|p2b: Ursaluna|0 fnt
|-heal|p1a: Annihilape|59/100|[from] drain|[of] p2b: Ursaluna
|faint|p2b: Ursaluna
|
|win|Taste the raynbow
||misaos is ready for game 3.
|l|☆misaos
|player|p2|
||Taste the raynbow is ready for game 3.
|uhtml|next|Next: Game 3 of 3
