|j|☆ablizzardis1
|j|☆swooshcel
|html|ablizzardis1swooshcel    
|uhtml|bestof|Game 2 of a best-of-3
|t:|1783521964
|gametype|doubles
|player|p1|ablizzardis1|265|
|player|p2|swooshcel|265|
|gen|9
|tier|[Gen 9 Champions] VGC 2026 Reg M-B (Bo3)
|rule|Species Clause: Limit one of each Pokémon
|rule|Item Clause: Limit 1 of each item
|clearpoke
|poke|p1|Meowscarada, L50, M|
|poke|p1|Garchomp, L50, M|
|poke|p1|Talonflame, L50, M|
|poke|p1|Pyroar, L50, M, shiny|
|poke|p1|Ninetales, L50, M, shiny|
|poke|p1|Heliolisk, L50, M|
|poke|p2|Spiritomb, L50, M|
|poke|p2|Sinistcha-Masterpiece, L50|
|poke|p2|Basculegion, L50, M|
|poke|p2|Corviknight, L50, F|
|poke|p2|Glimmora, L50, F|
|poke|p2|Aurorus, L50, F|
|teampreview|4
|showteam|p1|Meowscarada||ExpertBelt|Protean|ThunderPunch,KnockOff,FlowerTrick,LowKick|Naive||M|||50|]Garchomp||LifeOrb|SandVeil|Earthquake,DragonClaw,Protect,StompingTantrum|Jolly||M|||50|]Talonflame||SharpBeak|GaleWings|BraveBird,FlareBlitz,Tailwind,Protect|Jolly||M|||50|]Pyroar||Pyroarite|Rivalry|HeatWave,Overheat,SolarBeam,Protect|Timid||M|||50|]Ninetales||Charcoal|Drought|Overheat,HeatWave,SolarBeam,SunnyDay|Timid||M|||50|]Heliolisk||ChoiceScarf|DrySkin|Thunderbolt,DragonPulse,ShedTail,VoltSwitch|Timid||M|||50|
|showteam|p2|Spiritomb||Leftovers|Pressure|TrickRoom,WillOWisp,RockTomb,Poltergeist|Impish||M|||50|]Sinistcha-Masterpiece||SitrusBerry|Hospitality|MatchaGotcha,Scald,ShadowBall,RagePowder|Timid|||||50|]Basculegion||ChoiceScarf|Adaptability|IceFang,WaveCrash,LastRespects,FlipTurn|Jolly||M|||50|]Corviknight||FocusSash|Pressure|BraveBird,BodyPress,Tailwind,IronDefense|Impish||F|||50|]Glimmora||Glimmoranite|ToxicDebris|PowerGem,Protect,SludgeWave,FlashCannon|Modest||F|||50|]Aurorus||LightClay|SnowWarning|AuroraVeil,Blizzard,FlashCannon,Encore|Bold||F|||50|
|
|t:|1783521995
|teamsize|p1|4
|teamsize|p2|4
|start
|switch|p1a: Pyroar|Pyroar, L50, M, shiny|100/100
|switch|p1b: Ninetales|Ninetales, L50, M, shiny|100/100
|switch|p2a: tailwind slave|Corviknight, L50, F|100/100
|switch|p2b: train neck|Glimmora, L50, F|100/100
|-weather|SunnyDay|[from] ability: Drought|[of] p1b: Ninetales
|-ability|p2a: tailwind slave|Pressure
|turn|1
|
|t:|1783522014
|detailschange|p1a: Pyroar|Pyroar-Mega, L50, M, shiny
|-mega|p1a: Pyroar|Pyroar|Pyroarite
|detailschange|p2b: train neck|Glimmora-Mega, L50, F
|-mega|p2b: train neck|Glimmora|Glimmoranite
|move|p1a: Pyroar|Heat Wave|p2a: tailwind slave|[spread] p2a,p2b
|-supereffective|p2a: tailwind slave|1
|-resisted|p2b: train neck|1
|-crit|p2b: train neck
|-enditem|p2a: tailwind slave|Focus Sash
|-damage|p2a: tailwind slave|1/100
|-damage|p2b: train neck|37/100
|move|p1b: Ninetales|Heat Wave|p2b: train neck|[spread] p2a,p2b
|-supereffective|p2a: tailwind slave|1
|-resisted|p2b: train neck|1
|-damage|p2a: tailwind slave|0 fnt
|-damage|p2b: train neck|10/100
|faint|p2a: tailwind slave
|move|p2b: train neck|Power Gem|p1a: Pyroar
|-supereffective|p1a: Pyroar|1
|-damage|p1a: Pyroar|0 fnt
|faint|p1a: Pyroar
|
|-weather|SunnyDay|[upkeep]
|upkeep
|
|t:|1783522035
|switch|p1a: Meowscarada|Meowscarada, L50, M|100/100
|switch|p2a: roland|Basculegion, L50, M|100/100
|turn|2
|
|t:|1783522072
|move|p2b: train neck|Protect|p2b: train neck
|-singleturn|p2b: train neck|Protect
|move|p2a: roland|Ice Fang|p1a: Meowscarada
|-supereffective|p1a: Meowscarada|1
|-damage|p1a: Meowscarada|29/100
|move|p1a: Meowscarada|Thunder Punch|p2a: roland
|-start|p1a: Meowscarada|typechange|Electric|[from] ability: Protean
|-supereffective|p2a: roland|1
|-damage|p2a: roland|0 fnt
|faint|p2a: roland
|move|p1b: Ninetales|Heat Wave|p2b: train neck
|-activate|p2b: train neck|move: Protect
|
|-weather|SunnyDay|[upkeep]
|upkeep
|
|t:|1783522085
|switch|p2a: jarona|Sinistcha-Masterpiece, L50|100/100
|-heal|p2b: train neck|35/100|[from] ability: Hospitality|[of] p2a: jarona
|turn|3
|
|t:|1783522115
|move|p1a: Meowscarada|Knock Off|p2a: jarona
|-supereffective|p2a: jarona|1
|-damage|p2a: jarona|31/100
|-enditem|p2a: jarona|Sitrus Berry|[from] move: Knock Off|[of] p1a: Meowscarada
|move|p1b: Ninetales|Heat Wave|p2b: train neck|[spread] p2b
|-miss|p1b: Ninetales|p2a: jarona
|-resisted|p2b: train neck|1
|-damage|p2b: train neck|10/100
|move|p2b: train neck|Power Gem|p1b: Ninetales
|-supereffective|p1b: Ninetales|1
|-damage|p1b: Ninetales|0 fnt
|faint|p1b: Ninetales
|move|p2a: jarona|Scald|p1a: Meowscarada
|-damage|p1a: Meowscarada|5/100
|-status|p1a: Meowscarada|brn
|
|-weather|SunnyDay|[upkeep]
|-damage|p1a: Meowscarada|0 fnt|[from] brn
|faint|p1a: Meowscarada
|upkeep
|
|t:|1783522132
|switch|p1a: Garchomp|Garchomp, L50, M|100/100
|turn|4
|
|t:|1783522155
|move|p2b: train neck|Protect|p2b: train neck
|-singleturn|p2b: train neck|Protect
|move|p1a: Garchomp|Earthquake|p2a: jarona|[spread] p2a
|-activate|p2b: train neck|move: Protect
|-resisted|p2a: jarona|1
|-damage|p2a: jarona|6/100
|-damage|p1a: Garchomp|90/100|[from] item: Life Orb
|move|p2a: jarona|Shadow Ball|p1a: Garchomp
|-damage|p1a: Garchomp|48/100
|
|-weather|SunnyDay|[upkeep]
|upkeep
|turn|5
|
|t:|1783522188
|move|p1a: Garchomp|Earthquake|p2a: jarona|[spread] p2a,p2b
|-resisted|p2a: jarona|1
|-supereffective|p2b: train neck|2
|-damage|p2a: jarona|0 fnt
|-damage|p2b: train neck|0 fnt
|faint|p2a: jarona
|faint|p2b: train neck
|-damage|p1a: Garchomp|38/100|[from] item: Life Orb
|
|win|ablizzardis1
||swooshcel is ready for game 3.
||ablizzardis1 is ready for game 3.
|uhtml|next|Next: Game 3 of 3
|l|☆swooshcel
|player|p2|
|l|☆ablizzardis1
|player|p1|
|j|☆ablizzardis1
|player|p1|ablizzardis1|265|
