|j|☆Sizzle2466
|j|☆ArielsHusband
|html|Sizzle2466ArielsHusband    
|uhtml|bestof|Game 2 of a best-of-3
|t:|1757787931
|gametype|doubles
|player|p1|Sizzle2466|2|1062
|player|p2|ArielsHusband|2|1139
|gen|9
|tier|[Gen 9] VGC 2025 Reg H (Bo3)
|rated|
|rule|Species Clause: Limit one of each Pokémon
|rule|Item Clause: Limit 1 of each item
|clearpoke
|poke|p1|Galvantula, L50, F|
|poke|p1|Incineroar, L50, M|
|poke|p1|Amoonguss, L50, F|
|poke|p1|Gholdengo, L50|
|poke|p1|Palafin, L50, F|
|poke|p1|Flamigo, L50, F|
|poke|p2|Hatterene, L50, F|
|poke|p2|Ursaluna, L50, F|
|poke|p2|Torkoal, L50, M|
|poke|p2|Indeedee-F, L50, F|
|poke|p2|Armarouge, L50, M|
|poke|p2|Lilligant-Hisui, L50, F|
|teampreview|4
|showteam|p1|Galvantula||AssaultVest|CompoundEyes|Electroweb,BugBuzz,Thunderbolt,VoltSwitch|||F|||50|,,,,,Electric]Incineroar||SafetyGoggles|Intimidate|FakeOut,FlareBlitz,KnockOff,PartingShot|||M|||50|,,,,,Ghost]Amoonguss||CovertCloak|Regenerator|Spore,RagePowder,SludgeBomb,PollenPuff|||F|||50|,,,,,Ghost]Gholdengo||SitrusBerry|GoodasGold|NastyPlot,MakeItRain,ShadowBall,Protect||||||50|,,,,,Water]Palafin||MysticWater|ZerotoHero|JetPunch,WaveCrash,Protect,FlipTurn|||F|||50|,,,,,Water]Flamigo||LifeOrb|Scrappy|BraveBird,CloseCombat,Detect,Tailwind|||F|||50|,,,,,Stellar
|showteam|p2|Hatterene||LifeOrb|MagicBounce|TrickRoom,DazzlingGleam,ExpandingForce,Protect|||F|||50|,,,,,Psychic]Ursaluna||FlameOrb|Guts|Facade,Protect,HeadlongRush,HighHorsepower|||F|||50|,,,,,Ghost]Torkoal||Charcoal|Drought|Eruption,Protect,HelpingHand,Overheat|||M|||50|,,,,,Grass]Indeedee-F||PsychicSeed|PsychicSurge|FollowMe,DazzlingGleam,HelpingHand,TrickRoom|||F|||50|,,,,,Fairy]Armarouge||PowerHerb|FlashFire|ExpandingForce,ArmorCannon,TrickRoom,MeteorBeam|||M|||50|,,,,,Grass]Lilligant-Hisui||FocusSash|Chlorophyll|CloseCombat,AfterYou,SleepPowder,SolarBlade|||F|||50|,,,,,Ghost
|
|t:|1757787946
|teamsize|p1|4
|teamsize|p2|4
|start
|switch|p1a: Amoonguss|Amoonguss, L50, F|100/100
|switch|p1b: Gholdengo|Gholdengo, L50|100/100
|switch|p2a: Indeedee|Indeedee-F, L50, F|100/100
|switch|p2b: Armarouge|Armarouge, L50, M|100/100
|-fieldstart|move: Psychic Terrain|[from] ability: Psychic Surge|[of] p2a: Indeedee
|-enditem|p2a: Indeedee|Psychic Seed
|-boost|p2a: Indeedee|spd|1|[from] item: Psychic Seed
|turn|1
|
|t:|1757787961
|-terastallize|p1a: Amoonguss|Ghost
|move|p2a: Indeedee|Follow Me|p2a: Indeedee
|-singleturn|p2a: Indeedee|move: Follow Me
|move|p1b: Gholdengo|Nasty Plot|p1b: Gholdengo
|-boost|p1b: Gholdengo|spa|2
|move|p1a: Amoonguss|Spore|p2a: Indeedee
|-status|p2a: Indeedee|slp|[from] move: Spore
|move|p2b: Armarouge|Trick Room|p2b: Armarouge
|-fieldstart|move: Trick Room|[of] p2b: Armarouge
|
|upkeep
|turn|2
|
|t:|1757787980
|switch|p2a: Hatterene|Hatterene, L50, F, shiny|100/100
|-terastallize|p2b: Armarouge|Grass
|move|p1a: Amoonguss|Rage Powder|p1a: Amoonguss
|-singleturn|p1a: Amoonguss|move: Rage Powder
|move|p2b: Armarouge|Expanding Force|p1a: Amoonguss|[spread] p1a,p1b
|-resisted|p1b: Gholdengo
|-damage|p1a: Amoonguss|43/100
|-damage|p1b: Gholdengo|72/100
|move|p1b: Gholdengo|Shadow Ball|p2b: Armarouge
|-damage|p2b: Armarouge|8/100
|
|upkeep
|turn|3
|
|t:|1757788014
|move|p2a: Hatterene|Expanding Force|p1b: Gholdengo|[spread] p1a,p1b
|-resisted|p1b: Gholdengo
|-damage|p1a: Amoonguss|0 fnt
|-damage|p1b: Gholdengo|30/100
|-enditem|p1b: Gholdengo|Sitrus Berry|[eat]
|-heal|p1b: Gholdengo|55/100|[from] item: Sitrus Berry
|faint|p1a: Amoonguss
|-damage|p2a: Hatterene|91/100|[from] item: Life Orb
|move|p2b: Armarouge|Expanding Force|p1b: Gholdengo
|-resisted|p1b: Gholdengo
|-damage|p1b: Gholdengo|16/100
|move|p1b: Gholdengo|Shadow Ball|p2a: Hatterene
|-supereffective|p2a: Hatterene
|-damage|p2a: Hatterene|0 fnt
|faint|p2a: Hatterene
|
|upkeep
|inactive|Battle timer is ON: inactive players will automatically lose when time's up. (requested by ArielsHusband)
|
|t:|1757788030
|switch|p2a: Ursaluna|Ursaluna, L50, F, shiny|100/100
|switch|p1a: Incineroar|Incineroar, L50, M|100/100
|-ability|p1a: Incineroar|Intimidate|boost
|-unboost|p2a: Ursaluna|atk|1
|-unboost|p2b: Armarouge|atk|1
|turn|4
|
|t:|1757788040
|move|p2a: Ursaluna|Protect|p2a: Ursaluna
|-singleturn|p2a: Ursaluna|Protect
|move|p1b: Gholdengo|Protect|p1b: Gholdengo
|-singleturn|p1b: Gholdengo|Protect
|move|p2b: Armarouge|Expanding Force|p1a: Incineroar|[spread] 
|-activate|p1b: Gholdengo|move: Protect
|-immune|p1a: Incineroar
|move|p1a: Incineroar|Knock Off|p2b: Armarouge
|-damage|p2b: Armarouge|0 fnt
|-enditem|p2b: Armarouge|Power Herb|[from] move: Knock Off|[of] p1a: Incineroar
|faint|p2b: Armarouge
|
|-status|p2a: Ursaluna|brn|[from] item: Flame Orb
|upkeep
|
|t:|1757788046
|switch|p2b: Indeedee|Indeedee-F, L50, F|100/100 slp
|turn|5
|
|t:|1757788069
|switch|p1b: Palafin|Palafin, L50, F|100/100
|cant|p2b: Indeedee|slp
|move|p2a: Ursaluna|Facade|p1b: Palafin
|-damage|p1b: Palafin|6/100
|move|p1a: Incineroar|Parting Shot|p2a: Ursaluna
|-unboost|p2a: Ursaluna|atk|1
|-unboost|p2a: Ursaluna|spa|1
|
|t:|1757788078
|switch|p1a: Gholdengo|Gholdengo, L50|16/100|[from] Parting Shot
|
|-damage|p2a: Ursaluna|95/100 brn|[from] brn
|-fieldend|move: Trick Room
|-fieldend|move: Psychic Terrain
|upkeep
|turn|6
|
|t:|1757788096
|move|p2a: Ursaluna|Protect|p2a: Ursaluna
|-singleturn|p2a: Ursaluna|Protect
|move|p1b: Palafin|Wave Crash|p2a: Ursaluna
|-activate|p2a: Ursaluna|move: Protect
|move|p1a: Gholdengo|Make It Rain|p2b: Indeedee|[spread] p2b
|-activate|p2a: Ursaluna|move: Protect
|-crit|p2b: Indeedee
|-damage|p2b: Indeedee|36/100 slp
|-unboost|p1a: Gholdengo|spa|1
|-curestatus|p2b: Indeedee|slp|[msg]
|move|p2b: Indeedee|Trick Room|p2b: Indeedee
|-fieldstart|move: Trick Room|[of] p2b: Indeedee
|
|-damage|p2a: Ursaluna|89/100 brn|[from] brn
|upkeep
|turn|7
|
|t:|1757788113
|detailschange|p1b: Palafin|Palafin-Hero, L50, F
|switch|p1b: Incineroar|Incineroar, L50, M|100/100
|-ability|p1b: Incineroar|Intimidate|boost
|-unboost|p2a: Ursaluna|atk|1
|-unboost|p2b: Indeedee|atk|1
|move|p2a: Ursaluna|Facade|p1b: Incineroar
|-damage|p1b: Incineroar|56/100
|move|p2b: Indeedee|Dazzling Gleam|p1b: Incineroar|[spread] p1a,p1b
|-resisted|p1a: Gholdengo
|-damage|p1a: Gholdengo|8/100
|-damage|p1b: Incineroar|41/100
|move|p1a: Gholdengo|Make It Rain|p2a: Ursaluna|[spread] p2a,p2b
|-damage|p2a: Ursaluna|59/100 brn
|-damage|p2b: Indeedee|7/100
|-unboost|p1a: Gholdengo|spa|1
|
|-damage|p2a: Ursaluna|53/100 brn|[from] brn
|upkeep
|turn|8
|
|t:|1757788131
|move|p1b: Incineroar|Fake Out|p2b: Indeedee
|-damage|p2b: Indeedee|0 fnt
|faint|p2b: Indeedee
|move|p2a: Ursaluna|Facade|p1b: Incineroar
|-damage|p1b: Incineroar|0 fnt
|faint|p1b: Incineroar
|move|p1a: Gholdengo|Make It Rain|p2a: Ursaluna
|-damage|p2a: Ursaluna|28/100 brn
|-unboost|p1a: Gholdengo|spa|1
|
|-damage|p2a: Ursaluna|22/100 brn|[from] brn
|upkeep
|
|t:|1757788143
|switch|p1b: Palafin|Palafin-Hero, L50, F|6/100
|-activate|p1b: Palafin|ability: Zero to Hero
|turn|9
|
|t:|1757788151
|move|p1b: Palafin|Jet Punch|p2a: Ursaluna
|-supereffective|p2a: Ursaluna
|-damage|p2a: Ursaluna|0 fnt
|faint|p2a: Ursaluna
|
|win|Sizzle2466
||ArielsHusband is ready for game 3.
|inactive|Sizzle2466 has 30 seconds to confirm battle start!
||Sizzle2466 is ready for game 3.
|uhtml|next|Next: Game 3 of 3
|l|☆ArielsHusband
|player|p2|
