|j|☆staraptorbravebird
|j|☆carrotvg
|html|staraptorbravebirdcarrotvg    
|uhtml|bestof|Game 3 of a best-of-3
|t:|1786113682
|gametype|doubles
|player|p1|staraptorbravebird|265|
|player|p2|carrotvg|lucas|
|gen|9
|tier|[Gen 9 Champions] VGC 2026 Reg M-B (Bo3)
|rule|Species Clause: Limit one of each Pokémon
|rule|Item Clause: Limit 1 of each item
|clearpoke
|poke|p1|Garchomp, L50, F|
|poke|p1|Sneasler, L50, M|
|poke|p1|Floette-Eternal, L50, F|
|poke|p1|Sinistcha, L50|
|poke|p1|Kingambit, L50, M|
|poke|p1|Incineroar, L50, F|
|poke|p2|Charizard, L50, M|
|poke|p2|Venusaur, L50, F|
|poke|p2|Toxapex, L50, F|
|poke|p2|Incineroar, L50, F|
|poke|p2|Garchomp, L50, F|
|poke|p2|Hydreigon, L50, M|
|teampreview|4
|showteam|p1|Garchomp||Garchompite|RoughSkin|RockSlide,Earthquake,StompingTantrum,Protect|Jolly||F|||50|]Sneasler||FocusSash|Unburden|DireClaw,CloseCombat,FakeOut,Coaching|Naive||M|||50|]Floette-Eternal||Floettite|FlowerVeil|DazzlingGleam,CalmMind,Protect,DrainingKiss|Modest||F|||50|]Sinistcha||OccaBerry|Hospitality|MatchaGotcha,TrickRoom,LifeDew,RagePowder|Calm|||||50|]Kingambit||ChopleBerry|Defiant|Protect,KowtowCleave,SuckerPunch,IronHead|Adamant||M|||50|]Incineroar||SitrusBerry|Intimidate|FlareBlitz,ThroatChop,PartingShot,FakeOut|Careful||F|||50|
|showteam|p2|Charizard||CharizarditeY|Blaze|WeatherBall,HeatWave,AncientPower,Protect|Timid||M|||50|]Venusaur||LifeOrb|Chlorophyll|SludgeBomb,LeafStorm,EarthPower,Protect|Modest||F|||50|]Toxapex||Leftovers|Regenerator|Toxic,Infestation,WideGuard,BanefulBunker|Relaxed||F|||50|]Incineroar||SitrusBerry|Intimidate|FlareBlitz,ThroatChop,FakeOut,PartingShot|Careful||F|||50|]Garchomp||SoftSand|RoughSkin|Earthquake,DragonClaw,RockSlide,Protect|Jolly||F|||50|]Hydreigon||ChoiceScarf|Levitate|DarkPulse,DracoMeteor,Snarl,Flamethrower|Modest||M|||50|
|
|t:|1786113708
|teamsize|p1|4
|teamsize|p2|4
|start
|switch|p1a: Garchomp|Garchomp, L50, F|100/100
|switch|p1b: Sneasler|Sneasler, L50, M|100/100
|switch|p2a: Charizard|Charizard, L50, M|100/100
|switch|p2b: Hydreigon|Hydreigon, L50, M|100/100
|turn|1
|
|t:|1786113736
|switch|p2a: Garchomp|Garchomp, L50, F|100/100
|move|p1b: Sneasler|Fake Out|p2b: Hydreigon
|-damage|p2b: Hydreigon|84/100
|cant|p2b: Hydreigon|flinch
|move|p1a: Garchomp|Rock Slide|p2b: Hydreigon|[spread] p2a,p2b
|-resisted|p2a: Garchomp|1
|-damage|p2a: Garchomp|91/100
|-damage|p2b: Hydreigon|61/100
|
|upkeep
|turn|2
|
|t:|1786113762
|switch|p2b: Toxapex|Toxapex, L50, F|100/100
|move|p1a: Garchomp|Protect|p1a: Garchomp
|-singleturn|p1a: Garchomp|Protect
|move|p1b: Sneasler|Close Combat|p2b: Toxapex
|-resisted|p2b: Toxapex|1
|-damage|p2b: Toxapex|77/100
|-unboost|p1b: Sneasler|def|1
|-unboost|p1b: Sneasler|spd|1
|move|p2a: Garchomp|Dragon Claw|p1b: Sneasler
|-enditem|p1b: Sneasler|Focus Sash
|-damage|p1b: Sneasler|1/100
|
|-heal|p2b: Toxapex|83/100|[from] item: Leftovers
|upkeep
|turn|3
|
|t:|1786113808
|-heal|p2b: Toxapex|100/100|[from] ability: Regenerator|[silent]
|switch|p2b: Hydreigon|Hydreigon, L50, M|61/100
|detailschange|p1a: Garchomp|Garchomp-Mega, L50, F
|-mega|p1a: Garchomp|Garchomp|Garchompite
|move|p1b: Sneasler|Coaching|p1a: Garchomp
|-boost|p1a: Garchomp|atk|1
|-boost|p1a: Garchomp|def|1
|move|p2a: Garchomp|Earthquake|p1a: Garchomp|[spread] p1a,p1b
|-immune|p2b: Hydreigon|[from] ability: Levitate
|-supereffective|p1b: Sneasler|1
|-damage|p1a: Garchomp|76/100
|-damage|p1b: Sneasler|0 fnt
|faint|p1b: Sneasler
|move|p1a: Garchomp|Stomping Tantrum|p2b: Hydreigon
|-immune|p2b: Hydreigon|[from] ability: Levitate
|
|upkeep
|
|t:|1786113824
|switch|p1b: Sinistcha|Sinistcha, L50|100/100
|-heal|p1a: Garchomp|100/100|[from] ability: Hospitality|[of] p1b: Sinistcha
|turn|4
|
|t:|1786113841
|move|p1a: Garchomp|Protect|p1a: Garchomp
|-singleturn|p1a: Garchomp|Protect
|move|p2b: Hydreigon|Dark Pulse|p1b: Sinistcha
|-supereffective|p1b: Sinistcha|1
|-damage|p1b: Sinistcha|12/100
|move|p2a: Garchomp|Dragon Claw|p1b: Sinistcha
|-damage|p1b: Sinistcha|0 fnt
|faint|p1b: Sinistcha
|
|upkeep
|
|t:|1786113851
|switch|p1b: Kingambit|Kingambit, L50, M|100/100
|turn|5
|
|t:|1786113865
|switch|p2b: Toxapex|Toxapex, L50, F|100/100
|move|p2a: Garchomp|Dragon Claw|p1a: Garchomp
|-supereffective|p1a: Garchomp|1
|-damage|p1a: Garchomp|56/100
|move|p1a: Garchomp|Earthquake|p2b: Toxapex|[spread] p1b,p2a,p2b
|-supereffective|p1b: Kingambit|1
|-supereffective|p2b: Toxapex|1
|-damage|p1b: Kingambit|0 fnt
|-damage|p2a: Garchomp|24/100
|-damage|p2b: Toxapex|4/100
|faint|p1b: Kingambit
|
|-heal|p2b: Toxapex|10/100|[from] item: Leftovers
|upkeep
|turn|6
|
|t:|1786113880
|move|p2b: Toxapex|Wide Guard|p2b: Toxapex
|-singleturn|p2b: Toxapex|Wide Guard
|move|p2a: Garchomp|Dragon Claw|p1a: Garchomp
|-supereffective|p1a: Garchomp|1
|-damage|p1a: Garchomp|10/100
|move|p1a: Garchomp|Stomping Tantrum|p2a: Garchomp
|-damage|p2a: Garchomp|0 fnt
|-damage|p1a: Garchomp|0 fnt|[from] ability: Rough Skin|[of] p2a: Garchomp
|faint|p2a: Garchomp
|faint|p1a: Garchomp
|
|win|carrotvg
|l|☆carrotvg
|player|p2|
|l|☆staraptorbravebird
|player|p1|
|j|☆carrotvg
|player|p2|carrotvg|lucas|
