|j|☆Pkmntrnrsteph
|j|☆sorecruiser
|html|Pkmntrnrstephsorecruiser    
|uhtml|bestof|Game 2 of a best-of-3
|t:|1757019839
|gametype|doubles
|player|p1|Pkmntrnrsteph|102|1072
|player|p2|sorecruiser|furisodegirl-black|1115
|gen|9
|tier|[Gen 9] VGC 2025 Reg H (Bo3)
|rated|
|rule|Species Clause: Limit one of each Pokémon
|rule|Item Clause: Limit 1 of each item
|clearpoke
|poke|p1|Charizard, L50, F|
|poke|p1|Torkoal, L50, F|
|poke|p1|Porygon2, L50|
|poke|p1|Incineroar, L50, M|
|poke|p1|Jumpluff, L50, F|
|poke|p1|Ursaluna, L50, M|
|poke|p2|Gholdengo, L50|
|poke|p2|Whimsicott, L50, F|
|poke|p2|Sneasler, L50, F|
|poke|p2|Basculegion, L50, M|
|poke|p2|Hydreigon, L50, F|
|poke|p2|Magmar, L50, M|
|teampreview|4
|showteam|p1|Charizard||ChoiceSpecs|SolarPower|HeatWave,Overheat,WeatherBall,AirSlash|||F|||50|,,,,,Ghost]Torkoal||EjectPack|Drought|Eruption,Overheat,HelpingHand,Protect|||F|||50|,,,,,Fire]Porygon2||Eviolite|Download|TeraBlast,IceBeam,Recover,TrickRoom||||||50|,,,,,Fighting]Incineroar||SitrusBerry|Intimidate|FlareBlitz,KnockOff,FakeOut,PartingShot|||M|||50|,,,,,Ghost]Jumpluff||CovertCloak|Chlorophyll|SleepPowder,SunnyDay,RagePowder,Tailwind|||F|||50|,,,,,Water]Ursaluna||FlameOrb|Guts|HeadlongRush,Facade,Earthquake,Protect|||M|||50|,,,,,Ghost
|showteam|p2|Gholdengo||MetalCoat|GoodasGold|MakeItRain,ShadowBall,NastyPlot,Protect||||||50|,,,,,Steel]Whimsicott||CovertCloak|Prankster|Tailwind,Encore,FakeTears,Moonblast|||F|||50|,,,,,Dark]Sneasler||FocusSash|PoisonTouch|Protect,CloseCombat,DireClaw,ThroatChop|||F|||50|,,,,,Dark]Basculegion||ChoiceScarf|Adaptability|LastRespects,WaveCrash,AquaJet,FlipTurn|||M|||50|,,,,,Ghost]Hydreigon||ChoiceSpecs|Levitate|DarkPulse,DracoMeteor,Snarl,HeatWave|||F|||50|,,,,,Fire]Magmar||Eviolite|VitalSpirit|Protect,FollowMe,HeatWave,Taunt|||M|||50|,,,,,Water
|inactive|Battle timer is ON: inactive players will automatically lose when time's up. (requested by Pkmntrnrsteph)
|inactive|sorecruiser has 60 seconds left.
|inactive|sorecruiser has 30 seconds left.
|inactive|sorecruiser has 20 seconds left.
|inactive|sorecruiser has 15 seconds left.
|
|t:|1757019918
|teamsize|p1|4
|teamsize|p2|4
|start
|switch|p1a: Ursaluna|Ursaluna, L50, M|100/100
|switch|p1b: Porygon2|Porygon2, L50|100/100
|switch|p2a: Hydreigon|Hydreigon, L50, F|100/100
|switch|p2b: Magmar|Magmar, L50, M|100/100
|-ability|p1b: Porygon2|Download|boost
|-boost|p1b: Porygon2|spa|1
|turn|1
|
|t:|1757019938
|switch|p2a: Basculegion|Basculegion, L50, M|100/100
|move|p1a: Ursaluna|Protect|p1a: Ursaluna
|-singleturn|p1a: Ursaluna|Protect
|move|p2b: Magmar|Taunt|p1b: Porygon2
|-start|p1b: Porygon2|move: Taunt
|cant|p1b: Porygon2|move: Taunt|Trick Room
|
|-status|p1a: Ursaluna|brn|[from] item: Flame Orb
|upkeep
|turn|2
|
|t:|1757019963
|switch|p2b: Sneasler|Sneasler, L50, F|100/100
|switch|p1b: Torkoal|Torkoal, L50, F|100/100
|-weather|SunnyDay|[from] ability: Drought|[of] p1b: Torkoal
|-terastallize|p1a: Ursaluna|Ghost
|move|p2a: Basculegion|Wave Crash|p1a: Ursaluna
|-damage|p1a: Ursaluna|67/100 brn
|-damage|p2a: Basculegion|88/100|[from] Recoil
|move|p1a: Ursaluna|Headlong Rush|p2a: Basculegion
|-damage|p2a: Basculegion|0 fnt
|-unboost|p1a: Ursaluna|def|1
|-unboost|p1a: Ursaluna|spd|1
|faint|p2a: Basculegion
|
|-weather|SunnyDay|[upkeep]
|-damage|p1a: Ursaluna|61/100 brn|[from] brn
|upkeep
|
|t:|1757019977
|switch|p2a: Hydreigon|Hydreigon, L50, F|100/100
|turn|3
|
|t:|1757019989
|switch|p1a: Porygon2|Porygon2, L50|100/100
|-ability|p1a: Porygon2|Download|boost
|-boost|p1a: Porygon2|atk|1
|-terastallize|p2a: Hydreigon|Fire
|move|p1b: Torkoal|Protect|p1b: Torkoal
|-singleturn|p1b: Torkoal|Protect
|move|p2b: Sneasler|Dire Claw|p1b: Torkoal
|-activate|p1b: Torkoal|move: Protect
|move|p2a: Hydreigon|Heat Wave|p1b: Torkoal|[spread] p1a
|-activate|p1b: Torkoal|move: Protect
|-damage|p1a: Porygon2|42/100
|
|-weather|SunnyDay|[upkeep]
|upkeep
|turn|4
|
|t:|1757020009
|move|p2b: Sneasler|Dire Claw|p1b: Torkoal
|-damage|p1b: Torkoal|68/100
|-status|p1b: Torkoal|psn
|move|p2a: Hydreigon|Heat Wave|p1a: Porygon2|[spread] p1b
|-miss|p2a: Hydreigon|p1a: Porygon2
|-resisted|p1b: Torkoal
|-damage|p1b: Torkoal|6/100 psn
|move|p1b: Torkoal|Overheat|p2a: Hydreigon
|-resisted|p2a: Hydreigon
|-damage|p2a: Hydreigon|48/100
|-unboost|p1b: Torkoal|spa|2
|-enditem|p1b: Torkoal|Eject Pack
|
|t:|1757020021
|switch|p1b: Ursaluna|Ursaluna, L50, M, tera:Ghost|61/100 brn
|move|p1a: Porygon2|Trick Room|p1a: Porygon2
|-fieldstart|move: Trick Room|[of] p1a: Porygon2
|
|-weather|SunnyDay|[upkeep]
|-damage|p1b: Ursaluna|56/100 brn|[from] brn
|upkeep
|turn|5
|
|t:|1757020034
|move|p2b: Sneasler|Protect|p2b: Sneasler
|-singleturn|p2b: Sneasler|Protect
|move|p1a: Porygon2|Recover|p1a: Porygon2
|-heal|p1a: Porygon2|92/100
|move|p1b: Ursaluna|Earthquake|p2a: Hydreigon|[spread] p1a
|-activate|p2b: Sneasler|move: Protect
|-immune|p2a: Hydreigon|[from] ability: Levitate
|-damage|p1a: Porygon2|48/100
|move|p2a: Hydreigon|Heat Wave|p1b: Ursaluna|[spread] p1a,p1b
|-damage|p1a: Porygon2|0 fnt
|-damage|p1b: Ursaluna|0 fnt
|faint|p1a: Porygon2
|faint|p1b: Ursaluna
|
|-weather|SunnyDay|[upkeep]
|upkeep
|
|t:|1757020049
|switch|p1a: Charizard|Charizard, L50, F|100/100
|switch|p1b: Torkoal|Torkoal, L50, F|6/100 psn
|turn|6
|
|t:|1757020062
|switch|p2b: Magmar|Magmar, L50, M|100/100
|move|p1b: Torkoal|Overheat|p2b: Magmar
|-resisted|p2b: Magmar
|-damage|p2b: Magmar|67/100
|-unboost|p1b: Torkoal|spa|2
|move|p2a: Hydreigon|Heat Wave|p1b: Torkoal|[spread] p1a,p1b
|-resisted|p1a: Charizard
|-resisted|p1b: Torkoal
|-damage|p1a: Charizard|45/100
|-damage|p1b: Torkoal|0 fnt
|faint|p1b: Torkoal
|move|p1a: Charizard|Heat Wave|p2b: Magmar|[spread] p2a,p2b
|-resisted|p2a: Hydreigon
|-resisted|p2b: Magmar
|-damage|p2a: Hydreigon|0 fnt
|-damage|p2b: Magmar|27/100
|faint|p2a: Hydreigon
|
|-weather|none
|upkeep
|
|t:|1757020074
|switch|p2a: Sneasler|Sneasler, L50, F|100/100
|turn|7
|
|t:|1757020088
|move|p2a: Sneasler|Protect|p2a: Sneasler
|-singleturn|p2a: Sneasler|Protect
|move|p2b: Magmar|Heat Wave|p1a: Charizard
|-resisted|p1a: Charizard
|-damage|p1a: Charizard|23/100
|move|p1a: Charizard|Heat Wave|p2b: Magmar|[spread] p2b
|-activate|p2a: Sneasler|move: Protect
|-resisted|p2b: Magmar
|-damage|p2b: Magmar|9/100
|
|upkeep
|turn|8
|-message|Pkmntrnrsteph forfeited.
|
|win|sorecruiser
|raw|Pkmntrnrsteph's rating: 1072 → 1054(-18 for losing)
|raw|sorecruiser's rating: 1115 → 1137(+22 for winning)
|l|☆Pkmntrnrsteph
|player|p1|
