|j|☆DaVVinc1
|j|☆Lugiabirb
|html|DaVVinc1Lugiabirb    
|uhtml|bestof|Game 2 of a best-of-3
|t:|1783289669
|gametype|doubles
|player|p1|DaVVinc1|1|
|player|p2|Lugiabirb|leon|
|gen|9
|tier|[Gen 9 Champions] VGC 2026 Reg M-B (Bo3)
|rule|Species Clause: Limit one of each Pokémon
|rule|Item Clause: Limit 1 of each item
|clearpoke
|poke|p1|Tinkaton, L50, F|
|poke|p1|Skarmory, L50, M|
|poke|p1|Starmie, L50|
|poke|p1|Conkeldurr, L50, M|
|poke|p1|Wyrdeer, L50, M|
|poke|p1|Golurk, L50|
|poke|p2|Gengar, L50, F|
|poke|p2|Delphox, L50, M|
|poke|p2|Meowscarada, L50, F|
|poke|p2|Kommo-o, L50, F|
|poke|p2|Mimikyu, L50, F|
|poke|p2|Slowbro-Galar, L50, F|
|teampreview|4
|showteam|p1|Tinkaton||SitrusBerry|MoldBreaker|FakeOut,Encore,GigatonHammer,KnockOff|Jolly||F|||50|]Skarmory||Skarmorite|Sturdy|Tailwind,BraveBird,Protect,DrillRun|Adamant||M|||50|]Starmie||Starminite|NaturalCure|ZenHeadbutt,AquaJet,FlipTurn,Liquidation|Adamant|||||50|]Conkeldurr||PayapaBerry|SheerForce|CloseCombat,RockSlide,ThunderPunch,KnockOff|Adamant||M|||50|]Wyrdeer||Leftovers|SapSipper|TrickRoom,PsyshieldBash,Protect,EarthPower|Sassy||M|||50|]Golurk||LifeOrb|NoGuard|Earthquake,HeadlongRush,Poltergeist,Protect|Adamant|||||50|
|showteam|p2|Gengar||Gengarite|CursedBody|ShadowBall,PerishSong,Disable,Protect|Timid||F|||50|]Delphox||Delphoxite|Blaze|HeatWave,Psychic,Encore,Protect|Timid||M|||50|]Meowscarada||ExpertBelt|Protean|FlowerTrick,KnockOff,TripleAxel,LowKick|Jolly||F|||50|]Kommo-o||Leftovers|Soundproof|ClangingScales,ClangorousSoul,Flamethrower,Protect|Modest||F|||50|]Mimikyu||SitrusBerry|Disguise|Curse,TrickRoom,ShadowSneak,WillOWisp|Impish||F|||50|]Slowbro-Galar||LifeOrb|QuickDraw|NastyPlot,IceBeam,Flamethrower,Psychic|Quiet||F|||50|
|j| iamresh
|j| Skyhops
|j| NFE is a real tier
|
|t:|1783289695
|teamsize|p1|4
|teamsize|p2|4
|start
|switch|p1a: Tinkaton|Tinkaton, L50, F|100/100
|switch|p1b: Starmie|Starmie, L50|100/100
|switch|p2a: Meowscarada|Meowscarada, L50, F|100/100
|switch|p2b: Slowbro|Slowbro-Galar, L50, F|100/100
|-ability|p1a: Tinkaton|Mold Breaker
|turn|1
|
|t:|1783289719
|detailschange|p1b: Starmie|Starmie-Mega, L50
|-mega|p1b: Starmie|Starmie|Starminite
|move|p1a: Tinkaton|Fake Out|p2a: Meowscarada
|-damage|p2a: Meowscarada|86/100
|cant|p2a: Meowscarada|flinch
|move|p1b: Starmie|Liquidation|p2a: Meowscarada
|-resisted|p2a: Meowscarada|1
|-damage|p2a: Meowscarada|22/100
|-unboost|p2a: Meowscarada|def|1
|move|p2b: Slowbro|Flamethrower|p1a: Tinkaton
|-supereffective|p1a: Tinkaton|1
|-damage|p1a: Tinkaton|37/100
|-enditem|p1a: Tinkaton|Sitrus Berry|[eat]
|-heal|p1a: Tinkaton|62/100|[from] item: Sitrus Berry
|-damage|p2b: Slowbro|90/100|[from] item: Life Orb
|
|upkeep
|turn|2
|-activate|p2b: Slowbro|ability: Quick Draw
|
|t:|1783289741
|switch|p2a: Mimikyu|Mimikyu, L50, F|100/100
|move|p1b: Starmie|Aqua Jet|p2a: Mimikyu
|-activate|p2a: Mimikyu|ability: Disguise
|-damage|p2a: Mimikyu|100/100
|detailschange|p2a: Mimikyu|Mimikyu-Busted, L50, F
|-damage|p2a: Mimikyu|87/100|[from] pokemon: Mimikyu-Busted
|move|p2b: Slowbro|Flamethrower|p1a: Tinkaton
|-supereffective|p1a: Tinkaton|1
|-damage|p1a: Tinkaton|0 fnt
|faint|p1a: Tinkaton
|-damage|p2b: Slowbro|80/100|[from] item: Life Orb
|
|upkeep
|c| iamresh|not hax. I called it
|
|t:|1783289763
|switch|p1a: Wyrdeer|Wyrdeer, L50, M|100/100
|turn|3
|
|t:|1783289798
|move|p1b: Starmie|Liquidation|p2a: Mimikyu
|-damage|p2a: Mimikyu|14/100
|-enditem|p2a: Mimikyu|Sitrus Berry|[eat]
|-heal|p2a: Mimikyu|39/100|[from] item: Sitrus Berry
|move|p2a: Mimikyu|Will-O-Wisp|p1b: Starmie|[miss]
|-miss|p2a: Mimikyu|p1b: Starmie
|move|p1a: Wyrdeer|Earth Power|p2b: Slowbro
|-supereffective|p2b: Slowbro|1
|-damage|p2b: Slowbro|29/100
|move|p2b: Slowbro|Nasty Plot|p2b: Slowbro
|-boost|p2b: Slowbro|spa|2
|
|upkeep
|turn|4
|c|☆DaVVinc1|not hax either
|c|☆Lugiabirb|u didnt call it
|c| iamresh|bro thinks he's him
|-activate|p2b: Slowbro|ability: Quick Draw
|
|t:|1783289839
|move|p2a: Mimikyu|Shadow Sneak|p1b: Starmie
|-supereffective|p1b: Starmie|1
|-damage|p1b: Starmie|62/100
|move|p2b: Slowbro|Psychic|p1b: Starmie
|-resisted|p1b: Starmie|1
|-damage|p1b: Starmie|0 fnt
|faint|p1b: Starmie
|-damage|p2b: Slowbro|20/100y|[from] item: Life Orb
|move|p1a: Wyrdeer|Earth Power|p2b: Slowbro
|-supereffective|p2b: Slowbro|1
|-damage|p2b: Slowbro|0 fnt
|faint|p2b: Slowbro
|
|upkeep
|c| iamresh|we're
|c| iamresh|simply
|c| iamresh|better
|
|t:|1783289862
|switch|p1b: Conkeldurr|Conkeldurr, L50, M|100/100
|switch|p2b: Delphox|Delphox, L50, M|100/100
|turn|5
|
|t:|1783289887
|detailschange|p2b: Delphox|Delphox-Mega, L50, M
|-mega|p2b: Delphox|Delphox|Delphoxite
|move|p2b: Delphox|Encore|p1a: Wyrdeer
|-start|p1a: Wyrdeer|Encore
|move|p2a: Mimikyu|Will-O-Wisp|p1b: Conkeldurr|[miss]
|-miss|p2a: Mimikyu|p1b: Conkeldurr
|move|p1a: Wyrdeer|Earth Power|p2a: Mimikyu
|-damage|p2a: Mimikyu|16/100
|move|p1b: Conkeldurr|Rock Slide|p2b: Delphox|[spread] p2a,p2b
|-supereffective|p2b: Delphox|1
|-damage|p2a: Mimikyu|0 fnt
|-damage|p2b: Delphox|18/100
|faint|p2a: Mimikyu
|
|upkeep
|
|t:|1783289900
|switch|p2a: Meowscarada|Meowscarada, L50, F|22/100
|turn|6
|
|t:|1783289921
|move|p2b: Delphox|Psychic|p1b: Conkeldurr
|-supereffective|p1b: Conkeldurr|1
|-enditem|p1b: Conkeldurr|Payapa Berry|[eat]
|-enditem|p1b: Conkeldurr|Payapa Berry|[weaken]
|-damage|p1b: Conkeldurr|35/100
|move|p2a: Meowscarada|Flower Trick|p1b: Conkeldurr
|-start|p2a: Meowscarada|typechange|Grass|[from] ability: Protean
|-crit|p1b: Conkeldurr
|-damage|p1b: Conkeldurr|0 fnt
|faint|p1b: Conkeldurr
|move|p1a: Wyrdeer|Earth Power|p2a: Meowscarada
|-resisted|p2a: Meowscarada|1
|-damage|p2a: Meowscarada|4/100
|
|upkeep
|turn|7
|
|t:|1783289930
|move|p2b: Delphox|Psychic|p1a: Wyrdeer
|-resisted|p1a: Wyrdeer|1
|-damage|p1a: Wyrdeer|79/100
|move|p2a: Meowscarada|Knock Off|p1a: Wyrdeer
|-supereffective|p1a: Wyrdeer|1
|-damage|p1a: Wyrdeer|8/100
|-enditem|p1a: Wyrdeer|Leftovers|[from] move: Knock Off|[of] p2a: Meowscarada
|move|p1a: Wyrdeer|Earth Power|p2a: Meowscarada
|-resisted|p2a: Meowscarada|1
|-damage|p2a: Meowscarada|0 fnt
|faint|p2a: Meowscarada
|
|-end|p1a: Wyrdeer|Encore
|upkeep
|turn|8
|
|t:|1783289934
|move|p1a: Wyrdeer|Protect|p1a: Wyrdeer
|-singleturn|p1a: Wyrdeer|Protect
|move|p2b: Delphox|Encore|p1a: Wyrdeer
|-activate|p1a: Wyrdeer|move: Protect
|
|upkeep
|turn|9
|
|t:|1783289938
|move|p2b: Delphox|Encore|p1a: Wyrdeer
|-start|p1a: Wyrdeer|Encore
|move|p1a: Wyrdeer|Protect||[still]
|-fail|p1a: Wyrdeer
|
|upkeep
|turn|10
|
|t:|1783289941
|move|p1a: Wyrdeer|Protect|p1a: Wyrdeer
|-singleturn|p1a: Wyrdeer|Protect
|move|p2b: Delphox|Psychic|p1a: Wyrdeer
|-activate|p1a: Wyrdeer|move: Protect
|
|upkeep
|turn|11
|
|t:|1783289945
|move|p1a: Wyrdeer|Protect||[still]
|-fail|p1a: Wyrdeer
|move|p2b: Delphox|Psychic|p1a: Wyrdeer
|-resisted|p1a: Wyrdeer|1
|-damage|p1a: Wyrdeer|0 fnt
|faint|p1a: Wyrdeer
|
|win|Lugiabirb
|c| iamresh|gg
