|j|☆sogreenitslime
|j|☆sum1dum
|html|sogreenitslimesum1dum    
|uhtml|bestof|Game 1 of a best-of-3
|t:|1783131705
|gametype|doubles
|player|p1|sogreenitslime|pokemaniac|1144
|player|p2|sum1dum|rosa|1234
|gen|9
|tier|[Gen 9 Champions] VGC 2026 Reg M-B (Bo3)
|rated|
|rule|Species Clause: Limit one of each Pokémon
|rule|Item Clause: Limit 1 of each item
|clearpoke
|poke|p1|Aerodactyl, L50, M|
|poke|p1|Rotom-Wash, L50|
|poke|p1|Sceptile, L50, M|
|poke|p1|Kingambit, L50, F|
|poke|p1|Ninetales-Alola, L50, M|
|poke|p1|Incineroar, L50, F|
|poke|p2|Gliscor, L50, M|
|poke|p2|Primarina, L50, F|
|poke|p2|Metagross, L50|
|poke|p2|Ninetales-Alola, L50, M|
|poke|p2|Incineroar, L50, F|
|poke|p2|Sinistcha, L50|
|teampreview|4
|showteam|p1|Aerodactyl||Aerodactylite|Unnerve|Tailwind,RockSlide,DualWingbeat,Protect|Jolly||M|||50|]Rotom-Wash||ChoiceScarf|Levitate|VoltSwitch,Discharge,Electroweb,HydroPump|Timid|||||50|]Sceptile||Sceptilite|Overgrow|EnergyBall,EarthPower,DragonPulse,Protect|Timid||M|||50|]Kingambit||ChopleBerry|Defiant|KowtowCleave,SuckerPunch,IronHead,Protect|Adamant||F|||50|]Ninetales-Alola||NeverMeltIce|SnowWarning|Blizzard,AuroraVeil,Protect,Moonblast|Bold||M|||50|]Incineroar||SitrusBerry|Intimidate|WillOWisp,FlareBlitz,PartingShot,FakeOut|Careful||F|||50|
|showteam|p2|Gliscor||LifeOrb|HyperCutter|DualWingbeat,HighHorsepower,Protect,RockSlide|Jolly||M|||50|]Primarina||Leftovers|LiquidVoice|CalmMind,HyperVoice,Moonblast,Protect|Modest||F|||50|]Metagross||Metagrossite|ClearBody|BulletPunch,IronHead,Protect,PsychicFangs|Jolly|||||50|]Ninetales-Alola||LightClay|SnowWarning|AuroraVeil,FreezeDry,Moonblast,Protect|Timid||M|||50|]Incineroar||ChopleBerry|Intimidate|FakeOut,FlareBlitz,DarkestLariat,PartingShot|Impish||F|||50|]Sinistcha||SitrusBerry|Hospitality|MatchaGotcha,Protect,LifeDew,RagePowder|Bold|||||50|
|inactive|Battle timer is ON: inactive players will automatically lose when time's up. (requested by sum1dum)
|j| Tyho45
|inactive|sogreenitslime has 60 seconds left.
|inactive|sum1dum has 60 seconds left.
|
|t:|1783131765
|teamsize|p1|4
|teamsize|p2|4
|start
|switch|p1a: Aerodactyl|Aerodactyl, L50, M|100/100
|switch|p1b: Incineroar|Incineroar, L50, F|100/100
|switch|p2a: Integrity|Ninetales-Alola, L50, M|100/100
|switch|p2b: Bravery|Gliscor, L50, M|100/100
|-ability|p1a: Aerodactyl|Unnerve
|-weather|Snowscape|[from] ability: Snow Warning|[of] p2a: Integrity
|-ability|p1b: Incineroar|Intimidate|boost
|-unboost|p2a: Integrity|atk|1
|-fail|p2b: Bravery|unboost|Attack|[from] ability: Hyper Cutter|[of] p2b: Bravery
|turn|1
|inactive|sogreenitslime has 30 seconds left.
|
|t:|1783131793
|detailschange|p1a: Aerodactyl|Aerodactyl-Mega, L50, M
|-mega|p1a: Aerodactyl|Aerodactyl|Aerodactylite
|move|p1b: Incineroar|Fake Out|p2a: Integrity
|-damage|p2a: Integrity|89/100
|move|p1a: Aerodactyl|Tailwind|p1a: Aerodactyl
|-sidestart|p1: sogreenitslime|move: Tailwind
|cant|p2a: Integrity|flinch
|move|p2b: Bravery|Rock Slide|p1b: Incineroar|[spread] p1a,p1b
|-supereffective|p1a: Aerodactyl|1
|-supereffective|p1b: Incineroar|1
|-damage|p1a: Aerodactyl|45/100
|-damage|p1b: Incineroar|58/100
|-damage|p2b: Bravery|90/100|[from] item: Life Orb
|
|-weather|Snowscape|[upkeep]
|upkeep
|turn|2
|
|t:|1783131808
|move|p1a: Aerodactyl|Rock Slide|p2a: Integrity|[spread] p2a,p2b
|-supereffective|p2a: Integrity|1
|-damage|p2a: Integrity|33/100
|-damage|p2b: Bravery|62/100
|move|p2a: Integrity|Aurora Veil|p2a: Integrity
|-sidestart|p2: sum1dum|move: Aurora Veil
|cant|p2b: Bravery|flinch
|move|p1b: Incineroar|Flare Blitz|p2a: Integrity
|-supereffective|p2a: Integrity|1
|-damage|p2a: Integrity|0 fnt
|faint|p2a: Integrity
|-damage|p1b: Incineroar|50/100g|[from] Recoil
|
|-weather|Snowscape|[upkeep]
|upkeep
|
|t:|1783131811
|switch|p2a: Justice|Incineroar, L50, F|100/100
|-ability|p2a: Justice|Intimidate|boost
|-unboost|p1a: Aerodactyl|atk|1
|-unboost|p1b: Incineroar|atk|1
|turn|3
|
|t:|1783131830
|move|p1a: Aerodactyl|Protect|p1a: Aerodactyl
|-singleturn|p1a: Aerodactyl|Protect
|move|p2a: Justice|Fake Out|p1b: Incineroar
|-damage|p1b: Incineroar|40/100
|-enditem|p1b: Incineroar|Sitrus Berry|[eat]
|-heal|p1b: Incineroar|64/100|[from] item: Sitrus Berry
|move|p2b: Bravery|High Horsepower|p1b: Incineroar
|-supereffective|p1b: Incineroar|1
|-damage|p1b: Incineroar|0 fnt
|faint|p1b: Incineroar
|-damage|p2b: Bravery|52/100|[from] item: Life Orb
|
|-weather|Snowscape|[upkeep]
|upkeep
|
|t:|1783131845
|switch|p1b: Ninetales|Ninetales-Alola, L50, M|100/100
|turn|4
|
|t:|1783131865
|switch|p2b: Perserverance|Metagross, L50|100/100
|move|p1a: Aerodactyl|Rock Slide|p2a: Justice|[spread] p2a,p2b
|-supereffective|p2a: Justice|1
|-resisted|p2b: Perserverance|1
|-damage|p2a: Justice|77/100
|-damage|p2b: Perserverance|93/100
|move|p1b: Ninetales|Blizzard|p2b: Perserverance|[spread] p2a,p2b
|-resisted|p2a: Justice|1
|-resisted|p2b: Perserverance|1
|-crit|p2b: Perserverance
|-damage|p2a: Justice|69/100
|-damage|p2b: Perserverance|67/100
|move|p2a: Justice|Flare Blitz|p1b: Ninetales
|-supereffective|p1b: Ninetales|1
|-damage|p1b: Ninetales|32/100
|-status|p1b: Ninetales|brn
|-damage|p2a: Justice|50/100y|[from] Recoil
|
|-weather|Snowscape|[upkeep]
|-damage|p1b: Ninetales|26/100 brn|[from] brn
|-sideend|p1: sogreenitslime|move: Tailwind
|upkeep
|turn|5
|
|t:|1783131885
|detailschange|p2b: Perserverance|Metagross-Mega, L50
|-mega|p2b: Perserverance|Metagross|Metagrossite
|move|p2b: Perserverance|Bullet Punch|p1a: Aerodactyl
|-supereffective|p1a: Aerodactyl|1
|-crit|p1a: Aerodactyl
|-damage|p1a: Aerodactyl|0 fnt
|faint|p1a: Aerodactyl
|move|p1b: Ninetales|Aurora Veil|p1b: Ninetales
|-sidestart|p1: sogreenitslime|move: Aurora Veil
|move|p2a: Justice|Darkest Lariat|p1b: Ninetales
|-resisted|p1b: Ninetales|1
|-damage|p1b: Ninetales|17/100 brn
|
|-weather|none
|-damage|p1b: Ninetales|11/100 brn|[from] brn
|upkeep
|
|t:|1783131895
|switch|p1a: Kingambit|Kingambit, L50, F|100/100
|turn|6
|
|t:|1783131904
|move|p1a: Kingambit|Sucker Punch|p2b: Perserverance
|-supereffective|p2b: Perserverance|1
|-damage|p2b: Perserverance|24/100
|move|p2b: Perserverance|Psychic Fangs|p1b: Ninetales
|-sideend|p1: sogreenitslime|move: Aurora Veil
|-damage|p1b: Ninetales|0 fnt
|faint|p1b: Ninetales
|move|p2a: Justice|Flare Blitz|p1a: Kingambit
|-supereffective|p1a: Kingambit|1
|-damage|p1a: Kingambit|32/100
|-damage|p2a: Justice|30/100|[from] Recoil
|
|upkeep
|turn|7
|
|t:|1783131914
|move|p2b: Perserverance|Protect|p2b: Perserverance
|-singleturn|p2b: Perserverance|Protect
|move|p1a: Kingambit|Sucker Punch||[still]
|-fail|p1a: Kingambit
|move|p2a: Justice|Flare Blitz|p1a: Kingambit
|-supereffective|p1a: Kingambit|1
|-crit|p1a: Kingambit
|-damage|p1a: Kingambit|0 fnt
|faint|p1a: Kingambit
|-damage|p2a: Justice|20/100y|[from] Recoil
|
|win|sum1dum
||sogreenitslime is ready for game 2.
||sum1dum is ready for game 2.
|uhtml|next|Next: Game 2 of 3
