|j|☆Farigi no Raf
|j|☆Sonja Hilmer
|html|Farigi no RafSonja Hilmer    
|uhtml|bestof|Game 2 of a best-of-3
|t:|1757121606
|gametype|doubles
|player|p1|Farigi no Raf|vince|1387
|player|p2|Sonja Hilmer|lady|1478
|gen|9
|tier|[Gen 9] VGC 2025 Reg H (Bo3)
|rated|
|rule|Species Clause: Limit one of each Pokémon
|rule|Item Clause: Limit 1 of each item
|clearpoke
|poke|p1|Dragonite, L50, F|
|poke|p1|Gholdengo, L50|
|poke|p1|Sneasler, L50, F|
|poke|p1|Rillaboom, L50, M|
|poke|p1|Ursaluna-Bloodmoon, L50, M|
|poke|p1|Magmar, L50, F|
|poke|p2|Dachsbun, L50, F|
|poke|p2|Typhlosion-Hisui, L50, M|
|poke|p2|Basculegion, L50, M|
|poke|p2|Jumpluff, L50, M|
|poke|p2|Rillaboom, L50, F|
|poke|p2|Torkoal, L50, F|
|teampreview|4
|showteam|p1|Dragonite||LoadedDice|Multiscale|ScaleShot,Tailwind,ExtremeSpeed,Protect|||F|||50|,,,,,Fairy]Gholdengo||LifeOrb|GoodasGold|MakeItRain,ShadowBall,NastyPlot,Protect||||||50|,,,,,Water]Sneasler||FocusSash|PoisonTouch|CloseCombat,DireClaw,Coaching,FakeOut|||F|||50|,,,,,Ghost]Rillaboom||AssaultVest|GrassySurge|WoodHammer,FakeOut,GrassyGlide,HighHorsepower|||M|||50|,,,,,Fire]Ursaluna-Bloodmoon||SilkScarf|MindsEye|HyperVoice,EarthPower,BloodMoon,Protect|||M|||50|,,,,,Water]Magmar||Eviolite|VitalSpirit|FollowMe,BurningJealousy,ClearSmog,Protect|||F|||50|,,,,,Dragon
|showteam|p2|Dachsbun||Leftovers|WellBakedBody|BodyPress,Snarl,HelpingHand,Protect|||F|||50|,,,,,Steel]Typhlosion-Hisui||ChoiceSpecs|Blaze|Eruption,LavaPlume,Overheat,ShadowBall|||M|||50|,,,,,Fire]Basculegion||ChoiceScarf|Adaptability|WaveCrash,FlipTurn,LastRespects,TeraBlast|||M|||50|,,,,,Fairy]Jumpluff||CovertCloak|Chlorophyll|SleepPowder,SunnyDay,RagePowder,Tailwind|||M|||50|,,,,,Water]Rillaboom||LifeOrb|GrassySurge|WoodHammer,GrassyGlide,HighHorsepower,FakeOut|||F|||50|,,,,,Stellar]Torkoal||SitrusBerry|Drought|HeatWave,LavaPlume,ClearSmog,Protect|||F|||50|,,,,,Fairy
|inactive|Battle timer is ON: inactive players will automatically lose when time's up. (requested by Sonja Hilmer)
|
|t:|1757121635
|teamsize|p1|4
|teamsize|p2|4
|start
|switch|p1a: Magmar|Magmar, L50, F|100/100
|switch|p1b: Dragonite|Dragonite, L50, F|100/100
|switch|p2a: Rillaboom|Rillaboom, L50, F|100/100
|switch|p2b: Torkoal|Torkoal, L50, F|100/100
|-fieldstart|move: Grassy Terrain|[from] ability: Grassy Surge|[of] p2a: Rillaboom
|-weather|SunnyDay|[from] ability: Drought|[of] p2b: Torkoal
|turn|1
|
|t:|1757121645
|switch|p2a: Dachsbun|Dachsbun, L50, F|100/100
|move|p1b: Dragonite|Protect|p1b: Dragonite
|-singleturn|p1b: Dragonite|Protect
|move|p1a: Magmar|Protect|p1a: Magmar
|-singleturn|p1a: Magmar|Protect
|move|p2b: Torkoal|Lava Plume|p1b: Dragonite|[spread] 
|-activate|p1a: Magmar|move: Protect
|-activate|p1b: Dragonite|move: Protect
|-ability|p2a: Dachsbun|Well-Baked Body|boost
|-boost|p2a: Dachsbun|def|2
|
|-weather|SunnyDay|[upkeep]
|upkeep
|turn|2
|
|t:|1757121656
|move|p1b: Dragonite|Scale Shot|p2b: Torkoal
|-damage|p2b: Torkoal|90/100
|-damage|p2b: Torkoal|79/100
|-damage|p2b: Torkoal|69/100
|-damage|p2b: Torkoal|58/100
|-hitcount|p2b: Torkoal|4
|-unboost|p1b: Dragonite|def|1
|-boost|p1b: Dragonite|spe|1
|move|p2a: Dachsbun|Body Press|p1a: Magmar
|-damage|p1a: Magmar|63/100
|move|p1a: Magmar|Clear Smog|p2a: Dachsbun
|-supereffective|p2a: Dachsbun
|-damage|p2a: Dachsbun|71/100
|-clearboost|p2a: Dachsbun
|move|p2b: Torkoal|Lava Plume|p1a: Magmar|[spread] p1a,p1b
|-ability|p2a: Dachsbun|Well-Baked Body|boost
|-boost|p2a: Dachsbun|def|2
|-resisted|p1a: Magmar
|-resisted|p1b: Dragonite
|-damage|p1a: Magmar|53/100
|-damage|p1b: Dragonite|93/100
|
|-weather|SunnyDay|[upkeep]
|-heal|p2a: Dachsbun|77/100|[from] Grassy Terrain
|-heal|p2a: Dachsbun|83/100|[from] item: Leftovers
|-heal|p1a: Magmar|59/100|[from] Grassy Terrain
|-heal|p2b: Torkoal|64/100|[from] Grassy Terrain
|upkeep
|turn|3
|
|t:|1757121679
|move|p1b: Dragonite|Scale Shot|p2b: Torkoal
|-damage|p2b: Torkoal|53/100
|-damage|p2b: Torkoal|43/100
|-enditem|p2b: Torkoal|Sitrus Berry|[eat]
|-heal|p2b: Torkoal|68/100|[from] item: Sitrus Berry
|-damage|p2b: Torkoal|57/100
|-damage|p2b: Torkoal|47/100
|-hitcount|p2b: Torkoal|4
|-unboost|p1b: Dragonite|def|1
|-boost|p1b: Dragonite|spe|1
|move|p2a: Dachsbun|Body Press|p1b: Dragonite
|-resisted|p1b: Dragonite
|-damage|p1b: Dragonite|30/100
|move|p1a: Magmar|Clear Smog|p2a: Dachsbun
|-supereffective|p2a: Dachsbun
|-damage|p2a: Dachsbun|57/100
|-clearboost|p2a: Dachsbun
|move|p2b: Torkoal|Lava Plume|p1a: Magmar|[spread] p1a,p1b
|-ability|p2a: Dachsbun|Well-Baked Body|boost
|-boost|p2a: Dachsbun|def|2
|-resisted|p1a: Magmar
|-resisted|p1b: Dragonite
|-damage|p1a: Magmar|48/100
|-damage|p1b: Dragonite|16/100
|-status|p1b: Dragonite|brn
|
|-weather|SunnyDay|[upkeep]
|-heal|p2a: Dachsbun|63/100|[from] Grassy Terrain
|-heal|p2a: Dachsbun|69/100|[from] item: Leftovers
|-heal|p1a: Magmar|54/100|[from] Grassy Terrain
|-heal|p2b: Torkoal|53/100|[from] Grassy Terrain
|-damage|p1b: Dragonite|10/100 brn|[from] brn
|upkeep
|turn|4
|
|t:|1757121701
|move|p1b: Dragonite|Tailwind|p1b: Dragonite
|-sidestart|p1: Farigi no Raf|move: Tailwind
|move|p1a: Magmar|Clear Smog|p2a: Dachsbun
|-supereffective|p2a: Dachsbun
|-damage|p2a: Dachsbun|41/100
|-clearboost|p2a: Dachsbun
|move|p2a: Dachsbun|Body Press|p1a: Magmar
|-damage|p1a: Magmar|32/100
|move|p2b: Torkoal|Lava Plume|p1b: Dragonite|[spread] p1a,p1b
|-ability|p2a: Dachsbun|Well-Baked Body|boost
|-boost|p2a: Dachsbun|def|2
|-resisted|p1a: Magmar
|-resisted|p1b: Dragonite
|-damage|p1a: Magmar|21/100
|-damage|p1b: Dragonite|0 fnt
|faint|p1b: Dragonite
|
|-weather|SunnyDay|[upkeep]
|-heal|p1a: Magmar|27/100|[from] Grassy Terrain
|-heal|p2a: Dachsbun|47/100|[from] Grassy Terrain
|-heal|p2a: Dachsbun|53/100|[from] item: Leftovers
|-heal|p2b: Torkoal|59/100|[from] Grassy Terrain
|upkeep
|
|t:|1757121718
|switch|p1b: Ursaluna|Ursaluna-Bloodmoon, L50, M|100/100
|turn|5
|
|t:|1757121730
|-terastallize|p1b: Ursaluna|Water
|move|p2a: Dachsbun|Protect|p2a: Dachsbun
|-singleturn|p2a: Dachsbun|Protect
|move|p2b: Torkoal|Protect|p2b: Torkoal
|-singleturn|p2b: Torkoal|Protect
|move|p1a: Magmar|Burning Jealousy|p2b: Torkoal|[spread] 
|-activate|p2a: Dachsbun|move: Protect
|-activate|p2b: Torkoal|move: Protect
|move|p1b: Ursaluna|Hyper Voice|p2b: Torkoal|[spread] 
|-activate|p2a: Dachsbun|move: Protect
|-activate|p2b: Torkoal|move: Protect
|
|-weather|none
|-heal|p1a: Magmar|32/100|[from] Grassy Terrain
|-heal|p2a: Dachsbun|59/100|[from] Grassy Terrain
|-heal|p2a: Dachsbun|65/100|[from] item: Leftovers
|-heal|p2b: Torkoal|65/100|[from] Grassy Terrain
|-fieldend|move: Grassy Terrain
|upkeep
|turn|6
|
|t:|1757121744
|-terastallize|p2a: Dachsbun|Steel
|move|p1a: Magmar|Burning Jealousy|p2a: Dachsbun|[spread] p2b
|-ability|p2a: Dachsbun|Well-Baked Body|boost
|-boost|p2a: Dachsbun|def|2
|-resisted|p2b: Torkoal
|-damage|p2b: Torkoal|55/100
|move|p1b: Ursaluna|Earth Power|p2a: Dachsbun
|-supereffective|p2a: Dachsbun
|-damage|p2a: Dachsbun|0 fnt
|faint|p2a: Dachsbun
|move|p2b: Torkoal|Lava Plume|p1a: Magmar|[spread] p1a,p1b
|-resisted|p1a: Magmar
|-resisted|p1b: Ursaluna
|-damage|p1a: Magmar|25/100
|-damage|p1b: Ursaluna|90/100
|-status|p1b: Ursaluna|brn
|
|-damage|p1b: Ursaluna|84/100 brn|[from] brn
|upkeep
|
|t:|1757121757
|switch|p2a: Rillaboom|Rillaboom, L50, F|100/100
|-fieldstart|move: Grassy Terrain|[from] ability: Grassy Surge|[of] p2a: Rillaboom
|turn|7
|
|t:|1757121770
|switch|p2b: Basculegion|Basculegion, L50, M|100/100
|move|p1a: Magmar|Protect|p1a: Magmar
|-singleturn|p1a: Magmar|Protect
|move|p1b: Ursaluna|Protect|p1b: Ursaluna
|-singleturn|p1b: Ursaluna|Protect
|move|p2a: Rillaboom|Fake Out|p1b: Ursaluna
|-activate|p1b: Ursaluna|move: Protect
|
|-heal|p1a: Magmar|31/100|[from] Grassy Terrain
|-heal|p1b: Ursaluna|90/100 brn|[from] Grassy Terrain
|-damage|p1b: Ursaluna|84/100 brn|[from] brn
|-sideend|p1: Farigi no Raf|move: Tailwind
|upkeep
|turn|8
|
|t:|1757121785
|move|p2b: Basculegion|Last Respects|p1a: Magmar
|-damage|p1a: Magmar|0 fnt
|faint|p1a: Magmar
|move|p2a: Rillaboom|Wood Hammer|p1b: Ursaluna
|-supereffective|p1b: Ursaluna
|-damage|p1b: Ursaluna|0 fnt
|faint|p1b: Ursaluna
|-damage|p2a: Rillaboom|72/100|[from] Recoil
|-damage|p2a: Rillaboom|62/100|[from] item: Life Orb
|
|-heal|p2a: Rillaboom|68/100|[from] Grassy Terrain
|upkeep
|
|t:|1757121789
|switch|p1b: Sneasler|Sneasler, L50, F|100/100
|turn|9
|
|t:|1757121795
|move|p2a: Rillaboom|Grassy Glide|p1b: Sneasler
|-resisted|p1b: Sneasler
|-damage|p1b: Sneasler|55/100
|-damage|p2a: Rillaboom|59/100|[from] item: Life Orb
|move|p2b: Basculegion|Last Respects|p1b: Sneasler
|-damage|p1b: Sneasler|0 fnt
|faint|p1b: Sneasler
|
|win|Sonja Hilmer
