|j|☆SiniVGC
|j|☆OssiGT
|html|SiniVGCOssiGT    
|uhtml|bestof|Game 2 of a best-of-3
|t:|1783685395
|gametype|doubles
|player|p1|SiniVGC|riley|1171
|player|p2|OssiGT|colress|1157
|gen|9
|tier|[Gen 9 Champions] VGC 2026 Reg M-B (Bo3)
|rated|
|rule|Species Clause: Limit one of each Pokémon
|rule|Item Clause: Limit 1 of each item
|clearpoke
|poke|p1|Mawile, L50, M|
|poke|p1|Farigiraf, L50, F|
|poke|p1|Torkoal, L50, M|
|poke|p1|Vivillon, L50, M|
|poke|p1|Incineroar, L50, M|
|poke|p1|Gallade, L50, M|
|poke|p2|Raichu, L50, F|
|poke|p2|Mawile, L50, F|
|poke|p2|Sinistcha, L50|
|poke|p2|Ceruledge, L50, F|
|poke|p2|Milotic, L50, F|
|poke|p2|Incineroar, L50, F|
|teampreview|4
|showteam|p1|Mawile||Mawilite|HyperCutter|PlayRough,SuckerPunch,RockSlide,Protect|Brave||M|||50|]Farigiraf||SitrusBerry|ArmorTail|Psychic,Thunderbolt,TrickRoom,Protect|Quiet||F|||50|]Torkoal||Charcoal|Drought|Eruption,WeatherBall,HeatWave,Protect|Quiet||M|||50|]Vivillon||FocusSash|CompoundEyes|Hurricane,SleepPowder,RagePowder,Protect|Timid||M|||50|]Incineroar||LifeOrb|Intimidate|FlareBlitz,DarkestLariat,CloseCombat,FakeOut|Brave||M|||50|]Gallade||IronBall|Sharpness|SacredSword,PsychoCut,LeafBlade,TrickRoom|Brave||M|||50|
|showteam|p2|Raichu||RaichuniteY|LightningRod|ZapCannon,FocusBlast,FakeOut,Protect|Timid||F|||50|]Mawile||Mawilite|HyperCutter|PlayRough,SuckerPunch,SwordsDance,Protect|Adamant||F|||50|]Sinistcha||KasibBerry|Hospitality|MatchaGotcha,LifeDew,RagePowder,Protect|Relaxed|||||50|]Ceruledge||ColburBerry|FlashFire|BitterBlade,ShadowSneak,BulkUp,Protect|Adamant||F|||50|]Milotic||Leftovers|Competitive|MuddyWater,Coil,Hypnosis,Protect|Calm||F|||50|]Incineroar||SitrusBerry|Intimidate|FlareBlitz,ThroatChop,FakeOut,PartingShot|Impish||F|||50|
|inactive|Battle timer is ON: inactive players will automatically lose when time's up. (requested by SiniVGC)
|
|t:|1783685420
|teamsize|p1|4
|teamsize|p2|4
|start
|switch|p1a: Incineroar|Incineroar, L50, M|100/100
|switch|p1b: Farigiraf|Farigiraf, L50, F|100/100
|switch|p2a: Incineroar|Incineroar, L50, F|100/100
|switch|p2b: Ceruledge|Ceruledge, L50, F|100/100
|-ability|p2a: Incineroar|Intimidate|boost
|-unboost|p1a: Incineroar|atk|1
|-unboost|p1b: Farigiraf|atk|1
|-ability|p1a: Incineroar|Intimidate|boost
|-unboost|p2a: Incineroar|atk|1
|-unboost|p2b: Ceruledge|atk|1
|turn|1
|
|t:|1783685436
|move|p2b: Ceruledge|Bulk Up|p2b: Ceruledge
|-boost|p2b: Ceruledge|atk|1
|-boost|p2b: Ceruledge|def|1
|move|p2a: Incineroar|Parting Shot|p1a: Incineroar
|-unboost|p1a: Incineroar|atk|1
|-unboost|p1a: Incineroar|spa|1
|
|t:|1783685442
|switch|p2a: Milotic|Milotic, L50, F|100/100|[from] Parting Shot
|move|p1a: Incineroar|Darkest Lariat|p2b: Ceruledge
|-supereffective|p2b: Ceruledge|1
|-enditem|p2b: Ceruledge|Colbur Berry|[eat]
|-enditem|p2b: Ceruledge|Colbur Berry|[weaken]
|-damage|p2b: Ceruledge|69/100
|-damage|p1a: Incineroar|90/100|[from] item: Life Orb
|move|p1b: Farigiraf|Trick Room|p1b: Farigiraf
|-fieldstart|move: Trick Room|[of] p1b: Farigiraf
|
|upkeep
|turn|2
|
|t:|1783685461
|switch|p2b: Sinistcha|Sinistcha, L50|100/100
|move|p1b: Farigiraf|Thunderbolt|p2b: Sinistcha
|-resisted|p2b: Sinistcha|1
|-damage|p2b: Sinistcha|88/100
|move|p1a: Incineroar|Darkest Lariat|p2b: Sinistcha
|-supereffective|p2b: Sinistcha|1
|-damage|p2b: Sinistcha|35/100
|-damage|p1a: Incineroar|80/100|[from] item: Life Orb
|move|p2a: Milotic|Coil|p2a: Milotic
|-boost|p2a: Milotic|atk|1
|-boost|p2a: Milotic|def|1
|-boost|p2a: Milotic|accuracy|1
|
|upkeep
|turn|3
|
|t:|1783685472
|switch|p2b: Incineroar|Incineroar, L50, F|100/100
|-ability|p2b: Incineroar|Intimidate|boost
|-unboost|p1a: Incineroar|atk|1
|-unboost|p1b: Farigiraf|atk|1
|move|p2a: Milotic|Protect|p2a: Milotic
|-singleturn|p2a: Milotic|Protect
|move|p1b: Farigiraf|Thunderbolt|p2a: Milotic
|-activate|p2a: Milotic|move: Protect
|move|p1a: Incineroar|Flare Blitz|p2b: Incineroar
|-resisted|p2b: Incineroar|1
|-damage|p2b: Incineroar|87/100
|-damage|p1a: Incineroar|75/100|[from] Recoil
|-damage|p1a: Incineroar|65/100|[from] item: Life Orb
|
|upkeep
|turn|4
|
|t:|1783685487
|move|p1b: Farigiraf|Thunderbolt|p2a: Milotic
|-supereffective|p2a: Milotic|1
|-damage|p2a: Milotic|66/100
|move|p1a: Incineroar|Close Combat|p2a: Milotic
|-damage|p2a: Milotic|51/100
|-unboost|p1a: Incineroar|def|1
|-unboost|p1a: Incineroar|spd|1
|-damage|p1a: Incineroar|55/100|[from] item: Life Orb
|move|p2b: Incineroar|Throat Chop|p1b: Farigiraf
|-supereffective|p1b: Farigiraf|1
|-damage|p1b: Farigiraf|46/100
|-start|p1b: Farigiraf|Throat Chop|[silent]
|-enditem|p1b: Farigiraf|Sitrus Berry|[eat]
|-heal|p1b: Farigiraf|71/100|[from] item: Sitrus Berry
|move|p2a: Milotic|Muddy Water|p1a: Incineroar|[spread] p1a,p1b
|-supereffective|p1a: Incineroar|1
|-damage|p1a: Incineroar|0 fnt
|-damage|p1b: Farigiraf|48/100
|faint|p1a: Incineroar
|
|-heal|p2a: Milotic|57/100|[from] item: Leftovers
|upkeep
|
|t:|1783685505
|switch|p1a: Gallade|Gallade, L50, M|100/100
|turn|5
|
|t:|1783685517
|switch|p2b: Sinistcha|Sinistcha, L50|35/100
|-heal|p2a: Milotic|82/100|[from] ability: Hospitality|[of] p2b: Sinistcha
|move|p2a: Milotic|Protect|p2a: Milotic
|-singleturn|p2a: Milotic|Protect
|move|p1a: Gallade|Trick Room|p1a: Gallade
|-fieldend|move: Trick Room
|move|p1b: Farigiraf|Trick Room|p1b: Farigiraf
|-fieldstart|move: Trick Room|[of] p1b: Farigiraf
|
|-heal|p2a: Milotic|88/100|[from] item: Leftovers
|-end|p1b: Farigiraf|Throat Chop|[silent]
|upkeep
|turn|6
|
|t:|1783685537
|switch|p1a: Mawile|Mawile, L50, M|100/100
|switch|p2b: Incineroar|Incineroar, L50, F|87/100
|-ability|p2b: Incineroar|Intimidate|boost
|-fail|p1a: Mawile|unboost|Attack|[from] ability: Hyper Cutter|[of] p1a: Mawile
|-unboost|p1b: Farigiraf|atk|1
|move|p1b: Farigiraf|Thunderbolt|p2a: Milotic
|-supereffective|p2a: Milotic|1
|-damage|p2a: Milotic|52/100
|move|p2a: Milotic|Coil|p2a: Milotic
|-boost|p2a: Milotic|atk|1
|-boost|p2a: Milotic|def|1
|-boost|p2a: Milotic|accuracy|1
|
|-heal|p2a: Milotic|58/100|[from] item: Leftovers
|upkeep
|turn|7
|
|t:|1783685556
|switch|p2b: Sinistcha|Sinistcha, L50|35/100
|-heal|p2a: Milotic|83/100|[from] ability: Hospitality|[of] p2b: Sinistcha
|detailschange|p1a: Mawile|Mawile-Mega, L50, M
|-mega|p1a: Mawile|Mawile|Mawilite
|move|p1a: Mawile|Play Rough|p2b: Sinistcha
|-damage|p2b: Sinistcha|0 fnt
|faint|p2b: Sinistcha
|move|p1b: Farigiraf|Thunderbolt|p2a: Milotic
|-supereffective|p2a: Milotic|1
|-damage|p2a: Milotic|48/100
|-status|p2a: Milotic|par
|move|p2a: Milotic|Muddy Water|p1b: Farigiraf|[spread] p1a,p1b
|-damage|p1a: Mawile|69/100
|-damage|p1b: Farigiraf|25/100
|
|-heal|p2a: Milotic|53/100 par|[from] item: Leftovers
|upkeep
|
|t:|1783685572
|switch|p2b: Incineroar|Incineroar, L50, F|87/100
|-ability|p2b: Incineroar|Intimidate|boost
|-unboost|p1a: Mawile|atk|1
|-unboost|p1b: Farigiraf|atk|1
|turn|8
|
|t:|1783685586
|cant|p2a: Milotic|par
|move|p1a: Mawile|Play Rough|p2b: Incineroar
|-damage|p2b: Incineroar|45/100
|-enditem|p2b: Incineroar|Sitrus Berry|[eat]
|-heal|p2b: Incineroar|70/100|[from] item: Sitrus Berry
|move|p1b: Farigiraf|Thunderbolt|p2a: Milotic
|-supereffective|p2a: Milotic|1
|-damage|p2a: Milotic|22/100 par
|move|p2b: Incineroar|Parting Shot|p1b: Farigiraf
|-unboost|p1b: Farigiraf|atk|1
|-unboost|p1b: Farigiraf|spa|1
|
|t:|1783685597
|switch|p2b: Ceruledge|Ceruledge, L50, F|69/100|[from] Parting Shot
|
|-heal|p2a: Milotic|28/100 par|[from] item: Leftovers
|upkeep
|turn|9
|
|t:|1783685610
|move|p2a: Milotic|Hypnosis|p1a: Mawile
|-status|p1a: Mawile|slp|[from] move: Hypnosis
|cant|p1a: Mawile|slp
|move|p1b: Farigiraf|Thunderbolt|p2a: Milotic
|-supereffective|p2a: Milotic|1
|-damage|p2a: Milotic|4/100 par
|move|p2b: Ceruledge|Bitter Blade|p1b: Farigiraf
|-damage|p1b: Farigiraf|0 fnt
|-heal|p2b: Ceruledge|85/100|[from] drain|[of] p1b: Farigiraf
|faint|p1b: Farigiraf
|
|-heal|p2a: Milotic|10/100 par|[from] item: Leftovers
|-fieldend|move: Trick Room
|upkeep
|
|t:|1783685618
|switch|p1b: Gallade|Gallade, L50, M|100/100
|turn|10
|
|t:|1783685632
|cant|p1a: Mawile|slp
|move|p2b: Ceruledge|Bulk Up|p2b: Ceruledge
|-boost|p2b: Ceruledge|atk|1
|-boost|p2b: Ceruledge|def|1
|move|p2a: Milotic|Hypnosis|p1b: Gallade
|-status|p1b: Gallade|slp|[from] move: Hypnosis
|cant|p1b: Gallade|slp
|
|-heal|p2a: Milotic|16/100 par|[from] item: Leftovers
|upkeep
|turn|11
|
|t:|1783685648
|-curestatus|p1a: Mawile|slp|[msg]
|move|p1a: Mawile|Sucker Punch|p2b: Ceruledge
|-supereffective|p2b: Ceruledge|1
|-damage|p2b: Ceruledge|38/100
|move|p2b: Ceruledge|Bitter Blade|p1a: Mawile
|-supereffective|p1a: Mawile|1
|-damage|p1a: Mawile|0 fnt
|-heal|p2b: Ceruledge|68/100|[from] drain|[of] p1a: Mawile
|faint|p1a: Mawile
|move|p2a: Milotic|Muddy Water|p1b: Gallade
|-damage|p1b: Gallade|69/100 slp
|cant|p1b: Gallade|slp
|
|-heal|p2a: Milotic|22/100 par|[from] item: Leftovers
|upkeep
|turn|12
|-message|SiniVGC forfeited.
|
|win|OssiGT
|raw|SiniVGC's rating: 1171 → 1145(-26 for losing)
|raw|OssiGT's rating: 1157 → 1183(+26 for winning)
|l|☆SiniVGC
|player|p1|
|c|☆OssiGT|La sborra che schizza
