|j|☆Quackennn
|j|☆MrMelon125
|html|QuackennnMrMelon125    
|uhtml|bestof|Game 3 of a best-of-3
|t:|1784405547
|gametype|doubles
|player|p1|Quackennn|pilot|
|player|p2|MrMelon125|101|
|gen|9
|tier|[Gen 9 Champions] VGC 2026 Reg M-B (Bo3)
|rule|Species Clause: Limit one of each Pokémon
|rule|Item Clause: Limit 1 of each item
|clearpoke
|poke|p1|Araquanid, L50, M|
|poke|p1|Farigiraf, L50, F|
|poke|p1|Primarina, L50, F|
|poke|p1|Ninetales-Alola, L50, F|
|poke|p1|Crabominable, L50, M|
|poke|p1|Golurk, L50|
|poke|p2|Raichu, L50, M|
|poke|p2|Samurott-Hisui, L50, M|
|poke|p2|Greninja, L50, F|
|poke|p2|Talonflame, L50, F|
|poke|p2|Altaria, L50, F|
|poke|p2|Scizor, L50, F|
|teampreview|4
|showteam|p1|Araquanid||LifeOrb|WaterBubble|LeechLife,Liquidation,Protect,PoisonJab|Adamant||M|||50|]Farigiraf||Leftovers|ArmorTail|Imprison,Protect,TrickRoom,HyperVoice|Sassy||F|||50|]Primarina||WacanBerry|LiquidVoice|HyperVoice,DazzlingGleam,WeatherBall,Protect|Modest||F|||50|]Ninetales-Alola||LightClay|SnowWarning|AuroraVeil,Protect,Blizzard,IcyWind|Timid||F|||50|]Crabominable||Crabominite|HyperCutter|IceHammer,CloseCombat,MachPunch,ThunderPunch|Adamant||M|||50|]Golurk||Golurkite|NoGuard|BrickBreak,Protect,Poltergeist,HeadlongRush|Adamant|||||50|
|showteam|p2|Raichu||RaichuniteY|Static|Protect,ZapCannon,Encore,FakeOut|Modest||M|||50|]Samurott-Hisui||LifeOrb|Sharpness|Protect,RazorShell,NightSlash,AquaJet|Adamant||M|||50|]Greninja||Greninjite|Protean|Protect,IceBeam,HydroPump,DarkPulse|Modest||F|||50|]Talonflame||FocusSash|GaleWings|Protect,Tailwind,BraveBird,FlareBlitz|Adamant||F|||50|]Altaria||Leftovers|CloudNine|PerishSong,WillOWisp,Tailwind,SunnyDay|Calm||F|||50|]Scizor||Scizorite|Technician|Protect,SwordsDance,BulletPunch,BugBite|Adamant||F|||50|
|j| Hariyamamomma
|j|+joey
|
|t:|1784405593
|teamsize|p1|4
|teamsize|p2|4
|start
|switch|p1a: The Caller|Primarina, L50, F|100/100
|switch|p1b: The Cooler|Ninetales-Alola, L50, F|100/100
|switch|p2a: Hampter?|Raichu, L50, M|100/100
|switch|p2b: It's a Crazy|Greninja, L50, F|100/100
|-weather|Snowscape|[from] ability: Snow Warning|[of] p1b: The Cooler
|turn|1
|
|t:|1784405638
|detailschange|p2a: Hampter?|Raichu-Mega-Y, L50, M
|-mega|p2a: Hampter?|Raichu|Raichunite Y
|move|p2a: Hampter?|Zap Cannon|p1a: The Caller
|-supereffective|p1a: The Caller|1
|-enditem|p1a: The Caller|Wacan Berry|[eat]
|-enditem|p1a: The Caller|Wacan Berry|[weaken]
|-damage|p1a: The Caller|32/100
|-status|p1a: The Caller|par
|move|p1b: The Cooler|Aurora Veil|p1b: The Cooler
|-sidestart|p1: Quackennn|move: Aurora Veil
|move|p2b: It's a Crazy|Hydro Pump|p1a: The Caller|[miss]
|-start|p2b: It's a Crazy|typechange|Water|[from] ability: Protean
|-miss|p2b: It's a Crazy|p1a: The Caller
|move|p1a: The Caller|Hyper Voice|p2b: It's a Crazy|[spread] p2a,p2b
|-resisted|p2b: It's a Crazy|1
|-damage|p2a: Hampter?|37/100
|-damage|p2b: It's a Crazy|69/100
|
|-weather|Snowscape|[upkeep]
|upkeep
|turn|2
|
|t:|1784405677
|switch|p2a: 1 Pound|Samurott-Hisui, L50, M|100/100
|move|p1b: The Cooler|Protect|p1b: The Cooler
|-singleturn|p1b: The Cooler|Protect
|move|p2b: It's a Crazy|Hydro Pump|p1a: The Caller
|-resisted|p1a: The Caller|1
|-damage|p1a: The Caller|18/100 par
|move|p1a: The Caller|Hyper Voice|p2b: It's a Crazy|[spread] p2a,p2b
|-resisted|p2a: 1 Pound|1
|-crit|p2a: 1 Pound
|-resisted|p2b: It's a Crazy|1
|-damage|p2a: 1 Pound|68/100
|-damage|p2b: It's a Crazy|39/100
|
|-weather|Snowscape|[upkeep]
|upkeep
|turn|3
|
|t:|1784405698
|move|p1b: The Cooler|Blizzard|p2a: 1 Pound|[spread] p2a,p2b
|-resisted|p2a: 1 Pound|1
|-resisted|p2b: It's a Crazy|1
|-damage|p2a: 1 Pound|50/100g
|-damage|p2b: It's a Crazy|14/100
|-status|p2b: It's a Crazy|frz
|-curestatus|p2b: It's a Crazy|frz|[msg]
|move|p2b: It's a Crazy|Hydro Pump|p1b: The Cooler
|-damage|p1b: The Cooler|56/100
|move|p2a: 1 Pound|Razor Shell|p1a: The Caller
|-resisted|p1a: The Caller|1
|-damage|p1a: The Caller|0 fnt
|faint|p1a: The Caller
|-damage|p2a: 1 Pound|40/100|[from] item: Life Orb
|
|-weather|Snowscape|[upkeep]
|upkeep
|
|t:|1784405712
|switch|p1a: The Crabber|Crabominable, L50, M|100/100
|turn|4
|
|t:|1784405742
|detailschange|p1a: The Crabber|Crabominable-Mega, L50, M
|-mega|p1a: The Crabber|Crabominable|Crabominite
|move|p1a: The Crabber|Mach Punch|p2b: It's a Crazy
|-damage|p2b: It's a Crazy|0 fnt
|faint|p2b: It's a Crazy
|move|p1b: The Cooler|Blizzard|p2a: 1 Pound
|-resisted|p2a: 1 Pound|1
|-damage|p2a: 1 Pound|19/100
|move|p2a: 1 Pound|Razor Shell|p1a: The Crabber
|-damage|p1a: The Crabber|76/100
|-damage|p2a: 1 Pound|9/100|[from] item: Life Orb
|
|-weather|Snowscape|[upkeep]
|upkeep
|
|t:|1784405761
|switch|p2b: BDSP Sux|Scizor, L50, F|100/100
|turn|5
|
|t:|1784405778
|move|p2b: BDSP Sux|Protect|p2b: BDSP Sux
|-singleturn|p2b: BDSP Sux|Protect
|move|p1b: The Cooler|Blizzard|p2a: 1 Pound|[spread] p2a
|-activate|p2b: BDSP Sux|move: Protect
|-resisted|p2a: 1 Pound|1
|-damage|p2a: 1 Pound|0 fnt
|faint|p2a: 1 Pound
|move|p1a: The Crabber|Close Combat|p2b: BDSP Sux
|-activate|p2b: BDSP Sux|move: Protect
|
|-weather|none
|upkeep
|
|t:|1784405784
|switch|p2a: Hampter?|Raichu-Mega-Y, L50, M|37/100
|turn|6
|
|t:|1784405820
|move|p2a: Hampter?|Fake Out|p1a: The Crabber
|-damage|p1a: The Crabber|72/100
|move|p2b: BDSP Sux|Bullet Punch|p1b: The Cooler
|-supereffective|p1b: The Cooler|2
|-damage|p1b: The Cooler|0 fnt
|faint|p1b: The Cooler
|cant|p1a: The Crabber|flinch
|
|upkeep
|
|t:|1784405823
|switch|p1b: The Creature|Farigiraf, L50, F|100/100
|turn|7
|
|t:|1784405851
|move|p1a: The Crabber|Mach Punch|p2a: Hampter?
|-damage|p2a: Hampter?|0 fnt
|faint|p2a: Hampter?
|move|p2b: BDSP Sux|Bug Bite|p1b: The Creature
|-supereffective|p1b: The Creature|1
|-damage|p1b: The Creature|22/100
|move|p1b: The Creature|Trick Room|p1b: The Creature
|-fieldstart|move: Trick Room|[of] p1b: The Creature
|
|-heal|p1b: The Creature|28/100|[from] item: Leftovers
|upkeep
|turn|8
|
|t:|1784405874
|move|p2b: BDSP Sux|Protect|p2b: BDSP Sux
|-singleturn|p2b: BDSP Sux|Protect
|move|p1a: The Crabber|Close Combat|p2b: BDSP Sux
|-activate|p2b: BDSP Sux|move: Protect
|move|p1b: The Creature|Hyper Voice|p2b: BDSP Sux
|-activate|p2b: BDSP Sux|move: Protect
|
|-heal|p1b: The Creature|34/100|[from] item: Leftovers
|-sideend|p1: Quackennn|move: Aurora Veil
|upkeep
|turn|9
|
|t:|1784405881
|move|p1a: The Crabber|Close Combat|p2b: BDSP Sux
|-damage|p2b: BDSP Sux|0 fnt
|-unboost|p1a: The Crabber|def|1
|-unboost|p1a: The Crabber|spd|1
|faint|p2b: BDSP Sux
|
|win|Quackennn
