|j|☆Kampfstube
|j|☆glitterckvamp
|html|Kampfstubeglitterckvamp    
|uhtml|bestof|Game 2 of a best-of-3
|t:|1757779468
|gametype|doubles
|player|p1|Kampfstube|n|
|player|p2|glitterckvamp|artist-gen4|
|gen|9
|tier|[Gen 9] VGC 2025 Reg H (Bo3)
|rule|Species Clause: Limit one of each Pokémon
|rule|Item Clause: Limit 1 of each item
|clearpoke
|poke|p1|Grimmsnarl, L50, M|
|poke|p1|Volcarona, L50, M|
|poke|p1|Annihilape, L50, M|
|poke|p1|Ursaluna-Bloodmoon, L50, M|
|poke|p1|Sneasler, L50, M|
|poke|p1|Dragonite, L50, M|
|poke|p2|Kingambit, L50, M|
|poke|p2|Mimikyu, L50, F|
|poke|p2|Ursaluna-Bloodmoon, L50, M|
|poke|p2|Sneasler, L50, M|
|poke|p2|Volcarona, L50, F|
|poke|p2|Farigiraf, L50, F|
|teampreview|4
|showteam|p1|Grimmsnarl||CovertCloak|Prankster|SpiritBreak,LightScreen,Reflect,ThunderWave|||M|||50|,,,,,Steel]Volcarona||SitrusBerry|FlameBody|GigaDrain,QuiverDance,FieryDance,Protect|||M|||50|,,,,,Grass]Annihilape||SafetyGoggles|Defiant|BulkUp,DrainPunch,Protect,RageFist|||M|||50|,,,,,Fire]Ursaluna-Bloodmoon||AssaultVest|MindsEye|EarthPower,BloodMoon,HyperVoice,VacuumWave|||M|||50|,,,,,Water]Sneasler||FocusSash|Unburden|FakeOut,Coaching,CloseCombat,DireClaw|||M|||50|,,,,,Ghost]Dragonite||LoadedDice|Multiscale|ScaleShot,Protect,Haze,ExtremeSpeed|||M|||50|,,,,,Steel
|showteam|p2|Kingambit||SafetyGoggles|Defiant|KowtowCleave,SuckerPunch,SwordsDance,Protect|||M|||50|,,,,,Dark]Mimikyu||LifeOrb|Disguise|TrickRoom,ShadowClaw,WoodHammer,DrainPunch|||F|||50|,,,,,Grass]Ursaluna-Bloodmoon||SilkScarf|MindsEye|BloodMoon,EarthPower,Protect,HyperVoice|||M|||50|,,,,,Normal]Sneasler||WhiteHerb|Unburden|DireClaw,Taunt,CloseCombat,Coaching|||M|||50|,,,,,Dark]Volcarona||Leftovers|FlameBody|Flamethrower,BugBuzz,QuiverDance,Protect|||F|||50|,,,,,Dragon]Farigiraf||CovertCloak|ArmorTail|HelpingHand,Imprison,TrickRoom,TwinBeam|||F|||50|,,,,,Fairy
|inactive|Battle timer is ON: inactive players will automatically lose when time's up. (requested by Kampfstube)
|
|t:|1757779499
|teamsize|p1|4
|teamsize|p2|4
|start
|switch|p1a: Annihilape|Annihilape, L50, M|100/100
|switch|p1b: Sneasler|Sneasler, L50, M, shiny|100/100
|switch|p2a: Clawz|Sneasler, L50, M|100/100
|switch|p2b: Vegas|Kingambit, L50, M, shiny|100/100
|turn|1
|
|t:|1757779515
|switch|p2a: Annabelle|Mimikyu, L50, F, shiny|100/100
|-terastallize|p2b: Vegas|Dark
|move|p1b: Sneasler|Fake Out|p2a: Annabelle
|-immune|p2a: Annabelle
|move|p1a: Annihilape|Bulk Up|p1a: Annihilape
|-boost|p1a: Annihilape|atk|1
|-boost|p1a: Annihilape|def|1
|move|p2b: Vegas|Swords Dance|p2b: Vegas
|-boost|p2b: Vegas|atk|2
|
|upkeep
|turn|2
|inactive|Kampfstube has 30 seconds left.
|inactive|Kampfstube has 20 seconds left.
|
|t:|1757779552
|move|p2b: Vegas|Protect|p2b: Vegas
|-singleturn|p2b: Vegas|Protect
|move|p1b: Sneasler|Dire Claw|p2a: Annabelle
|-activate|p2a: Annabelle|ability: Disguise
|-damage|p2a: Annabelle|100/100
|detailschange|p2a: Annabelle|Mimikyu-Busted, L50, F, shiny
|-damage|p2a: Annabelle|88/100|[from] pokemon: Mimikyu-Busted
|move|p1a: Annihilape|Rage Fist|p2b: Vegas
|-activate|p2b: Vegas|move: Protect
|move|p2a: Annabelle|Trick Room|p2a: Annabelle
|-fieldstart|move: Trick Room|[of] p2a: Annabelle
|
|upkeep
|turn|3
|
|t:|1757779575
|move|p2b: Vegas|Kowtow Cleave|p1b: Sneasler
|-resisted|p1b: Sneasler
|-crit|p1b: Sneasler
|-enditem|p1b: Sneasler|Focus Sash
|-damage|p1b: Sneasler|1/100
|move|p2a: Annabelle|Shadow Claw|p1b: Sneasler
|-damage|p1b: Sneasler|0 fnt
|faint|p1b: Sneasler
|-damage|p2a: Annabelle|78/100|[from] item: Life Orb
|move|p1a: Annihilape|Bulk Up|p1a: Annihilape
|-boost|p1a: Annihilape|atk|1
|-boost|p1a: Annihilape|def|1
|
|upkeep
|
|t:|1757779589
|switch|p1b: Ursaluna|Ursaluna-Bloodmoon, L50, M|100/100
|turn|4
|
|t:|1757779609
|move|p2b: Vegas|Kowtow Cleave|p1b: Ursaluna
|-damage|p1b: Ursaluna|14/100
|move|p1b: Ursaluna|Hyper Voice|p2a: Annabelle|[spread] p2a,p2b
|-damage|p2a: Annabelle|39/100
|-damage|p2b: Vegas|66/100
|move|p2a: Annabelle|Shadow Claw|p1a: Annihilape
|-supereffective|p1a: Annihilape
|-damage|p1a: Annihilape|60/100
|-damage|p2a: Annabelle|29/100|[from] item: Life Orb
|move|p1a: Annihilape|Drain Punch|p2b: Vegas
|-supereffective|p2b: Vegas
|-damage|p2b: Vegas|0 fnt
|-heal|p1a: Annihilape|90/100|[from] drain|[of] p2b: Vegas
|faint|p2b: Vegas
|
|upkeep
|
|t:|1757779615
|switch|p2b: Dead Moon|Ursaluna-Bloodmoon, L50, M|100/100
|turn|5
|inactive|Kampfstube has 30 seconds left.
|
|t:|1757779648
|move|p1a: Annihilape|Protect|p1a: Annihilape
|-singleturn|p1a: Annihilape|Protect
|move|p1b: Ursaluna|Vacuum Wave|p2b: Dead Moon
|-supereffective|p2b: Dead Moon
|-damage|p2b: Dead Moon|73/100
|move|p2b: Dead Moon|Hyper Voice|p1a: Annihilape|[spread] p1b
|-activate|p1a: Annihilape|move: Protect
|-damage|p1b: Ursaluna|0 fnt
|faint|p1b: Ursaluna
|move|p2a: Annabelle|Shadow Claw|p1a: Annihilape
|-activate|p1a: Annihilape|move: Protect
|
|upkeep
|
|t:|1757779659
|switch|p1b: Volcarona|Volcarona, L50, M, shiny|100/100
|turn|6
|
|t:|1757779670
|move|p2b: Dead Moon|Blood Moon|p1a: Annihilape
|-damage|p1a: Annihilape|21/100
|move|p2a: Annabelle|Shadow Claw|p1a: Annihilape
|-supereffective|p1a: Annihilape
|-damage|p1a: Annihilape|0 fnt
|faint|p1a: Annihilape
|-damage|p2a: Annabelle|19/100|[from] item: Life Orb
|move|p1b: Volcarona|Quiver Dance|p1b: Volcarona
|-boost|p1b: Volcarona|spa|1
|-boost|p1b: Volcarona|spd|1
|-boost|p1b: Volcarona|spe|1
|
|-fieldend|move: Trick Room
|upkeep
|turn|7
|
|t:|1757779693
|move|p1b: Volcarona|Fiery Dance|p2a: Annabelle
|-damage|p2a: Annabelle|0 fnt
|-boost|p1b: Volcarona|spa|1
|faint|p2a: Annabelle
|move|p2b: Dead Moon|Hyper Voice|p1b: Volcarona
|-damage|p1b: Volcarona|63/100
|
|upkeep
|
|t:|1757779696
|switch|p2a: Clawz|Sneasler, L50, M|100/100
|turn|8
|
|t:|1757779717
|move|p2a: Clawz|Close Combat|p1b: Volcarona
|-resisted|p1b: Volcarona
|-damage|p1b: Volcarona|32/100
|-unboost|p2a: Clawz|def|1
|-unboost|p2a: Clawz|spd|1
|-enditem|p1b: Volcarona|Sitrus Berry|[eat]
|-heal|p1b: Volcarona|57/100|[from] item: Sitrus Berry
|-enditem|p2a: Clawz|White Herb
|-clearnegativeboost|p2a: Clawz|[silent]
|move|p1b: Volcarona|Giga Drain|p2b: Dead Moon
|-supereffective|p2b: Dead Moon
|-damage|p2b: Dead Moon|0 fnt
|-heal|p1b: Volcarona|97/100|[from] drain|[of] p2b: Dead Moon
|faint|p2b: Dead Moon
|
|upkeep
|turn|9
|
|t:|1757779737
|move|p2a: Clawz|Dire Claw|p1b: Volcarona
|-damage|p1b: Volcarona|59/100
|-status|p2a: Clawz|brn|[from] ability: Flame Body|[of] p1b: Volcarona
|move|p1b: Volcarona|Fiery Dance|p2a: Clawz
|-damage|p2a: Clawz|0 fnt
|faint|p2a: Clawz
|
|win|Kampfstube
