|j|☆SoundsHurt
|j|☆ToastedArt
|html|SoundsHurtToastedArt    
|uhtml|bestof|Game 1 of a best-of-3
|t:|1785867863
|gametype|doubles
|player|p1|SoundsHurt|harlequin|1054
|player|p2|ToastedArt|iris|1025
|gen|9
|tier|[Gen 9 Champions] VGC 2026 Reg M-B (Bo3)
|rated|
|rule|Species Clause: Limit one of each Pokémon
|rule|Item Clause: Limit 1 of each item
|clearpoke
|poke|p1|Garchomp, L50, F|
|poke|p1|Eelektross, L50, F|
|poke|p1|Emolga, L50, F|
|poke|p1|Musharna, L50, F|
|poke|p1|Hawlucha, L50, M|
|poke|p1|Incineroar, L50, M|
|poke|p2|Staraptor, L50, M|
|poke|p2|Whimsicott, L50, M|
|poke|p2|Gholdengo, L50|
|poke|p2|Zoroark-Hisui, L50, M|
|poke|p2|Garchomp, L50, M|
|poke|p2|Volcarona, L50, M|
|teampreview|4
|showteam|p1|Garchomp||LifeOrb|RoughSkin|Earthquake,DragonClaw,RockSlide,Protect|Jolly||F|||50|]Eelektross||Eelektrossite|Levitate|Discharge,DragonPulse,GigaDrain,Protect|Modest||F|||50|]Emolga||ExpertBelt|MotorDrive|DualWingbeat,WildCharge,Taunt,Protect|Adamant||F|||50|]Musharna||Leftovers|Telepathy|CalmMind,Psychic,Moonlight,Protect|Bold||F|||50|]Hawlucha||Hawluchanite|MoldBreaker|CrossChop,StoneEdge,BraveBird,Protect|Jolly||M|||50|]Incineroar||SitrusBerry|Intimidate|FlareBlitz,DarkestLariat,FakeOut,PartingShot|Adamant||M|||50|
|showteam|p2|Staraptor||Staraptite|Intimidate|CloseCombat,DualWingbeat,Roost,Protect|Jolly||M|||50|]Whimsicott||OccaBerry|Prankster|Encore,Tailwind,Charm,EnergyBall|Timid||M|||50|]Gholdengo||ExpertBelt|GoodasGold|MakeItRain,ShadowBall,PowerGem,Protect|Modest|||||50|]Zoroark-Hisui||FocusSash|Illusion|BitterMalice,IcyWind,FocusBlast,FakeTears|Modest||M|||50|]Garchomp||LifeOrb|RoughSkin|Earthquake,DragonClaw,RockSlide,Protect|Jolly||M|||50|]Volcarona||SitrusBerry|FlameBody|Overheat,StruggleBug,RagePowder,Protect|Bold||M|||50|
|inactive|Battle timer is ON: inactive players will automatically lose when time's up. (requested by ToastedArt)
|inactive|SoundsHurt also wants the timer to be on.
|inactive|ToastedArt has 60 seconds left.
|inactive|ToastedArt has 30 seconds left.
|inactive|ToastedArt has 20 seconds left.
|inactive|ToastedArt has 15 seconds left.
|inactive|ToastedArt has 10 seconds left.
|
|t:|1785867946
|teamsize|p1|4
|teamsize|p2|4
|start
|switch|p1a: Incineroar|Incineroar, L50, M|100/100
|switch|p1b: Eelektross|Eelektross, L50, F|100/100
|switch|p2a: Garchomp|Garchomp, L50, M|100/100
|switch|p2b: Whimsicott|Whimsicott, L50, M|100/100
|-ability|p1a: Incineroar|Intimidate|boost
|-unboost|p2a: Garchomp|atk|1
|-unboost|p2b: Whimsicott|atk|1
|turn|1
|
|t:|1785867968
|detailschange|p1b: Eelektross|Eelektross-Mega, L50, F
|-mega|p1b: Eelektross|Eelektross|Eelektrossite
|move|p2a: Garchomp|Protect|p2a: Garchomp
|-singleturn|p2a: Garchomp|Protect
|move|p2b: Whimsicott|Tailwind|p2b: Whimsicott
|-sidestart|p2: ToastedArt|move: Tailwind
|move|p1b: Eelektross|Discharge|p2a: Garchomp|[spread] p1a,p2b
|-activate|p2a: Garchomp|move: Protect
|-resisted|p2b: Whimsicott|1
|-damage|p1a: Incineroar|63/100
|-damage|p2b: Whimsicott|75/100
|-status|p2b: Whimsicott|par
|move|p1a: Incineroar|Flare Blitz|p2b: Whimsicott
|-supereffective|p2b: Whimsicott|1
|-enditem|p2b: Whimsicott|Occa Berry|[eat]
|-enditem|p2b: Whimsicott|Occa Berry|[weaken]
|-damage|p2b: Whimsicott|0 fnt
|faint|p2b: Whimsicott
|-damage|p1a: Incineroar|43/100|[from] Recoil
|-enditem|p1a: Incineroar|Sitrus Berry|[eat]
|-heal|p1a: Incineroar|67/100|[from] item: Sitrus Berry
|
|upkeep
|
|t:|1785867992
|switch|p2b: Volcarona|Volcarona, L50, M|100/100
|turn|2
|
|t:|1785868007
|move|p1b: Eelektross|Protect|p1b: Eelektross
|-singleturn|p1b: Eelektross|Protect
|move|p2a: Garchomp|Dragon Claw|p1b: Eelektross
|-activate|p1b: Eelektross|move: Protect
|move|p2b: Volcarona|Struggle Bug|p1b: Eelektross|[spread] p1a
|-activate|p1b: Eelektross|move: Protect
|-damage|p1a: Incineroar|52/100
|-unboost|p1a: Incineroar|spa|1
|move|p1a: Incineroar|Flare Blitz|p2b: Volcarona
|-damage|p2b: Volcarona|42/100
|-enditem|p2b: Volcarona|Sitrus Berry|[eat]
|-heal|p2b: Volcarona|67/100|[from] item: Sitrus Berry
|-damage|p1a: Incineroar|34/100|[from] Recoil
|
|upkeep
|turn|3
|
|t:|1785868027
|switch|p1b: Musharna|Musharna, L50, F|100/100
|move|p2a: Garchomp|Earthquake|p1b: Musharna|[spread] p2b,p1a,p1b
|-supereffective|p1a: Incineroar|1
|-crit|p1b: Musharna
|-damage|p2b: Volcarona|34/100
|-damage|p1a: Incineroar|0 fnt
|-damage|p1b: Musharna|49/100
|faint|p1a: Incineroar
|-damage|p2a: Garchomp|90/100|[from] item: Life Orb
|move|p2b: Volcarona|Struggle Bug|p1b: Musharna
|-supereffective|p1b: Musharna|1
|-damage|p1b: Musharna|8/100
|-unboost|p1b: Musharna|spa|1
|
|-heal|p1b: Musharna|13/100|[from] item: Leftovers
|upkeep
|
|t:|1785868042
|switch|p1a: Garchomp|Garchomp, L50, F|100/100
|turn|4
|
|t:|1785868048
|move|p1a: Garchomp|Protect|p1a: Garchomp
|-singleturn|p1a: Garchomp|Protect
|move|p2a: Garchomp|Dragon Claw|p1a: Garchomp
|-activate|p1a: Garchomp|move: Protect
|move|p2b: Volcarona|Struggle Bug|p1b: Musharna|[spread] p1b
|-activate|p1a: Garchomp|move: Protect
|-supereffective|p1b: Musharna|1
|-damage|p1b: Musharna|0 fnt
|faint|p1b: Musharna
|
|-sideend|p2: ToastedArt|move: Tailwind
|upkeep
|
|t:|1785868058
|switch|p1b: Eelektross|Eelektross-Mega, L50, F|100/100
|turn|5
|
|t:|1785868066
|move|p2b: Volcarona|Rage Powder|p2b: Volcarona
|-singleturn|p2b: Volcarona|move: Rage Powder
|move|p2a: Garchomp|Dragon Claw|p1a: Garchomp
|-supereffective|p1a: Garchomp|1
|-damage|p1a: Garchomp|22/100
|-damage|p2a: Garchomp|77/100|[from] ability: Rough Skin|[of] p1a: Garchomp
|-damage|p2a: Garchomp|68/100|[from] item: Life Orb
|move|p1a: Garchomp|Rock Slide|p2a: Garchomp|[spread] p2a,p2b
|-resisted|p2a: Garchomp|1
|-supereffective|p2b: Volcarona|2
|-damage|p2a: Garchomp|54/100
|-damage|p2b: Volcarona|0 fnt
|faint|p2b: Volcarona
|-damage|p1a: Garchomp|12/100|[from] item: Life Orb
|move|p1b: Eelektross|Dragon Pulse|p2a: Garchomp
|-supereffective|p2a: Garchomp|1
|-damage|p2a: Garchomp|0 fnt
|faint|p2a: Garchomp
|-ability|p1b: Eelektross|Eelevate|boost
|-boost|p1b: Eelektross|spa|1
|
|upkeep
|
|t:|1785868073
|switch|p2b: Staraptor|Staraptor, L50, M|100/100
|-ability|p2b: Staraptor|Intimidate|boost
|-unboost|p1a: Garchomp|atk|1
|-unboost|p1b: Eelektross|atk|1
|turn|6
|-message|ToastedArt forfeited.
|
|win|SoundsHurt
