|j|â˜†pepethegoatscrote
|j|â˜†bighamsterbaseball
|html|pepethegoatscrotebighamsterbaseball    
|uhtml|bestof|Game 2 of a best-of-3
|t:|1784348808
|gametype|doubles
|player|p1|pepethegoatscrote|101|1167
|player|p2|bighamsterbaseball|pokemaniac|1131
|gen|9
|tier|[Gen 9 Champions] VGC 2026 Reg M-B (Bo3)
|rated|
|rule|Species Clause: Limit one of each PokÃ©mon
|rule|Item Clause: Limit 1 of each item
|clearpoke
|poke|p1|Charizard, L50, F|
|poke|p1|Aerodactyl, L50, M|
|poke|p1|Garchomp, L50, M|
|poke|p1|Sylveon, L50, F|
|poke|p1|Farigiraf, L50, M|
|poke|p1|Kingambit, L50, F|
|poke|p2|Scrafty, L50, F|
|poke|p2|Annihilape, L50, F|
|poke|p2|Maushold, L50|
|poke|p2|Ceruledge, L50, F|
|poke|p2|Ninetales-Alola, L50, F|
|poke|p2|Sinistcha, L50|
|teampreview|4
|showteam|p1|Charizard||CharizarditeY|Blaze|HeatWave,WeatherBall,SolarBeam,Protect|Modest||F|||50|]Aerodactyl||Aerodactylite|Unnerve|RockSlide,DualWingbeat,IceFang,Tailwind|Jolly||M|||50|]Garchomp||LifeOrb|RoughSkin|DragonClaw,Earthquake,RockSlide,Protect|Jolly||M|||50|]Sylveon||FairyFeather|Pixilate|HyperVoice,HyperBeam,QuickAttack,Detect|Modest||F|||50|]Farigiraf||SitrusBerry|ArmorTail|Psychic,Thunderbolt,TrickRoom,Protect|Bold||M|||50|]Kingambit||FocusSash|Defiant|KowtowCleave,IronHead,SuckerPunch,LowKick|Adamant||F|||50|
|showteam|p2|Scrafty||Scraftinite|Intimidate|FakeOut,DrainPunch,KnockOff,Coaching|Adamant||F|||50|]Annihilape||Leftovers|Defiant|RageFist,DrainPunch,BulkUp,Protect|Adamant||F|||50|]Maushold||FocusSash|FriendGuard|BeatUp,FollowMe,Taunt,Protect|Jolly|||||50|]Ceruledge||ColburBerry|FlashFire|BitterBlade,ShadowSneak,BulkUp,Protect|Adamant||F|||50|]Ninetales-Alola||NeverMeltIce|SnowWarning|Blizzard,Encore,Disable,Protect|Timid||F|||50|]Sinistcha||OccaBerry|Hospitality|MatchaGotcha,RagePowder,TrickRoom,LifeDew|Relaxed|||||50|
|inactive|Battle timer is ON: inactive players will automatically lose when time's up. (requested by pepethegoatscrote)
|inactiveoff|Battle timer is now OFF.
|inactive|Battle timer is ON: inactive players will automatically lose when time's up. (requested by pepethegoatscrote)
|
|t:|1784348884
|teamsize|p1|4
|teamsize|p2|4
|start
|switch|p1a: Charizard|Charizard, L50, F|100/100
|switch|p1b: Aerodactyl|Aerodactyl, L50, M|100/100
|switch|p2a: Scrafty|Scrafty, L50, F|100/100
|switch|p2b: Ceruledge|Ceruledge, L50, F|100/100
|-ability|p1b: Aerodactyl|Unnerve
|-ability|p2a: Scrafty|Intimidate|boost
|-unboost|p1a: Charizard|atk|1
|-unboost|p1b: Aerodactyl|atk|1
|turn|1
|
|t:|1784348908
|switch|p1b: Garchomp|Garchomp, L50, M|100/100
|detailschange|p2a: Scrafty|Scrafty-Mega, L50, F
|-mega|p2a: Scrafty|Scrafty|Scraftinite
|-ability|p2a: Scrafty|Intimidate|boost
|-unboost|p1a: Charizard|atk|1
|-unboost|p1b: Garchomp|atk|1
|move|p1a: Charizard|Protect|p1a: Charizard
|-singleturn|p1a: Charizard|Protect
|move|p2b: Ceruledge|Bulk Up|p2b: Ceruledge
|-boost|p2b: Ceruledge|atk|1
|-boost|p2b: Ceruledge|def|1
|move|p2a: Scrafty|Coaching|p2b: Ceruledge
|-boost|p2b: Ceruledge|atk|1
|-boost|p2b: Ceruledge|def|1
|
|upkeep
|turn|2
|inactive|bighamsterbaseball has 30 seconds left.
|c|â˜†pepethegoatscrote|rematch me once you gg me here lol
|
|t:|1784348942
|detailschange|p1a: Charizard|Charizard-Mega-Y, L50, F
|-mega|p1a: Charizard|Charizard|Charizardite Y
|-weather|SunnyDay|[from] ability: Drought|[of] p1a: Charizard
|move|p2b: Ceruledge|Protect|p2b: Ceruledge
|-singleturn|p2b: Ceruledge|Protect
|move|p1b: Garchomp|Earthquake|p2b: Ceruledge|[spread] p2a
|-activate|p2b: Ceruledge|move: Protect
|-immune|p1a: Charizard
|-damage|p2a: Scrafty|72/100
|-damage|p1b: Garchomp|90/100|[from] item: Life Orb
|move|p1a: Charizard|Weather Ball|p2a: Scrafty
|-damage|p2a: Scrafty|8/100
|move|p2a: Scrafty|Knock Off|p1b: Garchomp
|-damage|p1b: Garchomp|32/100
|-damage|p2a: Scrafty|0 fnt|[from] ability: Rough Skin|[of] p1b: Garchomp
|-enditem|p1b: Garchomp|Life Orb|[from] move: Knock Off|[of] p2a: Scrafty
|faint|p2a: Scrafty
|
|-weather|SunnyDay|[upkeep]
|upkeep
|
|t:|1784348956
|switch|p2a: Ninetales|Ninetales-Alola, L50, F|100/100
|-weather|Snowscape|[from] ability: Snow Warning|[of] p2a: Ninetales
|turn|3
|inactive|pepethegoatscrote has 30 seconds left.
|inactive|pepethegoatscrote has 20 seconds left.
|
|t:|1784348992
|move|p2b: Ceruledge|Shadow Sneak|p1a: Charizard
|-damage|p1a: Charizard|60/100
|move|p2a: Ninetales|Blizzard|p1b: Garchomp|[spread] p1a,p1b
|-supereffective|p1b: Garchomp|2
|-damage|p1a: Charizard|32/100
|-damage|p1b: Garchomp|0 fnt
|faint|p1b: Garchomp
|move|p1a: Charizard|Heat Wave|p2b: Ceruledge|[spread] p2a
|-start|p2b: Ceruledge|ability: Flash Fire
|-supereffective|p2a: Ninetales|1
|-damage|p2a: Ninetales|14/100
|
|-weather|Snowscape|[upkeep]
|upkeep
|
|t:|1784348998
|switch|p1b: Aerodactyl|Aerodactyl, L50, M|100/100
|-ability|p1b: Aerodactyl|Unnerve
|turn|4
|inactive|bighamsterbaseball has 30 seconds left.
|
|t:|1784349024
|move|p2a: Ninetales|Protect|p2a: Ninetales
|-singleturn|p2a: Ninetales|Protect
|move|p2b: Ceruledge|Shadow Sneak|p1b: Aerodactyl
|-damage|p1b: Aerodactyl|32/100
|move|p1b: Aerodactyl|Rock Slide|p2a: Ninetales|[spread] 
|-activate|p2a: Ninetales|move: Protect
|-miss|p1b: Aerodactyl|p2b: Ceruledge
|move|p1a: Charizard|Weather Ball|p2b: Ceruledge
|-resisted|p2b: Ceruledge|1
|-damage|p2b: Ceruledge|79/100
|
|-weather|Snowscape|[upkeep]
|upkeep
|turn|5
|
|t:|1784349042
|switch|p1b: Sylveon|Sylveon, L50, F|100/100
|move|p2b: Ceruledge|Shadow Sneak|p1b: Sylveon
|-damage|p1b: Sylveon|51/100
|move|p2a: Ninetales|Blizzard|p1b: Sylveon|[spread] p1a,p1b
|-damage|p1a: Charizard|4/100
|-damage|p1b: Sylveon|19/100
|move|p1a: Charizard|Heat Wave|p2b: Ceruledge|[spread] p2a
|-immune|p2b: Ceruledge|[from] ability: Flash Fire
|-supereffective|p2a: Ninetales|1
|-damage|p2a: Ninetales|0 fnt
|faint|p2a: Ninetales
|
|-weather|Snowscape|[upkeep]
|upkeep
|
|t:|1784349046
|switch|p2a: Sinistcha|Sinistcha, L50|100/100
|-heal|p2b: Ceruledge|100/100|[from] ability: Hospitality|[of] p2a: Sinistcha
|turn|6
|inactive|bighamsterbaseball has 30 seconds left.
|inactive|bighamsterbaseball has 20 seconds left.
|inactive|bighamsterbaseball has 15 seconds left.
|inactive|bighamsterbaseball has 10 seconds left.
|
|t:|1784349092
|move|p1b: Sylveon|Detect|p1b: Sylveon
|-singleturn|p1b: Sylveon|Protect
|move|p2b: Ceruledge|Shadow Sneak|p1b: Sylveon
|-activate|p1b: Sylveon|move: Protect
|move|p1a: Charizard|Weather Ball|p2b: Ceruledge
|-resisted|p2b: Ceruledge|1
|-damage|p2b: Ceruledge|82/100
|move|p2a: Sinistcha|Matcha Gotcha|p1a: Charizard|[spread] p1a
|-activate|p1b: Sylveon|move: Protect
|-resisted|p1a: Charizard|2
|-damage|p1a: Charizard|0 fnt
|faint|p1a: Charizard
|
|-weather|Snowscape|[upkeep]
|upkeep
|
|t:|1784349101
|switch|p1a: Aerodactyl|Aerodactyl, L50, M|32/100
|-ability|p1a: Aerodactyl|Unnerve
|turn|7
|
|t:|1784349107
|move|p2a: Sinistcha|Rage Powder|p2a: Sinistcha
|-singleturn|p2a: Sinistcha|move: Rage Powder
|move|p2b: Ceruledge|Shadow Sneak|p1a: Aerodactyl
|-damage|p1a: Aerodactyl|0 fnt
|faint|p1a: Aerodactyl
|move|p1b: Sylveon|Hyper Beam|p2a: Sinistcha
|-damage|p2a: Sinistcha|5/100
|-mustrecharge|p1b: Sylveon
|
|-weather|none
|upkeep
|turn|8
|
|t:|1784349118
|move|p2b: Ceruledge|Bitter Blade|p1b: Sylveon
|-damage|p1b: Sylveon|0 fnt
|-heal|p2b: Ceruledge|91/100|[from] drain|[of] p1b: Sylveon
|faint|p1b: Sylveon
|
|win|bighamsterbaseball
|raw|pepethegoatscrote's rating: 1167 → 1139(-28 for losing)
|raw|bighamsterbaseball's rating: 1131 → 1159(+28 for winning)
|l|â˜†pepethegoatscrote
|player|p1|
