|j|☆negaifreak
|j|☆Scobie
|html|negaifreakScobie    
|uhtml|bestof|Game 3 of a best-of-3
|t:|1756736435
|gametype|doubles
|player|p1|negaifreak|nate|1143
|player|p2|Scobie|veteran-gen4|1082
|gen|9
|tier|[Gen 9] VGC 2025 Reg H (Bo3)
|rated|
|rule|Species Clause: Limit one of each Pokémon
|rule|Item Clause: Limit 1 of each item
|clearpoke
|poke|p1|Archaludon, L50, M|
|poke|p1|Pelipper, L50, M|
|poke|p1|Grimmsnarl, L50, M|
|poke|p1|Maushold-Four, L50|
|poke|p1|Sinistcha, L50|
|poke|p1|Annihilape, L50, M|
|poke|p2|Incineroar, L50, M|
|poke|p2|Dragonite, L50, F|
|poke|p2|Archaludon, L50, M|
|poke|p2|Pelipper, L50, F|
|poke|p2|Maushold-Four, L50|
|poke|p2|Annihilape, L50, M|
|teampreview|4
|showteam|p1|Archaludon||AssaultVest|Stamina|ElectroShot,BodyPress,DragonPulse,FlashCannon|||M|||50|,,,,,Bug]Pelipper||FocusSash|Drizzle|Hurricane,Tailwind,WeatherBall,Protect|||M|||50|,,,,,Ghost]Grimmsnarl||LightClay|Prankster|SpiritBreak,LightScreen,Reflect,MistyTerrain|||M|||50|,,,,,Poison]Maushold-Four||SafetyGoggles|FriendGuard|Taunt,BeatUp,FollowMe,Protect||||||50|,,,,,Ghost]Sinistcha||SitrusBerry|Hospitality|MatchaGotcha,LifeDew,RagePowder,TrickRoom||||||50|,,,,,Fairy]Annihilape||Leftovers|Defiant|RageFist,DrainPunch,BulkUp,Protect|||M|||50|,,,,,Grass
|showteam|p2|Incineroar||SafetyGoggles|Intimidate|FakeOut,KnockOff,FlareBlitz,PartingShot|||M|||50|,,,,,Ghost]Dragonite||LoadedDice|Multiscale|ExtremeSpeed,Protect,Earthquake,ScaleShot|||F|||50|,,,,,Normal]Archaludon||AssaultVest|Stamina|DracoMeteor,FlashCannon,ElectroShot,BodyPress|||M|||50|,,,,,Grass]Pelipper||FocusSash|Drizzle|Tailwind,WeatherBall,Hurricane,Protect|||F|||50|,,,,,Grass]Maushold-Four||WideLens|Technician|Protect,PopulationBomb,FollowMe,Bite||||||50|,,,,,Ghost]Annihilape||ChoiceScarf|Defiant|DrainPunch,RageFist,FinalGambit,Coaching|||M|||50|,,,,,Water
|inactive|Battle timer is ON: inactive players will automatically lose when time's up. (requested by negaifreak)
|inactive|negaifreak has 60 seconds left.
|
|t:|1756736482
|teamsize|p1|4
|teamsize|p2|4
|start
|switch|p1a: Maushold|Maushold-Four, L50|100/100
|switch|p1b: Annihilape|Annihilape, L50, M|100/100
|switch|p2a: Archaludon|Archaludon, L50, M|100/100
|switch|p2b: Pelipper|Pelipper, L50, F|100/100
|-weather|RainDance|[from] ability: Drizzle|[of] p2b: Pelipper
|turn|1
|inactive|negaifreak has 30 seconds left.
|inactive|Scobie has 30 seconds left.
|inactive|negaifreak has 20 seconds left.
|inactive|negaifreak has 15 seconds left.
|
|t:|1756736523
|move|p1a: Maushold|Beat Up|p1b: Annihilape
|-crit|p1b: Annihilape
|-damage|p1b: Annihilape|97/100
|-damage|p1b: Annihilape|94/100
|-damage|p1b: Annihilape|92/100
|-damage|p1b: Annihilape|90/100
|-hitcount|p1b: Annihilape|4
|move|p1b: Annihilape|Rage Fist|p2a: Archaludon
|-damage|p2a: Archaludon|24/100
|-ability|p2a: Archaludon|Stamina|boost
|-boost|p2a: Archaludon|def|1
|move|p2b: Pelipper|Hurricane|p1b: Annihilape
|-supereffective|p1b: Annihilape
|-damage|p1b: Annihilape|31/100
|move|p2a: Archaludon|Draco Meteor|p1b: Annihilape
|-damage|p1b: Annihilape|0 fnt
|-unboost|p2a: Archaludon|spa|2
|faint|p1b: Annihilape
|
|-weather|RainDance|[upkeep]
|upkeep
|
|t:|1756736544
|switch|p1b: Archaludon|Archaludon, L50, M|100/100
|turn|2
|
|t:|1756736562
|move|p1a: Maushold|Beat Up|p2b: Pelipper
|-damage|p2b: Pelipper|97/100
|-damage|p2b: Pelipper|93/100
|-damage|p2b: Pelipper|90/100
|-hitcount|p2b: Pelipper|3
|move|p2b: Pelipper|Tailwind|p2b: Pelipper
|-sidestart|p2: Scobie|move: Tailwind
|move|p2a: Archaludon|Body Press|p1b: Archaludon
|-supereffective|p1b: Archaludon
|-damage|p1b: Archaludon|58/100
|-ability|p1b: Archaludon|Stamina|boost
|-boost|p1b: Archaludon|def|1
|move|p1b: Archaludon|Electro Shot||[still]
|-prepare|p1b: Archaludon|Electro Shot
|-boost|p1b: Archaludon|spa|1
|-anim|p1b: Archaludon|Electro Shot|p2b: Pelipper
|-supereffective|p2b: Pelipper
|-damage|p2b: Pelipper|0 fnt
|faint|p2b: Pelipper
|
|-weather|RainDance|[upkeep]
|upkeep
|
|t:|1756736580
|switch|p2b: Maushold|Maushold-Four, L50|100/100
|turn|3
|inactive|negaifreak has 30 seconds left.
|inactive|negaifreak has 20 seconds left.
|inactive|negaifreak has 15 seconds left.
|inactive|negaifreak has 10 seconds left.
|
|t:|1756736630
|move|p2b: Maushold|Population Bomb|p1b: Archaludon
|-resisted|p1b: Archaludon
|-crit|p1b: Archaludon
|-damage|p1b: Archaludon|55/100
|-ability|p1b: Archaludon|Stamina|boost
|-boost|p1b: Archaludon|def|1
|-resisted|p1b: Archaludon
|-damage|p1b: Archaludon|53/100
|-ability|p1b: Archaludon|Stamina|boost
|-boost|p1b: Archaludon|def|1
|-resisted|p1b: Archaludon
|-damage|p1b: Archaludon|52/100
|-ability|p1b: Archaludon|Stamina|boost
|-boost|p1b: Archaludon|def|1
|-resisted|p1b: Archaludon
|-damage|p1b: Archaludon|52/100
|-ability|p1b: Archaludon|Stamina|boost
|-boost|p1b: Archaludon|def|1
|-resisted|p1b: Archaludon
|-damage|p1b: Archaludon|51/100
|-ability|p1b: Archaludon|Stamina|boost
|-boost|p1b: Archaludon|def|1
|-resisted|p1b: Archaludon
|-damage|p1b: Archaludon|51/100
|-resisted|p1b: Archaludon
|-damage|p1b: Archaludon|50/100
|-resisted|p1b: Archaludon
|-damage|p1b: Archaludon|50/100
|-resisted|p1b: Archaludon
|-damage|p1b: Archaludon|49/100
|-resisted|p1b: Archaludon
|-damage|p1b: Archaludon|49/100
|-hitcount|p1b: Archaludon|10
|move|p2a: Archaludon|Body Press|p1b: Archaludon
|-supereffective|p1b: Archaludon
|-damage|p1b: Archaludon|38/100
|move|p1a: Maushold|Taunt|p2b: Maushold
|-start|p2b: Maushold|move: Taunt
|move|p1b: Archaludon|Electro Shot||[still]
|-prepare|p1b: Archaludon|Electro Shot
|-boost|p1b: Archaludon|spa|1
|-anim|p1b: Archaludon|Electro Shot|p2b: Maushold
|-damage|p2b: Maushold|0 fnt
|faint|p2b: Maushold
|
|-weather|RainDance|[upkeep]
|upkeep
|
|t:|1756736637
|switch|p2b: Dragonite|Dragonite, L50, F|100/100
|turn|4
|inactive|negaifreak has 30 seconds left.
|inactive|negaifreak has 20 seconds left.
|inactive|negaifreak has 15 seconds left.
|inactive|negaifreak has 10 seconds left.
|
|t:|1756736683
|move|p1a: Maushold|Follow Me|p1a: Maushold
|-singleturn|p1a: Maushold|move: Follow Me
|move|p2b: Dragonite|Scale Shot|p1a: Maushold
|-damage|p1a: Maushold|81/100
|-damage|p1a: Maushold|63/100
|-damage|p1a: Maushold|42/100
|-damage|p1a: Maushold|21/100
|-hitcount|p1a: Maushold|4
|-unboost|p2b: Dragonite|def|1
|-boost|p2b: Dragonite|spe|1
|move|p2a: Archaludon|Draco Meteor|p1a: Maushold|[miss]
|-miss|p2a: Archaludon|p1a: Maushold
|move|p1b: Archaludon|Body Press|p2a: Archaludon
|-supereffective|p2a: Archaludon
|-damage|p2a: Archaludon|0 fnt
|faint|p2a: Archaludon
|
|-weather|RainDance|[upkeep]
|upkeep
|turn|5
|c|☆Scobie|gg
|inactive|negaifreak has 30 seconds left.
|c|☆negaifreak|GG, sorry about the Draco miss
|inactive|negaifreak has 20 seconds left.
|inactive|negaifreak has 15 seconds left.
|c|☆negaifreak|I too hate moves that aren't 100% accurate
|inactive|negaifreak has 10 seconds left.
|inactive|negaifreak has 5 seconds left.
|
|t:|1756736736
|move|p1a: Maushold|Follow Me|p1a: Maushold
|-singleturn|p1a: Maushold|move: Follow Me
|move|p2b: Dragonite|Earthquake|p1a: Maushold|[spread] p1a,p1b
|-supereffective|p1b: Archaludon
|-damage|p1a: Maushold|0 fnt
|-damage|p1b: Archaludon|30/100
|faint|p1a: Maushold
|move|p1b: Archaludon|Electro Shot||[still]
|-prepare|p1b: Archaludon|Electro Shot
|-boost|p1b: Archaludon|spa|1
|-anim|p1b: Archaludon|Electro Shot|p2b: Dragonite
|-damage|p2b: Dragonite|39/100
|
|-weather|none
|-sideend|p2: Scobie|move: Tailwind
|upkeep
|c|☆Scobie|I think I lost either way. The population bomb was a misclick into Arch
|
|t:|1756736749
|switch|p1a: Sinistcha|Sinistcha, L50|100/100
|-heal|p1b: Archaludon|55/100|[from] ability: Hospitality|[of] p1a: Sinistcha
|turn|6
|
|t:|1756736760
|-terastallize|p2b: Dragonite|Normal
|-terastallize|p1b: Archaludon|Bug
|move|p2b: Dragonite|Scale Shot|p1b: Archaludon
|-damage|p1b: Archaludon|52/100
|-damage|p1b: Archaludon|49/100
|-damage|p1b: Archaludon|45/100
|-damage|p1b: Archaludon|42/100
|-damage|p1b: Archaludon|39/100
|-hitcount|p1b: Archaludon|5
|-unboost|p2b: Dragonite|def|1
|-boost|p2b: Dragonite|spe|1
|move|p1b: Archaludon|Dragon Pulse|p2b: Dragonite
|-damage|p2b: Dragonite|0 fnt
|faint|p2b: Dragonite
|
|win|negaifreak
|raw|negaifreak's rating: 1143 → 1164(+21 for winning)
|raw|Scobie's rating: 1082 → 1064(-18 for losing)
|c|☆negaifreak|Believe it or not, I was thinking about going Tera Bug there
|c|☆negaifreak|So it really could've gone either way
|c|☆Scobie|Unless I got a crit, I think your Arch was fine
|c|☆negaifreak|I do need to think about speed investment on my Arch though
|c|☆negaifreak|I've lost to others who're faster than my Pelipper, too
|c|☆Scobie|How much do you currently have in it?
|c|☆negaifreak|Not much
|c|☆negaifreak|I have 28 EVs in speed and I'm Modest
|c|☆Scobie|Same
|c|☆Scobie|I've not seen any FAST Arch
|c|☆negaifreak|Yeah, normally they're focused on Sp. Atk and Def
|c|☆negaifreak|And Sp. Def with the Assault Vest
|c|☆Scobie|I think I might steal your Sinistcha. because of the amount of Defient Mons I am coming across, I am hardly bringing Incin
|c|☆negaifreak|Yeah, Kingambit and Annihilape are Reg H monsters
|c|☆Scobie|Yeh, and we love them all the same
|c|☆negaifreak|Well, you can go ahead and grab a Sinistcha, I'm gonna continue until I'm up to 9 full sets with this team today
