|j|☆AngelLRG18
|j|☆lolgz
|html|AngelLRG18lolgz    
|uhtml|bestof|Game 1 of a best-of-3
|t:|1782273492
|gametype|doubles
|player|p1|AngelLRG18|101|1210
|player|p2|lolgz|dawn|1205
|gen|9
|tier|[Gen 9 Champions] VGC 2026 Reg M-B (Bo3)
|rated|
|rule|Species Clause: Limit one of each Pokémon
|rule|Item Clause: Limit 1 of each item
|clearpoke
|poke|p1|Swampert, L50, M|
|poke|p1|Pelipper, L50, F|
|poke|p1|Archaludon, L50, F|
|poke|p1|Metagross, L50|
|poke|p1|Sinistcha, L50|
|poke|p1|Grimmsnarl, L50, M|
|poke|p2|Torkoal, L50, M|
|poke|p2|Vileplume, L50, F|
|poke|p2|Farigiraf, L50, M|
|poke|p2|Scrafty, L50, F|
|poke|p2|Gallade, L50, M|
|poke|p2|Mawile, L50, M|
|teampreview|4
|showteam|p1|Swampert||Swampertite|Damp|Protect,IcePunch,Earthquake,WaveCrash|Adamant||M|||50|]Pelipper||FocusSash|Drizzle|WideGuard,Tailwind,Hurricane,WeatherBall|Timid||F|||50|]Archaludon||Leftovers|Stamina|Protect,FlashCannon,DragonPulse,ElectroShot|Modest||F|||50|]Metagross||Metagrossite|ClearBody|Protect,BodyPress,IcePunch,PsychicFangs|Jolly|||||50|]Sinistcha||ColburBerry|Hospitality|Protect,LifeDew,RagePowder,MatchaGotcha|Relaxed|||||50|]Grimmsnarl||LightClay|Prankster|PartingShot,Reflect,LightScreen,FoulPlay|Careful||M|||50|
|showteam|p2|Torkoal||Charcoal|Drought|Eruption,WeatherBall,EarthPower,Protect|Quiet||M|||50|]Vileplume||FocusSash|Chlorophyll|EnergyBall,SludgeBomb,SleepPowder,AfterYou|Timid||F|||50|]Farigiraf||SitrusBerry|ArmorTail|TrickRoom,Protect,Psychic,HelpingHand|Bold||M|||50|]Scrafty||Scraftinite|Intimidate|CloseCombat,KnockOff,FakeOut,RockSlide|Brave||F|||50|]Gallade||IronBall|Sharpness|SacredSword,PsychoCut,WideGuard,TrickRoom|Brave||M|||50|]Mawile||Mawilite|Intimidate|SuckerPunch,PlayRough,SwordsDance,Protect|Brave||M|||50|
|inactive|Battle timer is ON: inactive players will automatically lose when time's up. (requested by lolgz)
|inactive|AngelLRG18 has 60 seconds left.
|inactive|lolgz has 60 seconds left.
|inactive|lolgz has 30 seconds left.
|
|t:|1782273560
|teamsize|p1|4
|teamsize|p2|4
|start
|switch|p1a: Grimmsnarl|Grimmsnarl, L50, M|100/100
|switch|p1b: Swampert|Swampert, L50, M|100/100
|switch|p2a: Farigiraf|Farigiraf, L50, M|100/100
|switch|p2b: Scrafty|Scrafty, L50, F|100/100
|-ability|p2b: Scrafty|Intimidate|boost
|-unboost|p1a: Grimmsnarl|atk|1
|-unboost|p1b: Swampert|atk|1
|turn|1
|inactive|AngelLRG18 has 30 seconds left.
|
|t:|1782273592
|detailschange|p1b: Swampert|Swampert-Mega, L50, M
|-mega|p1b: Swampert|Swampert|Swampertite
|detailschange|p2b: Scrafty|Scrafty-Mega, L50, F
|-mega|p2b: Scrafty|Scrafty|Scraftinite
|-ability|p2b: Scrafty|Intimidate|boost
|-unboost|p1a: Grimmsnarl|atk|1
|-unboost|p1b: Swampert|atk|1
|move|p2b: Scrafty|Fake Out|p1a: Grimmsnarl
|-damage|p1a: Grimmsnarl|82/100
|cant|p1a: Grimmsnarl|flinch
|move|p1b: Swampert|Wave Crash|p2a: Farigiraf
|-damage|p2a: Farigiraf|74/100
|-damage|p1b: Swampert|90/100|[from] Recoil
|move|p2a: Farigiraf|Trick Room|p2a: Farigiraf
|-fieldstart|move: Trick Room|[of] p2a: Farigiraf
|
|upkeep
|turn|2
|
|t:|1782273612
|switch|p1b: Pelipper|Pelipper, L50, F|100/100
|-weather|RainDance|[from] ability: Drizzle|[of] p1b: Pelipper
|move|p2a: Farigiraf|Helping Hand|p2b: Scrafty
|-singleturn|p2b: Scrafty|Helping Hand|[of] p2a: Farigiraf
|move|p1a: Grimmsnarl|Reflect|p1a: Grimmsnarl
|-sidestart|p1: AngelLRG18|Reflect
|move|p2b: Scrafty|Close Combat|p1a: Grimmsnarl
|-damage|p1a: Grimmsnarl|1/100
|-unboost|p2b: Scrafty|def|1
|-unboost|p2b: Scrafty|spd|1
|
|-weather|RainDance|[upkeep]
|upkeep
|turn|3
|inactive|AngelLRG18 has 30 seconds left.
|
|t:|1782273641
|switch|p2b: Gallade|Gallade, L50, M|100/100
|move|p1a: Grimmsnarl|Light Screen|p1a: Grimmsnarl
|-sidestart|p1: AngelLRG18|move: Light Screen
|move|p2a: Farigiraf|Psychic|p1b: Pelipper
|-damage|p1b: Pelipper|67/100
|move|p1b: Pelipper|Weather Ball|p2a: Farigiraf
|-damage|p2a: Farigiraf|24/100
|-enditem|p2a: Farigiraf|Sitrus Berry|[eat]
|-heal|p2a: Farigiraf|48/100|[from] item: Sitrus Berry
|
|-weather|RainDance|[upkeep]
|upkeep
|turn|4
|
|t:|1782273660
|move|p2b: Gallade|Psycho Cut|p1b: Pelipper
|-damage|p1b: Pelipper|25/100
|move|p1a: Grimmsnarl|Foul Play|p2b: Gallade
|-damage|p2b: Gallade|28/100
|move|p2a: Farigiraf|Psychic|p1b: Pelipper
|-damage|p1b: Pelipper|0 fnt
|faint|p1b: Pelipper
|
|-weather|RainDance|[upkeep]
|upkeep
|
|t:|1782273669
|switch|p1b: Archaludon|Archaludon, L50, F|100/100
|turn|5
|
|t:|1782273683
|move|p2a: Farigiraf|Helping Hand|p2b: Gallade
|-singleturn|p2b: Gallade|Helping Hand|[of] p2a: Farigiraf
|move|p1b: Archaludon|Protect|p1b: Archaludon
|-singleturn|p1b: Archaludon|Protect
|move|p2b: Gallade|Sacred Sword|p1b: Archaludon
|-activate|p1b: Archaludon|move: Protect
|move|p1a: Grimmsnarl|Foul Play|p2b: Gallade
|-damage|p2b: Gallade|0 fnt
|faint|p2b: Gallade
|
|-weather|RainDance|[upkeep]
|-fieldend|move: Trick Room
|upkeep
|
|t:|1782273698
|switch|p2b: Torkoal|Torkoal, L50, M|100/100
|-weather|SunnyDay|[from] ability: Drought|[of] p2b: Torkoal
|turn|6
|
|t:|1782273717
|move|p1a: Grimmsnarl|Parting Shot||[still]
|cant|p2a: Farigiraf|ability: Armor Tail|Parting Shot|[of] p1a: Grimmsnarl
|move|p1b: Archaludon|Dragon Pulse|p2b: Torkoal
|-damage|p2b: Torkoal|33/100
|move|p2b: Torkoal|Eruption|p1b: Archaludon|[spread] p1a,p1b
|-damage|p1a: Grimmsnarl|0 fnt
|-damage|p1b: Archaludon|80/100
|-ability|p1b: Archaludon|Stamina|boost
|-boost|p1b: Archaludon|def|1
|faint|p1a: Grimmsnarl
|move|p2a: Farigiraf|Trick Room|p2a: Farigiraf
|-fieldstart|move: Trick Room|[of] p2a: Farigiraf
|
|-weather|SunnyDay|[upkeep]
|-heal|p1b: Archaludon|85/100|[from] item: Leftovers
|upkeep
|
|t:|1782273727
|switch|p1a: Swampert|Swampert-Mega, L50, M|90/100
|turn|7
|
|t:|1782273741
|move|p2a: Farigiraf|Helping Hand|p2b: Torkoal
|-singleturn|p2b: Torkoal|Helping Hand|[of] p2a: Farigiraf
|move|p1b: Archaludon|Protect|p1b: Archaludon
|-singleturn|p1b: Archaludon|Protect
|move|p2b: Torkoal|Weather Ball|p1b: Archaludon
|-activate|p1b: Archaludon|move: Protect
|move|p1a: Swampert|Earthquake|p2b: Torkoal|[spread] p2a,p2b
|-activate|p1b: Archaludon|move: Protect
|-supereffective|p2b: Torkoal|1
|-damage|p2a: Farigiraf|16/100
|-damage|p2b: Torkoal|0 fnt
|faint|p2b: Torkoal
|
|-weather|SunnyDay|[upkeep]
|-heal|p1b: Archaludon|91/100|[from] item: Leftovers
|upkeep
|
|t:|1782273745
|switch|p2b: Scrafty|Scrafty-Mega, L50, F|100/100
|-ability|p2b: Scrafty|Intimidate|boost
|-unboost|p1a: Swampert|atk|1
|-unboost|p1b: Archaludon|atk|1
|turn|8
|inactive|AngelLRG18 has 30 seconds left.
|
|t:|1782273777
|move|p2b: Scrafty|Close Combat|p1a: Swampert
|-damage|p1a: Swampert|50/100g
|-unboost|p2b: Scrafty|def|1
|-unboost|p2b: Scrafty|spd|1
|move|p2a: Farigiraf|Psychic|p1a: Swampert
|-damage|p1a: Swampert|33/100
|move|p1b: Archaludon|Dragon Pulse|p2b: Scrafty
|-damage|p2b: Scrafty|48/100
|move|p1a: Swampert|Ice Punch|p2a: Farigiraf
|-damage|p2a: Farigiraf|2/100
|
|-weather|SunnyDay|[upkeep]
|-heal|p1b: Archaludon|97/100|[from] item: Leftovers
|upkeep
|turn|9
|inactive|AngelLRG18 has 30 seconds left.
|
|t:|1782273804
|move|p2b: Scrafty|Knock Off|p1a: Swampert
|-damage|p1a: Swampert|14/100
|move|p2a: Farigiraf|Psychic|p1a: Swampert
|-damage|p1a: Swampert|0 fnt
|faint|p1a: Swampert
|move|p1b: Archaludon|Dragon Pulse|p2b: Scrafty
|-damage|p2b: Scrafty|0 fnt
|faint|p2b: Scrafty
|
|-weather|SunnyDay|[upkeep]
|-heal|p1b: Archaludon|100/100|[from] item: Leftovers
|-sideend|p1: AngelLRG18|Reflect
|upkeep
|turn|10
|-message|lolgz forfeited.
|
|win|AngelLRG18
