|j|☆lolgz
|j|‽Zetababy3
|html|lolgzZetababy3    
|uhtml|bestof|Game 1 of a best-of-3
|t:|1784605218
|gametype|doubles
|player|p1|lolgz|dawn|1102
|player|p2|Zetababy3|266|1144
|gen|9
|tier|[Gen 9 Champions] VGC 2026 Reg M-B (Bo3)
|rated|
|rule|Species Clause: Limit one of each Pokémon
|rule|Item Clause: Limit 1 of each item
|clearpoke
|poke|p1|Blastoise, L50, F|
|poke|p1|Vivillon, L50, F|
|poke|p1|Farigiraf, L50, F|
|poke|p1|Gallade, L50, M|
|poke|p1|Kingambit, L50, M|
|poke|p1|Camerupt, L50, F|
|poke|p2|Charizard, L50, M|
|poke|p2|Whimsicott, L50, M|
|poke|p2|Sneasler, L50, F|
|poke|p2|Kingambit, L50, M|
|poke|p2|Dragapult, L50, M|
|poke|p2|Grimmsnarl, L50, M|
|teampreview|4
|showteam|p1|Blastoise||Blastoisinite|Torrent|WaterSpout,DarkPulse,FakeOut,ShellSmash|Modest||F|||50|]Vivillon||ChoiceScarf|CompoundEyes|SleepPowder,RagePowder,Tailwind,Hurricane|Timid||F|||50|]Farigiraf||SitrusBerry|ArmorTail|TrickRoom,Psychic,HelpingHand,Protect|Relaxed||F|||50|]Gallade||IronBall|Sharpness|SacredSword,PsychoCut,LeafBlade,TrickRoom|Brave||M|||50|]Kingambit||BlackGlasses|Defiant|SuckerPunch,KowtowCleave,IronHead,Protect|Brave||M|||50|]Camerupt||Cameruptite|MagmaArmor|HeatWave,EarthPower,AncientPower,Protect|Quiet||F|||50|
|showteam|p2|Charizard||CharizarditeY|SolarPower|Protect,HeatWave,WeatherBall,SolarBeam|Timid||M|||50|]Whimsicott||FocusSash|Prankster|FakeTears,Moonblast,Tailwind,Encore|Timid||M|||50|]Sneasler||WhiteHerb|Unburden|DireClaw,FakeOut,CloseCombat,Taunt|Jolly||F|||50|]Kingambit||BlackGlasses|SupremeOverlord|KowtowCleave,SuckerPunch,LowKick,IronHead|Jolly||M|||50|]Dragapult||LifeOrb|ClearBody|PhantomForce,DragonDarts,DragonDance,Protect|Adamant||M|||50|]Grimmsnarl||LightClay|Prankster|PartingShot,LightScreen,Reflect,SpiritBreak|Careful||M|||50|
|inactive|Battle timer is ON: inactive players will automatically lose when time's up. (requested by lolgz)
|inactive|lolgz has 60 seconds left.
|inactive|Zetababy3 has 60 seconds left.
|
|t:|1784605262
|teamsize|p1|4
|teamsize|p2|4
|start
|switch|p1a: Farigiraf|Farigiraf, L50, F|100/100
|switch|p1b: Gallade|Gallade, L50, M|100/100
|switch|p2a: Sneasler|Sneasler, L50, F|100/100
|switch|p2b: Dragapult|Dragapult, L50, M|100/100
|turn|1
|inactive|Zetababy3 has 30 seconds left.
|
|t:|1784605289
|move|p1a: Farigiraf|Protect|p1a: Farigiraf
|-singleturn|p1a: Farigiraf|Protect
|move|p2b: Dragapult|Phantom Force||[still]
|-prepare|p2b: Dragapult|Phantom Force
|move|p2a: Sneasler|Taunt|p1a: Farigiraf
|-activate|p1a: Farigiraf|move: Protect
|move|p1b: Gallade|Trick Room|p1b: Gallade
|-fieldstart|move: Trick Room|[of] p1b: Gallade
|
|upkeep
|turn|2
|
|t:|1784605303
|move|p1b: Gallade|Psycho Cut|p2b: Dragapult|[miss]
|-miss|p1b: Gallade|p2b: Dragapult
|move|p1a: Farigiraf|Psychic|p2a: Sneasler
|-supereffective|p2a: Sneasler|2
|-damage|p2a: Sneasler|0 fnt
|faint|p2a: Sneasler
|move|p2b: Dragapult|Phantom Force|p1b: Gallade|[from] lockedmove
|-supereffective|p1b: Gallade|1
|-damage|p1b: Gallade|0 fnt
|faint|p1b: Gallade
|-damage|p2b: Dragapult|90/100|[from] item: Life Orb
|
|upkeep
|
|t:|1784605316
|switch|p1b: Camerupt|Camerupt, L50, F|100/100
|switch|p2a: Kingambit|Kingambit, L50, M|100/100
|-activate|p2a: Kingambit|ability: Supreme Overlord
|-start|p2a: Kingambit|fallen1|[silent]
|turn|3
|
|t:|1784605324
|-end|p2a: Kingambit|fallen1|[silent]
|switch|p2a: Charizard|Charizard, L50, M|100/100
|detailschange|p1b: Camerupt|Camerupt-Mega, L50, F
|-mega|p1b: Camerupt|Camerupt|Cameruptite
|move|p1a: Farigiraf|Helping Hand|p1b: Camerupt
|-singleturn|p1b: Camerupt|Helping Hand|[of] p1a: Farigiraf
|move|p1b: Camerupt|Heat Wave|p2b: Dragapult|[spread] p2a,p2b
|-resisted|p2a: Charizard|1
|-resisted|p2b: Dragapult|1
|-damage|p2a: Charizard|43/100
|-damage|p2b: Dragapult|36/100
|move|p2b: Dragapult|Phantom Force||[still]
|-prepare|p2b: Dragapult|Phantom Force
|
|upkeep
|turn|4
|
|t:|1784605343
|move|p1b: Camerupt|Heat Wave|p2b: Dragapult|[spread] p2a
|-miss|p1b: Camerupt|p2b: Dragapult
|-resisted|p2a: Charizard|1
|-damage|p2a: Charizard|5/100
|move|p1a: Farigiraf|Psychic|p2b: Dragapult|[miss]
|-miss|p1a: Farigiraf|p2b: Dragapult
|move|p2a: Charizard|Heat Wave|p1a: Farigiraf|[spread] p1a,p1b
|-resisted|p1b: Camerupt|1
|-damage|p1a: Farigiraf|70/100
|-damage|p1b: Camerupt|86/100
|move|p2b: Dragapult|Phantom Force|p1b: Camerupt|[from] lockedmove
|-damage|p1b: Camerupt|24/100
|-damage|p2b: Dragapult|26/100|[from] item: Life Orb
|
|upkeep
|turn|5
|
|t:|1784605361
|move|p2a: Charizard|Protect|p2a: Charizard
|-singleturn|p2a: Charizard|Protect
|move|p2b: Dragapult|Protect|p2b: Dragapult
|-singleturn|p2b: Dragapult|Protect
|move|p1b: Camerupt|Heat Wave|p2a: Charizard|[spread] 
|-activate|p2a: Charizard|move: Protect
|-activate|p2b: Dragapult|move: Protect
|move|p1a: Farigiraf|Psychic|p2b: Dragapult
|-activate|p2b: Dragapult|move: Protect
|
|-fieldend|move: Trick Room
|upkeep
|turn|6
|
|t:|1784605377
|detailschange|p2a: Charizard|Charizard-Mega-Y, L50, M
|-mega|p2a: Charizard|Charizard|Charizardite Y
|-weather|SunnyDay|[from] ability: Drought|[of] p2a: Charizard
|move|p2b: Dragapult|Dragon Darts|p1a: Farigiraf
|-damage|p1a: Farigiraf|43/100
|-enditem|p1a: Farigiraf|Sitrus Berry|[eat]
|-heal|p1a: Farigiraf|67/100|[from] item: Sitrus Berry
|-anim|p2b: Dragapult|Dragon Darts|p1b: Camerupt
|-damage|p1b: Camerupt|0 fnt
|faint|p1b: Camerupt
|-damage|p2b: Dragapult|16/100|[from] item: Life Orb
|move|p2a: Charizard|Weather Ball|p1a: Farigiraf
|-damage|p1a: Farigiraf|0 fnt
|faint|p1a: Farigiraf
|
|-weather|SunnyDay|[upkeep]
|upkeep
|
|t:|1784605380
|switch|p1b: Kingambit|Kingambit, L50, M|100/100
|turn|7
|-message|lolgz forfeited.
|
|win|Zetababy3
