|j|☆bruinbroker01
|j|☆hermit5
|html|bruinbroker01hermit5    
|uhtml|bestof|Game 2 of a best-of-3
|t:|1756405559
|gametype|doubles
|player|p1|bruinbroker01|2|1012
|player|p2|hermit5|red|1095
|gen|9
|tier|[Gen 9] VGC 2025 Reg H (Bo3)
|rated|
|rule|Species Clause: Limit one of each Pokémon
|rule|Item Clause: Limit 1 of each item
|clearpoke
|poke|p1|Primarina, L50, F|
|poke|p1|Sylveon, L50, M|
|poke|p1|Indeedee, L50, M|
|poke|p1|Meowscarada, L50, F|
|poke|p1|Sneasler, L50, M|
|poke|p1|Decidueye-Hisui, L50, F|
|poke|p2|Dragonite, L50, F|
|poke|p2|Sneasler, L50, F|
|poke|p2|Incineroar, L50, F|
|poke|p2|Archaludon, L50, M|
|poke|p2|Basculegion, L50, M|
|poke|p2|Murkrow, L50, M|
|teampreview|4
|showteam|p1|Primarina||LifeOrb|LiquidVoice|WaterPledge,HyperVoice,Moonblast,Protect|||F|||50|,,,,,Steel]Sylveon||ChoiceSpecs|Pixilate|HyperVoice,ShadowBall,HyperBeam,Psychic|||M|||50|,,,,,Ghost]Indeedee||SafetyGoggles|PsychicSurge|ExpandingForce,TeraBlast,TrickRoom,Imprison|||M|||50|,,,,,Fire]Meowscarada||FocusSash|Overgrow|KnockOff,FlowerTrick,Protect,GrassPledge|||F|||50|,,,,,Fairy]Sneasler||PsychicSeed|Unburden|DireClaw,Acrobatics,CloseCombat,Protect|||M|||50|,,,,,Grass]Decidueye-Hisui||RazorClaw|Scrappy|TripleArrows,Haze,LeafBlade,Protect|||F|||50|,,,,,Fire
|showteam|p2|Dragonite||LoadedDice|Multiscale|ScaleShot,Protect,Haze,ExtremeSpeed|||F|||50|,,,,,Fairy]Sneasler||FocusSash|PoisonTouch|Coaching,CloseCombat,DireClaw,Protect|||F|||50|,,,,,Flying]Incineroar||SafetyGoggles|Intimidate|FakeOut,KnockOff,FlareBlitz,PartingShot|||F|||50|,,,,,Ghost]Archaludon||AssaultVest|Stamina|ElectroShot,BodyPress,FlashCannon,DracoMeteor|||M|||50|,,,,,Grass]Basculegion||ClearAmulet|SwiftSwim|WaveCrash,Crunch,TeraBlast,Protect|||M|||50|,,,,,Grass]Murkrow||Eviolite|Prankster|FoulPlay,RainDance,Tailwind,Protect|||M|||50|,,,,,Dark
|inactive|Battle timer is ON: inactive players will automatically lose when time's up. (requested by bruinbroker01)
|
|t:|1756405584
|teamsize|p1|4
|teamsize|p2|4
|start
|switch|p1a: Primarina|Primarina, L50, F, shiny|100/100
|switch|p1b: Meowscarada|Meowscarada, L50, F, shiny|100/100
|switch|p2a: Dragonite|Dragonite, L50, F, shiny|100/100
|switch|p2b: Sneasler|Sneasler, L50, F|100/100
|turn|1
|
|t:|1756405602
|switch|p2a: Archaludon|Archaludon, L50, M|100/100
|-terastallize|p1b: Meowscarada|Fairy
|move|p1b: Meowscarada|Grass Pledge|p2b: Sneasler
|-waiting|p1b: Meowscarada|p1a: Primarina
|move|p1a: Primarina|Water Pledge|p2b: Sneasler|[from] move: Grass Pledge
|-combine
|-resisted|p2b: Sneasler
|-damage|p2b: Sneasler|27/100
|-sidestart|p2: hermit5|Grass Pledge
|-damage|p1a: Primarina|91/100|[from] item: Life Orb
|move|p2b: Sneasler|Dire Claw|p1b: Meowscarada
|-supereffective|p1b: Meowscarada
|-enditem|p1b: Meowscarada|Focus Sash
|-damage|p1b: Meowscarada|1/100
|
|upkeep
|turn|2
|
|t:|1756405626
|switch|p2b: Basculegion|Basculegion, L50, M|100/100
|move|p1b: Meowscarada|Knock Off|p2a: Archaludon
|-damage|p2a: Archaludon|70/100
|-ability|p2a: Archaludon|Stamina|boost
|-boost|p2a: Archaludon|def|1
|-enditem|p2a: Archaludon|Assault Vest|[from] move: Knock Off|[of] p1b: Meowscarada
|move|p1a: Primarina|Moonblast|p2a: Archaludon
|-damage|p2a: Archaludon|6/100
|-unboost|p2a: Archaludon|spa|1
|-ability|p2a: Archaludon|Stamina|boost
|-boost|p2a: Archaludon|def|1
|-damage|p1a: Primarina|82/100|[from] item: Life Orb
|move|p2a: Archaludon|Flash Cannon|p1a: Primarina
|-damage|p1a: Primarina|60/100
|
|upkeep
|turn|3
|inactive|bruinbroker01 has 30 seconds left.
|inactive|hermit5 has 30 seconds left.
|inactive|bruinbroker01 has 20 seconds left.
|inactive|hermit5 has 20 seconds left.
|
|t:|1756405672
|-terastallize|p2b: Basculegion|Grass
|move|p1b: Meowscarada|Flower Trick|p2b: Basculegion
|-resisted|p2b: Basculegion
|-crit|p2b: Basculegion
|-damage|p2b: Basculegion|58/100
|move|p1a: Primarina|Hyper Voice|p2a: Archaludon|[spread] p2a,p2b
|-resisted|p2a: Archaludon
|-resisted|p2b: Basculegion
|-damage|p2a: Archaludon|0 fnt
|-damage|p2b: Basculegion|31/100
|faint|p2a: Archaludon
|-damage|p1a: Primarina|50/100|[from] item: Life Orb
|move|p2b: Basculegion|Tera Blast|p1a: Primarina|[anim] Tera Blast Grass
|-supereffective|p1a: Primarina
|-damage|p1a: Primarina|0 fnt
|faint|p1a: Primarina
|
|upkeep
|
|t:|1756405688
|switch|p2a: Dragonite|Dragonite, L50, F, shiny|100/100
|switch|p1a: Indeedee|Indeedee, L50, M, shiny|100/100
|-fieldstart|move: Psychic Terrain|[from] ability: Psychic Surge|[of] p1a: Indeedee
|turn|4
|
|t:|1756405705
|move|p2a: Dragonite|Protect|p2a: Dragonite
|-singleturn|p2a: Dragonite|Protect
|move|p1b: Meowscarada|Knock Off|p2b: Basculegion
|-damage|p2b: Basculegion|0 fnt
|-enditem|p2b: Basculegion|Clear Amulet|[from] move: Knock Off|[of] p1b: Meowscarada
|faint|p2b: Basculegion
|move|p1a: Indeedee|Trick Room|p1a: Indeedee
|-fieldstart|move: Trick Room|[of] p1a: Indeedee
|
|-sideend|p2: hermit5|Grass Pledge
|upkeep
|
|t:|1756405713
|switch|p2b: Sneasler|Sneasler, L50, F|27/100
|turn|5
|
|t:|1756405724
|move|p1a: Indeedee|Expanding Force|p2a: Dragonite|[spread] p2a,p2b
|-supereffective|p2b: Sneasler
|-damage|p2a: Dragonite|72/100
|-damage|p2b: Sneasler|0 fnt
|faint|p2b: Sneasler
|move|p2a: Dragonite|Scale Shot|p1a: Indeedee
|-damage|p1a: Indeedee|79/100
|-damage|p1a: Indeedee|55/100
|-damage|p1a: Indeedee|33/100
|-damage|p1a: Indeedee|11/100
|-damage|p1a: Indeedee|0 fnt
|faint|p1a: Indeedee
|-hitcount|p1: Indeedee|5
|-unboost|p2a: Dragonite|def|1
|-boost|p2a: Dragonite|spe|1
|move|p1b: Meowscarada|Knock Off|p2a: Dragonite
|-damage|p2a: Dragonite|0 fnt
|-enditem|p2a: Dragonite|Loaded Dice|[from] move: Knock Off|[of] p1b: Meowscarada
|faint|p2a: Dragonite
|
|win|bruinbroker01
|raw|bruinbroker01's rating: 1012 → 1059(+47 for winning)
|raw|hermit5's rating: 1095 → 1065(-30 for losing)
