|j|☆Chochito Pelao
|j|☆yomdillivcg
|html|Chochito Pelaoyomdillivcg    
|uhtml|bestof|Game 1 of a best-of-3
|t:|1785336785
|gametype|doubles
|player|p1|Chochito Pelao|striker|1291
|player|p2|yomdillivcg|hiker-gen4|1185
|gen|9
|tier|[Gen 9 Champions] VGC 2026 Reg M-B (Bo3)
|rated|
|rule|Species Clause: Limit one of each Pokémon
|rule|Item Clause: Limit 1 of each item
|clearpoke
|poke|p1|Tyranitar, L50, F|
|poke|p1|Excadrill, L50, M|
|poke|p1|Milotic, L50, M|
|poke|p1|Sinistcha, L50|
|poke|p1|Staraptor, L50, M|
|poke|p1|Gholdengo, L50|
|poke|p2|Ninetales-Alola, L50, M|
|poke|p2|Whimsicott, L50, F|
|poke|p2|Raichu, L50, M|
|poke|p2|Gholdengo, L50|
|poke|p2|Lucario, L50, M|
|poke|p2|Incineroar, L50, F|
|teampreview|4
|showteam|p1|Tyranitar||Tyranitarite|SandStream|KnockOff,RockSlide,HighHorsepower,Protect|Jolly||F|||50|]Excadrill||FocusSash|SandRush|Earthquake,IronHead,RockSlide,Protect|Adamant||M|||50|]Milotic||SitrusBerry|Competitive|Scald,IcyWind,IceBeam,Protect|Calm||M|||50|]Sinistcha||ColburBerry|Hospitality|MatchaGotcha,ShadowBall,Protect,RagePowder|Bold|||||50|]Staraptor||Staraptite|Intimidate|CloseCombat,BraveBird,Tailwind,Protect|Jolly||M|||50|]Gholdengo||LifeOrb|GoodasGold|MakeItRain,ShadowBall,NastyPlot,Protect|Modest|||||50|
|showteam|p2|Ninetales-Alola||NeverMeltIce|SnowWarning|Blizzard,FreezeDry,AuroraVeil,Protect|Timid||M|||50|]Whimsicott||FocusSash|Prankster|Moonblast,Tailwind,Encore,Protect|Timid||F|||50|]Raichu||RaichuniteY|LightningRod|FakeOut,FocusBlast,ZapCannon,VoltSwitch|Timid||M|||50|]Gholdengo||MetalCoat|GoodasGold|MakeItRain,ShadowBall,NastyPlot,Protect|Modest|||||50|]Lucario||LifeOrb|InnerFocus|AuraSphere,FlashCannon,Psychic,Protect|Modest||M|||50|]Incineroar||SitrusBerry|Intimidate|FakeOut,PartingShot,FlareBlitz,DarkestLariat|Adamant||F|||50|
|inactive|Battle timer is ON: inactive players will automatically lose when time's up. (requested by yomdillivcg)
|
|t:|1785336838
|teamsize|p1|4
|teamsize|p2|4
|start
|switch|p1a: Excadrill|Excadrill, L50, M|100/100
|switch|p1b: Milotic|Milotic, L50, M|100/100
|switch|p2a: Incineroar|Incineroar, L50, F|100/100
|switch|p2b: Lucario|Lucario, L50, M|100/100
|-ability|p2a: Incineroar|Intimidate|boost
|-unboost|p1a: Excadrill|atk|1
|-unboost|p1b: Milotic|atk|1
|-ability|p1b: Milotic|Competitive|boost
|-boost|p1b: Milotic|spa|2
|turn|1
|inactive|yomdillivcg has 30 seconds left.
|inactive|yomdillivcg has 20 seconds left.
|inactive|yomdillivcg has 15 seconds left.
|
|t:|1785336880
|switch|p2b: Whimsicott|Whimsicott, L50, F|100/100
|move|p1b: Milotic|Protect|p1b: Milotic
|-singleturn|p1b: Milotic|Protect
|move|p2a: Incineroar|Fake Out|p1a: Excadrill
|-resisted|p1a: Excadrill|1
|-damage|p1a: Excadrill|89/100
|cant|p1a: Excadrill|flinch
|
|upkeep
|turn|2
|
|t:|1785336900
|switch|p1b: Sinistcha|Sinistcha, L50|100/100
|-heal|p1a: Excadrill|100/100|[from] ability: Hospitality|[of] p1b: Sinistcha
|move|p2b: Whimsicott|Encore||[still]
|-fail|p2b: Whimsicott
|move|p1a: Excadrill|Iron Head|p2b: Whimsicott
|-supereffective|p2b: Whimsicott|1
|-damage|p2b: Whimsicott|2/100
|move|p2a: Incineroar|Flare Blitz|p1a: Excadrill
|-supereffective|p1a: Excadrill|1
|-enditem|p1a: Excadrill|Focus Sash
|-damage|p1a: Excadrill|1/100
|-status|p1a: Excadrill|brn
|-damage|p2a: Incineroar|69/100|[from] Recoil
|
|-damage|p1a: Excadrill|0 fnt|[from] brn
|faint|p1a: Excadrill
|upkeep
|
|t:|1785336922
|switch|p1a: Tyranitar|Tyranitar, L50, F|100/100
|-weather|Sandstorm|[from] ability: Sand Stream|[of] p1a: Tyranitar
|turn|3
|inactive|yomdillivcg has 30 seconds left.
|
|t:|1785336956
|detailschange|p1a: Tyranitar|Tyranitar-Mega, L50, F
|-mega|p1a: Tyranitar|Tyranitar|Tyranitarite
|move|p2b: Whimsicott|Tailwind|p2b: Whimsicott
|-sidestart|p2: yomdillivcg|move: Tailwind
|move|p2a: Incineroar|Parting Shot|p1a: Tyranitar
|-unboost|p1a: Tyranitar|atk|1
|-unboost|p1a: Tyranitar|spa|1
|
|t:|1785336967
|switch|p2a: Lucario|Lucario, L50, M|100/100|[from] Parting Shot
|move|p1a: Tyranitar|Rock Slide|p2b: Whimsicott|[spread] p2a,p2b
|-resisted|p2a: Lucario|2
|-damage|p2a: Lucario|91/100
|-damage|p2b: Whimsicott|0 fnt
|faint|p2b: Whimsicott
|move|p1b: Sinistcha|Matcha Gotcha|p2a: Lucario
|-resisted|p2a: Lucario|1
|-damage|p2a: Lucario|63/100
|-status|p2a: Lucario|brn
|
|-weather|Sandstorm|[upkeep]
|-damage|p1b: Sinistcha|94/100|[from] Sandstorm
|-damage|p2a: Lucario|57/100 brn|[from] brn
|upkeep
|
|t:|1785336983
|switch|p2b: Incineroar|Incineroar, L50, F|69/100
|-ability|p2b: Incineroar|Intimidate|boost
|-unboost|p1a: Tyranitar|atk|1
|-unboost|p1b: Sinistcha|atk|1
|turn|4
|inactive|yomdillivcg has 30 seconds left.
|inactive|yomdillivcg has 20 seconds left.
|
|t:|1785337026
|move|p1a: Tyranitar|Protect|p1a: Tyranitar
|-singleturn|p1a: Tyranitar|Protect
|move|p2b: Incineroar|Fake Out|p1a: Tyranitar
|-activate|p1a: Tyranitar|move: Protect
|move|p2a: Lucario|Flash Cannon|p1b: Sinistcha
|-damage|p1b: Sinistcha|40/100
|-damage|p2a: Lucario|48/100 brn|[from] item: Life Orb
|move|p1b: Sinistcha|Matcha Gotcha|p2a: Lucario|[spread] p2a,p2b
|-resisted|p2a: Lucario|1
|-resisted|p2b: Incineroar|1
|-damage|p2a: Lucario|29/100 brn
|-heal|p1b: Sinistcha|48/100|[from] drain|[of] p2a: Lucario
|-damage|p2b: Incineroar|57/100
|-heal|p1b: Sinistcha|55/100|[from] drain|[of] p2b: Incineroar
|
|-weather|Sandstorm|[upkeep]
|-damage|p2b: Incineroar|51/100|[from] Sandstorm
|-damage|p1b: Sinistcha|49/100|[from] Sandstorm
|-damage|p2a: Lucario|23/100 brn|[from] brn
|upkeep
|turn|5
|inactive|yomdillivcg has 30 seconds left.
|inactive|Chochito Pelao has 30 seconds left.
|inactive|yomdillivcg has 20 seconds left.
|
|t:|1785337065
|switch|p1a: Milotic|Milotic, L50, M|100/100
|move|p2a: Lucario|Protect|p2a: Lucario
|-singleturn|p2a: Lucario|Protect
|move|p1b: Sinistcha|Protect|p1b: Sinistcha
|-singleturn|p1b: Sinistcha|Protect
|move|p2b: Incineroar|Flare Blitz|p1b: Sinistcha
|-activate|p1b: Sinistcha|move: Protect
|
|-weather|Sandstorm|[upkeep]
|-damage|p2b: Incineroar|45/100|[from] Sandstorm
|-damage|p1a: Milotic|94/100|[from] Sandstorm
|-damage|p1b: Sinistcha|44/100|[from] Sandstorm
|-enditem|p2b: Incineroar|Sitrus Berry|[eat]
|-heal|p2b: Incineroar|70/100|[from] item: Sitrus Berry
|-damage|p2a: Lucario|17/100 brn|[from] brn
|upkeep
|turn|6
|
|t:|1785337088
|move|p2a: Lucario|Aura Sphere|p1b: Sinistcha
|-immune|p1b: Sinistcha
|move|p2b: Incineroar|Flare Blitz|p1b: Sinistcha
|-supereffective|p1b: Sinistcha|1
|-damage|p1b: Sinistcha|0 fnt
|faint|p1b: Sinistcha
|-damage|p2b: Incineroar|57/100|[from] Recoil
|move|p1a: Milotic|Icy Wind|p2a: Lucario|[spread] p2a,p2b
|-resisted|p2a: Lucario|1
|-resisted|p2b: Incineroar|1
|-damage|p2a: Lucario|9/100 brn
|-damage|p2b: Incineroar|52/100
|-unboost|p2a: Lucario|spe|1
|-unboost|p2b: Incineroar|spe|1
|
|-weather|Sandstorm|[upkeep]
|-damage|p1a: Milotic|88/100|[from] Sandstorm
|-damage|p2b: Incineroar|47/100|[from] Sandstorm
|-damage|p2a: Lucario|3/100 brn|[from] brn
|-sideend|p2: yomdillivcg|move: Tailwind
|upkeep
|
|t:|1785337093
|switch|p1b: Tyranitar|Tyranitar-Mega, L50, F|100/100
|turn|7
|inactive|yomdillivcg has 30 seconds left.
|inactive|yomdillivcg has 20 seconds left.
|inactive|yomdillivcg has 15 seconds left.
|
|t:|1785337135
|switch|p2a: Raichu|Raichu, L50, M|100/100
|move|p1b: Tyranitar|Rock Slide|p2b: Incineroar|[spread] p2a,p2b
|-supereffective|p2b: Incineroar|1
|-damage|p2a: Raichu|43/100
|-damage|p2b: Incineroar|0 fnt
|faint|p2b: Incineroar
|move|p1a: Milotic|Scald|p2a: Raichu
|-damage|p2a: Raichu|5/100
|
|-weather|none
|upkeep
|
|t:|1785337145
|switch|p2b: Lucario|Lucario, L50, M|3/100 brn
|turn|8
|
|t:|1785337157
|detailschange|p2a: Raichu|Raichu-Mega-Y, L50, M
|-mega|p2a: Raichu|Raichu|Raichunite Y
|move|p1b: Tyranitar|Protect|p1b: Tyranitar
|-singleturn|p1b: Tyranitar|Protect
|move|p1a: Milotic|Protect|p1a: Milotic
|-singleturn|p1a: Milotic|Protect
|move|p2a: Raichu|Zap Cannon|p1a: Milotic
|-activate|p1a: Milotic|move: Protect
|move|p2b: Lucario|Aura Sphere|p1b: Tyranitar
|-activate|p1b: Tyranitar|move: Protect
|
|-damage|p2b: Lucario|0 fnt|[from] brn
|faint|p2b: Lucario
|upkeep
|turn|9
|-message|yomdillivcg forfeited.
|
|win|Chochito Pelao
||yomdillivcg is ready for game 2.
|inactive|Chochito Pelao has 30 seconds to confirm battle start!
|inactive|Chochito Pelao has 20 seconds to confirm battle start!
|inactive|Chochito Pelao has 10 seconds to confirm battle start!
|uhtml|next|Next: Game 2 of 3
