|j|☆The RU Agenda
|j|☆Its Sushiii
|html|The RU AgendaIts Sushiii    
|uhtml|bestof|Game 1 of a best-of-3
|t:|1784239946
|gametype|doubles
|player|p1|The RU Agenda|169|1387
|player|p2|Its Sushiii|265|1419
|gen|9
|tier|[Gen 9 Champions] VGC 2026 Reg M-B (Bo3)
|rated|
|rule|Species Clause: Limit one of each Pokémon
|rule|Item Clause: Limit 1 of each item
|clearpoke
|poke|p1|Chesnaught, L50, F|
|poke|p1|Basculegion, L50, M|
|poke|p1|Arcanine-Hisui, L50, F|
|poke|p1|Froslass, L50, F|
|poke|p1|Farigiraf, L50, M|
|poke|p1|Kingambit, L50, F|
|poke|p2|Excadrill, L50, M, shiny|
|poke|p2|Tyranitar, L50, M|
|poke|p2|Farigiraf, L50, F|
|poke|p2|Sylveon, L50, F|
|poke|p2|Charizard, L50, F|
|poke|p2|Incineroar, L50, M|
|teampreview|4
|showteam|p1|Chesnaught||Leftovers|Bulletproof|BodyPress,IronDefense,SpikyShield,WideGuard|Impish||F|||50|]Basculegion||ChoiceScarf|Adaptability|WaveCrash,LastRespects,FlipTurn,AquaJet|Jolly||M|||50|]Arcanine-Hisui||FocusSash|RockHead|HeadSmash,FlareBlitz,ExtremeSpeed,Protect|Jolly||F|||50|]Froslass||Froslassite|SnowCloak|Blizzard,ShadowBall,AuroraVeil,Protect|Timid||F|||50|]Farigiraf||SitrusBerry|ArmorTail|HelpingHand,Psychic,Thunderbolt,TrickRoom|Relaxed||M|||50|]Kingambit||ExpertBelt|Defiant|KowtowCleave,SuckerPunch,LowKick,Protect|Adamant||F|||50|
|showteam|p2|Excadrill||FocusSash|SandRush|IronHead,HighHorsepower,RockSlide,Protect|Adamant||M|||50|]Tyranitar||Tyranitarite|SandStream|RockSlide,KnockOff,IcePunch,Protect|Adamant||M|||50|]Farigiraf||SitrusBerry|ArmorTail|Psychic,Thunderbolt,TrickRoom,Protect|Relaxed||F|||50|]Sylveon||LifeOrb|Pixilate|HyperVoice,HyperBeam,QuickAttack,Detect|Modest||F|||50|]Charizard||CharizarditeY|Blaze|HeatWave,SolarBeam,WeatherBall,Protect|Modest||F|||50|]Incineroar||ShucaBerry|Intimidate|PartingShot,DarkestLariat,FlareBlitz,FakeOut|Impish||M|||50|
|inactive|Battle timer is ON: inactive players will automatically lose when time's up. (requested by Its Sushiii)
|inactive|Its Sushiii has 60 seconds left.
|inactive|Its Sushiii has 30 seconds left.
|inactive|Its Sushiii has 20 seconds left.
|inactive|Its Sushiii has 15 seconds left.
|inactive|Its Sushiii has 10 seconds left.
|
|t:|1784240039
|teamsize|p1|4
|teamsize|p2|4
|start
|switch|p1a: Chesnaught|Chesnaught, L50, F|100/100
|switch|p1b: Basculegion|Basculegion, L50, M|100/100
|switch|p2a: Charizard|Charizard, L50, F|100/100
|switch|p2b: Farigiraf|Farigiraf, L50, F|100/100
|turn|1
|
|t:|1784240060
|detailschange|p2a: Charizard|Charizard-Mega-Y, L50, F
|-mega|p2a: Charizard|Charizard|Charizardite Y
|-weather|SunnyDay|[from] ability: Drought|[of] p2a: Charizard
|move|p1a: Chesnaught|Spiky Shield|p1a: Chesnaught
|-singleturn|p1a: Chesnaught|move: Protect
|move|p1b: Basculegion|Flip Turn|p2b: Farigiraf
|-damage|p2b: Farigiraf|87/100
|
|t:|1784240068
|switch|p1b: Arcanine|Arcanine-Hisui, L50, F|100/100|[from] Flip Turn
|move|p2a: Charizard|Weather Ball|p1a: Chesnaught
|-activate|p1a: Chesnaught|move: Protect
|move|p2b: Farigiraf|Thunderbolt|p1b: Arcanine
|-damage|p1b: Arcanine|73/100
|
|-weather|SunnyDay|[upkeep]
|upkeep
|turn|2
|inactive|Its Sushiii has 30 seconds left.
|
|t:|1784240102
|switch|p2a: Sylveon|Sylveon, L50, F|100/100
|move|p1b: Arcanine|Head Smash|p2a: Sylveon
|-damage|p2a: Sylveon|17/100
|move|p1a: Chesnaught|Iron Defense|p1a: Chesnaught
|-boost|p1a: Chesnaught|def|2
|move|p2b: Farigiraf|Trick Room|p2b: Farigiraf
|-fieldstart|move: Trick Room|[of] p2b: Farigiraf
|
|-weather|SunnyDay|[upkeep]
|upkeep
|turn|3
|inactive|Its Sushiii has 30 seconds left.
|inactive|Its Sushiii has 20 seconds left.
|inactive|Its Sushiii has 15 seconds left.
|
|t:|1784240146
|move|p1a: Chesnaught|Wide Guard|p1a: Chesnaught
|-singleturn|p1a: Chesnaught|Wide Guard
|move|p2b: Farigiraf|Psychic|p1b: Arcanine
|-damage|p1b: Arcanine|34/100
|move|p2a: Sylveon|Hyper Beam|p1b: Arcanine
|-resisted|p1b: Arcanine|1
|-damage|p1b: Arcanine|0 fnt
|-mustrecharge|p2a: Sylveon
|faint|p1b: Arcanine
|-damage|p2a: Sylveon|7/100|[from] item: Life Orb
|
|-weather|SunnyDay|[upkeep]
|upkeep
|
|t:|1784240156
|switch|p1b: Kingambit|Kingambit, L50, F|100/100
|turn|4
|
|t:|1784240175
|move|p1b: Kingambit|Kowtow Cleave|p2b: Farigiraf
|-supereffective|p2b: Farigiraf|1
|-damage|p2b: Farigiraf|0 fnt
|faint|p2b: Farigiraf
|cant|p2a: Sylveon|recharge
|move|p1a: Chesnaught|Body Press|p2a: Sylveon
|-resisted|p2a: Sylveon|1
|-damage|p2a: Sylveon|0 fnt
|faint|p2a: Sylveon
|
|-weather|SunnyDay|[upkeep]
|upkeep
|
|t:|1784240185
|switch|p2b: Incineroar|Incineroar, L50, M|100/100
|switch|p2a: Charizard|Charizard-Mega-Y, L50, F|100/100
|-ability|p2b: Incineroar|Intimidate|boost
|-unboost|p1a: Chesnaught|atk|1
|-unboost|p1b: Kingambit|atk|1
|-ability|p1b: Kingambit|Defiant|boost
|-boost|p1b: Kingambit|atk|2
|turn|5
|
|t:|1784240197
|move|p1b: Kingambit|Protect|p1b: Kingambit
|-singleturn|p1b: Kingambit|Protect
|move|p1a: Chesnaught|Spiky Shield|p1a: Chesnaught
|-singleturn|p1a: Chesnaught|move: Protect
|move|p2b: Incineroar|Fake Out|p1b: Kingambit
|-activate|p1b: Kingambit|move: Protect
|move|p2a: Charizard|Weather Ball|p1a: Chesnaught
|-activate|p1a: Chesnaught|move: Protect
|
|-weather|none
|upkeep
|turn|6
|
|t:|1784240214
|move|p2a: Charizard|Protect|p2a: Charizard
|-singleturn|p2a: Charizard|Protect
|move|p1b: Kingambit|Low Kick|p2b: Incineroar
|-supereffective|p2b: Incineroar|1
|-damage|p2b: Incineroar|10/100
|move|p2b: Incineroar|Flare Blitz|p1a: Chesnaught
|-supereffective|p1a: Chesnaught|1
|-damage|p1a: Chesnaught|71/100
|-damage|p2b: Incineroar|1/100|[from] Recoil
|move|p1a: Chesnaught|Body Press|p2b: Incineroar
|-supereffective|p2b: Incineroar|1
|-damage|p2b: Incineroar|0 fnt
|faint|p2b: Incineroar
|
|-heal|p1a: Chesnaught|78/100|[from] item: Leftovers
|-fieldend|move: Trick Room
|upkeep
|turn|7
|
|t:|1784240228
|move|p1a: Chesnaught|Wide Guard|p1a: Chesnaught
|-singleturn|p1a: Chesnaught|Wide Guard
|move|p2a: Charizard|Heat Wave|p1a: Chesnaught|[spread] 
|-activate|p1a: Chesnaught|move: Wide Guard
|-activate|p1b: Kingambit|move: Wide Guard
|move|p1b: Kingambit|Kowtow Cleave|p2a: Charizard
|-damage|p2a: Charizard|25/100
|
|-heal|p1a: Chesnaught|84/100|[from] item: Leftovers
|upkeep
|turn|8
|-message|Its Sushiii forfeited.
|
|win|The RU Agenda
||The RU Agenda is ready for game 2.
|inactive|Its Sushiii has 30 seconds to confirm battle start!
||Its Sushiii is ready for game 2.
|uhtml|next|Next: Game 2 of 3
