|j|☆znivs
|j|☆Alj-kun
|html|znivsAlj-kun    
|uhtml|bestof|Game 1 of a best-of-3
|t:|1784296456
|gametype|doubles
|player|p1|znivs|101|
|player|p2|Alj-kun|benga|
|gen|9
|tier|[Gen 9 Champions] VGC 2026 Reg M-B (Bo3)
|rule|Species Clause: Limit one of each Pokémon
|rule|Item Clause: Limit 1 of each item
|clearpoke
|poke|p1|Froslass, L50, F|
|poke|p1|Blaziken, L50, M|
|poke|p1|Dragonite, L50, F|
|poke|p1|Toxapex, L50, F|
|poke|p1|Sneasler, L50, M|
|poke|p1|Kingambit, L50, F|
|poke|p2|Charizard, L50, F|
|poke|p2|Sylveon, L50, M|
|poke|p2|Basculegion, L50, M|
|poke|p2|Whimsicott, L50, F|
|poke|p2|Garchomp, L50, F|
|poke|p2|Kingambit, L50, M|
|teampreview|4
|showteam|p1|Froslass||Froslassite|SnowCloak|AuroraVeil,Blizzard,ShadowBall,Protect|Timid||F|||50|]Blaziken||Blazikenite|SpeedBoost|CloseCombat,FlareBlitz,RockSlide,Detect|Adamant||M|||50|]Dragonite||LifeOrb|InnerFocus|DragonClaw,ExtremeSpeed,LowKick,Protect|Jolly||F|||50|]Toxapex||Leftovers|Regenerator|Infestation,Toxic,WideGuard,BanefulBunker|Bold||F|||50|]Sneasler||FocusSash|PoisonTouch|CloseCombat,PoisonJab,FakeOut,Protect|Adamant||M|||50|]Kingambit||BlackGlasses|Defiant|SuckerPunch,IronHead,KowtowCleave,Protect|Adamant||F|||50|
|showteam|p2|Charizard||CharizarditeY|Blaze|WeatherBall,HeatWave,Protect,SolarBeam|Modest||F|||50|]Sylveon||FairyFeather|Pixilate|HyperVoice,HyperBeam,Detect,QuickAttack|Sassy||M|||50|]Basculegion||LifeOrb|Adaptability|WaveCrash,Protect,LastRespects,AquaJet|Adamant||M|||50|]Whimsicott||FocusSash|Prankster|Tailwind,Moonblast,Protect,Encore|Calm||F|||50|]Garchomp||RoseliBerry|RoughSkin|RockSlide,DragonClaw,Earthquake,Protect|Adamant||F|||50|]Kingambit||BlackGlasses|Defiant|KowtowCleave,Protect,SuckerPunch,IronHead|Adamant||M|||50|
|
|t:|1784296540
|teamsize|p1|4
|teamsize|p2|4
|start
|switch|p1a: Blaziken|Blaziken, L50, M|100/100
|switch|p1b: Sneasler|Sneasler, L50, M|100/100
|switch|p2a: Whimsicott|Whimsicott, L50, F|100/100
|switch|p2b: Charizard|Charizard, L50, F|100/100
|turn|1
|
|t:|1784296571
|detailschange|p1a: Blaziken|Blaziken-Mega, L50, M
|-mega|p1a: Blaziken|Blaziken|Blazikenite
|move|p2b: Charizard|Protect|p2b: Charizard
|-singleturn|p2b: Charizard|Protect
|move|p1b: Sneasler|Fake Out|p2a: Whimsicott
|-damage|p2a: Whimsicott|77/100
|cant|p2a: Whimsicott|flinch
|move|p1a: Blaziken|Rock Slide|p2b: Charizard|[spread] p2a
|-activate|p2b: Charizard|move: Protect
|-damage|p2a: Whimsicott|40/100
|
|-ability|p1a: Blaziken|Speed Boost|boost
|-boost|p1a: Blaziken|spe|1
|upkeep
|turn|2
|
|t:|1784296592
|detailschange|p2b: Charizard|Charizard-Mega-Y, L50, F
|-mega|p2b: Charizard|Charizard|Charizardite Y
|-weather|SunnyDay|[from] ability: Drought|[of] p2b: Charizard
|move|p1b: Sneasler|Protect|p1b: Sneasler
|-singleturn|p1b: Sneasler|Protect
|move|p2a: Whimsicott|Tailwind|p2a: Whimsicott
|-sidestart|p2: Alj-kun|move: Tailwind
|move|p2b: Charizard|Heat Wave|p1b: Sneasler|[spread] p1a
|-activate|p1b: Sneasler|move: Protect
|-resisted|p1a: Blaziken|1
|-damage|p1a: Blaziken|53/100
|move|p1a: Blaziken|Rock Slide|p2a: Whimsicott|[spread] p2a,p2b
|-supereffective|p2b: Charizard|2
|-damage|p2a: Whimsicott|2/100
|-damage|p2b: Charizard|0 fnt
|faint|p2b: Charizard
|
|-weather|SunnyDay|[upkeep]
|-ability|p1a: Blaziken|Speed Boost|boost
|-boost|p1a: Blaziken|spe|1
|upkeep
|
|t:|1784296609
|switch|p2b: Kingambit|Kingambit, L50, M|100/100
|turn|3
|
|t:|1784296639
|switch|p1b: Toxapex|Toxapex, L50, F|100/100
|move|p2a: Whimsicott|Encore|p1a: Blaziken
|-start|p1a: Blaziken|Encore
|move|p1a: Blaziken|Rock Slide|p2b: Kingambit|[spread] p2a,p2b
|-resisted|p2b: Kingambit|1
|-damage|p2a: Whimsicott|0 fnt
|-damage|p2b: Kingambit|90/100
|faint|p2a: Whimsicott
|move|p2b: Kingambit|Iron Head|p1b: Toxapex
|-resisted|p1b: Toxapex|1
|-damage|p1b: Toxapex|84/100
|
|-weather|SunnyDay|[upkeep]
|-heal|p1b: Toxapex|90/100|[from] item: Leftovers
|-ability|p1a: Blaziken|Speed Boost|boost
|-boost|p1a: Blaziken|spe|1
|upkeep
|
|t:|1784296654
|switch|p2a: Garchomp|Garchomp, L50, F|100/100
|turn|4
|
|t:|1784296670
|switch|p1a: Sneasler|Sneasler, L50, M|100/100
|move|p2b: Kingambit|Protect|p2b: Kingambit
|-singleturn|p2b: Kingambit|Protect
|move|p1b: Toxapex|Wide Guard|p1b: Toxapex
|-singleturn|p1b: Toxapex|Wide Guard
|move|p2a: Garchomp|Earthquake|p1a: Sneasler|[spread] 
|-activate|p1a: Sneasler|move: Wide Guard
|-activate|p1b: Toxapex|move: Wide Guard
|-activate|p2b: Kingambit|move: Protect
|
|-weather|SunnyDay|[upkeep]
|-heal|p1b: Toxapex|96/100|[from] item: Leftovers
|upkeep
|turn|5
|
|t:|1784296696
|move|p1b: Toxapex|Wide Guard|p1b: Toxapex
|-singleturn|p1b: Toxapex|Wide Guard
|move|p2a: Garchomp|Dragon Claw|p1a: Sneasler
|-damage|p1a: Sneasler|25/100
|move|p1a: Sneasler|Close Combat|p2b: Kingambit
|-supereffective|p2b: Kingambit|2
|-damage|p2b: Kingambit|0 fnt
|-unboost|p1a: Sneasler|def|1
|-unboost|p1a: Sneasler|spd|1
|faint|p2b: Kingambit
|
|-weather|SunnyDay|[upkeep]
|-heal|p1b: Toxapex|100/100|[from] item: Leftovers
|-sideend|p2: Alj-kun|move: Tailwind
|upkeep
|turn|6
|
|t:|1784296711
|move|p1a: Sneasler|Protect|p1a: Sneasler
|-singleturn|p1a: Sneasler|Protect
|move|p2a: Garchomp|Dragon Claw|p1a: Sneasler
|-activate|p1a: Sneasler|move: Protect
|move|p1b: Toxapex|Toxic|p2a: Garchomp
|-status|p2a: Garchomp|tox
|
|-weather|none
|-damage|p2a: Garchomp|94/100 tox|[from] psn
|upkeep
|turn|7
|
|t:|1784296727
|move|p1a: Sneasler|Close Combat|p2a: Garchomp
|-damage|p2a: Garchomp|22/100 tox
|-unboost|p1a: Sneasler|def|1
|-unboost|p1a: Sneasler|spd|1
|-damage|p1a: Sneasler|13/100|[from] ability: Rough Skin|[of] p2a: Garchomp
|move|p2a: Garchomp|Earthquake|p1a: Sneasler|[spread] p1a,p1b
|-supereffective|p1a: Sneasler|1
|-supereffective|p1b: Toxapex|1
|-crit|p1b: Toxapex
|-damage|p1a: Sneasler|0 fnt
|-damage|p1b: Toxapex|15/100
|faint|p1a: Sneasler
|move|p1b: Toxapex|Infestation|p2a: Garchomp
|-damage|p2a: Garchomp|18/100 tox
|-activate|p2a: Garchomp|move: Infestation|[of] p1b: Toxapex
|-damage|p1b: Toxapex|3/100|[from] ability: Rough Skin|[of] p2a: Garchomp
|
|-heal|p1b: Toxapex|9/100|[from] item: Leftovers
|-damage|p2a: Garchomp|7/100 tox|[from] psn
|-damage|p2a: Garchomp|0 fnt|[from] move: Infestation|[partiallytrapped]
|faint|p2a: Garchomp
|
|win|znivs
|inactive|znivs has 30 seconds to confirm battle start!
|inactive|Alj-kun has 30 seconds to confirm battle start!
||znivs is ready for game 2.
||Alj-kun is ready for game 2.
|uhtml|next|Next: Game 2 of 3
