|j|☆MMAonPoint
|j|☆anthonynn
|html|MMAonPointanthonynn    
|uhtml|bestof|Game 3 of a best-of-3
|t:|1784325132
|gametype|doubles
|player|p1|MMAonPoint|102|1182
|player|p2|anthonynn|266|1123
|gen|9
|tier|[Gen 9 Champions] VGC 2026 Reg M-B (Bo3)
|rated|
|rule|Species Clause: Limit one of each Pokémon
|rule|Item Clause: Limit 1 of each item
|clearpoke
|poke|p1|Staraptor, L50, M, shiny|
|poke|p1|Incineroar, L50, M, shiny|
|poke|p1|Primarina, L50, M, shiny|
|poke|p1|Garchomp, L50, F, shiny|
|poke|p1|Whimsicott, L50, M, shiny|
|poke|p1|Gengar, L50, F|
|poke|p2|Pelipper, L50, M|
|poke|p2|Sableye, L50, M|
|poke|p2|Swampert, L50, F|
|poke|p2|Archaludon, L50, F|
|poke|p2|Sinistcha-Masterpiece, L50|
|poke|p2|Overqwil, L50, M|
|teampreview|4
|showteam|p1|Staraptor||Staraptite|Intimidate|CloseCombat,BraveBird,Protect,BlazeKick|Jolly||M|||50|]Incineroar||SitrusBerry|Intimidate|FlareBlitz,DarkestLariat,FakeOut,PartingShot|Adamant||M|||50|]Primarina||ChoiceScarf|LiquidVoice|HyperVoice,Blizzard,Moonblast,Psychic|Timid||M|||50|]Garchomp||LifeOrb|RoughSkin|DragonClaw,Earthquake,RockSlide,Protect|Jolly||F|||50|]Whimsicott||FocusSash|Prankster|Moonblast,Charm,Encore,Tailwind|Timid||M|||50|]Gengar||Gengarite|CursedBody|SludgeBomb,ShadowBall,FocusBlast,Protect|Timid||F|||50|
|showteam|p2|Pelipper||SitrusBerry|Drizzle|Tailwind,WideGuard,Hurricane,WeatherBall|Bold||M|||50|]Sableye||MentalHerb|Prankster|RainDance,LightScreen,WillOWisp,Encore|Calm||M|||50|]Swampert||Swampertite|Torrent|WaveCrash,Earthquake,IcePunch,Protect|Adamant||F|||50|]Archaludon||Leftovers|Stamina|ElectroShot,FlashCannon,DragonPulse,Protect|Modest||F|||50|]Sinistcha-Masterpiece||CobaBerry|Hospitality|TrickRoom,MatchaGotcha,RagePowder,Protect|Calm|||||50|]Overqwil||LifeOrb|SwiftSwim|BarbBarrage,PoisonJab,ThroatChop,Protect|Adamant||M|||50|
|inactive|Battle timer is ON: inactive players will automatically lose when time's up. (requested by MMAonPoint)
|inactive|MMAonPoint has 60 seconds left.
|
|t:|1784325165
|teamsize|p1|4
|teamsize|p2|4
|start
|switch|p1a: Garchomp|Garchomp, L50, F, shiny|100/100
|switch|p1b: Primarina|Primarina, L50, M, shiny|100/100
|switch|p2a: Pelipper|Pelipper, L50, M|100/100
|switch|p2b: Overqwil|Overqwil, L50, M|100/100
|-weather|RainDance|[from] ability: Drizzle|[of] p2a: Pelipper
|turn|1
|
|t:|1784325184
|switch|p1b: Staraptor|Staraptor, L50, M, shiny|100/100
|-ability|p1b: Staraptor|Intimidate|boost
|-unboost|p2a: Pelipper|atk|1
|-unboost|p2b: Overqwil|atk|1
|move|p2b: Overqwil|Poison Jab|p1b: Staraptor
|-damage|p1b: Staraptor|48/100
|-status|p1b: Staraptor|psn
|-damage|p2b: Overqwil|90/100|[from] item: Life Orb
|move|p1a: Garchomp|Earthquake|p2a: Pelipper|[spread] p2b
|-immune|p1b: Staraptor
|-immune|p2a: Pelipper
|-supereffective|p2b: Overqwil|1
|-damage|p2b: Overqwil|0 fnt
|faint|p2b: Overqwil
|-damage|p1a: Garchomp|90/100|[from] item: Life Orb
|move|p2a: Pelipper|Tailwind|p2a: Pelipper
|-sidestart|p2: anthonynn|move: Tailwind
|
|-weather|RainDance|[upkeep]
|-damage|p1b: Staraptor|36/100 psn|[from] psn
|upkeep
|
|t:|1784325196
|switch|p2b: Swampert|Swampert, L50, F|100/100
|turn|2
|
|t:|1784325204
|switch|p1a: Whimsicott|Whimsicott, L50, M, shiny|100/100
|detailschange|p2b: Swampert|Swampert-Mega, L50, F
|-mega|p2b: Swampert|Swampert|Swampertite
|move|p1b: Staraptor|Protect|p1b: Staraptor
|-singleturn|p1b: Staraptor|Protect
|move|p2b: Swampert|Ice Punch|p1a: Whimsicott
|-supereffective|p1a: Whimsicott|1
|-damage|p1a: Whimsicott|10/100
|move|p2a: Pelipper|Hurricane|p1b: Staraptor
|-activate|p1b: Staraptor|move: Protect
|
|-weather|RainDance|[upkeep]
|-damage|p1b: Staraptor|24/100 psn|[from] psn
|upkeep
|turn|3
|inactive|anthonynn has 30 seconds left.
|
|t:|1784325231
|switch|p2a: Archaludon|Archaludon, L50, F|100/100
|detailschange|p1b: Staraptor|Staraptor-Mega, L50, M, shiny
|-mega|p1b: Staraptor|Staraptor|Staraptite
|move|p1a: Whimsicott|Tailwind|p1a: Whimsicott
|-sidestart|p1: MMAonPoint|move: Tailwind
|move|p2b: Swampert|Ice Punch|p1b: Staraptor
|-supereffective|p1b: Staraptor|1
|-damage|p1b: Staraptor|0 fnt
|faint|p1b: Staraptor
|
|-weather|RainDance|[upkeep]
|upkeep
|
|t:|1784325235
|switch|p1b: Garchomp|Garchomp, L50, F, shiny|90/100
|turn|4
|
|t:|1784325251
|move|p1a: Whimsicott|Charm|p2b: Swampert
|-unboost|p2b: Swampert|atk|2
|move|p2b: Swampert|Ice Punch|p1b: Garchomp
|-supereffective|p1b: Garchomp|2
|-damage|p1b: Garchomp|29/100
|-damage|p2b: Swampert|87/100|[from] ability: Rough Skin|[of] p1b: Garchomp
|move|p1b: Garchomp|Earthquake|p2b: Swampert|[spread] p1a,p2a,p2b
|-resisted|p1a: Whimsicott|1
|-supereffective|p2a: Archaludon|1
|-damage|p1a: Whimsicott|0 fnt
|-damage|p2a: Archaludon|32/100
|-damage|p2b: Swampert|44/100
|-ability|p2a: Archaludon|Stamina|boost
|-boost|p2a: Archaludon|def|1
|faint|p1a: Whimsicott
|-damage|p1b: Garchomp|20/100r|[from] item: Life Orb
|move|p2a: Archaludon|Electro Shot||[still]
|-prepare|p2a: Archaludon|Electro Shot
|-boost|p2a: Archaludon|spa|1
|-anim|p2a: Archaludon|Electro Shot|p1b: Garchomp
|-immune|p1b: Garchomp
|
|-weather|RainDance|[upkeep]
|-heal|p2a: Archaludon|38/100|[from] item: Leftovers
|-sideend|p2: anthonynn|move: Tailwind
|upkeep
|
|t:|1784325258
|switch|p1a: Primarina|Primarina, L50, M, shiny|100/100
|turn|5
|
|t:|1784325269
|move|p2b: Swampert|Protect|p2b: Swampert
|-singleturn|p2b: Swampert|Protect
|move|p2a: Archaludon|Protect|p2a: Archaludon
|-singleturn|p2a: Archaludon|Protect
|move|p1a: Primarina|Hyper Voice|p2a: Archaludon|[spread] 
|-activate|p2a: Archaludon|move: Protect
|-activate|p2b: Swampert|move: Protect
|move|p1b: Garchomp|Earthquake|p2a: Archaludon|[spread] p1a
|-activate|p2a: Archaludon|move: Protect
|-activate|p2b: Swampert|move: Protect
|-damage|p1a: Primarina|22/100
|-damage|p1b: Garchomp|10/100|[from] item: Life Orb
|
|-weather|none
|-heal|p2a: Archaludon|44/100|[from] item: Leftovers
|upkeep
|turn|6
|inactive|anthonynn has 30 seconds left.
|
|t:|1784325294
|switch|p2b: Pelipper|Pelipper, L50, M|100/100
|-weather|RainDance|[from] ability: Drizzle|[of] p2b: Pelipper
|move|p1a: Primarina|Hyper Voice|p2a: Archaludon|[spread] p2a,p2b
|-resisted|p2a: Archaludon|1
|-crit|p2a: Archaludon
|-resisted|p2b: Pelipper|1
|-damage|p2a: Archaludon|1/100
|-damage|p2b: Pelipper|65/100
|-ability|p2a: Archaludon|Stamina|boost
|-boost|p2a: Archaludon|def|1
|move|p1b: Garchomp|Rock Slide|p2a: Archaludon|[spread] p2a,p2b
|-resisted|p2a: Archaludon|1
|-supereffective|p2b: Pelipper|1
|-damage|p2a: Archaludon|0 fnt
|-damage|p2b: Pelipper|24/100
|-enditem|p2b: Pelipper|Sitrus Berry|[eat]
|-heal|p2b: Pelipper|49/100|[from] item: Sitrus Berry
|faint|p2a: Archaludon
|-damage|p1b: Garchomp|1/100|[from] item: Life Orb
|
|-weather|RainDance|[upkeep]
|-sideend|p1: MMAonPoint|move: Tailwind
|upkeep
|
|t:|1784325305
|switch|p2a: Swampert|Swampert-Mega, L50, F|44/100
|turn|7
|-message|MMAonPoint forfeited.
|raw|MMAonPoint's rating: 1182 → 1153(-29 for losing)
|raw|anthonynn's rating: 1123 → 1152(+29 for winning)
|
|win|anthonynn
|l|☆MMAonPoint
|player|p1|
