|j|☆viatles
|j|☆hdp01
|html|viatleshdp01    
|uhtml|bestof|Game 1 of a best-of-3
|t:|1785375433
|gametype|doubles
|player|p1|viatles|hiker|1036
|player|p2|hdp01|1|1000
|gen|9
|tier|[Gen 9 Champions] VGC 2026 Reg M-B (Bo3)
|rated|
|rule|Species Clause: Limit one of each Pokémon
|rule|Item Clause: Limit 1 of each item
|clearpoke
|poke|p1|Falinks, L50, shiny|
|poke|p1|Wyrdeer, L50, F|
|poke|p1|Milotic, L50, F, shiny|
|poke|p1|Staraptor, L50, F|
|poke|p1|Tsareena, L50, F|
|poke|p1|Grimmsnarl, L50, M|
|poke|p2|Gardevoir, L50, F|
|poke|p2|Charizard, L50, M|
|poke|p2|Sneasler, L50, F|
|poke|p2|Aerodactyl, L50, M|
|poke|p2|Sableye, L50, M|
|poke|p2|Ninetales-Alola, L50, F|
|teampreview|4
|showteam|p1|Falinks||Falinksite|Defiant|RockSlide,CloseCombat,Protect,KnockOff|Jolly|||||50|]Wyrdeer||ChoiceScarf|Intimidate|SkillSwap,PsyshieldBash,Trick,Hypnosis|Jolly||F|||50|]Milotic||Leftovers|Competitive|IcyWind,Scald,Protect,LifeDew|Bold||F|||50|]Staraptor||Staraptite|Intimidate|CloseCombat,BraveBird,Protect,Tailwind|Jolly||F|||50|]Tsareena||WideLens|QueenlyMajesty|TripleAxel,TropKick,KnockOff,LowKick|Jolly||F|||50|]Grimmsnarl||LightClay|Prankster|FakeOut,SpiritBreak,LightScreen,Reflect|Calm||M|||50|
|showteam|p2|Gardevoir||Gardevoirite|Trace|HyperVoice,Psyshock,FocusBlast,Protect|Modest||F|||50|]Charizard||CharizarditeX|Blaze|FlareBlitz,DragonClaw,DragonDance,Protect|Adamant||M|||50|]Sneasler||WhiteHerb|Unburden|FakeOut,DireClaw,CloseCombat,Protect|Jolly||F|||50|]Aerodactyl||FocusSash|Unnerve|RockSlide,IceFang,Tailwind,Protect|Jolly||M|||50|]Sableye||SitrusBerry|Prankster|Quash,Reflect,LightScreen,WillOWisp|Calm||M|||50|]Ninetales-Alola||NeverMeltIce|SnowWarning|Blizzard,FreezeDry,Moonblast,Protect|Timid||F|||50|
|c|☆viatles|gl hf
|inactive|Battle timer is ON: inactive players will automatically lose when time's up. (requested by viatles)
|
|t:|1785375467
|teamsize|p1|4
|teamsize|p2|4
|start
|switch|p1a: Milk Duds|Falinks, L50, shiny|100/100
|switch|p1b: Wyrdeer|Wyrdeer, L50, F|100/100
|switch|p2a: Aerodactyl|Aerodactyl, L50, M|100/100
|switch|p2b: Gardevoir|Gardevoir, L50, F|100/100
|-ability|p2a: Aerodactyl|Unnerve
|-ability|p1b: Wyrdeer|Intimidate|boost
|-unboost|p2a: Aerodactyl|atk|1
|-unboost|p2b: Gardevoir|atk|1
|-ability|p2b: Gardevoir|Defiant|Trace|[from] ability: Trace|[of] p1a: Milk Duds
|turn|1
|
|t:|1785375486
|detailschange|p2b: Gardevoir|Gardevoir-Mega, L50, F
|-mega|p2b: Gardevoir|Gardevoir|Gardevoirite
|move|p1a: Milk Duds|Protect|p1a: Milk Duds
|-singleturn|p1a: Milk Duds|Protect
|move|p2a: Aerodactyl|Tailwind|p2a: Aerodactyl
|-sidestart|p2: hdp01|move: Tailwind
|move|p2b: Gardevoir|Hyper Voice|p1b: Wyrdeer|[spread] p1b
|-activate|p1a: Milk Duds|move: Protect
|-damage|p1b: Wyrdeer|50/100y
|move|p1b: Wyrdeer|Skill Swap|p2b: Gardevoir
|-activate|p1b: Wyrdeer|Skill Swap|Pixilate|Intimidate|[of] p2b: Gardevoir
|-ability|p2b: Gardevoir|Intimidate|boost
|-unboost|p1a: Milk Duds|atk|1
|-ability|p1a: Milk Duds|Defiant|boost
|-boost|p1a: Milk Duds|atk|2
|-unboost|p1b: Wyrdeer|atk|1
|
|upkeep
|turn|2
|inactive|hdp01 has 30 seconds left.
|
|t:|1785375513
|switch|p1b: Pentious|Milotic, L50, F, shiny|100/100
|detailschange|p1a: Milk Duds|Falinks-Mega, L50, shiny
|-mega|p1a: Milk Duds|Falinks|Falinksite
|move|p2a: Aerodactyl|Rock Slide|p1a: Milk Duds|[spread] p1a
|-miss|p2a: Aerodactyl|p1b: Pentious
|-resisted|p1a: Milk Duds|1
|-damage|p1a: Milk Duds|92/100
|move|p2b: Gardevoir|Psyshock|p1a: Milk Duds
|-supereffective|p1a: Milk Duds|1
|-damage|p1a: Milk Duds|2/100
|move|p1a: Milk Duds|Rock Slide|p2a: Aerodactyl|[spread] p2a,p2b
|-supereffective|p2a: Aerodactyl|1
|-damage|p2a: Aerodactyl|8/100
|-damage|p2b: Gardevoir|56/100
|
|upkeep
|turn|3
|inactive|hdp01 has 30 seconds left.
|
|t:|1785375548
|switch|p2b: Sneasler|Sneasler, L50, F|100/100
|move|p1a: Milk Duds|Protect|p1a: Milk Duds
|-singleturn|p1a: Milk Duds|Protect
|move|p2a: Aerodactyl|Rock Slide|p1b: Pentious|[spread] 
|-activate|p1a: Milk Duds|move: Protect
|-miss|p2a: Aerodactyl|p1b: Pentious
|move|p1b: Pentious|Icy Wind|p2b: Sneasler|[spread] p2a,p2b
|-supereffective|p2a: Aerodactyl|1
|-damage|p2a: Aerodactyl|0 fnt
|-damage|p2b: Sneasler|85/100
|-unboost|p2b: Sneasler|spe|1
|faint|p2a: Aerodactyl
|-enditem|p2b: Sneasler|White Herb
|-clearnegativeboost|p2b: Sneasler|[silent]
|
|upkeep
|
|t:|1785375567
|switch|p2a: Ninetales|Ninetales-Alola, L50, F|100/100
|-weather|Snowscape|[from] ability: Snow Warning|[of] p2a: Ninetales
|turn|4
|
|t:|1785375583
|switch|p1a: Wyrdeer|Wyrdeer, L50, F|50/100y
|-ability|p1a: Wyrdeer|Intimidate|boost
|-unboost|p2a: Ninetales|atk|1
|-unboost|p2b: Sneasler|atk|1
|move|p1b: Pentious|Protect|p1b: Pentious
|-singleturn|p1b: Pentious|Protect
|move|p2b: Sneasler|Fake Out|p1a: Wyrdeer
|-damage|p1a: Wyrdeer|38/100
|move|p2a: Ninetales|Freeze-Dry|p1b: Pentious
|-activate|p1b: Pentious|move: Protect
|
|-weather|Snowscape|[upkeep]
|-sideend|p2: hdp01|move: Tailwind
|upkeep
|turn|5
|
|t:|1785375602
|switch|p1b: Milk Duds|Falinks-Mega, L50, shiny|2/100
|move|p2b: Sneasler|Close Combat|p1a: Wyrdeer
|-damage|p1a: Wyrdeer|0 fnt
|-unboost|p2b: Sneasler|def|1
|-unboost|p2b: Sneasler|spd|1
|faint|p1a: Wyrdeer
|move|p2a: Ninetales|Freeze-Dry|p1b: Milk Duds
|-damage|p1b: Milk Duds|0 fnt
|faint|p1b: Milk Duds
|
|-weather|Snowscape|[upkeep]
|upkeep
|
|t:|1785375614
|switch|p1b: Pentious|Milotic, L50, F, shiny|100/100
|switch|p1a: Tsareena|Tsareena, L50, F|100/100
|turn|6
|
|t:|1785375624
|move|p2a: Ninetales|Protect|p2a: Ninetales
|-singleturn|p2a: Ninetales|Protect
|move|p2b: Sneasler|Dire Claw|p1a: Tsareena
|-supereffective|p1a: Tsareena|1
|-damage|p1a: Tsareena|41/100
|move|p1a: Tsareena|Trop Kick|p2a: Ninetales
|-activate|p2a: Ninetales|move: Protect
|move|p1b: Pentious|Scald|p2a: Ninetales
|-activate|p2a: Ninetales|move: Protect
|
|-weather|Snowscape|[upkeep]
|upkeep
|turn|7
|
|t:|1785375642
|move|p1b: Pentious|Protect|p1b: Pentious
|-singleturn|p1b: Pentious|Protect
|move|p2b: Sneasler|Dire Claw|p1a: Tsareena
|-supereffective|p1a: Tsareena|1
|-damage|p1a: Tsareena|0 fnt
|faint|p1a: Tsareena
|move|p2a: Ninetales|Freeze-Dry|p1b: Pentious
|-activate|p1b: Pentious|move: Protect
|
|-weather|Snowscape|[upkeep]
|upkeep
|turn|8
|
|t:|1785375656
|move|p2b: Sneasler|Close Combat|p1b: Pentious
|-damage|p1b: Pentious|62/100
|-unboost|p2b: Sneasler|def|1
|-unboost|p2b: Sneasler|spd|1
|move|p2a: Ninetales|Freeze-Dry|p1b: Pentious
|-supereffective|p1b: Pentious|1
|-damage|p1b: Pentious|21/100
|move|p1b: Pentious|Icy Wind|p2b: Sneasler|[spread] p2a,p2b
|-resisted|p2a: Ninetales|1
|-damage|p2a: Ninetales|94/100
|-damage|p2b: Sneasler|54/100
|-unboost|p2a: Ninetales|spe|1
|-unboost|p2b: Sneasler|spe|1
|
|-weather|none
|-heal|p1b: Pentious|28/100|[from] item: Leftovers
|upkeep
|turn|9
|
|t:|1785375675
|move|p1b: Pentious|Protect|p1b: Pentious
|-singleturn|p1b: Pentious|Protect
|move|p2b: Sneasler|Close Combat|p1b: Pentious
|-activate|p1b: Pentious|move: Protect
|move|p2a: Ninetales|Freeze-Dry|p1b: Pentious
|-activate|p1b: Pentious|move: Protect
|
|-heal|p1b: Pentious|34/100|[from] item: Leftovers
|upkeep
|turn|10
|
|t:|1785375693
|move|p2b: Sneasler|Close Combat|p1b: Pentious
|-damage|p1b: Pentious|0 fnt
|-unboost|p2b: Sneasler|def|1
|-unboost|p2b: Sneasler|spd|1
|faint|p1b: Pentious
|
|win|hdp01
