|j|☆witty olive
|j|☆coalossal_idiot
|html|witty olivecoalossal_idiot    
|uhtml|bestof|Game 1 of a best-of-3
|t:|1757005568
|gametype|doubles
|player|p1|witty olive|miku-water|1427
|player|p2|coalossal_idiot|birdkeeper|1353
|gen|9
|tier|[Gen 9] VGC 2025 Reg H (Bo3)
|rated|
|rule|Species Clause: Limit one of each Pokémon
|rule|Item Clause: Limit 1 of each item
|clearpoke
|poke|p1|Sneasler, L50, M|
|poke|p1|Indeedee, L50, M|
|poke|p1|Volcarona, L50, F|
|poke|p1|Ursaluna-Bloodmoon, L50, M|
|poke|p1|Annihilape, L50, F|
|poke|p1|Tyranitar, L50, M|
|poke|p2|Samurott-Hisui, L50, F|
|poke|p2|Sneasler, L50, M|
|poke|p2|Corviknight, L50, F|
|poke|p2|Volcarona, L50, M|
|poke|p2|Electabuzz, L50, F|
|poke|p2|Whimsicott, L50, M|
|teampreview|4
|showteam|p1|Sneasler||PsychicSeed|Unburden|CloseCombat,DireClaw,ThroatChop,Protect|||M|||50|,,,,,Dark]Indeedee||ChoiceScarf|PsychicSurge|ExpandingForce,TeraBlast,Trick,Protect|||M|||50|,,,,,Psychic]Volcarona||SitrusBerry|FlameBody|Overheat,StruggleBug,RagePowder,Tailwind|||F|||50|,,,,,Grass]Ursaluna-Bloodmoon||LifeOrb|MindsEye|BloodMoon,HyperVoice,EarthPower,Protect|||M|||50|,,,,,Normal]Annihilape||SafetyGoggles|Defiant|CloseCombat,RageFist,Taunt,FinalGambit|||F|||50|,,,,,Fairy]Tyranitar||AssaultVest|SandStream|RockSlide,KnockOff,TeraBlast,LowKick|||M|||50|,,,,,Flying
|showteam|p2|Samurott-Hisui||ClearAmulet|Sharpness|RazorShell,KnockOff,SacredSword,Protect|||F|||50|,,,,,Fighting]Sneasler||WhiteHerb|Unburden|DireClaw,CloseCombat,Coaching,Protect|||M|||50|,,,,,Ghost]Corviknight||Leftovers|MirrorArmor|BraveBird,BodyPress,BulkUp,Roost|||F|||50|,,,,,Dragon]Volcarona||CovertCloak|FlameBody|HeatWave,GigaDrain,QuiverDance,Protect|||M|||50|,,,,,Grass]Electabuzz||Eviolite|VitalSpirit|Thunderbolt,FollowMe,Taunt,Protect|||F|||50|,,,,,Ghost]Whimsicott||FocusSash|Prankster|Moonblast,MistyTerrain,Tailwind,Encore|||M|||50|,,,,,Ghost
|inactive|Battle timer is ON: inactive players will automatically lose when time's up. (requested by coalossal_idiot)
|inactive|witty olive has 60 seconds left.
|inactive|witty olive has 30 seconds left.
|
|t:|1757005648
|teamsize|p1|4
|teamsize|p2|4
|start
|switch|p1a: Indeedee|Indeedee, L50, M, shiny|100/100
|switch|p1b: Annihilape|Annihilape, L50, F, shiny|100/100
|switch|p2a: Samurott|Samurott-Hisui, L50, F|100/100
|switch|p2b: Electabuzz|Electabuzz, L50, F|100/100
|-fieldstart|move: Psychic Terrain|[from] ability: Psychic Surge|[of] p1a: Indeedee
|turn|1
|
|t:|1757005671
|switch|p1a: Sneasler|Sneasler, L50, M, shiny|100/100
|-enditem|p1a: Sneasler|Psychic Seed
|-boost|p1a: Sneasler|spd|1|[from] item: Psychic Seed
|move|p2b: Electabuzz|Follow Me|p2b: Electabuzz
|-singleturn|p2b: Electabuzz|move: Follow Me
|move|p1b: Annihilape|Close Combat|p2b: Electabuzz
|-damage|p2b: Electabuzz|66/100
|-unboost|p1b: Annihilape|def|1
|-unboost|p1b: Annihilape|spd|1
|move|p2a: Samurott|Knock Off|p1a: Sneasler
|-resisted|p1a: Sneasler
|-damage|p1a: Sneasler|71/100
|
|upkeep
|turn|2
|inactive|witty olive has 30 seconds left.
|
|t:|1757005696
|-terastallize|p2b: Electabuzz|Ghost
|move|p1a: Sneasler|Protect|p1a: Sneasler
|-singleturn|p1a: Sneasler|Protect
|move|p2b: Electabuzz|Follow Me|p2b: Electabuzz
|-singleturn|p2b: Electabuzz|move: Follow Me
|move|p1b: Annihilape|Rage Fist|p2b: Electabuzz
|-supereffective|p2b: Electabuzz
|-damage|p2b: Electabuzz|31/100
|move|p2a: Samurott|Knock Off|p1b: Annihilape
|-damage|p1b: Annihilape|23/100
|-enditem|p1b: Annihilape|Safety Goggles|[from] move: Knock Off|[of] p2a: Samurott
|
|upkeep
|turn|3
|
|t:|1757005713
|switch|p2a: Sneasler|Sneasler, L50, M|100/100
|move|p2b: Electabuzz|Protect|p2b: Electabuzz
|-singleturn|p2b: Electabuzz|Protect
|move|p1a: Sneasler|Throat Chop|p2b: Electabuzz
|-activate|p2b: Electabuzz|move: Protect
|move|p1b: Annihilape|Close Combat|p2a: Sneasler
|-resisted|p2a: Sneasler
|-damage|p2a: Sneasler|58/100
|-unboost|p1b: Annihilape|def|1
|-unboost|p1b: Annihilape|spd|1
|
|upkeep
|turn|4
|
|t:|1757005733
|move|p2b: Electabuzz|Follow Me|p2b: Electabuzz
|-singleturn|p2b: Electabuzz|move: Follow Me
|move|p1a: Sneasler|Throat Chop|p2b: Electabuzz
|-supereffective|p2b: Electabuzz
|-damage|p2b: Electabuzz|0 fnt
|faint|p2b: Electabuzz
|move|p2a: Sneasler|Close Combat|p1a: Sneasler
|-resisted|p1a: Sneasler
|-damage|p1a: Sneasler|21/100
|-unboost|p2a: Sneasler|def|1
|-unboost|p2a: Sneasler|spd|1
|-enditem|p2a: Sneasler|White Herb
|-clearnegativeboost|p2a: Sneasler|[silent]
|move|p1b: Annihilape|Rage Fist|p2a: Sneasler
|-damage|p2a: Sneasler|0 fnt
|faint|p2a: Sneasler
|
|upkeep
|
|t:|1757005738
|switch|p2a: Whimsicott|Whimsicott, L50, M|100/100
|switch|p2b: Samurott|Samurott-Hisui, L50, F|100/100
|turn|5
|
|t:|1757005757
|move|p2b: Samurott|Protect|p2b: Samurott
|-singleturn|p2b: Samurott|Protect
|move|p1a: Sneasler|Close Combat|p2b: Samurott
|-activate|p2b: Samurott|move: Protect
|move|p2a: Whimsicott|Moonblast|p1a: Sneasler
|-crit|p1a: Sneasler
|-damage|p1a: Sneasler|0 fnt
|faint|p1a: Sneasler
|move|p1b: Annihilape|Rage Fist|p2a: Whimsicott
|-crit|p2a: Whimsicott
|-damage|p2a: Whimsicott|8/100
|
|-fieldend|move: Psychic Terrain
|upkeep
|inactive|witty olive has 30 seconds left.
|
|t:|1757005785
|switch|p1a: Tyranitar|Tyranitar, L50, M, shiny|100/100
|-weather|Sandstorm|[from] ability: Sand Stream|[of] p1a: Tyranitar
|turn|6
|
|t:|1757005803
|switch|p1b: Indeedee|Indeedee, L50, M, shiny|100/100
|-fieldstart|move: Psychic Terrain|[from] ability: Psychic Surge|[of] p1b: Indeedee
|-terastallize|p1a: Tyranitar|Flying
|move|p2a: Whimsicott|Tailwind|p2a: Whimsicott
|-sidestart|p2: coalossal_idiot|move: Tailwind
|move|p2b: Samurott|Knock Off|p1b: Indeedee
|-supereffective|p1b: Indeedee
|-damage|p1b: Indeedee|0 fnt
|-enditem|p1b: Indeedee|Choice Scarf|[from] move: Knock Off|[of] p2b: Samurott
|faint|p1b: Indeedee
|move|p1a: Tyranitar|Low Kick|p2b: Samurott
|-supereffective|p2b: Samurott
|-damage|p2b: Samurott|26/100
|
|-weather|Sandstorm|[upkeep]
|-damage|p2a: Whimsicott|2/100|[from] Sandstorm
|-damage|p2b: Samurott|20/100|[from] Sandstorm
|-damage|p1a: Tyranitar|95/100|[from] Sandstorm
|upkeep
|
|t:|1757005813
|switch|p1b: Annihilape|Annihilape, L50, F, shiny|23/100
|turn|7
|
|t:|1757005828
|move|p2b: Samurott|Protect|p2b: Samurott
|-singleturn|p2b: Samurott|Protect
|move|p2a: Whimsicott|Moonblast|p1b: Annihilape
|-supereffective|p1b: Annihilape
|-damage|p1b: Annihilape|0 fnt
|faint|p1b: Annihilape
|move|p1a: Tyranitar|Low Kick|p2b: Samurott
|-activate|p2b: Samurott|move: Protect
|
|-weather|Sandstorm|[upkeep]
|-damage|p2a: Whimsicott|0 fnt|[from] Sandstorm
|-damage|p2b: Samurott|14/100|[from] Sandstorm
|-damage|p1a: Tyranitar|89/100|[from] Sandstorm
|faint|p2a: Whimsicott
|upkeep
|turn|8
|
|t:|1757005833
|move|p2b: Samurott|Knock Off|p1a: Tyranitar
|-damage|p1a: Tyranitar|43/100
|-enditem|p1a: Tyranitar|Assault Vest|[from] move: Knock Off|[of] p2b: Samurott
|move|p1a: Tyranitar|Low Kick|p2b: Samurott
|-supereffective|p2b: Samurott
|-damage|p2b: Samurott|0 fnt
|faint|p2b: Samurott
|
|win|witty olive
|l|☆coalossal_idiot
|player|p2|
||witty olive is ready for game 2.
||coalossal_idiot is ready for game 2.
|uhtml|next|Next: Game 2 of 3
|l|☆witty olive
|player|p1|
|j|☆coalossal_idiot
|player|p2|coalossal_idiot|birdkeeper|
