|j|☆hamilton60
|j|☆chewy230
|html|hamilton60chewy230    
|uhtml|bestof|Game 3 of a best-of-3
|t:|1783503908
|gametype|doubles
|player|p1|hamilton60|170|1050
|player|p2|chewy230|blaine|1087
|gen|9
|tier|[Gen 9 Champions] VGC 2026 Reg M-B (Bo3)
|rated|
|rule|Species Clause: Limit one of each Pokémon
|rule|Item Clause: Limit 1 of each item
|clearpoke
|poke|p1|Venusaur, L50, M|
|poke|p1|Charizard, L50, M|
|poke|p1|Primarina, L50, F|
|poke|p1|Incineroar, L50, F|
|poke|p1|Meowscarada, L50, M|
|poke|p1|Feraligatr, L50, F|
|poke|p2|Clefable, L50, M|
|poke|p2|Scizor, L50, M|
|poke|p2|Pelipper, L50, M|
|poke|p2|Hydreigon, L50, M|
|poke|p2|Sneasler, L50, M|
|poke|p2|Kingambit, L50, M|
|teampreview|4
|showteam|p1|Venusaur||MentalHerb|Chlorophyll|SleepPowder,SludgeBomb,Synthesis,Protect|Timid||M|||50|]Charizard||CharizarditeY|SolarPower|SolarBeam,Flamethrower,AirSlash,Protect|Timid||M|||50|]Primarina||LifeOrb|LiquidVoice|HyperVoice,Substitute,Moonblast,Protect|Modest||F|||50|]Incineroar||Leftovers|Intimidate|FakeOut,PartingShot,FlareBlitz,HelpingHand|Adamant||F|||50|]Meowscarada||ChoiceScarf|Protean|FlowerTrick,ShadowClaw,KnockOff,BrickBreak|Jolly||M|||50|]Feraligatr||Feraligite|Torrent|DragonDance,DoubleEdge,Protect,Waterfall|Adamant||F|||50|
|showteam|p2|Clefable||Clefablite|Unaware|Moonblast,FollowMe,LifeDew,Protect|Timid||M|||50|]Scizor||Scizorite|Technician|BugBite,BulletPunch,SwordsDance,Protect|Careful||M|||50|]Pelipper||Leftovers|Drizzle|Hurricane,IceBeam,Tailwind,Protect|Bold||M|||50|]Hydreigon||RoseliBerry|Levitate|DarkPulse,DracoMeteor,FlashCannon,NastyPlot|Calm||M|||50|]Sneasler||WhiteHerb|Unburden|Feint,CloseCombat,DireClaw,Coaching|Jolly||M|||50|]Kingambit||BlackGlasses|Defiant|SuckerPunch,KowtowCleave,IronHead,Protect|Impish||M|||50|
|inactive|Battle timer is ON: inactive players will automatically lose when time's up. (requested by hamilton60)
|inactive|chewy230 has 60 seconds left.
|
|t:|1783503941
|teamsize|p1|4
|teamsize|p2|4
|start
|switch|p1a: Venusaur|Venusaur, L50, M|100/100
|switch|p1b: Feraligatr|Feraligatr, L50, F|100/100
|switch|p2a: Sneasler|Sneasler, L50, M|100/100
|switch|p2b: Kingambit|Kingambit, L50, M|100/100
|turn|1
|
|t:|1783503965
|detailschange|p1b: Feraligatr|Feraligatr-Mega, L50, F
|-mega|p1b: Feraligatr|Feraligatr|Feraligite
|move|p2b: Kingambit|Protect|p2b: Kingambit
|-singleturn|p2b: Kingambit|Protect
|move|p2a: Sneasler|Dire Claw|p1b: Feraligatr
|-damage|p1b: Feraligatr|60/100
|move|p1a: Venusaur|Sleep Powder|p2b: Kingambit
|-activate|p2b: Kingambit|move: Protect
|move|p1b: Feraligatr|Dragon Dance|p1b: Feraligatr
|-boost|p1b: Feraligatr|atk|1
|-boost|p1b: Feraligatr|spe|1
|
|upkeep
|turn|2
|inactive|chewy230 has 30 seconds left.
|
|t:|1783503991
|move|p1b: Feraligatr|Protect|p1b: Feraligatr
|-singleturn|p1b: Feraligatr|Protect
|move|p2a: Sneasler|Dire Claw|p1a: Venusaur
|-damage|p1a: Venusaur|54/100
|move|p1a: Venusaur|Sleep Powder|p2b: Kingambit
|-status|p2b: Kingambit|slp|[from] move: Sleep Powder
|cant|p2b: Kingambit|slp
|
|upkeep
|turn|3
|
|t:|1783504014
|cant|p2b: Kingambit|slp
|move|p1b: Feraligatr|Waterfall|p2a: Sneasler
|-damage|p2a: Sneasler|0 fnt
|faint|p2a: Sneasler
|move|p1a: Venusaur|Synthesis|p1a: Venusaur
|-heal|p1a: Venusaur|100/100
|
|upkeep
|
|t:|1783504022
|switch|p2a: Scizor|Scizor, L50, M|100/100
|turn|4
|
|t:|1783504039
|detailschange|p2a: Scizor|Scizor-Mega, L50, M
|-mega|p2a: Scizor|Scizor|Scizorite
|move|p2a: Scizor|Protect|p2a: Scizor
|-singleturn|p2a: Scizor|Protect
|-curestatus|p2b: Kingambit|slp|[msg]
|move|p2b: Kingambit|Protect|p2b: Kingambit
|-singleturn|p2b: Kingambit|Protect
|move|p1b: Feraligatr|Dragon Dance|p1b: Feraligatr
|-boost|p1b: Feraligatr|atk|1
|-boost|p1b: Feraligatr|spe|1
|move|p1a: Venusaur|Sleep Powder|p2a: Scizor
|-activate|p2a: Scizor|move: Protect
|
|upkeep
|turn|5
|inactive|chewy230 has 30 seconds left.
|
|t:|1783504069
|move|p1b: Feraligatr|Protect|p1b: Feraligatr
|-singleturn|p1b: Feraligatr|Protect
|move|p2a: Scizor|Bullet Punch|p1a: Venusaur
|-damage|p1a: Venusaur|65/100
|move|p1a: Venusaur|Sleep Powder|p2b: Kingambit|[miss]
|-miss|p1a: Venusaur|p2b: Kingambit
|move|p2b: Kingambit|Kowtow Cleave|p1a: Venusaur
|-damage|p1a: Venusaur|15/100
|
|upkeep
|turn|6
|inactive|chewy230 has 30 seconds left.
|
|t:|1783504095
|move|p2a: Scizor|Bullet Punch|p1a: Venusaur
|-damage|p1a: Venusaur|0 fnt
|faint|p1a: Venusaur
|move|p1b: Feraligatr|Waterfall|p2a: Scizor
|-damage|p2a: Scizor|18/100
|move|p2b: Kingambit|Kowtow Cleave|p1b: Feraligatr
|-damage|p1b: Feraligatr|16/100
|
|upkeep
|
|t:|1783504103
|switch|p1a: Meowscarada|Meowscarada, L50, M|100/100
|turn|7
|
|t:|1783504123
|move|p2a: Scizor|Bullet Punch|p1a: Meowscarada
|-damage|p1a: Meowscarada|49/100
|move|p2b: Kingambit|Sucker Punch|p1b: Feraligatr
|-damage|p1b: Feraligatr|0 fnt
|faint|p1b: Feraligatr
|move|p1a: Meowscarada|Brick Break|p2b: Kingambit
|-start|p1a: Meowscarada|typechange|Fighting|[from] ability: Protean
|-supereffective|p2b: Kingambit|2
|-damage|p2b: Kingambit|18/100
|
|upkeep
|
|t:|1783504129
|switch|p1b: Primarina|Primarina, L50, F|100/100
|turn|8
|inactive|chewy230 has 30 seconds left.
|inactive|chewy230 has 20 seconds left.
|
|t:|1783504170
|move|p2b: Kingambit|Protect|p2b: Kingambit
|-singleturn|p2b: Kingambit|Protect
|move|p2a: Scizor|Bullet Punch|p1a: Meowscarada
|-damage|p1a: Meowscarada|3/100
|move|p1a: Meowscarada|Brick Break|p2a: Scizor
|-damage|p2a: Scizor|0 fnt
|faint|p2a: Scizor
|move|p1b: Primarina|Hyper Voice|p2b: Kingambit
|-activate|p2b: Kingambit|move: Protect
|
|upkeep
|
|t:|1783504179
|switch|p2a: Pelipper|Pelipper, L50, M|100/100
|-weather|RainDance|[from] ability: Drizzle|[of] p2a: Pelipper
|turn|9
|
|t:|1783504192
|move|p1a: Meowscarada|Brick Break|p2b: Kingambit
|-supereffective|p2b: Kingambit|2
|-damage|p2b: Kingambit|0 fnt
|faint|p2b: Kingambit
|move|p2a: Pelipper|Hurricane|p1b: Primarina
|-damage|p1b: Primarina|69/100
|-start|p1b: Primarina|confusion
|-activate|p1b: Primarina|confusion
|move|p1b: Primarina|Moonblast|p2a: Pelipper
|-damage|p2a: Pelipper|5/100
|-damage|p1b: Primarina|59/100|[from] item: Life Orb
|
|-weather|RainDance|[upkeep]
|-heal|p2a: Pelipper|11/100|[from] item: Leftovers
|upkeep
|turn|10
|
|t:|1783504210
|move|p1a: Meowscarada|Brick Break|p2a: Pelipper
|-resisted|p2a: Pelipper|1
|-damage|p2a: Pelipper|0 fnt
|faint|p2a: Pelipper
|
|win|hamilton60
|raw|hamilton60's rating: 1050 → 1086(+36 for winning)
|raw|chewy230's rating: 1087 → 1062(-25 for losing)
|c|☆hamilton60|Gg
|l|☆chewy230
|player|p2|
