|j|☆CalliopeOKBH
|j|☆proojib
|html|CalliopeOKBHproojib    
|uhtml|bestof|Game 2 of a best-of-3
|t:|1757202455
|gametype|doubles
|player|p1|CalliopeOKBH|zinnia|1129
|player|p2|proojib|bugcatcher-gen4dp|1040
|gen|9
|tier|[Gen 9] VGC 2025 Reg H (Bo3)
|rated|
|rule|Species Clause: Limit one of each Pokémon
|rule|Item Clause: Limit 1 of each item
|clearpoke
|poke|p1|Indeedee, L50, M|
|poke|p1|Sneasler, L50, M|
|poke|p1|Hatterene, L50, F|
|poke|p1|Ursaluna-Bloodmoon, L50, M|
|poke|p1|Kingambit, L50, M|
|poke|p1|Gallade, L50, M|
|poke|p2|Gholdengo, L50|
|poke|p2|Sneasler, L50, M|
|poke|p2|Rillaboom, L50, M|
|poke|p2|Dragonite, L50, F|
|poke|p2|Ninetales-Alola, L50, M|
|poke|p2|Arcanine-Hisui, L50, M|
|teampreview|4
|showteam|p1|Indeedee||SitrusBerry|PsychicSurge|ExpandingForce,DazzlingGleam,Protect,TrickRoom|||M|||50|,,,,,Steel]Sneasler||PsychicSeed|Unburden|CloseCombat,DireClaw,ThroatChop,Protect|||M|||50|,,,,,Dark]Hatterene||LifeOrb|MagicBounce|TrickRoom,ExpandingForce,DazzlingGleam,Protect|||F|||50|,,,,,Psychic]Ursaluna-Bloodmoon||Leftovers|MindsEye|BloodMoon,HyperVoice,EarthPower,CalmMind|||M|||50|,,,,,Normal]Kingambit||AssaultVest|Defiant|KowtowCleave,LowKick,IronHead,SuckerPunch|||M|||50|,,,,,Fire]Gallade||ClearAmulet|Sharpness|SacredSword,PsychoCut,TrickRoom,WideGuard|||M|||50|,,,,,Ghost
|showteam|p2|Gholdengo||GrassySeed|GoodasGold|NastyPlot,MakeItRain,ShadowBall,Protect||||||50|,,,,,Water]Sneasler||WhiteHerb|Unburden|CloseCombat,DireClaw,Coaching,Protect|||M|||50|,,,,,Ghost]Rillaboom||AssaultVest|GrassySurge|FakeOut,GrassyGlide,DrumBeating,HighHorsepower|||M|||50|,,,,,Fire]Dragonite||LoadedDice|Multiscale|ScaleShot,StompingTantrum,Tailwind,Protect|||F|||50|,,,,,Ground]Ninetales-Alola||FocusSash|SnowWarning|Blizzard,IcyWind,Encore,AuroraVeil|||M|||50|,,,,,Ghost]Arcanine-Hisui||ClearAmulet|Intimidate|RockSlide,FlareBlitz,ExtremeSpeed,Protect|||M|||50|,,,,,Water
|inactive|Battle timer is ON: inactive players will automatically lose when time's up. (requested by CalliopeOKBH)
|inactive|proojib also wants the timer to be on.
|inactive|proojib has 60 seconds left.
|
|t:|1757202486
|teamsize|p1|4
|teamsize|p2|4
|start
|switch|p1a: Hatterene|Hatterene, L50, F|100/100
|switch|p1b: Gallade|Gallade, L50, M|100/100
|switch|p2a: Gholdengo|Gholdengo, L50|100/100
|switch|p2b: Sneasler|Sneasler, L50, M|100/100
|turn|1
|
|t:|1757202503
|switch|p1a: Indeedee|Indeedee, L50, M|100/100
|-fieldstart|move: Psychic Terrain|[from] ability: Psychic Surge|[of] p1a: Indeedee
|move|p2b: Sneasler|Dire Claw|p1a: Indeedee
|-damage|p1a: Indeedee|29/100
|-status|p1a: Indeedee|slp
|-enditem|p1a: Indeedee|Sitrus Berry|[eat]
|-heal|p1a: Indeedee|54/100 slp|[from] item: Sitrus Berry
|move|p2a: Gholdengo|Shadow Ball|p1b: Gallade
|-supereffective|p1b: Gallade
|-damage|p1b: Gallade|27/100
|move|p1b: Gallade|Trick Room|p1b: Gallade
|-fieldstart|move: Trick Room|[of] p1b: Gallade
|
|upkeep
|turn|2
|inactive|CalliopeOKBH has 30 seconds left.
|inactive|proojib has 30 seconds left.
|
|t:|1757202537
|switch|p1a: Hatterene|Hatterene, L50, F|100/100
|switch|p2b: Rillaboom|Rillaboom, L50, M|100/100
|-fieldstart|move: Grassy Terrain|[from] ability: Grassy Surge|[of] p2b: Rillaboom
|-enditem|p2a: Gholdengo|Grassy Seed
|-boost|p2a: Gholdengo|def|1|[from] item: Grassy Seed
|move|p1b: Gallade|Wide Guard|p1b: Gallade
|-singleturn|p1b: Gallade|Wide Guard
|move|p2a: Gholdengo|Nasty Plot|p2a: Gholdengo
|-boost|p2a: Gholdengo|spa|2
|
|-heal|p1b: Gallade|33/100|[from] Grassy Terrain
|upkeep
|turn|3
|
|t:|1757202552
|switch|p1b: Indeedee|Indeedee, L50, M|54/100 slp
|-fieldstart|move: Psychic Terrain|[from] ability: Psychic Surge|[of] p1b: Indeedee
|-terastallize|p1a: Hatterene|Psychic
|move|p1a: Hatterene|Expanding Force|p2b: Rillaboom|[spread] p2a,p2b
|-resisted|p2a: Gholdengo
|-damage|p2a: Gholdengo|40/100
|-damage|p2b: Rillaboom|6/100
|-damage|p1a: Hatterene|91/100|[from] item: Life Orb
|move|p2a: Gholdengo|Make It Rain|p1a: Hatterene|[spread] p1a,p1b
|-damage|p1a: Hatterene|0 fnt
|-damage|p1b: Indeedee|0 fnt
|-unboost|p2a: Gholdengo|spa|1
|faint|p1a: Hatterene
|faint|p1b: Indeedee
|move|p2b: Rillaboom|Grassy Glide|p1: Hatterene|[notarget]
|-fail|p2b: Rillaboom
|
|upkeep
|
|t:|1757202564
|switch|p1a: Gallade|Gallade, L50, M|33/100
|switch|p1b: Kingambit|Kingambit, L50, M|100/100
|turn|4
|inactive|proojib has 30 seconds left.
|
|t:|1757202599
|switch|p2b: Ninetales|Ninetales-Alola, L50, M|100/100
|-weather|Snowscape|[from] ability: Snow Warning|[of] p2b: Ninetales
|move|p2a: Gholdengo|Protect|p2a: Gholdengo
|-singleturn|p2a: Gholdengo|Protect
|move|p1b: Kingambit|Kowtow Cleave|p2a: Gholdengo
|-activate|p2a: Gholdengo|move: Protect
|move|p1a: Gallade|Psycho Cut|p2b: Ninetales
|-damage|p2b: Ninetales|28/100
|
|-weather|Snowscape|[upkeep]
|upkeep
|turn|5
|
|t:|1757202618
|-terastallize|p2a: Gholdengo|Water
|move|p1b: Kingambit|Kowtow Cleave|p2a: Gholdengo
|-damage|p2a: Gholdengo|8/100
|move|p1a: Gallade|Psycho Cut|p2b: Ninetales
|-damage|p2b: Ninetales|0 fnt
|faint|p2b: Ninetales
|move|p2a: Gholdengo|Make It Rain|p1a: Gallade|[spread] p1a,p1b
|-resisted|p1b: Kingambit
|-damage|p1a: Gallade|0 fnt
|-damage|p1b: Kingambit|80/100
|-unboost|p2a: Gholdengo|spa|1
|faint|p1a: Gallade
|
|-weather|Snowscape|[upkeep]
|-fieldend|move: Trick Room
|upkeep
|
|t:|1757202622
|switch|p2b: Sneasler|Sneasler, L50, M|100/100
|turn|6
|
|t:|1757202627
|move|p2b: Sneasler|Close Combat|p1b: Kingambit
|-supereffective|p1b: Kingambit
|-damage|p1b: Kingambit|0 fnt
|-unboost|p2b: Sneasler|def|1
|-unboost|p2b: Sneasler|spd|1
|faint|p1b: Kingambit
|-enditem|p2b: Sneasler|White Herb
|-clearnegativeboost|p2b: Sneasler|[silent]
|
|win|proojib
|raw|CalliopeOKBH's rating: 1129 → 1098(-31 for losing)
|raw|proojib's rating: 1040 → 1083(+43 for winning)
