|j|☆chatgptdraftduel
|j|☆rager88
|html|chatgptdraftduelrager88    
|uhtml|bestof|Game 2 of a best-of-3
|t:|1786132403
|gametype|doubles
|player|p1|chatgptdraftduel|169|
|player|p2|rager88|101|
|gen|9
|tier|[Gen 9 Champions] VGC 2026 Reg M-B (Bo3)
|rule|Species Clause: Limit one of each Pokémon
|rule|Item Clause: Limit 1 of each item
|clearpoke
|poke|p1|Skarmory, L50, F|
|poke|p1|Tyranitar, L50, M|
|poke|p1|Slowking, L50, M|
|poke|p1|Arcanine, L50, M|
|poke|p1|Heracross, L50, M|
|poke|p1|Ampharos, L50, M|
|poke|p2|Sableye, L50, F|
|poke|p2|Dragonite, L50, M|
|poke|p2|Milotic, L50, M|
|poke|p2|Starmie, L50|
|poke|p2|Ariados, L50, F|
|poke|p2|Scizor, L50, F|
|teampreview|4
|showteam|p1|Skarmory||Skarmorite|Sturdy|BraveBird,IronHead,SwordsDance,DrillRun|Jolly||F|||50|]Tyranitar||ChopleBerry|SandStream|RockSlide,Crunch,IcePunch,LowKick|Adamant||M|||50|]Slowking||Leftovers|Regenerator|Scald,Psychic,TrickRoom,SlackOff|Bold||M|||50|]Arcanine||Charcoal|Intimidate|FlareBlitz,ExtremeSpeed,WillOWisp,Protect|Adamant||M|||50|]Heracross||ChoiceScarf|Moxie|CloseCombat,Megahorn,RockSlide,Earthquake|Jolly||M|||50|]Ampharos||Ampharosite|Static|Thunderbolt,DragonPulse,VoltSwitch,Protect|Modest||M|||50|
|showteam|p2|Sableye||DampRock|Prankster|FakeOut,RainDance,Encore,Quash|Careful||F|||50|]Dragonite||Dragoninite|Multiscale|DracoMeteor,Thunder,Hurricane,Tailwind|Modest||M|||50|]Milotic||Leftovers|Competitive|Coil,Hypnosis,IcyWind,Scald|Bold||M|||50|]Starmie||Starminite|Illuminate|Waterfall,IceSpinner,ZenHeadbutt,BulkUp|Adamant|||||50|]Ariados||BrightPowder|Sniper|RagePowder,StringShot,Protect,CrossPoison|Impish||F|||50|]Scizor||SitrusBerry|Technician|SwordsDance,BulletPunch,CloseCombat,BugBite|Adamant||F|||50|
|
|t:|1786132510
|teamsize|p1|4
|teamsize|p2|4
|start
|switch|p1a: Ampharos|Ampharos, L50, M|100/100
|switch|p1b: Heracross|Heracross, L50, M|100/100
|switch|p2a: Sableye|Sableye, L50, F|100/100
|switch|p2b: Dragonite|Dragonite, L50, M|100/100
|turn|1
|
|t:|1786132620
|detailschange|p2b: Dragonite|Dragonite-Mega, L50, M
|-mega|p2b: Dragonite|Dragonite|Dragoninite
|detailschange|p1a: Ampharos|Ampharos-Mega, L50, M
|-mega|p1a: Ampharos|Ampharos|Ampharosite
|-ability|p1a: Ampharos|Mold Breaker
|move|p1a: Ampharos|Protect|p1a: Ampharos
|-singleturn|p1a: Ampharos|Protect
|move|p2a: Sableye|Fake Out|p1b: Heracross
|-damage|p1b: Heracross|90/100
|cant|p1b: Heracross|flinch
|move|p2b: Dragonite|Draco Meteor|p1a: Ampharos
|-activate|p1a: Ampharos|move: Protect
|
|upkeep
|turn|2
|
|t:|1786132731
|move|p2a: Sableye|Encore|p1a: Ampharos
|-start|p1a: Ampharos|Encore
|move|p1a: Ampharos|Protect|p1a: Ampharos
|-singleturn|p1a: Ampharos|Protect
|move|p1b: Heracross|Megahorn|p2a: Sableye
|-damage|p2a: Sableye|17/100
|move|p2b: Dragonite|Tailwind|p2b: Dragonite
|-sidestart|p2: rager88|move: Tailwind
|
|upkeep
|turn|3
|
|t:|1786132827
|move|p1a: Ampharos|Protect||[still]
|-fail|p1a: Ampharos
|move|p2a: Sableye|Rain Dance|p2a: Sableye
|-weather|RainDance
|move|p2b: Dragonite|Hurricane|p1b: Heracross
|-supereffective|p1b: Heracross|2
|-damage|p1b: Heracross|0 fnt
|faint|p1b: Heracross
|
|-weather|RainDance|[upkeep]
|upkeep
|
|t:|1786132944
|switch|p1b: Arcanine|Arcanine, L50, M|100/100
|-ability|p1b: Arcanine|Intimidate|boost
|-unboost|p2a: Sableye|atk|1
|-unboost|p2b: Dragonite|atk|1
|turn|4
|
|t:|1786133076
|switch|p2a: Ariados|Ariados, L50, F|100/100
|switch|p1a: Skarmory|Skarmory, L50, F|100/100
|move|p2b: Dragonite|Hurricane|p1b: Arcanine
|-damage|p1b: Arcanine|28/100
|move|p1b: Arcanine|Flare Blitz|p2a: Ariados
|-supereffective|p2a: Ariados|1
|-damage|p2a: Ariados|34/100
|-damage|p1b: Arcanine|7/100|[from] Recoil
|
|-weather|RainDance|[upkeep]
|upkeep
|turn|5
|
|t:|1786133218
|move|p1b: Arcanine|Extreme Speed|p2b: Dragonite
|-damage|p2b: Dragonite|89/100
|move|p2a: Ariados|Rage Powder|p2a: Ariados
|-singleturn|p2a: Ariados|move: Rage Powder
|move|p2b: Dragonite|Thunder|p1a: Skarmory
|-supereffective|p1a: Skarmory|1
|-ability|p1a: Skarmory|Sturdy
|-damage|p1a: Skarmory|1/100
|move|p1a: Skarmory|Iron Head|p2a: Ariados
|-damage|p2a: Ariados|3/100
|
|-weather|RainDance|[upkeep]
|-sideend|p2: rager88|move: Tailwind
|upkeep
|turn|6
|
|t:|1786133363
|move|p2a: Ariados|Rage Powder|p2a: Ariados
|-singleturn|p2a: Ariados|move: Rage Powder
|move|p1b: Arcanine|Flare Blitz|p2a: Ariados
|-supereffective|p2a: Ariados|1
|-damage|p2a: Ariados|0 fnt
|faint|p2a: Ariados
|-damage|p1b: Arcanine|6/100|[from] Recoil
|move|p2b: Dragonite|Hurricane|p1a: Skarmory
|-resisted|p1a: Skarmory|1
|-damage|p1a: Skarmory|0 fnt
|faint|p1a: Skarmory
|
|-weather|RainDance|[upkeep]
|upkeep
|
|t:|1786133412
|switch|p1a: Ampharos|Ampharos-Mega, L50, M|100/100
|switch|p2a: Sableye|Sableye, L50, F|17/100
|-ability|p1a: Ampharos|Mold Breaker
|turn|7
|
|t:|1786133453
|move|p2a: Sableye|Fake Out|p1b: Arcanine
|-damage|p1b: Arcanine|0 fnt
|faint|p1b: Arcanine
|move|p2b: Dragonite|Draco Meteor|p1a: Ampharos|[miss]
|-miss|p2b: Dragonite|p1a: Ampharos
|move|p1a: Ampharos|Dragon Pulse|p2b: Dragonite
|-supereffective|p2b: Dragonite|1
|-damage|p2b: Dragonite|1/100
|
|-weather|RainDance|[upkeep]
|upkeep
|turn|8
|
|t:|1786133543
|move|p2a: Sableye|Encore|p1a: Ampharos
|-start|p1a: Ampharos|Encore
|move|p2b: Dragonite|Draco Meteor|p1a: Ampharos
|-supereffective|p1a: Ampharos|1
|-damage|p1a: Ampharos|0 fnt
|-unboost|p2b: Dragonite|spa|2
|faint|p1a: Ampharos
|
|win|rager88
