|j|☆avigolvgc
|j|☆bartei
|html|avigolvgcbartei    
|uhtml|bestof|Game 1 of a best-of-3
|t:|1757627505
|gametype|doubles
|player|p1|avigolvgc|265|1153
|player|p2|bartei|karen|1165
|gen|9
|tier|[Gen 9] VGC 2025 Reg H (Bo3)
|rated|
|rule|Species Clause: Limit one of each Pokémon
|rule|Item Clause: Limit 1 of each item
|clearpoke
|poke|p1|Farigiraf, L50, F|
|poke|p1|Rillaboom, L50, M|
|poke|p1|Incineroar, L50, M|
|poke|p1|Ursaluna, L50, F|
|poke|p1|Staraptor, L50, F|
|poke|p1|Dragapult, L50, M|
|poke|p2|Dragonite, L50, M|
|poke|p2|Volcarona, L50, F|
|poke|p2|Sneasler, L50, M|
|poke|p2|Rillaboom, L50, M|
|poke|p2|Electabuzz, L50, M|
|poke|p2|Kingambit, L50, M|
|teampreview|4
|showteam|p1|Farigiraf||ThroatSpray|ArmorTail|PsychicNoise,HyperVoice,TrickRoom,Protect|||F|||50|,,,,,Fairy]Rillaboom||AssaultVest|GrassySurge|WoodHammer,GrassyGlide,Uturn,FakeOut|||M|||50|,,,,,Fire]Incineroar||SafetyGoggles|Intimidate|KnockOff,PartingShot,Snarl,FakeOut|||M|||50|,,,,,Dragon]Ursaluna||FlameOrb|Guts|Facade,HeadlongRush,Earthquake,Protect|||F|||50|,,,,,Water]Staraptor||ChoiceScarf|Intimidate|CloseCombat,BraveBird,Uturn,FinalGambit|||F|||50|,,,,,Ghost]Dragapult||FocusSash|ClearBody|DragonDarts,PhantomForce,DragonTail,Protect|||M|||50|,,,,,Fire
|showteam|p2|Dragonite||LoadedDice|Multiscale|ScaleShot,ExtremeSpeed,Haze,Protect|||M|||50|,,,,,Fairy]Volcarona||CovertCloak|FlameBody|HeatWave,TeraBlast,QuiverDance,Protect|||F|||50|,,,,,Fairy]Sneasler||FocusSash|Unburden|CloseCombat,DireClaw,Coaching,FakeOut|||M|||50|,,,,,Stellar]Rillaboom||AssaultVest|GrassySurge|WoodHammer,GrassyGlide,HighHorsepower,FakeOut|||M|||50|,,,,,Fire]Electabuzz||Eviolite|VitalSpirit|Thunderbolt,FollowMe,Taunt,Protect|||M|||50|,,,,,Ghost]Kingambit||BlackGlasses|Defiant|KowtowCleave,SuckerPunch,SwordsDance,Protect|||M|||50|,,,,,Dark
|inactive|Battle timer is ON: inactive players will automatically lose when time's up. (requested by avigolvgc)
|inactive|bartei has 60 seconds left.
|inactive|bartei has 30 seconds left.
|inactive|avigolvgc has 60 seconds left.
|inactive|bartei has 20 seconds left.
|inactive|bartei has 15 seconds left.
|inactive|bartei has 10 seconds left.
|inactive|bartei has 5 seconds left.
|
|t:|1757627594
|teamsize|p1|4
|teamsize|p2|4
|start
|switch|p1a: Enrique|Staraptor, L50, F|100/100
|switch|p1b: Claudia|Farigiraf, L50, F, shiny|100/100
|switch|p2a: Volcarona|Volcarona, L50, F|100/100
|switch|p2b: Electabuzz|Electabuzz, L50, M|100/100
|-ability|p1a: Enrique|Intimidate|boost
|-unboost|p2a: Volcarona|atk|1
|-unboost|p2b: Electabuzz|atk|1
|turn|1
|
|t:|1757627611
|move|p2a: Volcarona|Protect|p2a: Volcarona
|-singleturn|p2a: Volcarona|Protect
|move|p1a: Enrique|U-turn|p2a: Volcarona
|-activate|p2a: Volcarona|move: Protect
|move|p2b: Electabuzz|Taunt|p1b: Claudia
|-start|p1b: Claudia|move: Taunt
|move|p1b: Claudia|Hyper Voice|p2a: Volcarona|[spread] p2b
|-activate|p2a: Volcarona|move: Protect
|-damage|p2b: Electabuzz|77/100
|-enditem|p1b: Claudia|Throat Spray
|-boost|p1b: Claudia|spa|1|[from] item: Throat Spray
|
|upkeep
|turn|2
|inactive|bartei has 30 seconds left.
|inactive|bartei has 20 seconds left.
|
|t:|1757627650
|move|p1a: Enrique|U-turn|p2a: Volcarona
|-resisted|p2a: Volcarona
|-damage|p2a: Volcarona|87/100
|
|t:|1757627657
|switch|p1a: Dragapult|Dragapult, L50, M|100/100|[from] U-turn
|move|p2a: Volcarona|Quiver Dance|p2a: Volcarona
|-boost|p2a: Volcarona|spa|1
|-boost|p2a: Volcarona|spd|1
|-boost|p2a: Volcarona|spe|1
|move|p2b: Electabuzz|Thunderbolt|p1a: Dragapult
|-resisted|p1a: Dragapult
|-damage|p1a: Dragapult|78/100
|move|p1b: Claudia|Hyper Voice|p2a: Volcarona|[spread] p2a,p2b
|-damage|p2a: Volcarona|58/100
|-damage|p2b: Electabuzz|41/100
|
|upkeep
|turn|3
|inactive|bartei has 30 seconds left.
|
|t:|1757627689
|-terastallize|p2a: Volcarona|Fairy
|move|p2b: Electabuzz|Follow Me|p2b: Electabuzz
|-singleturn|p2b: Electabuzz|move: Follow Me
|move|p2a: Volcarona|Tera Blast|p1b: Claudia|[anim] Tera Blast Fairy
|-damage|p1b: Claudia|44/100
|move|p1b: Claudia|Hyper Voice|p2b: Electabuzz|[spread] p2a,p2b
|-damage|p2a: Volcarona|29/100
|-damage|p2b: Electabuzz|3/100
|move|p1a: Dragapult|Dragon Tail|p2b: Electabuzz
|-damage|p2b: Electabuzz|0 fnt
|faint|p2b: Electabuzz
|
|-end|p1b: Claudia|move: Taunt
|upkeep
|inactive|bartei has 30 seconds left.
|
|t:|1757627721
|switch|p2b: Sneasler|Sneasler, L50, M|100/100
|turn|4
|
|t:|1757627741
|move|p2a: Volcarona|Tera Blast|p1a: Dragapult|[anim] Tera Blast Fairy
|-supereffective|p1a: Dragapult
|-damage|p1a: Dragapult|0 fnt
|faint|p1a: Dragapult
|move|p2b: Sneasler|Close Combat|p1b: Claudia
|-crit|p1b: Claudia
|-damage|p1b: Claudia|0 fnt
|-unboost|p2b: Sneasler|def|1
|-unboost|p2b: Sneasler|spd|1
|faint|p1b: Claudia
|
|upkeep
|
|t:|1757627751
|switch|p1a: Enrique|Staraptor, L50, F|100/100
|switch|p1b: Quirino|Ursaluna, L50, F|100/100
|-ability|p1a: Enrique|Intimidate|boost
|-unboost|p2a: Volcarona|atk|1
|-unboost|p2b: Sneasler|atk|1
|turn|5
|
|t:|1757627764
|move|p2a: Volcarona|Protect|p2a: Volcarona
|-singleturn|p2a: Volcarona|Protect
|move|p1b: Quirino|Protect|p1b: Quirino
|-singleturn|p1b: Quirino|Protect
|move|p1a: Enrique|Brave Bird|p2a: Volcarona
|-activate|p2a: Volcarona|move: Protect
|move|p2b: Sneasler|Dire Claw|p1a: Enrique
|-damage|p1a: Enrique|66/100
|-status|p1a: Enrique|slp
|
|-status|p1b: Quirino|brn|[from] item: Flame Orb
|upkeep
|turn|6
|
|t:|1757627779
|-terastallize|p1b: Quirino|Water
|move|p2a: Volcarona|Tera Blast|p1a: Enrique|[anim] Tera Blast Fairy
|-damage|p1a: Enrique|0 fnt
|faint|p1a: Enrique
|move|p2b: Sneasler|Close Combat|p1b: Quirino
|-damage|p1b: Quirino|69/100 brn
|-unboost|p2b: Sneasler|def|1
|-unboost|p2b: Sneasler|spd|1
|move|p1b: Quirino|Earthquake|p2b: Sneasler|[spread] p2a,p2b
|-supereffective|p2b: Sneasler
|-damage|p2a: Volcarona|0 fnt
|-enditem|p2b: Sneasler|Focus Sash
|-damage|p2b: Sneasler|1/100
|faint|p2a: Volcarona
|
|-damage|p1b: Quirino|63/100 brn|[from] brn
|upkeep
|
|t:|1757627789
|switch|p2a: Dragonite|Dragonite, L50, M|100/100
|turn|7
|
|t:|1757627800
|move|p2b: Sneasler|Coaching|p2a: Dragonite
|-boost|p2a: Dragonite|atk|1
|-boost|p2a: Dragonite|def|1
|move|p2a: Dragonite|Scale Shot|p1b: Quirino
|-damage|p1b: Quirino|45/100 brn
|-damage|p1b: Quirino|30/100 brn
|-damage|p1b: Quirino|14/100 brn
|-damage|p1b: Quirino|0 fnt
|faint|p1b: Quirino
|-hitcount|p1: Quirino|4
|
|win|bartei
||bartei is ready for game 2.
||avigolvgc is ready for game 2.
|uhtml|next|Next: Game 2 of 3
