|j|☆Liebynight01
|j|☆Ryan Regirocks
|html|Liebynight01Ryan Regirocks    
|uhtml|bestof|Game 3 of a best-of-3
|t:|1785294639
|gametype|doubles
|player|p1|Liebynight01|pokemonranger|
|player|p2|Ryan Regirocks|102|
|gen|9
|tier|[Gen 9 Champions] VGC 2026 Reg M-B (Bo3)
|rule|Species Clause: Limit one of each Pokémon
|rule|Item Clause: Limit 1 of each item
|clearpoke
|poke|p1|Tinkaton, L50, F|
|poke|p1|Farigiraf, L50, F|
|poke|p1|Golurk, L50|
|poke|p1|Milotic, L50, F|
|poke|p1|Scovillain, L50, F|
|poke|p1|Hatterene, L50, F|
|poke|p2|Dragonite, L50, F|
|poke|p2|Pelipper, L50, M|
|poke|p2|Archaludon, L50, F|
|poke|p2|Scizor, L50, M|
|poke|p2|Overqwil, L50, F|
|poke|p2|Rhyperior, L50, M|
|teampreview|4
|showteam|p1|Tinkaton||OccaBerry|MoldBreaker|GigatonHammer,FakeOut,KnockOff,ThunderWave|Impish||F|||50|]Farigiraf||SitrusBerry|ArmorTail|Psychic,TrickRoom,Thunderbolt,LightScreen|Sassy||F|||50|]Golurk||Golurkite|IronFist|CloseCombat,HeadlongRush,Poltergeist,Protect|Adamant|||||50|]Milotic||Leftovers|MarvelScale|Coil,Recover,Scald,Hypnosis|Calm||F|||50|]Scovillain||Scovillainite|Chlorophyll|LeechSeed,GigaDrain,RagePowder,Flamethrower|Calm||F|||50|]Hatterene||LifeOrb|MagicBounce|Protect,TrickRoom,DazzlingGleam,MysticalFire|Quiet||F|||50|
|showteam|p2|Dragonite||Dragoninite|Multiscale|Protect,IceBeam,Thunder,Hurricane|Modest||F|||50|]Pelipper||SitrusBerry|Drizzle|Protect,Tailwind,Hurricane,WeatherBall|Calm||M|||50|]Archaludon||Leftovers|Stamina|ElectroShot,FlashCannon,DragonPulse,Protect|Quiet||F|||50|]Scizor||LifeOrb|Technician|SwordsDance,KnockOff,IronHead,DualWingbeat|Brave||M|||50|]Overqwil||ShucaBerry|Intimidate|Protect,ThroatChop,PoisonJab,Taunt|Careful||F|||50|]Rhyperior||IronBall|SolidRock|RockSlide,Earthquake,Crunch,Protect|Brave||M|||50|
|
|t:|1785294651
|teamsize|p1|4
|teamsize|p2|4
|start
|switch|p1a: Scovillain|Scovillain, L50, F|100/100
|switch|p1b: Farigiraf|Farigiraf, L50, F|100/100
|switch|p2a: Archaludon|Archaludon, L50, F|100/100
|switch|p2b: Overqwil|Overqwil, L50, F|100/100
|-ability|p2b: Overqwil|Intimidate|boost
|-unboost|p1a: Scovillain|atk|1
|-unboost|p1b: Farigiraf|atk|1
|turn|1
|
|t:|1785294683
|switch|p2a: Dragonite|Dragonite, L50, F|100/100
|move|p2b: Overqwil|Poison Jab|p1a: Scovillain
|-supereffective|p1a: Scovillain|1
|-damage|p1a: Scovillain|21/100
|move|p1a: Scovillain|Leech Seed|p2a: Dragonite
|-start|p2a: Dragonite|move: Leech Seed
|move|p1b: Farigiraf|Trick Room|p1b: Farigiraf
|-fieldstart|move: Trick Room|[of] p1b: Farigiraf
|
|-damage|p2a: Dragonite|87/100|[from] Leech Seed|[of] p1a: Scovillain
|-heal|p1a: Scovillain|35/100|[silent]
|upkeep
|turn|2
|
|t:|1785294713
|detailschange|p1a: Scovillain|Scovillain-Mega, L50, F
|-mega|p1a: Scovillain|Scovillain|Scovillainite
|move|p2a: Dragonite|Protect|p2a: Dragonite
|-singleturn|p2a: Dragonite|Protect
|move|p1b: Farigiraf|Thunderbolt|p2a: Dragonite
|-activate|p2a: Dragonite|move: Protect
|move|p1a: Scovillain|Flamethrower|p2b: Overqwil
|-damage|p2b: Overqwil|60/100
|-status|p2b: Overqwil|brn
|move|p2b: Overqwil|Poison Jab|p1a: Scovillain
|-supereffective|p1a: Scovillain|1
|-crit|p1a: Scovillain
|-damage|p1a: Scovillain|0 fnt
|faint|p1a: Scovillain
|
|-damage|p2b: Overqwil|54/100 brn|[from] brn
|upkeep
|
|t:|1785294730
|switch|p1a: Hatterene|Hatterene, L50, F|100/100
|turn|3
|
|t:|1785294756
|detailschange|p2a: Dragonite|Dragonite-Mega, L50, F
|-mega|p2a: Dragonite|Dragonite|Dragoninite
|move|p1a: Hatterene|Dazzling Gleam|p2a: Dragonite|[spread] p2a,p2b
|-supereffective|p2a: Dragonite|1
|-damage|p2a: Dragonite|28/100
|-damage|p2b: Overqwil|21/100 brn
|-damage|p1a: Hatterene|90/100|[from] item: Life Orb
|move|p1b: Farigiraf|Thunderbolt|p2b: Overqwil
|-damage|p2b: Overqwil|0 fnt
|faint|p2b: Overqwil
|move|p2a: Dragonite|Hurricane|p1b: Farigiraf|[miss]
|-miss|p2a: Dragonite|p1b: Farigiraf
|
|-damage|p2a: Dragonite|16/100|[from] Leech Seed|[of] p1a: Hatterene
|-heal|p1a: Hatterene|100/100|[silent]
|upkeep
|
|t:|1785294777
|switch|p2b: Archaludon|Archaludon, L50, F|100/100
|turn|4
|
|t:|1785294798
|move|p2a: Dragonite|Protect|p2a: Dragonite
|-singleturn|p2a: Dragonite|Protect
|move|p1a: Hatterene|Mystical Fire|p2b: Archaludon
|-damage|p2b: Archaludon|60/100
|-unboost|p2b: Archaludon|spa|1
|-ability|p2b: Archaludon|Stamina|boost
|-boost|p2b: Archaludon|def|1
|-damage|p1a: Hatterene|90/100|[from] item: Life Orb
|move|p1b: Farigiraf|Light Screen|p1b: Farigiraf
|-sidestart|p1: Liebynight01|move: Light Screen
|move|p2b: Archaludon|Flash Cannon|p1a: Hatterene
|-supereffective|p1a: Hatterene|1
|-damage|p1a: Hatterene|53/100
|
|-heal|p2b: Archaludon|66/100|[from] item: Leftovers
|-damage|p2a: Dragonite|4/100|[from] Leech Seed|[of] p1a: Hatterene
|-heal|p1a: Hatterene|67/100|[silent]
|upkeep
|turn|5
|
|t:|1785294850
|move|p1a: Hatterene|Dazzling Gleam|p2a: Dragonite|[spread] p2a,p2b
|-supereffective|p2a: Dragonite|1
|-damage|p2a: Dragonite|0 fnt
|-damage|p2b: Archaludon|17/100
|-ability|p2b: Archaludon|Stamina|boost
|-boost|p2b: Archaludon|def|1
|faint|p2a: Dragonite
|-damage|p1a: Hatterene|57/100|[from] item: Life Orb
|move|p1b: Farigiraf|Psychic|p2b: Archaludon
|-resisted|p2b: Archaludon|1
|-damage|p2b: Archaludon|0 fnt
|faint|p2b: Archaludon
|
|-fieldend|move: Trick Room
|upkeep
|
|t:|1785294865
|switch|p2b: Pelipper|Pelipper, L50, M|100/100
|-weather|RainDance|[from] ability: Drizzle|[of] p2b: Pelipper
|turn|6
|
|t:|1785294907
|move|p2b: Pelipper|Protect|p2b: Pelipper
|-singleturn|p2b: Pelipper|Protect
|move|p1b: Farigiraf|Thunderbolt|p2b: Pelipper
|-activate|p2b: Pelipper|move: Protect
|move|p1a: Hatterene|Trick Room|p1a: Hatterene
|-fieldstart|move: Trick Room|[of] p1a: Hatterene
|
|-weather|RainDance|[upkeep]
|upkeep
|turn|7
|
|t:|1785294930
|move|p1a: Hatterene|Dazzling Gleam|p2b: Pelipper
|-crit|p2b: Pelipper
|-damage|p2b: Pelipper|22/100
|-enditem|p2b: Pelipper|Sitrus Berry|[eat]
|-heal|p2b: Pelipper|46/100|[from] item: Sitrus Berry
|-damage|p1a: Hatterene|48/100|[from] item: Life Orb
|move|p1b: Farigiraf|Thunderbolt|p2b: Pelipper
|-supereffective|p2b: Pelipper|2
|-damage|p2b: Pelipper|0 fnt
|faint|p2b: Pelipper
|
|win|Liebynight01
|l|☆Liebynight01
|player|p1|
