|j|☆panijc
|j|☆zhz2021
|html|panijczhz2021    
|uhtml|bestof|Game 1 of a best-of-3
|t:|1785614579
|gametype|doubles
|player|p1|panijc|170|1251
|player|p2|zhz2021|102|1271
|gen|9
|tier|[Gen 9 Champions] VGC 2026 Reg M-B (Bo3)
|rated|
|rule|Species Clause: Limit one of each Pokémon
|rule|Item Clause: Limit 1 of each item
|clearpoke
|poke|p1|Raichu, L50, M|
|poke|p1|Mamoswine, L50, F|
|poke|p1|Sylveon, L50, M|
|poke|p1|Incineroar, L50, M|
|poke|p1|Basculegion, L50, M|
|poke|p1|Whimsicott, L50, M|
|poke|p2|Froslass, L50, F|
|poke|p2|Dragonite, L50, M|
|poke|p2|Kingambit, L50, F|
|poke|p2|Blaziken, L50, F|
|poke|p2|Farigiraf, L50, M|
|poke|p2|Tinkaton, L50, F|
|teampreview|4
|showteam|p1|Raichu||RaichuniteY|LightningRod|ZapCannon,FocusBlast,FakeOut,Protect|Timid||M|||50|]Mamoswine||LifeOrb|Oblivious|IcicleCrash,HighHorsepower,IceShard,Protect|Adamant||F|||50|]Sylveon||FairyFeather|Pixilate|HyperVoice,HyperBeam,Detect,Yawn|Modest||M|||50|]Incineroar||SitrusBerry|Intimidate|ThroatChop,FlareBlitz,FakeOut,PartingShot|Impish||M|||50|]Basculegion||MysticWater|Adaptability|WaveCrash,LastRespects,AquaJet,Protect|Adamant||M|||50|]Whimsicott||FocusSash|Prankster|Moonblast,Tailwind,Protect,Encore|Timid||M|||50|
|showteam|p2|Froslass||Froslassite|CursedBody|Blizzard,ShadowBall,AuroraVeil,Protect|Timid||F|||50|]Dragonite||LifeOrb|InnerFocus|DragonClaw,ExtremeSpeed,Tailwind,Protect|Adamant||M|||50|]Kingambit||ChopleBerry|Defiant|KowtowCleave,SwordsDance,SuckerPunch,Protect|Adamant||F|||50|]Blaziken||Blazikenite|SpeedBoost|CloseCombat,FlareBlitz,RockSlide,Protect|Adamant||F|||50|]Farigiraf||SitrusBerry|ArmorTail|TrickRoom,HelpingHand,TwinBeam,Protect|Bold||M|||50|]Tinkaton||FocusSash|MoldBreaker|FakeOut,Protect,PlayRough,GigatonHammer|Adamant||F|||50|
|
|t:|1785614608
|teamsize|p1|4
|teamsize|p2|4
|start
|switch|p1a: Basculegion|Basculegion, L50, M|100/100
|switch|p1b: Mamoswine|Mamoswine, L50, F|100/100
|switch|p2a: Ice Age|Froslass, L50, F|100/100
|switch|p2b: Lasr Samurai|Kingambit, L50, F|100/100
|turn|1
|
|t:|1785614628
|detailschange|p2a: Ice Age|Froslass-Mega, L50, F
|-mega|p2a: Ice Age|Froslass|Froslassite
|-weather|Snowscape|[from] ability: Snow Warning|[of] p2a: Ice Age
|move|p1a: Basculegion|Aqua Jet|p2a: Ice Age
|-damage|p2a: Ice Age|75/100
|move|p2b: Lasr Samurai|Sucker Punch||[still]
|-fail|p2b: Lasr Samurai
|move|p2a: Ice Age|Aurora Veil|p2a: Ice Age
|-sidestart|p2: zhz2021|move: Aurora Veil
|move|p1b: Mamoswine|High Horsepower|p2b: Lasr Samurai
|-supereffective|p2b: Lasr Samurai|1
|-damage|p2b: Lasr Samurai|29/100
|-damage|p1b: Mamoswine|90/100|[from] item: Life Orb
|
|-weather|Snowscape|[upkeep]
|upkeep
|turn|2
|
|t:|1785614646
|move|p1a: Basculegion|Aqua Jet|p2a: Ice Age
|-damage|p2a: Ice Age|58/100
|move|p2b: Lasr Samurai|Sucker Punch|p1b: Mamoswine
|-damage|p1b: Mamoswine|59/100
|move|p2a: Ice Age|Shadow Ball|p1a: Basculegion
|-supereffective|p1a: Basculegion|1
|-damage|p1a: Basculegion|23/100
|-unboost|p1a: Basculegion|spd|1
|move|p1b: Mamoswine|High Horsepower|p2b: Lasr Samurai
|-supereffective|p2b: Lasr Samurai|1
|-damage|p2b: Lasr Samurai|0 fnt
|faint|p2b: Lasr Samurai
|-damage|p1b: Mamoswine|49/100|[from] item: Life Orb
|
|-weather|Snowscape|[upkeep]
|upkeep
|inactive|Battle timer is ON: inactive players will automatically lose when time's up. (requested by zhz2021)
|
|t:|1785614660
|switch|p2b: Chicken Run|Blaziken, L50, F|100/100
|turn|3
|
|t:|1785614668
|move|p1b: Mamoswine|Protect|p1b: Mamoswine
|-singleturn|p1b: Mamoswine|Protect
|move|p2b: Chicken Run|Protect|p2b: Chicken Run
|-singleturn|p2b: Chicken Run|Protect
|move|p1a: Basculegion|Protect|p1a: Basculegion
|-singleturn|p1a: Basculegion|Protect
|move|p2a: Ice Age|Shadow Ball|p1a: Basculegion
|-activate|p1a: Basculegion|move: Protect
|
|-weather|Snowscape|[upkeep]
|-ability|p2b: Chicken Run|Speed Boost|boost
|-boost|p2b: Chicken Run|spe|1
|upkeep
|turn|4
|
|t:|1785614685
|move|p1b: Mamoswine|Ice Shard|p2b: Chicken Run
|-resisted|p2b: Chicken Run|1
|-damage|p2b: Chicken Run|86/100
|-damage|p1b: Mamoswine|40/100|[from] item: Life Orb
|move|p1a: Basculegion|Aqua Jet|p2b: Chicken Run
|-supereffective|p2b: Chicken Run|1
|-damage|p2b: Chicken Run|25/100
|move|p2b: Chicken Run|Flare Blitz|p1b: Mamoswine
|-supereffective|p1b: Mamoswine|1
|-damage|p1b: Mamoswine|0 fnt
|faint|p1b: Mamoswine
|-damage|p2b: Chicken Run|10/100|[from] Recoil
|move|p2a: Ice Age|Shadow Ball|p1a: Basculegion
|-supereffective|p1a: Basculegion|1
|-damage|p1a: Basculegion|0 fnt
|faint|p1a: Basculegion
|
|-weather|Snowscape|[upkeep]
|-ability|p2b: Chicken Run|Speed Boost|boost
|-boost|p2b: Chicken Run|spe|1
|upkeep
|
|t:|1785614703
|switch|p1b: Whimsicott|Whimsicott, L50, M|100/100
|switch|p1a: Raichu|Raichu, L50, M|100/100
|turn|5
|
|t:|1785614718
|detailschange|p1a: Raichu|Raichu-Mega-Y, L50, M
|-mega|p1a: Raichu|Raichu|Raichunite Y
|move|p2b: Chicken Run|Protect|p2b: Chicken Run
|-singleturn|p2b: Chicken Run|Protect
|move|p1a: Raichu|Fake Out|p2b: Chicken Run
|-activate|p2b: Chicken Run|move: Protect
|move|p1b: Whimsicott|Tailwind|p1b: Whimsicott
|-sidestart|p1: panijc|move: Tailwind
|move|p2a: Ice Age|Blizzard|p1b: Whimsicott|[spread] p1a,p1b
|-supereffective|p1b: Whimsicott|1
|-damage|p1a: Raichu|46/100
|-enditem|p1b: Whimsicott|Focus Sash
|-damage|p1b: Whimsicott|1/100
|
|-weather|none
|-sideend|p2: zhz2021|move: Aurora Veil
|-ability|p2b: Chicken Run|Speed Boost|boost
|-boost|p2b: Chicken Run|spe|1
|upkeep
|turn|6
|
|t:|1785614736
|switch|p2a: Farigiraf|Farigiraf, L50, M|100/100
|move|p1a: Raichu|Zap Cannon|p2a: Farigiraf
|-damage|p2a: Farigiraf|42/100
|-status|p2a: Farigiraf|par
|-enditem|p2a: Farigiraf|Sitrus Berry|[eat]
|-heal|p2a: Farigiraf|67/100 par|[from] item: Sitrus Berry
|move|p1b: Whimsicott|Moonblast|p2b: Chicken Run
|-damage|p2b: Chicken Run|0 fnt
|faint|p2b: Chicken Run
|
|upkeep
|
|t:|1785614743
|switch|p2b: Ice Age|Froslass-Mega, L50, F|58/100
|-weather|Snowscape|[from] ability: Snow Warning|[of] p2b: Ice Age
|turn|7
|
|t:|1785614754
|move|p2b: Ice Age|Protect|p2b: Ice Age
|-singleturn|p2b: Ice Age|Protect
|move|p1a: Raichu|Zap Cannon|p2b: Ice Age
|-activate|p2b: Ice Age|move: Protect
|move|p1b: Whimsicott|Moonblast|p2a: Farigiraf
|-damage|p2a: Farigiraf|36/100 par
|move|p2a: Farigiraf|Trick Room|p2a: Farigiraf
|-fieldstart|move: Trick Room|[of] p2a: Farigiraf
|
|-weather|Snowscape|[upkeep]
|upkeep
|turn|8
|
|t:|1785614766
|cant|p2a: Farigiraf|par
|move|p1b: Whimsicott|Protect|p1b: Whimsicott
|-singleturn|p1b: Whimsicott|Protect
|move|p1a: Raichu|Protect|p1a: Raichu
|-singleturn|p1a: Raichu|Protect
|move|p2b: Ice Age|Blizzard|p1b: Whimsicott|[spread] 
|-activate|p1a: Raichu|move: Protect
|-activate|p1b: Whimsicott|move: Protect
|
|-weather|Snowscape|[upkeep]
|-sideend|p1: panijc|move: Tailwind
|upkeep
|turn|9
|
|t:|1785614780
|move|p2a: Farigiraf|Twin Beam|p1b: Whimsicott
|-damage|p1b: Whimsicott|0 fnt
|faint|p1b: Whimsicott
|-hitcount|p1: Whimsicott|1
|move|p2b: Ice Age|Blizzard|p1a: Raichu
|-damage|p1a: Raichu|0 fnt
|faint|p1a: Raichu
|
|win|zhz2021
||zhz2021 is ready for game 2.
|inactive|panijc has 30 seconds to confirm battle start!
||panijc is ready for game 2.
|uhtml|next|Next: Game 2 of 3
|l|☆zhz2021
|player|p2|
