|j|☆Voltage Gaming101
|j|☆Gvanz
|html|Voltage Gaming101Gvanz    
|uhtml|bestof|Game 3 of a best-of-3
|t:|1757175865
|gametype|doubles
|player|p1|Voltage Gaming101|red|1093
|player|p2|Gvanz|266|1122
|gen|9
|tier|[Gen 9] VGC 2025 Reg H (Bo3)
|rated|
|rule|Species Clause: Limit one of each Pokémon
|rule|Item Clause: Limit 1 of each item
|clearpoke
|poke|p1|Tyranitar, L50, F|
|poke|p1|Houndstone, L50, F|
|poke|p1|Gholdengo, L50|
|poke|p1|Garchomp, L50, M|
|poke|p1|Incineroar, L50, F|
|poke|p1|Amoonguss, L50, F|
|poke|p2|Archaludon, L50, F|
|poke|p2|Basculegion, L50, M|
|poke|p2|Pelipper, L50, F|
|poke|p2|Ursaluna, L50, M|
|poke|p2|Sinistcha, L50|
|poke|p2|Incineroar, L50, F|
|teampreview|4
|showteam|p1|Tyranitar||AssaultVest|SandStream|RockSlide,KnockOff,LowKick,TeraBlast|||F|||50|,,,,,Flying]Houndstone||SpellTag|SandRush|LastRespects,ShadowSneak,PlayRough,BodyPress|||F|||50|,,,,,Ghost]Gholdengo||LifeOrb|GoodasGold|MakeItRain,ShadowBall,NastyPlot,Protect||||||50|,,,,,Water]Garchomp||LoadedDice|RoughSkin|ScaleShot,Earthquake,SwordsDance,Protect|||M|||50|,,,,,Fire]Incineroar||SafetyGoggles|Intimidate|FakeOut,KnockOff,FlareBlitz,PartingShot|||F|||50|,,,,,Water]Amoonguss||SitrusBerry|Regenerator|Spore,RagePowder,PollenPuff,Protect|||F|||50|,,,,,Water
|showteam|p2|Archaludon||AssaultVest|Stamina|ElectroShot,DracoMeteor,BodyPress,FlashCannon|||F|||50|,,,,,Bug]Basculegion||ChoiceBand|SwiftSwim|WaveCrash,LastRespects,FlipTurn,AquaJet|||M|||50|,,,,,Water]Pelipper||FocusSash|Drizzle|WeatherBall,Hurricane,Tailwind,Protect|||F|||50|,,,,,Ground]Ursaluna||FlameOrb|Guts|HeadlongRush,Facade,Earthquake,Protect|||M|||50|,,,,,Ghost]Sinistcha||SitrusBerry|Hospitality|MatchaGotcha,TrickRoom,LifeDew,RagePowder||||||50|,,,,,Fairy]Incineroar||SafetyGoggles|Intimidate|KnockOff,PartingShot,FakeOut,HelpingHand|||F|||50|,,,,,Ghost
|inactive|Battle timer is ON: inactive players will automatically lose when time's up. (requested by Gvanz)
|
|t:|1757175898
|teamsize|p1|4
|teamsize|p2|4
|start
|switch|p1a: Gholdengo|Gholdengo, L50|100/100
|switch|p1b: Garchomp|Garchomp, L50, M, shiny|100/100
|switch|p2a: Ursaluna|Ursaluna, L50, M|100/100
|switch|p2b: Sinistcha|Sinistcha, L50|100/100
|turn|1
|
|t:|1757175922
|-terastallize|p2b: Sinistcha|Fairy
|move|p1b: Garchomp|Swords Dance|p1b: Garchomp
|-boost|p1b: Garchomp|atk|2
|move|p1a: Gholdengo|Shadow Ball|p2b: Sinistcha
|-damage|p2b: Sinistcha|47/100
|-enditem|p2b: Sinistcha|Sitrus Berry|[eat]
|-heal|p2b: Sinistcha|72/100|[from] item: Sitrus Berry
|-damage|p1a: Gholdengo|91/100|[from] item: Life Orb
|move|p2a: Ursaluna|Headlong Rush|p1a: Gholdengo
|-supereffective|p1a: Gholdengo
|-damage|p1a: Gholdengo|0 fnt
|-unboost|p2a: Ursaluna|def|1
|-unboost|p2a: Ursaluna|spd|1
|faint|p1a: Gholdengo
|move|p2b: Sinistcha|Trick Room|p2b: Sinistcha
|-fieldstart|move: Trick Room|[of] p2b: Sinistcha
|
|-status|p2a: Ursaluna|brn|[from] item: Flame Orb
|upkeep
|
|t:|1757175935
|switch|p1a: Tyranitar|Tyranitar, L50, F, shiny|100/100
|-weather|Sandstorm|[from] ability: Sand Stream|[of] p1a: Tyranitar
|turn|2
|
|t:|1757175950
|-terastallize|p1a: Tyranitar|Flying
|move|p2a: Ursaluna|Facade|p1b: Garchomp
|-damage|p1b: Garchomp|0 fnt
|-damage|p2a: Ursaluna|88/100 brn|[from] ability: Rough Skin|[of] p1b: Garchomp
|faint|p1b: Garchomp
|move|p1a: Tyranitar|Low Kick|p2a: Ursaluna
|-supereffective|p2a: Ursaluna
|-damage|p2a: Ursaluna|0 fnt
|faint|p2a: Ursaluna
|move|p2b: Sinistcha|Matcha Gotcha|p1a: Tyranitar
|-resisted|p1a: Tyranitar
|-damage|p1a: Tyranitar|91/100
|-heal|p2b: Sinistcha|77/100|[from] drain|[of] p1a: Tyranitar
|
|-weather|Sandstorm|[upkeep]
|-damage|p1a: Tyranitar|86/100|[from] Sandstorm
|-damage|p2b: Sinistcha|71/100|[from] Sandstorm
|upkeep
|
|t:|1757175959
|switch|p2a: Pelipper|Pelipper, L50, F|100/100
|switch|p1b: Amoonguss|Amoonguss, L50, F, shiny|100/100
|-weather|RainDance|[from] ability: Drizzle|[of] p2a: Pelipper
|turn|3
|
|t:|1757175984
|move|p1b: Amoonguss|Spore|p2a: Pelipper
|-status|p2a: Pelipper|slp|[from] move: Spore
|move|p1a: Tyranitar|Rock Slide|p2b: Sinistcha|[spread] p2a
|-miss|p1a: Tyranitar|p2b: Sinistcha
|-supereffective|p2a: Pelipper
|-damage|p2a: Pelipper|8/100 slp
|move|p2b: Sinistcha|Matcha Gotcha|p1a: Tyranitar|[spread] p1a,p1b
|-resisted|p1a: Tyranitar
|-resisted|p1b: Amoonguss
|-damage|p1a: Tyranitar|78/100
|-heal|p2b: Sinistcha|76/100|[from] drain|[of] p1a: Tyranitar
|-damage|p1b: Amoonguss|95/100
|-heal|p2b: Sinistcha|79/100|[from] drain|[of] p1b: Amoonguss
|cant|p2a: Pelipper|slp
|
|-weather|RainDance|[upkeep]
|upkeep
|turn|4
|
|t:|1757175995
|cant|p2a: Pelipper|slp
|move|p1b: Amoonguss|Spore|p2b: Sinistcha
|-status|p2b: Sinistcha|slp|[from] move: Spore
|move|p1a: Tyranitar|Rock Slide|p2b: Sinistcha|[spread] p2a,p2b
|-supereffective|p2a: Pelipper
|-damage|p2a: Pelipper|0 fnt
|-damage|p2b: Sinistcha|52/100 slp
|faint|p2a: Pelipper
|cant|p2b: Sinistcha|slp
|
|-weather|RainDance|[upkeep]
|upkeep
|
|t:|1757175999
|switch|p2a: Basculegion|Basculegion, L50, M|100/100
|turn|5
|
|t:|1757176020
|cant|p2b: Sinistcha|slp
|move|p1b: Amoonguss|Spore|p2a: Basculegion
|-status|p2a: Basculegion|slp|[from] move: Spore
|move|p1a: Tyranitar|Knock Off|p2a: Basculegion
|-supereffective|p2a: Basculegion
|-damage|p2a: Basculegion|0 fnt
|-enditem|p2a: Basculegion|Choice Band|[from] move: Knock Off|[of] p1a: Tyranitar
|faint|p2a: Basculegion
|
|-weather|RainDance|[upkeep]
|-fieldend|move: Trick Room
|upkeep
|turn|6
|n|!Gvanz|gvanz
|inactive|Gvanz has 30 seconds left.
|-message|Gvanz forfeited.
|
|win|Voltage Gaming101
|raw|Voltage Gaming101's rating: 1093 → 1121(+28 for winning)
|raw|Gvanz's rating: 1122 → 1095(-27 for losing)
|l|!Gvanz
|player|p2|
|c|☆Voltage Gaming101|gg
