|j|☆GymGlofer
|j|☆axcoquette
|html|GymGloferaxcoquette    
|uhtml|bestof|Game 2 of a best-of-3
|t:|1783889474
|gametype|doubles
|player|p1|GymGlofer|102|1083
|player|p2|axcoquette|maid|1150
|gen|9
|tier|[Gen 9 Champions] VGC 2026 Reg M-B (Bo3)
|rated|
|rule|Species Clause: Limit one of each Pokémon
|rule|Item Clause: Limit 1 of each item
|clearpoke
|poke|p1|Talonflame, L50, F|
|poke|p1|Emboar, L50, F|
|poke|p1|Houndoom, L50, F|
|poke|p1|Delphox, L50, M|
|poke|p1|Ninetales, L50, M|
|poke|p1|Arcanine-Hisui, L50, M|
|poke|p2|Delphox, L50, M|
|poke|p2|Sneasler, L50, M|
|poke|p2|Sinistcha, L50|
|poke|p2|Incineroar, L50, M|
|poke|p2|Kingambit, L50, F|
|poke|p2|Floette-Eternal, L50, F|
|teampreview|4
|showteam|p1|Talonflame||FocusSash|GaleWings|FlameCharge,DualWingbeat,Tailwind,Protect|Adamant||F|||50|]Emboar||Emboarite|Reckless|FlareBlitz,CloseCombat,SuckerPunch,Protect|Brave||F|||50|]Houndoom||Houndoominite|Unnerve|HeatWave,DarkPulse,HyperVoice,Protect|Timid||F|||50|]Delphox||SitrusBerry|Magician|MysticalFire,Psyshock,TrickRoom,Protect|Sassy||M|||50|]Ninetales||WideLens|Drought|Overheat,SolarBeam,WillOWisp,Protect|Timid||M|||50|]Arcanine-Hisui||LifeOrb|Intimidate|RagingFury,HeadSmash,ExtremeSpeed,Protect|Serious||M|||50|
|showteam|p2|Delphox||Delphoxite|Blaze|Protect,NastyPlot,HeatWave,Psychic|Timid||M|||50|]Sneasler||FocusSash|PoisonTouch|FakeOut,PoisonJab,CloseCombat,Protect|Jolly||M|||50|]Sinistcha||KasibBerry|Hospitality|Protect,RagePowder,MatchaGotcha,LifeDew|Bold|||||50|]Incineroar||SitrusBerry|Intimidate|FakeOut,FlareBlitz,HelpingHand,PartingShot|Careful||M|||50|]Kingambit||BlackGlasses|Defiant|KowtowCleave,SwordsDance,SuckerPunch,Protect|Adamant||F|||50|]Floette-Eternal||Floettite|FlowerVeil|Moonblast,DazzlingGleam,CalmMind,Protect|Modest||F|||50|
|inactive|Battle timer is ON: inactive players will automatically lose when time's up. (requested by axcoquette)
|
|t:|1783889495
|teamsize|p1|4
|teamsize|p2|4
|start
|switch|p1a: Delphox|Delphox, L50, M|100/100
|switch|p1b: Arcanine|Arcanine-Hisui, L50, M|100/100
|switch|p2a: Delphox|Delphox, L50, M|100/100
|switch|p2b: Incineroar|Incineroar, L50, M|100/100
|-ability|p1b: Arcanine|Intimidate|boost
|-unboost|p2a: Delphox|atk|1
|-unboost|p2b: Incineroar|atk|1
|-ability|p2b: Incineroar|Intimidate|boost
|-unboost|p1a: Delphox|atk|1
|-unboost|p1b: Arcanine|atk|1
|turn|1
|
|t:|1783889512
|detailschange|p2a: Delphox|Delphox-Mega, L50, M
|-mega|p2a: Delphox|Delphox|Delphoxite
|move|p2b: Incineroar|Fake Out|p1b: Arcanine
|-resisted|p1b: Arcanine|1
|-damage|p1b: Arcanine|96/100
|move|p2a: Delphox|Nasty Plot|p2a: Delphox
|-boost|p2a: Delphox|spa|2
|cant|p1b: Arcanine|flinch
|move|p1a: Delphox|Trick Room|p1a: Delphox
|-fieldstart|move: Trick Room|[of] p1a: Delphox
|
|upkeep
|turn|2
|
|t:|1783889533
|move|p2b: Incineroar|Parting Shot|p1b: Arcanine
|-unboost|p1b: Arcanine|atk|1
|-unboost|p1b: Arcanine|spa|1
|
|t:|1783889536
|switch|p2b: Sneasler|Sneasler, L50, M|100/100|[from] Parting Shot
|move|p1b: Arcanine|Head Smash|p2b: Sneasler|[miss]
|-miss|p1b: Arcanine|p2b: Sneasler
|move|p1a: Delphox|Mystical Fire|p2b: Sneasler
|-damage|p2b: Sneasler|59/100
|-unboost|p2b: Sneasler|spa|1
|move|p2a: Delphox|Nasty Plot|p2a: Delphox
|-boost|p2a: Delphox|spa|2
|
|upkeep
|turn|3
|inactive|axcoquette has 30 seconds left.
|
|t:|1783889564
|switch|p1b: Houndoom|Houndoom, L50, F|100/100
|-ability|p1b: Houndoom|Unnerve
|move|p1a: Delphox|Protect|p1a: Delphox
|-singleturn|p1a: Delphox|Protect
|move|p2b: Sneasler|Fake Out|p1b: Houndoom
|-crit|p1b: Houndoom
|-damage|p1b: Houndoom|55/100
|move|p2a: Delphox|Heat Wave|p1a: Delphox|[spread] p1b
|-activate|p1a: Delphox|move: Protect
|-resisted|p1b: Houndoom|1
|-damage|p1b: Houndoom|0 fnt
|faint|p1b: Houndoom
|
|upkeep
|
|t:|1783889581
|switch|p1b: Ninetales|Ninetales, L50, M|100/100
|-weather|SunnyDay|[from] ability: Drought|[of] p1b: Ninetales
|turn|4
|
|t:|1783889597
|switch|p2b: Incineroar|Incineroar, L50, M|100/100
|-ability|p2b: Incineroar|Intimidate|boost
|-unboost|p1a: Delphox|atk|1
|-unboost|p1b: Ninetales|atk|1
|move|p1a: Delphox|Mystical Fire|p2b: Incineroar
|-resisted|p2b: Incineroar|1
|-damage|p2b: Incineroar|85/100
|-unboost|p2b: Incineroar|spa|1
|move|p1b: Ninetales|Overheat|p2a: Delphox
|-resisted|p2a: Delphox|1
|-damage|p2a: Delphox|66/100
|-unboost|p1b: Ninetales|spa|2
|move|p2a: Delphox|Heat Wave|p1b: Ninetales|[spread] p1a,p1b
|-resisted|p1a: Delphox|1
|-resisted|p1b: Ninetales|1
|-damage|p1a: Delphox|33/100
|-damage|p1b: Ninetales|0 fnt
|-enditem|p1a: Delphox|Sitrus Berry|[eat]
|-heal|p1a: Delphox|58/100|[from] item: Sitrus Berry
|faint|p1b: Ninetales
|
|-weather|SunnyDay|[upkeep]
|upkeep
|
|t:|1783889601
|switch|p1b: Arcanine|Arcanine-Hisui, L50, M|96/100
|-ability|p1b: Arcanine|Intimidate|boost
|-unboost|p2a: Delphox|atk|1
|-unboost|p2b: Incineroar|atk|1
|turn|5
|-message|GymGlofer forfeited.
|
|win|axcoquette
|raw|GymGlofer's rating: 1083 → 1065(-18 for losing)
|raw|axcoquette's rating: 1150 → 1170(+20 for winning)
