|j|☆thatboylando
|j|☆SilverrrVGC
|html|thatboylandoSilverrrVGC    
|uhtml|bestof|Game 2 of a best-of-3
|t:|1784504708
|gametype|doubles
|player|p1|thatboylando|pokemaniac|1171
|player|p2|SilverrrVGC|iris|1149
|gen|9
|tier|[Gen 9 Champions] VGC 2026 Reg M-B (Bo3)
|rated|
|rule|Species Clause: Limit one of each Pokémon
|rule|Item Clause: Limit 1 of each item
|clearpoke
|poke|p1|Cofagrigus, L50, M|
|poke|p1|Clefable, L50, M|
|poke|p1|Drampa, L50, M|
|poke|p1|Torkoal, L50, M|
|poke|p1|Basculegion, L50, M|
|poke|p1|Lycanroc-Midnight, L50, F|
|poke|p2|Delphox, L50, M, shiny|
|poke|p2|Garchomp, L50, F|
|poke|p2|Incineroar, L50, F|
|poke|p2|Sinistcha, L50|
|poke|p2|Rotom-Wash, L50, shiny|
|poke|p2|Floette-Eternal, L50, F|
|teampreview|4
|showteam|p1|Cofagrigus||SitrusBerry|Mummy|WillOWisp,ShadowBall,DestinyBond,TrickRoom|Sassy||M|||50|]Clefable||ChestoBerry|Unaware|FollowMe,Moonblast,FireBlast,Protect|Quiet||M|||50|]Drampa||Drampanite|CloudNine|EarthPower,Protect,HyperVoice,CalmMind|Quiet||M|||50|]Torkoal||Charcoal|Drought|Eruption,SolarBeam,WeatherBall,Protect|Quiet||M|||50|]Basculegion||LifeOrb|Adaptability|WaveCrash,AquaJet,LastRespects,Protect|Brave||M|||50|]Lycanroc-Midnight||FocusSash|NoGuard|RockSlide,BulkUp,CloseCombat,Protect|Adamant||F|||50|
|showteam|p2|Delphox||Delphoxite|Blaze|HeatWave,Psychic,NastyPlot,Protect|Timid||M|||50|]Garchomp||LifeOrb|RoughSkin|RockSlide,DragonClaw,Earthquake,Protect|Jolly||F|||50|]Incineroar||SitrusBerry|Intimidate|FlareBlitz,ThroatChop,PartingShot,FakeOut|Careful||F|||50|]Sinistcha||ColburBerry|Hospitality|MatchaGotcha,Imprison,RagePowder,TrickRoom|Calm|||||50|]Rotom-Wash||ChoiceScarf|Levitate|Electroweb,VoltSwitch,HydroPump,Trick|Timid|||||50|]Floette-Eternal||Floettite|FlowerVeil|DrainingKiss,DazzlingGleam,CalmMind,Protect|Modest||F|||50|
|inactive|Battle timer is ON: inactive players will automatically lose when time's up. (requested by thatboylando)
|inactive|SilverrrVGC has 60 seconds left.
|
|t:|1784504763
|teamsize|p1|4
|teamsize|p2|4
|start
|switch|p1a: Cofagrigus|Cofagrigus, L50, M|100/100
|switch|p1b: Clefable|Clefable, L50, M|100/100
|switch|p2a: Sinistcha|Sinistcha, L50|100/100
|switch|p2b: Floette|Floette-Eternal, L50, F|100/100
|turn|1
|
|t:|1784504776
|detailschange|p2b: Floette|Floette-Mega, L50, F
|-mega|p2b: Floette|Floette|Floettite
|-ability|p2b: Floette|Fairy Aura
|move|p2b: Floette|Calm Mind|p2b: Floette
|-boost|p2b: Floette|spa|1
|-boost|p2b: Floette|spd|1
|move|p2a: Sinistcha|Imprison|p2a: Sinistcha
|-start|p2a: Sinistcha|move: Imprison
|move|p1b: Clefable|Moonblast|p2b: Floette
|-damage|p2b: Floette|66/100
|move|p1a: Cofagrigus|Shadow Ball|p2a: Sinistcha
|-supereffective|p2a: Sinistcha|1
|-damage|p2a: Sinistcha|56/100
|
|upkeep
|turn|2
|
|t:|1784504793
|move|p2b: Floette|Dazzling Gleam|p1a: Cofagrigus|[spread] p1a,p1b
|-damage|p1a: Cofagrigus|44/100
|-damage|p1b: Clefable|62/100
|-enditem|p1a: Cofagrigus|Sitrus Berry|[eat]
|-heal|p1a: Cofagrigus|68/100|[from] item: Sitrus Berry
|move|p2a: Sinistcha|Matcha Gotcha|p1a: Cofagrigus|[spread] p1a,p1b
|-damage|p1a: Cofagrigus|46/100
|-heal|p2a: Sinistcha|66/100|[from] drain|[of] p1a: Cofagrigus
|-damage|p1b: Clefable|41/100
|-heal|p2a: Sinistcha|78/100|[from] drain|[of] p1b: Clefable
|move|p1b: Clefable|Moonblast|p2a: Sinistcha
|-damage|p2a: Sinistcha|33/100
|move|p1a: Cofagrigus|Shadow Ball|p2b: Floette
|-damage|p2b: Floette|53/100
|
|upkeep
|turn|3
|
|t:|1784504810
|switch|p2a: Rotom|Rotom-Wash, L50, shiny|100/100
|move|p2b: Floette|Draining Kiss|p1b: Clefable
|-damage|p1b: Clefable|5/100
|-heal|p2b: Floette|83/100|[from] drain|[of] p1b: Clefable
|move|p1b: Clefable|Moonblast|p2a: Rotom
|-damage|p2a: Rotom|41/100
|-unboost|p2a: Rotom|spa|1
|move|p1a: Cofagrigus|Destiny Bond|p1a: Cofagrigus
|-singlemove|p1a: Cofagrigus|Destiny Bond
|
|upkeep
|turn|4
|inactive|SilverrrVGC has 30 seconds left.
|
|t:|1784504842
|switch|p2a: Incineroar|Incineroar, L50, F|100/100
|-ability|p2a: Incineroar|Intimidate|boost
|-unboost|p1a: Cofagrigus|atk|1
|-unboost|p1b: Clefable|atk|1
|move|p2b: Floette|Calm Mind|p2b: Floette
|-boost|p2b: Floette|spa|1
|-boost|p2b: Floette|spd|1
|move|p1b: Clefable|Moonblast|p2b: Floette
|-damage|p2b: Floette|46/100
|move|p1a: Cofagrigus|Trick Room|p1a: Cofagrigus
|-fieldstart|move: Trick Room|[of] p1a: Cofagrigus
|
|upkeep
|turn|5
|
|t:|1784504856
|move|p1b: Clefable|Protect|p1b: Clefable
|-singleturn|p1b: Clefable|Protect
|move|p2b: Floette|Protect|p2b: Floette
|-singleturn|p2b: Floette|Protect
|move|p2a: Incineroar|Fake Out|p1b: Clefable
|-activate|p1b: Clefable|move: Protect
|move|p1a: Cofagrigus|Destiny Bond|p1a: Cofagrigus
|-singlemove|p1a: Cofagrigus|Destiny Bond
|
|upkeep
|turn|6
|
|t:|1784504872
|switch|p2a: Sinistcha|Sinistcha, L50|33/100
|-heal|p2b: Floette|71/100|[from] ability: Hospitality|[of] p2a: Sinistcha
|move|p1a: Cofagrigus|Shadow Ball|p2b: Floette
|-damage|p2b: Floette|61/100
|-unboost|p2b: Floette|spd|1
|move|p1b: Clefable|Moonblast|p2a: Sinistcha
|-damage|p2a: Sinistcha|0 fnt
|faint|p2a: Sinistcha
|move|p2b: Floette|Draining Kiss|p1b: Clefable
|-damage|p1b: Clefable|0 fnt
|-heal|p2b: Floette|66/100|[from] drain|[of] p1b: Clefable
|faint|p1b: Clefable
|
|upkeep
|
|t:|1784504885
|switch|p1b: Torkoal|Torkoal, L50, M|100/100
|switch|p2a: Incineroar|Incineroar, L50, F|100/100
|-weather|SunnyDay|[from] ability: Drought|[of] p1b: Torkoal
|-ability|p2a: Incineroar|Intimidate|boost
|-unboost|p1a: Cofagrigus|atk|1
|-unboost|p1b: Torkoal|atk|1
|turn|7
|
|t:|1784504896
|move|p1b: Torkoal|Protect|p1b: Torkoal
|-singleturn|p1b: Torkoal|Protect
|move|p2b: Floette|Protect|p2b: Floette
|-singleturn|p2b: Floette|Protect
|move|p1a: Cofagrigus|Shadow Ball|p2b: Floette
|-activate|p2b: Floette|move: Protect
|move|p2a: Incineroar|Parting Shot|p1b: Torkoal
|-activate|p1b: Torkoal|move: Protect
|
|-weather|SunnyDay|[upkeep]
|upkeep
|turn|8
|inactive|SilverrrVGC has 30 seconds left.
|
|t:|1784504925
|move|p1b: Torkoal|Eruption|p2b: Floette|[spread] p2a,p2b
|-resisted|p2a: Incineroar|1
|-damage|p2a: Incineroar|61/100
|-damage|p2b: Floette|24/100
|move|p1a: Cofagrigus|Destiny Bond|p1a: Cofagrigus
|-singlemove|p1a: Cofagrigus|Destiny Bond
|move|p2a: Incineroar|Throat Chop|p1a: Cofagrigus
|-supereffective|p1a: Cofagrigus|1
|-damage|p1a: Cofagrigus|1/100
|-start|p1a: Cofagrigus|Throat Chop|[silent]
|-activate|p1a: Cofagrigus|ability: Mummy|p2a: Incineroar|[ability] Intimidate
|move|p2b: Floette|Draining Kiss|p1b: Torkoal
|-resisted|p1b: Torkoal|1
|-damage|p1b: Torkoal|52/100
|-heal|p2b: Floette|59/100|[from] drain|[of] p1b: Torkoal
|
|-weather|SunnyDay|[upkeep]
|-fieldend|move: Trick Room
|upkeep
|turn|9
|
|t:|1784504941
|move|p2b: Floette|Draining Kiss|p1b: Torkoal
|-resisted|p1b: Torkoal|1
|-damage|p1b: Torkoal|1/100
|-heal|p2b: Floette|97/100|[from] drain|[of] p1b: Torkoal
|move|p2a: Incineroar|Throat Chop|p1a: Cofagrigus
|-supereffective|p1a: Cofagrigus|1
|-damage|p1a: Cofagrigus|0 fnt
|faint|p1a: Cofagrigus
|-activate|p1a: Cofagrigus|move: Destiny Bond
|faint|p2a: Incineroar
|move|p1b: Torkoal|Weather Ball|p2b: Floette
|-damage|p2b: Floette|58/100
|
|-weather|SunnyDay|[upkeep]
|upkeep
|
|t:|1784504952
|switch|p2a: Rotom|Rotom-Wash, L50, shiny|41/100
|switch|p1a: Drampa|Drampa, L50, M|100/100
|-ability|p1a: Drampa|Cloud Nine
|turn|10
|
|t:|1784504957
|detailschange|p1a: Drampa|Drampa-Mega, L50, M
|-mega|p1a: Drampa|Drampa|Drampanite
|move|p2a: Rotom|Electroweb|p1b: Torkoal|[spread] p1a,p1b
|-resisted|p1a: Drampa|1
|-damage|p1a: Drampa|93/100
|-damage|p1b: Torkoal|0 fnt
|-unboost|p1a: Drampa|spe|1
|faint|p1b: Torkoal
|move|p2b: Floette|Dazzling Gleam|p1a: Drampa
|-supereffective|p1a: Drampa|1
|-damage|p1a: Drampa|0 fnt
|faint|p1a: Drampa
|
|win|SilverrrVGC
|raw|thatboylando's rating: 1171 → 1144(-27 for losing)
|raw|SilverrrVGC's rating: 1149 → 1176(+27 for winning)
|c|☆SilverrrVGC|gg
|l|☆thatboylando
|player|p1|
