|j|☆natsukivgc
|j|☆Kennedywuzhere
|html|natsukivgcKennedywuzhere    
|uhtml|bestof|Game 3 of a best-of-3
|t:|1786114219
|gametype|doubles
|player|p1|natsukivgc|101|1225
|player|p2|Kennedywuzhere|2|1150
|gen|9
|tier|[Gen 9 Champions] VGC 2026 Reg M-B (Bo3)
|rated|
|rule|Species Clause: Limit one of each Pokémon
|rule|Item Clause: Limit 1 of each item
|clearpoke
|poke|p1|Garchomp, L50, M|
|poke|p1|Venusaur, L50, M|
|poke|p1|Incineroar, L50, F|
|poke|p1|Charizard, L50, M|
|poke|p1|Toxapex, L50, F|
|poke|p1|Annihilape, L50, F|
|poke|p2|Milotic, L50, M|
|poke|p2|Annihilape, L50, F, shiny|
|poke|p2|Charizard, L50, M, shiny|
|poke|p2|Sinistcha-Masterpiece, L50, shiny|
|poke|p2|Staraptor, L50, F|
|poke|p2|Sneasler, L50, F, shiny|
|teampreview|4
|showteam|p1|Garchomp||ChoiceScarf|RoughSkin|Earthquake,DragonClaw,StompingTantrum,RockSlide|Adamant||M|||50|]Venusaur||LifeOrb|Chlorophyll|SolarBeam,SludgeBomb,EarthPower,Protect|Modest||M|||50|]Incineroar||SitrusBerry|Intimidate|FlareBlitz,ThroatChop,FakeOut,PartingShot|Impish||F|||50|]Charizard||CharizarditeY|Blaze|HeatWave,WeatherBall,Protect,HelpingHand|Modest||M|||50|]Toxapex||Leftovers|Regenerator|Infestation,Toxic,WideGuard,BanefulBunker|Bold||F|||50|]Annihilape||FocusSash|Defiant|CloseCombat,PhantomForce,RockTomb,Protect|Jolly||F|||50|
|showteam|p2|Milotic||QuickClaw|Competitive|Tickle,Protect,Scald,Recover|Calm||M|||50|]Annihilape||LifeOrb|Defiant|BulkUp,DrainPunch,RageFist,PoisonJab|Adamant||F|||50|]Charizard||CharizarditeY|Blaze|HeatWave,FocusBlast,Protect,IronTail|Timid||M|||50|]Sinistcha-Masterpiece||Leftovers|Hospitality|MatchaGotcha,RagePowder,Protect,ShadowBall|Timid|||||50|]Staraptor||Staraptite|Intimidate|CloseCombat,Protect,DualWingbeat,Roost|Adamant||F|||50|]Sneasler||WhiteHerb|Unburden|CloseCombat,DireClaw,FakeOut,Toxic|Careful||F|||50|
|
|t:|1786114268
|teamsize|p1|4
|teamsize|p2|4
|start
|switch|p1a: Incineroar|Incineroar, L50, F|100/100
|switch|p1b: Charizard|Charizard, L50, M|100/100
|switch|p2a: Sneasler|Sneasler, L50, F, shiny|100/100
|switch|p2b: Staraptor|Staraptor, L50, F|100/100
|-ability|p2b: Staraptor|Intimidate|boost
|-unboost|p1a: Incineroar|atk|1
|-unboost|p1b: Charizard|atk|1
|-ability|p1a: Incineroar|Intimidate|boost
|-unboost|p2a: Sneasler|atk|1
|-unboost|p2b: Staraptor|atk|1
|-enditem|p2a: Sneasler|White Herb
|-clearnegativeboost|p2a: Sneasler|[silent]
|turn|1
|
|t:|1786114298
|detailschange|p2b: Staraptor|Staraptor-Mega, L50, F
|-mega|p2b: Staraptor|Staraptor|Staraptite
|detailschange|p1b: Charizard|Charizard-Mega-Y, L50, M
|-mega|p1b: Charizard|Charizard|Charizardite Y
|-weather|SunnyDay|[from] ability: Drought|[of] p1b: Charizard
|move|p2a: Sneasler|Fake Out|p1b: Charizard
|-damage|p1b: Charizard|88/100
|move|p2b: Staraptor|Close Combat|p1a: Incineroar
|-supereffective|p1a: Incineroar|1
|-damage|p1a: Incineroar|27/100
|-boost|p2b: Staraptor|def|1
|-boost|p2b: Staraptor|spd|1
|-enditem|p1a: Incineroar|Sitrus Berry|[eat]
|-heal|p1a: Incineroar|52/100|[from] item: Sitrus Berry
|cant|p1b: Charizard|flinch
|move|p1a: Incineroar|Flare Blitz|p2b: Staraptor
|-damage|p2b: Staraptor|68/100
|-damage|p1a: Incineroar|43/100|[from] Recoil
|
|-weather|SunnyDay|[upkeep]
|upkeep
|turn|2
|
|t:|1786114330
|switch|p1a: Toxapex|Toxapex, L50, F|100/100
|move|p2a: Sneasler|Close Combat|p1b: Charizard
|-resisted|p1b: Charizard|1
|-damage|p1b: Charizard|59/100
|-unboost|p2a: Sneasler|def|1
|-unboost|p2a: Sneasler|spd|1
|move|p2b: Staraptor|Close Combat|p1a: Toxapex
|-resisted|p1a: Toxapex|1
|-damage|p1a: Toxapex|82/100
|-boost|p2b: Staraptor|def|1
|-boost|p2b: Staraptor|spd|1
|move|p1b: Charizard|Weather Ball|p2b: Staraptor
|-damage|p2b: Staraptor|21/100
|
|-weather|SunnyDay|[upkeep]
|-heal|p1a: Toxapex|88/100|[from] item: Leftovers
|upkeep
|turn|3
|
|t:|1786114365
|move|p2b: Staraptor|Protect|p2b: Staraptor
|-singleturn|p2b: Staraptor|Protect
|move|p2a: Sneasler|Toxic|p1b: Charizard
|-status|p1b: Charizard|tox
|move|p1b: Charizard|Weather Ball|p2a: Sneasler
|-damage|p2a: Sneasler|0 fnt
|faint|p2a: Sneasler
|move|p1a: Toxapex|Toxic|p2b: Staraptor
|-activate|p2b: Staraptor|move: Protect
|
|-weather|SunnyDay|[upkeep]
|-heal|p1a: Toxapex|94/100|[from] item: Leftovers
|-damage|p1b: Charizard|53/100 tox|[from] psn
|upkeep
|
|t:|1786114380
|switch|p2a: Sinistcha|Sinistcha-Masterpiece, L50, shiny|100/100
|-heal|p2b: Staraptor|46/100|[from] ability: Hospitality|[of] p2a: Sinistcha
|turn|4
|
|t:|1786114393
|switch|p2a: Milotic|Milotic, L50, M|100/100
|move|p2b: Staraptor|Roost|p2b: Staraptor
|-heal|p2b: Staraptor|96/100
|-singleturn|p2b: Staraptor|move: Roost
|move|p1b: Charizard|Heat Wave|p2a: Milotic|[spread] p2a
|-miss|p1b: Charizard|p2b: Staraptor
|-resisted|p2a: Milotic|1
|-damage|p2a: Milotic|78/100
|move|p1a: Toxapex|Toxic|p2b: Staraptor
|-status|p2b: Staraptor|tox
|
|-weather|SunnyDay|[upkeep]
|-heal|p1a: Toxapex|100/100|[from] item: Leftovers
|-damage|p2b: Staraptor|90/100 tox|[from] psn
|-damage|p1b: Charizard|41/100 tox|[from] psn
|upkeep
|turn|5
|
|t:|1786114422
|switch|p1b: Annihilape|Annihilape, L50, F|100/100
|move|p2b: Staraptor|Dual Wingbeat|p1b: Annihilape
|-supereffective|p1b: Annihilape|1
|-crit|p1b: Annihilape
|-damage|p1b: Annihilape|12/100
|-supereffective|p1b: Annihilape|1
|-damage|p1b: Annihilape|0 fnt
|faint|p1b: Annihilape
|-hitcount|p1: Annihilape|2
|move|p2a: Milotic|Tickle|p2b: Staraptor
|-boost|p2b: Staraptor|atk|1
|-boost|p2b: Staraptor|def|1
|move|p1a: Toxapex|Infestation|p2b: Staraptor
|-resisted|p2b: Staraptor|2
|-damage|p2b: Staraptor|90/100 tox
|-activate|p2b: Staraptor|move: Infestation|[of] p1a: Toxapex
|
|-weather|none
|-damage|p2b: Staraptor|78/100 tox|[from] psn
|-damage|p2b: Staraptor|65/100 tox|[from] move: Infestation|[partiallytrapped]
|upkeep
|
|t:|1786114441
|switch|p1b: Charizard|Charizard-Mega-Y, L50, M|41/100 tox
|-weather|SunnyDay|[from] ability: Drought|[of] p1b: Charizard
|turn|6
|-activate|p2a: Milotic|item: Quick Claw
|
|t:|1786114465
|move|p1b: Charizard|Protect|p1b: Charizard
|-singleturn|p1b: Charizard|Protect
|move|p2a: Milotic|Tickle|p2b: Staraptor
|-boost|p2b: Staraptor|atk|1
|-boost|p2b: Staraptor|def|1
|move|p2b: Staraptor|Dual Wingbeat|p1b: Charizard
|-activate|p1b: Charizard|move: Protect
|move|p1a: Toxapex|Toxic|p2a: Milotic
|-status|p2a: Milotic|tox
|
|-weather|SunnyDay|[upkeep]
|-damage|p2b: Staraptor|48/100 tox|[from] psn
|-damage|p1b: Charizard|35/100 tox|[from] psn
|-damage|p2a: Milotic|72/100 tox|[from] psn
|-damage|p2b: Staraptor|35/100 tox|[from] move: Infestation|[partiallytrapped]
|upkeep
|turn|7
|
|t:|1786114494
|switch|p1b: Incineroar|Incineroar, L50, F|43/100
|-ability|p1b: Incineroar|Intimidate|boost
|-unboost|p2a: Milotic|atk|1
|-ability|p2a: Milotic|Competitive|boost
|-boost|p2a: Milotic|spa|2
|-boost|p2b: Staraptor|atk|1
|switch|p2a: Sinistcha|Sinistcha-Masterpiece, L50, shiny|100/100
|-heal|p2b: Staraptor|60/100 tox|[from] ability: Hospitality|[of] p2a: Sinistcha
|move|p1a: Toxapex|Baneful Bunker|p1a: Toxapex
|-singleturn|p1a: Toxapex|move: Protect
|move|p2b: Staraptor|Dual Wingbeat|p1b: Incineroar
|-damage|p1b: Incineroar|7/100
|-damage|p1b: Incineroar|0 fnt
|faint|p1b: Incineroar
|-hitcount|p1: Incineroar|2
|
|-weather|SunnyDay|[upkeep]
|-damage|p2b: Staraptor|37/100 tox|[from] psn
|-damage|p2b: Staraptor|24/100 tox|[from] move: Infestation|[partiallytrapped]
|upkeep
|
|t:|1786114512
|switch|p1b: Charizard|Charizard-Mega-Y, L50, M|35/100 tox
|turn|8
|
|t:|1786114543
|move|p2b: Staraptor|Roost|p2b: Staraptor
|-heal|p2b: Staraptor|74/100 tox
|-singleturn|p2b: Staraptor|move: Roost
|move|p1b: Charizard|Weather Ball|p2a: Sinistcha
|-supereffective|p2a: Sinistcha|1
|-damage|p2a: Sinistcha|0 fnt
|faint|p2a: Sinistcha
|move|p1a: Toxapex|Toxic|p2b: Staraptor
|-fail|p2b: Staraptor|tox
|
|-weather|SunnyDay|[upkeep]
|-damage|p2b: Staraptor|45/100 tox|[from] psn
|-damage|p1b: Charizard|29/100 tox|[from] psn
|-damage|p2b: Staraptor|32/100 tox|[from] move: Infestation|[partiallytrapped]
|upkeep
|
|t:|1786114556
|switch|p2a: Milotic|Milotic, L50, M|72/100 tox
|turn|9
|
|t:|1786114583
|move|p2b: Staraptor|Dual Wingbeat|p1b: Charizard
|-damage|p1b: Charizard|0 fnt
|faint|p1b: Charizard
|-hitcount|p1: Charizard|1
|move|p2a: Milotic|Scald|p1a: Toxapex
|-resisted|p1a: Toxapex|1
|-crit|p1a: Toxapex
|-damage|p1a: Toxapex|91/100
|move|p1a: Toxapex|Infestation|p2a: Milotic
|-damage|p2a: Milotic|70/100 tox
|-activate|p2a: Milotic|move: Infestation|[of] p1a: Toxapex
|
|-weather|SunnyDay|[upkeep]
|-heal|p1a: Toxapex|97/100|[from] item: Leftovers
|-damage|p2b: Staraptor|0 fnt|[from] psn
|faint|p2b: Staraptor
|-damage|p2a: Milotic|63/100 tox|[from] psn
|-damage|p2a: Milotic|51/100 tox|[from] move: Infestation|[partiallytrapped]
|upkeep
|turn|10
|-activate|p2a: Milotic|item: Quick Claw
|
|t:|1786114605
|move|p1a: Toxapex|Baneful Bunker|p1a: Toxapex
|-singleturn|p1a: Toxapex|move: Protect
|move|p2a: Milotic|Scald|p1a: Toxapex
|-activate|p1a: Toxapex|move: Protect
|
|-weather|none
|-heal|p1a: Toxapex|100/100|[from] item: Leftovers
|-damage|p2a: Milotic|39/100 tox|[from] psn
|-damage|p2a: Milotic|26/100 tox|[from] move: Infestation|[partiallytrapped]
|upkeep
|turn|11
|
|t:|1786114617
|move|p2a: Milotic|Recover|p2a: Milotic
|-heal|p2a: Milotic|76/100 tox
|move|p1a: Toxapex|Infestation|p2a: Milotic
|-damage|p2a: Milotic|74/100 tox
|
|-damage|p2a: Milotic|56/100 tox|[from] psn
|-damage|p2a: Milotic|43/100 tox|[from] move: Infestation|[partiallytrapped]
|upkeep
|turn|12
|
|t:|1786114626
|move|p2a: Milotic|Scald|p1a: Toxapex
|-resisted|p1a: Toxapex|1
|-crit|p1a: Toxapex
|-damage|p1a: Toxapex|82/100
|move|p1a: Toxapex|Infestation|p2a: Milotic
|-damage|p2a: Milotic|41/100 tox
|
|-heal|p1a: Toxapex|88/100|[from] item: Leftovers
|-damage|p2a: Milotic|17/100 tox|[from] psn
|-damage|p2a: Milotic|4/100 tox|[from] move: Infestation|[partiallytrapped]
|upkeep
|turn|13
|-message|Kennedywuzhere forfeited.
|raw|natsukivgc's rating: 1225 → 1245(+20 for winning)
|raw|Kennedywuzhere's rating: 1150 → 1130(-20 for losing)
|
|win|natsukivgc
