|j|☆Praximus
|j|☆AyLuLiiiEsToTaCBN
|html|PraximusAyLuLiiiEsToTaCBN    
|uhtml|bestof|Game 2 of a best-of-3
|t:|1785337059
|gametype|doubles
|player|p1|Praximus|red|1263
|player|p2|AyLuLiiiEsToTaCBN|shadowtriad|1149
|gen|9
|tier|[Gen 9 Champions] VGC 2026 Reg M-B (Bo3)
|rated|
|rule|Species Clause: Limit one of each Pokémon
|rule|Item Clause: Limit 1 of each item
|clearpoke
|poke|p1|Froslass, L50, F|
|poke|p1|Tyranitar, L50, M|
|poke|p1|Kingambit, L50, F|
|poke|p1|Sneasler, L50, M|
|poke|p1|Excadrill, L50, M|
|poke|p1|Venusaur, L50, M|
|poke|p2|Grimmsnarl, L50, M|
|poke|p2|Charizard, L50, M|
|poke|p2|Venusaur, L50, F|
|poke|p2|Pelipper, L50, F|
|poke|p2|Archaludon, L50, F|
|poke|p2|Basculegion, L50, M|
|teampreview|4
|showteam|p1|Froslass||Froslassite|CursedBody|Blizzard,ShadowBall,AuroraVeil,Protect|Timid||F|||50|]Tyranitar||ChoiceScarf|SandStream|RockSlide,KnockOff,LowKick,IcePunch|Jolly||M|||50|]Kingambit||LifeOrb|Defiant|KowtowCleave,SuckerPunch,SwordsDance,Protect|Adamant||F|||50|]Sneasler||WhiteHerb|Unburden|CloseCombat,DireClaw,FakeOut,Protect|Adamant||M|||50|]Excadrill||FocusSash|SandRush|HighHorsepower,RockSlide,IronHead,Protect|Jolly||M|||50|]Venusaur||Venusaurite|Chlorophyll|SludgeBomb,GigaDrain,EarthPower,Protect|Modest||M|||50|
|showteam|p2|Grimmsnarl||LightClay|Prankster|Reflect,SpiritBreak,LightScreen,PartingShot|Careful||M|||50|]Charizard||CharizarditeY|Blaze|Protect,HeatWave,SolarBeam,WeatherBall|Modest||M|||50|]Venusaur||FocusSash|Chlorophyll|SludgeBomb,EarthPower,SleepPowder,Protect|Modest||F|||50|]Pelipper||SitrusBerry|Drizzle|Tailwind,Hurricane,WeatherBall,WideGuard|Modest||F|||50|]Archaludon||Leftovers|Stamina|Protect,ElectroShot,DragonPulse,FlashCannon|Calm||F|||50|]Basculegion||ChoiceScarf|Adaptability|FlipTurn,AquaJet,WaveCrash,LastRespects|Jolly||M|||50|
|inactive|Battle timer is ON: inactive players will automatically lose when time's up. (requested by Praximus)
|inactive|Praximus has 60 seconds left.
|inactive|AyLuLiiiEsToTaCBN has 60 seconds left.
|
|t:|1785337110
|teamsize|p1|4
|teamsize|p2|4
|start
|switch|p1a: Tyranitar|Tyranitar, L50, M|100/100
|switch|p1b: Kingambit|Kingambit, L50, F|100/100
|switch|p2a: Venusaur|Venusaur, L50, F|100/100
|switch|p2b: Charizard|Charizard, L50, M|100/100
|-weather|Sandstorm|[from] ability: Sand Stream|[of] p1a: Tyranitar
|turn|1
|inactive|Praximus has 30 seconds left.
|inactive|AyLuLiiiEsToTaCBN has 30 seconds left.
|inactive|AyLuLiiiEsToTaCBN has 20 seconds left.
|inactive|AyLuLiiiEsToTaCBN has 15 seconds left.
|inactive|AyLuLiiiEsToTaCBN has 10 seconds left.
|inactive|AyLuLiiiEsToTaCBN has 5 seconds left.
|
|t:|1785337164
|switch|p2b: Archaludon|Archaludon, L50, F|100/100
|switch|p1b: Venusaur|Venusaur, L50, M|100/100
|move|p1a: Tyranitar|Rock Slide|p2b: Archaludon|[spread] p2b
|-miss|p1a: Tyranitar|p2a: Venusaur
|-resisted|p2b: Archaludon|1
|-damage|p2b: Archaludon|90/100
|-ability|p2b: Archaludon|Stamina|boost
|-boost|p2b: Archaludon|def|1
|move|p2a: Venusaur|Sleep Powder|p1b: Venusaur
|-immune|p1b: Venusaur
|
|-weather|Sandstorm|[upkeep]
|-damage|p2a: Venusaur|94/100|[from] Sandstorm
|-damage|p1b: Venusaur|94/100|[from] Sandstorm
|-heal|p2b: Archaludon|96/100|[from] item: Leftovers
|upkeep
|turn|2
|inactive|Praximus has 30 seconds left.
|inactive|AyLuLiiiEsToTaCBN has 30 seconds left.
|
|t:|1785337193
|switch|p1a: Kingambit|Kingambit, L50, F|100/100
|detailschange|p1b: Venusaur|Venusaur-Mega, L50, M
|-mega|p1b: Venusaur|Venusaur|Venusaurite
|move|p2a: Venusaur|Sludge Bomb|p1b: Venusaur
|-crit|p1b: Venusaur
|-damage|p1b: Venusaur|36/100
|move|p1b: Venusaur|Earth Power|p2b: Archaludon
|-supereffective|p2b: Archaludon|1
|-damage|p2b: Archaludon|43/100
|-ability|p2b: Archaludon|Stamina|boost
|-boost|p2b: Archaludon|def|1
|move|p2b: Archaludon|Dragon Pulse|p1b: Venusaur
|-crit|p1b: Venusaur
|-damage|p1b: Venusaur|0 fnt
|faint|p1b: Venusaur
|
|-weather|Sandstorm|[upkeep]
|-damage|p2a: Venusaur|88/100|[from] Sandstorm
|-heal|p2b: Archaludon|49/100|[from] item: Leftovers
|upkeep
|c|☆Praximus|lol really
|
|t:|1785337212
|switch|p1b: Sneasler|Sneasler, L50, M|100/100
|turn|3
|
|t:|1785337235
|move|p1b: Sneasler|Fake Out|p2a: Venusaur
|-damage|p2a: Venusaur|68/100
|cant|p2a: Venusaur|flinch
|move|p2b: Archaludon|Dragon Pulse|p1b: Sneasler
|-damage|p1b: Sneasler|52/100
|move|p1a: Kingambit|Swords Dance|p1a: Kingambit
|-boost|p1a: Kingambit|atk|2
|
|-weather|Sandstorm|[upkeep]
|-damage|p1b: Sneasler|46/100|[from] Sandstorm
|-damage|p2a: Venusaur|62/100|[from] Sandstorm
|-heal|p2b: Archaludon|55/100|[from] item: Leftovers
|upkeep
|turn|4
|
|t:|1785337263
|move|p2a: Venusaur|Protect|p2a: Venusaur
|-singleturn|p2a: Venusaur|Protect
|move|p1b: Sneasler|Dire Claw|p2a: Venusaur
|-activate|p2a: Venusaur|move: Protect
|move|p2b: Archaludon|Dragon Pulse|p1b: Sneasler
|-damage|p1b: Sneasler|0 fnt
|faint|p1b: Sneasler
|move|p1a: Kingambit|Kowtow Cleave|p2b: Archaludon
|-damage|p2b: Archaludon|3/100
|-ability|p2b: Archaludon|Stamina|boost
|-boost|p2b: Archaludon|def|1
|-damage|p1a: Kingambit|90/100|[from] item: Life Orb
|
|-weather|Sandstorm|[upkeep]
|-damage|p2a: Venusaur|56/100|[from] Sandstorm
|-heal|p2b: Archaludon|9/100|[from] item: Leftovers
|upkeep
|
|t:|1785337279
|switch|p1b: Tyranitar|Tyranitar, L50, M|100/100
|turn|5
|inactive|AyLuLiiiEsToTaCBN has 30 seconds left.
|inactive|Praximus has 30 seconds left.
|inactive|AyLuLiiiEsToTaCBN has 20 seconds left.
|
|t:|1785337318
|move|p1a: Kingambit|Sucker Punch|p2b: Archaludon
|-damage|p2b: Archaludon|0 fnt
|faint|p2b: Archaludon
|-damage|p1a: Kingambit|80/100|[from] item: Life Orb
|move|p1b: Tyranitar|Rock Slide|p2a: Venusaur
|-damage|p2a: Venusaur|0 fnt
|faint|p2a: Venusaur
|
|-weather|none
|upkeep
|
|t:|1785337328
|switch|p2a: Pelipper|Pelipper, L50, F|100/100
|switch|p2b: Charizard|Charizard, L50, M|100/100
|-weather|RainDance|[from] ability: Drizzle|[of] p2a: Pelipper
|turn|6
|inactive|AyLuLiiiEsToTaCBN has 30 seconds left.
|inactive|AyLuLiiiEsToTaCBN has 20 seconds left.
|
|t:|1785337365
|move|p2b: Charizard|Protect|p2b: Charizard
|-singleturn|p2b: Charizard|Protect
|move|p1a: Kingambit|Sucker Punch|p2a: Pelipper
|-damage|p2a: Pelipper|0 fnt
|faint|p2a: Pelipper
|-damage|p1a: Kingambit|70/100|[from] item: Life Orb
|move|p1b: Tyranitar|Rock Slide|p2b: Charizard
|-activate|p2b: Charizard|move: Protect
|
|-weather|RainDance|[upkeep]
|upkeep
|turn|7
|inactive|AyLuLiiiEsToTaCBN has 30 seconds left.
|
|t:|1785337396
|detailschange|p2b: Charizard|Charizard-Mega-Y, L50, M
|-mega|p2b: Charizard|Charizard|Charizardite Y
|-weather|SunnyDay|[from] ability: Drought|[of] p2b: Charizard
|move|p1a: Kingambit|Sucker Punch|p2b: Charizard
|-damage|p2b: Charizard|0 fnt
|faint|p2b: Charizard
|-damage|p1a: Kingambit|60/100|[from] item: Life Orb
|
|win|Praximus
