|j|☆fancy_0221
|j|☆Glacia20
|html|fancy_0221Glacia20    
|uhtml|bestof|Game 2 of a best-of-3
|t:|1782500576
|gametype|doubles
|player|p1|fancy_0221|caitlin|
|player|p2|Glacia20|hilda-wonderlauncher|
|gen|9
|tier|[Gen 9 Champions] VGC 2026 Reg M-B (Bo3)
|rule|Species Clause: Limit one of each Pokémon
|rule|Item Clause: Limit 1 of each item
|clearpoke
|poke|p1|Staraptor, L50, M|
|poke|p1|Raichu, L50, M|
|poke|p1|Typhlosion, L50, M|
|poke|p1|Snorlax, L50, M|
|poke|p1|Sinistcha, L50|
|poke|p1|Tyranitar, L50, M|
|poke|p2|Floette-Eternal, L50, F, shiny|
|poke|p2|Kommo-o, L50, F, shiny|
|poke|p2|Sneasler, L50, F, shiny|
|poke|p2|Politoed, L50, M|
|poke|p2|Gliscor, L50, F|
|poke|p2|Torterra, L50, M|
|teampreview|4
|showteam|p1|Staraptor||Staraptite|Intimidate|CloseCombat,BraveBird,Protect,Uturn|Jolly||M|||50|]Raichu||FocusSash|LightningRod|Thunderbolt,Charm,FakeOut,Nuzzle|Hasty||M|||50|]Typhlosion||ChoiceScarf|FlashFire|Eruption,FireBlast,Extrasensory,Overheat|Modest||M|||50|]Snorlax||Leftovers|ThickFat|HeavySlam,BodySlam,Yawn,Protect|Adamant||M|||50|]Sinistcha||SitrusBerry|Hospitality|MatchaGotcha,StrengthSap,RagePowder,Protect|Calm|||||50|]Tyranitar||RoseliBerry|SandStream|StoneEdge,Protect,IronHead,KnockOff|Adamant||M|||50|
|showteam|p2|Floette-Eternal||Floettite|FlowerVeil|DazzlingGleam,GigaDrain,Protect,CalmMind|Timid||F|||50|]Kommo-o||SitrusBerry|Overcoat|FlashCannon,ClangingScales,DrainPunch,RockSlide|Naive||F|||50|]Sneasler||WhiteHerb|Unburden|DireClaw,FakeOut,CloseCombat,Protect|Adamant||F|||50|]Politoed||MysticWater|Drizzle|MuddyWater,Hypnosis,Encore,IceBeam|Bold||M|||50|]Gliscor|||HyperCutter|Acrobatics,HighHorsepower,Protect,RockSlide|Jolly||F|||50|]Torterra||Leftovers|ShellArmor|ShellSmash,HeadlongRush,RockSlide,SeedBomb|Careful||M|||50|
|
|t:|1782500660
|teamsize|p1|4
|teamsize|p2|4
|start
|switch|p1a: Typhlosion|Typhlosion, L50, M|100/100
|switch|p1b: Raichu|Raichu, L50, M|100/100
|switch|p2a: Floette|Floette-Eternal, L50, F, shiny|100/100
|switch|p2b: Gliscor|Gliscor, L50, F|100/100
|turn|1
|
|t:|1782500690
|switch|p1a: Snorlax|Snorlax, L50, M|100/100
|detailschange|p2a: Floette|Floette-Mega, L50, F, shiny
|-mega|p2a: Floette|Floette|Floettite
|-ability|p2a: Floette|Fairy Aura
|move|p2a: Floette|Protect|p2a: Floette
|-singleturn|p2a: Floette|Protect
|move|p2b: Gliscor|Protect|p2b: Gliscor
|-singleturn|p2b: Gliscor|Protect
|move|p1b: Raichu|Nuzzle|p2a: Floette
|-activate|p2a: Floette|move: Protect
|
|upkeep
|turn|2
|
|t:|1782500755
|switch|p2a: Kommo-o|Kommo-o, L50, F, shiny|100/100
|move|p1b: Raichu|Nuzzle|p2a: Kommo-o
|-resisted|p2a: Kommo-o|1
|-damage|p2a: Kommo-o|96/100
|-status|p2a: Kommo-o|par
|move|p2b: Gliscor|High Horsepower|p1b: Raichu
|-supereffective|p1b: Raichu|1
|-enditem|p1b: Raichu|Focus Sash
|-damage|p1b: Raichu|1/100
|move|p1a: Snorlax|Heavy Slam|p2a: Kommo-o
|-damage|p2a: Kommo-o|54/100 par
|
|upkeep
|turn|3
|
|t:|1782500796
|switch|p1b: Staraptor|Staraptor, L50, M|100/100
|-ability|p1b: Staraptor|Intimidate|boost
|-unboost|p2a: Kommo-o|atk|1
|-fail|p2b: Gliscor|unboost|Attack|[from] ability: Hyper Cutter|[of] p2b: Gliscor
|move|p2b: Gliscor|Rock Slide|p1b: Staraptor|[spread] p1b
|-miss|p2b: Gliscor|p1a: Snorlax
|-supereffective|p1b: Staraptor|1
|-damage|p1b: Staraptor|55/100
|move|p2a: Kommo-o|Drain Punch|p1a: Snorlax
|-supereffective|p1a: Snorlax|1
|-damage|p1a: Snorlax|46/100
|-heal|p2a: Kommo-o|96/100 par|[from] drain|[of] p1a: Snorlax
|move|p1a: Snorlax|Body Slam|p2a: Kommo-o
|-damage|p2a: Kommo-o|51/100 par
|
|-heal|p1a: Snorlax|52/100|[from] item: Leftovers
|upkeep
|turn|4
|
|t:|1782500849
|detailschange|p1b: Staraptor|Staraptor-Mega, L50, M
|-mega|p1b: Staraptor|Staraptor|Staraptite
|move|p1a: Snorlax|Protect|p1a: Snorlax
|-singleturn|p1a: Snorlax|Protect
|move|p1b: Staraptor|Close Combat|p2a: Kommo-o
|-damage|p2a: Kommo-o|0 fnt
|-boost|p1b: Staraptor|def|1
|-boost|p1b: Staraptor|spd|1
|faint|p2a: Kommo-o
|move|p2b: Gliscor|Acrobatics|p1b: Staraptor
|-supereffective|p1b: Staraptor|1
|-damage|p1b: Staraptor|0 fnt
|faint|p1b: Staraptor
|
|-heal|p1a: Snorlax|58/100|[from] item: Leftovers
|upkeep
|
|t:|1782500875
|switch|p1b: Raichu|Raichu, L50, M|1/100
|switch|p2a: Sneasler|Sneasler, L50, F, shiny|100/100
|turn|5
|
|t:|1782500916
|switch|p1a: Typhlosion|Typhlosion, L50, M|100/100
|move|p1b: Raichu|Fake Out|p2a: Sneasler
|-damage|p2a: Sneasler|84/100
|cant|p2a: Sneasler|flinch
|move|p2b: Gliscor|Acrobatics|p1b: Raichu
|-resisted|p1b: Raichu|1
|-damage|p1b: Raichu|0 fnt
|faint|p1b: Raichu
|
|upkeep
|
|t:|1782500926
|switch|p1b: Snorlax|Snorlax, L50, M|58/100
|turn|6
|
|t:|1782500951
|move|p1a: Typhlosion|Extrasensory|p2b: Gliscor
|-damage|p2b: Gliscor|57/100
|move|p2a: Sneasler|Close Combat|p1b: Snorlax
|-supereffective|p1b: Snorlax|1
|-damage|p1b: Snorlax|0 fnt
|-unboost|p2a: Sneasler|def|1
|-unboost|p2a: Sneasler|spd|1
|faint|p1b: Snorlax
|-enditem|p2a: Sneasler|White Herb
|-clearnegativeboost|p2a: Sneasler|[silent]
|move|p2b: Gliscor|High Horsepower|p1a: Typhlosion
|-supereffective|p1a: Typhlosion|1
|-damage|p1a: Typhlosion|0 fnt
|faint|p1a: Typhlosion
|
|win|Glacia20
|inactive|fancy_0221 has 30 seconds to confirm battle start!
|inactive|Glacia20 has 30 seconds to confirm battle start!
||Glacia20 is ready for game 3.
||fancy_0221 is ready for game 3.
|uhtml|next|Next: Game 3 of 3
