|j|☆cubeandcroc
|j|☆cooledoregon
|html|cubeandcroccooledoregon    
|uhtml|bestof|Game 2 of a best-of-3
|t:|1783369599
|gametype|doubles
|player|p1|cubeandcroc|170|1170
|player|p2|cooledoregon|266|1242
|gen|9
|tier|[Gen 9 Champions] VGC 2026 Reg M-B (Bo3)
|rated|
|rule|Species Clause: Limit one of each Pokémon
|rule|Item Clause: Limit 1 of each item
|clearpoke
|poke|p1|Farigiraf, L50, M|
|poke|p1|Milotic, L50, F|
|poke|p1|Garchomp, L50, F|
|poke|p1|Tyranitar, L50, M|
|poke|p1|Scrafty, L50, M|
|poke|p1|Rotom-Heat, L50|
|poke|p2|Rotom-Wash, L50|
|poke|p2|Sneasler, L50, F|
|poke|p2|Froslass, L50, F|
|poke|p2|Glimmora, L50, F|
|poke|p2|Incineroar, L50, F|
|poke|p2|Floette-Eternal, L50, F|
|teampreview|4
|showteam|p1|Farigiraf||SitrusBerry|ArmorTail|Psychic,MirrorCoat,TrickRoom,Roar|Bold||M|||50|]Milotic||Leftovers|Competitive|MuddyWater,Hypnosis,Coil,Recover|Modest||F|||50|]Garchomp||LifeOrb|RoughSkin|DragonClaw,StompingTantrum,RockSlide,Protect|Jolly||F|||50|]Tyranitar||Tyranitarite|SandStream|KnockOff,RockSlide,IronHead,IcePunch|Brave||M|||50|]Scrafty||Scraftinite|Intimidate|FakeOut,DrainPunch,KnockOff,Protect|Brave||M|||50|]Rotom-Heat||ChestoBerry|Levitate|Overheat,Thunderbolt,Rest,Protect|Modest|||||50|
|showteam|p2|Rotom-Wash||ChoiceScarf|Levitate|VoltSwitch,Electroweb,HydroPump,Thunderbolt|Timid|||||50|]Sneasler||WhiteHerb|Unburden|FakeOut,DireClaw,CloseCombat,Protect|Jolly||F|||50|]Froslass||Froslassite|CursedBody|ShadowBall,Blizzard,AuroraVeil,Protect|Timid||F|||50|]Glimmora||FocusSash|ToxicDebris|PowerGem,EarthPower,SludgeBomb,SpikyShield|Timid||F|||50|]Incineroar||SitrusBerry|Intimidate|PartingShot,FakeOut,ThroatChop,FlareBlitz|Careful||F|||50|]Floette-Eternal||Floettite|FlowerVeil|DazzlingGleam,LightofRuin,Moonblast,Protect|Timid||F|||50|
|inactive|Battle timer is ON: inactive players will automatically lose when time's up. (requested by cooledoregon)
|inactive|cooledoregon has 60 seconds left.
|
|t:|1783369652
|teamsize|p1|4
|teamsize|p2|4
|start
|switch|p1a: Tyranitar|Tyranitar, L50, M|100/100
|switch|p1b: Farigiraf|Farigiraf, L50, M|100/100
|switch|p2a: Floette|Floette-Eternal, L50, F|100/100
|switch|p2b: Marta|Sneasler, L50, F|100/100
|-weather|Sandstorm|[from] ability: Sand Stream|[of] p1a: Tyranitar
|turn|1
|inactive|cubeandcroc has 30 seconds left.
|
|t:|1783369678
|switch|p1a: Scrafty|Scrafty, L50, M|100/100
|-ability|p1a: Scrafty|Intimidate|boost
|-unboost|p2a: Floette|atk|1
|-unboost|p2b: Marta|atk|1
|-enditem|p2b: Marta|White Herb
|-clearnegativeboost|p2b: Marta|[silent]
|detailschange|p2a: Floette|Floette-Mega, L50, F
|-mega|p2a: Floette|Floette|Floettite
|-ability|p2a: Floette|Fairy Aura
|move|p2b: Marta|Close Combat|p1b: Farigiraf
|-damage|p1b: Farigiraf|49/100
|-unboost|p2b: Marta|def|1
|-unboost|p2b: Marta|spd|1
|-enditem|p1b: Farigiraf|Sitrus Berry|[eat]
|-heal|p1b: Farigiraf|74/100|[from] item: Sitrus Berry
|move|p2a: Floette|Moonblast|p1b: Farigiraf
|-damage|p1b: Farigiraf|4/100
|move|p1b: Farigiraf|Mirror Coat|p2a: Floette
|-damage|p2a: Floette|0 fnt
|faint|p2a: Floette
|
|-weather|Sandstorm|[upkeep]
|-damage|p2b: Marta|94/100|[from] Sandstorm
|-damage|p1b: Farigiraf|0 fnt|[from] Sandstorm
|-damage|p1a: Scrafty|94/100|[from] Sandstorm
|faint|p1b: Farigiraf
|upkeep
|inactive|cooledoregon has 30 seconds left.
|inactive|cooledoregon has 20 seconds left.
|
|t:|1783369714
|switch|p2a: Incineroar|Incineroar, L50, F|100/100
|switch|p1b: Milotic|Milotic, L50, F|100/100
|-ability|p2a: Incineroar|Intimidate|boost
|-unboost|p1a: Scrafty|atk|1
|-unboost|p1b: Milotic|atk|1
|-ability|p1b: Milotic|Competitive|boost
|-boost|p1b: Milotic|spa|2
|turn|2
|
|t:|1783369729
|switch|p2b: La Pallina|Glimmora, L50, F|100/100
|detailschange|p1a: Scrafty|Scrafty-Mega, L50, M
|-mega|p1a: Scrafty|Scrafty|Scraftinite
|-ability|p1a: Scrafty|Intimidate|boost
|-unboost|p2a: Incineroar|atk|1
|-unboost|p2b: La Pallina|atk|1
|move|p2a: Incineroar|Fake Out|p1b: Milotic
|-damage|p1b: Milotic|93/100
|move|p1a: Scrafty|Fake Out|p2b: La Pallina
|-resisted|p2b: La Pallina|1
|-damage|p2b: La Pallina|94/100
|-activate|p2b: La Pallina|ability: Toxic Debris
|-sidestart|p1: cubeandcroc|move: Toxic Spikes
|cant|p1b: Milotic|flinch
|
|-weather|Sandstorm|[upkeep]
|-damage|p1b: Milotic|87/100|[from] Sandstorm
|-damage|p2a: Incineroar|94/100|[from] Sandstorm
|-damage|p1a: Scrafty|88/100|[from] Sandstorm
|-heal|p1b: Milotic|93/100|[from] item: Leftovers
|upkeep
|turn|3
|inactive|cooledoregon has 30 seconds left.
|
|t:|1783369755
|move|p2b: La Pallina|Spiky Shield|p2b: La Pallina
|-singleturn|p2b: La Pallina|move: Protect
|move|p1b: Milotic|Muddy Water|p2b: La Pallina|[spread] 
|-activate|p2b: La Pallina|move: Protect
|-miss|p1b: Milotic|p2a: Incineroar
|move|p2a: Incineroar|Throat Chop|p1b: Milotic
|-damage|p1b: Milotic|72/100
|-start|p1b: Milotic|Throat Chop|[silent]
|move|p1a: Scrafty|Drain Punch|p2b: La Pallina
|-activate|p2b: La Pallina|move: Protect
|-damage|p1a: Scrafty|76/100|[from] Spiky Shield|[of] p2b: La Pallina
|
|-weather|Sandstorm|[upkeep]
|-damage|p1b: Milotic|66/100|[from] Sandstorm
|-damage|p2a: Incineroar|88/100|[from] Sandstorm
|-damage|p1a: Scrafty|70/100|[from] Sandstorm
|-heal|p1b: Milotic|72/100|[from] item: Leftovers
|upkeep
|turn|4
|inactive|cooledoregon has 30 seconds left.
|inactive|cooledoregon has 20 seconds left.
|inactive|cooledoregon has 15 seconds left.
|
|t:|1783369798
|switch|p1a: Tyranitar|Tyranitar, L50, M|100/100
|-status|p1a: Tyranitar|psn
|move|p2b: La Pallina|Sludge Bomb|p1b: Milotic
|-crit|p1b: Milotic
|-damage|p1b: Milotic|16/100
|-status|p1b: Milotic|psn
|move|p1b: Milotic|Muddy Water|p2a: Incineroar|[spread] p2a,p2b
|-supereffective|p2a: Incineroar|1
|-supereffective|p2b: La Pallina|1
|-damage|p2a: Incineroar|0 fnt
|-damage|p2b: La Pallina|0 fnt
|faint|p2a: Incineroar
|faint|p2b: La Pallina
|
|-weather|Sandstorm|[upkeep]
|-damage|p1b: Milotic|10/100 psn|[from] Sandstorm
|-heal|p1b: Milotic|16/100 psn|[from] item: Leftovers
|-damage|p1b: Milotic|3/100 psn|[from] psn
|-damage|p1a: Tyranitar|87/100 psn|[from] psn
|-end|p1b: Milotic|Throat Chop|[silent]
|upkeep
|
|t:|1783369806
|switch|p2a: Marta|Sneasler, L50, F|94/100
|turn|5
|
|t:|1783369821
|move|p2a: Marta|Close Combat|p1b: Milotic
|-damage|p1b: Milotic|0 fnt
|-unboost|p2a: Marta|def|1
|-unboost|p2a: Marta|spd|1
|faint|p1b: Milotic
|move|p1a: Tyranitar|Iron Head|p2a: Marta
|-damage|p2a: Marta|15/100
|
|-weather|none
|-damage|p1a: Tyranitar|75/100 psn|[from] psn
|upkeep
|
|t:|1783369824
|switch|p1b: Scrafty|Scrafty-Mega, L50, M|70/100
|-status|p1b: Scrafty|psn
|-ability|p1b: Scrafty|Intimidate|boost
|-unboost|p2a: Marta|atk|1
|turn|6
|
|t:|1783369838
|move|p1b: Scrafty|Fake Out|p2a: Marta
|-damage|p2a: Marta|0 fnt
|faint|p2a: Marta
|
|win|cubeandcroc
||cubeandcroc is ready for game 3.
||cooledoregon is ready for game 3.
|uhtml|next|Next: Game 3 of 3
|l|☆cubeandcroc
|player|p1|
|l|☆cooledoregon
|player|p2|
|j|☆cooledoregon
|player|p2|cooledoregon|266|
