|j|☆santicifupe
|j|☆captaingarchomp92
|html|santicifupecaptaingarchomp92    
|uhtml|bestof|Game 1 of a best-of-3
|t:|1782750277
|gametype|doubles
|player|p1|santicifupe|iris-gen5bw2|1155
|player|p2|captaingarchomp92|169|1261
|gen|9
|tier|[Gen 9 Champions] VGC 2026 Reg M-B (Bo3)
|rated|
|rule|Species Clause: Limit one of each Pokémon
|rule|Item Clause: Limit 1 of each item
|clearpoke
|poke|p1|Venusaur, L50, M|
|poke|p1|Sableye, L50, M, shiny|
|poke|p1|Swampert, L50, M|
|poke|p1|Archaludon, L50, F|
|poke|p1|Basculegion, L50, M|
|poke|p1|Pelipper, L50, F|
|poke|p2|Gengar, L50, F|
|poke|p2|Incineroar, L50, F|
|poke|p2|Politoed, L50, F|
|poke|p2|Archaludon, L50, M|
|poke|p2|Sinistcha, L50|
|poke|p2|Basculegion, L50, M|
|teampreview|4
|showteam|p1|Venusaur||Venusaurite|Overgrow|Protect,EarthPower,GigaDrain,SludgeBomb|Modest||M|||50|]Sableye||LightClay|Prankster|Reflect,RainDance,LightScreen,WillOWisp|Careful||M|||50|]Swampert||Swampertite|Torrent|IcePunch,WaveCrash,Protect,Earthquake|Adamant||M|||50|]Archaludon||Leftovers|Stamina|DragonPulse,ElectroShot,Protect,FlashCannon|Calm||F|||50|]Basculegion||ChoiceScarf|Adaptability|FlipTurn,LastRespects,WaveCrash,AquaJet|Adamant||M|||50|]Pelipper||FocusSash|Drizzle|Protect,WeatherBall,Tailwind,Hurricane|Modest||F|||50|
|showteam|p2|Gengar||Gengarite|CursedBody|ShadowBall,PerishSong,Disable,Protect|Timid||F|||50|]Incineroar||PasshoBerry|Intimidate|ThroatChop,PartingShot,FakeOut,Protect|Careful||F|||50|]Politoed||SitrusBerry|Drizzle|WeatherBall,PerishSong,Encore,Protect|Calm||F|||50|]Archaludon||Leftovers|Stamina|DragonPulse,ElectroShot,FlashCannon,Protect|Calm||M|||50|]Sinistcha||KasibBerry|Hospitality|MatchaGotcha,RagePowder,LifeDew,Protect|Bold|||||50|]Basculegion||ChoiceScarf|Adaptability|WaveCrash,LastRespects,FlipTurn,AquaJet|Jolly||M|||50|
|inactive|Battle timer is ON: inactive players will automatically lose when time's up. (requested by captaingarchomp92)
|
|t:|1782750305
|teamsize|p1|4
|teamsize|p2|4
|start
|switch|p1a: Sableye|Sableye, L50, M, shiny|100/100
|switch|p1b: Basculegion|Basculegion, L50, M|100/100
|switch|p2a: Gengar|Gengar, L50, F|100/100
|switch|p2b: Incineroar|Incineroar, L50, F|100/100
|-ability|p2b: Incineroar|Intimidate|boost
|-unboost|p1a: Sableye|atk|1
|-unboost|p1b: Basculegion|atk|1
|turn|1
|
|t:|1782750323
|detailschange|p2a: Gengar|Gengar-Mega, L50, F
|-mega|p2a: Gengar|Gengar|Gengarite
|move|p1a: Sableye|Rain Dance|p1a: Sableye
|-weather|RainDance
|move|p1b: Basculegion|Wave Crash|p2a: Gengar
|-damage|p2a: Gengar|1/100
|-damage|p1b: Basculegion|73/100|[from] Recoil
|move|p2a: Gengar|Shadow Ball|p1b: Basculegion
|-supereffective|p1b: Basculegion|1
|-damage|p1b: Basculegion|0 fnt
|faint|p1b: Basculegion
|move|p2b: Incineroar|Parting Shot|p1a: Sableye
|-unboost|p1a: Sableye|atk|1
|-unboost|p1a: Sableye|spa|1
|
|t:|1782750335
|switch|p2b: Sinistcha|Sinistcha, L50|100/100|[from] Parting Shot
|-heal|p2a: Gengar|25/100|[from] ability: Hospitality|[of] p2b: Sinistcha
|
|-weather|RainDance|[upkeep]
|upkeep
|
|t:|1782750337
|switch|p1b: Venusaur|Venusaur, L50, M|100/100
|turn|2
|
|t:|1782750353
|switch|p2a: Politoed|Politoed, L50, F|100/100
|detailschange|p1b: Venusaur|Venusaur-Mega, L50, M
|-mega|p1b: Venusaur|Venusaur|Venusaurite
|move|p1a: Sableye|Light Screen|p1a: Sableye
|-sidestart|p1: santicifupe|move: Light Screen
|move|p1b: Venusaur|Earth Power|p2a: Politoed
|-damage|p2a: Politoed|73/100
|move|p2b: Sinistcha|Matcha Gotcha|p1b: Venusaur|[spread] p1b
|-miss|p2b: Sinistcha|p1a: Sableye
|-resisted|p1b: Venusaur|2
|-damage|p1b: Venusaur|96/100
|-status|p1b: Venusaur|brn
|
|-weather|RainDance|[upkeep]
|-damage|p1b: Venusaur|90/100 brn|[from] brn
|upkeep
|turn|3
|
|t:|1782750378
|move|p1a: Sableye|Will-O-Wisp|p2b: Sinistcha
|-status|p2b: Sinistcha|brn
|move|p1b: Venusaur|Giga Drain|p2a: Politoed
|-supereffective|p2a: Politoed|1
|-damage|p2a: Politoed|15/100
|-heal|p1b: Venusaur|100/100 brn|[from] drain|[of] p2a: Politoed
|-enditem|p2a: Politoed|Sitrus Berry|[eat]
|-heal|p2a: Politoed|40/100|[from] item: Sitrus Berry
|move|p2a: Politoed|Perish Song|p2a: Politoed
|-start|p1a: Sableye|perish3|[silent]
|-start|p1b: Venusaur|perish3|[silent]
|-start|p2a: Politoed|perish3|[silent]
|-start|p2b: Sinistcha|perish3|[silent]
|-fieldactivate|move: Perish Song
|move|p2b: Sinistcha|Life Dew||[still]|[spread] p2a,p2b
|-heal|p2a: Politoed|65/100
|-fail|p2b: Sinistcha|heal
|
|-weather|RainDance|[upkeep]
|-damage|p1b: Venusaur|94/100 brn|[from] brn
|-damage|p2b: Sinistcha|93/100 brn|[from] brn
|-start|p1b: Venusaur|perish3
|-start|p2a: Politoed|perish3
|-start|p2b: Sinistcha|perish3
|-start|p1a: Sableye|perish3
|upkeep
|turn|4
|
|t:|1782750401
|move|p2a: Politoed|Protect|p2a: Politoed
|-singleturn|p2a: Politoed|Protect
|move|p2b: Sinistcha|Protect|p2b: Sinistcha
|-singleturn|p2b: Sinistcha|Protect
|move|p1a: Sableye|Will-O-Wisp|p2a: Politoed
|-activate|p2a: Politoed|move: Protect
|move|p1b: Venusaur|Earth Power|p2b: Sinistcha
|-activate|p2b: Sinistcha|move: Protect
|
|-weather|RainDance|[upkeep]
|-damage|p1b: Venusaur|88/100 brn|[from] brn
|-damage|p2b: Sinistcha|87/100 brn|[from] brn
|-start|p1b: Venusaur|perish2
|-start|p2a: Politoed|perish2
|-start|p2b: Sinistcha|perish2
|-start|p1a: Sableye|perish2
|upkeep
|turn|5
|
|t:|1782750416
|switch|p2a: Incineroar|Incineroar, L50, F|100/100
|-ability|p2a: Incineroar|Intimidate|boost
|-unboost|p1a: Sableye|atk|1
|-unboost|p1b: Venusaur|atk|1
|move|p1a: Sableye|Will-O-Wisp|p2a: Incineroar
|-immune|p2a: Incineroar
|move|p1b: Venusaur|Earth Power|p2b: Sinistcha
|-resisted|p2b: Sinistcha|1
|-damage|p2b: Sinistcha|70/100 brn
|move|p2b: Sinistcha|Matcha Gotcha|p1b: Venusaur|[spread] p1a,p1b
|-resisted|p1b: Venusaur|2
|-damage|p1a: Sableye|82/100
|-heal|p2b: Sinistcha|78/100 brn|[from] drain|[of] p1a: Sableye
|-damage|p1b: Venusaur|85/100 brn
|-heal|p2b: Sinistcha|80/100 brn|[from] drain|[of] p1b: Venusaur
|-status|p1a: Sableye|brn
|
|-weather|none
|-damage|p1b: Venusaur|79/100 brn|[from] brn
|-damage|p2b: Sinistcha|74/100 brn|[from] brn
|-damage|p1a: Sableye|76/100 brn|[from] brn
|-start|p1b: Venusaur|perish1
|-start|p2b: Sinistcha|perish1
|-start|p1a: Sableye|perish1
|upkeep
|turn|6
|
|t:|1782750429
|switch|p1b: Archaludon|Archaludon, L50, F|100/100
|switch|p2b: Politoed|Politoed, L50, F|65/100
|-weather|RainDance|[from] ability: Drizzle|[of] p2b: Politoed
|move|p1a: Sableye|Rain Dance||[still]
|-fail|p1a: Sableye
|move|p2a: Incineroar|Parting Shot|p1b: Archaludon
|-unboost|p1b: Archaludon|atk|1
|-unboost|p1b: Archaludon|spa|1
|
|t:|1782750432
|switch|p2a: Gengar|Gengar-Mega, L50, F|25/100|[from] Parting Shot
|
|-weather|RainDance|[upkeep]
|-damage|p1a: Sableye|70/100 brn|[from] brn
|-start|p1a: Sableye|perish0
|faint|p1a: Sableye
|upkeep
|
|t:|1782750438
|switch|p1a: Venusaur|Venusaur-Mega, L50, M|79/100 brn
|turn|7
|
|t:|1782750449
|switch|p2b: Sinistcha|Sinistcha, L50|74/100 brn
|-heal|p2a: Gengar|50/100g|[from] ability: Hospitality|[of] p2b: Sinistcha
|move|p2a: Gengar|Protect|p2a: Gengar
|-singleturn|p2a: Gengar|Protect
|move|p1b: Archaludon|Electro Shot||[still]
|-prepare|p1b: Archaludon|Electro Shot
|-boost|p1b: Archaludon|spa|1
|-anim|p1b: Archaludon|Electro Shot|p2b: Sinistcha
|-resisted|p2b: Sinistcha|1
|-damage|p2b: Sinistcha|55/100 brn
|move|p1a: Venusaur|Earth Power|p2a: Gengar
|-activate|p2a: Gengar|move: Protect
|
|-weather|RainDance|[upkeep]
|-damage|p1a: Venusaur|73/100 brn|[from] brn
|-damage|p2b: Sinistcha|49/100 brn|[from] brn
|upkeep
|turn|8
|
|t:|1782750459
|move|p2b: Sinistcha|Rage Powder|p2b: Sinistcha
|-singleturn|p2b: Sinistcha|move: Rage Powder
|move|p2a: Gengar|Perish Song|p2a: Gengar
|-start|p1a: Venusaur|perish3|[silent]
|-start|p1b: Archaludon|perish3|[silent]
|-start|p2a: Gengar|perish3|[silent]
|-start|p2b: Sinistcha|perish3|[silent]
|-fieldactivate|move: Perish Song
|move|p1b: Archaludon|Electro Shot||[still]
|-prepare|p1b: Archaludon|Electro Shot
|-boost|p1b: Archaludon|spa|1
|-anim|p1b: Archaludon|Electro Shot|p2b: Sinistcha
|-resisted|p2b: Sinistcha|1
|-damage|p2b: Sinistcha|19/100 brn
|move|p1a: Venusaur|Earth Power|p2a: Gengar
|-supereffective|p2a: Gengar|1
|-crit|p2a: Gengar
|-damage|p2a: Gengar|0 fnt
|faint|p2a: Gengar
|
|-weather|RainDance|[upkeep]
|-damage|p1a: Venusaur|67/100 brn|[from] brn
|-damage|p2b: Sinistcha|12/100 brn|[from] brn
|-start|p1b: Archaludon|perish3
|-start|p1a: Venusaur|perish3
|-start|p2b: Sinistcha|perish3
|upkeep
|
|t:|1782750464
|switch|p2a: Politoed|Politoed, L50, F|65/100
|turn|9
|
|t:|1782750469
|move|p2a: Politoed|Protect|p2a: Politoed
|-singleturn|p2a: Politoed|Protect
|move|p2b: Sinistcha|Protect|p2b: Sinistcha
|-singleturn|p2b: Sinistcha|Protect
|move|p1b: Archaludon|Electro Shot||[still]
|-prepare|p1b: Archaludon|Electro Shot
|-boost|p1b: Archaludon|spa|1
|-anim|p1b: Archaludon|Electro Shot|p2a: Politoed
|-activate|p2a: Politoed|move: Protect
|move|p1a: Venusaur|Giga Drain|p2a: Politoed
|-activate|p2a: Politoed|move: Protect
|
|-weather|RainDance|[upkeep]
|-damage|p1a: Venusaur|61/100 brn|[from] brn
|-damage|p2b: Sinistcha|6/100 brn|[from] brn
|-start|p1b: Archaludon|perish2
|-start|p1a: Venusaur|perish2
|-start|p2b: Sinistcha|perish2
|-sideend|p1: santicifupe|move: Light Screen
|upkeep
|turn|10
|-message|santicifupe forfeited.
|
|t:|1782750477
|switch|p2a: Incineroar|Incineroar, L50, F|100/100
|-ability|p2a: Incineroar|Intimidate|boost
|-unboost|p1a: Venusaur|atk|1
|-unboost|p1b: Archaludon|atk|1
|move|p1b: Archaludon|Electro Shot||[still]
|-prepare|p1b: Archaludon|Electro Shot
|-boost|p1b: Archaludon|spa|1
|-anim|p1b: Archaludon|Electro Shot|p2a: Incineroar
|-damage|p2a: Incineroar|32/100
|move|p1a: Venusaur|Earth Power|p2a: Incineroar
|-supereffective|p2a: Incineroar|1
|-damage|p2a: Incineroar|0 fnt
|faint|p2a: Incineroar
|move|p2b: Sinistcha|Life Dew|p2b: Sinistcha
|-heal|p2b: Sinistcha|31/100 brn
|
|-weather|none
|-damage|p1a: Venusaur|55/100 brn|[from] brn
|-damage|p2b: Sinistcha|25/100 brn|[from] brn
|-start|p1b: Archaludon|perish1
|-start|p1a: Venusaur|perish1
|-start|p2b: Sinistcha|perish1
|upkeep
|
|win|captaingarchomp92
|l|☆santicifupe
|player|p1|
|raw|santicifupe's rating: 1155 → 1137(-18 for losing)
|raw|captaingarchomp92's rating: 1261 → 1279(+18 for winning)
