|j|☆SneakerHead44
|j|☆dirt_goop
|html|SneakerHead44dirt_goop    
|uhtml|bestof|Game 3 of a best-of-3
|t:|1784693601
|gametype|doubles
|player|p1|SneakerHead44|rood|1103
|player|p2|dirt_goop|iris-gen5bw2|1115
|gen|9
|tier|[Gen 9 Champions] VGC 2026 Reg M-B (Bo3)
|rated|
|rule|Species Clause: Limit one of each Pokémon
|rule|Item Clause: Limit 1 of each item
|clearpoke
|poke|p1|Charizard, L50, M, shiny|
|poke|p1|Garchomp, L50, M|
|poke|p1|Incineroar, L50, M|
|poke|p1|Sylveon, L50, F, shiny|
|poke|p1|Aerodactyl, L50, F|
|poke|p1|Farigiraf, L50, M|
|poke|p2|Charizard, L50, M|
|poke|p2|Aerodactyl, L50, F|
|poke|p2|Meowstic, L50, M|
|poke|p2|Garchomp, L50, F|
|poke|p2|Sylveon, L50, M|
|poke|p2|Kingambit, L50, M|
|teampreview|4
|showteam|p1|Charizard||CharizarditeY|Blaze|HeatWave,WeatherBall,SolarBeam,Protect|Modest||M|||50|]Garchomp||LifeOrb|RoughSkin|Earthquake,StompingTantrum,DragonClaw,Protect|Jolly||M|||50|]Incineroar||SitrusBerry|Intimidate|FakeOut,FlareBlitz,ThroatChop,PartingShot|Careful||M|||50|]Sylveon||FairyFeather|Pixilate|HyperVoice,QuickAttack,Moonblast,Detect|Modest||F|||50|]Aerodactyl||FocusSash|Unnerve|RockSlide,Protect,Tailwind,WideGuard|Jolly||F|||50|]Farigiraf||ColburBerry|ArmorTail|TwinBeam,Thunderbolt,TrickRoom,HelpingHand|Relaxed||M|||50|
|showteam|p2|Charizard||CharizarditeY|Blaze|WeatherBall,HeatWave,Protect,SolarBeam|Modest||M|||50|]Aerodactyl||Aerodactylite|Unnerve|Tailwind,RockSlide,IceFang,Protect|Jolly||F|||50|]Meowstic||ColburBerry|Prankster|FakeOut,SunnyDay,Yawn,Psychic|Calm||M|||50|]Garchomp||LifeOrb|RoughSkin|RockSlide,Earthquake,DragonClaw,Protect|Jolly||F|||50|]Sylveon||FairyFeather|Pixilate|HyperBeam,HyperVoice,QuickAttack,Detect|Modest||M|||50|]Kingambit||ChopleBerry|Defiant|KowtowCleave,SuckerPunch,IronHead,Protect|Adamant||M|||50|
|inactive|Battle timer is ON: inactive players will automatically lose when time's up. (requested by dirt_goop)
|inactive|SneakerHead44 has 60 seconds left.
|inactive|dirt_goop has 60 seconds left.
|
|t:|1784693658
|teamsize|p1|4
|teamsize|p2|4
|start
|switch|p1a: Incineroar|Incineroar, L50, M|100/100
|switch|p1b: Farigiraf|Farigiraf, L50, M|100/100
|switch|p2a: Charizard|Charizard, L50, M|100/100
|switch|p2b: Garchomp|Garchomp, L50, F|100/100
|-ability|p1a: Incineroar|Intimidate|boost
|-unboost|p2a: Charizard|atk|1
|-unboost|p2b: Garchomp|atk|1
|turn|1
|inactive|SneakerHead44 has 30 seconds left.
|inactive|SneakerHead44 has 20 seconds left.
|
|t:|1784693696
|detailschange|p2a: Charizard|Charizard-Mega-Y, L50, M
|-mega|p2a: Charizard|Charizard|Charizardite Y
|-weather|SunnyDay|[from] ability: Drought|[of] p2a: Charizard
|move|p2b: Garchomp|Earthquake|p1a: Incineroar|[spread] p1a,p1b
|-immune|p2a: Charizard
|-supereffective|p1a: Incineroar|1
|-damage|p1a: Incineroar|42/100
|-damage|p1b: Farigiraf|73/100
|-enditem|p1a: Incineroar|Sitrus Berry|[eat]
|-heal|p1a: Incineroar|66/100|[from] item: Sitrus Berry
|-damage|p2b: Garchomp|90/100|[from] item: Life Orb
|move|p2a: Charizard|Weather Ball|p1b: Farigiraf
|-damage|p1b: Farigiraf|0 fnt
|faint|p1b: Farigiraf
|move|p1a: Incineroar|Parting Shot|p2a: Charizard
|-unboost|p2a: Charizard|atk|1
|-unboost|p2a: Charizard|spa|1
|
|t:|1784693713
|switch|p1a: Sylveon|Sylveon, L50, F, shiny|100/100|[from] Parting Shot
|
|-weather|SunnyDay|[upkeep]
|upkeep
|
|t:|1784693727
|switch|p1b: Incineroar|Incineroar, L50, M|66/100
|-ability|p1b: Incineroar|Intimidate|boost
|-unboost|p2a: Charizard|atk|1
|-unboost|p2b: Garchomp|atk|1
|turn|2
|
|t:|1784693742
|switch|p2b: Meowstic|Meowstic, L50, M|100/100
|move|p2a: Charizard|Protect|p2a: Charizard
|-singleturn|p2a: Charizard|Protect
|move|p1a: Sylveon|Moonblast|p2b: Meowstic
|-damage|p2b: Meowstic|43/100
|move|p1b: Incineroar|Parting Shot|p2a: Charizard
|-activate|p2a: Charizard|move: Protect
|
|-weather|SunnyDay|[upkeep]
|upkeep
|turn|3
|
|t:|1784693756
|move|p1a: Sylveon|Detect|p1a: Sylveon
|-singleturn|p1a: Sylveon|Protect
|move|p2b: Meowstic|Fake Out|p1a: Sylveon
|-activate|p1a: Sylveon|move: Protect
|move|p2a: Charizard|Heat Wave|p1a: Sylveon|[spread] p1b
|-activate|p1a: Sylveon|move: Protect
|-resisted|p1b: Incineroar|1
|-damage|p1b: Incineroar|51/100
|move|p1b: Incineroar|Parting Shot|p2a: Charizard
|-unboost|p2a: Charizard|atk|1
|-unboost|p2a: Charizard|spa|1
|
|t:|1784693774
|switch|p1b: Garchomp|Garchomp, L50, M|100/100|[from] Parting Shot
|
|-weather|SunnyDay|[upkeep]
|upkeep
|turn|4
|
|t:|1784693784
|switch|p2a: Kingambit|Kingambit, L50, M|100/100
|move|p2b: Meowstic|Yawn|p1a: Sylveon
|-start|p1a: Sylveon|move: Yawn|[of] p2b: Meowstic
|move|p1b: Garchomp|Dragon Claw|p2a: Kingambit
|-resisted|p2a: Kingambit|1
|-damage|p2a: Kingambit|81/100
|-damage|p1b: Garchomp|90/100|[from] item: Life Orb
|move|p1a: Sylveon|Moonblast|p2b: Meowstic
|-damage|p2b: Meowstic|0 fnt
|faint|p2b: Meowstic
|
|-weather|SunnyDay|[upkeep]
|upkeep
|
|t:|1784693797
|switch|p2b: Garchomp|Garchomp, L50, F|90/100
|turn|5
|
|t:|1784693807
|move|p2b: Garchomp|Protect|p2b: Garchomp
|-singleturn|p2b: Garchomp|Protect
|move|p2a: Kingambit|Protect|p2a: Kingambit
|-singleturn|p2a: Kingambit|Protect
|move|p1a: Sylveon|Quick Attack|p2b: Garchomp
|-activate|p2b: Garchomp|move: Protect
|move|p1b: Garchomp|Earthquake|p2b: Garchomp|[spread] p1a
|-activate|p2a: Kingambit|move: Protect
|-activate|p2b: Garchomp|move: Protect
|-damage|p1a: Sylveon|45/100
|-damage|p1b: Garchomp|80/100|[from] item: Life Orb
|
|-weather|none
|-end|p1a: Sylveon|move: Yawn|[silent]
|-status|p1a: Sylveon|slp
|upkeep
|turn|6
|inactive|dirt_goop has 30 seconds left.
|
|t:|1784693833
|cant|p1a: Sylveon|slp
|move|p2b: Garchomp|Dragon Claw|p1b: Garchomp
|-supereffective|p1b: Garchomp|1
|-damage|p1b: Garchomp|0 fnt
|-damage|p2b: Garchomp|77/100|[from] ability: Rough Skin|[of] p1b: Garchomp
|faint|p1b: Garchomp
|-damage|p2b: Garchomp|68/100|[from] item: Life Orb
|move|p2a: Kingambit|Iron Head|p1a: Sylveon
|-supereffective|p1a: Sylveon|1
|-damage|p1a: Sylveon|0 fnt
|faint|p1a: Sylveon
|
|upkeep
|-message|SneakerHead44 forfeited.
|
|win|dirt_goop
|raw|SneakerHead44's rating: 1103 → 1079(-24 for losing)
|raw|dirt_goop's rating: 1115 → 1139(+24 for winning)
