|j|☆Gamerbmac89
|j|☆CAT BUGGER
|html|Gamerbmac89CAT BUGGER    
|uhtml|bestof|Game 1 of a best-of-3
|t:|1783467370
|gametype|doubles
|player|p1|Gamerbmac89|red|1053
|player|p2|CAT BUGGER|2|1000
|gen|9
|tier|[Gen 9 Champions] VGC 2026 Reg M-B (Bo3)
|rated|
|rule|Species Clause: Limit one of each Pokémon
|rule|Item Clause: Limit 1 of each item
|clearpoke
|poke|p1|Mamoswine, L50, F|
|poke|p1|Charizard, L50, M|
|poke|p1|Whimsicott, L50, M|
|poke|p1|Annihilape, L50, F|
|poke|p1|Farigiraf, L50, M|
|poke|p1|Floette-Eternal, L50, F|
|poke|p2|Falinks, L50|
|poke|p2|Maushold, L50|
|poke|p2|Ninetales-Alola, L50, M|
|poke|p2|Incineroar, L50, M|
|poke|p2|Rotom-Wash, L50|
|poke|p2|Metagross, L50|
|teampreview|4
|showteam|p1|Mamoswine||LifeOrb|Oblivious|IceShard,HighHorsepower,IcicleCrash,Protect|Adamant||F|||50|]Charizard||CharizarditeY|Blaze|HeatWave,WeatherBall,SolarBeam,Protect|Timid||M|||50|]Whimsicott||FocusSash|Prankster|Moonblast,Tailwind,Encore,BeatUp|Timid||M|||50|]Annihilape||Leftovers|Defiant|RageFist,DrainPunch,BulkUp,Protect|Adamant||F|||50|]Farigiraf||SitrusBerry|ArmorTail|Psychic,Thunderbolt,HelpingHand,TrickRoom|Bold||M|||50|]Floette-Eternal||Floettite|FlowerVeil|Moonblast,CalmMind,DrainingKiss,Protect|Modest||F|||50|
|showteam|p2|Falinks||Falinksite|Defiant|Protect,KnockOff,CloseCombat,NoRetreat|Jolly|||||50|]Maushold||WideLens|Technician|PopulationBomb,Copycat,FollowMe,Protect|Adamant|||||50|]Ninetales-Alola||NeverMeltIce|SnowWarning|Encore,Protect,Blizzard,FreezeDry|Timid||M|||50|]Incineroar||SitrusBerry|Intimidate|FlareBlitz,FakeOut,PartingShot,ThroatChop|Adamant||M|||50|]Rotom-Wash||Leftovers|Levitate|WillOWisp,HydroPump,VoltSwitch,LightScreen|Bold|||||50|]Metagross||Metagrossite|ClearBody|BodyPress,IcePunch,IronHead,Protect|Jolly|||||50|
|
|t:|1783467392
|teamsize|p1|4
|teamsize|p2|4
|start
|switch|p1a: Whimsicott|Whimsicott, L50, M|100/100
|switch|p1b: Charizard|Charizard, L50, M|100/100
|switch|p2a: Incineroar|Incineroar, L50, M|100/100
|switch|p2b: Rotom|Rotom-Wash, L50|100/100
|-ability|p2a: Incineroar|Intimidate|boost
|-unboost|p1a: Whimsicott|atk|1
|-unboost|p1b: Charizard|atk|1
|turn|1
|j| sc1erotized
|l| sc1erotized
|
|t:|1783467415
|switch|p1a: Farigiraf|Farigiraf, L50, M|100/100
|detailschange|p1b: Charizard|Charizard-Mega-Y, L50, M
|-mega|p1b: Charizard|Charizard|Charizardite Y
|-weather|SunnyDay|[from] ability: Drought|[of] p1b: Charizard
|move|p2a: Incineroar|Fake Out||[still]
|cant|p1a: Farigiraf|ability: Armor Tail|Fake Out|[of] p2a: Incineroar
|move|p1b: Charizard|Solar Beam||[still]
|-prepare|p1b: Charizard|Solar Beam
|-anim|p1b: Charizard|Solar Beam|p2b: Rotom
|-supereffective|p2b: Rotom|1
|-damage|p2b: Rotom|3/100
|move|p2b: Rotom|Light Screen|p2b: Rotom
|-sidestart|p2: CAT BUGGER|move: Light Screen
|
|-weather|SunnyDay|[upkeep]
|-heal|p2b: Rotom|8/100|[from] item: Leftovers
|upkeep
|turn|2
|
|t:|1783467460
|move|p1b: Charizard|Protect|p1b: Charizard
|-singleturn|p1b: Charizard|Protect
|move|p2b: Rotom|Volt Switch|p1b: Charizard
|-activate|p1b: Charizard|move: Protect
|move|p2a: Incineroar|Throat Chop|p1a: Farigiraf
|-supereffective|p1a: Farigiraf|1
|-damage|p1a: Farigiraf|37/100
|-start|p1a: Farigiraf|Throat Chop|[silent]
|-enditem|p1a: Farigiraf|Sitrus Berry|[eat]
|-heal|p1a: Farigiraf|62/100|[from] item: Sitrus Berry
|move|p1a: Farigiraf|Psychic|p2b: Rotom
|-damage|p2b: Rotom|0 fnt
|faint|p2b: Rotom
|
|-weather|SunnyDay|[upkeep]
|upkeep
|
|t:|1783467475
|switch|p2b: Falinks|Falinks, L50|100/100
|turn|3
|
|t:|1783467486
|switch|p1a: Whimsicott|Whimsicott, L50, M|100/100
|detailschange|p2b: Falinks|Falinks-Mega, L50
|-mega|p2b: Falinks|Falinks|Falinksite
|move|p2b: Falinks|Protect|p2b: Falinks
|-singleturn|p2b: Falinks|Protect
|move|p1b: Charizard|Weather Ball|p2b: Falinks
|-activate|p2b: Falinks|move: Protect
|move|p2a: Incineroar|Parting Shot|p1b: Charizard
|-unboost|p1b: Charizard|atk|1
|-unboost|p1b: Charizard|spa|1
|
|t:|1783467498
|switch|p2a: Maushold|Maushold, L50|100/100|[from] Parting Shot
|
|-weather|SunnyDay|[upkeep]
|upkeep
|turn|4
|
|t:|1783467516
|switch|p1b: Farigiraf|Farigiraf, L50, M|62/100
|move|p1a: Whimsicott|Encore|p2b: Falinks
|-start|p2b: Falinks|Encore
|move|p2b: Falinks|Protect|p2b: Falinks
|-singleturn|p2b: Falinks|Protect
|move|p2a: Maushold|Copycat||[still]
|-fail|p2a: Maushold
|
|-weather|SunnyDay|[upkeep]
|upkeep
|turn|5
|-message|CAT BUGGER forfeited.
|
|win|Gamerbmac89
|l|☆CAT BUGGER
|player|p2|
|raw|Gamerbmac89's rating: 1053 → 1080(+27 for winning)
|raw|CAT BUGGER's rating: 1000 → 1000(+0 for losing)
