|j|☆Saltwater7
|j|☆DragoniteMega149
|html|Saltwater7DragoniteMega149    
|uhtml|bestof|Game 1 of a best-of-3
|t:|1756169693
|gametype|doubles
|player|p1|Saltwater7|170|1222
|player|p2|DragoniteMega149|red-lgpe|1195
|gen|9
|tier|[Gen 9] VGC 2025 Reg H (Bo3)
|rated|
|rule|Species Clause: Limit one of each Pokémon
|rule|Item Clause: Limit 1 of each item
|clearpoke
|poke|p1|Incineroar, L50, M|
|poke|p1|Porygon2, L50|
|poke|p1|Yanmega, L50, M|
|poke|p1|Sneasler, L50, F|
|poke|p1|Ursaluna, L50, M|
|poke|p1|Archaludon, L50, F|
|poke|p2|Sneasler, L50, F|
|poke|p2|Indeedee, L50, M|
|poke|p2|Dragonite, L50, F|
|poke|p2|Incineroar, L50, F|
|poke|p2|Electabuzz, L50, F|
|poke|p2|Ursaluna-Bloodmoon, L50, M|
|teampreview|4
|showteam|p1|Incineroar||SafetyGoggles|Intimidate|FakeOut,PartingShot,FlareBlitz,KnockOff|||M|||50|,,,,,Ghost]Porygon2||Eviolite|Download|Recover,IceBeam,TeraBlast,TrickRoom||||||50|,,,,,Flying]Yanmega||FocusSash|SpeedBoost|Detect,AirSlash,BugBuzz,Tailwind|||M|||50|,,,,,Ghost]Sneasler||WhiteHerb|Unburden|Protect,CloseCombat,ThroatChop,DireClaw|||F|||50|,,,,,Stellar]Ursaluna||FlameOrb|Guts|Protect,Earthquake,Facade,HeadlongRush|||M|||50|,,,,,Ghost]Archaludon||PowerHerb|Stalwart|Protect,ElectroShot,DragonPulse,Thunderbolt|||F|||50|,,,,,Electric
|showteam|p2|Sneasler||PsychicSeed|Unburden|DireClaw,CloseCombat,Protect,ThroatChop|||F|||50|,,,,,Dark]Indeedee||FocusSash|PsychicSurge|Imprison,Protect,ExpandingForce,TrickRoom|||M|||50|,,,,,Psychic]Dragonite||LoadedDice|Multiscale|ScaleShot,Tailwind,Haze,Protect|||F|||50|,,,,,Fairy]Incineroar||SafetyGoggles|Intimidate|FakeOut,FlareBlitz,KnockOff,PartingShot|||F|||50|,,,,,Ghost]Electabuzz||Eviolite|VitalSpirit|FollowMe,Electroweb,Taunt,Protect|||F|||50|,,,,,Fairy]Ursaluna-Bloodmoon||LifeOrb|MindsEye|BloodMoon,HyperVoice,EarthPower,Protect|||M|||50|,,,,,Normal
|inactive|Battle timer is ON: inactive players will automatically lose when time's up. (requested by Saltwater7)
|inactive|Saltwater7 has 60 seconds left.
|inactive|DragoniteMega149 has 60 seconds left.
|inactive|Saltwater7 has 30 seconds left.
|inactive|Saltwater7 has 20 seconds left.
|
|t:|1756169767
|teamsize|p1|4
|teamsize|p2|4
|start
|switch|p1a: Porygon2|Porygon2, L50|100/100
|switch|p1b: Sneasler|Sneasler, L50, F|100/100
|switch|p2a: Electabuzz|Electabuzz, L50, F|100/100
|switch|p2b: Ursaluna|Ursaluna-Bloodmoon, L50, M|100/100
|-ability|p1a: Porygon2|Download|boost
|-boost|p1a: Porygon2|spa|1
|turn|1
|inactive|Saltwater7 has 30 seconds left.
|
|t:|1756169800
|switch|p1b: Archaludon|Archaludon, L50, F|100/100
|move|p2b: Ursaluna|Protect|p2b: Ursaluna
|-singleturn|p2b: Ursaluna|Protect
|move|p2a: Electabuzz|Taunt|p1a: Porygon2
|-start|p1a: Porygon2|move: Taunt
|move|p1a: Porygon2|Ice Beam|p2b: Ursaluna
|-activate|p2b: Ursaluna|move: Protect
|
|upkeep
|turn|2
|
|t:|1756169822
|-terastallize|p2b: Ursaluna|Normal
|move|p1b: Archaludon|Protect|p1b: Archaludon
|-singleturn|p1b: Archaludon|Protect
|move|p2a: Electabuzz|Follow Me|p2a: Electabuzz
|-singleturn|p2a: Electabuzz|move: Follow Me
|move|p2b: Ursaluna|Hyper Voice|p1a: Porygon2|[spread] p1a
|-activate|p1b: Archaludon|move: Protect
|-damage|p1a: Porygon2|65/100
|-damage|p2b: Ursaluna|91/100|[from] item: Life Orb
|move|p1a: Porygon2|Ice Beam|p2a: Electabuzz
|-damage|p2a: Electabuzz|73/100
|
|upkeep
|turn|3
|
|t:|1756169844
|-terastallize|p1b: Archaludon|Electric
|move|p2a: Electabuzz|Follow Me|p2a: Electabuzz
|-singleturn|p2a: Electabuzz|move: Follow Me
|move|p1b: Archaludon|Electro Shot||[still]
|-prepare|p1b: Archaludon|Electro Shot
|-boost|p1b: Archaludon|spa|1
|-enditem|p1b: Archaludon|Power Herb
|-anim|p1b: Archaludon|Electro Shot|p2b: Ursaluna
|-damage|p2b: Ursaluna|0 fnt
|faint|p2b: Ursaluna
|move|p1a: Porygon2|Tera Blast|p2a: Electabuzz
|-damage|p2a: Electabuzz|36/100
|
|-end|p1a: Porygon2|move: Taunt
|upkeep
|
|t:|1756169859
|switch|p2b: Indeedee|Indeedee, L50, M|100/100
|-fieldstart|move: Psychic Terrain|[from] ability: Psychic Surge|[of] p2b: Indeedee
|turn|4
|
|t:|1756169879
|move|p2a: Electabuzz|Taunt|p1a: Porygon2
|-start|p1a: Porygon2|move: Taunt
|move|p2b: Indeedee|Expanding Force|p1b: Archaludon|[spread] p1a,p1b
|-damage|p1a: Porygon2|37/100
|-damage|p1b: Archaludon|31/100
|move|p1b: Archaludon|Dragon Pulse|p2b: Indeedee
|-damage|p2b: Indeedee|20/100
|move|p1a: Porygon2|Tera Blast|p2b: Indeedee
|-damage|p2b: Indeedee|0 fnt
|faint|p2b: Indeedee
|
|upkeep
|
|t:|1756169882
|switch|p2b: Sneasler|Sneasler, L50, F|100/100
|-enditem|p2b: Sneasler|Psychic Seed
|-boost|p2b: Sneasler|spd|1|[from] item: Psychic Seed
|turn|5
|
|t:|1756169902
|move|p1b: Archaludon|Protect|p1b: Archaludon
|-singleturn|p1b: Archaludon|Protect
|move|p2a: Electabuzz|Follow Me|p2a: Electabuzz
|-singleturn|p2a: Electabuzz|move: Follow Me
|move|p2b: Sneasler|Dire Claw|p1b: Archaludon
|-activate|p1b: Archaludon|move: Protect
|move|p1a: Porygon2|Tera Blast|p2a: Electabuzz
|-damage|p2a: Electabuzz|2/100
|
|upkeep
|turn|6
|-message|DragoniteMega149 forfeited.
|
|win|Saltwater7
|l|☆DragoniteMega149
|player|p2|
||DragoniteMega149 is ready for game 2.
|j|☆DragoniteMega149
|player|p2|DragoniteMega149|red-lgpe|
