|j|☆intifadaaa
|j|☆majordomo0001
|html|intifadaaamajordomo0001    
|uhtml|bestof|Game 2 of a best-of-3
|t:|1785375543
|gametype|doubles
|player|p1|intifadaaa|workerice|1025
|player|p2|majordomo0001|102|1171
|gen|9
|tier|[Gen 9 Champions] VGC 2026 Reg M-B (Bo3)
|rated|
|rule|Species Clause: Limit one of each Pokémon
|rule|Item Clause: Limit 1 of each item
|clearpoke
|poke|p1|Hatterene, L50, F, shiny|
|poke|p1|Kangaskhan, L50, F|
|poke|p1|Venusaur, L50, M|
|poke|p1|Torkoal, L50, M|
|poke|p1|Oranguru, L50, M, shiny|
|poke|p1|Mawile, L50, F|
|poke|p2|Blaziken, L50, M, shiny|
|poke|p2|Kingambit, L50, F|
|poke|p2|Floette-Eternal, L50, F|
|poke|p2|Whimsicott, L50, M|
|poke|p2|Incineroar, L50, M|
|poke|p2|Basculegion, L50, M|
|teampreview|4
|showteam|p1|Hatterene||LifeOrb|MagicBounce|DazzlingGleam,Psychic,TrickRoom,Protect|Quiet||F|||50|]Kangaskhan||SilkScarf|Scrappy|LastResort,FakeOut|Adamant||F|||50|]Venusaur||FocusSash|Chlorophyll|LeafStorm,SludgeBomb,Protect,SleepPowder|Modest||M|||50|]Torkoal||Charcoal|Drought|Eruption,HeatWave,Protect,EarthPower|Modest||M|||50|]Oranguru||MentalHerb|InnerFocus|Psychic,Instruct,Protect,TrickRoom|Sassy||M|||50|]Mawile||Mawilite|SheerForce|PlayRough,IronHead,Protect,SuckerPunch|Adamant||F|||50|
|showteam|p2|Blaziken||Blazikenite|SpeedBoost|FlareBlitz,CloseCombat,RockSlide,Detect|Adamant||M|||50|]Kingambit||BlackGlasses|Defiant|SuckerPunch,KowtowCleave,IronHead,Protect|Adamant||F|||50|]Floette-Eternal||Floettite|FlowerVeil|Protect,DazzlingGleam,Moonblast,DrainingKiss|Timid||F|||50|]Whimsicott||FocusSash|Prankster|Tailwind,Moonblast,Encore,Protect|Timid||M|||50|]Incineroar||SitrusBerry|Intimidate|FakeOut,PartingShot,FlareBlitz,HelpingHand|Impish||M|||50|]Basculegion||ChoiceScarf|Adaptability|WaveCrash,LastRespects,AquaJet,FlipTurn|Jolly||M|||50|
|inactive|Battle timer is ON: inactive players will automatically lose when time's up. (requested by majordomo0001)
|
|t:|1785375572
|teamsize|p1|4
|teamsize|p2|4
|start
|switch|p1a: Baby Mama|Kangaskhan, L50, F|100/100
|switch|p1b: Harambe|Oranguru, L50, M, shiny|100/100
|switch|p2a: Floette|Floette-Eternal, L50, F|100/100
|switch|p2b: Whimsicott|Whimsicott, L50, M|100/100
|turn|1
|inactive|majordomo0001 has 30 seconds left.
|
|t:|1785375599
|detailschange|p2a: Floette|Floette-Mega, L50, F
|-mega|p2a: Floette|Floette|Floettite
|-ability|p2a: Floette|Fairy Aura
|move|p1a: Baby Mama|Fake Out|p2b: Whimsicott
|-damage|p2b: Whimsicott|64/100
|cant|p2b: Whimsicott|flinch
|move|p2a: Floette|Dazzling Gleam|p1b: Harambe|[spread] p1a,p1b
|-damage|p1a: Baby Mama|54/100
|-damage|p1b: Harambe|68/100
|move|p1b: Harambe|Trick Room|p1b: Harambe
|-fieldstart|move: Trick Room|[of] p1b: Harambe
|
|upkeep
|turn|2
|inactive|intifadaaa has 30 seconds left.
|
|t:|1785375626
|switch|p2b: Incineroar|Incineroar, L50, M|100/100
|-ability|p2b: Incineroar|Intimidate|boost
|-fail|p1a: Baby Mama|unboost|Attack|[from] ability: Scrappy|[of] p1a: Baby Mama
|-fail|p1b: Harambe|unboost|Attack|[from] ability: Inner Focus|[of] p1b: Harambe
|move|p1b: Harambe|Protect|p1b: Harambe
|-singleturn|p1b: Harambe|Protect
|move|p2a: Floette|Protect|p2a: Floette
|-singleturn|p2a: Floette|Protect
|move|p1a: Baby Mama|Last Resort|p2a: Floette
|-activate|p2a: Floette|move: Protect
|
|upkeep
|turn|3
|
|t:|1785375651
|move|p2b: Incineroar|Fake Out|p1a: Baby Mama
|-damage|p1a: Baby Mama|43/100
|move|p1b: Harambe|Instruct|p1a: Baby Mama
|-singleturn|p1a: Baby Mama|move: Instruct|[of] p1b: Harambe
|cant|p1a: Baby Mama|flinch
|cant|p1a: Baby Mama|flinch
|move|p2a: Floette|Dazzling Gleam|p1b: Harambe|[spread] p1a,p1b
|-damage|p1a: Baby Mama|0 fnt
|-damage|p1b: Harambe|33/100
|faint|p1a: Baby Mama
|
|upkeep
|
|t:|1785375656
|switch|p1a: Cutie Fly|Mawile, L50, F|100/100
|turn|4
|inactive|majordomo0001 has 30 seconds left.
|
|t:|1785375683
|detailschange|p1a: Cutie Fly|Mawile-Mega, L50, F
|-mega|p1a: Cutie Fly|Mawile|Mawilite
|move|p2a: Floette|Protect|p2a: Floette
|-singleturn|p2a: Floette|Protect
|move|p1a: Cutie Fly|Play Rough|p2b: Incineroar
|-damage|p2b: Incineroar|17/100
|-enditem|p2b: Incineroar|Sitrus Berry|[eat]
|-heal|p2b: Incineroar|42/100|[from] item: Sitrus Berry
|move|p1b: Harambe|Instruct|p1a: Cutie Fly
|-singleturn|p1a: Cutie Fly|move: Instruct|[of] p1b: Harambe
|move|p1a: Cutie Fly|Play Rough|p2b: Incineroar
|-damage|p2b: Incineroar|0 fnt
|faint|p2b: Incineroar
|
|upkeep
|
|t:|1785375698
|switch|p2b: Kingambit|Kingambit, L50, F|100/100
|turn|5
|
|t:|1785375711
|switch|p2a: Whimsicott|Whimsicott, L50, M|64/100
|move|p1b: Harambe|Protect|p1b: Harambe
|-singleturn|p1b: Harambe|Protect
|move|p2b: Kingambit|Iron Head|p1a: Cutie Fly
|-damage|p1a: Cutie Fly|56/100
|cant|p1a: Cutie Fly|flinch
|
|-fieldend|move: Trick Room
|upkeep
|turn|6
|inactive|majordomo0001 has 30 seconds left.
|
|t:|1785375739
|move|p1a: Cutie Fly|Protect|p1a: Cutie Fly
|-singleturn|p1a: Cutie Fly|Protect
|move|p2b: Kingambit|Sucker Punch||[still]
|-fail|p2b: Kingambit
|move|p2a: Whimsicott|Moonblast|p1a: Cutie Fly
|-activate|p1a: Cutie Fly|move: Protect
|move|p1b: Harambe|Trick Room|p1b: Harambe
|-fieldstart|move: Trick Room|[of] p1b: Harambe
|
|upkeep
|turn|7
|
|t:|1785375755
|move|p2b: Kingambit|Protect|p2b: Kingambit
|-singleturn|p2b: Kingambit|Protect
|move|p2a: Whimsicott|Encore|p1b: Harambe
|-start|p1b: Harambe|Encore
|-enditem|p1b: Harambe|Mental Herb
|-end|p1b: Harambe|Encore
|move|p1a: Cutie Fly|Play Rough|p2b: Kingambit
|-activate|p2b: Kingambit|move: Protect
|move|p1b: Harambe|Instruct|p1a: Cutie Fly
|-singleturn|p1a: Cutie Fly|move: Instruct|[of] p1b: Harambe
|move|p1a: Cutie Fly|Play Rough|p2b: Kingambit
|-activate|p2b: Kingambit|move: Protect
|
|upkeep
|turn|8
|inactive|majordomo0001 has 30 seconds left.
|
|t:|1785375786
|move|p2b: Kingambit|Iron Head|p1a: Cutie Fly
|-damage|p1a: Cutie Fly|14/100
|move|p1a: Cutie Fly|Play Rough|p2b: Kingambit
|-crit|p2b: Kingambit
|-damage|p2b: Kingambit|9/100
|move|p1b: Harambe|Instruct|p1a: Cutie Fly
|-singleturn|p1a: Cutie Fly|move: Instruct|[of] p1b: Harambe
|move|p1a: Cutie Fly|Play Rough|p2b: Kingambit
|-damage|p2b: Kingambit|0 fnt
|faint|p2b: Kingambit
|move|p2a: Whimsicott|Moonblast|p1b: Harambe
|-damage|p1b: Harambe|6/100
|
|upkeep
|
|t:|1785375796
|switch|p2b: Floette|Floette-Mega, L50, F|100/100
|-ability|p2b: Floette|Fairy Aura
|turn|9
|
|t:|1785375812
|move|p2b: Floette|Protect|p2b: Floette
|-singleturn|p2b: Floette|Protect
|move|p1a: Cutie Fly|Iron Head|p2b: Floette
|-activate|p2b: Floette|move: Protect
|move|p1b: Harambe|Instruct|p1a: Cutie Fly
|-singleturn|p1a: Cutie Fly|move: Instruct|[of] p1b: Harambe
|move|p1a: Cutie Fly|Iron Head|p2b: Floette
|-activate|p2b: Floette|move: Protect
|move|p2a: Whimsicott|Moonblast|p1a: Cutie Fly
|-resisted|p1a: Cutie Fly|1
|-damage|p1a: Cutie Fly|0 fnt
|faint|p1a: Cutie Fly
|
|upkeep
|
|t:|1785375820
|switch|p1a: Sabrina|Hatterene, L50, F, shiny|100/100
|turn|10
|c|☆intifadaaa|good play
|inactive|intifadaaa has 30 seconds left.
|inactive|majordomo0001 has 30 seconds left.
|inactive|intifadaaa has 20 seconds left.
|inactive|intifadaaa has 15 seconds left.
|
|t:|1785375863
|move|p2a: Whimsicott|Protect|p2a: Whimsicott
|-singleturn|p2a: Whimsicott|Protect
|move|p1a: Sabrina|Psychic|p2a: Whimsicott
|-activate|p2a: Whimsicott|move: Protect
|move|p1b: Harambe|Instruct|p1a: Sabrina
|-singleturn|p1a: Sabrina|move: Instruct|[of] p1b: Harambe
|move|p1a: Sabrina|Psychic|p2a: Whimsicott
|-activate|p2a: Whimsicott|move: Protect
|move|p2b: Floette|Moonblast|p1a: Sabrina
|-damage|p1a: Sabrina|27/100
|
|-fieldend|move: Trick Room
|upkeep
|turn|11
|c|☆majordomo0001|thx
|inactive|majordomo0001 has 30 seconds left.
|
|t:|1785375891
|move|p1b: Harambe|Protect|p1b: Harambe
|-singleturn|p1b: Harambe|Protect
|move|p2a: Whimsicott|Encore|p1b: Harambe
|-activate|p1b: Harambe|move: Protect
|move|p2b: Floette|Dazzling Gleam|p1b: Harambe|[spread] p1a
|-activate|p1b: Harambe|move: Protect
|-damage|p1a: Sabrina|0 fnt
|faint|p1a: Sabrina
|
|upkeep
|turn|12
|-message|intifadaaa forfeited.
|
|win|majordomo0001
|raw|intifadaaa's rating: 1025 → 1017(-8 for losing)
|raw|majordomo0001's rating: 1171 → 1186(+15 for winning)
|l|☆intifadaaa
|player|p1|
|l|☆majordomo0001
|player|p2|
|j| tedidn
