|j|☆duende tester
|j|☆jqrzzz
|html|duende testerjqrzzz    
|uhtml|bestof|Game 1 of a best-of-3
|t:|1782644558
|gametype|doubles
|player|p1|duende tester|266|1223
|player|p2|jqrzzz|266|1177
|gen|9
|tier|[Gen 9 Champions] VGC 2026 Reg M-B (Bo3)
|rated|
|rule|Species Clause: Limit one of each Pokémon
|rule|Item Clause: Limit 1 of each item
|clearpoke
|poke|p1|Staraptor, L50, M|
|poke|p1|Grimmsnarl, L50, M|
|poke|p1|Pelipper, L50, M|
|poke|p1|Archaludon, L50, M|
|poke|p1|Gholdengo, L50|
|poke|p1|Venusaur, L50, F|
|poke|p2|Raichu, L50, M, shiny|
|poke|p2|Whimsicott, L50, F|
|poke|p2|Tsareena, L50, F|
|poke|p2|Ceruledge, L50, M, shiny|
|poke|p2|Sinistcha, L50|
|poke|p2|Kingambit, L50, M, shiny|
|teampreview|4
|showteam|p1|Staraptor||Staraptite|Intimidate|BraveBird,CloseCombat,Roost,Protect|Adamant||M|||50|]Grimmsnarl||LightClay|Prankster|SpiritBreak,PartingShot,LightScreen,Reflect|Careful||M|||50|]Pelipper||FocusSash|Drizzle|Hurricane,WeatherBall,Tailwind,WideGuard|Modest||M|||50|]Archaludon||Leftovers|Stamina|ElectroShot,DragonPulse,FlashCannon,Protect|Modest||M|||50|]Gholdengo||ChoiceScarf|GoodasGold|MakeItRain,ShadowBall,PowerGem,Thunderbolt|Modest|||||50|]Venusaur||Venusaurite|Overgrow|SludgeBomb,EarthPower,GigaDrain,Protect|Modest||F|||50|
|showteam|p2|Raichu||RaichuniteY|LightningRod|ZapCannon,FocusBlast,Encore,Protect|Timid||M|||50|]Whimsicott||FairyFeather|Prankster|Moonblast,Encore,Tailwind,Protect|Modest||F|||50|]Tsareena||ChoiceScarf|QueenlyMajesty|Uturn,TripleAxel,KnockOff,PowerWhip|Adamant||F|||50|]Ceruledge||Leftovers|FlashFire|BitterBlade,ShadowSneak,BulkUp,Protect|Adamant||M|||50|]Sinistcha||SitrusBerry|Hospitality|MatchaGotcha,RagePowder,LifeDew,CalmMind|Relaxed|||||50|]Kingambit||FocusSash|Defiant|IronHead,KowtowCleave,SuckerPunch,LowKick|Adamant||M|||50|
|
|t:|1782644628
|teamsize|p1|4
|teamsize|p2|4
|start
|switch|p1a: Grimmsnarl|Grimmsnarl, L50, M|100/100
|switch|p1b: Venusaur|Venusaur, L50, F|100/100
|switch|p2a: Kingambit|Kingambit, L50, M, shiny|100/100
|switch|p2b: Tsareena|Tsareena, L50, F|100/100
|turn|1
|inactive|Battle timer is ON: inactive players will automatically lose when time's up. (requested by jqrzzz)
|
|t:|1782644653
|detailschange|p1b: Venusaur|Venusaur-Mega, L50, F
|-mega|p1b: Venusaur|Venusaur|Venusaurite
|move|p1a: Grimmsnarl|Reflect|p1a: Grimmsnarl
|-sidestart|p1: duende tester|Reflect
|move|p2b: Tsareena|Triple Axel|p1b: Venusaur
|-supereffective|p1b: Venusaur|1
|-damage|p1b: Venusaur|95/100
|-supereffective|p1b: Venusaur|1
|-damage|p1b: Venusaur|87/100
|-supereffective|p1b: Venusaur|1
|-damage|p1b: Venusaur|75/100
|-hitcount|p1b: Venusaur|3
|move|p2a: Kingambit|Iron Head|p1a: Grimmsnarl
|-supereffective|p1a: Grimmsnarl|1
|-damage|p1a: Grimmsnarl|37/100
|move|p1b: Venusaur|Earth Power|p2a: Kingambit
|-supereffective|p2a: Kingambit|1
|-damage|p2a: Kingambit|20/100y
|
|upkeep
|turn|2
|inactive|duende tester has 30 seconds left.
|
|t:|1782644688
|move|p1a: Grimmsnarl|Parting Shot||[still]
|cant|p2b: Tsareena|ability: Queenly Majesty|Parting Shot|[of] p1a: Grimmsnarl
|move|p2b: Tsareena|Triple Axel|p1b: Venusaur
|-supereffective|p1b: Venusaur|1
|-damage|p1b: Venusaur|70/100
|-supereffective|p1b: Venusaur|1
|-crit|p1b: Venusaur
|-damage|p1b: Venusaur|54/100
|-supereffective|p1b: Venusaur|1
|-damage|p1b: Venusaur|41/100
|-hitcount|p1b: Venusaur|3
|move|p2a: Kingambit|Low Kick|p1b: Venusaur
|-resisted|p1b: Venusaur|1
|-damage|p1b: Venusaur|31/100
|move|p1b: Venusaur|Earth Power|p2a: Kingambit
|-supereffective|p2a: Kingambit|1
|-damage|p2a: Kingambit|0 fnt
|faint|p2a: Kingambit
|
|upkeep
|
|t:|1782644708
|switch|p2a: Raichu|Raichu, L50, M, shiny|100/100
|turn|3
|
|t:|1782644720
|detailschange|p2a: Raichu|Raichu-Mega-Y, L50, M, shiny
|-mega|p2a: Raichu|Raichu|Raichunite Y
|move|p1a: Grimmsnarl|Light Screen|p1a: Grimmsnarl
|-sidestart|p1: duende tester|move: Light Screen
|move|p2a: Raichu|Zap Cannon|p1b: Venusaur
|-resisted|p1b: Venusaur|1
|-damage|p1b: Venusaur|10/100
|-status|p1b: Venusaur|par
|move|p2b: Tsareena|Triple Axel|p1b: Venusaur
|-supereffective|p1b: Venusaur|1
|-damage|p1b: Venusaur|6/100 par
|-supereffective|p1b: Venusaur|1
|-damage|p1b: Venusaur|0 fnt
|faint|p1b: Venusaur
|-hitcount|p1: Venusaur|2
|
|upkeep
|inactive|duende tester has 30 seconds left.
|c|☆jqrzzz|that pokeon is a tank
|c|☆jqrzzz|llolol
|inactive|duende tester has 20 seconds left.
|inactive|duende tester has 15 seconds left.
|
|t:|1782644763
|switch|p1b: Gholdengo|Gholdengo, L50|100/100
|turn|4
|
|t:|1782644775
|move|p2a: Raichu|Zap Cannon|p1b: Gholdengo
|-damage|p1b: Gholdengo|46/100
|-status|p1b: Gholdengo|par
|move|p2b: Tsareena|Triple Axel|p1b: Gholdengo
|-resisted|p1b: Gholdengo|1
|-damage|p1b: Gholdengo|43/100 par
|-resisted|p1b: Gholdengo|1
|-damage|p1b: Gholdengo|38/100 par
|-resisted|p1b: Gholdengo|1
|-damage|p1b: Gholdengo|30/100 par
|-hitcount|p1b: Gholdengo|3
|move|p1b: Gholdengo|Shadow Ball|p2a: Raichu
|-damage|p2a: Raichu|21/100
|move|p1a: Grimmsnarl|Spirit Break|p2a: Raichu
|-damage|p2a: Raichu|0 fnt
|faint|p2a: Raichu
|
|upkeep
|
|t:|1782644789
|switch|p2a: Whimsicott|Whimsicott, L50, F|100/100
|turn|5
|inactive|duende tester has 30 seconds left.
|inactive|duende tester has 20 seconds left.
|inactive|duende tester has 15 seconds left.
|inactive|duende tester has 10 seconds left.
|
|t:|1782644834
|move|p2b: Tsareena|Triple Axel|p1a: Grimmsnarl
|-damage|p1a: Grimmsnarl|32/100
|-damage|p1a: Grimmsnarl|22/100
|-damage|p1a: Grimmsnarl|6/100
|-hitcount|p1a: Grimmsnarl|3
|move|p2a: Whimsicott|Moonblast|p1b: Gholdengo
|-resisted|p1b: Gholdengo|1
|-crit|p1b: Gholdengo
|-damage|p1b: Gholdengo|0 fnt
|faint|p1b: Gholdengo
|move|p1a: Grimmsnarl|Spirit Break|p2a: Whimsicott
|-damage|p2a: Whimsicott|51/100
|-unboost|p2a: Whimsicott|spa|1
|
|upkeep
|
|t:|1782644849
|switch|p1b: Staraptor|Staraptor, L50, M|100/100
|-ability|p1b: Staraptor|Intimidate|boost
|-unboost|p2a: Whimsicott|atk|1
|-unboost|p2b: Tsareena|atk|1
|turn|6
|inactive|duende tester has 30 seconds left.
|
|t:|1782644880
|move|p2b: Tsareena|Triple Axel|p1b: Staraptor
|-supereffective|p1b: Staraptor|1
|-damage|p1b: Staraptor|89/100
|-supereffective|p1b: Staraptor|1
|-damage|p1b: Staraptor|70/100
|-supereffective|p1b: Staraptor|1
|-damage|p1b: Staraptor|40/100
|-hitcount|p1b: Staraptor|3
|move|p2a: Whimsicott|Moonblast|p1a: Grimmsnarl
|-supereffective|p1a: Grimmsnarl|1
|-crit|p1a: Grimmsnarl
|-damage|p1a: Grimmsnarl|0 fnt
|faint|p1a: Grimmsnarl
|move|p1b: Staraptor|Brave Bird|p2b: Tsareena
|-supereffective|p2b: Tsareena|1
|-damage|p2b: Tsareena|0 fnt
|faint|p2b: Tsareena
|-damage|p1b: Staraptor|9/100|[from] Recoil
|
|upkeep
|turn|7
|
|t:|1782644902
|move|p2a: Whimsicott|Moonblast|p1b: Staraptor
|-damage|p1b: Staraptor|0 fnt
|faint|p1b: Staraptor
|
|win|jqrzzz
||jqrzzz is ready for game 2.
|l|☆jqrzzz
|player|p2|
||duende tester is ready for game 2.
|uhtml|next|Next: Game 2 of 3
