|j|☆Pukeej
|j|☆Cristante terabug
|html|PukeejCristante terabug    
|uhtml|bestof|Game 2 of a best-of-3
|t:|1756374255
|gametype|doubles
|player|p1|Pukeej|wattson|1159
|player|p2|Cristante terabug|kieran-champion|1112
|gen|9
|tier|[Gen 9] VGC 2025 Reg H (Bo3)
|rated|
|rule|Species Clause: Limit one of each Pokémon
|rule|Item Clause: Limit 1 of each item
|clearpoke
|poke|p1|Garchomp, L50, F|
|poke|p1|Hydreigon, L50, M|
|poke|p1|Gholdengo, L50|
|poke|p1|Electabuzz, L50, F|
|poke|p1|Incineroar, L50, M|
|poke|p1|Sneasler, L50, F|
|poke|p2|Tyranitar, L50, M|
|poke|p2|Kommo-o, L50, M|
|poke|p2|Primarina, L50, M|
|poke|p2|Corviknight, L50, M|
|poke|p2|Incineroar, L50, F|
|poke|p2|Sinistcha, L50|
|teampreview|4
|showteam|p1|Garchomp||LifeOrb|RoughSkin|Earthquake,StompingTantrum,DragonClaw,Protect|||F|||50|,,,,,Ground]Hydreigon||CovertCloak|Levitate|DracoMeteor,Snarl,Tailwind,Protect|||M|||50|,,,,,Fire]Gholdengo||Leftovers|GoodasGold|MakeItRain,ShadowBall,NastyPlot,Protect||||||50|,,,,,Flying]Electabuzz||Eviolite|VitalSpirit|Electroweb,FollowMe,Taunt,Protect|||F|||50|,,,,,Ghost]Incineroar||SafetyGoggles|Intimidate|FakeOut,KnockOff,FlareBlitz,PartingShot|||M|||50|,,,,,Ghost]Sneasler||ClearAmulet|PoisonTouch|CloseCombat,DireClaw,Coaching,Protect|||F|||50|,,,,,Stellar
|showteam|p2|Tyranitar||AssaultVest|SandStream|KnockOff,LowKick,RockSlide,TeraBlast|||M|||50|,,,,,Flying]Kommo-o||Leftovers|Overcoat|BodyPress,IronDefense,ThroatChop,Protect|||M|||50|,,,,,Steel]Primarina||MysticWater|LiquidVoice|Haze,Moonblast,HyperVoice,Protect|||M|||50|,,,,,Poison]Corviknight||SitrusBerry|MirrorArmor|BraveBird,BulkUp,Roost,Tailwind|||M|||50|,,,,,Ghost]Incineroar||SafetyGoggles|Intimidate|KnockOff,PartingShot,FlareBlitz,FakeOut|||F|||50|,,,,,Ghost]Sinistcha||RockyHelmet|Hospitality|Protect,MatchaGotcha,RagePowder,ShadowBall||||||50|,,,,,Water
|inactive|Battle timer is ON: inactive players will automatically lose when time's up. (requested by Pukeej)
|
|t:|1756374287
|teamsize|p1|4
|teamsize|p2|4
|start
|switch|p1a: Electabuzz|Electabuzz, L50, F|100/100
|switch|p1b: Gholdengo|Gholdengo, L50|100/100
|switch|p2a: Basil|Incineroar, L50, F|100/100
|switch|p2b: Hero|Tyranitar, L50, M|100/100
|-weather|Sandstorm|[from] ability: Sand Stream|[of] p2b: Hero
|-ability|p2a: Basil|Intimidate|boost
|-unboost|p1a: Electabuzz|atk|1
|-unboost|p1b: Gholdengo|atk|1
|turn|1
|inactive|Pukeej has 30 seconds left.
|inactive|Pukeej has 20 seconds left.
|inactive|Cristante terabug has 30 seconds left.
|inactive|Pukeej has 15 seconds left.
|
|t:|1756374328
|switch|p1a: Hydreigon|Hydreigon, L50, M|100/100
|move|p2a: Basil|Fake Out|p1a: Hydreigon
|-damage|p1a: Hydreigon|88/100
|move|p1b: Gholdengo|Make It Rain|p2a: Basil|[spread] p2a,p2b
|-resisted|p2a: Basil
|-supereffective|p2b: Hero
|-damage|p2a: Basil|76/100
|-damage|p2b: Hero|63/100
|-unboost|p1b: Gholdengo|spa|1
|move|p2b: Hero|Knock Off|p1b: Gholdengo
|-supereffective|p1b: Gholdengo
|-damage|p1b: Gholdengo|4/100
|-enditem|p1b: Gholdengo|Leftovers|[from] move: Knock Off|[of] p2b: Hero
|
|-weather|Sandstorm|[upkeep]
|-damage|p1a: Hydreigon|82/100|[from] Sandstorm
|upkeep
|turn|2
|inactive|Cristante terabug has 30 seconds left.
|
|t:|1756374356
|switch|p2a: Mari|Sinistcha, L50|100/100
|-heal|p2b: Hero|87/100|[from] ability: Hospitality|[of] p2a: Mari
|move|p1a: Hydreigon|Protect|p1a: Hydreigon
|-singleturn|p1a: Hydreigon|Protect
|move|p1b: Gholdengo|Make It Rain|p2a: Mari|[spread] p2a,p2b
|-supereffective|p2b: Hero
|-damage|p2a: Mari|65/100
|-damage|p2b: Hero|59/100
|-unboost|p1b: Gholdengo|spa|1
|move|p2b: Hero|Rock Slide|p1b: Gholdengo|[spread] p1b
|-activate|p1a: Hydreigon|move: Protect
|-resisted|p1b: Gholdengo
|-damage|p1b: Gholdengo|0 fnt
|faint|p1b: Gholdengo
|
|-weather|Sandstorm|[upkeep]
|-damage|p1a: Hydreigon|76/100|[from] Sandstorm
|-damage|p2a: Mari|59/100|[from] Sandstorm
|upkeep
|
|t:|1756374366
|switch|p1b: Garchomp|Garchomp, L50, F|100/100
|turn|3
|
|t:|1756374381
|-terastallize|p2b: Hero|Flying
|move|p1a: Hydreigon|Snarl|p2b: Hero|[spread] p2a,p2b
|-supereffective|p2a: Mari
|-damage|p2a: Mari|13/100
|-damage|p2b: Hero|45/100
|-unboost|p2a: Mari|spa|1
|-unboost|p2b: Hero|spa|1
|move|p1b: Garchomp|Dragon Claw|p2b: Hero
|-damage|p2b: Hero|0 fnt
|faint|p2b: Hero
|-damage|p1b: Garchomp|91/100|[from] item: Life Orb
|move|p2a: Mari|Matcha Gotcha|p1a: Hydreigon|[spread] p1a,p1b
|-resisted|p1a: Hydreigon
|-damage|p1a: Hydreigon|68/100
|-heal|p2a: Mari|17/100|[from] drain|[of] p1a: Hydreigon
|-damage|p1b: Garchomp|74/100
|-heal|p2a: Mari|26/100|[from] drain|[of] p1b: Garchomp
|
|-weather|Sandstorm|[upkeep]
|-damage|p1a: Hydreigon|63/100|[from] Sandstorm
|-damage|p2a: Mari|20/100|[from] Sandstorm
|upkeep
|
|t:|1756374402
|switch|p2b: Aubrey|Primarina, L50, M|100/100
|turn|4
|
|t:|1756374416
|move|p1b: Garchomp|Protect|p1b: Garchomp
|-singleturn|p1b: Garchomp|Protect
|move|p2a: Mari|Rage Powder|p2a: Mari
|-singleturn|p2a: Mari|move: Rage Powder
|move|p1a: Hydreigon|Snarl|p2a: Mari|[spread] p2a,p2b
|-supereffective|p2a: Mari
|-resisted|p2b: Aubrey
|-crit|p2b: Aubrey
|-damage|p2a: Mari|0 fnt
|-damage|p2b: Aubrey|87/100
|-unboost|p2b: Aubrey|spa|1
|faint|p2a: Mari
|move|p2b: Aubrey|Moonblast|p1a: Hydreigon
|-supereffective|p1a: Hydreigon
|-damage|p1a: Hydreigon|0 fnt
|faint|p1a: Hydreigon
|
|-weather|Sandstorm|[upkeep]
|-damage|p2b: Aubrey|81/100|[from] Sandstorm
|upkeep
|
|t:|1756374424
|switch|p1a: Electabuzz|Electabuzz, L50, F|100/100
|switch|p2a: Basil|Incineroar, L50, F|76/100
|-ability|p2a: Basil|Intimidate|boost
|-unboost|p1a: Electabuzz|atk|1
|-unboost|p1b: Garchomp|atk|1
|turn|5
|
|t:|1756374444
|move|p1a: Electabuzz|Follow Me|p1a: Electabuzz
|-singleturn|p1a: Electabuzz|move: Follow Me
|move|p1b: Garchomp|Stomping Tantrum|p2a: Basil
|-supereffective|p2a: Basil
|-damage|p2a: Basil|6/100
|-damage|p1b: Garchomp|64/100|[from] item: Life Orb
|move|p2a: Basil|Knock Off|p1a: Electabuzz
|-crit|p1a: Electabuzz
|-damage|p1a: Electabuzz|49/100
|-enditem|p1a: Electabuzz|Eviolite|[from] move: Knock Off|[of] p2a: Basil
|move|p2b: Aubrey|Hyper Voice|p1b: Garchomp|[spread] p1a,p1b
|-damage|p1a: Electabuzz|18/100
|-damage|p1b: Garchomp|36/100
|
|-weather|none
|upkeep
|turn|6
|
|t:|1756374460
|-terastallize|p1b: Garchomp|Ground
|move|p1a: Electabuzz|Protect|p1a: Electabuzz
|-singleturn|p1a: Electabuzz|Protect
|move|p1b: Garchomp|Earthquake|p2b: Aubrey|[spread] p2a,p2b
|-activate|p1a: Electabuzz|move: Protect
|-supereffective|p2a: Basil
|-damage|p2a: Basil|0 fnt
|-damage|p2b: Aubrey|22/100
|faint|p2a: Basil
|-damage|p1b: Garchomp|26/100|[from] item: Life Orb
|move|p2b: Aubrey|Hyper Voice|p1a: Electabuzz|[spread] p1b
|-activate|p1a: Electabuzz|move: Protect
|-supereffective|p1b: Garchomp
|-damage|p1b: Garchomp|0 fnt
|faint|p1b: Garchomp
|
|upkeep
|turn|7
|
|t:|1756374470
|move|p1a: Electabuzz|Electroweb|p2b: Aubrey
|-supereffective|p2b: Aubrey
|-damage|p2b: Aubrey|0 fnt
|faint|p2b: Aubrey
|
|win|Pukeej
|raw|Pukeej's rating: 1159 → 1181(+22 for winning)
|raw|Cristante terabug's rating: 1112 → 1090(-22 for losing)
