|j|☆toxiccroc12
|j|☆GymGlofer
|html|toxiccroc12GymGlofer    
|uhtml|bestof|Game 2 of a best-of-3
|t:|1783881068
|gametype|doubles
|player|p1|toxiccroc12|2|1077
|player|p2|GymGlofer|102|1000
|gen|9
|tier|[Gen 9 Champions] VGC 2026 Reg M-B (Bo3)
|rated|
|rule|Species Clause: Limit one of each Pokémon
|rule|Item Clause: Limit 1 of each item
|clearpoke
|poke|p1|Floette-Eternal, L50, F|
|poke|p1|Incineroar, L50, M|
|poke|p1|Sinistcha, L50|
|poke|p1|Delphox, L50, M|
|poke|p1|Sneasler, L50, M|
|poke|p1|Kingambit, L50, M|
|poke|p2|Talonflame, L50, F|
|poke|p2|Emboar, L50, M|
|poke|p2|Houndoom, L50, F|
|poke|p2|Delphox, L50, M|
|poke|p2|Ninetales, L50, F|
|poke|p2|Arcanine, L50, F|
|teampreview|4
|showteam|p1|Floette-Eternal||Floettite|FlowerVeil|DazzlingGleam,DrainingKiss,CalmMind,Protect|Modest||F|||50|]Incineroar||SitrusBerry|Intimidate|FlareBlitz,FakeOut,PartingShot,HelpingHand|Impish||M|||50|]Sinistcha||OccaBerry|Hospitality|MatchaGotcha,RagePowder,TrickRoom,Protect|Relaxed|||||50|]Delphox||Delphoxite|Blaze|HeatWave,Psyshock,NastyPlot,Protect|Timid||M|||50|]Sneasler||FocusSash|PoisonTouch|PoisonJab,CloseCombat,FakeOut,QuickGuard|Jolly||M|||50|]Kingambit||BlackGlasses|Defiant|KowtowCleave,SuckerPunch,SwordsDance,Protect|Adamant||M|||50|
|showteam|p2|Talonflame||FocusSash|GaleWings|FlameCharge,DualWingbeat,Tailwind,Protect|Adamant||F|||50|]Emboar||Emboarite|Reckless|FlareBlitz,CloseCombat,SuckerPunch,Protect|Brave||M|||50|]Houndoom||Houndoominite|Unnerve|HeatWave,DarkPulse,HyperVoice,Protect|Timid||F|||50|]Delphox||SitrusBerry|Magician|MysticalFire,Psyshock,TrickRoom,Protect|Sassy||M|||50|]Ninetales||WideLens|Drought|Overheat,SolarBeam,WillOWisp,Protect|Timid||F|||50|]Arcanine||LifeOrb|Intimidate|RagingFury,ExtremeSpeed,WildCharge,Protect|Impish||F|||50|
|
|t:|1783881086
|teamsize|p1|4
|teamsize|p2|4
|start
|switch|p1a: Delphox|Delphox, L50, M|100/100
|switch|p1b: Sneasler|Sneasler, L50, M|100/100
|switch|p2a: Delphox|Delphox, L50, M|100/100
|switch|p2b: Emboar|Emboar, L50, M|100/100
|turn|1
|inactive|Battle timer is ON: inactive players will automatically lose when time's up. (requested by GymGlofer)
|
|t:|1783881105
|switch|p1b: Incineroar|Incineroar, L50, M|100/100
|-ability|p1b: Incineroar|Intimidate|boost
|-unboost|p2a: Delphox|atk|1
|-unboost|p2b: Emboar|atk|1
|detailschange|p1a: Delphox|Delphox-Mega, L50, M
|-mega|p1a: Delphox|Delphox|Delphoxite
|move|p2a: Delphox|Protect|p2a: Delphox
|-singleturn|p2a: Delphox|Protect
|move|p2b: Emboar|Protect|p2b: Emboar
|-singleturn|p2b: Emboar|Protect
|move|p1a: Delphox|Nasty Plot|p1a: Delphox
|-boost|p1a: Delphox|spa|2
|
|upkeep
|turn|2
|inactive|toxiccroc12 has 30 seconds left.
|
|t:|1783881137
|switch|p2b: Arcanine|Arcanine, L50, F|100/100
|-ability|p2b: Arcanine|Intimidate|boost
|-unboost|p1a: Delphox|atk|1
|-unboost|p1b: Incineroar|atk|1
|move|p1b: Incineroar|Fake Out|p2b: Arcanine
|-damage|p2b: Arcanine|92/100
|move|p1a: Delphox|Psyshock|p2b: Arcanine
|-damage|p2b: Arcanine|4/100
|move|p2a: Delphox|Trick Room|p2a: Delphox
|-fieldstart|move: Trick Room|[of] p2a: Delphox
|
|upkeep
|turn|3
|inactive|toxiccroc12 has 30 seconds left.
|inactive|toxiccroc12 has 20 seconds left.
|inactive|toxiccroc12 has 15 seconds left.
|inactive|toxiccroc12 has 10 seconds left.
|
|t:|1783881184
|move|p2a: Delphox|Protect|p2a: Delphox
|-singleturn|p2a: Delphox|Protect
|move|p1a: Delphox|Protect|p1a: Delphox
|-singleturn|p1a: Delphox|Protect
|move|p2b: Arcanine|Extreme Speed|p1b: Incineroar
|-damage|p1b: Incineroar|76/100
|-damage|p2b: Arcanine|0 fnt|[from] item: Life Orb
|faint|p2b: Arcanine
|move|p1b: Incineroar|Flare Blitz|p2a: Delphox
|-activate|p2a: Delphox|move: Protect
|
|upkeep
|
|t:|1783881196
|switch|p2b: Emboar|Emboar, L50, M|100/100
|turn|4
|
|t:|1783881215
|detailschange|p2b: Emboar|Emboar-Mega, L50, M
|-mega|p2b: Emboar|Emboar|Emboarite
|-ability|p2b: Emboar|Mold Breaker
|move|p2b: Emboar|Close Combat|p1b: Incineroar
|-supereffective|p1b: Incineroar|1
|-damage|p1b: Incineroar|0 fnt
|-unboost|p2b: Emboar|def|1
|-unboost|p2b: Emboar|spd|1
|faint|p1b: Incineroar
|move|p2a: Delphox|Mystical Fire|p1a: Delphox
|-resisted|p1a: Delphox|1
|-damage|p1a: Delphox|86/100
|-unboost|p1a: Delphox|spa|1
|move|p1a: Delphox|Nasty Plot|p1a: Delphox
|-boost|p1a: Delphox|spa|2
|
|upkeep
|
|t:|1783881228
|switch|p1b: Sinistcha|Sinistcha, L50|100/100
|-heal|p1a: Delphox|100/100|[from] ability: Hospitality|[of] p1b: Sinistcha
|turn|5
|
|t:|1783881241
|move|p1b: Sinistcha|Rage Powder|p1b: Sinistcha
|-singleturn|p1b: Sinistcha|move: Rage Powder
|move|p2b: Emboar|Flare Blitz|p1b: Sinistcha
|-supereffective|p1b: Sinistcha|1
|-enditem|p1b: Sinistcha|Occa Berry|[eat]
|-enditem|p1b: Sinistcha|Occa Berry|[weaken]
|-damage|p1b: Sinistcha|38/100
|-damage|p2b: Emboar|83/100|[from] Recoil
|move|p2a: Delphox|Mystical Fire|p1b: Sinistcha
|-supereffective|p1b: Sinistcha|1
|-damage|p1b: Sinistcha|0 fnt
|faint|p1b: Sinistcha
|move|p1a: Delphox|Psyshock|p2b: Emboar
|-supereffective|p2b: Emboar|1
|-damage|p2b: Emboar|0 fnt
|faint|p2b: Emboar
|
|upkeep
|
|t:|1783881253
|switch|p1b: Sneasler|Sneasler, L50, M|100/100
|switch|p2b: Talonflame|Talonflame, L50, F|100/100
|turn|6
|
|t:|1783881266
|move|p2a: Delphox|Protect|p2a: Delphox
|-singleturn|p2a: Delphox|Protect
|move|p2b: Talonflame|Protect|p2b: Talonflame
|-singleturn|p2b: Talonflame|Protect
|move|p1b: Sneasler|Fake Out|p2b: Talonflame
|-activate|p2b: Talonflame|move: Protect
|move|p1a: Delphox|Nasty Plot|p1a: Delphox
|-boost|p1a: Delphox|spa|2
|
|-fieldend|move: Trick Room
|upkeep
|turn|7
|
|t:|1783881277
|move|p1a: Delphox|Heat Wave|p2b: Talonflame|[spread] p2a,p2b
|-resisted|p2a: Delphox|1
|-resisted|p2b: Talonflame|1
|-damage|p2a: Delphox|53/100
|-enditem|p2b: Talonflame|Focus Sash
|-damage|p2b: Talonflame|1/100
|move|p1b: Sneasler|Poison Jab|p2a: Delphox
|-damage|p2a: Delphox|0 fnt
|faint|p2a: Delphox
|move|p2b: Talonflame|Flame Charge|p1b: Sneasler
|-damage|p1b: Sneasler|63/100
|-boost|p2b: Talonflame|spe|1
|
|upkeep
|turn|8
|
|t:|1783881288
|move|p2b: Talonflame|Flame Charge|p1b: Sneasler
|-damage|p1b: Sneasler|28/100
|-boost|p2b: Talonflame|spe|1
|move|p1a: Delphox|Heat Wave|p2b: Talonflame
|-resisted|p2b: Talonflame|1
|-damage|p2b: Talonflame|0 fnt
|faint|p2b: Talonflame
|
|win|toxiccroc12
|raw|toxiccroc12's rating: 1077 → 1099(+22 for winning)
|raw|GymGlofer's rating: 1000 → 1000(+0 for losing)
|l|☆GymGlofer
|player|p2|
|c|☆toxiccroc12|gg
