|j|☆JakeL57
|j|☆WhiteKrios
|html|JakeL57WhiteKrios    
|uhtml|bestof|Game 3 of a best-of-3
|t:|1784945214
|gametype|doubles
|player|p1|JakeL57|2|
|player|p2|WhiteKrios|169|
|gen|9
|tier|[Gen 9 Champions] VGC 2026 Reg M-B (Bo3)
|rule|Species Clause: Limit one of each Pokémon
|rule|Item Clause: Limit 1 of each item
|clearpoke
|poke|p1|Politoed, L50, F|
|poke|p1|Basculegion, L50, M|
|poke|p1|Archaludon, L50, F|
|poke|p1|Grimmsnarl, L50, M|
|poke|p1|Sinistcha, L50|
|poke|p1|Drampa, L50, M|
|poke|p2|Kangaskhan, L50, F|
|poke|p2|Torkoal, L50, F|
|poke|p2|Tsareena, L50, F|
|poke|p2|Tinkaton, L50, F|
|poke|p2|Aromatisse, L50, F|
|poke|p2|Tyranitar, L50, F|
|teampreview|4
|showteam|p1|Politoed||SitrusBerry|Drizzle|Protect,WeatherBall,HelpingHand,IcyWind|Calm||F|||50|]Basculegion||LifeOrb|SwiftSwim|WaveCrash,LastRespects,AquaJet,Protect|Jolly||M|||50|]Archaludon||Leftovers|Stamina|ElectroShot,Protect,FlashCannon,DracoMeteor|Timid||F|||50|]Grimmsnarl||LightClay|Prankster|LightScreen,Reflect,SpiritBreak,PartingShot|Careful||M|||50|]Sinistcha||ChartiBerry|Hospitality|MatchaGotcha,RagePowder,Protect,TrickRoom|Bold|||||50|]Drampa||Drampanite|Berserk|HyperVoice,Protect,DracoMeteor,Flamethrower|Quiet||M|||50|
|showteam|p2|Kangaskhan||Kangaskhanite|EarlyBird|FakeOut,SuckerPunch,IcePunch,Earthquake|Adamant||F|||50|]Torkoal||HeatRock|Drought|Eruption,Protect,WeatherBall,Yawn|Quiet||F|||50|]Tsareena||SitrusBerry|QueenlyMajesty|TripleAxel,PowerWhip,LowKick,Uturn|Adamant||F|||50|]Tinkaton||ShucaBerry|MoldBreaker|GigatonHammer,PlayRough,FakeOut,Encore|Adamant||F|||50|]Aromatisse||FocusSash|AromaVeil|Moonblast,HealPulse,AllySwitch,TrickRoom|Sassy||F|||50|]Tyranitar||ChopleBerry|Unnerve|RockSlide,KnockOff,Protect,LowKick|Adamant||F|||50|
|
|t:|1784945311
|teamsize|p1|4
|teamsize|p2|4
|start
|switch|p1a: Grimmsnarl|Grimmsnarl, L50, M|100/100
|switch|p1b: Drampa|Drampa, L50, M|100/100
|switch|p2a: Torkoal|Torkoal, L50, F|100/100
|switch|p2b: Tsareena|Tsareena, L50, F|100/100
|-weather|SunnyDay|[from] ability: Drought|[of] p2a: Torkoal
|turn|1
|
|t:|1784945359
|detailschange|p1b: Drampa|Drampa-Mega, L50, M
|-mega|p1b: Drampa|Drampa|Drampanite
|move|p1b: Drampa|Protect|p1b: Drampa
|-singleturn|p1b: Drampa|Protect
|move|p1a: Grimmsnarl|Reflect|p1a: Grimmsnarl
|-sidestart|p1: JakeL57|Reflect
|move|p2b: Tsareena|Low Kick|p1b: Drampa
|-activate|p1b: Drampa|move: Protect
|move|p2a: Torkoal|Yawn|p1a: Grimmsnarl
|-start|p1a: Grimmsnarl|move: Yawn|[of] p2a: Torkoal
|
|-weather|SunnyDay|[upkeep]
|upkeep
|turn|2
|
|t:|1784945388
|move|p1a: Grimmsnarl|Parting Shot||[still]
|cant|p2b: Tsareena|ability: Queenly Majesty|Parting Shot|[of] p1a: Grimmsnarl
|move|p2b: Tsareena|Low Kick|p1b: Drampa
|-supereffective|p1b: Drampa|1
|-damage|p1b: Drampa|45/100
|-ability|p1b: Drampa|Berserk|boost
|-boost|p1b: Drampa|spa|1
|move|p1b: Drampa|Flamethrower|p2b: Tsareena
|-supereffective|p2b: Tsareena|1
|-damage|p2b: Tsareena|0 fnt
|faint|p2b: Tsareena
|move|p2a: Torkoal|Yawn|p1b: Drampa
|-start|p1b: Drampa|move: Yawn|[of] p2a: Torkoal
|
|-weather|SunnyDay|[upkeep]
|-end|p1a: Grimmsnarl|move: Yawn|[silent]
|-status|p1a: Grimmsnarl|slp
|upkeep
|
|t:|1784945421
|switch|p2b: Tinkaton|Tinkaton, L50, F|100/100
|-ability|p2b: Tinkaton|Mold Breaker
|turn|3
|
|t:|1784945453
|move|p2a: Torkoal|Protect|p2a: Torkoal
|-singleturn|p2a: Torkoal|Protect
|move|p2b: Tinkaton|Fake Out|p1b: Drampa
|-damage|p1b: Drampa|38/100
|cant|p1a: Grimmsnarl|slp
|cant|p1b: Drampa|flinch
|
|-weather|SunnyDay|[upkeep]
|-end|p1b: Drampa|move: Yawn|[silent]
|-status|p1b: Drampa|slp
|upkeep
|turn|4
|
|t:|1784945477
|cant|p1a: Grimmsnarl|slp
|move|p2b: Tinkaton|Gigaton Hammer|p1a: Grimmsnarl
|-supereffective|p1a: Grimmsnarl|1
|-damage|p1a: Grimmsnarl|0 fnt
|faint|p1a: Grimmsnarl
|cant|p1b: Drampa|slp
|move|p2a: Torkoal|Weather Ball|p1b: Drampa
|-resisted|p1b: Drampa|1
|-damage|p1b: Drampa|12/100 slp
|
|-weather|SunnyDay|[upkeep]
|upkeep
|
|t:|1784945488
|switch|p1a: Politoed|Politoed, L50, F|100/100
|-weather|RainDance|[from] ability: Drizzle|[of] p1a: Politoed
|turn|5
|
|t:|1784945504
|move|p2a: Torkoal|Protect|p2a: Torkoal
|-singleturn|p2a: Torkoal|Protect
|move|p2b: Tinkaton|Encore||[still]
|-fail|p2b: Tinkaton
|move|p1a: Politoed|Weather Ball|p2a: Torkoal
|-activate|p2a: Torkoal|move: Protect
|cant|p1b: Drampa|slp
|
|-weather|RainDance|[upkeep]
|upkeep
|turn|6
|
|t:|1784945530
|move|p2b: Tinkaton|Play Rough|p1a: Politoed
|-damage|p1a: Politoed|71/100
|move|p1a: Politoed|Icy Wind|p2a: Torkoal|[spread] 
|-miss|p1a: Politoed|p2a: Torkoal
|-miss|p1a: Politoed|p2b: Tinkaton
|-curestatus|p1b: Drampa|slp|[msg]
|move|p1b: Drampa|Flamethrower|p2b: Tinkaton
|-supereffective|p2b: Tinkaton|1
|-damage|p2b: Tinkaton|47/100
|move|p2a: Torkoal|Yawn|p1a: Politoed
|-start|p1a: Politoed|move: Yawn|[of] p2a: Torkoal
|
|-weather|RainDance|[upkeep]
|upkeep
|turn|7
|
|t:|1784945561
|move|p2a: Torkoal|Protect|p2a: Torkoal
|-singleturn|p2a: Torkoal|Protect
|move|p2b: Tinkaton|Play Rough|p1b: Drampa
|-supereffective|p1b: Drampa|1
|-damage|p1b: Drampa|0 fnt
|faint|p1b: Drampa
|move|p1a: Politoed|Icy Wind|p2a: Torkoal|[spread] p2b
|-activate|p2a: Torkoal|move: Protect
|-resisted|p2b: Tinkaton|1
|-damage|p2b: Tinkaton|44/100
|-unboost|p2b: Tinkaton|spe|1
|
|-weather|RainDance|[upkeep]
|-end|p1a: Politoed|move: Yawn|[silent]
|-status|p1a: Politoed|slp
|upkeep
|
|t:|1784945574
|switch|p1b: Basculegion|Basculegion, L50, M|100/100
|turn|8
|
|t:|1784945595
|cant|p1a: Politoed|slp
|move|p1b: Basculegion|Wave Crash|p2a: Torkoal
|-supereffective|p2a: Torkoal|1
|-damage|p2a: Torkoal|0 fnt
|faint|p2a: Torkoal
|-damage|p1b: Basculegion|70/100|[from] Recoil
|-damage|p1b: Basculegion|60/100|[from] item: Life Orb
|move|p2b: Tinkaton|Play Rough|p1b: Basculegion
|-damage|p1b: Basculegion|31/100
|
|-weather|RainDance|[upkeep]
|-sideend|p1: JakeL57|Reflect
|upkeep
|
|t:|1784945608
|switch|p2a: Kangaskhan|Kangaskhan, L50, F|100/100
|turn|9
|
|t:|1784945630
|detailschange|p2a: Kangaskhan|Kangaskhan-Mega, L50, F
|-mega|p2a: Kangaskhan|Kangaskhan|Kangaskhanite
|move|p2a: Kangaskhan|Sucker Punch|p1b: Basculegion
|-supereffective|p1b: Basculegion|1
|-damage|p1b: Basculegion|0 fnt
|faint|p1b: Basculegion
|-curestatus|p1a: Politoed|slp|[msg]
|move|p1a: Politoed|Weather Ball|p2b: Tinkaton
|-damage|p2b: Tinkaton|2/100
|move|p2b: Tinkaton|Play Rough|p1a: Politoed
|-damage|p1a: Politoed|33/100
|-enditem|p1a: Politoed|Sitrus Berry|[eat]
|-heal|p1a: Politoed|58/100|[from] item: Sitrus Berry
|
|-weather|none
|upkeep
|turn|10
|
|t:|1784945665
|move|p2a: Kangaskhan|Sucker Punch|p1a: Politoed
|-damage|p1a: Politoed|27/100
|-damage|p1a: Politoed|20/100y
|-hitcount|p1a: Politoed|2
|move|p1a: Politoed|Icy Wind|p2a: Kangaskhan|[spread] p2a,p2b
|-resisted|p2b: Tinkaton|1
|-damage|p2a: Kangaskhan|91/100
|-damage|p2b: Tinkaton|0 fnt
|-unboost|p2a: Kangaskhan|spe|1
|faint|p2b: Tinkaton
|
|upkeep
|turn|11
|
|t:|1784945679
|move|p2a: Kangaskhan|Sucker Punch|p1a: Politoed
|-damage|p1a: Politoed|0 fnt
|faint|p1a: Politoed
|
|win|WhiteKrios
|l|☆WhiteKrios
|player|p2|
