|j|☆swampertsolly
|j|☆Fatearthur32
|html|swampertsollyFatearthur32    
|uhtml|bestof|Game 2 of a best-of-3
|t:|1785832785
|gametype|doubles
|player|p1|swampertsolly|101|
|player|p2|Fatearthur32|2|
|gen|9
|tier|[Gen 9 Champions] VGC 2026 Reg M-B (Bo3)
|rule|Species Clause: Limit one of each Pokémon
|rule|Item Clause: Limit 1 of each item
|clearpoke
|poke|p1|Tyranitar, L50, F|
|poke|p1|Excadrill, L50, F|
|poke|p1|Skarmory, L50, M|
|poke|p1|Floette-Eternal, L50, F|
|poke|p1|Passimian, L50, M|
|poke|p1|Luxray, L50, M|
|poke|p2|Excadrill, L50, M, shiny|
|poke|p2|Krookodile, L50, F|
|poke|p2|Morpeko, L50, M|
|poke|p2|Garchomp, L50, F|
|poke|p2|Greninja, L50, M|
|poke|p2|Mimikyu, L50, F|
|teampreview|4
|showteam|p1|Tyranitar||Tyranitarite|SandStream|RockSlide,HeavySlam,DragonDance,Protect|Adamant||F|||50|]Excadrill||FocusSash|SandRush|IronHead,Earthquake,RockSlide,Protect|Jolly||F|||50|]Skarmory||Leftovers|Sturdy|Tailwind,Roost,IronHead,BraveBird|Impish||M|||50|]Floette-Eternal||Floettite|FlowerVeil|CalmMind,DrainingKiss,Protect,Moonblast|Timid||F|||50|]Passimian||ChoiceScarf|Defiant|CloseCombat,Uturn,Trailblaze,KnockOff|Jolly||M|||50|]Luxray||ExpertBelt|Intimidate|Crunch,SupercellSlam,Protect,PlayRough|Adamant||M|||50|
|showteam|p2|Excadrill||Excadrite|SandRush|DrillRun,RapidSpin,Protect,StealthRock|Serious||M|||50|]Krookodile||FocusSash|Intimidate|BulkUp,FireFang,KnockOff,SludgeBomb|Serious||F|||50|]Morpeko||Magnet|HungerSwitch|AuraWheel,FakeOut,Protect,Electroweb|Serious||M|||50|]Garchomp||Leftovers|SandVeil|BrickBreak,Liquidation,ShadowClaw,SwordsDance|Serious||F|||50|]Greninja||Greninjite|Protean|GrassKnot,WaterShuriken,Waterfall,ToxicSpikes|Serious||M|||50|]Mimikyu||QuickClaw|Disguise|Curse,Protect,WillOWisp,Trailblaze|Serious||F|||50|
|
|t:|1785832806
|teamsize|p1|4
|teamsize|p2|4
|start
|switch|p1a: Luxray|Luxray, L50, M|100/100
|switch|p1b: Passimian|Passimian, L50, M|100/100
|switch|p2a: Garchomp|Garchomp, L50, F|100/100
|switch|p2b: Greninja|Greninja, L50, M|100/100
|-ability|p1a: Luxray|Intimidate|boost
|-unboost|p2a: Garchomp|atk|1
|-unboost|p2b: Greninja|atk|1
|turn|1
|
|t:|1785832839
|switch|p2b: Morpeko|Morpeko, L50, M|100/100
|move|p1a: Luxray|Protect|p1a: Luxray
|-singleturn|p1a: Luxray|Protect
|move|p1b: Passimian|Knock Off|p2a: Garchomp
|-damage|p2a: Garchomp|65/100
|-enditem|p2a: Garchomp|Leftovers|[from] move: Knock Off|[of] p1b: Passimian
|move|p2a: Garchomp|Shadow Claw|p1b: Passimian
|-damage|p1b: Passimian|81/100
|
|-formechange|p2b: Morpeko|Morpeko-Hangry|
|upkeep
|turn|2
|
|t:|1785832858
|move|p2b: Morpeko|Fake Out|p1a: Luxray
|-damage|p1a: Luxray|86/100
|move|p1b: Passimian|Knock Off|p2b: Morpeko
|-resisted|p2b: Morpeko|1
|-damage|p2b: Morpeko|65/100
|-enditem|p2b: Morpeko|Magnet|[from] move: Knock Off|[of] p1b: Passimian
|move|p2a: Garchomp|Brick Break|p1a: Luxray
|-damage|p1a: Luxray|63/100
|cant|p1a: Luxray|flinch
|
|-formechange|p2b: Morpeko|Morpeko|
|upkeep
|turn|3
|
|t:|1785832878
|switch|p1b: Floette|Floette-Eternal, L50, F|100/100
|move|p2a: Garchomp|Liquidation|p1b: Floette
|-damage|p1b: Floette|66/100
|move|p2b: Morpeko|Aura Wheel|p1b: Floette
|-damage|p1b: Floette|0 fnt
|-boost|p2b: Morpeko|spe|1
|faint|p1b: Floette
|move|p1a: Luxray|Play Rough|p2a: Garchomp
|-supereffective|p2a: Garchomp|1
|-damage|p2a: Garchomp|0 fnt
|faint|p2a: Garchomp
|
|-formechange|p2b: Morpeko|Morpeko-Hangry|
|upkeep
|
|t:|1785832893
|switch|p1b: Passimian|Passimian, L50, M|81/100
|switch|p2a: Krookodile|Krookodile, L50, F|100/100
|-ability|p2a: Krookodile|Intimidate|boost
|-unboost|p1a: Luxray|atk|1
|-unboost|p1b: Passimian|atk|1
|-ability|p1b: Passimian|Defiant|boost
|-boost|p1b: Passimian|atk|2
|turn|4
|
|t:|1785832914
|move|p2b: Morpeko|Aura Wheel|p1a: Luxray
|-damage|p1a: Luxray|13/100
|-boost|p2b: Morpeko|spe|1
|move|p1b: Passimian|Trailblaze|p2a: Krookodile
|-supereffective|p2a: Krookodile|1
|-damage|p2a: Krookodile|35/100
|-boost|p1b: Passimian|spe|1
|move|p2a: Krookodile|Knock Off|p1b: Passimian
|-resisted|p1b: Passimian|1
|-damage|p1b: Passimian|58/100
|-enditem|p1b: Passimian|Choice Scarf|[from] move: Knock Off|[of] p2a: Krookodile
|move|p1a: Luxray|Play Rough|p2b: Morpeko
|-supereffective|p2b: Morpeko|1
|-damage|p2b: Morpeko|0 fnt
|faint|p2b: Morpeko
|
|upkeep
|
|t:|1785832930
|switch|p2b: Greninja|Greninja, L50, M|100/100
|turn|5
|
|t:|1785832952
|detailschange|p2b: Greninja|Greninja-Mega, L50, M
|-mega|p2b: Greninja|Greninja|Greninjite
|move|p1a: Luxray|Protect|p1a: Luxray
|-singleturn|p1a: Luxray|Protect
|move|p1b: Passimian|Trailblaze|p2a: Krookodile
|-supereffective|p2a: Krookodile|1
|-damage|p2a: Krookodile|0 fnt
|-boost|p1b: Passimian|spe|1
|faint|p2a: Krookodile
|move|p2b: Greninja|Grass Knot|p1b: Passimian
|-start|p2b: Greninja|typechange|Grass|[from] ability: Protean
|-damage|p1b: Passimian|0 fnt
|faint|p1b: Passimian
|
|upkeep
|
|t:|1785832965
|switch|p1b: Excadrill|Excadrill, L50, F|100/100
|turn|6
|
|t:|1785832979
|move|p1b: Excadrill|Protect|p1b: Excadrill
|-singleturn|p1b: Excadrill|Protect
|move|p2b: Greninja|Waterfall|p1b: Excadrill
|-activate|p1b: Excadrill|move: Protect
|move|p1a: Luxray|Crunch|p2b: Greninja
|-damage|p2b: Greninja|72/100
|
|upkeep
|turn|7
|
|t:|1785832996
|move|p2b: Greninja|Waterfall|p1b: Excadrill
|-supereffective|p1b: Excadrill|1
|-damage|p1b: Excadrill|34/100
|move|p1b: Excadrill|Iron Head|p2b: Greninja
|-damage|p2b: Greninja|4/100
|move|p1a: Luxray|Crunch|p2b: Greninja
|-damage|p2b: Greninja|0 fnt
|faint|p2b: Greninja
|
|win|swampertsolly
|c|☆swampertsolly|gg
|c|☆Fatearthur32|gg
