|j|☆HADES055
|j|☆ivanthesaxophonist
|html|HADES055ivanthesaxophonist    
|uhtml|bestof|Game 3 of a best-of-3
|t:|1756511126
|gametype|doubles
|player|p1|HADES055|pokemaniac|1069
|player|p2|ivanthesaxophonist|acetrainer-gen4dp|1113
|gen|9
|tier|[Gen 9] VGC 2025 Reg H (Bo3)
|rated|
|rule|Species Clause: Limit one of each Pokémon
|rule|Item Clause: Limit 1 of each item
|clearpoke
|poke|p1|Charizard, L50, M|
|poke|p1|Torkoal, L50, M|
|poke|p1|Porygon2, L50|
|poke|p1|Incineroar, L50, M|
|poke|p1|Jumpluff, L50, F|
|poke|p1|Ursaluna, L50, F|
|poke|p2|Zoroark-Hisui, L50, F|
|poke|p2|Annihilape, L50, F|
|poke|p2|Archaludon, L50, M|
|poke|p2|Maushold-Four, L50|
|poke|p2|Sinistcha-Masterpiece, L50|
|poke|p2|Milotic, L50, F|
|teampreview|4
|showteam|p1|Charizard||ChoiceSpecs|SolarPower|HeatWave,Overheat,WeatherBall,AirSlash|||M|||50|,,,,,Ghost]Torkoal||EjectPack|Drought|Eruption,Overheat,HelpingHand,Protect|||M|||50|,,,,,Fire]Porygon2||Eviolite|Download|IceBeam,TeraBlast,TrickRoom,Recover||||||50|,,,,,Fighting]Incineroar||SitrusBerry|Intimidate|FlareBlitz,KnockOff,FakeOut,PartingShot|||M|||50|,,,,,Ghost]Jumpluff||CovertCloak|Chlorophyll|SleepPowder,SunnyDay,RagePowder,Tailwind|||F|||50|,,,,,Water]Ursaluna||FlameOrb|Guts|HeadlongRush,Facade,Earthquake,Protect|||F|||50|,,,,,Ghost
|showteam|p2|Zoroark-Hisui||ChoiceSpecs|Illusion|HyperVoice,ShadowBall,TeraBlast,IcyWind|||F|||50|,,,,,Fairy]Annihilape||SafetyGoggles|Defiant|RageFist,CloseCombat,BulkUp,Protect|||F|||50|,,,,,Fire]Archaludon||AssaultVest|Stamina|BodyPress,DragonPulse,ElectroShot,FlashCannon|||M|||50|,,,,,Grass]Maushold-Four||WideLens|Technician|PopulationBomb,FollowMe,Taunt,Protect||||||50|,,,,,Ghost]Sinistcha-Masterpiece||SitrusBerry|Hospitality|MatchaGotcha,LifeDew,RagePowder,ShadowBall||||||50|,,,,,Water]Milotic||Leftovers|Competitive|AlluringVoice,IcyWind,Scald,Protect|||F|||50|,,,,,Grass
|inactive|Battle timer is ON: inactive players will automatically lose when time's up. (requested by HADES055)
|
|t:|1756511142
|teamsize|p1|4
|teamsize|p2|4
|start
|switch|p1a: Torkoal|Torkoal, L50, M|100/100
|switch|p1b: Jumpluff|Jumpluff, L50, F|100/100
|switch|p2a: Annihilape|Annihilape, L50, F|100/100
|switch|p2b: Maushold|Maushold-Four, L50|100/100
|-weather|SunnyDay|[from] ability: Drought|[of] p1a: Torkoal
|turn|1
|inactive|ivanthesaxophonist has 30 seconds left.
|
|t:|1756511170
|-terastallize|p2a: Annihilape|Fire
|-terastallize|p1a: Torkoal|Fire
|move|p1b: Jumpluff|Tailwind|p1b: Jumpluff
|-sidestart|p1: HADES055|move: Tailwind
|move|p2b: Maushold|Population Bomb|p1a: Torkoal
|-damage|p1a: Torkoal|91/100
|-damage|p1a: Torkoal|83/100
|-damage|p1a: Torkoal|74/100
|-damage|p1a: Torkoal|65/100
|-damage|p1a: Torkoal|56/100
|-damage|p1a: Torkoal|47/100
|-damage|p1a: Torkoal|38/100
|-damage|p1a: Torkoal|29/100
|-damage|p1a: Torkoal|20/100
|-damage|p1a: Torkoal|11/100
|-hitcount|p1a: Torkoal|10
|move|p2a: Annihilape|Rage Fist|p1a: Torkoal
|-damage|p1a: Torkoal|0 fnt
|faint|p1a: Torkoal
|
|-weather|SunnyDay|[upkeep]
|upkeep
|inactive|HADES055 has 30 seconds left.
|
|t:|1756511200
|switch|p1a: Charizard|Charizard, L50, M|100/100
|turn|2
|inactive|ivanthesaxophonist has 30 seconds left.
|
|t:|1756511229
|switch|p2b: Milotic|Milotic, L50, F|100/100
|move|p1b: Jumpluff|Sleep Powder|p2b: Milotic
|-status|p2b: Milotic|slp|[from] move: Sleep Powder
|move|p1a: Charizard|Weather Ball|p2a: Annihilape
|-resisted|p2a: Annihilape
|-damage|p2a: Annihilape|32/100
|move|p2a: Annihilape|Rage Fist|p1a: Charizard
|-damage|p1a: Charizard|45/100
|
|-weather|SunnyDay|[upkeep]
|-damage|p1a: Charizard|33/100|[from] ability: Solar Power|[of] p1a: Charizard
|upkeep
|turn|3
|
|t:|1756511246
|switch|p1b: Ursaluna|Ursaluna, L50, F|100/100
|move|p2a: Annihilape|Protect|p2a: Annihilape
|-singleturn|p2a: Annihilape|Protect
|move|p1a: Charizard|Weather Ball|p2a: Annihilape
|-activate|p2a: Annihilape|move: Protect
|cant|p2b: Milotic|slp
|
|-weather|SunnyDay|[upkeep]
|-damage|p1a: Charizard|20/100|[from] ability: Solar Power|[of] p1a: Charizard
|-status|p1b: Ursaluna|brn|[from] item: Flame Orb
|upkeep
|turn|4
|inactive|ivanthesaxophonist has 30 seconds left.
|
|t:|1756511276
|move|p2a: Annihilape|Protect|p2a: Annihilape
|-singleturn|p2a: Annihilape|Protect
|move|p1a: Charizard|Weather Ball|p2a: Annihilape
|-activate|p2a: Annihilape|move: Protect
|move|p1b: Ursaluna|Facade|p2b: Milotic
|-damage|p2b: Milotic|0 fnt
|faint|p2b: Milotic
|
|-weather|SunnyDay|[upkeep]
|-damage|p1a: Charizard|8/100|[from] ability: Solar Power|[of] p1a: Charizard
|-damage|p1b: Ursaluna|95/100 brn|[from] brn
|-sideend|p1: HADES055|move: Tailwind
|upkeep
|
|t:|1756511294
|switch|p2b: Maushold|Maushold-Four, L50|100/100
|turn|5
|
|t:|1756511307
|move|p2b: Maushold|Hyper Voice|p1b: Ursaluna|[spread] p1a,p1b
|-damage|p1a: Charizard|0 fnt
|-damage|p1b: Ursaluna|43/100 brn
|faint|p1a: Charizard
|move|p2a: Annihilape|Close Combat|p1b: Ursaluna
|-supereffective|p1b: Ursaluna
|-damage|p1b: Ursaluna|0 fnt
|-unboost|p2a: Annihilape|def|1
|-unboost|p2a: Annihilape|spd|1
|faint|p1b: Ursaluna
|
|-weather|none
|upkeep
|
|t:|1756511313
|switch|p1a: Jumpluff|Jumpluff, L50, F|100/100
|turn|6
|-message|HADES055 forfeited.
|
|win|ivanthesaxophonist
|raw|HADES055's rating: 1069 → 1051(-18 for losing)
|raw|ivanthesaxophonist's rating: 1113 → 1135(+22 for winning)
|l|☆HADES055
|player|p1|
