|j|☆viatles
|j|‽kuszutoe
|html|viatleskuszutoe    
|uhtml|bestof|Game 1 of a best-of-3
|t:|1785989241
|gametype|doubles
|player|p1|viatles|hiker|1091
|player|p2|kuszutoe|2|1040
|gen|9
|tier|[Gen 9 Champions] VGC 2026 Reg M-B (Bo3)
|rated|
|rule|Species Clause: Limit one of each Pokémon
|rule|Item Clause: Limit 1 of each item
|clearpoke
|poke|p1|Falinks, L50, shiny|
|poke|p1|Wyrdeer, L50, F|
|poke|p1|Milotic, L50, M, shiny|
|poke|p1|Staraptor, L50, M|
|poke|p1|Tsareena, L50, F|
|poke|p1|Grimmsnarl, L50, M|
|poke|p2|Pelipper, L50, M|
|poke|p2|Basculegion, L50, M|
|poke|p2|Swampert, L50, M|
|poke|p2|Archaludon, L50, F|
|poke|p2|Whimsicott, L50, F|
|poke|p2|Sneasler, L50, M|
|teampreview|4
|showteam|p1|Falinks||Falinksite|Defiant|RockSlide,CloseCombat,Protect,KnockOff|Jolly|||||50|]Wyrdeer||ChoiceScarf|Intimidate|SkillSwap,PsyshieldBash,Trick,Hypnosis|Jolly||F|||50|]Milotic||Leftovers|Competitive|IcyWind,Scald,Protect,LifeDew|Bold||M|||50|]Staraptor||Staraptite|Intimidate|CloseCombat,BraveBird,Protect,Tailwind|Jolly||M|||50|]Tsareena||WideLens|QueenlyMajesty|TripleAxel,TropKick,KnockOff,LowKick|Jolly||F|||50|]Grimmsnarl||LightClay|Prankster|FakeOut,SpiritBreak,LightScreen,Reflect|Calm||M|||50|
|showteam|p2|Pelipper||DampRock|Drizzle|Hurricane,WeatherBall,WideGuard,Protect|Bold||M|||50|]Basculegion||LifeOrb|SwiftSwim|WaveCrash,Crunch,LastRespects,Protect|Adamant||M|||50|]Swampert||Swampertite|Torrent|RockSlide,Earthquake,WaveCrash,FlipTurn|Adamant||M|||50|]Archaludon||SitrusBerry|Stamina|ElectroShot,DracoMeteor,FlashCannon,Protect|Modest||F|||50|]Whimsicott||FocusSash|Prankster|Moonblast,Encore,Taunt,Tailwind|Bold||F|||50|]Sneasler||WhiteHerb|Unburden|FakeOut,CloseCombat,DireClaw,Protect|Jolly||M|||50|
|c|☆viatles|gl hf
|inactive|Battle timer is ON: inactive players will automatically lose when time's up. (requested by viatles)
|inactive|kuszutoe has 60 seconds left.
|
|t:|1785989301
|teamsize|p1|4
|teamsize|p2|4
|start
|switch|p1a: Milk Duds|Falinks, L50, shiny|100/100
|switch|p1b: Wyrdeer|Wyrdeer, L50, F|100/100
|switch|p2a: Pelipper|Pelipper, L50, M|100/100
|switch|p2b: Sneasler|Sneasler, L50, M|100/100
|-ability|p1b: Wyrdeer|Intimidate|boost
|-unboost|p2a: Pelipper|atk|1
|-unboost|p2b: Sneasler|atk|1
|-weather|RainDance|[from] ability: Drizzle|[of] p2a: Pelipper
|-enditem|p2b: Sneasler|White Herb
|-clearnegativeboost|p2b: Sneasler|[silent]
|turn|1
|inactive|viatles has 30 seconds left.
|inactive|kuszutoe has 30 seconds left.
|inactive|kuszutoe has 20 seconds left.
|
|t:|1785989340
|switch|p1a: Tsareena|Tsareena, L50, F|100/100
|move|p2a: Pelipper|Protect|p2a: Pelipper
|-singleturn|p2a: Pelipper|Protect
|move|p2b: Sneasler|Fake Out||[still]
|cant|p1a: Tsareena|ability: Queenly Majesty|Fake Out|[of] p2b: Sneasler
|move|p1b: Wyrdeer|Psyshield Bash|p2b: Sneasler
|-supereffective|p2b: Sneasler|2
|-damage|p2b: Sneasler|0 fnt
|-boost|p1b: Wyrdeer|def|1
|faint|p2b: Sneasler
|
|-weather|RainDance|[upkeep]
|upkeep
|inactive|kuszutoe has 30 seconds left.
|
|t:|1785989373
|switch|p2b: Archaludon|Archaludon, L50, F|100/100
|turn|2
|inactive|kuszutoe has 30 seconds left.
|inactive|kuszutoe has 20 seconds left.
|
|t:|1785989411
|switch|p1b: Grimmsnarl|Grimmsnarl, L50, M|100/100
|move|p2b: Archaludon|Electro Shot||[still]
|-prepare|p2b: Archaludon|Electro Shot
|-boost|p2b: Archaludon|spa|1
|-anim|p2b: Archaludon|Electro Shot|p1b: Grimmsnarl
|-crit|p1b: Grimmsnarl
|-damage|p1b: Grimmsnarl|11/100
|move|p1a: Tsareena|Knock Off|p2b: Archaludon
|-crit|p2b: Archaludon
|-damage|p2b: Archaludon|64/100
|-ability|p2b: Archaludon|Stamina|boost
|-boost|p2b: Archaludon|def|1
|-enditem|p2b: Archaludon|Sitrus Berry|[from] move: Knock Off|[of] p1a: Tsareena
|move|p2a: Pelipper|Hurricane|p1a: Tsareena
|-supereffective|p1a: Tsareena|1
|-damage|p1a: Tsareena|19/100
|-start|p1a: Tsareena|confusion
|
|-weather|RainDance|[upkeep]
|upkeep
|turn|3
|inactive|kuszutoe has 30 seconds left.
|inactive|viatles has 30 seconds left.
|inactive|kuszutoe has 20 seconds left.
|
|t:|1785989450
|switch|p1a: Wyrdeer|Wyrdeer, L50, F|100/100
|-ability|p1a: Wyrdeer|Intimidate|boost
|-unboost|p2a: Pelipper|atk|1
|-unboost|p2b: Archaludon|atk|1
|move|p1b: Grimmsnarl|Fake Out|p2b: Archaludon
|-resisted|p2b: Archaludon|1
|-damage|p2b: Archaludon|62/100
|-ability|p2b: Archaludon|Stamina|boost
|-boost|p2b: Archaludon|def|1
|cant|p2b: Archaludon|flinch
|move|p2a: Pelipper|Hurricane|p1a: Wyrdeer
|-damage|p1a: Wyrdeer|58/100
|
|-weather|RainDance|[upkeep]
|upkeep
|turn|4
|inactive|kuszutoe has 30 seconds left.
|
|t:|1785989477
|move|p2b: Archaludon|Protect|p2b: Archaludon
|-singleturn|p2b: Archaludon|Protect
|move|p1b: Grimmsnarl|Light Screen|p1b: Grimmsnarl
|-sidestart|p1: viatles|move: Light Screen
|move|p1a: Wyrdeer|Hypnosis|p2b: Archaludon
|-activate|p2b: Archaludon|move: Protect
|move|p2a: Pelipper|Hurricane|p1a: Wyrdeer
|-damage|p1a: Wyrdeer|30/100
|-start|p1a: Wyrdeer|confusion
|
|-weather|RainDance|[upkeep]
|upkeep
|turn|5
|
|t:|1785989501
|-activate|p1a: Wyrdeer|confusion
|move|p1a: Wyrdeer|Hypnosis|p2b: Archaludon|[miss]
|-miss|p1a: Wyrdeer|p2b: Archaludon
|move|p2b: Archaludon|Flash Cannon|p1b: Grimmsnarl
|-supereffective|p1b: Grimmsnarl|1
|-crit|p1b: Grimmsnarl
|-damage|p1b: Grimmsnarl|0 fnt
|faint|p1b: Grimmsnarl
|move|p2a: Pelipper|Hurricane|p1a: Wyrdeer
|-damage|p1a: Wyrdeer|3/100
|
|-weather|RainDance|[upkeep]
|upkeep
|
|t:|1785989512
|switch|p1b: Milk Duds|Falinks, L50, shiny|100/100
|turn|6
|
|t:|1785989536
|switch|p1a: Tsareena|Tsareena, L50, F|19/100
|detailschange|p1b: Milk Duds|Falinks-Mega, L50, shiny
|-mega|p1b: Milk Duds|Falinks|Falinksite
|move|p2b: Archaludon|Protect|p2b: Archaludon
|-singleturn|p2b: Archaludon|Protect
|move|p1b: Milk Duds|Rock Slide|p2a: Pelipper|[spread] p2a
|-activate|p2b: Archaludon|move: Protect
|-supereffective|p2a: Pelipper|1
|-damage|p2a: Pelipper|68/100
|move|p2a: Pelipper|Hurricane|p1a: Tsareena
|-supereffective|p1a: Tsareena|1
|-damage|p1a: Tsareena|0 fnt
|faint|p1a: Tsareena
|
|-weather|RainDance|[upkeep]
|upkeep
|
|t:|1785989551
|switch|p1a: Wyrdeer|Wyrdeer, L50, F|3/100
|-ability|p1a: Wyrdeer|Intimidate|boost
|-unboost|p2a: Pelipper|atk|1
|-unboost|p2b: Archaludon|atk|1
|turn|7
|
|t:|1785989576
|move|p1a: Wyrdeer|Skill Swap|p2b: Archaludon
|-activate|p1a: Wyrdeer|Skill Swap|Stamina|Intimidate|[of] p2b: Archaludon
|-ability|p2b: Archaludon|Intimidate|boost
|-unboost|p1a: Wyrdeer|atk|1
|-unboost|p1b: Milk Duds|atk|1
|-ability|p1b: Milk Duds|Defiant|boost
|-boost|p1b: Milk Duds|atk|2
|move|p1b: Milk Duds|Knock Off|p2a: Pelipper
|-crit|p2a: Pelipper
|-damage|p2a: Pelipper|6/100
|-enditem|p2a: Pelipper|Damp Rock|[from] move: Knock Off|[of] p1b: Milk Duds
|move|p2b: Archaludon|Flash Cannon|p1a: Wyrdeer
|-damage|p1a: Wyrdeer|0 fnt
|faint|p1a: Wyrdeer
|move|p2a: Pelipper|Hurricane|p1b: Milk Duds
|-supereffective|p1b: Milk Duds|1
|-damage|p1b: Milk Duds|15/100
|-start|p1b: Milk Duds|confusion
|
|-weather|RainDance|[upkeep]
|upkeep
|turn|8
|inactive|kuszutoe has 30 seconds left.
|inactive|kuszutoe has 20 seconds left.
|inactive|kuszutoe has 15 seconds left.
|
|t:|1785989619
|move|p2a: Pelipper|Protect|p2a: Pelipper
|-singleturn|p2a: Pelipper|Protect
|-activate|p1b: Milk Duds|confusion
|move|p1b: Milk Duds|Close Combat|p2b: Archaludon
|-supereffective|p2b: Archaludon|1
|-damage|p2b: Archaludon|0 fnt
|-unboost|p1b: Milk Duds|def|1
|-unboost|p1b: Milk Duds|spd|1
|faint|p2b: Archaludon
|
|-weather|none
|upkeep
|
|t:|1785989629
|switch|p2b: Basculegion|Basculegion, L50, M|100/100
|turn|9
|
|t:|1785989643
|move|p2a: Pelipper|Wide Guard|p2a: Pelipper
|-singleturn|p2a: Pelipper|Wide Guard
|-end|p1b: Milk Duds|confusion
|move|p1b: Milk Duds|Knock Off|p2b: Basculegion
|-supereffective|p2b: Basculegion|1
|-damage|p2b: Basculegion|0 fnt
|-enditem|p2b: Basculegion|Life Orb|[from] move: Knock Off|[of] p1b: Milk Duds
|faint|p2b: Basculegion
|
|upkeep
|turn|10
|
|t:|1785989655
|move|p1b: Milk Duds|Knock Off|p2a: Pelipper
|-damage|p2a: Pelipper|0 fnt
|faint|p2a: Pelipper
|
|win|viatles
