|j|☆idkFrosty
|j|☆ToastedArt
|html|idkFrostyToastedArt    
|uhtml|bestof|Game 2 of a best-of-3
|t:|1785278512
|gametype|doubles
|player|p1|idkFrosty|169|1067
|player|p2|ToastedArt|iris|1023
|gen|9
|tier|[Gen 9 Champions] VGC 2026 Reg M-B (Bo3)
|rated|
|rule|Species Clause: Limit one of each Pokémon
|rule|Item Clause: Limit 1 of each item
|clearpoke
|poke|p1|Ampharos, L50, F, shiny|
|poke|p1|Metagross, L50, shiny|
|poke|p1|Runerigus, L50, M, shiny|
|poke|p1|Clefable, L50, M, shiny|
|poke|p1|Rotom-Wash, L50|
|poke|p1|Chandelure, L50, M|
|poke|p2|Delphox, L50, M|
|poke|p2|Incineroar, L50, F|
|poke|p2|Sneasler, L50, M|
|poke|p2|Sinistcha, L50|
|poke|p2|Azumarill, L50, M|
|poke|p2|Maushold, L50|
|teampreview|4
|showteam|p1|Ampharos||Ampharosite|Static|ParabolicCharge,DragonPulse,Protect,Thunderbolt|Modest||F|||50|]Metagross||Metagrossite|ClearBody|PsychicFangs,MeteorMash,StompingTantrum,Protect|Jolly|||||50|]Runerigus||Leftovers|WanderingSpirit|TrickRoom,Curse,Poltergeist,ToxicSpikes|Relaxed||M|||50|]Clefable||SitrusBerry|CuteCharm|FollowMe,HelpingHand,DrainingKiss,Protect|Calm||M|||50|]Rotom-Wash||ChoiceScarf|Levitate|WillOWisp,VoltSwitch,RisingVoltage,HydroPump|Calm|||||50|]Chandelure||FocusSash|FlashFire|TrickRoom,HeatWave,ShadowBall,Protect|Sassy||M|||50|
|showteam|p2|Delphox||Delphoxite|Blaze|HeatWave,Psychic,NastyPlot,Protect|Modest||M|||50|]Incineroar||PasshoBerry|Intimidate|PartingShot,FakeOut,ThroatChop,FlareBlitz|Careful||F|||50|]Sneasler||FocusSash|PoisonTouch|PoisonJab,CloseCombat,FakeOut,QuickGuard|Adamant||M|||50|]Sinistcha||KasibBerry|Hospitality|MatchaGotcha,RagePowder,LifeDew,Protect|Bold|||||50|]Azumarill||SitrusBerry|HugePower|BellyDrum,AquaJet,KnockOff,Protect|Adamant||M|||50|]Maushold||ChopleBerry|FriendGuard|FollowMe,SuperFang,Feint,Protect|Impish|||||50|
|inactive|Battle timer is ON: inactive players will automatically lose when time's up. (requested by ToastedArt)
|
|t:|1785278541
|teamsize|p1|4
|teamsize|p2|4
|start
|switch|p1a: Runerigus|Runerigus, L50, M, shiny|100/100
|switch|p1b: Rotom|Rotom-Wash, L50|100/100
|switch|p2a: Azumarill|Azumarill, L50, M|100/100
|switch|p2b: Incineroar|Incineroar, L50, F|100/100
|-ability|p2b: Incineroar|Intimidate|boost
|-unboost|p1a: Runerigus|atk|1
|-unboost|p1b: Rotom|atk|1
|turn|1
|
|t:|1785278562
|switch|p2a: Delphox|Delphox, L50, M|100/100
|move|p1b: Rotom|Volt Switch|p2a: Delphox
|-damage|p2a: Delphox|71/100
|
|t:|1785278581
|switch|p1b: Clefable|Clefable, L50, M, shiny|100/100|[from] Volt Switch
|move|p2b: Incineroar|Throat Chop|p1a: Runerigus
|-supereffective|p1a: Runerigus|1
|-damage|p1a: Runerigus|63/100
|-start|p1a: Runerigus|Throat Chop|[silent]
|-activate|p2b: Incineroar|Skill Swap|Wandering Spirit|Intimidate|[of] p1a: Runerigus
|-ability|p1a: Runerigus|Intimidate|boost
|-unboost|p2a: Delphox|atk|1
|-unboost|p2b: Incineroar|atk|1
|move|p1a: Runerigus|Curse|p2a: Delphox
|-start|p2a: Delphox|Curse|[of] p1a: Runerigus
|-damage|p1a: Runerigus|13/100
|
|-heal|p1a: Runerigus|20/100r|[from] item: Leftovers
|-damage|p2a: Delphox|46/100|[from] Curse
|upkeep
|turn|2
|
|t:|1785278601
|switch|p2a: Azumarill|Azumarill, L50, M|100/100
|move|p1b: Clefable|Follow Me|p1b: Clefable
|-singleturn|p1b: Clefable|move: Follow Me
|move|p2b: Incineroar|Throat Chop|p1b: Clefable
|-resisted|p1b: Clefable|1
|-damage|p1b: Clefable|87/100
|-start|p1b: Clefable|Throat Chop|[silent]
|-start|p2b: Incineroar|Attract|[from] ability: Cute Charm|[of] p1b: Clefable
|move|p1a: Runerigus|Trick Room|p1a: Runerigus
|-fieldstart|move: Trick Room|[of] p1a: Runerigus
|
|-heal|p1a: Runerigus|26/100|[from] item: Leftovers
|-end|p1a: Runerigus|Throat Chop|[silent]
|upkeep
|turn|3
|inactive|idkFrosty has 30 seconds left.
|
|t:|1785278627
|switch|p1b: Ampharos|Ampharos, L50, F, shiny|100/100
|-end|p2b: Incineroar|Attract|[silent]
|move|p2a: Azumarill|Protect|p2a: Azumarill
|-singleturn|p2a: Azumarill|Protect
|move|p1a: Runerigus|Curse|p2a: Azumarill
|-start|p2a: Azumarill|Curse|[of] p1a: Runerigus
|-damage|p1a: Runerigus|0 fnt
|faint|p1a: Runerigus
|move|p2b: Incineroar|Flare Blitz|p1b: Ampharos
|-damage|p1b: Ampharos|64/100
|-status|p1b: Ampharos|brn
|-status|p2b: Incineroar|par|[from] ability: Static|[of] p1b: Ampharos
|-damage|p2b: Incineroar|88/100 par|[from] Recoil
|
|-damage|p1b: Ampharos|58/100 brn|[from] brn
|-damage|p2a: Azumarill|75/100|[from] Curse
|upkeep
|
|t:|1785278646
|switch|p1a: Clefable|Clefable, L50, M, shiny|87/100
|turn|4
|
|t:|1785278654
|switch|p2a: Sinistcha|Sinistcha, L50|100/100
|-heal|p2b: Incineroar|100/100 par|[from] ability: Hospitality|[of] p2a: Sinistcha
|detailschange|p1b: Ampharos|Ampharos-Mega, L50, F, shiny
|-mega|p1b: Ampharos|Ampharos|Ampharosite
|-ability|p1b: Ampharos|Mold Breaker
|move|p1a: Clefable|Helping Hand|p1b: Ampharos
|-singleturn|p1b: Ampharos|Helping Hand|[of] p1a: Clefable
|move|p2b: Incineroar|Flare Blitz|p1a: Clefable
|-damage|p1a: Clefable|51/100
|-damage|p2b: Incineroar|88/100 par|[from] Recoil
|move|p1b: Ampharos|Parabolic Charge|p2a: Sinistcha|[spread] p1a,p2a,p2b
|-resisted|p2a: Sinistcha|1
|-damage|p1a: Clefable|15/100
|-heal|p1b: Ampharos|77/100 brn|[from] drain|[of] p1a: Clefable
|-damage|p2a: Sinistcha|73/100
|-heal|p1b: Ampharos|89/100 brn|[from] drain|[of] p2a: Sinistcha
|-damage|p2b: Incineroar|50/100g par
|-heal|p1b: Ampharos|100/100 brn|[from] drain|[of] p2b: Incineroar
|-enditem|p1a: Clefable|Sitrus Berry|[eat]
|-heal|p1a: Clefable|40/100|[from] item: Sitrus Berry
|
|-damage|p1b: Ampharos|93/100 brn|[from] brn
|upkeep
|turn|5
|inactive|idkFrosty has 30 seconds left.
|inactive|idkFrosty has 20 seconds left.
|
|t:|1785278691
|move|p1a: Clefable|Protect|p1a: Clefable
|-singleturn|p1a: Clefable|Protect
|move|p2a: Sinistcha|Rage Powder|p2a: Sinistcha
|-singleturn|p2a: Sinistcha|move: Rage Powder
|move|p2b: Incineroar|Flare Blitz|p1a: Clefable
|-activate|p1a: Clefable|move: Protect
|move|p1b: Ampharos|Parabolic Charge|p2a: Sinistcha|[spread] p2a,p2b
|-activate|p1a: Clefable|move: Protect
|-resisted|p2a: Sinistcha|1
|-damage|p2a: Sinistcha|57/100
|-heal|p1b: Ampharos|100/100 brn|[from] drain|[of] p2a: Sinistcha
|-damage|p2b: Incineroar|24/100 par
|
|-damage|p1b: Ampharos|93/100 brn|[from] brn
|upkeep
|turn|6
|inactive|idkFrosty has 30 seconds left.
|
|t:|1785278716
|move|p1a: Clefable|Helping Hand|p1b: Ampharos
|-singleturn|p1b: Ampharos|Helping Hand|[of] p1a: Clefable
|move|p2b: Incineroar|Flare Blitz|p1a: Clefable
|-damage|p1a: Clefable|5/100
|-status|p1a: Clefable|brn
|-damage|p2b: Incineroar|13/100 par|[from] Recoil
|move|p1b: Ampharos|Thunderbolt|p2b: Incineroar
|-damage|p2b: Incineroar|0 fnt
|faint|p2b: Incineroar
|move|p2a: Sinistcha|Life Dew|p2a: Sinistcha
|-heal|p2a: Sinistcha|82/100
|
|-damage|p1b: Ampharos|87/100 brn|[from] brn
|-damage|p1a: Clefable|0 fnt|[from] brn
|faint|p1a: Clefable
|-fieldend|move: Trick Room
|upkeep
|
|t:|1785278733
|switch|p2b: Delphox|Delphox, L50, M|46/100
|switch|p1a: Rotom|Rotom-Wash, L50|100/100
|turn|7
|
|t:|1785278744
|detailschange|p2b: Delphox|Delphox-Mega, L50, M
|-mega|p2b: Delphox|Delphox|Delphoxite
|move|p2a: Sinistcha|Rage Powder|p2a: Sinistcha
|-singleturn|p2a: Sinistcha|move: Rage Powder
|move|p2b: Delphox|Nasty Plot|p2b: Delphox
|-boost|p2b: Delphox|spa|2
|move|p1a: Rotom|Hydro Pump|p2a: Sinistcha
|-resisted|p2a: Sinistcha|1
|-damage|p2a: Sinistcha|62/100
|move|p1b: Ampharos|Dragon Pulse|p2a: Sinistcha
|-damage|p2a: Sinistcha|0 fnt
|faint|p2a: Sinistcha
|
|-damage|p1b: Ampharos|81/100 brn|[from] brn
|upkeep
|
|t:|1785278749
|switch|p2a: Azumarill|Azumarill, L50, M|75/100
|turn|8
|
|t:|1785278770
|move|p2b: Delphox|Psychic|p1b: Ampharos
|-damage|p1b: Ampharos|0 fnt
|faint|p1b: Ampharos
|move|p1a: Rotom|Hydro Pump|p2b: Delphox
|-supereffective|p2b: Delphox|1
|-damage|p2b: Delphox|0 fnt
|faint|p2b: Delphox
|move|p2a: Azumarill|Belly Drum|p2a: Azumarill
|-damage|p2a: Azumarill|25/100
|-setboost|p2a: Azumarill|atk|6|[from] move: Belly Drum
|-enditem|p2a: Azumarill|Sitrus Berry|[eat]
|-heal|p2a: Azumarill|50/100y|[from] item: Sitrus Berry
|
|upkeep
|turn|9
|
|t:|1785278783
|move|p2a: Azumarill|Aqua Jet|p1a: Rotom
|-resisted|p1a: Rotom|1
|-damage|p1a: Rotom|49/100
|move|p1a: Rotom|Hydro Pump|p2a: Azumarill
|-resisted|p2a: Azumarill|1
|-damage|p2a: Azumarill|30/100
|
|upkeep
|turn|10
|
|t:|1785278792
|move|p2a: Azumarill|Aqua Jet|p1a: Rotom
|-resisted|p1a: Rotom|1
|-damage|p1a: Rotom|0 fnt
|faint|p1a: Rotom
|
|win|ToastedArt
|raw|idkFrosty's rating: 1067 → 1044(-23 for losing)
|raw|ToastedArt's rating: 1023 → 1064(+41 for winning)
