|j|☆VGCambroz
|j|☆Giocostorto
|html|VGCambrozGiocostorto    
|uhtml|bestof|Game 2 of a best-of-3
|t:|1756456422
|gametype|doubles
|player|p1|VGCambroz|alder|1258
|player|p2|Giocostorto|palmer|1152
|gen|9
|tier|[Gen 9] VGC 2025 Reg H (Bo3)
|rated|
|rule|Species Clause: Limit one of each Pokémon
|rule|Item Clause: Limit 1 of each item
|clearpoke
|poke|p1|Annihilape, L50, F|
|poke|p1|Gholdengo, L50|
|poke|p1|Ursaluna-Bloodmoon, L50, M|
|poke|p1|Dragonite, L50, F|
|poke|p1|Maushold-Four, L50|
|poke|p1|Grimmsnarl, L50, M|
|poke|p2|Oricorio-Pom-Pom, L50, F|
|poke|p2|Volcarona, L50, F|
|poke|p2|Maushold, L50|
|poke|p2|Annihilape, L50, F|
|poke|p2|Basculegion, L50, M|
|poke|p2|Farigiraf, L50, F|
|teampreview|4
|showteam|p1|Annihilape||Leftovers|Defiant|BulkUp,Protect,DrainPunch,RageFist|||F|||50|,,,,,Water]Gholdengo||MetalCoat|GoodasGold|NastyPlot,Protect,MakeItRain,ShadowBall||||||50|,,,,,Dragon]Ursaluna-Bloodmoon||AssaultVest|MindsEye|BloodMoon,HyperVoice,EarthPower,VacuumWave|||M|||50|,,,,,Ghost]Dragonite||LoadedDice|Multiscale|ScaleShot,StompingTantrum,Haze,Protect|||F|||50|,,,,,Fairy]Maushold-Four||SafetyGoggles|FriendGuard|FollowMe,BeatUp,Taunt,Protect||||||50|,,,,,Ghost]Grimmsnarl||CovertCloak|Prankster|Reflect,LightScreen,SpiritBreak,ThunderWave|||M|||50|,,,,,Steel
|showteam|p2|Oricorio-Pom-Pom||FocusSash|Dancer|Hurricane,RevelationDance,Tailwind,Protect|||F|||50|,,,,,Ghost]Volcarona||CovertCloak|FlameBody|FieryDance,TeraBlast,QuiverDance,Protect|||F|||50|,,,,,Fairy]Maushold||SafetyGoggles|FriendGuard|BeatUp,Taunt,FollowMe,Protect||||||50|,,,,,Ghost]Annihilape||SitrusBerry|Defiant|Protect,BulkUp,DrainPunch,RageFist|||F|||50|,,,,,Fire]Basculegion||ChoiceScarf|Adaptability|WaveCrash,LastRespects,FlipTurn,AquaJet|||M|||50|,,,,,Water]Farigiraf||ThroatSpray|ArmorTail|Psychic,HyperVoice,TrickRoom,Imprison|||F|||50|,,,,,Fairy
|inactive|Battle timer is ON: inactive players will automatically lose when time's up. (requested by Giocostorto)
|
|t:|1756456442
|teamsize|p1|4
|teamsize|p2|4
|start
|switch|p1a: Maushold|Maushold-Four, L50|100/100
|switch|p1b: Annihilape|Annihilape, L50, F|100/100
|switch|p2a: Volcarona|Volcarona, L50, F|100/100
|switch|p2b: Oricorio|Oricorio-Pom-Pom, L50, F|100/100
|turn|1
|inactive|Giocostorto has 30 seconds left.
|inactive|Giocostorto has 20 seconds left.
|inactive|Giocostorto has 15 seconds left.
|inactive|Giocostorto has 10 seconds left.
|
|t:|1756456487
|move|p1a: Maushold|Taunt|p2a: Volcarona
|-start|p2a: Volcarona|move: Taunt
|move|p2a: Volcarona|Fiery Dance|p1b: Annihilape
|-damage|p1b: Annihilape|72/100
|-boost|p2a: Volcarona|spa|1
|-activate|p2b: Oricorio|ability: Dancer
|move|p2b: Oricorio|Fiery Dance|p1b: Annihilape|[from] ability: Dancer
|-crit|p1b: Annihilape
|-damage|p1b: Annihilape|47/100
|-boost|p2b: Oricorio|spa|1
|move|p2b: Oricorio|Revelation Dance|p1b: Annihilape
|-crit|p1b: Annihilape
|-damage|p1b: Annihilape|0 fnt
|faint|p1b: Annihilape
|
|upkeep
|
|t:|1756456505
|switch|p1b: Dragonite|Dragonite, L50, F|100/100
|turn|2
|
|t:|1756456533
|-terastallize|p2a: Volcarona|Fairy
|move|p1a: Maushold|Protect|p1a: Maushold
|-singleturn|p1a: Maushold|Protect
|move|p2b: Oricorio|Protect|p2b: Oricorio
|-singleturn|p2b: Oricorio|Protect
|move|p2a: Volcarona|Fiery Dance|p1a: Maushold
|-activate|p1a: Maushold|move: Protect
|move|p1b: Dragonite|Scale Shot|p2a: Volcarona
|-immune|p2a: Volcarona
|
|upkeep
|turn|3
|inactive|Giocostorto has 30 seconds left.
|inactive|Giocostorto has 20 seconds left.
|
|t:|1756456573
|move|p1a: Maushold|Follow Me|p1a: Maushold
|-singleturn|p1a: Maushold|move: Follow Me
|move|p2a: Volcarona|Fiery Dance|p1a: Maushold
|-damage|p1a: Maushold|26/100
|-boost|p2a: Volcarona|spa|1
|-activate|p2b: Oricorio|ability: Dancer
|move|p2b: Oricorio|Fiery Dance|p1a: Maushold|[from] ability: Dancer
|-damage|p1a: Maushold|0 fnt
|-boost|p2b: Oricorio|spa|1
|faint|p1a: Maushold
|move|p2b: Oricorio|Revelation Dance|p1b: Dragonite
|-damage|p1b: Dragonite|60/100
|move|p1b: Dragonite|Scale Shot|p2b: Oricorio
|-damage|p2b: Oricorio|81/100
|-damage|p2b: Oricorio|58/100
|-damage|p2b: Oricorio|38/100
|-damage|p2b: Oricorio|16/100
|-damage|p2b: Oricorio|0 fnt
|faint|p2b: Oricorio
|-hitcount|p2: Oricorio|5
|-unboost|p1b: Dragonite|def|1
|-boost|p1b: Dragonite|spe|1
|
|-end|p2a: Volcarona|move: Taunt
|upkeep
|
|t:|1756456593
|switch|p1a: Gholdengo|Gholdengo, L50|100/100
|switch|p2b: Maushold|Maushold, L50|100/100
|turn|4
|
|t:|1756456608
|move|p1b: Dragonite|Haze|p1b: Dragonite
|-clearallboost
|move|p2b: Maushold|Taunt|p1b: Dragonite
|-start|p1b: Dragonite|move: Taunt
|move|p2a: Volcarona|Fiery Dance|p1a: Gholdengo
|-supereffective|p1a: Gholdengo
|-damage|p1a: Gholdengo|31/100
|-boost|p2a: Volcarona|spa|1
|move|p1a: Gholdengo|Make It Rain|p2a: Volcarona|[spread] p2a,p2b
|-supereffective|p2a: Volcarona
|-damage|p2a: Volcarona|24/100
|-damage|p2b: Maushold|30/100
|-unboost|p1a: Gholdengo|spa|1
|
|upkeep
|turn|5
|
|t:|1756456632
|switch|p2b: Annihilape|Annihilape, L50, F|100/100
|move|p2a: Volcarona|Tera Blast|p1b: Dragonite|[anim] Tera Blast Fairy
|-supereffective|p1b: Dragonite
|-damage|p1b: Dragonite|0 fnt
|faint|p1b: Dragonite
|move|p1a: Gholdengo|Make It Rain|p2a: Volcarona|[spread] p2a,p2b
|-supereffective|p2a: Volcarona
|-damage|p2a: Volcarona|0 fnt
|-damage|p2b: Annihilape|68/100
|-unboost|p1a: Gholdengo|spa|1
|faint|p2a: Volcarona
|
|upkeep
|-message|VGCambroz forfeited.
|
|win|Giocostorto
