|j|☆Daniw9
|j|☆DISSSSS
|html|Daniw9DISSSSS    
|uhtml|bestof|Game 2 of a best-of-3
|t:|1756298489
|gametype|doubles
|player|p1|Daniw9|101|1126
|player|p2|DISSSSS|flannery|1111
|gen|9
|tier|[Gen 9] VGC 2025 Reg H (Bo3)
|rated|
|rule|Species Clause: Limit one of each Pokémon
|rule|Item Clause: Limit 1 of each item
|clearpoke
|poke|p1|Garchomp, L50, M|
|poke|p1|Tyranitar, L50, F|
|poke|p1|Delphox, L50, M|
|poke|p1|Indeedee-F, L50, F|
|poke|p1|Gallade, L50, M|
|poke|p1|Whimsicott, L50, M|
|poke|p2|Gholdengo, L50|
|poke|p2|Tyranitar, L50, M|
|poke|p2|Whimsicott, L50, F|
|poke|p2|Magmar, L50, F|
|poke|p2|Sneasler, L50, F|
|poke|p2|Dragapult, L50, M|
|teampreview|4
|showteam|p1|Garchomp||LifeOrb|SandVeil|Earthquake,StompingTantrum,Protect,DragonClaw|||M|||50|,,,,,Steel]Tyranitar||AssaultVest|SandStream|RockSlide,TeraBlast,KnockOff,LowKick|||F|||50|,,,,,Flying]Delphox||PsychicSeed|Magician|ExpandingForce,HeatWave,TeraBlast,Protect|||M|||50|,,,,,Fairy]Indeedee-F||SafetyGoggles|PsychicSurge|DazzlingGleam,TrickRoom,FollowMe,HelpingHand|||F|||50|,,,,,Water]Gallade||ClearAmulet|Sharpness|SacredSword,PsychoCut,TrickRoom,Protect|||M|||50|,,,,,Grass]Whimsicott||CovertCloak|Prankster|Moonblast,Tailwind,Encore,Protect|||M|||50|,,,,,Grass
|showteam|p2|Gholdengo||LifeOrb|GoodasGold|MakeItRain,ShadowBall,NastyPlot,Protect||||||50|,,,,,Water]Tyranitar||ClearAmulet|SandStream|DragonDance,Protect,RockSlide,KnockOff|||M|||50|,,,,,Flying]Whimsicott||CovertCloak|Prankster|Tailwind,Moonblast,Taunt,Charm|||F|||50|,,,,,Dark]Magmar||Eviolite|VitalSpirit|FollowMe,Overheat,Protect,HelpingHand|||F|||50|,,,,,Ghost]Sneasler||WhiteHerb|Unburden|DireClaw,CloseCombat,FakeOut,Protect|||F|||50|,,,,,Dark]Dragapult||ChoiceBand|ClearBody|DragonDarts,PhantomForce,SuckerPunch,Uturn|||M|||50|,,,,,Dragon
|inactive|Battle timer is ON: inactive players will automatically lose when time's up. (requested by DISSSSS)
|inactive|DISSSSS has 60 seconds left.
|
|t:|1756298540
|teamsize|p1|4
|teamsize|p2|4
|start
|switch|p1a: Indeedee|Indeedee-F, L50, F|100/100
|switch|p1b: Gallade|Gallade, L50, M|100/100
|switch|p2a: Dragapult|Dragapult, L50, M|100/100
|switch|p2b: Magmar|Magmar, L50, F|100/100
|-fieldstart|move: Psychic Terrain|[from] ability: Psychic Surge|[of] p1a: Indeedee
|turn|1
|
|t:|1756298559
|move|p2b: Magmar|Helping Hand|p2a: Dragapult
|-singleturn|p2a: Dragapult|Helping Hand|[of] p2b: Magmar
|move|p1a: Indeedee|Follow Me|p1a: Indeedee
|-singleturn|p1a: Indeedee|move: Follow Me
|move|p2a: Dragapult|U-turn|p1a: Indeedee
|-supereffective|p1a: Indeedee
|-damage|p1a: Indeedee|1/100
|
|t:|1756298572
|switch|p2a: Tyranitar|Tyranitar, L50, M|100/100|[from] U-turn
|-weather|Sandstorm|[from] ability: Sand Stream|[of] p2a: Tyranitar
|move|p1b: Gallade|Trick Room|p1b: Gallade
|-fieldstart|move: Trick Room|[of] p1b: Gallade
|
|-weather|Sandstorm|[upkeep]
|-damage|p1b: Gallade|95/100|[from] Sandstorm
|-damage|p2b: Magmar|95/100|[from] Sandstorm
|upkeep
|turn|2
|
|t:|1756298592
|-terastallize|p2b: Magmar|Ghost
|move|p1a: Indeedee|Follow Me|p1a: Indeedee
|-singleturn|p1a: Indeedee|move: Follow Me
|move|p2b: Magmar|Follow Me|p2b: Magmar
|-singleturn|p2b: Magmar|move: Follow Me
|move|p1b: Gallade|Psycho Cut|p2b: Magmar
|-damage|p2b: Magmar|37/100
|move|p2a: Tyranitar|Rock Slide|p1b: Gallade|[spread] p1a,p1b
|-resisted|p1b: Gallade
|-damage|p1a: Indeedee|0 fnt
|-damage|p1b: Gallade|73/100
|faint|p1a: Indeedee
|
|-weather|Sandstorm|[upkeep]
|-damage|p1b: Gallade|67/100|[from] Sandstorm
|-damage|p2b: Magmar|31/100|[from] Sandstorm
|upkeep
|
|t:|1756298601
|switch|p1a: Tyranitar|Tyranitar, L50, F|100/100
|turn|3
|
|t:|1756298609
|move|p2b: Magmar|Protect|p2b: Magmar
|-singleturn|p2b: Magmar|Protect
|move|p2a: Tyranitar|Protect|p2a: Tyranitar
|-singleturn|p2a: Tyranitar|Protect
|move|p1b: Gallade|Psycho Cut|p2b: Magmar
|-activate|p2b: Magmar|move: Protect
|move|p1a: Tyranitar|Low Kick|p2a: Tyranitar
|-activate|p2a: Tyranitar|move: Protect
|
|-weather|Sandstorm|[upkeep]
|-damage|p1b: Gallade|61/100|[from] Sandstorm
|-damage|p2b: Magmar|25/100|[from] Sandstorm
|upkeep
|turn|4
|
|t:|1756298627
|switch|p2a: Gholdengo|Gholdengo, L50|100/100
|move|p2b: Magmar|Follow Me|p2b: Magmar
|-singleturn|p2b: Magmar|move: Follow Me
|move|p1b: Gallade|Psycho Cut|p2b: Magmar
|-damage|p2b: Magmar|0 fnt
|faint|p2b: Magmar
|move|p1a: Tyranitar|Low Kick|p2a: Gholdengo
|-immune|p2a: Gholdengo
|
|-weather|Sandstorm|[upkeep]
|-damage|p1b: Gallade|56/100|[from] Sandstorm
|upkeep
|
|t:|1756298635
|switch|p2b: Tyranitar|Tyranitar, L50, M|100/100
|turn|5
|
|t:|1756298648
|switch|p1b: Garchomp|Garchomp, L50, M|100/100
|move|p2b: Tyranitar|Protect|p2b: Tyranitar
|-singleturn|p2b: Tyranitar|Protect
|move|p2a: Gholdengo|Protect|p2a: Gholdengo
|-singleturn|p2a: Gholdengo|Protect
|move|p1a: Tyranitar|Knock Off|p2a: Gholdengo
|-activate|p2a: Gholdengo|move: Protect
|
|-weather|none
|-fieldend|move: Trick Room
|-fieldend|move: Psychic Terrain
|upkeep
|turn|6
|
|t:|1756298666
|-terastallize|p1a: Tyranitar|Flying
|move|p1b: Garchomp|Earthquake|p2a: Gholdengo|[spread] p2a,p2b
|-immune|p1a: Tyranitar
|-supereffective|p2a: Gholdengo
|-supereffective|p2b: Tyranitar
|-damage|p2a: Gholdengo|0 fnt
|-damage|p2b: Tyranitar|0 fnt
|faint|p2a: Gholdengo
|faint|p2b: Tyranitar
|-damage|p1b: Garchomp|91/100|[from] item: Life Orb
|move|p1a: Tyranitar|Low Kick|p2: Gholdengo|[notarget]
|-fail|p1a: Tyranitar
|
|upkeep
|
|t:|1756298671
|switch|p2a: Dragapult|Dragapult, L50, M|100/100
|turn|7
|
|t:|1756298682
|move|p2a: Dragapult|Dragon Darts|p1b: Garchomp
|-supereffective|p1b: Garchomp
|-damage|p1b: Garchomp|13/100
|-anim|p2a: Dragapult|Dragon Darts|p1a: Tyranitar
|-damage|p1a: Tyranitar|74/100
|move|p1b: Garchomp|Dragon Claw|p2a: Dragapult
|-supereffective|p2a: Dragapult
|-damage|p2a: Dragapult|0 fnt
|faint|p2a: Dragapult
|-damage|p1b: Garchomp|4/100|[from] item: Life Orb
|
|win|Daniw9
|raw|Daniw9's rating: 1126 → 1150(+24 for winning)
|raw|DISSSSS's rating: 1111 → 1087(-24 for losing)
|l|☆DISSSSS
|player|p2|
