|j|☆divina del campo
|j|☆soymalo1
|html|divina del camposoymalo1    
|uhtml|bestof|Game 1 of a best-of-3
|t:|1785696517
|gametype|doubles
|player|p1|divina del campo|ariana|1026
|player|p2|soymalo1|2|1125
|gen|9
|tier|[Gen 9 Champions] VGC 2026 Reg M-B (Bo3)
|rated|
|rule|Species Clause: Limit one of each Pokémon
|rule|Item Clause: Limit 1 of each item
|clearpoke
|poke|p1|Malamar, L50, M|
|poke|p1|Simisear, L50, M|
|poke|p1|Hydrapple, L50, F|
|poke|p1|Sneasler, L50, F|
|poke|p1|Basculegion, L50, M|
|poke|p1|Conkeldurr, L50, F|
|poke|p2|Aerodactyl, L50, M|
|poke|p2|Kingambit, L50, M|
|poke|p2|Sylveon, L50, M|
|poke|p2|Garchomp, L50, M|
|poke|p2|Charizard, L50, F|
|poke|p2|Incineroar, L50, F|
|teampreview|4
|showteam|p1|Malamar||Malamarite|Contrary|TrickRoom,SkillSwap,PsychoCut,KnockOff|Brave||M|||50|]Simisear||FocusSash|Blaze|FakeOut,Overheat,GrassKnot,Protect|Hasty||M|||50|]Hydrapple||SitrusBerry|SupersweetSyrup|LeafStorm,DracoMeteor,HydroPump,Protect|Quiet||F|||50|]Sneasler||WhiteHerb|Unburden|FakeOut,CloseCombat,DireClaw,Protect|Adamant||F|||50|]Basculegion||MysticWater|Adaptability|AquaJet,WaveCrash,LastRespects,Protect|Adamant||M|||50|]Conkeldurr||RoseliBerry|IronFist|MachPunch,Superpower,PoisonJab,WideGuard|Brave||F|||50|
|showteam|p2|Aerodactyl||Aerodactylite|Unnerve|RockSlide,IceFang,Tailwind,WideGuard|Jolly||M|||50|]Kingambit||FocusSash|Defiant|KowtowCleave,SuckerPunch,IronHead,Protect|Adamant||M|||50|]Sylveon||FairyFeather|Pixilate|Detect,HyperVoice,HyperBeam,QuickAttack|Modest||M|||50|]Garchomp||LifeOrb|RoughSkin|Earthquake,DragonClaw,StompingTantrum,Protect|Jolly||M|||50|]Charizard||CharizarditeY|Blaze|Protect,HeatWave,SolarBeam,WeatherBall|Modest||F|||50|]Incineroar||SitrusBerry|Intimidate|DarkestLariat,FlareBlitz,FakeOut,PartingShot|Impish||F|||50|
|inactive|Battle timer is ON: inactive players will automatically lose when time's up. (requested by soymalo1)
|inactive|soymalo1 has 60 seconds left.
|
|t:|1785696556
|teamsize|p1|4
|teamsize|p2|4
|start
|switch|p1a: Malamar|Malamar, L50, M|100/100
|switch|p1b: Simisear|Simisear, L50, M|100/100
|switch|p2a: Sylveon|Sylveon, L50, M|100/100
|switch|p2b: Incineroar|Incineroar, L50, F|100/100
|-ability|p2b: Incineroar|Intimidate|boost
|-boost|p1a: Malamar|atk|1
|-unboost|p1b: Simisear|atk|1
|turn|1
|
|t:|1785696572
|move|p1b: Simisear|Fake Out|p2b: Incineroar
|-damage|p2b: Incineroar|95/100
|cant|p2b: Incineroar|flinch
|move|p2a: Sylveon|Hyper Voice|p1a: Malamar|[spread] p1a,p1b
|-supereffective|p1a: Malamar|1
|-resisted|p1b: Simisear|1
|-damage|p1a: Malamar|21/100
|-damage|p1b: Simisear|60/100
|move|p1a: Malamar|Skill Swap|p1b: Simisear
|-activate|p1a: Malamar|Skill Swap|||[of] p1b: Simisear
|
|upkeep
|turn|2
|inactive|soymalo1 has 30 seconds left.
|
|t:|1785696605
|detailschange|p1a: Malamar|Malamar-Mega, L50, M
|-mega|p1a: Malamar|Malamar|Malamarite
|move|p1b: Simisear|Overheat|p2a: Sylveon
|-damage|p2a: Sylveon|56/100
|-boost|p1b: Simisear|spa|2
|move|p1a: Malamar|Psycho Cut|p2a: Sylveon
|-damage|p2a: Sylveon|5/100
|move|p2a: Sylveon|Hyper Voice|p1a: Malamar|[spread] p1a,p1b
|-supereffective|p1a: Malamar|1
|-resisted|p1b: Simisear|1
|-damage|p1a: Malamar|0 fnt
|-damage|p1b: Simisear|19/100
|faint|p1a: Malamar
|move|p2b: Incineroar|Darkest Lariat|p1b: Simisear
|-damage|p1b: Simisear|0 fnt
|faint|p1b: Simisear
|
|upkeep
|
|t:|1785696620
|switch|p1b: Basculegion|Basculegion, L50, M|100/100
|switch|p1a: Sneasler|Sneasler, L50, F|100/100
|turn|3
|
|t:|1785696629
|move|p2a: Sylveon|Detect|p2a: Sylveon
|-singleturn|p2a: Sylveon|Protect
|move|p1a: Sneasler|Fake Out|p2a: Sylveon
|-activate|p2a: Sylveon|move: Protect
|move|p1b: Basculegion|Wave Crash|p2b: Incineroar
|-supereffective|p2b: Incineroar|1
|-damage|p2b: Incineroar|0 fnt
|faint|p2b: Incineroar
|-damage|p1b: Basculegion|71/100|[from] Recoil
|
|upkeep
|
|t:|1785696646
|switch|p2b: Charizard|Charizard, L50, F|100/100
|turn|4
|
|t:|1785696656
|detailschange|p2b: Charizard|Charizard-Mega-Y, L50, F
|-mega|p2b: Charizard|Charizard|Charizardite Y
|-weather|SunnyDay|[from] ability: Drought|[of] p2b: Charizard
|move|p2b: Charizard|Protect|p2b: Charizard
|-singleturn|p2b: Charizard|Protect
|move|p2a: Sylveon|Quick Attack|p1b: Basculegion
|-damage|p1b: Basculegion|57/100
|move|p1a: Sneasler|Dire Claw|p2a: Sylveon
|-supereffective|p2a: Sylveon|1
|-damage|p2a: Sylveon|0 fnt
|faint|p2a: Sylveon
|move|p1b: Basculegion|Wave Crash|p2b: Charizard
|-activate|p2b: Charizard|move: Protect
|
|-weather|SunnyDay|[upkeep]
|upkeep
|
|t:|1785696670
|switch|p2a: Aerodactyl|Aerodactyl, L50, M|100/100
|-ability|p2a: Aerodactyl|Unnerve
|turn|5
|
|t:|1785696679
|move|p2a: Aerodactyl|Tailwind|p2a: Aerodactyl
|-sidestart|p2: soymalo1|move: Tailwind
|move|p2b: Charizard|Heat Wave|p1a: Sneasler|[spread] p1a,p1b
|-resisted|p1b: Basculegion|1
|-damage|p1a: Sneasler|17/100
|-damage|p1b: Basculegion|25/100
|move|p1a: Sneasler|Close Combat|p2a: Aerodactyl
|-damage|p2a: Aerodactyl|15/100
|-unboost|p1a: Sneasler|def|1
|-unboost|p1a: Sneasler|spd|1
|-enditem|p1a: Sneasler|White Herb
|-clearnegativeboost|p1a: Sneasler|[silent]
|move|p1b: Basculegion|Wave Crash|p2b: Charizard
|-supereffective|p2b: Charizard|1
|-crit|p2b: Charizard
|-damage|p2b: Charizard|0 fnt
|faint|p2b: Charizard
|-damage|p1b: Basculegion|0 fnt|[from] Recoil
|faint|p1b: Basculegion
|
|-weather|SunnyDay|[upkeep]
|upkeep
|turn|6
|
|t:|1785696703
|move|p2a: Aerodactyl|Ice Fang|p1a: Sneasler
|-damage|p1a: Sneasler|0 fnt
|faint|p1a: Sneasler
|
|win|soymalo1
