|j|☆gene takavic
|j|☆Maybe ALTcom
|html|gene takavicMaybe ALTcom    
|uhtml|bestof|Game 3 of a best-of-3
|t:|1756511644
|gametype|doubles
|player|p1|gene takavic|pryce|1191
|player|p2|Maybe ALTcom|2|1225
|gen|9
|tier|[Gen 9] VGC 2025 Reg H (Bo3)
|rated|
|rule|Species Clause: Limit one of each Pokémon
|rule|Item Clause: Limit 1 of each item
|clearpoke
|poke|p1|Charizard, L50, M|
|poke|p1|Torkoal, L50, F|
|poke|p1|Porygon2, L50|
|poke|p1|Incineroar, L50, F|
|poke|p1|Jumpluff, L50, M|
|poke|p1|Ursaluna, L50, F|
|poke|p2|Magmar, L50, F|
|poke|p2|Rillaboom, L50, M|
|poke|p2|Ninetales-Alola, L50, M|
|poke|p2|Kommo-o, L50, M|
|poke|p2|Kingambit, L50, F|
|poke|p2|Basculegion, L50, M|
|teampreview|4
|showteam|p1|Charizard||ChoiceSpecs|SolarPower|HeatWave,Overheat,WeatherBall,AirSlash|||M|||50|,,,,,Ghost]Torkoal||EjectPack|Drought|Eruption,Overheat,HelpingHand,Protect|||F|||50|,,,,,Fire]Porygon2||Eviolite|Download|TeraBlast,IceBeam,Recover,TrickRoom||||||50|,,,,,Fighting]Incineroar||SitrusBerry|Intimidate|FlareBlitz,KnockOff,FakeOut,PartingShot|||F|||50|,,,,,Ghost]Jumpluff||CovertCloak|Chlorophyll|SleepPowder,SunnyDay,RagePowder,Tailwind|||M|||50|,,,,,Water]Ursaluna||FlameOrb|Guts|HeadlongRush,Facade,Earthquake,Protect|||F|||50|,,,,,Ghost
|showteam|p2|Magmar||Eviolite|VitalSpirit|FollowMe,ClearSmog,Protect,Flamethrower|||F|||50|,,,,,Ghost]Rillaboom||AssaultVest|GrassySurge|WoodHammer,GrassyGlide,FakeOut,HighHorsepower|||M|||50|,,,,,Fire]Ninetales-Alola||FocusSash|SnowWarning|IcyWind,Blizzard,Encore,Protect|||M|||50|,,,,,Ghost]Kommo-o||ThroatSpray|Soundproof|ClangingScales,ClangorousSoul,Flamethrower,Protect|||M|||50|,,,,,Fire]Kingambit||BlackGlasses|Defiant|KowtowCleave,SuckerPunch,SwordsDance,Protect|||F|||50|,,,,,Dark]Basculegion||ChoiceScarf|Adaptability|WaveCrash,LastRespects,FlipTurn,TeraBlast|||M|||50|,,,,,Fighting
|inactive|Battle timer is ON: inactive players will automatically lose when time's up. (requested by gene takavic)
|inactive|Maybe ALTcom has 60 seconds left.
|inactive|Maybe ALTcom has 30 seconds left.
|inactive|Maybe ALTcom has 20 seconds left.
|inactive|Maybe ALTcom has 15 seconds left.
|inactive|Maybe ALTcom has 10 seconds left.
|
|t:|1756511725
|teamsize|p1|4
|teamsize|p2|4
|start
|switch|p1a: Porygon2|Porygon2, L50|100/100
|switch|p1b: Ursaluna|Ursaluna, L50, F|100/100
|switch|p2a: Kommo-o|Kommo-o, L50, M|100/100
|switch|p2b: Magmar|Magmar, L50, F|100/100
|-ability|p1a: Porygon2|Download|boost
|-boost|p1a: Porygon2|spa|1
|turn|1
|inactive|Maybe ALTcom has 30 seconds left.
|inactive|Maybe ALTcom has 20 seconds left.
|inactive|Maybe ALTcom has 15 seconds left.
|inactive|Maybe ALTcom has 10 seconds left.
|
|t:|1756511774
|move|p2b: Magmar|Follow Me|p2b: Magmar
|-singleturn|p2b: Magmar|move: Follow Me
|move|p2a: Kommo-o|Clangorous Soul|p2a: Kommo-o
|-boost|p2a: Kommo-o|atk|1
|-boost|p2a: Kommo-o|def|1
|-boost|p2a: Kommo-o|spa|1
|-boost|p2a: Kommo-o|spd|1
|-boost|p2a: Kommo-o|spe|1
|-damage|p2a: Kommo-o|68/100
|-enditem|p2a: Kommo-o|Throat Spray
|-boost|p2a: Kommo-o|spa|1|[from] item: Throat Spray
|move|p1b: Ursaluna|Headlong Rush|p2b: Magmar
|-supereffective|p2b: Magmar
|-damage|p2b: Magmar|0 fnt
|-unboost|p1b: Ursaluna|def|1
|-unboost|p1b: Ursaluna|spd|1
|faint|p2b: Magmar
|move|p1a: Porygon2|Trick Room|p1a: Porygon2
|-fieldstart|move: Trick Room|[of] p1a: Porygon2
|
|-status|p1b: Ursaluna|brn|[from] item: Flame Orb
|upkeep
|
|t:|1756511787
|switch|p2b: Ninetales|Ninetales-Alola, L50, M|100/100
|-weather|Snowscape|[from] ability: Snow Warning|[of] p2b: Ninetales
|turn|2
|inactive|Maybe ALTcom has 30 seconds left.
|
|t:|1756511814
|move|p2b: Ninetales|Protect|p2b: Ninetales
|-singleturn|p2b: Ninetales|Protect
|move|p1a: Porygon2|Ice Beam|p2a: Kommo-o
|-supereffective|p2a: Kommo-o
|-damage|p2a: Kommo-o|6/100
|-status|p2a: Kommo-o|frz
|move|p1b: Ursaluna|Headlong Rush|p2b: Ninetales
|-activate|p2b: Ninetales|move: Protect
|-curestatus|p2a: Kommo-o|frz|[msg]
|move|p2a: Kommo-o|Clanging Scales|p1a: Porygon2|[spread] p1a,p1b
|-damage|p1a: Porygon2|57/100
|-damage|p1b: Ursaluna|0 fnt
|faint|p1b: Ursaluna
|-unboost|p2a: Kommo-o|def|1
|
|-weather|Snowscape|[upkeep]
|upkeep
|
|t:|1756511817
|switch|p1b: Torkoal|Torkoal, L50, F|100/100
|-weather|SunnyDay|[from] ability: Drought|[of] p1b: Torkoal
|turn|3
|inactive|Maybe ALTcom has 30 seconds left.
|inactive|Maybe ALTcom has 20 seconds left.
|inactive|Maybe ALTcom has 15 seconds left.
|inactive|Maybe ALTcom has 10 seconds left.
|inactive|Maybe ALTcom has 5 seconds left.
|
|t:|1756511868
|switch|p2b: Basculegion|Basculegion, L50, M|100/100
|move|p1b: Torkoal|Eruption|p2a: Kommo-o|[spread] p2a,p2b
|-resisted|p2a: Kommo-o
|-resisted|p2b: Basculegion
|-damage|p2a: Kommo-o|0 fnt
|-damage|p2b: Basculegion|58/100
|faint|p2a: Kommo-o
|move|p1a: Porygon2|Ice Beam|p2b: Basculegion
|-resisted|p2b: Basculegion
|-damage|p2b: Basculegion|33/100
|
|-weather|SunnyDay|[upkeep]
|upkeep
|
|t:|1756511870
|switch|p2a: Ninetales|Ninetales-Alola, L50, M|100/100
|-weather|Snowscape|[from] ability: Snow Warning|[of] p2a: Ninetales
|turn|4
|
|t:|1756511891
|switch|p1a: Incineroar|Incineroar, L50, F|100/100
|-ability|p1a: Incineroar|Intimidate|boost
|-unboost|p2a: Ninetales|atk|1
|-unboost|p2b: Basculegion|atk|1
|-terastallize|p2a: Ninetales|Ghost
|move|p1b: Torkoal|Overheat|p2b: Basculegion
|-resisted|p2b: Basculegion
|-damage|p2b: Basculegion|2/100
|-unboost|p1b: Torkoal|spa|2
|-enditem|p1b: Torkoal|Eject Pack
|
|t:|1756511898
|switch|p1b: Porygon2|Porygon2, L50|57/100
|-ability|p1b: Porygon2|Download|boost
|-boost|p1b: Porygon2|atk|1
|move|p2a: Ninetales|Blizzard|p1a: Incineroar|[spread] p1a,p1b
|-resisted|p1a: Incineroar
|-damage|p1a: Incineroar|87/100
|-damage|p1b: Porygon2|38/100
|move|p2b: Basculegion|Wave Crash|p1b: Porygon2
|-damage|p1b: Porygon2|8/100
|-damage|p2b: Basculegion|0 fnt|[from] Recoil
|faint|p2b: Basculegion
|
|-weather|Snowscape|[upkeep]
|upkeep
|turn|5
|
|t:|1756511906
|move|p2a: Ninetales|Protect|p2a: Ninetales
|-singleturn|p2a: Ninetales|Protect
|move|p1a: Incineroar|Fake Out|p2a: Ninetales
|-activate|p2a: Ninetales|move: Protect
|move|p1b: Porygon2|Recover|p1b: Porygon2
|-heal|p1b: Porygon2|58/100
|
|-weather|Snowscape|[upkeep]
|-fieldend|move: Trick Room
|upkeep
|turn|6
|
|t:|1756511911
|move|p2a: Ninetales|Blizzard|p1a: Incineroar|[spread] p1a,p1b
|-resisted|p1a: Incineroar
|-damage|p1a: Incineroar|72/100
|-damage|p1b: Porygon2|37/100
|move|p1a: Incineroar|Knock Off|p2a: Ninetales
|-supereffective|p2a: Ninetales
|-enditem|p2a: Ninetales|Focus Sash
|-damage|p2a: Ninetales|1/100
|move|p1b: Porygon2|Recover|p1b: Porygon2
|-heal|p1b: Porygon2|87/100
|
|-weather|Snowscape|[upkeep]
|upkeep
|turn|7
|
|t:|1756511917
|move|p2a: Ninetales|Blizzard|p1a: Incineroar|[spread] p1a,p1b
|-resisted|p1a: Incineroar
|-damage|p1a: Incineroar|56/100
|-damage|p1b: Porygon2|67/100
|-status|p1a: Incineroar|frz
|cant|p1a: Incineroar|frz
|move|p1b: Porygon2|Ice Beam|p2a: Ninetales
|-damage|p2a: Ninetales|0 fnt
|faint|p2a: Ninetales
|
|win|gene takavic
|raw|gene takavic's rating: 1191 → 1218(+27 for winning)
|raw|Maybe ALTcom's rating: 1225 → 1198(-27 for losing)
