|j|☆Vuultur
|j|☆elmono11
|html|Vuulturelmono11    
|uhtml|bestof|Game 1 of a best-of-3
|t:|1756762627
|gametype|doubles
|player|p1|Vuultur|hilbert-wonderlauncher|1310
|player|p2|elmono11|ghetsis|1321
|gen|9
|tier|[Gen 9] VGC 2025 Reg H (Bo3)
|rated|
|rule|Species Clause: Limit one of each Pokémon
|rule|Item Clause: Limit 1 of each item
|clearpoke
|poke|p1|Gholdengo, L50|
|poke|p1|Amoonguss, L50, M|
|poke|p1|Basculegion, L50, M|
|poke|p1|Pelipper, L50, M|
|poke|p1|Incineroar, L50, M|
|poke|p1|Archaludon, L50, M|
|poke|p2|Gholdengo, L50|
|poke|p2|Sneasler, L50, M|
|poke|p2|Rillaboom, L50, M|
|poke|p2|Dragonite, L50, M|
|poke|p2|Ninetales-Alola, L50, F|
|poke|p2|Arcanine-Hisui, L50, F|
|teampreview|4
|showteam|p1|Gholdengo||LifeOrb|GoodasGold|MakeItRain,ShadowBall,NastyPlot,Protect||||||50|,,,,,Water]Amoonguss||SitrusBerry|Regenerator|Spore,RagePowder,PollenPuff,ClearSmog|||M|||50|,,,,,Psychic]Basculegion||ChoiceBand|SwiftSwim|WaveCrash,FlipTurn,LastRespects,AquaJet|||M|||50|,,,,,Water]Pelipper||FocusSash|Drizzle|WeatherBall,Hurricane,Tailwind,Protect|||M|||50|,,,,,Ground]Incineroar||SafetyGoggles|Intimidate|FlareBlitz,KnockOff,PartingShot,FakeOut|||M|||50|,,,,,Ghost]Archaludon||AssaultVest|Stamina|ElectroShot,FlashCannon,DracoMeteor,BodyPress|||M|||50|,,,,,Bug
|showteam|p2|Gholdengo||GrassySeed|GoodasGold|NastyPlot,MakeItRain,ShadowBall,Protect||||||50|,,,,,Water]Sneasler||WhiteHerb|Unburden|CloseCombat,DireClaw,Coaching,Protect|||M|||50|,,,,,Ghost]Rillaboom||AssaultVest|GrassySurge|FakeOut,GrassyGlide,DrumBeating,HighHorsepower|||M|||50|,,,,,Fire]Dragonite||LoadedDice|Multiscale|ScaleShot,IceSpinner,Haze,Protect|||M|||50|,,,,,Steel]Ninetales-Alola||FocusSash|SnowWarning|Blizzard,IcyWind,Encore,AuroraVeil|||F|||50|,,,,,Ghost]Arcanine-Hisui||ClearAmulet|Intimidate|RockSlide,FlareBlitz,ExtremeSpeed,Protect|||F|||50|,,,,,Water
|
|t:|1756762690
|teamsize|p1|4
|teamsize|p2|4
|start
|switch|p1a: Incineroar|Incineroar, L50, M|100/100
|switch|p1b: Gholdengo|Gholdengo, L50|100/100
|switch|p2a: Gholdengo|Gholdengo, L50|100/100
|switch|p2b: Rillaboom|Rillaboom, L50, M|100/100
|-fieldstart|move: Grassy Terrain|[from] ability: Grassy Surge|[of] p2b: Rillaboom
|-enditem|p2a: Gholdengo|Grassy Seed
|-boost|p2a: Gholdengo|def|1|[from] item: Grassy Seed
|-ability|p1a: Incineroar|Intimidate|boost
|-unboost|p2a: Gholdengo|atk|1
|-unboost|p2b: Rillaboom|atk|1
|turn|1
|
|t:|1756762729
|switch|p1a: Archaludon|Archaludon, L50, M|100/100
|-terastallize|p2a: Gholdengo|Water
|move|p2b: Rillaboom|Drum Beating|p1b: Gholdengo
|-resisted|p1b: Gholdengo
|-damage|p1b: Gholdengo|83/100
|-unboost|p1b: Gholdengo|spe|1
|move|p2a: Gholdengo|Nasty Plot|p2a: Gholdengo
|-boost|p2a: Gholdengo|spa|2
|move|p1b: Gholdengo|Shadow Ball|p2a: Gholdengo
|-damage|p2a: Gholdengo|51/100
|-damage|p1b: Gholdengo|74/100|[from] item: Life Orb
|
|-heal|p2a: Gholdengo|57/100|[from] Grassy Terrain
|-heal|p1b: Gholdengo|80/100|[from] Grassy Terrain
|upkeep
|turn|2
|
|t:|1756762751
|switch|p1b: Pelipper|Pelipper, L50, M|100/100
|-weather|RainDance|[from] ability: Drizzle|[of] p1b: Pelipper
|move|p2a: Gholdengo|Protect|p2a: Gholdengo
|-singleturn|p2a: Gholdengo|Protect
|move|p2b: Rillaboom|High Horsepower|p1a: Archaludon
|-supereffective|p1a: Archaludon
|-damage|p1a: Archaludon|71/100
|-ability|p1a: Archaludon|Stamina|boost
|-boost|p1a: Archaludon|def|1
|move|p1a: Archaludon|Electro Shot||[still]
|-prepare|p1a: Archaludon|Electro Shot
|-boost|p1a: Archaludon|spa|1
|-anim|p1a: Archaludon|Electro Shot|p2a: Gholdengo
|-activate|p2a: Gholdengo|move: Protect
|
|-weather|RainDance|[upkeep]
|-heal|p2a: Gholdengo|64/100|[from] Grassy Terrain
|-heal|p1a: Archaludon|77/100|[from] Grassy Terrain
|upkeep
|turn|3
|
|t:|1756762792
|move|p2b: Rillaboom|Drum Beating|p1b: Pelipper
|-damage|p1b: Pelipper|59/100
|-unboost|p1b: Pelipper|spe|1
|move|p2a: Gholdengo|Shadow Ball|p1a: Archaludon
|-damage|p1a: Archaludon|14/100
|-ability|p1a: Archaludon|Stamina|boost
|-boost|p1a: Archaludon|def|1
|move|p1a: Archaludon|Draco Meteor|p2a: Gholdengo
|-damage|p2a: Gholdengo|0 fnt
|-unboost|p1a: Archaludon|spa|2
|faint|p2a: Gholdengo
|move|p1b: Pelipper|Weather Ball|p2b: Rillaboom
|-resisted|p2b: Rillaboom
|-damage|p2b: Rillaboom|74/100
|
|-weather|RainDance|[upkeep]
|-heal|p2b: Rillaboom|79/100|[from] Grassy Terrain
|-heal|p1a: Archaludon|20/100|[from] Grassy Terrain
|upkeep
|
|t:|1756762810
|switch|p2a: Ninetales|Ninetales-Alola, L50, F|100/100
|-weather|Snowscape|[from] ability: Snow Warning|[of] p2a: Ninetales
|turn|4
|
|t:|1756762843
|switch|p2b: Sneasler|Sneasler, L50, M|100/100
|switch|p1a: Incineroar|Incineroar, L50, M|100/100
|-ability|p1a: Incineroar|Intimidate|boost
|-unboost|p2a: Ninetales|atk|1
|-unboost|p2b: Sneasler|atk|1
|-enditem|p2b: Sneasler|White Herb
|-clearnegativeboost|p2b: Sneasler|[silent]
|move|p1b: Pelipper|Protect|p1b: Pelipper
|-singleturn|p1b: Pelipper|Protect
|move|p2a: Ninetales|Blizzard|p1b: Pelipper|[spread] p1a
|-activate|p1b: Pelipper|move: Protect
|-resisted|p1a: Incineroar
|-damage|p1a: Incineroar|87/100
|
|-weather|Snowscape|[upkeep]
|-heal|p1a: Incineroar|93/100|[from] Grassy Terrain
|upkeep
|turn|5
|
|t:|1756762871
|move|p1a: Incineroar|Fake Out|p2b: Sneasler
|-damage|p2b: Sneasler|84/100
|cant|p2b: Sneasler|flinch
|move|p2a: Ninetales|Blizzard|p1b: Pelipper|[spread] p1a,p1b
|-resisted|p1a: Incineroar
|-damage|p1a: Incineroar|79/100
|-damage|p1b: Pelipper|7/100
|move|p1b: Pelipper|Tailwind|p1b: Pelipper
|-sidestart|p1: Vuultur|move: Tailwind
|
|-weather|Snowscape|[upkeep]
|-heal|p2b: Sneasler|90/100|[from] Grassy Terrain
|-heal|p1a: Incineroar|85/100|[from] Grassy Terrain
|-fieldend|move: Grassy Terrain
|upkeep
|turn|6
|
|t:|1756762905
|-terastallize|p1a: Incineroar|Ghost
|move|p2b: Sneasler|Close Combat|p1a: Incineroar
|-immune|p1a: Incineroar
|move|p2a: Ninetales|Blizzard|p1a: Incineroar|[spread] p1a,p1b
|-crit|p1b: Pelipper
|-damage|p1a: Incineroar|55/100
|-damage|p1b: Pelipper|0 fnt
|faint|p1b: Pelipper
|move|p1a: Incineroar|Flare Blitz|p2b: Sneasler
|-damage|p2b: Sneasler|23/100
|-damage|p1a: Incineroar|35/100|[from] Recoil
|
|-weather|Snowscape|[upkeep]
|upkeep
|
|t:|1756762916
|switch|p1b: Gholdengo|Gholdengo, L50|80/100
|turn|7
|inactive|Battle timer is ON: inactive players will automatically lose when time's up. (requested by Vuultur)
|
|t:|1756762971
|switch|p1a: Archaludon|Archaludon, L50, M|20/100
|move|p2b: Sneasler|Dire Claw|p1a: Archaludon
|-immune|p1a: Archaludon
|move|p1b: Gholdengo|Make It Rain|p2b: Sneasler|[spread] p2a,p2b
|-supereffective|p2a: Ninetales
|-enditem|p2a: Ninetales|Focus Sash
|-damage|p2a: Ninetales|1/100
|-damage|p2b: Sneasler|0 fnt
|-unboost|p1b: Gholdengo|spa|1
|faint|p2b: Sneasler
|-damage|p1b: Gholdengo|70/100|[from] item: Life Orb
|move|p2a: Ninetales|Blizzard|p1b: Gholdengo|[spread] p1a,p1b
|-resisted|p1b: Gholdengo
|-damage|p1a: Archaludon|0 fnt
|-damage|p1b: Gholdengo|53/100
|faint|p1a: Archaludon
|
|-weather|Snowscape|[upkeep]
|upkeep
|
|t:|1756762986
|switch|p2b: Rillaboom|Rillaboom, L50, M|79/100
|switch|p1a: Incineroar|Incineroar, L50, M, tera:Ghost|35/100
|-ability|p1a: Incineroar|Intimidate|boost
|-unboost|p2a: Ninetales|atk|1
|-unboost|p2b: Rillaboom|atk|1
|-fieldstart|move: Grassy Terrain|[from] ability: Grassy Surge|[of] p2b: Rillaboom
|turn|8
|inactive|Vuultur has 30 seconds left.
|inactive|Vuultur has 20 seconds left.
|inactive|Vuultur has 15 seconds left.
|inactive|Vuultur has 10 seconds left.
|inactive|Vuultur has 5 seconds left.
|
|t:|1756763040
|move|p1b: Gholdengo|Shadow Ball|p2a: Ninetales
|-damage|p2a: Ninetales|0 fnt
|faint|p2a: Ninetales
|-damage|p1b: Gholdengo|43/100|[from] item: Life Orb
|move|p1a: Incineroar|Flare Blitz|p2b: Rillaboom
|-supereffective|p2b: Rillaboom
|-damage|p2b: Rillaboom|0 fnt
|faint|p2b: Rillaboom
|-damage|p1a: Incineroar|11/100|[from] Recoil
|
|win|Vuultur
|inactive|Vuultur has 29 seconds to confirm battle start!
|inactive|elmono11 has 29 seconds to confirm battle start!
||Vuultur is ready for game 2.
||elmono11 is ready for game 2.
|uhtml|next|Next: Game 2 of 3
