|j|☆luckstat10
|j|☆JingoVGC
|html|luckstat10JingoVGC    
|uhtml|bestof|Game 2 of a best-of-3
|t:|1784585629
|gametype|doubles
|player|p1|luckstat10|dawn|1118
|player|p2|JingoVGC|iris-gen5bw2|1168
|gen|9
|tier|[Gen 9 Champions] VGC 2026 Reg M-B (Bo3)
|rated|
|rule|Species Clause: Limit one of each Pokémon
|rule|Item Clause: Limit 1 of each item
|clearpoke
|poke|p1|Charizard, L50, F|
|poke|p1|Venusaur, L50, M|
|poke|p1|Garchomp, L50, M|
|poke|p1|Incineroar, L50, M, shiny|
|poke|p1|Milotic, L50, F, shiny|
|poke|p1|Whimsicott, L50, F, shiny|
|poke|p2|Gengar, L50, M, shiny|
|poke|p2|Incineroar, L50, M, shiny|
|poke|p2|Toxapex, L50, M, shiny|
|poke|p2|Sinistcha, L50|
|poke|p2|Lycanroc-Dusk, L50, M, shiny|
|poke|p2|Vivillon-Icy Snow, L50, F, shiny|
|teampreview|4
|showteam|p1|Charizard||CharizarditeY|Blaze|HeatWave,WeatherBall,SolarBeam,Protect|Timid||F|||50|]Venusaur||MiracleSeed|Chlorophyll|EnergyBall,SludgeBomb,SleepPowder,Protect|Modest||M|||50|]Garchomp||LifeOrb|RoughSkin|DragonClaw,RockSlide,Earthquake,Protect|Jolly||M|||50|]Incineroar||SitrusBerry|Intimidate|FakeOut,PartingShot,Taunt,FlareBlitz|Impish||M|||50|]Milotic||MysticWater|Competitive|Scald,IceBeam,Recover,Protect|Modest||F|||50|]Whimsicott||FocusSash|Prankster|Tailwind,Moonblast,Encore,Protect|Timid||F|||50|
|showteam|p2|Gengar||Gengarite|CursedBody|Protect,PerishSong,Disable,ShadowBall|Bold||M|||50|]Incineroar||PasshoBerry|Intimidate|Protect,FakeOut,DarkestLariat,PartingShot|Sassy||M|||50|]Toxapex||Leftovers|Regenerator|BanefulBunker,Infestation,Toxic,WideGuard|Relaxed||M|||50|]Sinistcha||SitrusBerry|Hospitality|Protect,RagePowder,MatchaGotcha,StrengthSap|Bold|||||50|]Lycanroc-Dusk||FocusSash|ToughClaws|Protect,RockSlide,Accelerock,Snarl|Jolly||M|||50|]Vivillon-Icy Snow||WideLens|CompoundEyes|Protect,PollenPuff,RagePowder,SleepPowder|Timid||F|||50|
|inactive|Battle timer is ON: inactive players will automatically lose when time's up. (requested by JingoVGC)
|inactive|luckstat10 has 60 seconds left.
|
|t:|1784585674
|teamsize|p1|4
|teamsize|p2|4
|start
|switch|p1a: Whimsicott|Whimsicott, L50, F, shiny|100/100
|switch|p1b: Milotic|Milotic, L50, F, shiny|100/100
|switch|p2a: Gengar|Gengar, L50, M, shiny|100/100
|switch|p2b: Incineroar|Incineroar, L50, M, shiny|100/100
|-ability|p2b: Incineroar|Intimidate|boost
|-unboost|p1a: Whimsicott|atk|1
|-unboost|p1b: Milotic|atk|1
|-ability|p1b: Milotic|Competitive|boost
|-boost|p1b: Milotic|spa|2
|turn|1
|inactive|JingoVGC has 30 seconds left.
|
|t:|1784585701
|detailschange|p2a: Gengar|Gengar-Mega, L50, M, shiny
|-mega|p2a: Gengar|Gengar|Gengarite
|move|p2b: Incineroar|Fake Out|p1b: Milotic
|-damage|p1b: Milotic|89/100
|move|p1a: Whimsicott|Tailwind|p1a: Whimsicott
|-sidestart|p1: luckstat10|move: Tailwind
|cant|p1b: Milotic|flinch
|move|p2a: Gengar|Perish Song|p2a: Gengar
|-start|p1a: Whimsicott|perish3|[silent]
|-start|p1b: Milotic|perish3|[silent]
|-start|p2a: Gengar|perish3|[silent]
|-start|p2b: Incineroar|perish3|[silent]
|-fieldactivate|move: Perish Song
|
|-start|p1a: Whimsicott|perish3
|-start|p1b: Milotic|perish3
|-start|p2a: Gengar|perish3
|-start|p2b: Incineroar|perish3
|upkeep
|turn|2
|inactive|JingoVGC has 30 seconds left.
|
|t:|1784585730
|switch|p2b: Sinistcha|Sinistcha, L50|100/100
|move|p2a: Gengar|Protect|p2a: Gengar
|-singleturn|p2a: Gengar|Protect
|move|p1a: Whimsicott|Encore|p2a: Gengar
|-activate|p2a: Gengar|move: Protect
|move|p1b: Milotic|Scald|p2b: Sinistcha
|-resisted|p2b: Sinistcha|1
|-damage|p2b: Sinistcha|60/100
|
|-start|p1a: Whimsicott|perish2
|-start|p1b: Milotic|perish2
|-start|p2a: Gengar|perish2
|upkeep
|turn|3
|inactive|JingoVGC has 30 seconds left.
|
|t:|1784585758
|switch|p2a: Toxapex|Toxapex, L50, M, shiny|100/100
|move|p2b: Sinistcha|Protect|p2b: Sinistcha
|-singleturn|p2b: Sinistcha|Protect
|move|p1a: Whimsicott|Moonblast|p2b: Sinistcha
|-activate|p2b: Sinistcha|move: Protect
|move|p1b: Milotic|Scald|p2a: Toxapex
|-resisted|p2a: Toxapex|1
|-damage|p2a: Toxapex|70/100
|
|-heal|p2a: Toxapex|76/100|[from] item: Leftovers
|-start|p1a: Whimsicott|perish1
|-start|p1b: Milotic|perish1
|upkeep
|turn|4
|
|t:|1784585772
|switch|p1a: Menace >:3|Garchomp, L50, M|100/100
|switch|p1b: Surtur|Charizard, L50, F|100/100
|switch|p2b: Gengar|Gengar-Mega, L50, M, shiny|100/100
|-heal|p2a: Toxapex|100/100|[from] ability: Regenerator|[silent]
|switch|p2a: Incineroar|Incineroar, L50, M, shiny|100/100
|-ability|p2a: Incineroar|Intimidate|boost
|-unboost|p1a: Menace >:3|atk|1
|-unboost|p1b: Surtur|atk|1
|
|-sideend|p1: luckstat10|move: Tailwind
|upkeep
|turn|5
|
|t:|1784585790
|detailschange|p1b: Surtur|Charizard-Mega-Y, L50, F
|-mega|p1b: Surtur|Charizard|Charizardite Y
|-weather|SunnyDay|[from] ability: Drought|[of] p1b: Surtur
|move|p2a: Incineroar|Fake Out|p1a: Menace >:3
|-damage|p1a: Menace >:3|89/100
|-damage|p2a: Incineroar|87/100|[from] ability: Rough Skin|[of] p1a: Menace >:3
|cant|p1a: Menace >:3|flinch
|move|p1b: Surtur|Weather Ball|p2b: Gengar
|-damage|p2b: Gengar|11/100
|move|p2b: Gengar|Perish Song|p2b: Gengar
|-start|p1a: Menace >:3|perish3|[silent]
|-start|p1b: Surtur|perish3|[silent]
|-start|p2a: Incineroar|perish3|[silent]
|-start|p2b: Gengar|perish3|[silent]
|-fieldactivate|move: Perish Song
|
|-weather|SunnyDay|[upkeep]
|-start|p1a: Menace >:3|perish3
|-start|p1b: Surtur|perish3
|-start|p2b: Gengar|perish3
|-start|p2a: Incineroar|perish3
|upkeep
|turn|6
|inactive|JingoVGC has 30 seconds left.
|
|t:|1784585825
|move|p2b: Gengar|Protect|p2b: Gengar
|-singleturn|p2b: Gengar|Protect
|move|p1a: Menace >:3|Earthquake|p2b: Gengar|[spread] p2a
|-activate|p2b: Gengar|move: Protect
|-immune|p1b: Surtur
|-supereffective|p2a: Incineroar|1
|-damage|p2a: Incineroar|36/100
|-damage|p1a: Menace >:3|79/100|[from] item: Life Orb
|move|p1b: Surtur|Heat Wave|p2b: Gengar|[spread] 
|-activate|p2b: Gengar|move: Protect
|-miss|p1b: Surtur|p2a: Incineroar
|move|p2a: Incineroar|Parting Shot|p1b: Surtur
|-unboost|p1b: Surtur|atk|1
|-unboost|p1b: Surtur|spa|1
|
|t:|1784585842
|switch|p2a: Sinistcha|Sinistcha, L50|60/100|[from] Parting Shot
|-heal|p2b: Gengar|36/100|[from] ability: Hospitality|[of] p2a: Sinistcha
|
|-weather|SunnyDay|[upkeep]
|-start|p1a: Menace >:3|perish2
|-start|p1b: Surtur|perish2
|-start|p2b: Gengar|perish2
|upkeep
|turn|7
|inactive|JingoVGC has 30 seconds left.
|inactive|JingoVGC has 20 seconds left.
|inactive|JingoVGC has 15 seconds left.
|
|t:|1784585885
|switch|p2b: Toxapex|Toxapex, L50, M, shiny|100/100
|move|p1a: Menace >:3|Protect|p1a: Menace >:3
|-singleturn|p1a: Menace >:3|Protect
|move|p1b: Surtur|Protect|p1b: Surtur
|-singleturn|p1b: Surtur|Protect
|move|p2a: Sinistcha|Rage Powder|p2a: Sinistcha
|-singleturn|p2a: Sinistcha|move: Rage Powder
|
|-weather|SunnyDay|[upkeep]
|-start|p1a: Menace >:3|perish1
|-start|p1b: Surtur|perish1
|upkeep
|turn|8
|c|☆JingoVGC|smart
|
|t:|1784585908
|switch|p1a: Whimsicott|Whimsicott, L50, F, shiny|100/100
|switch|p1b: Milotic|Milotic, L50, F, shiny|89/100
|move|p2a: Sinistcha|Protect|p2a: Sinistcha
|-singleturn|p2a: Sinistcha|Protect
|move|p2b: Toxapex|Toxic|p1b: Milotic
|-status|p1b: Milotic|tox
|
|-weather|SunnyDay|[upkeep]
|-damage|p1b: Milotic|83/100 tox|[from] psn
|upkeep
|turn|9
|
|t:|1784585930
|move|p1a: Whimsicott|Tailwind|p1a: Whimsicott
|-sidestart|p1: luckstat10|move: Tailwind
|move|p1b: Milotic|Ice Beam|p2a: Sinistcha
|-supereffective|p2a: Sinistcha|1
|-damage|p2a: Sinistcha|16/100
|-enditem|p2a: Sinistcha|Sitrus Berry|[eat]
|-heal|p2a: Sinistcha|41/100|[from] item: Sitrus Berry
|move|p2a: Sinistcha|Matcha Gotcha|p1a: Whimsicott|[spread] p1a,p1b
|-resisted|p1a: Whimsicott|1
|-supereffective|p1b: Milotic|1
|-damage|p1a: Whimsicott|79/100
|-heal|p2a: Sinistcha|48/100|[from] drain|[of] p1a: Whimsicott
|-damage|p1b: Milotic|52/100 tox
|-heal|p2a: Sinistcha|66/100|[from] drain|[of] p1b: Milotic
|move|p2b: Toxapex|Infestation|p1b: Milotic
|-damage|p1b: Milotic|49/100 tox
|-activate|p1b: Milotic|move: Infestation|[of] p2b: Toxapex
|
|-weather|none
|-damage|p1b: Milotic|37/100 tox|[from] psn
|-damage|p1b: Milotic|25/100 tox|[from] move: Infestation|[partiallytrapped]
|upkeep
|turn|10
|inactive|JingoVGC has 30 seconds left.
|
|t:|1784585956
|move|p2a: Sinistcha|Protect|p2a: Sinistcha
|-singleturn|p2a: Sinistcha|Protect
|move|p1a: Whimsicott|Moonblast|p2a: Sinistcha
|-activate|p2a: Sinistcha|move: Protect
|move|p1b: Milotic|Ice Beam|p2a: Sinistcha
|-activate|p2a: Sinistcha|move: Protect
|move|p2b: Toxapex|Toxic|p1a: Whimsicott
|-status|p1a: Whimsicott|tox
|
|-damage|p1a: Whimsicott|73/100 tox|[from] psn
|-damage|p1b: Milotic|7/100 tox|[from] psn
|-damage|p1b: Milotic|0 fnt|[from] move: Infestation|[partiallytrapped]
|faint|p1b: Milotic
|upkeep
|
|t:|1784585962
|switch|p1b: Surtur|Charizard-Mega-Y, L50, F|100/100
|-weather|SunnyDay|[from] ability: Drought|[of] p1b: Surtur
|turn|11
|inactive|JingoVGC has 30 seconds left.
|
|t:|1784585988
|switch|p2a: Incineroar|Incineroar, L50, M, shiny|36/100
|-ability|p2a: Incineroar|Intimidate|boost
|-unboost|p1a: Whimsicott|atk|1
|-unboost|p1b: Surtur|atk|1
|move|p1a: Whimsicott|Moonblast|p2b: Toxapex
|-resisted|p2b: Toxapex|1
|-damage|p2b: Toxapex|87/100
|move|p1b: Surtur|Weather Ball|p2a: Incineroar
|-resisted|p2a: Incineroar|1
|-damage|p2a: Incineroar|0 fnt
|faint|p2a: Incineroar
|move|p2b: Toxapex|Toxic|p1b: Surtur
|-status|p1b: Surtur|tox
|
|-weather|SunnyDay|[upkeep]
|-heal|p2b: Toxapex|92/100|[from] item: Leftovers
|-damage|p1a: Whimsicott|62/100 tox|[from] psn
|-damage|p1b: Surtur|94/100 tox|[from] psn
|upkeep
|
|t:|1784586003
|switch|p2a: Gengar|Gengar-Mega, L50, M, shiny|36/100
|turn|12
|
|t:|1784586025
|move|p2a: Gengar|Protect|p2a: Gengar
|-singleturn|p2a: Gengar|Protect
|move|p1a: Whimsicott|Moonblast|p2b: Toxapex
|-resisted|p2b: Toxapex|1
|-damage|p2b: Toxapex|80/100
|move|p1b: Surtur|Solar Beam||[still]
|-prepare|p1b: Surtur|Solar Beam
|-anim|p1b: Surtur|Solar Beam|p2b: Toxapex
|-damage|p2b: Toxapex|45/100
|move|p2b: Toxapex|Infestation|p1b: Surtur
|-resisted|p1b: Surtur|2
|-damage|p1b: Surtur|93/100 tox
|-activate|p1b: Surtur|move: Infestation|[of] p2b: Toxapex
|
|-weather|SunnyDay|[upkeep]
|-heal|p2b: Toxapex|50/100g|[from] item: Leftovers
|-damage|p1a: Whimsicott|44/100 tox|[from] psn
|-damage|p1b: Surtur|81/100 tox|[from] psn
|-damage|p1b: Surtur|69/100 tox|[from] move: Infestation|[partiallytrapped]
|-sideend|p1: luckstat10|move: Tailwind
|upkeep
|turn|13
|inactive|JingoVGC has 30 seconds left.
|inactive|JingoVGC has 20 seconds left.
|
|t:|1784586061
|switch|p2a: Sinistcha|Sinistcha, L50|66/100
|-heal|p2b: Toxapex|75/100|[from] ability: Hospitality|[of] p2a: Sinistcha
|move|p2b: Toxapex|Wide Guard|p2b: Toxapex
|-singleturn|p2b: Toxapex|Wide Guard
|move|p1a: Whimsicott|Tailwind|p1a: Whimsicott
|-sidestart|p1: luckstat10|move: Tailwind
|move|p1b: Surtur|Weather Ball|p2a: Sinistcha
|-supereffective|p2a: Sinistcha|1
|-damage|p2a: Sinistcha|0 fnt
|faint|p2a: Sinistcha
|
|-weather|SunnyDay|[upkeep]
|-heal|p2b: Toxapex|81/100|[from] item: Leftovers
|-damage|p1a: Whimsicott|21/100 tox|[from] psn
|-damage|p1b: Surtur|52/100 tox|[from] psn
|-damage|p1b: Surtur|40/100 tox|[from] move: Infestation|[partiallytrapped]
|upkeep
|
|t:|1784586077
|switch|p2a: Gengar|Gengar-Mega, L50, M, shiny|36/100
|turn|14
|
|t:|1784586101
|move|p2a: Gengar|Protect|p2a: Gengar
|-singleturn|p2a: Gengar|Protect
|move|p2b: Toxapex|Baneful Bunker|p2b: Toxapex
|-singleturn|p2b: Toxapex|move: Protect
|move|p1a: Whimsicott|Encore|p2b: Toxapex
|-activate|p2b: Toxapex|move: Protect
|move|p1b: Surtur|Weather Ball|p2a: Gengar
|-activate|p2a: Gengar|move: Protect
|
|-weather|SunnyDay|[upkeep]
|-heal|p2b: Toxapex|87/100|[from] item: Leftovers
|-damage|p1a: Whimsicott|0 fnt|[from] psn
|faint|p1a: Whimsicott
|-damage|p1b: Surtur|16/100 tox|[from] psn
|-damage|p1b: Surtur|4/100 tox|[from] move: Infestation|[partiallytrapped]
|upkeep
|
|t:|1784586103
|switch|p1a: Menace >:3|Garchomp, L50, M|79/100
|turn|15
|
|t:|1784586121
|move|p2a: Gengar|Protect|p2a: Gengar
|-singleturn|p2a: Gengar|Protect
|move|p1a: Menace >:3|Dragon Claw|p2a: Gengar
|-activate|p2a: Gengar|move: Protect
|move|p1b: Surtur|Solar Beam||[still]
|-prepare|p1b: Surtur|Solar Beam
|-anim|p1b: Surtur|Solar Beam|p2b: Toxapex
|-damage|p2b: Toxapex|49/100
|move|p2b: Toxapex|Toxic|p1a: Menace >:3
|-status|p1a: Menace >:3|tox
|
|-weather|none
|-heal|p2b: Toxapex|54/100|[from] item: Leftovers
|-damage|p1a: Menace >:3|73/100 tox|[from] psn
|-damage|p1b: Surtur|0 fnt|[from] psn
|faint|p1b: Surtur
|upkeep
|turn|16
|inactive|JingoVGC has 30 seconds left.
|inactive|JingoVGC has 20 seconds left.
|
|t:|1784586144
|move|p2b: Toxapex|Wide Guard|p2b: Toxapex
|-singleturn|p2b: Toxapex|Wide Guard
|move|p1a: Menace >:3|Dragon Claw|p2a: Gengar
|-damage|p2a: Gengar|0 fnt
|faint|p2a: Gengar
|-damage|p1a: Menace >:3|63/100 tox|[from] item: Life Orb
|
|-heal|p2b: Toxapex|60/100|[from] item: Leftovers
|-damage|p1a: Menace >:3|51/100 tox|[from] psn
|-sideend|p1: luckstat10|move: Tailwind
|upkeep
|turn|17
|inactive|JingoVGC has 20 seconds left this turn.
|inactive|JingoVGC has 15 seconds left.
|inactive|JingoVGC has 10 seconds left.
|
|t:|1784586155
|move|p2b: Toxapex|Baneful Bunker|p2b: Toxapex
|-singleturn|p2b: Toxapex|move: Protect
|move|p1a: Menace >:3|Earthquake|p2b: Toxapex
|-activate|p2b: Toxapex|move: Protect
|
|-heal|p2b: Toxapex|66/100|[from] item: Leftovers
|-damage|p1a: Menace >:3|34/100 tox|[from] psn
|upkeep
|turn|18
|inactive|JingoVGC has 10 seconds left this turn.
|inactive|JingoVGC has 5 seconds left.
|
|t:|1784586163
|move|p1a: Menace >:3|Earthquake|p2b: Toxapex
|-supereffective|p2b: Toxapex|1
|-damage|p2b: Toxapex|0 fnt
|faint|p2b: Toxapex
|-damage|p1a: Menace >:3|24/100 tox|[from] item: Life Orb
|
|win|luckstat10
|raw|luckstat10's rating: 1118 → 1147(+29 for winning)
|raw|JingoVGC's rating: 1168 → 1139(-29 for losing)
|l|☆JingoVGC
|player|p2|
