|j|☆k8mck
|j|☆Sr. Sotomonte
|html|k8mckSr. Sotomonte    
|uhtml|bestof|Game 2 of a best-of-3
|t:|1756611320
|gametype|doubles
|player|p1|k8mck|170|1044
|player|p2|Sr. Sotomonte|hiker-gen4|1000
|gen|9
|tier|[Gen 9] VGC 2025 Reg H (Bo3)
|rated|
|rule|Species Clause: Limit one of each Pokémon
|rule|Item Clause: Limit 1 of each item
|clearpoke
|poke|p1|Sneasler, L50, F|
|poke|p1|Ursaluna-Bloodmoon, L50, M|
|poke|p1|Volcarona, L50, F|
|poke|p1|Whimsicott, L50, M|
|poke|p1|Typhlosion-Hisui, L50, F|
|poke|p1|Indeedee, L50, M|
|poke|p2|Politoed, L50, M|
|poke|p2|Archaludon, L50, F|
|poke|p2|Kingdra, L50, M|
|poke|p2|Incineroar, L50, F|
|poke|p2|Amoonguss, L50, F|
|poke|p2|Gothitelle, L50, F|
|teampreview|4
|showteam|p1|Sneasler||PsychicSeed|Unburden|Protect,ThroatChop,DireClaw,CloseCombat|||F|||50|,,,,,Dark]Ursaluna-Bloodmoon||LifeOrb|MindsEye|EarthPower,BloodMoon,Protect,HyperVoice|||M|||50|,,,,,Ghost]Volcarona||SitrusBerry|FlameBody|FieryDance,GigaDrain,RagePowder,Protect|||F|||50|,,,,,Water]Whimsicott||CovertCloak|Prankster|SunnyDay,LightScreen,Tailwind,Moonblast|||M|||50|,,,,,Poison]Typhlosion-Hisui||ChoiceSpecs|Blaze|Eruption,ShadowBall,HeatWave,Overheat|||F|||50|,,,,,Fire]Indeedee||FocusSash|PsychicSurge|Protect,HelpingHand,TrickRoom,ExpandingForce|||M|||50|,,,,,Fairy
|showteam|p2|Politoed||Leftovers|Drizzle|Protect,WeatherBall,PerishSong,Encore|||M|||50|,,,,,Grass]Archaludon||PowerHerb|Sturdy|Protect,ElectroShot,FlashCannon,DragonPulse|||F|||50|,,,,,Electric]Kingdra||LifeOrb|SwiftSwim|Protect,DracoMeteor,WeatherBall,MuddyWater|||M|||50|,,,,,Stellar]Incineroar||SafetyGoggles|Intimidate|FakeOut,KnockOff,PartingShot,Protect|||F|||50|,,,,,Ghost]Amoonguss||EjectButton|Regenerator|Protect,RagePowder,Spore,PollenPuff|||F|||50|,,,,,Fairy]Gothitelle||SitrusBerry|ShadowTag|Protect,Psychic,FakeOut,TrickRoom|||F|||50|,,,,,Dark
|
|t:|1756611374
|teamsize|p1|4
|teamsize|p2|4
|start
|switch|p1a: Sneasler|Sneasler, L50, F|100/100
|switch|p1b: Indeedee|Indeedee, L50, M|100/100
|switch|p2a: Politoed|Politoed, L50, M|100/100
|switch|p2b: Kingdra|Kingdra, L50, M|100/100
|-fieldstart|move: Psychic Terrain|[from] ability: Psychic Surge|[of] p1b: Indeedee
|-enditem|p1a: Sneasler|Psychic Seed
|-boost|p1a: Sneasler|spd|1|[from] item: Psychic Seed
|-weather|RainDance|[from] ability: Drizzle|[of] p2a: Politoed
|turn|1
|
|t:|1756611408
|switch|p2a: Incineroar|Incineroar, L50, F|100/100
|-ability|p2a: Incineroar|Intimidate|boost
|-unboost|p1a: Sneasler|atk|1
|-unboost|p1b: Indeedee|atk|1
|move|p1a: Sneasler|Close Combat|p2a: Incineroar
|-supereffective|p2a: Incineroar
|-damage|p2a: Incineroar|7/100
|-unboost|p1a: Sneasler|def|1
|-unboost|p1a: Sneasler|spd|1
|move|p2b: Kingdra|Muddy Water|p1a: Sneasler|[spread] p1a,p1b
|-damage|p1a: Sneasler|25/100
|-damage|p1b: Indeedee|24/100
|-unboost|p1b: Indeedee|accuracy|1
|-damage|p2b: Kingdra|91/100|[from] item: Life Orb
|move|p1b: Indeedee|Expanding Force|p2a: Incineroar|[spread] 
|-immune|p2a: Incineroar
|-miss|p1b: Indeedee|p2b: Kingdra
|
|-weather|RainDance|[upkeep]
|upkeep
|turn|2
|
|t:|1756611457
|move|p1b: Indeedee|Helping Hand|p1a: Sneasler
|-singleturn|p1a: Sneasler|Helping Hand|[of] p1b: Indeedee
|move|p2a: Incineroar|Protect|p2a: Incineroar
|-singleturn|p2a: Incineroar|Protect
|move|p1a: Sneasler|Close Combat|p2b: Kingdra
|-damage|p2b: Kingdra|0 fnt
|-unboost|p1a: Sneasler|def|1
|-unboost|p1a: Sneasler|spd|1
|faint|p2b: Kingdra
|
|-weather|RainDance|[upkeep]
|upkeep
|
|t:|1756611481
|switch|p2b: Archaludon|Archaludon, L50, F|100/100
|turn|3
|
|t:|1756611504
|move|p1b: Indeedee|Helping Hand|p1a: Sneasler
|-singleturn|p1a: Sneasler|Helping Hand|[of] p1b: Indeedee
|move|p1a: Sneasler|Close Combat|p2b: Archaludon
|-supereffective|p2b: Archaludon
|-ability|p2b: Archaludon|Sturdy
|-damage|p2b: Archaludon|1/100
|-unboost|p1a: Sneasler|def|1
|-unboost|p1a: Sneasler|spd|1
|move|p2b: Archaludon|Electro Shot||[still]
|-prepare|p2b: Archaludon|Electro Shot
|-boost|p2b: Archaludon|spa|1
|-anim|p2b: Archaludon|Electro Shot|p1a: Sneasler
|-damage|p1a: Sneasler|0 fnt
|faint|p1a: Sneasler
|move|p2a: Incineroar|Knock Off|p1b: Indeedee
|-supereffective|p1b: Indeedee
|-crit|p1b: Indeedee
|-damage|p1b: Indeedee|0 fnt
|-enditem|p1b: Indeedee|Focus Sash|[from] move: Knock Off|[of] p2a: Incineroar
|faint|p1b: Indeedee
|
|-weather|RainDance|[upkeep]
|upkeep
|
|t:|1756611523
|switch|p1a: Volcarona|Volcarona, L50, F|100/100
|switch|p1b: Ursaluna|Ursaluna-Bloodmoon, L50, M|100/100
|turn|4
|
|t:|1756611570
|move|p1a: Volcarona|Rage Powder|p1a: Volcarona
|-singleturn|p1a: Volcarona|move: Rage Powder
|move|p2b: Archaludon|Electro Shot||[still]
|-prepare|p2b: Archaludon|Electro Shot
|-boost|p2b: Archaludon|spa|1
|-anim|p2b: Archaludon|Electro Shot|p1a: Volcarona
|-damage|p1a: Volcarona|28/100
|-enditem|p1a: Volcarona|Sitrus Berry|[eat]
|-heal|p1a: Volcarona|53/100|[from] item: Sitrus Berry
|move|p1b: Ursaluna|Hyper Voice|p2a: Incineroar|[spread] p2a,p2b
|-resisted|p2b: Archaludon
|-damage|p2a: Incineroar|0 fnt
|-damage|p2b: Archaludon|0 fnt
|faint|p2a: Incineroar
|faint|p2b: Archaludon
|-damage|p1b: Ursaluna|91/100|[from] item: Life Orb
|
|-weather|RainDance|[upkeep]
|upkeep
|
|t:|1756611582
|switch|p2b: Politoed|Politoed, L50, M|100/100
|turn|5
|
|t:|1756611611
|-terastallize|p2b: Politoed|Grass
|move|p1a: Volcarona|Protect|p1a: Volcarona
|-singleturn|p1a: Volcarona|Protect
|move|p1b: Ursaluna|Protect|p1b: Ursaluna
|-singleturn|p1b: Ursaluna|Protect
|move|p2b: Politoed|Weather Ball|p1b: Ursaluna
|-activate|p1b: Ursaluna|move: Protect
|
|-weather|none
|-fieldend|move: Psychic Terrain
|upkeep
|turn|6
|
|t:|1756611633
|-terastallize|p1b: Ursaluna|Ghost
|move|p1a: Volcarona|Fiery Dance|p2b: Politoed
|-supereffective|p2b: Politoed
|-damage|p2b: Politoed|43/100
|-boost|p1a: Volcarona|spa|1
|move|p2b: Politoed|Encore|p1b: Ursaluna
|-start|p1b: Ursaluna|Encore
|move|p1b: Ursaluna|Protect||[still]
|-fail|p1b: Ursaluna
|
|-heal|p2b: Politoed|49/100|[from] item: Leftovers
|upkeep
|turn|7
|-message|Sr. Sotomonte forfeited.
|
|win|k8mck
||Sr. Sotomonte is ready for game 3.
