|j|☆finalbossbackwiper
|j|☆2handsam
|html|finalbossbackwiper2handsam    
|uhtml|bestof|Game 1 of a best-of-3
|t:|1783300377
|gametype|doubles
|player|p1|finalbossbackwiper|102|1137
|player|p2|2handsam|1|1067
|gen|9
|tier|[Gen 9 Champions] VGC 2026 Reg M-B (Bo3)
|rated|
|rule|Species Clause: Limit one of each Pokémon
|rule|Item Clause: Limit 1 of each item
|clearpoke
|poke|p1|Charizard, L50, M|
|poke|p1|Torkoal, L50, M|
|poke|p1|Sinistcha, L50|
|poke|p1|Glimmora, L50, M|
|poke|p1|Grimmsnarl, L50, M|
|poke|p1|Annihilape, L50, F|
|poke|p2|Gyarados, L50, M|
|poke|p2|Tinkaton, L50, F|
|poke|p2|Flapple, L50, M|
|poke|p2|Sableye, L50, F|
|poke|p2|Meowstic, L50, M, shiny|
|poke|p2|Delphox, L50, F|
|teampreview|4
|showteam|p1|Charizard||CharizarditeX|Blaze|FlameCharge,BreakingSwipe,Roost,Protect|Adamant||M|||50|]Torkoal||Charcoal|Drought|Eruption,WeatherBall,HelpingHand,Protect|Quiet||M|||50|]Sinistcha||OccaBerry|Hospitality|EnergyBall,RagePowder,TrickRoom,Protect|Calm|||||50|]Glimmora||FocusSash|ToxicDebris|SludgeBomb,EarthPower,MortalSpin,SpikyShield|Modest||M|||50|]Grimmsnarl||RoseliBerry|Prankster|SpiritBreak,Assurance,FakeOut,PartingShot|Adamant||M|||50|]Annihilape||ChoiceScarf|Defiant|CloseCombat,PhantomForce,PoisonJab,Coaching|Adamant||F|||50|
|showteam|p2|Gyarados||Gyaradosite|Intimidate|IceFang,Waterfall,Earthquake,DragonDance|Adamant||M|||50|]Tinkaton||LumBerry|MoldBreaker|FakeOut,GigatonHammer,Encore,Protect|Jolly||F|||50|]Flapple||FocusSash|Hustle|GravApple,DragonRush,Endeavor,Uturn|Jolly||M|||50|]Sableye||ShucaBerry|Prankster|WillOWisp,Swagger,Gravity,Disable|Bold||F|||50|]Meowstic||ColburBerry|Prankster|ExpandingForce,PsychicTerrain,Gravity,Protect|Calm||M|||50|]Delphox||Delphoxite|Blaze|HeatWave,ExpandingForce,Hypnosis,Protect|Timid||F|||50|
|inactive|Battle timer is ON: inactive players will automatically lose when time's up. (requested by finalbossbackwiper)
|inactive|finalbossbackwiper has 60 seconds left.
|inactive|2handsam has 60 seconds left.
|
|t:|1783300434
|teamsize|p1|4
|teamsize|p2|4
|start
|switch|p1a: Charizard|Charizard, L50, M|100/100
|switch|p1b: Annihilape|Annihilape, L50, F|100/100
|switch|p2a: Meowstic|Meowstic, L50, M, shiny|100/100
|switch|p2b: Delphox|Delphox, L50, F|100/100
|turn|1
|
|t:|1783300453
|detailschange|p2b: Delphox|Delphox-Mega, L50, F
|-mega|p2b: Delphox|Delphox|Delphoxite
|move|p1a: Charizard|Protect|p1a: Charizard
|-singleturn|p1a: Charizard|Protect
|move|p2a: Meowstic|Gravity|p2a: Meowstic
|-fieldstart|move: Gravity
|move|p1b: Annihilape|Phantom Force||[still]
|-prepare|p1b: Annihilape|Phantom Force
|move|p2b: Delphox|Hypnosis|p1a: Charizard
|-activate|p1a: Charizard|move: Protect
|
|upkeep
|turn|2
|
|t:|1783300474
|detailschange|p1a: Charizard|Charizard-Mega-X, L50, M
|-mega|p1a: Charizard|Charizard|Charizardite X
|move|p2a: Meowstic|Psychic Terrain|p2a: Meowstic
|-fieldstart|move: Psychic Terrain
|move|p1b: Annihilape|Phantom Force|p2b: Delphox|[from] lockedmove
|-supereffective|p2b: Delphox|1
|-damage|p2b: Delphox|0 fnt
|faint|p2b: Delphox
|move|p1a: Charizard|Flame Charge|p2a: Meowstic
|-damage|p2a: Meowstic|56/100
|-boost|p1a: Charizard|spe|1
|
|upkeep
|
|t:|1783300491
|switch|p2b: Gyarados|Gyarados, L50, M|100/100
|-ability|p2b: Gyarados|Intimidate|boost
|-unboost|p1a: Charizard|atk|1
|-unboost|p1b: Annihilape|atk|1
|-ability|p1b: Annihilape|Defiant|boost
|-boost|p1b: Annihilape|atk|2
|turn|3
|inactive|2handsam has 30 seconds left.
|
|t:|1783300522
|move|p1a: Charizard|Protect|p1a: Charizard
|-singleturn|p1a: Charizard|Protect
|move|p1b: Annihilape|Phantom Force||[still]
|-prepare|p1b: Annihilape|Phantom Force
|move|p2a: Meowstic|Expanding Force|p1a: Charizard|[spread] 
|-miss|p2a: Meowstic|p1b: Annihilape
|-activate|p1a: Charizard|move: Protect
|move|p2b: Gyarados|Dragon Dance|p2b: Gyarados
|-boost|p2b: Gyarados|atk|1
|-boost|p2b: Gyarados|spe|1
|
|upkeep
|turn|4
|
|t:|1783300540
|move|p1b: Annihilape|Phantom Force|p2a: Meowstic|[from] lockedmove
|-supereffective|p2a: Meowstic|1
|-damage|p2a: Meowstic|0 fnt
|faint|p2a: Meowstic
|move|p1a: Charizard|Breaking Swipe|p2b: Gyarados
|-damage|p2b: Gyarados|68/100
|-unboost|p2b: Gyarados|atk|1
|move|p2b: Gyarados|Dragon Dance|p2b: Gyarados
|-boost|p2b: Gyarados|atk|1
|-boost|p2b: Gyarados|spe|1
|
|upkeep
|
|t:|1783300551
|switch|p2a: Tinkaton|Tinkaton, L50, F|100/100
|-ability|p2a: Tinkaton|Mold Breaker
|turn|5
|inactive|2handsam has 30 seconds left.
|
|t:|1783300576
|move|p2a: Tinkaton|Protect|p2a: Tinkaton
|-singleturn|p2a: Tinkaton|Protect
|move|p1b: Annihilape|Phantom Force||[still]
|-prepare|p1b: Annihilape|Phantom Force
|move|p1a: Charizard|Breaking Swipe|p2a: Tinkaton|[spread] p2b
|-activate|p2a: Tinkaton|move: Protect
|-damage|p2b: Gyarados|44/100
|-unboost|p2b: Gyarados|atk|1
|move|p2b: Gyarados|Earthquake|p1a: Charizard|[spread] p1a
|-miss|p2b: Gyarados|p1b: Annihilape
|-activate|p2a: Tinkaton|move: Protect
|-supereffective|p1a: Charizard|1
|-damage|p1a: Charizard|53/100
|
|-fieldend|move: Gravity
|upkeep
|turn|6
|inactive|2handsam has 30 seconds left.
|
|t:|1783300604
|move|p1b: Annihilape|Phantom Force|p2b: Gyarados|[from] lockedmove
|-damage|p2b: Gyarados|0 fnt
|faint|p2b: Gyarados
|move|p1a: Charizard|Flame Charge|p2a: Tinkaton
|-supereffective|p2a: Tinkaton|1
|-damage|p2a: Tinkaton|36/100
|-boost|p1a: Charizard|spe|1
|move|p2a: Tinkaton|Gigaton Hammer|p1a: Charizard
|-resisted|p1a: Charizard|1
|-damage|p1a: Charizard|24/100
|
|-fieldend|move: Psychic Terrain
|upkeep
|turn|7
|
|t:|1783300616
|move|p2a: Tinkaton|Protect|p2a: Tinkaton
|-singleturn|p2a: Tinkaton|Protect
|move|p1a: Charizard|Flame Charge|p2a: Tinkaton
|-activate|p2a: Tinkaton|move: Protect
|move|p1b: Annihilape|Phantom Force||[still]
|-prepare|p1b: Annihilape|Phantom Force
|
|upkeep
|turn|8
|
|t:|1783300626
|move|p1a: Charizard|Protect|p1a: Charizard
|-singleturn|p1a: Charizard|Protect
|move|p1b: Annihilape|Phantom Force|p2a: Tinkaton|[from] lockedmove
|-damage|p2a: Tinkaton|0 fnt
|faint|p2a: Tinkaton
|
|win|finalbossbackwiper
||2handsam is ready for game 2.
||finalbossbackwiper is ready for game 2.
|uhtml|next|Next: Game 2 of 3
