|j|☆BoloinaBox
|j|☆Gentlefish
|html|BoloinaBoxGentlefish    
|uhtml|bestof|Game 3 of a best-of-3
|t:|1756758127
|gametype|doubles
|player|p1|BoloinaBox|101|1134
|player|p2|Gentlefish|burglar-gen1rb|1078
|gen|9
|tier|[Gen 9] VGC 2025 Reg H (Bo3)
|rated|
|rule|Species Clause: Limit one of each Pokémon
|rule|Item Clause: Limit 1 of each item
|clearpoke
|poke|p1|Annihilape, L50, F|
|poke|p1|Maushold, L50|
|poke|p1|Sinistcha, L50|
|poke|p1|Archaludon, L50, M|
|poke|p1|Pelipper, L50, F|
|poke|p1|Hydreigon, L50, F|
|poke|p2|Garchomp, L50, F|
|poke|p2|Weezing-Galar, L50, M|
|poke|p2|Archaludon, L50, M|
|poke|p2|Gholdengo, L50|
|poke|p2|Talonflame, L50, F|
|poke|p2|Annihilape, L50, M|
|teampreview|4
|showteam|p1|Annihilape||LumBerry|Defiant|RageFist,DrainPunch,BulkUp,Protect|||F|||50|,,,,,Water]Maushold||SafetyGoggles|FriendGuard|FollowMe,BeatUp,Taunt,Protect||||||50|,,,,,Ghost]Sinistcha||SitrusBerry|Hospitality|MatchaGotcha,LifeDew,TrickRoom,RagePowder||||||50|,,,,,Fairy]Archaludon||AssaultVest|Stamina|ElectroShot,FlashCannon,BodyPress,DracoMeteor|||M|||50|,,,,,Grass]Pelipper||FocusSash|Drizzle|Hurricane,WeatherBall,WideGuard,Protect|||F|||50|,,,,,Stellar]Hydreigon||ScopeLens|Levitate|DracoMeteor,DarkPulse,FocusEnergy,Protect|||F|||50|,,,,,Steel
|showteam|p2|Garchomp||LifeOrb|RoughSkin|DragonClaw,Earthquake,StompingTantrum,Protect|||F|||50|,,,,,Ground]Weezing-Galar||FocusSash|NeutralizingGas|Protect,SludgeBomb,Taunt,StrangeSteam|||M|||50|,,,,,Flying]Archaludon||PowerHerb|Sturdy|ElectroShot,Thunderbolt,DracoMeteor,Protect|||M|||50|,,,,,Electric]Gholdengo||ChoiceSpecs|GoodasGold|ShadowBall,DazzlingGleam,PowerGem,MakeItRain||||||50|,,,,,Fairy]Talonflame||CovertCloak|GaleWings|Tailwind,DualWingbeat,Taunt,FlareBlitz|||F|||50|,,,,,Stellar]Annihilape||AssaultVest|Defiant|CloseCombat,RageFist,FinalGambit,IcePunch|||M|||50|,,,,,Grass
|inactive|Battle timer is ON: inactive players will automatically lose when time's up. (requested by BoloinaBox)
|inactive|BoloinaBox has 60 seconds left.
|
|t:|1756758165
|teamsize|p1|4
|teamsize|p2|4
|start
|switch|p1a: Annihilape|Annihilape, L50, F|100/100
|switch|p1b: Maushold|Maushold, L50|100/100
|switch|p2a: Talonflame|Talonflame, L50, F|100/100
|switch|p2b: Gholdengo|Gholdengo, L50|100/100
|turn|1
|inactive|BoloinaBox has 30 seconds left.
|
|t:|1756758194
|-terastallize|p1a: Annihilape|Water
|-terastallize|p2b: Gholdengo|Fairy
|move|p1b: Maushold|Follow Me|p1b: Maushold
|-singleturn|p1b: Maushold|move: Follow Me
|move|p2a: Talonflame|Tailwind|p2a: Talonflame
|-sidestart|p2: Gentlefish|move: Tailwind
|move|p2b: Gholdengo|Dazzling Gleam|p1a: Annihilape|[spread] p1a,p1b
|-damage|p1a: Annihilape|64/100
|-damage|p1b: Maushold|38/100
|move|p1a: Annihilape|Bulk Up|p1a: Annihilape
|-boost|p1a: Annihilape|atk|1
|-boost|p1a: Annihilape|def|1
|
|upkeep
|turn|2
|inactive|Gentlefish has 30 seconds left.
|
|t:|1756758223
|move|p1b: Maushold|Follow Me|p1b: Maushold
|-singleturn|p1b: Maushold|move: Follow Me
|move|p2a: Talonflame|Dual Wingbeat|p1b: Maushold
|-damage|p1b: Maushold|18/100
|-damage|p1b: Maushold|0 fnt
|faint|p1b: Maushold
|-hitcount|p1: Maushold|2
|move|p2b: Gholdengo|Dazzling Gleam|p1a: Annihilape
|-damage|p1a: Annihilape|7/100
|move|p1a: Annihilape|Rage Fist|p2a: Talonflame
|-damage|p2a: Talonflame|0 fnt
|faint|p2a: Talonflame
|
|upkeep
|
|t:|1756758236
|switch|p2a: Archaludon|Archaludon, L50, M|100/100
|switch|p1b: Sinistcha|Sinistcha, L50|100/100
|-heal|p1a: Annihilape|32/100|[from] ability: Hospitality|[of] p1b: Sinistcha
|turn|3
|
|t:|1756758259
|move|p1a: Annihilape|Protect|p1a: Annihilape
|-singleturn|p1a: Annihilape|Protect
|move|p2a: Archaludon|Draco Meteor|p1b: Sinistcha|[miss]
|-miss|p2a: Archaludon|p1b: Sinistcha
|move|p2b: Gholdengo|Dazzling Gleam|p1a: Annihilape|[spread] p1b
|-activate|p1a: Annihilape|move: Protect
|-damage|p1b: Sinistcha|59/100
|move|p1b: Sinistcha|Trick Room|p1b: Sinistcha
|-fieldstart|move: Trick Room|[of] p1b: Sinistcha
|
|upkeep
|turn|4
|inactive|Gentlefish has 30 seconds left.
|
|t:|1756758284
|move|p1b: Sinistcha|Life Dew|p1b: Sinistcha|[spread] p1a,p1b
|-heal|p1a: Annihilape|57/100
|-heal|p1b: Sinistcha|84/100
|move|p1a: Annihilape|Drain Punch|p2a: Archaludon
|-supereffective|p2a: Archaludon
|-damage|p2a: Archaludon|9/100
|-heal|p1a: Annihilape|93/100|[from] drain|[of] p2a: Archaludon
|move|p2b: Gholdengo|Dazzling Gleam|p1a: Annihilape|[spread] p1a,p1b
|-damage|p1a: Annihilape|47/100
|-damage|p1b: Sinistcha|40/100
|-enditem|p1b: Sinistcha|Sitrus Berry|[eat]
|-heal|p1b: Sinistcha|65/100|[from] item: Sitrus Berry
|move|p2a: Archaludon|Draco Meteor|p1a: Annihilape
|-damage|p1a: Annihilape|0 fnt
|-unboost|p2a: Archaludon|spa|2
|faint|p1a: Annihilape
|
|-sideend|p2: Gentlefish|move: Tailwind
|upkeep
|
|t:|1756758298
|switch|p1a: Hydreigon|Hydreigon, L50, F|100/100
|turn|5
|
|t:|1756758317
|switch|p2b: Annihilape|Annihilape, L50, M|100/100
|move|p1a: Hydreigon|Protect|p1a: Hydreigon
|-singleturn|p1a: Hydreigon|Protect
|move|p2a: Archaludon|Draco Meteor|p1a: Hydreigon
|-activate|p1a: Hydreigon|move: Protect
|move|p1b: Sinistcha|Trick Room|p1b: Sinistcha
|-fieldend|move: Trick Room
|
|upkeep
|turn|6
|
|t:|1756758339
|move|p1b: Sinistcha|Rage Powder|p1b: Sinistcha
|-singleturn|p1b: Sinistcha|move: Rage Powder
|move|p1a: Hydreigon|Focus Energy|p1a: Hydreigon
|-start|p1a: Hydreigon|move: Focus Energy
|move|p2b: Annihilape|Rage Fist|p1b: Sinistcha
|-supereffective|p1b: Sinistcha
|-damage|p1b: Sinistcha|19/100
|move|p2a: Archaludon|Draco Meteor|p1b: Sinistcha
|-damage|p1b: Sinistcha|0 fnt
|-unboost|p2a: Archaludon|spa|2
|faint|p1b: Sinistcha
|
|upkeep
|turn|7
|inactive|Gentlefish has 30 seconds left.
|
|t:|1756758364
|switch|p2a: Gholdengo|Gholdengo, L50, tera:Fairy|100/100
|move|p1a: Hydreigon|Draco Meteor|p2b: Annihilape
|-crit|p2b: Annihilape
|-damage|p2b: Annihilape|33/100
|-unboost|p1a: Hydreigon|spa|2
|move|p2b: Annihilape|Close Combat|p1a: Hydreigon
|-supereffective|p1a: Hydreigon
|-damage|p1a: Hydreigon|0 fnt
|-unboost|p2b: Annihilape|def|1
|-unboost|p2b: Annihilape|spd|1
|faint|p1a: Hydreigon
|
|win|Gentlefish
|raw|BoloinaBox's rating: 1134 → 1105(-29 for losing)
|raw|Gentlefish's rating: 1078 → 1111(+33 for winning)
|l|☆BoloinaBox
|player|p1|
