|j|☆panqueca25
|j|☆wait for swarley
|html|panqueca25wait for swarley    
|uhtml|bestof|Game 1 of a best-of-3
|t:|1757637770
|gametype|doubles
|player|p1|panqueca25|265|1330
|player|p2|wait for swarley|volo|1305
|gen|9
|tier|[Gen 9] VGC 2025 Reg H (Bo3)
|rated|
|rule|Species Clause: Limit one of each Pokémon
|rule|Item Clause: Limit 1 of each item
|clearpoke
|poke|p1|Murkrow, L50, F|
|poke|p1|Gholdengo, L50|
|poke|p1|Dondozo, L50, M|
|poke|p1|Tatsugiri, L50, M|
|poke|p1|Clefable, L50, M|
|poke|p1|Incineroar, L50, F|
|poke|p2|Dachsbun, L50, F|
|poke|p2|Torkoal, L50, F|
|poke|p2|Typhlosion-Hisui, L50, M|
|poke|p2|Kingambit, L50, M|
|poke|p2|Rillaboom, L50, F|
|poke|p2|Zoroark-Hisui, L50, M|
|teampreview|4
|showteam|p1|Murkrow||Eviolite|Prankster|Tailwind,FoulPlay,Taunt,Haze|||F|||50|,,,,,Ghost]Gholdengo||ChoiceSpecs|GoodasGold|MakeItRain,PowerGem,ShadowBall,Thunderbolt||||||50|,,,,,Steel]Dondozo||Leftovers|Unaware|WaveCrash,Earthquake,OrderUp,Protect|||M|||50|,,,,,Grass]Tatsugiri||FocusSash|Commander|DracoMeteor,IcyWind,MuddyWater,Protect|||M|||50|,,,,,Stellar]Clefable||RockyHelmet|Unaware|Moonblast,FollowMe,Encore,Protect|||M|||50|,,,,,Ghost]Incineroar||SafetyGoggles|Intimidate|FlareBlitz,KnockOff,PartingShot,FakeOut|||F|||50|,,,,,Ghost
|showteam|p2|Dachsbun||Leftovers|WellBakedBody|BodyPress,Snarl,Rest,Yawn|||F|||50|,,,,,Steel]Torkoal||SitrusBerry|Drought|WeatherBall,Eruption,LavaPlume,Protect|||F|||50|,,,,,Fire]Typhlosion-Hisui||ChoiceScarf|Blaze|Eruption,ShadowBall,LavaPlume,Overheat|||M|||50|,,,,,Dark]Kingambit||BlackGlasses|Defiant|SuckerPunch,Assurance,Protect,SwordsDance|||M|||50|,,,,,Dark]Rillaboom||AssaultVest|GrassySurge|FakeOut,GrassyGlide,WoodHammer,Uturn|||F|||50|,,,,,Grass]Zoroark-Hisui||ChoiceSpecs|Illusion|IcyWind,BitterMalice,HyperVoice,HyperBeam|||M|||50|,,,,,Normal
|inactive|Battle timer is ON: inactive players will automatically lose when time's up. (requested by panqueca25)
|
|t:|1757637796
|teamsize|p1|4
|teamsize|p2|4
|start
|switch|p1a: Incineroar|Incineroar, L50, F|100/100
|switch|p1b: Tatsugiri|Tatsugiri, L50, M|100/100
|switch|p2a: Typhlosion|Typhlosion-Hisui, L50, M|100/100
|switch|p2b: Kingambit|Kingambit, L50, M, shiny|100/100
|-ability|p1a: Incineroar|Intimidate|boost
|-unboost|p2a: Typhlosion|atk|1
|-unboost|p2b: Kingambit|atk|1
|-ability|p2b: Kingambit|Defiant|boost
|-boost|p2b: Kingambit|atk|2
|turn|1
|
|t:|1757637819
|switch|p2a: Rillaboom|Rillaboom, L50, F, shiny|100/100
|-fieldstart|move: Grassy Terrain|[from] ability: Grassy Surge|[of] p2a: Rillaboom
|move|p1b: Tatsugiri|Protect|p1b: Tatsugiri
|-singleturn|p1b: Tatsugiri|Protect
|move|p2b: Kingambit|Protect|p2b: Kingambit
|-singleturn|p2b: Kingambit|Protect
|move|p1a: Incineroar|Knock Off|p2a: Rillaboom
|-damage|p2a: Rillaboom|61/100
|-enditem|p2a: Rillaboom|Assault Vest|[from] move: Knock Off|[of] p1a: Incineroar
|
|-heal|p2a: Rillaboom|67/100|[from] Grassy Terrain
|upkeep
|turn|2
|
|t:|1757637839
|switch|p1b: Dondozo|Dondozo, L50, M|100/100
|move|p2a: Rillaboom|Fake Out|p1a: Incineroar
|-damage|p1a: Incineroar|84/100
|cant|p1a: Incineroar|flinch
|move|p2b: Kingambit|Assurance|p1a: Incineroar
|-resisted|p1a: Incineroar
|-damage|p1a: Incineroar|25/100
|
|-heal|p2a: Rillaboom|72/100|[from] Grassy Terrain
|-heal|p1a: Incineroar|31/100|[from] Grassy Terrain
|upkeep
|turn|3
|inactive|wait for swarley has 30 seconds left.
|
|t:|1757637870
|switch|p1a: Tatsugiri|Tatsugiri, L50, M|100/100
|-activate|p1a: Tatsugiri|ability: Commander|[of] p1b: Dondozo
|-boost|p1b: Dondozo|atk|2
|-boost|p1b: Dondozo|spa|2
|-boost|p1b: Dondozo|spe|2
|-boost|p1b: Dondozo|def|2
|-boost|p1b: Dondozo|spd|2
|-terastallize|p1b: Dondozo|Grass
|-terastallize|p2b: Kingambit|Dark
|move|p1b: Dondozo|Order Up|p2b: Kingambit
|-damage|p2b: Kingambit|69/100
|-boost|p1b: Dondozo|atk|1
|move|p2a: Rillaboom|Wood Hammer|p1b: Dondozo
|-resisted|p1b: Dondozo
|-damage|p1b: Dondozo|84/100
|-damage|p2a: Rillaboom|67/100|[from] Recoil
|move|p2b: Kingambit|Assurance|p1b: Dondozo
|-damage|p1b: Dondozo|41/100
|
|-heal|p1b: Dondozo|47/100|[from] Grassy Terrain
|-heal|p1b: Dondozo|53/100|[from] item: Leftovers
|-heal|p2a: Rillaboom|72/100|[from] Grassy Terrain
|-heal|p2b: Kingambit|75/100|[from] Grassy Terrain
|upkeep
|turn|4
|inactive|wait for swarley has 30 seconds left.
|
|t:|1757637898
|move|p1b: Dondozo|Protect|p1b: Dondozo
|-singleturn|p1b: Dondozo|Protect
|move|p2a: Rillaboom|U-turn|p1b: Dondozo
|-activate|p1b: Dondozo|move: Protect
|move|p2b: Kingambit|Assurance|p1b: Dondozo
|-activate|p1b: Dondozo|move: Protect
|
|-heal|p1b: Dondozo|60/100|[from] Grassy Terrain
|-heal|p1b: Dondozo|66/100|[from] item: Leftovers
|-heal|p2a: Rillaboom|78/100|[from] Grassy Terrain
|-heal|p2b: Kingambit|81/100|[from] Grassy Terrain
|upkeep
|turn|5
|
|t:|1757637910
|move|p1b: Dondozo|Wave Crash|p2b: Kingambit
|-damage|p2b: Kingambit|0 fnt
|faint|p2b: Kingambit
|-damage|p1b: Dondozo|41/100|[from] Recoil
|move|p2a: Rillaboom|U-turn|p1b: Dondozo
|-supereffective|p1b: Dondozo
|-damage|p1b: Dondozo|23/100
|
|t:|1757637917
|switch|p2a: Typhlosion|Typhlosion-Hisui, L50, M|100/100|[from] U-turn
|
|-heal|p1b: Dondozo|29/100|[from] Grassy Terrain
|-heal|p1b: Dondozo|35/100|[from] item: Leftovers
|-fieldend|move: Grassy Terrain
|upkeep
|
|t:|1757637926
|switch|p2b: Torkoal|Torkoal, L50, F|100/100
|-weather|SunnyDay|[from] ability: Drought|[of] p2b: Torkoal
|turn|6
|
|t:|1757637937
|move|p1b: Dondozo|Protect|p1b: Dondozo
|-singleturn|p1b: Dondozo|Protect
|move|p2a: Typhlosion|Eruption|p1b: Dondozo|[spread] 
|-miss|p2a: Typhlosion|p1a: Tatsugiri
|-activate|p1b: Dondozo|move: Protect
|move|p2b: Torkoal|Eruption|p1a: Tatsugiri|[spread] 
|-miss|p2b: Torkoal|p1a: Tatsugiri
|-activate|p1b: Dondozo|move: Protect
|
|-weather|SunnyDay|[upkeep]
|-heal|p1b: Dondozo|41/100|[from] item: Leftovers
|upkeep
|turn|7
|
|t:|1757637942
|move|p2a: Typhlosion|Eruption|p1a: Tatsugiri|[spread] p1b
|-miss|p2a: Typhlosion|p1a: Tatsugiri
|-supereffective|p1b: Dondozo
|-damage|p1b: Dondozo|0 fnt
|faint|p1b: Dondozo
|move|p2b: Torkoal|Eruption|p1a: Tatsugiri
|-resisted|p1a: Tatsugiri
|-damage|p1a: Tatsugiri|67/100
|
|-weather|SunnyDay|[upkeep]
|upkeep
|
|t:|1757637944
|switch|p1b: Incineroar|Incineroar, L50, F|31/100
|-ability|p1b: Incineroar|Intimidate|boost
|-unboost|p2a: Typhlosion|atk|1
|-unboost|p2b: Torkoal|atk|1
|turn|8
|
|t:|1757637954
|switch|p2b: Rillaboom|Rillaboom, L50, F, shiny|78/100
|-fieldstart|move: Grassy Terrain|[from] ability: Grassy Surge|[of] p2b: Rillaboom
|move|p2a: Typhlosion|Eruption|p1a: Tatsugiri|[spread] p1a,p1b
|-resisted|p1a: Tatsugiri
|-resisted|p1b: Incineroar
|-damage|p1a: Tatsugiri|39/100
|-damage|p1b: Incineroar|0 fnt
|faint|p1b: Incineroar
|move|p1a: Tatsugiri|Muddy Water|p2b: Rillaboom|[spread] p2a,p2b
|-supereffective|p2a: Typhlosion
|-resisted|p2b: Rillaboom
|-damage|p2a: Typhlosion|57/100
|-damage|p2b: Rillaboom|69/100
|
|-weather|SunnyDay|[upkeep]
|-heal|p2a: Typhlosion|63/100|[from] Grassy Terrain
|-heal|p1a: Tatsugiri|45/100|[from] Grassy Terrain
|-heal|p2b: Rillaboom|75/100|[from] Grassy Terrain
|upkeep
|
|t:|1757637961
|switch|p1b: Gholdengo|Gholdengo, L50|100/100
|turn|9
|-message|panqueca25 forfeited.
|
|win|wait for swarley
|l|☆panqueca25
|player|p1|
||wait for swarley is ready for game 2.
|inactive|panqueca25 has 30 seconds to confirm battle start!
|inactive|panqueca25 has 20 seconds to confirm battle start!
|inactive|panqueca25 has 10 seconds to confirm battle start!
|uhtml|next|Next: Game 2 of 3
|l|☆wait for swarley
|player|p2|
