|j|☆HowIsZacLee
|j|☆yalib197
|html|HowIsZacLeeyalib197    
|uhtml|bestof|Game 1 of a best-of-3
|t:|1757139666
|gametype|doubles
|player|p1|HowIsZacLee|gentleman-gen4dp|1081
|player|p2|yalib197|265|1064
|gen|9
|tier|[Gen 9] VGC 2025 Reg H (Bo3)
|rated|
|rule|Species Clause: Limit one of each Pokémon
|rule|Item Clause: Limit 1 of each item
|clearpoke
|poke|p1|Gholdengo, L50|
|poke|p1|Dragonite, L50, F|
|poke|p1|Ursaluna-Bloodmoon, L50, M|
|poke|p1|Ninetales-Alola, L50, F|
|poke|p1|Annihilape, L50, F|
|poke|p1|Incineroar, L50, M|
|poke|p2|Basculegion, L50, M|
|poke|p2|Pelipper, L50, M|
|poke|p2|Archaludon, L50, M|
|poke|p2|Rillaboom, L50, F|
|poke|p2|Incineroar, L50, F|
|poke|p2|Garchomp, L50, M|
|teampreview|4
|showteam|p1|Gholdengo||MetalCoat|GoodasGold|MakeItRain,ShadowBall,NastyPlot,Protect||||||50|,,,,,Water]Dragonite||LoadedDice|Multiscale|ScaleShot,ExtremeSpeed,Haze,Protect|||F|||50|,,,,,Steel]Ursaluna-Bloodmoon||AssaultVest|MindsEye|BloodMoon,HyperVoice,EarthPower,VacuumWave|||M|||50|,,,,,Water]Ninetales-Alola||FocusSash|SnowWarning|Blizzard,IcyWind,AuroraVeil,IcicleSpear|||F|||50|,,,,,Ghost]Annihilape||SafetyGoggles|Defiant|CloseCombat,RageFist,Coaching,Taunt|||F|||50|,,,,,Fire]Incineroar||RockyHelmet|Intimidate|KnockOff,FlareBlitz,PartingShot,FakeOut|||M|||50|,,,,,Ghost
|showteam|p2|Basculegion||ChoiceBand|Adaptability|FlipTurn,WaveCrash,LastRespects,Protect|||M|||50|,,,,,Grass]Pelipper||DampRock|Drizzle|Hurricane,WeatherBall,Tailwind,Protect|||M|||50|,,,,,Steel]Archaludon||Leftovers|Stamina|ElectroShot,BodyPress,FlashCannon,Protect|||M|||50|,,,,,Fighting]Rillaboom||AssaultVest|GrassySurge|GrassyGlide,FakeOut,BulletSeed,Uturn|||F|||50|,,,,,Fire]Incineroar||SafetyGoggles|Intimidate|FakeOut,KnockOff,PartingShot,Snarl|||F|||50|,,,,,Water]Garchomp||RockyHelmet|RoughSkin|Bulldoze,BreakingSwipe,Protect,RockSlide|||M|||50|,,,,,Dragon
|inactive|Battle timer is ON: inactive players will automatically lose when time's up. (requested by HowIsZacLee)
|inactive|yalib197 has 60 seconds left.
|
|t:|1757139761
|teamsize|p1|4
|teamsize|p2|4
|start
|switch|p1a: icy wind mishtile|Ninetales-Alola, L50, F|100/100
|switch|p1b: monkeytile|Annihilape, L50, F|100/100
|switch|p2a: Incineroar|Incineroar, L50, F|100/100
|switch|p2b: Pelipper|Pelipper, L50, M|100/100
|-weather|Snowscape|[from] ability: Snow Warning|[of] p1a: icy wind mishtile
|-ability|p2a: Incineroar|Intimidate|boost
|-unboost|p1a: icy wind mishtile|atk|1
|-unboost|p1b: monkeytile|atk|1
|-ability|p1b: monkeytile|Defiant|boost
|-boost|p1b: monkeytile|atk|2
|-weather|RainDance|[from] ability: Drizzle|[of] p2b: Pelipper
|turn|1
|inactive|HowIsZacLee has 30 seconds left.
|inactive|yalib197 has 30 seconds left.
|inactive|yalib197 has 20 seconds left.
|inactive|yalib197 has 15 seconds left.
|inactive|yalib197 has 10 seconds left.
|inactive|yalib197 has 5 seconds left.
|
|t:|1757139814
|move|p2a: Incineroar|Fake Out|p1a: icy wind mishtile
|-damage|p1a: icy wind mishtile|85/100
|cant|p1a: icy wind mishtile|flinch
|move|p1b: monkeytile|Rage Fist|p2b: Pelipper
|-damage|p2b: Pelipper|64/100
|move|p2b: Pelipper|Tailwind|p2b: Pelipper
|-sidestart|p2: yalib197|move: Tailwind
|
|-weather|RainDance|[upkeep]
|upkeep
|turn|2
|inactive|HowIsZacLee has 30 seconds left.
|inactive|yalib197 has 30 seconds left.
|inactive|yalib197 has 20 seconds left.
|inactive|yalib197 has 15 seconds left.
|
|t:|1757139855
|move|p1a: icy wind mishtile|Icy Wind|p2a: Incineroar|[spread] p2b
|-miss|p1a: icy wind mishtile|p2a: Incineroar
|-damage|p2b: Pelipper|42/100
|-unboost|p2b: Pelipper|spe|1
|move|p2a: Incineroar|Parting Shot|p1a: icy wind mishtile
|-unboost|p1a: icy wind mishtile|atk|1
|-unboost|p1a: icy wind mishtile|spa|1
|
|t:|1757139866
|switch|p2a: Garchomp|Garchomp, L50, M|100/100|[from] Parting Shot
|move|p1b: monkeytile|Close Combat|p2a: Garchomp
|-damage|p2a: Garchomp|40/100
|-unboost|p1b: monkeytile|def|1
|-unboost|p1b: monkeytile|spd|1
|-damage|p1b: monkeytile|88/100|[from] ability: Rough Skin|[of] p2a: Garchomp
|-damage|p1b: monkeytile|72/100|[from] item: Rocky Helmet|[of] p2a: Garchomp
|move|p2b: Pelipper|Hurricane|p1b: monkeytile
|-supereffective|p1b: monkeytile
|-damage|p1b: monkeytile|0 fnt
|faint|p1b: monkeytile
|
|-weather|RainDance|[upkeep]
|upkeep
|
|t:|1757139877
|switch|p1b: Pimpletile|Ursaluna-Bloodmoon, L50, M|100/100
|turn|3
|inactive|yalib197 has 30 seconds left.
|
|t:|1757139911
|-terastallize|p1b: Pimpletile|Water
|move|p2a: Garchomp|Protect|p2a: Garchomp
|-singleturn|p2a: Garchomp|Protect
|move|p1a: icy wind mishtile|Icy Wind|p2b: Pelipper|[spread] 
|-activate|p2a: Garchomp|move: Protect
|-miss|p1a: icy wind mishtile|p2b: Pelipper
|move|p2b: Pelipper|Weather Ball|p1b: Pimpletile
|-resisted|p1b: Pimpletile
|-damage|p1b: Pimpletile|79/100
|move|p1b: Pimpletile|Hyper Voice|p2a: Garchomp|[spread] p2b
|-activate|p2a: Garchomp|move: Protect
|-damage|p2b: Pelipper|0 fnt
|faint|p2b: Pelipper
|
|-weather|RainDance|[upkeep]
|upkeep
|
|t:|1757139927
|switch|p2b: Basculegion|Basculegion, L50, M|100/100
|turn|4
|
|t:|1757139944
|switch|p1a: gholdeggo|Gholdengo, L50|100/100
|move|p2a: Garchomp|Rock Slide|p1b: Pimpletile|[spread] p1a,p1b
|-resisted|p1a: gholdeggo
|-damage|p1a: gholdeggo|92/100
|-damage|p1b: Pimpletile|68/100
|move|p2b: Basculegion|Last Respects|p1b: Pimpletile
|-damage|p1b: Pimpletile|0 fnt
|faint|p1b: Pimpletile
|
|-weather|RainDance|[upkeep]
|-sideend|p2: yalib197|move: Tailwind
|upkeep
|
|t:|1757139954
|switch|p1b: icy wind mishtile|Ninetales-Alola, L50, F|85/100
|-weather|Snowscape|[from] ability: Snow Warning|[of] p1b: icy wind mishtile
|turn|5
|
|t:|1757139977
|-terastallize|p2b: Basculegion|Grass
|move|p1a: gholdeggo|Protect|p1a: gholdeggo
|-singleturn|p1a: gholdeggo|Protect
|move|p1b: icy wind mishtile|Icy Wind|p2b: Basculegion|[spread] p2a,p2b
|-supereffective|p2a: Garchomp
|-supereffective|p2b: Basculegion
|-damage|p2a: Garchomp|0 fnt
|-damage|p2b: Basculegion|66/100
|-unboost|p2b: Basculegion|spe|1
|faint|p2a: Garchomp
|move|p2b: Basculegion|Last Respects|p1a: gholdeggo
|-activate|p1a: gholdeggo|move: Protect
|
|-weather|Snowscape|[upkeep]
|upkeep
|
|t:|1757139985
|switch|p2a: Incineroar|Incineroar, L50, F|100/100
|-ability|p2a: Incineroar|Intimidate|boost
|-unboost|p1a: gholdeggo|atk|1
|-unboost|p1b: icy wind mishtile|atk|1
|turn|6
|inactive|yalib197 has 30 seconds left.
|inactive|yalib197 has 20 seconds left.
|
|t:|1757140025
|move|p2a: Incineroar|Fake Out|p1b: icy wind mishtile
|-damage|p1b: icy wind mishtile|73/100
|cant|p1b: icy wind mishtile|flinch
|move|p1a: gholdeggo|Shadow Ball|p2b: Basculegion
|-damage|p2b: Basculegion|19/100
|move|p2b: Basculegion|Last Respects|p1a: gholdeggo
|-supereffective|p1a: gholdeggo
|-damage|p1a: gholdeggo|0 fnt
|faint|p1a: gholdeggo
|
|-weather|Snowscape|[upkeep]
|upkeep
|turn|7
|
|t:|1757140038
|move|p1b: icy wind mishtile|Blizzard|p2b: Basculegion|[spread] p2a,p2b
|-resisted|p2a: Incineroar
|-supereffective|p2b: Basculegion
|-damage|p2a: Incineroar|88/100
|-damage|p2b: Basculegion|0 fnt
|faint|p2b: Basculegion
|move|p2a: Incineroar|Knock Off|p1b: icy wind mishtile
|-resisted|p1b: icy wind mishtile
|-damage|p1b: icy wind mishtile|55/100
|-enditem|p1b: icy wind mishtile|Focus Sash|[from] move: Knock Off|[of] p2a: Incineroar
|
|-weather|Snowscape|[upkeep]
|upkeep
|turn|8
|
|t:|1757140049
|move|p1b: icy wind mishtile|Blizzard|p2a: Incineroar
|-resisted|p2a: Incineroar
|-damage|p2a: Incineroar|71/100
|move|p2a: Incineroar|Knock Off|p1b: icy wind mishtile
|-resisted|p1b: icy wind mishtile
|-damage|p1b: icy wind mishtile|42/100
|
|-weather|Snowscape|[upkeep]
|upkeep
|turn|9
|
|t:|1757140056
|move|p1b: icy wind mishtile|Blizzard|p2a: Incineroar
|-resisted|p2a: Incineroar
|-damage|p2a: Incineroar|53/100
|move|p2a: Incineroar|Knock Off|p1b: icy wind mishtile
|-resisted|p1b: icy wind mishtile
|-damage|p1b: icy wind mishtile|30/100
|
|-weather|none
|upkeep
|turn|10
|
|t:|1757140065
|move|p1b: icy wind mishtile|Blizzard|p2a: Incineroar
|-resisted|p2a: Incineroar
|-damage|p2a: Incineroar|37/100
|-status|p2a: Incineroar|frz
|cant|p2a: Incineroar|frz
|
|upkeep
|turn|11
|
|t:|1757140074
|move|p1b: icy wind mishtile|Icicle Spear|p2a: Incineroar
|-resisted|p2a: Incineroar
|-damage|p2a: Incineroar|35/100 frz
|-resisted|p2a: Incineroar
|-damage|p2a: Incineroar|34/100 frz
|-resisted|p2a: Incineroar
|-damage|p2a: Incineroar|32/100 frz
|-hitcount|p2a: Incineroar|3
|cant|p2a: Incineroar|frz
|
|upkeep
|turn|12
|
|t:|1757140087
|move|p1b: icy wind mishtile|Icicle Spear|p2a: Incineroar
|-resisted|p2a: Incineroar
|-damage|p2a: Incineroar|31/100 frz
|-resisted|p2a: Incineroar
|-damage|p2a: Incineroar|29/100 frz
|-resisted|p2a: Incineroar
|-crit|p2a: Incineroar
|-damage|p2a: Incineroar|26/100 frz
|-hitcount|p2a: Incineroar|3
|-curestatus|p2a: Incineroar|frz|[msg]
|move|p2a: Incineroar|Knock Off|p1b: icy wind mishtile
|-resisted|p1b: icy wind mishtile
|-damage|p1b: icy wind mishtile|11/100
|
|upkeep
|turn|13
|
|t:|1757140099
|move|p1b: icy wind mishtile|Blizzard|p2a: Incineroar|[miss]
|-miss|p1b: icy wind mishtile|p2a: Incineroar
|move|p2a: Incineroar|Knock Off|p1b: icy wind mishtile
|-resisted|p1b: icy wind mishtile
|-damage|p1b: icy wind mishtile|0 fnt
|faint|p1b: icy wind mishtile
|
|win|yalib197
||yalib197 is ready for game 2.
