|j|☆Skwovetboi
|j|☆LovelyLilypad
|html|SkwovetboiLovelyLilypad    
|uhtml|bestof|Game 2 of a best-of-3
|t:|1757105723
|gametype|doubles
|player|p1|Skwovetboi|turo-ai|
|player|p2|LovelyLilypad|caitlin|
|gen|9
|tier|[Gen 9] VGC 2025 Reg H (Bo3)
|rule|Species Clause: Limit one of each Pokémon
|rule|Item Clause: Limit 1 of each item
|clearpoke
|poke|p1|Weezing-Galar, L50, M|
|poke|p1|Toedscruel, L50, M|
|poke|p1|Greedent, L50, M|
|poke|p1|Typhlosion-Hisui, L50, F|
|poke|p1|Pawmot, L50, M|
|poke|p1|Palafin, L50, M|
|poke|p2|Glaceon, L50, M|
|poke|p2|Yanmega, L50, F|
|poke|p2|Arcanine, L50, F|
|poke|p2|Slowking, L50, M|
|poke|p2|Gallade, L50, M|
|poke|p2|Meowscarada, L50, F|
|teampreview|4
|showteam|p1|Weezing-Galar||ChoiceSpecs|NeutralizingGas|SludgeBomb,StrangeSteam,DazzlingGleam,Flamethrower|||M|||50|,,,,,Grass]Toedscruel||CovertCloak|MyceliumMight|Spore,AcidSpray,RagePowder,EarthPower|||M|||50|,,,,,Water]Greedent||AssaultVest|CheekPouch|KnockOff,DoubleEdge,StompingTantrum,SeedBomb|||M|||50|,,,,,Grass]Typhlosion-Hisui||ChoiceScarf|Blaze|Eruption,ShadowBall,HeatWave,Overheat|||F|||50|,,,,,Fire]Pawmot||FocusSash|NaturalCure|DoubleShock,CloseCombat,Coaching,Protect|||M|||50|,,,,,Electric]Palafin||MysticWater|ZerotoHero|JetPunch,WaveCrash,Taunt,Protect|||M|||50|,,,,,Grass
|showteam|p2|Glaceon||NeverMeltIce|SnowCloak|Protect,Blizzard,FreezeDry,Snowscape|||M|||50|,,,,,Ice]Yanmega||FocusSash|SpeedBoost|Protect,Tailwind,AirSlash,BugBuzz|||F|||50|,,,,,Ghost]Arcanine||SitrusBerry|Intimidate|Protect,FlareBlitz,ExtremeSpeed,Snarl|||F|||50|,,,,,Grass]Slowking||CovertCloak|Oblivious|Scald,Psychic,TrickRoom,ChillyReception|||M|||50|,,,,,Grass]Gallade||LifeOrb|Sharpness|Protect,PsychoCut,SacredSword,LeafBlade|||M|||50|,,,,,Psychic]Meowscarada||ChoiceBand|Protean|FlowerTrick,KnockOff,TripleAxel,Uturn|||F|||50|,,,,,Ghost
|inactive|Battle timer is ON: inactive players will automatically lose when time's up. (requested by Skwovetboi)
|inactive|Skwovetboi has 60 seconds left.
|
|t:|1757105762
|teamsize|p1|4
|teamsize|p2|4
|start
|switch|p1a: Valerie|Typhlosion-Hisui, L50, F, shiny|100/100
|switch|p1b: SeaWolfMikes|Palafin, L50, M|100/100
|switch|p2a: Spinch|Meowscarada, L50, F|100/100
|switch|p2b: Clambake|Slowking, L50, M|100/100
|turn|1
|inactive|Skwovetboi has 30 seconds left.
|inactive|LovelyLilypad has 30 seconds left.
|
|t:|1757105792
|switch|p2a: Dog'shuki|Arcanine, L50, F|100/100
|-ability|p2a: Dog'shuki|Intimidate|boost
|-unboost|p1a: Valerie|atk|1
|-unboost|p1b: SeaWolfMikes|atk|1
|-terastallize|p1a: Valerie|Fire
|move|p1a: Valerie|Eruption|p2b: Clambake|[spread] p2a,p2b
|-resisted|p2a: Dog'shuki
|-resisted|p2b: Clambake
|-damage|p2a: Dog'shuki|61/100
|-damage|p2b: Clambake|72/100
|move|p1b: SeaWolfMikes|Wave Crash|p2b: Clambake
|-resisted|p2b: Clambake
|-damage|p2b: Clambake|58/100
|-damage|p1b: SeaWolfMikes|95/100|[from] Recoil
|move|p2b: Clambake|Scald|p1a: Valerie
|-supereffective|p1a: Valerie
|-damage|p1a: Valerie|19/100
|
|upkeep
|turn|2
|inactive|LovelyLilypad has 30 seconds left.
|
|t:|1757105822
|switch|p1a: Gephicka|Weezing-Galar, L50, M|100/100
|-ability|p1a: Gephicka|Neutralizing Gas
|detailschange|p1b: SeaWolfMikes|Palafin-Hero, L50, M
|switch|p1b: TheBusinessPiggy|Pawmot, L50, M|100/100
|move|p2a: Dog'shuki|Extreme Speed|p1a: Gephicka
|-crit|p1a: Gephicka
|-damage|p1a: Gephicka|69/100
|-prepare|p2b: Clambake|Chilly Reception|[premajor]
|move|p2b: Clambake|Chilly Reception|p2b: Clambake
|-weather|Snowscape
|
|t:|1757105834
|switch|p2b: Temu Articuno|Glaceon, L50, M|100/100|[from] Chilly Reception
|
|-weather|Snowscape|[upkeep]
|upkeep
|turn|3
|inactive|LovelyLilypad has 30 seconds left.
|
|t:|1757105867
|switch|p2a: Clambake|Slowking, L50, M|58/100
|move|p2b: Temu Articuno|Protect|p2b: Temu Articuno
|-singleturn|p2b: Temu Articuno|Protect
|move|p1b: TheBusinessPiggy|Close Combat|p2b: Temu Articuno
|-activate|p2b: Temu Articuno|move: Protect
|move|p1a: Gephicka|Sludge Bomb|p2a: Clambake
|-damage|p2a: Clambake|19/100
|
|-weather|Snowscape|[upkeep]
|upkeep
|turn|4
|
|t:|1757105888
|move|p1b: TheBusinessPiggy|Close Combat|p2b: Temu Articuno
|-supereffective|p2b: Temu Articuno
|-damage|p2b: Temu Articuno|16/100
|-unboost|p1b: TheBusinessPiggy|def|1
|-unboost|p1b: TheBusinessPiggy|spd|1
|move|p2b: Temu Articuno|Blizzard|p1a: Gephicka|[spread] p1a,p1b
|-damage|p1a: Gephicka|0 fnt
|-enditem|p1b: TheBusinessPiggy|Focus Sash
|-damage|p1b: TheBusinessPiggy|1/100
|faint|p1a: Gephicka
|-end|p1a: Gephicka|ability: Neutralizing Gas
|move|p2a: Clambake|Psychic|p1b: TheBusinessPiggy
|-supereffective|p1b: TheBusinessPiggy
|-damage|p1b: TheBusinessPiggy|0 fnt
|faint|p1b: TheBusinessPiggy
|
|-weather|Snowscape|[upkeep]
|upkeep
|
|t:|1757105900
|switch|p1b: SeaWolfMikes|Palafin-Hero, L50, M|95/100
|switch|p1a: Valerie|Typhlosion-Hisui, L50, F, shiny, tera:Fire|19/100
|-activate|p1b: SeaWolfMikes|ability: Zero to Hero
|turn|5
|inactive|LovelyLilypad has 30 seconds left.
|
|t:|1757105931
|move|p1a: Valerie|Heat Wave|p2b: Temu Articuno|[spread] p2a,p2b
|-resisted|p2a: Clambake
|-supereffective|p2b: Temu Articuno
|-damage|p2a: Clambake|0 fnt
|-damage|p2b: Temu Articuno|0 fnt
|faint|p2a: Clambake
|faint|p2b: Temu Articuno
|move|p1b: SeaWolfMikes|Wave Crash|p2: Clambake|[notarget]
|-fail|p1b: SeaWolfMikes
|
|-weather|Snowscape|[upkeep]
|upkeep
|
|t:|1757105940
|switch|p2b: Dog'shuki|Arcanine, L50, F|61/100
|switch|p2a: Spinch|Meowscarada, L50, F|100/100
|-ability|p2b: Dog'shuki|Intimidate|boost
|-unboost|p1a: Valerie|atk|1
|-unboost|p1b: SeaWolfMikes|atk|1
|turn|6
|
|t:|1757105953
|move|p2b: Dog'shuki|Extreme Speed|p1a: Valerie
|-damage|p1a: Valerie|0 fnt
|faint|p1a: Valerie
|move|p2a: Spinch|Flower Trick|p1b: SeaWolfMikes
|-start|p2a: Spinch|typechange|Grass|[from] ability: Protean
|-supereffective|p1b: SeaWolfMikes
|-crit|p1b: SeaWolfMikes
|-damage|p1b: SeaWolfMikes|0 fnt
|faint|p1b: SeaWolfMikes
|
|win|LovelyLilypad
|c|☆LovelyLilypad|gg!!
