|j|☆Staryu14
|j|☆Ribombees believer
|html|Staryu14Ribombees believer    
|uhtml|bestof|Game 3 of a best-of-3
|t:|1755907590
|gametype|doubles
|player|p1|Staryu14|1|1191
|player|p2|Ribombees believer|skier|1248
|gen|9
|tier|[Gen 9] VGC 2025 Reg H (Bo3)
|rated|
|rule|Species Clause: Limit one of each Pokémon
|rule|Item Clause: Limit 1 of each item
|clearpoke
|poke|p1|Archaludon, L50, F|
|poke|p1|Pelipper, L50, M|
|poke|p1|Basculegion, L50, M|
|poke|p1|Incineroar, L50, M|
|poke|p1|Toxicroak, L50, M|
|poke|p1|Amoonguss, L50, M|
|poke|p2|Dondozo, L50, M|
|poke|p2|Tatsugiri, L50, F|
|poke|p2|Indeedee, L50, M|
|poke|p2|Dragapult, L50, M|
|poke|p2|Hydreigon, L50, F|
|poke|p2|Ribombee, L50, F|
|teampreview|4
|showteam|p1|Archaludon||AssaultVest|Stamina|ElectroShot,Snarl,DragonPulse,BodyPress|||F|||50|,,,,,Grass]Pelipper||FocusSash|Drizzle|WeatherBall,Hurricane,Protect,Tailwind|||M|||50|,,,,,Stellar]Basculegion||MysticWater|SwiftSwim|Protect,WaveCrash,AquaJet,LastRespects|||M|||50|,,,,,Water]Incineroar||SafetyGoggles|Intimidate|FakeOut,FlareBlitz,KnockOff,PartingShot|||M|||50|,,,,,Ghost]Toxicroak||LifeOrb|DrySkin|FakeOut,CloseCombat,PoisonJab,SuckerPunch|||M|||50|,,,,,Dark]Amoonguss||CovertCloak|Regenerator|Protect,PollenPuff,RagePowder,Spore|||M|||50|,,,,,Fairy
|showteam|p2|Dondozo||Leftovers|Unaware|WaveCrash,Earthquake,OrderUp,Protect|||M|||50|,,,,,Grass]Tatsugiri||ChoiceScarf|Commander|MuddyWater,DracoMeteor,DragonPulse,TeraBlast|||F|||50|,,,,,Fairy]Indeedee||FocusSash|PsychicSurge|ExpandingForce,TeraBlast,HyperVoice,Protect|||M|||50|,,,,,Fighting]Dragapult||ChoiceBand|ClearBody|DragonDarts,Outrage,PhantomForce,Uturn|||M|||50|,,,,,Dragon]Hydreigon||AssaultVest|Levitate|EarthPower,Snarl,DarkPulse,DracoMeteor|||F|||50|,,,,,Steel]Ribombee||ChoiceSpecs|ShieldDust|Moonblast,PollenPuff,DazzlingGleam,TeraBlast|||F|||50|,,,,,Ground
|inactive|Battle timer is ON: inactive players will automatically lose when time's up. (requested by Ribombees believer)
|inactive|Staryu14 has 60 seconds left.
|
|t:|1755907634
|teamsize|p1|4
|teamsize|p2|4
|start
|switch|p1a: Amoonguss|Amoonguss, L50, M|100/100
|switch|p1b: Archaludon|Archaludon, L50, F|100/100
|switch|p2a: Dragapult|Dragapult, L50, M|100/100
|switch|p2b: Indeedee|Indeedee, L50, M|100/100
|-fieldstart|move: Psychic Terrain|[from] ability: Psychic Surge|[of] p2b: Indeedee
|turn|1
|
|t:|1755907655
|move|p2b: Indeedee|Protect|p2b: Indeedee
|-singleturn|p2b: Indeedee|Protect
|move|p2a: Dragapult|Phantom Force||[still]
|-prepare|p2a: Dragapult|Phantom Force
|move|p1b: Archaludon|Snarl|p2a: Dragapult|[spread] 
|-miss|p1b: Archaludon|p2a: Dragapult
|-activate|p2b: Indeedee|move: Protect
|move|p1a: Amoonguss|Pollen Puff|p1b: Archaludon
|
|upkeep
|turn|2
|
|t:|1755907673
|move|p1a: Amoonguss|Protect|p1a: Amoonguss
|-singleturn|p1a: Amoonguss|Protect
|move|p2a: Dragapult|Phantom Force|p1a: Amoonguss|[from] lockedmove
|-activate|p1a: Amoonguss|move: Phantom Force|[broken]
|-damage|p1a: Amoonguss|39/100
|move|p2b: Indeedee|Expanding Force|p1b: Archaludon|[spread] p1a,p1b
|-supereffective|p1a: Amoonguss
|-resisted|p1b: Archaludon
|-damage|p1a: Amoonguss|0 fnt
|-damage|p1b: Archaludon|79/100
|-ability|p1b: Archaludon|Stamina|boost
|-boost|p1b: Archaludon|def|1
|faint|p1a: Amoonguss
|move|p1b: Archaludon|Snarl|p2b: Indeedee|[spread] p2a,p2b
|-supereffective|p2a: Dragapult
|-crit|p2a: Dragapult
|-supereffective|p2b: Indeedee
|-damage|p2a: Dragapult|43/100
|-damage|p2b: Indeedee|62/100
|-unboost|p2b: Indeedee|spa|1
|
|upkeep
|
|t:|1755907682
|switch|p1a: Basculegion|Basculegion, L50, M|100/100
|turn|3
|inactive|Staryu14 has 30 seconds left.
|inactive|Staryu14 has 20 seconds left.
|inactive|Staryu14 has 15 seconds left.
|inactive|Staryu14 has 10 seconds left.
|
|t:|1755907731
|switch|p2a: Tatsugiri|Tatsugiri, L50, F|100/100
|switch|p2b: Dondozo|Dondozo, L50, M|100/100
|-activate|p2a: Tatsugiri|ability: Commander|[of] p2b: Dondozo
|-boost|p2b: Dondozo|atk|2
|-boost|p2b: Dondozo|spa|2
|-boost|p2b: Dondozo|spe|2
|-boost|p2b: Dondozo|def|2
|-boost|p2b: Dondozo|spd|2
|switch|p1b: Pelipper|Pelipper, L50, M|100/100
|-weather|RainDance|[from] ability: Drizzle|[of] p1b: Pelipper
|move|p1a: Basculegion|Wave Crash|p2a: Tatsugiri|[miss]
|-miss|p1a: Basculegion|p2a: Tatsugiri
|
|-weather|RainDance|[upkeep]
|upkeep
|turn|4
|
|t:|1755907752
|switch|p1a: Archaludon|Archaludon, L50, F|79/100
|move|p2b: Dondozo|Order Up|p1b: Pelipper
|-damage|p1b: Pelipper|39/100
|-boost|p2b: Dondozo|atk|1
|move|p1b: Pelipper|Tailwind|p1b: Pelipper
|-sidestart|p1: Staryu14|move: Tailwind
|
|-weather|RainDance|[upkeep]
|upkeep
|turn|5
|
|t:|1755907767
|move|p1b: Pelipper|Protect|p1b: Pelipper
|-singleturn|p1b: Pelipper|Protect
|move|p1a: Archaludon|Electro Shot||[still]
|-prepare|p1a: Archaludon|Electro Shot
|-boost|p1a: Archaludon|spa|1
|-anim|p1a: Archaludon|Electro Shot|p2b: Dondozo
|-supereffective|p2b: Dondozo
|-damage|p2b: Dondozo|51/100
|move|p2b: Dondozo|Order Up|p1b: Pelipper
|-activate|p1b: Pelipper|move: Protect
|
|-weather|RainDance|[upkeep]
|-heal|p2b: Dondozo|57/100|[from] item: Leftovers
|-fieldend|move: Psychic Terrain
|upkeep
|turn|6
|inactive|Staryu14 has 30 seconds left.
|inactive|Staryu14 has 20 seconds left.
|
|t:|1755907807
|switch|p1b: Basculegion|Basculegion, L50, M|100/100
|move|p2b: Dondozo|Protect|p2b: Dondozo
|-singleturn|p2b: Dondozo|Protect
|move|p1a: Archaludon|Electro Shot||[still]
|-prepare|p1a: Archaludon|Electro Shot
|-boost|p1a: Archaludon|spa|1
|-anim|p1a: Archaludon|Electro Shot|p2b: Dondozo
|-activate|p2b: Dondozo|move: Protect
|
|-weather|RainDance|[upkeep]
|-heal|p2b: Dondozo|63/100|[from] item: Leftovers
|upkeep
|turn|7
|inactive|Staryu14 has 30 seconds left.
|
|t:|1755907839
|-terastallize|p2b: Dondozo|Grass
|move|p1b: Basculegion|Last Respects|p2b: Dondozo
|-damage|p2b: Dondozo|46/100
|move|p1a: Archaludon|Electro Shot||[still]
|-prepare|p1a: Archaludon|Electro Shot
|-boost|p1a: Archaludon|spa|1
|-anim|p1a: Archaludon|Electro Shot|p2b: Dondozo
|-resisted|p2b: Dondozo
|-damage|p2b: Dondozo|35/100
|move|p2b: Dondozo|Earthquake|p1a: Archaludon|[spread] p1a,p1b
|-miss|p2b: Dondozo|p2a: Tatsugiri
|-supereffective|p1a: Archaludon
|-damage|p1a: Archaludon|0 fnt
|-damage|p1b: Basculegion|34/100
|faint|p1a: Archaludon
|
|-weather|none
|-heal|p2b: Dondozo|41/100|[from] item: Leftovers
|-sideend|p1: Staryu14|move: Tailwind
|upkeep
|
|t:|1755907842
|switch|p1a: Pelipper|Pelipper, L50, M|39/100
|-weather|RainDance|[from] ability: Drizzle|[of] p1a: Pelipper
|turn|8
|inactive|Staryu14 has 30 seconds left.
|inactive|Staryu14 has 20 seconds left.
|inactive|Staryu14 has 15 seconds left.
|
|t:|1755907886
|move|p1b: Basculegion|Protect|p1b: Basculegion
|-singleturn|p1b: Basculegion|Protect
|move|p2b: Dondozo|Order Up|p1a: Pelipper
|-crit|p1a: Pelipper
|-damage|p1a: Pelipper|0 fnt
|faint|p1a: Pelipper
|-boost|p2b: Dondozo|atk|1
|
|-weather|RainDance|[upkeep]
|-heal|p2b: Dondozo|47/100|[from] item: Leftovers
|upkeep
|turn|9
|-message|Staryu14 forfeited.
|
|win|Ribombees believer
|raw|Staryu14's rating: 1191 → 1170(-21 for losing)
|raw|Ribombees believer's rating: 1248 → 1269(+21 for winning)
|l|☆Staryu14
|player|p1|
