|j|☆mattcoolcat98
|j|☆FreezyPop439
|html|mattcoolcat98FreezyPop439    
|uhtml|bestof|Game 2 of a best-of-3
|t:|1783087872
|gametype|doubles
|player|p1|mattcoolcat98|102|1329
|player|p2|FreezyPop439|collector|1299
|gen|9
|tier|[Gen 9 Champions] VGC 2026 Reg M-B (Bo3)
|rated|
|rule|Species Clause: Limit one of each Pokémon
|rule|Item Clause: Limit 1 of each item
|clearpoke
|poke|p1|Palafin, L50, F|
|poke|p1|Raichu, L50, F|
|poke|p1|Typhlosion, L50, F|
|poke|p1|Ninetales-Alola, L50, M|
|poke|p1|Jolteon, L50, F|
|poke|p1|Talonflame, L50, F|
|poke|p2|Raichu, L50, F|
|poke|p2|Gyarados, L50, F|
|poke|p2|Mamoswine, L50, F|
|poke|p2|Ceruledge, L50, F|
|poke|p2|Clefable, L50, F|
|poke|p2|Kingambit, L50, M|
|teampreview|4
|showteam|p1|Palafin||MysticWater|ZerotoHero|JetPunch,WaveCrash,FlipTurn,Protect|Adamant||F|||50|]Raichu||RaichuniteX|LightningRod|FakeOut,Protect,RisingVoltage,VoltSwitch|Timid||F|||50|]Typhlosion||Charcoal|FlashFire|Eruption,Protect,FireBlast,ScorchingSands|Modest||F|||50|]Ninetales-Alola||FocusSash|SnowWarning|Blizzard,Protect,FreezeDry,Roar|Timid||M|||50|]Jolteon||LifeOrb|VoltAbsorb|RisingVoltage,Protect,WeatherBall,VoltSwitch|Timid||F|||50|]Talonflame|||GaleWings|Tailwind,Acrobatics,SunnyDay,QuickGuard|Jolly||F|||50|
|showteam|p2|Raichu||RaichuniteY|Static|ZapCannon,FocusBlast,FakeOut,Protect|Timid||F|||50|]Gyarados||Gyaradosite|Intimidate|Waterfall,PowerWhip,DragonDance,Protect|Adamant||F|||50|]Mamoswine||LifeOrb|Oblivious|HighHorsepower,IceShard,IcicleCrash,Protect|Jolly||F|||50|]Ceruledge||ColburBerry|FlashFire|BitterBlade,ShadowSneak,BulkUp,Protect|Adamant||F|||50|]Clefable||SitrusBerry|Unaware|Moonblast,FollowMe,HelpingHand,Protect|Bold||F|||50|]Kingambit||FocusSash|Defiant|IronHead,KowtowCleave,SuckerPunch,LowKick|Adamant||M|||50|
|
|t:|1783087895
|teamsize|p1|4
|teamsize|p2|4
|start
|switch|p1a: Palafin|Palafin, L50, F|100/100
|switch|p1b: Raichu|Raichu, L50, F|100/100
|switch|p2a: Raichu|Raichu, L50, F|100/100
|switch|p2b: Mamoswine|Mamoswine, L50, F|100/100
|turn|1
|
|t:|1783087919
|switch|p1b: Talonflame|Talonflame, L50, F|100/100
|switch|p2b: Gyarados|Gyarados, L50, F|100/100
|-ability|p2b: Gyarados|Intimidate|boost
|-unboost|p1a: Palafin|atk|1
|-unboost|p1b: Talonflame|atk|1
|detailschange|p2a: Raichu|Raichu-Mega-Y, L50, F
|-mega|p2a: Raichu|Raichu|Raichunite Y
|move|p2a: Raichu|Zap Cannon|p1a: Palafin
|-supereffective|p1a: Palafin|1
|-damage|p1a: Palafin|0 fnt
|faint|p1a: Palafin
|
|upkeep
|
|t:|1783087935
|switch|p1a: Raichu|Raichu, L50, F|100/100
|turn|2
|
|t:|1783087953
|switch|p2a: Mamoswine|Mamoswine, L50, F|100/100
|move|p2b: Gyarados|Protect|p2b: Gyarados
|-singleturn|p2b: Gyarados|Protect
|move|p1b: Talonflame|Tailwind|p1b: Talonflame
|-sidestart|p1: mattcoolcat98|move: Tailwind
|move|p1a: Raichu|Rising Voltage|p2b: Gyarados
|-activate|p2b: Gyarados|move: Protect
|
|upkeep
|turn|3
|
|t:|1783087967
|move|p1b: Talonflame|Acrobatics|p2a: Mamoswine
|-damage|p2a: Mamoswine|66/100
|move|p1a: Raichu|Volt Switch|p2b: Gyarados
|-supereffective|p2b: Gyarados|2
|-damage|p2b: Gyarados|0 fnt
|faint|p2b: Gyarados
|
|t:|1783087975
|switch|p1a: Jolteon|Jolteon, L50, F|100/100|[from] Volt Switch
|move|p2a: Mamoswine|High Horsepower|p1a: Jolteon
|-supereffective|p1a: Jolteon|1
|-damage|p1a: Jolteon|0 fnt
|faint|p1a: Jolteon
|-damage|p2a: Mamoswine|56/100|[from] item: Life Orb
|
|upkeep
|
|t:|1783087981
|switch|p1a: Raichu|Raichu, L50, F|100/100
|switch|p2b: Raichu|Raichu-Mega-Y, L50, F|100/100
|turn|4
|
|t:|1783087990
|move|p1a: Raichu|Fake Out|p2a: Mamoswine
|-damage|p2a: Mamoswine|48/100
|move|p2b: Raichu|Fake Out|p1b: Talonflame
|-damage|p1b: Talonflame|85/100
|cant|p1b: Talonflame|flinch
|cant|p2a: Mamoswine|flinch
|
|upkeep
|turn|5
|
|t:|1783088007
|move|p1b: Talonflame|Acrobatics|p2a: Mamoswine
|-damage|p2a: Mamoswine|12/100
|move|p1a: Raichu|Rising Voltage|p2b: Raichu
|-resisted|p2b: Raichu|1
|-damage|p2b: Raichu|81/100
|move|p2b: Raichu|Zap Cannon|p1a: Raichu
|-activate|p1a: Raichu|ability: Lightning Rod
|-ability|p1a: Raichu|Lightning Rod|boost
|-boost|p1a: Raichu|spa|1
|move|p2a: Mamoswine|High Horsepower|p1a: Raichu
|-supereffective|p1a: Raichu|1
|-damage|p1a: Raichu|0 fnt
|faint|p1a: Raichu
|-damage|p2a: Mamoswine|3/100|[from] item: Life Orb
|
|-sideend|p1: mattcoolcat98|move: Tailwind
|upkeep
|turn|6
|
|t:|1783088022
|move|p2a: Mamoswine|Ice Shard|p1b: Talonflame
|-damage|p1b: Talonflame|43/100
|-damage|p2a: Mamoswine|0 fnt|[from] item: Life Orb
|faint|p2a: Mamoswine
|move|p1b: Talonflame|Tailwind|p1b: Talonflame
|-sidestart|p1: mattcoolcat98|move: Tailwind
|move|p2b: Raichu|Zap Cannon|p1b: Talonflame
|-supereffective|p1b: Talonflame|1
|-crit|p1b: Talonflame
|-damage|p1b: Talonflame|0 fnt
|faint|p1b: Talonflame
|
|win|FreezyPop439
|raw|mattcoolcat98's rating: 1329 → 1307(-22 for losing)
|raw|FreezyPop439's rating: 1299 → 1326(+27 for winning)
|l|☆mattcoolcat98
|player|p1|
