|j|☆AquamarineVGC
|j|☆uuiLop
|html|AquamarineVGCuuiLop    
|uhtml|bestof|Game 2 of a best-of-3
|t:|1784547510
|gametype|doubles
|player|p1|AquamarineVGC|unknown|1211
|player|p2|uuiLop|pokemonbreeder-gen4|1392
|gen|9
|tier|[Gen 9 Champions] VGC 2026 Reg M-B (Bo3)
|rated|
|rule|Species Clause: Limit one of each Pokémon
|rule|Item Clause: Limit 1 of each item
|clearpoke
|poke|p1|Pelipper, L50, F|
|poke|p1|Archaludon, L50, F|
|poke|p1|Staraptor, L50, M|
|poke|p1|Glimmora, L50, F|
|poke|p1|Clefable, L50, M|
|poke|p1|Grimmsnarl, L50, M|
|poke|p2|Froslass, L50, F|
|poke|p2|Arcanine-Hisui, L50, F|
|poke|p2|Milotic, L50, M|
|poke|p2|Rotom-Wash, L50|
|poke|p2|Whimsicott, L50, F|
|poke|p2|Charizard, L50, F|
|teampreview|4
|showteam|p1|Pelipper||QuickClaw|Drizzle|Hurricane,WeatherBall,Tailwind,WideGuard|Modest||F|||50|]Archaludon||Leftovers|Stamina|FlashCannon,DragonPulse,ElectroShot,Protect|Modest||F|||50|]Staraptor||Staraptite|Intimidate|BraveBird,CloseCombat,Roost,Protect|Adamant||M|||50|]Glimmora||Glimmoranite|ToxicDebris|PowerGem,SludgeBomb,AcidSpray,SpikyShield|Timid||F|||50|]Clefable||SitrusBerry|Unaware|Moonblast,FollowMe,LifeDew,Protect|Bold||M|||50|]Grimmsnarl||LightClay|Prankster|FoulPlay,Reflect,LightScreen,PartingShot|Calm||M|||50|
|showteam|p2|Froslass||Froslassite|SnowCloak|Blizzard,ShadowBall,WillOWisp,Protect|Modest||F|||50|]Arcanine-Hisui||FocusSash|RockHead|RockSlide,Protect,FlareBlitz,ExtremeSpeed|Jolly||F|||50|]Milotic||MysticWater|Competitive|Scald,IceBeam,Recover,Protect|Modest||M|||50|]Rotom-Wash||SitrusBerry|Levitate|Thunderbolt,WillOWisp,Protect,HydroPump|Bold|||||50|]Whimsicott||FairyFeather|Prankster|Moonblast,Protect,Tailwind,Taunt|Timid||F|||50|]Charizard||CharizarditeY|SolarPower|HeatWave,WeatherBall,SolarBeam,Protect|Timid||F|||50|
|
|t:|1784547536
|teamsize|p1|4
|teamsize|p2|4
|start
|switch|p1a: Grimmsnarl|Grimmsnarl, L50, M|100/100
|switch|p1b: Glimmora|Glimmora, L50, F|100/100
|switch|p2a: Rotom|Rotom-Wash, L50|100/100
|switch|p2b: Whimsicott|Whimsicott, L50, F|100/100
|turn|1
|
|t:|1784547557
|switch|p2b: Milotic|Milotic, L50, M|100/100
|detailschange|p1b: Glimmora|Glimmora-Mega, L50, F
|-mega|p1b: Glimmora|Glimmora|Glimmoranite
|move|p1a: Grimmsnarl|Light Screen|p1a: Grimmsnarl
|-sidestart|p1: AquamarineVGC|move: Light Screen
|move|p1b: Glimmora|Acid Spray|p2a: Rotom
|-crit|p2a: Rotom
|-damage|p2a: Rotom|54/100
|-unboost|p2a: Rotom|spd|2
|move|p2a: Rotom|Hydro Pump|p1b: Glimmora
|-supereffective|p1b: Glimmora|1
|-crit|p1b: Glimmora
|-damage|p1b: Glimmora|0 fnt
|faint|p1b: Glimmora
|
|upkeep
|
|t:|1784547570
|switch|p1b: Archaludon|Archaludon, L50, F|100/100
|turn|2
|
|t:|1784547599
|move|p2a: Rotom|Protect|p2a: Rotom
|-singleturn|p2a: Rotom|Protect
|move|p1a: Grimmsnarl|Parting Shot|p2a: Rotom
|-activate|p2a: Rotom|move: Protect
|move|p1b: Archaludon|Electro Shot||[still]
|-prepare|p1b: Archaludon|Electro Shot
|-boost|p1b: Archaludon|spa|1
|move|p2b: Milotic|Scald|p1a: Grimmsnarl
|-damage|p1a: Grimmsnarl|79/100
|
|upkeep
|turn|3
|
|t:|1784547621
|switch|p2b: Whimsicott|Whimsicott, L50, F|100/100
|move|p1b: Archaludon|Electro Shot|p2b: Whimsicott|[from] lockedmove
|-resisted|p2b: Whimsicott|1
|-damage|p2b: Whimsicott|49/100
|move|p2a: Rotom|Thunderbolt|p1a: Grimmsnarl
|-damage|p1a: Grimmsnarl|61/100
|move|p1a: Grimmsnarl|Foul Play|p2b: Whimsicott
|-resisted|p2b: Whimsicott|1
|-damage|p2b: Whimsicott|32/100
|
|upkeep
|turn|4
|
|t:|1784547648
|move|p1a: Grimmsnarl|Parting Shot|p2b: Whimsicott
|-unboost|p2b: Whimsicott|atk|1
|-unboost|p2b: Whimsicott|spa|1
|
|t:|1784547651
|switch|p1a: Pelipper|Pelipper, L50, F|100/100|[from] Parting Shot
|-weather|RainDance|[from] ability: Drizzle|[of] p1a: Pelipper
|move|p2b: Whimsicott|Moonblast|p1a: Pelipper
|-damage|p1a: Pelipper|69/100
|move|p1b: Archaludon|Electro Shot||[still]
|-prepare|p1b: Archaludon|Electro Shot
|-boost|p1b: Archaludon|spa|1
|-anim|p1b: Archaludon|Electro Shot|p2a: Rotom
|-damage|p2a: Rotom|0 fnt
|faint|p2a: Rotom
|
|-weather|RainDance|[upkeep]
|upkeep
|
|t:|1784547661
|switch|p2a: Charizard|Charizard, L50, F|100/100
|turn|5
|
|t:|1784547674
|switch|p1a: Grimmsnarl|Grimmsnarl, L50, M|61/100
|detailschange|p2a: Charizard|Charizard-Mega-Y, L50, F
|-mega|p2a: Charizard|Charizard|Charizardite Y
|-weather|SunnyDay|[from] ability: Drought|[of] p2a: Charizard
|move|p1b: Archaludon|Protect|p1b: Archaludon
|-singleturn|p1b: Archaludon|Protect
|move|p2b: Whimsicott|Moonblast|p1b: Archaludon
|-activate|p1b: Archaludon|move: Protect
|move|p2a: Charizard|Weather Ball|p1b: Archaludon
|-activate|p1b: Archaludon|move: Protect
|
|-weather|SunnyDay|[upkeep]
|upkeep
|turn|6
|
|t:|1784547693
|switch|p2a: Milotic|Milotic, L50, M|100/100
|move|p2b: Whimsicott|Protect|p2b: Whimsicott
|-singleturn|p2b: Whimsicott|Protect
|move|p1a: Grimmsnarl|Parting Shot|p2a: Milotic
|-unboost|p2a: Milotic|atk|1
|-ability|p2a: Milotic|Competitive|boost
|-boost|p2a: Milotic|spa|2
|-unboost|p2a: Milotic|spa|1
|-ability|p2a: Milotic|Competitive|boost
|-boost|p2a: Milotic|spa|2
|
|t:|1784547702
|switch|p1a: Pelipper|Pelipper, L50, F|69/100|[from] Parting Shot
|-weather|RainDance|[from] ability: Drizzle|[of] p1a: Pelipper
|move|p1b: Archaludon|Flash Cannon|p2b: Whimsicott
|-activate|p2b: Whimsicott|move: Protect
|
|-weather|RainDance|[upkeep]
|upkeep
|turn|7
|
|t:|1784547718
|switch|p1a: Grimmsnarl|Grimmsnarl, L50, M|61/100
|move|p2b: Whimsicott|Tailwind|p2b: Whimsicott
|-sidestart|p2: uuiLop|move: Tailwind
|move|p2a: Milotic|Scald|p1b: Archaludon
|-resisted|p1b: Archaludon|1
|-damage|p1b: Archaludon|34/100
|-status|p1b: Archaludon|brn
|-ability|p1b: Archaludon|Stamina|boost
|-boost|p1b: Archaludon|def|1
|move|p1b: Archaludon|Electro Shot||[still]
|-prepare|p1b: Archaludon|Electro Shot
|-boost|p1b: Archaludon|spa|1
|-anim|p1b: Archaludon|Electro Shot|p2a: Milotic
|-supereffective|p2a: Milotic|1
|-damage|p2a: Milotic|0 fnt
|faint|p2a: Milotic
|
|-weather|RainDance|[upkeep]
|-heal|p1b: Archaludon|40/100 brn|[from] item: Leftovers
|-damage|p1b: Archaludon|34/100 brn|[from] brn
|upkeep
|
|t:|1784547726
|switch|p2a: Charizard|Charizard-Mega-Y, L50, F|100/100
|-weather|SunnyDay|[from] ability: Drought|[of] p2a: Charizard
|turn|8
|
|t:|1784547748
|move|p1b: Archaludon|Protect|p1b: Archaludon
|-singleturn|p1b: Archaludon|Protect
|move|p1a: Grimmsnarl|Parting Shot|p2a: Charizard
|-unboost|p2a: Charizard|atk|1
|-unboost|p2a: Charizard|spa|1
|
|t:|1784547752
|switch|p1a: Pelipper|Pelipper, L50, F|69/100|[from] Parting Shot
|-weather|RainDance|[from] ability: Drizzle|[of] p1a: Pelipper
|move|p2b: Whimsicott|Moonblast|p1b: Archaludon
|-activate|p1b: Archaludon|move: Protect
|move|p2a: Charizard|Heat Wave|p1b: Archaludon|[spread] p1a
|-activate|p1b: Archaludon|move: Protect
|-resisted|p1a: Pelipper|1
|-damage|p1a: Pelipper|63/100
|
|-weather|RainDance|[upkeep]
|-heal|p1b: Archaludon|40/100 brn|[from] item: Leftovers
|-damage|p1b: Archaludon|34/100 brn|[from] brn
|-sideend|p1: AquamarineVGC|move: Light Screen
|upkeep
|turn|9
|
|t:|1784547766
|move|p2b: Whimsicott|Moonblast|p1b: Archaludon
|-damage|p1b: Archaludon|0 fnt
|faint|p1b: Archaludon
|move|p2a: Charizard|Weather Ball|p1a: Pelipper
|-resisted|p1a: Pelipper|1
|-damage|p1a: Pelipper|32/100
|move|p1a: Pelipper|Weather Ball|p2a: Charizard
|-supereffective|p2a: Charizard|1
|-damage|p2a: Charizard|0 fnt
|faint|p2a: Charizard
|
|-weather|RainDance|[upkeep]
|upkeep
|
|t:|1784547772
|switch|p1b: Grimmsnarl|Grimmsnarl, L50, M|61/100
|turn|10
|
|t:|1784547779
|move|p1b: Grimmsnarl|Light Screen|p1b: Grimmsnarl
|-sidestart|p1: AquamarineVGC|move: Light Screen
|move|p2b: Whimsicott|Moonblast|p1a: Pelipper
|-damage|p1a: Pelipper|3/100
|move|p1a: Pelipper|Hurricane|p2b: Whimsicott
|-supereffective|p2b: Whimsicott|1
|-damage|p2b: Whimsicott|0 fnt
|faint|p2b: Whimsicott
|
|win|AquamarineVGC
|raw|AquamarineVGC's rating: 1211 → 1248(+37 for winning)
|raw|uuiLop's rating: 1392 → 1362(-30 for losing)
