|j|☆GlitchXDGOAT
|j|‽paonite essay
|html|GlitchXDGOATpaonite essay    
|uhtml|bestof|Game 2 of a best-of-3
|t:|1784624495
|gametype|doubles
|player|p1|GlitchXDGOAT|1|1421
|player|p2|paonite essay|266|1328
|gen|9
|tier|[Gen 9 Champions] VGC 2026 Reg M-B (Bo3)
|rated|
|rule|Species Clause: Limit one of each Pokémon
|rule|Item Clause: Limit 1 of each item
|clearpoke
|poke|p1|Farigiraf, L50, M|
|poke|p1|Floette-Eternal, L50, F|
|poke|p1|Whimsicott, L50, M|
|poke|p1|Kingambit, L50, F|
|poke|p1|Charizard, L50, F|
|poke|p1|Mamoswine, L50, M|
|poke|p2|Charizard, L50, F, shiny|
|poke|p2|Metagross, L50, shiny|
|poke|p2|Hydreigon, L50, F|
|poke|p2|Incineroar, L50, M, shiny|
|poke|p2|Toxapex, L50, M, shiny|
|poke|p2|Annihilape, L50, M, shiny|
|teampreview|4
|showteam|p1|Farigiraf||SitrusBerry|ArmorTail|Psychic,HelpingHand,Roar,TrickRoom|Bold||M|||50|]Floette-Eternal||Floettite|FlowerVeil|Moonblast,DrainingKiss,CalmMind,Protect|Quiet||F|||50|]Whimsicott||FairyFeather|Prankster|Moonblast,Tailwind,Encore,Protect|Timid||M|||50|]Kingambit||FocusSash|Defiant|SuckerPunch,KowtowCleave,IronHead,LowKick|Adamant||F|||50|]Charizard||CharizarditeY|Blaze|HeatWave,WeatherBall,SolarBeam,Protect|Modest||F|||50|]Mamoswine||LifeOrb|Oblivious|IceShard,HighHorsepower,RockSlide,Protect|Adamant||M|||50|
|showteam|p2|Charizard||CharizarditeY|Blaze|HeatWave,WeatherBall,SolarBeam,Protect|Modest||F|||50|]Metagross||Metagrossite|ClearBody|PsychicFangs,BulletPunch,IcePunch,Protect|Jolly|||||50|]Hydreigon||ChoiceScarf|Levitate|DarkPulse,DracoMeteor,Snarl,EarthPower|Modest||F|||50|]Incineroar||SitrusBerry|Intimidate|FlareBlitz,ThroatChop,PartingShot,FakeOut|Impish||M|||50|]Toxapex||Leftovers|Regenerator|Infestation,Toxic,WideGuard,BanefulBunker|Relaxed||M|||50|]Annihilape||FocusSash|Defiant|PhantomForce,CloseCombat,RockTomb,Protect|Jolly||M|||50|
|inactive|Battle timer is ON: inactive players will automatically lose when time's up. (requested by GlitchXDGOAT)
|
|t:|1784624512
|teamsize|p1|4
|teamsize|p2|4
|start
|switch|p1a: Whimsicott|Whimsicott, L50, M|100/100
|switch|p1b: Mamoswine|Mamoswine, L50, M|100/100
|switch|p2a: Charizard|Charizard, L50, F, shiny|100/100
|switch|p2b: Annihilape|Annihilape, L50, M, shiny|100/100
|turn|1
|
|t:|1784624527
|switch|p2a: Toxapex|Toxapex, L50, M, shiny|100/100
|move|p1b: Mamoswine|Protect|p1b: Mamoswine
|-singleturn|p1b: Mamoswine|Protect
|move|p1a: Whimsicott|Tailwind|p1a: Whimsicott
|-sidestart|p1: GlitchXDGOAT|move: Tailwind
|move|p2b: Annihilape|Close Combat|p1b: Mamoswine
|-activate|p1b: Mamoswine|move: Protect
|
|upkeep
|turn|2
|
|t:|1784624542
|move|p1b: Mamoswine|Ice Shard|p2b: Annihilape
|-crit|p2b: Annihilape
|-damage|p2b: Annihilape|49/100
|-damage|p1b: Mamoswine|90/100|[from] item: Life Orb
|move|p1a: Whimsicott|Moonblast|p2b: Annihilape
|-supereffective|p2b: Annihilape|1
|-damage|p2b: Annihilape|0 fnt
|faint|p2b: Annihilape
|move|p2a: Toxapex|Infestation|p1a: Whimsicott
|-damage|p1a: Whimsicott|95/100
|-activate|p1a: Whimsicott|move: Infestation|[of] p2a: Toxapex
|
|-damage|p1a: Whimsicott|83/100|[from] move: Infestation|[partiallytrapped]
|upkeep
|
|t:|1784624545
|switch|p2b: Charizard|Charizard, L50, F, shiny|100/100
|turn|3
|
|t:|1784624560
|detailschange|p2b: Charizard|Charizard-Mega-Y, L50, F, shiny
|-mega|p2b: Charizard|Charizard|Charizardite Y
|-weather|SunnyDay|[from] ability: Drought|[of] p2b: Charizard
|move|p2a: Toxapex|Wide Guard|p2a: Toxapex
|-singleturn|p2a: Toxapex|Wide Guard
|move|p1a: Whimsicott|Encore|p2a: Toxapex
|-start|p2a: Toxapex|Encore
|move|p1b: Mamoswine|High Horsepower|p2a: Toxapex
|-supereffective|p2a: Toxapex|1
|-damage|p2a: Toxapex|8/100
|-damage|p1b: Mamoswine|80/100|[from] item: Life Orb
|move|p2b: Charizard|Heat Wave|p1a: Whimsicott|[spread] p1a,p1b
|-supereffective|p1a: Whimsicott|1
|-supereffective|p1b: Mamoswine|1
|-damage|p1a: Whimsicott|0 fnt
|-damage|p1b: Mamoswine|0 fnt
|faint|p1a: Whimsicott
|faint|p1b: Mamoswine
|
|-weather|SunnyDay|[upkeep]
|-heal|p2a: Toxapex|14/100|[from] item: Leftovers
|upkeep
|
|t:|1784624572
|switch|p1a: Kingambit|Kingambit, L50, F|100/100
|switch|p1b: Charizard|Charizard, L50, F|100/100
|turn|4
|
|t:|1784624585
|detailschange|p1b: Charizard|Charizard-Mega-Y, L50, F
|-mega|p1b: Charizard|Charizard|Charizardite Y
|move|p2b: Charizard|Protect|p2b: Charizard
|-singleturn|p2b: Charizard|Protect
|move|p2a: Toxapex|Wide Guard|p2a: Toxapex
|-singleturn|p2a: Toxapex|Wide Guard
|move|p1b: Charizard|Weather Ball|p2b: Charizard
|-activate|p2b: Charizard|move: Protect
|move|p1a: Kingambit|Low Kick|p2a: Toxapex
|-resisted|p2a: Toxapex|1
|-damage|p2a: Toxapex|9/100
|
|-weather|SunnyDay|[upkeep]
|-heal|p2a: Toxapex|15/100|[from] item: Leftovers
|-sideend|p1: GlitchXDGOAT|move: Tailwind
|upkeep
|turn|5
|inactive|paonite essay has 30 seconds left.
|
|t:|1784624611
|switch|p2b: Incineroar|Incineroar, L50, M, shiny|100/100
|-ability|p2b: Incineroar|Intimidate|boost
|-unboost|p1a: Kingambit|atk|1
|-ability|p1a: Kingambit|Defiant|boost
|-boost|p1a: Kingambit|atk|2
|-unboost|p1b: Charizard|atk|1
|move|p2a: Toxapex|Wide Guard|p2a: Toxapex
|-singleturn|p2a: Toxapex|Wide Guard
|move|p1a: Kingambit|Sucker Punch||[still]
|-fail|p1a: Kingambit
|move|p1b: Charizard|Weather Ball|p2b: Incineroar
|-resisted|p2b: Incineroar|1
|-damage|p2b: Incineroar|49/100
|-enditem|p2b: Incineroar|Sitrus Berry|[eat]
|-heal|p2b: Incineroar|74/100|[from] item: Sitrus Berry
|
|-weather|SunnyDay|[upkeep]
|-heal|p2a: Toxapex|21/100|[from] item: Leftovers
|upkeep
|turn|6
|inactive|paonite essay has 30 seconds left.
|
|t:|1784624642
|-heal|p2a: Toxapex|54/100|[from] ability: Regenerator|[silent]
|switch|p2a: Charizard|Charizard-Mega-Y, L50, F, shiny|100/100
|move|p2b: Incineroar|Fake Out|p1a: Kingambit
|-resisted|p1a: Kingambit|1
|-damage|p1a: Kingambit|95/100
|move|p1b: Charizard|Weather Ball|p2a: Charizard
|-resisted|p2a: Charizard|1
|-damage|p2a: Charizard|58/100
|cant|p1a: Kingambit|flinch
|
|-weather|SunnyDay|[upkeep]
|upkeep
|turn|7
|
|t:|1784624655
|switch|p2b: Toxapex|Toxapex, L50, M, shiny|54/100
|move|p2a: Charizard|Protect|p2a: Charizard
|-singleturn|p2a: Charizard|Protect
|move|p1b: Charizard|Weather Ball|p2a: Charizard
|-activate|p2a: Charizard|move: Protect
|move|p1a: Kingambit|Low Kick|p2b: Toxapex
|-resisted|p2b: Toxapex|1
|-damage|p2b: Toxapex|47/100
|
|-weather|none
|-heal|p2b: Toxapex|52/100|[from] item: Leftovers
|upkeep
|turn|8
|
|t:|1784624668
|move|p1a: Kingambit|Sucker Punch|p2a: Charizard
|-damage|p2a: Charizard|0 fnt
|faint|p2a: Charizard
|move|p1b: Charizard|Weather Ball|p2b: Toxapex
|-damage|p2b: Toxapex|36/100
|move|p2b: Toxapex|Infestation|p1b: Charizard
|-resisted|p1b: Charizard|2
|-damage|p1b: Charizard|99/100
|-activate|p1b: Charizard|move: Infestation|[of] p2b: Toxapex
|
|-heal|p2b: Toxapex|42/100|[from] item: Leftovers
|-damage|p1b: Charizard|86/100|[from] move: Infestation|[partiallytrapped]
|upkeep
|
|t:|1784624671
|switch|p2a: Incineroar|Incineroar, L50, M, shiny|74/100
|-ability|p2a: Incineroar|Intimidate|boost
|-unboost|p1a: Kingambit|atk|1
|-ability|p1a: Kingambit|Defiant|boost
|-boost|p1a: Kingambit|atk|2
|-unboost|p1b: Charizard|atk|1
|turn|9
|
|t:|1784624686
|move|p2a: Incineroar|Fake Out|p1a: Kingambit
|-resisted|p1a: Kingambit|1
|-damage|p1a: Kingambit|90/100
|move|p1b: Charizard|Weather Ball|p2b: Toxapex
|-damage|p2b: Toxapex|22/100
|cant|p1a: Kingambit|flinch
|move|p2b: Toxapex|Toxic|p1b: Charizard
|-status|p1b: Charizard|tox
|
|-heal|p2b: Toxapex|28/100|[from] item: Leftovers
|-damage|p1b: Charizard|81/100 tox|[from] psn
|-damage|p1b: Charizard|68/100 tox|[from] move: Infestation|[partiallytrapped]
|upkeep
|turn|10
|
|t:|1784624695
|move|p1b: Charizard|Weather Ball|p2b: Toxapex
|-damage|p2b: Toxapex|10/100
|move|p1a: Kingambit|Low Kick|p2a: Incineroar
|-supereffective|p2a: Incineroar|1
|-damage|p2a: Incineroar|0 fnt
|faint|p2a: Incineroar
|move|p2b: Toxapex|Infestation|p1a: Kingambit
|-damage|p1a: Kingambit|86/100
|-activate|p1a: Kingambit|move: Infestation|[of] p2b: Toxapex
|
|-heal|p2b: Toxapex|15/100|[from] item: Leftovers
|-damage|p1b: Charizard|56/100 tox|[from] psn
|-damage|p1b: Charizard|44/100 tox|[from] move: Infestation|[partiallytrapped]
|-damage|p1a: Kingambit|74/100|[from] move: Infestation|[partiallytrapped]
|upkeep
|turn|11
|-message|paonite essay forfeited.
|
|win|GlitchXDGOAT
|raw|GlitchXDGOAT's rating: 1421 → 1436(+15 for winning)
|raw|paonite essay's rating: 1328 → 1313(-15 for losing)
|l|‽paonite essay
|player|p2|
|c|☆GlitchXDGOAT|GG
