|j|☆RegiSIXSEVEN
|j|☆caverna1
|html|RegiSIXSEVENcaverna1    
|uhtml|bestof|Game 2 of a best-of-3
|t:|1783156317
|gametype|doubles
|player|p1|RegiSIXSEVEN|steven|1125
|player|p2|caverna1|boarder|1045
|gen|9
|tier|[Gen 9 Champions] VGC 2026 Reg M-B (Bo3)
|rated|
|rule|Species Clause: Limit one of each Pokémon
|rule|Item Clause: Limit 1 of each item
|clearpoke
|poke|p1|Gengar, L50, F, shiny|
|poke|p1|Swampert, L50, M, shiny|
|poke|p1|Incineroar, L50, F, shiny|
|poke|p1|Politoed, L50, F, shiny|
|poke|p1|Archaludon, L50, M, shiny|
|poke|p1|Vivillon-Elegant, L50, M, shiny|
|poke|p2|Sceptile, L50, F|
|poke|p2|Aerodactyl, L50, F|
|poke|p2|Gholdengo, L50|
|poke|p2|Rotom-Heat, L50|
|poke|p2|Pelipper, L50, M|
|poke|p2|Milotic, L50, F|
|teampreview|4
|showteam|p1|Gengar||Gengarite|CursedBody|ShadowBall,SludgeBomb,PerishSong,Protect|Timid||F|||50|]Swampert||Swampertite|Damp|WaveCrash,Earthquake,IcePunch,Protect|Adamant||M|||50|]Incineroar||PasshoBerry|Intimidate|FakeOut,ThroatChop,PartingShot,Protect|Sassy||F|||50|]Politoed||SitrusBerry|Drizzle|WeatherBall,Encore,PerishSong,Protect|Calm||F|||50|]Archaludon||Leftovers|Stamina|DragonPulse,FlashCannon,ElectroShot,Protect|Bold||M|||50|]Vivillon-Elegant||FocusSash|CompoundEyes|Hurricane,SleepPowder,RagePowder,Protect|Timid||M|||50|
|showteam|p2|Sceptile||Sceptilite|Overgrow|Protect,EarthPower,EnergyBall,VacuumWave|Timid||F|||50|]Aerodactyl||FocusSash|Unnerve|Tailwind,Earthquake,RockSlide,DualWingbeat|Jolly||F|||50|]Gholdengo||LifeOrb|GoodasGold|Protect,NastyPlot,ShadowBall,MakeItRain|Modest|||||50|]Rotom-Heat||ChoiceScarf|Levitate|Trick,Discharge,Overheat,Thunder|Timid|||||50|]Pelipper||SitrusBerry|Drizzle|Hurricane,Protect,WeatherBall,Tailwind|Modest||M|||50|]Milotic||Leftovers|Competitive|Protect,Scald,LifeDew,IcyWind|Bold||F|||50|
|inactive|Battle timer is ON: inactive players will automatically lose when time's up. (requested by RegiSIXSEVEN)
|inactive|caverna1 also wants the timer to be on.
|inactive|caverna1 has 60 seconds left.
|inactive|caverna1 has 30 seconds left.
|inactive|caverna1 has 20 seconds left.
|inactive|caverna1 has 15 seconds left.
|
|t:|1783156396
|teamsize|p1|4
|teamsize|p2|4
|start
|switch|p1a: Swampert|Swampert, L50, M, shiny|100/100
|switch|p1b: Vivillon|Vivillon-Elegant, L50, M, shiny|100/100
|switch|p2a: Gholdengo|Gholdengo, L50|100/100
|switch|p2b: Milotic|Milotic, L50, F|100/100
|turn|1
|inactive|RegiSIXSEVEN has 30 seconds left.
|inactive|caverna1 has 30 seconds left.
|inactive|caverna1 has 20 seconds left.
|inactive|caverna1 has 15 seconds left.
|inactive|caverna1 has 10 seconds left.
|inactive|caverna1 has 5 seconds left.
|
|t:|1783156447
|switch|p2b: Rotom|Rotom-Heat, L50|100/100
|switch|p2a: Sceptile|Sceptile, L50, F|100/100
|detailschange|p1a: Swampert|Swampert-Mega, L50, M, shiny
|-mega|p1a: Swampert|Swampert|Swampertite
|move|p1b: Vivillon|Sleep Powder|p2b: Rotom
|-status|p2b: Rotom|slp|[from] move: Sleep Powder
|move|p1a: Swampert|Earthquake|p2a: Sceptile|[spread] p2a
|-immune|p1b: Vivillon
|-immune|p2b: Rotom|[from] ability: Levitate
|-resisted|p2a: Sceptile|1
|-damage|p2a: Sceptile|62/100
|
|upkeep
|turn|2
|inactive|RegiSIXSEVEN has 30 seconds left.
|inactive|caverna1 has 30 seconds left.
|inactive|caverna1 has 20 seconds left.
|
|t:|1783156483
|switch|p1a: Archaludon|Archaludon, L50, M, shiny|100/100
|detailschange|p2a: Sceptile|Sceptile-Mega, L50, F
|-mega|p2a: Sceptile|Sceptile|Sceptilite
|cant|p2b: Rotom|slp
|move|p2a: Sceptile|Energy Ball|p1a: Archaludon
|-resisted|p1a: Archaludon|2
|-damage|p1a: Archaludon|88/100
|-ability|p1a: Archaludon|Stamina|boost
|-boost|p1a: Archaludon|def|1
|move|p1b: Vivillon|Hurricane|p2a: Sceptile
|-supereffective|p2a: Sceptile|1
|-damage|p2a: Sceptile|0 fnt
|faint|p2a: Sceptile
|
|-heal|p1a: Archaludon|94/100|[from] item: Leftovers
|upkeep
|inactive|caverna1 has 30 seconds left.
|
|t:|1783156510
|switch|p2a: Gholdengo|Gholdengo, L50|100/100
|turn|3
|inactive|RegiSIXSEVEN has 30 seconds left.
|inactive|caverna1 has 30 seconds left.
|inactive|RegiSIXSEVEN has 20 seconds left.
|
|t:|1783156546
|move|p1b: Vivillon|Rage Powder|p1b: Vivillon
|-singleturn|p1b: Vivillon|move: Rage Powder
|cant|p2b: Rotom|slp
|move|p1a: Archaludon|Electro Shot||[still]
|-prepare|p1a: Archaludon|Electro Shot
|-boost|p1a: Archaludon|spa|1
|move|p2a: Gholdengo|Nasty Plot|p2a: Gholdengo
|-boost|p2a: Gholdengo|spa|2
|
|-heal|p1a: Archaludon|100/100|[from] item: Leftovers
|upkeep
|turn|4
|inactive|caverna1 has 30 seconds left.
|inactive|caverna1 has 20 seconds left.
|inactive|caverna1 has 15 seconds left.
|inactive|caverna1 has 10 seconds left.
|
|t:|1783156593
|move|p2a: Gholdengo|Protect|p2a: Gholdengo
|-singleturn|p2a: Gholdengo|Protect
|move|p1b: Vivillon|Rage Powder|p1b: Vivillon
|-singleturn|p1b: Vivillon|move: Rage Powder
|-curestatus|p2b: Rotom|slp|[msg]
|move|p2b: Rotom|Overheat|p1b: Vivillon
|-supereffective|p1b: Vivillon|1
|-enditem|p1b: Vivillon|Focus Sash
|-damage|p1b: Vivillon|1/100
|-unboost|p2b: Rotom|spa|2
|move|p1a: Archaludon|Electro Shot|p2a: Gholdengo|[from] lockedmove
|-activate|p2a: Gholdengo|move: Protect
|
|upkeep
|turn|5
|inactive|RegiSIXSEVEN has 30 seconds left.
|inactive|caverna1 has 30 seconds left.
|inactive|caverna1 has 20 seconds left.
|inactive|caverna1 has 15 seconds left.
|inactive|caverna1 has 10 seconds left.
|inactive|caverna1 has 5 seconds left.
|
|t:|1783156644
|switch|p1b: Politoed|Politoed, L50, F, shiny|100/100
|-weather|RainDance|[from] ability: Drizzle|[of] p1b: Politoed
|move|p2b: Rotom|Overheat|p1a: Archaludon
|-damage|p1a: Archaludon|89/100
|-unboost|p2b: Rotom|spa|2
|-ability|p1a: Archaludon|Stamina|boost
|-boost|p1a: Archaludon|def|1
|move|p1a: Archaludon|Electro Shot||[still]
|-prepare|p1a: Archaludon|Electro Shot
|-boost|p1a: Archaludon|spa|1
|-anim|p1a: Archaludon|Electro Shot|p2a: Gholdengo
|-damage|p2a: Gholdengo|39/100
|move|p2a: Gholdengo|Shadow Ball|p1b: Politoed
|-damage|p1b: Politoed|12/100
|-enditem|p1b: Politoed|Sitrus Berry|[eat]
|-heal|p1b: Politoed|37/100|[from] item: Sitrus Berry
|-damage|p2a: Gholdengo|29/100|[from] item: Life Orb
|
|-weather|RainDance|[upkeep]
|-heal|p1a: Archaludon|95/100|[from] item: Leftovers
|upkeep
|turn|6
|inactive|caverna1 has 30 seconds left.
|inactive|caverna1 has 20 seconds left.
|inactive|caverna1 has 15 seconds left.
|inactive|caverna1 has 10 seconds left.
|
|t:|1783156689
|switch|p2b: Milotic|Milotic, L50, F|100/100
|move|p2a: Gholdengo|Protect|p2a: Gholdengo
|-singleturn|p2a: Gholdengo|Protect
|move|p1a: Archaludon|Electro Shot||[still]
|-prepare|p1a: Archaludon|Electro Shot
|-boost|p1a: Archaludon|spa|1
|-anim|p1a: Archaludon|Electro Shot|p2a: Gholdengo
|-activate|p2a: Gholdengo|move: Protect
|move|p1b: Politoed|Weather Ball|p2b: Milotic
|-resisted|p2b: Milotic|1
|-damage|p2b: Milotic|81/100
|
|-weather|RainDance|[upkeep]
|-heal|p2b: Milotic|88/100|[from] item: Leftovers
|-heal|p1a: Archaludon|100/100|[from] item: Leftovers
|upkeep
|turn|7
|inactive|caverna1 has 30 seconds left.
|inactive|caverna1 has 20 seconds left.
|inactive|caverna1 has 15 seconds left.
|inactive|caverna1 has 10 seconds left.
|inactive|caverna1 has 5 seconds left.
|
|t:|1783156742
|switch|p2a: Rotom|Rotom-Heat, L50|100/100
|move|p2b: Milotic|Icy Wind|p1a: Archaludon|[spread] p1a
|-miss|p2b: Milotic|p1b: Politoed
|-damage|p1a: Archaludon|91/100
|-unboost|p1a: Archaludon|spe|1
|-ability|p1a: Archaludon|Stamina|boost
|-boost|p1a: Archaludon|def|1
|move|p1b: Politoed|Perish Song|p1b: Politoed
|-start|p1a: Archaludon|perish3|[silent]
|-start|p1b: Politoed|perish3|[silent]
|-start|p2a: Rotom|perish3|[silent]
|-start|p2b: Milotic|perish3|[silent]
|-fieldactivate|move: Perish Song
|move|p1a: Archaludon|Electro Shot||[still]
|-prepare|p1a: Archaludon|Electro Shot
|-boost|p1a: Archaludon|spa|1
|-anim|p1a: Archaludon|Electro Shot|p2a: Rotom
|-resisted|p2a: Rotom|1
|-damage|p2a: Rotom|33/100
|
|-weather|RainDance|[upkeep]
|-heal|p2b: Milotic|94/100|[from] item: Leftovers
|-heal|p1a: Archaludon|97/100|[from] item: Leftovers
|-start|p2a: Rotom|perish3
|-start|p2b: Milotic|perish3
|-start|p1b: Politoed|perish3
|-start|p1a: Archaludon|perish3
|upkeep
|turn|8
|inactive|caverna1 has 30 seconds left.
|inactive|RegiSIXSEVEN has 30 seconds left.
|inactive|caverna1 has 20 seconds left.
|inactive|caverna1 has 15 seconds left.
|inactive|caverna1 has 10 seconds left.
|
|t:|1783156789
|switch|p1b: Vivillon|Vivillon-Elegant, L50, M, shiny|1/100
|move|p2a: Rotom|Thunder|p1a: Archaludon
|-resisted|p1a: Archaludon|1
|-damage|p1a: Archaludon|78/100
|-ability|p1a: Archaludon|Stamina|boost
|-boost|p1a: Archaludon|def|1
|move|p2b: Milotic|Life Dew|p2b: Milotic|[spread] p2a,p2b
|-heal|p2a: Rotom|58/100
|-heal|p2b: Milotic|100/100
|move|p1a: Archaludon|Electro Shot||[still]
|-prepare|p1a: Archaludon|Electro Shot
|-boost|p1a: Archaludon|spa|1
|-anim|p1a: Archaludon|Electro Shot|p2a: Rotom
|-resisted|p2a: Rotom|1
|-damage|p2a: Rotom|0 fnt
|faint|p2a: Rotom
|
|-weather|RainDance|[upkeep]
|-heal|p1a: Archaludon|84/100|[from] item: Leftovers
|-start|p2b: Milotic|perish2
|-start|p1a: Archaludon|perish2
|upkeep
|
|t:|1783156796
|switch|p2a: Gholdengo|Gholdengo, L50|29/100
|turn|9
|inactive|caverna1 has 30 seconds left.
|
|t:|1783156814
|move|p2b: Milotic|Protect|p2b: Milotic
|-singleturn|p2b: Milotic|Protect
|move|p1b: Vivillon|Sleep Powder|p2b: Milotic
|-activate|p2b: Milotic|move: Protect
|move|p2a: Gholdengo|Shadow Ball|p1b: Vivillon
|-damage|p1b: Vivillon|0 fnt
|faint|p1b: Vivillon
|-damage|p2a: Gholdengo|20/100y|[from] item: Life Orb
|move|p1a: Archaludon|Electro Shot||[still]
|-prepare|p1a: Archaludon|Electro Shot
|-boost|p1a: Archaludon|spa|1
|-anim|p1a: Archaludon|Electro Shot|p2a: Gholdengo
|-damage|p2a: Gholdengo|0 fnt
|faint|p2a: Gholdengo
|
|-weather|none
|-heal|p1a: Archaludon|90/100|[from] item: Leftovers
|-start|p2b: Milotic|perish1
|-start|p1a: Archaludon|perish1
|upkeep
|
|t:|1783156826
|switch|p1b: Swampert|Swampert-Mega, L50, M, shiny|100/100
|turn|10
|inactive|caverna1 has 25 seconds left this turn.
|inactive|caverna1 has 20 seconds left.
|
|t:|1783156835
|switch|p1a: Politoed|Politoed, L50, F, shiny|37/100
|-weather|RainDance|[from] ability: Drizzle|[of] p1a: Politoed
|move|p1b: Swampert|Ice Punch|p2b: Milotic
|-resisted|p2b: Milotic|1
|-damage|p2b: Milotic|87/100
|move|p2b: Milotic|Icy Wind|p1b: Swampert|[spread] p1a,p1b
|-resisted|p1a: Politoed|1
|-damage|p1a: Politoed|34/100
|-damage|p1b: Swampert|90/100
|-unboost|p1a: Politoed|spe|1
|-unboost|p1b: Swampert|spe|1
|
|-weather|RainDance|[upkeep]
|-heal|p2b: Milotic|93/100|[from] item: Leftovers
|-start|p2b: Milotic|perish0
|upkeep
|faint|p2b: Milotic
|
|win|RegiSIXSEVEN
|raw|RegiSIXSEVEN's rating: 1125 → 1144(+19 for winning)
|raw|caverna1's rating: 1045 → 1032(-13 for losing)
|l|☆RegiSIXSEVEN
|player|p1|
