|j|☆awif34
|j|☆Imbad67676767
|html|awif34Imbad67676767    
|uhtml|bestof|Game 1 of a best-of-3
|t:|1786064245
|gametype|doubles
|player|p1|awif34|266|1059
|player|p2|Imbad67676767|101|1044
|gen|9
|tier|[Gen 9 Champions] VGC 2026 Reg M-B (Bo3)
|rated|
|rule|Species Clause: Limit one of each Pokémon
|rule|Item Clause: Limit 1 of each item
|clearpoke
|poke|p1|Basculegion-F, L50, F|
|poke|p1|Farigiraf, L50, M|
|poke|p1|Froslass, L50, F|
|poke|p1|Incineroar, L50, M|
|poke|p1|Sneasler, L50, F|
|poke|p1|Kangaskhan, L50, F|
|poke|p2|Steelix, L50, M|
|poke|p2|Tyranitar, L50, M|
|poke|p2|Rotom-Wash, L50|
|poke|p2|Sinistcha-Masterpiece, L50|
|poke|p2|Sneasler, L50, F|
|poke|p2|Talonflame, L50, M|
|teampreview|4
|showteam|p1|Basculegion-F||ChoiceScarf|Adaptability|FlipTurn,LastRespects,WaveCrash,AquaJet|Adamant||F|||50|]Farigiraf||LightClay|ArmorTail|LightScreen,Reflect,HyperVoice,TrickRoom|Sassy||M|||50|]Froslass||Froslassite|SnowCloak|Blizzard,ShadowBall,IceShard,Protect|Hasty||F|||50|]Incineroar||SitrusBerry|Intimidate|CloseCombat,FakeOut,FlareBlitz,PartingShot|Adamant||M|||50|]Sneasler||WhiteHerb|Unburden|Acrobatics,CloseCombat,FakeOut,DireClaw|Adamant||F|||50|]Kangaskhan||LifeOrb|Scrappy|FakeOut,LastResort|Jolly||F|||50|
|showteam|p2|Steelix||Steelixite|Sturdy|Protect,HeavySlam,HighHorsepower,WideGuard|Impish||M|||50|]Tyranitar||Tyranitarite|SandStream|Protect,RockSlide,KnockOff,DragonDance|Adamant||M|||50|]Rotom-Wash||Leftovers|Levitate|WillOWisp,Thunderbolt,HydroPump,LightScreen|Calm|||||50|]Sinistcha-Masterpiece||SitrusBerry|Hospitality|RagePowder,TrickRoom,MatchaGotcha,Protect|Calm|||||50|]Sneasler||WhiteHerb|Unburden|Protect,CloseCombat,DireClaw,FakeOut|Adamant||F|||50|]Talonflame||SharpBeak|GaleWings|Protect,BraveBird,FlareBlitz,SwordsDance|Jolly||M|||50|
|inactive|Battle timer is ON: inactive players will automatically lose when time's up. (requested by Imbad67676767)
|j| we_are_toasted
|inactive|Imbad67676767 has 60 seconds left.
|l| we_are_toasted
|
|t:|1786064296
|teamsize|p1|4
|teamsize|p2|4
|start
|switch|p1a: Kangaskhan|Kangaskhan, L50, F|100/100
|switch|p1b: Incineroar|Incineroar, L50, M|100/100
|switch|p2a: Sneasler|Sneasler, L50, F|100/100
|switch|p2b: Tyranitar|Tyranitar, L50, M|100/100
|-weather|Sandstorm|[from] ability: Sand Stream|[of] p2b: Tyranitar
|-ability|p1b: Incineroar|Intimidate|boost
|-unboost|p2a: Sneasler|atk|1
|-unboost|p2b: Tyranitar|atk|1
|-enditem|p2a: Sneasler|White Herb
|-clearnegativeboost|p2a: Sneasler|[silent]
|turn|1
|
|t:|1786064318
|switch|p2b: Steelix|Steelix, L50, M|100/100
|move|p2a: Sneasler|Fake Out|p1a: Kangaskhan
|-damage|p1a: Kangaskhan|79/100
|cant|p1a: Kangaskhan|flinch
|move|p1b: Incineroar|Fake Out|p2a: Sneasler
|-damage|p2a: Sneasler|77/100
|
|-weather|Sandstorm|[upkeep]
|-damage|p2a: Sneasler|71/100|[from] Sandstorm
|-damage|p1a: Kangaskhan|73/100|[from] Sandstorm
|-damage|p1b: Incineroar|94/100|[from] Sandstorm
|upkeep
|turn|2
|inactive|Imbad67676767 has 30 seconds left.
|
|t:|1786064351
|move|p2b: Steelix|Protect|p2b: Steelix
|-singleturn|p2b: Steelix|Protect
|move|p2a: Sneasler|Close Combat|p1a: Kangaskhan
|-supereffective|p1a: Kangaskhan|1
|-damage|p1a: Kangaskhan|0 fnt
|-unboost|p2a: Sneasler|def|1
|-unboost|p2a: Sneasler|spd|1
|faint|p1a: Kangaskhan
|move|p1b: Incineroar|Flare Blitz|p2b: Steelix
|-activate|p2b: Steelix|move: Protect
|
|-weather|Sandstorm|[upkeep]
|-damage|p2a: Sneasler|66/100|[from] Sandstorm
|-damage|p1b: Incineroar|88/100|[from] Sandstorm
|upkeep
|
|t:|1786064358
|switch|p1a: Froslass|Froslass, L50, F|100/100
|turn|3
|inactive|Imbad67676767 has 30 seconds left.
|
|t:|1786064392
|switch|p2b: Rotom|Rotom-Wash, L50|100/100
|detailschange|p1a: Froslass|Froslass-Mega, L50, F
|-mega|p1a: Froslass|Froslass|Froslassite
|-weather|Snowscape|[from] ability: Snow Warning|[of] p1a: Froslass
|move|p2a: Sneasler|Close Combat|p1b: Incineroar
|-supereffective|p1b: Incineroar|1
|-damage|p1b: Incineroar|0 fnt
|-unboost|p2a: Sneasler|def|1
|-unboost|p2a: Sneasler|spd|1
|faint|p1b: Incineroar
|move|p1a: Froslass|Blizzard|p2a: Sneasler|[spread] p2a,p2b
|-resisted|p2b: Rotom|1
|-damage|p2a: Sneasler|0 fnt
|-damage|p2b: Rotom|82/100
|faint|p2a: Sneasler
|
|-weather|Snowscape|[upkeep]
|-heal|p2b: Rotom|88/100|[from] item: Leftovers
|upkeep
|
|t:|1786064409
|switch|p2a: Tyranitar|Tyranitar, L50, M|100/100
|switch|p1b: Basculegion|Basculegion-F, L50, F|100/100
|-weather|Sandstorm|[from] ability: Sand Stream|[of] p2a: Tyranitar
|turn|4
|inactive|Imbad67676767 has 30 seconds left.
|inactive|Imbad67676767 has 20 seconds left.
|inactive|Imbad67676767 has 15 seconds left.
|
|t:|1786064450
|move|p1b: Basculegion|Wave Crash|p2a: Tyranitar
|-supereffective|p2a: Tyranitar|1
|-damage|p2a: Tyranitar|0 fnt
|faint|p2a: Tyranitar
|-damage|p1b: Basculegion|65/100|[from] Recoil
|move|p1a: Froslass|Blizzard|p2b: Rotom
|-resisted|p2b: Rotom|1
|-damage|p2b: Rotom|63/100
|move|p2b: Rotom|Light Screen|p2b: Rotom
|-sidestart|p2: Imbad67676767|move: Light Screen
|
|-weather|Sandstorm|[upkeep]
|-damage|p1b: Basculegion|59/100|[from] Sandstorm
|-damage|p1a: Froslass|93/100|[from] Sandstorm
|-damage|p2b: Rotom|57/100|[from] Sandstorm
|-heal|p2b: Rotom|63/100|[from] item: Leftovers
|upkeep
|
|t:|1786064460
|switch|p2a: Steelix|Steelix, L50, M|100/100
|turn|5
|
|t:|1786064482
|detailschange|p2a: Steelix|Steelix-Mega, L50, M
|-mega|p2a: Steelix|Steelix|Steelixite
|move|p2a: Steelix|Protect|p2a: Steelix
|-singleturn|p2a: Steelix|Protect
|move|p1b: Basculegion|Wave Crash|p2a: Steelix
|-activate|p2a: Steelix|move: Protect
|move|p1a: Froslass|Shadow Ball|p2b: Rotom
|-damage|p2b: Rotom|38/100
|-unboost|p2b: Rotom|spd|1
|move|p2b: Rotom|Thunderbolt|p1b: Basculegion
|-supereffective|p1b: Basculegion|1
|-damage|p1b: Basculegion|0 fnt
|faint|p1b: Basculegion
|
|-weather|Sandstorm|[upkeep]
|-damage|p1a: Froslass|87/100|[from] Sandstorm
|-damage|p2b: Rotom|33/100|[from] Sandstorm
|-heal|p2b: Rotom|38/100|[from] item: Leftovers
|upkeep
|turn|6
|l|☆awif34
|inactive|awif34 disconnected and has a minute to reconnect!
|player|p1|
|
|t:|1786064500
|move|p1a: Froslass|Shadow Ball|p2b: Rotom
|-crit|p2b: Rotom
|-damage|p2b: Rotom|0 fnt
|faint|p2b: Rotom
|move|p2a: Steelix|Heavy Slam|p1a: Froslass
|-supereffective|p1a: Froslass|1
|-damage|p1a: Froslass|0 fnt
|faint|p1a: Froslass
|
|win|Imbad67676767
||Imbad67676767 is ready for game 2.
|inactive|awif34 has 30 seconds to confirm battle start!
