|j|☆404elephants
|j|☆samuroleon
|html|404elephantssamuroleon    
|uhtml|bestof|Game 2 of a best-of-3
|t:|1783195461
|gametype|doubles
|player|p1|404elephants|dawn|
|player|p2|samuroleon|elesa-masters|
|gen|9
|tier|[Gen 9 Champions] VGC 2026 Reg M-B (Bo3)
|rule|Species Clause: Limit one of each Pokémon
|rule|Item Clause: Limit 1 of each item
|clearpoke
|poke|p1|Tyranitar, L50, F|
|poke|p1|Excadrill, L50, F|
|poke|p1|Sinistcha, L50|
|poke|p1|Sylveon, L50, F|
|poke|p1|Corviknight, L50, M|
|poke|p1|Basculegion, L50, M|
|poke|p2|Pyroar, L50, M|
|poke|p2|Whimsicott, L50, F|
|poke|p2|Ninetales, L50, F|
|poke|p2|Farigiraf, L50, M|
|poke|p2|Basculegion, L50, M|
|poke|p2|Floette-Eternal, L50, F|
|teampreview|4
|showteam|p1|Tyranitar||Tyranitarite|SandStream|Protect,RockSlide,DragonDance,KnockOff|Jolly||F|||50|]Excadrill||FocusSash|SandRush|Protect,HighHorsepower,IronHead,RockTomb|Adamant||F|||50|]Sinistcha||CobaBerry|Hospitality|Protect,RagePowder,TrickRoom,MatchaGotcha|Quiet|||||50|]Sylveon||FairyFeather|Pixilate|Detect,HyperVoice,Moonblast,QuickAttack|Modest||F|||50|]Corviknight||Leftovers|MirrorArmor|BraveBird,Tailwind,BulkUp,Roost|Careful||M|||50|]Basculegion||ChoiceScarf|Adaptability|LastRespects,WaveCrash,FlipTurn,AquaJet|Jolly||M|||50|
|showteam|p2|Pyroar||Pyroarite|Unnerve|HeatWave,Overheat,SolarBeam,Protect|Timid||M|||50|]Whimsicott||FocusSash|Prankster|Moonblast,Tailwind,SunnyDay,Protect|Timid||F|||50|]Ninetales||ChoiceScarf|Drought|HeatWave,Overheat,SolarBeam,FakeTears|Modest||F|||50|]Farigiraf||SitrusBerry|ArmorTail|TwinBeam,Thunderbolt,TrickRoom,HelpingHand|Bold||M|||50|]Basculegion||LifeOrb|Adaptability|WaveCrash,LastRespects,AquaJet,Protect|Adamant||M|||50|]Floette-Eternal||Floettite|FlowerVeil|Moonblast,DazzlingGleam,LightofRuin,Protect|Modest||F|||50|
|inactive|Battle timer is ON: inactive players will automatically lose when time's up. (requested by samuroleon)
|j| DmanVGC
|j| FBIsurveillanceman
|j| monsoonisbest
|j| JoshawottVGC
|j| Awammy
|j| munchie2ff
|j| celaerity
|inactive|404elephants has 60 seconds left.
|j| Being Bees
|inactive|samuroleon has 60 seconds left.
|inactive|404elephants has 30 seconds left.
|
|t:|1783195525
|teamsize|p1|4
|teamsize|p2|4
|start
|switch|p1a: Basculegion|Basculegion, L50, M|100/100
|switch|p1b: Sylveon|Sylveon, L50, F|100/100
|switch|p2a: Floette|Floette-Eternal, L50, F|100/100
|switch|p2b: Whimsicott|Whimsicott, L50, F|100/100
|turn|1
|j| sugarfreeVGC
|inactive|samuroleon has 30 seconds left.
|inactive|samuroleon has 20 seconds left.
|
|t:|1783195563
|detailschange|p2a: Floette|Floette-Mega, L50, F
|-mega|p2a: Floette|Floette|Floettite
|-ability|p2a: Floette|Fairy Aura
|move|p2b: Whimsicott|Sunny Day|p2b: Whimsicott
|-weather|SunnyDay
|move|p1a: Basculegion|Wave Crash|p2a: Floette
|-damage|p2a: Floette|53/100
|-damage|p1a: Basculegion|88/100|[from] Recoil
|move|p2a: Floette|Moonblast|p1a: Basculegion
|-damage|p1a: Basculegion|0 fnt
|faint|p1a: Basculegion
|move|p1b: Sylveon|Hyper Voice|p2a: Floette|[spread] p2a,p2b
|-damage|p2a: Floette|3/100
|-damage|p2b: Whimsicott|5/100
|
|-weather|SunnyDay|[upkeep]
|upkeep
|
|t:|1783195578
|switch|p1a: Tyranitar|Tyranitar, L50, F|100/100
|-weather|Sandstorm|[from] ability: Sand Stream|[of] p1a: Tyranitar
|turn|2
|inactive|samuroleon has 30 seconds left.
|
|t:|1783195607
|move|p2b: Whimsicott|Sunny Day|p2b: Whimsicott
|-weather|SunnyDay
|move|p1b: Sylveon|Quick Attack|p2a: Floette
|-damage|p2a: Floette|0 fnt
|faint|p2a: Floette
|move|p1a: Tyranitar|Dragon Dance|p1a: Tyranitar
|-boost|p1a: Tyranitar|atk|1
|-boost|p1a: Tyranitar|spe|1
|
|-weather|SunnyDay|[upkeep]
|upkeep
|
|t:|1783195616
|switch|p2a: Ninetales|Ninetales, L50, F|100/100
|turn|3
|
|t:|1783195639
|move|p1a: Tyranitar|Protect|p1a: Tyranitar
|-singleturn|p1a: Tyranitar|Protect
|move|p2b: Whimsicott|Sunny Day||[still]
|-fail|p2b: Whimsicott
|move|p2a: Ninetales|Overheat|p1b: Sylveon
|-damage|p1b: Sylveon|41/100
|-unboost|p2a: Ninetales|spa|2
|move|p1b: Sylveon|Hyper Voice|p2a: Ninetales|[spread] p2a,p2b
|-resisted|p2a: Ninetales|1
|-damage|p2a: Ninetales|72/100
|-damage|p2b: Whimsicott|0 fnt
|faint|p2b: Whimsicott
|
|-weather|SunnyDay|[upkeep]
|upkeep
|
|t:|1783195647
|switch|p2b: Basculegion|Basculegion, L50, M|100/100
|turn|4
|
|t:|1783195663
|detailschange|p1a: Tyranitar|Tyranitar-Mega, L50, F
|-mega|p1a: Tyranitar|Tyranitar|Tyranitarite
|-weather|Sandstorm|[from] ability: Sand Stream|[of] p1a: Tyranitar
|move|p2b: Basculegion|Protect|p2b: Basculegion
|-singleturn|p2b: Basculegion|Protect
|move|p2a: Ninetales|Overheat|p1b: Sylveon
|-damage|p1b: Sylveon|19/100
|-unboost|p2a: Ninetales|spa|2
|move|p1a: Tyranitar|Knock Off|p2b: Basculegion
|-activate|p2b: Basculegion|move: Protect
|move|p1b: Sylveon|Moonblast|p2a: Ninetales
|-resisted|p2a: Ninetales|1
|-damage|p2a: Ninetales|42/100
|
|-weather|Sandstorm|[upkeep]
|-damage|p2a: Ninetales|36/100|[from] Sandstorm
|-damage|p2b: Basculegion|93/100|[from] Sandstorm
|-damage|p1b: Sylveon|13/100|[from] Sandstorm
|upkeep
|turn|5
|
|t:|1783195688
|move|p2a: Ninetales|Overheat|p1b: Sylveon
|-damage|p1b: Sylveon|0 fnt
|-unboost|p2a: Ninetales|spa|2
|faint|p1b: Sylveon
|move|p1a: Tyranitar|Knock Off|p2b: Basculegion
|-supereffective|p2b: Basculegion|1
|-damage|p2b: Basculegion|0 fnt
|-enditem|p2b: Basculegion|Life Orb|[from] move: Knock Off|[of] p1a: Tyranitar
|faint|p2b: Basculegion
|
|-weather|Sandstorm|[upkeep]
|-damage|p2a: Ninetales|30/100|[from] Sandstorm
|upkeep
|
|t:|1783195698
|switch|p1b: Excadrill|Excadrill, L50, F|100/100
|turn|6
|-message|samuroleon forfeited.
|
|win|404elephants
|l|☆samuroleon
|player|p2|
|c|☆404elephants|gg
|l| JoshawottVGC
|l| Being Bees
|l| monsoonisbest
|j|☆samuroleon
|player|p2|samuroleon|elesa-masters|
|l|☆samuroleon
|player|p2|
|l| Awammy
|l| DmanVGC
|l| FBIsurveillanceman
|l|☆404elephants
|player|p1|
|l| sugarfreeVGC
|l| celaerity
|l| munchie2ff
|j|☆404elephants
|player|p1|404elephants|dawn|
