|j|☆lolgz
|j|☆Yusuf3000
|html|lolgzYusuf3000    
|uhtml|bestof|Game 3 of a best-of-3
|t:|1784836588
|gametype|doubles
|player|p1|lolgz|dawn|1195
|player|p2|Yusuf3000|waiter-gen4|1282
|gen|9
|tier|[Gen 9 Champions] VGC 2026 Reg M-B (Bo3)
|rated|
|rule|Species Clause: Limit one of each Pokémon
|rule|Item Clause: Limit 1 of each item
|clearpoke
|poke|p1|Blastoise, L50, F|
|poke|p1|Vivillon, L50, F|
|poke|p1|Farigiraf, L50, M|
|poke|p1|Gallade, L50, M|
|poke|p1|Kingambit, L50, F|
|poke|p1|Camerupt, L50, M|
|poke|p2|Blaziken, L50, F|
|poke|p2|Kingambit, L50, F|
|poke|p2|Basculegion, L50, M|
|poke|p2|Venusaur, L50, M|
|poke|p2|Lycanroc-Dusk, L50, F|
|poke|p2|Ninetales-Alola, L50, F|
|teampreview|4
|showteam|p1|Blastoise||Blastoisinite|Torrent|WaterSpout,DarkPulse,FakeOut,ShellSmash|Modest||F|||50|]Vivillon||ChoiceScarf|CompoundEyes|SleepPowder,RagePowder,Tailwind,Hurricane|Timid||F|||50|]Farigiraf||SitrusBerry|ArmorTail|TrickRoom,Psychic,HelpingHand,Protect|Relaxed||M|||50|]Gallade||IronBall|Sharpness|SacredSword,PsychoCut,LeafBlade,TrickRoom|Brave||M|||50|]Kingambit||BlackGlasses|Defiant|SuckerPunch,KowtowCleave,IronHead,Protect|Brave||F|||50|]Camerupt||Cameruptite|MagmaArmor|HeatWave,EarthPower,AncientPower,Protect|Quiet||M|||50|
|showteam|p2|Blaziken||Blazikenite|SpeedBoost|FlareBlitz,CloseCombat,Protect,StoneEdge|Adamant||F|||50|]Kingambit||LifeOrb|Defiant|KowtowCleave,Protect,IronHead,SuckerPunch|Adamant||F|||50|]Basculegion||ChoiceScarf|Adaptability|WaveCrash,FlipTurn,LastRespects,AquaJet|Jolly||M|||50|]Venusaur||Venusaurite|Chlorophyll|EarthPower,GigaDrain,SludgeBomb,Protect|Modest||M|||50|]Lycanroc-Dusk||FocusSash|ToughClaws|RockSlide,Accelerock,CloseCombat,Protect|Adamant||F|||50|]Ninetales-Alola||NeverMeltIce|SnowWarning|FreezeDry,Blizzard,Protect,Encore|Timid||F|||50|
|inactive|Battle timer is ON: inactive players will automatically lose when time's up. (requested by lolgz)
|
|t:|1784836600
|teamsize|p1|4
|teamsize|p2|4
|start
|switch|p1a: Farigiraf|Farigiraf, L50, M|100/100
|switch|p1b: Gallade|Gallade, L50, M|100/100
|switch|p2a: Blaziken|Blaziken, L50, F|100/100
|switch|p2b: Venusaur|Venusaur, L50, M|100/100
|turn|1
|
|t:|1784836620
|detailschange|p2a: Blaziken|Blaziken-Mega, L50, F
|-mega|p2a: Blaziken|Blaziken|Blazikenite
|move|p2a: Blaziken|Flare Blitz|p1b: Gallade
|-damage|p1b: Gallade|0 fnt
|faint|p1b: Gallade
|-damage|p2a: Blaziken|65/100|[from] Recoil
|move|p2b: Venusaur|Sludge Bomb|p1a: Farigiraf
|-damage|p1a: Farigiraf|59/100
|move|p1a: Farigiraf|Trick Room|p1a: Farigiraf
|-fieldstart|move: Trick Room|[of] p1a: Farigiraf
|
|-ability|p2a: Blaziken|Speed Boost|boost
|-boost|p2a: Blaziken|spe|1
|upkeep
|
|t:|1784836625
|switch|p1b: Camerupt|Camerupt, L50, M|100/100
|turn|2
|
|t:|1784836636
|detailschange|p1b: Camerupt|Camerupt-Mega, L50, M
|-mega|p1b: Camerupt|Camerupt|Cameruptite
|move|p2a: Blaziken|Protect|p2a: Blaziken
|-singleturn|p2a: Blaziken|Protect
|move|p1b: Camerupt|Heat Wave|p2b: Venusaur|[spread] p2b
|-activate|p2a: Blaziken|move: Protect
|-supereffective|p2b: Venusaur|1
|-damage|p2b: Venusaur|0 fnt
|faint|p2b: Venusaur
|move|p1a: Farigiraf|Psychic|p2a: Blaziken
|-activate|p2a: Blaziken|move: Protect
|
|-ability|p2a: Blaziken|Speed Boost|boost
|-boost|p2a: Blaziken|spe|1
|upkeep
|
|t:|1784836642
|switch|p2b: Basculegion|Basculegion, L50, M|100/100
|turn|3
|
|t:|1784836661
|move|p1a: Farigiraf|Helping Hand|p1b: Camerupt
|-singleturn|p1b: Camerupt|Helping Hand|[of] p1a: Farigiraf
|move|p2a: Blaziken|Protect||[still]
|-fail|p2a: Blaziken
|move|p1b: Camerupt|Earth Power|p2b: Basculegion
|-damage|p2b: Basculegion|0 fnt
|faint|p2b: Basculegion
|
|-ability|p2a: Blaziken|Speed Boost|boost
|-boost|p2a: Blaziken|spe|1
|upkeep
|
|t:|1784836670
|switch|p2b: Kingambit|Kingambit, L50, F|100/100
|turn|4
|
|t:|1784836673
|move|p2a: Blaziken|Protect|p2a: Blaziken
|-singleturn|p2a: Blaziken|Protect
|move|p1b: Camerupt|Heat Wave|p2a: Blaziken|[spread] 
|-activate|p2a: Blaziken|move: Protect
|-miss|p1b: Camerupt|p2b: Kingambit
|move|p2b: Kingambit|Kowtow Cleave|p1b: Camerupt
|-damage|p1b: Camerupt|33/100
|-damage|p2b: Kingambit|90/100|[from] item: Life Orb
|move|p1a: Farigiraf|Psychic|p2a: Blaziken
|-activate|p2a: Blaziken|move: Protect
|
|-ability|p2a: Blaziken|Speed Boost|boost
|-boost|p2a: Blaziken|spe|1
|upkeep
|turn|5
|
|t:|1784836687
|move|p2a: Blaziken|Protect||[still]
|-fail|p2a: Blaziken
|move|p1b: Camerupt|Earth Power|p2b: Kingambit
|-supereffective|p2b: Kingambit|1
|-damage|p2b: Kingambit|0 fnt
|faint|p2b: Kingambit
|move|p1a: Farigiraf|Psychic|p2a: Blaziken
|-supereffective|p2a: Blaziken|1
|-damage|p2a: Blaziken|0 fnt
|faint|p2a: Blaziken
|
|win|lolgz
|raw|lolgz's rating: 1195 → 1226(+31 for winning)
|raw|Yusuf3000's rating: 1282 → 1251(-31 for losing)
