|j|☆rxbyeva
|j|☆ROCKkss
|html|rxbyevaROCKkss    
|uhtml|bestof|Game 3 of a best-of-3
|t:|1757775018
|gametype|doubles
|player|p1|rxbyeva|1|
|player|p2|ROCKkss|266|
|gen|9
|tier|[Gen 9] VGC 2025 Reg H (Bo3)
|rule|Species Clause: Limit one of each Pokémon
|rule|Item Clause: Limit 1 of each item
|clearpoke
|poke|p1|Talonflame, L50, M|
|poke|p1|Garchomp, L50, M|
|poke|p1|Primarina, L50, F|
|poke|p1|Sneasler, L50, F|
|poke|p1|Indeedee, L50, M|
|poke|p1|Gholdengo, L50|
|poke|p2|Talonflame, L50, F|
|poke|p2|Ninetales-Alola, L50, M|
|poke|p2|Garchomp, L50, F|
|poke|p2|Gholdengo, L50|
|poke|p2|Hydreigon, L50, F|
|poke|p2|Amoonguss, L50, F|
|teampreview|4
|showteam|p1|Talonflame||CovertCloak|GaleWings|BraveBird,Tailwind,WillOWisp,FlareBlitz|||M|||50|,,,,,Flying]Garchomp||LifeOrb|RoughSkin|Protect,Earthquake,StompingTantrum,DragonClaw|||M|||50|,,,,,Ground]Primarina||ThroatSpray|LiquidVoice|Protect,Haze,HyperVoice,Moonblast|||F|||50|,,,,,Poison]Sneasler||PsychicSeed|Unburden|DireClaw,CloseCombat,ThroatChop,Protect|||F|||50|,,,,,Dark]Indeedee||FocusSash|PsychicSurge|ExpandingForce,TrickRoom,Imprison,Protect|||M|||50|,,,,,Psychic]Gholdengo||ChoiceSpecs|GoodasGold|MakeItRain,ShadowBall,PowerGem,Thunderbolt||||||50|,,,,,Steel
|showteam|p2|Talonflame||CovertCloak|GaleWings|BraveBird,Tailwind,Taunt,QuickGuard|||F|||50|,,,,,Flying]Ninetales-Alola||FocusSash|SnowWarning|Blizzard,FreezeDry,Moonblast,Protect|||M|||50|,,,,,Ice]Garchomp||ClearAmulet|RoughSkin|Earthquake,DragonClaw,RockSlide,Protect|||F|||50|,,,,,Rock]Gholdengo||LifeOrb|GoodasGold|MakeItRain,ShadowBall,NastyPlot,Protect||||||50|,,,,,Water]Hydreigon||ChoiceSpecs|Levitate|Snarl,DarkPulse,DracoMeteor,HeatWave|||F|||50|,,,,,Fire]Amoonguss||SitrusBerry|Regenerator|SludgeBomb,RagePowder,Spore,Protect|||F|||50|,,,,,Water
|
|t:|1757775053
|teamsize|p1|4
|teamsize|p2|4
|start
|switch|p1a: Primarina|Primarina, L50, F|100/100
|switch|p1b: Indeedee|Indeedee, L50, M, shiny|100/100
|switch|p2a: Talonflame|Talonflame, L50, F|100/100
|switch|p2b: Gholdengo|Gholdengo, L50|100/100
|-fieldstart|move: Psychic Terrain|[from] ability: Psychic Surge|[of] p1b: Indeedee
|turn|1
|inactive|Battle timer is ON: inactive players will automatically lose when time's up. (requested by rxbyeva)
|
|t:|1757775075
|-terastallize|p1a: Primarina|Poison
|move|p2a: Talonflame|Taunt|p1b: Indeedee
|-start|p1b: Indeedee|move: Taunt
|move|p2b: Gholdengo|Make It Rain|p1b: Indeedee|[spread] p1a,p1b
|-damage|p1a: Primarina|46/100
|-damage|p1b: Indeedee|22/100
|-unboost|p2b: Gholdengo|spa|1
|-damage|p2b: Gholdengo|91/100|[from] item: Life Orb
|move|p1a: Primarina|Hyper Voice|p2b: Gholdengo|[spread] p2a,p2b
|-supereffective|p2a: Talonflame
|-damage|p2a: Talonflame|0 fnt
|-damage|p2b: Gholdengo|48/100
|faint|p2a: Talonflame
|-enditem|p1a: Primarina|Throat Spray
|-boost|p1a: Primarina|spa|1|[from] item: Throat Spray
|cant|p1b: Indeedee|move: Taunt|Trick Room
|
|upkeep
|
|t:|1757775091
|switch|p2a: Hydreigon|Hydreigon, L50, F|100/100
|turn|2
|inactive|rxbyeva has 30 seconds left.
|inactive|ROCKkss has 30 seconds left.
|inactive|ROCKkss has 20 seconds left.
|
|t:|1757775130
|switch|p1b: Talonflame|Talonflame, L50, M, shiny|100/100
|move|p1a: Primarina|Protect|p1a: Primarina
|-singleturn|p1a: Primarina|Protect
|move|p2a: Hydreigon|Snarl|p1b: Talonflame|[spread] p1b
|-activate|p1a: Primarina|move: Protect
|-damage|p1b: Talonflame|48/100
|move|p2b: Gholdengo|Make It Rain|p1a: Primarina|[spread] p1b
|-activate|p1a: Primarina|move: Protect
|-resisted|p1b: Talonflame
|-crit|p1b: Talonflame
|-damage|p1b: Talonflame|0 fnt
|-unboost|p2b: Gholdengo|spa|1
|faint|p1b: Talonflame
|-damage|p2b: Gholdengo|39/100|[from] item: Life Orb
|
|upkeep
|inactive|rxbyeva has 30 seconds left.
|inactive|rxbyeva has 20 seconds left.
|
|t:|1757775166
|switch|p1b: Garchomp|Garchomp, L50, M, shiny|100/100
|turn|3
|inactive|rxbyeva has 30 seconds left.
|
|t:|1757775194
|move|p1b: Garchomp|Stomping Tantrum|p2b: Gholdengo
|-supereffective|p2b: Gholdengo
|-damage|p2b: Gholdengo|0 fnt
|faint|p2b: Gholdengo
|-damage|p1b: Garchomp|91/100|[from] item: Life Orb
|move|p2a: Hydreigon|Snarl|p1b: Garchomp|[spread] p1a,p1b
|-damage|p1a: Primarina|18/100
|-damage|p1b: Garchomp|58/100
|-unboost|p1a: Primarina|spa|1
|-unboost|p1b: Garchomp|spa|1
|move|p1a: Primarina|Moonblast|p2a: Hydreigon
|-supereffective|p2a: Hydreigon
|-crit|p2a: Hydreigon
|-damage|p2a: Hydreigon|0 fnt
|faint|p2a: Hydreigon
|
|upkeep
|
|t:|1757775211
|switch|p2a: Garchomp|Garchomp, L50, F|100/100
|turn|4
|inactive|rxbyeva has 30 seconds left.
|inactive|rxbyeva has 20 seconds left.
|inactive|rxbyeva has 15 seconds left.
|
|t:|1757775252
|move|p1b: Garchomp|Stomping Tantrum|p2a: Garchomp
|-damage|p2a: Garchomp|49/100
|-damage|p1b: Garchomp|46/100|[from] ability: Rough Skin|[of] p2a: Garchomp
|-damage|p1b: Garchomp|36/100|[from] item: Life Orb
|move|p2a: Garchomp|Earthquake|p1a: Primarina|[spread] p1a,p1b
|-supereffective|p1a: Primarina
|-damage|p1a: Primarina|0 fnt
|-damage|p1b: Garchomp|0 fnt
|faint|p1a: Primarina
|faint|p1b: Garchomp
|
|upkeep
|
|t:|1757775263
|switch|p1b: Indeedee|Indeedee, L50, M, shiny|22/100
|turn|5
|
|t:|1757775268
|move|p2a: Garchomp|Earthquake|p1b: Indeedee
|-damage|p1b: Indeedee|0 fnt
|faint|p1b: Indeedee
|
|win|ROCKkss
