|j|☆Snorlaxpikachu1
|j|☆gameboy_09050
|html|Snorlaxpikachu1gameboy_09050    
|uhtml|bestof|Game 2 of a best-of-3
|t:|1784935674
|gametype|doubles
|player|p1|Snorlaxpikachu1|palmer|
|player|p2|gameboy_09050|lucian|
|gen|9
|tier|[Gen 9 Champions] VGC 2026 Reg M-B (Bo3)
|rule|Species Clause: Limit one of each Pokémon
|rule|Item Clause: Limit 1 of each item
|clearpoke
|poke|p1|Barbaracle, L50, F|
|poke|p1|Farigiraf, L50, M|
|poke|p1|Sneasler, L50, M|
|poke|p1|Sinistcha, L50|
|poke|p1|Drampa, L50, F|
|poke|p1|Tinkaton, L50, F|
|poke|p2|Swampert, L50, M, shiny|
|poke|p2|Pelipper, L50, F, shiny|
|poke|p2|Archaludon, L50, M|
|poke|p2|Mawile, L50, F|
|poke|p2|Maushold, L50, shiny|
|poke|p2|Sinistcha, L50|
|teampreview|4
|showteam|p1|Barbaracle||Barbaracite|ToughClaws|CloseCombat,RockSlide,ShellSmash,Protect|Adamant||F|||50|]Farigiraf||SitrusBerry|ArmorTail|TrickRoom,TwinBeam,HelpingHand,Protect|Relaxed||M|||50|]Sneasler||IronBall|Unburden|FakeOut,CloseCombat,DireClaw,Fling|Brave||M|||50|]Sinistcha||LifeOrb|Hospitality|MatchaGotcha,ShadowBall,RagePowder,TrickRoom|Relaxed|||||50|]Drampa||Drampanite|Berserk|DracoMeteor,HyperVoice,CalmMind,Protect|Quiet||F|||50|]Tinkaton||ExpertBelt|OwnTempo|FakeOut,GigatonHammer,IceHammer,BrickBreak|Adamant||F|||50|
|showteam|p2|Swampert||Swampertite|Torrent|WaveCrash,Earthquake,IcePunch,Protect|Adamant||M|||50|]Pelipper||FocusSash|Drizzle|Hurricane,WeatherBall,Tailwind,WideGuard|Modest||F|||50|]Archaludon||ChopleBerry|Stamina|ElectroShot,FlashCannon,DragonPulse,Protect|Modest||M|||50|]Mawile||Mawilite|HyperCutter|IronHead,PlayRough,SuckerPunch,Protect|Brave||F|||50|]Maushold||WideLens|FriendGuard|PopulationBomb,AfterYou,FollowMe,Protect|Jolly|||||50|]Sinistcha||MentalHerb|Hospitality|EnergyBall,ShadowBall,TrickRoom,Protect|Calm|||||50|
|inactive|Battle timer is ON: inactive players will automatically lose when time's up. (requested by gameboy_09050)
|j| Atsuya_Blizzard
|inactive|Snorlaxpikachu1 has 60 seconds left.
|
|t:|1784935718
|teamsize|p1|4
|teamsize|p2|4
|start
|switch|p1a: Drampa|Drampa, L50, F|100/100
|switch|p1b: Tinkaton|Tinkaton, L50, F|100/100
|switch|p2a: Mawile|Mawile, L50, F|100/100
|switch|p2b: Archaludon|Archaludon, L50, M|100/100
|turn|1
|
|t:|1784935734
|switch|p1a: Farigiraf|Farigiraf, L50, M|100/100
|detailschange|p2a: Mawile|Mawile-Mega, L50, F
|-mega|p2a: Mawile|Mawile|Mawilite
|move|p1b: Tinkaton|Gigaton Hammer|p2a: Mawile
|-damage|p2a: Mawile|39/100
|move|p2b: Archaludon|Dragon Pulse|p1a: Farigiraf
|-damage|p1a: Farigiraf|56/100
|move|p2a: Mawile|Play Rough|p1a: Farigiraf
|-damage|p1a: Farigiraf|0 fnt
|faint|p1a: Farigiraf
|
|upkeep
|
|t:|1784935755
|switch|p1a: Sinistcha|Sinistcha, L50|100/100
|turn|2
|
|t:|1784935773
|switch|p2b: Sinistcha|Sinistcha, L50|100/100
|-heal|p2a: Mawile|64/100|[from] ability: Hospitality|[of] p2b: Sinistcha
|move|p1b: Tinkaton|Brick Break|p2b: Sinistcha
|-immune|p2b: Sinistcha
|move|p1a: Sinistcha|Shadow Ball|p2a: Mawile
|-damage|p2a: Mawile|2/100
|-damage|p1a: Sinistcha|90/100|[from] item: Life Orb
|move|p2a: Mawile|Play Rough|p1a: Sinistcha
|-damage|p1a: Sinistcha|17/100
|
|upkeep
|turn|3
|inactive|Snorlaxpikachu1 has 30 seconds left.
|inactive|Snorlaxpikachu1 has 20 seconds left.
|inactive|gameboy_09050 has 30 seconds left.
|
|t:|1784935813
|switch|p1a: Drampa|Drampa, L50, F|100/100
|move|p2a: Mawile|Protect|p2a: Mawile
|-singleturn|p2a: Mawile|Protect
|move|p1b: Tinkaton|Brick Break|p2a: Mawile
|-activate|p2a: Mawile|move: Protect
|move|p2b: Sinistcha|Shadow Ball|p1a: Drampa
|-immune|p1a: Drampa
|
|upkeep
|turn|4
|inactive|gameboy_09050 has 30 seconds left.
|inactive|gameboy_09050 has 20 seconds left.
|inactive|gameboy_09050 has 15 seconds left.
|inactive|gameboy_09050 has 10 seconds left.
|
|t:|1784935861
|switch|p2b: Pelipper|Pelipper, L50, F, shiny|100/100
|-weather|RainDance|[from] ability: Drizzle|[of] p2b: Pelipper
|detailschange|p1a: Drampa|Drampa-Mega, L50, F
|-mega|p1a: Drampa|Drampa|Drampanite
|move|p1b: Tinkaton|Brick Break|p2a: Mawile
|-damage|p2a: Mawile|0 fnt
|faint|p2a: Mawile
|move|p1a: Drampa|Calm Mind|p1a: Drampa
|-boost|p1a: Drampa|spa|1
|-boost|p1a: Drampa|spd|1
|
|-weather|RainDance|[upkeep]
|upkeep
|
|t:|1784935869
|switch|p2a: Archaludon|Archaludon, L50, M|100/100
|turn|5
|inactive|Snorlaxpikachu1 has 30 seconds left.
|inactive|gameboy_09050 has 30 seconds left.
|inactive|gameboy_09050 has 20 seconds left.
|
|t:|1784935908
|move|p2b: Pelipper|Weather Ball|p1b: Tinkaton
|-crit|p1b: Tinkaton
|-damage|p1b: Tinkaton|3/100
|move|p1b: Tinkaton|Gigaton Hammer|p2b: Pelipper
|-resisted|p2b: Pelipper|1
|-damage|p2b: Pelipper|58/100
|move|p2a: Archaludon|Electro Shot||[still]
|-prepare|p2a: Archaludon|Electro Shot
|-boost|p2a: Archaludon|spa|1
|-anim|p2a: Archaludon|Electro Shot|p1b: Tinkaton
|-damage|p1b: Tinkaton|0 fnt
|faint|p1b: Tinkaton
|move|p1a: Drampa|Draco Meteor|p2a: Archaludon
|-damage|p2a: Archaludon|0 fnt
|-unboost|p1a: Drampa|spa|2
|faint|p2a: Archaludon
|
|-weather|RainDance|[upkeep]
|upkeep
|
|t:|1784935913
|switch|p1b: Sinistcha|Sinistcha, L50|17/100
|switch|p2a: Sinistcha|Sinistcha, L50|100/100
|-heal|p2b: Pelipper|83/100|[from] ability: Hospitality|[of] p2a: Sinistcha
|turn|6
|
|t:|1784935922
|move|p2b: Pelipper|Hurricane|p1a: Drampa
|-damage|p1a: Drampa|69/100
|-start|p1a: Drampa|confusion
|move|p2a: Sinistcha|Shadow Ball|p1b: Sinistcha
|-supereffective|p1b: Sinistcha|1
|-damage|p1b: Sinistcha|0 fnt
|faint|p1b: Sinistcha
|-activate|p1a: Drampa|confusion
|-damage|p1a: Drampa|61/100|[from] confusion
|
|-weather|RainDance|[upkeep]
|upkeep
|turn|7
|
|t:|1784935930
|move|p2b: Pelipper|Hurricane|p1a: Drampa
|-damage|p1a: Drampa|33/100
|-ability|p1a: Drampa|Berserk|boost
|-boost|p1a: Drampa|spa|1
|move|p2a: Sinistcha|Energy Ball|p1a: Drampa
|-resisted|p1a: Drampa|1
|-damage|p1a: Drampa|22/100
|-activate|p1a: Drampa|confusion
|move|p1a: Drampa|Draco Meteor|p2b: Pelipper|[miss]
|-miss|p1a: Drampa|p2b: Pelipper
|
|-weather|RainDance|[upkeep]
|upkeep
|turn|8
|
|t:|1784935942
|-activate|p1a: Drampa|confusion
|move|p1a: Drampa|Protect|p1a: Drampa
|-singleturn|p1a: Drampa|Protect
|move|p2b: Pelipper|Hurricane|p1a: Drampa
|-activate|p1a: Drampa|move: Protect
|move|p2a: Sinistcha|Energy Ball|p1a: Drampa
|-activate|p1a: Drampa|move: Protect
|
|-weather|none
|upkeep
|turn|9
|
|t:|1784935950
|move|p2b: Pelipper|Hurricane|p1a: Drampa
|-damage|p1a: Drampa|0 fnt
|faint|p1a: Drampa
|
|win|gameboy_09050
