|j|☆Patty216
|j|☆Terrymisu
|html|Patty216Terrymisu    
|uhtml|bestof|Game 3 of a best-of-3
|t:|1784498789
|gametype|doubles
|player|p1|Patty216|266|
|player|p2|Terrymisu|wallace|
|gen|9
|tier|[Gen 9 Champions] VGC 2026 Reg M-B (Bo3)
|rule|Species Clause: Limit one of each Pokémon
|rule|Item Clause: Limit 1 of each item
|clearpoke
|poke|p1|Sinistcha-Masterpiece, L50|
|poke|p1|Eelektross, L50, F|
|poke|p1|Basculegion, L50, M|
|poke|p1|Tinkaton, L50, F|
|poke|p1|Mudsdale, L50, M|
|poke|p1|Toucannon, L50, F, shiny|
|poke|p2|Sylveon, L50, F, shiny|
|poke|p2|Umbreon, L50, F, shiny|
|poke|p2|Flareon, L50, M, shiny|
|poke|p2|Espeon, L50, F|
|poke|p2|Jolteon, L50, F|
|poke|p2|Vaporeon, L50, M|
|teampreview|4
|showteam|p1|Sinistcha-Masterpiece||ShellBell|Hospitality|RagePowder,Hex,MatchaGotcha,StrengthSap|Modest|||||50|]Eelektross||Eelektrossite|Levitate|Discharge,GigaDrain,FlashCannon,Protect|Timid||F|||50|]Basculegion||ChoiceScarf|Adaptability|AquaJet,LastRespects,Waterfall,PsychicFangs|Jolly||M|||50|]Tinkaton||MuscleBand|MoldBreaker|Protect,FakeOut,GigatonHammer,PlayRough|Jolly||F|||50|]Mudsdale||Leftovers|Stamina|BodyPress,HighHorsepower,RockSlide,Protect|Impish||M|||50|]Toucannon||FocusSash|SkillLink|BeakBlast,RockBlast,Tailwind,HelpingHand|Jolly||F|||50|
|showteam|p2|Sylveon||FairyFeather|Pixilate|HyperVoice,HyperBeam,QuickAttack,Detect|Modest||F|||50|]Umbreon||ChopleBerry|InnerFocus|FoulPlay,Snarl,Yawn,Protect|Bold||F|||50|]Flareon||WhiteHerb|FlashFire|FlareBlitz,FlameCharge,Superpower,QuickAttack|Jolly||M|||50|]Espeon||ChoiceScarf|MagicBounce|Psychic,PowerGem,TrickRoom,Trick|Modest||F|||50|]Jolteon||FocusSash|VoltAbsorb|RainDance,Thunderbolt,Electroweb,AlluringVoice|Timid||F|||50|]Vaporeon||SitrusBerry|WaterAbsorb|MuddyWater,Scald,Protect,IcyWind|Modest||M|||50|
|
|t:|1784498898
|teamsize|p1|4
|teamsize|p2|4
|start
|switch|p1a: Mudsdale|Mudsdale, L50, M|100/100
|switch|p1b: Toucannon|Toucannon, L50, F, shiny|100/100
|switch|p2a: Zeri|Jolteon, L50, F|100/100
|switch|p2b: Aphelios|Umbreon, L50, F, shiny|100/100
|turn|1
|
|t:|1784498990
|move|p2a: Zeri|Thunderbolt|p1b: Toucannon
|-supereffective|p1b: Toucannon|1
|-enditem|p1b: Toucannon|Focus Sash
|-damage|p1b: Toucannon|1/100
|move|p1b: Toucannon|Rock Blast|p1a: Mudsdale|[miss]
|-miss|p1b: Toucannon|p1a: Mudsdale
|move|p2b: Aphelios|Yawn|p1a: Mudsdale
|-start|p1a: Mudsdale|move: Yawn|[of] p2b: Aphelios
|move|p1a: Mudsdale|High Horsepower|p2a: Zeri
|-supereffective|p2a: Zeri|1
|-enditem|p2a: Zeri|Focus Sash
|-damage|p2a: Zeri|1/100
|
|upkeep
|turn|2
|
|t:|1784499033
|switch|p2a: Nami|Vaporeon, L50, M|100/100
|move|p1b: Toucannon|Rock Blast|p1a: Mudsdale
|-resisted|p1a: Mudsdale|1
|-damage|p1a: Mudsdale|97/100
|-ability|p1a: Mudsdale|Stamina|boost
|-boost|p1a: Mudsdale|def|1
|-resisted|p1a: Mudsdale|1
|-damage|p1a: Mudsdale|96/100
|-ability|p1a: Mudsdale|Stamina|boost
|-boost|p1a: Mudsdale|def|1
|-resisted|p1a: Mudsdale|1
|-damage|p1a: Mudsdale|95/100
|-ability|p1a: Mudsdale|Stamina|boost
|-boost|p1a: Mudsdale|def|1
|-resisted|p1a: Mudsdale|1
|-damage|p1a: Mudsdale|94/100
|-ability|p1a: Mudsdale|Stamina|boost
|-boost|p1a: Mudsdale|def|1
|-resisted|p1a: Mudsdale|1
|-damage|p1a: Mudsdale|93/100
|-ability|p1a: Mudsdale|Stamina|boost
|-boost|p1a: Mudsdale|def|1
|-hitcount|p1a: Mudsdale|5
|move|p2b: Aphelios|Snarl|p1a: Mudsdale|[spread] p1a,p1b
|-damage|p1a: Mudsdale|83/100
|-damage|p1b: Toucannon|0 fnt
|-unboost|p1a: Mudsdale|spa|1
|-ability|p1a: Mudsdale|Stamina|boost
|-boost|p1a: Mudsdale|def|1
|faint|p1b: Toucannon
|move|p1a: Mudsdale|Rock Slide|p2b: Aphelios|[spread] p2a,p2b
|-damage|p2a: Nami|86/100
|-damage|p2b: Aphelios|90/100
|
|-heal|p1a: Mudsdale|88/100|[from] item: Leftovers
|-end|p1a: Mudsdale|move: Yawn|[silent]
|-status|p1a: Mudsdale|slp
|upkeep
|
|t:|1784499065
|switch|p1b: Sinistcha|Sinistcha-Masterpiece, L50|100/100
|-heal|p1a: Mudsdale|100/100 slp|[from] ability: Hospitality|[of] p1b: Sinistcha
|turn|3
|
|t:|1784499089
|move|p1b: Sinistcha|Matcha Gotcha|p2a: Nami|[spread] p2a,p2b
|-supereffective|p2a: Nami|1
|-damage|p2a: Nami|32/100
|-damage|p2b: Aphelios|66/100
|-status|p2b: Aphelios|brn
|-enditem|p2a: Nami|Sitrus Berry|[eat]
|-heal|p2a: Nami|56/100|[from] item: Sitrus Berry
|move|p2b: Aphelios|Foul Play|p1b: Sinistcha
|-supereffective|p1b: Sinistcha|1
|-damage|p1b: Sinistcha|80/100
|move|p2a: Nami|Icy Wind|p1a: Mudsdale|[spread] p1a,p1b
|-supereffective|p1a: Mudsdale|1
|-supereffective|p1b: Sinistcha|1
|-damage|p1a: Mudsdale|78/100 slp
|-damage|p1b: Sinistcha|52/100
|-unboost|p1a: Mudsdale|spe|1
|-unboost|p1b: Sinistcha|spe|1
|cant|p1a: Mudsdale|slp
|
|-heal|p1a: Mudsdale|84/100 slp|[from] item: Leftovers
|-damage|p2b: Aphelios|60/100 brn|[from] brn
|upkeep
|turn|4
|
|t:|1784499141
|move|p2b: Aphelios|Snarl|p1b: Sinistcha|[spread] p1a,p1b
|-supereffective|p1b: Sinistcha|1
|-damage|p1a: Mudsdale|75/100 slp
|-damage|p1b: Sinistcha|28/100
|-unboost|p1a: Mudsdale|spa|1
|-unboost|p1b: Sinistcha|spa|1
|move|p2a: Nami|Icy Wind|p1b: Sinistcha|[spread] p1b
|-miss|p2a: Nami|p1a: Mudsdale
|-supereffective|p1b: Sinistcha|1
|-damage|p1b: Sinistcha|0 fnt
|faint|p1b: Sinistcha
|cant|p1a: Mudsdale|slp
|
|-heal|p1a: Mudsdale|81/100 slp|[from] item: Leftovers
|-damage|p2b: Aphelios|54/100 brn|[from] brn
|upkeep
|
|t:|1784499154
|switch|p1b: Basculegion|Basculegion, L50, M|100/100
|turn|5
|
|t:|1784499171
|move|p2a: Nami|Protect|p2a: Nami
|-singleturn|p2a: Nami|Protect
|move|p1b: Basculegion|Last Respects|p2a: Nami
|-activate|p2a: Nami|move: Protect
|move|p2b: Aphelios|Foul Play|p1b: Basculegion
|-supereffective|p1b: Basculegion|1
|-damage|p1b: Basculegion|42/100
|-curestatus|p1a: Mudsdale|slp|[msg]
|move|p1a: Mudsdale|Body Press|p2b: Aphelios
|-supereffective|p2b: Aphelios|1
|-enditem|p2b: Aphelios|Chople Berry|[eat]
|-enditem|p2b: Aphelios|Chople Berry|[weaken]
|-damage|p2b: Aphelios|0 fnt
|faint|p2b: Aphelios
|
|-heal|p1a: Mudsdale|87/100|[from] item: Leftovers
|upkeep
|
|t:|1784499186
|switch|p2b: Zeri|Jolteon, L50, F|1/100
|turn|6
|
|t:|1784499204
|move|p1b: Basculegion|Last Respects|p2a: Nami
|-damage|p2a: Nami|0 fnt
|faint|p2a: Nami
|move|p2b: Zeri|Thunderbolt|p1b: Basculegion
|-supereffective|p1b: Basculegion|1
|-damage|p1b: Basculegion|0 fnt
|faint|p1b: Basculegion
|move|p1a: Mudsdale|Rock Slide|p2b: Zeri
|-damage|p2b: Zeri|0 fnt
|faint|p2b: Zeri
|
|-heal|p1a: Mudsdale|93/100|[from] item: Leftovers
|upkeep
|
|t:|1784499217
|switch|p2b: Rakan|Sylveon, L50, F, shiny|100/100
|turn|7
|
|t:|1784499226
|move|p2b: Rakan|Hyper Beam|p1a: Mudsdale
|-crit|p1a: Mudsdale
|-damage|p1a: Mudsdale|0 fnt
|-mustrecharge|p2b: Rakan
|faint|p1a: Mudsdale
|
|win|Terrymisu
