|j|☆dont make me walk
|j|☆something123
|html|dont make me walksomething123    
|uhtml|bestof|Game 2 of a best-of-3
|t:|1754228710
|gametype|doubles
|player|p1|dont make me walk|red-masters3|1264
|player|p2|something123|266|1255
|gen|9
|tier|[Gen 9] VGC 2025 Reg H (Bo3)
|rated|
|rule|Species Clause: Limit one of each Pokémon
|rule|Item Clause: Limit 1 of each item
|clearpoke
|poke|p1|Indeedee-F, L50, F|
|poke|p1|Excadrill, L50, F|
|poke|p1|Sneasler, L50, F|
|poke|p1|Tyranitar, L50, F|
|poke|p1|Armarouge, L50, M|
|poke|p1|Corviknight, L50, F|
|poke|p2|Incineroar, L50, M|
|poke|p2|Amoonguss, L50, F|
|poke|p2|Ursaluna-Bloodmoon, L50, M|
|poke|p2|Dragonite, L50, F|
|poke|p2|Sneasler, L50, M|
|poke|p2|Gholdengo, L50|
|teampreview|4
|showteam|p1|Indeedee-F||SafetyGoggles|PsychicSurge|Psychic,FollowMe,TrickRoom,HelpingHand|||F|||50|,,,,,Fairy]Excadrill||ClearAmulet|SandRush|Earthquake,HighHorsepower,IronHead,Protect|||F|||50|,,,,,Ghost]Sneasler||PsychicSeed|Unburden|DireClaw,CloseCombat,ThroatChop,Protect|||F|||50|,,,,,Dark]Tyranitar||AssaultVest|SandStream|RockSlide,TeraBlast,KnockOff,LowKick|||F|||50|,,,,,Flying]Armarouge||LifeOrb|FlashFire|ArmorCannon,ExpandingForce,EnergyBall,TrickRoom|||M|||50|,,,,,Grass]Corviknight||Leftovers|MirrorArmor|BraveBird,IronDefense,Roost,BodyPress|||F|||50|,,,,,Dragon
|showteam|p2|Incineroar||SafetyGoggles|Intimidate|FlareBlitz,KnockOff,FakeOut,PartingShot|||M|||50|,,,,,Ghost]Amoonguss||SitrusBerry|Regenerator|PollenPuff,Spore,RagePowder,Protect|||F|||50|,,,,,Psychic]Ursaluna-Bloodmoon||AssaultVest|MindsEye|HyperVoice,BloodMoon,EarthPower,VacuumWave|||M|||50|,,,,,Water]Dragonite||LoadedDice|Multiscale|ScaleShot,Tailwind,Haze,Protect|||F|||50|,,,,,Fairy]Sneasler||FocusSash|Unburden|CloseCombat,DireClaw,ThroatChop,Protect|||M|||50|,,,,,Stellar]Gholdengo||LifeOrb|GoodasGold|MakeItRain,ShadowBall,NastyPlot,Protect||||||50|,,,,,Water
|inactive|Battle timer is ON: inactive players will automatically lose when time's up. (requested by dont make me walk)
|inactive|dont make me walk has 60 seconds left.
|inactive|something123 has 60 seconds left.
|inactive|dont make me walk has 30 seconds left.
|
|t:|1754228777
|teamsize|p1|4
|teamsize|p2|4
|start
|switch|p1a: Corviknight|Corviknight, L50, F|100/100
|switch|p1b: Excadrill|Excadrill, L50, F|100/100
|switch|p2a: Ursaluna|Ursaluna-Bloodmoon, L50, M|100/100
|switch|p2b: Incineroar|Incineroar, L50, M|100/100
|-ability|p2b: Incineroar|Intimidate|boost
|-ability|p1a: Corviknight|Mirror Armor
|-unboost|p2b: Incineroar|atk|1
|-fail|p1b: Excadrill|unboost|[from] item: Clear Amulet|[of] p1b: Excadrill
|turn|1
|inactive|something123 has 30 seconds left.
|inactive|something123 has 20 seconds left.
|inactive|something123 has 15 seconds left.
|
|t:|1754228817
|switch|p2b: Amoonguss|Amoonguss, L50, F|100/100
|move|p1b: Excadrill|Protect|p1b: Excadrill
|-singleturn|p1b: Excadrill|Protect
|move|p1a: Corviknight|Iron Defense|p1a: Corviknight
|-boost|p1a: Corviknight|def|2
|move|p2a: Ursaluna|Earth Power|p1b: Excadrill
|-activate|p1b: Excadrill|move: Protect
|
|upkeep
|turn|2
|
|t:|1754228831
|-terastallize|p2a: Ursaluna|Water
|move|p1b: Excadrill|Earthquake|p2a: Ursaluna|[spread] p2a,p2b
|-immune|p1a: Corviknight
|-crit|p2b: Amoonguss
|-damage|p2a: Ursaluna|70/100
|-damage|p2b: Amoonguss|48/100
|-enditem|p2b: Amoonguss|Sitrus Berry|[eat]
|-heal|p2b: Amoonguss|73/100|[from] item: Sitrus Berry
|move|p1a: Corviknight|Brave Bird|p2b: Amoonguss
|-supereffective|p2b: Amoonguss
|-damage|p2b: Amoonguss|0 fnt
|faint|p2b: Amoonguss
|-damage|p1a: Corviknight|74/100|[from] Recoil
|move|p2a: Ursaluna|Earth Power|p1b: Excadrill
|-supereffective|p1b: Excadrill
|-crit|p1b: Excadrill
|-damage|p1b: Excadrill|0 fnt
|faint|p1b: Excadrill
|
|-heal|p1a: Corviknight|80/100|[from] item: Leftovers
|upkeep
|
|t:|1754228842
|switch|p1b: Sneasler|Sneasler, L50, F|100/100
|switch|p2b: Gholdengo|Gholdengo, L50|100/100
|turn|3
|inactive|something123 has 30 seconds left.
|
|t:|1754228868
|switch|p2b: Incineroar|Incineroar, L50, M|100/100
|-ability|p2b: Incineroar|Intimidate|boost
|-ability|p1a: Corviknight|Mirror Armor
|-unboost|p2b: Incineroar|atk|1
|-unboost|p1b: Sneasler|atk|1
|-terastallize|p1b: Sneasler|Dark
|move|p1b: Sneasler|Throat Chop|p2b: Incineroar
|-resisted|p2b: Incineroar
|-damage|p2b: Incineroar|86/100
|-start|p2b: Incineroar|Throat Chop|[silent]
|move|p1a: Corviknight|Iron Defense|p1a: Corviknight
|-boost|p1a: Corviknight|def|2
|move|p2a: Ursaluna|Earth Power|p1b: Sneasler
|-damage|p1b: Sneasler|31/100
|
|-heal|p1a: Corviknight|86/100|[from] item: Leftovers
|upkeep
|turn|4
|
|t:|1754228893
|switch|p2b: Gholdengo|Gholdengo, L50|100/100
|move|p1b: Sneasler|Protect|p1b: Sneasler
|-singleturn|p1b: Sneasler|Protect
|move|p2a: Ursaluna|Vacuum Wave|p1b: Sneasler
|-activate|p1b: Sneasler|move: Protect
|move|p1a: Corviknight|Body Press|p2b: Gholdengo
|-immune|p2b: Gholdengo
|
|-heal|p1a: Corviknight|92/100|[from] item: Leftovers
|upkeep
|turn|5
|
|t:|1754228913
|switch|p1a: Indeedee|Indeedee-F, L50, F|100/100
|-fieldstart|move: Psychic Terrain|[from] ability: Psychic Surge|[of] p1a: Indeedee
|-enditem|p1b: Sneasler|Psychic Seed
|-boost|p1b: Sneasler|spd|1|[from] item: Psychic Seed
|move|p2a: Ursaluna|Vacuum Wave|p1b: Sneasler
|-activate|p1b: Sneasler|move: Psychic Terrain
|move|p1b: Sneasler|Throat Chop|p2b: Gholdengo
|-supereffective|p2b: Gholdengo
|-damage|p2b: Gholdengo|33/100
|-start|p2b: Gholdengo|Throat Chop|[silent]
|move|p2b: Gholdengo|Nasty Plot|p2b: Gholdengo
|-boost|p2b: Gholdengo|spa|2
|
|upkeep
|turn|6
|
|t:|1754228936
|move|p1b: Sneasler|Protect|p1b: Sneasler
|-singleturn|p1b: Sneasler|Protect
|move|p2b: Gholdengo|Make It Rain|p1b: Sneasler|[spread] p1a
|-activate|p1b: Sneasler|move: Protect
|-damage|p1a: Indeedee|0 fnt
|-unboost|p2b: Gholdengo|spa|1
|faint|p1a: Indeedee
|-damage|p2b: Gholdengo|23/100|[from] item: Life Orb
|move|p2a: Ursaluna|Hyper Voice|p1b: Sneasler
|-activate|p1b: Sneasler|move: Protect
|
|-end|p2b: Gholdengo|Throat Chop|[silent]
|upkeep
|
|t:|1754228941
|switch|p1a: Corviknight|Corviknight, L50, F|92/100
|turn|7
|
|t:|1754228957
|move|p2b: Gholdengo|Protect|p2b: Gholdengo
|-singleturn|p2b: Gholdengo|Protect
|move|p1b: Sneasler|Close Combat|p2a: Ursaluna
|-damage|p2a: Ursaluna|36/100
|-unboost|p1b: Sneasler|def|1
|-unboost|p1b: Sneasler|spd|1
|move|p1a: Corviknight|Brave Bird|p2a: Ursaluna
|-crit|p2a: Ursaluna
|-damage|p2a: Ursaluna|0 fnt
|faint|p2a: Ursaluna
|-damage|p1a: Corviknight|80/100|[from] Recoil
|
|-heal|p1a: Corviknight|86/100|[from] item: Leftovers
|upkeep
|
|t:|1754228970
|switch|p2a: Incineroar|Incineroar, L50, M|86/100
|-ability|p2a: Incineroar|Intimidate|boost
|-ability|p1a: Corviknight|Mirror Armor
|-unboost|p2a: Incineroar|atk|1
|-unboost|p1b: Sneasler|atk|1
|turn|8
|
|t:|1754228979
|move|p2b: Gholdengo|Protect|p2b: Gholdengo
|-singleturn|p2b: Gholdengo|Protect
|move|p1b: Sneasler|Throat Chop|p2b: Gholdengo
|-activate|p2b: Gholdengo|move: Protect
|move|p2a: Incineroar|Flare Blitz|p1b: Sneasler
|-crit|p1b: Sneasler
|-damage|p1b: Sneasler|0 fnt
|faint|p1b: Sneasler
|-damage|p2a: Incineroar|78/100|[from] Recoil
|move|p1a: Corviknight|Iron Defense|p1a: Corviknight
|-boost|p1a: Corviknight|def|2
|
|-heal|p1a: Corviknight|92/100|[from] item: Leftovers
|upkeep
|turn|9
|
|t:|1754228989
|move|p2b: Gholdengo|Shadow Ball|p1a: Corviknight
|-damage|p1a: Corviknight|16/100
|-damage|p2b: Gholdengo|13/100|[from] item: Life Orb
|move|p2a: Incineroar|Flare Blitz|p1a: Corviknight
|-supereffective|p1a: Corviknight
|-damage|p1a: Corviknight|0 fnt
|faint|p1a: Corviknight
|-damage|p2a: Incineroar|73/100|[from] Recoil
|
|win|something123
|raw|dont make me walk's rating: 1264 → 1238(-26 for losing)
|raw|something123's rating: 1255 → 1281(+26 for winning)
