|j|☆rafa0145
|j|☆Xxxxcvvvc
|html|rafa0145Xxxxcvvvc    
|uhtml|bestof|Game 1 of a best-of-3
|t:|1783597873
|gametype|doubles
|player|p1|rafa0145|101|1088
|player|p2|Xxxxcvvvc|169|1031
|gen|9
|tier|[Gen 9 Champions] VGC 2026 Reg M-B (Bo3)
|rated|
|rule|Species Clause: Limit one of each Pokémon
|rule|Item Clause: Limit 1 of each item
|clearpoke
|poke|p1|Charizard, L50, M|
|poke|p1|Kingambit, L50, M|
|poke|p1|Sylveon, L50, F|
|poke|p1|Garchomp, L50, F|
|poke|p1|Aerodactyl, L50, M|
|poke|p1|Farigiraf, L50, F|
|poke|p2|Pyroar, L50, F|
|poke|p2|Torkoal, L50, F|
|poke|p2|Vileplume, L50, M|
|poke|p2|Farigiraf, L50, F|
|poke|p2|Tinkaton, L50, F|
|poke|p2|Hydreigon, L50, M|
|teampreview|4
|showteam|p1|Charizard||CharizarditeY|SolarPower|Protect,HeatWave,SolarBeam,WeatherBall|Modest||M|||50|]Kingambit||FocusSash|Defiant|IronHead,SuckerPunch,KowtowCleave,LowKick|Adamant||M|||50|]Sylveon||FairyFeather|Pixilate|Detect,HyperVoice,HyperBeam,QuickAttack|Modest||F|||50|]Garchomp||LifeOrb|RoughSkin|Protect,DragonClaw,Earthquake,RockSlide|Jolly||F|||50|]Aerodactyl||Aerodactylite|Unnerve|IceFang,RockSlide,Tailwind,DualWingbeat|Jolly||M|||50|]Farigiraf||SitrusBerry|ArmorTail|TrickRoom,Psychic,Thunderbolt,Protect|Bold||F|||50|
|showteam|p2|Pyroar||Pyroarite|Unnerve|HeatWave,FireBlast,SolarBeam,Protect|Timid||F|||50|]Torkoal||Charcoal|Drought|WeatherBall,Eruption,Yawn,Protect|Quiet||F|||50|]Vileplume||FocusSash|Chlorophyll|SolarBeam,SludgeBomb,AfterYou,Protect|Timid||M|||50|]Farigiraf||SitrusBerry|ArmorTail|TwinBeam,Thunderbolt,HelpingHand,TrickRoom|Relaxed||F|||50|]Tinkaton||ShucaBerry|OwnTempo|GigatonHammer,Encore,HelpingHand,FakeOut|Adamant||F|||50|]Hydreigon||WhiteHerb|Levitate|DracoMeteor,DarkPulse,EarthPower,Protect|Modest||M|||50|
|
|t:|1783597902
|teamsize|p1|4
|teamsize|p2|4
|start
|switch|p1a: Charizard|Charizard, L50, M|100/100
|switch|p1b: Garchomp|Garchomp, L50, F|100/100
|switch|p2a: Tinkaton|Tinkaton, L50, F|100/100
|switch|p2b: Pyroar|Pyroar, L50, F|100/100
|-ability|p2b: Pyroar|Unnerve
|turn|1
|
|t:|1783597935
|detailschange|p2b: Pyroar|Pyroar-Mega, L50, F
|-mega|p2b: Pyroar|Pyroar|Pyroarite
|detailschange|p1a: Charizard|Charizard-Mega-Y, L50, M
|-mega|p1a: Charizard|Charizard|Charizardite Y
|-weather|SunnyDay|[from] ability: Drought|[of] p1a: Charizard
|move|p2a: Tinkaton|Fake Out|p1b: Garchomp
|-damage|p1b: Garchomp|91/100
|-damage|p2a: Tinkaton|87/100|[from] ability: Rough Skin|[of] p1b: Garchomp
|move|p2b: Pyroar|Heat Wave|p1a: Charizard|[spread] p1a,p1b
|-resisted|p1a: Charizard|1
|-resisted|p1b: Garchomp|1
|-damage|p1a: Charizard|63/100
|-damage|p1b: Garchomp|40/100
|cant|p1b: Garchomp|flinch
|move|p1a: Charizard|Weather Ball|p2a: Tinkaton
|-supereffective|p2a: Tinkaton|1
|-damage|p2a: Tinkaton|0 fnt
|faint|p2a: Tinkaton
|
|-weather|SunnyDay|[upkeep]
|upkeep
|
|t:|1783597957
|switch|p2a: Vileplume|Vileplume, L50, M|100/100
|turn|2
|
|t:|1783597975
|move|p1a: Charizard|Protect|p1a: Charizard
|-singleturn|p1a: Charizard|Protect
|move|p2a: Vileplume|Sludge Bomb|p1a: Charizard
|-activate|p1a: Charizard|move: Protect
|move|p2b: Pyroar|Heat Wave|p1a: Charizard|[spread] p1b
|-activate|p1a: Charizard|move: Protect
|-resisted|p1b: Garchomp|1
|-damage|p1b: Garchomp|0 fnt
|faint|p1b: Garchomp
|
|-weather|SunnyDay|[upkeep]
|upkeep
|
|t:|1783597984
|switch|p1b: Aerodactyl|Aerodactyl, L50, M|100/100
|-ability|p1b: Aerodactyl|Unnerve
|turn|3
|
|t:|1783598007
|move|p2a: Vileplume|Solar Beam||[still]
|-prepare|p2a: Vileplume|Solar Beam
|-anim|p2a: Vileplume|Solar Beam|p1b: Aerodactyl
|-damage|p1b: Aerodactyl|23/100
|move|p1b: Aerodactyl|Tailwind|p1b: Aerodactyl
|-sidestart|p1: rafa0145|move: Tailwind
|move|p1a: Charizard|Weather Ball|p2a: Vileplume
|-supereffective|p2a: Vileplume|1
|-enditem|p2a: Vileplume|Focus Sash
|-damage|p2a: Vileplume|1/100
|move|p2b: Pyroar|Heat Wave|p1a: Charizard|[spread] p1a,p1b
|-resisted|p1a: Charizard|1
|-resisted|p1b: Aerodactyl|1
|-damage|p1a: Charizard|26/100
|-damage|p1b: Aerodactyl|0 fnt
|faint|p1b: Aerodactyl
|
|-weather|SunnyDay|[upkeep]
|upkeep
|
|t:|1783598019
|switch|p1b: Farigiraf|Farigiraf, L50, F|100/100
|turn|4
|
|t:|1783598037
|move|p1a: Charizard|Protect|p1a: Charizard
|-singleturn|p1a: Charizard|Protect
|move|p2a: Vileplume|Protect|p2a: Vileplume
|-singleturn|p2a: Vileplume|Protect
|move|p2b: Pyroar|Fire Blast|p1b: Farigiraf
|-damage|p1b: Farigiraf|0 fnt
|faint|p1b: Farigiraf
|
|-weather|SunnyDay|[upkeep]
|upkeep
|turn|5
|
|t:|1783598053
|move|p1a: Charizard|Heat Wave|p2a: Vileplume|[spread] p2b
|-miss|p1a: Charizard|p2a: Vileplume
|-resisted|p2b: Pyroar|1
|-damage|p2b: Pyroar|63/100
|move|p2a: Vileplume|Sludge Bomb|p1a: Charizard
|-damage|p1a: Charizard|0 fnt
|faint|p1a: Charizard
|
|win|Xxxxcvvvc
