|j|☆TAG2004
|j|☆cavzuy
|html|TAG2004cavzuy    
|uhtml|bestof|Game 2 of a best-of-3
|t:|1783174516
|gametype|doubles
|player|p1|TAG2004|169|1145
|player|p2|cavzuy|gentleman-gen4|1070
|gen|9
|tier|[Gen 9 Champions] VGC 2026 Reg M-B (Bo3)
|rated|
|rule|Species Clause: Limit one of each Pokémon
|rule|Item Clause: Limit 1 of each item
|clearpoke
|poke|p1|Venusaur, L50, M|
|poke|p1|Gholdengo, L50|
|poke|p1|Sableye, L50, F|
|poke|p1|Pelipper, L50, M|
|poke|p1|Archaludon, L50, M|
|poke|p1|Swampert, L50, F|
|poke|p2|Archaludon, L50, M|
|poke|p2|Pelipper, L50, F|
|poke|p2|Beartic, L50, F|
|poke|p2|Incineroar, L50, F|
|poke|p2|Sinistcha, L50|
|poke|p2|Farigiraf, L50, F|
|teampreview|4
|showteam|p1|Venusaur||Venusaurite|Chlorophyll|SludgeBomb,Protect,EarthPower,GigaDrain|Modest||M|||50|]Gholdengo||ChoiceScarf|GoodasGold|ShadowBall,PowerGem,Trick,MakeItRain|Timid|||||50|]Sableye||LightClay|Prankster|RainDance,LightScreen,Reflect,Encore|Calm||F|||50|]Pelipper||FocusSash|Drizzle|Hurricane,WeatherBall,Tailwind,Protect|Modest||M|||50|]Archaludon||Leftovers|Stamina|ElectroShot,FlashCannon,DragonPulse,Protect|Serious||M|||50|]Swampert||Swampertite|Damp|Protect,WaveCrash,HighHorsepower,IcePunch|Adamant||F|||50|
|showteam|p2|Archaludon||Leftovers|Stamina|AuraSphere,FlashCannon,ElectroShot,DragonPulse|Rash||M|||50|]Pelipper||DampRock|Drizzle|Tailwind,Hurricane,WeatherBall,WideGuard|Modest||F|||50|]Beartic||WideLens|SwiftSwim|SwordsDance,IcePunch,CloseCombat,SheerCold|Brave||F|||50|]Incineroar||SitrusBerry|Intimidate|FakeOut,FlareBlitz,PartingShot,BulkUp|Adamant||F|||50|]Sinistcha||SpellTag|Hospitality|MatchaGotcha,Hex,LifeDew,RagePowder|Modest|||||50|]Farigiraf||LifeOrb|ArmorTail|CalmMind,TrickRoom,HyperVoice,TwinBeam|Quiet||F|||50|
|inactive|Battle timer is ON: inactive players will automatically lose when time's up. (requested by TAG2004)
|inactive|TAG2004 has 60 seconds left.
|
|t:|1783174572
|teamsize|p1|4
|teamsize|p2|4
|start
|switch|p1a: Sableye|Sableye, L50, F|100/100
|switch|p1b: Archaludon|Archaludon, L50, M|100/100
|switch|p2a: Farigiraf|Farigiraf, L50, F|100/100
|switch|p2b: Incineroar|Incineroar, L50, F|100/100
|-ability|p2b: Incineroar|Intimidate|boost
|-unboost|p1a: Sableye|atk|1
|-unboost|p1b: Archaludon|atk|1
|turn|1
|
|t:|1783174585
|move|p1b: Archaludon|Protect|p1b: Archaludon
|-singleturn|p1b: Archaludon|Protect
|move|p2b: Incineroar|Fake Out|p1b: Archaludon
|-activate|p1b: Archaludon|move: Protect
|move|p1a: Sableye|Light Screen|p1a: Sableye
|-sidestart|p1: TAG2004|move: Light Screen
|move|p2a: Farigiraf|Hyper Voice|p1a: Sableye|[spread] 
|-activate|p1b: Archaludon|move: Protect
|-immune|p1a: Sableye
|
|upkeep
|turn|2
|
|t:|1783174601
|move|p1a: Sableye|Rain Dance|p1a: Sableye
|-weather|RainDance
|move|p1b: Archaludon|Electro Shot||[still]
|-prepare|p1b: Archaludon|Electro Shot
|-boost|p1b: Archaludon|spa|1
|-anim|p1b: Archaludon|Electro Shot|p2b: Incineroar
|-damage|p2b: Incineroar|49/100
|-enditem|p2b: Incineroar|Sitrus Berry|[eat]
|-heal|p2b: Incineroar|74/100|[from] item: Sitrus Berry
|move|p2b: Incineroar|Parting Shot|p1b: Archaludon
|-unboost|p1b: Archaludon|atk|1
|-unboost|p1b: Archaludon|spa|1
|
|t:|1783174611
|switch|p2b: Beartic|Beartic, L50, F|100/100|[from] Parting Shot
|move|p2a: Farigiraf|Trick Room|p2a: Farigiraf
|-fieldstart|move: Trick Room|[of] p2a: Farigiraf
|
|-weather|RainDance|[upkeep]
|upkeep
|turn|3
|
|t:|1783174633
|switch|p2a: Incineroar|Incineroar, L50, F|74/100
|-ability|p2a: Incineroar|Intimidate|boost
|-unboost|p1a: Sableye|atk|1
|-unboost|p1b: Archaludon|atk|1
|move|p1a: Sableye|Reflect|p1a: Sableye
|-sidestart|p1: TAG2004|Reflect
|move|p1b: Archaludon|Electro Shot||[still]
|-prepare|p1b: Archaludon|Electro Shot
|-boost|p1b: Archaludon|spa|1
|-anim|p1b: Archaludon|Electro Shot|p2b: Beartic
|-damage|p2b: Beartic|37/100
|move|p2b: Beartic|Sheer Cold|p1b: Archaludon
|-damage|p1b: Archaludon|0 fnt
|faint|p1b: Archaludon
|-ohko
|
|-weather|RainDance|[upkeep]
|upkeep
|
|t:|1783174645
|switch|p1b: Swampert|Swampert, L50, F|100/100
|turn|4
|
|t:|1783174657
|detailschange|p1b: Swampert|Swampert-Mega, L50, F
|-mega|p1b: Swampert|Swampert|Swampertite
|move|p1b: Swampert|Protect|p1b: Swampert
|-singleturn|p1b: Swampert|Protect
|move|p2a: Incineroar|Fake Out|p1b: Swampert
|-activate|p1b: Swampert|move: Protect
|move|p1a: Sableye|Encore|p2b: Beartic
|-start|p2b: Beartic|Encore
|move|p2b: Beartic|Sheer Cold|p1b: Swampert
|-activate|p1b: Swampert|move: Protect
|
|-weather|RainDance|[upkeep]
|upkeep
|turn|5
|
|t:|1783174669
|switch|p1a: Gholdengo|Gholdengo, L50|100/100
|move|p2a: Incineroar|Parting Shot|p1b: Swampert
|-unboost|p1b: Swampert|atk|1
|-unboost|p1b: Swampert|spa|1
|
|t:|1783174677
|switch|p2a: Sinistcha|Sinistcha, L50|100/100|[from] Parting Shot
|-heal|p2b: Beartic|62/100|[from] ability: Hospitality|[of] p2a: Sinistcha
|move|p2b: Beartic|Sheer Cold|p1b: Swampert
|-damage|p1b: Swampert|0 fnt
|faint|p1b: Swampert
|-ohko
|
|-weather|RainDance|[upkeep]
|upkeep
|
|t:|1783174681
|switch|p1b: Sableye|Sableye, L50, F|100/100
|turn|6
|
|t:|1783174693
|move|p2a: Sinistcha|Rage Powder|p2a: Sinistcha
|-singleturn|p2a: Sinistcha|move: Rage Powder
|move|p1b: Sableye|Light Screen||[still]
|-fail|p1b: Sableye
|move|p2b: Beartic|Sheer Cold|p1a: Gholdengo|[miss]
|-miss|p2b: Beartic|p1a: Gholdengo
|move|p1a: Gholdengo|Make It Rain|p2b: Beartic|[spread] p2a,p2b
|-supereffective|p2b: Beartic|1
|-damage|p2a: Sinistcha|48/100
|-damage|p2b: Beartic|0 fnt
|-unboost|p1a: Gholdengo|spa|2
|faint|p2b: Beartic
|
|-weather|none
|-fieldend|move: Trick Room
|upkeep
|
|t:|1783174705
|switch|p2b: Incineroar|Incineroar, L50, F|74/100
|-ability|p2b: Incineroar|Intimidate|boost
|-unboost|p1a: Gholdengo|atk|1
|-unboost|p1b: Sableye|atk|1
|turn|7
|
|t:|1783174710
|move|p1b: Sableye|Rain Dance|p1b: Sableye
|-weather|RainDance
|move|p1a: Gholdengo|Make It Rain|p2a: Sinistcha|[spread] p2a,p2b
|-resisted|p2b: Incineroar|1
|-damage|p2a: Sinistcha|23/100
|-damage|p2b: Incineroar|62/100
|-unboost|p1a: Gholdengo|spa|2
|move|p2a: Sinistcha|Hex|p1a: Gholdengo
|-supereffective|p1a: Gholdengo|1
|-damage|p1a: Gholdengo|47/100
|move|p2b: Incineroar|Flare Blitz|p1a: Gholdengo
|-supereffective|p1a: Gholdengo|1
|-damage|p1a: Gholdengo|2/100
|-damage|p2b: Incineroar|50/100y|[from] Recoil
|
|-weather|RainDance|[upkeep]
|upkeep
|turn|8
|-message|TAG2004 forfeited.
|
|win|cavzuy
