|j|☆namekzebra
|j|☆lux raimundi
|html|namekzebralux raimundi    
|uhtml|bestof|Game 2 of a best-of-3
|t:|1784317562
|gametype|doubles
|player|p1|namekzebra|artist-gen4|1009
|player|p2|lux raimundi|266|1125
|gen|9
|tier|[Gen 9 Champions] VGC 2026 Reg M-B (Bo3)
|rated|
|rule|Species Clause: Limit one of each Pokémon
|rule|Item Clause: Limit 1 of each item
|clearpoke
|poke|p1|Altaria, L50, F|
|poke|p1|Oranguru, L50, M|
|poke|p1|Torterra, L50, F|
|poke|p1|Machamp, L50, F|
|poke|p1|Morpeko, L50, M|
|poke|p1|Arcanine, L50, M|
|poke|p2|Sneasler, L50, M|
|poke|p2|Blastoise, L50, M|
|poke|p2|Kingambit, L50, M|
|poke|p2|Incineroar, L50, M|
|poke|p2|Delphox, L50, F|
|poke|p2|Sinistcha, L50|
|teampreview|4
|showteam|p1|Altaria||Altarianite|NaturalCure|DragonPulse,HyperBeam,CottonGuard,Roost|Quiet||F|||50|]Oranguru||MentalHerb|Telepathy|HyperVoice,Psychic,CalmMind,TrickRoom|Relaxed||M|||50|]Torterra||Leftovers|Overgrow|SeedBomb,Earthquake,LeechSeed,Endure|Adamant||F|||50|]Machamp||BlackBelt|Guts|CloseCombat,DrainPunch,BulkUp,Protect|Adamant||F|||50|]Morpeko||Metronome|HungerSwitch|AuraWheel,PowerTrip,PartingShot,Protect|Serious||M|||50|]Arcanine||Charcoal|FlashFire|Overheat,FireFang,Howl,Agility|Brave||M|||50|
|showteam|p2|Sneasler||FocusSash|PoisonTouch|PoisonJab,CloseCombat,FakeOut,QuickGuard|Jolly||M|||50|]Blastoise||Blastoisinite|RainDish|DarkPulse,WaterSpout,ShellSmash,Protect|Modest||M|||50|]Kingambit||BlackGlasses|Defiant|KowtowCleave,SuckerPunch,SwordsDance,Protect|Adamant||M|||50|]Incineroar||SitrusBerry|Intimidate|FlareBlitz,HelpingHand,PartingShot,FakeOut|Careful||M|||50|]Delphox||Delphoxite|Blaze|HeatWave,NastyPlot,Psyshock,Protect|Modest||F|||50|]Sinistcha||KasibBerry|Hospitality|MatchaGotcha,RagePowder,TrickRoom,Protect|Bold|||||50|
|
|t:|1784317568
|teamsize|p1|4
|teamsize|p2|4
|start
|switch|p1a: Gorillo|Oranguru, L50, M|100/100
|switch|p1b: Ben-10|Machamp, L50, F|100/100
|switch|p2a: Sneasler|Sneasler, L50, M|100/100
|switch|p2b: Blastoise|Blastoise, L50, M|100/100
|turn|1
|
|t:|1784317586
|detailschange|p2b: Blastoise|Blastoise-Mega, L50, M
|-mega|p2b: Blastoise|Blastoise|Blastoisinite
|move|p2a: Sneasler|Fake Out|p1a: Gorillo
|-damage|p1a: Gorillo|86/100
|move|p2b: Blastoise|Shell Smash|p2b: Blastoise
|-unboost|p2b: Blastoise|def|1
|-unboost|p2b: Blastoise|spd|1
|-boost|p2b: Blastoise|atk|2
|-boost|p2b: Blastoise|spa|2
|-boost|p2b: Blastoise|spe|2
|move|p1b: Ben-10|Close Combat|p2b: Blastoise
|-damage|p2b: Blastoise|0 fnt
|-unboost|p1b: Ben-10|def|1
|-unboost|p1b: Ben-10|spd|1
|faint|p2b: Blastoise
|cant|p1a: Gorillo|flinch
|
|upkeep
|
|t:|1784317596
|switch|p2b: Incineroar|Incineroar, L50, M|100/100
|-ability|p2b: Incineroar|Intimidate|boost
|-unboost|p1a: Gorillo|atk|1
|-unboost|p1b: Ben-10|atk|1
|turn|2
|
|t:|1784317605
|move|p1b: Ben-10|Protect|p1b: Ben-10
|-singleturn|p1b: Ben-10|Protect
|move|p2b: Incineroar|Fake Out|p1a: Gorillo
|-crit|p1a: Gorillo
|-damage|p1a: Gorillo|70/100
|move|p2a: Sneasler|Close Combat|p1b: Ben-10
|-activate|p1b: Ben-10|move: Protect
|cant|p1a: Gorillo|flinch
|
|upkeep
|turn|3
|
|t:|1784317613
|switch|p1b: Cloudi|Altaria, L50, F|100/100
|move|p2b: Incineroar|Helping Hand|p2a: Sneasler
|-singleturn|p2a: Sneasler|Helping Hand|[of] p2b: Incineroar
|move|p2a: Sneasler|Close Combat|p1a: Gorillo
|-damage|p1a: Gorillo|0 fnt
|-unboost|p2a: Sneasler|def|1
|-unboost|p2a: Sneasler|spd|1
|faint|p1a: Gorillo
|
|upkeep
|
|t:|1784317622
|switch|p1a: Ao|Torterra, L50, F|100/100
|turn|4
|
|t:|1784317636
|move|p2b: Incineroar|Helping Hand|p2a: Sneasler
|-singleturn|p2a: Sneasler|Helping Hand|[of] p2b: Incineroar
|move|p2a: Sneasler|Close Combat|p1a: Ao
|-damage|p1a: Ao|15/100
|-unboost|p2a: Sneasler|def|1
|-unboost|p2a: Sneasler|spd|1
|move|p1b: Cloudi|Dragon Pulse|p2a: Sneasler
|-crit|p2a: Sneasler
|-enditem|p2a: Sneasler|Focus Sash
|-damage|p2a: Sneasler|1/100
|move|p1a: Ao|Earthquake|p2a: Sneasler|[spread] p2a,p2b
|-immune|p1b: Cloudi
|-supereffective|p2a: Sneasler|1
|-supereffective|p2b: Incineroar|1
|-damage|p2a: Sneasler|0 fnt
|-damage|p2b: Incineroar|33/100
|-enditem|p2b: Incineroar|Sitrus Berry|[eat]
|-heal|p2b: Incineroar|58/100|[from] item: Sitrus Berry
|faint|p2a: Sneasler
|
|-heal|p1a: Ao|21/100|[from] item: Leftovers
|upkeep
|
|t:|1784317641
|switch|p2a: Sinistcha|Sinistcha, L50|100/100
|-heal|p2b: Incineroar|83/100|[from] ability: Hospitality|[of] p2a: Sinistcha
|turn|5
|
|t:|1784317657
|detailschange|p1b: Cloudi|Altaria-Mega, L50, F
|-mega|p1b: Cloudi|Altaria|Altarianite
|move|p2b: Incineroar|Parting Shot|p1b: Cloudi
|-unboost|p1b: Cloudi|atk|1
|-unboost|p1b: Cloudi|spa|1
|move|p1b: Cloudi|Hyper Beam|p2b: Incineroar
|-damage|p2b: Incineroar|43/100
|-mustrecharge|p1b: Cloudi
|move|p2a: Sinistcha|Matcha Gotcha|p1b: Cloudi|[spread] p1b
|-miss|p2a: Sinistcha|p1a: Ao
|-resisted|p1b: Cloudi|1
|-damage|p1b: Cloudi|89/100
|move|p1a: Ao|Earthquake|p2a: Sinistcha|[spread] p1b,p2a,p2b
|-resisted|p2a: Sinistcha|1
|-supereffective|p2b: Incineroar|1
|-damage|p1b: Cloudi|53/100
|-damage|p2a: Sinistcha|84/100
|-damage|p2b: Incineroar|0 fnt
|faint|p2b: Incineroar
|
|-heal|p1a: Ao|27/100|[from] item: Leftovers
|upkeep
|turn|6
|
|t:|1784317677
|move|p2a: Sinistcha|Matcha Gotcha|p1a: Ao|[spread] 
|-miss|p2a: Sinistcha|p1a: Ao
|-miss|p2a: Sinistcha|p1b: Cloudi
|cant|p1b: Cloudi|recharge
|move|p1a: Ao|Seed Bomb|p2a: Sinistcha
|-resisted|p2a: Sinistcha|1
|-damage|p2a: Sinistcha|59/100
|
|-heal|p1a: Ao|33/100|[from] item: Leftovers
|upkeep
|turn|7
|
|t:|1784317691
|move|p1b: Cloudi|Hyper Beam|p2a: Sinistcha
|-damage|p2a: Sinistcha|10/100
|-mustrecharge|p1b: Cloudi
|move|p2a: Sinistcha|Matcha Gotcha|p1a: Ao|[spread] p1a,p1b
|-resisted|p1b: Cloudi|1
|-damage|p1a: Ao|12/100
|-heal|p2a: Sinistcha|21/100|[from] drain|[of] p1a: Ao
|-damage|p1b: Cloudi|44/100
|-heal|p2a: Sinistcha|26/100|[from] drain|[of] p1b: Cloudi
|move|p1a: Ao|Seed Bomb|p2a: Sinistcha
|-resisted|p2a: Sinistcha|1
|-damage|p2a: Sinistcha|1/100
|
|-heal|p1a: Ao|18/100|[from] item: Leftovers
|upkeep
|turn|8
|
|t:|1784317706
|move|p2a: Sinistcha|Matcha Gotcha|p1a: Ao|[spread] p1a,p1b
|-resisted|p1b: Cloudi|1
|-damage|p1a: Ao|0 fnt
|-heal|p2a: Sinistcha|10/100|[from] drain|[of] p1a: Ao
|-damage|p1b: Cloudi|33/100
|-heal|p2a: Sinistcha|15/100|[from] drain|[of] p1b: Cloudi
|-status|p1b: Cloudi|brn
|faint|p1a: Ao
|cant|p1b: Cloudi|recharge
|
|-damage|p1b: Cloudi|27/100 brn|[from] brn
|upkeep
|
|t:|1784317711
|switch|p1a: Ben-10|Machamp, L50, F|100/100
|turn|9
|
|t:|1784317722
|move|p1b: Cloudi|Hyper Beam|p2a: Sinistcha
|-damage|p2a: Sinistcha|0 fnt
|-mustrecharge|p1b: Cloudi
|faint|p2a: Sinistcha
|
|win|namekzebra
