|j|☆laburbu
|j|☆ashketchup01010
|html|laburbuashketchup01010    
|uhtml|bestof|Game 1 of a best-of-3
|t:|1785361653
|gametype|doubles
|player|p1|laburbu|clown|1000
|player|p2|ashketchup01010|170|1001
|gen|9
|tier|[Gen 9 Champions] VGC 2026 Reg M-B (Bo3)
|rated|
|rule|Species Clause: Limit one of each Pokémon
|rule|Item Clause: Limit 1 of each item
|clearpoke
|poke|p1|Incineroar, L50, M|
|poke|p1|Sinistcha, L50|
|poke|p1|Maushold, L50|
|poke|p1|Floette-Eternal, L50, F|
|poke|p1|Delphox, L50, M|
|poke|p1|Garchomp, L50, M|
|poke|p2|Sinistcha-Masterpiece, L50|
|poke|p2|Starmie, L50|
|poke|p2|Staraptor, L50, F|
|poke|p2|Whimsicott, L50, F|
|poke|p2|Vaporeon, L50, M|
|poke|p2|Incineroar, L50, F|
|teampreview|4
|showteam|p1|Incineroar||SitrusBerry|Intimidate|FakeOut,ThroatChop,FlareBlitz,PartingShot|Careful||M|||50|]Sinistcha||KasibBerry|Hospitality|Protect,TrickRoom,MatchaGotcha,RagePowder|Bold|||||50|]Maushold||FocusSash|FriendGuard|Protect,FollowMe,SuperFang,Taunt|Bold|||||50|]Floette-Eternal||Floettite|FlowerVeil|Protect,Moonblast,CalmMind,DrainingKiss|Modest||F|||50|]Delphox||Delphoxite|Blaze|Protect,HeatWave,NastyPlot,Psyshock|Timid||M|||50|]Garchomp||LifeOrb|RoughSkin|Protect,RockSlide,Earthquake,DragonClaw|Jolly||M|||50|
|showteam|p2|Sinistcha-Masterpiece||ColburBerry|Hospitality|MatchaGotcha,TrickRoom,RagePowder,StrengthSap|Modest|||||50|]Starmie||Starminite|Illuminate|AquaJet,IceSpinner,Liquidation,Protect|Jolly|||||50|]Staraptor||Staraptite|Intimidate|CloseCombat,BraveBird,Tailwind,Protect|Jolly||F|||50|]Whimsicott||FocusSash|Prankster|Moonblast,Tickle,Tailwind,Protect|Timid||F|||50|]Vaporeon||Leftovers|WaterAbsorb|Scald,IcyWind,Yawn,Protect|Bold||M|||50|]Incineroar||PasshoBerry|Intimidate|FakeOut,FlareBlitz,DarkestLariat,PartingShot|Impish||F|||50|
|inactive|Battle timer is ON: inactive players will automatically lose when time's up. (requested by ashketchup01010)
|inactive|laburbu has 60 seconds left.
|inactive|ashketchup01010 has 60 seconds left.
|inactive|laburbu has 30 seconds left.
|
|t:|1785361714
|teamsize|p1|4
|teamsize|p2|4
|start
|switch|p1a: Incineroar|Incineroar, L50, M|100/100
|switch|p1b: Floette|Floette-Eternal, L50, F|100/100
|switch|p2a: Starmie|Starmie, L50|100/100
|switch|p2b: Whimsicott|Whimsicott, L50, F|100/100
|-ability|p1a: Incineroar|Intimidate|boost
|-unboost|p2a: Starmie|atk|1
|-unboost|p2b: Whimsicott|atk|1
|turn|1
|inactive|laburbu has 30 seconds left.
|inactive|ashketchup01010 has 30 seconds left.
|
|t:|1785361743
|detailschange|p2a: Starmie|Starmie-Mega, L50
|-mega|p2a: Starmie|Starmie|Starminite
|detailschange|p1b: Floette|Floette-Mega, L50, F
|-mega|p1b: Floette|Floette|Floettite
|-ability|p1b: Floette|Fairy Aura
|move|p2a: Starmie|Protect|p2a: Starmie
|-singleturn|p2a: Starmie|Protect
|move|p1a: Incineroar|Fake Out|p2a: Starmie
|-activate|p2a: Starmie|move: Protect
|move|p2b: Whimsicott|Moonblast|p1a: Incineroar
|-damage|p1a: Incineroar|66/100
|move|p1b: Floette|Calm Mind|p1b: Floette
|-boost|p1b: Floette|spa|1
|-boost|p1b: Floette|spd|1
|
|upkeep
|turn|2
|
|t:|1785361761
|switch|p1a: Sinistcha|Sinistcha, L50|100/100
|move|p1b: Floette|Protect|p1b: Floette
|-singleturn|p1b: Floette|Protect
|move|p2b: Whimsicott|Tickle|p1b: Floette
|-activate|p1b: Floette|move: Protect
|move|p2a: Starmie|Liquidation|p1b: Floette
|-activate|p1b: Floette|move: Protect
|
|upkeep
|turn|3
|inactive|laburbu has 30 seconds left.
|
|t:|1785361788
|switch|p1a: Incineroar|Incineroar, L50, M|66/100
|-ability|p1a: Incineroar|Intimidate|boost
|-unboost|p2a: Starmie|atk|1
|-unboost|p2b: Whimsicott|atk|1
|move|p2a: Starmie|Ice Spinner|p1a: Incineroar
|-resisted|p1a: Incineroar|1
|-damage|p1a: Incineroar|58/100
|move|p2b: Whimsicott|Moonblast|p1b: Floette
|-damage|p1b: Floette|77/100
|-unboost|p1b: Floette|spa|1
|move|p1b: Floette|Draining Kiss|p2b: Whimsicott
|-damage|p2b: Whimsicott|33/100
|-heal|p1b: Floette|100/100|[from] drain|[of] p2b: Whimsicott
|
|upkeep
|turn|4
|
|t:|1785361806
|switch|p2a: Sinistcha|Sinistcha-Masterpiece, L50|100/100
|-heal|p2b: Whimsicott|58/100|[from] ability: Hospitality|[of] p2a: Sinistcha
|move|p2b: Whimsicott|Protect|p2b: Whimsicott
|-singleturn|p2b: Whimsicott|Protect
|move|p1a: Incineroar|Fake Out|p2a: Sinistcha
|-immune|p2a: Sinistcha
|move|p1b: Floette|Calm Mind|p1b: Floette
|-boost|p1b: Floette|spa|1
|-boost|p1b: Floette|spd|1
|
|upkeep
|turn|5
|
|t:|1785361825
|move|p2b: Whimsicott|Tickle|p1b: Floette
|-unboost|p1b: Floette|atk|1
|-unboost|p1b: Floette|def|1
|move|p1b: Floette|Moonblast|p2a: Sinistcha
|-damage|p2a: Sinistcha|0 fnt
|faint|p2a: Sinistcha
|move|p1a: Incineroar|Parting Shot|p2b: Whimsicott
|-unboost|p2b: Whimsicott|atk|1
|-unboost|p2b: Whimsicott|spa|1
|
|t:|1785361835
|switch|p1a: Sinistcha|Sinistcha, L50|100/100|[from] Parting Shot
|
|upkeep
|
|t:|1785361841
|switch|p2a: Starmie|Starmie-Mega, L50|100/100
|turn|6
|
|t:|1785361855
|switch|p1a: Incineroar|Incineroar, L50, M|58/100
|-ability|p1a: Incineroar|Intimidate|boost
|-unboost|p2a: Starmie|atk|1
|-unboost|p2b: Whimsicott|atk|1
|move|p1b: Floette|Protect|p1b: Floette
|-singleturn|p1b: Floette|Protect
|move|p2b: Whimsicott|Tailwind|p2b: Whimsicott
|-sidestart|p2: ashketchup01010|move: Tailwind
|move|p2a: Starmie|Liquidation|p1a: Incineroar
|-supereffective|p1a: Incineroar|1
|-damage|p1a: Incineroar|0 fnt
|faint|p1a: Incineroar
|
|upkeep
|
|t:|1785361868
|switch|p1a: Maushold|Maushold, L50|100/100
|turn|7
|
|t:|1785361887
|switch|p2a: Incineroar|Incineroar, L50, F|100/100
|-ability|p2a: Incineroar|Intimidate|boost
|-unboost|p1a: Maushold|atk|1
|-unboost|p1b: Floette|atk|1
|move|p1a: Maushold|Follow Me|p1a: Maushold
|-singleturn|p1a: Maushold|move: Follow Me
|move|p2b: Whimsicott|Moonblast|p1a: Maushold
|-damage|p1a: Maushold|63/100
|move|p1b: Floette|Moonblast|p2a: Incineroar
|-damage|p2a: Incineroar|5/100
|
|upkeep
|turn|8
|inactive|laburbu has 30 seconds left.
|inactive|laburbu has 20 seconds left.
|inactive|laburbu has 15 seconds left.
|
|t:|1785361932
|switch|p1a: Sinistcha|Sinistcha, L50|100/100
|move|p2a: Incineroar|Fake Out|p1a: Sinistcha
|-immune|p1a: Sinistcha
|move|p2b: Whimsicott|Moonblast|p1a: Sinistcha
|-damage|p1a: Sinistcha|67/100
|move|p1b: Floette|Moonblast|p2a: Incineroar
|-damage|p2a: Incineroar|0 fnt
|faint|p2a: Incineroar
|
|upkeep
|
|t:|1785361939
|switch|p2a: Starmie|Starmie-Mega, L50|100/100
|turn|9
|inactive|laburbu has 30 seconds left.
|inactive|laburbu has 20 seconds left.
|
|t:|1785361976
|switch|p1b: Maushold|Maushold, L50|63/100
|move|p1a: Sinistcha|Protect|p1a: Sinistcha
|-singleturn|p1a: Sinistcha|Protect
|move|p2a: Starmie|Ice Spinner|p1a: Sinistcha
|-activate|p1a: Sinistcha|move: Protect
|move|p2b: Whimsicott|Moonblast|p1b: Maushold
|-crit|p1b: Maushold
|-damage|p1b: Maushold|3/100
|
|-sideend|p2: ashketchup01010|move: Tailwind
|upkeep
|turn|10
|inactive|laburbu has 30 seconds left.
|inactive|ashketchup01010 has 30 seconds left.
|
|t:|1785362004
|move|p2a: Starmie|Protect|p2a: Starmie
|-singleturn|p2a: Starmie|Protect
|move|p1b: Maushold|Follow Me|p1b: Maushold
|-singleturn|p1b: Maushold|move: Follow Me
|move|p2b: Whimsicott|Moonblast|p1b: Maushold
|-damage|p1b: Maushold|0 fnt
|faint|p1b: Maushold
|move|p1a: Sinistcha|Trick Room|p1a: Sinistcha
|-fieldstart|move: Trick Room|[of] p1a: Sinistcha
|
|upkeep
|
|t:|1785362013
|switch|p1b: Floette|Floette-Mega, L50, F|100/100
|-ability|p1b: Floette|Fairy Aura
|turn|11
|inactive|ashketchup01010 has 30 seconds left.
|inactive|ashketchup01010 has 20 seconds left.
|inactive|ashketchup01010 has 15 seconds left.
|inactive|ashketchup01010 has 10 seconds left.
|inactive|ashketchup01010 has 5 seconds left.
|
|t:|1785362064
|move|p1a: Sinistcha|Matcha Gotcha|p2a: Starmie|[spread] p2a,p2b
|-supereffective|p2a: Starmie|1
|-resisted|p2b: Whimsicott|1
|-damage|p2a: Starmie|38/100
|-heal|p1a: Sinistcha|93/100|[from] drain|[of] p2a: Starmie
|-damage|p2b: Whimsicott|40/100
|-heal|p1a: Sinistcha|100/100|[from] drain|[of] p2b: Whimsicott
|move|p1b: Floette|Moonblast|p2a: Starmie
|-damage|p2a: Starmie|0 fnt
|faint|p2a: Starmie
|move|p2b: Whimsicott|Moonblast|p1b: Floette
|-damage|p1b: Floette|78/100
|
|upkeep
|turn|12
|c|☆ashketchup01010|gg
|
|t:|1785362080
|move|p1a: Sinistcha|Matcha Gotcha|p2b: Whimsicott
|-resisted|p2b: Whimsicott|1
|-damage|p2b: Whimsicott|13/100
|-status|p2b: Whimsicott|brn
|move|p1b: Floette|Moonblast|p2b: Whimsicott
|-damage|p2b: Whimsicott|0 fnt
|faint|p2b: Whimsicott
|
|win|laburbu
||ashketchup01010 is ready for game 2.
||laburbu is ready for game 2.
|uhtml|next|Next: Game 2 of 3
|l|☆ashketchup01010
|player|p2|
|n|☆laburbu|laburbu
