|j|☆BastiBlitz
|j|☆arushd02
|html|BastiBlitzarushd02    
|uhtml|bestof|Game 2 of a best-of-3
|t:|1782410079
|gametype|doubles
|player|p1|BastiBlitz|ghetsis|1171
|player|p2|arushd02|1|1071
|gen|9
|tier|[Gen 9 Champions] VGC 2026 Reg M-B (Bo3)
|rated|
|rule|Species Clause: Limit one of each Pokémon
|rule|Item Clause: Limit 1 of each item
|clearpoke
|poke|p1|Venusaur, L50, M|
|poke|p1|Pelipper, L50, M|
|poke|p1|Sableye, L50, M|
|poke|p1|Archaludon, L50, M|
|poke|p1|Basculegion, L50, M|
|poke|p1|Manectric, L50, F|
|poke|p2|Mawile, L50, M|
|poke|p2|Mimikyu, L50, M|
|poke|p2|Incineroar, L50, F|
|poke|p2|Mamoswine, L50, F|
|poke|p2|Farigiraf, L50, F|
|poke|p2|Sinistcha-Masterpiece, L50|
|teampreview|4
|showteam|p1|Venusaur||Venusaurite|Chlorophyll|GigaDrain,SludgeBomb,EarthPower,Protect|Modest||M|||50|]Pelipper||FocusSash|Drizzle|Hurricane,WeatherBall,Tailwind,Protect|Timid||M|||50|]Sableye||RoseliBerry|Prankster|Reflect,LightScreen,Quash,RainDance|Calm||M|||50|]Archaludon||Leftovers|Stamina|ElectroShot,DracoMeteor,FlashCannon,Protect|Modest||M|||50|]Basculegion||ChoiceScarf|Adaptability|WaveCrash,LastRespects,AquaJet,FlipTurn|Adamant||M|||50|]Manectric||Manectite|LightningRod|Thunder,VoltSwitch,Snarl,Protect|Timid||F|||50|
|showteam|p2|Mawile||Mawilite|Intimidate|PlayRough,IronHead,SuckerPunch,Protect|Adamant||M|||50|]Mimikyu||MentalHerb|Disguise|TrickRoom,Protect,WillOWisp,DestinyBond|Sassy||M|||50|]Incineroar||SitrusBerry|Intimidate|PartingShot,FakeOut,FlareBlitz,WillOWisp|Careful||F|||50|]Mamoswine||FocusSash|Oblivious|IcicleCrash,HighHorsepower,IceShard,Protect|Jolly||F|||50|]Farigiraf||ColburBerry|ArmorTail|Psychic,Protect,HelpingHand,TrickRoom|Sassy||F|||50|]Sinistcha-Masterpiece||Leftovers|Hospitality|MatchaGotcha,RagePowder,Protect,LifeDew|Bold|||||50|
|inactive|Battle timer is ON: inactive players will automatically lose when time's up. (requested by BastiBlitz)
|
|t:|1782410116
|teamsize|p1|4
|teamsize|p2|4
|start
|switch|p1a: Basculegion|Basculegion, L50, M|100/100
|switch|p1b: Manectric|Manectric, L50, F|100/100
|switch|p2a: Mamoswine|Mamoswine, L50, F|100/100
|switch|p2b: Incineroar|Incineroar, L50, F|100/100
|-ability|p2b: Incineroar|Intimidate|boost
|-unboost|p1a: Basculegion|atk|1
|-unboost|p1b: Manectric|atk|1
|turn|1
|
|t:|1782410137
|switch|p2b: Mawile|Mawile, L50, M|100/100
|-ability|p2b: Mawile|Intimidate|boost
|-unboost|p1a: Basculegion|atk|1
|-unboost|p1b: Manectric|atk|1
|detailschange|p1b: Manectric|Manectric-Mega, L50, F
|-mega|p1b: Manectric|Manectric|Manectite
|-ability|p1b: Manectric|Intimidate|boost
|-fail|p2a: Mamoswine|unboost|Attack|[from] ability: Oblivious|[of] p2a: Mamoswine
|-unboost|p2b: Mawile|atk|1
|move|p1b: Manectric|Protect|p1b: Manectric
|-singleturn|p1b: Manectric|Protect
|move|p1a: Basculegion|Wave Crash|p2b: Mawile
|-damage|p2b: Mawile|40/100
|-damage|p1a: Basculegion|84/100|[from] Recoil
|move|p2a: Mamoswine|High Horsepower|p1a: Basculegion
|-damage|p1a: Basculegion|18/100
|
|upkeep
|turn|2
|inactive|BastiBlitz has 30 seconds left.
|inactive|BastiBlitz has 20 seconds left.
|inactive|BastiBlitz has 15 seconds left.
|inactive|BastiBlitz has 10 seconds left.
|
|t:|1782410183
|switch|p1a: Archaludon|Archaludon, L50, M|100/100
|detailschange|p2b: Mawile|Mawile-Mega, L50, M
|-mega|p2b: Mawile|Mawile|Mawilite
|move|p2b: Mawile|Sucker Punch||[still]
|-fail|p2b: Mawile
|move|p1b: Manectric|Volt Switch|p1a: Archaludon
|-resisted|p1a: Archaludon|1
|-damage|p1a: Archaludon|84/100
|-ability|p1a: Archaludon|Stamina|boost
|-boost|p1a: Archaludon|def|1
|
|t:|1782410191
|switch|p1b: Pelipper|Pelipper, L50, M|100/100|[from] Volt Switch
|-weather|RainDance|[from] ability: Drizzle|[of] p1b: Pelipper
|move|p2a: Mamoswine|High Horsepower|p1b: Pelipper
|-immune|p1b: Pelipper
|
|-weather|RainDance|[upkeep]
|-heal|p1a: Archaludon|90/100|[from] item: Leftovers
|upkeep
|turn|3
|inactive|BastiBlitz has 30 seconds left.
|
|t:|1782410219
|move|p2b: Mawile|Protect|p2b: Mawile
|-singleturn|p2b: Mawile|Protect
|move|p2a: Mamoswine|Icicle Crash|p1a: Archaludon
|-damage|p1a: Archaludon|68/100
|-ability|p1a: Archaludon|Stamina|boost
|-boost|p1a: Archaludon|def|1
|move|p1b: Pelipper|Tailwind|p1b: Pelipper
|-sidestart|p1: BastiBlitz|move: Tailwind
|move|p1a: Archaludon|Electro Shot||[still]
|-prepare|p1a: Archaludon|Electro Shot
|-boost|p1a: Archaludon|spa|1
|-anim|p1a: Archaludon|Electro Shot|p2b: Mawile
|-activate|p2b: Mawile|move: Protect
|
|-weather|RainDance|[upkeep]
|-heal|p1a: Archaludon|75/100|[from] item: Leftovers
|upkeep
|turn|4
|
|t:|1782410234
|switch|p2b: Sinistcha|Sinistcha-Masterpiece, L50|100/100
|move|p2a: Mamoswine|Protect|p2a: Mamoswine
|-singleturn|p2a: Mamoswine|Protect
|move|p1b: Pelipper|Weather Ball|p2b: Sinistcha
|-resisted|p2b: Sinistcha|1
|-damage|p2b: Sinistcha|62/100
|move|p1a: Archaludon|Flash Cannon|p2a: Mamoswine
|-activate|p2a: Mamoswine|move: Protect
|
|-weather|RainDance|[upkeep]
|-heal|p1a: Archaludon|81/100|[from] item: Leftovers
|-heal|p2b: Sinistcha|69/100|[from] item: Leftovers
|upkeep
|turn|5
|inactive|BastiBlitz has 30 seconds left.
|
|t:|1782410261
|move|p2b: Sinistcha|Rage Powder|p2b: Sinistcha
|-singleturn|p2b: Sinistcha|move: Rage Powder
|move|p1b: Pelipper|Weather Ball|p2b: Sinistcha
|-resisted|p2b: Sinistcha|1
|-damage|p2b: Sinistcha|33/100
|move|p1a: Archaludon|Flash Cannon|p2b: Sinistcha
|-damage|p2b: Sinistcha|0 fnt
|faint|p2b: Sinistcha
|move|p2a: Mamoswine|High Horsepower|p1a: Archaludon
|-supereffective|p1a: Archaludon|1
|-damage|p1a: Archaludon|46/100
|-ability|p1a: Archaludon|Stamina|boost
|-boost|p1a: Archaludon|def|1
|
|-weather|RainDance|[upkeep]
|-heal|p1a: Archaludon|53/100|[from] item: Leftovers
|upkeep
|
|t:|1782410273
|switch|p2b: Mawile|Mawile-Mega, L50, M|40/100
|turn|6
|-message|arushd02 forfeited.
|raw|BastiBlitz's rating: 1171 → 1189(+18 for winning)
|raw|arushd02's rating: 1071 → 1056(-15 for losing)
|
|win|BastiBlitz
