|j|☆phuc_lamvgc
|j|☆newtopokemonteehee
|html|phuc_lamvgcnewtopokemonteehee    
|uhtml|bestof|Game 3 of a best-of-3
|t:|1783810480
|gametype|doubles
|player|p1|phuc_lamvgc|miku-ghost|1111
|player|p2|newtopokemonteehee|101|1072
|gen|9
|tier|[Gen 9 Champions] VGC 2026 Reg M-B (Bo3)
|rated|
|rule|Species Clause: Limit one of each Pokémon
|rule|Item Clause: Limit 1 of each item
|clearpoke
|poke|p1|Raichu, L50, M|
|poke|p1|Floette-Eternal, L50, F|
|poke|p1|Milotic, L50, F|
|poke|p1|Sinistcha, L50|
|poke|p1|Ceruledge, L50, M|
|poke|p1|Incineroar, L50, M|
|poke|p2|Basculegion, L50, M|
|poke|p2|Spiritomb, L50, F|
|poke|p2|Conkeldurr, L50, M|
|poke|p2|Mawile, L50, F|
|poke|p2|Aegislash, L50, F|
|poke|p2|Dragonite, L50, M|
|teampreview|4
|showteam|p1|Raichu||RaichuniteY|LightningRod|ZapCannon,VoltSwitch,FocusBlast,FakeOut|Timid||M|||50|]Floette-Eternal||Floettite|FlowerVeil|DazzlingGleam,DrainingKiss,CalmMind,Protect|Modest||F|||50|]Milotic||Leftovers|Competitive|MuddyWater,Hypnosis,Coil,Protect|Calm||F|||50|]Sinistcha||KasibBerry|Hospitality|MatchaGotcha,RagePowder,LifeDew,Protect|Bold|||||50|]Ceruledge||ColburBerry|FlashFire|BitterBlade,ShadowSneak,BulkUp,Protect|Adamant||M|||50|]Incineroar||SitrusBerry|Intimidate|FlareBlitz,ThroatChop,FakeOut,PartingShot|Impish||M|||50|
|showteam|p2|Basculegion||ChoiceScarf|Adaptability|LastRespects,FlipTurn,WaveCrash,IceFang|Jolly||M|||50|]Spiritomb||RoseliBerry|Infiltrator|TrickRoom,DestinyBond,WillOWisp,DarkPulse|Relaxed||F|||50|]Conkeldurr||LifeOrb|SheerForce|LowSweep,MachPunch,FirePunch,Protect|Brave||M|||50|]Mawile||Mawilite|HyperCutter|PlayRough,SuckerPunch,IronHead,Protect|Brave||F|||50|]Aegislash||Leftovers|StanceChange|WideGuard,ShadowBall,RainDance,KingsShield|Quiet||F|||50|]Dragonite||Dragoninite|InnerFocus|IceBeam,Hurricane,DracoMeteor,ThunderWave|Serious||M|||50|
|c|☆newtopokemonteehee|(1 in 4,096) btw
|
|t:|1783810528
|teamsize|p1|4
|teamsize|p2|4
|start
|switch|p1a: Raichu|Raichu, L50, M|100/100
|switch|p1b: Sinistcha|Sinistcha, L50|100/100
|switch|p2a: Basculegion|Basculegion, L50, M|100/100
|switch|p2b: Spiritomb|Spiritomb, L50, F|100/100
|turn|1
|
|t:|1783810543
|detailschange|p1a: Raichu|Raichu-Mega-Y, L50, M
|-mega|p1a: Raichu|Raichu|Raichunite Y
|move|p1b: Sinistcha|Rage Powder|p1b: Sinistcha
|-singleturn|p1b: Sinistcha|move: Rage Powder
|move|p2a: Basculegion|Flip Turn|p1b: Sinistcha
|-resisted|p1b: Sinistcha|1
|-damage|p1b: Sinistcha|83/100
|
|t:|1783810551
|switch|p2a: Dragonite|Dragonite, L50, M|100/100|[from] Flip Turn
|move|p1a: Raichu|Zap Cannon|p2a: Dragonite
|-damage|p2a: Dragonite|35/100
|-status|p2a: Dragonite|par
|move|p2b: Spiritomb|Destiny Bond|p2b: Spiritomb
|-singlemove|p2b: Spiritomb|Destiny Bond
|
|upkeep
|turn|2
|
|t:|1783810564
|move|p1a: Raichu|Zap Cannon|p2a: Dragonite
|-damage|p2a: Dragonite|0 fnt
|faint|p2a: Dragonite
|move|p1b: Sinistcha|Life Dew||[still]|[spread] p1a,p1b
|-fail|p1a: Raichu|heal
|-heal|p1b: Sinistcha|100/100
|move|p2b: Spiritomb|Trick Room|p2b: Spiritomb
|-fieldstart|move: Trick Room|[of] p2b: Spiritomb
|
|upkeep
|
|t:|1783810572
|switch|p2a: Conkeldurr|Conkeldurr, L50, M|100/100
|turn|3
|
|t:|1783810585
|move|p1b: Sinistcha|Rage Powder|p1b: Sinistcha
|-singleturn|p1b: Sinistcha|move: Rage Powder
|move|p2b: Spiritomb|Dark Pulse|p1b: Sinistcha
|-supereffective|p1b: Sinistcha|1
|-damage|p1b: Sinistcha|44/100
|move|p2a: Conkeldurr|Fire Punch|p1b: Sinistcha
|-supereffective|p1b: Sinistcha|1
|-damage|p1b: Sinistcha|0 fnt
|faint|p1b: Sinistcha
|move|p1a: Raichu|Zap Cannon|p2b: Spiritomb
|-damage|p2b: Spiritomb|44/100
|-status|p2b: Spiritomb|par
|
|upkeep
|
|t:|1783810592
|switch|p1b: Incineroar|Incineroar, L50, M|100/100
|-ability|p1b: Incineroar|Intimidate|boost
|-unboost|p2a: Conkeldurr|atk|1
|-unboost|p2b: Spiritomb|atk|1
|turn|4
|
|t:|1783810601
|move|p1b: Incineroar|Fake Out|p2a: Conkeldurr
|-damage|p2a: Conkeldurr|90/100
|cant|p2b: Spiritomb|par
|cant|p2a: Conkeldurr|flinch
|move|p1a: Raichu|Zap Cannon|p2b: Spiritomb
|-damage|p2b: Spiritomb|0 fnt
|faint|p2b: Spiritomb
|
|upkeep
|
|t:|1783810610
|switch|p2b: Basculegion|Basculegion, L50, M|100/100
|turn|5
|
|t:|1783810622
|move|p2a: Conkeldurr|Low Sweep|p1a: Raichu
|-damage|p1a: Raichu|29/100
|move|p1b: Incineroar|Throat Chop|p2b: Basculegion
|-supereffective|p2b: Basculegion|1
|-damage|p2b: Basculegion|22/100
|-start|p2b: Basculegion|Throat Chop|[silent]
|move|p1a: Raichu|Zap Cannon|p2b: Basculegion
|-supereffective|p2b: Basculegion|1
|-damage|p2b: Basculegion|0 fnt
|faint|p2b: Basculegion
|
|upkeep
|turn|6
|
|t:|1783810635
|switch|p1a: Milotic|Milotic, L50, F|100/100
|move|p2a: Conkeldurr|Low Sweep|p1a: Milotic
|-damage|p1a: Milotic|61/100
|move|p1b: Incineroar|Flare Blitz|p2a: Conkeldurr
|-damage|p2a: Conkeldurr|47/100
|-damage|p1b: Incineroar|85/100|[from] Recoil
|
|-heal|p1a: Milotic|67/100|[from] item: Leftovers
|-fieldend|move: Trick Room
|upkeep
|turn|7
|
|t:|1783810647
|move|p1a: Milotic|Hypnosis|p2a: Conkeldurr
|-status|p2a: Conkeldurr|slp|[from] move: Hypnosis
|move|p1b: Incineroar|Flare Blitz|p2a: Conkeldurr
|-damage|p2a: Conkeldurr|8/100 slp
|-damage|p1b: Incineroar|71/100|[from] Recoil
|cant|p2a: Conkeldurr|slp
|
|-heal|p1a: Milotic|73/100|[from] item: Leftovers
|upkeep
|turn|8
|c|☆phuc_lamvgc|ggs
|
|t:|1783810658
|-curestatus|p2a: Conkeldurr|slp|[msg]
|move|p2a: Conkeldurr|Mach Punch|p1b: Incineroar
|-supereffective|p1b: Incineroar|1
|-damage|p1b: Incineroar|43/100
|-enditem|p1b: Incineroar|Sitrus Berry|[eat]
|-heal|p1b: Incineroar|68/100|[from] item: Sitrus Berry
|-damage|p2a: Conkeldurr|0 fnt|[from] item: Life Orb
|faint|p2a: Conkeldurr
|
|win|phuc_lamvgc
|raw|phuc_lamvgc's rating: 1111 → 1133(+22 for winning)
|raw|newtopokemonteehee's rating: 1072 → 1054(-18 for losing)
