|j|â˜†GrovyleSSJ
|j|â˜†taengerine
|html|GrovyleSSJtaengerine    
|uhtml|bestof|Game 2 of a best-of-3
|t:|1782596462
|gametype|doubles
|player|p1|GrovyleSSJ|1|1227
|player|p2|taengerine|lady|1324
|gen|9
|tier|[Gen 9 Champions] VGC 2026 Reg M-B (Bo3)
|rated|
|rule|Species Clause: Limit one of each PokÃ©mon
|rule|Item Clause: Limit 1 of each item
|clearpoke
|poke|p1|Gengar, L50, M|
|poke|p1|Incineroar, L50, F|
|poke|p1|Ninetales-Alola, L50, M|
|poke|p1|Dragonite, L50, F|
|poke|p1|Snorlax, L50, M|
|poke|p1|Sneasler, L50, F|
|poke|p2|Mawile, L50, F|
|poke|p2|Farigiraf, L50, M|
|poke|p2|Sinistcha, L50|
|poke|p2|Garchomp, L50, F|
|poke|p2|Incineroar, L50, M|
|poke|p2|Delphox, L50, F|
|teampreview|4
|showteam|p1|Gengar||Gengarite|CursedBody|Protect,PerishSong,SludgeBomb,ShadowBall|Timid||M|||50|]Incineroar||PasshoBerry|Intimidate|FakeOut,PartingShot,FlareBlitz,Protect|Sassy||F|||50|]Ninetales-Alola||FocusSash|SnowWarning|Protect,Encore,Disable,Blizzard|Timid||M|||50|]Dragonite||DragonFang|Multiscale|Protect,LowKick,ExtremeSpeed,DragonClaw|Adamant||F|||50|]Snorlax||Leftovers|ThickFat|Protect,Yawn,Encore,ThunderPunch|Relaxed||M|||50|]Sneasler||WhiteHerb|Unburden|Protect,FakeOut,CloseCombat,DireClaw|Adamant||F|||50|
|showteam|p2|Mawile||Mawilite|HyperCutter|PlayRough,SwordsDance,SuckerPunch,Protect|Brave||F|||50|]Farigiraf||SitrusBerry|ArmorTail|Psychic,HelpingHand,TrickRoom,Thunderbolt|Quiet||M|||50|]Sinistcha||OccaBerry|Hospitality|MatchaGotcha,RagePowder,LifeDew,Protect|Bold|||||50|]Garchomp||LifeOrb|RoughSkin|StompingTantrum,RockSlide,DragonClaw,Protect|Adamant||F|||50|]Incineroar||PasshoBerry|Intimidate|FlareBlitz,FakeOut,ThroatChop,PartingShot|Careful||M|||50|]Delphox||Delphoxite|Blaze|HeatWave,Psychic,NastyPlot,Protect|Timid||F|||50|
|inactive|Battle timer is ON: inactive players will automatically lose when time's up. (requested by taengerine)
|
|t:|1782596481
|teamsize|p1|4
|teamsize|p2|4
|start
|switch|p1a: Gengar|Gengar, L50, M|100/100
|switch|p1b: Snorlax|Snorlax, L50, M|100/100
|switch|p2a: Incineroar|Incineroar, L50, M|100/100
|switch|p2b: Delphox|Delphox, L50, F|100/100
|-ability|p2a: Incineroar|Intimidate|boost
|-unboost|p1a: Gengar|atk|1
|-unboost|p1b: Snorlax|atk|1
|turn|1
|
|t:|1782596490
|switch|p1b: Incineroar|Incineroar, L50, F|100/100
|-ability|p1b: Incineroar|Intimidate|boost
|-unboost|p2a: Incineroar|atk|1
|-unboost|p2b: Delphox|atk|1
|detailschange|p2b: Delphox|Delphox-Mega, L50, F
|-mega|p2b: Delphox|Delphox|Delphoxite
|detailschange|p1a: Gengar|Gengar-Mega, L50, M
|-mega|p1a: Gengar|Gengar|Gengarite
|move|p1a: Gengar|Protect|p1a: Gengar
|-singleturn|p1a: Gengar|Protect
|move|p2a: Incineroar|Fake Out|p1b: Incineroar
|-damage|p1b: Incineroar|94/100
|move|p2b: Delphox|Psychic|p1a: Gengar
|-activate|p1a: Gengar|move: Protect
|
|upkeep
|turn|2
|
|t:|1782596511
|move|p1b: Incineroar|Fake Out|p2b: Delphox
|-damage|p2b: Delphox|85/100
|cant|p2b: Delphox|flinch
|move|p1a: Gengar|Perish Song|p1a: Gengar
|-start|p1a: Gengar|perish3|[silent]
|-start|p1b: Incineroar|perish3|[silent]
|-start|p2a: Incineroar|perish3|[silent]
|-start|p2b: Delphox|perish3|[silent]
|-fieldactivate|move: Perish Song
|move|p2a: Incineroar|Parting Shot|p1b: Incineroar
|-unboost|p1b: Incineroar|atk|1
|-unboost|p1b: Incineroar|spa|1
|
|t:|1782596518
|switch|p2a: Garchomp|Garchomp, L50, F|100/100|[from] Parting Shot
|
|-start|p2b: Delphox|perish3
|-start|p1a: Gengar|perish3
|-start|p1b: Incineroar|perish3
|upkeep
|turn|3
|
|t:|1782596528
|move|p1a: Gengar|Protect|p1a: Gengar
|-singleturn|p1a: Gengar|Protect
|move|p2a: Garchomp|Protect|p2a: Garchomp
|-singleturn|p2a: Garchomp|Protect
|move|p1b: Incineroar|Protect|p1b: Incineroar
|-singleturn|p1b: Incineroar|Protect
|move|p2b: Delphox|Nasty Plot|p2b: Delphox
|-boost|p2b: Delphox|spa|2
|
|-start|p2b: Delphox|perish2
|-start|p1a: Gengar|perish2
|-start|p1b: Incineroar|perish2
|upkeep
|turn|4
|
|t:|1782596544
|switch|p1a: Snorlax|Snorlax, L50, M|100/100
|move|p2b: Delphox|Heat Wave|p1a: Snorlax|[spread] p1a,p1b
|-resisted|p1b: Incineroar|1
|-damage|p1a: Snorlax|77/100
|-damage|p1b: Incineroar|62/100
|move|p2a: Garchomp|Stomping Tantrum|p1a: Snorlax
|-damage|p1a: Snorlax|44/100
|-damage|p2a: Garchomp|90/100|[from] item: Life Orb
|move|p1b: Incineroar|Parting Shot|p1a: Snorlax
|-unboost|p1a: Snorlax|atk|1
|-unboost|p1a: Snorlax|spa|1
|
|t:|1782596557
|switch|p1b: Gengar|Gengar-Mega, L50, M|100/100|[from] Parting Shot
|
|-heal|p1a: Snorlax|50/100g|[from] item: Leftovers
|-start|p2b: Delphox|perish1
|upkeep
|turn|5
|
|t:|1782596570
|move|p1b: Gengar|Protect|p1b: Gengar
|-singleturn|p1b: Gengar|Protect
|move|p1a: Snorlax|Protect|p1a: Snorlax
|-singleturn|p1a: Snorlax|Protect
|move|p2b: Delphox|Heat Wave|p1a: Snorlax|[spread] 
|-activate|p1a: Snorlax|move: Protect
|-activate|p1b: Gengar|move: Protect
|move|p2a: Garchomp|Stomping Tantrum|p1b: Gengar
|-activate|p1b: Gengar|move: Protect
|
|-heal|p1a: Snorlax|56/100|[from] item: Leftovers
|-start|p2b: Delphox|perish0
|faint|p2b: Delphox
|upkeep
|
|t:|1782596576
|switch|p2b: Incineroar|Incineroar, L50, M|100/100
|-ability|p2b: Incineroar|Intimidate|boost
|-unboost|p1a: Snorlax|atk|1
|-unboost|p1b: Gengar|atk|1
|turn|6
|
|t:|1782596596
|switch|p1b: Dragonite|Dragonite, L50, F|100/100
|switch|p1a: Incineroar|Incineroar, L50, F|62/100
|-ability|p1a: Incineroar|Intimidate|boost
|-unboost|p2a: Garchomp|atk|1
|-unboost|p2b: Incineroar|atk|1
|move|p2b: Incineroar|Fake Out|p1a: Incineroar
|-damage|p1a: Incineroar|56/100
|move|p2a: Garchomp|Stomping Tantrum|p1b: Dragonite
|-immune|p1b: Dragonite
|
|upkeep
|turn|7
|inactive|GrovyleSSJ has 30 seconds left.
|inactive|GrovyleSSJ has 20 seconds left.
|inactive|GrovyleSSJ has 15 seconds left.
|
|t:|1782596640
|switch|p2a: Farigiraf|Farigiraf, L50, M|100/100
|switch|p1b: Snorlax|Snorlax, L50, M|56/100
|move|p2b: Incineroar|Throat Chop|p1b: Snorlax
|-damage|p1b: Snorlax|43/100
|-start|p1b: Snorlax|Throat Chop|[silent]
|move|p1a: Incineroar|Parting Shot|p2b: Incineroar
|-unboost|p2b: Incineroar|atk|1
|-unboost|p2b: Incineroar|spa|1
|c|â˜†taengerine|!dt yawn
|c|â˜†taengerine|/raw Yawn  Accuracyâ€” PP12 Puts the target to sleep after 1 turn. 
|c|â˜†taengerine|/raw Priority: 0 |  Gen: 3 |  ✓ Bounceable |  Z-Effect:  Speed +1 |  Target: One Adjacent PokÃ©mon

|inactive|GrovyleSSJ has 30 seconds left.
|inactive|GrovyleSSJ has 20 seconds left.
|inactive|GrovyleSSJ has 15 seconds left.
|c|â˜†GrovyleSSJ|tchop afects?
|inactive|GrovyleSSJ has 10 seconds left.
|
|t:|1782596689
|switch|p1a: Gengar|Gengar-Mega, L50, M|100/100|[from] Parting Shot
|
|-heal|p1b: Snorlax|49/100|[from] item: Leftovers
|upkeep
|turn|8
|c|â˜†taengerine|i have no idea lol
|inactive|taengerine has 30 seconds left.
|inactive|taengerine has 20 seconds left.
|inactive|taengerine has 15 seconds left.
|inactive|taengerine has 10 seconds left.
|c|â˜†GrovyleSSJ|lets see
|
|t:|1782596738
|move|p2a: Farigiraf|Helping Hand|p2b: Incineroar
|-singleturn|p2b: Incineroar|Helping Hand|[of] p2a: Farigiraf
|move|p1a: Gengar|Protect|p1a: Gengar
|-singleturn|p1a: Gengar|Protect
|move|p2b: Incineroar|Throat Chop|p1b: Snorlax
|-damage|p1b: Snorlax|35/100
|move|p1b: Snorlax|Yawn|p2a: Farigiraf
|-start|p2a: Farigiraf|move: Yawn|[of] p1b: Snorlax
|
|-heal|p1b: Snorlax|41/100|[from] item: Leftovers
|-end|p1b: Snorlax|Throat Chop|[silent]
|upkeep
|turn|9
|
|t:|1782596762
|switch|p1a: Incineroar|Incineroar, L50, F|56/100
|-ability|p1a: Incineroar|Intimidate|boost
|-unboost|p2a: Farigiraf|atk|1
|-unboost|p2b: Incineroar|atk|1
|move|p2b: Incineroar|Throat Chop|p1a: Incineroar
|-resisted|p1a: Incineroar|1
|-damage|p1a: Incineroar|51/100
|-start|p1a: Incineroar|Throat Chop|[silent]
|move|p2a: Farigiraf|Thunderbolt|p1a: Incineroar
|-damage|p1a: Incineroar|31/100
|-status|p1a: Incineroar|par
|move|p1b: Snorlax|Yawn|p2b: Incineroar
|-start|p2b: Incineroar|move: Yawn|[of] p1b: Snorlax
|
|-heal|p1b: Snorlax|47/100|[from] item: Leftovers
|-end|p2a: Farigiraf|move: Yawn|[silent]
|-status|p2a: Farigiraf|slp
|upkeep
|turn|10
|
|t:|1782596782
|switch|p1a: Gengar|Gengar-Mega, L50, M|100/100
|move|p2b: Incineroar|Parting Shot|p2a: Farigiraf
|-unboost|p2a: Farigiraf|atk|1
|-unboost|p2a: Farigiraf|spa|1
|
|t:|1782596795
|switch|p2b: Garchomp|Garchomp, L50, F|90/100|[from] Parting Shot
|move|p1b: Snorlax|Yawn|p2b: Garchomp
|-start|p2b: Garchomp|move: Yawn|[of] p1b: Snorlax
|cant|p2a: Farigiraf|slp
|
|-heal|p1b: Snorlax|53/100|[from] item: Leftovers
|upkeep
|turn|11
|
|t:|1782596814
|switch|p1b: Dragonite|Dragonite, L50, F|100/100
|move|p1a: Gengar|Protect|p1a: Gengar
|-singleturn|p1a: Gengar|Protect
|move|p2b: Garchomp|Dragon Claw|p1a: Gengar
|-activate|p1a: Gengar|move: Protect
|-curestatus|p2a: Farigiraf|slp|[msg]
|move|p2a: Farigiraf|Psychic|p1a: Gengar
|-activate|p1a: Gengar|move: Protect
|
|-end|p2b: Garchomp|move: Yawn|[silent]
|-status|p2b: Garchomp|slp
|upkeep
|turn|12
|
|t:|1782596837
|cant|p2b: Garchomp|slp
|move|p1a: Gengar|Perish Song|p1a: Gengar
|-start|p1a: Gengar|perish3|[silent]
|-start|p1b: Dragonite|perish3|[silent]
|-start|p2a: Farigiraf|perish3|[silent]
|-start|p2b: Garchomp|perish3|[silent]
|-fieldactivate|move: Perish Song
|move|p1b: Dragonite|Dragon Claw|p2b: Garchomp
|-supereffective|p2b: Garchomp|1
|-damage|p2b: Garchomp|0 fnt
|-damage|p1b: Dragonite|87/100|[from] ability: Rough Skin|[of] p2b: Garchomp
|faint|p2b: Garchomp
|move|p2a: Farigiraf|Psychic|p1a: Gengar
|-supereffective|p1a: Gengar|1
|-damage|p1a: Gengar|44/100
|
|-start|p1a: Gengar|perish3
|-start|p1b: Dragonite|perish3
|-start|p2a: Farigiraf|perish3
|upkeep
|
|t:|1782596842
|switch|p2b: Incineroar|Incineroar, L50, M|100/100
|-ability|p2b: Incineroar|Intimidate|boost
|-unboost|p1a: Gengar|atk|1
|-unboost|p1b: Dragonite|atk|1
|turn|13
|
|t:|1782596855
|switch|p1b: Incineroar|Incineroar, L50, F|31/100 par
|-ability|p1b: Incineroar|Intimidate|boost
|-unboost|p2a: Farigiraf|atk|1
|-unboost|p2b: Incineroar|atk|1
|move|p2b: Incineroar|Fake Out|p1b: Incineroar
|-damage|p1b: Incineroar|25/100 par
|move|p1a: Gengar|Perish Song|p1a: Gengar
|-start|p1b: Incineroar|perish3|[silent]
|-start|p2b: Incineroar|perish3|[silent]
|-fieldactivate|move: Perish Song
|move|p2a: Farigiraf|Trick Room|p2a: Farigiraf
|-fieldstart|move: Trick Room|[of] p2a: Farigiraf
|
|-start|p1b: Incineroar|perish3
|-start|p2a: Farigiraf|perish2
|-start|p2b: Incineroar|perish3
|-start|p1a: Gengar|perish2
|upkeep
|turn|14
|-message|taengerine forfeited.
|
|win|GrovyleSSJ
||taengerine is ready for game 3.
||GrovyleSSJ is ready for game 3.
|uhtml|next|Next: Game 3 of 3
|l|â˜†GrovyleSSJ
|player|p1|
