|j|☆sopa de moscas
|j|☆TeyVgc
|html|sopa de moscasTeyVgc    
|uhtml|bestof|Game 2 of a best-of-3
|t:|1783175988
|gametype|doubles
|player|p1|sopa de moscas|miku-ghost|1351
|player|p2|TeyVgc|rood|1240
|gen|9
|tier|[Gen 9 Champions] VGC 2026 Reg M-B (Bo3)
|rated|
|rule|Species Clause: Limit one of each Pokémon
|rule|Item Clause: Limit 1 of each item
|clearpoke
|poke|p1|Incineroar, L50, F|
|poke|p1|Farigiraf, L50, F|
|poke|p1|Torkoal, L50, F|
|poke|p1|Floette-Eternal, L50, F|
|poke|p1|Maushold-Four, L50|
|poke|p1|Golurk, L50|
|poke|p2|Excadrill, L50, M|
|poke|p2|Tyranitar, L50, M|
|poke|p2|Staraptor, L50, F|
|poke|p2|Sinistcha, L50|
|poke|p2|Milotic, L50, F|
|poke|p2|Gholdengo, L50|
|teampreview|4
|showteam|p1|Incineroar||ChopleBerry|Intimidate|ThroatChop,FakeOut,FlareBlitz,PartingShot|Careful||F|||50|]Farigiraf||SitrusBerry|ArmorTail|Thunderbolt,Psychic,TrickRoom,Protect|Sassy||F|||50|]Torkoal||Charcoal|Drought|Eruption,HeatWave,WeatherBall,Protect|Quiet||F|||50|]Floette-Eternal||Floettite|FlowerVeil|Moonblast,DazzlingGleam,LightofRuin,Protect|Modest||F|||50|]Maushold-Four||WideLens|Technician|PopulationBomb,FollowMe,HelpingHand,Protect|Jolly|||||50|]Golurk||LifeOrb|NoGuard|HeadlongRush,Poltergeist,Protect,StoneEdge|Brave|||||50|
|showteam|p2|Excadrill||FocusSash|SandRush|Earthquake,IronHead,RockSlide,Protect|Adamant||M|||50|]Tyranitar||Tyranitarite|SandStream|RockSlide,KnockOff,DragonDance,Protect|Adamant||M|||50|]Staraptor||Staraptite|Intimidate|BraveBird,CloseCombat,Tailwind,Protect|Jolly||F|||50|]Sinistcha||SitrusBerry|Hospitality|MatchaGotcha,RagePowder,LifeDew,TrickRoom|Calm|||||50|]Milotic||Leftovers|Competitive|Scald,IceBeam,Recover,Protect|Modest||F|||50|]Gholdengo||LifeOrb|GoodasGold|MakeItRain,ShadowBall,NastyPlot,Protect|Modest|||||50|
|inactive|Battle timer is ON: inactive players will automatically lose when time's up. (requested by sopa de moscas)
|
|t:|1783176017
|teamsize|p1|4
|teamsize|p2|4
|start
|switch|p1a: Farigiraf|Farigiraf, L50, F|100/100
|switch|p1b: Maushold|Maushold-Four, L50|100/100
|switch|p2a: Milotic|Milotic, L50, F|100/100
|switch|p2b: Gholdengo|Gholdengo, L50|100/100
|turn|1
|inactive|sopa de moscas has 30 seconds left.
|inactive|TeyVgc has 30 seconds left.
|
|t:|1783176045
|switch|p1b: Golurk|Golurk, L50|100/100
|move|p2b: Gholdengo|Nasty Plot|p2b: Gholdengo
|-boost|p2b: Gholdengo|spa|2
|move|p2a: Milotic|Scald|p1a: Farigiraf
|-damage|p1a: Farigiraf|72/100
|move|p1a: Farigiraf|Trick Room|p1a: Farigiraf
|-fieldstart|move: Trick Room|[of] p1a: Farigiraf
|
|upkeep
|turn|2
|
|t:|1783176063
|move|p2b: Gholdengo|Protect|p2b: Gholdengo
|-singleturn|p2b: Gholdengo|Protect
|move|p1b: Golurk|Poltergeist|p2a: Milotic
|-activate|p2a: Milotic|move: Poltergeist|Leftovers
|-damage|p2a: Milotic|30/100
|-damage|p1b: Golurk|90/100|[from] item: Life Orb
|move|p1a: Farigiraf|Psychic|p2a: Milotic
|-damage|p2a: Milotic|6/100
|move|p2a: Milotic|Scald|p1b: Golurk
|-supereffective|p1b: Golurk|1
|-damage|p1b: Golurk|26/100
|
|-heal|p2a: Milotic|12/100|[from] item: Leftovers
|upkeep
|turn|3
|inactive|sopa de moscas has 30 seconds left.
|inactive|sopa de moscas has 20 seconds left.
|
|t:|1783176108
|move|p1b: Golurk|Poltergeist|p2b: Gholdengo
|-activate|p2b: Gholdengo|move: Poltergeist|Life Orb
|-supereffective|p2b: Gholdengo|1
|-damage|p2b: Gholdengo|0 fnt
|faint|p2b: Gholdengo
|-damage|p1b: Golurk|16/100|[from] item: Life Orb
|move|p1a: Farigiraf|Thunderbolt|p2a: Milotic
|-supereffective|p2a: Milotic|1
|-damage|p2a: Milotic|0 fnt
|faint|p2a: Milotic
|
|upkeep
|
|t:|1783176116
|switch|p2a: Sinistcha|Sinistcha, L50|100/100
|switch|p2b: Tyranitar|Tyranitar, L50, M|100/100
|-weather|Sandstorm|[from] ability: Sand Stream|[of] p2b: Tyranitar
|turn|4
|
|t:|1783176130
|move|p1b: Golurk|Poltergeist|p2a: Sinistcha
|-activate|p2a: Sinistcha|move: Poltergeist|Sitrus Berry
|-supereffective|p2a: Sinistcha|1
|-damage|p2a: Sinistcha|0 fnt
|faint|p2a: Sinistcha
|-damage|p1b: Golurk|6/100|[from] item: Life Orb
|move|p1a: Farigiraf|Psychic|p2b: Tyranitar
|-immune|p2b: Tyranitar
|move|p2b: Tyranitar|Knock Off|p1a: Farigiraf
|-supereffective|p1a: Farigiraf|1
|-damage|p1a: Farigiraf|0 fnt
|-enditem|p1a: Farigiraf|Sitrus Berry|[from] move: Knock Off|[of] p2b: Tyranitar
|faint|p1a: Farigiraf
|
|-weather|Sandstorm|[upkeep]
|upkeep
|
|t:|1783176139
|switch|p1a: Floette|Floette-Eternal, L50, F|100/100
|turn|5
|
|t:|1783176150
|detailschange|p2b: Tyranitar|Tyranitar-Mega, L50, M
|-mega|p2b: Tyranitar|Tyranitar|Tyranitarite
|detailschange|p1a: Floette|Floette-Mega, L50, F
|-mega|p1a: Floette|Floette|Floettite
|-ability|p1a: Floette|Fairy Aura
|move|p1b: Golurk|Headlong Rush|p2b: Tyranitar
|-supereffective|p2b: Tyranitar|1
|-damage|p2b: Tyranitar|0 fnt
|-unboost|p1b: Golurk|def|1
|-unboost|p1b: Golurk|spd|1
|faint|p2b: Tyranitar
|-damage|p1b: Golurk|0 fnt|[from] item: Life Orb
|faint|p1b: Golurk
|
|win|sopa de moscas
||TeyVgc is ready for game 3.
||sopa de moscas is ready for game 3.
|uhtml|next|Next: Game 3 of 3
|l|☆TeyVgc
|player|p2|
