|j|☆connorgascoigne
|j|☆okozinc
|html|connorgascoigneokozinc    
|uhtml|bestof|Game 3 of a best-of-3
|t:|1783462741
|gametype|doubles
|player|p1|connorgascoigne|170|1087
|player|p2|okozinc|170|1065
|gen|9
|tier|[Gen 9 Champions] VGC 2026 Reg M-B (Bo3)
|rated|
|rule|Species Clause: Limit one of each Pokémon
|rule|Item Clause: Limit 1 of each item
|clearpoke
|poke|p1|Scrafty, L50, M|
|poke|p1|Vileplume, L50, M|
|poke|p1|Staraptor, L50, F|
|poke|p1|Farigiraf, L50, M|
|poke|p1|Sylveon, L50, M|
|poke|p1|Torkoal, L50, M|
|poke|p2|Scovillain, L50, M|
|poke|p2|Sylveon, L50, F|
|poke|p2|Sneasler, L50, F|
|poke|p2|Kingambit, L50, F|
|poke|p2|Aerodactyl, L50, M|
|poke|p2|Basculegion, L50, M|
|teampreview|4
|showteam|p1|Scrafty||Scraftinite|Intimidate|CloseCombat,KnockOff,IronHead,FakeOut|Brave||M|||50|]Vileplume||FocusSash|Chlorophyll|SludgeBomb,SleepPowder,AfterYou,LeafStorm|Timid||M|||50|]Staraptor||ChoiceScarf|Intimidate|BraveBird,CloseCombat,Uturn,FinalGambit|Jolly||F|||50|]Farigiraf||SitrusBerry|ArmorTail|Protect,TwinBeam,Thunderbolt,TrickRoom|Sassy||M|||50|]Sylveon||FairyFeather|Pixilate|HyperVoice,QuickAttack,HyperBeam,Detect|Quiet||M|||50|]Torkoal||Charcoal|Drought|Eruption,WeatherBall,HeatWave,Protect|Quiet||M|||50|
|showteam|p2|Scovillain||Scovillainite|Moody|LeechSeed,RagePowder,Overheat,Protect|Bold||M|||50|]Sylveon||FairyFeather|Pixilate|HyperVoice,CalmMind,HyperBeam,Protect|Modest||F|||50|]Sneasler||WhiteHerb|Pressure|CloseCombat,FakeOut,DireClaw,Protect|Jolly||F|||50|]Kingambit||FocusSash|Defiant|SwordsDance,KowtowCleave,SuckerPunch,IronHead|Adamant||F|||50|]Aerodactyl||Aerodactylite|Unnerve|Tailwind,RockSlide,DualWingbeat,WideGuard|Jolly||M|||50|]Basculegion||LifeOrb|Adaptability|AquaJet,WaveCrash,LastRespects,Protect|Jolly||M|||50|
|
|t:|1783462766
|teamsize|p1|4
|teamsize|p2|4
|start
|switch|p1a: Torkoal|Torkoal, L50, M|100/100
|switch|p1b: Vileplume|Vileplume, L50, M|100/100
|switch|p2a: Aerodactyl|Aerodactyl, L50, M|100/100
|switch|p2b: Sylveon|Sylveon, L50, F|100/100
|-ability|p2a: Aerodactyl|Unnerve
|-weather|SunnyDay|[from] ability: Drought|[of] p1a: Torkoal
|turn|1
|inactive|Battle timer is ON: inactive players will automatically lose when time's up. (requested by connorgascoigne)
|inactive|connorgascoigne has 60 seconds left.
|
|t:|1783462806
|switch|p1a: Farigiraf|Farigiraf, L50, M|100/100
|detailschange|p2a: Aerodactyl|Aerodactyl-Mega, L50, M
|-mega|p2a: Aerodactyl|Aerodactyl|Aerodactylite
|move|p1b: Vileplume|Sludge Bomb|p2b: Sylveon
|-supereffective|p2b: Sylveon|1
|-damage|p2b: Sylveon|40/100
|move|p2a: Aerodactyl|Rock Slide|p1a: Farigiraf|[spread] p1a,p1b
|-damage|p1a: Farigiraf|73/100
|-damage|p1b: Vileplume|56/100
|move|p2b: Sylveon|Calm Mind|p2b: Sylveon
|-boost|p2b: Sylveon|spa|1
|-boost|p2b: Sylveon|spd|1
|
|-weather|SunnyDay|[upkeep]
|upkeep
|turn|2
|inactive|connorgascoigne has 30 seconds left.
|inactive|connorgascoigne has 20 seconds left.
|
|t:|1783462842
|move|p2b: Sylveon|Protect|p2b: Sylveon
|-singleturn|p2b: Sylveon|Protect
|move|p1b: Vileplume|After You|p1a: Farigiraf
|-activate|p1a: Farigiraf|move: After You
|move|p1a: Farigiraf|Trick Room|p1a: Farigiraf
|-fieldstart|move: Trick Room|[of] p1a: Farigiraf
|move|p2a: Aerodactyl|Dual Wingbeat|p1b: Vileplume
|-supereffective|p1b: Vileplume|1
|-damage|p1b: Vileplume|0 fnt
|faint|p1b: Vileplume
|-hitcount|p1: Vileplume|1
|
|-weather|SunnyDay|[upkeep]
|upkeep
|
|t:|1783462857
|switch|p1b: Scrafty|Scrafty, L50, M|100/100
|-ability|p1b: Scrafty|Intimidate|boost
|-unboost|p2a: Aerodactyl|atk|1
|-unboost|p2b: Sylveon|atk|1
|turn|3
|
|t:|1783462869
|switch|p2a: Basculegion|Basculegion, L50, M|100/100
|detailschange|p1b: Scrafty|Scrafty-Mega, L50, M
|-mega|p1b: Scrafty|Scrafty|Scraftinite
|-ability|p1b: Scrafty|Intimidate|boost
|-unboost|p2a: Basculegion|atk|1
|-unboost|p2b: Sylveon|atk|1
|move|p1b: Scrafty|Fake Out|p2b: Sylveon
|-damage|p2b: Sylveon|20/100y
|move|p1a: Farigiraf|Twin Beam|p2b: Sylveon
|-damage|p2b: Sylveon|13/100
|-damage|p2b: Sylveon|5/100
|-hitcount|p2b: Sylveon|2
|cant|p2b: Sylveon|flinch
|
|-weather|SunnyDay|[upkeep]
|upkeep
|turn|4
|
|t:|1783462888
|move|p2b: Sylveon|Protect|p2b: Sylveon
|-singleturn|p2b: Sylveon|Protect
|move|p1a: Farigiraf|Thunderbolt|p2b: Sylveon
|-activate|p2b: Sylveon|move: Protect
|move|p1b: Scrafty|Knock Off|p2a: Basculegion
|-supereffective|p2a: Basculegion|1
|-damage|p2a: Basculegion|0 fnt
|-enditem|p2a: Basculegion|Life Orb|[from] move: Knock Off|[of] p1b: Scrafty
|faint|p2a: Basculegion
|
|-weather|SunnyDay|[upkeep]
|upkeep
|
|t:|1783462895
|switch|p2a: Kingambit|Kingambit, L50, F|100/100
|turn|5
|c|☆connorgascoigne|gg
|
|t:|1783462908
|move|p2a: Kingambit|Kowtow Cleave|p1a: Farigiraf
|-supereffective|p1a: Farigiraf|1
|-damage|p1a: Farigiraf|0 fnt
|faint|p1a: Farigiraf
|move|p1b: Scrafty|Close Combat|p2a: Kingambit
|-supereffective|p2a: Kingambit|2
|-enditem|p2a: Kingambit|Focus Sash
|-damage|p2a: Kingambit|1/100
|-unboost|p1b: Scrafty|def|1
|-unboost|p1b: Scrafty|spd|1
|move|p2b: Sylveon|Hyper Voice|p1b: Scrafty
|-supereffective|p1b: Scrafty|2
|-damage|p1b: Scrafty|0 fnt
|faint|p1b: Scrafty
|
|-weather|none
|upkeep
|
|t:|1783462927
|switch|p1b: Torkoal|Torkoal, L50, M|100/100
|-weather|SunnyDay|[from] ability: Drought|[of] p1b: Torkoal
|turn|6
|
|t:|1783462934
|move|p2a: Kingambit|Sucker Punch|p1b: Torkoal
|-damage|p1b: Torkoal|68/100
|move|p1b: Torkoal|Heat Wave|p2a: Kingambit|[spread] p2a,p2b
|-supereffective|p2a: Kingambit|1
|-damage|p2a: Kingambit|0 fnt
|-damage|p2b: Sylveon|0 fnt
|faint|p2a: Kingambit
|faint|p2b: Sylveon
|
|-weather|SunnyDay|[upkeep]
|-fieldend|move: Trick Room
|upkeep
|
|t:|1783462943
|switch|p2a: Aerodactyl|Aerodactyl-Mega, L50, M|100/100
|turn|7
|
|t:|1783462949
|move|p2a: Aerodactyl|Rock Slide|p1b: Torkoal
|-supereffective|p1b: Torkoal|1
|-damage|p1b: Torkoal|10/100
|move|p1b: Torkoal|Weather Ball|p2a: Aerodactyl
|-resisted|p2a: Aerodactyl|1
|-damage|p2a: Aerodactyl|54/100
|
|-weather|SunnyDay|[upkeep]
|upkeep
|turn|8
|-message|connorgascoigne forfeited.
|raw|connorgascoigne's rating: 1087 → 1062(-25 for losing)
|raw|okozinc's rating: 1065 → 1097(+32 for winning)
|
|win|okozinc
|l|☆connorgascoigne
|player|p1|
