|j|☆Pelosis
|j|☆Eddy style
|html|PelosisEddy style    
|uhtml|bestof|Game 2 of a best-of-3
|t:|1783955892
|gametype|doubles
|player|p1|Pelosis|265|1076
|player|p2|Eddy style|striker|1082
|gen|9
|tier|[Gen 9 Champions] VGC 2026 Reg M-B (Bo3)
|rated|
|rule|Species Clause: Limit one of each Pokémon
|rule|Item Clause: Limit 1 of each item
|clearpoke
|poke|p1|Mawile, L50, F|
|poke|p1|Farigiraf, L50, F|
|poke|p1|Incineroar, L50, M|
|poke|p1|Torkoal, L50, M|
|poke|p1|Venusaur, L50, M|
|poke|p1|Scrafty, L50, F|
|poke|p2|Gengar, L50, F|
|poke|p2|Incineroar, L50, F|
|poke|p2|Sinistcha, L50|
|poke|p2|Kommo-o, L50, M|
|poke|p2|Swampert, L50, F|
|poke|p2|Politoed, L50, F|
|teampreview|4
|showteam|p1|Mawile||Mawilite|HyperCutter|Protect,PlayRough,RockSlide,SuckerPunch|Brave||F|||50|]Farigiraf||SitrusBerry|ArmorTail|TrickRoom,TwinBeam,Thunderbolt,HelpingHand|Quiet||F|||50|]Incineroar||WhiteHerb|Intimidate|FakeOut,CloseCombat,FlareBlitz,ThroatChop|Brave||M|||50|]Torkoal||Charcoal|Drought|Protect,Eruption,HeatWave,WeatherBall|Quiet||M|||50|]Venusaur||FocusSash|Chlorophyll|SleepPowder,EarthPower,EnergyBall,SludgeBomb|Modest||M|||50|]Scrafty||Scraftinite|Intimidate|FakeOut,CloseCombat,KnockOff,IcePunch|Brave||F|||50|
|showteam|p2|Gengar||Gengarite|CursedBody|ShadowBall,SludgeBomb,PerishSong,Protect|Modest||F|||50|]Incineroar||PasshoBerry|Intimidate|FakeOut,DarkestLariat,Protect,PartingShot|Careful||F|||50|]Sinistcha||ColburBerry|Hospitality|MatchaGotcha,TrickRoom,RagePowder,Protect|Bold|||||50|]Kommo-o||Leftovers|Soundproof|ClangingScales,ClangorousSoul,Protect,AuraSphere|Modest||M|||50|]Swampert||Swampertite|Torrent|WaveCrash,HighHorsepower,IcePunch,Protect|Adamant||F|||50|]Politoed||SitrusBerry|Drizzle|WeatherBall,Protect,PerishSong,IceBeam|Calm||F|||50|
|
|t:|1783955944
|teamsize|p1|4
|teamsize|p2|4
|start
|switch|p1a: Venusaur|Venusaur, L50, M|100/100
|switch|p1b: Farigiraf|Farigiraf, L50, F|100/100
|switch|p2a: Gengar|Gengar, L50, F|100/100
|switch|p2b: Incineroar|Incineroar, L50, F|100/100
|-ability|p2b: Incineroar|Intimidate|boost
|-unboost|p1a: Venusaur|atk|1
|-unboost|p1b: Farigiraf|atk|1
|turn|1
|inactive|Battle timer is ON: inactive players will automatically lose when time's up. (requested by Pelosis)
|inactive|Eddy style has 60 seconds left.
|
|t:|1783955979
|switch|p2a: Sinistcha|Sinistcha, L50|100/100
|switch|p1b: Torkoal|Torkoal, L50, M|100/100
|-weather|SunnyDay|[from] ability: Drought|[of] p1b: Torkoal
|move|p1a: Venusaur|Sleep Powder|p2a: Sinistcha
|-immune|p2a: Sinistcha
|move|p2b: Incineroar|Darkest Lariat|p1b: Torkoal
|-damage|p1b: Torkoal|72/100
|
|-weather|SunnyDay|[upkeep]
|upkeep
|turn|2
|inactive|Pelosis has 30 seconds left.
|inactive|Eddy style has 30 seconds left.
|
|t:|1783956008
|switch|p2a: Politoed|Politoed, L50, F|100/100
|-weather|RainDance|[from] ability: Drizzle|[of] p2a: Politoed
|move|p1a: Venusaur|Sleep Powder|p2b: Incineroar
|-status|p2b: Incineroar|slp|[from] move: Sleep Powder
|cant|p2b: Incineroar|slp
|move|p1b: Torkoal|Weather Ball|p2a: Politoed
|-resisted|p2a: Politoed|1
|-damage|p2a: Politoed|83/100
|
|-weather|RainDance|[upkeep]
|upkeep
|turn|3
|inactive|Pelosis has 30 seconds left.
|
|t:|1783956038
|switch|p1b: Farigiraf|Farigiraf, L50, F|100/100
|move|p1a: Venusaur|Energy Ball|p2a: Politoed
|-supereffective|p2a: Politoed|1
|-damage|p2a: Politoed|17/100
|-enditem|p2a: Politoed|Sitrus Berry|[eat]
|-heal|p2a: Politoed|42/100|[from] item: Sitrus Berry
|move|p2a: Politoed|Ice Beam|p1a: Venusaur
|-supereffective|p1a: Venusaur|1
|-damage|p1a: Venusaur|56/100
|cant|p2b: Incineroar|slp
|
|-weather|RainDance|[upkeep]
|upkeep
|turn|4
|inactive|Pelosis has 30 seconds left.
|inactive|Pelosis has 20 seconds left.
|inactive|Pelosis has 15 seconds left.
|
|t:|1783956082
|move|p2a: Politoed|Protect|p2a: Politoed
|-singleturn|p2a: Politoed|Protect
|move|p1a: Venusaur|Sludge Bomb|p2b: Incineroar
|-damage|p2b: Incineroar|69/100 slp
|-curestatus|p2b: Incineroar|slp|[msg]
|move|p2b: Incineroar|Darkest Lariat|p1b: Farigiraf
|-supereffective|p1b: Farigiraf|1
|-damage|p1b: Farigiraf|35/100
|-enditem|p1b: Farigiraf|Sitrus Berry|[eat]
|-heal|p1b: Farigiraf|60/100|[from] item: Sitrus Berry
|move|p1b: Farigiraf|Trick Room|p1b: Farigiraf
|-fieldstart|move: Trick Room|[of] p1b: Farigiraf
|
|-weather|RainDance|[upkeep]
|upkeep
|turn|5
|inactive|Pelosis has 30 seconds left.
|inactive|Pelosis has 20 seconds left.
|
|t:|1783956118
|switch|p1b: Torkoal|Torkoal, L50, M|72/100
|-weather|SunnyDay|[from] ability: Drought|[of] p1b: Torkoal
|switch|p2a: Sinistcha|Sinistcha, L50|100/100
|-heal|p2b: Incineroar|94/100|[from] ability: Hospitality|[of] p2a: Sinistcha
|move|p2b: Incineroar|Darkest Lariat|p1b: Torkoal
|-damage|p1b: Torkoal|45/100
|move|p1a: Venusaur|Energy Ball|p2a: Sinistcha
|-resisted|p2a: Sinistcha|1
|-damage|p2a: Sinistcha|75/100
|
|-weather|SunnyDay|[upkeep]
|upkeep
|turn|6
|inactive|Eddy style has 30 seconds left.
|inactive|Eddy style has 20 seconds left.
|
|t:|1783956157
|switch|p2b: Politoed|Politoed, L50, F|42/100
|-weather|RainDance|[from] ability: Drizzle|[of] p2b: Politoed
|move|p2a: Sinistcha|Protect|p2a: Sinistcha
|-singleturn|p2a: Sinistcha|Protect
|move|p1b: Torkoal|Weather Ball|p2b: Politoed
|-resisted|p2b: Politoed|1
|-damage|p2b: Politoed|26/100
|move|p1a: Venusaur|Earth Power|p2b: Politoed
|-damage|p2b: Politoed|5/100
|
|-weather|RainDance|[upkeep]
|upkeep
|turn|7
|inactive|Pelosis has 30 seconds left.
|
|t:|1783956183
|switch|p2a: Incineroar|Incineroar, L50, F|94/100
|-ability|p2a: Incineroar|Intimidate|boost
|-unboost|p1a: Venusaur|atk|1
|-unboost|p1b: Torkoal|atk|1
|move|p2b: Politoed|Protect|p2b: Politoed
|-singleturn|p2b: Politoed|Protect
|move|p1b: Torkoal|Weather Ball|p2b: Politoed
|-activate|p2b: Politoed|move: Protect
|move|p1a: Venusaur|Sludge Bomb|p2a: Incineroar
|-damage|p2a: Incineroar|62/100
|
|-weather|RainDance|[upkeep]
|upkeep
|turn|8
|inactive|Eddy style has 30 seconds left.
|inactive|Pelosis has 30 seconds left.
|
|t:|1783956216
|switch|p1b: Farigiraf|Farigiraf, L50, F|60/100
|switch|p2b: Sinistcha|Sinistcha, L50|75/100
|-heal|p2a: Incineroar|87/100|[from] ability: Hospitality|[of] p2b: Sinistcha
|move|p2a: Incineroar|Protect|p2a: Incineroar
|-singleturn|p2a: Incineroar|Protect
|move|p1a: Venusaur|Energy Ball|p2b: Sinistcha
|-resisted|p2b: Sinistcha|1
|-damage|p2b: Sinistcha|50/100g
|
|-weather|RainDance|[upkeep]
|-fieldend|move: Trick Room
|upkeep
|turn|9
|
|t:|1783956237
|switch|p1b: Torkoal|Torkoal, L50, M|45/100
|-weather|SunnyDay|[from] ability: Drought|[of] p1b: Torkoal
|move|p1a: Venusaur|Sleep Powder|p2a: Incineroar
|-status|p2a: Incineroar|slp|[from] move: Sleep Powder
|move|p2b: Sinistcha|Matcha Gotcha|p1b: Torkoal|[spread] p1a,p1b
|-resisted|p1a: Venusaur|2
|-resisted|p1b: Torkoal|1
|-damage|p1a: Venusaur|49/100
|-heal|p2b: Sinistcha|53/100|[from] drain|[of] p1a: Venusaur
|-damage|p1b: Torkoal|29/100
|-heal|p2b: Sinistcha|61/100|[from] drain|[of] p1b: Torkoal
|cant|p2a: Incineroar|slp
|
|-weather|SunnyDay|[upkeep]
|upkeep
|turn|10
|inactive|Pelosis has 30 seconds left.
|inactive|Pelosis has 20 seconds left.
|
|t:|1783956275
|move|p2b: Sinistcha|Protect|p2b: Sinistcha
|-singleturn|p2b: Sinistcha|Protect
|move|p1a: Venusaur|Earth Power|p2a: Incineroar
|-supereffective|p2a: Incineroar|1
|-damage|p2a: Incineroar|45/100 slp
|cant|p2a: Incineroar|slp
|move|p1b: Torkoal|Heat Wave|p2b: Sinistcha|[spread] p2a
|-activate|p2b: Sinistcha|move: Protect
|-resisted|p2a: Incineroar|1
|-damage|p2a: Incineroar|27/100 slp
|
|-weather|SunnyDay|[upkeep]
|upkeep
|turn|11
|
|t:|1783956291
|switch|p2b: Politoed|Politoed, L50, F|5/100
|-weather|RainDance|[from] ability: Drizzle|[of] p2b: Politoed
|move|p1a: Venusaur|Sludge Bomb|p2b: Politoed
|-damage|p2b: Politoed|0 fnt
|faint|p2b: Politoed
|-curestatus|p2a: Incineroar|slp|[msg]
|move|p2a: Incineroar|Darkest Lariat|p1b: Torkoal
|-damage|p1b: Torkoal|1/100
|move|p1b: Torkoal|Weather Ball|p2a: Incineroar
|-supereffective|p2a: Incineroar|1
|-enditem|p2a: Incineroar|Passho Berry|[eat]
|-enditem|p2a: Incineroar|Passho Berry|[weaken]
|-damage|p2a: Incineroar|0 fnt
|faint|p2a: Incineroar
|
|-weather|RainDance|[upkeep]
|upkeep
|
|t:|1783956294
|switch|p2b: Sinistcha|Sinistcha, L50|61/100
|switch|p2a: Gengar|Gengar, L50, F|100/100
|turn|12
|c|☆Pelosis|pum
|inactive|Pelosis has 30 seconds left.
|inactive|Pelosis has 20 seconds left.
|inactive|Pelosis has 15 seconds left.
|inactive|Pelosis has 10 seconds left.
|
|t:|1783956343
|switch|p1a: Farigiraf|Farigiraf, L50, F|60/100
|detailschange|p2a: Gengar|Gengar-Mega, L50, F
|-mega|p2a: Gengar|Gengar|Gengarite
|move|p2a: Gengar|Shadow Ball|p1a: Farigiraf
|-immune|p1a: Farigiraf
|move|p2b: Sinistcha|Matcha Gotcha|p1b: Torkoal|[spread] p1a,p1b
|-resisted|p1b: Torkoal|1
|-damage|p1a: Farigiraf|37/100
|-heal|p2b: Sinistcha|76/100|[from] drain|[of] p1a: Farigiraf
|-damage|p1b: Torkoal|0 fnt
|-heal|p2b: Sinistcha|76/100|[from] drain|[of] p1b: Torkoal
|faint|p1b: Torkoal
|
|-weather|RainDance|[upkeep]
|upkeep
|
|t:|1783956358
|switch|p1b: Mawile|Mawile, L50, F|100/100
|turn|13
|
|t:|1783956376
|detailschange|p1b: Mawile|Mawile-Mega, L50, F
|-mega|p1b: Mawile|Mawile|Mawilite
|move|p1b: Mawile|Sucker Punch||[still]
|-fail|p1b: Mawile
|move|p2a: Gengar|Perish Song|p2a: Gengar
|-start|p1a: Farigiraf|perish3|[silent]
|-start|p1b: Mawile|perish3|[silent]
|-start|p2a: Gengar|perish3|[silent]
|-start|p2b: Sinistcha|perish3|[silent]
|-fieldactivate|move: Perish Song
|move|p2b: Sinistcha|Matcha Gotcha|p1a: Farigiraf|[spread] p1a,p1b
|-resisted|p1b: Mawile|1
|-damage|p1a: Farigiraf|14/100
|-heal|p2b: Sinistcha|91/100|[from] drain|[of] p1a: Farigiraf
|-damage|p1b: Mawile|85/100
|-heal|p2b: Sinistcha|98/100|[from] drain|[of] p1b: Mawile
|-status|p1a: Farigiraf|brn
|move|p1a: Farigiraf|Trick Room|p1a: Farigiraf
|-fieldstart|move: Trick Room|[of] p1a: Farigiraf
|
|-weather|RainDance|[upkeep]
|-damage|p1a: Farigiraf|8/100 brn|[from] brn
|-start|p1b: Mawile|perish3
|-start|p1a: Farigiraf|perish3
|-start|p2b: Sinistcha|perish3
|-start|p2a: Gengar|perish3
|upkeep
|turn|14
|inactive|Pelosis has 30 seconds left.
|
|t:|1783956402
|move|p2b: Sinistcha|Rage Powder|p2b: Sinistcha
|-singleturn|p2b: Sinistcha|move: Rage Powder
|move|p1b: Mawile|Sucker Punch||[still]
|-fail|p1b: Mawile
|move|p1a: Farigiraf|Twin Beam|p2b: Sinistcha
|-damage|p2b: Sinistcha|74/100
|-crit|p2b: Sinistcha
|-damage|p2b: Sinistcha|44/100
|-hitcount|p2b: Sinistcha|2
|move|p2a: Gengar|Sludge Bomb|p1a: Farigiraf
|-damage|p1a: Farigiraf|0 fnt
|faint|p1a: Farigiraf
|
|-weather|RainDance|[upkeep]
|-start|p1b: Mawile|perish2
|-start|p2b: Sinistcha|perish2
|-start|p2a: Gengar|perish2
|upkeep
|
|t:|1783956417
|switch|p1a: Venusaur|Venusaur, L50, M|49/100
|turn|15
|inactive|Pelosis has 30 seconds left.
|inactive|Eddy style has 30 seconds left.
|
|t:|1783956444
|move|p1b: Mawile|Rock Slide|p2b: Sinistcha|[spread] p2b
|-miss|p1b: Mawile|p2a: Gengar
|-damage|p2b: Sinistcha|20/100y
|move|p2b: Sinistcha|Matcha Gotcha|p1a: Venusaur|[spread] p1b
|-miss|p2b: Sinistcha|p1a: Venusaur
|-resisted|p1b: Mawile|1
|-damage|p1b: Mawile|70/100
|-heal|p2b: Sinistcha|26/100|[from] drain|[of] p1b: Mawile
|move|p1a: Venusaur|Sludge Bomb|p2b: Sinistcha
|-damage|p2b: Sinistcha|0 fnt
|faint|p2b: Sinistcha
|move|p2a: Gengar|Shadow Ball|p1a: Venusaur
|-damage|p1a: Venusaur|0 fnt
|faint|p1a: Venusaur
|
|-weather|none
|-start|p1b: Mawile|perish1
|-start|p2a: Gengar|perish1
|upkeep
|turn|16
|inactive|Pelosis has 25 seconds left this turn.
|inactive|Pelosis has 20 seconds left.
|inactive|Pelosis has 15 seconds left.
|inactive|Pelosis has 10 seconds left.
|
|t:|1783956467
|move|p1b: Mawile|Sucker Punch||[still]
|-fail|p1b: Mawile
|move|p2a: Gengar|Perish Song||[still]
|-fail|p2a: Gengar
|
|-start|p1b: Mawile|perish0
|-start|p2a: Gengar|perish0
|faint|p1b: Mawile
|faint|p2a: Gengar
|
|win|Eddy style
|raw|Pelosis's rating: 1076 → 1055(-21 for losing)
|raw|Eddy style's rating: 1082 → 1109(+27 for winning)
|c|☆Pelosis|mdfk
