|j|☆YungDungBeetle
|j|☆MolluskVGC
|html|YungDungBeetleMolluskVGC    
|uhtml|bestof|Game 2 of a best-of-3
|t:|1756658397
|gametype|doubles
|player|p1|YungDungBeetle|n|
|player|p2|MolluskVGC|hiker-gen4|
|gen|9
|tier|[Gen 9] VGC 2025 Reg H (Bo3)
|rule|Species Clause: Limit one of each Pokémon
|rule|Item Clause: Limit 1 of each item
|clearpoke
|poke|p1|Rillaboom, L50, F|
|poke|p1|Baxcalibur, L50, M|
|poke|p1|Volcarona, L50, F|
|poke|p1|Whimsicott, L50, F|
|poke|p1|Smeargle, L50, F|
|poke|p1|Annihilape, L50, F|
|poke|p2|Dragonite, L50, F|
|poke|p2|Ursaluna-Bloodmoon, L50, M|
|poke|p2|Gholdengo, L50|
|poke|p2|Electabuzz, L50, M|
|poke|p2|Sneasler, L50, M|
|poke|p2|Indeedee, L50, M|
|teampreview|4
|showteam|p1|Rillaboom||AssaultVest|GrassySurge|FakeOut,GrassyGlide,DrumBeating,HighHorsepower|||F|||50|,,,,,Fire]Baxcalibur||LoadedDice|ThermalExchange|ScaleShot,IcicleSpear,IceShard,Protect|||M|||50|,,,,,Ghost]Volcarona||GrassySeed|FlameBody|FieryDance,QuiverDance,Protect,GigaDrain|||F|||50|,,,,,Grass]Whimsicott||CovertCloak|Prankster|Tailwind,Moonblast,WorrySeed,SunnyDay|||F|||50|,,,,,Water]Smeargle||FocusSash|Moody|FollowMe,Decorate,Haze,Spore|||F|||50|,,,,,Ghost]Annihilape||SafetyGoggles|Defiant|Coaching,RageFist,CloseCombat,Taunt|||F|||50|,,,,,Water
|showteam|p2|Dragonite||LoadedDice|Multiscale|ScaleShot,Tailwind,Haze,Protect|||F|||50|,,,,,Fairy]Ursaluna-Bloodmoon||LifeOrb|MindsEye|HyperVoice,EarthPower,BloodMoon,Protect|||M|||50|,,,,,Normal]Gholdengo||MetalCoat|GoodasGold|MakeItRain,ShadowBall,NastyPlot,Protect||||||50|,,,,,Water]Electabuzz||Eviolite|VitalSpirit|Electroweb,FollowMe,Taunt,Protect|||M|||50|,,,,,Ghost]Sneasler||PsychicSeed|Unburden|DireClaw,CloseCombat,ThroatChop,Protect|||M|||50|,,,,,Dark]Indeedee||FocusSash|PsychicSurge|ExpandingForce,Imprison,TrickRoom,Protect|||M|||50|,,,,,Psychic
|inactive|Battle timer is ON: inactive players will automatically lose when time's up. (requested by YungDungBeetle)
|j| HyphyJavi
|c|☆YungDungBeetle|gg
|inactive|YungDungBeetle has 60 seconds left.
|inactive|MolluskVGC has 60 seconds left.
|inactive|YungDungBeetle has 30 seconds left.
|
|t:|1756658458
|teamsize|p1|4
|teamsize|p2|4
|start
|switch|p1a: Annihilape|Annihilape, L50, F|100/100
|switch|p1b: BIG BODY BENZ|Baxcalibur, L50, M|100/100
|switch|p2a: Ursaluna|Ursaluna-Bloodmoon, L50, M|100/100
|switch|p2b: Electabuzz|Electabuzz, L50, M|100/100
|turn|1
|inactive|MolluskVGC has 30 seconds left.
|inactive|MolluskVGC has 20 seconds left.
|inactive|MolluskVGC has 15 seconds left.
|
|t:|1756658500
|-terastallize|p2a: Ursaluna|Normal
|move|p2b: Electabuzz|Follow Me|p2b: Electabuzz
|-singleturn|p2b: Electabuzz|move: Follow Me
|move|p1a: Annihilape|Coaching|p1b: BIG BODY BENZ
|-boost|p1b: BIG BODY BENZ|atk|1
|-boost|p1b: BIG BODY BENZ|def|1
|move|p1b: BIG BODY BENZ|Icicle Spear|p2b: Electabuzz
|-damage|p2b: Electabuzz|82/100
|-damage|p2b: Electabuzz|65/100
|-damage|p2b: Electabuzz|45/100
|-damage|p2b: Electabuzz|26/100
|-damage|p2b: Electabuzz|6/100
|-hitcount|p2b: Electabuzz|5
|move|p2a: Ursaluna|Blood Moon|p1b: BIG BODY BENZ
|-damage|p1b: BIG BODY BENZ|0 fnt
|faint|p1b: BIG BODY BENZ
|-damage|p2a: Ursaluna|91/100|[from] item: Life Orb
|
|upkeep
|
|t:|1756658508
|switch|p1b: BOOM God|Rillaboom, L50, F|100/100
|-fieldstart|move: Grassy Terrain|[from] ability: Grassy Surge|[of] p1b: BOOM God
|turn|2
|inactive|MolluskVGC has 30 seconds left.
|inactive|YungDungBeetle has 30 seconds left.
|
|t:|1756658543
|move|p2b: Electabuzz|Protect|p2b: Electabuzz
|-singleturn|p2b: Electabuzz|Protect
|move|p2a: Ursaluna|Protect|p2a: Ursaluna
|-singleturn|p2a: Ursaluna|Protect
|move|p1a: Annihilape|Coaching|p1b: BOOM God
|-boost|p1b: BOOM God|atk|1
|-boost|p1b: BOOM God|def|1
|move|p1b: BOOM God|Drum Beating|p2b: Electabuzz
|-activate|p2b: Electabuzz|move: Protect
|
|-heal|p2b: Electabuzz|12/100|[from] Grassy Terrain
|-heal|p2a: Ursaluna|97/100|[from] Grassy Terrain
|upkeep
|turn|3
|inactive|YungDungBeetle has 30 seconds left.
|
|t:|1756658582
|switch|p2b: Dragonite|Dragonite, L50, F|100/100
|switch|p2a: Gholdengo|Gholdengo, L50|100/100
|move|p1b: BOOM God|Grassy Glide|p2b: Dragonite
|-resisted|p2b: Dragonite
|-damage|p2b: Dragonite|93/100
|move|p1a: Annihilape|Close Combat|p2a: Gholdengo
|-immune|p2a: Gholdengo
|
|upkeep
|turn|4
|inactive|MolluskVGC has 30 seconds left.
|inactive|MolluskVGC has 20 seconds left.
|
|t:|1756658622
|move|p1a: Annihilape|Rage Fist|p2a: Gholdengo
|-supereffective|p2a: Gholdengo
|-damage|p2a: Gholdengo|60/100
|move|p1b: BOOM God|Drum Beating|p2b: Dragonite
|-resisted|p2b: Dragonite
|-damage|p2b: Dragonite|71/100
|-unboost|p2b: Dragonite|spe|1
|move|p2a: Gholdengo|Nasty Plot|p2a: Gholdengo
|-boost|p2a: Gholdengo|spa|2
|move|p2b: Dragonite|Tailwind|p2b: Dragonite
|-sidestart|p2: MolluskVGC|move: Tailwind
|
|-heal|p2a: Gholdengo|66/100|[from] Grassy Terrain
|upkeep
|turn|5
|inactive|YungDungBeetle has 30 seconds left.
|inactive|MolluskVGC has 30 seconds left.
|inactive|MolluskVGC has 20 seconds left.
|
|t:|1756658660
|-terastallize|p1b: BOOM God|Fire
|move|p2a: Gholdengo|Make It Rain|p1a: Annihilape|[spread] p1a,p1b
|-resisted|p1b: BOOM God
|-damage|p1a: Annihilape|0 fnt
|-damage|p1b: BOOM God|50/100
|-unboost|p2a: Gholdengo|spa|1
|faint|p1a: Annihilape
|move|p2b: Dragonite|Scale Shot|p1b: BOOM God
|-damage|p1b: BOOM God|39/100
|-damage|p1b: BOOM God|28/100
|-damage|p1b: BOOM God|17/100
|-damage|p1b: BOOM God|7/100
|-damage|p1b: BOOM God|0 fnt
|faint|p1b: BOOM God
|-hitcount|p1: BOOM God|5
|-unboost|p2b: Dragonite|def|1
|-boost|p2b: Dragonite|spe|1
|
|-heal|p2a: Gholdengo|72/100|[from] Grassy Terrain
|upkeep
|
|t:|1756658670
|switch|p1b: Six Wing Steppa|Volcarona, L50, F|100/100
|-enditem|p1b: Six Wing Steppa|Grassy Seed
|-boost|p1b: Six Wing Steppa|def|1|[from] item: Grassy Seed
|turn|6
|c|☆YungDungBeetle|This is why I dropped this team lol
|
|t:|1756658685
|move|p2b: Dragonite|Scale Shot|p1b: Six Wing Steppa
|-damage|p1b: Six Wing Steppa|88/100
|-damage|p1b: Six Wing Steppa|77/100
|-damage|p1b: Six Wing Steppa|64/100
|-damage|p1b: Six Wing Steppa|53/100
|-hitcount|p1b: Six Wing Steppa|4
|-unboost|p2b: Dragonite|def|1
|-boost|p2b: Dragonite|spe|1
|move|p2a: Gholdengo|Shadow Ball|p1b: Six Wing Steppa
|-damage|p1b: Six Wing Steppa|0 fnt
|faint|p1b: Six Wing Steppa
|
|win|MolluskVGC
|c| HyphyJavi|oof that 5th hit
|c|☆YungDungBeetle|Gg tho
|c|☆MolluskVGC|gg
|c|☆MolluskVGC|Yeah I got a little lucky on that lol
|c|☆YungDungBeetle|All good it’s part of the game
