|j|☆Park2
|j|☆saboyita
|html|Park2saboyita    
|uhtml|bestof|Game 2 of a best-of-3
|t:|1756229371
|gametype|doubles
|player|p1|Park2|cynthia-gen4|1125
|player|p2|saboyita|grimsley|1088
|gen|9
|tier|[Gen 9] VGC 2025 Reg H (Bo3)
|rated|
|rule|Species Clause: Limit one of each Pokémon
|rule|Item Clause: Limit 1 of each item
|clearpoke
|poke|p1|Ursaluna, L50, M|
|poke|p1|Jumpluff, L50, F|
|poke|p1|Charizard, L50, M|
|poke|p1|Torkoal, L50, M|
|poke|p1|Incineroar, L50, M|
|poke|p1|Porygon2, L50|
|poke|p2|Amoonguss, L50, F|
|poke|p2|Hydreigon, L50, M|
|poke|p2|Whimsicott, L50, M|
|poke|p2|Maushold-Four, L50|
|poke|p2|Annihilape, L50, M|
|poke|p2|Ursaluna-Bloodmoon, L50, M|
|teampreview|4
|showteam|p1|Ursaluna||FlameOrb|Guts|HeadlongRush,Facade,Earthquake,Protect|||M|||50|,,,,,Ghost]Jumpluff||CovertCloak|Chlorophyll|Tailwind,SleepPowder,RagePowder,SunnyDay|||F|||50|,,,,,Fire]Charizard||ChoiceSpecs|SolarPower|DragonPulse,HeatWave,Overheat,WeatherBall|||M|||50|,,,,,Ghost]Torkoal||EjectPack|Drought|Eruption,Overheat,ClearSmog,Protect|||M|||50|,,,,,Fire]Incineroar||SitrusBerry|Intimidate|FlareBlitz,KnockOff,PartingShot,FakeOut|||M|||50|,,,,,Ghost]Porygon2||Eviolite|Download|TeraBlast,IceBeam,Recover,TrickRoom||||||50|,,,,,Fighting
|showteam|p2|Amoonguss||RockyHelmet|Regenerator|PollenPuff,Spore,RagePowder,Protect|||F|||50|,,,,,Fairy]Hydreigon||ChoiceSpecs|Levitate|HeatWave,DarkPulse,DragonPulse,DracoMeteor|||M|||50|,,,,,Fire]Whimsicott||CovertCloak|Prankster|Moonblast,HelpingHand,Tailwind,Encore|||M|||50|,,,,,Dark]Maushold-Four||WideLens|Technician|PopulationBomb,Taunt,FollowMe,Protect||||||50|,,,,,Ghost]Annihilape||Leftovers|Defiant|RageFist,DrainPunch,BulkUp,Protect|||M|||50|,,,,,Fire]Ursaluna-Bloodmoon||LifeOrb|MindsEye|HyperVoice,EarthPower,BloodMoon,Protect|||M|||50|,,,,,Water
|inactive|Battle timer is ON: inactive players will automatically lose when time's up. (requested by saboyita)
|inactive|saboyita has 60 seconds left.
|
|t:|1756229416
|teamsize|p1|4
|teamsize|p2|4
|start
|switch|p1a: Porygon2|Porygon2, L50|100/100
|switch|p1b: Incineroar|Incineroar, L50, M|100/100
|switch|p2a: Hydreigon|Hydreigon, L50, M|100/100
|switch|p2b: Whimsicott|Whimsicott, L50, M|100/100
|-ability|p1b: Incineroar|Intimidate|boost
|-unboost|p2a: Hydreigon|atk|1
|-unboost|p2b: Whimsicott|atk|1
|-ability|p1a: Porygon2|Download|boost
|-boost|p1a: Porygon2|spa|1
|turn|1
|inactive|saboyita has 30 seconds left.
|
|t:|1756229443
|switch|p2a: Ursaluna|Ursaluna-Bloodmoon, L50, M|100/100
|move|p2b: Whimsicott|Encore|p1b: Incineroar
|-hint|Since gen 7, Dark is immune to Prankster moves.
|-immune|p1b: Incineroar
|move|p1b: Incineroar|Parting Shot|p2a: Ursaluna
|-unboost|p2a: Ursaluna|atk|1
|-unboost|p2a: Ursaluna|spa|1
|
|t:|1756229460
|switch|p1b: Torkoal|Torkoal, L50, M|100/100|[from] Parting Shot
|-weather|SunnyDay|[from] ability: Drought|[of] p1b: Torkoal
|move|p1a: Porygon2|Trick Room|p1a: Porygon2
|-fieldstart|move: Trick Room|[of] p1a: Porygon2
|
|-weather|SunnyDay|[upkeep]
|upkeep
|turn|2
|
|t:|1756229479
|switch|p1a: Incineroar|Incineroar, L50, M|100/100
|-ability|p1a: Incineroar|Intimidate|boost
|-unboost|p2a: Ursaluna|atk|1
|-unboost|p2b: Whimsicott|atk|1
|-terastallize|p1b: Torkoal|Fire
|-terastallize|p2a: Ursaluna|Water
|move|p2b: Whimsicott|Helping Hand|p2a: Ursaluna
|-singleturn|p2a: Ursaluna|Helping Hand|[of] p2b: Whimsicott
|move|p1b: Torkoal|Eruption|p2b: Whimsicott|[spread] p2a,p2b
|-resisted|p2a: Ursaluna
|-supereffective|p2b: Whimsicott
|-crit|p2b: Whimsicott
|-damage|p2a: Ursaluna|47/100
|-damage|p2b: Whimsicott|0 fnt
|faint|p2b: Whimsicott
|move|p2a: Ursaluna|Blood Moon|p1b: Torkoal
|-crit|p1b: Torkoal
|-damage|p1b: Torkoal|0 fnt
|faint|p1b: Torkoal
|-damage|p2a: Ursaluna|37/100|[from] item: Life Orb
|
|-weather|SunnyDay|[upkeep]
|upkeep
|inactive|saboyita has 30 seconds left.
|
|t:|1756229511
|switch|p1b: Ursaluna|Ursaluna, L50, M|100/100
|switch|p2b: Maushold|Maushold-Four, L50|100/100
|turn|3
|inactive|Park2 has 30 seconds left.
|inactive|saboyita has 30 seconds left.
|
|t:|1756229539
|move|p2a: Ursaluna|Protect|p2a: Ursaluna
|-singleturn|p2a: Ursaluna|Protect
|move|p1b: Ursaluna|Protect|p1b: Ursaluna
|-singleturn|p1b: Ursaluna|Protect
|move|p2b: Maushold|Protect|p2b: Maushold
|-singleturn|p2b: Maushold|Protect
|move|p1a: Incineroar|Flare Blitz|p2b: Maushold
|-activate|p2b: Maushold|move: Protect
|
|-weather|SunnyDay|[upkeep]
|-status|p1b: Ursaluna|brn|[from] item: Flame Orb
|upkeep
|turn|4
|
|t:|1756229562
|move|p2b: Maushold|Follow Me|p2b: Maushold
|-singleturn|p2b: Maushold|move: Follow Me
|move|p2a: Ursaluna|Earth Power|p1a: Incineroar
|-supereffective|p1a: Incineroar
|-damage|p1a: Incineroar|21/100
|-enditem|p1a: Incineroar|Sitrus Berry|[eat]
|-heal|p1a: Incineroar|46/100|[from] item: Sitrus Berry
|-damage|p2a: Ursaluna|27/100|[from] item: Life Orb
|move|p1b: Ursaluna|Facade|p2b: Maushold
|-damage|p2b: Maushold|0 fnt
|faint|p2b: Maushold
|move|p1a: Incineroar|Knock Off|p2a: Ursaluna
|-damage|p2a: Ursaluna|0 fnt
|-enditem|p2a: Ursaluna|Life Orb|[from] move: Knock Off|[of] p1a: Incineroar
|faint|p2a: Ursaluna
|
|-weather|SunnyDay|[upkeep]
|-damage|p1b: Ursaluna|94/100 brn|[from] brn
|upkeep
|
|t:|1756229574
|switch|p2b: Hydreigon|Hydreigon, L50, M|100/100
|turn|5
|
|t:|1756229589
|move|p1b: Ursaluna|Facade|p2b: Hydreigon
|-damage|p2b: Hydreigon|0 fnt
|faint|p2b: Hydreigon
|
|win|Park2
||saboyita is ready for game 3.
||Park2 is ready for game 3.
|uhtml|next|Next: Game 3 of 3
