|j|☆ScottyDoesntUnown
|j|☆xdi8723
|html|ScottyDoesntUnownxdi8723    
|uhtml|bestof|Game 1 of a best-of-3
|t:|1757104869
|gametype|doubles
|player|p1|ScottyDoesntUnown|bruno|1055
|player|p2|xdi8723|1|1025
|gen|9
|tier|[Gen 9] VGC 2025 Reg H (Bo3)
|rated|
|rule|Species Clause: Limit one of each Pokémon
|rule|Item Clause: Limit 1 of each item
|clearpoke
|poke|p1|Archaludon, L50, M|
|poke|p1|Pelipper, L50, M|
|poke|p1|Basculegion, L50, M|
|poke|p1|Amoonguss, L50, M|
|poke|p1|Incineroar, L50, M|
|poke|p1|Gholdengo, L50|
|poke|p2|Gholdengo, L50|
|poke|p2|Amoonguss, L50, F|
|poke|p2|Incineroar, L50, M|
|poke|p2|Kommo-o, L50, M|
|poke|p2|Ninetales-Alola, L50, F|
|poke|p2|Dragonite, L50, M|
|teampreview|4
|showteam|p1|Archaludon||AssaultVest|Stamina|DragonPulse,ElectroShot,FlashCannon,BodyPress|||M|||50|,,,,,Bug]Pelipper||FocusSash|Drizzle|WeatherBall,Hurricane,Tailwind,Protect|||M|||50|,,,,,Ground]Basculegion||ChoiceBand|SwiftSwim|WaveCrash,LastRespects,AquaJet,FlipTurn|||M|||50|,,,,,Grass]Amoonguss||CovertCloak|Regenerator|PollenPuff,RagePowder,Spore,Protect|||M|||50|,,,,,Water]Incineroar||SafetyGoggles|Intimidate|KnockOff,FakeOut,PartingShot,Taunt|||M|||50|,,,,,Ghost]Gholdengo||LifeOrb|GoodasGold|MakeItRain,ShadowBall,NastyPlot,Protect||||||50|,,,,,Water
|showteam|p2|Gholdengo||ChoiceSpecs|GoodasGold|MakeItRain,ShadowBall,Trick,FocusBlast||||||50|,,,,,Steel]Amoonguss||RockyHelmet|Regenerator|Protect,RagePowder,Spore,PollenPuff|||F|||50|,,,,,Fairy]Incineroar||SafetyGoggles|Intimidate|FakeOut,FlareBlitz,KnockOff,PartingShot|||M|||50|,,,,,Ghost]Kommo-o||ThroatSpray|Soundproof|Protect,ClangingScales,Flamethrower,ClangorousSoul|||M|||50|,,,,,Fire]Ninetales-Alola||FocusSash|SnowWarning|Protect,Blizzard,FreezeDry,Encore|||F|||50|,,,,,Ice]Dragonite||AssaultVest|Multiscale|ExtremeSpeed,TeraBlast,IceSpinner,StompingTantrum|||M|||50|,,,,,Flying
|inactive|Battle timer is ON: inactive players will automatically lose when time's up. (requested by ScottyDoesntUnown)
|inactive|ScottyDoesntUnown has 60 seconds left.
|inactive|xdi8723 has 60 seconds left.
|inactive|xdi8723 has 30 seconds left.
|inactive|xdi8723 has 20 seconds left.
|inactive|xdi8723 has 15 seconds left.
|
|t:|1757104947
|teamsize|p1|4
|teamsize|p2|4
|start
|switch|p1a: Basculegion|Basculegion, L50, M|100/100
|switch|p1b: Archaludon|Archaludon, L50, M|100/100
|switch|p2a: Manolo|Amoonguss, L50, F|100/100
|switch|p2b: Gholdengo|Gholdengo, L50|100/100
|turn|1
|inactive|ScottyDoesntUnown has 30 seconds left.
|inactive|xdi8723 has 30 seconds left.
|inactive|xdi8723 has 20 seconds left.
|inactive|xdi8723 has 15 seconds left.
|inactive|xdi8723 has 10 seconds left.
|inactive|xdi8723 has 5 seconds left.
|
|t:|1757105001
|-terastallize|p1b: Archaludon|Bug
|move|p2b: Gholdengo|Make It Rain|p1b: Archaludon|[spread] p1a,p1b
|-resisted|p1a: Basculegion
|-damage|p1a: Basculegion|64/100
|-damage|p1b: Archaludon|33/100
|-unboost|p2b: Gholdengo|spa|1
|-ability|p1b: Archaludon|Stamina|boost
|-boost|p1b: Archaludon|def|1
|move|p1a: Basculegion|Flip Turn|p2b: Gholdengo
|-damage|p2b: Gholdengo|52/100
|
|t:|1757105010
|switch|p1a: Pelipper|Pelipper, L50, M|100/100|[from] Flip Turn
|-weather|RainDance|[from] ability: Drizzle|[of] p1a: Pelipper
|move|p1b: Archaludon|Electro Shot||[still]
|-prepare|p1b: Archaludon|Electro Shot
|-boost|p1b: Archaludon|spa|1
|-anim|p1b: Archaludon|Electro Shot|p2b: Gholdengo
|-damage|p2b: Gholdengo|0 fnt
|faint|p2b: Gholdengo
|move|p2a: Manolo|Spore|p1a: Pelipper
|-status|p1a: Pelipper|slp|[from] move: Spore
|
|-weather|RainDance|[upkeep]
|upkeep
|inactive|xdi8723 has 30 seconds left.
|
|t:|1757105036
|switch|p2b: Dragonite|Dragonite, L50, M|100/100
|turn|2
|
|t:|1757105054
|move|p2b: Dragonite|Extreme Speed|p1b: Archaludon
|-damage|p1b: Archaludon|19/100
|-ability|p1b: Archaludon|Stamina|boost
|-boost|p1b: Archaludon|def|1
|cant|p1a: Pelipper|slp
|move|p1b: Archaludon|Dragon Pulse|p2b: Dragonite
|-supereffective|p2b: Dragonite
|-damage|p2b: Dragonite|59/100
|move|p2a: Manolo|Spore|p1b: Archaludon
|-status|p1b: Archaludon|slp|[from] move: Spore
|
|-weather|RainDance|[upkeep]
|upkeep
|turn|3
|inactive|xdi8723 has 30 seconds left.
|
|t:|1757105084
|move|p2b: Dragonite|Ice Spinner|p1b: Archaludon
|-damage|p1b: Archaludon|9/100 slp
|-ability|p1b: Archaludon|Stamina|boost
|-boost|p1b: Archaludon|def|1
|-curestatus|p1a: Pelipper|slp|[msg]
|move|p1a: Pelipper|Tailwind|p1a: Pelipper
|-sidestart|p1: ScottyDoesntUnown|move: Tailwind
|cant|p1b: Archaludon|slp
|move|p2a: Manolo|Spore|p1b: Archaludon
|-fail|p1b: Archaludon|slp
|
|-weather|RainDance|[upkeep]
|upkeep
|turn|4
|inactive|xdi8723 has 30 seconds left.
|
|t:|1757105115
|switch|p2a: Ninetales|Ninetales-Alola, L50, F|100/100
|-weather|Snowscape|[from] ability: Snow Warning|[of] p2a: Ninetales
|move|p2b: Dragonite|Extreme Speed|p1b: Archaludon
|-damage|p1b: Archaludon|0 fnt
|faint|p1b: Archaludon
|move|p1a: Pelipper|Hurricane|p2a: Ninetales
|-damage|p2a: Ninetales|38/100
|-start|p2a: Ninetales|confusion
|
|-weather|Snowscape|[upkeep]
|upkeep
|
|t:|1757105123
|switch|p1b: Gholdengo|Gholdengo, L50|100/100
|turn|5
|
|t:|1757105141
|-terastallize|p2b: Dragonite|Flying
|move|p1b: Gholdengo|Make It Rain|p2b: Dragonite|[spread] p2a,p2b
|-supereffective|p2a: Ninetales
|-damage|p2a: Ninetales|0 fnt
|-damage|p2b: Dragonite|20/100
|-unboost|p1b: Gholdengo|spa|1
|faint|p2a: Ninetales
|-damage|p1b: Gholdengo|91/100|[from] item: Life Orb
|move|p1a: Pelipper|Weather Ball|p2b: Dragonite
|-supereffective|p2b: Dragonite
|-damage|p2b: Dragonite|0 fnt
|faint|p2b: Dragonite
|
|-weather|Snowscape|[upkeep]
|upkeep
|
|t:|1757105162
|switch|p2b: Manolo|Amoonguss, L50, F|100/100
|turn|6
|inactive|ScottyDoesntUnown has 30 seconds left.
|inactive|ScottyDoesntUnown has 20 seconds left.
|
|t:|1757105200
|move|p1b: Gholdengo|Nasty Plot|p1b: Gholdengo
|-boost|p1b: Gholdengo|spa|2
|move|p1a: Pelipper|Weather Ball|p2b: Manolo
|-supereffective|p2b: Manolo
|-crit|p2b: Manolo
|-damage|p2b: Manolo|19/100
|move|p2b: Manolo|Spore|p1a: Pelipper
|-status|p1a: Pelipper|slp|[from] move: Spore
|
|-weather|Snowscape|[upkeep]
|-sideend|p1: ScottyDoesntUnown|move: Tailwind
|upkeep
|turn|7
|
|t:|1757105215
|move|p1b: Gholdengo|Shadow Ball|p2b: Manolo
|-damage|p2b: Manolo|0 fnt
|faint|p2b: Manolo
|-damage|p1b: Gholdengo|82/100|[from] item: Life Orb
|
|win|ScottyDoesntUnown
||ScottyDoesntUnown is ready for game 2.
|l|☆ScottyDoesntUnown
|player|p1|
||xdi8723 is ready for game 2.
|uhtml|next|Next: Game 2 of 3
