|j|☆ikerros2010
|j|☆tang de maracuja
|html|ikerros2010tang de maracuja    
|uhtml|bestof|Game 1 of a best-of-3
|t:|1785202220
|gametype|doubles
|player|p1|ikerros2010|leon|1256
|player|p2|tang de maracuja|morty|1331
|gen|9
|tier|[Gen 9 Champions] VGC 2026 Reg M-B (Bo3)
|rated|
|rule|Species Clause: Limit one of each Pokémon
|rule|Item Clause: Limit 1 of each item
|clearpoke
|poke|p1|Kangaskhan, L50, F|
|poke|p1|Farigiraf, L50, F|
|poke|p1|Torkoal, L50, F|
|poke|p1|Hatterene, L50, F|
|poke|p1|Kingambit, L50, M|
|poke|p1|Venusaur, L50, M|
|poke|p2|Staraptor, L50, M|
|poke|p2|Garchomp, L50, F|
|poke|p2|Whimsicott, L50, F|
|poke|p2|Delphox, L50, M|
|poke|p2|Glimmora, L50, M|
|poke|p2|Kingambit, L50, F, shiny|
|teampreview|4
|showteam|p1|Kangaskhan||Kangaskhanite|Scrappy|FakeOut,DoubleEdge,Crunch,DrainPunch|Brave||F|||50|]Farigiraf||SitrusBerry|ArmorTail|Psychic,HyperVoice,TrickRoom,Protect|Quiet||F|||50|]Torkoal||Charcoal|Drought|Eruption,WeatherBall,EarthPower,Protect|Quiet||F|||50|]Hatterene||LifeOrb|MagicBounce|Psychic,DazzlingGleam,Protect,TrickRoom|Quiet||F|||50|]Kingambit||ExpertBelt|Defiant|KowtowCleave,SuckerPunch,IronHead,LowKick|Brave||M|||50|]Venusaur||FocusSash|Chlorophyll|EarthPower,SludgeBomb,SleepPowder,Protect|Modest||M|||50|
|showteam|p2|Staraptor||Staraptite|Intimidate|Protect,Roost,CloseCombat,BraveBird|Jolly||M|||50|]Garchomp||LifeOrb|RoughSkin|Protect,RockSlide,Earthquake,DragonClaw|Jolly||F|||50|]Whimsicott||OccaBerry|Prankster|Moonblast,Tailwind,Charm,LightScreen|Timid||F|||50|]Delphox||Delphoxite|Magician|Protect,Psychic,HeatWave,Substitute|Timid||M|||50|]Glimmora||FocusSash|ToxicDebris|SpikyShield,EarthPower,PowerGem,SludgeBomb|Timid||M|||50|]Kingambit||ChopleBerry|Defiant|KowtowCleave,IronHead,SuckerPunch,LowKick|Adamant||F|||50|
|inactive|Battle timer is ON: inactive players will automatically lose when time's up. (requested by tang de maracuja)
|inactive|tang de maracuja has 60 seconds left.
|
|t:|1785202265
|teamsize|p1|4
|teamsize|p2|4
|start
|switch|p1a: Kangaskhan|Kangaskhan, L50, F|100/100
|switch|p1b: Farigiraf|Farigiraf, L50, F|100/100
|switch|p2a: Staraptor|Staraptor, L50, M|100/100
|switch|p2b: Garchomp|Garchomp, L50, F|100/100
|-ability|p2a: Staraptor|Intimidate|boost
|-fail|p1a: Kangaskhan|unboost|Attack|[from] ability: Scrappy|[of] p1a: Kangaskhan
|-unboost|p1b: Farigiraf|atk|1
|turn|1
|
|t:|1785202276
|detailschange|p2a: Staraptor|Staraptor-Mega, L50, M
|-mega|p2a: Staraptor|Staraptor|Staraptite
|detailschange|p1a: Kangaskhan|Kangaskhan-Mega, L50, F
|-mega|p1a: Kangaskhan|Kangaskhan|Kangaskhanite
|move|p1a: Kangaskhan|Fake Out|p2a: Staraptor
|-damage|p2a: Staraptor|80/100
|-damage|p2a: Staraptor|75/100
|-hitcount|p2a: Staraptor|2
|cant|p2a: Staraptor|flinch
|move|p2b: Garchomp|Earthquake|p1a: Kangaskhan|[spread] p1a,p1b
|-immune|p2a: Staraptor
|-damage|p1a: Kangaskhan|54/100
|-damage|p1b: Farigiraf|49/100
|-enditem|p1b: Farigiraf|Sitrus Berry|[eat]
|-heal|p1b: Farigiraf|74/100|[from] item: Sitrus Berry
|-damage|p2b: Garchomp|90/100|[from] item: Life Orb
|move|p1b: Farigiraf|Trick Room|p1b: Farigiraf
|-fieldstart|move: Trick Room|[of] p1b: Farigiraf
|
|upkeep
|turn|2
|
|t:|1785202292
|move|p2a: Staraptor|Protect|p2a: Staraptor
|-singleturn|p2a: Staraptor|Protect
|move|p1b: Farigiraf|Psychic|p2a: Staraptor
|-activate|p2a: Staraptor|move: Protect
|move|p1a: Kangaskhan|Double-Edge|p2b: Garchomp
|-damage|p2b: Garchomp|18/100
|-damage|p1a: Kangaskhan|41/100|[from] ability: Rough Skin|[of] p2b: Garchomp
|-damage|p2b: Garchomp|1/100
|-damage|p1a: Kangaskhan|29/100|[from] ability: Rough Skin|[of] p2b: Garchomp
|-hitcount|p2b: Garchomp|2
|-damage|p1a: Kangaskhan|3/100|[from] Recoil
|move|p2b: Garchomp|Earthquake|p1b: Farigiraf|[spread] p1a,p1b
|-activate|p2a: Staraptor|move: Protect
|-damage|p1a: Kangaskhan|0 fnt
|-damage|p1b: Farigiraf|29/100
|faint|p1a: Kangaskhan
|-damage|p2b: Garchomp|0 fnt|[from] item: Life Orb
|faint|p2b: Garchomp
|
|upkeep
|
|t:|1785202304
|switch|p1a: Kingambit|Kingambit, L50, M|100/100
|switch|p2b: Glimmora|Glimmora, L50, M|100/100
|turn|3
|
|t:|1785202320
|switch|p2a: Kingambit|Kingambit, L50, F, shiny|100/100
|move|p2b: Glimmora|Spiky Shield|p2b: Glimmora
|-singleturn|p2b: Glimmora|move: Protect
|move|p1a: Kingambit|Iron Head|p2b: Glimmora
|-activate|p2b: Glimmora|move: Protect
|-damage|p1a: Kingambit|87/100|[from] Spiky Shield|[of] p2b: Glimmora
|move|p1b: Farigiraf|Psychic|p2a: Kingambit
|-immune|p2a: Kingambit
|
|upkeep
|turn|4
|inactive|tang de maracuja has 30 seconds left.
|inactive|ikerros2010 has 30 seconds left.
|
|t:|1785202362
|move|p1a: Kingambit|Low Kick|p2a: Kingambit
|-supereffective|p2a: Kingambit|2
|-enditem|p2a: Kingambit|Chople Berry|[eat]
|-enditem|p2a: Kingambit|Chople Berry|[weaken]
|-damage|p2a: Kingambit|27/100
|move|p2a: Kingambit|Low Kick|p1a: Kingambit
|-supereffective|p1a: Kingambit|2
|-damage|p1a: Kingambit|0 fnt
|faint|p1a: Kingambit
|move|p1b: Farigiraf|Psychic|p2b: Glimmora
|-supereffective|p2b: Glimmora|1
|-enditem|p2b: Glimmora|Focus Sash
|-damage|p2b: Glimmora|1/100
|move|p2b: Glimmora|Sludge Bomb|p1b: Farigiraf
|-crit|p1b: Farigiraf
|-damage|p1b: Farigiraf|0 fnt
|faint|p1b: Farigiraf
|
|upkeep
|
|t:|1785202367
|switch|p1a: Torkoal|Torkoal, L50, F|100/100
|-weather|SunnyDay|[from] ability: Drought|[of] p1a: Torkoal
|turn|5
|
|t:|1785202383
|move|p2b: Glimmora|Spiky Shield|p2b: Glimmora
|-singleturn|p2b: Glimmora|move: Protect
|move|p2a: Kingambit|Sucker Punch|p1a: Torkoal
|-damage|p1a: Torkoal|71/100
|move|p1a: Torkoal|Eruption|p2a: Kingambit|[spread] p2a
|-activate|p2b: Glimmora|move: Protect
|-supereffective|p2a: Kingambit|1
|-damage|p2a: Kingambit|0 fnt
|faint|p2a: Kingambit
|
|-weather|SunnyDay|[upkeep]
|-fieldend|move: Trick Room
|upkeep
|
|t:|1785202385
|switch|p2a: Staraptor|Staraptor-Mega, L50, M|75/100
|turn|6
|
|t:|1785202392
|move|p2a: Staraptor|Close Combat|p1a: Torkoal
|-damage|p1a: Torkoal|23/100
|-boost|p2a: Staraptor|def|1
|-boost|p2a: Staraptor|spd|1
|move|p2b: Glimmora|Power Gem|p1a: Torkoal
|-supereffective|p1a: Torkoal|1
|-damage|p1a: Torkoal|0 fnt
|faint|p1a: Torkoal
|
|win|tang de maracuja
|l|☆ikerros2010
|player|p1|
||ikerros2010 is ready for game 2.
||tang de maracuja is ready for game 2.
|uhtml|next|Next: Game 2 of 3
