|j|☆Daniw9
|j|☆Pauliii23
|html|Daniw9Pauliii23    
|uhtml|bestof|Game 3 of a best-of-3
|t:|1757000961
|gametype|doubles
|player|p1|Daniw9|102|1202
|player|p2|Pauliii23|smasher|1254
|gen|9
|tier|[Gen 9] VGC 2025 Reg H (Bo3)
|rated|
|rule|Species Clause: Limit one of each Pokémon
|rule|Item Clause: Limit 1 of each item
|clearpoke
|poke|p1|Garchomp, L50, M|
|poke|p1|Tyranitar, L50, F|
|poke|p1|Indeedee-F, L50, F|
|poke|p1|Gardevoir, L50, M|
|poke|p1|Sneasler, L50, F|
|poke|p1|Talonflame, L50, F|
|poke|p2|Archaludon, L50, F|
|poke|p2|Pelipper, L50, M|
|poke|p2|Basculegion, L50, M|
|poke|p2|Dragapult, L50, F|
|poke|p2|Ursaluna-Bloodmoon, L50, M|
|poke|p2|Whimsicott, L50, F|
|teampreview|4
|showteam|p1|Garchomp||ClearAmulet|SandVeil|Earthquake,StompingTantrum,Protect,DragonClaw|||M|||50|,,,,,Steel]Tyranitar||AssaultVest|SandStream|RockSlide,TeraBlast,KnockOff,LowKick|||F|||50|,,,,,Flying]Indeedee-F||SafetyGoggles|PsychicSurge|DazzlingGleam,TrickRoom,FollowMe,HelpingHand|||F|||50|,,,,,Water]Gardevoir||ChoiceScarf|Telepathy|IcyWind,Moonblast,ExpandingForce,MysticalFire|||M|||50|,,,,,Fire]Sneasler||PsychicSeed|Unburden|CloseCombat,DireClaw,Protect,ThroatChop|||F|||50|,,,,,Dark]Talonflame||CovertCloak|GaleWings|Tailwind,DualWingbeat,FlareBlitz,Taunt|||F|||50|,,,,,Flying
|showteam|p2|Archaludon||AssaultVest|Stamina|ElectroShot,FlashCannon,BodyPress,DracoMeteor|||F|||50|,,,,,Grass]Pelipper||FocusSash|Drizzle|Hurricane,WeatherBall,WideGuard,Tailwind|||M|||50|,,,,,Ghost]Basculegion||MysticWater|SwiftSwim|LastRespects,Protect,WaveCrash,AquaJet|||M|||50|,,,,,Water]Dragapult||ChoiceBand|ClearBody|DragonDarts,Outrage,PhantomForce,Uturn|||F|||50|,,,,,Dragon]Ursaluna-Bloodmoon||LifeOrb|MindsEye|HyperVoice,BloodMoon,EarthPower,Protect|||M|||50|,,,,,Grass]Whimsicott||CovertCloak|Prankster|Tailwind,Moonblast,Encore,BeatUp|||F|||50|,,,,,Water
|
|t:|1757000984
|teamsize|p1|4
|teamsize|p2|4
|start
|switch|p1a: Tyranitar|Tyranitar, L50, F|100/100
|switch|p1b: Gardevoir|Gardevoir, L50, M|100/100
|switch|p2a: PelipperLP|Pelipper, L50, M|100/100
|switch|p2b: Muddy|Basculegion, L50, M|100/100
|-weather|RainDance|[from] ability: Drizzle|[of] p2a: PelipperLP
|-weather|Sandstorm|[from] ability: Sand Stream|[of] p1a: Tyranitar
|turn|1
|
|t:|1757001011
|switch|p1a: Indeedee|Indeedee-F, L50, F|100/100
|-fieldstart|move: Psychic Terrain|[from] ability: Psychic Surge|[of] p1a: Indeedee
|-terastallize|p2b: Muddy|Water
|move|p2a: PelipperLP|Wide Guard|p2a: PelipperLP
|-singleturn|p2a: PelipperLP|Wide Guard
|move|p1b: Gardevoir|Expanding Force|p2b: Muddy|[spread] 
|-activate|p2a: PelipperLP|move: Wide Guard
|-activate|p2b: Muddy|move: Wide Guard
|move|p2b: Muddy|Wave Crash|p1b: Gardevoir
|-damage|p1b: Gardevoir|0 fnt
|faint|p1b: Gardevoir
|-damage|p2b: Muddy|77/100|[from] Recoil
|
|-weather|Sandstorm|[upkeep]
|-damage|p2b: Muddy|71/100|[from] Sandstorm
|-damage|p2a: PelipperLP|95/100|[from] Sandstorm
|upkeep
|
|t:|1757001021
|switch|p1b: Sneasler|Sneasler, L50, F|100/100
|-enditem|p1b: Sneasler|Psychic Seed
|-boost|p1b: Sneasler|spd|1|[from] item: Psychic Seed
|turn|2
|
|t:|1757001052
|switch|p2b: Privatsache|Archaludon, L50, F|100/100
|move|p1a: Indeedee|Follow Me|p1a: Indeedee
|-singleturn|p1a: Indeedee|move: Follow Me
|move|p1b: Sneasler|Dire Claw|p2a: PelipperLP
|-damage|p2a: PelipperLP|41/100
|move|p2a: PelipperLP|Tailwind|p2a: PelipperLP
|-sidestart|p2: Pauliii23|move: Tailwind
|
|-weather|Sandstorm|[upkeep]
|-damage|p1b: Sneasler|95/100|[from] Sandstorm
|-damage|p2a: PelipperLP|35/100|[from] Sandstorm
|upkeep
|turn|3
|
|t:|1757001080
|switch|p2a: Muddy|Basculegion, L50, M, tera:Water|71/100
|switch|p2b: Mittelalter|Dragapult, L50, F|100/100
|move|p1a: Indeedee|Follow Me|p1a: Indeedee
|-singleturn|p1a: Indeedee|move: Follow Me
|move|p1b: Sneasler|Close Combat|p2b: Mittelalter
|-immune|p2b: Mittelalter
|
|-weather|Sandstorm|[upkeep]
|-damage|p2b: Mittelalter|94/100|[from] Sandstorm
|-damage|p1b: Sneasler|89/100|[from] Sandstorm
|-damage|p2a: Muddy|65/100|[from] Sandstorm
|upkeep
|turn|4
|
|t:|1757001097
|move|p1a: Indeedee|Follow Me|p1a: Indeedee
|-singleturn|p1a: Indeedee|move: Follow Me
|move|p2b: Mittelalter|Dragon Darts|p1a: Indeedee
|-damage|p1a: Indeedee|64/100
|-anim|p2b: Mittelalter|Dragon Darts|p1a: Indeedee
|-damage|p1a: Indeedee|22/100
|move|p1b: Sneasler|Dire Claw|p2a: Muddy
|-damage|p2a: Muddy|11/100
|move|p2a: Muddy|Wave Crash|p1a: Indeedee
|-crit|p1a: Indeedee
|-damage|p1a: Indeedee|0 fnt
|faint|p1a: Indeedee
|-damage|p2a: Muddy|5/100|[from] Recoil
|
|-weather|Sandstorm|[upkeep]
|-damage|p2b: Mittelalter|88/100|[from] Sandstorm
|-damage|p1b: Sneasler|83/100|[from] Sandstorm
|-damage|p2a: Muddy|0 fnt|[from] Sandstorm
|faint|p2a: Muddy
|upkeep
|
|t:|1757001113
|switch|p2a: Privatsache|Archaludon, L50, F|100/100
|switch|p1a: Tyranitar|Tyranitar, L50, F|100/100
|turn|5
|
|t:|1757001129
|-terastallize|p1a: Tyranitar|Flying
|move|p2b: Mittelalter|Dragon Darts|p1a: Tyranitar
|-damage|p1a: Tyranitar|67/100
|-anim|p2b: Mittelalter|Dragon Darts|p1b: Sneasler
|-damage|p1b: Sneasler|15/100
|move|p1b: Sneasler|Close Combat|p2a: Privatsache
|-supereffective|p2a: Privatsache
|-crit|p2a: Privatsache
|-damage|p2a: Privatsache|0 fnt
|-unboost|p1b: Sneasler|def|1
|-unboost|p1b: Sneasler|spd|1
|faint|p2a: Privatsache
|move|p1a: Tyranitar|Knock Off|p2b: Mittelalter
|-supereffective|p2b: Mittelalter
|-damage|p2b: Mittelalter|0 fnt
|-enditem|p2b: Mittelalter|Choice Band|[from] move: Knock Off|[of] p1a: Tyranitar
|faint|p2b: Mittelalter
|
|-weather|none
|-sideend|p2: Pauliii23|move: Tailwind
|-fieldend|move: Psychic Terrain
|upkeep
|
|t:|1757001140
|switch|p2b: PelipperLP|Pelipper, L50, M|35/100
|-weather|RainDance|[from] ability: Drizzle|[of] p2b: PelipperLP
|turn|6
|
|t:|1757001150
|move|p1b: Sneasler|Dire Claw|p2b: PelipperLP
|-damage|p2b: PelipperLP|0 fnt
|faint|p2b: PelipperLP
|
|win|Daniw9
|raw|Daniw9's rating: 1202 → 1231(+29 for winning)
|raw|Pauliii23's rating: 1254 → 1225(-29 for losing)
|l|☆Pauliii23
|player|p2|
