|j|ŌśåLeafeon Main?
|j|ŌśåTijerben000
|html|Leafeon Main?Tijerben000    
|uhtml|bestof|Game 1 of a best-of-3
|t:|1785881815
|gametype|doubles
|player|p1|Leafeon Main?|cheryl|
|player|p2|Tijerben000|cheren-gen5bw2|
|gen|9
|tier|[Gen 9 Champions] VGC 2026 Reg M-B (Bo3)
|rule|Species Clause: Limit one of each Pok├®mon
|rule|Item Clause: Limit 1 of each item
|raw|1 custom rule: !Force Open Team Sheets
|clearpoke
|poke|p1|Gengar, L50, M|
|poke|p1|Ninetales-Alola, L50, M|
|poke|p1|Whimsicott, L50, M|
|poke|p1|Jolteon, L50, F|
|poke|p1|Politoed, L50, F|
|poke|p1|Leafeon, L50, M|
|poke|p2|Mawile, L50, M, shiny|
|poke|p2|Rotom-Wash, L50, shiny|
|poke|p2|Meowstic, L50, M, shiny|
|poke|p2|Toxicroak, L50, M, shiny|
|poke|p2|Starmie, L50, shiny|
|poke|p2|Staraptor, L50, M, shiny|
|teampreview|4
|j| yungsmokey
|c| yungsmokey|hello hello
|c|ŌśåTijerben000|what's gooooood
|c|ŌśåTijerben000|good luck my g
|c|ŌśåLeafeon Main?|gl hf!
|c|ŌśåTijerben000|you toooo
|c|ŌśåLeafeon Main?|I don't know what I was cooking with this
|c|ŌśåLeafeon Main?|this might be the worst team I've built yet
|c|ŌśåTijerben000|sorry my wife needs me super quick Ill be back in 2 mins sorry
|c|ŌśåLeafeon Main?|you're good
|c|ŌśåTijerben000|im back
|c|ŌśåTijerben000|wives
|c|ŌśåTijerben000|you can't live with em
|c|ŌśåLeafeon Main?|PFFFFT
|
|t:|1785882037
|teamsize|p1|4
|teamsize|p2|4
|start
|switch|p1a: Rogue|Whimsicott, L50, M|100/100
|switch|p1b: Wizard|Jolteon, L50, F|100/100
|switch|p2a: Mawile|Mawile, L50, M, shiny|100/100
|switch|p2b: Meowstic|Meowstic, L50, M, shiny|100/100
|turn|1
|
|t:|1785882071
|detailschange|p2a: Mawile|Mawile-Mega, L50, M, shiny
|-mega|p2a: Mawile|Mawile|Mawilite
|move|p1a: Rogue|Sunny Day|p1a: Rogue
|-weather|SunnyDay
|move|p2b: Meowstic|Light Screen|p2b: Meowstic
|-sidestart|p2: Tijerben000|move: Light Screen
|move|p1b: Wizard|Weather Ball|p2a: Mawile
|-supereffective|p2a: Mawile|1
|-damage|p2a: Mawile|26/100
|move|p2a: Mawile|Play Rough|p1b: Wizard
|-enditem|p1b: Wizard|Focus Sash
|-damage|p1b: Wizard|1/100
|
|-weather|SunnyDay|[upkeep]
|upkeep
|turn|2
|
|t:|1785882087
|move|p1a: Rogue|Encore|p2b: Meowstic
|-start|p2b: Meowstic|Encore
|move|p2b: Meowstic|Light Screen||[still]
|-fail|p2b: Meowstic
|move|p2a: Mawile|Sucker Punch|p1b: Wizard
|-damage|p1b: Wizard|0 fnt
|faint|p1b: Wizard
|
|-weather|SunnyDay|[upkeep]
|upkeep
|
|t:|1785882098
|switch|p1b: Druid|Leafeon, L50, M|100/100
|turn|3
|
|t:|1785882105
|switch|p2b: Toxicroak|Toxicroak, L50, M, shiny|100/100
|move|p2a: Mawile|Protect|p2a: Mawile
|-singleturn|p2a: Mawile|Protect
|move|p1b: Druid|Knock Off|p2b: Toxicroak
|-resisted|p2b: Toxicroak|1
|-damage|p2b: Toxicroak|65/100
|-enditem|p2b: Toxicroak|Focus Sash|[from] move: Knock Off|[of] p1b: Druid
|-damage|p1b: Druid|90/100|[from] item: Life Orb
|move|p1a: Rogue|Moonblast|p2a: Mawile
|-activate|p2a: Mawile|move: Protect
|
|-weather|SunnyDay|[upkeep]
|-damage|p2b: Toxicroak|53/100|[from] ability: Dry Skin|[of] p2b: Toxicroak
|upkeep
|turn|4
|
|t:|1785882125
|move|p1a: Rogue|Encore|p2a: Mawile
|-start|p2a: Mawile|Encore
|move|p2a: Mawile|Protect||[still]
|-fail|p2a: Mawile
|move|p1b: Druid|Solar Blade||[still]
|-prepare|p1b: Druid|Solar Blade
|-anim|p1b: Druid|Solar Blade|p2b: Toxicroak
|-resisted|p2b: Toxicroak|1
|-damage|p2b: Toxicroak|0 fnt
|faint|p2b: Toxicroak
|-damage|p1b: Druid|80/100|[from] item: Life Orb
|
|-weather|SunnyDay|[upkeep]
|upkeep
|c|ŌśåTijerben000|that's fuckin dastardly
|
|t:|1785882142
|switch|p2b: Meowstic|Meowstic, L50, M, shiny|100/100
|turn|5
|
|t:|1785882155
|move|p2a: Mawile|Protect|p2a: Mawile
|-singleturn|p2a: Mawile|Protect
|move|p2b: Meowstic|Thunder Wave|p1b: Druid
|-status|p1b: Druid|par
|move|p1a: Rogue|Moonblast|p2a: Mawile
|-activate|p2a: Mawile|move: Protect
|move|p1b: Druid|Knock Off|p2b: Meowstic
|-supereffective|p2b: Meowstic|1
|-damage|p2b: Meowstic|0 fnt
|-enditem|p2b: Meowstic|Light Clay|[from] move: Knock Off|[of] p1b: Druid
|faint|p2b: Meowstic
|-damage|p1b: Druid|70/100 par|[from] item: Life Orb
|
|-weather|none
|upkeep
|
|t:|1785882168
|switch|p2b: Rotom|Rotom-Wash, L50, shiny|100/100
|turn|6
|
|t:|1785882176
|move|p2b: Rotom|Protect|p2b: Rotom
|-singleturn|p2b: Rotom|Protect
|move|p1b: Druid|Protect|p1b: Druid
|-singleturn|p1b: Druid|Protect
|move|p2a: Mawile|Protect||[still]
|-fail|p2a: Mawile
|move|p1a: Rogue|Sunny Day|p1a: Rogue
|-weather|SunnyDay
|
|-weather|SunnyDay|[upkeep]
|-end|p2a: Mawile|Encore
|upkeep
|turn|7
|
|t:|1785882191
|move|p1a: Rogue|Encore|p2a: Mawile
|-start|p2a: Mawile|Encore
|move|p2a: Mawile|Protect|p2a: Mawile
|-singleturn|p2a: Mawile|Protect
|move|p1b: Druid|Solar Blade||[still]
|-prepare|p1b: Druid|Solar Blade
|-anim|p1b: Druid|Solar Blade|p2b: Rotom
|-supereffective|p2b: Rotom|1
|-damage|p2b: Rotom|0 fnt
|faint|p2b: Rotom
|-damage|p1b: Druid|60/100 par|[from] item: Life Orb
|
|-weather|SunnyDay|[upkeep]
|upkeep
|turn|8
|c|ŌśåTijerben000|holy shit, ran through
|
|t:|1785882212
|move|p2a: Mawile|Protect|p2a: Mawile
|-singleturn|p2a: Mawile|Protect
|move|p1a: Rogue|Moonblast|p2a: Mawile
|-activate|p2a: Mawile|move: Protect
|move|p1b: Druid|Solar Blade||[still]
|-prepare|p1b: Druid|Solar Blade
|-anim|p1b: Druid|Solar Blade|p2a: Mawile
|-activate|p2a: Mawile|move: Protect
|
|-weather|SunnyDay|[upkeep]
|-sideend|p2: Tijerben000|move: Light Screen
|upkeep
|turn|9
|
|t:|1785882225
|move|p1a: Rogue|Protect|p1a: Rogue
|-singleturn|p1a: Rogue|Protect
|move|p2a: Mawile|Protect||[still]
|-fail|p2a: Mawile
|move|p1b: Druid|Solar Blade||[still]
|-prepare|p1b: Druid|Solar Blade
|-anim|p1b: Druid|Solar Blade|p2a: Mawile
|-resisted|p2a: Mawile|1
|-damage|p2a: Mawile|0 fnt
|faint|p2a: Mawile
|-damage|p1b: Druid|50/100g par|[from] item: Life Orb
|
|win|Leafeon Main?
||Leafeon Main? is ready for game 2.
||Tijerben000 is ready for game 2.
|uhtml|next|Next: Game 2 of 3
