|j|☆Liney stiney
|j|☆axcoquette
|html|Liney stineyaxcoquette    
|uhtml|bestof|Game 1 of a best-of-3
|t:|1783305449
|gametype|doubles
|player|p1|Liney stiney|170|1111
|player|p2|axcoquette|maid|1154
|gen|9
|tier|[Gen 9 Champions] VGC 2026 Reg M-B (Bo3)
|rated|
|rule|Species Clause: Limit one of each Pokémon
|rule|Item Clause: Limit 1 of each item
|clearpoke
|poke|p1|Altaria, L50, F, shiny|
|poke|p1|Aromatisse, L50, F, shiny|
|poke|p1|Heliolisk, L50, F|
|poke|p1|Swampert, L50, F|
|poke|p1|Arcanine-Hisui, L50, F, shiny|
|poke|p1|Glimmora, L50, F, shiny|
|poke|p2|Delphox, L50, M|
|poke|p2|Sneasler, L50, M|
|poke|p2|Sinistcha, L50|
|poke|p2|Incineroar, L50, F|
|poke|p2|Kingambit, L50, M|
|poke|p2|Floette-Eternal, L50, F|
|teampreview|4
|showteam|p1|Altaria||Altarianite|CloudNine|Protect,CottonGuard,HyperVoice,FireBlast|Calm||F|||50|]Aromatisse||BabiriBerry|AromaVeil|TrickRoom,Protect,SweetScent,Hypnosis|Relaxed||F|||50|]Heliolisk||FocusSash|DrySkin|Protect,Thunder,Electrify,RainDance|Mild||F|||50|]Swampert||Swampertite|Damp|WaveCrash,StoneEdge,Protect,HighHorsepower|Brave||F|||50|]Arcanine-Hisui||LifeOrb|RockHead|HeadSmash,FlareBlitz,Protect,StoneEdge|Lonely||F|||50|]Glimmora||ShucaBerry|Corrosion|AcidArmor,EarthPower,SludgeBomb,Protect|Modest||F|||50|
|showteam|p2|Delphox||Delphoxite|Blaze|Protect,NastyPlot,HeatWave,Psychic|Timid||M|||50|]Sneasler||FocusSash|Unburden|Protect,FakeOut,DireClaw,CloseCombat|Jolly||M|||50|]Sinistcha||KasibBerry|Hospitality|Protect,RagePowder,MatchaGotcha,LifeDew|Bold|||||50|]Incineroar||SitrusBerry|Intimidate|FakeOut,FlareBlitz,HelpingHand,PartingShot|Careful||F|||50|]Kingambit||BlackGlasses|Defiant|KowtowCleave,SwordsDance,SuckerPunch,Protect|Adamant||M|||50|]Floette-Eternal||Floettite|FlowerVeil|Moonblast,DazzlingGleam,CalmMind,Protect|Modest||F|||50|
|inactive|Battle timer is ON: inactive players will automatically lose when time's up. (requested by axcoquette)
|inactive|axcoquette has 60 seconds left.
|
|t:|1783305500
|teamsize|p1|4
|teamsize|p2|4
|start
|switch|p1a: Aromatisse|Aromatisse, L50, F, shiny|100/100
|switch|p1b: Arcanine|Arcanine-Hisui, L50, F, shiny|100/100
|switch|p2a: Sneasler|Sneasler, L50, M|100/100
|switch|p2b: Delphox|Delphox, L50, M|100/100
|turn|1
|inactive|axcoquette has 30 seconds left.
|
|t:|1783305531
|switch|p2b: Incineroar|Incineroar, L50, F|100/100
|-ability|p2b: Incineroar|Intimidate|boost
|-unboost|p1a: Aromatisse|atk|1
|-unboost|p1b: Arcanine|atk|1
|move|p1b: Arcanine|Protect|p1b: Arcanine
|-singleturn|p1b: Arcanine|Protect
|move|p2a: Sneasler|Dire Claw|p1a: Aromatisse
|-supereffective|p1a: Aromatisse|1
|-damage|p1a: Aromatisse|29/100
|-status|p1a: Aromatisse|slp
|cant|p1a: Aromatisse|slp
|
|upkeep
|turn|2
|inactive|Liney stiney has 30 seconds left.
|inactive|axcoquette has 30 seconds left.
|inactive|Liney stiney has 20 seconds left.
|inactive|Liney stiney has 15 seconds left.
|
|t:|1783305572
|-curestatus|p1a: Aromatisse|slp|[msg]
|move|p1a: Aromatisse|Protect|p1a: Aromatisse
|-singleturn|p1a: Aromatisse|Protect
|move|p2a: Sneasler|Close Combat|p1b: Arcanine
|-supereffective|p1b: Arcanine|1
|-damage|p1b: Arcanine|0 fnt
|-unboost|p2a: Sneasler|def|1
|-unboost|p2a: Sneasler|spd|1
|faint|p1b: Arcanine
|move|p2b: Incineroar|Flare Blitz|p1a: Aromatisse
|-activate|p1a: Aromatisse|move: Protect
|
|upkeep
|
|t:|1783305591
|switch|p1b: Heliolisk|Heliolisk, L50, F|100/100
|turn|3
|
|t:|1783305604
|move|p1b: Heliolisk|Protect|p1b: Heliolisk
|-singleturn|p1b: Heliolisk|Protect
|move|p2a: Sneasler|Dire Claw|p1a: Aromatisse
|-supereffective|p1a: Aromatisse|1
|-damage|p1a: Aromatisse|0 fnt
|faint|p1a: Aromatisse
|move|p2b: Incineroar|Parting Shot|p1b: Heliolisk
|-activate|p1b: Heliolisk|move: Protect
|
|upkeep
|
|t:|1783305614
|switch|p1a: Swampert|Swampert, L50, F|100/100
|turn|4
|
|t:|1783305637
|detailschange|p1a: Swampert|Swampert-Mega, L50, F
|-mega|p1a: Swampert|Swampert|Swampertite
|move|p2b: Incineroar|Helping Hand|p2a: Sneasler
|-singleturn|p2a: Sneasler|Helping Hand|[of] p2b: Incineroar
|move|p2a: Sneasler|Close Combat|p1a: Swampert
|-damage|p1a: Swampert|28/100
|-unboost|p2a: Sneasler|def|1
|-unboost|p2a: Sneasler|spd|1
|move|p1b: Heliolisk|Rain Dance|p1b: Heliolisk
|-weather|RainDance
|move|p1a: Swampert|Wave Crash|p2b: Incineroar
|-supereffective|p2b: Incineroar|1
|-damage|p2b: Incineroar|0 fnt
|faint|p2b: Incineroar
|-damage|p1a: Swampert|0 fnt|[from] Recoil
|faint|p1a: Swampert
|
|-weather|RainDance|[upkeep]
|upkeep
|
|t:|1783305652
|switch|p2b: Delphox|Delphox, L50, M|100/100
|turn|5
|
|t:|1783305659
|move|p2a: Sneasler|Close Combat|p1b: Heliolisk
|-supereffective|p1b: Heliolisk|1
|-enditem|p1b: Heliolisk|Focus Sash
|-damage|p1b: Heliolisk|1/100
|-unboost|p2a: Sneasler|def|1
|-unboost|p2a: Sneasler|spd|1
|move|p2b: Delphox|Psychic|p1b: Heliolisk
|-damage|p1b: Heliolisk|0 fnt
|faint|p1b: Heliolisk
|
|win|axcoquette
