|j|☆Dawsonschris
|j|☆washingtongargacha
|html|Dawsonschriswashingtongargacha    
|uhtml|bestof|Game 2 of a best-of-3
|t:|1757195302
|gametype|doubles
|player|p1|Dawsonschris|artist-gen4|1185
|player|p2|washingtongargacha|169|1167
|gen|9
|tier|[Gen 9] VGC 2025 Reg H (Bo3)
|rated|
|rule|Species Clause: Limit one of each Pokémon
|rule|Item Clause: Limit 1 of each item
|clearpoke
|poke|p1|Ursaluna-Bloodmoon, L50, M|
|poke|p1|Electabuzz, L50, M|
|poke|p1|Sneasler, L50, F|
|poke|p1|Indeedee, L50, M|
|poke|p1|Whimsicott, L50, F|
|poke|p1|Typhlosion-Hisui, L50, F|
|poke|p2|Talonflame, L50, M|
|poke|p2|Gholdengo, L50|
|poke|p2|Dragonite, L50, F|
|poke|p2|Archaludon, L50, M|
|poke|p2|Tyranitar, L50, F|
|poke|p2|Garchomp, L50, M|
|teampreview|4
|showteam|p1|Ursaluna-Bloodmoon||LifeOrb|MindsEye|Protect,BloodMoon,EarthPower,HyperVoice|||M|||50|,,,,,Normal]Electabuzz||Eviolite|VitalSpirit|FollowMe,Taunt,Electroweb,Protect|||M|||50|,,,,,Dragon]Sneasler||PsychicSeed|Unburden|ThroatChop,DireClaw,CloseCombat,Protect|||F|||50|,,,,,Dark]Indeedee||FocusSash|PsychicSurge|ExpandingForce,TrickRoom,HelpingHand,Protect|||M|||50|,,,,,Psychic]Whimsicott||CovertCloak|Prankster|Tailwind,Moonblast,Encore,SunnyDay|||F|||50|,,,,,Ghost]Typhlosion-Hisui||ChoiceSpecs|Blaze|Eruption,HeatWave,ShadowBall,Flamethrower|||F|||50|,,,,,Fire
|showteam|p2|Talonflame||CovertCloak|GaleWings|Tailwind,DualWingbeat,Taunt,FlareBlitz|||M|||50|,,,,,Ghost]Gholdengo||ChoiceSpecs|GoodasGold|MakeItRain,SteelBeam,ShadowBall,PowerGem||||||50|,,,,,Flying]Dragonite||LoadedDice|Multiscale|ScaleShot,IceSpinner,Haze,Protect|||F|||50|,,,,,Steel]Archaludon||PowerHerb|Sturdy|FlashCannon,ElectroShot,DracoMeteor,Protect|||M|||50|,,,,,Flying]Tyranitar||AssaultVest|SandStream|KnockOff,RockSlide,TeraBlast,LowKick|||F|||50|,,,,,Flying]Garchomp||LifeOrb|RoughSkin|DragonClaw,StompingTantrum,Earthquake,Protect|||M|||50|,,,,,Steel
|
|t:|1757195320
|teamsize|p1|4
|teamsize|p2|4
|start
|switch|p1a: Electabuzz|Electabuzz, L50, M|100/100
|switch|p1b: Ursaluna|Ursaluna-Bloodmoon, L50, M|100/100
|switch|p2a: Talonflame|Talonflame, L50, M|100/100
|switch|p2b: Gholdengo|Gholdengo, L50|100/100
|turn|1
|
|t:|1757195341
|-terastallize|p2b: Gholdengo|Flying
|move|p1b: Ursaluna|Protect|p1b: Ursaluna
|-singleturn|p1b: Ursaluna|Protect
|move|p2a: Talonflame|Taunt|p1a: Electabuzz
|-start|p1a: Electabuzz|move: Taunt
|move|p1a: Electabuzz|Electroweb|p2b: Gholdengo|[spread] p2a,p2b
|-supereffective|p2a: Talonflame
|-supereffective|p2b: Gholdengo
|-damage|p2a: Talonflame|64/100
|-damage|p2b: Gholdengo|66/100
|-unboost|p2b: Gholdengo|spe|1
|move|p2b: Gholdengo|Make It Rain|p1b: Ursaluna|[spread] p1a
|-activate|p1b: Ursaluna|move: Protect
|-resisted|p1a: Electabuzz
|-damage|p1a: Electabuzz|65/100
|-unboost|p2b: Gholdengo|spa|1
|
|upkeep
|turn|2
|
|t:|1757195370
|move|p2a: Talonflame|Tailwind|p2a: Talonflame
|-sidestart|p2: washingtongargacha|move: Tailwind
|move|p2b: Gholdengo|Make It Rain|p1a: Electabuzz|[spread] p1a,p1b
|-resisted|p1a: Electabuzz
|-damage|p1a: Electabuzz|44/100
|-damage|p1b: Ursaluna|32/100
|-unboost|p2b: Gholdengo|spa|1
|move|p1a: Electabuzz|Electroweb|p2a: Talonflame|[spread] p2a,p2b
|-supereffective|p2a: Talonflame
|-supereffective|p2b: Gholdengo
|-damage|p2a: Talonflame|30/100
|-damage|p2b: Gholdengo|33/100
|-unboost|p2b: Gholdengo|spe|1
|move|p1b: Ursaluna|Hyper Voice|p2b: Gholdengo|[spread] p2a,p2b
|-damage|p2a: Talonflame|0 fnt
|-damage|p2b: Gholdengo|0 fnt
|faint|p2a: Talonflame
|faint|p2b: Gholdengo
|-damage|p1b: Ursaluna|22/100|[from] item: Life Orb
|
|upkeep
|
|t:|1757195387
|switch|p2a: Garchomp|Garchomp, L50, M|100/100
|switch|p2b: Tyranitar|Tyranitar, L50, F|100/100
|-weather|Sandstorm|[from] ability: Sand Stream|[of] p2b: Tyranitar
|turn|3
|
|t:|1757195410
|move|p1b: Ursaluna|Protect|p1b: Ursaluna
|-singleturn|p1b: Ursaluna|Protect
|move|p2a: Garchomp|Stomping Tantrum|p1a: Electabuzz
|-supereffective|p1a: Electabuzz
|-damage|p1a: Electabuzz|0 fnt
|faint|p1a: Electabuzz
|-damage|p2a: Garchomp|91/100|[from] item: Life Orb
|move|p2b: Tyranitar|Low Kick|p1b: Ursaluna
|-activate|p1b: Ursaluna|move: Protect
|
|-weather|Sandstorm|[upkeep]
|upkeep
|
|t:|1757195423
|switch|p1a: Whimsicott|Whimsicott, L50, F|100/100
|turn|4
|
|t:|1757195445
|move|p1b: Ursaluna|Protect|p1b: Ursaluna
|-singleturn|p1b: Ursaluna|Protect
|move|p1a: Whimsicott|Sunny Day|p1a: Whimsicott
|-weather|SunnyDay
|move|p2a: Garchomp|Stomping Tantrum|p1a: Whimsicott
|-resisted|p1a: Whimsicott
|-damage|p1a: Whimsicott|65/100
|-damage|p2a: Garchomp|81/100|[from] item: Life Orb
|move|p2b: Tyranitar|Low Kick|p1b: Ursaluna
|-activate|p1b: Ursaluna|move: Protect
|
|-weather|SunnyDay|[upkeep]
|upkeep
|turn|5
|
|t:|1757195467
|move|p1a: Whimsicott|Tailwind|p1a: Whimsicott
|-sidestart|p1: Dawsonschris|move: Tailwind
|move|p2a: Garchomp|Stomping Tantrum|p1a: Whimsicott
|-resisted|p1a: Whimsicott
|-damage|p1a: Whimsicott|30/100
|-damage|p2a: Garchomp|71/100|[from] item: Life Orb
|move|p2b: Tyranitar|Low Kick|p1b: Ursaluna
|-supereffective|p1b: Ursaluna
|-damage|p1b: Ursaluna|0 fnt
|faint|p1b: Ursaluna
|
|-weather|SunnyDay|[upkeep]
|-sideend|p2: washingtongargacha|move: Tailwind
|upkeep
|
|t:|1757195479
|switch|p1b: Typhlosion|Typhlosion-Hisui, L50, F|100/100
|turn|6
|
|t:|1757195490
|-terastallize|p1b: Typhlosion|Fire
|move|p1a: Whimsicott|Moonblast|p2b: Tyranitar
|-supereffective|p2b: Tyranitar
|-damage|p2b: Tyranitar|65/100
|move|p1b: Typhlosion|Eruption|p2a: Garchomp|[spread] p2a,p2b
|-resisted|p2a: Garchomp
|-resisted|p2b: Tyranitar
|-damage|p2a: Garchomp|0 fnt
|-damage|p2b: Tyranitar|20/100
|faint|p2a: Garchomp
|move|p2b: Tyranitar|Rock Slide|p1a: Whimsicott|[spread] p1a,p1b
|-crit|p1a: Whimsicott
|-supereffective|p1b: Typhlosion
|-damage|p1a: Whimsicott|0 fnt
|-damage|p1b: Typhlosion|7/100
|faint|p1a: Whimsicott
|
|-weather|SunnyDay|[upkeep]
|upkeep
|turn|7
|
|t:|1757195507
|move|p1b: Typhlosion|Eruption|p2b: Tyranitar
|-resisted|p2b: Tyranitar
|-damage|p2b: Tyranitar|12/100
|move|p2b: Tyranitar|Knock Off|p1b: Typhlosion
|-damage|p1b: Typhlosion|0 fnt
|-enditem|p1b: Typhlosion|Choice Specs|[from] move: Knock Off|[of] p2b: Tyranitar
|faint|p1b: Typhlosion
|
|win|washingtongargacha
||washingtongargacha is ready for game 3.
