|j|☆mjs_12
|j|☆Pinoitaliano
|html|mjs_12Pinoitaliano    
|uhtml|bestof|Game 2 of a best-of-3
|t:|1756566482
|gametype|doubles
|player|p1|mjs_12|102|1048
|player|p2|Pinoitaliano|rika|1059
|gen|9
|tier|[Gen 9] VGC 2025 Reg H (Bo3)
|rated|
|rule|Species Clause: Limit one of each Pokémon
|rule|Item Clause: Limit 1 of each item
|clearpoke
|poke|p1|Tyranitar, L50, F|
|poke|p1|Kommo-o, L50, F|
|poke|p1|Sinistcha, L50|
|poke|p1|Talonflame, L50, M|
|poke|p1|Annihilape, L50, F|
|poke|p1|Ursaluna-Bloodmoon, L50, M|
|poke|p2|Volbeat, L50, M|
|poke|p2|Primarina, L50, M|
|poke|p2|Espathra, L50, M|
|poke|p2|Typhlosion-Hisui, L50, F|
|poke|p2|Indeedee-F, L50, F|
|poke|p2|Archaludon, L50, M|
|teampreview|4
|showteam|p1|Tyranitar||AssaultVest|SandStream|RockSlide,KnockOff,HeavySlam,Snarl|||F|||50|,,,,,Ghost]Kommo-o||ThroatSpray|Overcoat|ClangorousSoul,ClangingScales,AuraSphere,Protect|||F|||50|,,,,,Fire]Sinistcha||RockyHelmet|Hospitality|StrengthSap,RagePowder,MatchaGotcha,Protect||||||50|,,,,,Dark]Talonflame||MentalHerb|GaleWings|Tailwind,BraveBird,FlareBlitz,FlameCharge|||M|||50|,,,,,Ghost]Annihilape||ChoiceScarf|Defiant|FinalGambit,Coaching,RageFist,Uturn|||F|||50|,,,,,Fire]Ursaluna-Bloodmoon||CovertCloak|MindsEye|HyperVoice,BloodMoon,EarthPower,Protect|||M|||50|,,,,,Normal
|showteam|p2|Volbeat||CobaBerry|Prankster|Encore,SunnyDay,Tailwind,RainDance|||M|||50|,,,,,Dark]Primarina||ChoiceSpecs|LiquidVoice|HyperVoice,WeatherBall,DazzlingGleam,Moonblast|||M|||50|,,,,,Steel]Espathra||FocusSash|SpeedBoost|Protect,LuminaCrash,ExpandingForce,DazzlingGleam|||M|||50|,,,,,Psychic]Typhlosion-Hisui||Charcoal|Blaze|Eruption,Protect,ShadowBall,Flamethrower|||F|||50|,,,,,Fire]Indeedee-F||SafetyGoggles|PsychicSurge|FollowMe,HyperVoice,TrickRoom,Imprison|||F|||50|,,,,,Fairy]Archaludon||PowerHerb|Stamina|Protect,ElectroShot,AuraSphere,DragonPulse|||M|||50|,,,,,Grass
|inactive|Battle timer is ON: inactive players will automatically lose when time's up. (requested by Pinoitaliano)
|
|t:|1756566497
|teamsize|p1|4
|teamsize|p2|4
|start
|switch|p1a: Kommo-o|Kommo-o, L50, F|100/100
|switch|p1b: Annihilape|Annihilape, L50, F|100/100
|switch|p2a: Volbeat|Volbeat, L50, M|100/100
|switch|p2b: Primarina|Primarina, L50, M|100/100
|turn|1
|inactive|Pinoitaliano has 30 seconds left.
|inactive|Pinoitaliano has 20 seconds left.
|
|t:|1756566536
|move|p2a: Volbeat|Tailwind|p2a: Volbeat
|-sidestart|p2: Pinoitaliano|move: Tailwind
|move|p2b: Primarina|Moonblast|p1b: Annihilape
|-supereffective|p1b: Annihilape
|-damage|p1b: Annihilape|0 fnt
|faint|p1b: Annihilape
|move|p1a: Kommo-o|Clangorous Soul|p1a: Kommo-o
|-boost|p1a: Kommo-o|atk|1
|-boost|p1a: Kommo-o|def|1
|-boost|p1a: Kommo-o|spa|1
|-boost|p1a: Kommo-o|spd|1
|-boost|p1a: Kommo-o|spe|1
|-damage|p1a: Kommo-o|68/100
|-enditem|p1a: Kommo-o|Throat Spray
|-boost|p1a: Kommo-o|spa|1|[from] item: Throat Spray
|
|upkeep
|
|t:|1756566545
|switch|p1b: Talonflame|Talonflame, L50, M|100/100
|turn|2
|
|t:|1756566567
|-terastallize|p1a: Kommo-o|Fire
|move|p2a: Volbeat|Encore|p1a: Kommo-o
|-start|p1a: Kommo-o|Encore
|move|p1b: Talonflame|Tailwind|p1b: Talonflame
|-sidestart|p1: mjs_12|move: Tailwind
|move|p1a: Kommo-o|Clangorous Soul|p1a: Kommo-o
|-boost|p1a: Kommo-o|atk|1
|-boost|p1a: Kommo-o|def|1
|-boost|p1a: Kommo-o|spa|1
|-boost|p1a: Kommo-o|spd|1
|-boost|p1a: Kommo-o|spe|1
|-damage|p1a: Kommo-o|36/100
|move|p2b: Primarina|Moonblast|p1b: Talonflame
|-resisted|p1b: Talonflame
|-damage|p1b: Talonflame|44/100
|
|upkeep
|turn|3
|
|t:|1756566587
|switch|p1b: Sinistcha|Sinistcha, L50|100/100
|-heal|p1a: Kommo-o|60/100|[from] ability: Hospitality|[of] p1b: Sinistcha
|move|p2a: Volbeat|Encore||[still]
|-fail|p2a: Volbeat
|move|p1a: Kommo-o|Clangorous Soul|p1a: Kommo-o
|-boost|p1a: Kommo-o|atk|1
|-boost|p1a: Kommo-o|def|1
|-boost|p1a: Kommo-o|spa|1
|-boost|p1a: Kommo-o|spd|1
|-boost|p1a: Kommo-o|spe|1
|-damage|p1a: Kommo-o|28/100
|move|p2b: Primarina|Moonblast|p1a: Kommo-o
|-resisted|p1a: Kommo-o
|-damage|p1a: Kommo-o|13/100
|
|upkeep
|turn|4
|
|t:|1756566609
|move|p1b: Sinistcha|Rage Powder|p1b: Sinistcha
|-singleturn|p1b: Sinistcha|move: Rage Powder
|move|p2a: Volbeat|Rain Dance|p2a: Volbeat
|-weather|RainDance
|move|p1a: Kommo-o|Clangorous Soul||[still]
|-fail|p1a: Kommo-o
|move|p2b: Primarina|Moonblast|p1b: Sinistcha
|-damage|p1b: Sinistcha|17/100
|
|-weather|RainDance|[upkeep]
|-end|p1a: Kommo-o|Encore
|-sideend|p2: Pinoitaliano|move: Tailwind
|upkeep
|turn|5
|
|t:|1756566624
|move|p1b: Sinistcha|Rage Powder|p1b: Sinistcha
|-singleturn|p1b: Sinistcha|move: Rage Powder
|move|p2a: Volbeat|Encore|p1b: Sinistcha
|-start|p1b: Sinistcha|Encore
|move|p1a: Kommo-o|Clanging Scales|p2a: Volbeat|[spread] p2a
|-immune|p2b: Primarina
|-damage|p2a: Volbeat|9/100
|-unboost|p1a: Kommo-o|def|1
|move|p2b: Primarina|Moonblast|p1b: Sinistcha
|-damage|p1b: Sinistcha|0 fnt
|faint|p1b: Sinistcha
|
|-weather|RainDance|[upkeep]
|-sideend|p1: mjs_12|move: Tailwind
|upkeep
|
|t:|1756566634
|switch|p1b: Talonflame|Talonflame, L50, M|44/100
|turn|6
|
|t:|1756566645
|move|p1a: Kommo-o|Protect|p1a: Kommo-o
|-singleturn|p1a: Kommo-o|Protect
|move|p2a: Volbeat|Tailwind|p2a: Volbeat
|-sidestart|p2: Pinoitaliano|move: Tailwind
|move|p2b: Primarina|Moonblast|p1a: Kommo-o
|-activate|p1a: Kommo-o|move: Protect
|move|p1b: Talonflame|Flame Charge|p2a: Volbeat
|-supereffective|p2a: Volbeat
|-damage|p2a: Volbeat|0 fnt
|-boost|p1b: Talonflame|spe|1
|faint|p2a: Volbeat
|
|-weather|RainDance|[upkeep]
|upkeep
|
|t:|1756566666
|switch|p2a: Archaludon|Archaludon, L50, M|100/100
|turn|7
|
|t:|1756566677
|move|p2a: Archaludon|Protect|p2a: Archaludon
|-singleturn|p2a: Archaludon|Protect
|move|p1a: Kommo-o|Aura Sphere|p2a: Archaludon
|-activate|p2a: Archaludon|move: Protect
|move|p1b: Talonflame|Tailwind|p1b: Talonflame
|-sidestart|p1: mjs_12|move: Tailwind
|move|p2b: Primarina|Moonblast|p1a: Kommo-o
|-resisted|p1a: Kommo-o
|-damage|p1a: Kommo-o|0 fnt
|faint|p1a: Kommo-o
|
|-weather|RainDance|[upkeep]
|upkeep
|turn|8
|-message|mjs_12 forfeited.
|
|win|Pinoitaliano
|raw|mjs_12's rating: 1048 → 1031(-17 for losing)
|raw|Pinoitaliano's rating: 1059 → 1089(+30 for winning)
|l|☆mjs_12
|player|p1|
