|j|☆dambro222
|j|☆enyelvgc
|html|dambro222enyelvgc    
|uhtml|bestof|Game 3 of a best-of-3
|t:|1757233511
|gametype|doubles
|player|p1|dambro222|ethan|1109
|player|p2|enyelvgc|2|1118
|gen|9
|tier|[Gen 9] VGC 2025 Reg H (Bo3)
|rated|
|rule|Species Clause: Limit one of each Pokémon
|rule|Item Clause: Limit 1 of each item
|clearpoke
|poke|p1|Dragonite, L50, M|
|poke|p1|Volcarona, L50, F|
|poke|p1|Sneasler, L50, M|
|poke|p1|Rillaboom, L50, M|
|poke|p1|Electabuzz, L50, M|
|poke|p1|Kingambit, L50, M|
|poke|p2|Kingambit, L50, F|
|poke|p2|Pelipper, L50, F|
|poke|p2|Basculegion, L50, M|
|poke|p2|Maushold, L50|
|poke|p2|Archaludon, L50, F|
|poke|p2|Dragonite, L50, M|
|teampreview|4
|showteam|p1|Dragonite||LoadedDice|Multiscale|ScaleShot,ExtremeSpeed,Haze,Protect|||M|||50|,,,,,Fairy]Volcarona||CovertCloak|FlameBody|HeatWave,TeraBlast,QuiverDance,Protect|||F|||50|,,,,,Fairy]Sneasler||FocusSash|Unburden|CloseCombat,DireClaw,RainDance,Protect|||M|||50|,,,,,Stellar]Rillaboom||AssaultVest|GrassySurge|WoodHammer,GrassyGlide,HighHorsepower,FakeOut|||M|||50|,,,,,Water]Electabuzz||Eviolite|VitalSpirit|Electroweb,FollowMe,Taunt,Protect|||M|||50|,,,,,Ghost]Kingambit||BlackGlasses|Defiant|KowtowCleave,SuckerPunch,SwordsDance,Protect|||M|||50|,,,,,Dark
|showteam|p2|Kingambit||LifeOrb|Defiant|SuckerPunch,IronHead,KowtowCleave,Protect|||F|||50|,,,,,Bug]Pelipper||FocusSash|Drizzle|Hurricane,WeatherBall,Tailwind,Protect|||F|||50|,,,,,Ghost]Basculegion||ClearAmulet|SwiftSwim|Protect,WaveCrash,AquaJet,LastRespects|||M|||50|,,,,,Water]Maushold||WideLens|Technician|PopulationBomb,Encore,Taunt,Protect||||||50|,,,,,Ghost]Archaludon||AssaultVest|Stamina|ElectroShot,DragonPulse,FlashCannon,BodyPress|||F|||50|,,,,,Bug]Dragonite||LoadedDice|Multiscale|ScaleShot,Tailwind,Haze,Protect|||M|||50|,,,,,Dragon
|inactive|Battle timer is ON: inactive players will automatically lose when time's up. (requested by dambro222)
|inactive|enyelvgc has 60 seconds left.
|inactive|enyelvgc has 30 seconds left.
|inactive|enyelvgc has 20 seconds left.
|inactive|enyelvgc has 15 seconds left.
|inactive|enyelvgc has 10 seconds left.
|inactive|enyelvgc has 5 seconds left.
|
|t:|1757233600
|teamsize|p1|4
|teamsize|p2|4
|start
|switch|p1a: Electabuzz|Electabuzz, L50, M|100/100
|switch|p1b: Kingambit|Kingambit, L50, M, shiny|100/100
|switch|p2a: Maushold|Maushold, L50|100/100
|switch|p2b: Archaludon|Archaludon, L50, F|100/100
|turn|1
|
|t:|1757233620
|-terastallize|p1b: Kingambit|Dark
|move|p1a: Electabuzz|Follow Me|p1a: Electabuzz
|-singleturn|p1a: Electabuzz|move: Follow Me
|move|p2a: Maushold|Taunt|p1a: Electabuzz
|-start|p1a: Electabuzz|move: Taunt
|move|p2b: Archaludon|Body Press|p1a: Electabuzz
|-damage|p1a: Electabuzz|84/100
|move|p1b: Kingambit|Swords Dance|p1b: Kingambit
|-boost|p1b: Kingambit|atk|2
|
|upkeep
|turn|2
|
|t:|1757233645
|move|p1b: Kingambit|Sucker Punch|p2b: Archaludon
|-damage|p2b: Archaludon|14/100
|-ability|p2b: Archaludon|Stamina|boost
|-boost|p2b: Archaludon|def|1
|move|p2a: Maushold|Population Bomb|p2b: Archaludon
|-resisted|p2b: Archaludon
|-damage|p2b: Archaludon|12/100
|-ability|p2b: Archaludon|Stamina|boost
|-boost|p2b: Archaludon|def|1
|-resisted|p2b: Archaludon
|-damage|p2b: Archaludon|11/100
|-ability|p2b: Archaludon|Stamina|boost
|-boost|p2b: Archaludon|def|1
|-resisted|p2b: Archaludon
|-damage|p2b: Archaludon|9/100
|-ability|p2b: Archaludon|Stamina|boost
|-boost|p2b: Archaludon|def|1
|-resisted|p2b: Archaludon
|-damage|p2b: Archaludon|8/100
|-ability|p2b: Archaludon|Stamina|boost
|-boost|p2b: Archaludon|def|1
|-resisted|p2b: Archaludon
|-damage|p2b: Archaludon|7/100
|-ability|p2b: Archaludon|Stamina|boost
|-boost|p2b: Archaludon|def|1
|-resisted|p2b: Archaludon
|-damage|p2b: Archaludon|6/100
|-resisted|p2b: Archaludon
|-damage|p2b: Archaludon|5/100
|-resisted|p2b: Archaludon
|-damage|p2b: Archaludon|4/100
|-resisted|p2b: Archaludon
|-damage|p2b: Archaludon|3/100
|-resisted|p2b: Archaludon
|-damage|p2b: Archaludon|2/100
|-hitcount|p2b: Archaludon|10
|move|p1a: Electabuzz|Electroweb|p2b: Archaludon|[spread] p2a,p2b
|-resisted|p2b: Archaludon
|-damage|p2a: Maushold|82/100
|-damage|p2b: Archaludon|0 fnt
|-unboost|p2a: Maushold|spe|1
|faint|p2b: Archaludon
|
|upkeep
|inactive|enyelvgc has 30 seconds left.
|inactive|enyelvgc has 20 seconds left.
|inactive|enyelvgc has 15 seconds left.
|
|t:|1757233687
|switch|p2b: Dragonite|Dragonite, L50, M|100/100
|turn|3
|
|t:|1757233706
|move|p2a: Maushold|Protect|p2a: Maushold
|-singleturn|p2a: Maushold|Protect
|move|p2b: Dragonite|Haze|p2b: Dragonite
|-clearallboost
|move|p1a: Electabuzz|Electroweb|p2a: Maushold|[spread] p2b
|-activate|p2a: Maushold|move: Protect
|-damage|p2b: Dragonite|93/100
|-unboost|p2b: Dragonite|spe|1
|move|p1b: Kingambit|Kowtow Cleave|p2a: Maushold
|-activate|p2a: Maushold|move: Protect
|
|upkeep
|turn|4
|inactive|enyelvgc has 30 seconds left.
|j| Dust and fidget
|l| Dust and fidget
|inactive|enyelvgc has 20 seconds left.
|
|t:|1757233745
|switch|p2a: Kingambit|Kingambit, L50, F|100/100
|-terastallize|p2b: Dragonite|Dragon
|move|p1b: Kingambit|Protect|p1b: Kingambit
|-singleturn|p1b: Kingambit|Protect
|move|p1a: Electabuzz|Electroweb|p2b: Dragonite|[spread] p2a,p2b
|-resisted|p2b: Dragonite
|-damage|p2a: Kingambit|87/100
|-damage|p2b: Dragonite|85/100
|-unboost|p2a: Kingambit|spe|1
|-ability|p2a: Kingambit|Defiant|boost
|-boost|p2a: Kingambit|atk|2
|-unboost|p2b: Dragonite|spe|1
|move|p2b: Dragonite|Scale Shot|p1a: Electabuzz
|-damage|p1a: Electabuzz|70/100
|-crit|p1a: Electabuzz
|-damage|p1a: Electabuzz|47/100
|-damage|p1a: Electabuzz|33/100
|-damage|p1a: Electabuzz|19/100
|-hitcount|p1a: Electabuzz|4
|-unboost|p2b: Dragonite|def|1
|-boost|p2b: Dragonite|spe|1
|
|-end|p1a: Electabuzz|move: Taunt
|upkeep
|turn|5
|inactive|enyelvgc has 30 seconds left.
|
|t:|1757233772
|move|p2b: Dragonite|Protect|p2b: Dragonite
|-singleturn|p2b: Dragonite|Protect
|move|p1a: Electabuzz|Electroweb|p2b: Dragonite|[spread] p2a
|-activate|p2b: Dragonite|move: Protect
|-damage|p2a: Kingambit|74/100
|-unboost|p2a: Kingambit|spe|1
|-ability|p2a: Kingambit|Defiant|boost
|-boost|p2a: Kingambit|atk|2
|move|p1b: Kingambit|Kowtow Cleave|p2b: Dragonite
|-activate|p2b: Dragonite|move: Protect
|move|p2a: Kingambit|Iron Head|p1b: Kingambit
|-damage|p1b: Kingambit|0 fnt
|faint|p1b: Kingambit
|-damage|p2a: Kingambit|64/100|[from] item: Life Orb
|
|upkeep
|
|t:|1757233776
|switch|p1b: Dragonite|Dragonite, L50, M|100/100
|turn|6
|inactive|dambro222 has 30 seconds left.
|
|t:|1757233805
|move|p1a: Electabuzz|Follow Me|p1a: Electabuzz
|-singleturn|p1a: Electabuzz|move: Follow Me
|move|p1b: Dragonite|Scale Shot|p2b: Dragonite
|-supereffective|p2b: Dragonite
|-damage|p2b: Dragonite|38/100
|-supereffective|p2b: Dragonite
|-damage|p2b: Dragonite|0 fnt
|faint|p2b: Dragonite
|-hitcount|p2: Dragonite|2
|-unboost|p1b: Dragonite|def|1
|-boost|p1b: Dragonite|spe|1
|move|p2a: Kingambit|Kowtow Cleave|p1a: Electabuzz
|-damage|p1a: Electabuzz|0 fnt
|faint|p1a: Electabuzz
|-damage|p2a: Kingambit|54/100|[from] item: Life Orb
|
|upkeep
|
|t:|1757233812
|switch|p2b: Maushold|Maushold, L50|82/100
|switch|p1a: Rillaboom|Rillaboom, L50, M|100/100
|-fieldstart|move: Grassy Terrain|[from] ability: Grassy Surge|[of] p1a: Rillaboom
|turn|7
|inactive|dambro222 has 30 seconds left.
|
|t:|1757233842
|move|p2b: Maushold|Protect|p2b: Maushold
|-singleturn|p2b: Maushold|Protect
|move|p2a: Kingambit|Protect|p2a: Kingambit
|-singleturn|p2a: Kingambit|Protect
|move|p1b: Dragonite|Scale Shot|p2b: Maushold
|-activate|p2b: Maushold|move: Protect
|move|p1a: Rillaboom|High Horsepower|p2a: Kingambit
|-activate|p2a: Kingambit|move: Protect
|
|-heal|p2b: Maushold|88/100|[from] Grassy Terrain
|-heal|p2a: Kingambit|60/100|[from] Grassy Terrain
|upkeep
|turn|8
|inactive|enyelvgc has 30 seconds left.
|inactive|enyelvgc has 20 seconds left.
|inactive|enyelvgc has 15 seconds left.
|inactive|enyelvgc has 10 seconds left.
|inactive|enyelvgc has 5 seconds left.
|
|t:|1757233893
|move|p1a: Rillaboom|Grassy Glide|p2b: Maushold
|-damage|p2b: Maushold|37/100
|move|p2a: Kingambit|Sucker Punch||[still]
|-fail|p2a: Kingambit
|move|p1b: Dragonite|Haze|p1b: Dragonite
|-clearallboost
|move|p2b: Maushold|Population Bomb|p1b: Dragonite
|-damage|p1b: Dragonite|96/100
|-damage|p1b: Dragonite|85/100
|-damage|p1b: Dragonite|74/100
|-damage|p1b: Dragonite|63/100
|-damage|p1b: Dragonite|54/100
|-damage|p1b: Dragonite|43/100
|-damage|p1b: Dragonite|32/100
|-damage|p1b: Dragonite|21/100
|-damage|p1b: Dragonite|12/100
|-damage|p1b: Dragonite|2/100
|-hitcount|p1b: Dragonite|10
|
|-heal|p2b: Maushold|43/100|[from] Grassy Terrain
|-heal|p2a: Kingambit|66/100|[from] Grassy Terrain
|upkeep
|turn|9
|inactive|enyelvgc has 30 seconds left.
|
|t:|1757233923
|move|p1b: Dragonite|Extreme Speed|p2b: Maushold
|-damage|p2b: Maushold|0 fnt
|faint|p2b: Maushold
|move|p1a: Rillaboom|High Horsepower|p2a: Kingambit
|-supereffective|p2a: Kingambit
|-damage|p2a: Kingambit|10/100
|move|p2a: Kingambit|Kowtow Cleave|p1b: Dragonite
|-crit|p1b: Dragonite
|-damage|p1b: Dragonite|0 fnt
|faint|p1b: Dragonite
|-damage|p2a: Kingambit|0 fnt|[from] item: Life Orb
|faint|p2a: Kingambit
|
|win|dambro222
|raw|dambro222's rating: 1109 → 1135(+26 for winning)
|raw|enyelvgc's rating: 1118 → 1092(-26 for losing)
|c|☆dambro222|gg
|l|☆enyelvgc
|player|p2|
