|j|☆platanoso
|j|☆Kravell
|html|platanosoKravell    
|uhtml|bestof|Game 2 of a best-of-3
|t:|1785882508
|gametype|doubles
|player|p1|platanoso|madame-gen4|1217
|player|p2|Kravell|backersf|1326
|gen|9
|tier|[Gen 9 Champions] VGC 2026 Reg M-B (Bo3)
|rated|
|rule|Species Clause: Limit one of each Pokémon
|rule|Item Clause: Limit 1 of each item
|clearpoke
|poke|p1|Floette-Eternal, L50, F|
|poke|p1|Sneasler, L50, M|
|poke|p1|Incineroar, L50, F|
|poke|p1|Sinistcha, L50|
|poke|p1|Delphox, L50, M|
|poke|p1|Garchomp, L50, F|
|poke|p2|Maushold, L50|
|poke|p2|Farigiraf, L50, F|
|poke|p2|Ampharos, L50, F|
|poke|p2|Kingambit, L50, M|
|poke|p2|Abomasnow, L50, F|
|poke|p2|Mudsdale, L50, F|
|teampreview|4
|showteam|p1|Floette-Eternal||Floettite|FlowerVeil|DazzlingGleam,DrainingKiss,CalmMind,Protect|Modest||F|||50|]Sneasler||FocusSash|PoisonTouch|CloseCombat,PoisonJab,FakeOut,Protect|Jolly||M|||50|]Incineroar||SitrusBerry|Intimidate|FlareBlitz,DarkestLariat,PartingShot,FakeOut|Impish||F|||50|]Sinistcha||OccaBerry|Hospitality|MatchaGotcha,RagePowder,TrickRoom,Protect|Bold|||||50|]Delphox||Delphoxite|Blaze|Psychic,HeatWave,NastyPlot,Protect|Timid||M|||50|]Garchomp||ChoiceScarf|RoughSkin|DragonClaw,StompingTantrum,Earthquake,RockSlide|Adamant||F|||50|
|showteam|p2|Maushold||WideLens|Technician|PopulationBomb,Protect,FollowMe,Feint|Jolly|||||50|]Farigiraf||SitrusBerry|ArmorTail|Psychic,Thunderbolt,TrickRoom,Protect|Relaxed||F|||50|]Ampharos||Ampharosite|Static|Thunderbolt,DragonPulse,FocusBlast,Protect|Quiet||F|||50|]Kingambit||BlackGlasses|Defiant|KowtowCleave,SuckerPunch,SwordsDance,Protect|Brave||M|||50|]Abomasnow||Abomasite|SnowWarning|Blizzard,GrassKnot,EarthPower,Protect|Quiet||F|||50|]Mudsdale||LifeOrb|InnerFocus|HighHorsepower,HeavySlam,RockSlide,Protect|Brave||F|||50|
|
|t:|1785882529
|teamsize|p1|4
|teamsize|p2|4
|start
|switch|p1a: Sinistcha|Sinistcha, L50|100/100
|switch|p1b: Delphox|Delphox, L50, M|100/100
|switch|p2a: Farigiraf|Farigiraf, L50, F|100/100
|switch|p2b: Kingambit|Kingambit, L50, M|100/100
|turn|1
|
|t:|1785882562
|switch|p1b: Sneasler|Sneasler, L50, M|100/100
|move|p2b: Kingambit|Kowtow Cleave|p1b: Sneasler
|-resisted|p1b: Sneasler|1
|-damage|p1b: Sneasler|46/100
|move|p1a: Sinistcha|Trick Room|p1a: Sinistcha
|-fieldstart|move: Trick Room|[of] p1a: Sinistcha
|move|p2a: Farigiraf|Trick Room|p2a: Farigiraf
|-fieldend|move: Trick Room
|
|upkeep
|turn|2
|
|t:|1785882586
|move|p1b: Sneasler|Close Combat|p2a: Farigiraf
|-damage|p2a: Farigiraf|51/100
|-unboost|p1b: Sneasler|def|1
|-unboost|p1b: Sneasler|spd|1
|move|p1a: Sinistcha|Matcha Gotcha|p2a: Farigiraf|[spread] p2a,p2b
|-resisted|p2b: Kingambit|1
|-damage|p2a: Farigiraf|29/100
|-damage|p2b: Kingambit|88/100
|-status|p2b: Kingambit|brn
|-enditem|p2a: Farigiraf|Sitrus Berry|[eat]
|-heal|p2a: Farigiraf|53/100|[from] item: Sitrus Berry
|move|p2b: Kingambit|Kowtow Cleave|p1b: Sneasler
|-resisted|p1b: Sneasler|1
|-damage|p1b: Sneasler|5/100
|move|p2a: Farigiraf|Trick Room|p2a: Farigiraf
|-fieldstart|move: Trick Room|[of] p2a: Farigiraf
|
|-damage|p2b: Kingambit|82/100 brn|[from] brn
|upkeep
|turn|3
|
|t:|1785882628
|move|p1a: Sinistcha|Rage Powder|p1a: Sinistcha
|-singleturn|p1a: Sinistcha|move: Rage Powder
|move|p2b: Kingambit|Swords Dance|p2b: Kingambit
|-boost|p2b: Kingambit|atk|2
|move|p2a: Farigiraf|Psychic|p1a: Sinistcha
|-damage|p1a: Sinistcha|66/100
|move|p1b: Sneasler|Close Combat|p2b: Kingambit
|-supereffective|p2b: Kingambit|2
|-damage|p2b: Kingambit|0 fnt
|-unboost|p1b: Sneasler|def|1
|-unboost|p1b: Sneasler|spd|1
|faint|p2b: Kingambit
|
|upkeep
|
|t:|1785882633
|switch|p2b: Abomasnow|Abomasnow, L50, F|100/100
|-weather|Snowscape|[from] ability: Snow Warning|[of] p2b: Abomasnow
|turn|4
|
|t:|1785882650
|switch|p2a: Mudsdale|Mudsdale, L50, F|100/100
|switch|p1a: Incineroar|Incineroar, L50, F|100/100
|-ability|p1a: Incineroar|Intimidate|boost
|-fail|p2a: Mudsdale|unboost|Attack|[from] ability: Inner Focus|[of] p2a: Mudsdale
|-unboost|p2b: Abomasnow|atk|1
|detailschange|p2b: Abomasnow|Abomasnow-Mega, L50, F
|-mega|p2b: Abomasnow|Abomasnow|Abomasite
|move|p1b: Sneasler|Protect|p1b: Sneasler
|-singleturn|p1b: Sneasler|Protect
|move|p2b: Abomasnow|Blizzard|p1a: Incineroar|[spread] p1a
|-activate|p1b: Sneasler|move: Protect
|-resisted|p1a: Incineroar|1
|-damage|p1a: Incineroar|79/100
|
|-weather|Snowscape|[upkeep]
|upkeep
|turn|5
|inactive|Battle timer is ON: inactive players will automatically lose when time's up. (requested by platanoso)
|
|t:|1785882717
|switch|p1a: Sinistcha|Sinistcha, L50|66/100
|-heal|p1b: Sneasler|29/100|[from] ability: Hospitality|[of] p1a: Sinistcha
|move|p2b: Abomasnow|Blizzard|p1a: Sinistcha|[spread] p1a,p1b
|-supereffective|p1a: Sinistcha|1
|-damage|p1a: Sinistcha|0 fnt
|-damage|p1b: Sneasler|0 fnt
|faint|p1a: Sinistcha
|faint|p1b: Sneasler
|move|p2a: Mudsdale|Rock Slide|p1: Sinistcha|[notarget]
|-fail|p2a: Mudsdale
|
|-weather|Snowscape|[upkeep]
|upkeep
|
|t:|1785882731
|switch|p1a: Delphox|Delphox, L50, M|100/100
|switch|p1b: Incineroar|Incineroar, L50, F|79/100
|-ability|p1b: Incineroar|Intimidate|boost
|-fail|p2a: Mudsdale|unboost|Attack|[from] ability: Inner Focus|[of] p2a: Mudsdale
|-unboost|p2b: Abomasnow|atk|1
|turn|6
|
|t:|1785882753
|switch|p2b: Farigiraf|Farigiraf, L50, F|53/100
|detailschange|p1a: Delphox|Delphox-Mega, L50, M
|-mega|p1a: Delphox|Delphox|Delphoxite
|move|p1b: Incineroar|Fake Out||[still]
|cant|p2b: Farigiraf|ability: Armor Tail|Fake Out|[of] p1b: Incineroar
|move|p2a: Mudsdale|High Horsepower|p1b: Incineroar
|-supereffective|p1b: Incineroar|1
|-damage|p1b: Incineroar|0 fnt
|faint|p1b: Incineroar
|-damage|p2a: Mudsdale|90/100|[from] item: Life Orb
|move|p1a: Delphox|Nasty Plot|p1a: Delphox
|-boost|p1a: Delphox|spa|2
|
|-weather|Snowscape|[upkeep]
|-fieldend|move: Trick Room
|upkeep
|turn|7
|inactive|Kravell has 30 seconds left.
|inactive|Kravell has 20 seconds left.
|inactive|Kravell has 15 seconds left.
|
|t:|1785882793
|move|p1a: Delphox|Heat Wave|p2a: Mudsdale|[spread] p2a,p2b
|-damage|p2a: Mudsdale|13/100
|-damage|p2b: Farigiraf|0 fnt
|faint|p2b: Farigiraf
|move|p2a: Mudsdale|Rock Slide|p1a: Delphox
|-supereffective|p1a: Delphox|1
|-damage|p1a: Delphox|20/100y
|-damage|p2a: Mudsdale|3/100|[from] item: Life Orb
|
|-weather|Snowscape|[upkeep]
|upkeep
|
|t:|1785882799
|switch|p2b: Abomasnow|Abomasnow-Mega, L50, F|100/100
|turn|8
|
|t:|1785882808
|move|p1a: Delphox|Heat Wave|p2b: Abomasnow|[spread] p2a,p2b
|-supereffective|p2b: Abomasnow|2
|-damage|p2a: Mudsdale|0 fnt
|-damage|p2b: Abomasnow|0 fnt
|faint|p2a: Mudsdale
|faint|p2b: Abomasnow
|
|win|platanoso
