|j|☆lillith4146
|j|☆AdagioNEW
|html|lillith4146AdagioNEW    
|uhtml|bestof|Game 2 of a best-of-3
|t:|1785168891
|gametype|doubles
|player|p1|lillith4146|lillie-z|1111
|player|p2|AdagioNEW|acetrainer-gen4dp|1047
|gen|9
|tier|[Gen 9 Champions] VGC 2026 Reg M-B (Bo3)
|rated|
|rule|Species Clause: Limit one of each Pokémon
|rule|Item Clause: Limit 1 of each item
|clearpoke
|poke|p1|Noivern, L50, M|
|poke|p1|Clefable, L50, F|
|poke|p1|Farigiraf, L50, M|
|poke|p1|Arcanine-Hisui, L50, M|
|poke|p1|Kingambit, L50, F|
|poke|p1|Blastoise, L50, F|
|poke|p2|Volcarona, L50, F, shiny|
|poke|p2|Sableye, L50, F|
|poke|p2|Alakazam, L50, M|
|poke|p2|Swampert, L50, M|
|poke|p2|Archaludon, L50, M|
|poke|p2|Farigiraf, L50, F, shiny|
|teampreview|4
|showteam|p1|Noivern||FocusSash|Infiltrator|BreakingSwipe,SuperFang,Tailwind,Taunt|Jolly||M|||50|]Clefable||Clefablite|MagicGuard|FollowMe,Encore,Moonblast,Protect|Calm||F|||50|]Farigiraf||SitrusBerry|ArmorTail|Psychic,TrickRoom,Imprison,Protect|Relaxed||M|||50|]Arcanine-Hisui||LifeOrb|Intimidate|RockSlide,FlareBlitz,CloseCombat,Protect|Jolly||M|||50|]Kingambit||ChopleBerry|Defiant|Protect,SuckerPunch,KowtowCleave,IronHead|Adamant||F|||50|]Blastoise||Blastoisinite|Torrent|WaterSpout,MuddyWater,AuraSphere,Protect|Serious||F|||50|
|showteam|p2|Volcarona||ShellBell|FlameBody|HeatWave,GigaDrain,QuiverDance,Protect|Modest||F|||50|]Sableye||RoseliBerry|Prankster|SunnyDay,RainDance,Encore,FakeOut|Impish||F|||50|]Alakazam||FocusSash|InnerFocus|Encore,Psychic,SunnyDay,RainDance|Timid||M|||50|]Swampert||Swampertite|Damp|WaveCrash,FlipTurn,HighHorsepower,Protect|Adamant||M|||50|]Archaludon||Leftovers|Stamina|ElectroShot,FlashCannon,AuraSphere,Protect|Modest||M|||50|]Farigiraf||SitrusBerry|ArmorTail|TrickRoom,HelpingHand,Thunderbolt,Psychic|Quiet||F|||50|
|
|t:|1785168915
|teamsize|p1|4
|teamsize|p2|4
|start
|switch|p1a: Farigiraf|Farigiraf, L50, M|100/100
|switch|p1b: Blastoise|Blastoise, L50, F|100/100
|switch|p2a: Hera|Sableye, L50, F|100/100
|switch|p2b: Apollo|Volcarona, L50, F, shiny|100/100
|turn|1
|
|t:|1785168927
|detailschange|p1b: Blastoise|Blastoise-Mega, L50, F
|-mega|p1b: Blastoise|Blastoise|Blastoisinite
|move|p1a: Farigiraf|Protect|p1a: Farigiraf
|-singleturn|p1a: Farigiraf|Protect
|move|p2a: Hera|Sunny Day|p2a: Hera
|-weather|SunnyDay
|move|p2b: Apollo|Heat Wave|p1b: Blastoise|[spread] p1b
|-activate|p1a: Farigiraf|move: Protect
|-resisted|p1b: Blastoise|1
|-damage|p1b: Blastoise|74/100
|move|p1b: Blastoise|Water Spout|p2a: Hera|[spread] p2a,p2b
|-crit|p2a: Hera
|-supereffective|p2b: Apollo|1
|-damage|p2a: Hera|42/100
|-damage|p2b: Apollo|51/100
|
|-weather|SunnyDay|[upkeep]
|upkeep
|turn|2
|
|t:|1785168945
|switch|p2a: Demeter|Farigiraf, L50, F, shiny|100/100
|move|p2b: Apollo|Giga Drain|p1b: Blastoise
|-supereffective|p1b: Blastoise|1
|-crit|p1b: Blastoise
|-damage|p1b: Blastoise|4/100
|-heal|p2b: Apollo|91/100|[from] drain|[of] p1b: Blastoise
|-heal|p2b: Apollo|100/100|[from] item: Shell Bell|[of] p1b: Blastoise
|move|p1b: Blastoise|Muddy Water|p2a: Demeter|[spread] p2a,p2b
|-supereffective|p2b: Apollo|1
|-damage|p2a: Demeter|81/100
|-damage|p2b: Apollo|65/100
|move|p1a: Farigiraf|Trick Room|p1a: Farigiraf
|-fieldstart|move: Trick Room|[of] p1a: Farigiraf
|
|-weather|SunnyDay|[upkeep]
|upkeep
|turn|3
|
|t:|1785168967
|move|p2b: Apollo|Protect|p2b: Apollo
|-singleturn|p2b: Apollo|Protect
|move|p1a: Farigiraf|Imprison|p1a: Farigiraf
|-start|p1a: Farigiraf|move: Imprison
|move|p1b: Blastoise|Muddy Water|p2b: Apollo|[spread] p2a
|-activate|p2b: Apollo|move: Protect
|-damage|p2a: Demeter|64/100
|-unboost|p2a: Demeter|accuracy|1
|cant|p2a: Demeter|move: Imprison|Trick Room
|
|-weather|SunnyDay|[upkeep]
|upkeep
|turn|4
|c|☆AdagioNEW|nice play
|
|t:|1785168998
|switch|p1a: Clefable|Clefable, L50, F|100/100
|move|p2a: Demeter|Helping Hand|p2b: Apollo
|-singleturn|p2b: Apollo|Helping Hand|[of] p2a: Demeter
|move|p1b: Blastoise|Protect|p1b: Blastoise
|-singleturn|p1b: Blastoise|Protect
|move|p2b: Apollo|Heat Wave|p1b: Blastoise|[spread] 
|-activate|p1b: Blastoise|move: Protect
|-miss|p2b: Apollo|p1a: Clefable
|
|-weather|SunnyDay|[upkeep]
|upkeep
|turn|5
|
|t:|1785169027
|move|p2b: Apollo|Protect|p2b: Apollo
|-singleturn|p2b: Apollo|Protect
|move|p1a: Clefable|Encore|p2a: Demeter
|-start|p2a: Demeter|Encore
|move|p2a: Demeter|Helping Hand||[still]
|-fail|p2a: Demeter
|move|p1b: Blastoise|Muddy Water|p2b: Apollo|[spread] p2a
|-activate|p2b: Apollo|move: Protect
|-crit|p2a: Demeter
|-damage|p2a: Demeter|38/100
|-enditem|p2a: Demeter|Sitrus Berry|[eat]
|-heal|p2a: Demeter|63/100|[from] item: Sitrus Berry
|
|-weather|none
|upkeep
|turn|6
|
|t:|1785169044
|move|p2a: Demeter|Helping Hand|p2b: Apollo
|-singleturn|p2b: Apollo|Helping Hand|[of] p2a: Demeter
|move|p1a: Clefable|Moonblast|p2a: Demeter
|-damage|p2a: Demeter|27/100
|move|p1b: Blastoise|Muddy Water|p2b: Apollo|[spread] p2a,p2b
|-supereffective|p2b: Apollo|1
|-damage|p2a: Demeter|0 fnt
|-damage|p2b: Apollo|0 fnt
|faint|p2a: Demeter
|faint|p2b: Apollo
|
|-fieldend|move: Trick Room
|upkeep
|
|t:|1785169056
|switch|p2b: Hera|Sableye, L50, F|42/100
|switch|p2a: Hephaestus|Archaludon, L50, M|100/100
|turn|7
|
|t:|1785169063
|move|p1b: Blastoise|Protect|p1b: Blastoise
|-singleturn|p1b: Blastoise|Protect
|move|p1a: Clefable|Protect|p1a: Clefable
|-singleturn|p1a: Clefable|Protect
|move|p2b: Hera|Rain Dance|p2b: Hera
|-weather|RainDance
|move|p2a: Hephaestus|Electro Shot||[still]
|-prepare|p2a: Hephaestus|Electro Shot
|-boost|p2a: Hephaestus|spa|1
|-anim|p2a: Hephaestus|Electro Shot|p1b: Blastoise
|-activate|p1b: Blastoise|move: Protect
|
|-weather|RainDance|[upkeep]
|upkeep
|turn|8
|
|t:|1785169086
|move|p1a: Clefable|Follow Me|p1a: Clefable
|-singleturn|p1a: Clefable|move: Follow Me
|move|p2b: Hera|Encore|p1a: Clefable
|-start|p1a: Clefable|Encore
|move|p2a: Hephaestus|Flash Cannon|p1a: Clefable
|-supereffective|p1a: Clefable|1
|-damage|p1a: Clefable|10/100
|move|p1b: Blastoise|Aura Sphere|p2a: Hephaestus
|-supereffective|p2a: Hephaestus|1
|-damage|p2a: Hephaestus|0 fnt
|faint|p2a: Hephaestus
|
|-weather|RainDance|[upkeep]
|upkeep
|turn|9
|c|☆AdagioNEW|gg
|c|☆lillith4146|gg
|-message|AdagioNEW forfeited.
|
|win|lillith4146
|raw|lillith4146's rating: 1111 → 1131(+20 for winning)
|raw|AdagioNEW's rating: 1047 → 1033(-14 for losing)
|l|☆AdagioNEW
|player|p2|
