|j|☆Shishio_Ax
|j|☆bonitillo11
|html|Shishio_Axbonitillo11    
|uhtml|bestof|Game 2 of a best-of-3
|t:|1756590698
|gametype|doubles
|player|p1|Shishio_Ax|gambler|1363
|player|p2|bonitillo11|leaf-masters|1399
|gen|9
|tier|[Gen 9] VGC 2025 Reg H (Bo3)
|rated|
|rule|Species Clause: Limit one of each Pokémon
|rule|Item Clause: Limit 1 of each item
|clearpoke
|poke|p1|Charizard, L50, M|
|poke|p1|Dragapult, L50, M|
|poke|p1|Sneasler, L50, F|
|poke|p1|Amoonguss, L50, F|
|poke|p1|Ursaluna-Bloodmoon, L50, M|
|poke|p1|Whimsicott, L50, F|
|poke|p2|Archaludon, L50, M|
|poke|p2|Gholdengo, L50|
|poke|p2|Basculegion, L50, M|
|poke|p2|Pelipper, L50, F|
|poke|p2|Amoonguss, L50, F|
|poke|p2|Incineroar, L50, F|
|teampreview|4
|showteam|p1|Charizard||ChoiceSpecs|SolarPower|HeatWave,Overheat,WeatherBall,SolarBeam|||M|||50|,,,,,Ghost]Dragapult||ChoiceBand|ClearBody|DragonDarts,Outrage,PhantomForce,Uturn|||M|||50|,,,,,Dragon]Sneasler||FocusSash|Unburden|DireClaw,CloseCombat,ThroatChop,Protect|||F|||50|,,,,,Dark]Amoonguss||RockyHelmet|Regenerator|SludgeBomb,Spore,RagePowder,Protect|||F|||50|,,,,,Fairy]Ursaluna-Bloodmoon||LifeOrb|MindsEye|BloodMoon,HyperVoice,EarthPower,Protect|||M|||50|,,,,,Normal]Whimsicott||CovertCloak|Prankster|Moonblast,Tailwind,Encore,SunnyDay|||F|||50|,,,,,Poison
|showteam|p2|Archaludon||AssaultVest|Stamina|FlashCannon,DragonPulse,ElectroShot,BodyPress|||M|||50|,,,,,Bug]Gholdengo||LifeOrb|GoodasGold|MakeItRain,ShadowBall,NastyPlot,Protect||||||50|,,,,,Water]Basculegion||ChoiceBand|SwiftSwim|LastRespects,WaveCrash,FlipTurn,AquaJet|||M|||50|,,,,,Grass]Pelipper||FocusSash|Drizzle|WeatherBall,Hurricane,Tailwind,Protect|||F|||50|,,,,,Ground]Amoonguss||SitrusBerry|Regenerator|ClearSmog,PollenPuff,RagePowder,Spore|||F|||50|,,,,,Fairy]Incineroar||SafetyGoggles|Intimidate|KnockOff,Taunt,FakeOut,PartingShot|||F|||50|,,,,,Ghost
|inactive|Battle timer is ON: inactive players will automatically lose when time's up. (requested by Shishio_Ax)
|
|t:|1756590732
|teamsize|p1|4
|teamsize|p2|4
|start
|switch|p1a: Shāhmat|Ursaluna-Bloodmoon, L50, M|100/100
|switch|p1b: Mary|Whimsicott, L50, F|100/100
|switch|p2a: Gholdengo|Gholdengo, L50|100/100
|switch|p2b: Incineroar|Incineroar, L50, F|100/100
|-ability|p2b: Incineroar|Intimidate|boost
|-unboost|p1a: Shāhmat|atk|1
|-unboost|p1b: Mary|atk|1
|turn|1
|
|t:|1756590744
|-terastallize|p1b: Mary|Poison
|move|p1a: Shāhmat|Protect|p1a: Shāhmat
|-singleturn|p1a: Shāhmat|Protect
|move|p2b: Incineroar|Fake Out|p1a: Shāhmat
|-activate|p1a: Shāhmat|move: Protect
|move|p1b: Mary|Tailwind|p1b: Mary
|-sidestart|p1: Shishio_Ax|move: Tailwind
|move|p2a: Gholdengo|Nasty Plot|p2a: Gholdengo
|-boost|p2a: Gholdengo|spa|2
|
|upkeep
|turn|2
|inactive|Shishio_Ax has 30 seconds left.
|inactive|Shishio_Ax has 20 seconds left.
|inactive|Shishio_Ax has 15 seconds left.
|inactive|bonitillo11 has 30 seconds left.
|
|t:|1756590786
|-terastallize|p2b: Incineroar|Ghost
|move|p2a: Gholdengo|Protect|p2a: Gholdengo
|-singleturn|p2a: Gholdengo|Protect
|move|p1b: Mary|Moonblast|p2a: Gholdengo
|-activate|p2a: Gholdengo|move: Protect
|move|p1a: Shāhmat|Earth Power|p2a: Gholdengo
|-activate|p2a: Gholdengo|move: Protect
|move|p2b: Incineroar|Parting Shot|p1a: Shāhmat
|-unboost|p1a: Shāhmat|atk|1
|-unboost|p1a: Shāhmat|spa|1
|
|t:|1756590794
|switch|p2b: Basculegion|Basculegion, L50, M|100/100|[from] Parting Shot
|
|upkeep
|turn|3
|
|t:|1756590799
|move|p1b: Mary|Sunny Day|p1b: Mary
|-weather|SunnyDay
|move|p1a: Shāhmat|Blood Moon|p2b: Basculegion
|-damage|p2b: Basculegion|25/100
|-damage|p1a: Shāhmat|91/100|[from] item: Life Orb
|move|p2a: Gholdengo|Make It Rain|p1a: Shāhmat|[spread] p1a,p1b
|-crit|p1b: Mary
|-damage|p1a: Shāhmat|0 fnt
|-damage|p1b: Mary|0 fnt
|-unboost|p2a: Gholdengo|spa|1
|faint|p1a: Shāhmat
|faint|p1b: Mary
|-damage|p2a: Gholdengo|91/100|[from] item: Life Orb
|move|p2b: Basculegion|Flip Turn|p1: Shāhmat|[notarget]
|-fail|p2b: Basculegion
|
|-weather|SunnyDay|[upkeep]
|upkeep
|
|t:|1756590802
|switch|p1b: Rudra|Dragapult, L50, M|100/100
|switch|p1a: Agni|Charizard, L50, M|100/100
|turn|4
|
|t:|1756590808
|switch|p2b: Incineroar|Incineroar, L50, F, tera:Ghost|100/100
|-ability|p2b: Incineroar|Intimidate|boost
|-unboost|p1a: Agni|atk|1
|-fail|p1b: Rudra|unboost|[from] ability: Clear Body|[of] p1b: Rudra
|move|p2a: Gholdengo|Protect|p2a: Gholdengo
|-singleturn|p2a: Gholdengo|Protect
|move|p1b: Rudra|Dragon Darts|p2b: Incineroar
|-damage|p2b: Incineroar|67/100
|-anim|p1b: Rudra|Dragon Darts|p2b: Incineroar
|-damage|p2b: Incineroar|32/100
|move|p1a: Agni|Weather Ball|p2a: Gholdengo
|-activate|p2a: Gholdengo|move: Protect
|
|-weather|SunnyDay|[upkeep]
|-damage|p1a: Agni|88/100|[from] ability: Solar Power|[of] p1a: Agni
|-sideend|p1: Shishio_Ax|move: Tailwind
|upkeep
|turn|5
|
|t:|1756590818
|move|p1b: Rudra|Dragon Darts|p2a: Gholdengo
|-resisted|p2a: Gholdengo
|-damage|p2a: Gholdengo|68/100
|-anim|p1b: Rudra|Dragon Darts|p2b: Incineroar
|-damage|p2b: Incineroar|0 fnt
|faint|p2b: Incineroar
|move|p1a: Agni|Weather Ball|p2a: Gholdengo
|-supereffective|p2a: Gholdengo
|-damage|p2a: Gholdengo|0 fnt
|faint|p2a: Gholdengo
|
|-weather|SunnyDay|[upkeep]
|-damage|p1a: Agni|76/100|[from] ability: Solar Power|[of] p1a: Agni
|upkeep
|
|t:|1756590821
|switch|p2a: Basculegion|Basculegion, L50, M|25/100
|switch|p2b: Pelipper|Pelipper, L50, F|100/100
|-weather|RainDance|[from] ability: Drizzle|[of] p2b: Pelipper
|turn|6
|
|t:|1756590833
|move|p2a: Basculegion|Last Respects|p1b: Rudra
|-supereffective|p1b: Rudra
|-damage|p1b: Rudra|0 fnt
|faint|p1b: Rudra
|move|p1a: Agni|Weather Ball|p2b: Pelipper
|-resisted|p2b: Pelipper
|-damage|p2b: Pelipper|45/100
|move|p2b: Pelipper|Tailwind|p2b: Pelipper
|-sidestart|p2: bonitillo11|move: Tailwind
|
|-weather|RainDance|[upkeep]
|upkeep
|turn|7
|-message|Shishio_Ax forfeited.
|
|win|bonitillo11
|raw|Shishio_Ax's rating: 1363 → 1345(-18 for losing)
|raw|bonitillo11's rating: 1399 → 1417(+18 for winning)
|l|☆Shishio_Ax
|player|p1|
|c|☆bonitillo11|no cuajó la tortilla
