|j|☆KingCorba
|j|☆Il Mule
|html|KingCorbaIl Mule    
|uhtml|bestof|Game 1 of a best-of-3
|t:|1782984968
|gametype|doubles
|player|p1|KingCorba|170|1323
|player|p2|Il Mule|salvatore|1404
|gen|9
|tier|[Gen 9 Champions] VGC 2026 Reg M-B (Bo3)
|rated|
|rule|Species Clause: Limit one of each Pokémon
|rule|Item Clause: Limit 1 of each item
|clearpoke
|poke|p1|Pelipper, L50, M|
|poke|p1|Archaludon, L50, F|
|poke|p1|Basculegion, L50, M|
|poke|p1|Grimmsnarl, L50, M|
|poke|p1|Venusaur, L50, M|
|poke|p1|Raichu, L50, M|
|poke|p2|Excadrill, L50, F|
|poke|p2|Tyranitar, L50, M|
|poke|p2|Sneasler, L50, F|
|poke|p2|Incineroar, L50, M|
|poke|p2|Froslass, L50, F|
|poke|p2|Sinistcha, L50|
|teampreview|4
|showteam|p1|Pelipper||FocusSash|Drizzle|Hurricane,WeatherBall,Tailwind,Protect|Modest||M|||50|]Archaludon||Leftovers|Stamina|ElectroShot,DragonPulse,FlashCannon,Protect|Modest||F|||50|]Basculegion||LifeOrb|SwiftSwim|Protect,WaveCrash,LastRespects,AquaJet|Adamant||M|||50|]Grimmsnarl||LightClay|Prankster|SpiritBreak,Reflect,LightScreen,PartingShot|Careful||M|||50|]Venusaur||Venusaurite|Chlorophyll|GigaDrain,SludgeBomb,EarthPower,Protect|Modest||M|||50|]Raichu||RaichuniteY|LightningRod|FocusBlast,ZapCannon,VoltSwitch,FakeOut|Modest||M|||50|
|showteam|p2|Excadrill||FocusSash|SandRush|HighHorsepower,RockSlide,IronHead,Protect|Adamant||F|||50|]Tyranitar||Tyranitarite|SandStream|KnockOff,RockSlide,DragonDance,Protect|Adamant||M|||50|]Sneasler||WhiteHerb|Unburden|CloseCombat,DireClaw,Coaching,FakeOut|Jolly||F|||50|]Incineroar||SitrusBerry|Intimidate|FlareBlitz,HelpingHand,PartingShot,FakeOut|Impish||M|||50|]Froslass||Froslassite|SnowCloak|Blizzard,ShadowBall,NastyPlot,Protect|Timid||F|||50|]Sinistcha||ColburBerry|Hospitality|MatchaGotcha,ShadowBall,RagePowder,Protect|Bold|||||50|
|inactive|Battle timer is ON: inactive players will automatically lose when time's up. (requested by KingCorba)
|inactive|KingCorba has 60 seconds left.
|inactive|Il Mule has 60 seconds left.
|
|t:|1782985013
|teamsize|p1|4
|teamsize|p2|4
|start
|switch|p1a: Venusaur|Venusaur, L50, M|100/100
|switch|p1b: Grimmsnarl|Grimmsnarl, L50, M|100/100
|switch|p2a: Sidy|Incineroar, L50, M|100/100
|switch|p2b: odi et amo|Froslass, L50, F|100/100
|-ability|p2a: Sidy|Intimidate|boost
|-unboost|p1a: Venusaur|atk|1
|-unboost|p1b: Grimmsnarl|atk|1
|turn|1
|j| kelso shrug
|c| kelso shrug|Zorba
|c|☆Il Mule|il gatto
|inactive|KingCorba has 30 seconds left.
|inactive|KingCorba has 20 seconds left.
|inactive|KingCorba has 15 seconds left.
|
|t:|1782985055
|switch|p1a: Basculegion|Basculegion, L50, M|100/100
|detailschange|p2b: odi et amo|Froslass-Mega, L50, F
|-mega|p2b: odi et amo|Froslass|Froslassite
|-weather|Snowscape|[from] ability: Snow Warning|[of] p2b: odi et amo
|move|p2a: Sidy|Fake Out|p1b: Grimmsnarl
|-crit|p1b: Grimmsnarl
|-damage|p1b: Grimmsnarl|83/100
|cant|p1b: Grimmsnarl|flinch
|move|p2b: odi et amo|Nasty Plot|p2b: odi et amo
|-boost|p2b: odi et amo|spa|2
|
|-weather|Snowscape|[upkeep]
|upkeep
|turn|2
|c| kelso shrug|Ooooooohhhhhh
|inactive|KingCorba has 30 seconds left.
|
|t:|1782985084
|switch|p1b: Pelipper|Pelipper, L50, M|100/100
|-weather|RainDance|[from] ability: Drizzle|[of] p1b: Pelipper
|switch|p2a: la sburè|Sinistcha, L50|100/100
|move|p2b: odi et amo|Protect|p2b: odi et amo
|-singleturn|p2b: odi et amo|Protect
|move|p1a: Basculegion|Wave Crash|p2a: la sburè
|-resisted|p2a: la sburè|1
|-damage|p2a: la sburè|53/100
|-damage|p1a: Basculegion|86/100|[from] Recoil
|-damage|p1a: Basculegion|76/100|[from] item: Life Orb
|
|-weather|RainDance|[upkeep]
|upkeep
|turn|3
|
|t:|1782985104
|switch|p1a: Grimmsnarl|Grimmsnarl, L50, M|83/100
|switch|p2a: Quandro provo|Tyranitar, L50, M|100/100
|-weather|Sandstorm|[from] ability: Sand Stream|[of] p2a: Quandro provo
|move|p1b: Pelipper|Protect|p1b: Pelipper
|-singleturn|p1b: Pelipper|Protect
|move|p2b: odi et amo|Shadow Ball|p1a: Grimmsnarl
|-resisted|p1a: Grimmsnarl|1
|-damage|p1a: Grimmsnarl|53/100
|
|-weather|Sandstorm|[upkeep]
|-damage|p2b: odi et amo|93/100|[from] Sandstorm
|-damage|p1b: Pelipper|94/100|[from] Sandstorm
|-damage|p1a: Grimmsnarl|47/100|[from] Sandstorm
|upkeep
|turn|4
|
|t:|1782985123
|switch|p1b: Venusaur|Venusaur, L50, M|100/100
|move|p1a: Grimmsnarl|Light Screen|p1a: Grimmsnarl
|-sidestart|p1: KingCorba|move: Light Screen
|move|p2b: odi et amo|Blizzard|p1a: Grimmsnarl|[spread] p1a,p1b
|-supereffective|p1b: Venusaur|1
|-damage|p1a: Grimmsnarl|1/100
|-damage|p1b: Venusaur|6/100
|move|p2a: Quandro provo|Knock Off|p1b: Venusaur
|-damage|p1b: Venusaur|0 fnt
|faint|p1b: Venusaur
|
|-weather|Sandstorm|[upkeep]
|-damage|p2b: odi et amo|87/100|[from] Sandstorm
|-damage|p1a: Grimmsnarl|0 fnt|[from] Sandstorm
|faint|p1a: Grimmsnarl
|upkeep
|
|t:|1782985136
|switch|p1b: Pelipper|Pelipper, L50, M|94/100
|switch|p1a: Basculegion|Basculegion, L50, M|76/100
|-weather|RainDance|[from] ability: Drizzle|[of] p1b: Pelipper
|turn|5
|
|t:|1782985146
|switch|p2a: Sidy|Incineroar, L50, M|100/100
|-ability|p2a: Sidy|Intimidate|boost
|-unboost|p1a: Basculegion|atk|1
|-unboost|p1b: Pelipper|atk|1
|move|p2b: odi et amo|Protect|p2b: odi et amo
|-singleturn|p2b: odi et amo|Protect
|move|p1a: Basculegion|Last Respects|p2a: Sidy
|-resisted|p2a: Sidy|1
|-damage|p2a: Sidy|76/100
|-damage|p1a: Basculegion|66/100|[from] item: Life Orb
|move|p1b: Pelipper|Tailwind|p1b: Pelipper
|-sidestart|p1: KingCorba|move: Tailwind
|
|-weather|RainDance|[upkeep]
|upkeep
|turn|6
|j| Tridello
|inactive|KingCorba has 30 seconds left.
|inactive|Il Mule has 30 seconds left.
|
|t:|1782985172
|switch|p2b: Quandro provo|Tyranitar, L50, M|100/100
|-weather|Sandstorm|[from] ability: Sand Stream|[of] p2b: Quandro provo
|move|p1b: Pelipper|Weather Ball|p2a: Sidy
|-supereffective|p2a: Sidy|1
|-damage|p2a: Sidy|20/100y
|-enditem|p2a: Sidy|Sitrus Berry|[eat]
|-heal|p2a: Sidy|45/100|[from] item: Sitrus Berry
|move|p1a: Basculegion|Last Respects|p2b: Quandro provo
|-resisted|p2b: Quandro provo|1
|-damage|p2b: Quandro provo|74/100
|-damage|p1a: Basculegion|56/100|[from] item: Life Orb
|move|p2a: Sidy|Parting Shot|p1a: Basculegion
|-unboost|p1a: Basculegion|atk|1
|-unboost|p1a: Basculegion|spa|1
|
|t:|1782985185
|switch|p2a: la sburè|Sinistcha, L50|53/100|[from] Parting Shot
|-heal|p2b: Quandro provo|99/100|[from] ability: Hospitality|[of] p2a: la sburè
|
|-weather|Sandstorm|[upkeep]
|-damage|p1b: Pelipper|88/100|[from] Sandstorm
|-damage|p1a: Basculegion|50/100g|[from] Sandstorm
|-damage|p2a: la sburè|47/100|[from] Sandstorm
|upkeep
|turn|7
|inactive|KingCorba has 30 seconds left.
|inactive|KingCorba has 20 seconds left.
|
|t:|1782985220
|switch|p2a: Sidy|Incineroar, L50, M|45/100
|-ability|p2a: Sidy|Intimidate|boost
|-unboost|p1a: Basculegion|atk|1
|-unboost|p1b: Pelipper|atk|1
|move|p2b: Quandro provo|Protect|p2b: Quandro provo
|-singleturn|p2b: Quandro provo|Protect
|move|p1b: Pelipper|Hurricane|p2a: Sidy|[miss]
|-miss|p1b: Pelipper|p2a: Sidy
|move|p1a: Basculegion|Wave Crash|p2b: Quandro provo
|-activate|p2b: Quandro provo|move: Protect
|
|-weather|Sandstorm|[upkeep]
|-damage|p1b: Pelipper|82/100|[from] Sandstorm
|-damage|p1a: Basculegion|44/100|[from] Sandstorm
|-damage|p2a: Sidy|39/100|[from] Sandstorm
|upkeep
|turn|8
|
|t:|1782985241
|move|p2a: Sidy|Fake Out|p1b: Pelipper
|-damage|p1b: Pelipper|69/100
|cant|p1b: Pelipper|flinch
|move|p1a: Basculegion|Wave Crash|p2b: Quandro provo
|-supereffective|p2b: Quandro provo|1
|-damage|p2b: Quandro provo|48/100
|-damage|p1a: Basculegion|27/100|[from] Recoil
|-damage|p1a: Basculegion|17/100|[from] item: Life Orb
|move|p2b: Quandro provo|Dragon Dance|p2b: Quandro provo
|-boost|p2b: Quandro provo|atk|1
|-boost|p2b: Quandro provo|spe|1
|
|-weather|Sandstorm|[upkeep]
|-damage|p1b: Pelipper|63/100|[from] Sandstorm
|-damage|p1a: Basculegion|11/100|[from] Sandstorm
|-damage|p2a: Sidy|33/100|[from] Sandstorm
|-sideend|p1: KingCorba|move: Tailwind
|upkeep
|turn|9
|-message|KingCorba forfeited.
|
|win|Il Mule
||KingCorba is ready for game 2.
||Il Mule is ready for game 2.
|uhtml|next|Next: Game 2 of 3
