|badge|p2|silver|gen9doublesou|30-6
|uhtml|medal-msg|Curious what those medals under the avatar are? PS now has Ladder Seasons! For more information, check out the thread on Smogon.
|j|☆Metallicmadness
|j|☆genesis77
|html|Metallicmadnessgenesis77    
|uhtml|bestof|Game 3 of a best-of-3
|t:|1755745328
|gametype|doubles
|player|p1|Metallicmadness|byron|1380
|player|p2|genesis77|blaine|1369
|gen|9
|tier|[Gen 9] VGC 2025 Reg H (Bo3)
|rated|
|rule|Species Clause: Limit one of each Pokémon
|rule|Item Clause: Limit 1 of each item
|clearpoke
|poke|p1|Annihilape, L50, M|
|poke|p1|Kilowattrel, L50, M|
|poke|p1|Politoed, L50, F|
|poke|p1|Rillaboom, L50, F|
|poke|p1|Archaludon, L50, M|
|poke|p1|Incineroar, L50, M|
|poke|p2|Politoed, L50, M|
|poke|p2|Gothitelle, L50, M|
|poke|p2|Kingdra, L50, M|
|poke|p2|Archaludon, L50, M|
|poke|p2|Amoonguss, L50, M|
|poke|p2|Incineroar, L50, M|
|teampreview|4
|showteam|p1|Annihilape||Leftovers|Defiant|RageFist,BulkUp,Protect,DrainPunch|||M|||50|,,,,,Fire]Kilowattrel||FocusSash|Competitive|Hurricane,Tailwind,Discharge,Protect|||M|||50|,,,,,Electric]Politoed||SitrusBerry|Drizzle|MuddyWater,IceBeam,Protect,EarthPower|||F|||50|,,,,,Ground]Rillaboom||LoadedDice|GrassySurge|FakeOut,BulletSeed,HighHorsepower,GrassyGlide|||F|||50|,,,,,Stellar]Archaludon||AssaultVest|Stamina|BodyPress,DragonPulse,ElectroShot,FlashCannon|||M|||50|,,,,,Grass]Incineroar||SafetyGoggles|Intimidate|FakeOut,PartingShot,WillOWisp,KnockOff|||M|||50|,,,,,Ghost
|showteam|p2|Politoed||Leftovers|Drizzle|Protect,WeatherBall,Encore,PerishSong|||M|||50|,,,,,Grass]Gothitelle||SitrusBerry|ShadowTag|Protect,Psychic,TrickRoom,FakeOut|||M|||50|,,,,,Dark]Kingdra||LifeOrb|SwiftSwim|Protect,DracoMeteor,WeatherBall,MuddyWater|||M|||50|,,,,,Stellar]Archaludon||PowerHerb|Sturdy|Protect,ElectroShot,DragonPulse,FlashCannon|||M|||50|,,,,,Electric]Amoonguss||EjectButton|Regenerator|Protect,Spore,RagePowder,PollenPuff|||M|||50|,,,,,Fairy]Incineroar||SafetyGoggles|Intimidate|Protect,FakeOut,KnockOff,PartingShot|||M|||50|,,,,,Ghost
|inactive|Battle timer is ON: inactive players will automatically lose when time's up. (requested by genesis77)
|inactive|Metallicmadness also wants the timer to be on.
|inactive|Metallicmadness has 60 seconds left.
|inactive|genesis77 has 60 seconds left.
|
|t:|1755745384
|teamsize|p1|4
|teamsize|p2|4
|start
|switch|p1a: Rillaboom|Rillaboom, L50, F|100/100
|switch|p1b: Archaludon|Archaludon, L50, M|100/100
|switch|p2a: Gothitelle|Gothitelle, L50, M|100/100
|switch|p2b: Archaludon|Archaludon, L50, M|100/100
|-fieldstart|move: Grassy Terrain|[from] ability: Grassy Surge|[of] p1a: Rillaboom
|turn|1
|
|t:|1755745398
|switch|p2b: Amoonguss|Amoonguss, L50, M|100/100
|move|p1a: Rillaboom|Bullet Seed|p1b: Archaludon
|-resisted|p1b: Archaludon
|-damage|p1b: Archaludon|97/100
|-ability|p1b: Archaludon|Stamina|boost
|-boost|p1b: Archaludon|def|1
|-resisted|p1b: Archaludon
|-damage|p1b: Archaludon|94/100
|-ability|p1b: Archaludon|Stamina|boost
|-boost|p1b: Archaludon|def|1
|-resisted|p1b: Archaludon
|-damage|p1b: Archaludon|93/100
|-ability|p1b: Archaludon|Stamina|boost
|-boost|p1b: Archaludon|def|1
|-resisted|p1b: Archaludon
|-damage|p1b: Archaludon|91/100
|-ability|p1b: Archaludon|Stamina|boost
|-boost|p1b: Archaludon|def|1
|-resisted|p1b: Archaludon
|-damage|p1b: Archaludon|90/100
|-ability|p1b: Archaludon|Stamina|boost
|-boost|p1b: Archaludon|def|1
|-hitcount|p1b: Archaludon|5
|move|p1b: Archaludon|Body Press|p2b: Amoonguss
|-resisted|p2b: Amoonguss
|-damage|p2b: Amoonguss|67/100
|-enditem|p2b: Amoonguss|Eject Button
|
|t:|1755745413
|switch|p2b: Politoed|Politoed, L50, M|100/100
|-weather|RainDance|[from] ability: Drizzle|[of] p2b: Politoed
|move|p2a: Gothitelle|Trick Room|p2a: Gothitelle
|-fieldstart|move: Trick Room|[of] p2a: Gothitelle
|
|-weather|RainDance|[upkeep]
|-heal|p1b: Archaludon|96/100|[from] Grassy Terrain
|upkeep
|turn|2
|
|t:|1755745437
|switch|p2a: Amoonguss|Amoonguss, L50, M|99/100
|move|p2b: Politoed|Perish Song|p2b: Politoed
|-start|p1a: Rillaboom|perish3|[silent]
|-start|p1b: Archaludon|perish3|[silent]
|-start|p2a: Amoonguss|perish3|[silent]
|-start|p2b: Politoed|perish3|[silent]
|-fieldactivate|move: Perish Song
|move|p1b: Archaludon|Body Press|p2b: Politoed
|-damage|p2b: Politoed|15/100
|move|p1a: Rillaboom|Bullet Seed|p2b: Politoed
|-supereffective|p2b: Politoed
|-crit|p2b: Politoed
|-damage|p2b: Politoed|0 fnt
|faint|p2b: Politoed
|-hitcount|p2: Politoed|1
|
|-weather|RainDance|[upkeep]
|-heal|p2a: Amoonguss|100/100|[from] Grassy Terrain
|-heal|p1b: Archaludon|100/100|[from] Grassy Terrain
|-start|p2a: Amoonguss|perish3
|-start|p1b: Archaludon|perish3
|-start|p1a: Rillaboom|perish3
|upkeep
|
|t:|1755745445
|switch|p2b: Gothitelle|Gothitelle, L50, M|100/100
|turn|3
|
|t:|1755745462
|-terastallize|p1b: Archaludon|Grass
|move|p2b: Gothitelle|Fake Out|p1a: Rillaboom
|-damage|p1a: Rillaboom|93/100
|move|p2a: Amoonguss|Spore|p1b: Archaludon
|-immune|p1b: Archaludon
|move|p1b: Archaludon|Electro Shot||[still]
|-prepare|p1b: Archaludon|Electro Shot
|-boost|p1b: Archaludon|spa|1
|-anim|p1b: Archaludon|Electro Shot|p2a: Amoonguss
|-resisted|p2a: Amoonguss
|-damage|p2a: Amoonguss|73/100
|cant|p1a: Rillaboom|flinch
|
|-weather|RainDance|[upkeep]
|-heal|p2a: Amoonguss|78/100|[from] Grassy Terrain
|-heal|p1a: Rillaboom|99/100|[from] Grassy Terrain
|-start|p2a: Amoonguss|perish2
|-start|p1b: Archaludon|perish2
|-start|p1a: Rillaboom|perish2
|upkeep
|turn|4
|inactive|Metallicmadness has 30 seconds left.
|inactive|genesis77 has 30 seconds left.
|
|t:|1755745495
|switch|p2b: Archaludon|Archaludon, L50, M|100/100
|move|p2a: Amoonguss|Protect|p2a: Amoonguss
|-singleturn|p2a: Amoonguss|Protect
|move|p1b: Archaludon|Body Press|p2b: Archaludon
|-supereffective|p2b: Archaludon
|-ability|p2b: Archaludon|Sturdy
|-damage|p2b: Archaludon|1/100
|move|p1a: Rillaboom|Bullet Seed|p2b: Archaludon
|-resisted|p2b: Archaludon
|-damage|p2b: Archaludon|0 fnt
|faint|p2b: Archaludon
|-hitcount|p2: Archaludon|1
|
|-weather|RainDance|[upkeep]
|-heal|p2a: Amoonguss|84/100|[from] Grassy Terrain
|-heal|p1a: Rillaboom|100/100|[from] Grassy Terrain
|-start|p2a: Amoonguss|perish1
|-start|p1b: Archaludon|perish1
|-start|p1a: Rillaboom|perish1
|upkeep
|
|t:|1755745502
|switch|p2b: Gothitelle|Gothitelle, L50, M|100/100
|turn|5
|c|☆genesis77|gg
|-message|genesis77 forfeited.
|
|win|Metallicmadness
|raw|Metallicmadness's rating: 1380 → 1399(+19 for winning)
|raw|genesis77's rating: 1369 → 1350(-19 for losing)
|l|☆Metallicmadness
|player|p1|
