|j|☆bagunks
|j|☆hawaiianshaymin
|html|bagunkshawaiianshaymin    
|uhtml|bestof|Game 2 of a best-of-3
|t:|1786059752
|gametype|doubles
|player|p1|bagunks|sage|1151
|player|p2|hawaiianshaymin|265|1000
|gen|9
|tier|[Gen 9 Champions] VGC 2026 Reg M-B (Bo3)
|rated|
|rule|Species Clause: Limit one of each Pokémon
|rule|Item Clause: Limit 1 of each item
|clearpoke
|poke|p1|Farigiraf, L50, F|
|poke|p1|Scrafty, L50, M, shiny|
|poke|p1|Staraptor, L50, F|
|poke|p1|Sylveon, L50, F|
|poke|p1|Torkoal, L50, M, shiny|
|poke|p1|Vileplume, L50, F, shiny|
|poke|p2|Staraptor, L50, M|
|poke|p2|Gholdengo, L50|
|poke|p2|Talonflame, L50, F|
|poke|p2|Sinistcha, L50|
|poke|p2|Grimmsnarl, L50, M|
|poke|p2|Kangaskhan, L50, F|
|teampreview|4
|showteam|p1|Farigiraf||SitrusBerry|ArmorTail|HelpingHand,Psychic,Thunderbolt,TrickRoom|Calm||F|||50|]Scrafty||Scraftinite|Intimidate|CloseCombat,FakeOut,IronHead,KnockOff|Brave||M|||50|]Staraptor||ChoiceScarf|Intimidate|CloseCombat,DualWingbeat,FinalGambit,Uturn|Adamant||F|||50|]Sylveon||FairyFeather|Pixilate|Detect,HyperBeam,HyperVoice,QuickAttack|Modest||F|||50|]Torkoal||Charcoal|Drought|AncientPower,Eruption,HeatWave,Protect|Quiet||M|||50|]Vileplume||FocusSash|Chlorophyll|AfterYou,LeafStorm,SleepPowder,SludgeBomb|Timid||F|||50|
|showteam|p2|Staraptor||Staraptite|Intimidate|CloseCombat,BraveBird,Roost,Protect|Adamant||M|||50|]Gholdengo||LifeOrb|GoodasGold|MakeItRain,ShadowBall,NastyPlot,Protect|Modest|||||50|]Talonflame||FocusSash|GaleWings|Tailwind,DualWingbeat,WillOWisp,Protect|Jolly||F|||50|]Sinistcha||KasibBerry|Hospitality|MatchaGotcha,RagePowder,LifeDew,TrickRoom|Bold|||||50|]Grimmsnarl||LightClay|Prankster|ThroatChop,LightScreen,Reflect,PartingShot|Careful||M|||50|]Kangaskhan||Kangaskhanite|Scrappy|FakeOut,DoubleEdge,DrainPunch,SuckerPunch|Adamant||F|||50|
|
|t:|1786059780
|teamsize|p1|4
|teamsize|p2|4
|start
|switch|p1a: Farigiraf|Farigiraf, L50, F|100/100
|switch|p1b: Torkoal|Torkoal, L50, M, shiny|100/100
|switch|p2a: Staraptor|Staraptor, L50, M|100/100
|switch|p2b: Grimmsnarl|Grimmsnarl, L50, M|100/100
|-ability|p2a: Staraptor|Intimidate|boost
|-unboost|p1a: Farigiraf|atk|1
|-unboost|p1b: Torkoal|atk|1
|-weather|SunnyDay|[from] ability: Drought|[of] p1b: Torkoal
|turn|1
|
|t:|1786059800
|detailschange|p2a: Staraptor|Staraptor-Mega, L50, M
|-mega|p2a: Staraptor|Staraptor|Staraptite
|move|p1b: Torkoal|Protect|p1b: Torkoal
|-singleturn|p1b: Torkoal|Protect
|move|p2b: Grimmsnarl|Light Screen|p2b: Grimmsnarl
|-sidestart|p2: hawaiianshaymin|move: Light Screen
|move|p2a: Staraptor|Close Combat|p1a: Farigiraf
|-damage|p1a: Farigiraf|38/100
|-boost|p2a: Staraptor|def|1
|-boost|p2a: Staraptor|spd|1
|-enditem|p1a: Farigiraf|Sitrus Berry|[eat]
|-heal|p1a: Farigiraf|63/100|[from] item: Sitrus Berry
|move|p1a: Farigiraf|Trick Room|p1a: Farigiraf
|-fieldstart|move: Trick Room|[of] p1a: Farigiraf
|
|-weather|SunnyDay|[upkeep]
|upkeep
|turn|2
|
|t:|1786059829
|move|p1b: Torkoal|Eruption|p2a: Staraptor|[spread] p2a,p2b
|-damage|p2a: Staraptor|63/100
|-damage|p2b: Grimmsnarl|53/100
|move|p1a: Farigiraf|Psychic|p2a: Staraptor
|-supereffective|p2a: Staraptor|1
|-damage|p2a: Staraptor|33/100
|move|p2b: Grimmsnarl|Throat Chop|p1a: Farigiraf
|-supereffective|p1a: Farigiraf|1
|-damage|p1a: Farigiraf|0 fnt
|faint|p1a: Farigiraf
|move|p2a: Staraptor|Close Combat|p1b: Torkoal
|-damage|p1b: Torkoal|51/100
|-boost|p2a: Staraptor|def|1
|-boost|p2a: Staraptor|spd|1
|
|-weather|SunnyDay|[upkeep]
|upkeep
|
|t:|1786059843
|switch|p1a: Scrafty|Scrafty, L50, M, shiny|100/100
|-ability|p1a: Scrafty|Intimidate|boost
|-boost|p2a: Staraptor|atk|1
|-unboost|p2b: Grimmsnarl|atk|1
|turn|3
|
|t:|1786059859
|move|p2a: Staraptor|Protect|p2a: Staraptor
|-singleturn|p2a: Staraptor|Protect
|move|p2b: Grimmsnarl|Parting Shot|p1b: Torkoal
|-unboost|p1b: Torkoal|atk|1
|-unboost|p1b: Torkoal|spa|1
|
|t:|1786059864
|switch|p2b: Sinistcha|Sinistcha, L50|100/100|[from] Parting Shot
|-heal|p2a: Staraptor|58/100|[from] ability: Hospitality|[of] p2b: Sinistcha
|move|p1b: Torkoal|Heat Wave|p2a: Staraptor|[spread] p2b
|-activate|p2a: Staraptor|move: Protect
|-supereffective|p2b: Sinistcha|1
|-damage|p2b: Sinistcha|43/100
|move|p1a: Scrafty|Iron Head|p2b: Sinistcha
|-damage|p2b: Sinistcha|25/100
|
|-weather|SunnyDay|[upkeep]
|upkeep
|turn|4
|
|t:|1786059882
|move|p1b: Torkoal|Heat Wave|p2a: Staraptor|[spread] p2a,p2b
|-supereffective|p2b: Sinistcha|1
|-damage|p2a: Staraptor|46/100
|-damage|p2b: Sinistcha|0 fnt
|-status|p2a: Staraptor|brn
|faint|p2b: Sinistcha
|move|p1a: Scrafty|Iron Head|p2a: Staraptor
|-damage|p2a: Staraptor|35/100 brn
|move|p2a: Staraptor|Close Combat|p1a: Scrafty
|-supereffective|p1a: Scrafty|1
|-damage|p1a: Scrafty|14/100
|-boost|p2a: Staraptor|def|1
|-boost|p2a: Staraptor|spd|1
|
|-weather|SunnyDay|[upkeep]
|-damage|p2a: Staraptor|28/100 brn|[from] brn
|upkeep
|
|t:|1786059897
|switch|p2b: Gholdengo|Gholdengo, L50|100/100
|turn|5
|
|t:|1786059908
|switch|p1b: Vileplume|Vileplume, L50, F, shiny|100/100
|move|p2b: Gholdengo|Protect|p2b: Gholdengo
|-singleturn|p2b: Gholdengo|Protect
|move|p1a: Scrafty|Knock Off|p2b: Gholdengo
|-activate|p2b: Gholdengo|move: Protect
|move|p2a: Staraptor|Roost|p2a: Staraptor
|-heal|p2a: Staraptor|79/100 brn
|-singleturn|p2a: Staraptor|move: Roost
|
|-weather|none
|-damage|p2a: Staraptor|72/100 brn|[from] brn
|-fieldend|move: Trick Room
|upkeep
|turn|6
|-message|bagunks forfeited.
|
|win|hawaiianshaymin
|l|☆bagunks
|player|p1|
||bagunks is ready for game 3.
||hawaiianshaymin is ready for game 3.
|uhtml|next|Next: Game 3 of 3
