|j|☆KrimsunFizz
|j|☆d1mo22
|html|KrimsunFizzd1mo22    
|uhtml|bestof|Game 3 of a best-of-3
|t:|1784147885
|gametype|doubles
|player|p1|KrimsunFizz|170|1100
|player|p2|d1mo22|skier|1160
|gen|9
|tier|[Gen 9 Champions] VGC 2026 Reg M-B (Bo3)
|rated|
|rule|Species Clause: Limit one of each Pokémon
|rule|Item Clause: Limit 1 of each item
|clearpoke
|poke|p1|Sceptile, L50, M, shiny|
|poke|p1|Talonflame, L50, M, shiny|
|poke|p1|Rotom-Wash, L50, shiny|
|poke|p1|Floette-Eternal, L50, F|
|poke|p1|Garchomp, L50, M|
|poke|p1|Kingambit, L50, M|
|poke|p2|Raichu, L50, F|
|poke|p2|Gyarados, L50, M, shiny|
|poke|p2|Mamoswine, L50, M|
|poke|p2|Ceruledge, L50, M|
|poke|p2|Sinistcha, L50|
|poke|p2|Kingambit, L50, M, shiny|
|teampreview|4
|showteam|p1|Sceptile||Sceptilite|Overgrow|DragonPulse,EnergyBall,EarthPower,Protect|Timid||M|||50|]Talonflame||SharpBeak|GaleWings|DualWingbeat,FlareBlitz,Tailwind,QuickGuard|Jolly||M|||50|]Rotom-Wash||ChoiceScarf|Levitate|Discharge,HydroPump,Thunderbolt,VoltSwitch|Timid|||||50|]Floette-Eternal||Floettite|FlowerVeil|DrainingKiss,DazzlingGleam,CalmMind,Protect|Modest||F|||50|]Garchomp||LifeOrb|RoughSkin|StompingTantrum,DragonClaw,RockSlide,Protect|Jolly||M|||50|]Kingambit||ChopleBerry|Defiant|KowtowCleave,SuckerPunch,IronHead,Protect|Adamant||M|||50|
|showteam|p2|Raichu||RaichuniteY|LightningRod|FakeOut,Encore,ZapCannon,FocusBlast|Timid||F|||50|]Gyarados||Gyaradosite|Intimidate|LashOut,Waterfall,DragonDance,Protect|Adamant||M|||50|]Mamoswine||LifeOrb|Oblivious|Protect,IcicleCrash,IceShard,HighHorsepower|Jolly||M|||50|]Ceruledge||ColburBerry|FlashFire|BitterBlade,ShadowSneak,BulkUp,Protect|Adamant||M|||50|]Sinistcha||SitrusBerry|Hospitality|Protect,RagePowder,MatchaGotcha,LifeDew|Bold|||||50|]Kingambit||FocusSash|Defiant|Protect,SuckerPunch,KowtowCleave,IronHead|Adamant||M|||50|
|inactive|Battle timer is ON: inactive players will automatically lose when time's up. (requested by KrimsunFizz)
|inactive|d1mo22 has 60 seconds left.
|
|t:|1784147950
|teamsize|p1|4
|teamsize|p2|4
|start
|switch|p1a: Talonflame|Talonflame, L50, M, shiny|100/100
|switch|p1b: Sceptile|Sceptile, L50, M, shiny|100/100
|switch|p2a: Ceruledge|Ceruledge, L50, M|100/100
|switch|p2b: Raichu|Raichu, L50, F|100/100
|turn|1
|
|t:|1784147975
|detailschange|p1b: Sceptile|Sceptile-Mega, L50, M, shiny
|-mega|p1b: Sceptile|Sceptile|Sceptilite
|detailschange|p2b: Raichu|Raichu-Mega-Y, L50, F
|-mega|p2b: Raichu|Raichu|Raichunite Y
|move|p1a: Talonflame|Quick Guard|p1a: Talonflame
|-singleturn|p1a: Talonflame|Quick Guard
|move|p1b: Sceptile|Earth Power|p2a: Ceruledge
|-supereffective|p2a: Ceruledge|1
|-damage|p2a: Ceruledge|39/100
|move|p2b: Raichu|Focus Blast|p1b: Sceptile
|-damage|p1b: Sceptile|42/100
|move|p2a: Ceruledge|Bulk Up|p2a: Ceruledge
|-boost|p2a: Ceruledge|atk|1
|-boost|p2a: Ceruledge|def|1
|
|upkeep
|turn|2
|
|t:|1784147997
|move|p2a: Ceruledge|Protect|p2a: Ceruledge
|-singleturn|p2a: Ceruledge|Protect
|move|p1a: Talonflame|Tailwind|p1a: Talonflame
|-sidestart|p1: KrimsunFizz|move: Tailwind
|move|p1b: Sceptile|Earth Power|p2b: Raichu
|-supereffective|p2b: Raichu|1
|-damage|p2b: Raichu|10/100
|move|p2b: Raichu|Encore|p1a: Talonflame
|-start|p1a: Talonflame|Encore
|
|upkeep
|turn|3
|
|t:|1784148014
|switch|p1a: Garchomp|Garchomp, L50, M|100/100
|switch|p2b: Sinistcha|Sinistcha, L50|100/100
|-heal|p2a: Ceruledge|64/100|[from] ability: Hospitality|[of] p2b: Sinistcha
|move|p2a: Ceruledge|Shadow Sneak|p1b: Sceptile
|-damage|p1b: Sceptile|0 fnt
|faint|p1b: Sceptile
|
|upkeep
|
|t:|1784148025
|switch|p1b: Rotom|Rotom-Wash, L50, shiny|100/100
|turn|4
|
|t:|1784148048
|move|p2a: Ceruledge|Protect|p2a: Ceruledge
|-singleturn|p2a: Ceruledge|Protect
|move|p1b: Rotom|Discharge|p2b: Sinistcha|[spread] p2b
|-activate|p2a: Ceruledge|move: Protect
|-immune|p1a: Garchomp
|-resisted|p2b: Sinistcha|1
|-damage|p2b: Sinistcha|88/100
|move|p1a: Garchomp|Rock Slide|p2b: Sinistcha|[spread] p2b
|-activate|p2a: Ceruledge|move: Protect
|-damage|p2b: Sinistcha|68/100
|-damage|p1a: Garchomp|90/100|[from] item: Life Orb
|cant|p2b: Sinistcha|flinch
|
|upkeep
|turn|5
|inactive|d1mo22 has 30 seconds left.
|inactive|d1mo22 has 20 seconds left.
|
|t:|1784148088
|move|p1b: Rotom|Discharge|p2b: Sinistcha|[spread] p2a,p2b
|-immune|p1a: Garchomp
|-resisted|p2b: Sinistcha|1
|-damage|p2a: Ceruledge|39/100
|-damage|p2b: Sinistcha|54/100
|move|p1a: Garchomp|Rock Slide|p2b: Sinistcha|[spread] p2b
|-miss|p1a: Garchomp|p2a: Ceruledge
|-damage|p2b: Sinistcha|31/100
|-enditem|p2b: Sinistcha|Sitrus Berry|[eat]
|-heal|p2b: Sinistcha|56/100|[from] item: Sitrus Berry
|-damage|p1a: Garchomp|80/100|[from] item: Life Orb
|move|p2a: Ceruledge|Bitter Blade|p1b: Rotom
|-resisted|p1b: Rotom|1
|-damage|p1b: Rotom|56/100
|-heal|p2a: Ceruledge|54/100|[from] drain|[of] p1b: Rotom
|move|p2b: Sinistcha|Life Dew|p2b: Sinistcha|[spread] p2a,p2b
|-heal|p2a: Ceruledge|80/100
|-heal|p2b: Sinistcha|81/100
|
|-sideend|p1: KrimsunFizz|move: Tailwind
|upkeep
|turn|6
|inactive|KrimsunFizz has 30 seconds left.
|inactive|d1mo22 has 30 seconds left.
|
|t:|1784148123
|move|p2b: Sinistcha|Rage Powder|p2b: Sinistcha
|-singleturn|p2b: Sinistcha|move: Rage Powder
|move|p1b: Rotom|Discharge|p2a: Ceruledge|[spread] p2a,p2b
|-immune|p1a: Garchomp
|-resisted|p2b: Sinistcha|1
|-damage|p2a: Ceruledge|56/100
|-damage|p2b: Sinistcha|69/100
|move|p1a: Garchomp|Rock Slide|p2a: Ceruledge|[spread] p2a,p2b
|-supereffective|p2a: Ceruledge|1
|-damage|p2a: Ceruledge|19/100
|-damage|p2b: Sinistcha|47/100
|-damage|p1a: Garchomp|70/100|[from] item: Life Orb
|move|p2a: Ceruledge|Bulk Up|p2a: Ceruledge
|-boost|p2a: Ceruledge|atk|1
|-boost|p2a: Ceruledge|def|1
|
|upkeep
|turn|7
|inactive|KrimsunFizz has 30 seconds left.
|
|t:|1784148155
|switch|p2b: Raichu|Raichu-Mega-Y, L50, F|10/100
|move|p2a: Ceruledge|Protect|p2a: Ceruledge
|-singleturn|p2a: Ceruledge|Protect
|move|p1b: Rotom|Discharge|p2a: Ceruledge|[spread] p2b
|-activate|p2a: Ceruledge|move: Protect
|-immune|p1a: Garchomp
|-resisted|p2b: Raichu|1
|-damage|p2b: Raichu|0 fnt
|faint|p2b: Raichu
|move|p1a: Garchomp|Rock Slide|p2a: Ceruledge
|-activate|p2a: Ceruledge|move: Protect
|
|upkeep
|
|t:|1784148168
|switch|p2b: Mamoswine|Mamoswine, L50, M|100/100
|turn|8
|inactive|KrimsunFizz has 30 seconds left.
|
|t:|1784148206
|move|p2b: Mamoswine|Ice Shard|p1a: Garchomp
|-supereffective|p1a: Garchomp|2
|-damage|p1a: Garchomp|0 fnt
|faint|p1a: Garchomp
|-damage|p2b: Mamoswine|90/100|[from] item: Life Orb
|move|p1b: Rotom|Discharge|p2a: Ceruledge|[spread] p2a
|-immune|p2b: Mamoswine
|-damage|p2a: Ceruledge|0 fnt
|faint|p2a: Ceruledge
|
|upkeep
|
|t:|1784148216
|switch|p1a: Talonflame|Talonflame, L50, M, shiny|100/100
|switch|p2a: Sinistcha|Sinistcha, L50|47/100
|-heal|p2b: Mamoswine|100/100|[from] ability: Hospitality|[of] p2a: Sinistcha
|turn|9
|
|t:|1784148232
|move|p2a: Sinistcha|Rage Powder|p2a: Sinistcha
|-singleturn|p2a: Sinistcha|move: Rage Powder
|move|p1b: Rotom|Discharge|p2a: Sinistcha|[spread] p1a,p2a
|-immune|p2b: Mamoswine
|-supereffective|p1a: Talonflame|1
|-resisted|p2a: Sinistcha|1
|-damage|p1a: Talonflame|9/100
|-damage|p2a: Sinistcha|34/100
|move|p1a: Talonflame|Flare Blitz|p2a: Sinistcha
|-supereffective|p2a: Sinistcha|1
|-damage|p2a: Sinistcha|0 fnt
|faint|p2a: Sinistcha
|-damage|p1a: Talonflame|0 fnt|[from] Recoil
|faint|p1a: Talonflame
|move|p2b: Mamoswine|Icicle Crash|p1b: Rotom
|-resisted|p1b: Rotom|1
|-damage|p1b: Rotom|18/100
|-damage|p2b: Mamoswine|90/100|[from] item: Life Orb
|
|upkeep
|turn|10
|-message|KrimsunFizz forfeited.
|raw|KrimsunFizz's rating: 1100 → 1079(-21 for losing)
|raw|d1mo22's rating: 1160 → 1181(+21 for winning)
|
|win|d1mo22
