|j|☆pokeopposition
|j|☆santicifupe
|html|pokeoppositionsanticifupe    
|uhtml|bestof|Game 1 of a best-of-3
|t:|1783195497
|gametype|doubles
|player|p1|pokeopposition|silver|1161
|player|p2|santicifupe|iris-gen5bw2|1149
|gen|9
|tier|[Gen 9 Champions] VGC 2026 Reg M-B (Bo3)
|rated|
|rule|Species Clause: Limit one of each Pokémon
|rule|Item Clause: Limit 1 of each item
|clearpoke
|poke|p1|Steelix, L50, F|
|poke|p1|Tyranitar, L50, M|
|poke|p1|Incineroar, L50, F|
|poke|p1|Sneasler, L50, F|
|poke|p1|Sinistcha, L50, shiny|
|poke|p1|Rotom-Wash, L50|
|poke|p2|Milotic, L50, F, shiny|
|poke|p2|Incineroar, L50, F|
|poke|p2|Sinistcha-Masterpiece, L50, shiny|
|poke|p2|Floette-Eternal, L50, F, shiny|
|poke|p2|Sneasler, L50, F, shiny|
|poke|p2|Blaziken, L50, M|
|teampreview|4
|showteam|p1|Steelix||Steelixite|Sturdy|HighHorsepower,HeavySlam,WideGuard,Protect|Brave||F|||50|]Tyranitar||Tyranitarite|SandStream|KnockOff,DragonDance,RockSlide,Protect|Jolly||M|||50|]Incineroar||PasshoBerry|Intimidate|FakeOut,PartingShot,FlareBlitz,ThroatChop|Careful||F|||50|]Sneasler||WhiteHerb|Unburden|FakeOut,Protect,CloseCombat,DireClaw|Jolly||F|||50|]Sinistcha||SitrusBerry|Hospitality|MatchaGotcha,TrickRoom,RagePowder,Protect|Relaxed|||||50|]Rotom-Wash||Leftovers|Levitate|WillOWisp,HydroPump,Thunderbolt,LightScreen|Bold|||||50|
|showteam|p2|Milotic||Leftovers|Competitive|MuddyWater,Recover,Hypnosis,Coil|Calm||F|||50|]Incineroar||SitrusBerry|Intimidate|FakeOut,FlareBlitz,ThroatChop,PartingShot|Careful||F|||50|]Sinistcha-Masterpiece||KasibBerry|Hospitality|MatchaGotcha,Protect,TrickRoom,RagePowder|Bold|||||50|]Floette-Eternal||Floettite|FlowerVeil|CalmMind,Protect,DrainingKiss,DazzlingGleam|Modest||F|||50|]Sneasler||FocusSash|PoisonTouch|FakeOut,Protect,DireClaw,CloseCombat|Jolly||F|||50|]Blaziken||Blazikenite|SpeedBoost|RockSlide,SwordsDance,Protect,CloseCombat|Adamant||M|||50|
|inactive|Battle timer is ON: inactive players will automatically lose when time's up. (requested by santicifupe)
|
|t:|1783195514
|teamsize|p1|4
|teamsize|p2|4
|start
|switch|p1a: Sinistcha|Sinistcha, L50, shiny|100/100
|switch|p1b: Incineroar|Incineroar, L50, F|100/100
|switch|p2a: Blaziken|Blaziken, L50, M|100/100
|switch|p2b: Sneasler|Sneasler, L50, F, shiny|100/100
|-ability|p1b: Incineroar|Intimidate|boost
|-unboost|p2a: Blaziken|atk|1
|-unboost|p2b: Sneasler|atk|1
|turn|1
|
|t:|1783195538
|detailschange|p2a: Blaziken|Blaziken-Mega, L50, M
|-mega|p2a: Blaziken|Blaziken|Blazikenite
|move|p2b: Sneasler|Fake Out|p1b: Incineroar
|-damage|p1b: Incineroar|92/100
|move|p2a: Blaziken|Swords Dance|p2a: Blaziken
|-boost|p2a: Blaziken|atk|2
|cant|p1b: Incineroar|flinch
|move|p1a: Sinistcha|Trick Room|p1a: Sinistcha
|-fieldstart|move: Trick Room|[of] p1a: Sinistcha
|
|-ability|p2a: Blaziken|Speed Boost|boost
|-boost|p2a: Blaziken|spe|1
|upkeep
|turn|2
|
|t:|1783195552
|move|p1a: Sinistcha|Rage Powder|p1a: Sinistcha
|-singleturn|p1a: Sinistcha|move: Rage Powder
|move|p1b: Incineroar|Parting Shot|p2a: Blaziken
|-unboost|p2a: Blaziken|atk|1
|-unboost|p2a: Blaziken|spa|1
|
|t:|1783195555
|switch|p1b: Steelix|Steelix, L50, F|100/100|[from] Parting Shot
|move|p2b: Sneasler|Dire Claw|p1a: Sinistcha
|-crit|p1a: Sinistcha
|-damage|p1a: Sinistcha|47/100
|-enditem|p1a: Sinistcha|Sitrus Berry|[eat]
|-heal|p1a: Sinistcha|72/100|[from] item: Sitrus Berry
|move|p2a: Blaziken|Close Combat|p1a: Sinistcha
|-immune|p1a: Sinistcha
|
|-ability|p2a: Blaziken|Speed Boost|boost
|-boost|p2a: Blaziken|spe|1
|upkeep
|turn|3
|
|t:|1783195580
|switch|p2b: Sinistcha|Sinistcha-Masterpiece, L50, shiny|100/100
|detailschange|p1b: Steelix|Steelix-Mega, L50, F
|-mega|p1b: Steelix|Steelix|Steelixite
|move|p2a: Blaziken|Protect|p2a: Blaziken
|-singleturn|p2a: Blaziken|Protect
|move|p1b: Steelix|High Horsepower|p2b: Sinistcha
|-resisted|p2b: Sinistcha|1
|-damage|p2b: Sinistcha|80/100
|move|p1a: Sinistcha|Matcha Gotcha|p2a: Blaziken|[spread] p2b
|-activate|p2a: Blaziken|move: Protect
|-resisted|p2b: Sinistcha|1
|-damage|p2b: Sinistcha|67/100
|-heal|p1a: Sinistcha|79/100|[from] drain|[of] p2b: Sinistcha
|-status|p2b: Sinistcha|brn
|
|-damage|p2b: Sinistcha|61/100 brn|[from] brn
|-ability|p2a: Blaziken|Speed Boost|boost
|-boost|p2a: Blaziken|spe|1
|upkeep
|turn|4
|inactive|pokeopposition has 30 seconds left.
|
|t:|1783195610
|move|p1a: Sinistcha|Rage Powder|p1a: Sinistcha
|-singleturn|p1a: Sinistcha|move: Rage Powder
|move|p2b: Sinistcha|Rage Powder|p2b: Sinistcha
|-singleturn|p2b: Sinistcha|move: Rage Powder
|move|p1b: Steelix|Heavy Slam|p2b: Sinistcha
|-damage|p2b: Sinistcha|10/100 brn
|move|p2a: Blaziken|Swords Dance|p2a: Blaziken
|-boost|p2a: Blaziken|atk|2
|
|-damage|p2b: Sinistcha|4/100 brn|[from] brn
|-ability|p2a: Blaziken|Speed Boost|boost
|-boost|p2a: Blaziken|spe|1
|upkeep
|turn|5
|
|t:|1783195631
|switch|p1b: Incineroar|Incineroar, L50, F|92/100
|-ability|p1b: Incineroar|Intimidate|boost
|-unboost|p2a: Blaziken|atk|1
|-unboost|p2b: Sinistcha|atk|1
|move|p1a: Sinistcha|Protect|p1a: Sinistcha
|-singleturn|p1a: Sinistcha|Protect
|move|p2a: Blaziken|Protect|p2a: Blaziken
|-singleturn|p2a: Blaziken|Protect
|move|p2b: Sinistcha|Matcha Gotcha|p1a: Sinistcha|[spread] p1b
|-activate|p1a: Sinistcha|move: Protect
|-resisted|p1b: Incineroar|1
|-damage|p1b: Incineroar|81/100
|-heal|p2b: Sinistcha|10/100 brn|[from] drain|[of] p1b: Incineroar
|
|-damage|p2b: Sinistcha|4/100 brn|[from] brn
|-fieldend|move: Trick Room
|-ability|p2a: Blaziken|Speed Boost|boost
|-boost|p2a: Blaziken|spe|1
|upkeep
|turn|6
|
|t:|1783195651
|switch|p1a: Steelix|Steelix-Mega, L50, F|100/100
|move|p1b: Incineroar|Fake Out|p2a: Blaziken
|-damage|p2a: Blaziken|86/100
|cant|p2a: Blaziken|flinch
|move|p2b: Sinistcha|Trick Room|p2b: Sinistcha
|-fieldstart|move: Trick Room|[of] p2b: Sinistcha
|
|-damage|p2b: Sinistcha|0 fnt|[from] brn
|faint|p2b: Sinistcha
|-ability|p2a: Blaziken|Speed Boost|boost
|-boost|p2a: Blaziken|spe|1
|upkeep
|
|t:|1783195660
|switch|p2b: wolfe's nigthmare|Incineroar, L50, F|100/100
|-ability|p2b: wolfe's nigthmare|Intimidate|boost
|-unboost|p1a: Steelix|atk|1
|-unboost|p1b: Incineroar|atk|1
|turn|7
|
|t:|1783195670
|switch|p1a: Sinistcha|Sinistcha, L50, shiny|79/100
|-heal|p1b: Incineroar|100/100|[from] ability: Hospitality|[of] p1a: Sinistcha
|move|p2b: wolfe's nigthmare|Fake Out|p1a: Sinistcha
|-immune|p1a: Sinistcha
|move|p1b: Incineroar|Parting Shot|p2a: Blaziken
|-unboost|p2a: Blaziken|atk|1
|-unboost|p2a: Blaziken|spa|1
|
|t:|1783195678
|switch|p1b: Steelix|Steelix-Mega, L50, F|100/100|[from] Parting Shot
|move|p2a: Blaziken|Close Combat|p1b: Steelix
|-supereffective|p1b: Steelix|1
|-damage|p1b: Steelix|27/100
|-unboost|p2a: Blaziken|def|1
|-unboost|p2a: Blaziken|spd|1
|
|upkeep
|turn|8
|
|t:|1783195696
|switch|p1a: Tyranitar|Tyranitar, L50, M|100/100
|-weather|Sandstorm|[from] ability: Sand Stream|[of] p1a: Tyranitar
|switch|p2a: Sneasler|Sneasler, L50, F, shiny|100/100
|move|p1b: Steelix|High Horsepower|p2b: wolfe's nigthmare
|-supereffective|p2b: wolfe's nigthmare|1
|-damage|p2b: wolfe's nigthmare|0 fnt
|faint|p2b: wolfe's nigthmare
|
|-weather|Sandstorm|[upkeep]
|-damage|p2a: Sneasler|94/100|[from] Sandstorm
|upkeep
|
|t:|1783195703
|switch|p2b: Blaziken|Blaziken-Mega, L50, M|86/100
|turn|9
|-message|santicifupe forfeited.
|
|win|pokeopposition
|l|☆santicifupe
|player|p2|
||santicifupe is ready for game 2.
