|j|☆Victor231
|j|☆mammamiapik
|html|Victor231mammamiapik    
|uhtml|bestof|Game 2 of a best-of-3
|t:|1784143296
|gametype|doubles
|player|p1|Victor231|266|1000
|player|p2|mammamiapik|benga|1089
|gen|9
|tier|[Gen 9 Champions] VGC 2026 Reg M-B (Bo3)
|rated|
|rule|Species Clause: Limit one of each Pokémon
|rule|Item Clause: Limit 1 of each item
|clearpoke
|poke|p1|Floette-Eternal, L50, F|
|poke|p1|Incineroar, L50, M|
|poke|p1|Sinistcha-Masterpiece, L50|
|poke|p1|Rotom-Wash, L50|
|poke|p1|Sneasler, L50, F|
|poke|p1|Metagross, L50|
|poke|p2|Gengar, L50, M|
|poke|p2|Politoed, L50, M|
|poke|p2|Incineroar, L50, F|
|poke|p2|Archaludon, L50, F|
|poke|p2|Meowscarada, L50, F|
|poke|p2|Raichu, L50, M|
|teampreview|4
|showteam|p1|Floette-Eternal||Floettite|FlowerVeil|DazzlingGleam,DrainingKiss,CalmMind,Protect|Modest||F|||50|]Incineroar||SitrusBerry|Intimidate|FakeOut,PartingShot,ThroatChop,FlareBlitz|Careful||M|||50|]Sinistcha-Masterpiece||KasibBerry|Hospitality|MatchaGotcha,LifeDew,TrickRoom,RagePowder|Calm|||||50|]Rotom-Wash||ChoiceScarf|Levitate|VoltSwitch,WillOWisp,HydroPump,Trick|Modest|||||50|]Sneasler||WhiteHerb|Unburden|FakeOut,Coaching,DireClaw,CloseCombat|Jolly||F|||50|]Metagross||Metagrossite|ClearBody|BulletPunch,PsychicFangs,Protect,IcePunch|Jolly|||||50|
|showteam|p2|Gengar||Gengarite|CursedBody|PerishSong,ShadowBall,Substitute,Protect|Timid||M|||50|]Politoed||SitrusBerry|Drizzle|WeatherBall,PerishSong,Encore,Protect|Bold||M|||50|]Incineroar||PasshoBerry|Intimidate|FakeOut,ThroatChop,PartingShot,Protect|Sassy||F|||50|]Archaludon||Leftovers|Stamina|ElectroShot,DragonPulse,FlashCannon,Protect|Modest||F|||50|]Meowscarada||LifeOrb|Protean|FlowerTrick,SuckerPunch,TripleAxel,Protect|Jolly||F|||50|]Raichu||RaichuniteX|Static|FakeOut,RisingVoltage,VoltTackle,Protect|Hasty||M|||50|
|inactive|Battle timer is ON: inactive players will automatically lose when time's up. (requested by mammamiapik)
|
|t:|1784143331
|teamsize|p1|4
|teamsize|p2|4
|start
|switch|p1a: Floette|Floette-Eternal, L50, F|100/100
|switch|p1b: Incineroar|Incineroar, L50, M|100/100
|switch|p2a: Gengar|Gengar, L50, M|100/100
|switch|p2b: Incineroar|Incineroar, L50, F|100/100
|-ability|p1b: Incineroar|Intimidate|boost
|-unboost|p2a: Gengar|atk|1
|-unboost|p2b: Incineroar|atk|1
|-ability|p2b: Incineroar|Intimidate|boost
|-unboost|p1a: Floette|atk|1
|-unboost|p1b: Incineroar|atk|1
|turn|1
|
|t:|1784143356
|detailschange|p2a: Gengar|Gengar-Mega, L50, M
|-mega|p2a: Gengar|Gengar|Gengarite
|detailschange|p1a: Floette|Floette-Mega, L50, F
|-mega|p1a: Floette|Floette|Floettite
|-ability|p1a: Floette|Fairy Aura
|move|p1b: Incineroar|Fake Out|p2b: Incineroar
|-damage|p2b: Incineroar|94/100
|cant|p2b: Incineroar|flinch
|move|p2a: Gengar|Perish Song|p2a: Gengar
|-start|p1a: Floette|perish3|[silent]
|-start|p1b: Incineroar|perish3|[silent]
|-start|p2a: Gengar|perish3|[silent]
|-start|p2b: Incineroar|perish3|[silent]
|-fieldactivate|move: Perish Song
|move|p1a: Floette|Calm Mind|p1a: Floette
|-boost|p1a: Floette|spa|1
|-boost|p1a: Floette|spd|1
|
|-start|p2a: Gengar|perish3
|-start|p1a: Floette|perish3
|-start|p1b: Incineroar|perish3
|-start|p2b: Incineroar|perish3
|upkeep
|turn|2
|
|t:|1784143380
|move|p2a: Gengar|Protect|p2a: Gengar
|-singleturn|p2a: Gengar|Protect
|move|p2b: Incineroar|Protect|p2b: Incineroar
|-singleturn|p2b: Incineroar|Protect
|move|p1a: Floette|Calm Mind|p1a: Floette
|-boost|p1a: Floette|spa|1
|-boost|p1a: Floette|spd|1
|move|p1b: Incineroar|Flare Blitz|p2a: Gengar
|-activate|p2a: Gengar|move: Protect
|
|-start|p2a: Gengar|perish2
|-start|p1a: Floette|perish2
|-start|p1b: Incineroar|perish2
|-start|p2b: Incineroar|perish2
|upkeep
|turn|3
|inactive|Victor231 has 30 seconds left.
|
|t:|1784143409
|switch|p2a: Politoed|Politoed, L50, M|100/100
|-weather|RainDance|[from] ability: Drizzle|[of] p2a: Politoed
|move|p1a: Floette|Dazzling Gleam|p2a: Politoed|[spread] p2a,p2b
|-damage|p2a: Politoed|15/100
|-damage|p2b: Incineroar|28/100
|-enditem|p2a: Politoed|Sitrus Berry|[eat]
|-heal|p2a: Politoed|40/100|[from] item: Sitrus Berry
|move|p1b: Incineroar|Throat Chop|p2a: Politoed
|-crit|p2a: Politoed
|-damage|p2a: Politoed|0 fnt
|faint|p2a: Politoed
|move|p2b: Incineroar|Parting Shot|p1a: Floette
|-unboost|p1a: Floette|atk|1
|-unboost|p1a: Floette|spa|1
|
|t:|1784143424
|switch|p2b: Gengar|Gengar-Mega, L50, M|100/100|[from] Parting Shot
|
|-weather|RainDance|[upkeep]
|-start|p1a: Floette|perish1
|-start|p1b: Incineroar|perish1
|upkeep
|
|t:|1784143438
|switch|p2a: Incineroar|Incineroar, L50, F|28/100
|-ability|p2a: Incineroar|Intimidate|boost
|-unboost|p1a: Floette|atk|1
|-unboost|p1b: Incineroar|atk|1
|turn|4
|
|t:|1784143455
|move|p2a: Incineroar|Fake Out|p1b: Incineroar
|-damage|p1b: Incineroar|90/100
|move|p2b: Gengar|Substitute|p2b: Gengar
|-start|p2b: Gengar|Substitute
|-damage|p2b: Gengar|75/100
|move|p1a: Floette|Dazzling Gleam|p2b: Gengar|[spread] p2a,p2b
|-resisted|p2b: Gengar|1
|-end|p2b: Gengar|Substitute
|-damage|p2a: Incineroar|0 fnt
|faint|p2a: Incineroar
|cant|p1b: Incineroar|flinch
|
|-weather|RainDance|[upkeep]
|-start|p1a: Floette|perish0
|-start|p1b: Incineroar|perish0
|upkeep
|faint|p1a: Floette
|faint|p1b: Incineroar
|
|t:|1784143479
|switch|p1a: Rotom|Rotom-Wash, L50|100/100
|switch|p1b: Sinistcha|Sinistcha-Masterpiece, L50|100/100
|switch|p2a: Archaludon|Archaludon, L50, F|100/100
|turn|5
|inactive|Victor231 has 30 seconds left.
|
|t:|1784143512
|move|p2b: Gengar|Protect|p2b: Gengar
|-singleturn|p2b: Gengar|Protect
|move|p1a: Rotom|Hydro Pump|p2b: Gengar
|-activate|p2b: Gengar|move: Protect
|move|p2a: Archaludon|Electro Shot||[still]
|-prepare|p2a: Archaludon|Electro Shot
|-boost|p2a: Archaludon|spa|1
|-anim|p2a: Archaludon|Electro Shot|p1a: Rotom
|-damage|p1a: Rotom|29/100
|move|p1b: Sinistcha|Matcha Gotcha|p2a: Archaludon|[spread] 
|-activate|p2b: Gengar|move: Protect
|-miss|p1b: Sinistcha|p2a: Archaludon
|
|-weather|RainDance|[upkeep]
|upkeep
|turn|6
|
|t:|1784143533
|move|p2b: Gengar|Shadow Ball|p1a: Rotom
|-damage|p1a: Rotom|0 fnt
|faint|p1a: Rotom
|move|p2a: Archaludon|Electro Shot||[still]
|-prepare|p2a: Archaludon|Electro Shot
|-boost|p2a: Archaludon|spa|1
|-anim|p2a: Archaludon|Electro Shot|p1b: Sinistcha
|-resisted|p1b: Sinistcha|1
|-damage|p1b: Sinistcha|61/100
|move|p1b: Sinistcha|Matcha Gotcha|p2b: Gengar|[spread] p2a,p2b
|-resisted|p2a: Archaludon|2
|-resisted|p2b: Gengar|1
|-damage|p2a: Archaludon|93/100
|-heal|p1b: Sinistcha|65/100|[from] drain|[of] p2a: Archaludon
|-damage|p2b: Gengar|60/100
|-heal|p1b: Sinistcha|72/100|[from] drain|[of] p2b: Gengar
|-ability|p2a: Archaludon|Stamina|boost
|-boost|p2a: Archaludon|def|1
|
|-weather|RainDance|[upkeep]
|-heal|p2a: Archaludon|99/100|[from] item: Leftovers
|upkeep
|turn|7
|
|t:|1784143545
|move|p2b: Gengar|Shadow Ball|p1b: Sinistcha
|-supereffective|p1b: Sinistcha|1
|-enditem|p1b: Sinistcha|Kasib Berry|[eat]
|-enditem|p1b: Sinistcha|Kasib Berry|[weaken]
|-damage|p1b: Sinistcha|29/100
|move|p2a: Archaludon|Dragon Pulse|p1b: Sinistcha
|-damage|p1b: Sinistcha|0 fnt
|faint|p1b: Sinistcha
|
|win|mammamiapik
