|j|☆EvioExess
|j|☆axelcm98
|html|EvioExessaxelcm98    
|uhtml|bestof|Game 3 of a best-of-3
|t:|1784901038
|gametype|doubles
|player|p1|EvioExess|266|1050
|player|p2|axelcm98|265|1102
|gen|9
|tier|[Gen 9 Champions] VGC 2026 Reg M-B (Bo3)
|rated|
|rule|Species Clause: Limit one of each Pokémon
|rule|Item Clause: Limit 1 of each item
|clearpoke
|poke|p1|Farigiraf, L50, F|
|poke|p1|Aerodactyl, L50, M|
|poke|p1|Kingambit, L50, F|
|poke|p1|Garchomp, L50, F|
|poke|p1|Charizard, L50, M|
|poke|p1|Ninetales-Alola, L50, M|
|poke|p2|Kommo-o, L50, F|
|poke|p2|Incineroar, L50, F|
|poke|p2|Glimmora, L50, M|
|poke|p2|Ninetales-Alola, L50, M|
|poke|p2|Rotom-Wash, L50|
|poke|p2|Corviknight, L50, F|
|teampreview|4
|showteam|p1|Farigiraf||SitrusBerry|ArmorTail|TrickRoom,TwinBeam,HelpingHand,Thunderbolt|Bold||F|||50|]Aerodactyl||Aerodactylite|Unnerve|RockSlide,Protect,Tailwind,Taunt|Jolly||M|||50|]Kingambit||FocusSash|Defiant|IronHead,SuckerPunch,LowKick,Protect|Adamant||F|||50|]Garchomp||LifeOrb|RoughSkin|DragonClaw,Earthquake,StompingTantrum,Protect|Adamant||F|||50|]Charizard||CharizarditeY|Blaze|WeatherBall,HeatWave,SolarBeam,Protect|Modest||M|||50|]Ninetales-Alola||NeverMeltIce|SnowWarning|Blizzard,FreezeDry,Moonblast,Protect|Timid||M|||50|
|showteam|p2|Kommo-o||LifeOrb|Overcoat|Protect,ClangingScales,AuraSphere,VacuumWave|Modest||F|||50|]Incineroar||PasshoBerry|Intimidate|FakeOut,FlareBlitz,ThroatChop,PartingShot|Careful||F|||50|]Glimmora||Glimmoranite|ToxicDebris|SpikyShield,SludgeBomb,EarthPower,PowerGem|Modest||M|||50|]Ninetales-Alola||NeverMeltIce|SnowWarning|Protect,Encore,FreezeDry,Blizzard|Timid||M|||50|]Rotom-Wash||SitrusBerry|Levitate|VoltSwitch,WillOWisp,Thunderbolt,HydroPump|Modest|||||50|]Corviknight||Leftovers|Pressure|Tailwind,BraveBird,IronHead,Roost|Careful||F|||50|
|inactive|Battle timer is ON: inactive players will automatically lose when time's up. (requested by axelcm98)
|
|t:|1784901064
|teamsize|p1|4
|teamsize|p2|4
|start
|switch|p1a: DINOSAUVO|Aerodactyl, L50, M|100/100
|switch|p1b: Uscorp|Kingambit, L50, F|100/100
|switch|p2a: Incineroar|Incineroar, L50, F|100/100
|switch|p2b: Rotom|Rotom-Wash, L50|100/100
|-ability|p1a: DINOSAUVO|Unnerve
|-ability|p2a: Incineroar|Intimidate|boost
|-unboost|p1a: DINOSAUVO|atk|1
|-unboost|p1b: Uscorp|atk|1
|-ability|p1b: Uscorp|Defiant|boost
|-boost|p1b: Uscorp|atk|2
|turn|1
|
|t:|1784901079
|move|p1a: DINOSAUVO|Protect|p1a: DINOSAUVO
|-singleturn|p1a: DINOSAUVO|Protect
|move|p1b: Uscorp|Protect|p1b: Uscorp
|-singleturn|p1b: Uscorp|Protect
|move|p2a: Incineroar|Fake Out|p1a: DINOSAUVO
|-activate|p1a: DINOSAUVO|move: Protect
|move|p2b: Rotom|Will-O-Wisp|p1b: Uscorp
|-activate|p1b: Uscorp|move: Protect
|
|upkeep
|turn|2
|
|t:|1784901091
|move|p1a: DINOSAUVO|Tailwind|p1a: DINOSAUVO
|-sidestart|p1: EvioExess|move: Tailwind
|move|p1b: Uscorp|Low Kick|p2a: Incineroar
|-supereffective|p2a: Incineroar|1
|-damage|p2a: Incineroar|1/100
|move|p2b: Rotom|Volt Switch|p1b: Uscorp
|-damage|p1b: Uscorp|68/100
|
|t:|1784901099
|switch|p2b: Glimmora|Glimmora, L50, M|100/100|[from] Volt Switch
|move|p2a: Incineroar|Flare Blitz|p1b: Uscorp
|-supereffective|p1b: Uscorp|1
|-damage|p1b: Uscorp|0 fnt
|faint|p1b: Uscorp
|-damage|p2a: Incineroar|0 fnt|[from] Recoil
|faint|p2a: Incineroar
|
|upkeep
|
|t:|1784901111
|switch|p2a: Rotom|Rotom-Wash, L50|100/100
|switch|p1b: Charizard|Charizard, L50, M|100/100
|turn|3
|inactive|axelcm98 has 30 seconds left.
|inactive|axelcm98 has 20 seconds left.
|inactive|axelcm98 has 15 seconds left.
|inactive|axelcm98 has 10 seconds left.
|
|t:|1784901160
|switch|p1a: LA GIRAFFA|Farigiraf, L50, F|100/100
|detailschange|p2b: Glimmora|Glimmora-Mega, L50, M
|-mega|p2b: Glimmora|Glimmora|Glimmoranite
|move|p1b: Charizard|Protect|p1b: Charizard
|-singleturn|p1b: Charizard|Protect
|move|p2b: Glimmora|Power Gem|p1b: Charizard
|-activate|p1b: Charizard|move: Protect
|move|p2a: Rotom|Thunderbolt|p1b: Charizard
|-activate|p1b: Charizard|move: Protect
|
|upkeep
|turn|4
|inactive|EvioExess has 30 seconds left.
|
|t:|1784901187
|move|p1b: Charizard|Weather Ball|p2b: Glimmora
|-resisted|p2b: Glimmora|1
|-damage|p2b: Glimmora|93/100
|move|p1a: LA GIRAFFA|Twin Beam|p2b: Glimmora
|-supereffective|p2b: Glimmora|1
|-damage|p2b: Glimmora|60/100
|-supereffective|p2b: Glimmora|1
|-damage|p2b: Glimmora|29/100
|-hitcount|p2b: Glimmora|2
|move|p2b: Glimmora|Power Gem|p1b: Charizard
|-supereffective|p1b: Charizard|2
|-damage|p1b: Charizard|0 fnt
|faint|p1b: Charizard
|move|p2a: Rotom|Volt Switch|p1a: LA GIRAFFA
|-damage|p1a: LA GIRAFFA|76/100
|
|t:|1784901200
|switch|p2a: Ninetales|Ninetales-Alola, L50, M|100/100|[from] Volt Switch
|-weather|Snowscape|[from] ability: Snow Warning|[of] p2a: Ninetales
|
|-weather|Snowscape|[upkeep]
|upkeep
|
|t:|1784901204
|switch|p1b: DINOSAUVO|Aerodactyl, L50, M|100/100
|-ability|p1b: DINOSAUVO|Unnerve
|turn|5
|
|t:|1784901215
|detailschange|p1b: DINOSAUVO|Aerodactyl-Mega, L50, M
|-mega|p1b: DINOSAUVO|Aerodactyl|Aerodactylite
|move|p1a: LA GIRAFFA|Helping Hand|p1b: DINOSAUVO
|-singleturn|p1b: DINOSAUVO|Helping Hand|[of] p1a: LA GIRAFFA
|move|p2a: Ninetales|Protect|p2a: Ninetales
|-singleturn|p2a: Ninetales|Protect
|move|p2b: Glimmora|Spiky Shield|p2b: Glimmora
|-singleturn|p2b: Glimmora|move: Protect
|move|p1b: DINOSAUVO|Rock Slide|p2a: Ninetales|[spread] 
|-activate|p2a: Ninetales|move: Protect
|-activate|p2b: Glimmora|move: Protect
|
|-weather|Snowscape|[upkeep]
|-sideend|p1: EvioExess|move: Tailwind
|upkeep
|turn|6
|
|t:|1784901231
|switch|p2b: Rotom|Rotom-Wash, L50|100/100
|move|p1a: LA GIRAFFA|Helping Hand|p1b: DINOSAUVO
|-singleturn|p1b: DINOSAUVO|Helping Hand|[of] p1a: LA GIRAFFA
|move|p1b: DINOSAUVO|Rock Slide|p2b: Rotom|[spread] p2a,p2b
|-supereffective|p2a: Ninetales|1
|-damage|p2a: Ninetales|18/100
|-damage|p2b: Rotom|57/100
|cant|p2a: Ninetales|flinch
|
|-weather|Snowscape|[upkeep]
|upkeep
|turn|7
|
|t:|1784901248
|move|p1b: DINOSAUVO|Protect|p1b: DINOSAUVO
|-singleturn|p1b: DINOSAUVO|Protect
|move|p2a: Ninetales|Protect|p2a: Ninetales
|-singleturn|p2a: Ninetales|Protect
|move|p2b: Rotom|Will-O-Wisp|p1b: DINOSAUVO
|-activate|p1b: DINOSAUVO|move: Protect
|move|p1a: LA GIRAFFA|Twin Beam|p2b: Rotom
|-damage|p2b: Rotom|41/100
|-enditem|p2b: Rotom|Sitrus Berry|[eat]
|-heal|p2b: Rotom|66/100|[from] item: Sitrus Berry
|-damage|p2b: Rotom|50/100g
|-hitcount|p2b: Rotom|2
|
|-weather|Snowscape|[upkeep]
|upkeep
|turn|8
|
|t:|1784901270
|move|p1b: DINOSAUVO|Rock Slide|p2a: Ninetales|[spread] p2b
|-miss|p1b: DINOSAUVO|p2a: Ninetales
|-damage|p2b: Rotom|17/100
|move|p2a: Ninetales|Blizzard|p1a: LA GIRAFFA|[spread] p1a,p1b
|-supereffective|p1b: DINOSAUVO|1
|-damage|p1a: LA GIRAFFA|47/100
|-damage|p1b: DINOSAUVO|22/100
|-enditem|p1a: LA GIRAFFA|Sitrus Berry|[eat]
|-heal|p1a: LA GIRAFFA|72/100|[from] item: Sitrus Berry
|cant|p2b: Rotom|flinch
|move|p1a: LA GIRAFFA|Twin Beam|p2b: Rotom
|-damage|p2b: Rotom|1/100
|-damage|p2b: Rotom|0 fnt
|faint|p2b: Rotom
|-hitcount|p2: Rotom|2
|
|-weather|none
|upkeep
|c|☆axelcm98|xddddd
|
|t:|1784901286
|switch|p2b: Glimmora|Glimmora-Mega, L50, M|29/100
|turn|9
|c|☆EvioExess|lol
|
|t:|1784901302
|move|p2a: Ninetales|Protect|p2a: Ninetales
|-singleturn|p2a: Ninetales|Protect
|move|p1b: DINOSAUVO|Tailwind|p1b: DINOSAUVO
|-sidestart|p1: EvioExess|move: Tailwind
|move|p1a: LA GIRAFFA|Twin Beam|p2b: Glimmora
|-supereffective|p2b: Glimmora|1
|-damage|p2b: Glimmora|0 fnt
|faint|p2b: Glimmora
|-hitcount|p2: Glimmora|1
|
|upkeep
|turn|10
|c|☆axelcm98|should be removed from the game
|c|☆axelcm98|or quit the accuracy and flinch part
|c|☆EvioExess|like the miss
|
|t:|1784901324
|move|p1b: DINOSAUVO|Rock Slide|p2a: Ninetales
|-supereffective|p2a: Ninetales|1
|-crit|p2a: Ninetales
|-damage|p2a: Ninetales|0 fnt
|faint|p2a: Ninetales
|
|win|EvioExess
|raw|EvioExess's rating: 1050 → 1087(+37 for winning)
|raw|axelcm98's rating: 1102 → 1073(-29 for losing)
|c|☆EvioExess|crit
|c|☆EvioExess|miss
|c|☆EvioExess|status
|c|☆EvioExess|everything
|c|☆axelcm98|not everythibng
|c|☆axelcm98|the flinch part yes
|c|☆axelcm98|status its fine
|c|☆EvioExess|ok
|c|☆EvioExess|no flinch
|l|☆axelcm98
|player|p2|
|c|☆EvioExess|but also no miss
