|j|â˜†1OO% Jesus
|j|â˜†alemolgaa
|html|1OO% Jesusalemolgaa    
|uhtml|bestof|Game 2 of a best-of-3
|t:|1782594903
|gametype|doubles
|player|p1|1OO% Jesus|lillie-z|
|player|p2|alemolgaa|miku-fire|
|gen|9
|tier|[Gen 9 Champions] VGC 2026 Reg M-B (Bo3)
|rule|Species Clause: Limit one of each PokÃ©mon
|rule|Item Clause: Limit 1 of each item
|clearpoke
|poke|p1|Charizard, L50, F|
|poke|p1|Whimsicott, L50, F|
|poke|p1|Garchomp, L50, F|
|poke|p1|Basculegion, L50, M|
|poke|p1|Kingambit, L50, F|
|poke|p1|Floette-Eternal, L50, F|
|poke|p2|Raichu, L50, M|
|poke|p2|Pidgeot, L50, M|
|poke|p2|Ninetales-Alola, L50, F|
|poke|p2|Clefable, L50, F|
|poke|p2|Gholdengo, L50|
|poke|p2|Kangaskhan, L50, F|
|teampreview|4
|showteam|p1|Charizard||CharizarditeY|Blaze|HeatWave,WeatherBall,SolarBeam,Protect|Modest||F|||50|]Whimsicott||FocusSash|Prankster|Moonblast,Tailwind,Encore,Protect|Timid||F|||50|]Garchomp||LifeOrb|RoughSkin|Earthquake,DragonClaw,RockSlide,Protect|Jolly||F|||50|]Basculegion||MysticWater|Adaptability|WaveCrash,LastRespects,AquaJet,Protect|Adamant||M|||50|]Kingambit||ChopleBerry|Defiant|KowtowCleave,SuckerPunch,IronHead,LowKick|Adamant||F|||50|]Floette-Eternal||Floettite|FlowerVeil|DazzlingGleam,Moonblast,LightofRuin,Protect|Timid||F|||50|
|showteam|p2|Raichu||RaichuniteY|LightningRod|ZapCannon,FocusBlast,GrassKnot,Protect|Timid||M|||50|]Pidgeot||Pidgeotite|KeenEye|Hurricane,HeatWave,Uturn,Protect|Timid||M|||50|]Ninetales-Alola||LightClay|SnowWarning|Blizzard,Moonblast,AuroraVeil,Protect|Timid||F|||50|]Clefable||SitrusBerry|Unaware|Moonblast,Blizzard,Protect,FollowMe|Bold||F|||50|]Gholdengo||ChoiceScarf|GoodasGold|MakeItRain,Psychic,ShadowBall,Trick|Modest|||||50|]Kangaskhan||ChopleBerry|Scrappy|FakeOut,DoubleEdge,SuckerPunch,IcePunch|Adamant||F|||50|
|c|â˜†alemolgaa|Suertee
|c|â˜†1OO% Jesus|Igualmente :)
|
|t:|1782594994
|teamsize|p1|4
|teamsize|p2|4
|start
|switch|p1a: Charizard|Charizard, L50, F|100/100
|switch|p1b: Whimsicott|Whimsicott, L50, F|100/100
|switch|p2a: Raichu|Raichu, L50, M|100/100
|switch|p2b: Kangaskhan|Kangaskhan, L50, F|100/100
|turn|1
|
|t:|1782595031
|detailschange|p2a: Raichu|Raichu-Mega-Y, L50, M
|-mega|p2a: Raichu|Raichu|Raichunite Y
|move|p1b: Whimsicott|Protect|p1b: Whimsicott
|-singleturn|p1b: Whimsicott|Protect
|move|p1a: Charizard|Protect|p1a: Charizard
|-singleturn|p1a: Charizard|Protect
|move|p2a: Raichu|Zap Cannon|p1b: Whimsicott
|-activate|p1b: Whimsicott|move: Protect
|move|p2b: Kangaskhan|Ice Punch|p1a: Charizard
|-activate|p1a: Charizard|move: Protect
|
|upkeep
|turn|2
|
|t:|1782595069
|detailschange|p1a: Charizard|Charizard-Mega-Y, L50, F
|-mega|p1a: Charizard|Charizard|Charizardite Y
|-weather|SunnyDay|[from] ability: Drought|[of] p1a: Charizard
|move|p1b: Whimsicott|Tailwind|p1b: Whimsicott
|-sidestart|p1: 1OO% Jesus|move: Tailwind
|move|p1a: Charizard|Heat Wave|p2a: Raichu|[spread] p2a,p2b
|-damage|p2a: Raichu|0 fnt
|-damage|p2b: Kangaskhan|25/100
|faint|p2a: Raichu
|move|p2b: Kangaskhan|Double-Edge|p1a: Charizard
|-damage|p1a: Charizard|35/100
|-damage|p2b: Kangaskhan|5/100|[from] Recoil
|
|-weather|SunnyDay|[upkeep]
|upkeep
|
|t:|1782595080
|switch|p2a: Ninetales|Ninetales-Alola, L50, F|100/100
|-weather|Snowscape|[from] ability: Snow Warning|[of] p2a: Ninetales
|turn|3
|
|t:|1782595102
|move|p2b: Kangaskhan|Sucker Punch|p1a: Charizard
|-crit|p1a: Charizard
|-damage|p1a: Charizard|1/100
|move|p1b: Whimsicott|Moonblast|p2b: Kangaskhan
|-damage|p2b: Kangaskhan|0 fnt
|faint|p2b: Kangaskhan
|move|p1a: Charizard|Heat Wave|p2a: Ninetales
|-supereffective|p2a: Ninetales|1
|-damage|p2a: Ninetales|0 fnt
|faint|p2a: Ninetales
|
|-weather|Snowscape|[upkeep]
|upkeep
|
|t:|1782595111
|switch|p2b: Clefable|Clefable, L50, F|100/100
|turn|4
|c|â˜†alemolgaa|GG
|c|â˜†1OO% Jesus|GG hermano
|
|t:|1782595130
|move|p1b: Whimsicott|Moonblast|p2b: Clefable
|-damage|p2b: Clefable|65/100
|-unboost|p2b: Clefable|spa|1
|move|p1a: Charizard|Heat Wave|p2b: Clefable
|-damage|p2b: Clefable|12/100
|-enditem|p2b: Clefable|Sitrus Berry|[eat]
|-heal|p2b: Clefable|37/100|[from] item: Sitrus Berry
|move|p2b: Clefable|Blizzard|p1b: Whimsicott|[spread] p1a,p1b
|-supereffective|p1b: Whimsicott|1
|-crit|p1b: Whimsicott
|-damage|p1a: Charizard|0 fnt
|-damage|p1b: Whimsicott|5/100
|faint|p1a: Charizard
|
|-weather|Snowscape|[upkeep]
|upkeep
|
|t:|1782595140
|switch|p1a: Kingambit|Kingambit, L50, F|100/100
|turn|5
|
|t:|1782595147
|move|p1b: Whimsicott|Encore|p2b: Clefable
|-start|p2b: Clefable|Encore
|move|p1a: Kingambit|Iron Head|p2b: Clefable
|-supereffective|p2b: Clefable|1
|-damage|p2b: Clefable|0 fnt
|faint|p2b: Clefable
|
|win|1OO% Jesus
