|j|☆randomguy1114s
|j|☆UUYoai
|html|randomguy1114sUUYoai    
|uhtml|bestof|Game 2 of a best-of-3
|t:|1756791535
|gametype|doubles
|player|p1|randomguy1114s|lillie-masters|1132
|player|p2|UUYoai|bugcatcher-gen4dp|1121
|gen|9
|tier|[Gen 9] VGC 2025 Reg H (Bo3)
|rated|
|rule|Species Clause: Limit one of each Pokémon
|rule|Item Clause: Limit 1 of each item
|clearpoke
|poke|p1|Garchomp, L50, M|
|poke|p1|Kingambit, L50, F|
|poke|p1|Sneasler, L50, M|
|poke|p1|Gholdengo, L50|
|poke|p1|Talonflame, L50, F|
|poke|p1|Primarina, L50, F|
|poke|p2|Tyranitar, L50, F|
|poke|p2|Excadrill, L50, M|
|poke|p2|Talonflame, L50, M|
|poke|p2|Rotom-Mow, L50|
|poke|p2|Tauros-Paldea-Aqua, L50, M|
|poke|p2|Magmortar, L50, F|
|teampreview|4
|showteam|p1|Garchomp||LifeOrb|RoughSkin|Earthquake,DragonClaw,StompingTantrum,Protect|||M|||50|,,,,,Steel]Kingambit||SafetyGoggles|Defiant|SuckerPunch,Protect,SwordsDance,KowtowCleave|||F|||50|,,,,,Dark]Sneasler||FocusSash|Unburden|CloseCombat,DireClaw,Coaching,Protect|||M|||50|,,,,,Stellar]Gholdengo||ChoiceSpecs|GoodasGold|MakeItRain,Thunderbolt,ShadowBall,FocusBlast||||||50|,,,,,Steel]Talonflame||ClearAmulet|GaleWings|DualWingbeat,Tailwind,Uturn,Protect|||F|||50|,,,,,Ghost]Primarina||ThroatSpray|LiquidVoice|Haze,HyperVoice,Moonblast,Protect|||F|||50|,,,,,Poison
|showteam|p2|Tyranitar||LifeOrb|SandStream|RockSlide,KnockOff,LowKick,Protect|||F|||50|,,,,,Rock]Excadrill||FocusSash|SandRush|Earthquake,IronHead,SwordsDance,Protect|||M|||50|,,,,,Ground]Talonflame||SafetyGoggles|GaleWings|DualWingbeat,Taunt,Tailwind,Protect|||M|||50|,,,,,Ghost]Rotom-Mow||ChoiceScarf|Levitate|LeafStorm,Thunderbolt,VoltSwitch,Trick||||||50|,,,,,Ghost]Tauros-Paldea-Aqua||ClearAmulet|Intimidate|WaveCrash,AquaJet,CloseCombat,Protect|||M|||50|,,,,,Stellar]Magmortar||CovertCloak|FlameBody|Overheat,HelpingHand,ClearSmog,FollowMe|||F|||50|,,,,,Grass
|inactive|Battle timer is ON: inactive players will automatically lose when time's up. (requested by UUYoai)
|
|t:|1756791607
|teamsize|p1|4
|teamsize|p2|4
|start
|switch|p1a: Talonflame|Talonflame, L50, F, shiny|100/100
|switch|p1b: Primarina|Primarina, L50, F, shiny|100/100
|switch|p2a: Rotom|Rotom-Mow, L50|100/100
|switch|p2b: Talonflame|Talonflame, L50, M|100/100
|turn|1
|
|t:|1756791627
|switch|p1b: Garchomp|Garchomp, L50, M, shiny|100/100
|move|p1a: Talonflame|Tailwind|p1a: Talonflame
|-sidestart|p1: randomguy1114s|move: Tailwind
|move|p2b: Talonflame|Dual Wingbeat|p1a: Talonflame
|-damage|p1a: Talonflame|77/100
|-damage|p1a: Talonflame|53/100
|-hitcount|p1a: Talonflame|2
|move|p2a: Rotom|Thunderbolt|p1b: Garchomp
|-immune|p1b: Garchomp
|
|upkeep
|turn|2
|
|t:|1756791641
|move|p1a: Talonflame|Protect|p1a: Talonflame
|-singleturn|p1a: Talonflame|Protect
|move|p2b: Talonflame|Tailwind|p2b: Talonflame
|-sidestart|p2: UUYoai|move: Tailwind
|move|p2a: Rotom|Thunderbolt|p1a: Talonflame
|-activate|p1a: Talonflame|move: Protect
|move|p1b: Garchomp|Dragon Claw|p2b: Talonflame
|-damage|p2b: Talonflame|22/100
|-damage|p1b: Garchomp|91/100|[from] item: Life Orb
|
|upkeep
|turn|3
|inactive|randomguy1114s has 30 seconds left.
|
|t:|1756791666
|-terastallize|p1a: Talonflame|Ghost
|move|p2a: Rotom|Thunderbolt|p1a: Talonflame
|-damage|p1a: Talonflame|0 fnt
|faint|p1a: Talonflame
|move|p2b: Talonflame|Dual Wingbeat|p1b: Garchomp
|-damage|p1b: Garchomp|75/100
|-damage|p2b: Talonflame|10/100|[from] ability: Rough Skin|[of] p1b: Garchomp
|-damage|p1b: Garchomp|60/100
|-damage|p2b: Talonflame|0 fnt|[from] ability: Rough Skin|[of] p1b: Garchomp
|faint|p2b: Talonflame
|-hitcount|p1b: Garchomp|2
|move|p1b: Garchomp|Dragon Claw|p2a: Rotom
|-damage|p2a: Rotom|25/100
|-damage|p1b: Garchomp|50/100|[from] item: Life Orb
|
|upkeep
|
|t:|1756791682
|switch|p1a: Sneasler|Sneasler, L50, M, shiny|100/100
|switch|p2b: Magmortar|Magmortar, L50, F|100/100
|turn|4
|
|t:|1756791699
|switch|p2a: Tyranitar|Tyranitar, L50, F|100/100
|-weather|Sandstorm|[from] ability: Sand Stream|[of] p2a: Tyranitar
|move|p1a: Sneasler|Dire Claw|p2a: Tyranitar
|-resisted|p2a: Tyranitar
|-damage|p2a: Tyranitar|86/100
|move|p1b: Garchomp|Stomping Tantrum|p2b: Magmortar
|-supereffective|p2b: Magmortar
|-damage|p2b: Magmortar|6/100
|-damage|p1b: Garchomp|41/100|[from] item: Life Orb
|move|p2b: Magmortar|Overheat|p1a: Sneasler
|-damage|p1a: Sneasler|23/100
|-unboost|p2b: Magmortar|spa|2
|
|-weather|Sandstorm|[upkeep]
|-damage|p1a: Sneasler|17/100|[from] Sandstorm
|-damage|p2b: Magmortar|0 fnt|[from] Sandstorm
|faint|p2b: Magmortar
|-sideend|p1: randomguy1114s|move: Tailwind
|upkeep
|
|t:|1756791715
|switch|p2b: Rotom|Rotom-Mow, L50|25/100
|turn|5
|inactive|UUYoai has 30 seconds left.
|
|t:|1756791744
|move|p1a: Sneasler|Protect|p1a: Sneasler
|-singleturn|p1a: Sneasler|Protect
|move|p1b: Garchomp|Protect|p1b: Garchomp
|-singleturn|p1b: Garchomp|Protect
|move|p2b: Rotom|Thunderbolt|p1a: Sneasler
|-activate|p1a: Sneasler|move: Protect
|move|p2a: Tyranitar|Knock Off|p1b: Garchomp
|-activate|p1b: Garchomp|move: Protect
|
|-weather|Sandstorm|[upkeep]
|-damage|p2b: Rotom|20/100|[from] Sandstorm
|-damage|p1a: Sneasler|11/100|[from] Sandstorm
|-sideend|p2: UUYoai|move: Tailwind
|upkeep
|turn|6
|
|t:|1756791759
|move|p2b: Rotom|Thunderbolt|p1a: Sneasler
|-damage|p1a: Sneasler|0 fnt
|faint|p1a: Sneasler
|move|p1b: Garchomp|Earthquake|p2a: Tyranitar|[spread] p2a
|-immune|p2b: Rotom|[from] ability: Levitate
|-supereffective|p2a: Tyranitar
|-damage|p2a: Tyranitar|13/100
|-damage|p1b: Garchomp|31/100|[from] item: Life Orb
|move|p2a: Tyranitar|Knock Off|p1b: Garchomp
|-damage|p1b: Garchomp|0 fnt
|-damage|p2a: Tyranitar|0 fnt|[from] ability: Rough Skin|[of] p1b: Garchomp
|faint|p1b: Garchomp
|faint|p2a: Tyranitar
|
|-weather|Sandstorm|[upkeep]
|-damage|p2b: Rotom|14/100|[from] Sandstorm
|upkeep
|
|t:|1756791768
|switch|p1b: Primarina|Primarina, L50, F, shiny|100/100
|turn|7
|
|t:|1756791772
|move|p2b: Rotom|Thunderbolt|p1b: Primarina
|-supereffective|p1b: Primarina
|-damage|p1b: Primarina|18/100
|move|p1b: Primarina|Moonblast|p2b: Rotom
|-damage|p2b: Rotom|0 fnt
|faint|p2b: Rotom
|
|win|randomguy1114s
|raw|randomguy1114s's rating: 1132 → 1156(+24 for winning)
|raw|UUYoai's rating: 1121 → 1097(-24 for losing)
|l|☆UUYoai
|player|p2|
