|j|☆ninha1600
|j|☆viatles
|html|ninha1600viatles    
|uhtml|bestof|Game 2 of a best-of-3
|t:|1756280216
|gametype|doubles
|player|p1|ninha1600|lady|1055
|player|p2|viatles|hiker|1029
|gen|9
|tier|[Gen 9] VGC 2025 Reg H (Bo3)
|rated|
|rule|Species Clause: Limit one of each Pokémon
|rule|Item Clause: Limit 1 of each item
|clearpoke
|poke|p1|Gholdengo, L50|
|poke|p1|Sneasler, L50, F|
|poke|p1|Dragonite, L50, F|
|poke|p1|Incineroar, L50, F|
|poke|p1|Whimsicott, L50, M|
|poke|p1|Baxcalibur, L50, M|
|poke|p2|Oricorio-Sensu, L50, M|
|poke|p2|Volcarona, L50, F|
|poke|p2|Sylveon, L50, F|
|poke|p2|Murkrow, L50, F|
|poke|p2|Dragapult, L50, M|
|poke|p2|Baxcalibur, L50, F|
|teampreview|4
|showteam|p1|Gholdengo||ChoiceSpecs|GoodasGold|Thunderbolt,MakeItRain,ShadowBall,Trick||||||50|,,,,,Water]Sneasler||WhiteHerb|Unburden|FakeOut,Protect,CloseCombat,DireClaw|||F|||50|,,,,,Stellar]Dragonite||Leftovers|InnerFocus|RainDance,ExtremeSpeed,IceSpinner,StompingTantrum|||F|||50|,,,,,Normal]Incineroar||AssaultVest|Intimidate|FakeOut,KnockOff,FlareBlitz,Uturn|||F|||50|,,,,,Grass]Whimsicott||FocusSash|Prankster|Protect,Tailwind,Moonblast,Encore|||M|||50|,,,,,Ghost]Baxcalibur||LoadedDice|ThermalExchange|ScaleShot,IcicleSpear,Protect,IceShard|||M|||50|,,,,,Ghost
|showteam|p2|Oricorio-Sensu||FocusSash|Dancer|QuiverDance,BatonPass,RevelationDance,Protect|||M|||50|,,,,,Fighting]Volcarona||SitrusBerry|FlameBody|QuiverDance,GigaDrain,FieryDance,Protect|||F|||50|,,,,,Grass]Sylveon||ChoiceScarf|Pixilate|HyperVoice,TeraBlast,StoredPower,SleepTalk|||F|||50|,,,,,Ground]Murkrow||Eviolite|Prankster|Tailwind,FoulPlay,Haze,FeatherDance|||F|||50|,,,,,Dark]Dragapult||CovertCloak|ClearBody|DragonCheer,DragonDarts,Protect,PhantomForce|||M|||50|,,,,,Stellar]Baxcalibur||LoadedDice|ThermalExchange|IcicleSpear,ScaleShot,GlaiveRush,Protect|||F|||50|,,,,,Grass
|inactive|Battle timer is ON: inactive players will automatically lose when time's up. (requested by viatles)
|inactive|ninha1600 has 60 seconds left.
|
|t:|1756280274
|teamsize|p1|4
|teamsize|p2|4
|start
|switch|p1a: Incineroar|Incineroar, L50, F|100/100
|switch|p1b: Baxcalibur|Baxcalibur, L50, M|100/100
|switch|p2a: Oricorio|Oricorio-Sensu, L50, M|100/100
|switch|p2b: Volcarona|Volcarona, L50, F|100/100
|-ability|p1a: Incineroar|Intimidate|boost
|-unboost|p2a: Oricorio|atk|1
|-unboost|p2b: Volcarona|atk|1
|turn|1
|inactive|ninha1600 has 30 seconds left.
|
|t:|1756280300
|move|p2a: Oricorio|Protect|p2a: Oricorio
|-singleturn|p2a: Oricorio|Protect
|move|p2b: Volcarona|Protect|p2b: Volcarona
|-singleturn|p2b: Volcarona|Protect
|move|p1a: Incineroar|Fake Out|p2a: Oricorio
|-activate|p2a: Oricorio|move: Protect
|move|p1b: Baxcalibur|Scale Shot|p2a: Oricorio
|-activate|p2a: Oricorio|move: Protect
|
|upkeep
|turn|2
|
|t:|1756280321
|switch|p2a: Sylveon|Sylveon, L50, F|100/100
|move|p1b: Baxcalibur|Scale Shot|p2b: Volcarona
|-damage|p2b: Volcarona|83/100
|-damage|p2b: Volcarona|66/100
|-damage|p2b: Volcarona|49/100
|-enditem|p2b: Volcarona|Sitrus Berry|[eat]
|-heal|p2b: Volcarona|73/100|[from] item: Sitrus Berry
|-damage|p2b: Volcarona|56/100
|-damage|p2b: Volcarona|39/100
|-hitcount|p2b: Volcarona|5
|-unboost|p1b: Baxcalibur|def|1
|-boost|p1b: Baxcalibur|spe|1
|move|p2b: Volcarona|Quiver Dance|p2b: Volcarona
|-boost|p2b: Volcarona|spa|1
|-boost|p2b: Volcarona|spd|1
|-boost|p2b: Volcarona|spe|1
|move|p1a: Incineroar|Knock Off|p2b: Volcarona
|-damage|p2b: Volcarona|3/100
|
|upkeep
|turn|3
|inactive|ninha1600 has 30 seconds left.
|inactive|viatles has 30 seconds left.
|
|t:|1756280353
|move|p1b: Baxcalibur|Protect|p1b: Baxcalibur
|-singleturn|p1b: Baxcalibur|Protect
|move|p2b: Volcarona|Giga Drain|p1a: Incineroar
|-resisted|p1a: Incineroar
|-damage|p1a: Incineroar|88/100
|-heal|p2b: Volcarona|9/100|[from] drain|[of] p1a: Incineroar
|move|p2a: Sylveon|Tera Blast|p1b: Baxcalibur
|-activate|p1b: Baxcalibur|move: Protect
|move|p1a: Incineroar|Knock Off|p2a: Sylveon
|-resisted|p2a: Sylveon
|-crit|p2a: Sylveon
|-damage|p2a: Sylveon|54/100
|-enditem|p2a: Sylveon|Choice Scarf|[from] move: Knock Off|[of] p1a: Incineroar
|
|upkeep
|turn|4
|
|t:|1756280371
|move|p1b: Baxcalibur|Icicle Spear|p2a: Sylveon
|-damage|p2a: Sylveon|31/100
|-damage|p2a: Sylveon|12/100
|-damage|p2a: Sylveon|0 fnt
|faint|p2a: Sylveon
|-hitcount|p2: Sylveon|3
|move|p2b: Volcarona|Giga Drain|p1a: Incineroar
|-resisted|p1a: Incineroar
|-damage|p1a: Incineroar|74/100
|-heal|p2b: Volcarona|17/100|[from] drain|[of] p1a: Incineroar
|move|p1a: Incineroar|U-turn|p2b: Volcarona
|-resisted|p2b: Volcarona
|-damage|p2b: Volcarona|4/100
|
|t:|1756280390
|switch|p1a: Whimsicott|Whimsicott, L50, M|100/100|[from] U-turn
|
|upkeep
|
|t:|1756280394
|switch|p2a: Oricorio|Oricorio-Sensu, L50, M|100/100
|turn|5
|
|t:|1756280413
|move|p1a: Whimsicott|Tailwind|p1a: Whimsicott
|-sidestart|p1: ninha1600|move: Tailwind
|move|p1b: Baxcalibur|Scale Shot|p2b: Volcarona
|-damage|p2b: Volcarona|0 fnt
|faint|p2b: Volcarona
|-hitcount|p2: Volcarona|1
|-unboost|p1b: Baxcalibur|def|1
|-boost|p1b: Baxcalibur|spe|1
|move|p2a: Oricorio|Revelation Dance|p1b: Baxcalibur
|-damage|p1b: Baxcalibur|60/100
|
|upkeep
|
|t:|1756280425
|switch|p2b: Dragapult|Dragapult, L50, M|100/100
|turn|6
|
|t:|1756280437
|switch|p1a: Incineroar|Incineroar, L50, F|74/100
|-ability|p1a: Incineroar|Intimidate|boost
|-unboost|p2a: Oricorio|atk|1
|-fail|p2b: Dragapult|unboost|[from] ability: Clear Body|[of] p2b: Dragapult
|-terastallize|p2a: Oricorio|Fighting
|move|p1b: Baxcalibur|Protect|p1b: Baxcalibur
|-singleturn|p1b: Baxcalibur|Protect
|move|p2b: Dragapult|Dragon Darts|p1a: Incineroar
|-damage|p1a: Incineroar|50/100
|-anim|p2b: Dragapult|Dragon Darts|p1a: Incineroar
|-damage|p1a: Incineroar|27/100
|move|p2a: Oricorio|Revelation Dance|p1b: Baxcalibur
|-activate|p1b: Baxcalibur|move: Protect
|
|upkeep
|turn|7
|inactive|ninha1600 has 30 seconds left.
|
|t:|1756280468
|move|p2a: Oricorio|Protect|p2a: Oricorio
|-singleturn|p2a: Oricorio|Protect
|move|p1b: Baxcalibur|Scale Shot|p2a: Oricorio
|-activate|p2a: Oricorio|move: Protect
|move|p2b: Dragapult|Dragon Darts|p1b: Baxcalibur
|-supereffective|p1b: Baxcalibur
|-damage|p1b: Baxcalibur|0 fnt
|-anim|p2b: Dragapult|Dragon Darts|p1a: Incineroar
|-damage|p1a: Incineroar|1/100
|faint|p1b: Baxcalibur
|move|p1a: Incineroar|Knock Off|p2b: Dragapult
|-supereffective|p2b: Dragapult
|-damage|p2b: Dragapult|0 fnt
|-enditem|p2b: Dragapult|Covert Cloak|[from] move: Knock Off|[of] p1a: Incineroar
|faint|p2b: Dragapult
|
|upkeep
|
|t:|1756280486
|switch|p1b: Gholdengo|Gholdengo, L50|100/100
|turn|8
|
|t:|1756280511
|move|p1b: Gholdengo|Make It Rain|p2a: Oricorio
|-crit|p2a: Oricorio
|-enditem|p2a: Oricorio|Focus Sash
|-damage|p2a: Oricorio|1/100
|-unboost|p1b: Gholdengo|spa|1
|move|p1a: Incineroar|Knock Off|p2a: Oricorio
|-resisted|p2a: Oricorio
|-damage|p2a: Oricorio|0 fnt
|faint|p2a: Oricorio
|
|win|ninha1600
|raw|ninha1600's rating: 1055 → 1084(+29 for winning)
|raw|viatles's rating: 1029 → 1016(-13 for losing)
|c|☆viatles|ggs
|c|☆ninha1600|gg
