|j|☆AKKAKAKA
|j|☆x-demon18
|html|AKKAKAKAx-demon18    
|uhtml|bestof|Game 1 of a best-of-3
|t:|1783988112
|gametype|doubles
|player|p1|AKKAKAKA|169|1089
|player|p2|x-demon18|lucas|1247
|gen|9
|tier|[Gen 9 Champions] VGC 2026 Reg M-B (Bo3)
|rated|
|rule|Species Clause: Limit one of each Pokémon
|rule|Item Clause: Limit 1 of each item
|clearpoke
|poke|p1|Swampert, L50, M, shiny|
|poke|p1|Pelipper, L50, M|
|poke|p1|Basculegion, L50, M|
|poke|p1|Archaludon, L50, M|
|poke|p1|Incineroar, L50, F|
|poke|p1|Dragonite, L50, M|
|poke|p2|Incineroar, L50, F|
|poke|p2|Rotom-Wash, L50|
|poke|p2|Venusaur, L50, F|
|poke|p2|Garchomp, L50, M|
|poke|p2|Sylveon, L50, F|
|poke|p2|Corviknight, L50, F|
|teampreview|4
|showteam|p1|Swampert||Swampertite|Torrent|WaveCrash,IcePunch,Earthquake,WideGuard|Adamant||M|||50|]Pelipper||FocusSash|Drizzle|WideGuard,Hurricane,Tailwind,WeatherBall|Modest||M|||50|]Basculegion||ChoiceScarf|Adaptability|AquaJet,LastRespects,WaveCrash,Protect|Jolly||M|||50|]Archaludon||Leftovers|Stamina|ElectroShot,FlashCannon,DracoMeteor,Protect|Timid||M|||50|]Incineroar||SitrusBerry|Intimidate|PartingShot,FakeOut,FlareBlitz,ThroatChop|Adamant||F|||50|]Dragonite||Dragoninite|Multiscale|Hurricane,Protect,DragonPulse,Thunderbolt|Modest||M|||50|
|showteam|p2|Incineroar||ExpertBelt|Intimidate|FakeOut,TemperFlare,ThroatChop,PartingShot|Adamant||F|||50|]Rotom-Wash||SitrusBerry|Levitate|HydroPump,Electroweb,WillOWisp,VoltSwitch|Modest|||||50|]Venusaur||Venusaurite|Chlorophyll|GigaDrain,SludgeBomb,EarthPower,Protect|Modest||F|||50|]Garchomp||LifeOrb|RoughSkin|RockSlide,DragonClaw,StompingTantrum,Protect|Jolly||M|||50|]Sylveon||FairyFeather|Pixilate|HyperVoice,QuickAttack,Yawn,Detect|Modest||F|||50|]Corviknight||OccaBerry|MirrorArmor|Tailwind,BraveBird,IronHead,BodyPress|Careful||F|||50|
|
|t:|1783988167
|teamsize|p1|4
|teamsize|p2|4
|start
|switch|p1a: Dragonite|Dragonite, L50, M|100/100
|switch|p1b: Incineroar|Incineroar, L50, F|100/100
|switch|p2a: Frieren|Sylveon, L50, F|100/100
|switch|p2b: HydroVolt|Rotom-Wash, L50|100/100
|-ability|p1b: Incineroar|Intimidate|boost
|-unboost|p2a: Frieren|atk|1
|-unboost|p2b: HydroVolt|atk|1
|turn|1
|
|t:|1783988208
|detailschange|p1a: Dragonite|Dragonite-Mega, L50, M
|-mega|p1a: Dragonite|Dragonite|Dragoninite
|move|p1b: Incineroar|Fake Out|p2a: Frieren
|-damage|p2a: Frieren|85/100
|move|p1a: Dragonite|Thunderbolt|p2b: HydroVolt
|-damage|p2b: HydroVolt|64/100
|move|p2b: HydroVolt|Electroweb|p1b: Incineroar|[spread] p1a,p1b
|-damage|p1a: Dragonite|93/100
|-damage|p1b: Incineroar|83/100
|-unboost|p1a: Dragonite|spe|1
|-unboost|p1b: Incineroar|spe|1
|cant|p2a: Frieren|flinch
|
|upkeep
|turn|2
|
|t:|1783988245
|move|p1a: Dragonite|Protect|p1a: Dragonite
|-singleturn|p1a: Dragonite|Protect
|move|p2b: HydroVolt|Electroweb|p1a: Dragonite|[spread] p1b
|-activate|p1a: Dragonite|move: Protect
|-damage|p1b: Incineroar|67/100
|-unboost|p1b: Incineroar|spe|1
|move|p2a: Frieren|Hyper Voice|p1a: Dragonite|[spread] p1b
|-activate|p1a: Dragonite|move: Protect
|-damage|p1b: Incineroar|26/100
|-enditem|p1b: Incineroar|Sitrus Berry|[eat]
|-heal|p1b: Incineroar|51/100|[from] item: Sitrus Berry
|move|p1b: Incineroar|Parting Shot|p2a: Frieren
|-unboost|p2a: Frieren|atk|1
|-unboost|p2a: Frieren|spa|1
|
|t:|1783988272
|switch|p1b: Archaludon|Archaludon, L50, M|100/100|[from] Parting Shot
|
|upkeep
|turn|3
|
|t:|1783988291
|move|p2a: Frieren|Detect|p2a: Frieren
|-singleturn|p2a: Frieren|Protect
|move|p1b: Archaludon|Flash Cannon|p2a: Frieren
|-activate|p2a: Frieren|move: Protect
|move|p2b: HydroVolt|Volt Switch|p1a: Dragonite
|-damage|p1a: Dragonite|67/100
|
|t:|1783988299
|switch|p2b: Berserk|Garchomp, L50, M|100/100|[from] Volt Switch
|move|p1a: Dragonite|Thunderbolt|p2a: Frieren
|-activate|p2a: Frieren|move: Protect
|
|upkeep
|turn|4
|
|t:|1783988316
|move|p2b: Berserk|Dragon Claw|p1b: Archaludon
|-crit|p1b: Archaludon
|-damage|p1b: Archaludon|25/100
|-ability|p1b: Archaludon|Stamina|boost
|-boost|p1b: Archaludon|def|1
|-damage|p2b: Berserk|90/100|[from] item: Life Orb
|move|p1b: Archaludon|Flash Cannon|p2a: Frieren
|-supereffective|p2a: Frieren|1
|-damage|p2a: Frieren|24/100
|move|p2a: Frieren|Hyper Voice|p1b: Archaludon|[spread] p1a,p1b
|-supereffective|p1a: Dragonite|1
|-damage|p1a: Dragonite|21/100
|-damage|p1b: Archaludon|0 fnt
|faint|p1b: Archaludon
|move|p1a: Dragonite|Dragon Pulse|p2b: Berserk
|-supereffective|p2b: Berserk|1
|-damage|p2b: Berserk|0 fnt
|faint|p2b: Berserk
|
|upkeep
|
|t:|1783988337
|switch|p2b: HydroVolt|Rotom-Wash, L50|64/100
|switch|p1b: Incineroar|Incineroar, L50, F|51/100
|-ability|p1b: Incineroar|Intimidate|boost
|-unboost|p2a: Frieren|atk|1
|-unboost|p2b: HydroVolt|atk|1
|turn|5
|
|t:|1783988360
|switch|p2a: Yggdrasil|Venusaur, L50, F|100/100
|move|p1b: Incineroar|Fake Out|p2a: Yggdrasil
|-damage|p2a: Yggdrasil|83/100
|move|p2b: HydroVolt|Volt Switch|p1a: Dragonite
|-damage|p1a: Dragonite|0 fnt
|faint|p1a: Dragonite
|
|t:|1783988370
|switch|p2b: Frieren|Sylveon, L50, F|24/100|[from] Volt Switch
|
|upkeep
|
|t:|1783988375
|switch|p1a: Pelipper|Pelipper, L50, M|100/100
|-weather|RainDance|[from] ability: Drizzle|[of] p1a: Pelipper
|turn|6
|
|t:|1783988389
|switch|p2b: HydroVolt|Rotom-Wash, L50|64/100
|detailschange|p2a: Yggdrasil|Venusaur-Mega, L50, F
|-mega|p2a: Yggdrasil|Venusaur|Venusaurite
|move|p2a: Yggdrasil|Protect|p2a: Yggdrasil
|-singleturn|p2a: Yggdrasil|Protect
|move|p1a: Pelipper|Hurricane|p2a: Yggdrasil
|-activate|p2a: Yggdrasil|move: Protect
|move|p1b: Incineroar|Flare Blitz|p2b: HydroVolt
|-resisted|p2b: HydroVolt|1
|-damage|p2b: HydroVolt|48/100
|-enditem|p2b: HydroVolt|Sitrus Berry|[eat]
|-heal|p2b: HydroVolt|73/100|[from] item: Sitrus Berry
|-damage|p1b: Incineroar|47/100|[from] Recoil
|
|-weather|RainDance|[upkeep]
|upkeep
|turn|7
|
|t:|1783988413
|switch|p2a: Frieren|Sylveon, L50, F|24/100
|move|p2b: HydroVolt|Electroweb|p1b: Incineroar|[spread] p1a,p1b
|-supereffective|p1a: Pelipper|2
|-enditem|p1a: Pelipper|Focus Sash
|-damage|p1a: Pelipper|1/100
|-damage|p1b: Incineroar|31/100
|-unboost|p1a: Pelipper|spe|1
|-unboost|p1b: Incineroar|spe|1
|move|p1a: Pelipper|Hurricane|p2a: Frieren
|-damage|p2a: Frieren|0 fnt
|faint|p2a: Frieren
|move|p1b: Incineroar|Throat Chop|p2b: HydroVolt
|-damage|p2b: HydroVolt|28/100
|-start|p2b: HydroVolt|Throat Chop|[silent]
|
|-weather|RainDance|[upkeep]
|upkeep
|
|t:|1783988429
|switch|p2a: Yggdrasil|Venusaur-Mega, L50, F|83/100
|turn|8
|
|t:|1783988436
|move|p2a: Yggdrasil|Earth Power|p1b: Incineroar
|-supereffective|p1b: Incineroar|1
|-damage|p1b: Incineroar|0 fnt
|faint|p1b: Incineroar
|move|p2b: HydroVolt|Electroweb|p1a: Pelipper
|-supereffective|p1a: Pelipper|2
|-damage|p1a: Pelipper|0 fnt
|faint|p1a: Pelipper
|
|win|x-demon18
|l|☆AKKAKAKA
|player|p1|
