|j|☆Barozj1
|j|☆RouletteRegional
|html|Barozj1RouletteRegional    
|uhtml|bestof|Game 2 of a best-of-3
|t:|1783277626
|gametype|doubles
|player|p1|Barozj1|266|1323
|player|p2|RouletteRegional|lance|1347
|gen|9
|tier|[Gen 9 Champions] VGC 2026 Reg M-B (Bo3)
|rated|
|rule|Species Clause: Limit one of each Pokémon
|rule|Item Clause: Limit 1 of each item
|clearpoke
|poke|p1|Sneasler, L50, M, shiny|
|poke|p1|Kingambit, L50, M, shiny|
|poke|p1|Incineroar, L50, F, shiny|
|poke|p1|Blastoise, L50, F, shiny|
|poke|p1|Sinistcha, L50|
|poke|p1|Delphox, L50, M, shiny|
|poke|p2|Sneasler, L50, F|
|poke|p2|Incineroar, L50, M|
|poke|p2|Sinistcha, L50|
|poke|p2|Blastoise, L50, F|
|poke|p2|Delphox, L50, F|
|poke|p2|Maushold, L50|
|teampreview|4
|showteam|p1|Sneasler||FocusSash|PoisonTouch|QuickGuard,FakeOut,CloseCombat,DireClaw|Jolly||M|||50|]Kingambit||BlackGlasses|Defiant|Protect,SwordsDance,SuckerPunch,KowtowCleave|Adamant||M|||50|]Incineroar||SitrusBerry|Intimidate|FakeOut,PartingShot,FlareBlitz,ThroatChop|Impish||F|||50|]Blastoise||Blastoisinite|Torrent|Protect,ShellSmash,WaterSpout,DarkPulse|Modest||F|||50|]Sinistcha||OccaBerry|Hospitality|Protect,MatchaGotcha,TrickRoom,RagePowder|Bold|||||50|]Delphox||Delphoxite|Blaze|Protect,HeatWave,Psyshock,NastyPlot|Timid||M|||50|
|showteam|p2|Sneasler||FocusSash|PoisonTouch|DireClaw,CloseCombat,FakeOut,QuickGuard|Jolly||F|||50|]Incineroar||SitrusBerry|Intimidate|FlareBlitz,HelpingHand,PartingShot,FakeOut|Impish||M|||50|]Sinistcha||KasibBerry|Hospitality|MatchaGotcha,RagePowder,LifeDew,Protect|Relaxed|||||50|]Blastoise||Blastoisinite|RainDish|WaterSpout,DarkPulse,ShellSmash,Protect|Modest||F|||50|]Delphox||Delphoxite|Blaze|HeatWave,Psyshock,NastyPlot,Protect|Timid||F|||50|]Maushold||ChopleBerry|FriendGuard|SuperFang,Feint,FollowMe,Protect|Impish|||||50|
|inactive|Battle timer is ON: inactive players will automatically lose when time's up. (requested by RouletteRegional)
|
|t:|1783277641
|teamsize|p1|4
|teamsize|p2|4
|start
|switch|p1a: Sneasler|Sneasler, L50, M, shiny|100/100
|switch|p1b: Blastoise|Blastoise, L50, F, shiny|100/100
|switch|p2a: Blastoise|Blastoise, L50, F|100/100
|switch|p2b: Sneasler|Sneasler, L50, F|100/100
|turn|1
|
|t:|1783277653
|detailschange|p1b: Blastoise|Blastoise-Mega, L50, F, shiny
|-mega|p1b: Blastoise|Blastoise|Blastoisinite
|detailschange|p2a: Blastoise|Blastoise-Mega, L50, F
|-mega|p2a: Blastoise|Blastoise|Blastoisinite
|move|p1a: Sneasler|Quick Guard|p1a: Sneasler
|-singleturn|p1a: Sneasler|Quick Guard
|move|p2b: Sneasler|Fake Out|p1b: Blastoise
|-activate|p1b: Blastoise|move: Quick Guard
|move|p2a: Blastoise|Shell Smash|p2a: Blastoise
|-unboost|p2a: Blastoise|def|1
|-unboost|p2a: Blastoise|spd|1
|-boost|p2a: Blastoise|atk|2
|-boost|p2a: Blastoise|spa|2
|-boost|p2a: Blastoise|spe|2
|move|p1b: Blastoise|Water Spout|p2a: Blastoise|[spread] p2a,p2b
|-resisted|p2a: Blastoise|1
|-damage|p2a: Blastoise|48/100
|-damage|p2b: Sneasler|12/100
|
|upkeep
|turn|2
|
|t:|1783277672
|switch|p2b: Sinistcha|Sinistcha, L50|100/100
|-heal|p2a: Blastoise|73/100|[from] ability: Hospitality|[of] p2b: Sinistcha
|move|p1b: Blastoise|Protect|p1b: Blastoise
|-singleturn|p1b: Blastoise|Protect
|move|p2a: Blastoise|Water Spout|p1b: Blastoise|[spread] p1a
|-activate|p1b: Blastoise|move: Protect
|-enditem|p1a: Sneasler|Focus Sash
|-damage|p1a: Sneasler|1/100
|move|p1a: Sneasler|Close Combat|p2a: Blastoise
|-damage|p2a: Blastoise|0 fnt
|-unboost|p1a: Sneasler|def|1
|-unboost|p1a: Sneasler|spd|1
|faint|p2a: Blastoise
|
|upkeep
|
|t:|1783277692
|switch|p2a: Sneasler|Sneasler, L50, F|12/100
|turn|3
|
|t:|1783277702
|move|p2b: Sinistcha|Protect|p2b: Sinistcha
|-singleturn|p2b: Sinistcha|Protect
|move|p1a: Sneasler|Quick Guard|p1a: Sneasler
|-singleturn|p1a: Sneasler|Quick Guard
|move|p2a: Sneasler|Close Combat|p1b: Blastoise
|-damage|p1b: Blastoise|32/100
|-unboost|p2a: Sneasler|def|1
|-unboost|p2a: Sneasler|spd|1
|move|p1b: Blastoise|Shell Smash|p1b: Blastoise
|-unboost|p1b: Blastoise|def|1
|-unboost|p1b: Blastoise|spd|1
|-boost|p1b: Blastoise|atk|2
|-boost|p1b: Blastoise|spa|2
|-boost|p1b: Blastoise|spe|2
|
|upkeep
|turn|4
|
|t:|1783277709
|switch|p2b: Incineroar|Incineroar, L50, M|100/100
|-ability|p2b: Incineroar|Intimidate|boost
|-unboost|p1a: Sneasler|atk|1
|-unboost|p1b: Blastoise|atk|1
|move|p1b: Blastoise|Dark Pulse|p2b: Incineroar
|-resisted|p2b: Incineroar|1
|-damage|p2b: Incineroar|51/100
|move|p2a: Sneasler|Close Combat|p1b: Blastoise
|-damage|p1b: Blastoise|0 fnt
|-unboost|p2a: Sneasler|def|1
|-unboost|p2a: Sneasler|spd|1
|faint|p1b: Blastoise
|move|p1a: Sneasler|Close Combat|p2a: Sneasler
|-resisted|p2a: Sneasler|1
|-damage|p2a: Sneasler|0 fnt
|-unboost|p1a: Sneasler|def|1
|-unboost|p1a: Sneasler|spd|1
|faint|p2a: Sneasler
|
|upkeep
|
|t:|1783277717
|switch|p2a: Sinistcha|Sinistcha, L50|100/100
|switch|p1b: Kingambit|Kingambit, L50, M, shiny|100/100
|-heal|p2b: Incineroar|76/100|[from] ability: Hospitality|[of] p2a: Sinistcha
|turn|5
|
|t:|1783277724
|move|p2b: Incineroar|Fake Out|p1a: Sneasler
|-damage|p1a: Sneasler|0 fnt
|faint|p1a: Sneasler
|move|p2a: Sinistcha|Matcha Gotcha|p1b: Kingambit
|-resisted|p1b: Kingambit|1
|-damage|p1b: Kingambit|85/100
|move|p1b: Kingambit|Kowtow Cleave|p2a: Sinistcha
|-supereffective|p2a: Sinistcha|1
|-damage|p2a: Sinistcha|4/100
|
|upkeep
|
|t:|1783277734
|switch|p1a: Sinistcha|Sinistcha, L50|100/100
|-heal|p1b: Kingambit|100/100|[from] ability: Hospitality|[of] p1a: Sinistcha
|turn|6
|
|t:|1783277745
|move|p1b: Kingambit|Protect|p1b: Kingambit
|-singleturn|p1b: Kingambit|Protect
|move|p2b: Incineroar|Flare Blitz|p1b: Kingambit
|-activate|p1b: Kingambit|move: Protect
|move|p1a: Sinistcha|Matcha Gotcha|p2a: Sinistcha|[spread] p2b
|-miss|p1a: Sinistcha|p2a: Sinistcha
|-resisted|p2b: Incineroar|1
|-damage|p2b: Incineroar|64/100
|move|p2a: Sinistcha|Life Dew|p2a: Sinistcha|[spread] p2a,p2b
|-heal|p2a: Sinistcha|29/100
|-heal|p2b: Incineroar|89/100
|
|upkeep
|turn|7
|
|t:|1783277758
|move|p2a: Sinistcha|Protect|p2a: Sinistcha
|-singleturn|p2a: Sinistcha|Protect
|move|p1b: Kingambit|Sucker Punch||[still]
|-fail|p1b: Kingambit
|move|p2b: Incineroar|Flare Blitz|p1a: Sinistcha
|-supereffective|p1a: Sinistcha|1
|-enditem|p1a: Sinistcha|Occa Berry|[eat]
|-enditem|p1a: Sinistcha|Occa Berry|[weaken]
|-damage|p1a: Sinistcha|63/100
|-damage|p2b: Incineroar|79/100|[from] Recoil
|move|p1a: Sinistcha|Matcha Gotcha|p2a: Sinistcha|[spread] p2b
|-activate|p2a: Sinistcha|move: Protect
|-resisted|p2b: Incineroar|1
|-damage|p2b: Incineroar|67/100
|-heal|p1a: Sinistcha|70/100|[from] drain|[of] p2b: Incineroar
|
|upkeep
|turn|8
|
|t:|1783277776
|move|p2b: Incineroar|Flare Blitz|p1b: Kingambit
|-supereffective|p1b: Kingambit|1
|-damage|p1b: Kingambit|24/100
|-damage|p2b: Incineroar|41/100|[from] Recoil
|-enditem|p2b: Incineroar|Sitrus Berry|[eat]
|-heal|p2b: Incineroar|66/100|[from] item: Sitrus Berry
|move|p1a: Sinistcha|Matcha Gotcha|p2a: Sinistcha|[spread] p2a,p2b
|-resisted|p2a: Sinistcha|1
|-resisted|p2b: Incineroar|1
|-crit|p2b: Incineroar
|-damage|p2a: Sinistcha|17/100
|-heal|p1a: Sinistcha|76/100|[from] drain|[of] p2a: Sinistcha
|-damage|p2b: Incineroar|48/100
|-heal|p1a: Sinistcha|87/100|[from] drain|[of] p2b: Incineroar
|move|p2a: Sinistcha|Life Dew|p2a: Sinistcha|[spread] p2a,p2b
|-heal|p2a: Sinistcha|43/100
|-heal|p2b: Incineroar|73/100
|move|p1b: Kingambit|Kowtow Cleave|p2b: Incineroar
|-resisted|p2b: Incineroar|1
|-damage|p2b: Incineroar|51/100
|
|upkeep
|turn|9
|
|t:|1783277797
|move|p1b: Kingambit|Protect|p1b: Kingambit
|-singleturn|p1b: Kingambit|Protect
|move|p2b: Incineroar|Flare Blitz|p1b: Kingambit
|-activate|p1b: Kingambit|move: Protect
|move|p2a: Sinistcha|Life Dew|p2a: Sinistcha|[spread] p2a,p2b
|-heal|p2a: Sinistcha|68/100
|-heal|p2b: Incineroar|76/100
|move|p1a: Sinistcha|Trick Room|p1a: Sinistcha
|-fieldstart|move: Trick Room|[of] p1a: Sinistcha
|
|upkeep
|turn|10
|
|t:|1783277803
|move|p2a: Sinistcha|Protect|p2a: Sinistcha
|-singleturn|p2a: Sinistcha|Protect
|move|p1b: Kingambit|Kowtow Cleave|p2a: Sinistcha
|-activate|p2a: Sinistcha|move: Protect
|move|p1a: Sinistcha|Matcha Gotcha|p2b: Incineroar|[spread] 
|-activate|p2a: Sinistcha|move: Protect
|-miss|p1a: Sinistcha|p2b: Incineroar
|move|p2b: Incineroar|Flare Blitz|p1b: Kingambit
|-supereffective|p1b: Kingambit|1
|-damage|p1b: Kingambit|0 fnt
|faint|p1b: Kingambit
|-damage|p2b: Incineroar|67/100|[from] Recoil
|
|upkeep
|turn|11
|
|t:|1783277810
|move|p2a: Sinistcha|Life Dew|p2a: Sinistcha|[spread] p2a,p2b
|-heal|p2a: Sinistcha|93/100
|-heal|p2b: Incineroar|92/100
|move|p1a: Sinistcha|Matcha Gotcha|p2a: Sinistcha|[spread] p2a,p2b
|-resisted|p2a: Sinistcha|1
|-resisted|p2b: Incineroar|1
|-damage|p2a: Sinistcha|82/100
|-heal|p1a: Sinistcha|92/100|[from] drain|[of] p2a: Sinistcha
|-damage|p2b: Incineroar|81/100
|-heal|p1a: Sinistcha|98/100|[from] drain|[of] p2b: Incineroar
|move|p2b: Incineroar|Flare Blitz|p1a: Sinistcha
|-supereffective|p1a: Sinistcha|1
|-damage|p1a: Sinistcha|31/100
|-status|p1a: Sinistcha|brn
|-damage|p2b: Incineroar|61/100|[from] Recoil
|
|-damage|p1a: Sinistcha|24/100 brn|[from] brn
|upkeep
|turn|12
|-message|Barozj1 forfeited.
|raw|Barozj1's rating: 1323 → 1304(-19 for losing)
|raw|RouletteRegional's rating: 1347 → 1366(+19 for winning)
|
|win|RouletteRegional
