|j|☆chineseobama
|j|☆patback0
|html|chineseobamapatback0    
|uhtml|bestof|Game 1 of a best-of-3
|t:|1757635021
|gametype|doubles
|player|p1|chineseobama|lucas|1048
|player|p2|patback0|265|1000
|gen|9
|tier|[Gen 9] VGC 2025 Reg H (Bo3)
|rated|
|rule|Species Clause: Limit one of each Pokémon
|rule|Item Clause: Limit 1 of each item
|clearpoke
|poke|p1|Ursaluna, L50, M|
|poke|p1|Porygon2, L50|
|poke|p1|Amoonguss, L50, M|
|poke|p1|Incineroar, L50, F|
|poke|p1|Archaludon, L50, F|
|poke|p1|Sneasler, L50, M|
|poke|p2|Kommo-o, L50, M|
|poke|p2|Tyranitar, L50, M|
|poke|p2|Rillaboom, L50, M|
|poke|p2|Magmar, L50, F|
|poke|p2|Primarina, L50, F|
|poke|p2|Salamence, L50, F|
|teampreview|4
|showteam|p1|Ursaluna||FlameOrb|Guts|Facade,HeadlongRush,Earthquake,Protect|||M|||50|,,,,,Ghost]Porygon2||Eviolite|Download|TeraBlast,IceBeam,Recover,TrickRoom||||||50|,,,,,Flying]Amoonguss||SitrusBerry|Regenerator|Spore,RagePowder,PollenPuff,Protect|||M|||50|,,,,,Water]Incineroar||SafetyGoggles|Intimidate|KnockOff,FakeOut,PartingShot,FlareBlitz|||F|||50|,,,,,Ghost]Archaludon||PowerHerb|Stalwart|ElectroShot,Thunderbolt,DracoMeteor,Protect|||F|||50|,,,,,Electric]Sneasler||FocusSash|Unburden|CloseCombat,DireClaw,ThroatChop,Protect|||M|||50|,,,,,Dark
|showteam|p2|Kommo-o||Leftovers|Overcoat|BodyPress,ThroatChop,Protect,IronDefense|||M|||50|,,,,,Steel]Tyranitar||AssaultVest|SandStream|RockSlide,KnockOff,LowKick,TeraBlast|||M|||50|,,,,,Flying]Rillaboom||MeadowPlate|GrassySurge|GrassyGlide,WoodHammer,FakeOut,Uturn|||M|||50|,,,,,Grass]Magmar||Eviolite|FlameBody|Overheat,FollowMe,Protect,Taunt|||F|||50|,,,,,Dark]Primarina||SitrusBerry|LiquidVoice|HyperVoice,Moonblast,Protect,Haze|||F|||50|,,,,,Ghost]Salamence||LifeOrb|Intimidate|DracoMeteor,AirSlash,Protect,Tailwind|||F|||50|,,,,,Steel
|inactive|Battle timer is ON: inactive players will automatically lose when time's up. (requested by chineseobama)
|
|t:|1757635088
|teamsize|p1|4
|teamsize|p2|4
|start
|switch|p1a: Porygon2|Porygon2, L50|100/100
|switch|p1b: Archaludon|Archaludon, L50, F|100/100
|switch|p2a: Salamence|Salamence, L50, F|100/100
|switch|p2b: Primarina|Primarina, L50, F|100/100
|-ability|p2a: Salamence|Intimidate|boost
|-unboost|p1a: Porygon2|atk|1
|-unboost|p1b: Archaludon|atk|1
|-ability|p1a: Porygon2|Download|boost
|-boost|p1a: Porygon2|atk|1
|turn|1
|inactive|chineseobama has 30 seconds left.
|inactive|patback0 has 30 seconds left.
|inactive|chineseobama has 20 seconds left.
|inactive|chineseobama has 15 seconds left.
|inactive|chineseobama has 10 seconds left.
|
|t:|1757635136
|-terastallize|p2b: Primarina|Ghost
|move|p2a: Salamence|Air Slash|p1b: Archaludon
|-resisted|p1b: Archaludon
|-damage|p1b: Archaludon|67/100
|-damage|p2a: Salamence|91/100|[from] item: Life Orb
|cant|p1b: Archaludon|flinch
|move|p2b: Primarina|Hyper Voice|p1b: Archaludon|[spread] p1a,p1b
|-resisted|p1b: Archaludon
|-damage|p1a: Porygon2|80/100
|-damage|p1b: Archaludon|42/100
|move|p1a: Porygon2|Trick Room|p1a: Porygon2
|-fieldstart|move: Trick Room|[of] p1a: Porygon2
|
|upkeep
|turn|2
|inactive|patback0 has 30 seconds left.
|inactive|patback0 has 20 seconds left.
|inactive|patback0 has 15 seconds left.
|inactive|patback0 has 10 seconds left.
|
|t:|1757635185
|switch|p2a: Rillaboom|Rillaboom, L50, M|100/100
|-fieldstart|move: Grassy Terrain|[from] ability: Grassy Surge|[of] p2a: Rillaboom
|move|p1a: Porygon2|Ice Beam|p2a: Rillaboom
|-supereffective|p2a: Rillaboom
|-damage|p2a: Rillaboom|33/100
|move|p2b: Primarina|Moonblast|p1b: Archaludon
|-damage|p1b: Archaludon|0 fnt
|faint|p1b: Archaludon
|
|-heal|p1a: Porygon2|86/100|[from] Grassy Terrain
|-heal|p2a: Rillaboom|39/100|[from] Grassy Terrain
|upkeep
|
|t:|1757635196
|switch|p1b: Amoonguss|Amoonguss, L50, M|100/100
|turn|3
|inactive|patback0 has 30 seconds left.
|inactive|patback0 has 20 seconds left.
|inactive|patback0 has 15 seconds left.
|inactive|patback0 has 10 seconds left.
|
|t:|1757635242
|move|p2a: Rillaboom|Fake Out|p1b: Amoonguss
|-damage|p1b: Amoonguss|89/100
|cant|p1b: Amoonguss|flinch
|move|p1a: Porygon2|Ice Beam|p2a: Rillaboom
|-supereffective|p2a: Rillaboom
|-damage|p2a: Rillaboom|0 fnt
|faint|p2a: Rillaboom
|move|p2b: Primarina|Hyper Voice|p1b: Amoonguss|[spread] p1a,p1b
|-resisted|p1b: Amoonguss
|-damage|p1a: Porygon2|65/100
|-damage|p1b: Amoonguss|75/100
|
|-heal|p1b: Amoonguss|81/100|[from] Grassy Terrain
|-heal|p1a: Porygon2|71/100|[from] Grassy Terrain
|upkeep
|
|t:|1757635256
|switch|p2a: Kommo-o|Kommo-o, L50, M|100/100
|turn|4
|inactive|chineseobama has 30 seconds left.
|inactive|patback0 has 30 seconds left.
|
|t:|1757635290
|-terastallize|p1a: Porygon2|Flying
|move|p2b: Primarina|Protect|p2b: Primarina
|-singleturn|p2b: Primarina|Protect
|move|p1b: Amoonguss|Spore|p2b: Primarina
|-activate|p2b: Primarina|move: Protect
|move|p1a: Porygon2|Tera Blast|p2a: Kommo-o|[anim] Tera Blast Flying
|-supereffective|p2a: Kommo-o
|-damage|p2a: Kommo-o|40/100
|move|p2a: Kommo-o|Iron Defense|p2a: Kommo-o
|-boost|p2a: Kommo-o|def|2
|
|-heal|p1b: Amoonguss|87/100|[from] Grassy Terrain
|-heal|p2a: Kommo-o|46/100|[from] Grassy Terrain
|-heal|p2a: Kommo-o|52/100|[from] item: Leftovers
|upkeep
|turn|5
|inactive|patback0 has 30 seconds left.
|inactive|patback0 has 20 seconds left.
|inactive|patback0 has 15 seconds left.
|
|t:|1757635332
|move|p2a: Kommo-o|Protect|p2a: Kommo-o
|-singleturn|p2a: Kommo-o|Protect
|move|p1b: Amoonguss|Spore|p2b: Primarina
|-status|p2b: Primarina|slp|[from] move: Spore
|move|p1a: Porygon2|Tera Blast|p2a: Kommo-o|[anim] Tera Blast Flying
|-activate|p2a: Kommo-o|move: Protect
|cant|p2b: Primarina|slp
|
|-heal|p1b: Amoonguss|93/100|[from] Grassy Terrain
|-heal|p2a: Kommo-o|58/100|[from] Grassy Terrain
|-heal|p2a: Kommo-o|64/100|[from] item: Leftovers
|-fieldend|move: Trick Room
|upkeep
|turn|6
|inactive|patback0 has 30 seconds left.
|
|t:|1757635359
|move|p2a: Kommo-o|Body Press|p1a: Porygon2
|-resisted|p1a: Porygon2
|-damage|p1a: Porygon2|46/100
|-curestatus|p2b: Primarina|slp|[msg]
|move|p2b: Primarina|Hyper Voice|p1a: Porygon2|[spread] p1a,p1b
|-crit|p1a: Porygon2
|-resisted|p1b: Amoonguss
|-damage|p1a: Porygon2|11/100
|-damage|p1b: Amoonguss|79/100
|move|p1a: Porygon2|Tera Blast|p2a: Kommo-o|[anim] Tera Blast Flying
|-supereffective|p2a: Kommo-o
|-damage|p2a: Kommo-o|0 fnt
|faint|p2a: Kommo-o
|move|p1b: Amoonguss|Pollen Puff|p1a: Porygon2
|-heal|p1a: Porygon2|61/100
|
|-heal|p1b: Amoonguss|85/100|[from] Grassy Terrain
|-fieldend|move: Grassy Terrain
|upkeep
|
|t:|1757635374
|switch|p2a: Salamence|Salamence, L50, F|91/100
|-ability|p2a: Salamence|Intimidate|boost
|-unboost|p1a: Porygon2|atk|1
|-unboost|p1b: Amoonguss|atk|1
|turn|7
|inactive|patback0 has 30 seconds left.
|inactive|patback0 has 20 seconds left.
|
|t:|1757635411
|move|p1b: Amoonguss|Rage Powder|p1b: Amoonguss
|-singleturn|p1b: Amoonguss|move: Rage Powder
|move|p2a: Salamence|Air Slash|p1b: Amoonguss
|-supereffective|p1b: Amoonguss
|-crit|p1b: Amoonguss
|-damage|p1b: Amoonguss|0 fnt
|faint|p1b: Amoonguss
|-damage|p2a: Salamence|81/100|[from] item: Life Orb
|move|p2b: Primarina|Moonblast|p1a: Porygon2
|-damage|p1a: Porygon2|31/100
|-unboost|p1a: Porygon2|spa|1
|move|p1a: Porygon2|Trick Room|p1a: Porygon2
|-fieldstart|move: Trick Room|[of] p1a: Porygon2
|
|upkeep
|
|t:|1757635423
|switch|p1b: Ursaluna|Ursaluna, L50, M|100/100
|turn|8
|
|t:|1757635442
|move|p1b: Ursaluna|Protect|p1b: Ursaluna
|-singleturn|p1b: Ursaluna|Protect
|move|p1a: Porygon2|Ice Beam|p2a: Salamence
|-supereffective|p2a: Salamence
|-crit|p2a: Salamence
|-damage|p2a: Salamence|0 fnt
|faint|p2a: Salamence
|move|p2b: Primarina|Hyper Voice|p1a: Porygon2|[spread] p1a
|-activate|p1b: Ursaluna|move: Protect
|-damage|p1a: Porygon2|9/100
|
|-status|p1b: Ursaluna|brn|[from] item: Flame Orb
|upkeep
|turn|9
|
|t:|1757635456
|move|p1b: Ursaluna|Headlong Rush|p2b: Primarina
|-damage|p2b: Primarina|0 fnt
|-unboost|p1b: Ursaluna|def|1
|-unboost|p1b: Ursaluna|spd|1
|faint|p2b: Primarina
|
|win|chineseobama
||chineseobama is ready for game 2.
||patback0 is ready for game 2.
|uhtml|next|Next: Game 2 of 3
