|j|☆lolgz
|j|☆wownowthatsneat
|html|lolgzwownowthatsneat    
|uhtml|bestof|Game 3 of a best-of-3
|t:|1783940004
|gametype|doubles
|player|p1|lolgz|dawn|1086
|player|p2|wownowthatsneat|ghetsis|1071
|gen|9
|tier|[Gen 9 Champions] VGC 2026 Reg M-B (Bo3)
|rated|
|rule|Species Clause: Limit one of each Pokémon
|rule|Item Clause: Limit 1 of each item
|clearpoke
|poke|p1|Kingambit, L50, F|
|poke|p1|Vivillon, L50, M|
|poke|p1|Incineroar, L50, M|
|poke|p1|Sinistcha, L50|
|poke|p1|Delphox, L50, M|
|poke|p1|Feraligatr, L50, M|
|poke|p2|Dragalge, L50, M|
|poke|p2|Farigiraf, L50, F|
|poke|p2|Conkeldurr, L50, M|
|poke|p2|Sinistcha-Masterpiece, L50|
|poke|p2|Incineroar, L50, M|
|poke|p2|Gholdengo, L50|
|teampreview|4
|showteam|p1|Kingambit||BlackGlasses|Defiant|SuckerPunch,KowtowCleave,Protect,SwordsDance|Adamant||F|||50|]Vivillon||ChoiceScarf|CompoundEyes|SleepPowder,Hurricane,RagePowder,Tailwind|Timid||M|||50|]Incineroar||PasshoBerry|Intimidate|PartingShot,FakeOut,ThroatChop,FlareBlitz|Careful||M|||50|]Sinistcha||KasibBerry|Hospitality|MatchaGotcha,RagePowder,TrickRoom,Protect|Serious|||||50|]Delphox||Delphoxite|Blaze|HeatWave,Psychic,Protect,NastyPlot|Timid||M|||50|]Feraligatr||Feraligite|Torrent|Liquidation,BodySlam,Protect,DragonDance|Jolly||M|||50|
|showteam|p2|Dragalge||Dragalgite|Adaptability|DracoMeteor,SludgeBomb,Protect,AcidSpray|Sassy||M|||50|]Farigiraf||MentalHerb|ArmorTail|TrickRoom,HelpingHand,Protect,HyperVoice|Sassy||F|||50|]Conkeldurr||LifeOrb|SheerForce|DrainPunch,Protect,KnockOff,RockSlide|Brave||M|||50|]Sinistcha-Masterpiece||FocusSash|Hospitality|TrickRoom,RagePowder,MatchaGotcha,Protect|Relaxed|||||50|]Incineroar||SitrusBerry|Intimidate|DarkestLariat,FakeOut,FlareBlitz,PartingShot|Adamant||M|||50|]Gholdengo||MetalCoat|GoodasGold|NastyPlot,MakeItRain,ShadowBall,Protect|Timid|||||50|
|inactive|Battle timer is ON: inactive players will automatically lose when time's up. (requested by lolgz)
|
|t:|1783940028
|teamsize|p1|4
|teamsize|p2|4
|start
|switch|p1a: Sinistcha|Sinistcha, L50|100/100
|switch|p1b: Delphox|Delphox, L50, M|100/100
|switch|p2a: Conkeldurr|Conkeldurr, L50, M|100/100
|switch|p2b: Sinistcha|Sinistcha-Masterpiece, L50|100/100
|turn|1
|inactive|lolgz has 30 seconds left.
|inactive|wownowthatsneat has 30 seconds left.
|
|t:|1783940062
|detailschange|p1b: Delphox|Delphox-Mega, L50, M
|-mega|p1b: Delphox|Delphox|Delphoxite
|move|p2b: Sinistcha|Protect|p2b: Sinistcha
|-singleturn|p2b: Sinistcha|Protect
|move|p2a: Conkeldurr|Protect|p2a: Conkeldurr
|-singleturn|p2a: Conkeldurr|Protect
|move|p1b: Delphox|Psychic|p2a: Conkeldurr
|-activate|p2a: Conkeldurr|move: Protect
|move|p1a: Sinistcha|Matcha Gotcha|p2b: Sinistcha|[spread] 
|-activate|p2a: Conkeldurr|move: Protect
|-activate|p2b: Sinistcha|move: Protect
|
|upkeep
|turn|2
|inactive|wownowthatsneat has 30 seconds left.
|
|t:|1783940091
|switch|p2a: Dragalge|Dragalge, L50, M|100/100
|move|p1b: Delphox|Heat Wave|p2b: Sinistcha|[spread] p2a,p2b
|-resisted|p2a: Dragalge|1
|-supereffective|p2b: Sinistcha|1
|-damage|p2a: Dragalge|83/100
|-damage|p2b: Sinistcha|25/100
|move|p1a: Sinistcha|Trick Room|p1a: Sinistcha
|-fieldstart|move: Trick Room|[of] p1a: Sinistcha
|move|p2b: Sinistcha|Trick Room|p2b: Sinistcha
|-fieldend|move: Trick Room
|
|upkeep
|turn|3
|
|t:|1783940111
|detailschange|p2a: Dragalge|Dragalge-Mega, L50, M
|-mega|p2a: Dragalge|Dragalge|Dragalgite
|move|p1a: Sinistcha|Rage Powder|p1a: Sinistcha
|-singleturn|p1a: Sinistcha|move: Rage Powder
|move|p2b: Sinistcha|Rage Powder|p2b: Sinistcha
|-singleturn|p2b: Sinistcha|move: Rage Powder
|move|p1b: Delphox|Heat Wave|p2a: Dragalge|[spread] p2a,p2b
|-resisted|p2a: Dragalge|1
|-supereffective|p2b: Sinistcha|1
|-damage|p2a: Dragalge|70/100
|-damage|p2b: Sinistcha|0 fnt
|faint|p2b: Sinistcha
|move|p2a: Dragalge|Sludge Bomb|p1a: Sinistcha
|-damage|p1a: Sinistcha|50/100g
|
|upkeep
|
|t:|1783940122
|switch|p2b: Farigiraf|Farigiraf, L50, F|100/100
|turn|4
|
|t:|1783940140
|move|p2b: Farigiraf|Protect|p2b: Farigiraf
|-singleturn|p2b: Farigiraf|Protect
|move|p1b: Delphox|Psychic|p2a: Dragalge
|-supereffective|p2a: Dragalge|1
|-damage|p2a: Dragalge|8/100
|move|p1a: Sinistcha|Matcha Gotcha|p2a: Dragalge|[spread] p2a
|-activate|p2b: Farigiraf|move: Protect
|-resisted|p2a: Dragalge|2
|-damage|p2a: Dragalge|4/100
|-heal|p1a: Sinistcha|52/100|[from] drain|[of] p2a: Dragalge
|move|p2a: Dragalge|Sludge Bomb|p1a: Sinistcha
|-crit|p1a: Sinistcha
|-damage|p1a: Sinistcha|0 fnt
|faint|p1a: Sinistcha
|
|upkeep
|
|t:|1783940145
|switch|p1a: Incineroar|Incineroar, L50, M|100/100
|-ability|p1a: Incineroar|Intimidate|boost
|-unboost|p2a: Dragalge|atk|1
|-unboost|p2b: Farigiraf|atk|1
|turn|5
|
|t:|1783940162
|-heal|p2a: Dragalge|37/100|[from] ability: Regenerator|[silent]
|switch|p2a: Conkeldurr|Conkeldurr, L50, M|100/100
|move|p1b: Delphox|Heat Wave|p2a: Conkeldurr|[spread] p2b
|-miss|p1b: Delphox|p2a: Conkeldurr
|-damage|p2b: Farigiraf|74/100
|move|p1a: Incineroar|Throat Chop|p2b: Farigiraf
|-supereffective|p2b: Farigiraf|1
|-damage|p2b: Farigiraf|4/100
|-start|p2b: Farigiraf|Throat Chop|[silent]
|move|p2b: Farigiraf|Trick Room|p2b: Farigiraf
|-fieldstart|move: Trick Room|[of] p2b: Farigiraf
|
|upkeep
|turn|6
|
|t:|1783940179
|move|p2b: Farigiraf|Helping Hand|p2a: Conkeldurr
|-singleturn|p2a: Conkeldurr|Helping Hand|[of] p2b: Farigiraf
|move|p2a: Conkeldurr|Rock Slide|p1b: Delphox|[spread] p1a,p1b
|-supereffective|p1a: Incineroar|1
|-supereffective|p1b: Delphox|1
|-damage|p1a: Incineroar|0 fnt
|-damage|p1b: Delphox|0 fnt
|faint|p1a: Incineroar
|faint|p1b: Delphox
|
|-end|p2b: Farigiraf|Throat Chop|[silent]
|upkeep
|
|t:|1783940185
|switch|p1b: Kingambit|Kingambit, L50, F|100/100
|turn|7
|-message|lolgz forfeited.
|raw|lolgz's rating: 1086 → 1062(-24 for losing)
|raw|wownowthatsneat's rating: 1071 → 1102(+31 for winning)
|
|win|wownowthatsneat
|l|☆lolgz
|player|p1|
