|j|☆SantyAS09
|j|☆homerj71
|html|SantyAS09homerj71    
|uhtml|bestof|Game 1 of a best-of-3
|t:|1785670956
|gametype|doubles
|player|p1|SantyAS09|2|1151
|player|p2|homerj71|1|1086
|gen|9
|tier|[Gen 9 Champions] VGC 2026 Reg M-B (Bo3)
|rated|
|rule|Species Clause: Limit one of each Pokémon
|rule|Item Clause: Limit 1 of each item
|clearpoke
|poke|p1|Staraptor, L50, M, shiny|
|poke|p1|Maushold-Four, L50|
|poke|p1|Sinistcha-Masterpiece, L50|
|poke|p1|Tyranitar, L50, F|
|poke|p1|Gholdengo, L50|
|poke|p1|Excadrill, L50, M|
|poke|p2|Tyranitar, L50, M|
|poke|p2|Staraptor, L50, M|
|poke|p2|Gholdengo, L50|
|poke|p2|Excadrill, L50, M|
|poke|p2|Sinistcha, L50|
|poke|p2|Milotic, L50, M|
|teampreview|4
|showteam|p1|Staraptor||Staraptite|Intimidate|BraveBird,CloseCombat,Tailwind,Protect|Jolly||M|||50|]Maushold-Four||ChopleBerry|FriendGuard|SuperFang,FollowMe,Charm,Protect|Jolly|||||50|]Sinistcha-Masterpiece||KasibBerry|Hospitality|MatchaGotcha,RagePowder,TrickRoom,Protect|Bold|||||50|]Tyranitar||ChoiceScarf|SandStream|RockSlide,KnockOff,IcePunch,LowKick|Jolly||F|||50|]Gholdengo||LifeOrb|GoodasGold|ShadowBall,MakeItRain,NastyPlot,Protect|Modest|||||50|]Excadrill||FocusSash|SandRush|IronHead,HighHorsepower,RockSlide,Protect|Adamant||M|||50|
|showteam|p2|Tyranitar||Tyranitarite|SandStream|KnockOff,RockSlide,Protect,LowKick|Jolly||M|||50|]Staraptor||Staraptite|Intimidate|DualWingbeat,CloseCombat,Protect,Tailwind|Jolly||M|||50|]Gholdengo||LifeOrb|GoodasGold|MakeItRain,NastyPlot,Protect,ShadowBall|Timid|||||50|]Excadrill||FocusSash|SandRush|HighHorsepower,IronHead,RockSlide,Protect|Adamant||M|||50|]Sinistcha||SitrusBerry|Hospitality|MatchaGotcha,RagePowder,ShadowBall,Protect|Calm|||||50|]Milotic||Leftovers|Competitive|Scald,IcyWind,Protect,IceBeam|Modest||M|||50|
|inactive|Battle timer is ON: inactive players will automatically lose when time's up. (requested by homerj71)
|inactive|SantyAS09 has 60 seconds left.
|inactive|homerj71 has 60 seconds left.
|inactive|SantyAS09 has 30 seconds left.
|inactive|SantyAS09 has 20 seconds left.
|inactive|SantyAS09 has 15 seconds left.
|inactive|SantyAS09 has 10 seconds left.
|inactive|SantyAS09 has 5 seconds left.
|
|t:|1785671044
|teamsize|p1|4
|teamsize|p2|4
|start
|switch|p1a: Tyranitar|Tyranitar, L50, F|100/100
|switch|p1b: Excadrill|Excadrill, L50, M|100/100
|switch|p2a: Gholdengo|Gholdengo, L50|100/100
|switch|p2b: Milotic|Milotic, L50, M|100/100
|-weather|Sandstorm|[from] ability: Sand Stream|[of] p1a: Tyranitar
|turn|1
|inactive|SantyAS09 has 30 seconds left.
|inactive|SantyAS09 has 20 seconds left.
|
|t:|1785671082
|switch|p2a: Staraptor|Staraptor, L50, M|100/100
|-ability|p2a: Staraptor|Intimidate|boost
|-unboost|p1a: Tyranitar|atk|1
|-unboost|p1b: Excadrill|atk|1
|move|p1b: Excadrill|High Horsepower|p2b: Milotic
|-crit|p2b: Milotic
|-damage|p2b: Milotic|20/100y
|move|p1a: Tyranitar|Knock Off|p2b: Milotic
|-crit|p2b: Milotic
|-damage|p2b: Milotic|0 fnt
|-enditem|p2b: Milotic|Leftovers|[from] move: Knock Off|[of] p1a: Tyranitar
|faint|p2b: Milotic
|
|-weather|Sandstorm|[upkeep]
|-damage|p2a: Staraptor|94/100|[from] Sandstorm
|upkeep
|
|t:|1785671105
|switch|p2b: Tyranitar|Tyranitar, L50, M|100/100
|turn|2
|
|t:|1785671112
|switch|p1b: Staraptor|Staraptor, L50, M, shiny|100/100
|-ability|p1b: Staraptor|Intimidate|boost
|-unboost|p2a: Staraptor|atk|1
|-unboost|p2b: Tyranitar|atk|1
|switch|p1a: Gholdengo|Gholdengo, L50|100/100
|detailschange|p2a: Staraptor|Staraptor-Mega, L50, M
|-mega|p2a: Staraptor|Staraptor|Staraptite
|move|p2b: Tyranitar|Protect|p2b: Tyranitar
|-singleturn|p2b: Tyranitar|Protect
|move|p2a: Staraptor|Close Combat|p1b: Staraptor
|-damage|p1b: Staraptor|44/100
|-boost|p2a: Staraptor|def|1
|-boost|p2a: Staraptor|spd|1
|
|-weather|Sandstorm|[upkeep]
|-damage|p2a: Staraptor|88/100|[from] Sandstorm
|-damage|p1b: Staraptor|38/100|[from] Sandstorm
|upkeep
|turn|3
|inactive|SantyAS09 has 30 seconds left.
|inactive|SantyAS09 has 20 seconds left.
|inactive|SantyAS09 has 15 seconds left.
|inactive|SantyAS09 has 10 seconds left.
|inactive|SantyAS09 has 5 seconds left.
|
|t:|1785671165
|detailschange|p1b: Staraptor|Staraptor-Mega, L50, M, shiny
|-mega|p1b: Staraptor|Staraptor|Staraptite
|move|p2a: Staraptor|Close Combat|p1b: Staraptor
|-resisted|p1b: Staraptor|1
|-crit|p1b: Staraptor
|-damage|p1b: Staraptor|0 fnt
|-boost|p2a: Staraptor|def|1
|-boost|p2a: Staraptor|spd|1
|faint|p1b: Staraptor
|move|p1a: Gholdengo|Make It Rain|p2a: Staraptor|[spread] p2a,p2b
|-supereffective|p2b: Tyranitar|1
|-damage|p2a: Staraptor|53/100
|-damage|p2b: Tyranitar|27/100
|-unboost|p1a: Gholdengo|spa|2
|-damage|p1a: Gholdengo|90/100|[from] item: Life Orb
|move|p2b: Tyranitar|Knock Off|p1a: Gholdengo
|-supereffective|p1a: Gholdengo|1
|-damage|p1a: Gholdengo|25/100
|-enditem|p1a: Gholdengo|Life Orb|[from] move: Knock Off|[of] p2b: Tyranitar
|
|-weather|Sandstorm|[upkeep]
|-damage|p2a: Staraptor|47/100|[from] Sandstorm
|upkeep
|
|t:|1785671187
|switch|p1b: Excadrill|Excadrill, L50, M|100/100
|turn|4
|
|t:|1785671203
|move|p1b: Excadrill|Iron Head|p2a: Staraptor
|-damage|p2a: Staraptor|21/100
|move|p2a: Staraptor|Tailwind|p2a: Staraptor
|-sidestart|p2: homerj71|move: Tailwind
|move|p2b: Tyranitar|Low Kick|p1b: Excadrill
|-supereffective|p1b: Excadrill|1
|-damage|p1b: Excadrill|61/100
|move|p1a: Gholdengo|Make It Rain|p2b: Tyranitar|[spread] p2a,p2b
|-supereffective|p2b: Tyranitar|1
|-damage|p2a: Staraptor|9/100
|-damage|p2b: Tyranitar|0 fnt
|-unboost|p1a: Gholdengo|spa|2
|faint|p2b: Tyranitar
|
|-weather|Sandstorm|[upkeep]
|-damage|p2a: Staraptor|3/100|[from] Sandstorm
|upkeep
|
|t:|1785671213
|switch|p2b: Gholdengo|Gholdengo, L50|100/100
|turn|5
|
|t:|1785671230
|move|p1b: Excadrill|Protect|p1b: Excadrill
|-singleturn|p1b: Excadrill|Protect
|move|p2a: Staraptor|Close Combat|p1b: Excadrill
|-activate|p1b: Excadrill|move: Protect
|move|p2b: Gholdengo|Shadow Ball|p1a: Gholdengo
|-supereffective|p1a: Gholdengo|1
|-damage|p1a: Gholdengo|0 fnt
|faint|p1a: Gholdengo
|-damage|p2b: Gholdengo|90/100|[from] item: Life Orb
|
|-weather|none
|upkeep
|
|t:|1785671240
|switch|p1a: Tyranitar|Tyranitar, L50, F|100/100
|-weather|Sandstorm|[from] ability: Sand Stream|[of] p1a: Tyranitar
|turn|6
|
|t:|1785671264
|move|p2a: Staraptor|Close Combat|p1b: Excadrill
|-supereffective|p1b: Excadrill|1
|-damage|p1b: Excadrill|0 fnt
|-boost|p2a: Staraptor|def|1
|-boost|p2a: Staraptor|spd|1
|faint|p1b: Excadrill
|move|p2b: Gholdengo|Make It Rain|p1a: Tyranitar
|-supereffective|p1a: Tyranitar|1
|-damage|p1a: Tyranitar|0 fnt
|-unboost|p2b: Gholdengo|spa|2
|faint|p1a: Tyranitar
|-damage|p2b: Gholdengo|80/100|[from] item: Life Orb
|
|win|homerj71
