|j|☆WowieKazowee
|j|☆caevz027
|html|WowieKazoweecaevz027    
|uhtml|bestof|Game 3 of a best-of-3
|t:|1757164580
|gametype|doubles
|player|p1|WowieKazowee|idol|1062
|player|p2|caevz027|102|1154
|gen|9
|tier|[Gen 9] VGC 2025 Reg H (Bo3)
|rated|
|rule|Species Clause: Limit one of each Pokémon
|rule|Item Clause: Limit 1 of each item
|clearpoke
|poke|p1|Incineroar, L50, F|
|poke|p1|Rillaboom, L50, F|
|poke|p1|Sneasler, L50, F|
|poke|p1|Gholdengo, L50|
|poke|p1|Electabuzz, L50, M|
|poke|p1|Ninetales-Alola, L50, M|
|poke|p2|Sneasler, L50, M|
|poke|p2|Indeedee, L50, M|
|poke|p2|Ursaluna-Bloodmoon, L50, M|
|poke|p2|Talonflame, L50, F|
|poke|p2|Electabuzz, L50, F|
|poke|p2|Hydreigon, L50, M|
|teampreview|4
|showteam|p1|Incineroar||SafetyGoggles|Intimidate|FakeOut,FlareBlitz,KnockOff,PartingShot|||F|||50|,,,,,Water]Rillaboom||AssaultVest|GrassySurge|WoodHammer,GrassyGlide,FakeOut,Uturn|||F|||50|,,,,,Fire]Sneasler||GrassySeed|Unburden|CloseCombat,DireClaw,FakeOut,Protect|||F|||50|,,,,,Flying]Gholdengo||LifeOrb|GoodasGold|MakeItRain,ShadowBall,NastyPlot,Protect||||||50|,,,,,Steel]Electabuzz||Eviolite|VitalSpirit|Electroweb,VoltSwitch,FollowMe,Protect|||M|||50|,,,,,Bug]Ninetales-Alola||LightClay|SnowWarning|FreezeDry,AuroraVeil,Encore,Protect|||M|||50|,,,,,Water
|showteam|p2|Sneasler||PsychicSeed|Unburden|DireClaw,CloseCombat,ThroatChop,Protect|||M|||50|,,,,,Dark]Indeedee||FocusSash|PsychicSurge|ExpandingForce,TeraBlast,TrickRoom,Imprison|||M|||50|,,,,,Psychic]Ursaluna-Bloodmoon||LifeOrb|MindsEye|HyperVoice,BloodMoon,EarthPower,VacuumWave|||M|||50|,,,,,Normal]Talonflame||CovertCloak|GaleWings|DualWingbeat,Tailwind,WillOWisp,Taunt|||F|||50|,,,,,Ghost]Electabuzz||Eviolite|VitalSpirit|Taunt,FollowMe,Electroweb,Protect|||F|||50|,,,,,Electric]Hydreigon||ChoiceSpecs|Levitate|HeatWave,DracoMeteor,FlashCannon,Uturn|||M|||50|,,,,,Fire
|inactive|Battle timer is ON: inactive players will automatically lose when time's up. (requested by caevz027)
|
|t:|1757164610
|teamsize|p1|4
|teamsize|p2|4
|start
|switch|p1a: Rillaboom|Rillaboom, L50, F|100/100
|switch|p1b: Sneasler|Sneasler, L50, F|100/100
|switch|p2a: Talonflame|Talonflame, L50, F|100/100
|switch|p2b: Hydreigon|Hydreigon, L50, M|100/100
|-fieldstart|move: Grassy Terrain|[from] ability: Grassy Surge|[of] p1a: Rillaboom
|-enditem|p1b: Sneasler|Grassy Seed
|-boost|p1b: Sneasler|def|1|[from] item: Grassy Seed
|turn|1
|inactive|WowieKazowee has 30 seconds left.
|
|t:|1757164637
|switch|p2b: Sneasler|Sneasler, L50, M|100/100
|-terastallize|p1a: Rillaboom|Fire
|move|p1b: Sneasler|Close Combat|p2b: Sneasler
|-resisted|p2b: Sneasler
|-damage|p2b: Sneasler|42/100
|-unboost|p1b: Sneasler|def|1
|-unboost|p1b: Sneasler|spd|1
|move|p2a: Talonflame|Will-O-Wisp|p1b: Sneasler
|-status|p1b: Sneasler|brn
|move|p1a: Rillaboom|U-turn|p2b: Sneasler
|-resisted|p2b: Sneasler
|-damage|p2b: Sneasler|31/100
|
|t:|1757164650
|switch|p1a: Electabuzz|Electabuzz, L50, M|100/100|[from] U-turn
|
|-heal|p2b: Sneasler|37/100|[from] Grassy Terrain
|-damage|p1b: Sneasler|95/100 brn|[from] brn
|upkeep
|turn|2
|
|t:|1757164663
|move|p1b: Sneasler|Dire Claw|p2a: Talonflame
|-crit|p2a: Talonflame
|-damage|p2a: Talonflame|53/100
|move|p2a: Talonflame|Taunt|p1a: Electabuzz
|-start|p1a: Electabuzz|move: Taunt
|move|p2b: Sneasler|Dire Claw|p1b: Sneasler
|-resisted|p1b: Sneasler
|-damage|p1b: Sneasler|56/100 brn
|move|p1a: Electabuzz|Electroweb|p2b: Sneasler|[spread] p2a,p2b
|-supereffective|p2a: Talonflame
|-damage|p2a: Talonflame|1/100
|-damage|p2b: Sneasler|16/100
|-unboost|p2b: Sneasler|spe|1
|
|-heal|p1b: Sneasler|62/100 brn|[from] Grassy Terrain
|-heal|p2b: Sneasler|22/100|[from] Grassy Terrain
|-damage|p1b: Sneasler|56/100 brn|[from] brn
|upkeep
|turn|3
|
|t:|1757164685
|switch|p2a: Indeedee|Indeedee, L50, M|100/100
|-fieldstart|move: Psychic Terrain|[from] ability: Psychic Surge|[of] p2a: Indeedee
|-enditem|p2b: Sneasler|Psychic Seed
|-boost|p2b: Sneasler|spd|1|[from] item: Psychic Seed
|move|p1b: Sneasler|Dire Claw|p2a: Indeedee
|-damage|p2a: Indeedee|57/100
|-status|p2a: Indeedee|par
|move|p2b: Sneasler|Close Combat|p1b: Sneasler
|-resisted|p1b: Sneasler
|-damage|p1b: Sneasler|5/100 brn
|-unboost|p2b: Sneasler|def|1
|-unboost|p2b: Sneasler|spd|1
|move|p1a: Electabuzz|Electroweb|p2a: Indeedee|[spread] p2a,p2b
|-damage|p2a: Indeedee|34/100 par
|-damage|p2b: Sneasler|0 fnt
|-unboost|p2a: Indeedee|spe|1
|faint|p2b: Sneasler
|
|-damage|p1b: Sneasler|0 fnt|[from] brn
|faint|p1b: Sneasler
|upkeep
|inactive|caevz027 has 30 seconds left.
|
|t:|1757164710
|switch|p2b: Talonflame|Talonflame, L50, F|1/100
|switch|p1b: Rillaboom|Rillaboom, L50, F, tera:Fire|100/100
|-fieldstart|move: Grassy Terrain|[from] ability: Grassy Surge|[of] p1b: Rillaboom
|turn|4
|
|t:|1757164727
|-terastallize|p2b: Talonflame|Ghost
|move|p1b: Rillaboom|Fake Out|p2b: Talonflame
|-immune|p2b: Talonflame
|move|p2b: Talonflame|Tailwind|p2b: Talonflame
|-sidestart|p2: caevz027|move: Tailwind
|move|p1a: Electabuzz|Volt Switch|p2a: Indeedee
|-damage|p2a: Indeedee|0 fnt
|faint|p2a: Indeedee
|
|t:|1757164735
|switch|p1a: Ninetales|Ninetales-Alola, L50, M|100/100|[from] Volt Switch
|-weather|Snowscape|[from] ability: Snow Warning|[of] p1a: Ninetales
|
|-weather|Snowscape|[upkeep]
|-heal|p2b: Talonflame|7/100|[from] Grassy Terrain
|upkeep
|
|t:|1757164741
|switch|p2a: Hydreigon|Hydreigon, L50, M|100/100
|turn|5
|
|t:|1757164753
|move|p1b: Rillaboom|Grassy Glide|p2b: Talonflame
|-damage|p2b: Talonflame|0 fnt
|faint|p2b: Talonflame
|move|p2a: Hydreigon|Heat Wave|p1a: Ninetales|[spread] p1a,p1b
|-supereffective|p1a: Ninetales
|-resisted|p1b: Rillaboom
|-damage|p1a: Ninetales|23/100
|-damage|p1b: Rillaboom|86/100
|move|p1a: Ninetales|Aurora Veil|p1a: Ninetales
|-sidestart|p1: WowieKazowee|move: Aurora Veil
|
|-weather|Snowscape|[upkeep]
|-heal|p1a: Ninetales|30/100|[from] Grassy Terrain
|-heal|p1b: Rillaboom|92/100|[from] Grassy Terrain
|upkeep
|turn|6
|-message|caevz027 forfeited.
|
|win|WowieKazowee
|raw|WowieKazowee's rating: 1062 → 1101(+39 for winning)
|raw|caevz027's rating: 1154 → 1123(-31 for losing)
|l|☆caevz027
|player|p2|
