|j|☆srilekha
|j|☆lox1sm
|html|srilekhalox1sm    
|uhtml|bestof|Game 2 of a best-of-3
|t:|1782402728
|gametype|doubles
|player|p1|srilekha|265|1139
|player|p2|lox1sm|veteran|1124
|gen|9
|tier|[Gen 9 Champions] VGC 2026 Reg M-B (Bo3)
|rated|
|rule|Species Clause: Limit one of each Pokémon
|rule|Item Clause: Limit 1 of each item
|clearpoke
|poke|p1|Rotom-Wash, L50|
|poke|p1|Toxapex, L50, M, shiny|
|poke|p1|Froslass, L50, F|
|poke|p1|Kingambit, L50, F, shiny|
|poke|p1|Sceptile, L50, M|
|poke|p1|Dragonite, L50, F|
|poke|p2|Charizard, L50, F|
|poke|p2|Metagross, L50|
|poke|p2|Aerodactyl, L50, M|
|poke|p2|Garchomp, L50, M|
|poke|p2|Sylveon, L50, M|
|poke|p2|Kingambit, L50, F|
|teampreview|4
|showteam|p1|Rotom-Wash||ChoiceScarf|Levitate|Electroweb,VoltSwitch,HydroPump,Discharge|Timid|||||50|]Toxapex||Leftovers|Regenerator|BanefulBunker,Toxic,Infestation,Recover|Bold||M|||50|]Froslass||Froslassite|CursedBody|Blizzard,ShadowBall,AuroraVeil,Protect|Modest||F|||50|]Kingambit||LifeOrb|Defiant|KowtowCleave,IronHead,SuckerPunch,SwordsDance|Adamant||F|||50|]Sceptile||Sceptilite|Overgrow|LeafStorm,EnergyBall,DragonPulse,Detect|Timid||M|||50|]Dragonite||SitrusBerry|InnerFocus|Tailwind,ExtremeSpeed,Superpower,ChillingWater|Impish||F|||50|
|showteam|p2|Charizard||CharizarditeY|Blaze|HeatWave,WeatherBall,SolarBeam,Protect|Modest||F|||50|]Metagross||Metagrossite|ClearBody|IronHead,PsychicFangs,StompingTantrum,Protect|Jolly|||||50|]Aerodactyl||SitrusBerry|Unnerve|RockSlide,DualWingbeat,IceFang,Tailwind|Jolly||M|||50|]Garchomp||LifeOrb|RoughSkin|DragonClaw,Earthquake,RockSlide,Protect|Jolly||M|||50|]Sylveon||FairyFeather|Pixilate|HyperVoice,HyperBeam,QuickAttack,Protect|Modest||M|||50|]Kingambit||FocusSash|Defiant|KowtowCleave,SuckerPunch,IronHead,LowKick|Adamant||F|||50|
|
|t:|1782402779
|teamsize|p1|4
|teamsize|p2|4
|start
|switch|p1a: Rotom|Rotom-Wash, L50|100/100
|switch|p1b: Froslass|Froslass, L50, F|100/100
|switch|p2a: Garchomp|Garchomp, L50, M|100/100
|switch|p2b: Sylveon|Sylveon, L50, M|100/100
|turn|1
|
|t:|1782402804
|detailschange|p1b: Froslass|Froslass-Mega, L50, F
|-mega|p1b: Froslass|Froslass|Froslassite
|-weather|Snowscape|[from] ability: Snow Warning|[of] p1b: Froslass
|move|p2b: Sylveon|Protect|p2b: Sylveon
|-singleturn|p2b: Sylveon|Protect
|move|p1a: Rotom|Electroweb|p2a: Garchomp|[spread] 
|-activate|p2b: Sylveon|move: Protect
|-immune|p2a: Garchomp
|move|p1b: Froslass|Blizzard|p2b: Sylveon|[spread] p2a
|-activate|p2b: Sylveon|move: Protect
|-supereffective|p2a: Garchomp|2
|-damage|p2a: Garchomp|0 fnt
|faint|p2a: Garchomp
|
|-weather|Snowscape|[upkeep]
|upkeep
|
|t:|1782402810
|switch|p2a: Kingambit|Kingambit, L50, F|100/100
|turn|2
|
|t:|1782402831
|switch|p1a: Toxapex|Toxapex, L50, M, shiny|100/100
|switch|p1b: Kingambit|Kingambit, L50, F, shiny|100/100
|move|p2b: Sylveon|Hyper Voice|p1a: Toxapex|[spread] p1a,p1b
|-resisted|p1a: Toxapex|1
|-damage|p1a: Toxapex|79/100
|-damage|p1b: Kingambit|45/100
|move|p2a: Kingambit|Kowtow Cleave|p1b: Kingambit
|-resisted|p1b: Kingambit|1
|-damage|p1b: Kingambit|28/100
|
|-weather|Snowscape|[upkeep]
|-heal|p1a: Toxapex|85/100|[from] item: Leftovers
|upkeep
|turn|3
|
|t:|1782402857
|switch|p2b: Metagross|Metagross, L50|100/100
|move|p2a: Kingambit|Kowtow Cleave|p1b: Kingambit
|-resisted|p1b: Kingambit|1
|-damage|p1b: Kingambit|11/100
|move|p1b: Kingambit|Iron Head|p2b: Metagross
|-resisted|p2b: Metagross|1
|-damage|p2b: Metagross|75/100
|-damage|p1b: Kingambit|1/100|[from] item: Life Orb
|move|p1a: Toxapex|Toxic|p2b: Metagross
|-immune|p2b: Metagross
|
|-weather|Snowscape|[upkeep]
|-heal|p1a: Toxapex|91/100|[from] item: Leftovers
|upkeep
|turn|4
|
|t:|1782402879
|detailschange|p2b: Metagross|Metagross-Mega, L50
|-mega|p2b: Metagross|Metagross|Metagrossite
|move|p1b: Kingambit|Sucker Punch|p2b: Metagross
|-supereffective|p2b: Metagross|1
|-damage|p2b: Metagross|0 fnt
|faint|p2b: Metagross
|-damage|p1b: Kingambit|0 fnt|[from] item: Life Orb
|faint|p1b: Kingambit
|move|p2a: Kingambit|Kowtow Cleave|p1a: Toxapex
|-damage|p1a: Toxapex|53/100
|move|p1a: Toxapex|Infestation|p2a: Kingambit
|-damage|p2a: Kingambit|96/100
|-activate|p2a: Kingambit|move: Infestation|[of] p1a: Toxapex
|
|-weather|Snowscape|[upkeep]
|-heal|p1a: Toxapex|59/100|[from] item: Leftovers
|-damage|p2a: Kingambit|83/100|[from] move: Infestation|[partiallytrapped]
|upkeep
|
|t:|1782402895
|switch|p2b: Sylveon|Sylveon, L50, M|100/100
|switch|p1b: Rotom|Rotom-Wash, L50|100/100
|turn|5
|
|t:|1782402908
|move|p2a: Kingambit|Sucker Punch|p1b: Rotom
|-damage|p1b: Rotom|48/100
|move|p1b: Rotom|Hydro Pump|p2a: Kingambit
|-damage|p2a: Kingambit|28/100
|move|p2b: Sylveon|Hyper Voice|p1b: Rotom|[spread] p1a,p1b
|-resisted|p1a: Toxapex|1
|-damage|p1a: Toxapex|37/100
|-damage|p1b: Rotom|0 fnt
|faint|p1b: Rotom
|move|p1a: Toxapex|Toxic|p2b: Sylveon
|-status|p2b: Sylveon|tox
|
|-weather|none
|-heal|p1a: Toxapex|43/100|[from] item: Leftovers
|-damage|p2b: Sylveon|93/100 tox|[from] psn
|-damage|p2a: Kingambit|16/100|[from] move: Infestation|[partiallytrapped]
|upkeep
|
|t:|1782402924
|switch|p1b: Froslass|Froslass-Mega, L50, F|100/100
|-weather|Snowscape|[from] ability: Snow Warning|[of] p1b: Froslass
|turn|6
|
|t:|1782402937
|move|p1b: Froslass|Aurora Veil|p1b: Froslass
|-sidestart|p1: srilekha|move: Aurora Veil
|move|p2b: Sylveon|Hyper Voice|p1b: Froslass|[spread] p1a,p1b
|-resisted|p1a: Toxapex|1
|-damage|p1a: Toxapex|29/100
|-damage|p1b: Froslass|57/100
|move|p2a: Kingambit|Kowtow Cleave|p1b: Froslass
|-supereffective|p1b: Froslass|1
|-damage|p1b: Froslass|0 fnt
|faint|p1b: Froslass
|move|p1a: Toxapex|Recover|p1a: Toxapex
|-heal|p1a: Toxapex|79/100
|
|-weather|Snowscape|[upkeep]
|-heal|p1a: Toxapex|86/100|[from] item: Leftovers
|-damage|p2b: Sylveon|81/100 tox|[from] psn
|-damage|p2a: Kingambit|3/100|[from] move: Infestation|[partiallytrapped]
|upkeep
|turn|7
|
|t:|1782402958
|move|p1a: Toxapex|Baneful Bunker|p1a: Toxapex
|-singleturn|p1a: Toxapex|move: Protect
|move|p2b: Sylveon|Hyper Beam|p1a: Toxapex
|-activate|p1a: Toxapex|move: Protect
|move|p2a: Kingambit|Iron Head|p1a: Toxapex
|-activate|p1a: Toxapex|move: Protect
|
|-weather|Snowscape|[upkeep]
|-heal|p1a: Toxapex|92/100|[from] item: Leftovers
|-damage|p2b: Sylveon|63/100 tox|[from] psn
|-damage|p2a: Kingambit|0 fnt|[from] move: Infestation|[partiallytrapped]
|faint|p2a: Kingambit
|upkeep
|turn|8
|
|t:|1782402978
|move|p2b: Sylveon|Hyper Voice|p1a: Toxapex
|-resisted|p1a: Toxapex|1
|-damage|p1a: Toxapex|72/100
|move|p1a: Toxapex|Infestation|p2b: Sylveon
|-resisted|p2b: Sylveon|1
|-damage|p2b: Sylveon|62/100 tox
|-activate|p2b: Sylveon|move: Infestation|[of] p1a: Toxapex
|
|-weather|Snowscape|[upkeep]
|-heal|p1a: Toxapex|79/100|[from] item: Leftovers
|-damage|p2b: Sylveon|37/100 tox|[from] psn
|-damage|p2b: Sylveon|25/100 tox|[from] move: Infestation|[partiallytrapped]
|upkeep
|turn|9
|
|t:|1782402991
|move|p1a: Toxapex|Baneful Bunker|p1a: Toxapex
|-singleturn|p1a: Toxapex|move: Protect
|move|p2b: Sylveon|Hyper Beam|p1a: Toxapex
|-activate|p1a: Toxapex|move: Protect
|
|-weather|Snowscape|[upkeep]
|-heal|p1a: Toxapex|85/100|[from] item: Leftovers
|-damage|p2b: Sylveon|0 fnt|[from] psn
|faint|p2b: Sylveon
|
|win|srilekha
|raw|srilekha's rating: 1139 → 1163(+24 for winning)
|raw|lox1sm's rating: 1124 → 1100(-24 for losing)
