|j|☆Chatter Mane
|j|☆Gabeeel
|html|Chatter ManeGabeeel    
|uhtml|bestof|Game 2 of a best-of-3
|t:|1783197150
|gametype|doubles
|player|p1|Chatter Mane|zinnia|
|player|p2|Gabeeel|iris|
|gen|9
|tier|[Gen 9 Champions] VGC 2026 Reg M-B (Bo3)
|rule|Species Clause: Limit one of each Pokémon
|rule|Item Clause: Limit 1 of each item
|clearpoke
|poke|p1|Froslass, L50, F, shiny|
|poke|p1|Scovillain, L50, M, shiny|
|poke|p1|Rotom-Wash, L50, shiny|
|poke|p1|Glimmora, L50, M, shiny|
|poke|p1|Aegislash, L50, M, shiny|
|poke|p1|Kommo-o, L50, F|
|poke|p2|Scrafty, L50, M|
|poke|p2|Slowking-Galar, L50, F|
|poke|p2|Palafin, L50, M|
|poke|p2|Volcarona, L50, M|
|poke|p2|Meowscarada, L50, M|
|poke|p2|Metagross, L50|
|teampreview|4
|showteam|p1|Froslass||Froslassite|CursedBody|Blizzard,ShadowBall,AuroraVeil,Protect|Modest||F|||50|]Scovillain||Scovillainite|Moody|Overheat,GigaDrain,RagePowder,Protect|Calm||M|||50|]Rotom-Wash||ChoiceScarf|Levitate|HydroPump,Thunderbolt,Electroweb,Trick|Timid|||||50|]Glimmora||FocusSash|ToxicDebris|SludgeBomb,PowerGem,EarthPower,SpikyShield|Modest||M|||50|]Aegislash||LifeOrb|StanceChange|Poltergeist,IronHead,ShadowSneak,KingsShield|Adamant||M|||50|]Kommo-o||Leftovers|Bulletproof|ClangingScales,AuraSphere,ClangorousSoul,Protect|Modest||F|||50|
|showteam|p2|Scrafty||Scraftinite|Intimidate|FakeOut,KnockOff,DrainPunch,SwordsDance|Adamant||M|||50|]Slowking-Galar||LifeOrb|Regenerator|SludgeBomb,Psychic,TrickRoom,Protect|Quiet||F|||50|]Palafin||MysticWater|ZerotoHero|WaveCrash,FlipTurn,JetPunch,Protect|Adamant||M|||50|]Volcarona||Leftovers|FlameBody|HeatWave,GigaDrain,QuiverDance,Protect|Modest||M|||50|]Meowscarada||FocusSash|Overgrow|FlowerTrick,KnockOff,SuckerPunch,Protect|Jolly||M|||50|]Metagross||MetalCoat|ClearBody|BulletPunch,IronHead,PsychicFangs,Protect|Adamant|||||50|
|
|t:|1783197189
|teamsize|p1|4
|teamsize|p2|4
|start
|switch|p1a: Kommo-o|Kommo-o, L50, F|100/100
|switch|p1b: Froslass|Froslass, L50, F, shiny|100/100
|switch|p2a: Slowking|Slowking-Galar, L50, F|100/100
|switch|p2b: Scrafty|Scrafty, L50, M|100/100
|-ability|p2b: Scrafty|Intimidate|boost
|-unboost|p1a: Kommo-o|atk|1
|-unboost|p1b: Froslass|atk|1
|turn|1
|l|☆Chatter Mane
|player|p1|
|j|☆Chatter Mane
|player|p1|Chatter Mane|zinnia|
|
|t:|1783197222
|detailschange|p1b: Froslass|Froslass-Mega, L50, F, shiny
|-mega|p1b: Froslass|Froslass|Froslassite
|-weather|Snowscape|[from] ability: Snow Warning|[of] p1b: Froslass
|detailschange|p2b: Scrafty|Scrafty-Mega, L50, M
|-mega|p2b: Scrafty|Scrafty|Scraftinite
|-ability|p2b: Scrafty|Intimidate|boost
|-unboost|p1a: Kommo-o|atk|1
|-unboost|p1b: Froslass|atk|1
|move|p1b: Froslass|Aurora Veil|p1b: Froslass
|-sidestart|p1: Chatter Mane|move: Aurora Veil
|move|p1a: Kommo-o|Clangorous Soul|p1a: Kommo-o
|-boost|p1a: Kommo-o|atk|1
|-boost|p1a: Kommo-o|def|1
|-boost|p1a: Kommo-o|spa|1
|-boost|p1a: Kommo-o|spd|1
|-boost|p1a: Kommo-o|spe|1
|-damage|p1a: Kommo-o|67/100
|move|p2b: Scrafty|Swords Dance|p2b: Scrafty
|-boost|p2b: Scrafty|atk|2
|move|p2a: Slowking|Trick Room|p2a: Slowking
|-fieldstart|move: Trick Room|[of] p2a: Slowking
|
|-weather|Snowscape|[upkeep]
|-heal|p1a: Kommo-o|73/100|[from] item: Leftovers
|upkeep
|turn|2
|
|t:|1783197237
|switch|p1b: Scovillain|Scovillain, L50, M, shiny|100/100
|move|p1a: Kommo-o|Protect|p1a: Kommo-o
|-singleturn|p1a: Kommo-o|Protect
|move|p2a: Slowking|Psychic|p1a: Kommo-o
|-activate|p1a: Kommo-o|move: Protect
|move|p2b: Scrafty|Knock Off|p1b: Scovillain
|-damage|p1b: Scovillain|27/100
|
|-weather|Snowscape|[upkeep]
|-heal|p1a: Kommo-o|80/100|[from] item: Leftovers
|-ability|p1b: Scovillain|Moody|boost
|-boost|p1b: Scovillain|spa|2
|-unboost|p1b: Scovillain|def|1
|upkeep
|turn|3
|
|t:|1783197259
|move|p1b: Scovillain|Rage Powder|p1b: Scovillain
|-singleturn|p1b: Scovillain|move: Rage Powder
|move|p2a: Slowking|Psychic|p1b: Scovillain
|-damage|p1b: Scovillain|0 fnt
|faint|p1b: Scovillain
|-damage|p2a: Slowking|90/100|[from] item: Life Orb
|move|p2b: Scrafty|Knock Off|p1a: Kommo-o
|-resisted|p1a: Kommo-o|1
|-damage|p1a: Kommo-o|58/100
|-enditem|p1a: Kommo-o|Leftovers|[from] move: Knock Off|[of] p2b: Scrafty
|move|p1a: Kommo-o|Aura Sphere|p2b: Scrafty
|-supereffective|p2b: Scrafty|1
|-crit|p2b: Scrafty
|-damage|p2b: Scrafty|0 fnt
|faint|p2b: Scrafty
|
|-weather|Snowscape|[upkeep]
|upkeep
|
|t:|1783197275
|switch|p1b: Aegislash|Aegislash, L50, M, shiny|100/100
|switch|p2b: Metagross|Metagross, L50|100/100
|turn|4
|
|t:|1783197294
|move|p1a: Kommo-o|Protect|p1a: Kommo-o
|-singleturn|p1a: Kommo-o|Protect
|move|p2a: Slowking|Psychic|p1a: Kommo-o
|-activate|p1a: Kommo-o|move: Protect
|-formechange|p1b: Aegislash|Aegislash-Blade|
|move|p1b: Aegislash|Poltergeist|p2b: Metagross
|-activate|p2b: Metagross|move: Poltergeist|Metal Coat
|-supereffective|p2b: Metagross|1
|-damage|p2b: Metagross|0 fnt
|faint|p2b: Metagross
|-damage|p1b: Aegislash|90/100|[from] item: Life Orb
|
|-weather|Snowscape|[upkeep]
|upkeep
|
|t:|1783197297
|switch|p2b: Meowscarada|Meowscarada, L50, M|100/100
|turn|5
|
|t:|1783197322
|-formechange|p1b: Aegislash|Aegislash|
|move|p1b: Aegislash|King's Shield|p1b: Aegislash
|-singleturn|p1b: Aegislash|Protect
|move|p2b: Meowscarada|Sucker Punch||[still]
|-fail|p2b: Meowscarada
|move|p2a: Slowking|Psychic|p1a: Kommo-o
|-supereffective|p1a: Kommo-o|1
|-damage|p1a: Kommo-o|3/100
|-damage|p2a: Slowking|80/100|[from] item: Life Orb
|move|p1a: Kommo-o|Clanging Scales|p2b: Meowscarada|[spread] p2a,p2b
|-damage|p2a: Slowking|38/100
|-damage|p2b: Meowscarada|9/100
|-unboost|p1a: Kommo-o|def|1
|
|-weather|none
|-sideend|p1: Chatter Mane|move: Aurora Veil
|-fieldend|move: Trick Room
|upkeep
|turn|6
|c|☆Gabeeel|gg
|c|☆Chatter Mane|ggwp
|
|t:|1783197349
|move|p2b: Meowscarada|Sucker Punch|p1b: Aegislash
|-supereffective|p1b: Aegislash|1
|-damage|p1b: Aegislash|32/100
|move|p1a: Kommo-o|Clanging Scales|p2b: Meowscarada|[spread] p2a,p2b
|-damage|p2a: Slowking|0 fnt
|-damage|p2b: Meowscarada|0 fnt
|faint|p2a: Slowking
|faint|p2b: Meowscarada
|
|win|Chatter Mane
|l|☆Gabeeel
|player|p2|
|j|☆Gabeeel
|player|p2|Gabeeel|iris|
