|j|☆Xto80
|j|☆robotarmadillo
|html|Xto80robotarmadillo    
|uhtml|bestof|Game 2 of a best-of-3
|t:|1783263046
|gametype|doubles
|player|p1|Xto80|lucas|
|player|p2|robotarmadillo|lucas|
|gen|9
|tier|[Gen 9 Champions] VGC 2026 Reg M-B (Bo3)
|rule|Species Clause: Limit one of each Pokémon
|rule|Item Clause: Limit 1 of each item
|clearpoke
|poke|p1|Sableye, L50, F|
|poke|p1|Gengar, L50, M|
|poke|p1|Ninetales-Alola, L50, F|
|poke|p1|Tauros-Paldea-Aqua, L50, M|
|poke|p1|Hawlucha, L50, M|
|poke|p1|Rhyperior, L50, F|
|poke|p2|Kingambit, L50, M|
|poke|p2|Whimsicott, L50, M|
|poke|p2|Charizard, L50, F|
|poke|p2|Sandaconda, L50, F|
|poke|p2|Feraligatr, L50, F|
|poke|p2|Skeledirge, L50, F|
|teampreview|4
|showteam|p1|Sableye||RoseliBerry|Prankster|Taunt,Quash,WillOWisp,FoulPlay|Careful||F|||50|]Gengar||Gengarite|CursedBody|IcyWind,Protect,ShadowBall,SludgeBomb|Timid||M|||50|]Ninetales-Alola||LightClay|SnowWarning|AuroraVeil,FreezeDry,Blizzard,Protect|Timid||F|||50|]Tauros-Paldea-Aqua||MysticWater|Intimidate|AquaJet,CloseCombat,RagingBull,Protect|Jolly||M|||50|]Hawlucha||SitrusBerry|Unburden|CloseCombat,SwordsDance,Protect,Acrobatics|Adamant||M|||50|]Rhyperior||HardStone|SolidRock|HighHorsepower,RockSlide,IcePunch,Protect|Adamant||F|||50|
|showteam|p2|Kingambit||ChopleBerry|Defiant|KowtowCleave,IronHead,SuckerPunch,BrickBreak|Adamant||M|||50|]Whimsicott||FocusSash|Prankster|Tailwind,Moonblast,Encore,Taunt|Bold||M|||50|]Charizard||CharizarditeX|Blaze|FlareBlitz,DragonClaw,Roost,Protect|Adamant||F|||50|]Sandaconda||SitrusBerry|SandSpit|HighHorsepower,Glare,RockSlide,Protect|Impish||F|||50|]Feraligatr||LifeOrb|SheerForce|IcePunch,Crunch,Protect,Liquidation|Jolly||F|||50|]Skeledirge||Leftovers|Unaware|TorchSong,ShadowBall,EarthPower,Protect|Modest||F|||50|
|
|t:|1783263143
|teamsize|p1|4
|teamsize|p2|4
|start
|switch|p1a: Sableye|Sableye, L50, F|100/100
|switch|p1b: Tauros|Tauros-Paldea-Aqua, L50, M|100/100
|switch|p2a: Kingambit|Kingambit, L50, M|100/100
|switch|p2b: Whimsicott|Whimsicott, L50, M|100/100
|-ability|p1b: Tauros|Intimidate|boost
|-unboost|p2a: Kingambit|atk|1
|-ability|p2a: Kingambit|Defiant|boost
|-boost|p2a: Kingambit|atk|2
|-unboost|p2b: Whimsicott|atk|1
|turn|1
|
|t:|1783263262
|move|p2b: Whimsicott|Tailwind|p2b: Whimsicott
|-sidestart|p2: robotarmadillo|move: Tailwind
|move|p2a: Kingambit|Sucker Punch|p1b: Tauros
|-resisted|p1b: Tauros|1
|-damage|p1b: Tauros|63/100
|move|p1a: Sableye|Will-O-Wisp|p2a: Kingambit
|-hint|Since gen 7, Dark is immune to Prankster moves.
|-immune|p2a: Kingambit
|move|p1b: Tauros|Close Combat|p2a: Kingambit
|-supereffective|p2a: Kingambit|2
|-enditem|p2a: Kingambit|Chople Berry|[eat]
|-enditem|p2a: Kingambit|Chople Berry|[weaken]
|-damage|p2a: Kingambit|14/100
|-unboost|p1b: Tauros|def|1
|-unboost|p1b: Tauros|spd|1
|
|upkeep
|turn|2
|
|t:|1783263403
|move|p1b: Tauros|Aqua Jet|p2a: Kingambit
|-damage|p2a: Kingambit|0 fnt
|faint|p2a: Kingambit
|move|p2b: Whimsicott|Moonblast|p1b: Tauros
|-supereffective|p1b: Tauros|1
|-damage|p1b: Tauros|0 fnt
|faint|p1b: Tauros
|move|p1a: Sableye|Foul Play|p2b: Whimsicott
|-resisted|p2b: Whimsicott|1
|-damage|p2b: Whimsicott|93/100
|
|upkeep
|
|t:|1783263538
|switch|p1b: Gengar|Gengar, L50, M|100/100
|switch|p2a: Skeledirge|Skeledirge, L50, F|100/100
|turn|3
|
|t:|1783263600
|detailschange|p1b: Gengar|Gengar-Mega, L50, M
|-mega|p1b: Gengar|Gengar|Gengarite
|move|p1a: Sableye|Taunt|p2b: Whimsicott
|-start|p2b: Whimsicott|move: Taunt
|move|p2b: Whimsicott|Moonblast|p1a: Sableye
|-supereffective|p1a: Sableye|1
|-enditem|p1a: Sableye|Roseli Berry|[eat]
|-enditem|p1a: Sableye|Roseli Berry|[weaken]
|-damage|p1a: Sableye|69/100
|-unboost|p1a: Sableye|spa|1
|move|p1b: Gengar|Shadow Ball|p2a: Skeledirge
|-supereffective|p2a: Skeledirge|1
|-damage|p2a: Skeledirge|0 fnt
|faint|p2a: Skeledirge
|
|upkeep
|
|t:|1783263616
|switch|p2a: Charizard|Charizard, L50, F|100/100
|turn|4
|
|t:|1783263707
|detailschange|p2a: Charizard|Charizard-Mega-X, L50, F
|-mega|p2a: Charizard|Charizard|Charizardite X
|move|p1a: Sableye|Quash|p2a: Charizard
|-activate|p2a: Charizard|move: Quash
|move|p2b: Whimsicott|Moonblast|p1a: Sableye
|-supereffective|p1a: Sableye|1
|-damage|p1a: Sableye|10/100
|move|p1b: Gengar|Shadow Ball|p2a: Charizard
|-damage|p2a: Charizard|44/100
|move|p2a: Charizard|Flare Blitz|p1b: Gengar
|-damage|p1b: Gengar|0 fnt
|faint|p1b: Gengar
|-damage|p2a: Charizard|20/100y|[from] Recoil
|
|-sideend|p2: robotarmadillo|move: Tailwind
|upkeep
|
|t:|1783263760
|switch|p1b: Rhyperior|Rhyperior, L50, F|100/100
|turn|5
|
|t:|1783263880
|move|p1a: Sableye|Quash|p2a: Charizard
|-activate|p2a: Charizard|move: Quash
|move|p2b: Whimsicott|Moonblast|p1a: Sableye
|-supereffective|p1a: Sableye|1
|-damage|p1a: Sableye|0 fnt
|faint|p1a: Sableye
|move|p1b: Rhyperior|Rock Slide|p2a: Charizard|[spread] p2a,p2b
|-supereffective|p2a: Charizard|1
|-crit|p2a: Charizard
|-damage|p2a: Charizard|0 fnt
|-damage|p2b: Whimsicott|56/100
|faint|p2a: Charizard
|
|-end|p2b: Whimsicott|move: Taunt
|upkeep
|turn|6
|
|t:|1783263993
|move|p2b: Whimsicott|Moonblast|p1b: Rhyperior
|-damage|p1b: Rhyperior|68/100
|move|p1b: Rhyperior|Ice Punch|p2b: Whimsicott
|-supereffective|p2b: Whimsicott|1
|-damage|p2b: Whimsicott|8/100
|
|upkeep
|turn|7
|
|t:|1783264132
|move|p2b: Whimsicott|Moonblast|p1b: Rhyperior
|-damage|p1b: Rhyperior|33/100
|move|p1b: Rhyperior|Ice Punch|p2b: Whimsicott
|-supereffective|p2b: Whimsicott|1
|-damage|p2b: Whimsicott|0 fnt
|faint|p2b: Whimsicott
|
|win|Xto80
||robotarmadillo is ready for game 3.
|inactive|Xto80 has 30 seconds to confirm battle start!
||Xto80 is ready for game 3.
|uhtml|next|Next: Game 3 of 3
