|j|☆TViewierVGC
|j|☆sparrow.d.ace
|html|TViewierVGCsparrow.d.ace    
|uhtml|bestof|Game 3 of a best-of-3
|t:|1756496546
|gametype|doubles
|player|p1|TViewierVGC|tuber|1114
|player|p2|sparrow.d.ace|benga|1135
|gen|9
|tier|[Gen 9] VGC 2025 Reg H (Bo3)
|rated|
|rule|Species Clause: Limit one of each Pokémon
|rule|Item Clause: Limit 1 of each item
|clearpoke
|poke|p1|Kilowattrel, L50, F|
|poke|p1|Garchomp, L50, M|
|poke|p1|Typhlosion-Hisui, L50, F|
|poke|p1|Ribombee, L50, F|
|poke|p1|Sneasler, L50, F|
|poke|p1|Corviknight, L50, M|
|poke|p2|Basculegion, L50, M|
|poke|p2|Pelipper, L50, F|
|poke|p2|Archaludon, L50, F|
|poke|p2|Sneasler, L50, F|
|poke|p2|Rillaboom, L50, F|
|poke|p2|Incineroar, L50, M|
|teampreview|4
|showteam|p1|Kilowattrel||FocusSash|Competitive|Thunderbolt,Discharge,AirSlash,Protect|||F|||50|,,,,,Electric]Garchomp||LifeOrb|RoughSkin|DragonClaw,StompingTantrum,Earthquake,Protect|||M|||50|,,,,,Ground]Typhlosion-Hisui||ChoiceScarf|Blaze|Eruption,HeatWave,Overheat,ShadowBall|||F|||50|,,,,,Fire]Ribombee||ChoiceSpecs|ShieldDust|Moonblast,DazzlingGleam,PollenPuff,TeraBlast|||F|||50|,,,,,Fire]Sneasler||ClearAmulet|PoisonTouch|DireClaw,CloseCombat,FakeOut,Protect|||F|||50|,,,,,Flying]Corviknight||SitrusBerry|MirrorArmor|BraveBird,Tailwind,Roost,Protect|||M|||50|,,,,,Dragon
|showteam|p2|Basculegion||ChoiceBand|SwiftSwim|WaveCrash,FlipTurn,LastRespects,AquaJet|||M|||50|,,,,,Water]Pelipper||CovertCloak|Drizzle|WeatherBall,Hurricane,Tailwind,Protect|||F|||50|,,,,,Ground]Archaludon||AssaultVest|Stamina|ElectroShot,DragonPulse,FlashCannon,BodyPress|||F|||50|,,,,,Bug]Sneasler||FocusSash|PoisonTouch|DireClaw,CloseCombat,ThroatChop,Protect|||F|||50|,,,,,Ghost]Rillaboom||MiracleSeed|GrassySurge|WoodHammer,GrassyGlide,Uturn,FakeOut|||F|||50|,,,,,Fire]Incineroar||SafetyGoggles|Intimidate|FakeOut,Taunt,KnockOff,PartingShot|||M|||50|,,,,,Ghost
|inactive|Battle timer is ON: inactive players will automatically lose when time's up. (requested by TViewierVGC)
|
|t:|1756496569
|teamsize|p1|4
|teamsize|p2|4
|start
|switch|p1a: Kilowattrel|Kilowattrel, L50, F|100/100
|switch|p1b: Corviknight|Corviknight, L50, M|100/100
|switch|p2a: Basculegion|Basculegion, L50, M, shiny|100/100
|switch|p2b: Pelipper|Pelipper, L50, F, shiny|100/100
|-weather|RainDance|[from] ability: Drizzle|[of] p2b: Pelipper
|turn|1
|
|t:|1756496595
|-terastallize|p1b: Corviknight|Dragon
|move|p1a: Kilowattrel|Protect|p1a: Kilowattrel
|-singleturn|p1a: Kilowattrel|Protect
|move|p2a: Basculegion|Flip Turn|p1a: Kilowattrel
|-activate|p1a: Kilowattrel|move: Protect
|move|p2b: Pelipper|Tailwind|p2b: Pelipper
|-sidestart|p2: sparrow.d.ace|move: Tailwind
|move|p1b: Corviknight|Tailwind|p1b: Corviknight
|-sidestart|p1: TViewierVGC|move: Tailwind
|
|-weather|RainDance|[upkeep]
|upkeep
|turn|2
|inactive|TViewierVGC has 30 seconds left.
|inactive|TViewierVGC has 20 seconds left.
|
|t:|1756496635
|switch|p1a: Sneasler|Sneasler, L50, F|100/100
|-terastallize|p2b: Pelipper|Ground
|move|p2a: Basculegion|Flip Turn|p1a: Sneasler
|-damage|p1a: Sneasler|0 fnt
|faint|p1a: Sneasler
|
|t:|1756496647
|switch|p2a: Archaludon|Archaludon, L50, F|100/100|[from] Flip Turn
|move|p2b: Pelipper|Weather Ball|p1b: Corviknight
|-resisted|p1b: Corviknight
|-damage|p1b: Corviknight|77/100
|move|p1b: Corviknight|Brave Bird|p2b: Pelipper
|-damage|p2b: Pelipper|54/100
|-damage|p1b: Corviknight|67/100|[from] Recoil
|
|-weather|RainDance|[upkeep]
|upkeep
|
|t:|1756496654
|switch|p1a: Garchomp|Garchomp, L50, M|100/100
|turn|3
|
|t:|1756496673
|move|p1a: Garchomp|Protect|p1a: Garchomp
|-singleturn|p1a: Garchomp|Protect
|move|p1b: Corviknight|Protect|p1b: Corviknight
|-singleturn|p1b: Corviknight|Protect
|move|p2b: Pelipper|Weather Ball|p1a: Garchomp
|-activate|p1a: Garchomp|move: Protect
|move|p2a: Archaludon|Dragon Pulse|p1a: Garchomp
|-activate|p1a: Garchomp|move: Protect
|
|-weather|RainDance|[upkeep]
|upkeep
|turn|4
|
|t:|1756496694
|move|p1a: Garchomp|Earthquake|p2b: Pelipper|[spread] p1b,p2a,p2b
|-supereffective|p2a: Archaludon
|-damage|p1b: Corviknight|28/100
|-damage|p2a: Archaludon|25/100
|-damage|p2b: Pelipper|0 fnt
|-ability|p2a: Archaludon|Stamina|boost
|-boost|p2a: Archaludon|def|1
|-enditem|p1b: Corviknight|Sitrus Berry|[eat]
|-heal|p1b: Corviknight|52/100|[from] item: Sitrus Berry
|faint|p2b: Pelipper
|-damage|p1a: Garchomp|91/100|[from] item: Life Orb
|move|p2a: Archaludon|Dragon Pulse|p1a: Garchomp
|-supereffective|p1a: Garchomp
|-damage|p1a: Garchomp|0 fnt
|faint|p1a: Garchomp
|move|p1b: Corviknight|Brave Bird|p2a: Archaludon
|-resisted|p2a: Archaludon
|-damage|p2a: Archaludon|16/100
|-ability|p2a: Archaludon|Stamina|boost
|-boost|p2a: Archaludon|def|1
|-damage|p1b: Corviknight|49/100|[from] Recoil
|
|-weather|RainDance|[upkeep]
|-sideend|p1: TViewierVGC|move: Tailwind
|-sideend|p2: sparrow.d.ace|move: Tailwind
|upkeep
|
|t:|1756496710
|switch|p1a: Kilowattrel|Kilowattrel, L50, F|100/100
|switch|p2b: Basculegion|Basculegion, L50, M, shiny|100/100
|turn|5
|
|t:|1756496723
|move|p1a: Kilowattrel|Protect|p1a: Kilowattrel
|-singleturn|p1a: Kilowattrel|Protect
|move|p1b: Corviknight|Protect|p1b: Corviknight
|-singleturn|p1b: Corviknight|Protect
|move|p2b: Basculegion|Flip Turn|p1b: Corviknight
|-activate|p1b: Corviknight|move: Protect
|move|p2a: Archaludon|Electro Shot||[still]
|-prepare|p2a: Archaludon|Electro Shot
|-boost|p2a: Archaludon|spa|1
|-anim|p2a: Archaludon|Electro Shot|p1a: Kilowattrel
|-activate|p1a: Kilowattrel|move: Protect
|
|-weather|none
|upkeep
|turn|6
|inactive|TViewierVGC has 30 seconds left.
|inactive|sparrow.d.ace has 30 seconds left.
|inactive|TViewierVGC has 20 seconds left.
|
|t:|1756496760
|move|p1a: Kilowattrel|Thunderbolt|p2a: Archaludon
|-resisted|p2a: Archaludon
|-damage|p2a: Archaludon|2/100
|-ability|p2a: Archaludon|Stamina|boost
|-boost|p2a: Archaludon|def|1
|move|p2b: Basculegion|Flip Turn|p1a: Kilowattrel
|-damage|p1a: Kilowattrel|12/100
|
|t:|1756496771
|switch|p2b: Sneasler|Sneasler, L50, F|100/100|[from] Flip Turn
|move|p2a: Archaludon|Dragon Pulse|p1a: Kilowattrel
|-damage|p1a: Kilowattrel|0 fnt
|faint|p1a: Kilowattrel
|move|p1b: Corviknight|Brave Bird|p2b: Sneasler
|-supereffective|p2b: Sneasler
|-enditem|p2b: Sneasler|Focus Sash
|-damage|p2b: Sneasler|1/100
|-damage|p1b: Corviknight|24/100|[from] Recoil
|
|upkeep
|turn|7
|-message|TViewierVGC forfeited.
|
|win|sparrow.d.ace
|raw|TViewierVGC's rating: 1114 → 1091(-23 for losing)
|raw|sparrow.d.ace's rating: 1135 → 1158(+23 for winning)
|l|☆TViewierVGC
|player|p1|
