|j|☆Mrpizzaofoz
|j|☆Dipankar_tai-ahom
|html|MrpizzaofozDipankar_tai-ahom    
|uhtml|bestof|Game 2 of a best-of-3
|t:|1784991909
|gametype|doubles
|player|p1|Mrpizzaofoz|corbeau|
|player|p2|Dipankar_tai-ahom|steven|
|gen|9
|tier|[Gen 9 Champions] VGC 2026 Reg M-B (Bo3)
|rule|Species Clause: Limit one of each Pokémon
|rule|Item Clause: Limit 1 of each item
|clearpoke
|poke|p1|Swampert, L50, F|
|poke|p1|Pelipper, L50, M|
|poke|p1|Archaludon, L50, M|
|poke|p1|Grimmsnarl, L50, M|
|poke|p1|Kingambit, L50, F|
|poke|p1|Venusaur, L50, F|
|poke|p2|Gengar, L50, M, shiny|
|poke|p2|Ninetales-Alola, L50, F|
|poke|p2|Incineroar, L50, M|
|poke|p2|Sneasler, L50, F|
|poke|p2|Kingambit, L50, M|
|poke|p2|Toxapex, L50, M|
|teampreview|4
|showteam|p1|Swampert||Swampertite|Torrent|WaveCrash,HighHorsepower,FlipTurn,Protect|Adamant||F|||50|]Pelipper||LifeOrb|Drizzle|WeatherBall,Hurricane,WideGuard,Protect|Quiet||M|||50|]Archaludon||Leftovers|Stamina|FlashCannon,DragonPulse,ElectroShot,Protect|Calm||M|||50|]Grimmsnarl||LightClay|Prankster|Reflect,LightScreen,SpiritBreak,PartingShot|Impish||M|||50|]Kingambit||FocusSash|Defiant|KowtowCleave,SuckerPunch,IronHead,LowKick|Adamant||F|||50|]Venusaur||Venusaurite|Chlorophyll|SludgeWave,GigaDrain,WeatherBall,Protect|Calm||F|||50|
|showteam|p2|Gengar||Gengarite|CursedBody|ShadowBall,Protect,SludgeBomb,PerishSong|Timid||M|||50|]Ninetales-Alola||NeverMeltIce|SnowWarning|Blizzard,Protect,FreezeDry,Encore|Timid||F|||50|]Incineroar||SitrusBerry|Intimidate|FakeOut,PartingShot,Protect,DarkestLariat|Careful||M|||50|]Sneasler||FocusSash|Unburden|Protect,DireClaw,FakeOut,CloseCombat|Hasty||F|||50|]Kingambit||ChopleBerry|Defiant|SuckerPunch,IronHead,Protect,KowtowCleave|Sassy||M|||50|]Toxapex||LifeOrb|Regenerator|BanefulBunker,IceBeam,Surf,Protect|Sassy||M|||50|
|
|t:|1784991956
|teamsize|p1|4
|teamsize|p2|4
|start
|switch|p1a: Prachand|Archaludon, L50, M|100/100
|switch|p1b: Piku|Pelipper, L50, M|100/100
|switch|p2a: Gengar|Gengar, L50, M, shiny|100/100
|switch|p2b: Sneasler|Sneasler, L50, F|100/100
|-weather|RainDance|[from] ability: Drizzle|[of] p1b: Piku
|turn|1
|inactive|Battle timer is ON: inactive players will automatically lose when time's up. (requested by Dipankar_tai-ahom)
|
|t:|1784991988
|detailschange|p2a: Gengar|Gengar-Mega, L50, M, shiny
|-mega|p2a: Gengar|Gengar|Gengarite
|move|p1a: Prachand|Protect|p1a: Prachand
|-singleturn|p1a: Prachand|Protect
|move|p2b: Sneasler|Fake Out|p1a: Prachand
|-activate|p1a: Prachand|move: Protect
|move|p2a: Gengar|Shadow Ball|p1a: Prachand
|-activate|p1a: Prachand|move: Protect
|move|p1b: Piku|Hurricane|p2b: Sneasler
|-supereffective|p2b: Sneasler|1
|-enditem|p2b: Sneasler|Focus Sash
|-damage|p2b: Sneasler|1/100
|-damage|p1b: Piku|90/100|[from] item: Life Orb
|
|-weather|RainDance|[upkeep]
|upkeep
|turn|2
|
|t:|1784992006
|switch|p2b: Ninetales|Ninetales-Alola, L50, F|100/100
|-weather|Snowscape|[from] ability: Snow Warning|[of] p2b: Ninetales
|move|p2a: Gengar|Perish Song|p2a: Gengar
|-start|p1a: Prachand|perish3|[silent]
|-start|p1b: Piku|perish3|[silent]
|-start|p2a: Gengar|perish3|[silent]
|-start|p2b: Ninetales|perish3|[silent]
|-fieldactivate|move: Perish Song
|move|p1a: Prachand|Electro Shot||[still]
|-prepare|p1a: Prachand|Electro Shot
|-boost|p1a: Prachand|spa|1
|move|p1b: Piku|Hurricane|p2a: Gengar
|-damage|p2a: Gengar|43/100
|-start|p2a: Gengar|confusion
|-damage|p1b: Piku|80/100|[from] item: Life Orb
|
|-weather|Snowscape|[upkeep]
|-start|p2a: Gengar|perish3
|-start|p2b: Ninetales|perish3
|-start|p1a: Prachand|perish3
|-start|p1b: Piku|perish3
|upkeep
|turn|3
|inactive|Mrpizzaofoz has 30 seconds left.
|
|t:|1784992032
|-activate|p2a: Gengar|confusion
|move|p2a: Gengar|Protect|p2a: Gengar
|-singleturn|p2a: Gengar|Protect
|move|p2b: Ninetales|Protect|p2b: Ninetales
|-singleturn|p2b: Ninetales|Protect
|move|p1a: Prachand|Electro Shot|p2a: Gengar|[from] lockedmove
|-activate|p2a: Gengar|move: Protect
|move|p1b: Piku|Hurricane|p2b: Ninetales
|-activate|p2b: Ninetales|move: Protect
|
|-weather|Snowscape|[upkeep]
|-start|p2a: Gengar|perish2
|-start|p2b: Ninetales|perish2
|-start|p1a: Prachand|perish2
|-start|p1b: Piku|perish2
|upkeep
|turn|4
|inactive|Mrpizzaofoz has 30 seconds left.
|inactive|Dipankar_tai-ahom has 30 seconds left.
|
|t:|1784992071
|-end|p2a: Gengar|confusion
|move|p2a: Gengar|Protect||[still]
|-fail|p2a: Gengar
|move|p2b: Ninetales|Freeze-Dry|p1b: Piku
|-supereffective|p1b: Piku|2
|-damage|p1b: Piku|0 fnt
|faint|p1b: Piku
|move|p1a: Prachand|Flash Cannon|p2b: Ninetales
|-supereffective|p2b: Ninetales|2
|-damage|p2b: Ninetales|0 fnt
|faint|p2b: Ninetales
|
|-weather|Snowscape|[upkeep]
|-start|p2a: Gengar|perish1
|-start|p1a: Prachand|perish1
|upkeep
|
|t:|1784992093
|switch|p2b: Sneasler|Sneasler, L50, F|1/100
|switch|p1b: Shaitaan|Grimmsnarl, L50, M|100/100
|turn|5
|
|t:|1784992117
|switch|p2a: Incineroar|Incineroar, L50, M|100/100
|-ability|p2a: Incineroar|Intimidate|boost
|-unboost|p1a: Prachand|atk|1
|-unboost|p1b: Shaitaan|atk|1
|move|p2b: Sneasler|Protect|p2b: Sneasler
|-singleturn|p2b: Sneasler|Protect
|move|p1a: Prachand|Dragon Pulse|p2a: Incineroar
|-damage|p2a: Incineroar|51/100
|move|p1b: Shaitaan|Spirit Break|p2b: Sneasler
|-activate|p2b: Sneasler|move: Protect
|
|-weather|Snowscape|[upkeep]
|-start|p1a: Prachand|perish0
|faint|p1a: Prachand
|upkeep
|
|t:|1784992125
|switch|p1a: Dharmender|Swampert, L50, F|100/100
|turn|6
|
|t:|1784992146
|detailschange|p1a: Dharmender|Swampert-Mega, L50, F
|-mega|p1a: Dharmender|Swampert|Swampertite
|move|p1a: Dharmender|Protect|p1a: Dharmender
|-singleturn|p1a: Dharmender|Protect
|move|p2a: Incineroar|Fake Out|p1a: Dharmender
|-activate|p1a: Dharmender|move: Protect
|move|p2b: Sneasler|Dire Claw|p1b: Shaitaan
|-supereffective|p1b: Shaitaan|1
|-damage|p1b: Shaitaan|21/100
|move|p1b: Shaitaan|Spirit Break|p2a: Incineroar
|-crit|p2a: Incineroar
|-damage|p2a: Incineroar|14/100
|-unboost|p2a: Incineroar|spa|1
|-enditem|p2a: Incineroar|Sitrus Berry|[eat]
|-heal|p2a: Incineroar|39/100|[from] item: Sitrus Berry
|
|-weather|none
|upkeep
|turn|7
|inactive|Dipankar_tai-ahom has 30 seconds left.
|
|t:|1784992173
|move|p1b: Shaitaan|Parting Shot|p2b: Sneasler
|-unboost|p2b: Sneasler|atk|1
|-unboost|p2b: Sneasler|spa|1
|move|p2b: Sneasler|Dire Claw|p1b: Shaitaan
|-supereffective|p1b: Shaitaan|1
|-damage|p1b: Shaitaan|0 fnt
|faint|p1b: Shaitaan
|move|p1a: Dharmender|High Horsepower|p2a: Incineroar
|-supereffective|p2a: Incineroar|1
|-damage|p2a: Incineroar|0 fnt
|faint|p2a: Incineroar
|
|upkeep
|
|t:|1784992187
|switch|p2a: Gengar|Gengar-Mega, L50, M, shiny|43/100
|turn|8
|inactive|Dipankar_tai-ahom has 30 seconds left.
|inactive|Dipankar_tai-ahom has 20 seconds left.
|inactive|Dipankar_tai-ahom has 15 seconds left.
|inactive|Dipankar_tai-ahom has 10 seconds left.
|
|t:|1784992236
|move|p2a: Gengar|Shadow Ball|p1a: Dharmender
|-damage|p1a: Dharmender|61/100
|move|p2b: Sneasler|Close Combat|p1a: Dharmender
|-damage|p1a: Dharmender|24/100
|-unboost|p2b: Sneasler|def|1
|-unboost|p2b: Sneasler|spd|1
|move|p1a: Dharmender|High Horsepower|p2a: Gengar
|-supereffective|p2a: Gengar|1
|-damage|p2a: Gengar|0 fnt
|faint|p2a: Gengar
|
|upkeep
|turn|9
|
|t:|1784992251
|move|p2b: Sneasler|Close Combat|p1a: Dharmender
|-damage|p1a: Dharmender|0 fnt
|-unboost|p2b: Sneasler|def|1
|-unboost|p2b: Sneasler|spd|1
|faint|p1a: Dharmender
|
|win|Dipankar_tai-ahom
||Mrpizzaofoz is ready for game 3.
|inactive|Dipankar_tai-ahom has 30 seconds to confirm battle start!
||Dipankar_tai-ahom is ready for game 3.
|uhtml|next|Next: Game 3 of 3
|l|☆Dipankar_tai-ahom
|player|p2|
