|j|☆kattathy
|j|☆ancientson
|html|kattathyancientson    
|uhtml|bestof|Game 2 of a best-of-3
|t:|1756868164
|gametype|doubles
|player|p1|kattathy|elesa|1075
|player|p2|ancientson|n|1111
|gen|9
|tier|[Gen 9] VGC 2025 Reg H (Bo3)
|rated|
|rule|Species Clause: Limit one of each Pokémon
|rule|Item Clause: Limit 1 of each item
|clearpoke
|poke|p1|Sneasler, L50, F|
|poke|p1|Indeedee, L50, M|
|poke|p1|Volcarona, L50, M|
|poke|p1|Ursaluna-Bloodmoon, L50, M|
|poke|p1|Annihilape, L50, F|
|poke|p1|Tyranitar, L50, M|
|poke|p2|Dragapult, L50, F|
|poke|p2|Gholdengo, L50|
|poke|p2|Murkrow, L50, M|
|poke|p2|Sneasler, L50, M|
|poke|p2|Armarouge, L50, F|
|poke|p2|Indeedee-F, L50, F|
|teampreview|4
|showteam|p1|Sneasler||PsychicSeed|Unburden|ThroatChop,DireClaw,CloseCombat,Protect|||F|||50|,,,,,Dark]Indeedee||ChoiceScarf|PsychicSurge|ExpandingForce,TeraBlast,Trick,Protect|||M|||50|,,,,,Psychic]Volcarona||SitrusBerry|FlameBody|Overheat,StruggleBug,RagePowder,Tailwind|||M|||50|,,,,,Grass]Ursaluna-Bloodmoon||LifeOrb|MindsEye|BloodMoon,HyperVoice,EarthPower,Protect|||M|||50|,,,,,Normal]Annihilape||SafetyGoggles|Defiant|CloseCombat,RageFist,Taunt,FinalGambit|||F|||50|,,,,,Fairy]Tyranitar||AssaultVest|SandStream|RockSlide,KnockOff,TeraBlast,LowKick|||M|||50|,,,,,Flying
|showteam|p2|Dragapult||LifeOrb|ClearBody|DragonDarts,Uturn,PhantomForce,SuckerPunch|||F|||50|,,,,,Dragon]Gholdengo||Leftovers|GoodasGold|Protect,ShadowBall,MakeItRain,NastyPlot||||||50|,,,,,Fighting]Murkrow||Eviolite|Prankster|FoulPlay,Tailwind,Haze,SunnyDay|||M|||50|,,,,,Dark]Sneasler||PsychicSeed|Unburden|DireClaw,CloseCombat,Protect,ThroatChop|||M|||50|,,,,,Dark]Armarouge||CovertCloak|FlashFire|ExpandingForce,HeatWave,Protect,TeraBlast|||F|||50|,,,,,Fighting]Indeedee-F||RockyHelmet|PsychicSurge|FollowMe,HelpingHand,TrickRoom,Psychic|||F|||50|,,,,,Dark
|
|t:|1756868188
|teamsize|p1|4
|teamsize|p2|4
|start
|switch|p1a: Ursaluna|Ursaluna-Bloodmoon, L50, M|100/100
|switch|p1b: Volcarona|Volcarona, L50, M|100/100
|switch|p2a: Murkrow|Murkrow, L50, M|100/100
|switch|p2b: Armarouge|Armarouge, L50, F|100/100
|turn|1
|inactive|Battle timer is ON: inactive players will automatically lose when time's up. (requested by ancientson)
|
|t:|1756868207
|-terastallize|p1a: Ursaluna|Normal
|-terastallize|p2b: Armarouge|Fighting
|move|p2a: Murkrow|Tailwind|p2a: Murkrow
|-sidestart|p2: ancientson|move: Tailwind
|move|p2b: Armarouge|Tera Blast|p1a: Ursaluna|[anim] Tera Blast Fighting
|-supereffective|p1a: Ursaluna
|-damage|p1a: Ursaluna|0 fnt
|faint|p1a: Ursaluna
|move|p1b: Volcarona|Tailwind|p1b: Volcarona
|-sidestart|p1: kattathy|move: Tailwind
|
|upkeep
|
|t:|1756868217
|switch|p1a: Indeedee|Indeedee, L50, M|100/100
|-fieldstart|move: Psychic Terrain|[from] ability: Psychic Surge|[of] p1a: Indeedee
|turn|2
|
|t:|1756868241
|move|p2b: Armarouge|Protect|p2b: Armarouge
|-singleturn|p2b: Armarouge|Protect
|move|p1a: Indeedee|Expanding Force|p2a: Murkrow|[spread] 
|-activate|p2b: Armarouge|move: Protect
|-immune|p2a: Murkrow
|move|p1b: Volcarona|Struggle Bug|p2a: Murkrow|[spread] p2a
|-activate|p2b: Armarouge|move: Protect
|-damage|p2a: Murkrow|83/100
|-unboost|p2a: Murkrow|spa|1
|move|p2a: Murkrow|Foul Play|p1a: Indeedee
|-supereffective|p1a: Indeedee
|-damage|p1a: Indeedee|15/100
|
|upkeep
|turn|3
|inactive|ancientson has 30 seconds left.
|
|t:|1756868267
|switch|p2b: Indeedee|Indeedee-F, L50, F|100/100
|move|p1a: Indeedee|Expanding Force|p2b: Indeedee|[spread] p2b
|-immune|p2a: Murkrow
|-resisted|p2b: Indeedee
|-damage|p2b: Indeedee|72/100
|move|p1b: Volcarona|Struggle Bug|p2a: Murkrow|[spread] p2a,p2b
|-supereffective|p2b: Indeedee
|-damage|p2a: Murkrow|68/100
|-damage|p2b: Indeedee|34/100
|-unboost|p2a: Murkrow|spa|1
|-unboost|p2b: Indeedee|spa|1
|move|p2a: Murkrow|Foul Play|p1a: Indeedee
|-supereffective|p1a: Indeedee
|-damage|p1a: Indeedee|0 fnt
|faint|p1a: Indeedee
|
|upkeep
|
|t:|1756868272
|switch|p1a: Annihilape|Annihilape, L50, F|100/100
|turn|4
|inactive|ancientson has 30 seconds left.
|
|t:|1756868303
|switch|p2a: Sneasler|Sneasler, L50, M|100/100
|-enditem|p2a: Sneasler|Psychic Seed
|-boost|p2a: Sneasler|spd|1|[from] item: Psychic Seed
|move|p2b: Indeedee|Follow Me|p2b: Indeedee
|-singleturn|p2b: Indeedee|move: Follow Me
|move|p1b: Volcarona|Overheat|p2b: Indeedee
|-damage|p2b: Indeedee|0 fnt
|-unboost|p1b: Volcarona|spa|2
|faint|p2b: Indeedee
|move|p1a: Annihilape|Rage Fist|p2a: Sneasler
|-damage|p2a: Sneasler|62/100
|
|-sideend|p1: kattathy|move: Tailwind
|-sideend|p2: ancientson|move: Tailwind
|upkeep
|
|t:|1756868313
|switch|p2b: Murkrow|Murkrow, L50, M|68/100
|turn|5
|
|t:|1756868334
|move|p1b: Volcarona|Rage Powder|p1b: Volcarona
|-singleturn|p1b: Volcarona|move: Rage Powder
|move|p2b: Murkrow|Tailwind|p2b: Murkrow
|-sidestart|p2: ancientson|move: Tailwind
|move|p2a: Sneasler|Throat Chop|p1b: Volcarona
|-damage|p1b: Volcarona|67/100
|-start|p1b: Volcarona|Throat Chop|[silent]
|move|p1a: Annihilape|Close Combat|p2a: Sneasler
|-resisted|p2a: Sneasler
|-damage|p2a: Sneasler|18/100
|-unboost|p1a: Annihilape|def|1
|-unboost|p1a: Annihilape|spd|1
|
|upkeep
|turn|6
|inactive|ancientson has 30 seconds left.
|inactive|ancientson has 20 seconds left.
|
|t:|1756868371
|move|p2a: Sneasler|Protect|p2a: Sneasler
|-singleturn|p2a: Sneasler|Protect
|move|p1b: Volcarona|Rage Powder|p1b: Volcarona
|-singleturn|p1b: Volcarona|move: Rage Powder
|move|p2b: Murkrow|Foul Play|p1b: Volcarona
|-damage|p1b: Volcarona|47/100
|-status|p2b: Murkrow|brn|[from] ability: Flame Body|[of] p1b: Volcarona
|-enditem|p1b: Volcarona|Sitrus Berry|[eat]
|-heal|p1b: Volcarona|72/100|[from] item: Sitrus Berry
|move|p1a: Annihilape|Rage Fist|p2a: Sneasler
|-activate|p2a: Sneasler|move: Protect
|
|-damage|p2b: Murkrow|62/100 brn|[from] brn
|-end|p1b: Volcarona|Throat Chop|[silent]
|-fieldend|move: Psychic Terrain
|upkeep
|turn|7
|
|t:|1756868394
|move|p1b: Volcarona|Rage Powder|p1b: Volcarona
|-singleturn|p1b: Volcarona|move: Rage Powder
|move|p2a: Sneasler|Throat Chop|p1b: Volcarona
|-damage|p1b: Volcarona|37/100
|-start|p1b: Volcarona|Throat Chop|[silent]
|move|p2b: Murkrow|Foul Play|p1b: Volcarona
|-damage|p1b: Volcarona|27/100
|move|p1a: Annihilape|Rage Fist|p2a: Sneasler
|-damage|p2a: Sneasler|0 fnt
|faint|p2a: Sneasler
|
|-damage|p2b: Murkrow|56/100 brn|[from] brn
|upkeep
|
|t:|1756868397
|switch|p2a: Armarouge|Armarouge, L50, F, tera:Fighting|100/100
|turn|8
|j| KanelaEmPo
|
|t:|1756868417
|move|p2a: Armarouge|Protect|p2a: Armarouge
|-singleturn|p2a: Armarouge|Protect
|move|p1b: Volcarona|Rage Powder|p1b: Volcarona
|-singleturn|p1b: Volcarona|move: Rage Powder
|move|p2b: Murkrow|Sunny Day|p2b: Murkrow
|-weather|SunnyDay
|move|p1a: Annihilape|Close Combat|p2a: Armarouge
|-activate|p2a: Armarouge|move: Protect
|
|-weather|SunnyDay|[upkeep]
|-damage|p2b: Murkrow|50/100 brn|[from] brn
|-end|p1b: Volcarona|Throat Chop|[silent]
|-sideend|p2: ancientson|move: Tailwind
|upkeep
|turn|9
|
|t:|1756868431
|move|p1b: Volcarona|Rage Powder|p1b: Volcarona
|-singleturn|p1b: Volcarona|move: Rage Powder
|move|p2b: Murkrow|Tailwind|p2b: Murkrow
|-sidestart|p2: ancientson|move: Tailwind
|move|p2a: Armarouge|Heat Wave|p1a: Annihilape|[spread] p1a,p1b
|-crit|p1b: Volcarona
|-damage|p1a: Annihilape|19/100
|-damage|p1b: Volcarona|0 fnt
|faint|p1b: Volcarona
|move|p1a: Annihilape|Close Combat|p2a: Armarouge
|-damage|p2a: Armarouge|53/100
|-unboost|p1a: Annihilape|def|1
|-unboost|p1a: Annihilape|spd|1
|
|-weather|SunnyDay|[upkeep]
|-damage|p2b: Murkrow|44/100 brn|[from] brn
|upkeep
|turn|10
|-message|kattathy forfeited.
|
|win|ancientson
||kattathy is ready for game 3.
|inactive|ancientson has 30 seconds to confirm battle start!
||ancientson is ready for game 3.
|uhtml|next|Next: Game 3 of 3
|l| KanelaEmPo
