|j|☆Painter04
|j|☆ShadowX024
|html|Painter04ShadowX024    
|uhtml|bestof|Game 3 of a best-of-3
|t:|1785616964
|gametype|doubles
|player|p1|Painter04|volkner|1115
|player|p2|ShadowX024|101|1000
|gen|9
|tier|[Gen 9 Champions] VGC 2026 Reg M-B (Bo3)
|rated|
|rule|Species Clause: Limit one of each Pokémon
|rule|Item Clause: Limit 1 of each item
|clearpoke
|poke|p1|Audino, L50, M|
|poke|p1|Vileplume, L50, M|
|poke|p1|Torkoal, L50, F|
|poke|p1|Sableye, L50, F|
|poke|p1|Blastoise, L50, F|
|poke|p1|Excadrill, L50, M|
|poke|p2|Gengar, L50, M, shiny|
|poke|p2|Archaludon, L50, M|
|poke|p2|Politoed, L50, F|
|poke|p2|Swampert, L50, M|
|poke|p2|Vivillon-Fancy, L50, M|
|poke|p2|Incineroar, L50, F|
|teampreview|4
|showteam|p1|Audino||Leftovers|Regenerator|AfterYou,Reflect,LightScreen,TrickRoom|Calm||M|||50|]Vileplume||FocusSash|Chlorophyll|StrengthSap,EnergyBall,AfterYou,Protect|Timid||M|||50|]Torkoal||Charcoal|Drought|Eruption,WeatherBall,AncientPower,Protect|Quiet||F|||50|]Sableye||RoseliBerry|Prankster|SkillSwap,WillOWisp,FoulPlay,PainSplit|Careful||F|||50|]Blastoise||Blastoisinite|RainDish|FakeOut,AuraSphere,DarkPulse,WaterSpout|Modest||F|||50|]Excadrill||Excadrite|SandRush|HighHorsepower,IronHead,RockSlide,Protect|Jolly||M|||50|
|showteam|p2|Gengar||Gengarite|CursedBody|ShadowBall,SludgeBomb,PerishSong,Protect|Modest||M|||50|]Archaludon||Leftovers|Stamina|ElectroShot,DragonPulse,FlashCannon,Protect|Bold||M|||50|]Politoed||SitrusBerry|Drizzle|WeatherBall,Hypnosis,PerishSong,Protect|Calm||F|||50|]Swampert||Swampertite|Torrent|WaveCrash,Earthquake,IcePunch,Protect|Adamant||M|||50|]Vivillon-Fancy||FocusSash|CompoundEyes|Hurricane,SleepPowder,RagePowder,Protect|Timid||M|||50|]Incineroar||PasshoBerry|Intimidate|ThroatChop,FakeOut,PartingShot,Protect|Impish||F|||50|
|inactive|Battle timer is ON: inactive players will automatically lose when time's up. (requested by ShadowX024)
|inactive|Painter04 has 60 seconds left.
|
|t:|1785617000
|teamsize|p1|4
|teamsize|p2|4
|start
|switch|p1a: Excadrill|Excadrill, L50, M|100/100
|switch|p1b: Sableye|Sableye, L50, F|100/100
|switch|p2a: Gengar|Gengar, L50, M, shiny|100/100
|switch|p2b: Vivillon|Vivillon-Fancy, L50, M|100/100
|turn|1
|inactive|Painter04 has 30 seconds left.
|
|t:|1785617027
|switch|p1a: Vileplume|Vileplume, L50, M|100/100
|move|p2b: Vivillon|Protect|p2b: Vivillon
|-singleturn|p2b: Vivillon|Protect
|move|p2a: Gengar|Protect|p2a: Gengar
|-singleturn|p2a: Gengar|Protect
|move|p1b: Sableye|Foul Play|p2a: Gengar
|-activate|p2a: Gengar|move: Protect
|
|upkeep
|turn|2
|inactive|ShadowX024 has 30 seconds left.
|
|t:|1785617056
|switch|p2a: Politoed|Politoed, L50, F|100/100
|-weather|RainDance|[from] ability: Drizzle|[of] p2a: Politoed
|switch|p1a: Excadrill|Excadrill, L50, M|100/100
|move|p2b: Vivillon|Sleep Powder|p1b: Sableye
|-status|p1b: Sableye|slp|[from] move: Sleep Powder
|cant|p1b: Sableye|slp
|
|-weather|RainDance|[upkeep]
|upkeep
|turn|3
|inactive|Painter04 has 30 seconds left.
|inactive|ShadowX024 has 30 seconds left.
|inactive|Painter04 has 20 seconds left.
|inactive|Painter04 has 15 seconds left.
|
|t:|1785617096
|switch|p2a: Swampert|Swampert, L50, M|100/100
|detailschange|p1a: Excadrill|Excadrill-Mega, L50, M
|-mega|p1a: Excadrill|Excadrill|Excadrite
|move|p2b: Vivillon|Rage Powder|p2b: Vivillon
|-singleturn|p2b: Vivillon|move: Rage Powder
|move|p1a: Excadrill|Rock Slide|p2b: Vivillon|[spread] p2a
|-miss|p1a: Excadrill|p2b: Vivillon
|-resisted|p2a: Swampert|1
|-damage|p2a: Swampert|86/100
|-curestatus|p1b: Sableye|slp|[msg]
|move|p1b: Sableye|Foul Play|p2b: Vivillon
|-damage|p2b: Vivillon|63/100
|
|-weather|RainDance|[upkeep]
|upkeep
|turn|4
|inactive|Painter04 has 30 seconds left.
|inactive|ShadowX024 has 30 seconds left.
|inactive|ShadowX024 has 20 seconds left.
|
|t:|1785617135
|switch|p1a: Vileplume|Vileplume, L50, M|100/100
|detailschange|p2a: Swampert|Swampert-Mega, L50, M
|-mega|p2a: Swampert|Swampert|Swampertite
|move|p1b: Sableye|Will-O-Wisp|p2a: Swampert
|-status|p2a: Swampert|brn
|move|p2a: Swampert|Earthquake|p1b: Sableye|[spread] p1a,p1b
|-immune|p2b: Vivillon
|-damage|p1a: Vileplume|74/100
|-damage|p1b: Sableye|71/100
|move|p2b: Vivillon|Sleep Powder|p1a: Vileplume
|-immune|p1a: Vileplume
|
|-weather|RainDance|[upkeep]
|-damage|p2a: Swampert|80/100 brn|[from] brn
|upkeep
|turn|5
|inactive|Painter04 has 30 seconds left.
|inactive|ShadowX024 has 30 seconds left.
|inactive|Painter04 has 20 seconds left.
|
|t:|1785617170
|switch|p2a: Gengar|Gengar, L50, M, shiny|100/100
|switch|p1b: Torkoal|Torkoal, L50, F|100/100
|-weather|SunnyDay|[from] ability: Drought|[of] p1b: Torkoal
|move|p1a: Vileplume|Energy Ball|p2a: Gengar
|-resisted|p2a: Gengar|1
|-damage|p2a: Gengar|83/100
|-start|p1a: Vileplume|Disable|Energy Ball|[from] ability: Cursed Body|[of] p2a: Gengar
|move|p2b: Vivillon|Hurricane|p1a: Vileplume|[miss]
|-miss|p2b: Vivillon|p1a: Vileplume
|
|-weather|SunnyDay|[upkeep]
|upkeep
|turn|6
|inactive|ShadowX024 has 30 seconds left.
|
|t:|1785617205
|switch|p2b: Politoed|Politoed, L50, F|100/100
|-weather|RainDance|[from] ability: Drizzle|[of] p2b: Politoed
|move|p2a: Gengar|Shadow Ball|p1a: Vileplume
|-damage|p1a: Vileplume|30/100
|move|p1a: Vileplume|After You|p1b: Torkoal
|-activate|p1b: Torkoal|move: After You
|move|p1b: Torkoal|Weather Ball|p2a: Gengar
|-damage|p2a: Gengar|33/100
|-start|p1b: Torkoal|Disable|Weather Ball|[from] ability: Cursed Body|[of] p2a: Gengar
|
|-weather|RainDance|[upkeep]
|upkeep
|turn|7
|inactive|Painter04 has 30 seconds left.
|
|t:|1785617231
|switch|p1b: Sableye|Sableye, L50, F|71/100
|move|p1a: Vileplume|Protect|p1a: Vileplume
|-singleturn|p1a: Vileplume|Protect
|move|p2a: Gengar|Shadow Ball|p1a: Vileplume
|-activate|p1a: Vileplume|move: Protect
|move|p2b: Politoed|Hypnosis|p1b: Sableye
|-status|p1b: Sableye|slp|[from] move: Hypnosis
|
|-weather|RainDance|[upkeep]
|upkeep
|turn|8
|inactive|Painter04 has 30 seconds left.
|
|t:|1785617258
|cant|p1b: Sableye|slp
|move|p2a: Gengar|Shadow Ball|p1a: Vileplume
|-damage|p1a: Vileplume|0 fnt
|faint|p1a: Vileplume
|move|p2b: Politoed|Perish Song|p2b: Politoed
|-start|p1b: Sableye|perish3|[silent]
|-start|p2a: Gengar|perish3|[silent]
|-start|p2b: Politoed|perish3|[silent]
|-fieldactivate|move: Perish Song
|
|-weather|RainDance|[upkeep]
|-start|p2a: Gengar|perish3
|-start|p2b: Politoed|perish3
|-start|p1b: Sableye|perish3
|upkeep
|inactive|Painter04 has 30 seconds left.
|inactive|Painter04 has 20 seconds left.
|
|t:|1785617298
|switch|p1a: Excadrill|Excadrill-Mega, L50, M|100/100
|turn|9
|
|t:|1785617321
|move|p1a: Excadrill|Protect|p1a: Excadrill
|-singleturn|p1a: Excadrill|Protect
|cant|p1b: Sableye|slp
|move|p2a: Gengar|Shadow Ball|p1a: Excadrill
|-activate|p1a: Excadrill|move: Protect
|move|p2b: Politoed|Weather Ball|p1a: Excadrill
|-activate|p1a: Excadrill|move: Protect
|
|-weather|RainDance|[upkeep]
|-start|p2a: Gengar|perish2
|-start|p2b: Politoed|perish2
|-start|p1b: Sableye|perish2
|upkeep
|turn|10
|inactive|Painter04 has 30 seconds left.
|inactive|ShadowX024 has 30 seconds left.
|
|t:|1785617350
|switch|p2a: Vivillon|Vivillon-Fancy, L50, M|63/100
|switch|p2b: Swampert|Swampert-Mega, L50, M|80/100 brn
|-curestatus|p1b: Sableye|slp|[msg]
|move|p1b: Sableye|Skill Swap|p2a: Vivillon
|-activate|p1b: Sableye|Skill Swap|Compound Eyes|Prankster|[of] p2a: Vivillon
|move|p1a: Excadrill|High Horsepower|p2a: Vivillon
|-immune|p2a: Vivillon
|
|-weather|none
|-damage|p2b: Swampert|74/100 brn|[from] brn
|-start|p1b: Sableye|perish1
|upkeep
|turn|11
|inactive|Painter04 has 30 seconds left.
|inactive|ShadowX024 has 30 seconds left.
|inactive|Painter04 has 20 seconds left.
|inactive|ShadowX024 has 20 seconds left.
|inactive|Painter04 has 15 seconds left.
|inactive|ShadowX024 has 15 seconds left.
|inactive|ShadowX024 has 10 seconds left.
|
|t:|1785617398
|switch|p2a: Politoed|Politoed, L50, F|100/100
|-weather|RainDance|[from] ability: Drizzle|[of] p2a: Politoed
|move|p1a: Excadrill|Protect|p1a: Excadrill
|-singleturn|p1a: Excadrill|Protect
|move|p2b: Swampert|Wave Crash|p1b: Sableye
|-damage|p1b: Sableye|0 fnt
|faint|p1b: Sableye
|-damage|p2b: Swampert|53/100 brn|[from] Recoil
|
|-weather|RainDance|[upkeep]
|-damage|p2b: Swampert|46/100 brn|[from] brn
|upkeep
|
|t:|1785617409
|switch|p1b: Torkoal|Torkoal, L50, F|100/100
|-weather|SunnyDay|[from] ability: Drought|[of] p1b: Torkoal
|turn|12
|
|t:|1785617434
|switch|p2b: Gengar|Gengar, L50, M, shiny|33/100
|move|p1a: Excadrill|Rock Slide|p2a: Politoed|[spread] p2a,p2b
|-damage|p2a: Politoed|79/100
|-damage|p2b: Gengar|0 fnt
|faint|p2b: Gengar
|move|p2a: Politoed|Perish Song|p2a: Politoed
|-start|p1a: Excadrill|perish3|[silent]
|-start|p1b: Torkoal|perish3|[silent]
|-start|p2a: Politoed|perish3|[silent]
|-fieldactivate|move: Perish Song
|move|p1b: Torkoal|Weather Ball|p2a: Politoed
|-resisted|p2a: Politoed|1
|-damage|p2a: Politoed|46/100
|-enditem|p2a: Politoed|Sitrus Berry|[eat]
|-heal|p2a: Politoed|71/100|[from] item: Sitrus Berry
|
|-weather|SunnyDay|[upkeep]
|-start|p1a: Excadrill|perish3
|-start|p2a: Politoed|perish3
|-start|p1b: Torkoal|perish3
|upkeep
|inactive|ShadowX024 has 30 seconds left.
|inactive|ShadowX024 has 20 seconds left.
|inactive|ShadowX024 has 15 seconds left.
|inactive|ShadowX024 has 10 seconds left.
|
|t:|1785617480
|switch|p2b: Swampert|Swampert-Mega, L50, M|46/100 brn
|turn|13
|
|t:|1785617503
|switch|p2a: Vivillon|Vivillon-Fancy, L50, M|63/100
|move|p2b: Swampert|Protect|p2b: Swampert
|-singleturn|p2b: Swampert|Protect
|move|p1a: Excadrill|High Horsepower|p2b: Swampert|[miss]
|-miss|p1a: Excadrill|p2b: Swampert
|move|p1b: Torkoal|Eruption|p2b: Swampert|[spread] p2a
|-activate|p2b: Swampert|move: Protect
|-supereffective|p2a: Vivillon|1
|-damage|p2a: Vivillon|0 fnt
|faint|p2a: Vivillon
|
|-weather|SunnyDay|[upkeep]
|-damage|p2b: Swampert|40/100 brn|[from] brn
|-start|p1a: Excadrill|perish2
|-start|p1b: Torkoal|perish2
|upkeep
|
|t:|1785617520
|switch|p2a: Politoed|Politoed, L50, F|71/100
|-weather|RainDance|[from] ability: Drizzle|[of] p2a: Politoed
|turn|14
|
|t:|1785617540
|move|p2a: Politoed|Protect|p2a: Politoed
|-singleturn|p2a: Politoed|Protect
|move|p2b: Swampert|Wave Crash|p1b: Torkoal
|-supereffective|p1b: Torkoal|1
|-damage|p1b: Torkoal|4/100
|-damage|p2b: Swampert|10/100 brn|[from] Recoil
|move|p1a: Excadrill|High Horsepower|p2a: Politoed
|-ability|p1a: Excadrill|Piercing Drill
|-zbroken|p2a: Politoed
|-damage|p2a: Politoed|59/100
|move|p1b: Torkoal|Weather Ball|p2b: Swampert
|-damage|p2b: Swampert|0 fnt
|faint|p2b: Swampert
|
|-weather|RainDance|[upkeep]
|-start|p1a: Excadrill|perish1
|-start|p1b: Torkoal|perish1
|upkeep
|turn|15
|inactive|Painter04 has 30 seconds left.
|inactive|ShadowX024 has 30 seconds left.
|inactive|Painter04 has 20 seconds left.
|inactive|ShadowX024 has 20 seconds left.
|inactive|Painter04 has 15 seconds left.
|inactive|ShadowX024 has 15 seconds left.
|inactive|Painter04 has 10 seconds left.
|inactive|ShadowX024 has 10 seconds left.
|inactive|Painter04 has 5 seconds left.
|
|t:|1785617571
|move|p1a: Excadrill|High Horsepower|p2a: Politoed
|-damage|p2a: Politoed|8/100
|move|p2a: Politoed|Weather Ball|p1b: Torkoal
|-supereffective|p1b: Torkoal|1
|-damage|p1b: Torkoal|0 fnt
|faint|p1b: Torkoal
|
|-weather|RainDance|[upkeep]
|-start|p1a: Excadrill|perish0
|upkeep
|faint|p1a: Excadrill
|
|win|ShadowX024
|raw|Painter04's rating: 1115 → 1082(-33 for losing)
|raw|ShadowX024's rating: 1000 → 1053(+53 for winning)
