|j|☆afkahaoai
|j|☆Needels
|html|afkahaoaiNeedels    
|uhtml|bestof|Game 2 of a best-of-3
|t:|1756356743
|gametype|doubles
|player|p1|afkahaoai|102|1091
|player|p2|Needels|eusine|1109
|gen|9
|tier|[Gen 9] VGC 2025 Reg H (Bo3)
|rated|
|rule|Species Clause: Limit one of each Pokémon
|rule|Item Clause: Limit 1 of each item
|clearpoke
|poke|p1|Kommo-o, L50, M|
|poke|p1|Sinistcha, L50|
|poke|p1|Tyranitar, L50, F|
|poke|p1|Oranguru, L50, M|
|poke|p1|Incineroar, L50, F|
|poke|p1|Sneasler, L50, F|
|poke|p2|Ursaluna, L50, F|
|poke|p2|Jumpluff, L50, F|
|poke|p2|Charizard, L50, F|
|poke|p2|Torkoal, L50, M|
|poke|p2|Incineroar, L50, M|
|poke|p2|Porygon2, L50|
|teampreview|4
|showteam|p1|Kommo-o||ThroatSpray|Soundproof|ClangorousSoul,DragonPulse,Boomburst,Protect|||M|||50|,,,,,Normal]Sinistcha||RockyHelmet|Hospitality|LifeDew,RagePowder,MatchaGotcha,ShadowBall||||||50|,,,,,Steel]Tyranitar||WeaknessPolicy|SandStream|RockSlide,Payback,HighHorsepower,IcePunch|||F|||50|,,,,,Fire]Oranguru||Leftovers|Symbiosis|Instruct,TrickRoom,Bulldoze,Psychic|||M|||50|,,,,,Dark]Incineroar||SafetyGoggles|Intimidate|FlareBlitz,PartingShot,KnockOff,FakeOut|||F|||50|,,,,,Fire]Sneasler||FocusSash|PoisonTouch|DireClaw,CloseCombat,Coaching,Protect|||F|||50|,,,,,Stellar
|showteam|p2|Ursaluna||FlameOrb|Guts|HeadlongRush,Facade,Earthquake,Protect|||F|||50|,,,,,Ghost]Jumpluff||CovertCloak|Chlorophyll|SleepPowder,SunnyDay,Tailwind,RagePowder|||F|||50|,,,,,Fire]Charizard||ChoiceSpecs|SolarPower|DragonPulse,HeatWave,Overheat,WeatherBall|||F|||50|,,,,,Ghost]Torkoal||EjectPack|Drought|HelpingHand,Eruption,Overheat,Protect|||M|||50|,,,,,Fire]Incineroar||SitrusBerry|Intimidate|FakeOut,FlareBlitz,KnockOff,PartingShot|||M|||50|,,,,,Ghost]Porygon2||Eviolite|Download|TeraBlast,IceBeam,Recover,TrickRoom||||||50|,,,,,Fighting
|inactive|Battle timer is ON: inactive players will automatically lose when time's up. (requested by afkahaoai)
|inactive|Needels has 60 seconds left.
|inactive|afkahaoai has 60 seconds left.
|inactive|Needels has 30 seconds left.
|
|t:|1756356810
|teamsize|p1|4
|teamsize|p2|4
|start
|switch|p1a: Oranguru|Oranguru, L50, M|100/100
|switch|p1b: Incineroar|Incineroar, L50, F|100/100
|switch|p2a: Jumpluff|Jumpluff, L50, F, shiny|100/100
|switch|p2b: Ursaluna|Ursaluna, L50, F, shiny|100/100
|-ability|p1b: Incineroar|Intimidate|boost
|-unboost|p2a: Jumpluff|atk|1
|-unboost|p2b: Ursaluna|atk|1
|turn|1
|inactive|afkahaoai has 30 seconds left.
|inactive|afkahaoai has 20 seconds left.
|inactive|afkahaoai has 15 seconds left.
|inactive|afkahaoai has 10 seconds left.
|
|t:|1756356859
|switch|p2b: Incineroar|Incineroar, L50, M|100/100
|-ability|p2b: Incineroar|Intimidate|boost
|-unboost|p1a: Oranguru|atk|1
|-unboost|p1b: Incineroar|atk|1
|move|p2a: Jumpluff|Sleep Powder|p1a: Oranguru
|-status|p1a: Oranguru|slp|[from] move: Sleep Powder
|move|p1b: Incineroar|Flare Blitz|p2a: Jumpluff
|-supereffective|p2a: Jumpluff
|-damage|p2a: Jumpluff|1/100
|-damage|p1b: Incineroar|69/100|[from] Recoil
|cant|p1a: Oranguru|slp
|
|upkeep
|turn|2
|inactive|afkahaoai has 30 seconds left.
|inactive|Needels has 30 seconds left.
|
|t:|1756356892
|switch|p1b: Sinistcha|Sinistcha, L50|100/100
|switch|p1a: Tyranitar|Tyranitar, L50, F|100/100
|-weather|Sandstorm|[from] ability: Sand Stream|[of] p1a: Tyranitar
|move|p2a: Jumpluff|Sleep Powder|p1b: Sinistcha
|-immune|p1b: Sinistcha
|move|p2b: Incineroar|Knock Off|p1a: Tyranitar
|-resisted|p1a: Tyranitar
|-damage|p1a: Tyranitar|85/100
|-enditem|p1a: Tyranitar|Weakness Policy|[from] move: Knock Off|[of] p2b: Incineroar
|
|-weather|Sandstorm|[upkeep]
|-damage|p2a: Jumpluff|0 fnt|[from] Sandstorm
|-damage|p2b: Incineroar|95/100|[from] Sandstorm
|-damage|p1b: Sinistcha|94/100|[from] Sandstorm
|faint|p2a: Jumpluff
|upkeep
|
|t:|1756356908
|switch|p2a: Porygon2|Porygon2, L50, shiny|100/100
|-ability|p2a: Porygon2|Download|boost
|-boost|p2a: Porygon2|spa|1
|turn|3
|inactive|Needels has 30 seconds left.
|
|t:|1756356938
|move|p2b: Incineroar|Flare Blitz|p1b: Sinistcha
|-supereffective|p1b: Sinistcha
|-damage|p1b: Sinistcha|0 fnt
|-damage|p2b: Incineroar|78/100|[from] item: Rocky Helmet|[of] p1b: Sinistcha
|faint|p1b: Sinistcha
|-damage|p2b: Incineroar|51/100|[from] Recoil
|move|p2a: Porygon2|Ice Beam|p1a: Tyranitar
|-damage|p1a: Tyranitar|58/100
|-status|p1a: Tyranitar|frz
|cant|p1a: Tyranitar|frz
|
|-weather|Sandstorm|[upkeep]
|-damage|p2b: Incineroar|45/100|[from] Sandstorm
|-damage|p2a: Porygon2|94/100|[from] Sandstorm
|-enditem|p2b: Incineroar|Sitrus Berry|[eat]
|-heal|p2b: Incineroar|70/100|[from] item: Sitrus Berry
|upkeep
|
|t:|1756356949
|switch|p1b: Oranguru|Oranguru, L50, M|100/100 slp
|turn|4
|
|t:|1756356961
|-terastallize|p2a: Porygon2|Fighting
|-terastallize|p1a: Tyranitar|Fire
|move|p2b: Incineroar|Knock Off|p1b: Oranguru
|-supereffective|p1b: Oranguru
|-damage|p1b: Oranguru|12/100 slp
|-enditem|p1b: Oranguru|Leftovers|[from] move: Knock Off|[of] p2b: Incineroar
|cant|p1a: Tyranitar|frz
|move|p2a: Porygon2|Tera Blast|p1a: Tyranitar|[anim] Tera Blast Fighting
|-damage|p1a: Tyranitar|5/100 frz
|cant|p1b: Oranguru|slp
|
|-weather|Sandstorm|[upkeep]
|-damage|p2b: Incineroar|64/100|[from] Sandstorm
|-damage|p1a: Tyranitar|0 fnt|[from] Sandstorm
|-damage|p2a: Porygon2|88/100|[from] Sandstorm
|-damage|p1b: Oranguru|6/100 slp|[from] Sandstorm
|faint|p1a: Tyranitar
|upkeep
|
|t:|1756356976
|switch|p1a: Incineroar|Incineroar, L50, F|69/100
|-ability|p1a: Incineroar|Intimidate|boost
|-unboost|p2a: Porygon2|atk|1
|-unboost|p2b: Incineroar|atk|1
|turn|5
|-message|afkahaoai forfeited.
|raw|afkahaoai's rating: 1091 → 1069(-22 for losing)
|raw|Needels's rating: 1109 → 1133(+24 for winning)
|
|win|Needels
|l|☆afkahaoai
|player|p1|
