|j|☆Ggbvvv
|j|☆Daniw9
|html|GgbvvvDaniw9    
|uhtml|bestof|Game 2 of a best-of-3
|t:|1756452651
|gametype|doubles
|player|p1|Ggbvvv|1|1124
|player|p2|Daniw9|101|1178
|gen|9
|tier|[Gen 9] VGC 2025 Reg H (Bo3)
|rated|
|rule|Species Clause: Limit one of each Pokémon
|rule|Item Clause: Limit 1 of each item
|clearpoke
|poke|p1|Dragonite, L50, M|
|poke|p1|Ursaluna-Bloodmoon, L50, M|
|poke|p1|Gholdengo, L50|
|poke|p1|Rillaboom, L50, M|
|poke|p1|Arcanine-Hisui, L50, M|
|poke|p1|Sneasler, L50, F|
|poke|p2|Garchomp, L50, F|
|poke|p2|Tyranitar, L50, M|
|poke|p2|Delphox, L50, F|
|poke|p2|Indeedee-F, L50, F|
|poke|p2|Gallade, L50, M|
|poke|p2|Whimsicott, L50, M|
|teampreview|4
|showteam|p1|Dragonite||LoadedDice|Multiscale|ScaleShot,Haze,Tailwind,Protect|||M|||50|,,,,,Fairy]Ursaluna-Bloodmoon||AssaultVest|MindsEye|BloodMoon,HyperVoice,EarthPower,VacuumWave|||M|||50|,,,,,Water]Gholdengo||Leftovers|GoodasGold|ShadowBall,MakeItRain,NastyPlot,Protect||||||50|,,,,,Water]Rillaboom||MiracleSeed|GrassySurge|FakeOut,Uturn,GrassyGlide,WoodHammer|||M|||50|,,,,,Poison]Arcanine-Hisui||ChoiceBand|Intimidate|RockSlide,FlareBlitz,ExtremeSpeed,TeraBlast|||M|||50|,,,,,Flying]Sneasler||GrassySeed|Unburden|DireClaw,CloseCombat,Taunt,ThroatChop|||F|||50|,,,,,Dark
|showteam|p2|Garchomp||LifeOrb|SandVeil|Earthquake,StompingTantrum,Protect,DragonClaw|||F|||50|,,,,,Steel]Tyranitar||AssaultVest|SandStream|RockSlide,TeraBlast,KnockOff,LowKick|||M|||50|,,,,,Flying]Delphox||PsychicSeed|Magician|ExpandingForce,HeatWave,TeraBlast,Protect|||F|||50|,,,,,Fairy]Indeedee-F||SafetyGoggles|PsychicSurge|DazzlingGleam,TrickRoom,FollowMe,HelpingHand|||F|||50|,,,,,Water]Gallade||ClearAmulet|Sharpness|SacredSword,PsychoCut,TrickRoom,Protect|||M|||50|,,,,,Grass]Whimsicott||CovertCloak|Prankster|Moonblast,Tailwind,Encore,Protect|||M|||50|,,,,,Ghost
|
|t:|1756452669
|teamsize|p1|4
|teamsize|p2|4
|start
|switch|p1a: Dragonite|Dragonite, L50, M|100/100
|switch|p1b: Rillaboom|Rillaboom, L50, M|100/100
|switch|p2a: Gallade|Gallade, L50, M|100/100
|switch|p2b: Whimsicott|Whimsicott, L50, M|100/100
|-fieldstart|move: Grassy Terrain|[from] ability: Grassy Surge|[of] p1b: Rillaboom
|turn|1
|l|☆Ggbvvv
|player|p1|
|
|t:|1756452710
|switch|p2b: Indeedee|Indeedee-F, L50, F|100/100
|-fieldstart|move: Psychic Terrain|[from] ability: Psychic Surge|[of] p2b: Indeedee
|move|p1a: Dragonite|Protect|p1a: Dragonite
|-singleturn|p1a: Dragonite|Protect
|move|p2a: Gallade|Protect|p2a: Gallade
|-singleturn|p2a: Gallade|Protect
|move|p1b: Rillaboom|U-turn|p2b: Indeedee
|-supereffective|p2b: Indeedee
|-damage|p2b: Indeedee|55/100
|j|☆Ggbvvv
|player|p1|Ggbvvv|1|
|inactive|Battle timer is ON: inactive players will automatically lose when time's up. (requested by Daniw9)
|
|t:|1756452725
|switch|p1b: Ursaluna|Ursaluna-Bloodmoon, L50, M|100/100|[from] U-turn
|
|upkeep
|turn|2
|inactive|Daniw9 has 30 seconds left.
|
|t:|1756452752
|switch|p1a: Rillaboom|Rillaboom, L50, M|100/100
|-fieldstart|move: Grassy Terrain|[from] ability: Grassy Surge|[of] p1a: Rillaboom
|move|p2b: Indeedee|Follow Me|p2b: Indeedee
|-singleturn|p2b: Indeedee|move: Follow Me
|move|p1b: Ursaluna|Hyper Voice|p2b: Indeedee|[spread] p2a,p2b
|-damage|p2a: Gallade|68/100
|-damage|p2b: Indeedee|23/100
|move|p2a: Gallade|Trick Room|p2a: Gallade
|-fieldstart|move: Trick Room|[of] p2a: Gallade
|
|-heal|p2b: Indeedee|29/100|[from] Grassy Terrain
|-heal|p2a: Gallade|74/100|[from] Grassy Terrain
|upkeep
|turn|3
|
|t:|1756452774
|switch|p2b: Whimsicott|Whimsicott, L50, M|100/100
|move|p2a: Gallade|Protect|p2a: Gallade
|-singleturn|p2a: Gallade|Protect
|move|p1a: Rillaboom|Fake Out|p2a: Gallade
|-activate|p2a: Gallade|move: Protect
|move|p1b: Ursaluna|Hyper Voice|p2a: Gallade|[spread] p2b
|-activate|p2a: Gallade|move: Protect
|-damage|p2b: Whimsicott|55/100
|
|-heal|p2a: Gallade|80/100|[from] Grassy Terrain
|-heal|p2b: Whimsicott|61/100|[from] Grassy Terrain
|upkeep
|turn|4
|inactive|Daniw9 has 30 seconds left.
|
|t:|1756452803
|switch|p2b: Indeedee|Indeedee-F, L50, F|29/100
|-fieldstart|move: Psychic Terrain|[from] ability: Psychic Surge|[of] p2b: Indeedee
|-terastallize|p1b: Ursaluna|Water
|-terastallize|p2a: Gallade|Grass
|move|p1b: Ursaluna|Blood Moon|p2a: Gallade
|-damage|p2a: Gallade|12/100
|move|p2a: Gallade|Sacred Sword|p1b: Ursaluna
|-damage|p1b: Ursaluna|42/100
|move|p1a: Rillaboom|U-turn|p2b: Indeedee
|-supereffective|p2b: Indeedee
|-damage|p2b: Indeedee|0 fnt
|faint|p2b: Indeedee
|
|t:|1756452819
|switch|p1a: Sneasler|Sneasler, L50, F|100/100|[from] U-turn
|
|upkeep
|
|t:|1756452824
|switch|p2b: Delphox|Delphox, L50, F|100/100
|-enditem|p2b: Delphox|Psychic Seed
|-boost|p2b: Delphox|spd|1|[from] item: Psychic Seed
|turn|5
|
|t:|1756452836
|switch|p2a: Whimsicott|Whimsicott, L50, M|61/100
|switch|p1a: Rillaboom|Rillaboom, L50, M|100/100
|-fieldstart|move: Grassy Terrain|[from] ability: Grassy Surge|[of] p1a: Rillaboom
|move|p1b: Ursaluna|Hyper Voice|p2a: Whimsicott|[spread] p2a,p2b
|-damage|p2a: Whimsicott|10/100
|-damage|p2b: Delphox|72/100
|move|p2b: Delphox|Expanding Force|p1b: Ursaluna
|-damage|p1b: Ursaluna|14/100
|-item|p2b: Delphox|Assault Vest|[from] ability: Magician|[of] p1b: Ursaluna
|
|-heal|p1b: Ursaluna|20/100|[from] Grassy Terrain
|-heal|p2b: Delphox|78/100|[from] Grassy Terrain
|-heal|p2a: Whimsicott|16/100|[from] Grassy Terrain
|upkeep
|turn|6
|
|t:|1756452850
|move|p1a: Rillaboom|Fake Out|p2b: Delphox
|-damage|p2b: Delphox|57/100
|move|p2a: Whimsicott|Tailwind|p2a: Whimsicott
|-sidestart|p2: Daniw9|move: Tailwind
|move|p1b: Ursaluna|Hyper Voice|p2a: Whimsicott|[spread] p2a,p2b
|-damage|p2a: Whimsicott|0 fnt
|-damage|p2b: Delphox|37/100
|faint|p2a: Whimsicott
|cant|p2b: Delphox|flinch
|
|-heal|p1b: Ursaluna|27/100|[from] Grassy Terrain
|-heal|p2b: Delphox|43/100|[from] Grassy Terrain
|-fieldend|move: Trick Room
|upkeep
|
|t:|1756452854
|switch|p2a: Gallade|Gallade, L50, M, tera:Grass|12/100
|turn|7
|
|t:|1756452863
|move|p2a: Gallade|Protect|p2a: Gallade
|-singleturn|p2a: Gallade|Protect
|move|p1a: Rillaboom|Grassy Glide|p2a: Gallade
|-activate|p2a: Gallade|move: Protect
|move|p2b: Delphox|Heat Wave|p1a: Rillaboom|[spread] p1a,p1b
|-supereffective|p1a: Rillaboom
|-resisted|p1b: Ursaluna
|-damage|p1a: Rillaboom|34/100
|-damage|p1b: Ursaluna|7/100
|move|p1b: Ursaluna|Blood Moon|p2b: Delphox
|-damage|p2b: Delphox|1/100
|
|-heal|p2b: Delphox|7/100|[from] Grassy Terrain
|-heal|p2a: Gallade|17/100|[from] Grassy Terrain
|-heal|p1a: Rillaboom|40/100|[from] Grassy Terrain
|-heal|p1b: Ursaluna|13/100|[from] Grassy Terrain
|upkeep
|turn|8
|
|t:|1756452884
|move|p1a: Rillaboom|Grassy Glide|p2a: Gallade
|-resisted|p2a: Gallade
|-damage|p2a: Gallade|0 fnt
|faint|p2a: Gallade
|move|p1b: Ursaluna|Vacuum Wave|p2b: Delphox
|-resisted|p2b: Delphox
|-damage|p2b: Delphox|3/100
|move|p2b: Delphox|Heat Wave|p1a: Rillaboom|[spread] p1a,p1b
|-supereffective|p1a: Rillaboom
|-resisted|p1b: Ursaluna
|-damage|p1a: Rillaboom|0 fnt
|-damage|p1b: Ursaluna|0 fnt
|faint|p1a: Rillaboom
|faint|p1b: Ursaluna
|
|-heal|p2b: Delphox|9/100|[from] Grassy Terrain
|upkeep
|
|t:|1756452889
|switch|p1a: Dragonite|Dragonite, L50, M|100/100
|switch|p1b: Sneasler|Sneasler, L50, F|100/100
|-enditem|p1b: Sneasler|Grassy Seed
|-boost|p1b: Sneasler|def|1|[from] item: Grassy Seed
|turn|9
|
|t:|1756452899
|move|p1b: Sneasler|Throat Chop|p2b: Delphox
|-supereffective|p2b: Delphox
|-damage|p2b: Delphox|0 fnt
|faint|p2b: Delphox
|
|win|Ggbvvv
|raw|Ggbvvv's rating: 1124 → 1153(+29 for winning)
|raw|Daniw9's rating: 1178 → 1149(-29 for losing)
|l|☆Ggbvvv
|player|p1|
