|j|☆Javichicaino
|j|☆kenvgc1989
|html|Javichicainokenvgc1989    
|uhtml|bestof|Game 2 of a best-of-3
|t:|1783701617
|gametype|doubles
|player|p1|Javichicaino|1|1128
|player|p2|kenvgc1989|265|1149
|gen|9
|tier|[Gen 9 Champions] VGC 2026 Reg M-B (Bo3)
|rated|
|rule|Species Clause: Limit one of each Pokémon
|rule|Item Clause: Limit 1 of each item
|clearpoke
|poke|p1|Tyranitar, L50, M|
|poke|p1|Rotom-Wash, L50|
|poke|p1|Venusaur, L50, M|
|poke|p1|Corviknight, L50, M|
|poke|p1|Sinistcha-Masterpiece, L50|
|poke|p1|Excadrill, L50, F|
|poke|p2|Gengar, L50, M|
|poke|p2|Incineroar, L50, F|
|poke|p2|Swampert, L50, M|
|poke|p2|Politoed, L50, M|
|poke|p2|Kingambit, L50, F|
|poke|p2|Venusaur, L50, M|
|teampreview|4
|showteam|p1|Tyranitar||Tyranitarite|SandStream|RockSlide,KnockOff,Protect,IcePunch|Impish||M|||50|]Rotom-Wash||SitrusBerry|Levitate|WillOWisp,HydroPump,Thunderbolt,Protect|Bold|||||50|]Venusaur||Venusaurite|Chlorophyll|EnergyBall,SludgeBomb,EarthPower,Protect|Modest||M|||50|]Corviknight||Leftovers|MirrorArmor|BraveBird,BulkUp,Tailwind,BodyPress|Careful||M|||50|]Sinistcha-Masterpiece||OccaBerry|Hospitality|MatchaGotcha,ShadowBall,RagePowder,TrickRoom|Bold|||||50|]Excadrill||FocusSash|SandRush|IronHead,DrillRun,RockSlide,Protect|Adamant||F|||50|
|showteam|p2|Gengar||Gengarite|CursedBody|Protect,ShadowBall,PerishSong,Disable|Calm||M|||50|]Incineroar||SitrusBerry|Intimidate|PartingShot,FakeOut,Protect,Snarl|Impish||F|||50|]Swampert||Swampertite|Torrent|FlipTurn,HighHorsepower,WaveCrash,RockSlide|Adamant||M|||50|]Politoed||Leftovers|Drizzle|WeatherBall,Protect,Encore,IcyWind|Calm||M|||50|]Kingambit||BlackGlasses|Defiant|KowtowCleave,SuckerPunch,IronHead,Protect|Adamant||F|||50|]Venusaur||WideLens|Chlorophyll|SleepPowder,SludgeBomb,LeechSeed,Protect|Bold||M|||50|
|inactive|Battle timer is ON: inactive players will automatically lose when time's up. (requested by kenvgc1989)
|inactive|kenvgc1989 has 60 seconds left.
|
|t:|1783701693
|teamsize|p1|4
|teamsize|p2|4
|start
|switch|p1a: Venusaur|Venusaur, L50, M|100/100
|switch|p1b: Excadrill|Excadrill, L50, F|100/100
|switch|p2a: Gengar|Gengar, L50, M|100/100
|switch|p2b: Venusaur|Venusaur, L50, M|100/100
|turn|1
|
|t:|1783701716
|detailschange|p2a: Gengar|Gengar-Mega, L50, M
|-mega|p2a: Gengar|Gengar|Gengarite
|move|p2a: Gengar|Protect|p2a: Gengar
|-singleturn|p2a: Gengar|Protect
|move|p1a: Venusaur|Protect|p1a: Venusaur
|-singleturn|p1a: Venusaur|Protect
|move|p1b: Excadrill|Drill Run|p2a: Gengar
|-activate|p2a: Gengar|move: Protect
|move|p2b: Venusaur|Sleep Powder|p1b: Excadrill
|-status|p1b: Excadrill|slp|[from] move: Sleep Powder
|
|upkeep
|turn|2
|
|t:|1783701739
|detailschange|p1a: Venusaur|Venusaur-Mega, L50, M
|-mega|p1a: Venusaur|Venusaur|Venusaurite
|move|p2a: Gengar|Perish Song|p2a: Gengar
|-start|p1a: Venusaur|perish3|[silent]
|-start|p1b: Excadrill|perish3|[silent]
|-start|p2a: Gengar|perish3|[silent]
|-start|p2b: Venusaur|perish3|[silent]
|-fieldactivate|move: Perish Song
|cant|p1b: Excadrill|slp
|move|p1a: Venusaur|Earth Power|p2a: Gengar
|-supereffective|p2a: Gengar|1
|-damage|p2a: Gengar|41/100
|move|p2b: Venusaur|Leech Seed|p1b: Excadrill
|-start|p1b: Excadrill|move: Leech Seed
|
|-damage|p1b: Excadrill|87/100 slp|[from] Leech Seed|[of] p2b: Venusaur
|-start|p2a: Gengar|perish3
|-start|p1b: Excadrill|perish3
|-start|p1a: Venusaur|perish3
|-start|p2b: Venusaur|perish3
|upkeep
|turn|3
|
|t:|1783701764
|switch|p2b: Incineroar|Incineroar, L50, F|100/100
|-ability|p2b: Incineroar|Intimidate|boost
|-unboost|p1a: Venusaur|atk|1
|-unboost|p1b: Excadrill|atk|1
|move|p2a: Gengar|Protect|p2a: Gengar
|-singleturn|p2a: Gengar|Protect
|-curestatus|p1b: Excadrill|slp|[msg]
|move|p1b: Excadrill|Drill Run|p2b: Incineroar
|-supereffective|p2b: Incineroar|1
|-damage|p2b: Incineroar|52/100
|move|p1a: Venusaur|Earth Power|p2a: Gengar
|-activate|p2a: Gengar|move: Protect
|
|-damage|p1b: Excadrill|75/100|[from] Leech Seed|[of] p2b: Incineroar
|-heal|p2b: Incineroar|63/100|[silent]
|-start|p2a: Gengar|perish2
|-start|p1b: Excadrill|perish2
|-start|p1a: Venusaur|perish2
|upkeep
|turn|4
|inactive|Javichicaino has 30 seconds left.
|inactive|kenvgc1989 has 30 seconds left.
|inactive|kenvgc1989 has 20 seconds left.
|
|t:|1783701802
|switch|p2a: Venusaur|Venusaur, L50, M|100/100
|move|p1b: Excadrill|Drill Run|p2b: Incineroar
|-supereffective|p2b: Incineroar|1
|-crit|p2b: Incineroar
|-damage|p2b: Incineroar|0 fnt
|faint|p2b: Incineroar
|move|p1a: Venusaur|Earth Power|p2a: Venusaur
|-damage|p2a: Venusaur|70/100
|
|-start|p1b: Excadrill|perish1
|-start|p1a: Venusaur|perish1
|upkeep
|
|t:|1783701809
|switch|p2b: Gengar|Gengar-Mega, L50, M|41/100
|turn|5
|
|t:|1783701824
|move|p2b: Gengar|Protect|p2b: Gengar
|-singleturn|p2b: Gengar|Protect
|move|p2a: Venusaur|Protect|p2a: Venusaur
|-singleturn|p2a: Venusaur|Protect
|move|p1b: Excadrill|Drill Run|p2b: Gengar
|-activate|p2b: Gengar|move: Protect
|move|p1a: Venusaur|Earth Power|p2b: Gengar
|-activate|p2b: Gengar|move: Protect
|
|-damage|p1b: Excadrill|63/100|[from] Leech Seed|[of] p2b: Gengar
|-heal|p2b: Gengar|55/100|[silent]
|-start|p1b: Excadrill|perish0
|-start|p1a: Venusaur|perish0
|faint|p1b: Excadrill
|faint|p1a: Venusaur
|upkeep
|
|t:|1783701827
|switch|p1b: Sinistcha|Sinistcha-Masterpiece, L50|100/100
|switch|p1a: Tyranitar|Tyranitar, L50, M|100/100
|-weather|Sandstorm|[from] ability: Sand Stream|[of] p1a: Tyranitar
|turn|6
|inactive|kenvgc1989 has 30 seconds left.
|inactive|kenvgc1989 has 20 seconds left.
|
|t:|1783701863
|switch|p2b: Kingambit|Kingambit, L50, F|100/100
|move|p2a: Venusaur|Sleep Powder|p1a: Tyranitar|[miss]
|-miss|p2a: Venusaur|p1a: Tyranitar
|move|p1b: Sinistcha|Shadow Ball|p2a: Venusaur
|-damage|p2a: Venusaur|42/100
|move|p1a: Tyranitar|Knock Off|p2b: Kingambit
|-resisted|p2b: Kingambit|1
|-damage|p2b: Kingambit|79/100
|-enditem|p2b: Kingambit|Black Glasses|[from] move: Knock Off|[of] p1a: Tyranitar
|
|-weather|Sandstorm|[upkeep]
|-damage|p2a: Venusaur|36/100|[from] Sandstorm
|-damage|p1b: Sinistcha|93/100|[from] Sandstorm
|upkeep
|turn|7
|inactive|Javichicaino has 30 seconds left.
|inactive|kenvgc1989 has 30 seconds left.
|
|t:|1783701897
|move|p1b: Sinistcha|Rage Powder|p1b: Sinistcha
|-singleturn|p1b: Sinistcha|move: Rage Powder
|move|p2a: Venusaur|Sleep Powder|p1a: Tyranitar
|-status|p1a: Tyranitar|slp|[from] move: Sleep Powder
|cant|p1a: Tyranitar|slp
|move|p2b: Kingambit|Kowtow Cleave|p1b: Sinistcha
|-supereffective|p1b: Sinistcha|1
|-damage|p1b: Sinistcha|12/100
|
|-weather|Sandstorm|[upkeep]
|-damage|p2a: Venusaur|30/100|[from] Sandstorm
|-damage|p1b: Sinistcha|6/100|[from] Sandstorm
|upkeep
|turn|8
|-message|Javichicaino forfeited.
|
|win|kenvgc1989
|l|☆Javichicaino
|player|p1|
||Javichicaino is ready for game 3.
