|j|☆NiightFuryy
|j|☆DinisDenis
|html|NiightFuryyDinisDenis    
|uhtml|bestof|Game 2 of a best-of-3
|t:|1784322163
|gametype|doubles
|player|p1|NiightFuryy|giovanni|
|player|p2|DinisDenis|fisherman-gen4|
|gen|9
|tier|[Gen 9 Champions] VGC 2026 Reg M-B (Bo3)
|rule|Species Clause: Limit one of each Pokémon
|rule|Item Clause: Limit 1 of each item
|clearpoke
|poke|p1|Gengar, L50, M|
|poke|p1|Incineroar, L50, F|
|poke|p1|Primarina, L50, M|
|poke|p1|Dragonite, L50, F|
|poke|p1|Ariados, L50, M|
|poke|p1|Rotom-Heat, L50|
|poke|p2|Talonflame, L50, F|
|poke|p2|Basculegion, L50, M|
|poke|p2|Mudsdale, L50, M|
|poke|p2|Lopunny, L50, F|
|poke|p2|Sylveon, L50, M|
|poke|p2|Appletun, L50, F|
|teampreview|4
|showteam|p1|Gengar||Gengarite|CursedBody|Protect,PerishSong,ShadowBall,Disable|Timid||M|||50|]Incineroar||SitrusBerry|Intimidate|FakeOut,Protect,PartingShot,FlareBlitz|Impish||F|||50|]Primarina||FairyFeather|LiquidVoice|Protect,Moonblast,PerishSong,AquaJet|Modest||M|||50|]Dragonite||DragonFang|Multiscale|DragonClaw,Protect,AerialAce,ThunderPunch|Adamant||F|||50|]Ariados||FocusSash|Insomnia|Agility,RagePowder,Protect,Infestation|Impish||M|||50|]Rotom-Heat||ChoiceScarf|Levitate|Overheat,Thunderbolt,Electroweb,VoltSwitch|Timid|||||50|
|showteam|p2|Talonflame||FocusSash|GaleWings|Tailwind,WillOWisp,UpperHand,Overheat|Timid||F|||50|]Basculegion||KasibBerry|Adaptability|LastRespects,WaveCrash,AquaJet,FlipTurn|Adamant||M|||50|]Mudsdale||SoftSand|InnerFocus|Protect,HighHorsepower,RockSlide,Bulldoze|Adamant||M|||50|]Lopunny||Lopunnite|Limber|CloseCombat,FakeOut,QuickAttack,Encore|Jolly||F|||50|]Sylveon||LifeOrb|Pixilate|MysticalFire,HyperVoice,Detect,QuickAttack|Quiet||M|||50|]Appletun||SitrusBerry|Gluttony|AppleAcid,LightScreen,Reflect,LeechSeed|Calm||F|||50|
|j| Hugh r
|j| JVoid
|j| enzothegamer
|
|t:|1784322200
|teamsize|p1|4
|teamsize|p2|4
|start
|switch|p1a: Gengar|Gengar, L50, M|100/100
|switch|p1b: Incineroar|Incineroar, L50, F|100/100
|switch|p2a: Talonflame|Talonflame, L50, F|100/100
|switch|p2b: Basculegion|Basculegion, L50, M|100/100
|-ability|p1b: Incineroar|Intimidate|boost
|-unboost|p2a: Talonflame|atk|1
|-unboost|p2b: Basculegion|atk|1
|turn|1
|
|t:|1784322228
|switch|p2b: Lopunny|Lopunny, L50, F|100/100
|detailschange|p1a: Gengar|Gengar-Mega, L50, M
|-mega|p1a: Gengar|Gengar|Gengarite
|move|p2a: Talonflame|Upper Hand|p1b: Incineroar
|-supereffective|p1b: Incineroar|1
|-damage|p1b: Incineroar|89/100
|cant|p1b: Incineroar|flinch
|move|p1a: Gengar|Shadow Ball|p2b: Lopunny
|-immune|p2b: Lopunny
|
|upkeep
|turn|2
|l| enzothegamer
|
|t:|1784322281
|detailschange|p2b: Lopunny|Lopunny-Mega, L50, F
|-mega|p2b: Lopunny|Lopunny|Lopunnite
|move|p2b: Lopunny|Fake Out|p1a: Gengar
|-damage|p1a: Gengar|74/100
|move|p2a: Talonflame|Tailwind|p2a: Talonflame
|-sidestart|p2: DinisDenis|move: Tailwind
|cant|p1a: Gengar|flinch
|move|p1b: Incineroar|Parting Shot|p2b: Lopunny
|-unboost|p2b: Lopunny|atk|1
|-unboost|p2b: Lopunny|spa|1
|
|t:|1784322291
|switch|p1b: Rotom|Rotom-Heat, L50|100/100|[from] Parting Shot
|
|upkeep
|turn|3
|j| enzothegamer
|
|t:|1784322312
|move|p1a: Gengar|Protect|p1a: Gengar
|-singleturn|p1a: Gengar|Protect
|move|p2b: Lopunny|Close Combat|p1a: Gengar
|-activate|p1a: Gengar|move: Protect
|move|p2a: Talonflame|Overheat|p1a: Gengar
|-activate|p1a: Gengar|move: Protect
|move|p1b: Rotom|Volt Switch|p2b: Lopunny
|-damage|p2b: Lopunny|61/100
|
|t:|1784322322
|switch|p1b: Primarina|Primarina, L50, M|100/100|[from] Volt Switch
|
|upkeep
|turn|4
|
|t:|1784322343
|switch|p1a: Rotom|Rotom-Heat, L50|100/100
|move|p2b: Lopunny|Encore||[still]
|-fail|p2b: Lopunny
|move|p2a: Talonflame|Will-O-Wisp|p1b: Primarina
|-status|p1b: Primarina|brn
|move|p1b: Primarina|Moonblast|p2b: Lopunny
|-supereffective|p2b: Lopunny|1
|-damage|p2b: Lopunny|0 fnt
|faint|p2b: Lopunny
|
|-damage|p1b: Primarina|94/100 brn|[from] brn
|upkeep
|
|t:|1784322355
|switch|p2b: Mudsdale|Mudsdale, L50, M|100/100
|turn|5
|
|t:|1784322395
|move|p2a: Talonflame|Overheat|p1b: Primarina
|-resisted|p1b: Primarina|1
|-damage|p1b: Primarina|73/100 brn
|-unboost|p2a: Talonflame|spa|2
|move|p1a: Rotom|Thunderbolt|p2a: Talonflame
|-supereffective|p2a: Talonflame|1
|-enditem|p2a: Talonflame|Focus Sash
|-damage|p2a: Talonflame|1/100
|move|p2b: Mudsdale|Rock Slide|p1a: Rotom|[spread] p1a,p1b
|-supereffective|p1a: Rotom|1
|-damage|p1a: Rotom|52/100
|-damage|p1b: Primarina|47/100 brn
|cant|p1b: Primarina|flinch
|
|-damage|p1b: Primarina|41/100 brn|[from] brn
|-sideend|p2: DinisDenis|move: Tailwind
|upkeep
|turn|6
|
|t:|1784322432
|switch|p1a: Incineroar|Incineroar, L50, F|89/100
|-ability|p1a: Incineroar|Intimidate|boost
|-unboost|p2a: Talonflame|atk|1
|-fail|p2b: Mudsdale|unboost|Attack|[from] ability: Inner Focus|[of] p2b: Mudsdale
|move|p1b: Primarina|Aqua Jet|p2a: Talonflame
|-supereffective|p2a: Talonflame|1
|-damage|p2a: Talonflame|0 fnt
|faint|p2a: Talonflame
|move|p2b: Mudsdale|Rock Slide|p1a: Incineroar|[spread] p1b
|-miss|p2b: Mudsdale|p1a: Incineroar
|-damage|p1b: Primarina|18/100 brn
|
|-damage|p1b: Primarina|12/100 brn|[from] brn
|upkeep
|
|t:|1784322446
|switch|p2a: Basculegion|Basculegion, L50, M|100/100
|turn|7
|
|t:|1784322458
|switch|p1b: Gengar|Gengar-Mega, L50, M|74/100
|move|p1a: Incineroar|Fake Out|p2b: Mudsdale
|-damage|p2b: Mudsdale|91/100
|move|p2a: Basculegion|Aqua Jet|p1b: Gengar
|-damage|p1b: Gengar|41/100
|move|p2b: Mudsdale|High Horsepower|p1a: Incineroar
|-supereffective|p1a: Incineroar|1
|-damage|p1a: Incineroar|14/100
|-enditem|p1a: Incineroar|Sitrus Berry|[eat]
|-heal|p1a: Incineroar|39/100|[from] item: Sitrus Berry
|
|upkeep
|turn|8
|
|t:|1784322507
|move|p1a: Incineroar|Protect|p1a: Incineroar
|-singleturn|p1a: Incineroar|Protect
|move|p2a: Basculegion|Aqua Jet|p1b: Gengar
|-damage|p1b: Gengar|13/100
|move|p1b: Gengar|Shadow Ball|p2a: Basculegion
|-supereffective|p2a: Basculegion|1
|-enditem|p2a: Basculegion|Kasib Berry|[eat]
|-enditem|p2a: Basculegion|Kasib Berry|[weaken]
|-damage|p2a: Basculegion|54/100
|-unboost|p2a: Basculegion|spd|1
|move|p2b: Mudsdale|High Horsepower|p1a: Incineroar
|-activate|p1a: Incineroar|move: Protect
|
|upkeep
|turn|9
|
|t:|1784322535
|move|p1b: Gengar|Protect|p1b: Gengar
|-singleturn|p1b: Gengar|Protect
|move|p2a: Basculegion|Aqua Jet|p1b: Gengar
|-activate|p1b: Gengar|move: Protect
|move|p1a: Incineroar|Parting Shot|p2a: Basculegion
|-unboost|p2a: Basculegion|atk|1
|-unboost|p2a: Basculegion|spa|1
|
|t:|1784322542
|switch|p1a: Rotom|Rotom-Heat, L50|52/100|[from] Parting Shot
|move|p2b: Mudsdale|High Horsepower|p1a: Rotom
|-immune|p1a: Rotom|[from] ability: Levitate
|
|upkeep
|turn|10
|
|t:|1784322572
|switch|p1b: Incineroar|Incineroar, L50, F|39/100
|-ability|p1b: Incineroar|Intimidate|boost
|-unboost|p2a: Basculegion|atk|1
|-fail|p2b: Mudsdale|unboost|Attack|[from] ability: Inner Focus|[of] p2b: Mudsdale
|move|p2a: Basculegion|Aqua Jet|p1a: Rotom
|-supereffective|p1a: Rotom|1
|-damage|p1a: Rotom|14/100
|move|p1a: Rotom|Thunderbolt|p2a: Basculegion
|-supereffective|p2a: Basculegion|1
|-damage|p2a: Basculegion|0 fnt
|faint|p2a: Basculegion
|move|p2b: Mudsdale|Rock Slide|p1b: Incineroar|[spread] 
|-miss|p2b: Mudsdale|p1a: Rotom
|-miss|p2b: Mudsdale|p1b: Incineroar
|
|upkeep
|turn|11
|
|t:|1784322603
|move|p1a: Rotom|Thunderbolt|p2b: Mudsdale
|-immune|p2b: Mudsdale
|move|p1b: Incineroar|Flare Blitz|p2b: Mudsdale
|-damage|p2b: Mudsdale|50/100g
|-damage|p1b: Incineroar|25/100|[from] Recoil
|move|p2b: Mudsdale|Rock Slide|p1b: Incineroar|[spread] p1a,p1b
|-supereffective|p1a: Rotom|1
|-supereffective|p1b: Incineroar|1
|-damage|p1a: Rotom|0 fnt
|-damage|p1b: Incineroar|1/100
|faint|p1a: Rotom
|
|upkeep
|
|t:|1784322614
|switch|p1a: Gengar|Gengar-Mega, L50, M|13/100
|turn|12
|
|t:|1784322638
|move|p1a: Gengar|Shadow Ball|p2b: Mudsdale
|-damage|p2b: Mudsdale|10/100
|move|p1b: Incineroar|Flare Blitz|p2b: Mudsdale
|-damage|p2b: Mudsdale|0 fnt
|faint|p2b: Mudsdale
|-damage|p1b: Incineroar|0 fnt|[from] Recoil
|faint|p1b: Incineroar
|
|win|NiightFuryy
|l| enzothegamer
|inactive|NiightFuryy has 30 seconds to confirm battle start!
|inactive|DinisDenis has 30 seconds to confirm battle start!
