|j|☆Gentlefish
|j|☆GIRLHELL1998
|html|GentlefishGIRLHELL1998    
|uhtml|bestof|Game 3 of a best-of-3
|t:|1756532059
|gametype|doubles
|player|p1|Gentlefish|burglar-gen1rb|
|player|p2|GIRLHELL1998|roxie|
|gen|9
|tier|[Gen 9] VGC 2025 Reg H (Bo3)
|rule|Species Clause: Limit one of each Pokémon
|rule|Item Clause: Limit 1 of each item
|clearpoke
|poke|p1|Garchomp, L50, F|
|poke|p1|Weezing-Galar, L50, F|
|poke|p1|Archaludon, L50, F|
|poke|p1|Gholdengo, L50|
|poke|p1|Talonflame, L50, F|
|poke|p1|Annihilape, L50, M|
|poke|p2|Ursaluna, L50, M|
|poke|p2|Kilowattrel, L50, F|
|poke|p2|Gholdengo, L50|
|poke|p2|Incineroar, L50, M|
|poke|p2|Amoonguss, L50, F|
|poke|p2|Porygon2, L50|
|teampreview|4
|showteam|p1|Garchomp||LifeOrb|RoughSkin|DragonClaw,Earthquake,StompingTantrum,Protect|||F|||50|,,,,,Ground]Weezing-Galar||FocusSash|NeutralizingGas|Protect,SludgeBomb,Taunt,StrangeSteam|||F|||50|,,,,,Flying]Archaludon||PowerHerb|Sturdy|ElectroShot,Thunderbolt,DracoMeteor,Protect|||F|||50|,,,,,Electric]Gholdengo||ChoiceSpecs|GoodasGold|ShadowBall,DazzlingGleam,PowerGem,MakeItRain||||||50|,,,,,Fairy]Talonflame||CovertCloak|GaleWings|Tailwind,DualWingbeat,Taunt,FlareBlitz|||F|||50|,,,,,Stellar]Annihilape||AssaultVest|Defiant|CloseCombat,RageFist,FinalGambit,IcePunch|||M|||50|,,,,,Grass
|showteam|p2|Ursaluna||FlameOrb|Guts|Facade,HeadlongRush,Earthquake,Protect|||M|||50|,,,,,Fairy]Kilowattrel||FocusSash|Competitive|Thunderbolt,AirSlash,Tailwind,Protect|||F|||50|,,,,,Ghost]Gholdengo||LifeOrb|GoodasGold|MakeItRain,ShadowBall,NastyPlot,Protect||||||50|,,,,,Flying]Incineroar||AssaultVest|Intimidate|KnockOff,FlareBlitz,Uturn,FakeOut|||M|||50|,,,,,Grass]Amoonguss||SitrusBerry|Regenerator|Spore,RagePowder,SludgeBomb,Protect|||F|||50|,,,,,Water]Porygon2||Eviolite|Download|TeraBlast,IceBeam,Recover,TrickRoom||||||50|,,,,,Fighting
|inactive|Battle timer is ON: inactive players will automatically lose when time's up. (requested by GIRLHELL1998)
|inactive|GIRLHELL1998 has 60 seconds left.
|
|t:|1756532090
|teamsize|p1|4
|teamsize|p2|4
|start
|switch|p1a: Talonflame|Talonflame, L50, F|100/100
|switch|p1b: Annihilape|Annihilape, L50, M|100/100
|switch|p2a: 뽀록나|Amoonguss, L50, F, shiny|100/100
|switch|p2b: Nokia Brick|Porygon2, L50, shiny|100/100
|-ability|p2b: Nokia Brick|Download|boost
|-boost|p2b: Nokia Brick|atk|1
|turn|1
|
|t:|1756532109
|-terastallize|p1b: Annihilape|Grass
|move|p2a: 뽀록나|Rage Powder|p2a: 뽀록나
|-singleturn|p2a: 뽀록나|move: Rage Powder
|move|p1a: Talonflame|Taunt|p2a: 뽀록나
|-start|p2a: 뽀록나|move: Taunt
|move|p1b: Annihilape|Final Gambit|p2b: Nokia Brick
|-damage|p2b: Nokia Brick|0 fnt
|faint|p1b: Annihilape
|faint|p2b: Nokia Brick
|
|upkeep
|
|t:|1756532122
|switch|p1b: Garchomp|Garchomp, L50, F|100/100
|switch|p2b: Pumpy the Grumpy|Incineroar, L50, M, shiny|100/100
|-ability|p2b: Pumpy the Grumpy|Intimidate|boost
|-unboost|p1a: Talonflame|atk|1
|-unboost|p1b: Garchomp|atk|1
|turn|2
|inactive|GIRLHELL1998 has 30 seconds left.
|
|t:|1756532148
|switch|p2a: Dinko|Ursaluna, L50, M|100/100
|-terastallize|p2b: Pumpy the Grumpy|Grass
|move|p1a: Talonflame|Flare Blitz|p2a: Dinko
|-damage|p2a: Dinko|77/100
|-damage|p1a: Talonflame|90/100|[from] Recoil
|move|p1b: Garchomp|Earthquake|p2b: Pumpy the Grumpy|[spread] p2a,p2b
|-immune|p1a: Talonflame
|-resisted|p2b: Pumpy the Grumpy
|-damage|p2a: Dinko|49/100
|-damage|p2b: Pumpy the Grumpy|85/100
|-damage|p1b: Garchomp|91/100|[from] item: Life Orb
|move|p2b: Pumpy the Grumpy|U-turn|p1a: Talonflame
|-resisted|p1a: Talonflame
|-damage|p1a: Talonflame|82/100
|
|t:|1756532165
|switch|p2b: 뽀록나|Amoonguss, L50, F, shiny|100/100|[from] U-turn
|
|-status|p2a: Dinko|brn|[from] item: Flame Orb
|upkeep
|turn|3
|
|t:|1756532189
|switch|p1b: Weezing|Weezing-Galar, L50, F|100/100
|-ability|p1b: Weezing|Neutralizing Gas
|move|p2b: 뽀록나|Rage Powder|p2b: 뽀록나
|-singleturn|p2b: 뽀록나|move: Rage Powder
|move|p1a: Talonflame|Taunt|p2b: 뽀록나
|-start|p2b: 뽀록나|move: Taunt
|move|p2a: Dinko|Facade|p1a: Talonflame
|-damage|p1a: Talonflame|0 fnt
|faint|p1a: Talonflame
|
|-damage|p2a: Dinko|43/100 brn|[from] brn
|upkeep
|
|t:|1756532197
|switch|p1a: Garchomp|Garchomp, L50, F|91/100
|turn|4
|inactive|Gentlefish has 30 seconds left.
|
|t:|1756532226
|switch|p2b: Pumpy the Grumpy|Incineroar, L50, M, shiny, tera:Grass|85/100
|move|p2a: Dinko|Protect|p2a: Dinko
|-singleturn|p2a: Dinko|Protect
|move|p1a: Garchomp|Stomping Tantrum|p2b: Pumpy the Grumpy
|-resisted|p2b: Pumpy the Grumpy
|-damage|p2b: Pumpy the Grumpy|60/100
|-damage|p1a: Garchomp|81/100|[from] item: Life Orb
|move|p1b: Weezing|Strange Steam|p2b: Pumpy the Grumpy
|-damage|p2b: Pumpy the Grumpy|34/100
|
|-damage|p2a: Dinko|37/100 brn|[from] brn
|upkeep
|turn|5
|inactive|GIRLHELL1998 has 30 seconds left.
|
|t:|1756532261
|move|p2b: Pumpy the Grumpy|Fake Out|p1b: Weezing
|-damage|p1b: Weezing|86/100
|move|p1a: Garchomp|Dragon Claw|p2a: Dinko
|-damage|p2a: Dinko|0 fnt
|faint|p2a: Dinko
|-damage|p1a: Garchomp|71/100|[from] item: Life Orb
|cant|p1b: Weezing|flinch
|
|upkeep
|
|t:|1756532269
|switch|p2a: 뽀록나|Amoonguss, L50, F, shiny|100/100
|turn|6
|inactive|Gentlefish has 30 seconds left.
|
|t:|1756532299
|move|p1a: Garchomp|Protect|p1a: Garchomp
|-singleturn|p1a: Garchomp|Protect
|move|p1b: Weezing|Sludge Bomb|p2b: Pumpy the Grumpy
|-supereffective|p2b: Pumpy the Grumpy
|-damage|p2b: Pumpy the Grumpy|0 fnt
|faint|p2b: Pumpy the Grumpy
|move|p2a: 뽀록나|Spore|p1b: Weezing
|-status|p1b: Weezing|slp|[from] move: Spore
|
|upkeep
|turn|7
|-message|GIRLHELL1998 forfeited.
|
|win|Gentlefish
|l|☆GIRLHELL1998
|player|p2|
|j|☆GIRLHELL1998
|player|p2|GIRLHELL1998|roxie|
