|j|☆Youax55
|j|☆morphiusdoorphius
|html|Youax55morphiusdoorphius    
|uhtml|bestof|Game 3 of a best-of-3
|t:|1784242048
|gametype|doubles
|player|p1|Youax55|nate|
|player|p2|morphiusdoorphius|linebacker|
|gen|9
|tier|[Gen 9 Champions] VGC 2026 Reg M-B (Bo3)
|rule|Species Clause: Limit one of each Pokémon
|rule|Item Clause: Limit 1 of each item
|clearpoke
|poke|p1|Arcanine-Hisui, L50, M|
|poke|p1|Pidgeot, L50, M|
|poke|p1|Weavile, L50, M|
|poke|p1|Ariados, L50, M|
|poke|p1|Hawlucha, L50, F|
|poke|p1|Vanilluxe, L50, M|
|poke|p2|Charizard, L50, F|
|poke|p2|Talonflame, L50, M|
|poke|p2|Primarina, L50, F|
|poke|p2|Kingambit, L50, F|
|poke|p2|Kleavor, L50, F|
|poke|p2|Scrafty, L50, F|
|teampreview|4
|showteam|p1|Arcanine-Hisui||MuscleBand|Intimidate|RockSlide,ExtremeSpeed,FlareBlitz,Protect|Jolly||M|||50|]Pidgeot||Pidgeotite|BigPecks|Hurricane,HeatWave,Tailwind,Protect|Modest||M|||50|]Weavile||FocusSash|Pressure|FakeOut,KnockOff,TripleAxel,Protect|Jolly||M|||50|]Ariados||ChartiBerry|Insomnia|RagePowder,StringShot,SuckerPunch,Protect|Impish||M|||50|]Hawlucha||Hawluchanite|Limber|Entrainment,Protect,DrainPunch,DualWingbeat|Jolly||F|||50|]Vanilluxe||ChoiceScarf|SnowWarning|FlashCannon,Blizzard,IcyWind,SheerCold|Bold||M|||50|
|showteam|p2|Charizard||CharizarditeY|Blaze|HeatWave,Protect,WeatherBall,SolarBeam|Modest||F|||50|]Talonflame||FocusSash|GaleWings|Tailwind,Protect,FlareBlitz,BraveBird|Jolly||M|||50|]Primarina||MysticWater|LiquidVoice|IceBeam,Moonblast,Protect,HyperVoice|Naive||F|||50|]Kingambit||ChopleBerry|Defiant|IronHead,Protect,SuckerPunch,SwordsDance|Adamant||F|||50|]Kleavor||WideLens|Sharpness|StoneAxe,XScissor,RockSlide,Protect|Adamant||F|||50|]Scrafty||Scraftinite|Intimidate|SuperFang,FakeOut,Protect,CloseCombat|Adamant||F|||50|
|j| Dylan Jenson
|j| budster16
|j| ChocoHammy
|
|t:|1784242170
|teamsize|p1|4
|teamsize|p2|4
|start
|switch|p1a: Weavile|Weavile, L50, M|100/100
|switch|p1b: Pidgeot|Pidgeot, L50, M|100/100
|switch|p2a: Charizard|Charizard, L50, F|100/100
|switch|p2b: Talonflame|Talonflame, L50, M|100/100
|-ability|p1a: Weavile|Pressure
|turn|1
|
|t:|1784242214
|detailschange|p1b: Pidgeot|Pidgeot-Mega, L50, M
|-mega|p1b: Pidgeot|Pidgeot|Pidgeotite
|move|p2b: Talonflame|Protect|p2b: Talonflame
|-singleturn|p2b: Talonflame|Protect
|move|p2a: Charizard|Protect|p2a: Charizard
|-singleturn|p2a: Charizard|Protect
|move|p1a: Weavile|Fake Out|p2b: Talonflame
|-activate|p2b: Talonflame|move: Protect
|move|p1b: Pidgeot|Tailwind|p1b: Pidgeot
|-sidestart|p1: Youax55|move: Tailwind
|
|upkeep
|turn|2
|
|t:|1784242243
|detailschange|p2a: Charizard|Charizard-Mega-Y, L50, F
|-mega|p2a: Charizard|Charizard|Charizardite Y
|-weather|SunnyDay|[from] ability: Drought|[of] p2a: Charizard
|move|p2b: Talonflame|Tailwind|p2b: Talonflame
|-sidestart|p2: morphiusdoorphius|move: Tailwind
|move|p1a: Weavile|Triple Axel|p2a: Charizard
|-damage|p2a: Charizard|85/100
|-damage|p2a: Charizard|56/100
|-damage|p2a: Charizard|17/100
|-hitcount|p2a: Charizard|3
|move|p1b: Pidgeot|Hurricane|p2a: Charizard
|-damage|p2a: Charizard|0 fnt
|faint|p2a: Charizard
|
|-weather|SunnyDay|[upkeep]
|upkeep
|
|t:|1784242266
|switch|p2a: Primarina|Primarina, L50, F|100/100
|turn|3
|
|t:|1784242280
|move|p2b: Talonflame|Protect|p2b: Talonflame
|-singleturn|p2b: Talonflame|Protect
|move|p1a: Weavile|Protect|p1a: Weavile
|-singleturn|p1a: Weavile|Protect
|move|p1b: Pidgeot|Protect|p1b: Pidgeot
|-singleturn|p1b: Pidgeot|Protect
|move|p2a: Primarina|Ice Beam|p1b: Pidgeot
|-activate|p1b: Pidgeot|move: Protect
|
|-weather|SunnyDay|[upkeep]
|upkeep
|turn|4
|
|t:|1784242316
|switch|p2b: Kingambit|Kingambit, L50, F|100/100
|move|p2a: Primarina|Protect|p2a: Primarina
|-singleturn|p2a: Primarina|Protect
|move|p1a: Weavile|Knock Off|p2a: Primarina
|-activate|p2a: Primarina|move: Protect
|move|p1b: Pidgeot|Hurricane|p2a: Primarina
|-activate|p2a: Primarina|move: Protect
|
|-weather|SunnyDay|[upkeep]
|-sideend|p1: Youax55|move: Tailwind
|upkeep
|turn|5
|
|t:|1784242361
|move|p2a: Primarina|Ice Beam|p1b: Pidgeot
|-supereffective|p1b: Pidgeot|1
|-damage|p1b: Pidgeot|18/100
|move|p1a: Weavile|Triple Axel|p2b: Kingambit
|-resisted|p2b: Kingambit|1
|-damage|p2b: Kingambit|96/100
|-resisted|p2b: Kingambit|1
|-damage|p2b: Kingambit|89/100
|-resisted|p2b: Kingambit|1
|-damage|p2b: Kingambit|78/100
|-hitcount|p2b: Kingambit|3
|move|p1b: Pidgeot|Tailwind|p1b: Pidgeot
|-sidestart|p1: Youax55|move: Tailwind
|move|p2b: Kingambit|Swords Dance|p2b: Kingambit
|-boost|p2b: Kingambit|atk|2
|
|-weather|SunnyDay|[upkeep]
|-sideend|p2: morphiusdoorphius|move: Tailwind
|upkeep
|turn|6
|
|t:|1784242385
|move|p1b: Pidgeot|Protect|p1b: Pidgeot
|-singleturn|p1b: Pidgeot|Protect
|move|p2b: Kingambit|Sucker Punch||[still]
|-fail|p2b: Kingambit
|move|p1a: Weavile|Knock Off|p2a: Primarina
|-resisted|p2a: Primarina|1
|-damage|p2a: Primarina|66/100
|-enditem|p2a: Primarina|Mystic Water|[from] move: Knock Off|[of] p1a: Weavile
|move|p2a: Primarina|Moonblast|p1a: Weavile
|-supereffective|p1a: Weavile|1
|-enditem|p1a: Weavile|Focus Sash
|-damage|p1a: Weavile|1/100
|
|-weather|none
|upkeep
|turn|7
|
|t:|1784242418
|move|p2b: Kingambit|Sucker Punch|p1b: Pidgeot
|-damage|p1b: Pidgeot|0 fnt
|faint|p1b: Pidgeot
|move|p1a: Weavile|Triple Axel|p2a: Primarina
|-resisted|p2a: Primarina|1
|-damage|p2a: Primarina|57/100
|-resisted|p2a: Primarina|1
|-damage|p2a: Primarina|43/100
|-hitcount|p2a: Primarina|2
|move|p2a: Primarina|Moonblast|p1a: Weavile
|-supereffective|p1a: Weavile|1
|-damage|p1a: Weavile|0 fnt
|faint|p1a: Weavile
|
|upkeep
|
|t:|1784242427
|switch|p1a: Arcanine|Arcanine-Hisui, L50, M|100/100
|switch|p1b: Vanilluxe|Vanilluxe, L50, M|100/100
|-weather|Snowscape|[from] ability: Snow Warning|[of] p1b: Vanilluxe
|-ability|p1a: Arcanine|Intimidate|boost
|-unboost|p2a: Primarina|atk|1
|-unboost|p2b: Kingambit|atk|1
|-ability|p2b: Kingambit|Defiant|boost
|-boost|p2b: Kingambit|atk|2
|turn|8
|
|t:|1784242474
|switch|p2a: Talonflame|Talonflame, L50, M|100/100
|move|p1a: Arcanine|Protect|p1a: Arcanine
|-singleturn|p1a: Arcanine|Protect
|move|p2b: Kingambit|Protect|p2b: Kingambit
|-singleturn|p2b: Kingambit|Protect
|move|p1b: Vanilluxe|Blizzard|p2b: Kingambit|[spread] p2a
|-activate|p2b: Kingambit|move: Protect
|-damage|p2a: Talonflame|55/100
|
|-weather|Snowscape|[upkeep]
|-sideend|p1: Youax55|move: Tailwind
|upkeep
|turn|9
|
|t:|1784242504
|move|p1a: Arcanine|Extreme Speed|p2b: Kingambit
|-resisted|p2b: Kingambit|1
|-damage|p2b: Kingambit|68/100
|move|p2b: Kingambit|Sucker Punch||[still]
|-fail|p2b: Kingambit
|move|p2a: Talonflame|Tailwind|p2a: Talonflame
|-sidestart|p2: morphiusdoorphius|move: Tailwind
|move|p1b: Vanilluxe|Blizzard|p2a: Talonflame|[spread] p2a,p2b
|-resisted|p2b: Kingambit|1
|-damage|p2a: Talonflame|8/100
|-damage|p2b: Kingambit|52/100
|
|-weather|Snowscape|[upkeep]
|upkeep
|turn|10
|
|t:|1784242554
|move|p1a: Arcanine|Extreme Speed|p2a: Talonflame
|-damage|p2a: Talonflame|0 fnt
|faint|p2a: Talonflame
|move|p1b: Vanilluxe|Blizzard|p2b: Kingambit
|-resisted|p2b: Kingambit|1
|-damage|p2b: Kingambit|32/100
|move|p2b: Kingambit|Iron Head|p1a: Arcanine
|-damage|p1a: Arcanine|0 fnt
|faint|p1a: Arcanine
|
|-weather|Snowscape|[upkeep]
|upkeep
|
|t:|1784242565
|switch|p2a: Primarina|Primarina, L50, F|43/100
|turn|11
|
|t:|1784242581
|move|p2b: Kingambit|Sucker Punch|p1b: Vanilluxe
|-damage|p1b: Vanilluxe|31/100
|move|p2a: Primarina|Moonblast|p1b: Vanilluxe
|-damage|p1b: Vanilluxe|0 fnt
|faint|p1b: Vanilluxe
|
|win|morphiusdoorphius
