|j|☆SHLOK101
|j|☆natsukivgc
|html|SHLOK101natsukivgc    
|uhtml|bestof|Game 1 of a best-of-3
|t:|1785384239
|gametype|doubles
|player|p1|SHLOK101|cynthia-gen4|1205
|player|p2|natsukivgc|1|1214
|gen|9
|tier|[Gen 9 Champions] VGC 2026 Reg M-B (Bo3)
|rated|
|rule|Species Clause: Limit one of each Pokémon
|rule|Item Clause: Limit 1 of each item
|clearpoke
|poke|p1|Tyranitar, L50, F|
|poke|p1|Houndstone, L50, F|
|poke|p1|Blaziken, L50, M|
|poke|p1|Sinistcha, L50|
|poke|p1|Aggron, L50, M|
|poke|p1|Mamoswine, L50, F|
|poke|p2|Garchomp, L50, M|
|poke|p2|Venusaur, L50, M|
|poke|p2|Incineroar, L50, F|
|poke|p2|Charizard, L50, F|
|poke|p2|Toxapex, L50, F|
|poke|p2|Annihilape, L50, M|
|teampreview|4
|showteam|p1|Tyranitar||Tyranitarite|SandStream|RockSlide,KnockOff,DragonDance,Protect|Jolly||F|||50|]Houndstone||WideLens|SandRush|LastRespects,WillOWisp,Howl,Protect|Jolly||F|||50|]Blaziken||FocusSash|Blaze|HeatWave,AuraSphere,Coaching,Protect|Timid||M|||50|]Sinistcha||SitrusBerry|Hospitality|MatchaGotcha,TrickRoom,RagePowder,StrengthSap|Calm|||||50|]Aggron||Aggronite|Sturdy|HeavySlam,BodyPress,IronDefense,Protect|Careful||M|||50|]Mamoswine||LifeOrb|Oblivious|IcicleCrash,HighHorsepower,IceShard,Protect|Adamant||F|||50|
|showteam|p2|Garchomp||ChoiceScarf|RoughSkin|Earthquake,DragonClaw,StompingTantrum,RockSlide|Adamant||M|||50|]Venusaur||LifeOrb|Chlorophyll|SolarBeam,SludgeBomb,EarthPower,Protect|Modest||M|||50|]Incineroar||SitrusBerry|Intimidate|FlareBlitz,ThroatChop,FakeOut,PartingShot|Impish||F|||50|]Charizard||CharizarditeY|Blaze|HeatWave,WeatherBall,HelpingHand,Protect|Modest||F|||50|]Toxapex||Leftovers|Regenerator|Infestation,Toxic,WideGuard,BanefulBunker|Bold||F|||50|]Annihilape||FocusSash|Defiant|CloseCombat,PhantomForce,StealthRock,Protect|Jolly||M|||50|
|inactive|Battle timer is ON: inactive players will automatically lose when time's up. (requested by SHLOK101)
|inactive|SHLOK101 has 60 seconds left.
|inactive|natsukivgc has 60 seconds left.
|inactive|natsukivgc has 30 seconds left.
|inactive|natsukivgc has 20 seconds left.
|
|t:|1785384314
|teamsize|p1|4
|teamsize|p2|4
|start
|switch|p1a: Blaziken|Blaziken, L50, M|100/100
|switch|p1b: Mamoswine|Mamoswine, L50, F|100/100
|switch|p2a: Charizard|Charizard, L50, F|100/100
|switch|p2b: Venusaur|Venusaur, L50, M|100/100
|turn|1
|inactive|natsukivgc has 30 seconds left.
|inactive|natsukivgc has 20 seconds left.
|inactive|natsukivgc has 15 seconds left.
|inactive|natsukivgc has 10 seconds left.
|
|t:|1785384364
|detailschange|p2a: Charizard|Charizard-Mega-Y, L50, F
|-mega|p2a: Charizard|Charizard|Charizardite Y
|-weather|SunnyDay|[from] ability: Drought|[of] p2a: Charizard
|move|p1b: Mamoswine|Protect|p1b: Mamoswine
|-singleturn|p1b: Mamoswine|Protect
|move|p2b: Venusaur|Earth Power|p1a: Blaziken
|-supereffective|p1a: Blaziken|1
|-enditem|p1a: Blaziken|Focus Sash
|-damage|p1a: Blaziken|1/100
|-damage|p2b: Venusaur|90/100|[from] item: Life Orb
|move|p1a: Blaziken|Heat Wave|p2a: Charizard|[spread] p2b
|-miss|p1a: Blaziken|p2a: Charizard
|-supereffective|p2b: Venusaur|1
|-damage|p2b: Venusaur|0 fnt
|faint|p2b: Venusaur
|move|p2a: Charizard|Heat Wave|p1b: Mamoswine|[spread] p1a
|-activate|p1b: Mamoswine|move: Protect
|-resisted|p1a: Blaziken|1
|-damage|p1a: Blaziken|0 fnt
|faint|p1a: Blaziken
|
|-weather|SunnyDay|[upkeep]
|upkeep
|inactive|natsukivgc has 30 seconds left.
|
|t:|1785384399
|switch|p1a: Tyranitar|Tyranitar, L50, F|100/100
|switch|p2b: Incineroar|Incineroar, L50, F|100/100
|-weather|Sandstorm|[from] ability: Sand Stream|[of] p1a: Tyranitar
|-ability|p2b: Incineroar|Intimidate|boost
|-unboost|p1a: Tyranitar|atk|1
|-fail|p1b: Mamoswine|unboost|Attack|[from] ability: Oblivious|[of] p1b: Mamoswine
|turn|2
|inactive|natsukivgc has 30 seconds left.
|
|t:|1785384426
|move|p2b: Incineroar|Fake Out|p1b: Mamoswine
|-damage|p1b: Mamoswine|87/100
|cant|p1b: Mamoswine|flinch
|move|p2a: Charizard|Heat Wave|p1b: Mamoswine|[spread] p1a,p1b
|-resisted|p1a: Tyranitar|1
|-supereffective|p1b: Mamoswine|1
|-damage|p1a: Tyranitar|86/100
|-damage|p1b: Mamoswine|0 fnt
|faint|p1b: Mamoswine
|move|p1a: Tyranitar|Dragon Dance|p1a: Tyranitar
|-boost|p1a: Tyranitar|atk|1
|-boost|p1a: Tyranitar|spe|1
|
|-weather|Sandstorm|[upkeep]
|-damage|p2a: Charizard|93/100|[from] Sandstorm
|-damage|p2b: Incineroar|94/100|[from] Sandstorm
|upkeep
|
|t:|1785384432
|switch|p1b: Houndstone|Houndstone, L50, F|100/100
|turn|3
|
|t:|1785384454
|switch|p2a: Toxapex|Toxapex, L50, F|100/100
|detailschange|p1a: Tyranitar|Tyranitar-Mega, L50, F
|-mega|p1a: Tyranitar|Tyranitar|Tyranitarite
|move|p1b: Houndstone|Howl|p1b: Houndstone|[spread] p1a,p1b
|-boost|p1a: Tyranitar|atk|1
|-boost|p1b: Houndstone|atk|1
|move|p1a: Tyranitar|Rock Slide|p2b: Incineroar|[spread] p2a,p2b
|-supereffective|p2b: Incineroar|1
|-damage|p2a: Toxapex|67/100
|-damage|p2b: Incineroar|19/100
|-enditem|p2b: Incineroar|Sitrus Berry|[eat]
|-heal|p2b: Incineroar|44/100|[from] item: Sitrus Berry
|move|p2b: Incineroar|Parting Shot|p1a: Tyranitar
|-unboost|p1a: Tyranitar|atk|1
|-unboost|p1a: Tyranitar|spa|1
|
|t:|1785384473
|switch|p2b: Charizard|Charizard-Mega-Y, L50, F|93/100|[from] Parting Shot
|-weather|SunnyDay|[from] ability: Drought|[of] p2b: Charizard
|
|-weather|SunnyDay|[upkeep]
|-heal|p2a: Toxapex|73/100|[from] item: Leftovers
|upkeep
|turn|4
|inactive|natsukivgc has 30 seconds left.
|
|t:|1785384498
|move|p1a: Tyranitar|Dragon Dance|p1a: Tyranitar
|-boost|p1a: Tyranitar|atk|1
|-boost|p1a: Tyranitar|spe|1
|move|p1b: Houndstone|Last Respects|p2b: Charizard
|-damage|p2b: Charizard|5/100
|move|p2b: Charizard|Weather Ball|p1b: Houndstone
|-damage|p1b: Houndstone|0 fnt
|faint|p1b: Houndstone
|move|p2a: Toxapex|Toxic|p1a: Tyranitar
|-status|p1a: Tyranitar|tox
|
|-weather|SunnyDay|[upkeep]
|-heal|p2a: Toxapex|78/100|[from] item: Leftovers
|-damage|p1a: Tyranitar|80/100 tox|[from] psn
|upkeep
|turn|5
|
|t:|1785384520
|move|p2b: Charizard|Protect|p2b: Charizard
|-singleturn|p2b: Charizard|Protect
|move|p2a: Toxapex|Baneful Bunker|p2a: Toxapex
|-singleturn|p2a: Toxapex|move: Protect
|move|p1a: Tyranitar|Knock Off|p2a: Toxapex
|-activate|p2a: Toxapex|move: Protect
|
|-weather|SunnyDay|[upkeep]
|-heal|p2a: Toxapex|84/100|[from] item: Leftovers
|-damage|p1a: Tyranitar|69/100 tox|[from] psn
|upkeep
|turn|6
|
|t:|1785384540
|switch|p2b: Incineroar|Incineroar, L50, F|44/100
|-ability|p2b: Incineroar|Intimidate|boost
|-unboost|p1a: Tyranitar|atk|1
|move|p1a: Tyranitar|Rock Slide|p2b: Incineroar|[spread] p2a,p2b
|-supereffective|p2b: Incineroar|1
|-damage|p2a: Toxapex|63/100
|-damage|p2b: Incineroar|0 fnt
|faint|p2b: Incineroar
|move|p2a: Toxapex|Infestation|p1a: Tyranitar
|-supereffective|p1a: Tyranitar|1
|-damage|p1a: Tyranitar|63/100 tox
|-activate|p1a: Tyranitar|move: Infestation|[of] p2a: Toxapex
|
|-weather|SunnyDay|[upkeep]
|-heal|p2a: Toxapex|68/100|[from] item: Leftovers
|-damage|p1a: Tyranitar|46/100 tox|[from] psn
|-damage|p1a: Tyranitar|34/100 tox|[from] move: Infestation|[partiallytrapped]
|upkeep
|-message|SHLOK101 forfeited.
|
|win|natsukivgc
