|j|☆castoriceball
|j|☆Hitherepapichulo)
|html|castoriceballHitherepapichulo)    
|uhtml|bestof|Game 2 of a best-of-3
|t:|1783391735
|gametype|doubles
|player|p1|castoriceball|miku-flying|1178
|player|p2|Hitherepapichulo)|265|1108
|gen|9
|tier|[Gen 9 Champions] VGC 2026 Reg M-B (Bo3)
|rated|
|rule|Species Clause: Limit one of each Pokémon
|rule|Item Clause: Limit 1 of each item
|clearpoke
|poke|p1|Garchomp, L50, F|
|poke|p1|Floette-Eternal, L50, F|
|poke|p1|Talonflame, L50, F|
|poke|p1|Rotom-Wash, L50, shiny|
|poke|p1|Sneasler, L50, F|
|poke|p1|Kingambit, L50, M, shiny|
|poke|p2|Archaludon, L50, F|
|poke|p2|Dragonite, L50, F|
|poke|p2|Politoed, L50, F|
|poke|p2|Klefki, L50, M|
|poke|p2|Basculegion, L50, M|
|poke|p2|Sneasler, L50, M|
|teampreview|4
|showteam|p1|Garchomp||LifeOrb|RoughSkin|DragonClaw,Earthquake,RockSlide,Protect|Adamant||F|||50|]Floette-Eternal||Floettite|FlowerVeil|Moonblast,DazzlingGleam,LightofRuin,Protect|Modest||F|||50|]Talonflame||SharpBeak|GaleWings|Tailwind,DualWingbeat,RainDance,Protect|Jolly||F|||50|]Rotom-Wash||Magnet|Levitate|Thunderbolt,HydroPump,Electroweb,Protect|Modest|||||50|]Sneasler||FocusSash|Unburden|FakeOut,DireClaw,CloseCombat,SwordsDance|Naughty||F|||50|]Kingambit||BlackGlasses|Defiant|KowtowCleave,SuckerPunch,IronHead,Protect|Adamant||M|||50|
|showteam|p2|Archaludon||Leftovers|Stamina|ElectroShot,FlashCannon,Protect,Thunderbolt|Quiet||F|||50|]Dragonite||Dragoninite|InnerFocus|Hurricane,Protect,DragonPulse,ExtremeSpeed|Quiet||F|||50|]Politoed||DampRock|Drizzle|Protect,WeatherBall,IcyWind,HelpingHand|Bold||F|||50|]Klefki||MentalHerb|Prankster|LightScreen,Reflect,DazzlingGleam,Protect|Relaxed||M|||50|]Basculegion||MysticWater|SwiftSwim|WaveCrash,LastRespects,Protect,FlipTurn|Adamant||M|||50|]Sneasler||SitrusBerry|Unburden|CloseCombat,FakeOut,Uturn,RockSlide|Adamant||M|||50|
|
|t:|1783391777
|teamsize|p1|4
|teamsize|p2|4
|start
|switch|p1a: Laundry List|Rotom-Wash, L50, shiny|100/100
|switch|p1b: jarchomp|Garchomp, L50, F|100/100
|switch|p2a: Klefki|Klefki, L50, M|100/100
|switch|p2b: Dragonite|Dragonite, L50, F|100/100
|turn|1
|
|t:|1783391793
|switch|p1b: $70 flutter|Floette-Eternal, L50, F|100/100
|detailschange|p2b: Dragonite|Dragonite-Mega, L50, F
|-mega|p2b: Dragonite|Dragonite|Dragoninite
|move|p2a: Klefki|Light Screen|p2a: Klefki
|-sidestart|p2: Hitherepapichulo)|move: Light Screen
|move|p2b: Dragonite|Dragon Pulse|p1a: Laundry List
|-damage|p1a: Laundry List|49/100
|move|p1a: Laundry List|Electroweb|p2b: Dragonite|[spread] p2a,p2b
|-damage|p2a: Klefki|84/100
|-damage|p2b: Dragonite|93/100
|-unboost|p2a: Klefki|spe|1
|-unboost|p2b: Dragonite|spe|1
|
|upkeep
|turn|2
|
|t:|1783391822
|switch|p2b: Politoed|Politoed, L50, F|100/100
|-weather|RainDance|[from] ability: Drizzle|[of] p2b: Politoed
|detailschange|p1b: $70 flutter|Floette-Mega, L50, F
|-mega|p1b: $70 flutter|Floette|Floettite
|-ability|p1b: $70 flutter|Fairy Aura
|move|p1b: $70 flutter|Moonblast|p2b: Politoed
|-damage|p2b: Politoed|54/100
|move|p1a: Laundry List|Electroweb|p2a: Klefki|[spread] p2a,p2b
|-supereffective|p2b: Politoed|1
|-damage|p2a: Klefki|66/100
|-damage|p2b: Politoed|23/100
|-unboost|p2a: Klefki|spe|1
|-unboost|p2b: Politoed|spe|1
|move|p2a: Klefki|Dazzling Gleam|p1a: Laundry List|[spread] p1a,p1b
|-crit|p1b: $70 flutter
|-damage|p1a: Laundry List|24/100
|-damage|p1b: $70 flutter|68/100
|
|-weather|RainDance|[upkeep]
|upkeep
|turn|3
|
|t:|1783391840
|move|p2b: Politoed|Protect|p2b: Politoed
|-singleturn|p2b: Politoed|Protect
|move|p1b: $70 flutter|Dazzling Gleam|p2a: Klefki|[spread] p2a
|-activate|p2b: Politoed|move: Protect
|-resisted|p2a: Klefki|1
|-damage|p2a: Klefki|50/100g
|move|p1a: Laundry List|Electroweb|p2a: Klefki|[spread] p2a
|-activate|p2b: Politoed|move: Protect
|-crit|p2a: Klefki
|-damage|p2a: Klefki|14/100
|-unboost|p2a: Klefki|spe|1
|move|p2a: Klefki|Dazzling Gleam|p1a: Laundry List|[spread] p1a,p1b
|-damage|p1a: Laundry List|1/100
|-damage|p1b: $70 flutter|50/100g
|
|-weather|RainDance|[upkeep]
|upkeep
|turn|4
|
|t:|1783391857
|move|p2a: Klefki|Reflect|p2a: Klefki
|-sidestart|p2: Hitherepapichulo)|Reflect
|move|p1b: $70 flutter|Dazzling Gleam|p2a: Klefki|[spread] p2a,p2b
|-resisted|p2a: Klefki|1
|-damage|p2a: Klefki|0 fnt
|-damage|p2b: Politoed|0 fnt
|faint|p2a: Klefki
|faint|p2b: Politoed
|move|p1a: Laundry List|Electroweb|p2: Klefki|[notarget]
|-fail|p1a: Laundry List
|
|-weather|RainDance|[upkeep]
|upkeep
|
|t:|1783391860
|switch|p2a: Basculegion|Basculegion, L50, M|100/100
|switch|p2b: Dragonite|Dragonite-Mega, L50, F|93/100
|turn|5
|
|t:|1783391901
|move|p1b: $70 flutter|Protect|p1b: $70 flutter
|-singleturn|p1b: $70 flutter|Protect
|move|p1a: Laundry List|Protect|p1a: Laundry List
|-singleturn|p1a: Laundry List|Protect
|move|p2b: Dragonite|Extreme Speed|p1a: Laundry List
|-activate|p1a: Laundry List|move: Protect
|move|p2a: Basculegion|Wave Crash|p1b: $70 flutter
|-activate|p1b: $70 flutter|move: Protect
|
|-weather|RainDance|[upkeep]
|-sideend|p2: Hitherepapichulo)|move: Light Screen
|upkeep
|turn|6
|
|t:|1783391915
|switch|p1b: Snoobler|Sneasler, L50, F|100/100
|move|p2b: Dragonite|Extreme Speed|p1a: Laundry List
|-damage|p1a: Laundry List|0 fnt
|faint|p1a: Laundry List
|move|p2a: Basculegion|Wave Crash|p1b: Snoobler
|-enditem|p1b: Snoobler|Focus Sash
|-damage|p1b: Snoobler|1/100
|-damage|p2a: Basculegion|74/100|[from] Recoil
|
|-weather|RainDance|[upkeep]
|upkeep
|
|t:|1783391928
|switch|p1a: jarchomp|Garchomp, L50, F|100/100
|turn|7
|inactive|Battle timer is ON: inactive players will automatically lose when time's up. (requested by Hitherepapichulo))
|
|t:|1783391935
|move|p2b: Dragonite|Protect|p2b: Dragonite
|-singleturn|p2b: Dragonite|Protect
|move|p1b: Snoobler|Fake Out|p2b: Dragonite
|-activate|p2b: Dragonite|move: Protect
|move|p2a: Basculegion|Wave Crash|p1a: jarchomp
|-damage|p1a: jarchomp|0 fnt
|-damage|p2a: Basculegion|61/100|[from] ability: Rough Skin|[of] p1a: jarchomp
|faint|p1a: jarchomp
|-damage|p2a: Basculegion|30/100|[from] Recoil
|
|-weather|RainDance|[upkeep]
|upkeep
|
|t:|1783391946
|switch|p1a: $70 flutter|Floette-Mega, L50, F|50/100g
|-ability|p1a: $70 flutter|Fairy Aura
|turn|8
|
|t:|1783391954
|move|p1a: $70 flutter|Protect|p1a: $70 flutter
|-singleturn|p1a: $70 flutter|Protect
|move|p2b: Dragonite|Extreme Speed|p1b: Snoobler
|-damage|p1b: Snoobler|0 fnt
|faint|p1b: Snoobler
|move|p2a: Basculegion|Wave Crash|p1a: $70 flutter
|-activate|p1a: $70 flutter|move: Protect
|
|-weather|RainDance|[upkeep]
|-sideend|p2: Hitherepapichulo)|Reflect
|upkeep
|turn|9
|
|t:|1783391961
|move|p1a: $70 flutter|Protect|p1a: $70 flutter
|-singleturn|p1a: $70 flutter|Protect
|move|p2a: Basculegion|Wave Crash|p1a: $70 flutter
|-activate|p1a: $70 flutter|move: Protect
|move|p2b: Dragonite|Hurricane|p1a: $70 flutter
|-activate|p1a: $70 flutter|move: Protect
|
|-weather|none
|upkeep
|turn|10
|
|t:|1783391974
|move|p1a: $70 flutter|Dazzling Gleam|p2a: Basculegion|[spread] p2a,p2b
|-supereffective|p2b: Dragonite|1
|-damage|p2a: Basculegion|0 fnt
|-damage|p2b: Dragonite|17/100
|faint|p2a: Basculegion
|move|p2b: Dragonite|Hurricane|p1a: $70 flutter
|-damage|p1a: $70 flutter|0 fnt
|faint|p1a: $70 flutter
|
|win|Hitherepapichulo)
