|j|☆euren888
|j|☆Splatman86
|html|euren888Splatman86    
|uhtml|bestof|Game 2 of a best-of-3
|t:|1784657767
|gametype|doubles
|player|p1|euren888|giovanni|1051
|player|p2|Splatman86|falkner|1000
|gen|9
|tier|[Gen 9 Champions] VGC 2026 Reg M-B (Bo3)
|rated|
|rule|Species Clause: Limit one of each Pokémon
|rule|Item Clause: Limit 1 of each item
|clearpoke
|poke|p1|Gallade, L50, M|
|poke|p1|Toxapex, L50, M|
|poke|p1|Corviknight, L50, M|
|poke|p1|Grimmsnarl, L50, M|
|poke|p1|Delphox, L50, F|
|poke|p1|Glimmora, L50, M|
|poke|p2|Aerodactyl, L50, M|
|poke|p2|Charizard, L50, M|
|poke|p2|Incineroar, L50, M|
|poke|p2|Kingambit, L50, F|
|poke|p2|Sylveon, L50, M|
|poke|p2|Garchomp, L50, M|
|teampreview|4
|showteam|p1|Gallade||Galladite|Steadfast|AquaCutter,PsychoCut,CloseCombat,WideGuard|Serious||M|||50|]Toxapex||Leftovers|Regenerator|BanefulBunker,Infestation,WideGuard,Toxic|Serious||M|||50|]Corviknight||OccaBerry|MirrorArmor|Tailwind,IronHead,Uturn,BraveBird|Serious||M|||50|]Grimmsnarl||LightClay|Prankster|Reflect,LightScreen,FoulPlay,PartingShot|Serious||M|||50|]Delphox||Delphoxite|Blaze|HeatWave,Psychic,NastyPlot,WillOWisp|Serious||F|||50|]Glimmora||FocusSash|ToxicDebris|EarthPower,SludgeBomb,PowerGem,Protect|Serious||M|||50|
|showteam|p2|Aerodactyl||Aerodactylite|Unnerve|RockSlide,DualWingbeat,WideGuard,Tailwind|Jolly||M|||50|]Charizard||CharizarditeY|Blaze|HeatWave,WeatherBall,SolarBeam,Protect|Modest||M|||50|]Incineroar||SitrusBerry|Intimidate|FlareBlitz,DarkestLariat,FakeOut,PartingShot|Impish||M|||50|]Kingambit||FocusSash|Defiant|KowtowCleave,IronHead,SuckerPunch,LowKick|Adamant||F|||50|]Sylveon||FairyFeather|Pixilate|HyperVoice,HyperBeam,QuickAttack,Detect|Modest||M|||50|]Garchomp||LifeOrb|RoughSkin|Earthquake,DragonClaw,RockSlide,Protect|Jolly||M|||50|
|
|t:|1784657808
|teamsize|p1|4
|teamsize|p2|4
|start
|switch|p1a: Gallade|Gallade, L50, M|100/100
|switch|p1b: Toxapex|Toxapex, L50, M|100/100
|switch|p2a: Incineroar|Incineroar, L50, M|100/100
|switch|p2b: Garchomp|Garchomp, L50, M|100/100
|-ability|p2a: Incineroar|Intimidate|boost
|-unboost|p1a: Gallade|atk|1
|-unboost|p1b: Toxapex|atk|1
|turn|1
|
|t:|1784657850
|detailschange|p1a: Gallade|Gallade-Mega, L50, M
|-mega|p1a: Gallade|Gallade|Galladite
|move|p2b: Garchomp|Protect|p2b: Garchomp
|-singleturn|p2b: Garchomp|Protect
|move|p1a: Gallade|Wide Guard|p1a: Gallade
|-singleturn|p1a: Gallade|Wide Guard
|move|p2a: Incineroar|Fake Out|p1a: Gallade
|-damage|p1a: Gallade|88/100
|move|p1b: Toxapex|Infestation|p2a: Incineroar
|-damage|p2a: Incineroar|97/100
|-activate|p2a: Incineroar|move: Infestation|[of] p1b: Toxapex
|
|-damage|p2a: Incineroar|84/100|[from] move: Infestation|[partiallytrapped]
|upkeep
|turn|2
|c|☆Splatman86|WolfeyVGC ahh play
|
|t:|1784657917
|move|p2b: Garchomp|Protect||[still]
|-fail|p2b: Garchomp
|move|p1a: Gallade|Psycho Cut|p2b: Garchomp
|-damage|p2b: Garchomp|72/100
|move|p2a: Incineroar|Parting Shot|p1b: Toxapex
|-unboost|p1b: Toxapex|atk|1
|-unboost|p1b: Toxapex|spa|1
|
|t:|1784657932
|switch|p2a: Aerodactyl|Aerodactyl, L50, M|100/100|[from] Parting Shot
|-ability|p2a: Aerodactyl|Unnerve
|move|p1b: Toxapex|Toxic|p2a: Aerodactyl
|-status|p2a: Aerodactyl|tox
|
|-damage|p2a: Aerodactyl|93/100 tox|[from] psn
|upkeep
|turn|3
|
|t:|1784657959
|switch|p1a: Glimmora|Glimmora, L50, M|100/100
|move|p2a: Aerodactyl|Dual Wingbeat|p1a: Glimmora|[miss]
|-miss|p2a: Aerodactyl|p1a: Glimmora
|move|p2b: Garchomp|Earthquake|p1a: Glimmora|[spread] p1a,p1b
|-immune|p2a: Aerodactyl
|-supereffective|p1a: Glimmora|2
|-supereffective|p1b: Toxapex|1
|-enditem|p1a: Glimmora|Focus Sash
|-damage|p1a: Glimmora|1/100
|-damage|p1b: Toxapex|29/100
|-activate|p1a: Glimmora|ability: Toxic Debris
|-sidestart|p2: Splatman86|move: Toxic Spikes
|-damage|p2b: Garchomp|62/100|[from] item: Life Orb
|move|p1b: Toxapex|Infestation|p2b: Garchomp
|-damage|p2b: Garchomp|60/100
|-activate|p2b: Garchomp|move: Infestation|[of] p1b: Toxapex
|-damage|p1b: Toxapex|17/100|[from] ability: Rough Skin|[of] p2b: Garchomp
|
|-heal|p1b: Toxapex|23/100|[from] item: Leftovers
|-damage|p2a: Aerodactyl|81/100 tox|[from] psn
|-damage|p2b: Garchomp|48/100|[from] move: Infestation|[partiallytrapped]
|upkeep
|turn|4
|inactive|Battle timer is ON: inactive players will automatically lose when time's up. (requested by Splatman86)
|
|t:|1784658031
|move|p1b: Toxapex|Wide Guard|p1b: Toxapex
|-singleturn|p1b: Toxapex|Wide Guard
|move|p2a: Aerodactyl|Tailwind|p2a: Aerodactyl
|-sidestart|p2: Splatman86|move: Tailwind
|move|p2b: Garchomp|Earthquake|p1a: Glimmora|[spread] 
|-activate|p1a: Glimmora|move: Wide Guard
|-activate|p1b: Toxapex|move: Wide Guard
|-immune|p2a: Aerodactyl
|move|p1a: Glimmora|Power Gem|p2a: Aerodactyl
|-supereffective|p2a: Aerodactyl|1
|-damage|p2a: Aerodactyl|0 fnt
|faint|p2a: Aerodactyl
|
|-heal|p1b: Toxapex|29/100|[from] item: Leftovers
|-damage|p2b: Garchomp|36/100|[from] move: Infestation|[partiallytrapped]
|upkeep
|
|t:|1784658046
|switch|p2a: Incineroar|Incineroar, L50, M|84/100
|-status|p2a: Incineroar|psn
|-ability|p2a: Incineroar|Intimidate|boost
|-unboost|p1a: Glimmora|atk|1
|-unboost|p1b: Toxapex|atk|1
|turn|5
|
|t:|1784658064
|move|p2b: Garchomp|Protect|p2b: Garchomp
|-singleturn|p2b: Garchomp|Protect
|move|p1b: Toxapex|Baneful Bunker|p1b: Toxapex
|-singleturn|p1b: Toxapex|move: Protect
|move|p2a: Incineroar|Darkest Lariat|p1b: Toxapex
|-activate|p1b: Toxapex|move: Protect
|move|p1a: Glimmora|Earth Power|p2a: Incineroar
|-supereffective|p2a: Incineroar|1
|-damage|p2a: Incineroar|27/100 psn
|-enditem|p2a: Incineroar|Sitrus Berry|[eat]
|-heal|p2a: Incineroar|51/100 psn|[from] item: Sitrus Berry
|
|-heal|p1b: Toxapex|34/100|[from] item: Leftovers
|-damage|p2a: Incineroar|39/100 psn|[from] psn
|-damage|p2b: Garchomp|24/100|[from] move: Infestation|[partiallytrapped]
|upkeep
|turn|6
|inactive|euren888 has 30 seconds left.
|inactive|Splatman86 has 30 seconds left.
|
|t:|1784658097
|move|p2b: Garchomp|Dragon Claw|p1a: Glimmora
|-damage|p1a: Glimmora|0 fnt
|-activate|p1a: Glimmora|ability: Toxic Debris
|-sidestart|p2: Splatman86|move: Toxic Spikes
|faint|p1a: Glimmora
|-damage|p2b: Garchomp|14/100|[from] item: Life Orb
|move|p2a: Incineroar|Darkest Lariat|p1b: Toxapex
|-damage|p1b: Toxapex|10/100
|move|p1b: Toxapex|Infestation|p2a: Incineroar
|-damage|p2a: Incineroar|37/100 psn
|-activate|p2a: Incineroar|move: Infestation|[of] p1b: Toxapex
|
|-heal|p1b: Toxapex|16/100|[from] item: Leftovers
|-damage|p2a: Incineroar|25/100 psn|[from] psn
|-damage|p2b: Garchomp|2/100|[from] move: Infestation|[partiallytrapped]
|-damage|p2a: Incineroar|12/100 psn|[from] move: Infestation|[partiallytrapped]
|upkeep
|
|t:|1784658120
|switch|p1a: Gallade|Gallade-Mega, L50, M|88/100
|turn|7
|
|t:|1784658136
|move|p1b: Toxapex|Wide Guard|p1b: Toxapex
|-singleturn|p1b: Toxapex|Wide Guard
|move|p2b: Garchomp|Dragon Claw|p1b: Toxapex
|-damage|p1b: Toxapex|0 fnt
|faint|p1b: Toxapex
|-damage|p2b: Garchomp|0 fnt|[from] item: Life Orb
|faint|p2b: Garchomp
|move|p1a: Gallade|Psycho Cut|p2a: Incineroar
|-immune|p2a: Incineroar
|move|p2a: Incineroar|Darkest Lariat|p1a: Gallade
|-crit|p1a: Gallade
|-damage|p1a: Gallade|28/100
|
|-damage|p2a: Incineroar|1/100 psn|[from] psn
|-end|p2a: Incineroar|Infestation|[partiallytrapped]|[silent]
|-sideend|p2: Splatman86|move: Tailwind
|upkeep
|
|t:|1784658154
|switch|p2b: Charizard|Charizard, L50, M|100/100
|switch|p1b: Grimmsnarl|Grimmsnarl, L50, M|100/100
|turn|8
|inactive|Splatman86 has 30 seconds left.
|inactive|Splatman86 has 20 seconds left.
|
|t:|1784658191
|detailschange|p2b: Charizard|Charizard-Mega-Y, L50, M
|-mega|p2b: Charizard|Charizard|Charizardite Y
|-weather|SunnyDay|[from] ability: Drought|[of] p2b: Charizard
|move|p1a: Gallade|Wide Guard|p1a: Gallade
|-singleturn|p1a: Gallade|Wide Guard
|move|p1b: Grimmsnarl|Light Screen|p1b: Grimmsnarl
|-sidestart|p1: euren888|move: Light Screen
|move|p2b: Charizard|Weather Ball|p1a: Gallade
|-damage|p1a: Gallade|0 fnt
|faint|p1a: Gallade
|move|p2a: Incineroar|Flare Blitz|p1b: Grimmsnarl
|-damage|p1b: Grimmsnarl|13/100
|-damage|p2a: Incineroar|0 fnt|[from] Recoil
|faint|p2a: Incineroar
|
|-weather|SunnyDay|[upkeep]
|upkeep
|turn|9
|
|t:|1784658208
|move|p2b: Charizard|Weather Ball|p1b: Grimmsnarl
|-damage|p1b: Grimmsnarl|0 fnt
|faint|p1b: Grimmsnarl
|
|win|Splatman86
