|j|☆vdzj
|j|☆PablixXHD
|html|vdzjPablixXHD    
|uhtml|bestof|Game 1 of a best-of-3
|t:|1785884674
|gametype|doubles
|player|p1|vdzj|parasollady|1108
|player|p2|PablixXHD|101|1157
|gen|9
|tier|[Gen 9 Champions] VGC 2026 Reg M-B (Bo3)
|rated|
|rule|Species Clause: Limit one of each Pokémon
|rule|Item Clause: Limit 1 of each item
|clearpoke
|poke|p1|Espathra, L50, F, shiny|
|poke|p1|Dragonite, L50, M, shiny|
|poke|p1|Sneasler, L50, M|
|poke|p1|Grimmsnarl, L50, M|
|poke|p1|Gholdengo, L50|
|poke|p1|Palafin, L50, F, shiny|
|poke|p2|Staraptor, L50, F|
|poke|p2|Raichu, L50, F|
|poke|p2|Sylveon, L50, F, shiny|
|poke|p2|Farigiraf, L50, F, shiny|
|poke|p2|Arcanine-Hisui, L50, M|
|poke|p2|Kingambit, L50, F|
|teampreview|4
|showteam|p1|Espathra||Leftovers|SpeedBoost|CalmMind,Protect,LuminaCrash,BatonPass|Modest||F|||50|]Dragonite||Dragoninite|Multiscale|Flamethrower,Protect,DracoMeteor,Thunderbolt|Modest||M|||50|]Sneasler||WhiteHerb|Unburden|FakeOut,Protect,DireClaw,CloseCombat|Adamant||M|||50|]Grimmsnarl||LightClay|Prankster|LightScreen,Reflect,PartingShot,SpiritBreak|Careful||M|||50|]Gholdengo||ChoiceScarf|GoodasGold|MakeItRain,PowerGem,ShadowBall,Trick|Timid|||||50|]Palafin||SitrusBerry|ZerotoHero|JetPunch,DrainPunch,FlipTurn,IcePunch|Jolly||F|||50|
|showteam|p2|Staraptor||Staraptite|Intimidate|Tailwind,Protect,CloseCombat,DualWingbeat|Jolly||F|||50|]Raichu||RaichuniteY|LightningRod|FakeOut,ZapCannon,FocusBlast,Protect|Timid||F|||50|]Sylveon||FairyFeather|Pixilate|Detect,HyperVoice,QuickAttack,HyperBeam|Modest||F|||50|]Farigiraf||SitrusBerry|ArmorTail|Psychic,TrickRoom,HelpingHand,Protect|Calm||F|||50|]Arcanine-Hisui||FocusSash|RockHead|Protect,ExtremeSpeed,HeadSmash,FlareBlitz|Jolly||M|||50|]Kingambit||LifeOrb|Defiant|Protect,KowtowCleave,SwordsDance,SuckerPunch|Adamant||F|||50|
|inactive|Battle timer is ON: inactive players will automatically lose when time's up. (requested by PablixXHD)
|
|t:|1785884701
|teamsize|p1|4
|teamsize|p2|4
|start
|switch|p1a: Grimmsnarl|Grimmsnarl, L50, M|100/100
|switch|p1b: Gholdengo|Gholdengo, L50|100/100
|switch|p2a: Raichu|Raichu, L50, F|100/100
|switch|p2b: Kingambit|Kingambit, L50, F|100/100
|turn|1
|
|t:|1785884724
|detailschange|p2a: Raichu|Raichu-Mega-Y, L50, F
|-mega|p2a: Raichu|Raichu|Raichunite Y
|move|p2a: Raichu|Fake Out|p1a: Grimmsnarl
|-damage|p1a: Grimmsnarl|89/100
|cant|p1a: Grimmsnarl|flinch
|move|p2b: Kingambit|Sucker Punch||[still]
|-fail|p2b: Kingambit
|move|p1b: Gholdengo|Trick|p2b: Kingambit
|-activate|p1b: Gholdengo|move: Trick|[of] p2b: Kingambit
|-item|p2b: Kingambit|Choice Scarf|[from] move: Trick
|-item|p1b: Gholdengo|Life Orb|[from] move: Trick
|
|upkeep
|turn|2
|inactive|vdzj has 30 seconds left.
|inactive|PablixXHD has 30 seconds left.
|inactive|vdzj has 20 seconds left.
|
|t:|1785884762
|move|p1a: Grimmsnarl|Reflect|p1a: Grimmsnarl
|-sidestart|p1: vdzj|Reflect
|move|p2a: Raichu|Zap Cannon|p1a: Grimmsnarl
|-damage|p1a: Grimmsnarl|38/100
|-status|p1a: Grimmsnarl|par
|move|p1b: Gholdengo|Shadow Ball|p2a: Raichu
|-damage|p2a: Raichu|26/100
|-damage|p1b: Gholdengo|90/100|[from] item: Life Orb
|move|p2b: Kingambit|Kowtow Cleave|p1b: Gholdengo
|-supereffective|p1b: Gholdengo|1
|-damage|p1b: Gholdengo|18/100
|
|upkeep
|turn|3
|
|t:|1785884787
|move|p1a: Grimmsnarl|Light Screen|p1a: Grimmsnarl
|-sidestart|p1: vdzj|move: Light Screen
|move|p2a: Raichu|Zap Cannon|p1b: Gholdengo
|-damage|p1b: Gholdengo|0 fnt
|faint|p1b: Gholdengo
|move|p2b: Kingambit|Kowtow Cleave|p1a: Grimmsnarl
|-resisted|p1a: Grimmsnarl|2
|-damage|p1a: Grimmsnarl|28/100 par
|
|upkeep
|
|t:|1785884799
|switch|p1b: Sneasler|Sneasler, L50, M|100/100
|turn|4
|
|t:|1785884814
|move|p2a: Raichu|Zap Cannon|p1b: Sneasler
|-damage|p1b: Sneasler|45/100
|-status|p1b: Sneasler|par
|move|p2b: Kingambit|Kowtow Cleave|p1b: Sneasler
|-resisted|p1b: Sneasler|1
|-damage|p1b: Sneasler|15/100 par
|move|p1b: Sneasler|Close Combat|p2b: Kingambit
|-supereffective|p2b: Kingambit|2
|-damage|p2b: Kingambit|0 fnt
|-unboost|p1b: Sneasler|def|1
|-unboost|p1b: Sneasler|spd|1
|faint|p2b: Kingambit
|-enditem|p1b: Sneasler|White Herb
|-clearnegativeboost|p1b: Sneasler|[silent]
|move|p1a: Grimmsnarl|Spirit Break|p2a: Raichu
|-damage|p2a: Raichu|0 fnt
|faint|p2a: Raichu
|
|upkeep
|
|t:|1785884824
|switch|p2a: Sylveon|Sylveon, L50, F, shiny|100/100
|switch|p2b: Arcanine|Arcanine-Hisui, L50, M|100/100
|turn|5
|
|t:|1785884848
|move|p1b: Sneasler|Protect|p1b: Sneasler
|-singleturn|p1b: Sneasler|Protect
|move|p1a: Grimmsnarl|Parting Shot|p2a: Sylveon
|-unboost|p2a: Sylveon|atk|1
|-unboost|p2a: Sylveon|spa|1
|
|t:|1785884853
|switch|p1a: Palafin|Palafin, L50, F, shiny|100/100|[from] Parting Shot
|move|p2b: Arcanine|Flare Blitz|p1b: Sneasler
|-activate|p1b: Sneasler|move: Protect
|move|p2a: Sylveon|Hyper Voice|p1b: Sneasler|[spread] p1a
|-activate|p1b: Sneasler|move: Protect
|-damage|p1a: Palafin|71/100
|
|upkeep
|turn|6
|
|t:|1785884871
|move|p1b: Sneasler|Dire Claw|p2a: Sylveon
|-supereffective|p2a: Sylveon|1
|-damage|p2a: Sylveon|0 fnt
|faint|p2a: Sylveon
|move|p1a: Palafin|Flip Turn|p2b: Arcanine
|-supereffective|p2b: Arcanine|2
|-enditem|p2b: Arcanine|Focus Sash
|-damage|p2b: Arcanine|1/100
|
|t:|1785884879
|detailschange|p1a: Palafin|Palafin-Hero, L50, F, shiny
|switch|p1a: Grimmsnarl|Grimmsnarl, L50, M|28/100 par|[from] Flip Turn
|move|p2b: Arcanine|Flare Blitz|p1b: Sneasler
|-damage|p1b: Sneasler|0 fnt
|faint|p1b: Sneasler
|
|upkeep
|-message|PablixXHD forfeited.
|
|win|vdzj
||PablixXHD is ready for game 2.
||vdzj is ready for game 2.
|uhtml|next|Next: Game 2 of 3
|l|☆vdzj
|player|p1|
