|j|☆CrystalGem02
|j|☆PikaTROD
|html|CrystalGem02PikaTROD    
|uhtml|bestof|Game 3 of a best-of-3
|t:|1756298301
|gametype|doubles
|player|p1|CrystalGem02|valerie|1244
|player|p2|PikaTROD|2|1163
|gen|9
|tier|[Gen 9] VGC 2025 Reg H (Bo3)
|rated|
|rule|Species Clause: Limit one of each Pokémon
|rule|Item Clause: Limit 1 of each item
|clearpoke
|poke|p1|Ursaluna, L50, F|
|poke|p1|Porygon2, L50|
|poke|p1|Incineroar, L50, M|
|poke|p1|Yanmega, L50, F|
|poke|p1|Sneasler, L50, F|
|poke|p1|Archaludon, L50, M|
|poke|p2|Kingambit, L50, F|
|poke|p2|Primarina, L50, F|
|poke|p2|Sneasler, L50, F|
|poke|p2|Magmar, L50, M|
|poke|p2|Rillaboom, L50, F|
|poke|p2|Dragapult, L50, M|
|teampreview|4
|showteam|p1|Ursaluna||FlameOrb|Guts|Facade,HeadlongRush,Earthquake,Protect|||F|||50|,,,,,Ghost]Porygon2||Eviolite|Download|TeraBlast,IceBeam,Recover,TrickRoom||||||50|,,,,,Flying]Incineroar||SafetyGoggles|Intimidate|FlareBlitz,KnockOff,PartingShot,FakeOut|||M|||50|,,,,,Ghost]Yanmega||FocusSash|SpeedBoost|BugBuzz,AirSlash,Tailwind,Protect|||F|||50|,,,,,Ghost]Sneasler||WhiteHerb|Unburden|DireClaw,CloseCombat,ThroatChop,Protect|||F|||50|,,,,,Stellar]Archaludon||PowerHerb|Stalwart|ElectroShot,DragonPulse,Thunderbolt,Protect|||M|||50|,,,,,Electric
|showteam|p2|Kingambit||BlackGlasses|Defiant|KowtowCleave,SuckerPunch,SwordsDance,Protect|||F|||50|,,,,,Ghost]Primarina||SitrusBerry|LiquidVoice|HyperVoice,Moonblast,Haze,Protect|||F|||50|,,,,,Water]Sneasler||FocusSash|PoisonTouch|CloseCombat,DireClaw,FakeOut,Protect|||F|||50|,,,,,Ghost]Magmar||Eviolite|VitalSpirit|Overheat,WillOWisp,FollowMe,Protect|||M|||50|,,,,,Ghost]Rillaboom||AssaultVest|GrassySurge|WoodHammer,GrassyGlide,HighHorsepower,FakeOut|||F|||50|,,,,,Fire]Dragapult||ChoiceBand|ClearBody|DragonDarts,PhantomForce,Outrage,Uturn|||M|||50|,,,,,Dragon
|inactive|Battle timer is ON: inactive players will automatically lose when time's up. (requested by CrystalGem02)
|inactive|CrystalGem02 has 60 seconds left.
|
|t:|1756298337
|teamsize|p1|4
|teamsize|p2|4
|start
|switch|p1a: Archaludon|Archaludon, L50, M|100/100
|switch|p1b: Yanmega|Yanmega, L50, F, shiny|100/100
|switch|p2a: Dragapult|Dragapult, L50, M|100/100
|switch|p2b: Sneasler|Sneasler, L50, F|100/100
|turn|1
|inactive|PikaTROD has 30 seconds left.
|
|t:|1756298363
|move|p1b: Yanmega|Protect|p1b: Yanmega
|-singleturn|p1b: Yanmega|Protect
|move|p1a: Archaludon|Protect|p1a: Archaludon
|-singleturn|p1a: Archaludon|Protect
|move|p2b: Sneasler|Fake Out|p1a: Archaludon
|-activate|p1a: Archaludon|move: Protect
|move|p2a: Dragapult|Dragon Darts|p1b: Yanmega
|-activate|p1a: Archaludon|move: Protect
|
|-ability|p1b: Yanmega|Speed Boost|boost
|-boost|p1b: Yanmega|spe|1
|upkeep
|turn|2
|inactive|CrystalGem02 has 30 seconds left.
|inactive|PikaTROD has 30 seconds left.
|
|t:|1756298396
|switch|p2a: Kingambit|Kingambit, L50, F|100/100
|move|p1b: Yanmega|Tailwind|p1b: Yanmega
|-sidestart|p1: CrystalGem02|move: Tailwind
|move|p1a: Archaludon|Dragon Pulse|p2a: Kingambit
|-resisted|p2a: Kingambit
|-damage|p2a: Kingambit|80/100
|move|p2b: Sneasler|Close Combat|p1a: Archaludon
|-supereffective|p1a: Archaludon
|-damage|p1a: Archaludon|11/100
|-unboost|p2b: Sneasler|def|1
|-unboost|p2b: Sneasler|spd|1
|
|-ability|p1b: Yanmega|Speed Boost|boost
|-boost|p1b: Yanmega|spe|1
|upkeep
|turn|3
|inactive|CrystalGem02 has 30 seconds left.
|inactive|CrystalGem02 has 20 seconds left.
|
|t:|1756298434
|switch|p1a: Porygon2|Porygon2, L50, shiny|100/100
|-ability|p1a: Porygon2|Download|boost
|-boost|p1a: Porygon2|spa|1
|move|p2b: Sneasler|Protect|p2b: Sneasler
|-singleturn|p2b: Sneasler|Protect
|move|p2a: Kingambit|Protect|p2a: Kingambit
|-singleturn|p2a: Kingambit|Protect
|move|p1b: Yanmega|Bug Buzz|p2a: Kingambit
|-activate|p2a: Kingambit|move: Protect
|
|-ability|p1b: Yanmega|Speed Boost|boost
|-boost|p1b: Yanmega|spe|1
|upkeep
|turn|4
|inactive|CrystalGem02 has 30 seconds left.
|inactive|PikaTROD has 30 seconds left.
|
|t:|1756298467
|switch|p2b: Rillaboom|Rillaboom, L50, F|100/100
|-fieldstart|move: Grassy Terrain|[from] ability: Grassy Surge|[of] p2b: Rillaboom
|-terastallize|p1a: Porygon2|Flying
|move|p1b: Yanmega|Bug Buzz|p2a: Kingambit
|-damage|p2a: Kingambit|31/100
|move|p1a: Porygon2|Tera Blast|p2a: Kingambit|[anim] Tera Blast Flying
|-resisted|p2a: Kingambit
|-damage|p2a: Kingambit|10/100
|move|p2a: Kingambit|Kowtow Cleave|p1b: Yanmega
|-damage|p1b: Yanmega|30/100
|
|-heal|p2a: Kingambit|16/100|[from] Grassy Terrain
|-ability|p1b: Yanmega|Speed Boost|boost
|-boost|p1b: Yanmega|spe|1
|upkeep
|turn|5
|inactive|CrystalGem02 has 30 seconds left.
|inactive|PikaTROD has 30 seconds left.
|inactive|PikaTROD has 20 seconds left.
|inactive|CrystalGem02 has 20 seconds left.
|inactive|PikaTROD has 15 seconds left.
|
|t:|1756298509
|move|p1b: Yanmega|Protect|p1b: Yanmega
|-singleturn|p1b: Yanmega|Protect
|move|p2b: Rillaboom|Fake Out|p1a: Porygon2
|-damage|p1a: Porygon2|92/100
|cant|p1a: Porygon2|flinch
|move|p2a: Kingambit|Swords Dance|p2a: Kingambit
|-boost|p2a: Kingambit|atk|2
|
|-heal|p2a: Kingambit|22/100|[from] Grassy Terrain
|-sideend|p1: CrystalGem02|move: Tailwind
|-ability|p1b: Yanmega|Speed Boost|boost
|-boost|p1b: Yanmega|spe|1
|upkeep
|turn|6
|
|t:|1756298529
|move|p2b: Rillaboom|Grassy Glide|p1a: Porygon2
|-resisted|p1a: Porygon2
|-damage|p1a: Porygon2|78/100
|move|p2a: Kingambit|Sucker Punch|p1a: Porygon2
|-damage|p1a: Porygon2|11/100
|move|p1b: Yanmega|Tailwind|p1b: Yanmega
|-sidestart|p1: CrystalGem02|move: Tailwind
|move|p1a: Porygon2|Tera Blast|p2a: Kingambit|[anim] Tera Blast Flying
|-resisted|p2a: Kingambit
|-damage|p2a: Kingambit|0 fnt
|faint|p2a: Kingambit
|
|-ability|p1b: Yanmega|Speed Boost|boost
|-boost|p1b: Yanmega|spe|1
|upkeep
|inactive|PikaTROD has 30 seconds left.
|l|☆PikaTROD
|inactive|PikaTROD disconnected and has a minute to reconnect!
|player|p2|
|inactive|PikaTROD has 20 seconds left.
|inactive|PikaTROD has 15 seconds left.
|inactive|PikaTROD has 10 seconds left.
|j|☆PikaTROD
|inactive|PikaTROD reconnected and has 10 seconds left.
|player|p2|PikaTROD|2|
|inactive|PikaTROD has 5 seconds left.
|
|t:|1756298583
|switch|p2a: Dragapult|Dragapult, L50, M|100/100
|turn|7
|inactive|CrystalGem02 has 30 seconds left.
|inactive|CrystalGem02 has 20 seconds left.
|
|t:|1756298622
|move|p2b: Rillaboom|Grassy Glide|p1a: Porygon2
|-resisted|p1a: Porygon2
|-damage|p1a: Porygon2|0 fnt
|faint|p1a: Porygon2
|move|p1b: Yanmega|Bug Buzz|p2b: Rillaboom
|-supereffective|p2b: Rillaboom
|-damage|p2b: Rillaboom|24/100
|move|p2a: Dragapult|U-turn|p1b: Yanmega
|-resisted|p1b: Yanmega
|-damage|p1b: Yanmega|5/100
|
|t:|1756298631
|switch|p2a: Sneasler|Sneasler, L50, F|100/100|[from] U-turn
|
|-heal|p2b: Rillaboom|30/100|[from] Grassy Terrain
|upkeep
|
|t:|1756298640
|switch|p1a: Sneasler|Sneasler, L50, F|100/100
|turn|8
|inactive|PikaTROD has 30 seconds left.
|inactive|PikaTROD has 20 seconds left.
|inactive|PikaTROD has 15 seconds left.
|
|t:|1756298684
|switch|p2b: Dragapult|Dragapult, L50, M|100/100
|move|p2a: Sneasler|Fake Out|p1a: Sneasler
|-damage|p1a: Sneasler|82/100
|move|p1b: Yanmega|Bug Buzz|p2b: Dragapult
|-resisted|p2b: Dragapult
|-damage|p2b: Dragapult|70/100
|cant|p1a: Sneasler|flinch
|
|-heal|p1a: Sneasler|88/100|[from] Grassy Terrain
|-heal|p2b: Dragapult|76/100|[from] Grassy Terrain
|-fieldend|move: Grassy Terrain
|upkeep
|turn|9
|inactive|CrystalGem02 has 30 seconds left.
|inactive|PikaTROD has 30 seconds left.
|inactive|CrystalGem02 has 20 seconds left.
|inactive|CrystalGem02 has 15 seconds left.
|inactive|CrystalGem02 has 10 seconds left.
|
|t:|1756298733
|switch|p2a: Rillaboom|Rillaboom, L50, F|30/100
|-fieldstart|move: Grassy Terrain|[from] ability: Grassy Surge|[of] p2a: Rillaboom
|-terastallize|p2b: Dragapult|Dragon
|move|p1b: Yanmega|Air Slash|p2b: Dragapult|[miss]
|-miss|p1b: Yanmega|p2b: Dragapult
|move|p1a: Sneasler|Dire Claw|p2b: Dragapult
|-damage|p2b: Dragapult|19/100
|-status|p2b: Dragapult|slp
|cant|p2b: Dragapult|slp
|
|-heal|p1a: Sneasler|94/100|[from] Grassy Terrain
|-heal|p2b: Dragapult|25/100 slp|[from] Grassy Terrain
|-heal|p2a: Rillaboom|36/100|[from] Grassy Terrain
|-sideend|p1: CrystalGem02|move: Tailwind
|upkeep
|turn|10
|
|t:|1756298758
|move|p2a: Rillaboom|Grassy Glide|p1b: Yanmega
|-resisted|p1b: Yanmega
|-damage|p1b: Yanmega|0 fnt
|faint|p1b: Yanmega
|-curestatus|p2b: Dragapult|slp|[msg]
|move|p2b: Dragapult|Dragon Darts|p1a: Sneasler
|-damage|p1a: Sneasler|19/100
|-anim|p2b: Dragapult|Dragon Darts|p1a: Sneasler
|-damage|p1a: Sneasler|0 fnt
|faint|p1a: Sneasler
|
|-heal|p2b: Dragapult|32/100|[from] Grassy Terrain
|-heal|p2a: Rillaboom|42/100|[from] Grassy Terrain
|upkeep
|-message|CrystalGem02 forfeited.
|
|win|PikaTROD
|raw|CrystalGem02's rating: 1244 → 1213(-31 for losing)
|raw|PikaTROD's rating: 1163 → 1194(+31 for winning)
