|j|☆davidxrt
|j|☆Veteran.Donn
|html|davidxrtVeteran.Donn    
|uhtml|bestof|Game 1 of a best-of-3
|t:|1782343617
|gametype|doubles
|player|p1|davidxrt|hilbert-wonderlauncher|1143
|player|p2|Veteran.Donn|veteran|1040
|gen|9
|tier|[Gen 9 Champions] VGC 2026 Reg M-B (Bo3)
|rated|
|rule|Species Clause: Limit one of each Pokémon
|rule|Item Clause: Limit 1 of each item
|clearpoke
|poke|p1|Pelipper, L50, F|
|poke|p1|Archaludon, L50, M|
|poke|p1|Basculegion, L50, M|
|poke|p1|Metagross, L50|
|poke|p1|Hydreigon, L50, F|
|poke|p1|Meganium, L50, M|
|poke|p2|Incineroar, L50, F|
|poke|p2|Swampert, L50, M|
|poke|p2|Sinistcha, L50|
|poke|p2|Pelipper, L50, F|
|poke|p2|Sneasler, L50, M|
|poke|p2|Raichu, L50, F|
|teampreview|4
|showteam|p1|Pelipper||FocusSash|Drizzle|WideGuard,Tailwind,WeatherBall,Hurricane|Timid||F|||50|]Archaludon||Leftovers|Stamina|Protect,ElectroShot,DragonPulse,FlashCannon|Modest||M|||50|]Basculegion||LifeOrb|SwiftSwim|Protect,AquaJet,WaveCrash,LastRespects|Adamant||M|||50|]Metagross||Metagrossite|ClearBody|BodyPress,PsychicFangs,IronHead,IcePunch|Jolly|||||50|]Hydreigon||ChoiceScarf|Levitate|DracoMeteor,DarkPulse,EarthPower,RainDance|Timid||F|||50|]Meganium||Meganiumite|Overgrow|Protect,SolarBeam,WeatherBall,DazzlingGleam|Modest||M|||50|
|showteam|p2|Incineroar||SitrusBerry|Intimidate|FakeOut,CloseCombat,PartingShot,DarkestLariat|Impish||F|||50|]Swampert||Swampertite|Torrent|WaveCrash,Earthquake,IcePunch,KnockOff|Adamant||M|||50|]Sinistcha||KasibBerry|Hospitality|RagePowder,ShadowBall,MatchaGotcha,Scald|Bold|||||50|]Pelipper||FocusSash|Drizzle|Hurricane,Tailwind,WeatherBall,WideGuard|Timid||F|||50|]Sneasler||WhiteHerb|Unburden|CloseCombat,FakeOut,DireClaw,ThroatChop|Adamant||M|||50|]Raichu||RaichuniteY|LightningRod|ZapCannon,VoltSwitch,FocusBlast,Protect|Timid||F|||50|
|
|t:|1782343675
|teamsize|p1|4
|teamsize|p2|4
|start
|switch|p1a: Meganium|Meganium, L50, M|100/100
|switch|p1b: Archaludon|Archaludon, L50, M|100/100
|switch|p2a: Pelipper|Pelipper, L50, F|100/100
|switch|p2b: Sneasler|Sneasler, L50, M|100/100
|-weather|RainDance|[from] ability: Drizzle|[of] p2a: Pelipper
|turn|1
|
|t:|1782343715
|switch|p1b: Pelipper|Pelipper, L50, F|100/100
|detailschange|p1a: Meganium|Meganium-Mega, L50, M
|-mega|p1a: Meganium|Meganium|Meganiumite
|move|p2b: Sneasler|Dire Claw|p1a: Meganium
|-supereffective|p1a: Meganium|2
|-damage|p1a: Meganium|0 fnt
|faint|p1a: Meganium
|move|p2a: Pelipper|Tailwind|p2a: Pelipper
|-sidestart|p2: Veteran.Donn|move: Tailwind
|
|-weather|RainDance|[upkeep]
|upkeep
|
|t:|1782343733
|switch|p1a: Archaludon|Archaludon, L50, M|100/100
|turn|2
|
|t:|1782343748
|move|p1a: Archaludon|Protect|p1a: Archaludon
|-singleturn|p1a: Archaludon|Protect
|move|p2b: Sneasler|Close Combat|p1a: Archaludon
|-activate|p1a: Archaludon|move: Protect
|move|p2a: Pelipper|Hurricane|p1b: Pelipper
|-damage|p1b: Pelipper|16/100
|move|p1b: Pelipper|Hurricane|p2b: Sneasler
|-supereffective|p2b: Sneasler|1
|-damage|p2b: Sneasler|0 fnt
|faint|p2b: Sneasler
|
|-weather|RainDance|[upkeep]
|upkeep
|
|t:|1782343767
|switch|p2b: Swampert|Swampert, L50, M|100/100
|turn|3
|
|t:|1782343791
|detailschange|p2b: Swampert|Swampert-Mega, L50, M
|-mega|p2b: Swampert|Swampert|Swampertite
|move|p1b: Pelipper|Wide Guard|p1b: Pelipper
|-singleturn|p1b: Pelipper|Wide Guard
|move|p2b: Swampert|Knock Off|p1a: Archaludon
|-damage|p1a: Archaludon|70/100
|-ability|p1a: Archaludon|Stamina|boost
|-boost|p1a: Archaludon|def|1
|-enditem|p1a: Archaludon|Leftovers|[from] move: Knock Off|[of] p2b: Swampert
|move|p2a: Pelipper|Hurricane|p1b: Pelipper
|-damage|p1b: Pelipper|0 fnt
|faint|p1b: Pelipper
|move|p1a: Archaludon|Electro Shot||[still]
|-prepare|p1a: Archaludon|Electro Shot
|-boost|p1a: Archaludon|spa|1
|-anim|p1a: Archaludon|Electro Shot|p2a: Pelipper
|-supereffective|p2a: Pelipper|2
|-enditem|p2a: Pelipper|Focus Sash
|-damage|p2a: Pelipper|1/100
|
|-weather|RainDance|[upkeep]
|upkeep
|
|t:|1782343813
|switch|p1b: Hydreigon|Hydreigon, L50, F|100/100
|turn|4
|
|t:|1782343837
|move|p1a: Archaludon|Protect|p1a: Archaludon
|-singleturn|p1a: Archaludon|Protect
|move|p2b: Swampert|Earthquake|p1a: Archaludon|[spread] 
|-activate|p1a: Archaludon|move: Protect
|-immune|p2a: Pelipper
|-immune|p1b: Hydreigon|[from] ability: Levitate
|move|p2a: Pelipper|Hurricane|p1b: Hydreigon
|-damage|p1b: Hydreigon|41/100
|move|p1b: Hydreigon|Dark Pulse|p2a: Pelipper
|-damage|p2a: Pelipper|0 fnt
|faint|p2a: Pelipper
|
|-weather|RainDance|[upkeep]
|-sideend|p2: Veteran.Donn|move: Tailwind
|upkeep
|
|t:|1782343854
|switch|p2a: Sinistcha|Sinistcha, L50|100/100
|turn|5
|
|t:|1782343874
|move|p1a: Archaludon|Protect|p1a: Archaludon
|-singleturn|p1a: Archaludon|Protect
|move|p2a: Sinistcha|Rage Powder|p2a: Sinistcha
|-singleturn|p2a: Sinistcha|move: Rage Powder
|move|p1b: Hydreigon|Dark Pulse|p2a: Sinistcha
|-supereffective|p2a: Sinistcha|1
|-crit|p2a: Sinistcha
|-damage|p2a: Sinistcha|0 fnt
|faint|p2a: Sinistcha
|move|p2b: Swampert|Wave Crash|p1a: Archaludon
|-activate|p1a: Archaludon|move: Protect
|
|-weather|none
|upkeep
|turn|6
|
|t:|1782343890
|move|p1b: Hydreigon|Dark Pulse|p2b: Swampert
|-damage|p2b: Swampert|66/100
|move|p2b: Swampert|Ice Punch|p1b: Hydreigon
|-supereffective|p1b: Hydreigon|1
|-damage|p1b: Hydreigon|0 fnt
|faint|p1b: Hydreigon
|move|p1a: Archaludon|Dragon Pulse|p2b: Swampert
|-damage|p2b: Swampert|9/100
|
|upkeep
|turn|7
|
|t:|1782343905
|move|p2b: Swampert|Earthquake|p1a: Archaludon
|-supereffective|p1a: Archaludon|1
|-crit|p1a: Archaludon
|-damage|p1a: Archaludon|0 fnt
|faint|p1a: Archaludon
|
|win|Veteran.Donn
|inactive|davidxrt has 30 seconds to confirm battle start!
|inactive|Veteran.Donn has 30 seconds to confirm battle start!
|inactive|davidxrt has 20 seconds to confirm battle start!
|inactive|Veteran.Donn has 20 seconds to confirm battle start!
|inactive|davidxrt has 10 seconds to confirm battle start!
|inactive|Veteran.Donn has 10 seconds to confirm battle start!
||davidxrt is ready for game 2.
||davidxrt is ready for game 2.
||davidxrt is ready for game 2.
||davidxrt is ready for game 2.
||davidxrt is ready for game 2.
||davidxrt is ready for game 2.
||davidxrt is ready for game 2.
