|j|☆soulmoonvgc
|j|☆joossee
|html|soulmoonvgcjoossee    
|uhtml|bestof|Game 1 of a best-of-3
|t:|1782758039
|gametype|doubles
|player|p1|soulmoonvgc|marshal|1119
|player|p2|joossee|volkner|1100
|gen|9
|tier|[Gen 9 Champions] VGC 2026 Reg M-B (Bo3)
|rated|
|rule|Species Clause: Limit one of each Pokémon
|rule|Item Clause: Limit 1 of each item
|clearpoke
|poke|p1|Aerodactyl, L50, F|
|poke|p1|Scovillain, L50, F|
|poke|p1|Gholdengo, L50|
|poke|p1|Sneasler, L50, M|
|poke|p1|Basculegion, L50, M|
|poke|p1|Garchomp, L50, F|
|poke|p2|Floette-Eternal, L50, F|
|poke|p2|Whimsicott, L50, M|
|poke|p2|Basculegion, L50, M|
|poke|p2|Charizard, L50, M|
|poke|p2|Kingambit, L50, F|
|poke|p2|Garchomp, L50, F|
|teampreview|4
|showteam|p1|Aerodactyl||Aerodactylite|Unnerve|DualWingbeat,Tailwind,RockSlide,Protect|Jolly||F|||50|]Scovillain||Scovillainite|Chlorophyll|Overheat,LeechSeed,RagePowder,Protect|Calm||F|||50|]Gholdengo||LifeOrb|GoodasGold|MakeItRain,ShadowBall,NastyPlot,Protect|Modest|||||50|]Sneasler||FocusSash|Unburden|CloseCombat,DireClaw,FakeOut,QuickGuard|Jolly||M|||50|]Basculegion||ChoiceScarf|Adaptability|WaveCrash,FlipTurn,LastRespects,AquaJet|Jolly||M|||50|]Garchomp||ExpertBelt|RoughSkin|Earthquake,DragonClaw,RockSlide,Protect|Jolly||F|||50|
|showteam|p2|Floette-Eternal||Floettite|FlowerVeil|DazzlingGleam,Moonblast,LightofRuin,Protect|Timid||F|||50|]Whimsicott||FocusSash|Prankster|Moonblast,Encore,Tailwind,Protect|Timid||M|||50|]Basculegion||MysticWater|Adaptability|WaveCrash,AquaJet,LastRespects,Protect|Adamant||M|||50|]Charizard||CharizarditeY|Blaze|HeatWave,WeatherBall,SolarBeam,Protect|Modest||M|||50|]Kingambit||OccaBerry|Defiant|KowtowCleave,SuckerPunch,IronHead,Protect|Adamant||F|||50|]Garchomp||RoseliBerry|RoughSkin|Earthquake,DragonClaw,RockSlide,PoisonJab|Jolly||F|||50|
|inactive|Battle timer is ON: inactive players will automatically lose when time's up. (requested by soulmoonvgc)
|inactive|soulmoonvgc has 60 seconds left.
|inactive|joossee has 60 seconds left.
|
|t:|1782758084
|teamsize|p1|4
|teamsize|p2|4
|start
|switch|p1a: Aerodactyl|Aerodactyl, L50, F|100/100
|switch|p1b: Gholdengo|Gholdengo, L50|100/100
|switch|p2a: Whimsicott|Whimsicott, L50, M|100/100
|switch|p2b: Basculegion|Basculegion, L50, M|100/100
|-ability|p1a: Aerodactyl|Unnerve
|turn|1
|inactive|joossee has 30 seconds left.
|
|t:|1782758112
|switch|p1a: Basculegion|Basculegion, L50, M|100/100
|move|p2a: Whimsicott|Tailwind|p2a: Whimsicott
|-sidestart|p2: joossee|move: Tailwind
|move|p2b: Basculegion|Wave Crash|p1a: Basculegion
|-resisted|p1a: Basculegion|1
|-damage|p1a: Basculegion|49/100
|-damage|p2b: Basculegion|83/100|[from] Recoil
|move|p1b: Gholdengo|Shadow Ball|p2b: Basculegion
|-supereffective|p2b: Basculegion|1
|-damage|p2b: Basculegion|0 fnt
|faint|p2b: Basculegion
|-damage|p1b: Gholdengo|90/100|[from] item: Life Orb
|
|upkeep
|
|t:|1782758128
|switch|p2b: Kingambit|Kingambit, L50, F|100/100
|turn|2
|
|t:|1782758139
|move|p2a: Whimsicott|Encore|p1b: Gholdengo
|-immune|p1b: Gholdengo|[from] ability: Good as Gold
|move|p1a: Basculegion|Flip Turn|p2a: Whimsicott
|-resisted|p2a: Whimsicott|1
|-damage|p2a: Whimsicott|68/100
|
|t:|1782758147
|switch|p1a: Aerodactyl|Aerodactyl, L50, F|100/100|[from] Flip Turn
|-ability|p1a: Aerodactyl|Unnerve
|move|p2b: Kingambit|Kowtow Cleave|p1b: Gholdengo
|-supereffective|p1b: Gholdengo|1
|-damage|p1b: Gholdengo|15/100
|move|p1b: Gholdengo|Make It Rain|p2a: Whimsicott|[spread] p2a,p2b
|-supereffective|p2a: Whimsicott|1
|-resisted|p2b: Kingambit|1
|-damage|p2a: Whimsicott|0 fnt
|-damage|p2b: Kingambit|60/100
|-unboost|p1b: Gholdengo|spa|2
|faint|p2a: Whimsicott
|-damage|p1b: Gholdengo|5/100|[from] item: Life Orb
|
|upkeep
|
|t:|1782758164
|switch|p2a: Garchomp|Garchomp, L50, F|100/100
|turn|3
|
|t:|1782758178
|detailschange|p1a: Aerodactyl|Aerodactyl-Mega, L50, F
|-mega|p1a: Aerodactyl|Aerodactyl|Aerodactylite
|move|p1a: Aerodactyl|Protect|p1a: Aerodactyl
|-singleturn|p1a: Aerodactyl|Protect
|move|p2a: Garchomp|Rock Slide|p1b: Gholdengo|[spread] p1b
|-activate|p1a: Aerodactyl|move: Protect
|-resisted|p1b: Gholdengo|1
|-damage|p1b: Gholdengo|0 fnt
|faint|p1b: Gholdengo
|move|p2b: Kingambit|Iron Head|p1a: Aerodactyl
|-activate|p1a: Aerodactyl|move: Protect
|
|upkeep
|
|t:|1782758184
|switch|p1b: Sneasler|Sneasler, L50, M|100/100
|turn|4
|
|t:|1782758196
|move|p1b: Sneasler|Fake Out|p2a: Garchomp
|-damage|p2a: Garchomp|86/100
|-damage|p1b: Sneasler|87/100|[from] ability: Rough Skin|[of] p2a: Garchomp
|cant|p2a: Garchomp|flinch
|move|p1a: Aerodactyl|Tailwind|p1a: Aerodactyl
|-sidestart|p1: soulmoonvgc|move: Tailwind
|move|p2b: Kingambit|Iron Head|p1a: Aerodactyl
|-supereffective|p1a: Aerodactyl|1
|-damage|p1a: Aerodactyl|7/100
|
|-sideend|p2: joossee|move: Tailwind
|upkeep
|turn|5
|
|t:|1782758212
|move|p2b: Kingambit|Sucker Punch|p1a: Aerodactyl
|-damage|p1a: Aerodactyl|0 fnt
|faint|p1a: Aerodactyl
|move|p1b: Sneasler|Close Combat|p2a: Garchomp
|-damage|p2a: Garchomp|19/100
|-unboost|p1b: Sneasler|def|1
|-unboost|p1b: Sneasler|spd|1
|-damage|p1b: Sneasler|75/100|[from] ability: Rough Skin|[of] p2a: Garchomp
|move|p2a: Garchomp|Earthquake|p1b: Sneasler|[spread] p2b,p1b
|-supereffective|p2b: Kingambit|1
|-supereffective|p1b: Sneasler|1
|-damage|p2b: Kingambit|0 fnt
|-damage|p1b: Sneasler|0 fnt
|faint|p2b: Kingambit
|faint|p1b: Sneasler
|
|upkeep
|
|t:|1782758215
|switch|p1b: Basculegion|Basculegion, L50, M|49/100
|turn|6
|inactive|joossee has 30 seconds left.
|
|t:|1782758248
|move|p1b: Basculegion|Last Respects|p2a: Garchomp
|-damage|p2a: Garchomp|0 fnt
|faint|p2a: Garchomp
|
|win|soulmoonvgc
