|j|☆DrCram
|j|☆Supamariov
|html|DrCramSupamariov    
|uhtml|bestof|Game 3 of a best-of-3
|t:|1756866693
|gametype|doubles
|player|p1|DrCram|zinnia-masters|
|player|p2|Supamariov|miku-ground|
|gen|9
|tier|[Gen 9] VGC 2025 Reg H (Bo3)
|rule|Species Clause: Limit one of each Pokémon
|rule|Item Clause: Limit 1 of each item
|clearpoke
|poke|p1|Cramorant, L50, F|
|poke|p1|Tatsugiri, L50, M|
|poke|p1|Arbok, L50, F|
|poke|p1|Clefairy, L50, F|
|poke|p1|Gholdengo, L50|
|poke|p1|Sandaconda, L50, F|
|poke|p2|Torkoal, L50, M|
|poke|p2|Lilligant-Hisui, L50, F|
|poke|p2|Indeedee-F, L50, F|
|poke|p2|Armarouge, L50, F|
|poke|p2|Ursaluna, L50, F|
|poke|p2|Hatterene, L50, F|
|teampreview|4
|showteam|p1|Cramorant||SitrusBerry|GulpMissile|Surf,Blizzard,Roost,Hurricane|||F|||50|,,,,,Ground]Tatsugiri||ChoiceScarf|StormDrain|MuddyWater,DracoMeteor,TeraBlast,IcyWind|||M|||50|,,,,,Ground]Arbok||BlackSludge|Intimidate|PoisonJab,Toxic,Protect,KnockOff|||F|||50|,,,,,Dark]Clefairy||Eviolite|FriendGuard|FollowMe,LifeDew,FakeTears,HelpingHand|||F|||50|,,,,,Steel]Gholdengo||ChoiceSpecs|GoodasGold|MakeItRain,ShadowBall,DazzlingGleam,Thunderbolt||||||50|,,,,,Water]Sandaconda||Leftovers|ShedSkin|Rest,Earthquake,RockSlide,Glare|||F|||50|,,,,,Water
|showteam|p2|Torkoal||Charcoal|Drought|HeatWave,Eruption,HelpingHand,Protect|||M|||50|,,,,,Water]Lilligant-Hisui||FocusSash|Chlorophyll|SleepPowder,VictoryDance,CloseCombat,AfterYou|||F|||50|,,,,,Ghost]Indeedee-F||SafetyGoggles|PsychicSurge|Protect,FollowMe,Psychic,TrickRoom|||F|||50|,,,,,Dark]Armarouge||LifeOrb|WeakArmor|ExpandingForce,HeatWave,FocusBlast,WideGuard|||F|||50|,,,,,Grass]Ursaluna||FlameOrb|Guts|HeadlongRush,Protect,Earthquake,Facade|||F|||50|,,,,,Normal]Hatterene||CovertCloak|MagicBounce|ExpandingForce,Nuzzle,TrickRoom,MysticalFire|||F|||50|,,,,,Ghost
|
|t:|1756866710
|teamsize|p1|4
|teamsize|p2|4
|start
|switch|p1a: Cramorant|Cramorant, L50, F|100/100
|switch|p1b: Tatsugiri|Tatsugiri, L50, M|100/100
|switch|p2a: Freaky torkal|Torkoal, L50, M|100/100
|switch|p2b: Lilligant|Lilligant-Hisui, L50, F|100/100
|-weather|SunnyDay|[from] ability: Drought|[of] p2a: Freaky torkal
|turn|1
|
|t:|1756866726
|switch|p2b: Indeedee|Indeedee-F, L50, F|100/100
|-fieldstart|move: Psychic Terrain|[from] ability: Psychic Surge|[of] p2b: Indeedee
|switch|p1b: Gholdengo|Gholdengo, L50|100/100
|move|p2a: Freaky torkal|Protect|p2a: Freaky torkal
|-singleturn|p2a: Freaky torkal|Protect
|move|p1a: Cramorant|Surf|p2b: Indeedee|[spread] p1b,p2b
|-activate|p2a: Freaky torkal|move: Protect
|-formechange|p1a: Cramorant|Cramorant-Gulping|
|-damage|p1b: Gholdengo|87/100
|-damage|p2b: Indeedee|90/100
|
|-weather|SunnyDay|[upkeep]
|upkeep
|turn|2
|
|t:|1756866753
|switch|p1b: Tatsugiri|Tatsugiri, L50, M|100/100
|-terastallize|p2a: Freaky torkal|Water
|move|p1a: Cramorant|Surf|p2a: Freaky torkal|[spread] p2a,p2b
|-ability|p1b: Tatsugiri|Storm Drain|boost
|-boost|p1b: Tatsugiri|spa|1
|-resisted|p2a: Freaky torkal
|-damage|p2a: Freaky torkal|90/100
|-damage|p2b: Indeedee|81/100
|move|p2a: Freaky torkal|Eruption|p1a: Cramorant|[spread] p1a,p1b
|-resisted|p1a: Cramorant
|-resisted|p1b: Tatsugiri
|-damage|p1a: Cramorant|54/100
|-damage|p1b: Tatsugiri|77/100
|-damage|p2a: Freaky torkal|65/100|[from] ability: Gulp Missile|[of] p1a: Cramorant
|-unboost|p2a: Freaky torkal|def|1
|-formechange|p1a: Cramorant|Cramorant|
|move|p2b: Indeedee|Trick Room|p2b: Indeedee
|-fieldstart|move: Trick Room|[of] p2b: Indeedee
|
|-weather|SunnyDay|[upkeep]
|upkeep
|turn|3
|
|t:|1756866782
|move|p2a: Freaky torkal|Heat Wave|p1a: Cramorant|[spread] p1a,p1b
|-resisted|p1a: Cramorant
|-resisted|p1b: Tatsugiri
|-damage|p1a: Cramorant|20/100
|-damage|p1b: Tatsugiri|59/100
|-enditem|p1a: Cramorant|Sitrus Berry|[eat]
|-heal|p1a: Cramorant|45/100|[from] item: Sitrus Berry
|move|p2b: Indeedee|Psychic|p1b: Tatsugiri
|-damage|p1b: Tatsugiri|8/100
|move|p1a: Cramorant|Roost|p1a: Cramorant
|-heal|p1a: Cramorant|96/100
|-singleturn|p1a: Cramorant|move: Roost
|move|p1b: Tatsugiri|Muddy Water|p2a: Freaky torkal|[spread] p2a,p2b
|-resisted|p2a: Freaky torkal
|-damage|p2a: Freaky torkal|45/100
|-damage|p2b: Indeedee|62/100
|
|-weather|SunnyDay|[upkeep]
|upkeep
|turn|4
|
|t:|1756866797
|move|p2a: Freaky torkal|Heat Wave|p1a: Cramorant|[spread] p1a,p1b
|-resisted|p1a: Cramorant
|-resisted|p1b: Tatsugiri
|-damage|p1a: Cramorant|60/100
|-damage|p1b: Tatsugiri|0 fnt
|faint|p1b: Tatsugiri
|move|p2b: Indeedee|Psychic|p1a: Cramorant
|-damage|p1a: Cramorant|8/100
|move|p1a: Cramorant|Surf|p2a: Freaky torkal|[spread] p2a,p2b
|-formechange|p1a: Cramorant|Cramorant-Gorging|
|-resisted|p2a: Freaky torkal
|-damage|p2a: Freaky torkal|35/100
|-damage|p2b: Indeedee|54/100
|
|-weather|SunnyDay|[upkeep]
|upkeep
|
|t:|1756866810
|switch|p1b: Clefairy|Clefairy, L50, F|100/100
|turn|5
|
|t:|1756866822
|move|p2a: Freaky torkal|Protect|p2a: Freaky torkal
|-singleturn|p2a: Freaky torkal|Protect
|move|p1b: Clefairy|Life Dew||[still]|[spread] p1a,p1b
|-heal|p1a: Cramorant|33/100
|-fail|p1b: Clefairy|heal
|move|p2b: Indeedee|Psychic|p1a: Cramorant
|-damage|p1a: Cramorant|0 fnt
|-damage|p2b: Indeedee|29/100|[from] ability: Gulp Missile|[of] p1a: Cramorant
|-status|p2b: Indeedee|par
|-formechange|p1a: Cramorant|Cramorant|
|faint|p1a: Cramorant
|
|-weather|none
|-fieldend|move: Psychic Terrain
|upkeep
|
|t:|1756866832
|switch|p1a: Gholdengo|Gholdengo, L50|87/100
|turn|6
|
|t:|1756866844
|switch|p2b: Lilligant|Lilligant-Hisui, L50, F|100/100
|-terastallize|p1a: Gholdengo|Water
|move|p1b: Clefairy|Follow Me|p1b: Clefairy
|-singleturn|p1b: Clefairy|move: Follow Me
|move|p2a: Freaky torkal|Heat Wave|p1b: Clefairy|[spread] p1a,p1b
|-resisted|p1a: Gholdengo
|-damage|p1a: Gholdengo|70/100
|-damage|p1b: Clefairy|78/100
|move|p1a: Gholdengo|Make It Rain|p2a: Freaky torkal|[spread] p2a,p2b
|-resisted|p2a: Freaky torkal
|-damage|p2a: Freaky torkal|0 fnt
|-enditem|p2b: Lilligant|Focus Sash
|-damage|p2b: Lilligant|1/100
|-unboost|p1a: Gholdengo|spa|1
|faint|p2a: Freaky torkal
|
|-fieldend|move: Trick Room
|upkeep
|
|t:|1756866856
|switch|p2a: Armarouge|Armarouge, L50, F|100/100
|turn|7
|
|t:|1756866863
|move|p2b: Lilligant|Sleep Powder|p1a: Gholdengo
|-immune|p1a: Gholdengo|[from] ability: Good as Gold
|move|p1a: Gholdengo|Make It Rain|p2a: Armarouge|[spread] p2a,p2b
|-resisted|p2a: Armarouge
|-damage|p2a: Armarouge|71/100
|-damage|p2b: Lilligant|0 fnt
|-unboost|p1a: Gholdengo|spa|1
|faint|p2b: Lilligant
|move|p2a: Armarouge|Expanding Force|p1a: Gholdengo
|-damage|p1a: Gholdengo|27/100
|-damage|p2a: Armarouge|61/100|[from] item: Life Orb
|move|p1b: Clefairy|Fake Tears|p2a: Armarouge
|-unboost|p2a: Armarouge|spd|2
|
|upkeep
|
|t:|1756866866
|switch|p2b: Indeedee|Indeedee-F, L50, F|29/100 par
|-fieldstart|move: Psychic Terrain|[from] ability: Psychic Surge|[of] p2b: Indeedee
|turn|8
|
|t:|1756866880
|move|p2b: Indeedee|Follow Me|p2b: Indeedee
|-singleturn|p2b: Indeedee|move: Follow Me
|move|p1a: Gholdengo|Make It Rain|p2a: Armarouge|[spread] p2a,p2b
|-resisted|p2a: Armarouge
|-damage|p2a: Armarouge|10/100
|-damage|p2b: Indeedee|3/100 par
|-unboost|p1a: Gholdengo|spa|1
|move|p2a: Armarouge|Expanding Force|p1b: Clefairy|[spread] p1a,p1b
|-damage|p1a: Gholdengo|0 fnt
|-damage|p1b: Clefairy|25/100
|faint|p1a: Gholdengo
|-damage|p2a: Armarouge|0 fnt|[from] item: Life Orb
|faint|p2a: Armarouge
|move|p1b: Clefairy|Fake Tears|p2b: Indeedee
|-unboost|p2b: Indeedee|spd|2
|
|upkeep
|turn|9
|
|t:|1756866903
|move|p1b: Clefairy|Life Dew|p1b: Clefairy
|-heal|p1b: Clefairy|50/100
|cant|p2b: Indeedee|par
|
|upkeep
|turn|10
|
|t:|1756866917
|move|p1b: Clefairy|Life Dew|p1b: Clefairy
|-heal|p1b: Clefairy|75/100
|move|p2b: Indeedee|Psychic|p1b: Clefairy
|-damage|p1b: Clefairy|51/100
|
|upkeep
|turn|11
|
|t:|1756866923
|move|p1b: Clefairy|Life Dew|p1b: Clefairy
|-heal|p1b: Clefairy|76/100
|move|p2b: Indeedee|Trick Room|p2b: Indeedee
|-fieldstart|move: Trick Room|[of] p2b: Indeedee
|
|upkeep
|turn|12
|
|t:|1756866938
|move|p2b: Indeedee|Psychic|p1b: Clefairy
|-damage|p1b: Clefairy|49/100
|-unboost|p1b: Clefairy|spd|1
|move|p1b: Clefairy|Life Dew|p1b: Clefairy
|-heal|p1b: Clefairy|73/100
|
|-fieldend|move: Psychic Terrain
|upkeep
|turn|13
|
|t:|1756866954
|move|p2b: Indeedee|Protect|p2b: Indeedee
|-singleturn|p2b: Indeedee|Protect
|move|p1b: Clefairy|Life Dew|p1b: Clefairy
|-heal|p1b: Clefairy|98/100
|
|upkeep
|turn|14
|
|t:|1756866959
|move|p2b: Indeedee|Psychic|p1b: Clefairy
|-damage|p1b: Clefairy|71/100
|move|p1b: Clefairy|Fake Tears|p2b: Indeedee
|-unboost|p2b: Indeedee|spd|2
|
|upkeep
|turn|15
|
|t:|1756866970
|move|p1b: Clefairy|Fake Tears|p2b: Indeedee
|-unboost|p2b: Indeedee|spd|2
|move|p2b: Indeedee|Trick Room|p2b: Indeedee
|-fieldend|move: Trick Room
|
|upkeep
|turn|16
|
|t:|1756866983
|move|p1b: Clefairy|Fake Tears|p2b: Indeedee
|-unboost|p2b: Indeedee|spd|0
|move|p2b: Indeedee|Trick Room|p2b: Indeedee
|-fieldstart|move: Trick Room|[of] p2b: Indeedee
|
|upkeep
|turn|17
|
|t:|1756866989
|cant|p2b: Indeedee|par
|move|p1b: Clefairy|Fake Tears|p2b: Indeedee
|-unboost|p2b: Indeedee|spd|0
|
|upkeep
|turn|18
|
|t:|1756866996
|cant|p2b: Indeedee|par
|move|p1b: Clefairy|Fake Tears|p2b: Indeedee
|-unboost|p2b: Indeedee|spd|0
|
|upkeep
|turn|19
|
|t:|1756867002
|move|p2b: Indeedee|Psychic|p1b: Clefairy
|-damage|p1b: Clefairy|43/100
|move|p1b: Clefairy|Fake Tears|p2b: Indeedee
|-unboost|p2b: Indeedee|spd|0
|
|upkeep
|turn|20
|
|t:|1756867005
|move|p2b: Indeedee|Psychic|p1b: Clefairy
|-damage|p1b: Clefairy|14/100
|move|p1b: Clefairy|Life Dew|p1b: Clefairy
|-heal|p1b: Clefairy|39/100
|
|-fieldend|move: Trick Room
|upkeep
|turn|21
|
|t:|1756867009
|move|p1b: Clefairy|Life Dew|p1b: Clefairy
|-heal|p1b: Clefairy|64/100
|move|p2b: Indeedee|Psychic|p1b: Clefairy
|-damage|p1b: Clefairy|33/100
|
|upkeep
|turn|22
|
|t:|1756867016
|move|p1b: Clefairy|Life Dew|p1b: Clefairy
|-heal|p1b: Clefairy|58/100
|move|p2b: Indeedee|Psychic|p1b: Clefairy
|-damage|p1b: Clefairy|30/100
|
|upkeep
|turn|23
|
|t:|1756867023
|move|p1b: Clefairy|Life Dew|p1b: Clefairy
|-heal|p1b: Clefairy|55/100
|move|p2b: Indeedee|Trick Room|p2b: Indeedee
|-fieldstart|move: Trick Room|[of] p2b: Indeedee
|
|upkeep
|turn|24
|
|t:|1756867032
|move|p2b: Indeedee|Psychic|p1b: Clefairy
|-damage|p1b: Clefairy|26/100
|move|p1b: Clefairy|Life Dew|p1b: Clefairy
|-heal|p1b: Clefairy|51/100
|
|upkeep
|turn|25
|
|t:|1756867037
|move|p2b: Indeedee|Psychic|p1b: Clefairy
|-damage|p1b: Clefairy|21/100
|move|p1b: Clefairy|Life Dew|p1b: Clefairy
|-heal|p1b: Clefairy|46/100
|
|upkeep
|turn|26
|
|t:|1756867045
|cant|p2b: Indeedee|par
|move|p1b: Clefairy|Life Dew|p1b: Clefairy
|-heal|p1b: Clefairy|71/100
|
|upkeep
|turn|27
|
|t:|1756867050
|move|p2b: Indeedee|Psychic|p1b: Clefairy
|-damage|p1b: Clefairy|42/100
|move|p1b: Clefairy|Fake Tears|p2b: Indeedee
|-unboost|p2b: Indeedee|spd|0
|
|-fieldend|move: Trick Room
|upkeep
|turn|28
|
|t:|1756867057
|move|p1b: Clefairy|Life Dew|p1b: Clefairy
|-heal|p1b: Clefairy|67/100
|cant|p2b: Indeedee|par
|
|upkeep
|turn|29
|
|t:|1756867065
|move|p1b: Clefairy|Life Dew|p1b: Clefairy
|-heal|p1b: Clefairy|91/100
|move|p2b: Indeedee|Trick Room|p2b: Indeedee
|-fieldstart|move: Trick Room|[of] p2b: Indeedee
|
|upkeep
|turn|30
|
|t:|1756867070
|cant|p2b: Indeedee|par
|move|p1b: Clefairy|Fake Tears|p2b: Indeedee
|-unboost|p2b: Indeedee|spd|0
|
|upkeep
|turn|31
|
|t:|1756867073
|move|p2b: Indeedee|Psychic|p1b: Clefairy
|-damage|p1b: Clefairy|64/100
|-unboost|p1b: Clefairy|spd|1
|move|p1b: Clefairy|Fake Tears|p2b: Indeedee
|-unboost|p2b: Indeedee|spd|0
|
|upkeep
|turn|32
|
|t:|1756867079
|move|p2b: Indeedee|Psychic|p1b: Clefairy
|-damage|p1b: Clefairy|26/100
|move|p1b: Clefairy|Life Dew|p1b: Clefairy
|-heal|p1b: Clefairy|51/100
|
|upkeep
|turn|33
|
|t:|1756867085
|cant|p2b: Indeedee|par
|move|p1b: Clefairy|Fake Tears|p2b: Indeedee
|-unboost|p2b: Indeedee|spd|0
|
|-fieldend|move: Trick Room
|upkeep
|turn|34
|
|t:|1756867088
|move|p1b: Clefairy|Fake Tears|p2b: Indeedee
|-unboost|p2b: Indeedee|spd|0
|move|p2b: Indeedee|Psychic|p1b: Clefairy
|-damage|p1b: Clefairy|12/100
|
|upkeep
|turn|35
|-message|Supamariov forfeited.
|
|win|DrCram
