|j|☆PsychedelicDawgII
|j|☆kolten
|html|PsychedelicDawgIIkolten    
|uhtml|bestof|Game 2 of a best-of-3
|t:|1784423351
|gametype|doubles
|player|p1|PsychedelicDawgII|clerk|
|player|p2|kolten|170|
|gen|9
|tier|[Gen 9 Champions] VGC 2026 Reg M-B (Bo3)
|rule|Species Clause: Limit one of each Pokémon
|rule|Item Clause: Limit 1 of each item
|clearpoke
|poke|p1|Volcarona, L50, M|
|poke|p1|Grimmsnarl, L50, M|
|poke|p1|Tyranitar, L50, F|
|poke|p1|Primarina, L50, F|
|poke|p1|Skarmory, L50, M|
|poke|p1|Dragapult, L50, M|
|poke|p2|Conkeldurr, L50, M|
|poke|p2|Samurott-Hisui, L50, F|
|poke|p2|Scolipede, L50, M, shiny|
|poke|p2|Dragonite, L50, F, shiny|
|poke|p2|Torkoal, L50, F, shiny|
|poke|p2|Farigiraf, L50, F|
|teampreview|4
|showteam|p1|Volcarona||SitrusBerry|FlameBody|Protect,QuiverDance,HeatWave,BugBuzz|Modest||M|||50|]Grimmsnarl||LightClay|Prankster|FakeOut,Reflect,PartingShot,SpiritBreak|Adamant||M|||50|]Tyranitar||Tyranitarite|SandStream|Protect,RockSlide,KnockOff,Earthquake|Brave||F|||50|]Primarina||Leftovers|LiquidVoice|DrainingKiss,Moonblast,HyperVoice,IceBeam|Modest||F|||50|]Skarmory||Skarmorite|Sturdy|BraveBird,SwordsDance,IronHead,Taunt|Adamant||M|||50|]Dragapult||FocusSash|Infiltrator|Protect,ShadowBall,DracoMeteor,Flamethrower|Modest||M|||50|
|showteam|p2|Conkeldurr||LifeOrb|IronFist|MachPunch,ThunderPunch,IcePunch,Protect|Adamant||M|||50|]Samurott-Hisui||MuscleBand|Sharpness|SacredSword,AquaCutter,CeaselessEdge,Protect|Jolly||F|||50|]Scolipede||Scolipite|SpeedBoost|IronDefense,LeechLife,Protect,SwordsDance|Careful||M|||50|]Dragonite||DragonFang|Multiscale|DragonPulse,AirSlash,Protect,DracoMeteor|Modest||F|||50|]Torkoal||SitrusBerry|Drought|IronDefense,HeatWave,SolarBeam,Protect|Sassy||F|||50|]Farigiraf||Leftovers|ArmorTail|TrickRoom,Protect,HyperVoice,CalmMind|Bold||F|||50|
|j| NewTrainaOnDaBlock
|
|t:|1784423426
|teamsize|p1|4
|teamsize|p2|4
|start
|switch|p1a: Martin|Skarmory, L50, M|100/100
|switch|p1b: Bari Weiss|Primarina, L50, F|100/100
|switch|p2a: Farigiraf|Farigiraf, L50, F|100/100
|switch|p2b: Torkoal|Torkoal, L50, F, shiny|100/100
|-weather|SunnyDay|[from] ability: Drought|[of] p2b: Torkoal
|turn|1
|
|t:|1784423460
|detailschange|p1a: Martin|Skarmory-Mega, L50, M
|-mega|p1a: Martin|Skarmory|Skarmorite
|move|p1a: Martin|Brave Bird|p2b: Torkoal
|-damage|p2b: Torkoal|40/100
|-enditem|p2b: Torkoal|Sitrus Berry|[eat]
|-heal|p2b: Torkoal|65/100|[from] item: Sitrus Berry
|-damage|p1a: Martin|79/100|[from] Recoil
|move|p1b: Bari Weiss|Hyper Voice|p2a: Farigiraf|[spread] p2a,p2b
|-supereffective|p2b: Torkoal|1
|-damage|p2a: Farigiraf|79/100
|-damage|p2b: Torkoal|33/100
|move|p2b: Torkoal|Iron Defense|p2b: Torkoal
|-boost|p2b: Torkoal|def|2
|move|p2a: Farigiraf|Trick Room|p2a: Farigiraf
|-fieldstart|move: Trick Room|[of] p2a: Farigiraf
|
|-weather|SunnyDay|[upkeep]
|-heal|p2a: Farigiraf|85/100|[from] item: Leftovers
|upkeep
|turn|2
|
|t:|1784423489
|switch|p1a: Corona|Volcarona, L50, M|100/100
|move|p2b: Torkoal|Heat Wave|p1a: Corona|[spread] p1a,p1b
|-resisted|p1b: Bari Weiss|1
|-crit|p1b: Bari Weiss
|-damage|p1a: Corona|71/100
|-damage|p1b: Bari Weiss|81/100
|move|p1b: Bari Weiss|Hyper Voice|p2b: Torkoal|[spread] p2a,p2b
|-supereffective|p2b: Torkoal|1
|-damage|p2a: Farigiraf|65/100
|-damage|p2b: Torkoal|0 fnt
|faint|p2b: Torkoal
|move|p2a: Farigiraf|Calm Mind|p2a: Farigiraf
|-boost|p2a: Farigiraf|spa|1
|-boost|p2a: Farigiraf|spd|1
|
|-weather|SunnyDay|[upkeep]
|-heal|p1b: Bari Weiss|87/100|[from] item: Leftovers
|-heal|p2a: Farigiraf|71/100|[from] item: Leftovers
|upkeep
|
|t:|1784423510
|switch|p2b: Dragonite|Dragonite, L50, F, shiny|100/100
|turn|3
|
|t:|1784423524
|switch|p1a: Martin|Skarmory-Mega, L50, M|79/100
|move|p1b: Bari Weiss|Draining Kiss|p2b: Dragonite
|-supereffective|p2b: Dragonite|1
|-damage|p2b: Dragonite|76/100
|-heal|p1b: Bari Weiss|100/100|[from] drain|[of] p2b: Dragonite
|move|p2a: Farigiraf|Hyper Voice|p1a: Martin|[spread] p1a,p1b
|-resisted|p1a: Martin|1
|-damage|p1a: Martin|60/100
|-damage|p1b: Bari Weiss|66/100
|move|p2b: Dragonite|Air Slash|p1b: Bari Weiss
|-damage|p1b: Bari Weiss|37/100
|
|-weather|SunnyDay|[upkeep]
|-heal|p1b: Bari Weiss|43/100|[from] item: Leftovers
|-heal|p2a: Farigiraf|77/100|[from] item: Leftovers
|upkeep
|turn|4
|
|t:|1784423554
|move|p2b: Dragonite|Protect|p2b: Dragonite
|-singleturn|p2b: Dragonite|Protect
|move|p2a: Farigiraf|Hyper Voice|p1b: Bari Weiss|[spread] p1a,p1b
|-resisted|p1a: Martin|1
|-damage|p1a: Martin|41/100
|-damage|p1b: Bari Weiss|13/100
|move|p1b: Bari Weiss|Draining Kiss|p2b: Dragonite
|-activate|p2b: Dragonite|move: Protect
|move|p1a: Martin|Brave Bird|p2a: Farigiraf
|-damage|p2a: Farigiraf|25/100
|-damage|p1a: Martin|17/100|[from] Recoil
|
|-weather|SunnyDay|[upkeep]
|-heal|p2a: Farigiraf|31/100|[from] item: Leftovers
|-heal|p1b: Bari Weiss|19/100|[from] item: Leftovers
|upkeep
|turn|5
|
|t:|1784423588
|move|p2b: Dragonite|Protect|p2b: Dragonite
|-singleturn|p2b: Dragonite|Protect
|move|p1b: Bari Weiss|Draining Kiss|p2b: Dragonite
|-activate|p2b: Dragonite|move: Protect
|move|p2a: Farigiraf|Hyper Voice|p1b: Bari Weiss|[spread] p1a,p1b
|-resisted|p1a: Martin|1
|-damage|p1a: Martin|0 fnt
|-damage|p1b: Bari Weiss|0 fnt
|faint|p1a: Martin
|faint|p1b: Bari Weiss
|
|-weather|none
|-heal|p2a: Farigiraf|37/100|[from] item: Leftovers
|-fieldend|move: Trick Room
|upkeep
|
|t:|1784423599
|switch|p1a: Lockheed|Dragapult, L50, M|100/100
|switch|p1b: Corona|Volcarona, L50, M|71/100
|turn|6
|
|t:|1784423612
|switch|p2b: Conkeldurr|Conkeldurr, L50, M|100/100
|move|p1a: Lockheed|Draco Meteor|p2b: Conkeldurr
|-damage|p2b: Conkeldurr|24/100
|-unboost|p1a: Lockheed|spa|2
|move|p1b: Corona|Quiver Dance|p1b: Corona
|-boost|p1b: Corona|spa|1
|-boost|p1b: Corona|spd|1
|-boost|p1b: Corona|spe|1
|move|p2a: Farigiraf|Trick Room|p2a: Farigiraf
|-fieldstart|move: Trick Room|[of] p2a: Farigiraf
|
|-heal|p2a: Farigiraf|43/100|[from] item: Leftovers
|upkeep
|turn|7
|
|t:|1784423651
|move|p2b: Conkeldurr|Ice Punch|p1a: Lockheed
|-supereffective|p1a: Lockheed|1
|-enditem|p1a: Lockheed|Focus Sash
|-damage|p1a: Lockheed|1/100
|-damage|p2b: Conkeldurr|14/100|[from] item: Life Orb
|move|p2a: Farigiraf|Hyper Voice|p1b: Corona|[spread] p1b
|-immune|p1a: Lockheed
|-damage|p1b: Corona|47/100
|-enditem|p1b: Corona|Sitrus Berry|[eat]
|-heal|p1b: Corona|72/100|[from] item: Sitrus Berry
|move|p1b: Corona|Heat Wave|p2a: Farigiraf|[spread] p2a,p2b
|-damage|p2a: Farigiraf|5/100
|-damage|p2b: Conkeldurr|0 fnt
|-status|p2a: Farigiraf|brn
|faint|p2b: Conkeldurr
|move|p1a: Lockheed|Draco Meteor|p2a: Farigiraf
|-damage|p2a: Farigiraf|0 fnt
|-unboost|p1a: Lockheed|spa|2
|faint|p2a: Farigiraf
|
|upkeep
|
|t:|1784423693
|switch|p2a: Dragonite|Dragonite, L50, F, shiny|76/100
|turn|8
|
|t:|1784423710
|move|p1a: Lockheed|Protect|p1a: Lockheed
|-singleturn|p1a: Lockheed|Protect
|move|p2a: Dragonite|Dragon Pulse|p1a: Lockheed
|-activate|p1a: Lockheed|move: Protect
|move|p1b: Corona|Bug Buzz|p2a: Dragonite
|-resisted|p2a: Dragonite|1
|-damage|p2a: Dragonite|46/100
|
|upkeep
|turn|9
|
|t:|1784423721
|move|p2a: Dragonite|Dragon Pulse|p1a: Lockheed
|-supereffective|p1a: Lockheed|1
|-damage|p1a: Lockheed|0 fnt
|faint|p1a: Lockheed
|move|p1b: Corona|Bug Buzz|p2a: Dragonite
|-resisted|p2a: Dragonite|1
|-damage|p2a: Dragonite|12/100
|
|upkeep
|turn|10
|
|t:|1784423745
|move|p2a: Dragonite|Draco Meteor|p1b: Corona
|-damage|p1b: Corona|28/100
|-unboost|p2a: Dragonite|spa|2
|move|p1b: Corona|Bug Buzz|p2a: Dragonite
|-resisted|p2a: Dragonite|1
|-damage|p2a: Dragonite|0 fnt
|faint|p2a: Dragonite
|
|win|PsychedelicDawgII
|l| NewTrainaOnDaBlock
