|j|☆GS Barnabe
|j|☆testdigi
|html|GS Barnabetestdigi    
|uhtml|bestof|Game 1 of a best-of-3
|t:|1785414621
|gametype|doubles
|player|p1|GS Barnabe|101|1000
|player|p2|testdigi|169|1113
|gen|9
|tier|[Gen 9 Champions] VGC 2026 Reg M-B (Bo3)
|rated|
|rule|Species Clause: Limit one of each Pokémon
|rule|Item Clause: Limit 1 of each item
|clearpoke
|poke|p1|Meowstic, L50, M|
|poke|p1|Tyranitar, L50, F|
|poke|p1|Scovillain, L50, M|
|poke|p1|Houndstone, L50, M|
|poke|p1|Corviknight, L50, F|
|poke|p1|Garchomp, L50, F|
|poke|p2|Tyranitar, L50, M|
|poke|p2|Excadrill, L50, F|
|poke|p2|Gholdengo, L50, shiny|
|poke|p2|Milotic, L50, F, shiny|
|poke|p2|Sinistcha, L50|
|poke|p2|Staraptor, L50, M|
|teampreview|4
|showteam|p1|Meowstic||LightClay|Prankster|FakeOut,Reflect,LightScreen,PsychicNoise|Bold||M|||50|]Tyranitar||ChoiceScarf|SandStream|RockSlide,KnockOff,IcePunch,Superpower|Jolly||F|||50|]Scovillain||Scovillainite|Moody|Overheat,LeechSeed,RagePowder,Protect|Calm||M|||50|]Houndstone||SitrusBerry|SandRush|LastRespects,Disable,AllySwitch,Protect|Adamant||M|||50|]Corviknight||LifeOrb|MirrorArmor|IronHead,BraveBird,Tailwind,Protect|Adamant||F|||50|]Garchomp||Garchompite|RoughSkin|DracoMeteor,EarthPower,PowerGem,Protect|Modest||F|||50|
|showteam|p2|Tyranitar||Tyranitarite|SandStream|RockSlide,KnockOff,LowKick,Protect|Jolly||M|||50|]Excadrill||FocusSash|SandRush|HighHorsepower,IronHead,RockTomb,Protect|Adamant||F|||50|]Gholdengo||LifeOrb|GoodasGold|ShadowBall,MakeItRain,NastyPlot,Protect|Modest|||||50|]Milotic||Leftovers|Competitive|Scald,Recover,IcyWind,Protect|Calm||F|||50|]Sinistcha||ColburBerry|Hospitality|MatchaGotcha,StrengthSap,RagePowder,Protect|Relaxed|||||50|]Staraptor||Staraptite|Intimidate|CloseCombat,BraveBird,Tailwind,Protect|Jolly||M|||50|
|inactive|Battle timer is ON: inactive players will automatically lose when time's up. (requested by GS Barnabe)
|inactive|testdigi has 60 seconds left.
|
|t:|1785414676
|teamsize|p1|4
|teamsize|p2|4
|start
|switch|p1a: Scovillain|Scovillain, L50, M|100/100
|switch|p1b: Meowstic|Meowstic, L50, M|100/100
|switch|p2a: Milotic|Milotic, L50, F, shiny|100/100
|switch|p2b: Tyranitar|Tyranitar, L50, M|100/100
|-weather|Sandstorm|[from] ability: Sand Stream|[of] p2b: Tyranitar
|turn|1
|inactive|testdigi has 30 seconds left.
|
|t:|1785414707
|detailschange|p1a: Scovillain|Scovillain-Mega, L50, M
|-mega|p1a: Scovillain|Scovillain|Scovillainite
|move|p2b: Tyranitar|Protect|p2b: Tyranitar
|-singleturn|p2b: Tyranitar|Protect
|move|p1b: Meowstic|Fake Out|p2b: Tyranitar
|-activate|p2b: Tyranitar|move: Protect
|move|p2a: Milotic|Scald|p1a: Scovillain
|-crit|p1a: Scovillain
|-damage|p1a: Scovillain|59/100
|-status|p2a: Milotic|brn|[from] ability: Spicy Spray|[of] p1a: Scovillain
|move|p1a: Scovillain|Leech Seed|p2b: Tyranitar
|-activate|p2b: Tyranitar|move: Protect
|
|-weather|Sandstorm|[upkeep]
|-damage|p1b: Meowstic|93/100|[from] Sandstorm
|-damage|p2a: Milotic|94/100 brn|[from] Sandstorm
|-damage|p1a: Scovillain|53/100|[from] Sandstorm
|-heal|p2a: Milotic|100/100 brn|[from] item: Leftovers
|-damage|p2a: Milotic|94/100 brn|[from] brn
|upkeep
|turn|2
|inactive|GS Barnabe has 30 seconds left.
|
|t:|1785414740
|detailschange|p2b: Tyranitar|Tyranitar-Mega, L50, M
|-mega|p2b: Tyranitar|Tyranitar|Tyranitarite
|move|p1a: Scovillain|Protect|p1a: Scovillain
|-singleturn|p1a: Scovillain|Protect
|move|p1b: Meowstic|Reflect|p1b: Meowstic
|-sidestart|p1: GS Barnabe|Reflect
|move|p2b: Tyranitar|Knock Off|p1b: Meowstic
|-supereffective|p1b: Meowstic|1
|-damage|p1b: Meowstic|16/100
|-enditem|p1b: Meowstic|Light Clay|[from] move: Knock Off|[of] p2b: Tyranitar
|move|p2a: Milotic|Icy Wind|p1a: Scovillain|[spread] p1b
|-activate|p1a: Scovillain|move: Protect
|-damage|p1b: Meowstic|5/100
|-unboost|p1b: Meowstic|spe|1
|
|-weather|Sandstorm|[upkeep]
|-damage|p2a: Milotic|88/100 brn|[from] Sandstorm
|-damage|p1a: Scovillain|47/100|[from] Sandstorm
|-damage|p1b: Meowstic|0 fnt|[from] Sandstorm
|faint|p1b: Meowstic
|-heal|p2a: Milotic|94/100 brn|[from] item: Leftovers
|-damage|p2a: Milotic|88/100 brn|[from] brn
|upkeep
|
|t:|1785414759
|switch|p1b: Tyranitar|Tyranitar, L50, F|100/100
|turn|3
|
|t:|1785414773
|move|p2b: Tyranitar|Protect|p2b: Tyranitar
|-singleturn|p2b: Tyranitar|Protect
|move|p1b: Tyranitar|Superpower|p2b: Tyranitar
|-activate|p2b: Tyranitar|move: Protect
|move|p2a: Milotic|Scald|p1a: Scovillain
|-damage|p1a: Scovillain|17/100
|move|p1a: Scovillain|Leech Seed|p2a: Milotic
|-start|p2a: Milotic|move: Leech Seed
|
|-weather|Sandstorm|[upkeep]
|-damage|p2a: Milotic|82/100 brn|[from] Sandstorm
|-damage|p1a: Scovillain|11/100|[from] Sandstorm
|-heal|p2a: Milotic|88/100 brn|[from] item: Leftovers
|-damage|p2a: Milotic|75/100 brn|[from] Leech Seed|[of] p1a: Scovillain
|-heal|p1a: Scovillain|26/100|[silent]
|-damage|p2a: Milotic|69/100 brn|[from] brn
|upkeep
|turn|4
|inactive|GS Barnabe has 30 seconds left.
|
|t:|1785414798
|switch|p2b: Gholdengo|Gholdengo, L50, shiny|100/100
|switch|p2a: Excadrill|Excadrill, L50, F|100/100
|move|p1a: Scovillain|Protect|p1a: Scovillain
|-singleturn|p1a: Scovillain|Protect
|move|p1b: Tyranitar|Superpower|p2a: Excadrill
|-supereffective|p2a: Excadrill|1
|-enditem|p2a: Excadrill|Focus Sash
|-damage|p2a: Excadrill|1/100
|-unboost|p1b: Tyranitar|atk|1
|-unboost|p1b: Tyranitar|def|1
|
|-weather|Sandstorm|[upkeep]
|-damage|p1a: Scovillain|20/100y|[from] Sandstorm
|upkeep
|turn|5
|inactive|GS Barnabe has 30 seconds left.
|inactive|testdigi has 30 seconds left.
|
|t:|1785414831
|switch|p1b: Houndstone|Houndstone, L50, M|100/100
|switch|p2b: Milotic|Milotic, L50, F, shiny|69/100 brn
|move|p2a: Excadrill|High Horsepower|p1a: Scovillain
|-damage|p1a: Scovillain|0 fnt
|-status|p2a: Excadrill|brn|[from] ability: Spicy Spray|[of] p1a: Scovillain
|faint|p1a: Scovillain
|
|-weather|none
|-heal|p2b: Milotic|75/100 brn|[from] item: Leftovers
|-damage|p2a: Excadrill|0 fnt|[from] brn
|faint|p2a: Excadrill
|-damage|p2b: Milotic|69/100 brn|[from] brn
|upkeep
|
|t:|1785414848
|switch|p2a: Tyranitar|Tyranitar-Mega, L50, M|100/100
|switch|p1a: Tyranitar|Tyranitar, L50, F|100/100
|-weather|Sandstorm|[from] ability: Sand Stream|[of] p1a: Tyranitar
|turn|6
|
|t:|1785414867
|move|p2a: Tyranitar|Protect|p2a: Tyranitar
|-singleturn|p2a: Tyranitar|Protect
|move|p1b: Houndstone|Last Respects|p2b: Milotic
|-damage|p2b: Milotic|12/100 brn
|move|p1a: Tyranitar|Superpower|p2b: Milotic
|-crit|p2b: Milotic
|-damage|p2b: Milotic|0 fnt
|-unboost|p1a: Tyranitar|atk|1
|-unboost|p1a: Tyranitar|def|1
|faint|p2b: Milotic
|
|-weather|Sandstorm|[upkeep]
|upkeep
|
|t:|1785414875
|switch|p2b: Gholdengo|Gholdengo, L50, shiny|100/100
|turn|7
|inactive|GS Barnabe has 30 seconds left.
|
|t:|1785414903
|move|p2b: Gholdengo|Protect|p2b: Gholdengo
|-singleturn|p2b: Gholdengo|Protect
|move|p1b: Houndstone|Last Respects|p2b: Gholdengo
|-activate|p2b: Gholdengo|move: Protect
|move|p1a: Tyranitar|Superpower|p2a: Tyranitar
|-supereffective|p2a: Tyranitar|2
|-damage|p2a: Tyranitar|27/100
|-unboost|p1a: Tyranitar|atk|1
|-unboost|p1a: Tyranitar|def|1
|move|p2a: Tyranitar|Knock Off|p1b: Houndstone
|-supereffective|p1b: Houndstone|1
|-damage|p1b: Houndstone|28/100
|-enditem|p1b: Houndstone|Sitrus Berry|[from] move: Knock Off|[of] p2a: Tyranitar
|
|-weather|Sandstorm|[upkeep]
|upkeep
|turn|8
|inactive|GS Barnabe has 30 seconds left.
|
|t:|1785414929
|move|p1b: Houndstone|Last Respects|p2b: Gholdengo
|-supereffective|p2b: Gholdengo|1
|-damage|p2b: Gholdengo|0 fnt
|faint|p2b: Gholdengo
|move|p1a: Tyranitar|Superpower|p2a: Tyranitar
|-supereffective|p2a: Tyranitar|2
|-damage|p2a: Tyranitar|0 fnt
|-unboost|p1a: Tyranitar|atk|1
|-unboost|p1a: Tyranitar|def|1
|faint|p2a: Tyranitar
|
|win|GS Barnabe
||testdigi is ready for game 2.
||GS Barnabe is ready for game 2.
|uhtml|next|Next: Game 2 of 3
