|j|☆TransGirlChomp1
|j|☆jusemato
|html|TransGirlChomp1jusemato    
|uhtml|bestof|Game 1 of a best-of-3
|t:|1784340713
|gametype|doubles
|player|p1|TransGirlChomp1|skierf|1222
|player|p2|jusemato|ingo|1298
|gen|9
|tier|[Gen 9 Champions] VGC 2026 Reg M-B (Bo3)
|rated|
|rule|Species Clause: Limit one of each Pokémon
|rule|Item Clause: Limit 1 of each item
|clearpoke
|poke|p1|Garchomp, L50, F|
|poke|p1|Tyranitar, L50, F|
|poke|p1|Gholdengo, L50|
|poke|p1|Venusaur, L50, F|
|poke|p1|Incineroar, L50, F|
|poke|p1|Milotic, L50, M|
|poke|p2|Raichu, L50, M|
|poke|p2|Incineroar, L50, M, shiny|
|poke|p2|Vanilluxe, L50, F|
|poke|p2|Basculegion, L50, M|
|poke|p2|Sneasler, L50, M|
|poke|p2|Dragonite, L50, M|
|teampreview|4
|showteam|p1|Garchomp||Garchompite|SandVeil|EarthPower,DragonPulse,PowerGem,Protect|Modest||F|||50|]Tyranitar||ChoiceScarf|SandStream|RockSlide,KnockOff,LowKick,IcyWind|Adamant||F|||50|]Gholdengo||LifeOrb|GoodasGold|MakeItRain,ShadowBall,NastyPlot,Protect|Modest|||||50|]Venusaur||Venusaurite|Chlorophyll|GigaDrain,SludgeBomb,LeechSeed,Protect|Modest||F|||50|]Incineroar||PasshoBerry|Intimidate|FakeOut,FlareBlitz,ThroatChop,PartingShot|Careful||F|||50|]Milotic||Leftovers|Competitive|Scald,IcyWind,Haze,Protect|Modest||M|||50|
|showteam|p2|Raichu||RaichuniteY|LightningRod|ZapCannon,FocusBlast,Substitute,Protect|Timid||M|||50|]Incineroar||Charcoal|Intimidate|FlareBlitz,ThroatChop,FakeOut,PartingShot|Adamant||M|||50|]Vanilluxe||ChoiceScarf|SnowWarning|Blizzard,FreezeDry,IcyWind,FlashCannon|Timid||F|||50|]Basculegion||SitrusBerry|SwiftSwim|WaveCrash,LastRespects,AquaJet,Protect|Adamant||M|||50|]Sneasler||FocusSash|PoisonTouch|PoisonJab,CloseCombat,FakeOut,QuickGuard|Jolly||M|||50|]Dragonite||DragonFang|Multiscale|DragonClaw,FirePunch,ExtremeSpeed,Protect|Adamant||M|||50|
|inactive|Battle timer is ON: inactive players will automatically lose when time's up. (requested by TransGirlChomp1)
|c|☆jusemato|Glhf
|inactive|jusemato has 60 seconds left.
|
|t:|1784340771
|teamsize|p1|4
|teamsize|p2|4
|start
|switch|p1a: Garchomp|Garchomp, L50, F|100/100
|switch|p1b: Incineroar|Incineroar, L50, F|100/100
|switch|p2a: Sneasler|Sneasler, L50, M|100/100
|switch|p2b: Raichu|Raichu, L50, M|100/100
|-ability|p1b: Incineroar|Intimidate|boost
|-unboost|p2a: Sneasler|atk|1
|-unboost|p2b: Raichu|atk|1
|turn|1
|
|t:|1784340794
|switch|p2b: Vanilluxe|Vanilluxe, L50, F|100/100
|-weather|Snowscape|[from] ability: Snow Warning|[of] p2b: Vanilluxe
|detailschange|p1a: Garchomp|Garchomp-Mega, L50, F
|-mega|p1a: Garchomp|Garchomp|Garchompite
|move|p2a: Sneasler|Fake Out|p1b: Incineroar
|-crit|p1b: Incineroar
|-damage|p1b: Incineroar|80/100
|-status|p1b: Incineroar|psn|[from] ability: Poison Touch|[of] p2a: Sneasler
|move|p1a: Garchomp|Earth Power|p2b: Vanilluxe
|-damage|p2b: Vanilluxe|40/100
|cant|p1b: Incineroar|flinch
|
|-weather|Snowscape|[upkeep]
|-damage|p1b: Incineroar|68/100 psn|[from] psn
|upkeep
|turn|2
|
|t:|1784340815
|switch|p1b: Gholdengo|Gholdengo, L50|100/100
|move|p1a: Garchomp|Protect|p1a: Garchomp
|-singleturn|p1a: Garchomp|Protect
|move|p2b: Vanilluxe|Blizzard|p1a: Garchomp|[spread] p1b
|-activate|p1a: Garchomp|move: Protect
|-resisted|p1b: Gholdengo|1
|-damage|p1b: Gholdengo|78/100
|move|p2a: Sneasler|Close Combat|p1b: Gholdengo
|-immune|p1b: Gholdengo
|
|-weather|Snowscape|[upkeep]
|upkeep
|turn|3
|
|t:|1784340832
|switch|p2b: Raichu|Raichu, L50, M|100/100
|switch|p2a: Basculegion|Basculegion, L50, M|100/100
|switch|p1a: Incineroar|Incineroar, L50, F|68/100 psn
|-ability|p1a: Incineroar|Intimidate|boost
|-unboost|p2a: Basculegion|atk|1
|-unboost|p2b: Raichu|atk|1
|move|p1b: Gholdengo|Make It Rain|p2a: Basculegion|[spread] p2a,p2b
|-resisted|p2a: Basculegion|1
|-resisted|p2b: Raichu|1
|-damage|p2a: Basculegion|68/100
|-damage|p2b: Raichu|60/100
|-unboost|p1b: Gholdengo|spa|2
|-damage|p1b: Gholdengo|69/100|[from] item: Life Orb
|
|-weather|Snowscape|[upkeep]
|-damage|p1a: Incineroar|55/100 psn|[from] psn
|upkeep
|turn|4
|inactive|TransGirlChomp1 has 30 seconds left.
|
|t:|1784340858
|switch|p1b: Garchomp|Garchomp-Mega, L50, F|100/100
|move|p2b: Raichu|Protect|p2b: Raichu
|-singleturn|p2b: Raichu|Protect
|move|p2a: Basculegion|Protect|p2a: Basculegion
|-singleturn|p2a: Basculegion|Protect
|move|p1a: Incineroar|Fake Out|p2b: Raichu
|-activate|p2b: Raichu|move: Protect
|
|-weather|Snowscape|[upkeep]
|-damage|p1a: Incineroar|43/100 psn|[from] psn
|upkeep
|turn|5
|
|t:|1784340874
|detailschange|p2b: Raichu|Raichu-Mega-Y, L50, M
|-mega|p2b: Raichu|Raichu|Raichunite Y
|move|p2b: Raichu|Focus Blast|p1a: Incineroar
|-supereffective|p1a: Incineroar|1
|-damage|p1a: Incineroar|0 fnt
|faint|p1a: Incineroar
|move|p1b: Garchomp|Earth Power|p2b: Raichu
|-supereffective|p2b: Raichu|1
|-damage|p2b: Raichu|0 fnt
|faint|p2b: Raichu
|move|p2a: Basculegion|Wave Crash|p1b: Garchomp
|-damage|p1b: Garchomp|68/100
|-damage|p2a: Basculegion|58/100|[from] Recoil
|
|-weather|none
|upkeep
|inactive|jusemato has 30 seconds left.
|
|t:|1784340903
|switch|p2b: Vanilluxe|Vanilluxe, L50, F|40/100
|switch|p1a: Gholdengo|Gholdengo, L50|69/100
|-weather|Snowscape|[from] ability: Snow Warning|[of] p2b: Vanilluxe
|turn|6
|
|t:|1784340923
|switch|p2b: Sneasler|Sneasler, L50, M|100/100
|move|p1b: Garchomp|Protect|p1b: Garchomp
|-singleturn|p1b: Garchomp|Protect
|move|p1a: Gholdengo|Shadow Ball|p2b: Sneasler
|-damage|p2b: Sneasler|29/100
|-damage|p1a: Gholdengo|59/100|[from] item: Life Orb
|move|p2a: Basculegion|Last Respects|p1a: Gholdengo
|-supereffective|p1a: Gholdengo|1
|-damage|p1a: Gholdengo|0 fnt
|faint|p1a: Gholdengo
|
|-weather|Snowscape|[upkeep]
|upkeep
|
|t:|1784340926
|switch|p1a: Tyranitar|Tyranitar, L50, F|100/100
|-weather|Sandstorm|[from] ability: Sand Stream|[of] p1a: Tyranitar
|turn|7
|
|t:|1784340943
|move|p2b: Sneasler|Close Combat|p1a: Tyranitar
|-supereffective|p1a: Tyranitar|2
|-damage|p1a: Tyranitar|0 fnt
|-unboost|p2b: Sneasler|def|1
|-unboost|p2b: Sneasler|spd|1
|faint|p1a: Tyranitar
|move|p1b: Garchomp|Earth Power|p2b: Sneasler
|-supereffective|p2b: Sneasler|1
|-damage|p2b: Sneasler|0 fnt
|faint|p2b: Sneasler
|move|p2a: Basculegion|Wave Crash|p1b: Garchomp
|-damage|p1b: Garchomp|31/100
|-damage|p2a: Basculegion|47/100|[from] Recoil
|-enditem|p2a: Basculegion|Sitrus Berry|[eat]
|-heal|p2a: Basculegion|72/100|[from] item: Sitrus Berry
|
|-weather|Sandstorm|[upkeep]
|-damage|p2a: Basculegion|66/100|[from] Sandstorm
|upkeep
|
|t:|1784340953
|switch|p2b: Vanilluxe|Vanilluxe, L50, F|40/100
|-weather|Snowscape|[from] ability: Snow Warning|[of] p2b: Vanilluxe
|turn|8
|
|t:|1784340959
|move|p2a: Basculegion|Aqua Jet|p1b: Garchomp
|-crit|p1b: Garchomp
|-damage|p1b: Garchomp|6/100
|move|p2b: Vanilluxe|Blizzard|p1b: Garchomp
|-supereffective|p1b: Garchomp|2
|-damage|p1b: Garchomp|0 fnt
|faint|p1b: Garchomp
|
|win|jusemato
||TransGirlChomp1 is ready for game 2.
||jusemato is ready for game 2.
|uhtml|next|Next: Game 2 of 3
|l|☆jusemato
|player|p2|
