|j|☆LinkLegends11
|j|☆abtoty
|html|LinkLegends11abtoty    
|uhtml|bestof|Game 2 of a best-of-3
|t:|1757721863
|gametype|doubles
|player|p1|LinkLegends11|miku-water|
|player|p2|abtoty|265|
|gen|9
|tier|[Gen 9] VGC 2025 Reg H (Bo3)
|rule|Species Clause: Limit one of each Pokémon
|rule|Item Clause: Limit 1 of each item
|clearpoke
|poke|p1|Archaludon, L50, F|
|poke|p1|Maushold, L50|
|poke|p1|Annihilape, L50, M|
|poke|p1|Pelipper, L50, M|
|poke|p1|Sneasler, L50, M|
|poke|p1|Primarina, L50, F|
|poke|p2|Gholdengo, L50|
|poke|p2|Dragonite, L50, M|
|poke|p2|Sneasler, L50, M|
|poke|p2|Rillaboom, L50, M|
|poke|p2|Ursaluna, L50, F|
|poke|p2|Porygon2, L50|
|teampreview|4
|showteam|p1|Archaludon||AssaultVest|Stamina|ElectroShot,DragonPulse,FlashCannon,BodyPress|||F|||50|,,,,,Grass]Maushold||SafetyGoggles|FriendGuard|BeatUp,Protect,FollowMe,SuperFang||||||50|,,,,,Ghost]Annihilape||SitrusBerry|Defiant|RageFist,Protect,DrainPunch,BulkUp|||M|||50|,,,,,Steel]Pelipper||FocusSash|Drizzle|WeatherBall,Hurricane,Protect,Tailwind|||M|||50|,,,,,Ghost]Sneasler||WhiteHerb|Unburden|DireClaw,CloseCombat,ThroatChop,FakeOut|||M|||50|,,,,,Dark]Primarina||LifeOrb|LiquidVoice|HyperVoice,Moonblast,Protect,Haze|||F|||50|,,,,,Poison
|showteam|p2|Gholdengo||MetalCoat|GoodasGold|MakeItRain,ShadowBall,NastyPlot,Protect||||||50|,,,,,Water]Dragonite||LoadedDice|Multiscale|ScaleShot,StompingTantrum,Tailwind,Protect|||M|||50|,,,,,Fairy]Sneasler||FocusSash|Unburden|DireClaw,CloseCombat,Coaching,Protect|||M|||50|,,,,,Ghost]Rillaboom||AssaultVest|GrassySurge|GrassyGlide,WoodHammer,FakeOut,HighHorsepower|||M|||50|,,,,,Fire]Ursaluna||FlameOrb|Guts|Facade,Protect,HeadlongRush,Earthquake|||F|||50|,,,,,Ground]Porygon2||Eviolite|Download|TeraBlast,IceBeam,TrickRoom,Recover||||||50|,,,,,Fighting
|inactive|Battle timer is ON: inactive players will automatically lose when time's up. (requested by LinkLegends11)
|inactive|abtoty has 60 seconds left.
|
|t:|1757721918
|teamsize|p1|4
|teamsize|p2|4
|start
|switch|p1a: Annihilape|Annihilape, L50, M|100/100
|switch|p1b: Maushold|Maushold, L50|100/100
|switch|p2a: Dragonite|Dragonite, L50, M|100/100
|switch|p2b: Sneasler|Sneasler, L50, M|100/100
|turn|1
|inactive|LinkLegends11 has 30 seconds left.
|inactive|abtoty has 30 seconds left.
|inactive|abtoty has 20 seconds left.
|inactive|abtoty has 15 seconds left.
|
|t:|1757721961
|-terastallize|p1b: Maushold|Ghost
|move|p2a: Dragonite|Protect|p2a: Dragonite
|-singleturn|p2a: Dragonite|Protect
|move|p2b: Sneasler|Dire Claw|p1a: Annihilape
|-resisted|p1a: Annihilape
|-damage|p1a: Annihilape|86/100
|move|p1b: Maushold|Beat Up|p1a: Annihilape
|-damage|p1a: Annihilape|84/100
|-damage|p1a: Annihilape|82/100
|-damage|p1a: Annihilape|80/100
|-damage|p1a: Annihilape|78/100
|-hitcount|p1a: Annihilape|4
|move|p1a: Annihilape|Rage Fist|p2a: Dragonite
|-activate|p2a: Dragonite|move: Protect
|
|upkeep
|turn|2
|inactive|LinkLegends11 has 30 seconds left.
|inactive|abtoty has 30 seconds left.
|inactive|abtoty has 20 seconds left.
|inactive|abtoty has 15 seconds left.
|inactive|abtoty has 10 seconds left.
|
|t:|1757722010
|move|p2b: Sneasler|Dire Claw|p1a: Annihilape
|-resisted|p1a: Annihilape
|-damage|p1a: Annihilape|63/100
|-status|p1a: Annihilape|par
|move|p2a: Dragonite|Tailwind|p2a: Dragonite
|-sidestart|p2: abtoty|move: Tailwind
|move|p1b: Maushold|Beat Up|p2b: Sneasler
|-resisted|p2b: Sneasler
|-damage|p2b: Sneasler|99/100
|-resisted|p2b: Sneasler
|-damage|p2b: Sneasler|97/100
|-resisted|p2b: Sneasler
|-damage|p2b: Sneasler|95/100
|-hitcount|p2b: Sneasler|3
|move|p1a: Annihilape|Rage Fist|p2b: Sneasler
|-damage|p2b: Sneasler|0 fnt
|faint|p2b: Sneasler
|
|upkeep
|
|t:|1757722034
|switch|p2b: Gholdengo|Gholdengo, L50|100/100
|turn|3
|inactive|LinkLegends11 has 30 seconds left.
|inactive|abtoty has 30 seconds left.
|inactive|abtoty has 20 seconds left.
|
|t:|1757722071
|-terastallize|p2b: Gholdengo|Water
|move|p1b: Maushold|Follow Me|p1b: Maushold
|-singleturn|p1b: Maushold|move: Follow Me
|move|p2b: Gholdengo|Make It Rain|p1a: Annihilape|[spread] p1a,p1b
|-damage|p1a: Annihilape|33/100 par
|-damage|p1b: Maushold|34/100
|-unboost|p2b: Gholdengo|spa|1
|-enditem|p1a: Annihilape|Sitrus Berry|[eat]
|-heal|p1a: Annihilape|58/100 par|[from] item: Sitrus Berry
|move|p2a: Dragonite|Scale Shot|p1b: Maushold
|-damage|p1b: Maushold|18/100
|-damage|p1b: Maushold|4/100
|-damage|p1b: Maushold|0 fnt
|faint|p1b: Maushold
|-hitcount|p1: Maushold|3
|-unboost|p2a: Dragonite|def|1
|-boost|p2a: Dragonite|spe|1
|cant|p1a: Annihilape|par
|
|upkeep
|
|t:|1757722094
|switch|p1b: Sneasler|Sneasler, L50, M|100/100
|turn|4
|inactive|LinkLegends11 has 30 seconds left.
|inactive|abtoty has 30 seconds left.
|inactive|LinkLegends11 has 20 seconds left.
|inactive|LinkLegends11 has 15 seconds left.
|
|t:|1757722136
|move|p1b: Sneasler|Fake Out|p2a: Dragonite
|-damage|p2a: Dragonite|88/100
|cant|p2a: Dragonite|flinch
|move|p2b: Gholdengo|Shadow Ball|p1a: Annihilape
|-supereffective|p1a: Annihilape
|-damage|p1a: Annihilape|11/100 par
|move|p1a: Annihilape|Rage Fist|p2b: Gholdengo
|-damage|p2b: Gholdengo|0 fnt
|faint|p2b: Gholdengo
|
|upkeep
|
|t:|1757722150
|switch|p2b: Rillaboom|Rillaboom, L50, M|100/100
|-fieldstart|move: Grassy Terrain|[from] ability: Grassy Surge|[of] p2b: Rillaboom
|turn|5
|
|t:|1757722171
|move|p2b: Rillaboom|Grassy Glide|p1a: Annihilape
|-damage|p1a: Annihilape|0 fnt
|faint|p1a: Annihilape
|move|p2a: Dragonite|Stomping Tantrum|p1b: Sneasler
|-supereffective|p1b: Sneasler
|-damage|p1b: Sneasler|0 fnt
|faint|p1b: Sneasler
|
|-sideend|p2: abtoty|move: Tailwind
|upkeep
|
|t:|1757722180
|switch|p1b: Archaludon|Archaludon, L50, F|100/100
|turn|6
|
|t:|1757722196
|move|p2a: Dragonite|Stomping Tantrum|p1b: Archaludon
|-supereffective|p1b: Archaludon
|-damage|p1b: Archaludon|60/100
|-ability|p1b: Archaludon|Stamina|boost
|-boost|p1b: Archaludon|def|1
|move|p2b: Rillaboom|High Horsepower|p1b: Archaludon
|-supereffective|p1b: Archaludon
|-damage|p1b: Archaludon|25/100
|-ability|p1b: Archaludon|Stamina|boost
|-boost|p1b: Archaludon|def|1
|move|p1b: Archaludon|Dragon Pulse|p2a: Dragonite
|-supereffective|p2a: Dragonite
|-damage|p2a: Dragonite|0 fnt
|faint|p2a: Dragonite
|
|-heal|p1b: Archaludon|31/100|[from] Grassy Terrain
|upkeep
|turn|7
|inactive|abtoty has 30 seconds left.
|inactive|abtoty has 20 seconds left.
|
|t:|1757722233
|move|p2b: Rillaboom|High Horsepower|p1b: Archaludon
|-supereffective|p1b: Archaludon
|-damage|p1b: Archaludon|7/100
|-ability|p1b: Archaludon|Stamina|boost
|-boost|p1b: Archaludon|def|1
|move|p1b: Archaludon|Body Press|p2b: Rillaboom
|-damage|p2b: Rillaboom|43/100
|
|-heal|p2b: Rillaboom|49/100|[from] Grassy Terrain
|-heal|p1b: Archaludon|13/100|[from] Grassy Terrain
|upkeep
|turn|8
|
|t:|1757722254
|move|p2b: Rillaboom|High Horsepower|p1b: Archaludon
|-supereffective|p1b: Archaludon
|-damage|p1b: Archaludon|0 fnt
|faint|p1b: Archaludon
|
|win|abtoty
|l|☆LinkLegends11
|player|p1|
