|j|☆WASHINGTONGARGACHA
|j|☆shilips
|html|WASHINGTONGARGACHAshilips    
|uhtml|bestof|Game 1 of a best-of-3
|t:|1756605101
|gametype|doubles
|player|p1|WASHINGTONGARGACHA|170|1166
|player|p2|shilips|ninjaboy|1054
|gen|9
|tier|[Gen 9] VGC 2025 Reg H (Bo3)
|rated|
|rule|Species Clause: Limit one of each Pokémon
|rule|Item Clause: Limit 1 of each item
|clearpoke
|poke|p1|Gholdengo, L50|
|poke|p1|Ursaluna, L50, M|
|poke|p1|Archaludon, L50, M|
|poke|p1|Murkrow, L50, F|
|poke|p1|Farigiraf, L50, M|
|poke|p1|Palafin, L50, F|
|poke|p2|Inteleon, L50, M|
|poke|p2|Dragonite, L50, M|
|poke|p2|Indeedee, L50, M|
|poke|p2|Pelipper, L50, M|
|poke|p2|Archaludon, L50, F|
|poke|p2|Sinistcha, L50|
|teampreview|4
|showteam|p1|Gholdengo||LifeOrb|GoodasGold|ShadowBall,MakeItRain,NastyPlot,Protect||||||50|,,,,,Water]Ursaluna||FlameOrb|Guts|Facade,Earthquake,Protect,HeadlongRush|||M|||50|,,,,,Ghost]Archaludon||PowerHerb|Stamina|ElectroShot,FlashCannon,DracoMeteor,Protect|||M|||50|,,,,,Grass]Murkrow||Eviolite|Prankster|Tailwind,RainDance,FoulPlay,Haze|||F|||50|,,,,,Dark]Farigiraf||ThroatSpray|ArmorTail|HyperVoice,TrickRoom,Psychic,Protect|||M|||50|,,,,,Fairy]Palafin||EjectPack|ZerotoHero|Protect,CloseCombat,JetPunch,WaveCrash|||F|||50|,,,,,Water
|showteam|p2|Inteleon||ChoiceSpecs|Torrent|IceBeam,SnipeShot,MuddyWater,VacuumWave|||M|||50|,,,,,Water]Dragonite||LoadedDice|InnerFocus|Protect,ScaleShot,IceSpinner,Haze|||M|||50|,,,,,Fairy]Indeedee||PsychicSeed|PsychicSurge|TrickRoom,ExpandingForce,HyperVoice,Protect|||M|||50|,,,,,Psychic]Pelipper||FocusSash|Drizzle|Hurricane,WeatherBall,Tailwind,WideGuard|||M|||50|,,,,,Grass]Archaludon||AssaultVest|Stamina|DragonPulse,ElectroShot,BodyPress,FlashCannon|||F|||50|,,,,,Bug]Sinistcha||SitrusBerry|Hospitality|MatchaGotcha,RagePowder,LifeDew,TrickRoom||||||50|,,,,,Dark
|
|t:|1756605145
|teamsize|p1|4
|teamsize|p2|4
|start
|switch|p1a: Murkrow|Murkrow, L50, F|100/100
|switch|p1b: Gholdengo|Gholdengo, L50|100/100
|switch|p2a: Indeedee|Indeedee, L50, M|100/100
|switch|p2b: Inteleon|Inteleon, L50, M|100/100
|-fieldstart|move: Psychic Terrain|[from] ability: Psychic Surge|[of] p2a: Indeedee
|-enditem|p2a: Indeedee|Psychic Seed
|-boost|p2a: Indeedee|spd|1|[from] item: Psychic Seed
|turn|1
|
|t:|1756605187
|-terastallize|p2b: Inteleon|Water
|move|p1b: Gholdengo|Protect|p1b: Gholdengo
|-singleturn|p1b: Gholdengo|Protect
|move|p1a: Murkrow|Tailwind|p1a: Murkrow
|-sidestart|p1: WASHINGTONGARGACHA|move: Tailwind
|move|p2b: Inteleon|Muddy Water|p1a: Murkrow|[spread] p1a
|-activate|p1b: Gholdengo|move: Protect
|-damage|p1a: Murkrow|39/100
|-unboost|p1a: Murkrow|accuracy|1
|move|p2a: Indeedee|Expanding Force|p1a: Murkrow|[spread] 
|-activate|p1b: Gholdengo|move: Protect
|-immune|p1a: Murkrow
|
|upkeep
|turn|2
|
|t:|1756605216
|move|p1b: Gholdengo|Shadow Ball|p2b: Inteleon
|-damage|p2b: Inteleon|11/100
|-damage|p1b: Gholdengo|91/100|[from] item: Life Orb
|move|p1a: Murkrow|Foul Play|p2b: Inteleon
|-damage|p2b: Inteleon|0 fnt
|faint|p2b: Inteleon
|move|p2a: Indeedee|Trick Room|p2a: Indeedee
|-fieldstart|move: Trick Room|[of] p2a: Indeedee
|
|upkeep
|
|t:|1756605230
|switch|p2b: Pelipper|Pelipper, L50, M, shiny|100/100
|-weather|RainDance|[from] ability: Drizzle|[of] p2b: Pelipper
|turn|3
|
|t:|1756605263
|move|p1b: Gholdengo|Protect|p1b: Gholdengo
|-singleturn|p1b: Gholdengo|Protect
|move|p2a: Indeedee|Expanding Force|p1a: Murkrow|[spread] 
|-activate|p1b: Gholdengo|move: Protect
|-immune|p1a: Murkrow
|move|p2b: Pelipper|Weather Ball|p1a: Murkrow
|-damage|p1a: Murkrow|0 fnt
|faint|p1a: Murkrow
|
|-weather|RainDance|[upkeep]
|upkeep
|
|t:|1756605275
|switch|p1a: Ursaluna|Ursaluna, L50, M|100/100
|turn|4
|
|t:|1756605294
|-terastallize|p1b: Gholdengo|Water
|move|p1a: Ursaluna|Protect|p1a: Ursaluna
|-singleturn|p1a: Ursaluna|Protect
|move|p2b: Pelipper|Tailwind|p2b: Pelipper
|-sidestart|p2: shilips|move: Tailwind
|move|p1b: Gholdengo|Make It Rain|p2b: Pelipper|[spread] p2a,p2b
|-resisted|p2b: Pelipper
|-damage|p2a: Indeedee|39/100
|-damage|p2b: Pelipper|46/100
|-unboost|p1b: Gholdengo|spa|1
|-damage|p1b: Gholdengo|81/100|[from] item: Life Orb
|move|p2a: Indeedee|Trick Room|p2a: Indeedee
|-fieldend|move: Trick Room
|
|-weather|RainDance|[upkeep]
|-sideend|p1: WASHINGTONGARGACHA|move: Tailwind
|-status|p1a: Ursaluna|brn|[from] item: Flame Orb
|upkeep
|turn|5
|inactive|Battle timer is ON: inactive players will automatically lose when time's up. (requested by shilips)
|
|t:|1756605352
|switch|p1a: Archaludon|Archaludon, L50, M|100/100
|move|p2b: Pelipper|Weather Ball|p1a: Archaludon
|-resisted|p1a: Archaludon
|-damage|p1a: Archaludon|54/100
|-ability|p1a: Archaludon|Stamina|boost
|-boost|p1a: Archaludon|def|1
|move|p2a: Indeedee|Expanding Force|p1a: Archaludon|[spread] p1a,p1b
|-resisted|p1a: Archaludon
|-damage|p1a: Archaludon|12/100
|-damage|p1b: Gholdengo|9/100
|-ability|p1a: Archaludon|Stamina|boost
|-boost|p1a: Archaludon|def|1
|move|p1b: Gholdengo|Make It Rain|p2b: Pelipper|[spread] p2a,p2b
|-resisted|p2b: Pelipper
|-damage|p2a: Indeedee|0 fnt
|-damage|p2b: Pelipper|9/100
|-unboost|p1b: Gholdengo|spa|1
|faint|p2a: Indeedee
|-damage|p1b: Gholdengo|0 fnt|[from] item: Life Orb
|faint|p1b: Gholdengo
|
|-weather|RainDance|[upkeep]
|-fieldend|move: Psychic Terrain
|upkeep
|
|t:|1756605374
|switch|p1b: Ursaluna|Ursaluna, L50, M|100/100 brn
|switch|p2a: Archaludon|Archaludon, L50, F, shiny|100/100
|turn|6
|
|t:|1756605398
|move|p1a: Archaludon|Protect|p1a: Archaludon
|-singleturn|p1a: Archaludon|Protect
|move|p1b: Ursaluna|Protect|p1b: Ursaluna
|-singleturn|p1b: Ursaluna|Protect
|move|p2b: Pelipper|Weather Ball|p1a: Archaludon
|-activate|p1a: Archaludon|move: Protect
|move|p2a: Archaludon|Body Press|p1a: Archaludon
|-activate|p1a: Archaludon|move: Protect
|
|-weather|RainDance|[upkeep]
|-damage|p1b: Ursaluna|94/100 brn|[from] brn
|upkeep
|turn|7
|
|t:|1756605422
|move|p1a: Archaludon|Protect|p1a: Archaludon
|-singleturn|p1a: Archaludon|Protect
|move|p1b: Ursaluna|Protect|p1b: Ursaluna
|-singleturn|p1b: Ursaluna|Protect
|move|p2b: Pelipper|Weather Ball|p1b: Ursaluna
|-activate|p1b: Ursaluna|move: Protect
|move|p2a: Archaludon|Electro Shot||[still]
|-prepare|p2a: Archaludon|Electro Shot
|-boost|p2a: Archaludon|spa|1
|-anim|p2a: Archaludon|Electro Shot|p1a: Archaludon
|-activate|p1a: Archaludon|move: Protect
|
|-weather|none
|-damage|p1b: Ursaluna|88/100 brn|[from] brn
|-sideend|p2: shilips|move: Tailwind
|upkeep
|turn|8
|inactive|WASHINGTONGARGACHA has 30 seconds left.
|inactive|shilips has 30 seconds left.
|inactive|WASHINGTONGARGACHA has 20 seconds left.
|inactive|shilips has 20 seconds left.
|
|t:|1756605461
|move|p1a: Archaludon|Flash Cannon|p2b: Pelipper
|-resisted|p2b: Pelipper
|-damage|p2b: Pelipper|0 fnt
|faint|p2b: Pelipper
|move|p2a: Archaludon|Body Press|p1b: Ursaluna
|-supereffective|p1b: Ursaluna
|-damage|p1b: Ursaluna|55/100 brn
|move|p1b: Ursaluna|Headlong Rush|p2a: Archaludon
|-supereffective|p2a: Archaludon
|-damage|p2a: Archaludon|0 fnt
|-unboost|p1b: Ursaluna|def|1
|-unboost|p1b: Ursaluna|spd|1
|faint|p2a: Archaludon
|
|win|WASHINGTONGARGACHA
