|j|☆noka47
|j|☆AnotherDreamer
|html|noka47AnotherDreamer    
|uhtml|bestof|Game 2 of a best-of-3
|t:|1782236496
|gametype|doubles
|player|p1|noka47|101|1166
|player|p2|AnotherDreamer|266|1075
|gen|9
|tier|[Gen 9 Champions] VGC 2026 Reg M-B (Bo3)
|rated|
|rule|Species Clause: Limit one of each Pokémon
|rule|Item Clause: Limit 1 of each item
|clearpoke
|poke|p1|Mawile, L50, F|
|poke|p1|Incineroar, L50, M|
|poke|p1|Sneasler, L50, M|
|poke|p1|Pelipper, L50, M|
|poke|p1|Farigiraf, L50, F|
|poke|p1|Sinistcha, L50|
|poke|p2|Sceptile, L50, M|
|poke|p2|Rotom-Heat, L50|
|poke|p2|Aerodactyl, L50, M|
|poke|p2|Basculegion, L50, M|
|poke|p2|Kingambit, L50, F|
|poke|p2|Clefable, L50, F|
|teampreview|4
|showteam|p1|Mawile||Mawilite|Intimidate|IronHead,PlayRough,SuckerPunch,Protect|Adamant||F|||50|]Incineroar||PasshoBerry|Intimidate|FlareBlitz,DarkestLariat,FakeOut,PartingShot|Adamant||M|||50|]Sneasler||WhiteHerb|Unburden|CloseCombat,DireClaw,FakeOut,Protect|Adamant||M|||50|]Pelipper||LifeOrb|Drizzle|Hurricane,WeatherBall,IceBeam,Protect|Modest||M|||50|]Farigiraf||ColburBerry|ArmorTail|Psychic,Thunderbolt,TrickRoom,Protect|Quiet||F|||50|]Sinistcha||SitrusBerry|Hospitality|MatchaGotcha,RagePowder,TrickRoom,ShadowBall|Relaxed|||||50|
|showteam|p2|Sceptile||Sceptilite|Overgrow|EnergyBall,DragonPulse,EarthPower,Protect|Timid||M|||50|]Rotom-Heat||ChoiceScarf|Levitate|Overheat,VoltSwitch,Discharge,Trick|Timid|||||50|]Aerodactyl||FocusSash|Unnerve|RockSlide,DualWingbeat,Tailwind,Protect|Jolly||M|||50|]Basculegion||LifeOrb|Adaptability|WaveCrash,LastRespects,AquaJet,Protect|Adamant||M|||50|]Kingambit||ChopleBerry|Defiant|KowtowCleave,IronHead,SuckerPunch,LowKick|Adamant||F|||50|]Clefable||SitrusBerry|Unaware|Moonblast,HelpingHand,FollowMe,Protect|Bold||F|||50|
|inactive|Battle timer is ON: inactive players will automatically lose when time's up. (requested by AnotherDreamer)
|inactive|AnotherDreamer has 60 seconds left.
|
|t:|1782236529
|teamsize|p1|4
|teamsize|p2|4
|start
|switch|p1a: Incineroar|Incineroar, L50, M|100/100
|switch|p1b: Farigiraf|Farigiraf, L50, F|100/100
|switch|p2a: Kingambit|Kingambit, L50, F|100/100
|switch|p2b: Basculegion|Basculegion, L50, M|100/100
|-ability|p1a: Incineroar|Intimidate|boost
|-unboost|p2a: Kingambit|atk|1
|-ability|p2a: Kingambit|Defiant|boost
|-boost|p2a: Kingambit|atk|2
|-unboost|p2b: Basculegion|atk|1
|turn|1
|
|t:|1782236550
|move|p1b: Farigiraf|Protect|p1b: Farigiraf
|-singleturn|p1b: Farigiraf|Protect
|move|p2b: Basculegion|Wave Crash|p1b: Farigiraf
|-activate|p1b: Farigiraf|move: Protect
|move|p2a: Kingambit|Kowtow Cleave|p1b: Farigiraf
|-activate|p1b: Farigiraf|move: Protect
|move|p1a: Incineroar|Darkest Lariat|p2b: Basculegion
|-supereffective|p2b: Basculegion|1
|-damage|p2b: Basculegion|0 fnt
|faint|p2b: Basculegion
|
|upkeep
|
|t:|1782236554
|switch|p2b: Rotom|Rotom-Heat, L50|100/100
|turn|2
|
|t:|1782236570
|move|p2b: Rotom|Volt Switch|p1b: Farigiraf
|-damage|p1b: Farigiraf|74/100
|
|t:|1782236573
|switch|p2b: Sceptile|Sceptile, L50, M|100/100|[from] Volt Switch
|move|p2a: Kingambit|Kowtow Cleave|p1b: Farigiraf
|-supereffective|p1b: Farigiraf|1
|-enditem|p1b: Farigiraf|Colbur Berry|[eat]
|-enditem|p1b: Farigiraf|Colbur Berry|[weaken]
|-damage|p1b: Farigiraf|0 fnt
|faint|p1b: Farigiraf
|move|p1a: Incineroar|Flare Blitz|p2a: Kingambit
|-supereffective|p2a: Kingambit|1
|-damage|p2a: Kingambit|0 fnt
|faint|p2a: Kingambit
|-damage|p1a: Incineroar|68/100|[from] Recoil
|
|upkeep
|
|t:|1782236593
|switch|p2a: Rotom|Rotom-Heat, L50|100/100
|switch|p1b: Sinistcha|Sinistcha, L50|100/100
|-heal|p1a: Incineroar|93/100|[from] ability: Hospitality|[of] p1b: Sinistcha
|turn|3
|inactive|noka47 has 30 seconds left.
|
|t:|1782236620
|detailschange|p2b: Sceptile|Sceptile-Mega, L50, M
|-mega|p2b: Sceptile|Sceptile|Sceptilite
|move|p2a: Rotom|Discharge|p1a: Incineroar|[spread] p1a,p1b
|-ability|p2b: Sceptile|Lightning Rod|boost
|-boost|p2b: Sceptile|spa|1
|-resisted|p1b: Sinistcha|1
|-damage|p1a: Incineroar|66/100
|-damage|p1b: Sinistcha|84/100
|move|p2b: Sceptile|Dragon Pulse|p1a: Incineroar
|-damage|p1a: Incineroar|0 fnt
|faint|p1a: Incineroar
|move|p1b: Sinistcha|Trick Room|p1b: Sinistcha
|-fieldstart|move: Trick Room|[of] p1b: Sinistcha
|
|upkeep
|
|t:|1782236632
|switch|p1a: Mawile|Mawile, L50, F|100/100
|-ability|p1a: Mawile|Intimidate|boost
|-unboost|p2a: Rotom|atk|1
|-unboost|p2b: Sceptile|atk|1
|turn|4
|
|t:|1782236652
|detailschange|p1a: Mawile|Mawile-Mega, L50, F
|-mega|p1a: Mawile|Mawile|Mawilite
|move|p2b: Sceptile|Protect|p2b: Sceptile
|-singleturn|p2b: Sceptile|Protect
|move|p1a: Mawile|Play Rough|p2b: Sceptile
|-activate|p2b: Sceptile|move: Protect
|move|p1b: Sinistcha|Shadow Ball|p2a: Rotom
|-damage|p2a: Rotom|57/100
|move|p2a: Rotom|Discharge|p1b: Sinistcha|[spread] p1a,p1b
|-activate|p2b: Sceptile|move: Protect
|-resisted|p1b: Sinistcha|1
|-damage|p1a: Mawile|65/100
|-damage|p1b: Sinistcha|69/100
|-status|p1b: Sinistcha|par
|
|upkeep
|turn|5
|
|t:|1782236671
|move|p1b: Sinistcha|Shadow Ball|p2a: Rotom
|-damage|p2a: Rotom|16/100
|move|p1a: Mawile|Play Rough|p2b: Sceptile
|-supereffective|p2b: Sceptile|1
|-damage|p2b: Sceptile|0 fnt
|faint|p2b: Sceptile
|move|p2a: Rotom|Discharge|p1b: Sinistcha|[spread] p1a,p1b
|-resisted|p1b: Sinistcha|1
|-damage|p1a: Mawile|32/100
|-damage|p1b: Sinistcha|54/100 par
|-status|p1a: Mawile|par
|
|upkeep
|turn|6
|
|t:|1782236684
|move|p1a: Mawile|Sucker Punch|p2a: Rotom
|-damage|p2a: Rotom|0 fnt
|faint|p2a: Rotom
|
|win|noka47
|raw|noka47's rating: 1166 → 1185(+19 for winning)
|raw|AnotherDreamer's rating: 1075 → 1059(-16 for losing)
|l|☆AnotherDreamer
|player|p2|
