|j|☆nikosm240i
|j|☆AsianHeat-67
|html|nikosm240iAsianHeat-67    
|uhtml|bestof|Game 2 of a best-of-3
|t:|1756175185
|gametype|doubles
|player|p1|nikosm240i|fisherman-gen4|
|player|p2|AsianHeat-67|1|
|gen|9
|tier|[Gen 9] VGC 2025 Reg H (Bo3)
|rule|Species Clause: Limit one of each Pokémon
|rule|Item Clause: Limit 1 of each item
|clearpoke
|poke|p1|Tauros-Paldea-Aqua, L50, M|
|poke|p1|Garganacl, L50, M|
|poke|p1|Pelipper, L50, F|
|poke|p1|Froslass, L50, F|
|poke|p1|Brambleghast, L50, F|
|poke|p1|Bulbasaur, L50, M|
|poke|p2|Rillaboom, L50, F|
|poke|p2|Snorlax, L50, M|
|poke|p2|Exeggutor-Alola, L50, F|
|poke|p2|Clodsire, L50, F|
|poke|p2|Emboar, L50, F|
|poke|p2|Feraligatr, L50, F|
|teampreview|4
|showteam|p1|Tauros-Paldea-Aqua||LifeOrb|AngerPoint|WildCharge,BulkUp,AquaJet,RagingBull|||M|||50|,,,,,Electric]Garganacl||Leftovers|PurifyingSalt|IronDefense,BodyPress,SaltCure,Recover|||M|||50|,,,,,Fighting]Pelipper||AssaultVest|Drizzle|Uturn,Hurricane,Tailwind,IcyWind|||F|||50|,,,,,Ice]Froslass||FocusSash|CursedBody|FrostBreath,IcyWind,Hex,LightScreen|||F|||50|,,,,,Steel]Brambleghast||SitrusBerry|WindRider|Poltergeist,Protect,LeechSeed,SeedBomb|||F|||50|,,,,,Grass]Bulbasaur||Eviolite|Overgrow|HelpingHand,SleepPowder,Protect,Toxic|||M|||50|,,,,,Grass
|showteam|p2|Rillaboom||AssaultVest|GrassySurge|FakeOut,EarthPower,GrassyGlide,WoodHammer|||F|||50|,,,,,Ground]Snorlax||SalacBerry|Gluttony|BellyDrum,BodySlam,TeraBlast,SleepTalk|||M|||50|,,,,,Grass]Exeggutor-Alola||LightClay|Harvest|Reflect,LightScreen,DragonTail,Synthesis|||F|||50|,,,,,Fairy]Clodsire||Leftovers|Unaware|Counter,Toxic,HighHorsepower,RockSlide|||F|||50|,,,,,Ground]Emboar||ChoiceBand|Reckless|CloseCombat,FlareBlitz,WildCharge,DoubleEdge|||F|||50|,,,,,Water]Feraligatr||LifeOrb|SheerForce|Liquidation,Waterfall,Crunch,IceFang|||F|||50|,,,,,Dragon
|j| Mellolewd
|
|t:|1756175235
|teamsize|p1|4
|teamsize|p2|4
|start
|switch|p1a: Froslass|Froslass, L50, F|100/100
|switch|p1b: Tauros|Tauros-Paldea-Aqua, L50, M, shiny|100/100
|switch|p2a: Nonchalant Moyin|Exeggutor-Alola, L50, F|100/100
|switch|p2b: Dongil Gweon|Emboar, L50, F|100/100
|turn|1
|
|t:|1756175261
|-terastallize|p2a: Nonchalant Moyin|Fairy
|move|p1a: Froslass|Frost Breath|p1b: Tauros
|-resisted|p1b: Tauros
|-crit|p1b: Tauros
|-damage|p1b: Tauros|74/100
|-setboost|p1b: Tauros|atk|6|[from] ability: Anger Point
|move|p1b: Tauros|Raging Bull|p2b: Dongil Gweon
|-supereffective|p2b: Dongil Gweon
|-damage|p2b: Dongil Gweon|0 fnt
|faint|p2b: Dongil Gweon
|-damage|p1b: Tauros|64/100|[from] item: Life Orb
|move|p2a: Nonchalant Moyin|Light Screen|p2a: Nonchalant Moyin
|-sidestart|p2: AsianHeat-67|move: Light Screen
|
|upkeep
|
|t:|1756175276
|switch|p2b: Niko GaynSmelli|Rillaboom, L50, F|100/100
|-fieldstart|move: Grassy Terrain|[from] ability: Grassy Surge|[of] p2b: Niko GaynSmelli
|turn|2
|
|t:|1756175319
|-terastallize|p1b: Tauros|Electric
|move|p2b: Niko GaynSmelli|Fake Out|p1b: Tauros
|-damage|p1b: Tauros|50/100
|move|p1a: Froslass|Icy Wind|p2b: Niko GaynSmelli|[spread] p2b
|-miss|p1a: Froslass|p2a: Nonchalant Moyin
|-supereffective|p2b: Niko GaynSmelli
|-damage|p2b: Niko GaynSmelli|79/100
|-unboost|p2b: Niko GaynSmelli|spe|1
|cant|p1b: Tauros|flinch
|move|p2a: Nonchalant Moyin|Dragon Tail|p1b: Tauros
|-damage|p1b: Tauros|24/100
|drag|p1b: Garganacl|Garganacl, L50, M|100/100
|
|-heal|p2b: Niko GaynSmelli|85/100|[from] Grassy Terrain
|upkeep
|turn|3
|
|t:|1756175374
|move|p1a: Froslass|Frost Breath|p2b: Niko GaynSmelli
|-supereffective|p2b: Niko GaynSmelli
|-crit|p2b: Niko GaynSmelli
|-damage|p2b: Niko GaynSmelli|10/100
|move|p2b: Niko GaynSmelli|Earth Power|p1a: Froslass
|-damage|p1a: Froslass|78/100
|move|p1b: Garganacl|Salt Cure|p2b: Niko GaynSmelli
|-damage|p2b: Niko GaynSmelli|0 fnt
|faint|p2b: Niko GaynSmelli
|move|p2a: Nonchalant Moyin|Dragon Tail|p1b: Garganacl
|-damage|p1b: Garganacl|86/100
|drag|p1b: Tauros|Tauros-Paldea-Aqua, L50, M, shiny, tera:Electric|24/100
|
|-heal|p1a: Froslass|85/100|[from] Grassy Terrain
|-heal|p1b: Tauros|30/100|[from] Grassy Terrain
|upkeep
|
|t:|1756175388
|switch|p2b: The Carl Zhang|Snorlax, L50, M|100/100
|turn|4
|
|t:|1756175436
|move|p1a: Froslass|Icy Wind|p2a: Nonchalant Moyin|[spread] p2a,p2b
|-crit|p2a: Nonchalant Moyin
|-damage|p2a: Nonchalant Moyin|75/100
|-damage|p2b: The Carl Zhang|93/100
|-unboost|p2a: Nonchalant Moyin|spe|1
|-unboost|p2b: The Carl Zhang|spe|1
|move|p1b: Tauros|Raging Bull|p2b: The Carl Zhang
|-sideend|p2: AsianHeat-67|move: Light Screen
|-damage|p2b: The Carl Zhang|23/100
|-enditem|p2b: The Carl Zhang|Salac Berry|[eat]
|-boost|p2b: The Carl Zhang|spe|1|[from] item: Salac Berry
|-damage|p1b: Tauros|20/100|[from] item: Life Orb
|move|p2b: The Carl Zhang|Body Slam|p1b: Tauros
|-damage|p1b: Tauros|0 fnt
|faint|p1b: Tauros
|move|p2a: Nonchalant Moyin|Reflect|p2a: Nonchalant Moyin
|-sidestart|p2: AsianHeat-67|Reflect
|
|-heal|p1a: Froslass|91/100|[from] Grassy Terrain
|-heal|p2b: The Carl Zhang|29/100|[from] Grassy Terrain
|-heal|p2a: Nonchalant Moyin|81/100|[from] Grassy Terrain
|upkeep
|
|t:|1756175461
|switch|p1b: Garganacl|Garganacl, L50, M|86/100
|turn|5
|
|t:|1756175473
|move|p1a: Froslass|Frost Breath|p2b: The Carl Zhang
|-crit|p2b: The Carl Zhang
|-damage|p2b: The Carl Zhang|5/100
|move|p2b: The Carl Zhang|Body Slam|p1b: Garganacl
|-resisted|p1b: Garganacl
|-damage|p1b: Garganacl|72/100
|move|p1b: Garganacl|Iron Defense|p1b: Garganacl
|-boost|p1b: Garganacl|def|2
|move|p2a: Nonchalant Moyin|Light Screen|p2a: Nonchalant Moyin
|-sidestart|p2: AsianHeat-67|move: Light Screen
|
|-heal|p1a: Froslass|97/100|[from] Grassy Terrain
|-heal|p2b: The Carl Zhang|11/100|[from] Grassy Terrain
|-heal|p1b: Garganacl|77/100|[from] Grassy Terrain
|-heal|p1b: Garganacl|83/100|[from] item: Leftovers
|-heal|p2a: Nonchalant Moyin|87/100|[from] Grassy Terrain
|upkeep
|turn|6
|
|t:|1756175513
|move|p1a: Froslass|Frost Breath|p2b: The Carl Zhang
|-crit|p2b: The Carl Zhang
|-damage|p2b: The Carl Zhang|0 fnt
|faint|p2b: The Carl Zhang
|move|p1b: Garganacl|Body Press|p2a: Nonchalant Moyin
|-resisted|p2a: Nonchalant Moyin
|-damage|p2a: Nonchalant Moyin|76/100
|move|p2a: Nonchalant Moyin|Dragon Tail|p1a: Froslass
|-damage|p1a: Froslass|60/100
|-start|p2a: Nonchalant Moyin|Disable|Dragon Tail|[from] ability: Cursed Body|[of] p1a: Froslass
|drag|p1a: Pelipper|Pelipper, L50, F|100/100
|-weather|RainDance|[from] ability: Drizzle|[of] p1a: Pelipper
|
|-weather|RainDance|[upkeep]
|-heal|p1b: Garganacl|89/100|[from] Grassy Terrain
|-heal|p1b: Garganacl|95/100|[from] item: Leftovers
|-heal|p2a: Nonchalant Moyin|82/100|[from] Grassy Terrain
|-fieldend|move: Grassy Terrain
|upkeep
|turn|7
|
|t:|1756175535
|move|p1a: Pelipper|Hurricane|p2a: Nonchalant Moyin
|-damage|p2a: Nonchalant Moyin|57/100
|move|p1b: Garganacl|Salt Cure|p2a: Nonchalant Moyin
|-damage|p2a: Nonchalant Moyin|50/100
|-start|p2a: Nonchalant Moyin|Salt Cure
|move|p2a: Nonchalant Moyin|Synthesis|p2a: Nonchalant Moyin
|-heal|p2a: Nonchalant Moyin|75/100
|
|-weather|RainDance|[upkeep]
|-heal|p1b: Garganacl|100/100|[from] item: Leftovers
|-damage|p2a: Nonchalant Moyin|62/100|[from] Salt Cure
|upkeep
|turn|8
|
|t:|1756175552
|move|p1a: Pelipper|Hurricane|p2a: Nonchalant Moyin
|-damage|p2a: Nonchalant Moyin|35/100
|-start|p2a: Nonchalant Moyin|confusion
|move|p1b: Garganacl|Body Press|p2a: Nonchalant Moyin
|-resisted|p2a: Nonchalant Moyin
|-damage|p2a: Nonchalant Moyin|23/100
|-activate|p2a: Nonchalant Moyin|confusion
|move|p2a: Nonchalant Moyin|Synthesis|p2a: Nonchalant Moyin
|-heal|p2a: Nonchalant Moyin|48/100
|
|-weather|RainDance|[upkeep]
|-damage|p2a: Nonchalant Moyin|36/100|[from] Salt Cure
|upkeep
|turn|9
|
|t:|1756175565
|move|p1a: Pelipper|Hurricane|p2a: Nonchalant Moyin
|-damage|p2a: Nonchalant Moyin|10/100
|move|p1b: Garganacl|Body Press|p2a: Nonchalant Moyin
|-resisted|p2a: Nonchalant Moyin
|-damage|p2a: Nonchalant Moyin|0 fnt
|faint|p2a: Nonchalant Moyin
|
|win|nikosm240i
