|j|☆heycoachitsnate
|j|☆JasonLoserpants
|html|heycoachitsnateJasonLoserpants    
|uhtml|bestof|Game 1 of a best-of-3
|t:|1785902915
|gametype|doubles
|player|p1|heycoachitsnate|n|1135
|player|p2|JasonLoserpants|101|1192
|gen|9
|tier|[Gen 9 Champions] VGC 2026 Reg M-B (Bo3)
|rated|
|rule|Species Clause: Limit one of each Pokémon
|rule|Item Clause: Limit 1 of each item
|clearpoke
|poke|p1|Venusaur, L50, F|
|poke|p1|Charizard, L50, M, shiny|
|poke|p1|Garchomp, L50, M|
|poke|p1|Annihilape, L50, F, shiny|
|poke|p1|Incineroar, L50, F|
|poke|p1|Toxapex, L50, F, shiny|
|poke|p2|Grimmsnarl, L50, M|
|poke|p2|Garchomp, L50, F|
|poke|p2|Sylveon, L50, M|
|poke|p2|Staraptor, L50, F|
|poke|p2|Tyranitar, L50, F|
|poke|p2|Charizard, L50, M|
|teampreview|4
|showteam|p1|Venusaur||LifeOrb|Chlorophyll|SolarBeam,SludgeBomb,EarthPower,Protect|Modest||F|||50|]Charizard||CharizarditeY|Blaze|HeatWave,WeatherBall,HelpingHand,Protect|Bold||M|||50|]Garchomp||ChoiceScarf|RoughSkin|RockSlide,DragonClaw,Earthquake,StompingTantrum|Adamant||M|||50|]Annihilape||FocusSash|Defiant|PhantomForce,CloseCombat,RockTomb,Protect|Jolly||F|||50|]Incineroar||SitrusBerry|Intimidate|FlareBlitz,ThroatChop,PartingShot,FakeOut|Impish||F|||50|]Toxapex||Leftovers|Regenerator|Infestation,Toxic,WideGuard,BanefulBunker|Impish||F|||50|
|showteam|p2|Grimmsnarl||RoseliBerry|Prankster|FakeOut,SpiritBreak,PartingShot,ScaryFace|Sassy||M|||50|]Garchomp||LifeOrb|RoughSkin|DragonClaw,Earthquake,RockSlide,Protect|Jolly||F|||50|]Sylveon||FairyFeather|Pixilate|HyperVoice,QuickAttack,HyperBeam,Detect|Modest||M|||50|]Staraptor||Staraptite|Intimidate|CloseCombat,BraveBird,Roost,Protect|Adamant||F|||50|]Tyranitar||ChoiceScarf|SandStream|RockSlide,KnockOff,IcePunch,LowKick|Jolly||F|||50|]Charizard||CharizarditeY|SolarPower|HeatWave,SolarBeam,WeatherBall,Protect|Modest||M|||50|
|inactive|Battle timer is ON: inactive players will automatically lose when time's up. (requested by heycoachitsnate)
|inactive|JasonLoserpants also wants the timer to be on.
|inactive|heycoachitsnate has 60 seconds left.
|inactive|JasonLoserpants has 60 seconds left.
|
|t:|1785902954
|teamsize|p1|4
|teamsize|p2|4
|start
|switch|p1a: Charizard|Charizard, L50, M, shiny|100/100
|switch|p1b: Incineroar|Incineroar, L50, F|100/100
|switch|p2a: Grimmsnarl|Grimmsnarl, L50, M|100/100
|switch|p2b: Staraptor|Staraptor, L50, F|100/100
|-ability|p2b: Staraptor|Intimidate|boost
|-unboost|p1a: Charizard|atk|1
|-unboost|p1b: Incineroar|atk|1
|-ability|p1b: Incineroar|Intimidate|boost
|-unboost|p2a: Grimmsnarl|atk|1
|-unboost|p2b: Staraptor|atk|1
|turn|1
|
|t:|1785902978
|switch|p1b: Toxapex|Toxapex, L50, F, shiny|100/100
|detailschange|p1a: Charizard|Charizard-Mega-Y, L50, M, shiny
|-mega|p1a: Charizard|Charizard|Charizardite Y
|-weather|SunnyDay|[from] ability: Drought|[of] p1a: Charizard
|detailschange|p2b: Staraptor|Staraptor-Mega, L50, F
|-mega|p2b: Staraptor|Staraptor|Staraptite
|move|p2a: Grimmsnarl|Fake Out|p1a: Charizard
|-damage|p1a: Charizard|92/100
|cant|p1a: Charizard|flinch
|move|p2b: Staraptor|Close Combat|p1b: Toxapex
|-resisted|p1b: Toxapex|1
|-damage|p1b: Toxapex|86/100
|-boost|p2b: Staraptor|def|1
|-boost|p2b: Staraptor|spd|1
|
|-weather|SunnyDay|[upkeep]
|-heal|p1b: Toxapex|92/100|[from] item: Leftovers
|upkeep
|turn|2
|inactive|heycoachitsnate has 30 seconds left.
|inactive|JasonLoserpants has 30 seconds left.
|
|t:|1785903006
|move|p2a: Grimmsnarl|Parting Shot|p2b: Staraptor
|-boost|p2b: Staraptor|atk|1
|-boost|p2b: Staraptor|spa|1
|
|t:|1785903011
|switch|p2a: Tyranitar|Tyranitar, L50, F|100/100|[from] Parting Shot
|-weather|Sandstorm|[from] ability: Sand Stream|[of] p2a: Tyranitar
|move|p1a: Charizard|Heat Wave|p2b: Staraptor|[spread] p2a,p2b
|-resisted|p2a: Tyranitar|1
|-damage|p2a: Tyranitar|86/100
|-damage|p2b: Staraptor|79/100
|move|p2b: Staraptor|Close Combat|p1a: Charizard
|-resisted|p1a: Charizard|1
|-damage|p1a: Charizard|62/100
|-boost|p2b: Staraptor|def|1
|-boost|p2b: Staraptor|spd|1
|move|p1b: Toxapex|Toxic|p2b: Staraptor
|-status|p2b: Staraptor|tox
|
|-weather|Sandstorm|[upkeep]
|-damage|p1a: Charizard|56/100|[from] Sandstorm
|-damage|p2b: Staraptor|72/100 tox|[from] Sandstorm
|-damage|p1b: Toxapex|86/100|[from] Sandstorm
|-heal|p1b: Toxapex|92/100|[from] item: Leftovers
|-damage|p2b: Staraptor|66/100 tox|[from] psn
|upkeep
|turn|3
|
|t:|1785903033
|move|p1a: Charizard|Protect|p1a: Charizard
|-singleturn|p1a: Charizard|Protect
|move|p1b: Toxapex|Baneful Bunker|p1b: Toxapex
|-singleturn|p1b: Toxapex|move: Protect
|move|p2a: Tyranitar|Knock Off|p1b: Toxapex
|-activate|p1b: Toxapex|move: Protect
|-status|p2a: Tyranitar|psn
|move|p2b: Staraptor|Close Combat|p1a: Charizard
|-activate|p1a: Charizard|move: Protect
|
|-weather|Sandstorm|[upkeep]
|-damage|p1a: Charizard|50/100g|[from] Sandstorm
|-damage|p2b: Staraptor|60/100 tox|[from] Sandstorm
|-damage|p1b: Toxapex|86/100|[from] Sandstorm
|-heal|p1b: Toxapex|92/100|[from] item: Leftovers
|-damage|p2a: Tyranitar|74/100 psn|[from] psn
|-damage|p2b: Staraptor|47/100 tox|[from] psn
|upkeep
|turn|4
|
|t:|1785903051
|switch|p1a: Garchomp|Garchomp, L50, M|100/100
|move|p2a: Tyranitar|Knock Off|p1b: Toxapex
|-damage|p1b: Toxapex|57/100
|-enditem|p1b: Toxapex|Leftovers|[from] move: Knock Off|[of] p2a: Tyranitar
|move|p2b: Staraptor|Close Combat|p1a: Garchomp
|-damage|p1a: Garchomp|39/100
|-boost|p2b: Staraptor|def|1
|-boost|p2b: Staraptor|spd|1
|-damage|p2b: Staraptor|35/100 tox|[from] ability: Rough Skin|[of] p1a: Garchomp
|move|p1b: Toxapex|Infestation|p2b: Staraptor
|-resisted|p2b: Staraptor|2
|-damage|p2b: Staraptor|34/100 tox
|-activate|p2b: Staraptor|move: Infestation|[of] p1b: Toxapex
|
|-weather|Sandstorm|[upkeep]
|-damage|p2b: Staraptor|28/100 tox|[from] Sandstorm
|-damage|p1b: Toxapex|52/100|[from] Sandstorm
|-damage|p2a: Tyranitar|62/100 psn|[from] psn
|-damage|p2b: Staraptor|9/100 tox|[from] psn
|-damage|p2b: Staraptor|0 fnt|[from] move: Infestation|[partiallytrapped]
|faint|p2b: Staraptor
|upkeep
|
|t:|1785903067
|switch|p2b: Sylveon|Sylveon, L50, M|100/100
|turn|5
|
|t:|1785903089
|move|p1a: Garchomp|Stomping Tantrum|p2a: Tyranitar
|-supereffective|p2a: Tyranitar|1
|-damage|p2a: Tyranitar|0 fnt
|faint|p2a: Tyranitar
|move|p2b: Sylveon|Hyper Voice|p1a: Garchomp|[spread] p1a,p1b
|-supereffective|p1a: Garchomp|1
|-resisted|p1b: Toxapex|1
|-damage|p1a: Garchomp|0 fnt
|-damage|p1b: Toxapex|33/100
|faint|p1a: Garchomp
|move|p1b: Toxapex|Toxic|p2b: Sylveon
|-status|p2b: Sylveon|tox
|
|-weather|Sandstorm|[upkeep]
|-damage|p2b: Sylveon|94/100 tox|[from] Sandstorm
|-damage|p1b: Toxapex|28/100|[from] Sandstorm
|-damage|p2b: Sylveon|88/100 tox|[from] psn
|upkeep
|-message|JasonLoserpants forfeited.
|
|win|heycoachitsnate
||JasonLoserpants is ready for game 2.
