|j|☆Blood Mustard
|j|☆IlluminaGielBakker
|html|Blood MustardIlluminaGielBakker    
|uhtml|bestof|Game 3 of a best-of-3
|t:|1754246137
|gametype|doubles
|player|p1|Blood Mustard|acetrainer-gen4|1208
|player|p2|IlluminaGielBakker|wattson|1270
|gen|9
|tier|[Gen 9] VGC 2025 Reg H (Bo3)
|rated|
|rule|Species Clause: Limit one of each Pokémon
|rule|Item Clause: Limit 1 of each item
|clearpoke
|poke|p1|Annihilape, L50, M|
|poke|p1|Maushold, L50|
|poke|p1|Tyranitar, L50, M|
|poke|p1|Ursaluna-Bloodmoon, L50, M|
|poke|p1|Klefki, L50, M|
|poke|p1|Sinistcha, L50|
|poke|p2|Porygon2, L50|
|poke|p2|Incineroar, L50, M|
|poke|p2|Pelipper, L50, M|
|poke|p2|Sneasler, L50, F|
|poke|p2|Ursaluna, L50, F|
|poke|p2|Gholdengo, L50|
|teampreview|4
|showteam|p1|Annihilape||SpellTag|Defiant|DrainPunch,RageFist,BulkUp,Protect|||M|||50|,,,,,Water]Maushold||SafetyGoggles|FriendGuard|BeatUp,FollowMe,Taunt,Protect||||||50|,,,,,Ghost]Tyranitar||AssaultVest|SandStream|KnockOff,RockSlide,LowKick,TeraBlast|||M|||50|,,,,,Flying]Ursaluna-Bloodmoon||LifeOrb|MindsEye|BloodMoon,EarthPower,HyperVoice,Protect|||M|||50|,,,,,Normal]Klefki||LightClay|Prankster|DazzlingGleam,MistyTerrain,LightScreen,Reflect|||M|||50|,,,,,Ghost]Sinistcha||SitrusBerry|Hospitality|MatchaGotcha,RagePowder,LifeDew,TrickRoom||||||50|,,,,,Fairy
|showteam|p2|Porygon2||Eviolite|Download|TeraBlast,IceBeam,Recover,TrickRoom||||||50|,,,,,Electric]Incineroar||SafetyGoggles|Intimidate|FakeOut,KnockOff,FlareBlitz,PartingShot|||M|||50|,,,,,Ghost]Pelipper||CovertCloak|Drizzle|WeatherBall,WideGuard,Hurricane,Tailwind|||M|||50|,,,,,Grass]Sneasler||FocusSash|Unburden|FakeOut,CloseCombat,DireClaw,Protect|||F|||50|,,,,,Stellar]Ursaluna||FlameOrb|Guts|Facade,HeadlongRush,Earthquake,Protect|||F|||50|,,,,,Poison]Gholdengo||Leftovers|GoodasGold|MakeItRain,ShadowBall,NastyPlot,Protect||||||50|,,,,,Water
|inactive|Battle timer is ON: inactive players will automatically lose when time's up. (requested by IlluminaGielBakker)
|
|t:|1754246159
|teamsize|p1|4
|teamsize|p2|4
|start
|switch|p1a: Maushold|Maushold, L50|100/100
|switch|p1b: Annihilape|Annihilape, L50, M|100/100
|switch|p2a: Pelipper|Pelipper, L50, M, shiny|100/100
|switch|p2b: Sneasler|Sneasler, L50, F|100/100
|-weather|RainDance|[from] ability: Drizzle|[of] p2a: Pelipper
|turn|1
|
|t:|1754246176
|-terastallize|p1b: Annihilape|Water
|move|p2b: Sneasler|Close Combat|p1a: Maushold
|-supereffective|p1a: Maushold
|-damage|p1a: Maushold|0 fnt
|-unboost|p2b: Sneasler|def|1
|-unboost|p2b: Sneasler|spd|1
|faint|p1a: Maushold
|move|p1b: Annihilape|Bulk Up|p1b: Annihilape
|-boost|p1b: Annihilape|atk|1
|-boost|p1b: Annihilape|def|1
|move|p2a: Pelipper|Tailwind|p2a: Pelipper
|-sidestart|p2: IlluminaGielBakker|move: Tailwind
|
|-weather|RainDance|[upkeep]
|upkeep
|
|t:|1754246191
|switch|p1a: The Keys|Klefki, L50, M|100/100
|turn|2
|
|t:|1754246202
|switch|p2a: Ursaluna|Ursaluna, L50, F|100/100
|move|p1b: Annihilape|Protect|p1b: Annihilape
|-singleturn|p1b: Annihilape|Protect
|move|p1a: The Keys|Reflect|p1a: The Keys
|-sidestart|p1: Blood Mustard|Reflect
|move|p2b: Sneasler|Close Combat|p1a: The Keys
|-damage|p1a: The Keys|62/100
|-unboost|p2b: Sneasler|def|1
|-unboost|p2b: Sneasler|spd|1
|
|-weather|RainDance|[upkeep]
|-status|p2a: Ursaluna|brn|[from] item: Flame Orb
|upkeep
|turn|3
|inactive|IlluminaGielBakker has 30 seconds left.
|
|t:|1754246229
|switch|p2b: Porygon2|Porygon2, L50, shiny|100/100
|-ability|p2b: Porygon2|Download|boost
|-boost|p2b: Porygon2|spa|1
|move|p1a: The Keys|Misty Terrain|p1a: The Keys
|-fieldstart|move: Misty Terrain
|move|p1b: Annihilape|Drain Punch|p2a: Ursaluna
|-supereffective|p2a: Ursaluna
|-damage|p2a: Ursaluna|27/100 brn
|move|p2a: Ursaluna|Headlong Rush|p1a: The Keys
|-supereffective|p1a: The Keys
|-damage|p1a: The Keys|0 fnt
|-unboost|p2a: Ursaluna|def|1
|-unboost|p2a: Ursaluna|spd|1
|faint|p1a: The Keys
|
|-weather|RainDance|[upkeep]
|-damage|p2a: Ursaluna|21/100 brn|[from] brn
|upkeep
|
|t:|1754246247
|switch|p1a: Frank|Sinistcha, L50|100/100
|turn|4
|
|t:|1754246265
|-terastallize|p2b: Porygon2|Electric
|move|p2b: Porygon2|Ice Beam|p1a: Frank
|-supereffective|p1a: Frank
|-damage|p1a: Frank|36/100
|-enditem|p1a: Frank|Sitrus Berry|[eat]
|-heal|p1a: Frank|61/100|[from] item: Sitrus Berry
|move|p1b: Annihilape|Drain Punch|p2b: Porygon2
|-damage|p2b: Porygon2|69/100
|move|p2a: Ursaluna|Headlong Rush|p1a: Frank
|-resisted|p1a: Frank
|-damage|p1a: Frank|29/100
|-unboost|p2a: Ursaluna|def|1
|-unboost|p2a: Ursaluna|spd|1
|move|p1a: Frank|Matcha Gotcha|p2b: Porygon2|[spread] p2a,p2b
|-supereffective|p2a: Ursaluna
|-damage|p2a: Ursaluna|0 fnt
|-heal|p1a: Frank|42/100|[from] drain|[of] p2a: Ursaluna
|-damage|p2b: Porygon2|54/100
|-heal|p1a: Frank|50/100|[from] drain|[of] p2b: Porygon2
|faint|p2a: Ursaluna
|
|-weather|RainDance|[upkeep]
|-sideend|p2: IlluminaGielBakker|move: Tailwind
|upkeep
|
|t:|1754246272
|switch|p2a: Sneasler|Sneasler, L50, F|100/100
|turn|5
|inactive|Blood Mustard has 30 seconds left.
|inactive|Blood Mustard has 20 seconds left.
|inactive|Blood Mustard has 15 seconds left.
|
|t:|1754246315
|move|p2a: Sneasler|Fake Out|p1b: Annihilape
|-damage|p1b: Annihilape|94/100
|cant|p1b: Annihilape|flinch
|move|p1a: Frank|Matcha Gotcha|p2b: Porygon2|[spread] p2a,p2b
|-resisted|p2a: Sneasler
|-damage|p2a: Sneasler|84/100
|-heal|p1a: Frank|58/100|[from] drain|[of] p2a: Sneasler
|-damage|p2b: Porygon2|40/100
|-heal|p1a: Frank|66/100|[from] drain|[of] p2b: Porygon2
|move|p2b: Porygon2|Trick Room|p2b: Porygon2
|-fieldstart|move: Trick Room|[of] p2b: Porygon2
|
|-weather|none
|upkeep
|turn|6
|inactive|Blood Mustard has 30 seconds left.
|
|t:|1754246349
|move|p1a: Frank|Life Dew|p1a: Frank|[spread] p1a,p1b
|-heal|p1a: Frank|91/100
|-heal|p1b: Annihilape|100/100
|move|p2b: Porygon2|Recover|p2b: Porygon2
|-heal|p2b: Porygon2|90/100
|move|p1b: Annihilape|Drain Punch|p2b: Porygon2
|-damage|p2b: Porygon2|59/100
|move|p2a: Sneasler|Dire Claw|p1a: Frank
|-crit|p1a: Frank
|-damage|p1a: Frank|33/100
|
|upkeep
|turn|7
|
|t:|1754246369
|move|p1a: Frank|Matcha Gotcha|p2b: Porygon2|[spread] p2a,p2b
|-resisted|p2a: Sneasler
|-crit|p2b: Porygon2
|-damage|p2a: Sneasler|67/100
|-heal|p1a: Frank|40/100|[from] drain|[of] p2a: Sneasler
|-damage|p2b: Porygon2|37/100
|-heal|p1a: Frank|53/100|[from] drain|[of] p2b: Porygon2
|move|p2b: Porygon2|Tera Blast|p1b: Annihilape|[anim] Tera Blast Electric
|-supereffective|p1b: Annihilape
|-damage|p1b: Annihilape|0 fnt
|faint|p1b: Annihilape
|move|p2a: Sneasler|Close Combat|p1a: Frank
|-immune|p1a: Frank
|
|-fieldend|Misty Terrain
|upkeep
|turn|8
|inactive|Blood Mustard has 30 seconds left.
|-message|Blood Mustard forfeited.
|
|win|IlluminaGielBakker
|raw|Blood Mustard's rating: 1208 → 1187(-21 for losing)
|raw|IlluminaGielBakker's rating: 1270 → 1291(+21 for winning)
|l|☆Blood Mustard
|player|p1|
