|j|☆ikermb5
|j|☆tontoniton
|html|ikermb5tontoniton    
|uhtml|bestof|Game 1 of a best-of-3
|t:|1782201080
|gametype|doubles
|player|p1|ikermb5|2|1150
|player|p2|tontoniton|erbie-unite|1147
|gen|9
|tier|[Gen 9 Champions] VGC 2026 Reg M-B (Bo3)
|rated|
|rule|Species Clause: Limit one of each Pokémon
|rule|Item Clause: Limit 1 of each item
|clearpoke
|poke|p1|Raichu, L50, F|
|poke|p1|Aerodactyl, L50, F|
|poke|p1|Garchomp, L50, F|
|poke|p1|Sylveon, L50, F|
|poke|p1|Scrafty, L50, M|
|poke|p1|Gholdengo, L50|
|poke|p2|Grimmsnarl, L50, M|
|poke|p2|Kingambit, L50, M|
|poke|p2|Gholdengo, L50|
|poke|p2|Dragalge, L50, M|
|poke|p2|Scrafty, L50, M|
|poke|p2|Farigiraf, L50, M|
|teampreview|4
|showteam|p1|Raichu||RaichuniteX|LightningRod|VoltTackle,GrassKnot,DrainPunch,Protect|Careful||F|||50|]Aerodactyl||FocusSash|Unnerve|RockSlide,DualWingbeat,Tailwind,IceFang|Jolly||F|||50|]Garchomp||LifeOrb|RoughSkin|RockSlide,StompingTantrum,Earthquake,Protect|Adamant||F|||50|]Sylveon||FairyFeather|Pixilate|HyperVoice,HyperBeam,QuickAttack,Protect|Modest||F|||50|]Scrafty||Scraftinite|Intimidate|FakeOut,DrainPunch,ThroatChop,Protect|Adamant||M|||50|]Gholdengo||Leftovers|GoodasGold|Recover,MakeItRain,NastyPlot,Protect|Modest|||||50|
|showteam|p2|Grimmsnarl||LightClay|Prankster|LightScreen,Reflect,FakeOut,PartingShot|Careful||M|||50|]Kingambit||ChopleBerry|Defiant|KowtowCleave,SuckerPunch,IronHead,Protect|Adamant||M|||50|]Gholdengo||LifeOrb|GoodasGold|MakeItRain,ShadowBall,NastyPlot,Protect|Timid|||||50|]Dragalge||Dragalgite|Adaptability|SludgeBomb,DracoMeteor,Thunderbolt,Protect|Modest||M|||50|]Scrafty||Scraftinite|Intimidate|FakeOut,DrainPunch,KnockOff,IcePunch|Impish||M|||50|]Farigiraf||SitrusBerry|ArmorTail|Psychic,Protect,TrickRoom,HelpingHand|Bold||M|||50|
|inactive|Battle timer is ON: inactive players will automatically lose when time's up. (requested by tontoniton)
|inactive|tontoniton has 60 seconds left.
|
|t:|1782201130
|teamsize|p1|4
|teamsize|p2|4
|start
|switch|p1a: Scrafty|Scrafty, L50, M|100/100
|switch|p1b: Sylveon|Sylveon, L50, F|100/100
|switch|p2a: Grimmsnarl|Grimmsnarl, L50, M|100/100
|switch|p2b: Dragalge|Dragalge, L50, M|100/100
|-ability|p1a: Scrafty|Intimidate|boost
|-unboost|p2a: Grimmsnarl|atk|1
|-unboost|p2b: Dragalge|atk|1
|turn|1
|
|t:|1782201148
|detailschange|p2b: Dragalge|Dragalge-Mega, L50, M
|-mega|p2b: Dragalge|Dragalge|Dragalgite
|move|p1a: Scrafty|Fake Out|p2b: Dragalge
|-damage|p2b: Dragalge|87/100
|move|p2a: Grimmsnarl|Fake Out|p1b: Sylveon
|-damage|p1b: Sylveon|92/100
|cant|p1b: Sylveon|flinch
|cant|p2b: Dragalge|flinch
|
|upkeep
|turn|2
|inactive|ikermb5 has 30 seconds left.
|inactive|tontoniton has 30 seconds left.
|inactive|ikermb5 has 20 seconds left.
|
|t:|1782201185
|detailschange|p1a: Scrafty|Scrafty-Mega, L50, M
|-mega|p1a: Scrafty|Scrafty|Scraftinite
|-ability|p1a: Scrafty|Intimidate|boost
|-unboost|p2a: Grimmsnarl|atk|1
|-unboost|p2b: Dragalge|atk|1
|move|p1b: Sylveon|Protect|p1b: Sylveon
|-singleturn|p1b: Sylveon|Protect
|move|p2a: Grimmsnarl|Reflect|p2a: Grimmsnarl
|-sidestart|p2: tontoniton|Reflect
|move|p1a: Scrafty|Throat Chop|p2a: Grimmsnarl
|-resisted|p2a: Grimmsnarl|2
|-damage|p2a: Grimmsnarl|92/100
|-start|p2a: Grimmsnarl|Throat Chop|[silent]
|move|p2b: Dragalge|Draco Meteor|p1a: Scrafty|[miss]
|-miss|p2b: Dragalge|p1a: Scrafty
|
|upkeep
|turn|3
|inactive|ikermb5 has 30 seconds left.
|
|t:|1782201219
|move|p2a: Grimmsnarl|Light Screen|p2a: Grimmsnarl
|-sidestart|p2: tontoniton|move: Light Screen
|move|p1a: Scrafty|Throat Chop|p2b: Dragalge
|-damage|p2b: Dragalge|59/100
|-start|p2b: Dragalge|Throat Chop|[silent]
|move|p1b: Sylveon|Hyper Voice|p2a: Grimmsnarl|[spread] p2a,p2b
|-supereffective|p2a: Grimmsnarl|1
|-damage|p2a: Grimmsnarl|38/100
|-damage|p2b: Dragalge|39/100
|move|p2b: Dragalge|Sludge Bomb|p1b: Sylveon
|-supereffective|p1b: Sylveon|1
|-damage|p1b: Sylveon|16/100
|
|-end|p2a: Grimmsnarl|Throat Chop|[silent]
|upkeep
|turn|4
|inactive|ikermb5 has 30 seconds left.
|inactive|tontoniton has 30 seconds left.
|inactive|ikermb5 has 20 seconds left.
|
|t:|1782201257
|move|p2b: Dragalge|Protect|p2b: Dragalge
|-singleturn|p2b: Dragalge|Protect
|move|p2a: Grimmsnarl|Parting Shot|p1b: Sylveon
|-unboost|p1b: Sylveon|atk|1
|-unboost|p1b: Sylveon|spa|1
|
|t:|1782201265
|switch|p2a: Gholdengo|Gholdengo, L50|100/100|[from] Parting Shot
|move|p1a: Scrafty|Throat Chop|p2b: Dragalge
|-activate|p2b: Dragalge|move: Protect
|move|p1b: Sylveon|Hyper Voice|p2b: Dragalge|[spread] p2a
|-activate|p2b: Dragalge|move: Protect
|-resisted|p2a: Gholdengo|1
|-damage|p2a: Gholdengo|88/100
|
|-end|p2b: Dragalge|Throat Chop|[silent]
|upkeep
|turn|5
|
|t:|1782201285
|switch|p1b: Garchomp|Garchomp, L50, F|100/100
|-heal|p2b: Dragalge|72/100|[from] ability: Regenerator|[silent]
|switch|p2b: Scrafty|Scrafty, L50, M|100/100
|-ability|p2b: Scrafty|Intimidate|boost
|-unboost|p1a: Scrafty|atk|1
|-unboost|p1b: Garchomp|atk|1
|move|p2a: Gholdengo|Protect|p2a: Gholdengo
|-singleturn|p2a: Gholdengo|Protect
|move|p1a: Scrafty|Throat Chop|p2a: Gholdengo
|-activate|p2a: Gholdengo|move: Protect
|
|upkeep
|turn|6
|
|t:|1782201307
|switch|p2a: Grimmsnarl|Grimmsnarl, L50, M|38/100
|move|p1a: Scrafty|Protect|p1a: Scrafty
|-singleturn|p1a: Scrafty|Protect
|move|p1b: Garchomp|Earthquake|p2a: Grimmsnarl|[spread] p2a,p2b
|-activate|p1a: Scrafty|move: Protect
|-damage|p2a: Grimmsnarl|14/100
|-damage|p2b: Scrafty|83/100
|-damage|p1b: Garchomp|90/100|[from] item: Life Orb
|move|p2b: Scrafty|Ice Punch|p1b: Garchomp
|-supereffective|p1b: Garchomp|2
|-damage|p1b: Garchomp|24/100
|-damage|p2b: Scrafty|70/100|[from] ability: Rough Skin|[of] p1b: Garchomp
|
|upkeep
|turn|7
|inactive|tontoniton has 30 seconds left.
|
|t:|1782201333
|switch|p1b: Raichu|Raichu, L50, F|100/100
|switch|p2a: Dragalge|Dragalge-Mega, L50, M|72/100
|move|p1a: Scrafty|Drain Punch|p2b: Scrafty
|-supereffective|p2b: Scrafty|1
|-damage|p2b: Scrafty|40/100
|move|p2b: Scrafty|Drain Punch|p1a: Scrafty
|-supereffective|p1a: Scrafty|1
|-damage|p1a: Scrafty|54/100
|-heal|p2b: Scrafty|62/100|[from] drain|[of] p1a: Scrafty
|
|upkeep
|turn|8
|inactive|ikermb5 has 30 seconds left.
|inactive|tontoniton has 30 seconds left.
|
|t:|1782201368
|switch|p1a: Sylveon|Sylveon, L50, F|16/100
|move|p1b: Raichu|Drain Punch|p2b: Scrafty
|-supereffective|p2b: Scrafty|1
|-damage|p2b: Scrafty|46/100
|move|p2b: Scrafty|Drain Punch|p1b: Raichu
|-damage|p1b: Raichu|67/100
|-heal|p2b: Scrafty|62/100|[from] drain|[of] p1b: Raichu
|move|p2a: Dragalge|Sludge Bomb|p1b: Raichu
|-damage|p1b: Raichu|12/100
|
|upkeep
|turn|9
|
|t:|1782201388
|switch|p1b: Scrafty|Scrafty-Mega, L50, M|54/100
|-ability|p1b: Scrafty|Intimidate|boost
|-unboost|p2a: Dragalge|atk|1
|-unboost|p2b: Scrafty|atk|1
|switch|p2b: Gholdengo|Gholdengo, L50|88/100
|move|p1a: Sylveon|Hyper Voice|p2b: Gholdengo|[spread] p2a,p2b
|-resisted|p2b: Gholdengo|1
|-damage|p2a: Dragalge|52/100
|-damage|p2b: Gholdengo|69/100
|move|p2a: Dragalge|Sludge Bomb|p1a: Sylveon
|-supereffective|p1a: Sylveon|1
|-damage|p1a: Sylveon|0 fnt
|faint|p1a: Sylveon
|
|-sideend|p2: tontoniton|Reflect
|upkeep
|
|t:|1782201399
|switch|p1a: Garchomp|Garchomp, L50, F|24/100
|turn|10
|
|t:|1782201419
|-heal|p2a: Dragalge|85/100|[from] ability: Regenerator|[silent]
|switch|p2a: Scrafty|Scrafty, L50, M|62/100
|-ability|p2a: Scrafty|Intimidate|boost
|-unboost|p1a: Garchomp|atk|1
|-unboost|p1b: Scrafty|atk|1
|move|p1b: Scrafty|Fake Out|p2a: Scrafty
|-damage|p2a: Scrafty|53/100
|move|p2b: Gholdengo|Make It Rain|p1a: Garchomp|[spread] p1a,p1b
|-damage|p1a: Garchomp|0 fnt
|-damage|p1b: Scrafty|2/100
|-unboost|p2b: Gholdengo|spa|2
|faint|p1a: Garchomp
|-damage|p2b: Gholdengo|59/100|[from] item: Life Orb
|
|-sideend|p2: tontoniton|move: Light Screen
|upkeep
|
|t:|1782201427
|switch|p1a: Raichu|Raichu, L50, F|12/100
|turn|11
|-message|ikermb5 forfeited.
|
|win|tontoniton
|l|☆ikermb5
|player|p1|
||ikermb5 is ready for game 2.
