|j|☆dfjkhbf
|j|☆Zady11
|html|dfjkhbfZady11    
|uhtml|bestof|Game 2 of a best-of-3
|t:|1754566501
|gametype|doubles
|player|p1|dfjkhbf|dawn|1182
|player|p2|Zady11|guitarist|1298
|gen|9
|tier|[Gen 9] VGC 2025 Reg H (Bo3)
|rated|
|rule|Species Clause: Limit one of each Pokémon
|rule|Item Clause: Limit 1 of each item
|clearpoke
|poke|p1|Tyranitar, L50, F|
|poke|p1|Excadrill, L50, M|
|poke|p1|Empoleon, L50, F|
|poke|p1|Rillaboom, L50, M|
|poke|p1|Klefki, L50, M|
|poke|p1|Dragapult, L50, F|
|poke|p2|Whimsicott, L50, M|
|poke|p2|Typhlosion-Hisui, L50, F|
|poke|p2|Basculegion, L50, M|
|poke|p2|Ursaluna-Bloodmoon, L50, M|
|poke|p2|Farigiraf, L50, M|
|poke|p2|Maushold-Four, L50|
|teampreview|4
|showteam|p1|Tyranitar||ClearAmulet|SandStream|Protect,RockSlide,DragonDance,KnockOff|||F|||50|,,,,,Flying]Excadrill||FocusSash|SandRush|Protect,RockSlide,IronHead,HighHorsepower|||M|||50|,,,,,Ghost]Empoleon||SitrusBerry|Competitive|Protect,WaterPledge,Haze,FlashCannon|||F|||50|,,,,,Grass]Rillaboom||AssaultVest|GrassySurge|GrassyGlide,WoodHammer,HighHorsepower,FakeOut|||M|||50|,,,,,Fire]Klefki||CovertCloak|Prankster|DazzlingGleam,ThunderWave,Sandstorm,Torment|||M|||50|,,,,,Dragon]Dragapult||ChoiceBand|ClearBody|DragonDarts,PhantomForce,Uturn,Outrage|||F|||50|,,,,,Dragon
|showteam|p2|Whimsicott||CovertCloak|Prankster|Moonblast,SunnyDay,Encore,Tailwind|||M|||50|,,,,,Water]Typhlosion-Hisui||ChoiceSpecs|Blaze|Eruption,HeatWave,ShadowBall,Overheat|||F|||50|,,,,,Fire]Basculegion||ChoiceScarf|Adaptability|WaveCrash,LastRespects,AquaJet,FlipTurn|||M|||50|,,,,,Water]Ursaluna-Bloodmoon||LifeOrb|MindsEye|BloodMoon,HyperVoice,EarthPower,Protect|||M|||50|,,,,,Normal]Farigiraf||ThroatSpray|ArmorTail|HyperVoice,HelpingHand,Psychic,TrickRoom|||M|||50|,,,,,Fire]Maushold-Four||WideLens|Technician|PopulationBomb,Taunt,FollowMe,Protect||||||50|,,,,,Ghost
|inactive|Battle timer is ON: inactive players will automatically lose when time's up. (requested by dfjkhbf)
|inactive|dfjkhbf has 60 seconds left.
|
|t:|1754566534
|teamsize|p1|4
|teamsize|p2|4
|start
|switch|p1a: Klefki|Klefki, L50, M|100/100
|switch|p1b: Excadrill|Excadrill, L50, M|100/100
|switch|p2a: Brad|Whimsicott, L50, M|100/100
|switch|p2b: Emily|Typhlosion-Hisui, L50, F|100/100
|turn|1
|
|t:|1754566551
|-terastallize|p1a: Klefki|Dragon
|move|p2a: Brad|Sunny Day|p2a: Brad
|-weather|SunnyDay
|move|p1a: Klefki|Sandstorm|p1a: Klefki
|-weather|Sandstorm
|move|p1b: Excadrill|High Horsepower|p2b: Emily
|-supereffective|p2b: Emily
|-damage|p2b: Emily|0 fnt
|faint|p2b: Emily
|
|-weather|Sandstorm|[upkeep]
|-damage|p2a: Brad|95/100|[from] Sandstorm
|-damage|p1a: Klefki|94/100|[from] Sandstorm
|upkeep
|
|t:|1754566568
|switch|p2b: Colin|Maushold-Four, L50|100/100
|turn|2
|
|t:|1754566585
|-terastallize|p2a: Brad|Water
|move|p2a: Brad|Encore|p1a: Klefki
|-start|p1a: Klefki|Encore
|move|p1a: Klefki|Sandstorm||[still]
|-fail|p1a: Klefki
|move|p1b: Excadrill|Rock Slide|p2b: Colin|[spread] p2a,p2b
|-crit|p2b: Colin
|-damage|p2a: Brad|71/100
|-damage|p2b: Colin|51/100
|move|p2b: Colin|Population Bomb|p1b: Excadrill
|-resisted|p1b: Excadrill
|-damage|p1b: Excadrill|94/100
|-resisted|p1b: Excadrill
|-damage|p1b: Excadrill|85/100
|-resisted|p1b: Excadrill
|-damage|p1b: Excadrill|76/100
|-resisted|p1b: Excadrill
|-damage|p1b: Excadrill|68/100
|-resisted|p1b: Excadrill
|-damage|p1b: Excadrill|60/100
|-resisted|p1b: Excadrill
|-damage|p1b: Excadrill|52/100
|-resisted|p1b: Excadrill
|-damage|p1b: Excadrill|44/100
|-resisted|p1b: Excadrill
|-damage|p1b: Excadrill|35/100
|-resisted|p1b: Excadrill
|-damage|p1b: Excadrill|27/100
|-resisted|p1b: Excadrill
|-damage|p1b: Excadrill|19/100
|-hitcount|p1b: Excadrill|10
|
|-weather|Sandstorm|[upkeep]
|-damage|p2b: Colin|45/100|[from] Sandstorm
|-damage|p2a: Brad|65/100|[from] Sandstorm
|-damage|p1a: Klefki|88/100|[from] Sandstorm
|upkeep
|turn|3
|inactive|Zady11 has 30 seconds left.
|
|t:|1754566618
|move|p2a: Brad|Tailwind|p2a: Brad
|-sidestart|p2: Zady11|move: Tailwind
|move|p1a: Klefki|Sandstorm||[still]
|-fail|p1a: Klefki
|move|p2b: Colin|Population Bomb|p1a: Klefki
|-damage|p1a: Klefki|79/100
|-damage|p1a: Klefki|68/100
|-damage|p1a: Klefki|58/100
|-damage|p1a: Klefki|48/100
|-damage|p1a: Klefki|38/100
|-damage|p1a: Klefki|27/100
|-damage|p1a: Klefki|18/100
|-damage|p1a: Klefki|7/100
|-damage|p1a: Klefki|0 fnt
|faint|p1a: Klefki
|-hitcount|p1: Klefki|9
|move|p1b: Excadrill|High Horsepower|p2a: Brad
|-damage|p2a: Brad|7/100
|
|-weather|Sandstorm|[upkeep]
|-damage|p2b: Colin|39/100|[from] Sandstorm
|-damage|p2a: Brad|1/100|[from] Sandstorm
|upkeep
|
|t:|1754566632
|switch|p1a: Rillaboom|Rillaboom, L50, M|100/100
|-fieldstart|move: Grassy Terrain|[from] ability: Grassy Surge|[of] p1a: Rillaboom
|turn|4
|inactive|Zady11 has 30 seconds left.
|inactive|Zady11 has 20 seconds left.
|
|t:|1754566670
|move|p1a: Rillaboom|Fake Out|p2b: Colin
|-damage|p2b: Colin|17/100
|move|p2a: Brad|Encore|p1a: Rillaboom
|-start|p1a: Rillaboom|Encore
|cant|p2b: Colin|flinch
|move|p1b: Excadrill|Rock Slide|p2b: Colin|[spread] p2a,p2b
|-damage|p2a: Brad|0 fnt
|-damage|p2b: Colin|0 fnt
|faint|p2a: Brad
|faint|p2b: Colin
|
|-weather|Sandstorm|[upkeep]
|-damage|p1a: Rillaboom|95/100|[from] Sandstorm
|-heal|p1b: Excadrill|25/100|[from] Grassy Terrain
|-heal|p1a: Rillaboom|100/100|[from] Grassy Terrain
|upkeep
|
|t:|1754566684
|switch|p2a: Dave|Basculegion, L50, M|100/100
|turn|5
|
|t:|1754566688
|switch|p1a: Tyranitar|Tyranitar, L50, F|100/100
|move|p1b: Excadrill|Protect|p1b: Excadrill
|-singleturn|p1b: Excadrill|Protect
|move|p2a: Dave|Wave Crash|p1a: Tyranitar
|-supereffective|p1a: Tyranitar
|-damage|p1a: Tyranitar|0 fnt
|faint|p1a: Tyranitar
|-damage|p2a: Dave|66/100|[from] Recoil
|
|-weather|none
|-heal|p2a: Dave|72/100|[from] Grassy Terrain
|-heal|p1b: Excadrill|31/100|[from] Grassy Terrain
|upkeep
|
|t:|1754566695
|switch|p1a: Rillaboom|Rillaboom, L50, M|100/100
|turn|6
|
|t:|1754566701
|move|p1a: Rillaboom|Grassy Glide|p2a: Dave
|-supereffective|p2a: Dave
|-damage|p2a: Dave|0 fnt
|faint|p2a: Dave
|
|win|dfjkhbf
|raw|dfjkhbf's rating: 1182 → 1215(+33 for winning)
|raw|Zady11's rating: 1298 → 1265(-33 for losing)
