|j|☆palle synchro
|j|☆fernsthedruids
|html|palle synchrofernsthedruids    
|uhtml|bestof|Game 2 of a best-of-3
|t:|1757086240
|gametype|doubles
|player|p1|palle synchro|volkner|1399
|player|p2|fernsthedruids|dawn|1290
|gen|9
|tier|[Gen 9] VGC 2025 Reg H (Bo3)
|rated|
|rule|Species Clause: Limit one of each Pokémon
|rule|Item Clause: Limit 1 of each item
|clearpoke
|poke|p1|Whimsicott, L50, M|
|poke|p1|Basculegion, L50, M|
|poke|p1|Indeedee, L50, M|
|poke|p1|Sneasler, L50, M|
|poke|p1|Ursaluna-Bloodmoon, L50, M|
|poke|p1|Archaludon, L50, F|
|poke|p2|Rillaboom, L50, F|
|poke|p2|Kommo-o, L50, M|
|poke|p2|Tyranitar, L50, F|
|poke|p2|Lycanroc, L50, F|
|poke|p2|Gholdengo, L50|
|poke|p2|Corviknight, L50, M|
|teampreview|4
|showteam|p1|Whimsicott||CovertCloak|Prankster|Moonblast,Taunt,Tailwind,FakeTears|||M|||50|,,,,,Water]Basculegion||ChoiceScarf|Adaptability|WaveCrash,LastRespects,FlipTurn,AquaJet|||M|||50|,,,,,Fairy]Indeedee||FocusSash|PsychicSurge|ExpandingForce,TeraBlast,Imprison,TrickRoom|||M|||50|,,,,,Psychic]Sneasler||PsychicSeed|Unburden|CloseCombat,DireClaw,ThroatChop,Protect|||M|||50|,,,,,Dark]Ursaluna-Bloodmoon||LifeOrb|MindsEye|HyperVoice,BloodMoon,EarthPower,Protect|||M|||50|,,,,,Normal]Archaludon||PowerHerb|Sturdy|ElectroShot,DragonPulse,Thunderbolt,Protect|||F|||50|,,,,,Electric
|showteam|p2|Rillaboom||AssaultVest|GrassySurge|WoodHammer,FakeOut,HighHorsepower,GrassyGlide|||F|||50|,,,,,Grass]Kommo-o||GrassySeed|Overcoat|IronDefense,BodyPress,DracoMeteor,Protect|||M|||50|,,,,,Steel]Tyranitar||ClearAmulet|SandStream|Protect,KnockOff,DragonDance,RockSlide|||F|||50|,,,,,Water]Lycanroc||FocusSash|SandRush|StompingTantrum,RockSlide,CloseCombat,Protect|||F|||50|,,,,,Stellar]Gholdengo||ChoiceScarf|GoodasGold|MakeItRain,Protect,ShadowBall,Trick||||||50|,,,,,Steel]Corviknight||RockyHelmet|MirrorArmor|BulkUp,BraveBird,Roost,Tailwind|||M|||50|,,,,,Fire
|inactive|Battle timer is ON: inactive players will automatically lose when time's up. (requested by palle synchro)
|
|t:|1757086263
|teamsize|p1|4
|teamsize|p2|4
|start
|switch|p1a: Whimsicott|Whimsicott, L50, M|100/100
|switch|p1b: Ursaluna|Ursaluna-Bloodmoon, L50, M|100/100
|switch|p2a: Corviknight|Corviknight, L50, M|100/100
|switch|p2b: Lycanroc|Lycanroc, L50, F|100/100
|turn|1
|
|t:|1757086278
|move|p1a: Whimsicott|Taunt|p2a: Corviknight
|-start|p2a: Corviknight|move: Taunt
|move|p2b: Lycanroc|Rock Slide|p1b: Ursaluna|[spread] p1a,p1b
|-resisted|p1b: Ursaluna
|-damage|p1a: Whimsicott|63/100
|-damage|p1b: Ursaluna|88/100
|move|p1b: Ursaluna|Earth Power|p2b: Lycanroc
|-supereffective|p2b: Lycanroc
|-enditem|p2b: Lycanroc|Focus Sash
|-damage|p2b: Lycanroc|1/100
|-unboost|p2b: Lycanroc|spd|1
|-damage|p1b: Ursaluna|78/100|[from] item: Life Orb
|cant|p2a: Corviknight|move: Taunt|Tailwind
|
|upkeep
|turn|2
|
|t:|1757086295
|move|p1b: Ursaluna|Protect|p1b: Ursaluna
|-singleturn|p1b: Ursaluna|Protect
|move|p1a: Whimsicott|Tailwind|p1a: Whimsicott
|-sidestart|p1: palle synchro|move: Tailwind
|move|p2b: Lycanroc|Close Combat|p1b: Ursaluna
|-activate|p1b: Ursaluna|move: Protect
|move|p2a: Corviknight|Brave Bird|p1a: Whimsicott
|-supereffective|p1a: Whimsicott
|-damage|p1a: Whimsicott|0 fnt
|faint|p1a: Whimsicott
|-damage|p2a: Corviknight|84/100|[from] Recoil
|
|upkeep
|
|t:|1757086300
|switch|p1a: Archaludon|Archaludon, L50, F|100/100
|turn|3
|
|t:|1757086306
|switch|p2a: Rillaboom|Rillaboom, L50, F|100/100
|-fieldstart|move: Grassy Terrain|[from] ability: Grassy Surge|[of] p2a: Rillaboom
|-terastallize|p1b: Ursaluna|Normal
|move|p2b: Lycanroc|Protect|p2b: Lycanroc
|-singleturn|p2b: Lycanroc|Protect
|move|p1a: Archaludon|Electro Shot||[still]
|-prepare|p1a: Archaludon|Electro Shot
|-boost|p1a: Archaludon|spa|1
|-enditem|p1a: Archaludon|Power Herb
|-anim|p1a: Archaludon|Electro Shot|p2a: Rillaboom
|-resisted|p2a: Rillaboom
|-damage|p2a: Rillaboom|77/100
|move|p1b: Ursaluna|Hyper Voice|p2a: Rillaboom|[spread] p2a
|-activate|p2b: Lycanroc|move: Protect
|-damage|p2a: Rillaboom|38/100
|-damage|p1b: Ursaluna|69/100|[from] item: Life Orb
|
|-heal|p1b: Ursaluna|75/100|[from] Grassy Terrain
|-heal|p2b: Lycanroc|7/100|[from] Grassy Terrain
|-heal|p2a: Rillaboom|44/100|[from] Grassy Terrain
|upkeep
|turn|4
|inactive|palle synchro has 30 seconds left.
|
|t:|1757086335
|switch|p2b: Corviknight|Corviknight, L50, M|84/100
|move|p2a: Rillaboom|Fake Out|p1b: Ursaluna
|-damage|p1b: Ursaluna|62/100
|move|p1a: Archaludon|Dragon Pulse|p2b: Corviknight
|-resisted|p2b: Corviknight
|-damage|p2b: Corviknight|51/100
|cant|p1b: Ursaluna|flinch
|
|-heal|p1b: Ursaluna|68/100|[from] Grassy Terrain
|-heal|p2a: Rillaboom|50/100|[from] Grassy Terrain
|upkeep
|turn|5
|
|t:|1757086353
|switch|p2a: Lycanroc|Lycanroc, L50, F|7/100
|move|p1a: Archaludon|Thunderbolt|p2b: Corviknight
|-supereffective|p2b: Corviknight
|-damage|p2b: Corviknight|0 fnt
|faint|p2b: Corviknight
|move|p1b: Ursaluna|Blood Moon|p2a: Lycanroc
|-resisted|p2a: Lycanroc
|-damage|p2a: Lycanroc|0 fnt
|faint|p2a: Lycanroc
|-damage|p1b: Ursaluna|59/100|[from] item: Life Orb
|
|-heal|p1b: Ursaluna|65/100|[from] Grassy Terrain
|-sideend|p1: palle synchro|move: Tailwind
|upkeep
|
|t:|1757086358
|switch|p2a: Gholdengo|Gholdengo, L50|100/100
|switch|p2b: Rillaboom|Rillaboom, L50, F|50/100
|turn|6
|
|t:|1757086377
|move|p1a: Archaludon|Protect|p1a: Archaludon
|-singleturn|p1a: Archaludon|Protect
|move|p1b: Ursaluna|Protect|p1b: Ursaluna
|-singleturn|p1b: Ursaluna|Protect
|move|p2b: Rillaboom|Fake Out|p1b: Ursaluna
|-activate|p1b: Ursaluna|move: Protect
|move|p2a: Gholdengo|Shadow Ball|p1a: Archaludon
|-activate|p1a: Archaludon|move: Protect
|
|-heal|p1b: Ursaluna|70/100|[from] Grassy Terrain
|-heal|p2b: Rillaboom|56/100|[from] Grassy Terrain
|upkeep
|turn|7
|
|t:|1757086388
|-terastallize|p2b: Rillaboom|Grass
|move|p2a: Gholdengo|Shadow Ball|p1a: Archaludon
|-damage|p1a: Archaludon|30/100
|-unboost|p1a: Archaludon|spd|1
|move|p1a: Archaludon|Dragon Pulse|p2b: Rillaboom
|-damage|p2b: Rillaboom|11/100
|move|p1b: Ursaluna|Blood Moon|p2b: Rillaboom
|-damage|p2b: Rillaboom|0 fnt
|faint|p2b: Rillaboom
|-damage|p1b: Ursaluna|61/100|[from] item: Life Orb
|
|-heal|p1a: Archaludon|36/100|[from] Grassy Terrain
|-heal|p1b: Ursaluna|67/100|[from] Grassy Terrain
|-fieldend|move: Grassy Terrain
|upkeep
|turn|8
|
|t:|1757086403
|move|p2a: Gholdengo|Shadow Ball|p1a: Archaludon
|-damage|p1a: Archaludon|0 fnt
|faint|p1a: Archaludon
|move|p1b: Ursaluna|Earth Power|p2a: Gholdengo
|-supereffective|p2a: Gholdengo
|-damage|p2a: Gholdengo|0 fnt
|faint|p2a: Gholdengo
|-damage|p1b: Ursaluna|57/100|[from] item: Life Orb
|
|win|palle synchro
