|j|☆miguelowned
|j|☆sergio23perez
|html|miguelownedsergio23perez    
|uhtml|bestof|Game 1 of a best-of-3
|t:|1757831216
|gametype|doubles
|player|p1|miguelowned|102|1303
|player|p2|sergio23perez|170|1395
|gen|9
|tier|[Gen 9] VGC 2025 Reg H (Bo3)
|rated|
|rule|Species Clause: Limit one of each Pokémon
|rule|Item Clause: Limit 1 of each item
|clearpoke
|poke|p1|Gholdengo, L50|
|poke|p1|Incineroar, L50, M|
|poke|p1|Dragonite, L50, F|
|poke|p1|Ursaluna, L50, F|
|poke|p1|Annihilape, L50, F|
|poke|p1|Electabuzz, L50, F|
|poke|p2|Jumpluff, L50, F|
|poke|p2|Charizard, L50, F|
|poke|p2|Porygon2, L50|
|poke|p2|Torkoal, L50, F|
|poke|p2|Incineroar, L50, F|
|poke|p2|Ursaluna, L50, F|
|teampreview|4
|showteam|p1|Gholdengo||LifeOrb|GoodasGold|MakeItRain,ShadowBall,NastyPlot,Protect||||||50|,,,,,Water]Incineroar||AssaultVest|Intimidate|FakeOut,FlareBlitz,KnockOff,Uturn|||M|||50|,,,,,Grass]Dragonite||LoadedDice|Multiscale|ScaleShot,Haze,Tailwind,Protect|||F|||50|,,,,,Steel]Ursaluna||FlameOrb|Guts|Facade,HeadlongRush,Earthquake,Protect|||F|||50|,,,,,Ghost]Annihilape||SafetyGoggles|Defiant|Coaching,CloseCombat,RageFist,FinalGambit|||F|||50|,,,,,Steel]Electabuzz||Eviolite|VitalSpirit|Electroweb,Taunt,FollowMe,Protect|||F|||50|,,,,,Dragon
|showteam|p2|Jumpluff||CovertCloak|Chlorophyll|SleepPowder,SunnyDay,Tailwind,RagePowder|||F|||50|,,,,,Water]Charizard||ChoiceSpecs|SolarPower|AirSlash,HeatWave,Overheat,WeatherBall|||F|||50|,,,,,Ghost]Porygon2||Eviolite|Download|TeraBlast,IceBeam,Recover,TrickRoom||||||50|,,,,,Fighting]Torkoal||EjectPack|Drought|HelpingHand,Eruption,Overheat,Protect|||F|||50|,,,,,Fire]Incineroar||SafetyGoggles|Intimidate|FakeOut,PartingShot,FlareBlitz,KnockOff|||F|||50|,,,,,Ghost]Ursaluna||FlameOrb|Guts|HeadlongRush,Facade,Earthquake,Protect|||F|||50|,,,,,Ghost
|inactive|Battle timer is ON: inactive players will automatically lose when time's up. (requested by sergio23perez)
|inactive|miguelowned has 60 seconds left.
|
|t:|1757831260
|teamsize|p1|4
|teamsize|p2|4
|start
|switch|p1a: Electabuzz|Electabuzz, L50, F|100/100
|switch|p1b: Dragonite|Dragonite, L50, F|100/100
|switch|p2a: Jumpluff|Jumpluff, L50, F|100/100
|switch|p2b: Torkoal|Torkoal, L50, F|100/100
|-weather|SunnyDay|[from] ability: Drought|[of] p2b: Torkoal
|turn|1
|
|t:|1757831271
|move|p1a: Electabuzz|Follow Me|p1a: Electabuzz
|-singleturn|p1a: Electabuzz|move: Follow Me
|move|p2a: Jumpluff|Tailwind|p2a: Jumpluff
|-sidestart|p2: sergio23perez|move: Tailwind
|move|p1b: Dragonite|Scale Shot|p2a: Jumpluff
|-damage|p2a: Jumpluff|82/100
|-crit|p2a: Jumpluff
|-damage|p2a: Jumpluff|56/100
|-damage|p2a: Jumpluff|38/100
|-damage|p2a: Jumpluff|19/100
|-damage|p2a: Jumpluff|0 fnt
|faint|p2a: Jumpluff
|-hitcount|p2: Jumpluff|5
|-unboost|p1b: Dragonite|def|1
|-boost|p1b: Dragonite|spe|1
|move|p2b: Torkoal|Overheat|p1a: Electabuzz
|-damage|p1a: Electabuzz|25/100
|-unboost|p2b: Torkoal|spa|2
|-enditem|p2b: Torkoal|Eject Pack
|
|t:|1757831287
|switch|p2b: Ursaluna|Ursaluna, L50, F|100/100
|
|-weather|SunnyDay|[upkeep]
|-status|p2b: Ursaluna|brn|[from] item: Flame Orb
|upkeep
|
|t:|1757831289
|switch|p2a: Charizard|Charizard, L50, F|100/100
|turn|2
|inactive|miguelowned has 30 seconds left.
|
|t:|1757831314
|switch|p1a: Incineroar|Incineroar, L50, M, shiny|100/100
|-ability|p1a: Incineroar|Intimidate|boost
|-unboost|p2a: Charizard|atk|1
|-unboost|p2b: Ursaluna|atk|1
|move|p2a: Charizard|Heat Wave|p1a: Incineroar|[spread] p1a,p1b
|-resisted|p1a: Incineroar
|-resisted|p1b: Dragonite
|-damage|p1a: Incineroar|74/100
|-damage|p1b: Dragonite|71/100
|-status|p1b: Dragonite|brn
|move|p2b: Ursaluna|Facade|p1b: Dragonite
|-damage|p1b: Dragonite|0 fnt
|faint|p1b: Dragonite
|
|-weather|SunnyDay|[upkeep]
|-damage|p2a: Charizard|88/100|[from] ability: Solar Power|[of] p2a: Charizard
|-damage|p2b: Ursaluna|94/100 brn|[from] brn
|upkeep
|
|t:|1757831331
|switch|p1b: Annihilape|Annihilape, L50, F|100/100
|turn|3
|inactive|sergio23perez has 30 seconds left.
|inactive|sergio23perez has 20 seconds left.
|inactive|sergio23perez has 15 seconds left.
|inactive|sergio23perez has 10 seconds left.
|
|t:|1757831380
|-terastallize|p2b: Ursaluna|Ghost
|move|p2a: Charizard|Heat Wave|p1a: Incineroar|[spread] p1a,p1b
|-resisted|p1a: Incineroar
|-damage|p1a: Incineroar|51/100
|-damage|p1b: Annihilape|5/100
|move|p2b: Ursaluna|Headlong Rush|p1b: Annihilape
|-damage|p1b: Annihilape|0 fnt
|-unboost|p2b: Ursaluna|def|1
|-unboost|p2b: Ursaluna|spd|1
|faint|p1b: Annihilape
|move|p1a: Incineroar|Knock Off|p2a: Charizard
|-damage|p2a: Charizard|36/100
|-enditem|p2a: Charizard|Choice Specs|[from] move: Knock Off|[of] p1a: Incineroar
|
|-weather|SunnyDay|[upkeep]
|-damage|p2a: Charizard|24/100|[from] ability: Solar Power|[of] p2a: Charizard
|-damage|p2b: Ursaluna|88/100 brn|[from] brn
|upkeep
|
|t:|1757831393
|switch|p1b: Electabuzz|Electabuzz, L50, F|25/100
|turn|4
|
|t:|1757831415
|-terastallize|p1a: Incineroar|Grass
|move|p1b: Electabuzz|Protect|p1b: Electabuzz
|-singleturn|p1b: Electabuzz|Protect
|move|p2a: Charizard|Heat Wave|p1a: Incineroar|[spread] p1a
|-activate|p1b: Electabuzz|move: Protect
|-supereffective|p1a: Incineroar
|-damage|p1a: Incineroar|0 fnt
|faint|p1a: Incineroar
|move|p2b: Ursaluna|Earthquake|p1b: Electabuzz|[spread] 
|-activate|p1b: Electabuzz|move: Protect
|-immune|p2a: Charizard
|
|-weather|SunnyDay|[upkeep]
|-damage|p2a: Charizard|12/100|[from] ability: Solar Power|[of] p2a: Charizard
|-damage|p2b: Ursaluna|82/100 brn|[from] brn
|-sideend|p2: sergio23perez|move: Tailwind
|upkeep
|turn|5
|c|☆miguelowned|buah la podia haber robado
|
|t:|1757831437
|move|p1b: Electabuzz|Electroweb|p2a: Charizard|[spread] p2a,p2b
|-supereffective|p2a: Charizard
|-damage|p2a: Charizard|0 fnt
|-damage|p2b: Ursaluna|60/100 brn
|-unboost|p2b: Ursaluna|spe|1
|faint|p2a: Charizard
|move|p2b: Ursaluna|Earthquake|p1b: Electabuzz
|-supereffective|p1b: Electabuzz
|-damage|p1b: Electabuzz|0 fnt
|faint|p1b: Electabuzz
|
|win|sergio23perez
||sergio23perez is ready for game 2.
|inactive|miguelowned has 30 seconds to confirm battle start!
|inactive|miguelowned has 20 seconds to confirm battle start!
||miguelowned is ready for game 2.
|uhtml|next|Next: Game 2 of 3
|l|☆sergio23perez
|player|p2|
|l|☆miguelowned
|player|p1|
