|j|☆Slim Shady LPVGC
|j|☆UndeadParadox
|html|Slim Shady LPVGCUndeadParadox    
|uhtml|bestof|Game 1 of a best-of-3
|t:|1756875964
|gametype|doubles
|player|p1|Slim Shady LPVGC|cynthia|1194
|player|p2|UndeadParadox|guitarist|1358
|gen|9
|tier|[Gen 9] VGC 2025 Reg H (Bo3)
|rated|
|rule|Species Clause: Limit one of each Pokémon
|rule|Item Clause: Limit 1 of each item
|clearpoke
|poke|p1|Whimsicott, L50, M|
|poke|p1|Dragapult, L50, F|
|poke|p1|Gholdengo, L50|
|poke|p1|Sneasler, L50, M|
|poke|p1|Hydreigon, L50, M|
|poke|p1|Magmar, L50, M|
|poke|p2|Sneasler, L50, F|
|poke|p2|Rillaboom, L50, M|
|poke|p2|Incineroar, L50, M|
|poke|p2|Gholdengo, L50|
|poke|p2|Hydreigon, L50, M|
|poke|p2|Gengar, L50, M|
|teampreview|4
|showteam|p1|Whimsicott||CovertCloak|Prankster|Moonblast,Tailwind,Encore,SunnyDay|||M|||50|,,,,,Dark]Dragapult||ChoiceBand|ClearBody|DragonDarts,PhantomForce,SuckerPunch,Uturn|||F|||50|,,,,,Dragon]Gholdengo||MetalCoat|GoodasGold|Protect,MakeItRain,ShadowBall,NastyPlot||||||50|,,,,,Steel]Sneasler||WhiteHerb|Unburden|Protect,DireClaw,CloseCombat,FakeOut|||M|||50|,,,,,Stellar]Hydreigon||LifeOrb|Levitate|Protect,DracoMeteor,DarkPulse,EarthPower|||M|||50|,,,,,Ghost]Magmar||Eviolite|VitalSpirit|Protect,FollowMe,HeatWave,WillOWisp|||M|||50|,,,,,Ghost
|showteam|p2|Sneasler||GrassySeed|Unburden|CloseCombat,DireClaw,Acrobatics,Protect|||F|||50|,,,,,Flying]Rillaboom||AssaultVest|GrassySurge|WoodHammer,GrassyGlide,FakeOut,HighHorsepower|||M|||50|,,,,,Fire]Incineroar||SafetyGoggles|Intimidate|FlareBlitz,KnockOff,PartingShot,FakeOut|||M|||50|,,,,,Ghost]Gholdengo||MetalCoat|GoodasGold|Protect,MakeItRain,ShadowBall,NastyPlot||||||50|,,,,,Water]Hydreigon||LifeOrb|Levitate|Flamethrower,DracoMeteor,DarkPulse,Protect|||M|||50|,,,,,Fire]Gengar||FocusSash|CursedBody|ShadowBall,Haze,Taunt,IcyWind|||M|||50|,,,,,Ghost
|inactive|Battle timer is ON: inactive players will automatically lose when time's up. (requested by Slim Shady LPVGC)
|inactive|Slim Shady LPVGC has 60 seconds left.
|inactive|UndeadParadox has 60 seconds left.
|
|t:|1756876012
|teamsize|p1|4
|teamsize|p2|4
|start
|switch|p1a: Whimsicott|Whimsicott, L50, M|100/100
|switch|p1b: Dragapult|Dragapult, L50, F|100/100
|switch|p2a: Sneasler|Sneasler, L50, F, shiny|100/100
|switch|p2b: Rillaboom|Rillaboom, L50, M|100/100
|-fieldstart|move: Grassy Terrain|[from] ability: Grassy Surge|[of] p2b: Rillaboom
|-enditem|p2a: Sneasler|Grassy Seed
|-boost|p2a: Sneasler|def|1|[from] item: Grassy Seed
|turn|1
|inactive|Slim Shady LPVGC has 30 seconds left.
|
|t:|1756876038
|-terastallize|p2a: Sneasler|Flying
|move|p1a: Whimsicott|Tailwind|p1a: Whimsicott
|-sidestart|p1: Slim Shady LPVGC|move: Tailwind
|move|p2b: Rillaboom|Grassy Glide|p1b: Dragapult
|-resisted|p1b: Dragapult
|-damage|p1b: Dragapult|74/100
|move|p1b: Dragapult|Dragon Darts|p2a: Sneasler
|-damage|p2a: Sneasler|58/100
|-anim|p1b: Dragapult|Dragon Darts|p2b: Rillaboom
|-damage|p2b: Rillaboom|63/100
|move|p2a: Sneasler|Acrobatics|p1b: Dragapult
|-damage|p1b: Dragapult|0 fnt
|faint|p1b: Dragapult
|
|-heal|p2b: Rillaboom|69/100|[from] Grassy Terrain
|upkeep
|inactive|Slim Shady LPVGC has 30 seconds left.
|inactive|Slim Shady LPVGC has 20 seconds left.
|
|t:|1756876074
|switch|p1b: Gholdengo|Gholdengo, L50|100/100
|turn|2
|
|t:|1756876092
|move|p1a: Whimsicott|Encore|p2b: Rillaboom
|-start|p2b: Rillaboom|Encore
|move|p2a: Sneasler|Acrobatics|p1a: Whimsicott
|-supereffective|p1a: Whimsicott
|-damage|p1a: Whimsicott|0 fnt
|faint|p1a: Whimsicott
|move|p1b: Gholdengo|Nasty Plot|p1b: Gholdengo
|-boost|p1b: Gholdengo|spa|2
|move|p2b: Rillaboom|Grassy Glide|p1b: Gholdengo
|-resisted|p1b: Gholdengo
|-damage|p1b: Gholdengo|82/100
|
|-heal|p1b: Gholdengo|88/100|[from] Grassy Terrain
|-heal|p2b: Rillaboom|75/100|[from] Grassy Terrain
|upkeep
|
|t:|1756876099
|switch|p1a: Hydreigon|Hydreigon, L50, M|100/100
|turn|3
|inactive|UndeadParadox has 30 seconds left.
|
|t:|1756876129
|move|p2a: Sneasler|Protect|p2a: Sneasler
|-singleturn|p2a: Sneasler|Protect
|move|p1a: Hydreigon|Protect|p1a: Hydreigon
|-singleturn|p1a: Hydreigon|Protect
|move|p2b: Rillaboom|Grassy Glide|p1a: Hydreigon
|-activate|p1a: Hydreigon|move: Protect
|move|p1b: Gholdengo|Make It Rain|p2a: Sneasler|[spread] p2b
|-activate|p2a: Sneasler|move: Protect
|-damage|p2b: Rillaboom|0 fnt
|-unboost|p1b: Gholdengo|spa|1
|faint|p2b: Rillaboom
|
|-heal|p1b: Gholdengo|93/100|[from] Grassy Terrain
|upkeep
|inactive|UndeadParadox has 30 seconds left.
|
|t:|1756876159
|switch|p2b: Gholdengo|Gholdengo, L50, shiny|100/100
|turn|4
|
|t:|1756876180
|-terastallize|p1a: Hydreigon|Ghost
|move|p2b: Gholdengo|Protect|p2b: Gholdengo
|-singleturn|p2b: Gholdengo|Protect
|move|p2a: Sneasler|Close Combat|p1a: Hydreigon
|-immune|p1a: Hydreigon
|move|p1a: Hydreigon|Dark Pulse|p2b: Gholdengo
|-activate|p2b: Gholdengo|move: Protect
|move|p1b: Gholdengo|Make It Rain|p2a: Sneasler|[spread] p2a
|-activate|p2b: Gholdengo|move: Protect
|-damage|p2a: Sneasler|0 fnt
|-unboost|p1b: Gholdengo|spa|1
|faint|p2a: Sneasler
|
|-heal|p1b: Gholdengo|99/100|[from] Grassy Terrain
|-sideend|p1: Slim Shady LPVGC|move: Tailwind
|upkeep
|
|t:|1756876183
|switch|p2a: Hydreigon|Hydreigon, L50, M, shiny|100/100
|turn|5
|inactive|Slim Shady LPVGC has 30 seconds left.
|inactive|UndeadParadox has 30 seconds left.
|inactive|Slim Shady LPVGC has 20 seconds left.
|inactive|UndeadParadox has 20 seconds left.
|inactive|Slim Shady LPVGC has 15 seconds left.
|
|t:|1756876225
|move|p2a: Hydreigon|Dark Pulse|p1b: Gholdengo
|-supereffective|p1b: Gholdengo
|-damage|p1b: Gholdengo|0 fnt
|faint|p1b: Gholdengo
|-damage|p2a: Hydreigon|91/100|[from] item: Life Orb
|move|p1a: Hydreigon|Draco Meteor|p2a: Hydreigon
|-supereffective|p2a: Hydreigon
|-damage|p2a: Hydreigon|0 fnt
|-unboost|p1a: Hydreigon|spa|2
|faint|p2a: Hydreigon
|-damage|p1a: Hydreigon|91/100|[from] item: Life Orb
|move|p2b: Gholdengo|Shadow Ball|p1a: Hydreigon
|-supereffective|p1a: Hydreigon
|-damage|p1a: Hydreigon|0 fnt
|faint|p1a: Hydreigon
|
|win|UndeadParadox
||UndeadParadox is ready for game 2.
|inactive|Slim Shady LPVGC has 30 seconds to confirm battle start!
