|j|☆MilenaCapilla
|j|☆eeveesbabydaddy
|html|MilenaCapillaeeveesbabydaddy    
|uhtml|bestof|Game 2 of a best-of-3
|t:|1757707901
|gametype|doubles
|player|p1|MilenaCapilla|skierf|1178
|player|p2|eeveesbabydaddy|archie-usum|1147
|gen|9
|tier|[Gen 9] VGC 2025 Reg H (Bo3)
|rated|
|rule|Species Clause: Limit one of each Pokémon
|rule|Item Clause: Limit 1 of each item
|clearpoke
|poke|p1|Pelipper, L50, F|
|poke|p1|Basculegion, L50, M|
|poke|p1|Archaludon, L50, M|
|poke|p1|Farigiraf, L50, F|
|poke|p1|Incineroar, L50, M|
|poke|p1|Amoonguss, L50, F|
|poke|p2|Tyranitar, L50, F|
|poke|p2|Corviknight, L50, F|
|poke|p2|Dragonite, L50, M|
|poke|p2|Whimsicott, L50, M|
|poke|p2|Ursaluna-Bloodmoon, L50, M|
|poke|p2|Arcanine-Hisui, L50, M|
|teampreview|4
|showteam|p1|Pelipper||LifeOrb|Drizzle|WeatherBall,Hurricane,Tailwind,Protect|||F|||50|,,,,,Grass]Basculegion||ChoiceBand|SwiftSwim|WaveCrash,LastRespects,FlipTurn,AquaJet|||M|||50|,,,,,Water]Archaludon||PowerHerb|Sturdy|ElectroShot,DragonPulse,BodyPress,Protect|||M|||50|,,,,,Electric]Farigiraf||ThroatSpray|ArmorTail|HyperVoice,Psychic,TrickRoom,Protect|||F|||50|,,,,,Fairy]Incineroar||SafetyGoggles|Intimidate|KnockOff,PartingShot,FakeOut,Taunt|||M|||50|,,,,,Dragon]Amoonguss||SitrusBerry|Regenerator|PollenPuff,RagePowder,Spore,Protect|||F|||50|,,,,,Dark
|showteam|p2|Tyranitar||AssaultVest|SandStream|RockSlide,KnockOff,TeraBlast,LowKick|||F|||50|,,,,,Grass]Corviknight||SitrusBerry|MirrorArmor|BraveBird,PowerTrip,BulkUp,Roost|||F|||50|,,,,,Water]Dragonite||LoadedDice|InnerFocus|ScaleShot,StompingTantrum,Protect,Haze|||M|||50|,,,,,Ground]Whimsicott||CovertCloak|Prankster|Moonblast,LightScreen,Tailwind,Taunt|||M|||50|,,,,,Steel]Ursaluna-Bloodmoon||LifeOrb|MindsEye|BloodMoon,HyperVoice,EarthPower,Protect|||M|||50|,,,,,Normal]Arcanine-Hisui||ClearAmulet|Intimidate|RockSlide,ExtremeSpeed,FlareBlitz,Protect|||M|||50|,,,,,Water
|
|t:|1757707931
|teamsize|p1|4
|teamsize|p2|4
|start
|switch|p1a: Basculegion|Basculegion, L50, M|100/100
|switch|p1b: Incineroar|Incineroar, L50, M|100/100
|switch|p2a: Whimsicott|Whimsicott, L50, M, shiny|100/100
|switch|p2b: Ursaluna|Ursaluna-Bloodmoon, L50, M|100/100
|-ability|p1b: Incineroar|Intimidate|boost
|-unboost|p2a: Whimsicott|atk|1
|-unboost|p2b: Ursaluna|atk|1
|turn|1
|
|t:|1757707950
|switch|p1b: Pelipper|Pelipper, L50, F|100/100
|-weather|RainDance|[from] ability: Drizzle|[of] p1b: Pelipper
|-terastallize|p1a: Basculegion|Water
|move|p2b: Ursaluna|Protect|p2b: Ursaluna
|-singleturn|p2b: Ursaluna|Protect
|move|p1a: Basculegion|Wave Crash|p2b: Ursaluna
|-activate|p2b: Ursaluna|move: Protect
|move|p2a: Whimsicott|Moonblast|p1a: Basculegion
|-damage|p1a: Basculegion|71/100
|
|-weather|RainDance|[upkeep]
|upkeep
|turn|2
|
|t:|1757707969
|switch|p2b: Arcanine|Arcanine-Hisui, L50, M|100/100
|-ability|p2b: Arcanine|Intimidate|boost
|-unboost|p1a: Basculegion|atk|1
|-unboost|p1b: Pelipper|atk|1
|move|p2a: Whimsicott|Taunt|p1b: Pelipper
|-start|p1b: Pelipper|move: Taunt
|move|p1a: Basculegion|Wave Crash|p2b: Arcanine
|-supereffective|p2b: Arcanine
|-damage|p2b: Arcanine|0 fnt
|faint|p2b: Arcanine
|-damage|p1a: Basculegion|43/100|[from] Recoil
|move|p1b: Pelipper|Weather Ball|p2a: Whimsicott
|-resisted|p2a: Whimsicott
|-damage|p2a: Whimsicott|56/100
|-damage|p1b: Pelipper|91/100|[from] item: Life Orb
|
|-weather|RainDance|[upkeep]
|upkeep
|inactive|Battle timer is ON: inactive players will automatically lose when time's up. (requested by MilenaCapilla)
|
|t:|1757707989
|switch|p2b: Tyranitar|Tyranitar, L50, F|100/100
|-weather|Sandstorm|[from] ability: Sand Stream|[of] p2b: Tyranitar
|turn|3
|
|t:|1757708001
|switch|p1a: Incineroar|Incineroar, L50, M|100/100
|-ability|p1a: Incineroar|Intimidate|boost
|-unboost|p2a: Whimsicott|atk|1
|-unboost|p2b: Tyranitar|atk|1
|switch|p1b: Amoonguss|Amoonguss, L50, F|100/100
|-terastallize|p2b: Tyranitar|Grass
|move|p2a: Whimsicott|Light Screen|p2a: Whimsicott
|-sidestart|p2: eeveesbabydaddy|move: Light Screen
|move|p2b: Tyranitar|Tera Blast|p1a: Incineroar|[anim] Tera Blast Grass
|-resisted|p1a: Incineroar
|-damage|p1a: Incineroar|87/100
|
|-weather|Sandstorm|[upkeep]
|-damage|p2a: Whimsicott|50/100|[from] Sandstorm
|-damage|p2b: Tyranitar|94/100|[from] Sandstorm
|-damage|p1b: Amoonguss|95/100|[from] Sandstorm
|upkeep
|turn|4
|inactive|MilenaCapilla has 30 seconds left.
|inactive|MilenaCapilla has 20 seconds left.
|inactive|MilenaCapilla has 15 seconds left.
|inactive|MilenaCapilla has 10 seconds left.
|inactive|MilenaCapilla has 5 seconds left.
|
|t:|1757708053
|move|p2a: Whimsicott|Taunt|p1b: Amoonguss
|-start|p1b: Amoonguss|move: Taunt
|move|p2b: Tyranitar|Rock Slide|p1a: Incineroar|[spread] p1a,p1b
|-supereffective|p1a: Incineroar
|-damage|p1a: Incineroar|50/100
|-damage|p1b: Amoonguss|74/100
|move|p1a: Incineroar|Parting Shot|p2b: Tyranitar
|-unboost|p2b: Tyranitar|atk|1
|-unboost|p2b: Tyranitar|spa|1
|
|t:|1757708073
|switch|p1a: Pelipper|Pelipper, L50, F|91/100|[from] Parting Shot
|-weather|RainDance|[from] ability: Drizzle|[of] p1a: Pelipper
|cant|p1b: Amoonguss|flinch
|
|-weather|RainDance|[upkeep]
|upkeep
|turn|5
|
|t:|1757708093
|switch|p1b: Incineroar|Incineroar, L50, M|50/100
|-ability|p1b: Incineroar|Intimidate|boost
|-unboost|p2a: Whimsicott|atk|1
|-unboost|p2b: Tyranitar|atk|1
|move|p2a: Whimsicott|Tailwind|p2a: Whimsicott
|-sidestart|p2: eeveesbabydaddy|move: Tailwind
|move|p2b: Tyranitar|Rock Slide|p1a: Pelipper|[spread] p1a,p1b
|-supereffective|p1a: Pelipper
|-supereffective|p1b: Incineroar
|-damage|p1a: Pelipper|59/100
|-damage|p1b: Incineroar|27/100
|move|p1a: Pelipper|Hurricane|p2a: Whimsicott
|-supereffective|p2a: Whimsicott
|-damage|p2a: Whimsicott|0 fnt
|faint|p2a: Whimsicott
|-damage|p1a: Pelipper|49/100|[from] item: Life Orb
|
|-weather|RainDance|[upkeep]
|upkeep
|
|t:|1757708108
|switch|p2a: Ursaluna|Ursaluna-Bloodmoon, L50, M|100/100
|turn|6
|
|t:|1757708125
|switch|p1b: Amoonguss|Amoonguss, L50, F|100/100
|move|p2b: Tyranitar|Rock Slide|p1a: Pelipper|[spread] p1a,p1b
|-supereffective|p1a: Pelipper
|-damage|p1a: Pelipper|18/100
|-damage|p1b: Amoonguss|88/100
|move|p2a: Ursaluna|Hyper Voice|p1a: Pelipper|[spread] p1a,p1b
|-damage|p1a: Pelipper|0 fnt
|-damage|p1b: Amoonguss|48/100
|-enditem|p1b: Amoonguss|Sitrus Berry|[eat]
|-heal|p1b: Amoonguss|72/100|[from] item: Sitrus Berry
|faint|p1a: Pelipper
|-damage|p2a: Ursaluna|91/100|[from] item: Life Orb
|
|-weather|RainDance|[upkeep]
|upkeep
|
|t:|1757708139
|switch|p1a: Basculegion|Basculegion, L50, M, tera:Water|43/100
|turn|7
|
|t:|1757708161
|switch|p1a: Incineroar|Incineroar, L50, M|27/100
|-ability|p1a: Incineroar|Intimidate|boost
|-unboost|p2a: Ursaluna|atk|1
|-unboost|p2b: Tyranitar|atk|1
|move|p2a: Ursaluna|Protect|p2a: Ursaluna
|-singleturn|p2a: Ursaluna|Protect
|move|p2b: Tyranitar|Tera Blast|p1a: Incineroar|[anim] Tera Blast Grass
|-resisted|p1a: Incineroar
|-damage|p1a: Incineroar|21/100
|move|p1b: Amoonguss|Pollen Puff|p1a: Incineroar
|-heal|p1a: Incineroar|71/100
|
|-weather|RainDance|[upkeep]
|-sideend|p2: eeveesbabydaddy|move: Light Screen
|upkeep
|turn|8
|
|t:|1757708183
|move|p1a: Incineroar|Fake Out|p2a: Ursaluna
|-damage|p2a: Ursaluna|83/100
|move|p2b: Tyranitar|Rock Slide|p1b: Amoonguss|[spread] p1a,p1b
|-supereffective|p1a: Incineroar
|-damage|p1a: Incineroar|50/100
|-damage|p1b: Amoonguss|62/100
|cant|p2a: Ursaluna|flinch
|cant|p1b: Amoonguss|flinch
|
|-weather|none
|-sideend|p2: eeveesbabydaddy|move: Tailwind
|upkeep
|turn|9
|inactive|MilenaCapilla has 30 seconds left.
|inactive|eeveesbabydaddy has 30 seconds left.
|inactive|MilenaCapilla has 20 seconds left.
|
|t:|1757708218
|move|p2b: Tyranitar|Rock Slide|p1a: Incineroar|[spread] p1a,p1b
|-supereffective|p1a: Incineroar
|-damage|p1a: Incineroar|29/100
|-damage|p1b: Amoonguss|53/100
|move|p2a: Ursaluna|Hyper Voice|p1b: Amoonguss|[spread] p1a,p1b
|-damage|p1a: Incineroar|0 fnt
|-damage|p1b: Amoonguss|19/100
|faint|p1a: Incineroar
|-damage|p2a: Ursaluna|73/100|[from] item: Life Orb
|cant|p1b: Amoonguss|flinch
|
|upkeep
|
|t:|1757708225
|switch|p1a: Basculegion|Basculegion, L50, M, tera:Water|43/100
|turn|10
|
|t:|1757708238
|move|p2a: Ursaluna|Protect|p2a: Ursaluna
|-singleturn|p2a: Ursaluna|Protect
|move|p1a: Basculegion|Wave Crash|p2a: Ursaluna
|-activate|p2a: Ursaluna|move: Protect
|move|p2b: Tyranitar|Tera Blast|p1a: Basculegion|[anim] Tera Blast Grass
|-supereffective|p1a: Basculegion
|-damage|p1a: Basculegion|5/100
|move|p1b: Amoonguss|Pollen Puff|p2b: Tyranitar
|-supereffective|p2b: Tyranitar
|-crit|p2b: Tyranitar
|-damage|p2b: Tyranitar|61/100
|
|upkeep
|turn|11
|
|t:|1757708252
|move|p1a: Basculegion|Wave Crash|p2a: Ursaluna
|-supereffective|p2a: Ursaluna
|-damage|p2a: Ursaluna|0 fnt
|faint|p2a: Ursaluna
|-damage|p1a: Basculegion|0 fnt|[from] Recoil
|faint|p1a: Basculegion
|move|p2b: Tyranitar|Rock Slide|p1b: Amoonguss
|-damage|p1b: Amoonguss|5/100
|cant|p1b: Amoonguss|flinch
|
|upkeep
|turn|12
|-message|MilenaCapilla forfeited.
|
|win|eeveesbabydaddy
|raw|MilenaCapilla's rating: 1178 → 1151(-27 for losing)
|raw|eeveesbabydaddy's rating: 1147 → 1174(+27 for winning)
|l|☆MilenaCapilla
|player|p1|
