|j|☆i miss my miraidon
|j|☆Northgdh
|html|i miss my miraidonNorthgdh    
|uhtml|bestof|Game 2 of a best-of-3
|t:|1784316724
|gametype|doubles
|player|p1|i miss my miraidon|102|1279
|player|p2|Northgdh|101|1311
|gen|9
|tier|[Gen 9 Champions] VGC 2026 Reg M-B (Bo3)
|rated|
|rule|Species Clause: Limit one of each Pokémon
|rule|Item Clause: Limit 1 of each item
|clearpoke
|poke|p1|Dragonite, L50, F|
|poke|p1|Raichu, L50, F|
|poke|p1|Basculegion, L50, M|
|poke|p1|Kingambit, L50, M|
|poke|p1|Garchomp, L50, M|
|poke|p1|Sylveon, L50, M|
|poke|p2|Incineroar, L50, M, shiny|
|poke|p2|Delphox, L50, F, shiny|
|poke|p2|Sinistcha, L50|
|poke|p2|Kingambit, L50, M, shiny|
|poke|p2|Blastoise, L50, M, shiny|
|poke|p2|Sneasler, L50, M|
|teampreview|4
|showteam|p1|Dragonite||Dragoninite|Multiscale|DracoMeteor,HeatWave,Tailwind,Protect|Modest||F|||50|]Raichu||RaichuniteY|Static|ZapCannon,FocusBlast,FakeOut,Protect|Timid||F|||50|]Basculegion||MysticWater|Adaptability|WaveCrash,LastRespects,AquaJet,Protect|Adamant||M|||50|]Kingambit||ChopleBerry|Defiant|KowtowCleave,SuckerPunch,IronHead,LowKick|Adamant||M|||50|]Garchomp||LifeOrb|RoughSkin|DragonClaw,StompingTantrum,RockSlide,Protect|Jolly||M|||50|]Sylveon||FairyFeather|Pixilate|HyperVoice,QuickAttack,Yawn,Detect|Modest||M|||50|
|showteam|p2|Incineroar||SitrusBerry|Intimidate|FlareBlitz,FakeOut,HelpingHand,PartingShot|Impish||M|||50|]Delphox||Delphoxite|Blaze|HeatWave,Psychic,NastyPlot,Protect|Timid||F|||50|]Sinistcha||KasibBerry|Hospitality|MatchaGotcha,RagePowder,LifeDew,Protect|Bold|||||50|]Kingambit||LifeOrb|Defiant|KowtowCleave,SuckerPunch,SwordsDance,Protect|Adamant||M|||50|]Blastoise||Blastoisinite|RainDish|WaterSpout,DarkPulse,ShellSmash,Protect|Modest||M|||50|]Sneasler||FocusSash|PoisonTouch|CloseCombat,PoisonJab,FakeOut,QuickGuard|Jolly||M|||50|
|inactive|Battle timer is ON: inactive players will automatically lose when time's up. (requested by Northgdh)
|
|t:|1784316745
|teamsize|p1|4
|teamsize|p2|4
|start
|switch|p1a: Sylveon|Sylveon, L50, M|100/100
|switch|p1b: Basculegion|Basculegion, L50, M|100/100
|switch|p2a: begged|Blastoise, L50, M, shiny|100/100
|switch|p2b: honeybee|Sneasler, L50, M|100/100
|turn|1
|
|t:|1784316751
|detailschange|p2a: begged|Blastoise-Mega, L50, M, shiny
|-mega|p2a: begged|Blastoise|Blastoisinite
|move|p2b: honeybee|Fake Out|p1a: Sylveon
|-damage|p1a: Sylveon|85/100
|move|p2a: begged|Shell Smash|p2a: begged
|-unboost|p2a: begged|def|1
|-unboost|p2a: begged|spd|1
|-boost|p2a: begged|atk|2
|-boost|p2a: begged|spa|2
|-boost|p2a: begged|spe|2
|move|p1b: Basculegion|Wave Crash|p2a: begged
|-resisted|p2a: begged|1
|-damage|p2a: begged|32/100
|-damage|p1b: Basculegion|81/100|[from] Recoil
|cant|p1a: Sylveon|flinch
|
|upkeep
|turn|2
|
|t:|1784316761
|move|p1b: Basculegion|Aqua Jet|p2a: begged
|-resisted|p2a: begged|1
|-damage|p2a: begged|7/100
|move|p2a: begged|Dark Pulse|p1b: Basculegion
|-supereffective|p1b: Basculegion|1
|-damage|p1b: Basculegion|0 fnt
|faint|p1b: Basculegion
|move|p2b: honeybee|Poison Jab|p1a: Sylveon
|-supereffective|p1a: Sylveon|1
|-damage|p1a: Sylveon|2/100
|-status|p1a: Sylveon|psn
|move|p1a: Sylveon|Hyper Voice|p2a: begged|[spread] p2a,p2b
|-damage|p2a: begged|0 fnt
|-damage|p2b: honeybee|40/100
|faint|p2a: begged
|
|-damage|p1a: Sylveon|0 fnt|[from] psn
|faint|p1a: Sylveon
|upkeep
|c|☆Northgdh|Huge survival
|
|t:|1784316780
|switch|p2a: drop dead|Kingambit, L50, M, shiny|100/100
|switch|p1b: Garchomp|Garchomp, L50, M|100/100
|switch|p1a: Dragonite|Dragonite, L50, F|100/100
|turn|3
|c|☆i miss my miraidon|Im leike near max bulk lmao
|c|☆i miss my miraidon|he so bulky
|
|t:|1784316793
|detailschange|p1a: Dragonite|Dragonite-Mega, L50, F
|-mega|p1a: Dragonite|Dragonite|Dragoninite
|move|p2a: drop dead|Sucker Punch|p1b: Garchomp
|-crit|p1b: Garchomp
|-damage|p1b: Garchomp|23/100
|-damage|p2a: drop dead|87/100|[from] ability: Rough Skin|[of] p1b: Garchomp
|-damage|p2a: drop dead|78/100|[from] item: Life Orb
|move|p2b: honeybee|Close Combat|p1b: Garchomp
|-damage|p1b: Garchomp|0 fnt
|-unboost|p2b: honeybee|def|1
|-unboost|p2b: honeybee|spd|1
|-damage|p2b: honeybee|27/100|[from] ability: Rough Skin|[of] p1b: Garchomp
|faint|p1b: Garchomp
|move|p1a: Dragonite|Tailwind|p1a: Dragonite
|-sidestart|p1: i miss my miraidon|move: Tailwind
|
|upkeep
|turn|4
|inactive|Northgdh has 30 seconds left.
|
|t:|1784316821
|switch|p2b: the cure|Sinistcha, L50|100/100
|-heal|p2a: drop dead|100/100|[from] ability: Hospitality|[of] p2b: the cure
|move|p1a: Dragonite|Heat Wave|p2b: the cure|[spread] p2a,p2b
|-supereffective|p2a: drop dead|1
|-supereffective|p2b: the cure|1
|-damage|p2a: drop dead|38/100
|-damage|p2b: the cure|37/100
|move|p2a: drop dead|Swords Dance|p2a: drop dead
|-boost|p2a: drop dead|atk|2
|
|upkeep
|turn|5
|c|☆i miss my miraidon|did the crit matter?
|
|t:|1784316829
|move|p2a: drop dead|Protect|p2a: drop dead
|-singleturn|p2a: drop dead|Protect
|move|p1a: Dragonite|Heat Wave|p2b: the cure|[spread] p2b
|-activate|p2a: drop dead|move: Protect
|-supereffective|p2b: the cure|1
|-damage|p2b: the cure|0 fnt
|faint|p2b: the cure
|
|upkeep
|
|t:|1784316830
|switch|p2b: honeybee|Sneasler, L50, M|27/100
|turn|6
|
|t:|1784316836
|move|p1a: Dragonite|Protect|p1a: Dragonite
|-singleturn|p1a: Dragonite|Protect
|move|p2b: honeybee|Fake Out|p1a: Dragonite
|-activate|p1a: Dragonite|move: Protect
|move|p2a: drop dead|Sucker Punch||[still]
|-fail|p2a: drop dead
|
|-sideend|p1: i miss my miraidon|move: Tailwind
|upkeep
|turn|7
|
|t:|1784316843
|move|p2a: drop dead|Protect|p2a: drop dead
|-singleturn|p2a: drop dead|Protect
|move|p2b: honeybee|Poison Jab|p1a: Dragonite
|-damage|p1a: Dragonite|79/100
|move|p1a: Dragonite|Heat Wave|p2a: drop dead|[spread] p2b
|-activate|p2a: drop dead|move: Protect
|-damage|p2b: honeybee|0 fnt
|faint|p2b: honeybee
|
|upkeep
|turn|8
|
|t:|1784316847
|move|p1a: Dragonite|Protect|p1a: Dragonite
|-singleturn|p1a: Dragonite|Protect
|move|p2a: drop dead|Sucker Punch||[still]
|-fail|p2a: drop dead
|
|upkeep
|turn|9
|c|☆Northgdh|Probably not
|c|☆Northgdh|but it might’ve been close
|c|☆Northgdh|sorry for not being chatty
|c|☆i miss my miraidon|ya cos ur jolly it might be a roll
|inactive|Northgdh has 30 seconds left.
|c|☆Northgdh|ladder hasn’t been kind today hahaha
|c|☆i miss my miraidon|ur fine bro dw
|
|t:|1784316879
|move|p1a: Dragonite|Protect||[still]
|-fail|p1a: Dragonite
|move|p2a: drop dead|Sucker Punch||[still]
|-fail|p2a: drop dead
|
|upkeep
|turn|10
|c|☆i miss my miraidon|lmao hahaha fair
|
|t:|1784316889
|move|p1a: Dragonite|Protect|p1a: Dragonite
|-singleturn|p1a: Dragonite|Protect
|move|p2a: drop dead|Sucker Punch||[still]
|-fail|p2a: drop dead
|
|upkeep
|turn|11
|
|t:|1784316896
|move|p2a: drop dead|Sucker Punch|p1a: Dragonite
|-damage|p1a: Dragonite|0 fnt
|faint|p1a: Dragonite
|-damage|p2a: drop dead|29/100|[from] item: Life Orb
|
|win|Northgdh
||i miss my miraidon is ready for game 3.
