|j|☆EchoShadowYT
|j|☆Oscarbolt
|html|EchoShadowYTOscarbolt    
|uhtml|bestof|Game 1 of a best-of-3
|t:|1783708579
|gametype|doubles
|player|p1|EchoShadowYT|skierf|1327
|player|p2|Oscarbolt|265|1343
|gen|9
|tier|[Gen 9 Champions] VGC 2026 Reg M-B (Bo3)
|rated|
|rule|Species Clause: Limit one of each Pokémon
|rule|Item Clause: Limit 1 of each item
|clearpoke
|poke|p1|Delphox, L50, F|
|poke|p1|Sneasler, L50, M|
|poke|p1|Floette-Eternal, L50, F|
|poke|p1|Kingambit, L50, M|
|poke|p1|Incineroar, L50, M|
|poke|p1|Sinistcha, L50|
|poke|p2|Pyroar, L50, M|
|poke|p2|Farigiraf, L50, F|
|poke|p2|Torkoal, L50, F|
|poke|p2|Vileplume, L50, M|
|poke|p2|Floette-Eternal, L50, F|
|poke|p2|Basculegion, L50, M|
|teampreview|4
|showteam|p1|Delphox||Delphoxite|Blaze|HeatWave,Psyshock,NastyPlot,Protect|Timid||F|||50|]Sneasler||FocusSash|PoisonTouch|DireClaw,CloseCombat,FakeOut,Protect|Jolly||M|||50|]Floette-Eternal||Floettite|FlowerVeil|DazzlingGleam,DrainingKiss,CalmMind,Protect|Modest||F|||50|]Kingambit||BlackGlasses|Defiant|KowtowCleave,SuckerPunch,SwordsDance,Protect|Adamant||M|||50|]Incineroar||SitrusBerry|Intimidate|ThroatChop,FlareBlitz,PartingShot,FakeOut|Impish||M|||50|]Sinistcha||KasibBerry|Hospitality|MatchaGotcha,RagePowder,TrickRoom,Protect|Calm|||||50|
|showteam|p2|Pyroar||Pyroarite|Unnerve|HeatWave,Overheat,SolarBeam,Protect|Timid||M|||50|]Farigiraf||ColburBerry|ArmorTail|PsychicFangs,Thunderbolt,TrickRoom,HelpingHand|Sassy||F|||50|]Torkoal||Charcoal|Drought|WeatherBall,Eruption,Protect,HelpingHand|Quiet||F|||50|]Vileplume||FocusSash|Chlorophyll|SleepPowder,AfterYou,SolarBeam,SludgeBomb|Timid||M|||50|]Floette-Eternal||Floettite|FlowerVeil|Moonblast,Protect,DazzlingGleam,CalmMind|Modest||F|||50|]Basculegion||LifeOrb|Adaptability|LastRespects,WaveCrash,AquaJet,Protect|Jolly||M|||50|
|inactive|Battle timer is ON: inactive players will automatically lose when time's up. (requested by EchoShadowYT)
|inactive|Oscarbolt has 60 seconds left.
|
|t:|1783708611
|teamsize|p1|4
|teamsize|p2|4
|start
|switch|p1a: Delphox|Delphox, L50, F|100/100
|switch|p1b: Sneasler|Sneasler, L50, M|100/100
|switch|p2a: Pyroar|Pyroar, L50, M|100/100
|switch|p2b: Basculegion|Basculegion, L50, M|100/100
|-ability|p2a: Pyroar|Unnerve
|turn|1
|inactive|Oscarbolt has 30 seconds left.
|inactive|Oscarbolt has 20 seconds left.
|
|t:|1783708647
|switch|p1a: Kingambit|Kingambit, L50, M|100/100
|detailschange|p2a: Pyroar|Pyroar-Mega, L50, M
|-mega|p2a: Pyroar|Pyroar|Pyroarite
|move|p2a: Pyroar|Heat Wave|p1a: Kingambit|[spread] p1a,p1b
|-supereffective|p1a: Kingambit|1
|-damage|p1a: Kingambit|0 fnt
|-damage|p1b: Sneasler|24/100
|faint|p1a: Kingambit
|move|p1b: Sneasler|Close Combat|p2a: Pyroar
|-supereffective|p2a: Pyroar|1
|-damage|p2a: Pyroar|0 fnt
|-unboost|p1b: Sneasler|def|1
|-unboost|p1b: Sneasler|spd|1
|faint|p2a: Pyroar
|move|p2b: Basculegion|Wave Crash|p1b: Sneasler
|-damage|p1b: Sneasler|0 fnt
|faint|p1b: Sneasler
|-damage|p2b: Basculegion|93/100|[from] Recoil
|-damage|p2b: Basculegion|83/100|[from] item: Life Orb
|
|upkeep
|
|t:|1783708664
|switch|p2a: Farigiraf|Farigiraf, L50, F|100/100
|switch|p1b: Delphox|Delphox, L50, F|100/100
|switch|p1a: Incineroar|Incineroar, L50, M|100/100
|-ability|p1a: Incineroar|Intimidate|boost
|-unboost|p2a: Farigiraf|atk|1
|-unboost|p2b: Basculegion|atk|1
|turn|2
|
|t:|1783708678
|switch|p2b: Torkoal|Torkoal, L50, F|100/100
|-weather|SunnyDay|[from] ability: Drought|[of] p2b: Torkoal
|detailschange|p1b: Delphox|Delphox-Mega, L50, F
|-mega|p1b: Delphox|Delphox|Delphoxite
|move|p1b: Delphox|Protect|p1b: Delphox
|-singleturn|p1b: Delphox|Protect
|move|p1a: Incineroar|Throat Chop|p2b: Torkoal
|-damage|p2b: Torkoal|75/100
|-start|p2b: Torkoal|Throat Chop|[silent]
|move|p2a: Farigiraf|Trick Room|p2a: Farigiraf
|-fieldstart|move: Trick Room|[of] p2a: Farigiraf
|
|-weather|SunnyDay|[upkeep]
|upkeep
|turn|3
|
|t:|1783708693
|move|p2b: Torkoal|Eruption|p1a: Incineroar|[spread] p1a,p1b
|-resisted|p1a: Incineroar|1
|-resisted|p1b: Delphox|1
|-damage|p1a: Incineroar|72/100
|-damage|p1b: Delphox|68/100
|move|p2a: Farigiraf|Thunderbolt|p1a: Incineroar
|-damage|p1a: Incineroar|53/100
|move|p1a: Incineroar|Flare Blitz|p2a: Farigiraf
|-damage|p2a: Farigiraf|25/100
|-damage|p1a: Incineroar|25/100|[from] Recoil
|-enditem|p1a: Incineroar|Sitrus Berry|[eat]
|-heal|p1a: Incineroar|50/100g|[from] item: Sitrus Berry
|move|p1b: Delphox|Heat Wave|p2b: Torkoal|[spread] p2a
|-miss|p1b: Delphox|p2b: Torkoal
|-damage|p2a: Farigiraf|0 fnt
|faint|p2a: Farigiraf
|
|-weather|SunnyDay|[upkeep]
|-end|p2b: Torkoal|Throat Chop|[silent]
|upkeep
|
|t:|1783708699
|switch|p2a: Basculegion|Basculegion, L50, M|83/100
|turn|4
|inactive|EchoShadowYT has 30 seconds left.
|
|t:|1783708725
|move|p2a: Basculegion|Protect|p2a: Basculegion
|-singleturn|p2a: Basculegion|Protect
|move|p2b: Torkoal|Eruption|p1b: Delphox|[spread] p1a,p1b
|-resisted|p1a: Incineroar|1
|-resisted|p1b: Delphox|1
|-damage|p1a: Incineroar|22/100
|-damage|p1b: Delphox|37/100
|move|p1a: Incineroar|Throat Chop|p2a: Basculegion
|-activate|p2a: Basculegion|move: Protect
|move|p1b: Delphox|Psyshock|p2b: Torkoal
|-damage|p2b: Torkoal|40/100
|
|-weather|SunnyDay|[upkeep]
|upkeep
|turn|5
|
|t:|1783708746
|move|p2a: Basculegion|Aqua Jet|p1a: Incineroar
|-supereffective|p1a: Incineroar|1
|-damage|p1a: Incineroar|0 fnt
|faint|p1a: Incineroar
|-damage|p2a: Basculegion|74/100|[from] item: Life Orb
|move|p2b: Torkoal|Weather Ball|p1b: Delphox
|-resisted|p1b: Delphox|1
|-damage|p1b: Delphox|1/100
|move|p1b: Delphox|Psyshock|p2b: Torkoal
|-damage|p2b: Torkoal|2/100
|
|-weather|SunnyDay|[upkeep]
|upkeep
|turn|6
|-message|EchoShadowYT forfeited.
|
|win|Oscarbolt
||EchoShadowYT is ready for game 2.
|inactive|Oscarbolt has 30 seconds to confirm battle start!
||Oscarbolt is ready for game 2.
|uhtml|next|Next: Game 2 of 3
