|j|☆Cotcha
|j|☆pabloblo
|html|Cotchapabloblo    
|uhtml|bestof|Game 3 of a best-of-3
|t:|1756390182
|gametype|doubles
|player|p1|Cotcha|li|1194
|player|p2|pabloblo|juan|1254
|gen|9
|tier|[Gen 9] VGC 2025 Reg H (Bo3)
|rated|
|rule|Species Clause: Limit one of each Pokémon
|rule|Item Clause: Limit 1 of each item
|clearpoke
|poke|p1|Annihilape, L50, F|
|poke|p1|Sinistcha, L50|
|poke|p1|Basculegion, L50, M|
|poke|p1|Pelipper, L50, M|
|poke|p1|Archaludon, L50, M|
|poke|p1|Maushold, L50|
|poke|p2|Torkoal, L50, M|
|poke|p2|Hatterene, L50, F|
|poke|p2|Indeedee-F, L50, F|
|poke|p2|Armarouge, L50, M|
|poke|p2|Ursaluna, L50, F|
|poke|p2|Kingambit, L50, F|
|teampreview|4
|showteam|p1|Annihilape||SitrusBerry|Defiant|DrainPunch,RageFist,BulkUp,Protect|||F|||50|,,,,,Fire]Sinistcha||RockyHelmet|Hospitality|RagePowder,MatchaGotcha,LifeDew,TrickRoom||||||50|,,,,,Fairy]Basculegion||ChoiceScarf|Adaptability|FlipTurn,WaveCrash,LastRespects,AquaJet|||M|||50|,,,,,Grass]Pelipper||FocusSash|Drizzle|WeatherBall,Hurricane,WideGuard,Protect|||M|||50|,,,,,Stellar]Archaludon||AssaultVest|Stamina|ElectroShot,BodyPress,DracoMeteor,FlashCannon|||M|||50|,,,,,Bug]Maushold||SafetyGoggles|FriendGuard|SuperFang,BeatUp,FollowMe,Taunt||||||50|,,,,,Ghost
|showteam|p2|Torkoal||Charcoal|Drought|Eruption,Overheat,HelpingHand,Protect|||M|||50|,,,,,Fire]Hatterene||LifeOrb|MagicBounce|ExpandingForce,DazzlingGleam,TrickRoom,Protect|||F|||50|,,,,,Fire]Indeedee-F||SafetyGoggles|PsychicSurge|FollowMe,Psychic,TrickRoom,HelpingHand|||F|||50|,,,,,Water]Armarouge||PowerHerb|FlashFire|ArmorCannon,MeteorBeam,ExpandingForce,TrickRoom|||M|||50|,,,,,Grass]Ursaluna||FlameOrb|Guts|Facade,HeadlongRush,Earthquake,Protect|||F|||50|,,,,,Ghost]Kingambit||AssaultVest|Defiant|KowtowCleave,SuckerPunch,IronHead,LowKick|||F|||50|,,,,,Flying
|inactive|Battle timer is ON: inactive players will automatically lose when time's up. (requested by pabloblo)
|inactive|Cotcha has 60 seconds left.
|
|t:|1756390224
|teamsize|p1|4
|teamsize|p2|4
|start
|switch|p1a: Archaludon|Archaludon, L50, M|100/100
|switch|p1b: Maushold|Maushold, L50|100/100
|switch|p2a: Indeedee|Indeedee-F, L50, F|100/100
|switch|p2b: Armarouge|Armarouge, L50, M|100/100
|-fieldstart|move: Psychic Terrain|[from] ability: Psychic Surge|[of] p2a: Indeedee
|turn|1
|
|t:|1756390246
|move|p2a: Indeedee|Follow Me|p2a: Indeedee
|-singleturn|p2a: Indeedee|move: Follow Me
|move|p1b: Maushold|Taunt|p2a: Indeedee
|-start|p2a: Indeedee|move: Taunt
|move|p1a: Archaludon|Draco Meteor|p2a: Indeedee
|-damage|p2a: Indeedee|46/100
|-unboost|p1a: Archaludon|spa|2
|move|p2b: Armarouge|Trick Room|p2b: Armarouge
|-fieldstart|move: Trick Room|[of] p2b: Armarouge
|
|upkeep
|turn|2
|inactive|Cotcha has 30 seconds left.
|
|t:|1756390274
|switch|p1b: Pelipper|Pelipper, L50, M|100/100
|-weather|RainDance|[from] ability: Drizzle|[of] p1b: Pelipper
|move|p2b: Armarouge|Meteor Beam||[still]
|-prepare|p2b: Armarouge|Meteor Beam
|-boost|p2b: Armarouge|spa|1
|-enditem|p2b: Armarouge|Power Herb
|-anim|p2b: Armarouge|Meteor Beam|p1b: Pelipper|[miss]
|-miss|p2b: Armarouge|p1b: Pelipper
|move|p2a: Indeedee|Psychic|p1b: Pelipper
|-damage|p1b: Pelipper|38/100
|move|p1a: Archaludon|Electro Shot||[still]
|-prepare|p1a: Archaludon|Electro Shot
|-boost|p1a: Archaludon|spa|1
|-anim|p1a: Archaludon|Electro Shot|p2b: Armarouge
|-damage|p2b: Armarouge|69/100
|
|-weather|RainDance|[upkeep]
|upkeep
|turn|3
|inactive|Cotcha has 30 seconds left.
|inactive|Cotcha has 20 seconds left.
|inactive|Cotcha has 15 seconds left.
|inactive|Cotcha has 10 seconds left.
|inactive|Cotcha has 5 seconds left.
|
|t:|1756390328
|switch|p2a: Torkoal|Torkoal, L50, M|100/100
|-weather|SunnyDay|[from] ability: Drought|[of] p2a: Torkoal
|switch|p1a: Maushold|Maushold, L50|100/100
|switch|p1b: Annihilape|Annihilape, L50, F|100/100
|move|p2b: Armarouge|Armor Cannon|p1a: Maushold
|-damage|p1a: Maushold|0 fnt
|-unboost|p2b: Armarouge|def|1
|-unboost|p2b: Armarouge|spd|1
|faint|p1a: Maushold
|
|-weather|SunnyDay|[upkeep]
|upkeep
|
|t:|1756390332
|switch|p1a: Pelipper|Pelipper, L50, M|38/100
|-weather|RainDance|[from] ability: Drizzle|[of] p1a: Pelipper
|turn|4
|inactive|Cotcha has 30 seconds left.
|inactive|pabloblo has 30 seconds left.
|
|t:|1756390363
|switch|p2a: Indeedee|Indeedee-F, L50, F|46/100
|move|p1a: Pelipper|Wide Guard|p1a: Pelipper
|-singleturn|p1a: Pelipper|Wide Guard
|move|p2b: Armarouge|Expanding Force|p1a: Pelipper|[spread] 
|-activate|p1a: Pelipper|move: Wide Guard
|-activate|p1b: Annihilape|move: Wide Guard
|move|p1b: Annihilape|Bulk Up|p1b: Annihilape
|-boost|p1b: Annihilape|atk|1
|-boost|p1b: Annihilape|def|1
|
|-weather|RainDance|[upkeep]
|upkeep
|turn|5
|inactive|pabloblo has 30 seconds left.
|
|t:|1756390388
|-terastallize|p1b: Annihilape|Fire
|move|p1a: Pelipper|Wide Guard|p1a: Pelipper
|-singleturn|p1a: Pelipper|Wide Guard
|move|p2b: Armarouge|Expanding Force|p1a: Pelipper|[spread] 
|-activate|p1a: Pelipper|move: Wide Guard
|-activate|p1b: Annihilape|move: Wide Guard
|move|p2a: Indeedee|Psychic|p1a: Pelipper
|-damage|p1a: Pelipper|0 fnt
|faint|p1a: Pelipper
|move|p1b: Annihilape|Rage Fist|p2b: Armarouge
|-supereffective|p2b: Armarouge
|-damage|p2b: Armarouge|0 fnt
|faint|p2b: Armarouge
|
|-weather|RainDance|[upkeep]
|-fieldend|move: Trick Room
|-fieldend|move: Psychic Terrain
|upkeep
|
|t:|1756390401
|switch|p1a: Archaludon|Archaludon, L50, M|100/100
|switch|p2b: Ursaluna|Ursaluna, L50, F|100/100
|turn|6
|inactive|Cotcha has 30 seconds left.
|inactive|Cotcha has 20 seconds left.
|inactive|Cotcha has 15 seconds left.
|
|t:|1756390442
|switch|p2a: Torkoal|Torkoal, L50, M|100/100
|-weather|SunnyDay|[from] ability: Drought|[of] p2a: Torkoal
|move|p2b: Ursaluna|Protect|p2b: Ursaluna
|-singleturn|p2b: Ursaluna|Protect
|move|p1b: Annihilape|Drain Punch|p2a: Torkoal
|-damage|p2a: Torkoal|63/100
|move|p1a: Archaludon|Electro Shot||[still]
|-prepare|p1a: Archaludon|Electro Shot
|-boost|p1a: Archaludon|spa|1
|
|-weather|SunnyDay|[upkeep]
|-status|p2b: Ursaluna|brn|[from] item: Flame Orb
|upkeep
|turn|7
|inactive|pabloblo has 30 seconds left.
|
|t:|1756390467
|-terastallize|p2b: Ursaluna|Ghost
|move|p1b: Annihilape|Bulk Up|p1b: Annihilape
|-boost|p1b: Annihilape|atk|1
|-boost|p1b: Annihilape|def|1
|move|p1a: Archaludon|Electro Shot|p2a: Torkoal|[from] lockedmove
|-damage|p2a: Torkoal|0 fnt
|faint|p2a: Torkoal
|move|p2b: Ursaluna|Headlong Rush|p1b: Annihilape
|-supereffective|p1b: Annihilape
|-damage|p1b: Annihilape|0 fnt
|-unboost|p2b: Ursaluna|def|1
|-unboost|p2b: Ursaluna|spd|1
|faint|p1b: Annihilape
|
|-weather|SunnyDay|[upkeep]
|-damage|p2b: Ursaluna|95/100 brn|[from] brn
|upkeep
|
|t:|1756390476
|switch|p2a: Indeedee|Indeedee-F, L50, F|46/100
|-fieldstart|move: Psychic Terrain|[from] ability: Psychic Surge|[of] p2a: Indeedee
|turn|8
|
|t:|1756390483
|move|p2a: Indeedee|Follow Me|p2a: Indeedee
|-singleturn|p2a: Indeedee|move: Follow Me
|move|p1a: Archaludon|Flash Cannon|p2a: Indeedee
|-damage|p2a: Indeedee|0 fnt
|faint|p2a: Indeedee
|move|p2b: Ursaluna|Headlong Rush|p1a: Archaludon
|-supereffective|p1a: Archaludon
|-crit|p1a: Archaludon
|-damage|p1a: Archaludon|0 fnt
|-unboost|p2b: Ursaluna|def|1
|-unboost|p2b: Ursaluna|spd|1
|faint|p1a: Archaludon
|
|win|pabloblo
|raw|Cotcha's rating: 1194 → 1173(-21 for losing)
|raw|pabloblo's rating: 1254 → 1275(+21 for winning)
|c|☆pabloblo|ggs
|l|☆pabloblo
|player|p2|
|c|☆Cotcha|gg
