|j|☆ramagamer107
|j|☆drakig
|html|ramagamer107drakig    
|uhtml|bestof|Game 1 of a best-of-3
|t:|1782673281
|gametype|doubles
|player|p1|ramagamer107|ghetsis-gen5bw|
|player|p2|drakig|shadowtriad|
|gen|9
|tier|[Gen 9 Champions] VGC 2026 Reg M-B (Bo3)
|rule|Species Clause: Limit one of each Pokémon
|rule|Item Clause: Limit 1 of each item
|clearpoke
|poke|p1|Eelektross, L50, F, shiny|
|poke|p1|Mawile, L50, M|
|poke|p1|Farigiraf, L50, F|
|poke|p1|Dragalge, L50, F, shiny|
|poke|p1|Annihilape, L50, M|
|poke|p1|Araquanid, L50, M, shiny|
|poke|p2|Charizard, L50, F|
|poke|p2|Aerodactyl, L50, M|
|poke|p2|Garchomp, L50, M|
|poke|p2|Kingambit, L50, F|
|poke|p2|Basculegion, L50, M|
|poke|p2|Floette-Eternal, L50, F|
|teampreview|4
|showteam|p1|Eelektross||Eelektrossite|Levitate|Thunderbolt,Flamethrower,DragonPulse,Protect|Quiet||F|||50|]Mawile||Mawilite|Intimidate|PlayRough,IronHead,Protect,SuckerPunch|Brave||M|||50|]Farigiraf||ColburBerry|ArmorTail|HelpingHand,TwinBeam,TrickRoom,FoulPlay|Relaxed||F|||50|]Dragalge||Leftovers|Adaptability|Haze,SludgeBomb,DragonPulse,Protect|Quiet||F|||50|]Annihilape||LifeOrb|Defiant|DrainPunch,RageFist,Protect,RockSlide|Adamant||M|||50|]Araquanid||MysticWater|WaterBubble|LeechLife,Liquidation,WideGuard,Soak|Brave||M|||50|
|showteam|p2|Charizard||CharizarditeY|Blaze|HeatWave,WeatherBall,SolarBeam,Protect|Modest||F|||50|]Aerodactyl||FocusSash|Unnerve|RockSlide,Tailwind,WideGuard,Protect|Jolly||M|||50|]Garchomp||LifeOrb|RoughSkin|ScaleShot,Earthquake,StompingTantrum,Protect|Adamant||M|||50|]Kingambit||ChopleBerry|Defiant|KowtowCleave,LowKick,SuckerPunch,Protect|Adamant||F|||50|]Basculegion||ChoiceScarf|Adaptability|WaveCrash,LastRespects,AquaJet,FlipTurn|Jolly||M|||50|]Floette-Eternal||Floettite|FlowerVeil|DazzlingGleam,Moonblast,LightofRuin,Protect|Modest||F|||50|
|c|☆ramagamer107|GL
|c|☆drakig|gl broski
|inactive|Battle timer is ON: inactive players will automatically lose when time's up. (requested by drakig)
|
|t:|1782673317
|teamsize|p1|4
|teamsize|p2|4
|start
|switch|p1a: Annihilape|Annihilape, L50, M|100/100
|switch|p1b: Farigiraf|Farigiraf, L50, F|100/100
|switch|p2a: pastilla|Basculegion, L50, M|100/100
|switch|p2b: cucumber|Kingambit, L50, F|100/100
|turn|1
|c|☆ramagamer107|no se como le voy a hacer parce
|inactive|drakig has 30 seconds left.
|
|t:|1782673344
|move|p1b: Farigiraf|Helping Hand|p1a: Annihilape
|-singleturn|p1a: Annihilape|Helping Hand|[of] p1b: Farigiraf
|move|p2a: pastilla|Wave Crash|p1b: Farigiraf
|-damage|p1b: Farigiraf|45/100
|-damage|p2a: pastilla|79/100|[from] Recoil
|move|p1a: Annihilape|Drain Punch|p2b: cucumber
|-supereffective|p2b: cucumber|2
|-crit|p2b: cucumber
|-enditem|p2b: cucumber|Chople Berry|[eat]
|-enditem|p2b: cucumber|Chople Berry|[weaken]
|-damage|p2b: cucumber|0 fnt
|faint|p2b: cucumber
|-damage|p1a: Annihilape|90/100|[from] item: Life Orb
|
|upkeep
|c|☆drakig|papeada
|
|t:|1782673358
|switch|p2b: támesis|Floette-Eternal, L50, F|100/100
|turn|2
|c|☆ramagamer107|ostia
|
|t:|1782673366
|detailschange|p2b: támesis|Floette-Mega, L50, F
|-mega|p2b: támesis|Floette|Floettite
|-ability|p2b: támesis|Fairy Aura
|move|p1a: Annihilape|Protect|p1a: Annihilape
|-singleturn|p1a: Annihilape|Protect
|move|p2a: pastilla|Wave Crash|p1b: Farigiraf
|-damage|p1b: Farigiraf|0 fnt
|faint|p1b: Farigiraf
|-damage|p2a: pastilla|62/100|[from] Recoil
|move|p2b: támesis|Moonblast|p1a: Annihilape
|-activate|p1a: Annihilape|move: Protect
|
|upkeep
|
|t:|1782673379
|switch|p1b: Dragalge|Dragalge, L50, F, shiny|100/100
|turn|3
|
|t:|1782673397
|switch|p2a: casemiro|Garchomp, L50, M|100/100
|move|p2b: támesis|Protect|p2b: támesis
|-singleturn|p2b: támesis|Protect
|move|p1a: Annihilape|Rage Fist|p2a: casemiro
|-damage|p2a: casemiro|66/100
|-damage|p1a: Annihilape|77/100|[from] ability: Rough Skin|[of] p2a: casemiro
|-damage|p1a: Annihilape|68/100|[from] item: Life Orb
|move|p1b: Dragalge|Sludge Bomb|p2b: támesis
|-activate|p2b: támesis|move: Protect
|
|upkeep
|turn|4
|
|t:|1782673417
|switch|p1b: Eelektross|Eelektross, L50, F, shiny|100/100
|move|p1a: Annihilape|Protect|p1a: Annihilape
|-singleturn|p1a: Annihilape|Protect
|move|p2b: támesis|Dazzling Gleam|p1a: Annihilape|[spread] p1b
|-activate|p1a: Annihilape|move: Protect
|-damage|p1b: Eelektross|40/100
|move|p2a: casemiro|Stomping Tantrum|p1b: Eelektross
|-immune|p1b: Eelektross|[from] ability: Levitate
|
|upkeep
|turn|5
|
|t:|1782673433
|detailschange|p1b: Eelektross|Eelektross-Mega, L50, F, shiny
|-mega|p1b: Eelektross|Eelektross|Eelektrossite
|move|p1b: Eelektross|Protect|p1b: Eelektross
|-singleturn|p1b: Eelektross|Protect
|move|p2b: támesis|Dazzling Gleam|p1b: Eelektross|[spread] p1a
|-activate|p1b: Eelektross|move: Protect
|-supereffective|p1a: Annihilape|1
|-damage|p1a: Annihilape|0 fnt
|faint|p1a: Annihilape
|move|p2a: casemiro|Stomping Tantrum|p1b: Eelektross
|-activate|p1b: Eelektross|move: Protect
|
|upkeep
|
|t:|1782673438
|switch|p1a: Dragalge|Dragalge, L50, F, shiny|100/100
|turn|6
|
|t:|1782673452
|move|p1b: Eelektross|Protect||[still]
|-fail|p1b: Eelektross
|move|p2b: támesis|Dazzling Gleam|p1a: Dragalge|[spread] p1a,p1b
|-damage|p1a: Dragalge|57/100
|-damage|p1b: Eelektross|0 fnt
|faint|p1b: Eelektross
|move|p2a: casemiro|Stomping Tantrum|p1a: Dragalge
|-supereffective|p1a: Dragalge|1
|-damage|p1a: Dragalge|0 fnt
|faint|p1a: Dragalge
|-damage|p2a: casemiro|56/100|[from] item: Life Orb
|
|win|drakig
|c|☆ramagamer107|casi
||drakig is ready for game 2.
|inactive|ramagamer107 has 30 seconds to confirm battle start!
||ramagamer107 is ready for game 2.
|uhtml|next|Next: Game 2 of 3
