|j|☆failandimprove2
|j|☆lalalaing
|html|failandimprove2lalalaing    
|uhtml|bestof|Game 1 of a best-of-3
|t:|1783278372
|gametype|doubles
|player|p1|failandimprove2|2|1452
|player|p2|lalalaing|chili|1354
|gen|9
|tier|[Gen 9 Champions] VGC 2026 Reg M-B (Bo3)
|rated|
|rule|Species Clause: Limit one of each Pokémon
|rule|Item Clause: Limit 1 of each item
|clearpoke
|poke|p1|Charizard, L50, F|
|poke|p1|Floette-Eternal, L50, F|
|poke|p1|Whimsicott, L50, F|
|poke|p1|Basculegion, L50, M|
|poke|p1|Kingambit, L50, M|
|poke|p1|Garchomp, L50, M|
|poke|p2|Charizard, L50, M|
|poke|p2|Raichu, L50, M|
|poke|p2|Sneasler, L50, F|
|poke|p2|Sinistcha, L50|
|poke|p2|Kingambit, L50, M|
|poke|p2|Milotic, L50, M|
|teampreview|4
|showteam|p1|Charizard||CharizarditeY|Blaze|HeatWave,WeatherBall,SolarBeam,Protect|Modest||F|||50|]Floette-Eternal||Floettite|FlowerVeil|Moonblast,DazzlingGleam,LightofRuin,Protect|Timid||F|||50|]Whimsicott||FocusSash|Prankster|Moonblast,Tailwind,Encore,Protect|Timid||F|||50|]Basculegion||MysticWater|Adaptability|WaveCrash,LastRespects,AquaJet,Protect|Adamant||M|||50|]Kingambit||ChopleBerry|Defiant|KowtowCleave,SuckerPunch,IronHead,LowKick|Adamant||M|||50|]Garchomp||LifeOrb|RoughSkin|Earthquake,RockSlide,DragonClaw,Protect|Jolly||M|||50|
|showteam|p2|Charizard||CharizarditeX|Blaze|FlareBlitz,DragonClaw,DragonDance,Protect|Adamant||M|||50|]Raichu||RaichuniteY|LightningRod|ZapCannon,FocusBlast,FakeOut,Protect|Timid||M|||50|]Sneasler||WhiteHerb|Unburden|DireClaw,CloseCombat,FakeOut,Protect|Adamant||F|||50|]Sinistcha||SitrusBerry|Hospitality|MatchaGotcha,RagePowder,TrickRoom,Protect|Calm|||||50|]Kingambit||BlackGlasses|Defiant|KowtowCleave,SuckerPunch,SwordsDance,Protect|Adamant||M|||50|]Milotic||Leftovers|Competitive|MuddyWater,Coil,Hypnosis,Protect|Bold||M|||50|
|inactive|Battle timer is ON: inactive players will automatically lose when time's up. (requested by failandimprove2)
|inactive|failandimprove2 has 60 seconds left.
|inactive|failandimprove2 has 30 seconds left.
|
|t:|1783278439
|teamsize|p1|4
|teamsize|p2|4
|start
|switch|p1a: Garchomp|Garchomp, L50, M|100/100
|switch|p1b: Whimsicott|Whimsicott, L50, F|100/100
|switch|p2a: Raichu|Raichu, L50, M|100/100
|switch|p2b: Sinistcha|Sinistcha, L50|100/100
|turn|1
|inactive|failandimprove2 has 30 seconds left.
|inactive|failandimprove2 has 20 seconds left.
|inactive|failandimprove2 has 15 seconds left.
|inactive|failandimprove2 has 10 seconds left.
|
|t:|1783278485
|detailschange|p2a: Raichu|Raichu-Mega-Y, L50, M
|-mega|p2a: Raichu|Raichu|Raichunite Y
|move|p2a: Raichu|Fake Out|p1a: Garchomp
|-crit|p1a: Garchomp
|-damage|p1a: Garchomp|87/100
|-damage|p2a: Raichu|87/100|[from] ability: Rough Skin|[of] p1a: Garchomp
|move|p1b: Whimsicott|Moonblast|p2a: Raichu
|-damage|p2a: Raichu|31/100
|cant|p1a: Garchomp|flinch
|move|p2b: Sinistcha|Matcha Gotcha|p1a: Garchomp|[spread] p1a,p1b
|-resisted|p1b: Whimsicott|1
|-damage|p1a: Garchomp|58/100
|-damage|p1b: Whimsicott|81/100
|
|upkeep
|turn|2
|
|t:|1783278506
|switch|p2a: Kingambit|Kingambit, L50, M|100/100
|move|p1b: Whimsicott|Moonblast|p2b: Sinistcha
|-damage|p2b: Sinistcha|65/100
|move|p1a: Garchomp|Rock Slide|p2a: Kingambit|[spread] p2a,p2b
|-resisted|p2a: Kingambit|1
|-damage|p2a: Kingambit|90/100
|-damage|p2b: Sinistcha|43/100
|-enditem|p2b: Sinistcha|Sitrus Berry|[eat]
|-heal|p2b: Sinistcha|67/100|[from] item: Sitrus Berry
|-damage|p1a: Garchomp|49/100|[from] item: Life Orb
|move|p2b: Sinistcha|Matcha Gotcha|p1b: Whimsicott|[spread] p1a,p1b
|-resisted|p1b: Whimsicott|1
|-damage|p1a: Garchomp|21/100
|-heal|p2b: Sinistcha|82/100|[from] drain|[of] p1a: Garchomp
|-damage|p1b: Whimsicott|61/100
|-heal|p2b: Sinistcha|90/100|[from] drain|[of] p1b: Whimsicott
|-status|p1a: Garchomp|brn
|
|-damage|p1a: Garchomp|15/100 brn|[from] brn
|upkeep
|turn|3
|
|t:|1783278518
|move|p1b: Whimsicott|Tailwind|p1b: Whimsicott
|-sidestart|p1: failandimprove2|move: Tailwind
|move|p1a: Garchomp|Earthquake|p2a: Kingambit|[spread] p1b,p2a,p2b
|-resisted|p1b: Whimsicott|1
|-supereffective|p2a: Kingambit|1
|-resisted|p2b: Sinistcha|1
|-damage|p1b: Whimsicott|44/100
|-damage|p2a: Kingambit|55/100
|-damage|p2b: Sinistcha|79/100
|-damage|p1a: Garchomp|6/100 brn|[from] item: Life Orb
|move|p2b: Sinistcha|Matcha Gotcha|p1b: Whimsicott|[spread] p1a
|-miss|p2b: Sinistcha|p1b: Whimsicott
|-damage|p1a: Garchomp|0 fnt
|-heal|p2b: Sinistcha|83/100|[from] drain|[of] p1a: Garchomp
|faint|p1a: Garchomp
|move|p2a: Kingambit|Swords Dance|p2a: Kingambit
|-boost|p2a: Kingambit|atk|2
|
|upkeep
|
|t:|1783278522
|switch|p1a: Floette|Floette-Eternal, L50, F|100/100
|turn|4
|
|t:|1783278540
|detailschange|p1a: Floette|Floette-Mega, L50, F
|-mega|p1a: Floette|Floette|Floettite
|-ability|p1a: Floette|Fairy Aura
|move|p1b: Whimsicott|Encore|p2b: Sinistcha
|-start|p2b: Sinistcha|Encore
|move|p2a: Kingambit|Sucker Punch||[still]
|-fail|p2a: Kingambit
|move|p1a: Floette|Dazzling Gleam|p2a: Kingambit|[spread] p2a,p2b
|-damage|p2a: Kingambit|12/100
|-damage|p2b: Sinistcha|37/100
|move|p2b: Sinistcha|Matcha Gotcha|p1b: Whimsicott|[spread] p1a,p1b
|-crit|p1a: Floette
|-resisted|p1b: Whimsicott|1
|-damage|p1a: Floette|69/100
|-heal|p2b: Sinistcha|50/100y|[from] drain|[of] p1a: Floette
|-damage|p1b: Whimsicott|23/100
|-heal|p2b: Sinistcha|58/100|[from] drain|[of] p1b: Whimsicott
|-status|p1a: Floette|brn
|
|-damage|p1a: Floette|63/100 brn|[from] brn
|upkeep
|turn|5
|inactive|failandimprove2 has 30 seconds left.
|
|t:|1783278570
|switch|p1b: Basculegion|Basculegion, L50, M|100/100
|move|p2a: Kingambit|Sucker Punch||[still]
|-fail|p2a: Kingambit
|move|p1a: Floette|Dazzling Gleam|p2b: Sinistcha|[spread] p2a,p2b
|-damage|p2a: Kingambit|0 fnt
|-damage|p2b: Sinistcha|17/100
|faint|p2a: Kingambit
|move|p2b: Sinistcha|Matcha Gotcha|p1b: Basculegion|[spread] p1a,p1b
|-supereffective|p1b: Basculegion|1
|-damage|p1a: Floette|43/100 brn
|-heal|p2b: Sinistcha|26/100|[from] drain|[of] p1a: Floette
|-damage|p1b: Basculegion|43/100
|-heal|p2b: Sinistcha|58/100|[from] drain|[of] p1b: Basculegion
|
|-damage|p1a: Floette|37/100 brn|[from] brn
|upkeep
|
|t:|1783278587
|switch|p2a: Sneasler|Sneasler, L50, F|100/100
|turn|6
|
|t:|1783278603
|switch|p1a: Whimsicott|Whimsicott, L50, F|23/100
|move|p2a: Sneasler|Fake Out|p1a: Whimsicott
|-damage|p1a: Whimsicott|0 fnt
|faint|p1a: Whimsicott
|move|p1b: Basculegion|Last Respects|p2b: Sinistcha
|-supereffective|p2b: Sinistcha|1
|-damage|p2b: Sinistcha|0 fnt
|faint|p2b: Sinistcha
|
|-sideend|p1: failandimprove2|move: Tailwind
|upkeep
|
|t:|1783278610
|switch|p1a: Floette|Floette-Mega, L50, F|37/100 brn
|switch|p2b: Raichu|Raichu-Mega-Y, L50, M|31/100
|-ability|p1a: Floette|Fairy Aura
|turn|7
|
|t:|1783278622
|move|p2b: Raichu|Protect|p2b: Raichu
|-singleturn|p2b: Raichu|Protect
|move|p1a: Floette|Protect|p1a: Floette
|-singleturn|p1a: Floette|Protect
|move|p1b: Basculegion|Protect|p1b: Basculegion
|-singleturn|p1b: Basculegion|Protect
|move|p2a: Sneasler|Dire Claw|p1b: Basculegion
|-activate|p1b: Basculegion|move: Protect
|
|-damage|p1a: Floette|31/100 brn|[from] brn
|upkeep
|turn|8
|
|t:|1783278630
|move|p2b: Raichu|Protect||[still]
|-fail|p2b: Raichu
|move|p1a: Floette|Protect|p1a: Floette
|-singleturn|p1a: Floette|Protect
|move|p1b: Basculegion|Aqua Jet|p2b: Raichu
|-damage|p2b: Raichu|0 fnt
|faint|p2b: Raichu
|move|p2a: Sneasler|Dire Claw|p1a: Floette
|-activate|p1a: Floette|move: Protect
|
|-damage|p1a: Floette|25/100 brn|[from] brn
|upkeep
|turn|9
|-message|lalalaing forfeited.
|
|win|failandimprove2
