|j|☆razorsharp01
|j|☆jussdoit
|html|razorsharp01jussdoit    
|uhtml|bestof|Game 1 of a best-of-3
|t:|1757765264
|gametype|doubles
|player|p1|razorsharp01|falkner|1159
|player|p2|jussdoit|steven|1034
|gen|9
|tier|[Gen 9] VGC 2025 Reg H (Bo3)
|rated|
|rule|Species Clause: Limit one of each Pokémon
|rule|Item Clause: Limit 1 of each item
|clearpoke
|poke|p1|Charizard, L50, F|
|poke|p1|Torkoal, L50, F|
|poke|p1|Porygon2, L50|
|poke|p1|Incineroar, L50, M|
|poke|p1|Jumpluff, L50, F|
|poke|p1|Ursaluna, L50, F|
|poke|p2|Serperior, L50, F|
|poke|p2|Ursaluna, L50, F|
|poke|p2|Empoleon, L50, M|
|poke|p2|Vikavolt, L50, F|
|poke|p2|Incineroar, L50, M|
|poke|p2|Indeedee-F, L50, F|
|teampreview|4
|showteam|p1|Charizard||ChoiceSpecs|SolarPower|HeatWave,Overheat,WeatherBall,AirSlash|||F|||50|,,,,,Ghost]Torkoal||EjectPack|Drought|Eruption,Overheat,HelpingHand,Protect|||F|||50|,,,,,Fire]Porygon2||Eviolite|Download|TeraBlast,IceBeam,Recover,TrickRoom||||||50|,,,,,Fighting]Incineroar||SafetyGoggles|Intimidate|FlareBlitz,KnockOff,FakeOut,PartingShot|||M|||50|,,,,,Ghost]Jumpluff||CovertCloak|Chlorophyll|SleepPowder,SunnyDay,RagePowder,Tailwind|||F|||50|,,,,,Water]Ursaluna||FlameOrb|Guts|HeadlongRush,Facade,Earthquake,Protect|||F|||50|,,,,,Ghost
|showteam|p2|Serperior||FocusSash|Contrary|LeafStorm,TeraBlast,Protect,GrassPledge|||F|||50|,,,,,Stellar]Ursaluna||FlameOrb|Guts|Earthquake,Facade,Protect,HeadlongRush|||F|||50|,,,,,Ghost]Empoleon||Leftovers|Competitive|Yawn,IcyWind,HydroPump,WaterPledge|||M|||50|,,,,,Grass]Vikavolt||AssaultVest|Levitate|BugBuzz,Discharge,AirSlash,EnergyBall|||F|||50|,,,,,Stellar]Incineroar||RockyHelmet|Intimidate|FlareBlitz,PartingShot,FakeOut,Bulldoze|||M|||50|,,,,,Bug]Indeedee-F||SitrusBerry|PsychicSurge|FollowMe,TrickRoom,Psychic,HealPulse|||F|||50|,,,,,Dark
|inactive|Battle timer is ON: inactive players will automatically lose when time's up. (requested by jussdoit)
|inactive|razorsharp01 has 60 seconds left.
|inactive|jussdoit has 60 seconds left.
|inactive|jussdoit has 30 seconds left.
|inactive|jussdoit has 20 seconds left.
|inactive|jussdoit has 15 seconds left.
|
|t:|1757765341
|teamsize|p1|4
|teamsize|p2|4
|start
|switch|p1a: Jumpluff|Jumpluff, L50, F|100/100
|switch|p1b: Incineroar|Incineroar, L50, M|100/100
|switch|p2a: Serperior|Serperior, L50, F|100/100
|switch|p2b: Empoleon|Empoleon, L50, M|100/100
|-ability|p1b: Incineroar|Intimidate|boost
|-boost|p2a: Serperior|atk|1
|-unboost|p2b: Empoleon|atk|1
|-ability|p2b: Empoleon|Competitive|boost
|-boost|p2b: Empoleon|spa|2
|turn|1
|inactive|razorsharp01 has 30 seconds left.
|
|t:|1757765368
|-terastallize|p2b: Empoleon|Grass
|move|p1a: Jumpluff|Sunny Day|p1a: Jumpluff
|-weather|SunnyDay
|move|p2a: Serperior|Grass Pledge|p1a: Jumpluff
|-waiting|p2a: Serperior|p2b: Empoleon
|move|p2b: Empoleon|Water Pledge|p1a: Jumpluff|[from] move: Grass Pledge
|-combine
|-resisted|p1a: Jumpluff
|-damage|p1a: Jumpluff|67/100
|-sidestart|p1: razorsharp01|Grass Pledge
|move|p1b: Incineroar|Flare Blitz|p2a: Serperior
|-supereffective|p2a: Serperior
|-enditem|p2a: Serperior|Focus Sash
|-damage|p2a: Serperior|1/100
|-damage|p1b: Incineroar|76/100|[from] Recoil
|
|-weather|SunnyDay|[upkeep]
|upkeep
|turn|2
|
|t:|1757765390
|-terastallize|p1b: Incineroar|Ghost
|move|p2a: Serperior|Leaf Storm|p1a: Jumpluff
|-resisted|p1a: Jumpluff
|-damage|p1a: Jumpluff|53/100
|-boost|p2a: Serperior|spa|2
|move|p1a: Jumpluff|Tailwind|p1a: Jumpluff
|-sidestart|p1: razorsharp01|move: Tailwind
|move|p2b: Empoleon|Icy Wind|p1a: Jumpluff|[spread] p1a,p1b
|-supereffective|p1a: Jumpluff
|-damage|p1a: Jumpluff|0 fnt
|-damage|p1b: Incineroar|56/100
|-unboost|p1b: Incineroar|spe|1
|faint|p1a: Jumpluff
|move|p1b: Incineroar|Flare Blitz|p2b: Empoleon
|-supereffective|p2b: Empoleon
|-damage|p2b: Empoleon|0 fnt
|faint|p2b: Empoleon
|-damage|p1b: Incineroar|26/100|[from] Recoil
|
|-weather|SunnyDay|[upkeep]
|upkeep
|
|t:|1757765407
|switch|p1a: Porygon2|Porygon2, L50|100/100
|switch|p2b: Ursaluna|Ursaluna, L50, F|100/100
|-ability|p1a: Porygon2|Download|boost
|-boost|p1a: Porygon2|spa|1
|turn|3
|
|t:|1757765417
|switch|p1b: Ursaluna|Ursaluna, L50, F|100/100
|move|p2a: Serperior|Leaf Storm|p1a: Porygon2
|-damage|p1a: Porygon2|36/100
|-boost|p2a: Serperior|spa|2
|move|p2b: Ursaluna|Earthquake|p1b: Ursaluna|[spread] p2a,p1a,p1b
|-resisted|p2a: Serperior
|-damage|p2a: Serperior|0 fnt
|-damage|p1a: Porygon2|6/100
|-damage|p1b: Ursaluna|66/100
|faint|p2a: Serperior
|move|p1a: Porygon2|Trick Room|p1a: Porygon2
|-fieldstart|move: Trick Room|[of] p1a: Porygon2
|
|-weather|SunnyDay|[upkeep]
|-status|p1b: Ursaluna|brn|[from] item: Flame Orb
|-status|p2b: Ursaluna|brn|[from] item: Flame Orb
|upkeep
|
|t:|1757765431
|switch|p2a: Vikavolt|Vikavolt, L50, F|100/100
|turn|4
|
|t:|1757765444
|move|p2b: Ursaluna|Protect|p2b: Ursaluna
|-singleturn|p2b: Ursaluna|Protect
|move|p1a: Porygon2|Ice Beam|p2b: Ursaluna
|-activate|p2b: Ursaluna|move: Protect
|move|p1b: Ursaluna|Facade|p2a: Vikavolt
|-damage|p2a: Vikavolt|0 fnt
|faint|p2a: Vikavolt
|
|-weather|SunnyDay|[upkeep]
|-damage|p1b: Ursaluna|61/100 brn|[from] brn
|-damage|p2b: Ursaluna|94/100 brn|[from] brn
|-sideend|p1: razorsharp01|Grass Pledge
|upkeep
|turn|5
|
|t:|1757765462
|move|p2b: Ursaluna|Earthquake|p1b: Ursaluna|[spread] p1a,p1b
|-damage|p1a: Porygon2|0 fnt
|-damage|p1b: Ursaluna|11/100 brn
|faint|p1a: Porygon2
|move|p1b: Ursaluna|Facade|p2b: Ursaluna
|-damage|p2b: Ursaluna|0 fnt
|faint|p2b: Ursaluna
|
|win|razorsharp01
||jussdoit is ready for game 2.
|inactive|razorsharp01 has 30 seconds to confirm battle start!
||razorsharp01 is ready for game 2.
|uhtml|next|Next: Game 2 of 3
