|j|☆Navizz0
|j|☆new mental
|html|Navizz0new mental    
|uhtml|bestof|Game 3 of a best-of-3
|t:|1783591489
|gametype|doubles
|player|p1|Navizz0|ethan|1318
|player|p2|new mental|volkner|1299
|gen|9
|tier|[Gen 9 Champions] VGC 2026 Reg M-B (Bo3)
|rated|
|rule|Species Clause: Limit one of each Pokémon
|rule|Item Clause: Limit 1 of each item
|clearpoke
|poke|p1|Mawile, L50, M|
|poke|p1|Sinistcha, L50|
|poke|p1|Blaziken, L50, F|
|poke|p1|Palafin, L50, F|
|poke|p1|Hydreigon, L50, F|
|poke|p1|Glimmora, L50, F|
|poke|p2|Charizard, L50, M|
|poke|p2|Kingambit, L50, F|
|poke|p2|Sylveon, L50, F|
|poke|p2|Garchomp, L50, M|
|poke|p2|Aerodactyl, L50, M|
|poke|p2|Farigiraf, L50, M|
|teampreview|4
|showteam|p1|Mawile||Mawilite|HyperCutter|PlayRough,SuckerPunch,IronHead,Protect|Adamant||M|||50|]Sinistcha||SitrusBerry|Hospitality|MatchaGotcha,Protect,TrickRoom,RagePowder|Bold|||||50|]Blaziken||Blazikenite|SpeedBoost|AuraSphere,HeatWave,ScorchingSands,Protect|Modest||F|||50|]Palafin||LifeOrb|ZerotoHero|JetPunch,WaveCrash,CloseCombat,Protect|Jolly||F|||50|]Hydreigon||ChoiceScarf|Levitate|DracoMeteor,DarkPulse,Snarl,EarthPower|Timid||F|||50|]Glimmora||FocusSash|ToxicDebris|PowerGem,SludgeBomb,SpikyShield,EarthPower|Modest||F|||50|
|showteam|p2|Charizard||CharizarditeY|SolarPower|Protect,HeatWave,SolarBeam,WeatherBall|Modest||M|||50|]Kingambit||FocusSash|Defiant|IronHead,SuckerPunch,KowtowCleave,LowKick|Adamant||F|||50|]Sylveon||FairyFeather|Pixilate|Detect,HyperVoice,HyperBeam,QuickAttack|Modest||F|||50|]Garchomp||LifeOrb|RoughSkin|Protect,DragonClaw,Earthquake,RockSlide|Jolly||M|||50|]Aerodactyl||Aerodactylite|Unnerve|IceFang,RockSlide,Tailwind,DualWingbeat|Jolly||M|||50|]Farigiraf||SitrusBerry|ArmorTail|TrickRoom,Psychic,Thunderbolt,Roar|Bold||M|||50|
|inactive|Battle timer is ON: inactive players will automatically lose when time's up. (requested by Navizz0)
|inactive|Navizz0 has 60 seconds left.
|
|t:|1783591526
|teamsize|p1|4
|teamsize|p2|4
|start
|switch|p1a: Glimmora|Glimmora, L50, F|100/100
|switch|p1b: Hydreigon|Hydreigon, L50, F|100/100
|switch|p2a: Charizard|Charizard, L50, M|100/100
|switch|p2b: Sylveon|Sylveon, L50, F|100/100
|turn|1
|
|t:|1783591534
|switch|p1b: Mawile|Mawile, L50, M|100/100
|move|p2a: Charizard|Protect|p2a: Charizard
|-singleturn|p2a: Charizard|Protect
|move|p2b: Sylveon|Detect|p2b: Sylveon
|-singleturn|p2b: Sylveon|Protect
|move|p1a: Glimmora|Power Gem|p2a: Charizard
|-activate|p2a: Charizard|move: Protect
|
|upkeep
|turn|2
|inactive|new mental has 30 seconds left.
|
|t:|1783591567
|detailschange|p2a: Charizard|Charizard-Mega-Y, L50, M
|-mega|p2a: Charizard|Charizard|Charizardite Y
|-weather|SunnyDay|[from] ability: Drought|[of] p2a: Charizard
|detailschange|p1b: Mawile|Mawile-Mega, L50, M
|-mega|p1b: Mawile|Mawile|Mawilite
|move|p1b: Mawile|Protect|p1b: Mawile
|-singleturn|p1b: Mawile|Protect
|move|p1a: Glimmora|Power Gem|p2a: Charizard
|-supereffective|p2a: Charizard|2
|-damage|p2a: Charizard|0 fnt
|faint|p2a: Charizard
|move|p2b: Sylveon|Hyper Voice|p1b: Mawile|[spread] p1a
|-activate|p1b: Mawile|move: Protect
|-resisted|p1a: Glimmora|1
|-damage|p1a: Glimmora|71/100
|
|-weather|SunnyDay|[upkeep]
|upkeep
|l|☆Navizz0
|inactive|Navizz0 disconnected and has a minute to reconnect!
|player|p1|
|j|☆Navizz0
|inactive|Navizz0 reconnected.
|player|p1|Navizz0|ethan|
|
|t:|1783591589
|switch|p2a: Garchomp|Garchomp, L50, M|100/100
|turn|3
|
|t:|1783591599
|switch|p1b: Sinistcha|Sinistcha, L50|100/100
|-heal|p1a: Glimmora|96/100|[from] ability: Hospitality|[of] p1b: Sinistcha
|move|p2a: Garchomp|Earthquake|p1a: Glimmora|[spread] p2b,p1a,p1b
|-supereffective|p1a: Glimmora|2
|-resisted|p1b: Sinistcha|1
|-damage|p2b: Sylveon|41/100
|-damage|p1a: Glimmora|0 fnt
|-damage|p1b: Sinistcha|81/100
|-activate|p1a: Glimmora|ability: Toxic Debris
|-sidestart|p2: new mental|move: Toxic Spikes
|faint|p1a: Glimmora
|-damage|p2a: Garchomp|90/100|[from] item: Life Orb
|move|p2b: Sylveon|Hyper Voice|p1b: Sinistcha
|-damage|p1b: Sinistcha|20/100y
|-enditem|p1b: Sinistcha|Sitrus Berry|[eat]
|-heal|p1b: Sinistcha|45/100|[from] item: Sitrus Berry
|
|-weather|SunnyDay|[upkeep]
|upkeep
|
|t:|1783591606
|switch|p1a: Hydreigon|Hydreigon, L50, F|100/100
|turn|4
|
|t:|1783591618
|switch|p1a: Mawile|Mawile-Mega, L50, M|100/100
|move|p2a: Garchomp|Dragon Claw|p1a: Mawile
|-immune|p1a: Mawile
|move|p2b: Sylveon|Hyper Voice|p1b: Sinistcha|[spread] p1a,p1b
|-resisted|p1a: Mawile|1
|-damage|p1a: Mawile|72/100
|-damage|p1b: Sinistcha|0 fnt
|faint|p1b: Sinistcha
|
|-weather|SunnyDay|[upkeep]
|upkeep
|
|t:|1783591623
|switch|p1b: Hydreigon|Hydreigon, L50, F|100/100
|turn|5
|inactive|new mental has 30 seconds left.
|
|t:|1783591648
|move|p2b: Sylveon|Detect|p2b: Sylveon
|-singleturn|p2b: Sylveon|Protect
|move|p1b: Hydreigon|Draco Meteor|p2a: Garchomp|[miss]
|-miss|p1b: Hydreigon|p2a: Garchomp
|move|p2a: Garchomp|Earthquake|p1a: Mawile|[spread] p1a
|-activate|p2b: Sylveon|move: Protect
|-immune|p1b: Hydreigon|[from] ability: Levitate
|-supereffective|p1a: Mawile|1
|-damage|p1a: Mawile|0 fnt
|faint|p1a: Mawile
|-damage|p2a: Garchomp|80/100|[from] item: Life Orb
|
|-weather|SunnyDay|[upkeep]
|upkeep
|turn|6
|-message|Navizz0 forfeited.
|
|win|new mental
|raw|Navizz0's rating: 1318 → 1297(-21 for losing)
|raw|new mental's rating: 1299 → 1325(+26 for winning)
|l|☆Navizz0
|player|p1|
