|j|☆trepanbad
|j|☆hyokami
|html|trepanbadhyokami    
|uhtml|bestof|Game 3 of a best-of-3
|t:|1755707162
|gametype|doubles
|player|p1|trepanbad|hilbert|1209
|player|p2|hyokami|brycen|1200
|gen|9
|tier|[Gen 9] VGC 2025 Reg H (Bo3)
|rated|
|rule|Species Clause: Limit one of each Pokémon
|rule|Item Clause: Limit 1 of each item
|clearpoke
|poke|p1|Incineroar, L50, M|
|poke|p1|Annihilape, L50, M|
|poke|p1|Electabuzz, L50, F|
|poke|p1|Gholdengo, L50|
|poke|p1|Rillaboom, L50, F|
|poke|p1|Dragonite, L50, M|
|poke|p2|Volcarona, L50, F|
|poke|p2|Tyranitar, L50, M|
|poke|p2|Garchomp, L50, F|
|poke|p2|Amoonguss, L50, M|
|poke|p2|Salamence, L50, F|
|poke|p2|Excadrill, L50, F|
|teampreview|4
|showteam|p1|Incineroar||MirrorHerb|Intimidate|FakeOut,PartingShot,FlareBlitz,KnockOff|||M|||50|,,,,,Ghost]Annihilape||FocusSash|Defiant|Taunt,CloseCombat,RageFist,Coaching|||M|||50|,,,,,Stellar]Electabuzz||Eviolite|VitalSpirit|Electroweb,Taunt,Protect,FollowMe|||F|||50|,,,,,Dragon]Gholdengo||SitrusBerry|GoodasGold|MakeItRain,ShadowBall,Protect,NastyPlot||||||50|,,,,,Water]Rillaboom||AssaultVest|GrassySurge|FakeOut,WoodHammer,HighHorsepower,GrassyGlide|||F|||50|,,,,,Fire]Dragonite||LoadedDice|Multiscale|Protect,ScaleShot,Haze,ExtremeSpeed|||M|||50|,,,,,Fairy
|showteam|p2|Volcarona||CovertCloak|FlameBody|FieryDance,StruggleBug,RagePowder,WillOWisp|||F|||50|,,,,,Dragon]Tyranitar||AssaultVest|SandStream|RockSlide,KnockOff,TeraBlast,LowKick|||M|||50|,,,,,Flying]Garchomp||LoadedDice|SandVeil|ScaleShot,StompingTantrum,Earthquake,Protect|||F|||50|,,,,,Steel]Amoonguss||SitrusBerry|Regenerator|Spore,RagePowder,PollenPuff,ClearSmog|||M|||50|,,,,,Dark]Salamence||LifeOrb|Intimidate|DracoMeteor,AirSlash,Tailwind,Protect|||F|||50|,,,,,Steel]Excadrill||FocusSash|SandRush|Earthquake,RockSlide,IronHead,Protect|||F|||50|,,,,,Ground
|inactive|Battle timer is ON: inactive players will automatically lose when time's up. (requested by trepanbad)
|j| thewanderer55
|inactive|trepanbad has 60 seconds left.
|inactive|hyokami has 60 seconds left.
|
|t:|1755707200
|teamsize|p1|4
|teamsize|p2|4
|start
|switch|p1a: Electabuzz|Electabuzz, L50, F|100/100
|switch|p1b: Incineroar|Incineroar, L50, M|100/100
|switch|p2a: Tyranitar|Tyranitar, L50, M|100/100
|switch|p2b: Excadrill|Excadrill, L50, F|100/100
|-ability|p1b: Incineroar|Intimidate|boost
|-unboost|p2a: Tyranitar|atk|1
|-unboost|p2b: Excadrill|atk|1
|-weather|Sandstorm|[from] ability: Sand Stream|[of] p2a: Tyranitar
|turn|1
|
|t:|1755707217
|switch|p1a: Rillaboom|Rillaboom, L50, F|100/100
|-fieldstart|move: Grassy Terrain|[from] ability: Grassy Surge|[of] p1a: Rillaboom
|move|p1b: Incineroar|Fake Out|p2b: Excadrill
|-resisted|p2b: Excadrill
|-damage|p2b: Excadrill|93/100
|cant|p2b: Excadrill|flinch
|move|p2a: Tyranitar|Knock Off|p1b: Incineroar
|-resisted|p1b: Incineroar
|-damage|p1b: Incineroar|84/100
|-enditem|p1b: Incineroar|Mirror Herb|[from] move: Knock Off|[of] p2a: Tyranitar
|
|-weather|Sandstorm|[upkeep]
|-damage|p1a: Rillaboom|95/100|[from] Sandstorm
|-damage|p1b: Incineroar|78/100|[from] Sandstorm
|-heal|p2b: Excadrill|99/100|[from] Grassy Terrain
|-heal|p1a: Rillaboom|100/100|[from] Grassy Terrain
|-heal|p1b: Incineroar|84/100|[from] Grassy Terrain
|upkeep
|turn|2
|
|t:|1755707240
|move|p2b: Excadrill|Protect|p2b: Excadrill
|-singleturn|p2b: Excadrill|Protect
|move|p1a: Rillaboom|Fake Out|p2b: Excadrill
|-activate|p2b: Excadrill|move: Protect
|move|p1b: Incineroar|Parting Shot|p2a: Tyranitar
|-unboost|p2a: Tyranitar|atk|1
|-unboost|p2a: Tyranitar|spa|1
|
|t:|1755707250
|switch|p1b: Annihilape|Annihilape, L50, M|100/100|[from] Parting Shot
|move|p2a: Tyranitar|Knock Off|p1a: Rillaboom
|-damage|p1a: Rillaboom|76/100
|-enditem|p1a: Rillaboom|Assault Vest|[from] move: Knock Off|[of] p2a: Tyranitar
|
|-weather|Sandstorm|[upkeep]
|-damage|p1b: Annihilape|95/100|[from] Sandstorm
|-damage|p1a: Rillaboom|70/100|[from] Sandstorm
|-heal|p2b: Excadrill|100/100|[from] Grassy Terrain
|-heal|p1b: Annihilape|100/100|[from] Grassy Terrain
|-heal|p1a: Rillaboom|76/100|[from] Grassy Terrain
|upkeep
|turn|3
|inactive|trepanbad has 30 seconds left.
|inactive|trepanbad has 20 seconds left.
|
|t:|1755707287
|switch|p1a: Incineroar|Incineroar, L50, M|84/100
|-ability|p1a: Incineroar|Intimidate|boost
|-unboost|p2a: Tyranitar|atk|1
|-unboost|p2b: Excadrill|atk|1
|switch|p2a: Volcarona|Volcarona, L50, F, shiny|100/100
|move|p2b: Excadrill|Iron Head|p1a: Incineroar
|-resisted|p1a: Incineroar
|-damage|p1a: Incineroar|75/100
|move|p1b: Annihilape|Close Combat|p2b: Excadrill
|-supereffective|p2b: Excadrill
|-crit|p2b: Excadrill
|-enditem|p2b: Excadrill|Focus Sash
|-damage|p2b: Excadrill|1/100
|-unboost|p1b: Annihilape|def|1
|-unboost|p1b: Annihilape|spd|1
|
|-weather|Sandstorm|[upkeep]
|-damage|p1b: Annihilape|95/100|[from] Sandstorm
|-damage|p2a: Volcarona|95/100|[from] Sandstorm
|-damage|p1a: Incineroar|69/100|[from] Sandstorm
|-heal|p2b: Excadrill|7/100|[from] Grassy Terrain
|-heal|p1b: Annihilape|100/100|[from] Grassy Terrain
|-heal|p2a: Volcarona|100/100|[from] Grassy Terrain
|-heal|p1a: Incineroar|75/100|[from] Grassy Terrain
|upkeep
|turn|4
|inactive|trepanbad has 30 seconds left.
|
|t:|1755707314
|switch|p2b: Garchomp|Garchomp, L50, F|100/100
|switch|p1b: Electabuzz|Electabuzz, L50, F|100/100
|move|p2a: Volcarona|Will-O-Wisp|p1b: Electabuzz
|-status|p1b: Electabuzz|brn
|move|p1a: Incineroar|Flare Blitz|p2a: Volcarona
|-damage|p2a: Volcarona|35/100
|-damage|p1a: Incineroar|55/100|[from] Recoil
|
|-weather|Sandstorm|[upkeep]
|-damage|p1b: Electabuzz|94/100 brn|[from] Sandstorm
|-damage|p2a: Volcarona|29/100|[from] Sandstorm
|-damage|p1a: Incineroar|49/100|[from] Sandstorm
|-heal|p1b: Electabuzz|100/100 brn|[from] Grassy Terrain
|-heal|p2a: Volcarona|35/100|[from] Grassy Terrain
|-heal|p1a: Incineroar|55/100|[from] Grassy Terrain
|-damage|p1b: Electabuzz|94/100 brn|[from] brn
|upkeep
|turn|5
|inactive|trepanbad has 30 seconds left.
|inactive|hyokami has 30 seconds left.
|inactive|trepanbad has 20 seconds left.
|inactive|trepanbad has 15 seconds left.
|inactive|trepanbad has 10 seconds left.
|inactive|trepanbad has 5 seconds left.
|
|t:|1755707365
|switch|p2a: Tyranitar|Tyranitar, L50, M|100/100
|switch|p1a: Rillaboom|Rillaboom, L50, F|76/100
|move|p2b: Garchomp|Scale Shot|p1a: Rillaboom
|-damage|p1a: Rillaboom|63/100
|-crit|p1a: Rillaboom
|-damage|p1a: Rillaboom|43/100
|-damage|p1a: Rillaboom|29/100
|-damage|p1a: Rillaboom|16/100
|-damage|p1a: Rillaboom|3/100
|-hitcount|p1a: Rillaboom|5
|-unboost|p2b: Garchomp|def|1
|-boost|p2b: Garchomp|spe|1
|move|p1b: Electabuzz|Taunt|p2a: Tyranitar
|-start|p2a: Tyranitar|move: Taunt
|
|-weather|none
|-heal|p1b: Electabuzz|100/100 brn|[from] Grassy Terrain
|-heal|p1a: Rillaboom|9/100|[from] Grassy Terrain
|-damage|p1b: Electabuzz|94/100 brn|[from] brn
|-fieldend|move: Grassy Terrain
|upkeep
|turn|6
|inactive|trepanbad has 30 seconds left.
|inactive|hyokami has 30 seconds left.
|
|t:|1755707399
|switch|p1b: Annihilape|Annihilape, L50, M|100/100
|move|p2b: Garchomp|Protect|p2b: Garchomp
|-singleturn|p2b: Garchomp|Protect
|move|p1a: Rillaboom|Fake Out|p2b: Garchomp
|-activate|p2b: Garchomp|move: Protect
|move|p2a: Tyranitar|Knock Off|p1b: Annihilape
|-damage|p1b: Annihilape|40/100
|-enditem|p1b: Annihilape|Focus Sash|[from] move: Knock Off|[of] p2a: Tyranitar
|
|upkeep
|turn|7
|
|t:|1755707424
|-terastallize|p2a: Tyranitar|Flying
|move|p2b: Garchomp|Earthquake|p1a: Rillaboom|[spread] p1a,p1b
|-immune|p2a: Tyranitar
|-resisted|p1a: Rillaboom
|-damage|p1a: Rillaboom|0 fnt
|-damage|p1b: Annihilape|0 fnt
|faint|p1a: Rillaboom
|faint|p1b: Annihilape
|move|p2a: Tyranitar|Knock Off|p1: Rillaboom|[notarget]
|-fail|p2a: Tyranitar
|
|-end|p2a: Tyranitar|move: Taunt
|upkeep
|-message|trepanbad forfeited.
|
|win|hyokami
|raw|trepanbad's rating: 1209 → 1183(-26 for losing)
|raw|hyokami's rating: 1200 → 1226(+26 for winning)
|l| thewanderer55
