|j|☆princeofunderworld
|j|☆Lev001
|html|princeofunderworldLev001    
|uhtml|bestof|Game 1 of a best-of-3
|t:|1785425572
|gametype|doubles
|player|p1|princeofunderworld|169|1082
|player|p2|Lev001|169|1140
|gen|9
|tier|[Gen 9 Champions] VGC 2026 Reg M-B (Bo3)
|rated|
|rule|Species Clause: Limit one of each Pokémon
|rule|Item Clause: Limit 1 of each item
|clearpoke
|poke|p1|Blastoise, L50, F|
|poke|p1|Kingambit, L50, F|
|poke|p1|Whimsicott, L50, M|
|poke|p1|Incineroar, L50, M|
|poke|p1|Farigiraf, L50, M|
|poke|p1|Garchomp, L50, F|
|poke|p2|Raichu, L50, F|
|poke|p2|Garchomp, L50, M|
|poke|p2|Tyranitar, L50, M|
|poke|p2|Charizard, L50, F|
|poke|p2|Sinistcha, L50|
|poke|p2|Corviknight, L50, M|
|teampreview|4
|showteam|p1|Blastoise||Blastoisinite|Torrent|MuddyWater,AuraSphere,Protect,IceBeam|Modest||F|||50|]Kingambit||LifeOrb|Defiant|KowtowCleave,SuckerPunch,Protect,IronHead|Adamant||F|||50|]Whimsicott||FocusSash|Prankster|Moonblast,Tailwind,Taunt,WorrySeed|Timid||M|||50|]Incineroar||ChopleBerry|Intimidate|PartingShot,FlareBlitz,ThroatChop,FakeOut|Adamant||M|||50|]Farigiraf||SitrusBerry|ArmorTail|TwinBeam,Thunderbolt,Protect,HelpingHand|Sassy||M|||50|]Garchomp||Garchompite|SandVeil|PowerGem,EarthPower,Protect,DracoMeteor|Modest||F|||50|
|showteam|p2|Raichu||FocusSash|LightningRod|FakeOut,HelpingHand,BrickBreak,ThunderPunch|Jolly||F|||50|]Garchomp||LifeOrb|RoughSkin|Earthquake,StompingTantrum,DragonClaw,Protect|Jolly||M|||50|]Tyranitar||ChoiceScarf|SandStream|RockSlide,KnockOff,LowKick,IcePunch|Jolly||M|||50|]Charizard||CharizarditeY|Blaze|HeatWave,WeatherBall,SolarBeam,Protect|Modest||F|||50|]Sinistcha||KasibBerry|Hospitality|MatchaGotcha,RagePowder,ShadowBall,Protect|Modest|||||50|]Corviknight||Leftovers|MirrorArmor|IronHead,BraveBird,Roost,Tailwind|Adamant||M|||50|
|inactive|Battle timer is ON: inactive players will automatically lose when time's up. (requested by princeofunderworld)
|inactive|princeofunderworld has 60 seconds left.
|inactive|Lev001 has 60 seconds left.
|inactive|princeofunderworld has 30 seconds left.
|inactive|Lev001 has 30 seconds left.
|inactive|Lev001 has 20 seconds left.
|inactive|Lev001 has 15 seconds left.
|
|t:|1785425651
|teamsize|p1|4
|teamsize|p2|4
|start
|switch|p1a: Garchomp|Garchomp, L50, F|100/100
|switch|p1b: Kingambit|Kingambit, L50, F|100/100
|switch|p2a: Raichu|Raichu, L50, F|100/100
|switch|p2b: Charizard|Charizard, L50, F|100/100
|turn|1
|inactive|Lev001 has 30 seconds left.
|
|t:|1785425682
|switch|p2b: Garchomp|Garchomp, L50, M|100/100
|detailschange|p1a: Garchomp|Garchomp-Mega, L50, F
|-mega|p1a: Garchomp|Garchomp|Garchompite
|move|p1b: Kingambit|Protect|p1b: Kingambit
|-singleturn|p1b: Kingambit|Protect
|move|p2a: Raichu|Fake Out|p1a: Garchomp
|-damage|p1a: Garchomp|91/100
|cant|p1a: Garchomp|flinch
|
|upkeep
|turn|2
|
|t:|1785425701
|switch|p1b: Whimsicott|Whimsicott, L50, M|100/100
|move|p1a: Garchomp|Protect|p1a: Garchomp
|-singleturn|p1a: Garchomp|Protect
|move|p2a: Raichu|Brick Break|p1b: Whimsicott
|-resisted|p1b: Whimsicott|1
|-damage|p1b: Whimsicott|86/100
|move|p2b: Garchomp|Dragon Claw|p1a: Garchomp
|-activate|p1a: Garchomp|move: Protect
|
|upkeep
|turn|3
|inactive|Lev001 has 30 seconds left.
|inactive|Lev001 has 20 seconds left.
|inactive|Lev001 has 15 seconds left.
|
|t:|1785425743
|switch|p2a: Charizard|Charizard, L50, F|100/100
|move|p2b: Garchomp|Protect|p2b: Garchomp
|-singleturn|p2b: Garchomp|Protect
|move|p1b: Whimsicott|Tailwind|p1b: Whimsicott
|-sidestart|p1: princeofunderworld|move: Tailwind
|move|p1a: Garchomp|Draco Meteor|p2b: Garchomp
|-activate|p2b: Garchomp|move: Protect
|
|upkeep
|turn|4
|
|t:|1785425762
|detailschange|p2a: Charizard|Charizard-Mega-Y, L50, F
|-mega|p2a: Charizard|Charizard|Charizardite Y
|-weather|SunnyDay|[from] ability: Drought|[of] p2a: Charizard
|move|p1a: Garchomp|Protect|p1a: Garchomp
|-singleturn|p1a: Garchomp|Protect
|move|p1b: Whimsicott|Taunt|p2b: Garchomp
|-start|p2b: Garchomp|move: Taunt
|move|p2b: Garchomp|Dragon Claw|p1a: Garchomp
|-activate|p1a: Garchomp|move: Protect
|move|p2a: Charizard|Heat Wave|p1a: Garchomp|[spread] p1b
|-activate|p1a: Garchomp|move: Protect
|-supereffective|p1b: Whimsicott|1
|-damage|p1b: Whimsicott|0 fnt
|faint|p1b: Whimsicott
|
|-weather|SunnyDay|[upkeep]
|upkeep
|
|t:|1785425773
|switch|p1b: Blastoise|Blastoise, L50, F|100/100
|turn|5
|inactive|Lev001 has 30 seconds left.
|
|t:|1785425800
|switch|p2b: Raichu|Raichu, L50, F|100/100
|move|p2a: Charizard|Protect|p2a: Charizard
|-singleturn|p2a: Charizard|Protect
|move|p1a: Garchomp|Power Gem|p2a: Charizard
|-activate|p2a: Charizard|move: Protect
|move|p1b: Blastoise|Ice Beam|p2b: Raichu
|-damage|p2b: Raichu|57/100
|
|-weather|SunnyDay|[upkeep]
|upkeep
|turn|6
|inactive|Lev001 has 30 seconds left.
|
|t:|1785425828
|move|p1a: Garchomp|Protect|p1a: Garchomp
|-singleturn|p1a: Garchomp|Protect
|move|p2b: Raichu|Fake Out|p1a: Garchomp
|-activate|p1a: Garchomp|move: Protect
|move|p1b: Blastoise|Muddy Water|p2a: Charizard|[spread] p2b
|-miss|p1b: Blastoise|p2a: Charizard
|-damage|p2b: Raichu|35/100
|move|p2a: Charizard|Solar Beam||[still]
|-prepare|p2a: Charizard|Solar Beam
|-anim|p2a: Charizard|Solar Beam|p1b: Blastoise
|-supereffective|p1b: Blastoise|1
|-damage|p1b: Blastoise|5/100
|
|-weather|SunnyDay|[upkeep]
|-sideend|p1: princeofunderworld|move: Tailwind
|upkeep
|turn|7
|inactive|Lev001 has 30 seconds left.
|
|t:|1785425856
|switch|p2b: Garchomp|Garchomp, L50, M|100/100
|move|p2a: Charizard|Protect|p2a: Charizard
|-singleturn|p2a: Charizard|Protect
|move|p1b: Blastoise|Protect|p1b: Blastoise
|-singleturn|p1b: Blastoise|Protect
|move|p1a: Garchomp|Earth Power|p2b: Garchomp
|-damage|p2b: Garchomp|42/100
|
|-weather|SunnyDay|[upkeep]
|upkeep
|turn|8
|inactive|princeofunderworld has 30 seconds left.
|inactive|princeofunderworld has 20 seconds left.
|inactive|princeofunderworld has 15 seconds left.
|
|t:|1785425898
|move|p1a: Garchomp|Protect|p1a: Garchomp
|-singleturn|p1a: Garchomp|Protect
|move|p2b: Garchomp|Dragon Claw|p1a: Garchomp
|-activate|p1a: Garchomp|move: Protect
|move|p2a: Charizard|Heat Wave|p1a: Garchomp|[spread] p1b
|-activate|p1a: Garchomp|move: Protect
|-resisted|p1b: Blastoise|1
|-damage|p1b: Blastoise|0 fnt
|faint|p1b: Blastoise
|
|-weather|none
|upkeep
|
|t:|1785425900
|switch|p1b: Kingambit|Kingambit, L50, F|100/100
|turn|9
|inactive|Lev001 has 30 seconds left.
|
|t:|1785425929
|move|p1b: Kingambit|Sucker Punch|p2b: Garchomp
|-damage|p2b: Garchomp|0 fnt
|-damage|p1b: Kingambit|87/100|[from] ability: Rough Skin|[of] p2b: Garchomp
|faint|p2b: Garchomp
|-damage|p1b: Kingambit|78/100|[from] item: Life Orb
|move|p2a: Charizard|Heat Wave|p1a: Garchomp|[spread] p1a
|-miss|p2a: Charizard|p1b: Kingambit
|-resisted|p1a: Garchomp|1
|-damage|p1a: Garchomp|70/100
|-status|p1a: Garchomp|brn
|move|p1a: Garchomp|Power Gem|p2a: Charizard
|-supereffective|p2a: Charizard|2
|-damage|p2a: Charizard|0 fnt
|faint|p2a: Charizard
|
|-damage|p1a: Garchomp|64/100 brn|[from] brn
|upkeep
|
|t:|1785425945
|switch|p2b: Tyranitar|Tyranitar, L50, M|100/100
|switch|p2a: Raichu|Raichu, L50, F|35/100
|-weather|Sandstorm|[from] ability: Sand Stream|[of] p2b: Tyranitar
|turn|10
|
|t:|1785425957
|move|p1a: Garchomp|Protect|p1a: Garchomp
|-singleturn|p1a: Garchomp|Protect
|move|p2a: Raichu|Fake Out|p1b: Kingambit
|-resisted|p1b: Kingambit|1
|-damage|p1b: Kingambit|73/100
|move|p2b: Tyranitar|Ice Punch|p1a: Garchomp
|-activate|p1a: Garchomp|move: Protect
|cant|p1b: Kingambit|flinch
|
|-weather|Sandstorm|[upkeep]
|-damage|p2a: Raichu|29/100|[from] Sandstorm
|-damage|p1a: Garchomp|58/100 brn|[from] brn
|upkeep
|turn|11
|
|t:|1785425973
|move|p2a: Raichu|Helping Hand|p2b: Tyranitar
|-singleturn|p2b: Tyranitar|Helping Hand|[of] p2a: Raichu
|move|p1b: Kingambit|Sucker Punch||[still]
|-fail|p1b: Kingambit
|move|p2b: Tyranitar|Ice Punch|p1a: Garchomp
|-supereffective|p1a: Garchomp|2
|-damage|p1a: Garchomp|0 fnt
|faint|p1a: Garchomp
|
|-weather|Sandstorm|[upkeep]
|-damage|p2a: Raichu|24/100|[from] Sandstorm
|upkeep
|turn|12
|
|t:|1785425991
|move|p2a: Raichu|Helping Hand|p2b: Tyranitar
|-singleturn|p2b: Tyranitar|Helping Hand|[of] p2a: Raichu
|move|p1b: Kingambit|Protect|p1b: Kingambit
|-singleturn|p1b: Kingambit|Protect
|move|p2b: Tyranitar|Ice Punch|p1b: Kingambit
|-activate|p1b: Kingambit|move: Protect
|
|-weather|Sandstorm|[upkeep]
|-damage|p2a: Raichu|18/100|[from] Sandstorm
|upkeep
|turn|13
|
|t:|1785426003
|move|p2a: Raichu|Helping Hand|p2b: Tyranitar
|-singleturn|p2b: Tyranitar|Helping Hand|[of] p2a: Raichu
|move|p2b: Tyranitar|Ice Punch|p1b: Kingambit
|-resisted|p1b: Kingambit|1
|-damage|p1b: Kingambit|59/100
|move|p1b: Kingambit|Iron Head|p2b: Tyranitar
|-supereffective|p2b: Tyranitar|1
|-damage|p2b: Tyranitar|0 fnt
|faint|p2b: Tyranitar
|-damage|p1b: Kingambit|49/100|[from] item: Life Orb
|
|-weather|Sandstorm|[upkeep]
|-damage|p2a: Raichu|12/100|[from] Sandstorm
|upkeep
|turn|14
|
|t:|1785426018
|move|p1b: Kingambit|Protect|p1b: Kingambit
|-singleturn|p1b: Kingambit|Protect
|move|p2a: Raichu|Brick Break|p1b: Kingambit
|-activate|p1b: Kingambit|move: Protect
|
|-weather|none
|upkeep
|turn|15
|
|t:|1785426025
|move|p1b: Kingambit|Sucker Punch|p2a: Raichu
|-damage|p2a: Raichu|0 fnt
|faint|p2a: Raichu
|-damage|p1b: Kingambit|40/100|[from] item: Life Orb
|
|win|princeofunderworld
||princeofunderworld is ready for game 2.
||Lev001 is ready for game 2.
|uhtml|next|Next: Game 2 of 3
|l|☆Lev001
|player|p2|
|j|☆Lev001
|player|p2|Lev001|169|
|l|☆princeofunderworld
|player|p1|
