|j|☆fortree21utube
|j|☆teriso169
|html|fortree21utubeteriso169    
|uhtml|bestof|Game 3 of a best-of-3
|t:|1754993744
|gametype|doubles
|player|p1|fortree21utube|265|1225
|player|p2|teriso169|anabel-gen7|1317
|gen|9
|tier|[Gen 9] VGC 2025 Reg H (Bo3)
|rated|
|rule|Species Clause: Limit one of each Pokémon
|rule|Item Clause: Limit 1 of each item
|clearpoke
|poke|p1|Sneasler, L50, M|
|poke|p1|Indeedee, L50, M|
|poke|p1|Weezing-Galar, L50, F|
|poke|p1|Toedscruel, L50, M|
|poke|p1|Corviknight, L50, M|
|poke|p1|Garchomp, L50, F|
|poke|p2|Blaziken, L50, M|
|poke|p2|Dragonite, L50, M|
|poke|p2|Primarina, L50, F|
|poke|p2|Rillaboom, L50, M|
|poke|p2|Ninetales-Alola, L50, F|
|poke|p2|Gholdengo, L50|
|teampreview|4
|showteam|p1|Sneasler||PsychicSeed|Unburden|DireClaw,CloseCombat,ShadowClaw,Protect|||M|||50|,,,,,Ghost]Indeedee||FocusSash|PsychicSurge|ExpandingForce,Imprison,TrickRoom,Protect|||M|||50|,,,,,Fire]Weezing-Galar||ChoiceSpecs|NeutralizingGas|StrangeSteam,DazzlingGleam,SludgeBomb,Flamethrower|||F|||50|,,,,,Water]Toedscruel||CovertCloak|MyceliumMight|EarthPower,AcidSpray,Spore,Protect|||M|||50|,,,,,Water]Corviknight||SitrusBerry|MirrorArmor|BraveBird,Tailwind,Roost,BulkUp|||M|||50|,,,,,Dragon]Garchomp||LifeOrb|RoughSkin|Earthquake,StompingTantrum,DragonClaw,Protect|||F|||50|,,,,,Ground
|showteam|p2|Blaziken||LifeOrb|SpeedBoost|Protect,CloseCombat,FlareBlitz,UpperHand|||M|||50|,,,,,Ghost]Dragonite||LoadedDice|Multiscale|ScaleShot,Protect,Tailwind,LowKick|||M|||50|,,,,,Steel]Primarina||MysticWater|LiquidVoice|HyperVoice,Moonblast,Protect,Haze|||F|||50|,,,,,Steel]Rillaboom||AssaultVest|GrassySurge|WoodHammer,FakeOut,Uturn,GrassyGlide|||M|||50|,,,,,Fire]Ninetales-Alola||ChoiceSpecs|SnowWarning|Blizzard,FreezeDry,Moonblast,IcyWind|||F|||50|,,,,,Ice]Gholdengo||IronPlate|GoodasGold|NastyPlot,MakeItRain,ShadowBall,Protect||||||50|,,,,,Water
|inactive|Battle timer is ON: inactive players will automatically lose when time's up. (requested by teriso169)
|
|t:|1754993772
|teamsize|p1|4
|teamsize|p2|4
|start
|switch|p1a: Corviknight|Corviknight, L50, M|100/100
|switch|p1b: Garchomp|Garchomp, L50, F|100/100
|switch|p2a: TubbyMclLargePants|Dragonite, L50, M, shiny|100/100
|switch|p2b: Sam Bankman|Gholdengo, L50, shiny|100/100
|turn|1
|
|t:|1754993799
|-terastallize|p1b: Garchomp|Ground
|-terastallize|p2b: Sam Bankman|Water
|move|p1b: Garchomp|Earthquake|p2b: Sam Bankman|[spread] p2b
|-immune|p1a: Corviknight
|-immune|p2a: TubbyMclLargePants
|-damage|p2b: Sam Bankman|22/100
|-damage|p1b: Garchomp|91/100|[from] item: Life Orb
|move|p2b: Sam Bankman|Make It Rain|p1a: Corviknight|[spread] p1a,p1b
|-resisted|p1a: Corviknight
|-damage|p1a: Corviknight|80/100
|-damage|p1b: Garchomp|25/100
|-unboost|p2b: Sam Bankman|spa|1
|move|p2a: TubbyMclLargePants|Scale Shot|p1b: Garchomp
|-damage|p1b: Garchomp|9/100
|-damage|p1b: Garchomp|0 fnt
|faint|p1b: Garchomp
|-hitcount|p1: Garchomp|2
|-unboost|p2a: TubbyMclLargePants|def|1
|-boost|p2a: TubbyMclLargePants|spe|1
|move|p1a: Corviknight|Tailwind|p1a: Corviknight
|-sidestart|p1: fortree21utube|move: Tailwind
|
|upkeep
|inactive|fortree21utube has 30 seconds left.
|
|t:|1754993826
|switch|p1b: Sneasler|Sneasler, L50, M|100/100
|turn|2
|
|t:|1754993847
|move|p1b: Sneasler|Dire Claw|p2a: TubbyMclLargePants
|-damage|p2a: TubbyMclLargePants|63/100
|move|p2a: TubbyMclLargePants|Tailwind|p2a: TubbyMclLargePants
|-sidestart|p2: teriso169|move: Tailwind
|move|p2b: Sam Bankman|Nasty Plot|p2b: Sam Bankman
|-boost|p2b: Sam Bankman|spa|2
|move|p1a: Corviknight|Brave Bird|p2a: TubbyMclLargePants
|-damage|p2a: TubbyMclLargePants|0 fnt
|faint|p2a: TubbyMclLargePants
|-damage|p1a: Corviknight|63/100|[from] Recoil
|
|upkeep
|
|t:|1754993857
|switch|p2a: Xin Xianying|Ninetales-Alola, L50, F, shiny|100/100
|-weather|Snowscape|[from] ability: Snow Warning|[of] p2a: Xin Xianying
|turn|3
|
|t:|1754993875
|switch|p1a: Indeedee|Indeedee, L50, M|100/100
|-fieldstart|move: Psychic Terrain|[from] ability: Psychic Surge|[of] p1a: Indeedee
|-enditem|p1b: Sneasler|Psychic Seed
|-boost|p1b: Sneasler|spd|1|[from] item: Psychic Seed
|move|p1b: Sneasler|Dire Claw|p2a: Xin Xianying
|-supereffective|p2a: Xin Xianying
|-damage|p2a: Xin Xianying|0 fnt
|faint|p2a: Xin Xianying
|move|p2b: Sam Bankman|Shadow Ball|p1a: Indeedee
|-immune|p1a: Indeedee
|
|-weather|Snowscape|[upkeep]
|upkeep
|
|t:|1754993880
|switch|p2a: Joe Rogan|Rillaboom, L50, M, shiny|100/100
|-fieldstart|move: Grassy Terrain|[from] ability: Grassy Surge|[of] p2a: Joe Rogan
|turn|4
|inactive|fortree21utube has 30 seconds left.
|
|t:|1754993915
|switch|p1a: Corviknight|Corviknight, L50, M|63/100
|move|p1b: Sneasler|Protect|p1b: Sneasler
|-singleturn|p1b: Sneasler|Protect
|move|p2b: Sam Bankman|Protect|p2b: Sam Bankman
|-singleturn|p2b: Sam Bankman|Protect
|move|p2a: Joe Rogan|Wood Hammer|p1b: Sneasler
|-activate|p1b: Sneasler|move: Protect
|
|-weather|Snowscape|[upkeep]
|-heal|p2b: Sam Bankman|28/100|[from] Grassy Terrain
|-sideend|p1: fortree21utube|move: Tailwind
|upkeep
|turn|5
|
|t:|1754993937
|move|p1b: Sneasler|Dire Claw|p2b: Sam Bankman
|-damage|p2b: Sam Bankman|0 fnt
|faint|p2b: Sam Bankman
|move|p2a: Joe Rogan|Wood Hammer|p1b: Sneasler
|-resisted|p1b: Sneasler
|-damage|p1b: Sneasler|32/100
|-damage|p2a: Joe Rogan|83/100|[from] Recoil
|move|p1a: Corviknight|Tailwind|p1a: Corviknight
|-sidestart|p1: fortree21utube|move: Tailwind
|
|-weather|Snowscape|[upkeep]
|-heal|p1b: Sneasler|38/100|[from] Grassy Terrain
|-heal|p2a: Joe Rogan|89/100|[from] Grassy Terrain
|-sideend|p2: teriso169|move: Tailwind
|upkeep
|turn|6
|-message|teriso169 forfeited.
|
|win|fortree21utube
|raw|fortree21utube's rating: 1225 → 1256(+31 for winning)
|raw|teriso169's rating: 1317 → 1292(-25 for losing)
|l|☆teriso169
|player|p2|
|l|☆fortree21utube
|player|p1|
|j|☆fortree21utube
|player|p1|fortree21utube|265|
