|j|☆mischato_0
|j|☆lexema
|html|mischato_0lexema    
|uhtml|bestof|Game 3 of a best-of-3
|t:|1782310606
|gametype|doubles
|player|p1|mischato_0|lusamine-masters|1102
|player|p2|lexema|buck|1126
|gen|9
|tier|[Gen 9 Champions] VGC 2026 Reg M-B (Bo3)
|rated|
|rule|Species Clause: Limit one of each Pokémon
|rule|Item Clause: Limit 1 of each item
|clearpoke
|poke|p1|Scovillain, L50, F|
|poke|p1|Kingambit, L50, F|
|poke|p1|Sneasler, L50, F, shiny|
|poke|p1|Basculegion, L50, M|
|poke|p1|Floette-Eternal, L50, F|
|poke|p1|Glimmora, L50, F|
|poke|p2|Whimsicott, L50, F|
|poke|p2|Swampert, L50, F|
|poke|p2|Pelipper, L50, F|
|poke|p2|Archaludon, L50, M|
|poke|p2|Basculegion, L50, M|
|poke|p2|Floette-Eternal, L50, F|
|teampreview|4
|showteam|p1|Scovillain||Scovillainite|Moody|RagePowder,Flamethrower,Protect,LeechSeed|Calm||F|||50|]Kingambit||BlackGlasses|Defiant|SuckerPunch,KowtowCleave,IronHead,Protect|Adamant||F|||50|]Sneasler||WhiteHerb|Unburden|CloseCombat,FakeOut,Protect,DireClaw|Jolly||F|||50|]Basculegion||LifeOrb|SwiftSwim|LastRespects,AquaJet,WaveCrash,Liquidation|Adamant||M|||50|]Floette-Eternal||Floettite|FlowerVeil|DazzlingGleam,Protect,Psychic,Moonblast|Timid||F|||50|]Glimmora||FocusSash|ToxicDebris|SpikyShield,EarthPower,PowerGem,SludgeBomb|Timid||F|||50|
|showteam|p2|Whimsicott||CobaBerry|Prankster|Moonblast,Tailwind,Encore,Protect|Bold||F|||50|]Swampert||Swampertite|Damp|Liquidation,Earthquake,IcePunch,Protect|Serious||F|||50|]Pelipper||SitrusBerry|Drizzle|Hurricane,WeatherBall,Tailwind,Protect|Modest||F|||50|]Archaludon||Leftovers|Stamina|DracoMeteor,FlashCannon,ElectroShot,Protect|Modest||M|||50|]Basculegion||FocusSash|Adaptability|WaveCrash,LastRespects,AquaJet,Protect|Adamant||M|||50|]Floette-Eternal||Floettite|FlowerVeil|Moonblast,DazzlingGleam,Protect,LightofRuin|Modest||F|||50|
|
|t:|1782310661
|teamsize|p1|4
|teamsize|p2|4
|start
|switch|p1a: Scovillain|Scovillain, L50, F|100/100
|switch|p1b: Glimmora|Glimmora, L50, F|100/100
|switch|p2a: Whimsicott|Whimsicott, L50, F|100/100
|switch|p2b: Swampert|Swampert, L50, F|100/100
|turn|1
|
|t:|1782310682
|detailschange|p1a: Scovillain|Scovillain-Mega, L50, F
|-mega|p1a: Scovillain|Scovillain|Scovillainite
|move|p2a: Whimsicott|Protect|p2a: Whimsicott
|-singleturn|p2a: Whimsicott|Protect
|move|p1b: Glimmora|Sludge Bomb|p2a: Whimsicott
|-activate|p2a: Whimsicott|move: Protect
|move|p1a: Scovillain|Leech Seed|p2b: Swampert
|-start|p2b: Swampert|move: Leech Seed
|move|p2b: Swampert|Earthquake|p1b: Glimmora|[spread] p1a,p1b
|-activate|p2a: Whimsicott|move: Protect
|-supereffective|p1b: Glimmora|2
|-damage|p1a: Scovillain|56/100
|-enditem|p1b: Glimmora|Focus Sash
|-damage|p1b: Glimmora|1/100
|-status|p2b: Swampert|brn|[from] ability: Spicy Spray|[of] p1a: Scovillain
|-activate|p1b: Glimmora|ability: Toxic Debris
|-sidestart|p2: lexema|move: Toxic Spikes
|
|-damage|p2b: Swampert|87/100 brn|[from] Leech Seed|[of] p1a: Scovillain
|-heal|p1a: Scovillain|71/100|[silent]
|-damage|p2b: Swampert|81/100 brn|[from] brn
|upkeep
|turn|2
|
|t:|1782310709
|switch|p2a: Archaludon|Archaludon, L50, M|100/100
|move|p1b: Glimmora|Spiky Shield|p1b: Glimmora
|-singleturn|p1b: Glimmora|move: Protect
|move|p1a: Scovillain|Flamethrower|p2a: Archaludon
|-damage|p2a: Archaludon|60/100
|-ability|p2a: Archaludon|Stamina|boost
|-boost|p2a: Archaludon|def|1
|move|p2b: Swampert|Liquidation|p1b: Glimmora
|-activate|p1b: Glimmora|move: Protect
|-damage|p2b: Swampert|69/100 brn|[from] Spiky Shield|[of] p1b: Glimmora
|
|-heal|p2a: Archaludon|66/100|[from] item: Leftovers
|-damage|p2b: Swampert|56/100 brn|[from] Leech Seed|[of] p1a: Scovillain
|-heal|p1a: Scovillain|86/100|[silent]
|-damage|p2b: Swampert|50/100g brn|[from] brn
|upkeep
|turn|3
|
|t:|1782310738
|move|p1a: Scovillain|Rage Powder|p1a: Scovillain
|-singleturn|p1a: Scovillain|move: Rage Powder
|move|p1b: Glimmora|Earth Power|p2a: Archaludon
|-supereffective|p2a: Archaludon|1
|-damage|p2a: Archaludon|8/100
|-ability|p2a: Archaludon|Stamina|boost
|-boost|p2a: Archaludon|def|1
|move|p2a: Archaludon|Electro Shot||[still]
|-prepare|p2a: Archaludon|Electro Shot
|-boost|p2a: Archaludon|spa|1
|move|p2b: Swampert|Liquidation|p1a: Scovillain
|-damage|p1a: Scovillain|62/100
|-unboost|p1a: Scovillain|def|1
|
|-heal|p2a: Archaludon|14/100|[from] item: Leftovers
|-damage|p2b: Swampert|38/100 brn|[from] Leech Seed|[of] p1a: Scovillain
|-heal|p1a: Scovillain|77/100|[silent]
|-damage|p2b: Swampert|32/100 brn|[from] brn
|upkeep
|turn|4
|
|t:|1782310758
|move|p1a: Scovillain|Rage Powder|p1a: Scovillain
|-singleturn|p1a: Scovillain|move: Rage Powder
|move|p1b: Glimmora|Earth Power|p2a: Archaludon
|-supereffective|p2a: Archaludon|1
|-damage|p2a: Archaludon|0 fnt
|faint|p2a: Archaludon
|move|p2b: Swampert|Liquidation|p1a: Scovillain
|-damage|p1a: Scovillain|42/100
|
|-damage|p2b: Swampert|20/100r brn|[from] Leech Seed|[of] p1a: Scovillain
|-heal|p1a: Scovillain|57/100|[silent]
|-damage|p2b: Swampert|13/100 brn|[from] brn
|upkeep
|
|t:|1782310770
|switch|p2a: Floette|Floette-Eternal, L50, F|100/100
|-status|p2a: Floette|psn
|turn|5
|
|t:|1782310788
|move|p1b: Glimmora|Spiky Shield|p1b: Glimmora
|-singleturn|p1b: Glimmora|move: Protect
|move|p2a: Floette|Protect|p2a: Floette
|-singleturn|p2a: Floette|Protect
|move|p1a: Scovillain|Protect|p1a: Scovillain
|-singleturn|p1a: Scovillain|Protect
|move|p2b: Swampert|Earthquake|p1b: Glimmora|[spread] 
|-activate|p2a: Floette|move: Protect
|-activate|p1a: Scovillain|move: Protect
|-activate|p1b: Glimmora|move: Protect
|
|-damage|p2b: Swampert|1/100 brn|[from] Leech Seed|[of] p1a: Scovillain
|-heal|p1a: Scovillain|72/100|[silent]
|-damage|p2a: Floette|88/100 psn|[from] psn
|-damage|p2b: Swampert|0 fnt|[from] brn
|faint|p2b: Swampert
|upkeep
|
|t:|1782310797
|switch|p2b: Whimsicott|Whimsicott, L50, F|100/100
|turn|6
|
|t:|1782310813
|move|p1a: Scovillain|Rage Powder|p1a: Scovillain
|-singleturn|p1a: Scovillain|move: Rage Powder
|move|p2b: Whimsicott|Encore|p1a: Scovillain
|-start|p1a: Scovillain|Encore
|move|p1b: Glimmora|Sludge Bomb|p2a: Floette
|-supereffective|p2a: Floette|1
|-damage|p2a: Floette|0 fnt
|faint|p2a: Floette
|
|upkeep
|turn|7
|-message|lexema forfeited.
|
|win|mischato_0
|raw|mischato_0's rating: 1102 → 1129(+27 for winning)
|raw|lexema's rating: 1126 → 1099(-27 for losing)
|l|☆lexema
|player|p2|
