|j|☆Shrub_01
|j|☆Zacharykeith
|html|Shrub_01Zacharykeith    
|uhtml|bestof|Game 2 of a best-of-3
|t:|1757760209
|gametype|doubles
|player|p1|Shrub_01|norman|1104
|player|p2|Zacharykeith|fisherman-gen4|1126
|gen|9
|tier|[Gen 9] VGC 2025 Reg H (Bo3)
|rated|
|rule|Species Clause: Limit one of each Pokémon
|rule|Item Clause: Limit 1 of each item
|clearpoke
|poke|p1|Amoonguss, L50, F|
|poke|p1|Incineroar, L50, M|
|poke|p1|Porygon2, L50|
|poke|p1|Ursaluna, L50, M|
|poke|p1|Gholdengo, L50|
|poke|p1|Dragonite, L50, M|
|poke|p2|Baxcalibur, L50, M|
|poke|p2|Kingambit, L50, M|
|poke|p2|Dondozo, L50, F|
|poke|p2|Rillaboom, L50, M|
|poke|p2|Magmar, L50, F|
|poke|p2|Sneasler, L50, M|
|teampreview|4
|showteam|p1|Amoonguss||SitrusBerry|Regenerator|PollenPuff,Spore,RagePowder,Protect|||F|||50|,,,,,Water]Incineroar||SafetyGoggles|Intimidate|FakeOut,KnockOff,FlareBlitz,PartingShot|||M|||50|,,,,,Ghost]Porygon2||Eviolite|Download|TeraBlast,IceBeam,Recover,TrickRoom||||||50|,,,,,Fighting]Ursaluna||FlameOrb|Guts|Facade,Earthquake,HeadlongRush,Protect|||M|||50|,,,,,Ghost]Gholdengo||LifeOrb|GoodasGold|MakeItRain,ShadowBall,NastyPlot,Protect||||||50|,,,,,Water]Dragonite||LoadedDice|Multiscale|ScaleShot,Haze,Tailwind,Protect|||M|||50|,,,,,Steel
|showteam|p2|Baxcalibur||LoadedDice|ThermalExchange|IcicleSpear,IceShard,ScaleShot,Protect|||M|||50|,,,,,Ghost]Kingambit||BlackGlasses|Defiant|SuckerPunch,KowtowCleave,SwordsDance,Protect|||M|||50|,,,,,Dark]Dondozo||Leftovers|Unaware|WaveCrash,Fissure,Yawn,Protect|||F|||50|,,,,,Grass]Rillaboom||AssaultVest|GrassySurge|FakeOut,GrassyGlide,WoodHammer,Uturn|||M|||50|,,,,,Fire]Magmar||Eviolite|VitalSpirit|Overheat,WillOWisp,FollowMe,Protect|||F|||50|,,,,,Fairy]Sneasler||FocusSash|PoisonTouch|DireClaw,CloseCombat,Coaching,Protect|||M|||50|,,,,,Stellar
|inactive|Battle timer is ON: inactive players will automatically lose when time's up. (requested by Shrub_01)
|inactive|Shrub_01 has 60 seconds left.
|
|t:|1757760241
|teamsize|p1|4
|teamsize|p2|4
|start
|switch|p1a: Dragonlite|Dragonite, L50, M|100/100
|switch|p1b: Incinesoar|Incineroar, L50, M|100/100
|switch|p2a: Donbozo|Dondozo, L50, F, shiny|100/100
|switch|p2b: Forest Dude|Rillaboom, L50, M, shiny|100/100
|-fieldstart|move: Grassy Terrain|[from] ability: Grassy Surge|[of] p2b: Forest Dude
|-ability|p1b: Incinesoar|Intimidate|boost
|-unboost|p2a: Donbozo|atk|1
|-unboost|p2b: Forest Dude|atk|1
|turn|1
|
|t:|1757760259
|-terastallize|p1b: Incinesoar|Ghost
|move|p1a: Dragonlite|Protect|p1a: Dragonlite
|-singleturn|p1a: Dragonlite|Protect
|move|p2b: Forest Dude|Fake Out|p1a: Dragonlite
|-activate|p1a: Dragonlite|move: Protect
|move|p1b: Incinesoar|Flare Blitz|p2b: Forest Dude
|-supereffective|p2b: Forest Dude
|-damage|p2b: Forest Dude|0 fnt
|faint|p2b: Forest Dude
|-damage|p1b: Incinesoar|67/100|[from] Recoil
|move|p2a: Donbozo|Wave Crash|p1b: Incinesoar
|-damage|p1b: Incinesoar|38/100
|-damage|p2a: Donbozo|93/100|[from] Recoil
|
|-heal|p1b: Incinesoar|44/100|[from] Grassy Terrain
|-heal|p2a: Donbozo|99/100|[from] Grassy Terrain
|-heal|p2a: Donbozo|100/100|[from] item: Leftovers
|upkeep
|
|t:|1757760276
|switch|p2b: Metal T-Rex|Baxcalibur, L50, M|100/100
|turn|2
|
|t:|1757760290
|move|p2b: Metal T-Rex|Scale Shot|p1a: Dragonlite
|-supereffective|p1a: Dragonlite
|-damage|p1a: Dragonlite|84/100
|-supereffective|p1a: Dragonlite
|-damage|p1a: Dragonlite|47/100
|-supereffective|p1a: Dragonlite
|-damage|p1a: Dragonlite|11/100
|-supereffective|p1a: Dragonlite
|-damage|p1a: Dragonlite|0 fnt
|faint|p1a: Dragonlite
|-hitcount|p1: Dragonlite|4
|-unboost|p2b: Metal T-Rex|def|1
|-boost|p2b: Metal T-Rex|spe|1
|move|p1b: Incinesoar|Knock Off|p2b: Metal T-Rex
|-crit|p2b: Metal T-Rex
|-damage|p2b: Metal T-Rex|0 fnt
|-enditem|p2b: Metal T-Rex|Loaded Dice|[from] move: Knock Off|[of] p1b: Incinesoar
|faint|p2b: Metal T-Rex
|move|p2a: Donbozo|Wave Crash|p1b: Incinesoar
|-damage|p1b: Incinesoar|14/100
|-damage|p2a: Donbozo|93/100|[from] Recoil
|
|-heal|p1b: Incinesoar|20/100|[from] Grassy Terrain
|-heal|p2a: Donbozo|99/100|[from] Grassy Terrain
|-heal|p2a: Donbozo|100/100|[from] item: Leftovers
|upkeep
|inactive|Shrub_01 has 30 seconds left.
|inactive|Shrub_01 has 20 seconds left.
|
|t:|1757760328
|switch|p2b: Fire Chicken|Magmar, L50, F, shiny|100/100
|switch|p1a: Ursaluma|Ursaluna, L50, M|100/100
|turn|3
|inactive|Shrub_01 has 30 seconds left.
|
|t:|1757760354
|move|p2b: Fire Chicken|Overheat|p1a: Ursaluma
|-damage|p1a: Ursaluma|61/100
|-unboost|p2b: Fire Chicken|spa|2
|move|p1b: Incinesoar|Knock Off|p2a: Donbozo
|-damage|p2a: Donbozo|70/100
|-enditem|p2a: Donbozo|Leftovers|[from] move: Knock Off|[of] p1b: Incinesoar
|move|p1a: Ursaluma|Earthquake|p2a: Donbozo|[spread] p1b,p2a,p2b
|-supereffective|p2b: Fire Chicken
|-damage|p1b: Incinesoar|0 fnt
|-damage|p2a: Donbozo|57/100
|-damage|p2b: Fire Chicken|69/100
|faint|p1b: Incinesoar
|move|p2a: Donbozo|Wave Crash|p1a: Ursaluma
|-supereffective|p1a: Ursaluma
|-damage|p1a: Ursaluma|17/100
|-damage|p2a: Donbozo|43/100|[from] Recoil
|
|-heal|p2b: Fire Chicken|75/100|[from] Grassy Terrain
|-heal|p1a: Ursaluma|23/100|[from] Grassy Terrain
|-heal|p2a: Donbozo|50/100|[from] Grassy Terrain
|-status|p1a: Ursaluma|brn|[from] item: Flame Orb
|upkeep
|
|t:|1757760371
|switch|p1b: Ghodengo|Gholdengo, L50|100/100
|turn|4
|
|t:|1757760385
|move|p2b: Fire Chicken|Follow Me|p2b: Fire Chicken
|-singleturn|p2b: Fire Chicken|move: Follow Me
|move|p1b: Ghodengo|Shadow Ball|p2b: Fire Chicken
|-damage|p2b: Fire Chicken|29/100
|-damage|p1b: Ghodengo|91/100|[from] item: Life Orb
|move|p1a: Ursaluma|Facade|p2b: Fire Chicken
|-damage|p2b: Fire Chicken|0 fnt
|faint|p2b: Fire Chicken
|move|p2a: Donbozo|Wave Crash|p1b: Ghodengo
|-damage|p1b: Ghodengo|54/100
|-damage|p2a: Donbozo|42/100|[from] Recoil
|
|-heal|p1b: Ghodengo|60/100|[from] Grassy Terrain
|-heal|p1a: Ursaluma|29/100 brn|[from] Grassy Terrain
|-heal|p2a: Donbozo|48/100|[from] Grassy Terrain
|-damage|p1a: Ursaluma|23/100 brn|[from] brn
|upkeep
|turn|5
|
|t:|1757760409
|move|p1b: Ghodengo|Shadow Ball|p2a: Donbozo
|-damage|p2a: Donbozo|8/100
|-damage|p1b: Ghodengo|50/100|[from] item: Life Orb
|move|p1a: Ursaluma|Facade|p2a: Donbozo
|-damage|p2a: Donbozo|0 fnt
|faint|p2a: Donbozo
|
|win|Shrub_01
|l|☆Zacharykeith
|player|p2|
||Zacharykeith is ready for game 3.
||Shrub_01 is ready for game 3.
|uhtml|next|Next: Game 3 of 3
