|j|☆gasaivgc
|j|☆YukiLayla
|html|gasaivgcYukiLayla    
|uhtml|bestof|Game 2 of a best-of-3
|t:|1756560804
|gametype|doubles
|player|p1|gasaivgc|plasmagruntf-gen5bw|
|player|p2|YukiLayla|hilda-wonderlauncher|
|gen|9
|tier|[Gen 9] VGC 2025 Reg H (Bo3)
|rule|Species Clause: Limit one of each Pokémon
|rule|Item Clause: Limit 1 of each item
|clearpoke
|poke|p1|Ninetales-Alola, L50, F|
|poke|p1|Farigiraf, L50, F|
|poke|p1|Ursaluna-Bloodmoon, L50, M|
|poke|p1|Annihilape, L50, F|
|poke|p1|Electabuzz, L50, M|
|poke|p1|Dragonite, L50, F|
|poke|p2|Archaludon, L50, F|
|poke|p2|Annihilape, L50, M|
|poke|p2|Basculegion, L50, M|
|poke|p2|Rillaboom, L50, F|
|poke|p2|Whimsicott, L50, M|
|poke|p2|Pelipper, L50, M|
|teampreview|4
|showteam|p1|Ninetales-Alola||LightClay|SnowWarning|Protect,IcicleSpear,AuroraVeil,Blizzard|||F|||50|,,,,,Ghost]Farigiraf||ThroatSpray|ArmorTail|Protect,HyperVoice,Psychic,TrickRoom|||F|||50|,,,,,Grass]Ursaluna-Bloodmoon||LifeOrb|MindsEye|Protect,HyperVoice,BloodMoon,EarthPower|||M|||50|,,,,,Normal]Annihilape||AssaultVest|Defiant|RageFist,DrainPunch,Uturn,RockSlide|||F|||50|,,,,,Water]Electabuzz||Eviolite|VitalSpirit|Electroweb,FollowMe,Thunderbolt,Taunt|||M|||50|,,,,,Bug]Dragonite||Leftovers|InnerFocus|Tailwind,TeraBlast,DragonClaw,ExtremeSpeed|||F|||50|,,,,,Flying
|showteam|p2|Archaludon||AssaultVest|Stamina|ElectroShot,DragonPulse,FlashCannon,BodyPress|||F|||50|,,,,,Bug]Annihilape||SafetyGoggles|Defiant|RageFist,CloseCombat,FinalGambit,Protect|||M|||50|,,,,,Fire]Basculegion||MysticWater|Adaptability|WaveCrash,LastRespects,AquaJet,Protect|||M|||50|,,,,,Water]Rillaboom||LoadedDice|GrassySurge|FakeOut,GrassyGlide,BulletSeed,Protect|||F|||50|,,,,,Fire]Whimsicott||CovertCloak|Prankster|Moonblast,BeatUp,Tailwind,Encore|||M|||50|,,,,,Water]Pelipper||FocusSash|Drizzle|WeatherBall,Hurricane,Tailwind,Protect|||M|||50|,,,,,Stellar
|
|t:|1756560860
|teamsize|p1|4
|teamsize|p2|4
|start
|switch|p1a: Ninetales|Ninetales-Alola, L50, F|100/100
|switch|p1b: Annihilape|Annihilape, L50, F|100/100
|switch|p2a: Millau|Archaludon, L50, F, shiny|100/100
|switch|p2b: Pleppy|Pelipper, L50, M|100/100
|-weather|Snowscape|[from] ability: Snow Warning|[of] p1a: Ninetales
|-weather|RainDance|[from] ability: Drizzle|[of] p2b: Pleppy
|turn|1
|
|t:|1756560904
|switch|p2a: Suijin|Basculegion, L50, M|100/100
|switch|p1b: Dragonite|Dragonite, L50, F|100/100
|move|p1a: Ninetales|Blizzard|p2b: Pleppy|[spread] p2a
|-miss|p1a: Ninetales|p2b: Pleppy
|-resisted|p2a: Suijin
|-damage|p2a: Suijin|85/100
|move|p2b: Pleppy|Hurricane|p1a: Ninetales
|-damage|p1a: Ninetales|41/100
|
|-weather|RainDance|[upkeep]
|upkeep
|turn|2
|
|t:|1756560952
|switch|p1a: Ursaluna|Ursaluna-Bloodmoon, L50, M|100/100
|move|p2b: Pleppy|Protect|p2b: Pleppy
|-singleturn|p2b: Pleppy|Protect
|move|p1b: Dragonite|Tailwind|p1b: Dragonite
|-sidestart|p1: gasaivgc|move: Tailwind
|move|p2a: Suijin|Wave Crash|p1b: Dragonite
|-resisted|p1b: Dragonite
|-damage|p1b: Dragonite|13/100
|-damage|p2a: Suijin|60/100|[from] Recoil
|
|-weather|RainDance|[upkeep]
|-heal|p1b: Dragonite|19/100|[from] item: Leftovers
|upkeep
|turn|3
|
|t:|1756560999
|switch|p2b: Millau|Archaludon, L50, F, shiny|100/100
|-terastallize|p1a: Ursaluna|Normal
|move|p2a: Suijin|Protect|p2a: Suijin
|-singleturn|p2a: Suijin|Protect
|move|p1b: Dragonite|Extreme Speed|p2b: Millau
|-resisted|p2b: Millau
|-damage|p2b: Millau|88/100
|-ability|p2b: Millau|Stamina|boost
|-boost|p2b: Millau|def|1
|move|p1a: Ursaluna|Hyper Voice|p2b: Millau|[spread] p2b
|-activate|p2a: Suijin|move: Protect
|-resisted|p2b: Millau
|-damage|p2b: Millau|62/100
|-ability|p2b: Millau|Stamina|boost
|-boost|p2b: Millau|def|1
|-damage|p1a: Ursaluna|91/100|[from] item: Life Orb
|
|-weather|RainDance|[upkeep]
|-heal|p1b: Dragonite|25/100|[from] item: Leftovers
|upkeep
|turn|4
|
|t:|1756561074
|move|p2a: Suijin|Aqua Jet|p1b: Dragonite
|-resisted|p1b: Dragonite
|-damage|p1b: Dragonite|0 fnt
|faint|p1b: Dragonite
|move|p1a: Ursaluna|Hyper Voice|p2a: Suijin|[spread] p2a,p2b
|-resisted|p2b: Millau
|-damage|p2a: Suijin|0 fnt
|-damage|p2b: Millau|36/100
|-ability|p2b: Millau|Stamina|boost
|-boost|p2b: Millau|def|1
|faint|p2a: Suijin
|-damage|p1a: Ursaluna|81/100|[from] item: Life Orb
|move|p2b: Millau|Body Press|p1a: Ursaluna
|-supereffective|p1a: Ursaluna
|-damage|p1a: Ursaluna|0 fnt
|faint|p1a: Ursaluna
|
|-weather|RainDance|[upkeep]
|upkeep
|
|t:|1756561096
|switch|p1b: Ninetales|Ninetales-Alola, L50, F|41/100
|switch|p2a: Pleppy|Pelipper, L50, M|100/100
|switch|p1a: Annihilape|Annihilape, L50, F|100/100
|-weather|Snowscape|[from] ability: Snow Warning|[of] p1b: Ninetales
|-weather|RainDance|[from] ability: Drizzle|[of] p2a: Pleppy
|turn|5
|
|t:|1756561117
|-terastallize|p2b: Millau|Bug
|move|p1b: Ninetales|Icicle Spear|p2a: Pleppy
|-damage|p2a: Pleppy|92/100
|-damage|p2a: Pleppy|83/100
|-damage|p2a: Pleppy|73/100
|-damage|p2a: Pleppy|64/100
|-hitcount|p2a: Pleppy|4
|move|p1a: Annihilape|Rage Fist|p2a: Pleppy
|-damage|p2a: Pleppy|29/100
|move|p2b: Millau|Flash Cannon|p1b: Ninetales
|-supereffective|p1b: Ninetales
|-damage|p1b: Ninetales|0 fnt
|faint|p1b: Ninetales
|move|p2a: Pleppy|Hurricane|p1a: Annihilape
|-supereffective|p1a: Annihilape
|-damage|p1a: Annihilape|37/100
|
|-weather|RainDance|[upkeep]
|-sideend|p1: gasaivgc|move: Tailwind
|upkeep
|turn|6
|
|t:|1756561153
|move|p2b: Millau|Electro Shot||[still]
|-prepare|p2b: Millau|Electro Shot
|-boost|p2b: Millau|spa|1
|-anim|p2b: Millau|Electro Shot|p1a: Annihilape
|-damage|p1a: Annihilape|0 fnt
|faint|p1a: Annihilape
|
|win|YukiLayla
||gasaivgc is ready for game 3.
