|j|☆Regilover2015
|j|☆I am the Sweeper
|html|Regilover2015I am the Sweeper    
|uhtml|bestof|Game 1 of a best-of-3
|t:|1757725344
|gametype|doubles
|player|p1|Regilover2015|hilbert|1197
|player|p2|I am the Sweeper|janitor|1131
|gen|9
|tier|[Gen 9] VGC 2025 Reg H (Bo3)
|rated|
|rule|Species Clause: Limit one of each Pokémon
|rule|Item Clause: Limit 1 of each item
|clearpoke
|poke|p1|Whimsicott, L50, F|
|poke|p1|Annihilape, L50, F|
|poke|p1|Incineroar, L50, M|
|poke|p1|Rillaboom, L50, M|
|poke|p1|Ursaluna-Bloodmoon, L50, M|
|poke|p1|Dragonite, L50, F|
|poke|p2|Annihilape, L50, M|
|poke|p2|Archaludon, L50, F|
|poke|p2|Pelipper, L50, F|
|poke|p2|Maushold-Four, L50|
|poke|p2|Sinistcha, L50|
|poke|p2|Grimmsnarl, L50, M|
|teampreview|4
|showteam|p1|Whimsicott||CovertCloak|Prankster|BeatUp,Moonblast,Tailwind,Encore|||F|||50|,,,,,Ghost]Annihilape||SafetyGoggles|Defiant|RageFist,CloseCombat,FinalGambit,Taunt|||F|||50|,,,,,Water]Incineroar||SitrusBerry|Intimidate|FakeOut,KnockOff,FlareBlitz,PartingShot|||M|||50|,,,,,Ghost]Rillaboom||AssaultVest|GrassySurge|FakeOut,GrassyGlide,WoodHammer,HighHorsepower|||M|||50|,,,,,Grass]Ursaluna-Bloodmoon||LifeOrb|MindsEye|HyperVoice,BloodMoon,EarthPower,Protect|||M|||50|,,,,,Fairy]Dragonite||LoadedDice|Multiscale|ScaleShot,Tailwind,Haze,Protect|||F|||50|,,,,,Fairy
|showteam|p2|Annihilape||SpellTag|Defiant|RageFist,DrainPunch,BulkUp,Protect|||M|||50|,,,,,Fire]Archaludon||AssaultVest|Stamina|ElectroShot,DracoMeteor,Snarl,BodyPress|||F|||50|,,,,,Bug]Pelipper||LifeOrb|Drizzle|Tailwind,Hurricane,WeatherBall,Protect|||F|||50|,,,,,Stellar]Maushold-Four||SafetyGoggles|FriendGuard|Taunt,FollowMe,BeatUp,Protect||||||50|,,,,,Ghost]Sinistcha||SitrusBerry|Hospitality|MatchaGotcha,LifeDew,StrengthSap,TrickRoom||||||50|,,,,,Water]Grimmsnarl||LightClay|Prankster|ThunderWave,LightScreen,Reflect,SpiritBreak|||M|||50|,,,,,Ghost
|
|t:|1757725389
|teamsize|p1|4
|teamsize|p2|4
|start
|switch|p1a: Whimsicott|Whimsicott, L50, F|100/100
|switch|p1b: Ursaluna|Ursaluna-Bloodmoon, L50, M|100/100
|switch|p2a: Grimmsnarl|Grimmsnarl, L50, M|100/100
|switch|p2b: Pelipper|Pelipper, L50, F|100/100
|-weather|RainDance|[from] ability: Drizzle|[of] p2b: Pelipper
|turn|1
|
|t:|1757725434
|move|p1a: Whimsicott|Tailwind|p1a: Whimsicott
|-sidestart|p1: Regilover2015|move: Tailwind
|move|p2a: Grimmsnarl|Light Screen|p2a: Grimmsnarl
|-sidestart|p2: I am the Sweeper|move: Light Screen
|move|p1b: Ursaluna|Hyper Voice|p2b: Pelipper|[spread] p2a,p2b
|-damage|p2a: Grimmsnarl|73/100
|-damage|p2b: Pelipper|41/100
|-damage|p1b: Ursaluna|91/100|[from] item: Life Orb
|move|p2b: Pelipper|Weather Ball|p1b: Ursaluna
|-supereffective|p1b: Ursaluna
|-damage|p1b: Ursaluna|0 fnt
|faint|p1b: Ursaluna
|-damage|p2b: Pelipper|31/100|[from] item: Life Orb
|
|-weather|RainDance|[upkeep]
|upkeep
|
|t:|1757725445
|switch|p1b: Annihilape|Annihilape, L50, F|100/100
|turn|2
|
|t:|1757725464
|move|p2a: Grimmsnarl|Thunder Wave|p1b: Annihilape
|-status|p1b: Annihilape|par
|move|p1a: Whimsicott|Moonblast|p2b: Pelipper
|-damage|p2b: Pelipper|0 fnt
|faint|p2b: Pelipper
|move|p1b: Annihilape|Close Combat|p2a: Grimmsnarl
|-damage|p2a: Grimmsnarl|18/100
|-unboost|p1b: Annihilape|def|1
|-unboost|p1b: Annihilape|spd|1
|
|-weather|RainDance|[upkeep]
|upkeep
|
|t:|1757725473
|switch|p2b: Archaludon|Archaludon, L50, F|100/100
|turn|3
|
|t:|1757725515
|switch|p2b: Sinistcha|Sinistcha, L50|100/100
|-heal|p2a: Grimmsnarl|43/100|[from] ability: Hospitality|[of] p2b: Sinistcha
|move|p2a: Grimmsnarl|Reflect|p2a: Grimmsnarl
|-sidestart|p2: I am the Sweeper|Reflect
|move|p1a: Whimsicott|Moonblast|p2a: Grimmsnarl
|-supereffective|p2a: Grimmsnarl
|-damage|p2a: Grimmsnarl|7/100
|cant|p1b: Annihilape|par
|
|-weather|RainDance|[upkeep]
|upkeep
|turn|4
|
|t:|1757725547
|-terastallize|p1b: Annihilape|Water
|move|p2a: Grimmsnarl|Thunder Wave|p1a: Whimsicott
|-status|p1a: Whimsicott|par
|move|p1a: Whimsicott|Beat Up|p1b: Annihilape
|-damage|p1b: Annihilape|98/100 par
|-damage|p1b: Annihilape|93/100 par
|-hitcount|p1b: Annihilape|2
|move|p1b: Annihilape|Rage Fist|p2b: Sinistcha
|-supereffective|p2b: Sinistcha
|-damage|p2b: Sinistcha|26/100
|-enditem|p2b: Sinistcha|Sitrus Berry|[eat]
|-heal|p2b: Sinistcha|50/100|[from] item: Sitrus Berry
|move|p2b: Sinistcha|Matcha Gotcha|p1a: Whimsicott|[spread] p1a,p1b
|-resisted|p1a: Whimsicott
|-supereffective|p1b: Annihilape
|-damage|p1a: Whimsicott|83/100 par
|-heal|p2b: Sinistcha|58/100|[from] drain|[of] p1a: Whimsicott
|-damage|p1b: Annihilape|29/100 par
|-heal|p2b: Sinistcha|96/100|[from] drain|[of] p1b: Annihilape
|
|-weather|RainDance|[upkeep]
|-sideend|p1: Regilover2015|move: Tailwind
|upkeep
|turn|5
|
|t:|1757725576
|switch|p1b: Dragonite|Dragonite, L50, F|100/100
|move|p1a: Whimsicott|Tailwind|p1a: Whimsicott
|-sidestart|p1: Regilover2015|move: Tailwind
|move|p2b: Sinistcha|Matcha Gotcha|p1a: Whimsicott|[spread] p1a,p1b
|-resisted|p1a: Whimsicott
|-resisted|p1b: Dragonite
|-damage|p1a: Whimsicott|67/100 par
|-heal|p2b: Sinistcha|100/100|[from] drain|[of] p1a: Whimsicott
|-damage|p1b: Dragonite|98/100
|move|p2a: Grimmsnarl|Spirit Break|p1b: Dragonite
|-supereffective|p1b: Dragonite
|-damage|p1b: Dragonite|27/100
|-unboost|p1b: Dragonite|spa|1
|
|-weather|none
|upkeep
|turn|6
|
|t:|1757725605
|move|p2a: Grimmsnarl|Thunder Wave|p1b: Dragonite
|-status|p1b: Dragonite|par
|move|p1a: Whimsicott|Moonblast|p2a: Grimmsnarl
|-supereffective|p2a: Grimmsnarl
|-damage|p2a: Grimmsnarl|0 fnt
|faint|p2a: Grimmsnarl
|cant|p1b: Dragonite|par
|move|p2b: Sinistcha|Trick Room|p2b: Sinistcha
|-fieldstart|move: Trick Room|[of] p2b: Sinistcha
|
|upkeep
|
|t:|1757725615
|switch|p2a: Archaludon|Archaludon, L50, F|100/100
|turn|7
|c|☆Regilover2015|luck is a skill
|
|t:|1757725653
|move|p1b: Dragonite|Protect|p1b: Dragonite
|-singleturn|p1b: Dragonite|Protect
|move|p1a: Whimsicott|Encore|p2b: Sinistcha
|-start|p2b: Sinistcha|Encore
|move|p2b: Sinistcha|Trick Room|p2b: Sinistcha
|-fieldend|move: Trick Room
|move|p2a: Archaludon|Electro Shot||[still]
|-prepare|p2a: Archaludon|Electro Shot
|-boost|p2a: Archaludon|spa|1
|
|upkeep
|turn|8
|
|t:|1757725680
|cant|p1a: Whimsicott|par
|move|p1b: Dragonite|Scale Shot|p2b: Sinistcha|[miss]
|-miss|p1b: Dragonite|p2b: Sinistcha
|move|p2a: Archaludon|Electro Shot|p1b: Dragonite|[from] lockedmove
|-damage|p1b: Dragonite|0 fnt
|faint|p1b: Dragonite
|move|p2b: Sinistcha|Trick Room|p2b: Sinistcha
|-fieldstart|move: Trick Room|[of] p2b: Sinistcha
|
|-sideend|p2: I am the Sweeper|move: Light Screen
|-sideend|p1: Regilover2015|move: Tailwind
|upkeep
|c|☆Regilover2015|nice
|
|t:|1757725687
|switch|p1b: Annihilape|Annihilape, L50, F, tera:Water|29/100 par
|turn|9
|c|☆I am the Sweeper|skill
|c|☆Regilover2015|i am so trash at this game
|
|t:|1757725711
|-terastallize|p2b: Sinistcha|Water
|move|p1a: Whimsicott|Encore|p2a: Archaludon
|-start|p2a: Archaludon|Encore
|move|p1b: Annihilape|Rage Fist|p2b: Sinistcha
|-damage|p2b: Sinistcha|48/100
|move|p2a: Archaludon|Electro Shot||[still]
|-prepare|p2a: Archaludon|Electro Shot
|-boost|p2a: Archaludon|spa|1
|move|p2b: Sinistcha|Trick Room|p2b: Sinistcha
|-fieldend|move: Trick Room
|
|-end|p2b: Sinistcha|Encore
|upkeep
|turn|10
|
|t:|1757725729
|cant|p1a: Whimsicott|par
|move|p2a: Archaludon|Electro Shot|p1b: Annihilape|[from] lockedmove
|-supereffective|p1b: Annihilape
|-damage|p1b: Annihilape|0 fnt
|faint|p1b: Annihilape
|move|p2b: Sinistcha|Matcha Gotcha|p1a: Whimsicott
|-resisted|p1a: Whimsicott
|-crit|p1a: Whimsicott
|-damage|p1a: Whimsicott|34/100 par
|-heal|p2b: Sinistcha|63/100|[from] drain|[of] p1a: Whimsicott
|
|-sideend|p2: I am the Sweeper|Reflect
|upkeep
|turn|11
|
|t:|1757725747
|move|p2a: Archaludon|Electro Shot||[still]
|-prepare|p2a: Archaludon|Electro Shot
|-boost|p2a: Archaludon|spa|1
|move|p2b: Sinistcha|Matcha Gotcha|p1a: Whimsicott
|-resisted|p1a: Whimsicott
|-damage|p1a: Whimsicott|10/100 par
|-heal|p2b: Sinistcha|74/100|[from] drain|[of] p1a: Whimsicott
|move|p1a: Whimsicott|Moonblast|p2b: Sinistcha
|-damage|p2b: Sinistcha|43/100
|
|-end|p2a: Archaludon|Encore
|upkeep
|turn|12
|c|☆Regilover2015|i love this game
|
|t:|1757725762
|move|p2a: Archaludon|Electro Shot|p1a: Whimsicott|[from] lockedmove
|-resisted|p1a: Whimsicott
|-damage|p1a: Whimsicott|0 fnt
|faint|p1a: Whimsicott
|
|win|I am the Sweeper
||Regilover2015 is ready for game 2.
||I am the Sweeper is ready for game 2.
|uhtml|next|Next: Game 2 of 3
