|j|☆carlitose
|j|☆R4ka
|html|carlitoseR4ka    
|uhtml|bestof|Game 2 of a best-of-3
|t:|1757062867
|gametype|doubles
|player|p1|carlitose|102|1140
|player|p2|R4ka|riley|1201
|gen|9
|tier|[Gen 9] VGC 2025 Reg H (Bo3)
|rated|
|rule|Species Clause: Limit one of each Pokémon
|rule|Item Clause: Limit 1 of each item
|clearpoke
|poke|p1|Indeedee, L50, M|
|poke|p1|Sneasler, L50, M|
|poke|p1|Archaludon, L50, M|
|poke|p1|Pelipper, L50, M|
|poke|p1|Armarouge, L50, M|
|poke|p1|Kingambit, L50, M|
|poke|p2|Volcarona, L50, F|
|poke|p2|Kingambit, L50, M|
|poke|p2|Dragonite, L50, F|
|poke|p2|Sneasler, L50, F|
|poke|p2|Rillaboom, L50, F|
|poke|p2|Electabuzz, L50, M|
|teampreview|4
|showteam|p1|Indeedee||ChoiceScarf|PsychicSurge|ExpandingForce,ShadowBall,Trick,TeraBlast|||M|||50|,,,,,Psychic]Sneasler||PsychicSeed|Unburden|Protect,ThroatChop,CloseCombat,DireClaw|||M|||50|,,,,,Dark]Archaludon||PowerHerb|Sturdy|ElectroShot,BodyPress,DracoMeteor,FlashCannon|||M|||50|,,,,,Electric]Pelipper||FocusSash|Drizzle|Protect,WideGuard,WeatherBall,Hurricane|||M|||50|,,,,,Grass]Armarouge||LifeOrb|FlashFire|ExpandingForce,TrickRoom,ArmorCannon,Protect|||M|||50|,,,,,Grass]Kingambit||BlackGlasses|Defiant|LowKick,KowtowCleave,SuckerPunch,Protect|||M|||50|,,,,,Dark
|showteam|p2|Volcarona||Leftovers|FlameBody|HeatWave,TeraBlast,QuiverDance,Protect|||F|||50|,,,,,Fairy]Kingambit||BlackGlasses|Defiant|KowtowCleave,SuckerPunch,SwordsDance,Protect|||M|||50|,,,,,Dark]Dragonite||LoadedDice|Multiscale|ScaleShot,ExtremeSpeed,Haze,Protect|||F|||50|,,,,,Steel]Sneasler||FocusSash|PoisonTouch|CloseCombat,DireClaw,FakeOut,Coaching|||F|||50|,,,,,Stellar]Rillaboom||AssaultVest|GrassySurge|WoodHammer,GrassyGlide,HighHorsepower,FakeOut|||F|||50|,,,,,Fire]Electabuzz||Eviolite|VitalSpirit|Thunderbolt,Taunt,FollowMe,Protect|||M|||50|,,,,,Ghost
|inactive|Battle timer is ON: inactive players will automatically lose when time's up. (requested by carlitose)
|inactive|carlitose has 60 seconds left.
|inactive|R4ka has 60 seconds left.
|inactive|carlitose has 30 seconds left.
|
|t:|1757062931
|teamsize|p1|4
|teamsize|p2|4
|start
|switch|p1a: Armarouge|Armarouge, L50, M|100/100
|switch|p1b: Indeedee|Indeedee, L50, M|100/100
|switch|p2a: Kingambit|Kingambit, L50, M|100/100
|switch|p2b: Electabuzz|Electabuzz, L50, M|100/100
|-fieldstart|move: Psychic Terrain|[from] ability: Psychic Surge|[of] p1b: Indeedee
|turn|1
|inactive|carlitose has 30 seconds left.
|inactive|carlitose has 20 seconds left.
|
|t:|1757062968
|move|p2b: Electabuzz|Follow Me|p2b: Electabuzz
|-singleturn|p2b: Electabuzz|move: Follow Me
|move|p1b: Indeedee|Expanding Force|p2a: Kingambit|[spread] p2b
|-immune|p2a: Kingambit
|-damage|p2b: Electabuzz|58/100
|move|p1a: Armarouge|Expanding Force|p2b: Electabuzz|[spread] p2b
|-immune|p2a: Kingambit
|-damage|p2b: Electabuzz|0 fnt
|faint|p2b: Electabuzz
|-damage|p1a: Armarouge|91/100|[from] item: Life Orb
|move|p2a: Kingambit|Kowtow Cleave|p1b: Indeedee
|-supereffective|p1b: Indeedee
|-damage|p1b: Indeedee|0 fnt
|faint|p1b: Indeedee
|
|upkeep
|
|t:|1757062988
|switch|p1b: Sneasler|Sneasler, L50, M, shiny|100/100
|switch|p2b: Sneasler|Sneasler, L50, F|100/100
|-enditem|p1b: Sneasler|Psychic Seed
|-boost|p1b: Sneasler|spd|1|[from] item: Psychic Seed
|turn|2
|inactive|carlitose has 30 seconds left.
|inactive|R4ka has 30 seconds left.
|inactive|carlitose has 20 seconds left.
|inactive|R4ka has 20 seconds left.
|
|t:|1757063028
|move|p2a: Kingambit|Protect|p2a: Kingambit
|-singleturn|p2a: Kingambit|Protect
|move|p1b: Sneasler|Dire Claw|p2a: Kingambit
|-activate|p2a: Kingambit|move: Protect
|move|p2b: Sneasler|Dire Claw|p1a: Armarouge
|-damage|p1a: Armarouge|48/100
|-status|p1a: Armarouge|psn
|move|p1a: Armarouge|Armor Cannon|p2a: Kingambit
|-activate|p2a: Kingambit|move: Protect
|
|-damage|p1a: Armarouge|35/100 psn|[from] psn
|upkeep
|turn|3
|inactive|carlitose has 30 seconds left.
|inactive|R4ka has 30 seconds left.
|inactive|R4ka has 20 seconds left.
|inactive|R4ka has 15 seconds left.
|inactive|R4ka has 10 seconds left.
|
|t:|1757063076
|switch|p2a: Rillaboom|Rillaboom, L50, F|100/100
|-fieldstart|move: Grassy Terrain|[from] ability: Grassy Surge|[of] p2a: Rillaboom
|move|p1b: Sneasler|Dire Claw|p2b: Sneasler
|-resisted|p2b: Sneasler
|-damage|p2b: Sneasler|62/100
|move|p2b: Sneasler|Dire Claw|p1b: Sneasler
|-resisted|p1b: Sneasler
|-damage|p1b: Sneasler|66/100
|-status|p1b: Sneasler|par
|move|p1a: Armarouge|Armor Cannon|p2a: Rillaboom
|-supereffective|p2a: Rillaboom
|-damage|p2a: Rillaboom|0 fnt
|-unboost|p1a: Armarouge|def|1
|-unboost|p1a: Armarouge|spd|1
|faint|p2a: Rillaboom
|-damage|p1a: Armarouge|26/100 psn|[from] item: Life Orb
|
|-heal|p2b: Sneasler|68/100|[from] Grassy Terrain
|-heal|p1b: Sneasler|71/100 par|[from] Grassy Terrain
|-heal|p1a: Armarouge|32/100 psn|[from] Grassy Terrain
|-damage|p1a: Armarouge|20/100 psn|[from] psn
|upkeep
|
|t:|1757063100
|switch|p2a: Kingambit|Kingambit, L50, M|100/100
|turn|4
|inactive|carlitose has 30 seconds left.
|inactive|carlitose has 20 seconds left.
|inactive|carlitose has 15 seconds left.
|inactive|carlitose has 10 seconds left.
|
|t:|1757063145
|-terastallize|p2a: Kingambit|Dark
|move|p2a: Kingambit|Sucker Punch|p1b: Sneasler
|-resisted|p1b: Sneasler
|-damage|p1b: Sneasler|15/100 par
|move|p1b: Sneasler|Dire Claw|p2b: Sneasler
|-resisted|p2b: Sneasler
|-damage|p2b: Sneasler|31/100
|move|p2b: Sneasler|Dire Claw|p1a: Armarouge
|-crit|p1a: Armarouge
|-damage|p1a: Armarouge|0 fnt
|faint|p1a: Armarouge
|
|-heal|p2b: Sneasler|37/100|[from] Grassy Terrain
|-heal|p1b: Sneasler|20/100 par|[from] Grassy Terrain
|upkeep
|
|t:|1757063158
|switch|p1a: Pelipper|Pelipper, L50, M|100/100
|-weather|RainDance|[from] ability: Drizzle|[of] p1a: Pelipper
|turn|5
|
|t:|1757063178
|move|p2a: Kingambit|Sucker Punch|p1b: Sneasler
|-resisted|p1b: Sneasler
|-damage|p1b: Sneasler|0 fnt
|faint|p1b: Sneasler
|move|p2b: Sneasler|Dire Claw|p1a: Pelipper
|-damage|p1a: Pelipper|50/100
|move|p1a: Pelipper|Hurricane|p2b: Sneasler
|-supereffective|p2b: Sneasler
|-damage|p2b: Sneasler|0 fnt
|faint|p2b: Sneasler
|
|-weather|RainDance|[upkeep]
|upkeep
|turn|6
|
|t:|1757063192
|move|p1a: Pelipper|Weather Ball|p2a: Kingambit
|-damage|p2a: Kingambit|35/100
|move|p2a: Kingambit|Kowtow Cleave|p1a: Pelipper
|-damage|p1a: Pelipper|0 fnt
|faint|p1a: Pelipper
|
|win|R4ka
|raw|carlitose's rating: 1140 → 1119(-21 for losing)
|raw|R4ka's rating: 1201 → 1222(+21 for winning)
|l|☆carlitose
|player|p1|
