|j|☆Truevillany123
|j|☆NicoViBrittania
|html|Truevillany123NicoViBrittania    
|uhtml|bestof|Game 2 of a best-of-3
|t:|1757709076
|gametype|doubles
|player|p1|Truevillany123|1|1075
|player|p2|NicoViBrittania|2|1096
|gen|9
|tier|[Gen 9] VGC 2025 Reg H (Bo3)
|rated|
|rule|Species Clause: Limit one of each Pokémon
|rule|Item Clause: Limit 1 of each item
|clearpoke
|poke|p1|Dragonite, L50, F|
|poke|p1|Ursaluna-Bloodmoon, L50, M|
|poke|p1|Gholdengo, L50|
|poke|p1|Annihilape, L50, M|
|poke|p1|Ninetales-Alola, L50, F|
|poke|p1|Rillaboom, L50, F|
|poke|p2|Annihilape, L50, F|
|poke|p2|Porygon2, L50|
|poke|p2|Primarina, L50, F|
|poke|p2|Torkoal, L50, F|
|poke|p2|Exeggutor-Alola, L50, F|
|poke|p2|Charizard, L50, M|
|teampreview|4
|showteam|p1|Dragonite||LoadedDice|Multiscale|ScaleShot,Protect,Haze,Tailwind|||F|||50|,,,,,Fairy]Ursaluna-Bloodmoon||LifeOrb|MindsEye|BloodMoon,HyperVoice,EarthPower,Protect|||M|||50|,,,,,Normal]Gholdengo||ChoiceSpecs|GoodasGold|MakeItRain,ShadowBall,PowerGem,Trick||||||50|,,,,,Steel]Annihilape||SitrusBerry|Defiant|DrainPunch,RageFist,Protect,BulkUp|||M|||50|,,,,,Fire]Ninetales-Alola||FocusSash|SnowWarning|FreezeDry,AuroraVeil,Encore,IcicleSpear|||F|||50|,,,,,Ghost]Rillaboom||AssaultVest|GrassySurge|FakeOut,WoodHammer,HighHorsepower,Uturn|||F|||50|,,,,,Fire
|showteam|p2|Annihilape||SafetyGoggles|Defiant|Encore,Taunt,FinalGambit,RageFist|||F|||50|,,,,,Fire]Porygon2||Eviolite|Trace|TrickRoom,TriAttack,Protect,Recover||||||50|,,,,,Ghost]Primarina||ThroatSpray|LiquidVoice|Moonblast,Protect,HyperVoice,TeraBlast|||F|||50|,,,,,Ground]Torkoal||CovertCloak|Drought|HeatWave,HelpingHand,Protect,Eruption|||F|||50|,,,,,Fire]Exeggutor-Alola||SitrusBerry|Harvest|DracoMeteor,GigaDrain,TrickRoom,WoodHammer|||F|||50|,,,,,Ghost]Charizard||LifeOrb|SolarPower|DragonPulse,HeatWave,AirCutter,HelpingHand|||M|||50|,,,,,Fire
|c|☆Truevillany123|gg
|
|t:|1757709104
|teamsize|p1|4
|teamsize|p2|4
|start
|switch|p1a: Rillaboom|Rillaboom, L50, F|100/100
|switch|p1b: Dragonite|Dragonite, L50, F, shiny|100/100
|switch|p2a: Charizard|Charizard, L50, M|100/100
|switch|p2b: Annihilape|Annihilape, L50, F|100/100
|-fieldstart|move: Grassy Terrain|[from] ability: Grassy Surge|[of] p1a: Rillaboom
|turn|1
|inactive|Battle timer is ON: inactive players will automatically lose when time's up. (requested by Truevillany123)
|c|☆Truevillany123|yep ngg
|inactive|NicoViBrittania has 60 seconds left.
|
|t:|1757709137
|-terastallize|p1a: Rillaboom|Fire
|move|p1b: Dragonite|Protect|p1b: Dragonite
|-singleturn|p1b: Dragonite|Protect
|move|p2a: Charizard|Dragon Pulse|p1b: Dragonite
|-activate|p1b: Dragonite|move: Protect
|move|p2b: Annihilape|Rage Fist|p1b: Dragonite
|-activate|p1b: Dragonite|move: Protect
|move|p1a: Rillaboom|Wood Hammer|p2b: Annihilape
|-damage|p2b: Annihilape|14/100
|-damage|p1a: Rillaboom|68/100|[from] Recoil
|
|-heal|p2b: Annihilape|20/100|[from] Grassy Terrain
|-heal|p1a: Rillaboom|74/100|[from] Grassy Terrain
|upkeep
|turn|2
|inactive|NicoViBrittania has 30 seconds left.
|
|t:|1757709164
|switch|p1b: Ninetales|Ninetales-Alola, L50, F|100/100
|-weather|Snowscape|[from] ability: Snow Warning|[of] p1b: Ninetales
|move|p2a: Charizard|Dragon Pulse|p1b: Ninetales
|-immune|p1b: Ninetales
|move|p2b: Annihilape|Rage Fist|p1b: Ninetales
|-damage|p1b: Ninetales|60/100
|move|p1a: Rillaboom|Wood Hammer|p2b: Annihilape
|-damage|p2b: Annihilape|0 fnt
|faint|p2b: Annihilape
|-damage|p1a: Rillaboom|67/100|[from] Recoil
|
|-weather|Snowscape|[upkeep]
|-heal|p1b: Ninetales|66/100|[from] Grassy Terrain
|-heal|p1a: Rillaboom|73/100|[from] Grassy Terrain
|upkeep
|
|t:|1757709183
|switch|p2b: Torkoal|Torkoal, L50, F|100/100
|-weather|SunnyDay|[from] ability: Drought|[of] p2b: Torkoal
|turn|3
|
|t:|1757709201
|-terastallize|p2a: Charizard|Fire
|move|p2b: Torkoal|Helping Hand|p2a: Charizard
|-singleturn|p2a: Charizard|Helping Hand|[of] p2b: Torkoal
|move|p1b: Ninetales|Encore|p2a: Charizard
|-start|p2a: Charizard|Encore
|move|p2a: Charizard|Dragon Pulse|p1b: Ninetales
|-immune|p1b: Ninetales
|move|p1a: Rillaboom|High Horsepower|p2b: Torkoal
|-supereffective|p2b: Torkoal
|-damage|p2b: Torkoal|46/100
|
|-weather|SunnyDay|[upkeep]
|-damage|p2a: Charizard|88/100|[from] ability: Solar Power|[of] p2a: Charizard
|-heal|p1b: Ninetales|72/100|[from] Grassy Terrain
|-heal|p2a: Charizard|94/100|[from] Grassy Terrain
|-heal|p1a: Rillaboom|80/100|[from] Grassy Terrain
|-heal|p2b: Torkoal|52/100|[from] Grassy Terrain
|upkeep
|turn|4
|inactive|NicoViBrittania has 30 seconds left.
|
|t:|1757709230
|switch|p2b: Exeggutor|Exeggutor-Alola, L50, F|100/100
|move|p1b: Ninetales|Encore||[still]
|-fail|p1b: Ninetales
|move|p2a: Charizard|Dragon Pulse|p1a: Rillaboom
|-damage|p1a: Rillaboom|36/100
|-damage|p2a: Charizard|84/100|[from] item: Life Orb
|move|p1a: Rillaboom|High Horsepower|p2a: Charizard
|-supereffective|p2a: Charizard
|-damage|p2a: Charizard|0 fnt
|faint|p2a: Charizard
|
|-weather|SunnyDay|[upkeep]
|-heal|p1b: Ninetales|78/100|[from] Grassy Terrain
|-heal|p1a: Rillaboom|43/100|[from] Grassy Terrain
|upkeep
|
|t:|1757709246
|switch|p2a: Torkoal|Torkoal, L50, F|52/100
|turn|5
|
|t:|1757709261
|move|p1b: Ninetales|Freeze-Dry|p2b: Exeggutor
|-supereffective|p2b: Exeggutor
|-crit|p2b: Exeggutor
|-damage|p2b: Exeggutor|0 fnt
|faint|p2b: Exeggutor
|move|p1a: Rillaboom|High Horsepower|p2a: Torkoal
|-supereffective|p2a: Torkoal
|-damage|p2a: Torkoal|2/100
|move|p2a: Torkoal|Heat Wave|p1a: Rillaboom|[spread] p1a
|-miss|p2a: Torkoal|p1b: Ninetales
|-resisted|p1a: Rillaboom
|-damage|p1a: Rillaboom|22/100
|
|-weather|SunnyDay|[upkeep]
|-heal|p1b: Ninetales|84/100|[from] Grassy Terrain
|-heal|p1a: Rillaboom|29/100|[from] Grassy Terrain
|-heal|p2a: Torkoal|8/100|[from] Grassy Terrain
|-fieldend|move: Grassy Terrain
|upkeep
|turn|6
|-message|NicoViBrittania forfeited.
|
|win|Truevillany123
|l|☆NicoViBrittania
|player|p2|
||NicoViBrittania is ready for game 3.
