|j|☆PixelJaguar
|j|☆Gerald Hoppy
|html|PixelJaguarGerald Hoppy    
|uhtml|bestof|Game 3 of a best-of-3
|t:|1785771716
|gametype|doubles
|player|p1|PixelJaguar|brycen|1136
|player|p2|Gerald Hoppy|2|1294
|gen|9
|tier|[Gen 9 Champions] VGC 2026 Reg M-B (Bo3)
|rated|
|rule|Species Clause: Limit one of each Pokémon
|rule|Item Clause: Limit 1 of each item
|clearpoke
|poke|p1|Staraptor, L50, F|
|poke|p1|Metagross, L50|
|poke|p1|Farigiraf, L50, M|
|poke|p1|Whimsicott, L50, M|
|poke|p1|Garchomp, L50, F|
|poke|p1|Ceruledge, L50, F|
|poke|p2|Basculegion, L50, M|
|poke|p2|Farigiraf, L50, M|
|poke|p2|Glimmora, L50, M|
|poke|p2|Scrafty, L50, M|
|poke|p2|Sylveon, L50, F|
|poke|p2|Talonflame, L50, F|
|teampreview|4
|showteam|p1|Staraptor||Staraptite|Intimidate|CloseCombat,BraveBird,Protect,Roost|Jolly||F|||50|]Metagross||Metagrossite|ClearBody|Protect,IronHead,PsychicFangs,StompingTantrum|Adamant|||||50|]Farigiraf||SitrusBerry|ArmorTail|HelpingHand,Psychic,Thunderbolt,TrickRoom|Calm||M|||50|]Whimsicott||FocusSash|Prankster|Moonblast,Tailwind,Charm,Encore|Timid||M|||50|]Garchomp||LifeOrb|RoughSkin|Protect,StompingTantrum,RockSlide,DragonClaw|Jolly||F|||50|]Ceruledge||ColburBerry|FlashFire|Protect,ShadowSneak,BulkUp,BitterBlade|Adamant||F|||50|
|showteam|p2|Basculegion||LifeOrb|Adaptability|Protect,Liquidation,LastRespects,AquaJet|Jolly||M|||50|]Farigiraf||SitrusBerry|ArmorTail|TwinBeam,Thunderbolt,HelpingHand,TrickRoom|Bold||M|||50|]Glimmora||Glimmoranite|ToxicDebris|SpikyShield,PowerGem,SludgeBomb,EarthPower|Timid||M|||50|]Scrafty||Scraftinite|Intimidate|Protect,KnockOff,CloseCombat,FakeOut|Brave||M|||50|]Sylveon||FairyFeather|Pixilate|Protect,HyperVoice,HyperBeam,QuickAttack|Modest||F|||50|]Talonflame||SharpBeak|GaleWings|Protect,FlareBlitz,DualWingbeat,Tailwind|Jolly||F|||50|
|
|t:|1785771747
|teamsize|p1|4
|teamsize|p2|4
|start
|switch|p1a: Big Bird|Staraptor, L50, F|100/100
|switch|p1b: Garchomp|Garchomp, L50, F|100/100
|switch|p2a: Talonflame|Talonflame, L50, F|100/100
|switch|p2b: Glimmora|Glimmora, L50, M|100/100
|-ability|p1a: Big Bird|Intimidate|boost
|-unboost|p2a: Talonflame|atk|1
|-unboost|p2b: Glimmora|atk|1
|turn|1
|
|t:|1785771790
|detailschange|p1a: Big Bird|Staraptor-Mega, L50, F
|-mega|p1a: Big Bird|Staraptor|Staraptite
|move|p2b: Glimmora|Spiky Shield|p2b: Glimmora
|-singleturn|p2b: Glimmora|move: Protect
|move|p2a: Talonflame|Tailwind|p2a: Talonflame
|-sidestart|p2: Gerald Hoppy|move: Tailwind
|move|p1a: Big Bird|Close Combat|p2b: Glimmora
|-activate|p2b: Glimmora|move: Protect
|-damage|p1a: Big Bird|87/100|[from] Spiky Shield|[of] p2b: Glimmora
|move|p1b: Garchomp|Rock Slide|p2b: Glimmora|[spread] p2a
|-activate|p2b: Glimmora|move: Protect
|-supereffective|p2a: Talonflame|2
|-damage|p2a: Talonflame|0 fnt
|faint|p2a: Talonflame
|-damage|p1b: Garchomp|90/100|[from] item: Life Orb
|
|upkeep
|
|t:|1785771824
|switch|p2a: Basculegion|Basculegion, L50, M|100/100
|turn|2
|
|t:|1785771841
|detailschange|p2b: Glimmora|Glimmora-Mega, L50, M
|-mega|p2b: Glimmora|Glimmora|Glimmoranite
|move|p2b: Glimmora|Earth Power|p1b: Garchomp
|-damage|p1b: Garchomp|54/100
|move|p2a: Basculegion|Last Respects|p1b: Garchomp
|-crit|p1b: Garchomp
|-damage|p1b: Garchomp|0 fnt
|faint|p1b: Garchomp
|-damage|p2a: Basculegion|90/100|[from] item: Life Orb
|move|p1a: Big Bird|Close Combat|p2b: Glimmora
|-damage|p2b: Glimmora|39/100
|-boost|p1a: Big Bird|def|1
|-boost|p1a: Big Bird|spd|1
|
|upkeep
|
|t:|1785771856
|switch|p1b: Whimsicott|Whimsicott, L50, M|100/100
|turn|3
|
|t:|1785771866
|move|p2b: Glimmora|Sludge Bomb|p1b: Whimsicott
|-supereffective|p1b: Whimsicott|2
|-enditem|p1b: Whimsicott|Focus Sash
|-damage|p1b: Whimsicott|1/100
|move|p2a: Basculegion|Last Respects|p1a: Big Bird
|-damage|p1a: Big Bird|37/100
|-damage|p2a: Basculegion|80/100|[from] item: Life Orb
|move|p1b: Whimsicott|Moonblast|p2a: Basculegion
|-damage|p2a: Basculegion|42/100
|move|p1a: Big Bird|Close Combat|p2b: Glimmora
|-damage|p2b: Glimmora|0 fnt
|-boost|p1a: Big Bird|def|1
|-boost|p1a: Big Bird|spd|1
|faint|p2b: Glimmora
|
|upkeep
|
|t:|1785771876
|switch|p2b: Scrafty|Scrafty, L50, M|100/100
|-ability|p2b: Scrafty|Intimidate|boost
|-boost|p1a: Big Bird|atk|1
|-unboost|p1b: Whimsicott|atk|1
|turn|4
|
|t:|1785771890
|move|p2b: Scrafty|Fake Out|p1b: Whimsicott
|-crit|p1b: Whimsicott
|-damage|p1b: Whimsicott|0 fnt
|faint|p1b: Whimsicott
|move|p2a: Basculegion|Last Respects|p1a: Big Bird
|-damage|p1a: Big Bird|0 fnt
|faint|p1a: Big Bird
|-damage|p2a: Basculegion|32/100|[from] item: Life Orb
|
|-sideend|p2: Gerald Hoppy|move: Tailwind
|upkeep
|
|t:|1785771918
|switch|p1b: Ceruledge|Ceruledge, L50, F|100/100
|turn|5
|
|t:|1785771926
|move|p1b: Ceruledge|Shadow Sneak|p2a: Basculegion
|-supereffective|p2a: Basculegion|1
|-damage|p2a: Basculegion|0 fnt
|faint|p2a: Basculegion
|move|p2b: Scrafty|Knock Off|p1b: Ceruledge
|-supereffective|p1b: Ceruledge|1
|-enditem|p1b: Ceruledge|Colbur Berry|[eat]
|-enditem|p1b: Ceruledge|Colbur Berry|[weaken]
|-damage|p1b: Ceruledge|46/100
|
|upkeep
|turn|6
|
|t:|1785771939
|move|p1b: Ceruledge|Bitter Blade|p2b: Scrafty
|-damage|p2b: Scrafty|56/100
|-heal|p1b: Ceruledge|67/100|[from] drain|[of] p2b: Scrafty
|move|p2b: Scrafty|Knock Off|p1b: Ceruledge
|-supereffective|p1b: Ceruledge|1
|-damage|p1b: Ceruledge|1/100
|
|upkeep
|turn|7
|
|t:|1785771948
|move|p1b: Ceruledge|Bitter Blade|p2b: Scrafty
|-damage|p2b: Scrafty|11/100
|-heal|p1b: Ceruledge|23/100|[from] drain|[of] p2b: Scrafty
|move|p2b: Scrafty|Knock Off|p1b: Ceruledge
|-supereffective|p1b: Ceruledge|1
|-damage|p1b: Ceruledge|0 fnt
|faint|p1b: Ceruledge
|
|win|Gerald Hoppy
|raw|PixelJaguar's rating: 1136 → 1122(-14 for losing)
|raw|Gerald Hoppy's rating: 1294 → 1308(+14 for winning)
|l|☆Gerald Hoppy
|player|p2|
