|j|☆cgam226
|j|☆Hadrian1917
|html|cgam226Hadrian1917    
|uhtml|bestof|Game 2 of a best-of-3
|t:|1785460366
|gametype|doubles
|player|p1|cgam226|cyclistf-gen4|1180
|player|p2|Hadrian1917|169|1103
|gen|9
|tier|[Gen 9 Champions] VGC 2026 Reg M-B (Bo3)
|rated|
|rule|Species Clause: Limit one of each Pokémon
|rule|Item Clause: Limit 1 of each item
|clearpoke
|poke|p1|Liepard, L50, F|
|poke|p1|Blaziken, L50, M|
|poke|p1|Kleavor, L50, M|
|poke|p1|Froslass, L50, F|
|poke|p1|Toxapex, L50, M|
|poke|p1|Zoroark-Hisui, L50, M, shiny|
|poke|p2|Kingambit, L50, F|
|poke|p2|Staraptor, L50, M|
|poke|p2|Whimsicott, L50, F|
|poke|p2|Sinistcha, L50|
|poke|p2|Pelipper, L50, F|
|poke|p2|Incineroar, L50, F|
|teampreview|4
|showteam|p1|Liepard||BlackGlasses|Prankster|FakeOut,Encore,Taunt,FoulPlay|Impish||F|||50|]Blaziken||LifeOrb|SpeedBoost|Protect,ScorchingSands,AuraSphere,HeatWave|Modest||M|||50|]Kleavor||ChoiceScarf|Sharpness|StoneAxe,XScissor,NightSlash,RockSlide|Adamant||M|||50|]Froslass||Froslassite|SnowCloak|Blizzard,AuroraVeil,ShadowBall,Protect|Timid||F|||50|]Toxapex||Leftovers|Regenerator|Recover,WideGuard,Infestation,Toxic|Careful||M|||50|]Zoroark-Hisui||FocusSash|Illusion|BitterMalice,Snarl,Protect,HyperVoice|Timid||M|||50|
|showteam|p2|Kingambit||BlackGlasses|Defiant|KowtowCleave,Protect,SwordsDance,SuckerPunch|Careful||F|||50|]Staraptor||Staraptite|Intimidate|CloseCombat,BrickBreak,DualWingbeat,Protect|Jolly||M|||50|]Whimsicott||FocusSash|Prankster|Moonblast,Charm,Tailwind,Encore|Modest||F|||50|]Sinistcha||BrightPowder|Hospitality|MatchaGotcha,LifeDew,Protect,RagePowder|Bold|||||50|]Pelipper||SitrusBerry|Drizzle|Hurricane,WeatherBall,WideGuard,Protect|Calm||F|||50|]Incineroar||ShucaBerry|Intimidate|FlareBlitz,FakeOut,PartingShot,ThroatChop|Adamant||F|||50|
|inactive|Battle timer is ON: inactive players will automatically lose when time's up. (requested by Hadrian1917)
|inactive|cgam226 has 60 seconds left.
|
|t:|1785460413
|teamsize|p1|4
|teamsize|p2|4
|start
|switch|p1a: Froslass|Froslass, L50, F|100/100
|switch|p1b: Blaziken|Blaziken, L50, M|100/100
|switch|p2a: Kingambit|Kingambit, L50, F|100/100
|switch|p2b: Incineroar|Incineroar, L50, F|100/100
|-ability|p2b: Incineroar|Intimidate|boost
|-unboost|p1a: Froslass|atk|1
|-unboost|p1b: Blaziken|atk|1
|turn|1
|
|t:|1785460434
|detailschange|p1a: Froslass|Froslass-Mega, L50, F
|-mega|p1a: Froslass|Froslass|Froslassite
|-weather|Snowscape|[from] ability: Snow Warning|[of] p1a: Froslass
|move|p2a: Kingambit|Protect|p2a: Kingambit
|-singleturn|p2a: Kingambit|Protect
|move|p1a: Froslass|Aurora Veil|p1a: Froslass
|-sidestart|p1: cgam226|move: Aurora Veil
|move|p1b: Blaziken|Aura Sphere|p2a: Kingambit
|-activate|p2a: Kingambit|move: Protect
|move|p2b: Incineroar|Parting Shot|p1b: Blaziken
|-unboost|p1b: Blaziken|atk|1
|-unboost|p1b: Blaziken|spa|1
|
|t:|1785460446
|switch|p2b: Pelipper|Pelipper, L50, F|100/100|[from] Parting Shot
|-weather|RainDance|[from] ability: Drizzle|[of] p2b: Pelipper
|
|-weather|RainDance|[upkeep]
|-ability|p1b: Blaziken|Speed Boost|boost
|-boost|p1b: Blaziken|spe|1
|upkeep
|turn|2
|
|t:|1785460457
|switch|p1a: Liepard|Liepard, L50, F|100/100
|switch|p2a: Sinistcha|Sinistcha, L50|100/100
|move|p2b: Pelipper|Wide Guard|p2b: Pelipper
|-singleturn|p2b: Pelipper|Wide Guard
|move|p1b: Blaziken|Aura Sphere|p2a: Sinistcha
|-immune|p2a: Sinistcha
|
|-weather|RainDance|[upkeep]
|-ability|p1b: Blaziken|Speed Boost|boost
|-boost|p1b: Blaziken|spe|1
|upkeep
|turn|3
|inactive|Hadrian1917 has 30 seconds left.
|
|t:|1785460487
|switch|p1b: Toxapex|Toxapex, L50, M|100/100
|switch|p2a: Incineroar|Incineroar, L50, F|100/100
|-ability|p2a: Incineroar|Intimidate|boost
|-unboost|p1a: Liepard|atk|1
|-unboost|p1b: Toxapex|atk|1
|move|p1a: Liepard|Taunt|p2a: Incineroar
|-hint|Since gen 7, Dark is immune to Prankster moves.
|-immune|p2a: Incineroar
|move|p2b: Pelipper|Weather Ball|p1b: Toxapex
|-resisted|p1b: Toxapex|1
|-damage|p1b: Toxapex|87/100
|
|-weather|RainDance|[upkeep]
|-heal|p1b: Toxapex|93/100|[from] item: Leftovers
|upkeep
|turn|4
|inactive|cgam226 has 30 seconds left.
|inactive|cgam226 has 20 seconds left.
|inactive|cgam226 has 15 seconds left.
|
|t:|1785460529
|move|p2b: Pelipper|Protect|p2b: Pelipper
|-singleturn|p2b: Pelipper|Protect
|move|p1a: Liepard|Foul Play|p2a: Incineroar
|-resisted|p2a: Incineroar|1
|-damage|p2a: Incineroar|80/100
|move|p2a: Incineroar|Parting Shot|p1a: Liepard
|-unboost|p1a: Liepard|atk|1
|-unboost|p1a: Liepard|spa|1
|
|t:|1785460537
|switch|p2a: Kingambit|Kingambit, L50, F|100/100|[from] Parting Shot
|move|p1b: Toxapex|Infestation|p2a: Kingambit
|-damage|p2a: Kingambit|98/100
|-activate|p2a: Kingambit|move: Infestation|[of] p1b: Toxapex
|
|-weather|RainDance|[upkeep]
|-heal|p1b: Toxapex|99/100|[from] item: Leftovers
|-damage|p2a: Kingambit|85/100|[from] move: Infestation|[partiallytrapped]
|upkeep
|turn|5
|
|t:|1785460557
|switch|p2b: Incineroar|Incineroar, L50, F|80/100
|-ability|p2b: Incineroar|Intimidate|boost
|-unboost|p1a: Liepard|atk|1
|-unboost|p1b: Toxapex|atk|1
|move|p1a: Liepard|Encore|p2b: Incineroar
|-hint|Since gen 7, Dark is immune to Prankster moves.
|-immune|p2b: Incineroar
|move|p2a: Kingambit|Swords Dance|p2a: Kingambit
|-boost|p2a: Kingambit|atk|2
|move|p1b: Toxapex|Infestation|p2b: Incineroar
|-damage|p2b: Incineroar|77/100
|-activate|p2b: Incineroar|move: Infestation|[of] p1b: Toxapex
|
|-weather|none
|-heal|p1b: Toxapex|100/100|[from] item: Leftovers
|-damage|p2b: Incineroar|64/100|[from] move: Infestation|[partiallytrapped]
|-damage|p2a: Kingambit|73/100|[from] move: Infestation|[partiallytrapped]
|-sideend|p1: cgam226|move: Aurora Veil
|upkeep
|turn|6
|
|t:|1785460578
|switch|p1a: Blaziken|Blaziken, L50, M|100/100
|move|p2b: Incineroar|Fake Out|p1a: Blaziken
|-damage|p1a: Blaziken|82/100
|move|p2a: Kingambit|Swords Dance|p2a: Kingambit
|-boost|p2a: Kingambit|atk|2
|move|p1b: Toxapex|Recover||[still]
|-fail|p1b: Toxapex|heal
|
|-damage|p2b: Incineroar|52/100|[from] move: Infestation|[partiallytrapped]
|-damage|p2a: Kingambit|61/100|[from] move: Infestation|[partiallytrapped]
|upkeep
|turn|7
|
|t:|1785460592
|move|p2a: Kingambit|Protect|p2a: Kingambit
|-singleturn|p2a: Kingambit|Protect
|move|p1a: Blaziken|Aura Sphere|p2a: Kingambit
|-activate|p2a: Kingambit|move: Protect
|move|p2b: Incineroar|Parting Shot|p1a: Blaziken
|-unboost|p1a: Blaziken|atk|1
|-unboost|p1a: Blaziken|spa|1
|
|t:|1785460601
|switch|p2b: Sinistcha|Sinistcha, L50|100/100|[from] Parting Shot
|-heal|p2a: Kingambit|86/100|[from] ability: Hospitality|[of] p2b: Sinistcha
|move|p1b: Toxapex|Toxic|p2b: Sinistcha
|-status|p2b: Sinistcha|tox
|
|-damage|p2b: Sinistcha|93/100 tox|[from] psn
|-damage|p2a: Kingambit|74/100|[from] move: Infestation|[partiallytrapped]
|-ability|p1a: Blaziken|Speed Boost|boost
|-boost|p1a: Blaziken|spe|1
|upkeep
|turn|8
|
|t:|1785460615
|switch|p1b: Froslass|Froslass-Mega, L50, F|100/100
|-weather|Snowscape|[from] ability: Snow Warning|[of] p1b: Froslass
|move|p1a: Blaziken|Protect|p1a: Blaziken
|-singleturn|p1a: Blaziken|Protect
|move|p2b: Sinistcha|Life Dew|p2b: Sinistcha|[spread] p2a,p2b
|-heal|p2a: Kingambit|99/100
|-heal|p2b: Sinistcha|100/100 tox
|move|p2a: Kingambit|Swords Dance|p2a: Kingambit
|-boost|p2a: Kingambit|atk|2
|
|-weather|Snowscape|[upkeep]
|-damage|p2b: Sinistcha|87/100 tox|[from] psn
|-end|p2a: Kingambit|Infestation|[partiallytrapped]|[silent]
|-ability|p1a: Blaziken|Speed Boost|boost
|-boost|p1a: Blaziken|spe|1
|upkeep
|turn|9
|
|t:|1785460640
|switch|p1a: Toxapex|Toxapex, L50, M|100/100
|switch|p2b: Pelipper|Pelipper, L50, F|100/100
|-weather|RainDance|[from] ability: Drizzle|[of] p2b: Pelipper
|move|p1b: Froslass|Aurora Veil||[still]
|-fail|p1b: Froslass
|move|p2a: Kingambit|Kowtow Cleave|p1a: Toxapex
|-damage|p1a: Toxapex|0 fnt
|faint|p1a: Toxapex
|
|-weather|RainDance|[upkeep]
|upkeep
|
|t:|1785460647
|switch|p1a: Liepard|Liepard, L50, F|100/100
|turn|10
|
|t:|1785460658
|switch|p2b: Incineroar|Incineroar, L50, F|52/100
|-ability|p2b: Incineroar|Intimidate|boost
|-unboost|p1a: Liepard|atk|1
|-unboost|p1b: Froslass|atk|1
|move|p1a: Liepard|Fake Out|p2a: Kingambit
|-resisted|p2a: Kingambit|1
|-damage|p2a: Kingambit|97/100
|move|p1b: Froslass|Blizzard|p2a: Kingambit|[spread] p2a
|-miss|p1b: Froslass|p2b: Incineroar
|-resisted|p2a: Kingambit|1
|-damage|p2a: Kingambit|81/100
|cant|p2a: Kingambit|flinch
|
|-weather|RainDance|[upkeep]
|upkeep
|turn|11
|
|t:|1785460674
|move|p2b: Incineroar|Fake Out|p1a: Liepard
|-damage|p1a: Liepard|83/100
|move|p1b: Froslass|Blizzard|p2a: Kingambit|[spread] p2a
|-miss|p1b: Froslass|p2b: Incineroar
|-resisted|p2a: Kingambit|1
|-damage|p2a: Kingambit|65/100
|cant|p1a: Liepard|flinch
|move|p2a: Kingambit|Kowtow Cleave|p1a: Liepard
|-resisted|p1a: Liepard|1
|-damage|p1a: Liepard|0 fnt
|faint|p1a: Liepard
|
|-weather|RainDance|[upkeep]
|upkeep
|
|t:|1785460683
|switch|p1a: Blaziken|Blaziken, L50, M|82/100
|turn|12
|
|t:|1785460692
|switch|p2b: Sinistcha|Sinistcha, L50|87/100 tox
|-heal|p2a: Kingambit|90/100|[from] ability: Hospitality|[of] p2b: Sinistcha
|move|p2a: Kingambit|Protect|p2a: Kingambit
|-singleturn|p2a: Kingambit|Protect
|move|p1b: Froslass|Blizzard|p2b: Sinistcha|[spread] 
|-activate|p2a: Kingambit|move: Protect
|-miss|p1b: Froslass|p2b: Sinistcha
|move|p1a: Blaziken|Aura Sphere|p2a: Kingambit
|-activate|p2a: Kingambit|move: Protect
|
|-weather|RainDance|[upkeep]
|-damage|p2b: Sinistcha|81/100 tox|[from] psn
|-ability|p1a: Blaziken|Speed Boost|boost
|-boost|p1a: Blaziken|spe|1
|upkeep
|turn|13
|
|t:|1785460713
|switch|p2b: Incineroar|Incineroar, L50, F|52/100
|-ability|p2b: Incineroar|Intimidate|boost
|-unboost|p1a: Blaziken|atk|1
|-unboost|p1b: Froslass|atk|1
|move|p2a: Kingambit|Sucker Punch|p1a: Blaziken
|-resisted|p1a: Blaziken|1
|-damage|p1a: Blaziken|0 fnt
|faint|p1a: Blaziken
|move|p1b: Froslass|Shadow Ball|p2a: Kingambit
|-resisted|p2a: Kingambit|1
|-damage|p2a: Kingambit|73/100
|
|-weather|none
|upkeep
|turn|14
|-message|cgam226 forfeited.
|
|win|Hadrian1917
|raw|cgam226's rating: 1180 → 1150(-30 for losing)
|raw|Hadrian1917's rating: 1103 → 1133(+30 for winning)
|l|☆cgam226
|player|p1|
