|j|☆Eggy’sDad
|j|☆Syd2J
|html|Eggy’sDadSyd2J    
|uhtml|bestof|Game 2 of a best-of-3
|t:|1786005303
|gametype|doubles
|player|p1|Eggy’sDad|2|1079
|player|p2|Syd2J|266|1152
|gen|9
|tier|[Gen 9 Champions] VGC 2026 Reg M-B (Bo3)
|rated|
|rule|Species Clause: Limit one of each Pokémon
|rule|Item Clause: Limit 1 of each item
|clearpoke
|poke|p1|Gengar, L50, M, shiny|
|poke|p1|Snorlax, L50, F|
|poke|p1|Incineroar, L50, M, shiny|
|poke|p1|Hawlucha, L50, F|
|poke|p1|Politoed, L50, M|
|poke|p1|Sinistcha-Masterpiece, L50|
|poke|p2|Staraptor, L50, F|
|poke|p2|Garchomp, L50, M|
|poke|p2|Whimsicott, L50, F|
|poke|p2|Glimmora, L50, M|
|poke|p2|Delphox, L50, F|
|poke|p2|Kingambit, L50, M|
|teampreview|4
|showteam|p1|Gengar||Gengarite|CursedBody|PerishSong,ShadowBall,Disable,Protect|Timid||M|||50|]Snorlax||Leftovers|ThickFat|Protect,SmackDown,Stockpile,Fissure|Impish||F|||50|]Incineroar||PasshoBerry|Intimidate|FakeOut,Snarl,PartingShot,WillOWisp|Impish||M|||50|]Hawlucha||Hawluchanite|Limber|Detect,CrossChop,DualWingbeat,Entrainment|Jolly||F|||50|]Politoed||SitrusBerry|Drizzle|WeatherBall,Encore,PerishSong,Protect|Modest||M|||50|]Sinistcha-Masterpiece||FocusSash|Hospitality|MatchaGotcha,RagePowder,TrickRoom,Protect|Bold|||||50|
|showteam|p2|Staraptor||Staraptite|Intimidate|CloseCombat,BraveBird,Roost,Protect|Jolly||F|||50|]Garchomp||ChoiceScarf|RoughSkin|DragonClaw,RockSlide,Earthquake,StompingTantrum|Adamant||M|||50|]Whimsicott||OccaBerry|Prankster|Moonblast,Tailwind,Charm,LightScreen|Timid||F|||50|]Glimmora||FocusSash|ToxicDebris|SludgeBomb,PowerGem,EarthPower,SpikyShield|Timid||M|||50|]Delphox||Delphoxite|Blaze|HeatWave,Psyshock,Substitute,Protect|Timid||F|||50|]Kingambit||LifeOrb|Defiant|KowtowCleave,SuckerPunch,IronHead,Protect|Adamant||M|||50|
|inactive|Battle timer is ON: inactive players will automatically lose when time's up. (requested by Syd2J)
|inactive|Eggy’sDad has 60 seconds left.
|
|t:|1786005346
|teamsize|p1|4
|teamsize|p2|4
|start
|switch|p1a: Snorlax|Snorlax, L50, F|100/100
|switch|p1b: Incineroar|Incineroar, L50, M, shiny|100/100
|switch|p2a: Whimsicott|Whimsicott, L50, F|100/100
|switch|p2b: Glimmora|Glimmora, L50, M|100/100
|-ability|p1b: Incineroar|Intimidate|boost
|-unboost|p2a: Whimsicott|atk|1
|-unboost|p2b: Glimmora|atk|1
|turn|1
|
|t:|1786005366
|move|p1b: Incineroar|Fake Out|p2b: Glimmora
|-resisted|p2b: Glimmora|1
|-damage|p2b: Glimmora|93/100
|-activate|p2b: Glimmora|ability: Toxic Debris
|-sidestart|p1: Eggy’sDad|move: Toxic Spikes
|move|p2a: Whimsicott|Moonblast|p1b: Incineroar
|-damage|p1b: Incineroar|74/100
|cant|p2b: Glimmora|flinch
|move|p1a: Snorlax|Stockpile|p1a: Snorlax
|-start|p1a: Snorlax|stockpile1
|-boost|p1a: Snorlax|def|1
|-boost|p1a: Snorlax|spd|1
|
|upkeep
|turn|2
|
|t:|1786005391
|switch|p1b: Sinistcha|Sinistcha-Masterpiece, L50|100/100
|-status|p1b: Sinistcha|psn
|move|p2a: Whimsicott|Charm|p1a: Snorlax
|-unboost|p1a: Snorlax|atk|2
|move|p2b: Glimmora|Power Gem|p1b: Sinistcha
|-damage|p1b: Sinistcha|56/100 psn
|move|p1a: Snorlax|Stockpile|p1a: Snorlax
|-start|p1a: Snorlax|stockpile2
|-boost|p1a: Snorlax|def|1
|-boost|p1a: Snorlax|spd|1
|
|-damage|p1b: Sinistcha|44/100 psn|[from] psn
|upkeep
|turn|3
|inactive|Eggy’sDad has 30 seconds left.
|
|t:|1786005423
|move|p1b: Sinistcha|Protect|p1b: Sinistcha
|-singleturn|p1b: Sinistcha|Protect
|move|p2a: Whimsicott|Charm|p1a: Snorlax
|-unboost|p1a: Snorlax|atk|2
|move|p2b: Glimmora|Sludge Bomb|p1a: Snorlax
|-damage|p1a: Snorlax|85/100
|move|p1a: Snorlax|Stockpile|p1a: Snorlax
|-start|p1a: Snorlax|stockpile3
|-boost|p1a: Snorlax|def|1
|-boost|p1a: Snorlax|spd|1
|
|-heal|p1a: Snorlax|92/100|[from] item: Leftovers
|-damage|p1b: Sinistcha|31/100 psn|[from] psn
|upkeep
|turn|4
|inactive|Eggy’sDad has 30 seconds left.
|
|t:|1786005455
|move|p2a: Whimsicott|Charm|p1a: Snorlax
|-unboost|p1a: Snorlax|atk|2
|move|p2b: Glimmora|Power Gem|p1b: Sinistcha
|-damage|p1b: Sinistcha|0 fnt
|faint|p1b: Sinistcha
|move|p1a: Snorlax|Fissure|p2b: Glimmora
|-damage|p2b: Glimmora|0 fnt
|-activate|p2b: Glimmora|ability: Toxic Debris
|-sidestart|p1: Eggy’sDad|move: Toxic Spikes
|faint|p2b: Glimmora
|-ohko
|
|-heal|p1a: Snorlax|98/100|[from] item: Leftovers
|upkeep
|
|t:|1786005472
|switch|p2b: Delphox|Delphox, L50, F|100/100
|switch|p1b: Hawlucha|Hawlucha, L50, F|100/100
|turn|5
|
|t:|1786005494
|detailschange|p2b: Delphox|Delphox-Mega, L50, F
|-mega|p2b: Delphox|Delphox|Delphoxite
|move|p1b: Hawlucha|Detect|p1b: Hawlucha
|-singleturn|p1b: Hawlucha|Protect
|move|p2a: Whimsicott|Tailwind|p2a: Whimsicott
|-sidestart|p2: Syd2J|move: Tailwind
|move|p2b: Delphox|Psyshock|p1b: Hawlucha
|-activate|p1b: Hawlucha|move: Protect
|move|p1a: Snorlax|Fissure|p2b: Delphox
|-immune|p2b: Delphox|[from] ability: Levitate
|
|-heal|p1a: Snorlax|100/100|[from] item: Leftovers
|upkeep
|turn|6
|inactive|Eggy’sDad has 30 seconds left.
|
|t:|1786005527
|switch|p1b: Incineroar|Incineroar, L50, M, shiny|74/100
|-status|p1b: Incineroar|tox
|-ability|p1b: Incineroar|Intimidate|boost
|-unboost|p2a: Whimsicott|atk|1
|-unboost|p2b: Delphox|atk|1
|move|p2b: Delphox|Psyshock|p1b: Incineroar
|-immune|p1b: Incineroar
|move|p2a: Whimsicott|Moonblast|p1b: Incineroar
|-damage|p1b: Incineroar|46/100 tox
|move|p1a: Snorlax|Smack Down|p2b: Delphox
|-supereffective|p2b: Delphox|1
|-damage|p2b: Delphox|89/100
|-start|p2b: Delphox|Smack Down
|
|-damage|p1b: Incineroar|40/100 tox|[from] psn
|upkeep
|turn|7
|
|t:|1786005550
|move|p2b: Delphox|Protect|p2b: Delphox
|-singleturn|p2b: Delphox|Protect
|move|p2a: Whimsicott|Moonblast|p1b: Incineroar
|-damage|p1b: Incineroar|13/100 tox
|move|p1b: Incineroar|Snarl|p2a: Whimsicott|[spread] p2a
|-activate|p2b: Delphox|move: Protect
|-resisted|p2a: Whimsicott|1
|-damage|p2a: Whimsicott|92/100
|-unboost|p2a: Whimsicott|spa|1
|move|p1a: Snorlax|Fissure|p2a: Whimsicott|[miss]
|-miss|p1a: Snorlax|p2a: Whimsicott
|
|-damage|p1b: Incineroar|2/100 tox|[from] psn
|upkeep
|turn|8
|inactive|Eggy’sDad has 30 seconds left.
|
|t:|1786005576
|switch|p2b: Kingambit|Kingambit, L50, M|100/100
|move|p2a: Whimsicott|Moonblast|p1b: Incineroar
|-damage|p1b: Incineroar|0 fnt
|faint|p1b: Incineroar
|move|p1a: Snorlax|Fissure|p2b: Kingambit
|-damage|p2b: Kingambit|0 fnt
|faint|p2b: Kingambit
|-ohko
|
|-sideend|p2: Syd2J|move: Tailwind
|upkeep
|
|t:|1786005585
|switch|p1b: Hawlucha|Hawlucha, L50, F|100/100
|switch|p2b: Delphox|Delphox-Mega, L50, F|89/100
|turn|9
|inactive|Syd2J has 30 seconds left.
|inactive|Eggy’sDad has 30 seconds left.
|
|t:|1786005616
|detailschange|p1b: Hawlucha|Hawlucha-Mega, L50, F
|-mega|p1b: Hawlucha|Hawlucha|Hawluchanite
|move|p2b: Delphox|Protect|p2b: Delphox
|-singleturn|p2b: Delphox|Protect
|move|p2a: Whimsicott|Tailwind|p2a: Whimsicott
|-sidestart|p2: Syd2J|move: Tailwind
|move|p1b: Hawlucha|Entrainment|p1a: Snorlax
|-ability|p1a: Snorlax|No Guard|Thick Fat|[from] move: Entrainment|[of] p1b: Hawlucha
|move|p1a: Snorlax|Smack Down|p2b: Delphox
|-activate|p2b: Delphox|move: Protect
|
|upkeep
|turn|10
|
|t:|1786005638
|move|p2b: Delphox|Psyshock|p1b: Hawlucha
|-supereffective|p1b: Hawlucha|1
|-damage|p1b: Hawlucha|17/100
|move|p2a: Whimsicott|Moonblast|p1b: Hawlucha
|-supereffective|p1b: Hawlucha|1
|-damage|p1b: Hawlucha|0 fnt
|faint|p1b: Hawlucha
|move|p1a: Snorlax|Fissure|p2a: Whimsicott
|-damage|p2a: Whimsicott|0 fnt
|faint|p2a: Whimsicott
|-ohko
|
|upkeep
|turn|11
|
|t:|1786005662
|move|p2b: Delphox|Heat Wave|p1a: Snorlax
|-damage|p1a: Snorlax|86/100
|-status|p1a: Snorlax|brn
|move|p1a: Snorlax|Smack Down|p2b: Delphox
|-supereffective|p2b: Delphox|1
|-damage|p2b: Delphox|85/100
|-start|p2b: Delphox|Smack Down
|
|-heal|p1a: Snorlax|92/100 brn|[from] item: Leftovers
|-damage|p1a: Snorlax|86/100 brn|[from] brn
|upkeep
|turn|12
|
|t:|1786005674
|move|p2b: Delphox|Heat Wave|p1a: Snorlax
|-damage|p1a: Snorlax|72/100 brn
|move|p1a: Snorlax|Fissure|p2b: Delphox
|-damage|p2b: Delphox|0 fnt
|faint|p2b: Delphox
|-ohko
|
|win|Eggy’sDad
|raw|Eggy’sDad's rating: 1079 → 1113(+34 for winning)
|raw|Syd2J's rating: 1152 → 1122(-30 for losing)
|l|☆Syd2J
|player|p2|
|l|☆Eggy’sDad
|player|p1|
|j|☆Eggy’sDad
|player|p1|Eggy’sDad|2|
