|j|☆SelvesterTheYAK
|j|☆Ray_Nilson
|html|SelvesterTheYAKRay_Nilson    
|uhtml|bestof|Game 2 of a best-of-3
|t:|1756927261
|gametype|doubles
|player|p1|SelvesterTheYAK|101|1094
|player|p2|Ray_Nilson|gambler|1019
|gen|9
|tier|[Gen 9] VGC 2025 Reg H (Bo3)
|rated|
|rule|Species Clause: Limit one of each Pokémon
|rule|Item Clause: Limit 1 of each item
|clearpoke
|poke|p1|Tyranitar, L50, F|
|poke|p1|Garchomp, L50, M|
|poke|p1|Gholdengo, L50|
|poke|p1|Talonflame, L50, F|
|poke|p1|Amoonguss, L50, F|
|poke|p1|Milotic, L50, F|
|poke|p2|Rillaboom, L50, M|
|poke|p2|Volcarona, L50, M|
|poke|p2|Corviknight, L50, F|
|poke|p2|Rotom-Wash, L50|
|teampreview|4
|showteam|p1|Tyranitar||AssaultVest|SandStream|RockSlide,TeraBlast,KnockOff,LowKick|||F|||50|,,,,,Flying]Garchomp||LifeOrb|SandVeil|Protect,DragonClaw,StompingTantrum,Earthquake|||M|||50|,,,,,Steel]Gholdengo||MetalCoat|GoodasGold|MakeItRain,ShadowBall,Protect,NastyPlot||||||50|,,,,,Flying]Talonflame||CovertCloak|GaleWings|BraveBird,Tailwind,WillOWisp,Taunt|||F|||50|,,,,,Ghost]Amoonguss||SitrusBerry|Regenerator|Protect,Spore,RagePowder,PollenPuff|||F|||50|,,,,,Water]Milotic||SafetyGoggles|Competitive|Haze,Protect,IcyWind,Scald|||F|||50|,,,,,Dragon
|showteam|p2|Rillaboom||AssaultVest|Overgrow|GrassyGlide,FakeOut,WoodHammer,HighHorsepower|||M|||50|,,,,,Fire]Volcarona|||FlameBody|HeatWave,BugBuzz,Protect,QuiverDance|||M|||50|,,,,,Grass]Corviknight||CovertCloak|MirrorArmor|Tailwind,IronHead,BraveBird,Roost|||F|||50|,,,,,Grass]Rotom-Wash||SitrusBerry|Levitate|HydroPump,WillOWisp,VoltSwitch,Protect||||||50|,,,,,Ghost
|inactive|Battle timer is ON: inactive players will automatically lose when time's up. (requested by SelvesterTheYAK)
|
|t:|1756927295
|teamsize|p1|4
|teamsize|p2|4
|start
|switch|p1a: Gholdengo|Gholdengo, L50|100/100
|switch|p1b: Talonflame|Talonflame, L50, F|100/100
|switch|p2a: Rillaboom|Rillaboom, L50, M|100/100
|switch|p2b: Rotom|Rotom-Wash, L50, shiny|100/100
|turn|1
|inactive|Ray_Nilson has 30 seconds left.
|
|t:|1756927327
|move|p2a: Rillaboom|Fake Out|p1b: Talonflame
|-damage|p1b: Talonflame|84/100
|move|p1b: Talonflame|Will-O-Wisp|p2a: Rillaboom
|-status|p2a: Rillaboom|brn
|move|p1a: Gholdengo|Nasty Plot|p1a: Gholdengo
|-boost|p1a: Gholdengo|spa|2
|move|p2b: Rotom|Volt Switch|p1b: Talonflame
|-supereffective|p1b: Talonflame
|-damage|p1b: Talonflame|15/100
|
|t:|1756927329
|switch|p2b: Corviknight|Corviknight, L50, F, shiny|100/100|[from] Volt Switch
|
|-damage|p2a: Rillaboom|95/100 brn|[from] brn
|upkeep
|turn|2
|inactive|SelvesterTheYAK has 30 seconds left.
|
|t:|1756927363
|move|p1b: Talonflame|Tailwind|p1b: Talonflame
|-sidestart|p1: SelvesterTheYAK|move: Tailwind
|move|p1a: Gholdengo|Shadow Ball|p2b: Corviknight
|-damage|p2b: Corviknight|18/100
|move|p2b: Corviknight|Tailwind|p2b: Corviknight
|-sidestart|p2: Ray_Nilson|move: Tailwind
|move|p2a: Rillaboom|High Horsepower|p1a: Gholdengo
|-supereffective|p1a: Gholdengo
|-damage|p1a: Gholdengo|61/100
|
|-damage|p2a: Rillaboom|89/100 brn|[from] brn
|upkeep
|turn|3
|
|t:|1756927380
|move|p1b: Talonflame|Brave Bird|p2a: Rillaboom
|-supereffective|p2a: Rillaboom
|-damage|p2a: Rillaboom|17/100 brn
|-damage|p1b: Talonflame|0 fnt|[from] Recoil
|faint|p1b: Talonflame
|move|p1a: Gholdengo|Make It Rain|p2b: Corviknight|[spread] p2a,p2b
|-resisted|p2b: Corviknight
|-damage|p2a: Rillaboom|0 fnt
|-damage|p2b: Corviknight|0 fnt
|-unboost|p1a: Gholdengo|spa|1
|faint|p2a: Rillaboom
|faint|p2b: Corviknight
|
|upkeep
|
|t:|1756927398
|switch|p1b: Garchomp|Garchomp, L50, M|100/100
|switch|p2b: Volcarona|Volcarona, L50, M|100/100
|switch|p2a: Rotom|Rotom-Wash, L50, shiny|100/100
|turn|4
|
|t:|1756927416
|-terastallize|p1a: Gholdengo|Flying
|move|p1b: Garchomp|Earthquake|p2a: Rotom|[spread] p2b
|-immune|p1a: Gholdengo
|-immune|p2a: Rotom|[from] ability: Levitate
|-damage|p2b: Volcarona|42/100
|-damage|p1b: Garchomp|91/100|[from] item: Life Orb
|move|p2b: Volcarona|Quiver Dance|p2b: Volcarona
|-boost|p2b: Volcarona|spa|1
|-boost|p2b: Volcarona|spd|1
|-boost|p2b: Volcarona|spe|1
|move|p1a: Gholdengo|Make It Rain|p2b: Volcarona|[spread] p2a,p2b
|-resisted|p2a: Rotom
|-resisted|p2b: Volcarona
|-damage|p2a: Rotom|79/100
|-damage|p2b: Volcarona|17/100
|-unboost|p1a: Gholdengo|spa|1
|move|p2a: Rotom|Will-O-Wisp|p1b: Garchomp
|-status|p1b: Garchomp|brn
|
|-damage|p1b: Garchomp|85/100 brn|[from] brn
|upkeep
|turn|5
|inactive|SelvesterTheYAK has 30 seconds left.
|
|t:|1756927446
|move|p1a: Gholdengo|Protect|p1a: Gholdengo
|-singleturn|p1a: Gholdengo|Protect
|move|p2b: Volcarona|Heat Wave|p1a: Gholdengo|[spread] p1b
|-activate|p1a: Gholdengo|move: Protect
|-resisted|p1b: Garchomp
|-damage|p1b: Garchomp|57/100 brn
|move|p1b: Garchomp|Dragon Claw|p2b: Volcarona
|-damage|p2b: Volcarona|0 fnt
|faint|p2b: Volcarona
|-damage|p1b: Garchomp|47/100 brn|[from] item: Life Orb
|move|p2a: Rotom|Volt Switch|p1a: Gholdengo
|-activate|p1a: Gholdengo|move: Protect
|
|-damage|p1b: Garchomp|41/100 brn|[from] brn
|-sideend|p2: Ray_Nilson|move: Tailwind
|-sideend|p1: SelvesterTheYAK|move: Tailwind
|upkeep
|turn|6
|
|t:|1756927468
|move|p1b: Garchomp|Dragon Claw|p2a: Rotom
|-damage|p2a: Rotom|51/100
|-damage|p1b: Garchomp|31/100 brn|[from] item: Life Orb
|move|p1a: Gholdengo|Shadow Ball|p2a: Rotom
|-damage|p2a: Rotom|11/100
|-unboost|p2a: Rotom|spd|1
|-enditem|p2a: Rotom|Sitrus Berry|[eat]
|-heal|p2a: Rotom|36/100|[from] item: Sitrus Berry
|move|p2a: Rotom|Volt Switch|p1a: Gholdengo
|-supereffective|p1a: Gholdengo
|-damage|p1a: Gholdengo|0 fnt
|faint|p1a: Gholdengo
|
|-damage|p1b: Garchomp|25/100 brn|[from] brn
|upkeep
|
|t:|1756927482
|switch|p1a: Tyranitar|Tyranitar, L50, F|100/100
|-weather|Sandstorm|[from] ability: Sand Stream|[of] p1a: Tyranitar
|turn|7
|
|t:|1756927489
|move|p1b: Garchomp|Dragon Claw|p2a: Rotom
|-damage|p2a: Rotom|9/100
|-damage|p1b: Garchomp|16/100 brn|[from] item: Life Orb
|move|p2a: Rotom|Hydro Pump|p1a: Tyranitar|[miss]
|-miss|p2a: Rotom|p1a: Tyranitar
|move|p1a: Tyranitar|Rock Slide|p2a: Rotom
|-damage|p2a: Rotom|0 fnt
|faint|p2a: Rotom
|
|win|SelvesterTheYAK
||Ray_Nilson is ready for game 3.
|inactive|SelvesterTheYAK has 30 seconds to confirm battle start!
||SelvesterTheYAK is ready for game 3.
|uhtml|next|Next: Game 3 of 3
|l|☆Ray_Nilson
|player|p2|
