|j|☆jamon_con_talco
|j|☆eliasvzqz
|html|jamon_con_talcoeliasvzqz    
|uhtml|bestof|Game 3 of a best-of-3
|t:|1786036583
|gametype|doubles
|player|p1|jamon_con_talco|swimmer|
|player|p2|eliasvzqz|miku-ghost|
|gen|9
|tier|[Gen 9 Champions] VGC 2026 Reg M-B (Bo3)
|rule|Species Clause: Limit one of each Pokémon
|rule|Item Clause: Limit 1 of each item
|clearpoke
|poke|p1|Watchog, L50, M|
|poke|p1|Garchomp, L50, M|
|poke|p1|Charizard, L50, M|
|poke|p1|Aerodactyl, L50, M|
|poke|p1|Farigiraf, L50, M|
|poke|p1|Venusaur, L50, M|
|poke|p2|Mimikyu, L50, F, shiny|
|poke|p2|Floette-Eternal, L50, F|
|poke|p2|Sylveon, L50, M, shiny|
|poke|p2|Umbreon, L50, M, shiny|
|poke|p2|Delphox, L50, M|
|poke|p2|Sinistcha, L50|
|teampreview|4
|showteam|p1|Watchog||ChopleBerry|Analytic|IcePunch,Detect,LowKick,Hypnosis|Impish||M|||50|]Garchomp||ChoiceScarf|RoughSkin|DragonClaw,RockSlide,StompingTantrum,Earthquake|Adamant||M|||50|]Charizard||CharizarditeY|Blaze|AncientPower,HeatWave,FocusBlast,Protect|Modest||M|||50|]Aerodactyl||WhiteHerb|Unnerve|WideGuard,RockSlide,Tailwind,Taunt|Jolly||M|||50|]Farigiraf||SilkScarf|ArmorTail|Psychic,TrickRoom,Imprison,HyperVoice|Modest||M|||50|]Venusaur||FocusSash|Chlorophyll|SleepPowder,SludgeBomb,Protect,EnergyBall|Timid||M|||50|
|showteam|p2|Mimikyu||LifeOrb|Disguise|ShadowSneak,ShadowClaw,PlayRough,SwordsDance|Adamant||F|||50|]Floette-Eternal||Floettite|FlowerVeil|CalmMind,Moonblast,Protect,DazzlingGleam|Timid||F|||50|]Sylveon||FairyFeather|Pixilate|HyperBeam,HyperVoice,QuickAttack,Protect|Modest||M|||50|]Umbreon||Leftovers|InnerFocus|FoulPlay,Moonlight,HelpingHand,Yawn|Careful||M|||50|]Delphox||Delphoxite|Blaze|HeatWave,Protect,CalmMind,Psyshock|Timid||M|||50|]Sinistcha||SitrusBerry|Hospitality|RagePowder,LifeDew,MatchaGotcha,StrengthSap|Calm|||||50|
|j| TheFoxGamer15
|c| TheFoxGamer15|DALE COPO
|j| mstrmiranda
|j| Shemages
|c| TheFoxGamer15|REMONTADA ÉPICA A LO ARGENTINA
|
|t:|1786036606
|teamsize|p1|4
|teamsize|p2|4
|start
|switch|p1a: Charizard|Charizard, L50, M|100/100
|switch|p1b: Venusaur|Venusaur, L50, M|100/100
|switch|p2a: Mimikyu|Mimikyu, L50, F, shiny|100/100
|switch|p2b: Umbreon|Umbreon, L50, M, shiny|100/100
|turn|1
|
|t:|1786036639
|detailschange|p1a: Charizard|Charizard-Mega-Y, L50, M
|-mega|p1a: Charizard|Charizard|Charizardite Y
|-weather|SunnyDay|[from] ability: Drought|[of] p1a: Charizard
|move|p2b: Umbreon|Helping Hand|p2a: Mimikyu
|-singleturn|p2a: Mimikyu|Helping Hand|[of] p2b: Umbreon
|move|p2a: Mimikyu|Shadow Sneak|p1a: Charizard
|-damage|p1a: Charizard|47/100
|-damage|p2a: Mimikyu|90/100|[from] item: Life Orb
|move|p1b: Venusaur|Sleep Powder|p2b: Umbreon
|-status|p2b: Umbreon|slp|[from] move: Sleep Powder
|move|p1a: Charizard|Heat Wave|p2a: Mimikyu|[spread] p2a
|-miss|p1a: Charizard|p2b: Umbreon
|-activate|p2a: Mimikyu|ability: Disguise
|-damage|p2a: Mimikyu|90/100
|detailschange|p2a: Mimikyu|Mimikyu-Busted, L50, F, shiny
|-damage|p2a: Mimikyu|78/100|[from] pokemon: Mimikyu-Busted
|
|-weather|SunnyDay|[upkeep]
|upkeep
|turn|2
|j| ch4inisss
|
|t:|1786036689
|cant|p2b: Umbreon|slp
|move|p1a: Charizard|Protect|p1a: Charizard
|-singleturn|p1a: Charizard|Protect
|move|p2a: Mimikyu|Shadow Sneak|p1b: Venusaur
|-damage|p1b: Venusaur|67/100
|-damage|p2a: Mimikyu|68/100|[from] item: Life Orb
|move|p1b: Venusaur|Sludge Bomb|p2a: Mimikyu
|-damage|p2a: Mimikyu|19/100
|
|-weather|SunnyDay|[upkeep]
|upkeep
|turn|3
|
|t:|1786036704
|switch|p1a: Watchog|Watchog, L50, M|100/100
|-curestatus|p2b: Umbreon|slp|[msg]
|move|p2b: Umbreon|Helping Hand|p2a: Mimikyu
|-singleturn|p2a: Mimikyu|Helping Hand|[of] p2b: Umbreon
|move|p1b: Venusaur|Protect|p1b: Venusaur
|-singleturn|p1b: Venusaur|Protect
|move|p2a: Mimikyu|Shadow Sneak|p1b: Venusaur
|-activate|p1b: Venusaur|move: Protect
|
|-weather|SunnyDay|[upkeep]
|upkeep
|turn|4
|c| ch4inisss|que cojones amo a elias tio
|
|t:|1786036722
|move|p2b: Umbreon|Helping Hand|p2a: Mimikyu
|-singleturn|p2a: Mimikyu|Helping Hand|[of] p2b: Umbreon
|move|p2a: Mimikyu|Shadow Sneak|p1b: Venusaur
|-damage|p1b: Venusaur|22/100
|-damage|p2a: Mimikyu|9/100|[from] item: Life Orb
|move|p1b: Venusaur|Sleep Powder|p2b: Umbreon
|-status|p2b: Umbreon|slp|[from] move: Sleep Powder
|move|p1a: Watchog|Ice Punch|p2a: Mimikyu
|-damage|p2a: Mimikyu|0 fnt
|faint|p2a: Mimikyu
|
|-weather|SunnyDay|[upkeep]
|upkeep
|
|t:|1786036737
|switch|p2a: Delphox|Delphox, L50, M|100/100
|turn|5
|
|t:|1786036765
|switch|p1b: Garchomp|Garchomp, L50, M|100/100
|detailschange|p2a: Delphox|Delphox-Mega, L50, M
|-mega|p2a: Delphox|Delphox|Delphoxite
|cant|p2b: Umbreon|slp
|move|p2a: Delphox|Heat Wave|p1a: Watchog|[spread] p1a,p1b
|-resisted|p1b: Garchomp|1
|-damage|p1a: Watchog|11/100
|-damage|p1b: Garchomp|65/100
|move|p1a: Watchog|Hypnosis|p2a: Delphox|[miss]
|-miss|p1a: Watchog|p2a: Delphox
|
|-weather|none
|upkeep
|turn|6
|l|☆jamon_con_talco
|player|p1|
|j|☆jamon_con_talco
|player|p1|jamon_con_talco|swimmer|
|
|t:|1786036791
|move|p2a: Delphox|Protect|p2a: Delphox
|-singleturn|p2a: Delphox|Protect
|move|p1b: Garchomp|Rock Slide|p2a: Delphox|[spread] p2b
|-activate|p2a: Delphox|move: Protect
|-damage|p2b: Umbreon|83/100 slp
|move|p1a: Watchog|Low Kick|p2b: Umbreon
|-supereffective|p2b: Umbreon|1
|-damage|p2b: Umbreon|61/100 slp
|-curestatus|p2b: Umbreon|slp|[msg]
|move|p2b: Umbreon|Yawn|p1b: Garchomp
|-start|p1b: Garchomp|move: Yawn|[of] p2b: Umbreon
|
|-heal|p2b: Umbreon|66/100|[from] item: Leftovers
|upkeep
|turn|7
|
|t:|1786036815
|switch|p2a: Sinistcha|Sinistcha, L50|100/100
|-heal|p2b: Umbreon|91/100|[from] ability: Hospitality|[of] p2a: Sinistcha
|move|p1b: Garchomp|Rock Slide|p2b: Umbreon|[spread] p2a,p2b
|-crit|p2a: Sinistcha
|-damage|p2a: Sinistcha|74/100
|-damage|p2b: Umbreon|75/100
|move|p1a: Watchog|Hypnosis|p2b: Umbreon
|-status|p2b: Umbreon|slp|[from] move: Hypnosis
|cant|p2b: Umbreon|slp
|
|-heal|p2b: Umbreon|80/100 slp|[from] item: Leftovers
|-end|p1b: Garchomp|move: Yawn|[silent]
|-status|p1b: Garchomp|slp
|upkeep
|turn|8
|c| TheFoxGamer15|Pobre umbreon, lo mandan a la cama siempre
|
|t:|1786036846
|switch|p1b: Charizard|Charizard-Mega-Y, L50, M|47/100
|-weather|SunnyDay|[from] ability: Drought|[of] p1b: Charizard
|cant|p2b: Umbreon|slp
|move|p1a: Watchog|Ice Punch|p2a: Sinistcha
|-supereffective|p2a: Sinistcha|1
|-damage|p2a: Sinistcha|47/100
|-enditem|p2a: Sinistcha|Sitrus Berry|[eat]
|-heal|p2a: Sinistcha|71/100|[from] item: Sitrus Berry
|move|p2a: Sinistcha|Matcha Gotcha|p1b: Charizard|[spread] p1a
|-miss|p2a: Sinistcha|p1b: Charizard
|-damage|p1a: Watchog|0 fnt
|-heal|p2a: Sinistcha|77/100|[from] drain|[of] p1a: Watchog
|faint|p1a: Watchog
|
|-weather|SunnyDay|[upkeep]
|-heal|p2b: Umbreon|86/100 slp|[from] item: Leftovers
|upkeep
|
|t:|1786036855
|switch|p1a: Venusaur|Venusaur, L50, M|22/100
|turn|9
|
|t:|1786036880
|move|p2a: Sinistcha|Rage Powder|p2a: Sinistcha
|-singleturn|p2a: Sinistcha|move: Rage Powder
|move|p1a: Venusaur|Sludge Bomb|p2a: Sinistcha
|-damage|p2a: Sinistcha|40/100
|-status|p2a: Sinistcha|psn
|move|p1b: Charizard|Heat Wave|p2a: Sinistcha|[spread] p2b
|-miss|p1b: Charizard|p2a: Sinistcha
|-damage|p2b: Umbreon|42/100 slp
|-curestatus|p2b: Umbreon|slp|[msg]
|move|p2b: Umbreon|Foul Play|p1a: Venusaur
|-damage|p1a: Venusaur|0 fnt
|faint|p1a: Venusaur
|
|-weather|SunnyDay|[upkeep]
|-heal|p2b: Umbreon|48/100|[from] item: Leftovers
|-damage|p2a: Sinistcha|28/100 psn|[from] psn
|upkeep
|
|t:|1786036888
|switch|p1a: Garchomp|Garchomp, L50, M|65/100 slp
|turn|10
|c|☆jamon_con_talco|naaaaa
|
|t:|1786036905
|cant|p1a: Garchomp|slp
|move|p1b: Charizard|Heat Wave|p2a: Sinistcha|[spread] p2a,p2b
|-supereffective|p2a: Sinistcha|1
|-damage|p2a: Sinistcha|0 fnt
|-damage|p2b: Umbreon|7/100
|faint|p2a: Sinistcha
|move|p2b: Umbreon|Yawn|p1b: Charizard
|-start|p1b: Charizard|move: Yawn|[of] p2b: Umbreon
|
|-weather|SunnyDay|[upkeep]
|-heal|p2b: Umbreon|13/100|[from] item: Leftovers
|upkeep
|
|t:|1786036915
|switch|p2a: Delphox|Delphox-Mega, L50, M|100/100
|turn|11
|
|t:|1786036925
|move|p2b: Umbreon|Helping Hand|p2a: Delphox
|-singleturn|p2a: Delphox|Helping Hand|[of] p2b: Umbreon
|-curestatus|p1a: Garchomp|slp|[msg]
|move|p1a: Garchomp|Rock Slide|p2b: Umbreon|[spread] p2a,p2b
|-supereffective|p2a: Delphox|1
|-damage|p2a: Delphox|30/100
|-damage|p2b: Umbreon|0 fnt
|faint|p2b: Umbreon
|move|p2a: Delphox|Heat Wave|p1b: Charizard|[spread] p1a
|-miss|p2a: Delphox|p1b: Charizard
|-resisted|p1a: Garchomp|1
|-damage|p1a: Garchomp|16/100
|move|p1b: Charizard|Ancient Power|p2a: Delphox
|-supereffective|p2a: Delphox|1
|-damage|p2a: Delphox|0 fnt
|faint|p2a: Delphox
|
|win|jamon_con_talco
|c| Shemages|LO QUE ROBA
|c|☆jamon_con_talco|gigis
|c|☆eliasvzqz|NAH
|c|☆eliasvzqz|gg
|c| Shemages|COMO ROBA
|l| ch4inisss
|j| vertigou
|c| TheFoxGamer15|El robo del año
|l| vertigou
|l| TheFoxGamer15
|l|☆jamon_con_talco
|player|p1|
|l|☆eliasvzqz
|player|p2|
