|j|☆uscorp
|j|☆xdi8723
|html|uscorpxdi8723    
|uhtml|bestof|Game 1 of a best-of-3
|t:|1784933320
|gametype|doubles
|player|p1|uscorp|2|1121
|player|p2|xdi8723|2|1025
|gen|9
|tier|[Gen 9 Champions] VGC 2026 Reg M-B (Bo3)
|rated|
|rule|Species Clause: Limit one of each Pokémon
|rule|Item Clause: Limit 1 of each item
|clearpoke
|poke|p1|Floette-Eternal, L50, F|
|poke|p1|Delphox, L50, F|
|poke|p1|Kingambit, L50, F|
|poke|p1|Sneasler, L50, M|
|poke|p1|Sinistcha, L50|
|poke|p1|Incineroar, L50, M|
|poke|p2|Archaludon, L50, F|
|poke|p2|Pelipper, L50, M|
|poke|p2|Grimmsnarl, L50, M|
|poke|p2|Sinistcha, L50|
|poke|p2|Swampert, L50, F|
|poke|p2|Lycanroc-Dusk, L50, F|
|teampreview|4
|showteam|p1|Floette-Eternal||Floettite|FlowerVeil|CalmMind,DrainingKiss,DazzlingGleam,Protect|Modest||F|||50|]Delphox||Delphoxite|Blaze|HeatWave,NastyPlot,Psyshock,Protect|Timid||F|||50|]Kingambit||BlackGlasses|Defiant|KowtowCleave,SuckerPunch,SwordsDance,Protect|Adamant||F|||50|]Sneasler||FocusSash|PoisonTouch|CloseCombat,PoisonJab,Coaching,FakeOut|Jolly||M|||50|]Sinistcha||KasibBerry|Hospitality|TrickRoom,MatchaGotcha,RagePowder,Protect|Bold|||||50|]Incineroar||SitrusBerry|Intimidate|FlareBlitz,PartingShot,HelpingHand,FakeOut|Impish||M|||50|
|showteam|p2|Archaludon||Leftovers|Stamina|ElectroShot,AuraSphere,FlashCannon,Protect|Modest||F|||50|]Pelipper||SitrusBerry|Drizzle|Tailwind,WeatherBall,Hurricane,WideGuard|Modest||M|||50|]Grimmsnarl||LightClay|Prankster|PartingShot,SpiritBreak,Reflect,LightScreen|Calm||M|||50|]Sinistcha||KasibBerry|Hospitality|MatchaGotcha,LifeDew,RagePowder,TrickRoom|Calm|||||50|]Swampert||Swampertite|Torrent|WaveCrash,Earthquake,IcePunch,Protect|Adamant||F|||50|]Lycanroc-Dusk||FocusSash|ToughClaws|Protect,RockSlide,Accelerock,CloseCombat|Jolly||F|||50|
|inactive|Battle timer is ON: inactive players will automatically lose when time's up. (requested by uscorp)
|
|t:|1784933420
|teamsize|p1|4
|teamsize|p2|4
|start
|switch|p1a: Sinistcha|Sinistcha, L50|100/100
|switch|p1b: Kingambit|Kingambit, L50, F|100/100
|switch|p2a: Archaludon|Archaludon, L50, F|100/100
|switch|p2b: Grimmsnarl|Grimmsnarl, L50, M|100/100
|turn|1
|inactive|xdi8723 has 30 seconds left.
|
|t:|1784933450
|switch|p1a: Incineroar|Incineroar, L50, M|100/100
|-ability|p1a: Incineroar|Intimidate|boost
|-unboost|p2a: Archaludon|atk|1
|-unboost|p2b: Grimmsnarl|atk|1
|move|p2b: Grimmsnarl|Reflect|p2b: Grimmsnarl
|-sidestart|p2: xdi8723|Reflect
|move|p2a: Archaludon|Aura Sphere|p1b: Kingambit
|-supereffective|p1b: Kingambit|2
|-damage|p1b: Kingambit|0 fnt
|faint|p1b: Kingambit
|
|upkeep
|
|t:|1784933464
|switch|p1b: Sneasler|Sneasler, L50, M|100/100
|turn|2
|
|t:|1784933479
|move|p2b: Grimmsnarl|Parting Shot|p1b: Sneasler
|-unboost|p1b: Sneasler|atk|1
|-unboost|p1b: Sneasler|spa|1
|
|t:|1784933482
|switch|p2b: Pelipper|Pelipper, L50, M|100/100|[from] Parting Shot
|-weather|RainDance|[from] ability: Drizzle|[of] p2b: Pelipper
|move|p1b: Sneasler|Poison Jab|p2b: Pelipper
|-damage|p2b: Pelipper|78/100
|-status|p2b: Pelipper|psn
|move|p2a: Archaludon|Electro Shot||[still]
|-prepare|p2a: Archaludon|Electro Shot
|-boost|p2a: Archaludon|spa|1
|-anim|p2a: Archaludon|Electro Shot|p1b: Sneasler
|-damage|p1b: Sneasler|13/100
|move|p1a: Incineroar|Flare Blitz|p2b: Pelipper
|-resisted|p2b: Pelipper|1
|-damage|p2b: Pelipper|70/100 psn
|-damage|p1a: Incineroar|97/100|[from] Recoil
|
|-weather|RainDance|[upkeep]
|-damage|p2b: Pelipper|58/100 psn|[from] psn
|upkeep
|turn|3
|inactive|xdi8723 has 30 seconds left.
|inactive|uscorp has 30 seconds left.
|
|t:|1784933515
|switch|p1a: Sinistcha|Sinistcha, L50|100/100
|-heal|p1b: Sneasler|38/100|[from] ability: Hospitality|[of] p1a: Sinistcha
|move|p1b: Sneasler|Close Combat|p2a: Archaludon
|-supereffective|p2a: Archaludon|1
|-damage|p2a: Archaludon|55/100
|-unboost|p1b: Sneasler|def|1
|-unboost|p1b: Sneasler|spd|1
|-ability|p2a: Archaludon|Stamina|boost
|-boost|p2a: Archaludon|def|1
|move|p2a: Archaludon|Electro Shot||[still]
|-prepare|p2a: Archaludon|Electro Shot
|-boost|p2a: Archaludon|spa|1
|-anim|p2a: Archaludon|Electro Shot|p1a: Sinistcha
|-resisted|p1a: Sinistcha|1
|-damage|p1a: Sinistcha|53/100
|move|p2b: Pelipper|Weather Ball|p1a: Sinistcha
|-resisted|p1a: Sinistcha|1
|-damage|p1a: Sinistcha|25/100
|
|-weather|RainDance|[upkeep]
|-heal|p2a: Archaludon|61/100|[from] item: Leftovers
|-damage|p2b: Pelipper|46/100 psn|[from] psn
|upkeep
|-enditem|p2b: Pelipper|Sitrus Berry|[eat]
|-heal|p2b: Pelipper|70/100 psn|[from] item: Sitrus Berry
|turn|4
|inactive|uscorp has 30 seconds left.
|inactive|xdi8723 has 30 seconds left.
|inactive|xdi8723 has 20 seconds left.
|
|t:|1784933552
|switch|p2b: Grimmsnarl|Grimmsnarl, L50, M|100/100
|move|p1b: Sneasler|Close Combat|p2a: Archaludon
|-supereffective|p2a: Archaludon|1
|-damage|p2a: Archaludon|32/100
|-unboost|p1b: Sneasler|def|1
|-unboost|p1b: Sneasler|spd|1
|-ability|p2a: Archaludon|Stamina|boost
|-boost|p2a: Archaludon|def|1
|move|p2a: Archaludon|Electro Shot||[still]
|-prepare|p2a: Archaludon|Electro Shot
|-boost|p2a: Archaludon|spa|1
|-anim|p2a: Archaludon|Electro Shot|p1b: Sneasler
|-damage|p1b: Sneasler|0 fnt
|faint|p1b: Sneasler
|move|p1a: Sinistcha|Matcha Gotcha|p2b: Grimmsnarl|[spread] p2a,p2b
|-resisted|p2a: Archaludon|2
|-damage|p2a: Archaludon|26/100
|-heal|p1a: Sinistcha|28/100|[from] drain|[of] p2a: Archaludon
|-damage|p2b: Grimmsnarl|79/100
|-heal|p1a: Sinistcha|40/100|[from] drain|[of] p2b: Grimmsnarl
|-status|p2a: Archaludon|brn
|-status|p2b: Grimmsnarl|brn
|-ability|p2a: Archaludon|Stamina|boost
|-boost|p2a: Archaludon|def|1
|
|-weather|RainDance|[upkeep]
|-heal|p2a: Archaludon|32/100 brn|[from] item: Leftovers
|-damage|p2a: Archaludon|26/100 brn|[from] brn
|-damage|p2b: Grimmsnarl|73/100 brn|[from] brn
|upkeep
|inactive|uscorp has 30 seconds left.
|
|t:|1784933581
|switch|p1b: Incineroar|Incineroar, L50, M|97/100
|-ability|p1b: Incineroar|Intimidate|boost
|-unboost|p2a: Archaludon|atk|1
|-unboost|p2b: Grimmsnarl|atk|1
|turn|5
|
|t:|1784933592
|move|p1b: Incineroar|Fake Out|p2a: Archaludon
|-resisted|p2a: Archaludon|1
|-damage|p2a: Archaludon|25/100 brn
|-ability|p2a: Archaludon|Stamina|boost
|-boost|p2a: Archaludon|def|1
|cant|p2a: Archaludon|flinch
|move|p2b: Grimmsnarl|Spirit Break|p1a: Sinistcha
|-damage|p1a: Sinistcha|33/100
|-unboost|p1a: Sinistcha|spa|1
|move|p1a: Sinistcha|Trick Room|p1a: Sinistcha
|-fieldstart|move: Trick Room|[of] p1a: Sinistcha
|
|-weather|RainDance|[upkeep]
|-heal|p2a: Archaludon|31/100 brn|[from] item: Leftovers
|-damage|p2b: Grimmsnarl|67/100 brn|[from] brn
|-damage|p2a: Archaludon|25/100 brn|[from] brn
|upkeep
|turn|6
|inactive|uscorp has 30 seconds left.
|inactive|xdi8723 has 30 seconds left.
|
|t:|1784933625
|move|p2b: Grimmsnarl|Light Screen|p2b: Grimmsnarl
|-sidestart|p2: xdi8723|move: Light Screen
|move|p1b: Incineroar|Parting Shot|p2a: Archaludon
|-unboost|p2a: Archaludon|atk|1
|-unboost|p2a: Archaludon|spa|1
|move|p1a: Sinistcha|Matcha Gotcha|p2b: Grimmsnarl|[spread] p2a,p2b
|-resisted|p2a: Archaludon|2
|-damage|p2a: Archaludon|22/100 brn
|-heal|p1a: Sinistcha|35/100|[from] drain|[of] p2a: Archaludon
|-damage|p2b: Grimmsnarl|55/100 brn
|-heal|p1a: Sinistcha|42/100|[from] drain|[of] p2b: Grimmsnarl
|-ability|p2a: Archaludon|Stamina|boost
|-boost|p2a: Archaludon|def|1
|move|p2a: Archaludon|Aura Sphere|p1b: Incineroar
|-supereffective|p1b: Incineroar|1
|-damage|p1b: Incineroar|9/100
|-enditem|p1b: Incineroar|Sitrus Berry|[eat]
|-heal|p1b: Incineroar|34/100|[from] item: Sitrus Berry
|
|-weather|none
|-heal|p2a: Archaludon|28/100 brn|[from] item: Leftovers
|-damage|p2b: Grimmsnarl|50/100y brn|[from] brn
|-damage|p2a: Archaludon|22/100 brn|[from] brn
|upkeep
|turn|7
|inactive|uscorp has 30 seconds left.
|inactive|xdi8723 has 30 seconds left.
|inactive|xdi8723 has 20 seconds left.
|
|t:|1784933661
|move|p2b: Grimmsnarl|Parting Shot|p1a: Sinistcha
|-unboost|p1a: Sinistcha|atk|1
|-unboost|p1a: Sinistcha|spa|1
|
|t:|1784933665
|switch|p2b: Pelipper|Pelipper, L50, M|70/100 psn|[from] Parting Shot
|-weather|RainDance|[from] ability: Drizzle|[of] p2b: Pelipper
|move|p1b: Incineroar|Flare Blitz|p2a: Archaludon
|-damage|p2a: Archaludon|19/100 brn
|-ability|p2a: Archaludon|Stamina|boost
|-boost|p2a: Archaludon|def|1
|-damage|p1b: Incineroar|33/100|[from] Recoil
|move|p1a: Sinistcha|Matcha Gotcha|p2b: Pelipper|[spread] p2a,p2b
|-resisted|p2a: Archaludon|2
|-crit|p2a: Archaludon
|-damage|p2a: Archaludon|8/100 brn
|-heal|p1a: Sinistcha|48/100|[from] drain|[of] p2a: Archaludon
|-damage|p2b: Pelipper|59/100 psn
|-heal|p1a: Sinistcha|53/100|[from] drain|[of] p2b: Pelipper
|move|p2a: Archaludon|Aura Sphere|p1b: Incineroar
|-supereffective|p1b: Incineroar|1
|-damage|p1b: Incineroar|0 fnt
|faint|p1b: Incineroar
|
|-weather|RainDance|[upkeep]
|-heal|p2a: Archaludon|14/100 brn|[from] item: Leftovers
|-damage|p2b: Pelipper|47/100 psn|[from] psn
|-damage|p2a: Archaludon|8/100 brn|[from] brn
|upkeep
|turn|8
|inactive|uscorp has 30 seconds left.
|inactive|xdi8723 has 30 seconds left.
|
|t:|1784933698
|move|p1a: Sinistcha|Protect|p1a: Sinistcha
|-singleturn|p1a: Sinistcha|Protect
|move|p2b: Pelipper|Hurricane|p1a: Sinistcha
|-activate|p1a: Sinistcha|move: Protect
|move|p2a: Archaludon|Flash Cannon|p1a: Sinistcha
|-activate|p1a: Sinistcha|move: Protect
|
|-weather|RainDance|[upkeep]
|-heal|p2a: Archaludon|14/100 brn|[from] item: Leftovers
|-damage|p2b: Pelipper|35/100 psn|[from] psn
|-damage|p2a: Archaludon|8/100 brn|[from] brn
|-sideend|p2: xdi8723|Reflect
|upkeep
|turn|9
|
|t:|1784933713
|move|p1a: Sinistcha|Matcha Gotcha|p2b: Pelipper|[spread] p2a
|-miss|p1a: Sinistcha|p2b: Pelipper
|-resisted|p2a: Archaludon|2
|-damage|p2a: Archaludon|6/100 brn
|-heal|p1a: Sinistcha|54/100|[from] drain|[of] p2a: Archaludon
|move|p2b: Pelipper|Hurricane|p1a: Sinistcha
|-supereffective|p1a: Sinistcha|1
|-damage|p1a: Sinistcha|0 fnt
|faint|p1a: Sinistcha
|
|win|xdi8723
|inactive|uscorp has 30 seconds to confirm battle start!
|inactive|xdi8723 has 30 seconds to confirm battle start!
||xdi8723 is ready for game 2.
||uscorp is ready for game 2.
|uhtml|next|Next: Game 2 of 3
