|j|☆noexperiencesorry
|j|☆ineverfinishedOR
|html|noexperiencesorryineverfinishedOR    
|uhtml|bestof|Game 2 of a best-of-3
|t:|1756417534
|gametype|doubles
|player|p1|noexperiencesorry|170|1183
|player|p2|ineverfinishedOR|2|1284
|gen|9
|tier|[Gen 9] VGC 2025 Reg H (Bo3)
|rated|
|rule|Species Clause: Limit one of each Pokémon
|rule|Item Clause: Limit 1 of each item
|clearpoke
|poke|p1|Dragonite, L50, F|
|poke|p1|Ursaluna-Bloodmoon, L50, M|
|poke|p1|Annihilape, L50, F|
|poke|p1|Volcarona, L50, F|
|poke|p1|Rillaboom, L50, F|
|poke|p1|Incineroar, L50, M|
|poke|p2|Indeedee-F, L50, F|
|poke|p2|Delphox, L50, M|
|poke|p2|Sneasler, L50, F|
|poke|p2|Incineroar, L50, F|
|poke|p2|Murkrow, L50, F|
|poke|p2|Maushold, L50|
|teampreview|4
|showteam|p1|Dragonite||LoadedDice|Multiscale|Protect,ScaleShot,Tailwind,Haze|||F|||50|,,,,,Fairy]Ursaluna-Bloodmoon||FocusSash|MindsEye|Protect,BloodMoon,EarthPower,HyperVoice|||M|||50|,,,,,Normal]Annihilape||LumBerry|Defiant|Coaching,RageFist,CloseCombat,Taunt|||F|||50|,,,,,Fire]Volcarona||CovertCloak|FlameBody|Protect,QuiverDance,HeatWave,TeraBlast|||F|||50|,,,,,Fairy]Rillaboom||AssaultVest|GrassySurge|FakeOut,WoodHammer,GrassyGlide,HighHorsepower|||F|||50|,,,,,Fire]Incineroar||SafetyGoggles|Intimidate|FakeOut,PartingShot,FlareBlitz,KnockOff|||M|||50|,,,,,Ghost
|showteam|p2|Indeedee-F||RockyHelmet|PsychicSurge|FollowMe,HelpingHand,Imprison,TrickRoom|||F|||50|,,,,,Fairy]Delphox||LifeOrb|Blaze|Protect,NastyPlot,HeatWave,ExpandingForce|||M|||50|,,,,,Psychic]Sneasler||PsychicSeed|Unburden|Protect,CloseCombat,DireClaw,ThroatChop|||F|||50|,,,,,Dark]Incineroar||SafetyGoggles|Intimidate|FakeOut,WillOWisp,KnockOff,PartingShot|||F|||50|,,,,,Ghost]Murkrow||Eviolite|Prankster|FoulPlay,SunnyDay,Haze,Tailwind|||F|||50|,,,,,Ghost]Maushold||WideLens|Technician|Protect,PopulationBomb,Encore,Taunt||||||50|,,,,,Normal
|
|t:|1756417559
|teamsize|p1|4
|teamsize|p2|4
|start
|switch|p1a: Annihilape|Annihilape, L50, F, shiny|100/100
|switch|p1b: Ursaluna|Ursaluna-Bloodmoon, L50, M|100/100
|switch|p2a: Incineroar|Incineroar, L50, F|100/100
|switch|p2b: Delphox|Delphox, L50, M|100/100
|-ability|p2a: Incineroar|Intimidate|boost
|-unboost|p1a: Annihilape|atk|1
|-ability|p1a: Annihilape|Defiant|boost
|-boost|p1a: Annihilape|atk|2
|-unboost|p1b: Ursaluna|atk|1
|turn|1
|
|t:|1756417606
|-terastallize|p1a: Annihilape|Fire
|move|p2b: Delphox|Protect|p2b: Delphox
|-singleturn|p2b: Delphox|Protect
|move|p1a: Annihilape|Rage Fist|p2b: Delphox
|-activate|p2b: Delphox|move: Protect
|move|p1b: Ursaluna|Hyper Voice|p2a: Incineroar|[spread] p2a
|-activate|p2b: Delphox|move: Protect
|-damage|p2a: Incineroar|66/100
|move|p2a: Incineroar|Knock Off|p1a: Annihilape
|-damage|p1a: Annihilape|58/100
|-enditem|p1a: Annihilape|Lum Berry|[from] move: Knock Off|[of] p2a: Incineroar
|
|upkeep
|turn|2
|
|t:|1756417631
|switch|p2a: Indeedee|Indeedee-F, L50, F|100/100
|-fieldstart|move: Psychic Terrain|[from] ability: Psychic Surge|[of] p2a: Indeedee
|-terastallize|p2b: Delphox|Psychic
|move|p2b: Delphox|Expanding Force|p1a: Annihilape|[spread] p1a,p1b
|-damage|p1a: Annihilape|0 fnt
|-enditem|p1b: Ursaluna|Focus Sash
|-damage|p1b: Ursaluna|1/100
|faint|p1a: Annihilape
|-damage|p2b: Delphox|90/100|[from] item: Life Orb
|move|p1b: Ursaluna|Blood Moon|p2b: Delphox
|-damage|p2b: Delphox|6/100
|
|upkeep
|
|t:|1756417652
|switch|p1a: Rillaboom|Rillaboom, L50, F, shiny|100/100
|-fieldstart|move: Grassy Terrain|[from] ability: Grassy Surge|[of] p1a: Rillaboom
|turn|3
|
|t:|1756417669
|switch|p1b: Incineroar|Incineroar, L50, M, shiny|100/100
|-ability|p1b: Incineroar|Intimidate|boost
|-unboost|p2a: Indeedee|atk|1
|-unboost|p2b: Delphox|atk|1
|switch|p2a: Incineroar|Incineroar, L50, F|66/100
|-ability|p2a: Incineroar|Intimidate|boost
|-unboost|p1a: Rillaboom|atk|1
|-unboost|p1b: Incineroar|atk|1
|move|p2b: Delphox|Protect|p2b: Delphox
|-singleturn|p2b: Delphox|Protect
|move|p1a: Rillaboom|High Horsepower|p2a: Incineroar
|-supereffective|p2a: Incineroar
|-damage|p2a: Incineroar|34/100
|
|-heal|p2b: Delphox|12/100|[from] Grassy Terrain
|-heal|p2a: Incineroar|40/100|[from] Grassy Terrain
|upkeep
|turn|4
|
|t:|1756417696
|switch|p2b: Indeedee|Indeedee-F, L50, F|100/100
|-fieldstart|move: Psychic Terrain|[from] ability: Psychic Surge|[of] p2b: Indeedee
|move|p1a: Rillaboom|Grassy Glide|p2b: Indeedee
|-damage|p2b: Indeedee|84/100
|-damage|p1a: Rillaboom|84/100|[from] item: Rocky Helmet|[of] p2b: Indeedee
|move|p1b: Incineroar|Knock Off|p2b: Indeedee
|-supereffective|p2b: Indeedee
|-damage|p2b: Indeedee|32/100
|-damage|p1b: Incineroar|84/100|[from] item: Rocky Helmet|[of] p2b: Indeedee
|-enditem|p2b: Indeedee|Rocky Helmet|[from] move: Knock Off|[of] p1b: Incineroar
|move|p2a: Incineroar|Knock Off|p1a: Rillaboom
|-damage|p1a: Rillaboom|48/100
|-enditem|p1a: Rillaboom|Assault Vest|[from] move: Knock Off|[of] p2a: Incineroar
|
|upkeep
|turn|5
|
|t:|1756417728
|switch|p1b: Ursaluna|Ursaluna-Bloodmoon, L50, M|1/100
|move|p2b: Indeedee|Follow Me|p2b: Indeedee
|-singleturn|p2b: Indeedee|move: Follow Me
|move|p1a: Rillaboom|High Horsepower|p2b: Indeedee
|-damage|p2b: Indeedee|12/100
|move|p2a: Incineroar|Parting Shot|p1a: Rillaboom
|-unboost|p1a: Rillaboom|atk|1
|-unboost|p1a: Rillaboom|spa|1
|
|t:|1756417739
|switch|p2a: Delphox|Delphox, L50, M, tera:Psychic|12/100|[from] Parting Shot
|
|upkeep
|turn|6
|
|t:|1756417754
|switch|p1a: Incineroar|Incineroar, L50, M, shiny|84/100
|-ability|p1a: Incineroar|Intimidate|boost
|-unboost|p2a: Delphox|atk|1
|-unboost|p2b: Indeedee|atk|1
|switch|p2b: Sneasler|Sneasler, L50, F|100/100
|-enditem|p2b: Sneasler|Psychic Seed
|-boost|p2b: Sneasler|spd|1|[from] item: Psychic Seed
|move|p1b: Ursaluna|Protect|p1b: Ursaluna
|-singleturn|p1b: Ursaluna|Protect
|move|p2a: Delphox|Expanding Force|p1a: Incineroar|[spread] 
|-activate|p1b: Ursaluna|move: Protect
|-immune|p1a: Incineroar
|
|upkeep
|turn|7
|
|t:|1756417775
|switch|p1b: Rillaboom|Rillaboom, L50, F, shiny|48/100
|-fieldstart|move: Grassy Terrain|[from] ability: Grassy Surge|[of] p1b: Rillaboom
|move|p2b: Sneasler|Close Combat|p1a: Incineroar
|-supereffective|p1a: Incineroar
|-damage|p1a: Incineroar|0 fnt
|-unboost|p2b: Sneasler|def|1
|-unboost|p2b: Sneasler|spd|1
|faint|p1a: Incineroar
|move|p2a: Delphox|Expanding Force|p1b: Rillaboom
|-damage|p1b: Rillaboom|0 fnt
|faint|p1b: Rillaboom
|-damage|p2a: Delphox|2/100|[from] item: Life Orb
|
|-heal|p2a: Delphox|8/100|[from] Grassy Terrain
|upkeep
|c|☆noexperiencesorry|gg
|c|☆noexperiencesorry|nice team
|
|t:|1756417787
|switch|p1b: Ursaluna|Ursaluna-Bloodmoon, L50, M|1/100
|turn|8
|
|t:|1756417794
|move|p2b: Sneasler|Close Combat|p1b: Ursaluna
|-supereffective|p1b: Ursaluna
|-damage|p1b: Ursaluna|0 fnt
|-unboost|p2b: Sneasler|def|1
|-unboost|p2b: Sneasler|spd|1
|faint|p1b: Ursaluna
|
|win|ineverfinishedOR
|raw|noexperiencesorry's rating: 1183 → 1165(-18 for losing)
|raw|ineverfinishedOR's rating: 1284 → 1302(+18 for winning)
|l|☆ineverfinishedOR
|player|p2|
|j|☆ineverfinishedOR
|player|p2|ineverfinishedOR|2|
|l|☆noexperiencesorry
|player|p1|
