|j|☆mario16172005
|j|☆Zaiistired
|html|mario16172005Zaiistired    
|uhtml|bestof|Game 3 of a best-of-3
|t:|1756417162
|gametype|doubles
|player|p1|mario16172005|workerice|1169
|player|p2|Zaiistired|pokemonbreeder-gen4|1127
|gen|9
|tier|[Gen 9] VGC 2025 Reg H (Bo3)
|rated|
|rule|Species Clause: Limit one of each Pokémon
|rule|Item Clause: Limit 1 of each item
|clearpoke
|poke|p1|Excadrill, L50, F|
|poke|p1|Tyranitar, L50, M|
|poke|p1|Dragonite, L50, F|
|poke|p1|Indeedee-F, L50, F|
|poke|p1|Gholdengo, L50|
|poke|p1|Sneasler, L50, F|
|poke|p2|Baxcalibur, L50, F|
|poke|p2|Annihilape, L50, M|
|poke|p2|Gholdengo, L50|
|poke|p2|Rillaboom, L50, F|
|poke|p2|Incineroar, L50, F|
|poke|p2|Electabuzz, L50, M|
|teampreview|4
|showteam|p1|Excadrill||FocusSash|SandRush|Earthquake,HighHorsepower,IronHead,Protect|||F|||50|,,,,,Stellar]Tyranitar||AssaultVest|SandStream|KnockOff,RockSlide,LowKick,TeraBlast|||M|||50|,,,,,Flying]Dragonite||LoadedDice|Multiscale|ScaleShot,Tailwind,Haze,Protect|||F|||50|,,,,,Fairy]Indeedee-F||PsychicSeed|PsychicSurge|Psychic,Imprison,TrickRoom,Protect|||F|||50|,,,,,Psychic]Gholdengo||LifeOrb|GoodasGold|MakeItRain,ShadowBall,NastyPlot,Protect||||||50|,,,,,Water]Sneasler||WhiteHerb|Unburden|DireClaw,CloseCombat,Coaching,FakeOut|||F|||50|,,,,,Flying
|showteam|p2|Baxcalibur||LoadedDice|ThermalExchange|IcicleSpear,ScaleShot,HighHorsepower,Protect|||F|||50|,,,,,Ghost]Annihilape||FocusSash|Defiant|RageFist,CloseCombat,Coaching,Protect|||M|||50|,,,,,Stellar]Gholdengo||GrassySeed|GoodasGold|MakeItRain,ShadowBall,NastyPlot,Protect||||||50|,,,,,Water]Rillaboom||AssaultVest|GrassySurge|FakeOut,GrassyGlide,WoodHammer,HighHorsepower|||F|||50|,,,,,Fire]Incineroar||SafetyGoggles|Intimidate|FakeOut,FlareBlitz,KnockOff,PartingShot|||F|||50|,,,,,Ghost]Electabuzz||Eviolite|VitalSpirit|Electroweb,FollowMe,Taunt,Protect|||M|||50|,,,,,Fairy
|
|t:|1756417183
|teamsize|p1|4
|teamsize|p2|4
|start
|switch|p1a: Sneasler|Sneasler, L50, F|100/100
|switch|p1b: Tyranitar|Tyranitar, L50, M, shiny|100/100
|switch|p2a: Gholdengo|Gholdengo, L50, shiny|100/100
|switch|p2b: Rillaboom|Rillaboom, L50, F|100/100
|-fieldstart|move: Grassy Terrain|[from] ability: Grassy Surge|[of] p2b: Rillaboom
|-enditem|p2a: Gholdengo|Grassy Seed
|-boost|p2a: Gholdengo|def|1|[from] item: Grassy Seed
|-weather|Sandstorm|[from] ability: Sand Stream|[of] p1b: Tyranitar
|turn|1
|
|t:|1756417235
|-terastallize|p2a: Gholdengo|Water
|move|p1a: Sneasler|Fake Out|p2b: Rillaboom
|-damage|p2b: Rillaboom|88/100
|move|p2a: Gholdengo|Nasty Plot|p2a: Gholdengo
|-boost|p2a: Gholdengo|spa|2
|cant|p2b: Rillaboom|flinch
|move|p1b: Tyranitar|Knock Off|p2a: Gholdengo
|-damage|p2a: Gholdengo|78/100
|
|-weather|Sandstorm|[upkeep]
|-damage|p1a: Sneasler|95/100|[from] Sandstorm
|-damage|p2a: Gholdengo|72/100|[from] Sandstorm
|-damage|p2b: Rillaboom|81/100|[from] Sandstorm
|-heal|p1a: Sneasler|100/100|[from] Grassy Terrain
|-heal|p2a: Gholdengo|78/100|[from] Grassy Terrain
|-heal|p2b: Rillaboom|88/100|[from] Grassy Terrain
|upkeep
|turn|2
|
|t:|1756417265
|switch|p2b: Incineroar|Incineroar, L50, F|100/100
|-ability|p2b: Incineroar|Intimidate|boost
|-unboost|p1a: Sneasler|atk|1
|-unboost|p1b: Tyranitar|atk|1
|-enditem|p1a: Sneasler|White Herb
|-clearnegativeboost|p1a: Sneasler|[silent]
|switch|p1b: Dragonite|Dragonite, L50, F|100/100
|move|p1a: Sneasler|Close Combat|p2a: Gholdengo
|-damage|p2a: Gholdengo|41/100
|-unboost|p1a: Sneasler|def|1
|-unboost|p1a: Sneasler|spd|1
|move|p2a: Gholdengo|Make It Rain|p1a: Sneasler|[spread] p1a,p1b
|-damage|p1a: Sneasler|0 fnt
|-damage|p1b: Dragonite|51/100
|-unboost|p2a: Gholdengo|spa|1
|faint|p1a: Sneasler
|
|-weather|Sandstorm|[upkeep]
|-damage|p1b: Dragonite|45/100|[from] Sandstorm
|-damage|p2a: Gholdengo|34/100|[from] Sandstorm
|-heal|p2a: Gholdengo|41/100|[from] Grassy Terrain
|upkeep
|
|t:|1756417282
|switch|p1a: Excadrill|Excadrill, L50, F|100/100
|turn|3
|
|t:|1756417312
|-terastallize|p1a: Excadrill|Stellar
|move|p2b: Incineroar|Fake Out|p1b: Dragonite
|-damage|p1b: Dragonite|33/100
|move|p1a: Excadrill|Earthquake|p2a: Gholdengo|[spread] p2a,p2b
|-immune|p1b: Dragonite
|-supereffective|p2b: Incineroar
|-damage|p2a: Gholdengo|20/100
|-damage|p2b: Incineroar|46/100
|cant|p1b: Dragonite|flinch
|move|p2a: Gholdengo|Shadow Ball|p1a: Excadrill
|-damage|p1a: Excadrill|19/100
|
|-weather|Sandstorm|[upkeep]
|-damage|p1b: Dragonite|27/100|[from] Sandstorm
|-damage|p2a: Gholdengo|14/100|[from] Sandstorm
|-heal|p1a: Excadrill|25/100|[from] Grassy Terrain
|-heal|p2a: Gholdengo|20/100|[from] Grassy Terrain
|-heal|p2b: Incineroar|52/100|[from] Grassy Terrain
|upkeep
|turn|4
|
|t:|1756417341
|switch|p2b: Rillaboom|Rillaboom, L50, F|88/100
|move|p2a: Gholdengo|Protect|p2a: Gholdengo
|-singleturn|p2a: Gholdengo|Protect
|move|p1a: Excadrill|Earthquake|p2a: Gholdengo|[spread] p2b
|-activate|p2a: Gholdengo|move: Protect
|-immune|p1b: Dragonite
|-resisted|p2b: Rillaboom
|-crit|p2b: Rillaboom
|-damage|p2b: Rillaboom|71/100
|move|p1b: Dragonite|Scale Shot|p2b: Rillaboom
|-damage|p2b: Rillaboom|57/100
|-damage|p2b: Rillaboom|43/100
|-damage|p2b: Rillaboom|31/100
|-damage|p2b: Rillaboom|17/100
|-damage|p2b: Rillaboom|5/100
|-hitcount|p2b: Rillaboom|5
|-unboost|p1b: Dragonite|def|1
|-boost|p1b: Dragonite|spe|1
|
|-weather|Sandstorm|[upkeep]
|-damage|p1b: Dragonite|21/100|[from] Sandstorm
|-damage|p2a: Gholdengo|14/100|[from] Sandstorm
|-damage|p2b: Rillaboom|0 fnt|[from] Sandstorm
|faint|p2b: Rillaboom
|-heal|p1a: Excadrill|31/100|[from] Grassy Terrain
|-heal|p2a: Gholdengo|20/100|[from] Grassy Terrain
|upkeep
|
|t:|1756417364
|switch|p2b: Incineroar|Incineroar, L50, F|52/100
|-ability|p2b: Incineroar|Intimidate|boost
|-unboost|p1a: Excadrill|atk|1
|-unboost|p1b: Dragonite|atk|1
|turn|5
|
|t:|1756417382
|move|p1a: Excadrill|Protect|p1a: Excadrill
|-singleturn|p1a: Excadrill|Protect
|move|p1b: Dragonite|Protect|p1b: Dragonite
|-singleturn|p1b: Dragonite|Protect
|move|p2b: Incineroar|Fake Out|p1b: Dragonite
|-activate|p1b: Dragonite|move: Protect
|move|p2a: Gholdengo|Make It Rain|p1b: Dragonite|[spread] 
|-activate|p1a: Excadrill|move: Protect
|-activate|p1b: Dragonite|move: Protect
|
|-weather|none
|-heal|p1a: Excadrill|37/100|[from] Grassy Terrain
|-heal|p2a: Gholdengo|26/100|[from] Grassy Terrain
|-heal|p2b: Incineroar|58/100|[from] Grassy Terrain
|-fieldend|move: Grassy Terrain
|upkeep
|turn|6
|
|t:|1756417414
|move|p2a: Gholdengo|Protect|p2a: Gholdengo
|-singleturn|p2a: Gholdengo|Protect
|move|p1b: Dragonite|Scale Shot|p2b: Incineroar
|-damage|p2b: Incineroar|50/100
|-damage|p2b: Incineroar|41/100
|-damage|p2b: Incineroar|32/100
|-damage|p2b: Incineroar|22/100
|-hitcount|p2b: Incineroar|4
|-unboost|p1b: Dragonite|def|1
|-boost|p1b: Dragonite|spe|1
|move|p1a: Excadrill|Earthquake|p2a: Gholdengo|[spread] p2b
|-activate|p2a: Gholdengo|move: Protect
|-immune|p1b: Dragonite
|-supereffective|p2b: Incineroar
|-damage|p2b: Incineroar|0 fnt
|faint|p2b: Incineroar
|
|upkeep
|
|t:|1756417430
|switch|p2b: Baxcalibur|Baxcalibur, L50, F, shiny|100/100
|turn|7
|
|t:|1756417454
|move|p1b: Dragonite|Scale Shot|p2a: Gholdengo
|-damage|p2a: Gholdengo|20/100
|-damage|p2a: Gholdengo|14/100
|-damage|p2a: Gholdengo|7/100
|-damage|p2a: Gholdengo|0 fnt
|faint|p2a: Gholdengo
|-hitcount|p2: Gholdengo|4
|-unboost|p1b: Dragonite|def|1
|-boost|p1b: Dragonite|spe|1
|move|p1a: Excadrill|Earthquake|p2b: Baxcalibur|[spread] p2b
|-immune|p1b: Dragonite
|-crit|p2b: Baxcalibur
|-damage|p2b: Baxcalibur|47/100
|move|p2b: Baxcalibur|Icicle Spear|p1b: Dragonite
|-supereffective|p1b: Dragonite
|-damage|p1b: Dragonite|0 fnt
|faint|p1b: Dragonite
|-hitcount|p1: Dragonite|1
|
|upkeep
|
|t:|1756417470
|switch|p1b: Tyranitar|Tyranitar, L50, M, shiny|100/100
|-weather|Sandstorm|[from] ability: Sand Stream|[of] p1b: Tyranitar
|turn|8
|
|t:|1756417512
|move|p1a: Excadrill|Iron Head|p2b: Baxcalibur
|-supereffective|p2b: Baxcalibur
|-damage|p2b: Baxcalibur|0 fnt
|faint|p2b: Baxcalibur
|
|win|mario16172005
|raw|mario16172005's rating: 1169 → 1191(+22 for winning)
|raw|Zaiistired's rating: 1127 → 1105(-22 for losing)
|l|☆mario16172005
|player|p1|
