|j|â˜†ECarcas
|j|â˜†MinasDevilCrobats
|html|ECarcasMinasDevilCrobats    
|uhtml|bestof|Game 2 of a best-of-3
|t:|1756768572
|gametype|doubles
|player|p1|ECarcas|ethan|1113
|player|p2|MinasDevilCrobats|darach-caitlin|1213
|gen|9
|tier|[Gen 9] VGC 2025 Reg H (Bo3)
|rated|
|rule|Species Clause: Limit one of each PokÃ©mon
|rule|Item Clause: Limit 1 of each item
|clearpoke
|poke|p1|Pelipper, L50, F|
|poke|p1|Basculegion, L50, M|
|poke|p1|Archaludon, L50, M|
|poke|p1|Amoonguss, L50, M|
|poke|p1|Gholdengo, L50|
|poke|p1|Incineroar, L50, M|
|poke|p2|Ribombee, L50, M|
|poke|p2|Gholdengo, L50|
|poke|p2|Ursaluna-Bloodmoon, L50, M|
|poke|p2|Primarina, L50, F|
|poke|p2|Incineroar, L50, F|
|poke|p2|Rillaboom, L50, F|
|teampreview|4
|showteam|p1|Pelipper||FocusSash|Drizzle|Hurricane,WeatherBall,Tailwind,Protect|||F|||50|,,,,,Stellar]Basculegion||ChoiceBand|SwiftSwim|WaveCrash,LastRespects,FlipTurn,AquaJet|||M|||50|,,,,,Water]Archaludon||AssaultVest|Stamina|ElectroShot,FlashCannon,DracoMeteor,BodyPress|||M|||50|,,,,,Grass]Amoonguss||SitrusBerry|Regenerator|Spore,RagePowder,PollenPuff,Protect|||M|||50|,,,,,Dark]Gholdengo||LifeOrb|GoodasGold|MakeItRain,ShadowBall,NastyPlot,Protect||||||50|,,,,,Steel]Incineroar||SafetyGoggles|Intimidate|KnockOff,FakeOut,PartingShot,Taunt|||M|||50|,,,,,Bug
|showteam|p2|Ribombee||FocusSash|ShieldDust|Moonblast,PollenPuff,FakeTears,Tailwind|||M|||50|,,,,,Grass]Gholdengo||ChoiceSpecs|GoodasGold|MakeItRain,ShadowBall,Thunderbolt,Trick||||||50|,,,,,Steel]Ursaluna-Bloodmoon||LifeOrb|MindsEye|BloodMoon,HyperVoice,EarthPower,Protect|||M|||50|,,,,,Normal]Primarina||ThroatSpray|LiquidVoice|HyperVoice,Moonblast,WaterPledge,Protect|||F|||50|,,,,,Poison]Incineroar||SafetyGoggles|Intimidate|FakeOut,KnockOff,FlareBlitz,PartingShot|||F|||50|,,,,,Ghost]Rillaboom||AssaultVest|GrassySurge|WoodHammer,GrassyGlide,FakeOut,GrassPledge|||F|||50|,,,,,Fire
|
|t:|1756768599
|teamsize|p1|4
|teamsize|p2|4
|start
|switch|p1a: Incineroar|Incineroar, L50, M|100/100
|switch|p1b: Pelipper|Pelipper, L50, F|100/100
|switch|p2a: Ribombee|Ribombee, L50, M|100/100
|switch|p2b: Ursaluna|Ursaluna-Bloodmoon, L50, M|100/100
|-weather|RainDance|[from] ability: Drizzle|[of] p1b: Pelipper
|-ability|p1a: Incineroar|Intimidate|boost
|-unboost|p2a: Ribombee|atk|1
|-unboost|p2b: Ursaluna|atk|1
|turn|1
|
|t:|1756768631
|switch|p2b: Primarina|Primarina, L50, F|100/100
|move|p1a: Incineroar|Fake Out|p2b: Primarina
|-damage|p2b: Primarina|89/100
|move|p2a: Ribombee|Tailwind|p2a: Ribombee
|-sidestart|p2: MinasDevilCrobats|move: Tailwind
|move|p1b: Pelipper|Tailwind|p1b: Pelipper
|-sidestart|p1: ECarcas|move: Tailwind
|
|-weather|RainDance|[upkeep]
|upkeep
|turn|2
|
|t:|1756768662
|switch|p1a: Archaludon|Archaludon, L50, M|100/100
|move|p1b: Pelipper|Protect|p1b: Pelipper
|-singleturn|p1b: Pelipper|Protect
|move|p2a: Ribombee|Moonblast|p1b: Pelipper
|-activate|p1b: Pelipper|move: Protect
|move|p2b: Primarina|Hyper Voice|p1b: Pelipper|[spread] p1a
|-activate|p1b: Pelipper|move: Protect
|-resisted|p1a: Archaludon
|-damage|p1a: Archaludon|84/100
|-ability|p1a: Archaludon|Stamina|boost
|-boost|p1a: Archaludon|def|1
|-enditem|p2b: Primarina|Throat Spray
|-boost|p2b: Primarina|spa|1|[from] item: Throat Spray
|
|-weather|RainDance|[upkeep]
|upkeep
|turn|3
|
|t:|1756768697
|-terastallize|p2b: Primarina|Poison
|move|p2a: Ribombee|Fake Tears|p1a: Archaludon
|-unboost|p1a: Archaludon|spd|2
|move|p1b: Pelipper|Hurricane|p2b: Primarina
|-damage|p2b: Primarina|49/100
|-start|p2b: Primarina|confusion
|move|p1a: Archaludon|Electro Shot||[still]
|-prepare|p1a: Archaludon|Electro Shot
|-boost|p1a: Archaludon|spa|1
|-anim|p1a: Archaludon|Electro Shot|p2a: Ribombee
|-damage|p2a: Ribombee|9/100
|-activate|p2b: Primarina|confusion
|move|p2b: Primarina|Moonblast|p1a: Archaludon
|-damage|p1a: Archaludon|0 fnt
|faint|p1a: Archaludon
|
|-weather|RainDance|[upkeep]
|upkeep
|
|t:|1756768717
|switch|p1a: Incineroar|Incineroar, L50, M|100/100
|-ability|p1a: Incineroar|Intimidate|boost
|-unboost|p2a: Ribombee|atk|1
|-unboost|p2b: Primarina|atk|1
|turn|4
|
|t:|1756768746
|switch|p2a: Rillaboom|Rillaboom, L50, F|100/100
|-fieldstart|move: Grassy Terrain|[from] ability: Grassy Surge|[of] p2a: Rillaboom
|-activate|p2b: Primarina|confusion
|move|p2b: Primarina|Protect|p2b: Primarina
|-singleturn|p2b: Primarina|Protect
|move|p1a: Incineroar|Fake Out|p2a: Rillaboom
|-damage|p2a: Rillaboom|91/100
|move|p1b: Pelipper|Weather Ball|p2b: Primarina
|-activate|p2b: Primarina|move: Protect
|
|-weather|RainDance|[upkeep]
|-heal|p2a: Rillaboom|97/100|[from] Grassy Terrain
|-heal|p2b: Primarina|55/100|[from] Grassy Terrain
|-sideend|p2: MinasDevilCrobats|move: Tailwind
|-sideend|p1: ECarcas|move: Tailwind
|upkeep
|turn|5
|
|t:|1756768776
|-terastallize|p1a: Incineroar|Bug
|move|p2a: Rillaboom|Fake Out|p1b: Pelipper
|-damage|p1b: Pelipper|83/100
|cant|p1b: Pelipper|flinch
|-end|p2b: Primarina|confusion
|move|p2b: Primarina|Hyper Voice|p1a: Incineroar|[spread] p1a,p1b
|-resisted|p1b: Pelipper
|-damage|p1a: Incineroar|41/100
|-damage|p1b: Pelipper|20/100
|move|p1a: Incineroar|Knock Off|p2a: Rillaboom
|-damage|p2a: Rillaboom|59/100
|-enditem|p2a: Rillaboom|Assault Vest|[from] move: Knock Off|[of] p1a: Incineroar
|
|-weather|none
|-heal|p2a: Rillaboom|65/100|[from] Grassy Terrain
|-heal|p2b: Primarina|60/100|[from] Grassy Terrain
|-heal|p1a: Incineroar|47/100|[from] Grassy Terrain
|upkeep
|turn|6
|
|t:|1756768816
|switch|p1b: Basculegion|Basculegion, L50, M|100/100
|move|p2a: Rillaboom|Grassy Glide|p1b: Basculegion
|-supereffective|p1b: Basculegion
|-damage|p1b: Basculegion|13/100
|move|p2b: Primarina|Moonblast|p1a: Incineroar
|-damage|p1a: Incineroar|0 fnt
|faint|p1a: Incineroar
|
|-heal|p2a: Rillaboom|71/100|[from] Grassy Terrain
|-heal|p1b: Basculegion|19/100|[from] Grassy Terrain
|-heal|p2b: Primarina|66/100|[from] Grassy Terrain
|upkeep
|
|t:|1756768826
|switch|p1a: Pelipper|Pelipper, L50, F|20/100
|-weather|RainDance|[from] ability: Drizzle|[of] p1a: Pelipper
|turn|7
|
|t:|1756768854
|move|p2b: Primarina|Protect|p2b: Primarina
|-singleturn|p2b: Primarina|Protect
|move|p2a: Rillaboom|Grassy Glide|p1b: Basculegion
|-supereffective|p1b: Basculegion
|-damage|p1b: Basculegion|0 fnt
|faint|p1b: Basculegion
|move|p1a: Pelipper|Hurricane|p2a: Rillaboom
|-supereffective|p2a: Rillaboom
|-damage|p2a: Rillaboom|0 fnt
|faint|p2a: Rillaboom
|
|-weather|RainDance|[upkeep]
|-heal|p2b: Primarina|72/100|[from] Grassy Terrain
|upkeep
|
|t:|1756768863
|switch|p2a: Ursaluna|Ursaluna-Bloodmoon, L50, M|100/100
|turn|8
|
|t:|1756768870
|move|p1a: Pelipper|Weather Ball|p2a: Ursaluna
|-supereffective|p2a: Ursaluna
|-damage|p2a: Ursaluna|0 fnt
|faint|p2a: Ursaluna
|move|p2b: Primarina|Moonblast|p1a: Pelipper
|-damage|p1a: Pelipper|0 fnt
|faint|p1a: Pelipper
|
|win|MinasDevilCrobats
