|j|☆HumanPlaysVGC
|j|☆jjesper0508
|html|HumanPlaysVGCjjesper0508    
|uhtml|bestof|Game 1 of a best-of-3
|t:|1756496718
|gametype|doubles
|player|p1|HumanPlaysVGC|n-masters3|1045
|player|p2|jjesper0508|unknown|1000
|gen|9
|tier|[Gen 9] VGC 2025 Reg H (Bo3)
|rated|
|rule|Species Clause: Limit one of each Pokémon
|rule|Item Clause: Limit 1 of each item
|clearpoke
|poke|p1|Weezing-Galar, L50, M|
|poke|p1|Toedscruel, L50, M|
|poke|p1|Corviknight, L50, F|
|poke|p1|Incineroar, L50, F|
|poke|p1|Garchomp, L50, M|
|poke|p1|Indeedee, L50, M|
|poke|p2|Hydreigon, L50, F|
|poke|p2|Corviknight, L50, M|
|poke|p2|Mamoswine, L50, M|
|poke|p2|Cinderace, L50, F|
|poke|p2|Tauros-Paldea-Aqua, L50, M|
|poke|p2|Sinistcha, L50|
|teampreview|4
|showteam|p1|Weezing-Galar||SitrusBerry|NeutralizingGas|DazzlingGleam,SludgeBomb,Protect,Taunt|||M|||50|,,,,,Grass]Toedscruel||CovertCloak|MyceliumMight|Spore,RagePowder,EarthPower,AcidSpray|||M|||50|,,,,,Water]Corviknight||RockyHelmet|MirrorArmor|Tailwind,BraveBird,Protect,Roost|||F|||50|,,,,,Dragon]Incineroar||AbilityShield|Intimidate|FakeOut,KnockOff,PartingShot,Taunt|||F|||50|,,,,,Ghost]Garchomp||LifeOrb|RoughSkin|DragonClaw,Earthquake,Protect,StompingTantrum|||M|||50|,,,,,Ground]Indeedee||FocusSash|PsychicSurge|ExpandingForce,DazzlingGleam,Protect,TrickRoom|||M|||50|,,,,,Psychic
|showteam|p2|Hydreigon||LifeOrb|Levitate|DarkPulse,HeatWave,Protect,DracoMeteor|||F|||50|,,,,,Dark]Corviknight||SitrusBerry|MirrorArmor|Tailwind,Taunt,BraveBird,IronHead|||M|||50|,,,,,Dragon]Mamoswine||FocusSash|Oblivious|IceShard,IcicleCrash,HighHorsepower,Protect|||M|||50|,,,,,Ice]Cinderace||ClearAmulet|Libero|PyroBall,IronHead,Protect,SuckerPunch|||F|||50|,,,,,Fire]Tauros-Paldea-Aqua||MirrorHerb|Intimidate|AquaJet,CloseCombat,WaveCrash,Protect|||M|||50|,,,,,Grass]Sinistcha||Leftovers|Hospitality|RagePowder,LeafStorm,Protect,StunSpore||||||50|,,,,,Water
|
|t:|1756496799
|teamsize|p1|4
|teamsize|p2|4
|start
|switch|p1a: Garchomp|Garchomp, L50, M|100/100
|switch|p1b: Indeedee|Indeedee, L50, M|100/100
|switch|p2a: Corviknight|Corviknight, L50, M|100/100
|switch|p2b: Sinistcha|Sinistcha, L50|100/100
|-fieldstart|move: Psychic Terrain|[from] ability: Psychic Surge|[of] p1b: Indeedee
|turn|1
|
|t:|1756496830
|move|p2b: Sinistcha|Protect|p2b: Sinistcha
|-singleturn|p2b: Sinistcha|Protect
|move|p1a: Garchomp|Dragon Claw|p2b: Sinistcha
|-activate|p2b: Sinistcha|move: Protect
|move|p1b: Indeedee|Expanding Force|p2a: Corviknight|[spread] p2a
|-activate|p2b: Sinistcha|move: Protect
|-resisted|p2a: Corviknight
|-damage|p2a: Corviknight|77/100
|move|p2a: Corviknight|Tailwind|p2a: Corviknight
|-sidestart|p2: jjesper0508|move: Tailwind
|
|upkeep
|turn|2
|
|t:|1756496863
|move|p2a: Corviknight|Brave Bird|p1b: Indeedee
|-damage|p1b: Indeedee|8/100
|-damage|p2a: Corviknight|56/100|[from] Recoil
|move|p2b: Sinistcha|Leaf Storm|p1b: Indeedee
|-damage|p1b: Indeedee|0 fnt
|-unboost|p2b: Sinistcha|spa|2
|faint|p1b: Indeedee
|move|p1a: Garchomp|Dragon Claw|p2b: Sinistcha
|-damage|p2b: Sinistcha|43/100
|-damage|p1a: Garchomp|91/100|[from] item: Life Orb
|
|-heal|p2b: Sinistcha|49/100|[from] item: Leftovers
|upkeep
|
|t:|1756496877
|switch|p1b: Corviknight|Corviknight, L50, F|100/100
|turn|3
|
|t:|1756496890
|switch|p2b: Cinderace|Cinderace, L50, F|100/100
|move|p1a: Garchomp|Protect|p1a: Garchomp
|-singleturn|p1a: Garchomp|Protect
|move|p2a: Corviknight|Taunt|p1b: Corviknight
|-start|p1b: Corviknight|move: Taunt
|cant|p1b: Corviknight|move: Taunt|Tailwind
|
|upkeep
|turn|4
|
|t:|1756496912
|switch|p1b: Weezing|Weezing-Galar, L50, M|100/100
|-ability|p1b: Weezing|Neutralizing Gas
|move|p2b: Cinderace|Pyro Ball|p1b: Weezing
|-damage|p1b: Weezing|53/100
|move|p2a: Corviknight|Iron Head|p1a: Garchomp
|-damage|p1a: Garchomp|64/100
|move|p1a: Garchomp|Stomping Tantrum|p2b: Cinderace
|-supereffective|p2b: Cinderace
|-damage|p2b: Cinderace|0 fnt
|faint|p2b: Cinderace
|-damage|p1a: Garchomp|54/100|[from] item: Life Orb
|
|-sideend|p2: jjesper0508|move: Tailwind
|upkeep
|
|t:|1756496932
|switch|p2b: Sinistcha|Sinistcha, L50|49/100
|turn|5
|
|t:|1756496950
|move|p2b: Sinistcha|Protect|p2b: Sinistcha
|-singleturn|p2b: Sinistcha|Protect
|move|p1a: Garchomp|Dragon Claw|p2a: Corviknight
|-resisted|p2a: Corviknight
|-damage|p2a: Corviknight|30/100
|-enditem|p2a: Corviknight|Sitrus Berry|[eat]
|-heal|p2a: Corviknight|55/100|[from] item: Sitrus Berry
|-damage|p1a: Garchomp|45/100|[from] item: Life Orb
|move|p2a: Corviknight|Tailwind|p2a: Corviknight
|-sidestart|p2: jjesper0508|move: Tailwind
|move|p1b: Weezing|Taunt|p2b: Sinistcha
|-activate|p2b: Sinistcha|move: Protect
|
|-heal|p2b: Sinistcha|55/100|[from] item: Leftovers
|-fieldend|move: Psychic Terrain
|upkeep
|turn|6
|
|t:|1756496968
|move|p1a: Garchomp|Protect|p1a: Garchomp
|-singleturn|p1a: Garchomp|Protect
|move|p2a: Corviknight|Iron Head|p1b: Weezing
|-supereffective|p1b: Weezing
|-damage|p1b: Weezing|0 fnt
|faint|p1b: Weezing
|-end|p1b: Weezing|ability: Neutralizing Gas
|-heal|p2a: Corviknight|80/100|[from] ability: Hospitality|[of] p2b: Sinistcha
|move|p2b: Sinistcha|Leaf Storm|p1a: Garchomp
|-activate|p1a: Garchomp|move: Protect
|
|-heal|p2b: Sinistcha|61/100|[from] item: Leftovers
|upkeep
|
|t:|1756496973
|switch|p1b: Corviknight|Corviknight, L50, F|100/100
|turn|7
|
|t:|1756496986
|move|p2a: Corviknight|Taunt|p1b: Corviknight
|-start|p1b: Corviknight|move: Taunt
|move|p2b: Sinistcha|Leaf Storm|p1a: Garchomp
|-damage|p1a: Garchomp|0 fnt
|-unboost|p2b: Sinistcha|spa|2
|faint|p1a: Garchomp
|move|p1b: Corviknight|Brave Bird|p2b: Sinistcha
|-supereffective|p2b: Sinistcha
|-damage|p2b: Sinistcha|0 fnt
|faint|p2b: Sinistcha
|-damage|p1b: Corviknight|83/100|[from] Recoil
|
|upkeep
|
|t:|1756496999
|switch|p2b: Mamoswine|Mamoswine, L50, M|100/100
|turn|8
|
|t:|1756497013
|-terastallize|p2b: Mamoswine|Ice
|move|p2b: Mamoswine|Icicle Crash|p1b: Corviknight
|-damage|p1b: Corviknight|30/100
|move|p2a: Corviknight|Iron Head|p1b: Corviknight
|-resisted|p1b: Corviknight
|-damage|p1b: Corviknight|18/100
|-damage|p2a: Corviknight|64/100|[from] item: Rocky Helmet|[of] p1b: Corviknight
|move|p1b: Corviknight|Brave Bird|p2b: Mamoswine
|-damage|p2b: Mamoswine|50/100
|-damage|p1b: Corviknight|3/100|[from] Recoil
|
|-sideend|p2: jjesper0508|move: Tailwind
|upkeep
|turn|9
|
|t:|1756497028
|move|p2b: Mamoswine|Ice Shard|p1b: Corviknight
|-damage|p1b: Corviknight|0 fnt
|faint|p1b: Corviknight
|
|win|jjesper0508
||HumanPlaysVGC is ready for game 2.
|inactive|jjesper0508 has 30 seconds to confirm battle start!
|inactive|jjesper0508 has 20 seconds to confirm battle start!
|inactive|jjesper0508 has 10 seconds to confirm battle start!
|uhtml|next|Next: Game 2 of 3
|j| mirokartlivehc
|l| mirokartlivehc
|l|☆jjesper0508
|player|p2|
