|j|☆BigMamaGaming
|j|☆neuesspielzeug
|html|BigMamaGamingneuesspielzeug    
|uhtml|bestof|Game 1 of a best-of-3
|t:|1782503665
|gametype|doubles
|player|p1|BigMamaGaming|acetrainerf-gen4dp|1062
|player|p2|neuesspielzeug|265|1000
|gen|9
|tier|[Gen 9 Champions] VGC 2026 Reg M-B (Bo3)
|rated|
|rule|Species Clause: Limit one of each Pokémon
|rule|Item Clause: Limit 1 of each item
|clearpoke
|poke|p1|Mimikyu, L50, F|
|poke|p1|Dragonite, L50, M|
|poke|p1|Basculegion, L50, M|
|poke|p1|Garchomp, L50, F|
|poke|p1|Torkoal, L50, M|
|poke|p1|Sylveon, L50, M|
|poke|p2|Mawile, L50, M|
|poke|p2|Ninetales-Alola, L50, M|
|poke|p2|Manectric, L50, F|
|poke|p2|Hydreigon, L50, M|
|poke|p2|Garchomp, L50, M|
|poke|p2|Rotom-Wash, L50|
|teampreview|4
|showteam|p1|Mimikyu||MentalHerb|Disguise|TrickRoom,PlayRough,ShadowSneak,Protect|Adamant||F|||50|]Dragonite||Dragoninite|Multiscale|Protect,Hurricane,DracoMeteor,DragonPulse|Modest||M|||50|]Basculegion||ChoiceScarf|Adaptability|LastRespects,Protect,WaveCrash,Liquidation|Adamant||M|||50|]Garchomp||Garchompite|RoughSkin|Earthquake,RockSlide,Protect,DragonClaw|Adamant||F|||50|]Torkoal||Charcoal|Drought|Protect,WeatherBall,HeatWave,HelpingHand|Bold||M|||50|]Sylveon||FairyFeather|Pixilate|HyperVoice,Detect,QuickAttack,HyperBeam|Sassy||M|||50|
|showteam|p2|Mawile||Mawilite|Intimidate|PlayRough,IronHead,SuckerPunch,Protect|Adamant||M|||50|]Ninetales-Alola||ChoiceScarf|SnowCloak|Blizzard,FreezeDry,Moonblast,Psyshock|Modest||M|||50|]Manectric||Manectite|LightningRod|Snarl,VoltSwitch,Protect,Flamethrower|Timid||F|||50|]Hydreigon||FocusSash|Levitate|DracoMeteor,Protect,Taunt,DarkPulse|Timid||M|||50|]Garchomp||LifeOrb|RoughSkin|DragonClaw,Protect,RockSlide,Earthquake|Adamant||M|||50|]Rotom-Wash||SitrusBerry|Levitate|WillOWisp,Thunderbolt,HydroPump,Protect|Modest|||||50|
|
|t:|1782503724
|teamsize|p1|4
|teamsize|p2|4
|start
|switch|p1a: Basculegion|Basculegion, L50, M|100/100
|switch|p1b: Garchomp|Garchomp, L50, F|100/100
|switch|p2a: Mawile|Mawile, L50, M|100/100
|switch|p2b: Hydreigon|Hydreigon, L50, M|100/100
|-ability|p2a: Mawile|Intimidate|boost
|-unboost|p1a: Basculegion|atk|1
|-unboost|p1b: Garchomp|atk|1
|turn|1
|inactive|Battle timer is ON: inactive players will automatically lose when time's up. (requested by neuesspielzeug)
|inactive|BigMamaGaming has 60 seconds left.
|
|t:|1782503792
|switch|p2a: Rotom|Rotom-Wash, L50|100/100
|detailschange|p1b: Garchomp|Garchomp-Mega, L50, F
|-mega|p1b: Garchomp|Garchomp|Garchompite
|move|p1b: Garchomp|Protect|p1b: Garchomp
|-singleturn|p1b: Garchomp|Protect
|move|p1a: Basculegion|Wave Crash|p2a: Rotom
|-resisted|p2a: Rotom|1
|-damage|p2a: Rotom|69/100
|-damage|p1a: Basculegion|91/100|[from] Recoil
|move|p2b: Hydreigon|Dark Pulse|p1a: Basculegion
|-supereffective|p1a: Basculegion|1
|-damage|p1a: Basculegion|0 fnt
|faint|p1a: Basculegion
|
|upkeep
|
|t:|1782503806
|switch|p1a: Sylveon|Sylveon, L50, M|100/100
|turn|2
|inactive|neuesspielzeug has 30 seconds left.
|inactive|neuesspielzeug has 20 seconds left.
|
|t:|1782503841
|move|p2b: Hydreigon|Protect|p2b: Hydreigon
|-singleturn|p2b: Hydreigon|Protect
|move|p1a: Sylveon|Quick Attack|p2b: Hydreigon
|-activate|p2b: Hydreigon|move: Protect
|move|p1b: Garchomp|Dragon Claw|p2a: Rotom
|-damage|p2a: Rotom|31/100
|-enditem|p2a: Rotom|Sitrus Berry|[eat]
|-heal|p2a: Rotom|56/100|[from] item: Sitrus Berry
|move|p2a: Rotom|Thunderbolt|p1a: Sylveon
|-damage|p1a: Sylveon|77/100
|
|upkeep
|turn|3
|
|t:|1782503860
|move|p1a: Sylveon|Quick Attack|p2b: Hydreigon
|-supereffective|p2b: Hydreigon|2
|-damage|p2b: Hydreigon|40/100
|move|p2b: Hydreigon|Draco Meteor|p1b: Garchomp
|-supereffective|p1b: Garchomp|1
|-damage|p1b: Garchomp|0 fnt
|-unboost|p2b: Hydreigon|spa|2
|faint|p1b: Garchomp
|move|p2a: Rotom|Thunderbolt|p1a: Sylveon
|-damage|p1a: Sylveon|56/100
|
|upkeep
|
|t:|1782503869
|switch|p1b: Mimikyu|Mimikyu, L50, F|100/100
|turn|4
|
|t:|1782503883
|switch|p2b: Mawile|Mawile, L50, M|100/100
|-ability|p2b: Mawile|Intimidate|boost
|-unboost|p1a: Sylveon|atk|1
|-unboost|p1b: Mimikyu|atk|1
|move|p2a: Rotom|Will-O-Wisp|p1b: Mimikyu
|-status|p1b: Mimikyu|brn
|move|p1a: Sylveon|Hyper Voice|p2b: Mawile|[spread] p2a,p2b
|-resisted|p2b: Mawile|1
|-damage|p2a: Rotom|19/100
|-damage|p2b: Mawile|68/100
|move|p1b: Mimikyu|Trick Room|p1b: Mimikyu
|-fieldstart|move: Trick Room|[of] p1b: Mimikyu
|
|-damage|p1b: Mimikyu|93/100 brn|[from] brn
|upkeep
|turn|5
|inactive|BigMamaGaming has 30 seconds left.
|
|t:|1782503909
|detailschange|p2b: Mawile|Mawile-Mega, L50, M
|-mega|p2b: Mawile|Mawile|Mawilite
|move|p2a: Rotom|Protect|p2a: Rotom
|-singleturn|p2a: Rotom|Protect
|move|p1b: Mimikyu|Shadow Sneak|p2b: Mawile
|-damage|p2b: Mawile|62/100
|move|p2b: Mawile|Iron Head|p1a: Sylveon
|-supereffective|p1a: Sylveon|1
|-damage|p1a: Sylveon|0 fnt
|faint|p1a: Sylveon
|
|-damage|p1b: Mimikyu|87/100 brn|[from] brn
|upkeep
|turn|6
|-message|BigMamaGaming forfeited.
|
|win|neuesspielzeug
