|j|☆PieterSenshi
|j|‽FadedM
|html|PieterSenshiFadedM    
|uhtml|bestof|Game 2 of a best-of-3
|t:|1785179822
|gametype|doubles
|player|p1|PieterSenshi|170|1065
|player|p2|FadedM|101|1000
|gen|9
|tier|[Gen 9 Champions] VGC 2026 Reg M-B (Bo3)
|rated|
|rule|Species Clause: Limit one of each Pokémon
|rule|Item Clause: Limit 1 of each item
|clearpoke
|poke|p1|Delphox, L50, M|
|poke|p1|Sneasler, L50, M|
|poke|p1|Rotom-Wash, L50|
|poke|p1|Kingambit, L50, F|
|poke|p1|Garchomp, L50, F|
|poke|p1|Sinistcha, L50|
|poke|p2|Alakazam, L50, M|
|poke|p2|Meowstic, L50, M|
|poke|p2|Sneasler, L50, F|
|poke|p2|Typhlosion-Hisui, L50, F|
|poke|p2|Incineroar, L50, M|
|poke|p2|Skarmory, L50, M|
|teampreview|4
|showteam|p1|Delphox||Delphoxite|Blaze|HeatWave,Protect,NastyPlot,Psyshock|Modest||M|||50|]Sneasler||FocusSash|Unburden|CloseCombat,FakeOut,DireClaw,Protect|Jolly||M|||50|]Rotom-Wash||SitrusBerry|Levitate|HydroPump,Thunderbolt,WillOWisp,Protect|Calm|||||50|]Kingambit||BlackGlasses|Defiant|SuckerPunch,KowtowCleave,Protect,IronHead|Adamant||F|||50|]Garchomp||LifeOrb|RoughSkin|DragonClaw,Protect,Earthquake,RockSlide|Jolly||F|||50|]Sinistcha||KasibBerry|Hospitality|MatchaGotcha,RagePowder,ShadowBall,TrickRoom|Relaxed|||||50|
|showteam|p2|Alakazam||Alakazite|MagicGuard|ExpandingForce,Protect,NastyPlot,DazzlingGleam|Modest||M|||50|]Meowstic||FocusSash|Prankster|ExpandingForce,HelpingHand,SunnyDay,PsychicTerrain|Modest||M|||50|]Sneasler||WhiteHerb|Unburden|CloseCombat,DireClaw,Protect,FakeOut|Jolly||F|||50|]Typhlosion-Hisui||ChoiceScarf|Frisk|Eruption,HeatWave,Flamethrower,ShadowBall|Timid||F|||50|]Incineroar||SitrusBerry|Intimidate|FakeOut,PartingShot,FlareBlitz,Roar|Careful||M|||50|]Skarmory||Skarmorite|Sturdy|IronDefense,Protect,Tailwind,BodyPress|Impish||M|||50|
|inactive|Battle timer is ON: inactive players will automatically lose when time's up. (requested by PieterSenshi)
|inactive|FadedM has 60 seconds left.
|inactive|FadedM has 30 seconds left.
|inactive|FadedM has 20 seconds left.
|inactive|FadedM has 15 seconds left.
|inactive|FadedM has 10 seconds left.
|inactive|FadedM has 5 seconds left.
|
|t:|1785179913
|teamsize|p1|4
|teamsize|p2|4
|start
|switch|p1a: Kingambit|Kingambit, L50, F|100/100
|switch|p1b: Sinistcha|Sinistcha, L50|100/100
|switch|p2a: Alakazam|Alakazam, L50, M|100/100
|switch|p2b: Meowstic|Meowstic, L50, M|100/100
|turn|1
|inactive|PieterSenshi has 30 seconds left.
|inactive|FadedM has 30 seconds left.
|inactive|PieterSenshi has 20 seconds left.
|inactive|FadedM has 20 seconds left.
|inactive|FadedM has 15 seconds left.
|inactive|FadedM has 10 seconds left.
|inactive|FadedM has 5 seconds left.
|
|t:|1785179968
|move|p2a: Alakazam|Expanding Force|p1a: Kingambit
|-immune|p1a: Kingambit
|move|p2b: Meowstic|Expanding Force|p1a: Kingambit
|-immune|p1a: Kingambit
|move|p1b: Sinistcha|Shadow Ball|p2a: Alakazam
|-supereffective|p2a: Alakazam|1
|-damage|p2a: Alakazam|5/100
|-unboost|p2a: Alakazam|spd|1
|move|p1a: Kingambit|Kowtow Cleave|p2b: Meowstic
|-supereffective|p2b: Meowstic|1
|-enditem|p2b: Meowstic|Focus Sash
|-damage|p2b: Meowstic|1/100
|
|upkeep
|turn|2
|inactive|FadedM has 30 seconds left.
|inactive|FadedM has 20 seconds left.
|inactive|FadedM has 15 seconds left.
|inactive|FadedM has 10 seconds left.
|inactive|FadedM has 5 seconds left.
|
|t:|1785180023
|switch|p1a: Garchomp|Garchomp, L50, F|100/100
|move|p2a: Alakazam|Expanding Force|p1b: Sinistcha
|-damage|p1b: Sinistcha|45/100
|move|p2b: Meowstic|Expanding Force|p1b: Sinistcha
|-damage|p1b: Sinistcha|1/100
|move|p1b: Sinistcha|Matcha Gotcha|p2b: Meowstic|[spread] p2a,p2b
|-crit|p2a: Alakazam
|-damage|p2a: Alakazam|0 fnt
|-heal|p1b: Sinistcha|3/100|[from] drain|[of] p2a: Alakazam
|-damage|p2b: Meowstic|0 fnt
|-heal|p1b: Sinistcha|4/100|[from] drain|[of] p2b: Meowstic
|faint|p2a: Alakazam
|faint|p2b: Meowstic
|
|upkeep
|inactive|FadedM has 30 seconds left.
|n|‽FadedM|fadedm
|inactive|FadedM has 20 seconds left.
|inactive|FadedM has 15 seconds left.
|
|t:|1785180065
|switch|p2a: Sneasler|Sneasler, L50, F|100/100
|switch|p2b: Typhlosion|Typhlosion-Hisui, L50, F|100/100
|-item|p1a: Garchomp|Life Orb|[from] ability: Frisk|[of] p2b: Typhlosion
|-item|p1b: Sinistcha|Kasib Berry|[from] ability: Frisk|[of] p2b: Typhlosion
|turn|3
|
|t:|1785180089
|move|p2a: Sneasler|Fake Out|p1a: Garchomp
|-damage|p1a: Garchomp|85/100
|-damage|p2a: Sneasler|87/100|[from] ability: Rough Skin|[of] p1a: Garchomp
|move|p1b: Sinistcha|Rage Powder|p1b: Sinistcha
|-singleturn|p1b: Sinistcha|move: Rage Powder
|move|p2b: Typhlosion|Eruption|p1b: Sinistcha|[spread] p1a,p1b
|-resisted|p1a: Garchomp|1
|-supereffective|p1b: Sinistcha|1
|-damage|p1a: Garchomp|55/100
|-damage|p1b: Sinistcha|0 fnt
|faint|p1b: Sinistcha
|cant|p1a: Garchomp|flinch
|
|upkeep
|
|t:|1785180100
|switch|p1b: Kingambit|Kingambit, L50, F|100/100
|turn|4
|
|t:|1785180110
|move|p1b: Kingambit|Sucker Punch|p2b: Typhlosion
|-supereffective|p2b: Typhlosion|1
|-damage|p2b: Typhlosion|0 fnt
|faint|p2b: Typhlosion
|move|p2a: Sneasler|Close Combat|p1a: Garchomp
|-damage|p1a: Garchomp|0 fnt
|-unboost|p2a: Sneasler|def|1
|-unboost|p2a: Sneasler|spd|1
|-damage|p2a: Sneasler|75/100|[from] ability: Rough Skin|[of] p1a: Garchomp
|faint|p1a: Garchomp
|-enditem|p2a: Sneasler|White Herb
|-clearnegativeboost|p2a: Sneasler|[silent]
|
|upkeep
|
|t:|1785180122
|switch|p1a: Sneasler|Sneasler, L50, M|100/100
|turn|5
|
|t:|1785180141
|move|p2a: Sneasler|Protect|p2a: Sneasler
|-singleturn|p2a: Sneasler|Protect
|move|p1a: Sneasler|Fake Out|p2a: Sneasler
|-activate|p2a: Sneasler|move: Protect
|move|p1b: Kingambit|Iron Head|p2a: Sneasler
|-activate|p2a: Sneasler|move: Protect
|
|upkeep
|turn|6
|
|t:|1785180155
|move|p1b: Kingambit|Sucker Punch|p2a: Sneasler
|-resisted|p2a: Sneasler|1
|-damage|p2a: Sneasler|29/100
|move|p2a: Sneasler|Close Combat|p1b: Kingambit
|-supereffective|p1b: Kingambit|2
|-damage|p1b: Kingambit|0 fnt
|-unboost|p2a: Sneasler|def|1
|-unboost|p2a: Sneasler|spd|1
|faint|p1b: Kingambit
|move|p1a: Sneasler|Close Combat|p2a: Sneasler
|-resisted|p2a: Sneasler|1
|-damage|p2a: Sneasler|0 fnt
|-unboost|p1a: Sneasler|def|1
|-unboost|p1a: Sneasler|spd|1
|faint|p2a: Sneasler
|
|win|PieterSenshi
|raw|PieterSenshi's rating: 1065 → 1090(+25 for winning)
|raw|FadedM's rating: 1000 → 1000(+0 for losing)
|c|☆PieterSenshi|GG
