|j|☆natsukivgc
|j|☆Nosejugarbalance
|html|natsukivgcNosejugarbalance    
|uhtml|bestof|Game 2 of a best-of-3
|t:|1785733212
|gametype|doubles
|player|p1|natsukivgc|2|1246
|player|p2|Nosejugarbalance|266|1355
|gen|9
|tier|[Gen 9 Champions] VGC 2026 Reg M-B (Bo3)
|rated|
|rule|Species Clause: Limit one of each Pokémon
|rule|Item Clause: Limit 1 of each item
|clearpoke
|poke|p1|Garchomp, L50, F|
|poke|p1|Charizard, L50, F|
|poke|p1|Kingambit, L50, M|
|poke|p1|Basculegion, L50, M|
|poke|p1|Whimsicott, L50, M|
|poke|p1|Floette-Eternal, L50, F|
|poke|p2|Camerupt, L50, M|
|poke|p2|Grimmsnarl, L50, M|
|poke|p2|Farigiraf, L50, M|
|poke|p2|Maushold, L50|
|poke|p2|Basculegion, L50, M|
|poke|p2|Kingambit, L50, F|
|teampreview|4
|showteam|p1|Garchomp||SitrusBerry|RoughSkin|RockSlide,DragonTail,StompingTantrum,PoisonJab|Adamant||F|||50|]Charizard||CharizarditeY|Blaze|HeatWave,SolarBeam,WeatherBall,Protect|Modest||F|||50|]Kingambit||LifeOrb|Defiant|KowtowCleave,IronHead,SuckerPunch,LowKick|Adamant||M|||50|]Basculegion||ChoiceScarf|Adaptability|LastRespects,WaveCrash,FlipTurn,AquaJet|Jolly||M|||50|]Whimsicott||FocusSash|Prankster|Tailwind,Moonblast,Encore,Protect|Timid||M|||50|]Floette-Eternal||Floettite|FlowerVeil|DazzlingGleam,Moonblast,LightofRuin,Protect|Modest||F|||50|
|showteam|p2|Camerupt||Cameruptite|SolidRock|HeatWave,EarthPower,Protect,AncientPower|Quiet||M|||50|]Grimmsnarl||FairyFeather|Prankster|PartingShot,FakeOut,FakeTears,PlayRough|Brave||M|||50|]Farigiraf||LifeOrb|ArmorTail|HyperVoice,TrickRoom,Protect,Thunderbolt|Quiet||M|||50|]Maushold||WideLens|FriendGuard|AfterYou,PopulationBomb,Protect,FollowMe|Jolly|||||50|]Basculegion||FocusSash|Adaptability|WaveCrash,LastRespects,Protect,AquaJet|Adamant||M|||50|]Kingambit||BlackGlasses|Defiant|KowtowCleave,IronHead,SwordsDance,SuckerPunch|Brave||F|||50|
|inactive|Battle timer is ON: inactive players will automatically lose when time's up. (requested by Nosejugarbalance)
|
|t:|1785733239
|teamsize|p1|4
|teamsize|p2|4
|start
|switch|p1a: Kingambit|Kingambit, L50, M|100/100
|switch|p1b: Garchomp|Garchomp, L50, F|100/100
|switch|p2a: Farigiraf|Farigiraf, L50, M|100/100
|switch|p2b: Grimmsnarl|Grimmsnarl, L50, M|100/100
|turn|1
|
|t:|1785733253
|move|p2b: Grimmsnarl|Fake Out|p1a: Kingambit
|-resisted|p1a: Kingambit|1
|-damage|p1a: Kingambit|93/100
|cant|p1a: Kingambit|flinch
|move|p1b: Garchomp|Dragon Tail|p2a: Farigiraf
|-damage|p2a: Farigiraf|65/100
|drag|p2a: Kingambit|Kingambit, L50, F|100/100
|
|upkeep
|turn|2
|inactive|natsukivgc has 30 seconds left.
|inactive|Nosejugarbalance has 30 seconds left.
|inactive|Nosejugarbalance has 20 seconds left.
|inactive|Nosejugarbalance has 15 seconds left.
|
|t:|1785733295
|switch|p2a: Farigiraf|Farigiraf, L50, M|65/100
|move|p1b: Garchomp|Poison Jab|p2b: Grimmsnarl
|-supereffective|p2b: Grimmsnarl|1
|-damage|p2b: Grimmsnarl|33/100
|-status|p2b: Grimmsnarl|psn
|move|p1a: Kingambit|Low Kick|p2a: Farigiraf
|-damage|p2a: Farigiraf|18/100
|-damage|p1a: Kingambit|84/100|[from] item: Life Orb
|move|p2b: Grimmsnarl|Play Rough|p1b: Garchomp
|-supereffective|p1b: Garchomp|1
|-damage|p1b: Garchomp|9/100
|-unboost|p1b: Garchomp|atk|1
|-damage|p2b: Grimmsnarl|21/100 psn|[from] ability: Rough Skin|[of] p1b: Garchomp
|-enditem|p1b: Garchomp|Sitrus Berry|[eat]
|-heal|p1b: Garchomp|34/100|[from] item: Sitrus Berry
|
|-damage|p2b: Grimmsnarl|8/100 psn|[from] psn
|upkeep
|turn|3
|inactive|natsukivgc has 30 seconds left.
|inactive|natsukivgc has 20 seconds left.
|inactive|natsukivgc has 15 seconds left.
|
|t:|1785733337
|move|p2a: Farigiraf|Protect|p2a: Farigiraf
|-singleturn|p2a: Farigiraf|Protect
|move|p2b: Grimmsnarl|Parting Shot|p1b: Garchomp
|-unboost|p1b: Garchomp|atk|1
|-unboost|p1b: Garchomp|spa|1
|
|t:|1785733342
|switch|p2b: Camerupt|Camerupt, L50, M|100/100|[from] Parting Shot
|move|p1b: Garchomp|Stomping Tantrum|p2a: Farigiraf
|-activate|p2a: Farigiraf|move: Protect
|move|p1a: Kingambit|Iron Head|p2b: Camerupt
|-resisted|p2b: Camerupt|1
|-damage|p2b: Camerupt|59/100
|-damage|p1a: Kingambit|74/100|[from] item: Life Orb
|
|upkeep
|turn|4
|inactive|natsukivgc has 30 seconds left.
|inactive|natsukivgc has 20 seconds left.
|
|t:|1785733381
|detailschange|p2b: Camerupt|Camerupt-Mega, L50, M
|-mega|p2b: Camerupt|Camerupt|Cameruptite
|move|p2b: Camerupt|Protect|p2b: Camerupt
|-singleturn|p2b: Camerupt|Protect
|move|p1a: Kingambit|Sucker Punch||[still]
|cant|p2a: Farigiraf|ability: Armor Tail|Sucker Punch|[of] p1a: Kingambit
|move|p1b: Garchomp|Stomping Tantrum|p2a: Farigiraf
|-damage|p2a: Farigiraf|0 fnt
|faint|p2a: Farigiraf
|
|upkeep
|
|t:|1785733390
|switch|p2a: Kingambit|Kingambit, L50, F|100/100
|turn|5
|
|t:|1785733400
|move|p2a: Kingambit|Sucker Punch|p1b: Garchomp
|-damage|p1b: Garchomp|0 fnt
|-damage|p2a: Kingambit|87/100|[from] ability: Rough Skin|[of] p1b: Garchomp
|faint|p1b: Garchomp
|move|p1a: Kingambit|Low Kick|p2a: Kingambit
|-supereffective|p2a: Kingambit|2
|-damage|p2a: Kingambit|0 fnt
|faint|p2a: Kingambit
|-damage|p1a: Kingambit|64/100|[from] item: Life Orb
|move|p2b: Camerupt|Earth Power|p1a: Kingambit
|-supereffective|p1a: Kingambit|1
|-damage|p1a: Kingambit|0 fnt
|faint|p1a: Kingambit
|
|upkeep
|
|t:|1785733413
|switch|p1b: Basculegion|Basculegion, L50, M|100/100
|switch|p1a: Charizard|Charizard, L50, F|100/100
|switch|p2a: Grimmsnarl|Grimmsnarl, L50, M|8/100 psn
|turn|6
|-message|Nosejugarbalance forfeited.
|
|win|natsukivgc
