|j|☆BeckVGC
|j|☆minccino fan
|html|BeckVGCminccino fan    
|uhtml|bestof|Game 1 of a best-of-3
|t:|1756282797
|gametype|doubles
|player|p1|BeckVGC|roughneck-gen4|1170
|player|p2|minccino fan|170|1166
|gen|9
|tier|[Gen 9] VGC 2025 Reg H (Bo3)
|rated|
|rule|Species Clause: Limit one of each Pokémon
|rule|Item Clause: Limit 1 of each item
|clearpoke
|poke|p1|Gastrodon-East, L50, M|
|poke|p1|Incineroar, L50, M|
|poke|p1|Sneasler, L50, F|
|poke|p1|Dragonite, L50, M|
|poke|p1|Gholdengo, L50|
|poke|p1|Rillaboom, L50, F|
|poke|p2|Charizard, L50, M|
|poke|p2|Torkoal, L50, M|
|poke|p2|Porygon2, L50|
|poke|p2|Incineroar, L50, F|
|poke|p2|Jumpluff, L50, F|
|poke|p2|Ursaluna, L50, M|
|teampreview|4
|showteam|p1|Gastrodon-East||CovertCloak|StormDrain|IceBeam,EarthPower,Recover,Protect|||M|||50|,,,,,Fairy]Incineroar||AssaultVest|Intimidate|FlareBlitz,KnockOff,Uturn,FakeOut|||M|||50|,,,,,Ghost]Sneasler||FocusSash|PoisonTouch|DireClaw,CloseCombat,Coaching,Protect|||F|||50|,,,,,Ghost]Dragonite||LoadedDice|Multiscale|ScaleShot,ExtremeSpeed,Haze,Protect|||M|||50|,,,,,Fairy]Gholdengo||LifeOrb|GoodasGold|MakeItRain,ShadowBall,NastyPlot,Protect||||||50|,,,,,Water]Rillaboom||MiracleSeed|GrassySurge|WoodHammer,GrassyGlide,HighHorsepower,Protect|||F|||50|,,,,,Fire
|showteam|p2|Charizard||ChoiceSpecs|SolarPower|HeatWave,Overheat,WeatherBall,AirSlash|||M|||50|,,,,,Ghost]Torkoal||EjectPack|Drought|Eruption,Overheat,HelpingHand,Protect|||M|||50|,,,,,Fire]Porygon2||Eviolite|Download|TeraBlast,IceBeam,Recover,TrickRoom||||||50|,,,,,Fighting]Incineroar||SitrusBerry|Intimidate|FlareBlitz,KnockOff,FakeOut,PartingShot|||F|||50|,,,,,Ghost]Jumpluff||CovertCloak|Chlorophyll|SleepPowder,SunnyDay,RagePowder,Tailwind|||F|||50|,,,,,Water]Ursaluna||FlameOrb|Guts|HeadlongRush,Facade,Earthquake,Protect|||M|||50|,,,,,Ghost
|inactive|Battle timer is ON: inactive players will automatically lose when time's up. (requested by minccino fan)
|inactive|BeckVGC has 60 seconds left.
|j| WorthyM
|l| WorthyM
|
|t:|1756282849
|teamsize|p1|4
|teamsize|p2|4
|start
|switch|p1a: Gholdengo|Gholdengo, L50|100/100
|switch|p1b: Dragonite|Dragonite, L50, M|100/100
|switch|p2a: Jumpluff|Jumpluff, L50, F|100/100
|switch|p2b: Torkoal|Torkoal, L50, M|100/100
|-weather|SunnyDay|[from] ability: Drought|[of] p2b: Torkoal
|turn|1
|
|t:|1756282863
|-terastallize|p1a: Gholdengo|Water
|move|p2a: Jumpluff|Sleep Powder|p1b: Dragonite
|-status|p1b: Dragonite|slp|[from] move: Sleep Powder
|move|p1a: Gholdengo|Nasty Plot|p1a: Gholdengo
|-boost|p1a: Gholdengo|spa|2
|cant|p1b: Dragonite|slp
|move|p2b: Torkoal|Overheat|p1a: Gholdengo
|-resisted|p1a: Gholdengo
|-damage|p1a: Gholdengo|51/100
|-unboost|p2b: Torkoal|spa|2
|-enditem|p2b: Torkoal|Eject Pack
|inactive|minccino fan has 30 seconds left.
|inactive|minccino fan has 20 seconds left.
|inactive|minccino fan has 15 seconds left.
|inactive|minccino fan has 10 seconds left.
|
|t:|1756282908
|switch|p2b: Ursaluna|Ursaluna, L50, M|100/100
|
|-weather|SunnyDay|[upkeep]
|-status|p2b: Ursaluna|brn|[from] item: Flame Orb
|upkeep
|turn|2
|
|t:|1756282925
|move|p1a: Gholdengo|Protect|p1a: Gholdengo
|-singleturn|p1a: Gholdengo|Protect
|move|p2a: Jumpluff|Tailwind|p2a: Jumpluff
|-sidestart|p2: minccino fan|move: Tailwind
|move|p2b: Ursaluna|Facade|p1a: Gholdengo
|-activate|p1a: Gholdengo|move: Protect
|cant|p1b: Dragonite|slp
|
|-weather|SunnyDay|[upkeep]
|-damage|p2b: Ursaluna|95/100 brn|[from] brn
|upkeep
|turn|3
|
|t:|1756282943
|switch|p1a: Incineroar|Incineroar, L50, M|100/100
|-ability|p1a: Incineroar|Intimidate|boost
|-unboost|p2a: Jumpluff|atk|1
|-unboost|p2b: Ursaluna|atk|1
|move|p2a: Jumpluff|Rage Powder|p2a: Jumpluff
|-singleturn|p2a: Jumpluff|move: Rage Powder
|move|p2b: Ursaluna|Facade|p1a: Incineroar
|-damage|p1a: Incineroar|25/100
|-curestatus|p1b: Dragonite|slp|[msg]
|move|p1b: Dragonite|Scale Shot|p2a: Jumpluff|[miss]
|-miss|p1b: Dragonite|p2a: Jumpluff
|
|-weather|SunnyDay|[upkeep]
|-damage|p2b: Ursaluna|89/100 brn|[from] brn
|upkeep
|turn|4
|c|☆BeckVGC|DUDE
|inactive|BeckVGC has 30 seconds left.
|inactive|minccino fan has 30 seconds left.
|inactive|BeckVGC has 20 seconds left.
|inactive|minccino fan has 20 seconds left.
|
|t:|1756282983
|-terastallize|p2b: Ursaluna|Ghost
|move|p1a: Incineroar|Fake Out|p2b: Ursaluna
|-immune|p2b: Ursaluna
|move|p2a: Jumpluff|Sleep Powder|p1b: Dragonite|[miss]
|-miss|p2a: Jumpluff|p1b: Dragonite
|move|p2b: Ursaluna|Facade|p1b: Dragonite
|-damage|p1b: Dragonite|56/100
|move|p1b: Dragonite|Scale Shot|p2a: Jumpluff
|-damage|p2a: Jumpluff|82/100
|-damage|p2a: Jumpluff|65/100
|-damage|p2a: Jumpluff|46/100
|-damage|p2a: Jumpluff|28/100
|-damage|p2a: Jumpluff|8/100
|-hitcount|p2a: Jumpluff|5
|-unboost|p1b: Dragonite|def|1
|-boost|p1b: Dragonite|spe|1
|
|-weather|SunnyDay|[upkeep]
|-damage|p2b: Ursaluna|83/100 brn|[from] brn
|upkeep
|turn|5
|inactive|BeckVGC has 30 seconds left.
|inactive|minccino fan has 30 seconds left.
|
|t:|1756283017
|move|p2a: Jumpluff|Sleep Powder|p1b: Dragonite
|-status|p1b: Dragonite|slp|[from] move: Sleep Powder
|cant|p1b: Dragonite|slp
|move|p2b: Ursaluna|Facade|p1b: Dragonite
|-damage|p1b: Dragonite|0 fnt
|faint|p1b: Dragonite
|move|p1a: Incineroar|Knock Off|p2b: Ursaluna
|-supereffective|p2b: Ursaluna
|-damage|p2b: Ursaluna|15/100 brn
|-enditem|p2b: Ursaluna|Flame Orb|[from] move: Knock Off|[of] p1a: Incineroar
|
|-weather|none
|-damage|p2b: Ursaluna|9/100 brn|[from] brn
|-sideend|p2: minccino fan|move: Tailwind
|upkeep
|
|t:|1756283026
|switch|p1b: Sneasler|Sneasler, L50, F|100/100
|turn|6
|
|t:|1756283036
|switch|p2b: Torkoal|Torkoal, L50, M|100/100
|-weather|SunnyDay|[from] ability: Drought|[of] p2b: Torkoal
|move|p2a: Jumpluff|Tailwind|p2a: Jumpluff
|-sidestart|p2: minccino fan|move: Tailwind
|move|p1b: Sneasler|Dire Claw|p2a: Jumpluff
|-supereffective|p2a: Jumpluff
|-damage|p2a: Jumpluff|0 fnt
|faint|p2a: Jumpluff
|move|p1a: Incineroar|U-turn|p2b: Torkoal
|-resisted|p2b: Torkoal
|-damage|p2b: Torkoal|92/100
|
|t:|1756283048
|switch|p1a: Gholdengo|Gholdengo, L50, tera:Water|51/100|[from] U-turn
|
|-weather|SunnyDay|[upkeep]
|upkeep
|
|t:|1756283057
|switch|p2a: Charizard|Charizard, L50, M|100/100
|turn|7
|
|t:|1756283071
|move|p2a: Charizard|Heat Wave|p1a: Gholdengo|[spread] p1a,p1b
|-resisted|p1a: Gholdengo
|-damage|p1a: Gholdengo|0 fnt
|-enditem|p1b: Sneasler|Focus Sash
|-damage|p1b: Sneasler|1/100
|faint|p1a: Gholdengo
|move|p1b: Sneasler|Dire Claw|p2a: Charizard
|-crit|p2a: Charizard
|-damage|p2a: Charizard|10/100
|-status|p2a: Charizard|psn|[from] ability: Poison Touch|[of] p1b: Sneasler
|move|p2b: Torkoal|Eruption|p1b: Sneasler
|-damage|p1b: Sneasler|0 fnt
|faint|p1b: Sneasler
|
|-weather|SunnyDay|[upkeep]
|-damage|p2a: Charizard|0 fnt|[from] ability: Solar Power|[of] p2a: Charizard
|faint|p2a: Charizard
|upkeep
|
|t:|1756283080
|switch|p2a: Ursaluna|Ursaluna, L50, M, tera:Ghost|9/100 brn
|switch|p1a: Incineroar|Incineroar, L50, M|25/100
|-ability|p1a: Incineroar|Intimidate|boost
|-unboost|p2a: Ursaluna|atk|1
|-unboost|p2b: Torkoal|atk|1
|turn|8
|
|t:|1756283089
|move|p1a: Incineroar|Fake Out|p2b: Torkoal
|-damage|p2b: Torkoal|82/100
|move|p2a: Ursaluna|Facade|p1a: Incineroar
|-damage|p1a: Incineroar|0 fnt
|faint|p1a: Incineroar
|
|win|minccino fan
