|j|☆emptinessmach
|j|☆JusttestingforVGC
|html|emptinessmachJusttestingforVGC    
|uhtml|bestof|Game 2 of a best-of-3
|t:|1757035423
|gametype|doubles
|player|p1|emptinessmach|red|1129
|player|p2|JusttestingforVGC|steven|1208
|gen|9
|tier|[Gen 9] VGC 2025 Reg H (Bo3)
|rated|
|rule|Species Clause: Limit one of each Pokémon
|rule|Item Clause: Limit 1 of each item
|clearpoke
|poke|p1|Porygon2, L50|
|poke|p1|Incineroar, L50, F|
|poke|p1|Garchomp, L50, F|
|poke|p1|Gholdengo, L50|
|poke|p1|Amoonguss, L50, F|
|poke|p1|Sneasler, L50, M|
|poke|p2|Garchomp, L50, F|
|poke|p2|Corviknight, L50, M|
|poke|p2|Lycanroc, L50, F|
|poke|p2|Tyranitar, L50, M|
|poke|p2|Raichu, L50, M|
|poke|p2|Sinistcha, L50|
|teampreview|4
|showteam|p1|Porygon2||Eviolite|Download|TeraBlast,IceBeam,Recover,TrickRoom||||||50|,,,,,Ground]Incineroar||SafetyGoggles|Intimidate|FlareBlitz,KnockOff,FakeOut,PartingShot|||F|||50|,,,,,Ghost]Garchomp||ClearAmulet|RoughSkin|Earthquake,Protect,StompingTantrum,DragonClaw|||F|||50|,,,,,Fire]Gholdengo||LifeOrb|GoodasGold|Protect,NastyPlot,MakeItRain,ShadowBall||||||50|,,,,,Water]Amoonguss||SitrusBerry|Regenerator|Spore,RagePowder,Protect,PollenPuff|||F|||50|,,,,,Fairy]Sneasler||FocusSash|PoisonTouch|DireClaw,CloseCombat,Coaching,Protect|||M|||50|,,,,,Flying
|showteam|p2|Garchomp||Leftovers|SandVeil|Earthquake,DragonClaw,Substitute,Protect|||F|||50|,,,,,Steel]Corviknight||SitrusBerry|MirrorArmor|BulkUp,BraveBird,Tailwind,Roost|||M|||50|,,,,,Fire]Lycanroc||FocusSash|SandRush|Protect,CloseCombat,RockSlide,Endeavor|||F|||50|,,,,,Ghost]Tyranitar||AssaultVest|SandStream|KnockOff,RockSlide,LowKick,TeraBlast|||M|||50|,,,,,Grass]Raichu||SafetyGoggles|LightningRod|Protect,FakeOut,VoltSwitch,AlluringVoice|||M|||50|,,,,,Grass]Sinistcha||MiracleSeed|Hospitality|Protect,CalmMind,MatchaGotcha,ShadowBall||||||50|,,,,,Dark
|inactive|Battle timer is ON: inactive players will automatically lose when time's up. (requested by JusttestingforVGC)
|
|t:|1757035447
|teamsize|p1|4
|teamsize|p2|4
|start
|switch|p1a: Incineroar|Incineroar, L50, F|100/100
|switch|p1b: Gholdengo|Gholdengo, L50|100/100
|switch|p2a: Raichu|Raichu, L50, M|100/100
|switch|p2b: Corviknight|Corviknight, L50, M|100/100
|-ability|p1a: Incineroar|Intimidate|boost
|-unboost|p2a: Raichu|atk|1
|-ability|p2b: Corviknight|Mirror Armor
|-unboost|p1a: Incineroar|atk|1
|turn|1
|inactive|JusttestingforVGC has 30 seconds left.
|inactive|JusttestingforVGC has 20 seconds left.
|inactive|JusttestingforVGC has 15 seconds left.
|inactive|JusttestingforVGC has 10 seconds left.
|
|t:|1757035497
|switch|p1a: Porygon2|Porygon2, L50|100/100
|-ability|p1a: Porygon2|Download|boost
|-boost|p1a: Porygon2|spa|1
|move|p2a: Raichu|Volt Switch|p1b: Gholdengo
|-damage|p1b: Gholdengo|75/100
|
|t:|1757035503
|switch|p2a: Tyranitar|Tyranitar, L50, M|100/100|[from] Volt Switch
|-weather|Sandstorm|[from] ability: Sand Stream|[of] p2a: Tyranitar
|move|p1b: Gholdengo|Shadow Ball|p2b: Corviknight
|-damage|p2b: Corviknight|45/100
|-enditem|p2b: Corviknight|Sitrus Berry|[eat]
|-heal|p2b: Corviknight|70/100|[from] item: Sitrus Berry
|-damage|p1b: Gholdengo|65/100|[from] item: Life Orb
|move|p2b: Corviknight|Bulk Up|p2b: Corviknight
|-boost|p2b: Corviknight|atk|1
|-boost|p2b: Corviknight|def|1
|
|-weather|Sandstorm|[upkeep]
|-damage|p1a: Porygon2|94/100|[from] Sandstorm
|upkeep
|turn|2
|inactive|emptinessmach has 30 seconds left.
|inactive|emptinessmach has 20 seconds left.
|inactive|emptinessmach has 15 seconds left.
|
|t:|1757035545
|-terastallize|p1b: Gholdengo|Water
|move|p1b: Gholdengo|Shadow Ball|p2b: Corviknight
|-damage|p2b: Corviknight|14/100
|-damage|p1b: Gholdengo|56/100|[from] item: Life Orb
|move|p2b: Corviknight|Roost|p2b: Corviknight
|-heal|p2b: Corviknight|64/100
|-singleturn|p2b: Corviknight|move: Roost
|move|p2a: Tyranitar|Knock Off|p1a: Porygon2
|-damage|p1a: Porygon2|62/100
|-enditem|p1a: Porygon2|Eviolite|[from] move: Knock Off|[of] p2a: Tyranitar
|move|p1a: Porygon2|Ice Beam|p2b: Corviknight
|-resisted|p2b: Corviknight
|-damage|p2b: Corviknight|45/100
|
|-weather|Sandstorm|[upkeep]
|-damage|p1b: Gholdengo|50/100|[from] Sandstorm
|-damage|p1a: Porygon2|56/100|[from] Sandstorm
|upkeep
|turn|3
|inactive|JusttestingforVGC has 30 seconds left.
|
|t:|1757035571
|move|p1b: Gholdengo|Make It Rain|p2b: Corviknight|[spread] p2a,p2b
|-supereffective|p2a: Tyranitar
|-resisted|p2b: Corviknight
|-crit|p2b: Corviknight
|-damage|p2a: Tyranitar|52/100
|-damage|p2b: Corviknight|0 fnt
|-unboost|p1b: Gholdengo|spa|1
|faint|p2b: Corviknight
|-damage|p1b: Gholdengo|40/100|[from] item: Life Orb
|move|p2a: Tyranitar|Knock Off|p1b: Gholdengo
|-damage|p1b: Gholdengo|0 fnt
|-enditem|p1b: Gholdengo|Life Orb|[from] move: Knock Off|[of] p2a: Tyranitar
|faint|p1b: Gholdengo
|move|p1a: Porygon2|Trick Room|p1a: Porygon2
|-fieldstart|move: Trick Room|[of] p1a: Porygon2
|
|-weather|Sandstorm|[upkeep]
|-damage|p1a: Porygon2|50/100|[from] Sandstorm
|upkeep
|
|t:|1757035589
|switch|p2b: Raichu|Raichu, L50, M|100/100
|switch|p1b: Incineroar|Incineroar, L50, F|100/100
|-ability|p1b: Incineroar|Intimidate|boost
|-unboost|p2a: Tyranitar|atk|1
|-unboost|p2b: Raichu|atk|1
|turn|4
|
|t:|1757035603
|switch|p2a: Lycanroc|Lycanroc, L50, F|100/100
|move|p1b: Incineroar|Fake Out|p2b: Raichu
|-damage|p2b: Raichu|78/100
|cant|p2b: Raichu|flinch
|move|p1a: Porygon2|Tera Blast|p2a: Lycanroc
|-resisted|p2a: Lycanroc
|-damage|p2a: Lycanroc|76/100
|
|-weather|Sandstorm|[upkeep]
|-damage|p1a: Porygon2|44/100|[from] Sandstorm
|upkeep
|turn|5
|
|t:|1757035623
|switch|p1b: Sneasler|Sneasler, L50, M|100/100
|move|p1a: Porygon2|Tera Blast|p2a: Lycanroc
|-resisted|p2a: Lycanroc
|-damage|p2a: Lycanroc|52/100
|move|p2b: Raichu|Volt Switch|p1a: Porygon2
|-damage|p1a: Porygon2|17/100
|
|t:|1757035631
|switch|p2b: Tyranitar|Tyranitar, L50, M|52/100|[from] Volt Switch
|move|p2a: Lycanroc|Close Combat|p1a: Porygon2
|-supereffective|p1a: Porygon2
|-damage|p1a: Porygon2|0 fnt
|-unboost|p2a: Lycanroc|def|1
|-unboost|p2a: Lycanroc|spd|1
|faint|p1a: Porygon2
|
|-weather|none
|upkeep
|
|t:|1757035634
|switch|p1a: Incineroar|Incineroar, L50, F|100/100
|-ability|p1a: Incineroar|Intimidate|boost
|-unboost|p2a: Lycanroc|atk|1
|-unboost|p2b: Tyranitar|atk|1
|turn|6
|
|t:|1757035656
|switch|p2a: Raichu|Raichu, L50, M|78/100
|move|p2b: Tyranitar|Rock Slide|p1a: Incineroar|[spread] p1a,p1b
|-supereffective|p1a: Incineroar
|-resisted|p1b: Sneasler
|-damage|p1a: Incineroar|64/100
|-damage|p1b: Sneasler|83/100
|cant|p1a: Incineroar|flinch
|cant|p1b: Sneasler|flinch
|
|upkeep
|turn|7
|
|t:|1757035672
|move|p1b: Sneasler|Protect|p1b: Sneasler
|-singleturn|p1b: Sneasler|Protect
|move|p2a: Raichu|Fake Out|p1b: Sneasler
|-activate|p1b: Sneasler|move: Protect
|move|p2b: Tyranitar|Rock Slide|p1a: Incineroar|[spread] p1a
|-activate|p1b: Sneasler|move: Protect
|-supereffective|p1a: Incineroar
|-damage|p1a: Incineroar|25/100
|move|p1a: Incineroar|Flare Blitz|p2a: Raichu
|-damage|p2a: Raichu|0 fnt
|faint|p2a: Raichu
|-damage|p1a: Incineroar|8/100|[from] Recoil
|
|-fieldend|move: Trick Room
|upkeep
|
|t:|1757035681
|switch|p2a: Lycanroc|Lycanroc, L50, F|52/100
|turn|8
|
|t:|1757035693
|-terastallize|p2a: Lycanroc|Ghost
|move|p1b: Sneasler|Dire Claw|p2a: Lycanroc
|-resisted|p2a: Lycanroc
|-damage|p2a: Lycanroc|19/100
|-status|p2a: Lycanroc|psn
|move|p2a: Lycanroc|Rock Slide|p1b: Sneasler|[spread] p1a,p1b
|-supereffective|p1a: Incineroar
|-resisted|p1b: Sneasler
|-damage|p1a: Incineroar|0 fnt
|-damage|p1b: Sneasler|57/100
|faint|p1a: Incineroar
|move|p2b: Tyranitar|Rock Slide|p1b: Sneasler
|-resisted|p1b: Sneasler
|-damage|p1b: Sneasler|30/100
|
|-damage|p2a: Lycanroc|7/100 psn|[from] psn
|upkeep
|turn|9
|inactive|JusttestingforVGC has 30 seconds left.
|
|t:|1757035725
|move|p1b: Sneasler|Protect|p1b: Sneasler
|-singleturn|p1b: Sneasler|Protect
|move|p2a: Lycanroc|Rock Slide|p1b: Sneasler
|-activate|p1b: Sneasler|move: Protect
|move|p2b: Tyranitar|Rock Slide|p1b: Sneasler
|-activate|p1b: Sneasler|move: Protect
|
|-damage|p2a: Lycanroc|0 fnt|[from] psn
|faint|p2a: Lycanroc
|upkeep
|turn|10
|
|t:|1757035730
|move|p1b: Sneasler|Close Combat|p2b: Tyranitar
|-supereffective|p2b: Tyranitar
|-damage|p2b: Tyranitar|0 fnt
|-unboost|p1b: Sneasler|def|1
|-unboost|p1b: Sneasler|spd|1
|faint|p2b: Tyranitar
|
|win|emptinessmach
|raw|emptinessmach's rating: 1129 → 1160(+31 for winning)
|raw|JusttestingforVGC's rating: 1208 → 1177(-31 for losing)
|l|☆JusttestingforVGC
|player|p2|
