|j|☆aqoursfan1
|j|☆castoriceball
|html|aqoursfan1castoriceball    
|uhtml|bestof|Game 1 of a best-of-3
|t:|1785639932
|gametype|doubles
|player|p1|aqoursfan1|anabel-gen7|1192
|player|p2|castoriceball|miku-flying|1318
|gen|9
|tier|[Gen 9 Champions] VGC 2026 Reg M-B (Bo3)
|rated|
|rule|Species Clause: Limit one of each Pokémon
|rule|Item Clause: Limit 1 of each item
|clearpoke
|poke|p1|Raichu, L50, M|
|poke|p1|Gengar, L50, F|
|poke|p1|Incineroar, L50, M|
|poke|p1|Ninetales-Alola, L50, F, shiny|
|poke|p1|Volcarona, L50, F, shiny|
|poke|p1|Kommo-o, L50, F|
|poke|p2|Raichu, L50, F, shiny|
|poke|p2|Mamoswine, L50, F|
|poke|p2|Basculegion, L50, M, shiny|
|poke|p2|Farigiraf, L50, F|
|poke|p2|Sylveon, L50, F|
|poke|p2|Torkoal, L50, F|
|teampreview|4
|showteam|p1|Raichu||RaichuniteX|LightningRod|VoltTackle,VoltSwitch,FakeOut,Protect|Jolly||M|||50|]Gengar||Gengarite|CursedBody|ShadowBall,SludgeBomb,Substitute,Protect|Modest||F|||50|]Incineroar||PasshoBerry|Intimidate|FlareBlitz,ThroatChop,PartingShot,FakeOut|Adamant||M|||50|]Ninetales-Alola||ChoiceScarf|SnowWarning|Blizzard,FreezeDry,IcyWind,Moonblast|Timid||F|||50|]Volcarona||SitrusBerry|FlameBody|Flamethrower,StruggleBug,RagePowder,Protect|Bold||F|||50|]Kommo-o||Leftovers|Soundproof|ClangingScales,AuraSphere,ClangorousSoul,Protect|Modest||F|||50|
|showteam|p2|Raichu||RaichuniteY|LightningRod|ZapCannon,FocusBlast,FakeOut,Protect|Timid||F|||50|]Mamoswine||LifeOrb|Oblivious|IcicleCrash,HighHorsepower,IceShard,Protect|Adamant||F|||50|]Basculegion||ChoiceScarf|Adaptability|LastRespects,WaveCrash,AquaJet,FlipTurn|Jolly||M|||50|]Farigiraf||SitrusBerry|ArmorTail|Psychic,HelpingHand,TrickRoom,Protect|Bold||F|||50|]Sylveon||FairyFeather|Pixilate|HyperVoice,QuickAttack,HyperBeam,Detect|Modest||F|||50|]Torkoal||Charcoal|Drought|Eruption,WeatherBall,SolarBeam,Protect|Quiet||F|||50|
|inactive|Battle timer is ON: inactive players will automatically lose when time's up. (requested by aqoursfan1)
|inactive|castoriceball has 60 seconds left.
|
|t:|1785639966
|teamsize|p1|4
|teamsize|p2|4
|start
|switch|p1a: Kommo-o|Kommo-o, L50, F|100/100
|switch|p1b: Incineroar|Incineroar, L50, M|100/100
|switch|p2a: WHYYCHU|Raichu, L50, F, shiny|100/100
|switch|p2b: WolfeyFriend|Mamoswine, L50, F|100/100
|-ability|p1b: Incineroar|Intimidate|boost
|-unboost|p2a: WHYYCHU|atk|1
|-fail|p2b: WolfeyFriend|unboost|Attack|[from] ability: Oblivious|[of] p2b: WolfeyFriend
|turn|1
|
|t:|1785639984
|switch|p1b: Raichu|Raichu, L50, M|100/100
|detailschange|p2a: WHYYCHU|Raichu-Mega-Y, L50, F, shiny
|-mega|p2a: WHYYCHU|Raichu|Raichunite Y
|move|p1a: Kommo-o|Protect|p1a: Kommo-o
|-singleturn|p1a: Kommo-o|Protect
|move|p2a: WHYYCHU|Fake Out|p1b: Raichu
|-damage|p1b: Raichu|88/100
|move|p2b: WolfeyFriend|Icicle Crash|p1a: Kommo-o
|-activate|p1a: Kommo-o|move: Protect
|
|upkeep
|turn|2
|
|t:|1785640005
|switch|p2a: WolfeyFriendReal|Farigiraf, L50, F|100/100
|move|p1b: Raichu|Fake Out||[still]
|cant|p2a: WolfeyFriendReal|ability: Armor Tail|Fake Out|[of] p1b: Raichu
|move|p1a: Kommo-o|Aura Sphere|p2b: WolfeyFriend
|-supereffective|p2b: WolfeyFriend|1
|-damage|p2b: WolfeyFriend|0 fnt
|faint|p2b: WolfeyFriend
|
|upkeep
|
|t:|1785640018
|switch|p2b: Basculegend|Basculegion, L50, M, shiny|100/100
|turn|3
|
|t:|1785640030
|switch|p1a: Incineroar|Incineroar, L50, M|100/100
|-ability|p1a: Incineroar|Intimidate|boost
|-unboost|p2a: WolfeyFriendReal|atk|1
|-unboost|p2b: Basculegend|atk|1
|move|p2a: WolfeyFriendReal|Helping Hand|p2b: Basculegend
|-singleturn|p2b: Basculegend|Helping Hand|[of] p2a: WolfeyFriendReal
|move|p1b: Raichu|Protect|p1b: Raichu
|-singleturn|p1b: Raichu|Protect
|move|p2b: Basculegend|Wave Crash|p1b: Raichu
|-activate|p1b: Raichu|move: Protect
|
|upkeep
|turn|4
|
|t:|1785640043
|switch|p1b: Volcarona|Volcarona, L50, F, shiny|100/100
|move|p2b: Basculegend|Wave Crash|p1a: Incineroar
|-supereffective|p1a: Incineroar|1
|-enditem|p1a: Incineroar|Passho Berry|[eat]
|-enditem|p1a: Incineroar|Passho Berry|[weaken]
|-damage|p1a: Incineroar|58/100
|-damage|p2b: Basculegend|85/100|[from] Recoil
|move|p2a: WolfeyFriendReal|Psychic|p1b: Volcarona
|-damage|p1b: Volcarona|70/100
|move|p1a: Incineroar|Throat Chop|p2b: Basculegend
|-supereffective|p2b: Basculegend|1
|-damage|p2b: Basculegend|0 fnt
|faint|p2b: Basculegend
|
|upkeep
|
|t:|1785640054
|switch|p2b: WHYYCHU|Raichu-Mega-Y, L50, F, shiny|100/100
|turn|5
|
|t:|1785640060
|switch|p1a: Raichu|Raichu, L50, M|88/100
|move|p2b: WHYYCHU|Zap Cannon|p1a: Raichu
|-ability|p1a: Raichu|Lightning Rod|boost
|-boost|p1a: Raichu|spa|1
|move|p1b: Volcarona|Struggle Bug|p2a: WolfeyFriendReal|[spread] p2a,p2b
|-supereffective|p2a: WolfeyFriendReal|1
|-damage|p2a: WolfeyFriendReal|68/100
|-damage|p2b: WHYYCHU|76/100
|-unboost|p2a: WolfeyFriendReal|spa|1
|-unboost|p2b: WHYYCHU|spa|1
|move|p2a: WolfeyFriendReal|Psychic|p1b: Volcarona
|-damage|p1b: Volcarona|51/100
|
|upkeep
|turn|6
|-message|castoriceball forfeited.
|
|win|aqoursfan1
||aqoursfan1 is ready for game 2.
