|j|☆taka89
|j|☆ParroTiest
|html|taka89ParroTiest    
|uhtml|bestof|Game 1 of a best-of-3
|t:|1756828846
|gametype|doubles
|player|p1|taka89|clerk-boss|1136
|player|p2|ParroTiest|wallace|1035
|gen|9
|tier|[Gen 9] VGC 2025 Reg H (Bo3)
|rated|
|rule|Species Clause: Limit one of each Pokémon
|rule|Item Clause: Limit 1 of each item
|clearpoke
|poke|p1|Flamigo, L50, F|
|poke|p1|Porygon2, L50|
|poke|p1|Ursaluna, L50, M|
|poke|p1|Archaludon, L50, F|
|poke|p1|Tyranitar, L50, M|
|poke|p1|Incineroar, L50, F|
|poke|p2|Grimmsnarl, L50, M|
|poke|p2|Ursaluna-Bloodmoon, L50, M|
|poke|p2|Gholdengo, L50|
|poke|p2|Rillaboom, L50, M|
|poke|p2|Volcarona, L50, F|
|poke|p2|Electabuzz, L50, M|
|teampreview|4
|showteam|p1|Flamigo||ChoiceScarf|Scrappy|BraveBird,DualWingbeat,CloseCombat,Uturn|||F|||50|,,,,,Ghost]Porygon2||Eviolite|Download|Thunderbolt,TeraBlast,TrickRoom,Protect||||||50|,,,,,Flying]Ursaluna||FlameOrb|Guts|Facade,Earthquake,HeadlongRush,Protect|||M|||50|,,,,,Ghost]Archaludon||AssaultVest|Stamina|ElectroShot,DarkPulse,BodyPress,DracoMeteor|||F|||50|,,,,,Grass]Tyranitar||FocusSash|SandStream|RockSlide,LowKick,KnockOff,Protect|||M|||50|,,,,,Flying]Incineroar||PasshoBerry|Intimidate|KnockOff,FlareBlitz,FakeOut,PartingShot|||F|||50|,,,,,Ghost
|showteam|p2|Grimmsnarl||LightClay|Prankster|Reflect,LightScreen,SpiritBreak,Taunt|||M|||50|,,,,,Ghost]Ursaluna-Bloodmoon||LifeOrb|MindsEye|BloodMoon,HyperVoice,EarthPower,Protect|||M|||50|,,,,,Normal]Gholdengo||ChoiceSpecs|GoodasGold|MakeItRain,ShadowBall,PowerGem,Trick||||||50|,,,,,Water]Rillaboom||AssaultVest|GrassySurge|FakeOut,WoodHammer,GrassyGlide,Uturn|||M|||50|,,,,,Fire]Volcarona||Leftovers|FlameBody|QuiverDance,HeatWave,GigaDrain,Protect|||F|||50|,,,,,Grass]Electabuzz||Eviolite|VitalSpirit|Electroweb,FollowMe,Taunt,Protect|||M|||50|,,,,,Ghost
|inactive|Battle timer is ON: inactive players will automatically lose when time's up. (requested by taka89)
|inactive|ParroTiest also wants the timer to be on.
|inactive|taka89 has 60 seconds left.
|inactive|ParroTiest has 60 seconds left.
|inactive|ParroTiest has 30 seconds left.
|
|t:|1756828909
|teamsize|p1|4
|teamsize|p2|4
|start
|switch|p1a: Winglade|Flamigo, L50, F|100/100
|switch|p1b: zapper|Tyranitar, L50, M, shiny|100/100
|switch|p2a: Electabuzz|Electabuzz, L50, M|100/100
|switch|p2b: setup kill button|Volcarona, L50, F|100/100
|-weather|Sandstorm|[from] ability: Sand Stream|[of] p1b: zapper
|turn|1
|inactive|taka89 has 30 seconds left.
|inactive|ParroTiest has 30 seconds left.
|inactive|taka89 has 20 seconds left.
|inactive|ParroTiest has 20 seconds left.
|inactive|taka89 has 15 seconds left.
|inactive|ParroTiest has 15 seconds left.
|inactive|taka89 has 10 seconds left.
|
|t:|1756828957
|-terastallize|p2b: setup kill button|Grass
|move|p2a: Electabuzz|Follow Me|p2a: Electabuzz
|-singleturn|p2a: Electabuzz|move: Follow Me
|move|p1a: Winglade|U-turn|p2a: Electabuzz
|-damage|p2a: Electabuzz|81/100
|
|t:|1756828973
|switch|p1a: Balthizard|Ursaluna, L50, M, shiny|100/100|[from] U-turn
|move|p2b: setup kill button|Quiver Dance|p2b: setup kill button
|-boost|p2b: setup kill button|spa|1
|-boost|p2b: setup kill button|spd|1
|-boost|p2b: setup kill button|spe|1
|move|p1b: zapper|Knock Off|p2a: Electabuzz
|-damage|p2a: Electabuzz|35/100
|-enditem|p2a: Electabuzz|Eviolite|[from] move: Knock Off|[of] p1b: zapper
|
|-weather|Sandstorm|[upkeep]
|-damage|p2b: setup kill button|95/100|[from] Sandstorm
|-damage|p2a: Electabuzz|30/100|[from] Sandstorm
|-heal|p2b: setup kill button|100/100|[from] item: Leftovers
|-status|p1a: Balthizard|brn|[from] item: Flame Orb
|upkeep
|turn|2
|inactive|taka89 has 30 seconds left.
|inactive|ParroTiest has 30 seconds left.
|inactive|taka89 has 20 seconds left.
|inactive|taka89 has 15 seconds left.
|inactive|taka89 has 10 seconds left.
|inactive|taka89 has 5 seconds left.
|
|t:|1756829025
|switch|p2a: monke|Rillaboom, L50, M|100/100
|-fieldstart|move: Grassy Terrain|[from] ability: Grassy Surge|[of] p2a: monke
|move|p2b: setup kill button|Giga Drain|p1a: Balthizard
|-supereffective|p1a: Balthizard
|-damage|p1a: Balthizard|0 fnt
|faint|p1a: Balthizard
|move|p1b: zapper|Rock Slide|p2b: setup kill button|[spread] p2a,p2b
|-damage|p2a: monke|71/100
|-damage|p2b: setup kill button|50/100
|
|-weather|Sandstorm|[upkeep]
|-damage|p2b: setup kill button|44/100|[from] Sandstorm
|-damage|p2a: monke|65/100|[from] Sandstorm
|-heal|p2b: setup kill button|50/100|[from] Grassy Terrain
|-heal|p2b: setup kill button|56/100|[from] item: Leftovers
|-heal|p2a: monke|71/100|[from] Grassy Terrain
|upkeep
|
|t:|1756829044
|switch|p1a: Winglade|Flamigo, L50, F|100/100
|turn|3
|inactive|taka89 has 30 seconds left.
|
|t:|1756829071
|-terastallize|p1a: Winglade|Ghost
|move|p2a: monke|Fake Out|p1a: Winglade
|-immune|p1a: Winglade
|move|p2b: setup kill button|Heat Wave|p1b: zapper|[spread] 
|-miss|p2b: setup kill button|p1a: Winglade
|-miss|p2b: setup kill button|p1b: zapper
|move|p1a: Winglade|Brave Bird|p2b: setup kill button
|-supereffective|p2b: setup kill button
|-damage|p2b: setup kill button|0 fnt
|-status|p1a: Winglade|brn|[from] ability: Flame Body|[of] p2b: setup kill button
|faint|p2b: setup kill button
|-damage|p1a: Winglade|81/100 brn|[from] Recoil
|move|p1b: zapper|Low Kick|p2a: monke
|-damage|p2a: monke|40/100
|
|-weather|Sandstorm|[upkeep]
|-damage|p1a: Winglade|75/100 brn|[from] Sandstorm
|-damage|p2a: monke|34/100|[from] Sandstorm
|-heal|p1a: Winglade|81/100 brn|[from] Grassy Terrain
|-heal|p2a: monke|40/100|[from] Grassy Terrain
|-damage|p1a: Winglade|75/100 brn|[from] brn
|upkeep
|c|☆ParroTiest|aw
|
|t:|1756829088
|switch|p2b: instakill button|Ursaluna-Bloodmoon, L50, M|100/100
|turn|4
|inactive|ParroTiest has 30 seconds left.
|
|t:|1756829122
|move|p1b: zapper|Protect|p1b: zapper
|-singleturn|p1b: zapper|Protect
|move|p2a: monke|Grassy Glide|p1a: Winglade
|-damage|p1a: Winglade|28/100 brn
|move|p1a: Winglade|Brave Bird|p2a: monke
|-supereffective|p2a: monke
|-damage|p2a: monke|0 fnt
|faint|p2a: monke
|-damage|p1a: Winglade|11/100 brn|[from] Recoil
|move|p2b: instakill button|Earth Power|p1b: zapper
|-activate|p1b: zapper|move: Protect
|
|-weather|Sandstorm|[upkeep]
|-damage|p1a: Winglade|5/100 brn|[from] Sandstorm
|-heal|p1a: Winglade|11/100 brn|[from] Grassy Terrain
|-damage|p1a: Winglade|5/100 brn|[from] brn
|upkeep
|
|t:|1756829129
|switch|p2a: Electabuzz|Electabuzz, L50, M|30/100
|turn|5
|inactive|taka89 has 30 seconds left.
|
|t:|1756829155
|move|p2a: Electabuzz|Protect|p2a: Electabuzz
|-singleturn|p2a: Electabuzz|Protect
|move|p1a: Winglade|Brave Bird|p2a: Electabuzz
|-activate|p2a: Electabuzz|move: Protect
|move|p2b: instakill button|Earth Power|p1b: zapper
|-supereffective|p1b: zapper
|-damage|p1b: zapper|24/100
|-damage|p2b: instakill button|91/100|[from] item: Life Orb
|move|p1b: zapper|Low Kick|p2b: instakill button
|-supereffective|p2b: instakill button
|-damage|p2b: instakill button|19/100
|
|-weather|none
|-heal|p1a: Winglade|11/100 brn|[from] Grassy Terrain
|-heal|p2a: Electabuzz|35/100|[from] Grassy Terrain
|-heal|p2b: instakill button|25/100|[from] Grassy Terrain
|-heal|p1b: zapper|29/100|[from] Grassy Terrain
|-damage|p1a: Winglade|5/100 brn|[from] brn
|upkeep
|turn|6
|inactive|taka89 has 30 seconds left.
|inactive|ParroTiest has 30 seconds left.
|inactive|taka89 has 20 seconds left.
|
|t:|1756829193
|move|p1b: zapper|Protect|p1b: zapper
|-singleturn|p1b: zapper|Protect
|move|p2a: Electabuzz|Follow Me|p2a: Electabuzz
|-singleturn|p2a: Electabuzz|move: Follow Me
|move|p1a: Winglade|Brave Bird|p2a: Electabuzz
|-resisted|p2a: Electabuzz
|-damage|p2a: Electabuzz|16/100
|-damage|p1a: Winglade|0 fnt|[from] Recoil
|faint|p1a: Winglade
|move|p2b: instakill button|Hyper Voice|p1b: zapper
|-activate|p1b: zapper|move: Protect
|
|-heal|p2a: Electabuzz|22/100|[from] Grassy Terrain
|-heal|p2b: instakill button|31/100|[from] Grassy Terrain
|-heal|p1b: zapper|35/100|[from] Grassy Terrain
|-fieldend|move: Grassy Terrain
|upkeep
|
|t:|1756829209
|switch|p1a: swatchling|Porygon2, L50|100/100
|-ability|p1a: swatchling|Download|boost
|-boost|p1a: swatchling|spa|1
|turn|7
|
|t:|1756829224
|move|p1b: zapper|Protect||[still]
|-fail|p1b: zapper
|move|p2a: Electabuzz|Follow Me|p2a: Electabuzz
|-singleturn|p2a: Electabuzz|move: Follow Me
|move|p2b: instakill button|Earth Power|p1b: zapper
|-supereffective|p1b: zapper
|-damage|p1b: zapper|0 fnt
|faint|p1b: zapper
|-damage|p2b: instakill button|21/100|[from] item: Life Orb
|move|p1a: swatchling|Tera Blast|p2a: Electabuzz
|-damage|p2a: Electabuzz|0 fnt
|faint|p2a: Electabuzz
|
|upkeep
|turn|8
|
|t:|1756829245
|move|p2b: instakill button|Blood Moon|p1a: swatchling
|-damage|p1a: swatchling|35/100
|-damage|p2b: instakill button|12/100|[from] item: Life Orb
|move|p1a: swatchling|Tera Blast|p2b: instakill button
|-damage|p2b: instakill button|0 fnt
|faint|p2b: instakill button
|
|win|taka89
||ParroTiest is ready for game 2.
|inactive|taka89 has 30 seconds to confirm battle start!
