|j|☆x-demon18
|j|‽Apfr
|html|x-demon18Apfr    
|uhtml|bestof|Game 1 of a best-of-3
|t:|1784079295
|gametype|doubles
|player|p1|x-demon18|lucas|1099
|player|p2|Apfr|clown|1090
|gen|9
|tier|[Gen 9 Champions] VGC 2026 Reg M-B (Bo3)
|rated|
|rule|Species Clause: Limit one of each Pokémon
|rule|Item Clause: Limit 1 of each item
|clearpoke
|poke|p1|Incineroar, L50, M|
|poke|p1|Rotom-Wash, L50|
|poke|p1|Venusaur, L50, F|
|poke|p1|Garchomp, L50, M|
|poke|p1|Sylveon, L50, F|
|poke|p1|Corviknight, L50, M|
|poke|p2|Barbaracle, L50, F|
|poke|p2|Maushold-Four, L50|
|poke|p2|Delphox, L50, F|
|poke|p2|Scrafty, L50, M|
|poke|p2|Primarina, L50, M|
|poke|p2|Sceptile, L50, M|
|teampreview|4
|showteam|p1|Incineroar||ExpertBelt|Intimidate|FakeOut,TemperFlare,ThroatChop,PartingShot|Adamant||M|||50|]Rotom-Wash||SitrusBerry|Levitate|HydroPump,Electroweb,WillOWisp,VoltSwitch|Calm|||||50|]Venusaur||Venusaurite|Chlorophyll|GigaDrain,SludgeBomb,EarthPower,Protect|Modest||F|||50|]Garchomp||LifeOrb|RoughSkin|RockSlide,DragonClaw,StompingTantrum,Protect|Jolly||M|||50|]Sylveon||FairyFeather|Pixilate|HyperVoice,QuickAttack,Yawn,Detect|Modest||F|||50|]Corviknight||OccaBerry|MirrorArmor|Tailwind,BraveBird,IronHead,BodyPress|Careful||M|||50|
|showteam|p2|Barbaracle||Barbaracite|ToughClaws|Protect,RockSlide,NightSlash,ShellSmash|Adamant||F|||50|]Maushold-Four||FocusSash|FriendGuard|SuperFang,Protect,FollowMe,HelpingHand|Timid|||||50|]Delphox||Delphoxite|Blaze|HeatWave,Psychic,Protect,NastyPlot|Timid||F|||50|]Scrafty||SitrusBerry|Intimidate|DrainPunch,KnockOff,FakeOut,Taunt|Careful||M|||50|]Primarina||LifeOrb|LiquidVoice|HyperVoice,Moonblast,CalmMind,Protect|Modest||M|||50|]Sceptile||WhiteHerb|Unburden|LeafStorm,DragonPulse,Detect,ShedTail|Timid||M|||50|
|inactive|Battle timer is ON: inactive players will automatically lose when time's up. (requested by Apfr)
|
|t:|1784079344
|teamsize|p1|4
|teamsize|p2|4
|start
|switch|p1a: Griffith|Corviknight, L50, M|100/100
|switch|p1b: HydroVolt|Rotom-Wash, L50|100/100
|switch|p2a: Scrafty|Scrafty, L50, M|100/100
|switch|p2b: Sceptile|Sceptile, L50, M|100/100
|-ability|p2a: Scrafty|Intimidate|boost
|-ability|p1a: Griffith|Mirror Armor
|-unboost|p2a: Scrafty|atk|1
|-unboost|p1b: HydroVolt|atk|1
|turn|1
|inactive|x-demon18 has 30 seconds left.
|inactive|x-demon18 has 20 seconds left.
|inactive|x-demon18 has 15 seconds left.
|inactive|x-demon18 has 10 seconds left.
|
|t:|1784079389
|switch|p1b: Frieren|Sylveon, L50, F|100/100
|move|p2a: Scrafty|Fake Out|p1a: Griffith
|-resisted|p1a: Griffith|1
|-damage|p1a: Griffith|97/100
|move|p2b: Sceptile|Leaf Storm|p1b: Frieren
|-damage|p1b: Frieren|55/100
|-unboost|p2b: Sceptile|spa|2
|-enditem|p2b: Sceptile|White Herb
|-clearnegativeboost|p2b: Sceptile|[silent]
|cant|p1a: Griffith|flinch
|
|upkeep
|turn|2
|
|t:|1784079409
|switch|p2a: Maushold|Maushold-Four, L50|100/100
|move|p1b: Frieren|Quick Attack|p2a: Maushold
|-damage|p2a: Maushold|81/100
|move|p2b: Sceptile|Shed Tail|p2b: Sceptile
|-start|p2b: Sceptile|Substitute|[from] move: Shed Tail
|-damage|p2b: Sceptile|49/100
|
|t:|1784079415
|switch|p2b: Delphox|Delphox, L50, F|100/100|[from] Shed Tail
|move|p1a: Griffith|Brave Bird|p2b: Delphox
|-end|p2b: Delphox|Substitute
|-damage|p1a: Griffith|91/100|[from] Recoil|[of] p2b: Delphox
|
|upkeep
|turn|3
|inactive|x-demon18 has 30 seconds left.
|inactive|Apfr has 30 seconds left.
|
|t:|1784079443
|switch|p1b: HydroVolt|Rotom-Wash, L50|100/100
|detailschange|p2b: Delphox|Delphox-Mega, L50, F
|-mega|p2b: Delphox|Delphox|Delphoxite
|move|p2a: Maushold|Helping Hand|p2b: Delphox
|-singleturn|p2b: Delphox|Helping Hand|[of] p2a: Maushold
|move|p2b: Delphox|Psychic|p1b: HydroVolt
|-damage|p1b: HydroVolt|30/100
|-enditem|p1b: HydroVolt|Sitrus Berry|[eat]
|-heal|p1b: HydroVolt|55/100|[from] item: Sitrus Berry
|move|p1a: Griffith|Tailwind|p1a: Griffith
|-sidestart|p1: x-demon18|move: Tailwind
|
|upkeep
|turn|4
|inactive|x-demon18 has 30 seconds left.
|
|t:|1784079472
|move|p2a: Maushold|Follow Me|p2a: Maushold
|-singleturn|p2a: Maushold|move: Follow Me
|move|p1b: HydroVolt|Hydro Pump|p2a: Maushold
|-damage|p2a: Maushold|26/100
|move|p2b: Delphox|Psychic|p1b: HydroVolt
|-damage|p1b: HydroVolt|3/100
|-unboost|p1b: HydroVolt|spd|1
|move|p1a: Griffith|Body Press|p2a: Maushold
|-supereffective|p2a: Maushold|1
|-damage|p2a: Maushold|0 fnt
|faint|p2a: Maushold
|
|upkeep
|
|t:|1784079482
|switch|p2a: Scrafty|Scrafty, L50, M|100/100
|-ability|p2a: Scrafty|Intimidate|boost
|-ability|p1a: Griffith|Mirror Armor
|-unboost|p2a: Scrafty|atk|1
|-unboost|p1b: HydroVolt|atk|1
|turn|5
|
|t:|1784079504
|move|p2a: Scrafty|Fake Out|p1b: HydroVolt
|-damage|p1b: HydroVolt|0 fnt
|faint|p1b: HydroVolt
|move|p2b: Delphox|Nasty Plot|p2b: Delphox
|-boost|p2b: Delphox|spa|2
|move|p1a: Griffith|Brave Bird|p2a: Scrafty
|-supereffective|p2a: Scrafty|1
|-damage|p2a: Scrafty|30/100
|-enditem|p2a: Scrafty|Sitrus Berry|[eat]
|-heal|p2a: Scrafty|55/100|[from] item: Sitrus Berry
|-damage|p1a: Griffith|70/100|[from] Recoil
|
|upkeep
|
|t:|1784079518
|switch|p1b: Berserk|Garchomp, L50, M|100/100
|turn|6
|
|t:|1784079530
|move|p2b: Delphox|Protect|p2b: Delphox
|-singleturn|p2b: Delphox|Protect
|move|p1b: Berserk|Rock Slide|p2a: Scrafty|[spread] p2a
|-activate|p2b: Delphox|move: Protect
|-resisted|p2a: Scrafty|1
|-damage|p2a: Scrafty|44/100
|-damage|p1b: Berserk|90/100|[from] item: Life Orb
|move|p1a: Griffith|Brave Bird|p2b: Delphox
|-activate|p2b: Delphox|move: Protect
|move|p2a: Scrafty|Knock Off|p1b: Berserk
|-damage|p1b: Berserk|68/100
|-damage|p2a: Scrafty|31/100|[from] ability: Rough Skin|[of] p1b: Berserk
|-enditem|p1b: Berserk|Life Orb|[from] move: Knock Off|[of] p2a: Scrafty
|
|-sideend|p1: x-demon18|move: Tailwind
|upkeep
|turn|7
|
|t:|1784079550
|move|p1b: Berserk|Protect|p1b: Berserk
|-singleturn|p1b: Berserk|Protect
|move|p2b: Delphox|Psychic|p1b: Berserk
|-activate|p1b: Berserk|move: Protect
|move|p1a: Griffith|Tailwind|p1a: Griffith
|-sidestart|p1: x-demon18|move: Tailwind
|move|p2a: Scrafty|Drain Punch|p1a: Griffith
|-damage|p1a: Griffith|57/100
|-heal|p2a: Scrafty|39/100|[from] drain|[of] p1a: Griffith
|
|upkeep
|turn|8
|
|t:|1784079567
|switch|p1b: Frieren|Sylveon, L50, F|55/100
|move|p2b: Delphox|Psychic|p1b: Frieren
|-damage|p1b: Frieren|0 fnt
|faint|p1b: Frieren
|move|p1a: Griffith|Brave Bird|p2a: Scrafty
|-supereffective|p2a: Scrafty|1
|-damage|p2a: Scrafty|0 fnt
|faint|p2a: Scrafty
|-damage|p1a: Griffith|46/100|[from] Recoil
|
|upkeep
|
|t:|1784079579
|switch|p1b: Berserk|Garchomp, L50, M|68/100
|switch|p2a: Sceptile|Sceptile, L50, M|49/100
|turn|9
|
|t:|1784079600
|move|p2b: Delphox|Protect|p2b: Delphox
|-singleturn|p2b: Delphox|Protect
|move|p1b: Berserk|Rock Slide|p2b: Delphox|[spread] p2a
|-activate|p2b: Delphox|move: Protect
|-crit|p2a: Sceptile
|-damage|p2a: Sceptile|0 fnt
|faint|p2a: Sceptile
|move|p1a: Griffith|Iron Head|p2b: Delphox
|-activate|p2b: Delphox|move: Protect
|
|upkeep
|turn|10
|
|t:|1784079614
|move|p1b: Berserk|Rock Slide|p2b: Delphox
|-supereffective|p2b: Delphox|1
|-damage|p2b: Delphox|20/100y
|cant|p2b: Delphox|flinch
|move|p1a: Griffith|Iron Head|p2b: Delphox
|-resisted|p2b: Delphox|1
|-damage|p2b: Delphox|0 fnt
|faint|p2b: Delphox
|
|win|x-demon18
||Apfr is ready for game 2.
|inactive|x-demon18 has 30 seconds to confirm battle start!
