|j|☆VerVe1997
|j|☆capacete5
|html|VerVe1997capacete5    
|uhtml|bestof|Game 1 of a best-of-3
|t:|1782430493
|gametype|doubles
|player|p1|VerVe1997|steven|1173
|player|p2|capacete5|byron|1137
|gen|9
|tier|[Gen 9 Champions] VGC 2026 Reg M-B (Bo3)
|rated|
|rule|Species Clause: Limit one of each Pokémon
|rule|Item Clause: Limit 1 of each item
|clearpoke
|poke|p1|Kingambit, L50, F|
|poke|p1|Metagross, L50, shiny|
|poke|p1|Gengar, L50, F, shiny|
|poke|p1|Incineroar, L50, F|
|poke|p1|Politoed, L50, M|
|poke|p1|Maushold-Four, L50|
|poke|p2|Aerodactyl, L50, F|
|poke|p2|Garchomp, L50, F|
|poke|p2|Kingambit, L50, M|
|poke|p2|Farigiraf, L50, M|
|poke|p2|Sylveon, L50, M|
|poke|p2|Charizard, L50, F|
|teampreview|4
|showteam|p1|Kingambit||BlackGlasses|Defiant|KowtowCleave,SuckerPunch,LowKick,Protect|Serious||F|||50|]Metagross||Metagrossite|ClearBody|PsychicFangs,IronHead,BodyPress,Protect|Adamant|||||50|]Gengar||Gengarite|CursedBody|SludgeBomb,PerishSong,Disable,Protect|Bold||F|||50|]Incineroar||SitrusBerry|Intimidate|PartingShot,FlareBlitz,FakeOut,Protect|Impish||F|||50|]Politoed||Leftovers|Drizzle|PerishSong,IceBeam,WeatherBall,Protect|Calm||M|||50|]Maushold-Four||ChopleBerry|FriendGuard|FollowMe,Uturn,Taunt,Protect|Careful|||||50|
|showteam|p2|Aerodactyl||Aerodactylite|Unnerve|RockSlide,Protect,DualWingbeat,Tailwind|Jolly||F|||50|]Garchomp||LifeOrb|RoughSkin|Protect,DragonClaw,BrickBreak,StompingTantrum|Adamant||F|||50|]Kingambit||FocusSash|Defiant|KowtowCleave,IronHead,SuckerPunch,Protect|Adamant||M|||50|]Farigiraf||SitrusBerry|ArmorTail|Roar,TwinBeam,TrickRoom,EnergyBall|Bold||M|||50|]Sylveon||FairyFeather|Pixilate|HyperVoice,Protect,HyperBeam,QuickAttack|Bold||M|||50|]Charizard||CharizarditeY|Blaze|HeatWave,WeatherBall,SolarBeam,Protect|Modest||F|||50|
|inactive|Battle timer is ON: inactive players will automatically lose when time's up. (requested by capacete5)
|inactive|VerVe1997 has 60 seconds left.
|inactive|capacete5 has 60 seconds left.
|
|t:|1782430551
|teamsize|p1|4
|teamsize|p2|4
|start
|switch|p1a: Gengar|Gengar, L50, F, shiny|100/100
|switch|p1b: Maushold|Maushold-Four, L50|100/100
|switch|p2a: Aerodactyl|Aerodactyl, L50, F|100/100
|switch|p2b: Charizard|Charizard, L50, F|100/100
|-ability|p2a: Aerodactyl|Unnerve
|turn|1
|
|t:|1782430574
|detailschange|p1a: Gengar|Gengar-Mega, L50, F, shiny
|-mega|p1a: Gengar|Gengar|Gengarite
|detailschange|p2b: Charizard|Charizard-Mega-Y, L50, F
|-mega|p2b: Charizard|Charizard|Charizardite Y
|-weather|SunnyDay|[from] ability: Drought|[of] p2b: Charizard
|move|p1a: Gengar|Protect|p1a: Gengar
|-singleturn|p1a: Gengar|Protect
|move|p2a: Aerodactyl|Tailwind|p2a: Aerodactyl
|-sidestart|p2: capacete5|move: Tailwind
|move|p2b: Charizard|Heat Wave|p1b: Maushold|[spread] p1b
|-activate|p1a: Gengar|move: Protect
|-damage|p1b: Maushold|43/100
|move|p1b: Maushold|Taunt|p2a: Aerodactyl
|-start|p2a: Aerodactyl|move: Taunt
|
|-weather|SunnyDay|[upkeep]
|upkeep
|turn|2
|
|t:|1782430595
|switch|p1b: Politoed|Politoed, L50, M|100/100
|-weather|RainDance|[from] ability: Drizzle|[of] p1b: Politoed
|move|p2a: Aerodactyl|Rock Slide|p1b: Politoed|[spread] p1a,p1b
|-damage|p1a: Gengar|77/100
|-damage|p1b: Politoed|82/100
|move|p2b: Charizard|Heat Wave|p1b: Politoed|[spread] p1a,p1b
|-resisted|p1b: Politoed|1
|-damage|p1a: Gengar|57/100
|-damage|p1b: Politoed|74/100
|-status|p1b: Politoed|brn
|cant|p1a: Gengar|flinch
|
|-weather|RainDance|[upkeep]
|-heal|p1b: Politoed|80/100 brn|[from] item: Leftovers
|-damage|p1b: Politoed|74/100 brn|[from] brn
|upkeep
|turn|3
|inactive|capacete5 has 30 seconds left.
|
|t:|1782430624
|move|p1a: Gengar|Protect|p1a: Gengar
|-singleturn|p1a: Gengar|Protect
|move|p2a: Aerodactyl|Rock Slide|p1a: Gengar|[spread] p1b
|-activate|p1a: Gengar|move: Protect
|-damage|p1b: Politoed|56/100 brn
|move|p2b: Charizard|Weather Ball|p1a: Gengar
|-activate|p1a: Gengar|move: Protect
|move|p1b: Politoed|Weather Ball|p2a: Aerodactyl
|-supereffective|p2a: Aerodactyl|1
|-damage|p2a: Aerodactyl|0 fnt
|faint|p2a: Aerodactyl
|
|-weather|RainDance|[upkeep]
|-heal|p1b: Politoed|62/100 brn|[from] item: Leftovers
|-damage|p1b: Politoed|56/100 brn|[from] brn
|upkeep
|
|t:|1782430640
|switch|p2a: Kingambit|Kingambit, L50, M|100/100
|turn|4
|
|t:|1782430656
|switch|p1a: Maushold|Maushold-Four, L50|43/100
|move|p2b: Charizard|Weather Ball|p1b: Politoed
|-resisted|p1b: Politoed|1
|-damage|p1b: Politoed|40/100 brn
|move|p2a: Kingambit|Kowtow Cleave|p1a: Maushold
|-damage|p1a: Maushold|0 fnt
|faint|p1a: Maushold
|move|p1b: Politoed|Weather Ball|p2b: Charizard
|-supereffective|p2b: Charizard|1
|-damage|p2b: Charizard|13/100
|
|-weather|RainDance|[upkeep]
|-heal|p1b: Politoed|46/100 brn|[from] item: Leftovers
|-damage|p1b: Politoed|40/100 brn|[from] brn
|-sideend|p2: capacete5|move: Tailwind
|upkeep
|
|t:|1782430668
|switch|p1a: Gengar|Gengar-Mega, L50, F, shiny|57/100
|turn|5
|
|t:|1782430690
|move|p2b: Charizard|Protect|p2b: Charizard
|-singleturn|p2b: Charizard|Protect
|move|p1a: Gengar|Disable|p2a: Kingambit
|-start|p2a: Kingambit|Disable|Kowtow Cleave
|cant|p2a: Kingambit|Disable|Kowtow Cleave
|move|p1b: Politoed|Perish Song|p1b: Politoed
|-start|p1a: Gengar|perish3|[silent]
|-start|p1b: Politoed|perish3|[silent]
|-start|p2a: Kingambit|perish3|[silent]
|-start|p2b: Charizard|perish3|[silent]
|-fieldactivate|move: Perish Song
|
|-weather|RainDance|[upkeep]
|-heal|p1b: Politoed|46/100 brn|[from] item: Leftovers
|-damage|p1b: Politoed|40/100 brn|[from] brn
|-start|p1a: Gengar|perish3
|-start|p2b: Charizard|perish3
|-start|p2a: Kingambit|perish3
|-start|p1b: Politoed|perish3
|upkeep
|turn|6
|inactive|capacete5 has 30 seconds left.
|
|t:|1782430718
|move|p1a: Gengar|Protect|p1a: Gengar
|-singleturn|p1a: Gengar|Protect
|move|p1b: Politoed|Protect|p1b: Politoed
|-singleturn|p1b: Politoed|Protect
|move|p2b: Charizard|Solar Beam||[still]
|-prepare|p2b: Charizard|Solar Beam
|move|p2a: Kingambit|Iron Head|p1a: Gengar
|-activate|p1a: Gengar|move: Protect
|
|-weather|none
|-heal|p1b: Politoed|46/100 brn|[from] item: Leftovers
|-damage|p1b: Politoed|40/100 brn|[from] brn
|-start|p1a: Gengar|perish2
|-start|p2b: Charizard|perish2
|-start|p2a: Kingambit|perish2
|-start|p1b: Politoed|perish2
|upkeep
|turn|7
|
|t:|1782430743
|switch|p1a: Incineroar|Incineroar, L50, F|100/100
|-ability|p1a: Incineroar|Intimidate|boost
|-unboost|p2a: Kingambit|atk|1
|-ability|p2a: Kingambit|Defiant|boost
|-boost|p2a: Kingambit|atk|2
|-unboost|p2b: Charizard|atk|1
|move|p2b: Charizard|Solar Beam|p1b: Politoed|[from] lockedmove
|-supereffective|p1b: Politoed|1
|-damage|p1b: Politoed|0 fnt
|faint|p1b: Politoed
|move|p2a: Kingambit|Iron Head|p1a: Incineroar
|-resisted|p1a: Incineroar|1
|-damage|p1a: Incineroar|72/100
|
|-start|p2b: Charizard|perish1
|-start|p2a: Kingambit|perish1
|upkeep
|
|t:|1782430754
|switch|p1b: Gengar|Gengar-Mega, L50, F, shiny|57/100
|turn|8
|inactive|capacete5 has 30 seconds left.
|
|t:|1782430780
|move|p1b: Gengar|Protect|p1b: Gengar
|-singleturn|p1b: Gengar|Protect
|move|p1a: Incineroar|Protect|p1a: Incineroar
|-singleturn|p1a: Incineroar|Protect
|move|p2b: Charizard|Heat Wave|p1b: Gengar|[spread] 
|-activate|p1a: Incineroar|move: Protect
|-activate|p1b: Gengar|move: Protect
|move|p2a: Kingambit|Iron Head|p1a: Incineroar
|-activate|p1a: Incineroar|move: Protect
|
|-end|p2a: Kingambit|Disable
|-start|p2b: Charizard|perish0
|-start|p2a: Kingambit|perish0
|faint|p2b: Charizard
|faint|p2a: Kingambit
|upkeep
|
|t:|1782430797
|switch|p2b: Sylveon|Sylveon, L50, M|100/100
|turn|9
|
|t:|1782430815
|move|p1b: Gengar|Protect||[still]
|-fail|p1b: Gengar
|move|p2b: Sylveon|Hyper Voice|p1a: Incineroar|[spread] p1a,p1b
|-resisted|p1b: Gengar|1
|-damage|p1a: Incineroar|35/100
|-damage|p1b: Gengar|34/100
|-enditem|p1a: Incineroar|Sitrus Berry|[eat]
|-heal|p1a: Incineroar|60/100|[from] item: Sitrus Berry
|move|p1a: Incineroar|Parting Shot|p2b: Sylveon
|-unboost|p2b: Sylveon|atk|1
|-unboost|p2b: Sylveon|spa|1
|
|upkeep
|turn|10
|
|t:|1782430830
|move|p1b: Gengar|Sludge Bomb|p2b: Sylveon
|-supereffective|p2b: Sylveon|1
|-damage|p2b: Sylveon|17/100
|-status|p2b: Sylveon|psn
|move|p2b: Sylveon|Hyper Voice|p1a: Incineroar|[spread] p1a,p1b
|-resisted|p1b: Gengar|1
|-damage|p1a: Incineroar|37/100
|-damage|p1b: Gengar|17/100
|move|p1a: Incineroar|Parting Shot|p2b: Sylveon
|-unboost|p2b: Sylveon|atk|1
|-unboost|p2b: Sylveon|spa|1
|
|-damage|p2b: Sylveon|4/100 psn|[from] psn
|upkeep
|turn|11
|c|☆capacete5|tus muertos
|
|t:|1782430845
|move|p1b: Gengar|Protect|p1b: Gengar
|-singleturn|p1b: Gengar|Protect
|move|p1a: Incineroar|Protect|p1a: Incineroar
|-singleturn|p1a: Incineroar|Protect
|move|p2b: Sylveon|Hyper Voice|p1a: Incineroar|[spread] 
|-activate|p1a: Incineroar|move: Protect
|-activate|p1b: Gengar|move: Protect
|
|-damage|p2b: Sylveon|0 fnt|[from] psn
|faint|p2b: Sylveon
|
|win|VerVe1997
