|j|☆abscondia_licorice
|j|☆Gen4lover2
|html|abscondia_licoriceGen4lover2    
|uhtml|bestof|Game 2 of a best-of-3
|t:|1785880144
|gametype|doubles
|player|p1|abscondia_licorice|fisherman|1165
|player|p2|Gen4lover2|wallace|1257
|gen|9
|tier|[Gen 9 Champions] VGC 2026 Reg M-B (Bo3)
|rated|
|rule|Species Clause: Limit one of each Pokémon
|rule|Item Clause: Limit 1 of each item
|clearpoke
|poke|p1|Tyranitar, L50, M|
|poke|p1|Excadrill, L50, M|
|poke|p1|Gholdengo, L50|
|poke|p1|Milotic, L50, M|
|poke|p1|Sinistcha, L50|
|poke|p1|Staraptor, L50, F|
|poke|p2|Tyranitar, L50, M|
|poke|p2|Excadrill, L50, F|
|poke|p2|Staraptor, L50, F|
|poke|p2|Milotic, L50, F|
|poke|p2|Gholdengo, L50|
|poke|p2|Sinistcha-Masterpiece, L50|
|teampreview|4
|showteam|p1|Tyranitar||Tyranitarite|SandStream|RockSlide,KnockOff,LowKick,Protect|Jolly||M|||50|]Excadrill||FocusSash|SandRush|HighHorsepower,IronHead,RockSlide,Protect|Adamant||M|||50|]Gholdengo||LifeOrb|GoodasGold|MakeItRain,ShadowBall,NastyPlot,Protect|Modest|||||50|]Milotic||SitrusBerry|Competitive|Scald,IceBeam,IcyWind,Protect|Calm||M|||50|]Sinistcha||ColburBerry|Hospitality|MatchaGotcha,ShadowBall,RagePowder,Protect|Bold|||||50|]Staraptor||Staraptite|Intimidate|BraveBird,CloseCombat,Tailwind,Protect|Jolly||F|||50|
|showteam|p2|Tyranitar||Tyranitarite|SandStream|RockSlide,KnockOff,LowKick,Protect|Adamant||M|||50|]Excadrill||FocusSash|SandRush|HighHorsepower,IronHead,RockSlide,Protect|Adamant||F|||50|]Staraptor||Staraptite|Intimidate|BraveBird,CloseCombat,Tailwind,Protect|Jolly||F|||50|]Milotic||SitrusBerry|Competitive|Scald,IceBeam,Recover,Protect|Modest||F|||50|]Gholdengo||LifeOrb|GoodasGold|MakeItRain,ShadowBall,NastyPlot,Protect|Modest|||||50|]Sinistcha-Masterpiece||ColburBerry|Hospitality|MatchaGotcha,RagePowder,TrickRoom,Protect|Relaxed|||||50|
|inactive|Battle timer is ON: inactive players will automatically lose when time's up. (requested by Gen4lover2)
|inactive|abscondia_licorice also wants the timer to be on.
|inactive|abscondia_licorice has 60 seconds left.
|inactive|abscondia_licorice has 30 seconds left.
|
|t:|1785880206
|teamsize|p1|4
|teamsize|p2|4
|start
|switch|p1a: Tyranitar|Tyranitar, L50, M|100/100
|switch|p1b: Excadrill|Excadrill, L50, M|100/100
|switch|p2a: Tyranitar|Tyranitar, L50, M|100/100
|switch|p2b: Excadrill|Excadrill, L50, F|100/100
|-weather|Sandstorm|[from] ability: Sand Stream|[of] p1a: Tyranitar
|turn|1
|inactive|abscondia_licorice has 30 seconds left.
|
|t:|1785880240
|switch|p2a: Staraptor|Staraptor, L50, F|100/100
|-ability|p2a: Staraptor|Intimidate|boost
|-unboost|p1a: Tyranitar|atk|1
|-unboost|p1b: Excadrill|atk|1
|detailschange|p1a: Tyranitar|Tyranitar-Mega, L50, M
|-mega|p1a: Tyranitar|Tyranitar|Tyranitarite
|move|p1b: Excadrill|Protect|p1b: Excadrill
|-singleturn|p1b: Excadrill|Protect
|move|p2b: Excadrill|High Horsepower|p1a: Tyranitar
|-supereffective|p1a: Tyranitar|1
|-damage|p1a: Tyranitar|28/100
|move|p1a: Tyranitar|Rock Slide|p2b: Excadrill|[spread] p2a
|-miss|p1a: Tyranitar|p2b: Excadrill
|-supereffective|p2a: Staraptor|1
|-damage|p2a: Staraptor|43/100
|
|-weather|Sandstorm|[upkeep]
|-damage|p2a: Staraptor|37/100|[from] Sandstorm
|upkeep
|turn|2
|inactive|abscondia_licorice has 30 seconds left.
|inactive|Gen4lover2 has 30 seconds left.
|inactive|abscondia_licorice has 20 seconds left.
|inactive|Gen4lover2 has 20 seconds left.
|inactive|Gen4lover2 has 15 seconds left.
|
|t:|1785880280
|move|p1b: Excadrill|Iron Head|p2a: Staraptor
|-damage|p2a: Staraptor|0 fnt
|faint|p2a: Staraptor
|move|p2b: Excadrill|Rock Slide|p1a: Tyranitar|[spread] p1b
|-miss|p2b: Excadrill|p1a: Tyranitar
|-resisted|p1b: Excadrill|2
|-damage|p1b: Excadrill|93/100
|move|p1a: Tyranitar|Knock Off|p2b: Excadrill
|-damage|p2b: Excadrill|44/100
|-enditem|p2b: Excadrill|Focus Sash|[from] move: Knock Off|[of] p1a: Tyranitar
|
|-weather|Sandstorm|[upkeep]
|upkeep
|
|t:|1785880293
|switch|p2a: Sinistcha|Sinistcha-Masterpiece, L50|100/100
|-heal|p2b: Excadrill|69/100|[from] ability: Hospitality|[of] p2a: Sinistcha
|turn|3
|
|t:|1785880313
|switch|p1a: Milotic|Milotic, L50, M|100/100
|move|p1b: Excadrill|Protect|p1b: Excadrill
|-singleturn|p1b: Excadrill|Protect
|move|p2b: Excadrill|High Horsepower|p1b: Excadrill
|-activate|p1b: Excadrill|move: Protect
|move|p2a: Sinistcha|Matcha Gotcha|p1b: Excadrill|[spread] p1a
|-activate|p1b: Excadrill|move: Protect
|-supereffective|p1a: Milotic|1
|-damage|p1a: Milotic|69/100
|
|-weather|Sandstorm|[upkeep]
|-damage|p1a: Milotic|63/100|[from] Sandstorm
|-damage|p2a: Sinistcha|93/100|[from] Sandstorm
|upkeep
|turn|4
|inactive|abscondia_licorice has 30 seconds left.
|inactive|abscondia_licorice has 20 seconds left.
|
|t:|1785880348
|switch|p1b: Tyranitar|Tyranitar-Mega, L50, M|28/100
|move|p2b: Excadrill|High Horsepower|p1b: Tyranitar
|-supereffective|p1b: Tyranitar|1
|-damage|p1b: Tyranitar|0 fnt
|faint|p1b: Tyranitar
|move|p1a: Milotic|Ice Beam|p2a: Sinistcha
|-supereffective|p2a: Sinistcha|1
|-damage|p2a: Sinistcha|44/100
|move|p2a: Sinistcha|Matcha Gotcha|p1a: Milotic
|-supereffective|p1a: Milotic|1
|-damage|p1a: Milotic|20/100y
|-heal|p2a: Sinistcha|68/100|[from] drain|[of] p1a: Milotic
|-status|p1a: Milotic|brn
|-enditem|p1a: Milotic|Sitrus Berry|[eat]
|-heal|p1a: Milotic|45/100 brn|[from] item: Sitrus Berry
|
|-weather|Sandstorm|[upkeep]
|-damage|p1a: Milotic|39/100 brn|[from] Sandstorm
|-damage|p2a: Sinistcha|62/100|[from] Sandstorm
|-damage|p1a: Milotic|33/100 brn|[from] brn
|upkeep
|inactive|abscondia_licorice has 30 seconds left.
|
|t:|1785880373
|switch|p1b: Excadrill|Excadrill, L50, M|93/100
|turn|5
|
|t:|1785880391
|move|p2a: Sinistcha|Rage Powder|p2a: Sinistcha
|-singleturn|p2a: Sinistcha|move: Rage Powder
|move|p2b: Excadrill|High Horsepower|p1b: Excadrill
|-supereffective|p1b: Excadrill|1
|-damage|p1b: Excadrill|0 fnt
|faint|p1b: Excadrill
|move|p1a: Milotic|Ice Beam|p2a: Sinistcha
|-supereffective|p2a: Sinistcha|1
|-damage|p2a: Sinistcha|15/100
|
|-weather|none
|-damage|p1a: Milotic|27/100 brn|[from] brn
|upkeep
|
|t:|1785880400
|switch|p1b: Gholdengo|Gholdengo, L50|100/100
|turn|6
|
|t:|1785880410
|switch|p2a: Tyranitar|Tyranitar, L50, M|100/100
|-weather|Sandstorm|[from] ability: Sand Stream|[of] p2a: Tyranitar
|move|p2b: Excadrill|High Horsepower|p1a: Milotic
|-damage|p1a: Milotic|0 fnt
|faint|p1a: Milotic
|move|p1b: Gholdengo|Nasty Plot|p1b: Gholdengo
|-boost|p1b: Gholdengo|spa|2
|
|-weather|Sandstorm|[upkeep]
|upkeep
|turn|7
|
|t:|1785880427
|detailschange|p2a: Tyranitar|Tyranitar-Mega, L50, M
|-mega|p2a: Tyranitar|Tyranitar|Tyranitarite
|move|p2b: Excadrill|High Horsepower|p1b: Gholdengo
|-supereffective|p1b: Gholdengo|1
|-damage|p1b: Gholdengo|0 fnt
|faint|p1b: Gholdengo
|
|win|Gen4lover2
|raw|abscondia_licorice's rating: 1165 → 1146(-19 for losing)
|raw|Gen4lover2's rating: 1257 → 1276(+19 for winning)
