|j|‚òÜ50/50 Kamisama
|j|‚òÜGwinsGambit
|html|50/50 KamisamaGwinsGambit    
|uhtml|bestof|Game 3 of a best-of-3
|t:|1785509689
|gametype|doubles
|player|p1|50/50 Kamisama|acetrainersnowf|
|player|p2|GwinsGambit|266|
|gen|9
|tier|[Gen 9 Champions] VGC 2026 Reg M-B (Bo3)
|rule|Species Clause: Limit one of each Pok√©mon
|rule|Item Clause: Limit 1 of each item
|clearpoke
|poke|p1|Whimsicott, L50, F, shiny|
|poke|p1|Staraptor, L50, M, shiny|
|poke|p1|Glimmora, L50, F|
|poke|p1|Kingambit, L50, M, shiny|
|poke|p1|Garchomp, L50, F|
|poke|p1|Delphox, L50, F, shiny|
|poke|p2|Charizard, L50, F|
|poke|p2|Aerodactyl, L50, M|
|poke|p2|Farigiraf, L50, M|
|poke|p2|Garchomp, L50, F|
|poke|p2|Sylveon, L50, F|
|poke|p2|Kingambit, L50, F|
|teampreview|4
|showteam|p1|Whimsicott||OccaBerry|Prankster|Tailwind,Moonblast,Charm,LightScreen|Timid||F|||50|]Staraptor||Staraptite|Intimidate|CloseCombat,BraveBird,Roost,Protect|Jolly||M|||50|]Glimmora||FocusSash|ToxicDebris|SludgeBomb,PowerGem,EarthPower,SpikyShield|Modest||F|||50|]Kingambit||ChopleBerry|Defiant|KowtowCleave,SuckerPunch,IronHead,LowKick|Adamant||M|||50|]Garchomp||LifeOrb|RoughSkin|DragonClaw,Earthquake,RockSlide,Protect|Jolly||F|||50|]Delphox||Delphoxite|Blaze|HeatWave,Psychic,Substitute,Protect|Timid||F|||50|
|showteam|p2|Charizard||CharizarditeY|Blaze|HeatWave,SolarBeam,WeatherBall,Protect|Modest||F|||50|]Aerodactyl||Aerodactylite|Unnerve|RockSlide,DualWingbeat,IceFang,Tailwind|Jolly||M|||50|]Farigiraf||SitrusBerry|ArmorTail|Psychic,Thunderbolt,TrickRoom,Roar|Bold||M|||50|]Garchomp||LifeOrb|RoughSkin|Earthquake,DragonClaw,StompingTantrum,Protect|Jolly||F|||50|]Sylveon||FairyFeather|Pixilate|HyperVoice,HyperBeam,QuickAttack,Detect|Modest||F|||50|]Kingambit||FocusSash|Defiant|KowtowCleave,IronHead,SuckerPunch,LowKick|Adamant||F|||50|
|inactive|Battle timer is ON: inactive players will automatically lose when time's up. (requested by 50/50 Kamisama)
|
|t:|1785509716
|teamsize|p1|4
|teamsize|p2|4
|start
|switch|p1a: Garchomp|Garchomp, L50, F|100/100
|switch|p1b: Whimsicott|Whimsicott, L50, F, shiny|100/100
|switch|p2a: Aerodactyl|Aerodactyl, L50, M|100/100
|switch|p2b: Charizard|Charizard, L50, F|100/100
|-ability|p2a: Aerodactyl|Unnerve
|turn|1
|inactive|GwinsGambit has 30 seconds left.
|inactive|GwinsGambit has 20 seconds left.
|
|t:|1785509752
|detailschange|p2a: Aerodactyl|Aerodactyl-Mega, L50, M
|-mega|p2a: Aerodactyl|Aerodactyl|Aerodactylite
|move|p2b: Charizard|Protect|p2b: Charizard
|-singleturn|p2b: Charizard|Protect
|move|p1b: Whimsicott|Tailwind|p1b: Whimsicott
|-sidestart|p1: 50/50 Kamisama|move: Tailwind
|move|p1a: Garchomp|Rock Slide|p2b: Charizard|[spread] p2a
|-activate|p2b: Charizard|move: Protect
|-supereffective|p2a: Aerodactyl|1
|-damage|p2a: Aerodactyl|44/100
|-damage|p1a: Garchomp|90/100|[from] item: Life Orb
|move|p2a: Aerodactyl|Ice Fang|p1a: Garchomp
|-supereffective|p1a: Garchomp|2
|-damage|p1a: Garchomp|0 fnt
|-damage|p2a: Aerodactyl|31/100|[from] ability: Rough Skin|[of] p1a: Garchomp
|faint|p1a: Garchomp
|
|upkeep
|
|t:|1785509771
|switch|p1a: Staraptor|Staraptor, L50, M, shiny|100/100
|-ability|p1a: Staraptor|Intimidate|boost
|-unboost|p2a: Aerodactyl|atk|1
|-unboost|p2b: Charizard|atk|1
|turn|2
|
|t:|1785509790
|switch|p2b: Farigiraf|Farigiraf, L50, M|100/100
|detailschange|p1a: Staraptor|Staraptor-Mega, L50, M, shiny
|-mega|p1a: Staraptor|Staraptor|Staraptite
|move|p1b: Whimsicott|Light Screen|p1b: Whimsicott
|-sidestart|p1: 50/50 Kamisama|move: Light Screen
|move|p1a: Staraptor|Close Combat|p2a: Aerodactyl
|-damage|p2a: Aerodactyl|0 fnt
|-boost|p1a: Staraptor|def|1
|-boost|p1a: Staraptor|spd|1
|faint|p2a: Aerodactyl
|
|upkeep
|
|t:|1785509802
|switch|p2a: Charizard|Charizard, L50, F|100/100
|turn|3
|c|‚òÜ50/50 Kamisama|passive play
|c|‚òÜ50/50 Kamisama|???
|c|‚òÜ50/50 Kamisama|not sure tho
|inactive|50/50 Kamisama has 30 seconds left.
|
|t:|1785509834
|move|p1b: Whimsicott|Charm|p1a: Staraptor
|-boost|p1a: Staraptor|atk|2
|move|p1a: Staraptor|Close Combat|p2b: Farigiraf
|-damage|p2b: Farigiraf|15/100
|-boost|p1a: Staraptor|def|1
|-boost|p1a: Staraptor|spd|1
|-enditem|p2b: Farigiraf|Sitrus Berry|[eat]
|-heal|p2b: Farigiraf|40/100|[from] item: Sitrus Berry
|move|p2a: Charizard|Heat Wave|p1a: Staraptor|[spread] p1a,p1b
|-supereffective|p1b: Whimsicott|1
|-enditem|p1b: Whimsicott|Occa Berry|[eat]
|-enditem|p1b: Whimsicott|Occa Berry|[weaken]
|-damage|p1a: Staraptor|89/100
|-damage|p1b: Whimsicott|70/100
|move|p2b: Farigiraf|Roar|p1a: Staraptor
|drag|p1a: Kingambit|Kingambit, L50, M, shiny|100/100
|
|upkeep
|turn|4
|inactive|50/50 Kamisama has 30 seconds left.
|
|t:|1785509866
|switch|p2b: Kingambit|Kingambit, L50, F|100/100
|move|p1b: Whimsicott|Charm|p1a: Kingambit
|-unboost|p1a: Kingambit|atk|2
|move|p1a: Kingambit|Kowtow Cleave|p2b: Kingambit
|-resisted|p2b: Kingambit|1
|-damage|p2b: Kingambit|88/100
|move|p2a: Charizard|Heat Wave|p1a: Kingambit|[spread] p1b
|-miss|p2a: Charizard|p1a: Kingambit
|-supereffective|p1b: Whimsicott|1
|-damage|p1b: Whimsicott|13/100
|
|-sideend|p1: 50/50 Kamisama|move: Tailwind
|upkeep
|turn|5
|c|‚òÜ50/50 Kamisama|Ay
|c|‚òÜ50/50 Kamisama|DI PALA NAGANA YON
|c|‚òÜ50/50 Kamisama|WAHAHAHHAHA
|c|‚òÜGwinsGambit|HAHAHA
|inactive|50/50 Kamisama has 30 seconds left.
|inactive|GwinsGambit has 30 seconds left.
|
|t:|1785509900
|move|p1a: Kingambit|Sucker Punch|p2a: Charizard
|-damage|p2a: Charizard|78/100
|move|p1b: Whimsicott|Moonblast|p2b: Kingambit
|-damage|p2b: Kingambit|58/100
|move|p2a: Charizard|Heat Wave|p1a: Kingambit|[spread] p1a,p1b
|-supereffective|p1a: Kingambit|1
|-supereffective|p1b: Whimsicott|1
|-crit|p1b: Whimsicott
|-damage|p1a: Kingambit|58/100
|-damage|p1b: Whimsicott|0 fnt
|faint|p1b: Whimsicott
|move|p2b: Kingambit|Kowtow Cleave|p1a: Kingambit
|-resisted|p1a: Kingambit|1
|-damage|p1a: Kingambit|39/100
|
|upkeep
|
|t:|1785509903
|switch|p1b: Staraptor|Staraptor-Mega, L50, M, shiny|89/100
|turn|6
|
|t:|1785509919
|switch|p2b: Farigiraf|Farigiraf, L50, M|40/100
|move|p2a: Charizard|Protect|p2a: Charizard
|-singleturn|p2a: Charizard|Protect
|move|p1a: Kingambit|Sucker Punch||[still]
|cant|p2b: Farigiraf|ability: Armor Tail|Sucker Punch|[of] p1a: Kingambit
|move|p1b: Staraptor|Close Combat|p2b: Farigiraf
|-damage|p2b: Farigiraf|0 fnt
|-boost|p1b: Staraptor|def|1
|-boost|p1b: Staraptor|spd|1
|faint|p2b: Farigiraf
|
|-sideend|p1: 50/50 Kamisama|move: Light Screen
|upkeep
|
|t:|1785509931
|switch|p2b: Kingambit|Kingambit, L50, F|58/100
|turn|7
|c|‚òÜ50/50 Kamisama|I think dapat tumira ka don
|c|‚òÜ50/50 Kamisama|Wala naman papatay sa zard mo
|c|‚òÜGwinsGambit|oo n g a  eh
|inactive|50/50 Kamisama has 30 seconds left.
|inactive|GwinsGambit has 30 seconds left.
|c|‚òÜ50/50 Kamisama|nag switch out kapa fari for the sucker
|inactive|50/50 Kamisama has 20 seconds left.
|
|t:|1785509968
|move|p2b: Kingambit|Sucker Punch|p1b: Staraptor
|-resisted|p1b: Staraptor|1
|-damage|p1b: Staraptor|76/100
|move|p1a: Kingambit|Sucker Punch|p2a: Charizard
|-damage|p2a: Charizard|58/100
|move|p1b: Staraptor|Close Combat|p2b: Kingambit
|-supereffective|p2b: Kingambit|2
|-damage|p2b: Kingambit|0 fnt
|-boost|p1b: Staraptor|def|1
|-boost|p1b: Staraptor|spd|1
|faint|p2b: Kingambit
|move|p2a: Charizard|Heat Wave|p1a: Kingambit|[spread] p1a,p1b
|-supereffective|p1a: Kingambit|1
|-damage|p1a: Kingambit|0 fnt
|-damage|p1b: Staraptor|61/100
|faint|p1a: Kingambit
|
|upkeep
|turn|8
|c|‚òÜ50/50 Kamisama|nakapag setup pa staraptor ko hahaha
|
|t:|1785509984
|move|p1b: Staraptor|Close Combat|p2a: Charizard
|-resisted|p2a: Charizard|1
|-damage|p2a: Charizard|32/100
|-boost|p1b: Staraptor|def|1
|-boost|p1b: Staraptor|spd|1
|move|p2a: Charizard|Weather Ball|p1b: Staraptor
|-damage|p1b: Staraptor|55/100
|
|upkeep
|turn|9
|
|t:|1785509994
|move|p1b: Staraptor|Roost|p1b: Staraptor
|-heal|p1b: Staraptor|100/100
|-singleturn|p1b: Staraptor|move: Roost
|move|p2a: Charizard|Solar Beam||[still]
|-prepare|p2a: Charizard|Solar Beam
|
|upkeep
|turn|10
|
|t:|1785510001
|move|p1b: Staraptor|Brave Bird|p2a: Charizard
|-damage|p2a: Charizard|0 fnt
|faint|p2a: Charizard
|-damage|p1b: Staraptor|89/100|[from] Recoil
|
|win|50/50 Kamisama
|l|‚òÜGwinsGambit
|player|p2|
