|j|☆OdeioPeugeot
|j|☆ImprobableBlob
|html|OdeioPeugeotImprobableBlob    
|uhtml|bestof|Game 1 of a best-of-3
|t:|1783419577
|gametype|doubles
|player|p1|OdeioPeugeot|swimmer-gen4dp|1218
|player|p2|ImprobableBlob|jasmine|1137
|gen|9
|tier|[Gen 9 Champions] VGC 2026 Reg M-B (Bo3)
|rated|
|rule|Species Clause: Limit one of each Pokémon
|rule|Item Clause: Limit 1 of each item
|clearpoke
|poke|p1|Basculegion, L50, M|
|poke|p1|Whimsicott, L50, F|
|poke|p1|Kingambit, L50, M|
|poke|p1|Garchomp, L50, M|
|poke|p1|Floette-Eternal, L50, F|
|poke|p1|Charizard, L50, F|
|poke|p2|Staraptor, L50, M|
|poke|p2|Gholdengo, L50|
|poke|p2|Whimsicott, L50, M|
|poke|p2|Garchomp, L50, M|
|poke|p2|Delphox, L50, M|
|poke|p2|Rotom-Wash, L50|
|teampreview|4
|showteam|p1|Basculegion||LifeOrb|Adaptability|WaveCrash,LastRespects,AquaJet,Protect|Adamant||M|||50|]Whimsicott||FocusSash|Prankster|Moonblast,Encore,Tailwind,Protect|Timid||F|||50|]Kingambit||ChopleBerry|Defiant|KowtowCleave,IronHead,SuckerPunch,LowKick|Adamant||M|||50|]Garchomp||SitrusBerry|RoughSkin|Earthquake,DragonClaw,RockSlide,Protect|Adamant||M|||50|]Floette-Eternal||Floettite|FlowerVeil|Moonblast,DazzlingGleam,LightofRuin,Protect|Modest||F|||50|]Charizard||CharizarditeY|Blaze|HeatWave,SolarBeam,WeatherBall,Protect|Modest||F|||50|
|showteam|p2|Staraptor||Staraptite|Intimidate|CloseCombat,BraveBird,Protect,Roost|Jolly||M|||50|]Gholdengo||LifeOrb|GoodasGold|NastyPlot,Protect,MakeItRain,ShadowBall|Timid|||||50|]Whimsicott||FocusSash|Prankster|Tailwind,Encore,Protect,FakeTears|Timid||M|||50|]Garchomp||SitrusBerry|RoughSkin|Protect,Earthquake,RockSlide,DragonClaw|Adamant||M|||50|]Delphox||Delphoxite|Blaze|NastyPlot,Protect,HeatWave,Psyshock|Timid||M|||50|]Rotom-Wash||ChoiceScarf|Levitate|VoltSwitch,Electroweb,WillOWisp,HydroPump|Timid|||||50|
|inactive|Battle timer is ON: inactive players will automatically lose when time's up. (requested by OdeioPeugeot)
|inactive|ImprobableBlob also wants the timer to be on.
|
|t:|1783419598
|teamsize|p1|4
|teamsize|p2|4
|start
|switch|p1a: Whimsicott|Whimsicott, L50, F|100/100
|switch|p1b: Floette|Floette-Eternal, L50, F|100/100
|switch|p2a: Staraptor|Staraptor, L50, M|100/100
|switch|p2b: Whimsicott|Whimsicott, L50, M|100/100
|-ability|p2a: Staraptor|Intimidate|boost
|-block|p1a: Whimsicott|ability: Flower Veil|[of] p1b: Floette
|-unboost|p1b: Floette|atk|1
|turn|1
|inactive|OdeioPeugeot has 30 seconds left.
|
|t:|1783419627
|switch|p2a: Gholdengo|Gholdengo, L50|100/100
|detailschange|p1b: Floette|Floette-Mega, L50, F
|-mega|p1b: Floette|Floette|Floettite
|-ability|p1b: Floette|Fairy Aura
|move|p1a: Whimsicott|Tailwind|p1a: Whimsicott
|-sidestart|p1: OdeioPeugeot|move: Tailwind
|move|p2b: Whimsicott|Tailwind|p2b: Whimsicott
|-sidestart|p2: ImprobableBlob|move: Tailwind
|move|p1b: Floette|Dazzling Gleam|p2a: Gholdengo|[spread] p2a,p2b
|-resisted|p2a: Gholdengo|1
|-damage|p2a: Gholdengo|71/100
|-damage|p2b: Whimsicott|21/100
|
|upkeep
|turn|2
|inactive|OdeioPeugeot has 30 seconds left.
|inactive|ImprobableBlob has 30 seconds left.
|
|t:|1783419656
|switch|p1b: Garchomp|Garchomp, L50, M|100/100
|move|p2b: Whimsicott|Encore|p1a: Whimsicott
|-start|p1a: Whimsicott|Encore
|move|p1a: Whimsicott|Tailwind||[still]
|-fail|p1a: Whimsicott
|move|p2a: Gholdengo|Make It Rain|p1a: Whimsicott|[spread] p1a
|-miss|p2a: Gholdengo|p1b: Garchomp
|-supereffective|p1a: Whimsicott|1
|-enditem|p1a: Whimsicott|Focus Sash
|-damage|p1a: Whimsicott|1/100
|-unboost|p2a: Gholdengo|spa|2
|-damage|p2a: Gholdengo|62/100|[from] item: Life Orb
|
|upkeep
|turn|3
|
|t:|1783419680
|switch|p1a: Basculegion|Basculegion, L50, M|100/100
|switch|p2b: Rotom|Rotom-Wash, L50|100/100
|switch|p2a: Staraptor|Staraptor, L50, M|100/100
|-ability|p2a: Staraptor|Intimidate|boost
|-unboost|p1a: Basculegion|atk|1
|-unboost|p1b: Garchomp|atk|1
|move|p1b: Garchomp|Rock Slide|p2a: Staraptor|[spread] p2a,p2b
|-supereffective|p2a: Staraptor|1
|-damage|p2a: Staraptor|64/100
|-damage|p2b: Rotom|81/100
|
|upkeep
|turn|4
|
|t:|1783419702
|detailschange|p2a: Staraptor|Staraptor-Mega, L50, M
|-mega|p2a: Staraptor|Staraptor|Staraptite
|move|p2b: Rotom|Volt Switch|p1a: Basculegion
|-supereffective|p1a: Basculegion|1
|-damage|p1a: Basculegion|25/100
|
|t:|1783419706
|switch|p2b: Whimsicott|Whimsicott, L50, M|21/100|[from] Volt Switch
|move|p2a: Staraptor|Close Combat|p1b: Garchomp
|-damage|p1b: Garchomp|41/100
|-boost|p2a: Staraptor|def|1
|-boost|p2a: Staraptor|spd|1
|-damage|p2a: Staraptor|51/100|[from] ability: Rough Skin|[of] p1b: Garchomp
|-enditem|p1b: Garchomp|Sitrus Berry|[eat]
|-heal|p1b: Garchomp|65/100|[from] item: Sitrus Berry
|move|p1b: Garchomp|Rock Slide|p2a: Staraptor|[spread] p2a,p2b
|-damage|p2a: Staraptor|42/100
|-damage|p2b: Whimsicott|7/100
|move|p1a: Basculegion|Wave Crash|p2a: Staraptor
|-damage|p2a: Staraptor|0 fnt
|faint|p2a: Staraptor
|-damage|p1a: Basculegion|13/100|[from] Recoil
|-damage|p1a: Basculegion|3/100|[from] item: Life Orb
|
|-sideend|p2: ImprobableBlob|move: Tailwind
|-sideend|p1: OdeioPeugeot|move: Tailwind
|upkeep
|
|t:|1783419720
|switch|p2a: Gholdengo|Gholdengo, L50|62/100
|turn|5
|
|t:|1783419744
|move|p2b: Whimsicott|Tailwind|p2b: Whimsicott
|-sidestart|p2: ImprobableBlob|move: Tailwind
|move|p1a: Basculegion|Aqua Jet|p2b: Whimsicott
|-resisted|p2b: Whimsicott|1
|-damage|p2b: Whimsicott|0 fnt
|faint|p2b: Whimsicott
|-damage|p1a: Basculegion|0 fnt|[from] item: Life Orb
|faint|p1a: Basculegion
|move|p2a: Gholdengo|Make It Rain|p1b: Garchomp
|-damage|p1b: Garchomp|0 fnt
|-unboost|p2a: Gholdengo|spa|2
|faint|p1b: Garchomp
|-damage|p2a: Gholdengo|52/100|[from] item: Life Orb
|
|upkeep
|
|t:|1783419754
|switch|p2b: Rotom|Rotom-Wash, L50|81/100
|switch|p1b: Floette|Floette-Mega, L50, F|100/100
|switch|p1a: Whimsicott|Whimsicott, L50, F|1/100
|-ability|p1b: Floette|Fairy Aura
|turn|6
|
|t:|1783419772
|move|p1a: Whimsicott|Tailwind|p1a: Whimsicott
|-sidestart|p1: OdeioPeugeot|move: Tailwind
|move|p2b: Rotom|Electroweb|p1a: Whimsicott|[spread] p1a,p1b
|-resisted|p1a: Whimsicott|1
|-damage|p1a: Whimsicott|0 fnt
|-damage|p1b: Floette|84/100
|-unboost|p1b: Floette|spe|1
|faint|p1a: Whimsicott
|move|p2a: Gholdengo|Nasty Plot|p2a: Gholdengo
|-boost|p2a: Gholdengo|spa|2
|move|p1b: Floette|Dazzling Gleam|p2b: Rotom|[spread] p2a,p2b
|-resisted|p2a: Gholdengo|1
|-crit|p2a: Gholdengo
|-damage|p2a: Gholdengo|9/100
|-damage|p2b: Rotom|10/100
|
|upkeep
|turn|7
|
|t:|1783419784
|move|p2b: Rotom|Electroweb|p1b: Floette
|-damage|p1b: Floette|62/100
|-unboost|p1b: Floette|spe|1
|move|p2a: Gholdengo|Make It Rain|p1b: Floette|[miss]
|-miss|p2a: Gholdengo|p1b: Floette
|move|p1b: Floette|Dazzling Gleam|p2b: Rotom|[spread] p2a,p2b
|-resisted|p2a: Gholdengo|1
|-damage|p2a: Gholdengo|0 fnt
|-damage|p2b: Rotom|0 fnt
|faint|p2a: Gholdengo
|faint|p2b: Rotom
|
|win|OdeioPeugeot
||ImprobableBlob is ready for game 2.
|inactive|OdeioPeugeot has 30 seconds to confirm battle start!
||OdeioPeugeot is ready for game 2.
|uhtml|next|Next: Game 2 of 3
|l|☆ImprobableBlob
|player|p2|
