|j|☆Scytri
|j|☆evilmayheem
|html|Scytrievilmayheem    
|uhtml|bestof|Game 1 of a best-of-3
|t:|1782565558
|gametype|doubles
|player|p1|Scytri|170|1180
|player|p2|evilmayheem|crasherwake|1187
|gen|9
|tier|[Gen 9 Champions] VGC 2026 Reg M-B (Bo3)
|rated|
|rule|Species Clause: Limit one of each Pokémon
|rule|Item Clause: Limit 1 of each item
|clearpoke
|poke|p1|Sceptile, L50, M|
|poke|p1|Rotom-Heat, L50|
|poke|p1|Aerodactyl, L50, F|
|poke|p1|Gholdengo, L50|
|poke|p1|Floette-Eternal, L50, F|
|poke|p1|Garchomp, L50, M|
|poke|p2|Tyranitar, L50, F|
|poke|p2|Garchomp, L50, M|
|poke|p2|Sinistcha, L50|
|poke|p2|Sylveon, L50, F|
|poke|p2|Corviknight, L50, F|
|poke|p2|Sneasler, L50, F|
|teampreview|4
|showteam|p1|Sceptile||Sceptilite|Overgrow|DragonPulse,EnergyBall,Detect,EarthPower|Timid||M|||50|]Rotom-Heat||ChoiceScarf|Levitate|Discharge,Thunderbolt,Overheat,VoltSwitch|Timid|||||50|]Aerodactyl||FocusSash|Pressure|Tailwind,Taunt,RockSlide,Protect|Jolly||F|||50|]Gholdengo||LifeOrb|GoodasGold|MakeItRain,ShadowBall,Protect,NastyPlot|Modest|||||50|]Floette-Eternal||Floettite|FlowerVeil|LightofRuin,Moonblast,DazzlingGleam,Protect|Serious||F|||50|]Garchomp||ExpertBelt|RoughSkin|Earthquake,RockSlide,DragonClaw,Protect|Adamant||M|||50|
|showteam|p2|Tyranitar||Tyranitarite|SandStream|KnockOff,RockSlide,Protect,DragonDance|Adamant||F|||50|]Garchomp||Garchompite|RoughSkin|Earthquake,RockSlide,Protect,DragonClaw|Adamant||M|||50|]Sinistcha||SitrusBerry|Hospitality|TrickRoom,MatchaGotcha,RagePowder,Protect|Bold|||||50|]Sylveon||FairyFeather|Pixilate|Detect,HyperBeam,HyperVoice,QuickAttack|Modest||F|||50|]Corviknight||Leftovers|MirrorArmor|Tailwind,BulkUp,Protect,BraveBird|Careful||F|||50|]Sneasler||WhiteHerb|Unburden|CloseCombat,DireClaw,FakeOut,Protect|Jolly||F|||50|
|inactive|Battle timer is ON: inactive players will automatically lose when time's up. (requested by Scytri)
|
|t:|1782565593
|teamsize|p1|4
|teamsize|p2|4
|start
|switch|p1a: Sceptile|Sceptile, L50, M|100/100
|switch|p1b: Rotom|Rotom-Heat, L50|100/100
|switch|p2a: Corviknight|Corviknight, L50, F|100/100
|switch|p2b: Garchomp|Garchomp, L50, M|100/100
|turn|1
|
|t:|1782565605
|detailschange|p1a: Sceptile|Sceptile-Mega, L50, M
|-mega|p1a: Sceptile|Sceptile|Sceptilite
|move|p2b: Garchomp|Protect|p2b: Garchomp
|-singleturn|p2b: Garchomp|Protect
|move|p1b: Rotom|Discharge|p2a: Corviknight|[spread] p2a
|-activate|p2b: Garchomp|move: Protect
|-ability|p1a: Sceptile|Lightning Rod|boost
|-boost|p1a: Sceptile|spa|1
|-supereffective|p2a: Corviknight|1
|-damage|p2a: Corviknight|66/100
|move|p1a: Sceptile|Dragon Pulse|p2b: Garchomp
|-activate|p2b: Garchomp|move: Protect
|move|p2a: Corviknight|Tailwind|p2a: Corviknight
|-sidestart|p2: evilmayheem|move: Tailwind
|
|-heal|p2a: Corviknight|72/100|[from] item: Leftovers
|upkeep
|turn|2
|
|t:|1782565618
|move|p1a: Sceptile|Detect|p1a: Sceptile
|-singleturn|p1a: Sceptile|Protect
|move|p2b: Garchomp|Dragon Claw|p1a: Sceptile
|-activate|p1a: Sceptile|move: Protect
|move|p1b: Rotom|Discharge|p2a: Corviknight|[spread] p2a
|-activate|p1a: Sceptile|move: Protect
|-immune|p2b: Garchomp
|-supereffective|p2a: Corviknight|1
|-damage|p2a: Corviknight|39/100
|-status|p2a: Corviknight|par
|cant|p2a: Corviknight|par
|
|-heal|p2a: Corviknight|45/100 par|[from] item: Leftovers
|upkeep
|turn|3
|
|t:|1782565628
|switch|p1a: Gholdengo|Gholdengo, L50|100/100
|detailschange|p2b: Garchomp|Garchomp-Mega, L50, M
|-mega|p2b: Garchomp|Garchomp|Garchompite
|move|p2a: Corviknight|Protect|p2a: Corviknight
|-singleturn|p2a: Corviknight|Protect
|move|p1b: Rotom|Discharge|p2a: Corviknight|[spread] p1a
|-activate|p2a: Corviknight|move: Protect
|-immune|p2b: Garchomp
|-damage|p1a: Gholdengo|71/100
|move|p2b: Garchomp|Dragon Claw|p1a: Gholdengo
|-resisted|p1a: Gholdengo|1
|-damage|p1a: Gholdengo|44/100
|
|-heal|p2a: Corviknight|51/100 par|[from] item: Leftovers
|upkeep
|turn|4
|
|t:|1782565639
|move|p1a: Gholdengo|Protect|p1a: Gholdengo
|-singleturn|p1a: Gholdengo|Protect
|move|p2a: Corviknight|Protect||[still]
|-fail|p2a: Corviknight
|move|p2b: Garchomp|Dragon Claw|p1a: Gholdengo
|-activate|p1a: Gholdengo|move: Protect
|move|p1b: Rotom|Discharge|p2a: Corviknight|[spread] p2a
|-activate|p1a: Gholdengo|move: Protect
|-immune|p2b: Garchomp
|-supereffective|p2a: Corviknight|1
|-damage|p2a: Corviknight|16/100 par
|
|-heal|p2a: Corviknight|21/100 par|[from] item: Leftovers
|-sideend|p2: evilmayheem|move: Tailwind
|upkeep
|turn|5
|
|t:|1782565657
|move|p1b: Rotom|Discharge|p2b: Garchomp|[spread] p1a,p2a
|-immune|p2b: Garchomp
|-supereffective|p2a: Corviknight|1
|-damage|p1a: Gholdengo|19/100
|-damage|p2a: Corviknight|0 fnt
|faint|p2a: Corviknight
|move|p1a: Gholdengo|Make It Rain|p2b: Garchomp
|-crit|p2b: Garchomp
|-damage|p2b: Garchomp|0 fnt
|-unboost|p1a: Gholdengo|spa|2
|faint|p2b: Garchomp
|-damage|p1a: Gholdengo|9/100|[from] item: Life Orb
|
|upkeep
|c|☆evilmayheem|wtf
|c|☆evilmayheem|is that rng my guy
|
|t:|1782565678
|switch|p2b: Sneasler|Sneasler, L50, F|100/100
|switch|p2a: Sylveon|Sylveon, L50, F|100/100
|turn|6
|
|t:|1782565693
|move|p2a: Sylveon|Detect|p2a: Sylveon
|-singleturn|p2a: Sylveon|Protect
|move|p1b: Rotom|Discharge|p2a: Sylveon|[spread] p1a,p2b
|-activate|p2a: Sylveon|move: Protect
|-damage|p1a: Gholdengo|0 fnt
|-damage|p2b: Sneasler|69/100
|faint|p1a: Gholdengo
|move|p2b: Sneasler|Close Combat|p1b: Rotom
|-damage|p1b: Rotom|22/100
|-unboost|p2b: Sneasler|def|1
|-unboost|p2b: Sneasler|spd|1
|-enditem|p2b: Sneasler|White Herb
|-clearnegativeboost|p2b: Sneasler|[silent]
|
|upkeep
|
|t:|1782565702
|switch|p1a: Sceptile|Sceptile-Mega, L50, M|100/100
|turn|7
|
|t:|1782565710
|move|p2b: Sneasler|Dire Claw|p1b: Rotom
|-damage|p1b: Rotom|0 fnt
|faint|p1b: Rotom
|move|p1a: Sceptile|Earth Power|p2b: Sneasler
|-supereffective|p2b: Sneasler|1
|-damage|p2b: Sneasler|0 fnt
|faint|p2b: Sneasler
|move|p2a: Sylveon|Hyper Voice|p1a: Sceptile
|-supereffective|p1a: Sceptile|1
|-damage|p1a: Sceptile|0 fnt
|faint|p1a: Sceptile
|
|upkeep
|
|t:|1782565714
|switch|p1b: Aerodactyl|Aerodactyl, L50, F|100/100
|-ability|p1b: Aerodactyl|Pressure
|turn|8
|
|t:|1782565719
|move|p1b: Aerodactyl|Rock Slide|p2a: Sylveon
|-damage|p2a: Sylveon|56/100
|cant|p2a: Sylveon|flinch
|
|upkeep
|turn|9
|c|☆Scytri|imagine
|
|t:|1782565734
|move|p1b: Aerodactyl|Rock Slide|p2a: Sylveon
|-damage|p2a: Sylveon|17/100
|cant|p2a: Sylveon|flinch
|
|upkeep
|turn|10
|c|☆evilmayheem|im lowkey killing myself
|inactive|evilmayheem has 30 seconds left.
|inactive|evilmayheem has 20 seconds left.
|inactive|evilmayheem has 15 seconds left.
|inactive|evilmayheem has 10 seconds left.
|c|☆evilmayheem|6% para twice + crit + this
|
|t:|1782565781
|move|p1b: Aerodactyl|Rock Slide|p2a: Sylveon
|-damage|p2a: Sylveon|0 fnt
|faint|p2a: Sylveon
|
|win|Scytri
||evilmayheem is ready for game 2.
||Scytri is ready for game 2.
|uhtml|next|Next: Game 2 of 3
