|j|☆Era ella
|j|☆ushitsune
|html|Era ellaushitsune    
|uhtml|bestof|Game 2 of a best-of-3
|t:|1783335922
|gametype|doubles
|player|p1|Era ella|nate|1084
|player|p2|ushitsune|winona|1150
|gen|9
|tier|[Gen 9 Champions] VGC 2026 Reg M-B (Bo3)
|rated|
|rule|Species Clause: Limit one of each Pokémon
|rule|Item Clause: Limit 1 of each item
|clearpoke
|poke|p1|Farigiraf, L50, M|
|poke|p1|Camerupt, L50, F|
|poke|p1|Vivillon, L50, M|
|poke|p1|Kingambit, L50, F|
|poke|p1|Sylveon, L50, F|
|poke|p1|Venusaur, L50, F|
|poke|p2|Gallade, L50, M, shiny|
|poke|p2|Milotic, L50, F, shiny|
|poke|p2|Arcanine-Hisui, L50, F, shiny|
|poke|p2|Sylveon, L50, F|
|poke|p2|Skarmory, L50, F|
|poke|p2|Whimsicott, L50, M|
|teampreview|4
|showteam|p1|Farigiraf||SitrusBerry|ArmorTail|Psychic,Thunderbolt,TrickRoom,Protect|Bold||M|||50|]Camerupt||Cameruptite|SolidRock|HeatWave,EarthPower,AncientPower,Protect|Quiet||F|||50|]Vivillon||FocusSash|CompoundEyes|Hurricane,SleepPowder,RagePowder,Protect|Serious||M|||50|]Kingambit||BlackGlasses|Defiant|KowtowCleave,SuckerPunch,SwordsDance,Protect|Adamant||F|||50|]Sylveon||LifeOrb|Pixilate|HyperVoice,HyperBeam,QuickAttack,Detect|Quiet||F|||50|]Venusaur||Venusaurite|Chlorophyll|GigaDrain,SludgeBomb,EarthPower,Protect|Modest||F|||50|
|showteam|p2|Gallade||Galladite|Sharpness|PsychoCut,SacredSword,Protect,ShadowSneak|Jolly||M|||50|]Milotic||Leftovers|Competitive|Scald,LifeDew,IcyWind,Protect|Bold||F|||50|]Arcanine-Hisui||FocusSash|RockHead|FlareBlitz,HeadSmash,ExtremeSpeed,Protect|Jolly||F|||50|]Sylveon||SitrusBerry|Pixilate|HyperVoice,Yawn,Detect,Psyshock|Bold||F|||50|]Skarmory||Skarmorite|Sturdy|IronHead,BraveBird,RockTomb,Protect|Jolly||F|||50|]Whimsicott||OccaBerry|Prankster|EnergyBall,Encore,Tailwind,SunnyDay|Timid||M|||50|
|inactive|Battle timer is ON: inactive players will automatically lose when time's up. (requested by Era ella)
|inactive|Era ella has 60 seconds left.
|
|t:|1783335978
|teamsize|p1|4
|teamsize|p2|4
|start
|switch|p1a: Vivillon|Vivillon, L50, M|100/100
|switch|p1b: Venusaur|Venusaur, L50, F|100/100
|switch|p2a: Arcanine|Arcanine-Hisui, L50, F, shiny|100/100
|switch|p2b: Sylveon|Sylveon, L50, F|100/100
|turn|1
|
|t:|1783335998
|detailschange|p1b: Venusaur|Venusaur-Mega, L50, F
|-mega|p1b: Venusaur|Venusaur|Venusaurite
|move|p2a: Arcanine|Flare Blitz|p1b: Venusaur
|-supereffective|p1b: Venusaur|1
|-damage|p1b: Venusaur|55/100
|-status|p1b: Venusaur|brn
|move|p1a: Vivillon|Sleep Powder|p2b: Sylveon
|-status|p2b: Sylveon|slp|[from] move: Sleep Powder
|move|p1b: Venusaur|Earth Power|p2a: Arcanine
|-supereffective|p2a: Arcanine|2
|-enditem|p2a: Arcanine|Focus Sash
|-damage|p2a: Arcanine|1/100
|cant|p2b: Sylveon|slp
|
|-damage|p1b: Venusaur|49/100 brn|[from] brn
|upkeep
|turn|2
|
|t:|1783336020
|move|p2a: Arcanine|Protect|p2a: Arcanine
|-singleturn|p2a: Arcanine|Protect
|move|p1a: Vivillon|Rage Powder|p1a: Vivillon
|-singleturn|p1a: Vivillon|move: Rage Powder
|move|p1b: Venusaur|Sludge Bomb|p2b: Sylveon
|-supereffective|p2b: Sylveon|1
|-damage|p2b: Sylveon|42/100 slp
|-enditem|p2b: Sylveon|Sitrus Berry|[eat]
|-heal|p2b: Sylveon|67/100 slp|[from] item: Sitrus Berry
|-curestatus|p2b: Sylveon|slp|[msg]
|move|p2b: Sylveon|Hyper Voice|p1b: Venusaur|[spread] p1a,p1b
|-resisted|p1b: Venusaur|1
|-damage|p1a: Vivillon|42/100
|-damage|p1b: Venusaur|36/100 brn
|
|-damage|p1b: Venusaur|30/100 brn|[from] brn
|upkeep
|turn|3
|
|t:|1783336038
|move|p2a: Arcanine|Extreme Speed|p1b: Venusaur
|-damage|p1b: Venusaur|10/100 brn
|move|p1a: Vivillon|Rage Powder|p1a: Vivillon
|-singleturn|p1a: Vivillon|move: Rage Powder
|move|p1b: Venusaur|Sludge Bomb|p2b: Sylveon
|-supereffective|p2b: Sylveon|1
|-damage|p2b: Sylveon|0 fnt
|faint|p2b: Sylveon
|
|-damage|p1b: Venusaur|4/100 brn|[from] brn
|upkeep
|
|t:|1783336052
|switch|p2b: Gallade|Gallade, L50, M, shiny|100/100
|turn|4
|
|t:|1783336066
|switch|p1b: Farigiraf|Farigiraf, L50, M|100/100
|detailschange|p2b: Gallade|Gallade-Mega, L50, M, shiny
|-mega|p2b: Gallade|Gallade|Galladite
|move|p2a: Arcanine|Extreme Speed||[still]
|cant|p1b: Farigiraf|ability: Armor Tail|Extreme Speed|[of] p2a: Arcanine
|move|p2b: Gallade|Psycho Cut|p1a: Vivillon
|-damage|p1a: Vivillon|0 fnt
|faint|p1a: Vivillon
|
|upkeep
|
|t:|1783336078
|switch|p1a: Sylveon|Sylveon, L50, F|100/100
|turn|5
|
|t:|1783336087
|move|p1a: Sylveon|Quick Attack|p2a: Arcanine
|-resisted|p2a: Arcanine|1
|-damage|p2a: Arcanine|0 fnt
|faint|p2a: Arcanine
|-damage|p1a: Sylveon|90/100|[from] item: Life Orb
|move|p2b: Gallade|Sacred Sword|p1b: Farigiraf
|-damage|p1b: Farigiraf|55/100
|move|p1b: Farigiraf|Trick Room|p1b: Farigiraf
|-fieldstart|move: Trick Room|[of] p1b: Farigiraf
|
|upkeep
|
|t:|1783336096
|switch|p2a: Milotic|Milotic, L50, F, shiny|100/100
|turn|6
|
|t:|1783336102
|move|p2b: Gallade|Protect|p2b: Gallade
|-singleturn|p2b: Gallade|Protect
|move|p1a: Sylveon|Hyper Voice|p2b: Gallade|[spread] p2a
|-activate|p2b: Gallade|move: Protect
|-damage|p2a: Milotic|64/100
|-damage|p1a: Sylveon|80/100|[from] item: Life Orb
|move|p1b: Farigiraf|Thunderbolt|p2a: Milotic
|-supereffective|p2a: Milotic|1
|-damage|p2a: Milotic|33/100
|move|p2a: Milotic|Scald|p1a: Sylveon
|-damage|p1a: Sylveon|58/100
|
|-heal|p2a: Milotic|39/100|[from] item: Leftovers
|upkeep
|turn|7
|-message|ushitsune forfeited.
|
|win|Era ella
|l|☆ushitsune
|player|p2|
