|j|☆GrovyleSSJ
|j|☆Il Mule
|html|GrovyleSSJIl Mule    
|uhtml|bestof|Game 1 of a best-of-3
|t:|1782387857
|gametype|doubles
|player|p1|GrovyleSSJ|266|1293
|player|p2|Il Mule|salvatore|1412
|gen|9
|tier|[Gen 9 Champions] VGC 2026 Reg M-B (Bo3)
|rated|
|rule|Species Clause: Limit one of each Pokémon
|rule|Item Clause: Limit 1 of each item
|clearpoke
|poke|p1|Aerodactyl, L50, F|
|poke|p1|Garchomp, L50, M|
|poke|p1|Kingambit, L50, F|
|poke|p1|Charizard, L50, F|
|poke|p1|Sylveon, L50, F|
|poke|p1|Farigiraf, L50, F|
|poke|p2|Corviknight, L50, F|
|poke|p2|Tyranitar, L50, M|
|poke|p2|Sneasler, L50, F|
|poke|p2|Incineroar, L50, F|
|poke|p2|Froslass, L50, F|
|poke|p2|Garchomp, L50, M|
|teampreview|4
|showteam|p1|Aerodactyl||Aerodactylite|Unnerve|IceFang,RockSlide,Tailwind,DualWingbeat|Jolly||F|||50|]Garchomp||LifeOrb|RoughSkin|DragonClaw,StompingTantrum,Earthquake,Protect|Jolly||M|||50|]Kingambit||FocusSash|Defiant|SuckerPunch,KowtowCleave,IronHead,LowKick|Adamant||F|||50|]Charizard||CharizarditeY|Blaze|Protect,WeatherBall,HeatWave,SolarBeam|Modest||F|||50|]Sylveon||FairyFeather|Pixilate|Protect,HyperVoice,HyperBeam,QuickAttack|Modest||F|||50|]Farigiraf||SitrusBerry|ArmorTail|TrickRoom,Thunderbolt,Roar,TwinBeam|Bold||F|||50|
|showteam|p2|Corviknight||OccaBerry|MirrorArmor|BraveBird,Taunt,Tailwind,Roost|Impish||F|||50|]Tyranitar||Tyranitarite|SandStream|KnockOff,RockSlide,DragonDance,Protect|Adamant||M|||50|]Sneasler||WhiteHerb|Unburden|CloseCombat,DireClaw,Coaching,FakeOut|Jolly||F|||50|]Incineroar||SitrusBerry|Intimidate|FlareBlitz,HelpingHand,PartingShot,FakeOut|Impish||F|||50|]Froslass||Froslassite|SnowCloak|Blizzard,ShadowBall,WillOWisp,Protect|Timid||F|||50|]Garchomp||LifeOrb|RoughSkin|Earthquake,RockSlide,EarthPower,Protect|Jolly||M|||50|
|inactive|Battle timer is ON: inactive players will automatically lose when time's up. (requested by GrovyleSSJ)
|j| chef orte
|inactive|GrovyleSSJ has 60 seconds left.
|inactive|Il Mule has 60 seconds left.
|inactive|Il Mule has 30 seconds left.
|
|t:|1782387927
|teamsize|p1|4
|teamsize|p2|4
|start
|switch|p1a: Aerodactyl|Aerodactyl, L50, F|100/100
|switch|p1b: Kingambit|Kingambit, L50, F|100/100
|switch|p2a: Sneasler|Sneasler, L50, F|100/100
|switch|p2b: Tyranitar|Tyranitar, L50, M|100/100
|-ability|p1a: Aerodactyl|Unnerve
|-weather|Sandstorm|[from] ability: Sand Stream|[of] p2b: Tyranitar
|turn|1
|j| Mafav2
|inactive|Il Mule has 30 seconds left.
|
|t:|1782387955
|switch|p2b: Incineroar|Incineroar, L50, F|100/100
|-ability|p2b: Incineroar|Intimidate|boost
|-unboost|p1a: Aerodactyl|atk|1
|-unboost|p1b: Kingambit|atk|1
|-ability|p1b: Kingambit|Defiant|boost
|-boost|p1b: Kingambit|atk|2
|detailschange|p1a: Aerodactyl|Aerodactyl-Mega, L50, F
|-mega|p1a: Aerodactyl|Aerodactyl|Aerodactylite
|move|p1a: Aerodactyl|Dual Wingbeat|p2a: Sneasler
|-supereffective|p2a: Sneasler|1
|-damage|p2a: Sneasler|54/100
|-supereffective|p2a: Sneasler|1
|-damage|p2a: Sneasler|8/100
|-hitcount|p2a: Sneasler|2
|move|p2a: Sneasler|Close Combat|p1b: Kingambit
|-supereffective|p1b: Kingambit|2
|-enditem|p1b: Kingambit|Focus Sash
|-damage|p1b: Kingambit|1/100
|-unboost|p2a: Sneasler|def|1
|-unboost|p2a: Sneasler|spd|1
|-enditem|p2a: Sneasler|White Herb
|-clearnegativeboost|p2a: Sneasler|[silent]
|move|p1b: Kingambit|Low Kick|p2b: Incineroar
|-supereffective|p2b: Incineroar|1
|-damage|p2b: Incineroar|35/100
|-enditem|p2b: Incineroar|Sitrus Berry|[eat]
|-heal|p2b: Incineroar|60/100|[from] item: Sitrus Berry
|
|-weather|Sandstorm|[upkeep]
|-damage|p2a: Sneasler|2/100|[from] Sandstorm
|-damage|p2b: Incineroar|54/100|[from] Sandstorm
|upkeep
|turn|2
|j| goldaniga
|inactive|GrovyleSSJ has 30 seconds left.
|inactive|Il Mule has 30 seconds left.
|inactive|GrovyleSSJ has 20 seconds left.
|
|t:|1782387994
|switch|p1a: Sylveon|Sylveon, L50, F|100/100
|switch|p1b: Garchomp|Garchomp, L50, M|100/100
|move|p2b: Incineroar|Helping Hand|p2a: Sneasler
|-singleturn|p2a: Sneasler|Helping Hand|[of] p2b: Incineroar
|move|p2a: Sneasler|Close Combat|p1a: Sylveon
|-resisted|p1a: Sylveon|1
|-damage|p1a: Sylveon|57/100
|-unboost|p2a: Sneasler|def|1
|-unboost|p2a: Sneasler|spd|1
|
|-weather|Sandstorm|[upkeep]
|-damage|p2a: Sneasler|0 fnt|[from] Sandstorm
|-damage|p1a: Sylveon|51/100|[from] Sandstorm
|-damage|p2b: Incineroar|48/100|[from] Sandstorm
|faint|p2a: Sneasler
|upkeep
|
|t:|1782388004
|switch|p2a: Tyranitar|Tyranitar, L50, M|100/100
|turn|3
|j| torpedine
|inactive|GrovyleSSJ has 30 seconds left.
|c|☆Il Mule|g2
|
|t:|1782388039
|move|p2a: Tyranitar|Protect|p2a: Tyranitar
|-singleturn|p2a: Tyranitar|Protect
|move|p1b: Garchomp|Stomping Tantrum|p2a: Tyranitar
|-activate|p2a: Tyranitar|move: Protect
|move|p1a: Sylveon|Hyper Beam|p2b: Incineroar|[miss]
|-miss|p1a: Sylveon|p2b: Incineroar
|move|p2b: Incineroar|Parting Shot|p1b: Garchomp
|-unboost|p1b: Garchomp|atk|1
|-unboost|p1b: Garchomp|spa|1
|
|t:|1782388050
|switch|p2b: Garchomp|Garchomp, L50, M|100/100|[from] Parting Shot
|
|-weather|Sandstorm|[upkeep]
|-damage|p1a: Sylveon|45/100|[from] Sandstorm
|upkeep
|turn|4
|c| Mafav2|Togliere wisp mi pare strano comunque
|l| chef orte
|c|☆Il Mule|l'ho switchato
|inactive|GrovyleSSJ has 30 seconds left.
|inactive|Il Mule has 30 seconds left.
|inactive|Il Mule has 20 seconds left.
|
|t:|1782388089
|detailschange|p2a: Tyranitar|Tyranitar-Mega, L50, M
|-mega|p2a: Tyranitar|Tyranitar|Tyranitarite
|move|p1a: Sylveon|Protect|p1a: Sylveon
|-singleturn|p1a: Sylveon|Protect
|move|p1b: Garchomp|Earthquake|p2b: Garchomp|[spread] p2a,p2b
|-activate|p1a: Sylveon|move: Protect
|-supereffective|p2a: Tyranitar|1
|-damage|p2a: Tyranitar|56/100
|-damage|p2b: Garchomp|69/100
|-damage|p1b: Garchomp|90/100|[from] item: Life Orb
|move|p2b: Garchomp|Rock Slide|p1b: Garchomp|[spread] p1b
|-activate|p1a: Sylveon|move: Protect
|-resisted|p1b: Garchomp|1
|-damage|p1b: Garchomp|79/100
|-damage|p2b: Garchomp|59/100|[from] item: Life Orb
|move|p2a: Tyranitar|Rock Slide|p1b: Garchomp|[spread] p1b
|-activate|p1a: Sylveon|move: Protect
|-resisted|p1b: Garchomp|1
|-damage|p1b: Garchomp|63/100
|
|-weather|Sandstorm|[upkeep]
|-damage|p1a: Sylveon|39/100|[from] Sandstorm
|upkeep
|turn|5
|
|t:|1782388110
|switch|p1a: Kingambit|Kingambit, L50, F|1/100
|move|p2a: Tyranitar|Protect|p2a: Tyranitar
|-singleturn|p2a: Tyranitar|Protect
|move|p2b: Garchomp|Earthquake|p1b: Garchomp|[spread] p1a,p1b
|-activate|p2a: Tyranitar|move: Protect
|-supereffective|p1a: Kingambit|1
|-crit|p1a: Kingambit
|-damage|p1a: Kingambit|0 fnt
|-damage|p1b: Garchomp|12/100
|faint|p1a: Kingambit
|-damage|p2b: Garchomp|50/100y|[from] item: Life Orb
|move|p1b: Garchomp|Earthquake|p2a: Tyranitar|[spread] p2b
|-activate|p2a: Tyranitar|move: Protect
|-damage|p2b: Garchomp|16/100
|-damage|p1b: Garchomp|2/100|[from] item: Life Orb
|
|-weather|none
|upkeep
|inactive|GrovyleSSJ has 30 seconds left.
|
|t:|1782388137
|switch|p1a: Aerodactyl|Aerodactyl-Mega, L50, F|100/100
|turn|6
|
|t:|1782388156
|switch|p2a: Incineroar|Incineroar, L50, F|48/100
|-ability|p2a: Incineroar|Intimidate|boost
|-unboost|p1a: Aerodactyl|atk|1
|-unboost|p1b: Garchomp|atk|1
|move|p1a: Aerodactyl|Tailwind|p1a: Aerodactyl
|-sidestart|p1: GrovyleSSJ|move: Tailwind
|move|p1b: Garchomp|Earthquake|p2b: Garchomp|[spread] p2a,p2b
|-immune|p1a: Aerodactyl
|-supereffective|p2a: Incineroar|1
|-damage|p2a: Incineroar|13/100
|-damage|p2b: Garchomp|0 fnt
|faint|p2b: Garchomp
|-damage|p1b: Garchomp|0 fnt|[from] item: Life Orb
|faint|p1b: Garchomp
|
|upkeep
|j| chef orte
|inactive|Il Mule has 30 seconds left.
|
|t:|1782388188
|switch|p2b: Tyranitar|Tyranitar-Mega, L50, M|56/100
|switch|p1b: Sylveon|Sylveon, L50, F|39/100
|-weather|Sandstorm|[from] ability: Sand Stream|[of] p2b: Tyranitar
|turn|7
|
|t:|1782388211
|move|p1b: Sylveon|Protect|p1b: Sylveon
|-singleturn|p1b: Sylveon|Protect
|move|p2a: Incineroar|Fake Out|p1b: Sylveon
|-activate|p1b: Sylveon|move: Protect
|move|p1a: Aerodactyl|Rock Slide|p2b: Tyranitar|[spread] p2a,p2b
|-supereffective|p2a: Incineroar|1
|-damage|p2a: Incineroar|0 fnt
|-damage|p2b: Tyranitar|46/100
|faint|p2a: Incineroar
|cant|p2b: Tyranitar|flinch
|
|-weather|Sandstorm|[upkeep]
|-damage|p1b: Sylveon|32/100|[from] Sandstorm
|upkeep
|turn|8
|c|☆Il Mule|e niente perso il 50
|c|☆Il Mule|g2
|
|t:|1782388230
|move|p1a: Aerodactyl|Rock Slide|p2b: Tyranitar
|-damage|p2b: Tyranitar|30/100
|move|p1b: Sylveon|Hyper Voice|p2b: Tyranitar
|-supereffective|p2b: Tyranitar|1
|-damage|p2b: Tyranitar|0 fnt
|faint|p2b: Tyranitar
|
|win|GrovyleSSJ
||Il Mule is ready for game 2.
||GrovyleSSJ is ready for game 2.
|uhtml|next|Next: Game 2 of 3
|l| goldaniga
|j| goldaniga
|l| torpedine
|l| goldaniga
|j| goldaniga
|l| Mafav2
|j| rovesciaporci
|j| Mafav2
|j| Tridello
|l| Mafav2
|l| Tridello
|j| 4-4hater
|l| goldaniga
|j| goldaniga
|j| torpedine
|l| chef orte
|l| 4-4hater
|j| kelso shrug
|l| kelso shrug
|l|☆Il Mule
|player|p2|
|l|☆GrovyleSSJ
|player|p1|
|l| rovesciaporci
|l| torpedine
|j| rovesciaporci
