|j|☆Sehbaiii
|j|☆vglabmty
|html|Sehbaiiivglabmty    
|uhtml|bestof|Game 2 of a best-of-3
|t:|1784920838
|gametype|doubles
|player|p1|Sehbaiii|fisherman-gen4|1136
|player|p2|vglabmty|266|1210
|gen|9
|tier|[Gen 9 Champions] VGC 2026 Reg M-B (Bo3)
|rated|
|rule|Species Clause: Limit one of each Pokémon
|rule|Item Clause: Limit 1 of each item
|clearpoke
|poke|p1|Milotic, L50, F|
|poke|p1|Kommo-o, L50, M|
|poke|p1|Tyranitar, L50, M|
|poke|p1|Corviknight, L50, F|
|poke|p1|Excadrill, L50, F|
|poke|p1|Maushold-Four, L50|
|poke|p2|Excadrill, L50, M|
|poke|p2|Farigiraf, L50, M|
|poke|p2|Tyranitar, L50, F|
|poke|p2|Froslass, L50, F|
|poke|p2|Sneasler, L50, F|
|poke|p2|Kingambit, L50, F|
|teampreview|4
|showteam|p1|Milotic||SitrusBerry|Competitive|Coil,Hypnosis,Scald,Recover|Careful||F|||50|]Kommo-o||ExpertBelt|Bulletproof|ClangorousSoul,ClangingScales,BrickBreak,RockSlide|Naive||M|||50|]Tyranitar||Tyranitarite|SandStream|RockSlide,KnockOff,DragonDance,Protect|Adamant||M|||50|]Corviknight||Leftovers|MirrorArmor|Tailwind,IronDefense,BodyPress,Roost|Calm||F|||50|]Excadrill||LifeOrb|SandRush|RockSlide,HighHorsepower,IronHead,Protect|Adamant||F|||50|]Maushold-Four||WideLens|FriendGuard|ThunderWave,PopulationBomb,Protect,FollowMe|Jolly|||||50|
|showteam|p2|Excadrill||FocusSash|SandRush|HighHorsepower,Protect,IronHead,PoisonJab|Adamant||M|||50|]Farigiraf||SitrusBerry|ArmorTail|HelpingHand,Thunderbolt,TwinBeam,TrickRoom|Relaxed||M|||50|]Tyranitar||Tyranitarite|SandStream|DragonDance,KnockOff,RockSlide,Protect|Adamant||F|||50|]Froslass||Froslassite|CursedBody|AuroraVeil,Protect,Blizzard,ShadowBall|Timid||F|||50|]Sneasler||WhiteHerb|Unburden|FakeOut,DireClaw,CloseCombat,NightSlash|Adamant||F|||50|]Kingambit||BlackGlasses|Defiant|Protect,SwordsDance,SuckerPunch,KowtowCleave|Adamant||F|||50|
|inactive|Battle timer is ON: inactive players will automatically lose when time's up. (requested by vglabmty)
|
|t:|1784920915
|teamsize|p1|4
|teamsize|p2|4
|start
|switch|p1a: Maushold|Maushold-Four, L50|100/100
|switch|p1b: Tyranitar|Tyranitar, L50, M|100/100
|switch|p2a: Farigiraf|Farigiraf, L50, M|100/100
|switch|p2b: Sneasler|Sneasler, L50, F|100/100
|-weather|Sandstorm|[from] ability: Sand Stream|[of] p1b: Tyranitar
|turn|1
|
|t:|1784920928
|move|p2a: Farigiraf|Helping Hand|p2b: Sneasler
|-singleturn|p2b: Sneasler|Helping Hand|[of] p2a: Farigiraf
|move|p1b: Tyranitar|Protect|p1b: Tyranitar
|-singleturn|p1b: Tyranitar|Protect
|move|p1a: Maushold|Population Bomb|p2b: Sneasler
|-damage|p2b: Sneasler|88/100
|-damage|p2b: Sneasler|78/100
|-damage|p2b: Sneasler|68/100
|-damage|p2b: Sneasler|57/100
|-damage|p2b: Sneasler|47/100
|-damage|p2b: Sneasler|37/100
|-damage|p2b: Sneasler|28/100
|-damage|p2b: Sneasler|17/100
|-damage|p2b: Sneasler|8/100
|-damage|p2b: Sneasler|0 fnt
|faint|p2b: Sneasler
|-hitcount|p2: Sneasler|10
|
|-weather|Sandstorm|[upkeep]
|-damage|p1a: Maushold|93/100|[from] Sandstorm
|-damage|p2a: Farigiraf|93/100|[from] Sandstorm
|upkeep
|
|t:|1784920938
|switch|p2b: Excadrill|Excadrill, L50, M|100/100
|turn|2
|
|t:|1784920957
|detailschange|p1b: Tyranitar|Tyranitar-Mega, L50, M
|-mega|p1b: Tyranitar|Tyranitar|Tyranitarite
|move|p2a: Farigiraf|Helping Hand|p2b: Excadrill
|-singleturn|p2b: Excadrill|Helping Hand|[of] p2a: Farigiraf
|move|p1a: Maushold|Follow Me|p1a: Maushold
|-singleturn|p1a: Maushold|move: Follow Me
|move|p2b: Excadrill|Iron Head|p1a: Maushold
|-damage|p1a: Maushold|0 fnt
|faint|p1a: Maushold
|move|p1b: Tyranitar|Knock Off|p2a: Farigiraf
|-supereffective|p2a: Farigiraf|1
|-damage|p2a: Farigiraf|1/100
|-enditem|p2a: Farigiraf|Sitrus Berry|[from] move: Knock Off|[of] p1b: Tyranitar
|
|-weather|Sandstorm|[upkeep]
|-damage|p2a: Farigiraf|0 fnt|[from] Sandstorm
|faint|p2a: Farigiraf
|upkeep
|inactive|Sehbaiii has 30 seconds left.
|
|t:|1784920985
|switch|p1a: Excadrill|Excadrill, L50, F|100/100
|switch|p2a: Tyranitar|Tyranitar, L50, F|100/100
|turn|3
|
|t:|1784921006
|move|p2a: Tyranitar|Protect|p2a: Tyranitar
|-singleturn|p2a: Tyranitar|Protect
|move|p1a: Excadrill|Iron Head|p2a: Tyranitar
|-activate|p2a: Tyranitar|move: Protect
|move|p2b: Excadrill|High Horsepower|p1a: Excadrill
|-supereffective|p1a: Excadrill|1
|-damage|p1a: Excadrill|0 fnt
|faint|p1a: Excadrill
|move|p1b: Tyranitar|Dragon Dance|p1b: Tyranitar
|-boost|p1b: Tyranitar|atk|1
|-boost|p1b: Tyranitar|spe|1
|
|-weather|Sandstorm|[upkeep]
|upkeep
|
|t:|1784921018
|switch|p1a: Milotic|Milotic, L50, F|100/100
|turn|4
|
|t:|1784921038
|detailschange|p2a: Tyranitar|Tyranitar-Mega, L50, F
|-mega|p2a: Tyranitar|Tyranitar|Tyranitarite
|move|p1b: Tyranitar|Protect|p1b: Tyranitar
|-singleturn|p1b: Tyranitar|Protect
|move|p2b: Excadrill|High Horsepower|p1a: Milotic
|-damage|p1a: Milotic|40/100
|-enditem|p1a: Milotic|Sitrus Berry|[eat]
|-heal|p1a: Milotic|65/100|[from] item: Sitrus Berry
|move|p2a: Tyranitar|Knock Off|p1a: Milotic
|-damage|p1a: Milotic|17/100
|move|p1a: Milotic|Hypnosis|p2b: Excadrill|[miss]
|-miss|p1a: Milotic|p2b: Excadrill
|
|-weather|Sandstorm|[upkeep]
|-damage|p1a: Milotic|11/100|[from] Sandstorm
|upkeep
|turn|5
|
|t:|1784921055
|move|p2b: Excadrill|Iron Head|p1b: Tyranitar
|-supereffective|p1b: Tyranitar|1
|-damage|p1b: Tyranitar|31/100
|move|p1b: Tyranitar|Rock Slide|p2a: Tyranitar|[spread] p2a,p2b
|-resisted|p2b: Excadrill|2
|-damage|p2a: Tyranitar|58/100
|-damage|p2b: Excadrill|80/100
|cant|p2a: Tyranitar|flinch
|move|p1a: Milotic|Scald|p2a: Tyranitar
|-supereffective|p2a: Tyranitar|1
|-damage|p2a: Tyranitar|28/100
|
|-weather|none
|upkeep
|turn|6
|
|t:|1784921075
|move|p1b: Tyranitar|Knock Off|p2b: Excadrill
|-damage|p2b: Excadrill|0 fnt
|-enditem|p2b: Excadrill|Focus Sash|[from] move: Knock Off|[of] p1b: Tyranitar
|faint|p2b: Excadrill
|move|p2a: Tyranitar|Knock Off|p1a: Milotic
|-damage|p1a: Milotic|0 fnt
|faint|p1a: Milotic
|
|upkeep
|turn|7
|
|t:|1784921087
|move|p1b: Tyranitar|Rock Slide|p2a: Tyranitar
|-damage|p2a: Tyranitar|0 fnt
|faint|p2a: Tyranitar
|
|win|Sehbaiii
||vglabmty is ready for game 3.
||Sehbaiii is ready for game 3.
|uhtml|next|Next: Game 3 of 3
