|j|☆2026riplumbo
|j|☆knoxvillninja
|html|2026riplumboknoxvillninja    
|uhtml|bestof|Game 2 of a best-of-3
|t:|1783886107
|gametype|doubles
|player|p1|2026riplumbo|102|
|player|p2|knoxvillninja|102|
|gen|9
|tier|[Gen 9 Champions] VGC 2026 Reg M-B (Bo3)
|rule|Species Clause: Limit one of each Pokémon
|rule|Item Clause: Limit 1 of each item
|clearpoke
|poke|p1|Raichu, L50, M|
|poke|p1|Whimsicott, L50, F|
|poke|p1|Sylveon, L50, M|
|poke|p1|Hydreigon, L50, F|
|poke|p1|Empoleon, L50, F|
|poke|p1|Infernape, L50, M|
|poke|p2|Charizard, L50, M|
|poke|p2|Basculegion, L50, M|
|poke|p2|Aerodactyl, L50, M|
|poke|p2|Venusaur, L50, M|
|poke|p2|Krookodile, L50, M|
|poke|p2|Greninja, L50, M|
|teampreview|4
|showteam|p1|Raichu||RaichuniteY|LightningRod|FakeOut,FocusBlast,ZapCannon,Protect|Jolly||M|||50|]Whimsicott||FocusSash|Prankster|Tailwind,Moonblast,Encore,Protect|Timid||F|||50|]Sylveon||FairyFeather|Pixilate|HyperVoice,HyperBeam,QuickAttack,Protect|Modest||M|||50|]Hydreigon||SitrusBerry|Levitate|Snarl,DracoMeteor,EarthPower,Protect|Modest||F|||50|]Empoleon||Leftovers|Competitive|HydroPump,FlashCannon,IceBeam,Protect|Modest||F|||50|]Infernape||LifeOrb|IronFist|CloseCombat,FlareBlitz,MachPunch,ThunderPunch|Adamant||M|||50|
|showteam|p2|Charizard||CharizarditeY|Blaze|HeatWave,SolarBeam,WeatherBall,Protect|Modest||M|||50|]Basculegion||ChoiceScarf|Adaptability|LastRespects,WaveCrash,AquaJet,FlipTurn|Adamant||M|||50|]Aerodactyl||FocusSash|Unnerve|RockSlide,DualWingbeat,Tailwind,RainDance|Jolly||M|||50|]Venusaur||WideLens|Chlorophyll|SleepPowder,SludgeBomb,LeafStorm,Protect|Timid||M|||50|]Krookodile||LifeOrb|Intimidate|Earthquake,Crunch,RockSlide,Protect|Jolly||M|||50|]Greninja||Greninjite|Protean|HydroPump,DarkPulse,IceBeam,Protect|Timid||M|||50|
|
|t:|1783886154
|teamsize|p1|4
|teamsize|p2|4
|start
|switch|p1a: Empoleon|Empoleon, L50, F|100/100
|switch|p1b: Raichu|Raichu, L50, M|100/100
|switch|p2a: Aerodactyl|Aerodactyl, L50, M|100/100
|switch|p2b: Krookodile|Krookodile, L50, M|100/100
|-ability|p2a: Aerodactyl|Unnerve
|-ability|p2b: Krookodile|Intimidate|boost
|-unboost|p1a: Empoleon|atk|1
|-ability|p1a: Empoleon|Competitive|boost
|-boost|p1a: Empoleon|spa|2
|-unboost|p1b: Raichu|atk|1
|turn|1
|
|t:|1783886187
|move|p2a: Aerodactyl|Tailwind|p2a: Aerodactyl
|-sidestart|p2: knoxvillninja|move: Tailwind
|move|p2b: Krookodile|Earthquake|p1a: Empoleon|[spread] p1a,p1b
|-immune|p2a: Aerodactyl
|-supereffective|p1a: Empoleon|1
|-supereffective|p1b: Raichu|1
|-damage|p1a: Empoleon|1/100
|-damage|p1b: Raichu|0 fnt
|faint|p1b: Raichu
|-damage|p2b: Krookodile|90/100|[from] item: Life Orb
|move|p1a: Empoleon|Hydro Pump|p2b: Krookodile
|-supereffective|p2b: Krookodile|1
|-damage|p2b: Krookodile|0 fnt
|faint|p2b: Krookodile
|
|-heal|p1a: Empoleon|7/100|[from] item: Leftovers
|upkeep
|
|t:|1783886209
|switch|p1b: Sylveon|Sylveon, L50, M|100/100
|switch|p2b: Basculegion|Basculegion, L50, M|100/100
|turn|2
|
|t:|1783886251
|move|p2a: Aerodactyl|Rain Dance|p2a: Aerodactyl
|-weather|RainDance
|move|p2b: Basculegion|Wave Crash|p1b: Sylveon
|-damage|p1b: Sylveon|0 fnt
|faint|p1b: Sylveon
|-damage|p2b: Basculegion|71/100|[from] Recoil
|move|p1a: Empoleon|Flash Cannon|p2a: Aerodactyl
|-supereffective|p2a: Aerodactyl|1
|-enditem|p2a: Aerodactyl|Focus Sash
|-damage|p2a: Aerodactyl|1/100
|
|-weather|RainDance|[upkeep]
|-heal|p1a: Empoleon|13/100|[from] item: Leftovers
|upkeep
|
|t:|1783886261
|switch|p1b: Whimsicott|Whimsicott, L50, F|100/100
|turn|3
|
|t:|1783886291
|move|p1b: Whimsicott|Protect|p1b: Whimsicott
|-singleturn|p1b: Whimsicott|Protect
|move|p1a: Empoleon|Protect|p1a: Empoleon
|-singleturn|p1a: Empoleon|Protect
|move|p2a: Aerodactyl|Dual Wingbeat|p1b: Whimsicott
|-activate|p1b: Whimsicott|move: Protect
|move|p2b: Basculegion|Wave Crash|p1a: Empoleon
|-activate|p1a: Empoleon|move: Protect
|
|-weather|RainDance|[upkeep]
|-heal|p1a: Empoleon|18/100|[from] item: Leftovers
|upkeep
|turn|4
|
|t:|1783886320
|move|p1b: Whimsicott|Protect|p1b: Whimsicott
|-singleturn|p1b: Whimsicott|Protect
|move|p2a: Aerodactyl|Dual Wingbeat|p1b: Whimsicott
|-activate|p1b: Whimsicott|move: Protect
|move|p2b: Basculegion|Wave Crash|p1a: Empoleon
|-resisted|p1a: Empoleon|1
|-damage|p1a: Empoleon|0 fnt
|faint|p1a: Empoleon
|-damage|p2b: Basculegion|66/100|[from] Recoil
|
|-weather|RainDance|[upkeep]
|-sideend|p2: knoxvillninja|move: Tailwind
|upkeep
|turn|5
|
|t:|1783886339
|move|p2a: Aerodactyl|Dual Wingbeat|p1b: Whimsicott|[miss]
|-miss|p2a: Aerodactyl|p1b: Whimsicott
|move|p1b: Whimsicott|Moonblast|p2a: Aerodactyl
|-damage|p2a: Aerodactyl|0 fnt
|faint|p2a: Aerodactyl
|move|p2b: Basculegion|Wave Crash|p1b: Whimsicott
|-resisted|p1b: Whimsicott|1
|-damage|p1b: Whimsicott|26/100
|-damage|p2b: Basculegion|49/100|[from] Recoil
|
|-weather|RainDance|[upkeep]
|upkeep
|
|t:|1783886349
|switch|p2a: Greninja|Greninja, L50, M|100/100
|turn|6
|inactive|Battle timer is ON: inactive players will automatically lose when time's up. (requested by 2026riplumbo)
|
|t:|1783886387
|detailschange|p2a: Greninja|Greninja-Mega, L50, M
|-mega|p2a: Greninja|Greninja|Greninjite
|move|p1b: Whimsicott|Protect|p1b: Whimsicott
|-singleturn|p1b: Whimsicott|Protect
|move|p2a: Greninja|Ice Beam|p1b: Whimsicott
|-start|p2a: Greninja|typechange|Ice|[from] ability: Protean
|-activate|p1b: Whimsicott|move: Protect
|move|p2b: Basculegion|Wave Crash|p1b: Whimsicott
|-activate|p1b: Whimsicott|move: Protect
|
|-weather|none
|upkeep
|turn|7
|
|t:|1783886403
|move|p2a: Greninja|Ice Beam|p1b: Whimsicott
|-supereffective|p1b: Whimsicott|1
|-damage|p1b: Whimsicott|0 fnt
|faint|p1b: Whimsicott
|
|win|knoxvillninja
|l|☆2026riplumbo
|player|p1|
