|j|☆Lorido
|j|☆schineyy
|html|Loridoschineyy    
|uhtml|bestof|Game 2 of a best-of-3
|t:|1782417388
|gametype|doubles
|player|p1|Lorido|265|1136
|player|p2|schineyy|101|1121
|gen|9
|tier|[Gen 9 Champions] VGC 2026 Reg M-B (Bo3)
|rated|
|rule|Species Clause: Limit one of each Pokémon
|rule|Item Clause: Limit 1 of each item
|clearpoke
|poke|p1|Charizard, L50, F|
|poke|p1|Floette-Eternal, L50, F|
|poke|p1|Whimsicott, L50, M|
|poke|p1|Kingambit, L50, M|
|poke|p1|Garchomp, L50, M|
|poke|p1|Basculegion, L50, M|
|poke|p2|Swampert, L50, F|
|poke|p2|Farigiraf, L50, M|
|poke|p2|Pelipper, L50, M|
|poke|p2|Staraptor, L50, F|
|poke|p2|Meganium, L50, F|
|poke|p2|Scrafty, L50, M|
|teampreview|4
|showteam|p1|Charizard||CharizarditeY|Blaze|HeatWave,WeatherBall,SolarBeam,Protect|Modest||F|||50|]Floette-Eternal||Floettite|FlowerVeil|DazzlingGleam,Protect,Moonblast,LightofRuin|Modest||F|||50|]Whimsicott||FocusSash|Prankster|Moonblast,Protect,Tailwind,Encore|Timid||M|||50|]Kingambit||ChopleBerry|Defiant|KowtowCleave,SuckerPunch,IronHead,LowKick|Adamant||M|||50|]Garchomp||LifeOrb|RoughSkin|DragonClaw,StompingTantrum,RockSlide,Protect|Jolly||M|||50|]Basculegion||MysticWater|Adaptability|WaveCrash,LastRespects,AquaJet,Protect|Adamant||M|||50|
|showteam|p2|Swampert||Swampertite|Torrent|WaveCrash,HighHorsepower,Protect,IcePunch|Adamant||F|||50|]Farigiraf||SitrusBerry|SapSipper|SkillSwap,PsychicFangs,RainDance,TrickRoom|Sassy||M|||50|]Pelipper||FocusSash|Drizzle|WideGuard,Hurricane,RainDance,Tailwind|Calm||M|||50|]Staraptor||ChoiceScarf|Intimidate|BraveBird,Uturn,DoubleEdge,CloseCombat|Adamant||F|||50|]Meganium||IronBall|Overgrow|PetalBlizzard,PollenPuff,Encore,Protect|Sassy||F|||50|]Scrafty||Scraftinite|Intimidate|DrainPunch,PoisonJab,ThroatChop,SwordsDance|Brave||M|||50|
|inactive|Battle timer is ON: inactive players will automatically lose when time's up. (requested by schineyy)
|
|t:|1782417414
|teamsize|p1|4
|teamsize|p2|4
|start
|switch|p1a: Charizard|Charizard, L50, F|100/100
|switch|p1b: Whimsicott|Whimsicott, L50, M|100/100
|switch|p2a: Swampert|Swampert, L50, F|100/100
|switch|p2b: Farigiraf|Farigiraf, L50, M|100/100
|turn|1
|
|t:|1782417434
|detailschange|p1a: Charizard|Charizard-Mega-Y, L50, F
|-mega|p1a: Charizard|Charizard|Charizardite Y
|-weather|SunnyDay|[from] ability: Drought|[of] p1a: Charizard
|move|p2a: Swampert|Protect|p2a: Swampert
|-singleturn|p2a: Swampert|Protect
|move|p1b: Whimsicott|Moonblast|p2b: Farigiraf
|-damage|p2b: Farigiraf|65/100
|move|p1a: Charizard|Solar Beam||[still]
|-prepare|p1a: Charizard|Solar Beam
|-anim|p1a: Charizard|Solar Beam|p2a: Swampert
|-activate|p2a: Swampert|move: Protect
|move|p2b: Farigiraf|Trick Room|p2b: Farigiraf
|-fieldstart|move: Trick Room|[of] p2b: Farigiraf
|
|-weather|SunnyDay|[upkeep]
|upkeep
|turn|2
|inactive|schineyy has 30 seconds left.
|inactive|schineyy has 20 seconds left.
|inactive|schineyy has 15 seconds left.
|inactive|schineyy has 10 seconds left.
|
|t:|1782417483
|switch|p2b: Pelipper|Pelipper, L50, M|100/100
|-weather|RainDance|[from] ability: Drizzle|[of] p2b: Pelipper
|move|p1b: Whimsicott|Encore|p2a: Swampert
|-start|p2a: Swampert|Encore
|move|p2a: Swampert|Protect||[still]
|-fail|p2a: Swampert
|move|p1a: Charizard|Solar Beam||[still]
|-prepare|p1a: Charizard|Solar Beam
|
|-weather|RainDance|[upkeep]
|upkeep
|turn|3
|
|t:|1782417503
|switch|p2a: Farigiraf|Farigiraf, L50, M|65/100
|move|p2b: Pelipper|Hurricane|p1b: Whimsicott
|-supereffective|p1b: Whimsicott|1
|-enditem|p1b: Whimsicott|Focus Sash
|-damage|p1b: Whimsicott|1/100
|move|p1a: Charizard|Solar Beam|p2a: Farigiraf|[from] lockedmove
|-ability|p2a: Farigiraf|Sap Sipper|boost
|-boost|p2a: Farigiraf|atk|1
|move|p1b: Whimsicott|Moonblast|p2b: Pelipper
|-damage|p2b: Pelipper|62/100
|-unboost|p2b: Pelipper|spa|1
|
|-weather|RainDance|[upkeep]
|upkeep
|turn|4
|
|t:|1782417528
|switch|p2b: Swampert|Swampert, L50, F|100/100
|switch|p1a: Basculegion|Basculegion, L50, M|100/100
|switch|p1b: Kingambit|Kingambit, L50, M|100/100
|move|p2a: Farigiraf|Skill Swap|p2b: Swampert
|-activate|p2a: Farigiraf|Skill Swap|||[of] p2b: Swampert
|
|-weather|RainDance|[upkeep]
|upkeep
|turn|5
|inactive|Lorido has 30 seconds left.
|inactive|schineyy has 30 seconds left.
|inactive|Lorido has 20 seconds left.
|inactive|schineyy has 20 seconds left.
|inactive|Lorido has 15 seconds left.
|
|t:|1782417570
|switch|p2a: Meganium|Meganium, L50, F|100/100
|switch|p1a: Charizard|Charizard-Mega-Y, L50, F|100/100
|-weather|SunnyDay|[from] ability: Drought|[of] p1a: Charizard
|move|p2b: Swampert|Protect|p2b: Swampert
|-singleturn|p2b: Swampert|Protect
|move|p1b: Kingambit|Kowtow Cleave|p2a: Meganium
|-damage|p2a: Meganium|61/100
|
|-weather|SunnyDay|[upkeep]
|-fieldend|move: Trick Room
|upkeep
|turn|6
|inactive|schineyy has 30 seconds left.
|inactive|Lorido has 30 seconds left.
|inactive|schineyy has 20 seconds left.
|
|t:|1782417607
|switch|p1a: Whimsicott|Whimsicott, L50, M|1/100
|move|p2b: Swampert|High Horsepower|p1b: Kingambit
|-supereffective|p1b: Kingambit|1
|-damage|p1b: Kingambit|27/100
|move|p1b: Kingambit|Iron Head|p2a: Meganium
|-damage|p2a: Meganium|26/100
|move|p2a: Meganium|Petal Blizzard|p1b: Kingambit|[spread] p1a,p1b
|-ability|p2b: Swampert|Sap Sipper|boost
|-boost|p2b: Swampert|atk|1
|-resisted|p1a: Whimsicott|1
|-resisted|p1b: Kingambit|1
|-damage|p1a: Whimsicott|0 fnt
|-damage|p1b: Kingambit|15/100
|faint|p1a: Whimsicott
|
|-weather|SunnyDay|[upkeep]
|upkeep
|
|t:|1782417624
|switch|p1a: Basculegion|Basculegion, L50, M|100/100
|turn|7
|
|t:|1782417640
|move|p1b: Kingambit|Sucker Punch|p2a: Meganium
|-damage|p2a: Meganium|0 fnt
|faint|p2a: Meganium
|move|p1a: Basculegion|Wave Crash|p2b: Swampert
|-damage|p2b: Swampert|53/100
|-damage|p1a: Basculegion|83/100|[from] Recoil
|move|p2b: Swampert|High Horsepower|p1b: Kingambit
|-supereffective|p1b: Kingambit|1
|-damage|p1b: Kingambit|0 fnt
|faint|p1b: Kingambit
|
|-weather|SunnyDay|[upkeep]
|upkeep
|
|t:|1782417657
|switch|p2a: Pelipper|Pelipper, L50, M|62/100
|switch|p1b: Charizard|Charizard-Mega-Y, L50, F|100/100
|-weather|RainDance|[from] ability: Drizzle|[of] p2a: Pelipper
|turn|8
|
|t:|1782417681
|detailschange|p2b: Swampert|Swampert-Mega, L50, F
|-mega|p2b: Swampert|Swampert|Swampertite
|move|p2b: Swampert|Wave Crash|p1a: Basculegion
|-resisted|p1a: Basculegion|1
|-damage|p1a: Basculegion|0 fnt
|faint|p1a: Basculegion
|-damage|p2b: Swampert|27/100|[from] Recoil
|move|p1b: Charizard|Weather Ball|p2b: Swampert
|-damage|p2b: Swampert|0 fnt
|faint|p2b: Swampert
|move|p2a: Pelipper|Hurricane|p1b: Charizard
|-damage|p1b: Charizard|68/100
|-start|p1b: Charizard|confusion
|
|-weather|RainDance|[upkeep]
|upkeep
|
|t:|1782417698
|switch|p2b: Farigiraf|Farigiraf, L50, M|65/100
|turn|9
|
|t:|1782417706
|-activate|p1b: Charizard|confusion
|move|p1b: Charizard|Protect|p1b: Charizard
|-singleturn|p1b: Charizard|Protect
|move|p2a: Pelipper|Hurricane|p1b: Charizard
|-activate|p1b: Charizard|move: Protect
|move|p2b: Farigiraf|Psychic Fangs|p1b: Charizard
|-activate|p1b: Charizard|move: Protect
|
|-weather|RainDance|[upkeep]
|upkeep
|turn|10
|
|t:|1782417720
|-activate|p1b: Charizard|confusion
|move|p1b: Charizard|Weather Ball|p2b: Farigiraf
|-damage|p2b: Farigiraf|7/100
|-enditem|p2b: Farigiraf|Sitrus Berry|[eat]
|-heal|p2b: Farigiraf|31/100|[from] item: Sitrus Berry
|move|p2a: Pelipper|Hurricane|p1b: Charizard
|-damage|p1b: Charizard|36/100
|move|p2b: Farigiraf|Psychic Fangs|p1b: Charizard
|-damage|p1b: Charizard|2/100
|
|-weather|RainDance|[upkeep]
|upkeep
|turn|11
|
|t:|1782417735
|-end|p1b: Charizard|confusion
|move|p1b: Charizard|Heat Wave|p2b: Farigiraf|[spread] p2a,p2b
|-resisted|p2a: Pelipper|1
|-damage|p2a: Pelipper|50/100g
|-damage|p2b: Farigiraf|10/100
|move|p2a: Pelipper|Hurricane|p1b: Charizard
|-damage|p1b: Charizard|0 fnt
|faint|p1b: Charizard
|
|win|schineyy
