|j|☆huezinhu
|j|☆Ev_Evan
|html|huezinhuEv_Evan    
|uhtml|bestof|Game 3 of a best-of-3
|t:|1757103332
|gametype|doubles
|player|p1|huezinhu|266|
|player|p2|Ev_Evan|volkner|
|gen|9
|tier|[Gen 9] VGC 2025 Reg H (Bo3)
|rule|Species Clause: Limit one of each Pokémon
|rule|Item Clause: Limit 1 of each item
|clearpoke
|poke|p1|Toedscruel, L50, F|
|poke|p1|Weezing-Galar, L50, M|
|poke|p1|Hydreigon, L50, M|
|poke|p1|Dragapult, L50, M|
|poke|p1|Metagross, L50|
|poke|p1|Meowscarada, L50, F|
|poke|p2|Gallade, L50, M|
|poke|p2|Yanmega, L50, F|
|poke|p2|Oranguru, L50, M|
|poke|p2|Excadrill, L50, M|
|poke|p2|Scrafty, L50, M|
|poke|p2|Hydreigon, L50, M|
|teampreview|4
|showteam|p1|Toedscruel||CovertCloak|MyceliumMight|EarthPower,AcidSpray,Spore,RagePowder|||F|||50|,,,,,Water]Weezing-Galar||ChoiceSpecs|NeutralizingGas|StrangeSteam,SludgeBomb,DazzlingGleam,Flamethrower|||M|||50|,,,,,Water]Hydreigon||LifeOrb|Levitate|Protect,DarkPulse,Tailwind,DragonPulse|||M|||50|,,,,,Poison]Dragapult||ChoiceBand|ClearBody|DragonDarts,PhantomForce,Uturn,Outrage|||M|||50|,,,,,Dragon]Metagross||AssaultVest|ClearBody|BulletPunch,HeavySlam,KnockOff,PsychicFangs||||||50|,,,,,Dark]Meowscarada||FocusSash|Protean|FlowerTrick,KnockOff,PetalBlizzard,Protect|||F|||50|,,,,,Grass
|showteam|p2|Gallade||SitrusBerry|Sharpness|TrickRoom,PsychoCut,SacredSword,WideGuard|||M|||50|,,,,,Fire]Yanmega||FocusSash|SpeedBoost|Tailwind,AirSlash,BugBuzz,Protect|||F|||50|,,,,,Ghost]Oranguru||MentalHerb|Telepathy|TrickRoom,Instruct,PsychicNoise,Protect|||M|||50|,,,,,Dark]Excadrill||ClearAmulet|SandRush|Earthquake,IronHead,RockSlide,Protect|||M|||50|,,,,,Ground]Scrafty||SafetyGoggles|Intimidate|FakeOut,KnockOff,CloseCombat,Taunt|||M|||50|,,,,,Grass]Hydreigon||LifeOrb|Levitate|HeatWave,DracoMeteor,DarkPulse,Protect|||M|||50|,,,,,Ghost
|inactive|Battle timer is ON: inactive players will automatically lose when time's up. (requested by huezinhu)
|inactive|Ev_Evan also wants the timer to be on.
|inactive|huezinhu has 60 seconds left.
|
|t:|1757103369
|teamsize|p1|4
|teamsize|p2|4
|start
|switch|p1a: Weezing|Weezing-Galar, L50, M|100/100
|switch|p1b: Dragapult|Dragapult, L50, M|100/100
|switch|p2a: Yanmega|Yanmega, L50, F|100/100
|switch|p2b: Scrafty|Scrafty, L50, M|100/100
|-ability|p1a: Weezing|Neutralizing Gas
|turn|1
|
|t:|1757103387
|-terastallize|p1b: Dragapult|Dragon
|move|p1b: Dragapult|Dragon Darts|p2b: Scrafty
|-damage|p2b: Scrafty|48/100
|-anim|p1b: Dragapult|Dragon Darts|p2a: Yanmega
|-damage|p2a: Yanmega|30/100
|move|p2a: Yanmega|Tailwind|p2a: Yanmega
|-sidestart|p2: Ev_Evan|move: Tailwind
|move|p2b: Scrafty|Knock Off|p1b: Dragapult
|-damage|p1b: Dragapult|45/100
|-enditem|p1b: Dragapult|Choice Band|[from] move: Knock Off|[of] p2b: Scrafty
|move|p1a: Weezing|Dazzling Gleam|p2a: Yanmega|[spread] p2a,p2b
|-supereffective|p2b: Scrafty
|-damage|p2a: Yanmega|0 fnt
|-damage|p2b: Scrafty|0 fnt
|faint|p2a: Yanmega
|faint|p2b: Scrafty
|
|upkeep
|
|t:|1757103395
|switch|p2a: Gallade|Gallade, L50, M|100/100
|switch|p2b: Hydreigon|Hydreigon, L50, M|100/100
|turn|2
|inactive|huezinhu has 30 seconds left.
|
|t:|1757103423
|-terastallize|p2b: Hydreigon|Ghost
|move|p2b: Hydreigon|Dark Pulse|p1b: Dragapult
|-damage|p1b: Dragapult|0 fnt
|faint|p1b: Dragapult
|-damage|p2b: Hydreigon|91/100|[from] item: Life Orb
|move|p2a: Gallade|Psycho Cut|p1a: Weezing
|-supereffective|p1a: Weezing
|-damage|p1a: Weezing|26/100
|move|p1a: Weezing|Dazzling Gleam|p2a: Gallade|[spread] p2a,p2b
|-supereffective|p2a: Gallade
|-crit|p2b: Hydreigon
|-damage|p2a: Gallade|51/100
|-damage|p2b: Hydreigon|42/100
|
|upkeep
|
|t:|1757103437
|switch|p1b: Hydreigon|Hydreigon, L50, M|100/100
|turn|3
|
|t:|1757103458
|move|p1b: Hydreigon|Protect|p1b: Hydreigon
|-singleturn|p1b: Hydreigon|Protect
|move|p2b: Hydreigon|Heat Wave|p1a: Weezing|[spread] p1a
|-activate|p1b: Hydreigon|move: Protect
|-damage|p1a: Weezing|0 fnt
|faint|p1a: Weezing
|-end|p1a: Weezing|ability: Neutralizing Gas
|-damage|p2b: Hydreigon|33/100|[from] item: Life Orb
|move|p2a: Gallade|Sacred Sword|p1b: Hydreigon
|-activate|p1b: Hydreigon|move: Protect
|
|upkeep
|
|t:|1757103468
|switch|p1a: Meowscarada|Meowscarada, L50, F|100/100
|turn|4
|
|t:|1757103485
|move|p1a: Meowscarada|Protect|p1a: Meowscarada
|-start|p1a: Meowscarada|typechange|Normal|[from] ability: Protean
|-singleturn|p1a: Meowscarada|Protect
|move|p1b: Hydreigon|Protect||[still]
|-fail|p1b: Hydreigon
|move|p2b: Hydreigon|Draco Meteor|p1b: Hydreigon
|-supereffective|p1b: Hydreigon
|-damage|p1b: Hydreigon|0 fnt
|-unboost|p2b: Hydreigon|spa|2
|faint|p1b: Hydreigon
|-damage|p2b: Hydreigon|23/100|[from] item: Life Orb
|move|p2a: Gallade|Trick Room|p2a: Gallade
|-fieldstart|move: Trick Room|[of] p2a: Gallade
|
|-sideend|p2: Ev_Evan|move: Tailwind
|upkeep
|turn|5
|
|t:|1757103505
|move|p2a: Gallade|Sacred Sword|p1a: Meowscarada
|-supereffective|p1a: Meowscarada
|-enditem|p1a: Meowscarada|Focus Sash
|-damage|p1a: Meowscarada|1/100
|move|p2b: Hydreigon|Dark Pulse|p1a: Meowscarada
|-damage|p1a: Meowscarada|0 fnt
|faint|p1a: Meowscarada
|-damage|p2b: Hydreigon|14/100|[from] item: Life Orb
|
|win|Ev_Evan
|c|☆Ev_Evan|gg
|c|☆huezinhu|gg
|l|☆huezinhu
|player|p1|
