|j|☆dfdfdfgdfdt
|j|☆ogden2
|html|dfdfdfgdfdtogden2    
|uhtml|bestof|Game 3 of a best-of-3
|t:|1755812102
|gametype|doubles
|player|p1|dfdfdfgdfdt|1|1194
|player|p2|ogden2|gambler|1310
|gen|9
|tier|[Gen 9] VGC 2025 Reg H (Bo3)
|rated|
|rule|Species Clause: Limit one of each Pokémon
|rule|Item Clause: Limit 1 of each item
|clearpoke
|poke|p1|Sneasler, L50, F|
|poke|p1|Dragapult, L50, F|
|poke|p1|Primarina, L50, M|
|poke|p1|Rillaboom, L50, F|
|poke|p1|Kingambit, L50, F|
|poke|p1|Magmar, L50, F|
|poke|p2|Incineroar, L50, M|
|poke|p2|Sinistcha-Masterpiece, L50|
|poke|p2|Ursaluna, L50, F|
|poke|p2|Araquanid, L50, M|
|poke|p2|Sneasler, L50, F|
|poke|p2|Dragonite, L50, M|
|teampreview|4
|showteam|p1|Sneasler||FocusSash|PoisonTouch|CloseCombat,DireClaw,FakeOut,Protect|||F|||50|,,,,,Stellar]Dragapult||ChoiceBand|ClearBody|DragonDarts,TeraBlast,PhantomForce,Uturn|||F|||50|,,,,,Ghost]Primarina||SitrusBerry|LiquidVoice|HyperVoice,Moonblast,Haze,Protect|||M|||50|,,,,,Water]Rillaboom||AssaultVest|GrassySurge|WoodHammer,GrassyGlide,HighHorsepower,FakeOut|||F|||50|,,,,,Fire]Kingambit||BlackGlasses|Defiant|KowtowCleave,SuckerPunch,SwordsDance,Protect|||F|||50|,,,,,Ghost]Magmar||Eviolite|VitalSpirit|Overheat,WillOWisp,FollowMe,Protect|||F|||50|,,,,,Ghost
|showteam|p2|Incineroar||SafetyGoggles|Intimidate|FakeOut,KnockOff,FlareBlitz,PartingShot|||M|||50|,,,,,Ghost]Sinistcha-Masterpiece||RockyHelmet|Hospitality|MatchaGotcha,ShadowBall,TrickRoom,RagePowder||||||50|,,,,,Fairy]Ursaluna||FlameOrb|Guts|Facade,HeadlongRush,Protect,Earthquake|||F|||50|,,,,,Ghost]Araquanid||ClearAmulet|WaterBubble|Liquidation,Lunge,Protect,PoisonJab|||M|||50|,,,,,Grass]Sneasler||FocusSash|PoisonTouch|DireClaw,CloseCombat,Coaching,Protect|||F|||50|,,,,,Ghost]Dragonite||LoadedDice|Multiscale|ScaleShot,TeraBlast,Protect,Earthquake|||M|||50|,,,,,Fairy
|
|t:|1755812128
|teamsize|p1|4
|teamsize|p2|4
|start
|switch|p1a: Magmar|Magmar, L50, F|100/100
|switch|p1b: Kingambit|Kingambit, L50, F|100/100
|switch|p2a: Araquanid|Araquanid, L50, M|100/100
|switch|p2b: Sneasler|Sneasler, L50, F|100/100
|turn|1
|
|t:|1755812158
|-terastallize|p1b: Kingambit|Ghost
|move|p2b: Sneasler|Coaching|p2a: Araquanid
|-boost|p2a: Araquanid|atk|1
|-boost|p2a: Araquanid|def|1
|move|p1a: Magmar|Will-O-Wisp|p2b: Sneasler
|-status|p2b: Sneasler|brn
|move|p1b: Kingambit|Swords Dance|p1b: Kingambit
|-boost|p1b: Kingambit|atk|2
|move|p2a: Araquanid|Liquidation|p1a: Magmar
|-supereffective|p1a: Magmar
|-damage|p1a: Magmar|0 fnt
|faint|p1a: Magmar
|
|-damage|p2b: Sneasler|95/100 brn|[from] brn
|upkeep
|
|t:|1755812172
|switch|p1a: Sneasler|Sneasler, L50, F|100/100
|turn|2
|
|t:|1755812201
|move|p2b: Sneasler|Protect|p2b: Sneasler
|-singleturn|p2b: Sneasler|Protect
|move|p1a: Sneasler|Dire Claw|p2a: Araquanid
|-damage|p2a: Araquanid|72/100
|move|p1b: Kingambit|Swords Dance|p1b: Kingambit
|-boost|p1b: Kingambit|atk|2
|move|p2a: Araquanid|Liquidation|p1b: Kingambit
|-damage|p1b: Kingambit|33/100
|-unboost|p1b: Kingambit|def|1
|-ability|p1b: Kingambit|Defiant|boost
|-boost|p1b: Kingambit|atk|2
|
|-damage|p2b: Sneasler|89/100 brn|[from] brn
|upkeep
|turn|3
|
|t:|1755812228
|move|p1b: Kingambit|Protect|p1b: Kingambit
|-singleturn|p1b: Kingambit|Protect
|move|p2b: Sneasler|Dire Claw|p1a: Sneasler
|-resisted|p1a: Sneasler
|-damage|p1a: Sneasler|83/100
|move|p1a: Sneasler|Close Combat|p2b: Sneasler
|-resisted|p2b: Sneasler
|-damage|p2b: Sneasler|39/100 brn
|-unboost|p1a: Sneasler|def|1
|-unboost|p1a: Sneasler|spd|1
|move|p2a: Araquanid|Liquidation|p1a: Sneasler
|-damage|p1a: Sneasler|0 fnt
|faint|p1a: Sneasler
|
|-damage|p2b: Sneasler|33/100 brn|[from] brn
|upkeep
|
|t:|1755812241
|switch|p1a: Primarina|Primarina, L50, M|100/100
|turn|4
|
|t:|1755812250
|move|p2b: Sneasler|Protect|p2b: Sneasler
|-singleturn|p2b: Sneasler|Protect
|move|p1a: Primarina|Protect|p1a: Primarina
|-singleturn|p1a: Primarina|Protect
|move|p1b: Kingambit|Sucker Punch|p2a: Araquanid
|-damage|p2a: Araquanid|0 fnt
|faint|p2a: Araquanid
|
|-damage|p2b: Sneasler|27/100 brn|[from] brn
|upkeep
|
|t:|1755812252
|switch|p2a: Dragonite|Dragonite, L50, M|100/100
|turn|5
|
|t:|1755812276
|-terastallize|p2a: Dragonite|Fairy
|move|p1b: Kingambit|Protect|p1b: Kingambit
|-singleturn|p1b: Kingambit|Protect
|move|p2b: Sneasler|Coaching|p2a: Dragonite
|-boost|p2a: Dragonite|atk|1
|-boost|p2a: Dragonite|def|1
|move|p2a: Dragonite|Scale Shot|p1b: Kingambit
|-activate|p1b: Kingambit|move: Protect
|move|p1a: Primarina|Moonblast|p2a: Dragonite
|-damage|p2a: Dragonite|79/100
|
|-damage|p2b: Sneasler|21/100 brn|[from] brn
|upkeep
|turn|6
|
|t:|1755812301
|switch|p2b: Sinistcha|Sinistcha-Masterpiece, L50|100/100
|-heal|p2a: Dragonite|100/100|[from] ability: Hospitality|[of] p2b: Sinistcha
|move|p1b: Kingambit|Sucker Punch|p2a: Dragonite
|-resisted|p2a: Dragonite
|-damage|p2a: Dragonite|69/100
|move|p2a: Dragonite|Tera Blast|p1b: Kingambit|[anim] Tera Blast Fairy
|-damage|p1b: Kingambit|0 fnt
|faint|p1b: Kingambit
|move|p1a: Primarina|Hyper Voice|p2b: Sinistcha|[spread] p2a,p2b
|-crit|p2a: Dragonite
|-resisted|p2b: Sinistcha
|-damage|p2a: Dragonite|24/100
|-damage|p2b: Sinistcha|84/100
|
|upkeep
|turn|7
|
|t:|1755812331
|move|p1a: Primarina|Protect|p1a: Primarina
|-singleturn|p1a: Primarina|Protect
|move|p2a: Dragonite|Tera Blast|p1a: Primarina|[anim] Tera Blast Fairy
|-activate|p1a: Primarina|move: Protect
|move|p2b: Sinistcha|Matcha Gotcha|p1a: Primarina
|-activate|p1a: Primarina|move: Protect
|
|upkeep
|turn|8
|
|t:|1755812343
|move|p2a: Dragonite|Tera Blast|p1a: Primarina|[anim] Tera Blast Fairy
|-damage|p1a: Primarina|30/100
|-enditem|p1a: Primarina|Sitrus Berry|[eat]
|-heal|p1a: Primarina|55/100|[from] item: Sitrus Berry
|move|p2b: Sinistcha|Matcha Gotcha|p1a: Primarina
|-supereffective|p1a: Primarina
|-damage|p1a: Primarina|0 fnt
|-heal|p2b: Sinistcha|100/100|[from] drain|[of] p1a: Primarina
|faint|p1a: Primarina
|
|win|ogden2
|raw|dfdfdfgdfdt's rating: 1194 → 1177(-17 for losing)
|raw|ogden2's rating: 1310 → 1324(+14 for winning)
|c|☆ogden2|gg
|l|☆ogden2
|player|p2|
