|j|☆f49 buffchary
|j|☆abgesaftet
|html|f49 buffcharyabgesaftet    
|uhtml|bestof|Game 2 of a best-of-3
|t:|1785770830
|gametype|doubles
|player|p1|f49 buffchary|169|1334
|player|p2|abgesaftet|ballguy|1360
|gen|9
|tier|[Gen 9 Champions] VGC 2026 Reg M-B (Bo3)
|rated|
|rule|Species Clause: Limit one of each Pokémon
|rule|Item Clause: Limit 1 of each item
|clearpoke
|poke|p1|Staraptor, L50, F|
|poke|p1|Delphox, L50, F|
|poke|p1|Whimsicott, L50, F|
|poke|p1|Glimmora, L50, F|
|poke|p1|Garchomp, L50, M|
|poke|p1|Kingambit, L50, F|
|poke|p2|Sneasler, L50, M|
|poke|p2|Sinistcha, L50|
|poke|p2|Incineroar, L50, M|
|poke|p2|Kingambit, L50, M|
|poke|p2|Delphox, L50, M|
|poke|p2|Blastoise, L50, M|
|teampreview|4
|showteam|p1|Staraptor||Staraptite|Intimidate|CloseCombat,BraveBird,Protect,Roost|Jolly||F|||50|]Delphox||Delphoxite|Magician|HeatWave,Psychic,Substitute,Protect|Modest||F|||50|]Whimsicott||OccaBerry|Prankster|Moonblast,Tailwind,LightScreen,Charm|Timid||F|||50|]Glimmora||FocusSash|ToxicDebris|PowerGem,SludgeBomb,EarthPower,SpikyShield|Timid||F|||50|]Garchomp||LifeOrb|RoughSkin|Earthquake,DragonClaw,RockSlide,Protect|Jolly||M|||50|]Kingambit||ChopleBerry|Defiant|KowtowCleave,IronHead,SuckerPunch,LowKick|Adamant||F|||50|
|showteam|p2|Sneasler||FocusSash|PoisonTouch|FakeOut,CloseCombat,PoisonJab,QuickGuard|Jolly||M|||50|]Sinistcha||OccaBerry|Hospitality|MatchaGotcha,RagePowder,TrickRoom,Protect|Bold|||||50|]Incineroar||SitrusBerry|Intimidate|FakeOut,FlareBlitz,ThroatChop,PartingShot|Careful||M|||50|]Kingambit||LifeOrb|Defiant|KowtowCleave,SuckerPunch,SwordsDance,Protect|Adamant||M|||50|]Delphox||Delphoxite|Blaze|HeatWave,Psychic,NastyPlot,Protect|Timid||M|||50|]Blastoise||Blastoisinite|RainDish|WaterSpout,DarkPulse,ShellSmash,Protect|Modest||M|||50|
|inactive|Battle timer is ON: inactive players will automatically lose when time's up. (requested by f49 buffchary)
|
|t:|1785770848
|teamsize|p1|4
|teamsize|p2|4
|start
|switch|p1a: Kingambit|Kingambit, L50, F|100/100
|switch|p1b: Whimsicott|Whimsicott, L50, F|100/100
|switch|p2a: Blastoise|Blastoise, L50, M|100/100
|switch|p2b: Incineroar|Incineroar, L50, M|100/100
|-ability|p2b: Incineroar|Intimidate|boost
|-unboost|p1a: Kingambit|atk|1
|-ability|p1a: Kingambit|Defiant|boost
|-boost|p1a: Kingambit|atk|2
|-unboost|p1b: Whimsicott|atk|1
|turn|1
|
|t:|1785770862
|detailschange|p2a: Blastoise|Blastoise-Mega, L50, M
|-mega|p2a: Blastoise|Blastoise|Blastoisinite
|move|p2b: Incineroar|Fake Out|p1a: Kingambit
|-resisted|p1a: Kingambit|1
|-damage|p1a: Kingambit|96/100
|move|p1b: Whimsicott|Light Screen|p1b: Whimsicott
|-sidestart|p1: f49 buffchary|move: Light Screen
|move|p2a: Blastoise|Water Spout|p1a: Kingambit|[spread] p1a,p1b
|-resisted|p1b: Whimsicott|1
|-damage|p1a: Kingambit|49/100
|-damage|p1b: Whimsicott|69/100
|cant|p1a: Kingambit|flinch
|
|upkeep
|turn|2
|
|t:|1785770872
|switch|p2a: Kingambit|Kingambit, L50, M|100/100
|move|p1b: Whimsicott|Tailwind|p1b: Whimsicott
|-sidestart|p1: f49 buffchary|move: Tailwind
|move|p1a: Kingambit|Kowtow Cleave|p2b: Incineroar
|-resisted|p2b: Incineroar|1
|-damage|p2b: Incineroar|66/100
|move|p2b: Incineroar|Flare Blitz|p1a: Kingambit
|-supereffective|p1a: Kingambit|1
|-damage|p1a: Kingambit|0 fnt
|faint|p1a: Kingambit
|-damage|p2b: Incineroar|50/100y|[from] Recoil
|-enditem|p2b: Incineroar|Sitrus Berry|[eat]
|-heal|p2b: Incineroar|74/100|[from] item: Sitrus Berry
|
|upkeep
|
|t:|1785770878
|switch|p1a: Garchomp|Garchomp, L50, M|100/100
|turn|3
|
|t:|1785770885
|switch|p2b: Sinistcha|Sinistcha, L50|100/100
|move|p2a: Kingambit|Protect|p2a: Kingambit
|-singleturn|p2a: Kingambit|Protect
|move|p1b: Whimsicott|Moonblast|p2a: Kingambit
|-activate|p2a: Kingambit|move: Protect
|move|p1a: Garchomp|Earthquake|p2a: Kingambit|[spread] p1b,p2b
|-activate|p2a: Kingambit|move: Protect
|-resisted|p1b: Whimsicott|1
|-resisted|p2b: Sinistcha|1
|-damage|p1b: Whimsicott|40/100
|-damage|p2b: Sinistcha|80/100
|-damage|p1a: Garchomp|90/100|[from] item: Life Orb
|
|upkeep
|turn|4
|
|t:|1785770896
|switch|p1b: Staraptor|Staraptor, L50, F|100/100
|-ability|p1b: Staraptor|Intimidate|boost
|-unboost|p2a: Kingambit|atk|1
|-ability|p2a: Kingambit|Defiant|boost
|-boost|p2a: Kingambit|atk|2
|-unboost|p2b: Sinistcha|atk|1
|switch|p2b: Incineroar|Incineroar, L50, M|74/100
|-ability|p2b: Incineroar|Intimidate|boost
|-unboost|p1a: Garchomp|atk|1
|-unboost|p1b: Staraptor|atk|1
|move|p2a: Kingambit|Sucker Punch|p1a: Garchomp
|-damage|p1a: Garchomp|15/100
|-damage|p2a: Kingambit|87/100|[from] ability: Rough Skin|[of] p1a: Garchomp
|-damage|p2a: Kingambit|78/100|[from] item: Life Orb
|move|p1a: Garchomp|Earthquake|p2b: Incineroar|[spread] p2a,p2b
|-immune|p1b: Staraptor
|-supereffective|p2a: Kingambit|1
|-supereffective|p2b: Incineroar|1
|-damage|p2a: Kingambit|28/100
|-damage|p2b: Incineroar|15/100
|-damage|p1a: Garchomp|5/100|[from] item: Life Orb
|
|upkeep
|turn|5
|
|t:|1785770913
|detailschange|p1b: Staraptor|Staraptor-Mega, L50, F
|-mega|p1b: Staraptor|Staraptor|Staraptite
|move|p1a: Garchomp|Protect|p1a: Garchomp
|-singleturn|p1a: Garchomp|Protect
|move|p2b: Incineroar|Fake Out|p1b: Staraptor
|-damage|p1b: Staraptor|89/100
|move|p2a: Kingambit|Sucker Punch||[still]
|-fail|p2a: Kingambit
|cant|p1b: Staraptor|flinch
|
|-sideend|p1: f49 buffchary|move: Light Screen
|-sideend|p1: f49 buffchary|move: Tailwind
|upkeep
|turn|6
|
|t:|1785770921
|switch|p1a: Whimsicott|Whimsicott, L50, F|40/100
|switch|p2b: Sinistcha|Sinistcha, L50|80/100
|-heal|p2a: Kingambit|52/100|[from] ability: Hospitality|[of] p2b: Sinistcha
|move|p2a: Kingambit|Sucker Punch||[still]
|-fail|p2a: Kingambit
|move|p1b: Staraptor|Close Combat|p2a: Kingambit
|-supereffective|p2a: Kingambit|2
|-damage|p2a: Kingambit|0 fnt
|-boost|p1b: Staraptor|def|1
|-boost|p1b: Staraptor|spd|1
|faint|p2a: Kingambit
|
|upkeep
|
|t:|1785770925
|switch|p2a: Blastoise|Blastoise-Mega, L50, M|100/100
|turn|7
|
|t:|1785770937
|move|p2b: Sinistcha|Rage Powder|p2b: Sinistcha
|-singleturn|p2b: Sinistcha|move: Rage Powder
|move|p1a: Whimsicott|Light Screen|p1a: Whimsicott
|-sidestart|p1: f49 buffchary|move: Light Screen
|move|p1b: Staraptor|Brave Bird|p2b: Sinistcha
|-supereffective|p2b: Sinistcha|1
|-damage|p2b: Sinistcha|25/100
|-damage|p1b: Staraptor|72/100|[from] Recoil
|move|p2a: Blastoise|Water Spout|p1b: Staraptor|[spread] p1a,p1b
|-resisted|p1a: Whimsicott|1
|-damage|p1a: Whimsicott|14/100
|-damage|p1b: Staraptor|42/100
|
|upkeep
|turn|8
|
|t:|1785770960
|move|p2b: Sinistcha|Protect|p2b: Sinistcha
|-singleturn|p2b: Sinistcha|Protect
|move|p1b: Staraptor|Roost|p1b: Staraptor
|-heal|p1b: Staraptor|93/100
|-singleturn|p1b: Staraptor|move: Roost
|move|p1a: Whimsicott|Moonblast|p2b: Sinistcha
|-activate|p2b: Sinistcha|move: Protect
|move|p2a: Blastoise|Shell Smash|p2a: Blastoise
|-unboost|p2a: Blastoise|def|1
|-unboost|p2a: Blastoise|spd|1
|-boost|p2a: Blastoise|atk|2
|-boost|p2a: Blastoise|spa|2
|-boost|p2a: Blastoise|spe|2
|
|upkeep
|turn|9
|
|t:|1785770972
|move|p2b: Sinistcha|Rage Powder|p2b: Sinistcha
|-singleturn|p2b: Sinistcha|move: Rage Powder
|move|p1a: Whimsicott|Tailwind|p1a: Whimsicott
|-sidestart|p1: f49 buffchary|move: Tailwind
|move|p1b: Staraptor|Brave Bird|p2b: Sinistcha
|-supereffective|p2b: Sinistcha|1
|-damage|p2b: Sinistcha|0 fnt
|faint|p2b: Sinistcha
|-damage|p1b: Staraptor|85/100|[from] Recoil
|move|p2a: Blastoise|Water Spout|p1a: Whimsicott|[spread] p1a,p1b
|-resisted|p1a: Whimsicott|1
|-damage|p1a: Whimsicott|0 fnt
|-damage|p1b: Staraptor|29/100
|faint|p1a: Whimsicott
|
|upkeep
|
|t:|1785770982
|switch|p1a: Garchomp|Garchomp, L50, M|5/100
|switch|p2b: Incineroar|Incineroar, L50, M|15/100
|-ability|p2b: Incineroar|Intimidate|boost
|-unboost|p1a: Garchomp|atk|1
|-boost|p1b: Staraptor|atk|1
|turn|10
|
|t:|1785770987
|move|p1b: Staraptor|Protect|p1b: Staraptor
|-singleturn|p1b: Staraptor|Protect
|move|p1a: Garchomp|Protect|p1a: Garchomp
|-singleturn|p1a: Garchomp|Protect
|move|p2b: Incineroar|Fake Out|p1a: Garchomp
|-activate|p1a: Garchomp|move: Protect
|move|p2a: Blastoise|Water Spout|p1b: Staraptor|[spread] 
|-activate|p1a: Garchomp|move: Protect
|-activate|p1b: Staraptor|move: Protect
|
|upkeep
|turn|11
|
|t:|1785770998
|move|p1b: Staraptor|Close Combat|p2a: Blastoise
|-damage|p2a: Blastoise|21/100
|-boost|p1b: Staraptor|def|1
|-boost|p1b: Staraptor|spd|1
|move|p1a: Garchomp|Earthquake|p2b: Incineroar|[spread] p2a,p2b
|-immune|p1b: Staraptor
|-supereffective|p2b: Incineroar|1
|-damage|p2a: Blastoise|0 fnt
|-damage|p2b: Incineroar|0 fnt
|faint|p2a: Blastoise
|faint|p2b: Incineroar
|-damage|p1a: Garchomp|0 fnt|[from] item: Life Orb
|faint|p1a: Garchomp
|
|win|f49 buffchary
