|j|☆Jahreed
|j|☆luckstat10
|html|Jahreedluckstat10    
|uhtml|bestof|Game 1 of a best-of-3
|t:|1756153402
|gametype|doubles
|player|p1|Jahreed|2|1090
|player|p2|luckstat10|1|1109
|gen|9
|tier|[Gen 9] VGC 2025 Reg H (Bo3)
|rated|
|rule|Species Clause: Limit one of each Pokémon
|rule|Item Clause: Limit 1 of each item
|clearpoke
|poke|p1|Gholdengo, L50|
|poke|p1|Rillaboom, L50, M|
|poke|p1|Incineroar, L50, F|
|poke|p1|Ursaluna, L50, M|
|poke|p1|Porygon2, L50|
|poke|p1|Whimsicott, L50, M|
|poke|p2|Rillaboom, L50, M|
|poke|p2|Gholdengo, L50|
|poke|p2|Volcarona, L50, F|
|poke|p2|Dragonite, L50, M|
|poke|p2|Annihilape, L50, M|
|poke|p2|Whimsicott, L50, M|
|teampreview|4
|showteam|p1|Gholdengo||ChoiceScarf|GoodasGold|MakeItRain,ShadowBall,Trick,Thunderbolt||||||50|,,,,,Steel]Rillaboom||AssaultVest|GrassySurge|FakeOut,WoodHammer,GrassyGlide,Uturn|||M|||50|,,,,,Fire]Incineroar||SafetyGoggles|Intimidate|FakeOut,KnockOff,FlareBlitz,PartingShot|||F|||50|,,,,,Ghost]Ursaluna||FlameOrb|Guts|Facade,HeadlongRush,Earthquake,Protect|||M|||50|,,,,,Ghost]Porygon2||Eviolite|Download|TrickRoom,TeraBlast,IceBeam,Recover||||||50|,,,,,Flying]Whimsicott||FocusSash|Prankster|Moonblast,Tailwind,Encore,Taunt|||M|||50|,,,,,Ghost
|showteam|p2|Rillaboom||AssaultVest|GrassySurge|FakeOut,WoodHammer,GrassyGlide,HighHorsepower|||M|||50|,,,,,Fire]Gholdengo||LifeOrb|GoodasGold|NastyPlot,MakeItRain,ShadowBall,Protect||||||50|,,,,,Water]Volcarona||SitrusBerry|FlameBody|QuiverDance,HeatWave,GigaDrain,Protect|||F|||50|,,,,,Grass]Dragonite||LoadedDice|Multiscale|ScaleShot,ExtremeSpeed,Tailwind,Protect|||M|||50|,,,,,Steel]Annihilape||Leftovers|Defiant|BulkUp,DrainPunch,RageFist,Protect|||M|||50|,,,,,Fire]Whimsicott||CovertCloak|Prankster|Tailwind,BeatUp,Moonblast,Encore|||M|||50|,,,,,Grass
|
|t:|1756153452
|teamsize|p1|4
|teamsize|p2|4
|start
|switch|p1a: Porygon2|Porygon2, L50|100/100
|switch|p1b: Incineroar|Incineroar, L50, F|100/100
|switch|p2a: Annihilape|Annihilape, L50, M, shiny|100/100
|switch|p2b: Mothra|Volcarona, L50, F, shiny|100/100
|-ability|p1b: Incineroar|Intimidate|boost
|-unboost|p2a: Annihilape|atk|1
|-ability|p2a: Annihilape|Defiant|boost
|-boost|p2a: Annihilape|atk|2
|-unboost|p2b: Mothra|atk|1
|-ability|p1a: Porygon2|Download|boost
|-boost|p1a: Porygon2|atk|1
|turn|1
|
|t:|1756153499
|-terastallize|p2a: Annihilape|Fire
|move|p2a: Annihilape|Bulk Up|p2a: Annihilape
|-boost|p2a: Annihilape|atk|1
|-boost|p2a: Annihilape|def|1
|move|p2b: Mothra|Heat Wave|p1a: Porygon2|[spread] p1a
|-miss|p2b: Mothra|p1b: Incineroar
|-damage|p1a: Porygon2|79/100
|move|p1b: Incineroar|Parting Shot|p2b: Mothra
|-unboost|p2b: Mothra|atk|1
|-unboost|p2b: Mothra|spa|1
|
|t:|1756153510
|switch|p1b: Ursaluna|Ursaluna, L50, M|100/100|[from] Parting Shot
|move|p1a: Porygon2|Trick Room|p1a: Porygon2
|-fieldstart|move: Trick Room|[of] p1a: Porygon2
|
|-status|p1b: Ursaluna|brn|[from] item: Flame Orb
|upkeep
|turn|2
|
|t:|1756153557
|move|p1b: Ursaluna|Protect|p1b: Ursaluna
|-singleturn|p1b: Ursaluna|Protect
|move|p1a: Porygon2|Tera Blast|p2a: Annihilape
|-damage|p2a: Annihilape|65/100
|move|p2b: Mothra|Giga Drain|p1b: Ursaluna
|-activate|p1b: Ursaluna|move: Protect
|move|p2a: Annihilape|Drain Punch|p1b: Ursaluna
|-activate|p1b: Ursaluna|move: Protect
|
|-heal|p2a: Annihilape|71/100|[from] item: Leftovers
|-damage|p1b: Ursaluna|95/100 brn|[from] brn
|upkeep
|turn|3
|
|t:|1756153571
|switch|p2b: Dragonite|Dragonite, L50, M, shiny|100/100
|move|p2a: Annihilape|Protect|p2a: Annihilape
|-singleturn|p2a: Annihilape|Protect
|move|p1a: Porygon2|Tera Blast|p2a: Annihilape
|-activate|p2a: Annihilape|move: Protect
|move|p1b: Ursaluna|Facade|p2a: Annihilape
|-activate|p2a: Annihilape|move: Protect
|
|-heal|p2a: Annihilape|77/100|[from] item: Leftovers
|-damage|p1b: Ursaluna|89/100 brn|[from] brn
|upkeep
|turn|4
|
|t:|1756153590
|switch|p2a: Mothra|Volcarona, L50, F, shiny|100/100
|-terastallize|p1b: Ursaluna|Ghost
|move|p1a: Porygon2|Ice Beam|p2b: Dragonite
|-supereffective|p2b: Dragonite
|-damage|p2b: Dragonite|38/100
|move|p1b: Ursaluna|Headlong Rush|p2a: Mothra
|-damage|p2a: Mothra|0 fnt
|-unboost|p1b: Ursaluna|def|1
|-unboost|p1b: Ursaluna|spd|1
|faint|p2a: Mothra
|move|p2b: Dragonite|Scale Shot|p1b: Ursaluna|[miss]
|-miss|p2b: Dragonite|p1b: Ursaluna
|
|-damage|p1b: Ursaluna|83/100 brn|[from] brn
|upkeep
|
|t:|1756153607
|switch|p2a: Annihilape|Annihilape, L50, M, shiny, tera:Fire|77/100
|turn|5
|
|t:|1756153651
|switch|p1b: Rillaboom|Rillaboom, L50, M|100/100
|-fieldstart|move: Grassy Terrain|[from] ability: Grassy Surge|[of] p1b: Rillaboom
|switch|p2b: Midas|Gholdengo, L50|100/100
|move|p2a: Annihilape|Protect|p2a: Annihilape
|-singleturn|p2a: Annihilape|Protect
|move|p1a: Porygon2|Ice Beam|p2b: Midas
|-resisted|p2b: Midas
|-damage|p2b: Midas|86/100
|
|-heal|p1a: Porygon2|85/100|[from] Grassy Terrain
|-heal|p2b: Midas|92/100|[from] Grassy Terrain
|-heal|p2a: Annihilape|83/100|[from] Grassy Terrain
|-heal|p2a: Annihilape|89/100|[from] item: Leftovers
|-fieldend|move: Trick Room
|upkeep
|turn|6
|
|t:|1756153669
|move|p1b: Rillaboom|Fake Out|p2a: Annihilape
|-damage|p2a: Annihilape|74/100
|cant|p2a: Annihilape|flinch
|move|p2b: Midas|Make It Rain|p1a: Porygon2|[spread] p1a,p1b
|-damage|p1a: Porygon2|48/100
|-damage|p1b: Rillaboom|62/100
|-unboost|p2b: Midas|spa|1
|-damage|p2b: Midas|82/100|[from] item: Life Orb
|move|p1a: Porygon2|Trick Room|p1a: Porygon2
|-fieldstart|move: Trick Room|[of] p1a: Porygon2
|
|-heal|p1a: Porygon2|55/100|[from] Grassy Terrain
|-heal|p1b: Rillaboom|68/100|[from] Grassy Terrain
|-heal|p2b: Midas|88/100|[from] Grassy Terrain
|-heal|p2a: Annihilape|80/100|[from] Grassy Terrain
|-heal|p2a: Annihilape|86/100|[from] item: Leftovers
|upkeep
|turn|7
|
|t:|1756153685
|switch|p2b: Dragonite|Dragonite, L50, M, shiny|38/100
|move|p1a: Porygon2|Tera Blast|p2a: Annihilape
|-damage|p2a: Annihilape|49/100
|move|p1b: Rillaboom|U-turn|p2b: Dragonite
|-resisted|p2b: Dragonite
|-damage|p2b: Dragonite|24/100
|
|t:|1756153692
|switch|p1b: Ursaluna|Ursaluna, L50, M, tera:Ghost|83/100 brn|[from] U-turn
|move|p2a: Annihilape|Bulk Up|p2a: Annihilape
|-boost|p2a: Annihilape|atk|1
|-boost|p2a: Annihilape|def|1
|
|-heal|p1a: Porygon2|61/100|[from] Grassy Terrain
|-heal|p1b: Ursaluna|89/100 brn|[from] Grassy Terrain
|-heal|p2a: Annihilape|55/100|[from] Grassy Terrain
|-heal|p2a: Annihilape|61/100|[from] item: Leftovers
|-damage|p1b: Ursaluna|83/100 brn|[from] brn
|upkeep
|turn|8
|
|t:|1756153710
|move|p1a: Porygon2|Ice Beam|p2b: Dragonite
|-supereffective|p2b: Dragonite
|-damage|p2b: Dragonite|0 fnt
|faint|p2b: Dragonite
|move|p1b: Ursaluna|Headlong Rush|p2a: Annihilape
|-supereffective|p2a: Annihilape
|-damage|p2a: Annihilape|0 fnt
|-unboost|p1b: Ursaluna|def|1
|-unboost|p1b: Ursaluna|spd|1
|faint|p2a: Annihilape
|
|-heal|p1a: Porygon2|67/100|[from] Grassy Terrain
|-heal|p1b: Ursaluna|89/100 brn|[from] Grassy Terrain
|-damage|p1b: Ursaluna|83/100 brn|[from] brn
|upkeep
|
|t:|1756153714
|switch|p2a: Midas|Gholdengo, L50|88/100
|turn|9
|
|t:|1756153721
|move|p1a: Porygon2|Tera Blast|p2a: Midas
|-immune|p2a: Midas
|move|p1b: Ursaluna|Headlong Rush|p2a: Midas
|-supereffective|p2a: Midas
|-damage|p2a: Midas|0 fnt
|-unboost|p1b: Ursaluna|def|1
|-unboost|p1b: Ursaluna|spd|1
|faint|p2a: Midas
|
|win|Jahreed
||Jahreed is ready for game 2.
||luckstat10 is ready for game 2.
|uhtml|next|Next: Game 2 of 3
|l|☆luckstat10
|player|p2|
