|j|☆DISSSSS
|j|☆Lego Darth Malgus
|html|DISSSSSLego Darth Malgus    
|uhtml|bestof|Game 2 of a best-of-3
|t:|1756921651
|gametype|doubles
|player|p1|DISSSSS|flannery|1095
|player|p2|Lego Darth Malgus|266|1205
|gen|9
|tier|[Gen 9] VGC 2025 Reg H (Bo3)
|rated|
|rule|Species Clause: Limit one of each Pokémon
|rule|Item Clause: Limit 1 of each item
|clearpoke
|poke|p1|Weezing, L50, M|
|poke|p1|Palafin, L50, F|
|poke|p1|Typhlosion-Hisui, L50, M|
|poke|p1|Amoonguss, L50, M|
|poke|p1|Hydreigon, L50, F|
|poke|p1|Pawmot, L50, M|
|poke|p2|Kommo-o, L50, F|
|poke|p2|Tyranitar, L50, M|
|poke|p2|Excadrill, L50, M|
|poke|p2|Samurott-Hisui, L50, F|
|poke|p2|Rillaboom, L50, F|
|poke|p2|Volcarona, L50, M|
|teampreview|4
|showteam|p1|Weezing||SitrusBerry|NeutralizingGas|Taunt,Protect,WillOWisp,SludgeBomb|||M|||50|,,,,,Water]Palafin||MysticWater|ZerotoHero|JetPunch,WaveCrash,Protect,Haze|||F|||50|,,,,,Water]Typhlosion-Hisui||ChoiceScarf|Blaze|Eruption,HeatWave,ShadowBall,Flamethrower|||M|||50|,,,,,Fire]Amoonguss||RockyHelmet|Regenerator|Spore,Protect,RagePowder,PollenPuff|||M|||50|,,,,,Water]Hydreigon||CovertCloak|Levitate|DracoMeteor,Tailwind,Snarl,Protect|||F|||50|,,,,,Poison]Pawmot||FocusSash|NaturalCure|FakeOut,DoubleShock,CloseCombat,Protect|||M|||50|,,,,,Electric
|showteam|p2|Kommo-o||GrassySeed|Overcoat|BodyPress,IronDefense,Protect,DragonPulse|||F|||50|,,,,,Fairy]Tyranitar||ChoiceScarf|SandStream|RockSlide,KnockOff,TeraBlast,LowKick|||M|||50|,,,,,Flying]Excadrill||FocusSash|SandRush|HighHorsepower,IronHead,RockSlide,Protect|||M|||50|,,,,,Ghost]Samurott-Hisui||AssaultVest|Sharpness|CeaselessEdge,RazorShell,SacredSword,SuckerPunch|||F|||50|,,,,,Ghost]Rillaboom||MiracleSeed|GrassySurge|FakeOut,DrumBeating,GrassyGlide,Taunt|||F|||50|,,,,,Water]Volcarona||SitrusBerry|FlameBody|QuiverDance,HeatWave,TeraBlast,Protect|||M|||50|,,,,,Fairy
|inactive|Battle timer is ON: inactive players will automatically lose when time's up. (requested by Lego Darth Malgus)
|inactive|DISSSSS also wants the timer to be on.
|
|t:|1756921681
|teamsize|p1|4
|teamsize|p2|4
|start
|switch|p1a: Weezing|Weezing, L50, M|100/100
|switch|p1b: Palafin|Palafin, L50, F|100/100
|switch|p2a: Volcarona|Volcarona, L50, M, shiny|100/100
|switch|p2b: Rillaboom|Rillaboom, L50, F, shiny|100/100
|-ability|p1a: Weezing|Neutralizing Gas
|turn|1
|
|t:|1756921690
|detailschange|p1b: Palafin|Palafin-Hero, L50, F
|switch|p1b: Amoonguss|Amoonguss, L50, M|100/100
|-terastallize|p2a: Volcarona|Fairy
|move|p2b: Rillaboom|Taunt|p1a: Weezing
|-start|p1a: Weezing|move: Taunt
|move|p2a: Volcarona|Quiver Dance|p2a: Volcarona
|-boost|p2a: Volcarona|spa|1
|-boost|p2a: Volcarona|spd|1
|-boost|p2a: Volcarona|spe|1
|move|p1a: Weezing|Sludge Bomb|p2a: Volcarona
|-supereffective|p2a: Volcarona
|-damage|p2a: Volcarona|65/100
|
|upkeep
|turn|2
|
|t:|1756921706
|-terastallize|p1b: Amoonguss|Water
|move|p2a: Volcarona|Protect|p2a: Volcarona
|-singleturn|p2a: Volcarona|Protect
|move|p2b: Rillaboom|Taunt|p1b: Amoonguss
|-start|p1b: Amoonguss|move: Taunt
|move|p1a: Weezing|Sludge Bomb|p2b: Rillaboom
|-supereffective|p2b: Rillaboom
|-damage|p2b: Rillaboom|20/100
|cant|p1b: Amoonguss|move: Taunt|Spore
|
|upkeep
|turn|3
|
|t:|1756921720
|move|p2a: Volcarona|Quiver Dance|p2a: Volcarona
|-boost|p2a: Volcarona|spa|1
|-boost|p2a: Volcarona|spd|1
|-boost|p2a: Volcarona|spe|1
|move|p2b: Rillaboom|Drum Beating|p1b: Amoonguss
|-supereffective|p1b: Amoonguss
|-damage|p1b: Amoonguss|15/100
|-unboost|p1b: Amoonguss|spe|1
|move|p1a: Weezing|Sludge Bomb|p2a: Volcarona
|-supereffective|p2a: Volcarona
|-damage|p2a: Volcarona|42/100
|-enditem|p2a: Volcarona|Sitrus Berry|[eat]
|-heal|p2a: Volcarona|67/100|[from] item: Sitrus Berry
|move|p1b: Amoonguss|Pollen Puff|p1a: Weezing
|
|-end|p1a: Weezing|move: Taunt
|upkeep
|turn|4
|
|t:|1756921730
|switch|p1b: Palafin|Palafin-Hero, L50, F|100/100
|-activate|p1b: Palafin|ability: Zero to Hero
|move|p2a: Volcarona|Heat Wave|p1b: Palafin|[spread] p1a,p1b
|-resisted|p1b: Palafin
|-damage|p1a: Weezing|15/100
|-damage|p1b: Palafin|59/100
|-status|p1b: Palafin|brn
|-enditem|p1a: Weezing|Sitrus Berry|[eat]
|-heal|p1a: Weezing|40/100|[from] item: Sitrus Berry
|move|p2b: Rillaboom|Drum Beating|p1a: Weezing
|-resisted|p1a: Weezing
|-damage|p1a: Weezing|19/100
|-unboost|p1a: Weezing|spe|1
|move|p1a: Weezing|Sludge Bomb|p2a: Volcarona
|-supereffective|p2a: Volcarona
|-damage|p2a: Volcarona|38/100
|
|-damage|p1b: Palafin|53/100 brn|[from] brn
|upkeep
|turn|5
|
|t:|1756921748
|move|p1a: Weezing|Protect|p1a: Weezing
|-singleturn|p1a: Weezing|Protect
|move|p1b: Palafin|Jet Punch|p2b: Rillaboom
|-resisted|p2b: Rillaboom
|-crit|p2b: Rillaboom
|-damage|p2b: Rillaboom|3/100
|move|p2a: Volcarona|Heat Wave|p1b: Palafin|[spread] p1b
|-activate|p1a: Weezing|move: Protect
|-resisted|p1b: Palafin
|-damage|p1b: Palafin|15/100 brn
|move|p2b: Rillaboom|Drum Beating|p1b: Palafin
|-supereffective|p1b: Palafin
|-damage|p1b: Palafin|0 fnt
|faint|p1b: Palafin
|
|upkeep
|
|t:|1756921755
|switch|p1b: Typhlosion|Typhlosion-Hisui, L50, M|100/100
|turn|6
|
|t:|1756921764
|move|p2a: Volcarona|Heat Wave|p1b: Typhlosion|[spread] p1a,p1b
|-resisted|p1b: Typhlosion
|-damage|p1a: Weezing|0 fnt
|-damage|p1b: Typhlosion|48/100
|faint|p1a: Weezing
|-end|p1a: Weezing|ability: Neutralizing Gas
|-fieldstart|move: Grassy Terrain|[from] ability: Grassy Surge|[of] p2b: Rillaboom
|move|p1b: Typhlosion|Heat Wave|p2b: Rillaboom|[spread] p2a,p2b
|-supereffective|p2b: Rillaboom
|-damage|p2a: Volcarona|22/100
|-damage|p2b: Rillaboom|0 fnt
|faint|p2b: Rillaboom
|
|-heal|p2a: Volcarona|28/100|[from] Grassy Terrain
|-heal|p1b: Typhlosion|54/100|[from] Grassy Terrain
|upkeep
|-message|DISSSSS forfeited.
|
|win|Lego Darth Malgus
|l|☆DISSSSS
|player|p1|
||Lego Darth Malgus is ready for game 3.
||DISSSSS is ready for game 3.
|uhtml|next|Next: Game 3 of 3
