|j|☆mikelpoyarzabal
|j|☆AbadanRiyi92
|html|mikelpoyarzabalAbadanRiyi92    
|uhtml|bestof|Game 1 of a best-of-3
|t:|1784753755
|gametype|doubles
|player|p1|mikelpoyarzabal|arven-s|1341
|player|p2|AbadanRiyi92|colress|1215
|gen|9
|tier|[Gen 9 Champions] VGC 2026 Reg M-B (Bo3)
|rated|
|rule|Species Clause: Limit one of each Pokémon
|rule|Item Clause: Limit 1 of each item
|clearpoke
|poke|p1|Tyranitar, L50, F|
|poke|p1|Excadrill, L50, M|
|poke|p1|Gholdengo, L50|
|poke|p1|Milotic, L50, F|
|poke|p1|Sinistcha, L50|
|poke|p1|Staraptor, L50, M|
|poke|p2|Tyranitar, L50, M|
|poke|p2|Excadrill, L50, F|
|poke|p2|Milotic, L50, F|
|poke|p2|Sinistcha, L50|
|poke|p2|Staraptor, L50, F|
|poke|p2|Gholdengo, L50|
|teampreview|4
|showteam|p1|Tyranitar||Tyranitarite|SandStream|RockSlide,KnockOff,LowKick,Protect|Jolly||F|||50|]Excadrill||FocusSash|SandRush|HighHorsepower,IronHead,RockSlide,Protect|Adamant||M|||50|]Gholdengo||LifeOrb|GoodasGold|ShadowBall,MakeItRain,NastyPlot,Protect|Modest|||||50|]Milotic||SitrusBerry|Competitive|Scald,IceBeam,IcyWind,Protect|Calm||F|||50|]Sinistcha||ColburBerry|Hospitality|MatchaGotcha,ShadowBall,RagePowder,Protect|Bold|||||50|]Staraptor||Staraptite|Intimidate|BraveBird,CloseCombat,Tailwind,Protect|Jolly||M|||50|
|showteam|p2|Tyranitar||Tyranitarite|SandStream|KnockOff,RockSlide,HighHorsepower,Protect|Jolly||M|||50|]Excadrill||FocusSash|SandRush|Earthquake,IronHead,RockSlide,Protect|Adamant||F|||50|]Milotic||SitrusBerry|Competitive|Scald,IcyWind,Haze,Protect|Calm||F|||50|]Sinistcha||ColburBerry|Hospitality|MatchaGotcha,ShadowBall,Protect,RagePowder|Bold|||||50|]Staraptor||Staraptite|Intimidate|CloseCombat,BraveBird,Tailwind,Protect|Jolly||F|||50|]Gholdengo||LifeOrb|GoodasGold|MakeItRain,ShadowBall,NastyPlot,Protect|Modest|||||50|
|inactive|Battle timer is ON: inactive players will automatically lose when time's up. (requested by mikelpoyarzabal)
|inactive|AbadanRiyi92 has 60 seconds left.
|
|t:|1784753804
|teamsize|p1|4
|teamsize|p2|4
|start
|switch|p1a: Milotic|Milotic, L50, F|100/100
|switch|p1b: Gholdengo|Gholdengo, L50|100/100
|switch|p2a: Gholdengo|Gholdengo, L50|100/100
|switch|p2b: Staraptor|Staraptor, L50, F|100/100
|-ability|p2b: Staraptor|Intimidate|boost
|-unboost|p1a: Milotic|atk|1
|-ability|p1a: Milotic|Competitive|boost
|-boost|p1a: Milotic|spa|2
|-unboost|p1b: Gholdengo|atk|1
|turn|1
|inactive|mikelpoyarzabal has 30 seconds left.
|
|t:|1784753831
|detailschange|p2b: Staraptor|Staraptor-Mega, L50, F
|-mega|p2b: Staraptor|Staraptor|Staraptite
|move|p2b: Staraptor|Tailwind|p2b: Staraptor
|-sidestart|p2: AbadanRiyi92|move: Tailwind
|move|p2a: Gholdengo|Shadow Ball|p1b: Gholdengo
|-supereffective|p1b: Gholdengo|1
|-damage|p1b: Gholdengo|0 fnt
|faint|p1b: Gholdengo
|-damage|p2a: Gholdengo|90/100|[from] item: Life Orb
|move|p1a: Milotic|Scald|p2b: Staraptor
|-damage|p2b: Staraptor|33/100
|
|upkeep
|
|t:|1784753843
|switch|p1b: Sinistcha|Sinistcha, L50|100/100
|turn|2
|
|t:|1784753853
|move|p2b: Staraptor|Protect|p2b: Staraptor
|-singleturn|p2b: Staraptor|Protect
|move|p1b: Sinistcha|Protect|p1b: Sinistcha
|-singleturn|p1b: Sinistcha|Protect
|move|p2a: Gholdengo|Shadow Ball|p1b: Sinistcha
|-activate|p1b: Sinistcha|move: Protect
|move|p1a: Milotic|Scald|p2a: Gholdengo
|-damage|p2a: Gholdengo|29/100
|
|upkeep
|turn|3
|
|t:|1784753877
|switch|p2b: Sinistcha|Sinistcha, L50|100/100
|-heal|p2a: Gholdengo|54/100|[from] ability: Hospitality|[of] p2b: Sinistcha
|switch|p1b: Tyranitar|Tyranitar, L50, F|100/100
|-weather|Sandstorm|[from] ability: Sand Stream|[of] p1b: Tyranitar
|move|p2a: Gholdengo|Shadow Ball|p1b: Tyranitar
|-resisted|p1b: Tyranitar|1
|-damage|p1b: Tyranitar|83/100
|-damage|p2a: Gholdengo|44/100|[from] item: Life Orb
|move|p1a: Milotic|Scald|p2b: Sinistcha
|-resisted|p2b: Sinistcha|1
|-damage|p2b: Sinistcha|69/100
|
|-weather|Sandstorm|[upkeep]
|-damage|p2b: Sinistcha|63/100|[from] Sandstorm
|-damage|p1a: Milotic|94/100|[from] Sandstorm
|upkeep
|turn|4
|
|t:|1784753899
|move|p1b: Tyranitar|Protect|p1b: Tyranitar
|-singleturn|p1b: Tyranitar|Protect
|move|p2a: Gholdengo|Nasty Plot|p2a: Gholdengo
|-boost|p2a: Gholdengo|spa|2
|move|p2b: Sinistcha|Matcha Gotcha|p1b: Tyranitar|[spread] p1a
|-activate|p1b: Tyranitar|move: Protect
|-supereffective|p1a: Milotic|1
|-damage|p1a: Milotic|61/100
|-heal|p2b: Sinistcha|82/100|[from] drain|[of] p1a: Milotic
|move|p1a: Milotic|Ice Beam|p2b: Sinistcha
|-supereffective|p2b: Sinistcha|1
|-damage|p2b: Sinistcha|0 fnt
|faint|p2b: Sinistcha
|
|-weather|Sandstorm|[upkeep]
|-damage|p1a: Milotic|55/100|[from] Sandstorm
|-sideend|p2: AbadanRiyi92|move: Tailwind
|upkeep
|
|t:|1784753917
|switch|p2b: Staraptor|Staraptor-Mega, L50, F|33/100
|turn|5
|
|t:|1784753927
|switch|p1b: Sinistcha|Sinistcha, L50|100/100
|-heal|p1a: Milotic|80/100|[from] ability: Hospitality|[of] p1b: Sinistcha
|move|p1a: Milotic|Protect|p1a: Milotic
|-singleturn|p1a: Milotic|Protect
|move|p2b: Staraptor|Tailwind|p2b: Staraptor
|-sidestart|p2: AbadanRiyi92|move: Tailwind
|move|p2a: Gholdengo|Make It Rain|p1b: Sinistcha|[spread] p1b
|-activate|p1a: Milotic|move: Protect
|-damage|p1b: Sinistcha|0 fnt
|-unboost|p2a: Gholdengo|spa|2
|faint|p1b: Sinistcha
|-damage|p2a: Gholdengo|35/100|[from] item: Life Orb
|
|-weather|Sandstorm|[upkeep]
|-damage|p2b: Staraptor|27/100|[from] Sandstorm
|-damage|p1a: Milotic|74/100|[from] Sandstorm
|upkeep
|
|t:|1784753931
|switch|p1b: Tyranitar|Tyranitar, L50, F|83/100
|turn|6
|
|t:|1784753946
|move|p1b: Tyranitar|Protect|p1b: Tyranitar
|-singleturn|p1b: Tyranitar|Protect
|move|p2b: Staraptor|Close Combat|p1a: Milotic
|-damage|p1a: Milotic|22/100
|-boost|p2b: Staraptor|def|1
|-boost|p2b: Staraptor|spd|1
|-enditem|p1a: Milotic|Sitrus Berry|[eat]
|-heal|p1a: Milotic|47/100|[from] item: Sitrus Berry
|move|p2a: Gholdengo|Make It Rain|p1a: Milotic|[spread] p1a
|-activate|p1b: Tyranitar|move: Protect
|-resisted|p1a: Milotic|1
|-damage|p1a: Milotic|28/100
|-unboost|p2a: Gholdengo|spa|2
|-damage|p2a: Gholdengo|25/100|[from] item: Life Orb
|move|p1a: Milotic|Scald|p2a: Gholdengo
|-damage|p2a: Gholdengo|0 fnt
|faint|p2a: Gholdengo
|
|-weather|Sandstorm|[upkeep]
|-damage|p2b: Staraptor|21/100|[from] Sandstorm
|-damage|p1a: Milotic|22/100|[from] Sandstorm
|upkeep
|
|t:|1784753967
|switch|p2a: Milotic|Milotic, L50, F|100/100
|turn|7
|
|t:|1784753979
|move|p2b: Staraptor|Close Combat|p1a: Milotic
|-damage|p1a: Milotic|0 fnt
|-boost|p2b: Staraptor|def|1
|-boost|p2b: Staraptor|spd|1
|faint|p1a: Milotic
|move|p2a: Milotic|Scald|p1b: Tyranitar
|-supereffective|p1b: Tyranitar|1
|-damage|p1b: Tyranitar|47/100
|move|p1b: Tyranitar|Rock Slide|p2b: Staraptor|[spread] p2a,p2b
|-damage|p2a: Milotic|71/100
|-damage|p2b: Staraptor|8/100
|
|-weather|none
|upkeep
|turn|8
|
|t:|1784753996
|detailschange|p1b: Tyranitar|Tyranitar-Mega, L50, F
|-mega|p1b: Tyranitar|Tyranitar|Tyranitarite
|-weather|Sandstorm|[from] ability: Sand Stream|[of] p1b: Tyranitar
|move|p1b: Tyranitar|Protect|p1b: Tyranitar
|-singleturn|p1b: Tyranitar|Protect
|move|p2b: Staraptor|Close Combat|p1b: Tyranitar
|-activate|p1b: Tyranitar|move: Protect
|move|p2a: Milotic|Scald|p1b: Tyranitar
|-activate|p1b: Tyranitar|move: Protect
|
|-weather|Sandstorm|[upkeep]
|-damage|p2b: Staraptor|2/100|[from] Sandstorm
|-damage|p2a: Milotic|65/100|[from] Sandstorm
|-sideend|p2: AbadanRiyi92|move: Tailwind
|upkeep
|turn|9
|
|t:|1784754011
|move|p1b: Tyranitar|Protect||[still]
|-fail|p1b: Tyranitar
|move|p2b: Staraptor|Close Combat|p1b: Tyranitar
|-supereffective|p1b: Tyranitar|2
|-damage|p1b: Tyranitar|0 fnt
|-boost|p2b: Staraptor|def|1
|-boost|p2b: Staraptor|spd|1
|faint|p1b: Tyranitar
|
|win|AbadanRiyi92
||mikelpoyarzabal is ready for game 2.
