|j|☆mudkipc4
|j|☆w0lfeyc0nperish
|html|mudkipc4w0lfeyc0nperish    
|uhtml|bestof|Game 1 of a best-of-3
|t:|1756249711
|gametype|doubles
|player|p1|mudkipc4|norman|1279
|player|p2|w0lfeyc0nperish|101|1290
|gen|9
|tier|[Gen 9] VGC 2025 Reg H (Bo3)
|rated|
|rule|Species Clause: Limit one of each Pokémon
|rule|Item Clause: Limit 1 of each item
|clearpoke
|poke|p1|Incineroar, L50, M|
|poke|p1|Garchomp, L50, M|
|poke|p1|Talonflame, L50, F|
|poke|p1|Tyranitar, L50, F|
|poke|p1|Gothitelle, L50, F|
|poke|p1|Gholdengo, L50|
|poke|p2|Incineroar, L50, F|
|poke|p2|Archaludon, L50, M|
|poke|p2|Kingdra, L50, F|
|poke|p2|Amoonguss, L50, M|
|poke|p2|Politoed, L50, M|
|poke|p2|Gothitelle, L50, M|
|teampreview|4
|showteam|p1|Incineroar||RockyHelmet|Intimidate|FakeOut,KnockOff,FlareBlitz,PartingShot|||M|||50|,,,,,Grass]Garchomp||ClearAmulet|SandVeil|SwordsDance,Protect,Earthquake,DragonClaw|||M|||50|,,,,,Ground]Talonflame||SafetyGoggles|GaleWings|Tailwind,BraveBird,WillOWisp,QuickGuard|||F|||50|,,,,,Ghost]Tyranitar||AssaultVest|SandStream|RockSlide,KnockOff,LowKick,TeraBlast|||F|||50|,,,,,Flying]Gothitelle||SitrusBerry|ShadowTag|FakeOut,Psychic,Taunt,Protect|||F|||50|,,,,,Grass]Gholdengo||Leftovers|GoodasGold|NastyPlot,MakeItRain,ShadowBall,Protect||||||50|,,,,,Steel
|showteam|p2|Incineroar||SafetyGoggles|Intimidate|PartingShot,KnockOff,FakeOut,Protect|||F|||50|,,,,,Ghost]Archaludon||PowerHerb|Sturdy|ElectroShot,FlashCannon,DragonPulse,Protect|||M|||50|,,,,,Electric]Kingdra||LifeOrb|SwiftSwim|WeatherBall,DracoMeteor,MuddyWater,Protect|||F|||50|,,,,,Stellar]Amoonguss||EjectButton|Regenerator|PollenPuff,Spore,RagePowder,Protect|||M|||50|,,,,,Fairy]Politoed||Leftovers|Drizzle|WeatherBall,PerishSong,Encore,Protect|||M|||50|,,,,,Grass]Gothitelle||SitrusBerry|ShadowTag|Psychic,TrickRoom,FakeOut,Protect|||M|||50|,,,,,Dark
|inactive|Battle timer is ON: inactive players will automatically lose when time's up. (requested by mudkipc4)
|inactive|mudkipc4 has 60 seconds left.
|inactive|w0lfeyc0nperish has 60 seconds left.
|c|☆mudkipc4|Wolfey Con Perish...
|c|☆mudkipc4|No...
|inactive|w0lfeyc0nperish has 30 seconds left.
|inactive|w0lfeyc0nperish has 20 seconds left.
|inactive|w0lfeyc0nperish has 15 seconds left.
|inactive|w0lfeyc0nperish has 10 seconds left.
|
|t:|1756249794
|teamsize|p1|4
|teamsize|p2|4
|start
|switch|p1a: Gothitelle|Gothitelle, L50, F|100/100
|switch|p1b: Incineroar|Incineroar, L50, M|100/100
|switch|p2a: Politoed|Politoed, L50, M|100/100
|switch|p2b: Gothitelle|Gothitelle, L50, M|100/100
|-weather|RainDance|[from] ability: Drizzle|[of] p2a: Politoed
|-ability|p1b: Incineroar|Intimidate|boost
|-unboost|p2a: Politoed|atk|1
|-unboost|p2b: Gothitelle|atk|1
|turn|1
|c|☆w0lfeyc0nperish|lmao
|inactive|w0lfeyc0nperish has 30 seconds left.
|
|t:|1756249826
|-terastallize|p1b: Incineroar|Grass
|move|p1b: Incineroar|Fake Out|p2b: Gothitelle
|-damage|p2b: Gothitelle|90/100
|cant|p2b: Gothitelle|flinch
|move|p2a: Politoed|Weather Ball|p1b: Incineroar
|-resisted|p1b: Incineroar
|-damage|p1b: Incineroar|83/100
|move|p1a: Gothitelle|Taunt|p2a: Politoed
|-start|p2a: Politoed|move: Taunt
|
|-weather|RainDance|[upkeep]
|upkeep
|turn|2
|inactive|w0lfeyc0nperish has 30 seconds left.
|inactive|w0lfeyc0nperish has 20 seconds left.
|inactive|w0lfeyc0nperish has 15 seconds left.
|inactive|w0lfeyc0nperish has 10 seconds left.
|inactive|w0lfeyc0nperish has 5 seconds left.
|
|t:|1756249876
|switch|p2b: Archaludon|Archaludon, L50, M|100/100
|move|p2a: Politoed|Weather Ball|p1a: Gothitelle
|-damage|p1a: Gothitelle|66/100
|move|p1a: Gothitelle|Psychic|p2a: Politoed
|-damage|p2a: Politoed|77/100
|move|p1b: Incineroar|Parting Shot|p2a: Politoed
|-unboost|p2a: Politoed|atk|1
|-unboost|p2a: Politoed|spa|1
|
|t:|1756249885
|switch|p1b: Gholdengo|Gholdengo, L50|100/100|[from] Parting Shot
|
|-weather|RainDance|[upkeep]
|-heal|p2a: Politoed|84/100|[from] item: Leftovers
|upkeep
|turn|3
|
|t:|1756249905
|switch|p1b: Tyranitar|Tyranitar, L50, F, shiny|100/100
|-weather|Sandstorm|[from] ability: Sand Stream|[of] p1b: Tyranitar
|-terastallize|p2b: Archaludon|Electric
|move|p2b: Archaludon|Electro Shot||[still]
|-prepare|p2b: Archaludon|Electro Shot
|-boost|p2b: Archaludon|spa|1
|-enditem|p2b: Archaludon|Power Herb
|-anim|p2b: Archaludon|Electro Shot|p1a: Gothitelle
|-damage|p1a: Gothitelle|0 fnt
|faint|p1a: Gothitelle
|move|p2a: Politoed|Weather Ball|p1b: Tyranitar
|-damage|p1b: Tyranitar|94/100
|
|-weather|Sandstorm|[upkeep]
|-damage|p2b: Archaludon|94/100|[from] Sandstorm
|-damage|p2a: Politoed|77/100|[from] Sandstorm
|-heal|p2a: Politoed|84/100|[from] item: Leftovers
|upkeep
|
|t:|1756249916
|switch|p1a: Gholdengo|Gholdengo, L50|100/100
|turn|4
|
|t:|1756249937
|switch|p2a: Amoonguss|Amoonguss, L50, M|100/100
|move|p2b: Archaludon|Protect|p2b: Archaludon
|-singleturn|p2b: Archaludon|Protect
|move|p1a: Gholdengo|Shadow Ball|p2a: Amoonguss
|-damage|p2a: Amoonguss|64/100
|-enditem|p2a: Amoonguss|Eject Button
|
|t:|1756249946
|switch|p2a: Politoed|Politoed, L50, M|84/100
|-weather|RainDance|[from] ability: Drizzle|[of] p2a: Politoed
|move|p1b: Tyranitar|Rock Slide|p2b: Archaludon|[spread] p2a
|-activate|p2b: Archaludon|move: Protect
|-damage|p2a: Politoed|52/100
|
|-weather|RainDance|[upkeep]
|-heal|p2a: Politoed|58/100|[from] item: Leftovers
|upkeep
|turn|5
|
|t:|1756249961
|switch|p2a: Amoonguss|Amoonguss, L50, M|98/100
|move|p2b: Archaludon|Electro Shot||[still]
|-prepare|p2b: Archaludon|Electro Shot
|-boost|p2b: Archaludon|spa|1
|-anim|p2b: Archaludon|Electro Shot|p1a: Gholdengo
|-damage|p1a: Gholdengo|0 fnt
|faint|p1a: Gholdengo
|move|p1b: Tyranitar|Rock Slide|p2b: Archaludon|[spread] p2a,p2b
|-damage|p2a: Amoonguss|71/100
|-damage|p2b: Archaludon|65/100
|
|-weather|RainDance|[upkeep]
|upkeep
|-message|mudkipc4 forfeited.
|
|win|w0lfeyc0nperish
||mudkipc4 is ready for game 2.
|l|☆w0lfeyc0nperish
|player|p2|
||w0lfeyc0nperish is ready for game 2.
|uhtml|next|Next: Game 2 of 3
