|j|☆WASHINGTONGARGACHA
|j|☆Jessditta
|html|WASHINGTONGARGACHAJessditta    
|uhtml|bestof|Game 2 of a best-of-3
|t:|1757855381
|gametype|doubles
|player|p1|WASHINGTONGARGACHA|169|1143
|player|p2|Jessditta|hilda|1196
|gen|9
|tier|[Gen 9] VGC 2025 Reg H (Bo3)
|rated|
|rule|Species Clause: Limit one of each Pokémon
|rule|Item Clause: Limit 1 of each item
|clearpoke
|poke|p1|Typhlosion-Hisui, L50, F|
|poke|p1|Whimsicott, L50, F|
|poke|p1|Dragapult, L50, M|
|poke|p1|Torkoal, L50, F|
|poke|p1|Lilligant-Hisui, L50, F|
|poke|p1|Electabuzz, L50, M|
|poke|p2|Ninetales-Alola, L50, F|
|poke|p2|Rillaboom, L50, M|
|poke|p2|Volcarona, L50, M|
|poke|p2|Annihilape, L50, F|
|poke|p2|Primarina, L50, M|
|poke|p2|Sneasler, L50, M|
|teampreview|4
|showteam|p1|Typhlosion-Hisui||ChoiceSpecs|Blaze|HeatWave,Eruption,ShadowBall,FocusPunch|||F|||50|,,,,,Fire]Whimsicott||CovertCloak|Prankster|Tailwind,Moonblast,SunnyDay,Encore|||F|||50|,,,,,Water]Dragapult||ChoiceBand|ClearBody|Uturn,DragonTail,DragonDarts,PhantomForce|||M|||50|,,,,,Dragon]Torkoal||LifeOrb|Drought|HeatWave,Eruption,Protect,WeatherBall|||F|||50|,,,,,Fire]Lilligant-Hisui||FocusSash|Chlorophyll|CloseCombat,SleepPowder,AfterYou,LeafBlade|||F|||50|,,,,,Ghost]Electabuzz||Eviolite|VitalSpirit|FollowMe,Taunt,Electroweb,Protect|||M|||50|,,,,,Grass
|showteam|p2|Ninetales-Alola||LightClay|SnowWarning|Blizzard,IcicleSpear,AuroraVeil,FreezeDry|||F|||50|,,,,,Ghost]Rillaboom||AssaultVest|GrassySurge|FakeOut,WoodHammer,GrassyGlide,Uturn|||M|||50|,,,,,Fire]Volcarona||SitrusBerry|FlameBody|HeatWave,GigaDrain,QuiverDance,Protect|||M|||50|,,,,,Grass]Annihilape||Leftovers|Defiant|RageFist,DrainPunch,BulkUp,Protect|||F|||50|,,,,,Fire]Primarina||ThroatSpray|LiquidVoice|HyperVoice,Moonblast,Haze,Protect|||M|||50|,,,,,Water]Sneasler||GrassySeed|Unburden|FakeOut,DireClaw,CloseCombat,Coaching|||M|||50|,,,,,Dark
|
|t:|1757855430
|teamsize|p1|4
|teamsize|p2|4
|start
|switch|p1a: Typhlosion|Typhlosion-Hisui, L50, F|100/100
|switch|p1b: Dragapult|Dragapult, L50, M|100/100
|switch|p2a: Annihilape|Annihilape, L50, F, shiny|100/100
|switch|p2b: Sneasler|Sneasler, L50, M|100/100
|turn|1
|
|t:|1757855452
|-terastallize|p1a: Typhlosion|Fire
|-terastallize|p2a: Annihilape|Fire
|move|p1b: Dragapult|U-turn|p2a: Annihilape
|-resisted|p2a: Annihilape
|-damage|p2a: Annihilape|84/100
|
|t:|1757855457
|switch|p1b: Torkoal|Torkoal, L50, F|100/100|[from] U-turn
|-weather|SunnyDay|[from] ability: Drought|[of] p1b: Torkoal
|move|p2b: Sneasler|Dire Claw|p1a: Typhlosion
|-damage|p1a: Typhlosion|29/100
|move|p1a: Typhlosion|Eruption|p2a: Annihilape|[spread] p2a,p2b
|-resisted|p2a: Annihilape
|-damage|p2a: Annihilape|54/100
|-damage|p2b: Sneasler|8/100
|move|p2a: Annihilape|Rage Fist|p1a: Typhlosion
|-damage|p1a: Typhlosion|0 fnt
|faint|p1a: Typhlosion
|
|-weather|SunnyDay|[upkeep]
|-heal|p2a: Annihilape|60/100|[from] item: Leftovers
|upkeep
|
|t:|1757855476
|switch|p1a: Dragapult|Dragapult, L50, M|100/100
|turn|2
|
|t:|1757855493
|move|p1b: Torkoal|Protect|p1b: Torkoal
|-singleturn|p1b: Torkoal|Protect
|move|p1a: Dragapult|Dragon Darts|p2a: Annihilape
|-damage|p2a: Annihilape|25/100
|-anim|p1a: Dragapult|Dragon Darts|p2b: Sneasler
|-damage|p2b: Sneasler|0 fnt
|faint|p2b: Sneasler
|move|p2a: Annihilape|Rage Fist|p1b: Torkoal
|-activate|p1b: Torkoal|move: Protect
|
|-weather|SunnyDay|[upkeep]
|-heal|p2a: Annihilape|31/100|[from] item: Leftovers
|upkeep
|
|t:|1757855509
|switch|p2b: Primarina|Primarina, L50, M, shiny|100/100
|turn|3
|
|t:|1757855513
|switch|p1a: Electabuzz|Electabuzz, L50, M|100/100
|move|p2a: Annihilape|Protect|p2a: Annihilape
|-singleturn|p2a: Annihilape|Protect
|move|p2b: Primarina|Hyper Voice|p1b: Torkoal|[spread] p1a,p1b
|-supereffective|p1b: Torkoal
|-damage|p1a: Electabuzz|89/100
|-damage|p1b: Torkoal|67/100
|-enditem|p2b: Primarina|Throat Spray
|-boost|p2b: Primarina|spa|1|[from] item: Throat Spray
|move|p1b: Torkoal|Heat Wave|p2b: Primarina|[spread] p2b
|-activate|p2a: Annihilape|move: Protect
|-resisted|p2b: Primarina
|-damage|p2b: Primarina|80/100
|-damage|p1b: Torkoal|57/100|[from] item: Life Orb
|
|-weather|SunnyDay|[upkeep]
|-heal|p2a: Annihilape|37/100|[from] item: Leftovers
|upkeep
|turn|4
|
|t:|1757855535
|move|p1a: Electabuzz|Taunt|p2a: Annihilape
|-start|p2a: Annihilape|move: Taunt
|move|p2a: Annihilape|Rage Fist|p1a: Electabuzz
|-crit|p1a: Electabuzz
|-damage|p1a: Electabuzz|0 fnt
|faint|p1a: Electabuzz
|move|p2b: Primarina|Hyper Voice|p1b: Torkoal
|-supereffective|p1b: Torkoal
|-damage|p1b: Torkoal|0 fnt
|faint|p1b: Torkoal
|
|-weather|SunnyDay|[upkeep]
|-heal|p2a: Annihilape|43/100|[from] item: Leftovers
|upkeep
|
|t:|1757855548
|switch|p1b: Dragapult|Dragapult, L50, M|100/100
|turn|5
|
|t:|1757855558
|move|p1b: Dragapult|Phantom Force||[still]
|-prepare|p1b: Dragapult|Phantom Force
|move|p2a: Annihilape|Rage Fist|p1b: Dragapult|[miss]
|-miss|p2a: Annihilape|p1b: Dragapult
|move|p2b: Primarina|Moonblast|p1b: Dragapult|[miss]
|-miss|p2b: Primarina|p1b: Dragapult
|
|-weather|none
|-heal|p2a: Annihilape|49/100|[from] item: Leftovers
|upkeep
|turn|6
|
|t:|1757855568
|move|p1b: Dragapult|Phantom Force|p2a: Annihilape|[from] lockedmove
|-damage|p2a: Annihilape|0 fnt
|faint|p2a: Annihilape
|move|p2b: Primarina|Moonblast|p1b: Dragapult
|-supereffective|p1b: Dragapult
|-damage|p1b: Dragapult|0 fnt
|faint|p1b: Dragapult
|
|win|Jessditta
