|j|☆red2k01
|j|‽DeusPtolemy
|html|red2k01DeusPtolemy    
|uhtml|bestof|Game 3 of a best-of-3
|t:|1783730954
|gametype|doubles
|player|p1|red2k01|265|1059
|player|p2|DeusPtolemy|169|1059
|gen|9
|tier|[Gen 9 Champions] VGC 2026 Reg M-B (Bo3)
|rated|
|rule|Species Clause: Limit one of each Pokémon
|rule|Item Clause: Limit 1 of each item
|clearpoke
|poke|p1|Whimsicott, L50, M|
|poke|p1|Charizard, L50, F|
|poke|p1|Garchomp, L50, M|
|poke|p1|Dragapult, L50, F|
|poke|p1|Farigiraf, L50, F|
|poke|p1|Rotom-Wash, L50|
|poke|p2|Raichu, L50, M|
|poke|p2|Venusaur, L50, F|
|poke|p2|Incineroar, L50, F|
|poke|p2|Palafin, L50, M|
|poke|p2|Pelipper, L50, F|
|poke|p2|Tsareena, L50, F|
|teampreview|4
|showteam|p1|Whimsicott||FocusSash|Prankster|Tailwind,Moonblast,Protect,Encore|Timid||M|||50|]Charizard||CharizarditeY|SolarPower|WeatherBall,HeatWave,SolarBeam,Protect|Modest||F|||50|]Garchomp||LifeOrb|RoughSkin|Earthquake,RockSlide,BrickBreak,Protect|Adamant||M|||50|]Dragapult||DragonFang|ClearBody|DragonDarts,BreakingSwipe,Protect,PhantomForce|Jolly||F|||50|]Farigiraf||SitrusBerry|ArmorTail|Protect,HyperVoice,Imprison,TrickRoom|Bold||F|||50|]Rotom-Wash||Leftovers|Levitate|WillOWisp,Protect,Thunderbolt,HydroPump|Modest|||||50|
|showteam|p2|Raichu||RaichuniteY|LightningRod|ZapCannon,FocusBlast,Protect,VoltSwitch|Timid||M|||50|]Venusaur||Venusaurite|Chlorophyll|SleepPowder,SludgeBomb,GigaDrain,Protect|Modest||F|||50|]Incineroar||SitrusBerry|Intimidate|FakeOut,DarkestLariat,FlareBlitz,PartingShot|Adamant||F|||50|]Palafin||MysticWater|ZerotoHero|JetPunch,WaveCrash,CloseCombat,FlipTurn|Jolly||M|||50|]Pelipper||SharpBeak|Drizzle|WeatherBall,Hurricane,Protect,Tailwind|Bold||F|||50|]Tsareena||LifeOrb|QueenlyMajesty|Taunt,TripleAxel,PowerWhip,Protect|Jolly||F|||50|
|inactive|Battle timer is ON: inactive players will automatically lose when time's up. (requested by red2k01)
|inactive|red2k01 has 60 seconds left.
|
|t:|1783731005
|teamsize|p1|4
|teamsize|p2|4
|start
|switch|p1a: Charizard|Charizard, L50, F|100/100
|switch|p1b: Dragapult|Dragapult, L50, F|100/100
|switch|p2a: Incineroar|Incineroar, L50, F|100/100
|switch|p2b: Tsareena|Tsareena, L50, F|100/100
|-ability|p2a: Incineroar|Intimidate|boost
|-unboost|p1a: Charizard|atk|1
|-fail|p1b: Dragapult|unboost|[from] ability: Clear Body|[of] p1b: Dragapult
|turn|1
|inactive|DeusPtolemy has 30 seconds left.
|
|t:|1783731035
|move|p1a: Charizard|Protect|p1a: Charizard
|-singleturn|p1a: Charizard|Protect
|move|p2a: Incineroar|Fake Out|p1a: Charizard
|-activate|p1a: Charizard|move: Protect
|move|p1b: Dragapult|Phantom Force||[still]
|-prepare|p1b: Dragapult|Phantom Force
|move|p2b: Tsareena|Triple Axel|p1b: Dragapult|[miss]
|-miss|p2b: Tsareena|p1b: Dragapult
|
|upkeep
|turn|2
|inactive|DeusPtolemy has 30 seconds left.
|
|t:|1783731063
|detailschange|p1a: Charizard|Charizard-Mega-Y, L50, F
|-mega|p1a: Charizard|Charizard|Charizardite Y
|-weather|SunnyDay|[from] ability: Drought|[of] p1a: Charizard
|move|p1b: Dragapult|Phantom Force|p2b: Tsareena|[from] lockedmove
|-damage|p2b: Tsareena|49/100
|move|p2b: Tsareena|Taunt|p1a: Charizard
|-start|p1a: Charizard|move: Taunt
|move|p1a: Charizard|Heat Wave|p2a: Incineroar|[spread] p2a,p2b
|-resisted|p2a: Incineroar|1
|-supereffective|p2b: Tsareena|1
|-damage|p2a: Incineroar|67/100
|-damage|p2b: Tsareena|0 fnt
|faint|p2b: Tsareena
|move|p2a: Incineroar|Darkest Lariat|p1b: Dragapult
|-supereffective|p1b: Dragapult|1
|-damage|p1b: Dragapult|0 fnt
|faint|p1b: Dragapult
|
|-weather|SunnyDay|[upkeep]
|upkeep
|
|t:|1783731074
|switch|p1b: Rotom|Rotom-Wash, L50|100/100
|switch|p2b: Pelipper|Pelipper, L50, F|100/100
|-weather|RainDance|[from] ability: Drizzle|[of] p2b: Pelipper
|turn|3
|
|t:|1783731093
|switch|p2a: Venusaur|Venusaur, L50, F|100/100
|move|p2b: Pelipper|Protect|p2b: Pelipper
|-singleturn|p2b: Pelipper|Protect
|move|p1a: Charizard|Weather Ball|p2a: Venusaur
|-resisted|p2a: Venusaur|1
|-damage|p2a: Venusaur|72/100
|move|p1b: Rotom|Thunderbolt|p2b: Pelipper
|-activate|p2b: Pelipper|move: Protect
|
|-weather|RainDance|[upkeep]
|upkeep
|turn|4
|inactive|DeusPtolemy has 30 seconds left.
|
|t:|1783731120
|switch|p1a: Whimsicott|Whimsicott, L50, M|100/100
|switch|p2b: Incineroar|Incineroar, L50, F|67/100
|-ability|p2b: Incineroar|Intimidate|boost
|-unboost|p1a: Whimsicott|atk|1
|-unboost|p1b: Rotom|atk|1
|detailschange|p2a: Venusaur|Venusaur-Mega, L50, F
|-mega|p2a: Venusaur|Venusaur|Venusaurite
|move|p1b: Rotom|Protect|p1b: Rotom
|-singleturn|p1b: Rotom|Protect
|move|p2a: Venusaur|Sleep Powder|p1b: Rotom
|-activate|p1b: Rotom|move: Protect
|
|-weather|RainDance|[upkeep]
|upkeep
|turn|5
|inactive|red2k01 has 30 seconds left.
|
|t:|1783731153
|switch|p1a: Charizard|Charizard-Mega-Y, L50, F|100/100
|-weather|SunnyDay|[from] ability: Drought|[of] p1a: Charizard
|move|p2b: Incineroar|Fake Out|p1b: Rotom
|-damage|p1b: Rotom|87/100
|move|p2a: Venusaur|Sleep Powder|p1b: Rotom
|-status|p1b: Rotom|slp|[from] move: Sleep Powder
|cant|p1b: Rotom|slp
|
|-weather|SunnyDay|[upkeep]
|-heal|p1b: Rotom|92/100 slp|[from] item: Leftovers
|upkeep
|turn|6
|
|t:|1783731168
|switch|p1a: Whimsicott|Whimsicott, L50, M|100/100
|switch|p2b: Pelipper|Pelipper, L50, F|100/100
|-weather|RainDance|[from] ability: Drizzle|[of] p2b: Pelipper
|move|p2a: Venusaur|Giga Drain|p1b: Rotom
|-supereffective|p1b: Rotom|1
|-damage|p1b: Rotom|21/100 slp
|-heal|p2a: Venusaur|100/100|[from] drain|[of] p1b: Rotom
|cant|p1b: Rotom|slp
|
|-weather|RainDance|[upkeep]
|-heal|p1b: Rotom|27/100 slp|[from] item: Leftovers
|upkeep
|turn|7
|inactive|red2k01 has 30 seconds left.
|
|t:|1783731203
|move|p1a: Whimsicott|Tailwind|p1a: Whimsicott
|-sidestart|p1: red2k01|move: Tailwind
|-curestatus|p1b: Rotom|slp|[msg]
|move|p1b: Rotom|Thunderbolt|p2b: Pelipper
|-supereffective|p2b: Pelipper|2
|-damage|p2b: Pelipper|0 fnt
|faint|p2b: Pelipper
|move|p2a: Venusaur|Sludge Bomb|p1a: Whimsicott
|-supereffective|p1a: Whimsicott|2
|-enditem|p1a: Whimsicott|Focus Sash
|-damage|p1a: Whimsicott|1/100
|-status|p1a: Whimsicott|psn
|
|-weather|RainDance|[upkeep]
|-heal|p1b: Rotom|33/100|[from] item: Leftovers
|-damage|p1a: Whimsicott|0 fnt|[from] psn
|faint|p1a: Whimsicott
|upkeep
|
|t:|1783731214
|switch|p1a: Charizard|Charizard-Mega-Y, L50, F|100/100
|switch|p2b: Incineroar|Incineroar, L50, F|67/100
|-weather|SunnyDay|[from] ability: Drought|[of] p1a: Charizard
|-ability|p2b: Incineroar|Intimidate|boost
|-unboost|p1a: Charizard|atk|1
|-unboost|p1b: Rotom|atk|1
|turn|8
|
|t:|1783731226
|move|p1a: Charizard|Protect|p1a: Charizard
|-singleturn|p1a: Charizard|Protect
|move|p1b: Rotom|Protect|p1b: Rotom
|-singleturn|p1b: Rotom|Protect
|move|p2b: Incineroar|Fake Out|p1a: Charizard
|-activate|p1a: Charizard|move: Protect
|move|p2a: Venusaur|Sleep Powder|p1a: Charizard
|-activate|p1a: Charizard|move: Protect
|
|-weather|SunnyDay|[upkeep]
|-heal|p1b: Rotom|39/100|[from] item: Leftovers
|upkeep
|turn|9
|
|t:|1783731235
|move|p1a: Charizard|Weather Ball|p2a: Venusaur
|-supereffective|p2a: Venusaur|1
|-damage|p2a: Venusaur|31/100
|move|p1b: Rotom|Thunderbolt|p2b: Incineroar
|-damage|p2b: Incineroar|31/100
|-enditem|p2b: Incineroar|Sitrus Berry|[eat]
|-heal|p2b: Incineroar|55/100|[from] item: Sitrus Berry
|move|p2a: Venusaur|Sleep Powder|p1a: Charizard
|-status|p1a: Charizard|slp|[from] move: Sleep Powder
|move|p2b: Incineroar|Darkest Lariat|p1b: Rotom
|-damage|p1b: Rotom|0 fnt
|faint|p1b: Rotom
|
|-weather|SunnyDay|[upkeep]
|upkeep
|turn|10
|
|t:|1783731253
|cant|p1a: Charizard|slp
|move|p2a: Venusaur|Sludge Bomb|p1a: Charizard
|-damage|p1a: Charizard|60/100 slp
|move|p2b: Incineroar|Darkest Lariat|p1a: Charizard
|-damage|p1a: Charizard|2/100 slp
|
|-weather|SunnyDay|[upkeep]
|-sideend|p1: red2k01|move: Tailwind
|upkeep
|turn|11
|
|t:|1783731269
|cant|p1a: Charizard|slp
|move|p2a: Venusaur|Sludge Bomb|p1a: Charizard
|-crit|p1a: Charizard
|-damage|p1a: Charizard|0 fnt
|faint|p1a: Charizard
|
|win|DeusPtolemy
|raw|red2k01's rating: 1059 → 1040(-19 for losing)
|raw|DeusPtolemy's rating: 1059 → 1090(+31 for winning)
