|j|☆Djjwjwwjj
|j|☆certified urgl
|html|Djjwjwwjjcertified urgl    
|uhtml|bestof|Game 1 of a best-of-3
|t:|1756635637
|gametype|doubles
|player|p1|Djjwjwwjj|1|1342
|player|p2|certified urgl|1|1408
|gen|9
|tier|[Gen 9] VGC 2025 Reg H (Bo3)
|rated|
|rule|Species Clause: Limit one of each Pokémon
|rule|Item Clause: Limit 1 of each item
|clearpoke
|poke|p1|Palafin, L50, M|
|poke|p1|Archaludon, L50, F|
|poke|p1|Pelipper, L50, F|
|poke|p1|Incineroar, L50, M|
|poke|p1|Dragonite, L50, M|
|poke|p1|Amoonguss, L50, F|
|poke|p2|Gholdengo, L50|
|poke|p2|Sneasler, L50, M|
|poke|p2|Rillaboom, L50, M|
|poke|p2|Dragonite, L50, M|
|poke|p2|Ninetales-Alola, L50, F|
|poke|p2|Arcanine-Hisui, L50, F|
|teampreview|4
|showteam|p1|Palafin||SafetyGoggles|ZerotoHero|Protect,FlipTurn,JetPunch,WaveCrash|||M|||50|,,,,,Water]Archaludon||AssaultVest|Stamina|Snarl,BodyPress,ElectroShot,DragonPulse|||F|||50|,,,,,Fighting]Pelipper||CovertCloak|Drizzle|Protect,Uturn,Hurricane,WeatherBall|||F|||50|,,,,,Steel]Incineroar||ChopleBerry|Intimidate|FakeOut,PartingShot,KnockOff,Taunt|||M|||50|,,,,,Grass]Dragonite||LoadedDice|Multiscale|Protect,Tailwind,ScaleShot,Haze|||M|||50|,,,,,Fairy]Amoonguss||SitrusBerry|Regenerator|Protect,Spore,RagePowder,PollenPuff|||F|||50|,,,,,Dark
|showteam|p2|Gholdengo||GrassySeed|GoodasGold|NastyPlot,MakeItRain,ShadowBall,Protect||||||50|,,,,,Dragon]Sneasler||WhiteHerb|Unburden|CloseCombat,DireClaw,Coaching,Protect|||M|||50|,,,,,Ghost]Rillaboom||AssaultVest|GrassySurge|FakeOut,GrassyGlide,DrumBeating,HighHorsepower|||M|||50|,,,,,Fire]Dragonite||LoadedDice|Multiscale|ScaleShot,StompingTantrum,Tailwind,Protect|||M|||50|,,,,,Ground]Ninetales-Alola||FocusSash|SnowWarning|Blizzard,IcyWind,Encore,AuroraVeil|||F|||50|,,,,,Ghost]Arcanine-Hisui||ClearAmulet|Intimidate|RockSlide,FlareBlitz,ExtremeSpeed,Protect|||F|||50|,,,,,Water
|inactive|Battle timer is ON: inactive players will automatically lose when time's up. (requested by certified urgl)
|inactive|Djjwjwwjj also wants the timer to be on.
|inactive|Djjwjwwjj has 60 seconds left.
|inactive|certified urgl has 60 seconds left.
|
|t:|1756635690
|teamsize|p1|4
|teamsize|p2|4
|start
|switch|p1a: Archaludon|Archaludon, L50, F|100/100
|switch|p1b: Incineroar|Incineroar, L50, M|100/100
|switch|p2a: Gholdengo|Gholdengo, L50|100/100
|switch|p2b: Rillaboom|Rillaboom, L50, M|100/100
|-fieldstart|move: Grassy Terrain|[from] ability: Grassy Surge|[of] p2b: Rillaboom
|-enditem|p2a: Gholdengo|Grassy Seed
|-boost|p2a: Gholdengo|def|1|[from] item: Grassy Seed
|-ability|p1b: Incineroar|Intimidate|boost
|-unboost|p2a: Gholdengo|atk|1
|-unboost|p2b: Rillaboom|atk|1
|turn|1
|
|t:|1756635714
|move|p2b: Rillaboom|Fake Out|p1b: Incineroar
|-damage|p1b: Incineroar|91/100
|move|p2a: Gholdengo|Nasty Plot|p2a: Gholdengo
|-boost|p2a: Gholdengo|spa|2
|cant|p1b: Incineroar|flinch
|move|p1a: Archaludon|Snarl|p2b: Rillaboom|[spread] p2a,p2b
|-supereffective|p2a: Gholdengo
|-damage|p2a: Gholdengo|75/100
|-damage|p2b: Rillaboom|92/100
|-unboost|p2a: Gholdengo|spa|1
|-unboost|p2b: Rillaboom|spa|1
|
|-heal|p2b: Rillaboom|97/100|[from] Grassy Terrain
|-heal|p2a: Gholdengo|82/100|[from] Grassy Terrain
|-heal|p1b: Incineroar|97/100|[from] Grassy Terrain
|upkeep
|turn|2
|
|t:|1756635733
|switch|p2b: Sneasler|Sneasler, L50, M|100/100
|move|p2a: Gholdengo|Nasty Plot|p2a: Gholdengo
|-boost|p2a: Gholdengo|spa|2
|move|p1b: Incineroar|Parting Shot|p2b: Sneasler
|-unboost|p2b: Sneasler|atk|1
|-unboost|p2b: Sneasler|spa|1
|-enditem|p2b: Sneasler|White Herb
|-clearnegativeboost|p2b: Sneasler|[silent]
|
|t:|1756635744
|switch|p1b: Dragonite|Dragonite, L50, M|100/100|[from] Parting Shot
|move|p1a: Archaludon|Snarl|p2b: Sneasler|[spread] p2a,p2b
|-supereffective|p2a: Gholdengo
|-resisted|p2b: Sneasler
|-damage|p2a: Gholdengo|60/100
|-damage|p2b: Sneasler|94/100
|-unboost|p2a: Gholdengo|spa|1
|-unboost|p2b: Sneasler|spa|1
|
|-heal|p2b: Sneasler|99/100|[from] Grassy Terrain
|-heal|p2a: Gholdengo|66/100|[from] Grassy Terrain
|upkeep
|turn|3
|inactive|Djjwjwwjj has 30 seconds left.
|inactive|certified urgl has 30 seconds left.
|inactive|Djjwjwwjj has 20 seconds left.
|
|t:|1756635782
|-terastallize|p1a: Archaludon|Fighting
|move|p2b: Sneasler|Close Combat|p1a: Archaludon
|-damage|p1a: Archaludon|63/100
|-unboost|p2b: Sneasler|def|1
|-unboost|p2b: Sneasler|spd|1
|-ability|p1a: Archaludon|Stamina|boost
|-boost|p1a: Archaludon|def|1
|move|p1b: Dragonite|Haze|p1b: Dragonite
|-clearallboost
|move|p2a: Gholdengo|Make It Rain|p1a: Archaludon|[spread] p1a,p1b
|-damage|p1a: Archaludon|35/100
|-damage|p1b: Dragonite|75/100
|-unboost|p2a: Gholdengo|spa|1
|-ability|p1a: Archaludon|Stamina|boost
|-boost|p1a: Archaludon|def|1
|move|p1a: Archaludon|Snarl|p2a: Gholdengo|[spread] p2a,p2b
|-supereffective|p2a: Gholdengo
|-resisted|p2b: Sneasler
|-damage|p2a: Gholdengo|42/100
|-damage|p2b: Sneasler|93/100
|-unboost|p2a: Gholdengo|spa|1
|-unboost|p2b: Sneasler|spa|1
|
|-heal|p2b: Sneasler|99/100|[from] Grassy Terrain
|-heal|p2a: Gholdengo|48/100|[from] Grassy Terrain
|-heal|p1a: Archaludon|41/100|[from] Grassy Terrain
|upkeep
|turn|4
|inactive|Djjwjwwjj has 30 seconds left.
|inactive|certified urgl has 30 seconds left.
|
|t:|1756635810
|switch|p2a: Ninetales|Ninetales-Alola, L50, F|100/100
|-weather|Snowscape|[from] ability: Snow Warning|[of] p2a: Ninetales
|switch|p1a: Incineroar|Incineroar, L50, M|97/100
|-ability|p1a: Incineroar|Intimidate|boost
|-unboost|p2a: Ninetales|atk|1
|-unboost|p2b: Sneasler|atk|1
|move|p2b: Sneasler|Protect|p2b: Sneasler
|-singleturn|p2b: Sneasler|Protect
|move|p1b: Dragonite|Scale Shot|p2b: Sneasler
|-activate|p2b: Sneasler|move: Protect
|
|-weather|Snowscape|[upkeep]
|-heal|p2b: Sneasler|100/100|[from] Grassy Terrain
|-heal|p1a: Incineroar|100/100|[from] Grassy Terrain
|upkeep
|turn|5
|inactive|Djjwjwwjj has 30 seconds left.
|inactive|certified urgl has 30 seconds left.
|
|t:|1756635837
|switch|p2b: Gholdengo|Gholdengo, L50|48/100
|switch|p1b: Pelipper|Pelipper, L50, F|100/100
|-weather|RainDance|[from] ability: Drizzle|[of] p1b: Pelipper
|move|p2a: Ninetales|Blizzard|p1b: Pelipper|[spread] p1b
|-miss|p2a: Ninetales|p1a: Incineroar
|-damage|p1b: Pelipper|49/100
|move|p1a: Incineroar|Knock Off|p2b: Gholdengo
|-supereffective|p2b: Gholdengo
|-damage|p2b: Gholdengo|2/100
|
|-weather|RainDance|[upkeep]
|-heal|p2b: Gholdengo|8/100|[from] Grassy Terrain
|-fieldend|move: Grassy Terrain
|upkeep
|turn|6
|inactive|certified urgl has 30 seconds left.
|
|t:|1756635863
|switch|p2a: Rillaboom|Rillaboom, L50, M|97/100
|-fieldstart|move: Grassy Terrain|[from] ability: Grassy Surge|[of] p2a: Rillaboom
|move|p1b: Pelipper|Protect|p1b: Pelipper
|-singleturn|p1b: Pelipper|Protect
|move|p2b: Gholdengo|Shadow Ball|p1b: Pelipper
|-activate|p1b: Pelipper|move: Protect
|move|p1a: Incineroar|Parting Shot|p2a: Rillaboom
|-unboost|p2a: Rillaboom|atk|1
|-unboost|p2a: Rillaboom|spa|1
|
|t:|1756635883
|switch|p1a: Dragonite|Dragonite, L50, M|75/100|[from] Parting Shot
|
|-weather|RainDance|[upkeep]
|-heal|p2a: Rillaboom|100/100|[from] Grassy Terrain
|-heal|p2b: Gholdengo|14/100|[from] Grassy Terrain
|upkeep
|turn|7
|
|t:|1756635895
|switch|p1b: Incineroar|Incineroar, L50, M|100/100
|-ability|p1b: Incineroar|Intimidate|boost
|-unboost|p2a: Rillaboom|atk|1
|-unboost|p2b: Gholdengo|atk|1
|move|p1a: Dragonite|Protect|p1a: Dragonite
|-singleturn|p1a: Dragonite|Protect
|move|p2a: Rillaboom|Drum Beating|p1a: Dragonite
|-activate|p1a: Dragonite|move: Protect
|move|p2b: Gholdengo|Shadow Ball|p1b: Incineroar
|-resisted|p1b: Incineroar
|-damage|p1b: Incineroar|81/100
|
|-weather|RainDance|[upkeep]
|-heal|p2b: Gholdengo|20/100|[from] Grassy Terrain
|-heal|p1b: Incineroar|87/100|[from] Grassy Terrain
|upkeep
|turn|8
|
|t:|1756635920
|switch|p2a: Ninetales|Ninetales-Alola, L50, F|100/100
|-weather|Snowscape|[from] ability: Snow Warning|[of] p2a: Ninetales
|move|p2b: Gholdengo|Protect|p2b: Gholdengo
|-singleturn|p2b: Gholdengo|Protect
|move|p1a: Dragonite|Scale Shot|p2b: Gholdengo
|-activate|p2b: Gholdengo|move: Protect
|move|p1b: Incineroar|Parting Shot|p2a: Ninetales
|-unboost|p2a: Ninetales|atk|1
|-unboost|p2a: Ninetales|spa|1
|
|t:|1756635934
|switch|p1b: Pelipper|Pelipper, L50, F|49/100|[from] Parting Shot
|-weather|RainDance|[from] ability: Drizzle|[of] p1b: Pelipper
|
|-weather|RainDance|[upkeep]
|-heal|p2b: Gholdengo|27/100|[from] Grassy Terrain
|upkeep
|turn|9
|
|t:|1756635954
|switch|p1b: Incineroar|Incineroar, L50, M|87/100
|-ability|p1b: Incineroar|Intimidate|boost
|-unboost|p2a: Ninetales|atk|1
|-unboost|p2b: Gholdengo|atk|1
|move|p1a: Dragonite|Protect|p1a: Dragonite
|-singleturn|p1a: Dragonite|Protect
|move|p2a: Ninetales|Icy Wind|p1b: Incineroar|[spread] p1b
|-activate|p1a: Dragonite|move: Protect
|-resisted|p1b: Incineroar
|-damage|p1b: Incineroar|82/100
|-unboost|p1b: Incineroar|spe|1
|move|p2b: Gholdengo|Shadow Ball|p1b: Incineroar
|-resisted|p1b: Incineroar
|-damage|p1b: Incineroar|64/100
|
|-weather|RainDance|[upkeep]
|-heal|p2b: Gholdengo|33/100|[from] Grassy Terrain
|-heal|p1b: Incineroar|70/100|[from] Grassy Terrain
|upkeep
|turn|10
|
|t:|1756635970
|switch|p2a: Rillaboom|Rillaboom, L50, M|100/100
|move|p1b: Incineroar|Fake Out|p2a: Rillaboom
|-damage|p2a: Rillaboom|89/100
|move|p1a: Dragonite|Tailwind|p1a: Dragonite
|-sidestart|p1: Djjwjwwjj|move: Tailwind
|move|p2b: Gholdengo|Make It Rain|p1a: Dragonite|[spread] p1a,p1b
|-resisted|p1b: Incineroar
|-damage|p1a: Dragonite|32/100
|-damage|p1b: Incineroar|50/100
|-unboost|p2b: Gholdengo|spa|1
|
|-weather|RainDance|[upkeep]
|-heal|p1b: Incineroar|55/100|[from] Grassy Terrain
|-heal|p2a: Rillaboom|95/100|[from] Grassy Terrain
|-heal|p2b: Gholdengo|39/100|[from] Grassy Terrain
|-fieldend|move: Grassy Terrain
|upkeep
|turn|11
|
|t:|1756635992
|move|p2a: Rillaboom|Fake Out|p1b: Incineroar
|-damage|p1b: Incineroar|44/100
|move|p1a: Dragonite|Scale Shot|p2b: Gholdengo
|-resisted|p2b: Gholdengo
|-damage|p2b: Gholdengo|33/100
|-resisted|p2b: Gholdengo
|-damage|p2b: Gholdengo|26/100
|-resisted|p2b: Gholdengo
|-damage|p2b: Gholdengo|20/100
|-resisted|p2b: Gholdengo
|-crit|p2b: Gholdengo
|-damage|p2b: Gholdengo|10/100
|-resisted|p2b: Gholdengo
|-damage|p2b: Gholdengo|3/100
|-hitcount|p2b: Gholdengo|5
|-unboost|p1a: Dragonite|def|1
|-boost|p1a: Dragonite|spe|1
|cant|p1b: Incineroar|flinch
|move|p2b: Gholdengo|Make It Rain|p1b: Incineroar|[spread] p1a,p1b
|-resisted|p1b: Incineroar
|-damage|p1a: Dragonite|0 fnt
|-damage|p1b: Incineroar|30/100
|-unboost|p2b: Gholdengo|spa|1
|faint|p1a: Dragonite
|
|-weather|RainDance|[upkeep]
|upkeep
|
|t:|1756636012
|switch|p1a: Archaludon|Archaludon, L50, F, tera:Fighting|41/100
|turn|12
|
|t:|1756636029
|move|p1a: Archaludon|Electro Shot||[still]
|-prepare|p1a: Archaludon|Electro Shot
|-boost|p1a: Archaludon|spa|1
|-anim|p1a: Archaludon|Electro Shot|p2b: Gholdengo
|-damage|p2b: Gholdengo|0 fnt
|faint|p2b: Gholdengo
|move|p1b: Incineroar|Parting Shot|p2a: Rillaboom
|-unboost|p2a: Rillaboom|atk|1
|-unboost|p2a: Rillaboom|spa|1
|
|t:|1756636036
|switch|p1b: Pelipper|Pelipper, L50, F|49/100|[from] Parting Shot
|move|p2a: Rillaboom|Drum Beating|p1a: Archaludon
|-damage|p1a: Archaludon|25/100
|-unboost|p1a: Archaludon|spe|1
|-ability|p1a: Archaludon|Stamina|boost
|-boost|p1a: Archaludon|def|1
|
|-weather|none
|upkeep
|
|t:|1756636045
|switch|p2b: Ninetales|Ninetales-Alola, L50, F|100/100
|-weather|Snowscape|[from] ability: Snow Warning|[of] p2b: Ninetales
|turn|13
|
|t:|1756636064
|move|p1b: Pelipper|Hurricane|p2a: Rillaboom
|-supereffective|p2a: Rillaboom
|-damage|p2a: Rillaboom|18/100
|-start|p2a: Rillaboom|confusion
|move|p2b: Ninetales|Blizzard|p1b: Pelipper|[spread] p1a,p1b
|-damage|p1a: Archaludon|5/100
|-damage|p1b: Pelipper|0 fnt
|-ability|p1a: Archaludon|Stamina|boost
|-boost|p1a: Archaludon|def|1
|faint|p1b: Pelipper
|-activate|p2a: Rillaboom|confusion
|move|p2a: Rillaboom|High Horsepower|p1a: Archaludon
|-damage|p1a: Archaludon|0 fnt
|faint|p1a: Archaludon
|
|-weather|Snowscape|[upkeep]
|-sideend|p1: Djjwjwwjj|move: Tailwind
|upkeep
|
|t:|1756636080
|switch|p1b: Incineroar|Incineroar, L50, M|30/100
|-ability|p1b: Incineroar|Intimidate|boost
|-unboost|p2a: Rillaboom|atk|1
|-unboost|p2b: Ninetales|atk|1
|turn|14
|-message|Djjwjwwjj forfeited.
|
|win|certified urgl
|l|☆Djjwjwwjj
|player|p1|
