|j|☆Mauricio0609!
|j|☆desbrozadorasgoian
|html|Mauricio0609!desbrozadorasgoian    
|uhtml|bestof|Game 1 of a best-of-3
|t:|1784321472
|gametype|doubles
|player|p1|Mauricio0609!|101|1107
|player|p2|desbrozadorasgoian|wattson|1051
|gen|9
|tier|[Gen 9 Champions] VGC 2026 Reg M-B (Bo3)
|rated|
|rule|Species Clause: Limit one of each Pokémon
|rule|Item Clause: Limit 1 of each item
|clearpoke
|poke|p1|Tyranitar, L50, M|
|poke|p1|Grimmsnarl, L50, M|
|poke|p1|Pelipper, L50, M|
|poke|p1|Archaludon, L50, F|
|poke|p1|Basculegion, L50, M|
|poke|p1|Raichu, L50, F|
|poke|p2|Goodra-Hisui, L50, M|
|poke|p2|Espathra, L50, F|
|poke|p2|Scovillain, L50, M|
|poke|p2|Pelipper, L50, F|
|poke|p2|Garchomp, L50, M|
|poke|p2|Basculegion, L50, M|
|teampreview|4
|showteam|p1|Tyranitar||Tyranitarite|SandStream|RockSlide,IcePunch,DragonDance,Crunch|Adamant||M|||50|]Grimmsnarl||LightClay|Prankster|LightScreen,Reflect,SpiritBreak,PartingShot|Careful||M|||50|]Pelipper||SitrusBerry|Drizzle|IceBeam,Tailwind,WeatherBall,Hurricane|Modest||M|||50|]Archaludon||Leftovers|Stamina|DragonPulse,FlashCannon,Protect,ElectroShot|Modest||F|||50|]Basculegion||MysticWater|Adaptability|WaveCrash,LastRespects,AquaJet,Protect|Jolly||M|||50|]Raichu||RaichuniteY|LightningRod|GrassKnot,Protect,ZapCannon,FocusBlast|Timid||F|||50|
|showteam|p2|Goodra-Hisui||Leftovers|ShellArmor|MuddyWater,FlashCannon,Shelter,Protect|Bold||M|||50|]Espathra||FocusSash|SpeedBoost|LuminaCrash,CalmMind,BatonPass,Protect|Timid||F|||50|]Scovillain||Scovillainite|Moody|Protect,RagePowder,LeechSeed,Overheat|Calm||M|||50|]Pelipper||SitrusBerry|Drizzle|Hurricane,WeatherBall,Tailwind,WideGuard|Modest||F|||50|]Garchomp||LifeOrb|RoughSkin|DragonClaw,RockSlide,Earthquake,Protect|Jolly||M|||50|]Basculegion||ChoiceScarf|Adaptability|LastRespects,AquaJet,WaveCrash,Protect|Jolly||M|||50|
|
|t:|1784321502
|teamsize|p1|4
|teamsize|p2|4
|start
|switch|p1a: Raichu|Raichu, L50, F|100/100
|switch|p1b: Grimmsnarl|Grimmsnarl, L50, M|100/100
|switch|p2a: Espathra|Espathra, L50, F|100/100
|switch|p2b: Scovillain|Scovillain, L50, M|100/100
|turn|1
|
|t:|1784321527
|switch|p1a: Pelipper|Pelipper, L50, M|100/100
|-weather|RainDance|[from] ability: Drizzle|[of] p1a: Pelipper
|detailschange|p2b: Scovillain|Scovillain-Mega, L50, M
|-mega|p2b: Scovillain|Scovillain|Scovillainite
|move|p2b: Scovillain|Rage Powder|p2b: Scovillain
|-singleturn|p2b: Scovillain|move: Rage Powder
|move|p1b: Grimmsnarl|Light Screen|p1b: Grimmsnarl
|-sidestart|p1: Mauricio0609!|move: Light Screen
|move|p2a: Espathra|Calm Mind|p2a: Espathra
|-boost|p2a: Espathra|spa|1
|-boost|p2a: Espathra|spd|1
|
|-weather|RainDance|[upkeep]
|-ability|p2a: Espathra|Speed Boost|boost
|-boost|p2a: Espathra|spe|1
|upkeep
|turn|2
|
|t:|1784321546
|move|p2b: Scovillain|Protect|p2b: Scovillain
|-singleturn|p2b: Scovillain|Protect
|move|p1b: Grimmsnarl|Parting Shot|p2a: Espathra
|-unboost|p2a: Espathra|atk|1
|-unboost|p2a: Espathra|spa|1
|
|t:|1784321552
|switch|p1b: Archaludon|Archaludon, L50, F|100/100|[from] Parting Shot
|move|p2a: Espathra|Calm Mind|p2a: Espathra
|-boost|p2a: Espathra|spa|1
|-boost|p2a: Espathra|spd|1
|move|p1a: Pelipper|Hurricane|p2b: Scovillain
|-activate|p2b: Scovillain|move: Protect
|
|-weather|RainDance|[upkeep]
|-ability|p2a: Espathra|Speed Boost|boost
|-boost|p2a: Espathra|spe|1
|upkeep
|turn|3
|
|t:|1784321571
|move|p2a: Espathra|Lumina Crash|p1a: Pelipper
|-damage|p1a: Pelipper|48/100
|-unboost|p1a: Pelipper|spd|2
|-enditem|p1a: Pelipper|Sitrus Berry|[eat]
|-heal|p1a: Pelipper|73/100|[from] item: Sitrus Berry
|move|p1b: Archaludon|Electro Shot||[still]
|-prepare|p1b: Archaludon|Electro Shot
|-boost|p1b: Archaludon|spa|1
|-anim|p1b: Archaludon|Electro Shot|p2a: Espathra
|-damage|p2a: Espathra|48/100
|move|p1a: Pelipper|Hurricane|p2b: Scovillain
|-supereffective|p2b: Scovillain|1
|-damage|p2b: Scovillain|18/100
|-status|p1a: Pelipper|brn|[from] ability: Spicy Spray|[of] p2b: Scovillain
|move|p2b: Scovillain|Leech Seed|p1b: Archaludon
|-start|p1b: Archaludon|move: Leech Seed
|
|-weather|RainDance|[upkeep]
|-damage|p1b: Archaludon|87/100|[from] Leech Seed|[of] p2b: Scovillain
|-heal|p2b: Scovillain|32/100|[silent]
|-damage|p1a: Pelipper|67/100 brn|[from] brn
|-ability|p2a: Espathra|Speed Boost|boost
|-boost|p2a: Espathra|spe|1
|upkeep
|turn|4
|
|t:|1784321599
|move|p2b: Scovillain|Protect|p2b: Scovillain
|-singleturn|p2b: Scovillain|Protect
|move|p2a: Espathra|Baton Pass|p2a: Espathra
|
|t:|1784321603
|switch|p2a: Goodra|Goodra-Hisui, L50, M|100/100|[from] Baton Pass
|move|p1b: Archaludon|Electro Shot||[still]
|-prepare|p1b: Archaludon|Electro Shot
|-boost|p1b: Archaludon|spa|1
|-anim|p1b: Archaludon|Electro Shot|p2a: Goodra
|-resisted|p2a: Goodra|1
|-damage|p2a: Goodra|85/100
|move|p1a: Pelipper|Tailwind|p1a: Pelipper
|-sidestart|p1: Mauricio0609!|move: Tailwind
|
|-weather|RainDance|[upkeep]
|-heal|p1b: Archaludon|93/100|[from] item: Leftovers
|-heal|p2a: Goodra|91/100|[from] item: Leftovers
|-damage|p1b: Archaludon|81/100|[from] Leech Seed|[of] p2b: Scovillain
|-heal|p2b: Scovillain|46/100|[silent]
|-damage|p1a: Pelipper|62/100 brn|[from] brn
|upkeep
|turn|5
|
|t:|1784321622
|switch|p2b: Espathra|Espathra, L50, F|48/100
|move|p1b: Archaludon|Dragon Pulse|p2a: Goodra
|-damage|p2a: Goodra|64/100
|move|p2a: Goodra|Shelter|p2a: Goodra
|-boost|p2a: Goodra|def|2
|move|p1a: Pelipper|Hurricane|p2b: Espathra
|-damage|p2b: Espathra|0 fnt
|faint|p2b: Espathra
|
|-weather|none
|-heal|p1b: Archaludon|87/100|[from] item: Leftovers
|-heal|p2a: Goodra|70/100|[from] item: Leftovers
|-damage|p1a: Pelipper|56/100 brn|[from] brn
|upkeep
|
|t:|1784321636
|switch|p2b: Basculegion|Basculegion, L50, M|100/100
|turn|6
|
|t:|1784321655
|switch|p2b: Scovillain|Scovillain-Mega, L50, M|46/100
|switch|p1a: Grimmsnarl|Grimmsnarl, L50, M|100/100
|move|p1b: Archaludon|Dragon Pulse|p2b: Scovillain
|-damage|p2b: Scovillain|0 fnt
|-status|p1b: Archaludon|brn|[from] ability: Spicy Spray|[of] p2b: Scovillain
|faint|p2b: Scovillain
|move|p2a: Goodra|Muddy Water|p1a: Grimmsnarl|[spread] p1a,p1b
|-resisted|p1b: Archaludon|1
|-damage|p1a: Grimmsnarl|85/100
|-damage|p1b: Archaludon|80/100 brn
|-unboost|p1b: Archaludon|accuracy|1
|-ability|p1b: Archaludon|Stamina|boost
|-boost|p1b: Archaludon|def|1
|
|-heal|p1b: Archaludon|86/100 brn|[from] item: Leftovers
|-heal|p2a: Goodra|75/100|[from] item: Leftovers
|-damage|p1b: Archaludon|80/100 brn|[from] brn
|upkeep
|
|t:|1784321669
|switch|p2b: Basculegion|Basculegion, L50, M|100/100
|turn|7
|
|t:|1784321687
|move|p1a: Grimmsnarl|Parting Shot|p2b: Basculegion
|-unboost|p2b: Basculegion|atk|1
|-unboost|p2b: Basculegion|spa|1
|
|t:|1784321691
|switch|p1a: Pelipper|Pelipper, L50, M|56/100 brn|[from] Parting Shot
|-weather|RainDance|[from] ability: Drizzle|[of] p1a: Pelipper
|move|p1b: Archaludon|Dragon Pulse|p2b: Basculegion|[miss]
|-miss|p1b: Archaludon|p2b: Basculegion
|move|p2b: Basculegion|Last Respects|p1b: Archaludon
|-damage|p1b: Archaludon|47/100 brn
|-ability|p1b: Archaludon|Stamina|boost
|-boost|p1b: Archaludon|def|1
|move|p2a: Goodra|Muddy Water|p1a: Pelipper|[spread] p1a,p1b
|-resisted|p1a: Pelipper|1
|-resisted|p1b: Archaludon|1
|-damage|p1a: Pelipper|37/100 brn
|-damage|p1b: Archaludon|34/100 brn
|-unboost|p1a: Pelipper|accuracy|1
|-unboost|p1b: Archaludon|accuracy|1
|-ability|p1b: Archaludon|Stamina|boost
|-boost|p1b: Archaludon|def|1
|
|-weather|RainDance|[upkeep]
|-heal|p1b: Archaludon|40/100 brn|[from] item: Leftovers
|-heal|p2a: Goodra|81/100|[from] item: Leftovers
|-damage|p1b: Archaludon|28/100 brn|[from] Leech Seed|[of] p2b: Basculegion
|-damage|p1b: Archaludon|22/100 brn|[from] brn
|-damage|p1a: Pelipper|32/100 brn|[from] brn
|-sideend|p1: Mauricio0609!|move: Tailwind
|upkeep
|turn|8
|
|t:|1784321732
|move|p2b: Basculegion|Last Respects|p1b: Archaludon
|-damage|p1b: Archaludon|4/100 brn
|-ability|p1b: Archaludon|Stamina|boost
|-boost|p1b: Archaludon|def|1
|move|p2a: Goodra|Muddy Water|p1a: Pelipper|[spread] p1a,p1b
|-resisted|p1a: Pelipper|1
|-resisted|p1b: Archaludon|1
|-damage|p1a: Pelipper|14/100 brn
|-damage|p1b: Archaludon|0 fnt
|faint|p1b: Archaludon
|move|p1a: Pelipper|Weather Ball|p2a: Goodra
|-resisted|p2a: Goodra|1
|-damage|p2a: Goodra|72/100
|
|-weather|RainDance|[upkeep]
|-heal|p2a: Goodra|78/100|[from] item: Leftovers
|-damage|p1a: Pelipper|8/100 brn|[from] brn
|-sideend|p1: Mauricio0609!|move: Light Screen
|upkeep
|
|t:|1784321747
|switch|p1b: Raichu|Raichu, L50, F|100/100
|turn|9
|
|t:|1784321756
|detailschange|p1b: Raichu|Raichu-Mega-Y, L50, F
|-mega|p1b: Raichu|Raichu|Raichunite Y
|move|p2b: Basculegion|Last Respects|p1b: Raichu
|-damage|p1b: Raichu|0 fnt
|faint|p1b: Raichu
|move|p2a: Goodra|Muddy Water|p1a: Pelipper
|-resisted|p1a: Pelipper|1
|-damage|p1a: Pelipper|0 fnt
|faint|p1a: Pelipper
|
|-weather|RainDance|[upkeep]
|-heal|p2a: Goodra|83/100|[from] item: Leftovers
|upkeep
|-message|Mauricio0609! forfeited.
|
|win|desbrozadorasgoian
