|j|☆dont make me walk
|j|☆Sonja Hilmer
|html|dont make me walkSonja Hilmer    
|uhtml|bestof|Game 2 of a best-of-3
|t:|1757021813
|gametype|doubles
|player|p1|dont make me walk|red-masters3|1398
|player|p2|Sonja Hilmer|lady|1375
|gen|9
|tier|[Gen 9] VGC 2025 Reg H (Bo3)
|rated|
|rule|Species Clause: Limit one of each Pokémon
|rule|Item Clause: Limit 1 of each item
|clearpoke
|poke|p1|Ursaluna-Bloodmoon, L50, M|
|poke|p1|Indeedee, L50, M|
|poke|p1|Sneasler, L50, F|
|poke|p1|Incineroar, L50, F|
|poke|p1|Talonflame, L50, M|
|poke|p1|Garchomp, L50, M|
|poke|p2|Dachsbun, L50, F|
|poke|p2|Typhlosion-Hisui, L50, M|
|poke|p2|Kingambit, L50, M|
|poke|p2|Jumpluff, L50, M|
|poke|p2|Rillaboom, L50, M|
|poke|p2|Torkoal, L50, M|
|teampreview|4
|showteam|p1|Ursaluna-Bloodmoon||LifeOrb|MindsEye|Protect,EarthPower,HyperVoice,BloodMoon|||M|||50|,,,,,Normal]Indeedee||FocusSash|PsychicSurge|ExpandingForce,Protect,TrickRoom,Imprison|||M|||50|,,,,,Psychic]Sneasler||PsychicSeed|Unburden|DireClaw,CloseCombat,ThroatChop,Protect|||F|||50|,,,,,Dark]Incineroar||SafetyGoggles|Intimidate|FakeOut,KnockOff,FlareBlitz,PartingShot|||F|||50|,,,,,Ghost]Talonflame||CovertCloak|GaleWings|FlareBlitz,DualWingbeat,WillOWisp,Tailwind|||M|||50|,,,,,Fairy]Garchomp||ClearAmulet|RoughSkin|Earthquake,StompingTantrum,DragonClaw,Protect|||M|||50|,,,,,Fairy
|showteam|p2|Dachsbun||Leftovers|WellBakedBody|BodyPress,Snarl,HelpingHand,Protect|||F|||50|,,,,,Steel]Typhlosion-Hisui||ChoiceSpecs|Blaze|Eruption,LavaPlume,Overheat,ShadowBall|||M|||50|,,,,,Fire]Kingambit||AssaultVest|Defiant|KowtowCleave,SuckerPunch,LowKick,TeraBlast|||M|||50|,,,,,Fairy]Jumpluff||CovertCloak|Chlorophyll|SleepPowder,SunnyDay,RagePowder,Tailwind|||M|||50|,,,,,Water]Rillaboom||LifeOrb|GrassySurge|WoodHammer,GrassyGlide,HighHorsepower,FakeOut|||M|||50|,,,,,Ground]Torkoal||SitrusBerry|Drought|HeatWave,LavaPlume,ClearSmog,Protect|||M|||50|,,,,,Fairy
|inactive|Battle timer is ON: inactive players will automatically lose when time's up. (requested by dont make me walk)
|inactive|Sonja Hilmer also wants the timer to be on.
|inactive|Sonja Hilmer has 60 seconds left.
|
|t:|1757021857
|teamsize|p1|4
|teamsize|p2|4
|start
|switch|p1a: Talonflame|Talonflame, L50, M|100/100
|switch|p1b: Ursaluna|Ursaluna-Bloodmoon, L50, M|100/100
|switch|p2a: Rillaboom|Rillaboom, L50, M|100/100
|switch|p2b: Torkoal|Torkoal, L50, M|100/100
|-fieldstart|move: Grassy Terrain|[from] ability: Grassy Surge|[of] p2a: Rillaboom
|-weather|SunnyDay|[from] ability: Drought|[of] p2b: Torkoal
|turn|1
|
|t:|1757021866
|move|p1b: Ursaluna|Protect|p1b: Ursaluna
|-singleturn|p1b: Ursaluna|Protect
|move|p2a: Rillaboom|Fake Out|p1b: Ursaluna
|-activate|p1b: Ursaluna|move: Protect
|move|p1a: Talonflame|Dual Wingbeat|p2a: Rillaboom|[miss]
|-miss|p1a: Talonflame|p2a: Rillaboom
|move|p2b: Torkoal|Heat Wave|p1b: Ursaluna|[spread] p1a
|-activate|p1b: Ursaluna|move: Protect
|-resisted|p1a: Talonflame
|-damage|p1a: Talonflame|78/100
|
|-weather|SunnyDay|[upkeep]
|upkeep
|turn|2
|
|t:|1757021884
|-terastallize|p1b: Ursaluna|Normal
|-terastallize|p2b: Torkoal|Fairy
|move|p2a: Rillaboom|Grassy Glide|p1b: Ursaluna
|-damage|p1b: Ursaluna|61/100
|-damage|p2a: Rillaboom|91/100|[from] item: Life Orb
|move|p1a: Talonflame|Will-O-Wisp|p2a: Rillaboom|[miss]
|-miss|p1a: Talonflame|p2a: Rillaboom
|move|p1b: Ursaluna|Earth Power|p2b: Torkoal
|-damage|p2b: Torkoal|23/100
|-enditem|p2b: Torkoal|Sitrus Berry|[eat]
|-heal|p2b: Torkoal|48/100|[from] item: Sitrus Berry
|-damage|p1b: Ursaluna|51/100|[from] item: Life Orb
|move|p2b: Torkoal|Heat Wave|p1a: Talonflame|[spread] p1a,p1b
|-resisted|p1a: Talonflame
|-damage|p1a: Talonflame|56/100
|-damage|p1b: Ursaluna|9/100
|
|-weather|SunnyDay|[upkeep]
|-heal|p2a: Rillaboom|97/100|[from] Grassy Terrain
|-heal|p1b: Ursaluna|15/100|[from] Grassy Terrain
|-heal|p2b: Torkoal|54/100|[from] Grassy Terrain
|upkeep
|turn|3
|
|t:|1757021900
|switch|p2a: Dachsbun|Dachsbun, L50, F|100/100
|move|p1b: Ursaluna|Protect|p1b: Ursaluna
|-singleturn|p1b: Ursaluna|Protect
|move|p1a: Talonflame|Tailwind|p1a: Talonflame
|-sidestart|p1: dont make me walk|move: Tailwind
|move|p2b: Torkoal|Lava Plume|p1b: Ursaluna|[spread] p1a
|-activate|p1b: Ursaluna|move: Protect
|-ability|p2a: Dachsbun|Well-Baked Body|boost
|-boost|p2a: Dachsbun|def|2
|-resisted|p1a: Talonflame
|-damage|p1a: Talonflame|38/100
|
|-weather|SunnyDay|[upkeep]
|-heal|p1b: Ursaluna|21/100|[from] Grassy Terrain
|-heal|p2b: Torkoal|61/100|[from] Grassy Terrain
|upkeep
|turn|4
|
|t:|1757021912
|move|p2a: Dachsbun|Protect|p2a: Dachsbun
|-singleturn|p2a: Dachsbun|Protect
|move|p1a: Talonflame|Dual Wingbeat|p2a: Dachsbun
|-activate|p2a: Dachsbun|move: Protect
|move|p1b: Ursaluna|Hyper Voice|p2a: Dachsbun|[spread] p2b
|-activate|p2a: Dachsbun|move: Protect
|-damage|p2b: Torkoal|0 fnt
|faint|p2b: Torkoal
|-damage|p1b: Ursaluna|12/100|[from] item: Life Orb
|
|-weather|SunnyDay|[upkeep]
|-heal|p1b: Ursaluna|17/100|[from] Grassy Terrain
|upkeep
|
|t:|1757021920
|switch|p2b: Rillaboom|Rillaboom, L50, M|97/100
|turn|5
|
|t:|1757021926
|switch|p1a: Indeedee|Indeedee, L50, M|100/100
|-fieldstart|move: Psychic Terrain|[from] ability: Psychic Surge|[of] p1a: Indeedee
|move|p2b: Rillaboom|Fake Out|p1b: Ursaluna
|-activate|p1b: Ursaluna|move: Psychic Terrain
|move|p1b: Ursaluna|Blood Moon|p2a: Dachsbun
|-damage|p2a: Dachsbun|0 fnt
|faint|p2a: Dachsbun
|-damage|p1b: Ursaluna|8/100|[from] item: Life Orb
|
|-weather|none
|upkeep
|
|t:|1757021931
|switch|p2a: Typhlosion|Typhlosion-Hisui, L50, M|100/100
|turn|6
|
|t:|1757021935
|move|p1a: Indeedee|Expanding Force|p2a: Typhlosion|[spread] p2a,p2b
|-damage|p2a: Typhlosion|30/100
|-damage|p2b: Rillaboom|43/100
|move|p1b: Ursaluna|Hyper Voice|p2a: Typhlosion|[spread] p2a,p2b
|-damage|p2a: Typhlosion|0 fnt
|-damage|p2b: Rillaboom|0 fnt
|faint|p2a: Typhlosion
|faint|p2b: Rillaboom
|-damage|p1b: Ursaluna|0 fnt|[from] item: Life Orb
|faint|p1b: Ursaluna
|
|win|dont make me walk
||dont make me walk is ready for game 3.
||Sonja Hilmer is ready for game 3.
|uhtml|next|Next: Game 3 of 3
