|j|☆exessvgc
|j|☆munjah 14
|html|exessvgcmunjah 14    
|uhtml|bestof|Game 1 of a best-of-3
|t:|1783348440
|gametype|doubles
|player|p1|exessvgc|170|1316
|player|p2|munjah 14|101|1220
|gen|9
|tier|[Gen 9 Champions] VGC 2026 Reg M-B (Bo3)
|rated|
|rule|Species Clause: Limit one of each Pokémon
|rule|Item Clause: Limit 1 of each item
|clearpoke
|poke|p1|Charizard, L50, F|
|poke|p1|Sneasler, L50, F|
|poke|p1|Farigiraf, L50, F|
|poke|p1|Aerodactyl, L50, M|
|poke|p1|Sylveon, L50, M|
|poke|p1|Venusaur, L50, M|
|poke|p2|Vanilluxe, L50, M, shiny|
|poke|p2|Raichu, L50, M, shiny|
|poke|p2|Aerodactyl, L50, M, shiny|
|poke|p2|Floette-Eternal, L50, F|
|poke|p2|Basculegion, L50, M, shiny|
|poke|p2|Incineroar, L50, M, shiny|
|teampreview|4
|showteam|p1|Charizard||CharizarditeX|Blaze|DragonDance,DragonClaw,FlareBlitz,Protect|Jolly||F|||50|]Sneasler||WhiteHerb|Unburden|FakeOut,Protect,CloseCombat,DireClaw|Jolly||F|||50|]Farigiraf||SitrusBerry|ArmorTail|TrickRoom,PsychicNoise,HelpingHand,Thunderbolt|Bold||F|||50|]Aerodactyl||FocusSash|Unnerve|RockSlide,Tailwind,SunnyDay,Taunt|Jolly||M|||50|]Sylveon||FairyFeather|Pixilate|HyperVoice,HyperBeam,Protect,ShadowBall|Modest||M|||50|]Venusaur||WideLens|Chlorophyll|GigaDrain,EarthPower,SleepPowder,Protect|Modest||M|||50|
|showteam|p2|Vanilluxe||ChoiceScarf|SnowWarning|Blizzard,IcyWind,FreezeDry,SheerCold|Timid||M|||50|]Raichu||RaichuniteY|LightningRod|ZapCannon,FocusBlast,GrassKnot,Protect|Timid||M|||50|]Aerodactyl||FocusSash|Unnerve|RockSlide,DualWingbeat,Tailwind,WideGuard|Jolly||M|||50|]Floette-Eternal||Floettite|FlowerVeil|DazzlingGleam,Moonblast,LightofRuin,Protect|Timid||F|||50|]Basculegion||LifeOrb|Adaptability|AquaJet,WaveCrash,LastRespects,Protect|Jolly||M|||50|]Incineroar||SitrusBerry|Intimidate|FakeOut,ThroatChop,FlareBlitz,PartingShot|Adamant||M|||50|
|inactive|Battle timer is ON: inactive players will automatically lose when time's up. (requested by munjah 14)
|
|t:|1783348507
|teamsize|p1|4
|teamsize|p2|4
|start
|switch|p1a: DINOSAUVO|Aerodactyl, L50, M|100/100
|switch|p1b: Marianela|Sylveon, L50, M|100/100
|switch|p2a: Aerodactyl|Aerodactyl, L50, M, shiny|100/100
|switch|p2b: Incineroar|Incineroar, L50, M, shiny|100/100
|-ability|p2a: Aerodactyl|Unnerve
|-ability|p1a: DINOSAUVO|Unnerve
|-ability|p2b: Incineroar|Intimidate|boost
|-unboost|p1a: DINOSAUVO|atk|1
|-unboost|p1b: Marianela|atk|1
|turn|1
|inactive|exessvgc has 30 seconds left.
|inactive|munjah 14 has 30 seconds left.
|inactive|exessvgc has 20 seconds left.
|inactive|munjah 14 has 20 seconds left.
|
|t:|1783348546
|switch|p1a: LA GIRAFFA|Farigiraf, L50, F|100/100
|move|p2b: Incineroar|Fake Out||[still]
|cant|p1a: LA GIRAFFA|ability: Armor Tail|Fake Out|[of] p2b: Incineroar
|move|p2a: Aerodactyl|Tailwind|p2a: Aerodactyl
|-sidestart|p2: munjah 14|move: Tailwind
|move|p1b: Marianela|Hyper Beam|p2b: Incineroar|[miss]
|-miss|p1b: Marianela|p2b: Incineroar
|
|upkeep
|turn|2
|inactive|exessvgc has 30 seconds left.
|inactive|munjah 14 has 30 seconds left.
|
|t:|1783348579
|move|p2a: Aerodactyl|Rock Slide|p1a: LA GIRAFFA|[spread] p1a,p1b
|-damage|p1a: LA GIRAFFA|79/100
|-damage|p1b: Marianela|65/100
|move|p2b: Incineroar|Throat Chop|p1b: Marianela
|-resisted|p1b: Marianela|1
|-damage|p1b: Marianela|38/100
|-start|p1b: Marianela|Throat Chop|[silent]
|cant|p1b: Marianela|flinch
|move|p1a: LA GIRAFFA|Trick Room|p1a: LA GIRAFFA
|-fieldstart|move: Trick Room|[of] p1a: LA GIRAFFA
|
|upkeep
|turn|3
|
|t:|1783348601
|move|p1a: LA GIRAFFA|Thunderbolt|p2a: Aerodactyl
|-supereffective|p2a: Aerodactyl|1
|-damage|p2a: Aerodactyl|38/100
|move|p1b: Marianela|Hyper Beam|p2b: Incineroar|[miss]
|-miss|p1b: Marianela|p2b: Incineroar
|move|p2b: Incineroar|Throat Chop|p1a: LA GIRAFFA
|-supereffective|p1a: LA GIRAFFA|1
|-damage|p1a: LA GIRAFFA|21/100
|-start|p1a: LA GIRAFFA|Throat Chop|[silent]
|move|p2a: Aerodactyl|Dual Wingbeat|p1a: LA GIRAFFA|[miss]
|-miss|p2a: Aerodactyl|p1a: LA GIRAFFA
|
|-end|p1b: Marianela|Throat Chop|[silent]
|upkeep
|turn|4
|inactive|munjah 14 has 30 seconds left.
|
|t:|1783348628
|move|p1a: LA GIRAFFA|Thunderbolt|p2a: Aerodactyl
|-supereffective|p2a: Aerodactyl|1
|-damage|p2a: Aerodactyl|0 fnt
|-enditem|p1a: LA GIRAFFA|Sitrus Berry|[eat]
|-heal|p1a: LA GIRAFFA|46/100|[from] item: Sitrus Berry
|faint|p2a: Aerodactyl
|move|p1b: Marianela|Hyper Beam|p2b: Incineroar
|-damage|p2b: Incineroar|4/100
|-mustrecharge|p1b: Marianela
|-enditem|p2b: Incineroar|Sitrus Berry|[eat]
|-heal|p2b: Incineroar|29/100|[from] item: Sitrus Berry
|move|p2b: Incineroar|Parting Shot|p1b: Marianela
|-unboost|p1b: Marianela|atk|1
|-unboost|p1b: Marianela|spa|1
|
|t:|1783348642
|switch|p2b: Vanilluxe|Vanilluxe, L50, M, shiny|100/100|[from] Parting Shot
|-weather|Snowscape|[from] ability: Snow Warning|[of] p2b: Vanilluxe
|
|-weather|Snowscape|[upkeep]
|-end|p1a: LA GIRAFFA|Throat Chop|[silent]
|-sideend|p2: munjah 14|move: Tailwind
|upkeep
|
|t:|1783348649
|switch|p2a: Incineroar|Incineroar, L50, M, shiny|29/100
|-ability|p2a: Incineroar|Intimidate|boost
|-unboost|p1a: LA GIRAFFA|atk|1
|-unboost|p1b: Marianela|atk|1
|turn|5
|inactive|exessvgc has 30 seconds left.
|inactive|exessvgc has 20 seconds left.
|
|t:|1783348684
|switch|p2a: Raichu|Raichu, L50, M, shiny|100/100
|move|p1a: LA GIRAFFA|Thunderbolt|p2a: Raichu
|-activate|p2a: Raichu|ability: Lightning Rod
|-ability|p2a: Raichu|Lightning Rod|boost
|-boost|p2a: Raichu|spa|1
|cant|p1b: Marianela|recharge
|move|p2b: Vanilluxe|Blizzard|p1a: LA GIRAFFA|[spread] p1a,p1b
|-damage|p1a: LA GIRAFFA|10/100
|-damage|p1b: Marianela|5/100
|
|-weather|Snowscape|[upkeep]
|upkeep
|turn|6
|inactive|exessvgc has 30 seconds left.
|inactive|exessvgc has 20 seconds left.
|inactive|exessvgc has 15 seconds left.
|
|t:|1783348725
|switch|p2b: Incineroar|Incineroar, L50, M, shiny|29/100
|-ability|p2b: Incineroar|Intimidate|boost
|-unboost|p1a: LA GIRAFFA|atk|1
|-unboost|p1b: Marianela|atk|1
|move|p2a: Raichu|Protect|p2a: Raichu
|-singleturn|p2a: Raichu|Protect
|move|p1a: LA GIRAFFA|Psychic Noise|p2a: Raichu
|-activate|p2a: Raichu|move: Protect
|move|p1b: Marianela|Hyper Beam|p2b: Incineroar
|-damage|p2b: Incineroar|0 fnt
|-mustrecharge|p1b: Marianela
|faint|p2b: Incineroar
|
|-weather|Snowscape|[upkeep]
|-fieldend|move: Trick Room
|upkeep
|
|t:|1783348739
|switch|p2b: Vanilluxe|Vanilluxe, L50, M, shiny|100/100
|turn|7
|inactive|munjah 14 has 30 seconds left.
|
|t:|1783348773
|detailschange|p2a: Raichu|Raichu-Mega-Y, L50, M, shiny
|-mega|p2a: Raichu|Raichu|Raichunite Y
|move|p2b: Vanilluxe|Icy Wind|p1a: LA GIRAFFA|[spread] p1a
|-miss|p2b: Vanilluxe|p1b: Marianela
|-damage|p1a: LA GIRAFFA|0 fnt
|faint|p1a: LA GIRAFFA
|move|p2a: Raichu|Zap Cannon|p1b: Marianela
|-damage|p1b: Marianela|0 fnt
|faint|p1b: Marianela
|
|-weather|Snowscape|[upkeep]
|upkeep
|
|t:|1783348785
|switch|p1b: IL COACH|Sneasler, L50, F|100/100
|switch|p1a: DINOSAUVO|Aerodactyl, L50, M|100/100
|-ability|p1a: DINOSAUVO|Unnerve
|turn|8
|inactive|exessvgc has 30 seconds left.
|inactive|exessvgc has 20 seconds left.
|inactive|exessvgc has 15 seconds left.
|inactive|exessvgc has 10 seconds left.
|
|t:|1783348835
|move|p2b: Vanilluxe|Icy Wind|p1a: DINOSAUVO|[spread] p1a,p1b
|-supereffective|p1a: DINOSAUVO|1
|-crit|p1b: IL COACH
|-damage|p1a: DINOSAUVO|49/100
|-damage|p1b: IL COACH|61/100
|-unboost|p1a: DINOSAUVO|spe|1
|-unboost|p1b: IL COACH|spe|1
|-enditem|p1b: IL COACH|White Herb
|-clearnegativeboost|p1b: IL COACH|[silent]
|move|p1b: IL COACH|Close Combat|p2a: Raichu
|-damage|p2a: Raichu|0 fnt
|-unboost|p1b: IL COACH|def|1
|-unboost|p1b: IL COACH|spd|1
|faint|p2a: Raichu
|move|p1a: DINOSAUVO|Tailwind|p1a: DINOSAUVO
|-sidestart|p1: exessvgc|move: Tailwind
|
|-weather|none
|upkeep
|turn|9
|inactive|exessvgc has 30 seconds left.
|inactive|exessvgc has 20 seconds left.
|inactive|exessvgc has 15 seconds left.
|
|t:|1783348876
|move|p1b: IL COACH|Close Combat|p2b: Vanilluxe
|-supereffective|p2b: Vanilluxe|1
|-damage|p2b: Vanilluxe|0 fnt
|-unboost|p1b: IL COACH|def|1
|-unboost|p1b: IL COACH|spd|1
|faint|p2b: Vanilluxe
|
|win|exessvgc
||munjah 14 is ready for game 2.
||exessvgc is ready for game 2.
|uhtml|next|Next: Game 2 of 3
|l|☆munjah 14
|player|p2|
