|j|☆bigpedro
|j|☆hdavid264
|html|bigpedrohdavid264    
|uhtml|bestof|Game 1 of a best-of-3
|t:|1757935469
|gametype|doubles
|player|p1|bigpedro|lucas|1000
|player|p2|hdavid264|hilbert|1033
|gen|9
|tier|[Gen 9] VGC 2025 Reg H (Bo3)
|rated|
|rule|Species Clause: Limit one of each Pokémon
|rule|Item Clause: Limit 1 of each item
|clearpoke
|poke|p1|Gholdengo, L50|
|poke|p1|Porygon2, L50|
|poke|p1|Ursaluna, L50, M|
|poke|p1|Sneasler, L50, M|
|poke|p1|Amoonguss, L50, F|
|poke|p1|Incineroar, L50, M|
|poke|p2|Amoonguss, L50, M|
|poke|p2|Gastrodon-East, L50, F|
|poke|p2|Politoed, L50, F|
|poke|p2|Pelipper, L50, F|
|poke|p2|Araquanid, L50, F|
|poke|p2|Rotom-Wash, L50|
|teampreview|4
|showteam|p1|Gholdengo||Leftovers|GoodasGold|MakeItRain,ShadowBall,NastyPlot,Protect||||||50|,,,,,Steel]Porygon2||Eviolite|Download|TeraBlast,IceBeam,TrickRoom,Protect||||||50|,,,,,Fighting]Ursaluna||FlameOrb|Guts|Facade,HeadlongRush,ThroatChop,Protect|||M|||50|,,,,,Ghost]Sneasler||FocusSash|Unburden|DireClaw,CloseCombat,FakeOut,Protect|||M|||50|,,,,,Stellar]Amoonguss||RockyHelmet|Regenerator|PollenPuff,Spore,RagePowder,Protect|||F|||50|,,,,,Water]Incineroar||SafetyGoggles|Intimidate|FakeOut,KnockOff,PartingShot,Protect|||M|||50|,,,,,Water
|showteam|p2|Amoonguss||RockyHelmet|Regenerator|PollenPuff,RagePowder,Spore,ClearSmog|||M|||50|,,,,,Water]Gastrodon-East||ClearAmulet|StormDrain|Recover,IceBeam,HydroPump,EarthPower|||F|||50|,,,,,Fire]Politoed||SafetyGoggles|Drizzle|HelpingHand,PerishSong,WeatherBall,Protect|||F|||50|,,,,,Water]Pelipper||DampRock|Drizzle|Protect,Tailwind,Hurricane,Surf|||F|||50|,,,,,Water]Araquanid||SitrusBerry|WaterBubble|StickyWeb,HydroPump,Infestation,AquaRing|||F|||50|,,,,,Water]Rotom-Wash||CovertCloak|Levitate|ChargeBeam,HydroPump,Protect,VoltSwitch||||||50|,,,,,Electric
|inactive|Battle timer is ON: inactive players will automatically lose when time's up. (requested by bigpedro)
|inactive|bigpedro has 60 seconds left.
|
|t:|1757935510
|teamsize|p1|4
|teamsize|p2|4
|start
|switch|p1a: Porygon2|Porygon2, L50|100/100
|switch|p1b: Incineroar|Incineroar, L50, M|100/100
|switch|p2a: Pelipper|Pelipper, L50, F|100/100
|switch|p2b: Amoonguss|Amoonguss, L50, M|100/100
|-weather|RainDance|[from] ability: Drizzle|[of] p2a: Pelipper
|-ability|p1b: Incineroar|Intimidate|boost
|-unboost|p2a: Pelipper|atk|1
|-unboost|p2b: Amoonguss|atk|1
|-ability|p1a: Porygon2|Download|boost
|-boost|p1a: Porygon2|atk|1
|turn|1
|
|t:|1757935535
|move|p1b: Incineroar|Fake Out|p2b: Amoonguss
|-damage|p2b: Amoonguss|90/100
|-damage|p1b: Incineroar|84/100|[from] item: Rocky Helmet|[of] p2b: Amoonguss
|move|p2a: Pelipper|Tailwind|p2a: Pelipper
|-sidestart|p2: hdavid264|move: Tailwind
|cant|p2b: Amoonguss|flinch
|move|p1a: Porygon2|Trick Room|p1a: Porygon2
|-fieldstart|move: Trick Room|[of] p1a: Porygon2
|
|-weather|RainDance|[upkeep]
|upkeep
|turn|2
|
|t:|1757935560
|switch|p1a: Amoonguss|Amoonguss, L50, F|100/100
|switch|p2a: Araquanid|Araquanid, L50, F|100/100
|-terastallize|p2b: Amoonguss|Water
|move|p1b: Incineroar|Knock Off|p2b: Amoonguss
|-damage|p2b: Amoonguss|46/100
|-damage|p1b: Incineroar|68/100|[from] item: Rocky Helmet|[of] p2b: Amoonguss
|-enditem|p2b: Amoonguss|Rocky Helmet|[from] move: Knock Off|[of] p1b: Incineroar
|move|p2b: Amoonguss|Spore|p1a: Amoonguss
|-immune|p1a: Amoonguss
|
|-weather|RainDance|[upkeep]
|upkeep
|turn|3
|inactive|bigpedro has 30 seconds left.
|
|t:|1757935589
|switch|p2b: Gastrodon|Gastrodon-East, L50, F|100/100
|move|p1a: Amoonguss|Spore|p2a: Araquanid
|-status|p2a: Araquanid|slp|[from] move: Spore
|move|p1b: Incineroar|Parting Shot|p2b: Gastrodon
|-fail|p2b: Gastrodon|unboost|[from] item: Clear Amulet|[of] p2b: Gastrodon
|cant|p2a: Araquanid|slp
|
|-weather|RainDance|[upkeep]
|upkeep
|turn|4
|
|t:|1757935609
|switch|p2b: Amoonguss|Amoonguss, L50, M, tera:Water|79/100
|move|p1a: Amoonguss|Spore|p2b: Amoonguss
|-status|p2b: Amoonguss|slp|[from] move: Spore
|move|p1b: Incineroar|Knock Off|p2a: Araquanid
|-damage|p2a: Araquanid|66/100 slp
|-enditem|p2a: Araquanid|Sitrus Berry|[from] move: Knock Off|[of] p1b: Incineroar
|cant|p2a: Araquanid|slp
|
|-weather|RainDance|[upkeep]
|-sideend|p2: hdavid264|move: Tailwind
|upkeep
|turn|5
|
|t:|1757935629
|switch|p2a: Gastrodon|Gastrodon-East, L50, F|100/100
|move|p1a: Amoonguss|Pollen Puff|p1b: Incineroar
|-heal|p1b: Incineroar|100/100
|cant|p2b: Amoonguss|slp
|move|p1b: Incineroar|Parting Shot|p2b: Amoonguss
|-unboost|p2b: Amoonguss|atk|1
|-unboost|p2b: Amoonguss|spa|1
|
|t:|1757935641
|switch|p1b: Porygon2|Porygon2, L50|100/100|[from] Parting Shot
|-ability|p1b: Porygon2|Download|boost
|-boost|p1b: Porygon2|atk|1
|
|-weather|RainDance|[upkeep]
|-fieldend|move: Trick Room
|upkeep
|turn|6
|
|t:|1757935660
|switch|p2b: Araquanid|Araquanid, L50, F|66/100 slp
|move|p2a: Gastrodon|Hydro Pump|p1b: Porygon2
|-crit|p1b: Porygon2
|-damage|p1b: Porygon2|27/100
|move|p1a: Amoonguss|Spore|p2a: Gastrodon
|-status|p2a: Gastrodon|slp|[from] move: Spore
|move|p1b: Porygon2|Trick Room|p1b: Porygon2
|-fieldstart|move: Trick Room|[of] p1b: Porygon2
|
|-weather|RainDance|[upkeep]
|upkeep
|turn|7
|
|t:|1757935685
|switch|p1a: Ursaluna|Ursaluna, L50, M|100/100
|switch|p2a: Amoonguss|Amoonguss, L50, M, tera:Water|100/100 slp
|-curestatus|p2b: Araquanid|slp|[msg]
|move|p2b: Araquanid|Aqua Ring|p2b: Araquanid
|-start|p2b: Araquanid|Aqua Ring
|move|p1b: Porygon2|Tera Blast|p2b: Araquanid
|-damage|p2b: Araquanid|35/100
|
|-weather|RainDance|[upkeep]
|-heal|p2b: Araquanid|41/100|[from] Aqua Ring
|-status|p1a: Ursaluna|brn|[from] item: Flame Orb
|upkeep
|turn|8
|inactive|bigpedro has 30 seconds left.
|inactive|hdavid264 has 30 seconds left.
|
|t:|1757935723
|switch|p1b: Amoonguss|Amoonguss, L50, F|100/100
|move|p1a: Ursaluna|Facade|p2b: Araquanid
|-damage|p2b: Araquanid|0 fnt
|faint|p2b: Araquanid
|-curestatus|p2a: Amoonguss|slp|[msg]
|move|p2a: Amoonguss|Spore|p1b: Amoonguss
|-immune|p1b: Amoonguss
|
|-weather|none
|-damage|p1a: Ursaluna|95/100 brn|[from] brn
|upkeep
|
|t:|1757935731
|switch|p2b: Pelipper|Pelipper, L50, F|100/100
|-weather|RainDance|[from] ability: Drizzle|[of] p2b: Pelipper
|turn|9
|
|t:|1757935750
|switch|p2a: Gastrodon|Gastrodon-East, L50, F|100/100 slp
|move|p2b: Pelipper|Protect|p2b: Pelipper
|-singleturn|p2b: Pelipper|Protect
|move|p1b: Amoonguss|Spore|p2a: Gastrodon
|-fail|p2a: Gastrodon|slp
|move|p1a: Ursaluna|Facade|p2b: Pelipper
|-activate|p2b: Pelipper|move: Protect
|
|-weather|RainDance|[upkeep]
|-damage|p1a: Ursaluna|89/100 brn|[from] brn
|upkeep
|turn|10
|
|t:|1757935776
|switch|p2b: Amoonguss|Amoonguss, L50, M, tera:Water|100/100
|move|p1b: Amoonguss|Spore|p2b: Amoonguss
|-status|p2b: Amoonguss|slp|[from] move: Spore
|move|p1a: Ursaluna|Facade|p2a: Gastrodon
|-damage|p2a: Gastrodon|0 fnt
|faint|p2a: Gastrodon
|
|-weather|RainDance|[upkeep]
|-damage|p1a: Ursaluna|83/100 brn|[from] brn
|-fieldend|move: Trick Room
|upkeep
|
|t:|1757935784
|switch|p2a: Pelipper|Pelipper, L50, F|100/100
|turn|11
|
|t:|1757935793
|move|p1a: Ursaluna|Protect|p1a: Ursaluna
|-singleturn|p1a: Ursaluna|Protect
|cant|p2b: Amoonguss|slp
|move|p2a: Pelipper|Surf|p1b: Amoonguss|[spread] p2b,p1b
|-activate|p1a: Ursaluna|move: Protect
|-resisted|p2b: Amoonguss
|-resisted|p1b: Amoonguss
|-damage|p2b: Amoonguss|86/100 slp
|-damage|p1b: Amoonguss|87/100
|move|p1b: Amoonguss|Spore|p2a: Pelipper
|-status|p2a: Pelipper|slp|[from] move: Spore
|
|-weather|RainDance|[upkeep]
|-damage|p1a: Ursaluna|77/100 brn|[from] brn
|upkeep
|turn|12
|
|t:|1757935810
|switch|p1b: Incineroar|Incineroar, L50, M|100/100
|-ability|p1b: Incineroar|Intimidate|boost
|-unboost|p2a: Pelipper|atk|1
|-unboost|p2b: Amoonguss|atk|1
|-curestatus|p2b: Amoonguss|slp|[msg]
|move|p2b: Amoonguss|Rage Powder|p2b: Amoonguss
|-singleturn|p2b: Amoonguss|move: Rage Powder
|cant|p2a: Pelipper|slp
|move|p1a: Ursaluna|Facade|p2b: Amoonguss
|-damage|p2b: Amoonguss|0 fnt
|faint|p2b: Amoonguss
|
|-weather|RainDance|[upkeep]
|-damage|p1a: Ursaluna|71/100 brn|[from] brn
|upkeep
|turn|13
|
|t:|1757935823
|move|p1b: Incineroar|Fake Out|p2a: Pelipper
|-damage|p2a: Pelipper|88/100 slp
|cant|p2a: Pelipper|slp
|move|p1a: Ursaluna|Facade|p2a: Pelipper
|-damage|p2a: Pelipper|0 fnt
|faint|p2a: Pelipper
|
|win|bigpedro
