|j|☆thatlookglope
|j|☆DttDMarce
|html|thatlookglopeDttDMarce    
|uhtml|bestof|Game 2 of a best-of-3
|t:|1783533900
|gametype|doubles
|player|p1|thatlookglope|liza|1141
|player|p2|DttDMarce|169|1081
|gen|9
|tier|[Gen 9 Champions] VGC 2026 Reg M-B (Bo3)
|rated|
|rule|Species Clause: Limit one of each Pokémon
|rule|Item Clause: Limit 1 of each item
|clearpoke
|poke|p1|Delphox, L50, M|
|poke|p1|Sneasler, L50, M|
|poke|p1|Aerodactyl, L50, M|
|poke|p1|Mawile, L50, M, shiny|
|poke|p1|Sinistcha-Masterpiece, L50|
|poke|p1|Vanilluxe, L50, F|
|poke|p2|Charizard, L50, M|
|poke|p2|Kingambit, L50, M|
|poke|p2|Sylveon, L50, F|
|poke|p2|Garchomp, L50, F|
|poke|p2|Aerodactyl, L50, M|
|poke|p2|Farigiraf, L50, F|
|teampreview|4
|showteam|p1|Delphox||Delphoxite|Blaze|HeatWave,Psyshock,NastyPlot,Protect|Modest||M|||50|]Sneasler||WhiteHerb|Unburden|Protect,Coaching,CloseCombat,FakeOut|Jolly||M|||50|]Aerodactyl||FocusSash|Unnerve|RockSlide,DualWingbeat,Tailwind,WideGuard|Jolly||M|||50|]Mawile||Mawilite|Intimidate|PlayRough,SuckerPunch,IronHead,Protect|Adamant||M|||50|]Sinistcha-Masterpiece||SitrusBerry|Hospitality|MatchaGotcha,RagePowder,TrickRoom,Imprison|Bold|||||50|]Vanilluxe||ChoiceScarf|SnowWarning|Blizzard,FreezeDry,FlashCannon,AuroraVeil|Timid||F|||50|
|showteam|p2|Charizard||CharizarditeY|SolarPower|Protect,HeatWave,SolarBeam,WeatherBall|Modest||M|||50|]Kingambit||FocusSash|Defiant|IronHead,SuckerPunch,KowtowCleave,LowKick|Adamant||M|||50|]Sylveon||FairyFeather|Pixilate|Detect,HyperVoice,HyperBeam,QuickAttack|Modest||F|||50|]Garchomp||LifeOrb|RoughSkin|Protect,DragonClaw,StompingTantrum,RockSlide|Jolly||F|||50|]Aerodactyl||Aerodactylite|RockHead|IceFang,RockSlide,Tailwind,DualWingbeat|Jolly||M|||50|]Farigiraf||SitrusBerry|ArmorTail|TrickRoom,Psychic,Thunder,Roar|Bold||F|||50|
|inactive|Battle timer is ON: inactive players will automatically lose when time's up. (requested by thatlookglope)
|inactive|DttDMarce has 60 seconds left.
|
|t:|1783533994
|teamsize|p1|4
|teamsize|p2|4
|start
|switch|p1a: Vanilluxe|Vanilluxe, L50, F|100/100
|switch|p1b: Aerodactyl|Aerodactyl, L50, M|100/100
|switch|p2a: Charizard|Charizard, L50, M|100/100
|switch|p2b: Garchomp|Garchomp, L50, F|100/100
|-ability|p1b: Aerodactyl|Unnerve
|-weather|Snowscape|[from] ability: Snow Warning|[of] p1a: Vanilluxe
|turn|1
|inactive|thatlookglope has 30 seconds left.
|inactive|DttDMarce has 30 seconds left.
|
|t:|1783534025
|detailschange|p2a: Charizard|Charizard-Mega-Y, L50, M
|-mega|p2a: Charizard|Charizard|Charizardite Y
|-weather|SunnyDay|[from] ability: Drought|[of] p2a: Charizard
|move|p1a: Vanilluxe|Blizzard|p2a: Charizard|[spread] p2b
|-miss|p1a: Vanilluxe|p2a: Charizard
|-supereffective|p2b: Garchomp|2
|-damage|p2b: Garchomp|0 fnt
|faint|p2b: Garchomp
|move|p1b: Aerodactyl|Rock Slide|p2a: Charizard
|-supereffective|p2a: Charizard|2
|-damage|p2a: Charizard|0 fnt
|faint|p2a: Charizard
|
|-weather|SunnyDay|[upkeep]
|upkeep
|
|t:|1783534038
|switch|p2b: Kingambit|Kingambit, L50, M|100/100
|switch|p2a: Sylveon|Sylveon, L50, F|100/100
|turn|2
|
|t:|1783534054
|move|p1b: Aerodactyl|Wide Guard|p1b: Aerodactyl
|-singleturn|p1b: Aerodactyl|Wide Guard
|move|p2b: Kingambit|Sucker Punch|p1a: Vanilluxe
|-damage|p1a: Vanilluxe|39/100
|move|p1a: Vanilluxe|Blizzard|p2a: Sylveon|[spread] p2a
|-miss|p1a: Vanilluxe|p2b: Kingambit
|-damage|p2a: Sylveon|71/100
|move|p2a: Sylveon|Hyper Voice|p1b: Aerodactyl|[spread] 
|-activate|p1a: Vanilluxe|move: Wide Guard
|-activate|p1b: Aerodactyl|move: Wide Guard
|
|-weather|SunnyDay|[upkeep]
|upkeep
|turn|3
|inactive|DttDMarce has 30 seconds left.
|
|t:|1783534082
|move|p2a: Sylveon|Quick Attack|p1a: Vanilluxe
|-damage|p1a: Vanilluxe|20/100y
|move|p1a: Vanilluxe|Blizzard|p2a: Sylveon|[spread] p2a,p2b
|-resisted|p2b: Kingambit|1
|-damage|p2a: Sylveon|42/100
|-damage|p2b: Kingambit|79/100
|move|p1b: Aerodactyl|Rock Slide|p2b: Kingambit|[spread] p2a,p2b
|-resisted|p2b: Kingambit|1
|-crit|p2b: Kingambit
|-damage|p2a: Sylveon|14/100
|-damage|p2b: Kingambit|63/100
|move|p2b: Kingambit|Iron Head|p1b: Aerodactyl
|-supereffective|p1b: Aerodactyl|1
|-enditem|p1b: Aerodactyl|Focus Sash
|-damage|p1b: Aerodactyl|1/100
|
|-weather|SunnyDay|[upkeep]
|upkeep
|turn|4
|
|t:|1783534103
|move|p2b: Kingambit|Sucker Punch|p1b: Aerodactyl
|-crit|p1b: Aerodactyl
|-damage|p1b: Aerodactyl|0 fnt
|faint|p1b: Aerodactyl
|move|p1a: Vanilluxe|Blizzard|p2a: Sylveon|[spread] p2a,p2b
|-resisted|p2b: Kingambit|1
|-damage|p2a: Sylveon|0 fnt
|-damage|p2b: Kingambit|43/100
|faint|p2a: Sylveon
|
|-weather|SunnyDay|[upkeep]
|upkeep
|
|t:|1783534114
|switch|p1b: Delphox|Delphox, L50, M|100/100
|turn|5
|
|t:|1783534123
|switch|p1a: Sinistcha|Sinistcha-Masterpiece, L50|100/100
|detailschange|p1b: Delphox|Delphox-Mega, L50, M
|-mega|p1b: Delphox|Delphox|Delphoxite
|move|p2b: Kingambit|Sucker Punch|p1b: Delphox
|-supereffective|p1b: Delphox|1
|-damage|p1b: Delphox|7/100
|move|p1b: Delphox|Heat Wave|p2b: Kingambit
|-supereffective|p2b: Kingambit|1
|-damage|p2b: Kingambit|0 fnt
|faint|p2b: Kingambit
|
|win|thatlookglope
|inactive|thatlookglope has 30 seconds to confirm battle start!
|inactive|DttDMarce has 30 seconds to confirm battle start!
