|j|☆merr123
|j|☆Desertfreak
|html|merr123Desertfreak    
|uhtml|bestof|Game 3 of a best-of-3
|t:|1756979872
|gametype|doubles
|player|p1|merr123|sisandbro|1316
|player|p2|Desertfreak|266|1319
|gen|9
|tier|[Gen 9] VGC 2025 Reg H (Bo3)
|rated|
|rule|Species Clause: Limit one of each Pokémon
|rule|Item Clause: Limit 1 of each item
|clearpoke
|poke|p1|Sneasler, L50, F|
|poke|p1|Gholdengo, L50|
|poke|p1|Amoonguss, L50, F|
|poke|p1|Incineroar, L50, F|
|poke|p1|Ursaluna-Bloodmoon, L50, M|
|poke|p1|Dragonite, L50, F|
|poke|p2|Gholdengo, L50|
|poke|p2|Kilowattrel, L50, M|
|poke|p2|Incineroar, L50, M|
|poke|p2|Amoonguss, L50, F|
|poke|p2|Porygon2, L50|
|poke|p2|Ursaluna, L50, M|
|teampreview|4
|showteam|p1|Sneasler||ClearAmulet|PoisonTouch|FakeOut,CloseCombat,DireClaw,Protect|||F|||50|,,,,,Water]Gholdengo||MetalCoat|GoodasGold|NastyPlot,MakeItRain,ShadowBall,Protect||||||50|,,,,,Water]Amoonguss||SitrusBerry|Regenerator|Spore,RagePowder,PollenPuff,Protect|||F|||50|,,,,,Water]Incineroar||SafetyGoggles|Intimidate|FakeOut,FlareBlitz,KnockOff,PartingShot|||F|||50|,,,,,Ghost]Ursaluna-Bloodmoon||LifeOrb|MindsEye|CalmMind,EarthPower,BloodMoon,Protect|||M|||50|,,,,,Poison]Dragonite||LoadedDice|Multiscale|ScaleShot,Haze,Tailwind,Protect|||F|||50|,,,,,Fairy
|showteam|p2|Gholdengo||LifeOrb|GoodasGold|MakeItRain,ShadowBall,Protect,NastyPlot||||||50|,,,,,Water]Kilowattrel||FocusSash|Competitive|Tailwind,Thunderbolt,AirSlash,Protect|||M|||50|,,,,,Ghost]Incineroar||SafetyGoggles|Intimidate|FakeOut,FlareBlitz,KnockOff,PartingShot|||M|||50|,,,,,Ghost]Amoonguss||SitrusBerry|Regenerator|PollenPuff,Spore,RagePowder,Protect|||F|||50|,,,,,Water]Porygon2||Eviolite|Download|TeraBlast,IceBeam,Recover,TrickRoom||||||50|,,,,,Fighting]Ursaluna||FlameOrb|Guts|HeadlongRush,Facade,Earthquake,Protect|||M|||50|,,,,,Ghost
|inactive|Battle timer is ON: inactive players will automatically lose when time's up. (requested by merr123)
|inactive|merr123 has 60 seconds left.
|
|t:|1756979920
|teamsize|p1|4
|teamsize|p2|4
|start
|switch|p1a: Sneasler|Sneasler, L50, F|100/100
|switch|p1b: Ursaluna|Ursaluna-Bloodmoon, L50, M|100/100
|switch|p2a: Incineroar|Incineroar, L50, M, shiny|100/100
|switch|p2b: Kilowattrel|Kilowattrel, L50, M, shiny|100/100
|-ability|p2a: Incineroar|Intimidate|boost
|-fail|p1a: Sneasler|unboost|[from] item: Clear Amulet|[of] p1a: Sneasler
|-unboost|p1b: Ursaluna|atk|1
|turn|1
|inactive|merr123 has 30 seconds left.
|inactive|Desertfreak has 30 seconds left.
|
|t:|1756979955
|move|p1a: Sneasler|Protect|p1a: Sneasler
|-singleturn|p1a: Sneasler|Protect
|move|p2a: Incineroar|Fake Out|p1b: Ursaluna
|-damage|p1b: Ursaluna|91/100
|move|p2b: Kilowattrel|Tailwind|p2b: Kilowattrel
|-sidestart|p2: Desertfreak|move: Tailwind
|cant|p1b: Ursaluna|flinch
|
|upkeep
|turn|2
|inactive|merr123 has 30 seconds left.
|
|t:|1756979984
|move|p2b: Kilowattrel|Air Slash|p1b: Ursaluna
|-damage|p1b: Ursaluna|53/100
|move|p2a: Incineroar|Knock Off|p1b: Ursaluna
|-damage|p1b: Ursaluna|22/100
|-enditem|p1b: Ursaluna|Life Orb|[from] move: Knock Off|[of] p2a: Incineroar
|move|p1a: Sneasler|Close Combat|p2a: Incineroar
|-supereffective|p2a: Incineroar
|-damage|p2a: Incineroar|0 fnt
|-unboost|p1a: Sneasler|def|1
|-unboost|p1a: Sneasler|spd|1
|faint|p2a: Incineroar
|move|p1b: Ursaluna|Calm Mind|p1b: Ursaluna
|-boost|p1b: Ursaluna|spa|1
|-boost|p1b: Ursaluna|spd|1
|
|upkeep
|
|t:|1756979990
|switch|p2a: Ursaluna|Ursaluna, L50, M, shiny|100/100
|turn|3
|inactive|merr123 has 30 seconds left.
|inactive|merr123 has 20 seconds left.
|
|t:|1756980027
|-terastallize|p1a: Sneasler|Water
|move|p2b: Kilowattrel|Air Slash|p1a: Sneasler
|-damage|p1a: Sneasler|27/100
|move|p2a: Ursaluna|Earthquake|p1b: Ursaluna|[spread] p1a,p1b
|-immune|p2b: Kilowattrel
|-damage|p1a: Sneasler|0 fnt
|-damage|p1b: Ursaluna|0 fnt
|faint|p1a: Sneasler
|faint|p1b: Ursaluna
|
|-status|p2a: Ursaluna|brn|[from] item: Flame Orb
|upkeep
|
|t:|1756980035
|switch|p1a: Amoonguss|Amoonguss, L50, F|100/100
|switch|p1b: Gholdengo|Gholdengo, L50|100/100
|turn|4
|
|t:|1756980046
|move|p1b: Gholdengo|Protect|p1b: Gholdengo
|-singleturn|p1b: Gholdengo|Protect
|move|p2b: Kilowattrel|Air Slash|p1a: Amoonguss
|-supereffective|p1a: Amoonguss
|-damage|p1a: Amoonguss|32/100
|-enditem|p1a: Amoonguss|Sitrus Berry|[eat]
|-heal|p1a: Amoonguss|57/100|[from] item: Sitrus Berry
|move|p2a: Ursaluna|Earthquake|p1b: Gholdengo|[spread] p1a
|-activate|p1b: Gholdengo|move: Protect
|-immune|p2b: Kilowattrel
|-damage|p1a: Amoonguss|2/100
|move|p1a: Amoonguss|Spore|p2b: Kilowattrel
|-status|p2b: Kilowattrel|slp|[from] move: Spore
|
|-damage|p2a: Ursaluna|95/100 brn|[from] brn
|-sideend|p2: Desertfreak|move: Tailwind
|upkeep
|turn|5
|
|t:|1756980064
|cant|p2b: Kilowattrel|slp
|move|p1b: Gholdengo|Nasty Plot|p1b: Gholdengo
|-boost|p1b: Gholdengo|spa|2
|move|p2a: Ursaluna|Earthquake|p1a: Amoonguss|[spread] p1a,p1b
|-immune|p2b: Kilowattrel
|-supereffective|p1b: Gholdengo
|-damage|p1a: Amoonguss|0 fnt
|-damage|p1b: Gholdengo|0 fnt
|faint|p1a: Amoonguss
|faint|p1b: Gholdengo
|
|win|Desertfreak
|raw|merr123's rating: 1316 → 1296(-20 for losing)
|raw|Desertfreak's rating: 1319 → 1339(+20 for winning)
