|j|☆lolgz
|j|☆superchungusjoebid
|html|lolgzsuperchungusjoebid    
|uhtml|bestof|Game 1 of a best-of-3
|t:|1782297412
|gametype|doubles
|player|p1|lolgz|dawn|1176
|player|p2|superchungusjoebid|gentleman-gen4dp|1167
|gen|9
|tier|[Gen 9 Champions] VGC 2026 Reg M-B (Bo3)
|rated|
|rule|Species Clause: Limit one of each Pokémon
|rule|Item Clause: Limit 1 of each item
|clearpoke
|poke|p1|Torkoal, L50, F|
|poke|p1|Vileplume, L50, M|
|poke|p1|Farigiraf, L50, M|
|poke|p1|Gallade, L50, M|
|poke|p1|Mawile, L50, F|
|poke|p1|Empoleon, L50, M|
|poke|p2|Chesnaught, L50, F|
|poke|p2|Milotic, L50, F|
|poke|p2|Farigiraf, L50, M|
|poke|p2|Incineroar, L50, M|
|poke|p2|Gengar, L50, M|
|poke|p2|Garchomp, L50, F|
|teampreview|4
|showteam|p1|Torkoal||Charcoal|Drought|Eruption,WeatherBall,EarthPower,Protect|Quiet||F|||50|]Vileplume||FocusSash|Chlorophyll|EnergyBall,SludgeBomb,SleepPowder,AfterYou|Timid||M|||50|]Farigiraf||SitrusBerry|ArmorTail|TrickRoom,Protect,Psychic,HelpingHand|Bold||M|||50|]Gallade||IronBall|Sharpness|SacredSword,PsychoCut,WideGuard,TrickRoom|Brave||M|||50|]Mawile||Mawilite|Intimidate|SuckerPunch,PlayRough,SwordsDance,Protect|Brave||F|||50|]Empoleon||ChopleBerry|Competitive|IceBeam,FlashCannon,HydroPump,Protect|Quiet||M|||50|
|showteam|p2|Chesnaught||Chesnaughtite|Bulletproof|SpikyShield,WideGuard,BodyPress,GigaDrain|Relaxed||F|||50|]Milotic||Leftovers|Competitive|Protect,LifeDew,Scald,IceBeam|Quiet||F|||50|]Farigiraf||SitrusBerry|ArmorTail|Protect,Thunderbolt,TrickRoom,PsychicFangs|Relaxed||M|||50|]Incineroar||ChopleBerry|Intimidate|FakeOut,FlareBlitz,Protect,PartingShot|Relaxed||M|||50|]Gengar||Gengarite|CursedBody|Protect,Disable,ShadowBall,PerishSong|Timid||M|||50|]Garchomp||RoseliBerry|SandVeil|Protect,StompingTantrum,RockSlide,BreakingSwipe|Adamant||F|||50|
|inactive|Battle timer is ON: inactive players will automatically lose when time's up. (requested by lolgz)
|inactive|lolgz has 60 seconds left.
|inactive|superchungusjoebid has 60 seconds left.
|
|t:|1782297456
|teamsize|p1|4
|teamsize|p2|4
|start
|switch|p1a: Vileplume|Vileplume, L50, M|100/100
|switch|p1b: Torkoal|Torkoal, L50, F|100/100
|switch|p2a: Incineroar|Incineroar, L50, M|100/100
|switch|p2b: Gengar|Gengar, L50, M|100/100
|-ability|p2a: Incineroar|Intimidate|boost
|-unboost|p1a: Vileplume|atk|1
|-unboost|p1b: Torkoal|atk|1
|-weather|SunnyDay|[from] ability: Drought|[of] p1b: Torkoal
|turn|1
|inactive|lolgz has 30 seconds left.
|inactive|superchungusjoebid has 30 seconds left.
|
|t:|1782297485
|switch|p1b: Farigiraf|Farigiraf, L50, M|100/100
|detailschange|p2b: Gengar|Gengar-Mega, L50, M
|-mega|p2b: Gengar|Gengar|Gengarite
|move|p2a: Incineroar|Fake Out||[still]
|cant|p1b: Farigiraf|ability: Armor Tail|Fake Out|[of] p2a: Incineroar
|move|p1a: Vileplume|Sleep Powder|p2b: Gengar
|-status|p2b: Gengar|slp|[from] move: Sleep Powder
|cant|p2b: Gengar|slp
|
|-weather|SunnyDay|[upkeep]
|upkeep
|turn|2
|
|t:|1782297504
|move|p1a: Vileplume|Sleep Powder|p2a: Incineroar
|-status|p2a: Incineroar|slp|[from] move: Sleep Powder
|-curestatus|p2b: Gengar|slp|[msg]
|move|p2b: Gengar|Perish Song|p2b: Gengar
|-start|p1a: Vileplume|perish3|[silent]
|-start|p1b: Farigiraf|perish3|[silent]
|-start|p2a: Incineroar|perish3|[silent]
|-start|p2b: Gengar|perish3|[silent]
|-fieldactivate|move: Perish Song
|move|p1b: Farigiraf|Psychic|p2b: Gengar
|-supereffective|p2b: Gengar|1
|-damage|p2b: Gengar|19/100
|cant|p2a: Incineroar|slp
|
|-weather|SunnyDay|[upkeep]
|-start|p1a: Vileplume|perish3
|-start|p2b: Gengar|perish3
|-start|p1b: Farigiraf|perish3
|-start|p2a: Incineroar|perish3
|upkeep
|turn|3
|
|t:|1782297529
|move|p2b: Gengar|Protect|p2b: Gengar
|-singleturn|p2b: Gengar|Protect
|move|p1a: Vileplume|Sludge Bomb|p2b: Gengar
|-activate|p2b: Gengar|move: Protect
|cant|p2a: Incineroar|slp
|move|p1b: Farigiraf|Trick Room|p1b: Farigiraf
|-fieldstart|move: Trick Room|[of] p1b: Farigiraf
|
|-weather|SunnyDay|[upkeep]
|-start|p2a: Incineroar|perish2
|-start|p1b: Farigiraf|perish2
|-start|p2b: Gengar|perish2
|-start|p1a: Vileplume|perish2
|upkeep
|turn|4
|
|t:|1782297547
|switch|p2b: Chesnaught|Chesnaught, L50, F|100/100
|-curestatus|p2a: Incineroar|slp|[msg]
|move|p2a: Incineroar|Parting Shot|p1a: Vileplume
|-unboost|p1a: Vileplume|atk|1
|-unboost|p1a: Vileplume|spa|1
|
|t:|1782297556
|switch|p2a: Gengar|Gengar-Mega, L50, M|19/100|[from] Parting Shot
|move|p1b: Farigiraf|Psychic|p2b: Chesnaught
|-supereffective|p2b: Chesnaught|1
|-damage|p2b: Chesnaught|35/100
|-unboost|p2b: Chesnaught|spd|1
|move|p1a: Vileplume|Sludge Bomb|p2a: Gengar
|-resisted|p2a: Gengar|2
|-damage|p2a: Gengar|11/100
|
|-weather|SunnyDay|[upkeep]
|-start|p1b: Farigiraf|perish1
|-start|p1a: Vileplume|perish1
|upkeep
|turn|5
|
|t:|1782297569
|move|p2b: Chesnaught|Spiky Shield|p2b: Chesnaught
|-singleturn|p2b: Chesnaught|move: Protect
|move|p2a: Gengar|Protect|p2a: Gengar
|-singleturn|p2a: Gengar|Protect
|move|p1b: Farigiraf|Psychic|p2b: Chesnaught
|-activate|p2b: Chesnaught|move: Protect
|move|p1a: Vileplume|Sludge Bomb|p2a: Gengar
|-activate|p2a: Gengar|move: Protect
|
|-weather|none
|-start|p1b: Farigiraf|perish0
|-start|p1a: Vileplume|perish0
|faint|p1b: Farigiraf
|faint|p1a: Vileplume
|upkeep
|
|t:|1782297572
|switch|p1b: Empoleon|Empoleon, L50, M|100/100
|switch|p1a: Torkoal|Torkoal, L50, F|100/100
|-weather|SunnyDay|[from] ability: Drought|[of] p1a: Torkoal
|turn|6
|inactive|superchungusjoebid has 30 seconds left.
|
|t:|1782297603
|switch|p2a: Milotic|Milotic, L50, F|100/100
|move|p2b: Chesnaught|Wide Guard|p2b: Chesnaught
|-singleturn|p2b: Chesnaught|Wide Guard
|move|p1a: Torkoal|Eruption|p2a: Milotic|[spread] 
|-activate|p2a: Milotic|move: Wide Guard
|-activate|p2b: Chesnaught|move: Wide Guard
|move|p1b: Empoleon|Hydro Pump|p2a: Milotic
|-resisted|p2a: Milotic|1
|-damage|p2a: Milotic|90/100
|
|-weather|SunnyDay|[upkeep]
|-heal|p2a: Milotic|96/100|[from] item: Leftovers
|upkeep
|turn|7
|inactive|superchungusjoebid has 30 seconds left.
|
|t:|1782297628
|move|p2b: Chesnaught|Wide Guard|p2b: Chesnaught
|-singleturn|p2b: Chesnaught|Wide Guard
|move|p1a: Torkoal|Weather Ball|p2a: Milotic
|-resisted|p2a: Milotic|1
|-damage|p2a: Milotic|67/100
|move|p1b: Empoleon|Flash Cannon|p2a: Milotic
|-resisted|p2a: Milotic|1
|-damage|p2a: Milotic|53/100
|move|p2a: Milotic|Scald|p1a: Torkoal
|-supereffective|p1a: Torkoal|1
|-damage|p1a: Torkoal|54/100
|
|-weather|SunnyDay|[upkeep]
|-heal|p2a: Milotic|59/100|[from] item: Leftovers
|-fieldend|move: Trick Room
|upkeep
|turn|8
|
|t:|1782297645
|switch|p2b: Incineroar|Incineroar, L50, M|100/100
|-ability|p2b: Incineroar|Intimidate|boost
|-unboost|p1a: Torkoal|atk|1
|-unboost|p1b: Empoleon|atk|1
|-ability|p1b: Empoleon|Competitive|boost
|-boost|p1b: Empoleon|spa|2
|move|p1a: Torkoal|Protect|p1a: Torkoal
|-singleturn|p1a: Torkoal|Protect
|move|p2a: Milotic|Life Dew||[still]|[spread] p2a,p2b
|-heal|p2a: Milotic|84/100
|-fail|p2b: Incineroar|heal
|move|p1b: Empoleon|Flash Cannon|p2a: Milotic
|-resisted|p2a: Milotic|1
|-damage|p2a: Milotic|53/100
|
|-weather|SunnyDay|[upkeep]
|-heal|p2a: Milotic|59/100|[from] item: Leftovers
|upkeep
|turn|9
|
|t:|1782297669
|move|p1b: Empoleon|Protect|p1b: Empoleon
|-singleturn|p1b: Empoleon|Protect
|move|p2b: Incineroar|Fake Out|p1b: Empoleon
|-activate|p1b: Empoleon|move: Protect
|move|p2a: Milotic|Scald|p1a: Torkoal
|-supereffective|p1a: Torkoal|1
|-damage|p1a: Torkoal|6/100
|move|p1a: Torkoal|Earth Power|p2b: Incineroar
|-supereffective|p2b: Incineroar|1
|-damage|p2b: Incineroar|59/100
|-unboost|p2b: Incineroar|spd|1
|
|-weather|SunnyDay|[upkeep]
|-heal|p2a: Milotic|65/100|[from] item: Leftovers
|upkeep
|turn|10
|
|t:|1782297689
|move|p1a: Torkoal|Protect|p1a: Torkoal
|-singleturn|p1a: Torkoal|Protect
|move|p2a: Milotic|Scald|p1a: Torkoal
|-activate|p1a: Torkoal|move: Protect
|move|p2b: Incineroar|Flare Blitz|p1b: Empoleon
|-crit|p1b: Empoleon
|-damage|p1b: Empoleon|0 fnt
|faint|p1b: Empoleon
|-damage|p2b: Incineroar|27/100|[from] Recoil
|
|-weather|none
|-heal|p2a: Milotic|71/100|[from] item: Leftovers
|upkeep
|turn|11
|-message|lolgz forfeited.
|
|win|superchungusjoebid
