|j|☆lindsey453
|j|☆BackToTwork
|html|lindsey453BackToTwork    
|uhtml|bestof|Game 2 of a best-of-3
|t:|1757818679
|gametype|doubles
|player|p1|lindsey453|101|1281
|player|p2|BackToTwork|2|1417
|gen|9
|tier|[Gen 9] VGC 2025 Reg H (Bo3)
|rated|
|rule|Species Clause: Limit one of each Pokémon
|rule|Item Clause: Limit 1 of each item
|clearpoke
|poke|p1|Annihilape, L50, M|
|poke|p1|Archaludon, L50, M|
|poke|p1|Oranguru, L50, M|
|poke|p1|Electabuzz, L50, F|
|poke|p1|Ursaluna-Bloodmoon, L50, M|
|poke|p1|Incineroar, L50, M|
|poke|p2|Talonflame, L50, F|
|poke|p2|Archaludon, L50, F|
|poke|p2|Indeedee, L50, M|
|poke|p2|Sneasler, L50, F|
|poke|p2|Annihilape, L50, F|
|poke|p2|Primarina, L50, M|
|teampreview|4
|showteam|p1|Annihilape||SitrusBerry|Defiant|BulkUp,RageFist,DrainPunch,Protect|||M|||50|,,,,,Grass]Archaludon||PowerHerb|Sturdy|ElectroShot,Snarl,AuraSphere,FlashCannon|||M|||50|,,,,,Electric]Oranguru||MentalHerb|InnerFocus|Instruct,TrickRoom,Imprison,FoulPlay|||M|||50|,,,,,Fairy]Electabuzz||Eviolite|VitalSpirit|FollowMe,Thunderbolt,Taunt,EerieImpulse|||F|||50|,,,,,Ghost]Ursaluna-Bloodmoon||LifeOrb|MindsEye|HyperVoice,BloodMoon,EarthPower,Protect|||M|||50|,,,,,Normal]Incineroar||AssaultVest|Intimidate|FlareBlitz,Uturn,FakeOut,KnockOff|||M|||50|,,,,,Grass
|showteam|p2|Talonflame||CovertCloak|GaleWings|DualWingbeat,FlareBlitz,Tailwind,WillOWisp|||F|||50|,,,,,Stellar]Archaludon||PowerHerb|Sturdy|ElectroShot,DragonPulse,Thunderbolt,Protect|||F|||50|,,,,,Electric]Indeedee||FocusSash|PsychicSurge|ExpandingForce,HelpingHand,Imprison,TrickRoom|||M|||50|,,,,,Psychic]Sneasler||PsychicSeed|Unburden|CloseCombat,DireClaw,ThroatChop,Protect|||F|||50|,,,,,Dark]Annihilape||ChoiceScarf|Defiant|CloseCombat,Uturn,FinalGambit,ShadowClaw|||F|||50|,,,,,Grass]Primarina||LifeOrb|LiquidVoice|HyperVoice,Moonblast,Haze,Protect|||M|||50|,,,,,Steel
|inactive|Battle timer is ON: inactive players will automatically lose when time's up. (requested by lindsey453)
|
|t:|1757818704
|teamsize|p1|4
|teamsize|p2|4
|start
|switch|p1a: Oranguru|Oranguru, L50, M|100/100
|switch|p1b: Incineroar|Incineroar, L50, M|100/100
|switch|p2a: Archaludon|Archaludon, L50, F|100/100
|switch|p2b: Indeedee|Indeedee, L50, M|100/100
|-fieldstart|move: Psychic Terrain|[from] ability: Psychic Surge|[of] p2b: Indeedee
|-ability|p1b: Incineroar|Intimidate|boost
|-unboost|p2a: Archaludon|atk|1
|-unboost|p2b: Indeedee|atk|1
|turn|1
|
|t:|1757818727
|switch|p1a: Electabuzz|Electabuzz, L50, F|100/100
|-terastallize|p2a: Archaludon|Electric
|move|p2b: Indeedee|Imprison|p2b: Indeedee
|-start|p2b: Indeedee|move: Imprison
|move|p2a: Archaludon|Electro Shot||[still]
|-prepare|p2a: Archaludon|Electro Shot
|-boost|p2a: Archaludon|spa|1
|-enditem|p2a: Archaludon|Power Herb
|-anim|p2a: Archaludon|Electro Shot|p1b: Incineroar
|-damage|p1b: Incineroar|36/100
|move|p1b: Incineroar|U-turn|p2b: Indeedee
|-supereffective|p2b: Indeedee
|-damage|p2b: Indeedee|9/100
|
|t:|1757818746
|switch|p1b: Oranguru|Oranguru, L50, M|100/100|[from] U-turn
|
|upkeep
|turn|2
|
|t:|1757818760
|move|p2b: Indeedee|Expanding Force|p1b: Oranguru|[spread] p1a,p1b
|-resisted|p1b: Oranguru
|-damage|p1a: Electabuzz|66/100
|-damage|p1b: Oranguru|82/100
|move|p2a: Archaludon|Dragon Pulse|p1b: Oranguru
|-damage|p1b: Oranguru|35/100
|move|p1a: Electabuzz|Eerie Impulse|p2a: Archaludon
|-unboost|p2a: Archaludon|spa|2
|move|p1b: Oranguru|Foul Play|p2b: Indeedee
|-supereffective|p2b: Indeedee
|-damage|p2b: Indeedee|0 fnt
|faint|p2b: Indeedee
|
|upkeep
|
|t:|1757818773
|switch|p2b: Annihilape|Annihilape, L50, F|100/100
|turn|3
|
|t:|1757818779
|-terastallize|p1a: Electabuzz|Ghost
|move|p1a: Electabuzz|Follow Me|p1a: Electabuzz
|-singleturn|p1a: Electabuzz|move: Follow Me
|move|p2b: Annihilape|Final Gambit|p1a: Electabuzz
|-immune|p1a: Electabuzz
|move|p2a: Archaludon|Dragon Pulse|p1a: Electabuzz
|-damage|p1a: Electabuzz|43/100
|move|p1b: Oranguru|Trick Room|p1b: Oranguru
|-fieldstart|move: Trick Room|[of] p1b: Oranguru
|
|upkeep
|turn|4
|inactive|lindsey453 has 30 seconds left.
|
|t:|1757818806
|switch|p1b: Incineroar|Incineroar, L50, M|36/100
|-ability|p1b: Incineroar|Intimidate|boost
|-unboost|p2a: Archaludon|atk|1
|-unboost|p2b: Annihilape|atk|1
|-ability|p2b: Annihilape|Defiant|boost
|-boost|p2b: Annihilape|atk|2
|switch|p2a: Sneasler|Sneasler, L50, F|100/100
|-enditem|p2a: Sneasler|Psychic Seed
|-boost|p2a: Sneasler|spd|1|[from] item: Psychic Seed
|move|p1a: Electabuzz|Thunderbolt|p2b: Annihilape
|-damage|p2b: Annihilape|74/100
|move|p2b: Annihilape|Final Gambit|p1a: Electabuzz
|-immune|p1a: Electabuzz
|
|upkeep
|turn|5
|inactive|lindsey453 has 30 seconds left.
|
|t:|1757818835
|switch|p2b: Archaludon|Archaludon, L50, F, tera:Electric|100/100
|move|p2a: Sneasler|Protect|p2a: Sneasler
|-singleturn|p2a: Sneasler|Protect
|move|p1b: Incineroar|Flare Blitz|p2a: Sneasler
|-activate|p2a: Sneasler|move: Protect
|move|p1a: Electabuzz|Thunderbolt|p2a: Sneasler
|-activate|p2a: Sneasler|move: Protect
|
|-fieldend|move: Psychic Terrain
|upkeep
|turn|6
|
|t:|1757818857
|switch|p2a: Annihilape|Annihilape, L50, F|74/100
|move|p1b: Incineroar|Flare Blitz|p2a: Annihilape
|-damage|p2a: Annihilape|18/100
|-damage|p1b: Incineroar|16/100|[from] Recoil
|move|p1a: Electabuzz|Thunderbolt|p2a: Annihilape
|-damage|p2a: Annihilape|0 fnt
|faint|p2a: Annihilape
|move|p2b: Archaludon|Electro Shot||[still]
|-prepare|p2b: Archaludon|Electro Shot
|-boost|p2b: Archaludon|spa|1
|
|upkeep
|
|t:|1757818860
|switch|p2a: Sneasler|Sneasler, L50, F|100/100
|turn|7
|inactive|lindsey453 has 30 seconds left.
|
|t:|1757818887
|move|p2a: Sneasler|Protect|p2a: Sneasler
|-singleturn|p2a: Sneasler|Protect
|move|p1b: Incineroar|Flare Blitz|p2b: Archaludon
|-crit|p2b: Archaludon
|-damage|p2b: Archaludon|25/100
|-damage|p1b: Incineroar|0 fnt|[from] Recoil
|faint|p1b: Incineroar
|move|p1a: Electabuzz|Eerie Impulse|p2b: Archaludon
|-unboost|p2b: Archaludon|spa|2
|move|p2b: Archaludon|Electro Shot|p1a: Electabuzz|[from] lockedmove
|-damage|p1a: Electabuzz|13/100
|
|-fieldend|move: Trick Room
|upkeep
|
|t:|1757818898
|switch|p1b: Oranguru|Oranguru, L50, M|35/100
|turn|8
|
|t:|1757818904
|move|p1a: Electabuzz|Follow Me|p1a: Electabuzz
|-singleturn|p1a: Electabuzz|move: Follow Me
|move|p2a: Sneasler|Dire Claw|p1a: Electabuzz
|-resisted|p1a: Electabuzz
|-damage|p1a: Electabuzz|0 fnt
|faint|p1a: Electabuzz
|move|p2b: Archaludon|Dragon Pulse|p1b: Oranguru
|-damage|p1b: Oranguru|13/100
|move|p1b: Oranguru|Trick Room|p1b: Oranguru
|-fieldstart|move: Trick Room|[of] p1b: Oranguru
|
|upkeep
|
|t:|1757818906
|switch|p1a: Ursaluna|Ursaluna-Bloodmoon, L50, M|100/100
|turn|9
|
|t:|1757818913
|move|p2a: Sneasler|Protect|p2a: Sneasler
|-singleturn|p2a: Sneasler|Protect
|move|p1a: Ursaluna|Hyper Voice|p2b: Archaludon|[spread] p2b
|-activate|p2a: Sneasler|move: Protect
|-damage|p2b: Archaludon|0 fnt
|faint|p2b: Archaludon
|-damage|p1a: Ursaluna|90/100|[from] item: Life Orb
|move|p1b: Oranguru|Instruct|p1a: Ursaluna
|-singleturn|p1a: Ursaluna|move: Instruct|[of] p1b: Oranguru
|move|p1a: Ursaluna|Hyper Voice|p2a: Sneasler
|-activate|p2a: Sneasler|move: Protect
|
|upkeep
|turn|10
|-message|BackToTwork forfeited.
|
|win|lindsey453
||BackToTwork is ready for game 3.
||lindsey453 is ready for game 3.
|uhtml|next|Next: Game 3 of 3
