|j|☆Ossi1590
|j|☆Chavo666
|html|Ossi1590Chavo666    
|uhtml|bestof|Game 1 of a best-of-3
|t:|1783506553
|gametype|doubles
|player|p1|Ossi1590|colress|1315
|player|p2|Chavo666|steven|1248
|gen|9
|tier|[Gen 9 Champions] VGC 2026 Reg M-B (Bo3)
|rated|
|rule|Species Clause: Limit one of each Pokémon
|rule|Item Clause: Limit 1 of each item
|clearpoke
|poke|p1|Raichu, L50, F|
|poke|p1|Mawile, L50, M|
|poke|p1|Sinistcha, L50|
|poke|p1|Ceruledge, L50, M|
|poke|p1|Milotic, L50, F|
|poke|p1|Incineroar, L50, M|
|poke|p2|Malamar, L50, M|
|poke|p2|Whimsicott, L50, F|
|poke|p2|Sinistcha, L50|
|poke|p2|Gholdengo, L50|
|poke|p2|Charizard, L50, F|
|poke|p2|Garchomp, L50, F|
|teampreview|4
|showteam|p1|Raichu||RaichuniteY|LightningRod|ZapCannon,FocusBlast,FakeOut,Protect|Timid||F|||50|]Mawile||Mawilite|HyperCutter|PlayRough,SuckerPunch,SwordsDance,Protect|Adamant||M|||50|]Sinistcha||KasibBerry|Hospitality|MatchaGotcha,LifeDew,RagePowder,Protect|Relaxed|||||50|]Ceruledge||ColburBerry|FlashFire|BitterBlade,ShadowSneak,BulkUp,Protect|Adamant||M|||50|]Milotic||Leftovers|Competitive|MuddyWater,Coil,Hypnosis,Protect|Calm||F|||50|]Incineroar||SitrusBerry|Intimidate|FlareBlitz,ThroatChop,FakeOut,PartingShot|Impish||M|||50|
|showteam|p2|Malamar||Malamarite|Contrary|KnockOff,PsychoCut,Superpower,Protect|Jolly||M|||50|]Whimsicott||FocusSash|Prankster|Moonblast,Tailwind,FakeTears,Charm|Calm||F|||50|]Sinistcha||ColburBerry|Hospitality|MatchaGotcha,ShadowBall,RagePowder,LifeDew|Bold|||||50|]Gholdengo||LifeOrb|GoodasGold|MakeItRain,ShadowBall,Protect,Thunderbolt|Modest|||||50|]Charizard||CharizarditeY|Blaze|HeatWave,AirSlash,Protect,SolarBeam|Timid||F|||50|]Garchomp||HabanBerry|RoughSkin|DragonClaw,Earthquake,RockSlide,SwordsDance|Jolly||F|||50|
|c|☆Chavo666|hi bro
|c|☆Ossi1590|Hi, I can rematch against this interesting matchup
|
|t:|1783506619
|teamsize|p1|4
|teamsize|p2|4
|start
|switch|p1a: Mawile|Mawile, L50, M|100/100
|switch|p1b: Raichu|Raichu, L50, F|100/100
|switch|p2a: Whimsicott|Whimsicott, L50, F|100/100
|switch|p2b: Charizard|Charizard, L50, F|100/100
|turn|1
|
|t:|1783506638
|detailschange|p1b: Raichu|Raichu-Mega-Y, L50, F
|-mega|p1b: Raichu|Raichu|Raichunite Y
|detailschange|p2b: Charizard|Charizard-Mega-Y, L50, F
|-mega|p2b: Charizard|Charizard|Charizardite Y
|-weather|SunnyDay|[from] ability: Drought|[of] p2b: Charizard
|move|p2b: Charizard|Protect|p2b: Charizard
|-singleturn|p2b: Charizard|Protect
|move|p2a: Whimsicott|Tailwind|p2a: Whimsicott
|-sidestart|p2: Chavo666|move: Tailwind
|move|p1b: Raichu|Zap Cannon|p2b: Charizard
|-activate|p2b: Charizard|move: Protect
|move|p1a: Mawile|Swords Dance|p1a: Mawile
|-boost|p1a: Mawile|atk|2
|
|-weather|SunnyDay|[upkeep]
|upkeep
|turn|2
|
|t:|1783506682
|switch|p1b: Milotic|Milotic, L50, F|100/100
|move|p2a: Whimsicott|Charm|p1a: Mawile
|-fail|p1a: Mawile|unboost|Attack|[from] ability: Hyper Cutter|[of] p1a: Mawile
|move|p1a: Mawile|Sucker Punch|p2b: Charizard
|-damage|p2b: Charizard|54/100
|move|p2b: Charizard|Heat Wave|p1a: Mawile|[spread] p1a
|-miss|p2b: Charizard|p1b: Milotic
|-supereffective|p1a: Mawile|1
|-damage|p1a: Mawile|0 fnt
|faint|p1a: Mawile
|
|-weather|SunnyDay|[upkeep]
|upkeep
|
|t:|1783506685
|switch|p1a: Raichu|Raichu-Mega-Y, L50, F|100/100
|turn|3
|c|☆Chavo666|You really have a great team.
|
|t:|1783506722
|switch|p2a: Sinistcha|Sinistcha, L50|100/100
|-heal|p2b: Charizard|79/100|[from] ability: Hospitality|[of] p2a: Sinistcha
|move|p2b: Charizard|Protect|p2b: Charizard
|-singleturn|p2b: Charizard|Protect
|move|p1a: Raichu|Fake Out|p2b: Charizard
|-activate|p2b: Charizard|move: Protect
|move|p1b: Milotic|Coil|p1b: Milotic
|-boost|p1b: Milotic|atk|1
|-boost|p1b: Milotic|def|1
|-boost|p1b: Milotic|accuracy|1
|
|-weather|SunnyDay|[upkeep]
|upkeep
|turn|4
|c|☆Ossi1590|It's not really mine, I took it from Michael Kelsh, I was tired of Zard Y
|c|☆Ossi1590|Still you can easly beat me
|
|t:|1783506753
|move|p1a: Raichu|Protect|p1a: Raichu
|-singleturn|p1a: Raichu|Protect
|move|p2a: Sinistcha|Rage Powder|p2a: Sinistcha
|-singleturn|p2a: Sinistcha|move: Rage Powder
|move|p2b: Charizard|Heat Wave|p1a: Raichu|[spread] 
|-activate|p1a: Raichu|move: Protect
|-miss|p2b: Charizard|p1b: Milotic
|move|p1b: Milotic|Hypnosis|p2a: Sinistcha
|-status|p2a: Sinistcha|slp|[from] move: Hypnosis
|
|-weather|SunnyDay|[upkeep]
|-sideend|p2: Chavo666|move: Tailwind
|upkeep
|turn|5
|
|t:|1783506784
|switch|p2b: Whimsicott|Whimsicott, L50, F|100/100
|cant|p2a: Sinistcha|slp
|move|p1a: Raichu|Zap Cannon|p2b: Whimsicott
|-resisted|p2b: Whimsicott|1
|-damage|p2b: Whimsicott|70/100
|-status|p2b: Whimsicott|par
|move|p1b: Milotic|Hypnosis||[still]
|-fail|p1b: Milotic
|
|-weather|none
|upkeep
|turn|6
|
|t:|1783506801
|move|p2b: Whimsicott|Tailwind|p2b: Whimsicott
|-sidestart|p2: Chavo666|move: Tailwind
|move|p1a: Raichu|Zap Cannon|p2a: Sinistcha
|-resisted|p2a: Sinistcha|1
|-damage|p2a: Sinistcha|61/100 slp
|cant|p2a: Sinistcha|slp
|move|p1b: Milotic|Muddy Water|p2a: Sinistcha|[spread] p2a,p2b
|-resisted|p2a: Sinistcha|1
|-resisted|p2b: Whimsicott|1
|-damage|p2a: Sinistcha|47/100 slp
|-damage|p2b: Whimsicott|59/100 par
|
|upkeep
|turn|7
|
|t:|1783506815
|move|p2b: Whimsicott|Fake Tears|p1a: Raichu
|-unboost|p1a: Raichu|spd|2
|move|p1a: Raichu|Zap Cannon|p2b: Whimsicott
|-resisted|p2b: Whimsicott|1
|-damage|p2b: Whimsicott|29/100 par
|-curestatus|p2a: Sinistcha|slp|[msg]
|move|p2a: Sinistcha|Life Dew|p2a: Sinistcha|[spread] p2a,p2b
|-heal|p2a: Sinistcha|73/100
|-heal|p2b: Whimsicott|55/100 par
|move|p1b: Milotic|Muddy Water|p2b: Whimsicott|[spread] p2a,p2b
|-resisted|p2a: Sinistcha|1
|-resisted|p2b: Whimsicott|1
|-damage|p2a: Sinistcha|58/100
|-damage|p2b: Whimsicott|43/100 par
|-unboost|p2b: Whimsicott|accuracy|1
|
|upkeep
|turn|8
|
|t:|1783506831
|switch|p1a: Sinistcha|Sinistcha, L50|100/100
|move|p2a: Sinistcha|Life Dew|p2a: Sinistcha|[spread] p2a,p2b
|-heal|p2a: Sinistcha|84/100
|-heal|p2b: Whimsicott|68/100 par
|move|p2b: Whimsicott|Moonblast|p1a: Sinistcha
|-damage|p1a: Sinistcha|74/100
|move|p1b: Milotic|Hypnosis|p2a: Sinistcha|[miss]
|-miss|p1b: Milotic|p2a: Sinistcha
|
|upkeep
|turn|9
|
|t:|1783506851
|switch|p2a: Charizard|Charizard-Mega-Y, L50, F|79/100
|-weather|SunnyDay|[from] ability: Drought|[of] p2a: Charizard
|move|p2b: Whimsicott|Fake Tears|p1a: Sinistcha
|-unboost|p1a: Sinistcha|spd|2
|move|p1b: Milotic|Coil|p1b: Milotic
|-boost|p1b: Milotic|atk|1
|-boost|p1b: Milotic|def|1
|-boost|p1b: Milotic|accuracy|1
|move|p1a: Sinistcha|Matcha Gotcha|p2b: Whimsicott|[spread] p2a,p2b
|-resisted|p2a: Charizard|2
|-resisted|p2b: Whimsicott|1
|-damage|p2a: Charizard|74/100
|-heal|p1a: Sinistcha|76/100|[from] drain|[of] p2a: Charizard
|-damage|p2b: Whimsicott|56/100 par
|-heal|p1a: Sinistcha|82/100|[from] drain|[of] p2b: Whimsicott
|
|-weather|SunnyDay|[upkeep]
|-sideend|p2: Chavo666|move: Tailwind
|upkeep
|turn|10
|
|t:|1783506866
|switch|p1a: Raichu|Raichu-Mega-Y, L50, F|100/100
|move|p2b: Whimsicott|Fake Tears|p1b: Milotic|[miss]
|-miss|p2b: Whimsicott|p1b: Milotic
|move|p2a: Charizard|Solar Beam||[still]
|-prepare|p2a: Charizard|Solar Beam
|-anim|p2a: Charizard|Solar Beam|p1b: Milotic
|-supereffective|p1b: Milotic|1
|-damage|p1b: Milotic|37/100
|move|p1b: Milotic|Hypnosis|p2a: Charizard
|-status|p2a: Charizard|slp|[from] move: Hypnosis
|
|-weather|SunnyDay|[upkeep]
|-heal|p1b: Milotic|43/100|[from] item: Leftovers
|upkeep
|turn|11
|
|t:|1783506916
|switch|p2a: Sinistcha|Sinistcha, L50|84/100
|-heal|p2b: Whimsicott|80/100 par|[from] ability: Hospitality|[of] p2a: Sinistcha
|switch|p2b: Garchomp|Garchomp, L50, F|100/100
|move|p1a: Raichu|Zap Cannon|p2a: Sinistcha
|-resisted|p2a: Sinistcha|1
|-damage|p2a: Sinistcha|47/100
|-status|p2a: Sinistcha|par
|move|p1b: Milotic|Muddy Water|p2b: Garchomp|[spread] p2a,p2b
|-resisted|p2a: Sinistcha|1
|-damage|p2a: Sinistcha|40/100 par
|-damage|p2b: Garchomp|88/100
|
|-weather|SunnyDay|[upkeep]
|-heal|p1b: Milotic|49/100|[from] item: Leftovers
|upkeep
|turn|12
|
|t:|1783506959
|switch|p1a: Sinistcha|Sinistcha, L50|82/100
|-heal|p1b: Milotic|74/100|[from] ability: Hospitality|[of] p1a: Sinistcha
|switch|p2b: Charizard|Charizard-Mega-Y, L50, F|74/100 slp
|move|p1b: Milotic|Muddy Water|p2b: Charizard|[spread] p2a,p2b
|-resisted|p2a: Sinistcha|1
|-supereffective|p2b: Charizard|1
|-damage|p2a: Sinistcha|33/100 par
|-damage|p2b: Charizard|50/100g slp
|move|p2a: Sinistcha|Life Dew|p2a: Sinistcha|[spread] p2a,p2b
|-heal|p2a: Sinistcha|58/100 par
|-heal|p2b: Charizard|76/100 slp
|
|-weather|SunnyDay|[upkeep]
|-heal|p1b: Milotic|80/100|[from] item: Leftovers
|upkeep
|turn|13
|c|☆Chavo666|eh I believe it I like malamar
|
|t:|1783506979
|switch|p2a: Whimsicott|Whimsicott, L50, F|80/100 par
|move|p1a: Sinistcha|Protect|p1a: Sinistcha
|-singleturn|p1a: Sinistcha|Protect
|cant|p2b: Charizard|slp
|move|p1b: Milotic|Muddy Water|p2b: Charizard|[spread] p2a,p2b
|-resisted|p2a: Whimsicott|1
|-supereffective|p2b: Charizard|1
|-damage|p2a: Whimsicott|75/100 par
|-damage|p2b: Charizard|52/100 slp
|
|-weather|none
|-heal|p1b: Milotic|86/100|[from] item: Leftovers
|upkeep
|turn|14
|
|t:|1783506998
|switch|p2b: Sinistcha|Sinistcha, L50|58/100 par
|-heal|p2a: Whimsicott|100/100 par|[from] ability: Hospitality|[of] p2b: Sinistcha
|switch|p1a: Raichu|Raichu-Mega-Y, L50, F|100/100
|move|p1b: Milotic|Muddy Water|p2a: Whimsicott|[spread] p2a,p2b
|-resisted|p2a: Whimsicott|1
|-resisted|p2b: Sinistcha|1
|-damage|p2a: Whimsicott|89/100 par
|-damage|p2b: Sinistcha|44/100 par
|move|p2a: Whimsicott|Moonblast|p1a: Raichu
|-damage|p1a: Raichu|64/100
|-unboost|p1a: Raichu|spa|1
|
|-heal|p1b: Milotic|92/100|[from] item: Leftovers
|upkeep
|turn|15
|
|t:|1783507014
|switch|p1a: Sinistcha|Sinistcha, L50|82/100
|-heal|p1b: Milotic|100/100|[from] ability: Hospitality|[of] p1a: Sinistcha
|move|p1b: Milotic|Muddy Water|p2a: Whimsicott|[spread] p2a,p2b
|-resisted|p2a: Whimsicott|1
|-resisted|p2b: Sinistcha|1
|-damage|p2a: Whimsicott|79/100 par
|-damage|p2b: Sinistcha|29/100 par
|move|p2a: Whimsicott|Moonblast|p1a: Sinistcha
|-damage|p1a: Sinistcha|55/100
|move|p2b: Sinistcha|Matcha Gotcha|p1a: Sinistcha|[spread] p1a,p1b
|-resisted|p1a: Sinistcha|1
|-supereffective|p1b: Milotic|1
|-damage|p1a: Sinistcha|43/100
|-heal|p2b: Sinistcha|34/100 par|[from] drain|[of] p1a: Sinistcha
|-damage|p1b: Milotic|67/100
|-heal|p2b: Sinistcha|53/100 par|[from] drain|[of] p1b: Milotic
|
|-heal|p1b: Milotic|73/100|[from] item: Leftovers
|upkeep
|turn|16
|
|t:|1783507044
|switch|p2b: Garchomp|Garchomp, L50, F|88/100
|move|p1b: Milotic|Muddy Water|p2b: Garchomp|[spread] p2a,p2b
|-resisted|p2a: Whimsicott|1
|-damage|p2a: Whimsicott|68/100 par
|-damage|p2b: Garchomp|62/100
|-unboost|p2b: Garchomp|accuracy|1
|move|p1a: Sinistcha|Life Dew|p1a: Sinistcha|[spread] p1a,p1b
|-heal|p1a: Sinistcha|69/100
|-heal|p1b: Milotic|98/100
|move|p2a: Whimsicott|Moonblast|p1a: Sinistcha
|-damage|p1a: Sinistcha|43/100
|
|-heal|p1b: Milotic|100/100|[from] item: Leftovers
|upkeep
|turn|17
|
|t:|1783507066
|switch|p2b: Charizard|Charizard-Mega-Y, L50, F|52/100 slp
|-weather|SunnyDay|[from] ability: Drought|[of] p2b: Charizard
|move|p2a: Whimsicott|Tailwind|p2a: Whimsicott
|-sidestart|p2: Chavo666|move: Tailwind
|move|p1b: Milotic|Muddy Water|p2a: Whimsicott|[spread] p2a,p2b
|-resisted|p2a: Whimsicott|1
|-supereffective|p2b: Charizard|1
|-damage|p2a: Whimsicott|62/100 par
|-damage|p2b: Charizard|29/100 slp
|-unboost|p2a: Whimsicott|accuracy|1
|move|p1a: Sinistcha|Life Dew||[still]|[spread] p1a,p1b
|-heal|p1a: Sinistcha|69/100
|-fail|p1b: Milotic|heal
|
|-weather|SunnyDay|[upkeep]
|upkeep
|turn|18
|
|t:|1783507086
|move|p2a: Whimsicott|Fake Tears|p1b: Milotic|[miss]
|-miss|p2a: Whimsicott|p1b: Milotic
|cant|p2b: Charizard|slp
|move|p1b: Milotic|Muddy Water|p2a: Whimsicott|[spread] p2a,p2b
|-resisted|p2a: Whimsicott|1
|-supereffective|p2b: Charizard|1
|-damage|p2a: Whimsicott|58/100 par
|-damage|p2b: Charizard|5/100 slp
|move|p1a: Sinistcha|Life Dew||[still]|[spread] p1a,p1b
|-heal|p1a: Sinistcha|94/100
|-fail|p1b: Milotic|heal
|
|-weather|SunnyDay|[upkeep]
|upkeep
|turn|19
|
|t:|1783507099
|switch|p2a: Sinistcha|Sinistcha, L50|53/100 par
|-heal|p2b: Charizard|29/100 slp|[from] ability: Hospitality|[of] p2a: Sinistcha
|move|p1a: Sinistcha|Protect|p1a: Sinistcha
|-singleturn|p1a: Sinistcha|Protect
|-curestatus|p2b: Charizard|slp|[msg]
|move|p2b: Charizard|Heat Wave|p1a: Sinistcha|[spread] p1b
|-activate|p1a: Sinistcha|move: Protect
|-resisted|p1b: Milotic|1
|-damage|p1b: Milotic|80/100
|move|p1b: Milotic|Hypnosis|p2b: Charizard
|-status|p2b: Charizard|slp|[from] move: Hypnosis
|
|-weather|SunnyDay|[upkeep]
|-heal|p1b: Milotic|86/100|[from] item: Leftovers
|upkeep
|turn|20
|
|t:|1783507128
|switch|p2b: Whimsicott|Whimsicott, L50, F|58/100 par
|switch|p1a: Raichu|Raichu-Mega-Y, L50, F|64/100
|move|p1b: Milotic|Muddy Water|p2b: Whimsicott|[spread] p2a,p2b
|-resisted|p2a: Sinistcha|1
|-resisted|p2b: Whimsicott|1
|-damage|p2a: Sinistcha|47/100 par
|-damage|p2b: Whimsicott|53/100 par
|move|p2a: Sinistcha|Life Dew|p2a: Sinistcha|[spread] p2a,p2b
|-heal|p2a: Sinistcha|72/100 par
|-heal|p2b: Whimsicott|78/100 par
|
|-weather|SunnyDay|[upkeep]
|-heal|p1b: Milotic|92/100|[from] item: Leftovers
|-sideend|p2: Chavo666|move: Tailwind
|upkeep
|turn|21
|
|t:|1783507147
|move|p2b: Whimsicott|Fake Tears|p1a: Raichu
|-unboost|p1a: Raichu|spd|2
|move|p1a: Raichu|Zap Cannon|p2b: Whimsicott
|-resisted|p2b: Whimsicott|1
|-damage|p2b: Whimsicott|51/100 par
|move|p1b: Milotic|Muddy Water|p2a: Sinistcha|[spread] p2a,p2b
|-resisted|p2a: Sinistcha|1
|-resisted|p2b: Whimsicott|1
|-damage|p2a: Sinistcha|65/100 par
|-damage|p2b: Whimsicott|46/100 par
|cant|p2a: Sinistcha|par
|
|-weather|none
|-heal|p1b: Milotic|98/100|[from] item: Leftovers
|upkeep
|turn|22
|-message|Ossi1590 forfeited.
|
|win|Chavo666
||Chavo666 is ready for game 2.
