|j|☆Miilanz
|j|☆munchie2ff
|html|Miilanzmunchie2ff    
|uhtml|bestof|Game 2 of a best-of-3
|t:|1783978718
|gametype|doubles
|player|p1|Miilanz|caitlin|
|player|p2|munchie2ff|colress|
|gen|9
|tier|[Gen 9 Champions] VGC 2026 Reg M-B (Bo3)
|rule|Species Clause: Limit one of each Pokémon
|rule|Item Clause: Limit 1 of each item
|clearpoke
|poke|p1|Venusaur, L50, F|
|poke|p1|Torkoal, L50, M|
|poke|p1|Pyroar, L50, F, shiny|
|poke|p1|Farigiraf, L50, F|
|poke|p1|Garchomp, L50, F|
|poke|p1|Sylveon, L50, F|
|poke|p2|Charizard, L50, F|
|poke|p2|Floette-Eternal, L50, F|
|poke|p2|Whimsicott, L50, F|
|poke|p2|Kingambit, L50, F|
|poke|p2|Garchomp, L50, M|
|poke|p2|Basculegion, L50, M|
|teampreview|4
|showteam|p1|Venusaur||Venusaurite|Chlorophyll|SludgeBomb,EarthPower,Protect,GigaDrain|Timid||F|||50|]Torkoal||SitrusBerry|Drought|HelpingHand,Yawn,Protect,HeatWave|Modest||M|||50|]Pyroar||Pyroarite|Unnerve|HeatWave,Overheat,SolarBeam,Protect|Timid||F|||50|]Farigiraf||ColburBerry|ArmorTail|Psychic,Thunderbolt,Protect,TrickRoom|Bold||F|||50|]Garchomp||LifeOrb|RoughSkin|DragonClaw,RockSlide,StompingTantrum,Protect|Timid||F|||50|]Sylveon||FairyFeather|Pixilate|HyperVoice,Detect,HyperBeam,DrainingKiss|Modest||F|||50|
|showteam|p2|Charizard||CharizarditeY|Blaze|HeatWave,WeatherBall,SolarBeam,Protect|Modest||F|||50|]Floette-Eternal||Floettite|FlowerVeil|DazzlingGleam,Protect,Moonblast,LightofRuin|Modest||F|||50|]Whimsicott||FocusSash|Prankster|Moonblast,Protect,Tailwind,Encore|Timid||F|||50|]Kingambit||ChopleBerry|Defiant|KowtowCleave,SuckerPunch,IronHead,Protect|Adamant||F|||50|]Garchomp||RoseliBerry|RoughSkin|DragonClaw,Earthquake,RockSlide,PoisonJab|Jolly||M|||50|]Basculegion||LifeOrb|Adaptability|WaveCrash,LastRespects,AquaJet,Protect|Adamant||M|||50|
|j| RiotJuice
|j| FullCrimp
|
|t:|1783978762
|teamsize|p1|4
|teamsize|p2|4
|start
|switch|p1a: Venusaur|Venusaur, L50, F|100/100
|switch|p1b: Garchomp|Garchomp, L50, F|100/100
|switch|p2a: Jaws 4D|Garchomp, L50, M|100/100
|switch|p2b: Whimbanyama|Whimsicott, L50, F|100/100
|turn|1
|inactive|Battle timer is ON: inactive players will automatically lose when time's up. (requested by Miilanz)
|
|t:|1783978790
|detailschange|p1a: Venusaur|Venusaur-Mega, L50, F
|-mega|p1a: Venusaur|Venusaur|Venusaurite
|move|p1b: Garchomp|Protect|p1b: Garchomp
|-singleturn|p1b: Garchomp|Protect
|move|p2b: Whimbanyama|Moonblast|p1b: Garchomp
|-activate|p1b: Garchomp|move: Protect
|move|p2a: Jaws 4D|Rock Slide|p1b: Garchomp|[spread] p1a
|-activate|p1b: Garchomp|move: Protect
|-damage|p1a: Venusaur|86/100
|move|p1a: Venusaur|Sludge Bomb|p2b: Whimbanyama
|-supereffective|p2b: Whimbanyama|2
|-enditem|p2b: Whimbanyama|Focus Sash
|-damage|p2b: Whimbanyama|1/100
|
|upkeep
|turn|2
|inactive|munchie2ff has 30 seconds left.
|
|t:|1783978817
|switch|p1b: Farigiraf|Farigiraf, L50, F|100/100
|move|p2b: Whimbanyama|Protect|p2b: Whimbanyama
|-singleturn|p2b: Whimbanyama|Protect
|move|p2a: Jaws 4D|Dragon Claw|p1a: Venusaur
|-damage|p1a: Venusaur|56/100
|move|p1a: Venusaur|Giga Drain|p2a: Jaws 4D
|-damage|p2a: Jaws 4D|60/100
|-heal|p1a: Venusaur|77/100|[from] drain|[of] p2a: Jaws 4D
|
|upkeep
|turn|3
|j| FBIsurveillanceman
|inactive|munchie2ff has 30 seconds left.
|
|t:|1783978849
|move|p2b: Whimbanyama|Moonblast|p1b: Farigiraf
|-damage|p1b: Farigiraf|65/100
|move|p2a: Jaws 4D|Earthquake|p1b: Farigiraf|[spread] p2b,p1a,p1b
|-resisted|p2b: Whimbanyama|1
|-damage|p2b: Whimbanyama|0 fnt
|-damage|p1a: Venusaur|48/100
|-damage|p1b: Farigiraf|37/100
|faint|p2b: Whimbanyama
|move|p1a: Venusaur|Giga Drain|p2a: Jaws 4D
|-damage|p2a: Jaws 4D|27/100
|-heal|p1a: Venusaur|65/100|[from] drain|[of] p2a: Jaws 4D
|move|p1b: Farigiraf|Psychic|p2a: Jaws 4D
|-damage|p2a: Jaws 4D|0 fnt
|faint|p2a: Jaws 4D
|
|upkeep
|
|t:|1783978854
|switch|p2b: Bascline Junkie|Basculegion, L50, M|100/100
|switch|p2a: Outkast|Floette-Eternal, L50, F|100/100
|turn|4
|j| monsoonisbest
|inactive|munchie2ff has 30 seconds left.
|
|t:|1783978884
|move|p2a: Outkast|Protect|p2a: Outkast
|-singleturn|p2a: Outkast|Protect
|move|p1b: Farigiraf|Protect|p1b: Farigiraf
|-singleturn|p1b: Farigiraf|Protect
|move|p1a: Venusaur|Sludge Bomb|p2a: Outkast
|-activate|p2a: Outkast|move: Protect
|move|p2b: Bascline Junkie|Last Respects|p1a: Venusaur
|-damage|p1a: Venusaur|0 fnt
|faint|p1a: Venusaur
|-damage|p2b: Bascline Junkie|90/100|[from] item: Life Orb
|
|upkeep
|
|t:|1783978898
|switch|p1a: Sylveon|Sylveon, L50, F|100/100
|turn|5
|
|t:|1783978918
|detailschange|p2a: Outkast|Floette-Mega, L50, F
|-mega|p2a: Outkast|Floette|Floettite
|-ability|p2a: Outkast|Fairy Aura
|move|p2a: Outkast|Dazzling Gleam|p1a: Sylveon|[spread] p1a,p1b
|-damage|p1a: Sylveon|61/100
|-damage|p1b: Farigiraf|0 fnt
|faint|p1b: Farigiraf
|move|p2b: Bascline Junkie|Wave Crash|p1a: Sylveon
|-damage|p1a: Sylveon|0 fnt
|faint|p1a: Sylveon
|-damage|p2b: Bascline Junkie|70/100|[from] Recoil
|-damage|p2b: Bascline Junkie|60/100|[from] item: Life Orb
|
|upkeep
|
|t:|1783978930
|switch|p1b: Garchomp|Garchomp, L50, F|100/100
|turn|6
|
|t:|1783978938
|move|p1b: Garchomp|Rock Slide|p2a: Outkast|[spread] p2a
|-miss|p1b: Garchomp|p2b: Bascline Junkie
|-damage|p2a: Outkast|73/100
|-damage|p1b: Garchomp|90/100|[from] item: Life Orb
|cant|p2a: Outkast|flinch
|move|p2b: Bascline Junkie|Wave Crash|p1b: Garchomp
|-damage|p1b: Garchomp|0 fnt
|-damage|p2b: Bascline Junkie|48/100|[from] ability: Rough Skin|[of] p1b: Garchomp
|faint|p1b: Garchomp
|-damage|p2b: Bascline Junkie|20/100r|[from] Recoil
|-damage|p2b: Bascline Junkie|10/100|[from] item: Life Orb
|
|win|munchie2ff
|j| 0hgan
||munchie2ff is ready for game 3.
||Miilanz is ready for game 3.
|uhtml|next|Next: Game 3 of 3
|l| FullCrimp
|l| FBIsurveillanceman
|j| FBIsurveillanceman
|j| 5wamp
|l| monsoonisbest
|l| 5wamp
|l| RiotJuice
