|j|☆testkaka
|j|☆KarBot8
|html|testkakaKarBot8    
|uhtml|bestof|Game 1 of a best-of-3
|t:|1782529222
|gametype|doubles
|player|p1|testkaka|170|1176
|player|p2|KarBot8|265|1139
|gen|9
|tier|[Gen 9 Champions] VGC 2026 Reg M-B (Bo3)
|rated|
|rule|Species Clause: Limit one of each Pokémon
|rule|Item Clause: Limit 1 of each item
|clearpoke
|poke|p1|Froslass, L50, F|
|poke|p1|Whimsicott, L50, F|
|poke|p1|Garchomp, L50, M|
|poke|p1|Kingambit, L50, F|
|poke|p1|Basculegion, L50, M|
|poke|p1|Glimmora, L50, M|
|poke|p2|Tyranitar, L50, F, shiny|
|poke|p2|Houndstone, L50, M, shiny|
|poke|p2|Excadrill, L50, F, shiny|
|poke|p2|Corviknight, L50, F, shiny|
|poke|p2|Sneasler, L50, M, shiny|
|poke|p2|Farigiraf, L50, F|
|teampreview|4
|showteam|p1|Froslass||Froslassite|CursedBody|Protect,Blizzard,ShadowBall,AuroraVeil|Modest||F|||50|]Whimsicott||FocusSash|Prankster|Protect,Moonblast,Tailwind,Encore|Timid||F|||50|]Garchomp||LifeOrb|RoughSkin|Protect,DragonClaw,Earthquake,StompingTantrum|Jolly||M|||50|]Kingambit||BlackGlasses|Defiant|Protect,KowtowCleave,SuckerPunch,SwordsDance|Adamant||F|||50|]Basculegion||MysticWater|Adaptability|Protect,WaveCrash,LastRespects,AquaJet|Adamant||M|||50|]Glimmora||Glimmoranite|ToxicDebris|SpikyShield,SludgeBomb,PowerGem,EarthPower|Timid||M|||50|
|showteam|p2|Tyranitar||Tyranitarite|SandStream|RockSlide,KnockOff,LowKick,Protect|Adamant||F|||50|]Houndstone||SitrusBerry|SandRush|LastRespects,WillOWisp,Howl,Protect|Jolly||M|||50|]Excadrill||FocusSash|SandRush|HighHorsepower,IronHead,RockSlide,Protect|Adamant||F|||50|]Corviknight||Leftovers|MirrorArmor|DrillPeck,BodyPress,BulkUp,Tailwind|Impish||F|||50|]Sneasler||WhiteHerb|Unburden|CloseCombat,DireClaw,FakeOut,Protect|Adamant||M|||50|]Farigiraf||ColburBerry|ArmorTail|TwinBeam,TrickRoom,EnergyBall,Protect|Quiet||F|||50|
|inactive|Battle timer is ON: inactive players will automatically lose when time's up. (requested by testkaka)
|inactive|testkaka has 60 seconds left.
|inactive|KarBot8 has 60 seconds left.
|inactive|KarBot8 has 30 seconds left.
|
|t:|1782529284
|teamsize|p1|4
|teamsize|p2|4
|start
|switch|p1a: Whimsicott|Whimsicott, L50, F|100/100
|switch|p1b: Basculegion|Basculegion, L50, M|100/100
|switch|p2a: Tyranitar|Tyranitar, L50, F, shiny|100/100
|switch|p2b: Houndstone|Houndstone, L50, M, shiny|100/100
|-weather|Sandstorm|[from] ability: Sand Stream|[of] p2a: Tyranitar
|turn|1
|inactive|testkaka has 30 seconds left.
|
|t:|1782529312
|move|p1b: Basculegion|Protect|p1b: Basculegion
|-singleturn|p1b: Basculegion|Protect
|move|p2a: Tyranitar|Protect|p2a: Tyranitar
|-singleturn|p2a: Tyranitar|Protect
|move|p2b: Houndstone|Will-O-Wisp|p1b: Basculegion
|-activate|p1b: Basculegion|move: Protect
|move|p1a: Whimsicott|Moonblast|p2b: Houndstone
|-damage|p2b: Houndstone|62/100
|
|-weather|Sandstorm|[upkeep]
|-damage|p1a: Whimsicott|94/100|[from] Sandstorm
|-damage|p1b: Basculegion|93/100|[from] Sandstorm
|upkeep
|turn|2
|
|t:|1782529336
|detailschange|p2a: Tyranitar|Tyranitar-Mega, L50, F, shiny
|-mega|p2a: Tyranitar|Tyranitar|Tyranitarite
|move|p2b: Houndstone|Will-O-Wisp|p1b: Basculegion
|-status|p1b: Basculegion|brn
|move|p1a: Whimsicott|Moonblast|p2b: Houndstone
|-damage|p2b: Houndstone|22/100
|-enditem|p2b: Houndstone|Sitrus Berry|[eat]
|-heal|p2b: Houndstone|47/100|[from] item: Sitrus Berry
|move|p1b: Basculegion|Wave Crash|p2a: Tyranitar
|-supereffective|p2a: Tyranitar|1
|-damage|p2a: Tyranitar|37/100
|-damage|p1b: Basculegion|72/100 brn|[from] Recoil
|move|p2a: Tyranitar|Knock Off|p1b: Basculegion
|-supereffective|p1b: Basculegion|1
|-damage|p1b: Basculegion|0 fnt
|-enditem|p1b: Basculegion|Mystic Water|[from] move: Knock Off|[of] p2a: Tyranitar
|faint|p1b: Basculegion
|
|-weather|Sandstorm|[upkeep]
|-damage|p1a: Whimsicott|88/100|[from] Sandstorm
|upkeep
|
|t:|1782529351
|switch|p1b: Garchomp|Garchomp, L50, M|100/100
|turn|3
|
|t:|1782529374
|switch|p2a: Corviknight|Corviknight, L50, F, shiny|100/100
|move|p1b: Garchomp|Protect|p1b: Garchomp
|-singleturn|p1b: Garchomp|Protect
|move|p1a: Whimsicott|Tailwind|p1a: Whimsicott
|-sidestart|p1: testkaka|move: Tailwind
|move|p2b: Houndstone|Will-O-Wisp|p1b: Garchomp
|-activate|p1b: Garchomp|move: Protect
|
|-weather|Sandstorm|[upkeep]
|-damage|p1a: Whimsicott|82/100|[from] Sandstorm
|upkeep
|turn|4
|inactive|testkaka has 30 seconds left.
|
|t:|1782529406
|switch|p1a: Froslass|Froslass, L50, F|100/100
|move|p2b: Houndstone|Protect|p2b: Houndstone
|-singleturn|p2b: Houndstone|Protect
|move|p1b: Garchomp|Dragon Claw|p2b: Houndstone
|-activate|p2b: Houndstone|move: Protect
|move|p2a: Corviknight|Drill Peck|p1a: Froslass
|-damage|p1a: Froslass|64/100
|
|-weather|Sandstorm|[upkeep]
|-damage|p1a: Froslass|58/100|[from] Sandstorm
|upkeep
|turn|5
|inactive|KarBot8 has 30 seconds left.
|inactive|KarBot8 has 20 seconds left.
|inactive|KarBot8 has 15 seconds left.
|inactive|KarBot8 has 10 seconds left.
|
|t:|1782529453
|switch|p2b: Excadrill|Excadrill, L50, F, shiny|100/100
|detailschange|p1a: Froslass|Froslass-Mega, L50, F
|-mega|p1a: Froslass|Froslass|Froslassite
|-weather|Snowscape|[from] ability: Snow Warning|[of] p1a: Froslass
|move|p1a: Froslass|Blizzard|p2a: Corviknight|[spread] p2a,p2b
|-crit|p2b: Excadrill
|-damage|p2a: Corviknight|60/100
|-damage|p2b: Excadrill|17/100
|-status|p2b: Excadrill|frz
|move|p1b: Garchomp|Dragon Claw|p2a: Corviknight
|-resisted|p2a: Corviknight|1
|-damage|p2a: Corviknight|42/100
|-damage|p1b: Garchomp|90/100|[from] item: Life Orb
|move|p2a: Corviknight|Tailwind|p2a: Corviknight
|-sidestart|p2: KarBot8|move: Tailwind
|
|-weather|Snowscape|[upkeep]
|-heal|p2a: Corviknight|48/100|[from] item: Leftovers
|upkeep
|turn|6
|
|t:|1782529475
|cant|p2b: Excadrill|frz
|move|p1a: Froslass|Blizzard|p2b: Excadrill|[spread] p2a,p2b
|-damage|p2a: Corviknight|7/100
|-damage|p2b: Excadrill|0 fnt
|faint|p2b: Excadrill
|move|p1b: Garchomp|Dragon Claw|p2a: Corviknight
|-resisted|p2a: Corviknight|1
|-damage|p2a: Corviknight|0 fnt
|faint|p2a: Corviknight
|-damage|p1b: Garchomp|80/100|[from] item: Life Orb
|
|-weather|Snowscape|[upkeep]
|-sideend|p1: testkaka|move: Tailwind
|upkeep
|
|t:|1782529479
|switch|p2b: Houndstone|Houndstone, L50, M, shiny|47/100
|switch|p2a: Tyranitar|Tyranitar-Mega, L50, F, shiny|37/100
|-weather|Sandstorm|[from] ability: Sand Stream|[of] p2a: Tyranitar
|turn|7
|
|t:|1782529499
|switch|p1a: Whimsicott|Whimsicott, L50, F|82/100
|move|p1b: Garchomp|Protect|p1b: Garchomp
|-singleturn|p1b: Garchomp|Protect
|move|p2b: Houndstone|Last Respects|p1b: Garchomp
|-activate|p1b: Garchomp|move: Protect
|move|p2a: Tyranitar|Rock Slide|p1a: Whimsicott|[spread] p1a
|-activate|p1b: Garchomp|move: Protect
|-damage|p1a: Whimsicott|29/100
|
|-weather|Sandstorm|[upkeep]
|-damage|p1a: Whimsicott|24/100|[from] Sandstorm
|upkeep
|turn|8
|inactive|testkaka has 30 seconds left.
|inactive|testkaka has 20 seconds left.
|inactive|testkaka has 15 seconds left.
|inactive|testkaka has 10 seconds left.
|
|t:|1782529548
|move|p2a: Tyranitar|Protect|p2a: Tyranitar
|-singleturn|p2a: Tyranitar|Protect
|move|p1a: Whimsicott|Tailwind|p1a: Whimsicott
|-sidestart|p1: testkaka|move: Tailwind
|move|p2b: Houndstone|Last Respects|p1b: Garchomp
|-damage|p1b: Garchomp|27/100
|move|p1b: Garchomp|Dragon Claw|p2b: Houndstone
|-damage|p2b: Houndstone|0 fnt
|faint|p2b: Houndstone
|-damage|p1b: Garchomp|17/100|[from] item: Life Orb
|
|-weather|Sandstorm|[upkeep]
|-damage|p1a: Whimsicott|18/100|[from] Sandstorm
|-sideend|p2: KarBot8|move: Tailwind
|upkeep
|turn|9
|
|t:|1782529559
|move|p1a: Whimsicott|Moonblast|p2a: Tyranitar
|-supereffective|p2a: Tyranitar|1
|-damage|p2a: Tyranitar|1/100
|move|p1b: Garchomp|Stomping Tantrum|p2a: Tyranitar
|-supereffective|p2a: Tyranitar|1
|-damage|p2a: Tyranitar|0 fnt
|faint|p2a: Tyranitar
|-damage|p1b: Garchomp|8/100|[from] item: Life Orb
|
|win|testkaka
||KarBot8 is ready for game 2.
||testkaka is ready for game 2.
|uhtml|next|Next: Game 2 of 3
