|j|‽T-block
|j|☆pgoiko
|html|T-blockpgoiko    
|uhtml|bestof|Game 2 of a best-of-3
|t:|1756924729
|gametype|doubles
|player|p1|T-block|266|1319
|player|p2|pgoiko|102|1185
|gen|9
|tier|[Gen 9] VGC 2025 Reg H (Bo3)
|rated|
|rule|Species Clause: Limit one of each Pokémon
|rule|Item Clause: Limit 1 of each item
|clearpoke
|poke|p1|Gholdengo, L50|
|poke|p1|Rillaboom, L50, M|
|poke|p1|Tyranitar, L50, F|
|poke|p1|Maushold, L50|
|poke|p1|Sneasler, L50, M|
|poke|p1|Dragonite, L50, M|
|poke|p2|Indeedee-F, L50, F|
|poke|p2|Armarouge, L50, F|
|poke|p2|Torkoal, L50, F|
|poke|p2|Ursaluna, L50, F|
|poke|p2|Hatterene, L50, F|
|poke|p2|Lilligant-Hisui, L50, F|
|teampreview|4
|showteam|p1|Gholdengo||GrassySeed|GoodasGold|NastyPlot,MakeItRain,ShadowBall,Protect||||||50|,,,,,Water]Rillaboom||AssaultVest|GrassySurge|FakeOut,GrassyGlide,DrumBeating,HighHorsepower|||M|||50|,,,,,Fire]Tyranitar||FocusSash|SandStream|RockSlide,KnockOff,LowKick,Protect|||F|||50|,,,,,Ghost]Maushold||SafetyGoggles|FriendGuard|FollowMe,Taunt,SuperFang,Protect||||||50|,,,,,Ghost]Sneasler||WhiteHerb|Unburden|CloseCombat,DireClaw,Coaching,Protect|||M|||50|,,,,,Ghost]Dragonite||LoadedDice|Multiscale|ScaleShot,StompingTantrum,Tailwind,Protect|||M|||50|,,,,,Ground
|showteam|p2|Indeedee-F||RockyHelmet|PsychicSurge|Psychic,HelpingHand,FollowMe,TrickRoom|||F|||50|,,,,,Grass]Armarouge||PowerHerb|FlashFire|ExpandingForce,ArmorCannon,MeteorBeam,TrickRoom|||F|||50|,,,,,Grass]Torkoal||Charcoal|Drought|Eruption,WeatherBall,HeatWave,Protect|||F|||50|,,,,,Fire]Ursaluna||FlameOrb|Guts|Facade,HeadlongRush,Substitute,Protect|||F|||50|,,,,,Ghost]Hatterene||LifeOrb|MagicBounce|ExpandingForce,DazzlingGleam,TrickRoom,Protect|||F|||50|,,,,,Psychic]Lilligant-Hisui||FocusSash|Chlorophyll|SolarBlade,CloseCombat,SleepPowder,AfterYou|||F|||50|,,,,,Ghost
|inactive|Battle timer is ON: inactive players will automatically lose when time's up. (requested by T-block)
|
|t:|1756924769
|teamsize|p1|4
|teamsize|p2|4
|start
|switch|p1a: Maushold|Maushold, L50|100/100
|switch|p1b: Gholdengo|Gholdengo, L50|100/100
|switch|p2a: Torkoal|Torkoal, L50, F|100/100
|switch|p2b: Lilligant|Lilligant-Hisui, L50, F|100/100
|-weather|SunnyDay|[from] ability: Drought|[of] p2a: Torkoal
|turn|1
|inactive|T-block has 30 seconds left.
|
|t:|1756924802
|-terastallize|p1b: Gholdengo|Water
|move|p1a: Maushold|Protect|p1a: Maushold
|-singleturn|p1a: Maushold|Protect
|move|p2b: Lilligant|Close Combat|p1a: Maushold
|-activate|p1a: Maushold|move: Protect
|move|p1b: Gholdengo|Shadow Ball|p2a: Torkoal
|-damage|p2a: Torkoal|46/100
|move|p2a: Torkoal|Weather Ball|p1b: Gholdengo
|-resisted|p1b: Gholdengo
|-damage|p1b: Gholdengo|74/100
|
|-weather|SunnyDay|[upkeep]
|upkeep
|turn|2
|inactive|T-block has 30 seconds left.
|inactive|pgoiko has 30 seconds left.
|inactive|T-block has 20 seconds left.
|
|t:|1756924840
|switch|p1a: Tyranitar|Tyranitar, L50, F|100/100
|-weather|Sandstorm|[from] ability: Sand Stream|[of] p1a: Tyranitar
|move|p2a: Torkoal|Protect|p2a: Torkoal
|-singleturn|p2a: Torkoal|Protect
|move|p2b: Lilligant|Solar Blade||[still]
|-prepare|p2b: Lilligant|Solar Blade
|move|p1b: Gholdengo|Shadow Ball|p2b: Lilligant
|-damage|p2b: Lilligant|42/100
|-unboost|p2b: Lilligant|spd|1
|
|-weather|Sandstorm|[upkeep]
|-damage|p2b: Lilligant|36/100|[from] Sandstorm
|-damage|p1b: Gholdengo|68/100|[from] Sandstorm
|-damage|p2a: Torkoal|39/100|[from] Sandstorm
|upkeep
|turn|3
|inactive|T-block has 30 seconds left.
|inactive|T-block has 20 seconds left.
|
|t:|1756924875
|switch|p2a: Ursaluna|Ursaluna, L50, F|100/100
|move|p1b: Gholdengo|Protect|p1b: Gholdengo
|-singleturn|p1b: Gholdengo|Protect
|move|p2b: Lilligant|Solar Blade|p1b: Gholdengo|[from] lockedmove
|-activate|p1b: Gholdengo|move: Protect
|move|p1a: Tyranitar|Knock Off|p2b: Lilligant
|-resisted|p2b: Lilligant
|-damage|p2b: Lilligant|0 fnt
|-enditem|p2b: Lilligant|Focus Sash|[from] move: Knock Off|[of] p1a: Tyranitar
|faint|p2b: Lilligant
|
|-weather|Sandstorm|[upkeep]
|-damage|p1b: Gholdengo|61/100|[from] Sandstorm
|-status|p2a: Ursaluna|brn|[from] item: Flame Orb
|upkeep
|
|t:|1756924894
|switch|p2b: Armarouge|Armarouge, L50, F|100/100
|turn|4
|
|t:|1756924913
|-terastallize|p2b: Armarouge|Grass
|move|p1b: Gholdengo|Make It Rain|p2a: Ursaluna|[spread] p2a,p2b
|-damage|p2a: Ursaluna|68/100 brn
|-damage|p2b: Armarouge|51/100
|-unboost|p1b: Gholdengo|spa|1
|move|p1a: Tyranitar|Knock Off|p2b: Armarouge
|-damage|p2b: Armarouge|0 fnt
|-enditem|p2b: Armarouge|Power Herb|[from] move: Knock Off|[of] p1a: Tyranitar
|faint|p2b: Armarouge
|move|p2a: Ursaluna|Facade|p1b: Gholdengo
|-damage|p1b: Gholdengo|0 fnt
|faint|p1b: Gholdengo
|
|-weather|Sandstorm|[upkeep]
|-damage|p2a: Ursaluna|62/100 brn|[from] brn
|upkeep
|inactive|T-block has 30 seconds left.
|inactive|T-block has 20 seconds left.
|
|t:|1756924950
|switch|p1b: Rillaboom|Rillaboom, L50, M, shiny|100/100
|switch|p2b: Torkoal|Torkoal, L50, F|39/100
|-fieldstart|move: Grassy Terrain|[from] ability: Grassy Surge|[of] p1b: Rillaboom
|-weather|SunnyDay|[from] ability: Drought|[of] p2b: Torkoal
|turn|5
|inactive|T-block has 30 seconds left.
|
|t:|1756924977
|move|p2a: Ursaluna|Protect|p2a: Ursaluna
|-singleturn|p2a: Ursaluna|Protect
|move|p1b: Rillaboom|Fake Out|p2a: Ursaluna
|-activate|p2a: Ursaluna|move: Protect
|move|p1a: Tyranitar|Knock Off|p2b: Torkoal
|-damage|p2b: Torkoal|0 fnt
|-enditem|p2b: Torkoal|Charcoal|[from] move: Knock Off|[of] p1a: Tyranitar
|faint|p2b: Torkoal
|
|-weather|SunnyDay|[upkeep]
|-heal|p2a: Ursaluna|68/100 brn|[from] Grassy Terrain
|-damage|p2a: Ursaluna|62/100 brn|[from] brn
|upkeep
|turn|6
|-message|pgoiko forfeited.
|
|win|T-block
