|j|☆luxerna
|j|☆master 792
|html|luxernamaster 792    
|uhtml|bestof|Game 1 of a best-of-3
|t:|1786056720
|gametype|doubles
|player|p1|luxerna|riley|1373
|player|p2|master 792|red|1319
|gen|9
|tier|[Gen 9 Champions] VGC 2026 Reg M-B (Bo3)
|rated|
|rule|Species Clause: Limit one of each Pokémon
|rule|Item Clause: Limit 1 of each item
|clearpoke
|poke|p1|Tyranitar, L50, F|
|poke|p1|Staraptor, L50, F, shiny|
|poke|p1|Excadrill, L50, F|
|poke|p1|Gholdengo, L50|
|poke|p1|Milotic, L50, M|
|poke|p1|Sinistcha, L50|
|poke|p2|Charizard, L50, F|
|poke|p2|Whimsicott, L50, M, shiny|
|poke|p2|Basculegion, L50, M, shiny|
|poke|p2|Garchomp, L50, M, shiny|
|poke|p2|Kingambit, L50, F|
|poke|p2|Floette-Eternal, L50, F|
|teampreview|4
|showteam|p1|Tyranitar||Tyranitarite|SandStream|RockSlide,KnockOff,HighHorsepower,Protect|Jolly||F|||50|]Staraptor||Staraptite|Intimidate|BraveBird,CloseCombat,Tailwind,Protect|Jolly||F|||50|]Excadrill||FocusSash|SandRush|HighHorsepower,IronHead,RockSlide,Protect|Adamant||F|||50|]Gholdengo||LifeOrb|GoodasGold|MakeItRain,ShadowBall,NastyPlot,Protect|Modest|||||50|]Milotic||SitrusBerry|Competitive|Protect,Scald,IcyWind,IceBeam|Modest||M|||50|]Sinistcha||ColburBerry|Hospitality|MatchaGotcha,RagePowder,ShadowBall,Protect|Bold|||||50|
|showteam|p2|Charizard||CharizarditeY|Blaze|HeatWave,WeatherBall,SolarBeam,Protect|Modest||F|||50|]Whimsicott||FocusSash|Prankster|Moonblast,Encore,Tailwind,Protect|Timid||M|||50|]Basculegion||LifeOrb|Adaptability|WaveCrash,LastRespects,AquaJet,Protect|Adamant||M|||50|]Garchomp||SitrusBerry|RoughSkin|Protect,Earthquake,RockSlide,DragonClaw|Adamant||M|||50|]Kingambit||BlackGlasses|Defiant|KowtowCleave,IronHead,SuckerPunch,Protect|Adamant||F|||50|]Floette-Eternal||Floettite|FlowerVeil|Moonblast,DazzlingGleam,HelpingHand,Protect|Modest||F|||50|
|
|t:|1786056733
|teamsize|p1|4
|teamsize|p2|4
|start
|switch|p1a: Miguel SVC|Staraptor, L50, F, shiny|100/100
|switch|p1b: Triple T|Gholdengo, L50|100/100
|switch|p2a: Whimsicott|Whimsicott, L50, M, shiny|100/100
|switch|p2b: Basculegion|Basculegion, L50, M, shiny|100/100
|-ability|p1a: Miguel SVC|Intimidate|boost
|-unboost|p2a: Whimsicott|atk|1
|-unboost|p2b: Basculegion|atk|1
|turn|1
|
|t:|1786056742
|move|p2a: Whimsicott|Tailwind|p2a: Whimsicott
|-sidestart|p2: master 792|move: Tailwind
|move|p2b: Basculegion|Wave Crash|p1b: Triple T
|-damage|p1b: Triple T|38/100
|-damage|p2b: Basculegion|80/100|[from] Recoil
|-damage|p2b: Basculegion|70/100|[from] item: Life Orb
|move|p1a: Miguel SVC|Brave Bird|p2a: Whimsicott
|-supereffective|p2a: Whimsicott|1
|-enditem|p2a: Whimsicott|Focus Sash
|-damage|p2a: Whimsicott|1/100
|-damage|p1a: Miguel SVC|76/100|[from] Recoil
|move|p1b: Triple T|Shadow Ball|p2b: Basculegion
|-supereffective|p2b: Basculegion|1
|-damage|p2b: Basculegion|0 fnt
|faint|p2b: Basculegion
|-damage|p1b: Triple T|28/100|[from] item: Life Orb
|
|upkeep
|
|t:|1786056747
|switch|p2b: Charizard|Charizard, L50, F|100/100
|turn|2
|
|t:|1786056758
|switch|p1a: Bugaboo|Milotic, L50, M|100/100
|detailschange|p2b: Charizard|Charizard-Mega-Y, L50, F
|-mega|p2b: Charizard|Charizard|Charizardite Y
|-weather|SunnyDay|[from] ability: Drought|[of] p2b: Charizard
|move|p1b: Triple T|Protect|p1b: Triple T
|-singleturn|p1b: Triple T|Protect
|move|p2a: Whimsicott|Moonblast|p1a: Bugaboo
|-damage|p1a: Bugaboo|72/100
|move|p2b: Charizard|Heat Wave|p1b: Triple T|[spread] p1a
|-activate|p1b: Triple T|move: Protect
|-resisted|p1a: Bugaboo|1
|-crit|p1a: Bugaboo
|-damage|p1a: Bugaboo|37/100
|-status|p1a: Bugaboo|brn
|-enditem|p1a: Bugaboo|Sitrus Berry|[eat]
|-heal|p1a: Bugaboo|62/100 brn|[from] item: Sitrus Berry
|
|-weather|SunnyDay|[upkeep]
|-damage|p1a: Bugaboo|56/100 brn|[from] brn
|upkeep
|turn|3
|
|t:|1786056770
|switch|p1b: Floppavs|Tyranitar, L50, F|100/100
|-weather|Sandstorm|[from] ability: Sand Stream|[of] p1b: Floppavs
|move|p2a: Whimsicott|Protect|p2a: Whimsicott
|-singleturn|p2a: Whimsicott|Protect
|move|p2b: Charizard|Heat Wave|p1a: Bugaboo|[spread] p1a
|-miss|p2b: Charizard|p1b: Floppavs
|-resisted|p1a: Bugaboo|1
|-damage|p1a: Bugaboo|40/100 brn
|move|p1a: Bugaboo|Scald|p2b: Charizard
|-supereffective|p2b: Charizard|1
|-damage|p2b: Charizard|43/100
|
|-weather|Sandstorm|[upkeep]
|-damage|p2a: Whimsicott|0 fnt|[from] Sandstorm
|-damage|p2b: Charizard|37/100|[from] Sandstorm
|-damage|p1a: Bugaboo|34/100 brn|[from] Sandstorm
|faint|p2a: Whimsicott
|-damage|p1a: Bugaboo|28/100 brn|[from] brn
|upkeep
|
|t:|1786056774
|switch|p2a: Garchomp|Garchomp, L50, M, shiny|100/100
|turn|4
|
|t:|1786056788
|move|p1b: Floppavs|Protect|p1b: Floppavs
|-singleturn|p1b: Floppavs|Protect
|move|p2a: Garchomp|Earthquake|p1a: Bugaboo|[spread] p1a
|-activate|p1b: Floppavs|move: Protect
|-immune|p2b: Charizard
|-damage|p1a: Bugaboo|0 fnt
|faint|p1a: Bugaboo
|move|p2b: Charizard|Weather Ball|p1b: Floppavs
|-activate|p1b: Floppavs|move: Protect
|
|-weather|Sandstorm|[upkeep]
|-damage|p2b: Charizard|31/100|[from] Sandstorm
|-sideend|p2: master 792|move: Tailwind
|upkeep
|
|t:|1786056791
|switch|p1a: Miguel SVC|Staraptor, L50, F, shiny|76/100
|-ability|p1a: Miguel SVC|Intimidate|boost
|-unboost|p2a: Garchomp|atk|1
|-unboost|p2b: Charizard|atk|1
|turn|5
|
|t:|1786056798
|detailschange|p1a: Miguel SVC|Staraptor-Mega, L50, F, shiny
|-mega|p1a: Miguel SVC|Staraptor|Staraptite
|move|p1a: Miguel SVC|Tailwind|p1a: Miguel SVC
|-sidestart|p1: luxerna|move: Tailwind
|move|p1b: Floppavs|Knock Off|p2a: Garchomp
|-damage|p2a: Garchomp|58/100
|-damage|p1b: Floppavs|87/100|[from] ability: Rough Skin|[of] p2a: Garchomp
|-enditem|p2a: Garchomp|Sitrus Berry|[from] move: Knock Off|[of] p1b: Floppavs
|move|p2a: Garchomp|Earthquake|p1b: Floppavs|[spread] p1b
|-immune|p2b: Charizard
|-immune|p1a: Miguel SVC
|-supereffective|p1b: Floppavs|1
|-damage|p1b: Floppavs|46/100
|move|p2b: Charizard|Weather Ball|p1a: Miguel SVC
|-damage|p1a: Miguel SVC|40/100
|
|-weather|Sandstorm|[upkeep]
|-damage|p1a: Miguel SVC|34/100|[from] Sandstorm
|-damage|p2b: Charizard|26/100|[from] Sandstorm
|upkeep
|turn|6
|
|t:|1786056806
|move|p1a: Miguel SVC|Close Combat|p2a: Garchomp
|-damage|p2a: Garchomp|11/100
|-boost|p1a: Miguel SVC|def|1
|-boost|p1a: Miguel SVC|spd|1
|-damage|p1a: Miguel SVC|22/100|[from] ability: Rough Skin|[of] p2a: Garchomp
|move|p1b: Floppavs|Rock Slide|p2b: Charizard|[spread] p2a,p2b
|-resisted|p2a: Garchomp|1
|-supereffective|p2b: Charizard|2
|-damage|p2a: Garchomp|0 fnt
|-damage|p2b: Charizard|0 fnt
|faint|p2a: Garchomp
|faint|p2b: Charizard
|
|win|luxerna
||master 792 is ready for game 2.
|l|☆luxerna
|player|p1|
||luxerna is ready for game 2.
|uhtml|next|Next: Game 2 of 3
|l|☆master 792
|player|p2|
|j|☆luxerna
|player|p1|luxerna|riley|
