|j|☆filipwonderchild2
|j|☆CrawlingKingSnake
|html|filipwonderchild2CrawlingKingSnake    
|uhtml|bestof|Game 3 of a best-of-3
|t:|1784834532
|gametype|doubles
|player|p1|filipwonderchild2|101|1066
|player|p2|CrawlingKingSnake|kamado-armor|1043
|gen|9
|tier|[Gen 9 Champions] VGC 2026 Reg M-B (Bo3)
|rated|
|rule|Species Clause: Limit one of each Pokémon
|rule|Item Clause: Limit 1 of each item
|clearpoke
|poke|p1|Staraptor, L50, F|
|poke|p1|Froslass, L50, F|
|poke|p1|Kingambit, L50, M|
|poke|p1|Toxapex, L50, M|
|poke|p1|Garchomp, L50, M|
|poke|p1|Incineroar, L50, M|
|poke|p2|Floette-Eternal, L50, F|
|poke|p2|Palafin, L50, M, shiny|
|poke|p2|Incineroar, L50, F|
|poke|p2|Toxapex, L50, F|
|poke|p2|Delphox, L50, F|
|poke|p2|Kingambit, L50, F|
|teampreview|4
|showteam|p1|Staraptor||Staraptite|Intimidate|CloseCombat,BraveBird,Tailwind,Protect|Adamant||F|||50|]Froslass||Froslassite|CursedBody|Blizzard,ShadowBall,AuroraVeil,Protect|Modest||F|||50|]Kingambit||BlackGlasses|Defiant|KowtowCleave,SuckerPunch,SwordsDance,Protect|Adamant||M|||50|]Toxapex||Leftovers|Regenerator|Infestation,WideGuard,Toxic,BanefulBunker|Bold||M|||50|]Garchomp||LifeOrb|RoughSkin|DragonClaw,Earthquake,RockSlide,Protect|Jolly||M|||50|]Incineroar||SitrusBerry|Intimidate|FlareBlitz,PartingShot,ThroatChop,FakeOut|Careful||M|||50|
|showteam|p2|Floette-Eternal||Floettite|FlowerVeil|DazzlingGleam,DrainingKiss,CalmMind,Protect|Modest||F|||50|]Palafin||LifeOrb|ZerotoHero|WaveCrash,JetPunch,CloseCombat,Protect|Adamant||M|||50|]Incineroar||SitrusBerry|Intimidate|FlareBlitz,FakeOut,DarkestLariat,PartingShot|Careful||F|||50|]Toxapex||Leftovers|Regenerator|Infestation,Toxic,WideGuard,BanefulBunker|Bold||F|||50|]Delphox||Delphoxite|Blaze|HeatWave,Psychic,NastyPlot,Protect|Timid||F|||50|]Kingambit||FocusSash|Defiant|KowtowCleave,SuckerPunch,IronHead,LowKick|Adamant||F|||50|
|inactive|Battle timer is ON: inactive players will automatically lose when time's up. (requested by CrawlingKingSnake)
|inactive|filipwonderchild2 has 60 seconds left.
|
|t:|1784834578
|teamsize|p1|4
|teamsize|p2|4
|start
|switch|p1a: Toxapex|Toxapex, L50, M|100/100
|switch|p1b: Kingambit|Kingambit, L50, M|100/100
|switch|p2a: Kingambit|Kingambit, L50, F|100/100
|switch|p2b: Palafin|Palafin, L50, M, shiny|100/100
|turn|1
|
|t:|1784834602
|detailschange|p2b: Palafin|Palafin-Hero, L50, M, shiny
|switch|p2b: Toxapex|Toxapex, L50, F|100/100
|move|p1b: Kingambit|Protect|p1b: Kingambit
|-singleturn|p1b: Kingambit|Protect
|move|p2a: Kingambit|Low Kick|p1b: Kingambit
|-activate|p1b: Kingambit|move: Protect
|move|p1a: Toxapex|Infestation|p2a: Kingambit
|-damage|p2a: Kingambit|96/100
|-activate|p2a: Kingambit|move: Infestation|[of] p1a: Toxapex
|
|-damage|p2a: Kingambit|83/100|[from] move: Infestation|[partiallytrapped]
|upkeep
|turn|2
|
|t:|1784834619
|switch|p1b: Froslass|Froslass, L50, F|100/100
|move|p2a: Kingambit|Low Kick|p1b: Froslass
|-immune|p1b: Froslass
|move|p1a: Toxapex|Infestation|p2b: Toxapex
|-resisted|p2b: Toxapex|1
|-damage|p2b: Toxapex|98/100
|-activate|p2b: Toxapex|move: Infestation|[of] p1a: Toxapex
|move|p2b: Toxapex|Infestation|p1a: Toxapex
|-resisted|p1a: Toxapex|1
|-damage|p1a: Toxapex|98/100
|-activate|p1a: Toxapex|move: Infestation|[of] p2b: Toxapex
|
|-heal|p1a: Toxapex|100/100|[from] item: Leftovers
|-heal|p2b: Toxapex|100/100|[from] item: Leftovers
|-damage|p2a: Kingambit|71/100|[from] move: Infestation|[partiallytrapped]
|-damage|p1a: Toxapex|87/100|[from] move: Infestation|[partiallytrapped]
|-damage|p2b: Toxapex|87/100|[from] move: Infestation|[partiallytrapped]
|upkeep
|turn|3
|inactive|filipwonderchild2 has 30 seconds left.
|
|t:|1784834645
|move|p1b: Froslass|Protect|p1b: Froslass
|-singleturn|p1b: Froslass|Protect
|move|p2a: Kingambit|Kowtow Cleave|p1a: Toxapex
|-damage|p1a: Toxapex|55/100
|move|p2b: Toxapex|Toxic|p1b: Froslass
|-activate|p1b: Froslass|move: Protect
|move|p1a: Toxapex|Toxic|p2b: Toxapex
|-immune|p2b: Toxapex
|
|-heal|p1a: Toxapex|61/100|[from] item: Leftovers
|-heal|p2b: Toxapex|93/100|[from] item: Leftovers
|-damage|p2a: Kingambit|58/100|[from] move: Infestation|[partiallytrapped]
|-damage|p2b: Toxapex|81/100|[from] move: Infestation|[partiallytrapped]
|-damage|p1a: Toxapex|49/100|[from] move: Infestation|[partiallytrapped]
|upkeep
|turn|4
|inactive|CrawlingKingSnake has 30 seconds left.
|
|t:|1784834677
|switch|p1b: Kingambit|Kingambit, L50, M|100/100
|move|p1a: Toxapex|Baneful Bunker|p1a: Toxapex
|-singleturn|p1a: Toxapex|move: Protect
|move|p2a: Kingambit|Kowtow Cleave|p1b: Kingambit
|-resisted|p1b: Kingambit|1
|-damage|p1b: Kingambit|81/100
|move|p2b: Toxapex|Toxic|p1b: Kingambit
|-immune|p1b: Kingambit
|
|-heal|p1a: Toxapex|54/100|[from] item: Leftovers
|-heal|p2b: Toxapex|87/100|[from] item: Leftovers
|-damage|p2a: Kingambit|46/100|[from] move: Infestation|[partiallytrapped]
|-damage|p1a: Toxapex|42/100|[from] move: Infestation|[partiallytrapped]
|-damage|p2b: Toxapex|75/100|[from] move: Infestation|[partiallytrapped]
|upkeep
|turn|5
|
|t:|1784834702
|move|p1b: Kingambit|Protect|p1b: Kingambit
|-singleturn|p1b: Kingambit|Protect
|move|p2a: Kingambit|Kowtow Cleave|p1a: Toxapex
|-damage|p1a: Toxapex|4/100
|move|p1a: Toxapex|Infestation|p2a: Kingambit
|-damage|p2a: Kingambit|42/100
|move|p2b: Toxapex|Infestation|p1b: Kingambit
|-activate|p1b: Kingambit|move: Protect
|
|-heal|p1a: Toxapex|10/100|[from] item: Leftovers
|-heal|p2b: Toxapex|80/100|[from] item: Leftovers
|-damage|p2a: Kingambit|30/100|[from] move: Infestation|[partiallytrapped]
|-damage|p1a: Toxapex|0 fnt|[from] move: Infestation|[partiallytrapped]
|faint|p1a: Toxapex
|-end|p2b: Toxapex|Infestation|[partiallytrapped]|[silent]
|upkeep
|
|t:|1784834717
|switch|p1a: Garchomp|Garchomp, L50, M|100/100
|turn|6
|
|t:|1784834736
|switch|p2a: Floette|Floette-Eternal, L50, F|100/100
|move|p2b: Toxapex|Wide Guard|p2b: Toxapex
|-singleturn|p2b: Toxapex|Wide Guard
|move|p1a: Garchomp|Dragon Claw|p2a: Floette
|-immune|p2a: Floette
|move|p1b: Kingambit|Swords Dance|p1b: Kingambit
|-boost|p1b: Kingambit|atk|2
|
|-heal|p2b: Toxapex|86/100|[from] item: Leftovers
|upkeep
|turn|7
|
|t:|1784834756
|detailschange|p2a: Floette|Floette-Mega, L50, F
|-mega|p2a: Floette|Floette|Floettite
|-ability|p2a: Floette|Fairy Aura
|move|p1b: Kingambit|Protect|p1b: Kingambit
|-singleturn|p1b: Kingambit|Protect
|move|p1a: Garchomp|Dragon Claw|p2b: Toxapex
|-damage|p2b: Toxapex|49/100
|-damage|p1a: Garchomp|90/100|[from] item: Life Orb
|move|p2a: Floette|Dazzling Gleam|p1b: Kingambit|[spread] p1a
|-activate|p1b: Kingambit|move: Protect
|-supereffective|p1a: Garchomp|1
|-damage|p1a: Garchomp|0 fnt
|faint|p1a: Garchomp
|move|p2b: Toxapex|Infestation|p1b: Kingambit
|-activate|p1b: Kingambit|move: Protect
|
|-heal|p2b: Toxapex|55/100|[from] item: Leftovers
|upkeep
|
|t:|1784834773
|switch|p1a: Froslass|Froslass, L50, F|100/100
|turn|8
|inactive|CrawlingKingSnake has 30 seconds left.
|inactive|CrawlingKingSnake has 20 seconds left.
|inactive|CrawlingKingSnake has 15 seconds left.
|inactive|CrawlingKingSnake has 10 seconds left.
|
|t:|1784834818
|detailschange|p1a: Froslass|Froslass-Mega, L50, F
|-mega|p1a: Froslass|Froslass|Froslassite
|-weather|Snowscape|[from] ability: Snow Warning|[of] p1a: Froslass
|move|p1b: Kingambit|Sucker Punch|p2a: Floette
|-resisted|p2a: Floette|1
|-damage|p2a: Floette|49/100
|move|p1a: Froslass|Shadow Ball|p2a: Floette
|-damage|p2a: Floette|10/100
|move|p2a: Floette|Dazzling Gleam|p1a: Froslass|[spread] p1a,p1b
|-damage|p1a: Froslass|48/100
|-damage|p1b: Kingambit|39/100
|move|p2b: Toxapex|Toxic|p1a: Froslass
|-status|p1a: Froslass|tox
|
|-weather|Snowscape|[upkeep]
|-heal|p2b: Toxapex|61/100|[from] item: Leftovers
|-damage|p1a: Froslass|42/100 tox|[from] psn
|upkeep
|turn|9
|
|t:|1784834835
|move|p2a: Floette|Protect|p2a: Floette
|-singleturn|p2a: Floette|Protect
|move|p1a: Froslass|Shadow Ball|p2b: Toxapex
|-damage|p2b: Toxapex|24/100
|move|p1b: Kingambit|Kowtow Cleave|p2a: Floette
|-activate|p2a: Floette|move: Protect
|move|p2b: Toxapex|Infestation|p1b: Kingambit
|-damage|p1b: Kingambit|36/100
|-activate|p1b: Kingambit|move: Infestation|[of] p2b: Toxapex
|
|-weather|Snowscape|[upkeep]
|-heal|p2b: Toxapex|30/100|[from] item: Leftovers
|-damage|p1a: Froslass|30/100 tox|[from] psn
|-damage|p1b: Kingambit|24/100|[from] move: Infestation|[partiallytrapped]
|upkeep
|turn|10
|
|t:|1784834855
|move|p2b: Toxapex|Baneful Bunker|p2b: Toxapex
|-singleturn|p2b: Toxapex|move: Protect
|move|p1a: Froslass|Shadow Ball|p2a: Floette
|-damage|p2a: Floette|0 fnt
|faint|p2a: Floette
|move|p1b: Kingambit|Kowtow Cleave|p2b: Toxapex
|-activate|p2b: Toxapex|move: Protect
|
|-weather|Snowscape|[upkeep]
|-heal|p2b: Toxapex|36/100|[from] item: Leftovers
|-damage|p1a: Froslass|12/100 tox|[from] psn
|-damage|p1b: Kingambit|11/100|[from] move: Infestation|[partiallytrapped]
|upkeep
|
|t:|1784834859
|switch|p2a: Palafin|Palafin-Hero, L50, M, shiny|100/100
|-activate|p2a: Palafin|ability: Zero to Hero
|turn|11
|
|t:|1784834875
|move|p2a: Palafin|Jet Punch|p1b: Kingambit
|-damage|p1b: Kingambit|0 fnt
|faint|p1b: Kingambit
|-damage|p2a: Palafin|90/100|[from] item: Life Orb
|move|p1a: Froslass|Blizzard|p2a: Palafin|[spread] p2a,p2b
|-resisted|p2a: Palafin|1
|-resisted|p2b: Toxapex|1
|-damage|p2a: Palafin|59/100
|-damage|p2b: Toxapex|15/100
|move|p2b: Toxapex|Infestation|p1a: Froslass
|-resisted|p1a: Froslass|1
|-damage|p1a: Froslass|10/100 tox
|-activate|p1a: Froslass|move: Infestation|[of] p2b: Toxapex
|
|-weather|Snowscape|[upkeep]
|-heal|p2b: Toxapex|21/100|[from] item: Leftovers
|-damage|p1a: Froslass|0 fnt|[from] psn
|faint|p1a: Froslass
|
|win|CrawlingKingSnake
|raw|filipwonderchild2's rating: 1066 → 1045(-21 for losing)
|raw|CrawlingKingSnake's rating: 1043 → 1079(+36 for winning)
