|j|☆Isam_26011
|j|☆okkoso
|html|Isam_26011okkoso    
|uhtml|bestof|Game 1 of a best-of-3
|t:|1756961545
|gametype|doubles
|player|p1|Isam_26011|n|1000
|player|p2|okkoso|waiter-gen4dp|1000
|gen|9
|tier|[Gen 9] VGC 2025 Reg H (Bo3)
|rated|
|rule|Species Clause: Limit one of each Pokémon
|rule|Item Clause: Limit 1 of each item
|clearpoke
|poke|p1|Indeedee-F, L50, F|
|poke|p1|Hatterene, L50, F|
|poke|p1|Gallade, L50, M|
|poke|p1|Ursaluna, L50, M|
|poke|p1|Sunflora, L50, M|
|poke|p1|Torkoal, L50, M|
|poke|p2|Politoed, L50, M|
|poke|p2|Gothitelle, L50, F|
|poke|p2|Incineroar, L50, F|
|poke|p2|Amoonguss, L50, M|
|poke|p2|Kingdra, L50, M|
|poke|p2|Archaludon, L50, F|
|teampreview|4
|showteam|p1|Indeedee-F||PsychicSeed|PsychicSurge|TrickRoom,FollowMe,HelpingHand,DazzlingGleam|||F|||50|,,,,,Fire]Hatterene||LifeOrb|MagicBounce|ExpandingForce,TrickRoom,DazzlingGleam,Protect|||F|||50|,,,,,Psychic]Gallade||ClearAmulet|Sharpness|PsychoCut,TrickRoom,SacredSword,WideGuard|||M|||50|,,,,,Grass]Ursaluna||FlameOrb|Guts|HeadlongRush,Facade,SwordsDance,Protect|||M|||50|,,,,,Ghost]Sunflora||AssaultVest|SolarPower|EnergyBall,WeatherBall,SludgeBomb,EarthPower|||M|||50|,,,,,Fire]Torkoal||ChoiceSpecs|Drought|Eruption,HeatWave,WeatherBall,EarthPower|||M|||50|,,,,,Fire
|showteam|p2|Politoed||Leftovers|Drizzle|Protect,WeatherBall,PerishSong,Encore|||M|||50|,,,,,Grass]Gothitelle||SitrusBerry|ShadowTag|Protect,Psychic,FakeOut,TrickRoom|||F|||50|,,,,,Dark]Incineroar||SafetyGoggles|Intimidate|Protect,KnockOff,FakeOut,PartingShot|||F|||50|,,,,,Ghost]Amoonguss||EjectButton|Regenerator|Protect,RagePowder,PollenPuff,Spore|||M|||50|,,,,,Fairy]Kingdra||LifeOrb|SwiftSwim|Protect,WeatherBall,DracoMeteor,MuddyWater|||M|||50|,,,,,Stellar]Archaludon||PowerHerb|Sturdy|Protect,ElectroShot,DragonPulse,FlashCannon|||F|||50|,,,,,Electric
|c|☆Isam_26011|Hi
|c|☆Isam_26011|gl hf
|
|t:|1756961584
|teamsize|p1|4
|teamsize|p2|4
|start
|switch|p1a: Paty|Indeedee-F, L50, F, shiny|100/100
|switch|p1b: Acelga|Hatterene, L50, F, shiny|100/100
|switch|p2a: Politoed|Politoed, L50, M|100/100
|switch|p2b: Kingdra|Kingdra, L50, M|100/100
|-weather|RainDance|[from] ability: Drizzle|[of] p2a: Politoed
|-fieldstart|move: Psychic Terrain|[from] ability: Psychic Surge|[of] p1a: Paty
|-enditem|p1a: Paty|Psychic Seed
|-boost|p1a: Paty|spd|1|[from] item: Psychic Seed
|turn|1
|
|t:|1756961602
|move|p1b: Acelga|Protect|p1b: Acelga
|-singleturn|p1b: Acelga|Protect
|move|p2b: Kingdra|Muddy Water|p1a: Paty|[spread] p1a
|-activate|p1b: Acelga|move: Protect
|-damage|p1a: Paty|62/100
|-damage|p2b: Kingdra|91/100|[from] item: Life Orb
|move|p2a: Politoed|Perish Song|p2a: Politoed
|-start|p1a: Paty|perish3|[silent]
|-start|p1b: Acelga|perish3|[silent]
|-start|p2a: Politoed|perish3|[silent]
|-start|p2b: Kingdra|perish3|[silent]
|-fieldactivate|move: Perish Song
|move|p1a: Paty|Trick Room|p1a: Paty
|-fieldstart|move: Trick Room|[of] p1a: Paty
|
|-weather|RainDance|[upkeep]
|-start|p1b: Acelga|perish3
|-start|p1a: Paty|perish3
|-start|p2a: Politoed|perish3
|-start|p2b: Kingdra|perish3
|upkeep
|turn|2
|
|t:|1756961619
|switch|p2a: Incineroar|Incineroar, L50, F|100/100
|-ability|p2a: Incineroar|Intimidate|boost
|-unboost|p1a: Paty|atk|1
|-unboost|p1b: Acelga|atk|1
|switch|p2b: Archaludon|Archaludon, L50, F|100/100
|move|p1a: Paty|Helping Hand|p1b: Acelga
|-singleturn|p1b: Acelga|Helping Hand|[of] p1a: Paty
|move|p1b: Acelga|Expanding Force|p2a: Incineroar|[spread] p2b
|-immune|p2a: Incineroar
|-resisted|p2b: Archaludon
|-ability|p2b: Archaludon|Sturdy
|-damage|p2b: Archaludon|1/100
|-damage|p1b: Acelga|91/100|[from] item: Life Orb
|
|-weather|RainDance|[upkeep]
|-start|p1b: Acelga|perish2
|-start|p1a: Paty|perish2
|upkeep
|turn|3
|
|t:|1756961647
|move|p1a: Paty|Helping Hand|p1b: Acelga
|-singleturn|p1b: Acelga|Helping Hand|[of] p1a: Paty
|move|p1b: Acelga|Dazzling Gleam|p2a: Incineroar|[spread] p2a,p2b
|-crit|p2a: Incineroar
|-damage|p2a: Incineroar|27/100
|-damage|p2b: Archaludon|0 fnt
|faint|p2b: Archaludon
|-damage|p1b: Acelga|82/100|[from] item: Life Orb
|move|p2a: Incineroar|Knock Off|p1a: Paty
|-supereffective|p1a: Paty
|-damage|p1a: Paty|15/100
|
|-weather|RainDance|[upkeep]
|-start|p1b: Acelga|perish1
|-start|p1a: Paty|perish1
|upkeep
|
|t:|1756961662
|switch|p2b: Kingdra|Kingdra, L50, M|91/100
|turn|4
|
|t:|1756961668
|switch|p1b: GOD|Sunflora, L50, M|100/100
|switch|p1a: Mbappe|Torkoal, L50, M, shiny|100/100
|-weather|SunnyDay|[from] ability: Drought|[of] p1a: Mbappe
|move|p2a: Incineroar|Protect|p2a: Incineroar
|-singleturn|p2a: Incineroar|Protect
|move|p2b: Kingdra|Protect||[still]
|-fail|p2b: Kingdra
|
|-weather|SunnyDay|[upkeep]
|-damage|p1b: GOD|88/100|[from] ability: Solar Power|[of] p1b: GOD
|upkeep
|turn|5
|
|t:|1756961684
|move|p2a: Incineroar|Fake Out||[still]
|-hint|Fake Out only works on your first turn out.
|-fail|p2a: Incineroar
|move|p1a: Mbappe|Eruption|p2b: Kingdra|[spread] p2a,p2b
|-resisted|p2a: Incineroar
|-resisted|p2b: Kingdra
|-crit|p2b: Kingdra
|-damage|p2a: Incineroar|0 fnt
|-damage|p2b: Kingdra|36/100
|faint|p2a: Incineroar
|move|p1b: GOD|Energy Ball|p2b: Kingdra
|-damage|p2b: Kingdra|0 fnt
|faint|p2b: Kingdra
|
|-weather|SunnyDay|[upkeep]
|-damage|p1b: GOD|76/100|[from] ability: Solar Power|[of] p1b: GOD
|-fieldend|move: Trick Room
|-fieldend|move: Psychic Terrain
|upkeep
|-message|okkoso forfeited.
|
|win|Isam_26011
|l|☆okkoso
|player|p2|
|raw|Isam_26011's rating: 1000 → 1040(+40 for winning)
|raw|okkoso's rating: 1000 → 1000(+0 for losing)
|c|☆Isam_26011|VAMOS CARAJO
