|j|☆Spasio
|j|☆GalaxyGlace
|html|SpasioGalaxyGlace    
|uhtml|bestof|Game 1 of a best-of-3
|t:|1757701709
|gametype|doubles
|player|p1|Spasio|n|
|player|p2|GalaxyGlace|266|
|gen|9
|tier|[Gen 9] VGC 2025 Reg H (Bo3)
|rule|Species Clause: Limit one of each Pokémon
|rule|Item Clause: Limit 1 of each item
|clearpoke
|poke|p1|Primarina, L50, F|
|poke|p1|Sylveon, L50, M|
|poke|p1|Indeedee, L50, M|
|poke|p1|Meowscarada, L50, F|
|poke|p1|Sneasler, L50, M|
|poke|p1|Decidueye-Hisui, L50, M|
|poke|p2|Gholdengo, L50|
|poke|p2|Sneasler, L50, M|
|poke|p2|Rillaboom, L50, F|
|poke|p2|Dragonite, L50, M|
|poke|p2|Ninetales-Alola, L50, F|
|poke|p2|Arcanine-Hisui, L50, F|
|teampreview|4
|showteam|p1|Primarina||LifeOrb|LiquidVoice|WaterPledge,HyperVoice,Moonblast,Protect|||F|||50|,,,,,Steel]Sylveon||ChoiceSpecs|Pixilate|HyperVoice,ShadowBall,HyperBeam,Psychic|||M|||50|,,,,,Ghost]Indeedee||SafetyGoggles|PsychicSurge|ExpandingForce,TeraBlast,TrickRoom,Imprison|||M|||50|,,,,,Fire]Meowscarada||FocusSash|Overgrow|KnockOff,FlowerTrick,Protect,GrassPledge|||F|||50|,,,,,Fairy]Sneasler||PsychicSeed|Unburden|DireClaw,Acrobatics,CloseCombat,Protect|||M|||50|,,,,,Grass]Decidueye-Hisui||RazorClaw|Scrappy|TripleArrows,Haze,LeafBlade,Protect|||M|||50|,,,,,Fire
|showteam|p2|Gholdengo||GrassySeed|GoodasGold|NastyPlot,MakeItRain,ShadowBall,Protect||||||50|,,,,,Water]Sneasler||WhiteHerb|Unburden|CloseCombat,DireClaw,Coaching,Protect|||M|||50|,,,,,Ghost]Rillaboom||AssaultVest|GrassySurge|FakeOut,GrassyGlide,DrumBeating,HighHorsepower|||F|||50|,,,,,Fire]Dragonite||LoadedDice|Multiscale|ScaleShot,StompingTantrum,Tailwind,Protect|||M|||50|,,,,,Ground]Ninetales-Alola||FocusSash|SnowWarning|Blizzard,IcyWind,Encore,AuroraVeil|||F|||50|,,,,,Ghost]Arcanine-Hisui||ClearAmulet|Intimidate|RockSlide,FlareBlitz,ExtremeSpeed,Protect|||F|||50|,,,,,Water
|inactive|Battle timer is ON: inactive players will automatically lose when time's up. (requested by Spasio)
|inactive|GalaxyGlace has 60 seconds left.
|inactiveoff|Battle timer is now OFF.
|
|t:|1757701769
|teamsize|p1|4
|teamsize|p2|4
|start
|switch|p1a: Primarina|Primarina, L50, F, shiny|100/100
|switch|p1b: Meowscarada|Meowscarada, L50, F, shiny|100/100
|switch|p2a: Sneasler|Sneasler, L50, M|100/100
|switch|p2b: Rillaboom|Rillaboom, L50, F|100/100
|-fieldstart|move: Grassy Terrain|[from] ability: Grassy Surge|[of] p2b: Rillaboom
|turn|1
|
|t:|1757701785
|move|p1b: Meowscarada|Protect|p1b: Meowscarada
|-singleturn|p1b: Meowscarada|Protect
|move|p1a: Primarina|Protect|p1a: Primarina
|-singleturn|p1a: Primarina|Protect
|move|p2b: Rillaboom|Fake Out|p1b: Meowscarada
|-activate|p1b: Meowscarada|move: Protect
|move|p2a: Sneasler|Dire Claw|p1a: Primarina
|-activate|p1a: Primarina|move: Protect
|
|upkeep
|turn|2
|
|t:|1757701819
|move|p1b: Meowscarada|Grass Pledge|p2a: Sneasler
|-waiting|p1b: Meowscarada|p1a: Primarina
|move|p1a: Primarina|Water Pledge|p2a: Sneasler|[from] move: Grass Pledge
|-combine
|-resisted|p2a: Sneasler
|-damage|p2a: Sneasler|17/100
|-sidestart|p2: GalaxyGlace|Grass Pledge
|-damage|p1a: Primarina|91/100|[from] item: Life Orb
|move|p2a: Sneasler|Dire Claw|p1a: Primarina
|-supereffective|p1a: Primarina
|-damage|p1a: Primarina|0 fnt
|faint|p1a: Primarina
|move|p2b: Rillaboom|High Horsepower|p1b: Meowscarada|[miss]
|-miss|p2b: Rillaboom|p1b: Meowscarada
|
|-heal|p2a: Sneasler|23/100|[from] Grassy Terrain
|upkeep
|
|t:|1757701842
|switch|p1a: Decidueye|Decidueye-Hisui, L50, M, shiny|100/100
|turn|3
|
|t:|1757701868
|switch|p2b: Ninetales|Ninetales-Alola, L50, F|100/100
|-weather|Snowscape|[from] ability: Snow Warning|[of] p2b: Ninetales
|move|p2a: Sneasler|Protect|p2a: Sneasler
|-singleturn|p2a: Sneasler|Protect
|move|p1b: Meowscarada|Flower Trick|p2a: Sneasler
|-activate|p2a: Sneasler|move: Protect
|move|p1a: Decidueye|Triple Arrows|p2b: Ninetales
|-crit|p2b: Ninetales
|-damage|p2b: Ninetales|38/100
|-unboost|p2b: Ninetales|def|1
|
|-weather|Snowscape|[upkeep]
|-heal|p2b: Ninetales|44/100|[from] Grassy Terrain
|-heal|p2a: Sneasler|29/100|[from] Grassy Terrain
|upkeep
|turn|4
|
|t:|1757701894
|switch|p2a: Rillaboom|Rillaboom, L50, F|100/100
|move|p1b: Meowscarada|Flower Trick|p2a: Rillaboom
|-resisted|p2a: Rillaboom
|-crit|p2a: Rillaboom
|-damage|p2a: Rillaboom|70/100
|move|p1a: Decidueye|Triple Arrows|p2b: Ninetales
|-damage|p2b: Ninetales|0 fnt
|faint|p2b: Ninetales
|
|-weather|Snowscape|[upkeep]
|-heal|p2a: Rillaboom|76/100|[from] Grassy Terrain
|upkeep
|
|t:|1757701908
|switch|p2b: Sneasler|Sneasler, L50, M|29/100
|turn|5
|
|t:|1757701928
|move|p1b: Meowscarada|Protect|p1b: Meowscarada
|-singleturn|p1b: Meowscarada|Protect
|move|p1a: Decidueye|Protect|p1a: Decidueye
|-singleturn|p1a: Decidueye|Protect
|move|p2a: Rillaboom|Fake Out|p1b: Meowscarada
|-activate|p1b: Meowscarada|move: Protect
|move|p2b: Sneasler|Dire Claw|p1a: Decidueye
|-activate|p1a: Decidueye|move: Protect
|
|-weather|Snowscape|[upkeep]
|-heal|p2b: Sneasler|36/100|[from] Grassy Terrain
|-heal|p2a: Rillaboom|82/100|[from] Grassy Terrain
|-sideend|p2: GalaxyGlace|Grass Pledge
|-fieldend|move: Grassy Terrain
|upkeep
|turn|6
|
|t:|1757701948
|move|p2b: Sneasler|Protect|p2b: Sneasler
|-singleturn|p2b: Sneasler|Protect
|move|p1b: Meowscarada|Flower Trick|p2b: Sneasler
|-activate|p2b: Sneasler|move: Protect
|move|p2a: Rillaboom|Drum Beating|p1b: Meowscarada
|-resisted|p1b: Meowscarada
|-damage|p1b: Meowscarada|72/100
|-unboost|p1b: Meowscarada|spe|1
|move|p1a: Decidueye|Triple Arrows|p2a: Rillaboom
|-damage|p2a: Rillaboom|41/100
|
|-weather|Snowscape|[upkeep]
|upkeep
|turn|7
|
|t:|1757701977
|move|p1b: Meowscarada|Protect|p1b: Meowscarada
|-singleturn|p1b: Meowscarada|Protect
|move|p2b: Sneasler|Dire Claw|p1a: Decidueye
|-supereffective|p1a: Decidueye
|-damage|p1a: Decidueye|5/100
|-status|p1a: Decidueye|psn
|move|p2a: Rillaboom|Drum Beating|p1a: Decidueye
|-resisted|p1a: Decidueye
|-damage|p1a: Decidueye|0 fnt
|faint|p1a: Decidueye
|
|-weather|none
|upkeep
|
|t:|1757701987
|switch|p1a: Sylveon|Sylveon, L50, M|100/100
|turn|8
|
|t:|1757702018
|-terastallize|p1a: Sylveon|Ghost
|move|p1b: Meowscarada|Protect||[still]
|-fail|p1b: Meowscarada
|move|p2b: Sneasler|Close Combat|p1b: Meowscarada
|-supereffective|p1b: Meowscarada
|-damage|p1b: Meowscarada|0 fnt
|-unboost|p2b: Sneasler|def|1
|-unboost|p2b: Sneasler|spd|1
|faint|p1b: Meowscarada
|-enditem|p2b: Sneasler|White Herb
|-clearnegativeboost|p2b: Sneasler|[silent]
|move|p2a: Rillaboom|Drum Beating|p1a: Sylveon
|-damage|p1a: Sylveon|51/100
|-unboost|p1a: Sylveon|spe|1
|move|p1a: Sylveon|Hyper Voice|p2b: Sneasler|[spread] p2a,p2b
|-damage|p2a: Rillaboom|0 fnt
|-damage|p2b: Sneasler|0 fnt
|faint|p2a: Rillaboom
|faint|p2b: Sneasler
|
|upkeep
|
|t:|1757702034
|switch|p2a: Gholdengo|Gholdengo, L50|100/100
|turn|9
|
|t:|1757702038
|move|p2a: Gholdengo|Shadow Ball|p1a: Sylveon
|-supereffective|p1a: Sylveon
|-damage|p1a: Sylveon|0 fnt
|faint|p1a: Sylveon
|
|win|GalaxyGlace
||Spasio is ready for game 2.
|inactive|GalaxyGlace has 30 seconds to confirm battle start!
||GalaxyGlace is ready for game 2.
|uhtml|next|Next: Game 2 of 3
