|j|☆DragonairJordan23
|j|☆FoulScowl
|html|DragonairJordan23FoulScowl    
|uhtml|bestof|Game 1 of a best-of-3
|t:|1785823507
|gametype|doubles
|player|p1|DragonairJordan23|dancer|1170
|player|p2|FoulScowl|grimsley|1168
|gen|9
|tier|[Gen 9 Champions] VGC 2026 Reg M-B (Bo3)
|rated|
|rule|Species Clause: Limit one of each Pokémon
|rule|Item Clause: Limit 1 of each item
|clearpoke
|poke|p1|Grimmsnarl, L50, M|
|poke|p1|Slowbro, L50, F|
|poke|p1|Glimmora, L50, M|
|poke|p1|Sinistcha, L50|
|poke|p1|Blaziken, L50, M|
|poke|p1|Kingambit, L50, F|
|poke|p2|Scrafty, L50, M|
|poke|p2|Delphox, L50, F|
|poke|p2|Sinistcha, L50|
|poke|p2|Rotom-Wash, L50|
|poke|p2|Metagross, L50|
|poke|p2|Ninetales-Alola, L50, F|
|teampreview|4
|showteam|p1|Grimmsnarl||LightClay|Prankster|FoulPlay,LightScreen,Reflect,PartingShot|Careful||M|||50|]Slowbro||Slowbronite|Regenerator|SlackOff,StoredPower,Scald,CalmMind|Relaxed||F|||50|]Glimmora||SitrusBerry|ToxicDebris|MortalSpin,PowerGem,EarthPower,SludgeBomb|Modest||M|||50|]Sinistcha||KasibBerry|Hospitality|Protect,MatchaGotcha,RagePowder,TrickRoom|Relaxed|||||50|]Blaziken||Blazikenite|SpeedBoost|CloseCombat,FlareBlitz,RockSlide,Protect|Adamant||M|||50|]Kingambit||FocusSash|Defiant|SuckerPunch,KowtowCleave,Protect,IronHead|Adamant||F|||50|
|showteam|p2|Scrafty||Scraftinite|Intimidate|KnockOff,DrainPunch,FakeOut,Detect|Adamant||M|||50|]Delphox||Delphoxite|Blaze|HeatWave,Psyshock,NastyPlot,Protect|Timid||F|||50|]Sinistcha||KasibBerry|Hospitality|MatchaGotcha,RagePowder,LifeDew,Protect|Sassy|||||50|]Rotom-Wash||ChoiceScarf|Levitate|HydroPump,Electroweb,WillOWisp,VoltSwitch|Modest|||||50|]Metagross||LifeOrb|ClearBody|MeteorMash,BulletPunch,RockTomb,Protect|Jolly|||||50|]Ninetales-Alola||NeverMeltIce|SnowWarning|Blizzard,FreezeDry,Moonblast,Protect|Timid||F|||50|
|
|t:|1785823576
|teamsize|p1|4
|teamsize|p2|4
|start
|switch|p1a: Sinistcha|Sinistcha, L50|100/100
|switch|p1b: Grimmsnarl|Grimmsnarl, L50, M|100/100
|switch|p2a: Scrafty|Scrafty, L50, M|100/100
|switch|p2b: Rotom|Rotom-Wash, L50|100/100
|-ability|p2a: Scrafty|Intimidate|boost
|-unboost|p1a: Sinistcha|atk|1
|-unboost|p1b: Grimmsnarl|atk|1
|turn|1
|
|t:|1785823600
|detailschange|p2a: Scrafty|Scrafty-Mega, L50, M
|-mega|p2a: Scrafty|Scrafty|Scraftinite
|-ability|p2a: Scrafty|Intimidate|boost
|-unboost|p1a: Sinistcha|atk|1
|-unboost|p1b: Grimmsnarl|atk|1
|move|p1b: Grimmsnarl|Light Screen|p1b: Grimmsnarl
|-sidestart|p1: DragonairJordan23|move: Light Screen
|move|p2b: Rotom|Volt Switch|p1b: Grimmsnarl
|-damage|p1b: Grimmsnarl|77/100
|
|t:|1785823607
|switch|p2b: Metagross|Metagross, L50|100/100|[from] Volt Switch
|move|p2a: Scrafty|Knock Off|p1a: Sinistcha
|-supereffective|p1a: Sinistcha|1
|-damage|p1a: Sinistcha|12/100
|-enditem|p1a: Sinistcha|Kasib Berry|[from] move: Knock Off|[of] p2a: Scrafty
|move|p1a: Sinistcha|Matcha Gotcha|p2b: Metagross|[spread] p2a,p2b
|-resisted|p2b: Metagross|1
|-damage|p2a: Scrafty|82/100
|-heal|p1a: Sinistcha|20/100y|[from] drain|[of] p2a: Scrafty
|-damage|p2b: Metagross|84/100
|-heal|p1a: Sinistcha|28/100|[from] drain|[of] p2b: Metagross
|
|upkeep
|turn|2
|
|t:|1785823626
|switch|p1a: Slowbro|Slowbro, L50, F|100/100
|move|p2b: Metagross|Bullet Punch|p1b: Grimmsnarl
|-supereffective|p1b: Grimmsnarl|1
|-damage|p1b: Grimmsnarl|22/100
|-damage|p2b: Metagross|74/100|[from] item: Life Orb
|move|p1b: Grimmsnarl|Reflect|p1b: Grimmsnarl
|-sidestart|p1: DragonairJordan23|Reflect
|move|p2a: Scrafty|Knock Off|p1a: Slowbro
|-supereffective|p1a: Slowbro|1
|-damage|p1a: Slowbro|65/100
|
|upkeep
|turn|3
|
|t:|1785823662
|detailschange|p1a: Slowbro|Slowbro-Mega, L50, F
|-mega|p1a: Slowbro|Slowbro|Slowbronite
|move|p2b: Metagross|Meteor Mash|p1b: Grimmsnarl
|-supereffective|p1b: Grimmsnarl|1
|-damage|p1b: Grimmsnarl|0 fnt
|faint|p1b: Grimmsnarl
|-damage|p2b: Metagross|64/100|[from] item: Life Orb
|move|p2a: Scrafty|Knock Off|p1a: Slowbro
|-supereffective|p1a: Slowbro|1
|-damage|p1a: Slowbro|45/100
|move|p1a: Slowbro|Calm Mind|p1a: Slowbro
|-boost|p1a: Slowbro|spa|1
|-boost|p1a: Slowbro|spd|1
|
|upkeep
|
|t:|1785823670
|switch|p1b: Sinistcha|Sinistcha, L50|28/100
|-heal|p1a: Slowbro|70/100|[from] ability: Hospitality|[of] p1b: Sinistcha
|turn|4
|
|t:|1785823680
|move|p1b: Sinistcha|Protect|p1b: Sinistcha
|-singleturn|p1b: Sinistcha|Protect
|move|p2b: Metagross|Meteor Mash|p1b: Sinistcha
|-activate|p1b: Sinistcha|move: Protect
|move|p2a: Scrafty|Knock Off|p1a: Slowbro
|-supereffective|p1a: Slowbro|1
|-damage|p1a: Slowbro|48/100
|move|p1a: Slowbro|Scald|p2b: Metagross
|-damage|p2b: Metagross|0 fnt
|faint|p2b: Metagross
|
|upkeep
|
|t:|1785823693
|switch|p2b: Rotom|Rotom-Wash, L50|100/100
|turn|5
|
|t:|1785823701
|switch|p1b: Glimmora|Glimmora, L50, M|100/100
|move|p2b: Rotom|Volt Switch|p1a: Slowbro
|-supereffective|p1a: Slowbro|1
|-damage|p1a: Slowbro|22/100
|
|t:|1785823706
|switch|p2b: Sinistcha|Sinistcha, L50|100/100|[from] Volt Switch
|-heal|p2a: Scrafty|100/100|[from] ability: Hospitality|[of] p2b: Sinistcha
|move|p2a: Scrafty|Knock Off|p1b: Glimmora
|-damage|p1b: Glimmora|66/100
|-activate|p1b: Glimmora|ability: Toxic Debris
|-sidestart|p2: FoulScowl|move: Toxic Spikes
|-enditem|p1b: Glimmora|Sitrus Berry|[from] move: Knock Off|[of] p2a: Scrafty
|move|p1a: Slowbro|Slack Off|p1a: Slowbro
|-heal|p1a: Slowbro|72/100
|
|upkeep
|turn|6
|
|t:|1785823722
|move|p1b: Glimmora|Mortal Spin|p2b: Sinistcha|[spread] p2a,p2b
|-damage|p2a: Scrafty|96/100
|-damage|p2b: Sinistcha|96/100
|-status|p2a: Scrafty|psn
|-status|p2b: Sinistcha|psn
|move|p2a: Scrafty|Drain Punch|p1b: Glimmora
|-damage|p1b: Glimmora|40/100
|-heal|p2a: Scrafty|100/100 psn|[from] drain|[of] p1b: Glimmora
|-activate|p1b: Glimmora|ability: Toxic Debris
|-sidestart|p2: FoulScowl|move: Toxic Spikes
|move|p2b: Sinistcha|Matcha Gotcha|p1a: Slowbro|[spread] p1a,p1b
|-supereffective|p1a: Slowbro|1
|-damage|p1a: Slowbro|55/100
|-heal|p2b: Sinistcha|100/100 psn|[from] drain|[of] p1a: Slowbro
|-damage|p1b: Glimmora|23/100
|-status|p1b: Glimmora|brn
|move|p1a: Slowbro|Slack Off|p1a: Slowbro
|-heal|p1a: Slowbro|100/100
|
|-damage|p2a: Scrafty|87/100 psn|[from] psn
|-damage|p2b: Sinistcha|87/100 psn|[from] psn
|-damage|p1b: Glimmora|17/100 brn|[from] brn
|upkeep
|turn|7
|
|t:|1785823760
|switch|p2b: Rotom|Rotom-Wash, L50|100/100
|move|p1b: Glimmora|Sludge Bomb|p2a: Scrafty
|-damage|p2a: Scrafty|57/100 psn
|move|p2a: Scrafty|Drain Punch|p1b: Glimmora
|-damage|p1b: Glimmora|0 fnt
|-heal|p2a: Scrafty|67/100 psn|[from] drain|[of] p1b: Glimmora
|faint|p1b: Glimmora
|move|p1a: Slowbro|Stored Power|p2b: Rotom
|-damage|p2b: Rotom|51/100
|
|-damage|p2a: Scrafty|55/100 psn|[from] psn
|upkeep
|
|t:|1785823773
|switch|p1b: Sinistcha|Sinistcha, L50|28/100
|turn|8
|
|t:|1785823790
|move|p1b: Sinistcha|Protect|p1b: Sinistcha
|-singleturn|p1b: Sinistcha|Protect
|move|p2b: Rotom|Volt Switch|p1a: Slowbro
|-supereffective|p1a: Slowbro|1
|-damage|p1a: Slowbro|76/100
|
|t:|1785823792
|switch|p2b: Sinistcha|Sinistcha, L50|87/100 psn|[from] Volt Switch
|-heal|p2a: Scrafty|80/100 psn|[from] ability: Hospitality|[of] p2b: Sinistcha
|move|p2a: Scrafty|Knock Off|p1b: Sinistcha
|-activate|p1b: Sinistcha|move: Protect
|move|p1a: Slowbro|Scald|p2a: Scrafty
|-damage|p2a: Scrafty|41/100 psn
|
|-damage|p2a: Scrafty|29/100 psn|[from] psn
|-damage|p2b: Sinistcha|75/100 psn|[from] psn
|-sideend|p1: DragonairJordan23|move: Light Screen
|upkeep
|turn|9
|
|t:|1785823811
|move|p2a: Scrafty|Knock Off|p1b: Sinistcha
|-supereffective|p1b: Sinistcha|1
|-damage|p1b: Sinistcha|0 fnt
|faint|p1b: Sinistcha
|move|p2b: Sinistcha|Matcha Gotcha|p1a: Slowbro
|-supereffective|p1a: Slowbro|1
|-damage|p1a: Slowbro|37/100
|-heal|p2b: Sinistcha|97/100 psn|[from] drain|[of] p1a: Slowbro
|move|p1a: Slowbro|Stored Power|p2b: Sinistcha
|-damage|p2b: Sinistcha|60/100 psn
|
|-damage|p2a: Scrafty|17/100 psn|[from] psn
|-damage|p2b: Sinistcha|47/100 psn|[from] psn
|-sideend|p1: DragonairJordan23|Reflect
|upkeep
|turn|10
|
|t:|1785823822
|move|p2a: Scrafty|Knock Off|p1a: Slowbro
|-supereffective|p1a: Slowbro|1
|-damage|p1a: Slowbro|3/100
|move|p2b: Sinistcha|Matcha Gotcha|p1a: Slowbro
|-supereffective|p1a: Slowbro|1
|-damage|p1a: Slowbro|0 fnt
|-heal|p2b: Sinistcha|50/100y psn|[from] drain|[of] p1a: Slowbro
|faint|p1a: Slowbro
|
|win|FoulScowl
