|j|☆zuke2026
|j|☆G00mB
|html|zuke2026G00mB    
|uhtml|bestof|Game 3 of a best-of-3
|t:|1785717772
|gametype|doubles
|player|p1|zuke2026|doctor|
|player|p2|G00mB|ghetsis|
|gen|9
|tier|[Gen 9 Champions] VGC 2026 Reg M-B (Bo3)
|rule|Species Clause: Limit one of each Pokémon
|rule|Item Clause: Limit 1 of each item
|clearpoke
|poke|p1|Pelipper, L50, F|
|poke|p1|Swampert, L50, M, shiny|
|poke|p1|Froslass, L50, F|
|poke|p1|Liepard, L50, M|
|poke|p1|Hydreigon, L50, M|
|poke|p1|Beartic, L50, M|
|poke|p2|Metagross, L50|
|poke|p2|Scrafty, L50, M|
|poke|p2|Talonflame, L50, M|
|poke|p2|Kangaskhan, L50, F|
|poke|p2|Volcarona, L50, F|
|poke|p2|Zoroark-Hisui, L50, M, shiny|
|teampreview|4
|showteam|p1|Pelipper||FocusSash|Drizzle|Protect,WeatherBall,Hurricane,Tailwind|Modest||F|||50|]Swampert||Swampertite|Torrent|WaveCrash,Earthquake,IcePunch,Protect|Adamant||M|||50|]Froslass||Froslassite|CursedBody|AuroraVeil,Blizzard,ShadowBall,Protect|Timid||F|||50|]Liepard||FocusBand|Prankster|FakeOut,Encore,Taunt,Protect|Impish||M|||50|]Hydreigon||ChoiceScarf|Levitate|DracoMeteor,DarkPulse,Uturn,Snarl|Timid||M|||50|]Beartic||LifeOrb|SlushRush|IcicleCrash,RockSlide,CloseCombat,Protect|Adamant||M|||50|
|showteam|p2|Metagross||Metagrossite|ClearBody|PsychicFangs,StompingTantrum,BulletPunch,Protect|Adamant|||||50|]Scrafty||Scraftinite|Intimidate|DrainPunch,KnockOff,FakeOut,Coaching|Adamant||M|||50|]Talonflame||SharpBeak|GaleWings|FlareBlitz,DualWingbeat,Tailwind,Protect|Jolly||M|||50|]Kangaskhan||ChopleBerry|Scrappy|DoubleEdge,SuckerPunch,DrainPunch,FakeOut|Adamant||F|||50|]Volcarona||SitrusBerry|FlameBody|HeatWave,GigaDrain,QuiverDance,Protect|Modest||F|||50|]Zoroark-Hisui||FocusSash|Illusion|BitterMalice,IcyWind,Taunt,Protect|Timid||M|||50|
|
|t:|1785717837
|teamsize|p1|4
|teamsize|p2|4
|start
|switch|p1a: Queen of Hearts|Froslass, L50, F|100/100
|switch|p1b: Tweedledum|Beartic, L50, M|100/100
|switch|p2a: No Dad?|Kangaskhan, L50, F|100/100
|switch|p2b: BigXThaplug|Metagross, L50|100/100
|turn|1
|
|t:|1785717898
|detailschange|p1a: Queen of Hearts|Froslass-Mega, L50, F
|-mega|p1a: Queen of Hearts|Froslass|Froslassite
|-weather|Snowscape|[from] ability: Snow Warning|[of] p1a: Queen of Hearts
|detailschange|p2b: BigXThaplug|Metagross-Mega, L50
|-mega|p2b: BigXThaplug|Metagross|Metagrossite
|move|p1a: Queen of Hearts|Protect|p1a: Queen of Hearts
|-singleturn|p1a: Queen of Hearts|Protect
|move|p2a: No Dad?|Fake Out|p1a: Queen of Hearts
|-activate|p1a: Queen of Hearts|move: Protect
|move|p2b: BigXThaplug|Bullet Punch|p1b: Tweedledum
|-supereffective|p1b: Tweedledum|1
|-damage|p1b: Tweedledum|44/100
|move|p1b: Tweedledum|Rock Slide|p2a: No Dad?|[spread] p2a,p2b
|-resisted|p2b: BigXThaplug|1
|-crit|p2b: BigXThaplug
|-damage|p2a: No Dad?|69/100
|-damage|p2b: BigXThaplug|86/100
|-damage|p1b: Tweedledum|34/100|[from] item: Life Orb
|
|-weather|Snowscape|[upkeep]
|upkeep
|turn|2
|
|t:|1785717937
|move|p2b: BigXThaplug|Bullet Punch|p1b: Tweedledum
|-supereffective|p1b: Tweedledum|1
|-damage|p1b: Tweedledum|0 fnt
|faint|p1b: Tweedledum
|move|p2a: No Dad?|Sucker Punch||[still]
|-fail|p2a: No Dad?
|move|p1a: Queen of Hearts|Aurora Veil|p1a: Queen of Hearts
|-sidestart|p1: zuke2026|move: Aurora Veil
|
|-weather|Snowscape|[upkeep]
|upkeep
|
|t:|1785717945
|switch|p1b: Jubjub|Pelipper, L50, F|100/100
|-weather|RainDance|[from] ability: Drizzle|[of] p1b: Jubjub
|turn|3
|
|t:|1785717956
|switch|p1a: Bandersnatch|Swampert, L50, M, shiny|100/100
|switch|p2b: Draftpoint|Scrafty, L50, M|100/100
|-ability|p2b: Draftpoint|Intimidate|boost
|-unboost|p1a: Bandersnatch|atk|1
|-unboost|p1b: Jubjub|atk|1
|move|p1b: Jubjub|Weather Ball|p2b: Draftpoint
|-damage|p2b: Draftpoint|40/100
|move|p2a: No Dad?|Drain Punch|p1a: Bandersnatch
|-damage|p1a: Bandersnatch|82/100
|-heal|p2a: No Dad?|76/100|[from] drain|[of] p1a: Bandersnatch
|
|-weather|RainDance|[upkeep]
|upkeep
|turn|4
|j| C0ozer
|
|t:|1785717978
|move|p2b: Draftpoint|Fake Out|p1a: Bandersnatch
|-damage|p1a: Bandersnatch|74/100
|move|p1b: Jubjub|Hurricane|p2b: Draftpoint
|-supereffective|p2b: Draftpoint|1
|-damage|p2b: Draftpoint|0 fnt
|faint|p2b: Draftpoint
|cant|p1a: Bandersnatch|flinch
|move|p2a: No Dad?|Double-Edge|p1b: Jubjub
|-damage|p1b: Jubjub|55/100
|-damage|p2a: No Dad?|67/100|[from] Recoil
|
|-weather|RainDance|[upkeep]
|upkeep
|
|t:|1785717992
|switch|p2b: GOBIRBS|Talonflame, L50, M|100/100
|turn|5
|
|t:|1785718004
|switch|p2a: BigXThaplug|Metagross-Mega, L50|86/100
|move|p2b: GOBIRBS|Protect|p2b: GOBIRBS
|-singleturn|p2b: GOBIRBS|Protect
|move|p1b: Jubjub|Hurricane|p2a: BigXThaplug
|-resisted|p2a: BigXThaplug|1
|-damage|p2a: BigXThaplug|65/100
|move|p1a: Bandersnatch|Wave Crash|p2b: GOBIRBS
|-activate|p2b: GOBIRBS|move: Protect
|
|-weather|RainDance|[upkeep]
|upkeep
|turn|6
|
|t:|1785718024
|move|p2b: GOBIRBS|Tailwind|p2b: GOBIRBS
|-sidestart|p2: G00mB|move: Tailwind
|move|p2a: BigXThaplug|Psychic Fangs|p1a: Bandersnatch
|-sideend|p1: zuke2026|move: Aurora Veil
|-damage|p1a: Bandersnatch|0 fnt
|faint|p1a: Bandersnatch
|move|p1b: Jubjub|Tailwind|p1b: Jubjub
|-sidestart|p1: zuke2026|move: Tailwind
|
|-weather|RainDance|[upkeep]
|upkeep
|
|t:|1785718032
|switch|p1a: Queen of Hearts|Froslass-Mega, L50, F|100/100
|-weather|Snowscape|[from] ability: Snow Warning|[of] p1a: Queen of Hearts
|turn|7
|
|t:|1785718042
|move|p2b: GOBIRBS|Flare Blitz|p1a: Queen of Hearts
|-supereffective|p1a: Queen of Hearts|1
|-damage|p1a: Queen of Hearts|0 fnt
|faint|p1a: Queen of Hearts
|-damage|p2b: GOBIRBS|68/100|[from] Recoil
|move|p2a: BigXThaplug|Psychic Fangs|p1b: Jubjub
|-damage|p1b: Jubjub|0 fnt
|faint|p1b: Jubjub
|
|win|G00mB
|c|☆zuke2026|gg
