|j|☆Talikikioup
|j|☆jomivgc
|html|Talikikioupjomivgc    
|uhtml|bestof|Game 3 of a best-of-3
|t:|1783717083
|gametype|doubles
|player|p1|Talikikioup|ethan|1101
|player|p2|jomivgc|falkner-gen2|1119
|gen|9
|tier|[Gen 9 Champions] VGC 2026 Reg M-B (Bo3)
|rated|
|rule|Species Clause: Limit one of each Pokémon
|rule|Item Clause: Limit 1 of each item
|clearpoke
|poke|p1|Blaziken, L50, F|
|poke|p1|Venusaur, L50, M|
|poke|p1|Sinistcha-Masterpiece, L50|
|poke|p1|Torkoal, L50, M|
|poke|p1|Grimmsnarl, L50, M|
|poke|p1|Basculegion, L50, M|
|poke|p2|Kleavor, L50, M|
|poke|p2|Sinistcha, L50|
|poke|p2|Archaludon, L50, M|
|poke|p2|Swampert, L50, F|
|poke|p2|Froslass, L50, F|
|poke|p2|Pelipper, L50, F|
|teampreview|4
|showteam|p1|Blaziken||Blazikenite|SpeedBoost|CloseCombat,FlareBlitz,RockSlide,Protect|Adamant||F|||50|]Venusaur||Venusaurite|Chlorophyll|SludgeBomb,GigaDrain,EarthPower,Protect|Modest||M|||50|]Sinistcha-Masterpiece||MentalHerb|Hospitality|TrickRoom,MatchaGotcha,RagePowder,LifeDew|Modest|||||50|]Torkoal||HeatRock|Drought|Eruption,BodyPress,HelpingHand,Protect|Quiet||M|||50|]Grimmsnarl||LightClay|Prankster|LightScreen,Reflect,FakeOut,SuckerPunch|Adamant||M|||50|]Basculegion||ChoiceScarf|Adaptability|LastRespects,FlipTurn,WaveCrash,AquaJet|Jolly||M|||50|
|showteam|p2|Kleavor||ChoiceScarf|Sharpness|StoneAxe,XScissor,CloseCombat,NightSlash|Jolly||M|||50|]Sinistcha||KasibBerry|Hospitality|MatchaGotcha,Protect,RagePowder,TrickRoom|Modest|||||50|]Archaludon||Leftovers|Stamina|FlashCannon,Protect,ElectroShot,DragonPulse|Modest||M|||50|]Swampert||Swampertite|Damp|WaveCrash,Earthquake,RockSlide,Protect|Adamant||F|||50|]Froslass||Froslassite|CursedBody|Blizzard,RainDance,AuroraVeil,Protect|Modest||F|||50|]Pelipper||FocusSash|Drizzle|Hurricane,WeatherBall,WideGuard,Tailwind|Modest||F|||50|
|inactive|Battle timer is ON: inactive players will automatically lose when time's up. (requested by jomivgc)
|inactive|Talikikioup has 60 seconds left.
|inactive|jomivgc has 60 seconds left.
|inactive|jomivgc has 30 seconds left.
|
|t:|1783717147
|teamsize|p1|4
|teamsize|p2|4
|start
|switch|p1a: Blaziken|Blaziken, L50, F|100/100
|switch|p1b: Grimmsnarl|Grimmsnarl, L50, M|100/100
|switch|p2a: Froslass|Froslass, L50, F|100/100
|switch|p2b: Swampert|Swampert, L50, F|100/100
|turn|1
|inactive|Talikikioup has 30 seconds left.
|
|t:|1783717175
|detailschange|p1a: Blaziken|Blaziken-Mega, L50, F
|-mega|p1a: Blaziken|Blaziken|Blazikenite
|detailschange|p2b: Swampert|Swampert-Mega, L50, F
|-mega|p2b: Swampert|Swampert|Swampertite
|move|p1b: Grimmsnarl|Fake Out|p2b: Swampert
|-damage|p2b: Swampert|86/100
|move|p2a: Froslass|Rain Dance|p2a: Froslass
|-weather|RainDance
|cant|p2b: Swampert|flinch
|move|p1a: Blaziken|Flare Blitz|p2a: Froslass
|-supereffective|p2a: Froslass|1
|-damage|p2a: Froslass|0 fnt
|faint|p2a: Froslass
|-damage|p1a: Blaziken|69/100|[from] Recoil
|
|-weather|RainDance|[upkeep]
|-ability|p1a: Blaziken|Speed Boost|boost
|-boost|p1a: Blaziken|spe|1
|upkeep
|
|t:|1783717188
|switch|p2a: Archaludon|Archaludon, L50, M|100/100
|turn|2
|
|t:|1783717201
|switch|p1b: Torkoal|Torkoal, L50, M|100/100
|-weather|SunnyDay|[from] ability: Drought|[of] p1b: Torkoal
|move|p1a: Blaziken|Protect|p1a: Blaziken
|-singleturn|p1a: Blaziken|Protect
|move|p2a: Archaludon|Protect|p2a: Archaludon
|-singleturn|p2a: Archaludon|Protect
|move|p2b: Swampert|Earthquake|p1a: Blaziken|[spread] p1b
|-activate|p2a: Archaludon|move: Protect
|-activate|p1a: Blaziken|move: Protect
|-supereffective|p1b: Torkoal|1
|-damage|p1b: Torkoal|34/100
|
|-weather|SunnyDay|[upkeep]
|-ability|p1a: Blaziken|Speed Boost|boost
|-boost|p1a: Blaziken|spe|1
|upkeep
|turn|3
|
|t:|1783717221
|switch|p2a: Pelipper|Pelipper, L50, F|100/100
|-weather|RainDance|[from] ability: Drizzle|[of] p2a: Pelipper
|switch|p1b: Grimmsnarl|Grimmsnarl, L50, M|100/100
|move|p1a: Blaziken|Close Combat|p2a: Pelipper
|-resisted|p2a: Pelipper|1
|-damage|p2a: Pelipper|45/100
|-unboost|p1a: Blaziken|def|1
|-unboost|p1a: Blaziken|spd|1
|move|p2b: Swampert|Earthquake|p1b: Grimmsnarl|[spread] p1a,p1b
|-immune|p2a: Pelipper
|-supereffective|p1a: Blaziken|1
|-damage|p1a: Blaziken|0 fnt
|-damage|p1b: Grimmsnarl|48/100
|faint|p1a: Blaziken
|
|-weather|RainDance|[upkeep]
|upkeep
|
|t:|1783717226
|switch|p1a: Torkoal|Torkoal, L50, M|34/100
|-weather|SunnyDay|[from] ability: Drought|[of] p1a: Torkoal
|turn|4
|inactive|jomivgc has 30 seconds left.
|
|t:|1783717252
|switch|p2a: Archaludon|Archaludon, L50, M|100/100
|switch|p1a: Venusaur|Venusaur, L50, M|100/100
|move|p1b: Grimmsnarl|Fake Out|p2b: Swampert
|-damage|p2b: Swampert|73/100
|cant|p2b: Swampert|flinch
|
|-weather|SunnyDay|[upkeep]
|upkeep
|turn|5
|inactive|Talikikioup has 30 seconds left.
|
|t:|1783717285
|move|p2b: Swampert|Protect|p2b: Swampert
|-singleturn|p2b: Swampert|Protect
|move|p1b: Grimmsnarl|Light Screen|p1b: Grimmsnarl
|-sidestart|p1: Talikikioup|move: Light Screen
|move|p1a: Venusaur|Giga Drain|p2b: Swampert
|-activate|p2b: Swampert|move: Protect
|move|p2a: Archaludon|Flash Cannon|p1b: Grimmsnarl
|-supereffective|p1b: Grimmsnarl|1
|-damage|p1b: Grimmsnarl|0 fnt
|faint|p1b: Grimmsnarl
|
|-weather|SunnyDay|[upkeep]
|upkeep
|
|t:|1783717288
|switch|p1b: Torkoal|Torkoal, L50, M|34/100
|turn|6
|inactive|jomivgc has 30 seconds left.
|inactive|jomivgc has 20 seconds left.
|
|t:|1783717324
|switch|p2a: Pelipper|Pelipper, L50, F|45/100
|-weather|RainDance|[from] ability: Drizzle|[of] p2a: Pelipper
|move|p2b: Swampert|Earthquake|p1b: Torkoal|[spread] p1a,p1b
|-immune|p2a: Pelipper
|-supereffective|p1b: Torkoal|1
|-damage|p1a: Venusaur|41/100
|-damage|p1b: Torkoal|0 fnt
|faint|p1b: Torkoal
|move|p1a: Venusaur|Giga Drain|p2b: Swampert
|-supereffective|p2b: Swampert|2
|-damage|p2b: Swampert|0 fnt
|-heal|p1a: Venusaur|77/100|[from] drain|[of] p2b: Swampert
|faint|p2b: Swampert
|
|-weather|RainDance|[upkeep]
|upkeep
|
|t:|1783717334
|switch|p2b: Archaludon|Archaludon, L50, M|100/100
|turn|7
|
|t:|1783717347
|move|p2a: Pelipper|Hurricane|p1a: Venusaur
|-supereffective|p1a: Venusaur|1
|-damage|p1a: Venusaur|10/100
|move|p2b: Archaludon|Electro Shot||[still]
|-prepare|p2b: Archaludon|Electro Shot
|-boost|p2b: Archaludon|spa|1
|-anim|p2b: Archaludon|Electro Shot|p1a: Venusaur
|-resisted|p1a: Venusaur|1
|-damage|p1a: Venusaur|0 fnt
|faint|p1a: Venusaur
|
|win|jomivgc
|raw|Talikikioup's rating: 1101 → 1077(-24 for losing)
|raw|jomivgc's rating: 1119 → 1143(+24 for winning)
