|j|☆Barney7
|j|☆Daniw9
|html|Barney7Daniw9    
|uhtml|bestof|Game 1 of a best-of-3
|t:|1756580142
|gametype|doubles
|player|p1|Barney7|266|1174
|player|p2|Daniw9|266|1208
|gen|9
|tier|[Gen 9] VGC 2025 Reg H (Bo3)
|rated|
|rule|Species Clause: Limit one of each Pokémon
|rule|Item Clause: Limit 1 of each item
|clearpoke
|poke|p1|Pelipper, L50, M|
|poke|p1|Archaludon, L50, F|
|poke|p1|Sinistcha-Masterpiece, L50|
|poke|p1|Ursaluna, L50, F|
|poke|p1|Dragonite, L50, M|
|poke|p1|Gholdengo, L50|
|poke|p2|Garchomp, L50, M|
|poke|p2|Tyranitar, L50, F|
|poke|p2|Delphox, L50, F|
|poke|p2|Indeedee-F, L50, F|
|poke|p2|Gallade, L50, M|
|poke|p2|Whimsicott, L50, F|
|teampreview|4
|showteam|p1|Pelipper||FocusSash|Drizzle|Protect,Hurricane,WeatherBall,WideGuard|||M|||50|,,,,,Ghost]Archaludon||AssaultVest|Stamina|ElectroShot,BodyPress,DracoMeteor,Snarl|||F|||50|,,,,,Bug]Sinistcha-Masterpiece||SitrusBerry|Hospitality|MatchaGotcha,RagePowder,LifeDew,TrickRoom||||||50|,,,,,Water]Ursaluna||FlameOrb|Guts|HeadlongRush,Protect,Earthquake,Facade|||F|||50|,,,,,Ghost]Dragonite||LoadedDice|Multiscale|ScaleShot,Tailwind,Protect,Haze|||M|||50|,,,,,Fairy]Gholdengo||ChoiceScarf|GoodasGold|MakeItRain,ShadowBall,Protect,Trick||||||50|,,,,,Water
|showteam|p2|Garchomp||LifeOrb|SandVeil|Earthquake,StompingTantrum,Protect,DragonClaw|||M|||50|,,,,,Steel]Tyranitar||AssaultVest|SandStream|RockSlide,TeraBlast,KnockOff,LowKick|||F|||50|,,,,,Flying]Delphox||PsychicSeed|Magician|ExpandingForce,HeatWave,NastyPlot,Protect|||F|||50|,,,,,Fighting]Indeedee-F||SafetyGoggles|PsychicSurge|DazzlingGleam,TrickRoom,FollowMe,HelpingHand|||F|||50|,,,,,Water]Gallade||ClearAmulet|Sharpness|SacredSword,PsychoCut,TrickRoom,Protect|||M|||50|,,,,,Grass]Whimsicott||CovertCloak|Prankster|Moonblast,Tailwind,Encore,Protect|||F|||50|,,,,,Ghost
|inactive|Battle timer is ON: inactive players will automatically lose when time's up. (requested by Barney7)
|inactive|Barney7 has 60 seconds left.
|
|t:|1756580177
|teamsize|p1|4
|teamsize|p2|4
|start
|switch|p1a: homosexual 1|Dragonite, L50, M|100/100
|switch|p1b: Sporky|Pelipper, L50, M, shiny|100/100
|switch|p2a: Delphox|Delphox, L50, F|100/100
|switch|p2b: Indeedee|Indeedee-F, L50, F|100/100
|-weather|RainDance|[from] ability: Drizzle|[of] p1b: Sporky
|-fieldstart|move: Psychic Terrain|[from] ability: Psychic Surge|[of] p2b: Indeedee
|-enditem|p2a: Delphox|Psychic Seed
|-boost|p2a: Delphox|spd|1|[from] item: Psychic Seed
|turn|1
|
|t:|1756580198
|switch|p1b: Archaludon|Archaludon, L50, F|100/100
|move|p2b: Indeedee|Follow Me|p2b: Indeedee
|-singleturn|p2b: Indeedee|move: Follow Me
|move|p2a: Delphox|Nasty Plot|p2a: Delphox
|-boost|p2a: Delphox|spa|2
|move|p1a: homosexual 1|Scale Shot|p2b: Indeedee|[miss]
|-miss|p1a: homosexual 1|p2b: Indeedee
|
|-weather|RainDance|[upkeep]
|upkeep
|turn|2
|
|t:|1756580220
|move|p2b: Indeedee|Follow Me|p2b: Indeedee
|-singleturn|p2b: Indeedee|move: Follow Me
|move|p2a: Delphox|Expanding Force|p1a: homosexual 1|[spread] p1a,p1b
|-resisted|p1b: Archaludon
|-damage|p1a: homosexual 1|41/100
|-damage|p1b: Archaludon|59/100
|-ability|p1b: Archaludon|Stamina|boost
|-boost|p1b: Archaludon|def|1
|-item|p2a: Delphox|Loaded Dice|[from] ability: Magician|[of] p1a: homosexual 1
|move|p1a: homosexual 1|Haze|p1a: homosexual 1
|-clearallboost
|move|p1b: Archaludon|Snarl|p2a: Delphox|[spread] p2a,p2b
|-supereffective|p2a: Delphox
|-supereffective|p2b: Indeedee
|-damage|p2a: Delphox|72/100
|-damage|p2b: Indeedee|76/100
|-unboost|p2a: Delphox|spa|1
|-unboost|p2b: Indeedee|spa|1
|
|-weather|RainDance|[upkeep]
|upkeep
|turn|3
|inactive|Barney7 has 30 seconds left.
|inactive|Barney7 has 20 seconds left.
|
|t:|1756580257
|switch|p2a: Garchomp|Garchomp, L50, M|100/100
|switch|p1a: Sinistcha|Sinistcha-Masterpiece, L50|100/100
|-heal|p1b: Archaludon|83/100|[from] ability: Hospitality|[of] p1a: Sinistcha
|move|p2b: Indeedee|Follow Me|p2b: Indeedee
|-singleturn|p2b: Indeedee|move: Follow Me
|move|p1b: Archaludon|Snarl|p2a: Garchomp|[spread] p2a,p2b
|-supereffective|p2b: Indeedee
|-damage|p2a: Garchomp|87/100
|-damage|p2b: Indeedee|52/100
|-unboost|p2a: Garchomp|spa|1
|-unboost|p2b: Indeedee|spa|1
|
|-weather|RainDance|[upkeep]
|upkeep
|turn|4
|inactive|Barney7 has 30 seconds left.
|inactive|Barney7 has 20 seconds left.
|inactive|Barney7 has 15 seconds left.
|inactive|Barney7 has 10 seconds left.
|inactive|Barney7 has 5 seconds left.
|
|t:|1756580310
|switch|p2b: Delphox|Delphox, L50, F|72/100
|-terastallize|p1b: Archaludon|Bug
|move|p2a: Garchomp|Dragon Claw|p1a: Sinistcha
|-damage|p1a: Sinistcha|52/100
|-damage|p2a: Garchomp|77/100|[from] item: Life Orb
|move|p1b: Archaludon|Body Press|p2b: Delphox
|-resisted|p2b: Delphox
|-damage|p2b: Delphox|50/100
|move|p1a: Sinistcha|Trick Room|p1a: Sinistcha
|-fieldstart|move: Trick Room|[of] p1a: Sinistcha
|
|-weather|RainDance|[upkeep]
|upkeep
|turn|5
|
|t:|1756580328
|switch|p2a: Tyranitar|Tyranitar, L50, F|100/100
|-weather|Sandstorm|[from] ability: Sand Stream|[of] p2a: Tyranitar
|move|p1a: Sinistcha|Matcha Gotcha|p2b: Delphox|[spread] p2a,p2b
|-supereffective|p2a: Tyranitar
|-resisted|p2b: Delphox
|-damage|p2a: Tyranitar|82/100
|-heal|p1a: Sinistcha|62/100|[from] drain|[of] p2a: Tyranitar
|-damage|p2b: Delphox|35/100
|-heal|p1a: Sinistcha|68/100|[from] drain|[of] p2b: Delphox
|move|p1b: Archaludon|Snarl|p2a: Tyranitar|[spread] p2a,p2b
|-resisted|p2a: Tyranitar
|-supereffective|p2b: Delphox
|-damage|p2a: Tyranitar|80/100
|-damage|p2b: Delphox|6/100
|-unboost|p2a: Tyranitar|spa|1
|-unboost|p2b: Delphox|spa|1
|move|p2b: Delphox|Heat Wave|p1a: Sinistcha|[spread] p1a,p1b
|-supereffective|p1a: Sinistcha
|-supereffective|p1b: Archaludon
|-damage|p1a: Sinistcha|21/100
|-damage|p1b: Archaludon|48/100
|-ability|p1b: Archaludon|Stamina|boost
|-boost|p1b: Archaludon|def|1
|-enditem|p1a: Sinistcha|Sitrus Berry|[eat]
|-heal|p1a: Sinistcha|46/100|[from] item: Sitrus Berry
|
|-weather|Sandstorm|[upkeep]
|-damage|p1a: Sinistcha|40/100|[from] Sandstorm
|-damage|p1b: Archaludon|42/100|[from] Sandstorm
|-damage|p2b: Delphox|0 fnt|[from] Sandstorm
|faint|p2b: Delphox
|-fieldend|move: Psychic Terrain
|upkeep
|
|t:|1756580352
|switch|p2b: Garchomp|Garchomp, L50, M|77/100
|turn|6
|inactive|Barney7 has 30 seconds left.
|
|t:|1756580378
|-terastallize|p2a: Tyranitar|Flying
|move|p2a: Tyranitar|Rock Slide|p1a: Sinistcha|[spread] p1a,p1b
|-supereffective|p1b: Archaludon
|-damage|p1a: Sinistcha|16/100
|-damage|p1b: Archaludon|17/100
|-ability|p1b: Archaludon|Stamina|boost
|-boost|p1b: Archaludon|def|1
|move|p1a: Sinistcha|Matcha Gotcha|p2a: Tyranitar|[spread] p2a,p2b
|-resisted|p2a: Tyranitar
|-damage|p2a: Tyranitar|73/100
|-heal|p1a: Sinistcha|20/100|[from] drain|[of] p2a: Tyranitar
|-damage|p2b: Garchomp|48/100
|-heal|p1a: Sinistcha|36/100|[from] drain|[of] p2b: Garchomp
|move|p1b: Archaludon|Body Press|p2b: Garchomp
|-damage|p2b: Garchomp|0 fnt
|faint|p2b: Garchomp
|
|-weather|Sandstorm|[upkeep]
|-damage|p2a: Tyranitar|67/100|[from] Sandstorm
|-damage|p1a: Sinistcha|30/100|[from] Sandstorm
|-damage|p1b: Archaludon|11/100|[from] Sandstorm
|upkeep
|
|t:|1756580397
|switch|p2b: Indeedee|Indeedee-F, L50, F|52/100
|-fieldstart|move: Psychic Terrain|[from] ability: Psychic Surge|[of] p2b: Indeedee
|turn|7
|inactive|Barney7 has 30 seconds left.
|
|t:|1756580426
|move|p2b: Indeedee|Dazzling Gleam|p1b: Archaludon|[spread] p1a,p1b
|-damage|p1a: Sinistcha|15/100
|-damage|p1b: Archaludon|1/100
|-ability|p1b: Archaludon|Stamina|boost
|-boost|p1b: Archaludon|def|1
|move|p2a: Tyranitar|Rock Slide|p1a: Sinistcha|[spread] p1a,p1b
|-crit|p1a: Sinistcha
|-supereffective|p1b: Archaludon
|-damage|p1a: Sinistcha|0 fnt
|-damage|p1b: Archaludon|0 fnt
|faint|p1a: Sinistcha
|faint|p1b: Archaludon
|
|-weather|Sandstorm|[upkeep]
|-damage|p2a: Tyranitar|61/100|[from] Sandstorm
|upkeep
|
|t:|1756580436
|switch|p1a: Sporky|Pelipper, L50, M, shiny|100/100
|switch|p1b: homosexual 1|Dragonite, L50, M|41/100
|-weather|RainDance|[from] ability: Drizzle|[of] p1a: Sporky
|turn|8
|
|t:|1756580452
|move|p1a: Sporky|Protect|p1a: Sporky
|-singleturn|p1a: Sporky|Protect
|move|p1b: homosexual 1|Protect|p1b: homosexual 1
|-singleturn|p1b: homosexual 1|Protect
|move|p2b: Indeedee|Dazzling Gleam|p1a: Sporky|[spread] 
|-activate|p1a: Sporky|move: Protect
|-activate|p1b: homosexual 1|move: Protect
|move|p2a: Tyranitar|Knock Off|p1b: homosexual 1
|-activate|p1b: homosexual 1|move: Protect
|
|-weather|RainDance|[upkeep]
|-fieldend|move: Trick Room
|upkeep
|turn|9
|
|t:|1756580466
|move|p2b: Indeedee|Follow Me|p2b: Indeedee
|-singleturn|p2b: Indeedee|move: Follow Me
|move|p1b: homosexual 1|Scale Shot|p2b: Indeedee
|-damage|p2b: Indeedee|38/100
|-damage|p2b: Indeedee|23/100
|-damage|p2b: Indeedee|8/100
|-hitcount|p2b: Indeedee|3
|-unboost|p1b: homosexual 1|def|1
|-boost|p1b: homosexual 1|spe|1
|move|p1a: Sporky|Weather Ball|p2b: Indeedee
|-damage|p2b: Indeedee|0 fnt
|faint|p2b: Indeedee
|move|p2a: Tyranitar|Rock Slide|p1b: homosexual 1|[spread] p1a,p1b
|-supereffective|p1a: Sporky
|-supereffective|p1b: homosexual 1
|-damage|p1a: Sporky|26/100
|-damage|p1b: homosexual 1|0 fnt
|faint|p1b: homosexual 1
|
|-weather|RainDance|[upkeep]
|upkeep
|turn|10
|
|t:|1756580478
|move|p1a: Sporky|Weather Ball|p2a: Tyranitar
|-damage|p2a: Tyranitar|20/100
|move|p2a: Tyranitar|Knock Off|p1a: Sporky
|-damage|p1a: Sporky|0 fnt
|-enditem|p1a: Sporky|Focus Sash|[from] move: Knock Off|[of] p2a: Tyranitar
|faint|p1a: Sporky
|
|win|Daniw9
||Daniw9 is ready for game 2.
||Barney7 is ready for game 2.
|uhtml|next|Next: Game 2 of 3
