|j|ŌśåMegaHappyDragonite
|j|ŌśåMashuno
|html|MegaHappyDragoniteMashuno    
|uhtml|bestof|Game 1 of a best-of-3
|t:|1785493551
|gametype|doubles
|player|p1|MegaHappyDragonite|corbeau|1160
|player|p2|Mashuno|harlequin|1256
|gen|9
|tier|[Gen 9 Champions] VGC 2026 Reg M-B (Bo3)
|rated|
|rule|Species Clause: Limit one of each Pok├®mon
|rule|Item Clause: Limit 1 of each item
|clearpoke
|poke|p1|Kommo-o, L50, M|
|poke|p1|Incineroar, L50, F|
|poke|p1|Venusaur, L50, F|
|poke|p1|Ninetales-Alola, L50, M|
|poke|p1|Rotom-Wash, L50|
|poke|p1|Kingambit, L50, M|
|poke|p2|Aerodactyl, L50, M|
|poke|p2|Gardevoir, L50, M|
|poke|p2|Incineroar, L50, M|
|poke|p2|Hydreigon, L50, F|
|poke|p2|Gholdengo, L50|
|poke|p2|Rotom-Wash, L50|
|teampreview|4
|showteam|p1|Kommo-o||SitrusBerry|Soundproof|ClangingScales,AuraSphere,Protect,ClangorousSoul|Modest||M|||50|]Incineroar||PasshoBerry|Intimidate|FlareBlitz,DarkestLariat,FakeOut,PartingShot|Impish||F|||50|]Venusaur||Venusaurite|Overgrow|SludgeBomb,GigaDrain,Toxic,Protect|Modest||F|||50|]Ninetales-Alola||FocusSash|SnowWarning|Blizzard,FreezeDry,Protect,AuroraVeil|Timid||M|||50|]Rotom-Wash||ChoiceScarf|Levitate|HydroPump,Thunderbolt,WillOWisp,VoltSwitch|Timid|||||50|]Kingambit||ChopleBerry|Defiant|KowtowCleave,IronHead,SuckerPunch,Protect|Adamant||M|||50|
|showteam|p2|Aerodactyl||FocusSash|Unnerve|Protect,Tailwind,DualWingbeat,RockSlide|Jolly||M|||50|]Gardevoir||Gardevoirite|Synchronize|Protect,Psychic,HyperVoice,AuraSphere|Timid||M|||50|]Incineroar||PasshoBerry|Intimidate|FakeOut,FlareBlitz,ThroatChop,PartingShot|Impish||M|||50|]Hydreigon||ChoiceScarf|Levitate|DracoMeteor,DarkPulse,EarthPower,Uturn|Modest||F|||50|]Gholdengo||LifeOrb|GoodasGold|Protect,MakeItRain,ShadowBall,NastyPlot|Timid|||||50|]Rotom-Wash||SitrusBerry|Levitate|Protect,HydroPump,VoltSwitch,WillOWisp|Bold|||||50|
|c|ŌśåMashuno|gl hf <3
|c|ŌśåMegaHappyDragonite|glhf
|inactive|Battle timer is ON: inactive players will automatically lose when time's up. (requested by MegaHappyDragonite)
|inactive|Mashuno has 60 seconds left.
|
|t:|1785493658
|teamsize|p1|4
|teamsize|p2|4
|start
|switch|p1a: Ninetales|Ninetales-Alola, L50, M|100/100
|switch|p1b: Kingambit|Kingambit, L50, M|100/100
|switch|p2a: Gardevoir|Gardevoir, L50, M|100/100
|switch|p2b: Aerodactyl|Aerodactyl, L50, M|100/100
|-ability|p2b: Aerodactyl|Unnerve
|-weather|Snowscape|[from] ability: Snow Warning|[of] p1a: Ninetales
|turn|1
|inactive|Mashuno has 30 seconds left.
|inactive|Mashuno has 20 seconds left.
|
|t:|1785493693
|detailschange|p2a: Gardevoir|Gardevoir-Mega, L50, M
|-mega|p2a: Gardevoir|Gardevoir|Gardevoirite
|move|p2b: Aerodactyl|Tailwind|p2b: Aerodactyl
|-sidestart|p2: Mashuno|move: Tailwind
|move|p2a: Gardevoir|Aura Sphere|p1b: Kingambit
|-supereffective|p1b: Kingambit|2
|-damage|p1b: Kingambit|0 fnt
|faint|p1b: Kingambit
|move|p1a: Ninetales|Blizzard|p2a: Gardevoir|[spread] p2a,p2b
|-supereffective|p2b: Aerodactyl|1
|-damage|p2a: Gardevoir|71/100
|-damage|p2b: Aerodactyl|14/100
|
|-weather|Snowscape|[upkeep]
|upkeep
|c|ŌśåMegaHappyDragonite|o wp
|c|ŌśåMegaHappyDragonite|unnerve blocks chomple right?
|c|ŌśåMashuno|ye
|
|t:|1785493715
|switch|p1b: Venusaur|Venusaur, L50, F|100/100
|turn|2
|c|ŌśåMashuno|ty ty :)
|c|ŌśåMegaHappyDragonite|gz
|inactive|Mashuno has 30 seconds left.
|
|t:|1785493746
|switch|p2b: Incineroar|Incineroar, L50, M|100/100
|-ability|p2b: Incineroar|Intimidate|boost
|-unboost|p1a: Ninetales|atk|1
|-unboost|p1b: Venusaur|atk|1
|move|p1b: Venusaur|Protect|p1b: Venusaur
|-singleturn|p1b: Venusaur|Protect
|move|p2a: Gardevoir|Psychic|p1b: Venusaur
|-activate|p1b: Venusaur|move: Protect
|move|p1a: Ninetales|Aurora Veil|p1a: Ninetales
|-sidestart|p1: MegaHappyDragonite|move: Aurora Veil
|
|-weather|Snowscape|[upkeep]
|upkeep
|turn|3
|inactive|Mashuno has 30 seconds left.
|inactive|Mashuno has 20 seconds left.
|inactive|Mashuno has 15 seconds left.
|inactive|Mashuno has 10 seconds left.
|
|t:|1785493793
|switch|p1b: Rotom|Rotom-Wash, L50|100/100
|move|p2b: Incineroar|Fake Out|p1b: Rotom
|-damage|p1b: Rotom|90/100
|move|p2a: Gardevoir|Hyper Voice|p1a: Ninetales|[spread] p1a,p1b
|-damage|p1a: Ninetales|63/100
|-damage|p1b: Rotom|53/100
|move|p1a: Ninetales|Blizzard|p2a: Gardevoir|[spread] p2a,p2b
|-resisted|p2b: Incineroar|1
|-damage|p2a: Gardevoir|37/100
|-damage|p2b: Incineroar|87/100
|
|-weather|Snowscape|[upkeep]
|upkeep
|turn|4
|inactive|Mashuno has 30 seconds left.
|
|t:|1785493822
|switch|p1b: Venusaur|Venusaur, L50, F|100/100
|move|p2a: Gardevoir|Protect|p2a: Gardevoir
|-singleturn|p2a: Gardevoir|Protect
|move|p1a: Ninetales|Protect|p1a: Ninetales
|-singleturn|p1a: Ninetales|Protect
|move|p2b: Incineroar|Flare Blitz|p1a: Ninetales
|-activate|p1a: Ninetales|move: Protect
|
|-weather|Snowscape|[upkeep]
|-sideend|p2: Mashuno|move: Tailwind
|upkeep
|turn|5
|inactive|Mashuno has 30 seconds left.
|inactive|MegaHappyDragonite has 30 seconds left.
|inactive|Mashuno has 20 seconds left.
|inactive|MegaHappyDragonite has 20 seconds left.
|inactive|Mashuno has 15 seconds left.
|
|t:|1785493863
|switch|p2a: Aerodactyl|Aerodactyl, L50, M|14/100
|-ability|p2a: Aerodactyl|Unnerve
|detailschange|p1b: Venusaur|Venusaur-Mega, L50, F
|-mega|p1b: Venusaur|Venusaur|Venusaurite
|move|p1a: Ninetales|Blizzard|p2b: Incineroar|[spread] p2a,p2b
|-supereffective|p2a: Aerodactyl|1
|-resisted|p2b: Incineroar|1
|-damage|p2a: Aerodactyl|0 fnt
|-damage|p2b: Incineroar|74/100
|faint|p2a: Aerodactyl
|move|p1b: Venusaur|Sludge Bomb|p2b: Incineroar
|-damage|p2b: Incineroar|31/100
|move|p2b: Incineroar|Flare Blitz|p1a: Ninetales
|-supereffective|p1a: Ninetales|1
|-damage|p1a: Ninetales|3/100
|-status|p1a: Ninetales|brn
|-damage|p2b: Incineroar|16/100|[from] Recoil
|
|-weather|none
|-damage|p1a: Ninetales|0 fnt|[from] brn
|faint|p1a: Ninetales
|upkeep
|inactive|Mashuno has 30 seconds left.
|
|t:|1785493888
|switch|p2a: Hydreigon|Hydreigon, L50, F|100/100
|switch|p1a: Rotom|Rotom-Wash, L50|53/100
|turn|6
|inactive|MegaHappyDragonite has 30 seconds left.
|inactive|Mashuno has 30 seconds left.
|inactive|MegaHappyDragonite has 20 seconds left.
|inactive|Mashuno has 20 seconds left.
|inactive|Mashuno has 15 seconds left.
|
|t:|1785493929
|move|p2a: Hydreigon|Dark Pulse|p1a: Rotom
|-damage|p1a: Rotom|21/100
|move|p1a: Rotom|Hydro Pump|p2b: Incineroar
|-supereffective|p2b: Incineroar|1
|-enditem|p2b: Incineroar|Passho Berry|[eat]
|-enditem|p2b: Incineroar|Passho Berry|[weaken]
|-damage|p2b: Incineroar|0 fnt
|faint|p2b: Incineroar
|move|p1b: Venusaur|Toxic|p2a: Hydreigon
|-status|p2a: Hydreigon|tox
|
|-damage|p2a: Hydreigon|94/100 tox|[from] psn
|-sideend|p1: MegaHappyDragonite|move: Aurora Veil
|upkeep
|
|t:|1785493941
|switch|p2b: Gardevoir|Gardevoir-Mega, L50, M|37/100
|turn|7
|
|t:|1785493960
|move|p2a: Hydreigon|Dark Pulse|p1a: Rotom
|-crit|p1a: Rotom
|-damage|p1a: Rotom|0 fnt
|faint|p1a: Rotom
|move|p2b: Gardevoir|Psychic|p1b: Venusaur
|-supereffective|p1b: Venusaur|1
|-damage|p1b: Venusaur|15/100
|move|p1b: Venusaur|Sludge Bomb|p2b: Gardevoir
|-supereffective|p2b: Gardevoir|1
|-damage|p2b: Gardevoir|0 fnt
|faint|p2b: Gardevoir
|
|-damage|p2a: Hydreigon|82/100 tox|[from] psn
|upkeep
|turn|8
|
|t:|1785493973
|move|p1b: Venusaur|Protect|p1b: Venusaur
|-singleturn|p1b: Venusaur|Protect
|move|p2a: Hydreigon|Dark Pulse|p1b: Venusaur
|-activate|p1b: Venusaur|move: Protect
|
|-damage|p2a: Hydreigon|64/100 tox|[from] psn
|upkeep
|turn|9
|
|t:|1785493988
|move|p1b: Venusaur|Protect|p1b: Venusaur
|-singleturn|p1b: Venusaur|Protect
|move|p2a: Hydreigon|Dark Pulse|p1b: Venusaur
|-activate|p1b: Venusaur|move: Protect
|
|-damage|p2a: Hydreigon|41/100 tox|[from] psn
|upkeep
|turn|10
|c|ŌśåMashuno|uh oh
|c|ŌśåMegaHappyDragonite|lol
|
|t:|1785493999
|move|p1b: Venusaur|Protect||[still]
|-fail|p1b: Venusaur
|move|p2a: Hydreigon|Dark Pulse|p1b: Venusaur
|-damage|p1b: Venusaur|0 fnt
|faint|p1b: Venusaur
|
|win|Mashuno
|c|ŌśåMegaHappyDragonite|im not gonna get it...
||MegaHappyDragonite is ready for game 2.
|l|ŌśåMegaHappyDragonite
|player|p1|
||Mashuno is ready for game 2.
|uhtml|next|Next: Game 2 of 3
