|j|☆naibot2814
|j|☆Prepucio Santos
|html|naibot2814Prepucio Santos    
|uhtml|bestof|Game 2 of a best-of-3
|t:|1784582688
|gametype|doubles
|player|p1|naibot2814|colress|1448
|player|p2|Prepucio Santos|striker|1334
|gen|9
|tier|[Gen 9 Champions] VGC 2026 Reg M-B (Bo3)
|rated|
|rule|Species Clause: Limit one of each Pokémon
|rule|Item Clause: Limit 1 of each item
|clearpoke
|poke|p1|Blastoise, L50, M|
|poke|p1|Incineroar, L50, M|
|poke|p1|Sneasler, L50, M|
|poke|p1|Sinistcha, L50|
|poke|p1|Kingambit, L50, M, shiny|
|poke|p1|Delphox, L50, F|
|poke|p2|Gengar, L50, M|
|poke|p2|Archaludon, L50, M|
|poke|p2|Politoed, L50, F|
|poke|p2|Swampert, L50, M|
|poke|p2|Vivillon, L50, M|
|poke|p2|Incineroar, L50, M|
|teampreview|4
|showteam|p1|Blastoise||Blastoisinite|Torrent|WaterSpout,DarkPulse,ShellSmash,Protect|Modest||M|||50|]Incineroar||SitrusBerry|Intimidate|FakeOut,FlareBlitz,DarkestLariat,PartingShot|Careful||M|||50|]Sneasler||FocusSash|PoisonTouch|FakeOut,CloseCombat,PoisonJab,RockTomb|Jolly||M|||50|]Sinistcha||KasibBerry|Hospitality|MatchaGotcha,TrickRoom,RagePowder,Protect|Bold|||||50|]Kingambit||BlackGlasses|Defiant|KowtowCleave,SuckerPunch,SwordsDance,Protect|Adamant||M|||50|]Delphox||Delphoxite|Blaze|HeatWave,Psyshock,NastyPlot,Protect|Timid||F|||50|
|showteam|p2|Gengar||Gengarite|CursedBody|ShadowBall,SludgeBomb,PerishSong,Protect|Modest||M|||50|]Archaludon||Leftovers|Stamina|ElectroShot,DragonPulse,FlashCannon,Protect|Bold||M|||50|]Politoed||SitrusBerry|Drizzle|WeatherBall,Hypnosis,PerishSong,Protect|Calm||F|||50|]Swampert||Swampertite|Torrent|WaveCrash,Earthquake,IcePunch,Protect|Adamant||M|||50|]Vivillon||FocusSash|CompoundEyes|Hurricane,SleepPowder,RagePowder,Protect|Timid||M|||50|]Incineroar||PasshoBerry|Intimidate|ThroatChop,FakeOut,PartingShot,Protect|Impish||M|||50|
|
|t:|1784582734
|teamsize|p1|4
|teamsize|p2|4
|start
|switch|p1a: Blastoise|Blastoise, L50, M|100/100
|switch|p1b: Sneasler|Sneasler, L50, M|100/100
|switch|p2a: Politoed|Politoed, L50, F|100/100
|switch|p2b: Archaludon|Archaludon, L50, M|100/100
|-weather|RainDance|[from] ability: Drizzle|[of] p2a: Politoed
|turn|1
|
|t:|1784582747
|detailschange|p1a: Blastoise|Blastoise-Mega, L50, M
|-mega|p1a: Blastoise|Blastoise|Blastoisinite
|move|p1b: Sneasler|Close Combat|p2b: Archaludon
|-supereffective|p2b: Archaludon|1
|-damage|p2b: Archaludon|22/100
|-unboost|p1b: Sneasler|def|1
|-unboost|p1b: Sneasler|spd|1
|-ability|p2b: Archaludon|Stamina|boost
|-boost|p2b: Archaludon|def|1
|move|p1a: Blastoise|Water Spout|p2b: Archaludon|[spread] p2a,p2b
|-resisted|p2a: Politoed|1
|-resisted|p2b: Archaludon|1
|-damage|p2a: Politoed|63/100
|-damage|p2b: Archaludon|0 fnt
|faint|p2b: Archaludon
|move|p2a: Politoed|Hypnosis|p1a: Blastoise
|-status|p1a: Blastoise|slp|[from] move: Hypnosis
|
|-weather|RainDance|[upkeep]
|upkeep
|
|t:|1784582755
|switch|p2b: Gengar|Gengar, L50, M|100/100
|turn|2
|
|t:|1784582782
|switch|p1a: Kingambit|Kingambit, L50, M, shiny|100/100
|detailschange|p2b: Gengar|Gengar-Mega, L50, M
|-mega|p2b: Gengar|Gengar|Gengarite
|move|p1b: Sneasler|Close Combat|p2a: Politoed
|-damage|p2a: Politoed|5/100
|-unboost|p1b: Sneasler|def|1
|-unboost|p1b: Sneasler|spd|1
|-enditem|p2a: Politoed|Sitrus Berry|[eat]
|-heal|p2a: Politoed|30/100|[from] item: Sitrus Berry
|move|p2b: Gengar|Shadow Ball|p1b: Sneasler
|-enditem|p1b: Sneasler|Focus Sash
|-damage|p1b: Sneasler|1/100
|move|p2a: Politoed|Weather Ball|p1b: Sneasler
|-damage|p1b: Sneasler|0 fnt
|faint|p1b: Sneasler
|
|-weather|RainDance|[upkeep]
|upkeep
|
|t:|1784582795
|switch|p1b: Sinistcha|Sinistcha, L50|100/100
|turn|3
|
|t:|1784582805
|move|p2b: Gengar|Protect|p2b: Gengar
|-singleturn|p2b: Gengar|Protect
|move|p1b: Sinistcha|Rage Powder|p1b: Sinistcha
|-singleturn|p1b: Sinistcha|move: Rage Powder
|move|p2a: Politoed|Hypnosis|p1b: Sinistcha
|-status|p1b: Sinistcha|slp|[from] move: Hypnosis
|move|p1a: Kingambit|Kowtow Cleave|p2a: Politoed
|-damage|p2a: Politoed|0 fnt
|faint|p2a: Politoed
|
|-weather|RainDance|[upkeep]
|upkeep
|
|t:|1784582808
|switch|p2a: Vivillon|Vivillon, L50, M|100/100
|turn|4
|
|t:|1784582815
|move|p1a: Kingambit|Protect|p1a: Kingambit
|-singleturn|p1a: Kingambit|Protect
|move|p2b: Gengar|Shadow Ball|p1b: Sinistcha
|-supereffective|p1b: Sinistcha|1
|-enditem|p1b: Sinistcha|Kasib Berry|[eat]
|-enditem|p1b: Sinistcha|Kasib Berry|[weaken]
|-damage|p1b: Sinistcha|54/100 slp
|move|p2a: Vivillon|Hurricane|p1b: Sinistcha
|-supereffective|p1b: Sinistcha|1
|-damage|p1b: Sinistcha|0 fnt
|faint|p1b: Sinistcha
|
|-weather|RainDance|[upkeep]
|upkeep
|
|t:|1784582825
|switch|p1b: Blastoise|Blastoise-Mega, L50, M|100/100 slp
|turn|5
|
|t:|1784582831
|move|p2b: Gengar|Sludge Bomb|p1b: Blastoise
|-damage|p1b: Blastoise|42/100 slp
|move|p2a: Vivillon|Sleep Powder|p1a: Kingambit
|-status|p1a: Kingambit|slp|[from] move: Sleep Powder
|cant|p1b: Blastoise|slp
|cant|p1a: Kingambit|slp
|
|-weather|none
|upkeep
|turn|6
|
|t:|1784582840
|cant|p1b: Blastoise|slp
|move|p2b: Gengar|Sludge Bomb|p1b: Blastoise
|-damage|p1b: Blastoise|0 fnt
|faint|p1b: Blastoise
|move|p2a: Vivillon|Hurricane|p1a: Kingambit
|-resisted|p1a: Kingambit|1
|-damage|p1a: Kingambit|78/100 slp
|cant|p1a: Kingambit|slp
|
|upkeep
|turn|7
|inactive|Battle timer is ON: inactive players will automatically lose when time's up. (requested by Prepucio Santos)
|-message|naibot2814 forfeited.
|
|win|Prepucio Santos
|l|☆naibot2814
|player|p1|
||naibot2814 is ready for game 3.
||Prepucio Santos is ready for game 3.
|uhtml|next|Next: Game 3 of 3
|j|☆naibot2814
|player|p1|naibot2814|colress|
|l|☆Prepucio Santos
|player|p2|
