|j|☆palle synchro
|j|☆Alysa Liu
|html|palle synchroAlysa Liu    
|uhtml|bestof|Game 1 of a best-of-3
|t:|1756322533
|gametype|doubles
|player|p1|palle synchro|volkner|1469
|player|p2|Alysa Liu|lady|1557
|gen|9
|tier|[Gen 9] VGC 2025 Reg H (Bo3)
|rated|
|rule|Species Clause: Limit one of each Pokémon
|rule|Item Clause: Limit 1 of each item
|clearpoke
|poke|p1|Whimsicott, L50, M|
|poke|p1|Kingambit, L50, M|
|poke|p1|Indeedee, L50, M|
|poke|p1|Sneasler, L50, F|
|poke|p1|Ursaluna-Bloodmoon, L50, M|
|poke|p1|Archaludon, L50, F|
|poke|p2|Dachsbun, L50, F|
|poke|p2|Typhlosion-Hisui, L50, M|
|poke|p2|Kingambit, L50, M|
|poke|p2|Jumpluff, L50, M|
|poke|p2|Rillaboom, L50, M|
|poke|p2|Torkoal, L50, F|
|teampreview|4
|showteam|p1|Whimsicott||CovertCloak|Prankster|Moonblast,Taunt,Tailwind,FakeTears|||M|||50|,,,,,Water]Kingambit||AssaultVest|Defiant|KowtowCleave,SuckerPunch,BrickBreak,TeraBlast|||M|||50|,,,,,Flying]Indeedee||FocusSash|PsychicSurge|ExpandingForce,TeraBlast,Imprison,TrickRoom|||M|||50|,,,,,Psychic]Sneasler||PsychicSeed|Unburden|CloseCombat,DireClaw,ThroatChop,Protect|||F|||50|,,,,,Dark]Ursaluna-Bloodmoon||LifeOrb|MindsEye|HyperVoice,BloodMoon,EarthPower,Protect|||M|||50|,,,,,Normal]Archaludon||PowerHerb|Stalwart|ElectroShot,DragonPulse,Thunderbolt,Protect|||F|||50|,,,,,Electric
|showteam|p2|Dachsbun||Leftovers|WellBakedBody|BodyPress,Snarl,HelpingHand,Protect|||F|||50|,,,,,Steel]Typhlosion-Hisui||ChoiceSpecs|Blaze|Eruption,LavaPlume,Overheat,ShadowBall|||M|||50|,,,,,Fire]Kingambit||SafetyGoggles|Defiant|Protect,KowtowCleave,SuckerPunch,SwordsDance|||M|||50|,,,,,Dark]Jumpluff||CovertCloak|Chlorophyll|SleepPowder,SunnyDay,RagePowder,Tailwind|||M|||50|,,,,,Water]Rillaboom||AssaultVest|GrassySurge|WoodHammer,GrassyGlide,FakeOut,HighHorsepower|||M|||50|,,,,,Water]Torkoal||SitrusBerry|Drought|HeatWave,LavaPlume,ClearSmog,Protect|||F|||50|,,,,,Fairy
|inactive|Battle timer is ON: inactive players will automatically lose when time's up. (requested by Alysa Liu)
|inactive|palle synchro has 60 seconds left.
|inactive|Alysa Liu has 60 seconds left.
|inactive|palle synchro has 30 seconds left.
|
|t:|1756322606
|teamsize|p1|4
|teamsize|p2|4
|start
|switch|p1a: Whimsicott|Whimsicott, L50, M|100/100
|switch|p1b: Ursaluna|Ursaluna-Bloodmoon, L50, M|100/100
|switch|p2a: Jumpluff|Jumpluff, L50, M|100/100
|switch|p2b: Torkoal|Torkoal, L50, F|100/100
|-weather|SunnyDay|[from] ability: Drought|[of] p2b: Torkoal
|turn|1
|
|t:|1756322621
|-terastallize|p1a: Whimsicott|Water
|move|p2a: Jumpluff|Rage Powder|p2a: Jumpluff
|-singleturn|p2a: Jumpluff|move: Rage Powder
|move|p1a: Whimsicott|Taunt|p2a: Jumpluff
|-start|p2a: Jumpluff|move: Taunt
|move|p1b: Ursaluna|Blood Moon|p2a: Jumpluff
|-damage|p2a: Jumpluff|0 fnt
|faint|p2a: Jumpluff
|-damage|p1b: Ursaluna|91/100|[from] item: Life Orb
|move|p2b: Torkoal|Heat Wave|p1a: Whimsicott|[spread] p1b
|-miss|p2b: Torkoal|p1a: Whimsicott
|-damage|p1b: Ursaluna|43/100
|
|-weather|SunnyDay|[upkeep]
|upkeep
|l|☆Alysa Liu
|inactive|Alysa Liu disconnected and has a minute to reconnect!
|player|p2|
|j|☆Alysa Liu
|inactive|Alysa Liu reconnected and has 45 seconds left.
|player|p2|Alysa Liu|lady|
|
|t:|1756322640
|switch|p2a: Dachsbun|Dachsbun, L50, F|100/100
|turn|2
|inactive|palle synchro has 30 seconds left.
|inactive|palle synchro has 20 seconds left.
|inactive|palle synchro has 15 seconds left.
|
|t:|1756322681
|move|p1a: Whimsicott|Fake Tears|p2b: Torkoal
|-unboost|p2b: Torkoal|spd|2
|move|p2a: Dachsbun|Body Press|p1a: Whimsicott
|-damage|p1a: Whimsicott|65/100
|move|p1b: Ursaluna|Hyper Voice|p2b: Torkoal|[spread] p2a,p2b
|-damage|p2a: Dachsbun|39/100
|-damage|p2b: Torkoal|4/100
|-enditem|p2b: Torkoal|Sitrus Berry|[eat]
|-heal|p2b: Torkoal|29/100|[from] item: Sitrus Berry
|-damage|p1b: Ursaluna|34/100|[from] item: Life Orb
|move|p2b: Torkoal|Lava Plume|p1b: Ursaluna|[spread] p1a,p1b
|-ability|p2a: Dachsbun|Well-Baked Body|boost
|-boost|p2a: Dachsbun|def|2
|-resisted|p1a: Whimsicott
|-damage|p1a: Whimsicott|46/100
|-damage|p1b: Ursaluna|0 fnt
|faint|p1b: Ursaluna
|
|-weather|SunnyDay|[upkeep]
|-heal|p2a: Dachsbun|45/100|[from] item: Leftovers
|upkeep
|
|t:|1756322690
|switch|p1b: Sneasler|Sneasler, L50, F|100/100
|turn|3
|
|t:|1756322704
|move|p1a: Whimsicott|Moonblast|p2a: Dachsbun
|-damage|p2a: Dachsbun|8/100
|move|p1b: Sneasler|Close Combat|p2a: Dachsbun
|-resisted|p2a: Dachsbun
|-damage|p2a: Dachsbun|0 fnt
|-unboost|p1b: Sneasler|def|1
|-unboost|p1b: Sneasler|spd|1
|faint|p2a: Dachsbun
|move|p2b: Torkoal|Lava Plume|p1b: Sneasler|[spread] p1a,p1b
|-resisted|p1a: Whimsicott
|-damage|p1a: Whimsicott|28/100
|-damage|p1b: Sneasler|48/100
|-status|p1b: Sneasler|brn
|
|-weather|SunnyDay|[upkeep]
|-damage|p1b: Sneasler|42/100 brn|[from] brn
|upkeep
|
|t:|1756322709
|switch|p2a: Typhlosion|Typhlosion-Hisui, L50, M|100/100
|turn|4
|
|t:|1756322725
|move|p1b: Sneasler|Protect|p1b: Sneasler
|-singleturn|p1b: Sneasler|Protect
|move|p2b: Torkoal|Protect|p2b: Torkoal
|-singleturn|p2b: Torkoal|Protect
|move|p1a: Whimsicott|Tailwind|p1a: Whimsicott
|-sidestart|p1: palle synchro|move: Tailwind
|move|p2a: Typhlosion|Eruption|p1b: Sneasler|[spread] p1a
|-activate|p1b: Sneasler|move: Protect
|-resisted|p1a: Whimsicott
|-damage|p1a: Whimsicott|0 fnt
|faint|p1a: Whimsicott
|
|-weather|SunnyDay|[upkeep]
|-damage|p1b: Sneasler|36/100 brn|[from] brn
|upkeep
|
|t:|1756322731
|switch|p1a: Indeedee|Indeedee, L50, M|100/100
|-fieldstart|move: Psychic Terrain|[from] ability: Psychic Surge|[of] p1a: Indeedee
|-enditem|p1b: Sneasler|Psychic Seed
|-boost|p1b: Sneasler|spd|1|[from] item: Psychic Seed
|turn|5
|
|t:|1756322737
|-terastallize|p2a: Typhlosion|Fire
|move|p1b: Sneasler|Throat Chop|p2a: Typhlosion
|-damage|p2a: Typhlosion|81/100
|-start|p2a: Typhlosion|Throat Chop|[silent]
|move|p1a: Indeedee|Expanding Force|p2b: Torkoal|[spread] p2a,p2b
|-damage|p2a: Typhlosion|6/100
|-damage|p2b: Torkoal|0 fnt
|faint|p2b: Torkoal
|move|p2a: Typhlosion|Eruption|p1a: Indeedee|[spread] p1a,p1b
|-damage|p1a: Indeedee|83/100
|-damage|p1b: Sneasler|18/100 brn
|
|-weather|none
|-damage|p1b: Sneasler|13/100 brn|[from] brn
|upkeep
|turn|6
|
|t:|1756322744
|move|p1b: Sneasler|Close Combat|p2a: Typhlosion
|-damage|p2a: Typhlosion|0 fnt
|-unboost|p1b: Sneasler|def|1
|-unboost|p1b: Sneasler|spd|1
|faint|p2a: Typhlosion
|
|win|palle synchro
