|j|☆SelvesterTheYAK
|j|☆luckyross
|html|SelvesterTheYAKluckyross    
|uhtml|bestof|Game 1 of a best-of-3
|t:|1756956127
|gametype|doubles
|player|p1|SelvesterTheYAK|265|1149
|player|p2|luckyross|fisherman-gen4|1235
|gen|9
|tier|[Gen 9] VGC 2025 Reg H (Bo3)
|rated|
|rule|Species Clause: Limit one of each Pokémon
|rule|Item Clause: Limit 1 of each item
|clearpoke
|poke|p1|Tyranitar, L50, F|
|poke|p1|Garchomp, L50, F|
|poke|p1|Gholdengo, L50|
|poke|p1|Talonflame, L50, F|
|poke|p1|Amoonguss, L50, M|
|poke|p1|Milotic, L50, M|
|poke|p2|Tyranitar, L50, F|
|poke|p2|Excadrill, L50, F|
|poke|p2|Indeedee, L50, M|
|poke|p2|Sneasler, L50, M|
|poke|p2|Corviknight, L50, M|
|poke|p2|Hydreigon, L50, M|
|teampreview|4
|showteam|p1|Tyranitar||AssaultVest|SandStream|RockSlide,TeraBlast,KnockOff,LowKick|||F|||50|,,,,,Flying]Garchomp||LifeOrb|SandVeil|Protect,DragonClaw,StompingTantrum,Earthquake|||F|||50|,,,,,Steel]Gholdengo||MetalCoat|GoodasGold|MakeItRain,ShadowBall,Protect,NastyPlot||||||50|,,,,,Flying]Talonflame||CovertCloak|GaleWings|BraveBird,Tailwind,WillOWisp,Taunt|||F|||50|,,,,,Ghost]Amoonguss||SitrusBerry|Regenerator|Protect,Spore,RagePowder,PollenPuff|||M|||50|,,,,,Water]Milotic||SafetyGoggles|Competitive|Haze,Protect,IcyWind,Scald|||M|||50|,,,,,Dragon
|showteam|p2|Tyranitar||AssaultVest|SandStream|KnockOff,RockSlide,TeraBlast,LowKick|||F|||50|,,,,,Flying]Excadrill||FocusSash|SandRush|Earthquake,IronHead,HighHorsepower,Protect|||F|||50|,,,,,Stellar]Indeedee||ChoiceScarf|PsychicSurge|ExpandingForce,TeraBlast,Trick,Protect|||M|||50|,,,,,Psychic]Sneasler||WhiteHerb|Unburden|DireClaw,CloseCombat,Coaching,FakeOut|||M|||50|,,,,,Stellar]Corviknight||PsychicSeed|MirrorArmor|BraveBird,PowerTrip,BulkUp,Roost|||M|||50|,,,,,Water]Hydreigon||LifeOrb|Levitate|DracoMeteor,DarkPulse,Protect,Tailwind|||M|||50|,,,,,Ghost
|inactive|Battle timer is ON: inactive players will automatically lose when time's up. (requested by SelvesterTheYAK)
|
|t:|1756956180
|teamsize|p1|4
|teamsize|p2|4
|start
|switch|p1a: Tyranitar|Tyranitar, L50, F|100/100
|switch|p1b: Amoonguss|Amoonguss, L50, M|100/100
|switch|p2a: Tyranitar|Tyranitar, L50, F|100/100
|switch|p2b: Excadrill|Excadrill, L50, F|100/100
|-weather|Sandstorm|[from] ability: Sand Stream|[of] p2a: Tyranitar
|turn|1
|inactive|SelvesterTheYAK has 30 seconds left.
|inactive|luckyross has 30 seconds left.
|inactive|luckyross has 20 seconds left.
|
|t:|1756956224
|-terastallize|p2a: Tyranitar|Flying
|-terastallize|p1a: Tyranitar|Flying
|move|p2b: Excadrill|Earthquake|p1b: Amoonguss|[spread] p1b
|-immune|p2a: Tyranitar
|-immune|p1a: Tyranitar
|-damage|p1b: Amoonguss|68/100
|move|p2a: Tyranitar|Rock Slide|p1b: Amoonguss|[spread] p1a,p1b
|-supereffective|p1a: Tyranitar
|-damage|p1a: Tyranitar|46/100
|-damage|p1b: Amoonguss|42/100
|-enditem|p1b: Amoonguss|Sitrus Berry|[eat]
|-heal|p1b: Amoonguss|67/100|[from] item: Sitrus Berry
|move|p1a: Tyranitar|Low Kick|p2b: Excadrill
|-supereffective|p2b: Excadrill
|-damage|p2b: Excadrill|36/100
|move|p1b: Amoonguss|Spore|p2a: Tyranitar
|-status|p2a: Tyranitar|slp|[from] move: Spore
|
|-weather|Sandstorm|[upkeep]
|-damage|p2a: Tyranitar|95/100 slp|[from] Sandstorm
|-damage|p1a: Tyranitar|40/100|[from] Sandstorm
|-damage|p1b: Amoonguss|61/100|[from] Sandstorm
|upkeep
|turn|2
|inactive|SelvesterTheYAK has 30 seconds left.
|inactive|luckyross has 30 seconds left.
|inactive|SelvesterTheYAK has 20 seconds left.
|
|t:|1756956260
|move|p2b: Excadrill|Protect|p2b: Excadrill
|-singleturn|p2b: Excadrill|Protect
|cant|p2a: Tyranitar|slp
|move|p1a: Tyranitar|Low Kick|p2b: Excadrill
|-activate|p2b: Excadrill|move: Protect
|move|p1b: Amoonguss|Spore|p2b: Excadrill
|-activate|p2b: Excadrill|move: Protect
|
|-weather|Sandstorm|[upkeep]
|-damage|p2a: Tyranitar|89/100 slp|[from] Sandstorm
|-damage|p1a: Tyranitar|35/100|[from] Sandstorm
|-damage|p1b: Amoonguss|55/100|[from] Sandstorm
|upkeep
|turn|3
|
|t:|1756956277
|move|p2b: Excadrill|Iron Head|p1a: Tyranitar
|-damage|p1a: Tyranitar|0 fnt
|faint|p1a: Tyranitar
|cant|p2a: Tyranitar|slp
|move|p1b: Amoonguss|Spore|p2b: Excadrill
|-status|p2b: Excadrill|slp|[from] move: Spore
|
|-weather|Sandstorm|[upkeep]
|-damage|p2a: Tyranitar|83/100 slp|[from] Sandstorm
|-damage|p1b: Amoonguss|49/100|[from] Sandstorm
|upkeep
|inactive|SelvesterTheYAK has 30 seconds left.
|
|t:|1756956307
|switch|p1a: Gholdengo|Gholdengo, L50|100/100
|turn|4
|
|t:|1756956318
|move|p1b: Amoonguss|Rage Powder|p1b: Amoonguss
|-singleturn|p1b: Amoonguss|move: Rage Powder
|cant|p2b: Excadrill|slp
|move|p1a: Gholdengo|Shadow Ball|p2b: Excadrill
|-damage|p2b: Excadrill|0 fnt
|faint|p2b: Excadrill
|-curestatus|p2a: Tyranitar|slp|[msg]
|move|p2a: Tyranitar|Tera Blast|p1b: Amoonguss|[anim] Tera Blast Flying
|-supereffective|p1b: Amoonguss
|-damage|p1b: Amoonguss|0 fnt
|faint|p1b: Amoonguss
|
|-weather|Sandstorm|[upkeep]
|-damage|p2a: Tyranitar|77/100|[from] Sandstorm
|upkeep
|
|t:|1756956338
|switch|p2b: My Goat|Hydreigon, L50, M|100/100
|switch|p1b: Garchomp|Garchomp, L50, F|100/100
|turn|5
|
|t:|1756956361
|move|p2b: My Goat|Protect|p2b: My Goat
|-singleturn|p2b: My Goat|Protect
|move|p1a: Gholdengo|Protect|p1a: Gholdengo
|-singleturn|p1a: Gholdengo|Protect
|move|p1b: Garchomp|Dragon Claw|p2b: My Goat
|-activate|p2b: My Goat|move: Protect
|move|p2a: Tyranitar|Knock Off|p1a: Gholdengo
|-activate|p1a: Gholdengo|move: Protect
|
|-weather|none
|upkeep
|turn|6
|
|t:|1756956376
|move|p1b: Garchomp|Dragon Claw|p2b: My Goat
|-supereffective|p2b: My Goat
|-damage|p2b: My Goat|0 fnt
|faint|p2b: My Goat
|-damage|p1b: Garchomp|91/100|[from] item: Life Orb
|move|p1a: Gholdengo|Make It Rain|p2a: Tyranitar
|-damage|p2a: Tyranitar|31/100
|-unboost|p1a: Gholdengo|spa|1
|move|p2a: Tyranitar|Knock Off|p1a: Gholdengo
|-supereffective|p1a: Gholdengo
|-damage|p1a: Gholdengo|0 fnt
|-enditem|p1a: Gholdengo|Metal Coat|[from] move: Knock Off|[of] p2a: Tyranitar
|faint|p1a: Gholdengo
|
|upkeep
|
|t:|1756956392
|switch|p2b: Indeedee|Indeedee, L50, M|100/100
|-fieldstart|move: Psychic Terrain|[from] ability: Psychic Surge|[of] p2b: Indeedee
|turn|7
|
|t:|1756956400
|move|p2b: Indeedee|Expanding Force|p1b: Garchomp
|-damage|p1b: Garchomp|9/100
|move|p1b: Garchomp|Dragon Claw|p2a: Tyranitar
|-damage|p2a: Tyranitar|0 fnt
|faint|p2a: Tyranitar
|-damage|p1b: Garchomp|0 fnt|[from] item: Life Orb
|faint|p1b: Garchomp
|
|win|luckyross
||SelvesterTheYAK is ready for game 2.
|inactive|luckyross has 30 seconds to confirm battle start!
||luckyross is ready for game 2.
|uhtml|next|Next: Game 2 of 3
|l|☆luckyross
|player|p2|
