|j|☆ReshiramVG
|j|☆SetRoc_CR
|html|ReshiramVGSetRoc_CR    
|uhtml|bestof|Game 1 of a best-of-3
|t:|1786153174
|gametype|doubles
|player|p1|ReshiramVG|hilbert|1165
|player|p2|SetRoc_CR|2|1000
|gen|9
|tier|[Gen 9 Champions] VGC 2026 Reg M-B (Bo3)
|rated|
|rule|Species Clause: Limit one of each Pokémon
|rule|Item Clause: Limit 1 of each item
|clearpoke
|poke|p1|Floette-Eternal, L50, F|
|poke|p1|Rotom-Wash, L50|
|poke|p1|Sinistcha-Masterpiece, L50|
|poke|p1|Incineroar, L50, F|
|poke|p1|Ceruledge, L50, M|
|poke|p1|Raichu, L50, F|
|poke|p2|Staraptor, L50, M|
|poke|p2|Garchomp, L50, F|
|poke|p2|Whimsicott, L50, M|
|poke|p2|Delphox, L50, M|
|poke|p2|Glimmora, L50, M|
|poke|p2|Kingambit, L50, M|
|teampreview|4
|showteam|p1|Floette-Eternal||Floettite|FlowerVeil|Protect,DazzlingGleam,DrainingKiss,CalmMind|Modest||F|||50|]Rotom-Wash||ChoiceScarf|Levitate|HydroPump,VoltSwitch,Electroweb,WillOWisp|Timid|||||50|]Sinistcha-Masterpiece||KasibBerry|Hospitality|Protect,MatchaGotcha,RagePowder,LifeDew|Bold|||||50|]Incineroar||SitrusBerry|Intimidate|FlareBlitz,ThroatChop,PartingShot,FakeOut|Impish||F|||50|]Ceruledge||ColburBerry|FlashFire|Protect,BitterBlade,ShadowSneak,BulkUp|Adamant||M|||50|]Raichu||RaichuniteY|Static|Protect,FakeOut,ZapCannon,FocusBlast|Timid||F|||50|
|showteam|p2|Staraptor||Staraptite|Intimidate|Protect,Roost,CloseCombat,BraveBird|Jolly||M|||50|]Garchomp||LifeOrb|RoughSkin|Protect,RockSlide,Earthquake,DragonClaw|Jolly||F|||50|]Whimsicott||OccaBerry|Prankster|Moonblast,Tailwind,Charm,LightScreen|Timid||M|||50|]Delphox||Delphoxite|Magician|Protect,Psychic,HeatWave,Substitute|Timid||M|||50|]Glimmora||FocusSash|ToxicDebris|SpikyShield,SludgeBomb,EarthPower,PowerGem|Timid||M|||50|]Kingambit||ChopleBerry|Defiant|SuckerPunch,LowKick,IronHead,KowtowCleave|Adamant||M|||50|
|l|☆ReshiramVG
|player|p1|
|j|☆ReshiramVG
|player|p1|ReshiramVG|hilbert|
|inactive|Battle timer is ON: inactive players will automatically lose when time's up. (requested by ReshiramVG)
|
|t:|1786153254
|teamsize|p1|4
|teamsize|p2|4
|start
|switch|p1a: Rotom|Rotom-Wash, L50|100/100
|switch|p1b: Ceruledge|Ceruledge, L50, M|100/100
|switch|p2a: Staraptor|Staraptor, L50, M|100/100
|switch|p2b: Glimmora|Glimmora, L50, M|100/100
|-ability|p2a: Staraptor|Intimidate|boost
|-unboost|p1a: Rotom|atk|1
|-unboost|p1b: Ceruledge|atk|1
|turn|1
|inactive|ReshiramVG has 30 seconds left.
|inactive|SetRoc_CR has 30 seconds left.
|inactive|ReshiramVG has 20 seconds left.
|inactive|SetRoc_CR has 20 seconds left.
|
|t:|1786153289
|switch|p1b: Floette|Floette-Eternal, L50, F|100/100
|move|p2a: Staraptor|Protect|p2a: Staraptor
|-singleturn|p2a: Staraptor|Protect
|move|p1a: Rotom|Hydro Pump|p2b: Glimmora
|-supereffective|p2b: Glimmora|1
|-crit|p2b: Glimmora
|-enditem|p2b: Glimmora|Focus Sash
|-damage|p2b: Glimmora|1/100
|move|p2b: Glimmora|Power Gem|p1a: Rotom
|-damage|p1a: Rotom|50/100g
|
|upkeep
|turn|2
|inactive|ReshiramVG has 30 seconds left.
|
|t:|1786153321
|switch|p2a: Whimsicott|Whimsicott, L50, M|100/100
|detailschange|p1b: Floette|Floette-Mega, L50, F
|-mega|p1b: Floette|Floette|Floettite
|-ability|p1b: Floette|Fairy Aura
|move|p2b: Glimmora|Spiky Shield|p2b: Glimmora
|-singleturn|p2b: Glimmora|move: Protect
|move|p1a: Rotom|Hydro Pump|p2b: Glimmora
|-activate|p2b: Glimmora|move: Protect
|move|p1b: Floette|Calm Mind|p1b: Floette
|-boost|p1b: Floette|spa|1
|-boost|p1b: Floette|spd|1
|
|upkeep
|turn|3
|inactive|ReshiramVG has 30 seconds left.
|inactive|SetRoc_CR has 30 seconds left.
|
|t:|1786153354
|move|p1b: Floette|Protect|p1b: Floette
|-singleturn|p1b: Floette|Protect
|move|p2a: Whimsicott|Tailwind|p2a: Whimsicott
|-sidestart|p2: SetRoc_CR|move: Tailwind
|move|p2b: Glimmora|Power Gem|p1a: Rotom
|-damage|p1a: Rotom|0 fnt
|faint|p1a: Rotom
|
|upkeep
|
|t:|1786153362
|switch|p1a: Ceruledge|Ceruledge, L50, M|100/100
|turn|4
|inactive|ReshiramVG has 30 seconds left.
|inactive|SetRoc_CR has 30 seconds left.
|inactive|ReshiramVG has 20 seconds left.
|inactive|SetRoc_CR has 20 seconds left.
|inactive|ReshiramVG has 15 seconds left.
|inactive|ReshiramVG has 10 seconds left.
|inactive|ReshiramVG has 5 seconds left.
|
|t:|1786153417
|move|p1b: Floette|Protect||[still]
|-fail|p1b: Floette
|move|p1a: Ceruledge|Protect|p1a: Ceruledge
|-singleturn|p1a: Ceruledge|Protect
|move|p2a: Whimsicott|Light Screen|p2a: Whimsicott
|-sidestart|p2: SetRoc_CR|move: Light Screen
|move|p2b: Glimmora|Sludge Bomb|p1b: Floette
|-supereffective|p1b: Floette|1
|-damage|p1b: Floette|50/100g
|
|upkeep
|turn|5
|inactive|ReshiramVG has 30 seconds left.
|
|t:|1786153449
|move|p2a: Whimsicott|Charm|p1a: Ceruledge
|-unboost|p1a: Ceruledge|atk|2
|move|p1a: Ceruledge|Shadow Sneak|p2b: Glimmora
|-damage|p2b: Glimmora|0 fnt
|-activate|p2b: Glimmora|ability: Toxic Debris
|-sidestart|p1: ReshiramVG|move: Toxic Spikes
|faint|p2b: Glimmora
|move|p1b: Floette|Draining Kiss|p2a: Whimsicott
|-damage|p2a: Whimsicott|41/100
|-heal|p1b: Floette|93/100|[from] drain|[of] p2a: Whimsicott
|
|upkeep
|
|t:|1786153465
|switch|p2b: Staraptor|Staraptor, L50, M|100/100
|-ability|p2b: Staraptor|Intimidate|boost
|-unboost|p1a: Ceruledge|atk|1
|-unboost|p1b: Floette|atk|1
|turn|6
|inactive|ReshiramVG has 30 seconds left.
|inactive|SetRoc_CR has 30 seconds left.
|inactive|ReshiramVG has 20 seconds left.
|inactive|SetRoc_CR has 20 seconds left.
|inactive|SetRoc_CR has 15 seconds left.
|inactive|SetRoc_CR has 10 seconds left.
|
|t:|1786153511
|switch|p1a: Sinistcha|Sinistcha-Masterpiece, L50|100/100
|-status|p1a: Sinistcha|psn
|-heal|p1b: Floette|100/100|[from] ability: Hospitality|[of] p1a: Sinistcha
|detailschange|p2b: Staraptor|Staraptor-Mega, L50, M
|-mega|p2b: Staraptor|Staraptor|Staraptite
|move|p1b: Floette|Protect|p1b: Floette
|-singleturn|p1b: Floette|Protect
|move|p2a: Whimsicott|Charm|p2b: Staraptor
|-boost|p2b: Staraptor|atk|2
|move|p2b: Staraptor|Close Combat|p1b: Floette
|-activate|p1b: Floette|move: Protect
|
|-damage|p1a: Sinistcha|87/100 psn|[from] psn
|-sideend|p2: SetRoc_CR|move: Tailwind
|upkeep
|turn|7
|inactive|ReshiramVG has 30 seconds left.
|
|t:|1786153540
|move|p1a: Sinistcha|Rage Powder|p1a: Sinistcha
|-singleturn|p1a: Sinistcha|move: Rage Powder
|move|p2a: Whimsicott|Tailwind|p2a: Whimsicott
|-sidestart|p2: SetRoc_CR|move: Tailwind
|move|p2b: Staraptor|Brave Bird|p1a: Sinistcha
|-supereffective|p1a: Sinistcha|1
|-damage|p1a: Sinistcha|0 fnt
|faint|p1a: Sinistcha
|-damage|p2b: Staraptor|73/100|[from] Recoil
|move|p1b: Floette|Dazzling Gleam|p2b: Staraptor|[spread] p2a,p2b
|-supereffective|p2b: Staraptor|1
|-damage|p2a: Whimsicott|0 fnt
|-damage|p2b: Staraptor|0 fnt
|faint|p2a: Whimsicott
|faint|p2b: Staraptor
|
|upkeep
|
|t:|1786153554
|switch|p2b: Kingambit|Kingambit, L50, M|100/100
|switch|p1a: Ceruledge|Ceruledge, L50, M|100/100
|-status|p1a: Ceruledge|psn
|turn|8
|
|t:|1786153568
|move|p1b: Floette|Dazzling Gleam|p2b: Kingambit
|-damage|p2b: Kingambit|45/100
|move|p2b: Kingambit|Kowtow Cleave|p1a: Ceruledge
|-supereffective|p1a: Ceruledge|1
|-enditem|p1a: Ceruledge|Colbur Berry|[eat]
|-enditem|p1a: Ceruledge|Colbur Berry|[weaken]
|-damage|p1a: Ceruledge|48/100 psn
|move|p1a: Ceruledge|Bitter Blade|p2b: Kingambit
|-supereffective|p2b: Kingambit|1
|-damage|p2b: Kingambit|0 fnt
|-heal|p1a: Ceruledge|74/100 psn|[from] drain|[of] p2b: Kingambit
|faint|p2b: Kingambit
|
|win|ReshiramVG
