|j|☆168wgr
|j|☆Alecat
|html|168wgrAlecat    
|uhtml|bestof|Game 1 of a best-of-3
|t:|1757114759
|gametype|doubles
|player|p1|168wgr|linebacker|1086
|player|p2|Alecat|265|1060
|gen|9
|tier|[Gen 9] VGC 2025 Reg H (Bo3)
|rated|
|rule|Species Clause: Limit one of each Pokémon
|rule|Item Clause: Limit 1 of each item
|clearpoke
|poke|p1|Sneasler, L50, F|
|poke|p1|Rillaboom, L50, F|
|poke|p1|Magmar, L50, M|
|poke|p1|Espathra, L50, F|
|poke|p1|Kingambit, L50, F|
|poke|p1|Arcanine-Hisui, L50, M|
|poke|p2|Pawmot, L50, M|
|poke|p2|Gyarados, L50, F|
|poke|p2|Volcarona, L50, F|
|poke|p2|Murkrow, L50, M|
|poke|p2|Incineroar, L50, F|
|poke|p2|Archaludon, L50, M|
|teampreview|4
|showteam|p1|Sneasler||FocusSash|Unburden|FakeOut,CloseCombat,DireClaw,Coaching|||F|||50|,,,,,Ghost]Rillaboom||AssaultVest|GrassySurge|FakeOut,WoodHammer,GrassyGlide,HighHorsepower|||F|||50|,,,,,Fire]Magmar||Eviolite|VitalSpirit|Protect,HeatWave,Taunt,FollowMe|||M|||50|,,,,,Dragon]Espathra||GrassySeed|SpeedBoost|Protect,StoredPower,TeraBlast,CalmMind|||F|||50|,,,,,Fighting]Kingambit||SafetyGoggles|Defiant|Protect,KowtowCleave,SuckerPunch,SwordsDance|||F|||50|,,,,,Dark]Arcanine-Hisui||LoadedDice|Intimidate|Protect,FlareBlitz,RockBlast,ExtremeSpeed|||M|||50|,,,,,Ghost
|showteam|p2|Pawmot||FocusSash|VoltAbsorb|DoubleShock,Coaching,CloseCombat,Protect|||M|||50|,,,,,Electric]Gyarados||ClearAmulet|Moxie|Waterfall,DragonDance,Earthquake,Protect|||F|||50|,,,,,Ground]Volcarona||SitrusBerry|FlameBody|Overheat,StruggleBug,RagePowder,Tailwind|||F|||50|,,,,,Grass]Murkrow||Eviolite|Prankster|FoulPlay,RainDance,Tailwind,SunnyDay|||M|||50|,,,,,Dark]Incineroar||AssaultVest|Intimidate|FlareBlitz,FakeOut,Bulldoze,KnockOff|||F|||50|,,,,,Ghost]Archaludon||PowerHerb|Stalwart|DragonTail,FlashCannon,ElectroShot,Protect|||M|||50|,,,,,Grass
|
|t:|1757114810
|teamsize|p1|4
|teamsize|p2|4
|start
|switch|p1a: Sneasler|Sneasler, L50, F|100/100
|switch|p1b: Espathra|Espathra, L50, F|100/100
|switch|p2a: Murkrow|Murkrow, L50, M|100/100
|switch|p2b: Gyarados|Gyarados, L50, F|100/100
|turn|1
|
|t:|1757114828
|move|p1a: Sneasler|Fake Out|p2b: Gyarados
|-damage|p2b: Gyarados|83/100
|move|p2a: Murkrow|Tailwind|p2a: Murkrow
|-sidestart|p2: Alecat|move: Tailwind
|cant|p2b: Gyarados|flinch
|move|p1b: Espathra|Calm Mind|p1b: Espathra
|-boost|p1b: Espathra|spa|1
|-boost|p1b: Espathra|spd|1
|
|-ability|p1b: Espathra|Speed Boost|boost
|-boost|p1b: Espathra|spe|1
|upkeep
|turn|2
|
|t:|1757114847
|switch|p1a: Rillaboom|Rillaboom, L50, F|100/100
|-fieldstart|move: Grassy Terrain|[from] ability: Grassy Surge|[of] p1a: Rillaboom
|-enditem|p1b: Espathra|Grassy Seed
|-boost|p1b: Espathra|def|1|[from] item: Grassy Seed
|move|p1b: Espathra|Protect|p1b: Espathra
|-singleturn|p1b: Espathra|Protect
|move|p2b: Gyarados|Earthquake|p1a: Rillaboom|[spread] p1a
|-activate|p1b: Espathra|move: Protect
|-immune|p2a: Murkrow
|-resisted|p1a: Rillaboom
|-damage|p1a: Rillaboom|94/100
|move|p2a: Murkrow|Foul Play|p1b: Espathra
|-activate|p1b: Espathra|move: Protect
|
|-heal|p1a: Rillaboom|99/100|[from] Grassy Terrain
|-ability|p1b: Espathra|Speed Boost|boost
|-boost|p1b: Espathra|spe|1
|upkeep
|turn|3
|
|t:|1757114872
|switch|p2b: Volcarona|Volcarona, L50, F|100/100
|move|p1a: Rillaboom|Fake Out|p2a: Murkrow
|-damage|p2a: Murkrow|82/100
|move|p1b: Espathra|Stored Power|p2b: Volcarona
|-damage|p2b: Volcarona|28/100
|-enditem|p2b: Volcarona|Sitrus Berry|[eat]
|-heal|p2b: Volcarona|53/100|[from] item: Sitrus Berry
|cant|p2a: Murkrow|flinch
|
|-heal|p2b: Volcarona|59/100|[from] Grassy Terrain
|-heal|p1a: Rillaboom|100/100|[from] Grassy Terrain
|-ability|p1b: Espathra|Speed Boost|boost
|-boost|p1b: Espathra|spe|1
|upkeep
|turn|4
|
|t:|1757114894
|switch|p1a: Arcanine|Arcanine-Hisui, L50, M|100/100
|-ability|p1a: Arcanine|Intimidate|boost
|-unboost|p2a: Murkrow|atk|1
|-unboost|p2b: Volcarona|atk|1
|move|p1b: Espathra|Protect|p1b: Espathra
|-singleturn|p1b: Espathra|Protect
|move|p2b: Volcarona|Struggle Bug|p1b: Espathra|[spread] p1a
|-activate|p1b: Espathra|move: Protect
|-resisted|p1a: Arcanine
|-damage|p1a: Arcanine|89/100
|-unboost|p1a: Arcanine|spa|1
|move|p2a: Murkrow|Foul Play|p1a: Arcanine
|-crit|p1a: Arcanine
|-damage|p1a: Arcanine|0 fnt
|faint|p1a: Arcanine
|
|-heal|p2b: Volcarona|65/100|[from] Grassy Terrain
|-sideend|p2: Alecat|move: Tailwind
|-ability|p1b: Espathra|Speed Boost|boost
|-boost|p1b: Espathra|spe|1
|upkeep
|
|t:|1757114918
|switch|p1a: Sneasler|Sneasler, L50, F|100/100
|turn|5
|
|t:|1757114928
|move|p1a: Sneasler|Fake Out|p2a: Murkrow
|-damage|p2a: Murkrow|62/100
|cant|p2a: Murkrow|flinch
|move|p1b: Espathra|Stored Power|p2b: Volcarona
|-damage|p2b: Volcarona|0 fnt
|faint|p2b: Volcarona
|
|-ability|p1b: Espathra|Speed Boost|boost
|-boost|p1b: Espathra|spe|1
|upkeep
|
|t:|1757114933
|switch|p2b: Archaludon|Archaludon, L50, M|100/100
|turn|6
|
|t:|1757114960
|-terastallize|p1b: Espathra|Fighting
|move|p1b: Espathra|Tera Blast|p2b: Archaludon|[anim] Tera Blast Fighting
|-supereffective|p2b: Archaludon
|-crit|p2b: Archaludon
|-damage|p2b: Archaludon|0 fnt
|faint|p2b: Archaludon
|move|p1a: Sneasler|Close Combat|p2a: Murkrow
|-damage|p2a: Murkrow|0 fnt
|-unboost|p1a: Sneasler|def|1
|-unboost|p1a: Sneasler|spd|1
|faint|p2a: Murkrow
|
|-fieldend|move: Grassy Terrain
|-ability|p1b: Espathra|Speed Boost|boost
|-boost|p1b: Espathra|spe|1
|upkeep
|
|t:|1757114986
|switch|p2b: Gyarados|Gyarados, L50, F|83/100
|turn|7
|
|t:|1757114995
|move|p1b: Espathra|Stored Power|p2b: Gyarados
|-damage|p2b: Gyarados|0 fnt
|faint|p2b: Gyarados
|
|win|168wgr
||168wgr is ready for game 2.
|c|☆Alecat|Love your team
|inactive|Alecat has 30 seconds to confirm battle start!
|c|☆168wgr|ty!
|c|☆168wgr|It's fun to play
|inactive|Alecat has 20 seconds to confirm battle start!
