|j|☆kennyomeg
|j|☆Xfede77
|html|kennyomegXfede77    
|uhtml|bestof|Game 1 of a best-of-3
|t:|1757855918
|gametype|doubles
|player|p1|kennyomeg|steven|1280
|player|p2|Xfede77|giovanni|1234
|gen|9
|tier|[Gen 9] VGC 2025 Reg H (Bo3)
|rated|
|rule|Species Clause: Limit one of each Pokémon
|rule|Item Clause: Limit 1 of each item
|clearpoke
|poke|p1|Incineroar, L50, M|
|poke|p1|Pelipper, L50, M|
|poke|p1|Basculegion, L50, M|
|poke|p1|Amoonguss, L50, F|
|poke|p1|Maushold-Four, L50|
|poke|p1|Archaludon, L50, M|
|poke|p2|Sableye, L50, F|
|poke|p2|Archaludon, L50, M|
|poke|p2|Amoonguss, L50, M|
|poke|p2|Talonflame, L50, F|
|poke|p2|Rillaboom, L50, M|
|poke|p2|Primarina, L50, M|
|teampreview|4
|showteam|p1|Incineroar||SafetyGoggles|Intimidate|FakeOut,FlareBlitz,KnockOff,PartingShot|||M|||50|,,,,,Ghost]Pelipper||FocusSash|Drizzle|Hurricane,WeatherBall,Tailwind,Protect|||M|||50|,,,,,Ghost]Basculegion||MysticWater|SwiftSwim|Protect,WaveCrash,AquaJet,LastRespects|||M|||50|,,,,,Water]Amoonguss||SitrusBerry|Regenerator|Spore,RagePowder,PollenPuff,ClearSmog|||F|||50|,,,,,Water]Maushold-Four||WideLens|Technician|PopulationBomb,FollowMe,Taunt,Protect||||||50|,,,,,Grass]Archaludon||AssaultVest|Stamina|ElectroShot,DragonPulse,FlashCannon,BodyPress|||M|||50|,,,,,Grass
|showteam|p2|Sableye||SitrusBerry|Prankster|FakeOut,RainDance,Disable,Encore|||F|||50|,,,,,Dark]Archaludon||AssaultVest|Stamina|ElectroShot,FlashCannon,BodyPress,DragonPulse|||M|||50|,,,,,Bug]Amoonguss||RockyHelmet|Regenerator|RagePowder,PollenPuff,Spore,ClearSmog|||M|||50|,,,,,Fairy]Talonflame||CovertCloak|GaleWings|DualWingbeat,FlareBlitz,Tailwind,WillOWisp|||F|||50|,,,,,Stellar]Rillaboom||MiracleSeed|GrassySurge|FakeOut,GrassyGlide,Uturn,WoodHammer|||M|||50|,,,,,Grass]Primarina||ThroatSpray|LiquidVoice|Protect,Haze,HyperVoice,Moonblast|||M|||50|,,,,,Poison
|inactive|Battle timer is ON: inactive players will automatically lose when time's up. (requested by Xfede77)
|inactive|kennyomeg has 60 seconds left.
|inactive|kennyomeg has 30 seconds left.
|inactive|kennyomeg has 20 seconds left.
|inactive|kennyomeg has 15 seconds left.
|inactive|kennyomeg has 10 seconds left.
|
|t:|1757856027
|teamsize|p1|4
|teamsize|p2|4
|start
|switch|p1a: Maushold|Maushold-Four, L50|100/100
|switch|p1b: Archaludon|Archaludon, L50, M|100/100
|switch|p2a: Amoonguss|Amoonguss, L50, M|100/100
|switch|p2b: Talonflame|Talonflame, L50, F|100/100
|turn|1
|inactive|kennyomeg has 30 seconds left.
|
|t:|1757856062
|move|p1a: Maushold|Protect|p1a: Maushold
|-singleturn|p1a: Maushold|Protect
|move|p2b: Talonflame|Will-O-Wisp|p1b: Archaludon
|-status|p1b: Archaludon|brn
|move|p1b: Archaludon|Dragon Pulse|p2b: Talonflame
|-damage|p2b: Talonflame|40/100
|move|p2a: Amoonguss|Spore|p1a: Maushold
|-activate|p1a: Maushold|move: Protect
|
|-damage|p1b: Archaludon|94/100 brn|[from] brn
|upkeep
|turn|2
|
|t:|1757856087
|switch|p1a: Amoonguss|Amoonguss, L50, F|100/100
|switch|p2a: Archaludon|Archaludon, L50, M|100/100
|move|p2b: Talonflame|Dual Wingbeat|p1a: Amoonguss
|-supereffective|p1a: Amoonguss
|-damage|p1a: Amoonguss|70/100
|-supereffective|p1a: Amoonguss
|-damage|p1a: Amoonguss|36/100
|-enditem|p1a: Amoonguss|Sitrus Berry|[eat]
|-heal|p1a: Amoonguss|61/100|[from] item: Sitrus Berry
|-hitcount|p1a: Amoonguss|2
|move|p1b: Archaludon|Dragon Pulse|p2b: Talonflame
|-damage|p2b: Talonflame|0 fnt
|faint|p2b: Talonflame
|
|-damage|p1b: Archaludon|88/100 brn|[from] brn
|upkeep
|
|t:|1757856107
|switch|p2b: Rillaboom|Rillaboom, L50, M, shiny|100/100
|-fieldstart|move: Grassy Terrain|[from] ability: Grassy Surge|[of] p2b: Rillaboom
|turn|3
|
|t:|1757856132
|switch|p2a: Amoonguss|Amoonguss, L50, M|100/100
|switch|p1a: Maushold|Maushold-Four, L50|100/100
|move|p1b: Archaludon|Electro Shot||[still]
|-prepare|p1b: Archaludon|Electro Shot
|-boost|p1b: Archaludon|spa|1
|move|p2b: Rillaboom|U-turn|p1a: Maushold
|-damage|p1a: Maushold|64/100
|
|t:|1757856142
|switch|p2b: Archaludon|Archaludon, L50, M|100/100|[from] U-turn
|
|-heal|p1a: Maushold|70/100|[from] Grassy Terrain
|-heal|p1b: Archaludon|94/100 brn|[from] Grassy Terrain
|-damage|p1b: Archaludon|88/100 brn|[from] brn
|upkeep
|turn|4
|
|t:|1757856166
|-terastallize|p1a: Maushold|Grass
|move|p1a: Maushold|Population Bomb|p1b: Archaludon
|-resisted|p1b: Archaludon
|-damage|p1b: Archaludon|84/100 brn
|-ability|p1b: Archaludon|Stamina|boost
|-boost|p1b: Archaludon|def|1
|-resisted|p1b: Archaludon
|-damage|p1b: Archaludon|81/100 brn
|-ability|p1b: Archaludon|Stamina|boost
|-boost|p1b: Archaludon|def|1
|-resisted|p1b: Archaludon
|-damage|p1b: Archaludon|79/100 brn
|-ability|p1b: Archaludon|Stamina|boost
|-boost|p1b: Archaludon|def|1
|-resisted|p1b: Archaludon
|-damage|p1b: Archaludon|77/100 brn
|-ability|p1b: Archaludon|Stamina|boost
|-boost|p1b: Archaludon|def|1
|-resisted|p1b: Archaludon
|-damage|p1b: Archaludon|76/100 brn
|-ability|p1b: Archaludon|Stamina|boost
|-boost|p1b: Archaludon|def|1
|-resisted|p1b: Archaludon
|-damage|p1b: Archaludon|74/100 brn
|-ability|p1b: Archaludon|Stamina|boost
|-boost|p1b: Archaludon|def|1
|-resisted|p1b: Archaludon
|-damage|p1b: Archaludon|73/100 brn
|-resisted|p1b: Archaludon
|-damage|p1b: Archaludon|72/100 brn
|-resisted|p1b: Archaludon
|-damage|p1b: Archaludon|71/100 brn
|-resisted|p1b: Archaludon
|-damage|p1b: Archaludon|70/100 brn
|-hitcount|p1b: Archaludon|10
|move|p2b: Archaludon|Body Press|p1a: Maushold
|-damage|p1a: Maushold|32/100
|move|p1b: Archaludon|Electro Shot|p2b: Archaludon|[from] lockedmove
|-resisted|p2b: Archaludon
|-damage|p2b: Archaludon|74/100
|-ability|p2b: Archaludon|Stamina|boost
|-boost|p2b: Archaludon|def|1
|move|p2a: Amoonguss|Pollen Puff|p2b: Archaludon
|-heal|p2b: Archaludon|100/100
|
|-heal|p1a: Maushold|38/100|[from] Grassy Terrain
|-heal|p1b: Archaludon|76/100 brn|[from] Grassy Terrain
|-damage|p1b: Archaludon|70/100 brn|[from] brn
|upkeep
|turn|5
|inactive|kennyomeg has 30 seconds left.
|inactive|Xfede77 has 30 seconds left.
|inactive|Xfede77 has 20 seconds left.
|inactive|Xfede77 has 15 seconds left.
|inactive|Xfede77 has 10 seconds left.
|inactive|Xfede77 has 5 seconds left.
|
|t:|1757856216
|move|p2a: Amoonguss|Rage Powder|p2a: Amoonguss
|-singleturn|p2a: Amoonguss|move: Rage Powder
|move|p1a: Maushold|Taunt|p2a: Amoonguss
|-start|p2a: Amoonguss|move: Taunt
|move|p2b: Archaludon|Dragon Pulse|p1b: Archaludon
|-damage|p1b: Archaludon|41/100 brn
|move|p1b: Archaludon|Dragon Pulse|p2a: Amoonguss
|-damage|p2a: Amoonguss|53/100
|
|-heal|p1a: Maushold|44/100|[from] Grassy Terrain
|-heal|p1b: Archaludon|47/100 brn|[from] Grassy Terrain
|-heal|p2a: Amoonguss|59/100|[from] Grassy Terrain
|-damage|p1b: Archaludon|41/100 brn|[from] brn
|upkeep
|turn|6
|inactive|kennyomeg has 30 seconds left.
|inactive|Xfede77 has 30 seconds left.
|inactive|kennyomeg has 20 seconds left.
|inactive|Xfede77 has 20 seconds left.
|inactive|Xfede77 has 15 seconds left.
|inactive|Xfede77 has 10 seconds left.
|inactive|Xfede77 has 5 seconds left.
|
|t:|1757856271
|switch|p1a: Amoonguss|Amoonguss, L50, F|94/100
|move|p2b: Archaludon|Electro Shot||[still]
|-prepare|p2b: Archaludon|Electro Shot
|-boost|p2b: Archaludon|spa|1
|move|p1b: Archaludon|Body Press|p2b: Archaludon
|-supereffective|p2b: Archaludon
|-damage|p2b: Archaludon|50/100
|-ability|p2b: Archaludon|Stamina|boost
|-boost|p2b: Archaludon|def|1
|move|p2a: Amoonguss|Pollen Puff|p1b: Archaludon
|-resisted|p1b: Archaludon
|-damage|p1b: Archaludon|35/100 brn
|
|-heal|p2b: Archaludon|56/100|[from] Grassy Terrain
|-heal|p1b: Archaludon|41/100 brn|[from] Grassy Terrain
|-heal|p2a: Amoonguss|65/100|[from] Grassy Terrain
|-heal|p1a: Amoonguss|99/100|[from] Grassy Terrain
|-damage|p1b: Archaludon|35/100 brn|[from] brn
|upkeep
|turn|7
|inactive|kennyomeg has 30 seconds left.
|inactive|Xfede77 has 30 seconds left.
|inactive|kennyomeg has 20 seconds left.
|inactive|kennyomeg has 15 seconds left.
|inactive|kennyomeg has 10 seconds left.
|inactive|kennyomeg has 5 seconds left.
|
|t:|1757856325
|switch|p2a: Rillaboom|Rillaboom, L50, M, shiny|100/100
|move|p2b: Archaludon|Electro Shot|p1a: Amoonguss|[from] lockedmove
|-resisted|p1a: Amoonguss
|-damage|p1a: Amoonguss|77/100
|move|p1b: Archaludon|Dragon Pulse|p2a: Rillaboom
|-damage|p2a: Rillaboom|39/100
|move|p1a: Amoonguss|Spore|p2b: Archaludon
|-status|p2b: Archaludon|slp|[from] move: Spore
|
|-heal|p2b: Archaludon|62/100 slp|[from] Grassy Terrain
|-heal|p1b: Archaludon|41/100 brn|[from] Grassy Terrain
|-heal|p2a: Rillaboom|45/100|[from] Grassy Terrain
|-heal|p1a: Amoonguss|83/100|[from] Grassy Terrain
|-damage|p1b: Archaludon|35/100 brn|[from] brn
|-fieldend|move: Grassy Terrain
|upkeep
|turn|8
|inactive|Xfede77 has 30 seconds left.
|
|t:|1757856359
|move|p2a: Rillaboom|Fake Out|p1b: Archaludon
|-resisted|p1b: Archaludon
|-damage|p1b: Archaludon|33/100 brn
|cant|p2b: Archaludon|slp
|cant|p1b: Archaludon|flinch
|move|p1a: Amoonguss|Pollen Puff|p1b: Archaludon
|-heal|p1b: Archaludon|83/100 brn
|
|-damage|p1b: Archaludon|77/100 brn|[from] brn
|upkeep
|turn|9
|-message|Xfede77 forfeited.
|
|win|kennyomeg
|l|☆Xfede77
|player|p2|
||kennyomeg is ready for game 2.
|inactive|Xfede77 has 30 seconds to confirm battle start!
|l|☆kennyomeg
|player|p1|
|inactive|Xfede77 has 20 seconds to confirm battle start!
|inactive|Xfede77 has 10 seconds to confirm battle start!
|uhtml|next|Next: Game 2 of 3
