|j|☆Mameon
|j|☆toxicwofl
|html|Mameontoxicwofl    
|uhtml|bestof|Game 1 of a best-of-3
|t:|1756288545
|gametype|doubles
|player|p1|Mameon|red|1081
|player|p2|toxicwofl|cynthia|1073
|gen|9
|tier|[Gen 9] VGC 2025 Reg H (Bo3)
|rated|
|rule|Species Clause: Limit one of each Pokémon
|rule|Item Clause: Limit 1 of each item
|clearpoke
|poke|p1|Gholdengo, L50|
|poke|p1|Sneasler, L50, M|
|poke|p1|Rillaboom, L50, M|
|poke|p1|Dragonite, L50, M|
|poke|p1|Ninetales-Alola, L50, M|
|poke|p1|Arcanine-Hisui, L50, M|
|poke|p2|Sneasler, L50, F|
|poke|p2|Indeedee, L50, M|
|poke|p2|Ursaluna-Bloodmoon, L50, M|
|poke|p2|Annihilape, L50, M|
|poke|p2|Tyranitar, L50, M|
|poke|p2|Volcarona, L50, M|
|teampreview|4
|showteam|p1|Gholdengo||GrassySeed|GoodasGold|NastyPlot,MakeItRain,ShadowBall,Protect||||||50|,,,,,Water]Sneasler||WhiteHerb|Unburden|CloseCombat,DireClaw,Coaching,Protect|||M|||50|,,,,,Ghost]Rillaboom||AssaultVest|GrassySurge|FakeOut,GrassyGlide,DrumBeating,HighHorsepower|||M|||50|,,,,,Fire]Dragonite||LoadedDice|Multiscale|ScaleShot,StompingTantrum,Tailwind,Protect|||M|||50|,,,,,Ground]Ninetales-Alola||FocusSash|SnowWarning|Blizzard,IcyWind,Encore,AuroraVeil|||M|||50|,,,,,Ghost]Arcanine-Hisui||ClearAmulet|Intimidate|RockSlide,FlareBlitz,ExtremeSpeed,Protect|||M|||50|,,,,,Water
|showteam|p2|Sneasler||PsychicSeed|Unburden|CloseCombat,DireClaw,ThroatChop,Protect|||F|||50|,,,,,Dark]Indeedee||ChoiceScarf|PsychicSurge|ExpandingForce,TeraBlast,Trick,Protect|||M|||50|,,,,,Psychic]Ursaluna-Bloodmoon||LifeOrb|MindsEye|BloodMoon,HyperVoice,EarthPower,Protect|||M|||50|,,,,,Normal]Annihilape||SafetyGoggles|Defiant|CloseCombat,RageFist,Taunt,FinalGambit|||M|||50|,,,,,Fairy]Tyranitar||AssaultVest|SandStream|RockSlide,KnockOff,TeraBlast,LowKick|||M|||50|,,,,,Flying]Volcarona||Leftovers|FlameBody|QuiverDance,StruggleBug,RagePowder,Tailwind|||M|||50|,,,,,Grass
|inactive|Battle timer is ON: inactive players will automatically lose when time's up. (requested by Mameon)
|
|t:|1756288572
|teamsize|p1|4
|teamsize|p2|4
|start
|switch|p1a: Gholdengo|Gholdengo, L50|100/100
|switch|p1b: Rillaboom|Rillaboom, L50, M|100/100
|switch|p2a: Volcarona|Volcarona, L50, M, shiny|100/100
|switch|p2b: Annihilape|Annihilape, L50, M|100/100
|-fieldstart|move: Grassy Terrain|[from] ability: Grassy Surge|[of] p1b: Rillaboom
|-enditem|p1a: Gholdengo|Grassy Seed
|-boost|p1a: Gholdengo|def|1|[from] item: Grassy Seed
|turn|1
|
|t:|1756288593
|-terastallize|p1a: Gholdengo|Water
|move|p1b: Rillaboom|Fake Out|p2a: Volcarona
|-damage|p2a: Volcarona|89/100
|move|p2b: Annihilape|Rage Fist|p1a: Gholdengo
|-damage|p1a: Gholdengo|86/100
|move|p1a: Gholdengo|Nasty Plot|p1a: Gholdengo
|-boost|p1a: Gholdengo|spa|2
|cant|p2a: Volcarona|flinch
|
|-heal|p1a: Gholdengo|93/100|[from] Grassy Terrain
|-heal|p2a: Volcarona|95/100|[from] Grassy Terrain
|-heal|p2a: Volcarona|100/100|[from] item: Leftovers
|upkeep
|turn|2
|
|t:|1756288617
|move|p2b: Annihilape|Rage Fist|p1a: Gholdengo
|-damage|p1a: Gholdengo|78/100
|move|p1b: Rillaboom|High Horsepower|p2a: Volcarona
|-damage|p2a: Volcarona|72/100
|-status|p1b: Rillaboom|brn|[from] ability: Flame Body|[of] p2a: Volcarona
|move|p1a: Gholdengo|Shadow Ball|p2b: Annihilape
|-supereffective|p2b: Annihilape
|-damage|p2b: Annihilape|0 fnt
|faint|p2b: Annihilape
|move|p2a: Volcarona|Tailwind|p2a: Volcarona
|-sidestart|p2: toxicwofl|move: Tailwind
|
|-heal|p2a: Volcarona|78/100|[from] Grassy Terrain
|-heal|p2a: Volcarona|84/100|[from] item: Leftovers
|-heal|p1a: Gholdengo|84/100|[from] Grassy Terrain
|-damage|p1b: Rillaboom|95/100 brn|[from] brn
|upkeep
|
|t:|1756288636
|switch|p2b: Indeedee|Indeedee, L50, M|100/100
|-fieldstart|move: Psychic Terrain|[from] ability: Psychic Surge|[of] p2b: Indeedee
|turn|3
|
|t:|1756288657
|switch|p1b: Dragonite|Dragonite, L50, M|100/100
|move|p2b: Indeedee|Expanding Force|p1a: Gholdengo|[spread] p1a,p1b
|-damage|p1a: Gholdengo|31/100
|-damage|p1b: Dragonite|70/100
|move|p2a: Volcarona|Struggle Bug|p1a: Gholdengo|[spread] p1a,p1b
|-resisted|p1b: Dragonite
|-damage|p1a: Gholdengo|13/100
|-damage|p1b: Dragonite|62/100
|-unboost|p1a: Gholdengo|spa|1
|-unboost|p1b: Dragonite|spa|1
|move|p1a: Gholdengo|Make It Rain|p2a: Volcarona|[spread] p2a,p2b
|-resisted|p2a: Volcarona
|-damage|p2a: Volcarona|56/100
|-damage|p2b: Indeedee|7/100
|-unboost|p1a: Gholdengo|spa|1
|
|-heal|p2a: Volcarona|62/100|[from] item: Leftovers
|upkeep
|turn|4
|
|t:|1756288681
|switch|p1b: Rillaboom|Rillaboom, L50, M|95/100 brn
|-fieldstart|move: Grassy Terrain|[from] ability: Grassy Surge|[of] p1b: Rillaboom
|move|p1a: Gholdengo|Protect|p1a: Gholdengo
|-singleturn|p1a: Gholdengo|Protect
|move|p2a: Volcarona|Rage Powder|p2a: Volcarona
|-singleturn|p2a: Volcarona|move: Rage Powder
|move|p2b: Indeedee|Expanding Force|p1b: Rillaboom
|-damage|p1b: Rillaboom|61/100 brn
|
|-heal|p2b: Indeedee|13/100|[from] Grassy Terrain
|-heal|p2a: Volcarona|69/100|[from] Grassy Terrain
|-heal|p2a: Volcarona|75/100|[from] item: Leftovers
|-heal|p1b: Rillaboom|67/100 brn|[from] Grassy Terrain
|-heal|p1a: Gholdengo|19/100|[from] Grassy Terrain
|-damage|p1b: Rillaboom|61/100 brn|[from] brn
|upkeep
|turn|5
|inactive|toxicwofl has 30 seconds left.
|inactive|toxicwofl has 20 seconds left.
|
|t:|1756288716
|move|p1b: Rillaboom|Fake Out|p2b: Indeedee
|-damage|p2b: Indeedee|0 fnt
|faint|p2b: Indeedee
|move|p2a: Volcarona|Quiver Dance|p2a: Volcarona
|-boost|p2a: Volcarona|spa|1
|-boost|p2a: Volcarona|spd|1
|-boost|p2a: Volcarona|spe|1
|move|p1a: Gholdengo|Shadow Ball|p2a: Volcarona
|-damage|p2a: Volcarona|52/100
|
|-heal|p2a: Volcarona|58/100|[from] Grassy Terrain
|-heal|p2a: Volcarona|64/100|[from] item: Leftovers
|-heal|p1b: Rillaboom|67/100 brn|[from] Grassy Terrain
|-heal|p1a: Gholdengo|25/100|[from] Grassy Terrain
|-damage|p1b: Rillaboom|61/100 brn|[from] brn
|-sideend|p2: toxicwofl|move: Tailwind
|upkeep
|
|t:|1756288731
|switch|p2b: Sneasler|Sneasler, L50, F|100/100
|turn|6
|
|t:|1756288745
|switch|p1a: Dragonite|Dragonite, L50, M|62/100
|move|p2a: Volcarona|Struggle Bug|p1a: Dragonite|[spread] p1a,p1b
|-resisted|p1a: Dragonite
|-supereffective|p1b: Rillaboom
|-damage|p1a: Dragonite|49/100
|-damage|p1b: Rillaboom|22/100 brn
|-unboost|p1a: Dragonite|spa|1
|-unboost|p1b: Rillaboom|spa|1
|move|p2b: Sneasler|Dire Claw|p1b: Rillaboom
|-supereffective|p1b: Rillaboom
|-crit|p1b: Rillaboom
|-damage|p1b: Rillaboom|0 fnt
|faint|p1b: Rillaboom
|
|-heal|p2a: Volcarona|70/100|[from] Grassy Terrain
|-heal|p2a: Volcarona|77/100|[from] item: Leftovers
|upkeep
|
|t:|1756288762
|switch|p1b: Ninetales|Ninetales-Alola, L50, M|100/100
|-weather|Snowscape|[from] ability: Snow Warning|[of] p1b: Ninetales
|turn|7
|
|t:|1756288779
|move|p2a: Volcarona|Rage Powder|p2a: Volcarona
|-singleturn|p2a: Volcarona|move: Rage Powder
|move|p1b: Ninetales|Aurora Veil|p1b: Ninetales
|-sidestart|p1: Mameon|move: Aurora Veil
|move|p2b: Sneasler|Close Combat|p1b: Ninetales
|-damage|p1b: Ninetales|58/100
|-unboost|p2b: Sneasler|def|1
|-unboost|p2b: Sneasler|spd|1
|move|p1a: Dragonite|Tailwind|p1a: Dragonite
|-sidestart|p1: Mameon|move: Tailwind
|
|-weather|Snowscape|[upkeep]
|-heal|p1b: Ninetales|64/100|[from] Grassy Terrain
|-heal|p2a: Volcarona|83/100|[from] Grassy Terrain
|-heal|p2a: Volcarona|89/100|[from] item: Leftovers
|upkeep
|turn|8
|
|t:|1756288802
|move|p2a: Volcarona|Rage Powder|p2a: Volcarona
|-singleturn|p2a: Volcarona|move: Rage Powder
|move|p1b: Ninetales|Icy Wind|p2a: Volcarona|[spread] p2a,p2b
|-resisted|p2a: Volcarona
|-damage|p2a: Volcarona|84/100
|-damage|p2b: Sneasler|71/100
|-unboost|p2a: Volcarona|spe|1
|-unboost|p2b: Sneasler|spe|1
|move|p1a: Dragonite|Scale Shot|p2a: Volcarona
|-damage|p2a: Volcarona|70/100
|-damage|p2a: Volcarona|55/100
|-damage|p2a: Volcarona|40/100
|-damage|p2a: Volcarona|25/100
|-damage|p2a: Volcarona|11/100
|-hitcount|p2a: Volcarona|5
|-unboost|p1a: Dragonite|def|1
|-boost|p1a: Dragonite|spe|1
|move|p2b: Sneasler|Dire Claw|p1a: Dragonite
|-damage|p1a: Dragonite|0 fnt
|faint|p1a: Dragonite
|
|-weather|Snowscape|[upkeep]
|-heal|p1b: Ninetales|70/100|[from] Grassy Terrain
|-heal|p2a: Volcarona|18/100|[from] Grassy Terrain
|-heal|p2a: Volcarona|24/100|[from] item: Leftovers
|-heal|p2b: Sneasler|77/100|[from] Grassy Terrain
|-fieldend|move: Grassy Terrain
|upkeep
|inactive|Mameon has 30 seconds left.
|
|t:|1756288828
|switch|p1a: Gholdengo|Gholdengo, L50, tera:Water|25/100
|turn|9
|
|t:|1756288852
|-terastallize|p2b: Sneasler|Dark
|move|p2a: Volcarona|Rage Powder|p2a: Volcarona
|-singleturn|p2a: Volcarona|move: Rage Powder
|move|p1b: Ninetales|Blizzard|p2a: Volcarona|[spread] p2a,p2b
|-resisted|p2a: Volcarona
|-damage|p2a: Volcarona|15/100
|-damage|p2b: Sneasler|11/100
|move|p1a: Gholdengo|Make It Rain|p2b: Sneasler|[spread] p2a,p2b
|-resisted|p2a: Volcarona
|-damage|p2a: Volcarona|4/100
|-damage|p2b: Sneasler|0 fnt
|-unboost|p1a: Gholdengo|spa|1
|faint|p2b: Sneasler
|
|-weather|Snowscape|[upkeep]
|-heal|p2a: Volcarona|10/100|[from] item: Leftovers
|upkeep
|turn|10
|
|t:|1756288872
|move|p1b: Ninetales|Blizzard|p2a: Volcarona
|-resisted|p2a: Volcarona
|-damage|p2a: Volcarona|0 fnt
|faint|p2a: Volcarona
|
|win|Mameon
