|j|☆EgoJJ
|j|☆davirru6
|html|EgoJJdavirru6    
|uhtml|bestof|Game 2 of a best-of-3
|t:|1757023040
|gametype|doubles
|player|p1|EgoJJ|brock|1172
|player|p2|davirru6|170|1170
|gen|9
|tier|[Gen 9] VGC 2025 Reg H (Bo3)
|rated|
|rule|Species Clause: Limit one of each Pokémon
|rule|Item Clause: Limit 1 of each item
|clearpoke
|poke|p1|Indeedee-F, L50, F|
|poke|p1|Gallade, L50, M|
|poke|p1|Torkoal, L50, F|
|poke|p1|Ursaluna, L50, M|
|poke|p1|Exeggutor, L50, M|
|poke|p1|Zoroark-Hisui, L50, M|
|poke|p2|Sneasler, L50, F|
|poke|p2|Rillaboom, L50, M|
|poke|p2|Electabuzz, L50, F|
|poke|p2|Volcarona, L50, F|
|poke|p2|Kingambit, L50, F|
|poke|p2|Basculegion, L50, M|
|teampreview|4
|showteam|p1|Indeedee-F||RockyHelmet|PsychicSurge|Psychic,HelpingHand,FollowMe,TrickRoom|||F|||50|,,,,,Grass]Gallade||ScopeLens|Sharpness|SacredSword,PsychoCut,TrickRoom,WideGuard|||M|||50|,,,,,Grass]Torkoal||Charcoal|Drought|Eruption,WeatherBall,ClearSmog,Protect|||F|||50|,,,,,Fire]Ursaluna||FlameOrb|Guts|Facade,HeadlongRush,Earthquake,Protect|||M|||50|,,,,,Ghost]Exeggutor||FocusSash|Chlorophyll|ExpandingForce,LeafStorm,SleepPowder,TrickRoom|||M|||50|,,,,,Psychic]Zoroark-Hisui||ChoiceSpecs|Illusion|HyperBeam,HyperVoice,ShadowBall,FocusBlast|||M|||50|,,,,,Normal
|showteam|p2|Sneasler||FocusSash|PoisonTouch|DireClaw,CloseCombat,FakeOut,Protect|||F|||50|,,,,,Ghost]Rillaboom||AssaultVest|GrassySurge|WoodHammer,GrassyGlide,HighHorsepower,FakeOut|||M|||50|,,,,,Fire]Electabuzz||Eviolite|VitalSpirit|Thunderbolt,FollowMe,Taunt,Protect|||F|||50|,,,,,Ghost]Volcarona||Leftovers|FlameBody|HeatWave,TeraBlast,QuiverDance,Protect|||F|||50|,,,,,Fairy]Kingambit||BlackGlasses|Defiant|KowtowCleave,SuckerPunch,SwordsDance,Protect|||F|||50|,,,,,Dark]Basculegion||ChoiceScarf|Adaptability|WaveCrash,FlipTurn,AquaJet,LastRespects|||M|||50|,,,,,Water
|inactive|Battle timer is ON: inactive players will automatically lose when time's up. (requested by EgoJJ)
|inactive|EgoJJ has 60 seconds left.
|inactive|davirru6 has 60 seconds left.
|
|t:|1757023079
|teamsize|p1|4
|teamsize|p2|4
|start
|switch|p1a: Indeedee|Indeedee-F, L50, F|100/100
|switch|p1b: Exeggutor|Exeggutor, L50, M|100/100
|switch|p2a: Electabuzz|Electabuzz, L50, F|100/100
|switch|p2b: Basculegion|Basculegion, L50, M|100/100
|-fieldstart|move: Psychic Terrain|[from] ability: Psychic Surge|[of] p1a: Indeedee
|turn|1
|inactive|EgoJJ has 30 seconds left.
|inactive|davirru6 has 30 seconds left.
|inactive|EgoJJ has 20 seconds left.
|inactive|EgoJJ has 15 seconds left.
|inactive|EgoJJ has 10 seconds left.
|
|t:|1757023125
|switch|p2b: Rillaboom|Rillaboom, L50, M|100/100
|-fieldstart|move: Grassy Terrain|[from] ability: Grassy Surge|[of] p2b: Rillaboom
|move|p1a: Indeedee|Helping Hand|p1b: Exeggutor
|-singleturn|p1b: Exeggutor|Helping Hand|[of] p1a: Indeedee
|move|p1b: Exeggutor|Shadow Ball|p2b: Rillaboom
|-damage|p2b: Rillaboom|36/100
|move|p2a: Electabuzz|Taunt|p1a: Indeedee
|-start|p1a: Indeedee|move: Taunt
|
|-heal|p2b: Rillaboom|42/100|[from] Grassy Terrain
|upkeep
|turn|2
|inactive|davirru6 has 30 seconds left.
|
|t:|1757023152
|move|p2a: Electabuzz|Follow Me|p2a: Electabuzz
|-singleturn|p2a: Electabuzz|move: Follow Me
|move|p1b: Exeggutor|Shadow Ball|p2a: Electabuzz
|-damage|p2a: Electabuzz|46/100
|-unboost|p2a: Electabuzz|spd|1
|move|p2b: Rillaboom|Wood Hammer|p1b: Exeggutor
|-damage|p1b: Exeggutor|0 fnt
|replace|p1b: Zoroark|Zoroark-Hisui, L50, M
|-end|p1b: Zoroark|Illusion
|faint|p1b: Zoroark
|-damage|p2b: Rillaboom|21/100|[from] Recoil
|move|p1a: Indeedee|Psychic|p2a: Electabuzz
|-damage|p2a: Electabuzz|7/100
|
|-heal|p2a: Electabuzz|13/100|[from] Grassy Terrain
|-heal|p2b: Rillaboom|27/100|[from] Grassy Terrain
|upkeep
|
|t:|1757023168
|switch|p1b: Exeggutor|Exeggutor, L50, M|100/100
|turn|3
|
|t:|1757023177
|switch|p2b: Kingambit|Kingambit, L50, F|100/100
|move|p2a: Electabuzz|Taunt|p1b: Exeggutor
|-start|p1b: Exeggutor|move: Taunt
|move|p1a: Indeedee|Psychic|p2a: Electabuzz
|-damage|p2a: Electabuzz|0 fnt
|faint|p2a: Electabuzz
|cant|p1b: Exeggutor|move: Taunt|Trick Room
|
|upkeep
|
|t:|1757023184
|switch|p2a: Basculegion|Basculegion, L50, M|100/100
|turn|4
|
|t:|1757023208
|-terastallize|p1b: Exeggutor|Psychic
|-terastallize|p2b: Kingambit|Dark
|move|p2a: Basculegion|Last Respects|p1b: Exeggutor
|-supereffective|p1b: Exeggutor
|-enditem|p1b: Exeggutor|Focus Sash
|-damage|p1b: Exeggutor|1/100
|move|p1b: Exeggutor|Expanding Force|p2a: Basculegion
|-damage|p2a: Basculegion|31/100
|move|p1a: Indeedee|Psychic|p2a: Basculegion
|-damage|p2a: Basculegion|0 fnt
|faint|p2a: Basculegion
|move|p2b: Kingambit|Kowtow Cleave|p1b: Exeggutor
|-supereffective|p1b: Exeggutor
|-damage|p1b: Exeggutor|0 fnt
|faint|p1b: Exeggutor
|
|-end|p1a: Indeedee|move: Taunt
|upkeep
|
|t:|1757023220
|switch|p2a: Rillaboom|Rillaboom, L50, M|27/100
|switch|p1b: Gallade|Gallade, L50, M|100/100
|turn|5
|
|t:|1757023241
|move|p2a: Rillaboom|Fake Out|p1b: Gallade
|-damage|p1b: Gallade|82/100
|cant|p1b: Gallade|flinch
|move|p2b: Kingambit|Kowtow Cleave|p1a: Indeedee
|-supereffective|p1a: Indeedee
|-damage|p1a: Indeedee|0 fnt
|-damage|p2b: Kingambit|84/100|[from] item: Rocky Helmet|[of] p1a: Indeedee
|faint|p1a: Indeedee
|
|-heal|p2a: Rillaboom|33/100|[from] Grassy Terrain
|-heal|p1b: Gallade|87/100|[from] Grassy Terrain
|-heal|p2b: Kingambit|90/100|[from] Grassy Terrain
|-fieldend|move: Grassy Terrain
|upkeep
|turn|6
|
|t:|1757023253
|move|p2b: Kingambit|Sucker Punch|p1b: Gallade
|-damage|p1b: Gallade|0 fnt
|faint|p1b: Gallade
|
|win|davirru6
||EgoJJ is ready for game 3.
||davirru6 is ready for game 3.
|uhtml|next|Next: Game 3 of 3
