|j|☆Nimblefrog6
|j|☆AemBigChilling
|html|Nimblefrog6AemBigChilling    
|uhtml|bestof|Game 2 of a best-of-3
|t:|1757760611
|gametype|doubles
|player|p1|Nimblefrog6|medium-gen2jp|1154
|player|p2|AemBigChilling|lass-gen4|1117
|gen|9
|tier|[Gen 9] VGC 2025 Reg H (Bo3)
|rated|
|rule|Species Clause: Limit one of each Pokémon
|rule|Item Clause: Limit 1 of each item
|clearpoke
|poke|p1|Gholdengo, L50|
|poke|p1|Sneasler, L50, M|
|poke|p1|Rillaboom, L50, F|
|poke|p1|Ninetales-Alola, L50, M|
|poke|p1|Ursaluna-Bloodmoon, L50, M|
|poke|p1|Incineroar, L50, F|
|poke|p2|Charizard, L50, F|
|poke|p2|Torkoal, L50, M|
|poke|p2|Porygon2, L50|
|poke|p2|Incineroar, L50, F|
|poke|p2|Jumpluff, L50, M|
|poke|p2|Ursaluna, L50, M|
|teampreview|4
|showteam|p1|Gholdengo||GrassySeed|GoodasGold|NastyPlot,MakeItRain,ShadowBall,Protect||||||50|,,,,,Water]Sneasler||WhiteHerb|Unburden|CloseCombat,DireClaw,ThroatChop,Protect|||M|||50|,,,,,Ghost]Rillaboom||MiracleSeed|GrassySurge|FakeOut,GrassyGlide,DrumBeating,HighHorsepower|||F|||50|,,,,,Fire]Ninetales-Alola||FocusSash|SnowWarning|Blizzard,IcyWind,Encore,AuroraVeil|||M|||50|,,,,,Ghost]Ursaluna-Bloodmoon||AssaultVest|MindsEye|HyperVoice,BloodMoon,EarthPower,VacuumWave|||M|||50|,,,,,Ghost]Incineroar||SitrusBerry|Intimidate|FakeOut,KnockOff,PartingShot,FlareBlitz|||F|||50|,,,,,Ghost
|showteam|p2|Charizard||ChoiceSpecs|SolarPower|HeatWave,Overheat,WeatherBall,DragonPulse|||F|||50|,,,,,Ghost]Torkoal||EjectPack|Drought|Eruption,Overheat,HelpingHand,Protect|||M|||50|,,,,,Fire]Porygon2||Eviolite|Download|IceBeam,TeraBlast,TrickRoom,Recover||||||50|,,,,,Fighting]Incineroar||SitrusBerry|Intimidate|FlareBlitz,KnockOff,FakeOut,PartingShot|||F|||50|,,,,,Ghost]Jumpluff||CovertCloak|Chlorophyll|SleepPowder,SunnyDay,RagePowder,Tailwind|||M|||50|,,,,,Water]Ursaluna||FlameOrb|Guts|HeadlongRush,Facade,Earthquake,Protect|||M|||50|,,,,,Ghost
|inactive|Battle timer is ON: inactive players will automatically lose when time's up. (requested by Nimblefrog6)
|
|t:|1757760633
|teamsize|p1|4
|teamsize|p2|4
|start
|switch|p1a: Bear|Ursaluna-Bloodmoon, L50, M|100/100
|switch|p1b: Cat|Incineroar, L50, F|100/100
|switch|p2a: Charizard|Charizard, L50, F|100/100
|switch|p2b: Incineroar|Incineroar, L50, F|100/100
|-ability|p2b: Incineroar|Intimidate|boost
|-unboost|p1a: Bear|atk|1
|-unboost|p1b: Cat|atk|1
|-ability|p1b: Cat|Intimidate|boost
|-unboost|p2a: Charizard|atk|1
|-unboost|p2b: Incineroar|atk|1
|turn|1
|
|t:|1757760657
|switch|p2b: Torkoal|Torkoal, L50, M|100/100
|-weather|SunnyDay|[from] ability: Drought|[of] p2b: Torkoal
|-terastallize|p2a: Charizard|Ghost
|-terastallize|p1a: Bear|Ghost
|move|p1b: Cat|Fake Out|p2a: Charizard
|-immune|p2a: Charizard
|move|p2a: Charizard|Weather Ball|p1a: Bear
|-damage|p1a: Bear|0 fnt
|faint|p1a: Bear
|
|-weather|SunnyDay|[upkeep]
|-damage|p2a: Charizard|88/100|[from] ability: Solar Power|[of] p2a: Charizard
|upkeep
|
|t:|1757760671
|switch|p1a: Fox|Ninetales-Alola, L50, M|100/100
|-weather|Snowscape|[from] ability: Snow Warning|[of] p1a: Fox
|turn|2
|inactive|AemBigChilling has 30 seconds left.
|
|t:|1757760702
|switch|p2a: Incineroar|Incineroar, L50, F|100/100
|-ability|p2a: Incineroar|Intimidate|boost
|-unboost|p1a: Fox|atk|1
|-unboost|p1b: Cat|atk|1
|move|p1a: Fox|Aurora Veil|p1a: Fox
|-sidestart|p1: Nimblefrog6|move: Aurora Veil
|move|p1b: Cat|Knock Off|p2a: Incineroar
|-resisted|p2a: Incineroar
|-damage|p2a: Incineroar|91/100
|-enditem|p2a: Incineroar|Sitrus Berry|[from] move: Knock Off|[of] p1b: Cat
|move|p2b: Torkoal|Overheat|p1a: Fox
|-supereffective|p1a: Fox
|-damage|p1a: Fox|17/100
|-unboost|p2b: Torkoal|spa|2
|-enditem|p2b: Torkoal|Eject Pack
|
|t:|1757760714
|switch|p2b: Ursaluna|Ursaluna, L50, M|100/100
|
|-weather|Snowscape|[upkeep]
|-status|p2b: Ursaluna|brn|[from] item: Flame Orb
|upkeep
|turn|3
|inactive|AemBigChilling has 30 seconds left.
|
|t:|1757760745
|switch|p1a: Meow|Sneasler, L50, M|100/100
|switch|p2a: Torkoal|Torkoal, L50, M|100/100
|-weather|SunnyDay|[from] ability: Drought|[of] p2a: Torkoal
|move|p2b: Ursaluna|Headlong Rush|p1b: Cat
|-supereffective|p1b: Cat
|-damage|p1b: Cat|0 fnt
|-unboost|p2b: Ursaluna|def|1
|-unboost|p2b: Ursaluna|spd|1
|faint|p1b: Cat
|
|-weather|SunnyDay|[upkeep]
|-damage|p2b: Ursaluna|95/100 brn|[from] brn
|upkeep
|
|t:|1757760760
|switch|p1b: Fox|Ninetales-Alola, L50, M|17/100
|-weather|Snowscape|[from] ability: Snow Warning|[of] p1b: Fox
|turn|4
|inactive|Nimblefrog6 has 30 seconds left.
|inactive|AemBigChilling has 30 seconds left.
|
|t:|1757760792
|switch|p2a: Incineroar|Incineroar, L50, F|91/100
|-ability|p2a: Incineroar|Intimidate|boost
|-unboost|p1a: Meow|atk|1
|-unboost|p1b: Fox|atk|1
|-enditem|p1a: Meow|White Herb
|-clearnegativeboost|p1a: Meow|[silent]
|move|p2b: Ursaluna|Protect|p2b: Ursaluna
|-singleturn|p2b: Ursaluna|Protect
|move|p1a: Meow|Close Combat|p2a: Incineroar
|-supereffective|p2a: Incineroar
|-damage|p2a: Incineroar|0 fnt
|-unboost|p1a: Meow|def|1
|-unboost|p1a: Meow|spd|1
|faint|p2a: Incineroar
|move|p1b: Fox|Blizzard|p2b: Ursaluna
|-activate|p2b: Ursaluna|move: Protect
|
|-weather|Snowscape|[upkeep]
|-damage|p2b: Ursaluna|89/100 brn|[from] brn
|upkeep
|inactive|AemBigChilling has 30 seconds left.
|inactive|AemBigChilling has 20 seconds left.
|inactive|AemBigChilling has 15 seconds left.
|
|t:|1757760833
|switch|p2a: Charizard|Charizard, L50, F, tera:Ghost|88/100
|turn|5
|inactive|AemBigChilling has 30 seconds left.
|
|t:|1757760861
|switch|p2b: Torkoal|Torkoal, L50, M|100/100
|-weather|SunnyDay|[from] ability: Drought|[of] p2b: Torkoal
|move|p1a: Meow|Throat Chop|p2a: Charizard
|-supereffective|p2a: Charizard
|-damage|p2a: Charizard|8/100
|-start|p2a: Charizard|Throat Chop|[silent]
|move|p1b: Fox|Blizzard|p2b: Torkoal|[spread] p2a,p2b
|-resisted|p2b: Torkoal
|-damage|p2a: Charizard|0 fnt
|-damage|p2b: Torkoal|80/100
|faint|p2a: Charizard
|
|-weather|SunnyDay|[upkeep]
|upkeep
|
|t:|1757760863
|switch|p2a: Ursaluna|Ursaluna, L50, M|89/100 brn
|turn|6
|inactive|Nimblefrog6 has 30 seconds left.
|inactive|AemBigChilling has 30 seconds left.
|
|t:|1757760903
|move|p2a: Ursaluna|Protect|p2a: Ursaluna
|-singleturn|p2a: Ursaluna|Protect
|move|p1a: Meow|Dire Claw|p2b: Torkoal
|-damage|p2b: Torkoal|46/100
|-status|p2b: Torkoal|par
|move|p1b: Fox|Blizzard|p2b: Torkoal|[spread] p2b
|-activate|p2a: Ursaluna|move: Protect
|-resisted|p2b: Torkoal
|-damage|p2b: Torkoal|24/100 par
|cant|p2b: Torkoal|par
|
|-weather|SunnyDay|[upkeep]
|-damage|p2a: Ursaluna|83/100 brn|[from] brn
|-sideend|p1: Nimblefrog6|move: Aurora Veil
|upkeep
|turn|7
|
|t:|1757760920
|move|p2b: Torkoal|Helping Hand|p2a: Ursaluna
|-singleturn|p2a: Ursaluna|Helping Hand|[of] p2b: Torkoal
|move|p1a: Meow|Close Combat|p2b: Torkoal
|-damage|p2b: Torkoal|0 fnt
|-unboost|p1a: Meow|def|1
|-unboost|p1a: Meow|spd|1
|faint|p2b: Torkoal
|move|p1b: Fox|Encore|p2a: Ursaluna
|-start|p2a: Ursaluna|Encore
|move|p2a: Ursaluna|Protect||[still]
|-fail|p2a: Ursaluna
|
|-weather|SunnyDay|[upkeep]
|-damage|p2a: Ursaluna|77/100 brn|[from] brn
|upkeep
|turn|8
|-message|AemBigChilling forfeited.
|
|win|Nimblefrog6
|raw|Nimblefrog6's rating: 1154 → 1176(+22 for winning)
|raw|AemBigChilling's rating: 1117 → 1095(-22 for losing)
|l|☆AemBigChilling
|player|p2|
