|j|☆mr.pickup
|j|☆TheAlb
|html|mr.pickupTheAlb    
|uhtml|bestof|Game 2 of a best-of-3
|t:|1786065780
|gametype|doubles
|player|p1|mr.pickup|101|
|player|p2|TheAlb|169|
|gen|9
|tier|[Gen 9 Champions] VGC 2026 Reg M-B (Bo3)
|rule|Species Clause: Limit one of each Pokémon
|rule|Item Clause: Limit 1 of each item
|clearpoke
|poke|p1|Torkoal, L50, M|
|poke|p1|Kangaskhan, L50, F|
|poke|p1|Farigiraf, L50, M|
|poke|p1|Mawile, L50, M|
|poke|p1|Basculegion, L50, M|
|poke|p1|Vileplume, L50, F|
|poke|p2|Scovillain, L50, M|
|poke|p2|Excadrill, L50, M|
|poke|p2|Tyranitar, L50, F|
|poke|p2|Basculegion, L50, M|
|poke|p2|Corviknight, L50, M|
|poke|p2|Sneasler, L50, F|
|teampreview|4
|showteam|p1|Torkoal||Charcoal|Drought|WeatherBall,Eruption,EarthPower,Protect|Quiet||M|||50|]Kangaskhan||LifeOrb|Scrappy|FakeOut,DoubleEdge,IcePunch,LowKick|Adamant||F|||50|]Farigiraf||SitrusBerry|ArmorTail|Psychic,Thunderbolt,HelpingHand,TrickRoom|Relaxed||M|||50|]Mawile||Mawilite|Intimidate|PlayRough,SuckerPunch,RockSlide,Protect|Brave||M|||50|]Basculegion||FocusSash|Adaptability|LastRespects,Liquidation,AquaJet,Protect|Adamant||M|||50|]Vileplume||WideLens|Chlorophyll|SludgeBomb,LeafStorm,AfterYou,SleepPowder|Modest||F|||50|
|showteam|p2|Scovillain||Scovillainite|Moody|Overheat,GigaDrain,RagePowder,Protect|Modest||M|||50|]Excadrill||FocusSash|SandRush|HighHorsepower,IronHead,RockSlide,Protect|Adamant||M|||50|]Tyranitar||Tyranitarite|SandStream|RockSlide,KnockOff,LowKick,Protect|Adamant||F|||50|]Basculegion||ChoiceScarf|Adaptability|WaveCrash,FlipTurn,AquaJet,LastRespects|Jolly||M|||50|]Corviknight||Leftovers|MirrorArmor|BraveBird,IronHead,BulkUp,Tailwind|Adamant||M|||50|]Sneasler||WhiteHerb|Unburden|DireClaw,CloseCombat,FakeOut,Protect|Jolly||F|||50|
|inactive|Battle timer is ON: inactive players will automatically lose when time's up. (requested by mr.pickup)
|inactive|mr.pickup has 60 seconds left.
|
|t:|1786065813
|teamsize|p1|4
|teamsize|p2|4
|start
|switch|p1a: Kangaskhan|Kangaskhan, L50, F|100/100
|switch|p1b: Farigiraf|Farigiraf, L50, M|100/100
|switch|p2a: Scovillain|Scovillain, L50, M|100/100
|switch|p2b: Corviknight|Corviknight, L50, M|100/100
|turn|1
|c|☆TheAlb|gl hf p2
|
|t:|1786065836
|detailschange|p2a: Scovillain|Scovillain-Mega, L50, M
|-mega|p2a: Scovillain|Scovillain|Scovillainite
|move|p1a: Kangaskhan|Fake Out|p2b: Corviknight
|-resisted|p2b: Corviknight|1
|-crit|p2b: Corviknight
|-damage|p2b: Corviknight|86/100
|-damage|p1a: Kangaskhan|90/100|[from] item: Life Orb
|move|p2a: Scovillain|Overheat|p1b: Farigiraf|[miss]
|-miss|p2a: Scovillain|p1b: Farigiraf
|cant|p2b: Corviknight|flinch
|move|p1b: Farigiraf|Psychic|p2a: Scovillain
|-damage|p2a: Scovillain|59/100
|-status|p1b: Farigiraf|brn|[from] ability: Spicy Spray|[of] p2a: Scovillain
|
|-heal|p2b: Corviknight|92/100|[from] item: Leftovers
|-damage|p1b: Farigiraf|93/100 brn|[from] brn
|upkeep
|turn|2
|
|t:|1786065858
|move|p2a: Scovillain|Rage Powder|p2a: Scovillain
|-singleturn|p2a: Scovillain|move: Rage Powder
|move|p1a: Kangaskhan|Double-Edge|p2a: Scovillain
|-damage|p2a: Scovillain|0 fnt
|-status|p1a: Kangaskhan|brn|[from] ability: Spicy Spray|[of] p2a: Scovillain
|faint|p2a: Scovillain
|-damage|p1a: Kangaskhan|73/100 brn|[from] Recoil
|-damage|p1a: Kangaskhan|63/100 brn|[from] item: Life Orb
|move|p2b: Corviknight|Bulk Up|p2b: Corviknight
|-boost|p2b: Corviknight|atk|1
|-boost|p2b: Corviknight|def|1
|move|p1b: Farigiraf|Trick Room|p1b: Farigiraf
|-fieldstart|move: Trick Room|[of] p1b: Farigiraf
|
|-heal|p2b: Corviknight|98/100|[from] item: Leftovers
|-damage|p1b: Farigiraf|87/100 brn|[from] brn
|-damage|p1a: Kangaskhan|57/100 brn|[from] brn
|upkeep
|
|t:|1786065866
|switch|p2a: Sneasler|Sneasler, L50, F|100/100
|turn|3
|
|t:|1786065873
|switch|p1b: Torkoal|Torkoal, L50, M|100/100
|-weather|SunnyDay|[from] ability: Drought|[of] p1b: Torkoal
|move|p2a: Sneasler|Protect|p2a: Sneasler
|-singleturn|p2a: Sneasler|Protect
|move|p2b: Corviknight|Iron Head|p1b: Torkoal
|-resisted|p1b: Torkoal|1
|-damage|p1b: Torkoal|84/100
|move|p1a: Kangaskhan|Double-Edge|p2a: Sneasler
|-activate|p2a: Sneasler|move: Protect
|
|-weather|SunnyDay|[upkeep]
|-heal|p2b: Corviknight|100/100|[from] item: Leftovers
|-damage|p1a: Kangaskhan|51/100 brn|[from] brn
|upkeep
|turn|4
|
|t:|1786065894
|move|p1b: Torkoal|Eruption|p2b: Corviknight|[spread] p2a,p2b
|-supereffective|p2b: Corviknight|1
|-damage|p2a: Sneasler|22/100
|-damage|p2b: Corviknight|0 fnt
|faint|p2b: Corviknight
|move|p1a: Kangaskhan|Double-Edge|p2a: Sneasler
|-damage|p2a: Sneasler|0 fnt
|faint|p2a: Sneasler
|-damage|p1a: Kangaskhan|44/100 brn|[from] Recoil
|-damage|p1a: Kangaskhan|34/100 brn|[from] item: Life Orb
|
|-weather|SunnyDay|[upkeep]
|-damage|p1a: Kangaskhan|28/100 brn|[from] brn
|upkeep
|c|☆TheAlb|:sob: this what u waited for lmao
|inactive|TheAlb has 30 seconds left.
|
|t:|1786065922
|switch|p2b: Basculegion|Basculegion, L50, M|100/100
|turn|5
|c|☆mr.pickup|Not what I wanted :sob:
|
|t:|1786065931
|move|p1b: Torkoal|Eruption|p2b: Basculegion
|-resisted|p2b: Basculegion|1
|-damage|p2b: Basculegion|46/100
|move|p1a: Kangaskhan|Double-Edge|p2b: Basculegion
|-damage|p2b: Basculegion|0 fnt
|faint|p2b: Basculegion
|-damage|p1a: Kangaskhan|13/100 brn|[from] Recoil
|-damage|p1a: Kangaskhan|3/100 brn|[from] item: Life Orb
|
|win|mr.pickup
|c|☆TheAlb|nah i love TR teams
|c|☆TheAlb|ggs
|c|☆mr.pickup|not the double 4-0
|c|☆TheAlb|well played
|c|☆mr.pickup|ggs fam
|c|☆TheAlb|<3
|c|☆TheAlb|u got the replay?
|c|☆mr.pickup|we do not need it but yeah
|c|☆mr.pickup|just in case
|c|☆TheAlb|bet
