|j|☆CometaMiedoso97
|j|☆ConnerTEP
|html|CometaMiedoso97ConnerTEP    
|uhtml|bestof|Game 1 of a best-of-3
|t:|1757921556
|gametype|doubles
|player|p1|CometaMiedoso97|1|1437
|player|p2|ConnerTEP|clair-masters|1352
|gen|9
|tier|[Gen 9] VGC 2025 Reg H (Bo3)
|rated|
|rule|Species Clause: Limit one of each Pokémon
|rule|Item Clause: Limit 1 of each item
|clearpoke
|poke|p1|Volcarona, L50, F|
|poke|p1|Rillaboom, L50, F|
|poke|p1|Incineroar, L50, M|
|poke|p1|Ninetales-Alola, L50, F|
|poke|p1|Basculegion, L50, M|
|poke|p1|Ursaluna-Bloodmoon, L50, M|
|poke|p2|Kommo-o, L50, M|
|poke|p2|Electabuzz, L50, F|
|poke|p2|Volcarona, L50, F|
|poke|p2|Rillaboom, L50, F|
|poke|p2|Gyarados, L50, F|
|poke|p2|Ursaluna-Bloodmoon, L50, M|
|teampreview|4
|showteam|p1|Volcarona||GrassySeed|FlameBody|HeatWave,TeraBlast,QuiverDance,Protect|||F|||50|,,,,,Fairy]Rillaboom||AssaultVest|GrassySurge|WoodHammer,GrassyGlide,HighHorsepower,FakeOut|||F|||50|,,,,,Fire]Incineroar||SafetyGoggles|Intimidate|FlareBlitz,KnockOff,PartingShot,FakeOut|||M|||50|,,,,,Water]Ninetales-Alola||FocusSash|SnowWarning|Blizzard,FreezeDry,AuroraVeil,Protect|||F|||50|,,,,,Ice]Basculegion||ChoiceScarf|Adaptability|WaveCrash,LastRespects,FlipTurn,AquaJet|||M|||50|,,,,,Water]Ursaluna-Bloodmoon||Leftovers|MindsEye|BloodMoon,EarthPower,Yawn,Protect|||M|||50|,,,,,Water
|showteam|p2|Kommo-o||Leftovers|Soundproof|BodyPress,IronHead,IronDefense,Protect|||M|||50|,,,,,Steel]Electabuzz||Eviolite|VitalSpirit|Electroweb,Taunt,FollowMe,Protect|||F|||50|,,,,,Ghost]Volcarona||GrassySeed|FlameBody|HeatWave,TeraBlast,QuiverDance,Protect|||F|||50|,,,,,Fairy]Rillaboom||AssaultVest|GrassySurge|GrassyGlide,WoodHammer,HighHorsepower,FakeOut|||F|||50|,,,,,Fire]Gyarados||CovertCloak|Intimidate|Waterfall,Crunch,ThunderWave,Protect|||F|||50|,,,,,Dragon]Ursaluna-Bloodmoon||LifeOrb|MindsEye|HyperVoice,BloodMoon,EarthPower,Protect|||M|||50|,,,,,Normal
|inactive|Battle timer is ON: inactive players will automatically lose when time's up. (requested by ConnerTEP)
|inactive|CometaMiedoso97 has 60 seconds left.
|inactive|ConnerTEP has 60 seconds left.
|inactive|CometaMiedoso97 has 30 seconds left.
|inactive|ConnerTEP has 30 seconds left.
|
|t:|1757921624
|teamsize|p1|4
|teamsize|p2|4
|start
|switch|p1a: Ninetales|Ninetales-Alola, L50, F|100/100
|switch|p1b: Ursaluna|Ursaluna-Bloodmoon, L50, M|100/100
|switch|p2a: Electabuzz|Electabuzz, L50, F|100/100
|switch|p2b: Volcarona|Volcarona, L50, F|100/100
|-weather|Snowscape|[from] ability: Snow Warning|[of] p1a: Ninetales
|turn|1
|
|t:|1757921643
|move|p1a: Ninetales|Aurora Veil|p1a: Ninetales
|-sidestart|p1: CometaMiedoso97|move: Aurora Veil
|move|p2a: Electabuzz|Taunt|p1b: Ursaluna
|-start|p1b: Ursaluna|move: Taunt
|move|p2b: Volcarona|Quiver Dance|p2b: Volcarona
|-boost|p2b: Volcarona|spa|1
|-boost|p2b: Volcarona|spd|1
|-boost|p2b: Volcarona|spe|1
|move|p1b: Ursaluna|Earth Power|p2a: Electabuzz
|-supereffective|p2a: Electabuzz
|-damage|p2a: Electabuzz|23/100
|
|-weather|Snowscape|[upkeep]
|upkeep
|turn|2
|inactive|ConnerTEP has 30 seconds left.
|
|t:|1757921677
|move|p2b: Volcarona|Protect|p2b: Volcarona
|-singleturn|p2b: Volcarona|Protect
|move|p1a: Ninetales|Blizzard|p2b: Volcarona|[spread] p2a
|-activate|p2b: Volcarona|move: Protect
|-damage|p2a: Electabuzz|0 fnt
|faint|p2a: Electabuzz
|move|p1b: Ursaluna|Blood Moon|p2b: Volcarona
|-activate|p2b: Volcarona|move: Protect
|
|-weather|Snowscape|[upkeep]
|upkeep
|
|t:|1757921687
|switch|p2a: Kommo-o|Kommo-o, L50, M|100/100
|turn|3
|
|t:|1757921709
|-terastallize|p2a: Kommo-o|Steel
|move|p2b: Volcarona|Heat Wave|p1b: Ursaluna|[spread] p1a
|-miss|p2b: Volcarona|p1b: Ursaluna
|-supereffective|p1a: Ninetales
|-damage|p1a: Ninetales|11/100
|move|p1a: Ninetales|Blizzard|p2b: Volcarona|[spread] p2a,p2b
|-resisted|p2a: Kommo-o
|-resisted|p2b: Volcarona
|-damage|p2a: Kommo-o|87/100
|-damage|p2b: Volcarona|91/100
|-status|p2a: Kommo-o|frz
|-status|p2b: Volcarona|frz
|cant|p2a: Kommo-o|frz
|move|p1b: Ursaluna|Earth Power|p2b: Volcarona
|-damage|p2b: Volcarona|66/100 frz
|
|-weather|Snowscape|[upkeep]
|-heal|p2a: Kommo-o|93/100 frz|[from] item: Leftovers
|-end|p1b: Ursaluna|move: Taunt
|upkeep
|turn|4
|c|☆ConnerTEP|Wow
|c|☆CometaMiedoso97|lol sorry
|c|☆CometaMiedoso97|what a shitty game
|inactive|CometaMiedoso97 has 30 seconds left.
|
|t:|1757921739
|switch|p2a: Gyarados|Gyarados, L50, F|100/100
|-ability|p2a: Gyarados|Intimidate|boost
|-unboost|p1a: Ninetales|atk|1
|-unboost|p1b: Ursaluna|atk|1
|cant|p2b: Volcarona|frz
|move|p1a: Ninetales|Freeze-Dry|p2a: Gyarados
|-supereffective|p2a: Gyarados
|-damage|p2a: Gyarados|9/100
|move|p1b: Ursaluna|Earth Power|p2a: Gyarados
|-immune|p2a: Gyarados
|
|-weather|Snowscape|[upkeep]
|upkeep
|turn|5
|
|t:|1757921749
|cant|p2b: Volcarona|frz
|move|p1a: Ninetales|Blizzard|p2a: Gyarados|[spread] p2a,p2b
|-resisted|p2b: Volcarona
|-damage|p2a: Gyarados|0 fnt
|-damage|p2b: Volcarona|57/100 frz
|faint|p2a: Gyarados
|move|p1b: Ursaluna|Yawn||[still]
|-fail|p1b: Ursaluna
|
|-weather|none
|-sideend|p1: CometaMiedoso97|move: Aurora Veil
|upkeep
|
|t:|1757921752
|switch|p2a: Kommo-o|Kommo-o, L50, M, tera:Steel|93/100 frz
|turn|6
|
|t:|1757921761
|switch|p1a: Basculegion|Basculegion, L50, M|100/100
|cant|p2b: Volcarona|frz
|cant|p2a: Kommo-o|frz
|move|p1b: Ursaluna|Earth Power|p2a: Kommo-o
|-supereffective|p2a: Kommo-o
|-damage|p2a: Kommo-o|16/100 frz
|
|-heal|p2a: Kommo-o|22/100 frz|[from] item: Leftovers
|upkeep
|turn|7
|
|t:|1757921770
|-terastallize|p1a: Basculegion|Water
|move|p1a: Basculegion|Flip Turn|p2b: Volcarona
|-supereffective|p2b: Volcarona
|-damage|p2b: Volcarona|0 fnt
|faint|p2b: Volcarona
|-message|ConnerTEP forfeited.
|
|win|CometaMiedoso97
||ConnerTEP is ready for game 2.
||CometaMiedoso97 is ready for game 2.
|uhtml|next|Next: Game 2 of 3
|l|☆ConnerTEP
|player|p2|
|l|☆CometaMiedoso97
|player|p1|
