|j|☆FALL3N_DWN
|j|☆The median voter
|html|FALL3N_DWNThe median voter    
|uhtml|bestof|Game 2 of a best-of-3
|t:|1757025750
|gametype|doubles
|player|p1|FALL3N_DWN|carmine-festival|1170
|player|p2|The median voter|scientist-gen4dp|1224
|gen|9
|tier|[Gen 9] VGC 2025 Reg H (Bo3)
|rated|
|rule|Species Clause: Limit one of each Pokémon
|rule|Item Clause: Limit 1 of each item
|clearpoke
|poke|p1|Electabuzz, L50, F|
|poke|p1|Kingambit, L50, F|
|poke|p1|Volcarona, L50, M|
|poke|p1|Dragonite, L50, F|
|poke|p1|Sneasler, L50, F|
|poke|p1|Rillaboom, L50, M|
|poke|p2|Sneasler, L50, M|
|poke|p2|Indeedee, L50, M|
|poke|p2|Volcarona, L50, F|
|poke|p2|Annihilape, L50, M|
|poke|p2|Tyranitar, L50, M|
|poke|p2|Excadrill, L50, F|
|teampreview|4
|showteam|p1|Electabuzz||Eviolite|VitalSpirit|FollowMe,Thunderbolt,Taunt,Protect|||F|||50|,,,,,Ghost]Kingambit||BlackGlasses|Defiant|KowtowCleave,SuckerPunch,SwordsDance,Protect|||F|||50|,,,,,Dark]Volcarona||Leftovers|FlameBody|HeatWave,TeraBlast,QuiverDance,Protect|||M|||50|,,,,,Fairy]Dragonite||LoadedDice|Multiscale|ScaleShot,ExtremeSpeed,Haze,Protect|||F|||50|,,,,,Fairy]Sneasler||FocusSash|Unburden|DireClaw,CloseCombat,Coaching,FakeOut|||F|||50|,,,,,Stellar]Rillaboom||AssaultVest|GrassySurge|FakeOut,WoodHammer,GrassyGlide,HighHorsepower|||M|||50|,,,,,Fire
|showteam|p2|Sneasler||PsychicSeed|Unburden|CloseCombat,DireClaw,ThroatChop,Protect|||M|||50|,,,,,Dark]Indeedee||ChoiceScarf|PsychicSurge|ExpandingForce,TeraBlast,Trick,SleepTalk|||M|||50|,,,,,Psychic]Volcarona||SitrusBerry|FlameBody|Overheat,StruggleBug,RagePowder,Tailwind|||F|||50|,,,,,Grass]Annihilape||SafetyGoggles|Defiant|CloseCombat,RageFist,Taunt,FinalGambit|||M|||50|,,,,,Flying]Tyranitar||AssaultVest|SandStream|RockSlide,KnockOff,TeraBlast,IcePunch|||M|||50|,,,,,Flying]Excadrill||FocusSash|SandRush|IronHead,Protect,Earthquake,HighHorsepower|||F|||50|,,,,,Ground
|inactive|Battle timer is ON: inactive players will automatically lose when time's up. (requested by The median voter)
|inactive|FALL3N_DWN has 60 seconds left.
|inactive|FALL3N_DWN has 30 seconds left.
|inactive|FALL3N_DWN has 20 seconds left.
|inactive|FALL3N_DWN has 15 seconds left.
|
|t:|1757025866
|teamsize|p1|4
|teamsize|p2|4
|start
|switch|p1a: Volcarona|Volcarona, L50, M|100/100
|switch|p1b: Rillaboom|Rillaboom, L50, M|100/100
|switch|p2a: Annihilape|Annihilape, L50, M|100/100
|switch|p2b: Volcarona|Volcarona, L50, F|100/100
|-fieldstart|move: Grassy Terrain|[from] ability: Grassy Surge|[of] p1b: Rillaboom
|turn|1
|inactive|FALL3N_DWN has 30 seconds left.
|
|t:|1757025898
|switch|p1b: Electabuzz|Electabuzz, L50, F|100/100
|move|p1a: Volcarona|Protect|p1a: Volcarona
|-singleturn|p1a: Volcarona|Protect
|move|p2b: Volcarona|Tailwind|p2b: Volcarona
|-sidestart|p2: The median voter|move: Tailwind
|move|p2a: Annihilape|Taunt|p1a: Volcarona
|-activate|p1a: Volcarona|move: Protect
|
|upkeep
|turn|2
|
|t:|1757025923
|move|p1b: Electabuzz|Follow Me|p1b: Electabuzz
|-singleturn|p1b: Electabuzz|move: Follow Me
|move|p2b: Volcarona|Struggle Bug|p1a: Volcarona|[spread] p1a,p1b
|-resisted|p1a: Volcarona
|-damage|p1a: Volcarona|93/100
|-damage|p1b: Electabuzz|88/100
|-unboost|p1a: Volcarona|spa|1
|-unboost|p1b: Electabuzz|spa|1
|move|p2a: Annihilape|Taunt|p1b: Electabuzz
|-start|p1b: Electabuzz|move: Taunt
|move|p1a: Volcarona|Quiver Dance|p1a: Volcarona
|-boost|p1a: Volcarona|spa|1
|-boost|p1a: Volcarona|spd|1
|-boost|p1a: Volcarona|spe|1
|
|-heal|p1a: Volcarona|99/100|[from] Grassy Terrain
|-heal|p1a: Volcarona|100/100|[from] item: Leftovers
|-heal|p1b: Electabuzz|94/100|[from] Grassy Terrain
|upkeep
|turn|3
|inactive|FALL3N_DWN has 30 seconds left.
|inactive|The median voter has 30 seconds left.
|
|t:|1757025956
|switch|p1b: Rillaboom|Rillaboom, L50, M|100/100
|move|p1a: Volcarona|Protect|p1a: Volcarona
|-singleturn|p1a: Volcarona|Protect
|move|p2b: Volcarona|Struggle Bug|p1b: Rillaboom|[spread] p1b
|-activate|p1a: Volcarona|move: Protect
|-supereffective|p1b: Rillaboom
|-damage|p1b: Rillaboom|76/100
|-unboost|p1b: Rillaboom|spa|1
|move|p2a: Annihilape|Taunt|p1a: Volcarona
|-activate|p1a: Volcarona|move: Protect
|
|-heal|p1b: Rillaboom|82/100|[from] Grassy Terrain
|upkeep
|turn|4
|inactive|FALL3N_DWN has 30 seconds left.
|inactive|FALL3N_DWN has 20 seconds left.
|inactive|FALL3N_DWN has 15 seconds left.
|
|t:|1757025999
|-terastallize|p1a: Volcarona|Fairy
|move|p1b: Rillaboom|Fake Out|p2b: Volcarona
|-damage|p2b: Volcarona|82/100
|cant|p2b: Volcarona|flinch
|move|p2a: Annihilape|Taunt|p1a: Volcarona
|-start|p1a: Volcarona|move: Taunt
|move|p1a: Volcarona|Tera Blast|p2a: Annihilape|[anim] Tera Blast Fairy
|-supereffective|p2a: Annihilape
|-crit|p2a: Annihilape
|-damage|p2a: Annihilape|0 fnt
|faint|p2a: Annihilape
|
|-heal|p2b: Volcarona|88/100|[from] Grassy Terrain
|-heal|p1b: Rillaboom|88/100|[from] Grassy Terrain
|-sideend|p2: The median voter|move: Tailwind
|upkeep
|
|t:|1757026012
|switch|p2a: Sneasler|Sneasler, L50, M|100/100
|turn|5
|inactive|FALL3N_DWN has 30 seconds left.
|
|t:|1757026041
|switch|p1a: Sneasler|Sneasler, L50, F|100/100
|move|p2a: Sneasler|Protect|p2a: Sneasler
|-singleturn|p2a: Sneasler|Protect
|move|p2b: Volcarona|Tailwind|p2b: Volcarona
|-sidestart|p2: The median voter|move: Tailwind
|move|p1b: Rillaboom|High Horsepower|p2a: Sneasler
|-activate|p2a: Sneasler|move: Protect
|
|-heal|p2b: Volcarona|94/100|[from] Grassy Terrain
|-heal|p1b: Rillaboom|94/100|[from] Grassy Terrain
|-fieldend|move: Grassy Terrain
|upkeep
|turn|6
|inactive|FALL3N_DWN has 30 seconds left.
|inactive|FALL3N_DWN has 20 seconds left.
|inactive|FALL3N_DWN has 15 seconds left.
|inactive|FALL3N_DWN has 10 seconds left.
|
|t:|1757026089
|-terastallize|p2a: Sneasler|Dark
|move|p2a: Sneasler|Dire Claw|p1b: Rillaboom
|-supereffective|p1b: Rillaboom
|-damage|p1b: Rillaboom|3/100
|move|p2b: Volcarona|Overheat|p1a: Sneasler
|-damage|p1a: Sneasler|19/100
|-unboost|p2b: Volcarona|spa|2
|move|p1a: Sneasler|Coaching|p1b: Rillaboom
|-boost|p1b: Rillaboom|atk|1
|-boost|p1b: Rillaboom|def|1
|move|p1b: Rillaboom|High Horsepower|p2b: Volcarona
|-damage|p2b: Volcarona|31/100
|-enditem|p2b: Volcarona|Sitrus Berry|[eat]
|-heal|p2b: Volcarona|56/100|[from] item: Sitrus Berry
|
|upkeep
|turn|7
|inactive|FALL3N_DWN has 30 seconds left.
|inactive|The median voter has 30 seconds left.
|inactive|FALL3N_DWN has 20 seconds left.
|
|t:|1757026124
|switch|p1a: Volcarona|Volcarona, L50, M, tera:Fairy|100/100
|move|p2a: Sneasler|Dire Claw|p1b: Rillaboom
|-supereffective|p1b: Rillaboom
|-damage|p1b: Rillaboom|0 fnt
|faint|p1b: Rillaboom
|move|p2b: Volcarona|Overheat|p1a: Volcarona
|-damage|p1a: Volcarona|73/100
|-unboost|p2b: Volcarona|spa|2
|
|-heal|p1a: Volcarona|80/100|[from] item: Leftovers
|upkeep
|
|t:|1757026137
|switch|p1b: Electabuzz|Electabuzz, L50, F|94/100
|turn|8
|
|t:|1757026162
|move|p1b: Electabuzz|Follow Me|p1b: Electabuzz
|-singleturn|p1b: Electabuzz|move: Follow Me
|move|p2a: Sneasler|Dire Claw|p1b: Electabuzz
|-damage|p1b: Electabuzz|56/100
|move|p2b: Volcarona|Struggle Bug|p1b: Electabuzz|[spread] p1a,p1b
|-resisted|p1a: Volcarona
|-damage|p1a: Volcarona|77/100
|-damage|p1b: Electabuzz|50/100
|-unboost|p1a: Volcarona|spa|1
|-unboost|p1b: Electabuzz|spa|1
|move|p1a: Volcarona|Quiver Dance|p1a: Volcarona
|-boost|p1a: Volcarona|spa|1
|-boost|p1a: Volcarona|spd|1
|-boost|p1a: Volcarona|spe|1
|
|-heal|p1a: Volcarona|83/100|[from] item: Leftovers
|-sideend|p2: The median voter|move: Tailwind
|upkeep
|turn|9
|inactive|FALL3N_DWN has 30 seconds left.
|inactive|FALL3N_DWN has 20 seconds left.
|inactive|FALL3N_DWN has 15 seconds left.
|
|t:|1757026206
|move|p1b: Electabuzz|Follow Me|p1b: Electabuzz
|-singleturn|p1b: Electabuzz|move: Follow Me
|move|p1a: Volcarona|Heat Wave|p2b: Volcarona|[spread] p2a
|-miss|p1a: Volcarona|p2b: Volcarona
|-damage|p2a: Sneasler|48/100
|move|p2a: Sneasler|Dire Claw|p1b: Electabuzz
|-damage|p1b: Electabuzz|19/100
|move|p2b: Volcarona|Tailwind|p2b: Volcarona
|-sidestart|p2: The median voter|move: Tailwind
|
|-heal|p1a: Volcarona|90/100|[from] item: Leftovers
|upkeep
|turn|10
|inactive|FALL3N_DWN has 30 seconds left.
|
|t:|1757026233
|switch|p2a: Tyranitar|Tyranitar, L50, M|100/100
|-weather|Sandstorm|[from] ability: Sand Stream|[of] p2a: Tyranitar
|move|p1a: Volcarona|Protect|p1a: Volcarona
|-singleturn|p1a: Volcarona|Protect
|move|p2b: Volcarona|Struggle Bug|p1a: Volcarona|[spread] p1b
|-activate|p1a: Volcarona|move: Protect
|-damage|p1b: Electabuzz|13/100
|-unboost|p1b: Electabuzz|spa|1
|move|p1b: Electabuzz|Taunt|p2b: Volcarona
|-start|p2b: Volcarona|move: Taunt
|
|-weather|Sandstorm|[upkeep]
|-damage|p2b: Volcarona|50/100|[from] Sandstorm
|-damage|p1a: Volcarona|83/100|[from] Sandstorm
|-damage|p1b: Electabuzz|7/100|[from] Sandstorm
|-heal|p1a: Volcarona|90/100|[from] item: Leftovers
|upkeep
|turn|11
|inactive|FALL3N_DWN has 30 seconds left.
|inactive|FALL3N_DWN has 20 seconds left.
|inactive|FALL3N_DWN has 15 seconds left.
|
|t:|1757026274
|switch|p2b: Sneasler|Sneasler, L50, M, tera:Dark|48/100
|move|p1b: Electabuzz|Protect|p1b: Electabuzz
|-singleturn|p1b: Electabuzz|Protect
|move|p2a: Tyranitar|Rock Slide|p1a: Volcarona|[spread] p1a
|-activate|p1b: Electabuzz|move: Protect
|-damage|p1a: Volcarona|55/100
|move|p1a: Volcarona|Tera Blast|p2a: Tyranitar|[anim] Tera Blast Fairy
|-supereffective|p2a: Tyranitar
|-damage|p2a: Tyranitar|66/100
|
|-weather|Sandstorm|[upkeep]
|-damage|p2b: Sneasler|42/100|[from] Sandstorm
|-damage|p1a: Volcarona|48/100|[from] Sandstorm
|-damage|p1b: Electabuzz|2/100|[from] Sandstorm
|-heal|p1a: Volcarona|55/100|[from] item: Leftovers
|upkeep
|turn|12
|
|t:|1757026294
|switch|p2b: Volcarona|Volcarona, L50, F|50/100
|move|p1b: Electabuzz|Follow Me|p1b: Electabuzz
|-singleturn|p1b: Electabuzz|move: Follow Me
|move|p2a: Tyranitar|Rock Slide|p1b: Electabuzz|[spread] p1b
|-miss|p2a: Tyranitar|p1a: Volcarona
|-damage|p1b: Electabuzz|0 fnt
|faint|p1b: Electabuzz
|move|p1a: Volcarona|Quiver Dance|p1a: Volcarona
|-boost|p1a: Volcarona|spa|1
|-boost|p1a: Volcarona|spd|1
|-boost|p1a: Volcarona|spe|1
|
|-weather|Sandstorm|[upkeep]
|-damage|p2b: Volcarona|44/100|[from] Sandstorm
|-damage|p1a: Volcarona|48/100|[from] Sandstorm
|-heal|p1a: Volcarona|55/100|[from] item: Leftovers
|-sideend|p2: The median voter|move: Tailwind
|upkeep
|inactive|FALL3N_DWN has 30 seconds left.
|
|t:|1757026309
|switch|p1b: Sneasler|Sneasler, L50, F|19/100
|turn|13
|inactive|FALL3N_DWN has 30 seconds left this turn.
|inactive|FALL3N_DWN has 20 seconds left.
|inactive|FALL3N_DWN has 15 seconds left.
|inactive|FALL3N_DWN has 10 seconds left.
|
|t:|1757026332
|move|p1b: Sneasler|Fake Out|p2a: Tyranitar
|-resisted|p2a: Tyranitar
|-damage|p2a: Tyranitar|60/100
|move|p2b: Volcarona|Rage Powder|p2b: Volcarona
|-singleturn|p2b: Volcarona|move: Rage Powder
|move|p1a: Volcarona|Heat Wave|p2a: Tyranitar|[spread] p2a
|-miss|p1a: Volcarona|p2b: Volcarona
|-resisted|p2a: Tyranitar
|-damage|p2a: Tyranitar|49/100
|cant|p2a: Tyranitar|flinch
|
|-weather|Sandstorm|[upkeep]
|-damage|p1a: Volcarona|48/100|[from] Sandstorm
|-damage|p1b: Sneasler|13/100|[from] Sandstorm
|-damage|p2b: Volcarona|38/100|[from] Sandstorm
|-heal|p1a: Volcarona|55/100|[from] item: Leftovers
|upkeep
|turn|14
|inactive|FALL3N_DWN has 10 seconds left this turn.
|inactive|FALL3N_DWN has 5 seconds left.
|-message|FALL3N_DWN lost due to inactivity.
|
|win|The median voter
|raw|FALL3N_DWN's rating: 1170 → 1149(-21 for losing)
|raw|The median voter's rating: 1224 → 1245(+21 for winning)
|l|☆The median voter
|player|p2|
