|j|☆MBL25
|j|☆Yenabi
|html|MBL25Yenabi    
|uhtml|bestof|Game 3 of a best-of-3
|t:|1756585612
|gametype|doubles
|player|p1|MBL25|1|1190
|player|p2|Yenabi|169|1170
|gen|9
|tier|[Gen 9] VGC 2025 Reg H (Bo3)
|rated|
|rule|Species Clause: Limit one of each Pokémon
|rule|Item Clause: Limit 1 of each item
|clearpoke
|poke|p1|Sneasler, L50, M|
|poke|p1|Amoonguss, L50, F|
|poke|p1|Gholdengo, L50|
|poke|p1|Incineroar, L50, F|
|poke|p1|Dragonite, L50, M|
|poke|p1|Ursaluna-Bloodmoon, L50, M|
|poke|p2|Archaludon, L50, F|
|poke|p2|Dragonite, L50, M|
|poke|p2|Pelipper, L50, M|
|poke|p2|Ursaluna, L50, M|
|poke|p2|Sinistcha, L50|
|poke|p2|Gholdengo, L50|
|teampreview|4
|showteam|p1|Sneasler||FocusSash|Unburden|DireClaw,CloseCombat,Protect,ThroatChop|||M|||50|,,,,,Stellar]Amoonguss||SitrusBerry|Regenerator|RagePowder,Spore,PollenPuff,Protect|||F|||50|,,,,,Water]Gholdengo||LifeOrb|GoodasGold|MakeItRain,ShadowBall,Protect,NastyPlot||||||50|,,,,,Water]Incineroar||SafetyGoggles|Intimidate|FlareBlitz,PartingShot,FakeOut,KnockOff|||F|||50|,,,,,Ghost]Dragonite||LoadedDice|Multiscale|ScaleShot,Tailwind,Protect,Haze|||M|||50|,,,,,Fairy]Ursaluna-Bloodmoon||AssaultVest|MindsEye|BloodMoon,VacuumWave,HyperVoice,EarthPower|||M|||50|,,,,,Water
|showteam|p2|Archaludon||AssaultVest|Stamina|FlashCannon,BodyPress,ElectroShot,Snarl|||F|||50|,,,,,Fighting]Dragonite||LoadedDice|Multiscale|ScaleShot,Tailwind,Haze,Protect|||M|||50|,,,,,Fairy]Pelipper||FocusSash|Drizzle|MuddyWater,Hurricane,Tailwind,Protect|||M|||50|,,,,,Ghost]Ursaluna||FlameOrb|Guts|Facade,HeadlongRush,Earthquake,Protect|||M|||50|,,,,,Ghost]Sinistcha||SitrusBerry|Hospitality|MatchaGotcha,LifeDew,RagePowder,TrickRoom||||||50|,,,,,Dark]Gholdengo||ChoiceScarf|GoodasGold|MakeItRain,ShadowBall,PowerGem,Trick||||||50|,,,,,Flying
|
|t:|1756585644
|teamsize|p1|4
|teamsize|p2|4
|start
|switch|p1a: Amoonguss|Amoonguss, L50, F|100/100
|switch|p1b: Gholdengo|Gholdengo, L50|100/100
|switch|p2a: Ursaluna|Ursaluna, L50, M|100/100
|switch|p2b: Sinistcha|Sinistcha, L50|100/100
|turn|1
|inactive|Battle timer is ON: inactive players will automatically lose when time's up. (requested by Yenabi)
|
|t:|1756585686
|switch|p1a: Sneasler|Sneasler, L50, M|100/100
|move|p2a: Ursaluna|Protect|p2a: Ursaluna
|-singleturn|p2a: Ursaluna|Protect
|move|p1b: Gholdengo|Nasty Plot|p1b: Gholdengo
|-boost|p1b: Gholdengo|spa|2
|move|p2b: Sinistcha|Trick Room|p2b: Sinistcha
|-fieldstart|move: Trick Room|[of] p2b: Sinistcha
|
|-status|p2a: Ursaluna|brn|[from] item: Flame Orb
|upkeep
|turn|2
|
|t:|1756585711
|move|p1b: Gholdengo|Protect|p1b: Gholdengo
|-singleturn|p1b: Gholdengo|Protect
|move|p1a: Sneasler|Protect|p1a: Sneasler
|-singleturn|p1a: Sneasler|Protect
|move|p2b: Sinistcha|Matcha Gotcha|p1a: Sneasler|[spread] 
|-activate|p1a: Sneasler|move: Protect
|-activate|p1b: Gholdengo|move: Protect
|move|p2a: Ursaluna|Earthquake|p1b: Gholdengo|[spread] p2b
|-activate|p1a: Sneasler|move: Protect
|-activate|p1b: Gholdengo|move: Protect
|-resisted|p2b: Sinistcha
|-damage|p2b: Sinistcha|69/100
|
|-damage|p2a: Ursaluna|94/100 brn|[from] brn
|upkeep
|turn|3
|inactive|MBL25 has 30 seconds left.
|
|t:|1756585738
|switch|p1b: Amoonguss|Amoonguss, L50, F|100/100
|switch|p1a: Dragonite|Dragonite, L50, M|100/100
|move|p2b: Sinistcha|Matcha Gotcha|p1b: Amoonguss|[spread] p1a,p1b
|-resisted|p1a: Dragonite
|-resisted|p1b: Amoonguss
|-damage|p1a: Dragonite|98/100
|-heal|p2b: Sinistcha|71/100|[from] drain|[of] p1a: Dragonite
|-damage|p1b: Amoonguss|95/100
|-heal|p2b: Sinistcha|74/100|[from] drain|[of] p1b: Amoonguss
|move|p2a: Ursaluna|Earthquake|p1a: Dragonite|[spread] p2b,p1b
|-immune|p1a: Dragonite
|-resisted|p2b: Sinistcha
|-damage|p2b: Sinistcha|45/100
|-damage|p1b: Amoonguss|36/100
|-enditem|p1b: Amoonguss|Sitrus Berry|[eat]
|-heal|p1b: Amoonguss|61/100|[from] item: Sitrus Berry
|-enditem|p2b: Sinistcha|Sitrus Berry|[eat]
|-heal|p2b: Sinistcha|70/100|[from] item: Sitrus Berry
|
|-damage|p2a: Ursaluna|88/100 brn|[from] brn
|upkeep
|turn|4
|inactive|MBL25 has 30 seconds left.
|
|t:|1756585765
|move|p1b: Amoonguss|Protect|p1b: Amoonguss
|-singleturn|p1b: Amoonguss|Protect
|move|p2b: Sinistcha|Life Dew|p2b: Sinistcha|[spread] p2a,p2b
|-heal|p2a: Ursaluna|100/100 brn
|-heal|p2b: Sinistcha|95/100
|move|p2a: Ursaluna|Facade|p1b: Amoonguss
|-activate|p1b: Amoonguss|move: Protect
|move|p1a: Dragonite|Scale Shot|p2a: Ursaluna
|-damage|p2a: Ursaluna|88/100 brn
|-damage|p2a: Ursaluna|76/100 brn
|-damage|p2a: Ursaluna|63/100 brn
|-damage|p2a: Ursaluna|51/100 brn
|-hitcount|p2a: Ursaluna|4
|-unboost|p1a: Dragonite|def|1
|-boost|p1a: Dragonite|spe|1
|
|-damage|p2a: Ursaluna|45/100 brn|[from] brn
|upkeep
|turn|5
|inactive|MBL25 has 30 seconds left.
|inactive|MBL25 has 20 seconds left.
|
|t:|1756585802
|move|p1b: Amoonguss|Rage Powder|p1b: Amoonguss
|-singleturn|p1b: Amoonguss|move: Rage Powder
|move|p2b: Sinistcha|Life Dew|p2b: Sinistcha|[spread] p2a,p2b
|-heal|p2a: Ursaluna|70/100 brn
|-heal|p2b: Sinistcha|100/100
|move|p2a: Ursaluna|Facade|p1b: Amoonguss
|-damage|p1b: Amoonguss|0 fnt
|faint|p1b: Amoonguss
|move|p1a: Dragonite|Scale Shot|p2a: Ursaluna
|-damage|p2a: Ursaluna|57/100 brn
|-damage|p2a: Ursaluna|45/100 brn
|-damage|p2a: Ursaluna|34/100 brn
|-damage|p2a: Ursaluna|22/100 brn
|-damage|p2a: Ursaluna|10/100 brn
|-hitcount|p2a: Ursaluna|5
|-unboost|p1a: Dragonite|def|1
|-boost|p1a: Dragonite|spe|1
|
|-damage|p2a: Ursaluna|4/100 brn|[from] brn
|-fieldend|move: Trick Room
|upkeep
|
|t:|1756585826
|switch|p1b: Gholdengo|Gholdengo, L50|100/100
|turn|6
|
|t:|1756585841
|-terastallize|p2b: Sinistcha|Dark
|move|p1a: Dragonite|Scale Shot|p2b: Sinistcha
|-damage|p2b: Sinistcha|88/100
|-damage|p2b: Sinistcha|75/100
|-damage|p2b: Sinistcha|61/100
|-damage|p2b: Sinistcha|47/100
|-damage|p2b: Sinistcha|34/100
|-hitcount|p2b: Sinistcha|5
|-unboost|p1a: Dragonite|def|1
|-boost|p1a: Dragonite|spe|1
|move|p1b: Gholdengo|Make It Rain|p2b: Sinistcha|[spread] p2a,p2b
|-damage|p2a: Ursaluna|0 fnt
|-damage|p2b: Sinistcha|0 fnt
|-unboost|p1b: Gholdengo|spa|1
|faint|p2a: Ursaluna
|faint|p2b: Sinistcha
|-damage|p1b: Gholdengo|91/100|[from] item: Life Orb
|
|upkeep
|
|t:|1756585846
|switch|p2a: Archaludon|Archaludon, L50, F|100/100
|switch|p2b: Pelipper|Pelipper, L50, M|100/100
|-weather|RainDance|[from] ability: Drizzle|[of] p2b: Pelipper
|turn|7
|inactive|MBL25 has 30 seconds left.
|
|t:|1756585878
|move|p1a: Dragonite|Scale Shot|p2b: Pelipper
|-damage|p2b: Pelipper|80/100
|-damage|p2b: Pelipper|59/100
|-damage|p2b: Pelipper|39/100
|-damage|p2b: Pelipper|19/100
|-damage|p2b: Pelipper|0 fnt
|faint|p2b: Pelipper
|-hitcount|p2: Pelipper|5
|-unboost|p1a: Dragonite|def|1
|-boost|p1a: Dragonite|spe|1
|move|p1b: Gholdengo|Shadow Ball|p2a: Archaludon
|-damage|p2a: Archaludon|76/100
|-ability|p2a: Archaludon|Stamina|boost
|-boost|p2a: Archaludon|def|1
|-damage|p1b: Gholdengo|82/100|[from] item: Life Orb
|move|p2a: Archaludon|Electro Shot||[still]
|-prepare|p2a: Archaludon|Electro Shot
|-boost|p2a: Archaludon|spa|1
|-anim|p2a: Archaludon|Electro Shot|p1b: Gholdengo
|-damage|p1b: Gholdengo|21/100
|
|-weather|RainDance|[upkeep]
|upkeep
|turn|8
|
|t:|1756585902
|move|p1a: Dragonite|Haze|p1a: Dragonite
|-clearallboost
|move|p1b: Gholdengo|Shadow Ball|p2a: Archaludon
|-damage|p2a: Archaludon|38/100
|-ability|p2a: Archaludon|Stamina|boost
|-boost|p2a: Archaludon|def|1
|-damage|p1b: Gholdengo|12/100|[from] item: Life Orb
|move|p2a: Archaludon|Snarl|p1a: Dragonite|[spread] p1a,p1b
|-supereffective|p1b: Gholdengo
|-damage|p1a: Dragonite|86/100
|-damage|p1b: Gholdengo|0 fnt
|-unboost|p1a: Dragonite|spa|1
|faint|p1b: Gholdengo
|
|-weather|RainDance|[upkeep]
|upkeep
|
|t:|1756585927
|switch|p1b: Sneasler|Sneasler, L50, M|100/100
|turn|9
|
|t:|1756585932
|move|p1b: Sneasler|Close Combat|p2a: Archaludon
|-supereffective|p2a: Archaludon
|-damage|p2a: Archaludon|0 fnt
|-unboost|p1b: Sneasler|def|1
|-unboost|p1b: Sneasler|spd|1
|faint|p2a: Archaludon
|
|win|MBL25
|raw|MBL25's rating: 1190 → 1214(+24 for winning)
|raw|Yenabi's rating: 1170 → 1146(-24 for losing)
