|j|☆forthememesvgc
|j|☆Moonlight Flutter
|html|forthememesvgcMoonlight Flutter    
|uhtml|bestof|Game 3 of a best-of-3
|t:|1782571620
|gametype|doubles
|player|p1|forthememesvgc|lady|
|player|p2|Moonlight Flutter|miku-flying|
|gen|9
|tier|[Gen 9 Champions] VGC 2026 Reg M-B (Bo3)
|rule|Species Clause: Limit one of each Pokémon
|rule|Item Clause: Limit 1 of each item
|clearpoke
|poke|p1|Staraptor, L50, M|
|poke|p1|Delphox, L50, M|
|poke|p1|Gholdengo, L50|
|poke|p1|Whimsicott, L50, M|
|poke|p1|Maushold-Four, L50|
|poke|p1|Garchomp, L50, F|
|poke|p2|Sinistcha, L50|
|poke|p2|Incineroar, L50, F|
|poke|p2|Milotic, L50, M|
|poke|p2|Raichu, L50, F|
|poke|p2|Ceruledge, L50, M|
|poke|p2|Mawile, L50, F, shiny|
|teampreview|4
|showteam|p1|Staraptor||Staraptite|Reckless|BraveBird,CloseCombat,Roost,Protect|Jolly||M|||50|]Delphox||Delphoxite|Blaze|HeatWave,Psychic,NastyPlot,Protect|Timid||M|||50|]Gholdengo||LifeOrb|GoodasGold|MakeItRain,ShadowBall,NastyPlot,Protect|Timid|||||50|]Whimsicott||FairyFeather|Prankster|Moonblast,Tailwind,Encore,Charm|Bold||M|||50|]Maushold-Four||ChopleBerry|FriendGuard|FollowMe,SuperFang,Charm,Protect|Timid|||||50|]Garchomp||ChoiceScarf|RoughSkin|DragonClaw,Earthquake,StompingTantrum,RockSlide|Adamant||F|||50|
|showteam|p2|Sinistcha||KasibBerry|Hospitality|MatchaGotcha,LifeDew,RagePowder,Protect|Relaxed|||||50|]Incineroar||SitrusBerry|Intimidate|FlareBlitz,ThroatChop,FakeOut,PartingShot|Impish||F|||50|]Milotic||Leftovers|Competitive|MuddyWater,Coil,Hypnosis,Protect|Calm||M|||50|]Raichu||RaichuniteY|LightningRod|ZapCannon,FocusBlast,FakeOut,Protect|Timid||F|||50|]Ceruledge||ColburBerry|FlashFire|BitterBlade,ShadowSneak,BulkUp,Protect|Adamant||M|||50|]Mawile||Mawilite|HyperCutter|PlayRough,SuckerPunch,SwordsDance,Protect|Adamant||F|||50|
|inactive|Battle timer is ON: inactive players will automatically lose when time's up. (requested by forthememesvgc)
|inactive|forthememesvgc has 60 seconds left.
|
|t:|1782571653
|teamsize|p1|4
|teamsize|p2|4
|start
|switch|p1a: Staraptor|Staraptor, L50, M|100/100
|switch|p1b: Maushold|Maushold-Four, L50|100/100
|switch|p2a: Raichu|Raichu, L50, F|100/100
|switch|p2b: Incineroar|Incineroar, L50, F|100/100
|-ability|p2b: Incineroar|Intimidate|boost
|-unboost|p1a: Staraptor|atk|1
|-unboost|p1b: Maushold|atk|1
|turn|1
|
|t:|1782571673
|switch|p1a: Garchomp|Garchomp, L50, F|100/100
|detailschange|p2a: Raichu|Raichu-Mega-Y, L50, F
|-mega|p2a: Raichu|Raichu|Raichunite Y
|move|p2b: Incineroar|Fake Out|p1a: Garchomp
|-damage|p1a: Garchomp|92/100
|-damage|p2b: Incineroar|87/100|[from] ability: Rough Skin|[of] p1a: Garchomp
|move|p2a: Raichu|Zap Cannon|p1b: Maushold
|-damage|p1b: Maushold|28/100
|-status|p1b: Maushold|par
|move|p1b: Maushold|Super Fang|p2b: Incineroar
|-damage|p2b: Incineroar|44/100
|-enditem|p2b: Incineroar|Sitrus Berry|[eat]
|-heal|p2b: Incineroar|68/100|[from] item: Sitrus Berry
|
|upkeep
|turn|2
|inactive|forthememesvgc has 30 seconds left.
|inactive|Moonlight Flutter has 30 seconds left.
|inactive|forthememesvgc has 20 seconds left.
|inactive|forthememesvgc has 15 seconds left.
|
|t:|1782571718
|switch|p2a: Milotic|Milotic, L50, M|100/100
|switch|p1b: Staraptor|Staraptor, L50, M|100/100
|switch|p2b: Sinistcha|Sinistcha, L50|100/100
|move|p1a: Garchomp|Earthquake|p2b: Sinistcha|[spread] p2a,p2b
|-immune|p1b: Staraptor
|-resisted|p2b: Sinistcha|1
|-damage|p2a: Milotic|63/100
|-damage|p2b: Sinistcha|84/100
|
|-heal|p2a: Milotic|69/100|[from] item: Leftovers
|upkeep
|turn|3
|
|t:|1782571742
|switch|p2b: Incineroar|Incineroar, L50, F|68/100
|-ability|p2b: Incineroar|Intimidate|boost
|-unboost|p1a: Garchomp|atk|1
|-unboost|p1b: Staraptor|atk|1
|detailschange|p1b: Staraptor|Staraptor-Mega, L50, M
|-mega|p1b: Staraptor|Staraptor|Staraptite
|move|p1a: Garchomp|Earthquake|p2b: Incineroar|[spread] p2a,p2b
|-immune|p1b: Staraptor
|-supereffective|p2b: Incineroar|1
|-damage|p2a: Milotic|46/100
|-damage|p2b: Incineroar|29/100
|move|p1b: Staraptor|Brave Bird|p2b: Incineroar
|-damage|p2b: Incineroar|3/100
|-damage|p1b: Staraptor|90/100|[from] Recoil
|move|p2a: Milotic|Coil|p2a: Milotic
|-boost|p2a: Milotic|atk|1
|-boost|p2a: Milotic|def|1
|-boost|p2a: Milotic|accuracy|1
|
|-heal|p2a: Milotic|51/100|[from] item: Leftovers
|upkeep
|turn|4
|inactive|forthememesvgc has 30 seconds left.
|
|t:|1782571768
|switch|p1a: Maushold|Maushold-Four, L50|28/100 par
|switch|p1b: Gholdengo|Gholdengo, L50|100/100
|move|p2b: Incineroar|Fake Out|p1b: Gholdengo
|-immune|p1b: Gholdengo
|move|p2a: Milotic|Hypnosis||[still]
|-fail|p2a: Milotic
|
|-heal|p2a: Milotic|57/100|[from] item: Leftovers
|upkeep
|turn|5
|
|t:|1782571791
|move|p1b: Gholdengo|Shadow Ball|p2b: Incineroar
|-resisted|p2b: Incineroar|1
|-damage|p2b: Incineroar|0 fnt
|faint|p2b: Incineroar
|-damage|p1b: Gholdengo|90/100|[from] item: Life Orb
|move|p2a: Milotic|Muddy Water|p1b: Gholdengo|[spread] p1a,p1b
|-damage|p1a: Maushold|0 fnt
|-damage|p1b: Gholdengo|71/100
|faint|p1a: Maushold
|
|-heal|p2a: Milotic|63/100|[from] item: Leftovers
|upkeep
|
|t:|1782571804
|switch|p1a: Garchomp|Garchomp, L50, F|92/100
|switch|p2b: Sinistcha|Sinistcha, L50|84/100
|-heal|p2a: Milotic|88/100|[from] ability: Hospitality|[of] p2b: Sinistcha
|turn|6
|inactive|forthememesvgc has 30 seconds left.
|inactive|Moonlight Flutter has 30 seconds left.
|inactive|Moonlight Flutter has 20 seconds left.
|inactive|Moonlight Flutter has 15 seconds left.
|
|t:|1782571848
|switch|p1a: Staraptor|Staraptor-Mega, L50, M|90/100
|move|p1b: Gholdengo|Nasty Plot|p1b: Gholdengo
|-boost|p1b: Gholdengo|spa|2
|move|p2a: Milotic|Hypnosis|p1a: Staraptor|[miss]
|-miss|p2a: Milotic|p1a: Staraptor
|move|p2b: Sinistcha|Matcha Gotcha|p1b: Gholdengo|[spread] p1a,p1b
|-resisted|p1a: Staraptor|1
|-resisted|p1b: Gholdengo|1
|-damage|p1a: Staraptor|79/100
|-heal|p2b: Sinistcha|90/100|[from] drain|[of] p1a: Staraptor
|-damage|p1b: Gholdengo|59/100
|-heal|p2b: Sinistcha|96/100|[from] drain|[of] p1b: Gholdengo
|
|-heal|p2a: Milotic|94/100|[from] item: Leftovers
|upkeep
|turn|7
|
|t:|1782571863
|move|p2b: Sinistcha|Rage Powder|p2b: Sinistcha
|-singleturn|p2b: Sinistcha|move: Rage Powder
|move|p1a: Staraptor|Close Combat|p2b: Sinistcha
|-immune|p2b: Sinistcha
|move|p1b: Gholdengo|Make It Rain|p2a: Milotic|[spread] p2a
|-miss|p1b: Gholdengo|p2b: Sinistcha
|-resisted|p2a: Milotic|1
|-damage|p2a: Milotic|57/100
|-unboost|p1b: Gholdengo|spa|2
|-damage|p1b: Gholdengo|50/100g|[from] item: Life Orb
|move|p2a: Milotic|Muddy Water|p1b: Gholdengo|[spread] p1a,p1b
|-damage|p1a: Staraptor|58/100
|-damage|p1b: Gholdengo|26/100
|-boost|p1a: Staraptor|accuracy|1
|
|-heal|p2a: Milotic|63/100|[from] item: Leftovers
|upkeep
|turn|8
|
|t:|1782571884
|move|p2b: Sinistcha|Rage Powder|p2b: Sinistcha
|-singleturn|p2b: Sinistcha|move: Rage Powder
|move|p1a: Staraptor|Roost|p1a: Staraptor
|-heal|p1a: Staraptor|100/100
|-singleturn|p1a: Staraptor|move: Roost
|move|p1b: Gholdengo|Shadow Ball|p2b: Sinistcha
|-supereffective|p2b: Sinistcha|1
|-enditem|p2b: Sinistcha|Kasib Berry|[eat]
|-enditem|p2b: Sinistcha|Kasib Berry|[weaken]
|-damage|p2b: Sinistcha|52/100
|-unboost|p2b: Sinistcha|spd|1
|-damage|p1b: Gholdengo|17/100|[from] item: Life Orb
|move|p2a: Milotic|Muddy Water|p1a: Staraptor|[spread] p1a,p1b
|-damage|p1a: Staraptor|77/100
|-damage|p1b: Gholdengo|0 fnt
|faint|p1b: Gholdengo
|
|-heal|p2a: Milotic|69/100|[from] item: Leftovers
|upkeep
|
|t:|1782571896
|switch|p1b: Garchomp|Garchomp, L50, F|92/100
|turn|9
|inactive|forthememesvgc has 30 seconds left.
|
|t:|1782571923
|move|p2b: Sinistcha|Rage Powder|p2b: Sinistcha
|-singleturn|p2b: Sinistcha|move: Rage Powder
|move|p1b: Garchomp|Earthquake|p2b: Sinistcha|[spread] p2a,p2b
|-immune|p1a: Staraptor
|-resisted|p2b: Sinistcha|1
|-damage|p2a: Milotic|45/100
|-damage|p2b: Sinistcha|33/100
|move|p1a: Staraptor|Close Combat|p2b: Sinistcha
|-immune|p2b: Sinistcha
|move|p2a: Milotic|Hypnosis|p1b: Garchomp
|-status|p1b: Garchomp|slp|[from] move: Hypnosis
|
|-heal|p2a: Milotic|50/100g|[from] item: Leftovers
|upkeep
|turn|10
|
|t:|1782571944
|cant|p1b: Garchomp|slp
|move|p1a: Staraptor|Close Combat|p2a: Milotic
|-damage|p2a: Milotic|16/100
|-boost|p1a: Staraptor|def|1
|-boost|p1a: Staraptor|spd|1
|move|p2a: Milotic|Muddy Water|p1b: Garchomp|[spread] p1a,p1b
|-damage|p1a: Staraptor|63/100
|-damage|p1b: Garchomp|66/100 slp
|-boost|p1a: Staraptor|accuracy|1
|move|p2b: Sinistcha|Life Dew|p2b: Sinistcha|[spread] p2a,p2b
|-heal|p2a: Milotic|42/100
|-heal|p2b: Sinistcha|58/100
|
|-heal|p2a: Milotic|48/100|[from] item: Leftovers
|upkeep
|turn|11
|inactive|forthememesvgc has 30 seconds left.
|inactive|forthememesvgc has 20 seconds left.
|inactive|forthememesvgc has 15 seconds left.
|
|t:|1782571985
|move|p2b: Sinistcha|Rage Powder|p2b: Sinistcha
|-singleturn|p2b: Sinistcha|move: Rage Powder
|cant|p1b: Garchomp|slp
|move|p1a: Staraptor|Roost|p1a: Staraptor
|-heal|p1a: Staraptor|100/100
|-singleturn|p1a: Staraptor|move: Roost
|move|p2a: Milotic|Hypnosis|p1a: Staraptor
|-status|p1a: Staraptor|slp|[from] move: Hypnosis
|
|-heal|p2a: Milotic|53/100|[from] item: Leftovers
|upkeep
|turn|12
|
|t:|1782572003
|-curestatus|p1b: Garchomp|slp|[msg]
|move|p1b: Garchomp|Earthquake|p2b: Sinistcha|[spread] p2a,p2b
|-immune|p1a: Staraptor
|-resisted|p2b: Sinistcha|1
|-damage|p2a: Milotic|30/100
|-damage|p2b: Sinistcha|41/100
|cant|p1a: Staraptor|slp
|move|p2a: Milotic|Hypnosis|p1b: Garchomp|[miss]
|-miss|p2a: Milotic|p1b: Garchomp
|move|p2b: Sinistcha|Life Dew|p2b: Sinistcha|[spread] p2a,p2b
|-heal|p2a: Milotic|55/100
|-heal|p2b: Sinistcha|66/100
|
|-heal|p2a: Milotic|61/100|[from] item: Leftovers
|upkeep
|turn|13
|
|t:|1782572016
|move|p1b: Garchomp|Earthquake|p2a: Milotic|[spread] p2a,p2b
|-immune|p1a: Staraptor
|-resisted|p2b: Sinistcha|1
|-damage|p2a: Milotic|38/100
|-damage|p2b: Sinistcha|50/100y
|cant|p1a: Staraptor|slp
|move|p2a: Milotic|Hypnosis|p1b: Garchomp
|-status|p1b: Garchomp|slp|[from] move: Hypnosis
|move|p2b: Sinistcha|Life Dew|p2b: Sinistcha|[spread] p2a,p2b
|-heal|p2a: Milotic|63/100
|-heal|p2b: Sinistcha|75/100
|
|-heal|p2a: Milotic|69/100|[from] item: Leftovers
|upkeep
|turn|14
|
|t:|1782572027
|cant|p1b: Garchomp|slp
|-curestatus|p1a: Staraptor|slp|[msg]
|move|p1a: Staraptor|Brave Bird|p2b: Sinistcha
|-supereffective|p2b: Sinistcha|1
|-damage|p2b: Sinistcha|0 fnt
|faint|p2b: Sinistcha
|-damage|p1a: Staraptor|76/100|[from] Recoil
|move|p2a: Milotic|Coil|p2a: Milotic
|-boost|p2a: Milotic|atk|1
|-boost|p2a: Milotic|def|1
|-boost|p2a: Milotic|accuracy|1
|
|-heal|p2a: Milotic|75/100|[from] item: Leftovers
|upkeep
|
|t:|1782572032
|switch|p2b: Raichu|Raichu-Mega-Y, L50, F|100/100
|turn|15
|inactive|forthememesvgc has 30 seconds left.
|j| lightanight
|inactive|forthememesvgc has 20 seconds left.
|inactive|forthememesvgc has 15 seconds left.
|
|t:|1782572077
|move|p2b: Raichu|Fake Out|p1b: Garchomp
|-damage|p1b: Garchomp|58/100 slp
|-damage|p2b: Raichu|87/100|[from] ability: Rough Skin|[of] p1b: Garchomp
|-curestatus|p1b: Garchomp|slp|[msg]
|cant|p1b: Garchomp|flinch
|move|p1a: Staraptor|Close Combat|p2a: Milotic
|-damage|p2a: Milotic|52/100
|-boost|p1a: Staraptor|def|1
|-boost|p1a: Staraptor|spd|1
|move|p2a: Milotic|Muddy Water|p1b: Garchomp|[spread] p1a,p1b
|-damage|p1a: Staraptor|66/100
|-damage|p1b: Garchomp|35/100
|-boost|p1a: Staraptor|accuracy|1
|-unboost|p1b: Garchomp|accuracy|1
|
|-heal|p2a: Milotic|58/100|[from] item: Leftovers
|upkeep
|turn|16
|
|t:|1782572097
|move|p2b: Raichu|Protect|p2b: Raichu
|-singleturn|p2b: Raichu|Protect
|move|p1b: Garchomp|Earthquake|p2a: Milotic|[spread] p2a
|-activate|p2b: Raichu|move: Protect
|-immune|p1a: Staraptor
|-damage|p2a: Milotic|43/100
|move|p1a: Staraptor|Roost|p1a: Staraptor
|-heal|p1a: Staraptor|100/100
|-singleturn|p1a: Staraptor|move: Roost
|move|p2a: Milotic|Hypnosis|p1b: Garchomp
|-status|p1b: Garchomp|slp|[from] move: Hypnosis
|
|-heal|p2a: Milotic|49/100|[from] item: Leftovers
|upkeep
|turn|17
|inactive|forthememesvgc has 30 seconds left.
|
|t:|1782572120
|move|p1a: Staraptor|Protect|p1a: Staraptor
|-singleturn|p1a: Staraptor|Protect
|cant|p1b: Garchomp|slp
|move|p2b: Raichu|Focus Blast|p1b: Garchomp
|-damage|p1b: Garchomp|0 fnt
|faint|p1b: Garchomp
|move|p2a: Milotic|Muddy Water|p1a: Staraptor
|-activate|p1a: Staraptor|move: Protect
|
|-heal|p2a: Milotic|55/100|[from] item: Leftovers
|upkeep
|turn|18
|inactive|forthememesvgc has 30 seconds left this turn.
|inactive|forthememesvgc has 20 seconds left.
|inactive|forthememesvgc has 15 seconds left.
|inactive|forthememesvgc has 10 seconds left.
|
|t:|1782572148
|move|p2b: Raichu|Protect|p2b: Raichu
|-singleturn|p2b: Raichu|Protect
|move|p1a: Staraptor|Close Combat|p2b: Raichu
|-activate|p2b: Raichu|move: Protect
|move|p2a: Milotic|Hypnosis|p1a: Staraptor
|-status|p1a: Staraptor|slp|[from] move: Hypnosis
|
|-heal|p2a: Milotic|61/100|[from] item: Leftovers
|upkeep
|turn|19
|inactive|forthememesvgc has 10 seconds left this turn.
|
|t:|1782572156
|move|p2b: Raichu|Zap Cannon|p1a: Staraptor
|-supereffective|p1a: Staraptor|1
|-damage|p1a: Staraptor|39/100 slp
|cant|p1a: Staraptor|slp
|move|p2a: Milotic|Muddy Water|p1a: Staraptor
|-damage|p1a: Staraptor|22/100 slp
|
|-heal|p2a: Milotic|67/100|[from] item: Leftovers
|upkeep
|turn|20
|inactive|forthememesvgc has 10 seconds left this turn.
|
|t:|1782572162
|-curestatus|p1a: Staraptor|slp|[msg]
|move|p1a: Staraptor|Protect|p1a: Staraptor
|-singleturn|p1a: Staraptor|Protect
|move|p2b: Raichu|Zap Cannon|p1a: Staraptor
|-activate|p1a: Staraptor|move: Protect
|move|p2a: Milotic|Muddy Water|p1a: Staraptor
|-activate|p1a: Staraptor|move: Protect
|
|-heal|p2a: Milotic|73/100|[from] item: Leftovers
|upkeep
|turn|21
|inactive|forthememesvgc has 10 seconds left this turn.
|inactive|forthememesvgc has 5 seconds left.
|
|t:|1782572168
|move|p2b: Raichu|Zap Cannon|p1a: Staraptor
|-supereffective|p1a: Staraptor|1
|-damage|p1a: Staraptor|0 fnt
|faint|p1a: Staraptor
|
|win|Moonlight Flutter
|c|☆Moonlight Flutter|gg
|c|☆forthememesvgc|gg
|l| lightanight
