|j|☆Luks1220
|j|☆lockerft
|html|Luks1220lockerft    
|uhtml|bestof|Game 2 of a best-of-3
|t:|1783784553
|gametype|doubles
|player|p1|Luks1220|1|
|player|p2|lockerft|1|
|gen|9
|tier|[Gen 9 Champions] VGC 2026 Reg M-B (Bo3)
|rule|Species Clause: Limit one of each Pokémon
|rule|Item Clause: Limit 1 of each item
|clearpoke
|poke|p1|Falinks, L50|
|poke|p1|Sinistcha, L50|
|poke|p1|Incineroar, L50, M|
|poke|p1|Rotom-Wash, L50|
|poke|p1|Dragalge, L50, F|
|poke|p1|Glimmora, L50, M|
|poke|p2|Rotom-Wash, L50, shiny|
|poke|p2|Swampert, L50, M|
|poke|p2|Basculegion, L50, M|
|poke|p2|Eelektross, L50, F|
|poke|p2|Archaludon, L50, F|
|poke|p2|Pelipper, L50, F|
|teampreview|4
|showteam|p1|Falinks||Falinksite|Defiant|NoRetreat,CloseCombat,IronHead,Protect|Adamant|||||50|]Sinistcha||KasibBerry|Hospitality|MatchaGotcha,Protect,RagePowder,StrengthSap|Bold|||||50|]Incineroar||ChopleBerry|Intimidate|FakeOut,PartingShot,DarkestLariat,FlareBlitz|Impish||M|||50|]Rotom-Wash||SitrusBerry|Levitate|Thunderbolt,WillOWisp,HydroPump,LightScreen|Bold|||||50|]Dragalge||Dragalgite|PoisonPoint|SludgeBomb,FlipTurn,Protect,DracoMeteor|Serious||F|||50|]Glimmora||FocusSash|ToxicDebris|SpikyShield,EarthPower,PowerGem,SludgeBomb|Timid||M|||50|
|showteam|p2|Rotom-Wash||SitrusBerry|Levitate|Thunderbolt,HydroPump,Protect,WillOWisp|Timid|||||50|]Swampert||Swampertite|Torrent|Liquidation,HighHorsepower,Protect,IcePunch|Adamant||M|||50|]Basculegion||LifeOrb|SwiftSwim|Liquidation,LastRespects,AquaJet,PsychicFangs|Adamant||M|||50|]Eelektross||Eelektrossite|Levitate|Thunder,GigaDrain,DragonPulse,Protect|Timid||F|||50|]Archaludon||Leftovers|Stamina|FlashCannon,DracoMeteor,ElectroShot,DarkPulse|Modest||F|||50|]Pelipper||DampRock|Drizzle|WeatherBall,Hurricane,Tailwind,Protect|Bold||F|||50|
|
|t:|1783784566
|teamsize|p1|4
|teamsize|p2|4
|start
|switch|p1a: PredictableCreatur|Falinks, L50|100/100
|switch|p1b: JARONA!|Incineroar, L50, M|100/100
|switch|p2a: Pelipper|Pelipper, L50, F|100/100
|switch|p2b: Archaludon|Archaludon, L50, F|100/100
|-weather|RainDance|[from] ability: Drizzle|[of] p2a: Pelipper
|-ability|p1b: JARONA!|Intimidate|boost
|-unboost|p2a: Pelipper|atk|1
|-unboost|p2b: Archaludon|atk|1
|turn|1
|
|t:|1783784584
|switch|p2b: Basculegion|Basculegion, L50, M|100/100
|detailschange|p1a: PredictableCreatur|Falinks-Mega, L50
|-mega|p1a: PredictableCreatur|Falinks|Falinksite
|move|p1b: JARONA!|Fake Out|p2a: Pelipper
|-damage|p2a: Pelipper|89/100
|move|p1a: PredictableCreatur|No Retreat|p1a: PredictableCreatur
|-boost|p1a: PredictableCreatur|atk|1
|-boost|p1a: PredictableCreatur|def|1
|-boost|p1a: PredictableCreatur|spa|1
|-boost|p1a: PredictableCreatur|spd|1
|-boost|p1a: PredictableCreatur|spe|1
|-start|p1a: PredictableCreatur|move: No Retreat
|cant|p2a: Pelipper|flinch
|
|-weather|RainDance|[upkeep]
|upkeep
|turn|2
|
|t:|1783784618
|switch|p1b: Ja-orange!|Rotom-Wash, L50|100/100
|move|p1a: PredictableCreatur|Protect|p1a: PredictableCreatur
|-singleturn|p1a: PredictableCreatur|Protect
|move|p2b: Basculegion|Liquidation|p1b: Ja-orange!
|-resisted|p1b: Ja-orange!|1
|-damage|p1b: Ja-orange!|64/100
|-damage|p2b: Basculegion|90/100|[from] item: Life Orb
|move|p2a: Pelipper|Hurricane|p1a: PredictableCreatur
|-activate|p1a: PredictableCreatur|move: Protect
|
|-weather|RainDance|[upkeep]
|upkeep
|turn|3
|
|t:|1783784645
|switch|p2b: Archaludon|Archaludon, L50, F|100/100
|move|p1a: PredictableCreatur|Iron Head|p2b: Archaludon
|-resisted|p2b: Archaludon|1
|-damage|p2b: Archaludon|80/100
|-ability|p2b: Archaludon|Stamina|boost
|-boost|p2b: Archaludon|def|1
|move|p1b: Ja-orange!|Thunderbolt|p2a: Pelipper
|-supereffective|p2a: Pelipper|2
|-damage|p2a: Pelipper|0 fnt
|faint|p2a: Pelipper
|
|-weather|RainDance|[upkeep]
|-heal|p2b: Archaludon|86/100|[from] item: Leftovers
|upkeep
|
|t:|1783784656
|switch|p2a: Eelektross|Eelektross, L50, F|100/100
|turn|4
|
|t:|1783784669
|detailschange|p2a: Eelektross|Eelektross-Mega, L50, F
|-mega|p2a: Eelektross|Eelektross|Eelektrossite
|move|p1a: PredictableCreatur|Close Combat|p2b: Archaludon
|-supereffective|p2b: Archaludon|1
|-damage|p2b: Archaludon|0 fnt
|-unboost|p1a: PredictableCreatur|def|1
|-unboost|p1a: PredictableCreatur|spd|1
|faint|p2b: Archaludon
|move|p2a: Eelektross|Thunder|p1b: Ja-orange!
|-damage|p1b: Ja-orange!|1/100
|-enditem|p1b: Ja-orange!|Sitrus Berry|[eat]
|-heal|p1b: Ja-orange!|26/100|[from] item: Sitrus Berry
|move|p1b: Ja-orange!|Hydro Pump|p2a: Eelektross
|-damage|p2a: Eelektross|19/100
|
|-weather|RainDance|[upkeep]
|upkeep
|
|t:|1783784674
|switch|p2b: Basculegion|Basculegion, L50, M|90/100
|turn|5
|
|t:|1783784697
|move|p1a: PredictableCreatur|Protect|p1a: PredictableCreatur
|-singleturn|p1a: PredictableCreatur|Protect
|move|p2b: Basculegion|Last Respects|p1a: PredictableCreatur
|-activate|p1a: PredictableCreatur|move: Protect
|move|p2a: Eelektross|Thunder|p1b: Ja-orange!
|-damage|p1b: Ja-orange!|0 fnt
|faint|p1b: Ja-orange!
|-ability|p2a: Eelektross|Eelevate|boost
|-boost|p2a: Eelektross|spa|1
|
|-weather|RainDance|[upkeep]
|upkeep
|
|t:|1783784712
|switch|p1b: It's me Flowery|Sinistcha, L50|100/100
|turn|6
|
|t:|1783784722
|move|p1b: It's me Flowery|Rage Powder|p1b: It's me Flowery
|-singleturn|p1b: It's me Flowery|move: Rage Powder
|move|p2b: Basculegion|Last Respects|p1b: It's me Flowery
|-supereffective|p1b: It's me Flowery|1
|-enditem|p1b: It's me Flowery|Kasib Berry|[eat]
|-enditem|p1b: It's me Flowery|Kasib Berry|[weaken]
|-damage|p1b: It's me Flowery|27/100
|-damage|p2b: Basculegion|80/100|[from] item: Life Orb
|move|p1a: PredictableCreatur|Iron Head|p2a: Eelektross
|-resisted|p2a: Eelektross|1
|-damage|p2a: Eelektross|0 fnt
|faint|p2a: Eelektross
|
|-weather|RainDance|[upkeep]
|upkeep
|turn|7
|
|t:|1783784739
|move|p2b: Basculegion|Last Respects|p1b: It's me Flowery
|-supereffective|p1b: It's me Flowery|1
|-damage|p1b: It's me Flowery|0 fnt
|faint|p1b: It's me Flowery
|-damage|p2b: Basculegion|71/100|[from] item: Life Orb
|move|p1a: PredictableCreatur|Iron Head|p2b: Basculegion
|-resisted|p2b: Basculegion|1
|-damage|p2b: Basculegion|41/100
|
|-weather|RainDance|[upkeep]
|upkeep
|
|t:|1783784749
|switch|p1b: JARONA!|Incineroar, L50, M|100/100
|-ability|p1b: JARONA!|Intimidate|boost
|-unboost|p2b: Basculegion|atk|1
|turn|8
|
|t:|1783784757
|move|p1b: JARONA!|Fake Out|p2b: Basculegion
|-immune|p2b: Basculegion
|move|p2b: Basculegion|Liquidation|p1b: JARONA!
|-supereffective|p1b: JARONA!|1
|-damage|p1b: JARONA!|0 fnt
|faint|p1b: JARONA!
|-damage|p2b: Basculegion|31/100|[from] item: Life Orb
|move|p1a: PredictableCreatur|Iron Head|p2b: Basculegion
|-resisted|p2b: Basculegion|1
|-damage|p2b: Basculegion|1/100
|
|-weather|none
|upkeep
|turn|9
|
|t:|1783784772
|move|p1a: PredictableCreatur|Iron Head|p2b: Basculegion
|-resisted|p2b: Basculegion|1
|-damage|p2b: Basculegion|0 fnt
|faint|p2b: Basculegion
|
|win|Luks1220
