|j|☆exposniffer
|j|☆boncuss
|html|exposnifferboncuss    
|uhtml|bestof|Game 2 of a best-of-3
|t:|1757123838
|gametype|doubles
|player|p1|exposniffer|blue|1139
|player|p2|boncuss|wattson|1095
|gen|9
|tier|[Gen 9] VGC 2025 Reg H (Bo3)
|rated|
|rule|Species Clause: Limit one of each Pokémon
|rule|Item Clause: Limit 1 of each item
|clearpoke
|poke|p1|Gholdengo, L50|
|poke|p1|Dragonite, L50, M|
|poke|p1|Ursaluna-Bloodmoon, L50, M|
|poke|p1|Ninetales-Alola, L50, M|
|poke|p1|Annihilape, L50, M|
|poke|p1|Incineroar, L50, M|
|poke|p2|Garganacl, L50, F|
|poke|p2|Tyranitar, L50, M|
|poke|p2|Glimmora, L50, M|
|poke|p2|Talonflame, L50, F|
|poke|p2|Excadrill, L50, M|
|poke|p2|Gastrodon, L50, F|
|teampreview|4
|showteam|p1|Gholdengo||MetalCoat|GoodasGold|MakeItRain,ShadowBall,NastyPlot,Protect||||||50|,,,,,Water]Dragonite||LoadedDice|Multiscale|ScaleShot,ExtremeSpeed,Haze,Protect|||M|||50|,,,,,Steel]Ursaluna-Bloodmoon||AssaultVest|MindsEye|BloodMoon,HyperVoice,EarthPower,VacuumWave|||M|||50|,,,,,Water]Ninetales-Alola||FocusSash|SnowWarning|Blizzard,IcyWind,AuroraVeil,IcicleSpear|||M|||50|,,,,,Ghost]Annihilape||SafetyGoggles|Defiant|CloseCombat,RageFist,Coaching,Taunt|||M|||50|,,,,,Fire]Incineroar||RockyHelmet|Intimidate|KnockOff,FlareBlitz,PartingShot,FakeOut|||M|||50|,,,,,Ghost
|showteam|p2|Garganacl||Leftovers|PurifyingSalt|SaltCure,Recover,WideGuard,Protect|||F|||50|,,,,,Grass]Tyranitar||AssaultVest|SandStream|RockSlide,KnockOff,LashOut,IcyWind|||M|||50|,,,,,Flying]Glimmora||PowerHerb|ToxicDebris|MeteorBeam,SpikyShield,SludgeBomb,EarthPower|||M|||50|,,,,,Grass]Talonflame||CovertCloak|GaleWings|DualWingbeat,Tailwind,WillOWisp,FlareBlitz|||F|||50|,,,,,Flying]Excadrill||ClearAmulet|SandRush|Protect,SwordsDance,Earthquake,IronHead|||M|||50|,,,,,Ghost]Gastrodon||SitrusBerry|StormDrain|EarthPower,MuddyWater,IceBeam,Protect|||F|||50|,,,,,Fire
|inactive|Battle timer is ON: inactive players will automatically lose when time's up. (requested by boncuss)
|inactive|exposniffer has 60 seconds left.
|inactive|boncuss has 60 seconds left.
|inactive|exposniffer has 30 seconds left.
|inactive|exposniffer has 20 seconds left.
|inactive|exposniffer has 15 seconds left.
|inactive|exposniffer has 10 seconds left.
|inactive|exposniffer has 5 seconds left.
|
|t:|1757123928
|teamsize|p1|4
|teamsize|p2|4
|start
|switch|p1a: Gholdengo|Gholdengo, L50|100/100
|switch|p1b: Dragonite|Dragonite, L50, M|100/100
|switch|p2a: Garganacl|Garganacl, L50, F|100/100
|switch|p2b: Glimmora|Glimmora, L50, M|100/100
|turn|1
|
|t:|1757123951
|-terastallize|p1a: Gholdengo|Water
|move|p1b: Dragonite|Protect|p1b: Dragonite
|-singleturn|p1b: Dragonite|Protect
|move|p2a: Garganacl|Wide Guard|p2a: Garganacl
|-singleturn|p2a: Garganacl|Wide Guard
|move|p2b: Glimmora|Meteor Beam||[still]
|-prepare|p2b: Glimmora|Meteor Beam
|-boost|p2b: Glimmora|spa|1
|-enditem|p2b: Glimmora|Power Herb
|-anim|p2b: Glimmora|Meteor Beam|p1b: Dragonite
|-activate|p1b: Dragonite|move: Protect
|move|p1a: Gholdengo|Nasty Plot|p1a: Gholdengo
|-boost|p1a: Gholdengo|spa|2
|
|upkeep
|turn|2
|inactive|exposniffer has 30 seconds left.
|
|t:|1757123979
|move|p2a: Garganacl|Wide Guard|p2a: Garganacl
|-singleturn|p2a: Garganacl|Wide Guard
|move|p2b: Glimmora|Sludge Bomb|p1a: Gholdengo
|-damage|p1a: Gholdengo|31/100
|move|p1a: Gholdengo|Shadow Ball|p2b: Glimmora
|-damage|p2b: Glimmora|0 fnt
|faint|p2b: Glimmora
|move|p1b: Dragonite|Scale Shot|p2a: Garganacl
|-damage|p2a: Garganacl|90/100
|-damage|p2a: Garganacl|80/100
|-damage|p2a: Garganacl|71/100
|-damage|p2a: Garganacl|60/100
|-damage|p2a: Garganacl|51/100
|-hitcount|p2a: Garganacl|5
|-unboost|p1b: Dragonite|def|1
|-boost|p1b: Dragonite|spe|1
|
|-heal|p2a: Garganacl|57/100|[from] item: Leftovers
|upkeep
|inactive|boncuss has 30 seconds left.
|
|t:|1757124007
|switch|p2b: Excadrill|Excadrill, L50, M|100/100
|turn|3
|
|t:|1757124019
|move|p2b: Excadrill|Protect|p2b: Excadrill
|-singleturn|p2b: Excadrill|Protect
|move|p1b: Dragonite|Scale Shot|p2b: Excadrill
|-activate|p2b: Excadrill|move: Protect
|move|p1a: Gholdengo|Shadow Ball|p2a: Garganacl
|-crit|p2a: Garganacl
|-damage|p2a: Garganacl|12/100
|move|p2a: Garganacl|Salt Cure|p1a: Gholdengo
|-damage|p1a: Gholdengo|17/100
|-start|p1a: Gholdengo|Salt Cure
|
|-heal|p2a: Garganacl|18/100|[from] item: Leftovers
|-damage|p1a: Gholdengo|0 fnt|[from] Salt Cure
|faint|p1a: Gholdengo
|upkeep
|
|t:|1757124031
|switch|p1a: Ursaluna|Ursaluna-Bloodmoon, L50, M|100/100
|turn|4
|inactive|boncuss has 30 seconds left.
|inactive|boncuss has 20 seconds left.
|
|t:|1757124068
|move|p1a: Ursaluna|Vacuum Wave|p2a: Garganacl
|-supereffective|p2a: Garganacl
|-damage|p2a: Garganacl|0 fnt
|faint|p2a: Garganacl
|move|p1b: Dragonite|Scale Shot|p2b: Excadrill
|-resisted|p2b: Excadrill
|-crit|p2b: Excadrill
|-damage|p2b: Excadrill|87/100
|-resisted|p2b: Excadrill
|-damage|p2b: Excadrill|78/100
|-resisted|p2b: Excadrill
|-damage|p2b: Excadrill|70/100
|-resisted|p2b: Excadrill
|-damage|p2b: Excadrill|61/100
|-hitcount|p2b: Excadrill|4
|-unboost|p1b: Dragonite|def|1
|-boost|p1b: Dragonite|spe|1
|move|p2b: Excadrill|Iron Head|p1a: Ursaluna
|-damage|p1a: Ursaluna|67/100
|
|upkeep
|
|t:|1757124073
|switch|p2a: Tyranitar|Tyranitar, L50, M|100/100
|-weather|Sandstorm|[from] ability: Sand Stream|[of] p2a: Tyranitar
|turn|5
|inactive|boncuss has 30 seconds left.
|
|t:|1757124103
|move|p1b: Dragonite|Scale Shot|p2b: Excadrill
|-resisted|p2b: Excadrill
|-damage|p2b: Excadrill|52/100
|-resisted|p2b: Excadrill
|-damage|p2b: Excadrill|43/100
|-resisted|p2b: Excadrill
|-damage|p2b: Excadrill|33/100
|-resisted|p2b: Excadrill
|-damage|p2b: Excadrill|24/100
|-resisted|p2b: Excadrill
|-crit|p2b: Excadrill
|-damage|p2b: Excadrill|10/100
|-hitcount|p2b: Excadrill|5
|-unboost|p1b: Dragonite|def|1
|-boost|p1b: Dragonite|spe|1
|move|p2b: Excadrill|Iron Head|p1a: Ursaluna
|-damage|p1a: Ursaluna|34/100
|move|p2a: Tyranitar|Rock Slide|p1b: Dragonite|[spread] p1a,p1b
|-resisted|p1a: Ursaluna
|-supereffective|p1b: Dragonite
|-damage|p1a: Ursaluna|23/100
|-damage|p1b: Dragonite|14/100
|cant|p1a: Ursaluna|flinch
|
|-weather|Sandstorm|[upkeep]
|-damage|p1b: Dragonite|8/100|[from] Sandstorm
|upkeep
|turn|6
|
|t:|1757124125
|-terastallize|p2a: Tyranitar|Flying
|move|p2b: Excadrill|Protect|p2b: Excadrill
|-singleturn|p2b: Excadrill|Protect
|move|p1b: Dragonite|Extreme Speed|p2b: Excadrill
|-activate|p2b: Excadrill|move: Protect
|move|p1a: Ursaluna|Vacuum Wave|p2a: Tyranitar
|-resisted|p2a: Tyranitar
|-damage|p2a: Tyranitar|96/100
|move|p2a: Tyranitar|Rock Slide|p1a: Ursaluna|[spread] p1a,p1b
|-resisted|p1a: Ursaluna
|-supereffective|p1b: Dragonite
|-damage|p1a: Ursaluna|12/100
|-damage|p1b: Dragonite|0 fnt
|faint|p1b: Dragonite
|
|-weather|Sandstorm|[upkeep]
|-damage|p2a: Tyranitar|90/100|[from] Sandstorm
|upkeep
|
|t:|1757124129
|switch|p1b: Ninetales|Ninetales-Alola, L50, M|100/100
|-weather|Snowscape|[from] ability: Snow Warning|[of] p1b: Ninetales
|turn|7
|
|t:|1757124146
|move|p1b: Ninetales|Blizzard|p2b: Excadrill|[spread] p2a,p2b
|-supereffective|p2a: Tyranitar
|-damage|p2a: Tyranitar|57/100
|-damage|p2b: Excadrill|0 fnt
|faint|p2b: Excadrill
|move|p2a: Tyranitar|Rock Slide|p1a: Ursaluna|[spread] p1a,p1b
|-resisted|p1a: Ursaluna
|-supereffective|p1b: Ninetales
|-damage|p1a: Ursaluna|2/100
|-damage|p1b: Ninetales|34/100
|move|p1a: Ursaluna|Blood Moon|p2a: Tyranitar
|-damage|p2a: Tyranitar|12/100
|
|-weather|Snowscape|[upkeep]
|upkeep
|turn|8
|-message|boncuss forfeited.
|raw|exposniffer's rating: 1139 → 1161(+22 for winning)
|raw|boncuss's rating: 1095 → 1074(-21 for losing)
|
|win|exposniffer
|l|☆boncuss
|player|p2|
|c|☆exposniffer|gg
