|j|☆Ronansting
|j|☆aox93
|html|Ronanstingaox93    
|uhtml|bestof|Game 2 of a best-of-3
|t:|1755420932
|gametype|doubles
|player|p1|Ronansting|baker|1453
|player|p2|aox93|2|1213
|gen|9
|tier|[Gen 9] VGC 2025 Reg H (Bo3)
|rated|
|rule|Species Clause: Limit one of each Pokémon
|rule|Item Clause: Limit 1 of each item
|clearpoke
|poke|p1|Archaludon, L50, M|
|poke|p1|Pelipper, L50, M|
|poke|p1|Indeedee, L50, M|
|poke|p1|Amoonguss, L50, M|
|poke|p1|Basculegion, L50, M|
|poke|p1|Hydreigon, L50, M|
|poke|p2|Talonflame, L50, F|
|poke|p2|Garchomp, L50, M|
|poke|p2|Sneasler, L50, M|
|poke|p2|Indeedee, L50, M|
|poke|p2|Gholdengo, L50|
|poke|p2|Serperior, L50, F|
|teampreview|4
|showteam|p1|Archaludon||AssaultVest|Stamina|ElectroShot,DracoMeteor,BodyPress,FlashCannon|||M|||50|,,,,,Grass]Pelipper||FocusSash|Drizzle|WeatherBall,Hurricane,Tailwind,Protect|||M|||50|,,,,,Ghost]Indeedee||ChoiceScarf|PsychicSurge|ExpandingForce,TeraBlast,Trick,DazzlingGleam|||M|||50|,,,,,Ground]Amoonguss||SitrusBerry|Regenerator|Spore,SludgeBomb,Protect,RagePowder|||M|||50|,,,,,Water]Basculegion||ChoiceBand|SwiftSwim|FlipTurn,WaveCrash,LastRespects,AquaJet|||M|||50|,,,,,Poison]Hydreigon||CovertCloak|Levitate|Taunt,Snarl,DracoMeteor,EarthPower|||M|||50|,,,,,Fairy
|showteam|p2|Talonflame||CovertCloak|GaleWings|BraveBird,Tailwind,WillOWisp,FlareBlitz|||F|||50|,,,,,Flying]Garchomp||ClearAmulet|RoughSkin|Protect,Earthquake,StompingTantrum,ScaleShot|||M|||50|,,,,,Ground]Sneasler||PsychicSeed|Unburden|ThroatChop,CloseCombat,DireClaw,AcidSpray|||M|||50|,,,,,Dark]Indeedee||FocusSash|PsychicSurge|ExpandingForce,TrickRoom,Imprison,Protect|||M|||50|,,,,,Psychic]Gholdengo||ChoiceSpecs|GoodasGold|MakeItRain,ShadowBall,Thunderbolt,SteelBeam||||||50|,,,,,Steel]Serperior||SitrusBerry|Contrary|Protect,Glare,LeafStorm,DragonPulse|||F|||50|,,,,,Fire
|
|t:|1755420959
|teamsize|p1|4
|teamsize|p2|4
|start
|switch|p1a: Smellypper|Pelipper, L50, M|100/100
|switch|p1b: Empire|Basculegion, L50, M|100/100
|switch|p2a: Indeedee|Indeedee, L50, M, shiny|100/100
|switch|p2b: Sneasler|Sneasler, L50, M, shiny|100/100
|-fieldstart|move: Psychic Terrain|[from] ability: Psychic Surge|[of] p2a: Indeedee
|-enditem|p2b: Sneasler|Psychic Seed
|-boost|p2b: Sneasler|spd|1|[from] item: Psychic Seed
|-weather|RainDance|[from] ability: Drizzle|[of] p1a: Smellypper
|turn|1
|
|t:|1755420987
|-terastallize|p2a: Indeedee|Psychic
|move|p2b: Sneasler|Throat Chop|p1b: Empire
|-supereffective|p1b: Empire
|-damage|p1b: Empire|35/100
|-start|p1b: Empire|Throat Chop|[silent]
|move|p1b: Empire|Wave Crash|p2b: Sneasler
|-damage|p2b: Sneasler|0 fnt
|faint|p2b: Sneasler
|-damage|p1b: Empire|9/100|[from] Recoil
|move|p2a: Indeedee|Expanding Force|p1b: Empire|[spread] p1a,p1b
|-enditem|p1a: Smellypper|Focus Sash
|-damage|p1a: Smellypper|1/100
|-damage|p1b: Empire|0 fnt
|faint|p1b: Empire
|move|p1a: Smellypper|Tailwind|p1a: Smellypper
|-sidestart|p1: Ronansting|move: Tailwind
|
|-weather|RainDance|[upkeep]
|upkeep
|
|t:|1755421008
|switch|p2b: Serperior|Serperior, L50, F|100/100
|switch|p1b: Arching|Archaludon, L50, M|100/100
|turn|2
|
|t:|1755421028
|move|p2b: Serperior|Protect|p2b: Serperior
|-singleturn|p2b: Serperior|Protect
|move|p1a: Smellypper|Hurricane|p2b: Serperior
|-activate|p2b: Serperior|move: Protect
|move|p1b: Arching|Electro Shot||[still]
|-prepare|p1b: Arching|Electro Shot
|-boost|p1b: Arching|spa|1
|-anim|p1b: Arching|Electro Shot|p2b: Serperior
|-activate|p2b: Serperior|move: Protect
|move|p2a: Indeedee|Expanding Force|p1a: Smellypper|[spread] p1a,p1b
|-resisted|p1b: Arching
|-damage|p1a: Smellypper|0 fnt
|-damage|p1b: Arching|80/100
|-ability|p1b: Arching|Stamina|boost
|-boost|p1b: Arching|def|1
|faint|p1a: Smellypper
|
|-weather|RainDance|[upkeep]
|upkeep
|
|t:|1755421032
|switch|p1a: Schmooner|Amoonguss, L50, M|100/100
|turn|3
|
|t:|1755421056
|move|p1a: Schmooner|Protect|p1a: Schmooner
|-singleturn|p1a: Schmooner|Protect
|move|p1b: Arching|Electro Shot||[still]
|-prepare|p1b: Arching|Electro Shot
|-boost|p1b: Arching|spa|1
|-anim|p1b: Arching|Electro Shot|p2b: Serperior
|-resisted|p2b: Serperior
|-damage|p2b: Serperior|51/100
|move|p2b: Serperior|Leaf Storm|p1a: Schmooner
|-activate|p1a: Schmooner|move: Protect
|move|p2a: Indeedee|Expanding Force|p1b: Arching|[spread] p1b
|-activate|p1a: Schmooner|move: Protect
|-resisted|p1b: Arching
|-damage|p1b: Arching|58/100
|-ability|p1b: Arching|Stamina|boost
|-boost|p1b: Arching|def|1
|
|-weather|RainDance|[upkeep]
|upkeep
|turn|4
|
|t:|1755421088
|-terastallize|p1a: Schmooner|Water
|move|p1b: Arching|Electro Shot||[still]
|-prepare|p1b: Arching|Electro Shot
|-boost|p1b: Arching|spa|1
|-anim|p1b: Arching|Electro Shot|p2b: Serperior
|-resisted|p2b: Serperior
|-damage|p2b: Serperior|0 fnt
|faint|p2b: Serperior
|move|p2a: Indeedee|Expanding Force|p1a: Schmooner|[spread] p1a,p1b
|-resisted|p1b: Arching
|-damage|p1a: Schmooner|44/100
|-damage|p1b: Arching|37/100
|-ability|p1b: Arching|Stamina|boost
|-boost|p1b: Arching|def|1
|-enditem|p1a: Schmooner|Sitrus Berry|[eat]
|-heal|p1a: Schmooner|69/100|[from] item: Sitrus Berry
|move|p1a: Schmooner|Spore|p2a: Indeedee
|-status|p2a: Indeedee|slp|[from] move: Spore
|
|-weather|RainDance|[upkeep]
|-sideend|p1: Ronansting|move: Tailwind
|upkeep
|
|t:|1755421107
|switch|p2b: Gholdengo|Gholdengo, L50|100/100
|turn|5
|
|t:|1755421125
|move|p1a: Schmooner|Rage Powder|p1a: Schmooner
|-singleturn|p1a: Schmooner|move: Rage Powder
|cant|p2a: Indeedee|slp
|move|p2b: Gholdengo|Thunderbolt|p1a: Schmooner
|-supereffective|p1a: Schmooner
|-damage|p1a: Schmooner|0 fnt
|faint|p1a: Schmooner
|move|p1b: Arching|Electro Shot||[still]
|-prepare|p1b: Arching|Electro Shot
|-boost|p1b: Arching|spa|1
|-anim|p1b: Arching|Electro Shot|p2b: Gholdengo
|-damage|p2b: Gholdengo|0 fnt
|faint|p2b: Gholdengo
|
|-weather|none
|-fieldend|move: Psychic Terrain
|upkeep
|turn|6
|
|t:|1755421143
|cant|p2a: Indeedee|slp
|move|p1b: Arching|Flash Cannon|p2a: Indeedee
|-enditem|p2a: Indeedee|Focus Sash
|-damage|p2a: Indeedee|1/100 slp
|
|upkeep
|turn|7
|c|☆Ronansting|gg
|
|t:|1755421151
|cant|p2a: Indeedee|slp
|move|p1b: Arching|Flash Cannon|p2a: Indeedee
|-damage|p2a: Indeedee|0 fnt
|faint|p2a: Indeedee
|
|win|Ronansting
|raw|Ronansting's rating: 1453 → 1461(+8 for winning)
|raw|aox93's rating: 1213 → 1203(-10 for losing)
|l|☆aox93
|player|p2|
