|j|☆kings11
|j|☆EchoShadowYT
|html|kings11EchoShadowYT    
|uhtml|bestof|Game 2 of a best-of-3
|t:|1786079615
|gametype|doubles
|player|p1|kings11|266|1160
|player|p2|EchoShadowYT|skierf|1293
|gen|9
|tier|[Gen 9 Champions] VGC 2026 Reg M-B (Bo3)
|rated|
|rule|Species Clause: Limit one of each Pokémon
|rule|Item Clause: Limit 1 of each item
|clearpoke
|poke|p1|Raichu, L50, F|
|poke|p1|Milotic, L50, F|
|poke|p1|Ceruledge, L50, F|
|poke|p1|Meowscarada, L50, M|
|poke|p1|Ninetales-Alola, L50, F|
|poke|p1|Staraptor, L50, M|
|poke|p2|Gyarados, L50, M|
|poke|p2|Tyranitar, L50, F|
|poke|p2|Gholdengo, L50|
|poke|p2|Garchomp, L50, F|
|poke|p2|Sneasler, L50, F|
|poke|p2|Sinistcha, L50|
|teampreview|4
|showteam|p1|Raichu||RaichuniteY|LightningRod|ZapCannon,FocusBlast,FakeOut,Protect|Timid||F|||50|]Milotic||Leftovers|Competitive|MuddyWater,Hypnosis,Coil,Recover|Calm||F|||50|]Ceruledge||ColburBerry|FlashFire|BitterBlade,ShadowSneak,BulkUp,Protect|Adamant||F|||50|]Meowscarada||FocusSash|Overgrow|FlowerTrick,KnockOff,SuckerPunch,Protect|Jolly||M|||50|]Ninetales-Alola||LightClay|SnowWarning|Blizzard,FreezeDry,AuroraVeil,Protect|Timid||F|||50|]Staraptor||Staraptite|Intimidate|BraveBird,CloseCombat,Roost,Protect|Jolly||M|||50|
|showteam|p2|Gyarados||Gyaradosite|Intimidate|LashOut,DragonDance,Waterfall,Protect|Jolly||M|||50|]Tyranitar||ChoiceScarf|SandStream|RockSlide,KnockOff,IcePunch,LowKick|Jolly||F|||50|]Gholdengo||LifeOrb|GoodasGold|ShadowBall,MakeItRain,NastyPlot,Protect|Modest|||||50|]Garchomp||Garchompite|RoughSkin|DracoMeteor,EarthPower,PowerGem,Protect|Modest||F|||50|]Sneasler||WhiteHerb|Unburden|DireClaw,CloseCombat,FakeOut,Protect|Jolly||F|||50|]Sinistcha||SitrusBerry|Hospitality|MatchaGotcha,RagePowder,TrickRoom,Protect|Calm|||||50|
|inactive|Battle timer is ON: inactive players will automatically lose when time's up. (requested by EchoShadowYT)
|inactive|kings11 has 60 seconds left.
|
|t:|1786079660
|teamsize|p1|4
|teamsize|p2|4
|start
|switch|p1a: Staraptor|Staraptor, L50, M|100/100
|switch|p1b: Ceruledge|Ceruledge, L50, F|100/100
|switch|p2a: Garchomp|Garchomp, L50, F|100/100
|switch|p2b: Sneasler|Sneasler, L50, F|100/100
|-ability|p1a: Staraptor|Intimidate|boost
|-unboost|p2a: Garchomp|atk|1
|-unboost|p2b: Sneasler|atk|1
|-enditem|p2b: Sneasler|White Herb
|-clearnegativeboost|p2b: Sneasler|[silent]
|turn|1
|
|t:|1786079681
|detailschange|p1a: Staraptor|Staraptor-Mega, L50, M
|-mega|p1a: Staraptor|Staraptor|Staraptite
|detailschange|p2a: Garchomp|Garchomp-Mega, L50, F
|-mega|p2a: Garchomp|Garchomp|Garchompite
|move|p1a: Staraptor|Protect|p1a: Staraptor
|-singleturn|p1a: Staraptor|Protect
|move|p1b: Ceruledge|Protect|p1b: Ceruledge
|-singleturn|p1b: Ceruledge|Protect
|move|p2b: Sneasler|Fake Out|p1a: Staraptor
|-activate|p1a: Staraptor|move: Protect
|move|p2a: Garchomp|Earth Power|p1b: Ceruledge
|-activate|p1b: Ceruledge|move: Protect
|
|upkeep
|turn|2
|inactive|EchoShadowYT has 30 seconds left.
|inactive|EchoShadowYT has 20 seconds left.
|inactive|EchoShadowYT has 15 seconds left.
|inactive|EchoShadowYT has 10 seconds left.
|
|t:|1786079730
|switch|p2b: Tyranitar|Tyranitar, L50, F|100/100
|-weather|Sandstorm|[from] ability: Sand Stream|[of] p2b: Tyranitar
|switch|p1b: Milotic|Milotic, L50, F|100/100
|move|p1a: Staraptor|Close Combat|p2a: Garchomp
|-damage|p2a: Garchomp|52/100
|-boost|p1a: Staraptor|def|1
|-boost|p1a: Staraptor|spd|1
|move|p2a: Garchomp|Earth Power|p1b: Milotic
|-damage|p1b: Milotic|56/100
|
|-weather|Sandstorm|[upkeep]
|-damage|p1a: Staraptor|94/100|[from] Sandstorm
|-damage|p1b: Milotic|50/100g|[from] Sandstorm
|-heal|p1b: Milotic|56/100|[from] item: Leftovers
|upkeep
|turn|3
|inactive|kings11 has 30 seconds left.
|inactive|EchoShadowYT has 30 seconds left.
|inactive|EchoShadowYT has 20 seconds left.
|
|t:|1786079765
|move|p2b: Tyranitar|Rock Slide|p1a: Staraptor|[spread] p1a,p1b
|-crit|p1b: Milotic
|-damage|p1a: Staraptor|73/100
|-damage|p1b: Milotic|17/100
|cant|p1a: Staraptor|flinch
|move|p2a: Garchomp|Power Gem|p1a: Staraptor
|-damage|p1a: Staraptor|50/100g
|move|p1b: Milotic|Coil|p1b: Milotic
|-boost|p1b: Milotic|atk|1
|-boost|p1b: Milotic|def|1
|-boost|p1b: Milotic|accuracy|1
|
|-weather|Sandstorm|[upkeep]
|-damage|p1a: Staraptor|44/100|[from] Sandstorm
|-damage|p1b: Milotic|11/100|[from] Sandstorm
|-heal|p1b: Milotic|17/100|[from] item: Leftovers
|upkeep
|turn|4
|
|t:|1786079786
|move|p2b: Tyranitar|Rock Slide|p1b: Milotic|[spread] p1a,p1b
|-damage|p1a: Staraptor|24/100
|-damage|p1b: Milotic|1/100
|move|p1a: Staraptor|Roost|p1a: Staraptor
|-heal|p1a: Staraptor|75/100
|-singleturn|p1a: Staraptor|move: Roost
|move|p2a: Garchomp|Draco Meteor|p1a: Staraptor
|-damage|p1a: Staraptor|26/100
|-unboost|p2a: Garchomp|spa|2
|move|p1b: Milotic|Recover|p1b: Milotic
|-heal|p1b: Milotic|51/100
|
|-weather|Sandstorm|[upkeep]
|-damage|p1a: Staraptor|21/100|[from] Sandstorm
|-damage|p1b: Milotic|45/100|[from] Sandstorm
|-heal|p1b: Milotic|51/100|[from] item: Leftovers
|upkeep
|turn|5
|inactive|kings11 has 30 seconds left.
|
|t:|1786079814
|switch|p2a: Sneasler|Sneasler, L50, F|100/100
|move|p2b: Tyranitar|Rock Slide|p1a: Staraptor|[spread] p1a,p1b
|-damage|p1a: Staraptor|1/100
|-damage|p1b: Milotic|33/100
|cant|p1a: Staraptor|flinch
|move|p1b: Milotic|Recover|p1b: Milotic
|-heal|p1b: Milotic|83/100
|
|-weather|Sandstorm|[upkeep]
|-damage|p2a: Sneasler|94/100|[from] Sandstorm
|-damage|p1a: Staraptor|0 fnt|[from] Sandstorm
|-damage|p1b: Milotic|77/100|[from] Sandstorm
|faint|p1a: Staraptor
|-heal|p1b: Milotic|83/100|[from] item: Leftovers
|upkeep
|
|t:|1786079826
|switch|p1a: Meowscarada|Meowscarada, L50, M|100/100
|turn|6
|
|t:|1786079834
|move|p1a: Meowscarada|Protect|p1a: Meowscarada
|-singleturn|p1a: Meowscarada|Protect
|move|p2a: Sneasler|Fake Out|p1a: Meowscarada
|-activate|p1a: Meowscarada|move: Protect
|move|p2b: Tyranitar|Rock Slide|p1b: Milotic|[spread] p1b
|-activate|p1a: Meowscarada|move: Protect
|-damage|p1b: Milotic|66/100
|move|p1b: Milotic|Hypnosis|p2a: Sneasler
|-status|p2a: Sneasler|slp|[from] move: Hypnosis
|
|-weather|none
|-heal|p1b: Milotic|72/100|[from] item: Leftovers
|upkeep
|turn|7
|
|t:|1786079848
|switch|p2b: Gholdengo|Gholdengo, L50|100/100
|move|p1a: Meowscarada|Flower Trick|p2b: Gholdengo
|-resisted|p2b: Gholdengo|1
|-crit|p2b: Gholdengo
|-damage|p2b: Gholdengo|80/100
|cant|p2a: Sneasler|slp
|move|p1b: Milotic|Muddy Water|p2a: Sneasler|[spread] p2a,p2b
|-damage|p2a: Sneasler|61/100 slp
|-damage|p2b: Gholdengo|60/100
|-unboost|p2b: Gholdengo|accuracy|1
|
|-heal|p1b: Milotic|78/100|[from] item: Leftovers
|upkeep
|turn|8
|
|t:|1786079867
|switch|p1a: Ceruledge|Ceruledge, L50, F|100/100
|move|p2b: Gholdengo|Protect|p2b: Gholdengo
|-singleturn|p2b: Gholdengo|Protect
|-curestatus|p2a: Sneasler|slp|[msg]
|move|p2a: Sneasler|Dire Claw|p1a: Ceruledge
|-resisted|p1a: Ceruledge|1
|-damage|p1a: Ceruledge|75/100
|move|p1b: Milotic|Muddy Water|p2b: Gholdengo|[spread] p2a
|-activate|p2b: Gholdengo|move: Protect
|-damage|p2a: Sneasler|29/100
|
|-heal|p1b: Milotic|84/100|[from] item: Leftovers
|upkeep
|turn|9
|
|t:|1786079883
|switch|p2b: Tyranitar|Tyranitar, L50, F|100/100
|-weather|Sandstorm|[from] ability: Sand Stream|[of] p2b: Tyranitar
|move|p2a: Sneasler|Dire Claw|p1b: Milotic
|-damage|p1b: Milotic|62/100
|move|p1a: Ceruledge|Bitter Blade|p2b: Tyranitar
|-resisted|p2b: Tyranitar|1
|-damage|p2b: Tyranitar|76/100
|-heal|p1a: Ceruledge|86/100|[from] drain|[of] p2b: Tyranitar
|move|p1b: Milotic|Muddy Water|p2a: Sneasler|[spread] p2a,p2b
|-supereffective|p2b: Tyranitar|1
|-crit|p2b: Tyranitar
|-damage|p2a: Sneasler|0 fnt
|-damage|p2b: Tyranitar|30/100
|faint|p2a: Sneasler
|
|-weather|Sandstorm|[upkeep]
|-damage|p1a: Ceruledge|80/100|[from] Sandstorm
|-damage|p1b: Milotic|56/100|[from] Sandstorm
|-heal|p1b: Milotic|62/100|[from] item: Leftovers
|upkeep
|
|t:|1786079901
|switch|p2a: Garchomp|Garchomp-Mega, L50, F|52/100
|turn|10
|
|t:|1786079914
|move|p1a: Ceruledge|Protect|p1a: Ceruledge
|-singleturn|p1a: Ceruledge|Protect
|move|p2b: Tyranitar|Knock Off|p1b: Milotic
|-damage|p1b: Milotic|30/100
|-enditem|p1b: Milotic|Leftovers|[from] move: Knock Off|[of] p2b: Tyranitar
|move|p2a: Garchomp|Earth Power|p1b: Milotic
|-damage|p1b: Milotic|0 fnt
|faint|p1b: Milotic
|
|-weather|Sandstorm|[upkeep]
|-damage|p1a: Ceruledge|74/100|[from] Sandstorm
|upkeep
|
|t:|1786079924
|switch|p1b: Meowscarada|Meowscarada, L50, M|100/100
|turn|11
|
|t:|1786079936
|move|p1b: Meowscarada|Sucker Punch|p2b: Tyranitar
|-resisted|p2b: Tyranitar|1
|-damage|p2b: Tyranitar|16/100
|move|p1a: Ceruledge|Shadow Sneak|p2b: Tyranitar
|-resisted|p2b: Tyranitar|1
|-damage|p2b: Tyranitar|5/100
|move|p2b: Tyranitar|Knock Off|p1b: Meowscarada
|-resisted|p1b: Meowscarada|1
|-damage|p1b: Meowscarada|60/100
|-enditem|p1b: Meowscarada|Focus Sash|[from] move: Knock Off|[of] p2b: Tyranitar
|move|p2a: Garchomp|Earth Power|p1a: Ceruledge
|-supereffective|p1a: Ceruledge|1
|-damage|p1a: Ceruledge|0 fnt
|faint|p1a: Ceruledge
|
|-weather|Sandstorm|[upkeep]
|-damage|p1b: Meowscarada|54/100|[from] Sandstorm
|upkeep
|turn|12
|
|t:|1786079952
|switch|p2b: Gholdengo|Gholdengo, L50|60/100
|move|p1b: Meowscarada|Flower Trick|p2a: Garchomp
|-crit|p2a: Garchomp
|-damage|p2a: Garchomp|9/100
|move|p2a: Garchomp|Draco Meteor|p1b: Meowscarada
|-damage|p1b: Meowscarada|0 fnt
|-unboost|p2a: Garchomp|spa|2
|faint|p1b: Meowscarada
|
|win|EchoShadowYT
|raw|kings11's rating: 1160 → 1144(-16 for losing)
|raw|EchoShadowYT's rating: 1293 → 1309(+16 for winning)
|l|☆kings11
|player|p1|
