|j|Ōśådarthmorton
|j|ŌśåNezk025
|html|darthmortonNezk025    
|uhtml|bestof|Game 2 of a best-of-3
|t:|1785356169
|gametype|doubles
|player|p1|darthmorton|red|
|player|p2|Nezk025|nate|
|gen|9
|tier|[Gen 9 Champions] VGC 2026 Reg M-B (Bo3)
|rule|Species Clause: Limit one of each Pok├®mon
|rule|Item Clause: Limit 1 of each item
|clearpoke
|poke|p1|Garchomp, L50, M|
|poke|p1|Incineroar, L50, M|
|poke|p1|Floette-Eternal, L50, F|
|poke|p1|Sinistcha, L50|
|poke|p1|Sneasler, L50, M|
|poke|p1|Kingambit, L50, M|
|poke|p2|Excadrill, L50, M|
|poke|p2|Tyranitar, L50, F|
|poke|p2|Corviknight, L50, F|
|poke|p2|Hydreigon, L50, M|
|poke|p2|Rotom-Wash, L50|
|poke|p2|Mimikyu, L50, M|
|teampreview|4
|showteam|p1|Garchomp||Garchompite|SandVeil|RockSlide,StompingTantrum,Earthquake,Protect|Adamant||M|||50|]Incineroar||Leftovers|Intimidate|FlareBlitz,HelpingHand,PartingShot,FakeOut|Sassy||M|||50|]Floette-Eternal||Floettite|FlowerVeil|DazzlingGleam,DrainingKiss,CalmMind,Protect|Timid||F|||50|]Sinistcha||SitrusBerry|Hospitality|MatchaGotcha,RagePowder,TrickRoom,Protect|Bold|||||50|]Sneasler||FocusSash|PoisonTouch|CloseCombat,DireClaw,FakeOut,Coaching|Naive||M|||50|]Kingambit||ChopleBerry|Defiant|KowtowCleave,SuckerPunch,IronHead,Protect|Adamant||M|||50|
|showteam|p2|Excadrill||FocusSash|SandRush|Protect,Earthquake,IronHead,RockTomb|Adamant||M|||50|]Tyranitar||Tyranitarite|SandStream|Protect,RockSlide,KnockOff,LowKick|Adamant||F|||50|]Corviknight||Leftovers|MirrorArmor|Roost,BraveBird,Tailwind,BulkUp|Careful||F|||50|]Hydreigon||ChoiceScarf|Levitate|DragonPulse,DarkPulse,Snarl,EarthPower|Modest||M|||50|]Rotom-Wash||SitrusBerry|Levitate|Protect,Thunderbolt,HydroPump,Reflect|Modest|||||50|]Mimikyu||FairyFeather|Disguise|Taunt,PlayRough,ShadowClaw,Protect|Adamant||M|||50|
|inactive|Battle timer is ON: inactive players will automatically lose when time's up. (requested by darthmorton)
|inactive|darthmorton has 60 seconds left.
|c|ŌśåNezk025|Damn that kinda sucked
|c|Ōśådarthmorton|yeah my chomp is sand veil but its meant to be rough skin just messed up the ts and had to roll with it
|inactive|darthmorton has 30 seconds left.
|inactive|darthmorton has 20 seconds left.
|c|ŌśåNezk025|Isnt that against the rules?
|inactive|darthmorton has 15 seconds left.
|c|Ōśådarthmorton|no no
|inactive|darthmorton has 10 seconds left.
|c|Ōśådarthmorton|like i submitted sand veil
|c|ŌśåNezk025|I c
|
|t:|1785356254
|teamsize|p1|4
|teamsize|p2|4
|start
|switch|p1a: Sneasler|Sneasler, L50, M|100/100
|switch|p1b: Garchomp|Garchomp, L50, M|100/100
|switch|p2a: Excadrill|Excadrill, L50, M|100/100
|switch|p2b: Tyranitar|Tyranitar, L50, F|100/100
|-weather|Sandstorm|[from] ability: Sand Stream|[of] p2b: Tyranitar
|turn|1
|c|ŌśåNezk025|Oh ok
|c|Ōśådarthmorton|so i have to use it
|c|Ōśådarthmorton|yeah
|
|t:|1785356278
|switch|p1a: Incineroar|Incineroar, L50, M|100/100
|-ability|p1a: Incineroar|Intimidate|boost
|-unboost|p2a: Excadrill|atk|1
|-unboost|p2b: Tyranitar|atk|1
|switch|p2b: Corviknight|Corviknight, L50, F|100/100
|detailschange|p1b: Garchomp|Garchomp-Mega, L50, M
|-mega|p1b: Garchomp|Garchomp|Garchompite
|move|p2a: Excadrill|Earthquake|p1b: Garchomp|[spread] p1a,p1b
|-immune|p2b: Corviknight
|-supereffective|p1a: Incineroar|1
|-damage|p1a: Incineroar|54/100
|-damage|p1b: Garchomp|80/100
|move|p1b: Garchomp|Stomping Tantrum|p2a: Excadrill
|-supereffective|p2a: Excadrill|1
|-enditem|p2a: Excadrill|Focus Sash
|-damage|p2a: Excadrill|1/100
|
|-weather|Sandstorm|[upkeep]
|-damage|p1a: Incineroar|48/100|[from] Sandstorm
|-heal|p1a: Incineroar|54/100|[from] item: Leftovers
|upkeep
|turn|2
|
|t:|1785356301
|move|p2a: Excadrill|Protect|p2a: Excadrill
|-singleturn|p2a: Excadrill|Protect
|move|p1a: Incineroar|Fake Out|p2b: Corviknight
|-resisted|p2b: Corviknight|1
|-damage|p2b: Corviknight|96/100
|move|p1b: Garchomp|Rock Slide|p2b: Corviknight|[spread] p2b
|-activate|p2a: Excadrill|move: Protect
|-damage|p2b: Corviknight|69/100
|cant|p2b: Corviknight|flinch
|
|-weather|Sandstorm|[upkeep]
|-damage|p1a: Incineroar|48/100|[from] Sandstorm
|-heal|p2b: Corviknight|75/100|[from] item: Leftovers
|-heal|p1a: Incineroar|54/100|[from] item: Leftovers
|upkeep
|turn|3
|inactive|darthmorton has 30 seconds left.
|inactive|darthmorton has 20 seconds left.
|inactive|darthmorton has 15 seconds left.
|
|t:|1785356341
|switch|p1a: Sinistcha|Sinistcha, L50|100/100
|-heal|p1b: Garchomp|100/100|[from] ability: Hospitality|[of] p1a: Sinistcha
|move|p2a: Excadrill|Earthquake|p1b: Garchomp|[spread] p1a,p1b
|-immune|p2b: Corviknight
|-resisted|p1a: Sinistcha|1
|-damage|p1a: Sinistcha|88/100
|-damage|p1b: Garchomp|79/100
|move|p1b: Garchomp|Rock Slide|p2a: Excadrill|[spread] p2a,p2b
|-resisted|p2a: Excadrill|2
|-damage|p2a: Excadrill|0 fnt
|-damage|p2b: Corviknight|47/100
|faint|p2a: Excadrill
|move|p2b: Corviknight|Tailwind|p2b: Corviknight
|-sidestart|p2: Nezk025|move: Tailwind
|
|-weather|Sandstorm|[upkeep]
|-damage|p1a: Sinistcha|82/100|[from] Sandstorm
|-heal|p2b: Corviknight|53/100|[from] item: Leftovers
|upkeep
|
|t:|1785356351
|switch|p2a: Tyranitar|Tyranitar, L50, F|100/100
|turn|4
|
|t:|1785356362
|move|p2a: Tyranitar|Protect|p2a: Tyranitar
|-singleturn|p2a: Tyranitar|Protect
|move|p2b: Corviknight|Bulk Up|p2b: Corviknight
|-boost|p2b: Corviknight|atk|1
|-boost|p2b: Corviknight|def|1
|move|p1b: Garchomp|Stomping Tantrum|p2b: Corviknight
|-immune|p2b: Corviknight
|move|p1a: Sinistcha|Trick Room|p1a: Sinistcha
|-fieldstart|move: Trick Room|[of] p1a: Sinistcha
|
|-weather|Sandstorm|[upkeep]
|-damage|p1a: Sinistcha|75/100|[from] Sandstorm
|-heal|p2b: Corviknight|59/100|[from] item: Leftovers
|upkeep
|turn|5
|
|t:|1785356380
|detailschange|p2a: Tyranitar|Tyranitar-Mega, L50, F
|-mega|p2a: Tyranitar|Tyranitar|Tyranitarite
|move|p1a: Sinistcha|Matcha Gotcha|p2b: Corviknight|[spread] p2a,p2b
|-supereffective|p2a: Tyranitar|1
|-resisted|p2b: Corviknight|2
|-damage|p2a: Tyranitar|76/100
|-heal|p1a: Sinistcha|89/100|[from] drain|[of] p2a: Tyranitar
|-damage|p2b: Corviknight|54/100
|-heal|p1a: Sinistcha|92/100|[from] drain|[of] p2b: Corviknight
|move|p1b: Garchomp|Stomping Tantrum|p2a: Tyranitar
|-supereffective|p2a: Tyranitar|1
|-damage|p2a: Tyranitar|0 fnt
|faint|p2a: Tyranitar
|move|p2b: Corviknight|Bulk Up|p2b: Corviknight
|-boost|p2b: Corviknight|atk|1
|-boost|p2b: Corviknight|def|1
|
|-weather|none
|-heal|p2b: Corviknight|60/100|[from] item: Leftovers
|upkeep
|
|t:|1785356393
|switch|p2a: Mimikyu|Mimikyu, L50, M|100/100
|turn|6
|c|ŌśåNezk025|Damn didn't think you will go for tr
|inactive|darthmorton has 30 seconds left.
|c|ŌśåNezk025|Thought you will be scared of bb
|inactive|darthmorton has 20 seconds left.
|
|t:|1785356429
|move|p2a: Mimikyu|Protect|p2a: Mimikyu
|-singleturn|p2a: Mimikyu|Protect
|move|p1a: Sinistcha|Matcha Gotcha|p2b: Corviknight|[spread] p2b
|-activate|p2a: Mimikyu|move: Protect
|-resisted|p2b: Corviknight|2
|-damage|p2b: Corviknight|55/100
|-heal|p1a: Sinistcha|94/100|[from] drain|[of] p2b: Corviknight
|move|p1b: Garchomp|Rock Slide|p2a: Mimikyu|[spread] p2b
|-activate|p2a: Mimikyu|move: Protect
|-damage|p2b: Corviknight|43/100
|move|p2b: Corviknight|Bulk Up|p2b: Corviknight
|-boost|p2b: Corviknight|atk|1
|-boost|p2b: Corviknight|def|1
|
|-heal|p2b: Corviknight|49/100|[from] item: Leftovers
|-sideend|p2: Nezk025|move: Tailwind
|upkeep
|turn|7
|
|t:|1785356451
|switch|p1b: Incineroar|Incineroar, L50, M|54/100
|-ability|p1b: Incineroar|Intimidate|boost
|-unboost|p2a: Mimikyu|atk|1
|-ability|p2b: Corviknight|Mirror Armor
|-unboost|p1b: Incineroar|atk|1
|move|p1a: Sinistcha|Matcha Gotcha|p2a: Mimikyu|[spread] p2a,p2b
|-resisted|p2b: Corviknight|2
|-activate|p2a: Mimikyu|ability: Disguise
|-damage|p2a: Mimikyu|100/100
|-damage|p2b: Corviknight|43/100
|-heal|p1a: Sinistcha|98/100|[from] drain|[of] p2b: Corviknight
|detailschange|p2a: Mimikyu|Mimikyu-Busted, L50, M
|-damage|p2a: Mimikyu|87/100|[from] pokemon: Mimikyu-Busted
|move|p2b: Corviknight|Bulk Up|p2b: Corviknight
|-boost|p2b: Corviknight|atk|1
|-boost|p2b: Corviknight|def|1
|move|p2a: Mimikyu|Taunt|p1a: Sinistcha
|-start|p1a: Sinistcha|move: Taunt
|
|-heal|p1b: Incineroar|60/100|[from] item: Leftovers
|-heal|p2b: Corviknight|49/100|[from] item: Leftovers
|upkeep
|turn|8
|
|t:|1785356473
|move|p2a: Mimikyu|Protect|p2a: Mimikyu
|-singleturn|p2a: Mimikyu|Protect
|move|p1b: Incineroar|Fake Out|p2b: Corviknight
|-resisted|p2b: Corviknight|1
|-damage|p2b: Corviknight|48/100
|move|p1a: Sinistcha|Matcha Gotcha|p2b: Corviknight|[spread] p2b
|-activate|p2a: Mimikyu|move: Protect
|-resisted|p2b: Corviknight|2
|-damage|p2b: Corviknight|43/100
|-heal|p1a: Sinistcha|100/100|[from] drain|[of] p2b: Corviknight
|cant|p2b: Corviknight|flinch
|
|-heal|p1b: Incineroar|66/100|[from] item: Leftovers
|-heal|p2b: Corviknight|49/100|[from] item: Leftovers
|-fieldend|move: Trick Room
|upkeep
|turn|9
|inactive|darthmorton has 30 seconds left.
|
|t:|1785356505
|move|p2a: Mimikyu|Play Rough|p1b: Incineroar
|-damage|p1b: Incineroar|38/100
|move|p2b: Corviknight|Tailwind|p2b: Corviknight
|-sidestart|p2: Nezk025|move: Tailwind
|move|p1a: Sinistcha|Matcha Gotcha|p2b: Corviknight|[spread] p2b
|-miss|p1a: Sinistcha|p2a: Mimikyu
|-resisted|p2b: Corviknight|2
|-damage|p2b: Corviknight|43/100
|move|p1b: Incineroar|Flare Blitz|p2b: Corviknight
|-supereffective|p2b: Corviknight|1
|-damage|p2b: Corviknight|24/100
|-damage|p1b: Incineroar|31/100|[from] Recoil
|
|-heal|p2b: Corviknight|30/100|[from] item: Leftovers
|-heal|p1b: Incineroar|37/100|[from] item: Leftovers
|upkeep
|turn|10
|
|t:|1785356525
|move|p2a: Mimikyu|Protect|p2a: Mimikyu
|-singleturn|p2a: Mimikyu|Protect
|move|p2b: Corviknight|Roost|p2b: Corviknight
|-heal|p2b: Corviknight|80/100
|-singleturn|p2b: Corviknight|move: Roost
|move|p1a: Sinistcha|Matcha Gotcha|p2b: Corviknight|[spread] p2b
|-activate|p2a: Mimikyu|move: Protect
|-resisted|p2b: Corviknight|1
|-damage|p2b: Corviknight|70/100
|-status|p2b: Corviknight|brn
|move|p1b: Incineroar|Flare Blitz|p2b: Corviknight
|-supereffective|p2b: Corviknight|1
|-damage|p2b: Corviknight|51/100 brn
|-damage|p1b: Incineroar|31/100|[from] Recoil
|
|-heal|p2b: Corviknight|57/100 brn|[from] item: Leftovers
|-heal|p1b: Incineroar|37/100|[from] item: Leftovers
|-damage|p2b: Corviknight|51/100 brn|[from] brn
|-end|p1a: Sinistcha|move: Taunt
|upkeep
|turn|11
|
|t:|1785356542
|move|p2a: Mimikyu|Play Rough|p1b: Incineroar
|-crit|p1b: Incineroar
|-damage|p1b: Incineroar|0 fnt
|faint|p1b: Incineroar
|move|p2b: Corviknight|Brave Bird|p1a: Sinistcha
|-supereffective|p1a: Sinistcha|1
|-damage|p1a: Sinistcha|1/100
|-enditem|p1a: Sinistcha|Sitrus Berry|[eat]
|-heal|p1a: Sinistcha|26/100|[from] item: Sitrus Berry
|-damage|p2b: Corviknight|22/100 brn|[from] Recoil
|move|p1a: Sinistcha|Matcha Gotcha|p2a: Mimikyu|[spread] p2a,p2b
|-resisted|p2b: Corviknight|2
|-damage|p2a: Mimikyu|55/100
|-heal|p1a: Sinistcha|38/100|[from] drain|[of] p2a: Mimikyu
|-damage|p2b: Corviknight|17/100 brn
|-heal|p1a: Sinistcha|41/100|[from] drain|[of] p2b: Corviknight
|
|-heal|p2b: Corviknight|23/100 brn|[from] item: Leftovers
|-damage|p2b: Corviknight|17/100 brn|[from] brn
|upkeep
|
|t:|1785356561
|switch|p1b: Sneasler|Sneasler, L50, M|100/100
|turn|12
|
|t:|1785356567
|move|p1b: Sneasler|Fake Out|p2b: Corviknight
|-resisted|p2b: Corviknight|1
|-damage|p2b: Corviknight|15/100 brn
|move|p2a: Mimikyu|Play Rough|p1b: Sneasler
|-damage|p1b: Sneasler|42/100
|cant|p2b: Corviknight|flinch
|move|p1a: Sinistcha|Matcha Gotcha|p2a: Mimikyu|[spread] p2a,p2b
|-resisted|p2b: Corviknight|2
|-damage|p2a: Mimikyu|25/100
|-heal|p1a: Sinistcha|52/100|[from] drain|[of] p2a: Mimikyu
|-damage|p2b: Corviknight|9/100 brn
|-heal|p1a: Sinistcha|55/100|[from] drain|[of] p2b: Corviknight
|-status|p2a: Mimikyu|brn
|
|-heal|p2b: Corviknight|15/100 brn|[from] item: Leftovers
|-damage|p2a: Mimikyu|19/100 brn|[from] brn
|-damage|p2b: Corviknight|9/100 brn|[from] brn
|-sideend|p2: Nezk025|move: Tailwind
|upkeep
|turn|13
|
|t:|1785356589
|move|p1b: Sneasler|Close Combat|p2b: Corviknight
|-damage|p2b: Corviknight|0 fnt
|-unboost|p1b: Sneasler|def|1
|-unboost|p1b: Sneasler|spd|1
|faint|p2b: Corviknight
|move|p2a: Mimikyu|Play Rough|p1b: Sneasler
|-damage|p1b: Sneasler|0 fnt
|faint|p1b: Sneasler
|move|p1a: Sinistcha|Matcha Gotcha|p2a: Mimikyu
|-damage|p2a: Mimikyu|0 fnt
|-heal|p1a: Sinistcha|62/100|[from] drain|[of] p2a: Mimikyu
|faint|p2a: Mimikyu
|
|win|darthmorton
