|j|☆Caloteiros VGC
|j|☆SlimSanity
|html|Caloteiros VGCSlimSanity    
|uhtml|bestof|Game 3 of a best-of-3
|t:|1785814184
|gametype|doubles
|player|p1|Caloteiros VGC|morty|1138
|player|p2|SlimSanity|170|1075
|gen|9
|tier|[Gen 9 Champions] VGC 2026 Reg M-B (Bo3)
|rated|
|rule|Species Clause: Limit one of each Pokémon
|rule|Item Clause: Limit 1 of each item
|clearpoke
|poke|p1|Raichu, L50, M|
|poke|p1|Sinistcha, L50|
|poke|p1|Incineroar, L50, F|
|poke|p1|Sylveon, L50, F|
|poke|p1|Hydreigon, L50, F|
|poke|p1|Metagross, L50|
|poke|p2|Scizor, L50, M|
|poke|p2|Ceruledge, L50, M|
|poke|p2|Whimsicott, L50, F, shiny|
|poke|p2|Gliscor, L50, F, shiny|
|poke|p2|Tsareena, L50, F, shiny|
|poke|p2|Primarina, L50, F, shiny|
|teampreview|4
|showteam|p1|Raichu||RaichuniteY|LightningRod|ZapCannon,FocusBlast,FakeOut,Protect|Timid||M|||50|]Sinistcha||SitrusBerry|Hospitality|MatchaGotcha,RagePowder,TrickRoom,Protect|Bold|||||50|]Incineroar||ShucaBerry|Intimidate|FlareBlitz,DarkestLariat,PartingShot,FakeOut|Careful||F|||50|]Sylveon||FairyFeather|Pixilate|HyperVoice,Moonblast,CalmMind,Protect|Modest||F|||50|]Hydreigon||ChoiceScarf|Levitate|DracoMeteor,DarkPulse,EarthPower,Snarl|Modest||F|||50|]Metagross||Metagrossite|ClearBody|HardPress,BodyPress,PsychicFangs,Protect|Adamant|||||50|
|showteam|p2|Scizor||Scizorite|Technician|BugBite,BulletPunch,SwordsDance,Protect|Adamant||M|||50|]Ceruledge||LifeOrb|FlashFire|BitterBlade,SwordsDance,Poltergeist,Protect|Adamant||M|||50|]Whimsicott||FocusSash|Prankster|Tailwind,Taunt,Encore,Moonblast|Timid||F|||50|]Gliscor||Leftovers|HyperCutter|Tailwind,RockSlide,HighHorsepower,Protect|Careful||F|||50|]Tsareena||MuscleBand|QueenlyMajesty|TropKick,TripleAxel,Uturn,Protect|Adamant||F|||50|]Primarina||MysticWater|LiquidVoice|IceBeam,HyperVoice,Moonblast,Protect|Modest||F|||50|
|inactive|Battle timer is ON: inactive players will automatically lose when time's up. (requested by SlimSanity)
|inactive|Caloteiros VGC also wants the timer to be on.
|
|t:|1785814207
|teamsize|p1|4
|teamsize|p2|4
|start
|switch|p1a: Raichu|Raichu, L50, M|100/100
|switch|p1b: Hydreigon|Hydreigon, L50, F|100/100
|switch|p2a: Level 1 Goblin|Whimsicott, L50, F, shiny|100/100
|switch|p2b: Goon Material|Primarina, L50, F, shiny|100/100
|turn|1
|
|t:|1785814229
|switch|p1b: Incineroar|Incineroar, L50, F|100/100
|-ability|p1b: Incineroar|Intimidate|boost
|-unboost|p2a: Level 1 Goblin|atk|1
|-unboost|p2b: Goon Material|atk|1
|detailschange|p1a: Raichu|Raichu-Mega-Y, L50, M
|-mega|p1a: Raichu|Raichu|Raichunite Y
|move|p2a: Level 1 Goblin|Tailwind|p2a: Level 1 Goblin
|-sidestart|p2: SlimSanity|move: Tailwind
|move|p2b: Goon Material|Moonblast|p1b: Incineroar
|-damage|p1b: Incineroar|59/100
|-unboost|p1b: Incineroar|spa|1
|move|p1a: Raichu|Zap Cannon|p2b: Goon Material
|-supereffective|p2b: Goon Material|1
|-damage|p2b: Goon Material|0 fnt
|faint|p2b: Goon Material
|
|upkeep
|
|t:|1785814243
|switch|p2b: Red Lobster|Scizor, L50, M|100/100
|turn|2
|
|t:|1785814263
|switch|p1a: Sinistcha|Sinistcha, L50|100/100
|-heal|p1b: Incineroar|84/100|[from] ability: Hospitality|[of] p1a: Sinistcha
|switch|p2b: TheGrillMaster|Ceruledge, L50, M|100/100
|move|p2a: Level 1 Goblin|Taunt|p1a: Sinistcha
|-start|p1a: Sinistcha|move: Taunt
|move|p1b: Incineroar|Flare Blitz|p2b: TheGrillMaster
|-start|p2b: TheGrillMaster|ability: Flash Fire
|
|upkeep
|turn|3
|
|t:|1785814280
|switch|p1a: Hydreigon|Hydreigon, L50, F|100/100
|move|p2a: Level 1 Goblin|Moonblast|p1b: Incineroar
|-damage|p1b: Incineroar|63/100
|move|p2b: TheGrillMaster|Bitter Blade|p1b: Incineroar
|-resisted|p1b: Incineroar|1
|-damage|p1b: Incineroar|12/100
|-damage|p2b: TheGrillMaster|90/100|[from] item: Life Orb
|move|p1b: Incineroar|Parting Shot|p2b: TheGrillMaster
|-unboost|p2b: TheGrillMaster|atk|1
|-unboost|p2b: TheGrillMaster|spa|1
|
|t:|1785814295
|switch|p1b: Raichu|Raichu-Mega-Y, L50, M|100/100|[from] Parting Shot
|
|upkeep
|turn|4
|
|t:|1785814308
|switch|p1a: Incineroar|Incineroar, L50, F|12/100
|-ability|p1a: Incineroar|Intimidate|boost
|-unboost|p2a: Level 1 Goblin|atk|1
|-unboost|p2b: TheGrillMaster|atk|1
|move|p2b: TheGrillMaster|Protect|p2b: TheGrillMaster
|-singleturn|p2b: TheGrillMaster|Protect
|move|p2a: Level 1 Goblin|Moonblast|p1a: Incineroar
|-damage|p1a: Incineroar|0 fnt
|faint|p1a: Incineroar
|move|p1b: Raichu|Zap Cannon|p2b: TheGrillMaster
|-activate|p2b: TheGrillMaster|move: Protect
|
|-sideend|p2: SlimSanity|move: Tailwind
|upkeep
|
|t:|1785814318
|switch|p1a: Hydreigon|Hydreigon, L50, F|100/100
|turn|5
|
|t:|1785814335
|move|p2a: Level 1 Goblin|Tailwind|p2a: Level 1 Goblin
|-sidestart|p2: SlimSanity|move: Tailwind
|move|p2b: TheGrillMaster|Bitter Blade|p1b: Raichu
|-damage|p1b: Raichu|34/100
|-heal|p2b: TheGrillMaster|100/100|[from] drain|[of] p1b: Raichu
|-damage|p2b: TheGrillMaster|90/100|[from] item: Life Orb
|move|p1a: Hydreigon|Dark Pulse|p2b: TheGrillMaster
|-supereffective|p2b: TheGrillMaster|1
|-damage|p2b: TheGrillMaster|0 fnt
|faint|p2b: TheGrillMaster
|move|p1b: Raichu|Zap Cannon|p2a: Level 1 Goblin
|-resisted|p2a: Level 1 Goblin|1
|-damage|p2a: Level 1 Goblin|58/100
|-status|p2a: Level 1 Goblin|par
|
|upkeep
|
|t:|1785814352
|switch|p2b: Red Lobster|Scizor, L50, M|100/100
|turn|6
|
|t:|1785814369
|detailschange|p2b: Red Lobster|Scizor-Mega, L50, M
|-mega|p2b: Red Lobster|Scizor|Scizorite
|move|p1a: Hydreigon|Dark Pulse|p2b: Red Lobster
|-damage|p2b: Red Lobster|50/100g
|cant|p2b: Red Lobster|flinch
|move|p1b: Raichu|Zap Cannon|p2b: Red Lobster
|-damage|p2b: Red Lobster|0 fnt
|faint|p2b: Red Lobster
|move|p2a: Level 1 Goblin|Moonblast|p1a: Hydreigon
|-supereffective|p1a: Hydreigon|2
|-damage|p1a: Hydreigon|0 fnt
|faint|p1a: Hydreigon
|
|upkeep
|
|t:|1785814376
|switch|p1a: Sinistcha|Sinistcha, L50|100/100
|-heal|p1b: Raichu|58/100|[from] ability: Hospitality|[of] p1a: Sinistcha
|turn|7
|inactive|SlimSanity has 30 seconds left.
|-message|SlimSanity forfeited.
|
|win|Caloteiros VGC
