|j|☆Digao19
|j|☆Kaazuma
|html|Digao19Kaazuma    
|uhtml|bestof|Game 1 of a best-of-3
|t:|1785270484
|gametype|doubles
|player|p1|Digao19|170|
|player|p2|Kaazuma|red|
|gen|9
|tier|[Gen 9 Champions] VGC 2026 Reg M-B (Bo3)
|rule|Species Clause: Limit one of each Pokémon
|rule|Item Clause: Limit 1 of each item
|clearpoke
|poke|p1|Charizard, L50, M|
|poke|p1|Venusaur, L50, M|
|poke|p1|Grimmsnarl, L50, M|
|poke|p1|Archaludon, L50, F|
|poke|p1|Pelipper, L50, F|
|poke|p1|Basculegion, L50, M|
|poke|p2|Tyranitar, L50, M|
|poke|p2|Excadrill, L50, F|
|poke|p2|Milotic, L50, M|
|poke|p2|Sinistcha, L50|
|poke|p2|Staraptor, L50, F|
|poke|p2|Gholdengo, L50|
|teampreview|4
|showteam|p1|Charizard||CharizarditeY|Blaze|HeatWave,Hurricane,WeatherBall,Protect|Modest||M|||50|]Venusaur||Venusaurite|Chlorophyll|GigaDrain,SludgeBomb,EarthPower,Protect|Modest||M|||50|]Grimmsnarl||LightClay|Prankster|SpiritBreak,PartingShot,LightScreen,Reflect|Careful||M|||50|]Archaludon||Leftovers|Stamina|ElectroShot,DragonPulse,FlashCannon,Protect|Modest||F|||50|]Pelipper||SitrusBerry|Drizzle|WeatherBall,Hurricane,Tailwind,Protect|Modest||F|||50|]Basculegion||ChoiceScarf|Adaptability|LastRespects,WaveCrash,AquaJet,FlipTurn|Jolly||M|||50|
|showteam|p2|Tyranitar||Tyranitarite|SandStream|KnockOff,RockSlide,LowKick,Protect|Jolly||M|||50|]Excadrill||FocusSash|SandRush|HighHorsepower,IronHead,RockSlide,Protect|Adamant||F|||50|]Milotic||SitrusBerry|Competitive|Scald,IceBeam,Haze,Protect|Modest||M|||50|]Sinistcha||ColburBerry|Hospitality|MatchaGotcha,ShadowBall,Protect,RagePowder|Bold|||||50|]Staraptor||Staraptite|Intimidate|CloseCombat,BraveBird,Tailwind,Protect|Jolly||F|||50|]Gholdengo||LifeOrb|GoodasGold|MakeItRain,ShadowBall,NastyPlot,Protect|Modest|||||50|
|inactive|Battle timer is ON: inactive players will automatically lose when time's up. (requested by Kaazuma)
|j| xxAKIxx
|inactive|Digao19 has 60 seconds left.
|inactive|Kaazuma has 60 seconds left.
|
|t:|1785270541
|teamsize|p1|4
|teamsize|p2|4
|start
|switch|p1a: Charizard|Charizard, L50, M|100/100
|switch|p1b: Pelipper|Pelipper, L50, F|100/100
|switch|p2a: Staraptor|Staraptor, L50, F|100/100
|switch|p2b: Gholdengo|Gholdengo, L50|100/100
|-ability|p2a: Staraptor|Intimidate|boost
|-unboost|p1a: Charizard|atk|1
|-unboost|p1b: Pelipper|atk|1
|-weather|RainDance|[from] ability: Drizzle|[of] p1b: Pelipper
|turn|1
|
|t:|1785270564
|detailschange|p1a: Charizard|Charizard-Mega-Y, L50, M
|-mega|p1a: Charizard|Charizard|Charizardite Y
|-weather|SunnyDay|[from] ability: Drought|[of] p1a: Charizard
|move|p2b: Gholdengo|Protect|p2b: Gholdengo
|-singleturn|p2b: Gholdengo|Protect
|move|p2a: Staraptor|Tailwind|p2a: Staraptor
|-sidestart|p2: Kaazuma|move: Tailwind
|move|p1a: Charizard|Heat Wave|p2b: Gholdengo|[spread] p2a
|-activate|p2b: Gholdengo|move: Protect
|-damage|p2a: Staraptor|0 fnt
|faint|p2a: Staraptor
|move|p1b: Pelipper|Tailwind|p1b: Pelipper
|-sidestart|p1: Digao19|move: Tailwind
|
|-weather|SunnyDay|[upkeep]
|upkeep
|
|t:|1785270584
|switch|p2a: Tyranitar|Tyranitar, L50, M|100/100
|-weather|Sandstorm|[from] ability: Sand Stream|[of] p2a: Tyranitar
|turn|2
|
|t:|1785270609
|switch|p1b: Archaludon|Archaludon, L50, F|100/100
|detailschange|p2a: Tyranitar|Tyranitar-Mega, L50, M
|-mega|p2a: Tyranitar|Tyranitar|Tyranitarite
|move|p2b: Gholdengo|Nasty Plot|p2b: Gholdengo
|-boost|p2b: Gholdengo|spa|2
|move|p2a: Tyranitar|Rock Slide|p1b: Archaludon|[spread] p1b
|-miss|p2a: Tyranitar|p1a: Charizard
|-resisted|p1b: Archaludon|1
|-damage|p1b: Archaludon|87/100
|-ability|p1b: Archaludon|Stamina|boost
|-boost|p1b: Archaludon|def|1
|move|p1a: Charizard|Heat Wave|p2b: Gholdengo|[spread] p2a,p2b
|-resisted|p2a: Tyranitar|1
|-supereffective|p2b: Gholdengo|1
|-damage|p2a: Tyranitar|87/100
|-damage|p2b: Gholdengo|2/100
|
|-weather|Sandstorm|[upkeep]
|-damage|p1a: Charizard|94/100|[from] Sandstorm
|-heal|p1b: Archaludon|93/100|[from] item: Leftovers
|upkeep
|turn|3
|inactive|Digao19 has 30 seconds left.
|inactive|Kaazuma has 30 seconds left.
|inactive|Digao19 has 20 seconds left.
|inactive|Digao19 has 15 seconds left.
|inactive|Digao19 has 10 seconds left.
|inactive|Digao19 has 5 seconds left.
|
|t:|1785270664
|move|p2b: Gholdengo|Shadow Ball|p1b: Archaludon
|-damage|p1b: Archaludon|0 fnt
|faint|p1b: Archaludon
|-damage|p2b: Gholdengo|0 fnt|[from] item: Life Orb
|faint|p2b: Gholdengo
|move|p2a: Tyranitar|Rock Slide|p1a: Charizard|[miss]
|-miss|p2a: Tyranitar|p1a: Charizard
|move|p1a: Charizard|Heat Wave|p2a: Tyranitar
|-resisted|p2a: Tyranitar|1
|-damage|p2a: Tyranitar|70/100
|
|-weather|Sandstorm|[upkeep]
|-damage|p1a: Charizard|88/100|[from] Sandstorm
|upkeep
|j| soulmoonvgc
|
|t:|1785270673
|switch|p2b: Sinistcha|Sinistcha, L50|100/100
|switch|p1b: Basculegion|Basculegion, L50, M|100/100
|-heal|p2a: Tyranitar|95/100|[from] ability: Hospitality|[of] p2b: Sinistcha
|turn|4
|
|t:|1785270689
|switch|p1b: Pelipper|Pelipper, L50, F|100/100
|-weather|RainDance|[from] ability: Drizzle|[of] p1b: Pelipper
|move|p2b: Sinistcha|Rage Powder|p2b: Sinistcha
|-singleturn|p2b: Sinistcha|move: Rage Powder
|move|p2a: Tyranitar|Knock Off|p1b: Pelipper
|-damage|p1b: Pelipper|33/100
|-enditem|p1b: Pelipper|Sitrus Berry|[from] move: Knock Off|[of] p2a: Tyranitar
|move|p1a: Charizard|Hurricane|p2b: Sinistcha
|-supereffective|p2b: Sinistcha|1
|-damage|p2b: Sinistcha|0 fnt
|faint|p2b: Sinistcha
|
|-weather|RainDance|[upkeep]
|-sideend|p1: Digao19|move: Tailwind
|-sideend|p2: Kaazuma|move: Tailwind
|upkeep
|turn|5
|-message|Kaazuma forfeited.
|
|win|Digao19
