|j|☆PursatiEvol
|j|☆Yoters
|html|PursatiEvolYoters    
|uhtml|bestof|Game 1 of a best-of-3
|t:|1756356139
|gametype|doubles
|player|p1|PursatiEvol|1|1086
|player|p2|Yoters|veteranf|1063
|gen|9
|tier|[Gen 9] VGC 2025 Reg H (Bo3)
|rated|
|rule|Species Clause: Limit one of each Pokémon
|rule|Item Clause: Limit 1 of each item
|clearpoke
|poke|p1|Sneasler, L50, M|
|poke|p1|Dragapult, L50, M|
|poke|p1|Primarina, L50, F|
|poke|p1|Rillaboom, L50, M|
|poke|p1|Kingambit, L50, M|
|poke|p1|Magmar, L50, M|
|poke|p2|Torkoal, L50, F|
|poke|p2|Lilligant-Hisui, L50, F|
|poke|p2|Golem-Alola, L50, F|
|poke|p2|Gliscor, L50, M|
|poke|p2|Dragapult, L50, M|
|poke|p2|Gholdengo, L50|
|teampreview|4
|showteam|p1|Sneasler||FocusSash|PoisonTouch|CloseCombat,DireClaw,FakeOut,Protect|||M|||50|,,,,,Stellar]Dragapult||ChoiceBand|ClearBody|DragonDarts,TeraBlast,PhantomForce,Uturn|||M|||50|,,,,,Ghost]Primarina||SitrusBerry|LiquidVoice|HyperVoice,Moonblast,Haze,Protect|||F|||50|,,,,,Water]Rillaboom||AssaultVest|GrassySurge|WoodHammer,GrassyGlide,HighHorsepower,FakeOut|||M|||50|,,,,,Fire]Kingambit||BlackGlasses|Defiant|KowtowCleave,SuckerPunch,SwordsDance,Protect|||M|||50|,,,,,Ghost]Magmar||Eviolite|VitalSpirit|Overheat,WillOWisp,FollowMe,Protect|||M|||50|,,,,,Ghost
|showteam|p2|Torkoal||EjectPack|Drought|Overheat,SolarBeam,EarthPower,Protect|||F|||50|,,,,,Grass]Lilligant-Hisui||FocusSash|Chlorophyll|SolarBlade,TripleAxel,AfterYou,Protect|||F|||50|,,,,,Fire]Golem-Alola||ClearAmulet|Galvanize|Explosion,DoubleEdge,Protect,WideGuard|||F|||50|,,,,,Electric]Gliscor||ToxicOrb|PoisonHeal|KnockOff,HighHorsepower,Protect,SunnyDay|||M|||50|,,,,,Water]Dragapult||ChoiceBand|ClearBody|DragonDarts,PsychicFangs,SuckerPunch,Uturn|||M|||50|,,,,,Dark]Gholdengo||ChoiceScarf|GoodasGold|MakeItRain,ShadowBall,Thunderbolt,Trick||||||50|,,,,,Water
|
|t:|1756356202
|teamsize|p1|4
|teamsize|p2|4
|start
|switch|p1a: Magmar|Magmar, L50, M|100/100
|switch|p1b: Kingambit|Kingambit, L50, M|100/100
|switch|p2a: Dragapult|Dragapult, L50, M|100/100
|switch|p2b: Gliscor|Gliscor, L50, M|100/100
|turn|1
|
|t:|1756356218
|-terastallize|p2a: Dragapult|Dark
|move|p1a: Magmar|Protect|p1a: Magmar
|-singleturn|p1a: Magmar|Protect
|move|p1b: Kingambit|Protect|p1b: Kingambit
|-singleturn|p1b: Kingambit|Protect
|move|p2a: Dragapult|Dragon Darts|p1a: Magmar
|-activate|p1b: Kingambit|move: Protect
|move|p2b: Gliscor|High Horsepower|p1a: Magmar
|-activate|p1a: Magmar|move: Protect
|
|-status|p2b: Gliscor|tox|[from] item: Toxic Orb
|upkeep
|turn|2
|
|t:|1756356251
|move|p2a: Dragapult|Dragon Darts|p1b: Kingambit
|-resisted|p1b: Kingambit
|-damage|p1b: Kingambit|86/100
|-anim|p2a: Dragapult|Dragon Darts|p1a: Magmar
|-damage|p1a: Magmar|67/100
|move|p1a: Magmar|Will-O-Wisp|p2a: Dragapult
|-status|p2a: Dragapult|brn
|move|p2b: Gliscor|High Horsepower|p1b: Kingambit
|-supereffective|p1b: Kingambit
|-damage|p1b: Kingambit|34/100
|move|p1b: Kingambit|Swords Dance|p1b: Kingambit
|-boost|p1b: Kingambit|atk|2
|
|-damage|p2a: Dragapult|94/100 brn|[from] brn
|upkeep
|turn|3
|
|t:|1756356271
|switch|p1a: Rillaboom|Rillaboom, L50, M|100/100
|-fieldstart|move: Grassy Terrain|[from] ability: Grassy Surge|[of] p1a: Rillaboom
|move|p1b: Kingambit|Protect|p1b: Kingambit
|-singleturn|p1b: Kingambit|Protect
|move|p2a: Dragapult|Dragon Darts|p1a: Rillaboom
|-damage|p1a: Rillaboom|82/100
|-anim|p2a: Dragapult|Dragon Darts|p1a: Rillaboom
|-damage|p1a: Rillaboom|63/100
|move|p2b: Gliscor|High Horsepower|p1b: Kingambit
|-activate|p1b: Kingambit|move: Protect
|
|-heal|p2a: Dragapult|100/100 brn|[from] Grassy Terrain
|-heal|p1a: Rillaboom|69/100|[from] Grassy Terrain
|-heal|p1b: Kingambit|40/100|[from] Grassy Terrain
|-damage|p2a: Dragapult|94/100 brn|[from] brn
|upkeep
|turn|4
|
|t:|1756356300
|switch|p2a: Torkoal|Torkoal, L50, F|100/100
|-weather|SunnyDay|[from] ability: Drought|[of] p2a: Torkoal
|move|p2b: Gliscor|Protect|p2b: Gliscor
|-singleturn|p2b: Gliscor|Protect
|move|p1a: Rillaboom|Fake Out|p2b: Gliscor
|-activate|p2b: Gliscor|move: Protect
|move|p1b: Kingambit|Sucker Punch||[still]
|-fail|p1b: Kingambit
|
|-weather|SunnyDay|[upkeep]
|-heal|p1a: Rillaboom|75/100|[from] Grassy Terrain
|-heal|p1b: Kingambit|46/100|[from] Grassy Terrain
|upkeep
|turn|5
|
|t:|1756356345
|move|p1b: Kingambit|Protect|p1b: Kingambit
|-singleturn|p1b: Kingambit|Protect
|move|p1a: Rillaboom|High Horsepower|p2a: Torkoal
|-supereffective|p2a: Torkoal
|-damage|p2a: Torkoal|45/100
|move|p2b: Gliscor|High Horsepower|p1b: Kingambit
|-activate|p1b: Kingambit|move: Protect
|move|p2a: Torkoal|Overheat|p1a: Rillaboom
|-supereffective|p1a: Rillaboom
|-damage|p1a: Rillaboom|0 fnt
|-unboost|p2a: Torkoal|spa|2
|faint|p1a: Rillaboom
|-enditem|p2a: Torkoal|Eject Pack
|
|t:|1756356358
|switch|p2a: Dragapult|Dragapult, L50, M, tera:Dark|94/100 brn
|
|-weather|SunnyDay|[upkeep]
|-heal|p2a: Dragapult|100/100 brn|[from] Grassy Terrain
|-heal|p1b: Kingambit|52/100|[from] Grassy Terrain
|-damage|p2a: Dragapult|94/100 brn|[from] brn
|upkeep
|
|t:|1756356366
|switch|p1a: Magmar|Magmar, L50, M|67/100
|turn|6
|
|t:|1756356385
|move|p1b: Kingambit|Sucker Punch|p2b: Gliscor
|-damage|p2b: Gliscor|30/100 tox
|move|p2a: Dragapult|U-turn|p1b: Kingambit
|-damage|p1b: Kingambit|40/100
|
|t:|1756356395
|switch|p2a: Lilligant|Lilligant-Hisui, L50, F|100/100|[from] U-turn
|move|p1a: Magmar|Overheat|p2a: Lilligant
|-supereffective|p2a: Lilligant
|-enditem|p2a: Lilligant|Focus Sash
|-damage|p2a: Lilligant|1/100
|-unboost|p1a: Magmar|spa|2
|move|p2b: Gliscor|High Horsepower|p1b: Kingambit
|-supereffective|p1b: Kingambit
|-damage|p1b: Kingambit|0 fnt
|faint|p1b: Kingambit
|
|-weather|SunnyDay|[upkeep]
|-heal|p2a: Lilligant|7/100|[from] Grassy Terrain
|-heal|p1a: Magmar|73/100|[from] Grassy Terrain
|-heal|p2b: Gliscor|42/100 tox|[from] ability: Poison Heal
|upkeep
|
|t:|1756356407
|switch|p1b: Dragapult|Dragapult, L50, M|100/100
|turn|7
|
|t:|1756356432
|-terastallize|p1b: Dragapult|Ghost
|move|p2b: Gliscor|Protect|p2b: Gliscor
|-singleturn|p2b: Gliscor|Protect
|move|p1a: Magmar|Follow Me|p1a: Magmar
|-singleturn|p1a: Magmar|move: Follow Me
|move|p2a: Lilligant|Triple Axel|p1a: Magmar
|-resisted|p1a: Magmar
|-damage|p1a: Magmar|71/100
|-resisted|p1a: Magmar
|-damage|p1a: Magmar|66/100
|-resisted|p1a: Magmar
|-damage|p1a: Magmar|59/100
|-hitcount|p1a: Magmar|3
|move|p1b: Dragapult|Tera Blast|p2b: Gliscor|[anim] Tera Blast Ghost
|-activate|p2b: Gliscor|move: Protect
|
|-weather|SunnyDay|[upkeep]
|-heal|p2a: Lilligant|14/100|[from] Grassy Terrain
|-heal|p1a: Magmar|65/100|[from] Grassy Terrain
|-heal|p2b: Gliscor|55/100 tox|[from] ability: Poison Heal
|-fieldend|move: Grassy Terrain
|upkeep
|turn|8
|
|t:|1756356475
|move|p1a: Magmar|Follow Me|p1a: Magmar
|-singleturn|p1a: Magmar|move: Follow Me
|move|p2a: Lilligant|After You||[still]
|-fail|p2a: Lilligant
|move|p1b: Dragapult|Tera Blast|p2b: Gliscor|[anim] Tera Blast Ghost
|-damage|p2b: Gliscor|0 fnt
|faint|p2b: Gliscor
|
|-weather|none
|upkeep
|
|t:|1756356486
|switch|p2b: Dragapult|Dragapult, L50, M, tera:Dark|94/100 brn
|turn|9
|
|t:|1756356502
|move|p2a: Lilligant|Protect|p2a: Lilligant
|-singleturn|p2a: Lilligant|Protect
|move|p1a: Magmar|Follow Me|p1a: Magmar
|-singleturn|p1a: Magmar|move: Follow Me
|move|p2b: Dragapult|Sucker Punch||[still]
|-fail|p2b: Dragapult
|move|p1b: Dragapult|Tera Blast|p2a: Lilligant|[anim] Tera Blast Ghost
|-activate|p2a: Lilligant|move: Protect
|
|-damage|p2b: Dragapult|88/100 brn|[from] brn
|upkeep
|turn|10
|
|t:|1756356524
|switch|p2b: Torkoal|Torkoal, L50, F|45/100
|-weather|SunnyDay|[from] ability: Drought|[of] p2b: Torkoal
|move|p1a: Magmar|Follow Me|p1a: Magmar
|-singleturn|p1a: Magmar|move: Follow Me
|move|p2a: Lilligant|Solar Blade||[still]
|-prepare|p2a: Lilligant|Solar Blade
|-anim|p2a: Lilligant|Solar Blade|p1a: Magmar
|-resisted|p1a: Magmar
|-damage|p1a: Magmar|43/100
|move|p1b: Dragapult|Tera Blast|p2a: Lilligant|[anim] Tera Blast Ghost
|-damage|p2a: Lilligant|0 fnt
|faint|p2a: Lilligant
|
|-weather|SunnyDay|[upkeep]
|upkeep
|
|t:|1756356537
|switch|p2a: Dragapult|Dragapult, L50, M, tera:Dark|88/100 brn
|turn|11
|
|t:|1756356546
|move|p1a: Magmar|Follow Me|p1a: Magmar
|-singleturn|p1a: Magmar|move: Follow Me
|move|p1b: Dragapult|Tera Blast|p2b: Torkoal|[anim] Tera Blast Ghost
|-damage|p2b: Torkoal|0 fnt
|faint|p2b: Torkoal
|move|p2a: Dragapult|Dragon Darts|p1a: Magmar
|-damage|p1a: Magmar|27/100
|-anim|p2a: Dragapult|Dragon Darts|p1a: Magmar
|-damage|p1a: Magmar|13/100
|
|-weather|SunnyDay|[upkeep]
|-damage|p2a: Dragapult|82/100 brn|[from] brn
|upkeep
|turn|12
|
|t:|1756356558
|move|p1b: Dragapult|Tera Blast|p2a: Dragapult|[anim] Tera Blast Ghost
|-resisted|p2a: Dragapult
|-damage|p2a: Dragapult|32/100 brn
|move|p2a: Dragapult|Dragon Darts|p1a: Magmar
|-damage|p1a: Magmar|0 fnt
|-anim|p2a: Dragapult|Dragon Darts|p1b: Dragapult
|-damage|p1b: Dragapult|77/100
|faint|p1a: Magmar
|
|-weather|SunnyDay|[upkeep]
|-damage|p2a: Dragapult|25/100 brn|[from] brn
|upkeep
|turn|13
|-message|Yoters forfeited.
|
|win|PursatiEvol
|l|☆Yoters
|player|p2|
||PursatiEvol is ready for game 2.
||Yoters is ready for game 2.
|uhtml|next|Next: Game 2 of 3
