|j|☆exessvgc
|j|☆lunarknight69
|html|exessvgclunarknight69    
|uhtml|bestof|Game 2 of a best-of-3
|t:|1784135811
|gametype|doubles
|player|p1|exessvgc|lucas|1220
|player|p2|lunarknight69|mira|1161
|gen|9
|tier|[Gen 9 Champions] VGC 2026 Reg M-B (Bo3)
|rated|
|rule|Species Clause: Limit one of each Pokémon
|rule|Item Clause: Limit 1 of each item
|clearpoke
|poke|p1|Farigiraf, L50, F|
|poke|p1|Aerodactyl, L50, M|
|poke|p1|Sylveon, L50, M|
|poke|p1|Kingambit, L50, M|
|poke|p1|Garchomp, L50, F|
|poke|p1|Charizard, L50, M|
|poke|p2|Incineroar, L50, M|
|poke|p2|Annihilape, L50, F|
|poke|p2|Venusaur, L50, F|
|poke|p2|Toxapex, L50, F|
|poke|p2|Garchomp, L50, M|
|poke|p2|Charizard, L50, F|
|teampreview|4
|showteam|p1|Farigiraf||SitrusBerry|ArmorTail|TrickRoom,TwinBeam,HelpingHand,Thunderbolt|Bold||F|||50|]Aerodactyl||Aerodactylite|Unnerve|RockSlide,Protect,Tailwind,Taunt|Jolly||M|||50|]Sylveon||FairyFeather|Pixilate|HyperVoice,HyperBeam,Protect,ShadowBall|Modest||M|||50|]Kingambit||FocusSash|Defiant|KowtowCleave,SuckerPunch,SwordsDance,Protect|Adamant||M|||50|]Garchomp||LifeOrb|RoughSkin|DragonClaw,Earthquake,RockSlide,Protect|Adamant||F|||50|]Charizard||CharizarditeY|Blaze|WeatherBall,HeatWave,SolarBeam,Protect|Modest||M|||50|
|showteam|p2|Incineroar||SitrusBerry|Intimidate|FakeOut,FlareBlitz,PartingShot,ThroatChop|Impish||M|||50|]Annihilape||FocusSash|Defiant|PhantomForce,CloseCombat,RockTomb,Protect|Jolly||F|||50|]Venusaur||LifeOrb|Chlorophyll|SludgeBomb,EarthPower,SolarBeam,Protect|Modest||F|||50|]Toxapex||Leftovers|Regenerator|Infestation,Toxic,BanefulBunker,WideGuard|Impish||F|||50|]Garchomp||ChoiceScarf|RoughSkin|Earthquake,StompingTantrum,RockSlide,DragonClaw|Adamant||M|||50|]Charizard||CharizarditeY|Blaze|HeatWave,WeatherBall,Protect,HelpingHand|Modest||F|||50|
|
|t:|1784135845
|teamsize|p1|4
|teamsize|p2|4
|start
|switch|p1a: Charizard|Charizard, L50, M|100/100
|switch|p1b: Kingambit|Kingambit, L50, M|100/100
|switch|p2a: Annihilape|Annihilape, L50, F|100/100
|switch|p2b: Toxapex|Toxapex, L50, F|100/100
|turn|1
|
|t:|1784135899
|move|p1a: Charizard|Protect|p1a: Charizard
|-singleturn|p1a: Charizard|Protect
|move|p1b: Kingambit|Protect|p1b: Kingambit
|-singleturn|p1b: Kingambit|Protect
|move|p2a: Annihilape|Close Combat|p1b: Kingambit
|-activate|p1b: Kingambit|move: Protect
|move|p2b: Toxapex|Infestation|p1a: Charizard
|-activate|p1a: Charizard|move: Protect
|
|upkeep
|turn|2
|
|t:|1784135938
|detailschange|p1a: Charizard|Charizard-Mega-Y, L50, M
|-mega|p1a: Charizard|Charizard|Charizardite Y
|-weather|SunnyDay|[from] ability: Drought|[of] p1a: Charizard
|move|p2a: Annihilape|Close Combat|p1b: Kingambit
|-supereffective|p1b: Kingambit|2
|-enditem|p1b: Kingambit|Focus Sash
|-damage|p1b: Kingambit|1/100
|-unboost|p2a: Annihilape|def|1
|-unboost|p2a: Annihilape|spd|1
|move|p1a: Charizard|Solar Beam||[still]
|-prepare|p1a: Charizard|Solar Beam
|-anim|p1a: Charizard|Solar Beam|p2b: Toxapex
|-damage|p2b: Toxapex|62/100
|move|p1b: Kingambit|Kowtow Cleave|p2b: Toxapex
|-damage|p2b: Toxapex|28/100
|move|p2b: Toxapex|Infestation|p1b: Kingambit
|-crit|p1b: Kingambit
|-damage|p1b: Kingambit|0 fnt
|faint|p1b: Kingambit
|
|-weather|SunnyDay|[upkeep]
|-heal|p2b: Toxapex|33/100|[from] item: Leftovers
|upkeep
|
|t:|1784135969
|switch|p1b: Garchomp|Garchomp, L50, F|100/100
|turn|3
|
|t:|1784135999
|move|p1a: Charizard|Protect|p1a: Charizard
|-singleturn|p1a: Charizard|Protect
|move|p2b: Toxapex|Baneful Bunker|p2b: Toxapex
|-singleturn|p2b: Toxapex|move: Protect
|move|p2a: Annihilape|Phantom Force||[still]
|-prepare|p2a: Annihilape|Phantom Force
|move|p1b: Garchomp|Dragon Claw|p2a: Annihilape|[miss]
|-miss|p1b: Garchomp|p2a: Annihilape
|
|-weather|SunnyDay|[upkeep]
|-heal|p2b: Toxapex|39/100|[from] item: Leftovers
|upkeep
|turn|4
|
|t:|1784136022
|-heal|p2b: Toxapex|72/100|[from] ability: Regenerator|[silent]
|switch|p2b: Charizard|Charizard, L50, F|100/100
|move|p2a: Annihilape|Phantom Force|p1b: Garchomp|[from] lockedmove
|-damage|p1b: Garchomp|57/100
|-damage|p2a: Annihilape|87/100|[from] ability: Rough Skin|[of] p1b: Garchomp
|move|p1a: Charizard|Solar Beam||[still]
|-prepare|p1a: Charizard|Solar Beam
|-anim|p1a: Charizard|Solar Beam|p2b: Charizard
|-resisted|p2b: Charizard|2
|-damage|p2b: Charizard|85/100
|move|p1b: Garchomp|Dragon Claw|p2b: Charizard
|-damage|p2b: Charizard|13/100
|-damage|p1b: Garchomp|47/100|[from] item: Life Orb
|
|-weather|SunnyDay|[upkeep]
|upkeep
|turn|5
|
|t:|1784136074
|switch|p1a: LA GIRAFFA|Farigiraf, L50, F|100/100
|move|p2b: Charizard|Protect|p2b: Charizard
|-singleturn|p2b: Charizard|Protect
|move|p2a: Annihilape|Close Combat|p1b: Garchomp
|-damage|p1b: Garchomp|0 fnt
|-unboost|p2a: Annihilape|def|1
|-unboost|p2a: Annihilape|spd|1
|-damage|p2a: Annihilape|75/100|[from] ability: Rough Skin|[of] p1b: Garchomp
|faint|p1b: Garchomp
|
|-weather|SunnyDay|[upkeep]
|upkeep
|
|t:|1784136082
|switch|p1b: Charizard|Charizard-Mega-Y, L50, M|100/100
|turn|6
|
|t:|1784136100
|switch|p2b: Toxapex|Toxapex, L50, F|72/100
|move|p1b: Charizard|Protect|p1b: Charizard
|-singleturn|p1b: Charizard|Protect
|move|p2a: Annihilape|Rock Tomb|p1b: Charizard
|-activate|p1b: Charizard|move: Protect
|move|p1a: LA GIRAFFA|Trick Room|p1a: LA GIRAFFA
|-fieldstart|move: Trick Room|[of] p1a: LA GIRAFFA
|
|-weather|none
|-heal|p2b: Toxapex|78/100|[from] item: Leftovers
|upkeep
|turn|7
|
|t:|1784136129
|switch|p2a: Charizard|Charizard, L50, F|13/100
|move|p2b: Toxapex|Infestation|p1a: LA GIRAFFA
|-supereffective|p1a: LA GIRAFFA|1
|-damage|p1a: LA GIRAFFA|94/100
|-activate|p1a: LA GIRAFFA|move: Infestation|[of] p2b: Toxapex
|move|p1a: LA GIRAFFA|Twin Beam|p2a: Charizard
|-damage|p2a: Charizard|0 fnt
|faint|p2a: Charizard
|-hitcount|p2: Charizard|1
|move|p1b: Charizard|Weather Ball|p2b: Toxapex
|-damage|p2b: Toxapex|63/100
|
|-heal|p2b: Toxapex|69/100|[from] item: Leftovers
|-damage|p1a: LA GIRAFFA|82/100|[from] move: Infestation|[partiallytrapped]
|upkeep
|
|t:|1784136146
|switch|p2a: Venusaur|Venusaur, L50, F|100/100
|turn|8
|
|t:|1784136181
|move|p1a: LA GIRAFFA|Helping Hand|p1b: Charizard
|-singleturn|p1b: Charizard|Helping Hand|[of] p1a: LA GIRAFFA
|move|p2b: Toxapex|Toxic|p1a: LA GIRAFFA
|-status|p1a: LA GIRAFFA|tox
|move|p1b: Charizard|Heat Wave|p2a: Venusaur|[spread] p2a,p2b
|-supereffective|p2a: Venusaur|1
|-resisted|p2b: Toxapex|1
|-damage|p2a: Venusaur|0 fnt
|-damage|p2b: Toxapex|47/100
|faint|p2a: Venusaur
|
|-heal|p2b: Toxapex|52/100|[from] item: Leftovers
|-damage|p1a: LA GIRAFFA|76/100 tox|[from] psn
|-damage|p1a: LA GIRAFFA|63/100 tox|[from] move: Infestation|[partiallytrapped]
|upkeep
|
|t:|1784136196
|switch|p2a: Annihilape|Annihilape, L50, F|75/100
|turn|9
|
|t:|1784136213
|move|p2b: Toxapex|Baneful Bunker|p2b: Toxapex
|-singleturn|p2b: Toxapex|move: Protect
|move|p1b: Charizard|Protect|p1b: Charizard
|-singleturn|p1b: Charizard|Protect
|move|p2a: Annihilape|Protect|p2a: Annihilape
|-singleturn|p2a: Annihilape|Protect
|move|p1a: LA GIRAFFA|Twin Beam|p2b: Toxapex
|-activate|p2b: Toxapex|move: Protect
|
|-heal|p2b: Toxapex|58/100|[from] item: Leftovers
|-damage|p1a: LA GIRAFFA|51/100 tox|[from] psn
|-damage|p1a: LA GIRAFFA|39/100 tox|[from] move: Infestation|[partiallytrapped]
|upkeep
|-enditem|p1a: LA GIRAFFA|Sitrus Berry|[eat]
|-heal|p1a: LA GIRAFFA|64/100 tox|[from] item: Sitrus Berry
|turn|10
|
|t:|1784136259
|move|p2a: Annihilape|Protect|p2a: Annihilape
|-singleturn|p2a: Annihilape|Protect
|move|p2b: Toxapex|Toxic|p1b: Charizard
|-status|p1b: Charizard|tox
|move|p1a: LA GIRAFFA|Twin Beam|p2b: Toxapex
|-supereffective|p2b: Toxapex|1
|-damage|p2b: Toxapex|34/100
|-supereffective|p2b: Toxapex|1
|-damage|p2b: Toxapex|7/100
|-hitcount|p2b: Toxapex|2
|move|p1b: Charizard|Weather Ball|p2b: Toxapex
|-damage|p2b: Toxapex|0 fnt
|faint|p2b: Toxapex
|
|-damage|p1a: LA GIRAFFA|46/100 tox|[from] psn
|-damage|p1b: Charizard|94/100 tox|[from] psn
|-end|p1a: LA GIRAFFA|Infestation|[partiallytrapped]|[silent]
|-fieldend|move: Trick Room
|upkeep
|turn|11
|
|t:|1784136287
|move|p2a: Annihilape|Phantom Force||[still]
|-prepare|p2a: Annihilape|Phantom Force
|move|p1b: Charizard|Heat Wave|p2a: Annihilape|[miss]
|-miss|p1b: Charizard|p2a: Annihilape
|move|p1a: LA GIRAFFA|Twin Beam|p2a: Annihilape|[miss]
|-miss|p1a: LA GIRAFFA|p2a: Annihilape
|
|-damage|p1b: Charizard|82/100 tox|[from] psn
|-damage|p1a: LA GIRAFFA|22/100 tox|[from] psn
|upkeep
|turn|12
|
|t:|1784136297
|move|p2a: Annihilape|Phantom Force|p1b: Charizard|[from] lockedmove
|-damage|p1b: Charizard|37/100 tox
|move|p1b: Charizard|Heat Wave|p2a: Annihilape
|-damage|p2a: Annihilape|18/100
|move|p1a: LA GIRAFFA|Twin Beam|p2a: Annihilape
|-supereffective|p2a: Annihilape|1
|-damage|p2a: Annihilape|0 fnt
|faint|p2a: Annihilape
|-hitcount|p2: Annihilape|1
|
|win|exessvgc
|raw|exessvgc's rating: 1220 → 1241(+21 for winning)
|raw|lunarknight69's rating: 1161 → 1140(-21 for losing)
|l|☆lunarknight69
|player|p2|
