|j|☆humanbacon
|j|☆carolchanning
|html|humanbaconcarolchanning    
|uhtml|bestof|Game 2 of a best-of-3
|t:|1785955585
|gametype|doubles
|player|p1|humanbacon|acetrainer|1325
|player|p2|carolchanning|101|1260
|gen|9
|tier|[Gen 9 Champions] VGC 2026 Reg M-B (Bo3)
|rated|
|rule|Species Clause: Limit one of each Pokémon
|rule|Item Clause: Limit 1 of each item
|clearpoke
|poke|p1|Raichu, L50, M|
|poke|p1|Venusaur, L50, F|
|poke|p1|Ninetales-Alola, L50, F|
|poke|p1|Incineroar, L50, M|
|poke|p1|Basculegion, L50, M|
|poke|p1|Annihilape, L50, F|
|poke|p2|Sinistcha, L50|
|poke|p2|Floette-Eternal, L50, F|
|poke|p2|Maushold, L50|
|poke|p2|Delphox, L50, M|
|poke|p2|Incineroar, L50, F|
|poke|p2|Kingambit, L50, F|
|teampreview|4
|showteam|p1|Raichu||RaichuniteY|LightningRod|ZapCannon,FocusBlast,FakeOut,Protect|Timid||M|||50|]Venusaur||Venusaurite|Chlorophyll|EnergyBall,SludgeBomb,LeechSeed,Protect|Bold||F|||50|]Ninetales-Alola||ChoiceScarf|SnowWarning|IceBeam,IcyWind,Moonblast,FreezeDry|Timid||F|||50|]Incineroar||SitrusBerry|Intimidate|FakeOut,ThroatChop,PartingShot,FlareBlitz|Adamant||M|||50|]Basculegion||MysticWater|Adaptability|WaveCrash,LastRespects,AquaJet,Protect|Adamant||M|||50|]Annihilape||RoseliBerry|Defiant|DrainPunch,RageFist,BulkUp,Protect|Adamant||F|||50|
|showteam|p2|Sinistcha||OccaBerry|Hospitality|MatchaGotcha,RagePowder,TrickRoom,Protect|Bold|||||50|]Floette-Eternal||Floettite|FlowerVeil|Moonblast,DazzlingGleam,CalmMind,Protect|Timid||F|||50|]Maushold||FocusSash|FriendGuard|Feint,HelpingHand,FollowMe,Protect|Impish|||||50|]Delphox||Delphoxite|Blaze|HeatWave,Psyshock,NastyPlot,Protect|Timid||M|||50|]Incineroar||SitrusBerry|Intimidate|FakeOut,FlareBlitz,ThroatChop,PartingShot|Impish||F|||50|]Kingambit||LifeOrb|Defiant|KowtowCleave,SuckerPunch,IronHead,LowKick|Adamant||F|||50|
|inactive|Battle timer is ON: inactive players will automatically lose when time's up. (requested by carolchanning)
|
|t:|1785955592
|teamsize|p1|4
|teamsize|p2|4
|start
|switch|p1a: Raichu|Raichu, L50, M|100/100
|switch|p1b: Ninetales|Ninetales-Alola, L50, F|100/100
|switch|p2a: Delphox|Delphox, L50, M|100/100
|switch|p2b: Sinistcha|Sinistcha, L50|100/100
|-weather|Snowscape|[from] ability: Snow Warning|[of] p1b: Ninetales
|turn|1
|
|t:|1785955617
|detailschange|p2a: Delphox|Delphox-Mega, L50, M
|-mega|p2a: Delphox|Delphox|Delphoxite
|detailschange|p1a: Raichu|Raichu-Mega-Y, L50, M
|-mega|p1a: Raichu|Raichu|Raichunite Y
|move|p2a: Delphox|Protect|p2a: Delphox
|-singleturn|p2a: Delphox|Protect
|move|p2b: Sinistcha|Protect|p2b: Sinistcha
|-singleturn|p2b: Sinistcha|Protect
|move|p1b: Ninetales|Icy Wind|p2b: Sinistcha|[spread] 
|-activate|p2a: Delphox|move: Protect
|-activate|p2b: Sinistcha|move: Protect
|move|p1a: Raichu|Focus Blast|p2b: Sinistcha
|-activate|p2b: Sinistcha|move: Protect
|
|-weather|Snowscape|[upkeep]
|upkeep
|turn|2
|inactive|humanbacon has 30 seconds left.
|
|t:|1785955649
|move|p1a: Raichu|Protect|p1a: Raichu
|-singleturn|p1a: Raichu|Protect
|move|p2b: Sinistcha|Rage Powder|p2b: Sinistcha
|-singleturn|p2b: Sinistcha|move: Rage Powder
|move|p1b: Ninetales|Icy Wind|p2b: Sinistcha|[spread] p2a,p2b
|-resisted|p2a: Delphox|1
|-supereffective|p2b: Sinistcha|1
|-damage|p2a: Delphox|92/100
|-damage|p2b: Sinistcha|69/100
|-unboost|p2a: Delphox|spe|1
|-unboost|p2b: Sinistcha|spe|1
|move|p2a: Delphox|Nasty Plot|p2a: Delphox
|-boost|p2a: Delphox|spa|2
|
|-weather|Snowscape|[upkeep]
|upkeep
|turn|3
|
|t:|1785955665
|switch|p1a: Basculegion|Basculegion, L50, M|100/100
|move|p2b: Sinistcha|Rage Powder|p2b: Sinistcha
|-singleturn|p2b: Sinistcha|move: Rage Powder
|move|p1b: Ninetales|Icy Wind|p2b: Sinistcha|[spread] p2a,p2b
|-resisted|p2a: Delphox|1
|-supereffective|p2b: Sinistcha|1
|-damage|p2a: Delphox|85/100
|-damage|p2b: Sinistcha|42/100
|-unboost|p2a: Delphox|spe|1
|-unboost|p2b: Sinistcha|spe|1
|move|p2a: Delphox|Heat Wave|p1a: Basculegion|[spread] p1a,p1b
|-resisted|p1a: Basculegion|1
|-supereffective|p1b: Ninetales|1
|-damage|p1a: Basculegion|58/100
|-damage|p1b: Ninetales|0 fnt
|faint|p1b: Ninetales
|
|-weather|Snowscape|[upkeep]
|upkeep
|
|t:|1785955686
|switch|p1b: Annihilape|Annihilape, L50, F|100/100
|turn|4
|inactive|carolchanning has 30 seconds left.
|
|t:|1785955714
|switch|p2a: Maushold|Maushold, L50|100/100
|move|p1b: Annihilape|Protect|p1b: Annihilape
|-singleturn|p1b: Annihilape|Protect
|move|p2b: Sinistcha|Protect|p2b: Sinistcha
|-singleturn|p2b: Sinistcha|Protect
|move|p1a: Basculegion|Last Respects|p2a: Maushold
|-immune|p2a: Maushold
|
|-weather|Snowscape|[upkeep]
|upkeep
|turn|5
|
|t:|1785955738
|move|p2a: Maushold|Follow Me|p2a: Maushold
|-singleturn|p2a: Maushold|move: Follow Me
|move|p1b: Annihilape|Bulk Up|p1b: Annihilape
|-boost|p1b: Annihilape|atk|1
|-boost|p1b: Annihilape|def|1
|move|p1a: Basculegion|Last Respects|p2a: Maushold
|-immune|p2a: Maushold
|move|p2b: Sinistcha|Trick Room|p2b: Sinistcha
|-fieldstart|move: Trick Room|[of] p2b: Sinistcha
|
|-weather|none
|upkeep
|turn|6
|
|t:|1785955756
|move|p2a: Maushold|Helping Hand|p2b: Sinistcha
|-singleturn|p2b: Sinistcha|Helping Hand|[of] p2a: Maushold
|move|p1a: Basculegion|Protect|p1a: Basculegion
|-singleturn|p1a: Basculegion|Protect
|move|p2b: Sinistcha|Matcha Gotcha|p1b: Annihilape|[spread] p1b
|-activate|p1a: Basculegion|move: Protect
|-damage|p1b: Annihilape|71/100
|-heal|p2b: Sinistcha|59/100|[from] drain|[of] p1b: Annihilape
|move|p1b: Annihilape|Bulk Up|p1b: Annihilape
|-boost|p1b: Annihilape|atk|1
|-boost|p1b: Annihilape|def|1
|
|upkeep
|turn|7
|
|t:|1785955773
|move|p2a: Maushold|Helping Hand|p2b: Sinistcha
|-singleturn|p2b: Sinistcha|Helping Hand|[of] p2a: Maushold
|move|p1a: Basculegion|Aqua Jet|p2a: Maushold
|-damage|p2a: Maushold|71/100
|move|p2b: Sinistcha|Matcha Gotcha|p1b: Annihilape|[spread] p1b
|-miss|p2b: Sinistcha|p1a: Basculegion
|-damage|p1b: Annihilape|43/100
|-heal|p2b: Sinistcha|75/100|[from] drain|[of] p1b: Annihilape
|move|p1b: Annihilape|Drain Punch|p2a: Maushold
|-supereffective|p2a: Maushold|1
|-crit|p2a: Maushold
|-damage|p2a: Maushold|0 fnt
|-heal|p1b: Annihilape|75/100|[from] drain|[of] p2a: Maushold
|faint|p2a: Maushold
|
|upkeep
|
|t:|1785955788
|switch|p2a: Kingambit|Kingambit, L50, F|100/100
|turn|8
|
|t:|1785955797
|move|p1a: Basculegion|Protect|p1a: Basculegion
|-singleturn|p1a: Basculegion|Protect
|move|p2b: Sinistcha|Matcha Gotcha|p1a: Basculegion|[spread] p1b
|-activate|p1a: Basculegion|move: Protect
|-damage|p1b: Annihilape|56/100
|-heal|p2b: Sinistcha|87/100|[from] drain|[of] p1b: Annihilape
|move|p2a: Kingambit|Kowtow Cleave|p1b: Annihilape
|-damage|p1b: Annihilape|23/100
|-damage|p2a: Kingambit|90/100|[from] item: Life Orb
|move|p1b: Annihilape|Rage Fist|p2b: Sinistcha
|-supereffective|p2b: Sinistcha|1
|-damage|p2b: Sinistcha|0 fnt
|faint|p2b: Sinistcha
|
|upkeep
|
|t:|1785955809
|switch|p2b: Delphox|Delphox-Mega, L50, M|85/100
|turn|9
|
|t:|1785955815
|move|p2a: Kingambit|Kowtow Cleave|p1a: Basculegion
|-supereffective|p1a: Basculegion|1
|-damage|p1a: Basculegion|0 fnt
|faint|p1a: Basculegion
|-damage|p2a: Kingambit|80/100|[from] item: Life Orb
|move|p1b: Annihilape|Drain Punch|p2a: Kingambit
|-supereffective|p2a: Kingambit|2
|-damage|p2a: Kingambit|0 fnt
|-heal|p1b: Annihilape|63/100|[from] drain|[of] p2a: Kingambit
|faint|p2a: Kingambit
|move|p2b: Delphox|Psyshock|p1b: Annihilape
|-supereffective|p1b: Annihilape|1
|-damage|p1b: Annihilape|16/100
|
|-fieldend|move: Trick Room
|upkeep
|
|t:|1785955828
|switch|p1a: Raichu|Raichu-Mega-Y, L50, M|100/100
|turn|10
|
|t:|1785955834
|move|p2b: Delphox|Protect|p2b: Delphox
|-singleturn|p2b: Delphox|Protect
|move|p1a: Raichu|Zap Cannon|p2b: Delphox
|-activate|p2b: Delphox|move: Protect
|move|p1b: Annihilape|Rage Fist|p2b: Delphox
|-activate|p2b: Delphox|move: Protect
|
|upkeep
|turn|11
|
|t:|1785955842
|move|p2b: Delphox|Heat Wave|p1b: Annihilape|[spread] p1a
|-miss|p2b: Delphox|p1b: Annihilape
|-damage|p1a: Raichu|41/100
|move|p1a: Raichu|Zap Cannon|p2b: Delphox
|-damage|p2b: Delphox|19/100
|-status|p2b: Delphox|par
|move|p1b: Annihilape|Rage Fist|p2b: Delphox
|-supereffective|p2b: Delphox|1
|-damage|p2b: Delphox|0 fnt
|faint|p2b: Delphox
|
|win|humanbacon
||carolchanning is ready for game 3.
|inactive|humanbacon has 30 seconds to confirm battle start!
||humanbacon is ready for game 3.
|uhtml|next|Next: Game 3 of 3
|l|☆carolchanning
|player|p2|
