|j|☆Husky12d
|j|☆Astano
|html|Husky12dAstano    
|uhtml|bestof|Game 2 of a best-of-3
|t:|1785335142
|gametype|doubles
|player|p1|Husky12d|blue-masters|1252
|player|p2|Astano|102|1256
|gen|9
|tier|[Gen 9 Champions] VGC 2026 Reg M-B (Bo3)
|rated|
|rule|Species Clause: Limit one of each Pokémon
|rule|Item Clause: Limit 1 of each item
|clearpoke
|poke|p1|Staraptor, L50, F|
|poke|p1|Arcanine-Hisui, L50, F|
|poke|p1|Kingambit, L50, M|
|poke|p1|Raichu, L50, M|
|poke|p1|Farigiraf, L50, M|
|poke|p1|Sylveon, L50, F|
|poke|p2|Swampert, L50, M|
|poke|p2|Sableye, L50, F|
|poke|p2|Archaludon, L50, M|
|poke|p2|Pelipper, L50, M|
|poke|p2|Sylveon, L50, M|
|poke|p2|Venusaur, L50, M|
|teampreview|4
|showteam|p1|Staraptor||Staraptite|Intimidate|BraveBird,CloseCombat,Tailwind,Protect|Jolly||F|||50|]Arcanine-Hisui||FocusSash|RockHead|FlareBlitz,HeadSmash,ExtremeSpeed,Protect|Jolly||F|||50|]Kingambit||LifeOrb|Defiant|KowtowCleave,SuckerPunch,SwordsDance,Protect|Adamant||M|||50|]Raichu||RaichuniteY|LightningRod|ZapCannon,FocusBlast,FakeOut,Protect|Timid||M|||50|]Farigiraf||SitrusBerry|ArmorTail|Psychic,HelpingHand,TrickRoom,Protect|Calm||M|||50|]Sylveon||FairyFeather|Pixilate|HyperVoice,HyperBeam,QuickAttack,Detect|Modest||F|||50|
|showteam|p2|Swampert||Swampertite|Torrent|Protect,WaveCrash,Earthquake,HighHorsepower|Adamant||M|||50|]Sableye||LightClay|Prankster|Encore,Reflect,LightScreen,RainDance|Bold||F|||50|]Archaludon||Leftovers|Stamina|Protect,DragonPulse,FlashCannon,ElectroShot|Modest||M|||50|]Pelipper||SitrusBerry|Drizzle|Protect,WeatherBall,Hurricane,Tailwind|Bold||M|||50|]Sylveon||FairyFeather|Pixilate|Detect,HyperVoice,Moonblast,QuickAttack|Modest||M|||50|]Venusaur||Venusaurite|Overgrow|Protect,GigaDrain,SludgeBomb,EarthPower|Modest||M|||50|
|inactive|Battle timer is ON: inactive players will automatically lose when time's up. (requested by Husky12d)
|
|t:|1785335159
|teamsize|p1|4
|teamsize|p2|4
|start
|switch|p1a: Raichu|Raichu, L50, M|100/100
|switch|p1b: Sylveon|Sylveon, L50, F|100/100
|switch|p2a: Archaludon|Archaludon, L50, M|100/100
|switch|p2b: Sableye|Sableye, L50, F|100/100
|turn|1
|inactive|Astano has 30 seconds left.
|
|t:|1785335187
|move|p2a: Archaludon|Protect|p2a: Archaludon
|-singleturn|p2a: Archaludon|Protect
|move|p1a: Raichu|Fake Out|p2a: Archaludon
|-activate|p2a: Archaludon|move: Protect
|move|p2b: Sableye|Light Screen|p2b: Sableye
|-sidestart|p2: Astano|move: Light Screen
|move|p1b: Sylveon|Hyper Voice|p2a: Archaludon|[spread] p2b
|-activate|p2a: Archaludon|move: Protect
|-supereffective|p2b: Sableye|1
|-damage|p2b: Sableye|26/100
|
|upkeep
|turn|2
|
|t:|1785335198
|switch|p1b: Farigiraf|Farigiraf, L50, M|100/100
|detailschange|p1a: Raichu|Raichu-Mega-Y, L50, M
|-mega|p1a: Raichu|Raichu|Raichunite Y
|move|p2b: Sableye|Rain Dance|p2b: Sableye
|-weather|RainDance
|move|p1a: Raichu|Focus Blast|p2a: Archaludon
|-supereffective|p2a: Archaludon|1
|-damage|p2a: Archaludon|41/100
|-ability|p2a: Archaludon|Stamina|boost
|-boost|p2a: Archaludon|def|1
|move|p2a: Archaludon|Flash Cannon|p1b: Farigiraf
|-damage|p1b: Farigiraf|68/100
|
|-weather|RainDance|[upkeep]
|-heal|p2a: Archaludon|47/100|[from] item: Leftovers
|upkeep
|turn|3
|
|t:|1785335222
|switch|p2a: Pelipper|Pelipper, L50, M|100/100
|move|p2b: Sableye|Reflect|p2b: Sableye
|-sidestart|p2: Astano|Reflect
|move|p1a: Raichu|Focus Blast|p2b: Sableye
|-immune|p2b: Sableye
|move|p1b: Farigiraf|Psychic|p2b: Sableye
|-immune|p2b: Sableye
|
|-weather|RainDance|[upkeep]
|upkeep
|turn|4
|inactive|Husky12d has 30 seconds left.
|inactive|Astano has 30 seconds left.
|
|t:|1785335250
|switch|p2a: Swampert|Swampert, L50, M|100/100
|switch|p1b: Staraptor|Staraptor, L50, F|100/100
|-ability|p1b: Staraptor|Intimidate|boost
|-unboost|p2a: Swampert|atk|1
|-unboost|p2b: Sableye|atk|1
|move|p2b: Sableye|Rain Dance||[still]
|-fail|p2b: Sableye
|move|p1a: Raichu|Zap Cannon|p2a: Swampert
|-immune|p2a: Swampert
|
|-weather|RainDance|[upkeep]
|upkeep
|turn|5
|
|t:|1785335261
|switch|p1a: Farigiraf|Farigiraf, L50, M|68/100
|switch|p2b: Pelipper|Pelipper, L50, M|100/100
|detailschange|p2a: Swampert|Swampert-Mega, L50, M
|-mega|p2a: Swampert|Swampert|Swampertite
|move|p2a: Swampert|Earthquake|p1b: Staraptor|[spread] p1a
|-immune|p2b: Pelipper
|-immune|p1b: Staraptor
|-damage|p1a: Farigiraf|40/100
|-enditem|p1a: Farigiraf|Sitrus Berry|[eat]
|-heal|p1a: Farigiraf|64/100|[from] item: Sitrus Berry
|move|p1b: Staraptor|Brave Bird|p2b: Pelipper
|-damage|p2b: Pelipper|64/100
|-damage|p1b: Staraptor|89/100|[from] Recoil
|
|-weather|RainDance|[upkeep]
|upkeep
|turn|6
|
|t:|1785335280
|move|p2a: Swampert|Earthquake|p1b: Staraptor|[spread] p1a
|-immune|p2b: Pelipper
|-immune|p1b: Staraptor
|-damage|p1a: Farigiraf|33/100
|move|p1b: Staraptor|Tailwind|p1b: Staraptor
|-sidestart|p1: Husky12d|move: Tailwind
|move|p1a: Farigiraf|Psychic|p2b: Pelipper
|-damage|p2b: Pelipper|40/100
|-enditem|p2b: Pelipper|Sitrus Berry|[eat]
|-heal|p2b: Pelipper|65/100|[from] item: Sitrus Berry
|move|p2b: Pelipper|Weather Ball|p1a: Farigiraf
|-damage|p1a: Farigiraf|0 fnt
|faint|p1a: Farigiraf
|
|-weather|none
|upkeep
|
|t:|1785335284
|switch|p1a: Sylveon|Sylveon, L50, F|100/100
|turn|7
|
|t:|1785335291
|move|p2a: Swampert|Protect|p2a: Swampert
|-singleturn|p2a: Swampert|Protect
|move|p1b: Staraptor|Brave Bird|p2b: Pelipper
|-damage|p2b: Pelipper|29/100
|-damage|p1b: Staraptor|78/100|[from] Recoil
|move|p1a: Sylveon|Hyper Voice|p2b: Pelipper|[spread] p2b
|-activate|p2a: Swampert|move: Protect
|-damage|p2b: Pelipper|0 fnt
|faint|p2b: Pelipper
|
|upkeep
|
|t:|1785335316
|switch|p2b: Sableye|Sableye, L50, F|26/100
|turn|8
|
|t:|1785335327
|move|p2b: Sableye|Rain Dance|p2b: Sableye
|-weather|RainDance
|move|p1b: Staraptor|Brave Bird|p2a: Swampert
|-damage|p2a: Swampert|68/100
|-damage|p1b: Staraptor|67/100|[from] Recoil
|move|p2a: Swampert|Wave Crash|p1a: Sylveon
|-damage|p1a: Sylveon|8/100
|-damage|p2a: Swampert|40/100|[from] Recoil
|move|p1a: Sylveon|Hyper Voice|p2b: Sableye|[spread] p2a,p2b
|-supereffective|p2b: Sableye|1
|-damage|p2a: Swampert|12/100
|-damage|p2b: Sableye|0 fnt
|faint|p2b: Sableye
|
|-weather|RainDance|[upkeep]
|-sideend|p2: Astano|move: Light Screen
|upkeep
|
|t:|1785335341
|switch|p2b: Archaludon|Archaludon, L50, M|47/100
|turn|9
|inactive|Husky12d has 30 seconds left.
|
|t:|1785335372
|switch|p1b: Raichu|Raichu-Mega-Y, L50, M|100/100
|move|p2a: Swampert|Protect|p2a: Swampert
|-singleturn|p2a: Swampert|Protect
|move|p2b: Archaludon|Protect|p2b: Archaludon
|-singleturn|p2b: Archaludon|Protect
|move|p1a: Sylveon|Hyper Voice|p2b: Archaludon|[spread] 
|-activate|p2a: Swampert|move: Protect
|-activate|p2b: Archaludon|move: Protect
|
|-weather|RainDance|[upkeep]
|-heal|p2b: Archaludon|53/100|[from] item: Leftovers
|-sideend|p1: Husky12d|move: Tailwind
|upkeep
|turn|10
|
|t:|1785335397
|switch|p1a: Staraptor|Staraptor, L50, F|67/100
|-ability|p1a: Staraptor|Intimidate|boost
|-unboost|p2a: Swampert|atk|1
|-unboost|p2b: Archaludon|atk|1
|move|p2a: Swampert|High Horsepower|p1a: Staraptor
|-immune|p1a: Staraptor
|move|p1b: Raichu|Focus Blast|p2b: Archaludon
|-supereffective|p2b: Archaludon|1
|-damage|p2b: Archaludon|0 fnt
|faint|p2b: Archaludon
|
|-weather|RainDance|[upkeep]
|-sideend|p2: Astano|Reflect
|upkeep
|turn|11
|
|t:|1785335410
|move|p2a: Swampert|Earthquake|p1a: Staraptor|[spread] p1b
|-immune|p1a: Staraptor
|-supereffective|p1b: Raichu|1
|-damage|p1b: Raichu|34/100
|move|p1b: Raichu|Focus Blast|p2a: Swampert
|-damage|p2a: Swampert|0 fnt
|faint|p2a: Swampert
|
|win|Husky12d
