|j|☆CTM_Charion
|j|☆denaby
|html|CTM_Chariondenaby    
|uhtml|bestof|Game 1 of a best-of-3
|t:|1782664680
|gametype|doubles
|player|p1|CTM_Charion|chase|
|player|p2|denaby|sage|
|gen|9
|tier|[Gen 9 Champions] VGC 2026 Reg M-B (Bo3)
|rule|Species Clause: Limit one of each Pokémon
|rule|Item Clause: Limit 1 of each item
|clearpoke
|poke|p1|Delphox, L50, F|
|poke|p1|Staraptor, L50, M|
|poke|p1|Clefable, L50, F|
|poke|p1|Sinistcha-Masterpiece, L50|
|poke|p1|Basculegion, L50, M|
|poke|p1|Kingambit, L50, F|
|poke|p2|Charizard, L50, M|
|poke|p2|Whimsicott, L50, F|
|poke|p2|Metagross, L50|
|poke|p2|Garchomp, L50, M|
|poke|p2|Kingambit, L50, F|
|poke|p2|Sylveon, L50, F|
|teampreview|4
|showteam|p1|Delphox||Delphoxite|Blaze|HeatWave,Psychic,NastyPlot,Protect|Timid||F|||50|]Staraptor||Staraptite|Intimidate|CloseCombat,BraveBird,Roost,Protect|Jolly||M|||50|]Clefable||SitrusBerry|Unaware|Moonblast,FollowMe,Protect,HelpingHand|Bold||F|||50|]Sinistcha-Masterpiece||ColburBerry|Hospitality|MatchaGotcha,RagePowder,LifeDew,Protect|Bold|||||50|]Basculegion||ChoiceScarf|Adaptability|WaveCrash,AquaJet,LastRespects,PsychicFangs|Adamant||M|||50|]Kingambit||FocusSash|Defiant|IronHead,KowtowCleave,SuckerPunch,Protect|Adamant||F|||50|
|showteam|p2|Charizard||CharizarditeY|Blaze|WeatherBall,HeatWave,SolarBeam,Protect|Modest||M|||50|]Whimsicott||FocusSash|Prankster|Moonblast,Tailwind,Encore,Protect|Timid||F|||50|]Metagross||Metagrossite|ClearBody|IronHead,PsychicFangs,BodyPress,Protect|Jolly|||||50|]Garchomp||LifeOrb|RoughSkin|DragonClaw,StompingTantrum,RockTomb,Protect|Jolly||M|||50|]Kingambit||BlackGlasses|Defiant|SuckerPunch,KowtowCleave,IronHead,Protect|Adamant||F|||50|]Sylveon||FairyFeather|Pixilate|QuickAttack,HyperBeam,HyperVoice,Detect|Modest||F|||50|
|inactive|Battle timer is ON: inactive players will automatically lose when time's up. (requested by CTM_Charion)
|
|t:|1782664738
|teamsize|p1|4
|teamsize|p2|4
|start
|switch|p1a: Delphox|Delphox, L50, F|100/100
|switch|p1b: Clefable|Clefable, L50, F|100/100
|switch|p2a: Garchomp|Garchomp, L50, M|100/100
|switch|p2b: Whimsicott|Whimsicott, L50, F|100/100
|turn|1
|c|☆denaby|gl
|inactive|denaby has 30 seconds left.
|c|☆CTM_Charion|gl
|inactive|denaby has 20 seconds left.
|inactive|denaby has 15 seconds left.
|
|t:|1782664782
|detailschange|p1a: Delphox|Delphox-Mega, L50, F
|-mega|p1a: Delphox|Delphox|Delphoxite
|move|p1b: Clefable|Follow Me|p1b: Clefable
|-singleturn|p1b: Clefable|move: Follow Me
|move|p2b: Whimsicott|Tailwind|p2b: Whimsicott
|-sidestart|p2: denaby|move: Tailwind
|move|p2a: Garchomp|Stomping Tantrum|p1b: Clefable
|-damage|p1b: Clefable|59/100
|-damage|p2a: Garchomp|90/100|[from] item: Life Orb
|move|p1a: Delphox|Heat Wave|p2b: Whimsicott|[spread] p2a,p2b
|-resisted|p2a: Garchomp|1
|-supereffective|p2b: Whimsicott|1
|-damage|p2a: Garchomp|68/100
|-enditem|p2b: Whimsicott|Focus Sash
|-damage|p2b: Whimsicott|1/100
|-status|p2b: Whimsicott|brn
|
|-damage|p2b: Whimsicott|0 fnt|[from] brn
|faint|p2b: Whimsicott
|upkeep
|
|t:|1782664799
|switch|p2b: Sylveon|Sylveon, L50, F|100/100
|turn|2
|inactive|CTM_Charion has 30 seconds left.
|
|t:|1782664831
|move|p1a: Delphox|Protect|p1a: Delphox
|-singleturn|p1a: Delphox|Protect
|move|p1b: Clefable|Protect|p1b: Clefable
|-singleturn|p1b: Clefable|Protect
|move|p2a: Garchomp|Stomping Tantrum|p1b: Clefable
|-activate|p1b: Clefable|move: Protect
|move|p2b: Sylveon|Hyper Voice|p1b: Clefable|[spread] 
|-activate|p1a: Delphox|move: Protect
|-activate|p1b: Clefable|move: Protect
|
|upkeep
|turn|3
|
|t:|1782664847
|switch|p1a: Sinistcha|Sinistcha-Masterpiece, L50|100/100
|-heal|p1b: Clefable|84/100|[from] ability: Hospitality|[of] p1a: Sinistcha
|move|p2a: Garchomp|Stomping Tantrum|p1b: Clefable
|-damage|p1b: Clefable|45/100
|-enditem|p1b: Clefable|Sitrus Berry|[eat]
|-heal|p1b: Clefable|70/100|[from] item: Sitrus Berry
|-damage|p2a: Garchomp|58/100|[from] item: Life Orb
|move|p2b: Sylveon|Hyper Voice|p1b: Clefable|[spread] p1a,p1b
|-damage|p1a: Sinistcha|53/100
|-damage|p1b: Clefable|28/100
|move|p1b: Clefable|Moonblast|p2a: Garchomp
|-supereffective|p2a: Garchomp|1
|-damage|p2a: Garchomp|0 fnt
|faint|p2a: Garchomp
|
|upkeep
|
|t:|1782664862
|switch|p2a: Charizard|Charizard, L50, M|100/100
|turn|4
|
|t:|1782664874
|detailschange|p2a: Charizard|Charizard-Mega-Y, L50, M
|-mega|p2a: Charizard|Charizard|Charizardite Y
|-weather|SunnyDay|[from] ability: Drought|[of] p2a: Charizard
|move|p1a: Sinistcha|Protect|p1a: Sinistcha
|-singleturn|p1a: Sinistcha|Protect
|move|p1b: Clefable|Protect|p1b: Clefable
|-singleturn|p1b: Clefable|Protect
|move|p2a: Charizard|Weather Ball|p1a: Sinistcha
|-activate|p1a: Sinistcha|move: Protect
|move|p2b: Sylveon|Hyper Voice|p1b: Clefable|[spread] 
|-activate|p1a: Sinistcha|move: Protect
|-activate|p1b: Clefable|move: Protect
|
|-weather|SunnyDay|[upkeep]
|-sideend|p2: denaby|move: Tailwind
|upkeep
|turn|5
|inactive|denaby has 30 seconds left.
|
|t:|1782664902
|move|p1b: Clefable|Follow Me|p1b: Clefable
|-singleturn|p1b: Clefable|move: Follow Me
|move|p2a: Charizard|Weather Ball|p1b: Clefable
|-damage|p1b: Clefable|0 fnt
|faint|p1b: Clefable
|move|p2b: Sylveon|Hyper Voice|p1a: Sinistcha
|-damage|p1a: Sinistcha|0 fnt
|faint|p1a: Sinistcha
|
|-weather|SunnyDay|[upkeep]
|upkeep
|
|t:|1782664909
|switch|p1a: Delphox|Delphox-Mega, L50, F|100/100
|switch|p1b: Kingambit|Kingambit, L50, F|100/100
|turn|6
|inactive|CTM_Charion has 30 seconds left.
|
|t:|1782664935
|move|p1a: Delphox|Protect|p1a: Delphox
|-singleturn|p1a: Delphox|Protect
|move|p2a: Charizard|Heat Wave|p1a: Delphox|[spread] p1b
|-activate|p1a: Delphox|move: Protect
|-supereffective|p1b: Kingambit|1
|-enditem|p1b: Kingambit|Focus Sash
|-damage|p1b: Kingambit|1/100
|move|p1b: Kingambit|Iron Head|p2b: Sylveon
|-supereffective|p2b: Sylveon|1
|-damage|p2b: Sylveon|0 fnt
|faint|p2b: Sylveon
|
|-weather|SunnyDay|[upkeep]
|upkeep
|turn|7
|
|t:|1782664954
|move|p1b: Kingambit|Sucker Punch|p2a: Charizard
|-damage|p2a: Charizard|63/100
|move|p1a: Delphox|Psychic|p2a: Charizard
|-damage|p2a: Charizard|16/100
|move|p2a: Charizard|Heat Wave|p1b: Kingambit|[spread] p1a,p1b
|-resisted|p1a: Delphox|1
|-supereffective|p1b: Kingambit|1
|-damage|p1a: Delphox|71/100
|-damage|p1b: Kingambit|0 fnt
|faint|p1b: Kingambit
|
|-weather|SunnyDay|[upkeep]
|upkeep
|turn|8
|
|t:|1782664965
|move|p1a: Delphox|Psychic|p2a: Charizard
|-damage|p2a: Charizard|0 fnt
|faint|p2a: Charizard
|
|win|CTM_Charion
||CTM_Charion is ready for game 2.
||denaby is ready for game 2.
|uhtml|next|Next: Game 2 of 3
