|j|☆Ederzuri
|j|☆benjitulio
|html|Ederzuribenjitulio    
|uhtml|bestof|Game 1 of a best-of-3
|t:|1783293294
|gametype|doubles
|player|p1|Ederzuri|bugsy|1197
|player|p2|benjitulio|wattson|1145
|gen|9
|tier|[Gen 9 Champions] VGC 2026 Reg M-B (Bo3)
|rated|
|rule|Species Clause: Limit one of each Pokémon
|rule|Item Clause: Limit 1 of each item
|clearpoke
|poke|p1|Grimmsnarl, L50, M, shiny|
|poke|p1|Pelipper, L50, M, shiny|
|poke|p1|Archaludon, L50, F|
|poke|p1|Swampert, L50, F, shiny|
|poke|p1|Sinistcha, L50|
|poke|p1|Gengar, L50, M, shiny|
|poke|p2|Maushold-Four, L50|
|poke|p2|Incineroar, L50, M|
|poke|p2|Metagross, L50|
|poke|p2|Aerodactyl, L50, M|
|poke|p2|Primarina, L50, M|
|poke|p2|Sinistcha, L50|
|teampreview|4
|showteam|p1|Grimmsnarl||LightClay|Prankster|PartingShot,Reflect,LightScreen,SpiritBreak|Careful||M|||50|]Pelipper||SitrusBerry|Drizzle|Hurricane,Tailwind,WeatherBall,WideGuard|Modest||M|||50|]Archaludon||Leftovers|Stamina|ElectroShot,Protect,DragonPulse,FlashCannon|Modest||F|||50|]Swampert||Swampertite|Torrent|WaveCrash,Protect,Earthquake,IcePunch|Adamant||F|||50|]Sinistcha||KasibBerry|Hospitality|MatchaGotcha,RagePowder,LifeDew,TrickRoom|Bold|||||50|]Gengar||Gengarite|CursedBody|NastyPlot,SludgeBomb,ShadowBall,Protect|Modest||M|||50|
|showteam|p2|Maushold-Four||FocusSash|FriendGuard|FollowMe,RainDance,PopulationBomb,SuperFang|Jolly|||||50|]Incineroar||ChopleBerry|Intimidate|FakeOut,FlareBlitz,PartingShot,DarkestLariat|Impish||M|||50|]Metagross||Metagrossite|ClearBody|IronHead,Protect,PsychicFangs,Earthquake|Adamant|||||50|]Aerodactyl||Aerodactylite|Unnerve|RockSlide,Protect,Tailwind,IceFang|Jolly||M|||50|]Primarina||ChoiceScarf|LiquidVoice|HyperVoice,HydroPump,IcyWind,Moonblast|Modest||M|||50|]Sinistcha||Leftovers|Hospitality|MatchaGotcha,LifeDew,ShadowBall,RagePowder|Calm|||||50|
|inactive|Battle timer is ON: inactive players will automatically lose when time's up. (requested by Ederzuri)
|inactive|Ederzuri has 60 seconds left.
|
|t:|1783293331
|teamsize|p1|4
|teamsize|p2|4
|start
|switch|p1a: Gengar|Gengar, L50, M, shiny|100/100
|switch|p1b: Rage Baiter|Grimmsnarl, L50, M, shiny|100/100
|switch|p2a: Maushold|Maushold-Four, L50|100/100
|switch|p2b: Primarina|Primarina, L50, M|100/100
|turn|1
|
|t:|1783293348
|detailschange|p1a: Gengar|Gengar-Mega, L50, M, shiny
|-mega|p1a: Gengar|Gengar|Gengarite
|move|p1a: Gengar|Protect|p1a: Gengar
|-singleturn|p1a: Gengar|Protect
|move|p1b: Rage Baiter|Light Screen|p1b: Rage Baiter
|-sidestart|p1: Ederzuri|move: Light Screen
|move|p2a: Maushold|Population Bomb|p1b: Rage Baiter|[miss]
|-miss|p2a: Maushold|p1b: Rage Baiter
|move|p2b: Primarina|Hydro Pump|p1a: Gengar
|-activate|p1a: Gengar|move: Protect
|
|upkeep
|turn|2
|
|t:|1783293369
|move|p1b: Rage Baiter|Parting Shot|p2b: Primarina
|-unboost|p2b: Primarina|atk|1
|-unboost|p2b: Primarina|spa|1
|
|t:|1783293371
|switch|p1b: GET OUT!!|Pelipper, L50, M, shiny|100/100|[from] Parting Shot
|-weather|RainDance|[from] ability: Drizzle|[of] p1b: GET OUT!!
|move|p1a: Gengar|Nasty Plot|p1a: Gengar
|-boost|p1a: Gengar|spa|2
|move|p2a: Maushold|Population Bomb|p1b: GET OUT!!
|-damage|p1b: GET OUT!!|90/100
|-damage|p1b: GET OUT!!|82/100
|-damage|p1b: GET OUT!!|74/100
|-damage|p1b: GET OUT!!|64/100
|-damage|p1b: GET OUT!!|55/100
|-damage|p1b: GET OUT!!|46/100
|-enditem|p1b: GET OUT!!|Sitrus Berry|[eat]
|-heal|p1b: GET OUT!!|71/100|[from] item: Sitrus Berry
|-damage|p1b: GET OUT!!|61/100
|-damage|p1b: GET OUT!!|53/100
|-damage|p1b: GET OUT!!|44/100
|-damage|p1b: GET OUT!!|35/100
|-hitcount|p1b: GET OUT!!|10
|move|p2b: Primarina|Hydro Pump|p1a: Gengar
|-damage|p1a: Gengar|45/100
|
|-weather|RainDance|[upkeep]
|upkeep
|turn|3
|inactive|Ederzuri has 30 seconds left.
|inactive|benjitulio has 30 seconds left.
|inactive|Ederzuri has 20 seconds left.
|
|t:|1783293409
|switch|p1b: Rage Baiter|Grimmsnarl, L50, M, shiny|100/100
|move|p1a: Gengar|Protect|p1a: Gengar
|-singleturn|p1a: Gengar|Protect
|move|p2a: Maushold|Follow Me|p2a: Maushold
|-singleturn|p2a: Maushold|move: Follow Me
|move|p2b: Primarina|Hydro Pump|p1a: Gengar
|-activate|p1a: Gengar|move: Protect
|
|-weather|RainDance|[upkeep]
|upkeep
|turn|4
|
|t:|1783293417
|move|p2a: Maushold|Follow Me|p2a: Maushold
|-singleturn|p2a: Maushold|move: Follow Me
|move|p1b: Rage Baiter|Parting Shot|p2a: Maushold
|-unboost|p2a: Maushold|atk|1
|-unboost|p2a: Maushold|spa|1
|
|t:|1783293420
|switch|p1b: Mahoraga|Archaludon, L50, F|100/100|[from] Parting Shot
|move|p1a: Gengar|Sludge Bomb|p2a: Maushold
|-enditem|p2a: Maushold|Focus Sash
|-damage|p2a: Maushold|1/100
|move|p2b: Primarina|Hydro Pump|p1a: Gengar
|-damage|p1a: Gengar|0 fnt
|faint|p1a: Gengar
|
|-weather|RainDance|[upkeep]
|upkeep
|
|t:|1783293422
|switch|p1a: Rage Baiter|Grimmsnarl, L50, M, shiny|100/100
|turn|5
|-message|Ederzuri forfeited.
|
|win|benjitulio
