|j|☆possibly dino
|j|☆hawaiianshaymin
|html|possibly dinohawaiianshaymin    
|uhtml|bestof|Game 3 of a best-of-3
|t:|1786060871
|gametype|doubles
|player|p1|possibly dino|169|1104
|player|p2|hawaiianshaymin|265|1056
|gen|9
|tier|[Gen 9 Champions] VGC 2026 Reg M-B (Bo3)
|rated|
|rule|Species Clause: Limit one of each Pokémon
|rule|Item Clause: Limit 1 of each item
|clearpoke
|poke|p1|Tyranitar, L50, F|
|poke|p1|Excadrill, L50, F|
|poke|p1|Milotic, L50, F|
|poke|p1|Kleavor, L50, M|
|poke|p1|Pelipper, L50, M|
|poke|p1|Passimian, L50, F, shiny|
|poke|p2|Staraptor, L50, M|
|poke|p2|Gholdengo, L50|
|poke|p2|Talonflame, L50, M|
|poke|p2|Sinistcha, L50|
|poke|p2|Grimmsnarl, L50, M|
|poke|p2|Kangaskhan, L50, F|
|teampreview|4
|showteam|p1|Tyranitar||Tyranitarite|SandStream|HighHorsepower,RockSlide,DragonDance|Jolly||F|||50|]Excadrill||Excadrite|SandRush|RockSlide,Earthquake,IronHead,RapidSpin|Adamant||F|||50|]Milotic||SitrusBerry|Competitive|Surf,Protect,WeatherBall,Recover|Bold||F|||50|]Kleavor||ChoiceScarf|Sharpness|XScissor,StoneAxe,DualWingbeat,Uturn|Adamant||M|||50|]Pelipper||FocusSash|Drizzle|Uturn,Tailwind,WideGuard,Protect|Impish||M|||50|]Passimian||BrightPowder|Receiver|DrainPunch,Coaching,KnockOff,Protect|Jolly||F|||50|
|showteam|p2|Staraptor||Staraptite|Intimidate|CloseCombat,BraveBird,Roost,Protect|Adamant||M|||50|]Gholdengo||LifeOrb|GoodasGold|MakeItRain,ShadowBall,NastyPlot,Protect|Modest|||||50|]Talonflame||FocusSash|GaleWings|Tailwind,DualWingbeat,WillOWisp,Protect|Jolly||M|||50|]Sinistcha||KasibBerry|Hospitality|MatchaGotcha,RagePowder,LifeDew,TrickRoom|Bold|||||50|]Grimmsnarl||LightClay|Prankster|ThroatChop,LightScreen,Reflect,PartingShot|Careful||M|||50|]Kangaskhan||Kangaskhanite|Scrappy|FakeOut,DoubleEdge,DrainPunch,SuckerPunch|Adamant||F|||50|
|
|t:|1786060893
|teamsize|p1|4
|teamsize|p2|4
|start
|switch|p1a: Tyranitar|Tyranitar, L50, F|100/100
|switch|p1b: Excadrill|Excadrill, L50, F|100/100
|switch|p2a: Staraptor|Staraptor, L50, M|100/100
|switch|p2b: Grimmsnarl|Grimmsnarl, L50, M|100/100
|-ability|p2a: Staraptor|Intimidate|boost
|-unboost|p1a: Tyranitar|atk|1
|-unboost|p1b: Excadrill|atk|1
|-weather|Sandstorm|[from] ability: Sand Stream|[of] p1a: Tyranitar
|turn|1
|
|t:|1786060910
|switch|p1b: Kleavor|Kleavor, L50, M|100/100
|detailschange|p2a: Staraptor|Staraptor-Mega, L50, M
|-mega|p2a: Staraptor|Staraptor|Staraptite
|move|p2b: Grimmsnarl|Reflect|p2b: Grimmsnarl
|-sidestart|p2: hawaiianshaymin|Reflect
|move|p2a: Staraptor|Close Combat|p1a: Tyranitar
|-supereffective|p1a: Tyranitar|2
|-damage|p1a: Tyranitar|0 fnt
|-boost|p2a: Staraptor|def|1
|-boost|p2a: Staraptor|spd|1
|faint|p1a: Tyranitar
|
|-weather|Sandstorm|[upkeep]
|-damage|p2a: Staraptor|93/100|[from] Sandstorm
|-damage|p2b: Grimmsnarl|94/100|[from] Sandstorm
|upkeep
|
|t:|1786060923
|switch|p1a: Excadrill|Excadrill, L50, F|100/100
|turn|2
|
|t:|1786060936
|move|p2b: Grimmsnarl|Parting Shot|p2a: Staraptor
|-boost|p2a: Staraptor|atk|1
|-boost|p2a: Staraptor|spa|1
|
|t:|1786060942
|switch|p2b: Sinistcha|Sinistcha, L50|100/100|[from] Parting Shot
|-heal|p2a: Staraptor|100/100|[from] ability: Hospitality|[of] p2b: Sinistcha
|move|p1a: Excadrill|Iron Head|p2a: Staraptor
|-damage|p2a: Staraptor|77/100
|move|p1b: Kleavor|Dual Wingbeat|p2a: Staraptor
|-supereffective|p2a: Staraptor|1
|-damage|p2a: Staraptor|62/100
|-supereffective|p2a: Staraptor|1
|-damage|p2a: Staraptor|46/100
|-hitcount|p2a: Staraptor|2
|cant|p2a: Staraptor|flinch
|
|-weather|Sandstorm|[upkeep]
|-damage|p2a: Staraptor|40/100|[from] Sandstorm
|-damage|p2b: Sinistcha|93/100|[from] Sandstorm
|upkeep
|turn|3
|
|t:|1786060963
|detailschange|p1a: Excadrill|Excadrill-Mega, L50, F
|-mega|p1a: Excadrill|Excadrill|Excadrite
|move|p2b: Sinistcha|Rage Powder|p2b: Sinistcha
|-singleturn|p2b: Sinistcha|move: Rage Powder
|move|p1b: Kleavor|Dual Wingbeat|p2b: Sinistcha
|-supereffective|p2b: Sinistcha|1
|-damage|p2b: Sinistcha|77/100
|-supereffective|p2b: Sinistcha|1
|-damage|p2b: Sinistcha|61/100
|-hitcount|p2b: Sinistcha|2
|move|p2a: Staraptor|Roost|p2a: Staraptor
|-heal|p2a: Staraptor|90/100
|-singleturn|p2a: Staraptor|move: Roost
|move|p1a: Excadrill|Rock Slide|p2b: Sinistcha|[spread] p2a,p2b
|-resisted|p2a: Staraptor|1
|-damage|p2a: Staraptor|84/100
|-damage|p2b: Sinistcha|47/100
|
|-weather|Sandstorm|[upkeep]
|-damage|p2a: Staraptor|77/100|[from] Sandstorm
|-damage|p2b: Sinistcha|41/100|[from] Sandstorm
|upkeep
|turn|4
|
|t:|1786060984
|move|p2b: Sinistcha|Rage Powder|p2b: Sinistcha
|-singleturn|p2b: Sinistcha|move: Rage Powder
|move|p1b: Kleavor|Dual Wingbeat|p2b: Sinistcha
|-supereffective|p2b: Sinistcha|1
|-damage|p2b: Sinistcha|23/100
|-supereffective|p2b: Sinistcha|1
|-damage|p2b: Sinistcha|7/100
|-hitcount|p2b: Sinistcha|2
|move|p2a: Staraptor|Close Combat|p1b: Kleavor
|-damage|p1b: Kleavor|0 fnt
|-boost|p2a: Staraptor|def|1
|-boost|p2a: Staraptor|spd|1
|faint|p1b: Kleavor
|move|p1a: Excadrill|Iron Head|p2b: Sinistcha
|-damage|p2b: Sinistcha|0 fnt
|faint|p2b: Sinistcha
|
|-weather|Sandstorm|[upkeep]
|-damage|p2a: Staraptor|71/100|[from] Sandstorm
|upkeep
|
|t:|1786061000
|switch|p1b: Passimian|Passimian, L50, F, shiny|100/100
|switch|p2b: Grimmsnarl|Grimmsnarl, L50, M|94/100
|turn|5
|
|t:|1786061031
|move|p2b: Grimmsnarl|Parting Shot|p1a: Excadrill
|-unboost|p1a: Excadrill|atk|1
|-unboost|p1a: Excadrill|spa|1
|
|t:|1786061034
|switch|p2b: Gholdengo|Gholdengo, L50|100/100|[from] Parting Shot
|move|p2a: Staraptor|Close Combat|p1b: Passimian
|-damage|p1b: Passimian|1/100
|-boost|p2a: Staraptor|def|1
|-boost|p2a: Staraptor|spd|1
|move|p1b: Passimian|Coaching|p1a: Excadrill
|-boost|p1a: Excadrill|atk|1
|-boost|p1a: Excadrill|def|1
|move|p1a: Excadrill|Iron Head|p2a: Staraptor
|-damage|p2a: Staraptor|57/100
|
|-weather|none
|upkeep
|turn|6
|-message|possibly dino forfeited.
|
|win|hawaiianshaymin
|raw|possibly dino's rating: 1104 → 1076(-28 for losing)
|raw|hawaiianshaymin's rating: 1056 → 1092(+36 for winning)
|l|☆possibly dino
|player|p1|
