|j|☆MrRaffa
|j|☆dontaskwhaticook
|html|MrRaffadontaskwhaticook    
|uhtml|bestof|Game 2 of a best-of-3
|t:|1757784930
|gametype|doubles
|player|p1|MrRaffa|n|
|player|p2|dontaskwhaticook|colress|
|gen|9
|tier|[Gen 9] VGC 2025 Reg H (Bo3)
|rule|Species Clause: Limit one of each Pokémon
|rule|Item Clause: Limit 1 of each item
|clearpoke
|poke|p1|Gholdengo, L50|
|poke|p1|Sneasler, L50, M|
|poke|p1|Rillaboom, L50, F|
|poke|p1|Dragonite, L50, F|
|poke|p1|Ninetales-Alola, L50, F|
|poke|p1|Arcanine-Hisui, L50, M|
|poke|p2|Pelipper, L50, F|
|poke|p2|Ludicolo, L50, M|
|poke|p2|Incineroar, L50, M|
|poke|p2|Ursaluna-Bloodmoon, L50, M|
|poke|p2|Amoonguss, L50, F|
|poke|p2|Archaludon, L50, M|
|teampreview|4
|showteam|p1|Gholdengo||GrassySeed|GoodasGold|NastyPlot,MakeItRain,ShadowBall,Protect||||||50|,,,,,Water]Sneasler||WhiteHerb|Unburden|CloseCombat,DireClaw,Coaching,Protect|||M|||50|,,,,,Ghost]Rillaboom||AssaultVest|GrassySurge|FakeOut,GrassyGlide,DrumBeating,HighHorsepower|||F|||50|,,,,,Fire]Dragonite||LoadedDice|Multiscale|ScaleShot,StompingTantrum,Tailwind,Protect|||F|||50|,,,,,Ground]Ninetales-Alola||FocusSash|SnowWarning|Blizzard,IcyWind,Encore,AuroraVeil|||F|||50|,,,,,Ghost]Arcanine-Hisui||ClearAmulet|Intimidate|RockSlide,FlareBlitz,ExtremeSpeed,Protect|||M|||50|,,,,,Water
|showteam|p2|Pelipper||FocusSash|Drizzle|WeatherBall,Hurricane,Tailwind,Protect|||F|||50|,,,,,Ghost]Ludicolo||LifeOrb|SwiftSwim|WeatherBall,MuddyWater,Protect,LeafStorm|||M|||50|,,,,,Water]Incineroar||SafetyGoggles|Intimidate|FakeOut,KnockOff,PartingShot,Taunt|||M|||50|,,,,,Ghost]Ursaluna-Bloodmoon||AssaultVest|MindsEye|BloodMoon,HyperVoice,EarthPower,VacuumWave|||M|||50|,,,,,Grass]Amoonguss||SitrusBerry|Regenerator|ClearSmog,Spore,RagePowder,Protect|||F|||50|,,,,,Fairy]Archaludon||PowerHerb|Sturdy|ElectroShot,DragonPulse,FlashCannon,Protect|||M|||50|,,,,,Electric
|inactive|Battle timer is ON: inactive players will automatically lose when time's up. (requested by MrRaffa)
|inactive|dontaskwhaticook has 60 seconds left.
|
|t:|1757784972
|teamsize|p1|4
|teamsize|p2|4
|start
|switch|p1a: Gholdengo|Gholdengo, L50|100/100
|switch|p1b: Rillaboom|Rillaboom, L50, F|100/100
|switch|p2a: Archaludon|Archaludon, L50, M|100/100
|switch|p2b: Incineroar|Incineroar, L50, M|100/100
|-fieldstart|move: Grassy Terrain|[from] ability: Grassy Surge|[of] p1b: Rillaboom
|-enditem|p1a: Gholdengo|Grassy Seed
|-boost|p1a: Gholdengo|def|1|[from] item: Grassy Seed
|-ability|p2b: Incineroar|Intimidate|boost
|-unboost|p1a: Gholdengo|atk|1
|-unboost|p1b: Rillaboom|atk|1
|turn|1
|inactive|dontaskwhaticook has 30 seconds left.
|
|t:|1757784998
|move|p2a: Archaludon|Protect|p2a: Archaludon
|-singleturn|p2a: Archaludon|Protect
|move|p1b: Rillaboom|Fake Out|p2a: Archaludon
|-activate|p2a: Archaludon|move: Protect
|move|p1a: Gholdengo|Nasty Plot|p1a: Gholdengo
|-boost|p1a: Gholdengo|spa|2
|move|p2b: Incineroar|Parting Shot|p1b: Rillaboom
|-unboost|p1b: Rillaboom|atk|1
|-unboost|p1b: Rillaboom|spa|1
|
|t:|1757785014
|switch|p2b: Pelipper|Pelipper, L50, F|100/100|[from] Parting Shot
|-weather|RainDance|[from] ability: Drizzle|[of] p2b: Pelipper
|
|-weather|RainDance|[upkeep]
|upkeep
|turn|2
|
|t:|1757785036
|switch|p2a: Incineroar|Incineroar, L50, M|100/100
|-ability|p2a: Incineroar|Intimidate|boost
|-unboost|p1a: Gholdengo|atk|1
|-unboost|p1b: Rillaboom|atk|1
|switch|p2b: Ludicolo|Ludicolo, L50, M, shiny|100/100
|move|p1b: Rillaboom|Drum Beating|p2a: Incineroar
|-resisted|p2a: Incineroar
|-damage|p2a: Incineroar|91/100
|-unboost|p2a: Incineroar|spe|1
|move|p1a: Gholdengo|Make It Rain|p2b: Ludicolo|[spread] p2a,p2b
|-resisted|p2a: Incineroar
|-resisted|p2b: Ludicolo
|-damage|p2a: Incineroar|60/100
|-damage|p2b: Ludicolo|46/100
|-unboost|p1a: Gholdengo|spa|1
|
|-weather|RainDance|[upkeep]
|-heal|p2b: Ludicolo|52/100|[from] Grassy Terrain
|-heal|p2a: Incineroar|66/100|[from] Grassy Terrain
|upkeep
|turn|3
|inactive|dontaskwhaticook has 30 seconds left.
|inactive|dontaskwhaticook has 20 seconds left.
|inactive|dontaskwhaticook has 15 seconds left.
|inactive|dontaskwhaticook has 10 seconds left.
|
|t:|1757785083
|-terastallize|p2b: Ludicolo|Water
|move|p2b: Ludicolo|Weather Ball|p1a: Gholdengo
|-damage|p1a: Gholdengo|0 fnt
|faint|p1a: Gholdengo
|-damage|p2b: Ludicolo|42/100|[from] item: Life Orb
|move|p1b: Rillaboom|Drum Beating|p2b: Ludicolo
|-supereffective|p2b: Ludicolo
|-damage|p2b: Ludicolo|0 fnt
|faint|p2b: Ludicolo
|move|p2a: Incineroar|Knock Off|p1b: Rillaboom
|-damage|p1b: Rillaboom|61/100
|-enditem|p1b: Rillaboom|Assault Vest|[from] move: Knock Off|[of] p2a: Incineroar
|
|-weather|RainDance|[upkeep]
|-heal|p1b: Rillaboom|67/100|[from] Grassy Terrain
|-heal|p2a: Incineroar|72/100|[from] Grassy Terrain
|upkeep
|
|t:|1757785100
|switch|p1a: Sneasler|Sneasler, L50, M|100/100
|switch|p2b: Archaludon|Archaludon, L50, M|100/100
|turn|4
|inactive|MrRaffa has 30 seconds left.
|inactive|dontaskwhaticook has 30 seconds left.
|inactive|MrRaffa has 20 seconds left.
|
|t:|1757785138
|switch|p2a: Pelipper|Pelipper, L50, F|100/100
|move|p1a: Sneasler|Close Combat|p2a: Pelipper
|-resisted|p2a: Pelipper
|-damage|p2a: Pelipper|62/100
|-unboost|p1a: Sneasler|def|1
|-unboost|p1a: Sneasler|spd|1
|-enditem|p1a: Sneasler|White Herb
|-clearnegativeboost|p1a: Sneasler|[silent]
|move|p2b: Archaludon|Electro Shot||[still]
|-prepare|p2b: Archaludon|Electro Shot
|-boost|p2b: Archaludon|spa|1
|-anim|p2b: Archaludon|Electro Shot|p1a: Sneasler
|-damage|p1a: Sneasler|28/100
|move|p1b: Rillaboom|High Horsepower|p2b: Archaludon
|-supereffective|p2b: Archaludon
|-damage|p2b: Archaludon|80/100
|
|-weather|RainDance|[upkeep]
|-heal|p1a: Sneasler|34/100|[from] Grassy Terrain
|-heal|p2b: Archaludon|86/100|[from] Grassy Terrain
|-heal|p1b: Rillaboom|72/100|[from] Grassy Terrain
|upkeep
|turn|5
|
|t:|1757785159
|switch|p1b: Ninetales|Ninetales-Alola, L50, F|100/100
|-weather|Snowscape|[from] ability: Snow Warning|[of] p1b: Ninetales
|switch|p2a: Incineroar|Incineroar, L50, M|72/100
|-ability|p2a: Incineroar|Intimidate|boost
|-unboost|p1a: Sneasler|atk|1
|-unboost|p1b: Ninetales|atk|1
|move|p1a: Sneasler|Protect|p1a: Sneasler
|-singleturn|p1a: Sneasler|Protect
|move|p2b: Archaludon|Protect||[still]
|-fail|p2b: Archaludon
|
|-weather|Snowscape|[upkeep]
|-heal|p1a: Sneasler|40/100|[from] Grassy Terrain
|-heal|p2b: Archaludon|92/100|[from] Grassy Terrain
|-heal|p2a: Incineroar|78/100|[from] Grassy Terrain
|-fieldend|move: Grassy Terrain
|upkeep
|turn|6
|inactive|dontaskwhaticook has 30 seconds left.
|
|t:|1757785189
|-terastallize|p1a: Sneasler|Ghost
|move|p2b: Archaludon|Protect|p2b: Archaludon
|-singleturn|p2b: Archaludon|Protect
|move|p1a: Sneasler|Close Combat|p2b: Archaludon
|-activate|p2b: Archaludon|move: Protect
|move|p1b: Ninetales|Blizzard|p2b: Archaludon|[spread] p2a
|-activate|p2b: Archaludon|move: Protect
|-resisted|p2a: Incineroar
|-crit|p2a: Incineroar
|-damage|p2a: Incineroar|58/100
|move|p2a: Incineroar|Knock Off|p1b: Ninetales
|-resisted|p1b: Ninetales
|-damage|p1b: Ninetales|82/100
|-enditem|p1b: Ninetales|Focus Sash|[from] move: Knock Off|[of] p2a: Incineroar
|
|-weather|Snowscape|[upkeep]
|upkeep
|turn|7
|inactive|dontaskwhaticook has 30 seconds left.
|inactive|dontaskwhaticook has 20 seconds left.
|inactive|dontaskwhaticook has 15 seconds left.
|inactive|MrRaffa has 30 seconds left.
|inactive|dontaskwhaticook has 10 seconds left.
|inactive|dontaskwhaticook has 5 seconds left.
|
|t:|1757785242
|move|p1a: Sneasler|Close Combat|p2a: Incineroar
|-supereffective|p2a: Incineroar
|-damage|p2a: Incineroar|0 fnt
|-unboost|p1a: Sneasler|def|1
|-unboost|p1a: Sneasler|spd|1
|faint|p2a: Incineroar
|move|p1b: Ninetales|Aurora Veil|p1b: Ninetales
|-sidestart|p1: MrRaffa|move: Aurora Veil
|move|p2b: Archaludon|Electro Shot||[still]
|-prepare|p2b: Archaludon|Electro Shot
|-boost|p2b: Archaludon|spa|1
|-enditem|p2b: Archaludon|Power Herb
|-anim|p2b: Archaludon|Electro Shot|p1a: Sneasler
|-crit|p1a: Sneasler
|-damage|p1a: Sneasler|0 fnt
|faint|p1a: Sneasler
|
|-weather|Snowscape|[upkeep]
|upkeep
|
|t:|1757785256
|switch|p1a: Rillaboom|Rillaboom, L50, F|72/100
|switch|p2a: Pelipper|Pelipper, L50, F|62/100
|-fieldstart|move: Grassy Terrain|[from] ability: Grassy Surge|[of] p1a: Rillaboom
|-weather|RainDance|[from] ability: Drizzle|[of] p2a: Pelipper
|turn|8
|inactive|MrRaffa has 30 seconds left.
|inactive|dontaskwhaticook has 30 seconds left.
|inactive|dontaskwhaticook has 20 seconds left.
|
|t:|1757785292
|move|p1b: Ninetales|Blizzard|p2a: Pelipper|[spread] 
|-miss|p1b: Ninetales|p2a: Pelipper
|-miss|p1b: Ninetales|p2b: Archaludon
|move|p2b: Archaludon|Flash Cannon|p1b: Ninetales
|-supereffective|p1b: Ninetales
|-damage|p1b: Ninetales|0 fnt
|faint|p1b: Ninetales
|move|p1a: Rillaboom|Drum Beating|p2a: Pelipper
|-damage|p2a: Pelipper|0 fnt
|faint|p2a: Pelipper
|
|-weather|RainDance|[upkeep]
|-heal|p1a: Rillaboom|78/100|[from] Grassy Terrain
|-heal|p2b: Archaludon|98/100|[from] Grassy Terrain
|upkeep
|turn|9
|
|t:|1757785315
|move|p2b: Archaludon|Dragon Pulse|p1a: Rillaboom
|-damage|p1a: Rillaboom|3/100
|move|p1a: Rillaboom|High Horsepower|p2b: Archaludon
|-supereffective|p2b: Archaludon
|-damage|p2b: Archaludon|45/100
|
|-weather|RainDance|[upkeep]
|-heal|p2b: Archaludon|51/100|[from] Grassy Terrain
|-heal|p1a: Rillaboom|9/100|[from] Grassy Terrain
|upkeep
|turn|10
|
|t:|1757785322
|move|p2b: Archaludon|Dragon Pulse|p1a: Rillaboom
|-damage|p1a: Rillaboom|0 fnt
|faint|p1a: Rillaboom
|
|win|dontaskwhaticook
||MrRaffa is ready for game 3.
|inactive|dontaskwhaticook has 30 seconds to confirm battle start!
|inactive|dontaskwhaticook has 20 seconds to confirm battle start!
|inactive|dontaskwhaticook has 10 seconds to confirm battle start!
|l|☆dontaskwhaticook
|player|p2|
|uhtml|next|Next: Game 3 of 3
|j|☆dontaskwhaticook
|player|p2|dontaskwhaticook|colress|
|l|☆dontaskwhaticook
|player|p2|
