|j|☆shmuel0204
|j|☆dlight98
|html|shmuel0204dlight98    
|uhtml|bestof|Game 1 of a best-of-3
|t:|1785808878
|gametype|doubles
|player|p1|shmuel0204|guitarist|
|player|p2|dlight98|lyra|
|gen|9
|tier|[Gen 9 Champions] VGC 2026 Reg M-B (Bo3)
|rule|Species Clause: Limit one of each Pokémon
|rule|Item Clause: Limit 1 of each item
|clearpoke
|poke|p1|Metagross, L50, shiny|
|poke|p1|Basculegion, L50, M|
|poke|p1|Pelipper, L50, M|
|poke|p1|Sableye, L50, M|
|poke|p1|Tauros-Paldea-Blaze, L50, M|
|poke|p1|Alcremie, L50, F|
|poke|p2|Dedenne, L50, F|
|poke|p2|Gliscor, L50, M|
|poke|p2|Annihilape, L50, F|
|poke|p2|Alakazam, L50, M|
|poke|p2|Drampa, L50, M|
|poke|p2|Sinistcha, L50|
|teampreview|4
|showteam|p1|Metagross||Metagrossite|ClearBody|BodyPress,Protect,PsychicFangs,MeteorMash|Jolly|||||50|]Basculegion||ChoiceScarf|Adaptability|WaveCrash,AquaJet,LastRespects,FlipTurn|Adamant||M|||50|]Pelipper||SitrusBerry|Drizzle|WideGuard,Tailwind,WeatherBall,Protect|Modest||M|||50|]Sableye||LightClay|Prankster|Quash,RainDance,Reflect,LightScreen|Impish||M|||50|]Tauros-Paldea-Blaze||ExpertBelt|Intimidate|CloseCombat,FlareBlitz,HighHorsepower,BulkUp|Jolly||M|||50|]Alcremie||Leftovers|SweetVeil|Entrainment,Encore,Recover,TriAttack|Calm||F|||50|
|showteam|p2|Dedenne||SitrusBerry|CheekPouch|DazzlingGleam,Electroweb,Nuzzle,Protect|Hasty||F|||50|]Gliscor||PasshoBerry|HyperCutter|Earthquake,ThunderFang,RockSlide,Protect|Jolly||M|||50|]Annihilape||ExpertBelt|Defiant|RageFist,DrainPunch,ThunderPunch,RockSlide|Jolly||F|||50|]Alakazam||LightClay|InnerFocus|ShadowBall,SpeedSwap,Reflect,LightScreen|Timid||M|||50|]Drampa||Drampanite|CloudNine|HyperVoice,Thunderbolt,EarthPower,Protect|Modest||M|||50|]Sinistcha||Leftovers|Hospitality|MatchaGotcha,RagePowder,LifeDew,Protect|Bold|||||50|
|
|t:|1785808959
|teamsize|p1|4
|teamsize|p2|4
|start
|switch|p1a: Sableye|Sableye, L50, M|100/100
|switch|p1b: Metagross|Metagross, L50, shiny|100/100
|switch|p2a: Dedenne|Dedenne, L50, F|100/100
|switch|p2b: Alakazam|Alakazam, L50, M|100/100
|turn|1
|
|t:|1785808990
|detailschange|p1b: Metagross|Metagross-Mega, L50, shiny
|-mega|p1b: Metagross|Metagross|Metagrossite
|move|p1a: Sableye|Light Screen|p1a: Sableye
|-sidestart|p1: shmuel0204|move: Light Screen
|move|p2b: Alakazam|Reflect|p2b: Alakazam
|-sidestart|p2: dlight98|Reflect
|move|p1b: Metagross|Meteor Mash|p2b: Alakazam
|-damage|p2b: Alakazam|4/100
|move|p2a: Dedenne|Nuzzle|p1b: Metagross
|-damage|p1b: Metagross|95/100
|-status|p1b: Metagross|par
|
|upkeep
|turn|2
|
|t:|1785809023
|move|p1a: Sableye|Reflect|p1a: Sableye
|-sidestart|p1: shmuel0204|Reflect
|move|p2b: Alakazam|Shadow Ball|p1b: Metagross
|-supereffective|p1b: Metagross|1
|-damage|p1b: Metagross|59/100 par
|-unboost|p1b: Metagross|spd|1
|move|p2a: Dedenne|Dazzling Gleam|p1a: Sableye|[spread] p1a,p1b
|-supereffective|p1a: Sableye|1
|-resisted|p1b: Metagross|1
|-damage|p1a: Sableye|54/100
|-damage|p1b: Metagross|47/100 par
|move|p1b: Metagross|Psychic Fangs|p2b: Alakazam
|-sideend|p2: dlight98|Reflect
|-resisted|p2b: Alakazam|1
|-damage|p2b: Alakazam|0 fnt
|faint|p2b: Alakazam
|
|upkeep
|
|t:|1785809046
|switch|p2b: Drampa|Drampa, L50, M|100/100
|-ability|p2b: Drampa|Cloud Nine
|turn|3
|
|t:|1785809062
|switch|p1b: Basculegion|Basculegion, L50, M|100/100
|switch|p1a: Tauros|Tauros-Paldea-Blaze, L50, M|100/100
|-ability|p1a: Tauros|Intimidate|boost
|-unboost|p2a: Dedenne|atk|1
|-unboost|p2b: Drampa|atk|1
|detailschange|p2b: Drampa|Drampa-Mega, L50, M
|-mega|p2b: Drampa|Drampa|Drampanite
|move|p2a: Dedenne|Electroweb|p1b: Basculegion|[spread] p1a,p1b
|-supereffective|p1b: Basculegion|1
|-damage|p1a: Tauros|84/100
|-damage|p1b: Basculegion|75/100
|-unboost|p1a: Tauros|spe|1
|-unboost|p1b: Basculegion|spe|1
|move|p2b: Drampa|Earth Power|p1b: Basculegion
|-damage|p1b: Basculegion|42/100
|
|upkeep
|turn|4
|
|t:|1785809109
|switch|p1b: Sableye|Sableye, L50, M|54/100
|move|p2a: Dedenne|Nuzzle|p1b: Sableye
|-damage|p1b: Sableye|51/100
|-status|p1b: Sableye|par
|move|p1a: Tauros|Close Combat|p2b: Drampa
|-supereffective|p2b: Drampa|1
|-damage|p2b: Drampa|0 fnt
|-unboost|p1a: Tauros|def|1
|-unboost|p1a: Tauros|spd|1
|faint|p2b: Drampa
|
|upkeep
|
|t:|1785809120
|switch|p2b: Gliscor|Gliscor, L50, M|100/100
|turn|5
|
|t:|1785809155
|move|p1b: Sableye|Quash|p2b: Gliscor
|-activate|p2b: Gliscor|move: Quash
|move|p2a: Dedenne|Dazzling Gleam|p1a: Tauros|[spread] p1a,p1b
|-supereffective|p1b: Sableye|1
|-damage|p1a: Tauros|44/100
|-damage|p1b: Sableye|3/100 par
|move|p1a: Tauros|High Horsepower|p2a: Dedenne
|-supereffective|p2a: Dedenne|1
|-damage|p2a: Dedenne|0 fnt
|faint|p2a: Dedenne
|move|p2b: Gliscor|Rock Slide|p1a: Tauros|[spread] p1a
|-miss|p2b: Gliscor|p1b: Sableye
|-damage|p1a: Tauros|25/100
|
|upkeep
|turn|6
|
|t:|1785809175
|move|p1b: Sableye|Quash|p2b: Gliscor
|-activate|p2b: Gliscor|move: Quash
|move|p1a: Tauros|Flare Blitz|p2b: Gliscor
|-damage|p2b: Gliscor|48/100
|-damage|p1a: Tauros|7/100|[from] Recoil
|move|p2b: Gliscor|Earthquake|p1a: Tauros|[spread] p1a,p1b
|-supereffective|p1a: Tauros|1
|-damage|p1a: Tauros|0 fnt
|-damage|p1b: Sableye|0 fnt
|faint|p1a: Tauros
|faint|p1b: Sableye
|
|upkeep
|
|t:|1785809185
|switch|p1a: Metagross|Metagross-Mega, L50, shiny|47/100 par
|switch|p1b: Basculegion|Basculegion, L50, M|42/100
|turn|7
|
|t:|1785809198
|move|p2b: Gliscor|Protect|p2b: Gliscor
|-singleturn|p2b: Gliscor|Protect
|move|p1b: Basculegion|Aqua Jet|p2b: Gliscor
|-activate|p2b: Gliscor|move: Protect
|cant|p1a: Metagross|par
|
|upkeep
|turn|8
|
|t:|1785809207
|move|p1b: Basculegion|Aqua Jet|p2b: Gliscor
|-supereffective|p2b: Gliscor|1
|-crit|p2b: Gliscor
|-enditem|p2b: Gliscor|Passho Berry|[eat]
|-enditem|p2b: Gliscor|Passho Berry|[weaken]
|-damage|p2b: Gliscor|8/100
|move|p2b: Gliscor|Earthquake|p1a: Metagross|[spread] p1a,p1b
|-supereffective|p1a: Metagross|1
|-damage|p1a: Metagross|14/100 par
|-damage|p1b: Basculegion|16/100
|move|p1a: Metagross|Psychic Fangs|p2b: Gliscor
|-damage|p2b: Gliscor|0 fnt
|faint|p2b: Gliscor
|
|win|shmuel0204
|inactive|shmuel0204 has 30 seconds to confirm battle start!
|inactive|dlight98 has 30 seconds to confirm battle start!
|c|☆dlight98|gr
|c|☆shmuel0204|gg!
||shmuel0204 is ready for game 2.
|inactive|dlight98 has 20 seconds to confirm battle start!
||dlight98 is ready for game 2.
|uhtml|next|Next: Game 2 of 3
