|j|☆Hllday
|j|☆arlostanley
|html|Hlldayarlostanley    
|uhtml|bestof|Game 1 of a best-of-3
|t:|1757020531
|gametype|doubles
|player|p1|Hllday|265|
|player|p2|arlostanley|266|
|gen|9
|tier|[Gen 9] VGC 2025 Reg H (Bo3)
|rule|Species Clause: Limit one of each Pokémon
|rule|Item Clause: Limit 1 of each item
|clearpoke
|poke|p1|Murkrow, L50, F|
|poke|p1|Typhlosion-Hisui, L50, F|
|poke|p1|Indeedee, L50, M|
|poke|p1|Sneasler, L50, M|
|poke|p1|Kingambit, L50, M|
|poke|p1|Garchomp, L50, M|
|poke|p2|Pawmot, L50, F|
|poke|p2|Rillaboom, L50, F|
|poke|p2|Talonflame, L50, F|
|poke|p2|Dragonite, L50, M|
|poke|p2|Gholdengo, L50|
|poke|p2|Ursaluna-Bloodmoon, L50, M|
|teampreview|4
|showteam|p1|Murkrow||Eviolite|Prankster|Tailwind,SunnyDay,Haze,FoulPlay|||F|||50|,,,,,Ghost]Typhlosion-Hisui||Charcoal|Blaze|Eruption,ShadowBall,HeatWave,Protect|||F|||50|,,,,,Fire]Indeedee||FocusSash|PsychicSurge|Imprison,TrickRoom,ExpandingForce,TeraBlast|||M|||50|,,,,,Fighting]Sneasler||PsychicSeed|Unburden|Protect,CloseCombat,DireClaw,Acrobatics|||M|||50|,,,,,Flying]Kingambit||AssaultVest|Defiant|KowtowCleave,SuckerPunch,IronHead,LowKick|||M|||50|,,,,,Bug]Garchomp||LifeOrb|RoughSkin|Earthquake,Protect,DragonClaw,StompingTantrum|||M|||50|,,,,,Fire
|showteam|p2|Pawmot||FocusSash|VoltAbsorb|FakeOut,DoubleShock,CloseCombat,RevivalBlessing|||F|||50|,,,,,Stellar]Rillaboom||LifeOrb|GrassySurge|FakeOut,GrassyGlide,HighHorsepower,Protect|||F|||50|,,,,,Fire]Talonflame||CovertCloak|GaleWings|Tailwind,BraveBird,FlareBlitz,Taunt|||F|||50|,,,,,Grass]Dragonite||LoadedDice|Multiscale|ScaleShot,IceSpinner,Haze,Protect|||M|||50|,,,,,Fairy]Gholdengo||ChoiceSpecs|GoodasGold|MakeItRain,ShadowBall,PowerGem,Trick||||||50|,,,,,Steel]Ursaluna-Bloodmoon||AssaultVest|MindsEye|BloodMoon,EarthPower,HyperVoice,VacuumWave|||M|||50|,,,,,Normal
|c|☆arlostanley|Hey honeyyyy
|
|t:|1757020580
|teamsize|p1|4
|teamsize|p2|4
|start
|switch|p1a: Murkrow|Murkrow, L50, F, shiny|100/100
|switch|p1b: Typhlosion|Typhlosion-Hisui, L50, F|100/100
|switch|p2a: Talonflame|Talonflame, L50, F|100/100
|switch|p2b: Gholdengo|Gholdengo, L50|100/100
|turn|1
|
|t:|1757020610
|switch|p1b: Indeedee|Indeedee, L50, M|100/100
|-fieldstart|move: Psychic Terrain|[from] ability: Psychic Surge|[of] p1b: Indeedee
|move|p2a: Talonflame|Brave Bird|p1b: Indeedee
|-activate|p1b: Indeedee|move: Psychic Terrain
|move|p2b: Gholdengo|Make It Rain|p1b: Indeedee|[spread] p1a,p1b
|-damage|p1a: Murkrow|14/100
|-enditem|p1b: Indeedee|Focus Sash
|-damage|p1b: Indeedee|1/100
|-unboost|p2b: Gholdengo|spa|1
|move|p1a: Murkrow|Foul Play|p2b: Gholdengo
|-supereffective|p2b: Gholdengo
|-damage|p2b: Gholdengo|60/100
|
|upkeep
|turn|2
|
|t:|1757020653
|switch|p1b: Typhlosion|Typhlosion-Hisui, L50, F|100/100
|switch|p2b: Rillaboom|Rillaboom, L50, F|100/100
|-fieldstart|move: Grassy Terrain|[from] ability: Grassy Surge|[of] p2b: Rillaboom
|move|p2a: Talonflame|Brave Bird|p1a: Murkrow
|-damage|p1a: Murkrow|0 fnt
|faint|p1a: Murkrow
|-damage|p2a: Talonflame|96/100|[from] Recoil
|
|upkeep
|
|t:|1757020671
|switch|p1a: Indeedee|Indeedee, L50, M|1/100
|-fieldstart|move: Psychic Terrain|[from] ability: Psychic Surge|[of] p1a: Indeedee
|turn|3
|
|t:|1757020716
|-terastallize|p2b: Rillaboom|Fire
|move|p2a: Talonflame|Tailwind|p2a: Talonflame
|-sidestart|p2: arlostanley|move: Tailwind
|move|p2b: Rillaboom|High Horsepower|p1b: Typhlosion|[miss]
|-miss|p2b: Rillaboom|p1b: Typhlosion
|move|p1b: Typhlosion|Heat Wave|p2a: Talonflame|[spread] p2a,p2b
|-resisted|p2a: Talonflame
|-resisted|p2b: Rillaboom
|-damage|p2a: Talonflame|65/100
|-damage|p2b: Rillaboom|77/100
|move|p1a: Indeedee|Trick Room|p1a: Indeedee
|-fieldstart|move: Trick Room|[of] p1a: Indeedee
|
|upkeep
|turn|4
|
|t:|1757020747
|move|p2b: Rillaboom|Protect|p2b: Rillaboom
|-singleturn|p2b: Rillaboom|Protect
|move|p1b: Typhlosion|Eruption|p2b: Rillaboom|[spread] p2a
|-activate|p2b: Rillaboom|move: Protect
|-resisted|p2a: Talonflame
|-damage|p2a: Talonflame|15/100
|move|p1a: Indeedee|Expanding Force|p2b: Rillaboom|[spread] p2a
|-activate|p2b: Rillaboom|move: Protect
|-damage|p2a: Talonflame|0 fnt
|faint|p2a: Talonflame
|
|upkeep
|
|t:|1757020768
|switch|p2a: Gholdengo|Gholdengo, L50|60/100
|turn|5
|
|t:|1757020795
|switch|p2b: Ursaluna|Ursaluna-Bloodmoon, L50, M|100/100
|-terastallize|p1b: Typhlosion|Fire
|move|p1b: Typhlosion|Eruption|p2a: Gholdengo|[spread] p2a,p2b
|-supereffective|p2a: Gholdengo
|-damage|p2a: Gholdengo|0 fnt
|-damage|p2b: Ursaluna|24/100
|faint|p2a: Gholdengo
|move|p1a: Indeedee|Expanding Force|p2b: Ursaluna
|-damage|p2b: Ursaluna|0 fnt
|faint|p2b: Ursaluna
|
|upkeep
|
|t:|1757020810
|switch|p2a: Rillaboom|Rillaboom, L50, F, tera:Fire|77/100
|-fieldstart|move: Grassy Terrain|[from] ability: Grassy Surge|[of] p2a: Rillaboom
|turn|6
|
|t:|1757020828
|switch|p1a: Garchomp|Garchomp, L50, M|100/100
|move|p1b: Typhlosion|Protect|p1b: Typhlosion
|-singleturn|p1b: Typhlosion|Protect
|move|p2a: Rillaboom|Protect||[still]
|-fail|p2a: Rillaboom
|
|-heal|p2a: Rillaboom|83/100|[from] Grassy Terrain
|-sideend|p2: arlostanley|move: Tailwind
|upkeep
|turn|7
|
|t:|1757020853
|switch|p1a: Indeedee|Indeedee, L50, M|1/100
|-fieldstart|move: Psychic Terrain|[from] ability: Psychic Surge|[of] p1a: Indeedee
|move|p2a: Rillaboom|High Horsepower|p1b: Typhlosion|[miss]
|-miss|p2a: Rillaboom|p1b: Typhlosion
|move|p1b: Typhlosion|Shadow Ball|p2a: Rillaboom
|-damage|p2a: Rillaboom|40/100
|
|-fieldend|move: Trick Room
|upkeep
|turn|8
|c|☆arlostanley|You’ve properly done me here 😂
|
|t:|1757020872
|move|p1b: Typhlosion|Shadow Ball|p2a: Rillaboom
|-damage|p2a: Rillaboom|0 fnt
|faint|p2a: Rillaboom
|
|win|Hllday
