|j|☆robinrambles
|j|☆C0ozer
|html|robinramblesC0ozer    
|uhtml|bestof|Game 1 of a best-of-3
|t:|1785162146
|gametype|doubles
|player|p1|robinrambles|dawn-gen4pt|1126
|player|p2|C0ozer|lucas|1231
|gen|9
|tier|[Gen 9 Champions] VGC 2026 Reg M-B (Bo3)
|rated|
|rule|Species Clause: Limit one of each Pokémon
|rule|Item Clause: Limit 1 of each item
|clearpoke
|poke|p1|Staraptor, L50, M|
|poke|p1|Aegislash, L50, M|
|poke|p1|Kangaskhan, L50, F|
|poke|p1|Farigiraf, L50, F|
|poke|p1|Whimsicott, L50, F|
|poke|p1|Aerodactyl, L50, M|
|poke|p2|Charizard, L50, M|
|poke|p2|Garchomp, L50, M|
|poke|p2|Whimsicott, L50, F|
|poke|p2|Tsareena, L50, F|
|poke|p2|Incineroar, L50, F|
|poke|p2|Basculegion, L50, M|
|teampreview|4
|showteam|p1|Staraptor||Staraptite|Intimidate|Roost,Protect,CloseCombat,BraveBird|Adamant||M|||50|]Aegislash||ColburBerry|StanceChange|KingsShield,IronHead,SacredSword,Poltergeist|Adamant||M|||50|]Kangaskhan||SilkScarf|Scrappy|FakeOut,LastResort|Jolly||F|||50|]Farigiraf||SitrusBerry|ArmorTail|Thunderbolt,TwinBeam,HelpingHand,Protect|Calm||F|||50|]Whimsicott||FocusSash|Prankster|Tailwind,Taunt,Charm,Moonblast|Timid||F|||50|]Aerodactyl||WideLens|Unnerve|DualWingbeat,RockSlide,Protect,Tailwind|Jolly||M|||50|
|showteam|p2|Charizard||CharizarditeY|Blaze|HeatWave,WeatherBall,SolarBeam,Protect|Modest||M|||50|]Garchomp||LifeOrb|RoughSkin|Earthquake,RockSlide,DragonClaw,Protect|Jolly||M|||50|]Whimsicott||FocusSash|Prankster|Moonblast,Tailwind,Encore,Protect|Timid||F|||50|]Tsareena||WideLens|QueenlyMajesty|TripleAxel,PowerWhip,KnockOff,Protect|Jolly||F|||50|]Incineroar||SitrusBerry|Intimidate|FakeOut,FlareBlitz,ThroatChop,PartingShot|Impish||F|||50|]Basculegion||MysticWater|Adaptability|LastRespects,AquaJet,WaveCrash,Protect|Adamant||M|||50|
|inactive|Battle timer is ON: inactive players will automatically lose when time's up. (requested by C0ozer)
|inactive|robinrambles has 60 seconds left.
|
|t:|1785162197
|teamsize|p1|4
|teamsize|p2|4
|start
|switch|p1a: Aerodactyl|Aerodactyl, L50, M|100/100
|switch|p1b: Staraptor|Staraptor, L50, M|100/100
|switch|p2a: Floofy|Whimsicott, L50, F|100/100
|switch|p2b: No Respect|Basculegion, L50, M|100/100
|-ability|p1a: Aerodactyl|Unnerve
|-ability|p1b: Staraptor|Intimidate|boost
|-unboost|p2a: Floofy|atk|1
|-unboost|p2b: No Respect|atk|1
|turn|1
|
|t:|1785162215
|detailschange|p1b: Staraptor|Staraptor-Mega, L50, M
|-mega|p1b: Staraptor|Staraptor|Staraptite
|move|p2b: No Respect|Aqua Jet|p1b: Staraptor
|-damage|p1b: Staraptor|78/100
|move|p1a: Aerodactyl|Rock Slide|p2a: Floofy|[spread] p2a,p2b
|-damage|p2a: Floofy|64/100
|-damage|p2b: No Respect|70/100
|cant|p2a: Floofy|flinch
|move|p1b: Staraptor|Brave Bird|p2a: Floofy
|-supereffective|p2a: Floofy|1
|-damage|p2a: Floofy|0 fnt
|faint|p2a: Floofy
|-damage|p1b: Staraptor|61/100|[from] Recoil
|
|upkeep
|
|t:|1785162228
|switch|p2a: HIgh EQ|Garchomp, L50, M|100/100
|turn|2
|
|t:|1785162239
|switch|p1a: Whimsicott|Whimsicott, L50, F|100/100
|move|p1b: Staraptor|Protect|p1b: Staraptor
|-singleturn|p1b: Staraptor|Protect
|move|p2b: No Respect|Aqua Jet|p1a: Whimsicott
|-resisted|p1a: Whimsicott|1
|-damage|p1a: Whimsicott|84/100
|move|p2a: HIgh EQ|Rock Slide|p1a: Whimsicott|[spread] p1a
|-activate|p1b: Staraptor|move: Protect
|-damage|p1a: Whimsicott|45/100
|-damage|p2a: HIgh EQ|90/100|[from] item: Life Orb
|
|upkeep
|turn|3
|inactive|C0ozer has 30 seconds left.
|
|t:|1785162267
|switch|p2b: Chariyard|Charizard, L50, M|100/100
|move|p1a: Whimsicott|Tailwind|p1a: Whimsicott
|-sidestart|p1: robinrambles|move: Tailwind
|move|p1b: Staraptor|Roost|p1b: Staraptor
|-heal|p1b: Staraptor|100/100
|-singleturn|p1b: Staraptor|move: Roost
|move|p2a: HIgh EQ|Dragon Claw|p1b: Staraptor
|-damage|p1b: Staraptor|43/100
|-damage|p2a: HIgh EQ|80/100|[from] item: Life Orb
|
|upkeep
|turn|4
|
|t:|1785162285
|detailschange|p2b: Chariyard|Charizard-Mega-Y, L50, M
|-mega|p2b: Chariyard|Charizard|Charizardite Y
|-weather|SunnyDay|[from] ability: Drought|[of] p2b: Chariyard
|move|p1a: Whimsicott|Charm|p1b: Staraptor
|-boost|p1b: Staraptor|atk|2
|move|p1b: Staraptor|Brave Bird|p2b: Chariyard
|-damage|p2b: Chariyard|0 fnt
|faint|p2b: Chariyard
|-damage|p1b: Staraptor|11/100|[from] Recoil
|move|p2a: HIgh EQ|Rock Slide|p1b: Staraptor|[spread] p1a,p1b
|-damage|p1a: Whimsicott|7/100
|-damage|p1b: Staraptor|0 fnt
|faint|p1b: Staraptor
|-damage|p2a: HIgh EQ|70/100|[from] item: Life Orb
|
|-weather|SunnyDay|[upkeep]
|upkeep
|
|t:|1785162301
|switch|p1b: Aerodactyl|Aerodactyl, L50, M|100/100
|switch|p2b: No Respect|Basculegion, L50, M|70/100
|-ability|p1b: Aerodactyl|Unnerve
|turn|5
|
|t:|1785162312
|move|p2b: No Respect|Aqua Jet|p1b: Aerodactyl
|-supereffective|p1b: Aerodactyl|1
|-damage|p1b: Aerodactyl|43/100
|move|p1b: Aerodactyl|Rock Slide|p2b: No Respect|[spread] p2a,p2b
|-resisted|p2a: HIgh EQ|1
|-crit|p2a: HIgh EQ
|-damage|p2a: HIgh EQ|51/100
|-damage|p2b: No Respect|41/100
|move|p1a: Whimsicott|Moonblast|p2a: HIgh EQ
|-supereffective|p2a: HIgh EQ|1
|-damage|p2a: HIgh EQ|0 fnt
|faint|p2a: HIgh EQ
|
|-weather|SunnyDay|[upkeep]
|upkeep
|turn|6
|
|t:|1785162329
|move|p1b: Aerodactyl|Protect|p1b: Aerodactyl
|-singleturn|p1b: Aerodactyl|Protect
|move|p2b: No Respect|Aqua Jet|p1b: Aerodactyl
|-activate|p1b: Aerodactyl|move: Protect
|move|p1a: Whimsicott|Moonblast|p2b: No Respect
|-damage|p2b: No Respect|3/100
|
|-weather|SunnyDay|[upkeep]
|-sideend|p1: robinrambles|move: Tailwind
|upkeep
|turn|7
|
|t:|1785162339
|move|p2b: No Respect|Aqua Jet|p1b: Aerodactyl
|-supereffective|p1b: Aerodactyl|1
|-damage|p1b: Aerodactyl|0 fnt
|faint|p1b: Aerodactyl
|move|p1a: Whimsicott|Moonblast|p2b: No Respect
|-damage|p2b: No Respect|0 fnt
|faint|p2b: No Respect
|
|win|robinrambles
