|j|☆exessvgc
|j|☆breloomb01
|html|exessvgcbreloomb01    
|uhtml|bestof|Game 2 of a best-of-3
|t:|1783086962
|gametype|doubles
|player|p1|exessvgc|1|1307
|player|p2|breloomb01|roughneck|1278
|gen|9
|tier|[Gen 9 Champions] VGC 2026 Reg M-B (Bo3)
|rated|
|rule|Species Clause: Limit one of each Pokémon
|rule|Item Clause: Limit 1 of each item
|clearpoke
|poke|p1|Charizard, L50, M|
|poke|p1|Sneasler, L50, M|
|poke|p1|Farigiraf, L50, M|
|poke|p1|Aerodactyl, L50, M|
|poke|p1|Sylveon, L50, M|
|poke|p1|Venusaur, L50, F|
|poke|p2|Gengar, L50, F, shiny|
|poke|p2|Swampert, L50, M, shiny|
|poke|p2|Incineroar, L50, M, shiny|
|poke|p2|Politoed, L50, F, shiny|
|poke|p2|Archaludon, L50, F, shiny|
|poke|p2|Vivillon-Polar, L50, M|
|teampreview|4
|showteam|p1|Charizard||CharizarditeX|Blaze|DragonDance,DragonClaw,FlareBlitz,Protect|Jolly||M|||50|]Sneasler||WhiteHerb|Unburden|FakeOut,Protect,CloseCombat,DireClaw|Jolly||M|||50|]Farigiraf||SitrusBerry|ArmorTail|TrickRoom,PsychicNoise,HelpingHand,GrassKnot|Bold||M|||50|]Aerodactyl||FocusSash|Unnerve|RockSlide,Tailwind,SunnyDay,Taunt|Jolly||M|||50|]Sylveon||FairyFeather|Pixilate|HyperVoice,HyperBeam,Protect,ShadowBall|Modest||M|||50|]Venusaur||WideLens|Chlorophyll|SludgeBomb,EarthPower,SleepPowder,Protect|Modest||F|||50|
|showteam|p2|Gengar||Gengarite|CursedBody|ShadowBall,PerishSong,SludgeBomb,Protect|Timid||F|||50|]Swampert||Swampertite|Torrent|WaveCrash,Earthquake,IcePunch,Protect|Adamant||M|||50|]Incineroar||PasshoBerry|Intimidate|ThroatChop,PartingShot,FakeOut,Protect|Sassy||M|||50|]Politoed||SitrusBerry|Drizzle|WeatherBall,PerishSong,Encore,Protect|Calm||F|||50|]Archaludon||Leftovers|Stamina|DragonPulse,FlashCannon,ElectroShot,Protect|Bold||F|||50|]Vivillon-Polar||FocusSash|CompoundEyes|Hurricane,SleepPowder,RagePowder,Protect|Timid||M|||50|
|
|t:|1783086991
|teamsize|p1|4
|teamsize|p2|4
|start
|switch|p1a: DINOSAUVO|Aerodactyl, L50, M|100/100
|switch|p1b: Frank|Venusaur, L50, F|100/100
|switch|p2a: Vivillon|Vivillon-Polar, L50, M|100/100
|switch|p2b: Incineroar|Incineroar, L50, M, shiny|100/100
|-ability|p1a: DINOSAUVO|Unnerve
|-ability|p2b: Incineroar|Intimidate|boost
|-unboost|p1a: DINOSAUVO|atk|1
|-unboost|p1b: Frank|atk|1
|turn|1
|
|t:|1783087020
|switch|p1b: LA GIRAFFA|Farigiraf, L50, M|100/100
|move|p2b: Incineroar|Fake Out||[still]
|cant|p1b: LA GIRAFFA|ability: Armor Tail|Fake Out|[of] p2b: Incineroar
|move|p1a: DINOSAUVO|Rock Slide|p2a: Vivillon|[spread] p2a,p2b
|-supereffective|p2a: Vivillon|2
|-supereffective|p2b: Incineroar|1
|-enditem|p2a: Vivillon|Focus Sash
|-damage|p2a: Vivillon|1/100
|-damage|p2b: Incineroar|73/100
|move|p2a: Vivillon|Hurricane|p1b: LA GIRAFFA
|-damage|p1b: LA GIRAFFA|55/100
|
|upkeep
|turn|2
|
|t:|1783087053
|switch|p2a: Gengar|Gengar, L50, F, shiny|100/100
|switch|p1b: Marianela|Sylveon, L50, M|100/100
|move|p1a: DINOSAUVO|Rock Slide|p2a: Gengar|[spread] p2a,p2b
|-supereffective|p2b: Incineroar|1
|-damage|p2a: Gengar|76/100
|-damage|p2b: Incineroar|40/100
|cant|p2b: Incineroar|flinch
|
|upkeep
|turn|3
|
|t:|1783087079
|detailschange|p2a: Gengar|Gengar-Mega, L50, F, shiny
|-mega|p2a: Gengar|Gengar|Gengarite
|move|p1a: DINOSAUVO|Taunt|p2a: Gengar
|-start|p2a: Gengar|move: Taunt
|move|p2a: Gengar|Sludge Bomb|p1b: Marianela
|-supereffective|p1b: Marianela|1
|-damage|p1b: Marianela|22/100
|move|p1b: Marianela|Hyper Voice|p2a: Gengar|[spread] p2a,p2b
|-resisted|p2a: Gengar|1
|-damage|p2a: Gengar|51/100
|-damage|p2b: Incineroar|4/100
|move|p2b: Incineroar|Parting Shot|p1a: DINOSAUVO
|-unboost|p1a: DINOSAUVO|atk|1
|-unboost|p1a: DINOSAUVO|spa|1
|
|t:|1783087087
|switch|p2b: Politoed|Politoed, L50, F, shiny|100/100|[from] Parting Shot
|-weather|RainDance|[from] ability: Drizzle|[of] p2b: Politoed
|
|-weather|RainDance|[upkeep]
|upkeep
|turn|4
|
|t:|1783087115
|move|p1a: DINOSAUVO|Rock Slide|p2a: Gengar|[spread] p2a,p2b
|-damage|p2a: Gengar|36/100
|-damage|p2b: Politoed|87/100
|move|p2a: Gengar|Sludge Bomb|p1b: Marianela
|-supereffective|p1b: Marianela|1
|-damage|p1b: Marianela|0 fnt
|faint|p1b: Marianela
|move|p2b: Politoed|Weather Ball|p1a: DINOSAUVO
|-supereffective|p1a: DINOSAUVO|1
|-enditem|p1a: DINOSAUVO|Focus Sash
|-damage|p1a: DINOSAUVO|1/100
|
|-weather|RainDance|[upkeep]
|upkeep
|
|t:|1783087128
|switch|p1b: Frank|Venusaur, L50, F|100/100
|turn|5
|
|t:|1783087165
|move|p1a: DINOSAUVO|Tailwind|p1a: DINOSAUVO
|-sidestart|p1: exessvgc|move: Tailwind
|move|p1b: Frank|Sleep Powder|p2b: Politoed
|-status|p2b: Politoed|slp|[from] move: Sleep Powder
|move|p2a: Gengar|Shadow Ball|p1a: DINOSAUVO
|-damage|p1a: DINOSAUVO|0 fnt
|faint|p1a: DINOSAUVO
|cant|p2b: Politoed|slp
|
|-weather|RainDance|[upkeep]
|-end|p2a: Gengar|move: Taunt
|upkeep
|
|t:|1783087171
|switch|p1a: LA GIRAFFA|Farigiraf, L50, M|55/100
|turn|6
|
|t:|1783087201
|move|p2a: Gengar|Protect|p2a: Gengar
|-singleturn|p2a: Gengar|Protect
|move|p1b: Frank|Earth Power|p2a: Gengar
|-activate|p2a: Gengar|move: Protect
|move|p1a: LA GIRAFFA|Psychic Noise|p2b: Politoed
|-crit|p2b: Politoed
|-damage|p2b: Politoed|53/100 slp
|-start|p2b: Politoed|move: Heal Block
|cant|p2b: Politoed|slp
|
|-weather|RainDance|[upkeep]
|upkeep
|turn|7
|inactive|Battle timer is ON: inactive players will automatically lose when time's up. (requested by breloomb01)
|
|t:|1783087266
|move|p1b: Frank|Sleep Powder|p2a: Gengar
|-status|p2a: Gengar|slp|[from] move: Sleep Powder
|cant|p2a: Gengar|slp
|move|p1a: LA GIRAFFA|Grass Knot|p2b: Politoed
|-supereffective|p2b: Politoed|1
|-damage|p2b: Politoed|29/100 slp
|-curestatus|p2b: Politoed|slp|[msg]
|move|p2b: Politoed|Perish Song|p2b: Politoed
|-start|p1a: LA GIRAFFA|perish3|[silent]
|-start|p1b: Frank|perish3|[silent]
|-start|p2a: Gengar|perish3|[silent]
|-start|p2b: Politoed|perish3|[silent]
|-fieldactivate|move: Perish Song
|
|-weather|none
|-end|p2b: Politoed|move: Heal Block
|-start|p1b: Frank|perish3
|-start|p2a: Gengar|perish3
|-start|p1a: LA GIRAFFA|perish3
|-start|p2b: Politoed|perish3
|upkeep
|-enditem|p2b: Politoed|Sitrus Berry|[eat]
|-heal|p2b: Politoed|54/100|[from] item: Sitrus Berry
|turn|8
|
|t:|1783087289
|cant|p2a: Gengar|slp
|move|p2b: Politoed|Protect|p2b: Politoed
|-singleturn|p2b: Politoed|Protect
|move|p1b: Frank|Earth Power|p2a: Gengar
|-supereffective|p2a: Gengar|1
|-damage|p2a: Gengar|0 fnt
|faint|p2a: Gengar
|move|p1a: LA GIRAFFA|Grass Knot|p2b: Politoed
|-activate|p2b: Politoed|move: Protect
|
|-start|p1b: Frank|perish2
|-start|p1a: LA GIRAFFA|perish2
|-start|p2b: Politoed|perish2
|-sideend|p1: exessvgc|move: Tailwind
|upkeep
|
|t:|1783087295
|switch|p2a: Incineroar|Incineroar, L50, M, shiny|4/100
|-ability|p2a: Incineroar|Intimidate|boost
|-unboost|p1a: LA GIRAFFA|atk|1
|-unboost|p1b: Frank|atk|1
|turn|9
|-message|exessvgc forfeited.
|
|win|breloomb01
|raw|exessvgc's rating: 1307 → 1285(-22 for losing)
|raw|breloomb01's rating: 1278 → 1305(+27 for winning)
|l|☆exessvgc
|player|p1|
|j|☆exessvgc
|player|p1|exessvgc|1|
|l|☆exessvgc
|player|p1|
|j|☆exessvgc
|player|p1|exessvgc|1|
