|j|☆Malgooee
|j|☆turts327
|html|Malgooeeturts327    
|uhtml|bestof|Game 2 of a best-of-3
|t:|1782318010
|gametype|doubles
|player|p1|Malgooee|1|1036
|player|p2|turts327|unknown|1045
|gen|9
|tier|[Gen 9 Champions] VGC 2026 Reg M-B (Bo3)
|rated|
|rule|Species Clause: Limit one of each Pokémon
|rule|Item Clause: Limit 1 of each item
|clearpoke
|poke|p1|Gengar, L50, F|
|poke|p1|Sableye, L50, M|
|poke|p1|Milotic, L50, M|
|poke|p1|Swampert, L50, M|
|poke|p1|Whimsicott, L50, F|
|poke|p1|Grimmsnarl, L50, M|
|poke|p2|Raichu, L50, M|
|poke|p2|Farigiraf, L50, F|
|poke|p2|Dragonite, L50, M|
|poke|p2|Toxapex, L50, F|
|poke|p2|Incineroar, L50, F|
|poke|p2|Corviknight, L50, F|
|teampreview|4
|showteam|p1|Gengar||Gengarite|CursedBody|Protect,PerishSong,ShadowBall,ReflectType|Modest||F|||50|]Sableye||SitrusBerry|Prankster|RainDance,FakeOut,Disable,ThunderWave|Careful||M|||50|]Milotic||Leftovers|Competitive|Hypnosis,Coil,MuddyWater,Protect|Bold||M|||50|]Swampert||Swampertite|Torrent|Protect,Earthquake,WaveCrash,BulkUp|Jolly||M|||50|]Whimsicott||FocusSash|Prankster|Protect,Encore,FakeTears,DazzlingGleam|Timid||F|||50|]Grimmsnarl||LightClay|Prankster|FakeOut,PartingShot,Reflect,FoulPlay|Careful||M|||50|
|showteam|p2|Raichu||RaichuniteY|LightningRod|Protect,FocusBlast,ZapCannon,VoltSwitch|Modest||M|||50|]Farigiraf||SitrusBerry|ArmorTail|Protect,HyperVoice,NastyPlot,Imprison|Bold||F|||50|]Dragonite||LifeOrb|Multiscale|Protect,ExtremeSpeed,StoneEdge,BreakingSwipe|Adamant||M|||50|]Toxapex||Leftovers|Merciless|BanefulBunker,WideGuard,Toxic,Infestation|Bold||F|||50|]Incineroar||ChartiBerry|Intimidate|FakeOut,FlareBlitz,ThroatChop,PartingShot|Impish||F|||50|]Corviknight||LightClay|MirrorArmor|Reflect,IronDefense,BodyPress,LightScreen|Bold||F|||50|
|inactive|Battle timer is ON: inactive players will automatically lose when time's up. (requested by turts327)
|inactive|Malgooee also wants the timer to be on.
|
|t:|1782318040
|teamsize|p1|4
|teamsize|p2|4
|start
|switch|p1a: Swampert|Swampert, L50, M|100/100
|switch|p1b: Sableye|Sableye, L50, M|100/100
|switch|p2a: Incineroar|Incineroar, L50, F|100/100
|switch|p2b: Raichu|Raichu, L50, M|100/100
|-ability|p2a: Incineroar|Intimidate|boost
|-unboost|p1a: Swampert|atk|1
|-unboost|p1b: Sableye|atk|1
|turn|1
|inactive|turts327 has 30 seconds left.
|
|t:|1782318071
|detailschange|p2b: Raichu|Raichu-Mega-Y, L50, M
|-mega|p2b: Raichu|Raichu|Raichunite Y
|move|p2a: Incineroar|Fake Out|p1a: Swampert
|-damage|p1a: Swampert|87/100
|move|p1b: Sableye|Fake Out|p2b: Raichu
|-damage|p2b: Raichu|90/100
|cant|p2b: Raichu|flinch
|cant|p1a: Swampert|flinch
|
|upkeep
|turn|2
|inactive|turts327 has 30 seconds left.
|
|t:|1782318099
|move|p2b: Raichu|Protect|p2b: Raichu
|-singleturn|p2b: Raichu|Protect
|move|p1b: Sableye|Rain Dance|p1b: Sableye
|-weather|RainDance
|move|p1a: Swampert|Earthquake|p2a: Incineroar|[spread] p1b,p2a
|-activate|p2b: Raichu|move: Protect
|-supereffective|p2a: Incineroar|1
|-damage|p1b: Sableye|71/100
|-damage|p2a: Incineroar|64/100
|move|p2a: Incineroar|Parting Shot|p1a: Swampert
|-unboost|p1a: Swampert|atk|1
|-unboost|p1a: Swampert|spa|1
|
|t:|1782318111
|switch|p2a: Dragonite|Dragonite, L50, M|100/100|[from] Parting Shot
|
|-weather|RainDance|[upkeep]
|upkeep
|turn|3
|
|t:|1782318135
|switch|p1a: Milotic|Milotic, L50, M|100/100
|move|p1b: Sableye|Thunder Wave|p2a: Dragonite
|-status|p2a: Dragonite|par
|move|p2b: Raichu|Zap Cannon|p1a: Milotic
|-supereffective|p1a: Milotic|1
|-damage|p1a: Milotic|0 fnt
|faint|p1a: Milotic
|move|p2a: Dragonite|Breaking Swipe|p1b: Sableye
|-damage|p1b: Sableye|15/100
|-unboost|p1b: Sableye|atk|1
|-enditem|p1b: Sableye|Sitrus Berry|[eat]
|-heal|p1b: Sableye|40/100|[from] item: Sitrus Berry
|-damage|p2a: Dragonite|90/100 par|[from] item: Life Orb
|
|-weather|RainDance|[upkeep]
|upkeep
|
|t:|1782318144
|switch|p1a: Swampert|Swampert, L50, M|87/100
|turn|4
|
|t:|1782318157
|move|p1b: Sableye|Disable|p2b: Raichu
|-start|p2b: Raichu|Disable|Zap Cannon
|move|p2b: Raichu|Volt Switch|p1b: Sableye
|-damage|p1b: Sableye|0 fnt
|faint|p1b: Sableye
|
|t:|1782318163
|switch|p2b: Incineroar|Incineroar, L50, F|64/100|[from] Volt Switch
|-ability|p2b: Incineroar|Intimidate|boost
|-unboost|p1a: Swampert|atk|1
|move|p1a: Swampert|Bulk Up|p1a: Swampert
|-boost|p1a: Swampert|atk|1
|-boost|p1a: Swampert|def|1
|move|p2a: Dragonite|Breaking Swipe|p1a: Swampert
|-damage|p1a: Swampert|54/100
|-unboost|p1a: Swampert|atk|1
|-damage|p2a: Dragonite|80/100 par|[from] item: Life Orb
|
|-weather|RainDance|[upkeep]
|upkeep
|
|t:|1782318167
|switch|p1b: Gengar|Gengar, L50, F|100/100
|turn|5
|
|t:|1782318184
|detailschange|p1b: Gengar|Gengar-Mega, L50, F
|-mega|p1b: Gengar|Gengar|Gengarite
|move|p1a: Swampert|Protect|p1a: Swampert
|-singleturn|p1a: Swampert|Protect
|move|p1b: Gengar|Shadow Ball|p2a: Dragonite
|-damage|p2a: Dragonite|28/100 par
|move|p2b: Incineroar|Parting Shot|p1b: Gengar
|-unboost|p1b: Gengar|atk|1
|-unboost|p1b: Gengar|spa|1
|
|t:|1782318196
|switch|p2b: Raichu|Raichu-Mega-Y, L50, M|90/100|[from] Parting Shot
|move|p2a: Dragonite|Breaking Swipe|p1b: Gengar|[spread] p1b
|-activate|p1a: Swampert|move: Protect
|-damage|p1b: Gengar|45/100
|-unboost|p1b: Gengar|atk|1
|-damage|p2a: Dragonite|19/100 par|[from] item: Life Orb
|
|-weather|RainDance|[upkeep]
|upkeep
|turn|6
|
|t:|1782318219
|move|p2b: Raichu|Protect|p2b: Raichu
|-singleturn|p2b: Raichu|Protect
|move|p1b: Gengar|Protect|p1b: Gengar
|-singleturn|p1b: Gengar|Protect
|move|p2a: Dragonite|Extreme Speed|p1a: Swampert
|-damage|p1a: Swampert|23/100
|-damage|p2a: Dragonite|9/100 par|[from] item: Life Orb
|move|p1a: Swampert|Earthquake|p2b: Raichu|[spread] 
|-activate|p1b: Gengar|move: Protect
|-activate|p2b: Raichu|move: Protect
|-immune|p2a: Dragonite
|
|-weather|none
|upkeep
|turn|7
|
|t:|1782318234
|move|p1a: Swampert|Protect|p1a: Swampert
|-singleturn|p1a: Swampert|Protect
|move|p2a: Dragonite|Extreme Speed|p1a: Swampert
|-activate|p1a: Swampert|move: Protect
|move|p1b: Gengar|Shadow Ball|p2a: Dragonite
|-damage|p2a: Dragonite|0 fnt
|faint|p2a: Dragonite
|move|p2b: Raichu|Zap Cannon|p1b: Gengar
|-damage|p1b: Gengar|0 fnt
|faint|p1b: Gengar
|
|upkeep
|
|t:|1782318243
|switch|p2a: Incineroar|Incineroar, L50, F|64/100
|-ability|p2a: Incineroar|Intimidate|boost
|-unboost|p1a: Swampert|atk|1
|turn|8
|
|t:|1782318247
|move|p1a: Swampert|Protect||[still]
|-fail|p1a: Swampert
|move|p2a: Incineroar|Fake Out|p1a: Swampert
|-damage|p1a: Swampert|15/100
|move|p2b: Raichu|Focus Blast|p1a: Swampert
|-damage|p1a: Swampert|0 fnt
|faint|p1a: Swampert
|
|win|turts327
||turts327 is ready for game 3.
||Malgooee is ready for game 3.
|uhtml|next|Next: Game 3 of 3
|l|☆Malgooee
|player|p1|
