|j|☆parsley<3
|j|☆LeonardPlayz
|html|parsley<3LeonardPlayz    
|uhtml|bestof|Game 3 of a best-of-3
|t:|1755319585
|gametype|doubles
|player|p1|parsley<3|lacey|1234
|player|p2|LeonardPlayz|hilbert-wonderlauncher|1307
|gen|9
|tier|[Gen 9] VGC 2025 Reg H (Bo3)
|rated|
|rule|Species Clause: Limit one of each Pokémon
|rule|Item Clause: Limit 1 of each item
|clearpoke
|poke|p1|Maushold, L50|
|poke|p1|Annihilape, L50, F|
|poke|p1|Grimmsnarl, L50, M|
|poke|p1|Gholdengo, L50|
|poke|p1|Dragonite, L50, F|
|poke|p1|Garchomp, L50, M|
|poke|p2|Murkrow, L50, M|
|poke|p2|Gholdengo, L50|
|poke|p2|Rillaboom, L50, F|
|poke|p2|Clefable, L50, M|
|poke|p2|Annihilape, L50, F|
|poke|p2|Lanturn, L50, F|
|teampreview|4
|showteam|p1|Maushold||WideLens|FriendGuard|PopulationBomb,BeatUp,Protect,FollowMe||||||50|,,,,,Ghost]Annihilape||Leftovers|Defiant|RageFist,DrainPunch,Protect,BulkUp|||F|||50|,,,,,Fire]Grimmsnarl||LightClay|Prankster|ThunderWave,LightScreen,SpiritBreak,Reflect|||M|||50|,,,,,Ghost]Gholdengo||MetalCoat|GoodasGold|MakeItRain,ShadowBall,Protect,NastyPlot||||||50|,,,,,Water]Dragonite||LoadedDice|Multiscale|ScaleShot,Tailwind,Protect,Haze|||F|||50|,,,,,Fairy]Garchomp||LifeOrb|RoughSkin|StompingTantrum,Earthquake,Protect,DragonClaw|||M|||50|,,,,,Ground
|showteam|p2|Murkrow||Eviolite|Prankster|Tailwind,FoulPlay,Haze,IcyWind|||M|||50|,,,,,Ghost]Gholdengo||ChoiceSpecs|GoodasGold|MakeItRain,ShadowBall,DazzlingGleam,Thunderbolt||||||50|,,,,,Fairy]Rillaboom||AssaultVest|GrassySurge|FakeOut,GrassyGlide,WoodHammer,Uturn|||F|||50|,,,,,Fire]Clefable||SafetyGoggles|Unaware|FollowMe,Moonblast,AfterYou,Protect|||M|||50|,,,,,Dark]Annihilape||Leftovers|Defiant|RageFist,DrainPunch,BulkUp,Protect|||F|||50|,,,,,Fire]Lanturn||LifeOrb|VoltAbsorb|IceBeam,Thunderbolt,Scald,Protect|||F|||50|,,,,,Flying
|inactive|Battle timer is ON: inactive players will automatically lose when time's up. (requested by LeonardPlayz)
|j| SupernovaSZ8
|inactive|parsley<3 has 60 seconds left.
|inactive|LeonardPlayz has 60 seconds left.
|inactive|LeonardPlayz has 30 seconds left.
|
|t:|1755319653
|teamsize|p1|4
|teamsize|p2|4
|start
|switch|p1a: angsty teenage son|Annihilape, L50, F|100/100
|switch|p1b: hetero couple|Maushold, L50|100/100
|switch|p2a: Over Here|Clefable, L50, M|100/100
|switch|p2b: Business|Rillaboom, L50, F|100/100
|-fieldstart|move: Grassy Terrain|[from] ability: Grassy Surge|[of] p2b: Business
|turn|1
|
|t:|1755319669
|move|p1b: hetero couple|Protect|p1b: hetero couple
|-singleturn|p1b: hetero couple|Protect
|move|p1a: angsty teenage son|Protect|p1a: angsty teenage son
|-singleturn|p1a: angsty teenage son|Protect
|move|p2a: Over Here|Follow Me|p2a: Over Here
|-singleturn|p2a: Over Here|move: Follow Me
|move|p2b: Business|Wood Hammer|p1b: hetero couple
|-activate|p1b: hetero couple|move: Protect
|
|upkeep
|turn|2
|
|t:|1755319686
|-terastallize|p1a: angsty teenage son|Fire
|move|p1b: hetero couple|Beat Up|p1a: angsty teenage son
|-damage|p1a: angsty teenage son|97/100
|-damage|p1a: angsty teenage son|95/100
|-damage|p1a: angsty teenage son|93/100
|-damage|p1a: angsty teenage son|89/100
|-hitcount|p1a: angsty teenage son|4
|move|p1a: angsty teenage son|Rage Fist|p2b: Business
|-damage|p2b: Business|13/100
|move|p2b: Business|Wood Hammer|p1a: angsty teenage son
|-resisted|p1a: angsty teenage son
|-damage|p1a: angsty teenage son|60/100
|-damage|p2b: Business|3/100|[from] Recoil
|move|p2a: Over Here|Moonblast|p1a: angsty teenage son
|-resisted|p1a: angsty teenage son
|-damage|p1a: angsty teenage son|50/100
|
|-heal|p1a: angsty teenage son|56/100|[from] Grassy Terrain
|-heal|p1a: angsty teenage son|62/100|[from] item: Leftovers
|-heal|p2b: Business|9/100|[from] Grassy Terrain
|upkeep
|turn|3
|
|t:|1755319710
|move|p2a: Over Here|Follow Me|p2a: Over Here
|-singleturn|p2a: Over Here|move: Follow Me
|move|p1b: hetero couple|Beat Up|p2a: Over Here
|-resisted|p2a: Over Here
|-damage|p2a: Over Here|99/100
|-resisted|p2a: Over Here
|-damage|p2a: Over Here|97/100
|-resisted|p2a: Over Here
|-damage|p2a: Over Here|96/100
|-resisted|p2a: Over Here
|-damage|p2a: Over Here|94/100
|-hitcount|p2a: Over Here|4
|move|p1a: angsty teenage son|Rage Fist|p2a: Over Here
|-damage|p2a: Over Here|0 fnt
|faint|p2a: Over Here
|move|p2b: Business|Wood Hammer|p1b: hetero couple
|-damage|p1b: hetero couple|0 fnt
|faint|p1b: hetero couple
|-damage|p2b: Business|0 fnt|[from] Recoil
|faint|p2b: Business
|
|-heal|p1a: angsty teenage son|68/100|[from] Grassy Terrain
|-heal|p1a: angsty teenage son|74/100|[from] item: Leftovers
|upkeep
|
|t:|1755319721
|switch|p1b: homosexual 1|Dragonite, L50, F|100/100
|switch|p2b: Bit|Gholdengo, L50|100/100
|switch|p2a: Inturnet|Lanturn, L50, F|100/100
|turn|4
|c|☆parsley<3|strange to not bring murk
|inactive|LeonardPlayz has 30 seconds left.
|inactive|LeonardPlayz has 20 seconds left.
|c|☆LeonardPlayz|the krow has murked enough
|inactive|LeonardPlayz has 15 seconds left.
|inactive|LeonardPlayz has 10 seconds left.
|inactive|LeonardPlayz has 5 seconds left.
|
|t:|1755319773
|-terastallize|p2b: Bit|Fairy
|move|p1a: angsty teenage son|Rage Fist|p2b: Bit
|-damage|p2b: Bit|0 fnt
|faint|p2b: Bit
|move|p1b: homosexual 1|Scale Shot|p2a: Inturnet
|-damage|p2a: Inturnet|85/100
|-damage|p2a: Inturnet|69/100
|-damage|p2a: Inturnet|52/100
|-damage|p2a: Inturnet|36/100
|-damage|p2a: Inturnet|21/100
|-hitcount|p2a: Inturnet|5
|-unboost|p1b: homosexual 1|def|1
|-boost|p1b: homosexual 1|spe|1
|move|p2a: Inturnet|Ice Beam|p1b: homosexual 1
|-supereffective|p1b: homosexual 1
|-damage|p1b: homosexual 1|38/100
|-damage|p2a: Inturnet|11/100|[from] item: Life Orb
|
|-heal|p1a: angsty teenage son|80/100|[from] Grassy Terrain
|-heal|p1a: angsty teenage son|86/100|[from] item: Leftovers
|-heal|p2a: Inturnet|17/100|[from] Grassy Terrain
|upkeep
|turn|5
|l| SupernovaSZ8
|inactive|parsley<3 has 30 seconds left.
|inactive|LeonardPlayz has 30 seconds left.
|
|t:|1755319803
|move|p2a: Inturnet|Protect|p2a: Inturnet
|-singleturn|p2a: Inturnet|Protect
|move|p1b: homosexual 1|Haze|p1b: homosexual 1
|-clearallboost
|move|p1a: angsty teenage son|Rage Fist|p2a: Inturnet
|-activate|p2a: Inturnet|move: Protect
|
|-heal|p1a: angsty teenage son|92/100|[from] Grassy Terrain
|-heal|p1a: angsty teenage son|98/100|[from] item: Leftovers
|-heal|p2a: Inturnet|23/100|[from] Grassy Terrain
|-fieldend|move: Grassy Terrain
|upkeep
|turn|6
|j| Tindall64
|c|☆LeonardPlayz|need more practice in this specific matchup that's for sure
|c|☆parsley<3|yeah mausape is pretty strong
|inactive|LeonardPlayz has 30 seconds left.
|inactive|LeonardPlayz has 20 seconds left.
|c|☆LeonardPlayz|I know it's strong but I just need to figure out the lead is all
|
|t:|1755319840
|switch|p1b: capitalism|Gholdengo, L50|100/100
|move|p1a: angsty teenage son|Rage Fist|p2a: Inturnet
|-damage|p2a: Inturnet|0 fnt
|faint|p2a: Inturnet
|
|win|parsley<3
|raw|parsley<3's rating: 1234 → 1264(+30 for winning)
|raw|LeonardPlayz's rating: 1307 → 1283(-24 for losing)
