|j|☆precisiondepicasso
|j|☆ShadowArachne
|html|precisiondepicassoShadowArachne    
|uhtml|bestof|Game 1 of a best-of-3
|t:|1782409937
|gametype|doubles
|player|p1|precisiondepicasso|cyclistf-gen4|1156
|player|p2|ShadowArachne|sabrina|1040
|gen|9
|tier|[Gen 9 Champions] VGC 2026 Reg M-B (Bo3)
|rated|
|rule|Species Clause: Limit one of each Pokémon
|rule|Item Clause: Limit 1 of each item
|clearpoke
|poke|p1|Aerodactyl, L50, M|
|poke|p1|Garchomp, L50, M|
|poke|p1|Kingambit, L50, M|
|poke|p1|Charizard, L50, M|
|poke|p1|Sylveon, L50, M|
|poke|p1|Farigiraf, L50, M|
|poke|p2|Farigiraf, L50, M|
|poke|p2|Ceruledge, L50, M|
|poke|p2|Lucario, L50, F|
|poke|p2|Whimsicott, L50, M|
|poke|p2|Meowscarada, L50, M|
|poke|p2|Raichu, L50, M|
|teampreview|4
|showteam|p1|Aerodactyl||Aerodactylite|Unnerve|IceFang,RockSlide,Tailwind,DualWingbeat|Jolly||M|||50|]Garchomp||LifeOrb|RoughSkin|DragonClaw,StompingTantrum,Earthquake,Protect|Jolly||M|||50|]Kingambit||FocusSash|Defiant|SuckerPunch,KowtowCleave,IronHead,LowKick|Adamant||M|||50|]Charizard||CharizarditeY|Blaze|Protect,WeatherBall,HeatWave,SolarBeam|Modest||M|||50|]Sylveon||FairyFeather|Pixilate|Protect,HyperVoice,HyperBeam,QuickAttack|Modest||M|||50|]Farigiraf||SitrusBerry|ArmorTail|TrickRoom,Thunderbolt,Roar,TwinBeam|Bold||M|||50|
|showteam|p2|Farigiraf||TwistedSpoon|ArmorTail|Psychic,EnergyBall,TrickRoom,Protect|Quiet||M|||50|]Ceruledge||LifeOrb|FlashFire|BitterBlade,PoisonJab,Poltergeist,Protect|Adamant||M|||50|]Lucario||Lucarionite|InnerFocus|BulletPunch,DrainPunch,MeteorMash,Detect|Adamant||F|||50|]Whimsicott||FairyFeather|Prankster|Moonblast,Tailwind,TrickRoom,Protect|Bold||M|||50|]Meowscarada||ChoiceScarf|Protean|Uturn,FlowerTrick,KnockOff,TripleAxel|Adamant||M|||50|]Raichu||RaichuniteY|LightningRod|FakeOut,Protect,ZapCannon,DazzlingGleam|Timid||M|||50|
|inactive|Battle timer is ON: inactive players will automatically lose when time's up. (requested by precisiondepicasso)
|inactive|precisiondepicasso has 60 seconds left.
|
|t:|1782409997
|teamsize|p1|4
|teamsize|p2|4
|start
|switch|p1a: Kingambit|Kingambit, L50, M|100/100
|switch|p1b: Aerodactyl|Aerodactyl, L50, M|100/100
|switch|p2a: Ceruledge|Ceruledge, L50, M|100/100
|switch|p2b: Whimsicott|Whimsicott, L50, M|100/100
|-ability|p1b: Aerodactyl|Unnerve
|turn|1
|inactive|ShadowArachne has 30 seconds left.
|
|t:|1782410032
|switch|p2a: Lucario|Lucario, L50, F|100/100
|detailschange|p1b: Aerodactyl|Aerodactyl-Mega, L50, M
|-mega|p1b: Aerodactyl|Aerodactyl|Aerodactylite
|move|p2b: Whimsicott|Protect|p2b: Whimsicott
|-singleturn|p2b: Whimsicott|Protect
|move|p1a: Kingambit|Sucker Punch||[still]
|-fail|p1a: Kingambit
|move|p1b: Aerodactyl|Tailwind|p1b: Aerodactyl
|-sidestart|p1: precisiondepicasso|move: Tailwind
|
|upkeep
|turn|2
|inactive|ShadowArachne has 30 seconds left.
|inactive|precisiondepicasso has 30 seconds left.
|
|t:|1782410070
|switch|p1b: Farigiraf|Farigiraf, L50, M|100/100
|detailschange|p2a: Lucario|Lucario-Mega, L50, F
|-mega|p2a: Lucario|Lucario|Lucarionite
|move|p2b: Whimsicott|Tailwind|p2b: Whimsicott
|-sidestart|p2: ShadowArachne|move: Tailwind
|move|p2a: Lucario|Drain Punch|p1a: Kingambit
|-supereffective|p1a: Kingambit|2
|-enditem|p1a: Kingambit|Focus Sash
|-damage|p1a: Kingambit|1/100
|move|p1a: Kingambit|Iron Head|p2b: Whimsicott
|-supereffective|p2b: Whimsicott|1
|-damage|p2b: Whimsicott|0 fnt
|faint|p2b: Whimsicott
|
|upkeep
|
|t:|1782410089
|switch|p2b: Meowscarada|Meowscarada, L50, M|100/100
|turn|3
|
|t:|1782410101
|move|p2a: Lucario|Bullet Punch||[still]
|cant|p1b: Farigiraf|ability: Armor Tail|Bullet Punch|[of] p2a: Lucario
|move|p1a: Kingambit|Sucker Punch||[still]
|-fail|p1a: Kingambit
|move|p2b: Meowscarada|U-turn|p1b: Farigiraf
|-start|p2b: Meowscarada|typechange|Bug|[from] ability: Protean
|-supereffective|p1b: Farigiraf|1
|-damage|p1b: Farigiraf|42/100
|-enditem|p1b: Farigiraf|Sitrus Berry|[eat]
|-heal|p1b: Farigiraf|67/100|[from] item: Sitrus Berry
|
|t:|1782410115
|switch|p2b: Ceruledge|Ceruledge, L50, M|100/100|[from] U-turn
|move|p1b: Farigiraf|Trick Room|p1b: Farigiraf
|-fieldstart|move: Trick Room|[of] p1b: Farigiraf
|
|upkeep
|turn|4
|
|t:|1782410132
|move|p2b: Ceruledge|Protect|p2b: Ceruledge
|-singleturn|p2b: Ceruledge|Protect
|move|p2a: Lucario|Detect|p2a: Lucario
|-singleturn|p2a: Lucario|Protect
|move|p1b: Farigiraf|Twin Beam|p2a: Lucario
|-activate|p2a: Lucario|move: Protect
|move|p1a: Kingambit|Kowtow Cleave|p2b: Ceruledge
|-activate|p2b: Ceruledge|move: Protect
|
|-sideend|p1: precisiondepicasso|move: Tailwind
|upkeep
|turn|5
|inactive|ShadowArachne has 30 seconds left.
|
|t:|1782410158
|switch|p2b: Meowscarada|Meowscarada, L50, M|100/100
|move|p1b: Farigiraf|Twin Beam|p2a: Lucario
|-damage|p2a: Lucario|81/100
|-damage|p2a: Lucario|60/100
|-hitcount|p2a: Lucario|2
|move|p1a: Kingambit|Kowtow Cleave|p2b: Meowscarada
|-resisted|p2b: Meowscarada|1
|-damage|p2b: Meowscarada|68/100
|move|p2a: Lucario|Meteor Mash|p1b: Farigiraf
|-damage|p1b: Farigiraf|5/100
|
|-sideend|p2: ShadowArachne|move: Tailwind
|upkeep
|turn|6
|inactive|ShadowArachne has 30 seconds left.
|inactive|ShadowArachne has 20 seconds left.
|inactive|ShadowArachne has 15 seconds left.
|
|t:|1782410198
|move|p2a: Lucario|Detect|p2a: Lucario
|-singleturn|p2a: Lucario|Protect
|move|p1b: Farigiraf|Twin Beam|p2a: Lucario
|-activate|p2a: Lucario|move: Protect
|move|p1a: Kingambit|Iron Head|p2b: Meowscarada
|-damage|p2b: Meowscarada|2/100
|move|p2b: Meowscarada|U-turn|p1a: Kingambit
|-start|p2b: Meowscarada|typechange|Bug|[from] ability: Protean
|-damage|p1a: Kingambit|0 fnt
|faint|p1a: Kingambit
|
|t:|1782410215
|switch|p2b: Ceruledge|Ceruledge, L50, M|100/100|[from] U-turn
|
|upkeep
|
|t:|1782410218
|switch|p1a: Sylveon|Sylveon, L50, M|100/100
|turn|7
|
|t:|1782410231
|move|p1b: Farigiraf|Twin Beam|p2b: Ceruledge
|-damage|p2b: Ceruledge|81/100
|-crit|p2b: Ceruledge
|-damage|p2b: Ceruledge|57/100
|-hitcount|p2b: Ceruledge|2
|move|p1a: Sylveon|Hyper Voice|p2b: Ceruledge|[spread] p2a,p2b
|-resisted|p2b: Ceruledge|1
|-damage|p2a: Lucario|1/100
|-damage|p2b: Ceruledge|32/100
|move|p2b: Ceruledge|Bitter Blade|p1b: Farigiraf
|-damage|p1b: Farigiraf|0 fnt
|-heal|p2b: Ceruledge|36/100|[from] drain|[of] p1b: Farigiraf
|faint|p1b: Farigiraf
|-damage|p2b: Ceruledge|26/100|[from] item: Life Orb
|move|p2a: Lucario|Meteor Mash|p1a: Sylveon
|-supereffective|p1a: Sylveon|1
|-damage|p1a: Sylveon|0 fnt
|faint|p1a: Sylveon
|
|-fieldend|move: Trick Room
|upkeep
|
|t:|1782410249
|switch|p1b: Aerodactyl|Aerodactyl-Mega, L50, M|100/100
|turn|8
|
|t:|1782410271
|move|p2a: Lucario|Bullet Punch|p1b: Aerodactyl
|-supereffective|p1b: Aerodactyl|1
|-damage|p1b: Aerodactyl|23/100
|move|p1b: Aerodactyl|Tailwind|p1b: Aerodactyl
|-sidestart|p1: precisiondepicasso|move: Tailwind
|move|p2b: Ceruledge|Bitter Blade|p1b: Aerodactyl
|-resisted|p1b: Aerodactyl|1
|-damage|p1b: Aerodactyl|0 fnt
|-heal|p2b: Ceruledge|39/100|[from] drain|[of] p1b: Aerodactyl
|faint|p1b: Aerodactyl
|-damage|p2b: Ceruledge|29/100|[from] item: Life Orb
|
|win|ShadowArachne
||precisiondepicasso is ready for game 2.
|inactive|ShadowArachne has 30 seconds to confirm battle start!
||ShadowArachne is ready for game 2.
|uhtml|next|Next: Game 2 of 3
