|j|☆abadanriyi92
|j|☆TransGirlChomp1
|html|abadanriyi92TransGirlChomp1    
|uhtml|bestof|Game 3 of a best-of-3
|t:|1784339734
|gametype|doubles
|player|p1|abadanriyi92|scientist|1213
|player|p2|TransGirlChomp1|skierf|1196
|gen|9
|tier|[Gen 9 Champions] VGC 2026 Reg M-B (Bo3)
|rated|
|rule|Species Clause: Limit one of each Pokémon
|rule|Item Clause: Limit 1 of each item
|clearpoke
|poke|p1|Gengar, L50, M|
|poke|p1|Archaludon, L50, M|
|poke|p1|Politoed, L50, F|
|poke|p1|Swampert, L50, M|
|poke|p1|Vivillon-Fancy, L50, M|
|poke|p1|Incineroar, L50, F|
|poke|p2|Garchomp, L50, F|
|poke|p2|Tyranitar, L50, M|
|poke|p2|Gholdengo, L50|
|poke|p2|Venusaur, L50, F|
|poke|p2|Incineroar, L50, M|
|poke|p2|Milotic, L50, F|
|teampreview|4
|showteam|p1|Gengar||Gengarite|CursedBody|ShadowBall,SludgeBomb,PerishSong,Protect|Modest||M|||50|]Archaludon||Leftovers|Stamina|ElectroShot,DragonPulse,FlashCannon,Protect|Bold||M|||50|]Politoed||SitrusBerry|Drizzle|WeatherBall,Hypnosis,PerishSong,Protect|Calm||F|||50|]Swampert||Swampertite|Torrent|WaveCrash,Earthquake,IcePunch,Protect|Adamant||M|||50|]Vivillon-Fancy||FocusSash|CompoundEyes|Hurricane,SleepPowder,RagePowder,Protect|Timid||M|||50|]Incineroar||PasshoBerry|Intimidate|ThroatChop,FakeOut,PartingShot,Protect|Impish||F|||50|
|showteam|p2|Garchomp||Garchompite|SandVeil|EarthPower,DragonPulse,PowerGem,Protect|Modest||F|||50|]Tyranitar||ChoiceScarf|SandStream|RockSlide,KnockOff,LowKick,IcyWind|Quirky||M|||50|]Gholdengo||LifeOrb|GoodasGold|MakeItRain,ShadowBall,NastyPlot,Protect|Modest|||||50|]Venusaur||Venusaurite|Chlorophyll|GigaDrain,SludgeBomb,LeechSeed,Protect|Modest||F|||50|]Incineroar||PasshoBerry|Intimidate|FakeOut,FlareBlitz,ThroatChop,PartingShot|Careful||M|||50|]Milotic||Leftovers|Competitive|Scald,IcyWind,Haze,Protect|Modest||F|||50|
|inactive|Battle timer is ON: inactive players will automatically lose when time's up. (requested by TransGirlChomp1)
|inactive|abadanriyi92 has 60 seconds left.
|
|t:|1784339775
|teamsize|p1|4
|teamsize|p2|4
|start
|switch|p1a: Archaludon|Archaludon, L50, M|100/100
|switch|p1b: Vivillon|Vivillon-Fancy, L50, M|100/100
|switch|p2a: Incineroar|Incineroar, L50, M|100/100
|switch|p2b: Tyranitar|Tyranitar, L50, M|100/100
|-weather|Sandstorm|[from] ability: Sand Stream|[of] p2b: Tyranitar
|-ability|p2a: Incineroar|Intimidate|boost
|-unboost|p1a: Archaludon|atk|1
|-unboost|p1b: Vivillon|atk|1
|turn|1
|inactive|TransGirlChomp1 has 30 seconds left.
|inactive|TransGirlChomp1 has 20 seconds left.
|inactive|TransGirlChomp1 has 15 seconds left.
|
|t:|1784339820
|switch|p1b: Politoed|Politoed, L50, F|100/100
|-weather|RainDance|[from] ability: Drizzle|[of] p1b: Politoed
|move|p2b: Tyranitar|Rock Slide|p1a: Archaludon|[spread] p1a,p1b
|-resisted|p1a: Archaludon|1
|-damage|p1a: Archaludon|90/100
|-damage|p1b: Politoed|70/100
|-ability|p1a: Archaludon|Stamina|boost
|-boost|p1a: Archaludon|def|1
|move|p1a: Archaludon|Electro Shot||[still]
|-prepare|p1a: Archaludon|Electro Shot
|-boost|p1a: Archaludon|spa|1
|-anim|p1a: Archaludon|Electro Shot|p2a: Incineroar
|-damage|p2a: Incineroar|58/100
|move|p2a: Incineroar|Parting Shot|p1a: Archaludon
|-unboost|p1a: Archaludon|atk|1
|-unboost|p1a: Archaludon|spa|1
|
|t:|1784339829
|switch|p2a: Gholdengo|Gholdengo, L50|100/100|[from] Parting Shot
|
|-weather|RainDance|[upkeep]
|-heal|p1a: Archaludon|96/100|[from] item: Leftovers
|upkeep
|turn|2
|inactive|abadanriyi92 has 30 seconds left.
|inactive|abadanriyi92 has 20 seconds left.
|inactive|abadanriyi92 has 15 seconds left.
|
|t:|1784339873
|switch|p2b: Venusaur|Venusaur, L50, F|100/100
|move|p2a: Gholdengo|Protect|p2a: Gholdengo
|-singleturn|p2a: Gholdengo|Protect
|move|p1b: Politoed|Protect|p1b: Politoed
|-singleturn|p1b: Politoed|Protect
|move|p1a: Archaludon|Flash Cannon|p2b: Venusaur
|-damage|p2b: Venusaur|68/100
|
|-weather|RainDance|[upkeep]
|-heal|p1a: Archaludon|100/100|[from] item: Leftovers
|upkeep
|turn|3
|inactive|abadanriyi92 has 30 seconds left.
|
|t:|1784339900
|switch|p2b: Tyranitar|Tyranitar, L50, M|100/100
|-weather|Sandstorm|[from] ability: Sand Stream|[of] p2b: Tyranitar
|switch|p1b: Vivillon|Vivillon-Fancy, L50, M|100/100
|move|p2a: Gholdengo|Nasty Plot|p2a: Gholdengo
|-boost|p2a: Gholdengo|spa|2
|move|p1a: Archaludon|Dragon Pulse|p2b: Tyranitar
|-damage|p2b: Tyranitar|76/100
|
|-weather|Sandstorm|[upkeep]
|-damage|p1b: Vivillon|94/100|[from] Sandstorm
|upkeep
|turn|4
|inactive|abadanriyi92 has 30 seconds left.
|
|t:|1784339934
|switch|p1b: Politoed|Politoed, L50, F|70/100
|-weather|RainDance|[from] ability: Drizzle|[of] p1b: Politoed
|move|p2b: Tyranitar|Rock Slide|p1a: Archaludon|[spread] p1a,p1b
|-resisted|p1a: Archaludon|1
|-damage|p1a: Archaludon|93/100
|-damage|p1b: Politoed|41/100
|-ability|p1a: Archaludon|Stamina|boost
|-boost|p1a: Archaludon|def|1
|-enditem|p1b: Politoed|Sitrus Berry|[eat]
|-heal|p1b: Politoed|66/100|[from] item: Sitrus Berry
|move|p2a: Gholdengo|Shadow Ball|p1a: Archaludon
|-damage|p1a: Archaludon|0 fnt
|faint|p1a: Archaludon
|-damage|p2a: Gholdengo|90/100|[from] item: Life Orb
|
|-weather|RainDance|[upkeep]
|upkeep
|
|t:|1784339952
|switch|p1a: Swampert|Swampert, L50, M|100/100
|turn|5
|
|t:|1784339960
|switch|p2b: Incineroar|Incineroar, L50, M|58/100
|-ability|p2b: Incineroar|Intimidate|boost
|-unboost|p1a: Swampert|atk|1
|-unboost|p1b: Politoed|atk|1
|switch|p1b: Vivillon|Vivillon-Fancy, L50, M|94/100
|detailschange|p1a: Swampert|Swampert-Mega, L50, M
|-mega|p1a: Swampert|Swampert|Swampertite
|move|p1a: Swampert|Earthquake|p2a: Gholdengo|[spread] p2a,p2b
|-immune|p1b: Vivillon
|-supereffective|p2a: Gholdengo|1
|-supereffective|p2b: Incineroar|1
|-damage|p2a: Gholdengo|27/100
|-damage|p2b: Incineroar|6/100
|move|p2a: Gholdengo|Shadow Ball|p1b: Vivillon
|-damage|p1b: Vivillon|0 fnt
|faint|p1b: Vivillon
|-damage|p2a: Gholdengo|17/100|[from] item: Life Orb
|
|-weather|RainDance|[upkeep]
|upkeep
|
|t:|1784339981
|switch|p1b: Politoed|Politoed, L50, F|66/100
|turn|6
|
|t:|1784339995
|move|p1b: Politoed|Protect|p1b: Politoed
|-singleturn|p1b: Politoed|Protect
|move|p2b: Incineroar|Fake Out|p1a: Swampert
|-damage|p1a: Swampert|89/100
|cant|p1a: Swampert|flinch
|move|p2a: Gholdengo|Shadow Ball|p1b: Politoed
|-activate|p1b: Politoed|move: Protect
|
|-weather|RainDance|[upkeep]
|upkeep
|turn|7
|
|t:|1784340012
|switch|p2b: Tyranitar|Tyranitar, L50, M|76/100
|-weather|Sandstorm|[from] ability: Sand Stream|[of] p2b: Tyranitar
|move|p1b: Politoed|Protect|p1b: Politoed
|-singleturn|p1b: Politoed|Protect
|move|p2a: Gholdengo|Shadow Ball|p1b: Politoed
|-activate|p1b: Politoed|move: Protect
|move|p1a: Swampert|Earthquake|p2a: Gholdengo|[spread] p2a,p2b
|-activate|p1b: Politoed|move: Protect
|-supereffective|p2a: Gholdengo|1
|-supereffective|p2b: Tyranitar|1
|-damage|p2a: Gholdengo|0 fnt
|-damage|p2b: Tyranitar|11/100
|faint|p2a: Gholdengo
|
|-weather|Sandstorm|[upkeep]
|-damage|p1b: Politoed|60/100|[from] Sandstorm
|upkeep
|
|t:|1784340020
|switch|p2a: Venusaur|Venusaur, L50, F|68/100
|turn|8
|
|t:|1784340045
|detailschange|p2a: Venusaur|Venusaur-Mega, L50, F
|-mega|p2a: Venusaur|Venusaur|Venusaurite
|move|p2b: Tyranitar|Icy Wind|p1a: Swampert|[spread] p1a,p1b
|-resisted|p1b: Politoed|1
|-damage|p1a: Swampert|81/100
|-damage|p1b: Politoed|57/100
|-unboost|p1a: Swampert|spe|1
|-unboost|p1b: Politoed|spe|1
|move|p2a: Venusaur|Giga Drain|p1b: Politoed
|-supereffective|p1b: Politoed|1
|-damage|p1b: Politoed|0 fnt
|-heal|p2a: Venusaur|98/100|[from] drain|[of] p1b: Politoed
|faint|p1b: Politoed
|move|p1a: Swampert|Ice Punch|p2a: Venusaur
|-supereffective|p2a: Venusaur|1
|-damage|p2a: Venusaur|79/100
|
|-weather|Sandstorm|[upkeep]
|-damage|p2a: Venusaur|73/100|[from] Sandstorm
|upkeep
|turn|9
|inactive|abadanriyi92 has 30 seconds left.
|-message|abadanriyi92 forfeited.
|
|win|TransGirlChomp1
|raw|abadanriyi92's rating: 1213 → 1187(-26 for losing)
|raw|TransGirlChomp1's rating: 1196 → 1222(+26 for winning)
