|j|☆jowemama
|j|☆Julio Potencia
|html|jowemamaJulio Potencia    
|uhtml|bestof|Game 1 of a best-of-3
|t:|1756564585
|gametype|doubles
|player|p1|jowemama|scientistf|1097
|player|p2|Julio Potencia|biker-gen4|1132
|gen|9
|tier|[Gen 9] VGC 2025 Reg H (Bo3)
|rated|
|rule|Species Clause: Limit one of each Pokémon
|rule|Item Clause: Limit 1 of each item
|clearpoke
|poke|p1|Pelipper, L50, F|
|poke|p1|Archaludon, L50, M|
|poke|p1|Dragonite, L50, F|
|poke|p1|Incineroar, L50, F|
|poke|p1|Ursaluna, L50, M|
|poke|p1|Sinistcha, L50|
|poke|p2|Typhlosion-Hisui, L50, F|
|poke|p2|Dragapult, L50, F|
|poke|p2|Lilligant-Hisui, L50, F|
|poke|p2|Whimsicott, L50, M|
|poke|p2|Torkoal, L50, M|
|poke|p2|Electabuzz, L50, F|
|teampreview|4
|showteam|p1|Pelipper||FocusSash|Drizzle|WeatherBall,Hurricane,Tailwind,Protect|||F|||50|,,,,,Ghost]Archaludon||AssaultVest|Stamina|FlashCannon,ElectroShot,BodyPress,Snarl|||M|||50|,,,,,Bug]Dragonite||LoadedDice|Multiscale|ScaleShot,Tailwind,Haze,Protect|||F|||50|,,,,,Fairy]Incineroar||SafetyGoggles|Intimidate|KnockOff,WillOWisp,PartingShot,FakeOut|||F|||50|,,,,,Bug]Ursaluna||FlameOrb|Guts|Facade,HeadlongRush,Earthquake,Protect|||M|||50|,,,,,Ghost]Sinistcha||SitrusBerry|Hospitality|MatchaGotcha,LifeDew,RagePowder,TrickRoom||||||50|,,,,,Dark
|showteam|p2|Typhlosion-Hisui||ChoiceSpecs|Frisk|FocusBlast,ShadowBall,HeatWave,Eruption|||F|||50|,,,,,Fire]Dragapult||ChoiceBand|ClearBody|DragonDarts,PhantomForce,Uturn,SuckerPunch|||F|||50|,,,,,Dragon]Lilligant-Hisui||FocusSash|Chlorophyll|LeafBlade,SleepPowder,AfterYou,CloseCombat|||F|||50|,,,,,Ghost]Whimsicott||CovertCloak|Prankster|Moonblast,Tailwind,SunnyDay,TrickRoom|||M|||50|,,,,,Dark]Torkoal||LifeOrb|Drought|Overheat,Eruption,WeatherBall,Protect|||M|||50|,,,,,Fire]Electabuzz||Eviolite|Static|FollowMe,VoltSwitch,Taunt,Feint|||F|||50|,,,,,Ghost
|inactive|Battle timer is ON: inactive players will automatically lose when time's up. (requested by jowemama)
|
|t:|1756564613
|teamsize|p1|4
|teamsize|p2|4
|start
|switch|p1a: Archaludon|Archaludon, L50, M|100/100
|switch|p1b: Dragonite|Dragonite, L50, F|100/100
|switch|p2a: Whimsicott|Whimsicott, L50, M|100/100
|switch|p2b: Typhlosion|Typhlosion-Hisui, L50, F|100/100
|-item|p1a: Archaludon|Assault Vest|[from] ability: Frisk|[of] p2b: Typhlosion
|-item|p1b: Dragonite|Loaded Dice|[from] ability: Frisk|[of] p2b: Typhlosion
|turn|1
|
|t:|1756564626
|-terastallize|p2b: Typhlosion|Fire
|move|p2a: Whimsicott|Sunny Day|p2a: Whimsicott
|-weather|SunnyDay
|move|p2b: Typhlosion|Eruption|p1b: Dragonite|[spread] p1a,p1b
|-resisted|p1b: Dragonite
|-damage|p1a: Archaludon|0 fnt
|-damage|p1b: Dragonite|50/100
|faint|p1a: Archaludon
|move|p1b: Dragonite|Tailwind|p1b: Dragonite
|-sidestart|p1: jowemama|move: Tailwind
|
|-weather|SunnyDay|[upkeep]
|upkeep
|
|t:|1756564637
|switch|p1a: Pelipper|Pelipper, L50, F|100/100
|-weather|RainDance|[from] ability: Drizzle|[of] p1a: Pelipper
|turn|2
|
|t:|1756564648
|switch|p1a: Incineroar|Incineroar, L50, F|100/100
|-ability|p1a: Incineroar|Intimidate|boost
|-unboost|p2a: Whimsicott|atk|1
|-unboost|p2b: Typhlosion|atk|1
|move|p2a: Whimsicott|Tailwind|p2a: Whimsicott
|-sidestart|p2: Julio Potencia|move: Tailwind
|move|p2b: Typhlosion|Eruption|p1b: Dragonite|[spread] p1a,p1b
|-resisted|p1a: Incineroar
|-resisted|p1b: Dragonite
|-damage|p1a: Incineroar|70/100
|-damage|p1b: Dragonite|18/100
|move|p1b: Dragonite|Scale Shot|p2b: Typhlosion
|-damage|p2b: Typhlosion|78/100
|-damage|p2b: Typhlosion|55/100
|-damage|p2b: Typhlosion|35/100
|-damage|p2b: Typhlosion|15/100
|-hitcount|p2b: Typhlosion|4
|-unboost|p1b: Dragonite|def|1
|-boost|p1b: Dragonite|spe|1
|
|-weather|RainDance|[upkeep]
|upkeep
|turn|3
|
|t:|1756564669
|switch|p1b: Pelipper|Pelipper, L50, F|100/100
|move|p2a: Whimsicott|Moonblast|p1b: Pelipper
|-damage|p1b: Pelipper|51/100
|move|p2b: Typhlosion|Eruption|p1b: Pelipper|[spread] p1a,p1b
|-resisted|p1a: Incineroar
|-resisted|p1b: Pelipper
|-damage|p1a: Incineroar|66/100
|-damage|p1b: Pelipper|44/100
|move|p1a: Incineroar|Knock Off|p2b: Typhlosion
|-damage|p2b: Typhlosion|0 fnt
|-enditem|p2b: Typhlosion|Choice Specs|[from] move: Knock Off|[of] p1a: Incineroar
|faint|p2b: Typhlosion
|
|-weather|RainDance|[upkeep]
|upkeep
|
|t:|1756564681
|switch|p2b: Dragapult|Dragapult, L50, F|100/100
|turn|4
|
|t:|1756564688
|move|p2b: Dragapult|Dragon Darts|p1a: Incineroar
|-damage|p1a: Incineroar|24/100
|-anim|p2b: Dragapult|Dragon Darts|p1b: Pelipper
|-damage|p1b: Pelipper|0 fnt
|faint|p1b: Pelipper
|move|p2a: Whimsicott|Moonblast|p1a: Incineroar
|-damage|p1a: Incineroar|0 fnt
|faint|p1a: Incineroar
|
|-weather|RainDance|[upkeep]
|-sideend|p1: jowemama|move: Tailwind
|upkeep
|
|t:|1756564691
|switch|p1b: Dragonite|Dragonite, L50, F|18/100
|turn|5
|
|t:|1756564699
|move|p2b: Dragapult|Dragon Darts|p1b: Dragonite
|-supereffective|p1b: Dragonite
|-damage|p1b: Dragonite|0 fnt
|faint|p1b: Dragonite
|
|win|Julio Potencia
||Julio Potencia is ready for game 2.
||jowemama is ready for game 2.
|uhtml|next|Next: Game 2 of 3
|l|☆Julio Potencia
|player|p2|
