|j|☆caseofxtc
|j|☆GIRLHELL1998
|html|caseofxtcGIRLHELL1998    
|uhtml|bestof|Game 1 of a best-of-3
|t:|1757650098
|gametype|doubles
|player|p1|caseofxtc|2|
|player|p2|GIRLHELL1998|roxie|
|gen|9
|tier|[Gen 9] VGC 2025 Reg H (Bo3)
|rule|Species Clause: Limit one of each Pokémon
|rule|Item Clause: Limit 1 of each item
|clearpoke
|poke|p1|Gholdengo, L50|
|poke|p1|Tyranitar, L50, M|
|poke|p1|Electabuzz, L50, M|
|poke|p1|Garchomp, L50, M|
|poke|p1|Scrafty, L50, F|
|poke|p1|Talonflame, L50, M|
|poke|p2|Incineroar, L50, F|
|poke|p2|Porygon2, L50|
|poke|p2|Amoonguss, L50, M|
|poke|p2|Ursaluna, L50, F|
|poke|p2|Gholdengo, L50|
|poke|p2|Flamigo, L50, M|
|teampreview|4
|showteam|p1|Gholdengo||ChoiceSpecs|GoodasGold|Trick,Thunderbolt,ShadowBall,MakeItRain||||||50|,,,,,Steel]Tyranitar||AssaultVest|SandStream|RockSlide,StompingTantrum,KnockOff,TeraBlast|||M|||50|,,,,,Flying]Electabuzz||Eviolite|VitalSpirit|Electroweb,Protect,FollowMe,Taunt|||M|||50|,,,,,Fairy]Garchomp||LifeOrb|SandVeil|DragonClaw,SwordsDance,Earthquake,Protect|||M|||50|,,,,,Ground]Scrafty||MirrorHerb|Intimidate|DrainPunch,BulkUp,FakeOut,KnockOff|||F|||50|,,,,,Ghost]Talonflame||SafetyGoggles|GaleWings|DualWingbeat,FlareBlitz,Tailwind,Protect|||M|||50|,,,,,Ghost
|showteam|p2|Incineroar||SafetyGoggles|Intimidate|KnockOff,FlareBlitz,PartingShot,FakeOut|||F|||50|,,,,,Grass]Porygon2||Eviolite|Download|TeraBlast,IceBeam,Recover,TrickRoom||||||50|,,,,,Fighting]Amoonguss||MentalHerb|Regenerator|Spore,RagePowder,PollenPuff,SludgeBomb|||M|||50|,,,,,Water]Ursaluna||FlameOrb|Guts|Facade,HeadlongRush,Earthquake,Protect|||F|||50|,,,,,Normal]Gholdengo||LifeOrb|GoodasGold|MakeItRain,ShadowBall,NastyPlot,Protect||||||50|,,,,,Dragon]Flamigo||FocusSash|Scrappy|CloseCombat,BraveBird,WideGuard,Protect|||M|||50|,,,,,Ghost
|inactive|Battle timer is ON: inactive players will automatically lose when time's up. (requested by GIRLHELL1998)
|inactive|caseofxtc has 60 seconds left.
|inactive|GIRLHELL1998 has 60 seconds left.
|inactive|GIRLHELL1998 has 30 seconds left.
|inactive|GIRLHELL1998 has 20 seconds left.
|inactive|GIRLHELL1998 has 15 seconds left.
|inactive|GIRLHELL1998 has 10 seconds left.
|
|t:|1757650183
|teamsize|p1|4
|teamsize|p2|4
|start
|switch|p1a: Scrafty|Scrafty, L50, F|100/100
|switch|p1b: Talonflame|Talonflame, L50, M|100/100
|switch|p2a: Porygon2|Porygon2, L50, shiny|100/100
|switch|p2b: Amoonguss|Amoonguss, L50, M, shiny|100/100
|-ability|p2a: Porygon2|Download|boost
|-boost|p2a: Porygon2|atk|1
|-ability|p1a: Scrafty|Intimidate|boost
|-unboost|p2a: Porygon2|atk|1
|-unboost|p2b: Amoonguss|atk|1
|-enditem|p1a: Scrafty|Mirror Herb
|-boost|p1a: Scrafty|atk|1|[from] item: Mirror Herb
|turn|1
|inactive|caseofxtc has 30 seconds left.
|inactive|GIRLHELL1998 has 30 seconds left.
|inactive|GIRLHELL1998 has 20 seconds left.
|inactive|GIRLHELL1998 has 15 seconds left.
|inactive|GIRLHELL1998 has 10 seconds left.
|
|t:|1757650231
|switch|p2a: Incineroar|Incineroar, L50, F, shiny|100/100
|-ability|p2a: Incineroar|Intimidate|boost
|-unboost|p1a: Scrafty|atk|1
|-unboost|p1b: Talonflame|atk|1
|move|p1b: Talonflame|Dual Wingbeat|p2b: Amoonguss
|-supereffective|p2b: Amoonguss
|-crit|p2b: Amoonguss
|-damage|p2b: Amoonguss|56/100
|-supereffective|p2b: Amoonguss
|-damage|p2b: Amoonguss|37/100
|-hitcount|p2b: Amoonguss|2
|move|p1a: Scrafty|Bulk Up|p1a: Scrafty
|-boost|p1a: Scrafty|atk|1
|-boost|p1a: Scrafty|def|1
|move|p2b: Amoonguss|Spore|p1a: Scrafty
|-status|p1a: Scrafty|slp|[from] move: Spore
|
|upkeep
|turn|2
|inactive|caseofxtc has 30 seconds left.
|
|t:|1757650261
|switch|p1a: Garchomp|Garchomp, L50, M|100/100
|switch|p2b: Porygon2|Porygon2, L50, shiny|100/100
|-ability|p2b: Porygon2|Download|boost
|-boost|p2b: Porygon2|spa|1
|-terastallize|p1b: Talonflame|Ghost
|move|p1b: Talonflame|Dual Wingbeat|p2b: Porygon2
|-crit|p2b: Porygon2
|-damage|p2b: Porygon2|85/100
|-damage|p2b: Porygon2|78/100
|-hitcount|p2b: Porygon2|2
|move|p2a: Incineroar|Parting Shot|p1a: Garchomp
|-unboost|p1a: Garchomp|atk|1
|-unboost|p1a: Garchomp|spa|1
|
|t:|1757650275
|switch|p2a: Amoonguss|Amoonguss, L50, M, shiny|70/100|[from] Parting Shot
|
|upkeep
|turn|3
|
|t:|1757650298
|switch|p1a: Scrafty|Scrafty, L50, F|100/100 slp
|-ability|p1a: Scrafty|Intimidate|boost
|-unboost|p2a: Amoonguss|atk|1
|-unboost|p2b: Porygon2|atk|1
|switch|p2a: Incineroar|Incineroar, L50, F, shiny|100/100
|-ability|p2a: Incineroar|Intimidate|boost
|-unboost|p1a: Scrafty|atk|1
|-unboost|p1b: Talonflame|atk|1
|move|p1b: Talonflame|Dual Wingbeat|p2a: Incineroar
|-damage|p2a: Incineroar|92/100
|-damage|p2a: Incineroar|84/100
|-hitcount|p2a: Incineroar|2
|move|p2b: Porygon2|Trick Room|p2b: Porygon2
|-fieldstart|move: Trick Room|[of] p2b: Porygon2
|
|upkeep
|turn|4
|inactive|GIRLHELL1998 has 30 seconds left.
|inactive|GIRLHELL1998 has 20 seconds left.
|
|t:|1757650337
|switch|p2b: Ursaluna|Ursaluna, L50, F, shiny|100/100
|switch|p1b: Tyranitar|Tyranitar, L50, M|100/100
|-weather|Sandstorm|[from] ability: Sand Stream|[of] p1b: Tyranitar
|cant|p1a: Scrafty|slp
|move|p2a: Incineroar|Parting Shot|p1a: Scrafty
|-unboost|p1a: Scrafty|atk|1
|-unboost|p1a: Scrafty|spa|1
|
|t:|1757650361
|switch|p2a: Porygon2|Porygon2, L50, shiny|78/100|[from] Parting Shot
|-ability|p2a: Porygon2|Download|boost
|-boost|p2a: Porygon2|atk|1
|
|-weather|Sandstorm|[upkeep]
|-damage|p1a: Scrafty|95/100 slp|[from] Sandstorm
|-damage|p2a: Porygon2|72/100|[from] Sandstorm
|-status|p2b: Ursaluna|brn|[from] item: Flame Orb
|upkeep
|turn|5
|inactive|GIRLHELL1998 has 30 seconds left.
|
|t:|1757650389
|switch|p1b: Talonflame|Talonflame, L50, M, tera:Ghost|100/100
|-terastallize|p2a: Porygon2|Fighting
|move|p2b: Ursaluna|Facade|p1a: Scrafty
|-damage|p1a: Scrafty|0 fnt
|faint|p1a: Scrafty
|move|p2a: Porygon2|Tera Blast|p1b: Talonflame|[anim] Tera Blast Fighting
|-immune|p1b: Talonflame
|
|-weather|Sandstorm|[upkeep]
|-damage|p2a: Porygon2|66/100|[from] Sandstorm
|-damage|p2b: Ursaluna|95/100 brn|[from] brn
|upkeep
|
|t:|1757650401
|switch|p1a: Tyranitar|Tyranitar, L50, M|100/100
|turn|6
|
|t:|1757650424
|switch|p2a: Incineroar|Incineroar, L50, F, shiny|84/100
|-ability|p2a: Incineroar|Intimidate|boost
|-unboost|p1a: Tyranitar|atk|1
|-unboost|p1b: Talonflame|atk|1
|move|p1b: Talonflame|Dual Wingbeat|p2b: Ursaluna
|-damage|p2b: Ursaluna|87/100 brn
|-damage|p2b: Ursaluna|79/100 brn
|-hitcount|p2b: Ursaluna|2
|move|p2b: Ursaluna|Headlong Rush|p1a: Tyranitar
|-supereffective|p1a: Tyranitar
|-damage|p1a: Tyranitar|0 fnt
|-unboost|p2b: Ursaluna|def|1
|-unboost|p2b: Ursaluna|spd|1
|faint|p1a: Tyranitar
|
|-weather|Sandstorm|[upkeep]
|-damage|p2b: Ursaluna|74/100 brn|[from] brn
|upkeep
|
|t:|1757650439
|switch|p1a: Garchomp|Garchomp, L50, M|100/100
|turn|7
|
|t:|1757650453
|switch|p2b: Porygon2|Porygon2, L50, shiny, tera:Fighting|66/100
|-ability|p2b: Porygon2|Download|boost
|-boost|p2b: Porygon2|spa|1
|switch|p2a: Amoonguss|Amoonguss, L50, M, shiny|100/100
|move|p1a: Garchomp|Protect|p1a: Garchomp
|-singleturn|p1a: Garchomp|Protect
|move|p1b: Talonflame|Protect||[still]
|-fail|p1b: Talonflame
|
|-weather|Sandstorm|[upkeep]
|-damage|p2a: Amoonguss|95/100|[from] Sandstorm
|-damage|p2b: Porygon2|59/100|[from] Sandstorm
|-fieldend|move: Trick Room
|upkeep
|turn|8
|inactive|caseofxtc has 30 seconds left.
|inactive|GIRLHELL1998 has 30 seconds left.
|inactive|caseofxtc has 20 seconds left.
|
|t:|1757650490
|move|p2a: Amoonguss|Rage Powder|p2a: Amoonguss
|-singleturn|p2a: Amoonguss|move: Rage Powder
|move|p1b: Talonflame|Dual Wingbeat|p2b: Porygon2|[miss]
|-miss|p1b: Talonflame|p2b: Porygon2
|move|p1a: Garchomp|Earthquake|p2b: Porygon2|[spread] p1b,p2a,p2b
|-crit|p2b: Porygon2
|-damage|p1b: Talonflame|16/100
|-damage|p2a: Amoonguss|55/100
|-damage|p2b: Porygon2|15/100
|-damage|p1a: Garchomp|91/100|[from] item: Life Orb
|move|p2b: Porygon2|Trick Room|p2b: Porygon2
|-fieldstart|move: Trick Room|[of] p2b: Porygon2
|
|-weather|none
|upkeep
|turn|9
|
|t:|1757650513
|move|p1b: Talonflame|Protect|p1b: Talonflame
|-singleturn|p1b: Talonflame|Protect
|move|p2a: Amoonguss|Pollen Puff|p2b: Porygon2
|-heal|p2b: Porygon2|65/100
|move|p2b: Porygon2|Ice Beam|p1a: Garchomp
|-supereffective|p1a: Garchomp
|-damage|p1a: Garchomp|0 fnt
|faint|p1a: Garchomp
|
|upkeep
|turn|10
|
|t:|1757650538
|move|p2a: Amoonguss|Rage Powder|p2a: Amoonguss
|-singleturn|p2a: Amoonguss|move: Rage Powder
|move|p2b: Porygon2|Ice Beam|p1b: Talonflame
|-damage|p1b: Talonflame|0 fnt
|faint|p1b: Talonflame
|
|win|GIRLHELL1998
|inactive|caseofxtc has 30 seconds to confirm battle start!
|inactive|GIRLHELL1998 has 30 seconds to confirm battle start!
|l|☆caseofxtc
|player|p1|
||caseofxtc is ready for game 2.
|inactive|GIRLHELL1998 has 20 seconds to confirm battle start!
||GIRLHELL1998 is ready for game 2.
|uhtml|next|Next: Game 2 of 3
