|j|☆King_Jamy
|j|☆hugo_0845
|html|King_Jamyhugo_0845    
|uhtml|bestof|Game 1 of a best-of-3
|t:|1757766478
|gametype|doubles
|player|p1|King_Jamy|170|1034
|player|p2|hugo_0845|palmer|1046
|gen|9
|tier|[Gen 9] VGC 2025 Reg H (Bo3)
|rated|
|rule|Species Clause: Limit one of each Pokémon
|rule|Item Clause: Limit 1 of each item
|clearpoke
|poke|p1|Ribombee, L50, F|
|poke|p1|Annihilape, L50, M|
|poke|p1|Volcarona, L50, M|
|poke|p1|Rillaboom, L50, M|
|poke|p1|Maushold-Four, L50|
|poke|p1|Archaludon, L50, M|
|poke|p2|Indeedee-F, L50, F|
|poke|p2|Armarouge, L50, M|
|poke|p2|Hatterene, L50, F|
|poke|p2|Torkoal, L50, F|
|poke|p2|Gallade, L50, M|
|poke|p2|Ursaluna, L50, M|
|teampreview|4
|showteam|p1|Ribombee||FocusSash|ShieldDust|Tailwind,Reflect,LightScreen,PollenPuff|||F|||50|,,,,,Dark]Annihilape||SafetyGoggles|Defiant|DrainPunch,RageFist,BulkUp,Protect|||M|||50|,,,,,Water]Volcarona||CovertCloak|FlameBody|HeatWave,TeraBlast,QuiverDance,Protect|||M|||50|,,,,,Fairy]Rillaboom||AssaultVest|GrassySurge|GrassyGlide,WoodHammer,FakeOut,HighHorsepower|||M|||50|,,,,,Fire]Maushold-Four||RockyHelmet|FriendGuard|BeatUp,Protect,HelpingHand,FollowMe||||||50|,,,,,Ghost]Archaludon||PowerHerb|Stamina|FlashCannon,Protect,ElectroShot,BodyPress|||M|||50|,,,,,Electric
|showteam|p2|Indeedee-F||SafetyGoggles|PsychicSurge|AlluringVoice,FollowMe,HelpingHand,TrickRoom|||F|||50|,,,,,Dragon]Armarouge||PowerHerb|FlashFire|ArmorCannon,ExpandingForce,MeteorBeam,Protect|||M|||50|,,,,,Grass]Hatterene||LifeOrb|MagicBounce|ExpandingForce,DazzlingGleam,TrickRoom,Protect|||F|||50|,,,,,Fire]Torkoal||AssaultVest|Drought|Eruption,WeatherBall,EarthPower,ClearSmog|||F|||50|,,,,,Fire]Gallade||ClearAmulet|Sharpness|PsychoCut,SacredSword,WideGuard,TrickRoom|||M|||50|,,,,,Grass]Ursaluna||FlameOrb|Guts|Facade,HeadlongRush,Substitute,Protect|||M|||50|,,,,,Dragon
|
|t:|1757766499
|teamsize|p1|4
|teamsize|p2|4
|start
|switch|p1a: Maushold|Maushold-Four, L50|100/100
|switch|p1b: Volcarona|Volcarona, L50, M|100/100
|switch|p2a: Hatterene|Hatterene, L50, F|100/100
|switch|p2b: Armarouge|Armarouge, L50, M, shiny|100/100
|turn|1
|inactive|Battle timer is ON: inactive players will automatically lose when time's up. (requested by hugo_0845)
|
|t:|1757766523
|-terastallize|p2b: Armarouge|Grass
|move|p1a: Maushold|Follow Me|p1a: Maushold
|-singleturn|p1a: Maushold|move: Follow Me
|move|p1b: Volcarona|Quiver Dance|p1b: Volcarona
|-boost|p1b: Volcarona|spa|1
|-boost|p1b: Volcarona|spd|1
|-boost|p1b: Volcarona|spe|1
|move|p2b: Armarouge|Meteor Beam||[still]
|-prepare|p2b: Armarouge|Meteor Beam
|-boost|p2b: Armarouge|spa|1
|-enditem|p2b: Armarouge|Power Herb
|-anim|p2b: Armarouge|Meteor Beam|p1a: Maushold
|-damage|p1a: Maushold|31/100
|move|p2a: Hatterene|Trick Room|p2a: Hatterene
|-fieldstart|move: Trick Room|[of] p2a: Hatterene
|
|upkeep
|turn|2
|
|t:|1757766544
|-terastallize|p1b: Volcarona|Fairy
|move|p1a: Maushold|Follow Me|p1a: Maushold
|-singleturn|p1a: Maushold|move: Follow Me
|move|p2a: Hatterene|Expanding Force|p1a: Maushold
|-damage|p1a: Maushold|0 fnt
|faint|p1a: Maushold
|-damage|p2a: Hatterene|91/100|[from] item: Life Orb
|move|p2b: Armarouge|Armor Cannon|p1b: Volcarona
|-damage|p1b: Volcarona|31/100
|-unboost|p2b: Armarouge|def|1
|-unboost|p2b: Armarouge|spd|1
|move|p1b: Volcarona|Tera Blast|p2b: Armarouge|[anim] Tera Blast Fairy
|-damage|p2b: Armarouge|0 fnt
|faint|p2b: Armarouge
|
|upkeep
|
|t:|1757766561
|switch|p2b: Torkoal|Torkoal, L50, F|100/100
|switch|p1a: Rillaboom|Rillaboom, L50, M|100/100
|-weather|SunnyDay|[from] ability: Drought|[of] p2b: Torkoal
|-fieldstart|move: Grassy Terrain|[from] ability: Grassy Surge|[of] p1a: Rillaboom
|turn|3
|
|t:|1757766567
|switch|p2a: Indeedee|Indeedee-F, L50, F, shiny|100/100
|-fieldstart|move: Psychic Terrain|[from] ability: Psychic Surge|[of] p2a: Indeedee
|switch|p1a: Annihilape|Annihilape, L50, M|100/100
|move|p1b: Volcarona|Protect|p1b: Volcarona
|-singleturn|p1b: Volcarona|Protect
|move|p2b: Torkoal|Eruption|p1b: Volcarona|[spread] p1a
|-activate|p1b: Volcarona|move: Protect
|-damage|p1a: Annihilape|40/100
|
|-weather|SunnyDay|[upkeep]
|upkeep
|turn|4
|
|t:|1757766588
|switch|p2a: Hatterene|Hatterene, L50, F|91/100
|switch|p1a: Rillaboom|Rillaboom, L50, M|100/100
|-fieldstart|move: Grassy Terrain|[from] ability: Grassy Surge|[of] p1a: Rillaboom
|move|p2b: Torkoal|Eruption|p1b: Volcarona|[spread] p1a,p1b
|-supereffective|p1a: Rillaboom
|-damage|p1a: Rillaboom|5/100
|-damage|p1b: Volcarona|0 fnt
|faint|p1b: Volcarona
|
|-weather|SunnyDay|[upkeep]
|-heal|p2a: Hatterene|96/100|[from] Grassy Terrain
|-heal|p1a: Rillaboom|11/100|[from] Grassy Terrain
|upkeep
|
|t:|1757766590
|switch|p1b: Annihilape|Annihilape, L50, M|40/100
|turn|5
|-message|King_Jamy forfeited.
|
|win|hugo_0845
||King_Jamy is ready for game 2.
|l|☆hugo_0845
|player|p2|
||hugo_0845 is ready for game 2.
|uhtml|next|Next: Game 2 of 3
|l|☆King_Jamy
|player|p1|
