|j|☆lald3n
|j|☆CharmanditoABM
|html|lald3nCharmanditoABM    
|uhtml|bestof|Game 2 of a best-of-3
|t:|1784908569
|gametype|doubles
|player|p1|lald3n|iris-gen5bw2|1113
|player|p2|CharmanditoABM|wallace|1162
|gen|9
|tier|[Gen 9 Champions] VGC 2026 Reg M-B (Bo3)
|rated|
|rule|Species Clause: Limit one of each Pokémon
|rule|Item Clause: Limit 1 of each item
|clearpoke
|poke|p1|Ceruledge, L50, F|
|poke|p1|Incineroar, L50, M|
|poke|p1|Froslass, L50, F|
|poke|p1|Overqwil, L50, F|
|poke|p1|Sylveon, L50, M, shiny|
|poke|p1|Kommo-o, L50, M|
|poke|p2|Tyranitar, L50, M|
|poke|p2|Excadrill, L50, F|
|poke|p2|Basculegion, L50, M|
|poke|p2|Sinistcha, L50|
|poke|p2|Incineroar, L50, M|
|poke|p2|Floette-Eternal, L50, F|
|teampreview|4
|showteam|p1|Ceruledge||BigRoot|FlashFire|PsychUp,BulkUp,BitterBlade,ShadowSneak|Jolly||F|||50|]Incineroar||SitrusBerry|Intimidate|FakeOut,PartingShot,WillOWisp,FlareBlitz|Careful||M|||50|]Froslass||Froslassite|CursedBody|AuroraVeil,Blizzard,PsychUp,Protect|Timid||F|||50|]Overqwil||Leftovers|Intimidate|Minimize,Substitute,BarbBarrage,Spite|Jolly||F|||50|]Sylveon||FairyFeather|Pixilate|CalmMind,HyperBeam,HyperVoice,Yawn|Modest||M|||50|]Kommo-o|||Soundproof|BodyPress,IronDefense,AuraSphere,ClangingScales|Timid||M|||50|
|showteam|p2|Tyranitar||Tyranitarite|SandStream|RockSlide,KnockOff,IcePunch,Protect|Adamant||M|||50|]Excadrill||FocusSash|SandRush|SwordsDance,HighHorsepower,IronHead,RockSlide|Adamant||F|||50|]Basculegion||ChoiceScarf|Adaptability|FlipTurn,WaveCrash,LastRespects,AquaJet|Jolly||M|||50|]Sinistcha||Leftovers|Hospitality|RagePowder,LifeDew,MatchaGotcha,TrickRoom|Bold|||||50|]Incineroar||SitrusBerry|Intimidate|FakeOut,PartingShot,FlareBlitz,ThroatChop|Careful||M|||50|]Floette-Eternal||Floettite|FlowerVeil|CalmMind,Moonblast,DazzlingGleam,Protect|Modest||F|||50|
|inactive|Battle timer is ON: inactive players will automatically lose when time's up. (requested by lald3n)
|
|t:|1784908610
|teamsize|p1|4
|teamsize|p2|4
|start
|switch|p1a: Kommo-o|Kommo-o, L50, M|100/100
|switch|p1b: Froslass|Froslass, L50, F|100/100
|switch|p2a: Basculegion|Basculegion, L50, M|100/100
|switch|p2b: Floette|Floette-Eternal, L50, F|100/100
|turn|1
|inactive|CharmanditoABM has 30 seconds left.
|
|t:|1784908637
|switch|p1a: Incineroar|Incineroar, L50, M|100/100
|-ability|p1a: Incineroar|Intimidate|boost
|-unboost|p2a: Basculegion|atk|1
|-unboost|p2b: Floette|atk|1
|detailschange|p1b: Froslass|Froslass-Mega, L50, F
|-mega|p1b: Froslass|Froslass|Froslassite
|-weather|Snowscape|[from] ability: Snow Warning|[of] p1b: Froslass
|detailschange|p2b: Floette|Floette-Mega, L50, F
|-mega|p2b: Floette|Floette|Floettite
|-ability|p2b: Floette|Fairy Aura
|move|p2a: Basculegion|Flip Turn|p1b: Froslass
|-damage|p1b: Froslass|78/100
|
|t:|1784908648
|switch|p2a: Tyranitar|Tyranitar, L50, M|100/100|[from] Flip Turn
|-weather|Sandstorm|[from] ability: Sand Stream|[of] p2a: Tyranitar
|move|p1b: Froslass|Aurora Veil||[still]
|-fail|p1b: Froslass
|move|p2b: Floette|Moonblast|p1a: Incineroar
|-damage|p1a: Incineroar|42/100
|-enditem|p1a: Incineroar|Sitrus Berry|[eat]
|-heal|p1a: Incineroar|66/100|[from] item: Sitrus Berry
|
|-weather|Sandstorm|[upkeep]
|-damage|p1b: Froslass|72/100|[from] Sandstorm
|-damage|p2b: Floette|94/100|[from] Sandstorm
|-damage|p1a: Incineroar|60/100|[from] Sandstorm
|upkeep
|turn|2
|
|t:|1784908658
|switch|p1b: Kommo-o|Kommo-o, L50, M|100/100
|move|p2b: Floette|Calm Mind|p2b: Floette
|-boost|p2b: Floette|spa|1
|-boost|p2b: Floette|spd|1
|move|p2a: Tyranitar|Rock Slide|p1b: Kommo-o|[spread] p1a,p1b
|-supereffective|p1a: Incineroar|1
|-resisted|p1b: Kommo-o|1
|-damage|p1a: Incineroar|6/100
|-damage|p1b: Kommo-o|85/100
|move|p1a: Incineroar|Will-O-Wisp|p2a: Tyranitar
|-status|p2a: Tyranitar|brn
|
|-weather|Sandstorm|[upkeep]
|-damage|p1b: Kommo-o|79/100|[from] Sandstorm
|-damage|p2b: Floette|88/100|[from] Sandstorm
|-damage|p1a: Incineroar|1/100|[from] Sandstorm
|-damage|p2a: Tyranitar|94/100 brn|[from] brn
|upkeep
|turn|3
|
|t:|1784908672
|switch|p1a: Froslass|Froslass-Mega, L50, F|72/100
|-weather|Snowscape|[from] ability: Snow Warning|[of] p1a: Froslass
|move|p1b: Kommo-o|Body Press|p2a: Tyranitar
|-supereffective|p2a: Tyranitar|2
|-damage|p2a: Tyranitar|0 fnt
|faint|p2a: Tyranitar
|move|p2b: Floette|Dazzling Gleam|p1b: Kommo-o|[spread] p1a,p1b
|-supereffective|p1b: Kommo-o|2
|-damage|p1a: Froslass|0 fnt
|-damage|p1b: Kommo-o|0 fnt
|faint|p1a: Froslass
|faint|p1b: Kommo-o
|
|-weather|Snowscape|[upkeep]
|upkeep
|
|t:|1784908683
|switch|p1a: Incineroar|Incineroar, L50, M|1/100
|switch|p1b: Overqwil|Overqwil, L50, F|100/100
|switch|p2a: Basculegion|Basculegion, L50, M|100/100
|-ability|p1b: Overqwil|Intimidate|boost
|-unboost|p2a: Basculegion|atk|1
|-unboost|p2b: Floette|atk|1
|-ability|p1a: Incineroar|Intimidate|boost
|-unboost|p2a: Basculegion|atk|1
|-unboost|p2b: Floette|atk|1
|turn|4
|
|t:|1784908688
|move|p1a: Incineroar|Fake Out|p2b: Floette
|-crit|p2b: Floette
|-damage|p2b: Floette|69/100
|move|p2a: Basculegion|Flip Turn|p1a: Incineroar
|-supereffective|p1a: Incineroar|1
|-damage|p1a: Incineroar|0 fnt
|faint|p1a: Incineroar
|
|t:|1784908691
|switch|p2a: Excadrill|Excadrill, L50, F|100/100|[from] Flip Turn
|move|p1b: Overqwil|Minimize|p1b: Overqwil
|-boost|p1b: Overqwil|evasion|2
|cant|p2b: Floette|flinch
|
|-weather|Snowscape|[upkeep]
|upkeep
|turn|5
|
|t:|1784908697
|move|p1b: Overqwil|Minimize|p1b: Overqwil
|-boost|p1b: Overqwil|evasion|2
|move|p2b: Floette|Moonblast|p1b: Overqwil
|-damage|p1b: Overqwil|0 fnt
|faint|p1b: Overqwil
|
|win|CharmanditoABM
||lald3n is ready for game 3.
