|j|☆Liam Westland
|j|☆PaiBrazdoswing
|html|Liam WestlandPaiBrazdoswing    
|uhtml|bestof|Game 2 of a best-of-3
|t:|1755452800
|gametype|doubles
|player|p1|Liam Westland|red|1185
|player|p2|PaiBrazdoswing|bugcatcher-gen4dp|1267
|gen|9
|tier|[Gen 9] VGC 2025 Reg H (Bo3)
|rated|
|rule|Species Clause: Limit one of each Pokémon
|rule|Item Clause: Limit 1 of each item
|clearpoke
|poke|p1|Gallade, L50, M|
|poke|p1|Ursaluna, L50, F|
|poke|p1|Torkoal, L50, M|
|poke|p1|Indeedee-F, L50, F|
|poke|p1|Hatterene, L50, F|
|poke|p1|Maushold, L50|
|poke|p2|Archaludon, L50, F|
|poke|p2|Pelipper, L50, F|
|poke|p2|Incineroar, L50, F|
|poke|p2|Gholdengo, L50|
|poke|p2|Annihilape, L50, F|
|poke|p2|Maushold-Four, L50|
|teampreview|4
|showteam|p1|Gallade||ClearAmulet|Sharpness|SacredSword,PsychoCut,WideGuard,TrickRoom|||M|||50|,,,,,Grass]Ursaluna||FlameOrb|Guts|Facade,HeadlongRush,Protect,Earthquake|||F|||50|,,,,,Ghost]Torkoal||ChoiceSpecs|Drought|Eruption,WeatherBall,HeatWave,EarthPower|||M|||50|,,,,,Fire]Indeedee-F||PsychicSeed|PsychicSurge|FollowMe,TrickRoom,Psychic,HelpingHand|||F|||50|,,,,,Water]Hatterene||LifeOrb|MagicBounce|ExpandingForce,DazzlingGleam,TeraBlast,TrickRoom|||F|||50|,,,,,Fire]Maushold||WideLens|Technician|PopulationBomb,Taunt,FollowMe,Protect||||||50|,,,,,Poison
|showteam|p2|Archaludon||AssaultVest|Stamina|ElectroShot,DracoMeteor,FlashCannon,BodyPress|||F|||50|,,,,,Grass]Pelipper||FocusSash|Drizzle|WeatherBall,Hurricane,Tailwind,Protect|||F|||50|,,,,,Ghost]Incineroar||SafetyGoggles|Intimidate|FlareBlitz,KnockOff,FakeOut,PartingShot|||F|||50|,,,,,Ghost]Gholdengo||LifeOrb|GoodasGold|MakeItRain,ShadowBall,NastyPlot,Protect||||||50|,,,,,Water]Annihilape||Leftovers|Defiant|Protect,BulkUp,DrainPunch,RageFist|||F|||50|,,,,,Water]Maushold-Four||WideLens|Technician|PopulationBomb,BeatUp,FollowMe,Protect||||||50|,,,,,Ghost
|inactive|Battle timer is ON: inactive players will automatically lose when time's up. (requested by Liam Westland)
|
|t:|1755452833
|teamsize|p1|4
|teamsize|p2|4
|start
|switch|p1a: Hatterene|Hatterene, L50, F|100/100
|switch|p1b: Indeedee|Indeedee-F, L50, F|100/100
|switch|p2a: Maushold|Maushold-Four, L50|100/100
|switch|p2b: Gholdengo|Gholdengo, L50|100/100
|-fieldstart|move: Psychic Terrain|[from] ability: Psychic Surge|[of] p1b: Indeedee
|-enditem|p1b: Indeedee|Psychic Seed
|-boost|p1b: Indeedee|spd|1|[from] item: Psychic Seed
|turn|1
|inactive|PaiBrazdoswing has 30 seconds left.
|
|t:|1755452865
|-terastallize|p1a: Hatterene|Fire
|move|p1b: Indeedee|Follow Me|p1b: Indeedee
|-singleturn|p1b: Indeedee|move: Follow Me
|move|p2a: Maushold|Population Bomb|p1b: Indeedee
|-damage|p1b: Indeedee|89/100
|-damage|p1b: Indeedee|77/100
|-damage|p1b: Indeedee|64/100
|-damage|p1b: Indeedee|52/100
|-damage|p1b: Indeedee|42/100
|-damage|p1b: Indeedee|30/100
|-damage|p1b: Indeedee|19/100
|-damage|p1b: Indeedee|8/100
|-damage|p1b: Indeedee|0 fnt
|faint|p1b: Indeedee
|-hitcount|p1: Indeedee|9
|move|p2b: Gholdengo|Nasty Plot|p2b: Gholdengo
|-boost|p2b: Gholdengo|spa|2
|move|p1a: Hatterene|Trick Room|p1a: Hatterene
|-fieldstart|move: Trick Room|[of] p1a: Hatterene
|
|upkeep
|inactive|Liam Westland has 30 seconds left.
|inactive|Liam Westland has 20 seconds left.
|inactive|Liam Westland has 15 seconds left.
|inactive|Liam Westland has 10 seconds left.
|inactive|Liam Westland has 5 seconds left.
|
|t:|1755452921
|switch|p1b: Torkoal|Torkoal, L50, M|100/100
|-weather|SunnyDay|[from] ability: Drought|[of] p1b: Torkoal
|turn|2
|inactive|PaiBrazdoswing has 30 seconds left.
|
|t:|1755452949
|switch|p2b: Incineroar|Incineroar, L50, F|100/100
|-ability|p2b: Incineroar|Intimidate|boost
|-unboost|p1a: Hatterene|atk|1
|-unboost|p1b: Torkoal|atk|1
|move|p2a: Maushold|Protect|p2a: Maushold
|-singleturn|p2a: Maushold|Protect
|move|p1b: Torkoal|Eruption|p2a: Maushold|[spread] p2b
|-activate|p2a: Maushold|move: Protect
|-resisted|p2b: Incineroar
|-damage|p2b: Incineroar|53/100
|move|p1a: Hatterene|Expanding Force|p2a: Maushold|[spread] 
|-activate|p2a: Maushold|move: Protect
|-immune|p2b: Incineroar
|
|-weather|SunnyDay|[upkeep]
|upkeep
|turn|3
|
|t:|1755452977
|switch|p2a: Pelipper|Pelipper, L50, F|100/100
|-weather|RainDance|[from] ability: Drizzle|[of] p2a: Pelipper
|move|p1b: Torkoal|Eruption|p2a: Pelipper|[spread] p2a,p2b
|-resisted|p2a: Pelipper
|-resisted|p2b: Incineroar
|-damage|p2a: Pelipper|71/100
|-damage|p2b: Incineroar|38/100
|move|p1a: Hatterene|Expanding Force|p2a: Pelipper|[spread] p2a
|-immune|p2b: Incineroar
|-damage|p2a: Pelipper|0 fnt
|faint|p2a: Pelipper
|-damage|p1a: Hatterene|91/100|[from] item: Life Orb
|move|p2b: Incineroar|Knock Off|p1a: Hatterene
|-damage|p1a: Hatterene|47/100
|-enditem|p1a: Hatterene|Life Orb|[from] move: Knock Off|[of] p2b: Incineroar
|
|-weather|RainDance|[upkeep]
|upkeep
|
|t:|1755453005
|switch|p2a: Gholdengo|Gholdengo, L50|100/100
|turn|4
|
|t:|1755453028
|-terastallize|p2a: Gholdengo|Water
|move|p1b: Torkoal|Eruption|p2a: Gholdengo|[spread] p2a,p2b
|-resisted|p2a: Gholdengo
|-resisted|p2b: Incineroar
|-damage|p2a: Gholdengo|84/100
|-damage|p2b: Incineroar|23/100
|move|p1a: Hatterene|Dazzling Gleam|p2b: Incineroar|[spread] p2a,p2b
|-damage|p2a: Gholdengo|46/100
|-damage|p2b: Incineroar|0 fnt
|faint|p2b: Incineroar
|move|p2a: Gholdengo|Shadow Ball|p1a: Hatterene
|-damage|p1a: Hatterene|0 fnt
|faint|p1a: Hatterene
|-damage|p2a: Gholdengo|36/100|[from] item: Life Orb
|
|-weather|RainDance|[upkeep]
|upkeep
|
|t:|1755453042
|switch|p1a: Gallade|Gallade, L50, M|100/100
|switch|p2b: Maushold|Maushold-Four, L50|100/100
|turn|5
|
|t:|1755453061
|move|p2a: Gholdengo|Protect|p2a: Gholdengo
|-singleturn|p2a: Gholdengo|Protect
|move|p2b: Maushold|Protect|p2b: Maushold
|-singleturn|p2b: Maushold|Protect
|move|p1b: Torkoal|Eruption|p2b: Maushold|[spread] 
|-activate|p2a: Gholdengo|move: Protect
|-activate|p2b: Maushold|move: Protect
|move|p1a: Gallade|Sacred Sword|p2b: Maushold
|-activate|p2b: Maushold|move: Protect
|
|-weather|RainDance|[upkeep]
|-fieldend|move: Trick Room
|-fieldend|move: Psychic Terrain
|upkeep
|turn|6
|
|t:|1755453074
|move|p2b: Maushold|Population Bomb|p1a: Gallade
|-damage|p1a: Gallade|86/100
|-damage|p1a: Gallade|68/100
|-damage|p1a: Gallade|52/100
|-damage|p1a: Gallade|36/100
|-damage|p1a: Gallade|20/100
|-damage|p1a: Gallade|4/100
|-damage|p1a: Gallade|0 fnt
|faint|p1a: Gallade
|-hitcount|p1: Gallade|7
|move|p2a: Gholdengo|Shadow Ball|p1b: Torkoal
|-damage|p1b: Torkoal|32/100
|-damage|p2a: Gholdengo|27/100|[from] item: Life Orb
|move|p1b: Torkoal|Eruption|p2a: Gholdengo|[spread] p2a,p2b
|-resisted|p2a: Gholdengo
|-damage|p2a: Gholdengo|22/100
|-damage|p2b: Maushold|86/100
|
|-weather|RainDance|[upkeep]
|upkeep
|turn|7
|-message|Liam Westland forfeited.
|
|win|PaiBrazdoswing
|raw|Liam Westland's rating: 1185 → 1166(-19 for losing)
|raw|PaiBrazdoswing's rating: 1267 → 1286(+19 for winning)
|l|☆PaiBrazdoswing
|player|p2|
