|j|☆Tracansao
|j|☆odio esta reg
|html|Tracansaoodio esta reg    
|uhtml|bestof|Game 1 of a best-of-3
|t:|1785349729
|gametype|doubles
|player|p1|Tracansao|alec-anime|
|player|p2|odio esta reg|1|
|gen|9
|tier|[Gen 9 Champions] VGC 2026 Reg M-B (Bo3)
|rule|Species Clause: Limit one of each Pokémon
|rule|Item Clause: Limit 1 of each item
|clearpoke
|poke|p1|Raichu, L50, F|
|poke|p1|Decidueye-Hisui, L50, M, shiny|
|poke|p1|Floette-Eternal, L50, F|
|poke|p1|Aerodactyl, L50, M, shiny|
|poke|p1|Kingambit, L50, F|
|poke|p1|Basculegion, L50, M, shiny|
|poke|p2|Whimsicott, L50, M, shiny|
|poke|p2|Garchomp, L50, M|
|poke|p2|Basculegion, L50, M|
|poke|p2|Charizard, L50, F|
|poke|p2|Floette-Eternal, L50, F|
|poke|p2|Kingambit, L50, M|
|teampreview|4
|showteam|p1|Raichu||RaichuniteY|Static|ZapCannon,FocusBlast,FakeOut,Protect|Timid||F|||50|]Decidueye-Hisui||ScopeLens|Scrappy|TripleArrows,LeafBlade,Protect,Tailwind|Adamant||M|||50|]Floette-Eternal||Floettite|FlowerVeil|Moonblast,DazzlingGleam,LightofRuin,Protect|Timid||F|||50|]Aerodactyl||FocusSash|Unnerve|RockSlide,DualWingbeat,Tailwind,Protect|Jolly||M|||50|]Kingambit||ChopleBerry|Defiant|KowtowCleave,IronHead,SuckerPunch,LowKick|Adamant||F|||50|]Basculegion||LifeOrb|Adaptability|WaveCrash,AquaJet,LastRespects,Protect|Adamant||M|||50|
|showteam|p2|Whimsicott||FocusSash|Prankster|Protect,Tailwind,SunnyDay,Moonblast|Timid||M|||50|]Garchomp||LifeOrb|RoughSkin|Protect,RockSlide,Earthquake,DragonClaw|Jolly||M|||50|]Basculegion||MysticWater|Adaptability|Protect,WaveCrash,LastRespects,AquaJet|Adamant||M|||50|]Charizard||CharizarditeY|Blaze|Protect,HeatWave,WeatherBall,SolarBeam|Modest||F|||50|]Floette-Eternal||Floettite|FlowerVeil|Protect,LightofRuin,DazzlingGleam,Moonblast|Timid||F|||50|]Kingambit||ChopleBerry|Defiant|LowKick,SuckerPunch,KowtowCleave,IronHead|Adamant||M|||50|
|inactive|Battle timer is ON: inactive players will automatically lose when time's up. (requested by odio esta reg)
|inactive|Tracansao also wants the timer to be on.
|inactive|Tracansao has 60 seconds left.
|inactive|odio esta reg has 60 seconds left.
|inactive|Tracansao has 30 seconds left.
|
|t:|1785349795
|teamsize|p1|4
|teamsize|p2|4
|start
|switch|p1a: Aerodactyl|Aerodactyl, L50, M, shiny|100/100
|switch|p1b: Raichu|Raichu, L50, F|100/100
|switch|p2a: Floette|Floette-Eternal, L50, F|100/100
|switch|p2b: Whimsicott|Whimsicott, L50, M, shiny|100/100
|-ability|p1a: Aerodactyl|Unnerve
|turn|1
|inactive|odio esta reg has 30 seconds left.
|inactive|odio esta reg has 20 seconds left.
|inactive|odio esta reg has 15 seconds left.
|inactive|odio esta reg has 10 seconds left.
|
|t:|1785349842
|detailschange|p1b: Raichu|Raichu-Mega-Y, L50, F
|-mega|p1b: Raichu|Raichu|Raichunite Y
|detailschange|p2a: Floette|Floette-Mega, L50, F
|-mega|p2a: Floette|Floette|Floettite
|-ability|p2a: Floette|Fairy Aura
|move|p2b: Whimsicott|Protect|p2b: Whimsicott
|-singleturn|p2b: Whimsicott|Protect
|move|p2a: Floette|Protect|p2a: Floette
|-singleturn|p2a: Floette|Protect
|move|p1b: Raichu|Fake Out|p2a: Floette
|-activate|p2a: Floette|move: Protect
|move|p1a: Aerodactyl|Tailwind|p1a: Aerodactyl
|-sidestart|p1: Tracansao|move: Tailwind
|
|upkeep
|turn|2
|inactive|odio esta reg has 30 seconds left.
|inactive|odio esta reg has 20 seconds left.
|inactive|odio esta reg has 15 seconds left.
|
|t:|1785349886
|move|p2b: Whimsicott|Tailwind|p2b: Whimsicott
|-sidestart|p2: odio esta reg|move: Tailwind
|move|p1a: Aerodactyl|Rock Slide|p2a: Floette|[spread] p2a,p2b
|-damage|p2a: Floette|64/100
|-damage|p2b: Whimsicott|64/100
|move|p1b: Raichu|Zap Cannon|p2a: Floette
|-damage|p2a: Floette|8/100
|-status|p2a: Floette|par
|cant|p2a: Floette|flinch
|
|upkeep
|turn|3
|
|t:|1785349904
|move|p1a: Aerodactyl|Dual Wingbeat|p2b: Whimsicott
|-supereffective|p2b: Whimsicott|1
|-damage|p2b: Whimsicott|5/100
|-supereffective|p2b: Whimsicott|1
|-damage|p2b: Whimsicott|0 fnt
|faint|p2b: Whimsicott
|-hitcount|p2: Whimsicott|2
|move|p1b: Raichu|Zap Cannon|p2a: Floette
|-damage|p2a: Floette|0 fnt
|faint|p2a: Floette
|
|upkeep
|
|t:|1785349907
|switch|p2b: Garchomp|Garchomp, L50, M|100/100
|switch|p2a: Basculegion|Basculegion, L50, M|100/100
|turn|4
|
|t:|1785349926
|move|p1b: Raichu|Protect|p1b: Raichu
|-singleturn|p1b: Raichu|Protect
|move|p2a: Basculegion|Protect|p2a: Basculegion
|-singleturn|p2a: Basculegion|Protect
|move|p1a: Aerodactyl|Rock Slide|p2b: Garchomp|[spread] p2b
|-activate|p2a: Basculegion|move: Protect
|-resisted|p2b: Garchomp|1
|-damage|p2b: Garchomp|86/100
|move|p2b: Garchomp|Rock Slide|p1a: Aerodactyl|[spread] p1a
|-activate|p1b: Raichu|move: Protect
|-supereffective|p1a: Aerodactyl|1
|-damage|p1a: Aerodactyl|25/100
|-damage|p2b: Garchomp|77/100|[from] item: Life Orb
|
|-sideend|p1: Tracansao|move: Tailwind
|upkeep
|turn|5
|
|t:|1785349937
|move|p2a: Basculegion|Aqua Jet|p1a: Aerodactyl
|-supereffective|p1a: Aerodactyl|1
|-damage|p1a: Aerodactyl|0 fnt
|faint|p1a: Aerodactyl
|move|p2b: Garchomp|Dragon Claw|p1b: Raichu
|-damage|p1b: Raichu|13/100
|-damage|p2b: Garchomp|67/100|[from] item: Life Orb
|move|p1b: Raichu|Zap Cannon|p2a: Basculegion
|-supereffective|p2a: Basculegion|1
|-crit|p2a: Basculegion
|-damage|p2a: Basculegion|0 fnt
|faint|p2a: Basculegion
|
|-sideend|p2: odio esta reg|move: Tailwind
|upkeep
|
|t:|1785349946
|switch|p1a: Decidueye|Decidueye-Hisui, L50, M, shiny|100/100
|turn|6
|
|t:|1785349954
|move|p1b: Raichu|Protect|p1b: Raichu
|-singleturn|p1b: Raichu|Protect
|move|p2b: Garchomp|Rock Slide|p1b: Raichu|[spread] p1a
|-activate|p1b: Raichu|move: Protect
|-resisted|p1a: Decidueye|1
|-damage|p1a: Decidueye|84/100
|-damage|p2b: Garchomp|57/100|[from] item: Life Orb
|cant|p1a: Decidueye|flinch
|
|upkeep
|turn|7
|
|t:|1785349960
|move|p1b: Raichu|Focus Blast|p2b: Garchomp
|-damage|p2b: Garchomp|9/100
|move|p2b: Garchomp|Earthquake|p1a: Decidueye|[spread] p1a,p1b
|-resisted|p1a: Decidueye|1
|-supereffective|p1b: Raichu|1
|-damage|p1a: Decidueye|53/100
|-damage|p1b: Raichu|0 fnt
|faint|p1b: Raichu
|-damage|p2b: Garchomp|0 fnt|[from] item: Life Orb
|faint|p2b: Garchomp
|
|win|Tracansao
||odio esta reg is ready for game 2.
||Tracansao is ready for game 2.
|uhtml|next|Next: Game 2 of 3
|l|☆odio esta reg
|player|p2|
