|j|☆viatles
|j|☆ansufati7
|html|viatlesansufati7    
|uhtml|bestof|Game 1 of a best-of-3
|t:|1757007350
|gametype|doubles
|player|p1|viatles|hiker|1120
|player|p2|ansufati7|ethan|1032
|gen|9
|tier|[Gen 9] VGC 2025 Reg H (Bo3)
|rated|
|rule|Species Clause: Limit one of each Pokémon
|rule|Item Clause: Limit 1 of each item
|clearpoke
|poke|p1|Serperior, L50, M|
|poke|p1|Grimmsnarl, L50, M|
|poke|p1|Empoleon, L50, M|
|poke|p1|Garchomp, L50, M|
|poke|p1|Araquanid, L50, M|
|poke|p1|Garganacl, L50, M|
|poke|p2|Ursaluna-Bloodmoon, L50, M|
|poke|p2|Rillaboom, L50, M|
|poke|p2|Gholdengo, L50|
|poke|p2|Incineroar, L50, F|
|poke|p2|Whimsicott, L50, F|
|poke|p2|Dragonite, L50, F|
|teampreview|4
|showteam|p1|Serperior||CovertCloak|Contrary|Protect,LeafStorm,TeraBlast,GrassPledge|||M|||50|,,,,,Stellar]Grimmsnarl||LightClay|Prankster|LightScreen,Reflect,SpiritBreak,ThunderWave|||M|||50|,,,,,Ghost]Empoleon||ChopleBerry|Competitive|WaterPledge,FlashCannon,Haze,Protect|||M|||50|,,,,,Grass]Garchomp||LoadedDice|RoughSkin|ScaleShot,Earthquake,IronHead,Protect|||M|||50|,,,,,Steel]Araquanid||SafetyGoggles|WaterBubble|WideGuard,Protect,Liquidation,Infestation|||M|||50|,,,,,Grass]Garganacl||Leftovers|PurifyingSalt|SaltCure,Recover,Protect,ThunderPunch|||M|||50|,,,,,Water
|showteam|p2|Ursaluna-Bloodmoon||AssaultVest|MindsEye|BloodMoon,VacuumWave,EarthPower,HyperVoice|||M|||50|,,,,,Ghost]Rillaboom||MiracleSeed|GrassySurge|FakeOut,GrassyGlide,Uturn,WoodHammer|||M|||50|,,,,,Fire]Gholdengo||ChoiceScarf|GoodasGold|MakeItRain,ShadowBall,Trick,NastyPlot||||||50|,,,,,Water]Incineroar||SafetyGoggles|Intimidate|FakeOut,KnockOff,PartingShot,WillOWisp|||F|||50|,,,,,Ghost]Whimsicott||CovertCloak|Prankster|Moonblast,Tailwind,SunnyDay,Encore|||F|||50|,,,,,Poison]Dragonite||LoadedDice|Multiscale|ExtremeSpeed,Protect,ScaleShot,Haze|||F|||50|,,,,,Normal
|c|☆viatles|gl hf
|inactive|Battle timer is ON: inactive players will automatically lose when time's up. (requested by viatles)
|inactive|ansufati7 has 60 seconds left.
|
|t:|1757007401
|teamsize|p1|4
|teamsize|p2|4
|start
|switch|p1a: Grimmsnarl|Grimmsnarl, L50, M|100/100
|switch|p1b: Garchomp|Garchomp, L50, M|100/100
|switch|p2a: Whimsicott|Whimsicott, L50, F, shiny|100/100
|switch|p2b: Rillaboom|Rillaboom, L50, M|100/100
|-fieldstart|move: Grassy Terrain|[from] ability: Grassy Surge|[of] p2b: Rillaboom
|turn|1
|inactive|ansufati7 has 30 seconds left.
|inactive|ansufati7 has 20 seconds left.
|
|t:|1757007440
|-terastallize|p1a: Grimmsnarl|Ghost
|move|p2b: Rillaboom|Fake Out|p1b: Garchomp
|-damage|p1b: Garchomp|87/100
|-damage|p2b: Rillaboom|88/100|[from] ability: Rough Skin|[of] p1b: Garchomp
|move|p2a: Whimsicott|Tailwind|p2a: Whimsicott
|-sidestart|p2: ansufati7|move: Tailwind
|move|p1a: Grimmsnarl|Thunder Wave|p2b: Rillaboom
|-status|p2b: Rillaboom|par
|cant|p1b: Garchomp|flinch
|
|-heal|p1b: Garchomp|93/100|[from] Grassy Terrain
|-heal|p2b: Rillaboom|94/100 par|[from] Grassy Terrain
|upkeep
|turn|2
|
|t:|1757007461
|move|p1a: Grimmsnarl|Light Screen|p1a: Grimmsnarl
|-sidestart|p1: viatles|move: Light Screen
|move|p2a: Whimsicott|Moonblast|p1b: Garchomp
|-supereffective|p1b: Garchomp
|-damage|p1b: Garchomp|52/100
|move|p1b: Garchomp|Iron Head|p2a: Whimsicott
|-supereffective|p2a: Whimsicott
|-damage|p2a: Whimsicott|20/100
|move|p2b: Rillaboom|Wood Hammer|p1a: Grimmsnarl
|-damage|p1a: Grimmsnarl|8/100
|-damage|p2b: Rillaboom|64/100 par|[from] Recoil
|
|-heal|p2a: Whimsicott|27/100|[from] Grassy Terrain
|-heal|p1b: Garchomp|58/100|[from] Grassy Terrain
|-heal|p2b: Rillaboom|70/100 par|[from] Grassy Terrain
|-heal|p1a: Grimmsnarl|14/100|[from] Grassy Terrain
|upkeep
|turn|3
|inactive|viatles has 30 seconds left.
|inactive|ansufati7 has 30 seconds left.
|
|t:|1757007488
|switch|p2a: Gholdengo|Gholdengo, L50|100/100
|move|p1b: Garchomp|Protect|p1b: Garchomp
|-singleturn|p1b: Garchomp|Protect
|move|p1a: Grimmsnarl|Thunder Wave|p2a: Gholdengo
|-immune|p2a: Gholdengo|[from] ability: Good as Gold
|move|p2b: Rillaboom|Wood Hammer|p1b: Garchomp
|-activate|p1b: Garchomp|move: Protect
|
|-heal|p1b: Garchomp|64/100|[from] Grassy Terrain
|-heal|p2b: Rillaboom|76/100 par|[from] Grassy Terrain
|-heal|p1a: Grimmsnarl|20/100|[from] Grassy Terrain
|upkeep
|turn|4
|inactive|viatles has 30 seconds left.
|inactive|ansufati7 has 30 seconds left.
|
|t:|1757007515
|-terastallize|p2a: Gholdengo|Water
|move|p1a: Grimmsnarl|Reflect|p1a: Grimmsnarl
|-sidestart|p1: viatles|Reflect
|move|p2a: Gholdengo|Trick|p1a: Grimmsnarl
|-activate|p2a: Gholdengo|move: Trick|[of] p1a: Grimmsnarl
|-item|p1a: Grimmsnarl|Choice Scarf|[from] move: Trick
|-item|p2a: Gholdengo|Light Clay|[from] move: Trick
|move|p1b: Garchomp|Scale Shot|p2b: Rillaboom
|-damage|p2b: Rillaboom|61/100 par
|-damage|p2b: Rillaboom|48/100 par
|-damage|p2b: Rillaboom|33/100 par
|-damage|p2b: Rillaboom|19/100 par
|-hitcount|p2b: Rillaboom|4
|-unboost|p1b: Garchomp|def|1
|-boost|p1b: Garchomp|spe|1
|move|p2b: Rillaboom|Wood Hammer|p1b: Garchomp
|-damage|p1b: Garchomp|0 fnt
|-damage|p2b: Rillaboom|7/100 par|[from] ability: Rough Skin|[of] p1b: Garchomp
|faint|p1b: Garchomp
|-damage|p2b: Rillaboom|0 fnt|[from] Recoil
|faint|p2b: Rillaboom
|
|-heal|p1a: Grimmsnarl|26/100|[from] Grassy Terrain
|-sideend|p2: ansufati7|move: Tailwind
|upkeep
|
|t:|1757007538
|switch|p1b: Serperior|Serperior, L50, M|100/100
|switch|p2b: Whimsicott|Whimsicott, L50, F, shiny|27/100
|turn|5
|inactive|ansufati7 has 30 seconds left.
|
|t:|1757007566
|move|p2b: Whimsicott|Tailwind|p2b: Whimsicott
|-sidestart|p2: ansufati7|move: Tailwind
|move|p2a: Gholdengo|Shadow Ball|p1b: Serperior
|-damage|p1b: Serperior|68/100
|move|p1b: Serperior|Leaf Storm|p2b: Whimsicott
|-resisted|p2b: Whimsicott
|-damage|p2b: Whimsicott|0 fnt
|-boost|p1b: Serperior|spa|2
|faint|p2b: Whimsicott
|move|p1a: Grimmsnarl|Spirit Break|p2a: Gholdengo
|-damage|p2a: Gholdengo|62/100
|-unboost|p2a: Gholdengo|spa|1
|
|-heal|p2a: Gholdengo|68/100|[from] Grassy Terrain
|-heal|p1b: Serperior|74/100|[from] Grassy Terrain
|-heal|p1a: Grimmsnarl|32/100|[from] Grassy Terrain
|-fieldend|move: Grassy Terrain
|upkeep
|
|t:|1757007582
|switch|p2b: Ursaluna|Ursaluna-Bloodmoon, L50, M|100/100
|turn|6
|inactive|ansufati7 has 30 seconds left.
|
|t:|1757007608
|move|p1b: Serperior|Protect|p1b: Serperior
|-singleturn|p1b: Serperior|Protect
|move|p2a: Gholdengo|Make It Rain|p1b: Serperior|[spread] p1a
|-activate|p1b: Serperior|move: Protect
|-damage|p1a: Grimmsnarl|11/100
|-unboost|p2a: Gholdengo|spa|1
|move|p2b: Ursaluna|Blood Moon|p1b: Serperior
|-activate|p1b: Serperior|move: Protect
|move|p1a: Grimmsnarl|Spirit Break|p2b: Ursaluna
|-damage|p2b: Ursaluna|79/100
|-unboost|p2b: Ursaluna|spa|1
|
|upkeep
|turn|7
|inactive|viatles has 30 seconds left.
|inactive|ansufati7 has 30 seconds left.
|inactive|viatles has 20 seconds left.
|
|t:|1757007647
|move|p2a: Gholdengo|Shadow Ball|p1a: Grimmsnarl
|-supereffective|p1a: Grimmsnarl
|-damage|p1a: Grimmsnarl|0 fnt
|faint|p1a: Grimmsnarl
|move|p1b: Serperior|Leaf Storm|p2a: Gholdengo
|-supereffective|p2a: Gholdengo
|-damage|p2a: Gholdengo|0 fnt
|-boost|p1b: Serperior|spa|2
|faint|p2a: Gholdengo
|move|p2b: Ursaluna|Hyper Voice|p1b: Serperior
|-damage|p1b: Serperior|47/100
|
|upkeep
|
|t:|1757007658
|switch|p1a: Empoleon|Empoleon, L50, M|100/100
|turn|8
|
|t:|1757007669
|move|p1b: Serperior|Grass Pledge|p2b: Ursaluna
|-waiting|p1b: Serperior|p1a: Empoleon
|move|p1a: Empoleon|Water Pledge|p2b: Ursaluna|[from] move: Grass Pledge
|-combine
|-supereffective|p2b: Ursaluna
|-damage|p2b: Ursaluna|0 fnt
|-sidestart|p2: ansufati7|Grass Pledge
|faint|p2b: Ursaluna
|
|win|viatles
