|j|☆Theompz
|j|☆pdpete98
|html|Theompzpdpete98    
|uhtml|bestof|Game 2 of a best-of-3
|t:|1757155436
|gametype|doubles
|player|p1|Theompz|colress|1098
|player|p2|pdpete98|2|1166
|gen|9
|tier|[Gen 9] VGC 2025 Reg H (Bo3)
|rated|
|rule|Species Clause: Limit one of each Pokémon
|rule|Item Clause: Limit 1 of each item
|clearpoke
|poke|p1|Meowscarada, L50, M|
|poke|p1|Ursaluna-Bloodmoon, L50, M|
|poke|p1|Incineroar, L50, F|
|poke|p1|Whimsicott, L50, M|
|poke|p1|Typhlosion-Hisui, L50, M|
|poke|p1|Sneasler, L50, M|
|poke|p2|Incineroar, L50, F|
|poke|p2|Porygon2, L50|
|poke|p2|Ursaluna, L50, F|
|poke|p2|Gholdengo, L50|
|poke|p2|Vivillon, L50, F|
|poke|p2|Sneasler, L50, F|
|teampreview|4
|showteam|p1|Meowscarada||ChoiceBand|Protean|FlowerTrick,KnockOff,TripleAxel,Uturn|||M|||50|,,,,,Ghost]Ursaluna-Bloodmoon||ThroatSpray|MindsEye|BloodMoon,HyperVoice,EarthPower,Protect|||M|||50|,,,,,Normal]Incineroar||SafetyGoggles|Intimidate|FakeOut,PartingShot,KnockOff,FlareBlitz|||F|||50|,,,,,Ghost]Whimsicott||CovertCloak|Prankster|Tailwind,SunnyDay,Encore,Moonblast|||M|||50|,,,,,Water]Typhlosion-Hisui||FocusSash|Blaze|Eruption,HeatWave,ShadowBall,Protect|||M|||50|,,,,,Stellar]Sneasler||LifeOrb|PoisonTouch|FakeOut,DireClaw,CloseCombat,Protect|||M|||50|,,,,,Ghost
|showteam|p2|Incineroar||SafetyGoggles|Intimidate|FakeOut,FlareBlitz,KnockOff,PartingShot|||F|||50|,,,,,Ghost]Porygon2||Eviolite|Download|TeraBlast,IceBeam,Recover,TrickRoom||||||50|,,,,,Flying]Ursaluna||FlameOrb|Guts|Facade,Earthquake,HeadlongRush,Protect|||F|||50|,,,,,Ghost]Gholdengo||LifeOrb|GoodasGold|MakeItRain,ShadowBall,NastyPlot,Protect||||||50|,,,,,Water]Vivillon||FocusSash|CompoundEyes|Hurricane,SleepPowder,Tailwind,Protect|||F|||50|,,,,,Ghost]Sneasler||WhiteHerb|Unburden|CloseCombat,DireClaw,Coaching,Protect|||F|||50|,,,,,Stellar
|inactive|Battle timer is ON: inactive players will automatically lose when time's up. (requested by Theompz)
|inactive|pdpete98 has 60 seconds left.
|
|t:|1757155476
|teamsize|p1|4
|teamsize|p2|4
|start
|switch|p1a: Whimsicott|Whimsicott, L50, M, shiny|100/100
|switch|p1b: Ursaluna|Ursaluna-Bloodmoon, L50, M|100/100
|switch|p2a: Incineroar|Incineroar, L50, F|100/100
|switch|p2b: Gholdengo|Gholdengo, L50|100/100
|-ability|p2a: Incineroar|Intimidate|boost
|-unboost|p1a: Whimsicott|atk|1
|-unboost|p1b: Ursaluna|atk|1
|turn|1
|
|t:|1757155495
|-terastallize|p1a: Whimsicott|Water
|move|p2a: Incineroar|Fake Out|p1b: Ursaluna
|-damage|p1b: Ursaluna|92/100
|move|p1a: Whimsicott|Tailwind|p1a: Whimsicott
|-sidestart|p1: Theompz|move: Tailwind
|cant|p1b: Ursaluna|flinch
|move|p2b: Gholdengo|Nasty Plot|p2b: Gholdengo
|-boost|p2b: Gholdengo|spa|2
|
|upkeep
|turn|2
|inactive|pdpete98 has 30 seconds left.
|inactive|pdpete98 has 20 seconds left.
|
|t:|1757155533
|move|p1a: Whimsicott|Moonblast|p2a: Incineroar
|-damage|p2a: Incineroar|64/100
|move|p1b: Ursaluna|Hyper Voice|p2b: Gholdengo|[spread] p2a,p2b
|-resisted|p2b: Gholdengo
|-damage|p2a: Incineroar|24/100
|-damage|p2b: Gholdengo|79/100
|-enditem|p1b: Ursaluna|Throat Spray
|-boost|p1b: Ursaluna|spa|1|[from] item: Throat Spray
|move|p2b: Gholdengo|Nasty Plot|p2b: Gholdengo
|-boost|p2b: Gholdengo|spa|2
|move|p2a: Incineroar|Parting Shot|p1b: Ursaluna
|-unboost|p1b: Ursaluna|atk|1
|-unboost|p1b: Ursaluna|spa|1
|
|t:|1757155544
|switch|p2a: Vivillon|Vivillon, L50, F|100/100|[from] Parting Shot
|
|upkeep
|turn|3
|inactive|pdpete98 has 30 seconds left.
|inactive|pdpete98 has 20 seconds left.
|inactive|pdpete98 has 15 seconds left.
|inactive|pdpete98 has 10 seconds left.
|
|t:|1757155590
|switch|p1a: Typhlosion|Typhlosion-Hisui, L50, M, shiny|100/100
|move|p1b: Ursaluna|Protect|p1b: Ursaluna
|-singleturn|p1b: Ursaluna|Protect
|move|p2b: Gholdengo|Protect|p2b: Gholdengo
|-singleturn|p2b: Gholdengo|Protect
|move|p2a: Vivillon|Tailwind|p2a: Vivillon
|-sidestart|p2: pdpete98|move: Tailwind
|
|upkeep
|turn|4
|inactive|Theompz has 30 seconds left.
|inactive|pdpete98 has 30 seconds left.
|
|t:|1757155630
|-terastallize|p2b: Gholdengo|Water
|move|p1a: Typhlosion|Protect|p1a: Typhlosion
|-singleturn|p1a: Typhlosion|Protect
|move|p2a: Vivillon|Hurricane|p1a: Typhlosion
|-activate|p1a: Typhlosion|move: Protect
|move|p2b: Gholdengo|Make It Rain|p1a: Typhlosion|[spread] p1b
|-activate|p1a: Typhlosion|move: Protect
|-damage|p1b: Ursaluna|0 fnt
|-unboost|p2b: Gholdengo|spa|1
|faint|p1b: Ursaluna
|-damage|p2b: Gholdengo|70/100|[from] item: Life Orb
|
|-sideend|p1: Theompz|move: Tailwind
|upkeep
|
|t:|1757155647
|switch|p1b: Whimsicott|Whimsicott, L50, M, shiny, tera:Water|100/100
|turn|5
|inactive|Theompz has 30 seconds left.
|
|t:|1757155678
|move|p1b: Whimsicott|Sunny Day|p1b: Whimsicott
|-weather|SunnyDay
|move|p2a: Vivillon|Hurricane|p1a: Typhlosion
|-damage|p1a: Typhlosion|37/100
|move|p2b: Gholdengo|Make It Rain|p1b: Whimsicott|[spread] p1a,p1b
|-resisted|p1a: Typhlosion
|-resisted|p1b: Whimsicott
|-damage|p1a: Typhlosion|0 fnt
|-damage|p1b: Whimsicott|0 fnt
|-unboost|p2b: Gholdengo|spa|1
|faint|p1a: Typhlosion
|faint|p1b: Whimsicott
|-damage|p2b: Gholdengo|60/100|[from] item: Life Orb
|
|-weather|SunnyDay|[upkeep]
|upkeep
|-message|Theompz forfeited.
|
|win|pdpete98
|raw|Theompz's rating: 1098 → 1078(-20 for losing)
|raw|pdpete98's rating: 1166 → 1186(+20 for winning)
|l|☆Theompz
|player|p1|
