|j|☆girlschoicebandcry
|j|☆Kamen Rider MIce
|html|girlschoicebandcryKamen Rider MIce    
|uhtml|bestof|Game 1 of a best-of-3
|t:|1785092856
|gametype|doubles
|player|p1|girlschoicebandcry|beauty-gen6xy|1000
|player|p2|Kamen Rider MIce|red-lgpe|1000
|gen|9
|tier|[Gen 9 Champions] VGC 2026 Reg M-B (Bo3)
|rated|
|rule|Species Clause: Limit one of each Pokémon
|rule|Item Clause: Limit 1 of each item
|clearpoke
|poke|p1|Tyranitar, L50, M|
|poke|p1|Excadrill, L50, M|
|poke|p1|Milotic, L50, M|
|poke|p1|Sinistcha, L50|
|poke|p1|Staraptor, L50, F|
|poke|p1|Gholdengo, L50|
|poke|p2|Snorlax, L50, M|
|poke|p2|Victreebel, L50, M|
|poke|p2|Arcanine, L50, M|
|poke|p2|Starmie, L50|
|poke|p2|Machamp, L50, F|
|poke|p2|Clefable, L50, F|
|teampreview|4
|showteam|p1|Tyranitar||Tyranitarite|SandStream|KnockOff,RockSlide,HighHorsepower,Protect|Jolly||M|||50|]Excadrill||FocusSash|SandRush|HighHorsepower,IronHead,RockSlide,Protect|Adamant||M|||50|]Milotic||SitrusBerry|Competitive|Scald,IcyWind,Haze,Protect|Calm||M|||50|]Sinistcha||ColburBerry|Hospitality|MatchaGotcha,ShadowBall,Protect,RagePowder|Bold|||||50|]Staraptor||Staraptite|Intimidate|CloseCombat,BraveBird,Tailwind,Protect|Jolly||F|||50|]Gholdengo||LifeOrb|GoodasGold|MakeItRain,ShadowBall,NastyPlot,Protect|Modest|||||50|
|showteam|p2|Snorlax||Leftovers|Immunity|BodySlam,HeatCrash,SupercellSlam,BellyDrum|Impish||M|||50|]Victreebel||Victreebelite|Chlorophyll|SludgeBomb,EnergyBall,Protect,StrengthSap|Timid||M|||50|]Arcanine||LifeOrb|Intimidate|RagingFury,PlayRough,ExtremeSpeed,Protect|Jolly||M|||50|]Starmie||ChoiceScarf|Analytic|Scald,Psychic,IceBeam,TriAttack|Timid|||||50|]Machamp||BlackBelt|NoGuard|DynamicPunch,StoneEdge,GigaImpact,Protect|Adamant||F|||50|]Clefable||SitrusBerry|CuteCharm|Moonblast,MeteorBeam,Protect,Wish|Modest||F|||50|
|inactive|Battle timer is ON: inactive players will automatically lose when time's up. (requested by girlschoicebandcry)
|inactive|girlschoicebandcry has 60 seconds left.
|inactive|girlschoicebandcry has 30 seconds left.
|inactive|girlschoicebandcry has 20 seconds left.
|inactive|girlschoicebandcry has 15 seconds left.
|inactive|girlschoicebandcry has 10 seconds left.
|
|t:|1785092939
|teamsize|p1|4
|teamsize|p2|4
|start
|switch|p1a: Staraptor|Staraptor, L50, F|100/100
|switch|p1b: Tyranitar|Tyranitar, L50, M|100/100
|switch|p2a: Snorlax|Snorlax, L50, M|100/100
|switch|p2b: Victreebel|Victreebel, L50, M|100/100
|-ability|p1a: Staraptor|Intimidate|boost
|-unboost|p2a: Snorlax|atk|1
|-unboost|p2b: Victreebel|atk|1
|-weather|Sandstorm|[from] ability: Sand Stream|[of] p1b: Tyranitar
|turn|1
|inactive|girlschoicebandcry has 30 seconds left.
|inactive|girlschoicebandcry has 20 seconds left.
|inactive|girlschoicebandcry has 15 seconds left.
|
|t:|1785092983
|switch|p1b: Sinistcha|Sinistcha, L50|100/100
|detailschange|p1a: Staraptor|Staraptor-Mega, L50, F
|-mega|p1a: Staraptor|Staraptor|Staraptite
|detailschange|p2b: Victreebel|Victreebel-Mega, L50, M
|-mega|p2b: Victreebel|Victreebel|Victreebelite
|move|p1a: Staraptor|Close Combat|p2a: Snorlax
|-supereffective|p2a: Snorlax|1
|-damage|p2a: Snorlax|31/100
|-boost|p1a: Staraptor|def|1
|-boost|p1a: Staraptor|spd|1
|move|p2b: Victreebel|Sludge Bomb|p1a: Staraptor
|-damage|p1a: Staraptor|73/100
|move|p2a: Snorlax|Supercell Slam|p1a: Staraptor
|-supereffective|p1a: Staraptor|1
|-damage|p1a: Staraptor|50/100g
|
|-weather|Sandstorm|[upkeep]
|-damage|p1a: Staraptor|44/100|[from] Sandstorm
|-damage|p2b: Victreebel|94/100|[from] Sandstorm
|-damage|p1b: Sinistcha|94/100|[from] Sandstorm
|-damage|p2a: Snorlax|25/100|[from] Sandstorm
|-heal|p2a: Snorlax|31/100|[from] item: Leftovers
|upkeep
|turn|2
|inactive|girlschoicebandcry has 30 seconds left.
|inactive|Kamen Rider MIce has 30 seconds left.
|inactive|Kamen Rider MIce has 20 seconds left.
|
|t:|1785093021
|switch|p1b: Tyranitar|Tyranitar, L50, M|100/100
|move|p1a: Staraptor|Protect|p1a: Staraptor
|-singleturn|p1a: Staraptor|Protect
|move|p2b: Victreebel|Sludge Bomb|p1a: Staraptor
|-activate|p1a: Staraptor|move: Protect
|move|p2a: Snorlax|Heat Crash|p1b: Tyranitar
|-resisted|p1b: Tyranitar|1
|-damage|p1b: Tyranitar|95/100
|
|-weather|Sandstorm|[upkeep]
|-damage|p1a: Staraptor|39/100|[from] Sandstorm
|-damage|p2b: Victreebel|88/100|[from] Sandstorm
|-damage|p2a: Snorlax|25/100|[from] Sandstorm
|-heal|p2a: Snorlax|31/100|[from] item: Leftovers
|upkeep
|turn|3
|inactive|Kamen Rider MIce has 30 seconds left.
|
|t:|1785093047
|switch|p1b: Sinistcha|Sinistcha, L50|94/100
|-heal|p1a: Staraptor|64/100|[from] ability: Hospitality|[of] p1b: Sinistcha
|move|p1a: Staraptor|Close Combat|p2a: Snorlax
|-supereffective|p2a: Snorlax|1
|-damage|p2a: Snorlax|0 fnt
|-boost|p1a: Staraptor|def|1
|-boost|p1a: Staraptor|spd|1
|faint|p2a: Snorlax
|move|p2b: Victreebel|Energy Ball|p1b: Sinistcha
|-resisted|p1b: Sinistcha|1
|-damage|p1b: Sinistcha|74/100
|
|-weather|Sandstorm|[upkeep]
|-damage|p1a: Staraptor|58/100|[from] Sandstorm
|-damage|p2b: Victreebel|82/100|[from] Sandstorm
|-damage|p1b: Sinistcha|69/100|[from] Sandstorm
|upkeep
|
|t:|1785093059
|switch|p2a: Arcanine|Arcanine, L50, M|100/100
|-ability|p2a: Arcanine|Intimidate|boost
|-boost|p1a: Staraptor|atk|1
|-unboost|p1b: Sinistcha|atk|1
|turn|4
|
|t:|1785093079
|move|p1b: Sinistcha|Rage Powder|p1b: Sinistcha
|-singleturn|p1b: Sinistcha|move: Rage Powder
|move|p1a: Staraptor|Brave Bird|p2b: Victreebel
|-supereffective|p2b: Victreebel|1
|-damage|p2b: Victreebel|0 fnt
|-damage|p1a: Staraptor|0 fnt|[from] ability: Innards Out|[of] p2b: Victreebel
|faint|p2b: Victreebel
|faint|p1a: Staraptor
|move|p2a: Arcanine|Raging Fury|p1b: Sinistcha
|-supereffective|p1b: Sinistcha|1
|-damage|p1b: Sinistcha|0 fnt
|faint|p1b: Sinistcha
|-damage|p2a: Arcanine|90/100|[from] item: Life Orb
|
|-weather|Sandstorm|[upkeep]
|-damage|p2a: Arcanine|84/100|[from] Sandstorm
|upkeep
|
|t:|1785093094
|switch|p1a: Tyranitar|Tyranitar, L50, M|95/100
|switch|p2b: Machamp|Machamp, L50, F|100/100
|switch|p1b: Milotic|Milotic, L50, M|100/100
|turn|5
|
|t:|1785093108
|move|p1a: Tyranitar|Protect|p1a: Tyranitar
|-singleturn|p1a: Tyranitar|Protect
|move|p2a: Arcanine|Raging Fury|p1a: Tyranitar|[from] lockedmove
|-activate|p1a: Tyranitar|move: Protect
|-start|p2a: Arcanine|confusion|[fatigue]
|move|p1b: Milotic|Scald|p2b: Machamp
|-damage|p2b: Machamp|71/100
|-status|p2b: Machamp|brn
|move|p2b: Machamp|Dynamic Punch|p1a: Tyranitar
|-activate|p1a: Tyranitar|move: Protect
|
|-weather|none
|-damage|p2b: Machamp|65/100 brn|[from] brn
|upkeep
|turn|6
|inactive|girlschoicebandcry has 30 seconds left.
|inactive|girlschoicebandcry has 20 seconds left.
|
|t:|1785093144
|-activate|p2a: Arcanine|confusion
|move|p2a: Arcanine|Play Rough|p1b: Milotic
|-damage|p1b: Milotic|63/100
|-unboost|p1b: Milotic|atk|1
|-ability|p1b: Milotic|Competitive|boost
|-boost|p1b: Milotic|spa|2
|-damage|p2a: Arcanine|74/100|[from] item: Life Orb
|move|p1a: Tyranitar|High Horsepower|p2b: Machamp
|-damage|p2b: Machamp|32/100 brn
|move|p1b: Milotic|Scald|p2b: Machamp
|-damage|p2b: Machamp|0 fnt
|faint|p2b: Machamp
|
|upkeep
|turn|7
|
|t:|1785093159
|-end|p2a: Arcanine|confusion
|move|p2a: Arcanine|Extreme Speed|p1b: Milotic
|-damage|p1b: Milotic|30/100
|-enditem|p1b: Milotic|Sitrus Berry|[eat]
|-heal|p1b: Milotic|55/100|[from] item: Sitrus Berry
|-damage|p2a: Arcanine|64/100|[from] item: Life Orb
|move|p1a: Tyranitar|High Horsepower|p2a: Arcanine
|-supereffective|p2a: Arcanine|1
|-damage|p2a: Arcanine|2/100
|move|p1b: Milotic|Scald|p2a: Arcanine
|-supereffective|p2a: Arcanine|1
|-damage|p2a: Arcanine|0 fnt
|faint|p2a: Arcanine
|
|win|girlschoicebandcry
