|j|☆Ng010394
|j|☆pala97
|html|Ng010394pala97    
|uhtml|bestof|Game 1 of a best-of-3
|t:|1782377405
|gametype|doubles
|player|p1|Ng010394|102|1130
|player|p2|pala97|skyla|1000
|gen|9
|tier|[Gen 9 Champions] VGC 2026 Reg M-B (Bo3)
|rated|
|rule|Species Clause: Limit one of each Pokémon
|rule|Item Clause: Limit 1 of each item
|clearpoke
|poke|p1|Corviknight, L50, F|
|poke|p1|Raichu, L50, F|
|poke|p1|Primarina, L50, F|
|poke|p1|Dragapult, L50, F|
|poke|p1|Incineroar, L50, M|
|poke|p1|Starmie, L50|
|poke|p2|Staraptor, L50, M, shiny|
|poke|p2|Whimsicott, L50, F|
|poke|p2|Incineroar, L50, M|
|poke|p2|Sinistcha, L50|
|poke|p2|Gholdengo, L50|
|poke|p2|Raichu, L50, M|
|teampreview|4
|showteam|p1|Corviknight||Leftovers|MirrorArmor|Tailwind,BodyPress,IronHead,BulkUp|Impish||F|||50|]Raichu||RaichuniteY|LightningRod|ZapCannon,FocusBlast,FakeOut,Protect|Hasty||F|||50|]Primarina||MysticWater|LiquidVoice|Moonblast,Protect,HyperVoice,EnergyBall|Modest||F|||50|]Dragapult||LifeOrb|ClearBody|DragonDarts,ShadowBall,Flamethrower,Protect|Hasty||F|||50|]Incineroar||SitrusBerry|Intimidate|FakeOut,PartingShot,ThroatChop,FlareBlitz|Careful||M|||50|]Starmie||Starminite|NaturalCure|AquaJet,Waterfall,ZenHeadbutt,IceSpinner|Jolly|||||50|
|showteam|p2|Staraptor||Staraptite|Intimidate|Protect,CloseCombat,Roost,BraveBird|Jolly||M|||50|]Whimsicott||FocusSash|Prankster|Charm,Tailwind,Moonblast,Encore|Timid||F|||50|]Incineroar||SitrusBerry|Intimidate|FakeOut,FlareBlitz,PartingShot,ThroatChop|Careful||M|||50|]Sinistcha||KasibBerry|Hospitality|Protect,MatchaGotcha,RagePowder,LifeDew|Bold|||||50|]Gholdengo||LifeOrb|GoodasGold|MakeItRain,Protect,PowerGem,ShadowBall|Timid|||||50|]Raichu||RaichuniteY|LightningRod|FakeOut,FocusBlast,Protect,ZapCannon|Timid||M|||50|
|inactive|Battle timer is ON: inactive players will automatically lose when time's up. (requested by Ng010394)
|
|t:|1782377459
|teamsize|p1|4
|teamsize|p2|4
|start
|switch|p1a: Corviknight|Corviknight, L50, F|100/100
|switch|p1b: Raichu|Raichu, L50, F|100/100
|switch|p2a: MarlonBrando|Staraptor, L50, M, shiny|100/100
|switch|p2b: Tommasino|Whimsicott, L50, F|100/100
|-ability|p2a: MarlonBrando|Intimidate|boost
|-ability|p1a: Corviknight|Mirror Armor
|-unboost|p2a: MarlonBrando|atk|1
|-unboost|p1b: Raichu|atk|1
|turn|1
|inactive|Ng010394 has 30 seconds left.
|inactive|pala97 has 30 seconds left.
|
|t:|1782377491
|detailschange|p1b: Raichu|Raichu-Mega-Y, L50, F
|-mega|p1b: Raichu|Raichu|Raichunite Y
|detailschange|p2a: MarlonBrando|Staraptor-Mega, L50, M, shiny
|-mega|p2a: MarlonBrando|Staraptor|Staraptite
|move|p2a: MarlonBrando|Protect|p2a: MarlonBrando
|-singleturn|p2a: MarlonBrando|Protect
|move|p2b: Tommasino|Tailwind|p2b: Tommasino
|-sidestart|p2: pala97|move: Tailwind
|move|p1b: Raichu|Zap Cannon|p2a: MarlonBrando
|-activate|p2a: MarlonBrando|move: Protect
|move|p1a: Corviknight|Tailwind|p1a: Corviknight
|-sidestart|p1: Ng010394|move: Tailwind
|
|upkeep
|turn|2
|
|t:|1782377514
|switch|p2a: Charles|Sinistcha, L50|100/100
|move|p2b: Tommasino|Encore|p1a: Corviknight
|-start|p1a: Corviknight|Encore
|move|p1b: Raichu|Zap Cannon|p2a: Charles
|-resisted|p2a: Charles|1
|-damage|p2a: Charles|63/100
|-status|p2a: Charles|par
|move|p1a: Corviknight|Tailwind||[still]
|-fail|p1a: Corviknight
|
|upkeep
|turn|3
|
|t:|1782377533
|switch|p1a: Dragapult|Dragapult, L50, F|100/100
|move|p1b: Raichu|Zap Cannon|p2b: Tommasino
|-resisted|p2b: Tommasino|1
|-damage|p2b: Tommasino|36/100
|-status|p2b: Tommasino|par
|move|p2b: Tommasino|Moonblast|p1b: Raichu
|-damage|p1b: Raichu|43/100
|move|p2a: Charles|Matcha Gotcha|p1b: Raichu|[spread] p1a,p1b
|-resisted|p1a: Dragapult|1
|-damage|p1a: Dragapult|81/100
|-heal|p2a: Charles|71/100 par|[from] drain|[of] p1a: Dragapult
|-damage|p1b: Raichu|5/100
|-heal|p2a: Charles|86/100 par|[from] drain|[of] p1b: Raichu
|-status|p1b: Raichu|brn
|
|-damage|p1b: Raichu|0 fnt|[from] brn
|faint|p1b: Raichu
|upkeep
|
|t:|1782377548
|switch|p1b: Corviknight|Corviknight, L50, F|100/100
|turn|4
|
|t:|1782377565
|move|p2a: Charles|Rage Powder|p2a: Charles
|-singleturn|p2a: Charles|move: Rage Powder
|move|p1a: Dragapult|Flamethrower|p2a: Charles
|-supereffective|p2a: Charles|1
|-damage|p2a: Charles|17/100 par
|-damage|p1a: Dragapult|71/100|[from] item: Life Orb
|move|p2b: Tommasino|Moonblast|p1a: Dragapult
|-supereffective|p1a: Dragapult|1
|-damage|p1a: Dragapult|0 fnt
|faint|p1a: Dragapult
|move|p1b: Corviknight|Iron Head|p2a: Charles
|-damage|p2a: Charles|0 fnt
|faint|p2a: Charles
|
|-sideend|p1: Ng010394|move: Tailwind
|-sideend|p2: pala97|move: Tailwind
|upkeep
|
|t:|1782377578
|switch|p1a: Primarina|Primarina, L50, F|100/100
|switch|p2a: MarlonBrando|Staraptor-Mega, L50, M, shiny|100/100
|turn|5
|inactive|pala97 has 30 seconds left.
|
|t:|1782377607
|move|p2b: Tommasino|Charm|p2a: MarlonBrando
|-boost|p2a: MarlonBrando|atk|2
|move|p2a: MarlonBrando|Close Combat|p1b: Corviknight
|-damage|p1b: Corviknight|17/100
|-boost|p2a: MarlonBrando|def|1
|-boost|p2a: MarlonBrando|spd|1
|move|p1b: Corviknight|Iron Head|p2b: Tommasino
|-supereffective|p2b: Tommasino|1
|-damage|p2b: Tommasino|0 fnt
|faint|p2b: Tommasino
|move|p1a: Primarina|Moonblast|p2a: MarlonBrando
|-supereffective|p2a: MarlonBrando|1
|-damage|p2a: MarlonBrando|23/100
|
|-heal|p1b: Corviknight|23/100|[from] item: Leftovers
|upkeep
|
|t:|1782377619
|switch|p2b: Giulio|Incineroar, L50, M|100/100
|-ability|p2b: Giulio|Intimidate|boost
|-unboost|p1a: Primarina|atk|1
|-ability|p1b: Corviknight|Mirror Armor
|-unboost|p2b: Giulio|atk|1
|turn|6
|
|t:|1782377639
|move|p1a: Primarina|Protect|p1a: Primarina
|-singleturn|p1a: Primarina|Protect
|move|p2b: Giulio|Fake Out|p1a: Primarina
|-activate|p1a: Primarina|move: Protect
|move|p2a: MarlonBrando|Close Combat|p1b: Corviknight
|-damage|p1b: Corviknight|0 fnt
|-boost|p2a: MarlonBrando|def|1
|-boost|p2a: MarlonBrando|spd|1
|faint|p1b: Corviknight
|
|upkeep
|turn|7
|
|t:|1782377650
|move|p2a: MarlonBrando|Brave Bird|p1a: Primarina
|-damage|p1a: Primarina|0 fnt
|faint|p1a: Primarina
|-damage|p2a: MarlonBrando|0 fnt|[from] Recoil
|faint|p2a: MarlonBrando
|
|win|pala97
||pala97 is ready for game 2.
||Ng010394 is ready for game 2.
|uhtml|next|Next: Game 2 of 3
