|j|☆paralyze u
|j|☆qeqq
|html|paralyze uqeqq    
|uhtml|bestof|Game 1 of a best-of-3
|t:|1785290088
|gametype|doubles
|player|p1|paralyze u|170|1143
|player|p2|qeqq|266|1100
|gen|9
|tier|[Gen 9 Champions] VGC 2026 Reg M-B (Bo3)
|rated|
|rule|Species Clause: Limit one of each Pokémon
|rule|Item Clause: Limit 1 of each item
|clearpoke
|poke|p1|Gardevoir, L50, M|
|poke|p1|Basculegion, L50, M|
|poke|p1|Talonflame, L50, M|
|poke|p1|Maushold, L50|
|poke|p1|Kingambit, L50, M|
|poke|p1|Kommo-o, L50, M|
|poke|p2|Whimsicott, L50, F|
|poke|p2|Sneasler, L50, M|
|poke|p2|Incineroar, L50, F|
|poke|p2|Basculegion, L50, M|
|poke|p2|Garchomp, L50, M|
|poke|p2|Charizard, L50, F|
|teampreview|4
|showteam|p1|Gardevoir||Gardevoirite|Trace|HyperVoice,Psychic,Thunderbolt,Protect|Modest||M|||50|]Basculegion||ChoiceScarf|Adaptability|WaveCrash,LastRespects,FlipTurn,AquaJet|Jolly||M|||50|]Talonflame||SharpBeak|GaleWings|DualWingbeat,FlareBlitz,Tailwind,Protect|Jolly||M|||50|]Maushold||FocusSash|FriendGuard|SuperFang,Feint,FollowMe,Protect|Jolly|||||50|]Kingambit||ExpertBelt|Defiant|KowtowCleave,SuckerPunch,IronHead,LowKick|Jolly||M|||50|]Kommo-o||LifeOrb|Soundproof|ClangingScales,DracoMeteor,AuraSphere,Protect|Modest||M|||50|
|showteam|p2|Whimsicott||FocusSash|Prankster|Tailwind,Moonblast,Encore,Protect|Timid||F|||50|]Sneasler||WhiteHerb|Unburden|FakeOut,CloseCombat,RockTomb,DireClaw|Adamant||M|||50|]Incineroar||SitrusBerry|Intimidate|FakeOut,FlareBlitz,DarkestLariat,PartingShot|Careful||F|||50|]Basculegion||MysticWater|Adaptability|WaveCrash,AquaJet,LastRespects,Protect|Adamant||M|||50|]Garchomp||LifeOrb|RoughSkin|Earthquake,RockSlide,DragonClaw,Protect|Jolly||M|||50|]Charizard||CharizarditeY|Blaze|HeatWave,WeatherBall,SolarBeam,Protect|Modest||F|||50|
|
|t:|1785290175
|teamsize|p1|4
|teamsize|p2|4
|start
|switch|p1a: Talonflame|Talonflame, L50, M|100/100
|switch|p1b: Kommo-o|Kommo-o, L50, M|100/100
|switch|p2a: Whimsicott|Whimsicott, L50, F|100/100
|switch|p2b: Sneasler|Sneasler, L50, M|100/100
|turn|1
|
|t:|1785290263
|switch|p1a: Basculegion|Basculegion, L50, M|100/100
|move|p2a: Whimsicott|Tailwind|p2a: Whimsicott
|-sidestart|p2: qeqq|move: Tailwind
|move|p2b: Sneasler|Rock Tomb|p1a: Basculegion
|-damage|p1a: Basculegion|71/100
|-unboost|p1a: Basculegion|spe|1
|move|p1b: Kommo-o|Clanging Scales|p2b: Sneasler|[spread] p2b
|-immune|p2a: Whimsicott
|-damage|p2b: Sneasler|33/100
|-unboost|p1b: Kommo-o|def|1
|-damage|p1b: Kommo-o|90/100|[from] item: Life Orb
|
|upkeep
|turn|2
|
|t:|1785290305
|move|p1b: Kommo-o|Protect|p1b: Kommo-o
|-singleturn|p1b: Kommo-o|Protect
|move|p1a: Basculegion|Aqua Jet|p2b: Sneasler
|-damage|p2b: Sneasler|0 fnt
|faint|p2b: Sneasler
|move|p2a: Whimsicott|Moonblast|p1b: Kommo-o
|-activate|p1b: Kommo-o|move: Protect
|
|upkeep
|
|t:|1785290314
|switch|p2b: Charizard|Charizard, L50, F|100/100
|turn|3
|
|t:|1785290337
|switch|p1a: Gardevoir|Gardevoir, L50, M|100/100
|-ability|p1a: Gardevoir|Blaze|Trace|[from] ability: Trace|[of] p2b: Charizard
|detailschange|p2b: Charizard|Charizard-Mega-Y, L50, F
|-mega|p2b: Charizard|Charizard|Charizardite Y
|-weather|SunnyDay|[from] ability: Drought|[of] p2b: Charizard
|move|p2a: Whimsicott|Moonblast|p1b: Kommo-o
|-supereffective|p1b: Kommo-o|2
|-damage|p1b: Kommo-o|0 fnt
|faint|p1b: Kommo-o
|move|p2b: Charizard|Solar Beam||[still]
|-prepare|p2b: Charizard|Solar Beam
|-anim|p2b: Charizard|Solar Beam|p1a: Gardevoir
|-damage|p1a: Gardevoir|44/100
|
|-weather|SunnyDay|[upkeep]
|upkeep
|
|t:|1785290350
|switch|p1b: Talonflame|Talonflame, L50, M|100/100
|turn|4
|
|t:|1785290385
|detailschange|p1a: Gardevoir|Gardevoir-Mega, L50, M
|-mega|p1a: Gardevoir|Gardevoir|Gardevoirite
|move|p1b: Talonflame|Dual Wingbeat|p2a: Whimsicott
|-supereffective|p2a: Whimsicott|1
|-damage|p2a: Whimsicott|41/100
|-supereffective|p2a: Whimsicott|1
|-damage|p2a: Whimsicott|0 fnt
|faint|p2a: Whimsicott
|-hitcount|p2: Whimsicott|2
|move|p2b: Charizard|Heat Wave|p1a: Gardevoir|[spread] p1a,p1b
|-resisted|p1b: Talonflame|1
|-damage|p1a: Gardevoir|0 fnt
|-damage|p1b: Talonflame|41/100
|faint|p1a: Gardevoir
|
|-weather|SunnyDay|[upkeep]
|-sideend|p2: qeqq|move: Tailwind
|upkeep
|
|t:|1785290401
|switch|p2a: Garchomp|Garchomp, L50, M|100/100
|switch|p1a: Basculegion|Basculegion, L50, M|71/100
|turn|5
|
|t:|1785290422
|move|p1a: Basculegion|Last Respects|p2a: Garchomp
|-damage|p2a: Garchomp|17/100
|move|p1b: Talonflame|Dual Wingbeat|p2a: Garchomp
|-damage|p2a: Garchomp|0 fnt
|-damage|p1b: Talonflame|29/100|[from] ability: Rough Skin|[of] p2a: Garchomp
|faint|p2a: Garchomp
|-hitcount|p2: Garchomp|1
|move|p2b: Charizard|Solar Beam||[still]
|-prepare|p2b: Charizard|Solar Beam
|-anim|p2b: Charizard|Solar Beam|p1a: Basculegion
|-supereffective|p1a: Basculegion|1
|-damage|p1a: Basculegion|0 fnt
|faint|p1a: Basculegion
|
|-weather|SunnyDay|[upkeep]
|upkeep
|turn|6
|
|t:|1785290458
|move|p1b: Talonflame|Protect|p1b: Talonflame
|-singleturn|p1b: Talonflame|Protect
|move|p2b: Charizard|Weather Ball|p1b: Talonflame
|-activate|p1b: Talonflame|move: Protect
|
|-weather|SunnyDay|[upkeep]
|upkeep
|turn|7
|
|t:|1785290464
|move|p1b: Talonflame|Dual Wingbeat|p2b: Charizard
|-damage|p2b: Charizard|74/100
|-damage|p2b: Charizard|49/100
|-hitcount|p2b: Charizard|2
|move|p2b: Charizard|Weather Ball|p1b: Talonflame
|-resisted|p1b: Talonflame|1
|-damage|p1b: Talonflame|0 fnt
|faint|p1b: Talonflame
|
|win|qeqq
||paralyze u is ready for game 2.
||qeqq is ready for game 2.
|uhtml|next|Next: Game 2 of 3
|j| soulmoonvgc
