|j|☆DDXDonYT
|j|☆caverna1
|html|DDXDonYTcaverna1    
|uhtml|bestof|Game 1 of a best-of-3
|t:|1757780957
|gametype|doubles
|player|p1|DDXDonYT|cynthia-gen4|
|player|p2|caverna1|boarder|
|gen|9
|tier|[Gen 9] VGC 2025 Reg H (Bo3)
|rule|Species Clause: Limit one of each Pokémon
|rule|Item Clause: Limit 1 of each item
|clearpoke
|poke|p1|Incineroar, L50, M|
|poke|p1|Indeedee, L50, M|
|poke|p1|Kommo-o, L50, M|
|poke|p1|Amoonguss, L50, M|
|poke|p1|Gholdengo, L50|
|poke|p1|Sneasler, L50, M|
|poke|p2|Charizard, L50, M|
|poke|p2|Torkoal, L50, F|
|poke|p2|Porygon2, L50|
|poke|p2|Incineroar, L50, M|
|poke|p2|Jumpluff, L50, F|
|poke|p2|Ursaluna, L50, M|
|teampreview|4
|showteam|p1|Incineroar||AssaultVest|Intimidate|FakeOut,KnockOff,Uturn,FlareBlitz|||M|||50|,,,,,Bug]Indeedee||ChoiceScarf|PsychicSurge|ExpandingForce,Trick,HelpingHand,DazzlingGleam|||M|||50|,,,,,Psychic]Kommo-o||ThroatSpray|Overcoat|ClangorousSoul,ClangingScales,Protect,Flamethrower|||M|||50|,,,,,Fire]Amoonguss||SitrusBerry|Regenerator|Spore,RagePowder,SludgeBomb,Protect|||M|||50|,,,,,Water]Gholdengo||LifeOrb|GoodasGold|MakeItRain,ShadowBall,NastyPlot,Protect||||||50|,,,,,Steel]Sneasler||PsychicSeed|Unburden|DireClaw,CloseCombat,ThroatChop,Protect|||M|||50|,,,,,Dark
|showteam|p2|Charizard||ChoiceSpecs|SolarPower|HeatWave,Overheat,WeatherBall,AirSlash|||M|||50|,,,,,Ghost]Torkoal||EjectPack|Drought|Eruption,Overheat,HelpingHand,Protect|||F|||50|,,,,,Fire]Porygon2||Eviolite|Download|TeraBlast,IceBeam,Recover,TrickRoom||||||50|,,,,,Fighting]Incineroar||SitrusBerry|Intimidate|FlareBlitz,KnockOff,FakeOut,PartingShot|||M|||50|,,,,,Ghost]Jumpluff||CovertCloak|Chlorophyll|SleepPowder,SunnyDay,RagePowder,Tailwind|||F|||50|,,,,,Water]Ursaluna||FlameOrb|Guts|HeadlongRush,Facade,Earthquake,Protect|||M|||50|,,,,,Ghost
|inactive|Battle timer is ON: inactive players will automatically lose when time's up. (requested by caverna1)
|inactive|caverna1 has 60 seconds left.
|
|t:|1757781002
|teamsize|p1|4
|teamsize|p2|4
|start
|switch|p1a: Kommo-o|Kommo-o, L50, M|100/100
|switch|p1b: Incineroar|Incineroar, L50, M|100/100
|switch|p2a: Torkoal|Torkoal, L50, F|100/100
|switch|p2b: Jumpluff|Jumpluff, L50, F|100/100
|-ability|p1b: Incineroar|Intimidate|boost
|-unboost|p2a: Torkoal|atk|1
|-unboost|p2b: Jumpluff|atk|1
|-weather|SunnyDay|[from] ability: Drought|[of] p2a: Torkoal
|-enditem|p2a: Torkoal|Eject Pack
|inactive|caverna1 has 30 seconds left.
|inactive|caverna1 has 20 seconds left.
|inactive|caverna1 has 15 seconds left.
|inactive|caverna1 has 10 seconds left.
|
|t:|1757781049
|switch|p2a: Ursaluna|Ursaluna, L50, M|100/100
|turn|1
|inactive|caverna1 has 30 seconds left.
|inactive|caverna1 has 20 seconds left.
|inactive|caverna1 has 15 seconds left.
|inactive|caverna1 has 10 seconds left.
|
|t:|1757781097
|-terastallize|p2b: Jumpluff|Water
|move|p2a: Ursaluna|Protect|p2a: Ursaluna
|-singleturn|p2a: Ursaluna|Protect
|move|p2b: Jumpluff|Tailwind|p2b: Jumpluff
|-sidestart|p2: caverna1|move: Tailwind
|move|p1a: Kommo-o|Clangorous Soul|p1a: Kommo-o
|-boost|p1a: Kommo-o|atk|1
|-boost|p1a: Kommo-o|def|1
|-boost|p1a: Kommo-o|spa|1
|-boost|p1a: Kommo-o|spd|1
|-boost|p1a: Kommo-o|spe|1
|-damage|p1a: Kommo-o|68/100
|-enditem|p1a: Kommo-o|Throat Spray
|-boost|p1a: Kommo-o|spa|1|[from] item: Throat Spray
|move|p1b: Incineroar|Flare Blitz|p2b: Jumpluff
|-resisted|p2b: Jumpluff
|-damage|p2b: Jumpluff|48/100
|-damage|p1b: Incineroar|85/100|[from] Recoil
|
|-weather|SunnyDay|[upkeep]
|-status|p2a: Ursaluna|brn|[from] item: Flame Orb
|upkeep
|turn|2
|inactive|caverna1 has 30 seconds left.
|inactive|caverna1 has 20 seconds left.
|inactive|caverna1 has 15 seconds left.
|inactive|caverna1 has 10 seconds left.
|
|t:|1757781146
|switch|p1b: Sneasler|Sneasler, L50, M|100/100
|move|p1a: Kommo-o|Protect|p1a: Kommo-o
|-singleturn|p1a: Kommo-o|Protect
|move|p2b: Jumpluff|Sleep Powder|p1b: Sneasler
|-status|p1b: Sneasler|slp|[from] move: Sleep Powder
|move|p2a: Ursaluna|Earthquake|p1b: Sneasler|[spread] p2b,p1b
|-activate|p1a: Kommo-o|move: Protect
|-supereffective|p1b: Sneasler
|-damage|p2b: Jumpluff|0 fnt
|-damage|p1b: Sneasler|0 fnt
|faint|p2b: Jumpluff
|faint|p1b: Sneasler
|
|-weather|SunnyDay|[upkeep]
|-damage|p2a: Ursaluna|95/100 brn|[from] brn
|upkeep
|
|t:|1757781163
|switch|p2b: Charizard|Charizard, L50, M|100/100
|switch|p1b: Incineroar|Incineroar, L50, M|85/100
|-ability|p1b: Incineroar|Intimidate|boost
|-unboost|p2a: Ursaluna|atk|1
|-unboost|p2b: Charizard|atk|1
|turn|3
|inactive|caverna1 has 30 seconds left.
|inactive|caverna1 has 20 seconds left.
|inactive|caverna1 has 15 seconds left.
|inactive|caverna1 has 10 seconds left.
|
|t:|1757781211
|switch|p2a: Torkoal|Torkoal, L50, F|100/100
|move|p1b: Incineroar|Fake Out|p2b: Charizard
|-damage|p2b: Charizard|84/100
|cant|p2b: Charizard|flinch
|move|p1a: Kommo-o|Clanging Scales|p2a: Torkoal|[spread] p2a,p2b
|-damage|p2a: Torkoal|0 fnt
|-damage|p2b: Charizard|0 fnt
|faint|p2a: Torkoal
|faint|p2b: Charizard
|-unboost|p1a: Kommo-o|def|1
|
|-weather|SunnyDay|[upkeep]
|upkeep
|
|t:|1757781225
|switch|p2b: Ursaluna|Ursaluna, L50, M|95/100 brn
|turn|4
|
|t:|1757781234
|-terastallize|p1b: Incineroar|Bug
|move|p1a: Kommo-o|Protect|p1a: Kommo-o
|-singleturn|p1a: Kommo-o|Protect
|move|p2b: Ursaluna|Earthquake|p1a: Kommo-o|[spread] p1b
|-activate|p1a: Kommo-o|move: Protect
|-resisted|p1b: Incineroar
|-damage|p1b: Incineroar|58/100
|move|p1b: Incineroar|Knock Off|p2b: Ursaluna
|-damage|p2b: Ursaluna|63/100 brn
|-enditem|p2b: Ursaluna|Flame Orb|[from] move: Knock Off|[of] p1b: Incineroar
|
|-weather|SunnyDay|[upkeep]
|-damage|p2b: Ursaluna|57/100 brn|[from] brn
|-sideend|p2: caverna1|move: Tailwind
|upkeep
|turn|5
|
|t:|1757781253
|move|p1a: Kommo-o|Clanging Scales|p2b: Ursaluna
|-damage|p2b: Ursaluna|0 fnt
|faint|p2b: Ursaluna
|
|win|DDXDonYT
||DDXDonYT is ready for game 2.
||caverna1 is ready for game 2.
|uhtml|next|Next: Game 2 of 3
|l|☆caverna1
|player|p2|
