|j|☆probandoteammvp
|j|☆reshiee
|html|probandoteammvpreshiee    
|uhtml|bestof|Game 1 of a best-of-3
|t:|1785875668
|gametype|doubles
|player|p1|probandoteammvp|169|1302
|player|p2|reshiee|gwynn|1269
|gen|9
|tier|[Gen 9 Champions] VGC 2026 Reg M-B (Bo3)
|rated|
|rule|Species Clause: Limit one of each Pokémon
|rule|Item Clause: Limit 1 of each item
|clearpoke
|poke|p1|Blastoise, L50, M, shiny|
|poke|p1|Sylveon, L50, F, shiny|
|poke|p1|Vivillon-Fancy, L50, F, shiny|
|poke|p1|Farigiraf, L50, F, shiny|
|poke|p1|Sinistcha, L50, shiny|
|poke|p1|Pelipper, L50, M, shiny|
|poke|p2|Charizard, L50, M|
|poke|p2|Venusaur, L50, F|
|poke|p2|Pelipper, L50, F|
|poke|p2|Grimmsnarl, L50, M|
|poke|p2|Basculegion, L50, M|
|poke|p2|Archaludon, L50, M|
|teampreview|4
|showteam|p1|Blastoise||Blastoisinite|Torrent|WaterSpout,DarkPulse,ShellSmash,Protect|Modest||M|||50|]Sylveon||FairyFeather|Pixilate|HyperVoice,Moonblast,HyperBeam,Detect|Modest||F|||50|]Vivillon-Fancy||ChoiceScarf|CompoundEyes|PollenPuff,Hurricane,SleepPowder,RagePowder|Timid||F|||50|]Farigiraf||SitrusBerry|ArmorTail|TwinBeam,HelpingHand,TrickRoom,Protect|Sassy||F|||50|]Sinistcha||ColburBerry|Hospitality|MatchaGotcha,RagePowder,TrickRoom,Protect|Sassy|||||50|]Pelipper||FocusSash|Drizzle|Hurricane,HelpingHand,Tailwind,Protect|Timid||M|||50|
|showteam|p2|Charizard||CharizarditeY|Blaze|HeatWave,WeatherBall,SolarBeam,Protect|Modest||M|||50|]Venusaur||FocusSash|Chlorophyll|SludgeBomb,EarthPower,SleepPowder,Protect|Modest||F|||50|]Pelipper||SitrusBerry|Drizzle|Hurricane,WeatherBall,Tailwind,WideGuard|Modest||F|||50|]Grimmsnarl||LightClay|Prankster|SpiritBreak,Reflect,LightScreen,PartingShot|Sassy||M|||50|]Basculegion||ChoiceScarf|Adaptability|WaveCrash,LastRespects,FlipTurn,AquaJet|Jolly||M|||50|]Archaludon||Leftovers|Stamina|DragonPulse,FlashCannon,ElectroShot,Protect|Calm||M|||50|
|c|☆reshiee|glhf
|
|t:|1785875715
|teamsize|p1|4
|teamsize|p2|4
|start
|switch|p1a: Tortugueitor|Blastoise, L50, M, shiny|100/100
|switch|p1b: Long neck|Farigiraf, L50, F, shiny|100/100
|switch|p2a: Charizard|Charizard, L50, M|100/100
|switch|p2b: Venusaur|Venusaur, L50, F|100/100
|turn|1
|inactive|Battle timer is ON: inactive players will automatically lose when time's up. (requested by probandoteammvp)
|inactive|reshiee has 60 seconds left.
|
|t:|1785875774
|detailschange|p1a: Tortugueitor|Blastoise-Mega, L50, M, shiny
|-mega|p1a: Tortugueitor|Blastoise|Blastoisinite
|detailschange|p2a: Charizard|Charizard-Mega-Y, L50, M
|-mega|p2a: Charizard|Charizard|Charizardite Y
|-weather|SunnyDay|[from] ability: Drought|[of] p2a: Charizard
|move|p2b: Venusaur|Sleep Powder|p1b: Long neck
|-status|p1b: Long neck|slp|[from] move: Sleep Powder
|move|p1a: Tortugueitor|Water Spout|p2b: Venusaur|[spread] p2a,p2b
|-supereffective|p2a: Charizard|1
|-resisted|p2b: Venusaur|1
|-damage|p2a: Charizard|47/100
|-damage|p2b: Venusaur|80/100
|move|p2a: Charizard|Heat Wave|p1a: Tortugueitor|[spread] p1a,p1b
|-resisted|p1a: Tortugueitor|1
|-damage|p1a: Tortugueitor|69/100
|-damage|p1b: Long neck|53/100 slp
|cant|p1b: Long neck|slp
|
|-weather|SunnyDay|[upkeep]
|upkeep
|turn|2
|inactive|probandoteammvp has 30 seconds left.
|inactive|reshiee has 30 seconds left.
|inactive|reshiee has 20 seconds left.
|inactive|reshiee has 15 seconds left.
|inactive|reshiee has 10 seconds left.
|inactive|reshiee has 5 seconds left.
|
|t:|1785875829
|move|p1a: Tortugueitor|Protect|p1a: Tortugueitor
|-singleturn|p1a: Tortugueitor|Protect
|move|p2b: Venusaur|Sludge Bomb|p1b: Long neck
|-damage|p1b: Long neck|18/100 slp
|-enditem|p1b: Long neck|Sitrus Berry|[eat]
|-heal|p1b: Long neck|43/100 slp|[from] item: Sitrus Berry
|move|p2a: Charizard|Heat Wave|p1b: Long neck|[spread] p1b
|-activate|p1a: Tortugueitor|move: Protect
|-damage|p1b: Long neck|0 fnt
|faint|p1b: Long neck
|
|-weather|SunnyDay|[upkeep]
|upkeep
|
|t:|1785875841
|switch|p1b: Birb|Pelipper, L50, M, shiny|100/100
|-weather|RainDance|[from] ability: Drizzle|[of] p1b: Birb
|turn|3
|
|t:|1785875864
|switch|p1b: mr ribbons|Sylveon, L50, F, shiny|100/100
|switch|p2a: Basculegion|Basculegion, L50, M|100/100
|move|p2b: Venusaur|Sleep Powder|p1a: Tortugueitor
|-status|p1a: Tortugueitor|slp|[from] move: Sleep Powder
|cant|p1a: Tortugueitor|slp
|
|-weather|RainDance|[upkeep]
|upkeep
|turn|4
|inactive|reshiee has 30 seconds left.
|
|t:|1785875898
|move|p1b: mr ribbons|Detect|p1b: mr ribbons
|-singleturn|p1b: mr ribbons|Protect
|move|p2a: Basculegion|Last Respects|p1a: Tortugueitor
|-damage|p1a: Tortugueitor|41/100 slp
|move|p2b: Venusaur|Sludge Bomb|p1b: mr ribbons
|-activate|p1b: mr ribbons|move: Protect
|cant|p1a: Tortugueitor|slp
|
|-weather|RainDance|[upkeep]
|upkeep
|turn|5
|
|t:|1785875921
|switch|p2a: Charizard|Charizard-Mega-Y, L50, M|47/100
|-weather|SunnyDay|[from] ability: Drought|[of] p2a: Charizard
|switch|p1b: Birb|Pelipper, L50, M, shiny|100/100
|-weather|RainDance|[from] ability: Drizzle|[of] p1b: Birb
|move|p2b: Venusaur|Sludge Bomb|p1b: Birb
|-damage|p1b: Birb|27/100
|-status|p1b: Birb|psn
|-curestatus|p1a: Tortugueitor|slp|[msg]
|move|p1a: Tortugueitor|Shell Smash|p1a: Tortugueitor
|-unboost|p1a: Tortugueitor|def|1
|-unboost|p1a: Tortugueitor|spd|1
|-boost|p1a: Tortugueitor|atk|2
|-boost|p1a: Tortugueitor|spa|2
|-boost|p1a: Tortugueitor|spe|2
|
|-weather|RainDance|[upkeep]
|-damage|p1b: Birb|15/100 psn|[from] psn
|upkeep
|turn|6
|inactive|reshiee has 30 seconds left.
|inactive|reshiee has 20 seconds left.
|inactive|reshiee has 15 seconds left.
|
|t:|1785875965
|switch|p1b: mr ribbons|Sylveon, L50, F, shiny|100/100
|move|p2a: Charizard|Protect|p2a: Charizard
|-singleturn|p2a: Charizard|Protect
|move|p1a: Tortugueitor|Dark Pulse|p2a: Charizard
|-activate|p2a: Charizard|move: Protect
|move|p2b: Venusaur|Sludge Bomb|p1a: Tortugueitor
|-damage|p1a: Tortugueitor|0 fnt
|faint|p1a: Tortugueitor
|
|-weather|RainDance|[upkeep]
|upkeep
|-message|probandoteammvp forfeited.
|
|win|reshiee
|l|☆probandoteammvp
|player|p1|
||probandoteammvp is ready for game 2.
