|j|☆dialghite
|j|☆Astterio
|html|dialghiteAstterio    
|uhtml|bestof|Game 3 of a best-of-3
|t:|1756394409
|gametype|doubles
|player|p1|dialghite|volkner|1428
|player|p2|Astterio|eusine|1363
|gen|9
|tier|[Gen 9] VGC 2025 Reg H (Bo3)
|rated|
|rule|Species Clause: Limit one of each Pokémon
|rule|Item Clause: Limit 1 of each item
|clearpoke
|poke|p1|Whimsicott, L50, F|
|poke|p1|Pelipper, L50, F|
|poke|p1|Indeedee, L50, M|
|poke|p1|Sneasler, L50, M|
|poke|p1|Ursaluna-Bloodmoon, L50, M|
|poke|p1|Archaludon, L50, M|
|poke|p2|Ninetales-Alola, L50, M|
|poke|p2|Dragonite, L50, M|
|poke|p2|Incineroar, L50, F|
|poke|p2|Annihilape, L50, M|
|poke|p2|Ursaluna-Bloodmoon, L50, M|
|poke|p2|Basculegion, L50, M|
|teampreview|4
|showteam|p1|Whimsicott||CovertCloak|Prankster|Moonblast,Taunt,Tailwind,FakeTears|||F|||50|,,,,,Water]Pelipper||ChoiceScarf|Drizzle|MuddyWater,WeatherBall,Hurricane,IcyWind|||F|||50|,,,,,Ghost]Indeedee||FocusSash|PsychicSurge|ExpandingForce,TeraBlast,Imprison,TrickRoom|||M|||50|,,,,,Psychic]Sneasler||PsychicSeed|Unburden|CloseCombat,DireClaw,ThroatChop,Protect|||M|||50|,,,,,Dark]Ursaluna-Bloodmoon||LifeOrb|MindsEye|HyperVoice,BloodMoon,EarthPower,Protect|||M|||50|,,,,,Normal]Archaludon||PowerHerb|Stalwart|ElectroShot,DragonPulse,Thunderbolt,Protect|||M|||50|,,,,,Electric
|showteam|p2|Ninetales-Alola||FocusSash|SnowWarning|Blizzard,Moonblast,Encore,Protect|||M|||50|,,,,,Ghost]Dragonite||LoadedDice|Multiscale|ScaleShot,Haze,Tailwind,Protect|||M|||50|,,,,,Steel]Incineroar||SafetyGoggles|Intimidate|FakeOut,PartingShot,KnockOff,FlareBlitz|||F|||50|,,,,,Ghost]Annihilape||LumBerry|Defiant|Taunt,CloseCombat,RageFist,Protect|||M|||50|,,,,,Water]Ursaluna-Bloodmoon||AssaultVest|MindsEye|BloodMoon,HyperVoice,EarthPower,VacuumWave|||M|||50|,,,,,Poison]Basculegion||ChoiceScarf|Adaptability|WaveCrash,LastRespects,FlipTurn,TeraBlast|||M|||50|,,,,,Ghost
|inactive|Battle timer is ON: inactive players will automatically lose when time's up. (requested by dialghite)
|inactive|Astterio also wants the timer to be on.
|inactive|dialghite has 60 seconds left.
|
|t:|1756394449
|teamsize|p1|4
|teamsize|p2|4
|start
|switch|p1a: Whimsicott|Whimsicott, L50, F|100/100
|switch|p1b: Ursaluna|Ursaluna-Bloodmoon, L50, M|100/100
|switch|p2a: Ninetales|Ninetales-Alola, L50, M, shiny|100/100
|switch|p2b: Ursaluna|Ursaluna-Bloodmoon, L50, M|100/100
|-weather|Snowscape|[from] ability: Snow Warning|[of] p2a: Ninetales
|turn|1
|inactive|Astterio has 30 seconds left.
|
|t:|1756394482
|-terastallize|p1b: Ursaluna|Normal
|move|p1a: Whimsicott|Fake Tears|p2b: Ursaluna
|-unboost|p2b: Ursaluna|spd|2
|move|p2b: Ursaluna|Vacuum Wave|p1b: Ursaluna
|-supereffective|p1b: Ursaluna
|-damage|p1b: Ursaluna|65/100
|move|p2a: Ninetales|Blizzard|p1b: Ursaluna|[spread] p1a,p1b
|-supereffective|p1a: Whimsicott
|-damage|p1a: Whimsicott|25/100
|-damage|p1b: Ursaluna|18/100
|move|p1b: Ursaluna|Blood Moon|p2b: Ursaluna
|-damage|p2b: Ursaluna|0 fnt
|faint|p2b: Ursaluna
|-damage|p1b: Ursaluna|9/100|[from] item: Life Orb
|
|-weather|Snowscape|[upkeep]
|upkeep
|
|t:|1756394496
|switch|p2b: Dragonite|Dragonite, L50, M|100/100
|turn|2
|
|t:|1756394502
|move|p2b: Dragonite|Protect|p2b: Dragonite
|-singleturn|p2b: Dragonite|Protect
|move|p1a: Whimsicott|Tailwind|p1a: Whimsicott
|-sidestart|p1: dialghite|move: Tailwind
|move|p1b: Ursaluna|Hyper Voice|p2a: Ninetales|[spread] p2a
|-activate|p2b: Dragonite|move: Protect
|-damage|p2a: Ninetales|19/100
|-damage|p1b: Ursaluna|0 fnt|[from] item: Life Orb
|faint|p1b: Ursaluna
|move|p2a: Ninetales|Blizzard|p1a: Whimsicott
|-supereffective|p1a: Whimsicott
|-damage|p1a: Whimsicott|0 fnt
|faint|p1a: Whimsicott
|
|-weather|Snowscape|[upkeep]
|upkeep
|
|t:|1756394506
|switch|p1a: Archaludon|Archaludon, L50, M|100/100
|switch|p1b: Pelipper|Pelipper, L50, F|100/100
|-weather|RainDance|[from] ability: Drizzle|[of] p1b: Pelipper
|turn|3
|
|t:|1756394523
|switch|p2a: Incineroar|Incineroar, L50, F|100/100
|-ability|p2a: Incineroar|Intimidate|boost
|-unboost|p1a: Archaludon|atk|1
|-unboost|p1b: Pelipper|atk|1
|-terastallize|p2b: Dragonite|Steel
|move|p1b: Pelipper|Hurricane|p2b: Dragonite
|-resisted|p2b: Dragonite
|-damage|p2b: Dragonite|89/100
|move|p1a: Archaludon|Electro Shot||[still]
|-prepare|p1a: Archaludon|Electro Shot
|-boost|p1a: Archaludon|spa|1
|-anim|p1a: Archaludon|Electro Shot|p2b: Dragonite
|-damage|p2b: Dragonite|6/100
|move|p2b: Dragonite|Scale Shot|p1b: Pelipper
|-damage|p1b: Pelipper|82/100
|-damage|p1b: Pelipper|64/100
|-damage|p1b: Pelipper|44/100
|-damage|p1b: Pelipper|24/100
|-hitcount|p1b: Pelipper|4
|-unboost|p2b: Dragonite|def|1
|-boost|p2b: Dragonite|spe|1
|
|-weather|RainDance|[upkeep]
|upkeep
|turn|4
|inactive|Astterio has 30 seconds left.
|
|t:|1756394551
|move|p2a: Incineroar|Fake Out|p1b: Pelipper
|-damage|p1b: Pelipper|10/100
|cant|p1b: Pelipper|flinch
|move|p1a: Archaludon|Electro Shot||[still]
|-prepare|p1a: Archaludon|Electro Shot
|-boost|p1a: Archaludon|spa|1
|-anim|p1a: Archaludon|Electro Shot|p2b: Dragonite
|-damage|p2b: Dragonite|0 fnt
|faint|p2b: Dragonite
|
|-weather|RainDance|[upkeep]
|upkeep
|
|t:|1756394553
|switch|p2b: Ninetales|Ninetales-Alola, L50, M, shiny|19/100
|-weather|Snowscape|[from] ability: Snow Warning|[of] p2b: Ninetales
|turn|5
|
|t:|1756394568
|move|p2b: Ninetales|Protect|p2b: Ninetales
|-singleturn|p2b: Ninetales|Protect
|move|p1b: Pelipper|Hurricane|p2b: Ninetales
|-activate|p2b: Ninetales|move: Protect
|move|p1a: Archaludon|Electro Shot||[still]
|-prepare|p1a: Archaludon|Electro Shot
|-boost|p1a: Archaludon|spa|1
|-enditem|p1a: Archaludon|Power Herb
|-anim|p1a: Archaludon|Electro Shot|p2a: Incineroar
|-damage|p2a: Incineroar|0 fnt
|faint|p2a: Incineroar
|
|-weather|Snowscape|[upkeep]
|-sideend|p1: dialghite|move: Tailwind
|upkeep
|turn|6
|-message|Astterio forfeited.
|
|win|dialghite
|raw|dialghite's rating: 1428 → 1444(+16 for winning)
|raw|Astterio's rating: 1363 → 1347(-16 for losing)
