|j|☆menenjoyer14
|j|☆server101
|html|menenjoyer14server101    
|uhtml|bestof|Game 2 of a best-of-3
|t:|1757734932
|gametype|doubles
|player|p1|menenjoyer14|169|
|player|p2|server101|clerkf|
|gen|9
|tier|[Gen 9] VGC 2025 Reg H (Bo3)
|rule|Species Clause: Limit one of each Pokémon
|rule|Item Clause: Limit 1 of each item
|clearpoke
|poke|p1|Indeedee, L50, M|
|poke|p1|Sneasler, L50, M|
|poke|p1|Dragonite, L50, F|
|poke|p1|Gholdengo, L50|
|poke|p1|Amoonguss, L50, F|
|poke|p1|Ursaluna-Bloodmoon, L50, M|
|poke|p2|Primarina, L50, F|
|poke|p2|Archaludon, L50, M|
|poke|p2|Pelipper, L50, M|
|poke|p2|Indeedee, L50, M|
|poke|p2|Sneasler, L50, M|
|poke|p2|Maushold, L50|
|teampreview|4
|showteam|p1|Indeedee||FocusSash|PsychicSurge|ExpandingForce,HelpingHand,TrickRoom,Protect|||M|||50|,,,,,Psychic]Sneasler||PsychicSeed|Unburden|ThroatChop,DireClaw,CloseCombat,Protect|||M|||50|,,,,,Dark]Dragonite||LoadedDice|Multiscale|ScaleShot,Tailwind,Protect,Haze|||F|||50|,,,,,Fairy]Gholdengo||LifeOrb|GoodasGold|MakeItRain,ShadowBall,Protect,NastyPlot||||||50|,,,,,Steel]Amoonguss||SitrusBerry|Regenerator|Protect,Spore,RagePowder,PollenPuff|||F|||50|,,,,,Water]Ursaluna-Bloodmoon||AssaultVest|MindsEye|BloodMoon,HyperVoice,EarthPower,VacuumWave|||M|||50|,,,,,Normal
|showteam|p2|Primarina||ThroatSpray|LiquidVoice|HyperVoice,IcyWind,Moonblast,Protect|||F|||50|,,,,,Poison]Archaludon||AssaultVest|Stamina|ElectroShot,DracoMeteor,BodyPress,FlashCannon|||M|||50|,,,,,Fairy]Pelipper||CovertCloak|Drizzle|WideGuard,Tailwind,Hurricane,IcyWind|||M|||50|,,,,,Grass]Indeedee||FocusSash|PsychicSurge|TrickRoom,ExpandingForce,HelpingHand,Protect|||M|||50|,,,,,Dark]Sneasler||PsychicSeed|Unburden|DireClaw,CloseCombat,ThroatChop,Protect|||M|||50|,,,,,Dark]Maushold||SafetyGoggles|FriendGuard|RainDance,FollowMe,HelpingHand,BeatUp||||||50|,,,,,Ghost
|
|t:|1757735006
|teamsize|p1|4
|teamsize|p2|4
|start
|switch|p1a: Dragonite|Dragonite, L50, F|100/100
|switch|p1b: Sneasler|Sneasler, L50, M|100/100
|switch|p2a: Pelipper|Pelipper, L50, M, shiny|100/100
|switch|p2b: Sneasler|Sneasler, L50, M|100/100
|-weather|RainDance|[from] ability: Drizzle|[of] p2a: Pelipper
|turn|1
|
|t:|1757735025
|move|p2b: Sneasler|Protect|p2b: Sneasler
|-singleturn|p2b: Sneasler|Protect
|move|p1b: Sneasler|Dire Claw|p2b: Sneasler
|-activate|p2b: Sneasler|move: Protect
|move|p1a: Dragonite|Scale Shot|p2b: Sneasler
|-activate|p2b: Sneasler|move: Protect
|move|p2a: Pelipper|Tailwind|p2a: Pelipper
|-sidestart|p2: server101|move: Tailwind
|
|-weather|RainDance|[upkeep]
|upkeep
|turn|2
|
|t:|1757735061
|switch|p1a: Amoonguss|Amoonguss, L50, F|100/100
|move|p1b: Sneasler|Protect|p1b: Sneasler
|-singleturn|p1b: Sneasler|Protect
|move|p2b: Sneasler|Dire Claw|p1a: Amoonguss
|-damage|p1a: Amoonguss|69/100
|move|p2a: Pelipper|Hurricane|p1b: Sneasler
|-activate|p1b: Sneasler|move: Protect
|
|-weather|RainDance|[upkeep]
|upkeep
|turn|3
|
|t:|1757735124
|move|p2b: Sneasler|Dire Claw|p1a: Amoonguss
|-damage|p1a: Amoonguss|38/100
|-enditem|p1a: Amoonguss|Sitrus Berry|[eat]
|-heal|p1a: Amoonguss|63/100|[from] item: Sitrus Berry
|move|p1b: Sneasler|Dire Claw|p2a: Pelipper
|-damage|p2a: Pelipper|50/100
|move|p2a: Pelipper|Icy Wind|p1b: Sneasler|[spread] p1a,p1b
|-supereffective|p1a: Amoonguss
|-damage|p1a: Amoonguss|47/100
|-damage|p1b: Sneasler|86/100
|-unboost|p1a: Amoonguss|spe|1
|-unboost|p1b: Sneasler|spe|1
|move|p1a: Amoonguss|Spore|p2b: Sneasler
|-status|p2b: Sneasler|slp|[from] move: Spore
|
|-weather|RainDance|[upkeep]
|upkeep
|turn|4
|
|t:|1757735170
|switch|p1a: Indeedee|Indeedee, L50, M|100/100
|-fieldstart|move: Psychic Terrain|[from] ability: Psychic Surge|[of] p1a: Indeedee
|-enditem|p2b: Sneasler|Psychic Seed
|-boost|p2b: Sneasler|spd|1|[from] item: Psychic Seed
|-enditem|p1b: Sneasler|Psychic Seed
|-boost|p1b: Sneasler|spd|1|[from] item: Psychic Seed
|cant|p2b: Sneasler|slp
|move|p1b: Sneasler|Protect|p1b: Sneasler
|-singleturn|p1b: Sneasler|Protect
|move|p2a: Pelipper|Hurricane|p1a: Indeedee
|-damage|p1a: Indeedee|45/100
|
|-weather|RainDance|[upkeep]
|-sideend|p2: server101|move: Tailwind
|upkeep
|turn|5
|
|t:|1757735238
|-curestatus|p2b: Sneasler|slp|[msg]
|move|p2b: Sneasler|Throat Chop|p1a: Indeedee
|-supereffective|p1a: Indeedee
|-damage|p1a: Indeedee|0 fnt
|faint|p1a: Indeedee
|move|p1b: Sneasler|Dire Claw|p2a: Pelipper
|-damage|p2a: Pelipper|0 fnt
|faint|p2a: Pelipper
|
|-weather|none
|upkeep
|
|t:|1757735255
|switch|p1a: Dragonite|Dragonite, L50, F|100/100
|switch|p2a: Primarina|Primarina, L50, F, shiny|100/100
|turn|6
|
|t:|1757735317
|switch|p1a: Amoonguss|Amoonguss, L50, F|80/100
|move|p2b: Sneasler|Dire Claw|p1b: Sneasler
|-resisted|p1b: Sneasler
|-damage|p1b: Sneasler|50/100
|move|p1b: Sneasler|Dire Claw|p2a: Primarina
|-supereffective|p2a: Primarina
|-damage|p2a: Primarina|1/100
|move|p2a: Primarina|Icy Wind|p1b: Sneasler|[spread] p1a,p1b
|-supereffective|p1a: Amoonguss
|-crit|p1a: Amoonguss
|-damage|p1a: Amoonguss|43/100
|-damage|p1b: Sneasler|37/100
|-unboost|p1a: Amoonguss|spe|1
|-unboost|p1b: Sneasler|spe|1
|
|upkeep
|turn|7
|
|t:|1757735390
|move|p1a: Amoonguss|Rage Powder|p1a: Amoonguss
|-singleturn|p1a: Amoonguss|move: Rage Powder
|move|p2b: Sneasler|Dire Claw|p1a: Amoonguss
|-damage|p1a: Amoonguss|10/100
|move|p1b: Sneasler|Dire Claw|p2b: Sneasler
|-resisted|p2b: Sneasler
|-damage|p2b: Sneasler|61/100
|move|p2a: Primarina|Icy Wind|p1b: Sneasler|[spread] p1a,p1b
|-supereffective|p1a: Amoonguss
|-damage|p1a: Amoonguss|0 fnt
|-damage|p1b: Sneasler|23/100
|-unboost|p1b: Sneasler|spe|1
|faint|p1a: Amoonguss
|
|upkeep
|
|t:|1757735403
|switch|p1a: Dragonite|Dragonite, L50, F|100/100
|turn|8
|
|t:|1757735435
|-terastallize|p1a: Dragonite|Fairy
|move|p1b: Sneasler|Protect|p1b: Sneasler
|-singleturn|p1b: Sneasler|Protect
|move|p2b: Sneasler|Dire Claw|p1b: Sneasler
|-activate|p1b: Sneasler|move: Protect
|move|p1a: Dragonite|Scale Shot|p2b: Sneasler
|-damage|p2b: Sneasler|37/100
|-damage|p2b: Sneasler|14/100
|-damage|p2b: Sneasler|0 fnt
|faint|p2b: Sneasler
|-hitcount|p2: Sneasler|3
|-unboost|p1a: Dragonite|def|1
|-boost|p1a: Dragonite|spe|1
|move|p2a: Primarina|Icy Wind|p1a: Dragonite|[spread] p1a
|-activate|p1b: Sneasler|move: Protect
|-damage|p1a: Dragonite|93/100
|-unboost|p1a: Dragonite|spe|1
|
|-fieldend|move: Psychic Terrain
|upkeep
|
|t:|1757735454
|switch|p2b: Archaludon|Archaludon, L50, M|100/100
|turn|9
|
|t:|1757735497
|-terastallize|p2b: Archaludon|Fairy
|move|p1a: Dragonite|Scale Shot|p2b: Archaludon
|-immune|p2b: Archaludon
|move|p1b: Sneasler|Close Combat|p2b: Archaludon
|-resisted|p2b: Archaludon
|-damage|p2b: Archaludon|79/100
|-unboost|p1b: Sneasler|def|1
|-unboost|p1b: Sneasler|spd|1
|-ability|p2b: Archaludon|Stamina|boost
|-boost|p2b: Archaludon|def|1
|move|p2b: Archaludon|Body Press|p1b: Sneasler
|-resisted|p1b: Sneasler
|-damage|p1b: Sneasler|0 fnt
|faint|p1b: Sneasler
|move|p2a: Primarina|Hyper Voice|p1a: Dragonite
|-damage|p1a: Dragonite|42/100
|-enditem|p2a: Primarina|Throat Spray
|-boost|p2a: Primarina|spa|1|[from] item: Throat Spray
|
|upkeep
|turn|10
|
|t:|1757735528
|move|p1a: Dragonite|Tailwind|p1a: Dragonite
|-sidestart|p1: menenjoyer14|move: Tailwind
|move|p2b: Archaludon|Flash Cannon|p1a: Dragonite
|-supereffective|p1a: Dragonite
|-damage|p1a: Dragonite|0 fnt
|faint|p1a: Dragonite
|
|win|server101
|inactive|menenjoyer14 has 30 seconds to confirm battle start!
|inactive|server101 has 30 seconds to confirm battle start!
|inactive|menenjoyer14 has 20 seconds to confirm battle start!
|inactive|server101 has 20 seconds to confirm battle start!
||server101 is ready for game 3.
||menenjoyer14 is ready for game 3.
|uhtml|next|Next: Game 3 of 3
|l|☆menenjoyer14
|player|p1|
