|j|☆ToastedArt
|j|☆RaloTapia024
|html|ToastedArtRaloTapia024    
|uhtml|bestof|Game 1 of a best-of-3
|t:|1785360665
|gametype|doubles
|player|p1|ToastedArt|iris|1101
|player|p2|RaloTapia024|ghetsis-gen5bw|1078
|gen|9
|tier|[Gen 9 Champions] VGC 2026 Reg M-B (Bo3)
|rated|
|rule|Species Clause: Limit one of each Pokémon
|rule|Item Clause: Limit 1 of each item
|clearpoke
|poke|p1|Floette-Eternal, L50, F|
|poke|p1|Sneasler, L50, F|
|poke|p1|Incineroar, L50, M|
|poke|p1|Sinistcha, L50|
|poke|p1|Rotom-Wash, L50|
|poke|p1|Falinks, L50, shiny|
|poke|p2|Gardevoir, L50, M|
|poke|p2|Talonflame, L50, M|
|poke|p2|Basculegion, L50, M|
|poke|p2|Kommo-o, L50, M|
|poke|p2|Maushold, L50|
|poke|p2|Kingambit, L50, F|
|teampreview|4
|showteam|p1|Floette-Eternal||Floettite|FlowerVeil|Moonblast,CalmMind,DazzlingGleam,Protect|Modest||F|||50|]Sneasler||FocusSash|PoisonTouch|CloseCombat,DireClaw,FakeOut,Coaching|Jolly||F|||50|]Incineroar||SitrusBerry|Intimidate|PartingShot,ThroatChop,FakeOut,FlareBlitz|Careful||M|||50|]Sinistcha||OccaBerry|Hospitality|MatchaGotcha,TrickRoom,RagePowder,Protect|Relaxed|||||50|]Rotom-Wash||ChoiceScarf|Levitate|Electroweb,VoltSwitch,HydroPump,WillOWisp|Timid|||||50|]Falinks||Falinksite|Defiant|NoRetreat,CloseCombat,RockSlide,Protect|Adamant|||||50|
|showteam|p2|Gardevoir||Gardevoirite|Trace|HyperVoice,Psychic,Thunderbolt,Protect|Modest||M|||50|]Talonflame||SharpBeak|GaleWings|DualWingbeat,FlareBlitz,Tailwind,Protect|Jolly||M|||50|]Basculegion||ChoiceScarf|Adaptability|AquaJet,LastRespects,WaveCrash,FlipTurn|Jolly||M|||50|]Kommo-o||LifeOrb|Soundproof|ClangingScales,DracoMeteor,AuraSphere,Protect|Modest||M|||50|]Maushold||FocusSash|FriendGuard|FollowMe,Feint,SuperFang,Protect|Jolly|||||50|]Kingambit||ExpertBelt|Defiant|KowtowCleave,SuckerPunch,IronHead,LowKick|Jolly||F|||50|
|inactive|Battle timer is ON: inactive players will automatically lose when time's up. (requested by ToastedArt)
|inactive|RaloTapia024 also wants the timer to be on.
|inactive|ToastedArt has 60 seconds left.
|
|t:|1785360697
|teamsize|p1|4
|teamsize|p2|4
|start
|switch|p1a: Falinks|Falinks, L50, shiny|100/100
|switch|p1b: Sneasler|Sneasler, L50, F|100/100
|switch|p2a: Talonflame|Talonflame, L50, M|100/100
|switch|p2b: Kingambit|Kingambit, L50, F|100/100
|turn|1
|
|t:|1785360720
|switch|p2b: Basculegion|Basculegion, L50, M|100/100
|detailschange|p1a: Falinks|Falinks-Mega, L50, shiny
|-mega|p1a: Falinks|Falinks|Falinksite
|move|p2a: Talonflame|Protect|p2a: Talonflame
|-singleturn|p2a: Talonflame|Protect
|move|p1b: Sneasler|Fake Out|p2a: Talonflame
|-activate|p2a: Talonflame|move: Protect
|move|p1a: Falinks|Close Combat|p2b: Basculegion
|-immune|p2b: Basculegion
|
|upkeep
|turn|2
|
|t:|1785360740
|switch|p1b: Incineroar|Incineroar, L50, M|100/100
|-ability|p1b: Incineroar|Intimidate|boost
|-unboost|p2a: Talonflame|atk|1
|-unboost|p2b: Basculegion|atk|1
|move|p2a: Talonflame|Dual Wingbeat|p1b: Incineroar
|-damage|p1b: Incineroar|89/100
|-damage|p1b: Incineroar|78/100
|-hitcount|p1b: Incineroar|2
|move|p2b: Basculegion|Wave Crash|p1a: Falinks
|-damage|p1a: Falinks|47/100
|-damage|p2b: Basculegion|87/100|[from] Recoil
|move|p1a: Falinks|No Retreat|p1a: Falinks
|-boost|p1a: Falinks|atk|1
|-boost|p1a: Falinks|def|1
|-boost|p1a: Falinks|spa|1
|-boost|p1a: Falinks|spd|1
|-boost|p1a: Falinks|spe|1
|-start|p1a: Falinks|move: No Retreat
|
|upkeep
|turn|3
|inactive|RaloTapia024 has 30 seconds left.
|
|t:|1785360768
|switch|p1b: Sinistcha|Sinistcha, L50|100/100
|-heal|p1a: Falinks|72/100|[from] ability: Hospitality|[of] p1b: Sinistcha
|move|p2a: Talonflame|Dual Wingbeat|p1a: Falinks|[miss]
|-miss|p2a: Talonflame|p1a: Falinks
|move|p2b: Basculegion|Wave Crash|p1a: Falinks
|-damage|p1a: Falinks|38/100
|-damage|p2b: Basculegion|79/100|[from] Recoil
|move|p1a: Falinks|Rock Slide|p2b: Basculegion|[spread] p2a,p2b
|-supereffective|p2a: Talonflame|2
|-damage|p2a: Talonflame|0 fnt
|-damage|p2b: Basculegion|42/100
|faint|p2a: Talonflame
|
|upkeep
|
|t:|1785360787
|switch|p2a: Gardevoir|Gardevoir, L50, M|100/100
|-ability|p2a: Gardevoir|Defiant|Trace|[from] ability: Trace|[of] p1a: Falinks
|turn|4
|
|t:|1785360811
|switch|p1b: Sneasler|Sneasler, L50, F|100/100
|detailschange|p2a: Gardevoir|Gardevoir-Mega, L50, M
|-mega|p2a: Gardevoir|Gardevoir|Gardevoirite
|move|p1a: Falinks|Protect|p1a: Falinks
|-singleturn|p1a: Falinks|Protect
|move|p2b: Basculegion|Wave Crash|p1a: Falinks
|-activate|p1a: Falinks|move: Protect
|move|p2a: Gardevoir|Hyper Voice|p1a: Falinks|[spread] p1b
|-activate|p1a: Falinks|move: Protect
|-damage|p1b: Sneasler|26/100
|
|upkeep
|turn|5
|
|t:|1785360829
|move|p2a: Gardevoir|Protect|p2a: Gardevoir
|-singleturn|p2a: Gardevoir|Protect
|move|p1b: Sneasler|Fake Out|p2a: Gardevoir
|-activate|p2a: Gardevoir|move: Protect
|move|p2b: Basculegion|Wave Crash|p1a: Falinks
|-damage|p1a: Falinks|4/100
|-damage|p2b: Basculegion|34/100|[from] Recoil
|move|p1a: Falinks|Rock Slide|p2a: Gardevoir|[spread] p2b
|-activate|p2a: Gardevoir|move: Protect
|-damage|p2b: Basculegion|0 fnt
|faint|p2b: Basculegion
|
|upkeep
|
|t:|1785360844
|switch|p2b: Kingambit|Kingambit, L50, F|100/100
|turn|6
|
|t:|1785360854
|move|p2b: Kingambit|Sucker Punch|p1b: Sneasler
|-resisted|p1b: Sneasler|1
|-damage|p1b: Sneasler|0 fnt
|faint|p1b: Sneasler
|move|p1a: Falinks|Close Combat|p2b: Kingambit
|-supereffective|p2b: Kingambit|2
|-damage|p2b: Kingambit|0 fnt
|-unboost|p1a: Falinks|def|1
|-unboost|p1a: Falinks|spd|1
|faint|p2b: Kingambit
|move|p2a: Gardevoir|Hyper Voice|p1a: Falinks
|-supereffective|p1a: Falinks|1
|-damage|p1a: Falinks|0 fnt
|faint|p1a: Falinks
|
|upkeep
|
|t:|1785360859
|switch|p1b: Incineroar|Incineroar, L50, M|78/100
|switch|p1a: Sinistcha|Sinistcha, L50|100/100
|-ability|p1b: Incineroar|Intimidate|boost
|-unboost|p2a: Gardevoir|atk|1
|-heal|p1b: Incineroar|100/100|[from] ability: Hospitality|[of] p1a: Sinistcha
|turn|7
|
|t:|1785360879
|move|p1b: Incineroar|Fake Out|p2a: Gardevoir
|-damage|p2a: Gardevoir|80/100
|cant|p2a: Gardevoir|flinch
|move|p1a: Sinistcha|Matcha Gotcha|p2a: Gardevoir
|-damage|p2a: Gardevoir|51/100
|
|upkeep
|turn|8
|
|t:|1785360891
|move|p1a: Sinistcha|Protect|p1a: Sinistcha
|-singleturn|p1a: Sinistcha|Protect
|move|p2a: Gardevoir|Hyper Voice|p1a: Sinistcha|[spread] p1b
|-activate|p1a: Sinistcha|move: Protect
|-damage|p1b: Incineroar|56/100
|move|p1b: Incineroar|Throat Chop|p2a: Gardevoir
|-damage|p2a: Gardevoir|0 fnt
|faint|p2a: Gardevoir
|
|win|ToastedArt
