|j|☆Yato1226
|j|☆d1mo22
|html|Yato1226d1mo22    
|uhtml|bestof|Game 1 of a best-of-3
|t:|1784566837
|gametype|doubles
|player|p1|Yato1226|dragontamer|1309
|player|p2|d1mo22|skier|1285
|gen|9
|tier|[Gen 9 Champions] VGC 2026 Reg M-B (Bo3)
|rated|
|rule|Species Clause: Limit one of each Pokémon
|rule|Item Clause: Limit 1 of each item
|clearpoke
|poke|p1|Staraptor, L50, M|
|poke|p1|Grimmsnarl, L50, M|
|poke|p1|Raichu, L50, F|
|poke|p1|Ceruledge, L50, F|
|poke|p1|Sinistcha, L50|
|poke|p1|Kingambit, L50, M|
|poke|p2|Raichu, L50, F|
|poke|p2|Gyarados, L50, M, shiny|
|poke|p2|Mamoswine, L50, M|
|poke|p2|Ceruledge, L50, M|
|poke|p2|Sinistcha, L50|
|poke|p2|Kingambit, L50, F, shiny|
|teampreview|4
|showteam|p1|Staraptor||Staraptite|Intimidate|CloseCombat,BraveBird,Roost,Protect|Jolly||M|||50|]Grimmsnarl||LightClay|Prankster|SpiritBreak,Reflect,LightScreen,PartingShot|Careful||M|||50|]Raichu||FocusSash|LightningRod|VoltSwitch,Electroweb,Charm,FakeOut|Timid||F|||50|]Ceruledge||ColburBerry|FlashFire|BitterBlade,ShadowSneak,BulkUp,Protect|Adamant||F|||50|]Sinistcha||SitrusBerry|Hospitality|MatchaGotcha,RagePowder,TrickRoom,Protect|Bold|||||50|]Kingambit||LifeOrb|Defiant|KowtowCleave,SuckerPunch,IronHead,Protect|Adamant||M|||50|
|showteam|p2|Raichu||RaichuniteY|LightningRod|FakeOut,Encore,ZapCannon,FocusBlast|Timid||F|||50|]Gyarados||Gyaradosite|Intimidate|LashOut,Waterfall,DragonDance,Protect|Adamant||M|||50|]Mamoswine||LifeOrb|Oblivious|Protect,IcicleCrash,IceShard,HighHorsepower|Jolly||M|||50|]Ceruledge||ColburBerry|FlashFire|BitterBlade,ShadowSneak,BulkUp,Protect|Adamant||M|||50|]Sinistcha||SitrusBerry|Hospitality|Protect,RagePowder,MatchaGotcha,LifeDew|Bold|||||50|]Kingambit||FocusSash|Defiant|Protect,SuckerPunch,KowtowCleave,IronHead|Adamant||F|||50|
|inactive|Battle timer is ON: inactive players will automatically lose when time's up. (requested by d1mo22)
|inactive|Yato1226 has 60 seconds left.
|inactive|d1mo22 has 60 seconds left.
|inactive|d1mo22 has 30 seconds left.
|inactive|d1mo22 has 20 seconds left.
|inactive|d1mo22 has 15 seconds left.
|inactive|d1mo22 has 10 seconds left.
|inactive|d1mo22 has 5 seconds left.
|
|t:|1784566924
|teamsize|p1|4
|teamsize|p2|4
|start
|switch|p1a: Staraptor|Staraptor, L50, M|100/100
|switch|p1b: Grimmsnarl|Grimmsnarl, L50, M|100/100
|switch|p2a: Gyarados|Gyarados, L50, M, shiny|100/100
|switch|p2b: Mamoswine|Mamoswine, L50, M|100/100
|-ability|p1a: Staraptor|Intimidate|boost
|-unboost|p2a: Gyarados|atk|1
|-fail|p2b: Mamoswine|unboost|Attack|[from] ability: Oblivious|[of] p2b: Mamoswine
|-ability|p2a: Gyarados|Intimidate|boost
|-unboost|p1a: Staraptor|atk|1
|-unboost|p1b: Grimmsnarl|atk|1
|turn|1
|inactive|d1mo22 has 30 seconds left.
|inactive|d1mo22 has 20 seconds left.
|
|t:|1784566960
|detailschange|p1a: Staraptor|Staraptor-Mega, L50, M
|-mega|p1a: Staraptor|Staraptor|Staraptite
|move|p1b: Grimmsnarl|Parting Shot|p1a: Staraptor
|-boost|p1a: Staraptor|atk|1
|-boost|p1a: Staraptor|spa|1
|
|t:|1784566965
|switch|p1b: Raichu|Raichu, L50, F|100/100|[from] Parting Shot
|move|p1a: Staraptor|Close Combat|p2b: Mamoswine
|-supereffective|p2b: Mamoswine|1
|-damage|p2b: Mamoswine|0 fnt
|-boost|p1a: Staraptor|def|1
|-boost|p1a: Staraptor|spd|1
|faint|p2b: Mamoswine
|move|p2a: Gyarados|Waterfall|p1b: Raichu
|-damage|p1b: Raichu|43/100
|
|upkeep
|
|t:|1784566972
|switch|p2b: Raichu|Raichu, L50, F|100/100
|turn|2
|
|t:|1784566994
|switch|p2b: Ceruledge|Ceruledge, L50, M|100/100
|move|p1b: Raichu|Fake Out|p2a: Gyarados
|-damage|p2a: Gyarados|91/100
|move|p1a: Staraptor|Close Combat|p2b: Ceruledge
|-immune|p2b: Ceruledge
|cant|p2a: Gyarados|flinch
|
|upkeep
|turn|3
|
|t:|1784567015
|switch|p1b: Grimmsnarl|Grimmsnarl, L50, M|100/100
|switch|p2a: Raichu|Raichu, L50, F|100/100
|move|p1a: Staraptor|Brave Bird|p2b: Ceruledge
|-damage|p2b: Ceruledge|25/100
|-damage|p1a: Staraptor|76/100|[from] Recoil
|move|p2b: Ceruledge|Bulk Up|p2b: Ceruledge
|-boost|p2b: Ceruledge|atk|1
|-boost|p2b: Ceruledge|def|1
|
|upkeep
|turn|4
|inactive|Yato1226 has 30 seconds left.
|
|t:|1784567045
|move|p1a: Staraptor|Protect|p1a: Staraptor
|-singleturn|p1a: Staraptor|Protect
|move|p2a: Raichu|Fake Out|p1a: Staraptor
|-activate|p1a: Staraptor|move: Protect
|move|p1b: Grimmsnarl|Reflect|p1b: Grimmsnarl
|-sidestart|p1: Yato1226|Reflect
|move|p2b: Ceruledge|Bitter Blade|p1b: Grimmsnarl
|-damage|p1b: Grimmsnarl|54/100
|-heal|p2b: Ceruledge|51/100|[from] drain|[of] p1b: Grimmsnarl
|
|upkeep
|turn|5
|inactive|d1mo22 has 30 seconds left.
|inactive|d1mo22 has 20 seconds left.
|inactive|d1mo22 has 15 seconds left.
|
|t:|1784567089
|detailschange|p2a: Raichu|Raichu-Mega-Y, L50, F
|-mega|p2a: Raichu|Raichu|Raichunite Y
|move|p1b: Grimmsnarl|Parting Shot|p1a: Staraptor
|-boost|p1a: Staraptor|atk|1
|-boost|p1a: Staraptor|spa|1
|
|t:|1784567093
|switch|p1b: Raichu|Raichu, L50, F|43/100|[from] Parting Shot
|move|p2a: Raichu|Zap Cannon|p1b: Raichu
|-activate|p1b: Raichu|ability: Lightning Rod
|-ability|p1b: Raichu|Lightning Rod|boost
|-boost|p1b: Raichu|spa|1
|move|p1a: Staraptor|Close Combat|p2a: Raichu
|-damage|p2a: Raichu|0 fnt
|-boost|p1a: Staraptor|def|1
|-boost|p1a: Staraptor|spd|1
|faint|p2a: Raichu
|move|p2b: Ceruledge|Bitter Blade|p1b: Raichu
|-damage|p1b: Raichu|0 fnt
|-heal|p2b: Ceruledge|67/100|[from] drain|[of] p1b: Raichu
|faint|p1b: Raichu
|
|upkeep
|
|t:|1784567110
|switch|p2a: Gyarados|Gyarados, L50, M, shiny|91/100
|switch|p1b: Grimmsnarl|Grimmsnarl, L50, M|54/100
|-ability|p2a: Gyarados|Intimidate|boost
|-boost|p1a: Staraptor|atk|1
|-unboost|p1b: Grimmsnarl|atk|1
|turn|6
|
|t:|1784567121
|move|p1b: Grimmsnarl|Parting Shot|p1a: Staraptor
|-boost|p1a: Staraptor|atk|1
|-boost|p1a: Staraptor|spa|1
|
|t:|1784567125
|switch|p1b: Sinistcha|Sinistcha, L50|100/100|[from] Parting Shot
|-heal|p1a: Staraptor|100/100|[from] ability: Hospitality|[of] p1b: Sinistcha
|move|p1a: Staraptor|Brave Bird|p2b: Ceruledge
|-damage|p2b: Ceruledge|0 fnt
|faint|p2b: Ceruledge
|-damage|p1a: Staraptor|78/100|[from] Recoil
|move|p2a: Gyarados|Waterfall|p1a: Staraptor
|-damage|p1a: Staraptor|66/100
|
|upkeep
|turn|7
|-message|d1mo22 forfeited.
|
|win|Yato1226
