|j|☆lecher0
|j|☆acemphd
|html|lecher0acemphd    
|uhtml|bestof|Game 1 of a best-of-3
|t:|1784933253
|gametype|doubles
|player|p1|lecher0|interviewers|1040
|player|p2|acemphd|fisherman-gen4|1189
|gen|9
|tier|[Gen 9 Champions] VGC 2026 Reg M-B (Bo3)
|rated|
|rule|Species Clause: Limit one of each Pokémon
|rule|Item Clause: Limit 1 of each item
|clearpoke
|poke|p1|Charizard, L50, F|
|poke|p1|Pelipper, L50, F|
|poke|p1|Archaludon, L50, F|
|poke|p1|Venusaur, L50, M|
|poke|p1|Basculegion, L50, M|
|poke|p1|Grimmsnarl, L50, M|
|poke|p2|Charizard, L50, F|
|poke|p2|Grimmsnarl, L50, M|
|poke|p2|Pelipper, L50, F|
|poke|p2|Archaludon, L50, F|
|poke|p2|Basculegion, L50, M|
|poke|p2|Venusaur, L50, F|
|teampreview|4
|showteam|p1|Charizard||CharizarditeY|Blaze|Protect,HeatWave,WeatherBall,HelpingHand|Modest||F|||50|]Pelipper||SitrusBerry|Drizzle|Hurricane,WeatherBall,Tailwind,WideGuard|Modest||F|||50|]Archaludon||Leftovers|Stamina|Protect,ElectroShot,DragonPulse,FlashCannon|Calm||F|||50|]Venusaur||LifeOrb|Chlorophyll|Protect,SolarBeam,SludgeBomb,EarthPower|Modest||M|||50|]Basculegion||ChoiceScarf|Adaptability|LastRespects,FlipTurn,WaveCrash,AquaJet|Jolly||M|||50|]Grimmsnarl||LightClay|Prankster|SpiritBreak,Reflect,LightScreen,PartingShot|Sassy||M|||50|
|showteam|p2|Charizard||CharizarditeY|SolarPower|WeatherBall,HeatWave,SolarBeam,Protect|Modest||F|||50|]Grimmsnarl||LightClay|Prankster|SpiritBreak,PartingShot,Reflect,LightScreen|Calm||M|||50|]Pelipper||SitrusBerry|Drizzle|WeatherBall,Hurricane,Tailwind,WideGuard|Modest||F|||50|]Archaludon||Leftovers|Stamina|DragonPulse,ElectroShot,FlashCannon,Protect|Calm||F|||50|]Basculegion||ChoiceScarf|Adaptability|FlipTurn,WaveCrash,AquaJet,LastRespects|Jolly||M|||50|]Venusaur||FocusSash|Chlorophyll|Protect,SleepPowder,SludgeBomb,EarthPower|Modest||F|||50|
|inactive|Battle timer is ON: inactive players will automatically lose when time's up. (requested by lecher0)
|inactive|acemphd has 60 seconds left.
|
|t:|1784933290
|teamsize|p1|4
|teamsize|p2|4
|start
|switch|p1a: Charizard|Charizard, L50, F|100/100
|switch|p1b: Pelipper|Pelipper, L50, F|100/100
|switch|p2a: Grimmsnarl|Grimmsnarl, L50, M|100/100
|switch|p2b: Charizard|Charizard, L50, F|100/100
|-weather|RainDance|[from] ability: Drizzle|[of] p1b: Pelipper
|turn|1
|inactive|lecher0 has 30 seconds left.
|inactive|acemphd has 30 seconds left.
|inactive|acemphd has 20 seconds left.
|inactive|acemphd has 15 seconds left.
|inactive|lecher0 has 20 seconds left.
|inactive|acemphd has 10 seconds left.
|inactive|acemphd has 5 seconds left.
|
|t:|1784933341
|detailschange|p1a: Charizard|Charizard-Mega-Y, L50, F
|-mega|p1a: Charizard|Charizard|Charizardite Y
|-weather|SunnyDay|[from] ability: Drought|[of] p1a: Charizard
|move|p2b: Charizard|Protect|p2b: Charizard
|-singleturn|p2b: Charizard|Protect
|move|p2a: Grimmsnarl|Light Screen|p2a: Grimmsnarl
|-sidestart|p2: acemphd|move: Light Screen
|move|p1a: Charizard|Heat Wave|p2b: Charizard|[spread] p2a
|-activate|p2b: Charizard|move: Protect
|-damage|p2a: Grimmsnarl|63/100
|move|p1b: Pelipper|Tailwind|p1b: Pelipper
|-sidestart|p1: lecher0|move: Tailwind
|
|-weather|SunnyDay|[upkeep]
|-damage|p2b: Charizard|87/100|[from] ability: Solar Power|[of] p2b: Charizard
|upkeep
|turn|2
|inactive|lecher0 has 30 seconds left.
|inactive|lecher0 has 20 seconds left.
|inactive|lecher0 has 15 seconds left.
|
|t:|1784933383
|detailschange|p2b: Charizard|Charizard-Mega-Y, L50, F
|-mega|p2b: Charizard|Charizard|Charizardite Y
|move|p1a: Charizard|Helping Hand|p1b: Pelipper
|-singleturn|p1b: Pelipper|Helping Hand|[of] p1a: Charizard
|move|p2a: Grimmsnarl|Parting Shot|p1a: Charizard
|-unboost|p1a: Charizard|atk|1
|-unboost|p1a: Charizard|spa|1
|
|t:|1784933397
|switch|p2a: Archaludon|Archaludon, L50, F|100/100|[from] Parting Shot
|move|p1b: Pelipper|Weather Ball|p2a: Archaludon
|-damage|p2a: Archaludon|64/100
|-ability|p2a: Archaludon|Stamina|boost
|-boost|p2a: Archaludon|def|1
|move|p2b: Charizard|Weather Ball|p1b: Pelipper
|-resisted|p1b: Pelipper|1
|-damage|p1b: Pelipper|46/100
|-enditem|p1b: Pelipper|Sitrus Berry|[eat]
|-heal|p1b: Pelipper|71/100|[from] item: Sitrus Berry
|
|-weather|SunnyDay|[upkeep]
|-heal|p2a: Archaludon|71/100|[from] item: Leftovers
|upkeep
|turn|3
|inactive|lecher0 has 30 seconds left.
|
|t:|1784933424
|move|p1a: Charizard|Heat Wave|p2a: Archaludon|[spread] p2a,p2b
|-resisted|p2b: Charizard|1
|-damage|p2a: Archaludon|49/100
|-damage|p2b: Charizard|75/100
|-ability|p2a: Archaludon|Stamina|boost
|-boost|p2a: Archaludon|def|1
|move|p1b: Pelipper|Weather Ball|p2a: Archaludon
|-crit|p2a: Archaludon
|-damage|p2a: Archaludon|0 fnt
|faint|p2a: Archaludon
|move|p2b: Charizard|Weather Ball|p1b: Pelipper
|-resisted|p1b: Pelipper|1
|-damage|p1b: Pelipper|19/100
|
|-weather|SunnyDay|[upkeep]
|upkeep
|
|t:|1784933445
|switch|p2a: Grimmsnarl|Grimmsnarl, L50, M|63/100
|turn|4
|
|t:|1784933459
|switch|p1b: Venusaur|Venusaur, L50, M|100/100
|move|p1a: Charizard|Protect|p1a: Charizard
|-singleturn|p1a: Charizard|Protect
|move|p2a: Grimmsnarl|Parting Shot|p1a: Charizard
|-activate|p1a: Charizard|move: Protect
|move|p2b: Charizard|Heat Wave|p1b: Venusaur|[spread] 
|-activate|p1a: Charizard|move: Protect
|-miss|p2b: Charizard|p1b: Venusaur
|
|-weather|SunnyDay|[upkeep]
|-sideend|p1: lecher0|move: Tailwind
|upkeep
|turn|5
|c|☆acemphd|ugh
|inactive|lecher0 has 30 seconds left.
|inactive|acemphd has 30 seconds left.
|
|t:|1784933486
|switch|p1a: Pelipper|Pelipper, L50, F|19/100
|-weather|RainDance|[from] ability: Drizzle|[of] p1a: Pelipper
|move|p2a: Grimmsnarl|Parting Shot|p1b: Venusaur
|-unboost|p1b: Venusaur|atk|1
|-unboost|p1b: Venusaur|spa|1
|
|t:|1784933492
|switch|p2a: Venusaur|Venusaur, L50, F|100/100|[from] Parting Shot
|move|p2b: Charizard|Heat Wave|p1b: Venusaur|[spread] p1a,p1b
|-resisted|p1a: Pelipper|1
|-supereffective|p1b: Venusaur|1
|-damage|p1a: Pelipper|7/100
|-damage|p1b: Venusaur|61/100
|move|p1b: Venusaur|Sludge Bomb|p2b: Charizard
|-crit|p2b: Charizard
|-damage|p2b: Charizard|2/100
|-damage|p1b: Venusaur|51/100|[from] item: Life Orb
|
|-weather|RainDance|[upkeep]
|upkeep
|turn|6
|
|t:|1784933517
|move|p2b: Charizard|Protect|p2b: Charizard
|-singleturn|p2b: Charizard|Protect
|move|p2a: Venusaur|Sludge Bomb|p1b: Venusaur
|-damage|p1b: Venusaur|6/100
|move|p1b: Venusaur|Sludge Bomb|p2b: Charizard
|-activate|p2b: Charizard|move: Protect
|move|p1a: Pelipper|Hurricane|p2a: Venusaur
|-supereffective|p2a: Venusaur|1
|-damage|p2a: Venusaur|33/100
|
|-weather|RainDance|[upkeep]
|upkeep
|turn|7
|
|t:|1784933535
|move|p2a: Venusaur|Protect|p2a: Venusaur
|-singleturn|p2a: Venusaur|Protect
|move|p1b: Venusaur|Protect|p1b: Venusaur
|-singleturn|p1b: Venusaur|Protect
|move|p2b: Charizard|Heat Wave|p1a: Pelipper|[spread] p1a
|-activate|p1b: Venusaur|move: Protect
|-resisted|p1a: Pelipper|1
|-damage|p1a: Pelipper|0 fnt
|faint|p1a: Pelipper
|
|-weather|RainDance|[upkeep]
|upkeep
|
|t:|1784933548
|switch|p1a: Basculegion|Basculegion, L50, M|100/100
|turn|8
|
|t:|1784933566
|move|p2b: Charizard|Protect|p2b: Charizard
|-singleturn|p2b: Charizard|Protect
|move|p1a: Basculegion|Flip Turn|p2a: Venusaur
|-resisted|p2a: Venusaur|1
|-damage|p2a: Venusaur|0 fnt
|faint|p2a: Venusaur
|
|t:|1784933574
|switch|p1a: Charizard|Charizard-Mega-Y, L50, F|100/100|[from] Flip Turn
|-weather|SunnyDay|[from] ability: Drought|[of] p1a: Charizard
|move|p1b: Venusaur|Sludge Bomb|p2b: Charizard
|-activate|p2b: Charizard|move: Protect
|
|-weather|SunnyDay|[upkeep]
|-sideend|p2: acemphd|move: Light Screen
|upkeep
|-message|acemphd forfeited.
|
|win|lecher0
||acemphd is ready for game 2.
|inactive|lecher0 has 30 seconds to confirm battle start!
|l|☆lecher0
|player|p1|
|inactive|lecher0 has 20 seconds to confirm battle start!
|inactive|lecher0 has 10 seconds to confirm battle start!
|j|☆lecher0
|player|p1|lecher0|interviewers|
