|j|☆artyowls
|j|☆TheWhizzmur
|html|artyowlsTheWhizzmur    
|uhtml|bestof|Game 1 of a best-of-3
|t:|1756460297
|gametype|doubles
|player|p1|artyowls|plasmagrunt|1120
|player|p2|TheWhizzmur|blackbelt-gen1|1040
|gen|9
|tier|[Gen 9] VGC 2025 Reg H (Bo3)
|rated|
|rule|Species Clause: Limit one of each Pokémon
|rule|Item Clause: Limit 1 of each item
|clearpoke
|poke|p1|Archaludon, L50, M|
|poke|p1|Electabuzz, L50, F|
|poke|p1|Rillaboom, L50, F|
|poke|p1|Kingambit, L50, M|
|poke|p1|Pelipper, L50, F|
|poke|p1|Dragapult, L50, M|
|poke|p2|Weezing-Galar, L50, F|
|poke|p2|Toedscruel, L50, M|
|poke|p2|Gholdengo, L50|
|poke|p2|Rillaboom, L50, F|
|poke|p2|Tauros-Paldea-Aqua, L50, M|
|poke|p2|Armarouge, L50, M|
|teampreview|4
|showteam|p1|Archaludon||AssaultVest|Stamina|BodyPress,ElectroShot,DracoMeteor,FlashCannon|||M|||50|,,,,,Flying]Electabuzz||Eviolite|VitalSpirit|FollowMe,Protect,Taunt,Thunderbolt|||F|||50|,,,,,Fairy]Rillaboom||LoadedDice|GrassySurge|FakeOut,GrassyGlide,BulletSeed,HighHorsepower|||F|||50|,,,,,Water]Kingambit||SafetyGoggles|Defiant|SuckerPunch,SwordsDance,KowtowCleave,Protect|||M|||50|,,,,,Dark]Pelipper||FocusSash|Drizzle|Hurricane,WeatherBall,Protect,Tailwind|||F|||50|,,,,,Stellar]Dragapult||ChoiceBand|ClearBody|DragonDarts,PhantomForce,Outrage,Uturn|||M|||50|,,,,,Dragon
|showteam|p2|Weezing-Galar||ChoiceSpecs|NeutralizingGas|SludgeBomb,StrangeSteam,DazzlingGleam,Flamethrower|||F|||50|,,,,,Psychic]Toedscruel||CovertCloak|MyceliumMight|Spore,EarthPower,AcidSpray,RagePowder|||M|||50|,,,,,Water]Gholdengo||GrassySeed|GoodasGold|NastyPlot,ShadowBall,MakeItRain,Protect||||||50|,,,,,Water]Rillaboom||AssaultVest|GrassySurge|FakeOut,GrassyGlide,WoodHammer,Uturn|||F|||50|,,,,,Fire]Tauros-Paldea-Aqua||AbilityShield|Intimidate|CloseCombat,WaveCrash,AquaJet,Protect|||M|||50|,,,,,Fire]Armarouge||PowerHerb|FlashFire|ArmorCannon,ExpandingForce,MeteorBeam,Protect|||M|||50|,,,,,Grass
|
|t:|1756460353
|teamsize|p1|4
|teamsize|p2|4
|start
|switch|p1a: Dragapult|Dragapult, L50, M|100/100
|switch|p1b: Rillaboom|Rillaboom, L50, F|100/100
|switch|p2a: Weezing|Weezing-Galar, L50, F|100/100
|switch|p2b: Armarouge|Armarouge, L50, M|100/100
|-ability|p2a: Weezing|Neutralizing Gas
|turn|1
|
|t:|1756460386
|move|p2b: Armarouge|Protect|p2b: Armarouge
|-singleturn|p2b: Armarouge|Protect
|move|p1b: Rillaboom|Fake Out|p2b: Armarouge
|-activate|p2b: Armarouge|move: Protect
|move|p1a: Dragapult|Phantom Force||[still]
|-prepare|p1a: Dragapult|Phantom Force
|move|p2a: Weezing|Strange Steam|p1a: Dragapult|[miss]
|-miss|p2a: Weezing|p1a: Dragapult
|
|upkeep
|turn|2
|
|t:|1756460412
|-terastallize|p2b: Armarouge|Grass
|move|p1a: Dragapult|Phantom Force|p2b: Armarouge|[from] lockedmove
|-damage|p2b: Armarouge|40/100
|move|p1b: Rillaboom|High Horsepower|p2a: Weezing
|-supereffective|p2a: Weezing
|-damage|p2a: Weezing|37/100
|move|p2b: Armarouge|Armor Cannon|p1b: Rillaboom
|-supereffective|p1b: Rillaboom
|-damage|p1b: Rillaboom|0 fnt
|-unboost|p2b: Armarouge|def|1
|-unboost|p2b: Armarouge|spd|1
|faint|p1b: Rillaboom
|move|p2a: Weezing|Strange Steam|p1a: Dragapult
|-supereffective|p1a: Dragapult
|-damage|p1a: Dragapult|0 fnt
|faint|p1a: Dragapult
|
|upkeep
|
|t:|1756460422
|switch|p1a: Archaludon|Archaludon, L50, M|100/100
|switch|p1b: Pelipper|Pelipper, L50, F|100/100
|turn|3
|
|t:|1756460455
|move|p2b: Armarouge|Meteor Beam||[still]
|-prepare|p2b: Armarouge|Meteor Beam
|-boost|p2b: Armarouge|spa|1
|-enditem|p2b: Armarouge|Power Herb
|-anim|p2b: Armarouge|Meteor Beam|p1b: Pelipper
|-supereffective|p1b: Pelipper
|-enditem|p1b: Pelipper|Focus Sash
|-damage|p1b: Pelipper|1/100
|move|p1b: Pelipper|Weather Ball|p2b: Armarouge
|-damage|p2b: Armarouge|12/100
|move|p1a: Archaludon|Flash Cannon|p2a: Weezing
|-supereffective|p2a: Weezing
|-damage|p2a: Weezing|0 fnt
|faint|p2a: Weezing
|-end|p2a: Weezing|ability: Neutralizing Gas
|-weather|RainDance|[from] ability: Drizzle|[of] p1b: Pelipper
|
|-weather|RainDance|[upkeep]
|upkeep
|
|t:|1756460469
|switch|p2a: Toedscruel|Toedscruel, L50, M|100/100
|turn|4
|
|t:|1756460505
|move|p1b: Pelipper|Protect|p1b: Pelipper
|-singleturn|p1b: Pelipper|Protect
|move|p2b: Armarouge|Expanding Force|p1b: Pelipper
|-activate|p1b: Pelipper|move: Protect
|move|p1a: Archaludon|Flash Cannon|p2b: Armarouge
|-damage|p2b: Armarouge|0 fnt
|faint|p2b: Armarouge
|move|p2a: Toedscruel|Spore|p1a: Archaludon
|-status|p1a: Archaludon|slp|[from] move: Spore
|
|-weather|RainDance|[upkeep]
|upkeep
|
|t:|1756460512
|switch|p2b: Gholdengo|Gholdengo, L50|100/100
|turn|5
|
|t:|1756460556
|-terastallize|p1b: Pelipper|Stellar
|move|p2a: Toedscruel|Acid Spray|p1b: Pelipper
|-damage|p1b: Pelipper|0 fnt
|faint|p1b: Pelipper
|move|p2b: Gholdengo|Nasty Plot|p2b: Gholdengo
|-boost|p2b: Gholdengo|spa|2
|cant|p1a: Archaludon|slp
|
|-weather|RainDance|[upkeep]
|upkeep
|turn|6
|
|t:|1756460582
|move|p2a: Toedscruel|Rage Powder|p2a: Toedscruel
|-singleturn|p2a: Toedscruel|move: Rage Powder
|move|p2b: Gholdengo|Nasty Plot|p2b: Gholdengo
|-boost|p2b: Gholdengo|spa|2
|cant|p1a: Archaludon|slp
|
|-weather|RainDance|[upkeep]
|upkeep
|turn|7
|
|t:|1756460603
|move|p2a: Toedscruel|Rage Powder|p2a: Toedscruel
|-singleturn|p2a: Toedscruel|move: Rage Powder
|move|p2b: Gholdengo|Shadow Ball|p1a: Archaludon
|-damage|p1a: Archaludon|15/100 slp
|-unboost|p1a: Archaludon|spd|1
|-ability|p1a: Archaludon|Stamina|boost
|-boost|p1a: Archaludon|def|1
|-curestatus|p1a: Archaludon|slp|[msg]
|move|p1a: Archaludon|Electro Shot||[still]
|-prepare|p1a: Archaludon|Electro Shot
|-boost|p1a: Archaludon|spa|1
|-anim|p1a: Archaludon|Electro Shot|p2a: Toedscruel
|-immune|p2a: Toedscruel
|
|-weather|none
|upkeep
|turn|8
|
|t:|1756460629
|move|p2a: Toedscruel|Earth Power|p1a: Archaludon
|-supereffective|p1a: Archaludon
|-damage|p1a: Archaludon|0 fnt
|faint|p1a: Archaludon
|
|win|TheWhizzmur
||artyowls is ready for game 2.
||TheWhizzmur is ready for game 2.
|uhtml|next|Next: Game 2 of 3
|l|☆artyowls
|player|p1|
|j|☆artyowls
|player|p1|artyowls|plasmagrunt|
