|j|‽daniiivgc
|j|☆AsukaHikaru
|html|daniiivgcAsukaHikaru    
|uhtml|bestof|Game 1 of a best-of-3
|t:|1784339042
|gametype|doubles
|player|p1|daniiivgc|giovanni|1270
|player|p2|AsukaHikaru|volkner|1456
|gen|9
|tier|[Gen 9 Champions] VGC 2026 Reg M-B (Bo3)
|rated|
|rule|Species Clause: Limit one of each Pokémon
|rule|Item Clause: Limit 1 of each item
|clearpoke
|poke|p1|Charizard, L50, M|
|poke|p1|Venusaur, L50, M|
|poke|p1|Garchomp, L50, M, shiny|
|poke|p1|Incineroar, L50, M|
|poke|p1|Toxapex, L50, M|
|poke|p1|Annihilape, L50, M|
|poke|p2|Incineroar, L50, M|
|poke|p2|Kingambit, L50, F|
|poke|p2|Sinistcha, L50|
|poke|p2|Floette-Eternal, L50, F|
|poke|p2|Sneasler, L50, M|
|poke|p2|Delphox, L50, F|
|teampreview|4
|showteam|p1|Charizard||CharizarditeY|Blaze|HeatWave,WeatherBall,HelpingHand,Protect|Modest||M|||50|]Venusaur||LifeOrb|Chlorophyll|SolarBeam,SludgeBomb,EarthPower,Protect|Modest||M|||50|]Garchomp||ChoiceScarf|RoughSkin|DragonClaw,Earthquake,RockSlide,StompingTantrum|Adamant||M|||50|]Incineroar||SitrusBerry|Intimidate|FlareBlitz,ThroatChop,PartingShot,FakeOut|Impish||M|||50|]Toxapex||Leftovers|Regenerator|Toxic,Infestation,WideGuard,BanefulBunker|Bold||M|||50|]Annihilape||FocusSash|Defiant|PhantomForce,CloseCombat,RockTomb,Protect|Jolly||M|||50|
|showteam|p2|Incineroar||PasshoBerry|Intimidate|PartingShot,FakeOut,FlareBlitz,DarkestLariat|Careful||M|||50|]Kingambit||LifeOrb|Defiant|Protect,KowtowCleave,IronHead,SuckerPunch|Adamant||F|||50|]Sinistcha||OccaBerry|Hospitality|Protect,MatchaGotcha,RagePowder,TrickRoom|Bold|||||50|]Floette-Eternal||Floettite|FlowerVeil|Protect,DazzlingGleam,Moonblast,CalmMind|Modest||F|||50|]Sneasler||FocusSash|PoisonTouch|PoisonJab,FakeOut,CloseCombat,RockSlide|Jolly||M|||50|]Delphox||Delphoxite|Blaze|Protect,HeatWave,Psychic,NastyPlot|Timid||F|||50|
|
|t:|1784339077
|teamsize|p1|4
|teamsize|p2|4
|start
|switch|p1a: Charizard|Charizard, L50, M|100/100
|switch|p1b: Annihilape|Annihilape, L50, M|100/100
|switch|p2a: Floette|Floette-Eternal, L50, F|100/100
|switch|p2b: Sneasler|Sneasler, L50, M|100/100
|turn|1
|inactive|Battle timer is ON: inactive players will automatically lose when time's up. (requested by daniiivgc)
|
|t:|1784339095
|detailschange|p2a: Floette|Floette-Mega, L50, F
|-mega|p2a: Floette|Floette|Floettite
|-ability|p2a: Floette|Fairy Aura
|detailschange|p1a: Charizard|Charizard-Mega-Y, L50, M
|-mega|p1a: Charizard|Charizard|Charizardite Y
|-weather|SunnyDay|[from] ability: Drought|[of] p1a: Charizard
|move|p2b: Sneasler|Rock Slide|p1a: Charizard|[spread] p1a,p1b
|-supereffective|p1a: Charizard|2
|-resisted|p1b: Annihilape|1
|-damage|p1a: Charizard|22/100
|-damage|p1b: Annihilape|88/100
|move|p1b: Annihilape|Phantom Force||[still]
|-prepare|p1b: Annihilape|Phantom Force
|move|p2a: Floette|Dazzling Gleam|p1a: Charizard|[spread] p1a
|-miss|p2a: Floette|p1b: Annihilape
|-resisted|p1a: Charizard|1
|-damage|p1a: Charizard|4/100
|move|p1a: Charizard|Heat Wave|p2b: Sneasler|[spread] p2a,p2b
|-damage|p2a: Floette|52/100
|-damage|p2b: Sneasler|9/100
|-status|p2a: Floette|brn
|
|-weather|SunnyDay|[upkeep]
|-damage|p2a: Floette|47/100 brn|[from] brn
|upkeep
|turn|2
|inactive|daniiivgc has 30 seconds left.
|
|t:|1784339125
|switch|p2b: Sinistcha|Sinistcha, L50|100/100
|-heal|p2a: Floette|71/100 brn|[from] ability: Hospitality|[of] p2b: Sinistcha
|move|p1a: Charizard|Protect|p1a: Charizard
|-singleturn|p1a: Charizard|Protect
|move|p1b: Annihilape|Phantom Force|p2a: Floette|[from] lockedmove
|-damage|p2a: Floette|23/100 brn
|move|p2a: Floette|Dazzling Gleam|p1b: Annihilape|[spread] p1b
|-activate|p1a: Charizard|move: Protect
|-supereffective|p1b: Annihilape|1
|-damage|p1b: Annihilape|0 fnt
|faint|p1b: Annihilape
|
|-weather|SunnyDay|[upkeep]
|-damage|p2a: Floette|18/100 brn|[from] brn
|upkeep
|
|t:|1784339142
|switch|p1b: Garchomp|Garchomp, L50, M, shiny|100/100
|turn|3
|
|t:|1784339165
|move|p2b: Sinistcha|Protect|p2b: Sinistcha
|-singleturn|p2b: Sinistcha|Protect
|move|p1b: Garchomp|Earthquake|p2a: Floette|[spread] p2a
|-activate|p2b: Sinistcha|move: Protect
|-immune|p1a: Charizard
|-damage|p2a: Floette|0 fnt
|faint|p2a: Floette
|move|p1a: Charizard|Weather Ball|p2b: Sinistcha
|-activate|p2b: Sinistcha|move: Protect
|
|-weather|SunnyDay|[upkeep]
|upkeep
|
|t:|1784339186
|switch|p2a: Sneasler|Sneasler, L50, M|9/100
|turn|4
|
|t:|1784339197
|move|p1a: Charizard|Protect|p1a: Charizard
|-singleturn|p1a: Charizard|Protect
|move|p2a: Sneasler|Fake Out|p1a: Charizard
|-activate|p1a: Charizard|move: Protect
|move|p1b: Garchomp|Earthquake|p2b: Sinistcha|[spread] p2a,p2b
|-activate|p1a: Charizard|move: Protect
|-supereffective|p2a: Sneasler|1
|-resisted|p2b: Sinistcha|1
|-damage|p2a: Sneasler|0 fnt
|-damage|p2b: Sinistcha|82/100
|faint|p2a: Sneasler
|move|p2b: Sinistcha|Trick Room|p2b: Sinistcha
|-fieldstart|move: Trick Room|[of] p2b: Sinistcha
|
|-weather|SunnyDay|[upkeep]
|upkeep
|
|t:|1784339202
|switch|p2a: Kingambit|Kingambit, L50, F|100/100
|turn|5
|inactive|daniiivgc has 30 seconds left.
|inactive|daniiivgc has 20 seconds left.
|
|t:|1784339239
|move|p2a: Kingambit|Kowtow Cleave|p1b: Garchomp
|-damage|p1b: Garchomp|40/100
|-damage|p2a: Kingambit|87/100|[from] ability: Rough Skin|[of] p1b: Garchomp
|-damage|p2a: Kingambit|78/100|[from] item: Life Orb
|move|p2b: Sinistcha|Matcha Gotcha|p1b: Garchomp|[spread] p1a,p1b
|-resisted|p1a: Charizard|2
|-damage|p1a: Charizard|0 fnt
|-heal|p2b: Sinistcha|84/100|[from] drain|[of] p1a: Charizard
|-damage|p1b: Garchomp|15/100
|-heal|p2b: Sinistcha|98/100|[from] drain|[of] p1b: Garchomp
|faint|p1a: Charizard
|move|p1b: Garchomp|Earthquake|p2b: Sinistcha|[spread] p2a,p2b
|-supereffective|p2a: Kingambit|1
|-resisted|p2b: Sinistcha|1
|-damage|p2a: Kingambit|15/100
|-damage|p2b: Sinistcha|80/100
|
|-weather|none
|upkeep
|
|t:|1784339254
|switch|p1a: Venusaur|Venusaur, L50, M|100/100
|turn|6
|
|t:|1784339263
|move|p2a: Kingambit|Protect|p2a: Kingambit
|-singleturn|p2a: Kingambit|Protect
|move|p1a: Venusaur|Protect|p1a: Venusaur
|-singleturn|p1a: Venusaur|Protect
|move|p2b: Sinistcha|Matcha Gotcha|p1a: Venusaur|[spread] p1b
|-activate|p1a: Venusaur|move: Protect
|-damage|p1b: Garchomp|0 fnt
|-heal|p2b: Sinistcha|89/100|[from] drain|[of] p1b: Garchomp
|faint|p1b: Garchomp
|
|upkeep
|turn|7
|
|t:|1784339273
|move|p2a: Kingambit|Kowtow Cleave|p1a: Venusaur
|-damage|p1a: Venusaur|18/100
|-damage|p2a: Kingambit|5/100|[from] item: Life Orb
|move|p2b: Sinistcha|Matcha Gotcha|p1a: Venusaur
|-resisted|p1a: Venusaur|2
|-crit|p1a: Venusaur
|-damage|p1a: Venusaur|5/100
|-heal|p2b: Sinistcha|96/100|[from] drain|[of] p1a: Venusaur
|-status|p1a: Venusaur|brn
|move|p1a: Venusaur|Earth Power|p2a: Kingambit
|-supereffective|p2a: Kingambit|1
|-damage|p2a: Kingambit|0 fnt
|faint|p2a: Kingambit
|-damage|p1a: Venusaur|0 fnt|[from] item: Life Orb
|faint|p1a: Venusaur
|
|win|AsukaHikaru
|inactive|daniiivgc has 30 seconds to confirm battle start!
|inactive|AsukaHikaru has 30 seconds to confirm battle start!
||AsukaHikaru is ready for game 2.
||daniiivgc is ready for game 2.
|uhtml|next|Next: Game 2 of 3
|l|‽daniiivgc
|player|p1|
