|j|☆workingmangarby
|j|☆Mark o silva
|html|workingmangarbyMark o silva    
|uhtml|bestof|Game 2 of a best-of-3
|t:|1782222813
|gametype|doubles
|player|p1|workingmangarby|gentleman-gen4dp|1168
|player|p2|Mark o silva|n|1098
|gen|9
|tier|[Gen 9 Champions] VGC 2026 Reg M-B (Bo3)
|rated|
|rule|Species Clause: Limit one of each Pokémon
|rule|Item Clause: Limit 1 of each item
|clearpoke
|poke|p1|Pyroar, L50, F|
|poke|p1|Torkoal, L50, M|
|poke|p1|Whimsicott, L50, M|
|poke|p1|Mawile, L50, F|
|poke|p1|Basculegion, L50, M|
|poke|p1|Farigiraf, L50, M|
|poke|p2|Basculegion, L50, M|
|poke|p2|Aerodactyl, L50, M|
|poke|p2|Garchomp, L50, M|
|poke|p2|Floette-Eternal, L50, F|
|poke|p2|Ceruledge, L50, M|
|poke|p2|Raichu, L50, M|
|teampreview|4
|showteam|p1|Pyroar||Pyroarite|Unnerve|HeatWave,Overheat,SolarBeam,Protect|Timid||F|||50|]Torkoal||Charcoal|Drought|HeatWave,WeatherBall,HelpingHand,Protect|Modest||M|||50|]Whimsicott||FocusSash|Prankster|Moonblast,Tailwind,SunnyDay,Protect|Timid||M|||50|]Mawile||Mawilite|HyperCutter|PlayRough,RockSlide,SuckerPunch,Protect|Adamant||F|||50|]Basculegion||LifeOrb|Adaptability|WaveCrash,LastRespects,AquaJet,Protect|Adamant||M|||50|]Farigiraf||SitrusBerry|ArmorTail|Psychic,Thunderbolt,TrickRoom,HelpingHand|Bold||M|||50|
|showteam|p2|Basculegion||SitrusBerry|Adaptability|WaveCrash,LastRespects,AquaJet,Protect|Adamant||M|||50|]Aerodactyl||FocusSash|Unnerve|RockSlide,DualWingbeat,Tailwind,WideGuard|Jolly||M|||50|]Garchomp||LifeOrb|RoughSkin|DragonClaw,Earthquake,RockSlide,Protect|Jolly||M|||50|]Floette-Eternal||Floettite|FlowerVeil|Moonblast,DazzlingGleam,LightofRuin,Protect|Timid||F|||50|]Ceruledge||Leftovers|FlashFire|BulkUp,Protect,BitterBlade,ShadowSneak|Careful||M|||50|]Raichu||RaichuniteY|Static|ZapCannon,FocusBlast,Protect,GrassKnot|Timid||M|||50|
|
|t:|1782222851
|teamsize|p1|4
|teamsize|p2|4
|start
|switch|p1a: Whimsicott|Whimsicott, L50, M|100/100
|switch|p1b: Basculegion|Basculegion, L50, M|100/100
|switch|p2a: Aerodactyl|Aerodactyl, L50, M|100/100
|switch|p2b: Raichu|Raichu, L50, M|100/100
|-ability|p2a: Aerodactyl|Unnerve
|turn|1
|
|t:|1782222869
|detailschange|p2b: Raichu|Raichu-Mega-Y, L50, M
|-mega|p2b: Raichu|Raichu|Raichunite Y
|move|p1a: Whimsicott|Protect|p1a: Whimsicott
|-singleturn|p1a: Whimsicott|Protect
|move|p2b: Raichu|Protect|p2b: Raichu
|-singleturn|p2b: Raichu|Protect
|move|p1b: Basculegion|Protect|p1b: Basculegion
|-singleturn|p1b: Basculegion|Protect
|move|p2a: Aerodactyl|Tailwind|p2a: Aerodactyl
|-sidestart|p2: Mark o silva|move: Tailwind
|
|upkeep
|turn|2
|
|t:|1782222897
|switch|p1b: Farigiraf|Farigiraf, L50, M|100/100
|move|p2a: Aerodactyl|Dual Wingbeat|p1a: Whimsicott|[miss]
|-miss|p2a: Aerodactyl|p1a: Whimsicott
|move|p2b: Raichu|Zap Cannon|p1b: Farigiraf
|-damage|p1b: Farigiraf|38/100
|-status|p1b: Farigiraf|par
|move|p1a: Whimsicott|Moonblast|p2b: Raichu
|-damage|p2b: Raichu|44/100
|-unboost|p2b: Raichu|spa|1
|
|upkeep
|turn|3
|
|t:|1782222913
|move|p1a: Whimsicott|Protect|p1a: Whimsicott
|-singleturn|p1a: Whimsicott|Protect
|move|p2a: Aerodactyl|Dual Wingbeat|p1a: Whimsicott
|-activate|p1a: Whimsicott|move: Protect
|move|p2b: Raichu|Zap Cannon|p1b: Farigiraf
|-damage|p1b: Farigiraf|0 fnt
|faint|p1b: Farigiraf
|
|upkeep
|
|t:|1782222921
|switch|p1b: Basculegion|Basculegion, L50, M|100/100
|turn|4
|
|t:|1782222935
|switch|p2b: Basculegion|Basculegion, L50, M|100/100
|move|p1a: Whimsicott|Tailwind|p1a: Whimsicott
|-sidestart|p1: workingmangarby|move: Tailwind
|move|p1b: Basculegion|Aqua Jet|p2b: Basculegion
|-resisted|p2b: Basculegion|1
|-damage|p2b: Basculegion|82/100
|-damage|p1b: Basculegion|90/100|[from] item: Life Orb
|move|p2a: Aerodactyl|Rock Slide|p1b: Basculegion|[spread] p1a,p1b
|-damage|p1a: Whimsicott|64/100
|-damage|p1b: Basculegion|60/100
|
|-sideend|p2: Mark o silva|move: Tailwind
|upkeep
|turn|5
|
|t:|1782222964
|switch|p1b: Mawile|Mawile, L50, F|100/100
|move|p2b: Basculegion|Protect|p2b: Basculegion
|-singleturn|p2b: Basculegion|Protect
|move|p1a: Whimsicott|Moonblast|p2a: Aerodactyl
|-damage|p2a: Aerodactyl|52/100
|move|p2a: Aerodactyl|Tailwind|p2a: Aerodactyl
|-sidestart|p2: Mark o silva|move: Tailwind
|
|upkeep
|turn|6
|
|t:|1782222977
|detailschange|p1b: Mawile|Mawile-Mega, L50, F
|-mega|p1b: Mawile|Mawile|Mawilite
|move|p1a: Whimsicott|Protect|p1a: Whimsicott
|-singleturn|p1a: Whimsicott|Protect
|move|p2b: Basculegion|Aqua Jet|p1b: Mawile
|-damage|p1b: Mawile|72/100
|move|p1b: Mawile|Sucker Punch||[still]
|-fail|p1b: Mawile
|move|p2a: Aerodactyl|Dual Wingbeat|p1a: Whimsicott
|-activate|p1a: Whimsicott|move: Protect
|
|upkeep
|turn|7
|
|t:|1782222992
|switch|p1a: Basculegion|Basculegion, L50, M|60/100
|move|p1b: Mawile|Sucker Punch|p2b: Basculegion
|-supereffective|p2b: Basculegion|1
|-damage|p2b: Basculegion|0 fnt
|faint|p2b: Basculegion
|move|p2a: Aerodactyl|Dual Wingbeat|p1a: Basculegion
|-damage|p1a: Basculegion|39/100
|-damage|p1a: Basculegion|18/100
|-hitcount|p1a: Basculegion|2
|
|-sideend|p1: workingmangarby|move: Tailwind
|upkeep
|
|t:|1782223003
|switch|p2b: Garchomp|Garchomp, L50, M|100/100
|turn|8
|
|t:|1782223009
|move|p1b: Mawile|Protect|p1b: Mawile
|-singleturn|p1b: Mawile|Protect
|move|p1a: Basculegion|Aqua Jet|p2a: Aerodactyl
|-supereffective|p2a: Aerodactyl|1
|-damage|p2a: Aerodactyl|0 fnt
|faint|p2a: Aerodactyl
|-damage|p1a: Basculegion|8/100|[from] item: Life Orb
|move|p2b: Garchomp|Earthquake|p1b: Mawile|[spread] p1a
|-activate|p1b: Mawile|move: Protect
|-damage|p1a: Basculegion|0 fnt
|faint|p1a: Basculegion
|-damage|p2b: Garchomp|90/100|[from] item: Life Orb
|
|-sideend|p2: Mark o silva|move: Tailwind
|upkeep
|
|t:|1782223018
|switch|p2a: Raichu|Raichu-Mega-Y, L50, M|44/100
|switch|p1a: Whimsicott|Whimsicott, L50, M|64/100
|turn|9
|
|t:|1782223037
|move|p1b: Mawile|Protect|p1b: Mawile
|-singleturn|p1b: Mawile|Protect
|move|p1a: Whimsicott|Tailwind|p1a: Whimsicott
|-sidestart|p1: workingmangarby|move: Tailwind
|move|p2a: Raichu|Zap Cannon|p1b: Mawile
|-activate|p1b: Mawile|move: Protect
|move|p2b: Garchomp|Earthquake|p1a: Whimsicott|[spread] p2a,p1a
|-activate|p1b: Mawile|move: Protect
|-supereffective|p2a: Raichu|1
|-resisted|p1a: Whimsicott|1
|-damage|p2a: Raichu|0 fnt
|-damage|p1a: Whimsicott|27/100
|faint|p2a: Raichu
|-damage|p2b: Garchomp|80/100|[from] item: Life Orb
|
|upkeep
|turn|10
|
|t:|1782223051
|move|p1a: Whimsicott|Moonblast|p2b: Garchomp
|-supereffective|p2b: Garchomp|1
|-damage|p2b: Garchomp|2/100
|move|p1b: Mawile|Play Rough|p2b: Garchomp
|-supereffective|p2b: Garchomp|1
|-damage|p2b: Garchomp|0 fnt
|-damage|p1b: Mawile|60/100|[from] ability: Rough Skin|[of] p2b: Garchomp
|faint|p2b: Garchomp
|
|win|workingmangarby
|raw|workingmangarby's rating: 1168 → 1188(+20 for winning)
|raw|Mark o silva's rating: 1098 → 1078(-20 for losing)
|l|☆Mark o silva
|player|p2|
