|j|☆tipoveneno
|j|☆barney7
|html|tipovenenobarney7    
|uhtml|bestof|Game 1 of a best-of-3
|t:|1756186151
|gametype|doubles
|player|p1|tipoveneno|2|1051
|player|p2|barney7|ltsurge|1063
|gen|9
|tier|[Gen 9] VGC 2025 Reg H (Bo3)
|rated|
|rule|Species Clause: Limit one of each Pokémon
|rule|Item Clause: Limit 1 of each item
|clearpoke
|poke|p1|Volcarona, L50, M|
|poke|p1|Electabuzz, L50, F|
|poke|p1|Kingambit, L50, F|
|poke|p1|Sneasler, L50, M|
|poke|p1|Dragonite, L50, F|
|poke|p1|Rillaboom, L50, F|
|poke|p2|Pelipper, L50, M|
|poke|p2|Archaludon, L50, M|
|poke|p2|Ursaluna, L50, M|
|poke|p2|Dusclops, L50, M|
|poke|p2|Basculegion, L50, M|
|poke|p2|Grimmsnarl, L50, M|
|teampreview|4
|showteam|p1|Volcarona||Leftovers|FlameBody|HeatWave,TeraBlast,QuiverDance,Protect|||M|||50|,,,,,Fairy]Electabuzz||Eviolite|VitalSpirit|Electroweb,FollowMe,Protect,Taunt|||F|||50|,,,,,Water]Kingambit||BlackGlasses|Defiant|KowtowCleave,SuckerPunch,SwordsDance,Protect|||F|||50|,,,,,Dark]Sneasler||FocusSash|Unburden|DireClaw,CloseCombat,Protect,Coaching|||M|||50|,,,,,Ghost]Dragonite||LoadedDice|Multiscale|ScaleShot,Tailwind,Protect,Haze|||F|||50|,,,,,Fairy]Rillaboom||AssaultVest|GrassySurge|GrassyGlide,WoodHammer,FakeOut,Uturn|||F|||50|,,,,,Fire
|showteam|p2|Pelipper||FocusSash|Drizzle|Protect,Hurricane,WeatherBall,Tailwind|||M|||50|,,,,,Ghost]Archaludon||AssaultVest|Stamina|ElectroShot,BodyPress,DracoMeteor,Snarl|||M|||50|,,,,,Grass]Ursaluna||FlameOrb|Guts|HeadlongRush,Protect,Earthquake,Facade|||M|||50|,,,,,Ghost]Dusclops||Eviolite|Frisk|Haze,WillOWisp,TrickRoom,PainSplit|||M|||50|,,,,,Grass]Basculegion||ChoiceBand|SwiftSwim|AquaJet,WaveCrash,FlipTurn,LastRespects|||M|||50|,,,,,Grass]Grimmsnarl||CovertCloak|Prankster|Taunt,PartingShot,ThunderWave,SpiritBreak|||M|||50|,,,,,Fire
|inactive|Battle timer is ON: inactive players will automatically lose when time's up. (requested by barney7)
|inactive|barney7 has 60 seconds left.
|
|t:|1756186213
|teamsize|p1|4
|teamsize|p2|4
|start
|switch|p1a: Kingambit|Kingambit, L50, F|100/100
|switch|p1b: Electabuzz|Electabuzz, L50, F|100/100
|switch|p2a: Grimmsnarl|Grimmsnarl, L50, M|100/100
|switch|p2b: Dusclops|Dusclops, L50, M|100/100
|-item|p1a: Kingambit|Black Glasses|[from] ability: Frisk|[of] p2b: Dusclops
|-item|p1b: Electabuzz|Eviolite|[from] ability: Frisk|[of] p2b: Dusclops
|turn|1
|inactive|barney7 has 30 seconds left.
|
|t:|1756186244
|move|p2a: Grimmsnarl|Taunt|p1b: Electabuzz
|-start|p1b: Electabuzz|move: Taunt
|cant|p1b: Electabuzz|move: Taunt|Taunt
|move|p1a: Kingambit|Swords Dance|p1a: Kingambit
|-boost|p1a: Kingambit|atk|2
|move|p2b: Dusclops|Trick Room|p2b: Dusclops
|-fieldstart|move: Trick Room|[of] p2b: Dusclops
|
|upkeep
|turn|2
|inactive|tipoveneno has 30 seconds left.
|
|t:|1756186275
|switch|p2a: Ursaluna|Ursaluna, L50, M|100/100
|move|p1a: Kingambit|Protect|p1a: Kingambit
|-singleturn|p1a: Kingambit|Protect
|move|p2b: Dusclops|Will-O-Wisp|p1a: Kingambit
|-activate|p1a: Kingambit|move: Protect
|move|p1b: Electabuzz|Electroweb|p2a: Ursaluna|[spread] p2b
|-immune|p2a: Ursaluna
|-damage|p2b: Dusclops|92/100
|-unboost|p2b: Dusclops|spe|1
|
|-status|p2a: Ursaluna|brn|[from] item: Flame Orb
|upkeep
|turn|3
|inactive|tipoveneno has 30 seconds left.
|inactive|barney7 has 30 seconds left.
|
|t:|1756186301
|switch|p1b: Rillaboom|Rillaboom, L50, F|100/100
|-fieldstart|move: Grassy Terrain|[from] ability: Grassy Surge|[of] p1b: Rillaboom
|-terastallize|p1a: Kingambit|Dark
|move|p1a: Kingambit|Sucker Punch|p2a: Ursaluna
|-damage|p2a: Ursaluna|5/100 brn
|move|p2b: Dusclops|Will-O-Wisp|p1a: Kingambit
|-status|p1a: Kingambit|brn
|move|p2a: Ursaluna|Facade|p1b: Rillaboom
|-damage|p1b: Rillaboom|0 fnt
|faint|p1b: Rillaboom
|
|-heal|p2b: Dusclops|98/100|[from] Grassy Terrain
|-heal|p2a: Ursaluna|11/100 brn|[from] Grassy Terrain
|-damage|p2a: Ursaluna|5/100 brn|[from] brn
|-damage|p1a: Kingambit|95/100 brn|[from] brn
|upkeep
|
|t:|1756186321
|switch|p1b: Electabuzz|Electabuzz, L50, F|100/100
|turn|4
|
|t:|1756186341
|switch|p2a: Archaludon|Archaludon, L50, M|100/100
|move|p1a: Kingambit|Sucker Punch||[still]
|-fail|p1a: Kingambit
|move|p2b: Dusclops|Haze|p2b: Dusclops
|-clearallboost
|move|p1b: Electabuzz|Taunt|p2b: Dusclops
|-start|p2b: Dusclops|move: Taunt
|
|-heal|p2b: Dusclops|100/100|[from] Grassy Terrain
|-heal|p1a: Kingambit|100/100 brn|[from] Grassy Terrain
|-damage|p1a: Kingambit|95/100 brn|[from] brn
|upkeep
|turn|5
|inactive|barney7 has 30 seconds left.
|inactive|barney7 has 20 seconds left.
|inactive|barney7 has 15 seconds left.
|inactive|barney7 has 10 seconds left.
|
|t:|1756186386
|switch|p2b: Grimmsnarl|Grimmsnarl, L50, M|100/100
|move|p1b: Electabuzz|Follow Me|p1b: Electabuzz
|-singleturn|p1b: Electabuzz|move: Follow Me
|move|p1a: Kingambit|Swords Dance|p1a: Kingambit
|-boost|p1a: Kingambit|atk|2
|move|p2a: Archaludon|Body Press|p1b: Electabuzz
|-damage|p1b: Electabuzz|72/100
|
|-heal|p1a: Kingambit|100/100 brn|[from] Grassy Terrain
|-heal|p1b: Electabuzz|78/100|[from] Grassy Terrain
|-damage|p1a: Kingambit|95/100 brn|[from] brn
|-fieldend|move: Trick Room
|upkeep
|turn|6
|inactive|tipoveneno has 30 seconds left.
|
|t:|1756186412
|move|p1b: Electabuzz|Follow Me|p1b: Electabuzz
|-singleturn|p1b: Electabuzz|move: Follow Me
|move|p2b: Grimmsnarl|Taunt|p1b: Electabuzz
|-start|p1b: Electabuzz|move: Taunt
|move|p2a: Archaludon|Electro Shot||[still]
|-prepare|p2a: Archaludon|Electro Shot
|-boost|p2a: Archaludon|spa|1
|move|p1a: Kingambit|Swords Dance|p1a: Kingambit
|-boost|p1a: Kingambit|atk|2
|
|-heal|p1b: Electabuzz|84/100|[from] Grassy Terrain
|-heal|p1a: Kingambit|100/100 brn|[from] Grassy Terrain
|-damage|p1a: Kingambit|95/100 brn|[from] brn
|upkeep
|turn|7
|
|t:|1756186435
|move|p1a: Kingambit|Protect|p1a: Kingambit
|-singleturn|p1a: Kingambit|Protect
|move|p1b: Electabuzz|Electroweb|p2b: Grimmsnarl|[spread] p2a,p2b
|-resisted|p2a: Archaludon
|-damage|p2a: Archaludon|96/100
|-damage|p2b: Grimmsnarl|90/100
|-unboost|p2a: Archaludon|spe|1
|-ability|p2a: Archaludon|Stamina|boost
|-boost|p2a: Archaludon|def|1
|move|p2b: Grimmsnarl|Spirit Break|p1a: Kingambit
|-activate|p1a: Kingambit|move: Protect
|move|p2a: Archaludon|Electro Shot|p1a: Kingambit|[from] lockedmove
|-activate|p1a: Kingambit|move: Protect
|
|-heal|p1b: Electabuzz|89/100|[from] Grassy Terrain
|-heal|p2b: Grimmsnarl|96/100|[from] Grassy Terrain
|-heal|p1a: Kingambit|100/100 brn|[from] Grassy Terrain
|-heal|p2a: Archaludon|100/100|[from] Grassy Terrain
|-damage|p1a: Kingambit|95/100 brn|[from] brn
|-fieldend|move: Grassy Terrain
|upkeep
|turn|8
|inactive|tipoveneno has 30 seconds left.
|
|t:|1756186468
|switch|p1b: Sneasler|Sneasler, L50, M|100/100
|move|p2b: Grimmsnarl|Spirit Break|p1a: Kingambit
|-supereffective|p1a: Kingambit
|-crit|p1a: Kingambit
|-damage|p1a: Kingambit|33/100 brn
|-unboost|p1a: Kingambit|spa|1
|-ability|p1a: Kingambit|Defiant|boost
|-boost|p1a: Kingambit|atk|2
|move|p2a: Archaludon|Body Press|p1a: Kingambit
|-supereffective|p1a: Kingambit
|-damage|p1a: Kingambit|0 fnt
|faint|p1a: Kingambit
|
|upkeep
|
|t:|1756186481
|switch|p1a: Electabuzz|Electabuzz, L50, F|89/100
|turn|9
|
|t:|1756186503
|move|p1a: Electabuzz|Follow Me|p1a: Electabuzz
|-singleturn|p1a: Electabuzz|move: Follow Me
|move|p2b: Grimmsnarl|Taunt|p1a: Electabuzz
|-start|p1a: Electabuzz|move: Taunt
|move|p1b: Sneasler|Close Combat|p2a: Archaludon
|-supereffective|p2a: Archaludon
|-damage|p2a: Archaludon|49/100
|-unboost|p1b: Sneasler|def|1
|-unboost|p1b: Sneasler|spd|1
|-ability|p2a: Archaludon|Stamina|boost
|-boost|p2a: Archaludon|def|1
|move|p2a: Archaludon|Body Press|p1a: Electabuzz
|-damage|p1a: Electabuzz|35/100
|
|upkeep
|turn|10
|inactive|tipoveneno has 30 seconds left.
|
|t:|1756186528
|move|p2b: Grimmsnarl|Parting Shot|p1b: Sneasler
|-unboost|p1b: Sneasler|atk|1
|-unboost|p1b: Sneasler|spa|1
|
|t:|1756186534
|switch|p2b: Dusclops|Dusclops, L50, M|100/100|[from] Parting Shot
|-item|p1a: Electabuzz|Eviolite|[from] ability: Frisk|[of] p2b: Dusclops
|-item|p1b: Sneasler|Focus Sash|[from] ability: Frisk|[of] p2b: Dusclops
|move|p1a: Electabuzz|Electroweb|p2b: Dusclops|[spread] p2a
|-miss|p1a: Electabuzz|p2b: Dusclops
|-resisted|p2a: Archaludon
|-crit|p2a: Archaludon
|-damage|p2a: Archaludon|42/100
|-unboost|p2a: Archaludon|spe|1
|-ability|p2a: Archaludon|Stamina|boost
|-boost|p2a: Archaludon|def|1
|move|p1b: Sneasler|Dire Claw|p2b: Dusclops
|-resisted|p2b: Dusclops
|-damage|p2b: Dusclops|93/100
|-status|p2b: Dusclops|psn
|move|p2a: Archaludon|Body Press|p1a: Electabuzz
|-damage|p1a: Electabuzz|0 fnt
|faint|p1a: Electabuzz
|
|-damage|p2b: Dusclops|81/100 psn|[from] psn
|upkeep
|turn|11
|inactive|tipoveneno has 30 seconds left.
|inactive|barney7 has 30 seconds left.
|
|t:|1756186564
|move|p1b: Sneasler|Protect|p1b: Sneasler
|-singleturn|p1b: Sneasler|Protect
|move|p2a: Archaludon|Body Press|p1b: Sneasler
|-activate|p1b: Sneasler|move: Protect
|move|p2b: Dusclops|Trick Room|p2b: Dusclops
|-fieldstart|move: Trick Room|[of] p2b: Dusclops
|
|-damage|p2b: Dusclops|69/100 psn|[from] psn
|upkeep
|turn|12
|
|t:|1756186578
|move|p2b: Dusclops|Will-O-Wisp|p1b: Sneasler
|-status|p1b: Sneasler|brn
|move|p2a: Archaludon|Body Press|p1b: Sneasler
|-resisted|p1b: Sneasler
|-damage|p1b: Sneasler|36/100 brn
|move|p1b: Sneasler|Close Combat|p2a: Archaludon
|-supereffective|p2a: Archaludon
|-damage|p2a: Archaludon|30/100
|-unboost|p1b: Sneasler|def|1
|-unboost|p1b: Sneasler|spd|1
|-ability|p2a: Archaludon|Stamina|boost
|-boost|p2a: Archaludon|def|1
|
|-damage|p2b: Dusclops|56/100 psn|[from] psn
|-damage|p1b: Sneasler|31/100 brn|[from] brn
|upkeep
|turn|13
|-message|tipoveneno forfeited.
|
|win|barney7
||tipoveneno is ready for game 2.
||barney7 is ready for game 2.
|uhtml|next|Next: Game 2 of 3
|l|☆barney7
|player|p2|
