|j|☆0n0_SERPER_0n0
|j|☆Rojo53
|html|0n0_SERPER_0n0Rojo53    
|uhtml|bestof|Game 2 of a best-of-3
|t:|1782767828
|gametype|doubles
|player|p1|0n0_SERPER_0n0|169|
|player|p2|Rojo53|266|
|gen|9
|tier|[Gen 9 Champions] VGC 2026 Reg M-B (Bo3)
|rule|Species Clause: Limit one of each Pokémon
|rule|Item Clause: Limit 1 of each item
|clearpoke
|poke|p1|Whimsicott, L50, M, shiny|
|poke|p1|Metagross, L50|
|poke|p1|Garchomp, L50, M, shiny|
|poke|p1|Kingambit, L50, F|
|poke|p1|Sylveon, L50, F, shiny|
|poke|p1|Charizard, L50, F|
|poke|p2|Meganium, L50, F|
|poke|p2|Kingambit, L50, M|
|poke|p2|Sneasler, L50, F|
|poke|p2|Hydreigon, L50, M|
|poke|p2|Delphox, L50, M|
|poke|p2|Farigiraf, L50, F|
|teampreview|4
|showteam|p1|Whimsicott||MentalHerb|Prankster|Moonblast,Tailwind,Encore,Protect|Timid||M|||50|]Metagross||Metagrossite|ClearBody|IronHead,PsychicFangs,BodyPress,Protect|Jolly|||||50|]Garchomp||LifeOrb|RoughSkin|DragonClaw,StompingTantrum,RockSlide,Protect|Jolly||M|||50|]Kingambit||FocusSash|Defiant|SuckerPunch,KowtowCleave,IronHead,LowKick|Adamant||F|||50|]Sylveon||FairyFeather|Pixilate|QuickAttack,HyperBeam,HyperVoice,Detect|Modest||F|||50|]Charizard||CharizarditeY|Blaze|HeatWave,WeatherBall,Protect,SolarBeam|Modest||F|||50|
|showteam|p2|Meganium||Meganiumite|Overgrow|WeatherBall,DazzlingGleam,SolarBeam,Protect|Modest||F|||50|]Kingambit||BlackGlasses|Defiant|KowtowCleave,SuckerPunch,IronHead,Protect|Adamant||M|||50|]Sneasler||FocusSash|Unburden|CloseCombat,DireClaw,FakeOut,Protect|Adamant||F|||50|]Hydreigon||DragonFang|Levitate|DracoMeteor,Snarl,Tailwind,Protect|Timid||M|||50|]Delphox||Delphoxite|Blaze|HeatWave,Psychic,DazzlingGleam,Protect|Timid||M|||50|]Farigiraf||SitrusBerry|ArmorTail|TwinBeam,HyperVoice,Protect,TrickRoom|Relaxed||F|||50|
|j| Shiritu
|j| LaBandaDelCampeon
|inactive|Battle timer is ON: inactive players will automatically lose when time's up. (requested by Rojo53)
|j| qqisback
|
|t:|1782767870
|teamsize|p1|4
|teamsize|p2|4
|start
|switch|p1a: Charizard|Charizard, L50, F|100/100
|switch|p1b: Luda4|Whimsicott, L50, M, shiny|100/100
|switch|p2a: Sneasler|Sneasler, L50, F|100/100
|switch|p2b: Delphox|Delphox, L50, M|100/100
|turn|1
|inactive|0n0_SERPER_0n0 has 30 seconds left.
|
|t:|1782767902
|detailschange|p2b: Delphox|Delphox-Mega, L50, M
|-mega|p2b: Delphox|Delphox|Delphoxite
|detailschange|p1a: Charizard|Charizard-Mega-Y, L50, F
|-mega|p1a: Charizard|Charizard|Charizardite Y
|-weather|SunnyDay|[from] ability: Drought|[of] p1a: Charizard
|move|p1b: Luda4|Protect|p1b: Luda4
|-singleturn|p1b: Luda4|Protect
|move|p2b: Delphox|Psychic|p1a: Charizard
|-damage|p1a: Charizard|53/100
|move|p2a: Sneasler|Dire Claw|p1b: Luda4
|-activate|p1b: Luda4|move: Protect
|move|p1a: Charizard|Heat Wave|p2a: Sneasler|[spread] p2a,p2b
|-resisted|p2b: Delphox|1
|-damage|p2a: Sneasler|14/100
|-damage|p2b: Delphox|71/100
|
|-weather|SunnyDay|[upkeep]
|upkeep
|turn|2
|j| Tenzai
|
|t:|1782767918
|switch|p2a: Farigiraf|Farigiraf, L50, F|100/100
|move|p1b: Luda4|Tailwind|p1b: Luda4
|-sidestart|p1: 0n0_SERPER_0n0|move: Tailwind
|move|p1a: Charizard|Heat Wave|p2a: Farigiraf|[spread] p2a,p2b
|-resisted|p2b: Delphox|1
|-damage|p2a: Farigiraf|34/100
|-damage|p2b: Delphox|45/100
|-status|p2a: Farigiraf|brn
|-enditem|p2a: Farigiraf|Sitrus Berry|[eat]
|-heal|p2a: Farigiraf|59/100 brn|[from] item: Sitrus Berry
|move|p2b: Delphox|Heat Wave|p1a: Charizard|[spread] p1a,p1b
|-resisted|p1a: Charizard|1
|-supereffective|p1b: Luda4|1
|-damage|p1a: Charizard|23/100
|-damage|p1b: Luda4|0 fnt
|faint|p1b: Luda4
|
|-weather|SunnyDay|[upkeep]
|-damage|p2a: Farigiraf|53/100 brn|[from] brn
|upkeep
|
|t:|1782767932
|switch|p1b: Chompy|Garchomp, L50, M, shiny|100/100
|turn|3
|
|t:|1782767940
|move|p2b: Delphox|Protect|p2b: Delphox
|-singleturn|p2b: Delphox|Protect
|move|p1b: Chompy|Rock Slide|p2a: Farigiraf|[spread] p2a
|-activate|p2b: Delphox|move: Protect
|-damage|p2a: Farigiraf|34/100 brn
|-damage|p1b: Chompy|90/100|[from] item: Life Orb
|move|p1a: Charizard|Heat Wave|p2a: Farigiraf|[spread] p2a
|-activate|p2b: Delphox|move: Protect
|-damage|p2a: Farigiraf|0 fnt
|faint|p2a: Farigiraf
|
|-weather|SunnyDay|[upkeep]
|upkeep
|
|t:|1782767955
|switch|p2a: Sneasler|Sneasler, L50, F|14/100
|turn|4
|
|t:|1782767972
|switch|p2b: Kingambit|Kingambit, L50, M|100/100
|move|p2a: Sneasler|Fake Out|p1a: Charizard
|-damage|p1a: Charizard|8/100
|move|p1b: Chompy|Rock Slide|p2a: Sneasler|[spread] p2a,p2b
|-resisted|p2a: Sneasler|1
|-resisted|p2b: Kingambit|1
|-damage|p2a: Sneasler|0 fnt
|-damage|p2b: Kingambit|90/100
|faint|p2a: Sneasler
|-damage|p1b: Chompy|80/100|[from] item: Life Orb
|cant|p1a: Charizard|flinch
|
|-weather|SunnyDay|[upkeep]
|upkeep
|
|t:|1782767978
|switch|p2a: Delphox|Delphox-Mega, L50, M|45/100
|turn|5
|
|t:|1782768007
|switch|p1a: Kingambit|Kingambit, L50, F|100/100
|move|p2a: Delphox|Protect|p2a: Delphox
|-singleturn|p2a: Delphox|Protect
|move|p1b: Chompy|Rock Slide|p2b: Kingambit|[spread] p2b
|-activate|p2a: Delphox|move: Protect
|-resisted|p2b: Kingambit|1
|-damage|p2b: Kingambit|82/100
|-damage|p1b: Chompy|71/100|[from] item: Life Orb
|move|p2b: Kingambit|Kowtow Cleave|p1a: Kingambit
|-resisted|p1a: Kingambit|1
|-damage|p1a: Kingambit|74/100
|
|-weather|none
|-sideend|p1: 0n0_SERPER_0n0|move: Tailwind
|upkeep
|turn|6
|
|t:|1782768025
|move|p2a: Delphox|Protect|p2a: Delphox
|-singleturn|p2a: Delphox|Protect
|move|p1a: Kingambit|Sucker Punch||[still]
|-fail|p1a: Kingambit
|move|p2b: Kingambit|Sucker Punch|p1b: Chompy
|-damage|p1b: Chompy|26/100
|-damage|p2b: Kingambit|70/100|[from] ability: Rough Skin|[of] p1b: Chompy
|move|p1b: Chompy|Stomping Tantrum|p2b: Kingambit
|-supereffective|p2b: Kingambit|1
|-damage|p2b: Kingambit|0 fnt
|faint|p2b: Kingambit
|-damage|p1b: Chompy|17/100|[from] item: Life Orb
|
|upkeep
|turn|7
|-message|Rojo53 forfeited.
|
|win|0n0_SERPER_0n0
||Rojo53 is ready for game 3.
||0n0_SERPER_0n0 is ready for game 3.
|uhtml|next|Next: Game 3 of 3
|l| LaBandaDelCampeon
|l| qqisback
