|j|☆marillrag1
|j|☆1Manuel1410
|html|marillrag11Manuel1410    
|uhtml|bestof|Game 3 of a best-of-3
|t:|1785167936
|gametype|doubles
|player|p1|marillrag1|265|1156
|player|p2|1Manuel1410|pokemaniac|1125
|gen|9
|tier|[Gen 9 Champions] VGC 2026 Reg M-B (Bo3)
|rated|
|rule|Species Clause: Limit one of each Pokémon
|rule|Item Clause: Limit 1 of each item
|clearpoke
|poke|p1|Raichu, L50, M|
|poke|p1|Sylveon, L50, F|
|poke|p1|Arcanine-Hisui, L50, M|
|poke|p1|Kingambit, L50, M|
|poke|p1|Farigiraf, L50, M|
|poke|p1|Staraptor, L50, F|
|poke|p2|Gengar, L50, M|
|poke|p2|Incineroar, L50, M|
|poke|p2|Sinistcha, L50|
|poke|p2|Tinkaton, L50, F|
|poke|p2|Kommo-o, L50, F|
|poke|p2|Rotom-Wash, L50|
|teampreview|4
|showteam|p1|Raichu||RaichuniteY|LightningRod|Protect,ZapCannon,FocusBlast,FakeOut|Timid||M|||50|]Sylveon||FairyFeather|Pixilate|Detect,HyperVoice,HyperBeam,QuickAttack|Modest||F|||50|]Arcanine-Hisui||FocusSash|RockHead|Protect,FlareBlitz,HeadSmash,ExtremeSpeed|Jolly||M|||50|]Kingambit||LifeOrb|Defiant|Protect,KowtowCleave,SwordsDance,SuckerPunch|Adamant||M|||50|]Farigiraf||SitrusBerry|ArmorTail|Protect,Psychic,HelpingHand,TrickRoom|Calm||M|||50|]Staraptor||Staraptite|Intimidate|Protect,DualWingbeat,CloseCombat,Tailwind|Jolly||F|||50|
|showteam|p2|Gengar||Gengarite|CursedBody|Protect,PerishSong,Disable,ShadowBall|Modest||M|||50|]Incineroar||IronBall|Intimidate|Protect,FakeOut,PartingShot,FlareBlitz|Impish||M|||50|]Sinistcha||FocusSash|Hospitality|Protect,TrickRoom,MatchaGotcha,RagePowder|Relaxed|||||50|]Tinkaton||SitrusBerry|MoldBreaker|Protect,Encore,FakeOut,GigatonHammer|Jolly||F|||50|]Kommo-o||Leftovers|Soundproof|ClangorousSoul,AuraSphere,DragonPulse,Protect|Timid||F|||50|]Rotom-Wash||WideLens|Levitate|Protect,Thunderbolt,HydroPump,WillOWisp|Calm|||||50|
|inactive|Battle timer is ON: inactive players will automatically lose when time's up. (requested by 1Manuel1410)
|inactive|marillrag1 has 60 seconds left.
|inactive|1Manuel1410 has 60 seconds left.
|
|t:|1785167973
|teamsize|p1|4
|teamsize|p2|4
|start
|switch|p1a: Kingambit|Kingambit, L50, M|100/100
|switch|p1b: Arcanine|Arcanine-Hisui, L50, M|100/100
|switch|p2a: Incineroar|Incineroar, L50, M|100/100
|switch|p2b: Rotom|Rotom-Wash, L50|100/100
|-ability|p2a: Incineroar|Intimidate|boost
|-unboost|p1a: Kingambit|atk|1
|-ability|p1a: Kingambit|Defiant|boost
|-boost|p1a: Kingambit|atk|2
|-unboost|p1b: Arcanine|atk|1
|turn|1
|inactive|1Manuel1410 has 30 seconds left.
|
|t:|1785168005
|move|p1b: Arcanine|Protect|p1b: Arcanine
|-singleturn|p1b: Arcanine|Protect
|move|p1a: Kingambit|Protect|p1a: Kingambit
|-singleturn|p1a: Kingambit|Protect
|move|p2a: Incineroar|Protect|p2a: Incineroar
|-singleturn|p2a: Incineroar|Protect
|move|p2b: Rotom|Will-O-Wisp|p1a: Kingambit
|-activate|p1a: Kingambit|move: Protect
|
|upkeep
|turn|2
|inactive|marillrag1 has 30 seconds left.
|
|t:|1785168031
|switch|p2a: Sinistcha|Sinistcha, L50|100/100
|move|p1b: Arcanine|Head Smash|p2a: Sinistcha
|-damage|p2a: Sinistcha|66/100
|move|p2b: Rotom|Will-O-Wisp|p1a: Kingambit
|-status|p1a: Kingambit|brn
|move|p1a: Kingambit|Swords Dance|p1a: Kingambit
|-boost|p1a: Kingambit|atk|2
|
|-damage|p1a: Kingambit|94/100 brn|[from] brn
|upkeep
|turn|3
|inactive|marillrag1 has 30 seconds left.
|
|t:|1785168057
|move|p2a: Sinistcha|Protect|p2a: Sinistcha
|-singleturn|p2a: Sinistcha|Protect
|move|p1b: Arcanine|Flare Blitz|p2a: Sinistcha
|-activate|p2a: Sinistcha|move: Protect
|move|p2b: Rotom|Hydro Pump|p1a: Kingambit
|-damage|p1a: Kingambit|63/100 brn
|move|p1a: Kingambit|Kowtow Cleave|p2b: Rotom
|-damage|p2b: Rotom|28/100
|-damage|p1a: Kingambit|53/100 brn|[from] item: Life Orb
|
|-damage|p1a: Kingambit|47/100 brn|[from] brn
|upkeep
|turn|4
|
|t:|1785168076
|switch|p2a: Incineroar|Incineroar, L50, M|100/100
|-ability|p2a: Incineroar|Intimidate|boost
|-unboost|p1a: Kingambit|atk|1
|-ability|p1a: Kingambit|Defiant|boost
|-boost|p1a: Kingambit|atk|2
|-unboost|p1b: Arcanine|atk|1
|move|p2b: Rotom|Protect|p2b: Rotom
|-singleturn|p2b: Rotom|Protect
|move|p1b: Arcanine|Flare Blitz|p2a: Incineroar
|-resisted|p2a: Incineroar|1
|-damage|p2a: Incineroar|89/100
|move|p1a: Kingambit|Kowtow Cleave|p2b: Rotom
|-activate|p2b: Rotom|move: Protect
|
|-damage|p1a: Kingambit|42/100 brn|[from] brn
|upkeep
|turn|5
|
|t:|1785168093
|switch|p1b: Sylveon|Sylveon, L50, F|100/100
|switch|p2b: Sinistcha|Sinistcha, L50|66/100
|-heal|p2a: Incineroar|100/100|[from] ability: Hospitality|[of] p2b: Sinistcha
|move|p1a: Kingambit|Protect|p1a: Kingambit
|-singleturn|p1a: Kingambit|Protect
|move|p2a: Incineroar|Flare Blitz|p1a: Kingambit
|-activate|p1a: Kingambit|move: Protect
|
|-damage|p1a: Kingambit|36/100 brn|[from] brn
|upkeep
|turn|6
|inactive|marillrag1 has 30 seconds left.
|
|t:|1785168124
|switch|p1a: Arcanine|Arcanine-Hisui, L50, M|100/100
|move|p2b: Sinistcha|Rage Powder|p2b: Sinistcha
|-singleturn|p2b: Sinistcha|move: Rage Powder
|move|p1b: Sylveon|Hyper Voice|p2b: Sinistcha|[spread] p2a,p2b
|-damage|p2a: Incineroar|63/100
|-damage|p2b: Sinistcha|10/100
|move|p2a: Incineroar|Flare Blitz|p1a: Arcanine
|-resisted|p1a: Arcanine|2
|-damage|p1a: Arcanine|85/100
|-damage|p2a: Incineroar|59/100|[from] Recoil
|
|upkeep
|turn|7
|
|t:|1785168153
|switch|p2b: Gengar|Gengar, L50, M|100/100
|move|p1a: Arcanine|Extreme Speed|p2a: Incineroar
|-damage|p2a: Incineroar|39/100
|move|p1b: Sylveon|Hyper Voice|p2b: Gengar|[spread] p2a,p2b
|-resisted|p2b: Gengar|1
|-damage|p2a: Incineroar|2/100
|-damage|p2b: Gengar|68/100
|-start|p1b: Sylveon|Disable|Hyper Voice|[from] ability: Cursed Body|[of] p2b: Gengar
|move|p2a: Incineroar|Parting Shot|p1a: Arcanine
|-unboost|p1a: Arcanine|atk|1
|-unboost|p1a: Arcanine|spa|1
|
|t:|1785168165
|switch|p2a: Sinistcha|Sinistcha, L50|10/100|[from] Parting Shot
|-heal|p2b: Gengar|93/100|[from] ability: Hospitality|[of] p2a: Sinistcha
|
|upkeep
|turn|8
|inactive|marillrag1 has 30 seconds left.
|
|t:|1785168193
|switch|p1a: Kingambit|Kingambit, L50, M|36/100 brn
|switch|p1b: Raichu|Raichu, L50, M|100/100
|switch|p2a: Incineroar|Incineroar, L50, M|2/100
|-ability|p2a: Incineroar|Intimidate|boost
|-unboost|p1a: Kingambit|atk|1
|-ability|p1a: Kingambit|Defiant|boost
|-boost|p1a: Kingambit|atk|2
|-unboost|p1b: Raichu|atk|1
|detailschange|p2b: Gengar|Gengar-Mega, L50, M
|-mega|p2b: Gengar|Gengar|Gengarite
|move|p2b: Gengar|Perish Song|p2b: Gengar
|-start|p1a: Kingambit|perish3|[silent]
|-start|p1b: Raichu|perish3|[silent]
|-start|p2a: Incineroar|perish3|[silent]
|-start|p2b: Gengar|perish3|[silent]
|-fieldactivate|move: Perish Song
|
|-damage|p1a: Kingambit|30/100 brn|[from] brn
|-start|p2b: Gengar|perish3
|-start|p1b: Raichu|perish3
|-start|p1a: Kingambit|perish3
|-start|p2a: Incineroar|perish3
|upkeep
|turn|9
|
|t:|1785168216
|detailschange|p1b: Raichu|Raichu-Mega-Y, L50, M
|-mega|p1b: Raichu|Raichu|Raichunite Y
|move|p2b: Gengar|Protect|p2b: Gengar
|-singleturn|p2b: Gengar|Protect
|move|p2a: Incineroar|Protect|p2a: Incineroar
|-singleturn|p2a: Incineroar|Protect
|move|p1b: Raichu|Fake Out|p2a: Incineroar
|-activate|p2a: Incineroar|move: Protect
|move|p1a: Kingambit|Kowtow Cleave|p2b: Gengar
|-activate|p2b: Gengar|move: Protect
|
|-damage|p1a: Kingambit|24/100 brn|[from] brn
|-start|p1b: Raichu|perish2
|-start|p2b: Gengar|perish2
|-start|p1a: Kingambit|perish2
|-start|p2a: Incineroar|perish2
|upkeep
|turn|10
|inactive|marillrag1 has 30 seconds left.
|
|t:|1785168243
|switch|p2b: Sinistcha|Sinistcha, L50|10/100
|-heal|p2a: Incineroar|27/100|[from] ability: Hospitality|[of] p2b: Sinistcha
|move|p1b: Raichu|Zap Cannon|p2b: Sinistcha
|-resisted|p2b: Sinistcha|1
|-damage|p2b: Sinistcha|0 fnt
|faint|p2b: Sinistcha
|move|p1a: Kingambit|Kowtow Cleave|p2a: Incineroar
|-resisted|p2a: Incineroar|1
|-damage|p2a: Incineroar|11/100
|-damage|p1a: Kingambit|14/100 brn|[from] item: Life Orb
|move|p2a: Incineroar|Parting Shot|p1a: Kingambit
|-unboost|p1a: Kingambit|atk|1
|-ability|p1a: Kingambit|Defiant|boost
|-boost|p1a: Kingambit|atk|2
|-unboost|p1a: Kingambit|spa|1
|-ability|p1a: Kingambit|Defiant|boost
|-boost|p1a: Kingambit|atk|2
|
|t:|1785168259
|switch|p2a: Gengar|Gengar-Mega, L50, M|93/100|[from] Parting Shot
|
|-damage|p1a: Kingambit|9/100 brn|[from] brn
|-start|p1b: Raichu|perish1
|-start|p1a: Kingambit|perish1
|upkeep
|
|t:|1785168270
|switch|p2b: Incineroar|Incineroar, L50, M|11/100
|-ability|p2b: Incineroar|Intimidate|boost
|-unboost|p1a: Kingambit|atk|1
|-ability|p1a: Kingambit|Defiant|boost
|-boost|p1a: Kingambit|atk|2
|-unboost|p1b: Raichu|atk|1
|turn|11
|
|t:|1785168291
|move|p2a: Gengar|Protect|p2a: Gengar
|-singleturn|p2a: Gengar|Protect
|move|p2b: Incineroar|Protect|p2b: Incineroar
|-singleturn|p2b: Incineroar|Protect
|move|p1a: Kingambit|Sucker Punch||[still]
|-fail|p1a: Kingambit
|move|p1b: Raichu|Zap Cannon|p2a: Gengar
|-activate|p2a: Gengar|move: Protect
|
|-damage|p1a: Kingambit|3/100 brn|[from] brn
|-start|p1b: Raichu|perish0
|-start|p1a: Kingambit|perish0
|faint|p1b: Raichu
|faint|p1a: Kingambit
|upkeep
|
|t:|1785168296
|switch|p1b: Sylveon|Sylveon, L50, F|100/100
|switch|p1a: Arcanine|Arcanine-Hisui, L50, M|85/100
|turn|12
|
|t:|1785168312
|switch|p2b: Rotom|Rotom-Wash, L50|28/100
|move|p2a: Gengar|Perish Song|p2a: Gengar
|-start|p1a: Arcanine|perish3|[silent]
|-start|p1b: Sylveon|perish3|[silent]
|-start|p2a: Gengar|perish3|[silent]
|-start|p2b: Rotom|perish3|[silent]
|-fieldactivate|move: Perish Song
|move|p1a: Arcanine|Head Smash|p2a: Gengar
|-damage|p2a: Gengar|8/100
|move|p1b: Sylveon|Hyper Voice|p2b: Rotom|[spread] p2a,p2b
|-resisted|p2a: Gengar|1
|-damage|p2a: Gengar|0 fnt
|-damage|p2b: Rotom|0 fnt
|faint|p2a: Gengar
|faint|p2b: Rotom
|
|-start|p1a: Arcanine|perish3
|-start|p1b: Sylveon|perish3
|upkeep
|
|t:|1785168321
|switch|p2b: Incineroar|Incineroar, L50, M|11/100
|-ability|p2b: Incineroar|Intimidate|boost
|-unboost|p1a: Arcanine|atk|1
|-unboost|p1b: Sylveon|atk|1
|turn|13
|
|t:|1785168328
|move|p2b: Incineroar|Protect|p2b: Incineroar
|-singleturn|p2b: Incineroar|Protect
|move|p1a: Arcanine|Extreme Speed|p2b: Incineroar
|-activate|p2b: Incineroar|move: Protect
|move|p1b: Sylveon|Hyper Voice|p2b: Incineroar
|-activate|p2b: Incineroar|move: Protect
|
|-start|p1a: Arcanine|perish2
|-start|p1b: Sylveon|perish2
|upkeep
|turn|14
|
|t:|1785168334
|move|p2b: Incineroar|Protect||[still]
|-fail|p2b: Incineroar
|move|p1a: Arcanine|Extreme Speed|p2b: Incineroar
|-damage|p2b: Incineroar|0 fnt
|faint|p2b: Incineroar
|
|win|marillrag1
|raw|marillrag1's rating: 1156 → 1179(+23 for winning)
|raw|1Manuel1410's rating: 1125 → 1102(-23 for losing)
