|j|☆Damipro21
|j|☆TenkiBD
|html|Damipro21TenkiBD    
|uhtml|bestof|Game 1 of a best-of-3
|t:|1785009256
|gametype|doubles
|player|p1|Damipro21|lucas|1134
|player|p2|TenkiBD|lucas|1158
|gen|9
|tier|[Gen 9 Champions] VGC 2026 Reg M-B (Bo3)
|rated|
|rule|Species Clause: Limit one of each Pokémon
|rule|Item Clause: Limit 1 of each item
|clearpoke
|poke|p1|Gengar, L50, M|
|poke|p1|Swampert, L50, M|
|poke|p1|Incineroar, L50, F|
|poke|p1|Politoed, L50, M|
|poke|p1|Archaludon, L50, M|
|poke|p1|Vivillon, L50, F|
|poke|p2|Charizard, L50, F|
|poke|p2|Floette-Eternal, L50, F|
|poke|p2|Garchomp, L50, F|
|poke|p2|Whimsicott, L50, F|
|poke|p2|Basculegion, L50, M|
|poke|p2|Kingambit, L50, F|
|teampreview|4
|showteam|p1|Gengar||Gengarite|CursedBody|ShadowBall,PerishSong,SludgeBomb,Protect|Timid||M|||50|]Swampert||Swampertite|Torrent|WaveCrash,Earthquake,IcePunch,Protect|Adamant||M|||50|]Incineroar||PasshoBerry|Intimidate|ThroatChop,PartingShot,FakeOut,Protect|Sassy||F|||50|]Politoed||SitrusBerry|Drizzle|WeatherBall,PerishSong,Encore,Protect|Calm||M|||50|]Archaludon||Leftovers|Stamina|DragonPulse,FlashCannon,ElectroShot,Protect|Bold||M|||50|]Vivillon||FocusSash|CompoundEyes|Hurricane,SleepPowder,RagePowder,Protect|Timid||F|||50|
|showteam|p2|Charizard||CharizarditeY|Blaze|HeatWave,SolarBeam,WeatherBall,Protect|Modest||F|||50|]Floette-Eternal||Floettite|FlowerVeil|Moonblast,DazzlingGleam,LightofRuin,Protect|Modest||F|||50|]Garchomp||LifeOrb|RoughSkin|DragonClaw,Earthquake,Protect,RockSlide|Jolly||F|||50|]Whimsicott||FocusSash|Prankster|Moonblast,Tailwind,Encore,Protect|Timid||F|||50|]Basculegion||MysticWater|Adaptability|WaveCrash,LastRespects,AquaJet,Protect|Adamant||M|||50|]Kingambit||BlackGlasses|Defiant|KowtowCleave,Protect,SuckerPunch,IronHead|Adamant||F|||50|
|
|t:|1785009274
|teamsize|p1|4
|teamsize|p2|4
|start
|switch|p1a: Swampert|Swampert, L50, M|100/100
|switch|p1b: Vivillon|Vivillon, L50, F|100/100
|switch|p2a: Whimsicott|Whimsicott, L50, F|100/100
|switch|p2b: Kingambit|Kingambit, L50, F|100/100
|turn|1
|
|t:|1785009316
|detailschange|p1a: Swampert|Swampert-Mega, L50, M
|-mega|p1a: Swampert|Swampert|Swampertite
|move|p2a: Whimsicott|Protect|p2a: Whimsicott
|-singleturn|p2a: Whimsicott|Protect
|move|p1b: Vivillon|Sleep Powder|p2b: Kingambit|[miss]
|-miss|p1b: Vivillon|p2b: Kingambit
|move|p1a: Swampert|Earthquake|p2a: Whimsicott|[spread] p2b
|-activate|p2a: Whimsicott|move: Protect
|-immune|p1b: Vivillon
|-supereffective|p2b: Kingambit|1
|-damage|p2b: Kingambit|32/100
|move|p2b: Kingambit|Kowtow Cleave|p1b: Vivillon
|-enditem|p1b: Vivillon|Focus Sash
|-damage|p1b: Vivillon|1/100
|
|upkeep
|turn|2
|
|t:|1785009347
|move|p1b: Vivillon|Protect|p1b: Vivillon
|-singleturn|p1b: Vivillon|Protect
|move|p2b: Kingambit|Protect|p2b: Kingambit
|-singleturn|p2b: Kingambit|Protect
|move|p2a: Whimsicott|Moonblast|p1b: Vivillon
|-activate|p1b: Vivillon|move: Protect
|move|p1a: Swampert|Earthquake|p2b: Kingambit|[spread] p2a
|-activate|p1b: Vivillon|move: Protect
|-activate|p2b: Kingambit|move: Protect
|-resisted|p2a: Whimsicott|1
|-damage|p2a: Whimsicott|64/100
|
|upkeep
|turn|3
|
|t:|1785009375
|switch|p2b: Charizard|Charizard, L50, F|100/100
|move|p2a: Whimsicott|Encore|p1a: Swampert
|-start|p1a: Swampert|Encore
|move|p1b: Vivillon|Hurricane|p2a: Whimsicott
|-supereffective|p2a: Whimsicott|1
|-damage|p2a: Whimsicott|0 fnt
|faint|p2a: Whimsicott
|move|p1a: Swampert|Earthquake|p2b: Charizard|[spread] 
|-immune|p1b: Vivillon
|-immune|p2b: Charizard
|
|upkeep
|
|t:|1785009384
|switch|p2a: Basculegion|Basculegion, L50, M|100/100
|turn|4
|
|t:|1785009413
|detailschange|p2b: Charizard|Charizard-Mega-Y, L50, F
|-mega|p2b: Charizard|Charizard|Charizardite Y
|-weather|SunnyDay|[from] ability: Drought|[of] p2b: Charizard
|move|p2a: Basculegion|Aqua Jet|p1b: Vivillon
|-damage|p1b: Vivillon|0 fnt
|faint|p1b: Vivillon
|move|p2b: Charizard|Solar Beam||[still]
|-prepare|p2b: Charizard|Solar Beam
|-anim|p2b: Charizard|Solar Beam|p1a: Swampert
|-supereffective|p1a: Swampert|2
|-damage|p1a: Swampert|0 fnt
|faint|p1a: Swampert
|
|-weather|SunnyDay|[upkeep]
|upkeep
|
|t:|1785009425
|switch|p1b: Archaludon|Archaludon, L50, M|100/100
|switch|p1a: Politoed|Politoed, L50, M|100/100
|-weather|RainDance|[from] ability: Drizzle|[of] p1a: Politoed
|turn|5
|
|t:|1785009437
|switch|p2b: Kingambit|Kingambit, L50, F|32/100
|move|p2a: Basculegion|Protect|p2a: Basculegion
|-singleturn|p2a: Basculegion|Protect
|move|p1b: Archaludon|Electro Shot||[still]
|-prepare|p1b: Archaludon|Electro Shot
|-boost|p1b: Archaludon|spa|1
|-anim|p1b: Archaludon|Electro Shot|p2a: Basculegion
|-activate|p2a: Basculegion|move: Protect
|move|p1a: Politoed|Weather Ball|p2b: Kingambit
|-damage|p2b: Kingambit|0 fnt
|faint|p2b: Kingambit
|
|-weather|RainDance|[upkeep]
|upkeep
|
|t:|1785009448
|switch|p2b: Charizard|Charizard-Mega-Y, L50, F|100/100
|-weather|SunnyDay|[from] ability: Drought|[of] p2b: Charizard
|turn|6
|-message|Damipro21 forfeited.
|
|win|TenkiBD
||TenkiBD is ready for game 2.
||Damipro21 is ready for game 2.
|uhtml|next|Next: Game 2 of 3
