|j|☆Zacharykeith
|j|☆Joker113
|html|ZacharykeithJoker113    
|uhtml|bestof|Game 3 of a best-of-3
|t:|1757762433
|gametype|doubles
|player|p1|Zacharykeith|fisherman-gen4|1140
|player|p2|Joker113|170|1020
|gen|9
|tier|[Gen 9] VGC 2025 Reg H (Bo3)
|rated|
|rule|Species Clause: Limit one of each Pokémon
|rule|Item Clause: Limit 1 of each item
|clearpoke
|poke|p1|Baxcalibur, L50, M|
|poke|p1|Kingambit, L50, F|
|poke|p1|Dondozo, L50, M|
|poke|p1|Rillaboom, L50, M|
|poke|p1|Magmar, L50, M|
|poke|p1|Sneasler, L50, M|
|poke|p2|Farigiraf, L50, F|
|poke|p2|Amoonguss, L50, F|
|poke|p2|Ursaluna, L50, M|
|poke|p2|Gholdengo, L50|
|poke|p2|Incineroar, L50, F|
|poke|p2|Slowbro, L50, F|
|teampreview|4
|showteam|p1|Baxcalibur||LoadedDice|ThermalExchange|IcicleSpear,IceShard,ScaleShot,Protect|||M|||50|,,,,,Ghost]Kingambit||BlackGlasses|Defiant|SuckerPunch,KowtowCleave,SwordsDance,Protect|||F|||50|,,,,,Dark]Dondozo||Leftovers|Unaware|WaveCrash,Fissure,Yawn,Protect|||M|||50|,,,,,Grass]Rillaboom||AssaultVest|GrassySurge|FakeOut,GrassyGlide,WoodHammer,Uturn|||M|||50|,,,,,Fire]Magmar||Eviolite|VitalSpirit|Overheat,WillOWisp,FollowMe,Protect|||M|||50|,,,,,Fairy]Sneasler||FocusSash|PoisonTouch|DireClaw,CloseCombat,Coaching,Protect|||M|||50|,,,,,Stellar
|showteam|p2|Farigiraf||ThroatSpray|ArmorTail|TrickRoom,Psychic,HelpingHand,HyperVoice|||F|||50|,,,,,Grass]Amoonguss||SitrusBerry|Regenerator|SludgeBomb,RagePowder,Spore,Protect|||F|||50|,,,,,Water]Ursaluna||FlameOrb|Guts|Earthquake,Facade,HeadlongRush,Protect|||M|||50|,,,,,Ghost]Gholdengo||FocusSash|GoodasGold|MakeItRain,ShadowBall,NastyPlot,Protect||||||50|,,,,,Steel]Incineroar||CovertCloak|Intimidate|FlareBlitz,FakeOut,KnockOff,PartingShot|||F|||50|,,,,,Water]Slowbro||RockyHelmet|Regenerator|BodyPress,HealPulse,MuddyWater,IronDefense|||F|||50|,,,,,Fighting
|inactive|Battle timer is ON: inactive players will automatically lose when time's up. (requested by Zacharykeith)
|
|t:|1757762466
|teamsize|p1|4
|teamsize|p2|4
|start
|switch|p1a: Donbozo|Dondozo, L50, M, shiny|100/100
|switch|p1b: Forest Dude|Rillaboom, L50, M, shiny|100/100
|switch|p2a: Incineroar|Incineroar, L50, F|100/100
|switch|p2b: Farigiraf|Farigiraf, L50, F|100/100
|-fieldstart|move: Grassy Terrain|[from] ability: Grassy Surge|[of] p1b: Forest Dude
|-ability|p2a: Incineroar|Intimidate|boost
|-unboost|p1a: Donbozo|atk|1
|-unboost|p1b: Forest Dude|atk|1
|turn|1
|
|t:|1757762481
|move|p2a: Incineroar|Fake Out|p1a: Donbozo
|-damage|p1a: Donbozo|93/100
|move|p1b: Forest Dude|U-turn|p2b: Farigiraf
|-supereffective|p2b: Farigiraf
|-damage|p2b: Farigiraf|66/100
|
|t:|1757762486
|switch|p1b: Fire Chicken|Magmar, L50, M, shiny|100/100|[from] U-turn
|cant|p1a: Donbozo|flinch
|move|p2b: Farigiraf|Trick Room|p2b: Farigiraf
|-fieldstart|move: Trick Room|[of] p2b: Farigiraf
|
|-heal|p1a: Donbozo|99/100|[from] Grassy Terrain
|-heal|p1a: Donbozo|100/100|[from] item: Leftovers
|-heal|p2b: Farigiraf|72/100|[from] Grassy Terrain
|upkeep
|turn|2
|
|t:|1757762501
|move|p1a: Donbozo|Wave Crash|p2a: Incineroar
|-supereffective|p2a: Incineroar
|-damage|p2a: Incineroar|38/100
|-damage|p1a: Donbozo|84/100|[from] Recoil
|move|p2b: Farigiraf|Hyper Voice|p1b: Fire Chicken|[spread] p1a,p1b
|-damage|p1a: Donbozo|60/100
|-damage|p1b: Fire Chicken|76/100
|-enditem|p2b: Farigiraf|Throat Spray
|-boost|p2b: Farigiraf|spa|1|[from] item: Throat Spray
|move|p2a: Incineroar|Parting Shot|p1a: Donbozo
|-unboost|p1a: Donbozo|atk|1
|-unboost|p1a: Donbozo|spa|1
|
|t:|1757762514
|switch|p2a: Ursaluna|Ursaluna, L50, M|100/100|[from] Parting Shot
|move|p1b: Fire Chicken|Overheat|p2b: Farigiraf
|-crit|p2b: Farigiraf
|-damage|p2b: Farigiraf|2/100
|-unboost|p1b: Fire Chicken|spa|2
|
|-heal|p1a: Donbozo|66/100|[from] Grassy Terrain
|-heal|p1a: Donbozo|72/100|[from] item: Leftovers
|-heal|p2b: Farigiraf|8/100|[from] Grassy Terrain
|-heal|p1b: Fire Chicken|82/100|[from] Grassy Terrain
|-status|p2a: Ursaluna|brn|[from] item: Flame Orb
|upkeep
|turn|3
|
|t:|1757762540
|-terastallize|p1b: Fire Chicken|Fairy
|move|p2a: Ursaluna|Protect|p2a: Ursaluna
|-singleturn|p2a: Ursaluna|Protect
|move|p1b: Fire Chicken|Follow Me|p1b: Fire Chicken
|-singleturn|p1b: Fire Chicken|move: Follow Me
|move|p1a: Donbozo|Wave Crash|p2a: Ursaluna
|-activate|p2a: Ursaluna|move: Protect
|move|p2b: Farigiraf|Hyper Voice|p1a: Donbozo|[spread] p1a,p1b
|-damage|p1a: Donbozo|46/100
|-damage|p1b: Fire Chicken|39/100
|
|-heal|p1a: Donbozo|53/100|[from] Grassy Terrain
|-heal|p1a: Donbozo|59/100|[from] item: Leftovers
|-heal|p2b: Farigiraf|15/100|[from] Grassy Terrain
|-heal|p1b: Fire Chicken|45/100|[from] Grassy Terrain
|-damage|p2a: Ursaluna|95/100 brn|[from] brn
|upkeep
|turn|4
|
|t:|1757762560
|move|p1a: Donbozo|Protect|p1a: Donbozo
|-singleturn|p1a: Donbozo|Protect
|move|p1b: Fire Chicken|Protect|p1b: Fire Chicken
|-singleturn|p1b: Fire Chicken|Protect
|move|p2a: Ursaluna|Facade|p1a: Donbozo
|-activate|p1a: Donbozo|move: Protect
|move|p2b: Farigiraf|Psychic|p1b: Fire Chicken
|-activate|p1b: Fire Chicken|move: Protect
|
|-heal|p2a: Ursaluna|100/100 brn|[from] Grassy Terrain
|-heal|p1a: Donbozo|65/100|[from] Grassy Terrain
|-heal|p1a: Donbozo|71/100|[from] item: Leftovers
|-heal|p2b: Farigiraf|21/100|[from] Grassy Terrain
|-heal|p1b: Fire Chicken|51/100|[from] Grassy Terrain
|-damage|p2a: Ursaluna|95/100 brn|[from] brn
|upkeep
|turn|5
|
|t:|1757762579
|switch|p1b: Forest Dude|Rillaboom, L50, M, shiny|100/100
|move|p2a: Ursaluna|Facade|p1a: Donbozo
|-damage|p1a: Donbozo|0 fnt
|faint|p1a: Donbozo
|move|p2b: Farigiraf|Hyper Voice|p1b: Forest Dude
|-damage|p1b: Forest Dude|50/100
|
|-heal|p2a: Ursaluna|100/100 brn|[from] Grassy Terrain
|-heal|p2b: Farigiraf|27/100|[from] Grassy Terrain
|-heal|p1b: Forest Dude|56/100|[from] Grassy Terrain
|-damage|p2a: Ursaluna|95/100 brn|[from] brn
|-fieldend|move: Trick Room
|-fieldend|move: Grassy Terrain
|upkeep
|
|t:|1757762593
|switch|p1a: Metal T-Rex|Baxcalibur, L50, M|100/100
|turn|6
|inactive|Joker113 has 30 seconds left.
|
|t:|1757762627
|-terastallize|p2a: Ursaluna|Ghost
|move|p1a: Metal T-Rex|Icicle Spear|p2a: Ursaluna
|-damage|p2a: Ursaluna|82/100 brn
|-damage|p2a: Ursaluna|71/100 brn
|-damage|p2a: Ursaluna|58/100 brn
|-damage|p2a: Ursaluna|46/100 brn
|-hitcount|p2a: Ursaluna|4
|move|p1b: Forest Dude|Wood Hammer|p2b: Farigiraf
|-damage|p2b: Farigiraf|0 fnt
|faint|p2b: Farigiraf
|-damage|p1b: Forest Dude|46/100|[from] Recoil
|move|p2a: Ursaluna|Earthquake|p1a: Metal T-Rex|[spread] p1a,p1b
|-resisted|p1b: Forest Dude
|-damage|p1a: Metal T-Rex|38/100
|-damage|p1b: Forest Dude|12/100
|
|-damage|p2a: Ursaluna|41/100 brn|[from] brn
|upkeep
|
|t:|1757762643
|switch|p2b: Incineroar|Incineroar, L50, F|38/100
|-ability|p2b: Incineroar|Intimidate|boost
|-unboost|p1a: Metal T-Rex|atk|1
|-unboost|p1b: Forest Dude|atk|1
|turn|7
|
|t:|1757762655
|move|p1a: Metal T-Rex|Protect|p1a: Metal T-Rex
|-singleturn|p1a: Metal T-Rex|Protect
|move|p2b: Incineroar|Fake Out|p1b: Forest Dude
|-damage|p1b: Forest Dude|0 fnt
|faint|p1b: Forest Dude
|move|p2a: Ursaluna|Facade|p1a: Metal T-Rex
|-activate|p1a: Metal T-Rex|move: Protect
|
|-damage|p2a: Ursaluna|35/100 brn|[from] brn
|upkeep
|
|t:|1757762665
|switch|p1b: Fire Chicken|Magmar, L50, M, shiny, tera:Fairy|51/100
|turn|8
|
|t:|1757762684
|move|p2a: Ursaluna|Protect|p2a: Ursaluna
|-singleturn|p2a: Ursaluna|Protect
|move|p1a: Metal T-Rex|Scale Shot|p2b: Incineroar|[miss]
|-miss|p1a: Metal T-Rex|p2b: Incineroar
|move|p1b: Fire Chicken|Overheat|p2a: Ursaluna
|-activate|p2a: Ursaluna|move: Protect
|move|p2b: Incineroar|Parting Shot|p1a: Metal T-Rex
|-unboost|p1a: Metal T-Rex|atk|1
|-unboost|p1a: Metal T-Rex|spa|1
|
|t:|1757762687
|switch|p2b: Amoonguss|Amoonguss, L50, F|100/100|[from] Parting Shot
|
|-damage|p2a: Ursaluna|29/100 brn|[from] brn
|upkeep
|turn|9
|inactive|Joker113 has 30 seconds left.
|
|t:|1757762722
|move|p1a: Metal T-Rex|Protect|p1a: Metal T-Rex
|-singleturn|p1a: Metal T-Rex|Protect
|move|p1b: Fire Chicken|Overheat|p2b: Amoonguss
|-supereffective|p2b: Amoonguss
|-crit|p2b: Amoonguss
|-damage|p2b: Amoonguss|0 fnt
|-unboost|p1b: Fire Chicken|spa|2
|faint|p2b: Amoonguss
|move|p2a: Ursaluna|Earthquake|p1b: Fire Chicken|[spread] p1b
|-activate|p1a: Metal T-Rex|move: Protect
|-crit|p1b: Fire Chicken
|-damage|p1b: Fire Chicken|0 fnt
|faint|p1b: Fire Chicken
|
|-damage|p2a: Ursaluna|23/100 brn|[from] brn
|upkeep
|
|t:|1757762728
|switch|p2b: Incineroar|Incineroar, L50, F|38/100
|-ability|p2b: Incineroar|Intimidate|boost
|-unboost|p1a: Metal T-Rex|atk|1
|turn|10
|
|t:|1757762734
|move|p1a: Metal T-Rex|Protect||[still]
|-fail|p1a: Metal T-Rex
|move|p2b: Incineroar|Fake Out|p1a: Metal T-Rex
|-damage|p1a: Metal T-Rex|26/100
|move|p2a: Ursaluna|Facade|p1a: Metal T-Rex
|-damage|p1a: Metal T-Rex|0 fnt
|faint|p1a: Metal T-Rex
|
|win|Joker113
|raw|Zacharykeith's rating: 1140 → 1107(-33 for losing)
|raw|Joker113's rating: 1020 → 1069(+49 for winning)
