|j|вҳҶHEDGEHOGMEOW
|j|вҳҶwaterwater2
|html|HEDGEHOGMEOWwaterwater2    
|uhtml|bestof|Game 2 of a best-of-3
|t:|1785593479
|gametype|doubles
|player|p1|HEDGEHOGMEOW|170|
|player|p2|waterwater2|cynthia-masters3|
|gen|9
|tier|[Gen 9 Champions] VGC 2026 Reg M-B (Bo3)
|rule|Species Clause: Limit one of each PokГ©mon
|rule|Item Clause: Limit 1 of each item
|clearpoke
|poke|p1|Pyroar, L50, M|
|poke|p1|Torkoal, L50, M|
|poke|p1|Farigiraf, L50, F|
|poke|p1|Whimsicott, L50, F|
|poke|p1|Garchomp, L50, F|
|poke|p1|Staraptor, L50, F|
|poke|p2|Charizard, L50, M, shiny|
|poke|p2|Basculegion, L50, M, shiny|
|poke|p2|Whimsicott, L50, F, shiny|
|poke|p2|Garchomp, L50, M, shiny|
|poke|p2|Kingambit, L50, M, shiny|
|poke|p2|Incineroar, L50, M|
|teampreview|4
|showteam|p1|Pyroar||Pyroarite|Unnerve|Overheat,HeatWave,SolarBeam,Protect|Timid||M|||50|]Torkoal||Charcoal|Drought|Eruption,WeatherBall,HelpingHand,Protect|Quiet||M|||50|]Farigiraf||SitrusBerry|ArmorTail|HelpingHand,Psychic,Thunderbolt,TrickRoom|Relaxed||F|||50|]Whimsicott||FocusSash|Prankster|Charm,Tailwind,Moonblast,SunnyDay|Modest||F|||50|]Garchomp||LifeOrb|RoughSkin|IronHead,StompingTantrum,RockSlide,Protect|Jolly||F|||50|]Staraptor||Staraptite|Intimidate|Protect,CloseCombat,BraveBird,Roost|Jolly||F|||50|
|showteam|p2|Charizard||CharizarditeY|SolarPower|HeatWave,WeatherBall,SolarBeam,Protect|Modest||M|||50|]Basculegion||ChoiceScarf|Adaptability|WaveCrash,LastRespects,AquaJet,FlipTurn|Adamant||M|||50|]Whimsicott||FocusSash|Prankster|Moonblast,Tailwind,Encore,Protect|Timid||F|||50|]Garchomp||LifeOrb|RoughSkin|DragonClaw,Earthquake,RockSlide,Protect|Jolly||M|||50|]Kingambit||BlackGlasses|Defiant|KowtowCleave,LowKick,SuckerPunch,Protect|Adamant||M|||50|]Incineroar||ChopleBerry|Intimidate|FlareBlitz,ThroatChop,FakeOut,PartingShot|Careful||M|||50|
|c|вҳҶwaterwater2|0.0
|inactive|Battle timer is ON: inactive players will automatically lose when time's up. (requested by HEDGEHOGMEOW)
|c|вҳҶHEDGEHOGMEOW|Sorr
|inactive|HEDGEHOGMEOW has 60 seconds left.
|inactive|waterwater2 has 60 seconds left.
|inactive|HEDGEHOGMEOW has 30 seconds left.
|inactive|waterwater2 has 30 seconds left.
|inactive|HEDGEHOGMEOW has 20 seconds left.
|
|t:|1785593563
|teamsize|p1|4
|teamsize|p2|4
|start
|switch|p1a: Whimsicott|Whimsicott, L50, F|100/100
|switch|p1b: Staraptor|Staraptor, L50, F|100/100
|switch|p2a: жЈүй¬јжҺЎй»‘иҠұ|Whimsicott, L50, F, shiny|100/100
|switch|p2b: е…ӯйӣ·еҗүзөӮзөҗиҖ…|Incineroar, L50, M|100/100
|-ability|p1b: Staraptor|Intimidate|boost
|-unboost|p2a: жЈүй¬јжҺЎй»‘иҠұ|atk|1
|-unboost|p2b: е…ӯйӣ·еҗүзөӮзөҗиҖ…|atk|1
|-ability|p2b: е…ӯйӣ·еҗүзөӮзөҗиҖ…|Intimidate|boost
|-unboost|p1a: Whimsicott|atk|1
|-unboost|p1b: Staraptor|atk|1
|turn|1
|inactive|HEDGEHOGMEOW has 30 seconds left.
|inactive|waterwater2 has 30 seconds left.
|inactive|HEDGEHOGMEOW has 20 seconds left.
|inactive|HEDGEHOGMEOW has 15 seconds left.
|
|t:|1785593606
|detailschange|p1b: Staraptor|Staraptor-Mega, L50, F
|-mega|p1b: Staraptor|Staraptor|Staraptite
|move|p2a: жЈүй¬јжҺЎй»‘иҠұ|Moonblast|p1b: Staraptor
|-supereffective|p1b: Staraptor|1
|-damage|p1b: Staraptor|28/100
|move|p1b: Staraptor|Close Combat|p2b: е…ӯйӣ·еҗүзөӮзөҗиҖ…
|-supereffective|p2b: е…ӯйӣ·еҗүзөӮзөҗиҖ…|1
|-enditem|p2b: е…ӯйӣ·еҗүзөӮзөҗиҖ…|Chople Berry|[eat]
|-enditem|p2b: е…ӯйӣ·еҗүзөӮзөҗиҖ…|Chople Berry|[weaken]
|-damage|p2b: е…ӯйӣ·еҗүзөӮзөҗиҖ…|62/100
|-boost|p1b: Staraptor|def|1
|-boost|p1b: Staraptor|spd|1
|move|p1a: Whimsicott|Moonblast|p2a: жЈүй¬јжҺЎй»‘иҠұ
|-damage|p2a: жЈүй¬јжҺЎй»‘иҠұ|36/100
|move|p2b: е…ӯйӣ·еҗүзөӮзөҗиҖ…|Flare Blitz|p1a: Whimsicott
|-supereffective|p1a: Whimsicott|1
|-damage|p1a: Whimsicott|11/100
|-status|p1a: Whimsicott|brn
|-damage|p2b: е…ӯйӣ·еҗүзөӮзөҗиҖ…|42/100|[from] Recoil
|
|-damage|p1a: Whimsicott|5/100 brn|[from] brn
|upkeep
|turn|2
|inactive|HEDGEHOGMEOW has 30 seconds left.
|inactive|waterwater2 has 30 seconds left.
|inactive|HEDGEHOGMEOW has 20 seconds left.
|inactive|HEDGEHOGMEOW has 15 seconds left.
|inactive|HEDGEHOGMEOW has 10 seconds left.
|inactive|HEDGEHOGMEOW has 5 seconds left.
|
|t:|1785593660
|switch|p2b: жҺғдҪ иҖҒеў“е…Ёе®¶|Basculegion, L50, M, shiny|100/100
|move|p2a: жЈүй¬јжҺЎй»‘иҠұ|Protect|p2a: жЈүй¬јжҺЎй»‘иҠұ
|-singleturn|p2a: жЈүй¬јжҺЎй»‘иҠұ|Protect
|move|p1b: Staraptor|Close Combat|p2b: жҺғдҪ иҖҒеў“е…Ёе®¶
|-immune|p2b: жҺғдҪ иҖҒеў“е…Ёе®¶
|move|p1a: Whimsicott|Moonblast|p2a: жЈүй¬јжҺЎй»‘иҠұ
|-activate|p2a: жЈүй¬јжҺЎй»‘иҠұ|move: Protect
|
|-damage|p1a: Whimsicott|0 fnt|[from] brn
|faint|p1a: Whimsicott
|upkeep
|
|t:|1785593665
|switch|p1a: Farigiraf|Farigiraf, L50, F|100/100
|turn|3
|inactive|HEDGEHOGMEOW has 30 seconds left.
|inactive|waterwater2 has 30 seconds left.
|inactive|waterwater2 has 20 seconds left.
|
|t:|1785593703
|move|p1b: Staraptor|Protect|p1b: Staraptor
|-singleturn|p1b: Staraptor|Protect
|move|p2b: жҺғдҪ иҖҒеў“е…Ёе®¶|Wave Crash|p1a: Farigiraf
|-damage|p1a: Farigiraf|40/100
|-enditem|p1a: Farigiraf|Sitrus Berry|[eat]
|-heal|p1a: Farigiraf|65/100|[from] item: Sitrus Berry
|-damage|p2b: жҺғдҪ иҖҒеў“е…Ёе®¶|78/100|[from] Recoil
|move|p2a: жЈүй¬јжҺЎй»‘иҠұ|Moonblast|p1a: Farigiraf
|-damage|p1a: Farigiraf|29/100
|move|p1a: Farigiraf|Trick Room|p1a: Farigiraf
|-fieldstart|move: Trick Room|[of] p1a: Farigiraf
|
|upkeep
|turn|4
|
|t:|1785593728
|switch|p2b: з«№иҳӯзҡ„ең“йҷёйҜҠ|Garchomp, L50, M, shiny|100/100
|move|p2a: жЈүй¬јжҺЎй»‘иҠұ|Protect|p2a: жЈүй¬јжҺЎй»‘иҠұ
|-singleturn|p2a: жЈүй¬јжҺЎй»‘иҠұ|Protect
|move|p1a: Farigiraf|Thunderbolt|p2b: з«№иҳӯзҡ„ең“йҷёйҜҠ
|-immune|p2b: з«№иҳӯзҡ„ең“йҷёйҜҠ
|move|p1b: Staraptor|Brave Bird|p2a: жЈүй¬јжҺЎй»‘иҠұ
|-activate|p2a: жЈүй¬јжҺЎй»‘иҠұ|move: Protect
|
|upkeep
|turn|5
|inactive|HEDGEHOGMEOW has 30 seconds left.
|inactive|waterwater2 has 30 seconds left.
|inactive|waterwater2 has 20 seconds left.
|inactive|waterwater2 has 15 seconds left.
|
|t:|1785593769
|switch|p1b: Torkoal|Torkoal, L50, M|100/100
|-weather|SunnyDay|[from] ability: Drought|[of] p1b: Torkoal
|switch|p2a: е…ӯйӣ·еҗүзөӮзөҗиҖ…|Incineroar, L50, M|42/100
|-ability|p2a: е…ӯйӣ·еҗүзөӮзөҗиҖ…|Intimidate|boost
|-unboost|p1a: Farigiraf|atk|1
|-unboost|p1b: Torkoal|atk|1
|move|p1a: Farigiraf|Psychic|p2a: е…ӯйӣ·еҗүзөӮзөҗиҖ…
|-immune|p2a: е…ӯйӣ·еҗүзөӮзөҗиҖ…
|move|p2b: з«№иҳӯзҡ„ең“йҷёйҜҠ|Dragon Claw|p1b: Torkoal
|-damage|p1b: Torkoal|55/100
|-damage|p2b: з«№иҳӯзҡ„ең“йҷёйҜҠ|90/100|[from] item: Life Orb
|
|-weather|SunnyDay|[upkeep]
|upkeep
|turn|6
|inactive|HEDGEHOGMEOW has 30 seconds left.
|inactive|waterwater2 has 30 seconds left.
|inactive|waterwater2 has 20 seconds left.
|inactive|waterwater2 has 15 seconds left.
|inactive|waterwater2 has 10 seconds left.
|inactive|waterwater2 has 5 seconds left.
|
|t:|1785593822
|move|p1a: Farigiraf|Helping Hand|p1b: Torkoal
|-singleturn|p1b: Torkoal|Helping Hand|[of] p1a: Farigiraf
|move|p1b: Torkoal|Eruption|p2b: з«№иҳӯзҡ„ең“йҷёйҜҠ|[spread] p2a,p2b
|-resisted|p2a: е…ӯйӣ·еҗүзөӮзөҗиҖ…|1
|-crit|p2a: е…ӯйӣ·еҗүзөӮзөҗиҖ…
|-resisted|p2b: з«№иҳӯзҡ„ең“йҷёйҜҠ|1
|-damage|p2a: е…ӯйӣ·еҗүзөӮзөҗиҖ…|1/100
|-damage|p2b: з«№иҳӯзҡ„ең“йҷёйҜҠ|52/100
|move|p2a: е…ӯйӣ·еҗүзөӮзөҗиҖ…|Flare Blitz|p1a: Farigiraf
|-damage|p1a: Farigiraf|0 fnt
|faint|p1a: Farigiraf
|-damage|p2a: е…ӯйӣ·еҗүзөӮзөҗиҖ…|0 fnt|[from] Recoil
|faint|p2a: е…ӯйӣ·еҗүзөӮзөҗиҖ…
|move|p2b: з«№иҳӯзҡ„ең“йҷёйҜҠ|Dragon Claw|p1b: Torkoal
|-crit|p1b: Torkoal
|-damage|p1b: Torkoal|0 fnt
|faint|p1b: Torkoal
|-damage|p2b: з«№иҳӯзҡ„ең“йҷёйҜҠ|42/100|[from] item: Life Orb
|
|-weather|SunnyDay|[upkeep]
|upkeep
|inactive|waterwater2 has 30 seconds left.
|
|t:|1785593847
|switch|p1b: Staraptor|Staraptor-Mega, L50, F|28/100
|switch|p2a: жЈүй¬јжҺЎй»‘иҠұ|Whimsicott, L50, F, shiny|36/100
|turn|7
|inactive|HEDGEHOGMEOW has 30 seconds left.
|-message|HEDGEHOGMEOW forfeited.
|
|win|waterwater2
|l|вҳҶHEDGEHOGMEOW
|player|p1|
||HEDGEHOGMEOW is ready for game 3.
|inactive|waterwater2 has 30 seconds to confirm battle start!
||waterwater2 is ready for game 3.
|uhtml|next|Next: Game 3 of 3
|j|вҳҶHEDGEHOGMEOW
|player|p1|HEDGEHOGMEOW|170|
|l|вҳҶHEDGEHOGMEOW
|player|p1|
