|j|☆mrhendawgy
|j|☆Gayangos
|html|mrhendawgyGayangos    
|uhtml|bestof|Game 1 of a best-of-3
|t:|1785058594
|gametype|doubles
|player|p1|mrhendawgy|170|1161
|player|p2|Gayangos|266|1287
|gen|9
|tier|[Gen 9 Champions] VGC 2026 Reg M-B (Bo3)
|rated|
|rule|Species Clause: Limit one of each Pokémon
|rule|Item Clause: Limit 1 of each item
|clearpoke
|poke|p1|Sneasler, L50, M|
|poke|p1|Blastoise, L50, M|
|poke|p1|Kingambit, L50, M|
|poke|p1|Incineroar, L50, M|
|poke|p1|Delphox, L50, F|
|poke|p1|Sinistcha, L50|
|poke|p2|Tyranitar, L50, M|
|poke|p2|Excadrill, L50, F|
|poke|p2|Milotic, L50, F|
|poke|p2|Sinistcha, L50|
|poke|p2|Staraptor, L50, F|
|poke|p2|Gholdengo, L50|
|teampreview|4
|showteam|p1|Sneasler||FocusSash|PoisonTouch|PoisonJab,CloseCombat,FakeOut,QuickGuard|Jolly||M|||50|]Blastoise||Blastoisinite|RainDish|DarkPulse,WaterSpout,ShellSmash,Protect|Modest||M|||50|]Kingambit||BlackGlasses|Defiant|KowtowCleave,SuckerPunch,SwordsDance,Protect|Adamant||M|||50|]Incineroar||SitrusBerry|Intimidate|FlareBlitz,HelpingHand,PartingShot,FakeOut|Careful||M|||50|]Delphox||Delphoxite|Blaze|HeatWave,NastyPlot,Psyshock,Protect|Modest||F|||50|]Sinistcha||KasibBerry|Hospitality|MatchaGotcha,RagePowder,TrickRoom,Protect|Bold|||||50|
|showteam|p2|Tyranitar||Tyranitarite|SandStream|KnockOff,RockSlide,LowKick,Protect|Jolly||M|||50|]Excadrill||FocusSash|SandRush|HighHorsepower,IronHead,RockSlide,Protect|Adamant||F|||50|]Milotic||SitrusBerry|Competitive|Scald,IcyWind,Haze,Protect|Calm||F|||50|]Sinistcha||ColburBerry|Hospitality|MatchaGotcha,ShadowBall,Protect,RagePowder|Bold|||||50|]Staraptor||Staraptite|Intimidate|CloseCombat,BraveBird,Tailwind,Protect|Jolly||F|||50|]Gholdengo||LifeOrb|GoodasGold|MakeItRain,ShadowBall,NastyPlot,Protect|Modest|||||50|
|
|t:|1785058617
|teamsize|p1|4
|teamsize|p2|4
|start
|switch|p1a: Sneasler|Sneasler, L50, M|100/100
|switch|p1b: Blastoise|Blastoise, L50, M|100/100
|switch|p2a: Staraptor|Staraptor, L50, F|100/100
|switch|p2b: Sinistcha|Sinistcha, L50|100/100
|-ability|p2a: Staraptor|Intimidate|boost
|-unboost|p1a: Sneasler|atk|1
|-unboost|p1b: Blastoise|atk|1
|turn|1
|inactive|Battle timer is ON: inactive players will automatically lose when time's up. (requested by Gayangos)
|inactive|mrhendawgy has 60 seconds left.
|
|t:|1785058655
|detailschange|p1b: Blastoise|Blastoise-Mega, L50, M
|-mega|p1b: Blastoise|Blastoise|Blastoisinite
|move|p1a: Sneasler|Poison Jab|p2b: Sinistcha
|-damage|p2b: Sinistcha|78/100
|move|p2a: Staraptor|Tailwind|p2a: Staraptor
|-sidestart|p2: Gayangos|move: Tailwind
|move|p2b: Sinistcha|Matcha Gotcha|p1b: Blastoise|[spread] p1a,p1b
|-resisted|p1a: Sneasler|1
|-supereffective|p1b: Blastoise|1
|-damage|p1a: Sneasler|84/100
|-heal|p2b: Sinistcha|86/100|[from] drain|[of] p1a: Sneasler
|-damage|p1b: Blastoise|52/100
|-heal|p2b: Sinistcha|100/100|[from] drain|[of] p1b: Blastoise
|move|p1b: Blastoise|Dark Pulse|p2b: Sinistcha
|-supereffective|p2b: Sinistcha|1
|-enditem|p2b: Sinistcha|Colbur Berry|[eat]
|-enditem|p2b: Sinistcha|Colbur Berry|[weaken]
|-damage|p2b: Sinistcha|54/100
|
|upkeep
|turn|2
|inactive|mrhendawgy has 30 seconds left.
|inactive|Gayangos has 30 seconds left.
|inactive|Gayangos has 20 seconds left.
|inactive|Gayangos has 15 seconds left.
|
|t:|1785058698
|switch|p1a: Sinistcha|Sinistcha, L50|100/100
|-heal|p1b: Blastoise|76/100|[from] ability: Hospitality|[of] p1a: Sinistcha
|detailschange|p2a: Staraptor|Staraptor-Mega, L50, F
|-mega|p2a: Staraptor|Staraptor|Staraptite
|move|p1b: Blastoise|Protect|p1b: Blastoise
|-singleturn|p1b: Blastoise|Protect
|move|p2a: Staraptor|Close Combat|p1a: Sinistcha
|-immune|p1a: Sinistcha
|move|p2b: Sinistcha|Matcha Gotcha|p1b: Blastoise|[spread] p1a
|-activate|p1b: Blastoise|move: Protect
|-resisted|p1a: Sinistcha|1
|-damage|p1a: Sinistcha|88/100
|-heal|p2b: Sinistcha|60/100|[from] drain|[of] p1a: Sinistcha
|
|upkeep
|turn|3
|
|t:|1785058720
|switch|p1b: Sneasler|Sneasler, L50, M|84/100
|move|p2a: Staraptor|Brave Bird|p1a: Sinistcha
|-supereffective|p1a: Sinistcha|1
|-damage|p1a: Sinistcha|0 fnt
|faint|p1a: Sinistcha
|-damage|p2a: Staraptor|72/100|[from] Recoil
|move|p2b: Sinistcha|Matcha Gotcha|p1b: Sneasler
|-resisted|p1b: Sneasler|1
|-damage|p1b: Sneasler|63/100
|-heal|p2b: Sinistcha|70/100|[from] drain|[of] p1b: Sneasler
|
|upkeep
|
|t:|1785058729
|switch|p1a: Blastoise|Blastoise-Mega, L50, M|76/100
|turn|4
|
|t:|1785058738
|move|p1b: Sneasler|Fake Out|p2a: Staraptor
|-damage|p2a: Staraptor|59/100
|cant|p2a: Staraptor|flinch
|move|p2b: Sinistcha|Matcha Gotcha|p1b: Sneasler|[spread] p1a,p1b
|-supereffective|p1a: Blastoise|1
|-resisted|p1b: Sneasler|1
|-damage|p1a: Blastoise|26/100
|-heal|p2b: Sinistcha|92/100|[from] drain|[of] p1a: Blastoise
|-damage|p1b: Sneasler|46/100
|-heal|p2b: Sinistcha|100/100|[from] drain|[of] p1b: Sneasler
|move|p1a: Blastoise|Water Spout|p2a: Staraptor|[spread] p2a,p2b
|-resisted|p2b: Sinistcha|1
|-damage|p2a: Staraptor|43/100
|-damage|p2b: Sinistcha|91/100
|
|-sideend|p2: Gayangos|move: Tailwind
|upkeep
|turn|5
|
|t:|1785058756
|move|p1b: Sneasler|Poison Jab|p2a: Staraptor
|-damage|p2a: Staraptor|3/100
|move|p2a: Staraptor|Tailwind|p2a: Staraptor
|-sidestart|p2: Gayangos|move: Tailwind
|move|p2b: Sinistcha|Matcha Gotcha|p1b: Sneasler|[spread] p1a,p1b
|-supereffective|p1a: Blastoise|1
|-resisted|p1b: Sneasler|1
|-damage|p1a: Blastoise|0 fnt
|-heal|p2b: Sinistcha|100/100|[from] drain|[of] p1a: Blastoise
|-damage|p1b: Sneasler|29/100
|faint|p1a: Blastoise
|
|upkeep
|
|t:|1785058763
|switch|p1a: Incineroar|Incineroar, L50, M|100/100
|-ability|p1a: Incineroar|Intimidate|boost
|-boost|p2a: Staraptor|atk|1
|-unboost|p2b: Sinistcha|atk|1
|turn|6
|
|t:|1785058777
|move|p2a: Staraptor|Close Combat|p1a: Incineroar
|-supereffective|p1a: Incineroar|1
|-damage|p1a: Incineroar|0 fnt
|-boost|p2a: Staraptor|def|1
|-boost|p2a: Staraptor|spd|1
|faint|p1a: Incineroar
|move|p1b: Sneasler|Poison Jab|p2a: Staraptor
|-damage|p2a: Staraptor|0 fnt
|faint|p2a: Staraptor
|move|p2b: Sinistcha|Shadow Ball|p1b: Sneasler
|-damage|p1b: Sneasler|0 fnt
|faint|p1b: Sneasler
|
|win|Gayangos
||mrhendawgy is ready for game 2.
||Gayangos is ready for game 2.
|uhtml|next|Next: Game 2 of 3
