|j|☆Darkan33
|j|☆AN555GEL
|html|Darkan33AN555GEL    
|uhtml|bestof|Game 1 of a best-of-3
|t:|1756396707
|gametype|doubles
|player|p1|Darkan33|veteran|1063
|player|p2|AN555GEL|101|1125
|gen|9
|tier|[Gen 9] VGC 2025 Reg H (Bo3)
|rated|
|rule|Species Clause: Limit one of each Pokémon
|rule|Item Clause: Limit 1 of each item
|clearpoke
|poke|p1|Kingdra, L50, M|
|poke|p1|Pelipper, L50, M|
|poke|p1|Garchomp, L50, M|
|poke|p1|Breloom, L50, M|
|poke|p1|Archaludon, L50, F|
|poke|p1|Grimmsnarl, L50, M|
|poke|p2|Rillaboom, L50, M|
|poke|p2|Sneasler, L50, F|
|poke|p2|Basculegion, L50, M|
|poke|p2|Ninetales-Alola, L50, F|
|poke|p2|Magmar, L50, F|
|poke|p2|Archaludon, L50, F|
|teampreview|4
|showteam|p1|Kingdra||LifeOrb|SwiftSwim|MuddyWater,DracoMeteor,Hurricane,Protect|||M|||50|,,,,,Stellar]Pelipper||CovertCloak|Drizzle|WeatherBall,Hurricane,WideGuard,Tailwind|||M|||50|,,,,,Ghost]Garchomp||LoadedDice|RoughSkin|ScaleShot,Protect,StompingTantrum,Earthquake|||M|||50|,,,,,Steel]Breloom||FocusSash|Technician|MachPunch,BulletSeed,Spore,Protect|||M|||50|,,,,,Steel]Archaludon||AssaultVest|Stamina|BodyPress,FlashCannon,ElectroShot,DragonPulse|||F|||50|,,,,,Grass]Grimmsnarl||LightClay|Prankster|LightScreen,Reflect,SpiritBreak,ThunderWave|||M|||50|,,,,,Ghost
|showteam|p2|Rillaboom||AssaultVest|GrassySurge|WoodHammer,GrassyGlide,FakeOut,HighHorsepower|||M|||50|,,,,,Fire]Sneasler||FocusSash|Unburden|DireClaw,CloseCombat,ThroatChop,Protect|||F|||50|,,,,,Stellar]Basculegion||ChoiceScarf|Adaptability|WaveCrash,LastRespects,AquaJet,FlipTurn|||M|||50|,,,,,Grass]Ninetales-Alola||IciclePlate|SnowWarning|Blizzard,FreezeDry,IcyWind,Protect|||F|||50|,,,,,Ice]Magmar||Eviolite|VitalSpirit|Flamethrower,Taunt,FollowMe,Protect|||F|||50|,,,,,Fairy]Archaludon||PowerHerb|Sturdy|ElectroShot,DragonPulse,Thunderbolt,Protect|||F|||50|,,,,,Electric
|inactive|Battle timer is ON: inactive players will automatically lose when time's up. (requested by AN555GEL)
|
|t:|1756396760
|teamsize|p1|4
|teamsize|p2|4
|start
|switch|p1a: Garchomp|Garchomp, L50, M|100/100
|switch|p1b: Breloom|Breloom, L50, M, shiny|100/100
|switch|p2a: Gooseberry|Basculegion, L50, M, shiny|100/100
|switch|p2b: Rillaboom|Rillaboom, L50, M, shiny|100/100
|-fieldstart|move: Grassy Terrain|[from] ability: Grassy Surge|[of] p2b: Rillaboom
|turn|1
|inactive|Darkan33 has 30 seconds left.
|inactive|AN555GEL has 30 seconds left.
|inactive|AN555GEL has 20 seconds left.
|
|t:|1756396798
|move|p1a: Garchomp|Protect|p1a: Garchomp
|-singleturn|p1a: Garchomp|Protect
|move|p2b: Rillaboom|Fake Out|p1b: Breloom
|-damage|p1b: Breloom|80/100
|move|p2a: Gooseberry|Flip Turn|p1a: Garchomp
|-activate|p1a: Garchomp|move: Protect
|cant|p1b: Breloom|flinch
|
|-heal|p1b: Breloom|85/100|[from] Grassy Terrain
|upkeep
|turn|2
|inactive|Darkan33 has 30 seconds left.
|inactive|AN555GEL has 30 seconds left.
|inactive|AN555GEL has 20 seconds left.
|inactive|Darkan33 has 20 seconds left.
|inactive|AN555GEL has 15 seconds left.
|inactive|Darkan33 has 15 seconds left.
|inactive|Darkan33 has 10 seconds left.
|
|t:|1756396848
|switch|p1a: Pelipper|Pelipper, L50, M, shiny|100/100
|-weather|RainDance|[from] ability: Drizzle|[of] p1a: Pelipper
|move|p2a: Gooseberry|Flip Turn|p1b: Breloom
|-resisted|p1b: Breloom
|-damage|p1b: Breloom|41/100
|
|t:|1756396856
|switch|p2a: Ninetales|Ninetales-Alola, L50, F, shiny|100/100|[from] Flip Turn
|-weather|Snowscape|[from] ability: Snow Warning|[of] p2a: Ninetales
|move|p1b: Breloom|Spore|p2a: Ninetales
|-status|p2a: Ninetales|slp|[from] move: Spore
|move|p2b: Rillaboom|High Horsepower|p1a: Pelipper
|-immune|p1a: Pelipper
|
|-weather|Snowscape|[upkeep]
|-heal|p1b: Breloom|47/100|[from] Grassy Terrain
|upkeep
|turn|3
|inactive|Darkan33 has 30 seconds left.
|inactive|AN555GEL has 30 seconds left.
|
|t:|1756396887
|switch|p1b: Archaludon|Archaludon, L50, F|100/100
|cant|p2a: Ninetales|slp
|move|p2b: Rillaboom|Wood Hammer|p1a: Pelipper
|-damage|p1a: Pelipper|5/100
|-damage|p2b: Rillaboom|78/100|[from] Recoil
|move|p1a: Pelipper|Weather Ball|p2b: Rillaboom
|-supereffective|p2b: Rillaboom
|-crit|p2b: Rillaboom
|-damage|p2b: Rillaboom|5/100
|
|-weather|Snowscape|[upkeep]
|-heal|p2b: Rillaboom|11/100|[from] Grassy Terrain
|upkeep
|turn|4
|inactive|Darkan33 has 30 seconds left.
|inactive|AN555GEL has 30 seconds left.
|
|t:|1756396916
|switch|p1a: Breloom|Breloom, L50, M, shiny|47/100
|cant|p2a: Ninetales|slp
|move|p2b: Rillaboom|High Horsepower|p1b: Archaludon
|-supereffective|p1b: Archaludon
|-damage|p1b: Archaludon|55/100
|-ability|p1b: Archaludon|Stamina|boost
|-boost|p1b: Archaludon|def|1
|move|p1b: Archaludon|Flash Cannon|p2a: Ninetales
|-supereffective|p2a: Ninetales
|-damage|p2a: Ninetales|0 fnt
|faint|p2a: Ninetales
|
|-weather|Snowscape|[upkeep]
|-heal|p1a: Breloom|53/100|[from] Grassy Terrain
|-heal|p2b: Rillaboom|17/100|[from] Grassy Terrain
|-heal|p1b: Archaludon|61/100|[from] Grassy Terrain
|upkeep
|
|t:|1756396923
|switch|p2a: Sneasler|Sneasler, L50, F, shiny|100/100
|turn|5
|inactive|Darkan33 has 30 seconds left.
|inactive|Darkan33 has 20 seconds left.
|inactive|Darkan33 has 15 seconds left.
|inactive|Darkan33 has 10 seconds left.
|inactive|Darkan33 has 5 seconds left.
|inactive|AN555GEL has 30 seconds left.
|
|t:|1756396984
|-terastallize|p2a: Sneasler|Stellar
|-terastallize|p1b: Archaludon|Grass
|move|p1a: Breloom|Mach Punch|p2b: Rillaboom
|-damage|p2b: Rillaboom|0 fnt
|faint|p2b: Rillaboom
|move|p2a: Sneasler|Dire Claw|p1b: Archaludon
|-supereffective|p1b: Archaludon
|-damage|p1b: Archaludon|1/100
|-ability|p1b: Archaludon|Stamina|boost
|-boost|p1b: Archaludon|def|1
|move|p1b: Archaludon|Flash Cannon|p2a: Sneasler
|-damage|p2a: Sneasler|52/100
|
|-weather|Snowscape|[upkeep]
|-heal|p2a: Sneasler|58/100|[from] Grassy Terrain
|-heal|p1a: Breloom|58/100|[from] Grassy Terrain
|-heal|p1b: Archaludon|7/100|[from] Grassy Terrain
|-fieldend|move: Grassy Terrain
|upkeep
|
|t:|1756396996
|switch|p2b: Gooseberry|Basculegion, L50, M, shiny|100/100
|turn|6
|inactive|AN555GEL has 30 seconds left.
|inactive|Darkan33 has 30 seconds left.
|
|t:|1756397038
|move|p2b: Gooseberry|Last Respects|p1a: Breloom
|-damage|p1a: Breloom|0 fnt
|faint|p1a: Breloom
|move|p2a: Sneasler|Dire Claw|p1b: Archaludon
|-supereffective|p1b: Archaludon
|-damage|p1b: Archaludon|0 fnt
|faint|p1b: Archaludon
|
|-weather|none
|upkeep
|
|t:|1756397043
|switch|p1a: Pelipper|Pelipper, L50, M, shiny|5/100
|switch|p1b: Garchomp|Garchomp, L50, M|100/100
|-weather|RainDance|[from] ability: Drizzle|[of] p1a: Pelipper
|turn|7
|
|t:|1756397065
|move|p2b: Gooseberry|Last Respects|p1b: Garchomp
|-damage|p1b: Garchomp|0 fnt
|faint|p1b: Garchomp
|move|p2a: Sneasler|Dire Claw|p1a: Pelipper
|-damage|p1a: Pelipper|0 fnt
|faint|p1a: Pelipper
|
|win|AN555GEL
