|j|☆minccino fan
|j|☆Poopylad
|html|minccino fanPoopylad    
|uhtml|bestof|Game 3 of a best-of-3
|t:|1756279052
|gametype|doubles
|player|p1|minccino fan|170|1187
|player|p2|Poopylad|1|1282
|gen|9
|tier|[Gen 9] VGC 2025 Reg H (Bo3)
|rated|
|rule|Species Clause: Limit one of each Pokémon
|rule|Item Clause: Limit 1 of each item
|clearpoke
|poke|p1|Charizard, L50, F|
|poke|p1|Torkoal, L50, M|
|poke|p1|Porygon2, L50|
|poke|p1|Incineroar, L50, M|
|poke|p1|Jumpluff, L50, M|
|poke|p1|Ursaluna, L50, F|
|poke|p2|Dragonite, L50, M|
|poke|p2|Annihilape, L50, M|
|poke|p2|Maushold-Four, L50|
|poke|p2|Goodra-Hisui, L50, F|
|poke|p2|Whimsicott, L50, M|
|poke|p2|Sneasler, L50, M|
|teampreview|4
|showteam|p1|Charizard||ChoiceSpecs|SolarPower|HeatWave,Overheat,WeatherBall,AirSlash|||F|||50|,,,,,Ghost]Torkoal||EjectPack|Drought|Eruption,Overheat,HelpingHand,Protect|||M|||50|,,,,,Fire]Porygon2||Eviolite|Download|TeraBlast,IceBeam,Recover,TrickRoom||||||50|,,,,,Fighting]Incineroar||SitrusBerry|Intimidate|FlareBlitz,KnockOff,FakeOut,PartingShot|||M|||50|,,,,,Ghost]Jumpluff||CovertCloak|Chlorophyll|SleepPowder,SunnyDay,RagePowder,Tailwind|||M|||50|,,,,,Water]Ursaluna||FlameOrb|Guts|HeadlongRush,Facade,Earthquake,Protect|||F|||50|,,,,,Ghost
|showteam|p2|Dragonite||LoadedDice|Multiscale|ScaleShot,Tailwind,Protect,ExtremeSpeed|||M|||50|,,,,,Fairy]Annihilape||Leftovers|Defiant|RageFist,DrainPunch,BulkUp,Protect|||M|||50|,,,,,Fire]Maushold-Four||SafetyGoggles|FriendGuard|Taunt,Protect,FollowMe,BeatUp||||||50|,,,,,Ghost]Goodra-Hisui||SitrusBerry|SapSipper|BodyPress,HeavySlam,LifeDew,Shelter|||F|||50|,,,,,Fighting]Whimsicott||CovertCloak|Prankster|Moonblast,LightScreen,Tailwind,Charm|||M|||50|,,,,,Water]Sneasler||FocusSash|Unburden|DireClaw,CloseCombat,Protect,Coaching|||M|||50|,,,,,Stellar
|inactive|Battle timer is ON: inactive players will automatically lose when time's up. (requested by minccino fan)
|
|t:|1756279076
|teamsize|p1|4
|teamsize|p2|4
|start
|switch|p1a: Charizard|Charizard, L50, F|100/100
|switch|p1b: Torkoal|Torkoal, L50, M|100/100
|switch|p2a: Whimsicott|Whimsicott, L50, M|100/100
|switch|p2b: Dragonite|Dragonite, L50, M|100/100
|-weather|SunnyDay|[from] ability: Drought|[of] p1b: Torkoal
|turn|1
|
|t:|1756279101
|move|p2a: Whimsicott|Tailwind|p2a: Whimsicott
|-sidestart|p2: Poopylad|move: Tailwind
|move|p2b: Dragonite|Scale Shot|p1a: Charizard
|-damage|p1a: Charizard|78/100
|-damage|p1a: Charizard|57/100
|-damage|p1a: Charizard|34/100
|-damage|p1a: Charizard|15/100
|-hitcount|p1a: Charizard|4
|-unboost|p2b: Dragonite|def|1
|-boost|p2b: Dragonite|spe|1
|move|p1a: Charizard|Heat Wave|p2b: Dragonite|[spread] p2a,p2b
|-supereffective|p2a: Whimsicott
|-resisted|p2b: Dragonite
|-damage|p2a: Whimsicott|0 fnt
|-damage|p2b: Dragonite|73/100
|faint|p2a: Whimsicott
|move|p1b: Torkoal|Overheat|p2b: Dragonite
|-resisted|p2b: Dragonite
|-damage|p2b: Dragonite|26/100
|-unboost|p1b: Torkoal|spa|2
|-enditem|p1b: Torkoal|Eject Pack
|inactive|minccino fan has 30 seconds left.
|
|t:|1756279129
|switch|p1b: Ursaluna|Ursaluna, L50, F|100/100
|
|-weather|SunnyDay|[upkeep]
|-damage|p1a: Charizard|2/100|[from] ability: Solar Power|[of] p1a: Charizard
|-status|p1b: Ursaluna|brn|[from] item: Flame Orb
|upkeep
|
|t:|1756279144
|switch|p2a: Annihilape|Annihilape, L50, M|100/100
|turn|2
|inactive|minccino fan has 30 seconds left.
|inactive|Poopylad has 30 seconds left.
|inactive|minccino fan has 20 seconds left.
|inactive|Poopylad has 20 seconds left.
|inactive|minccino fan has 15 seconds left.
|inactive|Poopylad has 15 seconds left.
|inactive|Poopylad has 10 seconds left.
|inactive|Poopylad has 5 seconds left.
|
|t:|1756279198
|-terastallize|p1b: Ursaluna|Ghost
|move|p2b: Dragonite|Extreme Speed|p1a: Charizard
|-damage|p1a: Charizard|0 fnt
|faint|p1a: Charizard
|move|p2a: Annihilape|Bulk Up|p2a: Annihilape
|-boost|p2a: Annihilape|atk|1
|-boost|p2a: Annihilape|def|1
|move|p1b: Ursaluna|Headlong Rush|p2a: Annihilape
|-damage|p2a: Annihilape|22/100
|-unboost|p1b: Ursaluna|def|1
|-unboost|p1b: Ursaluna|spd|1
|
|-weather|SunnyDay|[upkeep]
|-heal|p2a: Annihilape|28/100|[from] item: Leftovers
|-damage|p1b: Ursaluna|95/100 brn|[from] brn
|upkeep
|
|t:|1756279214
|switch|p1a: Jumpluff|Jumpluff, L50, M|100/100
|turn|3
|inactive|minccino fan has 30 seconds left.
|inactive|Poopylad has 30 seconds left.
|inactive|Poopylad has 20 seconds left.
|inactive|minccino fan has 20 seconds left.
|inactive|Poopylad has 15 seconds left.
|inactive|Poopylad has 10 seconds left.
|
|t:|1756279263
|switch|p2a: Maushold|Maushold-Four, L50|100/100
|move|p2b: Dragonite|Scale Shot|p1a: Jumpluff
|-damage|p1a: Jumpluff|83/100
|-damage|p1a: Jumpluff|65/100
|-damage|p1a: Jumpluff|46/100
|-damage|p1a: Jumpluff|28/100
|-hitcount|p1a: Jumpluff|4
|-unboost|p2b: Dragonite|def|1
|-boost|p2b: Dragonite|spe|1
|move|p1a: Jumpluff|Sleep Powder|p2a: Maushold
|-activate|p2a: Maushold|item: Safety Goggles|Sleep Powder
|move|p1b: Ursaluna|Facade|p2b: Dragonite
|-damage|p2b: Dragonite|0 fnt
|faint|p2b: Dragonite
|
|-weather|SunnyDay|[upkeep]
|-damage|p1b: Ursaluna|89/100 brn|[from] brn
|upkeep
|
|t:|1756279280
|switch|p2b: Annihilape|Annihilape, L50, M|28/100
|turn|4
|inactive|Poopylad has 30 seconds left.
|
|t:|1756279310
|move|p2a: Maushold|Taunt|p1a: Jumpluff
|-start|p1a: Jumpluff|move: Taunt
|cant|p1a: Jumpluff|move: Taunt|Tailwind
|move|p2b: Annihilape|Rage Fist|p1b: Ursaluna
|-supereffective|p1b: Ursaluna
|-damage|p1b: Ursaluna|0 fnt
|faint|p1b: Ursaluna
|
|-weather|SunnyDay|[upkeep]
|-heal|p2b: Annihilape|35/100|[from] item: Leftovers
|-sideend|p2: Poopylad|move: Tailwind
|upkeep
|
|t:|1756279323
|switch|p1b: Torkoal|Torkoal, L50, M|100/100
|turn|5
|
|t:|1756279333
|move|p2a: Maushold|Protect|p2a: Maushold
|-singleturn|p2a: Maushold|Protect
|move|p2b: Annihilape|Protect|p2b: Annihilape
|-singleturn|p2b: Annihilape|Protect
|-activate|p1a: Jumpluff|move: Struggle
|move|p1a: Jumpluff|Struggle|p2a: Maushold
|-activate|p2a: Maushold|move: Protect
|move|p1b: Torkoal|Eruption|p2b: Annihilape|[spread] 
|-activate|p2a: Maushold|move: Protect
|-activate|p2b: Annihilape|move: Protect
|
|-weather|none
|-heal|p2b: Annihilape|41/100|[from] item: Leftovers
|upkeep
|turn|6
|
|t:|1756279353
|-terastallize|p2b: Annihilape|Fire
|move|p2a: Maushold|Beat Up|p2b: Annihilape
|-damage|p2b: Annihilape|39/100
|-damage|p2b: Annihilape|37/100
|-hitcount|p2b: Annihilape|2
|-activate|p1a: Jumpluff|move: Struggle
|move|p1a: Jumpluff|Struggle|p2a: Maushold
|-damage|p2a: Maushold|92/100
|-damage|p1a: Jumpluff|3/100|[from] recoil
|move|p2b: Annihilape|Rage Fist|p1b: Torkoal
|-damage|p1b: Torkoal|30/100
|move|p1b: Torkoal|Overheat|p2a: Maushold
|-damage|p2a: Maushold|16/100
|-unboost|p1b: Torkoal|spa|2
|
|-heal|p2b: Annihilape|43/100|[from] item: Leftovers
|-end|p1a: Jumpluff|move: Taunt
|upkeep
|turn|7
|inactive|minccino fan has 30 seconds left.
|
|t:|1756279382
|move|p1a: Jumpluff|Rage Powder|p1a: Jumpluff
|-singleturn|p1a: Jumpluff|move: Rage Powder
|move|p2a: Maushold|Beat Up|p1a: Jumpluff
|-damage|p1a: Jumpluff|0 fnt
|faint|p1a: Jumpluff
|-hitcount|p1: Jumpluff|1
|move|p2b: Annihilape|Rage Fist|p1b: Torkoal
|-damage|p1b: Torkoal|0 fnt
|faint|p1b: Torkoal
|
|win|Poopylad
|raw|minccino fan's rating: 1187 → 1169(-18 for losing)
|raw|Poopylad's rating: 1282 → 1300(+18 for winning)
|l|☆Poopylad
|player|p2|
