|j|☆zoidbergnuts
|j|☆diddyblaster67
|html|zoidbergnutsdiddyblaster67    
|uhtml|bestof|Game 1 of a best-of-3
|t:|1785297880
|gametype|doubles
|player|p1|zoidbergnuts|101|
|player|p2|diddyblaster67|265|
|gen|9
|tier|[Gen 9 Champions] VGC 2026 Reg M-B (Bo3)
|rule|Species Clause: Limit one of each Pokémon
|rule|Item Clause: Limit 1 of each item
|clearpoke
|poke|p1|Pyroar, L50, M|
|poke|p1|Ninetales, L50, F|
|poke|p1|Serperior, L50, M|
|poke|p1|Greninja, L50, F|
|poke|p1|Hippowdon, L50, M|
|poke|p1|Snorlax, L50, M|
|poke|p2|Archaludon, L50, M|
|poke|p2|Pelipper, L50, F|
|poke|p2|Palafin, L50, F|
|poke|p2|Starmie, L50|
|poke|p2|Mamoswine, L50, M|
|poke|p2|Zoroark-Hisui, L50, M|
|teampreview|4
|showteam|p1|Pyroar||Pyroarite|Rivalry|HeatWave,Protect,Overheat,SolarBeam|Modest||M|||50|]Ninetales||HeatRock|Drought|Memento,HealingWish,Encore,WillOWisp|Jolly||F|||50|]Serperior||Leftovers|Contrary|LeafStorm,LeechSeed,Taunt,Substitute|Timid||M|||50|]Greninja||ChoiceScarf|Protean|RockSlide,GunkShot,IceBeam,Waterfall|Lonely||F|||50|]Hippowdon||LifeOrb|SandStream|RockSlide,SlackOff,Earthquake,Protect|Impish||M|||50|]Snorlax||SitrusBerry|ThickFat|Yawn,Fissure,Protect,BodySlam|Sassy||M|||50|
|showteam|p2|Archaludon||Leftovers|Stamina|ElectroShot,FlashCannon,DragonPulse,Protect|Modest||M|||50|]Pelipper||DampRock|Drizzle|Hurricane,WeatherBall,Tailwind,WideGuard|Modest||F|||50|]Palafin||MysticWater|ZerotoHero|WaveCrash,JetPunch,CloseCombat,Protect|Adamant||F|||50|]Starmie||Starminite|Illuminate|Liquidation,AquaJet,ZenHeadbutt,Protect|Jolly|||||50|]Mamoswine||FocusSash|Oblivious|HighHorsepower,IcicleCrash,IceShard,Protect|Adamant||M|||50|]Zoroark-Hisui||SilkScarf|Illusion|BitterMalice,HyperVoice,IcyWind,Protect|Timid||M|||50|
|j| brick michealson
|j| NutsToButts67
|
|t:|1785297893
|teamsize|p1|4
|teamsize|p2|4
|start
|switch|p1a: Pyroar|Pyroar, L50, M|100/100
|switch|p1b: Ninetales|Ninetales, L50, F|100/100
|switch|p2a: Archaludon|Archaludon, L50, M|100/100
|switch|p2b: Pelipper|Pelipper, L50, F|100/100
|-weather|SunnyDay|[from] ability: Drought|[of] p1b: Ninetales
|-weather|RainDance|[from] ability: Drizzle|[of] p2b: Pelipper
|turn|1
|
|t:|1785297936
|switch|p1b: Serperior|Serperior, L50, M|100/100
|detailschange|p1a: Pyroar|Pyroar-Mega, L50, M
|-mega|p1a: Pyroar|Pyroar|Pyroarite
|move|p1a: Pyroar|Protect|p1a: Pyroar
|-singleturn|p1a: Pyroar|Protect
|move|p2a: Archaludon|Electro Shot||[still]
|-prepare|p2a: Archaludon|Electro Shot
|-boost|p2a: Archaludon|spa|1
|-anim|p2a: Archaludon|Electro Shot|p1b: Serperior
|-resisted|p1b: Serperior|1
|-damage|p1b: Serperior|69/100
|move|p2b: Pelipper|Tailwind|p2b: Pelipper
|-sidestart|p2: diddyblaster67|move: Tailwind
|
|-weather|RainDance|[upkeep]
|-heal|p1b: Serperior|75/100|[from] item: Leftovers
|upkeep
|turn|2
|
|t:|1785297972
|switch|p1a: Greninja|Greninja, L50, F|100/100
|move|p2b: Pelipper|Wide Guard|p2b: Pelipper
|-singleturn|p2b: Pelipper|Wide Guard
|move|p2a: Archaludon|Electro Shot||[still]
|-prepare|p2a: Archaludon|Electro Shot
|-boost|p2a: Archaludon|spa|1
|-anim|p2a: Archaludon|Electro Shot|p1a: Greninja
|-supereffective|p1a: Greninja|1
|-damage|p1a: Greninja|0 fnt
|faint|p1a: Greninja
|move|p1b: Serperior|Leaf Storm|p2b: Pelipper
|-damage|p2b: Pelipper|35/100
|-boost|p1b: Serperior|spa|2
|
|-weather|RainDance|[upkeep]
|-heal|p1b: Serperior|81/100|[from] item: Leftovers
|upkeep
|
|t:|1785297991
|switch|p1a: Ninetales|Ninetales, L50, F|100/100
|-weather|SunnyDay|[from] ability: Drought|[of] p1a: Ninetales
|turn|3
|j| Cratter113
|
|t:|1785298021
|switch|p1b: Pyroar|Pyroar-Mega, L50, M|100/100
|switch|p2b: Starmie|Starmie, L50|100/100
|move|p2a: Archaludon|Protect|p2a: Archaludon
|-singleturn|p2a: Archaludon|Protect
|move|p1a: Ninetales|Memento|p2a: Archaludon
|-activate|p2a: Archaludon|move: Protect
|
|-weather|SunnyDay|[upkeep]
|upkeep
|turn|4
|
|t:|1785298065
|detailschange|p2b: Starmie|Starmie-Mega, L50
|-mega|p2b: Starmie|Starmie|Starminite
|move|p2b: Starmie|Liquidation|p1a: Ninetales
|-supereffective|p1a: Ninetales|1
|-damage|p1a: Ninetales|23/100
|move|p2a: Archaludon|Dragon Pulse|p1a: Ninetales
|-damage|p1a: Ninetales|0 fnt
|faint|p1a: Ninetales
|move|p1b: Pyroar|Solar Beam||[still]
|-prepare|p1b: Pyroar|Solar Beam
|-anim|p1b: Pyroar|Solar Beam|p2b: Starmie
|-supereffective|p2b: Starmie|1
|-damage|p2b: Starmie|0 fnt
|faint|p2b: Starmie
|
|-weather|SunnyDay|[upkeep]
|-sideend|p2: diddyblaster67|move: Tailwind
|upkeep
|
|t:|1785298085
|switch|p1a: Serperior|Serperior, L50, M|81/100
|switch|p2b: Pelipper|Pelipper, L50, F|35/100
|-weather|RainDance|[from] ability: Drizzle|[of] p2b: Pelipper
|turn|5
|
|t:|1785298127
|switch|p2b: Mamoswine|Mamoswine, L50, M|100/100
|move|p1a: Serperior|Leech Seed|p2a: Archaludon
|-start|p2a: Archaludon|move: Leech Seed
|move|p1b: Pyroar|Heat Wave|p2a: Archaludon|[spread] p2a,p2b
|-supereffective|p2b: Mamoswine|1
|-damage|p2a: Archaludon|52/100
|-damage|p2b: Mamoswine|14/100
|-ability|p2a: Archaludon|Stamina|boost
|-boost|p2a: Archaludon|def|1
|move|p2a: Archaludon|Electro Shot||[still]
|-prepare|p2a: Archaludon|Electro Shot
|-boost|p2a: Archaludon|spa|1
|-anim|p2a: Archaludon|Electro Shot|p1b: Pyroar
|-damage|p1b: Pyroar|0 fnt
|faint|p1b: Pyroar
|
|-weather|RainDance|[upkeep]
|-heal|p1a: Serperior|87/100|[from] item: Leftovers
|-heal|p2a: Archaludon|58/100|[from] item: Leftovers
|-damage|p2a: Archaludon|46/100|[from] Leech Seed|[of] p1a: Serperior
|-heal|p1a: Serperior|98/100|[silent]
|upkeep
|turn|6
|
|t:|1785298167
|switch|p2a: Pelipper|Pelipper, L50, F|35/100
|move|p1a: Serperior|Leaf Storm|p2b: Mamoswine
|-supereffective|p2b: Mamoswine|1
|-damage|p2b: Mamoswine|0 fnt
|-boost|p1a: Serperior|spa|2
|faint|p2b: Mamoswine
|
|-weather|RainDance|[upkeep]
|-heal|p1a: Serperior|100/100|[from] item: Leftovers
|upkeep
|
|t:|1785298176
|switch|p2b: Archaludon|Archaludon, L50, M|46/100
|turn|7
|
|t:|1785298183
|move|p1a: Serperior|Substitute|p1a: Serperior
|-start|p1a: Serperior|Substitute
|-damage|p1a: Serperior|75/100
|move|p2b: Archaludon|Electro Shot||[still]
|-prepare|p2b: Archaludon|Electro Shot
|-boost|p2b: Archaludon|spa|1
|-anim|p2b: Archaludon|Electro Shot|p1a: Serperior
|-resisted|p1a: Serperior|1
|-end|p1a: Serperior|Substitute
|move|p2a: Pelipper|Hurricane|p1a: Serperior
|-supereffective|p1a: Serperior|1
|-damage|p1a: Serperior|0 fnt
|faint|p1a: Serperior
|
|win|diddyblaster67
|inactive|zoidbergnuts has 30 seconds to confirm battle start!
|inactive|diddyblaster67 has 30 seconds to confirm battle start!
||diddyblaster67 is ready for game 2.
|inactive|zoidbergnuts has 20 seconds to confirm battle start!
