|j|☆dr_sugus_vgc
|j|☆metvgc
|html|dr_sugus_vgcmetvgc    
|uhtml|bestof|Game 2 of a best-of-3
|t:|1756464012
|gametype|doubles
|player|p1|dr_sugus_vgc|265|1188
|player|p2|metvgc|linebacker|1192
|gen|9
|tier|[Gen 9] VGC 2025 Reg H (Bo3)
|rated|
|rule|Species Clause: Limit one of each Pokémon
|rule|Item Clause: Limit 1 of each item
|clearpoke
|poke|p1|Politoed, L50, F|
|poke|p1|Gothitelle, L50, M|
|poke|p1|Incineroar, L50, F|
|poke|p1|Kingdra, L50, M|
|poke|p1|Amoonguss, L50, F|
|poke|p1|Archaludon, L50, F|
|poke|p2|Electabuzz, L50, F|
|poke|p2|Sneasler, L50, M|
|poke|p2|Volcarona, L50, F|
|poke|p2|Rillaboom, L50, M|
|poke|p2|Dragapult, L50, M|
|poke|p2|Incineroar, L50, F|
|teampreview|4
|showteam|p1|Politoed||Leftovers|Drizzle|Protect,WeatherBall,PerishSong,Encore|||F|||50|,,,,,Grass]Gothitelle||SitrusBerry|ShadowTag|Protect,Psychic,FakeOut,TrickRoom|||M|||50|,,,,,Dark]Incineroar||SafetyGoggles|Intimidate|Protect,KnockOff,FakeOut,PartingShot|||F|||50|,,,,,Ghost]Kingdra||LifeOrb|SwiftSwim|WeatherBall,DracoMeteor,MuddyWater,Protect|||M|||50|,,,,,Water]Amoonguss||EjectButton|Regenerator|Protect,RagePowder,PollenPuff,Spore|||F|||50|,,,,,Fairy]Archaludon||PowerHerb|Sturdy|DragonPulse,ElectroShot,FlashCannon,Protect|||F|||50|,,,,,Electric
|showteam|p2|Electabuzz||Eviolite|VitalSpirit|Electroweb,Taunt,Protect,FollowMe|||F|||50|,,,,,Fairy]Sneasler||FocusSash|PoisonTouch|DireClaw,CloseCombat,Coaching,FakeOut|||M|||50|,,,,,Ghost]Volcarona||CovertCloak|FlameBody|Protect,QuiverDance,HeatWave,GigaDrain|||F|||50|,,,,,Grass]Rillaboom||AssaultVest|GrassySurge|FakeOut,GrassyGlide,WoodHammer,Uturn|||M|||50|,,,,,Fire]Dragapult||ChoiceBand|ClearBody|DragonDarts,Outrage,PhantomForce,Uturn|||M|||50|,,,,,Dragon]Incineroar||SafetyGoggles|Intimidate|KnockOff,FlareBlitz,PartingShot,FakeOut|||F|||50|,,,,,Ghost
|inactive|Battle timer is ON: inactive players will automatically lose when time's up. (requested by dr_sugus_vgc)
|inactive|dr_sugus_vgc has 60 seconds left.
|
|t:|1756464052
|teamsize|p1|4
|teamsize|p2|4
|start
|switch|p1a: Incineroar|Incineroar, L50, F|100/100
|switch|p1b: Politoed|Politoed, L50, F|100/100
|switch|p2a: Rillaboom|Rillaboom, L50, M|100/100
|switch|p2b: Dragapult|Dragapult, L50, M|100/100
|-fieldstart|move: Grassy Terrain|[from] ability: Grassy Surge|[of] p2a: Rillaboom
|-weather|RainDance|[from] ability: Drizzle|[of] p1b: Politoed
|-ability|p1a: Incineroar|Intimidate|boost
|-unboost|p2a: Rillaboom|atk|1
|-fail|p2b: Dragapult|unboost|[from] ability: Clear Body|[of] p2b: Dragapult
|turn|1
|inactive|dr_sugus_vgc has 30 seconds left.
|
|t:|1756464085
|switch|p1b: Amoonguss|Amoonguss, L50, F|100/100
|move|p2a: Rillaboom|Fake Out|p1b: Amoonguss
|-crit|p1b: Amoonguss
|-damage|p1b: Amoonguss|86/100
|-enditem|p1b: Amoonguss|Eject Button
|
|t:|1756464099
|switch|p1b: Gothitelle|Gothitelle, L50, M|100/100
|move|p2b: Dragapult|U-turn|p1a: Incineroar
|-damage|p1a: Incineroar|69/100
|
|t:|1756464110
|switch|p2b: Volcarona|Volcarona, L50, F|100/100|[from] U-turn
|move|p1a: Incineroar|Knock Off|p2b: Volcarona
|-damage|p2b: Volcarona|57/100
|-enditem|p2b: Volcarona|Covert Cloak|[from] move: Knock Off|[of] p1a: Incineroar
|
|-weather|RainDance|[upkeep]
|-heal|p2b: Volcarona|63/100|[from] Grassy Terrain
|-heal|p1a: Incineroar|75/100|[from] Grassy Terrain
|upkeep
|turn|2
|inactive|dr_sugus_vgc has 30 seconds left.
|
|t:|1756464137
|move|p2b: Volcarona|Protect|p2b: Volcarona
|-singleturn|p2b: Volcarona|Protect
|move|p2a: Rillaboom|U-turn|p1b: Gothitelle
|-supereffective|p1b: Gothitelle
|-damage|p1b: Gothitelle|75/100
|
|t:|1756464142
|switch|p2a: Electabuzz|Electabuzz, L50, F|100/100|[from] U-turn
|move|p1a: Incineroar|Parting Shot|p2a: Electabuzz
|-unboost|p2a: Electabuzz|atk|1
|-unboost|p2a: Electabuzz|spa|1
|
|t:|1756464149
|switch|p1a: Politoed|Politoed, L50, F|100/100|[from] Parting Shot
|move|p1b: Gothitelle|Trick Room|p1b: Gothitelle
|-fieldstart|move: Trick Room|[of] p1b: Gothitelle
|
|-weather|RainDance|[upkeep]
|-heal|p1b: Gothitelle|81/100|[from] Grassy Terrain
|-heal|p2b: Volcarona|69/100|[from] Grassy Terrain
|upkeep
|turn|3
|inactive|dr_sugus_vgc has 30 seconds left.
|
|t:|1756464180
|move|p2a: Electabuzz|Follow Me|p2a: Electabuzz
|-singleturn|p2a: Electabuzz|move: Follow Me
|move|p1b: Gothitelle|Psychic|p2a: Electabuzz
|-damage|p2a: Electabuzz|77/100
|move|p1a: Politoed|Perish Song|p1a: Politoed
|-start|p1a: Politoed|perish3|[silent]
|-start|p1b: Gothitelle|perish3|[silent]
|-start|p2a: Electabuzz|perish3|[silent]
|-start|p2b: Volcarona|perish3|[silent]
|-fieldactivate|move: Perish Song
|move|p2b: Volcarona|Giga Drain|p1a: Politoed
|-supereffective|p1a: Politoed
|-damage|p1a: Politoed|58/100
|-heal|p2b: Volcarona|91/100|[from] drain|[of] p1a: Politoed
|
|-weather|RainDance|[upkeep]
|-heal|p1b: Gothitelle|87/100|[from] Grassy Terrain
|-heal|p1a: Politoed|64/100|[from] Grassy Terrain
|-heal|p1a: Politoed|70/100|[from] item: Leftovers
|-heal|p2b: Volcarona|97/100|[from] Grassy Terrain
|-heal|p2a: Electabuzz|83/100|[from] Grassy Terrain
|-start|p1b: Gothitelle|perish3
|-start|p1a: Politoed|perish3
|-start|p2b: Volcarona|perish3
|-start|p2a: Electabuzz|perish3
|upkeep
|turn|4
|
|t:|1756464203
|switch|p1a: Incineroar|Incineroar, L50, F|75/100
|-ability|p1a: Incineroar|Intimidate|boost
|-unboost|p2a: Electabuzz|atk|1
|-unboost|p2b: Volcarona|atk|1
|move|p1b: Gothitelle|Protect|p1b: Gothitelle
|-singleturn|p1b: Gothitelle|Protect
|move|p2b: Volcarona|Heat Wave|p1a: Incineroar|[spread] 
|-activate|p1b: Gothitelle|move: Protect
|-miss|p2b: Volcarona|p1a: Incineroar
|move|p2a: Electabuzz|Electroweb|p1a: Incineroar|[spread] p1a
|-activate|p1b: Gothitelle|move: Protect
|-damage|p1a: Incineroar|69/100
|-unboost|p1a: Incineroar|spe|1
|
|-weather|RainDance|[upkeep]
|-heal|p1a: Incineroar|75/100|[from] Grassy Terrain
|-heal|p1b: Gothitelle|93/100|[from] Grassy Terrain
|-heal|p2b: Volcarona|100/100|[from] Grassy Terrain
|-heal|p2a: Electabuzz|89/100|[from] Grassy Terrain
|-start|p1b: Gothitelle|perish2
|-start|p2b: Volcarona|perish2
|-start|p2a: Electabuzz|perish2
|upkeep
|turn|5
|inactive|dr_sugus_vgc has 30 seconds left.
|
|t:|1756464233
|move|p1a: Incineroar|Fake Out|p2b: Volcarona
|-damage|p2b: Volcarona|89/100
|move|p1b: Gothitelle|Psychic|p2b: Volcarona
|-damage|p2b: Volcarona|62/100
|cant|p2b: Volcarona|flinch
|move|p2a: Electabuzz|Taunt|p1b: Gothitelle
|-start|p1b: Gothitelle|move: Taunt
|
|-weather|none
|-heal|p1a: Incineroar|81/100|[from] Grassy Terrain
|-heal|p1b: Gothitelle|99/100|[from] Grassy Terrain
|-heal|p2b: Volcarona|69/100|[from] Grassy Terrain
|-heal|p2a: Electabuzz|95/100|[from] Grassy Terrain
|-start|p1b: Gothitelle|perish1
|-start|p2b: Volcarona|perish1
|-start|p2a: Electabuzz|perish1
|-fieldend|move: Grassy Terrain
|upkeep
|turn|6
|inactive|dr_sugus_vgc has 30 seconds left.
|
|t:|1756464261
|switch|p1b: Politoed|Politoed, L50, F|70/100
|-weather|RainDance|[from] ability: Drizzle|[of] p1b: Politoed
|move|p1a: Incineroar|Parting Shot|p2b: Volcarona
|-unboost|p2b: Volcarona|atk|1
|-unboost|p2b: Volcarona|spa|1
|
|t:|1756464270
|switch|p1a: Gothitelle|Gothitelle, L50, M|99/100|[from] Parting Shot
|move|p2b: Volcarona|Heat Wave|p1b: Politoed|[spread] p1a
|-miss|p2b: Volcarona|p1b: Politoed
|-damage|p1a: Gothitelle|93/100
|move|p2a: Electabuzz|Electroweb|p1a: Gothitelle|[spread] p1a,p1b
|-supereffective|p1b: Politoed
|-damage|p1a: Gothitelle|86/100
|-damage|p1b: Politoed|55/100
|-unboost|p1a: Gothitelle|spe|1
|-unboost|p1b: Politoed|spe|1
|
|-weather|RainDance|[upkeep]
|-heal|p1b: Politoed|61/100|[from] item: Leftovers
|-start|p2b: Volcarona|perish0
|-start|p2a: Electabuzz|perish0
|-fieldend|move: Trick Room
|upkeep
|faint|p2b: Volcarona
|faint|p2a: Electabuzz
|
|t:|1756464280
|switch|p2a: Rillaboom|Rillaboom, L50, M|100/100
|switch|p2b: Dragapult|Dragapult, L50, M|100/100
|-fieldstart|move: Grassy Terrain|[from] ability: Grassy Surge|[of] p2a: Rillaboom
|turn|7
|
|t:|1756464296
|switch|p1a: Incineroar|Incineroar, L50, F|81/100
|-ability|p1a: Incineroar|Intimidate|boost
|-unboost|p2a: Rillaboom|atk|1
|-fail|p2b: Dragapult|unboost|[from] ability: Clear Body|[of] p2b: Dragapult
|move|p1b: Politoed|Protect|p1b: Politoed
|-singleturn|p1b: Politoed|Protect
|move|p2b: Dragapult|Outrage|p1a: Incineroar
|-damage|p1a: Incineroar|0 fnt
|faint|p1a: Incineroar
|move|p2a: Rillaboom|Wood Hammer|p1b: Politoed
|-activate|p1b: Politoed|move: Protect
|
|-weather|RainDance|[upkeep]
|-heal|p1b: Politoed|67/100|[from] Grassy Terrain
|-heal|p1b: Politoed|73/100|[from] item: Leftovers
|upkeep
|
|t:|1756464313
|switch|p1a: Gothitelle|Gothitelle, L50, M|86/100
|turn|8
|
|t:|1756464326
|move|p1a: Gothitelle|Fake Out|p2a: Rillaboom
|-damage|p2a: Rillaboom|95/100
|move|p2b: Dragapult|Outrage|p1b: Politoed|[from] lockedmove
|-damage|p1b: Politoed|0 fnt
|faint|p1b: Politoed
|-start|p2b: Dragapult|confusion|[fatigue]
|cant|p2a: Rillaboom|flinch
|
|-weather|RainDance|[upkeep]
|-heal|p2a: Rillaboom|100/100|[from] Grassy Terrain
|-heal|p1a: Gothitelle|92/100|[from] Grassy Terrain
|upkeep
|
|t:|1756464336
|switch|p1b: Amoonguss|Amoonguss, L50, F|100/100
|turn|9
|
|t:|1756464350
|-terastallize|p2b: Dragapult|Dragon
|move|p1a: Gothitelle|Protect|p1a: Gothitelle
|-singleturn|p1a: Gothitelle|Protect
|-activate|p2b: Dragapult|confusion
|move|p2b: Dragapult|Outrage|p1a: Gothitelle
|-activate|p1a: Gothitelle|move: Protect
|move|p2a: Rillaboom|Wood Hammer|p1a: Gothitelle
|-activate|p1a: Gothitelle|move: Protect
|move|p1b: Amoonguss|Spore|p2b: Dragapult
|-status|p2b: Dragapult|slp|[from] move: Spore
|
|-weather|RainDance|[upkeep]
|-heal|p1a: Gothitelle|98/100|[from] Grassy Terrain
|upkeep
|turn|10
|
|t:|1756464374
|cant|p2b: Dragapult|slp
|move|p2a: Rillaboom|Wood Hammer|p1a: Gothitelle
|-damage|p1a: Gothitelle|52/100
|-damage|p2a: Rillaboom|87/100|[from] Recoil
|move|p1b: Amoonguss|Pollen Puff|p2a: Rillaboom
|-supereffective|p2a: Rillaboom
|-crit|p2a: Rillaboom
|-damage|p2a: Rillaboom|52/100
|move|p1a: Gothitelle|Trick Room|p1a: Gothitelle
|-fieldstart|move: Trick Room|[of] p1a: Gothitelle
|
|-weather|none
|-heal|p1a: Gothitelle|58/100|[from] Grassy Terrain
|-heal|p2a: Rillaboom|58/100|[from] Grassy Terrain
|upkeep
|turn|11
|inactive|dr_sugus_vgc has 30 seconds left.
|
|t:|1756464403
|move|p1b: Amoonguss|Pollen Puff|p1a: Gothitelle
|-heal|p1a: Gothitelle|100/100
|move|p1a: Gothitelle|Psychic|p2a: Rillaboom
|-damage|p2a: Rillaboom|40/100
|move|p2a: Rillaboom|Wood Hammer|p1a: Gothitelle
|-damage|p1a: Gothitelle|54/100
|-damage|p2a: Rillaboom|27/100|[from] Recoil
|cant|p2b: Dragapult|slp
|
|-heal|p1a: Gothitelle|60/100|[from] Grassy Terrain
|-heal|p2a: Rillaboom|33/100|[from] Grassy Terrain
|-fieldend|move: Grassy Terrain
|upkeep
|turn|12
|
|t:|1756464420
|-terastallize|p1b: Amoonguss|Fairy
|move|p1b: Amoonguss|Pollen Puff|p2a: Rillaboom
|-supereffective|p2a: Rillaboom
|-damage|p2a: Rillaboom|10/100
|move|p1a: Gothitelle|Psychic|p2a: Rillaboom
|-damage|p2a: Rillaboom|0 fnt
|faint|p2a: Rillaboom
|-curestatus|p2b: Dragapult|slp|[msg]
|-activate|p2b: Dragapult|confusion
|move|p2b: Dragapult|Outrage|p1a: Gothitelle
|-damage|p1a: Gothitelle|0 fnt
|faint|p1a: Gothitelle
|
|upkeep
|turn|13
|-message|metvgc forfeited.
|
|win|dr_sugus_vgc
|raw|dr_sugus_vgc's rating: 1188 → 1213(+25 for winning)
|raw|metvgc's rating: 1192 → 1167(-25 for losing)
|l|☆metvgc
|player|p2|
