|j|☆Delacruso
|j|☆Crownlessk1ng
|html|DelacrusoCrownlessk1ng    
|uhtml|bestof|Game 3 of a best-of-3
|t:|1783151937
|gametype|doubles
|player|p1|Delacruso|red|1113
|player|p2|Crownlessk1ng|1|1078
|gen|9
|tier|[Gen 9 Champions] VGC 2026 Reg M-B (Bo3)
|rated|
|rule|Species Clause: Limit one of each Pokémon
|rule|Item Clause: Limit 1 of each item
|clearpoke
|poke|p1|Charizard, L50, M, shiny|
|poke|p1|Garchomp, L50, M, shiny|
|poke|p1|Kingambit, L50, M, shiny|
|poke|p1|Sylveon, L50, M|
|poke|p1|Whimsicott, L50, M, shiny|
|poke|p1|Basculegion, L50, M, shiny|
|poke|p2|Garchomp, L50, M|
|poke|p2|Kingambit, L50, M, shiny|
|poke|p2|Sylveon, L50, F, shiny|
|poke|p2|Basculegion, L50, M, shiny|
|poke|p2|Charizard, L50, M, shiny|
|poke|p2|Whimsicott, L50, F|
|teampreview|4
|showteam|p1|Charizard||CharizarditeY|SolarPower|HeatWave,SolarBeam,ScorchingSands,Protect|Modest||M|||50|]Garchomp||LifeOrb|RoughSkin|Earthquake,DragonClaw,RockSlide,Protect|Jolly||M|||50|]Kingambit||BlackGlasses|Defiant|SuckerPunch,KowtowCleave,Protect,IronHead|Adamant||M|||50|]Sylveon||FairyFeather|Pixilate|HyperVoice,QuickAttack,HyperBeam,Protect|Modest||M|||50|]Whimsicott||FocusSash|Prankster|Moonblast,Tailwind,Encore,SunnyDay|Timid||M|||50|]Basculegion||ChoiceScarf|Adaptability|LastRespects,AquaJet,WaveCrash,FlipTurn|Jolly||M|||50|
|showteam|p2|Garchomp||LifeOrb|RoughSkin|Protect,DragonClaw,Earthquake,RockSlide|Jolly||M|||50|]Kingambit||ChopleBerry|Defiant|KowtowCleave,IronHead,Protect,SuckerPunch|Adamant||M|||50|]Sylveon||FairyFeather|Pixilate|HyperVoice,Detect,QuickAttack,HyperBeam|Modest||F|||50|]Basculegion||ChoiceScarf|Adaptability|WaveCrash,FlipTurn,AquaJet,LastRespects|Jolly||M|||50|]Charizard||CharizarditeY|Blaze|Protect,HeatWave,SolarBeam,WeatherBall|Modest||M|||50|]Whimsicott||FocusSash|Prankster|Moonblast,Protect,Tailwind,Encore|Timid||F|||50|
|inactive|Battle timer is ON: inactive players will automatically lose when time's up. (requested by Delacruso)
|inactive|Delacruso has 60 seconds left.
|inactive|Crownlessk1ng has 60 seconds left.
|
|t:|1783151982
|teamsize|p1|4
|teamsize|p2|4
|start
|switch|p1a: Whimsicott|Whimsicott, L50, M, shiny|100/100
|switch|p1b: Sylveon|Sylveon, L50, M|100/100
|switch|p2a: Whimsicott|Whimsicott, L50, F|100/100
|switch|p2b: Sylveon|Sylveon, L50, F, shiny|100/100
|turn|1
|
|t:|1783152006
|move|p1a: Whimsicott|Tailwind|p1a: Whimsicott
|-sidestart|p1: Delacruso|move: Tailwind
|move|p1b: Sylveon|Hyper Beam|p2b: Sylveon
|-damage|p2b: Sylveon|28/100
|-mustrecharge|p1b: Sylveon
|move|p2a: Whimsicott|Moonblast|p1a: Whimsicott
|-damage|p1a: Whimsicott|42/100
|move|p2b: Sylveon|Hyper Voice|p1a: Whimsicott|[spread] p1a,p1b
|-damage|p1a: Whimsicott|0 fnt
|-damage|p1b: Sylveon|59/100
|faint|p1a: Whimsicott
|
|upkeep
|
|t:|1783152024
|switch|p1a: Kingambit|Kingambit, L50, M, shiny|100/100
|turn|2
|
|t:|1783152046
|switch|p2b: Charizard|Charizard, L50, M, shiny|100/100
|move|p2a: Whimsicott|Tailwind|p2a: Whimsicott
|-sidestart|p2: Crownlessk1ng|move: Tailwind
|cant|p1b: Sylveon|recharge
|move|p1a: Kingambit|Iron Head|p2a: Whimsicott
|-supereffective|p2a: Whimsicott|1
|-enditem|p2a: Whimsicott|Focus Sash
|-damage|p2a: Whimsicott|1/100
|
|upkeep
|turn|3
|inactive|Delacruso has 30 seconds left.
|inactive|Crownlessk1ng has 30 seconds left.
|
|t:|1783152087
|switch|p1a: Garchomp|Garchomp, L50, M, shiny|100/100
|move|p2a: Whimsicott|Encore|p1b: Sylveon
|-start|p1b: Sylveon|Encore
|move|p2b: Charizard|Heat Wave|p1b: Sylveon|[spread] p1a,p1b
|-resisted|p1a: Garchomp|1
|-damage|p1a: Garchomp|83/100
|-damage|p1b: Sylveon|32/100
|move|p1b: Sylveon|Hyper Beam|p2a: Whimsicott
|-damage|p2a: Whimsicott|0 fnt
|-mustrecharge|p1b: Sylveon
|faint|p2a: Whimsicott
|
|upkeep
|
|t:|1783152097
|switch|p2a: Garchomp|Garchomp, L50, M|100/100
|turn|4
|inactive|Crownlessk1ng has 30 seconds left.
|
|t:|1783152132
|switch|p2b: Sylveon|Sylveon, L50, F, shiny|28/100
|move|p2a: Garchomp|Protect|p2a: Garchomp
|-singleturn|p2a: Garchomp|Protect
|move|p1a: Garchomp|Dragon Claw|p2a: Garchomp
|-activate|p2a: Garchomp|move: Protect
|cant|p1b: Sylveon|recharge
|
|-sideend|p1: Delacruso|move: Tailwind
|upkeep
|turn|5
|inactive|Delacruso has 30 seconds left.
|
|t:|1783152164
|switch|p1b: Kingambit|Kingambit, L50, M, shiny|100/100
|move|p1a: Garchomp|Protect|p1a: Garchomp
|-singleturn|p1a: Garchomp|Protect
|move|p2a: Garchomp|Dragon Claw|p1a: Garchomp
|-activate|p1a: Garchomp|move: Protect
|move|p2b: Sylveon|Hyper Voice|p1a: Garchomp|[spread] p1b
|-activate|p1a: Garchomp|move: Protect
|-damage|p1b: Kingambit|55/100
|
|-sideend|p2: Crownlessk1ng|move: Tailwind
|upkeep
|turn|6
|inactive|Delacruso has 30 seconds left.
|inactive|Crownlessk1ng has 30 seconds left.
|
|t:|1783152203
|move|p2b: Sylveon|Detect|p2b: Sylveon
|-singleturn|p2b: Sylveon|Protect
|move|p1b: Kingambit|Sucker Punch||[still]
|-fail|p1b: Kingambit
|move|p2a: Garchomp|Earthquake|p1a: Garchomp|[spread] p1a,p1b
|-activate|p2b: Sylveon|move: Protect
|-supereffective|p1b: Kingambit|1
|-damage|p1a: Garchomp|34/100
|-damage|p1b: Kingambit|0 fnt
|faint|p1b: Kingambit
|-damage|p2a: Garchomp|90/100|[from] item: Life Orb
|move|p1a: Garchomp|Dragon Claw|p2a: Garchomp
|-supereffective|p2a: Garchomp|1
|-damage|p2a: Garchomp|0 fnt
|-damage|p1a: Garchomp|22/100|[from] ability: Rough Skin|[of] p2a: Garchomp
|faint|p2a: Garchomp
|-damage|p1a: Garchomp|12/100|[from] item: Life Orb
|
|upkeep
|
|t:|1783152220
|switch|p2a: Charizard|Charizard, L50, M, shiny|100/100
|switch|p1b: Sylveon|Sylveon, L50, M|32/100
|turn|7
|
|t:|1783152232
|detailschange|p2a: Charizard|Charizard-Mega-Y, L50, M, shiny
|-mega|p2a: Charizard|Charizard|Charizardite Y
|-weather|SunnyDay|[from] ability: Drought|[of] p2a: Charizard
|move|p2b: Sylveon|Quick Attack|p1a: Garchomp
|-supereffective|p1a: Garchomp|1
|-damage|p1a: Garchomp|0 fnt
|-damage|p2b: Sylveon|15/100|[from] ability: Rough Skin|[of] p1a: Garchomp
|faint|p1a: Garchomp
|move|p2a: Charizard|Weather Ball|p1b: Sylveon
|-damage|p1b: Sylveon|0 fnt
|faint|p1b: Sylveon
|
|win|Crownlessk1ng
|raw|Delacruso's rating: 1113 → 1085(-28 for losing)
|raw|Crownlessk1ng's rating: 1078 → 1109(+31 for winning)
