|j|☆Sabasvgc
|j|☆Professor_J93
|html|SabasvgcProfessor_J93    
|uhtml|bestof|Game 1 of a best-of-3
|t:|1757739975
|gametype|doubles
|player|p1|Sabasvgc|169|1298
|player|p2|Professor_J93|n|1230
|gen|9
|tier|[Gen 9] VGC 2025 Reg H (Bo3)
|rated|
|rule|Species Clause: Limit one of each Pokémon
|rule|Item Clause: Limit 1 of each item
|clearpoke
|poke|p1|Dondozo, L50, F|
|poke|p1|Tatsugiri-Droopy, L50, F|
|poke|p1|Slaking, L50, M|
|poke|p1|Weezing, L50, F|
|poke|p1|Garchomp, L50, M|
|poke|p1|Kilowattrel, L50, M|
|poke|p2|Decidueye-Hisui, L50, M|
|poke|p2|Electabuzz, L50, M|
|poke|p2|Yanmega, L50, M|
|poke|p2|Chandelure, L50, M|
|poke|p2|Metagross, L50|
|poke|p2|Palafin, L50, M|
|teampreview|4
|showteam|p1|Dondozo||Leftovers|Unaware|Protect,OrderUp,BodyPress,RockSlide|||F|||50|,,,,,Grass]Tatsugiri-Droopy||ChoiceScarf|Commander|HelpingHand,IcyWind,MuddyWater,DracoMeteor|||F|||50|,,,,,Steel]Slaking||SitrusBerry|Truant|PlayRough,HighHorsepower,KnockOff,Protect|||M|||50|,,,,,Fairy]Weezing||RockyHelmet|NeutralizingGas|Protect,Taunt,WillOWisp,SludgeBomb|||F|||50|,,,,,Flying]Garchomp||LifeOrb|RoughSkin|Earthquake,StompingTantrum,DragonClaw,Protect|||M|||50|,,,,,Ground]Kilowattrel||FocusSash|Competitive|Discharge,Tailwind,AirSlash,Protect|||M|||50|,,,,,Ghost
|showteam|p2|Decidueye-Hisui||ScopeLens|Scrappy|TripleArrows,LeafBlade,Haze,Protect|||M|||50|,,,,,Fire]Electabuzz||Eviolite|VitalSpirit|Electroweb,FollowMe,Taunt,Thunderbolt|||M|||50|,,,,,Dragon]Yanmega||FocusSash|SpeedBoost|AirSlash,BugBuzz,Tailwind,Protect|||M|||50|,,,,,Ghost]Chandelure||FlamePlate|FlashFire|ShadowBall,HeatWave,TrickRoom,Protect|||M|||50|,,,,,Grass]Metagross||AssaultVest|ClearBody|HeavySlam,PsychicFangs,KnockOff,BulletPunch||||||50|,,,,,Dark]Palafin||LifeOrb|ZerotoHero|JetPunch,WaveCrash,Encore,Protect|||M|||50|,,,,,Water
|inactive|Battle timer is ON: inactive players will automatically lose when time's up. (requested by Professor_J93)
|l|☆Sabasvgc
|inactive|Sabasvgc disconnected and has a minute to reconnect!
|player|p1|
|inactive|Professor_J93 has 60 seconds left.
|j|☆Sabasvgc
|inactive|Sabasvgc reconnected and has 55 seconds left.
|player|p1|Sabasvgc|169|
|inactive|Sabasvgc has 30 seconds left.
|inactive|Sabasvgc has 20 seconds left.
|
|t:|1757740047
|teamsize|p1|4
|teamsize|p2|4
|start
|switch|p1a: Slaking|Slaking, L50, M, shiny|100/100
|switch|p1b: Weezing|Weezing, L50, F, shiny|100/100
|switch|p2a: ElectaGOAT|Electabuzz, L50, M, shiny|100/100
|switch|p2b: Palafin|Palafin, L50, M|100/100
|-ability|p1b: Weezing|Neutralizing Gas
|turn|1
|inactive|Sabasvgc has 30 seconds left.
|
|t:|1757740077
|move|p2b: Palafin|Protect|p2b: Palafin
|-singleturn|p2b: Palafin|Protect
|move|p2a: ElectaGOAT|Electroweb|p1b: Weezing|[spread] p1a,p1b
|-damage|p1a: Slaking|84/100
|-damage|p1b: Weezing|88/100
|-unboost|p1a: Slaking|spe|1
|-unboost|p1b: Weezing|spe|1
|move|p1a: Slaking|Knock Off|p2b: Palafin
|-activate|p2b: Palafin|move: Protect
|move|p1b: Weezing|Taunt|p2a: ElectaGOAT
|-start|p2a: ElectaGOAT|move: Taunt
|
|upkeep
|turn|2
|
|t:|1757740100
|detailschange|p2b: Palafin|Palafin-Hero, L50, M
|switch|p2b: Metagross|Metagross, L50, shiny|100/100
|move|p1b: Weezing|Protect|p1b: Weezing
|-singleturn|p1b: Weezing|Protect
|move|p2a: ElectaGOAT|Electroweb|p1a: Slaking|[spread] p1a
|-activate|p1b: Weezing|move: Protect
|-damage|p1a: Slaking|68/100
|-unboost|p1a: Slaking|spe|1
|move|p1a: Slaking|High Horsepower|p2a: ElectaGOAT
|-supereffective|p2a: ElectaGOAT
|-damage|p2a: ElectaGOAT|13/100
|
|upkeep
|turn|3
|
|t:|1757740122
|move|p2a: ElectaGOAT|Thunderbolt|p1b: Weezing
|-damage|p1b: Weezing|56/100
|move|p2b: Metagross|Psychic Fangs|p1b: Weezing
|-supereffective|p1b: Weezing
|-crit|p1b: Weezing
|-damage|p1b: Weezing|0 fnt
|-damage|p2b: Metagross|84/100|[from] item: Rocky Helmet|[of] p1b: Weezing
|faint|p1b: Weezing
|-end|p1b: Weezing|ability: Neutralizing Gas
|move|p1a: Slaking|Knock Off|p2b: Metagross
|-supereffective|p2b: Metagross
|-damage|p2b: Metagross|17/100
|-enditem|p2b: Metagross|Assault Vest|[from] move: Knock Off|[of] p1a: Slaking
|
|upkeep
|
|t:|1757740139
|switch|p1b: Dondozo|Dondozo, L50, F, shiny|100/100
|turn|4
|
|t:|1757740161
|switch|p2b: Ullr|Decidueye-Hisui, L50, M, shiny|100/100
|switch|p1a: Tatsugiri|Tatsugiri-Droopy, L50, F, shiny|100/100
|-activate|p1a: Tatsugiri|ability: Commander|[of] p1b: Dondozo
|-boost|p1b: Dondozo|atk|2
|-boost|p1b: Dondozo|spa|2
|-boost|p1b: Dondozo|spe|2
|-boost|p1b: Dondozo|def|2
|-boost|p1b: Dondozo|spd|2
|move|p2a: ElectaGOAT|Electroweb|p1b: Dondozo|[spread] p1b
|-miss|p2a: ElectaGOAT|p1a: Tatsugiri
|-supereffective|p1b: Dondozo
|-damage|p1b: Dondozo|91/100
|-unboost|p1b: Dondozo|spe|1
|move|p1b: Dondozo|Body Press|p2a: ElectaGOAT
|-damage|p2a: ElectaGOAT|0 fnt
|faint|p2a: ElectaGOAT
|
|-heal|p1b: Dondozo|97/100|[from] item: Leftovers
|upkeep
|
|t:|1757740180
|switch|p2a: Metagross|Metagross, L50, shiny|17/100
|turn|5
|
|t:|1757740190
|move|p2b: Ullr|Haze|p2b: Ullr
|-clearallboost
|move|p2a: Metagross|Knock Off|p1b: Dondozo
|-damage|p1b: Dondozo|76/100
|-enditem|p1b: Dondozo|Leftovers|[from] move: Knock Off|[of] p2a: Metagross
|move|p1b: Dondozo|Body Press|p2a: Metagross
|-damage|p2a: Metagross|0 fnt
|faint|p2a: Metagross
|
|upkeep
|
|t:|1757740201
|switch|p2a: Palafin|Palafin-Hero, L50, M|100/100
|-activate|p2a: Palafin|ability: Zero to Hero
|turn|6
|
|t:|1757740222
|move|p2a: Palafin|Protect|p2a: Palafin
|-singleturn|p2a: Palafin|Protect
|move|p2b: Ullr|Leaf Blade|p1b: Dondozo
|-supereffective|p1b: Dondozo
|-damage|p1b: Dondozo|20/100
|move|p1b: Dondozo|Order Up|p2a: Palafin
|-activate|p2a: Palafin|move: Protect
|
|upkeep
|turn|7
|
|t:|1757740234
|move|p2a: Palafin|Jet Punch|p1b: Dondozo
|-resisted|p1b: Dondozo
|-damage|p1b: Dondozo|5/100
|-damage|p2a: Palafin|91/100|[from] item: Life Orb
|move|p2b: Ullr|Triple Arrows|p1b: Dondozo
|-damage|p1b: Dondozo|0 fnt
|faint|p1b: Dondozo
|
|upkeep
|
|t:|1757740241
|switch|p1b: Slaking|Slaking, L50, M, shiny|68/100
|turn|8
|
|t:|1757740255
|move|p2a: Palafin|Protect|p2a: Palafin
|-singleturn|p2a: Palafin|Protect
|move|p2b: Ullr|Protect|p2b: Ullr
|-singleturn|p2b: Ullr|Protect
|move|p1a: Tatsugiri|Icy Wind|p2b: Ullr|[spread] 
|-activate|p2a: Palafin|move: Protect
|-activate|p2b: Ullr|move: Protect
|move|p1b: Slaking|Play Rough|p2a: Palafin
|-activate|p2a: Palafin|move: Protect
|
|upkeep
|turn|9
|
|t:|1757740272
|-terastallize|p2a: Palafin|Water
|move|p1a: Tatsugiri|Icy Wind|p2b: Ullr|[spread] p2a,p2b
|-resisted|p2a: Palafin
|-supereffective|p2b: Ullr
|-damage|p2a: Palafin|83/100
|-damage|p2b: Ullr|72/100
|-unboost|p2a: Palafin|spe|1
|-unboost|p2b: Ullr|spe|1
|cant|p1b: Slaking|ability: Truant
|move|p2a: Palafin|Wave Crash|p1a: Tatsugiri
|-resisted|p1a: Tatsugiri
|-damage|p1a: Tatsugiri|41/100
|-damage|p2a: Palafin|67/100|[from] Recoil
|-damage|p2a: Palafin|57/100|[from] item: Life Orb
|move|p2b: Ullr|Triple Arrows|p1a: Tatsugiri
|-crit|p1a: Tatsugiri
|-damage|p1a: Tatsugiri|0 fnt
|faint|p1a: Tatsugiri
|
|upkeep
|turn|10
|-message|Sabasvgc forfeited.
|
|win|Professor_J93
|l|☆Sabasvgc
|player|p1|
||Professor_J93 is ready for game 2.
||Sabasvgc is ready for game 2.
|uhtml|next|Next: Game 2 of 3
|l|☆Professor_J93
|player|p2|
