|j|☆certified urgl
|j|☆bouledefeu
|html|certified urglbouledefeu    
|uhtml|bestof|Game 2 of a best-of-3
|t:|1756551349
|gametype|doubles
|player|p1|certified urgl|102|1296
|player|p2|bouledefeu|bugcatcher-gen4dp|1226
|gen|9
|tier|[Gen 9] VGC 2025 Reg H (Bo3)
|rated|
|rule|Species Clause: Limit one of each Pokémon
|rule|Item Clause: Limit 1 of each item
|clearpoke
|poke|p1|Gholdengo, L50|
|poke|p1|Sneasler, L50, M|
|poke|p1|Rillaboom, L50, F|
|poke|p1|Dragonite, L50, F|
|poke|p1|Ninetales-Alola, L50, F|
|poke|p1|Arcanine-Hisui, L50, F|
|poke|p2|Sneasler, L50, M|
|poke|p2|Basculegion, L50, M|
|poke|p2|Pelipper, L50, M|
|poke|p2|Kingambit, L50, F|
|poke|p2|Archaludon, L50, F|
|poke|p2|Maushold, L50|
|teampreview|4
|showteam|p1|Gholdengo||GrassySeed|GoodasGold|NastyPlot,MakeItRain,ShadowBall,Protect||||||50|,,,,,Dragon]Sneasler||WhiteHerb|Unburden|CloseCombat,DireClaw,Coaching,Protect|||M|||50|,,,,,Ghost]Rillaboom||AssaultVest|GrassySurge|FakeOut,GrassyGlide,DrumBeating,HighHorsepower|||F|||50|,,,,,Fire]Dragonite||LoadedDice|Multiscale|ScaleShot,StompingTantrum,Tailwind,Protect|||F|||50|,,,,,Ground]Ninetales-Alola||FocusSash|SnowWarning|Blizzard,IcyWind,Encore,AuroraVeil|||F|||50|,,,,,Ghost]Arcanine-Hisui||ClearAmulet|Intimidate|RockSlide,FlareBlitz,ExtremeSpeed,Protect|||F|||50|,,,,,Water
|showteam|p2|Sneasler||FocusSash|Unburden|CloseCombat,DireClaw,FakeOut,Protect|||M|||50|,,,,,Stellar]Basculegion||ChoiceBand|SwiftSwim|FlipTurn,WaveCrash,AquaJet,LastRespects|||M|||50|,,,,,Grass]Pelipper||CovertCloak|Drizzle|WeatherBall,Tailwind,Hurricane,Protect|||M|||50|,,,,,Electric]Kingambit||BlackGlasses|Defiant|KowtowCleave,SuckerPunch,SwordsDance,Protect|||F|||50|,,,,,Dark]Archaludon||AssaultVest|Stamina|DracoMeteor,ElectroShot,FlashCannon,BodyPress|||F|||50|,,,,,Grass]Maushold||SafetyGoggles|FriendGuard|FollowMe,Taunt,BeatUp,Protect||||||50|,,,,,Fairy
|inactive|Battle timer is ON: inactive players will automatically lose when time's up. (requested by certified urgl)
|inactive|certified urgl has 60 seconds left.
|
|t:|1756551391
|teamsize|p1|4
|teamsize|p2|4
|start
|switch|p1a: Rillaboom|Rillaboom, L50, F|100/100
|switch|p1b: Gholdengo|Gholdengo, L50|100/100
|switch|p2a: Sneasler|Sneasler, L50, M|100/100
|switch|p2b: Basculegion|Basculegion, L50, M|100/100
|-fieldstart|move: Grassy Terrain|[from] ability: Grassy Surge|[of] p1a: Rillaboom
|-enditem|p1b: Gholdengo|Grassy Seed
|-boost|p1b: Gholdengo|def|1|[from] item: Grassy Seed
|turn|1
|inactive|certified urgl has 30 seconds left.
|inactive|bouledefeu has 30 seconds left.
|
|t:|1756551422
|-terastallize|p2b: Basculegion|Grass
|move|p2a: Sneasler|Fake Out|p1a: Rillaboom
|-damage|p1a: Rillaboom|85/100
|cant|p1a: Rillaboom|flinch
|move|p1b: Gholdengo|Nasty Plot|p1b: Gholdengo
|-boost|p1b: Gholdengo|spa|2
|move|p2b: Basculegion|Wave Crash|p1b: Gholdengo
|-damage|p1b: Gholdengo|41/100
|-damage|p2b: Basculegion|81/100|[from] Recoil
|
|-heal|p1a: Rillaboom|91/100|[from] Grassy Terrain
|-heal|p1b: Gholdengo|47/100|[from] Grassy Terrain
|-heal|p2b: Basculegion|87/100|[from] Grassy Terrain
|upkeep
|turn|2
|inactive|certified urgl has 30 seconds left.
|
|t:|1756551451
|switch|p2b: Archaludon|Archaludon, L50, F|100/100
|move|p2a: Sneasler|Dire Claw|p1a: Rillaboom
|-supereffective|p1a: Rillaboom
|-damage|p1a: Rillaboom|2/100
|-status|p1a: Rillaboom|slp
|cant|p1a: Rillaboom|slp
|move|p1b: Gholdengo|Make It Rain|p2b: Archaludon|[spread] p2a,p2b
|-resisted|p2b: Archaludon
|-enditem|p2a: Sneasler|Focus Sash
|-damage|p2a: Sneasler|1/100
|-damage|p2b: Archaludon|69/100
|-unboost|p1b: Gholdengo|spa|1
|-ability|p2b: Archaludon|Stamina|boost
|-boost|p2b: Archaludon|def|1
|
|-heal|p2a: Sneasler|7/100|[from] Grassy Terrain
|-heal|p1a: Rillaboom|8/100 slp|[from] Grassy Terrain
|-heal|p1b: Gholdengo|54/100|[from] Grassy Terrain
|-heal|p2b: Archaludon|75/100|[from] Grassy Terrain
|upkeep
|turn|3
|
|t:|1756551473
|switch|p2a: Pelipper|Pelipper, L50, M|100/100
|-weather|RainDance|[from] ability: Drizzle|[of] p2a: Pelipper
|move|p1b: Gholdengo|Protect|p1b: Gholdengo
|-singleturn|p1b: Gholdengo|Protect
|cant|p1a: Rillaboom|slp
|move|p2b: Archaludon|Electro Shot||[still]
|-prepare|p2b: Archaludon|Electro Shot
|-boost|p2b: Archaludon|spa|1
|-anim|p2b: Archaludon|Electro Shot|p1b: Gholdengo
|-activate|p1b: Gholdengo|move: Protect
|
|-weather|RainDance|[upkeep]
|-heal|p1a: Rillaboom|14/100 slp|[from] Grassy Terrain
|-heal|p1b: Gholdengo|60/100|[from] Grassy Terrain
|-heal|p2b: Archaludon|81/100|[from] Grassy Terrain
|upkeep
|turn|4
|
|t:|1756551486
|switch|p1a: Ninetales|Ninetales-Alola, L50, F|100/100
|-weather|Snowscape|[from] ability: Snow Warning|[of] p1a: Ninetales
|move|p1b: Gholdengo|Nasty Plot|p1b: Gholdengo
|-boost|p1b: Gholdengo|spa|2
|move|p2b: Archaludon|Electro Shot||[still]
|-prepare|p2b: Archaludon|Electro Shot
|-boost|p2b: Archaludon|spa|1
|move|p2a: Pelipper|Tailwind|p2a: Pelipper
|-sidestart|p2: bouledefeu|move: Tailwind
|
|-weather|Snowscape|[upkeep]
|-heal|p2b: Archaludon|87/100|[from] Grassy Terrain
|-heal|p1b: Gholdengo|66/100|[from] Grassy Terrain
|upkeep
|turn|5
|
|t:|1756551506
|switch|p2a: Sneasler|Sneasler, L50, M|7/100
|switch|p1a: Rillaboom|Rillaboom, L50, F|14/100 slp
|move|p1b: Gholdengo|Protect|p1b: Gholdengo
|-singleturn|p1b: Gholdengo|Protect
|move|p2b: Archaludon|Electro Shot|p1b: Gholdengo|[from] lockedmove
|-activate|p1b: Gholdengo|move: Protect
|
|-weather|Snowscape|[upkeep]
|-heal|p2a: Sneasler|13/100|[from] Grassy Terrain
|-heal|p2b: Archaludon|93/100|[from] Grassy Terrain
|-heal|p1a: Rillaboom|20/100 slp|[from] Grassy Terrain
|-heal|p1b: Gholdengo|72/100|[from] Grassy Terrain
|-fieldend|move: Grassy Terrain
|upkeep
|turn|6
|
|t:|1756551531
|switch|p1a: Ninetales|Ninetales-Alola, L50, F|100/100
|move|p2a: Sneasler|Fake Out|p1a: Ninetales
|-damage|p1a: Ninetales|86/100
|move|p2b: Archaludon|Draco Meteor|p1b: Gholdengo
|-resisted|p1b: Gholdengo
|-damage|p1b: Gholdengo|15/100
|-unboost|p2b: Archaludon|spa|2
|move|p1b: Gholdengo|Shadow Ball|p2b: Archaludon
|-damage|p2b: Archaludon|24/100
|-ability|p2b: Archaludon|Stamina|boost
|-boost|p2b: Archaludon|def|1
|
|-weather|Snowscape|[upkeep]
|upkeep
|turn|7
|inactive|bouledefeu has 30 seconds left.
|
|t:|1756551556
|switch|p1a: Rillaboom|Rillaboom, L50, F|20/100 slp
|-fieldstart|move: Grassy Terrain|[from] ability: Grassy Surge|[of] p1a: Rillaboom
|move|p2a: Sneasler|Dire Claw|p1a: Rillaboom
|-supereffective|p1a: Rillaboom
|-damage|p1a: Rillaboom|0 fnt
|faint|p1a: Rillaboom
|move|p2b: Archaludon|Flash Cannon|p1b: Gholdengo
|-resisted|p1b: Gholdengo
|-damage|p1b: Gholdengo|0 fnt
|faint|p1b: Gholdengo
|
|-weather|Snowscape|[upkeep]
|-heal|p2a: Sneasler|19/100|[from] Grassy Terrain
|-heal|p2b: Archaludon|30/100|[from] Grassy Terrain
|-sideend|p2: bouledefeu|move: Tailwind
|upkeep
|
|t:|1756551562
|switch|p1a: Ninetales|Ninetales-Alola, L50, F|86/100
|switch|p1b: Sneasler|Sneasler, L50, M|100/100
|turn|8
|
|t:|1756551589
|-terastallize|p1a: Ninetales|Ghost
|move|p2a: Sneasler|Dire Claw|p1a: Ninetales
|-resisted|p1a: Ninetales
|-damage|p1a: Ninetales|56/100
|-status|p1a: Ninetales|slp
|cant|p1a: Ninetales|slp
|move|p1b: Sneasler|Close Combat|p2b: Archaludon
|-supereffective|p2b: Archaludon
|-damage|p2b: Archaludon|0 fnt
|-unboost|p1b: Sneasler|def|1
|-unboost|p1b: Sneasler|spd|1
|faint|p2b: Archaludon
|-enditem|p1b: Sneasler|White Herb
|-clearnegativeboost|p1b: Sneasler|[silent]
|
|-weather|none
|-heal|p2a: Sneasler|24/100|[from] Grassy Terrain
|-heal|p1a: Ninetales|62/100 slp|[from] Grassy Terrain
|upkeep
|
|t:|1756551600
|switch|p2b: Pelipper|Pelipper, L50, M|100/100
|-weather|RainDance|[from] ability: Drizzle|[of] p2b: Pelipper
|turn|9
|
|t:|1756551609
|move|p1b: Sneasler|Dire Claw|p2b: Pelipper
|-damage|p2b: Pelipper|57/100
|move|p2a: Sneasler|Dire Claw|p1a: Ninetales
|-resisted|p1a: Ninetales
|-crit|p1a: Ninetales
|-damage|p1a: Ninetales|11/100 slp
|-curestatus|p1a: Ninetales|slp|[msg]
|move|p1a: Ninetales|Blizzard|p2b: Pelipper|[spread] p2a,p2b
|-crit|p2b: Pelipper
|-damage|p2a: Sneasler|0 fnt
|-damage|p2b: Pelipper|0 fnt
|faint|p2a: Sneasler
|faint|p2b: Pelipper
|
|-weather|RainDance|[upkeep]
|-heal|p1a: Ninetales|17/100|[from] Grassy Terrain
|upkeep
|
|t:|1756551621
|switch|p2a: Basculegion|Basculegion, L50, M, tera:Grass|87/100
|turn|10
|
|t:|1756551640
|move|p1b: Sneasler|Dire Claw|p2a: Basculegion
|-supereffective|p2a: Basculegion
|-damage|p2a: Basculegion|0 fnt
|faint|p2a: Basculegion
|
|win|certified urgl
|raw|certified urgl's rating: 1296 → 1316(+20 for winning)
|raw|bouledefeu's rating: 1226 → 1206(-20 for losing)
