|j|☆TORVEX
|j|☆redoctober91
|html|TORVEXredoctober91    
|uhtml|bestof|Game 2 of a best-of-3
|t:|1757906297
|gametype|doubles
|player|p1|TORVEX|acetrainer-gen4dp|1174
|player|p2|redoctober91|169|1087
|gen|9
|tier|[Gen 9] VGC 2025 Reg H (Bo3)
|rated|
|rule|Species Clause: Limit one of each Pokémon
|rule|Item Clause: Limit 1 of each item
|clearpoke
|poke|p1|Volcarona, L50, F|
|poke|p1|Rillaboom, L50, F|
|poke|p1|Electabuzz, L50, M|
|poke|p1|Ninetales-Alola, L50, M|
|poke|p1|Garchomp, L50, F|
|poke|p1|Kingambit, L50, F|
|poke|p2|Amoonguss, L50, F|
|poke|p2|Incineroar, L50, F|
|poke|p2|Kingambit, L50, F|
|poke|p2|Ninetales-Alola, L50, F|
|poke|p2|Garchomp, L50, M|
|poke|p2|Dragonite, L50, F|
|teampreview|4
|showteam|p1|Volcarona||GrassySeed|FlameBody|Protect,QuiverDance,HeatWave,TeraBlast|||F|||50|,,,,,Fairy]Rillaboom||AssaultVest|GrassySurge|FakeOut,GrassyGlide,WoodHammer,Uturn|||F|||50|,,,,,Fire]Electabuzz||Eviolite|VitalSpirit|Protect,FollowMe,Electroweb,Thunderbolt|||M|||50|,,,,,Water]Ninetales-Alola||FocusSash|SnowWarning|AuroraVeil,Blizzard,IcyWind,Protect|||M|||50|,,,,,Steel]Garchomp||LifeOrb|RoughSkin|Protect,DragonClaw,StompingTantrum,RockSlide|||F|||50|,,,,,Steel]Kingambit||SafetyGoggles|Defiant|SwordsDance,KowtowCleave,SuckerPunch,Protect|||F|||50|,,,,,Fire
|showteam|p2|Amoonguss||SitrusBerry|Regenerator|Protect,PollenPuff,Spore,RagePowder|||F|||50|,,,,,Fairy]Incineroar||RockyHelmet|Intimidate|FakeOut,FlareBlitz,KnockOff,PartingShot|||F|||50|,,,,,Grass]Kingambit||SafetyGoggles|Defiant|KowtowCleave,SuckerPunch,SwordsDance,Protect|||F|||50|,,,,,Dark]Ninetales-Alola||ChoiceSpecs|SnowWarning|Blizzard,DazzlingGleam,FreezeDry,Moonblast|||F|||50|,,,,,Ice]Garchomp||ChoiceBand|RoughSkin|DragonClaw,Earthquake,StompingTantrum,RockSlide|||M|||50|,,,,,Steel]Dragonite||AssaultVest|Multiscale|TeraBlast,ExtremeSpeed,IceSpinner,LowKick|||F|||50|,,,,,Flying
|inactive|Battle timer is ON: inactive players will automatically lose when time's up. (requested by TORVEX)
|
|t:|1757906314
|teamsize|p1|4
|teamsize|p2|4
|start
|switch|p1a: Ninetales|Ninetales-Alola, L50, M|100/100
|switch|p1b: Kingambit|Kingambit, L50, F|100/100
|switch|p2a: Garchomp|Garchomp, L50, M, shiny|100/100
|switch|p2b: Dragonite|Dragonite, L50, F|100/100
|-weather|Snowscape|[from] ability: Snow Warning|[of] p1a: Ninetales
|turn|1
|
|t:|1757906334
|switch|p2b: Ninetales|Ninetales-Alola, L50, F, shiny|100/100
|switch|p1b: Rillaboom|Rillaboom, L50, F|100/100
|-fieldstart|move: Grassy Terrain|[from] ability: Grassy Surge|[of] p1b: Rillaboom
|-terastallize|p2a: Garchomp|Steel
|move|p1a: Ninetales|Aurora Veil|p1a: Ninetales
|-sidestart|p1: TORVEX|move: Aurora Veil
|move|p2a: Garchomp|Earthquake|p1b: Rillaboom|[spread] p2b,p1a,p1b
|-resisted|p1b: Rillaboom
|-damage|p2b: Ninetales|78/100
|-damage|p1a: Ninetales|81/100
|-damage|p1b: Rillaboom|92/100
|
|-weather|Snowscape|[upkeep]
|-heal|p1a: Ninetales|87/100|[from] Grassy Terrain
|-heal|p2b: Ninetales|84/100|[from] Grassy Terrain
|-heal|p1b: Rillaboom|98/100|[from] Grassy Terrain
|upkeep
|turn|2
|
|t:|1757906356
|switch|p2a: Amoonguss|Amoonguss, L50, F, shiny|100/100
|move|p1b: Rillaboom|Fake Out|p2b: Ninetales
|-damage|p2b: Ninetales|72/100
|cant|p2b: Ninetales|flinch
|move|p1a: Ninetales|Blizzard|p2a: Amoonguss|[spread] p2a,p2b
|-supereffective|p2a: Amoonguss
|-resisted|p2b: Ninetales
|-damage|p2a: Amoonguss|57/100
|-damage|p2b: Ninetales|56/100
|
|-weather|Snowscape|[upkeep]
|-heal|p1a: Ninetales|93/100|[from] Grassy Terrain
|-heal|p2b: Ninetales|62/100|[from] Grassy Terrain
|-heal|p1b: Rillaboom|100/100|[from] Grassy Terrain
|-heal|p2a: Amoonguss|63/100|[from] Grassy Terrain
|upkeep
|turn|3
|
|t:|1757906379
|switch|p1b: Kingambit|Kingambit, L50, F|100/100
|move|p2a: Amoonguss|Protect|p2a: Amoonguss
|-singleturn|p2a: Amoonguss|Protect
|move|p2b: Ninetales|Blizzard|p1b: Kingambit|[spread] p1a,p1b
|-resisted|p1a: Ninetales
|-resisted|p1b: Kingambit
|-damage|p1a: Ninetales|78/100
|-damage|p1b: Kingambit|89/100
|move|p1a: Ninetales|Blizzard|p2b: Ninetales|[spread] p2b
|-activate|p2a: Amoonguss|move: Protect
|-resisted|p2b: Ninetales
|-damage|p2b: Ninetales|45/100
|
|-weather|Snowscape|[upkeep]
|-heal|p2b: Ninetales|51/100|[from] Grassy Terrain
|-heal|p1a: Ninetales|84/100|[from] Grassy Terrain
|-heal|p1b: Kingambit|95/100|[from] Grassy Terrain
|-heal|p2a: Amoonguss|69/100|[from] Grassy Terrain
|upkeep
|turn|4
|inactive|redoctober91 has 30 seconds left.
|
|t:|1757906408
|switch|p2b: Garchomp|Garchomp, L50, M, shiny, tera:Steel|100/100
|move|p1a: Ninetales|Blizzard|p2a: Amoonguss|[spread] p2a,p2b
|-supereffective|p2a: Amoonguss
|-resisted|p2b: Garchomp
|-damage|p2a: Amoonguss|22/100
|-damage|p2b: Garchomp|85/100
|-enditem|p2a: Amoonguss|Sitrus Berry|[eat]
|-heal|p2a: Amoonguss|47/100|[from] item: Sitrus Berry
|move|p1b: Kingambit|Swords Dance|p1b: Kingambit
|-boost|p1b: Kingambit|atk|2
|move|p2a: Amoonguss|Spore|p1a: Ninetales
|-status|p1a: Ninetales|slp|[from] move: Spore
|
|-weather|Snowscape|[upkeep]
|-heal|p1a: Ninetales|90/100 slp|[from] Grassy Terrain
|-heal|p2b: Garchomp|91/100|[from] Grassy Terrain
|-heal|p1b: Kingambit|100/100|[from] Grassy Terrain
|-heal|p2a: Amoonguss|53/100|[from] Grassy Terrain
|upkeep
|turn|5
|inactive|redoctober91 has 30 seconds left.
|
|t:|1757906433
|switch|p1a: Rillaboom|Rillaboom, L50, F|100/100
|move|p1b: Kingambit|Protect|p1b: Kingambit
|-singleturn|p1b: Kingambit|Protect
|move|p2a: Amoonguss|Rage Powder|p2a: Amoonguss
|-singleturn|p2a: Amoonguss|move: Rage Powder
|move|p2b: Garchomp|Stomping Tantrum|p1b: Kingambit
|-activate|p1b: Kingambit|move: Protect
|
|-weather|none
|-heal|p2b: Garchomp|97/100|[from] Grassy Terrain
|-heal|p2a: Amoonguss|59/100|[from] Grassy Terrain
|-sideend|p1: TORVEX|move: Aurora Veil
|-fieldend|move: Grassy Terrain
|upkeep
|turn|6
|
|t:|1757906453
|move|p1a: Rillaboom|Fake Out|p2b: Garchomp
|-resisted|p2b: Garchomp
|-damage|p2b: Garchomp|90/100
|-damage|p1a: Rillaboom|88/100|[from] ability: Rough Skin|[of] p2b: Garchomp
|move|p2a: Amoonguss|Rage Powder|p2a: Amoonguss
|-singleturn|p2a: Amoonguss|move: Rage Powder
|cant|p2b: Garchomp|flinch
|move|p1b: Kingambit|Kowtow Cleave|p2b: Garchomp
|-damage|p2b: Garchomp|0 fnt
|-damage|p1b: Kingambit|88/100|[from] ability: Rough Skin|[of] p2b: Garchomp
|faint|p2b: Garchomp
|
|upkeep
|
|t:|1757906467
|switch|p2b: Ninetales|Ninetales-Alola, L50, F, shiny|51/100
|-weather|Snowscape|[from] ability: Snow Warning|[of] p2b: Ninetales
|turn|7
|
|t:|1757906482
|switch|p2b: Dragonite|Dragonite, L50, F|100/100
|switch|p1a: Ninetales|Ninetales-Alola, L50, M|90/100 slp
|move|p1b: Kingambit|Kowtow Cleave|p2a: Amoonguss
|-damage|p2a: Amoonguss|0 fnt
|faint|p2a: Amoonguss
|
|-weather|Snowscape|[upkeep]
|upkeep
|
|t:|1757906491
|switch|p2a: Ninetales|Ninetales-Alola, L50, F, shiny|51/100
|turn|8
|
|t:|1757906500
|move|p1b: Kingambit|Protect|p1b: Kingambit
|-singleturn|p1b: Kingambit|Protect
|move|p2b: Dragonite|Extreme Speed|p1a: Ninetales
|-damage|p1a: Ninetales|57/100 slp
|move|p2a: Ninetales|Blizzard|p1a: Ninetales|[spread] p1a
|-activate|p1b: Kingambit|move: Protect
|-resisted|p1a: Ninetales
|-crit|p1a: Ninetales
|-damage|p1a: Ninetales|23/100 slp
|cant|p1a: Ninetales|slp
|
|-weather|Snowscape|[upkeep]
|upkeep
|turn|9
|
|t:|1757906516
|-terastallize|p1b: Kingambit|Fire
|move|p2a: Ninetales|Blizzard|p1a: Ninetales|[spread] p1a,p1b
|-resisted|p1a: Ninetales
|-resisted|p1b: Kingambit
|-damage|p1a: Ninetales|1/100 slp
|-damage|p1b: Kingambit|69/100
|cant|p1a: Ninetales|slp
|move|p2b: Dragonite|Low Kick|p1b: Kingambit
|-damage|p1b: Kingambit|40/100
|move|p1b: Kingambit|Kowtow Cleave|p2b: Dragonite
|-damage|p2b: Dragonite|56/100
|
|-weather|Snowscape|[upkeep]
|upkeep
|turn|10
|
|t:|1757906535
|move|p2b: Dragonite|Extreme Speed|p1b: Kingambit
|-damage|p1b: Kingambit|19/100
|-curestatus|p1a: Ninetales|slp|[msg]
|move|p1a: Ninetales|Aurora Veil|p1a: Ninetales
|-sidestart|p1: TORVEX|move: Aurora Veil
|move|p2a: Ninetales|Blizzard|p1b: Kingambit|[spread] p1a,p1b
|-resisted|p1a: Ninetales
|-resisted|p1b: Kingambit
|-damage|p1a: Ninetales|0 fnt
|-damage|p1b: Kingambit|6/100
|faint|p1a: Ninetales
|move|p1b: Kingambit|Kowtow Cleave|p2a: Ninetales
|-resisted|p2a: Ninetales
|-damage|p2a: Ninetales|6/100
|
|-weather|Snowscape|[upkeep]
|upkeep
|
|t:|1757906544
|switch|p1a: Rillaboom|Rillaboom, L50, F|88/100
|-fieldstart|move: Grassy Terrain|[from] ability: Grassy Surge|[of] p1a: Rillaboom
|turn|11
|
|t:|1757906553
|move|p1a: Rillaboom|Fake Out|p2b: Dragonite
|-damage|p2b: Dragonite|42/100
|cant|p2b: Dragonite|flinch
|move|p1b: Kingambit|Sucker Punch||[still]
|-fail|p1b: Kingambit
|move|p2a: Ninetales|Blizzard|p1a: Rillaboom|[spread] p1a,p1b
|-supereffective|p1a: Rillaboom
|-resisted|p1b: Kingambit
|-damage|p1a: Rillaboom|50/100
|-damage|p1b: Kingambit|0 fnt
|faint|p1b: Kingambit
|
|-weather|none
|-heal|p2a: Ninetales|12/100|[from] Grassy Terrain
|-heal|p1a: Rillaboom|55/100|[from] Grassy Terrain
|upkeep
|
|t:|1757906561
|switch|p1b: Volcarona|Volcarona, L50, F|100/100
|-enditem|p1b: Volcarona|Grassy Seed
|-boost|p1b: Volcarona|def|1|[from] item: Grassy Seed
|turn|12
|
|t:|1757906571
|move|p1a: Rillaboom|Grassy Glide|p2b: Dragonite
|-resisted|p2b: Dragonite
|-damage|p2b: Dragonite|34/100
|move|p2a: Ninetales|Blizzard|p1a: Rillaboom|[spread] p1b
|-miss|p2a: Ninetales|p1a: Rillaboom
|-resisted|p1b: Volcarona
|-damage|p1b: Volcarona|89/100
|move|p1b: Volcarona|Heat Wave|p2a: Ninetales|[spread] p2a,p2b
|-supereffective|p2a: Ninetales
|-resisted|p2b: Dragonite
|-damage|p2a: Ninetales|0 fnt
|-damage|p2b: Dragonite|23/100
|faint|p2a: Ninetales
|move|p2b: Dragonite|Ice Spinner|p1a: Rillaboom
|-supereffective|p1a: Rillaboom
|-damage|p1a: Rillaboom|20/100
|-fieldend|move: Grassy Terrain
|
|upkeep
|turn|13
|
|t:|1757906588
|move|p2b: Dragonite|Extreme Speed|p1a: Rillaboom
|-damage|p1a: Rillaboom|4/100
|move|p1b: Volcarona|Tera Blast|p2b: Dragonite
|-damage|p2b: Dragonite|6/100
|move|p1a: Rillaboom|Wood Hammer|p2b: Dragonite
|-resisted|p2b: Dragonite
|-damage|p2b: Dragonite|0 fnt
|faint|p2b: Dragonite
|-damage|p1a: Rillaboom|2/100|[from] Recoil
|
|win|TORVEX
||TORVEX is ready for game 3.
|l|☆TORVEX
|player|p1|
||redoctober91 is ready for game 3.
|uhtml|next|Next: Game 3 of 3
|l|☆redoctober91
|player|p2|
|j|☆TORVEX
|player|p1|TORVEX|acetrainer-gen4dp|
