|j|☆Storm2184
|j|☆MR. HEROW
|html|Storm2184MR. HEROW    
|uhtml|bestof|Game 3 of a best-of-3
|t:|1756401802
|gametype|doubles
|player|p1|Storm2184|102|1058
|player|p2|MR. HEROW|266|1096
|gen|9
|tier|[Gen 9] VGC 2025 Reg H (Bo3)
|rated|
|rule|Species Clause: Limit one of each Pokémon
|rule|Item Clause: Limit 1 of each item
|clearpoke
|poke|p1|Indeedee-F, L50, F|
|poke|p1|Amoonguss, L50, F|
|poke|p1|Torkoal, L50, M|
|poke|p1|Rabsca, L50, F|
|poke|p1|Ursaluna, L50, M|
|poke|p1|Armarouge, L50, F|
|poke|p2|Overqwil, L50, M|
|poke|p2|Indeedee-F, L50, F|
|poke|p2|Blastoise, L50, F|
|poke|p2|Garchomp, L50, F|
|poke|p2|Politoed, L50, F|
|poke|p2|Archaludon, L50, M|
|teampreview|4
|showteam|p1|Indeedee-F||SafetyGoggles|PsychicSurge|TrickRoom,FollowMe,HelpingHand,DazzlingGleam|||F|||50|,,,,,Fairy]Amoonguss||RockyHelmet|Regenerator|Spore,PollenPuff,RagePowder,Protect|||F|||50|,,,,,Water]Torkoal||Charcoal|Drought|Protect,SolarBeam,LavaPlume,Eruption|||M|||50|,,,,,Fire]Rabsca||FocusSash|Telepathy|RevivalBlessing,StruggleBug,ExpandingForce,TrickRoom|||F|||50|,,,,,Psychic]Ursaluna||FlameOrb|Guts|Facade,HeadlongRush,Earthquake,Protect|||M|||50|,,,,,Ghost]Armarouge||LifeOrb|FlashFire|ExpandingForce,ArmorCannon,WideGuard,Protect|||F|||50|,,,,,Grass
|showteam|p2|Overqwil||Leftovers|SwiftSwim|Toxic,ToxicSpikes,Acupressure,BarbBarrage|||M|||50|,,,,,Ghost]Indeedee-F||MentalHerb|PsychicSurge|Psychic,FollowMe,Protect,HelpingHand|||F|||50|,,,,,Grass]Blastoise||WhiteHerb|RainDish|WaterSpout,Surf,Protect,ShellSmash|||F|||50|,,,,,Grass]Garchomp||ChoiceScarf|RoughSkin|DragonClaw,Earthquake,Dig,RockSlide|||F|||50|,,,,,Fire]Politoed||DampRock|Drizzle|PerishSong,Protect,IcyWind,WeatherBall|||F|||50|,,,,,Flying]Archaludon||AssaultVest|Stamina|ElectroShot,DracoMeteor,FlashCannon,BodyPress|||M|||50|,,,,,Electric
|inactive|Battle timer is ON: inactive players will automatically lose when time's up. (requested by Storm2184)
|
|t:|1756401828
|teamsize|p1|4
|teamsize|p2|4
|start
|switch|p1a: Rabsca|Rabsca, L50, F|100/100
|switch|p1b: Indeedee|Indeedee-F, L50, F|100/100
|switch|p2a: Blastoise|Blastoise, L50, F|100/100
|switch|p2b: Garchomp|Garchomp, L50, F|100/100
|-fieldstart|move: Psychic Terrain|[from] ability: Psychic Surge|[of] p1b: Indeedee
|turn|1
|
|t:|1756401843
|move|p2b: Garchomp|Rock Slide|p1a: Rabsca|[spread] p1a,p1b
|-supereffective|p1a: Rabsca
|-damage|p1a: Rabsca|52/100
|-damage|p1b: Indeedee|74/100
|move|p2a: Blastoise|Water Spout|p1b: Indeedee|[spread] p1a,p1b
|-damage|p1a: Rabsca|10/100
|-damage|p1b: Indeedee|42/100
|cant|p1a: Rabsca|flinch
|move|p1b: Indeedee|Trick Room|p1b: Indeedee
|-fieldstart|move: Trick Room|[of] p1b: Indeedee
|
|upkeep
|turn|2
|
|t:|1756401858
|switch|p2b: Politoed|Politoed, L50, F|100/100
|-weather|RainDance|[from] ability: Drizzle|[of] p2b: Politoed
|move|p1b: Indeedee|Helping Hand|p1a: Rabsca
|-singleturn|p1a: Rabsca|Helping Hand|[of] p1b: Indeedee
|move|p1a: Rabsca|Expanding Force|p2a: Blastoise|[spread] p2a,p2b
|-damage|p2a: Blastoise|21/100
|-damage|p2b: Politoed|37/100
|move|p2a: Blastoise|Water Spout|p1a: Rabsca|[spread] p1a,p1b
|-damage|p1a: Rabsca|0 fnt
|-damage|p1b: Indeedee|29/100
|faint|p1a: Rabsca
|
|-weather|RainDance|[upkeep]
|-heal|p2a: Blastoise|27/100|[from] ability: Rain Dish
|upkeep
|
|t:|1756401870
|switch|p1a: Armarouge|Armarouge, L50, F|100/100
|turn|3
|
|t:|1756401876
|-terastallize|p1a: Armarouge|Grass
|move|p1b: Indeedee|Helping Hand|p1a: Armarouge
|-singleturn|p1a: Armarouge|Helping Hand|[of] p1b: Indeedee
|move|p2b: Politoed|Protect|p2b: Politoed
|-singleturn|p2b: Politoed|Protect
|move|p2a: Blastoise|Protect|p2a: Blastoise
|-singleturn|p2a: Blastoise|Protect
|move|p1a: Armarouge|Expanding Force|p2a: Blastoise|[spread] 
|-activate|p2a: Blastoise|move: Protect
|-activate|p2b: Politoed|move: Protect
|
|-weather|RainDance|[upkeep]
|-heal|p2a: Blastoise|33/100|[from] ability: Rain Dish
|upkeep
|turn|4
|
|t:|1756401888
|switch|p2b: Indeedee|Indeedee-F, L50, F|100/100
|move|p1b: Indeedee|Helping Hand|p1a: Armarouge
|-singleturn|p1a: Armarouge|Helping Hand|[of] p1b: Indeedee
|move|p2a: Blastoise|Protect||[still]
|-fail|p2a: Blastoise
|move|p1a: Armarouge|Expanding Force|p2a: Blastoise|[spread] p2a,p2b
|-resisted|p2b: Indeedee
|-damage|p2a: Blastoise|0 fnt
|-damage|p2b: Indeedee|40/100
|faint|p2a: Blastoise
|-damage|p1a: Armarouge|91/100|[from] item: Life Orb
|
|-weather|RainDance|[upkeep]
|upkeep
|
|t:|1756401898
|switch|p2a: Politoed|Politoed, L50, F|37/100
|turn|5
|
|t:|1756401920
|switch|p1b: Torkoal|Torkoal, L50, M|100/100
|-weather|SunnyDay|[from] ability: Drought|[of] p1b: Torkoal
|move|p2a: Politoed|Icy Wind|p1b: Torkoal|[spread] p1a,p1b
|-supereffective|p1a: Armarouge
|-resisted|p1b: Torkoal
|-damage|p1a: Armarouge|74/100
|-damage|p1b: Torkoal|95/100
|-unboost|p1a: Armarouge|spe|1
|-unboost|p1b: Torkoal|spe|1
|move|p1a: Armarouge|Expanding Force|p2a: Politoed|[spread] p2a,p2b
|-resisted|p2b: Indeedee
|-damage|p2a: Politoed|0 fnt
|-damage|p2b: Indeedee|0 fnt
|faint|p2a: Politoed
|faint|p2b: Indeedee
|-damage|p1a: Armarouge|64/100|[from] item: Life Orb
|
|-weather|SunnyDay|[upkeep]
|-fieldend|move: Trick Room
|-fieldend|move: Psychic Terrain
|upkeep
|j| 21youremum
|
|t:|1756401930
|switch|p2b: Garchomp|Garchomp, L50, F|100/100
|turn|6
|
|t:|1756401937
|-terastallize|p2b: Garchomp|Fire
|move|p1a: Armarouge|Protect|p1a: Armarouge
|-singleturn|p1a: Armarouge|Protect
|move|p1b: Torkoal|Protect|p1b: Torkoal
|-singleturn|p1b: Torkoal|Protect
|move|p2b: Garchomp|Earthquake|p1b: Torkoal|[spread] 
|-activate|p1a: Armarouge|move: Protect
|-activate|p1b: Torkoal|move: Protect
|
|-weather|SunnyDay|[upkeep]
|upkeep
|turn|7
|
|t:|1756401952
|move|p1a: Armarouge|Wide Guard|p1a: Armarouge
|-singleturn|p1a: Armarouge|Wide Guard
|move|p2b: Garchomp|Earthquake|p1a: Armarouge|[spread] 
|-activate|p1a: Armarouge|move: Wide Guard
|-activate|p1b: Torkoal|move: Wide Guard
|move|p1b: Torkoal|Eruption|p2b: Garchomp
|-resisted|p2b: Garchomp
|-damage|p2b: Garchomp|45/100
|
|-weather|SunnyDay|[upkeep]
|upkeep
|turn|8
|-message|MR. HEROW forfeited.
|raw|Storm2184's rating: 1058 → 1093(+35 for winning)
|raw|MR. HEROW's rating: 1096 → 1069(-27 for losing)
|
|win|Storm2184
