|j|☆amaryllisvgc
|j|☆SeanClubcardcoach
|html|amaryllisvgcSeanClubcardcoach    
|uhtml|bestof|Game 2 of a best-of-3
|t:|1754935580
|gametype|doubles
|player|p1|amaryllisvgc|grimsley|1243
|player|p2|SeanClubcardcoach|alder|1342
|gen|9
|tier|[Gen 9] VGC 2025 Reg H (Bo3)
|rated|
|rule|Species Clause: Limit one of each Pokémon
|rule|Item Clause: Limit 1 of each item
|clearpoke
|poke|p1|Ursaluna-Bloodmoon, L50, M|
|poke|p1|Incineroar, L50, M|
|poke|p1|Rillaboom, L50, F|
|poke|p1|Sneasler, L50, F|
|poke|p1|Dragonite, L50, M|
|poke|p1|Gholdengo, L50|
|poke|p2|Murkrow, L50, M|
|poke|p2|Indeedee-F, L50, F|
|poke|p2|Ursaluna-Bloodmoon, L50, M|
|poke|p2|Armarouge, L50, F|
|poke|p2|Gholdengo, L50|
|poke|p2|Annihilape, L50, M|
|teampreview|4
|showteam|p1|Ursaluna-Bloodmoon||Leftovers|MindsEye|BloodMoon,EarthPower,Yawn,Protect|||M|||50|,,,,,Electric]Incineroar||SafetyGoggles|Intimidate|FlareBlitz,KnockOff,FakeOut,PartingShot|||M|||50|,,,,,Ghost]Rillaboom||AssaultVest|GrassySurge|WoodHammer,GrassyGlide,FakeOut,Uturn|||F|||50|,,,,,Water]Sneasler||FocusSash|PoisonTouch|DireClaw,CloseCombat,Coaching,FakeOut|||F|||50|,,,,,Ghost]Dragonite||LoadedDice|Multiscale|ScaleShot,StompingTantrum,Tailwind,Protect|||M|||50|,,,,,Steel]Gholdengo||LifeOrb|GoodasGold|MakeItRain,ShadowBall,NastyPlot,Protect||||||50|,,,,,Dragon
|showteam|p2|Murkrow||Eviolite|Prankster|Tailwind,FoulPlay,Haze,SunnyDay|||M|||50|,,,,,Ghost]Indeedee-F||RockyHelmet|PsychicSurge|FollowMe,TrickRoom,HelpingHand,Psychic|||F|||50|,,,,,Fairy]Ursaluna-Bloodmoon||LifeOrb|MindsEye|Protect,EarthPower,HyperVoice,BloodMoon|||M|||50|,,,,,Normal]Armarouge||PowerHerb|FlashFire|TrickRoom,MeteorBeam,HeatWave,ExpandingForce|||F|||50|,,,,,Grass]Gholdengo||ChoiceSpecs|GoodasGold|MakeItRain,ShadowBall,Thunderbolt,Trick||||||50|,,,,,Steel]Annihilape||SafetyGoggles|Defiant|Protect,BulkUp,RageFist,DrainPunch|||M|||50|,,,,,Fire
|inactive|Battle timer is ON: inactive players will automatically lose when time's up. (requested by SeanClubcardcoach)
|
|t:|1754935593
|teamsize|p1|4
|teamsize|p2|4
|start
|switch|p1a: Dragonite|Dragonite, L50, M|100/100
|switch|p1b: Sneasler|Sneasler, L50, F|100/100
|switch|p2a: MurkAli|Murkrow, L50, M, shiny|100/100
|switch|p2b: Gholdengo|Gholdengo, L50|100/100
|turn|1
|
|t:|1754935602
|move|p2a: MurkAli|Tailwind|p2a: MurkAli
|-sidestart|p2: SeanClubcardcoach|move: Tailwind
|move|p2b: Gholdengo|Make It Rain|p1b: Sneasler|[spread] p1a,p1b
|-damage|p1a: Dragonite|57/100
|-enditem|p1b: Sneasler|Focus Sash
|-damage|p1b: Sneasler|1/100
|-unboost|p2b: Gholdengo|spa|1
|move|p1b: Sneasler|Coaching|p1a: Dragonite
|-boost|p1a: Dragonite|atk|1
|-boost|p1a: Dragonite|def|1
|move|p1a: Dragonite|Scale Shot|p2a: MurkAli
|-damage|p2a: MurkAli|80/100
|-damage|p2a: MurkAli|59/100
|-damage|p2a: MurkAli|35/100
|-damage|p2a: MurkAli|14/100
|-damage|p2a: MurkAli|0 fnt
|faint|p2a: MurkAli
|-hitcount|p2: MurkAli|5
|-unboost|p1a: Dragonite|def|1
|-boost|p1a: Dragonite|spe|1
|
|upkeep
|
|t:|1754935618
|switch|p2a: InWeiWei|Indeedee-F, L50, F|100/100
|-fieldstart|move: Psychic Terrain|[from] ability: Psychic Surge|[of] p2a: InWeiWei
|turn|2
|
|t:|1754935634
|switch|p1b: Incineroar|Incineroar, L50, M|100/100
|-ability|p1b: Incineroar|Intimidate|boost
|-unboost|p2a: InWeiWei|atk|1
|-unboost|p2b: Gholdengo|atk|1
|-terastallize|p1a: Dragonite|Steel
|move|p2a: InWeiWei|Follow Me|p2a: InWeiWei
|-singleturn|p2a: InWeiWei|move: Follow Me
|move|p2b: Gholdengo|Make It Rain|p1b: Incineroar|[spread] p1a,p1b
|-resisted|p1a: Dragonite
|-resisted|p1b: Incineroar
|-damage|p1a: Dragonite|30/100
|-damage|p1b: Incineroar|74/100
|-unboost|p2b: Gholdengo|spa|1
|move|p1a: Dragonite|Tailwind|p1a: Dragonite
|-sidestart|p1: amaryllisvgc|move: Tailwind
|
|upkeep
|turn|3
|
|t:|1754935653
|-terastallize|p2a: InWeiWei|Fairy
|move|p1a: Dragonite|Stomping Tantrum|p2a: InWeiWei
|-damage|p2a: InWeiWei|55/100
|-damage|p1a: Dragonite|14/100|[from] item: Rocky Helmet|[of] p2a: InWeiWei
|move|p2b: Gholdengo|Make It Rain|p1a: Dragonite|[spread] p1a,p1b
|-resisted|p1a: Dragonite
|-resisted|p1b: Incineroar
|-damage|p1a: Dragonite|0 fnt
|-damage|p1b: Incineroar|55/100
|-unboost|p2b: Gholdengo|spa|1
|faint|p1a: Dragonite
|move|p1b: Incineroar|Flare Blitz|p2b: Gholdengo
|-supereffective|p2b: Gholdengo
|-damage|p2b: Gholdengo|0 fnt
|faint|p2b: Gholdengo
|-damage|p1b: Incineroar|28/100|[from] Recoil
|move|p2a: InWeiWei|Trick Room|p2a: InWeiWei
|-fieldstart|move: Trick Room|[of] p2a: InWeiWei
|
|upkeep
|
|t:|1754935663
|switch|p1a: Rillaboom|Rillaboom, L50, F|100/100
|switch|p2b: Dandish|Ursaluna-Bloodmoon, L50, M|100/100
|-fieldstart|move: Grassy Terrain|[from] ability: Grassy Surge|[of] p1a: Rillaboom
|turn|4
|
|t:|1754935675
|move|p2b: Dandish|Protect|p2b: Dandish
|-singleturn|p2b: Dandish|Protect
|move|p1a: Rillaboom|Fake Out|p2b: Dandish
|-activate|p2b: Dandish|move: Protect
|move|p2a: InWeiWei|Psychic|p1a: Rillaboom
|-damage|p1a: Rillaboom|82/100
|move|p1b: Incineroar|Parting Shot|p2a: InWeiWei
|-unboost|p2a: InWeiWei|atk|1
|-unboost|p2a: InWeiWei|spa|1
|
|t:|1754935684
|switch|p1b: Sneasler|Sneasler, L50, F|1/100|[from] Parting Shot
|
|-heal|p2a: InWeiWei|62/100|[from] Grassy Terrain
|-heal|p1a: Rillaboom|87/100|[from] Grassy Terrain
|-heal|p1b: Sneasler|7/100|[from] Grassy Terrain
|-sideend|p2: SeanClubcardcoach|move: Tailwind
|upkeep
|turn|5
|
|t:|1754935692
|move|p1b: Sneasler|Fake Out|p2b: Dandish
|-damage|p2b: Dandish|89/100
|move|p2a: InWeiWei|Follow Me|p2a: InWeiWei
|-singleturn|p2a: InWeiWei|move: Follow Me
|cant|p2b: Dandish|flinch
|move|p1a: Rillaboom|Wood Hammer|p2a: InWeiWei
|-damage|p2a: InWeiWei|0 fnt
|-damage|p1a: Rillaboom|71/100|[from] item: Rocky Helmet|[of] p2a: InWeiWei
|faint|p2a: InWeiWei
|-damage|p1a: Rillaboom|54/100|[from] Recoil
|
|-heal|p2b: Dandish|95/100|[from] Grassy Terrain
|-heal|p1a: Rillaboom|59/100|[from] Grassy Terrain
|-heal|p1b: Sneasler|13/100|[from] Grassy Terrain
|-sideend|p1: amaryllisvgc|move: Tailwind
|upkeep
|turn|6
|
|t:|1754935714
|move|p1a: Rillaboom|Grassy Glide|p2b: Dandish
|-supereffective|p2b: Dandish
|-damage|p2b: Dandish|40/100
|move|p2b: Dandish|Hyper Voice|p1b: Sneasler|[spread] p1a,p1b
|-damage|p1a: Rillaboom|24/100
|-damage|p1b: Sneasler|0 fnt
|faint|p1b: Sneasler
|-damage|p2b: Dandish|31/100|[from] item: Life Orb
|
|-heal|p2b: Dandish|37/100|[from] Grassy Terrain
|-heal|p1a: Rillaboom|29/100|[from] Grassy Terrain
|upkeep
|
|t:|1754935720
|switch|p1b: Incineroar|Incineroar, L50, M|28/100
|-ability|p1b: Incineroar|Intimidate|boost
|-unboost|p2b: Dandish|atk|1
|turn|7
|
|t:|1754935725
|move|p2b: Dandish|Protect|p2b: Dandish
|-singleturn|p2b: Dandish|Protect
|move|p1b: Incineroar|Fake Out|p2b: Dandish
|-activate|p2b: Dandish|move: Protect
|move|p1a: Rillaboom|Grassy Glide|p2b: Dandish
|-activate|p2b: Dandish|move: Protect
|
|-heal|p1b: Incineroar|34/100|[from] Grassy Terrain
|-heal|p2b: Dandish|43/100|[from] Grassy Terrain
|-heal|p1a: Rillaboom|35/100|[from] Grassy Terrain
|-fieldend|move: Trick Room
|upkeep
|turn|8
|
|t:|1754935733
|move|p2b: Dandish|Protect||[still]
|-fail|p2b: Dandish
|move|p1a: Rillaboom|Wood Hammer|p2b: Dandish
|-supereffective|p2b: Dandish
|-damage|p2b: Dandish|0 fnt
|faint|p2b: Dandish
|-damage|p1a: Rillaboom|22/100|[from] Recoil
|
|win|amaryllisvgc
|raw|amaryllisvgc's rating: 1243 → 1275(+32 for winning)
|raw|SeanClubcardcoach's rating: 1342 → 1316(-26 for losing)
|l|☆amaryllisvgc
|player|p1|
