|j|☆arkjsmith
|j|☆dont make me walk
|html|arkjsmithdont make me walk    
|uhtml|bestof|Game 2 of a best-of-3
|t:|1756370788
|gametype|doubles
|player|p1|arkjsmith|roxie|1157
|player|p2|dont make me walk|red-masters3|1234
|gen|9
|tier|[Gen 9] VGC 2025 Reg H (Bo3)
|rated|
|rule|Species Clause: Limit one of each Pokémon
|rule|Item Clause: Limit 1 of each item
|clearpoke
|poke|p1|Dragonite, L50, M|
|poke|p1|Gholdengo, L50|
|poke|p1|Ursaluna-Bloodmoon, L50, M|
|poke|p1|Indeedee, L50, M|
|poke|p1|Tyranitar, L50, M|
|poke|p1|Talonflame, L50, M|
|poke|p2|Ursaluna-Bloodmoon, L50, M|
|poke|p2|Indeedee, L50, M|
|poke|p2|Sneasler, L50, M|
|poke|p2|Incineroar, L50, F|
|poke|p2|Electabuzz, L50, M|
|poke|p2|Talonflame, L50, F|
|teampreview|4
|showteam|p1|Dragonite||LoadedDice|Multiscale|ScaleShot,ExtremeSpeed,Haze,Protect|||M|||50|,,,,,Fairy]Gholdengo||LifeOrb|GoodasGold|MakeItRain,ShadowBall,NastyPlot,Protect||||||50|,,,,,Water]Ursaluna-Bloodmoon||AssaultVest|MindsEye|BloodMoon,HyperVoice,EarthPower,VacuumWave|||M|||50|,,,,,Water]Indeedee||ChoiceScarf|PsychicSurge|ExpandingForce,TeraBlast,Trick,Protect|||M|||50|,,,,,Fighting]Tyranitar||PsychicSeed|SandStream|KnockOff,RockSlide,LowKick,TeraBlast|||M|||50|,,,,,Ghost]Talonflame||SharpBeak|GaleWings|Tailwind,BraveBird,FlareBlitz,Protect|||M|||50|,,,,,Stellar
|showteam|p2|Ursaluna-Bloodmoon||LifeOrb|MindsEye|Protect,EarthPower,HyperVoice,BloodMoon|||M|||50|,,,,,Normal]Indeedee||FocusSash|PsychicSurge|ExpandingForce,TeraBlast,TrickRoom,Protect|||M|||50|,,,,,Fighting]Sneasler||PsychicSeed|Unburden|DireClaw,CloseCombat,ThroatChop,Protect|||M|||50|,,,,,Dark]Incineroar||AssaultVest|Intimidate|FakeOut,KnockOff,FlareBlitz,Uturn|||F|||50|,,,,,Grass]Electabuzz||Eviolite|VitalSpirit|Electroweb,Taunt,FollowMe,Protect|||M|||50|,,,,,Ghost]Talonflame||CovertCloak|GaleWings|FlareBlitz,DualWingbeat,WillOWisp,Tailwind|||F|||50|,,,,,Fairy
|inactive|Battle timer is ON: inactive players will automatically lose when time's up. (requested by dont make me walk)
|inactive|arkjsmith also wants the timer to be on.
|inactive|arkjsmith has 60 seconds left.
|inactive|dont make me walk has 60 seconds left.
|
|t:|1756370840
|teamsize|p1|4
|teamsize|p2|4
|start
|switch|p1a: Tyranitar|Tyranitar, L50, M|100/100
|switch|p1b: Dragonite|Dragonite, L50, M|100/100
|switch|p2a: Indeedee|Indeedee, L50, M|100/100
|switch|p2b: Sneasler|Sneasler, L50, M|100/100
|-fieldstart|move: Psychic Terrain|[from] ability: Psychic Surge|[of] p2a: Indeedee
|-enditem|p2b: Sneasler|Psychic Seed
|-boost|p2b: Sneasler|spd|1|[from] item: Psychic Seed
|-enditem|p1a: Tyranitar|Psychic Seed
|-boost|p1a: Tyranitar|spd|1|[from] item: Psychic Seed
|-weather|Sandstorm|[from] ability: Sand Stream|[of] p1a: Tyranitar
|turn|1
|
|t:|1756370855
|-terastallize|p1a: Tyranitar|Ghost
|move|p1b: Dragonite|Protect|p1b: Dragonite
|-singleturn|p1b: Dragonite|Protect
|move|p2b: Sneasler|Dire Claw|p1b: Dragonite
|-activate|p1b: Dragonite|move: Protect
|move|p2a: Indeedee|Expanding Force|p1a: Tyranitar|[spread] p1a
|-activate|p1b: Dragonite|move: Protect
|-damage|p1a: Tyranitar|69/100
|move|p1a: Tyranitar|Knock Off|p2a: Indeedee
|-supereffective|p2a: Indeedee
|-enditem|p2a: Indeedee|Focus Sash
|-damage|p2a: Indeedee|1/100
|
|-weather|Sandstorm|[upkeep]
|-damage|p2b: Sneasler|95/100|[from] Sandstorm
|-damage|p2a: Indeedee|0 fnt|[from] Sandstorm
|-damage|p1b: Dragonite|95/100|[from] Sandstorm
|-damage|p1a: Tyranitar|62/100|[from] Sandstorm
|faint|p2a: Indeedee
|upkeep
|
|t:|1756370860
|switch|p2a: Incineroar|Incineroar, L50, F|100/100
|-ability|p2a: Incineroar|Intimidate|boost
|-unboost|p1a: Tyranitar|atk|1
|-unboost|p1b: Dragonite|atk|1
|turn|2
|inactive|arkjsmith has 30 seconds left.
|
|t:|1756370888
|switch|p1a: Ursaluna|Ursaluna-Bloodmoon, L50, M|100/100
|-terastallize|p2b: Sneasler|Dark
|move|p2a: Incineroar|Fake Out|p1b: Dragonite
|-hint|Psychic Terrain doesn't affect Pokémon immune to Ground.
|-damage|p1b: Dragonite|80/100
|move|p2b: Sneasler|Throat Chop|p1a: Ursaluna
|-damage|p1a: Ursaluna|68/100
|-start|p1a: Ursaluna|Throat Chop|[silent]
|cant|p1b: Dragonite|flinch
|
|-weather|Sandstorm|[upkeep]
|-damage|p2b: Sneasler|89/100|[from] Sandstorm
|-damage|p1b: Dragonite|74/100|[from] Sandstorm
|-damage|p2a: Incineroar|95/100|[from] Sandstorm
|upkeep
|turn|3
|inactive|dont make me walk has 30 seconds left.
|
|t:|1756370916
|switch|p1a: Tyranitar|Tyranitar, L50, M, tera:Ghost|62/100
|move|p2b: Sneasler|Close Combat|p1a: Tyranitar
|-immune|p1a: Tyranitar
|move|p1b: Dragonite|Scale Shot|p2b: Sneasler
|-damage|p2b: Sneasler|71/100
|-damage|p2b: Sneasler|55/100
|-damage|p2b: Sneasler|36/100
|-damage|p2b: Sneasler|18/100
|-damage|p2b: Sneasler|0 fnt
|faint|p2b: Sneasler
|-hitcount|p2: Sneasler|5
|-unboost|p1b: Dragonite|def|1
|-boost|p1b: Dragonite|spe|1
|move|p2a: Incineroar|Knock Off|p1b: Dragonite
|-damage|p1b: Dragonite|0 fnt
|-enditem|p1b: Dragonite|Loaded Dice|[from] move: Knock Off|[of] p2a: Incineroar
|faint|p1b: Dragonite
|
|-weather|Sandstorm|[upkeep]
|-damage|p2a: Incineroar|89/100|[from] Sandstorm
|-damage|p1a: Tyranitar|56/100|[from] Sandstorm
|upkeep
|
|t:|1756370934
|switch|p2b: Ursaluna|Ursaluna-Bloodmoon, L50, M|100/100
|switch|p1b: Ursaluna|Ursaluna-Bloodmoon, L50, M|68/100
|turn|4
|
|t:|1756370950
|move|p2a: Incineroar|Knock Off|p1a: Tyranitar
|-supereffective|p1a: Tyranitar
|-damage|p1a: Tyranitar|9/100
|move|p1a: Tyranitar|Low Kick|p2b: Ursaluna
|-supereffective|p2b: Ursaluna
|-damage|p2b: Ursaluna|37/100
|move|p2b: Ursaluna|Blood Moon|p1b: Ursaluna
|-damage|p1b: Ursaluna|0 fnt
|faint|p1b: Ursaluna
|-damage|p2b: Ursaluna|28/100|[from] item: Life Orb
|
|-weather|Sandstorm|[upkeep]
|-damage|p2a: Incineroar|83/100|[from] Sandstorm
|-damage|p1a: Tyranitar|3/100|[from] Sandstorm
|upkeep
|
|t:|1756370959
|switch|p1b: Talonflame|Talonflame, L50, M|100/100
|turn|5
|
|t:|1756370971
|move|p2b: Ursaluna|Protect|p2b: Ursaluna
|-singleturn|p2b: Ursaluna|Protect
|move|p1b: Talonflame|Tailwind|p1b: Talonflame
|-sidestart|p1: arkjsmith|move: Tailwind
|move|p1a: Tyranitar|Rock Slide|p2b: Ursaluna|[spread] 
|-activate|p2b: Ursaluna|move: Protect
|-miss|p1a: Tyranitar|p2a: Incineroar
|move|p2a: Incineroar|Knock Off|p1a: Tyranitar
|-supereffective|p1a: Tyranitar
|-damage|p1a: Tyranitar|0 fnt
|faint|p1a: Tyranitar
|
|-weather|none
|-fieldend|move: Psychic Terrain
|upkeep
|turn|6
|inactive|arkjsmith has 30 seconds left.
|inactive|arkjsmith has 20 seconds left.
|inactive|arkjsmith has 15 seconds left.
|
|t:|1756371013
|move|p1b: Talonflame|Brave Bird|p2b: Ursaluna
|-damage|p2b: Ursaluna|0 fnt
|faint|p2b: Ursaluna
|-damage|p1b: Talonflame|89/100|[from] Recoil
|move|p2a: Incineroar|Knock Off|p1b: Talonflame
|-damage|p1b: Talonflame|14/100
|-enditem|p1b: Talonflame|Sharp Beak|[from] move: Knock Off|[of] p2a: Incineroar
|
|upkeep
|turn|7
|
|t:|1756371017
|move|p1b: Talonflame|Brave Bird|p2a: Incineroar
|-damage|p2a: Incineroar|32/100
|-damage|p1b: Talonflame|0 fnt|[from] Recoil
|faint|p1b: Talonflame
|
|win|dont make me walk
|raw|arkjsmith's rating: 1157 → 1137(-20 for losing)
|raw|dont make me walk's rating: 1234 → 1254(+20 for winning)
|l|☆arkjsmith
|player|p1|
