|j|☆mythicalslol
|j|☆EXHOUL
|html|mythicalslolEXHOUL    
|uhtml|bestof|Game 1 of a best-of-3
|t:|1757653388
|gametype|doubles
|player|p1|mythicalslol|169|1313
|player|p2|EXHOUL|shadowtriad|1429
|gen|9
|tier|[Gen 9] VGC 2025 Reg H (Bo3)
|rated|
|rule|Species Clause: Limit one of each Pokémon
|rule|Item Clause: Limit 1 of each item
|clearpoke
|poke|p1|Weezing, L50, M|
|poke|p1|Talonflame, L50, F|
|poke|p1|Garchomp, L50, M|
|poke|p1|Ursaluna-Bloodmoon, L50, M|
|poke|p1|Volcarona, L50, M|
|poke|p1|Dragapult, L50, F|
|poke|p2|Torkoal, L50, F|
|poke|p2|Lilligant-Hisui, L50, F|
|poke|p2|Armarouge, L50, M|
|poke|p2|Indeedee-F, L50, F|
|poke|p2|Gallade, L50, M|
|poke|p2|Ursaluna, L50, F|
|teampreview|4
|showteam|p1|Weezing||SitrusBerry|NeutralizingGas|GunkShot,Taunt,WillOWisp,Protect|||M|||50|,,,,,Poison]Talonflame||FocusSash|GaleWings|Tailwind,DualWingbeat,Taunt,Protect|||F|||50|,,,,,Ghost]Garchomp||LifeOrb|RoughSkin|DragonClaw,StompingTantrum,Earthquake,Protect|||M|||50|,,,,,Ground]Ursaluna-Bloodmoon||AssaultVest|MindsEye|HyperVoice,BloodMoon,EarthPower,VacuumWave|||M|||50|,,,,,Water]Volcarona||Leftovers|FlameBody|HeatWave,TeraBlast,QuiverDance,Protect|||M|||50|,,,,,Fairy]Dragapult||ChoiceBand|ClearBody|SuckerPunch,DragonDarts,PhantomForce,Uturn|||F|||50|,,,,,Dragon
|showteam|p2|Torkoal||Charcoal|Drought|Eruption,Flamethrower,ClearSmog,Protect|||F|||50|,,,,,Fire]Lilligant-Hisui||FocusSash|Chlorophyll|SleepPowder,CloseCombat,Encore,AfterYou|||F|||50|,,,,,Ghost]Armarouge||LifeOrb|FlashFire|ExpandingForce,ArmorCannon,WideGuard,TrickRoom|||M|||50|,,,,,Grass]Indeedee-F||SafetyGoggles|PsychicSurge|FollowMe,HelpingHand,FakeOut,TrickRoom|||F|||50|,,,,,Steel]Gallade||ClearAmulet|Sharpness|SacredSword,NightSlash,DestinyBond,TrickRoom|||M|||50|,,,,,Dark]Ursaluna||FlameOrb|Guts|Facade,HeadlongRush,Earthquake,Protect|||F|||50|,,,,,Ghost
|inactive|Battle timer is ON: inactive players will automatically lose when time's up. (requested by EXHOUL)
|inactive|mythicalslol has 60 seconds left.
|inactive|EXHOUL has 60 seconds left.
|
|t:|1757653431
|teamsize|p1|4
|teamsize|p2|4
|start
|switch|p1a: Weezing|Weezing, L50, M|100/100
|switch|p1b: Dragapult|Dragapult, L50, F|100/100
|switch|p2a: Indeedee|Indeedee-F, L50, F|100/100
|switch|p2b: Armarouge|Armarouge, L50, M|100/100
|-ability|p1a: Weezing|Neutralizing Gas
|turn|1
|
|t:|1757653449
|move|p2a: Indeedee|Fake Out|p1a: Weezing
|-damage|p1a: Weezing|91/100
|move|p1b: Dragapult|Dragon Darts|p2b: Armarouge
|-damage|p2b: Armarouge|57/100
|-anim|p1b: Dragapult|Dragon Darts|p2a: Indeedee
|-damage|p2a: Indeedee|66/100
|cant|p1a: Weezing|flinch
|move|p2b: Armarouge|Trick Room|p2b: Armarouge
|-fieldstart|move: Trick Room|[of] p2b: Armarouge
|
|upkeep
|turn|2
|
|t:|1757653465
|move|p2a: Indeedee|Helping Hand|p2b: Armarouge
|-singleturn|p2b: Armarouge|Helping Hand|[of] p2a: Indeedee
|move|p2b: Armarouge|Expanding Force|p1b: Dragapult
|-crit|p1b: Dragapult
|-damage|p1b: Dragapult|0 fnt
|faint|p1b: Dragapult
|-damage|p2b: Armarouge|48/100|[from] item: Life Orb
|move|p1a: Weezing|Gunk Shot|p2b: Armarouge
|-damage|p2b: Armarouge|5/100
|
|upkeep
|
|t:|1757653472
|switch|p1b: Ursaluna|Ursaluna-Bloodmoon, L50, M|100/100
|turn|3
|
|t:|1757653482
|switch|p2a: Ursaluna|Ursaluna, L50, F|100/100
|move|p1a: Weezing|Protect|p1a: Weezing
|-singleturn|p1a: Weezing|Protect
|move|p2b: Armarouge|Wide Guard|p2b: Armarouge
|-singleturn|p2b: Armarouge|Wide Guard
|move|p1b: Ursaluna|Hyper Voice|p2b: Armarouge|[spread] 
|-activate|p2a: Ursaluna|move: Wide Guard
|-activate|p2b: Armarouge|move: Wide Guard
|
|-status|p2a: Ursaluna|brn|[from] item: Flame Orb
|upkeep
|turn|4
|
|t:|1757653497
|move|p1b: Ursaluna|Vacuum Wave|p2b: Armarouge
|-resisted|p2b: Armarouge
|-damage|p2b: Armarouge|0 fnt
|faint|p2b: Armarouge
|move|p2a: Ursaluna|Headlong Rush|p1a: Weezing
|-supereffective|p1a: Weezing
|-damage|p1a: Weezing|26/100
|-unboost|p2a: Ursaluna|def|1
|-unboost|p2a: Ursaluna|spd|1
|-enditem|p1a: Weezing|Sitrus Berry|[eat]
|-heal|p1a: Weezing|51/100|[from] item: Sitrus Berry
|move|p1a: Weezing|Gunk Shot|p2a: Ursaluna
|-resisted|p2a: Ursaluna
|-damage|p2a: Ursaluna|78/100 brn
|
|-damage|p2a: Ursaluna|72/100 brn|[from] brn
|upkeep
|
|t:|1757653504
|switch|p2b: Torkoal|Torkoal, L50, F|100/100
|turn|5
|
|t:|1757653520
|switch|p2a: Indeedee|Indeedee-F, L50, F|66/100
|-terastallize|p2b: Torkoal|Fire
|-terastallize|p1b: Ursaluna|Water
|move|p1a: Weezing|Protect|p1a: Weezing
|-singleturn|p1a: Weezing|Protect
|move|p2b: Torkoal|Eruption|p1a: Weezing|[spread] p1b
|-activate|p1a: Weezing|move: Protect
|-resisted|p1b: Ursaluna
|-damage|p1b: Ursaluna|74/100
|move|p1b: Ursaluna|Blood Moon|p2b: Torkoal
|-damage|p2b: Torkoal|4/100
|
|-fieldend|move: Trick Room
|upkeep
|turn|6
|
|t:|1757653544
|move|p2a: Indeedee|Fake Out|p1a: Weezing
|-damage|p1a: Weezing|44/100
|move|p1b: Ursaluna|Hyper Voice|p2a: Indeedee|[spread] p2a,p2b
|-damage|p2a: Indeedee|30/100
|-damage|p2b: Torkoal|0 fnt
|faint|p2b: Torkoal
|cant|p1a: Weezing|flinch
|
|upkeep
|
|t:|1757653548
|switch|p2b: Ursaluna|Ursaluna, L50, F|72/100 brn
|turn|7
|
|t:|1757653554
|move|p1a: Weezing|Protect|p1a: Weezing
|-singleturn|p1a: Weezing|Protect
|move|p1b: Ursaluna|Hyper Voice|p2a: Indeedee|[spread] p2a,p2b
|-damage|p2a: Indeedee|0 fnt
|-damage|p2b: Ursaluna|39/100 brn
|faint|p2a: Indeedee
|move|p2b: Ursaluna|Headlong Rush|p1a: Weezing
|-activate|p1a: Weezing|move: Protect
|
|-damage|p2b: Ursaluna|33/100 brn|[from] brn
|upkeep
|turn|8
|
|t:|1757653569
|move|p1b: Ursaluna|Blood Moon|p2b: Ursaluna
|-damage|p2b: Ursaluna|0 fnt
|faint|p2b: Ursaluna
|
|win|mythicalslol
||EXHOUL is ready for game 2.
||mythicalslol is ready for game 2.
|uhtml|next|Next: Game 2 of 3
