|j|☆Artsy_Snail
|j|☆Jackalope11
|html|Artsy_SnailJackalope11    
|uhtml|bestof|Game 1 of a best-of-3
|t:|1784921765
|gametype|doubles
|player|p1|Artsy_Snail|cyclistf-gen4|
|player|p2|Jackalope11|1|
|gen|9
|tier|[Gen 9 Champions] VGC 2026 Reg M-B (Bo3)
|rule|Species Clause: Limit one of each Pokémon
|rule|Item Clause: Limit 1 of each item
|clearpoke
|poke|p1|Sableye, L50, M|
|poke|p1|Dragonite, L50, M|
|poke|p1|Politoed, L50, M|
|poke|p1|Archaludon, L50, F|
|poke|p1|Raichu, L50, F|
|poke|p1|Aromatisse, L50, M|
|poke|p2|Charizard, L50, F|
|poke|p2|Garchomp, L50, M|
|poke|p2|Sableye, L50, F|
|poke|p2|Basculegion, L50, M|
|poke|p2|Venusaur, L50, M|
|poke|p2|Sylveon, L50, F|
|teampreview|4
|showteam|p1|Sableye||FocusSash|Prankster|RainDance,LightScreen,FakeOut,Quash|Relaxed||M|||50|]Dragonite||LumBerry|Multiscale|Tailwind,Hurricane,DragonPulse,Protect|Modest||M|||50|]Politoed||SitrusBerry|Drizzle|WeatherBall,IcyWind,Encore,Protect|Modest||M|||50|]Archaludon||Leftovers|Stamina|ElectroShot,DragonPulse,FlashCannon,Protect|Modest||F|||50|]Raichu||RaichuniteX|Static|VoltTackle,VoltSwitch,FakeOut,Protect|Jolly||F|||50|]Aromatisse||FairyFeather|AromaVeil|HealPulse,AllySwitch,Moonblast,Disable|Modest||M|||50|
|showteam|p2|Charizard||CharizarditeY|Blaze|HeatWave,WeatherBall,SolarBeam,Protect|Modest||F|||50|]Garchomp||ExpertBelt|RoughSkin|PowerGem,EarthPower,DragonPulse,Protect|Timid||M|||50|]Sableye||Sablenite|Prankster|Encore,SunnyDay,LightScreen,ThunderWave|Relaxed||F|||50|]Basculegion||LifeOrb|SwiftSwim|LastRespects,WaveCrash,AquaJet,Protect|Adamant||M|||50|]Venusaur||FocusSash|Chlorophyll|SleepPowder,SludgeBomb,EnergyBall,Protect|Modest||M|||50|]Sylveon||FairyFeather|Pixilate|HyperVoice,QuickAttack,HyperBeam,Detect|Modest||F|||50|
|inactive|Battle timer is ON: inactive players will automatically lose when time's up. (requested by Artsy_Snail)
|c|☆Artsy_Snail|glhf
|c|☆Jackalope11|gimmie a sec i might have to afk for a couple mins mid game sorry
|inactive|Artsy_Snail has 60 seconds left.
|inactive|Jackalope11 has 60 seconds left.
|c|☆Artsy_Snail|is open team sheets on?
|c|☆Jackalope11|not for the format but oh well
|inactive|Artsy_Snail has 30 seconds left.
|inactive|Jackalope11 has 30 seconds left.
|c|☆Artsy_Snail|sorry im not sure why!
|c|☆Artsy_Snail|i wont look!
|inactive|Artsy_Snail has 20 seconds left.
|inactive|Jackalope11 has 20 seconds left.
|inactive|Artsy_Snail has 15 seconds left.
|inactive|Artsy_Snail has 10 seconds left.
|inactive|Artsy_Snail has 5 seconds left.
|
|t:|1784921855
|teamsize|p1|4
|teamsize|p2|4
|start
|switch|p1a: Dragonite|Dragonite, L50, M|100/100
|switch|p1b: Sableye|Sableye, L50, M|100/100
|switch|p2a: Charizard|Charizard, L50, F|100/100
|switch|p2b: Garchomp|Garchomp, L50, M|100/100
|turn|1
|
|t:|1784921878
|detailschange|p2a: Charizard|Charizard-Mega-Y, L50, F
|-mega|p2a: Charizard|Charizard|Charizardite Y
|-weather|SunnyDay|[from] ability: Drought|[of] p2a: Charizard
|move|p1b: Sableye|Fake Out|p2a: Charizard
|-damage|p2a: Charizard|89/100
|move|p2b: Garchomp|Dragon Pulse|p1a: Dragonite
|-supereffective|p1a: Dragonite|1
|-crit|p1a: Dragonite
|-damage|p1a: Dragonite|50/100g
|cant|p2a: Charizard|flinch
|move|p1a: Dragonite|Tailwind|p1a: Dragonite
|-sidestart|p1: Artsy_Snail|move: Tailwind
|
|-weather|SunnyDay|[upkeep]
|upkeep
|turn|2
|inactive|Artsy_Snail has 30 seconds left.
|
|t:|1784921904
|switch|p2a: Sylveon|Sylveon, L50, F|100/100
|move|p1b: Sableye|Light Screen|p1b: Sableye
|-sidestart|p1: Artsy_Snail|move: Light Screen
|move|p1a: Dragonite|Dragon Pulse|p2b: Garchomp
|-supereffective|p2b: Garchomp|1
|-damage|p2b: Garchomp|1/100
|move|p2b: Garchomp|Dragon Pulse|p1a: Dragonite
|-supereffective|p1a: Dragonite|1
|-damage|p1a: Dragonite|0 fnt
|faint|p1a: Dragonite
|
|-weather|SunnyDay|[upkeep]
|upkeep
|
|t:|1784921916
|switch|p1a: Raichu|Raichu, L50, F|100/100
|turn|3
|
|t:|1784921936
|switch|p2b: Charizard|Charizard-Mega-Y, L50, F|89/100
|detailschange|p1a: Raichu|Raichu-Mega-X, L50, F
|-mega|p1a: Raichu|Raichu|Raichunite X
|-fieldstart|move: Electric Terrain|[from] ability: Electric Surge|[of] p1a: Raichu
|move|p1a: Raichu|Fake Out|p2b: Charizard
|-damage|p2b: Charizard|72/100
|move|p1b: Sableye|Rain Dance|p1b: Sableye
|-weather|RainDance
|move|p2a: Sylveon|Hyper Beam|p1a: Raichu
|-damage|p1a: Raichu|23/100
|-mustrecharge|p2a: Sylveon
|
|-weather|RainDance|[upkeep]
|upkeep
|turn|4
|inactive|Jackalope11 has 30 seconds left.
|
|t:|1784921966
|move|p1b: Sableye|Quash|p2a: Sylveon
|-activate|p2a: Sylveon|move: Quash
|move|p1a: Raichu|Volt Switch|p2b: Charizard
|-supereffective|p2b: Charizard|1
|-damage|p2b: Charizard|18/100
|
|t:|1784921972
|switch|p1a: Archaludon|Archaludon, L50, F|100/100|[from] Volt Switch
|move|p2b: Charizard|Solar Beam||[still]
|-prepare|p2b: Charizard|Solar Beam
|cant|p2a: Sylveon|recharge
|
|-weather|RainDance|[upkeep]
|-sideend|p1: Artsy_Snail|move: Tailwind
|upkeep
|turn|5
|inactive|Artsy_Snail has 30 seconds left.
|inactive|Jackalope11 has 30 seconds left.
|
|t:|1784922000
|move|p1b: Sableye|Quash|p2a: Sylveon
|-activate|p2a: Sylveon|move: Quash
|move|p2b: Charizard|Solar Beam|p1a: Archaludon|[from] lockedmove
|-resisted|p1a: Archaludon|2
|-damage|p1a: Archaludon|95/100
|-ability|p1a: Archaludon|Stamina|boost
|-boost|p1a: Archaludon|def|1
|move|p1a: Archaludon|Flash Cannon|p2a: Sylveon
|-supereffective|p2a: Sylveon|1
|-damage|p2a: Sylveon|36/100
|move|p2a: Sylveon|Hyper Voice|p1a: Archaludon|[spread] p1a,p1b
|-supereffective|p1b: Sableye|1
|-damage|p1a: Archaludon|65/100
|-damage|p1b: Sableye|21/100
|-ability|p1a: Archaludon|Stamina|boost
|-boost|p1a: Archaludon|def|1
|
|-weather|RainDance|[upkeep]
|-heal|p1a: Archaludon|71/100|[from] item: Leftovers
|upkeep
|turn|6
|inactive|Artsy_Snail has 30 seconds left.
|
|t:|1784922032
|switch|p1b: Raichu|Raichu-Mega-X, L50, F|23/100
|move|p2a: Sylveon|Quick Attack|p1b: Raichu
|-damage|p1b: Raichu|9/100
|move|p2b: Charizard|Weather Ball|p1b: Raichu
|-damage|p1b: Raichu|0 fnt
|faint|p1b: Raichu
|move|p1a: Archaludon|Flash Cannon|p2a: Sylveon
|-supereffective|p2a: Sylveon|1
|-damage|p2a: Sylveon|0 fnt
|faint|p2a: Sylveon
|
|-weather|RainDance|[upkeep]
|-heal|p1a: Archaludon|76/100|[from] item: Leftovers
|-sideend|p1: Artsy_Snail|move: Light Screen
|upkeep
|
|t:|1784922050
|switch|p1b: Sableye|Sableye, L50, M|21/100
|switch|p2a: Basculegion|Basculegion, L50, M|100/100
|turn|7
|
|t:|1784922069
|move|p2a: Basculegion|Protect|p2a: Basculegion
|-singleturn|p2a: Basculegion|Protect
|move|p1b: Sableye|Fake Out|p2b: Charizard
|-damage|p2b: Charizard|8/100
|cant|p2b: Charizard|flinch
|move|p1a: Archaludon|Electro Shot||[still]
|-prepare|p1a: Archaludon|Electro Shot
|-boost|p1a: Archaludon|spa|1
|-anim|p1a: Archaludon|Electro Shot|p2a: Basculegion
|-activate|p2a: Basculegion|move: Protect
|
|-weather|none
|-heal|p1a: Archaludon|82/100|[from] item: Leftovers
|-fieldend|move: Electric Terrain
|upkeep
|turn|8
|inactive|Jackalope11 has 30 seconds left.
|
|t:|1784922096
|move|p1b: Sableye|Rain Dance|p1b: Sableye
|-weather|RainDance
|move|p2a: Basculegion|Last Respects|p1a: Archaludon
|-damage|p1a: Archaludon|55/100
|-ability|p1a: Archaludon|Stamina|boost
|-boost|p1a: Archaludon|def|1
|-damage|p2a: Basculegion|90/100|[from] item: Life Orb
|move|p2b: Charizard|Heat Wave|p1b: Sableye|[spread] p1a,p1b
|-crit|p1a: Archaludon
|-damage|p1a: Archaludon|22/100
|-damage|p1b: Sableye|0 fnt
|-ability|p1a: Archaludon|Stamina|boost
|-boost|p1a: Archaludon|def|1
|faint|p1b: Sableye
|move|p1a: Archaludon|Electro Shot||[still]
|-prepare|p1a: Archaludon|Electro Shot
|-boost|p1a: Archaludon|spa|1
|-anim|p1a: Archaludon|Electro Shot|p2a: Basculegion
|-supereffective|p2a: Basculegion|1
|-damage|p2a: Basculegion|0 fnt
|faint|p2a: Basculegion
|
|-weather|RainDance|[upkeep]
|-heal|p1a: Archaludon|27/100|[from] item: Leftovers
|upkeep
|
|t:|1784922107
|switch|p2a: Garchomp|Garchomp, L50, M|1/100
|turn|9
|
|t:|1784922125
|move|p2a: Garchomp|Earth Power|p1a: Archaludon
|-supereffective|p1a: Archaludon|1
|-damage|p1a: Archaludon|0 fnt
|faint|p1a: Archaludon
|
|win|Jackalope11
|inactive|Artsy_Snail has 30 seconds to confirm battle start!
|inactive|Jackalope11 has 30 seconds to confirm battle start!
||Artsy_Snail is ready for game 2.
|l|☆Jackalope11
|player|p2|
|inactive|Jackalope11 has 20 seconds to confirm battle start!
|j|☆Jackalope11
|player|p2|Jackalope11|1|
|inactive|Jackalope11 has 10 seconds to confirm battle start!
||Jackalope11 is ready for game 2.
|uhtml|next|Next: Game 2 of 3
