|j|☆retking
|j|☆VoltTurnFPL
|html|retkingVoltTurnFPL    
|uhtml|bestof|Game 2 of a best-of-3
|t:|1782664425
|gametype|doubles
|player|p1|retking|n|
|player|p2|VoltTurnFPL|clerkf|
|gen|9
|tier|[Gen 9 Champions] VGC 2026 Reg M-B (Bo3)
|rule|Species Clause: Limit one of each Pokémon
|rule|Item Clause: Limit 1 of each item
|clearpoke
|poke|p1|Whimsicott, L50, M|
|poke|p1|Floette-Eternal, L50, F|
|poke|p1|Charizard, L50, F|
|poke|p1|Garchomp, L50, M|
|poke|p1|Basculegion, L50, M|
|poke|p1|Kingambit, L50, F|
|poke|p2|Pelipper, L50, M, shiny|
|poke|p2|Swampert, L50, M, shiny|
|poke|p2|Metagross, L50, shiny|
|poke|p2|Archaludon, L50, M, shiny|
|poke|p2|Grimmsnarl, L50, M, shiny|
|poke|p2|Sinistcha, L50, shiny|
|teampreview|4
|showteam|p1|Whimsicott||FocusSash|Prankster|Moonblast,Tailwind,Encore,Protect|Timid||M|||50|]Floette-Eternal||Floettite|FlowerVeil|DazzlingGleam,Moonblast,LightofRuin,Protect|Timid||F|||50|]Charizard||CharizarditeY|Blaze|HeatWave,WeatherBall,SolarBeam,Protect|Modest||F|||50|]Garchomp||LifeOrb|RoughSkin|Earthquake,DragonClaw,RockSlide,Protect|Jolly||M|||50|]Basculegion||MysticWater|Adaptability|WaveCrash,LastRespects,AquaJet,Protect|Adamant||M|||50|]Kingambit||BlackGlasses|Defiant|KowtowCleave,SuckerPunch,IronHead,Protect|Adamant||F|||50|
|showteam|p2|Pelipper||SitrusBerry|Drizzle|Hurricane,WeatherBall,Tailwind,WideGuard|Modest||M|||50|]Swampert||Swampertite|Damp|WaveCrash,Earthquake,IcePunch,Protect|Adamant||M|||50|]Metagross||Metagrossite|ClearBody|IronHead,PsychicFangs,BodyPress,Protect|Jolly|||||50|]Archaludon||Leftovers|Stamina|ElectroShot,DragonPulse,FlashCannon,Protect|Modest||M|||50|]Grimmsnarl||LightClay|Prankster|FoulPlay,PartingShot,Reflect,LightScreen|Calm||M|||50|]Sinistcha||CobaBerry|Hospitality|MatchaGotcha,RagePowder,TrickRoom,Protect|Relaxed|||||50|
|inactive|Battle timer is ON: inactive players will automatically lose when time's up. (requested by retking)
|c|☆VoltTurnFPL|Glhf!
|inactive|retking has 60 seconds left.
|inactive|VoltTurnFPL has 60 seconds left.
|j| Izzywooperstan
|j| LuixenS
|j| X2Muz
|c| X2Muz|go lunalas!
|inactive|retking has 30 seconds left.
|
|t:|1782664495
|teamsize|p1|4
|teamsize|p2|4
|start
|switch|p1a: Charizard|Charizard, L50, F|100/100
|switch|p1b: Whimsicott|Whimsicott, L50, M|100/100
|switch|p2a: Grimmsnarl|Grimmsnarl, L50, M, shiny|100/100
|switch|p2b: Archaludon|Archaludon, L50, M, shiny|100/100
|turn|1
|j| Bbob415
|j| VioletVeiledQueen
|inactive|retking has 30 seconds left.
|j| Jaybee394
|inactive|retking has 20 seconds left.
|inactive|retking has 15 seconds left.
|
|t:|1782664536
|switch|p1a: Kingambit|Kingambit, L50, F|100/100
|move|p2b: Archaludon|Protect|p2b: Archaludon
|-singleturn|p2b: Archaludon|Protect
|move|p2a: Grimmsnarl|Light Screen|p2a: Grimmsnarl
|-sidestart|p2: VoltTurnFPL|move: Light Screen
|move|p1b: Whimsicott|Moonblast|p2a: Grimmsnarl
|-supereffective|p2a: Grimmsnarl|1
|-damage|p2a: Grimmsnarl|55/100
|
|upkeep
|turn|2
|
|t:|1782664558
|switch|p2b: Swampert|Swampert, L50, M, shiny|100/100
|move|p1b: Whimsicott|Encore||[still]
|-fail|p1b: Whimsicott
|move|p2a: Grimmsnarl|Reflect|p2a: Grimmsnarl
|-sidestart|p2: VoltTurnFPL|Reflect
|move|p1a: Kingambit|Iron Head|p2a: Grimmsnarl
|-supereffective|p2a: Grimmsnarl|1
|-damage|p2a: Grimmsnarl|0 fnt
|faint|p2a: Grimmsnarl
|
|upkeep
|
|t:|1782664567
|switch|p2a: Pelipper|Pelipper, L50, M, shiny|100/100
|-weather|RainDance|[from] ability: Drizzle|[of] p2a: Pelipper
|turn|3
|j| ZardiCharVGC
|inactive|retking has 30 seconds left.
|inactive|retking has 20 seconds left.
|
|t:|1782664602
|detailschange|p2b: Swampert|Swampert-Mega, L50, M, shiny
|-mega|p2b: Swampert|Swampert|Swampertite
|move|p1b: Whimsicott|Protect|p1b: Whimsicott
|-singleturn|p1b: Whimsicott|Protect
|move|p1a: Kingambit|Sucker Punch|p2b: Swampert
|-damage|p2b: Swampert|71/100
|move|p2b: Swampert|Earthquake|p1a: Kingambit|[spread] p1a
|-activate|p1b: Whimsicott|move: Protect
|-immune|p2a: Pelipper
|-supereffective|p1a: Kingambit|1
|-damage|p1a: Kingambit|33/100
|move|p2a: Pelipper|Tailwind|p2a: Pelipper
|-sidestart|p2: VoltTurnFPL|move: Tailwind
|
|-weather|RainDance|[upkeep]
|upkeep
|turn|4
|
|t:|1782664623
|switch|p2b: Archaludon|Archaludon, L50, M, shiny|100/100
|move|p1b: Whimsicott|Encore|p2a: Pelipper
|-start|p2a: Pelipper|Encore
|move|p1a: Kingambit|Sucker Punch||[still]
|-fail|p1a: Kingambit
|move|p2a: Pelipper|Tailwind||[still]
|-fail|p2a: Pelipper
|
|-weather|RainDance|[upkeep]
|upkeep
|turn|5
|j| xolo13
|
|t:|1782664637
|move|p2b: Archaludon|Electro Shot||[still]
|-prepare|p2b: Archaludon|Electro Shot
|-boost|p2b: Archaludon|spa|1
|-anim|p2b: Archaludon|Electro Shot|p1a: Kingambit
|-damage|p1a: Kingambit|0 fnt
|faint|p1a: Kingambit
|move|p2a: Pelipper|Tailwind||[still]
|-fail|p2a: Pelipper
|move|p1b: Whimsicott|Moonblast|p2a: Pelipper
|-damage|p2a: Pelipper|73/100
|
|-weather|RainDance|[upkeep]
|upkeep
|
|t:|1782664647
|switch|p1a: Charizard|Charizard, L50, F|100/100
|turn|6
|
|t:|1782664665
|switch|p2a: Swampert|Swampert-Mega, L50, M, shiny|71/100
|detailschange|p1a: Charizard|Charizard-Mega-Y, L50, F
|-mega|p1a: Charizard|Charizard|Charizardite Y
|-weather|SunnyDay|[from] ability: Drought|[of] p1a: Charizard
|move|p2b: Archaludon|Dragon Pulse|p1a: Charizard
|-damage|p1a: Charizard|44/100
|move|p1b: Whimsicott|Moonblast|p2b: Archaludon
|-damage|p2b: Archaludon|77/100
|-ability|p2b: Archaludon|Stamina|boost
|-boost|p2b: Archaludon|def|1
|move|p1a: Charizard|Weather Ball|p2b: Archaludon
|-damage|p2b: Archaludon|23/100
|-ability|p2b: Archaludon|Stamina|boost
|-boost|p2b: Archaludon|def|1
|
|-weather|SunnyDay|[upkeep]
|-heal|p2b: Archaludon|29/100|[from] item: Leftovers
|-sideend|p2: VoltTurnFPL|move: Tailwind
|upkeep
|turn|7
|j| coolguy14604
|j| RunningRad
|
|t:|1782664688
|switch|p2b: Pelipper|Pelipper, L50, M, shiny|73/100
|-weather|RainDance|[from] ability: Drizzle|[of] p2b: Pelipper
|move|p1a: Charizard|Protect|p1a: Charizard
|-singleturn|p1a: Charizard|Protect
|move|p1b: Whimsicott|Tailwind|p1b: Whimsicott
|-sidestart|p1: retking|move: Tailwind
|move|p2a: Swampert|Wave Crash|p1a: Charizard
|-activate|p1a: Charizard|move: Protect
|
|-weather|RainDance|[upkeep]
|upkeep
|turn|8
|inactive|VoltTurnFPL has 30 seconds left.
|inactive|VoltTurnFPL has 20 seconds left.
|
|t:|1782664723
|switch|p1a: Basculegion|Basculegion, L50, M|100/100
|move|p1b: Whimsicott|Protect|p1b: Whimsicott
|-singleturn|p1b: Whimsicott|Protect
|move|p2a: Swampert|Ice Punch|p1b: Whimsicott
|-activate|p1b: Whimsicott|move: Protect
|move|p2b: Pelipper|Tailwind|p2b: Pelipper
|-sidestart|p2: VoltTurnFPL|move: Tailwind
|
|-weather|RainDance|[upkeep]
|-sideend|p2: VoltTurnFPL|move: Light Screen
|upkeep
|turn|9
|l| X2Muz
|
|t:|1782664746
|move|p1b: Whimsicott|Encore|p2a: Swampert
|-start|p2a: Swampert|Encore
|move|p2a: Swampert|Ice Punch|p1a: Basculegion
|-resisted|p1a: Basculegion|1
|-damage|p1a: Basculegion|80/100
|move|p1a: Basculegion|Wave Crash|p2b: Pelipper
|-resisted|p2b: Pelipper|1
|-damage|p2b: Pelipper|24/100
|-enditem|p2b: Pelipper|Sitrus Berry|[eat]
|-heal|p2b: Pelipper|49/100|[from] item: Sitrus Berry
|-damage|p1a: Basculegion|67/100|[from] Recoil
|move|p2b: Pelipper|Hurricane|p1b: Whimsicott
|-supereffective|p1b: Whimsicott|1
|-enditem|p1b: Whimsicott|Focus Sash
|-damage|p1b: Whimsicott|1/100
|-start|p1b: Whimsicott|confusion
|
|-weather|RainDance|[upkeep]
|-sideend|p2: VoltTurnFPL|Reflect
|upkeep
|turn|10
|inactive|retking has 30 seconds left.
|inactive|VoltTurnFPL has 30 seconds left.
|
|t:|1782664776
|switch|p2b: Archaludon|Archaludon, L50, M, shiny|29/100
|-activate|p1b: Whimsicott|confusion
|-damage|p1b: Whimsicott|0 fnt|[from] confusion
|faint|p1b: Whimsicott
|move|p2a: Swampert|Ice Punch|p1a: Basculegion
|-resisted|p1a: Basculegion|1
|-damage|p1a: Basculegion|48/100
|move|p1a: Basculegion|Wave Crash|p2a: Swampert
|-damage|p2a: Swampert|0 fnt
|faint|p2a: Swampert
|-damage|p1a: Basculegion|25/100|[from] Recoil
|
|-weather|RainDance|[upkeep]
|-heal|p2b: Archaludon|36/100|[from] item: Leftovers
|-sideend|p1: retking|move: Tailwind
|upkeep
|
|t:|1782664790
|switch|p1b: Charizard|Charizard-Mega-Y, L50, F|44/100
|switch|p2a: Pelipper|Pelipper, L50, M, shiny|49/100
|-weather|SunnyDay|[from] ability: Drought|[of] p1b: Charizard
|turn|11
|
|t:|1782664810
|move|p1b: Charizard|Protect|p1b: Charizard
|-singleturn|p1b: Charizard|Protect
|move|p1a: Basculegion|Protect|p1a: Basculegion
|-singleturn|p1a: Basculegion|Protect
|move|p2b: Archaludon|Dragon Pulse|p1b: Charizard
|-activate|p1b: Charizard|move: Protect
|move|p2a: Pelipper|Weather Ball|p1a: Basculegion
|-activate|p1a: Basculegion|move: Protect
|
|-weather|SunnyDay|[upkeep]
|-heal|p2b: Archaludon|42/100|[from] item: Leftovers
|-sideend|p2: VoltTurnFPL|move: Tailwind
|upkeep
|turn|12
|
|t:|1782664832
|move|p1b: Charizard|Weather Ball|p2b: Archaludon
|-damage|p2b: Archaludon|0 fnt
|faint|p2b: Archaludon
|move|p1a: Basculegion|Last Respects|p2a: Pelipper
|-damage|p2a: Pelipper|0 fnt
|faint|p2a: Pelipper
|
|win|retking
||retking is ready for game 3.
|inactive|VoltTurnFPL has 30 seconds to confirm battle start!
||VoltTurnFPL is ready for game 3.
|uhtml|next|Next: Game 3 of 3
|l| xolo13
|j| YamperIsTheBest
|l| Bbob415
|j| Bbob415
|j| xolo13
|j| LittleScreenGarby
|l| LuixenS
|l|☆VoltTurnFPL
|player|p2|
|l| Izzywooperstan
|l| xolo13
|l| LittleScreenGarby
|l| YamperIsTheBest
|l| coolguy14604
|l| Bbob415
|l| RunningRad
|l| VioletVeiledQueen
|l| Jaybee394
|l|☆retking
|player|p1|
|j|☆retking
|player|p1|retking|n|
