|j|☆Capitan-N
|j|☆chawieeee
|html|Capitan-Nchawieeee    
|uhtml|bestof|Game 1 of a best-of-3
|t:|1757826238
|gametype|doubles
|player|p1|Capitan-N|n|1014
|player|p2|chawieeee|102|1125
|gen|9
|tier|[Gen 9] VGC 2025 Reg H (Bo3)
|rated|
|rule|Species Clause: Limit one of each Pokémon
|rule|Item Clause: Limit 1 of each item
|clearpoke
|poke|p1|Morpeko, L50, F|
|poke|p1|Arcanine, L50, F|
|poke|p1|Annihilape, L50, M|
|poke|p1|Porygon-Z, L50|
|poke|p1|Amoonguss, L50, M|
|poke|p1|Dragonite, L50, F|
|poke|p2|Tinkaton, L50, F|
|poke|p2|Ursaluna-Bloodmoon, L50, M|
|poke|p2|Incineroar, L50, F|
|poke|p2|Politoed, L50, M|
|poke|p2|Beartic, L50, F|
|poke|p2|Kilowattrel, L50, F|
|teampreview|4
|showteam|p1|Morpeko||FocusSash|HungerSwitch|AuraWheel,FakeOut,Protect,Taunt|||F|||50|,,,,,Ghost]Arcanine||AssaultVest|Intimidate|Flamethrower,ScorchingSands,DragonPulse,Snarl|||F|||50|,,,,,Dragon]Annihilape||ChoiceScarf|Defiant|CloseCombat,PhantomForce,Uturn,FinalGambit|||M|||50|,,,,,Fire]Porygon-Z||ChoiceSpecs|Adaptability|TeraBlast,TriAttack,Thunderbolt,ShadowBall||||||50|,,,,,Fighting]Amoonguss||CovertCloak|Regenerator|Spore,PollenPuff,Protect,RagePowder|||M|||50|,,,,,Dark]Dragonite||ChoiceBand|InnerFocus|ExtremeSpeed,DragonClaw,IceSpinner,StompingTantrum|||F|||50|,,,,,Normal
|showteam|p2|Tinkaton||WideLens|MoldBreaker|FakeOut,ThunderWave,Encore,PlayRough|||F|||50|,,,,,Grass]Ursaluna-Bloodmoon||LifeOrb|MindsEye|BloodMoon,EarthPower,HyperVoice,Protect|||M|||50|,,,,,Ghost]Incineroar||SafetyGoggles|Intimidate|FakeOut,Uturn,KnockOff,Taunt|||F|||50|,,,,,Bug]Politoed||AssaultVest|Drizzle|MuddyWater,WeatherBall,IcyWind,IceBeam|||M|||50|,,,,,Grass]Beartic||LoadedDice|SwiftSwim|IcicleSpear,CloseCombat,Liquidation,Protect|||F|||50|,,,,,Water]Kilowattrel||FocusSash|Competitive|Tailwind,VoltSwitch,Hurricane,Protect|||F|||50|,,,,,Electric
|inactive|Battle timer is ON: inactive players will automatically lose when time's up. (requested by chawieeee)
|inactive|Capitan-N has 60 seconds left.
|inactive|chawieeee has 60 seconds left.
|
|t:|1757826275
|teamsize|p1|4
|teamsize|p2|4
|start
|switch|p1a: Morpeko|Morpeko, L50, F, shiny|100/100
|switch|p1b: Dragonite|Dragonite, L50, F, shiny|100/100
|switch|p2a: Incineroar|Incineroar, L50, F|100/100
|switch|p2b: Kilowattrel|Kilowattrel, L50, F|100/100
|-ability|p2a: Incineroar|Intimidate|boost
|-unboost|p1a: Morpeko|atk|1
|-fail|p1b: Dragonite|unboost|Attack|[from] ability: Inner Focus|[of] p1b: Dragonite
|turn|1
|inactive|Capitan-N has 30 seconds left.
|inactive|chawieeee has 30 seconds left.
|
|t:|1757826309
|move|p2b: Kilowattrel|Protect|p2b: Kilowattrel
|-singleturn|p2b: Kilowattrel|Protect
|move|p1a: Morpeko|Aura Wheel|p2a: Incineroar
|-damage|p2a: Incineroar|74/100
|-boost|p1a: Morpeko|spe|1
|move|p1b: Dragonite|Stomping Tantrum|p2a: Incineroar
|-supereffective|p2a: Incineroar
|-damage|p2a: Incineroar|0 fnt
|faint|p2a: Incineroar
|
|-formechange|p1a: Morpeko|Morpeko-Hangry||[from] ability: Hunger Switch
|upkeep
|
|t:|1757826327
|switch|p2a: Beartic|Beartic, L50, F|100/100
|turn|2
|
|t:|1757826342
|switch|p2b: Politoed|Politoed, L50, M|100/100
|-weather|RainDance|[from] ability: Drizzle|[of] p2b: Politoed
|switch|p1b: Annihilape|Annihilape, L50, M, shiny|100/100
|move|p1a: Morpeko|Aura Wheel|p2b: Politoed
|-damage|p2b: Politoed|68/100
|-boost|p1a: Morpeko|spe|1
|move|p2a: Beartic|Icicle Spear|p1b: Annihilape
|-damage|p1b: Annihilape|86/100
|-crit|p1b: Annihilape
|-damage|p1b: Annihilape|63/100
|-damage|p1b: Annihilape|49/100
|-damage|p1b: Annihilape|34/100
|-damage|p1b: Annihilape|20/100
|-hitcount|p1b: Annihilape|5
|
|-weather|RainDance|[upkeep]
|-formechange|p1a: Morpeko|Morpeko||[from] ability: Hunger Switch
|upkeep
|turn|3
|inactive|chawieeee has 30 seconds left.
|
|t:|1757826371
|-terastallize|p2a: Beartic|Water
|move|p1a: Morpeko|Aura Wheel|p2b: Politoed
|-supereffective|p2b: Politoed
|-damage|p2b: Politoed|1/100
|-boost|p1a: Morpeko|spe|1
|move|p2a: Beartic|Icicle Spear|p1a: Morpeko
|-damage|p1a: Morpeko|76/100
|-damage|p1a: Morpeko|48/100
|-crit|p1a: Morpeko
|-damage|p1a: Morpeko|10/100
|-damage|p1a: Morpeko|0 fnt
|faint|p1a: Morpeko
|-hitcount|p1: Morpeko|4
|move|p1b: Annihilape|U-turn|p2a: Beartic
|-damage|p2a: Beartic|74/100
|
|t:|1757826386
|switch|p1b: Amoonguss|Amoonguss, L50, M, shiny|100/100|[from] U-turn
|move|p2b: Politoed|Weather Ball|p1b: Amoonguss
|-resisted|p1b: Amoonguss
|-crit|p1b: Amoonguss
|-damage|p1b: Amoonguss|63/100
|
|-weather|RainDance|[upkeep]
|upkeep
|
|t:|1757826394
|switch|p1a: Dragonite|Dragonite, L50, F, shiny|100/100
|turn|4
|
|t:|1757826415
|-terastallize|p1a: Dragonite|Normal
|move|p1a: Dragonite|Extreme Speed|p2a: Beartic
|-damage|p2a: Beartic|0 fnt
|faint|p2a: Beartic
|move|p2b: Politoed|Ice Beam|p1a: Dragonite
|-damage|p1a: Dragonite|76/100
|move|p1b: Amoonguss|Pollen Puff|p2b: Politoed
|-damage|p2b: Politoed|0 fnt
|faint|p2b: Politoed
|
|-weather|RainDance|[upkeep]
|upkeep
|
|t:|1757826427
|switch|p2b: Kilowattrel|Kilowattrel, L50, F|100/100
|turn|5
|
|t:|1757826433
|move|p1a: Dragonite|Extreme Speed|p2b: Kilowattrel
|-enditem|p2b: Kilowattrel|Focus Sash
|-damage|p2b: Kilowattrel|1/100
|move|p2b: Kilowattrel|Hurricane|p1a: Dragonite
|-damage|p1a: Dragonite|18/100
|move|p1b: Amoonguss|Spore|p2b: Kilowattrel
|-status|p2b: Kilowattrel|slp|[from] move: Spore
|
|-weather|RainDance|[upkeep]
|upkeep
|turn|6
|
|t:|1757826447
|move|p1a: Dragonite|Extreme Speed|p2b: Kilowattrel
|-damage|p2b: Kilowattrel|0 fnt
|faint|p2b: Kilowattrel
|
|win|Capitan-N
||chawieeee is ready for game 2.
|l|☆Capitan-N
|player|p1|
||Capitan-N is ready for game 2.
|uhtml|next|Next: Game 2 of 3
|l|☆chawieeee
|player|p2|
