|j|☆x-demon18
|j|☆GettingWickedBlow
|html|x-demon18GettingWickedBlow    
|uhtml|bestof|Game 2 of a best-of-3
|t:|1784604648
|gametype|doubles
|player|p1|x-demon18|lucas|1077
|player|p2|GettingWickedBlow|n|1030
|gen|9
|tier|[Gen 9 Champions] VGC 2026 Reg M-B (Bo3)
|rated|
|rule|Species Clause: Limit one of each Pokémon
|rule|Item Clause: Limit 1 of each item
|clearpoke
|poke|p1|Incineroar, L50, F|
|poke|p1|Rotom-Wash, L50|
|poke|p1|Venusaur, L50, M|
|poke|p1|Corviknight, L50, M|
|poke|p1|Sylveon, L50, F|
|poke|p1|Garchomp, L50, M|
|poke|p2|Dragonite, L50, F, shiny|
|poke|p2|Whimsicott, L50, F|
|poke|p2|Charizard, L50, F, shiny|
|poke|p2|Garchomp, L50, F|
|poke|p2|Kingambit, L50, M, shiny|
|poke|p2|Basculegion, L50, M, shiny|
|teampreview|4
|showteam|p1|Incineroar||ExpertBelt|Intimidate|FakeOut,TemperFlare,ThroatChop,PartingShot|Adamant||F|||50|]Rotom-Wash||RindoBerry|Levitate|HydroPump,Electroweb,WillOWisp,VoltSwitch|Modest|||||50|]Venusaur||Venusaurite|Chlorophyll|GigaDrain,SludgeBomb,EarthPower,Protect|Modest||M|||50|]Corviknight||OccaBerry|MirrorArmor|Tailwind,DualWingbeat,IronHead,BodyPress|Adamant||M|||50|]Sylveon||FairyFeather|Pixilate|HyperVoice,QuickAttack,Yawn,Detect|Modest||F|||50|]Garchomp||LifeOrb|RoughSkin|RockSlide,DragonClaw,StompingTantrum,Protect|Jolly||M|||50|
|showteam|p2|Dragonite||Dragoninite|Multiscale|DragonPulse,Thunderbolt,HeatWave,Protect|Timid||F|||50|]Whimsicott||FocusSash|Prankster|Protect,Moonblast,Encore,Tailwind|Modest||F|||50|]Charizard||CharizarditeY|Blaze|HeatWave,WeatherBall,SolarBeam,Protect|Modest||F|||50|]Garchomp||RoseliBerry|RoughSkin|Earthquake,DragonClaw,RockSlide,PoisonJab|Adamant||F|||50|]Kingambit||ChopleBerry|Defiant|IronHead,KowtowCleave,SuckerPunch,Protect|Adamant||M|||50|]Basculegion||SitrusBerry|Adaptability|Protect,WaveCrash,AquaJet,LastRespects|Adamant||M|||50|
|inactive|Battle timer is ON: inactive players will automatically lose when time's up. (requested by GettingWickedBlow)
|inactive|GettingWickedBlow has 60 seconds left.
|inactive|x-demon18 has 60 seconds left.
|
|t:|1784604688
|teamsize|p1|4
|teamsize|p2|4
|start
|switch|p1a: Berserk|Garchomp, L50, M|100/100
|switch|p1b: HydroVolt|Rotom-Wash, L50|100/100
|switch|p2a: Whimsicott|Whimsicott, L50, F|100/100
|switch|p2b: Charizard|Charizard, L50, F, shiny|100/100
|turn|1
|l|☆GettingWickedBlow
|inactive|GettingWickedBlow disconnected and has a minute to reconnect!
|player|p2|
|j|☆GettingWickedBlow
|inactive|GettingWickedBlow reconnected and has 50 seconds left.
|player|p2|GettingWickedBlow|n|
|inactive|x-demon18 has 30 seconds left.
|inactive|x-demon18 has 20 seconds left.
|
|t:|1784604723
|switch|p2b: Kingambit|Kingambit, L50, M, shiny|100/100
|move|p1a: Berserk|Rock Slide|p2b: Kingambit|[spread] p2a,p2b
|-resisted|p2b: Kingambit|1
|-damage|p2a: Whimsicott|64/100
|-damage|p2b: Kingambit|90/100
|-damage|p1a: Berserk|90/100|[from] item: Life Orb
|cant|p2a: Whimsicott|flinch
|move|p1b: HydroVolt|Volt Switch|p2a: Whimsicott
|-resisted|p2a: Whimsicott|1
|-damage|p2a: Whimsicott|40/100
|
|t:|1784604736
|switch|p1b: Yggdrasil|Venusaur, L50, M|100/100|[from] Volt Switch
|
|upkeep
|turn|2
|
|t:|1784604749
|detailschange|p1b: Yggdrasil|Venusaur-Mega, L50, M
|-mega|p1b: Yggdrasil|Venusaur|Venusaurite
|move|p1a: Berserk|Protect|p1a: Berserk
|-singleturn|p1a: Berserk|Protect
|move|p2a: Whimsicott|Encore|p1a: Berserk
|-activate|p1a: Berserk|move: Protect
|move|p1b: Yggdrasil|Sludge Bomb|p2a: Whimsicott
|-supereffective|p2a: Whimsicott|2
|-damage|p2a: Whimsicott|0 fnt
|faint|p2a: Whimsicott
|move|p2b: Kingambit|Kowtow Cleave|p1b: Yggdrasil
|-damage|p1b: Yggdrasil|62/100
|
|upkeep
|
|t:|1784604760
|switch|p2a: Charizard|Charizard, L50, F, shiny|100/100
|turn|3
|inactive|GettingWickedBlow has 30 seconds left.
|
|t:|1784604786
|switch|p1b: HydroVolt|Rotom-Wash, L50|100/100
|detailschange|p2a: Charizard|Charizard-Mega-Y, L50, F, shiny
|-mega|p2a: Charizard|Charizard|Charizardite Y
|-weather|SunnyDay|[from] ability: Drought|[of] p2a: Charizard
|move|p2b: Kingambit|Sucker Punch|p1a: Berserk
|-damage|p1a: Berserk|55/100
|-damage|p2b: Kingambit|78/100|[from] ability: Rough Skin|[of] p1a: Berserk
|move|p1a: Berserk|Rock Slide|p2a: Charizard|[spread] p2a,p2b
|-supereffective|p2a: Charizard|2
|-resisted|p2b: Kingambit|1
|-damage|p2a: Charizard|0 fnt
|-damage|p2b: Kingambit|70/100
|faint|p2a: Charizard
|-damage|p1a: Berserk|45/100|[from] item: Life Orb
|
|-weather|SunnyDay|[upkeep]
|upkeep
|
|t:|1784604800
|switch|p2a: Basculegion|Basculegion, L50, M, shiny|100/100
|turn|4
|
|t:|1784604820
|move|p2b: Kingambit|Sucker Punch|p1a: Berserk
|-damage|p1a: Berserk|6/100
|-damage|p2b: Kingambit|57/100|[from] ability: Rough Skin|[of] p1a: Berserk
|move|p1a: Berserk|Stomping Tantrum|p2b: Kingambit
|-supereffective|p2b: Kingambit|1
|-damage|p2b: Kingambit|0 fnt
|faint|p2b: Kingambit
|-damage|p1a: Berserk|0 fnt|[from] item: Life Orb
|faint|p1a: Berserk
|move|p2a: Basculegion|Last Respects|p1b: HydroVolt
|-damage|p1b: HydroVolt|0 fnt
|faint|p1b: HydroVolt
|
|-weather|SunnyDay|[upkeep]
|upkeep
|
|t:|1784604837
|switch|p1a: Wolverine|Incineroar, L50, F|100/100
|switch|p1b: Yggdrasil|Venusaur-Mega, L50, M|62/100
|-ability|p1a: Wolverine|Intimidate|boost
|-unboost|p2a: Basculegion|atk|1
|turn|5
|
|t:|1784604848
|move|p2a: Basculegion|Protect|p2a: Basculegion
|-singleturn|p2a: Basculegion|Protect
|move|p1b: Yggdrasil|Giga Drain|p2a: Basculegion
|-activate|p2a: Basculegion|move: Protect
|move|p1a: Wolverine|Throat Chop|p2a: Basculegion
|-activate|p2a: Basculegion|move: Protect
|
|-weather|SunnyDay|[upkeep]
|upkeep
|turn|6
|
|t:|1784604859
|move|p1b: Yggdrasil|Protect|p1b: Yggdrasil
|-singleturn|p1b: Yggdrasil|Protect
|move|p2a: Basculegion|Last Respects|p1b: Yggdrasil
|-activate|p1b: Yggdrasil|move: Protect
|move|p1a: Wolverine|Parting Shot|p2a: Basculegion
|-unboost|p2a: Basculegion|atk|1
|-unboost|p2a: Basculegion|spa|1
|
|-weather|SunnyDay|[upkeep]
|upkeep
|turn|7
|
|t:|1784604872
|move|p1b: Yggdrasil|Giga Drain|p2a: Basculegion
|-supereffective|p2a: Basculegion|1
|-damage|p2a: Basculegion|21/100
|-heal|p1b: Yggdrasil|100/100|[from] drain|[of] p2a: Basculegion
|-enditem|p2a: Basculegion|Sitrus Berry|[eat]
|-heal|p2a: Basculegion|46/100|[from] item: Sitrus Berry
|move|p2a: Basculegion|Last Respects|p1b: Yggdrasil
|-damage|p1b: Yggdrasil|40/100
|move|p1a: Wolverine|Throat Chop|p2a: Basculegion
|-supereffective|p2a: Basculegion|1
|-damage|p2a: Basculegion|0 fnt
|faint|p2a: Basculegion
|
|win|x-demon18
|inactive|x-demon18 has 30 seconds to confirm battle start!
|inactive|GettingWickedBlow has 30 seconds to confirm battle start!
||GettingWickedBlow is ready for game 3.
|inactive|x-demon18 has 20 seconds to confirm battle start!
|l|☆x-demon18
|player|p1|
