|j|☆Ninjacoox
|j|☆lockson1987
|html|Ninjacooxlockson1987    
|uhtml|bestof|Game 3 of a best-of-3
|t:|1785024379
|gametype|doubles
|player|p1|Ninjacoox|266|1131
|player|p2|lockson1987|emmet|1094
|gen|9
|tier|[Gen 9 Champions] VGC 2026 Reg M-B (Bo3)
|rated|
|rule|Species Clause: Limit one of each Pokémon
|rule|Item Clause: Limit 1 of each item
|clearpoke
|poke|p1|Glimmora, L50, F|
|poke|p1|Ninetales-Alola, L50, M|
|poke|p1|Talonflame, L50, M|
|poke|p1|Basculegion, L50, M|
|poke|p1|Kommo-o, L50, M|
|poke|p1|Kingambit, L50, F|
|poke|p2|Hydrapple, L50, F, shiny|
|poke|p2|Scizor, L50, M|
|poke|p2|Milotic, L50, F|
|poke|p2|Metagross, L50, shiny|
|poke|p2|Talonflame, L50, F, shiny|
|poke|p2|Sableye, L50, F|
|teampreview|4
|showteam|p1|Glimmora||Glimmoranite|ToxicDebris|PowerGem,SludgeBomb,EarthPower,SpikyShield|Modest||F|||50|]Ninetales-Alola||NeverMeltIce|SnowWarning|Blizzard,FreezeDry,AuroraVeil,Protect|Timid||M|||50|]Talonflame||SharpBeak|GaleWings|DualWingbeat,FlareBlitz,Tailwind,QuickGuard|Jolly||M|||50|]Basculegion||ChoiceScarf|Adaptability|WaveCrash,AquaJet,FlipTurn,LastRespects|Jolly||M|||50|]Kommo-o||LifeOrb|Soundproof|ClangingScales,DracoMeteor,AuraSphere,Protect|Modest||M|||50|]Kingambit||FocusSash|Defiant|SuckerPunch,KowtowCleave,IronHead,LowKick|Adamant||F|||50|
|showteam|p2|Hydrapple||YacheBerry|Regenerator|FickleBeam,SyrupBomb,EarthPower,Protect|Timid||F|||50|]Scizor||Scizorite|Technician|BulletPunch,DualWingbeat,BugBite,Protect|Adamant||M|||50|]Milotic||Leftovers|Competitive|Scald,AlluringVoice,IceBeam,Protect|Modest||F|||50|]Metagross||LifeOrb|ClearBody|BulletPunch,IcePunch,PsychicFangs,Protect|Adamant|||||50|]Talonflame||SharpBeak|GaleWings|DualWingbeat,Tailwind,BraveBird,Protect|Jolly||F|||50|]Sableye|||Prankster|ThunderWave,Disable,FakeOut,FoulPlay|Impish||F|||50|
|
|t:|1785024430
|teamsize|p1|4
|teamsize|p2|4
|start
|switch|p1a: Kommo-o|Kommo-o, L50, M|100/100
|switch|p1b: Talonflame|Talonflame, L50, M|100/100
|switch|p2a: Milotic|Milotic, L50, F|100/100
|switch|p2b: Talonflame|Talonflame, L50, F, shiny|100/100
|turn|1
|
|t:|1785024472
|move|p1a: Kommo-o|Protect|p1a: Kommo-o
|-singleturn|p1a: Kommo-o|Protect
|move|p2b: Talonflame|Tailwind|p2b: Talonflame
|-sidestart|p2: lockson1987|move: Tailwind
|move|p1b: Talonflame|Tailwind|p1b: Talonflame
|-sidestart|p1: Ninjacoox|move: Tailwind
|move|p2a: Milotic|Scald|p1b: Talonflame
|-supereffective|p1b: Talonflame|1
|-damage|p1b: Talonflame|7/100
|
|upkeep
|turn|2
|
|t:|1785024501
|move|p2b: Talonflame|Dual Wingbeat|p1b: Talonflame
|-damage|p1b: Talonflame|0 fnt
|faint|p1b: Talonflame
|-hitcount|p1: Talonflame|1
|move|p1a: Kommo-o|Clanging Scales|p2b: Talonflame|[spread] p2a,p2b
|-damage|p2a: Milotic|61/100
|-damage|p2b: Talonflame|21/100
|-unboost|p1a: Kommo-o|def|1
|-damage|p1a: Kommo-o|90/100|[from] item: Life Orb
|move|p2a: Milotic|Ice Beam|p1a: Kommo-o
|-supereffective|p1a: Kommo-o|1
|-damage|p1a: Kommo-o|41/100
|
|-heal|p2a: Milotic|67/100|[from] item: Leftovers
|upkeep
|
|t:|1785024508
|switch|p1b: Basculegion|Basculegion, L50, M|100/100
|turn|3
|
|t:|1785024547
|move|p1a: Kommo-o|Protect|p1a: Kommo-o
|-singleturn|p1a: Kommo-o|Protect
|move|p1b: Basculegion|Last Respects|p2a: Milotic
|-damage|p2a: Milotic|9/100
|move|p2b: Talonflame|Brave Bird|p1a: Kommo-o
|-activate|p1a: Kommo-o|move: Protect
|move|p2a: Milotic|Scald|p1b: Basculegion
|-resisted|p1b: Basculegion|1
|-damage|p1b: Basculegion|81/100
|
|-heal|p2a: Milotic|15/100|[from] item: Leftovers
|upkeep
|turn|4
|
|t:|1785024569
|switch|p1a: Glimmora|Glimmora, L50, F|100/100
|move|p2a: Milotic|Protect|p2a: Milotic
|-singleturn|p2a: Milotic|Protect
|move|p1b: Basculegion|Last Respects|p2a: Milotic
|-activate|p2a: Milotic|move: Protect
|move|p2b: Talonflame|Brave Bird|p1a: Glimmora
|-resisted|p1a: Glimmora|1
|-damage|p1a: Glimmora|69/100
|-activate|p1a: Glimmora|ability: Toxic Debris
|-sidestart|p2: lockson1987|move: Toxic Spikes
|-damage|p2b: Talonflame|11/100|[from] Recoil
|
|-heal|p2a: Milotic|21/100|[from] item: Leftovers
|-sideend|p2: lockson1987|move: Tailwind
|-sideend|p1: Ninjacoox|move: Tailwind
|upkeep
|turn|5
|
|t:|1785024618
|detailschange|p1a: Glimmora|Glimmora-Mega, L50, F
|-mega|p1a: Glimmora|Glimmora|Glimmoranite
|move|p1a: Glimmora|Spiky Shield|p1a: Glimmora
|-singleturn|p1a: Glimmora|move: Protect
|move|p2a: Milotic|Protect||[still]
|-fail|p2a: Milotic
|move|p1b: Basculegion|Last Respects|p2a: Milotic
|-damage|p2a: Milotic|0 fnt
|faint|p2a: Milotic
|move|p2b: Talonflame|Tailwind|p2b: Talonflame
|-sidestart|p2: lockson1987|move: Tailwind
|
|upkeep
|
|t:|1785024634
|switch|p2a: Scizor|Scizor, L50, M|100/100
|turn|6
|
|t:|1785024656
|detailschange|p2a: Scizor|Scizor-Mega, L50, M
|-mega|p2a: Scizor|Scizor|Scizorite
|move|p2b: Talonflame|Brave Bird|p1a: Glimmora
|-resisted|p1a: Glimmora|1
|-damage|p1a: Glimmora|41/100
|-damage|p2b: Talonflame|1/100|[from] Recoil
|move|p2a: Scizor|Dual Wingbeat|p1b: Basculegion
|-damage|p1b: Basculegion|48/100
|-damage|p1b: Basculegion|16/100
|-hitcount|p1b: Basculegion|2
|move|p1b: Basculegion|Last Respects|p2a: Scizor
|-damage|p2a: Scizor|42/100
|move|p1a: Glimmora|Power Gem|p2b: Talonflame
|-supereffective|p2b: Talonflame|2
|-damage|p2b: Talonflame|0 fnt
|faint|p2b: Talonflame
|
|upkeep
|
|t:|1785024672
|switch|p2b: Hydrapple|Hydrapple, L50, F, shiny|100/100
|-status|p2b: Hydrapple|psn
|turn|7
|
|t:|1785024690
|move|p2a: Scizor|Bullet Punch|p1a: Glimmora
|-supereffective|p1a: Glimmora|1
|-damage|p1a: Glimmora|0 fnt
|faint|p1a: Glimmora
|move|p1b: Basculegion|Last Respects|p2b: Hydrapple
|-damage|p2b: Hydrapple|17/100 psn
|move|p2b: Hydrapple|Syrup Bomb|p1b: Basculegion
|-supereffective|p1b: Basculegion|1
|-damage|p1b: Basculegion|0 fnt
|faint|p1b: Basculegion
|
|-damage|p2b: Hydrapple|4/100 psn|[from] psn
|upkeep
|
|t:|1785024696
|switch|p1b: Kommo-o|Kommo-o, L50, M|41/100
|turn|8
|
|t:|1785024717
|move|p1b: Kommo-o|Protect|p1b: Kommo-o
|-singleturn|p1b: Kommo-o|Protect
|move|p2a: Scizor|Dual Wingbeat|p1b: Kommo-o
|-activate|p1b: Kommo-o|move: Protect
|move|p2b: Hydrapple|Fickle Beam|p1b: Kommo-o
|-activate|p1b: Kommo-o|move: Protect
|
|-damage|p2b: Hydrapple|0 fnt|[from] psn
|faint|p2b: Hydrapple
|-sideend|p2: lockson1987|move: Tailwind
|upkeep
|turn|9
|
|t:|1785024735
|move|p1b: Kommo-o|Aura Sphere|p2a: Scizor
|-damage|p2a: Scizor|0 fnt
|faint|p2a: Scizor
|-damage|p1b: Kommo-o|32/100|[from] item: Life Orb
|
|win|Ninjacoox
|raw|Ninjacoox's rating: 1131 → 1153(+22 for winning)
|raw|lockson1987's rating: 1094 → 1072(-22 for losing)
|l|☆lockson1987
|player|p2|
