|j|☆sapitotech 2
|j|☆Mountainman46
|html|sapitotech 2Mountainman46    
|uhtml|bestof|Game 1 of a best-of-3
|t:|1757815806
|gametype|doubles
|player|p1|sapitotech 2|2|1043
|player|p2|Mountainman46|266|1163
|gen|9
|tier|[Gen 9] VGC 2025 Reg H (Bo3)
|rated|
|rule|Species Clause: Limit one of each Pokémon
|rule|Item Clause: Limit 1 of each item
|clearpoke
|poke|p1|Tyranitar, L50, M|
|poke|p1|Excadrill, L50, M|
|poke|p1|Kommo-o, L50, M|
|poke|p1|Sinistcha, L50|
|poke|p1|Gastrodon-East, L50, F|
|poke|p1|Rotom-Heat, L50|
|poke|p2|Pelipper, L50, F|
|poke|p2|Basculegion, L50, M|
|poke|p2|Incineroar, L50, M|
|poke|p2|Archaludon, L50, M|
|poke|p2|Sinistcha, L50|
|poke|p2|Ursaluna, L50, M|
|teampreview|4
|showteam|p1|Tyranitar||AssaultVest|SandStream|KnockOff,TeraBlast,RockSlide,LowKick|||M|||50|,,,,,Flying]Excadrill||FocusSash|SandRush|Earthquake,Protect,HighHorsepower,IronHead|||M|||50|,,,,,Ground]Kommo-o||ThroatSpray|Overcoat|Flamethrower,ClangorousSoul,ClangingScales,Protect|||M|||50|,,,,,Steel]Sinistcha||SitrusBerry|Hospitality|MatchaGotcha,RagePowder,CalmMind,ShadowBall||||||50|,,,,,Water]Gastrodon-East||Leftovers|StormDrain|ClearSmog,EarthPower,Protect,Yawn|||F|||50|,,,,,Fire]Rotom-Heat||EjectPack|Levitate|Overheat,WillOWisp,Thunderbolt,Protect||||||50|,,,,,Ghost
|showteam|p2|Pelipper||FocusSash|Drizzle|Hurricane,WeatherBall,Tailwind,Protect|||F|||50|,,,,,Stellar]Basculegion||ChoiceBand|SwiftSwim|WaveCrash,LastRespects,AquaJet,FlipTurn|||M|||50|,,,,,Water]Incineroar||SafetyGoggles|Intimidate|KnockOff,FakeOut,Taunt,PartingShot|||M|||50|,,,,,Flying]Archaludon||AssaultVest|Stamina|ElectroShot,DragonPulse,FlashCannon,BodyPress|||M|||50|,,,,,Grass]Sinistcha||SitrusBerry|Hospitality|MatchaGotcha,RagePowder,LifeDew,TrickRoom||||||50|,,,,,Water]Ursaluna||FlameOrb|Guts|HeadlongRush,Facade,Earthquake,Protect|||M|||50|,,,,,Ghost
|inactive|Battle timer is ON: inactive players will automatically lose when time's up. (requested by Mountainman46)
|inactive|sapitotech 2 has 60 seconds left.
|inactive|Mountainman46 has 60 seconds left.
|
|t:|1757815855
|teamsize|p1|4
|teamsize|p2|4
|start
|switch|p1a: Gastrodon|Gastrodon-East, L50, F|100/100
|switch|p1b: Rotom|Rotom-Heat, L50|100/100
|switch|p2a: Incineroar|Incineroar, L50, M, shiny|100/100
|switch|p2b: Ursaluna|Ursaluna, L50, M, shiny|100/100
|-ability|p2a: Incineroar|Intimidate|boost
|-unboost|p1a: Gastrodon|atk|1
|-unboost|p1b: Rotom|atk|1
|-enditem|p1b: Rotom|Eject Pack
|
|t:|1757815866
|switch|p1b: Kommo-o|Kommo-o, L50, M|100/100
|turn|1
|inactive|sapitotech 2 has 30 seconds left.
|inactive|Mountainman46 has 30 seconds left.
|
|t:|1757815896
|move|p2b: Ursaluna|Protect|p2b: Ursaluna
|-singleturn|p2b: Ursaluna|Protect
|move|p1b: Kommo-o|Clangorous Soul|p1b: Kommo-o
|-boost|p1b: Kommo-o|atk|1
|-boost|p1b: Kommo-o|def|1
|-boost|p1b: Kommo-o|spa|1
|-boost|p1b: Kommo-o|spd|1
|-boost|p1b: Kommo-o|spe|1
|-damage|p1b: Kommo-o|68/100
|-enditem|p1b: Kommo-o|Throat Spray
|-boost|p1b: Kommo-o|spa|1|[from] item: Throat Spray
|move|p2a: Incineroar|Taunt|p1b: Kommo-o
|-start|p1b: Kommo-o|move: Taunt
|move|p1a: Gastrodon|Yawn|p2a: Incineroar
|-start|p2a: Incineroar|move: Yawn|[of] p1a: Gastrodon
|
|-status|p2b: Ursaluna|brn|[from] item: Flame Orb
|upkeep
|turn|2
|inactive|sapitotech 2 has 30 seconds left.
|inactive|Mountainman46 has 30 seconds left.
|inactive|sapitotech 2 has 20 seconds left.
|inactive|Mountainman46 has 20 seconds left.
|
|t:|1757815934
|switch|p1a: Sinistcha|Sinistcha, L50|100/100
|-heal|p1b: Kommo-o|93/100|[from] ability: Hospitality|[of] p1a: Sinistcha
|move|p1b: Kommo-o|Clanging Scales|p2b: Ursaluna|[spread] p2a,p2b
|-damage|p2a: Incineroar|36/100
|-damage|p2b: Ursaluna|41/100 brn
|-unboost|p1b: Kommo-o|def|1
|move|p2a: Incineroar|Parting Shot|p1b: Kommo-o
|-unboost|p1b: Kommo-o|atk|1
|-unboost|p1b: Kommo-o|spa|1
|
|t:|1757815945
|switch|p2a: Basculegion|Basculegion, L50, M, shiny|100/100|[from] Parting Shot
|move|p2b: Ursaluna|Headlong Rush|p1b: Kommo-o
|-damage|p1b: Kommo-o|11/100
|-unboost|p2b: Ursaluna|def|1
|-unboost|p2b: Ursaluna|spd|1
|
|-damage|p2b: Ursaluna|35/100 brn|[from] brn
|upkeep
|turn|3
|inactive|Mountainman46 has 30 seconds left.
|inactive|Mountainman46 has 20 seconds left.
|
|t:|1757815982
|switch|p2b: Pelipper|Pelipper, L50, F|100/100
|-weather|RainDance|[from] ability: Drizzle|[of] p2b: Pelipper
|move|p1a: Sinistcha|Rage Powder|p1a: Sinistcha
|-singleturn|p1a: Sinistcha|move: Rage Powder
|move|p2a: Basculegion|Flip Turn|p1a: Sinistcha
|-resisted|p1a: Sinistcha
|-damage|p1a: Sinistcha|65/100
|
|t:|1757815990
|switch|p2a: Incineroar|Incineroar, L50, M, shiny|36/100|[from] Flip Turn
|-ability|p2a: Incineroar|Intimidate|boost
|-unboost|p1a: Sinistcha|atk|1
|-unboost|p1b: Kommo-o|atk|1
|move|p1b: Kommo-o|Clanging Scales|p2b: Pelipper|[spread] p2a,p2b
|-damage|p2a: Incineroar|0 fnt
|-damage|p2b: Pelipper|14/100
|faint|p2a: Incineroar
|-unboost|p1b: Kommo-o|def|1
|
|-weather|RainDance|[upkeep]
|upkeep
|
|t:|1757816000
|switch|p2a: Basculegion|Basculegion, L50, M, shiny|100/100
|turn|4
|inactive|sapitotech 2 has 30 seconds left.
|
|t:|1757816026
|move|p2b: Pelipper|Protect|p2b: Pelipper
|-singleturn|p2b: Pelipper|Protect
|move|p1a: Sinistcha|Rage Powder|p1a: Sinistcha
|-singleturn|p1a: Sinistcha|move: Rage Powder
|move|p2a: Basculegion|Last Respects|p1a: Sinistcha
|-supereffective|p1a: Sinistcha
|-damage|p1a: Sinistcha|0 fnt
|faint|p1a: Sinistcha
|move|p1b: Kommo-o|Clanging Scales|p2b: Pelipper|[spread] p2a
|-activate|p2b: Pelipper|move: Protect
|-damage|p2a: Basculegion|50/100
|-unboost|p1b: Kommo-o|def|1
|
|-weather|RainDance|[upkeep]
|-end|p1b: Kommo-o|move: Taunt
|upkeep
|
|t:|1757816044
|switch|p1a: Rotom|Rotom-Heat, L50|100/100
|turn|5
|
|t:|1757816057
|-terastallize|p1a: Rotom|Ghost
|move|p2a: Basculegion|Last Respects|p1b: Kommo-o
|-damage|p1b: Kommo-o|0 fnt
|faint|p1b: Kommo-o
|move|p1a: Rotom|Thunderbolt|p2a: Basculegion
|-supereffective|p2a: Basculegion
|-damage|p2a: Basculegion|0 fnt
|faint|p2a: Basculegion
|move|p2b: Pelipper|Tailwind|p2b: Pelipper
|-sidestart|p2: Mountainman46|move: Tailwind
|
|-weather|RainDance|[upkeep]
|upkeep
|
|t:|1757816067
|switch|p1b: Gastrodon|Gastrodon-East, L50, F|100/100
|switch|p2a: Ursaluna|Ursaluna, L50, M, shiny|35/100 brn
|turn|6
|inactive|Mountainman46 has 30 seconds left.
|
|t:|1757816093
|-terastallize|p2b: Pelipper|Stellar
|move|p2b: Pelipper|Hurricane|p1a: Rotom
|-damage|p1a: Rotom|16/100
|move|p2a: Ursaluna|Facade|p1b: Gastrodon
|-damage|p1b: Gastrodon|0 fnt
|faint|p1b: Gastrodon
|move|p1a: Rotom|Thunderbolt|p2b: Pelipper
|-supereffective|p2b: Pelipper
|-damage|p2b: Pelipper|0 fnt
|faint|p2b: Pelipper
|
|-weather|RainDance|[upkeep]
|-damage|p2a: Ursaluna|29/100 brn|[from] brn
|upkeep
|turn|7
|
|t:|1757816109
|move|p1a: Rotom|Protect|p1a: Rotom
|-singleturn|p1a: Rotom|Protect
|move|p2a: Ursaluna|Earthquake|p1a: Rotom
|-activate|p1a: Rotom|move: Protect
|
|-weather|none
|-damage|p2a: Ursaluna|22/100 brn|[from] brn
|upkeep
|turn|8
|
|t:|1757816119
|move|p2a: Ursaluna|Earthquake|p1a: Rotom
|-immune|p1a: Rotom|[from] ability: Levitate
|move|p1a: Rotom|Overheat|p2a: Ursaluna
|-damage|p2a: Ursaluna|0 fnt
|-unboost|p1a: Rotom|spa|2
|faint|p2a: Ursaluna
|
|win|sapitotech 2
||sapitotech 2 is ready for game 2.
||Mountainman46 is ready for game 2.
|uhtml|next|Next: Game 2 of 3
