|j|☆mavrickbfr
|j|☆thefloshingcat
|html|mavrickbfrthefloshingcat    
|uhtml|bestof|Game 2 of a best-of-3
|t:|1785684110
|gametype|doubles
|player|p1|mavrickbfr|gentleman-gen4|1078
|player|p2|thefloshingcat|plasmagrunt-gen5bw|1049
|gen|9
|tier|[Gen 9 Champions] VGC 2026 Reg M-B (Bo3)
|rated|
|rule|Species Clause: Limit one of each Pokémon
|rule|Item Clause: Limit 1 of each item
|clearpoke
|poke|p1|Blaziken, L50, M, shiny|
|poke|p1|Floette-Eternal, L50, F|
|poke|p1|Sinistcha, L50|
|poke|p1|Basculegion, L50, M, shiny|
|poke|p1|Garchomp, L50, M, shiny|
|poke|p1|Sneasler, L50, M, shiny|
|poke|p2|Glimmora, L50, M|
|poke|p2|Whimsicott, L50, M|
|poke|p2|Basculegion, L50, M|
|poke|p2|Eelektross, L50, F|
|poke|p2|Garchomp, L50, F|
|poke|p2|Farigiraf, L50, M|
|teampreview|4
|showteam|p1|Blaziken||Blazikenite|SpeedBoost|BlazeKick,RockSlide,CloseCombat,Protect|Adamant||M|||50|]Floette-Eternal||Floettite|FlowerVeil|DazzlingGleam,CalmMind,Protect,DrainingKiss|Modest||F|||50|]Sinistcha||SitrusBerry|Hospitality|MatchaGotcha,RagePowder,Protect,LifeDew|Bold|||||50|]Basculegion||ChoiceScarf|Adaptability|LastRespects,WaveCrash,FlipTurn,AquaJet|Adamant||M|||50|]Garchomp||RoseliBerry|RoughSkin|PoisonJab,StompingTantrum,Earthquake,RockSlide|Jolly||M|||50|]Sneasler||FocusSash|PoisonTouch|FakeOut,PoisonJab,CloseCombat,QuickGuard|Jolly||M|||50|
|showteam|p2|Glimmora||FocusSash|ToxicDebris|SpikyShield,PowerGem,EarthPower,SludgeBomb|Timid||M|||50|]Whimsicott||FairyFeather|Prankster|Moonblast,Tailwind,Protect,Encore|Timid||M|||50|]Basculegion||MysticWater|Adaptability|WaveCrash,LastRespects,AquaJet,Protect|Adamant||M|||50|]Eelektross||Eelektrossite|Levitate|DragonPulse,Protect,Thunderbolt,Flamethrower|Modest||F|||50|]Garchomp||LifeOrb|RoughSkin|Earthquake,Protect,RockSlide,DragonClaw|Adamant||F|||50|]Farigiraf||SitrusBerry|ArmorTail|Psychic,HyperVoice,HelpingHand,TrickRoom|Sassy||M|||50|
|
|t:|1785684137
|teamsize|p1|4
|teamsize|p2|4
|start
|switch|p1a: Sneasler|Sneasler, L50, M, shiny|100/100
|switch|p1b: Basculegion|Basculegion, L50, M, shiny|100/100
|switch|p2a: Farigiraf|Farigiraf, L50, M|100/100
|switch|p2b: Glimmora|Glimmora, L50, M|100/100
|turn|1
|
|t:|1785684159
|move|p2b: Glimmora|Spiky Shield|p2b: Glimmora
|-singleturn|p2b: Glimmora|move: Protect
|move|p1a: Sneasler|Close Combat|p2a: Farigiraf
|-damage|p2a: Farigiraf|37/100
|-unboost|p1a: Sneasler|def|1
|-unboost|p1a: Sneasler|spd|1
|-status|p2a: Farigiraf|psn|[from] ability: Poison Touch|[of] p1a: Sneasler
|-enditem|p2a: Farigiraf|Sitrus Berry|[eat]
|-heal|p2a: Farigiraf|62/100 psn|[from] item: Sitrus Berry
|move|p1b: Basculegion|Flip Turn|p2a: Farigiraf
|-damage|p2a: Farigiraf|23/100 psn
|
|t:|1785684172
|switch|p1b: Blaziken|Blaziken, L50, M, shiny|100/100|[from] Flip Turn
|move|p2a: Farigiraf|Psychic|p1a: Sneasler
|-supereffective|p1a: Sneasler|2
|-enditem|p1a: Sneasler|Focus Sash
|-damage|p1a: Sneasler|1/100
|
|-damage|p2a: Farigiraf|11/100 psn|[from] psn
|upkeep
|turn|2
|
|t:|1785684190
|switch|p2a: Garchomp|Garchomp, L50, F|100/100
|move|p1a: Sneasler|Close Combat|p2b: Glimmora
|-crit|p2b: Glimmora
|-enditem|p2b: Glimmora|Focus Sash
|-damage|p2b: Glimmora|1/100
|-unboost|p1a: Sneasler|def|1
|-unboost|p1a: Sneasler|spd|1
|-activate|p2b: Glimmora|ability: Toxic Debris
|-sidestart|p1: mavrickbfr|move: Toxic Spikes
|move|p2b: Glimmora|Earth Power|p1b: Blaziken
|-supereffective|p1b: Blaziken|1
|-damage|p1b: Blaziken|13/100
|move|p1b: Blaziken|Blaze Kick|p2a: Garchomp
|-resisted|p2a: Garchomp|1
|-damage|p2a: Garchomp|77/100
|-damage|p1b: Blaziken|1/100|[from] ability: Rough Skin|[of] p2a: Garchomp
|
|-ability|p1b: Blaziken|Speed Boost|boost
|-boost|p1b: Blaziken|spe|1
|upkeep
|turn|3
|
|t:|1785684216
|detailschange|p1b: Blaziken|Blaziken-Mega, L50, M, shiny
|-mega|p1b: Blaziken|Blaziken|Blazikenite
|move|p2b: Glimmora|Spiky Shield|p2b: Glimmora
|-singleturn|p2b: Glimmora|move: Protect
|move|p2a: Garchomp|Protect|p2a: Garchomp
|-singleturn|p2a: Garchomp|Protect
|move|p1b: Blaziken|Rock Slide|p2b: Glimmora|[spread] 
|-activate|p2a: Garchomp|move: Protect
|-activate|p2b: Glimmora|move: Protect
|move|p1a: Sneasler|Close Combat|p2a: Garchomp
|-activate|p2a: Garchomp|move: Protect
|
|-ability|p1b: Blaziken|Speed Boost|boost
|-boost|p1b: Blaziken|spe|1
|upkeep
|turn|4
|
|t:|1785684235
|move|p1b: Blaziken|Rock Slide|p2a: Garchomp|[spread] p2b
|-miss|p1b: Blaziken|p2a: Garchomp
|-damage|p2b: Glimmora|0 fnt
|-activate|p2b: Glimmora|ability: Toxic Debris
|-sidestart|p1: mavrickbfr|move: Toxic Spikes
|faint|p2b: Glimmora
|move|p1a: Sneasler|Close Combat|p2a: Garchomp
|-damage|p2a: Garchomp|16/100
|-unboost|p1a: Sneasler|def|1
|-unboost|p1a: Sneasler|spd|1
|-damage|p1a: Sneasler|0 fnt|[from] ability: Rough Skin|[of] p2a: Garchomp
|-status|p2a: Garchomp|psn|[from] ability: Poison Touch|[of] p1a: Sneasler
|faint|p1a: Sneasler
|move|p2a: Garchomp|Earthquake|p1b: Blaziken
|-supereffective|p1b: Blaziken|1
|-damage|p1b: Blaziken|0 fnt
|faint|p1b: Blaziken
|-damage|p2a: Garchomp|6/100 psn|[from] item: Life Orb
|
|-damage|p2a: Garchomp|0 fnt|[from] psn
|faint|p2a: Garchomp
|upkeep
|
|t:|1785684256
|switch|p1a: Basculegion|Basculegion, L50, M, shiny|100/100
|switch|p1b: Garchomp|Garchomp, L50, M, shiny|100/100
|switch|p2b: Eelektross|Eelektross, L50, F|100/100
|switch|p2a: Farigiraf|Farigiraf, L50, M|11/100 psn
|-status|p1a: Basculegion|tox
|-status|p1b: Garchomp|tox
|turn|5
|
|t:|1785684273
|detailschange|p2b: Eelektross|Eelektross-Mega, L50, F
|-mega|p2b: Eelektross|Eelektross|Eelektrossite
|move|p2b: Eelektross|Protect|p2b: Eelektross
|-singleturn|p2b: Eelektross|Protect
|move|p1a: Basculegion|Last Respects|p2b: Eelektross
|-activate|p2b: Eelektross|move: Protect
|move|p1b: Garchomp|Stomping Tantrum|p2a: Farigiraf
|-damage|p2a: Farigiraf|0 fnt
|faint|p2a: Farigiraf
|
|-damage|p1a: Basculegion|93/100 tox|[from] psn
|-damage|p1b: Garchomp|93/100 tox|[from] psn
|upkeep
|turn|6
|
|t:|1785684293
|move|p1a: Basculegion|Last Respects|p2b: Eelektross
|-damage|p2b: Eelektross|0 fnt
|faint|p2b: Eelektross
|
|win|mavrickbfr
|raw|mavrickbfr's rating: 1078 → 1104(+26 for winning)
|raw|thefloshingcat's rating: 1049 → 1033(-16 for losing)
|l|☆thefloshingcat
|player|p2|
