|j|☆LeonardPlayz
|j|☆MiraiQuaza
|html|LeonardPlayzMiraiQuaza    
|uhtml|bestof|Game 1 of a best-of-3
|t:|1757756975
|gametype|doubles
|player|p1|LeonardPlayz|hilbert-wonderlauncher|1126
|player|p2|MiraiQuaza|lucas|1187
|gen|9
|tier|[Gen 9] VGC 2025 Reg H (Bo3)
|rated|
|rule|Species Clause: Limit one of each Pokémon
|rule|Item Clause: Limit 1 of each item
|clearpoke
|poke|p1|Indeedee-F, L50, F|
|poke|p1|Amoonguss, L50, F|
|poke|p1|Slowking, L50, M|
|poke|p1|Ursaluna, L50, F|
|poke|p1|Torkoal, L50, M|
|poke|p1|Sneasler, L50, M|
|poke|p2|Ninetales-Alola, L50, F|
|poke|p2|Incineroar, L50, M|
|poke|p2|Rillaboom, L50, M|
|poke|p2|Whimsicott, L50, F|
|poke|p2|Primarina, L50, F|
|poke|p2|Gholdengo, L50|
|teampreview|4
|showteam|p1|Indeedee-F||MentalHerb|PsychicSurge|FollowMe,Psychic,HelpingHand,TrickRoom|||F|||50|,,,,,Grass]Amoonguss||SitrusBerry|Regenerator|Spore,RagePowder,ClearSmog,Protect|||F|||50|,,,,,Water]Slowking||IronBall|Regenerator|ExpandingForce,Bulldoze,Flamethrower,TrickRoom|||M|||50|,,,,,Dark]Ursaluna||FlameOrb|Guts|Facade,HeadlongRush,Protect,SwordsDance|||F|||50|,,,,,Ghost]Torkoal||WeaknessPolicy|Drought|Eruption,Flamethrower,EarthPower,Protect|||M|||50|,,,,,Fire]Sneasler||PsychicSeed|Unburden|DireClaw,CloseCombat,Taunt,ThroatChop|||M|||50|,,,,,Dark
|showteam|p2|Ninetales-Alola||LightClay|SnowWarning|AuroraVeil,Blizzard,Encore,Protect|||F|||50|,,,,,Ghost]Incineroar||SafetyGoggles|Intimidate|FakeOut,FlareBlitz,KnockOff,PartingShot|||M|||50|,,,,,Ghost]Rillaboom||AssaultVest|GrassySurge|FakeOut,GrassyGlide,WoodHammer,Uturn|||M|||50|,,,,,Fire]Whimsicott||CovertCloak|Prankster|Tailwind,Charm,FakeTears,Moonblast|||F|||50|,,,,,Water]Primarina||ThroatSpray|LiquidVoice|HyperVoice,Moonblast,Haze,Protect|||F|||50|,,,,,Grass]Gholdengo||LifeOrb|GoodasGold|MakeItRain,ShadowBall,NastyPlot,Protect||||||50|,,,,,Dark
|inactive|Battle timer is ON: inactive players will automatically lose when time's up. (requested by MiraiQuaza)
|inactive|LeonardPlayz also wants the timer to be on.
|
|t:|1757756998
|teamsize|p1|4
|teamsize|p2|4
|start
|switch|p1a: Off Course|Indeedee-F, L50, F|100/100
|switch|p1b: Charles|Slowking, L50, M|100/100
|switch|p2a: Incineroar|Incineroar, L50, M|100/100
|switch|p2b: Primarina|Primarina, L50, F|100/100
|-fieldstart|move: Psychic Terrain|[from] ability: Psychic Surge|[of] p1a: Off Course
|-ability|p2a: Incineroar|Intimidate|boost
|-unboost|p1a: Off Course|atk|1
|-unboost|p1b: Charles|atk|1
|turn|1
|inactive|LeonardPlayz has 30 seconds left.
|inactive|MiraiQuaza has 30 seconds left.
|
|t:|1757757030
|switch|p1a: Berry|Ursaluna, L50, F|100/100
|move|p2b: Primarina|Hyper Voice|p1a: Berry|[spread] p1a,p1b
|-supereffective|p1a: Berry
|-resisted|p1b: Charles
|-damage|p1a: Berry|46/100
|-damage|p1b: Charles|86/100
|-enditem|p2b: Primarina|Throat Spray
|-boost|p2b: Primarina|spa|1|[from] item: Throat Spray
|move|p2a: Incineroar|Parting Shot|p1b: Charles
|-unboost|p1b: Charles|atk|1
|-unboost|p1b: Charles|spa|1
|
|t:|1757757041
|switch|p2a: Rillaboom|Rillaboom, L50, M|100/100|[from] Parting Shot
|-fieldstart|move: Grassy Terrain|[from] ability: Grassy Surge|[of] p2a: Rillaboom
|move|p1b: Charles|Trick Room|p1b: Charles
|-fieldstart|move: Trick Room|[of] p1b: Charles
|
|-heal|p1b: Charles|92/100|[from] Grassy Terrain
|-heal|p1a: Berry|52/100|[from] Grassy Terrain
|-status|p1a: Berry|brn|[from] item: Flame Orb
|upkeep
|turn|2
|
|t:|1757757066
|switch|p1b: Smoker|Torkoal, L50, M|100/100
|-weather|SunnyDay|[from] ability: Drought|[of] p1b: Smoker
|switch|p2a: Incineroar|Incineroar, L50, M|100/100
|-ability|p2a: Incineroar|Intimidate|boost
|-unboost|p1a: Berry|atk|1
|-unboost|p1b: Smoker|atk|1
|-terastallize|p1a: Berry|Ghost
|move|p2b: Primarina|Protect|p2b: Primarina
|-singleturn|p2b: Primarina|Protect
|move|p1a: Berry|Facade|p2a: Incineroar
|-damage|p2a: Incineroar|28/100
|
|-weather|SunnyDay|[upkeep]
|-heal|p1a: Berry|58/100 brn|[from] Grassy Terrain
|-heal|p2a: Incineroar|34/100|[from] Grassy Terrain
|-damage|p1a: Berry|52/100 brn|[from] brn
|upkeep
|turn|3
|inactive|LeonardPlayz has 30 seconds left.
|inactive|MiraiQuaza has 30 seconds left.
|inactive|MiraiQuaza has 20 seconds left.
|inactive|MiraiQuaza has 15 seconds left.
|
|t:|1757757111
|move|p2a: Incineroar|Fake Out|p1b: Smoker
|-damage|p1b: Smoker|91/100
|cant|p1b: Smoker|flinch
|move|p1a: Berry|Facade|p2b: Primarina
|-damage|p2b: Primarina|0 fnt
|faint|p2b: Primarina
|
|-weather|SunnyDay|[upkeep]
|-heal|p1b: Smoker|97/100|[from] Grassy Terrain
|-heal|p1a: Berry|58/100 brn|[from] Grassy Terrain
|-heal|p2a: Incineroar|40/100|[from] Grassy Terrain
|-damage|p1a: Berry|52/100 brn|[from] brn
|upkeep
|
|t:|1757757125
|switch|p2b: Ninetales|Ninetales-Alola, L50, F|100/100
|-weather|Snowscape|[from] ability: Snow Warning|[of] p2b: Ninetales
|turn|4
|
|t:|1757757137
|-terastallize|p2b: Ninetales|Ghost
|move|p1b: Smoker|Eruption|p2a: Incineroar|[spread] p2a,p2b
|-resisted|p2a: Incineroar
|-damage|p2a: Incineroar|23/100
|-damage|p2b: Ninetales|59/100
|move|p1a: Berry|Swords Dance|p1a: Berry
|-boost|p1a: Berry|atk|2
|move|p2a: Incineroar|Knock Off|p1a: Berry
|-supereffective|p1a: Berry
|-damage|p1a: Berry|0 fnt
|-enditem|p1a: Berry|Flame Orb|[from] move: Knock Off|[of] p2a: Incineroar
|faint|p1a: Berry
|move|p2b: Ninetales|Aurora Veil|p2b: Ninetales
|-sidestart|p2: MiraiQuaza|move: Aurora Veil
|
|-weather|Snowscape|[upkeep]
|-heal|p1b: Smoker|100/100|[from] Grassy Terrain
|-heal|p2a: Incineroar|29/100|[from] Grassy Terrain
|-heal|p2b: Ninetales|65/100|[from] Grassy Terrain
|upkeep
|
|t:|1757757148
|switch|p1a: Charles|Slowking, L50, M|100/100
|turn|5
|inactive|LeonardPlayz has 30 seconds left.
|
|t:|1757757183
|move|p1a: Charles|Bulldoze|p2b: Ninetales|[spread] p1b,p2a,p2b
|-supereffective|p1b: Smoker
|-supereffective|p2a: Incineroar
|-damage|p1b: Smoker|94/100
|-damage|p2a: Incineroar|23/100
|-damage|p2b: Ninetales|62/100
|-unboost|p1b: Smoker|spe|1
|-unboost|p2a: Incineroar|spe|1
|-unboost|p2b: Ninetales|spe|1
|-enditem|p1b: Smoker|Weakness Policy
|-boost|p1b: Smoker|atk|2|[from] item: Weakness Policy
|-boost|p1b: Smoker|spa|2|[from] item: Weakness Policy
|move|p1b: Smoker|Eruption|p2b: Ninetales|[spread] p2a,p2b
|-resisted|p2a: Incineroar
|-damage|p2a: Incineroar|0 fnt
|-damage|p2b: Ninetales|5/100
|faint|p2a: Incineroar
|move|p2b: Ninetales|Blizzard|p1a: Charles|[spread] p1a,p1b
|-resisted|p1a: Charles
|-resisted|p1b: Smoker
|-damage|p1a: Charles|90/100
|-damage|p1b: Smoker|78/100
|
|-weather|Snowscape|[upkeep]
|-heal|p1b: Smoker|85/100|[from] Grassy Terrain
|-heal|p1a: Charles|96/100|[from] Grassy Terrain
|-heal|p2b: Ninetales|11/100|[from] Grassy Terrain
|-fieldend|move: Trick Room
|-fieldend|move: Grassy Terrain
|upkeep
|
|t:|1757757201
|switch|p2a: Rillaboom|Rillaboom, L50, M|100/100
|-fieldstart|move: Grassy Terrain|[from] ability: Grassy Surge|[of] p2a: Rillaboom
|turn|6
|
|t:|1757757219
|switch|p1a: Off Course|Indeedee-F, L50, F|100/100
|-fieldstart|move: Psychic Terrain|[from] ability: Psychic Surge|[of] p1a: Off Course
|move|p2b: Ninetales|Blizzard|p1b: Smoker|[spread] p1a,p1b
|-crit|p1a: Off Course
|-resisted|p1b: Smoker
|-damage|p1a: Off Course|74/100
|-damage|p1b: Smoker|68/100
|move|p2a: Rillaboom|Grassy Glide|p1a: Off Course
|-damage|p1a: Off Course|37/100
|move|p1b: Smoker|Eruption|p2a: Rillaboom|[spread] p2a,p2b
|-supereffective|p2a: Rillaboom
|-damage|p2a: Rillaboom|50/100
|-damage|p2b: Ninetales|0 fnt
|faint|p2b: Ninetales
|
|-weather|Snowscape|[upkeep]
|upkeep
|turn|7
|-message|MiraiQuaza forfeited.
|
|win|LeonardPlayz
|l|☆MiraiQuaza
|player|p2|
||LeonardPlayz is ready for game 2.
||MiraiQuaza is ready for game 2.
|uhtml|next|Next: Game 2 of 3
