|j|☆Ace Trainer Gaby
|j|☆vgc_eon
|html|Ace Trainer Gabyvgc_eon    
|uhtml|bestof|Game 1 of a best-of-3
|t:|1756206093
|gametype|doubles
|player|p1|Ace Trainer Gaby|acetrainersnow|1065
|player|p2|vgc_eon|green|1166
|gen|9
|tier|[Gen 9] VGC 2025 Reg H (Bo3)
|rated|
|rule|Species Clause: Limit one of each Pokémon
|rule|Item Clause: Limit 1 of each item
|clearpoke
|poke|p1|Tyranitar, L50, F|
|poke|p1|Excadrill, L50, F|
|poke|p1|Talonflame, L50, F|
|poke|p1|Gastrodon, L50, M|
|poke|p1|Dragonite, L50, M|
|poke|p1|Sneasler, L50, F|
|poke|p2|Sneasler, L50, M|
|poke|p2|Dragonite, L50, M|
|poke|p2|Dondozo, L50, F|
|poke|p2|Rillaboom, L50, M|
|poke|p2|Volcarona, L50, F|
|poke|p2|Electabuzz, L50, M|
|teampreview|4
|showteam|p1|Tyranitar||ClearAmulet|SandStream|Protect,KnockOff,RockSlide,TeraBlast|||F|||50|,,,,,Grass]Excadrill||LifeOrb|SandForce|Earthquake,RockSlide,IronHead,Protect|||F|||50|,,,,,Ground]Talonflame||FocusSash|GaleWings|Tailwind,BraveBird,WillOWisp,FlareBlitz|||F|||50|,,,,,Fire]Gastrodon||SitrusBerry|StormDrain|EarthPower,IcyWind,Protect,MuddyWater|||M|||50|,,,,,Fire]Dragonite||SafetyGoggles|Multiscale|Protect,IceSpinner,Outrage,Facade|||M|||50|,,,,,Normal]Sneasler||WhiteHerb|Unburden|DireClaw,FakeOut,BrickBreak,Protect|||F|||50|,,,,,Flying
|showteam|p2|Sneasler||FocusSash|PoisonTouch|FakeOut,DireClaw,CloseCombat,Protect|||M|||50|,,,,,Dark]Dragonite||LoadedDice|Multiscale|ExtremeSpeed,ScaleShot,StompingTantrum,Protect|||M|||50|,,,,,Steel]Dondozo||Leftovers|Unaware|WaveCrash,Yawn,Fissure,Protect|||F|||50|,,,,,Poison]Rillaboom||AssaultVest|GrassySurge|FakeOut,WoodHammer,GrassyGlide,Uturn|||M|||50|,,,,,Fire]Volcarona||CovertCloak|FlameBody|HeatWave,QuiverDance,TeraBlast,Protect|||F|||50|,,,,,Fairy]Electabuzz||Eviolite|VitalSpirit|Thunderbolt,FollowMe,Taunt,Protect|||M|||50|,,,,,Ghost
|
|t:|1756206153
|teamsize|p1|4
|teamsize|p2|4
|start
|switch|p1a: Talonflame|Talonflame, L50, F|100/100
|switch|p1b: Gastrodon|Gastrodon, L50, M|100/100
|switch|p2a: Electabuzz|Electabuzz, L50, M|100/100
|switch|p2b: Sneasler|Sneasler, L50, M|100/100
|turn|1
|
|t:|1756206181
|switch|p1a: Excadrill|Excadrill, L50, F, shiny|100/100
|move|p2b: Sneasler|Fake Out|p1a: Excadrill
|-resisted|p1a: Excadrill
|-damage|p1a: Excadrill|91/100
|move|p2a: Electabuzz|Taunt|p1a: Excadrill
|-start|p1a: Excadrill|move: Taunt
|move|p1b: Gastrodon|Earth Power|p2a: Electabuzz
|-supereffective|p2a: Electabuzz
|-damage|p2a: Electabuzz|50/100
|
|upkeep
|turn|2
|
|t:|1756206204
|switch|p1a: Talonflame|Talonflame, L50, F|100/100
|switch|p2a: Rillaboom|Rillaboom, L50, M|100/100
|-fieldstart|move: Grassy Terrain|[from] ability: Grassy Surge|[of] p2a: Rillaboom
|move|p2b: Sneasler|Protect|p2b: Sneasler
|-singleturn|p2b: Sneasler|Protect
|move|p1b: Gastrodon|Muddy Water|p2a: Rillaboom|[spread] p2a
|-activate|p2b: Sneasler|move: Protect
|-resisted|p2a: Rillaboom
|-damage|p2a: Rillaboom|91/100
|
|-heal|p2a: Rillaboom|97/100|[from] Grassy Terrain
|upkeep
|turn|3
|
|t:|1756206226
|move|p1b: Gastrodon|Protect|p1b: Gastrodon
|-singleturn|p1b: Gastrodon|Protect
|move|p2a: Rillaboom|Fake Out|p1a: Talonflame
|-damage|p1a: Talonflame|80/100
|move|p2b: Sneasler|Close Combat|p1a: Talonflame
|-resisted|p1a: Talonflame
|-damage|p1a: Talonflame|34/100
|-unboost|p2b: Sneasler|def|1
|-unboost|p2b: Sneasler|spd|1
|cant|p1a: Talonflame|flinch
|
|-heal|p2a: Rillaboom|100/100|[from] Grassy Terrain
|upkeep
|turn|4
|
|t:|1756206248
|-terastallize|p1b: Gastrodon|Fire
|move|p2b: Sneasler|Dire Claw|p1a: Talonflame
|-damage|p1a: Talonflame|0 fnt
|faint|p1a: Talonflame
|move|p2a: Rillaboom|Wood Hammer|p1b: Gastrodon
|-resisted|p1b: Gastrodon
|-damage|p1b: Gastrodon|59/100
|-damage|p2a: Rillaboom|86/100|[from] Recoil
|move|p1b: Gastrodon|Icy Wind|p2a: Rillaboom|[spread] p2a,p2b
|-supereffective|p2a: Rillaboom
|-damage|p2a: Rillaboom|71/100
|-damage|p2b: Sneasler|79/100
|-unboost|p2a: Rillaboom|spe|1
|-unboost|p2b: Sneasler|spe|1
|
|-heal|p2b: Sneasler|84/100|[from] Grassy Terrain
|-heal|p2a: Rillaboom|77/100|[from] Grassy Terrain
|-heal|p1b: Gastrodon|65/100|[from] Grassy Terrain
|upkeep
|
|t:|1756206267
|switch|p1a: Tyranitar|Tyranitar, L50, F, shiny|100/100
|-weather|Sandstorm|[from] ability: Sand Stream|[of] p1a: Tyranitar
|turn|5
|
|t:|1756206278
|switch|p2b: Electabuzz|Electabuzz, L50, M|50/100
|move|p1a: Tyranitar|Protect|p1a: Tyranitar
|-singleturn|p1a: Tyranitar|Protect
|move|p2a: Rillaboom|U-turn|p1a: Tyranitar
|-activate|p1a: Tyranitar|move: Protect
|move|p1b: Gastrodon|Icy Wind|p2a: Rillaboom|[spread] p2a
|-miss|p1b: Gastrodon|p2b: Electabuzz
|-supereffective|p2a: Rillaboom
|-damage|p2a: Rillaboom|60/100
|-unboost|p2a: Rillaboom|spe|1
|
|-weather|Sandstorm|[upkeep]
|-damage|p2b: Electabuzz|45/100|[from] Sandstorm
|-damage|p2a: Rillaboom|54/100|[from] Sandstorm
|-damage|p1b: Gastrodon|59/100|[from] Sandstorm
|-heal|p2b: Electabuzz|50/100|[from] Grassy Terrain
|-heal|p2a: Rillaboom|60/100|[from] Grassy Terrain
|-heal|p1b: Gastrodon|65/100|[from] Grassy Terrain
|upkeep
|turn|6
|
|t:|1756206302
|move|p2b: Electabuzz|Protect|p2b: Electabuzz
|-singleturn|p2b: Electabuzz|Protect
|move|p1a: Tyranitar|Rock Slide|p2b: Electabuzz|[spread] p2a
|-activate|p2b: Electabuzz|move: Protect
|-damage|p2a: Rillaboom|29/100
|cant|p2a: Rillaboom|flinch
|move|p1b: Gastrodon|Muddy Water|p2a: Rillaboom|[spread] p2a
|-activate|p2b: Electabuzz|move: Protect
|-resisted|p2a: Rillaboom
|-damage|p2a: Rillaboom|19/100
|
|-weather|Sandstorm|[upkeep]
|-damage|p2b: Electabuzz|45/100|[from] Sandstorm
|-damage|p2a: Rillaboom|13/100|[from] Sandstorm
|-damage|p1b: Gastrodon|59/100|[from] Sandstorm
|-heal|p2b: Electabuzz|50/100|[from] Grassy Terrain
|-heal|p2a: Rillaboom|19/100|[from] Grassy Terrain
|-heal|p1b: Gastrodon|65/100|[from] Grassy Terrain
|-fieldend|move: Grassy Terrain
|upkeep
|turn|7
|
|t:|1756206322
|switch|p2a: Dondozo|Dondozo, L50, F|100/100
|move|p2b: Electabuzz|Thunderbolt|p1b: Gastrodon
|-crit|p1b: Gastrodon
|-damage|p1b: Gastrodon|31/100
|-enditem|p1b: Gastrodon|Sitrus Berry|[eat]
|-heal|p1b: Gastrodon|56/100|[from] item: Sitrus Berry
|move|p1a: Tyranitar|Rock Slide|p2a: Dondozo|[spread] p2a
|-miss|p1a: Tyranitar|p2b: Electabuzz
|-damage|p2a: Dondozo|84/100
|move|p1b: Gastrodon|Muddy Water|p2b: Electabuzz|[spread] p2b
|-miss|p1b: Gastrodon|p2a: Dondozo
|-damage|p2b: Electabuzz|31/100
|
|-weather|Sandstorm|[upkeep]
|-damage|p2b: Electabuzz|25/100|[from] Sandstorm
|-damage|p2a: Dondozo|78/100|[from] Sandstorm
|-damage|p1b: Gastrodon|49/100|[from] Sandstorm
|-heal|p2a: Dondozo|84/100|[from] item: Leftovers
|upkeep
|turn|8
|
|t:|1756206347
|move|p2b: Electabuzz|Thunderbolt|p1b: Gastrodon
|-damage|p1b: Gastrodon|28/100
|move|p1a: Tyranitar|Knock Off|p2a: Dondozo
|-damage|p2a: Dondozo|58/100
|-enditem|p2a: Dondozo|Leftovers|[from] move: Knock Off|[of] p1a: Tyranitar
|move|p2a: Dondozo|Yawn|p1a: Tyranitar
|-start|p1a: Tyranitar|move: Yawn|[of] p2a: Dondozo
|move|p1b: Gastrodon|Earth Power|p2b: Electabuzz
|-supereffective|p2b: Electabuzz
|-damage|p2b: Electabuzz|0 fnt
|faint|p2b: Electabuzz
|
|-weather|Sandstorm|[upkeep]
|-damage|p2a: Dondozo|52/100|[from] Sandstorm
|-damage|p1b: Gastrodon|22/100|[from] Sandstorm
|upkeep
|
|t:|1756206358
|switch|p2b: Rillaboom|Rillaboom, L50, M|19/100
|-fieldstart|move: Grassy Terrain|[from] ability: Grassy Surge|[of] p2b: Rillaboom
|turn|9
|
|t:|1756206384
|switch|p1a: Excadrill|Excadrill, L50, F, shiny|91/100
|move|p1b: Gastrodon|Protect|p1b: Gastrodon
|-singleturn|p1b: Gastrodon|Protect
|move|p2b: Rillaboom|Wood Hammer|p1b: Gastrodon
|-activate|p1b: Gastrodon|move: Protect
|move|p2a: Dondozo|Wave Crash|p1b: Gastrodon
|-activate|p1b: Gastrodon|ability: Storm Drain
|-activate|p1b: Gastrodon|move: Protect
|
|-weather|none
|-heal|p1a: Excadrill|97/100|[from] Grassy Terrain
|-heal|p2b: Rillaboom|25/100|[from] Grassy Terrain
|-heal|p2a: Dondozo|58/100|[from] Grassy Terrain
|-heal|p1b: Gastrodon|28/100|[from] Grassy Terrain
|upkeep
|turn|10
|
|t:|1756206419
|switch|p1b: Tyranitar|Tyranitar, L50, F, shiny|100/100
|-weather|Sandstorm|[from] ability: Sand Stream|[of] p1b: Tyranitar
|move|p2b: Rillaboom|Grassy Glide|p1a: Excadrill
|-damage|p1a: Excadrill|45/100
|move|p1a: Excadrill|Iron Head|p2b: Rillaboom
|-damage|p2b: Rillaboom|0 fnt
|faint|p2b: Rillaboom
|-damage|p1a: Excadrill|36/100|[from] item: Life Orb
|move|p2a: Dondozo|Yawn|p1a: Excadrill
|-start|p1a: Excadrill|move: Yawn|[of] p2a: Dondozo
|
|-weather|Sandstorm|[upkeep]
|-damage|p2a: Dondozo|52/100|[from] Sandstorm
|-heal|p1a: Excadrill|42/100|[from] Grassy Terrain
|-heal|p2a: Dondozo|58/100|[from] Grassy Terrain
|upkeep
|
|t:|1756206427
|switch|p2b: Sneasler|Sneasler, L50, M|84/100
|turn|11
|
|t:|1756206443
|switch|p1a: Gastrodon|Gastrodon, L50, M, tera:Fire|28/100
|move|p1b: Tyranitar|Protect|p1b: Tyranitar
|-singleturn|p1b: Tyranitar|Protect
|move|p2b: Sneasler|Close Combat|p1a: Gastrodon
|-damage|p1a: Gastrodon|0 fnt
|-unboost|p2b: Sneasler|def|1
|-unboost|p2b: Sneasler|spd|1
|faint|p1a: Gastrodon
|move|p2a: Dondozo|Yawn|p1b: Tyranitar
|-activate|p1b: Tyranitar|move: Protect
|
|-weather|Sandstorm|[upkeep]
|-damage|p2b: Sneasler|79/100|[from] Sandstorm
|-damage|p2a: Dondozo|52/100|[from] Sandstorm
|-heal|p2b: Sneasler|84/100|[from] Grassy Terrain
|-heal|p2a: Dondozo|58/100|[from] Grassy Terrain
|upkeep
|
|t:|1756206461
|switch|p1a: Excadrill|Excadrill, L50, F, shiny|42/100
|turn|12
|
|t:|1756206471
|move|p2b: Sneasler|Close Combat|p1b: Tyranitar
|-supereffective|p1b: Tyranitar
|-damage|p1b: Tyranitar|0 fnt
|-unboost|p2b: Sneasler|def|1
|-unboost|p2b: Sneasler|spd|1
|faint|p1b: Tyranitar
|move|p1a: Excadrill|Iron Head|p2b: Sneasler
|-damage|p2b: Sneasler|0 fnt
|faint|p2b: Sneasler
|-damage|p1a: Excadrill|32/100|[from] item: Life Orb
|move|p2a: Dondozo|Wave Crash|p1a: Excadrill
|-supereffective|p1a: Excadrill
|-damage|p1a: Excadrill|0 fnt
|faint|p1a: Excadrill
|-damage|p2a: Dondozo|50/100|[from] Recoil
|
|win|vgc_eon
|inactive|Ace Trainer Gaby has 30 seconds to confirm battle start!
|inactive|vgc_eon has 30 seconds to confirm battle start!
||vgc_eon is ready for game 2.
|inactive|Ace Trainer Gaby has 20 seconds to confirm battle start!
||Ace Trainer Gaby is ready for game 2.
|uhtml|next|Next: Game 2 of 3
