|j|☆CooledThePubbers
|j|☆leafeon03
|html|CooledThePubbersleafeon03    
|uhtml|bestof|Game 2 of a best-of-3
|t:|1785442650
|gametype|doubles
|player|p1|CooledThePubbers|1|1399
|player|p2|leafeon03|erika|1350
|gen|9
|tier|[Gen 9 Champions] VGC 2026 Reg M-B (Bo3)
|rated|
|rule|Species Clause: Limit one of each Pokémon
|rule|Item Clause: Limit 1 of each item
|clearpoke
|poke|p1|Gardevoir, L50, F|
|poke|p1|Maushold-Four, L50|
|poke|p1|Delphox, L50, F|
|poke|p1|Sinistcha, L50|
|poke|p1|Incineroar, L50, F|
|poke|p1|Lucario, L50, M|
|poke|p2|Garchomp, L50, F, shiny|
|poke|p2|Charizard, L50, F, shiny|
|poke|p2|Whimsicott, L50, M|
|poke|p2|Floette-Eternal, L50, F|
|poke|p2|Basculegion, L50, M|
|poke|p2|Kingambit, L50, M, shiny|
|teampreview|4
|showteam|p1|Gardevoir||Gardevoirite|Trace|HyperVoice,Psychic,Thunderbolt,Protect|Timid||F|||50|]Maushold-Four||FocusSash|FriendGuard|SuperFang,FollowMe,Feint,Protect|Jolly|||||50|]Delphox||Delphoxite|Magician|Psychic,HeatWave,Substitute,Protect|Timid||F|||50|]Sinistcha||ColburBerry|Hospitality|MatchaGotcha,RagePowder,Protect,TrickRoom|Calm|||||50|]Incineroar||SitrusBerry|Intimidate|PartingShot,FakeOut,FlareBlitz,ThroatChop|Careful||F|||50|]Lucario||LifeOrb|InnerFocus|ExtremeSpeed,BulletPunch,CloseCombat,UpperHand|Jolly||M|||50|
|showteam|p2|Garchomp||LifeOrb|RoughSkin|Earthquake,RockSlide,DragonClaw,Protect|Jolly||F|||50|]Charizard||CharizarditeY|Blaze|HeatWave,WeatherBall,SolarBeam,Protect|Modest||F|||50|]Whimsicott||FocusSash|Prankster|Moonblast,Tailwind,Encore,Protect|Timid||M|||50|]Floette-Eternal||Floettite|FlowerVeil|Moonblast,DazzlingGleam,LightofRuin,Protect|Modest||F|||50|]Basculegion||MysticWater|Adaptability|WaveCrash,LastRespects,AquaJet,Protect|Adamant||M|||50|]Kingambit||ChopleBerry|Defiant|KowtowCleave,SuckerPunch,IronHead,LowKick|Adamant||M|||50|
|inactive|Battle timer is ON: inactive players will automatically lose when time's up. (requested by CooledThePubbers)
|
|t:|1785442664
|teamsize|p1|4
|teamsize|p2|4
|start
|switch|p1a: Maushold|Maushold-Four, L50|100/100
|switch|p1b: Gardevoir|Gardevoir, L50, F|100/100
|switch|p2a: Whimsicott|Whimsicott, L50, M|100/100
|switch|p2b: Charizard|Charizard, L50, F, shiny|100/100
|-ability|p1b: Gardevoir|Blaze|Trace|[from] ability: Trace|[of] p2b: Charizard
|turn|1
|inactive|leafeon03 has 30 seconds left.
|inactive|leafeon03 has 20 seconds left.
|
|t:|1785442700
|detailschange|p1b: Gardevoir|Gardevoir-Mega, L50, F
|-mega|p1b: Gardevoir|Gardevoir|Gardevoirite
|move|p2b: Charizard|Protect|p2b: Charizard
|-singleturn|p2b: Charizard|Protect
|move|p2a: Whimsicott|Tailwind|p2a: Whimsicott
|-sidestart|p2: leafeon03|move: Tailwind
|move|p1a: Maushold|Super Fang|p2b: Charizard
|-activate|p2b: Charizard|move: Protect
|move|p1b: Gardevoir|Hyper Voice|p2b: Charizard|[spread] p2a
|-activate|p2b: Charizard|move: Protect
|-damage|p2a: Whimsicott|23/100
|
|upkeep
|turn|2
|inactive|CooledThePubbers has 30 seconds left.
|inactive|leafeon03 has 30 seconds left.
|inactive|CooledThePubbers has 20 seconds left.
|
|t:|1785442739
|switch|p1b: Incineroar|Incineroar, L50, F|100/100
|-ability|p1b: Incineroar|Intimidate|boost
|-unboost|p2a: Whimsicott|atk|1
|-unboost|p2b: Charizard|atk|1
|detailschange|p2b: Charizard|Charizard-Mega-Y, L50, F, shiny
|-mega|p2b: Charizard|Charizard|Charizardite Y
|-weather|SunnyDay|[from] ability: Drought|[of] p2b: Charizard
|move|p1a: Maushold|Protect|p1a: Maushold
|-singleturn|p1a: Maushold|Protect
|move|p2a: Whimsicott|Moonblast|p1a: Maushold
|-activate|p1a: Maushold|move: Protect
|move|p2b: Charizard|Heat Wave|p1a: Maushold|[spread] p1b
|-activate|p1a: Maushold|move: Protect
|-resisted|p1b: Incineroar|1
|-damage|p1b: Incineroar|80/100
|
|-weather|SunnyDay|[upkeep]
|upkeep
|turn|3
|inactive|leafeon03 has 30 seconds left.
|
|t:|1785442769
|switch|p2a: Garchomp|Garchomp, L50, F, shiny|100/100
|move|p1b: Incineroar|Fake Out|p2b: Charizard
|-damage|p2b: Charizard|90/100
|cant|p2b: Charizard|flinch
|move|p1a: Maushold|Super Fang|p2b: Charizard
|-damage|p2b: Charizard|45/100
|
|-weather|SunnyDay|[upkeep]
|upkeep
|turn|4
|
|t:|1785442788
|move|p1a: Maushold|Protect|p1a: Maushold
|-singleturn|p1a: Maushold|Protect
|move|p2a: Garchomp|Earthquake|p1b: Incineroar|[spread] p1b
|-activate|p1a: Maushold|move: Protect
|-immune|p2b: Charizard
|-supereffective|p1b: Incineroar|1
|-damage|p1b: Incineroar|18/100
|-enditem|p1b: Incineroar|Sitrus Berry|[eat]
|-heal|p1b: Incineroar|43/100|[from] item: Sitrus Berry
|-damage|p2a: Garchomp|90/100|[from] item: Life Orb
|move|p2b: Charizard|Heat Wave|p1b: Incineroar|[spread] p1b
|-activate|p1a: Maushold|move: Protect
|-resisted|p1b: Incineroar|1
|-damage|p1b: Incineroar|26/100
|move|p1b: Incineroar|Parting Shot|p2a: Garchomp
|-unboost|p2a: Garchomp|atk|1
|-unboost|p2a: Garchomp|spa|1
|
|t:|1785442803
|switch|p1b: Gardevoir|Gardevoir-Mega, L50, F|100/100|[from] Parting Shot
|
|-weather|SunnyDay|[upkeep]
|-sideend|p2: leafeon03|move: Tailwind
|upkeep
|turn|5
|inactive|leafeon03 has 30 seconds left.
|inactive|leafeon03 has 20 seconds left.
|
|t:|1785442843
|move|p1a: Maushold|Feint|p2b: Charizard
|-damage|p2b: Charizard|36/100
|move|p2a: Garchomp|Earthquake|p1a: Maushold|[spread] p1a,p1b
|-immune|p2b: Charizard
|-damage|p1a: Maushold|56/100
|-damage|p1b: Gardevoir|59/100
|-damage|p2a: Garchomp|80/100|[from] item: Life Orb
|move|p1b: Gardevoir|Hyper Voice|p2a: Garchomp|[spread] p2a,p2b
|-supereffective|p2a: Garchomp|1
|-resisted|p2b: Charizard|1
|-damage|p2a: Garchomp|0 fnt
|-damage|p2b: Charizard|14/100
|faint|p2a: Garchomp
|move|p2b: Charizard|Heat Wave|p1a: Maushold|[spread] p1a,p1b
|-damage|p1a: Maushold|0 fnt
|-damage|p1b: Gardevoir|15/100
|-status|p1b: Gardevoir|brn
|faint|p1a: Maushold
|
|-weather|SunnyDay|[upkeep]
|-damage|p1b: Gardevoir|8/100 brn|[from] brn
|upkeep
|
|t:|1785442864
|switch|p1a: Sinistcha|Sinistcha, L50|100/100
|switch|p2a: Whimsicott|Whimsicott, L50, M|23/100
|-heal|p1b: Gardevoir|33/100 brn|[from] ability: Hospitality|[of] p1a: Sinistcha
|turn|6
|
|t:|1785442875
|switch|p1b: Incineroar|Incineroar, L50, F|26/100
|-ability|p1b: Incineroar|Intimidate|boost
|-unboost|p2a: Whimsicott|atk|1
|-unboost|p2b: Charizard|atk|1
|move|p2a: Whimsicott|Protect|p2a: Whimsicott
|-singleturn|p2a: Whimsicott|Protect
|move|p2b: Charizard|Protect|p2b: Charizard
|-singleturn|p2b: Charizard|Protect
|move|p1a: Sinistcha|Protect||[still]
|-fail|p1a: Sinistcha
|
|-weather|none
|upkeep
|turn|7
|inactive|CooledThePubbers has 30 seconds left.
|inactive|leafeon03 has 30 seconds left.
|
|t:|1785442909
|switch|p2b: Basculegion|Basculegion, L50, M|100/100
|move|p1b: Incineroar|Fake Out|p2a: Whimsicott
|-damage|p2a: Whimsicott|5/100
|cant|p2a: Whimsicott|flinch
|move|p1a: Sinistcha|Trick Room|p1a: Sinistcha
|-fieldstart|move: Trick Room|[of] p1a: Sinistcha
|
|upkeep
|turn|8
|inactive|leafeon03 has 30 seconds left.
|inactive|CooledThePubbers has 30 seconds left.
|inactive|leafeon03 has 20 seconds left.
|inactive|leafeon03 has 15 seconds left.
|inactive|leafeon03 has 10 seconds left.
|
|t:|1785442954
|switch|p1a: Gardevoir|Gardevoir-Mega, L50, F|33/100 brn
|move|p2b: Basculegion|Protect|p2b: Basculegion
|-singleturn|p2b: Basculegion|Protect
|move|p1b: Incineroar|Throat Chop|p2b: Basculegion
|-activate|p2b: Basculegion|move: Protect
|move|p2a: Whimsicott|Moonblast|p1b: Incineroar
|-damage|p1b: Incineroar|1/100
|
|-damage|p1a: Gardevoir|27/100 brn|[from] brn
|upkeep
|turn|9
|inactive|leafeon03 has 30 seconds left.
|inactive|leafeon03 has 20 seconds left.
|inactive|leafeon03 has 15 seconds left.
|
|t:|1785442995
|move|p2a: Whimsicott|Protect|p2a: Whimsicott
|-singleturn|p2a: Whimsicott|Protect
|move|p2b: Basculegion|Aqua Jet|p1a: Gardevoir
|-damage|p1a: Gardevoir|0 fnt
|faint|p1a: Gardevoir
|move|p1b: Incineroar|Throat Chop|p2b: Basculegion
|-supereffective|p2b: Basculegion|1
|-damage|p2b: Basculegion|23/100
|-start|p2b: Basculegion|Throat Chop|[silent]
|
|upkeep
|
|t:|1785443000
|switch|p1a: Sinistcha|Sinistcha, L50|100/100
|-heal|p1b: Incineroar|25/100|[from] ability: Hospitality|[of] p1a: Sinistcha
|turn|10
|
|t:|1785443024
|move|p1b: Incineroar|Throat Chop|p2a: Whimsicott
|-resisted|p2a: Whimsicott|1
|-damage|p2a: Whimsicott|0 fnt
|faint|p2a: Whimsicott
|move|p1a: Sinistcha|Matcha Gotcha|p2b: Basculegion
|-supereffective|p2b: Basculegion|1
|-damage|p2b: Basculegion|0 fnt
|faint|p2b: Basculegion
|
|upkeep
|
|t:|1785443033
|switch|p2b: Charizard|Charizard-Mega-Y, L50, F, shiny|14/100
|-weather|SunnyDay|[from] ability: Drought|[of] p2b: Charizard
|turn|11
|
|t:|1785443041
|move|p2b: Charizard|Protect|p2b: Charizard
|-singleturn|p2b: Charizard|Protect
|move|p1b: Incineroar|Throat Chop|p2b: Charizard
|-activate|p2b: Charizard|move: Protect
|move|p1a: Sinistcha|Matcha Gotcha|p2b: Charizard
|-activate|p2b: Charizard|move: Protect
|
|-weather|SunnyDay|[upkeep]
|-fieldend|move: Trick Room
|upkeep
|turn|12
|
|t:|1785443060
|move|p2b: Charizard|Heat Wave|p1a: Sinistcha|[spread] p1a,p1b
|-supereffective|p1a: Sinistcha|1
|-resisted|p1b: Incineroar|1
|-damage|p1a: Sinistcha|0 fnt
|-damage|p1b: Incineroar|0 fnt
|faint|p1a: Sinistcha
|faint|p1b: Incineroar
|
|win|leafeon03
|raw|CooledThePubbers's rating: 1399 → 1376(-23 for losing)
|raw|leafeon03's rating: 1350 → 1373(+23 for winning)
|l|☆CooledThePubbers
|player|p1|
