|j|☆bobak dotto
|j|☆Tasinaura76
|html|bobak dottoTasinaura76    
|uhtml|bestof|Game 1 of a best-of-3
|t:|1782295180
|gametype|doubles
|player|p1|bobak dotto|1|1000
|player|p2|Tasinaura76|silver|1091
|gen|9
|tier|[Gen 9 Champions] VGC 2026 Reg M-B (Bo3)
|rated|
|rule|Species Clause: Limit one of each Pokémon
|rule|Item Clause: Limit 1 of each item
|clearpoke
|poke|p1|Hippowdon, L50, M|
|poke|p1|Houndstone, L50, F|
|poke|p1|Incineroar, L50, F|
|poke|p1|Excadrill, L50, F|
|poke|p1|Hydreigon, L50, M|
|poke|p1|Delphox, L50, M|
|poke|p2|Garchomp, L50, M|
|poke|p2|Gholdengo, L50|
|poke|p2|Incineroar, L50, M|
|poke|p2|Charizard, L50, F|
|poke|p2|Whimsicott, L50, F|
|poke|p2|Basculegion, L50, M|
|teampreview|4
|showteam|p1|Hippowdon||Leftovers|SandStream|HighHorsepower,HelpingHand,Yawn,Protect|Impish||M|||50|]Houndstone||LifeOrb|SandRush|LastRespects,Poltergeist,BodyPress,Protect|Adamant||F|||50|]Incineroar||SitrusBerry|Intimidate|FakeOut,FlareBlitz,ThroatChop,PartingShot|Adamant||F|||50|]Excadrill||FocusSash|SandRush|Earthquake,RockSlide,IronHead,Protect|Adamant||F|||50|]Hydreigon||ChopleBerry|Levitate|Tailwind,Snarl,DracoMeteor,Protect|Modest||M|||50|]Delphox||Delphoxite|Blaze|HeatWave,Psychic,NastyPlot,Protect|Timid||M|||50|
|showteam|p2|Garchomp||LifeOrb|RoughSkin|Protect,DragonClaw,RockSlide,Earthquake|Jolly||M|||50|]Gholdengo||MetalCoat|GoodasGold|Protect,MakeItRain,ShadowBall,PowerGem|Timid|||||50|]Incineroar||SitrusBerry|Intimidate|FlareBlitz,PartingShot,ThroatChop,FakeOut|Impish||M|||50|]Charizard||CharizarditeY|SolarPower|Protect,HeatWave,WeatherBall,SolarBeam|Modest||F|||50|]Whimsicott||FocusSash|Prankster|Protect,Moonblast,Tailwind,Encore|Timid||F|||50|]Basculegion||ChoiceScarf|Adaptability|FlipTurn,LastRespects,AquaJet,WaveCrash|Jolly||M|||50|
|inactive|Battle timer is ON: inactive players will automatically lose when time's up. (requested by bobak dotto)
|
|t:|1782295258
|teamsize|p1|4
|teamsize|p2|4
|start
|switch|p1a: Incineroar|Incineroar, L50, F|100/100
|switch|p1b: Hydreigon|Hydreigon, L50, M|100/100
|switch|p2a: Garchomp|Garchomp, L50, M|100/100
|switch|p2b: Whimsicott|Whimsicott, L50, F|100/100
|-ability|p1a: Incineroar|Intimidate|boost
|-unboost|p2a: Garchomp|atk|1
|-unboost|p2b: Whimsicott|atk|1
|turn|1
|inactive|bobak dotto has 30 seconds left.
|
|t:|1782295289
|move|p1a: Incineroar|Fake Out|p2b: Whimsicott
|-damage|p2b: Whimsicott|80/100
|cant|p2b: Whimsicott|flinch
|move|p2a: Garchomp|Dragon Claw|p1b: Hydreigon
|-supereffective|p1b: Hydreigon|1
|-damage|p1b: Hydreigon|12/100
|-damage|p2a: Garchomp|90/100|[from] item: Life Orb
|move|p1b: Hydreigon|Tailwind|p1b: Hydreigon
|-sidestart|p1: bobak dotto|move: Tailwind
|
|upkeep
|turn|2
|
|t:|1782295309
|move|p1b: Hydreigon|Protect|p1b: Hydreigon
|-singleturn|p1b: Hydreigon|Protect
|move|p2b: Whimsicott|Tailwind|p2b: Whimsicott
|-sidestart|p2: Tasinaura76|move: Tailwind
|move|p2a: Garchomp|Rock Slide|p1b: Hydreigon|[spread] p1a
|-activate|p1b: Hydreigon|move: Protect
|-supereffective|p1a: Incineroar|1
|-damage|p1a: Incineroar|67/100
|-damage|p2a: Garchomp|80/100|[from] item: Life Orb
|move|p1a: Incineroar|Parting Shot|p2a: Garchomp
|-unboost|p2a: Garchomp|atk|1
|-unboost|p2a: Garchomp|spa|1
|
|t:|1782295321
|switch|p1a: Delphox|Delphox, L50, M|100/100|[from] Parting Shot
|
|upkeep
|turn|3
|
|t:|1782295332
|switch|p2a: Incineroar|Incineroar, L50, M|100/100
|-ability|p2a: Incineroar|Intimidate|boost
|-unboost|p1a: Delphox|atk|1
|-unboost|p1b: Hydreigon|atk|1
|switch|p1b: Incineroar|Incineroar, L50, F|67/100
|-ability|p1b: Incineroar|Intimidate|boost
|-unboost|p2a: Incineroar|atk|1
|-unboost|p2b: Whimsicott|atk|1
|detailschange|p1a: Delphox|Delphox-Mega, L50, M
|-mega|p1a: Delphox|Delphox|Delphoxite
|move|p2b: Whimsicott|Protect|p2b: Whimsicott
|-singleturn|p2b: Whimsicott|Protect
|move|p1a: Delphox|Heat Wave|p2b: Whimsicott|[spread] p2a
|-activate|p2b: Whimsicott|move: Protect
|-resisted|p2a: Incineroar|1
|-damage|p2a: Incineroar|86/100
|
|upkeep
|turn|4
|inactive|Tasinaura76 has 30 seconds left.
|
|t:|1782295358
|move|p1a: Delphox|Protect|p1a: Delphox
|-singleturn|p1a: Delphox|Protect
|move|p2a: Incineroar|Fake Out|p1b: Incineroar
|-damage|p1b: Incineroar|60/100
|move|p2b: Whimsicott|Encore|p1a: Delphox
|-activate|p1a: Delphox|move: Protect
|cant|p1b: Incineroar|flinch
|
|-sideend|p1: bobak dotto|move: Tailwind
|upkeep
|turn|5
|
|t:|1782295373
|switch|p1a: Hydreigon|Hydreigon, L50, M|12/100
|move|p2b: Whimsicott|Moonblast|p1b: Incineroar
|-damage|p1b: Incineroar|32/100
|-enditem|p1b: Incineroar|Sitrus Berry|[eat]
|-heal|p1b: Incineroar|56/100|[from] item: Sitrus Berry
|move|p2a: Incineroar|Throat Chop|p1a: Hydreigon
|-resisted|p1a: Hydreigon|1
|-damage|p1a: Hydreigon|0 fnt
|faint|p1a: Hydreigon
|move|p1b: Incineroar|Flare Blitz|p2b: Whimsicott
|-supereffective|p2b: Whimsicott|1
|-damage|p2b: Whimsicott|0 fnt
|faint|p2b: Whimsicott
|-damage|p1b: Incineroar|39/100|[from] Recoil
|
|-sideend|p2: Tasinaura76|move: Tailwind
|upkeep
|
|t:|1782295385
|switch|p2b: Garchomp|Garchomp, L50, M|80/100
|switch|p1a: Delphox|Delphox-Mega, L50, M|100/100
|turn|6
|
|t:|1782295393
|switch|p1b: Hippowdon|Hippowdon, L50, M|100/100
|-weather|Sandstorm|[from] ability: Sand Stream|[of] p1b: Hippowdon
|move|p1a: Delphox|Protect|p1a: Delphox
|-singleturn|p1a: Delphox|Protect
|move|p2b: Garchomp|Protect|p2b: Garchomp
|-singleturn|p2b: Garchomp|Protect
|move|p2a: Incineroar|Parting Shot|p1a: Delphox
|-activate|p1a: Delphox|move: Protect
|
|-weather|Sandstorm|[upkeep]
|-damage|p1a: Delphox|93/100|[from] Sandstorm
|-damage|p2a: Incineroar|80/100|[from] Sandstorm
|upkeep
|turn|7
|inactive|bobak dotto has 30 seconds left.
|
|t:|1782295421
|switch|p1a: Incineroar|Incineroar, L50, F|39/100
|-ability|p1a: Incineroar|Intimidate|boost
|-unboost|p2a: Incineroar|atk|1
|-unboost|p2b: Garchomp|atk|1
|move|p2b: Garchomp|Rock Slide|p1b: Hippowdon|[spread] p1a
|-miss|p2b: Garchomp|p1b: Hippowdon
|-supereffective|p1a: Incineroar|1
|-damage|p1a: Incineroar|6/100
|-damage|p2b: Garchomp|71/100|[from] item: Life Orb
|move|p2a: Incineroar|Parting Shot|p1b: Hippowdon
|-unboost|p1b: Hippowdon|atk|1
|-unboost|p1b: Hippowdon|spa|1
|
|t:|1782295432
|switch|p2a: Charizard|Charizard, L50, F|100/100|[from] Parting Shot
|move|p1b: Hippowdon|Yawn|p2b: Garchomp
|-start|p2b: Garchomp|move: Yawn|[of] p1b: Hippowdon
|
|-weather|Sandstorm|[upkeep]
|-damage|p2a: Charizard|94/100|[from] Sandstorm
|-damage|p1a: Incineroar|1/100|[from] Sandstorm
|upkeep
|turn|8
|
|t:|1782295447
|switch|p1b: Delphox|Delphox-Mega, L50, M|93/100
|detailschange|p2a: Charizard|Charizard-Mega-Y, L50, F
|-mega|p2a: Charizard|Charizard|Charizardite Y
|-weather|SunnyDay|[from] ability: Drought|[of] p2a: Charizard
|move|p1a: Incineroar|Fake Out|p2a: Charizard
|-damage|p2a: Charizard|81/100
|move|p2b: Garchomp|Rock Slide|p1b: Delphox|[spread] p1a,p1b
|-supereffective|p1a: Incineroar|1
|-supereffective|p1b: Delphox|1
|-damage|p1a: Incineroar|0 fnt
|-damage|p1b: Delphox|55/100
|faint|p1a: Incineroar
|-damage|p2b: Garchomp|61/100|[from] item: Life Orb
|cant|p2a: Charizard|flinch
|
|-weather|SunnyDay|[upkeep]
|-end|p2b: Garchomp|move: Yawn|[silent]
|-status|p2b: Garchomp|slp
|upkeep
|
|t:|1782295463
|switch|p1a: Hippowdon|Hippowdon, L50, M|100/100
|-weather|Sandstorm|[from] ability: Sand Stream|[of] p1a: Hippowdon
|turn|9
|
|t:|1782295486
|move|p1a: Hippowdon|Helping Hand|p1b: Delphox
|-singleturn|p1b: Delphox|Helping Hand|[of] p1a: Hippowdon
|move|p2a: Charizard|Protect|p2a: Charizard
|-singleturn|p2a: Charizard|Protect
|move|p1b: Delphox|Psychic|p2a: Charizard
|-activate|p2a: Charizard|move: Protect
|cant|p2b: Garchomp|slp
|
|-weather|Sandstorm|[upkeep]
|-damage|p1b: Delphox|49/100|[from] Sandstorm
|-damage|p2a: Charizard|75/100|[from] Sandstorm
|upkeep
|turn|10
|
|t:|1782295502
|switch|p2a: Incineroar|Incineroar, L50, M|80/100
|-ability|p2a: Incineroar|Intimidate|boost
|-unboost|p1a: Hippowdon|atk|1
|-unboost|p1b: Delphox|atk|1
|move|p1b: Delphox|Nasty Plot|p1b: Delphox
|-boost|p1b: Delphox|spa|2
|cant|p2b: Garchomp|slp
|move|p1a: Hippowdon|Yawn|p2a: Incineroar
|-start|p2a: Incineroar|move: Yawn|[of] p1a: Hippowdon
|
|-weather|Sandstorm|[upkeep]
|-damage|p1b: Delphox|43/100|[from] Sandstorm
|-damage|p2a: Incineroar|74/100|[from] Sandstorm
|upkeep
|turn|11
|inactive|Tasinaura76 has 30 seconds left.
|inactive|Tasinaura76 has 20 seconds left.
|inactive|Tasinaura76 has 15 seconds left.
|inactive|Tasinaura76 has 10 seconds left.
|
|t:|1782295548
|move|p1b: Delphox|Protect|p1b: Delphox
|-singleturn|p1b: Delphox|Protect
|move|p1a: Hippowdon|Protect|p1a: Hippowdon
|-singleturn|p1a: Hippowdon|Protect
|move|p2a: Incineroar|Fake Out|p1b: Delphox
|-activate|p1b: Delphox|move: Protect
|-curestatus|p2b: Garchomp|slp|[msg]
|move|p2b: Garchomp|Dragon Claw|p1b: Delphox
|-activate|p1b: Delphox|move: Protect
|
|-weather|Sandstorm|[upkeep]
|-damage|p1b: Delphox|37/100|[from] Sandstorm
|-damage|p2a: Incineroar|68/100|[from] Sandstorm
|-end|p2a: Incineroar|move: Yawn|[silent]
|-status|p2a: Incineroar|slp
|upkeep
|turn|12
|
|t:|1782295565
|move|p1a: Hippowdon|Helping Hand|p1b: Delphox
|-singleturn|p1b: Delphox|Helping Hand|[of] p1a: Hippowdon
|move|p1b: Delphox|Psychic|p2b: Garchomp
|-damage|p2b: Garchomp|0 fnt
|faint|p2b: Garchomp
|cant|p2a: Incineroar|slp
|
|-weather|Sandstorm|[upkeep]
|-damage|p1b: Delphox|30/100|[from] Sandstorm
|-damage|p2a: Incineroar|62/100 slp|[from] Sandstorm
|upkeep
|
|t:|1782295571
|switch|p2b: Charizard|Charizard-Mega-Y, L50, F|75/100
|-weather|SunnyDay|[from] ability: Drought|[of] p2b: Charizard
|turn|13
|
|t:|1782295580
|move|p1b: Delphox|Protect|p1b: Delphox
|-singleturn|p1b: Delphox|Protect
|move|p2b: Charizard|Protect|p2b: Charizard
|-singleturn|p2b: Charizard|Protect
|-curestatus|p2a: Incineroar|slp|[msg]
|move|p2a: Incineroar|Throat Chop|p1b: Delphox
|-activate|p1b: Delphox|move: Protect
|move|p1a: Hippowdon|High Horsepower|p2a: Incineroar
|-supereffective|p2a: Incineroar|1
|-damage|p2a: Incineroar|20/100r
|-enditem|p2a: Incineroar|Sitrus Berry|[eat]
|-heal|p2a: Incineroar|45/100|[from] item: Sitrus Berry
|
|-weather|SunnyDay|[upkeep]
|upkeep
|turn|14
|
|t:|1782295595
|move|p1a: Hippowdon|Helping Hand|p1b: Delphox
|-singleturn|p1b: Delphox|Helping Hand|[of] p1a: Hippowdon
|move|p1b: Delphox|Psychic|p2b: Charizard
|-damage|p2b: Charizard|0 fnt
|faint|p2b: Charizard
|move|p2a: Incineroar|Throat Chop|p1b: Delphox
|-supereffective|p1b: Delphox|1
|-damage|p1b: Delphox|0 fnt
|faint|p1b: Delphox
|
|-weather|SunnyDay|[upkeep]
|upkeep
|turn|15
|
|t:|1782295611
|move|p2a: Incineroar|Flare Blitz|p1a: Hippowdon
|-damage|p1a: Hippowdon|56/100
|-damage|p2a: Incineroar|29/100|[from] Recoil
|move|p1a: Hippowdon|Yawn|p2a: Incineroar
|-start|p2a: Incineroar|move: Yawn|[of] p1a: Hippowdon
|
|-weather|SunnyDay|[upkeep]
|-heal|p1a: Hippowdon|62/100|[from] item: Leftovers
|upkeep
|turn|16
|
|t:|1782295620
|move|p1a: Hippowdon|Protect|p1a: Hippowdon
|-singleturn|p1a: Hippowdon|Protect
|move|p2a: Incineroar|Parting Shot|p1a: Hippowdon
|-activate|p1a: Hippowdon|move: Protect
|
|-weather|SunnyDay|[upkeep]
|-heal|p1a: Hippowdon|68/100|[from] item: Leftovers
|-end|p2a: Incineroar|move: Yawn|[silent]
|-status|p2a: Incineroar|slp
|upkeep
|turn|17
|
|t:|1782295629
|cant|p2a: Incineroar|slp
|move|p1a: Hippowdon|High Horsepower|p2a: Incineroar
|-supereffective|p2a: Incineroar|1
|-damage|p2a: Incineroar|0 fnt
|faint|p2a: Incineroar
|
|win|bobak dotto
||Tasinaura76 is ready for game 2.
||bobak dotto is ready for game 2.
|uhtml|next|Next: Game 2 of 3
