|j|☆LookBackInBanger
|j|‽jfaria97
|html|LookBackInBangerjfaria97    
|uhtml|bestof|Game 2 of a best-of-3
|t:|1756474037
|gametype|doubles
|player|p1|LookBackInBanger|mina|1163
|player|p2|jfaria97|red|1182
|gen|9
|tier|[Gen 9] VGC 2025 Reg H (Bo3)
|rated|
|rule|Species Clause: Limit one of each Pokémon
|rule|Item Clause: Limit 1 of each item
|clearpoke
|poke|p1|Dragonite, L50, F|
|poke|p1|Electabuzz, L50, M|
|poke|p1|Indeedee, L50, M|
|poke|p1|Sneasler, L50, F|
|poke|p1|Talonflame, L50, F|
|poke|p1|Ursaluna-Bloodmoon, L50, M|
|poke|p2|Garchomp, L50, M|
|poke|p2|Gholdengo, L50|
|poke|p2|Weezing-Galar, L50, M|
|poke|p2|Incineroar, L50, M|
|poke|p2|Dragonite, L50, F|
|poke|p2|Amoonguss, L50, F|
|teampreview|4
|showteam|p1|Dragonite||LoadedDice|Multiscale|ScaleShot,StompingTantrum,Haze,Protect|||F|||50|,,,,,Fairy]Electabuzz||Eviolite|VitalSpirit|Electroweb,FollowMe,Taunt,Protect|||M|||50|,,,,,Dragon]Indeedee||FocusSash|PsychicSurge|ExpandingForce,HelpingHand,TrickRoom,Imprison|||M|||50|,,,,,Psychic]Sneasler||PsychicSeed|Unburden|DireClaw,CloseCombat,ThroatChop,Protect|||F|||50|,,,,,Stellar]Talonflame||CovertCloak|GaleWings|FlareBlitz,DualWingbeat,WillOWisp,Tailwind|||F|||50|,,,,,Stellar]Ursaluna-Bloodmoon||LifeOrb|MindsEye|BloodMoon,HyperVoice,EarthPower,Protect|||M|||50|,,,,,Normal
|showteam|p2|Garchomp||LifeOrb|RoughSkin|Earthquake,StompingTantrum,DragonClaw,Protect|||M|||50|,,,,,Steel]Gholdengo||ChoiceSpecs|GoodasGold|MakeItRain,ShadowBall,Thunderbolt,Trick||||||50|,,,,,Steel]Weezing-Galar||Leftovers|NeutralizingGas|StrangeSteam,SludgeBomb,Taunt,Protect|||M|||50|,,,,,Dark]Incineroar||SafetyGoggles|Intimidate|FlareBlitz,KnockOff,FakeOut,PartingShot|||M|||50|,,,,,Ghost]Dragonite||ChoiceBand|InnerFocus|ExtremeSpeed,Outrage,AerialAce,StompingTantrum|||F|||50|,,,,,Normal]Amoonguss||RockyHelmet|Regenerator|RagePowder,ClearSmog,PollenPuff,Spore|||F|||50|,,,,,Water
|inactive|Battle timer is ON: inactive players will automatically lose when time's up. (requested by jfaria97)
|inactive|jfaria97 has 60 seconds left.
|inactive|jfaria97 has 30 seconds left.
|
|t:|1756474143
|teamsize|p1|4
|teamsize|p2|4
|start
|switch|p1a: Electabuzz|Electabuzz, L50, M|100/100
|switch|p1b: Dragonite|Dragonite, L50, F|100/100
|switch|p2a: Weezing|Weezing-Galar, L50, M|100/100
|switch|p2b: Gholdengo|Gholdengo, L50|100/100
|-ability|p2a: Weezing|Neutralizing Gas
|turn|1
|inactive|LookBackInBanger has 30 seconds left.
|inactive|LookBackInBanger has 20 seconds left.
|inactive|LookBackInBanger has 15 seconds left.
|
|t:|1756474185
|move|p1a: Electabuzz|Electroweb|p2a: Weezing|[spread] p2a,p2b
|-damage|p2a: Weezing|84/100
|-damage|p2b: Gholdengo|83/100
|-unboost|p2a: Weezing|spe|1
|-unboost|p2b: Gholdengo|spe|1
|move|p1b: Dragonite|Stomping Tantrum|p2b: Gholdengo
|-supereffective|p2b: Gholdengo
|-damage|p2b: Gholdengo|19/100
|move|p2b: Gholdengo|Make It Rain|p1a: Electabuzz|[spread] p1a,p1b
|-resisted|p1a: Electabuzz
|-damage|p1a: Electabuzz|72/100
|-damage|p1b: Dragonite|29/100
|-unboost|p2b: Gholdengo|spa|1
|move|p2a: Weezing|Strange Steam|p1b: Dragonite
|-supereffective|p1b: Dragonite
|-damage|p1b: Dragonite|0 fnt
|faint|p1b: Dragonite
|
|-heal|p2a: Weezing|90/100|[from] item: Leftovers
|upkeep
|inactive|LookBackInBanger has 30 seconds left.
|inactive|LookBackInBanger has 20 seconds left.
|inactive|LookBackInBanger has 15 seconds left.
|
|t:|1756474226
|switch|p1b: Sneasler|Sneasler, L50, F|100/100
|turn|2
|inactive|LookBackInBanger has 30 seconds left.
|inactive|LookBackInBanger has 20 seconds left.
|inactive|LookBackInBanger has 15 seconds left.
|
|t:|1756474266
|switch|p2b: Garchomp|Garchomp, L50, M|100/100
|move|p1b: Sneasler|Throat Chop|p2b: Garchomp
|-damage|p2b: Garchomp|71/100
|-start|p2b: Garchomp|Throat Chop|[silent]
|move|p1a: Electabuzz|Taunt|p2a: Weezing
|-start|p2a: Weezing|move: Taunt
|move|p2a: Weezing|Strange Steam|p1b: Sneasler
|-damage|p1b: Sneasler|58/100
|-start|p1b: Sneasler|confusion
|
|-heal|p2a: Weezing|96/100|[from] item: Leftovers
|upkeep
|turn|3
|inactive|LookBackInBanger has 30 seconds left.
|inactive|jfaria97 has 30 seconds left.
|inactive|LookBackInBanger has 20 seconds left.
|
|t:|1756474302
|-end|p2a: Weezing|ability: Neutralizing Gas
|switch|p2a: Dragonite|Dragonite, L50, F|100/100
|-activate|p1b: Sneasler|confusion
|move|p1b: Sneasler|Protect|p1b: Sneasler
|-singleturn|p1b: Sneasler|Protect
|move|p1a: Electabuzz|Protect|p1a: Electabuzz
|-singleturn|p1a: Electabuzz|Protect
|move|p2b: Garchomp|Earthquake|p1a: Electabuzz|[spread] 
|-activate|p1a: Electabuzz|move: Protect
|-activate|p1b: Sneasler|move: Protect
|-immune|p2a: Dragonite
|
|-end|p2b: Garchomp|Throat Chop|[silent]
|upkeep
|turn|4
|inactive|LookBackInBanger has 30 seconds left.
|inactive|LookBackInBanger has 20 seconds left.
|inactive|LookBackInBanger has 15 seconds left.
|inactive|LookBackInBanger has 10 seconds left.
|inactive|LookBackInBanger has 5 seconds left.
|
|t:|1756474356
|switch|p2a: Weezing|Weezing-Galar, L50, M|96/100
|-ability|p2a: Weezing|Neutralizing Gas
|-end|p1b: Sneasler|confusion
|move|p1b: Sneasler|Close Combat|p2b: Garchomp
|-damage|p2b: Garchomp|3/100
|-unboost|p1b: Sneasler|def|1
|-unboost|p1b: Sneasler|spd|1
|move|p2b: Garchomp|Stomping Tantrum|p1b: Sneasler
|-supereffective|p1b: Sneasler
|-damage|p1b: Sneasler|0 fnt
|faint|p1b: Sneasler
|-damage|p2b: Garchomp|0 fnt|[from] item: Life Orb
|faint|p2b: Garchomp
|move|p1a: Electabuzz|Electroweb|p2a: Weezing
|-damage|p2a: Weezing|76/100
|-unboost|p2a: Weezing|spe|1
|
|-heal|p2a: Weezing|82/100|[from] item: Leftovers
|upkeep
|
|t:|1756474379
|switch|p1b: Indeedee|Indeedee, L50, M|100/100
|switch|p2b: Dragonite|Dragonite, L50, F|100/100
|turn|5
|inactive|LookBackInBanger has 30 seconds left.
|inactive|LookBackInBanger has 20 seconds left.
|
|t:|1756474415
|-terastallize|p1b: Indeedee|Psychic
|-terastallize|p2b: Dragonite|Normal
|move|p2a: Weezing|Protect|p2a: Weezing
|-singleturn|p2a: Weezing|Protect
|move|p2b: Dragonite|Extreme Speed|p1a: Electabuzz
|-damage|p1a: Electabuzz|0 fnt
|faint|p1a: Electabuzz
|move|p1b: Indeedee|Expanding Force|p2b: Dragonite
|-damage|p2b: Dragonite|52/100
|
|-heal|p2a: Weezing|88/100|[from] item: Leftovers
|upkeep
|turn|6
|inactive|LookBackInBanger has 30 seconds left.
|
|t:|1756474444
|switch|p2b: Gholdengo|Gholdengo, L50|19/100
|move|p1b: Indeedee|Expanding Force|p2b: Gholdengo
|-resisted|p2b: Gholdengo
|-damage|p2b: Gholdengo|0 fnt
|faint|p2b: Gholdengo
|move|p2a: Weezing|Strange Steam|p1b: Indeedee
|-damage|p1b: Indeedee|54/100
|
|-heal|p2a: Weezing|94/100|[from] item: Leftovers
|upkeep
|
|t:|1756474446
|switch|p2b: Dragonite|Dragonite, L50, F, tera:Normal|52/100
|turn|7
|
|t:|1756474458
|move|p2b: Dragonite|Extreme Speed|p1b: Indeedee
|-damage|p1b: Indeedee|0 fnt
|faint|p1b: Indeedee
|
|win|jfaria97
|raw|LookBackInBanger's rating: 1163 → 1139(-24 for losing)
|raw|jfaria97's rating: 1182 → 1206(+24 for winning)
|c|☆LookBackInBanger|ggs!
