|j|☆Govek314
|j|☆Spasio
|html|Govek314Spasio    
|uhtml|bestof|Game 2 of a best-of-3
|t:|1757254985
|gametype|doubles
|player|p1|Govek314|265|1159
|player|p2|Spasio|2|1133
|gen|9
|tier|[Gen 9] VGC 2025 Reg H (Bo3)
|rated|
|rule|Species Clause: Limit one of each Pokémon
|rule|Item Clause: Limit 1 of each item
|clearpoke
|poke|p1|Talonflame, L50, M|
|poke|p1|Tyranitar, L50, F|
|poke|p1|Excadrill, L50, M|
|poke|p1|Basculegion, L50, M|
|poke|p1|Indeedee-F, L50, F|
|poke|p1|Kommo-o, L50, M|
|poke|p2|Gholdengo, L50|
|poke|p2|Sneasler, L50, M|
|poke|p2|Rillaboom, L50, F|
|poke|p2|Dragonite, L50, M|
|poke|p2|Ninetales-Alola, L50, M|
|poke|p2|Arcanine-Hisui, L50, F|
|teampreview|4
|showteam|p1|Talonflame||CovertCloak|FlameBody|BraveBird,FlareBlitz,Tailwind,WillOWisp|||M|||50|,,,,,Fairy]Tyranitar||AssaultVest|SandStream|RockSlide,KnockOff,LowKick,TeraBlast|||F|||50|,,,,,Flying]Excadrill||FocusSash|SandRush|IronHead,HighHorsepower,TeraBlast,Protect|||M|||50|,,,,,Grass]Basculegion||ChoiceScarf|Adaptability|WaveCrash,LastRespects,FlipTurn,TeraBlast|||M|||50|,,,,,Fairy]Indeedee-F||PsychicSeed|PsychicSurge|TrickRoom,Psychic,FollowMe,HelpingHand|||F|||50|,,,,,Grass]Kommo-o||ThroatSpray|Overcoat|ClangingScales,ClangorousSoul,AuraSphere,Protect|||M|||50|,,,,,Steel
|showteam|p2|Gholdengo||GrassySeed|GoodasGold|NastyPlot,MakeItRain,ShadowBall,Protect||||||50|,,,,,Water]Sneasler||WhiteHerb|Unburden|CloseCombat,DireClaw,Coaching,Protect|||M|||50|,,,,,Ghost]Rillaboom||AssaultVest|GrassySurge|FakeOut,GrassyGlide,DrumBeating,HighHorsepower|||F|||50|,,,,,Fire]Dragonite||LoadedDice|Multiscale|ScaleShot,StompingTantrum,Tailwind,Protect|||M|||50|,,,,,Ground]Ninetales-Alola||FocusSash|SnowWarning|Blizzard,IcyWind,Encore,AuroraVeil|||M|||50|,,,,,Ghost]Arcanine-Hisui||ClearAmulet|Intimidate|RockSlide,FlareBlitz,ExtremeSpeed,Protect|||F|||50|,,,,,Water
|inactive|Battle timer is ON: inactive players will automatically lose when time's up. (requested by Spasio)
|inactive|Govek314 has 60 seconds left.
|
|t:|1757255021
|teamsize|p1|4
|teamsize|p2|4
|start
|switch|p1a: Basculegion|Basculegion, L50, M|100/100
|switch|p1b: Excadrill|Excadrill, L50, M, shiny|100/100
|switch|p2a: Gholdengo|Gholdengo, L50|100/100
|switch|p2b: Dragonite|Dragonite, L50, M|100/100
|turn|1
|inactive|Govek314 has 30 seconds left.
|
|t:|1757255052
|-terastallize|p1b: Excadrill|Grass
|-terastallize|p2a: Gholdengo|Water
|move|p1a: Basculegion|Flip Turn|p2b: Dragonite
|-resisted|p2b: Dragonite
|-damage|p2b: Dragonite|89/100
|
|t:|1757255060
|switch|p1a: Tyranitar|Tyranitar, L50, F, shiny|100/100|[from] Flip Turn
|-weather|Sandstorm|[from] ability: Sand Stream|[of] p1a: Tyranitar
|move|p1b: Excadrill|Tera Blast|p2a: Gholdengo|[anim] Tera Blast Grass
|-supereffective|p2a: Gholdengo
|-damage|p2a: Gholdengo|4/100
|move|p2a: Gholdengo|Nasty Plot|p2a: Gholdengo
|-boost|p2a: Gholdengo|spa|2
|move|p2b: Dragonite|Tailwind|p2b: Dragonite
|-sidestart|p2: Spasio|move: Tailwind
|
|-weather|Sandstorm|[upkeep]
|-damage|p2a: Gholdengo|0 fnt|[from] Sandstorm
|-damage|p2b: Dragonite|83/100|[from] Sandstorm
|faint|p2a: Gholdengo
|upkeep
|
|t:|1757255071
|switch|p2a: Ninetales|Ninetales-Alola, L50, M|100/100
|-weather|Snowscape|[from] ability: Snow Warning|[of] p2a: Ninetales
|turn|2
|
|t:|1757255095
|switch|p1a: Indeedee|Indeedee-F, L50, F|100/100
|-fieldstart|move: Psychic Terrain|[from] ability: Psychic Surge|[of] p1a: Indeedee
|-enditem|p1a: Indeedee|Psychic Seed
|-boost|p1a: Indeedee|spd|1|[from] item: Psychic Seed
|move|p1b: Excadrill|Protect|p1b: Excadrill
|-singleturn|p1b: Excadrill|Protect
|move|p2a: Ninetales|Aurora Veil|p2a: Ninetales
|-sidestart|p2: Spasio|move: Aurora Veil
|move|p2b: Dragonite|Scale Shot|p1b: Excadrill
|-activate|p1b: Excadrill|move: Protect
|
|-weather|Snowscape|[upkeep]
|upkeep
|turn|3
|
|t:|1757255115
|switch|p1a: Tyranitar|Tyranitar, L50, F, shiny|100/100
|-weather|Sandstorm|[from] ability: Sand Stream|[of] p1a: Tyranitar
|move|p2a: Ninetales|Blizzard|p1b: Excadrill|[spread] p1a,p1b
|-supereffective|p1b: Excadrill
|-damage|p1a: Tyranitar|90/100
|-damage|p1b: Excadrill|13/100
|move|p1b: Excadrill|Iron Head|p2a: Ninetales
|-supereffective|p2a: Ninetales
|-enditem|p2a: Ninetales|Focus Sash
|-damage|p2a: Ninetales|1/100
|move|p2b: Dragonite|Scale Shot|p1b: Excadrill
|-damage|p1b: Excadrill|0 fnt
|faint|p1b: Excadrill
|-hitcount|p1: Excadrill|1
|-unboost|p2b: Dragonite|def|1
|-boost|p2b: Dragonite|spe|1
|
|-weather|Sandstorm|[upkeep]
|-damage|p2b: Dragonite|77/100|[from] Sandstorm
|-damage|p2a: Ninetales|0 fnt|[from] Sandstorm
|faint|p2a: Ninetales
|upkeep
|inactive|Spasio has 30 seconds left.
|
|t:|1757255142
|switch|p2a: Rillaboom|Rillaboom, L50, F|100/100
|switch|p1b: Indeedee|Indeedee-F, L50, F|100/100
|-fieldstart|move: Grassy Terrain|[from] ability: Grassy Surge|[of] p2a: Rillaboom
|-fieldstart|move: Psychic Terrain|[from] ability: Psychic Surge|[of] p1b: Indeedee
|turn|4
|inactive|Govek314 has 30 seconds left.
|inactive|Govek314 has 20 seconds left.
|
|t:|1757255186
|switch|p1b: Basculegion|Basculegion, L50, M|100/100
|move|p2b: Dragonite|Protect|p2b: Dragonite
|-singleturn|p2b: Dragonite|Protect
|move|p2a: Rillaboom|Drum Beating|p1a: Tyranitar
|-supereffective|p1a: Tyranitar
|-damage|p1a: Tyranitar|27/100
|-unboost|p1a: Tyranitar|spe|1
|move|p1a: Tyranitar|Rock Slide|p2a: Rillaboom|[spread] p2a
|-activate|p2b: Dragonite|move: Protect
|-damage|p2a: Rillaboom|77/100
|
|-weather|Sandstorm|[upkeep]
|-damage|p2b: Dragonite|71/100|[from] Sandstorm
|-damage|p2a: Rillaboom|71/100|[from] Sandstorm
|-damage|p1b: Basculegion|94/100|[from] Sandstorm
|-sideend|p2: Spasio|move: Tailwind
|upkeep
|turn|5
|inactive|Govek314 has 30 seconds left.
|inactive|Spasio has 30 seconds left.
|inactive|Govek314 has 20 seconds left.
|
|t:|1757255225
|switch|p1a: Indeedee|Indeedee-F, L50, F|100/100
|move|p2b: Dragonite|Scale Shot|p1a: Indeedee|[miss]
|-miss|p2b: Dragonite|p1a: Indeedee
|move|p1b: Basculegion|Last Respects|p2b: Dragonite
|-damage|p2b: Dragonite|0 fnt
|faint|p2b: Dragonite
|move|p2a: Rillaboom|Drum Beating|p1b: Basculegion
|-supereffective|p1b: Basculegion
|-damage|p1b: Basculegion|5/100
|-unboost|p1b: Basculegion|spe|1
|
|-weather|Sandstorm|[upkeep]
|-damage|p2a: Rillaboom|66/100|[from] Sandstorm
|-damage|p1b: Basculegion|0 fnt|[from] Sandstorm
|-damage|p1a: Indeedee|94/100|[from] Sandstorm
|faint|p1b: Basculegion
|upkeep
|
|t:|1757255240
|switch|p1b: Tyranitar|Tyranitar, L50, F, shiny|27/100
|turn|6
|
|t:|1757255252
|move|p1a: Indeedee|Follow Me|p1a: Indeedee
|-singleturn|p1a: Indeedee|move: Follow Me
|move|p2a: Rillaboom|Drum Beating|p1a: Indeedee
|-damage|p1a: Indeedee|57/100
|-unboost|p1a: Indeedee|spe|1
|move|p1b: Tyranitar|Knock Off|p2a: Rillaboom
|-damage|p2a: Rillaboom|26/100
|-enditem|p2a: Rillaboom|Assault Vest|[from] move: Knock Off|[of] p1b: Tyranitar
|
|-weather|Sandstorm|[upkeep]
|-damage|p2a: Rillaboom|21/100|[from] Sandstorm
|-damage|p1a: Indeedee|51/100|[from] Sandstorm
|-sideend|p2: Spasio|move: Aurora Veil
|upkeep
|turn|7
|
|t:|1757255268
|move|p2a: Rillaboom|Drum Beating|p1b: Tyranitar
|-supereffective|p1b: Tyranitar
|-crit|p1b: Tyranitar
|-damage|p1b: Tyranitar|0 fnt
|faint|p1b: Tyranitar
|move|p1a: Indeedee|Psychic|p2a: Rillaboom
|-damage|p2a: Rillaboom|0 fnt
|faint|p2a: Rillaboom
|
|win|Govek314
||Spasio is ready for game 3.
|inactive|Govek314 has 30 seconds to confirm battle start!
|inactive|Govek314 has 20 seconds to confirm battle start!
|l|☆Govek314
|player|p1|
||Govek314 is ready for game 3.
|uhtml|next|Next: Game 3 of 3
|l|☆Spasio
|player|p2|
|j|☆Govek314
|player|p1|Govek314|265|
|l|☆Govek314
|player|p1|
|j|☆Govek314
|player|p1|Govek314|265|
