|j|☆new mental
|j|☆raksbach
|html|new mentalraksbach    
|uhtml|bestof|Game 3 of a best-of-3
|t:|1785942044
|gametype|doubles
|player|p1|new mental|volkner|
|player|p2|raksbach|doubleteam|
|gen|9
|tier|[Gen 9 Champions] VGC 2026 Reg M-B (Bo3)
|rule|Species Clause: Limit one of each Pokémon
|rule|Item Clause: Limit 1 of each item
|clearpoke
|poke|p1|Charizard, L50, F|
|poke|p1|Garchomp, L50, F|
|poke|p1|Incineroar, L50, F|
|poke|p1|Venusaur, L50, M|
|poke|p1|Toxapex, L50, F|
|poke|p1|Sylveon, L50, F|
|poke|p2|Incineroar, L50, M|
|poke|p2|Maushold, L50|
|poke|p2|Sinistcha, L50|
|poke|p2|Sneasler, L50, F|
|poke|p2|Blastoise, L50, M|
|poke|p2|Delphox, L50, M|
|teampreview|4
|showteam|p1|Charizard||CharizarditeY|Blaze|WeatherBall,HeatWave,AncientPower,Protect|Modest||F|||50|]Garchomp||ChoiceScarf|RoughSkin|RockSlide,DragonClaw,Earthquake,StompingTantrum|Adamant||F|||50|]Incineroar||SitrusBerry|Intimidate|FlareBlitz,FakeOut,DarkestLariat,PartingShot|Impish||F|||50|]Venusaur||LifeOrb|Chlorophyll|SludgeBomb,LeafStorm,EarthPower,Protect|Modest||M|||50|]Toxapex||Leftovers|Regenerator|Infestation,Toxic,WideGuard,BanefulBunker|Bold||F|||50|]Sylveon||FairyFeather|Pixilate|HyperVoice,QuickAttack,Yawn,Detect|Modest||F|||50|
|showteam|p2|Incineroar||SitrusBerry|Intimidate|FakeOut,FlareBlitz,DarkestLariat,PartingShot|Impish||M|||50|]Maushold||ChopleBerry|FriendGuard|SuperFang,FollowMe,Protect,Feint|Impish|||||50|]Sinistcha||OccaBerry|Hospitality|MatchaGotcha,LifeDew,RagePowder,Protect|Bold|||||50|]Sneasler||FocusSash|PoisonTouch|FakeOut,CloseCombat,DireClaw,QuickGuard|Jolly||F|||50|]Blastoise||Blastoisinite|Torrent|WaterSpout,DarkPulse,ShellSmash,Protect|Modest||M|||50|]Delphox||Delphoxite|Blaze|HeatWave,Psychic,NastyPlot,Protect|Timid||M|||50|
|inactive|Battle timer is ON: inactive players will automatically lose when time's up. (requested by raksbach)
|
|t:|1785942068
|teamsize|p1|4
|teamsize|p2|4
|start
|switch|p1a: Incineroar|Incineroar, L50, F|100/100
|switch|p1b: Toxapex|Toxapex, L50, F|100/100
|switch|p2a: Delphox|Delphox, L50, M|100/100
|switch|p2b: Maushold|Maushold, L50|100/100
|-ability|p1a: Incineroar|Intimidate|boost
|-unboost|p2a: Delphox|atk|1
|-unboost|p2b: Maushold|atk|1
|turn|1
|
|t:|1785942081
|switch|p1a: Garchomp|Garchomp, L50, F|100/100
|detailschange|p2a: Delphox|Delphox-Mega, L50, M
|-mega|p2a: Delphox|Delphox|Delphoxite
|move|p2a: Delphox|Protect|p2a: Delphox
|-singleturn|p2a: Delphox|Protect
|move|p2b: Maushold|Super Fang|p1a: Garchomp|[miss]
|-miss|p2b: Maushold|p1a: Garchomp
|move|p1b: Toxapex|Toxic|p2a: Delphox
|-activate|p2a: Delphox|move: Protect
|
|upkeep
|turn|2
|
|t:|1785942100
|switch|p2a: Sinistcha|Sinistcha, L50|100/100
|move|p1a: Garchomp|Rock Slide|p2a: Sinistcha|[spread] p2a,p2b
|-damage|p2a: Sinistcha|85/100
|-damage|p2b: Maushold|77/100
|move|p2b: Maushold|Super Fang|p1a: Garchomp
|-damage|p1a: Garchomp|50/100g
|-damage|p2b: Maushold|65/100|[from] ability: Rough Skin|[of] p1a: Garchomp
|move|p1b: Toxapex|Toxic|p2a: Sinistcha
|-status|p2a: Sinistcha|tox
|
|-damage|p2a: Sinistcha|79/100 tox|[from] psn
|upkeep
|turn|3
|
|t:|1785942112
|switch|p1a: Incineroar|Incineroar, L50, F|100/100
|-ability|p1a: Incineroar|Intimidate|boost
|-unboost|p2a: Sinistcha|atk|1
|-unboost|p2b: Maushold|atk|1
|switch|p2b: Delphox|Delphox-Mega, L50, M|100/100
|move|p2a: Sinistcha|Matcha Gotcha|p1b: Toxapex|[spread] p1a,p1b
|-resisted|p1a: Incineroar|1
|-damage|p1a: Incineroar|90/100
|-heal|p2a: Sinistcha|85/100 tox|[from] drain|[of] p1a: Incineroar
|-damage|p1b: Toxapex|80/100
|-heal|p2a: Sinistcha|94/100 tox|[from] drain|[of] p1b: Toxapex
|move|p1b: Toxapex|Toxic|p2b: Delphox
|-status|p2b: Delphox|tox
|
|-heal|p1b: Toxapex|85/100|[from] item: Leftovers
|-damage|p2b: Delphox|93/100 tox|[from] psn
|-damage|p2a: Sinistcha|82/100 tox|[from] psn
|upkeep
|turn|4
|inactive|new mental has 30 seconds left.
|
|t:|1785942145
|switch|p2a: Sneasler|Sneasler, L50, F|100/100
|move|p2b: Delphox|Protect|p2b: Delphox
|-singleturn|p2b: Delphox|Protect
|move|p1a: Incineroar|Fake Out|p2b: Delphox
|-activate|p2b: Delphox|move: Protect
|move|p1b: Toxapex|Infestation|p2b: Delphox
|-activate|p2b: Delphox|move: Protect
|
|-heal|p1b: Toxapex|91/100|[from] item: Leftovers
|-damage|p2b: Delphox|81/100 tox|[from] psn
|upkeep
|turn|5
|
|t:|1785942155
|move|p2b: Delphox|Nasty Plot|p2b: Delphox
|-boost|p2b: Delphox|spa|2
|move|p2a: Sneasler|Close Combat|p1a: Incineroar
|-supereffective|p1a: Incineroar|1
|-damage|p1a: Incineroar|0 fnt
|-unboost|p2a: Sneasler|def|1
|-unboost|p2a: Sneasler|spd|1
|faint|p1a: Incineroar
|move|p1b: Toxapex|Infestation|p2b: Delphox
|-damage|p2b: Delphox|78/100 tox
|-activate|p2b: Delphox|move: Infestation|[of] p1b: Toxapex
|
|-heal|p1b: Toxapex|97/100|[from] item: Leftovers
|-damage|p2b: Delphox|60/100 tox|[from] psn
|-damage|p2b: Delphox|48/100 tox|[from] move: Infestation|[partiallytrapped]
|upkeep
|
|t:|1785942165
|switch|p1a: Garchomp|Garchomp, L50, F|50/100g
|turn|6
|
|t:|1785942174
|switch|p2a: Sinistcha|Sinistcha, L50|82/100 tox
|-heal|p2b: Delphox|73/100 tox|[from] ability: Hospitality|[of] p2a: Sinistcha
|move|p1a: Garchomp|Rock Slide|p2b: Delphox|[spread] p2a,p2b
|-supereffective|p2b: Delphox|1
|-damage|p2a: Sinistcha|63/100 tox
|-damage|p2b: Delphox|21/100 tox
|move|p2b: Delphox|Psychic|p1a: Garchomp
|-damage|p1a: Garchomp|0 fnt
|faint|p1a: Garchomp
|move|p1b: Toxapex|Infestation|p2a: Sinistcha
|-damage|p2a: Sinistcha|60/100 tox
|-activate|p2a: Sinistcha|move: Infestation|[of] p1b: Toxapex
|
|-heal|p1b: Toxapex|100/100|[from] item: Leftovers
|-damage|p2b: Delphox|0 fnt|[from] psn
|faint|p2b: Delphox
|-damage|p2a: Sinistcha|54/100 tox|[from] psn
|-damage|p2a: Sinistcha|42/100 tox|[from] move: Infestation|[partiallytrapped]
|upkeep
|
|t:|1785942187
|switch|p2b: Maushold|Maushold, L50|65/100
|switch|p1a: Charizard|Charizard, L50, F|100/100
|turn|7
|-message|raksbach forfeited.
|
|win|new mental
