|j|☆angrycanadagoose
|j|☆umbreoffxd
|html|angrycanadagooseumbreoffxd    
|uhtml|bestof|Game 1 of a best-of-3
|t:|1757020949
|gametype|doubles
|player|p1|angrycanadagoose|102|1062
|player|p2|umbreoffxd|ingo-hisui|1053
|gen|9
|tier|[Gen 9] VGC 2025 Reg H (Bo3)
|rated|
|rule|Species Clause: Limit one of each Pokémon
|rule|Item Clause: Limit 1 of each item
|clearpoke
|poke|p1|Electabuzz, L50, M|
|poke|p1|Indeedee, L50, M|
|poke|p1|Sneasler, L50, M|
|poke|p1|Ursaluna-Bloodmoon, L50, M|
|poke|p1|Talonflame, L50, F|
|poke|p1|Incineroar, L50, M|
|poke|p2|Ninetales-Alola, L50, M|
|poke|p2|Ursaluna-Bloodmoon, L50, M|
|poke|p2|Baxcalibur, L50, M|
|poke|p2|Incineroar, L50, F|
|poke|p2|Whimsicott, L50, F|
|poke|p2|Gholdengo, L50|
|teampreview|4
|showteam|p1|Electabuzz||Eviolite|VitalSpirit|Electroweb,FollowMe,Taunt,Protect|||M|||50|,,,,,Dragon]Indeedee||FocusSash|PsychicSurge|ExpandingForce,HelpingHand,Protect,TrickRoom|||M|||50|,,,,,Psychic]Sneasler||PsychicSeed|Unburden|DireClaw,CloseCombat,ThroatChop,Protect|||M|||50|,,,,,Dark]Ursaluna-Bloodmoon||LifeOrb|MindsEye|BloodMoon,HyperVoice,EarthPower,Protect|||M|||50|,,,,,Normal]Talonflame||CovertCloak|GaleWings|FlareBlitz,DualWingbeat,WillOWisp,Tailwind|||F|||50|,,,,,Steel]Incineroar||SafetyGoggles|Intimidate|FlareBlitz,KnockOff,PartingShot,FakeOut|||M|||50|,,,,,Ghost
|showteam|p2|Ninetales-Alola||FocusSash|SnowWarning|FreezeDry,Blizzard,AuroraVeil,Protect|||M|||50|,,,,,Ghost]Ursaluna-Bloodmoon||SilkScarf|MindsEye|BloodMoon,EarthPower,HyperVoice,Protect|||M|||50|,,,,,Water]Baxcalibur||LoadedDice|ThermalExchange|IcicleSpear,ScaleShot,IceShard,Protect|||M|||50|,,,,,Ghost]Incineroar||AssaultVest|Intimidate|Uturn,FakeOut,FlareBlitz,KnockOff|||F|||50|,,,,,Ghost]Whimsicott||CovertCloak|Prankster|Moonblast,Encore,Tailwind,MistyTerrain|||F|||50|,,,,,Steel]Gholdengo||LifeOrb|GoodasGold|MakeItRain,ShadowBall,NastyPlot,Protect||||||50|,,,,,Water
|inactive|Battle timer is ON: inactive players will automatically lose when time's up. (requested by umbreoffxd)
|inactive|angrycanadagoose has 60 seconds left.
|
|t:|1757021011
|teamsize|p1|4
|teamsize|p2|4
|start
|switch|p1a: Talonflame|Talonflame, L50, F|100/100
|switch|p1b: Sneasler|Sneasler, L50, M|100/100
|switch|p2a: Whimsicott|Whimsicott, L50, F, shiny|100/100
|switch|p2b: Baxcalibur|Baxcalibur, L50, M, shiny|100/100
|turn|1
|inactive|angrycanadagoose has 30 seconds left.
|inactive|umbreoffxd has 30 seconds left.
|inactive|angrycanadagoose has 20 seconds left.
|inactive|angrycanadagoose has 15 seconds left.
|
|t:|1757021052
|-terastallize|p2a: Whimsicott|Steel
|move|p2b: Baxcalibur|Protect|p2b: Baxcalibur
|-singleturn|p2b: Baxcalibur|Protect
|move|p1a: Talonflame|Tailwind|p1a: Talonflame
|-sidestart|p1: angrycanadagoose|move: Tailwind
|move|p2a: Whimsicott|Tailwind|p2a: Whimsicott
|-sidestart|p2: umbreoffxd|move: Tailwind
|move|p1b: Sneasler|Dire Claw|p2a: Whimsicott
|-immune|p2a: Whimsicott
|
|upkeep
|turn|2
|inactive|angrycanadagoose has 30 seconds left.
|inactive|umbreoffxd has 30 seconds left.
|inactive|angrycanadagoose has 20 seconds left.
|inactive|angrycanadagoose has 15 seconds left.
|inactive|umbreoffxd has 20 seconds left.
|
|t:|1757021097
|switch|p1a: Incineroar|Incineroar, L50, M|100/100
|-ability|p1a: Incineroar|Intimidate|boost
|-unboost|p2a: Whimsicott|atk|1
|-unboost|p2b: Baxcalibur|atk|1
|move|p2a: Whimsicott|Encore|p1b: Sneasler
|-start|p1b: Sneasler|Encore
|move|p1b: Sneasler|Dire Claw|p2a: Whimsicott
|-immune|p2a: Whimsicott
|move|p2b: Baxcalibur|Scale Shot|p1a: Incineroar
|-damage|p1a: Incineroar|93/100
|-damage|p1a: Incineroar|82/100
|-damage|p1a: Incineroar|74/100
|-damage|p1a: Incineroar|65/100
|-damage|p1a: Incineroar|56/100
|-hitcount|p1a: Incineroar|5
|-unboost|p2b: Baxcalibur|def|1
|-boost|p2b: Baxcalibur|spe|1
|
|upkeep
|turn|3
|inactive|angrycanadagoose has 30 seconds left.
|inactive|umbreoffxd has 30 seconds left.
|
|t:|1757021128
|switch|p2b: Incineroar|Incineroar, L50, F|100/100
|-ability|p2b: Incineroar|Intimidate|boost
|-unboost|p1a: Incineroar|atk|1
|-unboost|p1b: Sneasler|atk|1
|move|p1b: Sneasler|Dire Claw|p2b: Incineroar
|-damage|p2b: Incineroar|72/100
|move|p2a: Whimsicott|Moonblast|p1b: Sneasler
|-damage|p1b: Sneasler|62/100
|move|p1a: Incineroar|Flare Blitz|p2a: Whimsicott
|-supereffective|p2a: Whimsicott
|-damage|p2a: Whimsicott|6/100
|-damage|p1a: Incineroar|30/100|[from] Recoil
|
|upkeep
|turn|4
|inactive|angrycanadagoose has 30 seconds left.
|
|t:|1757021154
|switch|p1b: Talonflame|Talonflame, L50, F|100/100
|switch|p2a: Baxcalibur|Baxcalibur, L50, M, shiny|100/100
|move|p2b: Incineroar|Flare Blitz|p1b: Talonflame
|-resisted|p1b: Talonflame
|-damage|p1b: Talonflame|65/100
|-damage|p2b: Incineroar|63/100|[from] Recoil
|move|p1a: Incineroar|Parting Shot|p2b: Incineroar
|-unboost|p2b: Incineroar|atk|1
|-unboost|p2b: Incineroar|spa|1
|
|t:|1757021166
|switch|p1a: Sneasler|Sneasler, L50, M|62/100|[from] Parting Shot
|
|-sideend|p2: umbreoffxd|move: Tailwind
|-sideend|p1: angrycanadagoose|move: Tailwind
|upkeep
|turn|5
|
|t:|1757021182
|move|p2a: Baxcalibur|Protect|p2a: Baxcalibur
|-singleturn|p2a: Baxcalibur|Protect
|move|p1b: Talonflame|Will-O-Wisp|p2a: Baxcalibur
|-activate|p2a: Baxcalibur|move: Protect
|move|p1a: Sneasler|Close Combat|p2b: Incineroar
|-supereffective|p2b: Incineroar
|-damage|p2b: Incineroar|0 fnt
|-unboost|p1a: Sneasler|def|1
|-unboost|p1a: Sneasler|spd|1
|faint|p2b: Incineroar
|
|upkeep
|
|t:|1757021189
|switch|p2b: Whimsicott|Whimsicott, L50, F, shiny, tera:Steel|6/100
|turn|6
|inactive|angrycanadagoose has 30 seconds left.
|
|t:|1757021221
|switch|p1a: Incineroar|Incineroar, L50, M|30/100
|-ability|p1a: Incineroar|Intimidate|boost
|-unboost|p2a: Baxcalibur|atk|1
|-unboost|p2b: Whimsicott|atk|1
|-terastallize|p1b: Talonflame|Steel
|move|p2b: Whimsicott|Tailwind|p2b: Whimsicott
|-sidestart|p2: umbreoffxd|move: Tailwind
|move|p2a: Baxcalibur|Scale Shot|p1a: Incineroar
|-damage|p1a: Incineroar|22/100
|-damage|p1a: Incineroar|13/100
|-damage|p1a: Incineroar|4/100
|-damage|p1a: Incineroar|0 fnt
|faint|p1a: Incineroar
|-hitcount|p1: Incineroar|4
|-unboost|p2a: Baxcalibur|def|1
|-boost|p2a: Baxcalibur|spe|1
|move|p1b: Talonflame|Tailwind|p1b: Talonflame
|-sidestart|p1: angrycanadagoose|move: Tailwind
|
|upkeep
|
|t:|1757021240
|switch|p1a: Sneasler|Sneasler, L50, M|62/100
|turn|7
|inactive|angrycanadagoose has 30 seconds left.
|inactive|umbreoffxd has 30 seconds left.
|
|t:|1757021270
|move|p2a: Baxcalibur|Protect|p2a: Baxcalibur
|-singleturn|p2a: Baxcalibur|Protect
|move|p1a: Sneasler|Protect|p1a: Sneasler
|-singleturn|p1a: Sneasler|Protect
|move|p2b: Whimsicott|Encore|p1b: Talonflame
|-start|p1b: Talonflame|Encore
|move|p1b: Talonflame|Tailwind||[still]
|-fail|p1b: Talonflame
|
|upkeep
|turn|8
|
|t:|1757021282
|switch|p1b: Indeedee|Indeedee, L50, M|100/100
|-fieldstart|move: Psychic Terrain|[from] ability: Psychic Surge|[of] p1b: Indeedee
|-enditem|p1a: Sneasler|Psychic Seed
|-boost|p1a: Sneasler|spd|1|[from] item: Psychic Seed
|move|p2b: Whimsicott|Encore|p1a: Sneasler
|-activate|p1a: Sneasler|move: Psychic Terrain
|move|p1a: Sneasler|Close Combat|p2a: Baxcalibur
|-supereffective|p2a: Baxcalibur
|-damage|p2a: Baxcalibur|0 fnt
|-unboost|p1a: Sneasler|def|1
|-unboost|p1a: Sneasler|spd|1
|faint|p2a: Baxcalibur
|
|upkeep
|
|t:|1757021290
|switch|p2a: Ursaluna|Ursaluna-Bloodmoon, L50, M|100/100
|turn|9
|
|t:|1757021301
|move|p2b: Whimsicott|Misty Terrain|p2b: Whimsicott
|-fieldstart|move: Misty Terrain
|move|p1a: Sneasler|Close Combat|p2a: Ursaluna
|-supereffective|p2a: Ursaluna
|-damage|p2a: Ursaluna|10/100
|-unboost|p1a: Sneasler|def|1
|-unboost|p1a: Sneasler|spd|1
|move|p1b: Indeedee|Expanding Force|p2a: Ursaluna
|-damage|p2a: Ursaluna|0 fnt
|faint|p2a: Ursaluna
|
|-sideend|p1: angrycanadagoose|move: Tailwind
|-sideend|p2: umbreoffxd|move: Tailwind
|upkeep
|turn|10
|
|t:|1757021313
|move|p2b: Whimsicott|Tailwind|p2b: Whimsicott
|-sidestart|p2: umbreoffxd|move: Tailwind
|move|p1a: Sneasler|Close Combat|p2b: Whimsicott
|-supereffective|p2b: Whimsicott
|-damage|p2b: Whimsicott|0 fnt
|-unboost|p1a: Sneasler|def|1
|-unboost|p1a: Sneasler|spd|1
|faint|p2b: Whimsicott
|
|win|angrycanadagoose
||umbreoffxd is ready for game 2.
|inactive|angrycanadagoose has 30 seconds to confirm battle start!
|l|☆angrycanadagoose
|player|p1|
||angrycanadagoose is ready for game 2.
|uhtml|next|Next: Game 2 of 3
