|j|☆eualefvc
|j|☆CyanMepuru
|html|eualefvcCyanMepuru    
|uhtml|bestof|Game 1 of a best-of-3
|t:|1757690041
|gametype|doubles
|player|p1|eualefvc|2|1085
|player|p2|CyanMepuru|juan|1015
|gen|9
|tier|[Gen 9] VGC 2025 Reg H (Bo3)
|rated|
|rule|Species Clause: Limit one of each Pokémon
|rule|Item Clause: Limit 1 of each item
|clearpoke
|poke|p1|Incineroar, L50, M|
|poke|p1|Rillaboom, L50, M|
|poke|p1|Slowking, L50, F|
|poke|p1|Glaceon, L50, F|
|poke|p1|Minior, L50|
|poke|p1|Corviknight, L50, F|
|poke|p2|Raichu, L50, F|
|poke|p2|Pelipper, L50, M|
|poke|p2|Archaludon, L50, F|
|poke|p2|Armarouge, L50, F|
|poke|p2|Amoonguss, L50, M|
|poke|p2|Salamence, L50, F|
|teampreview|4
|showteam|p1|Incineroar||SitrusBerry|Intimidate|FlareBlitz,KnockOff,PartingShot,FakeOut|||M|||50|,,,,,Water]Rillaboom||AssaultVest|GrassySurge|GrassyGlide,HighHorsepower,Uturn,FakeOut|||M|||50|,,,,,Water]Slowking||MentalHerb|Regenerator|Scald,Disable,ChillyReception,TrickRoom|||F|||50|,,,,,Dragon]Glaceon||Leftovers|IceBody|Blizzard,ShadowBall,CalmMind,Protect|||F|||50|,,,,,Ghost]Minior||FocusSash|ShieldsDown|Acrobatics,RockSlide,ShellSmash,Protect||||||50|,,,,,Rock]Corviknight||GrassySeed|MirrorArmor|BodyPress,IronDefense,Roost,Protect|||F|||50|,,,,,Fighting
|showteam|p2|Raichu||AssaultVest|LightningRod|Nuzzle,VoltSwitch,FakeOut,Endeavor|||F|||50|,,,,,Fairy]Pelipper||DampRock|Drizzle|Hurricane,WeatherBall,Roost,Uturn|||M|||50|,,,,,Flying]Archaludon||PowerHerb|Stamina|BodyPress,ElectroShot,FlashCannon,Snarl|||F|||50|,,,,,Steel]Armarouge||SitrusBerry|WeakArmor|WeatherBall,ArmorCannon,EnergyBall,ExpandingForce|||F|||50|,,,,,Fire]Amoonguss||EjectButton|Regenerator|Protect,RagePowder,Spore,PollenPuff|||M|||50|,,,,,Fairy]Salamence||LifeOrb|Intimidate|Protect,BreakingSwipe,Crunch,IronHead|||F|||50|,,,,,Dark
|inactive|Battle timer is ON: inactive players will automatically lose when time's up. (requested by CyanMepuru)
|
|t:|1757690067
|teamsize|p1|4
|teamsize|p2|4
|start
|switch|p1a: Slowking|Slowking, L50, F|100/100
|switch|p1b: Rillaboom|Rillaboom, L50, M|100/100
|switch|p2a: Raichu|Raichu, L50, F|100/100
|switch|p2b: Archaludon|Archaludon, L50, F, shiny|100/100
|-fieldstart|move: Grassy Terrain|[from] ability: Grassy Surge|[of] p1b: Rillaboom
|turn|1
|inactive|eualefvc has 30 seconds left.
|
|t:|1757690102
|move|p2a: Raichu|Fake Out|p1a: Slowking
|-damage|p1a: Slowking|94/100
|move|p1b: Rillaboom|Fake Out|p2b: Archaludon
|-resisted|p2b: Archaludon
|-damage|p2b: Archaludon|95/100
|-ability|p2b: Archaludon|Stamina|boost
|-boost|p2b: Archaludon|def|1
|cant|p2b: Archaludon|flinch
|-prepare|p1a: Slowking|Chilly Reception|[premajor]
|cant|p1a: Slowking|flinch
|
|-heal|p2b: Archaludon|100/100|[from] Grassy Terrain
|-heal|p1a: Slowking|99/100|[from] Grassy Terrain
|upkeep
|turn|2
|inactive|CyanMepuru has 30 seconds left.
|c|☆CyanMepuru|" The opposing Slowking is preparing to tell a chillingly bad joke!"
|c|☆CyanMepuru|the fuck ?
|inactive|CyanMepuru has 20 seconds left.
|inactive|CyanMepuru has 15 seconds left.
|c|☆CyanMepuru|it's telling that you were using chilling reception
|inactive|CyanMepuru has 10 seconds left.
|
|t:|1757690152
|-terastallize|p1a: Slowking|Dragon
|move|p2a: Raichu|Nuzzle|p1b: Rillaboom
|-resisted|p1b: Rillaboom
|-damage|p1b: Rillaboom|97/100
|-status|p1b: Rillaboom|par
|move|p2b: Archaludon|Electro Shot||[still]
|-activate|p2a: Raichu|ability: Lightning Rod
|-prepare|p2b: Archaludon|Electro Shot
|-boost|p2b: Archaludon|spa|1
|-enditem|p2b: Archaludon|Power Herb
|-anim|p2b: Archaludon|Electro Shot|p2a: Raichu
|-ability|p2a: Raichu|Lightning Rod|boost
|-boost|p2a: Raichu|spa|1
|move|p1b: Rillaboom|High Horsepower|p2a: Raichu
|-supereffective|p2a: Raichu
|-damage|p2a: Raichu|23/100
|-prepare|p1a: Slowking|Chilly Reception|[premajor]
|move|p1a: Slowking|Chilly Reception|p1a: Slowking
|-weather|Snowscape
|
|t:|1757690172
|switch|p1a: Glaceon|Glaceon, L50, F|100/100|[from] Chilly Reception
|
|-weather|Snowscape|[upkeep]
|-heal|p2a: Raichu|29/100|[from] Grassy Terrain
|-heal|p1b: Rillaboom|100/100 par|[from] Grassy Terrain
|upkeep
|turn|3
|
|t:|1757690192
|switch|p2a: Pelipper|Pelipper, L50, M, shiny|100/100
|-weather|RainDance|[from] ability: Drizzle|[of] p2a: Pelipper
|move|p1a: Glaceon|Protect|p1a: Glaceon
|-singleturn|p1a: Glaceon|Protect
|move|p2b: Archaludon|Flash Cannon|p1a: Glaceon
|-activate|p1a: Glaceon|move: Protect
|move|p1b: Rillaboom|High Horsepower|p2a: Pelipper
|-immune|p2a: Pelipper
|
|-weather|RainDance|[upkeep]
|upkeep
|turn|4
|
|t:|1757690212
|switch|p1a: Corviknight|Corviknight, L50, F|100/100
|-enditem|p1a: Corviknight|Grassy Seed
|-boost|p1a: Corviknight|def|1|[from] item: Grassy Seed
|move|p2b: Archaludon|Flash Cannon|p1a: Corviknight
|-resisted|p1a: Corviknight
|-damage|p1a: Corviknight|79/100
|move|p2a: Pelipper|Hurricane|p1b: Rillaboom
|-supereffective|p1b: Rillaboom
|-damage|p1b: Rillaboom|58/100 par
|-start|p1b: Rillaboom|confusion
|-activate|p1b: Rillaboom|confusion
|move|p1b: Rillaboom|High Horsepower|p2b: Archaludon
|-supereffective|p2b: Archaludon
|-damage|p2b: Archaludon|71/100
|-ability|p2b: Archaludon|Stamina|boost
|-boost|p2b: Archaludon|def|1
|
|-weather|RainDance|[upkeep]
|-heal|p2b: Archaludon|77/100|[from] Grassy Terrain
|-heal|p1b: Rillaboom|64/100 par|[from] Grassy Terrain
|upkeep
|turn|5
|
|t:|1757690232
|move|p2b: Archaludon|Electro Shot||[still]
|-prepare|p2b: Archaludon|Electro Shot
|-boost|p2b: Archaludon|spa|1
|-anim|p2b: Archaludon|Electro Shot|p1a: Corviknight
|-supereffective|p1a: Corviknight
|-crit|p1a: Corviknight
|-damage|p1a: Corviknight|0 fnt
|faint|p1a: Corviknight
|move|p2a: Pelipper|Hurricane|p1b: Rillaboom
|-supereffective|p1b: Rillaboom
|-damage|p1b: Rillaboom|18/100 par
|-activate|p1b: Rillaboom|confusion
|-damage|p1b: Rillaboom|7/100 par|[from] confusion
|
|-weather|RainDance|[upkeep]
|-heal|p2b: Archaludon|84/100|[from] Grassy Terrain
|-heal|p1b: Rillaboom|13/100 par|[from] Grassy Terrain
|-fieldend|move: Grassy Terrain
|upkeep
|-message|eualefvc forfeited.
|
|win|CyanMepuru
|l|☆eualefvc
|player|p1|
|raw|eualefvc's rating: 1085 → 1058(-27 for losing)
|raw|CyanMepuru's rating: 1015 → 1060(+45 for winning)
|l|☆CyanMepuru
|player|p2|
