|j|‽redpkmntrainer14
|j|☆lt.sentury
|html|redpkmntrainer14lt.sentury    
|uhtml|bestof|Game 1 of a best-of-3
|t:|1783513227
|gametype|doubles
|player|p1|redpkmntrainer14|101|1102
|player|p2|lt.sentury|ltsurge|1141
|gen|9
|tier|[Gen 9 Champions] VGC 2026 Reg M-B (Bo3)
|rated|
|rule|Species Clause: Limit one of each Pokémon
|rule|Item Clause: Limit 1 of each item
|clearpoke
|poke|p1|Swampert, L50, M|
|poke|p1|Sneasler, L50, M|
|poke|p1|Kingambit, L50, F|
|poke|p1|Scizor, L50, F, shiny|
|poke|p1|Glimmora, L50, M|
|poke|p1|Pelipper, L50, F|
|poke|p2|Sneasler, L50, M|
|poke|p2|Blastoise, L50, M|
|poke|p2|Kingambit, L50, M|
|poke|p2|Incineroar, L50, M|
|poke|p2|Delphox, L50, F|
|poke|p2|Sinistcha, L50|
|teampreview|4
|showteam|p1|Swampert||Swampertite|Torrent|BulkUp,Liquidation,HighHorsepower,RockSlide|Jolly||M|||50|]Sneasler||FocusSash|PoisonTouch|DireClaw,Uturn,CloseCombat,FakeOut|Adamant||M|||50|]Kingambit||LifeOrb|SupremeOverlord|Protect,KowtowCleave,IronHead,SuckerPunch|Adamant||F|||50|]Scizor||Scizorite|Technician|BulletPunch,CloseCombat,SwordsDance,BugBite|Adamant||F|||50|]Glimmora||ShucaBerry|ToxicDebris|DazzlingGleam,EarthPower,PowerGem,SludgeBomb|Modest||M|||50|]Pelipper||DampRock|Drizzle|IcyWind,MuddyWater,WideGuard,Hurricane|Modest||F|||50|
|showteam|p2|Sneasler||FocusSash|PoisonTouch|PoisonJab,CloseCombat,FakeOut,QuickGuard|Jolly||M|||50|]Blastoise||Blastoisinite|RainDish|DarkPulse,WaterSpout,ShellSmash,Protect|Modest||M|||50|]Kingambit||BlackGlasses|Defiant|KowtowCleave,SuckerPunch,SwordsDance,Protect|Adamant||M|||50|]Incineroar||SitrusBerry|Intimidate|FlareBlitz,HelpingHand,PartingShot,FakeOut|Careful||M|||50|]Delphox||Delphoxite|Blaze|HeatWave,NastyPlot,Psyshock,Protect|Modest||F|||50|]Sinistcha||KasibBerry|Hospitality|MatchaGotcha,RagePowder,TrickRoom,Protect|Bold|||||50|
|inactive|Battle timer is ON: inactive players will automatically lose when time's up. (requested by lt.sentury)
|
|t:|1783513271
|teamsize|p1|4
|teamsize|p2|4
|start
|switch|p1a: Kingambit|Kingambit, L50, F|100/100
|switch|p1b: Scizor|Scizor, L50, F, shiny|100/100
|switch|p2a: Blastoise|Blastoise, L50, M|100/100
|switch|p2b: Incineroar|Incineroar, L50, M|100/100
|-ability|p2b: Incineroar|Intimidate|boost
|-unboost|p1a: Kingambit|atk|1
|-unboost|p1b: Scizor|atk|1
|turn|1
|inactive|redpkmntrainer14 has 30 seconds left.
|inactive|lt.sentury has 30 seconds left.
|
|t:|1783513299
|-end|p1a: Kingambit|fallenundefined|[silent]
|switch|p1a: Swampert|Swampert, L50, M|100/100
|detailschange|p2a: Blastoise|Blastoise-Mega, L50, M
|-mega|p2a: Blastoise|Blastoise|Blastoisinite
|move|p2b: Incineroar|Fake Out|p1b: Scizor
|-resisted|p1b: Scizor|1
|-damage|p1b: Scizor|95/100
|move|p2a: Blastoise|Shell Smash|p2a: Blastoise
|-unboost|p2a: Blastoise|def|1
|-unboost|p2a: Blastoise|spd|1
|-boost|p2a: Blastoise|atk|2
|-boost|p2a: Blastoise|spa|2
|-boost|p2a: Blastoise|spe|2
|cant|p1b: Scizor|flinch
|
|upkeep
|turn|2
|
|t:|1783513315
|switch|p1b: Pelipper|Pelipper, L50, F|100/100
|-weather|RainDance|[from] ability: Drizzle|[of] p1b: Pelipper
|detailschange|p1a: Swampert|Swampert-Mega, L50, M
|-mega|p1a: Swampert|Swampert|Swampertite
|move|p2b: Incineroar|Helping Hand|p2a: Blastoise
|-singleturn|p2a: Blastoise|Helping Hand|[of] p2b: Incineroar
|move|p1a: Swampert|Rock Slide|p2b: Incineroar|[spread] p2a,p2b
|-supereffective|p2b: Incineroar|1
|-damage|p2a: Blastoise|66/100
|-damage|p2b: Incineroar|59/100
|move|p2a: Blastoise|Water Spout|p1b: Pelipper|[spread] p1a,p1b
|-crit|p1a: Swampert
|-resisted|p1b: Pelipper|1
|-damage|p1a: Swampert|0 fnt
|-damage|p1b: Pelipper|0 fnt
|faint|p1a: Swampert
|faint|p1b: Pelipper
|
|-weather|RainDance|[upkeep]
|upkeep
|
|t:|1783513328
|switch|p1a: Scizor|Scizor, L50, F, shiny|95/100
|switch|p1b: Kingambit|Kingambit, L50, F|100/100
|-activate|p1b: Kingambit|ability: Supreme Overlord
|-start|p1b: Kingambit|fallen2|[silent]
|turn|3
|
|t:|1783513337
|move|p2b: Incineroar|Helping Hand|p2a: Blastoise
|-singleturn|p2a: Blastoise|Helping Hand|[of] p2b: Incineroar
|move|p1a: Scizor|Bullet Punch|p2a: Blastoise
|-resisted|p2a: Blastoise|1
|-damage|p2a: Blastoise|41/100
|move|p1b: Kingambit|Sucker Punch|p2a: Blastoise
|-damage|p2a: Blastoise|0 fnt
|faint|p2a: Blastoise
|-damage|p1b: Kingambit|90/100|[from] item: Life Orb
|
|-weather|RainDance|[upkeep]
|upkeep
|
|t:|1783513356
|switch|p2a: Sinistcha|Sinistcha, L50|100/100
|-heal|p2b: Incineroar|84/100|[from] ability: Hospitality|[of] p2a: Sinistcha
|turn|4
|
|t:|1783513366
|move|p2b: Incineroar|Parting Shot|p1b: Kingambit
|-unboost|p1b: Kingambit|atk|1
|-unboost|p1b: Kingambit|spa|1
|
|t:|1783513369
|switch|p2b: Kingambit|Kingambit, L50, M|100/100|[from] Parting Shot
|move|p2a: Sinistcha|Matcha Gotcha|p1a: Scizor|[spread] p1a,p1b
|-resisted|p1a: Scizor|2
|-resisted|p1b: Kingambit|1
|-damage|p1a: Scizor|86/100
|-damage|p1b: Kingambit|74/100
|-status|p1a: Scizor|brn
|move|p1a: Scizor|Close Combat|p2b: Kingambit
|-supereffective|p2b: Kingambit|2
|-crit|p2b: Kingambit
|-damage|p2b: Kingambit|0 fnt
|-unboost|p1a: Scizor|def|1
|-unboost|p1a: Scizor|spd|1
|faint|p2b: Kingambit
|move|p1b: Kingambit|Kowtow Cleave|p2a: Sinistcha
|-supereffective|p2a: Sinistcha|1
|-damage|p2a: Sinistcha|10/100
|-damage|p1b: Kingambit|65/100|[from] item: Life Orb
|
|-weather|RainDance|[upkeep]
|-damage|p1a: Scizor|80/100 brn|[from] brn
|upkeep
|
|t:|1783513388
|switch|p2b: Incineroar|Incineroar, L50, M|84/100
|-ability|p2b: Incineroar|Intimidate|boost
|-unboost|p1a: Scizor|atk|1
|-unboost|p1b: Kingambit|atk|1
|turn|5
|
|t:|1783513398
|move|p2a: Sinistcha|Rage Powder|p2a: Sinistcha
|-singleturn|p2a: Sinistcha|move: Rage Powder
|move|p1a: Scizor|Bullet Punch|p2a: Sinistcha
|-damage|p2a: Sinistcha|1/100
|move|p2b: Incineroar|Flare Blitz|p1a: Scizor
|-supereffective|p1a: Scizor|2
|-damage|p1a: Scizor|0 fnt
|faint|p1a: Scizor
|-damage|p2b: Incineroar|64/100|[from] Recoil
|move|p1b: Kingambit|Kowtow Cleave|p2a: Sinistcha
|-supereffective|p2a: Sinistcha|1
|-damage|p2a: Sinistcha|0 fnt
|faint|p2a: Sinistcha
|-damage|p1b: Kingambit|55/100|[from] item: Life Orb
|
|-weather|RainDance|[upkeep]
|upkeep
|turn|6
|
|t:|1783513413
|move|p2b: Incineroar|Flare Blitz|p1b: Kingambit
|-supereffective|p1b: Kingambit|1
|-damage|p1b: Kingambit|21/100
|-damage|p2b: Incineroar|54/100|[from] Recoil
|move|p1b: Kingambit|Kowtow Cleave|p2b: Incineroar
|-resisted|p2b: Incineroar|1
|-crit|p2b: Incineroar
|-damage|p2b: Incineroar|2/100
|-enditem|p2b: Incineroar|Sitrus Berry|[eat]
|-heal|p2b: Incineroar|27/100|[from] item: Sitrus Berry
|-damage|p1b: Kingambit|11/100|[from] item: Life Orb
|
|-weather|RainDance|[upkeep]
|upkeep
|turn|7
|
|t:|1783513426
|move|p1b: Kingambit|Sucker Punch|p2b: Incineroar
|-resisted|p2b: Incineroar|1
|-damage|p2b: Incineroar|12/100
|-damage|p1b: Kingambit|1/100|[from] item: Life Orb
|move|p2b: Incineroar|Flare Blitz|p1b: Kingambit
|-supereffective|p1b: Kingambit|1
|-damage|p1b: Kingambit|0 fnt
|faint|p1b: Kingambit
|-end|p1b: Kingambit|fallen2|[silent]
|-damage|p2b: Incineroar|12/100|[from] Recoil
|
|win|lt.sentury
||redpkmntrainer14 is ready for game 2.
|l|‽redpkmntrainer14
|player|p1|
|inactive|lt.sentury has 30 seconds to confirm battle start!
|inactive|lt.sentury has 20 seconds to confirm battle start!
||lt.sentury is ready for game 2.
|uhtml|next|Next: Game 2 of 3
