|j|☆FillmooreTJ
|j|☆lukoog
|html|FillmooreTJlukoog    
|uhtml|bestof|Game 1 of a best-of-3
|t:|1783454588
|gametype|doubles
|player|p1|FillmooreTJ|clair|1102
|player|p2|lukoog|265|1064
|gen|9
|tier|[Gen 9 Champions] VGC 2026 Reg M-B (Bo3)
|rated|
|rule|Species Clause: Limit one of each Pokémon
|rule|Item Clause: Limit 1 of each item
|clearpoke
|poke|p1|Raichu, L50, F|
|poke|p1|Basculegion-F, L50, F|
|poke|p1|Ninetales-Alola, L50, F|
|poke|p1|Staraptor, L50, F|
|poke|p1|Arcanine-Hisui, L50, M|
|poke|p1|Tsareena, L50, F|
|poke|p2|Raichu, L50, M|
|poke|p2|Aerodactyl, L50, M, shiny|
|poke|p2|Garchomp, L50, M, shiny|
|poke|p2|Sceptile, L50, F|
|poke|p2|Whimsicott, L50, M|
|poke|p2|Rotom-Wash, L50|
|teampreview|4
|showteam|p1|Raichu||RaichuniteY|LightningRod|FakeOut,Thunder,FocusBlast,Protect|Timid||F|||50|]Basculegion-F||ChoiceScarf|Adaptability|ShadowBall,MuddyWater,FlipTurn,Blizzard|Modest||F|||50|]Ninetales-Alola||NeverMeltIce|SnowWarning|AuroraVeil,Blizzard,Protect,IcyWind|Timid||F|||50|]Staraptor||Staraptite|Intimidate|CloseCombat,Roost,BraveBird,Protect|Adamant||F|||50|]Arcanine-Hisui||ShucaBerry|Intimidate|HeadSmash,FlareBlitz,ExtremeSpeed,Protect|Adamant||M|||50|]Tsareena||SitrusBerry|QueenlyMajesty|TropKick,LowKick,Taunt,Uturn|Adamant||F|||50|
|showteam|p2|Raichu||RaichuniteY|LightningRod|ZapCannon,FocusBlast,FakeOut,Protect|Timid||M|||50|]Aerodactyl||FocusSash|Unnerve|RockSlide,Tailwind,StealthRock,WideGuard|Jolly||M|||50|]Garchomp||SoftSand|RoughSkin|Earthquake,RockSlide,StompingTantrum,Protect|Adamant||M|||50|]Sceptile||Sceptilite|Overgrow|Protect,EnergyBall,DragonPulse,EarthPower|Modest||F|||50|]Whimsicott||YacheBerry|Prankster|Encore,Tailwind,Taunt,Moonblast|Bold||M|||50|]Rotom-Wash||SitrusBerry|Levitate|Discharge,VoltSwitch,WillOWisp,ShadowBall|Timid|||||50|
|
|t:|1783454651
|teamsize|p1|4
|teamsize|p2|4
|start
|switch|p1a: Raichu|Raichu, L50, F|100/100
|switch|p1b: Tsareena|Tsareena, L50, F|100/100
|switch|p2a: Raichu|Raichu, L50, M|100/100
|switch|p2b: Rotom|Rotom-Wash, L50|100/100
|turn|1
|
|t:|1783454706
|detailschange|p2a: Raichu|Raichu-Mega-Y, L50, M
|-mega|p2a: Raichu|Raichu|Raichunite Y
|move|p1a: Raichu|Fake Out|p2b: Rotom
|-damage|p2b: Rotom|88/100
|move|p2a: Raichu|Focus Blast|p1a: Raichu
|-damage|p1a: Raichu|27/100
|-unboost|p1a: Raichu|spd|1
|cant|p2b: Rotom|flinch
|move|p1b: Tsareena|U-turn|p2b: Rotom
|-damage|p2b: Rotom|51/100
|
|t:|1783454718
|switch|p1b: Ninetales|Ninetales-Alola, L50, F|100/100|[from] U-turn
|-weather|Snowscape|[from] ability: Snow Warning|[of] p1b: Ninetales
|
|-weather|Snowscape|[upkeep]
|upkeep
|turn|2
|
|t:|1783454739
|move|p1a: Raichu|Protect|p1a: Raichu
|-singleturn|p1a: Raichu|Protect
|move|p2a: Raichu|Zap Cannon|p1a: Raichu
|-activate|p1a: Raichu|ability: Lightning Rod
|-activate|p1a: Raichu|move: Protect
|move|p1b: Ninetales|Aurora Veil|p1b: Ninetales
|-sidestart|p1: FillmooreTJ|move: Aurora Veil
|move|p2b: Rotom|Discharge|p1a: Raichu|[spread] p2a,p1b
|-activate|p1a: Raichu|move: Protect
|-resisted|p2a: Raichu|1
|-damage|p2a: Raichu|76/100
|-damage|p1b: Ninetales|79/100
|
|-weather|Snowscape|[upkeep]
|upkeep
|turn|3
|
|t:|1783454765
|move|p2a: Raichu|Protect|p2a: Raichu
|-singleturn|p2a: Raichu|Protect
|move|p1a: Raichu|Thunder|p2b: Rotom|[miss]
|-miss|p1a: Raichu|p2b: Rotom
|move|p1b: Ninetales|Icy Wind|p2a: Raichu|[spread] p2b
|-activate|p2a: Raichu|move: Protect
|-resisted|p2b: Rotom|1
|-damage|p2b: Rotom|38/100
|-unboost|p2b: Rotom|spe|1
|-enditem|p2b: Rotom|Sitrus Berry|[eat]
|-heal|p2b: Rotom|62/100|[from] item: Sitrus Berry
|move|p2b: Rotom|Shadow Ball|p1a: Raichu
|-damage|p1a: Raichu|0 fnt
|faint|p1a: Raichu
|
|-weather|Snowscape|[upkeep]
|upkeep
|
|t:|1783454783
|switch|p1a: Tsareena|Tsareena, L50, F|100/100
|turn|4
|
|t:|1783454809
|move|p2a: Raichu|Zap Cannon|p1b: Ninetales
|-damage|p1b: Ninetales|24/100
|-status|p1b: Ninetales|par
|move|p1a: Tsareena|Trop Kick|p2b: Rotom
|-supereffective|p2b: Rotom|1
|-damage|p2b: Rotom|0 fnt
|faint|p2b: Rotom
|move|p1b: Ninetales|Blizzard|p2a: Raichu
|-damage|p2a: Raichu|0 fnt
|faint|p2a: Raichu
|
|-weather|Snowscape|[upkeep]
|upkeep
|
|t:|1783454819
|switch|p2a: Garchomp|Garchomp, L50, M, shiny|100/100
|switch|p2b: Whimsicott|Whimsicott, L50, M|100/100
|turn|5
|
|t:|1783454831
|move|p1b: Ninetales|Protect|p1b: Ninetales
|-singleturn|p1b: Ninetales|Protect
|move|p2b: Whimsicott|Encore||[still]
|cant|p1a: Tsareena|ability: Queenly Majesty|Encore|[of] p2b: Whimsicott
|move|p2a: Garchomp|Rock Slide|p1b: Ninetales|[spread] 
|-activate|p1b: Ninetales|move: Protect
|-miss|p2a: Garchomp|p1a: Tsareena
|move|p1a: Tsareena|Taunt|p2b: Whimsicott
|-start|p2b: Whimsicott|move: Taunt
|
|-weather|none
|upkeep
|turn|6
|
|t:|1783454853
|move|p2b: Whimsicott|Moonblast|p1a: Tsareena
|-crit|p1a: Tsareena
|-damage|p1a: Tsareena|52/100
|-unboost|p1a: Tsareena|spa|1
|move|p2a: Garchomp|Rock Slide|p1b: Ninetales|[spread] p1a,p1b
|-supereffective|p1b: Ninetales|1
|-damage|p1a: Tsareena|37/100
|-damage|p1b: Ninetales|0 fnt
|-enditem|p1a: Tsareena|Sitrus Berry|[eat]
|-heal|p1a: Tsareena|62/100|[from] item: Sitrus Berry
|faint|p1b: Ninetales
|cant|p1a: Tsareena|flinch
|
|-sideend|p1: FillmooreTJ|move: Aurora Veil
|upkeep
|
|t:|1783454866
|switch|p1b: Staraptor|Staraptor, L50, F|100/100
|-ability|p1b: Staraptor|Intimidate|boost
|-unboost|p2a: Garchomp|atk|1
|-unboost|p2b: Whimsicott|atk|1
|turn|7
|
|t:|1783454906
|detailschange|p1b: Staraptor|Staraptor-Mega, L50, F
|-mega|p1b: Staraptor|Staraptor|Staraptite
|move|p2b: Whimsicott|Moonblast|p1b: Staraptor
|-supereffective|p1b: Staraptor|1
|-damage|p1b: Staraptor|40/100
|move|p2a: Garchomp|Rock Slide|p1a: Tsareena|[spread] p1a,p1b
|-damage|p1a: Tsareena|47/100
|-damage|p1b: Staraptor|28/100
|move|p1b: Staraptor|Brave Bird|p2b: Whimsicott
|-supereffective|p2b: Whimsicott|1
|-damage|p2b: Whimsicott|0 fnt
|faint|p2b: Whimsicott
|-damage|p1b: Staraptor|0 fnt|[from] Recoil
|faint|p1b: Staraptor
|cant|p1a: Tsareena|flinch
|
|upkeep
|turn|8
|
|t:|1783454926
|move|p2a: Garchomp|Earthquake|p1a: Tsareena
|-resisted|p1a: Tsareena|1
|-damage|p1a: Tsareena|23/100
|move|p1a: Tsareena|Trop Kick|p2a: Garchomp
|-damage|p2a: Garchomp|62/100
|-unboost|p2a: Garchomp|atk|1
|-damage|p1a: Tsareena|10/100|[from] ability: Rough Skin|[of] p2a: Garchomp
|
|upkeep
|turn|9
|
|t:|1783454935
|move|p2a: Garchomp|Earthquake|p1a: Tsareena
|-resisted|p1a: Tsareena|1
|-damage|p1a: Tsareena|0 fnt
|faint|p1a: Tsareena
|
|win|lukoog
||FillmooreTJ is ready for game 2.
||lukoog is ready for game 2.
|uhtml|next|Next: Game 2 of 3
|l|☆lukoog
|player|p2|
