|j|â˜†Quill86
|j|â˜†IronHandsGotHands
|html|Quill86IronHandsGotHands    
|uhtml|bestof|Game 2 of a best-of-3
|t:|1757818854
|gametype|doubles
|player|p1|Quill86|lucas|1209
|player|p2|IronHandsGotHands|volkner|1121
|gen|9
|tier|[Gen 9] VGC 2025 Reg H (Bo3)
|rated|
|rule|Species Clause: Limit one of each PokÃ©mon
|rule|Item Clause: Limit 1 of each item
|clearpoke
|poke|p1|Incineroar, L50, M|
|poke|p1|Gholdengo, L50|
|poke|p1|Ursaluna-Bloodmoon, L50, M|
|poke|p1|Indeedee-F, L50, F|
|poke|p1|Gallade, L50, M|
|poke|p1|Torkoal, L50, F|
|poke|p2|Gholdengo, L50|
|poke|p2|Sneasler, L50, F|
|poke|p2|Rillaboom, L50, F|
|poke|p2|Ninetales-Alola, L50, F|
|poke|p2|Incineroar, L50, M|
|poke|p2|Ursaluna-Bloodmoon, L50, M|
|teampreview|4
|showteam|p1|Incineroar||SafetyGoggles|Intimidate|FakeOut,FlareBlitz,KnockOff,PartingShot|||M|||50|,,,,,Ghost]Gholdengo||SitrusBerry|GoodasGold|MakeItRain,ShadowBall,NastyPlot,Protect||||||50|,,,,,Water]Ursaluna-Bloodmoon||LifeOrb|MindsEye|BloodMoon,HyperVoice,EarthPower,Protect|||M|||50|,,,,,Normal]Indeedee-F||PsychicSeed|PsychicSurge|FollowMe,TrickRoom,HelpingHand,DazzlingGleam|||F|||50|,,,,,Fairy]Gallade||ClearAmulet|Sharpness|SacredSword,PsychoCut,WideGuard,TrickRoom|||M|||50|,,,,,Grass]Torkoal||Leftovers|Drought|Eruption,WeatherBall,Yawn,Protect|||F|||50|,,,,,Fire
|showteam|p2|Gholdengo||MetalCoat|GoodasGold|MakeItRain,ShadowBall,NastyPlot,Protect||||||50|,,,,,Water]Sneasler||GrassySeed|Unburden|CloseCombat,Acrobatics,SwordsDance,Protect|||F|||50|,,,,,Flying]Rillaboom||AssaultVest|GrassySurge|WoodHammer,GrassyGlide,FakeOut,Uturn|||F|||50|,,,,,Fire]Ninetales-Alola||FocusSash|SnowWarning|Blizzard,IcyWind,AuroraVeil,Protect|||F|||50|,,,,,Ghost]Incineroar||SafetyGoggles|Intimidate|KnockOff,FlareBlitz,PartingShot,FakeOut|||M|||50|,,,,,Ghost]Ursaluna-Bloodmoon||LifeOrb|MindsEye|BloodMoon,HyperVoice,EarthPower,Protect|||M|||50|,,,,,Normal
|inactive|Battle timer is ON: inactive players will automatically lose when time's up. (requested by Quill86)
|inactive|IronHandsGotHands has 60 seconds left.
|
|t:|1757818912
|teamsize|p1|4
|teamsize|p2|4
|start
|switch|p1a: Indeedee|Indeedee-F, L50, F|100/100
|switch|p1b: Gallade|Gallade, L50, M|100/100
|switch|p2a: Ursaluna|Ursaluna-Bloodmoon, L50, M|100/100
|switch|p2b: Incineroar|Incineroar, L50, M|100/100
|-fieldstart|move: Psychic Terrain|[from] ability: Psychic Surge|[of] p1a: Indeedee
|-enditem|p1a: Indeedee|Psychic Seed
|-boost|p1a: Indeedee|spd|1|[from] item: Psychic Seed
|-ability|p2b: Incineroar|Intimidate|boost
|-unboost|p1a: Indeedee|atk|1
|-fail|p1b: Gallade|unboost|[from] item: Clear Amulet|[of] p1b: Gallade
|turn|1
|
|t:|1757818926
|switch|p2b: Rillaboom|Rillaboom, L50, F|100/100
|-fieldstart|move: Grassy Terrain|[from] ability: Grassy Surge|[of] p2b: Rillaboom
|move|p2a: Ursaluna|Protect|p2a: Ursaluna
|-singleturn|p2a: Ursaluna|Protect
|move|p1b: Gallade|Sacred Sword|p2a: Ursaluna
|-activate|p2a: Ursaluna|move: Protect
|move|p1a: Indeedee|Trick Room|p1a: Indeedee
|-fieldstart|move: Trick Room|[of] p1a: Indeedee
|
|upkeep
|turn|2
|
|t:|1757818935
|switch|p1a: Torkoal|Torkoal, L50, F|100/100
|-weather|SunnyDay|[from] ability: Drought|[of] p1a: Torkoal
|move|p2b: Rillaboom|Fake Out|p1b: Gallade
|-damage|p1b: Gallade|81/100
|cant|p1b: Gallade|flinch
|move|p2a: Ursaluna|Hyper Voice|p1b: Gallade|[spread] p1a,p1b
|-damage|p1a: Torkoal|38/100
|-damage|p1b: Gallade|41/100
|-damage|p2a: Ursaluna|91/100|[from] item: Life Orb
|
|-weather|SunnyDay|[upkeep]
|-heal|p1a: Torkoal|45/100|[from] Grassy Terrain
|-heal|p1a: Torkoal|51/100|[from] item: Leftovers
|-heal|p1b: Gallade|47/100|[from] Grassy Terrain
|-heal|p2a: Ursaluna|97/100|[from] Grassy Terrain
|upkeep
|turn|3
|
|t:|1757818956
|switch|p2b: Incineroar|Incineroar, L50, M|100/100
|-ability|p2b: Incineroar|Intimidate|boost
|-unboost|p1a: Torkoal|atk|1
|-fail|p1b: Gallade|unboost|[from] item: Clear Amulet|[of] p1b: Gallade
|-terastallize|p1a: Torkoal|Fire
|move|p2a: Ursaluna|Protect|p2a: Ursaluna
|-singleturn|p2a: Ursaluna|Protect
|move|p1a: Torkoal|Weather Ball|p2a: Ursaluna
|-activate|p2a: Ursaluna|move: Protect
|move|p1b: Gallade|Sacred Sword|p2b: Incineroar
|-supereffective|p2b: Incineroar
|-damage|p2b: Incineroar|0 fnt
|faint|p2b: Incineroar
|
|-weather|SunnyDay|[upkeep]
|-heal|p1a: Torkoal|57/100|[from] Grassy Terrain
|-heal|p1a: Torkoal|63/100|[from] item: Leftovers
|-heal|p1b: Gallade|52/100|[from] Grassy Terrain
|-heal|p2a: Ursaluna|100/100|[from] Grassy Terrain
|upkeep
|
|t:|1757818962
|switch|p2b: Rillaboom|Rillaboom, L50, F|100/100
|turn|4
|
|t:|1757818970
|switch|p1b: Indeedee|Indeedee-F, L50, F|100/100
|-fieldstart|move: Psychic Terrain|[from] ability: Psychic Surge|[of] p1b: Indeedee
|switch|p2a: Gholdengo|Gholdengo, L50|100/100
|-terastallize|p2b: Rillaboom|Fire
|move|p1a: Torkoal|Eruption|p2b: Rillaboom|[spread] p2a,p2b
|-supereffective|p2a: Gholdengo
|-resisted|p2b: Rillaboom
|-damage|p2a: Gholdengo|0 fnt
|-damage|p2b: Rillaboom|75/100
|faint|p2a: Gholdengo
|move|p2b: Rillaboom|Wood Hammer|p1b: Indeedee
|-damage|p1b: Indeedee|46/100
|-damage|p2b: Rillaboom|57/100|[from] Recoil
|
|-weather|SunnyDay|[upkeep]
|-heal|p1a: Torkoal|69/100|[from] item: Leftovers
|upkeep
|
|t:|1757818973
|switch|p2a: Ursaluna|Ursaluna-Bloodmoon, L50, M|100/100
|turn|5
|
|t:|1757818997
|move|p2a: Ursaluna|Protect|p2a: Ursaluna
|-singleturn|p2a: Ursaluna|Protect
|move|p1a: Torkoal|Yawn|p2b: Rillaboom
|-start|p2b: Rillaboom|move: Yawn|[of] p1a: Torkoal
|move|p1b: Indeedee|Dazzling Gleam|p2b: Rillaboom|[spread] p2b
|-activate|p2a: Ursaluna|move: Protect
|-resisted|p2b: Rillaboom
|-damage|p2b: Rillaboom|51/100
|move|p2b: Rillaboom|Wood Hammer|p1a: Torkoal
|-resisted|p1a: Torkoal
|-damage|p1a: Torkoal|48/100
|-damage|p2b: Rillaboom|44/100|[from] Recoil
|
|-weather|SunnyDay|[upkeep]
|-heal|p1a: Torkoal|54/100|[from] item: Leftovers
|-fieldend|move: Trick Room
|upkeep
|turn|6
|
|t:|1757819013
|move|p2b: Rillaboom|Grassy Glide|p1b: Indeedee
|-damage|p1b: Indeedee|19/100
|move|p1b: Indeedee|Dazzling Gleam|p2a: Ursaluna|[spread] p2a,p2b
|-resisted|p2b: Rillaboom
|-damage|p2a: Ursaluna|86/100
|-damage|p2b: Rillaboom|39/100
|move|p2a: Ursaluna|Hyper Voice|p1a: Torkoal|[spread] p1a,p1b
|-damage|p1a: Torkoal|0 fnt
|-damage|p1b: Indeedee|0 fnt
|faint|p1a: Torkoal
|faint|p1b: Indeedee
|-damage|p2a: Ursaluna|76/100|[from] item: Life Orb
|
|-weather|none
|-end|p2b: Rillaboom|move: Yawn|[silent]
|-status|p2b: Rillaboom|slp
|upkeep
|
|t:|1757819017
|switch|p1b: Gallade|Gallade, L50, M|52/100
|switch|p1a: Incineroar|Incineroar, L50, M|100/100
|-ability|p1a: Incineroar|Intimidate|boost
|-unboost|p2a: Ursaluna|atk|1
|-unboost|p2b: Rillaboom|atk|1
|turn|7
|
|t:|1757819029
|cant|p2b: Rillaboom|slp
|move|p2a: Ursaluna|Blood Moon|p1b: Gallade
|-damage|p1b: Gallade|0 fnt
|faint|p1b: Gallade
|-damage|p2a: Ursaluna|67/100|[from] item: Life Orb
|move|p1a: Incineroar|Knock Off|p2a: Ursaluna
|-damage|p2a: Ursaluna|38/100
|-enditem|p2a: Ursaluna|Life Orb|[from] move: Knock Off|[of] p1a: Incineroar
|
|upkeep
|turn|8
|
|t:|1757819038
|-curestatus|p2b: Rillaboom|slp|[msg]
|move|p2b: Rillaboom|Wood Hammer|p1a: Incineroar
|-resisted|p1a: Incineroar
|-damage|p1a: Incineroar|86/100
|-damage|p2b: Rillaboom|33/100|[from] Recoil
|move|p2a: Ursaluna|Earth Power|p1a: Incineroar
|-supereffective|p1a: Incineroar
|-damage|p1a: Incineroar|0 fnt
|faint|p1a: Incineroar
|
|win|IronHandsGotHands
|raw|Quill86's rating: 1209 → 1178(-31 for losing)
|raw|IronHandsGotHands's rating: 1121 → 1152(+31 for winning)
