|j|☆n0l0ngeravailable
|j|☆tfader
|html|n0l0ngeravailabletfader    
|uhtml|bestof|Game 2 of a best-of-3
|t:|1782637005
|gametype|doubles
|player|p1|n0l0ngeravailable|102|1057
|player|p2|tfader|barry|1024
|gen|9
|tier|[Gen 9 Champions] VGC 2026 Reg M-B (Bo3)
|rated|
|rule|Species Clause: Limit one of each Pokémon
|rule|Item Clause: Limit 1 of each item
|clearpoke
|poke|p1|Ceruledge, L50, F|
|poke|p1|Ninetales, L50, M|
|poke|p1|Rotom-Heat, L50|
|poke|p1|Arcanine-Hisui, L50, M|
|poke|p1|Delphox, L50, F|
|poke|p1|Camerupt, L50, F|
|poke|p2|Staraptor, L50, F|
|poke|p2|Barbaracle, L50, M|
|poke|p2|Whimsicott, L50, M|
|poke|p2|Incineroar, L50, F|
|poke|p2|Grimmsnarl, L50, M|
|poke|p2|Aegislash, L50, M|
|teampreview|4
|showteam|p1|Ceruledge||Charcoal|FlashFire|BitterBlade,Substitute,FlameCharge,SwordsDance|Adamant||F|||50|]Ninetales||FocusSash|FlashFire|BatonPass,Agility,Substitute,FlareBlitz|Jolly||M|||50|]Rotom-Heat||Magnet|Levitate|Thunderbolt,VoltSwitch,Discharge,LightScreen|Timid|||||50|]Arcanine-Hisui||MuscleBand|Intimidate|Substitute,WildCharge,CloseCombat,FlareBlitz|Jolly||M|||50|]Delphox||Delphoxite|Blaze|Substitute,Flamethrower,Wish,LightScreen|Modest||F|||50|]Camerupt||Leftovers|SolidRock|Earthquake,Protect,Yawn,AncientPower|Relaxed||F|||50|
|showteam|p2|Staraptor||Staraptite|Intimidate|CloseCombat,BraveBird,Protect,Roost|Adamant||F|||50|]Barbaracle||Barbaracite|ToughClaws|CloseCombat,RockSlide,Protect,PoisonJab|Jolly||M|||50|]Whimsicott||FocusSash|Prankster|DazzlingGleam,Tailwind,Encore,Charm|Timid||M|||50|]Incineroar||SitrusBerry|Intimidate|FakeOut,FlareBlitz,PartingShot,Snarl|Sassy||F|||50|]Grimmsnarl||LightClay|Prankster|LightScreen,Reflect,SpiritBreak,FakeOut|Impish||M|||50|]Aegislash||LifeOrb|StanceChange|Poltergeist,IronHead,KingsShield,WideGuard|Jolly||M|||50|
|
|t:|1782637036
|teamsize|p1|4
|teamsize|p2|4
|start
|switch|p1a: Ninetales|Ninetales, L50, M|100/100
|switch|p1b: Arcanine|Arcanine-Hisui, L50, M|100/100
|switch|p2a: Barbaracle|Barbaracle, L50, M|100/100
|switch|p2b: Incineroar|Incineroar, L50, F|100/100
|-ability|p1b: Arcanine|Intimidate|boost
|-unboost|p2a: Barbaracle|atk|1
|-unboost|p2b: Incineroar|atk|1
|-ability|p2b: Incineroar|Intimidate|boost
|-unboost|p1a: Ninetales|atk|1
|-unboost|p1b: Arcanine|atk|1
|turn|1
|
|t:|1782637056
|detailschange|p2a: Barbaracle|Barbaracle-Mega, L50, M
|-mega|p2a: Barbaracle|Barbaracle|Barbaracite
|move|p2b: Incineroar|Fake Out|p1a: Ninetales
|-damage|p1a: Ninetales|90/100
|cant|p1a: Ninetales|flinch
|move|p1b: Arcanine|Close Combat|p2b: Incineroar
|-supereffective|p2b: Incineroar|1
|-damage|p2b: Incineroar|43/100
|-unboost|p1b: Arcanine|def|1
|-unboost|p1b: Arcanine|spd|1
|-enditem|p2b: Incineroar|Sitrus Berry|[eat]
|-heal|p2b: Incineroar|68/100|[from] item: Sitrus Berry
|move|p2a: Barbaracle|Rock Slide|p1b: Arcanine|[spread] p1a,p1b
|-supereffective|p1a: Ninetales|1
|-supereffective|p1b: Arcanine|1
|-damage|p1a: Ninetales|37/100
|-damage|p1b: Arcanine|23/100
|
|upkeep
|turn|2
|
|t:|1782637095
|switch|p2b: Grimmsnarl|Grimmsnarl, L50, M|100/100
|move|p1a: Ninetales|Substitute|p1a: Ninetales
|-start|p1a: Ninetales|Substitute
|-damage|p1a: Ninetales|12/100
|move|p1b: Arcanine|Close Combat|p2a: Barbaracle
|-supereffective|p2a: Barbaracle|1
|-damage|p2a: Barbaracle|42/100
|-unboost|p1b: Arcanine|def|1
|-unboost|p1b: Arcanine|spd|1
|move|p2a: Barbaracle|Rock Slide|p1b: Arcanine|[spread] p1a,p1b
|-supereffective|p1a: Ninetales|1
|-end|p1a: Ninetales|Substitute
|-supereffective|p1b: Arcanine|1
|-damage|p1b: Arcanine|0 fnt
|faint|p1b: Arcanine
|
|upkeep
|inactive|Battle timer is ON: inactive players will automatically lose when time's up. (requested by n0l0ngeravailable)
|
|t:|1782637114
|switch|p1b: Delphox|Delphox, L50, F|100/100
|turn|3
|inactive|n0l0ngeravailable has 30 seconds left.
|
|t:|1782637139
|detailschange|p1b: Delphox|Delphox-Mega, L50, F
|-mega|p1b: Delphox|Delphox|Delphoxite
|move|p2b: Grimmsnarl|Fake Out|p1a: Ninetales
|-damage|p1a: Ninetales|0 fnt
|faint|p1a: Ninetales
|move|p1b: Delphox|Light Screen|p1b: Delphox
|-sidestart|p1: n0l0ngeravailable|move: Light Screen
|move|p2a: Barbaracle|Rock Slide|p1b: Delphox
|-supereffective|p1b: Delphox|1
|-damage|p1b: Delphox|23/100
|
|upkeep
|
|t:|1782637148
|switch|p1a: Ceruledge|Ceruledge, L50, F|100/100
|turn|4
|
|t:|1782637173
|move|p2b: Grimmsnarl|Light Screen|p2b: Grimmsnarl
|-sidestart|p2: tfader|move: Light Screen
|move|p1b: Delphox|Flamethrower|p2b: Grimmsnarl
|-damage|p2b: Grimmsnarl|58/100
|move|p2a: Barbaracle|Rock Slide|p1b: Delphox|[spread] p1b
|-miss|p2a: Barbaracle|p1a: Ceruledge
|-supereffective|p1b: Delphox|1
|-damage|p1b: Delphox|0 fnt
|faint|p1b: Delphox
|move|p1a: Ceruledge|Substitute|p1a: Ceruledge
|-start|p1a: Ceruledge|Substitute
|-damage|p1a: Ceruledge|75/100
|
|upkeep
|turn|5
|
|t:|1782637190
|move|p2b: Grimmsnarl|Reflect|p2b: Grimmsnarl
|-sidestart|p2: tfader|Reflect
|move|p2a: Barbaracle|Rock Slide|p1a: Ceruledge
|-supereffective|p1a: Ceruledge|1
|-end|p1a: Ceruledge|Substitute
|move|p1a: Ceruledge|Swords Dance|p1a: Ceruledge
|-boost|p1a: Ceruledge|atk|2
|
|upkeep
|turn|6
|
|t:|1782637200
|move|p2a: Barbaracle|Rock Slide|p1a: Ceruledge
|-supereffective|p1a: Ceruledge|1
|-damage|p1a: Ceruledge|3/100
|move|p1a: Ceruledge|Substitute|p1a: Ceruledge
|-fail|p1a: Ceruledge|move: Substitute|[weak]
|move|p2b: Grimmsnarl|Spirit Break|p1a: Ceruledge
|-resisted|p1a: Ceruledge|1
|-damage|p1a: Ceruledge|0 fnt
|faint|p1a: Ceruledge
|
|win|tfader
|raw|n0l0ngeravailable's rating: 1057 → 1037(-20 for losing)
|raw|tfader's rating: 1024 → 1064(+40 for winning)
|l|☆n0l0ngeravailable
|player|p1|
