|j|☆Albe_AP
|j|☆TheLeoj
|html|Albe_APTheLeoj    
|uhtml|bestof|Game 1 of a best-of-3
|t:|1784053936
|gametype|doubles
|player|p1|Albe_AP|101|1230
|player|p2|TheLeoj|265|1172
|gen|9
|tier|[Gen 9 Champions] VGC 2026 Reg M-B (Bo3)
|rated|
|rule|Species Clause: Limit one of each Pokémon
|rule|Item Clause: Limit 1 of each item
|clearpoke
|poke|p1|Blaziken, L50, F|
|poke|p1|Kingambit, L50, F|
|poke|p1|Tsareena, L50, F|
|poke|p1|Ninetales-Alola, L50, M|
|poke|p1|Basculegion, L50, M|
|poke|p1|Raichu, L50, F|
|poke|p2|Raichu, L50, M, shiny|
|poke|p2|Primarina, L50, F, shiny|
|poke|p2|Kingambit, L50, F, shiny|
|poke|p2|Incineroar, L50, M, shiny|
|poke|p2|Ninetales-Alola, L50, M, shiny|
|poke|p2|Gengar, L50, M, shiny|
|teampreview|4
|showteam|p1|Blaziken||Blazikenite|SpeedBoost|FlareBlitz,CloseCombat,RockSlide,Protect|Adamant||F|||50|]Kingambit||LifeOrb|Defiant|KowtowCleave,SuckerPunch,IronHead,Protect|Adamant||F|||50|]Tsareena||WideLens|QueenlyMajesty|PowerWhip,TripleAxel,Uturn,Taunt|Adamant||F|||50|]Ninetales-Alola||FocusSash|SnowWarning|Blizzard,FreezeDry,Encore,Protect|Timid||M|||50|]Basculegion||ChoiceScarf|Adaptability|WaveCrash,LastRespects,FlipTurn,AquaJet|Jolly||M|||50|]Raichu||RaichuniteY|LightningRod|FakeOut,ZapCannon,FocusBlast,Protect|Timid||F|||50|
|showteam|p2|Raichu||RaichuniteY|Static|ZapCannon,FocusBlast,FakeOut,Protect|Timid||M|||50|]Primarina||LifeOrb|LiquidVoice|HyperVoice,DazzlingGleam,Protect,Moonblast|Modest||F|||50|]Kingambit||BlackGlasses|Defiant|Protect,KowtowCleave,IronHead,SuckerPunch|Adamant||F|||50|]Incineroar||SitrusBerry|Intimidate|FakeOut,FlareBlitz,DarkestLariat,PartingShot|Adamant||M|||50|]Ninetales-Alola||LightClay|SnowWarning|Protect,Blizzard,AuroraVeil,FreezeDry|Timid||M|||50|]Gengar||Gengarite|CursedBody|Protect,ShadowBall,PerishSong,SludgeBomb|Timid||M|||50|
|inactive|Battle timer is ON: inactive players will automatically lose when time's up. (requested by TheLeoj)
|inactive|Albe_AP has 60 seconds left.
|inactive|TheLeoj has 60 seconds left.
|inactive|Albe_AP has 30 seconds left.
|
|t:|1784053998
|teamsize|p1|4
|teamsize|p2|4
|start
|switch|p1a: Excelsus|Kingambit, L50, F|100/100
|switch|p1b: Shagohod|Basculegion, L50, M|100/100
|switch|p2a: Raichu|Raichu, L50, M, shiny|100/100
|switch|p2b: Ninetales|Ninetales-Alola, L50, M, shiny|100/100
|-weather|Snowscape|[from] ability: Snow Warning|[of] p2b: Ninetales
|turn|1
|inactive|Albe_AP has 30 seconds left.
|
|t:|1784054023
|switch|p1a: Peace Walker|Tsareena, L50, F|100/100
|detailschange|p2a: Raichu|Raichu-Mega-Y, L50, M, shiny
|-mega|p2a: Raichu|Raichu|Raichunite Y
|move|p1b: Shagohod|Flip Turn|p2a: Raichu
|-crit|p2a: Raichu
|-damage|p2a: Raichu|7/100
|
|t:|1784054032
|switch|p1b: Excelsus|Kingambit, L50, F|100/100|[from] Flip Turn
|move|p2a: Raichu|Focus Blast|p1a: Peace Walker
|-damage|p1a: Peace Walker|54/100
|move|p2b: Ninetales|Aurora Veil|p2b: Ninetales
|-sidestart|p2: TheLeoj|move: Aurora Veil
|
|-weather|Snowscape|[upkeep]
|upkeep
|turn|2
|
|t:|1784054052
|switch|p1a: Shagohod|Basculegion, L50, M|100/100
|move|p1b: Excelsus|Protect|p1b: Excelsus
|-singleturn|p1b: Excelsus|Protect
|move|p2a: Raichu|Focus Blast|p1b: Excelsus
|-activate|p1b: Excelsus|move: Protect
|move|p2b: Ninetales|Blizzard|p1a: Shagohod|[spread] p1a
|-activate|p1b: Excelsus|move: Protect
|-resisted|p1a: Shagohod|1
|-damage|p1a: Shagohod|82/100
|
|-weather|Snowscape|[upkeep]
|upkeep
|turn|3
|
|t:|1784054067
|move|p2a: Raichu|Protect|p2a: Raichu
|-singleturn|p2a: Raichu|Protect
|move|p1b: Excelsus|Sucker Punch||[still]
|-fail|p1b: Excelsus
|move|p1a: Shagohod|Flip Turn|p2b: Ninetales
|-damage|p2b: Ninetales|75/100
|
|t:|1784054071
|switch|p1a: Sahelatropus|Blaziken, L50, F|100/100|[from] Flip Turn
|move|p2b: Ninetales|Freeze-Dry|p1a: Sahelatropus
|-resisted|p1a: Sahelatropus|1
|-damage|p1a: Sahelatropus|82/100
|
|-weather|Snowscape|[upkeep]
|upkeep
|turn|4
|
|t:|1784054093
|switch|p2b: Primarina|Primarina, L50, F, shiny|100/100
|detailschange|p1a: Sahelatropus|Blaziken-Mega, L50, F
|-mega|p1a: Sahelatropus|Blaziken|Blazikenite
|move|p1b: Excelsus|Sucker Punch|p2a: Raichu
|-damage|p2a: Raichu|0 fnt
|faint|p2a: Raichu
|-damage|p1b: Excelsus|90/100|[from] item: Life Orb
|move|p1a: Sahelatropus|Flare Blitz|p2b: Primarina
|-resisted|p2b: Primarina|1
|-damage|p2b: Primarina|65/100
|-damage|p1a: Sahelatropus|68/100|[from] Recoil
|
|-weather|Snowscape|[upkeep]
|-ability|p1a: Sahelatropus|Speed Boost|boost
|-boost|p1a: Sahelatropus|spe|1
|upkeep
|
|t:|1784054113
|switch|p2a: Kingambit|Kingambit, L50, F, shiny|100/100
|turn|5
|inactive|Albe_AP has 30 seconds left.
|
|t:|1784054142
|switch|p1b: Peace Walker|Tsareena, L50, F|54/100
|move|p1a: Sahelatropus|Protect|p1a: Sahelatropus
|-singleturn|p1a: Sahelatropus|Protect
|move|p2a: Kingambit|Protect|p2a: Kingambit
|-singleturn|p2a: Kingambit|Protect
|move|p2b: Primarina|Hyper Voice|p1a: Sahelatropus|[spread] p1b
|-activate|p1a: Sahelatropus|move: Protect
|-resisted|p1b: Peace Walker|1
|-damage|p1b: Peace Walker|28/100
|-damage|p2b: Primarina|56/100|[from] item: Life Orb
|
|-weather|none
|-ability|p1a: Sahelatropus|Speed Boost|boost
|-boost|p1a: Sahelatropus|spe|1
|upkeep
|turn|6
|inactive|TheLeoj has 30 seconds left.
|
|t:|1784054167
|move|p2a: Kingambit|Sucker Punch||[still]
|cant|p1b: Peace Walker|ability: Queenly Majesty|Sucker Punch|[of] p2a: Kingambit
|move|p1a: Sahelatropus|Close Combat|p2a: Kingambit
|-supereffective|p2a: Kingambit|2
|-damage|p2a: Kingambit|0 fnt
|-unboost|p1a: Sahelatropus|def|1
|-unboost|p1a: Sahelatropus|spd|1
|faint|p2a: Kingambit
|move|p1b: Peace Walker|Power Whip|p2b: Primarina
|-supereffective|p2b: Primarina|1
|-damage|p2b: Primarina|0 fnt
|faint|p2b: Primarina
|
|-ability|p1a: Sahelatropus|Speed Boost|boost
|-boost|p1a: Sahelatropus|spe|1
|upkeep
|
|t:|1784054179
|switch|p2b: Ninetales|Ninetales-Alola, L50, M, shiny|75/100
|-weather|Snowscape|[from] ability: Snow Warning|[of] p2b: Ninetales
|turn|7
|
|t:|1784054186
|move|p1a: Sahelatropus|Flare Blitz|p2b: Ninetales
|-supereffective|p2b: Ninetales|1
|-damage|p2b: Ninetales|0 fnt
|faint|p2b: Ninetales
|-damage|p1a: Sahelatropus|43/100|[from] Recoil
|
|win|Albe_AP
