|j|â˜†MrDarki256
|j|â˜†JuanAle22
|html|MrDarki256JuanAle22    
|uhtml|bestof|Game 2 of a best-of-3
|t:|1783100156
|gametype|doubles
|player|p1|MrDarki256|preschooler|
|player|p2|JuanAle22|volkner|
|gen|9
|tier|[Gen 9 Champions] VGC 2026 Reg M-B (Bo3)
|rule|Species Clause: Limit one of each PokÃ©mon
|rule|Item Clause: Limit 1 of each item
|clearpoke
|poke|p1|Greninja, L50, F|
|poke|p1|Ceruledge, L50, M|
|poke|p1|Incineroar, L50, F|
|poke|p1|Sinistcha, L50|
|poke|p1|Milotic, L50, F|
|poke|p1|Floette-Eternal, L50, F|
|poke|p2|Feraligatr, L50, M|
|poke|p2|Gholdengo, L50|
|poke|p2|Whimsicott, L50, M|
|poke|p2|Sinistcha, L50|
|poke|p2|Incineroar, L50, F|
|poke|p2|Sylveon, L50, M|
|teampreview|4
|showteam|p1|Greninja||Greninjite|Protean|GunkShot,BrickBreak,DarkPulse,Protect|Naive||F|||50|]Ceruledge||ColburBerry|FlashFire|BitterBlade,ShadowSneak,BulkUp,Protect|Adamant||M|||50|]Incineroar||SitrusBerry|Intimidate|FlareBlitz,ThroatChop,PartingShot,FakeOut|Impish||F|||50|]Sinistcha||KasibBerry|Hospitality|MatchaGotcha,RagePowder,LifeDew,Protect|Bold|||||50|]Milotic||Leftovers|Competitive|MuddyWater,Coil,Hypnosis,Protect|Calm||F|||50|]Floette-Eternal||Floettite|FlowerVeil|DrainingKiss,DazzlingGleam,CalmMind,Protect|Timid||F|||50|
|showteam|p2|Feraligatr||Feraligite|Torrent|Protect,Liquidation,DoubleEdge,DragonDance|Adamant||M|||50|]Gholdengo||LifeOrb|GoodasGold|Protect,NastyPlot,MakeItRain,ShadowBall|Modest|||||50|]Whimsicott||FocusSash|Prankster|Protect,Tailwind,Moonblast,Encore|Timid||M|||50|]Sinistcha||ColburBerry|Hospitality|MatchaGotcha,RagePowder,Protect,TrickRoom|Bold|||||50|]Incineroar||SitrusBerry|Intimidate|FakeOut,PartingShot,FlareBlitz,ThroatChop|Careful||F|||50|]Sylveon||FairyFeather|Pixilate|HyperVoice,HyperBeam,QuickAttack,Detect|Modest||M|||50|
|inactive|Battle timer is ON: inactive players will automatically lose when time's up. (requested by JuanAle22)
|j| shishio_ax
|inactive|MrDarki256 has 60 seconds left.
|inactive|JuanAle22 has 60 seconds left.
|inactive|MrDarki256 has 30 seconds left.
|l| shishio_ax
|
|t:|1783100226
|teamsize|p1|4
|teamsize|p2|4
|start
|switch|p1a: Ceruledge|Ceruledge, L50, M|100/100
|switch|p1b: Sinistcha|Sinistcha, L50|100/100
|switch|p2a: Whimsicott|Whimsicott, L50, M|100/100
|switch|p2b: Gholdengo|Gholdengo, L50|100/100
|turn|1
|inactive|MrDarki256 has 30 seconds left.
|inactive|JuanAle22 has 30 seconds left.
|j| shishio_ax
|inactive|MrDarki256 has 20 seconds left.
|inactive|JuanAle22 has 20 seconds left.
|inactive|MrDarki256 has 15 seconds left.
|inactive|JuanAle22 has 15 seconds left.
|inactive|MrDarki256 has 10 seconds left.
|inactive|JuanAle22 has 10 seconds left.
|inactive|MrDarki256 has 5 seconds left.
|inactive|JuanAle22 has 5 seconds left.
|
|t:|1783100281
|move|p1b: Sinistcha|Rage Powder|p1b: Sinistcha
|-singleturn|p1b: Sinistcha|move: Rage Powder
|move|p2a: Whimsicott|Moonblast|p1b: Sinistcha
|-damage|p1b: Sinistcha|62/100
|move|p2b: Gholdengo|Shadow Ball|p1b: Sinistcha
|-supereffective|p1b: Sinistcha|1
|-enditem|p1b: Sinistcha|Kasib Berry|[eat]
|-enditem|p1b: Sinistcha|Kasib Berry|[weaken]
|-damage|p1b: Sinistcha|1/100
|-damage|p2b: Gholdengo|90/100|[from] item: Life Orb
|move|p1a: Ceruledge|Bitter Blade|p2b: Gholdengo
|-supereffective|p2b: Gholdengo|1
|-damage|p2b: Gholdengo|0 fnt
|faint|p2b: Gholdengo
|
|upkeep
|
|t:|1783100293
|switch|p2b: Feraligatr|Feraligatr, L50, M|100/100
|turn|2
|j| Tallin de Kefta
|c| shishio_ax|Como tanquea el Sinistcha jder
|c|â˜†JuanAle22|yaves
|inactive|MrDarki256 has 30 seconds left.
|inactive|JuanAle22 has 30 seconds left.
|inactive|MrDarki256 has 20 seconds left.
|inactive|JuanAle22 has 20 seconds left.
|inactive|MrDarki256 has 15 seconds left.
|inactive|JuanAle22 has 15 seconds left.
|inactive|MrDarki256 has 10 seconds left.
|inactive|JuanAle22 has 10 seconds left.
|inactive|MrDarki256 has 5 seconds left.
|
|t:|1783100344
|switch|p1a: Incineroar|Incineroar, L50, F|100/100
|-ability|p1a: Incineroar|Intimidate|boost
|-unboost|p2a: Whimsicott|atk|1
|-unboost|p2b: Feraligatr|atk|1
|detailschange|p2b: Feraligatr|Feraligatr-Mega, L50, M
|-mega|p2b: Feraligatr|Feraligatr|Feraligite
|move|p2a: Whimsicott|Moonblast|p1b: Sinistcha
|-damage|p1b: Sinistcha|0 fnt
|faint|p1b: Sinistcha
|move|p2b: Feraligatr|Dragon Dance|p2b: Feraligatr
|-boost|p2b: Feraligatr|atk|1
|-boost|p2b: Feraligatr|spe|1
|
|upkeep
|
|t:|1783100364
|switch|p1b: Floette|Floette-Eternal, L50, F|100/100
|turn|3
|
|t:|1783100387
|switch|p1a: Ceruledge|Ceruledge, L50, M|100/100
|detailschange|p1b: Floette|Floette-Mega, L50, F
|-mega|p1b: Floette|Floette|Floettite
|-ability|p1b: Floette|Fairy Aura
|move|p2a: Whimsicott|Protect|p2a: Whimsicott
|-singleturn|p2a: Whimsicott|Protect
|move|p2b: Feraligatr|Protect|p2b: Feraligatr
|-singleturn|p2b: Feraligatr|Protect
|move|p1b: Floette|Dazzling Gleam|p2b: Feraligatr|[spread] 
|-activate|p2a: Whimsicott|move: Protect
|-activate|p2b: Feraligatr|move: Protect
|
|upkeep
|turn|4
|inactive|MrDarki256 has 30 seconds left.
|
|t:|1783100418
|switch|p2b: Sylveon|Sylveon, L50, M|100/100
|switch|p1a: Incineroar|Incineroar, L50, F|100/100
|-ability|p1a: Incineroar|Intimidate|boost
|-unboost|p2a: Whimsicott|atk|1
|-unboost|p2b: Sylveon|atk|1
|move|p2a: Whimsicott|Moonblast|p1b: Floette
|-damage|p1b: Floette|64/100
|move|p1b: Floette|Draining Kiss|p2b: Sylveon
|-damage|p2b: Sylveon|74/100
|-heal|p1b: Floette|87/100|[from] drain|[of] p2b: Sylveon
|
|upkeep
|turn|5
|inactive|JuanAle22 has 30 seconds left.
|inactive|JuanAle22 has 20 seconds left.
|inactive|JuanAle22 has 15 seconds left.
|
|t:|1783100461
|switch|p1b: Ceruledge|Ceruledge, L50, M|100/100
|move|p2a: Whimsicott|Tailwind|p2a: Whimsicott
|-sidestart|p2: JuanAle22|move: Tailwind
|move|p2b: Sylveon|Hyper Beam|p1b: Ceruledge
|-resisted|p1b: Ceruledge|1
|-damage|p1b: Ceruledge|51/100
|-mustrecharge|p2b: Sylveon
|move|p1a: Incineroar|Parting Shot|p2b: Sylveon
|-unboost|p2b: Sylveon|atk|1
|-unboost|p2b: Sylveon|spa|1
|
|t:|1783100474
|switch|p1a: Floette|Floette-Mega, L50, F|87/100|[from] Parting Shot
|-ability|p1a: Floette|Fairy Aura
|
|upkeep
|turn|6
|inactive|MrDarki256 has 30 seconds left.
|inactive|MrDarki256 has 20 seconds left.
|inactive|MrDarki256 has 15 seconds left.
|
|t:|1783100515
|move|p2a: Whimsicott|Moonblast|p1a: Floette
|-damage|p1a: Floette|44/100
|cant|p2b: Sylveon|recharge
|move|p1a: Floette|Dazzling Gleam|p2b: Sylveon|[spread] p2a,p2b
|-damage|p2a: Whimsicott|35/100
|-damage|p2b: Sylveon|44/100
|move|p1b: Ceruledge|Bitter Blade|p2b: Sylveon
|-damage|p2b: Sylveon|0 fnt
|-heal|p1b: Ceruledge|74/100|[from] drain|[of] p2b: Sylveon
|faint|p2b: Sylveon
|
|upkeep
|
|t:|1783100524
|switch|p2b: Feraligatr|Feraligatr-Mega, L50, M|100/100
|turn|7
|inactive|MrDarki256 has 30 seconds left.
|inactive|JuanAle22 has 30 seconds left.
|inactive|MrDarki256 has 20 seconds left.
|inactive|MrDarki256 has 15 seconds left.
|
|t:|1783100564
|switch|p1a: Incineroar|Incineroar, L50, F|100/100
|-ability|p1a: Incineroar|Intimidate|boost
|-unboost|p2a: Whimsicott|atk|1
|-unboost|p2b: Feraligatr|atk|1
|move|p1b: Ceruledge|Shadow Sneak|p2a: Whimsicott
|-damage|p2a: Whimsicott|1/100
|move|p2a: Whimsicott|Moonblast|p1b: Ceruledge
|-resisted|p1b: Ceruledge|1
|-damage|p1b: Ceruledge|55/100
|move|p2b: Feraligatr|Liquidation|p1b: Ceruledge
|-supereffective|p1b: Ceruledge|1
|-crit|p1b: Ceruledge
|-damage|p1b: Ceruledge|0 fnt
|faint|p1b: Ceruledge
|
|upkeep
|
|t:|1783100577
|switch|p1b: Floette|Floette-Mega, L50, F|44/100
|-ability|p1b: Floette|Fairy Aura
|turn|8
|inactive|JuanAle22 has 30 seconds left.
|inactive|JuanAle22 has 20 seconds left.
|inactive|JuanAle22 has 15 seconds left.
|inactive|JuanAle22 has 10 seconds left.
|inactive|MrDarki256 has 30 seconds left.
|inactive|JuanAle22 has 5 seconds left.
|
|t:|1783100628
|move|p2a: Whimsicott|Protect|p2a: Whimsicott
|-singleturn|p2a: Whimsicott|Protect
|move|p2b: Feraligatr|Protect|p2b: Feraligatr
|-singleturn|p2b: Feraligatr|Protect
|move|p1a: Incineroar|Fake Out|p2b: Feraligatr
|-activate|p2b: Feraligatr|move: Protect
|move|p1b: Floette|Draining Kiss|p1a: Incineroar
|-damage|p1a: Incineroar|68/100
|-heal|p1b: Floette|75/100|[from] drain|[of] p1a: Incineroar
|
|-sideend|p2: JuanAle22|move: Tailwind
|upkeep
|turn|9
|
|t:|1783100651
|move|p2a: Whimsicott|Moonblast|p1b: Floette
|-damage|p1b: Floette|38/100
|move|p1b: Floette|Dazzling Gleam|p2b: Feraligatr|[spread] p2a,p2b
|-supereffective|p2b: Feraligatr|1
|-damage|p2a: Whimsicott|0 fnt
|-damage|p2b: Feraligatr|13/100
|faint|p2a: Whimsicott
|move|p2b: Feraligatr|Liquidation|p1b: Floette
|-damage|p1b: Floette|1/100
|move|p1a: Incineroar|Throat Chop|p2b: Feraligatr
|-damage|p2b: Feraligatr|0 fnt
|faint|p2b: Feraligatr
|
|win|MrDarki256
||MrDarki256 is ready for game 3.
||JuanAle22 is ready for game 3.
|uhtml|next|Next: Game 3 of 3
|c| shishio_ax|Q buena
|j| maxibeasm
|j| Jmf_vgc_92
|l| Jmf_vgc_92
|j| Jmf_vgc_92
|l| Jmf_vgc_92
