|j|☆sacrybeppe
|j|☆Lewis94
|html|sacrybeppeLewis94    
|uhtml|bestof|Game 2 of a best-of-3
|t:|1755703887
|gametype|doubles
|player|p1|sacrybeppe|swimmerf|1145
|player|p2|Lewis94|ethan-gen2|1224
|gen|9
|tier|[Gen 9] VGC 2025 Reg H (Bo3)
|rated|
|rule|Species Clause: Limit one of each Pokémon
|rule|Item Clause: Limit 1 of each item
|clearpoke
|poke|p1|Dragonite, L50, M|
|poke|p1|Volcarona, L50, F|
|poke|p1|Ursaluna-Bloodmoon, L50, M|
|poke|p1|Rillaboom, L50, M|
|poke|p1|Sneasler, L50, F|
|poke|p1|Annihilape, L50, F|
|poke|p2|Garchomp, L50, M|
|poke|p2|Whimsicott, L50, M|
|poke|p2|Dragonite, L50, F|
|poke|p2|Kingambit, L50, F|
|poke|p2|Typhlosion-Hisui, L50, F|
|poke|p2|Torkoal, L50, F|
|teampreview|4
|showteam|p1|Dragonite||LoadedDice|Multiscale|ExtremeSpeed,ScaleShot,Haze,Tailwind|||M|||50|,,,,,Steel]Volcarona||CovertCloak|FlameBody|Protect,QuiverDance,HeatWave,TeraBlast|||F|||50|,,,,,Fairy]Ursaluna-Bloodmoon||FocusSash|MindsEye|Protect,HyperVoice,BloodMoon,EarthPower|||M|||50|,,,,,Normal]Rillaboom||AssaultVest|GrassySurge|FakeOut,WoodHammer,GrassyGlide,Uturn|||M|||50|,,,,,Fire]Sneasler||GrassySeed|Unburden|CloseCombat,DireClaw,ThroatChop,Protect|||F|||50|,,,,,Stellar]Annihilape||ChoiceScarf|Defiant|FinalGambit,CloseCombat,TeraBlast,Coaching|||F|||50|,,,,,Stellar
|showteam|p2|Garchomp||LifeOrb|RoughSkin|DragonClaw,StompingTantrum,Earthquake,Protect|||M|||50|,,,,,Ground]Whimsicott||CovertCloak|Prankster|Tailwind,SunnyDay,Moonblast,Encore|||M|||50|,,,,,Dark]Dragonite||LoadedDice|Multiscale|ExtremeSpeed,ScaleShot,Tailwind,Protect|||F|||50|,,,,,Normal]Kingambit||AssaultVest|Defiant|IronHead,SuckerPunch,KowtowCleave,LowKick|||F|||50|,,,,,Flying]Typhlosion-Hisui||ChoiceSpecs|Blaze|Eruption,ShadowBall,HeatWave,Overheat|||F|||50|,,,,,Fire]Torkoal||EjectPack|Drought|Overheat,Flamethrower,HelpingHand,Protect|||F|||50|,,,,,Flying
|inactive|Battle timer is ON: inactive players will automatically lose when time's up. (requested by Lewis94)
|
|t:|1755703900
|teamsize|p1|4
|teamsize|p2|4
|start
|switch|p1a: Rillaboom|Rillaboom, L50, M|100/100
|switch|p1b: Sneasler|Sneasler, L50, F|100/100
|switch|p2a: Dragonite|Dragonite, L50, F|100/100
|switch|p2b: Torkoal|Torkoal, L50, F|100/100
|-fieldstart|move: Grassy Terrain|[from] ability: Grassy Surge|[of] p1a: Rillaboom
|-enditem|p1b: Sneasler|Grassy Seed
|-boost|p1b: Sneasler|def|1|[from] item: Grassy Seed
|-weather|SunnyDay|[from] ability: Drought|[of] p2b: Torkoal
|turn|1
|inactive|sacrybeppe has 30 seconds left.
|
|t:|1755703926
|-terastallize|p1a: Rillaboom|Fire
|move|p2a: Dragonite|Protect|p2a: Dragonite
|-singleturn|p2a: Dragonite|Protect
|move|p2b: Torkoal|Protect|p2b: Torkoal
|-singleturn|p2b: Torkoal|Protect
|move|p1a: Rillaboom|Fake Out|p2a: Dragonite
|-activate|p2a: Dragonite|move: Protect
|move|p1b: Sneasler|Close Combat|p2b: Torkoal
|-activate|p2b: Torkoal|move: Protect
|
|-weather|SunnyDay|[upkeep]
|upkeep
|turn|2
|
|t:|1755703948
|move|p1b: Sneasler|Dire Claw|p2a: Dragonite
|-damage|p2a: Dragonite|77/100
|move|p2a: Dragonite|Tailwind|p2a: Dragonite
|-sidestart|p2: Lewis94|move: Tailwind
|move|p1a: Rillaboom|U-turn|p2b: Torkoal
|-resisted|p2b: Torkoal
|-damage|p2b: Torkoal|91/100
|
|t:|1755703953
|switch|p1a: Dragonite|Dragonite, L50, M|100/100|[from] U-turn
|move|p2b: Torkoal|Overheat|p1b: Sneasler
|-damage|p1b: Sneasler|0 fnt
|-unboost|p2b: Torkoal|spa|2
|faint|p1b: Sneasler
|-enditem|p2b: Torkoal|Eject Pack
|
|t:|1755703971
|switch|p2b: Garchomp|Garchomp, L50, M|100/100
|
|-weather|SunnyDay|[upkeep]
|upkeep
|l|☆sacrybeppe
|inactive|sacrybeppe disconnected and has a minute to reconnect!
|player|p1|
|j|☆sacrybeppe
|inactive|sacrybeppe reconnected and has 35 seconds left.
|player|p1|sacrybeppe|swimmerf|
|inactive|sacrybeppe has 30 seconds left.
|
|t:|1755704001
|switch|p1b: Rillaboom|Rillaboom, L50, M, tera:Fire|100/100
|turn|3
|
|t:|1755704021
|switch|p1b: Ursaluna|Ursaluna-Bloodmoon, L50, M|100/100
|-terastallize|p2b: Garchomp|Ground
|move|p2a: Dragonite|Protect|p2a: Dragonite
|-singleturn|p2a: Dragonite|Protect
|move|p2b: Garchomp|Earthquake|p1b: Ursaluna|[spread] p1b
|-activate|p2a: Dragonite|move: Protect
|-immune|p1a: Dragonite
|-damage|p1b: Ursaluna|65/100
|-damage|p2b: Garchomp|91/100|[from] item: Life Orb
|move|p1a: Dragonite|Tailwind|p1a: Dragonite
|-sidestart|p1: sacrybeppe|move: Tailwind
|
|-weather|SunnyDay|[upkeep]
|-heal|p2b: Garchomp|97/100|[from] Grassy Terrain
|-heal|p1b: Ursaluna|70/100|[from] Grassy Terrain
|upkeep
|turn|4
|inactive|sacrybeppe has 30 seconds left.
|inactive|Lewis94 has 30 seconds left.
|inactive|Lewis94 has 20 seconds left.
|
|t:|1755704060
|move|p2b: Garchomp|Dragon Claw|p1a: Dragonite
|-supereffective|p1a: Dragonite
|-crit|p1a: Dragonite
|-damage|p1a: Dragonite|15/100
|-damage|p2b: Garchomp|87/100|[from] item: Life Orb
|move|p2a: Dragonite|Scale Shot|p1b: Ursaluna
|-damage|p1b: Ursaluna|57/100
|-damage|p1b: Ursaluna|44/100
|-damage|p1b: Ursaluna|32/100
|-damage|p1b: Ursaluna|20/100
|-hitcount|p1b: Ursaluna|4
|-unboost|p2a: Dragonite|def|1
|-boost|p2a: Dragonite|spe|1
|move|p1a: Dragonite|Scale Shot|p2a: Dragonite
|-supereffective|p2a: Dragonite
|-damage|p2a: Dragonite|29/100
|-supereffective|p2a: Dragonite
|-damage|p2a: Dragonite|0 fnt
|faint|p2a: Dragonite
|-hitcount|p2: Dragonite|2
|-unboost|p1a: Dragonite|def|1
|-boost|p1a: Dragonite|spe|1
|move|p1b: Ursaluna|Blood Moon|p2b: Garchomp
|-damage|p2b: Garchomp|2/100
|
|-weather|SunnyDay|[upkeep]
|-heal|p2b: Garchomp|8/100|[from] Grassy Terrain
|-heal|p1b: Ursaluna|25/100|[from] Grassy Terrain
|upkeep
|inactive|Lewis94 has 30 seconds left.
|
|t:|1755704093
|switch|p2a: Torkoal|Torkoal, L50, F|91/100
|turn|5
|
|t:|1755704106
|move|p2b: Garchomp|Protect|p2b: Garchomp
|-singleturn|p2b: Garchomp|Protect
|move|p1a: Dragonite|Scale Shot|p2b: Garchomp
|-activate|p2b: Garchomp|move: Protect
|move|p1b: Ursaluna|Earth Power|p2a: Torkoal
|-supereffective|p2a: Torkoal
|-damage|p2a: Torkoal|0 fnt
|faint|p2a: Torkoal
|
|-weather|none
|-heal|p2b: Garchomp|14/100|[from] Grassy Terrain
|-heal|p1b: Ursaluna|31/100|[from] Grassy Terrain
|-sideend|p2: Lewis94|move: Tailwind
|-fieldend|move: Grassy Terrain
|upkeep
|
|t:|1755704119
|switch|p2a: Typhlosion|Typhlosion-Hisui, L50, F|100/100
|turn|6
|
|t:|1755704133
|move|p1a: Dragonite|Extreme Speed|p2b: Garchomp
|-damage|p2b: Garchomp|0 fnt
|-damage|p1a: Dragonite|3/100|[from] ability: Rough Skin|[of] p2b: Garchomp
|faint|p2b: Garchomp
|move|p1b: Ursaluna|Earth Power|p2a: Typhlosion
|-supereffective|p2a: Typhlosion
|-damage|p2a: Typhlosion|0 fnt
|faint|p2a: Typhlosion
|
|win|sacrybeppe
|raw|sacrybeppe's rating: 1145 → 1176(+31 for winning)
|raw|Lewis94's rating: 1224 → 1193(-31 for losing)
|c|☆Lewis94|gg
