|j|☆oboesnotreal
|j|☆zinny21
|html|oboesnotrealzinny21    
|uhtml|bestof|Game 1 of a best-of-3
|t:|1785969314
|gametype|doubles
|player|p1|oboesnotreal|lusamine-nihilego|1070
|player|p2|zinny21|workerice|1000
|gen|9
|tier|[Gen 9 Champions] VGC 2026 Reg M-B (Bo3)
|rated|
|rule|Species Clause: Limit one of each Pokémon
|rule|Item Clause: Limit 1 of each item
|clearpoke
|poke|p1|Basculegion, L50, M|
|poke|p1|Charizard, L50, F, shiny|
|poke|p1|Venusaur, L50, F|
|poke|p1|Archaludon, L50, F|
|poke|p1|Pelipper, L50, F, shiny|
|poke|p1|Grimmsnarl, L50, M|
|poke|p2|Whimsicott, L50, F, shiny|
|poke|p2|Sceptile, L50, F, shiny|
|poke|p2|Heliolisk, L50, F|
|poke|p2|Garchomp, L50, M|
|poke|p2|Charizard, L50, M|
|poke|p2|Incineroar, L50, M|
|teampreview|4
|showteam|p1|Basculegion||ChoiceScarf|Adaptability|FlipTurn,AquaJet,LastRespects,WaveCrash|Jolly||M|||50|]Charizard||CharizarditeY|Blaze|Protect,SolarBeam,WeatherBall,HeatWave|Modest||F|||50|]Venusaur||FocusSash|Chlorophyll|Protect,SleepPowder,EarthPower,SludgeBomb|Modest||F|||50|]Archaludon||Leftovers|Stamina|Protect,ElectroShot,DragonPulse,FlashCannon|Calm||F|||50|]Pelipper||SitrusBerry|Drizzle|WideGuard,Tailwind,Hurricane,WeatherBall|Modest||F|||50|]Grimmsnarl||LightClay|Prankster|PartingShot,Reflect,LightScreen,SpiritBreak|Sassy||M|||50|
|showteam|p2|Whimsicott||HeatRock|Prankster|Tailwind,Moonblast,Protect,SunnyDay|Relaxed||F|||50|]Sceptile||Sceptilite|Overgrow|SolarBeam,DragonPulse,FocusBlast,Detect|Timid||F|||50|]Heliolisk||ChoiceScarf|SolarPower|Discharge,HyperBeam,VoltSwitch,Electrify|Modest||F|||50|]Garchomp||RoseliBerry|RoughSkin|Earthquake,DragonClaw,RockSlide,Protect|Jolly||M|||50|]Charizard||CharizarditeY|SolarPower|HeatWave,WeatherBall,Protect,AirSlash|Timid||M|||50|]Incineroar||SitrusBerry|Intimidate|FlareBlitz,DarkestLariat,FakeOut,PartingShot|Careful||M|||50|
|
|t:|1785969365
|teamsize|p1|4
|teamsize|p2|4
|start
|switch|p1a: Basculegion|Basculegion, L50, M|100/100
|switch|p1b: Grimmsnarl|Grimmsnarl, L50, M|100/100
|switch|p2a: Whimsicott|Whimsicott, L50, F, shiny|100/100
|switch|p2b: Incineroar|Incineroar, L50, M|100/100
|-ability|p2b: Incineroar|Intimidate|boost
|-unboost|p1a: Basculegion|atk|1
|-unboost|p1b: Grimmsnarl|atk|1
|turn|1
|inactive|Battle timer is ON: inactive players will automatically lose when time's up. (requested by oboesnotreal)
|inactive|zinny21 has 60 seconds left.
|
|t:|1785969397
|move|p2a: Whimsicott|Tailwind|p2a: Whimsicott
|-sidestart|p2: zinny21|move: Tailwind
|move|p1b: Grimmsnarl|Reflect|p1b: Grimmsnarl
|-sidestart|p1: oboesnotreal|Reflect
|move|p1a: Basculegion|Wave Crash|p2b: Incineroar
|-supereffective|p2b: Incineroar|1
|-damage|p2b: Incineroar|1/100
|-enditem|p2b: Incineroar|Sitrus Berry|[eat]
|-heal|p2b: Incineroar|25/100|[from] item: Sitrus Berry
|-damage|p1a: Basculegion|66/100|[from] Recoil
|move|p2b: Incineroar|Parting Shot|p1a: Basculegion
|-unboost|p1a: Basculegion|atk|1
|-unboost|p1a: Basculegion|spa|1
|
|t:|1785969417
|switch|p2b: Sceptile|Sceptile, L50, F, shiny|100/100|[from] Parting Shot
|
|upkeep
|turn|2
|inactive|zinny21 has 30 seconds left.
|
|t:|1785969447
|switch|p1a: Charizard|Charizard, L50, F, shiny|100/100
|detailschange|p2b: Sceptile|Sceptile-Mega, L50, F, shiny
|-mega|p2b: Sceptile|Sceptile|Sceptilite
|move|p1b: Grimmsnarl|Light Screen|p1b: Grimmsnarl
|-sidestart|p1: oboesnotreal|move: Light Screen
|move|p2b: Sceptile|Focus Blast|p1b: Grimmsnarl
|-damage|p1b: Grimmsnarl|72/100
|move|p2a: Whimsicott|Moonblast|p1b: Grimmsnarl
|-supereffective|p1b: Grimmsnarl|1
|-damage|p1b: Grimmsnarl|38/100
|
|upkeep
|turn|3
|inactive|oboesnotreal has 30 seconds left.
|inactive|zinny21 has 30 seconds left.
|inactive|oboesnotreal has 20 seconds left.
|
|t:|1785969487
|detailschange|p1a: Charizard|Charizard-Mega-Y, L50, F, shiny
|-mega|p1a: Charizard|Charizard|Charizardite Y
|-weather|SunnyDay|[from] ability: Drought|[of] p1a: Charizard
|move|p2b: Sceptile|Detect|p2b: Sceptile
|-singleturn|p2b: Sceptile|Protect
|move|p1b: Grimmsnarl|Parting Shot|p2a: Whimsicott
|-unboost|p2a: Whimsicott|atk|1
|-unboost|p2a: Whimsicott|spa|1
|
|t:|1785969501
|switch|p1b: Venusaur|Venusaur, L50, F|100/100|[from] Parting Shot
|move|p2a: Whimsicott|Moonblast|p1b: Venusaur
|-resisted|p1b: Venusaur|1
|-damage|p1b: Venusaur|92/100
|move|p1a: Charizard|Weather Ball|p2b: Sceptile
|-activate|p2b: Sceptile|move: Protect
|
|-weather|SunnyDay|[upkeep]
|upkeep
|turn|4
|inactive|zinny21 has 30 seconds left.
|inactive|oboesnotreal has 30 seconds left.
|inactive|zinny21 has 20 seconds left.
|
|t:|1785969539
|switch|p2a: Heliolisk|Heliolisk, L50, F|100/100
|move|p2b: Sceptile|Detect||[still]
|-fail|p2b: Sceptile
|move|p1b: Venusaur|Sludge Bomb|p2a: Heliolisk
|-damage|p2a: Heliolisk|49/100
|move|p1a: Charizard|Heat Wave|p2a: Heliolisk|[spread] p2a,p2b
|-damage|p2a: Heliolisk|0 fnt
|-damage|p2b: Sceptile|20/100y
|faint|p2a: Heliolisk
|
|-weather|SunnyDay|[upkeep]
|-sideend|p2: zinny21|move: Tailwind
|upkeep
|
|t:|1785969553
|switch|p2a: Incineroar|Incineroar, L50, M|25/100
|-ability|p2a: Incineroar|Intimidate|boost
|-unboost|p1a: Charizard|atk|1
|-unboost|p1b: Venusaur|atk|1
|turn|5
|
|t:|1785969584
|move|p2a: Incineroar|Fake Out|p1a: Charizard
|-damage|p1a: Charizard|91/100
|move|p1b: Venusaur|Sludge Bomb|p2b: Sceptile
|-supereffective|p2b: Sceptile|1
|-damage|p2b: Sceptile|0 fnt
|faint|p2b: Sceptile
|cant|p1a: Charizard|flinch
|
|-weather|SunnyDay|[upkeep]
|upkeep
|-message|zinny21 forfeited.
|raw|oboesnotreal's rating: 1070 → 1094(+24 for winning)
|raw|zinny21's rating: 1000 → 1000(+0 for losing)
|
|win|oboesnotreal
|l|☆zinny21
|player|p2|
