|j|☆rowletspin
|j|☆pikatrod
|html|rowletspinpikatrod    
|uhtml|bestof|Game 1 of a best-of-3
|t:|1784307720
|gametype|doubles
|player|p1|rowletspin|265|1349
|player|p2|pikatrod|169|1369
|gen|9
|tier|[Gen 9 Champions] VGC 2026 Reg M-B (Bo3)
|rated|
|rule|Species Clause: Limit one of each Pokémon
|rule|Item Clause: Limit 1 of each item
|clearpoke
|poke|p1|Raichu, L50, M|
|poke|p1|Corviknight, L50, M|
|poke|p1|Sylveon, L50, F|
|poke|p1|Basculegion, L50, M|
|poke|p1|Mamoswine, L50, M|
|poke|p1|Tyranitar, L50, M|
|poke|p2|Kingambit, L50, F|
|poke|p2|Charizard, L50, M|
|poke|p2|Aerodactyl, L50, M|
|poke|p2|Farigiraf, L50, M|
|poke|p2|Garchomp, L50, M|
|poke|p2|Sylveon, L50, F|
|teampreview|4
|showteam|p1|Raichu||RaichuniteY|LightningRod|ZapCannon,FocusBlast,FakeOut,Protect|Timid||M|||50|]Corviknight||Leftovers|MirrorArmor|BraveBird,IronHead,Tailwind,Protect|Careful||M|||50|]Sylveon||FairyFeather|Pixilate|HyperVoice,QuickAttack,Protect,Yawn|Modest||F|||50|]Basculegion||MysticWater|Adaptability|WaveCrash,LastRespects,AquaJet,Protect|Adamant||M|||50|]Mamoswine||LifeOrb|Oblivious|HighHorsepower,IcicleCrash,IceShard,Protect|Adamant||M|||50|]Tyranitar||FocusSash|SandStream|RockSlide,KnockOff,Superpower,Protect|Adamant||M|||50|
|showteam|p2|Kingambit||FocusSash|Defiant|KowtowCleave,IronHead,SuckerPunch,LowKick|Adamant||F|||50|]Charizard||CharizarditeY|Blaze|HeatWave,SolarBeam,WeatherBall,Protect|Modest||M|||50|]Aerodactyl||Aerodactylite|Unnerve|RockSlide,DualWingbeat,IceFang,Tailwind|Jolly||M|||50|]Farigiraf||SitrusBerry|ArmorTail|TwinBeam,Thunderbolt,TrickRoom,Roar|Bold||M|||50|]Garchomp||LifeOrb|RoughSkin|Earthquake,DragonClaw,StompingTantrum,Protect|Jolly||M|||50|]Sylveon||FairyFeather|Pixilate|HyperVoice,HyperBeam,QuickAttack,Protect|Modest||F|||50|
|inactive|Battle timer is ON: inactive players will automatically lose when time's up. (requested by rowletspin)
|inactive|pikatrod has 60 seconds left.
|inactive|pikatrod has 30 seconds left.
|inactive|pikatrod has 20 seconds left.
|inactive|pikatrod has 15 seconds left.
|inactive|pikatrod has 10 seconds left.
|inactive|pikatrod has 5 seconds left.
|
|t:|1784307809
|teamsize|p1|4
|teamsize|p2|4
|start
|switch|p1a: Sylveon|Sylveon, L50, F|100/100
|switch|p1b: Tyranitar|Tyranitar, L50, M|100/100
|switch|p2a: Aerodactyl|Aerodactyl, L50, M|100/100
|switch|p2b: Sylveon|Sylveon, L50, F|100/100
|-ability|p2a: Aerodactyl|Unnerve
|-weather|Sandstorm|[from] ability: Sand Stream|[of] p1b: Tyranitar
|turn|1
|inactive|pikatrod has 30 seconds left.
|
|t:|1784307841
|detailschange|p2a: Aerodactyl|Aerodactyl-Mega, L50, M
|-mega|p2a: Aerodactyl|Aerodactyl|Aerodactylite
|move|p2a: Aerodactyl|Tailwind|p2a: Aerodactyl
|-sidestart|p2: pikatrod|move: Tailwind
|move|p2b: Sylveon|Hyper Voice|p1a: Sylveon|[spread] p1a,p1b
|-supereffective|p1b: Tyranitar|1
|-damage|p1a: Sylveon|59/100
|-damage|p1b: Tyranitar|26/100
|move|p1b: Tyranitar|Rock Slide|p2a: Aerodactyl|[spread] p2a,p2b
|-supereffective|p2a: Aerodactyl|1
|-damage|p2a: Aerodactyl|15/100
|-damage|p2b: Sylveon|54/100
|move|p1a: Sylveon|Hyper Voice|p2b: Sylveon|[spread] p2a,p2b
|-damage|p2a: Aerodactyl|0 fnt
|-damage|p2b: Sylveon|18/100
|faint|p2a: Aerodactyl
|
|-weather|Sandstorm|[upkeep]
|-damage|p2b: Sylveon|12/100|[from] Sandstorm
|-damage|p1a: Sylveon|54/100|[from] Sandstorm
|upkeep
|
|t:|1784307864
|switch|p2a: Garchomp|Garchomp, L50, M|100/100
|turn|2
|
|t:|1784307873
|move|p2b: Sylveon|Protect|p2b: Sylveon
|-singleturn|p2b: Sylveon|Protect
|move|p1b: Tyranitar|Protect|p1b: Tyranitar
|-singleturn|p1b: Tyranitar|Protect
|move|p1a: Sylveon|Protect|p1a: Sylveon
|-singleturn|p1a: Sylveon|Protect
|move|p2a: Garchomp|Earthquake|p1b: Tyranitar|[spread] 
|-activate|p2b: Sylveon|move: Protect
|-activate|p1a: Sylveon|move: Protect
|-activate|p1b: Tyranitar|move: Protect
|
|-weather|Sandstorm|[upkeep]
|-damage|p2b: Sylveon|6/100|[from] Sandstorm
|-damage|p1a: Sylveon|48/100|[from] Sandstorm
|upkeep
|turn|3
|
|t:|1784307898
|move|p2b: Sylveon|Quick Attack|p1a: Sylveon
|-damage|p1a: Sylveon|33/100
|move|p2a: Garchomp|Earthquake|p1b: Tyranitar|[spread] p2b,p1a,p1b
|-supereffective|p1b: Tyranitar|1
|-damage|p2b: Sylveon|0 fnt
|-damage|p1a: Sylveon|0 fnt
|-damage|p1b: Tyranitar|0 fnt
|faint|p2b: Sylveon
|faint|p1a: Sylveon
|faint|p1b: Tyranitar
|-damage|p2a: Garchomp|90/100|[from] item: Life Orb
|
|-weather|Sandstorm|[upkeep]
|upkeep
|
|t:|1784307905
|switch|p1b: Raichu|Raichu, L50, M|100/100
|switch|p2b: Kingambit|Kingambit, L50, F|100/100
|switch|p1a: Mamoswine|Mamoswine, L50, M|100/100
|turn|4
|
|t:|1784307925
|detailschange|p1b: Raichu|Raichu-Mega-Y, L50, M
|-mega|p1b: Raichu|Raichu|Raichunite Y
|move|p1a: Mamoswine|Ice Shard|p2a: Garchomp
|-supereffective|p2a: Garchomp|2
|-damage|p2a: Garchomp|0 fnt
|faint|p2a: Garchomp
|-damage|p1a: Mamoswine|90/100|[from] item: Life Orb
|move|p2b: Kingambit|Iron Head|p1a: Mamoswine
|-supereffective|p1a: Mamoswine|1
|-damage|p1a: Mamoswine|0 fnt
|faint|p1a: Mamoswine
|move|p1b: Raichu|Focus Blast|p2b: Kingambit
|-supereffective|p2b: Kingambit|2
|-enditem|p2b: Kingambit|Focus Sash
|-damage|p2b: Kingambit|1/100
|-unboost|p2b: Kingambit|spd|1
|-ability|p2b: Kingambit|Defiant|boost
|-boost|p2b: Kingambit|atk|2
|
|-weather|Sandstorm|[upkeep]
|-damage|p1b: Raichu|94/100|[from] Sandstorm
|-sideend|p2: pikatrod|move: Tailwind
|upkeep
|turn|5
|inactive|rowletspin has 30 seconds left.
|
|t:|1784307950
|move|p1b: Raichu|Protect|p1b: Raichu
|-singleturn|p1b: Raichu|Protect
|move|p2b: Kingambit|Sucker Punch||[still]
|-fail|p2b: Kingambit
|
|-weather|none
|upkeep
|turn|6
|
|t:|1784307956
|move|p1b: Raichu|Protect||[still]
|-fail|p1b: Raichu
|move|p2b: Kingambit|Sucker Punch||[still]
|-fail|p2b: Kingambit
|
|upkeep
|turn|7
|
|t:|1784307964
|move|p1b: Raichu|Protect|p1b: Raichu
|-singleturn|p1b: Raichu|Protect
|move|p2b: Kingambit|Sucker Punch||[still]
|-fail|p2b: Kingambit
|
|upkeep
|turn|8
|
|t:|1784307972
|move|p1b: Raichu|Protect|p1b: Raichu
|-singleturn|p1b: Raichu|Protect
|move|p2b: Kingambit|Sucker Punch||[still]
|-fail|p2b: Kingambit
|
|upkeep
|turn|9
|
|t:|1784307981
|move|p1b: Raichu|Protect||[still]
|-fail|p1b: Raichu
|move|p2b: Kingambit|Sucker Punch||[still]
|-fail|p2b: Kingambit
|
|upkeep
|turn|10
|
|t:|1784307989
|move|p1b: Raichu|Protect|p1b: Raichu
|-singleturn|p1b: Raichu|Protect
|move|p2b: Kingambit|Sucker Punch||[still]
|-fail|p2b: Kingambit
|
|upkeep
|turn|11
|
|t:|1784308000
|move|p1b: Raichu|Protect||[still]
|-fail|p1b: Raichu
|move|p2b: Kingambit|Kowtow Cleave|p1b: Raichu
|-damage|p1b: Raichu|0 fnt
|faint|p1b: Raichu
|
|win|pikatrod
||pikatrod is ready for game 2.
||rowletspin is ready for game 2.
|uhtml|next|Next: Game 2 of 3
|l|☆rowletspin
|player|p1|
