|j|☆Tinged
|j|☆malo maalez
|html|Tingedmalo maalez    
|uhtml|bestof|Game 2 of a best-of-3
|t:|1756670544
|gametype|doubles
|player|p1|Tinged|170|1033
|player|p2|malo maalez|steven|1000
|gen|9
|tier|[Gen 9] VGC 2025 Reg H (Bo3)
|rated|
|rule|Species Clause: Limit one of each Pokémon
|rule|Item Clause: Limit 1 of each item
|clearpoke
|poke|p1|Polteageist-Antique, L50|
|poke|p1|Sneasler, L50, M|
|poke|p1|Kingambit, L50, M|
|poke|p1|Armarouge, L50, M|
|poke|p1|Indeedee-F, L50, F|
|poke|p1|Talonflame, L50, F|
|poke|p2|Archaludon, L50, M|
|poke|p2|Kingdra, L50, F|
|poke|p2|Politoed, L50, M|
|poke|p2|Incineroar, L50, M|
|poke|p2|Gothitelle, L50, F|
|poke|p2|Amoonguss, L50, F|
|teampreview|4
|showteam|p1|Polteageist-Antique||FocusSash|WeakArmor|Teatime,WillOWisp,Protect,ShadowBall||||||50|,,,,,Dark]Sneasler||LiechiBerry|Unburden|Protect,CloseCombat,DireClaw,Acrobatics|||M|||50|,,,,,Flying]Kingambit||AssaultVest|Defiant|KowtowCleave,SuckerPunch,IronHead,LowKick|||M|||50|,,,,,Fairy]Armarouge||ChoiceScarf|FlashFire|ExpandingForce,ArmorCannon,EnergyBall,Overheat|||M|||50|,,,,,Grass]Indeedee-F||SafetyGoggles|PsychicSurge|FollowMe,Imprison,TrickRoom,DazzlingGleam|||F|||50|,,,,,Fairy]Talonflame||MentalHerb|GaleWings|Tailwind,FlareBlitz,BraveBird,Taunt|||F|||50|,,,,,Ghost
|showteam|p2|Archaludon||PowerHerb|Sturdy|Protect,ElectroShot,FlashCannon,DragonPulse|||M|||50|,,,,,Electric]Kingdra||LifeOrb|SwiftSwim|Protect,DracoMeteor,WeatherBall,MuddyWater|||F|||50|,,,,,Stellar]Politoed||Leftovers|Drizzle|Protect,WeatherBall,PerishSong,Encore|||M|||50|,,,,,Grass]Incineroar||SafetyGoggles|Intimidate|FakeOut,KnockOff,PartingShot,Protect|||M|||50|,,,,,Ghost]Gothitelle||SitrusBerry|ShadowTag|Protect,Psychic,FakeOut,TrickRoom|||F|||50|,,,,,Dark]Amoonguss||EjectButton|Regenerator|Protect,RagePowder,Spore,PollenPuff|||F|||50|,,,,,Fairy
|
|t:|1756670579
|teamsize|p1|4
|teamsize|p2|4
|start
|switch|p1a: Kingambit|Kingambit, L50, M|100/100
|switch|p1b: Indeedee|Indeedee-F, L50, F|100/100
|switch|p2a: Kingdra|Kingdra, L50, F|100/100
|switch|p2b: Politoed|Politoed, L50, M|100/100
|-fieldstart|move: Psychic Terrain|[from] ability: Psychic Surge|[of] p1b: Indeedee
|-weather|RainDance|[from] ability: Drizzle|[of] p2b: Politoed
|turn|1
|
|t:|1756670607
|move|p2a: Kingdra|Weather Ball|p1a: Kingambit
|-damage|p1a: Kingambit|35/100
|-damage|p2a: Kingdra|91/100|[from] item: Life Orb
|move|p1b: Indeedee|Dazzling Gleam|p2b: Politoed|[spread] p2a,p2b
|-supereffective|p2a: Kingdra
|-damage|p2a: Kingdra|57/100
|-damage|p2b: Politoed|91/100
|move|p2b: Politoed|Perish Song|p2b: Politoed
|-start|p1a: Kingambit|perish3|[silent]
|-start|p1b: Indeedee|perish3|[silent]
|-start|p2a: Kingdra|perish3|[silent]
|-start|p2b: Politoed|perish3|[silent]
|-fieldactivate|move: Perish Song
|move|p1a: Kingambit|Kowtow Cleave|p2a: Kingdra
|-damage|p2a: Kingdra|0 fnt
|faint|p2a: Kingdra
|
|-weather|RainDance|[upkeep]
|-heal|p2b: Politoed|97/100|[from] item: Leftovers
|-start|p1b: Indeedee|perish3
|-start|p2b: Politoed|perish3
|-start|p1a: Kingambit|perish3
|upkeep
|
|t:|1756670616
|switch|p2a: Gothitelle|Gothitelle, L50, F|100/100
|turn|2
|
|t:|1756670637
|switch|p2b: Amoonguss|Amoonguss, L50, F|100/100
|-terastallize|p2a: Gothitelle|Dark
|move|p1b: Indeedee|Dazzling Gleam|p2a: Gothitelle|[spread] p2a,p2b
|-supereffective|p2a: Gothitelle
|-resisted|p2b: Amoonguss
|-damage|p2a: Gothitelle|82/100
|-damage|p2b: Amoonguss|95/100
|-enditem|p2b: Amoonguss|Eject Button
|
|t:|1756670642
|switch|p2b: Politoed|Politoed, L50, M|97/100
|move|p1a: Kingambit|Kowtow Cleave|p2b: Politoed
|-damage|p2b: Politoed|48/100
|move|p2a: Gothitelle|Trick Room|p2a: Gothitelle
|-fieldstart|move: Trick Room|[of] p2a: Gothitelle
|
|-weather|RainDance|[upkeep]
|-heal|p2b: Politoed|54/100|[from] item: Leftovers
|-start|p1a: Kingambit|perish2
|-start|p1b: Indeedee|perish2
|upkeep
|turn|3
|
|t:|1756670661
|move|p2a: Gothitelle|Psychic|p1b: Indeedee
|-resisted|p1b: Indeedee
|-damage|p1b: Indeedee|80/100
|move|p1a: Kingambit|Low Kick|p2a: Gothitelle
|-supereffective|p2a: Gothitelle
|-damage|p2a: Gothitelle|41/100
|-enditem|p2a: Gothitelle|Sitrus Berry|[eat]
|-heal|p2a: Gothitelle|65/100|[from] item: Sitrus Berry
|move|p2b: Politoed|Weather Ball|p1a: Kingambit
|-damage|p1a: Kingambit|0 fnt
|faint|p1a: Kingambit
|move|p1b: Indeedee|Trick Room|p1b: Indeedee
|-fieldend|move: Trick Room
|
|-weather|RainDance|[upkeep]
|-heal|p2b: Politoed|60/100|[from] item: Leftovers
|-start|p1b: Indeedee|perish1
|upkeep
|
|t:|1756670674
|switch|p1a: Sneasler|Sneasler, L50, M|100/100
|turn|4
|
|t:|1756670688
|switch|p2a: Amoonguss|Amoonguss, L50, F|100/100
|move|p1b: Indeedee|Follow Me|p1b: Indeedee
|-singleturn|p1b: Indeedee|move: Follow Me
|move|p1a: Sneasler|Dire Claw|p2b: Politoed
|-damage|p2b: Politoed|8/100
|move|p2b: Politoed|Weather Ball|p1b: Indeedee
|-damage|p1b: Indeedee|31/100
|
|-weather|RainDance|[upkeep]
|-heal|p2b: Politoed|14/100|[from] item: Leftovers
|-start|p1b: Indeedee|perish0
|faint|p1b: Indeedee
|upkeep
|
|t:|1756670698
|switch|p1b: Armarouge|Armarouge, L50, M|100/100
|turn|5
|
|t:|1756670730
|switch|p2b: Gothitelle|Gothitelle, L50, F, tera:Dark|65/100
|move|p1b: Armarouge|Expanding Force|p2a: Amoonguss|[spread] p2a
|-immune|p2b: Gothitelle
|-supereffective|p2a: Amoonguss
|-damage|p2a: Amoonguss|0 fnt
|faint|p2a: Amoonguss
|move|p1a: Sneasler|Dire Claw|p2b: Gothitelle
|-damage|p2b: Gothitelle|20/100
|-status|p2b: Gothitelle|par
|
|-weather|none
|-fieldend|move: Psychic Terrain
|upkeep
|
|t:|1756670732
|switch|p2a: Politoed|Politoed, L50, M|14/100
|-weather|RainDance|[from] ability: Drizzle|[of] p2a: Politoed
|turn|6
|-message|malo maalez forfeited.
|
|win|Tinged
