|j|☆Volanvgc
|j|☆dcerza127
|html|Volanvgcdcerza127    
|uhtml|bestof|Game 3 of a best-of-3
|t:|1754529349
|gametype|doubles
|player|p1|Volanvgc|veteranf|1233
|player|p2|dcerza127|170|1341
|gen|9
|tier|[Gen 9] VGC 2025 Reg H (Bo3)
|rated|
|rule|Species Clause: Limit one of each Pokémon
|rule|Item Clause: Limit 1 of each item
|clearpoke
|poke|p1|Archaludon, L50, F|
|poke|p1|Sinistcha-Masterpiece, L50|
|poke|p1|Dragonite, L50, F|
|poke|p1|Pelipper, L50, M|
|poke|p1|Gholdengo, L50|
|poke|p1|Ursaluna, L50, F|
|poke|p2|Meowscarada, L50, M|
|poke|p2|Primarina, L50, F|
|poke|p2|Sneasler, L50, F|
|poke|p2|Indeedee, L50, M|
|poke|p2|Ursaluna-Bloodmoon, L50, M|
|poke|p2|Gholdengo, L50|
|teampreview|4
|showteam|p1|Archaludon||AssaultVest|Stamina|ElectroShot,FlashCannon,Snarl,BodyPress|||F|||50|,,,,,Grass]Sinistcha-Masterpiece||SitrusBerry|Hospitality|MatchaGotcha,TrickRoom,RagePowder,LifeDew||||||50|,,,,,Dark]Dragonite||LoadedDice|InnerFocus|ScaleShot,Tailwind,Haze,Protect|||F|||50|,,,,,Steel]Pelipper||FocusSash|Drizzle|WeatherBall,Tailwind,Protect,Hurricane|||M|||50|,,,,,Ghost]Gholdengo||ChoiceScarf|GoodasGold|MakeItRain,ShadowBall,Trick,TeraBlast||||||50|,,,,,Water]Ursaluna||FlameOrb|Guts|Earthquake,HeadlongRush,Facade,Protect|||F|||50|,,,,,Ghost
|showteam|p2|Meowscarada||FocusSash|Overgrow|GrassPledge,FlowerTrick,KnockOff,Protect|||M|||50|,,,,,Ghost]Primarina||CovertCloak|LiquidVoice|WaterPledge,HyperVoice,Moonblast,Protect|||F|||50|,,,,,Poison]Sneasler||PsychicSeed|Unburden|DireClaw,CloseCombat,ThroatChop,Protect|||F|||50|,,,,,Dark]Indeedee||SafetyGoggles|PsychicSurge|ExpandingForce,Imprison,TrickRoom,Protect|||M|||50|,,,,,Fairy]Ursaluna-Bloodmoon||LifeOrb|MindsEye|HyperVoice,BloodMoon,EarthPower,Protect|||M|||50|,,,,,Normal]Gholdengo||Leftovers|GoodasGold|MakeItRain,ShadowBall,NastyPlot,Protect||||||50|,,,,,Steel
|inactive|Battle timer is ON: inactive players will automatically lose when time's up. (requested by dcerza127)
|inactive|dcerza127 has 60 seconds left.
|
|t:|1754529406
|teamsize|p1|4
|teamsize|p2|4
|start
|switch|p1a: Archaludon|Archaludon, L50, F|100/100
|switch|p1b: Pelipper|Pelipper, L50, M|100/100
|switch|p2a: Meowscarada|Meowscarada, L50, M|100/100
|switch|p2b: Primarina|Primarina, L50, F|100/100
|-weather|RainDance|[from] ability: Drizzle|[of] p1b: Pelipper
|turn|1
|
|t:|1754529426
|-terastallize|p2b: Primarina|Poison
|move|p2a: Meowscarada|Grass Pledge|p1b: Pelipper
|-waiting|p2a: Meowscarada|p2b: Primarina
|move|p2b: Primarina|Water Pledge|p1b: Pelipper|[from] move: Grass Pledge
|-combine
|-enditem|p1b: Pelipper|Focus Sash
|-damage|p1b: Pelipper|1/100
|-sidestart|p1: Volanvgc|Grass Pledge
|move|p1b: Pelipper|Hurricane|p2b: Primarina
|-damage|p2b: Primarina|64/100
|move|p1a: Archaludon|Electro Shot||[still]
|-prepare|p1a: Archaludon|Electro Shot
|-boost|p1a: Archaludon|spa|1
|-anim|p1a: Archaludon|Electro Shot|p2b: Primarina
|-damage|p2b: Primarina|20/100
|
|-weather|RainDance|[upkeep]
|upkeep
|turn|2
|inactive|Volanvgc has 30 seconds left.
|
|t:|1754529452
|move|p1b: Pelipper|Protect|p1b: Pelipper
|-singleturn|p1b: Pelipper|Protect
|move|p2a: Meowscarada|Knock Off|p1a: Archaludon
|-damage|p1a: Archaludon|70/100
|-ability|p1a: Archaludon|Stamina|boost
|-boost|p1a: Archaludon|def|1
|-enditem|p1a: Archaludon|Assault Vest|[from] move: Knock Off|[of] p2a: Meowscarada
|move|p2b: Primarina|Moonblast|p1a: Archaludon
|-damage|p1a: Archaludon|19/100
|-unboost|p1a: Archaludon|spa|1
|-ability|p1a: Archaludon|Stamina|boost
|-boost|p1a: Archaludon|def|1
|move|p1a: Archaludon|Body Press|p2a: Meowscarada
|-supereffective|p2a: Meowscarada
|-enditem|p2a: Meowscarada|Focus Sash
|-damage|p2a: Meowscarada|1/100
|
|-weather|RainDance|[upkeep]
|upkeep
|turn|3
|
|t:|1754529471
|switch|p1a: Sinistcha|Sinistcha-Masterpiece, L50|100/100
|-heal|p1b: Pelipper|26/100|[from] ability: Hospitality|[of] p1a: Sinistcha
|move|p1b: Pelipper|Protect||[still]
|-fail|p1b: Pelipper
|move|p2a: Meowscarada|Knock Off|p1b: Pelipper
|-damage|p1b: Pelipper|0 fnt
|faint|p1b: Pelipper
|move|p2b: Primarina|Moonblast|p1a: Sinistcha
|-damage|p1a: Sinistcha|57/100
|
|-weather|RainDance|[upkeep]
|upkeep
|
|t:|1754529477
|switch|p1b: Archaludon|Archaludon, L50, F|19/100
|turn|4
|inactive|Volanvgc has 30 seconds left.
|
|t:|1754529507
|-terastallize|p1a: Sinistcha|Dark
|move|p2a: Meowscarada|Knock Off|p1a: Sinistcha
|-resisted|p1a: Sinistcha
|-damage|p1a: Sinistcha|38/100
|-enditem|p1a: Sinistcha|Sitrus Berry|[from] move: Knock Off|[of] p2a: Meowscarada
|move|p2b: Primarina|Moonblast|p1b: Archaludon
|-damage|p1b: Archaludon|0 fnt
|faint|p1b: Archaludon
|move|p1a: Sinistcha|Matcha Gotcha|p2a: Meowscarada|[spread] p2a,p2b
|-resisted|p2a: Meowscarada
|-resisted|p2b: Primarina
|-damage|p2a: Meowscarada|0 fnt
|-heal|p1a: Sinistcha|38/100|[from] drain|[of] p2a: Meowscarada
|-damage|p2b: Primarina|9/100
|-heal|p1a: Sinistcha|44/100|[from] drain|[of] p2b: Primarina
|faint|p2a: Meowscarada
|
|-weather|RainDance|[upkeep]
|-sideend|p1: Volanvgc|Grass Pledge
|upkeep
|
|t:|1754529525
|switch|p2a: Sneasler|Sneasler, L50, F|100/100
|switch|p1b: Gholdengo|Gholdengo, L50|100/100
|turn|5
|
|t:|1754529542
|move|p2b: Primarina|Protect|p2b: Primarina
|-singleturn|p2b: Primarina|Protect
|move|p1b: Gholdengo|Make It Rain|p2a: Sneasler|[spread] p2a
|-activate|p2b: Primarina|move: Protect
|-damage|p2a: Sneasler|27/100
|-unboost|p1b: Gholdengo|spa|1
|move|p2a: Sneasler|Close Combat|p1a: Sinistcha
|-supereffective|p1a: Sinistcha
|-damage|p1a: Sinistcha|0 fnt
|-unboost|p2a: Sneasler|def|1
|-unboost|p2a: Sneasler|spd|1
|faint|p1a: Sinistcha
|
|-weather|none
|upkeep
|turn|6
|
|t:|1754529556
|move|p2a: Sneasler|Protect|p2a: Sneasler
|-singleturn|p2a: Sneasler|Protect
|move|p1b: Gholdengo|Make It Rain|p2a: Sneasler|[spread] p2b
|-activate|p2a: Sneasler|move: Protect
|-damage|p2b: Primarina|0 fnt
|-unboost|p1b: Gholdengo|spa|1
|faint|p2b: Primarina
|
|upkeep
|
|t:|1754529565
|switch|p2b: Ursaluna|Ursaluna-Bloodmoon, L50, M|100/100
|turn|7
|
|t:|1754529572
|move|p1b: Gholdengo|Make It Rain|p2a: Sneasler|[spread] p2a,p2b
|-damage|p2a: Sneasler|0 fnt
|-damage|p2b: Ursaluna|75/100
|-unboost|p1b: Gholdengo|spa|1
|faint|p2a: Sneasler
|move|p2b: Ursaluna|Earth Power|p1b: Gholdengo
|-supereffective|p1b: Gholdengo
|-damage|p1b: Gholdengo|0 fnt
|faint|p1b: Gholdengo
|-damage|p2b: Ursaluna|65/100|[from] item: Life Orb
|
|win|dcerza127
|raw|Volanvgc's rating: 1233 → 1216(-17 for losing)
|raw|dcerza127's rating: 1341 → 1355(+14 for winning)
|l|☆Volanvgc
|player|p1|
|j|☆Volanvgc
|player|p1|Volanvgc|veteranf|
