|j|☆satandagiii2005
|j|☆imptumnus
|html|satandagiii2005imptumnus    
|uhtml|bestof|Game 1 of a best-of-3
|t:|1784297189
|gametype|doubles
|player|p1|satandagiii2005|byron|1179
|player|p2|imptumnus|marlon|1101
|gen|9
|tier|[Gen 9 Champions] VGC 2026 Reg M-B (Bo3)
|rated|
|rule|Species Clause: Limit one of each Pokémon
|rule|Item Clause: Limit 1 of each item
|clearpoke
|poke|p1|Venusaur, L50, F|
|poke|p1|Grimmsnarl, L50, M|
|poke|p1|Pelipper, L50, F|
|poke|p1|Archaludon, L50, F|
|poke|p1|Swampert, L50, M|
|poke|p1|Hydreigon, L50, M|
|poke|p2|Milotic, L50, F, shiny|
|poke|p2|Incineroar, L50, F|
|poke|p2|Sinistcha, L50|
|poke|p2|Ceruledge, L50, M|
|poke|p2|Mawile, L50, F|
|poke|p2|Raichu, L50, M|
|teampreview|4
|showteam|p1|Venusaur||Venusaurite|Overgrow|Protect,EarthPower,GigaDrain,SludgeBomb|Modest||F|||50|]Grimmsnarl||LightClay|Prankster|SpiritBreak,Reflect,LightScreen,PartingShot|Careful||M|||50|]Pelipper||SitrusBerry|Drizzle|WeatherBall,Hurricane,Tailwind,WideGuard|Modest||F|||50|]Archaludon||Leftovers|Stamina|Protect,ElectroShot,DragonPulse,FlashCannon|Calm||F|||50|]Swampert||Swampertite|Torrent|Protect,WaveCrash,Earthquake,IcePunch|Adamant||M|||50|]Hydreigon||ChoiceScarf|Levitate|DarkPulse,Snarl,DracoMeteor,Uturn|Timid||M|||50|
|showteam|p2|Milotic||Leftovers|Competitive|Protect,MuddyWater,Hypnosis,Coil|Bold||F|||50|]Incineroar||SitrusBerry|Intimidate|FlareBlitz,FakeOut,PartingShot,ThroatChop|Careful||F|||50|]Sinistcha||KasibBerry|Hospitality|MatchaGotcha,LifeDew,TrickRoom,RagePowder|Bold|||||50|]Ceruledge||ColburBerry|FlashFire|BitterBlade,BulkUp,Protect,ShadowSneak|Adamant||M|||50|]Mawile||Mawilite|HyperCutter|PlayRough,IronHead,SuckerPunch,Protect|Brave||F|||50|]Raichu||RaichuniteY|LightningRod|FakeOut,FocusBlast,ZapCannon,Protect|Timid||M|||50|
|c|☆imptumnus|glhf
|
|t:|1784297249
|teamsize|p1|4
|teamsize|p2|4
|start
|switch|p1a: Venusaur|Venusaur, L50, F|100/100
|switch|p1b: Grimmsnarl|Grimmsnarl, L50, M|100/100
|switch|p2a: Incineroar|Incineroar, L50, F|100/100
|switch|p2b: Raichu|Raichu, L50, M|100/100
|-ability|p2a: Incineroar|Intimidate|boost
|-unboost|p1a: Venusaur|atk|1
|-unboost|p1b: Grimmsnarl|atk|1
|turn|1
|inactive|Battle timer is ON: inactive players will automatically lose when time's up. (requested by satandagiii2005)
|c|☆satandagiii2005|glhf
|
|t:|1784297274
|detailschange|p1a: Venusaur|Venusaur-Mega, L50, F
|-mega|p1a: Venusaur|Venusaur|Venusaurite
|move|p2b: Raichu|Fake Out|p1a: Venusaur
|-damage|p1a: Venusaur|93/100
|move|p2a: Incineroar|Fake Out|p1b: Grimmsnarl
|-damage|p1b: Grimmsnarl|87/100
|cant|p1b: Grimmsnarl|flinch
|cant|p1a: Venusaur|flinch
|
|upkeep
|turn|2
|
|t:|1784297290
|detailschange|p2b: Raichu|Raichu-Mega-Y, L50, M
|-mega|p2b: Raichu|Raichu|Raichunite Y
|move|p1b: Grimmsnarl|Light Screen|p1b: Grimmsnarl
|-sidestart|p1: satandagiii2005|move: Light Screen
|move|p2b: Raichu|Focus Blast|p1b: Grimmsnarl
|-damage|p1b: Grimmsnarl|64/100
|move|p1a: Venusaur|Earth Power|p2b: Raichu
|-supereffective|p2b: Raichu|1
|-damage|p2b: Raichu|20/100r
|move|p2a: Incineroar|Parting Shot|p1a: Venusaur
|-unboost|p1a: Venusaur|atk|1
|-unboost|p1a: Venusaur|spa|1
|
|t:|1784297300
|switch|p2a: Sinistcha|Sinistcha, L50|100/100|[from] Parting Shot
|-heal|p2b: Raichu|44/100|[from] ability: Hospitality|[of] p2a: Sinistcha
|
|upkeep
|turn|3
|
|t:|1784297314
|move|p2b: Raichu|Protect|p2b: Raichu
|-singleturn|p2b: Raichu|Protect
|move|p1b: Grimmsnarl|Parting Shot|p2b: Raichu
|-activate|p2b: Raichu|move: Protect
|move|p1a: Venusaur|Sludge Bomb|p2a: Sinistcha
|-damage|p2a: Sinistcha|71/100
|move|p2a: Sinistcha|Life Dew|p2a: Sinistcha|[spread] p2a,p2b
|-heal|p2a: Sinistcha|96/100
|-heal|p2b: Raichu|69/100
|
|upkeep
|turn|4
|inactive|imptumnus has 30 seconds left.
|
|t:|1784297344
|switch|p2b: Incineroar|Incineroar, L50, F|100/100
|-ability|p2b: Incineroar|Intimidate|boost
|-unboost|p1a: Venusaur|atk|1
|-unboost|p1b: Grimmsnarl|atk|1
|switch|p1a: Pelipper|Pelipper, L50, F|100/100
|-weather|RainDance|[from] ability: Drizzle|[of] p1a: Pelipper
|move|p1b: Grimmsnarl|Parting Shot|p2b: Incineroar
|-hint|Since gen 7, Dark is immune to Prankster moves.
|-immune|p2b: Incineroar
|move|p2a: Sinistcha|Matcha Gotcha|p1a: Pelipper|[spread] p1a,p1b
|-damage|p1a: Pelipper|80/100
|-heal|p2a: Sinistcha|100/100|[from] drain|[of] p1a: Pelipper
|-damage|p1b: Grimmsnarl|52/100
|
|-weather|RainDance|[upkeep]
|upkeep
|turn|5
|inactive|satandagiii2005 has 30 seconds left.
|inactive|imptumnus has 30 seconds left.
|
|t:|1784297372
|move|p2b: Incineroar|Fake Out|p1a: Pelipper
|-damage|p1a: Pelipper|70/100
|move|p1b: Grimmsnarl|Parting Shot|p2b: Incineroar
|-hint|Since gen 7, Dark is immune to Prankster moves.
|-immune|p2b: Incineroar
|cant|p1a: Pelipper|flinch
|move|p2a: Sinistcha|Matcha Gotcha|p1a: Pelipper|[spread] p1a,p1b
|-damage|p1a: Pelipper|52/100
|-damage|p1b: Grimmsnarl|41/100
|
|-weather|RainDance|[upkeep]
|upkeep
|turn|6
|
|t:|1784297388
|move|p1b: Grimmsnarl|Parting Shot|p2a: Sinistcha
|-unboost|p2a: Sinistcha|atk|1
|-unboost|p2a: Sinistcha|spa|1
|
|t:|1784297391
|switch|p1b: Venusaur|Venusaur-Mega, L50, F|93/100|[from] Parting Shot
|move|p1a: Pelipper|Hurricane|p2a: Sinistcha
|-supereffective|p2a: Sinistcha|1
|-damage|p2a: Sinistcha|19/100
|-start|p2a: Sinistcha|confusion
|-activate|p2a: Sinistcha|confusion
|move|p2a: Sinistcha|Matcha Gotcha|p1b: Venusaur|[spread] p1a,p1b
|-resisted|p1b: Venusaur|2
|-damage|p1a: Pelipper|39/100
|-heal|p2a: Sinistcha|25/100|[from] drain|[of] p1a: Pelipper
|-damage|p1b: Venusaur|91/100
|-heal|p2a: Sinistcha|26/100|[from] drain|[of] p1b: Venusaur
|-enditem|p1a: Pelipper|Sitrus Berry|[eat]
|-heal|p1a: Pelipper|63/100|[from] item: Sitrus Berry
|move|p2b: Incineroar|Throat Chop|p1a: Pelipper
|-damage|p1a: Pelipper|27/100
|-start|p1a: Pelipper|Throat Chop|[silent]
|
|-weather|RainDance|[upkeep]
|upkeep
|turn|7
|inactive|imptumnus has 30 seconds left.
|
|t:|1784297419
|switch|p1a: Hydreigon|Hydreigon, L50, M|100/100
|move|p1b: Venusaur|Sludge Bomb|p2a: Sinistcha
|-damage|p2a: Sinistcha|0 fnt
|faint|p2a: Sinistcha
|move|p2b: Incineroar|Throat Chop|p1b: Venusaur
|-damage|p1b: Venusaur|63/100
|-start|p1b: Venusaur|Throat Chop|[silent]
|
|-weather|RainDance|[upkeep]
|upkeep
|
|t:|1784297429
|switch|p2a: Milotic|Milotic, L50, F, shiny|100/100
|turn|8
|
|t:|1784297442
|move|p2a: Milotic|Protect|p2a: Milotic
|-singleturn|p2a: Milotic|Protect
|move|p1a: Hydreigon|U-turn|p2b: Incineroar
|-damage|p2b: Incineroar|88/100
|
|t:|1784297446
|switch|p1a: Grimmsnarl|Grimmsnarl, L50, M|41/100|[from] U-turn
|move|p1b: Venusaur|Earth Power|p2b: Incineroar
|-supereffective|p2b: Incineroar|1
|-crit|p2b: Incineroar
|-damage|p2b: Incineroar|17/100
|-enditem|p2b: Incineroar|Sitrus Berry|[eat]
|-heal|p2b: Incineroar|42/100|[from] item: Sitrus Berry
|move|p2b: Incineroar|Throat Chop|p1b: Venusaur
|-damage|p1b: Venusaur|36/100
|
|-weather|none
|-end|p1b: Venusaur|Throat Chop|[silent]
|upkeep
|turn|9
|inactive|imptumnus has 30 seconds left.
|inactive|imptumnus has 20 seconds left.
|
|t:|1784297482
|switch|p1a: Hydreigon|Hydreigon, L50, M|100/100
|move|p1b: Venusaur|Giga Drain|p2a: Milotic
|-supereffective|p2a: Milotic|1
|-crit|p2a: Milotic
|-damage|p2a: Milotic|19/100
|-heal|p1b: Venusaur|83/100|[from] drain|[of] p2a: Milotic
|move|p2a: Milotic|Coil|p2a: Milotic
|-boost|p2a: Milotic|atk|1
|-boost|p2a: Milotic|def|1
|-boost|p2a: Milotic|accuracy|1
|move|p2b: Incineroar|Parting Shot|p1b: Venusaur
|-unboost|p1b: Venusaur|atk|1
|-unboost|p1b: Venusaur|spa|1
|
|t:|1784297496
|switch|p2b: Raichu|Raichu-Mega-Y, L50, M|69/100|[from] Parting Shot
|
|-heal|p2a: Milotic|25/100|[from] item: Leftovers
|-sideend|p1: satandagiii2005|move: Light Screen
|upkeep
|turn|10
|
|t:|1784297513
|move|p2b: Raichu|Fake Out|p1b: Venusaur
|-damage|p1b: Venusaur|75/100
|move|p1a: Hydreigon|Dark Pulse|p2a: Milotic
|-damage|p2a: Milotic|0 fnt
|faint|p2a: Milotic
|cant|p1b: Venusaur|flinch
|
|upkeep
|
|t:|1784297520
|switch|p2a: Incineroar|Incineroar, L50, F|42/100
|-ability|p2a: Incineroar|Intimidate|boost
|-unboost|p1a: Hydreigon|atk|1
|-unboost|p1b: Venusaur|atk|1
|turn|11
|
|t:|1784297528
|switch|p1a: Grimmsnarl|Grimmsnarl, L50, M|41/100
|switch|p1b: Pelipper|Pelipper, L50, F|27/100
|-weather|RainDance|[from] ability: Drizzle|[of] p1b: Pelipper
|move|p2a: Incineroar|Fake Out|p1b: Pelipper
|-damage|p1b: Pelipper|15/100
|move|p2b: Raichu|Focus Blast|p1a: Grimmsnarl
|-damage|p1a: Grimmsnarl|8/100
|
|-weather|RainDance|[upkeep]
|upkeep
|turn|12
|
|t:|1784297550
|move|p2b: Raichu|Protect|p2b: Raichu
|-singleturn|p2b: Raichu|Protect
|move|p1a: Grimmsnarl|Light Screen|p1a: Grimmsnarl
|-sidestart|p1: satandagiii2005|move: Light Screen
|move|p1b: Pelipper|Tailwind|p1b: Pelipper
|-sidestart|p1: satandagiii2005|move: Tailwind
|move|p2a: Incineroar|Throat Chop|p1b: Pelipper
|-damage|p1b: Pelipper|0 fnt
|faint|p1b: Pelipper
|
|-weather|RainDance|[upkeep]
|upkeep
|
|t:|1784297561
|switch|p1b: Venusaur|Venusaur-Mega, L50, F|75/100
|turn|13
|-message|imptumnus forfeited.
|
|win|satandagiii2005
|raw|satandagiii2005's rating: 1179 → 1198(+19 for winning)
|raw|imptumnus's rating: 1101 → 1082(-19 for losing)
|l|☆imptumnus
|player|p2|
