|j|â˜†qwhat123
|j|â˜†OmarWott
|html|qwhat123OmarWott    
|uhtml|bestof|Game 3 of a best-of-3
|t:|1757903957
|gametype|doubles
|player|p1|qwhat123|harlequin|
|player|p2|OmarWott|n|
|gen|9
|tier|[Gen 9] VGC 2025 Reg H (Bo3)
|rule|Tera Type Preview: Tera Types are shown at Team Preview
|rule|Species Clause: Limit one of each PokÃ©mon
|rule|Item Clause: Limit 1 of each item
|raw|2 custom rules: Tera Type Preview, !Force Open Team Sheets
|clearpoke
|poke|p1|Garchomp, L50, F|
|poke|p1|Cryogonal, L50|
|poke|p1|Tsareena, L50, F|
|poke|p1|Talonflame, L50, M|
|poke|p1|Basculegion, L50, M|
|poke|p1|Toxtricity-Low-Key, L50, M|
|poke|p2|Grimmsnarl, L50, M|
|poke|p2|Typhlosion-Hisui, L50, M|
|poke|p2|Braviary, L50, M|
|poke|p2|Magnezone, L50|
|poke|p2|Rillaboom, L50, F|
|poke|p2|Milotic, L50, F|
|raw|qwhat123's Tera Types: /  /  /  /  / 
|raw|OmarWott's Tera Types: /  /  /  /  / 
|teampreview|4
|
|t:|1757903998
|teamsize|p1|4
|teamsize|p2|4
|start
|switch|p1a: Talonflame|Talonflame, L50, M|100/100
|switch|p1b: Tsareena|Tsareena, L50, F|100/100
|switch|p2a: à¶žà¶ž|Typhlosion-Hisui, L50, M|100/100
|switch|p2b: à¶žà¶žà¶žà¶ž|Magnezone, L50|100/100
|-item|p1a: Talonflame|Mental Herb|[from] ability: Frisk|[of] p2a: à¶žà¶ž
|-item|p1b: Tsareena|Leftovers|[from] ability: Frisk|[of] p2a: à¶žà¶ž
|turn|1
|j| Jewelpet2002
|
|t:|1757904032
|move|p1b: Tsareena|Protect|p1b: Tsareena
|-singleturn|p1b: Tsareena|Protect
|move|p1a: Talonflame|Tailwind|p1a: Talonflame
|-sidestart|p1: qwhat123|move: Tailwind
|move|p2a: à¶žà¶ž|Shadow Ball|p1a: Talonflame
|-damage|p1a: Talonflame|0 fnt
|faint|p1a: Talonflame
|move|p2b: à¶žà¶žà¶žà¶ž|Thunder Wave|p1b: Tsareena
|-activate|p1b: Tsareena|move: Protect
|
|upkeep
|
|t:|1757904044
|switch|p1a: Garchomp|Garchomp, L50, F|100/100
|turn|2
|
|t:|1757904061
|-terastallize|p2b: à¶žà¶žà¶žà¶ž|Normal
|move|p1a: Garchomp|Stomping Tantrum|p2b: à¶žà¶žà¶žà¶ž
|-damage|p2b: à¶žà¶žà¶žà¶ž|63/100
|move|p1b: Tsareena|High Jump Kick|p2b: à¶žà¶žà¶žà¶ž
|-supereffective|p2b: à¶žà¶žà¶žà¶ž
|-damage|p2b: à¶žà¶žà¶žà¶ž|0 fnt
|faint|p2b: à¶žà¶žà¶žà¶ž
|move|p2a: à¶žà¶ž|Shadow Ball|p1a: Garchomp
|-damage|p1a: Garchomp|40/100
|
|upkeep
|c|â˜†OmarWott|MY GIMMICK
|c|â˜†qwhat123|MWAHAHA
|
|t:|1757904085
|switch|p2b: à¶žà¶žà¶ž|Braviary, L50, M|100/100
|turn|3
|
|t:|1757904101
|switch|p2a: à¶žà¶žà¶žà¶žà¶ž|Rillaboom, L50, F|100/100
|-fieldstart|move: Grassy Terrain|[from] ability: Grassy Surge|[of] p2a: à¶žà¶žà¶žà¶žà¶ž
|move|p1a: Garchomp|Stomping Tantrum|p2a: à¶žà¶žà¶žà¶žà¶ž
|-resisted|p2a: à¶žà¶žà¶žà¶žà¶ž
|-damage|p2a: à¶žà¶žà¶žà¶žà¶ž|84/100
|move|p1b: Tsareena|Knock Off|p2a: à¶žà¶žà¶žà¶žà¶ž
|-damage|p2a: à¶žà¶žà¶žà¶žà¶ž|51/100
|-enditem|p2a: à¶žà¶žà¶žà¶žà¶ž|Assault Vest|[from] move: Knock Off|[of] p1b: Tsareena
|move|p2b: à¶žà¶žà¶ž|Brave Bird|p1a: Garchomp
|-damage|p1a: Garchomp|0 fnt
|-damage|p2b: à¶žà¶žà¶ž|88/100|[from] ability: Rough Skin|[of] p1a: Garchomp
|faint|p1a: Garchomp
|-damage|p2b: à¶žà¶žà¶ž|75/100|[from] Recoil
|-damage|p2b: à¶žà¶žà¶ž|65/100|[from] item: Life Orb
|
|-heal|p2a: à¶žà¶žà¶žà¶žà¶ž|57/100|[from] Grassy Terrain
|upkeep
|
|t:|1757904120
|switch|p1a: Basculegion|Basculegion, L50, M|100/100
|turn|4
|
|t:|1757904164
|-terastallize|p1a: Basculegion|Water
|move|p1a: Basculegion|Wave Crash|p2b: à¶žà¶žà¶ž
|-damage|p2b: à¶žà¶žà¶ž|0 fnt
|faint|p2b: à¶žà¶žà¶ž
|-damage|p1a: Basculegion|83/100|[from] Recoil
|move|p1b: Tsareena|High Jump Kick|p2a: à¶žà¶žà¶žà¶žà¶ž
|-damage|p2a: à¶žà¶žà¶žà¶žà¶ž|15/100
|move|p2a: à¶žà¶žà¶žà¶žà¶ž|Wood Hammer|p1a: Basculegion
|-supereffective|p1a: Basculegion
|-damage|p1a: Basculegion|0 fnt
|faint|p1a: Basculegion
|-damage|p2a: à¶žà¶žà¶žà¶žà¶ž|0 fnt|[from] Recoil
|faint|p2a: à¶žà¶žà¶žà¶žà¶ž
|
|-sideend|p1: qwhat123|move: Tailwind
|upkeep
|
|t:|1757904179
|switch|p2a: à¶žà¶ž|Typhlosion-Hisui, L50, M|100/100
|-item|p1b: Tsareena|Leftovers|[from] ability: Frisk|[of] p2a: à¶žà¶ž
|turn|5
|c|â˜†qwhat123|ggs i dont think i kill
|
|t:|1757904186
|move|p2a: à¶žà¶ž|Eruption|p1b: Tsareena
|-supereffective|p1b: Tsareena
|-damage|p1b: Tsareena|0 fnt
|faint|p1b: Tsareena
|
|win|OmarWott
|c|â˜†qwhat123|ggs
|c|â˜†OmarWott|ggs
|c|â˜†OmarWott|was a funny
|c|â˜†qwhat123|indeed
|c|â˜†qwhat123|do you have replays or i do
