|j|☆Olciax34
|j|☆nutbuster151
|html|Olciax34nutbuster151    
|uhtml|bestof|Game 2 of a best-of-3
|t:|1784452342
|gametype|doubles
|player|p1|Olciax34|clair|1329
|player|p2|nutbuster151|acetrainer|1292
|gen|9
|tier|[Gen 9 Champions] VGC 2026 Reg M-B (Bo3)
|rated|
|rule|Species Clause: Limit one of each Pokémon
|rule|Item Clause: Limit 1 of each item
|clearpoke
|poke|p1|Garchomp, L50, F|
|poke|p1|Whimsicott, L50, M|
|poke|p1|Aegislash, L50, M|
|poke|p1|Incineroar, L50, F|
|poke|p1|Charizard, L50, M|
|poke|p1|Floette-Eternal, L50, F|
|poke|p2|Aerodactyl, L50, F, shiny|
|poke|p2|Kingambit, L50, M, shiny|
|poke|p2|Sylveon, L50, M, shiny|
|poke|p2|Garchomp, L50, M, shiny|
|poke|p2|Charizard, L50, F, shiny|
|poke|p2|Incineroar, L50, F, shiny|
|teampreview|4
|showteam|p1|Garchomp||LifeOrb|RoughSkin|RockSlide,Earthquake,DragonClaw,Protect|Jolly||F|||50|]Whimsicott||FocusSash|Prankster|Moonblast,Tailwind,Encore,Protect|Timid||M|||50|]Aegislash||SpellTag|StanceChange|Poltergeist,IronHead,WideGuard,KingsShield|Adamant||M|||50|]Incineroar||SitrusBerry|Intimidate|FakeOut,ThroatChop,FlareBlitz,PartingShot|Careful||F|||50|]Charizard||CharizarditeY|SolarPower|HeatWave,WeatherBall,SolarBeam,Protect|Modest||M|||50|]Floette-Eternal||Floettite|FlowerVeil|Moonblast,DrainingKiss,CalmMind,Protect|Modest||F|||50|
|showteam|p2|Aerodactyl||Aerodactylite|Unnerve|RockSlide,IceFang,Tailwind,WideGuard|Jolly||F|||50|]Kingambit||FocusSash|Defiant|KowtowCleave,SuckerPunch,IronHead,Protect|Adamant||M|||50|]Sylveon||FairyFeather|Pixilate|Detect,HyperVoice,HyperBeam,QuickAttack|Modest||M|||50|]Garchomp||LifeOrb|RoughSkin|Earthquake,DragonClaw,StompingTantrum,Protect|Jolly||M|||50|]Charizard||CharizarditeY|Blaze|Protect,HeatWave,SolarBeam,WeatherBall|Modest||F|||50|]Incineroar||SitrusBerry|Intimidate|DarkestLariat,FlareBlitz,FakeOut,PartingShot|Impish||F|||50|
|inactive|Battle timer is ON: inactive players will automatically lose when time's up. (requested by Olciax34)
|inactive|Olciax34 has 60 seconds left.
|inactive|nutbuster151 has 60 seconds left.
|
|t:|1784452392
|teamsize|p1|4
|teamsize|p2|4
|start
|switch|p1a: Aegislash|Aegislash, L50, M|100/100
|switch|p1b: Charizard|Charizard, L50, M|100/100
|switch|p2a: Charizard|Charizard, L50, F, shiny|100/100
|switch|p2b: Aerodactyl|Aerodactyl, L50, F, shiny|100/100
|-ability|p2b: Aerodactyl|Unnerve
|turn|1
|inactive|Olciax34 has 30 seconds left.
|inactive|nutbuster151 has 30 seconds left.
|
|t:|1784452424
|switch|p2b: Garchomp|Garchomp, L50, M, shiny|100/100
|switch|p1a: Garchomp|Garchomp, L50, F|100/100
|detailschange|p1b: Charizard|Charizard-Mega-Y, L50, M
|-mega|p1b: Charizard|Charizard|Charizardite Y
|-weather|SunnyDay|[from] ability: Drought|[of] p1b: Charizard
|move|p1b: Charizard|Solar Beam||[still]
|-prepare|p1b: Charizard|Solar Beam
|-anim|p1b: Charizard|Solar Beam|p2b: Garchomp
|-damage|p2b: Garchomp|47/100
|move|p2a: Charizard|Heat Wave|p1a: Garchomp|[spread] p1a,p1b
|-resisted|p1a: Garchomp|1
|-resisted|p1b: Charizard|1
|-damage|p1a: Garchomp|75/100
|-damage|p1b: Charizard|80/100
|
|-weather|SunnyDay|[upkeep]
|upkeep
|turn|2
|inactive|Olciax34 has 30 seconds left.
|inactive|nutbuster151 has 30 seconds left.
|inactive|nutbuster151 has 20 seconds left.
|inactive|nutbuster151 has 15 seconds left.
|inactive|nutbuster151 has 10 seconds left.
|
|t:|1784452474
|switch|p2a: Aerodactyl|Aerodactyl, L50, F, shiny|100/100
|-ability|p2a: Aerodactyl|Unnerve
|move|p2b: Garchomp|Protect|p2b: Garchomp
|-singleturn|p2b: Garchomp|Protect
|move|p1a: Garchomp|Dragon Claw|p2b: Garchomp
|-activate|p2b: Garchomp|move: Protect
|move|p1b: Charizard|Weather Ball|p2b: Garchomp
|-activate|p2b: Garchomp|move: Protect
|
|-weather|SunnyDay|[upkeep]
|upkeep
|turn|3
|inactive|Olciax34 has 30 seconds left.
|inactive|nutbuster151 has 30 seconds left.
|inactive|Olciax34 has 20 seconds left.
|
|t:|1784452511
|switch|p1a: Whimsicott|Whimsicott, L50, M|100/100
|move|p1b: Charizard|Protect|p1b: Charizard
|-singleturn|p1b: Charizard|Protect
|move|p2a: Aerodactyl|Rock Slide|p1a: Whimsicott|[spread] 
|-activate|p1b: Charizard|move: Protect
|-miss|p2a: Aerodactyl|p1a: Whimsicott
|move|p2b: Garchomp|Dragon Claw|p1a: Whimsicott
|-immune|p1a: Whimsicott
|
|-weather|SunnyDay|[upkeep]
|upkeep
|turn|4
|inactive|Olciax34 has 30 seconds left.
|
|t:|1784452540
|switch|p2b: Charizard|Charizard, L50, F, shiny|100/100
|switch|p1b: Aegislash|Aegislash, L50, M|100/100
|move|p1a: Whimsicott|Encore|p2a: Aerodactyl
|-start|p2a: Aerodactyl|Encore
|move|p2a: Aerodactyl|Rock Slide|p1b: Aegislash|[spread] p1a,p1b
|-resisted|p1b: Aegislash|1
|-damage|p1a: Whimsicott|68/100
|-damage|p1b: Aegislash|91/100
|
|-weather|SunnyDay|[upkeep]
|upkeep
|turn|5
|inactive|nutbuster151 has 30 seconds left.
|inactive|nutbuster151 has 20 seconds left.
|inactive|nutbuster151 has 15 seconds left.
|
|t:|1784452582
|switch|p2a: Kingambit|Kingambit, L50, M, shiny|100/100
|detailschange|p2b: Charizard|Charizard-Mega-Y, L50, F, shiny
|-mega|p2b: Charizard|Charizard|Charizardite Y
|move|p1a: Whimsicott|Tailwind|p1a: Whimsicott
|-sidestart|p1: Olciax34|move: Tailwind
|-formechange|p1b: Aegislash|Aegislash-Blade|
|move|p1b: Aegislash|Poltergeist|p2b: Charizard
|-activate|p2b: Charizard|move: Poltergeist|Charizardite Y
|-damage|p2b: Charizard|8/100
|move|p2b: Charizard|Weather Ball|p1a: Whimsicott
|-supereffective|p1a: Whimsicott|1
|-damage|p1a: Whimsicott|0 fnt
|faint|p1a: Whimsicott
|
|-weather|none
|upkeep
|
|t:|1784452596
|switch|p1a: Charizard|Charizard-Mega-Y, L50, M|80/100
|-weather|SunnyDay|[from] ability: Drought|[of] p1a: Charizard
|turn|6
|
|t:|1784452616
|switch|p2b: Aerodactyl|Aerodactyl, L50, F, shiny|100/100
|-ability|p2b: Aerodactyl|Unnerve
|move|p2a: Kingambit|Protect|p2a: Kingambit
|-singleturn|p2a: Kingambit|Protect
|move|p1a: Charizard|Heat Wave|p2b: Aerodactyl|[spread] p2b
|-activate|p2a: Kingambit|move: Protect
|-resisted|p2b: Aerodactyl|1
|-damage|p2b: Aerodactyl|59/100
|move|p1b: Aegislash|Iron Head|p2a: Kingambit
|-activate|p2a: Kingambit|move: Protect
|
|-weather|SunnyDay|[upkeep]
|upkeep
|turn|7
|inactive|Olciax34 has 30 seconds left.
|inactive|nutbuster151 has 30 seconds left.
|inactive|nutbuster151 has 20 seconds left.
|
|t:|1784452651
|move|p2a: Kingambit|Sucker Punch|p1b: Aegislash
|-supereffective|p1b: Aegislash|1
|-damage|p1b: Aegislash|0 fnt
|faint|p1b: Aegislash
|move|p1a: Charizard|Solar Beam||[still]
|-prepare|p1a: Charizard|Solar Beam
|-anim|p1a: Charizard|Solar Beam|p2b: Aerodactyl
|-damage|p2b: Aerodactyl|0 fnt
|faint|p2b: Aerodactyl
|
|-weather|SunnyDay|[upkeep]
|upkeep
|inactive|nutbuster151 has 30 seconds left.
|
|t:|1784452684
|switch|p2b: Charizard|Charizard-Mega-Y, L50, F, shiny|8/100
|switch|p1b: Garchomp|Garchomp, L50, F|75/100
|turn|8
|
|t:|1784452696
|move|p2b: Charizard|Protect|p2b: Charizard
|-singleturn|p2b: Charizard|Protect
|move|p2a: Kingambit|Protect|p2a: Kingambit
|-singleturn|p2a: Kingambit|Protect
|move|p1b: Garchomp|Earthquake|p2a: Kingambit|[spread] 
|-activate|p2a: Kingambit|move: Protect
|-activate|p2b: Charizard|move: Protect
|-immune|p1a: Charizard
|move|p1a: Charizard|Heat Wave|p2b: Charizard|[spread] 
|-activate|p2a: Kingambit|move: Protect
|-activate|p2b: Charizard|move: Protect
|
|-weather|SunnyDay|[upkeep]
|-sideend|p1: Olciax34|move: Tailwind
|upkeep
|turn|9
|inactive|nutbuster151 has 30 seconds left.
|inactive|Olciax34 has 30 seconds left.
|inactive|nutbuster151 has 20 seconds left.
|
|t:|1784452734
|move|p2a: Kingambit|Sucker Punch|p1a: Charizard
|-damage|p1a: Charizard|34/100
|move|p1b: Garchomp|Earthquake|p2b: Charizard|[spread] p2a
|-immune|p1a: Charizard
|-immune|p2b: Charizard
|-supereffective|p2a: Kingambit|1
|-damage|p2a: Kingambit|23/100
|-damage|p1b: Garchomp|65/100|[from] item: Life Orb
|move|p1a: Charizard|Heat Wave|p2a: Kingambit|[spread] p2a,p2b
|-supereffective|p2a: Kingambit|1
|-resisted|p2b: Charizard|1
|-damage|p2a: Kingambit|0 fnt
|-damage|p2b: Charizard|0 fnt
|faint|p2a: Kingambit
|faint|p2b: Charizard
|
|-weather|SunnyDay|[upkeep]
|upkeep
|
|t:|1784452754
|switch|p2b: Garchomp|Garchomp, L50, M, shiny|47/100
|turn|10
|
|t:|1784452761
|move|p1b: Garchomp|Dragon Claw|p2b: Garchomp
|-supereffective|p2b: Garchomp|1
|-damage|p2b: Garchomp|0 fnt
|-damage|p1b: Garchomp|52/100|[from] ability: Rough Skin|[of] p2b: Garchomp
|faint|p2b: Garchomp
|-damage|p1b: Garchomp|43/100|[from] item: Life Orb
|
|win|Olciax34
|raw|Olciax34's rating: 1329 → 1347(+18 for winning)
|raw|nutbuster151's rating: 1292 → 1270(-22 for losing)
