|j|☆daaronftw
|j|☆alkittxn
|html|daaronftwalkittxn    
|uhtml|bestof|Game 1 of a best-of-3
|t:|1782668067
|gametype|doubles
|player|p1|daaronftw|266|1111
|player|p2|alkittxn|aaron|1019
|gen|9
|tier|[Gen 9 Champions] VGC 2026 Reg M-B (Bo3)
|rated|
|rule|Species Clause: Limit one of each Pokémon
|rule|Item Clause: Limit 1 of each item
|clearpoke
|poke|p1|Floette-Eternal, L50, F|
|poke|p1|Charizard, L50, F, shiny|
|poke|p1|Whimsicott, L50, F, shiny|
|poke|p1|Garchomp, L50, M|
|poke|p1|Grimmsnarl, L50, M, shiny|
|poke|p1|Basculegion, L50, M|
|poke|p2|Gallade, L50, M|
|poke|p2|Camerupt, L50, M|
|poke|p2|Farigiraf, L50, F|
|poke|p2|Kingambit, L50, F|
|poke|p2|Gyarados, L50, F|
|poke|p2|Sylveon, L50, M|
|teampreview|4
|showteam|p1|Floette-Eternal||Floettite|FlowerVeil|DrainingKiss,LightofRuin,DazzlingGleam,Protect|Modest||F|||50|]Charizard||CharizarditeY|Blaze|Protect,SolarBeam,HeatWave,WeatherBall|Modest||F|||50|]Whimsicott||FocusSash|Prankster|Moonblast,Protect,Tailwind,Encore|Timid||F|||50|]Garchomp||LifeOrb|RoughSkin|Earthquake,Protect,RockSlide,DragonClaw|Jolly||M|||50|]Grimmsnarl||LightClay|Prankster|Reflect,LightScreen,FoulPlay,PartingShot|Impish||M|||50|]Basculegion||ChoiceScarf|Adaptability|AquaJet,LastRespects,WaveCrash,FlipTurn|Jolly||M|||50|
|showteam|p2|Gallade||FocusSash|Sharpness|SacredSword,PsychoCut,LeafBlade,WideGuard|Adamant||M|||50|]Camerupt||Cameruptite|SolidRock|HeatWave,AncientPower,EarthPower,Protect|Quiet||M|||50|]Farigiraf||ColburBerry|ArmorTail|TwinBeam,TrickRoom,Protect,Thunderbolt|Bold||F|||50|]Kingambit||BlackGlasses|Defiant|SuckerPunch,IronHead,KowtowCleave,LowKick|Brave||F|||50|]Gyarados||Gyaradosite|Intimidate|Waterfall,IceFang,Crunch,Protect|Adamant||F|||50|]Sylveon||FairyFeather|Pixilate|HyperVoice,Protect,QuickAttack,HyperBeam|Quiet||M|||50|
|
|t:|1782668129
|teamsize|p1|4
|teamsize|p2|4
|start
|switch|p1a: Garchomp|Garchomp, L50, M|100/100
|switch|p1b: Charizard|Charizard, L50, F, shiny|100/100
|switch|p2a: Farigiraf|Farigiraf, L50, F|100/100
|switch|p2b: Gyarados|Gyarados, L50, F|100/100
|-ability|p2b: Gyarados|Intimidate|boost
|-unboost|p1a: Garchomp|atk|1
|-unboost|p1b: Charizard|atk|1
|turn|1
|
|t:|1782668171
|detailschange|p1b: Charizard|Charizard-Mega-Y, L50, F, shiny
|-mega|p1b: Charizard|Charizard|Charizardite Y
|-weather|SunnyDay|[from] ability: Drought|[of] p1b: Charizard
|move|p2a: Farigiraf|Protect|p2a: Farigiraf
|-singleturn|p2a: Farigiraf|Protect
|move|p1a: Garchomp|Earthquake|p2a: Farigiraf|[spread] 
|-activate|p2a: Farigiraf|move: Protect
|-immune|p1b: Charizard
|-immune|p2b: Gyarados
|move|p1b: Charizard|Solar Beam||[still]
|-prepare|p1b: Charizard|Solar Beam
|-anim|p1b: Charizard|Solar Beam|p2b: Gyarados
|-damage|p2b: Gyarados|58/100
|move|p2b: Gyarados|Waterfall|p1b: Charizard
|-supereffective|p1b: Charizard|1
|-damage|p1b: Charizard|58/100
|
|-weather|SunnyDay|[upkeep]
|upkeep
|turn|2
|
|t:|1782668196
|move|p2b: Gyarados|Protect|p2b: Gyarados
|-singleturn|p2b: Gyarados|Protect
|move|p1a: Garchomp|Rock Slide|p2b: Gyarados|[spread] p2a
|-activate|p2b: Gyarados|move: Protect
|-damage|p2a: Farigiraf|86/100
|-damage|p1a: Garchomp|90/100|[from] item: Life Orb
|move|p1b: Charizard|Heat Wave|p2a: Farigiraf|[spread] p2a
|-activate|p2b: Gyarados|move: Protect
|-damage|p2a: Farigiraf|32/100
|move|p2a: Farigiraf|Trick Room|p2a: Farigiraf
|-fieldstart|move: Trick Room|[of] p2a: Farigiraf
|
|-weather|SunnyDay|[upkeep]
|upkeep
|turn|3
|
|t:|1782668226
|switch|p1b: Grimmsnarl|Grimmsnarl, L50, M, shiny|100/100
|detailschange|p2b: Gyarados|Gyarados-Mega, L50, F
|-mega|p2b: Gyarados|Gyarados|Gyaradosite
|-ability|p2b: Gyarados|Mold Breaker
|move|p1a: Garchomp|Protect|p1a: Garchomp
|-singleturn|p1a: Garchomp|Protect
|move|p2a: Farigiraf|Thunderbolt|p1b: Grimmsnarl
|-damage|p1b: Grimmsnarl|79/100
|move|p2b: Gyarados|Waterfall|p1b: Grimmsnarl
|-damage|p1b: Grimmsnarl|54/100
|
|-weather|SunnyDay|[upkeep]
|upkeep
|turn|4
|
|t:|1782668257
|switch|p2a: Sylveon|Sylveon, L50, M|100/100
|move|p1b: Grimmsnarl|Reflect|p1b: Grimmsnarl
|-sidestart|p1: daaronftw|Reflect
|move|p2b: Gyarados|Ice Fang|p1a: Garchomp
|-supereffective|p1a: Garchomp|2
|-damage|p1a: Garchomp|15/100
|-damage|p2b: Gyarados|46/100|[from] ability: Rough Skin|[of] p1a: Garchomp
|move|p1a: Garchomp|Dragon Claw|p2b: Gyarados
|-damage|p2b: Gyarados|16/100
|-damage|p1a: Garchomp|6/100|[from] item: Life Orb
|
|-weather|SunnyDay|[upkeep]
|upkeep
|turn|5
|
|t:|1782668298
|move|p1a: Garchomp|Protect|p1a: Garchomp
|-singleturn|p1a: Garchomp|Protect
|move|p1b: Grimmsnarl|Light Screen|p1b: Grimmsnarl
|-sidestart|p1: daaronftw|move: Light Screen
|move|p2a: Sylveon|Hyper Voice|p1b: Grimmsnarl|[spread] p1b
|-activate|p1a: Garchomp|move: Protect
|-supereffective|p1b: Grimmsnarl|1
|-damage|p1b: Grimmsnarl|0 fnt
|faint|p1b: Grimmsnarl
|move|p2b: Gyarados|Waterfall|p1a: Garchomp
|-activate|p1a: Garchomp|move: Protect
|
|-weather|none
|upkeep
|
|t:|1782668312
|switch|p1b: Charizard|Charizard-Mega-Y, L50, F, shiny|58/100
|-weather|SunnyDay|[from] ability: Drought|[of] p1b: Charizard
|turn|6
|
|t:|1782668331
|switch|p2b: Farigiraf|Farigiraf, L50, F|32/100
|move|p1b: Charizard|Protect|p1b: Charizard
|-singleturn|p1b: Charizard|Protect
|move|p1a: Garchomp|Protect|p1a: Garchomp
|-singleturn|p1a: Garchomp|Protect
|move|p2a: Sylveon|Hyper Voice|p1a: Garchomp|[spread] 
|-activate|p1a: Garchomp|move: Protect
|-activate|p1b: Charizard|move: Protect
|
|-weather|SunnyDay|[upkeep]
|-fieldend|move: Trick Room
|upkeep
|turn|7
|
|t:|1782668362
|switch|p2b: Gyarados|Gyarados-Mega, L50, F|16/100
|-ability|p2b: Gyarados|Mold Breaker
|move|p2a: Sylveon|Protect|p2a: Sylveon
|-singleturn|p2a: Sylveon|Protect
|move|p1a: Garchomp|Earthquake|p2a: Sylveon|[spread] p2b
|-activate|p2a: Sylveon|move: Protect
|-immune|p1b: Charizard
|-crit|p2b: Gyarados
|-damage|p2b: Gyarados|0 fnt
|faint|p2b: Gyarados
|-damage|p1a: Garchomp|0 fnt|[from] item: Life Orb
|faint|p1a: Garchomp
|move|p1b: Charizard|Heat Wave|p2a: Sylveon
|-activate|p2a: Sylveon|move: Protect
|
|-weather|SunnyDay|[upkeep]
|upkeep
|
|t:|1782668390
|switch|p1a: Basculegion|Basculegion, L50, M|100/100
|switch|p2b: Kingambit|Kingambit, L50, F|100/100
|turn|8
|
|t:|1782668436
|move|p1a: Basculegion|Aqua Jet|p2b: Kingambit
|-damage|p2b: Kingambit|91/100
|move|p2b: Kingambit|Sucker Punch|p1b: Charizard
|-damage|p1b: Charizard|25/100
|move|p1b: Charizard|Weather Ball|p2b: Kingambit
|-supereffective|p2b: Kingambit|1
|-damage|p2b: Kingambit|0 fnt
|faint|p2b: Kingambit
|move|p2a: Sylveon|Hyper Voice|p1b: Charizard|[spread] p1a,p1b
|-resisted|p1b: Charizard|1
|-damage|p1a: Basculegion|60/100
|-damage|p1b: Charizard|9/100
|
|-weather|SunnyDay|[upkeep]
|upkeep
|
|t:|1782668452
|switch|p2b: Farigiraf|Farigiraf, L50, F|32/100
|turn|9
|
|t:|1782668466
|move|p1a: Basculegion|Aqua Jet||[still]
|cant|p2b: Farigiraf|ability: Armor Tail|Aqua Jet|[of] p1a: Basculegion
|move|p2a: Sylveon|Quick Attack|p1b: Charizard
|-resisted|p1b: Charizard|1
|-damage|p1b: Charizard|5/100
|move|p1b: Charizard|Heat Wave|p2a: Sylveon|[spread] p2a,p2b
|-damage|p2a: Sylveon|54/100
|-damage|p2b: Farigiraf|0 fnt
|faint|p2b: Farigiraf
|
|-weather|SunnyDay|[upkeep]
|upkeep
|turn|10
|
|t:|1782668486
|move|p1a: Basculegion|Aqua Jet|p2a: Sylveon
|-damage|p2a: Sylveon|40/100
|move|p1b: Charizard|Weather Ball|p2a: Sylveon
|-damage|p2a: Sylveon|0 fnt
|faint|p2a: Sylveon
|
|win|daaronftw
||daaronftw is ready for game 2.
