|j|☆fumomarlboro
|j|☆bigboyblue3451
|html|fumomarlborobigboyblue3451    
|uhtml|bestof|Game 3 of a best-of-3
|t:|1756771601
|gametype|doubles
|player|p1|fumomarlboro|1|1280
|player|p2|bigboyblue3451|101|1311
|gen|9
|tier|[Gen 9] VGC 2025 Reg H (Bo3)
|rated|
|rule|Species Clause: Limit one of each Pokémon
|rule|Item Clause: Limit 1 of each item
|clearpoke
|poke|p1|Rillaboom, L50, F|
|poke|p1|Basculegion, L50, M|
|poke|p1|Volcarona, L50, F|
|poke|p1|Tyranitar, L50, M|
|poke|p1|Dragonite, L50, F|
|poke|p1|Incineroar, L50, F|
|poke|p2|Archaludon, L50, F|
|poke|p2|Gholdengo, L50|
|poke|p2|Maushold, L50|
|poke|p2|Incineroar, L50, M|
|poke|p2|Pelipper, L50, M|
|poke|p2|Amoonguss, L50, F|
|teampreview|4
|showteam|p1|Rillaboom||MiracleSeed|GrassySurge|WoodHammer,GrassyGlide,HighHorsepower,FakeOut|||F|||50|,,,,,Fire]Basculegion||ChoiceScarf|Adaptability|WaveCrash,LastRespects,FlipTurn,TeraBlast|||M|||50|,,,,,Grass]Volcarona||Leftovers|FlameBody|HeatWave,TeraBlast,QuiverDance,Protect|||F|||50|,,,,,Fairy]Tyranitar||AssaultVest|SandStream|RockSlide,KnockOff,TeraBlast,LowKick|||M|||50|,,,,,Flying]Dragonite||LoadedDice|Multiscale|ExtremeSpeed,ScaleShot,Protect,Haze|||F|||50|,,,,,Fairy]Incineroar||SafetyGoggles|Intimidate|FakeOut,FlareBlitz,KnockOff,PartingShot|||F|||50|,,,,,Ghost
|showteam|p2|Archaludon||AssaultVest|Stamina|ElectroShot,Snarl,DracoMeteor,BodyPress|||F|||50|,,,,,Bug]Gholdengo||LifeOrb|GoodasGold|MakeItRain,ShadowBall,NastyPlot,Protect||||||50|,,,,,Water]Maushold||WideLens|Technician|PopulationBomb,Taunt,FollowMe,Protect||||||50|,,,,,Ghost]Incineroar||SafetyGoggles|Intimidate|FakeOut,KnockOff,FlareBlitz,PartingShot|||M|||50|,,,,,Ghost]Pelipper||FocusSash|Drizzle|MuddyWater,Hurricane,Tailwind,Protect|||M|||50|,,,,,Stellar]Amoonguss||CovertCloak|Regenerator|Spore,PollenPuff,RagePowder,ClearSmog|||F|||50|,,,,,Psychic
|inactive|Battle timer is ON: inactive players will automatically lose when time's up. (requested by fumomarlboro)
|
|t:|1756771633
|teamsize|p1|4
|teamsize|p2|4
|start
|switch|p1a: Basculegion|Basculegion, L50, M|100/100
|switch|p1b: Dragonite|Dragonite, L50, F|100/100
|switch|p2a: Archaludon|Archaludon, L50, F|100/100
|switch|p2b: Pelipper|Pelipper, L50, M|100/100
|-weather|RainDance|[from] ability: Drizzle|[of] p2b: Pelipper
|turn|1
|
|t:|1756771653
|switch|p1a: Tyranitar|Tyranitar, L50, M|100/100
|-weather|Sandstorm|[from] ability: Sand Stream|[of] p1a: Tyranitar
|move|p2b: Pelipper|Protect|p2b: Pelipper
|-singleturn|p2b: Pelipper|Protect
|move|p1b: Dragonite|Scale Shot|p2b: Pelipper
|-activate|p2b: Pelipper|move: Protect
|move|p2a: Archaludon|Body Press|p1a: Tyranitar
|-supereffective|p1a: Tyranitar
|-damage|p1a: Tyranitar|10/100
|
|-weather|Sandstorm|[upkeep]
|-damage|p1b: Dragonite|95/100|[from] Sandstorm
|-damage|p2b: Pelipper|95/100|[from] Sandstorm
|upkeep
|turn|2
|inactive|fumomarlboro has 30 seconds left.
|
|t:|1756771679
|switch|p2b: Incineroar|Incineroar, L50, M|100/100
|-ability|p2b: Incineroar|Intimidate|boost
|-unboost|p1a: Tyranitar|atk|1
|-unboost|p1b: Dragonite|atk|1
|switch|p1a: Volcarona|Volcarona, L50, F|100/100
|move|p1b: Dragonite|Scale Shot|p2b: Incineroar
|-damage|p2b: Incineroar|90/100
|-damage|p2b: Incineroar|80/100
|-damage|p2b: Incineroar|71/100
|-crit|p2b: Incineroar
|-damage|p2b: Incineroar|50/100
|-damage|p2b: Incineroar|40/100
|-hitcount|p2b: Incineroar|5
|-unboost|p1b: Dragonite|def|1
|-boost|p1b: Dragonite|spe|1
|move|p2a: Archaludon|Snarl|p1a: Volcarona|[spread] p1a,p1b
|-crit|p1b: Dragonite
|-damage|p1a: Volcarona|87/100
|-damage|p1b: Dragonite|75/100
|-unboost|p1a: Volcarona|spa|1
|-unboost|p1b: Dragonite|spa|1
|
|-weather|Sandstorm|[upkeep]
|-damage|p1b: Dragonite|69/100|[from] Sandstorm
|-damage|p1a: Volcarona|81/100|[from] Sandstorm
|-heal|p1a: Volcarona|87/100|[from] item: Leftovers
|upkeep
|turn|3
|inactive|fumomarlboro has 30 seconds left.
|inactive|bigboyblue3451 has 30 seconds left.
|inactive|fumomarlboro has 20 seconds left.
|inactive|bigboyblue3451 has 20 seconds left.
|
|t:|1756771719
|switch|p1b: Basculegion|Basculegion, L50, M|100/100
|switch|p2b: Amoonguss|Amoonguss, L50, F|100/100
|move|p1a: Volcarona|Quiver Dance|p1a: Volcarona
|-boost|p1a: Volcarona|spa|1
|-boost|p1a: Volcarona|spd|1
|-boost|p1a: Volcarona|spe|1
|move|p2a: Archaludon|Draco Meteor|p1b: Basculegion
|-damage|p1b: Basculegion|30/100
|-unboost|p2a: Archaludon|spa|2
|
|-weather|Sandstorm|[upkeep]
|-damage|p1a: Volcarona|81/100|[from] Sandstorm
|-damage|p1b: Basculegion|24/100|[from] Sandstorm
|-damage|p2b: Amoonguss|95/100|[from] Sandstorm
|-heal|p1a: Volcarona|87/100|[from] item: Leftovers
|upkeep
|turn|4
|
|t:|1756771736
|switch|p2b: Pelipper|Pelipper, L50, M|95/100
|-weather|RainDance|[from] ability: Drizzle|[of] p2b: Pelipper
|move|p1a: Volcarona|Heat Wave|p2b: Pelipper|[spread] p2a,p2b
|-resisted|p2b: Pelipper
|-damage|p2a: Archaludon|89/100
|-damage|p2b: Pelipper|79/100
|-ability|p2a: Archaludon|Stamina|boost
|-boost|p2a: Archaludon|def|1
|move|p1b: Basculegion|Flip Turn|p2b: Pelipper
|-resisted|p2b: Pelipper
|-damage|p2b: Pelipper|40/100
|
|t:|1756771746
|switch|p1b: Tyranitar|Tyranitar, L50, M|10/100|[from] Flip Turn
|-weather|Sandstorm|[from] ability: Sand Stream|[of] p1b: Tyranitar
|move|p2a: Archaludon|Snarl|p1a: Volcarona|[spread] p1a,p1b
|-resisted|p1b: Tyranitar
|-damage|p1a: Volcarona|83/100
|-damage|p1b: Tyranitar|8/100
|-unboost|p1a: Volcarona|spa|1
|-unboost|p1b: Tyranitar|spa|1
|
|-weather|Sandstorm|[upkeep]
|-damage|p1a: Volcarona|77/100|[from] Sandstorm
|-damage|p2b: Pelipper|34/100|[from] Sandstorm
|-heal|p1a: Volcarona|83/100|[from] item: Leftovers
|upkeep
|turn|5
|inactive|fumomarlboro has 30 seconds left.
|inactive|bigboyblue3451 has 30 seconds left.
|
|t:|1756771774
|switch|p2b: Incineroar|Incineroar, L50, M|40/100
|-ability|p2b: Incineroar|Intimidate|boost
|-unboost|p1a: Volcarona|atk|1
|-unboost|p1b: Tyranitar|atk|1
|switch|p1b: Dragonite|Dragonite, L50, F|69/100
|move|p1a: Volcarona|Heat Wave|p2b: Incineroar|[spread] p2a,p2b
|-resisted|p2b: Incineroar
|-damage|p2a: Archaludon|72/100
|-damage|p2b: Incineroar|30/100
|-ability|p2a: Archaludon|Stamina|boost
|-boost|p2a: Archaludon|def|1
|move|p2a: Archaludon|Body Press|p1b: Dragonite
|-resisted|p1b: Dragonite
|-damage|p1b: Dragonite|42/100
|
|-weather|Sandstorm|[upkeep]
|-damage|p1a: Volcarona|77/100|[from] Sandstorm
|-damage|p1b: Dragonite|36/100|[from] Sandstorm
|-heal|p1a: Volcarona|83/100|[from] item: Leftovers
|upkeep
|turn|6
|
|t:|1756771794
|switch|p1b: Basculegion|Basculegion, L50, M|24/100
|switch|p2b: Pelipper|Pelipper, L50, M|34/100
|-weather|RainDance|[from] ability: Drizzle|[of] p2b: Pelipper
|move|p1a: Volcarona|Quiver Dance|p1a: Volcarona
|-boost|p1a: Volcarona|spa|1
|-boost|p1a: Volcarona|spd|1
|-boost|p1a: Volcarona|spe|1
|move|p2a: Archaludon|Electro Shot||[still]
|-prepare|p2a: Archaludon|Electro Shot
|-boost|p2a: Archaludon|spa|1
|-anim|p2a: Archaludon|Electro Shot|p1b: Basculegion
|-supereffective|p1b: Basculegion
|-damage|p1b: Basculegion|0 fnt
|faint|p1b: Basculegion
|
|-weather|RainDance|[upkeep]
|-heal|p1a: Volcarona|89/100|[from] item: Leftovers
|upkeep
|
|t:|1756771815
|switch|p1b: Tyranitar|Tyranitar, L50, M|8/100
|-weather|Sandstorm|[from] ability: Sand Stream|[of] p1b: Tyranitar
|turn|7
|
|t:|1756771834
|switch|p2b: Amoonguss|Amoonguss, L50, F|100/100
|move|p1a: Volcarona|Heat Wave|p2b: Amoonguss|[spread] p2a,p2b
|-supereffective|p2b: Amoonguss
|-damage|p2a: Archaludon|48/100
|-damage|p2b: Amoonguss|37/100
|-ability|p2a: Archaludon|Stamina|boost
|-boost|p2a: Archaludon|def|1
|move|p2a: Archaludon|Body Press|p1b: Tyranitar
|-supereffective|p1b: Tyranitar
|-damage|p1b: Tyranitar|0 fnt
|faint|p1b: Tyranitar
|
|-weather|Sandstorm|[upkeep]
|-damage|p1a: Volcarona|83/100|[from] Sandstorm
|-damage|p2b: Amoonguss|31/100|[from] Sandstorm
|-heal|p1a: Volcarona|89/100|[from] item: Leftovers
|upkeep
|
|t:|1756771843
|switch|p1b: Dragonite|Dragonite, L50, F|36/100
|turn|8
|
|t:|1756771858
|switch|p2b: Pelipper|Pelipper, L50, M|34/100
|-weather|RainDance|[from] ability: Drizzle|[of] p2b: Pelipper
|-terastallize|p1a: Volcarona|Fairy
|move|p1a: Volcarona|Tera Blast|p2b: Pelipper|[anim] Tera Blast Fairy
|-damage|p2b: Pelipper|0 fnt
|faint|p2b: Pelipper
|move|p1b: Dragonite|Scale Shot|p2a: Archaludon
|-damage|p2a: Archaludon|44/100
|-ability|p2a: Archaludon|Stamina|boost
|-boost|p2a: Archaludon|def|1
|-damage|p2a: Archaludon|40/100
|-ability|p2a: Archaludon|Stamina|boost
|-boost|p2a: Archaludon|def|1
|-damage|p2a: Archaludon|37/100
|-ability|p2a: Archaludon|Stamina|boost
|-boost|p2a: Archaludon|def|1
|-damage|p2a: Archaludon|34/100
|-hitcount|p2a: Archaludon|4
|-unboost|p1b: Dragonite|def|1
|-boost|p1b: Dragonite|spe|1
|move|p2a: Archaludon|Draco Meteor|p1b: Dragonite
|-supereffective|p1b: Dragonite
|-damage|p1b: Dragonite|0 fnt
|-unboost|p2a: Archaludon|spa|2
|faint|p1b: Dragonite
|
|-weather|RainDance|[upkeep]
|-heal|p1a: Volcarona|95/100|[from] item: Leftovers
|upkeep
|
|t:|1756771880
|switch|p2b: Incineroar|Incineroar, L50, M|30/100
|-ability|p2b: Incineroar|Intimidate|boost
|-unboost|p1a: Volcarona|atk|1
|turn|9
|
|t:|1756771902
|switch|p2a: Amoonguss|Amoonguss, L50, F|64/100
|move|p2b: Incineroar|Fake Out|p1a: Volcarona
|-damage|p1a: Volcarona|81/100
|cant|p1a: Volcarona|flinch
|
|-weather|RainDance|[upkeep]
|-heal|p1a: Volcarona|87/100|[from] item: Leftovers
|upkeep
|turn|10
|
|t:|1756771913
|-terastallize|p2a: Amoonguss|Psychic
|move|p1a: Volcarona|Tera Blast|p2b: Incineroar|[anim] Tera Blast Fairy
|-damage|p2b: Incineroar|0 fnt
|faint|p2b: Incineroar
|move|p2a: Amoonguss|Spore|p1a: Volcarona
|-status|p1a: Volcarona|slp|[from] move: Spore
|
|-weather|RainDance|[upkeep]
|-heal|p1a: Volcarona|94/100 slp|[from] item: Leftovers
|upkeep
|
|t:|1756771917
|switch|p2b: Archaludon|Archaludon, L50, F|34/100
|turn|11
|
|t:|1756771924
|cant|p1a: Volcarona|slp
|move|p2b: Archaludon|Electro Shot||[still]
|-prepare|p2b: Archaludon|Electro Shot
|-boost|p2b: Archaludon|spa|1
|-anim|p2b: Archaludon|Electro Shot|p1a: Volcarona
|-damage|p1a: Volcarona|66/100 slp
|move|p2a: Amoonguss|Pollen Puff|p2b: Archaludon
|-heal|p2b: Archaludon|84/100
|
|-weather|RainDance|[upkeep]
|-heal|p1a: Volcarona|73/100 slp|[from] item: Leftovers
|upkeep
|turn|12
|
|t:|1756771932
|cant|p1a: Volcarona|slp
|move|p2b: Archaludon|Electro Shot||[still]
|-prepare|p2b: Archaludon|Electro Shot
|-boost|p2b: Archaludon|spa|1
|-anim|p2b: Archaludon|Electro Shot|p1a: Volcarona
|-damage|p1a: Volcarona|36/100 slp
|move|p2a: Amoonguss|Clear Smog|p1a: Volcarona
|-supereffective|p1a: Volcarona
|-damage|p1a: Volcarona|21/100 slp
|-clearboost|p1a: Volcarona
|
|-weather|none
|-heal|p1a: Volcarona|27/100 slp|[from] item: Leftovers
|upkeep
|turn|13
|
|t:|1756771945
|-curestatus|p1a: Volcarona|slp|[msg]
|move|p1a: Volcarona|Protect|p1a: Volcarona
|-singleturn|p1a: Volcarona|Protect
|move|p2b: Archaludon|Snarl|p1a: Volcarona
|-activate|p1a: Volcarona|move: Protect
|move|p2a: Amoonguss|Pollen Puff|p2b: Archaludon
|-heal|p2b: Archaludon|100/100
|
|-heal|p1a: Volcarona|33/100|[from] item: Leftovers
|upkeep
|turn|14
|
|t:|1756771957
|move|p1a: Volcarona|Tera Blast|p2a: Amoonguss|[anim] Tera Blast Fairy
|-damage|p2a: Amoonguss|31/100
|move|p2b: Archaludon|Snarl|p1a: Volcarona
|-resisted|p1a: Volcarona
|-damage|p1a: Volcarona|18/100
|-unboost|p1a: Volcarona|spa|1
|move|p2a: Amoonguss|Spore|p1a: Volcarona
|-status|p1a: Volcarona|slp|[from] move: Spore
|
|-heal|p1a: Volcarona|24/100 slp|[from] item: Leftovers
|upkeep
|turn|15
|-message|fumomarlboro forfeited.
|
|win|bigboyblue3451
|raw|fumomarlboro's rating: 1280 → 1257(-23 for losing)
|raw|bigboyblue3451's rating: 1311 → 1329(+18 for winning)
|l|☆fumomarlboro
|player|p1|
