|j|☆epic17x
|j|☆RoadToWorlds44
|html|epic17xRoadToWorlds44    
|uhtml|bestof|Game 1 of a best-of-3
|t:|1756409400
|gametype|doubles
|player|p1|epic17x|steven|1338
|player|p2|RoadToWorlds44|170|1254
|gen|9
|tier|[Gen 9] VGC 2025 Reg H (Bo3)
|rated|
|rule|Species Clause: Limit one of each Pokémon
|rule|Item Clause: Limit 1 of each item
|clearpoke
|poke|p1|Ninetales-Alola, L50, F|
|poke|p1|Garchomp, L50, F|
|poke|p1|Kingambit, L50, F|
|poke|p1|Sneasler, L50, F|
|poke|p1|Magmar, L50, M|
|poke|p1|Metagross, L50|
|poke|p2|Rillaboom, L50, F|
|poke|p2|Electabuzz, L50, M|
|poke|p2|Volcarona, L50, M|
|poke|p2|Sneasler, L50, M|
|poke|p2|Dragapult, L50, M|
|poke|p2|Golduck, L50, M|
|teampreview|4
|showteam|p1|Ninetales-Alola||NeverMeltIce|SnowWarning|Blizzard,FreezeDry,AuroraVeil,Protect|||F|||50|,,,,,Ice]Garchomp||LifeOrb|RoughSkin|Earthquake,StompingTantrum,DragonClaw,Protect|||F|||50|,,,,,Steel]Kingambit||BlackGlasses|Defiant|KowtowCleave,SwordsDance,SuckerPunch,Protect|||F|||50|,,,,,Flying]Sneasler||FocusSash|PoisonTouch|Coaching,CloseCombat,DireClaw,FakeOut|||F|||50|,,,,,Flying]Magmar||Eviolite|VitalSpirit|Protect,HeatWave,WillOWisp,FollowMe|||M|||50|,,,,,Ghost]Metagross||AssaultVest|ClearBody|HeavySlam,PsychicFangs,BulletPunch,StompingTantrum||||||50|,,,,,Water
|showteam|p2|Rillaboom||AssaultVest|GrassySurge|WoodHammer,GrassyGlide,HighHorsepower,FakeOut|||F|||50|,,,,,Fire]Electabuzz||Eviolite|VitalSpirit|FollowMe,Thunderbolt,Taunt,Protect|||M|||50|,,,,,Ghost]Volcarona||Leftovers|FlameBody|QuiverDance,HeatWave,TeraBlast,Protect|||M|||50|,,,,,Fairy]Sneasler||FocusSash|Unburden|CloseCombat,DireClaw,FakeOut,Protect|||M|||50|,,,,,Stellar]Dragapult||ChoiceBand|ClearBody|Outrage,DragonDarts,Uturn,PhantomForce|||M|||50|,,,,,Dragon]Golduck||BlunderPolicy|CloudNine|Haze,HelpingHand,Disable,MuddyWater|||M|||50|,,,,,Grass
|inactive|Battle timer is ON: inactive players will automatically lose when time's up. (requested by epic17x)
|inactive|epic17x has 60 seconds left.
|inactive|RoadToWorlds44 has 60 seconds left.
|inactive|RoadToWorlds44 has 30 seconds left.
|
|t:|1756409463
|teamsize|p1|4
|teamsize|p2|4
|start
|switch|p1a: Ninetales|Ninetales-Alola, L50, F|100/100
|switch|p1b: Garchomp|Garchomp, L50, F|100/100
|switch|p2a: Volcarona|Volcarona, L50, M|100/100
|switch|p2b: Electabuzz|Electabuzz, L50, M|100/100
|-weather|Snowscape|[from] ability: Snow Warning|[of] p1a: Ninetales
|turn|1
|inactive|RoadToWorlds44 has 30 seconds left.
|inactive|RoadToWorlds44 has 20 seconds left.
|inactive|RoadToWorlds44 has 15 seconds left.
|inactive|RoadToWorlds44 has 10 seconds left.
|inactive|RoadToWorlds44 has 5 seconds left.
|
|t:|1756409517
|move|p2b: Electabuzz|Protect|p2b: Electabuzz
|-singleturn|p2b: Electabuzz|Protect
|move|p1a: Ninetales|Aurora Veil|p1a: Ninetales
|-sidestart|p1: epic17x|move: Aurora Veil
|move|p1b: Garchomp|Earthquake|p2a: Volcarona|[spread] p1a,p2a
|-activate|p2b: Electabuzz|move: Protect
|-damage|p1a: Ninetales|69/100
|-damage|p2a: Volcarona|40/100
|-damage|p1b: Garchomp|91/100|[from] item: Life Orb
|move|p2a: Volcarona|Quiver Dance|p2a: Volcarona
|-boost|p2a: Volcarona|spa|1
|-boost|p2a: Volcarona|spd|1
|-boost|p2a: Volcarona|spe|1
|
|-weather|Snowscape|[upkeep]
|-heal|p2a: Volcarona|46/100|[from] item: Leftovers
|upkeep
|turn|2
|inactive|epic17x has 30 seconds left.
|inactive|RoadToWorlds44 has 30 seconds left.
|inactive|RoadToWorlds44 has 20 seconds left.
|
|t:|1756409555
|switch|p2b: Rillaboom|Rillaboom, L50, F|100/100
|-fieldstart|move: Grassy Terrain|[from] ability: Grassy Surge|[of] p2b: Rillaboom
|-terastallize|p1b: Garchomp|Steel
|move|p2a: Volcarona|Protect|p2a: Volcarona
|-singleturn|p2a: Volcarona|Protect
|move|p1a: Ninetales|Protect|p1a: Ninetales
|-singleturn|p1a: Ninetales|Protect
|move|p1b: Garchomp|Earthquake|p2a: Volcarona|[spread] p2b
|-activate|p1a: Ninetales|move: Protect
|-activate|p2a: Volcarona|move: Protect
|-resisted|p2b: Rillaboom
|-damage|p2b: Rillaboom|89/100
|-damage|p1b: Garchomp|81/100|[from] item: Life Orb
|
|-weather|Snowscape|[upkeep]
|-heal|p2a: Volcarona|52/100|[from] Grassy Terrain
|-heal|p2a: Volcarona|58/100|[from] item: Leftovers
|-heal|p1a: Ninetales|75/100|[from] Grassy Terrain
|-heal|p1b: Garchomp|87/100|[from] Grassy Terrain
|-heal|p2b: Rillaboom|95/100|[from] Grassy Terrain
|upkeep
|turn|3
|
|t:|1756409579
|move|p1b: Garchomp|Protect|p1b: Garchomp
|-singleturn|p1b: Garchomp|Protect
|move|p2b: Rillaboom|Fake Out|p1b: Garchomp
|-activate|p1b: Garchomp|move: Protect
|move|p2a: Volcarona|Heat Wave|p1a: Ninetales|[spread] p1a
|-activate|p1b: Garchomp|move: Protect
|-supereffective|p1a: Ninetales
|-crit|p1a: Ninetales
|-damage|p1a: Ninetales|0 fnt
|faint|p1a: Ninetales
|
|-weather|Snowscape|[upkeep]
|-heal|p2a: Volcarona|65/100|[from] Grassy Terrain
|-heal|p2a: Volcarona|71/100|[from] item: Leftovers
|-heal|p1b: Garchomp|93/100|[from] Grassy Terrain
|-heal|p2b: Rillaboom|100/100|[from] Grassy Terrain
|upkeep
|
|t:|1756409587
|switch|p1a: Sneasler|Sneasler, L50, F|100/100
|turn|4
|
|t:|1756409607
|switch|p2b: Electabuzz|Electabuzz, L50, M|100/100
|move|p2a: Volcarona|Protect|p2a: Volcarona
|-singleturn|p2a: Volcarona|Protect
|move|p1a: Sneasler|Dire Claw|p2b: Electabuzz
|-damage|p2b: Electabuzz|68/100
|-status|p2b: Electabuzz|psn
|move|p1b: Garchomp|Dragon Claw|p2b: Electabuzz
|-damage|p2b: Electabuzz|27/100 psn
|-damage|p1b: Garchomp|84/100|[from] item: Life Orb
|
|-weather|Snowscape|[upkeep]
|-heal|p2a: Volcarona|77/100|[from] Grassy Terrain
|-heal|p2a: Volcarona|83/100|[from] item: Leftovers
|-heal|p1b: Garchomp|89/100|[from] Grassy Terrain
|-heal|p2b: Electabuzz|33/100 psn|[from] Grassy Terrain
|-damage|p2b: Electabuzz|20/100 psn|[from] psn
|upkeep
|turn|5
|inactive|RoadToWorlds44 has 30 seconds left.
|
|t:|1756409633
|move|p2b: Electabuzz|Follow Me|p2b: Electabuzz
|-singleturn|p2b: Electabuzz|move: Follow Me
|move|p2a: Volcarona|Heat Wave|p1a: Sneasler|[spread] p1a,p1b
|-supereffective|p1b: Garchomp
|-damage|p1a: Sneasler|48/100
|-damage|p1b: Garchomp|19/100
|move|p1a: Sneasler|Dire Claw|p2b: Electabuzz
|-crit|p2b: Electabuzz
|-damage|p2b: Electabuzz|0 fnt
|faint|p2b: Electabuzz
|move|p1b: Garchomp|Stomping Tantrum|p2a: Volcarona
|-damage|p2a: Volcarona|20/100
|-status|p1b: Garchomp|brn|[from] ability: Flame Body|[of] p2a: Volcarona
|-damage|p1b: Garchomp|9/100 brn|[from] item: Life Orb
|
|-weather|none
|-heal|p2a: Volcarona|27/100|[from] Grassy Terrain
|-heal|p2a: Volcarona|33/100|[from] item: Leftovers
|-heal|p1a: Sneasler|54/100|[from] Grassy Terrain
|-heal|p1b: Garchomp|15/100 brn|[from] Grassy Terrain
|-damage|p1b: Garchomp|9/100 brn|[from] brn
|-sideend|p1: epic17x|move: Aurora Veil
|upkeep
|
|t:|1756409651
|switch|p2b: Rillaboom|Rillaboom, L50, F|100/100
|turn|6
|inactive|RoadToWorlds44 has 30 seconds left.
|inactive|RoadToWorlds44 has 20 seconds left.
|inactive|RoadToWorlds44 has 15 seconds left.
|inactive|RoadToWorlds44 has 10 seconds left.
|inactive|RoadToWorlds44 has 5 seconds left.
|
|t:|1756409703
|move|p2b: Rillaboom|Fake Out|p1a: Sneasler
|-damage|p1a: Sneasler|30/100
|move|p2a: Volcarona|Tera Blast|p1b: Garchomp
|-resisted|p1b: Garchomp
|-damage|p1b: Garchomp|0 fnt
|faint|p1b: Garchomp
|cant|p1a: Sneasler|flinch
|
|-heal|p2a: Volcarona|39/100|[from] Grassy Terrain
|-heal|p2a: Volcarona|45/100|[from] item: Leftovers
|-heal|p1a: Sneasler|35/100|[from] Grassy Terrain
|-fieldend|move: Grassy Terrain
|upkeep
|
|t:|1756409707
|switch|p1b: Kingambit|Kingambit, L50, F|100/100
|turn|7
|inactive|RoadToWorlds44 has 30 seconds left.
|inactive|RoadToWorlds44 has 20 seconds left.
|inactive|RoadToWorlds44 has 15 seconds left.
|
|t:|1756409750
|-terastallize|p2a: Volcarona|Fairy
|move|p2a: Volcarona|Heat Wave|p1a: Sneasler|[spread] 
|-miss|p2a: Volcarona|p1a: Sneasler
|-miss|p2a: Volcarona|p1b: Kingambit
|move|p1a: Sneasler|Dire Claw|p2b: Rillaboom
|-supereffective|p2b: Rillaboom
|-damage|p2b: Rillaboom|18/100
|-status|p2b: Rillaboom|psn|[from] ability: Poison Touch|[of] p1a: Sneasler
|move|p2b: Rillaboom|High Horsepower|p1b: Kingambit
|-supereffective|p1b: Kingambit
|-damage|p1b: Kingambit|46/100
|move|p1b: Kingambit|Kowtow Cleave|p2a: Volcarona
|-resisted|p2a: Volcarona
|-damage|p2a: Volcarona|15/100
|
|-heal|p2a: Volcarona|21/100|[from] item: Leftovers
|-damage|p2b: Rillaboom|5/100 psn|[from] psn
|upkeep
|turn|8
|inactive|RoadToWorlds44 has 30 seconds left.
|
|t:|1756409783
|move|p2a: Volcarona|Protect|p2a: Volcarona
|-singleturn|p2a: Volcarona|Protect
|move|p1b: Kingambit|Sucker Punch||[still]
|-fail|p1b: Kingambit
|move|p1a: Sneasler|Dire Claw|p2b: Rillaboom
|-supereffective|p2b: Rillaboom
|-crit|p2b: Rillaboom
|-damage|p2b: Rillaboom|0 fnt
|faint|p2b: Rillaboom
|
|-heal|p2a: Volcarona|27/100|[from] item: Leftovers
|upkeep
|
|t:|1756409788
|switch|p2b: Golduck|Golduck, L50, M|100/100
|-ability|p2b: Golduck|Cloud Nine
|turn|9
|
|t:|1756409803
|move|p1b: Kingambit|Sucker Punch|p2a: Volcarona
|-resisted|p2a: Volcarona
|-damage|p2a: Volcarona|0 fnt
|faint|p2a: Volcarona
|move|p1a: Sneasler|Dire Claw|p2b: Golduck
|-damage|p2b: Golduck|51/100
|-status|p2b: Golduck|par
|move|p2b: Golduck|Disable|p1b: Kingambit
|-start|p1b: Kingambit|Disable|Sucker Punch
|
|upkeep
|turn|10
|
|t:|1756409820
|move|p1a: Sneasler|Close Combat|p2b: Golduck
|-damage|p2b: Golduck|0 fnt
|-unboost|p1a: Sneasler|def|1
|-unboost|p1a: Sneasler|spd|1
|faint|p2b: Golduck
|
|win|epic17x
||epic17x is ready for game 2.
|inactive|RoadToWorlds44 has 30 seconds to confirm battle start!
|inactive|RoadToWorlds44 has 20 seconds to confirm battle start!
|raw|epic17x's rating: 1338 → 1353(+15 for winning)
|raw|RoadToWorlds44's rating: 1254 → 1235(-19 for losing)
|l|☆RoadToWorlds44
|player|p2|
