|j|☆ToastedArt
|j|☆naight_7
|html|ToastedArtnaight_7    
|uhtml|bestof|Game 2 of a best-of-3
|t:|1784482868
|gametype|doubles
|player|p1|ToastedArt|clemont|1149
|player|p2|naight_7|hilbert-wonderlauncher|1122
|gen|9
|tier|[Gen 9 Champions] VGC 2026 Reg M-B (Bo3)
|rated|
|rule|Species Clause: Limit one of each Pokémon
|rule|Item Clause: Limit 1 of each item
|clearpoke
|poke|p1|Falinks, L50, shiny|
|poke|p1|Incineroar, L50, M|
|poke|p1|Vanilluxe, L50, F, shiny|
|poke|p1|Basculegion, L50, M, shiny|
|poke|p1|Sneasler, L50, F|
|poke|p1|Dragonite, L50, M|
|poke|p2|Pyroar, L50, M|
|poke|p2|Whimsicott, L50, M|
|poke|p2|Glimmora, L50, M|
|poke|p2|Torkoal, L50, M|
|poke|p2|Vileplume, L50, F|
|poke|p2|Sylveon, L50, F|
|teampreview|4
|showteam|p1|Falinks||Falinksite|Defiant|NoRetreat,CloseCombat,RockSlide,Protect|Adamant|||||50|]Incineroar||PasshoBerry|Intimidate|FakeOut,FlareBlitz,HelpingHand,PartingShot|Impish||M|||50|]Vanilluxe||ChoiceScarf|SnowWarning|Blizzard,FreezeDry,IcyWind,SheerCold|Modest||F|||50|]Basculegion||SitrusBerry|Adaptability|WaveCrash,LastRespects,AquaJet,Protect|Adamant||M|||50|]Sneasler||FocusSash|PoisonTouch|PoisonJab,CloseCombat,FakeOut,Coaching|Jolly||F|||50|]Dragonite||DragonFang|Multiscale|DragonClaw,ExtremeSpeed,ThunderPunch,Tailwind|Adamant||M|||50|
|showteam|p2|Pyroar||Pyroarite|Unnerve|HeatWave,SolarBeam,Protect,Overheat|Modest||M|||50|]Whimsicott||OccaBerry|Prankster|Tailwind,Encore,Moonblast,SunnyDay|Modest||M|||50|]Glimmora||FocusSash|ToxicDebris|EarthPower,PowerGem,SludgeBomb,SpikyShield|Timid||M|||50|]Torkoal||Charcoal|Drought|Eruption,HeatWave,Protect,EarthPower|Calm||M|||50|]Vileplume||Leftovers|Chlorophyll|SleepPowder,EnergyBall,AfterYou,StrengthSap|Timid||F|||50|]Sylveon||FairyFeather|Pixilate|HyperVoice,HyperBeam,Protect,Psychic|Modest||F|||50|
|inactive|Battle timer is ON: inactive players will automatically lose when time's up. (requested by ToastedArt)
|
|t:|1784482898
|teamsize|p1|4
|teamsize|p2|4
|start
|switch|p1a: Sneasler|Sneasler, L50, F|100/100
|switch|p1b: Dragonite|Dragonite, L50, M|100/100
|switch|p2a: Torkoal|Torkoal, L50, M|100/100
|switch|p2b: Vileplume|Vileplume, L50, F|100/100
|-weather|SunnyDay|[from] ability: Drought|[of] p2a: Torkoal
|turn|1
|
|t:|1784482912
|move|p1a: Sneasler|Fake Out|p2b: Vileplume
|-damage|p2b: Vileplume|85/100
|cant|p2b: Vileplume|flinch
|move|p1b: Dragonite|Tailwind|p1b: Dragonite
|-sidestart|p1: ToastedArt|move: Tailwind
|move|p2a: Torkoal|Eruption|p1a: Sneasler|[spread] p1a,p1b
|-resisted|p1b: Dragonite|1
|-damage|p1a: Sneasler|20/100y
|-damage|p1b: Dragonite|83/100
|
|-weather|SunnyDay|[upkeep]
|-heal|p2b: Vileplume|91/100|[from] item: Leftovers
|upkeep
|turn|2
|inactive|naight_7 has 30 seconds left.
|
|t:|1784482937
|move|p1a: Sneasler|Coaching|p1b: Dragonite
|-boost|p1b: Dragonite|atk|1
|-boost|p1b: Dragonite|def|1
|move|p1b: Dragonite|Dragon Claw|p2b: Vileplume
|-damage|p2b: Vileplume|3/100
|move|p2b: Vileplume|Strength Sap|p1b: Dragonite
|-unboost|p1b: Dragonite|atk|1
|-heal|p2b: Vileplume|100/100
|move|p2a: Torkoal|Heat Wave|p1b: Dragonite|[spread] p1a,p1b
|-resisted|p1b: Dragonite|1
|-damage|p1a: Sneasler|0 fnt
|-damage|p1b: Dragonite|64/100
|faint|p1a: Sneasler
|
|-weather|SunnyDay|[upkeep]
|upkeep
|
|t:|1784482945
|switch|p1a: Vanilluxe|Vanilluxe, L50, F, shiny|100/100
|-weather|Snowscape|[from] ability: Snow Warning|[of] p1a: Vanilluxe
|turn|3
|inactive|naight_7 has 30 seconds left.
|
|t:|1784482978
|move|p1a: Vanilluxe|Blizzard|p2a: Torkoal|[spread] p2a,p2b
|-resisted|p2a: Torkoal|1
|-supereffective|p2b: Vileplume|1
|-damage|p2a: Torkoal|83/100
|-damage|p2b: Vileplume|13/100
|-status|p2a: Torkoal|frz
|move|p1b: Dragonite|Dragon Claw|p2a: Torkoal
|-damage|p2a: Torkoal|43/100 frz
|move|p2b: Vileplume|Sleep Powder|p1a: Vanilluxe
|-status|p1a: Vanilluxe|slp|[from] move: Sleep Powder
|cant|p2a: Torkoal|frz
|
|-weather|Snowscape|[upkeep]
|-heal|p2b: Vileplume|19/100|[from] item: Leftovers
|upkeep
|turn|4
|
|t:|1784482997
|move|p1b: Dragonite|Extreme Speed|p2b: Vileplume
|-damage|p2b: Vileplume|0 fnt
|faint|p2b: Vileplume
|cant|p1a: Vanilluxe|slp
|cant|p2a: Torkoal|frz
|
|-weather|Snowscape|[upkeep]
|-sideend|p1: ToastedArt|move: Tailwind
|upkeep
|
|t:|1784483008
|switch|p2b: Whimsicott|Whimsicott, L50, M|100/100
|turn|5
|
|t:|1784483022
|switch|p1b: Incineroar|Incineroar, L50, M|100/100
|-ability|p1b: Incineroar|Intimidate|boost
|-unboost|p2a: Torkoal|atk|1
|-unboost|p2b: Whimsicott|atk|1
|move|p2b: Whimsicott|Sunny Day|p2b: Whimsicott
|-weather|SunnyDay
|-curestatus|p1a: Vanilluxe|slp|[msg]
|move|p1a: Vanilluxe|Blizzard|p2b: Whimsicott|[spread] p2b
|-miss|p1a: Vanilluxe|p2a: Torkoal
|-supereffective|p2b: Whimsicott|1
|-damage|p2b: Whimsicott|0 fnt
|faint|p2b: Whimsicott
|-curestatus|p2a: Torkoal|frz|[msg]
|move|p2a: Torkoal|Heat Wave|p1b: Incineroar|[spread] p1b
|-miss|p2a: Torkoal|p1a: Vanilluxe
|-resisted|p1b: Incineroar|1
|-damage|p1b: Incineroar|82/100
|
|-weather|SunnyDay|[upkeep]
|upkeep
|
|t:|1784483042
|switch|p2b: Pyroar|Pyroar, L50, M|100/100
|-ability|p2b: Pyroar|Unnerve
|turn|6
|inactive|ToastedArt has 30 seconds left.
|inactive|ToastedArt has 20 seconds left.
|inactive|ToastedArt has 15 seconds left.
|
|t:|1784483082
|switch|p1a: Dragonite|Dragonite, L50, M|64/100
|move|p2b: Pyroar|Protect|p2b: Pyroar
|-singleturn|p2b: Pyroar|Protect
|move|p2a: Torkoal|Protect|p2a: Torkoal
|-singleturn|p2a: Torkoal|Protect
|move|p1b: Incineroar|Fake Out|p2b: Pyroar
|-activate|p2b: Pyroar|move: Protect
|
|-weather|SunnyDay|[upkeep]
|upkeep
|turn|7
|
|t:|1784483097
|detailschange|p2b: Pyroar|Pyroar-Mega, L50, M
|-mega|p2b: Pyroar|Pyroar|Pyroarite
|move|p1b: Incineroar|Helping Hand|p1a: Dragonite
|-singleturn|p1a: Dragonite|Helping Hand|[of] p1b: Incineroar
|move|p2b: Pyroar|Heat Wave|p1b: Incineroar|[spread] p1a,p1b
|-resisted|p1a: Dragonite|1
|-resisted|p1b: Incineroar|1
|-damage|p1a: Dragonite|11/100
|-damage|p1b: Incineroar|42/100
|move|p1a: Dragonite|Dragon Claw|p2b: Pyroar
|-damage|p2b: Pyroar|7/100
|move|p2a: Torkoal|Heat Wave|p1a: Dragonite|[spread] p1a,p1b
|-resisted|p1a: Dragonite|1
|-resisted|p1b: Incineroar|1
|-damage|p1a: Dragonite|0 fnt
|-damage|p1b: Incineroar|25/100
|faint|p1a: Dragonite
|
|-weather|SunnyDay|[upkeep]
|upkeep
|
|t:|1784483107
|switch|p1a: Vanilluxe|Vanilluxe, L50, F, shiny|100/100
|-weather|Snowscape|[from] ability: Snow Warning|[of] p1a: Vanilluxe
|turn|8
|
|t:|1784483121
|move|p1a: Vanilluxe|Blizzard|p2a: Torkoal|[spread] p2a,p2b
|-resisted|p2a: Torkoal|1
|-resisted|p2b: Pyroar|1
|-damage|p2a: Torkoal|23/100
|-damage|p2b: Pyroar|0 fnt
|-status|p2a: Torkoal|frz
|faint|p2b: Pyroar
|move|p1b: Incineroar|Flare Blitz|p2a: Torkoal
|-resisted|p2a: Torkoal|1
|-damage|p2a: Torkoal|6/100 frz
|-curestatus|p2a: Torkoal|frz|[msg]
|-damage|p1b: Incineroar|20/100y|[from] Recoil
|move|p2a: Torkoal|Heat Wave|p1b: Incineroar|[spread] p1a,p1b
|-supereffective|p1a: Vanilluxe|1
|-resisted|p1b: Incineroar|1
|-damage|p1a: Vanilluxe|40/100
|-damage|p1b: Incineroar|7/100
|
|-weather|Snowscape|[upkeep]
|upkeep
|turn|9
|inactive|ToastedArt has 30 seconds left.
|
|t:|1784483152
|move|p1a: Vanilluxe|Blizzard|p2a: Torkoal
|-resisted|p2a: Torkoal|1
|-damage|p2a: Torkoal|0 fnt
|faint|p2a: Torkoal
|
|win|ToastedArt
