|j|☆fogster
|j|☆HolgerD
|html|fogsterHolgerD    
|uhtml|bestof|Game 1 of a best-of-3
|t:|1756679028
|gametype|doubles
|player|p1|fogster|medium|1145
|player|p2|HolgerD|2|1283
|gen|9
|tier|[Gen 9] VGC 2025 Reg H (Bo3)
|rated|
|rule|Species Clause: Limit one of each Pokémon
|rule|Item Clause: Limit 1 of each item
|clearpoke
|poke|p1|Dragonite, L50, M|
|poke|p1|Whimsicott, L50, M|
|poke|p1|Porygon2, L50|
|poke|p1|Annihilape, L50, M|
|poke|p1|Kingambit, L50, M|
|poke|p1|Typhlosion-Hisui, L50, M|
|poke|p2|Maushold, L50|
|poke|p2|Pelipper, L50, M|
|poke|p2|Archaludon, L50, M|
|poke|p2|Ursaluna, L50, F|
|poke|p2|Sinistcha, L50|
|poke|p2|Basculegion, L50, M|
|teampreview|4
|showteam|p1|Dragonite||LoadedDice|Multiscale|ScaleShot,IceSpinner,StompingTantrum,Protect|||M|||50|,,,,,Steel]Whimsicott||FocusSash|Prankster|Tailwind,Moonblast,SunnyDay,BeatUp|||M|||50|,,,,,Ghost]Porygon2||Eviolite|Download|TeraBlast,IceBeam,Recover,TrickRoom||||||50|,,,,,Fighting]Annihilape||SafetyGoggles|Defiant|RageFist,CloseCombat,DrainPunch,Protect|||M|||50|,,,,,Fire]Kingambit||AssaultVest|Defiant|LowKick,SuckerPunch,KowtowCleave,TeraBlast|||M|||50|,,,,,Flying]Typhlosion-Hisui||ChoiceScarf|Blaze|Eruption,HeatWave,ShadowBall,Overheat|||M|||50|,,,,,Fire
|showteam|p2|Maushold||WideLens|Technician|PopulationBomb,FollowMe,Taunt,Protect||||||50|,,,,,Ghost]Pelipper||FocusSash|Drizzle|Hurricane,MuddyWater,Tailwind,Protect|||M|||50|,,,,,Stellar]Archaludon||AssaultVest|Stamina|DragonPulse,ElectroShot,BodyPress,FlashCannon|||M|||50|,,,,,Bug]Ursaluna||FlameOrb|Guts|Facade,HeadlongRush,Earthquake,Protect|||F|||50|,,,,,Ghost]Sinistcha||SitrusBerry|Hospitality|MatchaGotcha,LifeDew,RagePowder,TrickRoom||||||50|,,,,,Dark]Basculegion||ChoiceBand|SwiftSwim|AquaJet,FlipTurn,LastRespects,WaveCrash|||M|||50|,,,,,Water
|inactive|Battle timer is ON: inactive players will automatically lose when time's up. (requested by HolgerD)
|
|t:|1756679124
|teamsize|p1|4
|teamsize|p2|4
|start
|switch|p1a: Whimsicott|Whimsicott, L50, M|100/100
|switch|p1b: Annihilape|Annihilape, L50, M|100/100
|switch|p2a: Maushold|Maushold, L50|100/100
|switch|p2b: Basculegion|Basculegion, L50, M|100/100
|turn|1
|inactive|fogster has 30 seconds left.
|inactive|fogster has 20 seconds left.
|inactive|fogster has 15 seconds left.
|inactive|fogster has 10 seconds left.
|
|t:|1756679171
|move|p1a: Whimsicott|Beat Up|p1b: Annihilape
|-crit|p1b: Annihilape
|-damage|p1b: Annihilape|97/100
|-damage|p1b: Annihilape|94/100
|-damage|p1b: Annihilape|90/100
|-damage|p1b: Annihilape|86/100
|-hitcount|p1b: Annihilape|4
|move|p2a: Maushold|Population Bomb|p1a: Whimsicott
|-damage|p1a: Whimsicott|83/100
|-damage|p1a: Whimsicott|65/100
|-damage|p1a: Whimsicott|49/100
|-damage|p1a: Whimsicott|33/100
|-damage|p1a: Whimsicott|15/100
|-damage|p1a: Whimsicott|0 fnt
|faint|p1a: Whimsicott
|-hitcount|p1: Whimsicott|6
|move|p1b: Annihilape|Rage Fist|p2b: Basculegion
|-supereffective|p2b: Basculegion
|-damage|p2b: Basculegion|0 fnt
|faint|p2b: Basculegion
|
|upkeep
|inactive|fogster has 30 seconds left.
|
|t:|1756679197
|switch|p1a: Kingambit|Kingambit, L50, M|100/100
|switch|p2b: Pelipper|Pelipper, L50, M|100/100
|-weather|RainDance|[from] ability: Drizzle|[of] p2b: Pelipper
|turn|2
|inactive|fogster has 30 seconds left.
|
|t:|1756679222
|switch|p2b: Archaludon|Archaludon, L50, M|100/100
|move|p2a: Maushold|Population Bomb|p2b: Archaludon
|-resisted|p2b: Archaludon
|-damage|p2b: Archaludon|96/100
|-ability|p2b: Archaludon|Stamina|boost
|-boost|p2b: Archaludon|def|1
|-resisted|p2b: Archaludon
|-damage|p2b: Archaludon|94/100
|-ability|p2b: Archaludon|Stamina|boost
|-boost|p2b: Archaludon|def|1
|-resisted|p2b: Archaludon
|-damage|p2b: Archaludon|92/100
|-ability|p2b: Archaludon|Stamina|boost
|-boost|p2b: Archaludon|def|1
|-resisted|p2b: Archaludon
|-damage|p2b: Archaludon|90/100
|-ability|p2b: Archaludon|Stamina|boost
|-boost|p2b: Archaludon|def|1
|-resisted|p2b: Archaludon
|-damage|p2b: Archaludon|89/100
|-ability|p2b: Archaludon|Stamina|boost
|-boost|p2b: Archaludon|def|1
|-resisted|p2b: Archaludon
|-damage|p2b: Archaludon|87/100
|-ability|p2b: Archaludon|Stamina|boost
|-boost|p2b: Archaludon|def|1
|-hitcount|p2b: Archaludon|6
|move|p1b: Annihilape|Drain Punch|p2a: Maushold
|-supereffective|p2a: Maushold
|-damage|p2a: Maushold|0 fnt
|-heal|p1b: Annihilape|100/100|[from] drain|[of] p2a: Maushold
|faint|p2a: Maushold
|move|p1a: Kingambit|Kowtow Cleave|p2b: Archaludon
|-damage|p2b: Archaludon|79/100
|
|-weather|RainDance|[upkeep]
|upkeep
|
|t:|1756679229
|switch|p2a: Pelipper|Pelipper, L50, M|100/100
|turn|3
|inactive|fogster has 30 seconds left.
|inactive|fogster has 20 seconds left.
|inactive|fogster has 15 seconds left.
|inactive|HolgerD has 30 seconds left.
|inactive|fogster has 10 seconds left.
|inactive|fogster has 5 seconds left.
|
|t:|1756679279
|-terastallize|p2b: Archaludon|Bug
|-terastallize|p1a: Kingambit|Flying
|move|p1b: Annihilape|Drain Punch|p2a: Pelipper
|-resisted|p2a: Pelipper
|-damage|p2a: Pelipper|79/100
|move|p2a: Pelipper|Tailwind|p2a: Pelipper
|-sidestart|p2: HolgerD|move: Tailwind
|move|p2b: Archaludon|Electro Shot||[still]
|-prepare|p2b: Archaludon|Electro Shot
|-boost|p2b: Archaludon|spa|1
|-anim|p2b: Archaludon|Electro Shot|p1b: Annihilape
|-damage|p1b: Annihilape|39/100
|move|p1a: Kingambit|Kowtow Cleave|p2a: Pelipper
|-damage|p2a: Pelipper|22/100
|
|-weather|RainDance|[upkeep]
|upkeep
|turn|4
|
|t:|1756679302
|move|p2a: Pelipper|Protect|p2a: Pelipper
|-singleturn|p2a: Pelipper|Protect
|move|p2b: Archaludon|Electro Shot||[still]
|-prepare|p2b: Archaludon|Electro Shot
|-boost|p2b: Archaludon|spa|1
|-anim|p2b: Archaludon|Electro Shot|p1a: Kingambit
|-supereffective|p1a: Kingambit
|-damage|p1a: Kingambit|3/100
|move|p1b: Annihilape|Rage Fist|p2a: Pelipper
|-activate|p2a: Pelipper|move: Protect
|move|p1a: Kingambit|Tera Blast|p2b: Archaludon|[anim] Tera Blast Flying
|-supereffective|p2b: Archaludon
|-damage|p2b: Archaludon|62/100
|
|-weather|RainDance|[upkeep]
|upkeep
|turn|5
|inactive|HolgerD has 30 seconds left.
|
|t:|1756679334
|move|p2a: Pelipper|Protect||[still]
|-fail|p2a: Pelipper
|move|p1a: Kingambit|Sucker Punch||[still]
|-fail|p1a: Kingambit
|move|p2b: Archaludon|Electro Shot||[still]
|-prepare|p2b: Archaludon|Electro Shot
|-boost|p2b: Archaludon|spa|1
|-anim|p2b: Archaludon|Electro Shot|p1b: Annihilape
|-damage|p1b: Annihilape|0 fnt
|faint|p1b: Annihilape
|
|-weather|RainDance|[upkeep]
|upkeep
|
|t:|1756679345
|switch|p1b: Dragonite|Dragonite, L50, M|100/100
|turn|6
|
|t:|1756679360
|move|p2a: Pelipper|Protect|p2a: Pelipper
|-singleturn|p2a: Pelipper|Protect
|move|p1a: Kingambit|Sucker Punch||[still]
|-fail|p1a: Kingambit
|move|p2b: Archaludon|Electro Shot||[still]
|-prepare|p2b: Archaludon|Electro Shot
|-boost|p2b: Archaludon|spa|1
|-anim|p2b: Archaludon|Electro Shot|p1a: Kingambit
|-supereffective|p1a: Kingambit
|-damage|p1a: Kingambit|0 fnt
|faint|p1a: Kingambit
|move|p1b: Dragonite|Scale Shot|p2b: Archaludon
|-damage|p2b: Archaludon|59/100
|-damage|p2b: Archaludon|56/100
|-damage|p2b: Archaludon|53/100
|-damage|p2b: Archaludon|50/100
|-damage|p2b: Archaludon|47/100
|-hitcount|p2b: Archaludon|5
|-unboost|p1b: Dragonite|def|1
|-boost|p1b: Dragonite|spe|1
|
|-weather|none
|-sideend|p2: HolgerD|move: Tailwind
|upkeep
|turn|7
|
|t:|1756679382
|move|p1b: Dragonite|Scale Shot|p2b: Archaludon|[miss]
|-miss|p1b: Dragonite|p2b: Archaludon
|move|p2a: Pelipper|Muddy Water|p1b: Dragonite
|-resisted|p1b: Dragonite
|-damage|p1b: Dragonite|92/100
|move|p2b: Archaludon|Dragon Pulse|p1b: Dragonite
|-supereffective|p1b: Dragonite
|-damage|p1b: Dragonite|0 fnt
|faint|p1b: Dragonite
|
|win|HolgerD
||fogster is ready for game 2.
|inactive|HolgerD has 30 seconds to confirm battle start!
||HolgerD is ready for game 2.
|uhtml|next|Next: Game 2 of 3
|l|☆fogster
|player|p1|
