|j|☆Llama_Llord
|j|☆J.A.S.31
|html|Llama_LlordJ.A.S.31    
|uhtml|bestof|Game 1 of a best-of-3
|t:|1756337092
|gametype|doubles
|player|p1|Llama_Llord|2|1131
|player|p2|J.A.S.31|kieran-champion|1104
|gen|9
|tier|[Gen 9] VGC 2025 Reg H (Bo3)
|rated|
|rule|Species Clause: Limit one of each Pokémon
|rule|Item Clause: Limit 1 of each item
|clearpoke
|poke|p1|Meowscarada, L50, F|
|poke|p1|Primarina, L50, F|
|poke|p1|Indeedee, L50, M|
|poke|p1|Sneasler, L50, F|
|poke|p1|Tatsugiri, L50, F|
|poke|p1|Amoonguss, L50, F|
|poke|p2|Excadrill, L50, F|
|poke|p2|Tyranitar, L50, M|
|poke|p2|Sneasler, L50, M|
|poke|p2|Indeedee, L50, M|
|poke|p2|Corviknight, L50, F|
|poke|p2|Annihilape, L50, M|
|teampreview|4
|showteam|p1|Meowscarada||FocusSash|Overgrow|GrassPledge,KnockOff,FlowerTrick,Protect|||F|||50|,,,,,Fairy]Primarina||LifeOrb|LiquidVoice|WaterPledge,HyperVoice,Moonblast,Protect|||F|||50|,,,,,Poison]Indeedee||SafetyGoggles|PsychicSurge|ExpandingForce,Protect,TrickRoom,Imprison|||M|||50|,,,,,Fire]Sneasler||PsychicSeed|Unburden|DireClaw,CloseCombat,ThroatChop,Protect|||F|||50|,,,,,Stellar]Tatsugiri||AssaultVest|StormDrain|DracoMeteor,IcyWind,TeraBlast,Surf|||F|||50|,,,,,Ground]Amoonguss||SitrusBerry|EffectSpore|Spore,RagePowder,SludgeBomb,Protect|||F|||50|,,,,,Steel
|showteam|p2|Excadrill||FocusSash|SandRush|IronHead,Earthquake,HighHorsepower,Protect|||F|||50|,,,,,Stellar]Tyranitar||AssaultVest|SandStream|RockSlide,KnockOff,TeraBlast,LowKick|||M|||50|,,,,,Flying]Sneasler||PsychicSeed|Unburden|DireClaw,CloseCombat,ThroatChop,Protect|||M|||50|,,,,,Dark]Indeedee||ChoiceScarf|PsychicSurge|ExpandingForce,TeraBlast,Trick,Protect|||M|||50|,,,,,Psychic]Corviknight||Leftovers|MirrorArmor|BraveBird,BulkUp,Roost,Tailwind|||F|||50|,,,,,Dragon]Annihilape||SafetyGoggles|Defiant|RageFist,CloseCombat,FinalGambit,Taunt|||M|||50|,,,,,Water
|inactive|Battle timer is ON: inactive players will automatically lose when time's up. (requested by Llama_Llord)
|j| meepmoop453
|inactive|J.A.S.31 has 60 seconds left.
|
|t:|1756337123
|teamsize|p1|4
|teamsize|p2|4
|start
|switch|p1a: Indeedee|Indeedee, L50, M|100/100
|switch|p1b: Fiona|Primarina, L50, F|100/100
|switch|p2a: Indeedee|Indeedee, L50, M|100/100
|switch|p2b: Sneasler|Sneasler, L50, M|100/100
|-fieldstart|move: Psychic Terrain|[from] ability: Psychic Surge|[of] p2a: Indeedee
|-enditem|p2b: Sneasler|Psychic Seed
|-boost|p2b: Sneasler|spd|1|[from] item: Psychic Seed
|turn|1
|
|t:|1756337139
|move|p1a: Indeedee|Protect|p1a: Indeedee
|-singleturn|p1a: Indeedee|Protect
|move|p1b: Fiona|Protect|p1b: Fiona
|-singleturn|p1b: Fiona|Protect
|move|p2b: Sneasler|Throat Chop|p1a: Indeedee
|-activate|p1a: Indeedee|move: Protect
|move|p2a: Indeedee|Expanding Force|p1b: Fiona|[spread] 
|-activate|p1a: Indeedee|move: Protect
|-activate|p1b: Fiona|move: Protect
|
|upkeep
|turn|2
|
|t:|1756337160
|switch|p1a: Puss in Boots|Meowscarada, L50, F|100/100
|move|p2b: Sneasler|Throat Chop|p1a: Puss in Boots
|-resisted|p1a: Puss in Boots
|-damage|p1a: Puss in Boots|72/100
|-start|p1a: Puss in Boots|Throat Chop|[silent]
|move|p2a: Indeedee|Expanding Force|p1a: Puss in Boots|[spread] p1b
|-immune|p1a: Puss in Boots
|-damage|p1b: Fiona|53/100
|move|p1b: Fiona|Hyper Voice|p2b: Sneasler|[spread] p2a,p2b
|-damage|p2a: Indeedee|31/100
|-damage|p2b: Sneasler|52/100
|-damage|p1b: Fiona|43/100|[from] item: Life Orb
|
|upkeep
|turn|3
|inactive|Llama_Llord has 30 seconds left.
|inactive|Llama_Llord has 20 seconds left.
|
|t:|1756337196
|move|p1a: Puss in Boots|Protect|p1a: Puss in Boots
|-singleturn|p1a: Puss in Boots|Protect
|move|p2b: Sneasler|Dire Claw|p1a: Puss in Boots
|-activate|p1a: Puss in Boots|move: Protect
|move|p2a: Indeedee|Expanding Force|p1b: Fiona|[spread] p1b
|-activate|p1a: Puss in Boots|move: Protect
|-damage|p1b: Fiona|0 fnt
|faint|p1b: Fiona
|
|-end|p1a: Puss in Boots|Throat Chop|[silent]
|upkeep
|
|t:|1756337203
|switch|p1b: Sneasler|Sneasler, L50, F|100/100
|-enditem|p1b: Sneasler|Psychic Seed
|-boost|p1b: Sneasler|spd|1|[from] item: Psychic Seed
|turn|4
|
|t:|1756337215
|switch|p1a: Indeedee|Indeedee, L50, M|100/100
|move|p1b: Sneasler|Dire Claw|p2a: Indeedee
|-damage|p2a: Indeedee|0 fnt
|faint|p2a: Indeedee
|move|p2b: Sneasler|Dire Claw|p1a: Indeedee
|-damage|p1a: Indeedee|14/100
|-status|p1a: Indeedee|psn
|
|-damage|p1a: Indeedee|2/100 psn|[from] psn
|upkeep
|
|t:|1756337225
|switch|p2a: Excadrill|Excadrill, L50, F|100/100
|turn|5
|
|t:|1756337235
|-terastallize|p1b: Sneasler|Stellar
|move|p2b: Sneasler|Protect|p2b: Sneasler
|-singleturn|p2b: Sneasler|Protect
|move|p2a: Excadrill|Protect|p2a: Excadrill
|-singleturn|p2a: Excadrill|Protect
|move|p1b: Sneasler|Close Combat|p2a: Excadrill
|-activate|p2a: Excadrill|move: Protect
|move|p1a: Indeedee|Expanding Force|p2a: Excadrill|[spread] 
|-activate|p2a: Excadrill|move: Protect
|-activate|p2b: Sneasler|move: Protect
|
|-damage|p1a: Indeedee|0 fnt|[from] psn
|faint|p1a: Indeedee
|-fieldend|move: Psychic Terrain
|upkeep
|
|t:|1756337240
|switch|p1a: Puss in Boots|Meowscarada, L50, F|72/100
|turn|6
|
|t:|1756337255
|move|p2b: Sneasler|Dire Claw|p1a: Puss in Boots
|-supereffective|p1a: Puss in Boots
|-damage|p1a: Puss in Boots|0 fnt
|faint|p1a: Puss in Boots
|move|p1b: Sneasler|Close Combat|p2b: Sneasler
|-resisted|p2b: Sneasler
|-damage|p2b: Sneasler|0 fnt
|-unboost|p1b: Sneasler|def|1
|-unboost|p1b: Sneasler|spd|1
|faint|p2b: Sneasler
|move|p2a: Excadrill|High Horsepower|p1b: Sneasler
|-supereffective|p1b: Sneasler
|-crit|p1b: Sneasler
|-damage|p1b: Sneasler|0 fnt
|faint|p1b: Sneasler
|
|win|J.A.S.31
||Llama_Llord is ready for game 2.
|inactive|J.A.S.31 has 30 seconds to confirm battle start!
||J.A.S.31 is ready for game 2.
|uhtml|next|Next: Game 2 of 3
|l|☆Llama_Llord
|player|p1|
