|j|☆viatles
|j|☆ULYSSEMAGERANGS
|html|viatlesULYSSEMAGERANGS    
|uhtml|bestof|Game 2 of a best-of-3
|t:|1784657852
|gametype|doubles
|player|p1|viatles|hiker|1148
|player|p2|ULYSSEMAGERANGS|cynthia-gen4|1111
|gen|9
|tier|[Gen 9 Champions] VGC 2026 Reg M-B (Bo3)
|rated|
|rule|Species Clause: Limit one of each Pokémon
|rule|Item Clause: Limit 1 of each item
|clearpoke
|poke|p1|Beedrill, L50, F, shiny|
|poke|p1|Farigiraf, L50, F|
|poke|p1|Palafin, L50, M|
|poke|p1|Sableye, L50, M|
|poke|p1|Archaludon, L50, M|
|poke|p1|Annihilape, L50, F|
|poke|p2|Garchomp, L50, M, shiny|
|poke|p2|Incineroar, L50, M, shiny|
|poke|p2|Metagross, L50, shiny|
|poke|p2|Sylveon, L50, F, shiny|
|poke|p2|Grimmsnarl, L50, M, shiny|
|poke|p2|Charizard, L50, M, shiny|
|teampreview|4
|showteam|p1|Beedrill||Beedrillite|Swarm|Uturn,DrillRun,PoisonJab,Protect|Jolly||F|||50|]Farigiraf||SitrusBerry|ArmorTail|TrickRoom,Thunderbolt,TwinBeam,RainDance|Bold||F|||50|]Palafin||MysticWater|ZerotoHero|JetPunch,WaveCrash,Protect,DrainPunch|Adamant||M|||50|]Sableye||RoseliBerry|Prankster|FakeOut,FoulPlay,RainDance,Quash|Sassy||M|||50|]Archaludon||Leftovers|Stamina|ElectroShot,Protect,DracoMeteor,AuraSphere|Modest||M|||50|]Annihilape||ChoiceScarf|Defiant|Coaching,CloseCombat,RockSlide,PhantomForce|Jolly||F|||50|
|showteam|p2|Garchomp||Garchompite|RoughSkin|DragonClaw,Earthquake,StompingTantrum,RockSlide|Adamant||M|||50|]Incineroar||PasshoBerry|Intimidate|FakeOut,FlareBlitz,DarkestLariat,CloseCombat|Adamant||M|||50|]Metagross||Metagrossite|ClearBody|BodyPress,IronHead,PsychicFangs,ThunderPunch|Jolly|||||50|]Sylveon||LifeOrb|Pixilate|HyperVoice,Moonblast,HyperBeam,Protect|Modest||F|||50|]Grimmsnarl||LightClay|Prankster|LightScreen,Reflect,SpiritBreak,FoulPlay|Careful||M|||50|]Charizard||CharizarditeY|Blaze|Flamethrower,HeatWave,Hurricane,SolarBeam|Modest||M|||50|
|inactive|Battle timer is ON: inactive players will automatically lose when time's up. (requested by ULYSSEMAGERANGS)
|
|t:|1784657866
|teamsize|p1|4
|teamsize|p2|4
|start
|switch|p1a: Malsumas|Beedrill, L50, F, shiny|100/100
|switch|p1b: Wife's favorite|Palafin, L50, M|100/100
|switch|p2a: Grimmsnarl|Grimmsnarl, L50, M, shiny|100/100
|switch|p2b: Incineroar|Incineroar, L50, M, shiny|100/100
|-ability|p2b: Incineroar|Intimidate|boost
|-unboost|p1a: Malsumas|atk|1
|-unboost|p1b: Wife's favorite|atk|1
|turn|1
|
|t:|1784657878
|detailschange|p1b: Wife's favorite|Palafin-Hero, L50, M
|switch|p1b: Farigiraf|Farigiraf, L50, F|100/100
|detailschange|p1a: Malsumas|Beedrill-Mega, L50, F, shiny
|-mega|p1a: Malsumas|Beedrill|Beedrillite
|move|p2a: Grimmsnarl|Reflect|p2a: Grimmsnarl
|-sidestart|p2: ULYSSEMAGERANGS|Reflect
|move|p1a: Malsumas|U-turn|p2a: Grimmsnarl
|-damage|p2a: Grimmsnarl|68/100
|
|t:|1784657886
|switch|p1a: Annihilape|Annihilape, L50, F|100/100|[from] U-turn
|move|p2b: Incineroar|Flare Blitz|p1a: Annihilape
|-damage|p1a: Annihilape|36/100
|-damage|p2b: Incineroar|77/100|[from] Recoil
|
|upkeep
|turn|2
|
|t:|1784657910
|move|p2a: Grimmsnarl|Light Screen|p2a: Grimmsnarl
|-sidestart|p2: ULYSSEMAGERANGS|move: Light Screen
|move|p1a: Annihilape|Rock Slide|p2a: Grimmsnarl|[spread] p2a,p2b
|-supereffective|p2b: Incineroar|1
|-damage|p2a: Grimmsnarl|55/100
|-damage|p2b: Incineroar|55/100
|move|p2b: Incineroar|Darkest Lariat|p1b: Farigiraf
|-supereffective|p1b: Farigiraf|1
|-damage|p1b: Farigiraf|34/100
|-enditem|p1b: Farigiraf|Sitrus Berry|[eat]
|-heal|p1b: Farigiraf|59/100|[from] item: Sitrus Berry
|move|p1b: Farigiraf|Thunderbolt|p2a: Grimmsnarl
|-damage|p2a: Grimmsnarl|43/100
|
|upkeep
|turn|3
|
|t:|1784657929
|move|p1a: Annihilape|Rock Slide|p2a: Grimmsnarl|[spread] p2a,p2b
|-supereffective|p2b: Incineroar|1
|-damage|p2a: Grimmsnarl|29/100
|-damage|p2b: Incineroar|34/100
|move|p2b: Incineroar|Darkest Lariat|p1b: Farigiraf
|-supereffective|p1b: Farigiraf|1
|-damage|p1b: Farigiraf|0 fnt
|faint|p1b: Farigiraf
|cant|p2a: Grimmsnarl|flinch
|
|upkeep
|
|t:|1784657938
|switch|p1b: Wife's favorite|Palafin-Hero, L50, M|100/100
|-activate|p1b: Wife's favorite|ability: Zero to Hero
|turn|4
|
|t:|1784657952
|move|p1a: Annihilape|Rock Slide|p2b: Incineroar|[spread] p2a,p2b
|-supereffective|p2b: Incineroar|1
|-damage|p2a: Grimmsnarl|16/100
|-damage|p2b: Incineroar|12/100
|move|p1b: Wife's favorite|Drain Punch|p2b: Incineroar
|-supereffective|p2b: Incineroar|1
|-damage|p2b: Incineroar|0 fnt
|faint|p2b: Incineroar
|cant|p2a: Grimmsnarl|flinch
|
|upkeep
|
|t:|1784657958
|switch|p2b: Charizard|Charizard, L50, M, shiny|100/100
|turn|5
|
|t:|1784657971
|detailschange|p2b: Charizard|Charizard-Mega-Y, L50, M, shiny
|-mega|p2b: Charizard|Charizard|Charizardite Y
|-weather|SunnyDay|[from] ability: Drought|[of] p2b: Charizard
|move|p1b: Wife's favorite|Jet Punch|p2a: Grimmsnarl
|-damage|p2a: Grimmsnarl|0 fnt
|faint|p2a: Grimmsnarl
|move|p1a: Annihilape|Rock Slide|p2b: Charizard
|-supereffective|p2b: Charizard|2
|-damage|p2b: Charizard|19/100
|move|p2b: Charizard|Solar Beam||[still]
|-prepare|p2b: Charizard|Solar Beam
|-anim|p2b: Charizard|Solar Beam|p1b: Wife's favorite
|-supereffective|p1b: Wife's favorite|1
|-damage|p1b: Wife's favorite|8/100
|
|-weather|SunnyDay|[upkeep]
|upkeep
|
|t:|1784657983
|switch|p2a: Sylveon|Sylveon, L50, F, shiny|100/100
|turn|6
|
|t:|1784657988
|move|p1b: Wife's favorite|Protect|p1b: Wife's favorite
|-singleturn|p1b: Wife's favorite|Protect
|move|p1a: Annihilape|Rock Slide|p2b: Charizard|[spread] p2a,p2b
|-supereffective|p2b: Charizard|2
|-damage|p2a: Sylveon|86/100
|-damage|p2b: Charizard|0 fnt
|faint|p2b: Charizard
|move|p2a: Sylveon|Hyper Voice|p1a: Annihilape|[spread] p1a
|-activate|p1b: Wife's favorite|move: Protect
|-supereffective|p1a: Annihilape|1
|-damage|p1a: Annihilape|0 fnt
|faint|p1a: Annihilape
|-damage|p2a: Sylveon|76/100|[from] item: Life Orb
|
|-weather|SunnyDay|[upkeep]
|upkeep
|
|t:|1784658001
|switch|p1a: Malsumas|Beedrill-Mega, L50, F, shiny|100/100
|turn|7
|-message|ULYSSEMAGERANGS forfeited.
|
|win|viatles
|l|☆ULYSSEMAGERANGS
|player|p2|
||ULYSSEMAGERANGS is ready for game 3.
