|j|☆TJMVI
|j|☆DISSSSS
|html|TJMVIDISSSSS    
|uhtml|bestof|Game 3 of a best-of-3
|t:|1756919402
|gametype|doubles
|player|p1|TJMVI|lance|1145
|player|p2|DISSSSS|flannery|1122
|gen|9
|tier|[Gen 9] VGC 2025 Reg H (Bo3)
|rated|
|rule|Species Clause: Limit one of each Pokémon
|rule|Item Clause: Limit 1 of each item
|clearpoke
|poke|p1|Tyranitar, L50, M|
|poke|p1|Garchomp, L50, F|
|poke|p1|Incineroar, L50, M|
|poke|p1|Sneasler, L50, F|
|poke|p1|Corviknight, L50, F|
|poke|p1|Glimmora, L50, F|
|poke|p2|Torkoal, L50, F|
|poke|p2|Lilligant-Hisui, L50, F|
|poke|p2|Hydreigon, L50, F|
|poke|p2|Ursaluna, L50, M|
|poke|p2|Reuniclus, L50, M|
|poke|p2|Indeedee-F, L50, F|
|teampreview|4
|showteam|p1|Tyranitar||AssaultVest|SandStream|RockSlide,KnockOff,BrickBreak,TeraBlast|||M|||50|,,,,,Flying]Garchomp||ClearAmulet|SandVeil|RockSlide,DragonClaw,Earthquake,Protect|||F|||50|,,,,,Rock]Incineroar||SafetyGoggles|Intimidate|FlareBlitz,KnockOff,FakeOut,PartingShot|||M|||50|,,,,,Bug]Sneasler||WhiteHerb|Unburden|DireClaw,CloseCombat,FakeOut,Protect|||F|||50|,,,,,Stellar]Corviknight||SitrusBerry|MirrorArmor|BodyPress,BraveBird,Tailwind,BulkUp|||F|||50|,,,,,Steel]Glimmora||FocusSash|ToxicDebris|SludgeBomb,PowerGem,EarthPower,SpikyShield|||F|||50|,,,,,Grass
|showteam|p2|Torkoal||Charcoal|Drought|Eruption,Protect,HeatWave,EarthPower|||F|||50|,,,,,Fire]Lilligant-Hisui||FocusSash|Chlorophyll|AfterYou,SleepPowder,CloseCombat,SolarBlade|||F|||50|,,,,,Ghost]Hydreigon||CovertCloak|Levitate|DracoMeteor,Protect,DarkPulse,Snarl|||F|||50|,,,,,Poison]Ursaluna||FlameOrb|Guts|Facade,HeadlongRush,Earthquake,Protect|||M|||50|,,,,,Ghost]Reuniclus||LifeOrb|MagicGuard|ExpandingForce,Protect,TrickRoom,TeraBlast|||M|||50|,,,,,Fighting]Indeedee-F||SafetyGoggles|PsychicSurge|TrickRoom,Psychic,FollowMe,HelpingHand|||F|||50|,,,,,Water
|inactive|Battle timer is ON: inactive players will automatically lose when time's up. (requested by DISSSSS)
|inactive|TJMVI also wants the timer to be on.
|inactive|TJMVI has 60 seconds left.
|
|t:|1756919438
|teamsize|p1|4
|teamsize|p2|4
|start
|switch|p1a: Incineroar|Incineroar, L50, M, shiny|100/100
|switch|p1b: Tyranitar|Tyranitar, L50, M|100/100
|switch|p2a: Reuniclus|Reuniclus, L50, M|100/100
|switch|p2b: Indeedee|Indeedee-F, L50, F|100/100
|-weather|Sandstorm|[from] ability: Sand Stream|[of] p1b: Tyranitar
|-fieldstart|move: Psychic Terrain|[from] ability: Psychic Surge|[of] p2b: Indeedee
|-ability|p1a: Incineroar|Intimidate|boost
|-unboost|p2a: Reuniclus|atk|1
|-unboost|p2b: Indeedee|atk|1
|turn|1
|
|t:|1756919458
|move|p2a: Reuniclus|Protect|p2a: Reuniclus
|-singleturn|p2a: Reuniclus|Protect
|move|p1b: Tyranitar|Knock Off|p2a: Reuniclus
|-activate|p2a: Reuniclus|move: Protect
|move|p1a: Incineroar|Knock Off|p2b: Indeedee
|-supereffective|p2b: Indeedee
|-damage|p2b: Indeedee|11/100
|-enditem|p2b: Indeedee|Safety Goggles|[from] move: Knock Off|[of] p1a: Incineroar
|move|p2b: Indeedee|Trick Room|p2b: Indeedee
|-fieldstart|move: Trick Room|[of] p2b: Indeedee
|
|-weather|Sandstorm|[upkeep]
|-damage|p2b: Indeedee|5/100|[from] Sandstorm
|upkeep
|turn|2
|
|t:|1756919481
|switch|p1b: Corviknight|Corviknight, L50, F, shiny|100/100
|-terastallize|p2a: Reuniclus|Fighting
|move|p2b: Indeedee|Follow Me|p2b: Indeedee
|-singleturn|p2b: Indeedee|move: Follow Me
|move|p2a: Reuniclus|Tera Blast|p1a: Incineroar|[anim] Tera Blast Fighting
|-supereffective|p1a: Incineroar
|-damage|p1a: Incineroar|23/100
|move|p1a: Incineroar|Parting Shot|p2b: Indeedee
|-unboost|p2b: Indeedee|atk|1
|-unboost|p2b: Indeedee|spa|1
|
|t:|1756919494
|switch|p1a: Garchomp|Garchomp, L50, F|100/100|[from] Parting Shot
|
|-weather|Sandstorm|[upkeep]
|-damage|p2b: Indeedee|0 fnt|[from] Sandstorm
|faint|p2b: Indeedee
|upkeep
|
|t:|1756919496
|switch|p2b: Ursaluna|Ursaluna, L50, M|100/100
|turn|3
|
|t:|1756919508
|move|p2a: Reuniclus|Protect|p2a: Reuniclus
|-singleturn|p2a: Reuniclus|Protect
|move|p1a: Garchomp|Protect|p1a: Garchomp
|-singleturn|p1a: Garchomp|Protect
|move|p2b: Ursaluna|Facade|p1b: Corviknight
|-resisted|p1b: Corviknight
|-damage|p1b: Corviknight|82/100
|move|p1b: Corviknight|Bulk Up|p1b: Corviknight
|-boost|p1b: Corviknight|atk|1
|-boost|p1b: Corviknight|def|1
|
|-weather|Sandstorm|[upkeep]
|-status|p2b: Ursaluna|brn|[from] item: Flame Orb
|upkeep
|turn|4
|
|t:|1756919542
|switch|p1a: Incineroar|Incineroar, L50, M, shiny|23/100
|-ability|p1a: Incineroar|Intimidate|boost
|-unboost|p2a: Reuniclus|atk|1
|-unboost|p2b: Ursaluna|atk|1
|move|p2a: Reuniclus|Expanding Force|p1b: Corviknight|[spread] p1b
|-immune|p1a: Incineroar
|-resisted|p1b: Corviknight
|-damage|p1b: Corviknight|46/100
|-enditem|p1b: Corviknight|Sitrus Berry|[eat]
|-heal|p1b: Corviknight|71/100|[from] item: Sitrus Berry
|move|p2b: Ursaluna|Facade|p1a: Incineroar
|-damage|p1a: Incineroar|0 fnt
|faint|p1a: Incineroar
|move|p1b: Corviknight|Bulk Up|p1b: Corviknight
|-boost|p1b: Corviknight|atk|1
|-boost|p1b: Corviknight|def|1
|
|-weather|Sandstorm|[upkeep]
|-damage|p2b: Ursaluna|95/100 brn|[from] brn
|upkeep
|
|t:|1756919555
|switch|p1a: Garchomp|Garchomp, L50, F|100/100
|turn|5
|
|t:|1756919576
|move|p1a: Garchomp|Protect|p1a: Garchomp
|-singleturn|p1a: Garchomp|Protect
|move|p2a: Reuniclus|Tera Blast|p1b: Corviknight|[anim] Tera Blast Fighting
|-damage|p1b: Corviknight|19/100
|move|p2b: Ursaluna|Facade|p1b: Corviknight
|-resisted|p1b: Corviknight
|-damage|p1b: Corviknight|3/100
|move|p1b: Corviknight|Body Press|p2b: Ursaluna
|-supereffective|p2b: Ursaluna
|-damage|p2b: Ursaluna|30/100 brn
|
|-weather|none
|-damage|p2b: Ursaluna|24/100 brn|[from] brn
|-fieldend|move: Trick Room
|-fieldend|move: Psychic Terrain
|upkeep
|turn|6
|
|t:|1756919598
|move|p2b: Ursaluna|Protect|p2b: Ursaluna
|-singleturn|p2b: Ursaluna|Protect
|move|p1a: Garchomp|Earthquake|p2a: Reuniclus|[spread] p2a
|-activate|p2b: Ursaluna|move: Protect
|-immune|p1b: Corviknight
|-damage|p2a: Reuniclus|55/100
|move|p1b: Corviknight|Brave Bird|p2a: Reuniclus
|-supereffective|p2a: Reuniclus
|-damage|p2a: Reuniclus|0 fnt
|faint|p2a: Reuniclus
|-damage|p1b: Corviknight|0 fnt|[from] Recoil
|faint|p1b: Corviknight
|
|-damage|p2b: Ursaluna|18/100 brn|[from] brn
|upkeep
|
|t:|1756919609
|switch|p1b: Tyranitar|Tyranitar, L50, M|100/100
|switch|p2a: Lilligant|Lilligant-Hisui, L50, F|100/100
|-weather|Sandstorm|[from] ability: Sand Stream|[of] p1b: Tyranitar
|turn|7
|inactive|DISSSSS has 30 seconds left.
|
|t:|1756919642
|-terastallize|p1b: Tyranitar|Flying
|move|p2a: Lilligant|After You|p2b: Ursaluna
|-activate|p2b: Ursaluna|move: After You
|move|p2b: Ursaluna|Facade|p1a: Garchomp|[miss]
|-miss|p2b: Ursaluna|p1a: Garchomp
|move|p1a: Garchomp|Earthquake|p2b: Ursaluna|[spread] p2a,p2b
|-immune|p1b: Tyranitar
|-resisted|p2a: Lilligant
|-damage|p2a: Lilligant|66/100
|-damage|p2b: Ursaluna|0 fnt
|faint|p2b: Ursaluna
|move|p1b: Tyranitar|Tera Blast|p2a: Lilligant|[anim] Tera Blast Flying
|-supereffective|p2a: Lilligant
|-damage|p2a: Lilligant|0 fnt
|faint|p2a: Lilligant
|
|win|TJMVI
|raw|TJMVI's rating: 1145 → 1168(+23 for winning)
|raw|DISSSSS's rating: 1122 → 1099(-23 for losing)
|l|☆DISSSSS
|player|p2|
