|j|☆sbhaga34
|j|☆L3git Pro
|html|sbhaga34L3git Pro    
|uhtml|bestof|Game 1 of a best-of-3
|t:|1784165495
|gametype|doubles
|player|p1|sbhaga34|hugh|1219
|player|p2|L3git Pro|cynthia-gen7|1181
|gen|9
|tier|[Gen 9 Champions] VGC 2026 Reg M-B (Bo3)
|rated|
|rule|Species Clause: Limit one of each Pokémon
|rule|Item Clause: Limit 1 of each item
|clearpoke
|poke|p1|Excadrill, L50, M|
|poke|p1|Tyranitar, L50, F|
|poke|p1|Corviknight, L50, M|
|poke|p1|Rotom-Wash, L50|
|poke|p1|Mimikyu, L50, M|
|poke|p1|Scovillain, L50, F|
|poke|p2|Meowstic, L50, M|
|poke|p2|Chesnaught, L50, M|
|poke|p2|Armarouge, L50, F|
|poke|p2|Pelipper, L50, M|
|poke|p2|Swampert, L50, F|
|poke|p2|Sylveon, L50, M|
|teampreview|4
|showteam|p1|Excadrill||FocusSash|SandRush|Earthquake,IronHead,SwordsDance,Protect|Adamant||M|||50|]Tyranitar||Tyranitarite|SandStream|RockSlide,KnockOff,LowKick,Protect|Adamant||F|||50|]Corviknight||SharpBeak|MirrorArmor|BraveBird,Tailwind,BulkUp,Roost|Careful||M|||50|]Rotom-Wash||ChoiceScarf|Levitate|VoltSwitch,Thunderbolt,Electroweb,HydroPump|Timid|||||50|]Mimikyu||FairyFeather|Disguise|PlayRough,ShadowSneak,TrickRoom,ShadowClaw|Adamant||M|||50|]Scovillain||Scovillainite|Chlorophyll|RagePowder,Overheat,GigaDrain,Protect|Calm||F|||50|
|showteam|p2|Meowstic||FocusSash|Prankster|FakeOut,PsychicTerrain,ExpandingForce,TrickRoom|Quiet||M|||50|]Chesnaught||Chesnaughtite|Bulletproof|SpikyShield,BodyPress,WideGuard,WoodHammer|Relaxed||M|||50|]Armarouge||LifeOrb|FlashFire|Protect,ArmorCannon,ExpandingForce,TrickRoom|Quiet||F|||50|]Pelipper||SitrusBerry|Drizzle|Hurricane,WeatherBall,WideGuard,Protect|Quiet||M|||50|]Swampert||Swampertite|Torrent|Protect,WaveCrash,Earthquake,IcePunch|Adamant||F|||50|]Sylveon||FairyFeather|Pixilate|Protect,HyperVoice,Moonblast,QuickAttack|Quiet||M|||50|
|j| bdger
|inactive|Battle timer is ON: inactive players will automatically lose when time's up. (requested by L3git Pro)
|
|t:|1784165549
|teamsize|p1|4
|teamsize|p2|4
|start
|switch|p1a: Rotom|Rotom-Wash, L50|100/100
|switch|p1b: Corviknight|Corviknight, L50, M|100/100
|switch|p2a: Meowstic|Meowstic, L50, M|100/100
|switch|p2b: Armarouge|Armarouge, L50, F|100/100
|turn|1
|
|t:|1784165560
|switch|p1b: Tyranitar|Tyranitar, L50, F|100/100
|-weather|Sandstorm|[from] ability: Sand Stream|[of] p1b: Tyranitar
|move|p2a: Meowstic|Fake Out|p1a: Rotom
|-damage|p1a: Rotom|93/100
|cant|p1a: Rotom|flinch
|move|p2b: Armarouge|Trick Room|p2b: Armarouge
|-fieldstart|move: Trick Room|[of] p2b: Armarouge
|
|-weather|Sandstorm|[upkeep]
|-damage|p2b: Armarouge|93/100|[from] Sandstorm
|-damage|p2a: Meowstic|93/100|[from] Sandstorm
|-damage|p1a: Rotom|87/100|[from] Sandstorm
|upkeep
|turn|2
|inactive|sbhaga34 has 30 seconds left.
|
|t:|1784165587
|move|p2a: Meowstic|Psychic Terrain|p2a: Meowstic
|-fieldstart|move: Psychic Terrain
|move|p2b: Armarouge|Expanding Force|p1b: Tyranitar|[spread] p1a
|-immune|p1b: Tyranitar
|-damage|p1a: Rotom|8/100
|-damage|p2b: Armarouge|83/100|[from] item: Life Orb
|move|p1b: Tyranitar|Rock Slide|p2a: Meowstic|[spread] p2a,p2b
|-supereffective|p2b: Armarouge|1
|-damage|p2a: Meowstic|56/100
|-damage|p2b: Armarouge|29/100
|move|p1a: Rotom|Thunderbolt|p2a: Meowstic
|-damage|p2a: Meowstic|23/100
|-status|p2a: Meowstic|par
|
|-weather|Sandstorm|[upkeep]
|-damage|p2a: Meowstic|17/100 par|[from] Sandstorm
|-damage|p2b: Armarouge|23/100|[from] Sandstorm
|-damage|p1a: Rotom|2/100|[from] Sandstorm
|upkeep
|turn|3
|
|t:|1784165607
|switch|p2a: Chesnaught|Chesnaught, L50, M|100/100
|switch|p1a: Corviknight|Corviknight, L50, M|100/100
|move|p2b: Armarouge|Expanding Force|p1b: Tyranitar|[spread] p1a
|-immune|p1b: Tyranitar
|-resisted|p1a: Corviknight|1
|-damage|p1a: Corviknight|64/100
|-damage|p2b: Armarouge|13/100|[from] item: Life Orb
|move|p1b: Tyranitar|Rock Slide|p2b: Armarouge|[spread] p2a,p2b
|-resisted|p2a: Chesnaught|1
|-supereffective|p2b: Armarouge|1
|-damage|p2a: Chesnaught|91/100
|-damage|p2b: Armarouge|0 fnt
|faint|p2b: Armarouge
|
|-weather|Sandstorm|[upkeep]
|-damage|p2a: Chesnaught|85/100|[from] Sandstorm
|upkeep
|
|t:|1784165619
|switch|p2b: Swampert|Swampert, L50, F|100/100
|turn|4
|
|t:|1784165639
|switch|p1b: Rotom|Rotom-Wash, L50|2/100
|detailschange|p2a: Chesnaught|Chesnaught-Mega, L50, M
|-mega|p2a: Chesnaught|Chesnaught|Chesnaughtite
|move|p2a: Chesnaught|Body Press|p1a: Corviknight
|-damage|p1a: Corviknight|14/100
|move|p2b: Swampert|Wave Crash|p1a: Corviknight
|-damage|p1a: Corviknight|0 fnt
|faint|p1a: Corviknight
|-damage|p2b: Swampert|94/100|[from] Recoil
|
|-weather|Sandstorm|[upkeep]
|-damage|p2a: Chesnaught|79/100|[from] Sandstorm
|-damage|p1b: Rotom|0 fnt|[from] Sandstorm
|faint|p1b: Rotom
|upkeep
|
|t:|1784165652
|switch|p1a: Tyranitar|Tyranitar, L50, F|100/100
|switch|p1b: Excadrill|Excadrill, L50, M|100/100
|turn|5
|
|t:|1784165667
|move|p1a: Tyranitar|Protect|p1a: Tyranitar
|-singleturn|p1a: Tyranitar|Protect
|move|p1b: Excadrill|Protect|p1b: Excadrill
|-singleturn|p1b: Excadrill|Protect
|move|p2a: Chesnaught|Body Press|p1a: Tyranitar
|-activate|p1a: Tyranitar|move: Protect
|move|p2b: Swampert|Wave Crash|p1b: Excadrill
|-activate|p1b: Excadrill|move: Protect
|
|-weather|none
|-fieldend|move: Trick Room
|upkeep
|turn|6
|inactive|sbhaga34 has 30 seconds left.
|
|t:|1784165694
|detailschange|p1a: Tyranitar|Tyranitar-Mega, L50, F
|-mega|p1a: Tyranitar|Tyranitar|Tyranitarite
|-weather|Sandstorm|[from] ability: Sand Stream|[of] p1a: Tyranitar
|move|p2a: Chesnaught|Wide Guard|p2a: Chesnaught
|-singleturn|p2a: Chesnaught|Wide Guard
|move|p1b: Excadrill|Iron Head|p2a: Chesnaught
|-damage|p2a: Chesnaught|58/100
|move|p1a: Tyranitar|Low Kick|p2a: Chesnaught
|-damage|p2a: Chesnaught|44/100
|move|p2b: Swampert|Earthquake|p1a: Tyranitar|[spread] p1a,p1b
|-activate|p2a: Chesnaught|move: Wide Guard
|-supereffective|p1a: Tyranitar|1
|-supereffective|p1b: Excadrill|1
|-damage|p1a: Tyranitar|56/100
|-enditem|p1b: Excadrill|Focus Sash
|-damage|p1b: Excadrill|1/100
|
|-weather|Sandstorm|[upkeep]
|-damage|p2a: Chesnaught|37/100|[from] Sandstorm
|-fieldend|move: Psychic Terrain
|upkeep
|turn|7
|-message|sbhaga34 forfeited.
|
|win|L3git Pro
