|j|☆Pokefreak 92
|j|☆gohan92
|html|Pokefreak 92gohan92    
|uhtml|bestof|Game 2 of a best-of-3
|t:|1756855324
|gametype|doubles
|player|p1|Pokefreak 92|lance|
|player|p2|gohan92|170|
|gen|9
|tier|[Gen 9] VGC 2025 Reg H (Bo3)
|rule|Species Clause: Limit one of each Pokémon
|rule|Item Clause: Limit 1 of each item
|clearpoke
|poke|p1|Rillaboom, L50, F|
|poke|p1|Kingambit, L50, M|
|poke|p1|Sneasler, L50, F|
|poke|p1|Dragonite, L50, M|
|poke|p1|Gastrodon-East, L50, M|
|poke|p1|Ceruledge, L50, M|
|poke|p2|Indeedee-F, L50, F|
|poke|p2|Hatterene, L50, F|
|poke|p2|Gallade, L50, M|
|poke|p2|Ursaluna, L50, M|
|poke|p2|Lilligant-Hisui, L50, F|
|poke|p2|Torkoal, L50, M|
|teampreview|4
|showteam|p1|Rillaboom||MiracleSeed|GrassySurge|WoodHammer,GrassyGlide,FakeOut,HighHorsepower|||F|||50|,,,,,Fire]Kingambit||AssaultVest|Defiant|KowtowCleave,SuckerPunch,TeraBlast,IronHead|||M|||50|,,,,,Flying]Sneasler||FocusSash|Unburden|DireClaw,CloseCombat,Coaching,FakeOut|||F|||50|,,,,,Ghost]Dragonite||LoadedDice|Multiscale|ExtremeSpeed,ScaleShot,LowKick,Protect|||M|||50|,,,,,Fairy]Gastrodon-East||SitrusBerry|StormDrain|EarthPower,IceBeam,ClearSmog,Protect|||M|||50|,,,,,Poison]Ceruledge||Leftovers|FlashFire|BitterBlade,ShadowSneak,BulkUp,Protect|||M|||50|,,,,,Grass
|showteam|p2|Indeedee-F||PsychicSeed|PsychicSurge|TrickRoom,FollowMe,HelpingHand,DazzlingGleam|||F|||50|,,,,,Fire]Hatterene||LifeOrb|MagicBounce|ExpandingForce,TrickRoom,DazzlingGleam,Protect|||F|||50|,,,,,Psychic]Gallade||ClearAmulet|Sharpness|PsychoCut,TrickRoom,SacredSword,WideGuard|||M|||50|,,,,,Grass]Ursaluna||FlameOrb|Guts|HeadlongRush,Facade,SwordsDance,Protect|||M|||50|,,,,,Ghost]Lilligant-Hisui||FocusSash|Chlorophyll|SolarBlade,SleepPowder,CloseCombat,AfterYou|||F|||50|,,,,,Ghost]Torkoal||ChoiceSpecs|Drought|Eruption,HeatWave,WeatherBall,EarthPower|||M|||50|,,,,,Fire
|
|t:|1756855396
|teamsize|p1|4
|teamsize|p2|4
|start
|switch|p1a: Ceruledge|Ceruledge, L50, M|100/100
|switch|p1b: Sneasler|Sneasler, L50, F|100/100
|switch|p2a: 紫竽超可愛|Indeedee-F, L50, F, shiny|100/100
|switch|p2b: 紫竽敲可愛|Hatterene, L50, F, shiny|100/100
|-fieldstart|move: Psychic Terrain|[from] ability: Psychic Surge|[of] p2a: 紫竽超可愛
|-enditem|p2a: 紫竽超可愛|Psychic Seed
|-boost|p2a: 紫竽超可愛|spd|1|[from] item: Psychic Seed
|turn|1
|
|t:|1756855599
|switch|p1b: Rillaboom|Rillaboom, L50, F|100/100
|-fieldstart|move: Grassy Terrain|[from] ability: Grassy Surge|[of] p1b: Rillaboom
|move|p2a: 紫竽超可愛|Follow Me|p2a: 紫竽超可愛
|-singleturn|p2a: 紫竽超可愛|move: Follow Me
|move|p1a: Ceruledge|Bulk Up|p1a: Ceruledge
|-boost|p1a: Ceruledge|atk|1
|-boost|p1a: Ceruledge|def|1
|move|p2b: 紫竽敲可愛|Trick Room|p2b: 紫竽敲可愛
|-fieldstart|move: Trick Room|[of] p2b: 紫竽敲可愛
|
|upkeep
|turn|2
|
|t:|1756855783
|switch|p2b: 一拳月月熊|Ursaluna, L50, M, shiny|100/100
|-terastallize|p2a: 紫竽超可愛|Fire
|move|p2a: 紫竽超可愛|Follow Me|p2a: 紫竽超可愛
|-singleturn|p2a: 紫竽超可愛|move: Follow Me
|move|p1a: Ceruledge|Bitter Blade|p2a: 紫竽超可愛
|-resisted|p2a: 紫竽超可愛
|-damage|p2a: 紫竽超可愛|68/100
|move|p1b: Rillaboom|High Horsepower|p2a: 紫竽超可愛
|-supereffective|p2a: 紫竽超可愛
|-crit|p2a: 紫竽超可愛
|-damage|p2a: 紫竽超可愛|0 fnt
|faint|p2a: 紫竽超可愛
|
|-status|p2b: 一拳月月熊|brn|[from] item: Flame Orb
|upkeep
|
|t:|1756855813
|switch|p2a: 太樂巴戈斯|Torkoal, L50, M, shiny|100/100
|-weather|SunnyDay|[from] ability: Drought|[of] p2a: 太樂巴戈斯
|turn|3
|
|t:|1756856015
|-terastallize|p1b: Rillaboom|Fire
|move|p1a: Ceruledge|Protect|p1a: Ceruledge
|-singleturn|p1a: Ceruledge|Protect
|move|p2a: 太樂巴戈斯|Earth Power|p1a: Ceruledge
|-activate|p1a: Ceruledge|move: Protect
|move|p2b: 一拳月月熊|Facade|p1a: Ceruledge
|-activate|p1a: Ceruledge|move: Protect
|move|p1b: Rillaboom|Wood Hammer|p2b: 一拳月月熊
|-supereffective|p2b: 一拳月月熊
|-damage|p2b: 一拳月月熊|0 fnt
|faint|p2b: 一拳月月熊
|-damage|p1b: Rillaboom|62/100|[from] Recoil
|
|-weather|SunnyDay|[upkeep]
|-heal|p1b: Rillaboom|68/100|[from] Grassy Terrain
|upkeep
|
|t:|1756856030
|switch|p2b: 紫竽敲可愛|Hatterene, L50, F, shiny|100/100
|turn|4
|
|t:|1756856070
|move|p1a: Ceruledge|Shadow Sneak|p2b: 紫竽敲可愛
|-supereffective|p2b: 紫竽敲可愛
|-damage|p2b: 紫竽敲可愛|35/100
|move|p1b: Rillaboom|Grassy Glide|p2b: 紫竽敲可愛
|-damage|p2b: 紫竽敲可愛|0 fnt
|faint|p2b: 紫竽敲可愛
|move|p2a: 太樂巴戈斯|Earth Power|p1a: Ceruledge
|-supereffective|p1a: Ceruledge
|-damage|p1a: Ceruledge|27/100
|
|-weather|SunnyDay|[upkeep]
|-heal|p1a: Ceruledge|33/100|[from] Grassy Terrain
|-heal|p1a: Ceruledge|39/100|[from] item: Leftovers
|-heal|p1b: Rillaboom|74/100|[from] Grassy Terrain
|upkeep
|turn|5
|
|t:|1756856102
|move|p1a: Ceruledge|Protect|p1a: Ceruledge
|-singleturn|p1a: Ceruledge|Protect
|move|p2a: 太樂巴戈斯|Earth Power|p1b: Rillaboom
|-supereffective|p1b: Rillaboom
|-damage|p1b: Rillaboom|0 fnt
|faint|p1b: Rillaboom
|
|-weather|SunnyDay|[upkeep]
|-heal|p1a: Ceruledge|45/100|[from] Grassy Terrain
|-heal|p1a: Ceruledge|51/100|[from] item: Leftovers
|-fieldend|move: Trick Room
|-fieldend|move: Grassy Terrain
|upkeep
|
|t:|1756856118
|switch|p1b: Sneasler|Sneasler, L50, F|100/100
|turn|6
|
|t:|1756856155
|move|p1b: Sneasler|Fake Out|p2a: 太樂巴戈斯
|-damage|p2a: 太樂巴戈斯|89/100
|move|p1a: Ceruledge|Bitter Blade|p2a: 太樂巴戈斯
|-resisted|p2a: 太樂巴戈斯
|-damage|p2a: 太樂巴戈斯|53/100
|-heal|p1a: Ceruledge|69/100|[from] drain|[of] p2a: 太樂巴戈斯
|cant|p2a: 太樂巴戈斯|flinch
|
|-weather|SunnyDay|[upkeep]
|-heal|p1a: Ceruledge|75/100|[from] item: Leftovers
|upkeep
|turn|7
|
|t:|1756856171
|move|p1b: Sneasler|Close Combat|p2a: 太樂巴戈斯
|-damage|p2a: 太樂巴戈斯|6/100
|-unboost|p1b: Sneasler|def|1
|-unboost|p1b: Sneasler|spd|1
|move|p1a: Ceruledge|Bitter Blade|p2a: 太樂巴戈斯
|-resisted|p2a: 太樂巴戈斯
|-damage|p2a: 太樂巴戈斯|0 fnt
|-heal|p1a: Ceruledge|77/100|[from] drain|[of] p2a: 太樂巴戈斯
|faint|p2a: 太樂巴戈斯
|
|win|Pokefreak 92
|l|☆Pokefreak 92
|player|p1|
