|j|☆Eduard738838
|j|☆Truevillany123
|html|Eduard738838Truevillany123    
|uhtml|bestof|Game 1 of a best-of-3
|t:|1757726536
|gametype|doubles
|player|p1|Eduard738838|170|1103
|player|p2|Truevillany123|266|1071
|gen|9
|tier|[Gen 9] VGC 2025 Reg H (Bo3)
|rated|
|rule|Species Clause: Limit one of each Pokémon
|rule|Item Clause: Limit 1 of each item
|clearpoke
|poke|p1|Indeedee, L50, M|
|poke|p1|Excadrill, L50, F|
|poke|p1|Tyranitar, L50, F|
|poke|p1|Sneasler, L50, M|
|poke|p1|Corviknight, L50, F|
|poke|p1|Annihilape, L50, M|
|poke|p2|Dragonite, L50, M|
|poke|p2|Ursaluna-Bloodmoon, L50, M|
|poke|p2|Gholdengo, L50|
|poke|p2|Annihilape, L50, F|
|poke|p2|Ninetales-Alola, L50, M|
|poke|p2|Rillaboom, L50, F|
|teampreview|4
|showteam|p1|Indeedee||ChoiceScarf|PsychicSurge|ExpandingForce,TeraBlast,Protect,Trick|||M|||50|,,,,,Psychic]Excadrill||FocusSash|SandRush|Earthquake,IronHead,HighHorsepower,Protect|||F|||50|,,,,,Stellar]Tyranitar||AssaultVest|SandStream|RockSlide,TeraBlast,KnockOff,LowKick|||F|||50|,,,,,Flying]Sneasler||PsychicSeed|Unburden|DireClaw,CloseCombat,ThroatChop,Protect|||M|||50|,,,,,Dark]Corviknight||Leftovers|MirrorArmor|BraveBird,Tailwind,Roost,BulkUp|||F|||50|,,,,,Dragon]Annihilape||SafetyGoggles|Defiant|BulkUp,ThroatChop,RageFist,FinalGambit|||M|||50|,,,,,Water
|showteam|p2|Dragonite||LoadedDice|Multiscale|ScaleShot,Protect,Haze,Tailwind|||M|||50|,,,,,Fairy]Ursaluna-Bloodmoon||LifeOrb|MindsEye|BloodMoon,HyperVoice,EarthPower,Protect|||M|||50|,,,,,Normal]Gholdengo||ChoiceSpecs|GoodasGold|MakeItRain,ShadowBall,Protect,NastyPlot||||||50|,,,,,Water]Annihilape||SafetyGoggles|Defiant|DrainPunch,RageFist,Protect,BulkUp|||F|||50|,,,,,Fire]Ninetales-Alola||FocusSash|SnowWarning|FreezeDry,AuroraVeil,Encore,IcicleSpear|||M|||50|,,,,,Ghost]Rillaboom||AssaultVest|GrassySurge|FakeOut,WoodHammer,HighHorsepower,Uturn|||F|||50|,,,,,Fire
|c|☆Truevillany123|gg
|c|☆Truevillany123|U won
|inactive|Battle timer is ON: inactive players will automatically lose when time's up. (requested by Truevillany123)
|inactive|Truevillany123 has 60 seconds left.
|
|t:|1757726580
|teamsize|p1|4
|teamsize|p2|4
|start
|switch|p1a: Indeedee|Indeedee, L50, M|100/100
|switch|p1b: Tyranitar|Tyranitar, L50, F, shiny|100/100
|switch|p2a: Ursaluna|Ursaluna-Bloodmoon, L50, M|100/100
|switch|p2b: Rillaboom|Rillaboom, L50, F|100/100
|-fieldstart|move: Psychic Terrain|[from] ability: Psychic Surge|[of] p1a: Indeedee
|-fieldstart|move: Grassy Terrain|[from] ability: Grassy Surge|[of] p2b: Rillaboom
|-weather|Sandstorm|[from] ability: Sand Stream|[of] p1b: Tyranitar
|turn|1
|
|t:|1757726601
|-terastallize|p2a: Ursaluna|Normal
|-terastallize|p1b: Tyranitar|Flying
|move|p2b: Rillaboom|Fake Out|p1b: Tyranitar
|-damage|p1b: Tyranitar|89/100
|move|p1a: Indeedee|Expanding Force|p2a: Ursaluna
|-damage|p2a: Ursaluna|54/100
|move|p2a: Ursaluna|Hyper Voice|p1a: Indeedee|[spread] p1a,p1b
|-damage|p1a: Indeedee|4/100
|-damage|p1b: Tyranitar|56/100
|-damage|p2a: Ursaluna|45/100|[from] item: Life Orb
|cant|p1b: Tyranitar|flinch
|
|-weather|Sandstorm|[upkeep]
|-damage|p1a: Indeedee|0 fnt|[from] Sandstorm
|-damage|p2b: Rillaboom|94/100|[from] Sandstorm
|-damage|p2a: Ursaluna|39/100|[from] Sandstorm
|-damage|p1b: Tyranitar|50/100|[from] Sandstorm
|faint|p1a: Indeedee
|-heal|p2b: Rillaboom|100/100|[from] Grassy Terrain
|-heal|p2a: Ursaluna|45/100|[from] Grassy Terrain
|upkeep
|
|t:|1757726617
|switch|p1a: Excadrill|Excadrill, L50, F, shiny|100/100
|turn|2
|
|t:|1757726630
|move|p2a: Ursaluna|Protect|p2a: Ursaluna
|-singleturn|p2a: Ursaluna|Protect
|move|p1a: Excadrill|Earthquake|p2a: Ursaluna|[spread] p2b
|-activate|p2a: Ursaluna|move: Protect
|-immune|p1b: Tyranitar
|-resisted|p2b: Rillaboom
|-damage|p2b: Rillaboom|90/100
|move|p2b: Rillaboom|U-turn|p1a: Excadrill
|-resisted|p1a: Excadrill
|-damage|p1a: Excadrill|83/100
|
|t:|1757726639
|switch|p2b: Ninetales|Ninetales-Alola, L50, M|100/100|[from] U-turn
|-weather|Snowscape|[from] ability: Snow Warning|[of] p2b: Ninetales
|move|p1b: Tyranitar|Tera Blast|p2b: Ninetales|[anim] Tera Blast Flying
|-damage|p2b: Ninetales|60/100
|
|-weather|Snowscape|[upkeep]
|-heal|p2b: Ninetales|66/100|[from] Grassy Terrain
|-heal|p1a: Excadrill|89/100|[from] Grassy Terrain
|-heal|p2a: Ursaluna|51/100|[from] Grassy Terrain
|upkeep
|turn|3
|inactive|Eduard738838 has 30 seconds left.
|
|t:|1757726668
|move|p2b: Ninetales|Encore|p1a: Excadrill
|-start|p1a: Excadrill|Encore
|move|p1a: Excadrill|Earthquake|p2a: Ursaluna|[spread] p2a,p2b
|-immune|p1b: Tyranitar
|-damage|p2a: Ursaluna|34/100
|-damage|p2b: Ninetales|46/100
|move|p2a: Ursaluna|Blood Moon|p1b: Tyranitar
|-damage|p1b: Tyranitar|0 fnt
|faint|p1b: Tyranitar
|-damage|p2a: Ursaluna|25/100|[from] item: Life Orb
|
|-weather|Snowscape|[upkeep]
|-heal|p2b: Ninetales|52/100|[from] Grassy Terrain
|-heal|p1a: Excadrill|95/100|[from] Grassy Terrain
|-heal|p2a: Ursaluna|31/100|[from] Grassy Terrain
|upkeep
|
|t:|1757726677
|switch|p1b: Corviknight|Corviknight, L50, F, shiny|100/100
|turn|4
|
|t:|1757726690
|move|p2a: Ursaluna|Protect|p2a: Ursaluna
|-singleturn|p2a: Ursaluna|Protect
|move|p2b: Ninetales|Aurora Veil|p2b: Ninetales
|-sidestart|p2: Truevillany123|move: Aurora Veil
|move|p1a: Excadrill|Earthquake|p2a: Ursaluna|[spread] p2b
|-activate|p2a: Ursaluna|move: Protect
|-immune|p1b: Corviknight
|-damage|p2b: Ninetales|38/100
|move|p1b: Corviknight|Brave Bird|p2b: Ninetales
|-damage|p2b: Ninetales|11/100
|-damage|p1b: Corviknight|94/100|[from] Recoil
|
|-weather|Snowscape|[upkeep]
|-heal|p2b: Ninetales|17/100|[from] Grassy Terrain
|-heal|p1a: Excadrill|100/100|[from] Grassy Terrain
|-heal|p2a: Ursaluna|36/100|[from] Grassy Terrain
|-heal|p1b: Corviknight|99/100|[from] item: Leftovers
|upkeep
|turn|5
|inactive|Truevillany123 has 30 seconds left.
|
|t:|1757726717
|move|p2b: Ninetales|Encore|p1b: Corviknight
|-start|p1b: Corviknight|Encore
|move|p1a: Excadrill|Earthquake|p2b: Ninetales|[spread] p2a,p2b
|-immune|p1b: Corviknight
|-damage|p2a: Ursaluna|25/100
|-damage|p2b: Ninetales|3/100
|move|p2a: Ursaluna|Earth Power|p1a: Excadrill
|-supereffective|p1a: Excadrill
|-enditem|p1a: Excadrill|Focus Sash
|-damage|p1a: Excadrill|1/100
|-damage|p2a: Ursaluna|15/100|[from] item: Life Orb
|move|p1b: Corviknight|Brave Bird|p2b: Ninetales
|-damage|p2b: Ninetales|0 fnt
|faint|p2b: Ninetales
|-damage|p1b: Corviknight|99/100|[from] Recoil
|
|-weather|Snowscape|[upkeep]
|-heal|p1a: Excadrill|7/100|[from] Grassy Terrain
|-heal|p2a: Ursaluna|21/100|[from] Grassy Terrain
|-heal|p1b: Corviknight|100/100|[from] item: Leftovers
|-end|p1a: Excadrill|Encore
|-fieldend|move: Grassy Terrain
|upkeep
|
|t:|1757726736
|switch|p2b: Rillaboom|Rillaboom, L50, F|90/100
|-fieldstart|move: Grassy Terrain|[from] ability: Grassy Surge|[of] p2b: Rillaboom
|turn|6
|
|t:|1757726748
|move|p1a: Excadrill|Protect|p1a: Excadrill
|-singleturn|p1a: Excadrill|Protect
|move|p2b: Rillaboom|Fake Out|p1b: Corviknight
|-resisted|p1b: Corviknight
|-damage|p1b: Corviknight|94/100
|move|p2a: Ursaluna|Hyper Voice|p1b: Corviknight|[spread] p1b
|-activate|p1a: Excadrill|move: Protect
|-resisted|p1b: Corviknight
|-damage|p1b: Corviknight|67/100
|-damage|p2a: Ursaluna|12/100|[from] item: Life Orb
|cant|p1b: Corviknight|flinch
|
|-weather|none
|-heal|p1a: Excadrill|13/100|[from] Grassy Terrain
|-heal|p2b: Rillaboom|96/100|[from] Grassy Terrain
|-heal|p2a: Ursaluna|17/100|[from] Grassy Terrain
|-heal|p1b: Corviknight|73/100|[from] item: Leftovers
|upkeep
|turn|7
|
|t:|1757726765
|move|p2a: Ursaluna|Protect|p2a: Ursaluna
|-singleturn|p2a: Ursaluna|Protect
|move|p1a: Excadrill|Earthquake|p2b: Rillaboom|[spread] p2b
|-activate|p2a: Ursaluna|move: Protect
|-immune|p1b: Corviknight
|-resisted|p2b: Rillaboom
|-damage|p2b: Rillaboom|90/100
|move|p2b: Rillaboom|High Horsepower|p1a: Excadrill
|-supereffective|p1a: Excadrill
|-damage|p1a: Excadrill|0 fnt
|faint|p1a: Excadrill
|move|p1b: Corviknight|Brave Bird|p2b: Rillaboom
|-supereffective|p2b: Rillaboom
|-damage|p2b: Rillaboom|35/100
|-damage|p1b: Corviknight|56/100|[from] Recoil
|
|-heal|p2b: Rillaboom|41/100|[from] Grassy Terrain
|-heal|p2a: Ursaluna|23/100|[from] Grassy Terrain
|-heal|p1b: Corviknight|62/100|[from] item: Leftovers
|-end|p1b: Corviknight|Encore
|upkeep
|turn|8
|
|t:|1757726783
|move|p2b: Rillaboom|U-turn|p1b: Corviknight
|-resisted|p1b: Corviknight
|-damage|p1b: Corviknight|57/100
|
|t:|1757726785
|switch|p2b: Dragonite|Dragonite, L50, M, shiny|100/100|[from] U-turn
|move|p2a: Ursaluna|Blood Moon|p1b: Corviknight
|-resisted|p1b: Corviknight
|-damage|p1b: Corviknight|0 fnt
|faint|p1b: Corviknight
|-damage|p2a: Ursaluna|14/100|[from] item: Life Orb
|
|win|Truevillany123
|l|☆Eduard738838
|player|p1|
