|j|☆is_katabo
|j|☆jogadorzero
|html|is_katabojogadorzero    
|uhtml|bestof|Game 1 of a best-of-3
|t:|1757200771
|gametype|doubles
|player|p1|is_katabo|barry|
|player|p2|jogadorzero|brock|
|gen|9
|tier|[Gen 9] VGC 2025 Reg H (Bo3)
|rule|Species Clause: Limit one of each Pokémon
|rule|Item Clause: Limit 1 of each item
|clearpoke
|poke|p1|Milotic, L50, F|
|poke|p1|Incineroar, L50, M|
|poke|p1|Amoonguss, L50, F|
|poke|p1|Gholdengo, L50|
|poke|p1|Ursaluna-Bloodmoon, L50, M|
|poke|p1|Dragonite, L50, M|
|poke|p2|Delphox, L50, M|
|poke|p2|Indeedee, L50, M|
|poke|p2|Dragapult, L50, M|
|poke|p2|Sneasler, L50, F|
|poke|p2|Talonflame, L50, M|
|poke|p2|Ninetales-Alola, L50, F|
|teampreview|4
|showteam|p1|Milotic||SafetyGoggles|Competitive|Scald,IcyWind,Haze,Protect|||F|||50|,,,,,Dragon]Incineroar||SitrusBerry|Intimidate|FakeOut,KnockOff,FlareBlitz,PartingShot|||M|||50|,,,,,Ghost]Amoonguss||CovertCloak|Regenerator|PollenPuff,RagePowder,Spore,Protect|||F|||50|,,,,,Electric]Gholdengo||LifeOrb|GoodasGold|MakeItRain,ShadowBall,NastyPlot,Protect||||||50|,,,,,Water]Ursaluna-Bloodmoon||AssaultVest|MindsEye|BloodMoon,HyperVoice,EarthPower,VacuumWave|||M|||50|,,,,,Water]Dragonite||LoadedDice|Multiscale|ScaleShot,ExtremeSpeed,Tailwind,Protect|||M|||50|,,,,,Steel
|showteam|p2|Delphox||LifeOrb|Blaze|ExpandingForce,HeatWave,TeraBlast,Protect|||M|||50|,,,,,Fighting]Indeedee||FocusSash|PsychicSurge|ExpandingForce,TrickRoom,Imprison,TeraBlast|||M|||50|,,,,,Fighting]Dragapult||ChoiceBand|ClearBody|DragonDarts,TeraBlast,Uturn,PhantomForce|||M|||50|,,,,,Fairy]Sneasler||PsychicSeed|Unburden|DireClaw,CloseCombat,Protect,ThroatChop|||F|||50|,,,,,Dark]Talonflame||CovertCloak|GaleWings|Tailwind,FlareBlitz,BraveBird,Protect|||M|||50|,,,,,Electric]Ninetales-Alola||LightClay|SnowWarning|FreezeDry,AuroraVeil,Moonblast,Protect|||F|||50|,,,,,Ice
|inactive|Battle timer is ON: inactive players will automatically lose when time's up. (requested by jogadorzero)
|
|t:|1757200818
|teamsize|p1|4
|teamsize|p2|4
|start
|switch|p1a: Big Fish|Milotic, L50, F|100/100
|switch|p1b: Yeah Right|Incineroar, L50, M|100/100
|switch|p2a: Dragapult|Dragapult, L50, M|100/100
|switch|p2b: Ninetales|Ninetales-Alola, L50, F|100/100
|-weather|Snowscape|[from] ability: Snow Warning|[of] p2b: Ninetales
|-ability|p1b: Yeah Right|Intimidate|boost
|-fail|p2a: Dragapult|unboost|[from] ability: Clear Body|[of] p2a: Dragapult
|-unboost|p2b: Ninetales|atk|1
|turn|1
|inactive|jogadorzero has 30 seconds left.
|
|t:|1757200843
|move|p2a: Dragapult|Dragon Darts|p1a: Big Fish
|-damage|p1a: Big Fish|70/100
|-anim|p2a: Dragapult|Dragon Darts|p1b: Yeah Right
|-damage|p1b: Yeah Right|66/100
|move|p2b: Ninetales|Aurora Veil|p2b: Ninetales
|-sidestart|p2: jogadorzero|move: Aurora Veil
|move|p1a: Big Fish|Scald|p2b: Ninetales
|-damage|p2b: Ninetales|82/100
|-status|p2b: Ninetales|brn
|move|p1b: Yeah Right|Knock Off|p2a: Dragapult
|-supereffective|p2a: Dragapult
|-damage|p2a: Dragapult|24/100
|-enditem|p2a: Dragapult|Choice Band|[from] move: Knock Off|[of] p1b: Yeah Right
|
|-weather|Snowscape|[upkeep]
|-damage|p2b: Ninetales|76/100 brn|[from] brn
|upkeep
|turn|2
|inactive|is_katabo has 30 seconds left.
|inactive|jogadorzero has 30 seconds left.
|
|t:|1757200876
|move|p2a: Dragapult|Dragon Darts|p1a: Big Fish
|-damage|p1a: Big Fish|47/100
|-anim|p2a: Dragapult|Dragon Darts|p1b: Yeah Right
|-damage|p1b: Yeah Right|41/100
|-enditem|p1b: Yeah Right|Sitrus Berry|[eat]
|-heal|p1b: Yeah Right|66/100|[from] item: Sitrus Berry
|move|p2b: Ninetales|Moonblast|p1b: Yeah Right
|-damage|p1b: Yeah Right|41/100
|-unboost|p1b: Yeah Right|spa|1
|move|p1a: Big Fish|Icy Wind|p2b: Ninetales|[spread] p2a,p2b
|-supereffective|p2a: Dragapult
|-resisted|p2b: Ninetales
|-damage|p2a: Dragapult|7/100
|-damage|p2b: Ninetales|73/100 brn
|-unboost|p2b: Ninetales|spe|1
|move|p1b: Yeah Right|Parting Shot|p2b: Ninetales
|-unboost|p2b: Ninetales|atk|1
|-unboost|p2b: Ninetales|spa|1
|
|t:|1757200892
|switch|p1b: Party People|Gholdengo, L50|100/100|[from] Parting Shot
|
|-weather|Snowscape|[upkeep]
|-damage|p2b: Ninetales|67/100 brn|[from] brn
|upkeep
|turn|3
|
|t:|1757200902
|move|p2a: Dragapult|Phantom Force||[still]
|-prepare|p2a: Dragapult|Phantom Force
|move|p1b: Party People|Make It Rain|p2a: Dragapult|[spread] p2b
|-miss|p1b: Party People|p2a: Dragapult
|-supereffective|p2b: Ninetales
|-damage|p2b: Ninetales|0 fnt
|-unboost|p1b: Party People|spa|1
|faint|p2b: Ninetales
|-damage|p1b: Party People|91/100|[from] item: Life Orb
|move|p1a: Big Fish|Haze|p1a: Big Fish
|-clearallboost
|
|-weather|Snowscape|[upkeep]
|upkeep
|
|t:|1757200918
|switch|p2b: Indeedee|Indeedee, L50, M|100/100
|-fieldstart|move: Psychic Terrain|[from] ability: Psychic Surge|[of] p2b: Indeedee
|turn|4
|
|t:|1757200929
|-terastallize|p1b: Party People|Water
|move|p2a: Dragapult|Phantom Force|p1b: Party People|[from] lockedmove
|-damage|p1b: Party People|48/100
|move|p2b: Indeedee|Expanding Force|p1b: Party People|[spread] p1a,p1b
|-damage|p1a: Big Fish|10/100
|-damage|p1b: Party People|0 fnt
|faint|p1b: Party People
|move|p1a: Big Fish|Icy Wind|p2b: Indeedee|[spread] p2a
|-miss|p1a: Big Fish|p2b: Indeedee
|-supereffective|p2a: Dragapult
|-damage|p2a: Dragapult|0 fnt
|faint|p2a: Dragapult
|
|-weather|Snowscape|[upkeep]
|upkeep
|
|t:|1757200944
|switch|p2a: Sneasler|Sneasler, L50, F|100/100
|switch|p1b: Love Can Be...|Dragonite, L50, M|100/100
|-enditem|p2a: Sneasler|Psychic Seed
|-boost|p2a: Sneasler|spd|1|[from] item: Psychic Seed
|turn|5
|inactive|is_katabo has 30 seconds left.
|
|t:|1757200978
|move|p1a: Big Fish|Protect|p1a: Big Fish
|-singleturn|p1a: Big Fish|Protect
|move|p2a: Sneasler|Dire Claw|p1b: Love Can Be...
|-damage|p1b: Love Can Be...|74/100
|move|p2b: Indeedee|Expanding Force|p1b: Love Can Be...|[spread] p1b
|-activate|p1a: Big Fish|move: Protect
|-damage|p1b: Love Can Be...|18/100
|move|p1b: Love Can Be...|Scale Shot|p2a: Sneasler
|-damage|p2a: Sneasler|83/100
|-damage|p2a: Sneasler|66/100
|-damage|p2a: Sneasler|47/100
|-damage|p2a: Sneasler|31/100
|-hitcount|p2a: Sneasler|4
|-unboost|p1b: Love Can Be...|def|1
|-boost|p1b: Love Can Be...|spe|1
|
|-weather|none
|upkeep
|turn|6
|inactive|is_katabo has 30 seconds left.
|
|t:|1757201004
|move|p1b: Love Can Be...|Protect|p1b: Love Can Be...
|-singleturn|p1b: Love Can Be...|Protect
|move|p2a: Sneasler|Dire Claw|p1b: Love Can Be...
|-activate|p1b: Love Can Be...|move: Protect
|move|p2b: Indeedee|Expanding Force|p1a: Big Fish|[spread] p1a
|-activate|p1b: Love Can Be...|move: Protect
|-damage|p1a: Big Fish|0 fnt
|faint|p1a: Big Fish
|
|upkeep
|
|t:|1757201013
|switch|p1a: Yeah Right|Incineroar, L50, M|41/100
|-ability|p1a: Yeah Right|Intimidate|boost
|-unboost|p2a: Sneasler|atk|1
|-unboost|p2b: Indeedee|atk|1
|turn|7
|
|t:|1757201033
|-terastallize|p2b: Indeedee|Fighting
|move|p2a: Sneasler|Dire Claw|p1b: Love Can Be...
|-damage|p1b: Love Can Be...|0 fnt
|faint|p1b: Love Can Be...
|move|p2b: Indeedee|Tera Blast|p1a: Yeah Right|[anim] Tera Blast Fighting
|-supereffective|p1a: Yeah Right
|-damage|p1a: Yeah Right|0 fnt
|faint|p1a: Yeah Right
|
|win|jogadorzero
||jogadorzero is ready for game 2.
|inactive|is_katabo has 30 seconds to confirm battle start!
||is_katabo is ready for game 2.
|uhtml|next|Next: Game 2 of 3
