|j|☆PoorMonVgc
|j|☆MiniBerg10
|html|PoorMonVgcMiniBerg10    
|uhtml|bestof|Game 1 of a best-of-3
|t:|1757676237
|gametype|doubles
|player|p1|PoorMonVgc|169|1074
|player|p2|MiniBerg10|lucas-gen4pt|1114
|gen|9
|tier|[Gen 9] VGC 2025 Reg H (Bo3)
|rated|
|rule|Species Clause: Limit one of each Pokémon
|rule|Item Clause: Limit 1 of each item
|clearpoke
|poke|p1|Ribombee, L50, M|
|poke|p1|Archaludon, L50, F|
|poke|p1|Annihilape, L50, F|
|poke|p1|Indeedee, L50, M|
|poke|p1|Incineroar, L50, M|
|poke|p1|Corviknight, L50, F|
|poke|p2|Charizard, L50, F|
|poke|p2|Torkoal, L50, M|
|poke|p2|Farigiraf, L50, F|
|poke|p2|Whimsicott, L50, F|
|poke|p2|Amoonguss, L50, F|
|poke|p2|Ursaluna-Bloodmoon, L50, M|
|teampreview|4
|showteam|p1|Ribombee||FocusSash|ShieldDust|Moonblast,Tailwind,FakeTears,Protect|||M|||50|,,,,,Fairy]Archaludon||PowerHerb|Sturdy|ElectroShot,DragonPulse,FlashCannon,Protect|||F|||50|,,,,,Stellar]Annihilape||SafetyGoggles|Defiant|RageFist,CloseCombat,FinalGambit,Taunt|||F|||50|,,,,,Fire]Indeedee||ChoiceScarf|PsychicSurge|ExpandingForce,TeraBlast,Trick,Protect|||M|||50|,,,,,Psychic]Incineroar||AssaultVest|Intimidate|FakeOut,FlareBlitz,KnockOff,Uturn|||M|||50|,,,,,Grass]Corviknight||PsychicSeed|MirrorArmor|IronDefense,BodyPress,BraveBird,Roost|||F|||50|,,,,,Dragon
|showteam|p2|Charizard||ChoiceScarf|SolarPower|HeatWave,Overheat,WeatherBall,AirSlash|||F|||50|,,,,,Ghost]Torkoal||Charcoal|Drought|Eruption,WeatherBall,EarthPower,Protect|||M|||50|,,,,,Fire]Farigiraf||ThroatSpray|ArmorTail|HyperVoice,Psychic,HelpingHand,TrickRoom|||F|||50|,,,,,Dark]Whimsicott||CovertCloak|Prankster|EnergyBall,Encore,Tailwind,Protect|||F|||50|,,,,,Grass]Amoonguss||SitrusBerry|Regenerator|Spore,PollenPuff,RagePowder,Protect|||F|||50|,,,,,Water]Ursaluna-Bloodmoon||LifeOrb|MindsEye|BloodMoon,HyperVoice,EarthPower,Protect|||M|||50|,,,,,Normal
|
|t:|1757676283
|teamsize|p1|4
|teamsize|p2|4
|start
|switch|p1a: Ribombee|Ribombee, L50, M|100/100
|switch|p1b: Incineroar|Incineroar, L50, M|100/100
|switch|p2a: Farigiraf|Farigiraf, L50, F|100/100
|switch|p2b: Torkoal|Torkoal, L50, M|100/100
|-ability|p1b: Incineroar|Intimidate|boost
|-unboost|p2a: Farigiraf|atk|1
|-unboost|p2b: Torkoal|atk|1
|-weather|SunnyDay|[from] ability: Drought|[of] p2b: Torkoal
|turn|1
|inactive|Battle timer is ON: inactive players will automatically lose when time's up. (requested by MiniBerg10)
|
|t:|1757676301
|switch|p1a: Corviknight|Corviknight, L50, F, shiny|100/100
|move|p2b: Torkoal|Protect|p2b: Torkoal
|-singleturn|p2b: Torkoal|Protect
|move|p1b: Incineroar|Knock Off|p2a: Farigiraf
|-supereffective|p2a: Farigiraf
|-damage|p2a: Farigiraf|32/100
|-enditem|p2a: Farigiraf|Throat Spray|[from] move: Knock Off|[of] p1b: Incineroar
|move|p2a: Farigiraf|Trick Room|p2a: Farigiraf
|-fieldstart|move: Trick Room|[of] p2a: Farigiraf
|
|-weather|SunnyDay|[upkeep]
|upkeep
|turn|2
|
|t:|1757676325
|-terastallize|p2b: Torkoal|Fire
|-terastallize|p1a: Corviknight|Dragon
|move|p2a: Farigiraf|Helping Hand|p2b: Torkoal
|-singleturn|p2b: Torkoal|Helping Hand|[of] p2a: Farigiraf
|move|p2b: Torkoal|Eruption|p1a: Corviknight|[spread] p1a,p1b
|-resisted|p1a: Corviknight
|-resisted|p1b: Incineroar
|-damage|p1a: Corviknight|32/100
|-damage|p1b: Incineroar|46/100
|move|p1a: Corviknight|Body Press|p2b: Torkoal
|-damage|p2b: Torkoal|82/100
|move|p1b: Incineroar|Knock Off|p2b: Torkoal
|-damage|p2b: Torkoal|49/100
|-enditem|p2b: Torkoal|Charcoal|[from] move: Knock Off|[of] p1b: Incineroar
|
|-weather|SunnyDay|[upkeep]
|upkeep
|turn|3
|
|t:|1757676341
|move|p2b: Torkoal|Weather Ball|p1a: Corviknight
|-resisted|p1a: Corviknight
|-damage|p1a: Corviknight|0 fnt
|faint|p1a: Corviknight
|move|p2a: Farigiraf|Hyper Voice|p1b: Incineroar
|-damage|p1b: Incineroar|23/100
|move|p1b: Incineroar|U-turn|p2a: Farigiraf
|-supereffective|p2a: Farigiraf
|-damage|p2a: Farigiraf|0 fnt
|faint|p2a: Farigiraf
|
|t:|1757676347
|switch|p1b: Ribombee|Ribombee, L50, M|100/100|[from] U-turn
|
|-weather|SunnyDay|[upkeep]
|upkeep
|
|t:|1757676359
|switch|p2a: Ursaluna|Ursaluna-Bloodmoon, L50, M|100/100
|switch|p1a: Incineroar|Incineroar, L50, M|23/100
|-ability|p1a: Incineroar|Intimidate|boost
|-unboost|p2a: Ursaluna|atk|1
|-unboost|p2b: Torkoal|atk|1
|turn|4
|
|t:|1757676374
|move|p1a: Incineroar|Fake Out|p2a: Ursaluna
|-damage|p2a: Ursaluna|91/100
|move|p2b: Torkoal|Eruption|p1b: Ribombee|[spread] p1a,p1b
|-resisted|p1a: Incineroar
|-supereffective|p1b: Ribombee
|-damage|p1a: Incineroar|7/100
|-enditem|p1b: Ribombee|Focus Sash
|-damage|p1b: Ribombee|1/100
|cant|p2a: Ursaluna|flinch
|move|p1b: Ribombee|Moonblast|p2a: Ursaluna
|-damage|p2a: Ursaluna|46/100
|-unboost|p2a: Ursaluna|spa|1
|
|-weather|SunnyDay|[upkeep]
|upkeep
|turn|5
|
|t:|1757676389
|move|p1b: Ribombee|Protect|p1b: Ribombee
|-singleturn|p1b: Ribombee|Protect
|move|p2b: Torkoal|Eruption|p1a: Incineroar|[spread] p1a
|-activate|p1b: Ribombee|move: Protect
|-resisted|p1a: Incineroar
|-damage|p1a: Incineroar|0 fnt
|faint|p1a: Incineroar
|move|p2a: Ursaluna|Hyper Voice|p1b: Ribombee
|-activate|p1b: Ribombee|move: Protect
|
|-weather|none
|-fieldend|move: Trick Room
|upkeep
|
|t:|1757676393
|switch|p1a: Indeedee|Indeedee, L50, M|100/100
|-fieldstart|move: Psychic Terrain|[from] ability: Psychic Surge|[of] p1a: Indeedee
|turn|6
|
|t:|1757676405
|move|p2a: Ursaluna|Protect|p2a: Ursaluna
|-singleturn|p2a: Ursaluna|Protect
|move|p1a: Indeedee|Expanding Force|p2a: Ursaluna|[spread] p2b
|-activate|p2a: Ursaluna|move: Protect
|-damage|p2b: Torkoal|0 fnt
|faint|p2b: Torkoal
|move|p1b: Ribombee|Moonblast|p2a: Ursaluna
|-activate|p2a: Ursaluna|move: Protect
|
|upkeep
|
|t:|1757676412
|switch|p2b: Whimsicott|Whimsicott, L50, F|100/100
|turn|7
|
|t:|1757676421
|move|p2b: Whimsicott|Tailwind|p2b: Whimsicott
|-sidestart|p2: MiniBerg10|move: Tailwind
|move|p2a: Ursaluna|Blood Moon|p1a: Indeedee
|-damage|p1a: Indeedee|11/100
|-damage|p2a: Ursaluna|37/100|[from] item: Life Orb
|move|p1a: Indeedee|Expanding Force|p2b: Whimsicott|[spread] p2a,p2b
|-damage|p2a: Ursaluna|0 fnt
|-damage|p2b: Whimsicott|10/100
|faint|p2a: Ursaluna
|move|p1b: Ribombee|Tailwind|p1b: Ribombee
|-sidestart|p1: PoorMonVgc|move: Tailwind
|
|upkeep
|turn|8
|-message|MiniBerg10 forfeited.
|
|win|PoorMonVgc
||MiniBerg10 is ready for game 2.
|inactive|PoorMonVgc has 30 seconds to confirm battle start!
|inactive|PoorMonVgc has 20 seconds to confirm battle start!
|inactive|PoorMonVgc has 10 seconds to confirm battle start!
||PoorMonVgc is ready for game 2.
|uhtml|next|Next: Game 2 of 3
|l|☆MiniBerg10
|player|p2|
|l|☆PoorMonVgc
|player|p1|
