|j|☆ADX Venom
|j|☆P!nkbearz07
|html|ADX VenomP!nkbearz07    
|uhtml|bestof|Game 1 of a best-of-3
|t:|1757653325
|gametype|doubles
|player|p1|ADX Venom|101|1135
|player|p2|P!nkbearz07|marlon|1036
|gen|9
|tier|[Gen 9] VGC 2025 Reg H (Bo3)
|rated|
|rule|Species Clause: Limit one of each Pokémon
|rule|Item Clause: Limit 1 of each item
|clearpoke
|poke|p1|Archaludon, L50, F|
|poke|p1|Kingdra, L50, M|
|poke|p1|Politoed, L50, F|
|poke|p1|Incineroar, L50, M|
|poke|p1|Gothitelle, L50, F|
|poke|p1|Amoonguss, L50, M|
|poke|p2|Whimsicott, L50, F|
|poke|p2|Lurantis, L50, F|
|poke|p2|Tsareena, L50, F|
|poke|p2|Sunflora, L50, M|
|poke|p2|Rillaboom, L50, F|
|poke|p2|Appletun, L50, M|
|teampreview|4
|showteam|p1|Archaludon||PowerHerb|Sturdy|Protect,ElectroShot,FlashCannon,DragonPulse|||F|||50|,,,,,Electric]Kingdra||LifeOrb|SwiftSwim|Protect,DracoMeteor,WeatherBall,MuddyWater|||M|||50|,,,,,Stellar]Politoed||Leftovers|Drizzle|Protect,WeatherBall,PerishSong,Encore|||F|||50|,,,,,Grass]Incineroar||SafetyGoggles|Intimidate|FakeOut,KnockOff,PartingShot,Protect|||M|||50|,,,,,Ghost]Gothitelle||SitrusBerry|ShadowTag|Protect,Psychic,FakeOut,TrickRoom|||F|||50|,,,,,Dark]Amoonguss||EjectButton|Regenerator|Protect,RagePowder,Spore,PollenPuff|||M|||50|,,,,,Fairy
|showteam|p2|Whimsicott||FocusSash|Prankster|Moonblast,Tailwind,FakeTears,Tickle|||F|||50|,,,,,Ghost]Lurantis||CovertCloak|Contrary|TeraBlast,Superpower,GrassyGlide,Protect|||F|||50|,,,,,Fire]Tsareena||GrassySeed|QueenlyMajesty|Acrobatics,HighJumpKick,SeedBomb,Protect|||F|||50|,,,,,Flying]Sunflora||LifeOrb|SolarPower|EnergyBall,EarthPower,DazzlingGleam,Protect|||M|||50|,,,,,Stellar]Rillaboom||AssaultVest|GrassySurge|FakeOut,GrassyGlide,WoodHammer,Uturn|||F|||50|,,,,,Water]Appletun||Leftovers|ThickFat|LightScreen,Reflect,LeechSeed,BodyPress|||M|||50|,,,,,Water
|inactive|Battle timer is ON: inactive players will automatically lose when time's up. (requested by P!nkbearz07)
|c|☆ADX Venom|bro all grass types :(
|inactive|P!nkbearz07 has 60 seconds left.
|c|☆P!nkbearz07|grass gym :)
|
|t:|1757653363
|teamsize|p1|4
|teamsize|p2|4
|start
|switch|p1a: Politoed|Politoed, L50, F|100/100
|switch|p1b: Incineroar|Incineroar, L50, M|100/100
|switch|p2a: Lurantis|Lurantis, L50, F, shiny|100/100
|switch|p2b: Whimsicott|Whimsicott, L50, F, shiny|100/100
|-weather|RainDance|[from] ability: Drizzle|[of] p1a: Politoed
|-ability|p1b: Incineroar|Intimidate|boost
|-boost|p2a: Lurantis|atk|1
|-unboost|p2b: Whimsicott|atk|1
|turn|1
|
|t:|1757653381
|switch|p1b: Gothitelle|Gothitelle, L50, F|100/100
|-terastallize|p2b: Whimsicott|Ghost
|move|p2b: Whimsicott|Fake Tears|p2a: Lurantis
|-boost|p2a: Lurantis|spd|2
|move|p1a: Politoed|Perish Song|p1a: Politoed
|-start|p1a: Politoed|perish3|[silent]
|-start|p1b: Gothitelle|perish3|[silent]
|-start|p2a: Lurantis|perish3|[silent]
|-start|p2b: Whimsicott|perish3|[silent]
|-fieldactivate|move: Perish Song
|move|p2a: Lurantis|Superpower|p1b: Gothitelle
|-resisted|p1b: Gothitelle
|-damage|p1b: Gothitelle|76/100
|-boost|p2a: Lurantis|atk|1
|-boost|p2a: Lurantis|def|1
|
|-weather|RainDance|[upkeep]
|-start|p2b: Whimsicott|perish3
|-start|p1a: Politoed|perish3
|-start|p2a: Lurantis|perish3
|-start|p1b: Gothitelle|perish3
|upkeep
|turn|2
|
|t:|1757653405
|switch|p2b: Rillaboom|Rillaboom, L50, F, shiny|100/100
|-fieldstart|move: Grassy Terrain|[from] ability: Grassy Surge|[of] p2b: Rillaboom
|move|p2a: Lurantis|Grassy Glide|p1a: Politoed
|-supereffective|p1a: Politoed
|-damage|p1a: Politoed|0 fnt
|faint|p1a: Politoed
|move|p1b: Gothitelle|Psychic|p2b: Rillaboom
|-damage|p2b: Rillaboom|80/100
|
|-weather|RainDance|[upkeep]
|-heal|p2b: Rillaboom|86/100|[from] Grassy Terrain
|-heal|p1b: Gothitelle|82/100|[from] Grassy Terrain
|-start|p2a: Lurantis|perish2
|-start|p1b: Gothitelle|perish2
|upkeep
|
|t:|1757653422
|switch|p1a: Amoonguss|Amoonguss, L50, M|100/100
|turn|3
|
|t:|1757653442
|move|p2a: Lurantis|Grassy Glide|p1b: Gothitelle
|-damage|p1b: Gothitelle|20/100
|-enditem|p1b: Gothitelle|Sitrus Berry|[eat]
|-heal|p1b: Gothitelle|45/100|[from] item: Sitrus Berry
|move|p2b: Rillaboom|U-turn|p1b: Gothitelle
|-supereffective|p1b: Gothitelle
|-damage|p1b: Gothitelle|4/100
|
|t:|1757653449
|switch|p2b: Tsareena|Tsareena, L50, F, shiny|100/100|[from] U-turn
|-enditem|p2b: Tsareena|Grassy Seed
|-boost|p2b: Tsareena|def|1|[from] item: Grassy Seed
|move|p1a: Amoonguss|Pollen Puff|p2b: Tsareena
|-supereffective|p2b: Tsareena
|-damage|p2b: Tsareena|60/100
|move|p1b: Gothitelle|Trick Room|p1b: Gothitelle
|-fieldstart|move: Trick Room|[of] p1b: Gothitelle
|
|-weather|RainDance|[upkeep]
|-heal|p1b: Gothitelle|10/100|[from] Grassy Terrain
|-heal|p2b: Tsareena|66/100|[from] Grassy Terrain
|-start|p1b: Gothitelle|perish1
|-start|p2a: Lurantis|perish1
|upkeep
|turn|4
|
|t:|1757653470
|switch|p1b: Incineroar|Incineroar, L50, M|100/100
|-ability|p1b: Incineroar|Intimidate|boost
|-boost|p2a: Lurantis|atk|1
|-unboost|p2b: Tsareena|atk|1
|move|p1a: Amoonguss|Pollen Puff|p2b: Tsareena
|-supereffective|p2b: Tsareena
|-damage|p2b: Tsareena|31/100
|move|p2a: Lurantis|Superpower|p1a: Amoonguss
|-resisted|p1a: Amoonguss
|-damage|p1a: Amoonguss|62/100
|-boost|p2a: Lurantis|atk|1
|-boost|p2a: Lurantis|def|1
|-enditem|p1a: Amoonguss|Eject Button
|
|t:|1757653483
|switch|p1a: Gothitelle|Gothitelle, L50, F|10/100
|move|p2b: Tsareena|Acrobatics|p1a: Gothitelle
|-damage|p1a: Gothitelle|0 fnt
|faint|p1a: Gothitelle
|
|-weather|RainDance|[upkeep]
|-heal|p2b: Tsareena|37/100|[from] Grassy Terrain
|-start|p2a: Lurantis|perish0
|faint|p2a: Lurantis
|upkeep
|
|t:|1757653492
|switch|p1a: Amoonguss|Amoonguss, L50, M|95/100
|switch|p2a: Rillaboom|Rillaboom, L50, F, shiny|86/100
|turn|5
|
|t:|1757653514
|move|p2a: Rillaboom|Fake Out|p1b: Incineroar
|-crit|p1b: Incineroar
|-damage|p1b: Incineroar|82/100
|move|p1a: Amoonguss|Pollen Puff|p2b: Tsareena
|-supereffective|p2b: Tsareena
|-damage|p2b: Tsareena|0 fnt
|faint|p2b: Tsareena
|cant|p1b: Incineroar|flinch
|
|-weather|none
|-heal|p1a: Amoonguss|100/100|[from] Grassy Terrain
|-heal|p1b: Incineroar|88/100|[from] Grassy Terrain
|-heal|p2a: Rillaboom|93/100|[from] Grassy Terrain
|upkeep
|
|t:|1757653521
|switch|p2b: Whimsicott|Whimsicott, L50, F, shiny, tera:Ghost|100/100
|turn|6
|
|t:|1757653536
|move|p2b: Whimsicott|Tickle|p1a: Amoonguss
|-unboost|p1a: Amoonguss|atk|1
|-unboost|p1a: Amoonguss|def|1
|move|p1a: Amoonguss|Pollen Puff|p2a: Rillaboom
|-supereffective|p2a: Rillaboom
|-damage|p2a: Rillaboom|70/100
|move|p1b: Incineroar|Knock Off|p2b: Whimsicott
|-supereffective|p2b: Whimsicott
|-enditem|p2b: Whimsicott|Focus Sash
|-damage|p2b: Whimsicott|1/100
|move|p2a: Rillaboom|Wood Hammer|p1b: Incineroar
|-resisted|p1b: Incineroar
|-damage|p1b: Incineroar|56/100
|-damage|p2a: Rillaboom|59/100|[from] Recoil
|
|-heal|p1b: Incineroar|62/100|[from] Grassy Terrain
|-heal|p2a: Rillaboom|65/100|[from] Grassy Terrain
|-heal|p2b: Whimsicott|7/100|[from] Grassy Terrain
|-fieldend|move: Grassy Terrain
|upkeep
|turn|7
|
|t:|1757653559
|move|p1a: Amoonguss|Pollen Puff|p1b: Incineroar
|-heal|p1b: Incineroar|100/100
|move|p1b: Incineroar|Knock Off|p2b: Whimsicott
|-supereffective|p2b: Whimsicott
|-crit|p2b: Whimsicott
|-damage|p2b: Whimsicott|0 fnt
|faint|p2b: Whimsicott
|move|p2a: Rillaboom|Wood Hammer|p1b: Incineroar
|-resisted|p1b: Incineroar
|-damage|p1b: Incineroar|74/100
|-damage|p2a: Rillaboom|56/100|[from] Recoil
|
|-fieldend|move: Trick Room
|upkeep
|turn|8
|-message|P!nkbearz07 forfeited.
|
|win|ADX Venom
