|j|☆TMJS01
|j|☆doorbag
|html|TMJS01doorbag    
|uhtml|bestof|Game 3 of a best-of-3
|t:|1782527311
|gametype|doubles
|player|p1|TMJS01|unknown|1392
|player|p2|doorbag|1|1276
|gen|9
|tier|[Gen 9 Champions] VGC 2026 Reg M-B (Bo3)
|rated|
|rule|Species Clause: Limit one of each Pokémon
|rule|Item Clause: Limit 1 of each item
|clearpoke
|poke|p1|Sinistcha, L50|
|poke|p1|Incineroar, L50, M|
|poke|p1|Garchomp, L50, F|
|poke|p1|Floette-Eternal, L50, F|
|poke|p1|Delphox, L50, M|
|poke|p1|Kingambit, L50, F|
|poke|p2|Maushold-Four, L50|
|poke|p2|Staraptor, L50, M|
|poke|p2|Incineroar, L50, M|
|poke|p2|Sinistcha, L50|
|poke|p2|Ceruledge, L50, F|
|poke|p2|Tsareena, L50, F|
|teampreview|4
|showteam|p1|Sinistcha||KasibBerry|Hospitality|MatchaGotcha,RagePowder,TrickRoom,LifeDew|Relaxed|||||50|]Incineroar||ChopleBerry|Intimidate|ThroatChop,FlareBlitz,PartingShot,FakeOut|Impish||M|||50|]Garchomp||LifeOrb|RoughSkin|ScaleShot,StompingTantrum,Protect,RockTomb|Jolly||F|||50|]Floette-Eternal||Floettite|FlowerVeil|Protect,CalmMind,Moonblast,DazzlingGleam|Modest||F|||50|]Delphox||Delphoxite|Blaze|NastyPlot,HeatWave,Psyshock,Protect|Timid||M|||50|]Kingambit||FocusSash|Defiant|SuckerPunch,IronHead,KowtowCleave,LowKick|Brave||F|||50|
|showteam|p2|Maushold-Four||FocusSash|FriendGuard|FollowMe,Charm,SunnyDay,Protect|Timid|||||50|]Staraptor||Staraptite|Intimidate|CloseCombat,BraveBird,Roost,Protect|Jolly||M|||50|]Incineroar||SitrusBerry|Intimidate|FakeOut,FlareBlitz,ThroatChop,PartingShot|Relaxed||M|||50|]Sinistcha||ColburBerry|Hospitality|RagePowder,MatchaGotcha,LifeDew,Protect|Bold|||||50|]Ceruledge||KasibBerry|FlashFire|SwordsDance,BitterBlade,ShadowSneak,Protect|Adamant||F|||50|]Tsareena||WideLens|QueenlyMajesty|PowerWhip,TripleAxel,HighJumpKick,Protect|Jolly||F|||50|
|inactive|Battle timer is ON: inactive players will automatically lose when time's up. (requested by TMJS01)
|inactive|doorbag has 60 seconds left.
|inactive|doorbag has 30 seconds left.
|inactive|doorbag has 20 seconds left.
|
|t:|1782527385
|teamsize|p1|4
|teamsize|p2|4
|start
|switch|p1a: Kingambit|Kingambit, L50, F|100/100
|switch|p1b: Floette|Floette-Eternal, L50, F|100/100
|switch|p2a: Incineroar|Incineroar, L50, M|100/100
|switch|p2b: Ceruledge|Ceruledge, L50, F|100/100
|-ability|p2a: Incineroar|Intimidate|boost
|-unboost|p1a: Kingambit|atk|1
|-ability|p1a: Kingambit|Defiant|boost
|-boost|p1a: Kingambit|atk|2
|-unboost|p1b: Floette|atk|1
|turn|1
|
|t:|1782527404
|switch|p1a: Garchomp|Garchomp, L50, F|100/100
|detailschange|p1b: Floette|Floette-Mega, L50, F
|-mega|p1b: Floette|Floette|Floettite
|-ability|p1b: Floette|Fairy Aura
|move|p2a: Incineroar|Fake Out|p1a: Garchomp
|-damage|p1a: Garchomp|89/100
|-damage|p2a: Incineroar|87/100|[from] ability: Rough Skin|[of] p1a: Garchomp
|move|p1b: Floette|Calm Mind|p1b: Floette
|-boost|p1b: Floette|spa|1
|-boost|p1b: Floette|spd|1
|move|p2b: Ceruledge|Swords Dance|p2b: Ceruledge
|-boost|p2b: Ceruledge|atk|2
|
|upkeep
|turn|2
|inactive|doorbag has 30 seconds left.
|inactive|doorbag has 20 seconds left.
|inactive|doorbag has 15 seconds left.
|
|t:|1782527448
|switch|p1a: Kingambit|Kingambit, L50, F|100/100
|switch|p2a: Staraptor|Staraptor, L50, M|100/100
|-ability|p2a: Staraptor|Intimidate|boost
|-unboost|p1a: Kingambit|atk|1
|-ability|p1a: Kingambit|Defiant|boost
|-boost|p1a: Kingambit|atk|2
|-unboost|p1b: Floette|atk|1
|move|p1b: Floette|Moonblast|p2a: Staraptor
|-damage|p2a: Staraptor|0 fnt
|faint|p2a: Staraptor
|move|p2b: Ceruledge|Bitter Blade|p1b: Floette
|-damage|p1b: Floette|8/100
|
|upkeep
|
|t:|1782527464
|switch|p2a: Incineroar|Incineroar, L50, M|87/100
|-ability|p2a: Incineroar|Intimidate|boost
|-unboost|p1a: Kingambit|atk|1
|-ability|p1a: Kingambit|Defiant|boost
|-boost|p1a: Kingambit|atk|2
|-unboost|p1b: Floette|atk|1
|turn|3
|
|t:|1782527479
|move|p2a: Incineroar|Fake Out|p1a: Kingambit
|-resisted|p1a: Kingambit|1
|-crit|p1a: Kingambit
|-damage|p1a: Kingambit|93/100
|move|p1b: Floette|Moonblast|p2a: Incineroar
|-damage|p2a: Incineroar|0 fnt
|faint|p2a: Incineroar
|move|p2b: Ceruledge|Bitter Blade|p1a: Kingambit
|-supereffective|p1a: Kingambit|1
|-damage|p1a: Kingambit|0 fnt
|faint|p1a: Kingambit
|
|upkeep
|
|t:|1782527488
|switch|p2a: Tsareena|Tsareena, L50, F|100/100
|switch|p1a: Garchomp|Garchomp, L50, F|89/100
|turn|4
|inactive|TMJS01 has 30 seconds left.
|
|t:|1782527515
|switch|p1a: Incineroar|Incineroar, L50, M|100/100
|-ability|p1a: Incineroar|Intimidate|boost
|-unboost|p2a: Tsareena|atk|1
|-unboost|p2b: Ceruledge|atk|1
|move|p1b: Floette|Protect|p1b: Floette
|-singleturn|p1b: Floette|Protect
|move|p2b: Ceruledge|Shadow Sneak|p1b: Floette
|-activate|p1b: Floette|move: Protect
|move|p2a: Tsareena|Triple Axel|p1a: Incineroar
|-resisted|p1a: Incineroar|1
|-damage|p1a: Incineroar|98/100
|-resisted|p1a: Incineroar|1
|-damage|p1a: Incineroar|94/100
|-resisted|p1a: Incineroar|1
|-damage|p1a: Incineroar|89/100
|-hitcount|p1a: Incineroar|3
|
|upkeep
|turn|5
|inactive|doorbag has 30 seconds left.
|inactive|doorbag has 20 seconds left.
|inactive|doorbag has 15 seconds left.
|
|t:|1782527557
|move|p2a: Tsareena|Protect|p2a: Tsareena
|-singleturn|p2a: Tsareena|Protect
|move|p2b: Ceruledge|Shadow Sneak|p1b: Floette
|-damage|p1b: Floette|0 fnt
|faint|p1b: Floette
|move|p1a: Incineroar|Flare Blitz|p2a: Tsareena
|-activate|p2a: Tsareena|move: Protect
|
|upkeep
|
|t:|1782527561
|switch|p1b: Garchomp|Garchomp, L50, F|89/100
|turn|6
|
|t:|1782527574
|move|p1b: Garchomp|Rock Tomb|p2a: Tsareena
|-damage|p2a: Tsareena|70/100
|-unboost|p2a: Tsareena|spe|1
|-damage|p1b: Garchomp|79/100|[from] item: Life Orb
|move|p2b: Ceruledge|Bitter Blade|p1a: Incineroar
|-resisted|p1a: Incineroar|1
|-damage|p1a: Incineroar|58/100
|move|p2a: Tsareena|High Jump Kick|p1a: Incineroar
|-supereffective|p1a: Incineroar|1
|-enditem|p1a: Incineroar|Chople Berry|[eat]
|-enditem|p1a: Incineroar|Chople Berry|[weaken]
|-damage|p1a: Incineroar|36/100
|move|p1a: Incineroar|Flare Blitz|p2a: Tsareena
|-supereffective|p2a: Tsareena|1
|-damage|p2a: Tsareena|0 fnt
|faint|p2a: Tsareena
|-damage|p1a: Incineroar|18/100|[from] Recoil
|
|upkeep
|turn|7
|
|t:|1782527596
|move|p1b: Garchomp|Stomping Tantrum|p2b: Ceruledge
|-supereffective|p2b: Ceruledge|1
|-damage|p2b: Ceruledge|0 fnt
|faint|p2b: Ceruledge
|-damage|p1b: Garchomp|70/100|[from] item: Life Orb
|
|win|TMJS01
|raw|TMJS01's rating: 1392 → 1406(+14 for winning)
|raw|doorbag's rating: 1276 → 1259(-17 for losing)
|l|☆doorbag
|player|p2|
