|j|☆humanbacon
|j|☆PaquitoelBollito
|html|humanbaconPaquitoelBollito    
|uhtml|bestof|Game 3 of a best-of-3
|t:|1783879663
|gametype|doubles
|player|p1|humanbacon|acetrainer|1130
|player|p2|PaquitoelBollito|102|1120
|gen|9
|tier|[Gen 9 Champions] VGC 2026 Reg M-B (Bo3)
|rated|
|rule|Species Clause: Limit one of each Pokémon
|rule|Item Clause: Limit 1 of each item
|clearpoke
|poke|p1|Raichu, L50, F|
|poke|p1|Venusaur, L50, M|
|poke|p1|Milotic, L50, F|
|poke|p1|Ninetales-Alola, L50, F|
|poke|p1|Garchomp, L50, M|
|poke|p1|Incineroar, L50, F|
|poke|p2|Aerodactyl, L50, F|
|poke|p2|Kingambit, L50, M|
|poke|p2|Garchomp, L50, F|
|poke|p2|Farigiraf, L50, M|
|poke|p2|Charizard, L50, F|
|poke|p2|Sylveon, L50, F|
|teampreview|4
|showteam|p1|Raichu||RaichuniteY|LightningRod|ZapCannon,FocusBlast,FakeOut,Protect|Timid||F|||50|]Venusaur||Venusaurite|Chlorophyll|EnergyBall,SludgeBomb,LeechSeed,Protect|Modest||M|||50|]Milotic||Leftovers|Competitive|Scald,IcyWind,LifeDew,Protect|Modest||F|||50|]Ninetales-Alola||FocusSash|SnowWarning|FreezeDry,IcyWind,Moonblast,Protect|Timid||F|||50|]Garchomp||RoseliBerry|RoughSkin|DragonClaw,StompingTantrum,RockTomb,Protect|Adamant||M|||50|]Incineroar||SitrusBerry|Intimidate|FakeOut,ThroatChop,PartingShot,FlareBlitz|Adamant||F|||50|
|showteam|p2|Aerodactyl||Aerodactylite|Unnerve|Tailwind,DualWingbeat,IceFang,RockSlide|Jolly||F|||50|]Kingambit||BlackGlasses|Defiant|SuckerPunch,KowtowCleave,Protect,LowKick|Adamant||M|||50|]Garchomp||LifeOrb|RoughSkin|Protect,DragonClaw,Earthquake,StompingTantrum|Jolly||F|||50|]Farigiraf||SitrusBerry|ArmorTail|PsychicFangs,Thunderbolt,TrickRoom,SunnyDay|Relaxed||M|||50|]Charizard||CharizarditeY|Blaze|Protect,HeatWave,WeatherBall,SolarBeam|Modest||F|||50|]Sylveon||FairyFeather|Pixilate|HyperVoice,Protect,QuickAttack,HyperBeam|Modest||F|||50|
|inactive|Battle timer is ON: inactive players will automatically lose when time's up. (requested by PaquitoelBollito)
|inactive|humanbacon has 60 seconds left.
|
|t:|1783879705
|teamsize|p1|4
|teamsize|p2|4
|start
|switch|p1a: Raichu|Raichu, L50, F|100/100
|switch|p1b: Milotic|Milotic, L50, F|100/100
|switch|p2a: Farigiraf|Farigiraf, L50, M|100/100
|switch|p2b: Kingambit|Kingambit, L50, M|100/100
|turn|1
|
|t:|1783879720
|switch|p1a: Garchomp|Garchomp, L50, M|100/100
|move|p2b: Kingambit|Protect|p2b: Kingambit
|-singleturn|p2b: Kingambit|Protect
|move|p1b: Milotic|Scald|p2a: Farigiraf
|-damage|p2a: Farigiraf|69/100
|-status|p2a: Farigiraf|brn
|move|p2a: Farigiraf|Trick Room|p2a: Farigiraf
|-fieldstart|move: Trick Room|[of] p2a: Farigiraf
|
|-damage|p2a: Farigiraf|63/100 brn|[from] brn
|upkeep
|turn|2
|inactive|humanbacon has 30 seconds left.
|inactive|PaquitoelBollito has 30 seconds left.
|
|t:|1783879755
|switch|p2b: Charizard|Charizard, L50, F|100/100
|switch|p1a: Raichu|Raichu, L50, F|100/100
|move|p2a: Farigiraf|Thunderbolt|p1a: Raichu
|-activate|p1a: Raichu|ability: Lightning Rod
|-ability|p1a: Raichu|Lightning Rod|boost
|-boost|p1a: Raichu|spa|1
|move|p1b: Milotic|Life Dew||[still]|[still]|[spread] 
|-fail|p1a: Raichu|heal
|-fail|p1b: Milotic|heal
|
|-damage|p2a: Farigiraf|57/100 brn|[from] brn
|upkeep
|turn|3
|inactive|PaquitoelBollito has 30 seconds left.
|
|t:|1783879787
|detailschange|p2b: Charizard|Charizard-Mega-Y, L50, F
|-mega|p2b: Charizard|Charizard|Charizardite Y
|-weather|SunnyDay|[from] ability: Drought|[of] p2b: Charizard
|move|p1a: Raichu|Protect|p1a: Raichu
|-singleturn|p1a: Raichu|Protect
|move|p2a: Farigiraf|Psychic Fangs|p1a: Raichu
|-activate|p1a: Raichu|move: Protect
|move|p1b: Milotic|Scald|p2b: Charizard
|-supereffective|p2b: Charizard|1
|-damage|p2b: Charizard|73/100
|move|p2b: Charizard|Heat Wave|p1b: Milotic|[spread] p1b
|-activate|p1a: Raichu|move: Protect
|-resisted|p1b: Milotic|1
|-damage|p1b: Milotic|76/100
|
|-weather|SunnyDay|[upkeep]
|-heal|p1b: Milotic|82/100|[from] item: Leftovers
|-damage|p2a: Farigiraf|51/100 brn|[from] brn
|upkeep
|turn|4
|
|t:|1783879807
|switch|p1a: Garchomp|Garchomp, L50, M|100/100
|move|p2a: Farigiraf|Psychic Fangs|p1a: Garchomp
|-damage|p1a: Garchomp|87/100
|-damage|p2a: Farigiraf|39/100 brn|[from] ability: Rough Skin|[of] p1a: Garchomp
|-enditem|p2a: Farigiraf|Sitrus Berry|[eat]
|-heal|p2a: Farigiraf|64/100 brn|[from] item: Sitrus Berry
|move|p1b: Milotic|Life Dew|p1b: Milotic|[spread] p1a,p1b
|-heal|p1a: Garchomp|100/100
|-heal|p1b: Milotic|100/100
|move|p2b: Charizard|Solar Beam||[still]
|-prepare|p2b: Charizard|Solar Beam
|-anim|p2b: Charizard|Solar Beam|p1b: Milotic
|-supereffective|p1b: Milotic|1
|-damage|p1b: Milotic|27/100
|
|-weather|SunnyDay|[upkeep]
|-heal|p1b: Milotic|33/100|[from] item: Leftovers
|-damage|p2a: Farigiraf|58/100 brn|[from] brn
|upkeep
|turn|5
|inactive|PaquitoelBollito has 30 seconds left.
|inactive|PaquitoelBollito has 20 seconds left.
|
|t:|1783879845
|switch|p2a: Sylveon|Sylveon, L50, F|100/100
|move|p1b: Milotic|Life Dew||[still]|[spread] p1a,p1b
|-fail|p1a: Garchomp|heal
|-heal|p1b: Milotic|58/100
|move|p1a: Garchomp|Dragon Claw|p2a: Sylveon
|-immune|p2a: Sylveon
|move|p2b: Charizard|Solar Beam||[still]
|-prepare|p2b: Charizard|Solar Beam
|-anim|p2b: Charizard|Solar Beam|p1b: Milotic
|-supereffective|p1b: Milotic|1
|-damage|p1b: Milotic|0 fnt
|faint|p1b: Milotic
|
|-weather|SunnyDay|[upkeep]
|-fieldend|move: Trick Room
|upkeep
|
|t:|1783879858
|switch|p1b: Raichu|Raichu, L50, F|100/100
|turn|6
|
|t:|1783879868
|switch|p2b: Farigiraf|Farigiraf, L50, M|58/100 brn
|detailschange|p1b: Raichu|Raichu-Mega-Y, L50, F
|-mega|p1b: Raichu|Raichu|Raichunite Y
|move|p1b: Raichu|Zap Cannon|p2a: Sylveon
|-damage|p2a: Sylveon|44/100
|-status|p2a: Sylveon|par
|move|p1a: Garchomp|Stomping Tantrum|p2a: Sylveon
|-damage|p2a: Sylveon|0 fnt
|faint|p2a: Sylveon
|
|-weather|SunnyDay|[upkeep]
|-damage|p2b: Farigiraf|52/100 brn|[from] brn
|upkeep
|
|t:|1783879881
|switch|p2a: Kingambit|Kingambit, L50, M|100/100
|turn|7
|
|t:|1783879893
|move|p2a: Kingambit|Sucker Punch|p1b: Raichu
|-damage|p1b: Raichu|8/100
|move|p1b: Raichu|Zap Cannon|p2b: Farigiraf
|-damage|p2b: Farigiraf|0 fnt
|faint|p2b: Farigiraf
|move|p1a: Garchomp|Dragon Claw|p2a: Kingambit
|-resisted|p2a: Kingambit|1
|-damage|p2a: Kingambit|81/100
|
|-weather|none
|upkeep
|
|t:|1783879897
|switch|p2b: Charizard|Charizard-Mega-Y, L50, F|73/100
|-weather|SunnyDay|[from] ability: Drought|[of] p2b: Charizard
|turn|8
|
|t:|1783879909
|move|p1b: Raichu|Protect|p1b: Raichu
|-singleturn|p1b: Raichu|Protect
|move|p1a: Garchomp|Protect|p1a: Garchomp
|-singleturn|p1a: Garchomp|Protect
|move|p2a: Kingambit|Sucker Punch||[still]
|-fail|p2a: Kingambit
|move|p2b: Charizard|Heat Wave|p1b: Raichu|[spread] 
|-activate|p1a: Garchomp|move: Protect
|-activate|p1b: Raichu|move: Protect
|
|-weather|SunnyDay|[upkeep]
|upkeep
|turn|9
|
|t:|1783879919
|switch|p1b: Ninetales|Ninetales-Alola, L50, F|100/100
|-weather|Snowscape|[from] ability: Snow Warning|[of] p1b: Ninetales
|move|p2a: Kingambit|Sucker Punch||[still]
|-fail|p2a: Kingambit
|move|p2b: Charizard|Heat Wave|p1a: Garchomp|[spread] p1a,p1b
|-resisted|p1a: Garchomp|1
|-supereffective|p1b: Ninetales|1
|-damage|p1a: Garchomp|84/100
|-damage|p1b: Ninetales|11/100
|move|p1a: Garchomp|Stomping Tantrum|p2a: Kingambit
|-supereffective|p2a: Kingambit|1
|-damage|p2a: Kingambit|9/100
|
|-weather|Snowscape|[upkeep]
|upkeep
|turn|10
|
|t:|1783879938
|move|p2a: Kingambit|Sucker Punch|p1b: Ninetales
|-resisted|p1b: Ninetales|1
|-damage|p1b: Ninetales|0 fnt
|faint|p1b: Ninetales
|move|p2b: Charizard|Weather Ball|p1a: Garchomp
|-supereffective|p1a: Garchomp|2
|-damage|p1a: Garchomp|0 fnt
|faint|p1a: Garchomp
|
|-weather|Snowscape|[upkeep]
|upkeep
|-message|humanbacon forfeited.
|raw|humanbacon's rating: 1130 → 1104(-26 for losing)
|raw|PaquitoelBollito's rating: 1120 → 1146(+26 for winning)
|
|win|PaquitoelBollito
