|j|☆MrMrvz
|j|☆erp_01
|html|MrMrvzerp_01    
|uhtml|bestof|Game 3 of a best-of-3
|t:|1785773941
|gametype|doubles
|player|p1|MrMrvz|ethan|1233
|player|p2|erp_01|roy|1195
|gen|9
|tier|[Gen 9 Champions] VGC 2026 Reg M-B (Bo3)
|rated|
|rule|Species Clause: Limit one of each Pokémon
|rule|Item Clause: Limit 1 of each item
|clearpoke
|poke|p1|Feraligatr, L50, M, shiny|
|poke|p1|Staraptor, L50, M|
|poke|p1|Whimsicott, L50, M|
|poke|p1|Glimmora, L50, M|
|poke|p1|Delphox, L50, F|
|poke|p1|Kingambit, L50, M, shiny|
|poke|p2|Swampert, L50, M|
|poke|p2|Basculegion, L50, M|
|poke|p2|Pelipper, L50, F|
|poke|p2|Archaludon, L50, F|
|poke|p2|Sinistcha-Masterpiece, L50|
|poke|p2|Kingambit, L50, M, shiny|
|teampreview|4
|showteam|p1|Feraligatr||LifeOrb|SheerForce|Liquidation,RockSlide,IcePunch,AquaJet|Adamant||M|||50|]Staraptor||Staraptite|Intimidate|BraveBird,CloseCombat,Roost,Protect|Jolly||M|||50|]Whimsicott||OccaBerry|Prankster|Tailwind,Moonblast,Charm,LightScreen|Timid||M|||50|]Glimmora||FocusSash|ToxicDebris|PowerGem,SludgeBomb,EarthPower,SpikyShield|Modest||M|||50|]Delphox||Delphoxite|Blaze|HeatWave,Psychic,Encore,Protect|Timid||F|||50|]Kingambit||ChopleBerry|Defiant|KowtowCleave,IronHead,LowKick,SuckerPunch|Adamant||M|||50|
|showteam|p2|Swampert||Swampertite|Damp|Earthquake,WaveCrash,HighHorsepower,Protect|Adamant||M|||50|]Basculegion||ChoiceScarf|Adaptability|WaveCrash,FlipTurn,LastRespects,AquaJet|Adamant||M|||50|]Pelipper||FocusSash|Drizzle|WeatherBall,Hurricane,Tailwind,Protect|Modest||F|||50|]Archaludon||Leftovers|Stamina|ElectroShot,FlashCannon,DragonPulse,Protect|Modest||F|||50|]Sinistcha-Masterpiece||KasibBerry|Hospitality|MatchaGotcha,RagePowder,TrickRoom,Protect|Bold|||||50|]Kingambit||BlackGlasses|SupremeOverlord|KowtowCleave,SuckerPunch,SwordsDance,Protect|Adamant||M|||50|
|inactive|Battle timer is ON: inactive players will automatically lose when time's up. (requested by erp_01)
|
|t:|1785773972
|teamsize|p1|4
|teamsize|p2|4
|start
|switch|p1a: Whimsicott|Whimsicott, L50, M|100/100
|switch|p1b: Glimmora|Glimmora, L50, M|100/100
|switch|p2a: Basculegion|Basculegion, L50, M|100/100
|switch|p2b: Archaludon|Archaludon, L50, F|100/100
|turn|1
|inactive|MrMrvz has 30 seconds left.
|
|t:|1785774004
|move|p2a: Basculegion|Flip Turn|p1b: Glimmora
|-supereffective|p1b: Glimmora|1
|-damage|p1b: Glimmora|1/100
|-activate|p1b: Glimmora|ability: Toxic Debris
|-sidestart|p2: erp_01|move: Toxic Spikes
|
|t:|1785774010
|switch|p2a: Pelipper|Pelipper, L50, F|100/100|[from] Flip Turn
|-weather|RainDance|[from] ability: Drizzle|[of] p2a: Pelipper
|move|p1a: Whimsicott|Moonblast|p2a: Pelipper
|-damage|p2a: Pelipper|51/100
|move|p1b: Glimmora|Power Gem|p2a: Pelipper
|-supereffective|p2a: Pelipper|1
|-damage|p2a: Pelipper|0 fnt
|faint|p2a: Pelipper
|move|p2b: Archaludon|Electro Shot||[still]
|-prepare|p2b: Archaludon|Electro Shot
|-boost|p2b: Archaludon|spa|1
|-anim|p2b: Archaludon|Electro Shot|p1b: Glimmora
|-damage|p1b: Glimmora|0 fnt
|faint|p1b: Glimmora
|
|-weather|RainDance|[upkeep]
|upkeep
|
|t:|1785774028
|switch|p1b: Staraptor|Staraptor, L50, M|100/100
|switch|p2a: Basculegion|Basculegion, L50, M|100/100
|-status|p2a: Basculegion|psn
|-ability|p1b: Staraptor|Intimidate|boost
|-unboost|p2a: Basculegion|atk|1
|-unboost|p2b: Archaludon|atk|1
|turn|2
|
|t:|1785774046
|detailschange|p1b: Staraptor|Staraptor-Mega, L50, M
|-mega|p1b: Staraptor|Staraptor|Staraptite
|move|p2b: Archaludon|Protect|p2b: Archaludon
|-singleturn|p2b: Archaludon|Protect
|move|p1a: Whimsicott|Charm|p2a: Basculegion
|-unboost|p2a: Basculegion|atk|2
|move|p2a: Basculegion|Flip Turn|p1b: Staraptor
|-damage|p1b: Staraptor|72/100
|
|t:|1785774049
|switch|p2a: Swampert|Swampert, L50, M|100/100|[from] Flip Turn
|-status|p2a: Swampert|psn
|move|p1b: Staraptor|Close Combat|p2b: Archaludon
|-activate|p2b: Archaludon|move: Protect
|
|-weather|RainDance|[upkeep]
|-damage|p2a: Swampert|87/100 psn|[from] psn
|upkeep
|turn|3
|
|t:|1785774067
|switch|p2b: Basculegion|Basculegion, L50, M|100/100 psn
|detailschange|p2a: Swampert|Swampert-Mega, L50, M
|-mega|p2a: Swampert|Swampert|Swampertite
|move|p1a: Whimsicott|Charm|p2a: Swampert
|-unboost|p2a: Swampert|atk|2
|move|p2a: Swampert|Wave Crash|p1b: Staraptor
|-damage|p1b: Staraptor|18/100
|-damage|p2a: Swampert|70/100 psn|[from] Recoil
|move|p1b: Staraptor|Close Combat|p2b: Basculegion
|-immune|p2b: Basculegion
|
|-weather|RainDance|[upkeep]
|-damage|p2a: Swampert|58/100 psn|[from] psn
|-damage|p2b: Basculegion|87/100 psn|[from] psn
|upkeep
|turn|4
|
|t:|1785774086
|move|p1b: Staraptor|Protect|p1b: Staraptor
|-singleturn|p1b: Staraptor|Protect
|move|p1a: Whimsicott|Charm|p2b: Basculegion
|-unboost|p2b: Basculegion|atk|2
|move|p2a: Swampert|Wave Crash|p1b: Staraptor
|-activate|p1b: Staraptor|move: Protect
|move|p2b: Basculegion|Last Respects|p1a: Whimsicott
|-damage|p1a: Whimsicott|65/100
|
|-weather|RainDance|[upkeep]
|-damage|p2a: Swampert|46/100 psn|[from] psn
|-damage|p2b: Basculegion|75/100 psn|[from] psn
|upkeep
|turn|5
|
|t:|1785774112
|switch|p1b: Kingambit|Kingambit, L50, M, shiny|100/100
|move|p2a: Swampert|Wave Crash|p1a: Whimsicott
|-resisted|p1a: Whimsicott|1
|-crit|p1a: Whimsicott
|-damage|p1a: Whimsicott|0 fnt
|faint|p1a: Whimsicott
|-damage|p2a: Swampert|28/100 psn|[from] Recoil
|move|p2b: Basculegion|Last Respects|p1b: Kingambit
|-resisted|p1b: Kingambit|1
|-damage|p1b: Kingambit|86/100
|
|-weather|none
|-damage|p2a: Swampert|15/100 psn|[from] psn
|-damage|p2b: Basculegion|63/100 psn|[from] psn
|upkeep
|
|t:|1785774124
|switch|p1a: Staraptor|Staraptor-Mega, L50, M|18/100
|turn|6
|
|t:|1785774135
|switch|p2b: Archaludon|Archaludon, L50, F|100/100
|move|p1a: Staraptor|Protect|p1a: Staraptor
|-singleturn|p1a: Staraptor|Protect
|move|p1b: Kingambit|Sucker Punch||[still]
|-fail|p1b: Kingambit
|move|p2a: Swampert|High Horsepower|p1b: Kingambit
|-supereffective|p1b: Kingambit|1
|-damage|p1b: Kingambit|43/100
|
|-damage|p2a: Swampert|3/100 psn|[from] psn
|upkeep
|turn|7
|
|t:|1785774152
|switch|p2a: Basculegion|Basculegion, L50, M|63/100 psn
|move|p1b: Kingambit|Sucker Punch||[still]
|-fail|p1b: Kingambit
|move|p1a: Staraptor|Close Combat|p2b: Archaludon
|-supereffective|p2b: Archaludon|1
|-damage|p2b: Archaludon|14/100
|-boost|p1a: Staraptor|def|1
|-boost|p1a: Staraptor|spd|1
|-ability|p2b: Archaludon|Stamina|boost
|-boost|p2b: Archaludon|def|1
|move|p2b: Archaludon|Electro Shot||[still]
|-prepare|p2b: Archaludon|Electro Shot
|-boost|p2b: Archaludon|spa|1
|
|-heal|p2b: Archaludon|20/100y|[from] item: Leftovers
|-damage|p2a: Basculegion|51/100 psn|[from] psn
|upkeep
|turn|8
|
|t:|1785774175
|move|p2a: Basculegion|Aqua Jet|p1a: Staraptor
|-damage|p1a: Staraptor|0 fnt
|faint|p1a: Staraptor
|move|p1b: Kingambit|Sucker Punch||[still]
|-fail|p1b: Kingambit
|move|p2b: Archaludon|Electro Shot|p1b: Kingambit|[from] lockedmove
|-crit|p1b: Kingambit
|-damage|p1b: Kingambit|0 fnt
|faint|p1b: Kingambit
|
|win|erp_01
|raw|MrMrvz's rating: 1233 → 1205(-28 for losing)
|raw|erp_01's rating: 1195 → 1223(+28 for winning)
|c|☆MrMrvz|GG!
