|j|☆mikelpoyarzabal
|j|☆SleepD2
|html|mikelpoyarzabalSleepD2    
|uhtml|bestof|Game 3 of a best-of-3
|t:|1784736303
|gametype|doubles
|player|p1|mikelpoyarzabal|arven-s|1319
|player|p2|SleepD2|170|1301
|gen|9
|tier|[Gen 9 Champions] VGC 2026 Reg M-B (Bo3)
|rated|
|rule|Species Clause: Limit one of each Pokémon
|rule|Item Clause: Limit 1 of each item
|clearpoke
|poke|p1|Charizard, L50, M|
|poke|p1|Garchomp, L50, M|
|poke|p1|Incineroar, L50, F|
|poke|p1|Venusaur, L50, M|
|poke|p1|Toxapex, L50, F|
|poke|p1|Sylveon, L50, F|
|poke|p2|Hydreigon, L50, M|
|poke|p2|Talonflame, L50, F|
|poke|p2|Basculegion, L50, M|
|poke|p2|Metagross, L50|
|poke|p2|Floette-Eternal, L50, F|
|poke|p2|Sinistcha, L50|
|teampreview|4
|showteam|p1|Charizard||CharizarditeY|SolarPower|WeatherBall,HeatWave,AncientPower,Protect|Modest||M|||50|]Garchomp||ChoiceScarf|RoughSkin|RockSlide,DragonClaw,Earthquake,StompingTantrum|Adamant||M|||50|]Incineroar||SitrusBerry|Intimidate|FlareBlitz,FakeOut,DarkestLariat,PartingShot|Impish||F|||50|]Venusaur||LifeOrb|Chlorophyll|SludgeBomb,LeafStorm,EarthPower,Protect|Modest||M|||50|]Toxapex||Leftovers|Regenerator|Infestation,Toxic,WideGuard,BanefulBunker|Bold||F|||50|]Sylveon||FairyFeather|Pixilate|HyperVoice,QuickAttack,Yawn,Detect|Modest||F|||50|
|showteam|p2|Hydreigon||LifeOrb|Levitate|Protect,DracoMeteor,DarkPulse,EarthPower|Modest||M|||50|]Talonflame||SharpBeak|GaleWings|Protect,DualWingbeat,Tailwind,QuickGuard|Jolly||F|||50|]Basculegion||MysticWater|Adaptability|Protect,WaveCrash,AquaJet,LastRespects|Adamant||M|||50|]Metagross||Metagrossite|ClearBody|BodyPress,IronHead,PsychicFangs,Protect|Jolly|||||50|]Floette-Eternal||Floettite|FlowerVeil|Protect,DazzlingGleam,LightofRuin,Moonblast|Modest||F|||50|]Sinistcha||KasibBerry|Hospitality|RagePowder,MatchaGotcha,LifeDew,Protect|Bold|||||50|
|inactive|Battle timer is ON: inactive players will automatically lose when time's up. (requested by mikelpoyarzabal)
|j| coop009
|
|t:|1784736325
|teamsize|p1|4
|teamsize|p2|4
|start
|switch|p1a: Incineroar|Incineroar, L50, F|100/100
|switch|p1b: Sylveon|Sylveon, L50, F|100/100
|switch|p2a: Talonflame|Talonflame, L50, F|100/100
|switch|p2b: Basculegion|Basculegion, L50, M|100/100
|-ability|p1a: Incineroar|Intimidate|boost
|-unboost|p2a: Talonflame|atk|1
|-unboost|p2b: Basculegion|atk|1
|turn|1
|
|t:|1784736343
|switch|p1a: Garchomp|Garchomp, L50, M|100/100
|move|p2a: Talonflame|Protect|p2a: Talonflame
|-singleturn|p2a: Talonflame|Protect
|move|p2b: Basculegion|Wave Crash|p1a: Garchomp
|-damage|p1a: Garchomp|34/100
|-damage|p2b: Basculegion|87/100|[from] ability: Rough Skin|[of] p1a: Garchomp
|-damage|p2b: Basculegion|67/100|[from] Recoil
|move|p1b: Sylveon|Hyper Voice|p2a: Talonflame|[spread] p2b
|-activate|p2a: Talonflame|move: Protect
|-damage|p2b: Basculegion|22/100
|
|upkeep
|turn|2
|inactive|SleepD2 has 30 seconds left.
|
|t:|1784736370
|switch|p1a: Incineroar|Incineroar, L50, F|100/100
|-ability|p1a: Incineroar|Intimidate|boost
|-unboost|p2a: Talonflame|atk|1
|-unboost|p2b: Basculegion|atk|1
|move|p2a: Talonflame|Tailwind|p2a: Talonflame
|-sidestart|p2: SleepD2|move: Tailwind
|move|p2b: Basculegion|Wave Crash|p1a: Incineroar
|-supereffective|p1a: Incineroar|1
|-damage|p1a: Incineroar|32/100
|-enditem|p1a: Incineroar|Sitrus Berry|[eat]
|-heal|p1a: Incineroar|57/100|[from] item: Sitrus Berry
|-damage|p2b: Basculegion|0 fnt|[from] Recoil
|faint|p2b: Basculegion
|move|p1b: Sylveon|Hyper Voice|p2a: Talonflame
|-resisted|p2a: Talonflame|1
|-damage|p2a: Talonflame|57/100
|
|upkeep
|
|t:|1784736374
|switch|p2b: Metagross|Metagross, L50|100/100
|turn|3
|
|t:|1784736398
|switch|p1a: Charizard|Charizard, L50, M|100/100
|detailschange|p2b: Metagross|Metagross-Mega, L50
|-mega|p2b: Metagross|Metagross|Metagrossite
|move|p1b: Sylveon|Detect|p1b: Sylveon
|-singleturn|p1b: Sylveon|Protect
|move|p2a: Talonflame|Quick Guard|p2a: Talonflame
|-singleturn|p2a: Talonflame|Quick Guard
|move|p2b: Metagross|Body Press|p1a: Charizard
|-resisted|p1a: Charizard|1
|-damage|p1a: Charizard|82/100
|
|upkeep
|turn|4
|l| coop009
|
|t:|1784736415
|switch|p2a: Hydreigon|Hydreigon, L50, M|100/100
|switch|p1b: Incineroar|Incineroar, L50, F|57/100
|-ability|p1b: Incineroar|Intimidate|boost
|-unboost|p2a: Hydreigon|atk|1
|-unboost|p2b: Metagross|atk|1
|detailschange|p1a: Charizard|Charizard-Mega-Y, L50, M
|-mega|p1a: Charizard|Charizard|Charizardite Y
|-weather|SunnyDay|[from] ability: Drought|[of] p1a: Charizard
|move|p2b: Metagross|Iron Head|p1b: Incineroar
|-resisted|p1b: Incineroar|1
|-damage|p1b: Incineroar|44/100
|move|p1a: Charizard|Ancient Power|p2a: Hydreigon
|-damage|p2a: Hydreigon|75/100
|
|-weather|SunnyDay|[upkeep]
|upkeep
|turn|5
|
|t:|1784736431
|switch|p1b: Sylveon|Sylveon, L50, F|100/100
|move|p2b: Metagross|Protect|p2b: Metagross
|-singleturn|p2b: Metagross|Protect
|move|p2a: Hydreigon|Dark Pulse|p1a: Charizard
|-damage|p1a: Charizard|31/100
|-damage|p2a: Hydreigon|66/100|[from] item: Life Orb
|cant|p1a: Charizard|flinch
|
|-weather|SunnyDay|[upkeep]
|-sideend|p2: SleepD2|move: Tailwind
|upkeep
|turn|6
|
|t:|1784736446
|switch|p1a: Incineroar|Incineroar, L50, F|44/100
|-ability|p1a: Incineroar|Intimidate|boost
|-unboost|p2a: Hydreigon|atk|1
|-unboost|p2b: Metagross|atk|1
|move|p2a: Hydreigon|Protect|p2a: Hydreigon
|-singleturn|p2a: Hydreigon|Protect
|move|p2b: Metagross|Psychic Fangs|p1a: Incineroar
|-immune|p1a: Incineroar
|move|p1b: Sylveon|Yawn|p2b: Metagross
|-start|p2b: Metagross|move: Yawn|[of] p1b: Sylveon
|
|-weather|SunnyDay|[upkeep]
|upkeep
|turn|7
|inactive|SleepD2 has 30 seconds left.
|
|t:|1784736481
|switch|p2b: Talonflame|Talonflame, L50, F|57/100
|move|p2a: Hydreigon|Earth Power|p1a: Incineroar
|-supereffective|p1a: Incineroar|1
|-damage|p1a: Incineroar|0 fnt
|faint|p1a: Incineroar
|-damage|p2a: Hydreigon|56/100|[from] item: Life Orb
|move|p1b: Sylveon|Hyper Voice|p2b: Talonflame|[spread] p2a,p2b
|-supereffective|p2a: Hydreigon|2
|-resisted|p2b: Talonflame|1
|-damage|p2a: Hydreigon|0 fnt
|-damage|p2b: Talonflame|23/100
|faint|p2a: Hydreigon
|
|-weather|SunnyDay|[upkeep]
|upkeep
|
|t:|1784736489
|switch|p2a: Metagross|Metagross-Mega, L50|100/100
|switch|p1a: Charizard|Charizard-Mega-Y, L50, M|31/100
|turn|8
|
|t:|1784736497
|move|p2b: Talonflame|Protect|p2b: Talonflame
|-singleturn|p2b: Talonflame|Protect
|move|p2a: Metagross|Psychic Fangs|p1a: Charizard
|-damage|p1a: Charizard|0 fnt
|faint|p1a: Charizard
|move|p1b: Sylveon|Yawn|p2a: Metagross
|-start|p2a: Metagross|move: Yawn|[of] p1b: Sylveon
|
|-weather|none
|upkeep
|
|t:|1784736501
|switch|p1a: Garchomp|Garchomp, L50, M|34/100
|turn|9
|
|t:|1784736516
|move|p1a: Garchomp|Stomping Tantrum|p2a: Metagross
|-supereffective|p2a: Metagross|1
|-damage|p2a: Metagross|36/100
|move|p2b: Talonflame|Tailwind|p2b: Talonflame
|-sidestart|p2: SleepD2|move: Tailwind
|move|p2a: Metagross|Psychic Fangs|p1a: Garchomp
|-damage|p1a: Garchomp|0 fnt
|-damage|p2a: Metagross|23/100|[from] ability: Rough Skin|[of] p1a: Garchomp
|faint|p1a: Garchomp
|move|p1b: Sylveon|Hyper Voice|p2b: Talonflame|[spread] p2a,p2b
|-resisted|p2a: Metagross|1
|-resisted|p2b: Talonflame|1
|-damage|p2a: Metagross|1/100
|-damage|p2b: Talonflame|0 fnt
|faint|p2b: Talonflame
|
|-end|p2a: Metagross|move: Yawn|[silent]
|-status|p2a: Metagross|slp
|upkeep
|turn|10
|
|t:|1784736526
|cant|p2a: Metagross|slp
|move|p1b: Sylveon|Hyper Voice|p2a: Metagross
|-resisted|p2a: Metagross|1
|-damage|p2a: Metagross|0 fnt
|faint|p2a: Metagross
|
|win|mikelpoyarzabal
|raw|mikelpoyarzabal's rating: 1319 → 1338(+19 for winning)
|raw|SleepD2's rating: 1301 → 1282(-19 for losing)
