|j|☆Lorido
|j|☆Pointee
|html|LoridoPointee    
|uhtml|bestof|Game 2 of a best-of-3
|t:|1785079166
|gametype|doubles
|player|p1|Lorido|2|1255
|player|p2|Pointee|wallace-masters|1256
|gen|9
|tier|[Gen 9 Champions] VGC 2026 Reg M-B (Bo3)
|rated|
|rule|Species Clause: Limit one of each Pokémon
|rule|Item Clause: Limit 1 of each item
|clearpoke
|poke|p1|Aerodactyl, L50, F|
|poke|p1|Kingambit, L50, M|
|poke|p1|Sylveon, L50, F|
|poke|p1|Charizard, L50, F|
|poke|p1|Garchomp, L50, M|
|poke|p1|Farigiraf, L50, M|
|poke|p2|Sinistcha, L50|
|poke|p2|Incineroar, L50, F|
|poke|p2|Floette-Eternal, L50, F|
|poke|p2|Ceruledge, L50, F|
|poke|p2|Palafin, L50, F|
|poke|p2|Raichu, L50, M|
|teampreview|4
|showteam|p1|Aerodactyl||Aerodactylite|Unnerve|RockSlide,DualWingbeat,IceFang,Tailwind|Jolly||F|||50|]Kingambit||BlackGlasses|Defiant|KowtowCleave,IronHead,SuckerPunch,Protect|Adamant||M|||50|]Sylveon||FairyFeather|Pixilate|HyperVoice,QuickAttack,HyperBeam,Detect|Modest||F|||50|]Charizard||CharizarditeY|Blaze|HeatWave,WeatherBall,SolarBeam,Protect|Modest||F|||50|]Garchomp||LifeOrb|RoughSkin|DragonClaw,Earthquake,RockSlide,Protect|Jolly||M|||50|]Farigiraf||SitrusBerry|ArmorTail|TwinBeam,Thunderbolt,TrickRoom,HelpingHand|Relaxed||M|||50|
|showteam|p2|Sinistcha||KasibBerry|Hospitality|MatchaGotcha,TrickRoom,RagePowder,Protect|Bold|||||50|]Incineroar||PasshoBerry|Intimidate|FlareBlitz,DarkestLariat,FakeOut,PartingShot|Adamant||F|||50|]Floette-Eternal||Floettite|FlowerVeil|DazzlingGleam,DrainingKiss,CalmMind,Protect|Timid||F|||50|]Ceruledge||ColburBerry|FlashFire|BitterBlade,ShadowSneak,BulkUp,Protect|Adamant||F|||50|]Palafin||Leftovers|ZerotoHero|WaveCrash,JetPunch,CloseCombat,Protect|Adamant||F|||50|]Raichu||RaichuniteY|LightningRod|FocusBlast,ZapCannon,FakeOut,Protect|Timid||M|||50|
|inactive|Battle timer is ON: inactive players will automatically lose when time's up. (requested by Lorido)
|inactive|Lorido has 60 seconds left.
|inactive|Pointee has 60 seconds left.
|
|t:|1785079220
|teamsize|p1|4
|teamsize|p2|4
|start
|switch|p1a: Farigiraf|Farigiraf, L50, M|100/100
|switch|p1b: Sylveon|Sylveon, L50, F|100/100
|switch|p2a: Raichu|Raichu, L50, M|100/100
|switch|p2b: Palafin|Palafin, L50, F|100/100
|turn|1
|inactive|Lorido has 30 seconds left.
|inactive|Lorido has 20 seconds left.
|
|t:|1785079258
|detailschange|p2a: Raichu|Raichu-Mega-Y, L50, M
|-mega|p2a: Raichu|Raichu|Raichunite Y
|move|p1b: Sylveon|Detect|p1b: Sylveon
|-singleturn|p1b: Sylveon|Protect
|move|p2a: Raichu|Zap Cannon|p1b: Sylveon
|-activate|p1b: Sylveon|move: Protect
|move|p2b: Palafin|Wave Crash|p1b: Sylveon
|-activate|p1b: Sylveon|move: Protect
|move|p1a: Farigiraf|Trick Room|p1a: Farigiraf
|-fieldstart|move: Trick Room|[of] p1a: Farigiraf
|
|upkeep
|turn|2
|inactive|Pointee has 30 seconds left.
|inactive|Pointee has 20 seconds left.
|inactive|Pointee has 15 seconds left.
|inactive|Pointee has 10 seconds left.
|
|t:|1785079307
|move|p1a: Farigiraf|Helping Hand|p1b: Sylveon
|-singleturn|p1b: Sylveon|Helping Hand|[of] p1a: Farigiraf
|move|p2b: Palafin|Protect|p2b: Palafin
|-singleturn|p2b: Palafin|Protect
|move|p2a: Raichu|Protect|p2a: Raichu
|-singleturn|p2a: Raichu|Protect
|move|p1b: Sylveon|Hyper Voice|p2a: Raichu|[spread] 
|-activate|p2a: Raichu|move: Protect
|-activate|p2b: Palafin|move: Protect
|
|upkeep
|turn|3
|
|t:|1785079330
|detailschange|p2b: Palafin|Palafin-Hero, L50, F
|switch|p2b: Sinistcha|Sinistcha, L50|100/100
|move|p1a: Farigiraf|Helping Hand|p1b: Sylveon
|-singleturn|p1b: Sylveon|Helping Hand|[of] p1a: Farigiraf
|move|p1b: Sylveon|Hyper Voice|p2a: Raichu|[spread] p2a,p2b
|-damage|p2a: Raichu|7/100
|-damage|p2b: Sinistcha|28/100
|move|p2a: Raichu|Zap Cannon|p1a: Farigiraf
|-damage|p1a: Farigiraf|32/100
|-status|p1a: Farigiraf|par
|-enditem|p1a: Farigiraf|Sitrus Berry|[eat]
|-heal|p1a: Farigiraf|57/100 par|[from] item: Sitrus Berry
|
|upkeep
|turn|4
|inactive|Pointee has 30 seconds left.
|
|t:|1785079364
|move|p2b: Sinistcha|Protect|p2b: Sinistcha
|-singleturn|p2b: Sinistcha|Protect
|move|p2a: Raichu|Protect|p2a: Raichu
|-singleturn|p2a: Raichu|Protect
|cant|p1a: Farigiraf|par
|move|p1b: Sylveon|Hyper Voice|p2a: Raichu|[spread] 
|-activate|p2a: Raichu|move: Protect
|-activate|p2b: Sinistcha|move: Protect
|
|upkeep
|turn|5
|
|t:|1785079375
|move|p1a: Farigiraf|Helping Hand|p1b: Sylveon
|-singleturn|p1b: Sylveon|Helping Hand|[of] p1a: Farigiraf
|move|p2b: Sinistcha|Protect||[still]
|-fail|p2b: Sinistcha
|move|p2a: Raichu|Protect||[still]
|-fail|p2a: Raichu
|move|p1b: Sylveon|Hyper Voice|p2a: Raichu|[spread] p2a,p2b
|-damage|p2a: Raichu|0 fnt
|-damage|p2b: Sinistcha|0 fnt
|faint|p2a: Raichu
|faint|p2b: Sinistcha
|
|-fieldend|move: Trick Room
|upkeep
|
|t:|1785079381
|switch|p2a: Incineroar|Incineroar, L50, F|100/100
|switch|p2b: Palafin|Palafin-Hero, L50, F|100/100
|-activate|p2b: Palafin|ability: Zero to Hero
|-ability|p2a: Incineroar|Intimidate|boost
|-unboost|p1a: Farigiraf|atk|1
|-unboost|p1b: Sylveon|atk|1
|turn|6
|
|t:|1785079394
|move|p1a: Farigiraf|Helping Hand|p1b: Sylveon
|-singleturn|p1b: Sylveon|Helping Hand|[of] p1a: Farigiraf
|move|p2b: Palafin|Wave Crash|p1b: Sylveon
|-damage|p1b: Sylveon|32/100
|-damage|p2b: Palafin|79/100|[from] Recoil
|move|p2a: Incineroar|Darkest Lariat|p1a: Farigiraf
|-supereffective|p1a: Farigiraf|1
|-damage|p1a: Farigiraf|4/100 par
|move|p1b: Sylveon|Hyper Voice|p2b: Palafin|[spread] p2a,p2b
|-damage|p2a: Incineroar|34/100
|-damage|p2b: Palafin|15/100
|
|-heal|p2b: Palafin|21/100|[from] item: Leftovers
|upkeep
|turn|7
|inactive|Pointee has 30 seconds left.
|
|t:|1785079423
|move|p1a: Farigiraf|Helping Hand|p1b: Sylveon
|-singleturn|p1b: Sylveon|Helping Hand|[of] p1a: Farigiraf
|move|p1b: Sylveon|Quick Attack|p2b: Palafin
|-crit|p2b: Palafin
|-damage|p2b: Palafin|0 fnt
|faint|p2b: Palafin
|move|p2a: Incineroar|Flare Blitz|p1b: Sylveon
|-damage|p1b: Sylveon|0 fnt
|faint|p1b: Sylveon
|-damage|p2a: Incineroar|24/100|[from] Recoil
|
|upkeep
|-message|Pointee forfeited.
|
|win|Lorido
