|j|☆aldishh
|j|☆MazapanAzteca
|html|aldishhMazapanAzteca    
|uhtml|bestof|Game 2 of a best-of-3
|t:|1757038755
|gametype|doubles
|player|p1|aldishh|169|1093
|player|p2|MazapanAzteca|ingo|1203
|gen|9
|tier|[Gen 9] VGC 2025 Reg H (Bo3)
|rated|
|rule|Species Clause: Limit one of each Pokémon
|rule|Item Clause: Limit 1 of each item
|clearpoke
|poke|p1|Volcarona, L50, F|
|poke|p1|Rillaboom, L50, F|
|poke|p1|Gholdengo, L50|
|poke|p1|Sneasler, L50, M|
|poke|p1|Garchomp, L50, M|
|poke|p1|Incineroar, L50, F|
|poke|p2|Dragonite, L50, F|
|poke|p2|Annihilape, L50, M|
|poke|p2|Gholdengo, L50|
|poke|p2|Ursaluna-Bloodmoon, L50, M|
|poke|p2|Maushold-Four, L50|
|poke|p2|Rillaboom, L50, M|
|teampreview|4
|showteam|p1|Volcarona||CovertCloak|FlameBody|QuiverDance,FieryDance,TeraBlast,Protect|||F|||50|,,,,,Fairy]Rillaboom||AssaultVest|GrassySurge|GrassyGlide,WoodHammer,FakeOut,Protect|||F|||50|,,,,,Fire]Gholdengo||MetalCoat|GoodasGold|NastyPlot,Protect,MakeItRain,ShadowBall||||||50|,,,,,Water]Sneasler||LifeOrb|PoisonTouch|Coaching,CloseCombat,DireClaw,FakeOut|||M|||50|,,,,,Flying]Garchomp||ClearAmulet|SandVeil|Earthquake,StompingTantrum,DragonClaw,Protect|||M|||50|,,,,,Ground]Incineroar||SafetyGoggles|Intimidate|PartingShot,FakeOut,KnockOff,FlareBlitz|||F|||50|,,,,,Ghost
|showteam|p2|Dragonite||LoadedDice|Multiscale|ScaleShot,Tailwind,Haze,Protect|||F|||50|,,,,,Steel]Annihilape||SitrusBerry|Defiant|RageFist,DrainPunch,BulkUp,Protect|||M|||50|,,,,,Fire]Gholdengo||LifeOrb|GoodasGold|MakeItRain,ShadowBall,NastyPlot,Protect||||||50|,,,,,Water]Ursaluna-Bloodmoon||AssaultVest|MindsEye|BloodMoon,EarthPower,HyperVoice,VacuumWave|||M|||50|,,,,,Water]Maushold-Four||FocusSash|FriendGuard|SuperFang,FollowMe,BeatUp,Protect||||||50|,,,,,Ghost]Rillaboom||MiracleSeed|GrassySurge|WoodHammer,GrassyGlide,HighHorsepower,FakeOut|||M|||50|,,,,,Fire
|inactive|Battle timer is ON: inactive players will automatically lose when time's up. (requested by aldishh)
|inactive|aldishh has 30 seconds left.
|inactive|MazapanAzteca has 60 seconds left.
|
|t:|1757038818
|teamsize|p1|4
|teamsize|p2|4
|start
|switch|p1a: Volcarona|Volcarona, L50, F|100/100
|switch|p1b: Gholdengo|Gholdengo, L50|100/100
|switch|p2a: Dragonite|Dragonite, L50, F|100/100
|switch|p2b: Maushold|Maushold-Four, L50|100/100
|turn|1
|inactive|aldishh has 30 seconds left.
|inactive|MazapanAzteca has 30 seconds left.
|
|t:|1757038855
|switch|p2b: Annihilape|Annihilape, L50, M|100/100
|switch|p1a: Incineroar|Incineroar, L50, F, shiny|100/100
|-ability|p1a: Incineroar|Intimidate|boost
|-unboost|p2a: Dragonite|atk|1
|-unboost|p2b: Annihilape|atk|1
|-ability|p2b: Annihilape|Defiant|boost
|-boost|p2b: Annihilape|atk|2
|move|p1b: Gholdengo|Make It Rain|p2b: Annihilape|[spread] p2a,p2b
|-damage|p2a: Dragonite|76/100
|-damage|p2b: Annihilape|58/100
|-unboost|p1b: Gholdengo|spa|1
|move|p2a: Dragonite|Tailwind|p2a: Dragonite
|-sidestart|p2: MazapanAzteca|move: Tailwind
|
|upkeep
|turn|2
|inactive|MazapanAzteca has 30 seconds left.
|inactive|MazapanAzteca has 20 seconds left.
|inactive|MazapanAzteca has 15 seconds left.
|
|t:|1757038899
|switch|p2b: Maushold|Maushold-Four, L50|100/100
|switch|p1b: Volcarona|Volcarona, L50, F|100/100
|-terastallize|p1a: Incineroar|Ghost
|move|p2a: Dragonite|Scale Shot|p1a: Incineroar
|-damage|p1a: Incineroar|90/100
|-damage|p1a: Incineroar|81/100
|-damage|p1a: Incineroar|72/100
|-damage|p1a: Incineroar|62/100
|-damage|p1a: Incineroar|52/100
|-hitcount|p1a: Incineroar|5
|-unboost|p2a: Dragonite|def|1
|-boost|p2a: Dragonite|spe|1
|move|p1a: Incineroar|Flare Blitz|p2b: Maushold
|-damage|p2b: Maushold|40/100
|-damage|p1a: Incineroar|35/100|[from] Recoil
|
|upkeep
|turn|3
|inactive|aldishh has 30 seconds left.
|inactive|MazapanAzteca has 30 seconds left.
|inactive|MazapanAzteca has 20 seconds left.
|inactive|MazapanAzteca has 15 seconds left.
|
|t:|1757038943
|switch|p1a: Gholdengo|Gholdengo, L50|100/100
|move|p2b: Maushold|Protect|p2b: Maushold
|-singleturn|p2b: Maushold|Protect
|move|p2a: Dragonite|Scale Shot|p1a: Gholdengo
|-resisted|p1a: Gholdengo
|-damage|p1a: Gholdengo|96/100
|-resisted|p1a: Gholdengo
|-damage|p1a: Gholdengo|90/100
|-resisted|p1a: Gholdengo
|-damage|p1a: Gholdengo|86/100
|-resisted|p1a: Gholdengo
|-damage|p1a: Gholdengo|81/100
|-hitcount|p1a: Gholdengo|4
|-unboost|p2a: Dragonite|def|1
|-boost|p2a: Dragonite|spe|1
|move|p1b: Volcarona|Fiery Dance|p2b: Maushold
|-activate|p2b: Maushold|move: Protect
|
|upkeep
|turn|4
|inactive|aldishh has 30 seconds left.
|inactive|MazapanAzteca has 30 seconds left.
|
|t:|1757038975
|move|p2a: Dragonite|Scale Shot|p1b: Volcarona
|-damage|p1b: Volcarona|88/100
|-damage|p1b: Volcarona|76/100
|-damage|p1b: Volcarona|65/100
|-damage|p1b: Volcarona|53/100
|-hitcount|p1b: Volcarona|4
|-unboost|p2a: Dragonite|def|1
|-boost|p2a: Dragonite|spe|1
|move|p2b: Maushold|Super Fang|p1b: Volcarona|[miss]
|-miss|p2b: Maushold|p1b: Volcarona
|move|p1a: Gholdengo|Make It Rain|p2b: Maushold|[spread] p2a,p2b
|-damage|p2a: Dragonite|34/100
|-damage|p2b: Maushold|0 fnt
|-unboost|p1a: Gholdengo|spa|1
|faint|p2b: Maushold
|move|p1b: Volcarona|Quiver Dance|p1b: Volcarona
|-boost|p1b: Volcarona|spa|1
|-boost|p1b: Volcarona|spd|1
|-boost|p1b: Volcarona|spe|1
|
|-sideend|p2: MazapanAzteca|move: Tailwind
|upkeep
|
|t:|1757038997
|switch|p2b: Annihilape|Annihilape, L50, M|58/100
|turn|5
|inactive|MazapanAzteca has 30 seconds left.
|inactive|MazapanAzteca has 20 seconds left.
|inactive|MazapanAzteca has 15 seconds left.
|inactive|MazapanAzteca has 10 seconds left.
|
|t:|1757039045
|-terastallize|p2b: Annihilape|Fire
|move|p2a: Dragonite|Tailwind|p2a: Dragonite
|-sidestart|p2: MazapanAzteca|move: Tailwind
|move|p2b: Annihilape|Rage Fist|p1a: Gholdengo
|-supereffective|p1a: Gholdengo
|-damage|p1a: Gholdengo|0 fnt
|faint|p1a: Gholdengo
|move|p1b: Volcarona|Fiery Dance|p2b: Annihilape
|-resisted|p2b: Annihilape
|-damage|p2b: Annihilape|29/100
|-boost|p1b: Volcarona|spa|1
|-enditem|p2b: Annihilape|Sitrus Berry|[eat]
|-heal|p2b: Annihilape|54/100|[from] item: Sitrus Berry
|
|upkeep
|
|t:|1757039058
|switch|p1a: Sneasler|Sneasler, L50, M|100/100
|turn|6
|
|t:|1757039080
|move|p2a: Dragonite|Scale Shot|p1a: Sneasler
|-damage|p1a: Sneasler|84/100
|-damage|p1a: Sneasler|67/100
|-damage|p1a: Sneasler|50/100
|-damage|p1a: Sneasler|32/100
|-damage|p1a: Sneasler|15/100
|-hitcount|p1a: Sneasler|5
|-unboost|p2a: Dragonite|def|1
|-boost|p2a: Dragonite|spe|1
|move|p2b: Annihilape|Rage Fist|p1a: Sneasler
|-damage|p1a: Sneasler|0 fnt
|faint|p1a: Sneasler
|move|p1b: Volcarona|Tera Blast|p2a: Dragonite
|-damage|p2a: Dragonite|0 fnt
|faint|p2a: Dragonite
|
|upkeep
|
|t:|1757039099
|switch|p1a: Incineroar|Incineroar, L50, F, shiny, tera:Ghost|35/100
|switch|p2a: Gholdengo|Gholdengo, L50|100/100
|-ability|p1a: Incineroar|Intimidate|boost
|-unboost|p2a: Gholdengo|atk|1
|-unboost|p2b: Annihilape|atk|1
|-ability|p2b: Annihilape|Defiant|boost
|-boost|p2b: Annihilape|atk|2
|turn|7
|inactive|MazapanAzteca has 30 seconds left.
|inactive|aldishh has 30 seconds left.
|inactive|MazapanAzteca has 20 seconds left.
|inactive|MazapanAzteca has 15 seconds left.
|inactive|MazapanAzteca has 10 seconds left.
|
|t:|1757039148
|move|p1a: Incineroar|Fake Out|p2b: Annihilape
|-damage|p2b: Annihilape|43/100
|cant|p2b: Annihilape|flinch
|move|p2a: Gholdengo|Make It Rain|p1a: Incineroar|[spread] p1a,p1b
|-resisted|p1b: Volcarona
|-damage|p1a: Incineroar|0 fnt
|-damage|p1b: Volcarona|37/100
|-unboost|p2a: Gholdengo|spa|1
|faint|p1a: Incineroar
|-damage|p2a: Gholdengo|91/100|[from] item: Life Orb
|move|p1b: Volcarona|Quiver Dance|p1b: Volcarona
|-boost|p1b: Volcarona|spa|1
|-boost|p1b: Volcarona|spd|1
|-boost|p1b: Volcarona|spe|1
|
|upkeep
|turn|8
|
|t:|1757039169
|move|p1b: Volcarona|Protect|p1b: Volcarona
|-singleturn|p1b: Volcarona|Protect
|move|p2b: Annihilape|Rage Fist|p1b: Volcarona
|-activate|p1b: Volcarona|move: Protect
|move|p2a: Gholdengo|Nasty Plot|p2a: Gholdengo
|-boost|p2a: Gholdengo|spa|2
|
|-sideend|p2: MazapanAzteca|move: Tailwind
|upkeep
|turn|9
|
|t:|1757039182
|move|p2b: Annihilape|Protect|p2b: Annihilape
|-singleturn|p2b: Annihilape|Protect
|move|p1b: Volcarona|Fiery Dance|p2a: Gholdengo
|-supereffective|p2a: Gholdengo
|-damage|p2a: Gholdengo|0 fnt
|-boost|p1b: Volcarona|spa|1
|faint|p2a: Gholdengo
|
|upkeep
|turn|10
|
|t:|1757039192
|move|p1b: Volcarona|Tera Blast|p2b: Annihilape
|-damage|p2b: Annihilape|0 fnt
|faint|p2b: Annihilape
|
|win|aldishh
||aldishh is ready for game 3.
||MazapanAzteca is ready for game 3.
|uhtml|next|Next: Game 3 of 3
|l|☆aldishh
|player|p1|
