|j|☆mil0battles
|j|☆monado476
|html|mil0battlesmonado476    
|uhtml|bestof|Game 1 of a best-of-3
|t:|1756429181
|gametype|doubles
|player|p1|mil0battles|pokemonranger-gen4|1074
|player|p2|monado476|volkner|1050
|gen|9
|tier|[Gen 9] VGC 2025 Reg H (Bo3)
|rated|
|rule|Species Clause: Limit one of each Pokémon
|rule|Item Clause: Limit 1 of each item
|clearpoke
|poke|p1|Incineroar, L50, F|
|poke|p1|Primarina, L50, M|
|poke|p1|Gholdengo, L50|
|poke|p1|Sneasler, L50, M|
|poke|p1|Rillaboom, L50, F|
|poke|p1|Dragonite, L50, F|
|poke|p2|Incineroar, L50, F|
|poke|p2|Whimsicott, L50, F|
|poke|p2|Gastrodon, L50, M|
|poke|p2|Kleavor, L50, F|
|poke|p2|Gholdengo, L50|
|poke|p2|Primarina, L50, M|
|teampreview|4
|showteam|p1|Incineroar||SafetyGoggles|Intimidate|FakeOut,KnockOff,PartingShot,FlareBlitz|||F|||50|,,,,,Ghost]Primarina||ThroatSpray|LiquidVoice|HyperVoice,Moonblast,Haze,Protect|||M|||50|,,,,,Poison]Gholdengo||LifeOrb|GoodasGold|NastyPlot,MakeItRain,ShadowBall,Protect||||||50|,,,,,Water]Sneasler||WhiteHerb|Unburden|DireClaw,CloseCombat,FakeOut,Protect|||M|||50|,,,,,Stellar]Rillaboom||AssaultVest|GrassySurge|GrassyGlide,WoodHammer,FakeOut,Uturn|||F|||50|,,,,,Fire]Dragonite||LoadedDice|Multiscale|ScaleShot,Tailwind,ExtremeSpeed,Protect|||F|||50|,,,,,Fairy
|showteam|p2|Incineroar||SafetyGoggles|Intimidate|FakeOut,PartingShot,KnockOff,FlareBlitz|||F|||50|,,,,,Grass]Whimsicott||FocusSash|Prankster|Moonblast,Tailwind,Encore,Taunt|||F|||50|,,,,,Ghost]Gastrodon||Leftovers|StormDrain|IcyWind,Recover,Yawn,EarthPower|||M|||50|,,,,,Fire]Kleavor||LifeOrb|Sharpness|StoneAxe,NightSlash,XScissor,Protect|||F|||50|,,,,,Steel]Gholdengo||MetalCoat|GoodasGold|MakeItRain,ShadowBall,NastyPlot,Protect||||||50|,,,,,Steel]Primarina||CovertCloak|LiquidVoice|Haze,HyperVoice,Moonblast,Protect|||M|||50|,,,,,Poison
|inactive|Battle timer is ON: inactive players will automatically lose when time's up. (requested by monado476)
|inactive|mil0battles has 60 seconds left.
|inactive|monado476 has 60 seconds left.
|
|t:|1756429233
|teamsize|p1|4
|teamsize|p2|4
|start
|switch|p1a: Sneasler|Sneasler, L50, M|100/100
|switch|p1b: Dragonite|Dragonite, L50, F|100/100
|switch|p2a: Whimsicott|Whimsicott, L50, F|100/100
|switch|p2b: Kleavor|Kleavor, L50, F|100/100
|turn|1
|inactive|mil0battles has 30 seconds left.
|inactive|monado476 has 30 seconds left.
|
|t:|1756429264
|-terastallize|p1b: Dragonite|Fairy
|move|p2a: Whimsicott|Tailwind|p2a: Whimsicott
|-sidestart|p2: monado476|move: Tailwind
|move|p2b: Kleavor|Stone Axe|p1b: Dragonite
|-damage|p1b: Dragonite|59/100
|-sidestart|p1: mil0battles|move: Stealth Rock
|-damage|p2b: Kleavor|91/100|[from] item: Life Orb
|move|p1a: Sneasler|Dire Claw|p2a: Whimsicott
|-supereffective|p2a: Whimsicott
|-enditem|p2a: Whimsicott|Focus Sash
|-damage|p2a: Whimsicott|1/100
|-status|p2a: Whimsicott|psn
|move|p1b: Dragonite|Scale Shot|p2b: Kleavor
|-damage|p2b: Kleavor|72/100
|-damage|p2b: Kleavor|50/100
|-damage|p2b: Kleavor|31/100
|-damage|p2b: Kleavor|12/100
|-damage|p2b: Kleavor|0 fnt
|faint|p2b: Kleavor
|-hitcount|p2: Kleavor|5
|-unboost|p1b: Dragonite|def|1
|-boost|p1b: Dragonite|spe|1
|
|-damage|p2a: Whimsicott|0 fnt|[from] psn
|faint|p2a: Whimsicott
|upkeep
|
|t:|1756429288
|switch|p2a: Incineroar|Incineroar, L50, F|100/100
|switch|p2b: Gholdengo|Gholdengo, L50|100/100
|-ability|p2a: Incineroar|Intimidate|boost
|-unboost|p1a: Sneasler|atk|1
|-unboost|p1b: Dragonite|atk|1
|-enditem|p1a: Sneasler|White Herb
|-clearnegativeboost|p1a: Sneasler|[silent]
|turn|2
|inactive|monado476 has 30 seconds left.
|inactive|monado476 has 20 seconds left.
|inactive|monado476 has 15 seconds left.
|
|t:|1756429332
|-terastallize|p2a: Incineroar|Grass
|move|p1a: Sneasler|Protect|p1a: Sneasler
|-singleturn|p1a: Sneasler|Protect
|move|p1b: Dragonite|Protect|p1b: Dragonite
|-singleturn|p1b: Dragonite|Protect
|move|p2a: Incineroar|Fake Out|p1b: Dragonite
|-activate|p1b: Dragonite|move: Protect
|move|p2b: Gholdengo|Make It Rain|p1a: Sneasler|[spread] 
|-activate|p1a: Sneasler|move: Protect
|-activate|p1b: Dragonite|move: Protect
|
|upkeep
|turn|3
|inactive|monado476 has 30 seconds left.
|
|t:|1756429365
|move|p1b: Dragonite|Extreme Speed|p2a: Incineroar
|-damage|p2a: Incineroar|79/100
|move|p1a: Sneasler|Dire Claw|p2a: Incineroar
|-supereffective|p2a: Incineroar
|-damage|p2a: Incineroar|0 fnt
|faint|p2a: Incineroar
|move|p2b: Gholdengo|Nasty Plot|p2b: Gholdengo
|-boost|p2b: Gholdengo|spa|2
|
|upkeep
|turn|4
|
|t:|1756429385
|move|p1b: Dragonite|Protect|p1b: Dragonite
|-singleturn|p1b: Dragonite|Protect
|move|p1a: Sneasler|Dire Claw|p2b: Gholdengo
|-immune|p2b: Gholdengo
|move|p2b: Gholdengo|Nasty Plot|p2b: Gholdengo
|-boost|p2b: Gholdengo|spa|2
|
|-sideend|p2: monado476|move: Tailwind
|upkeep
|turn|5
|
|t:|1756429408
|move|p1a: Sneasler|Close Combat|p2b: Gholdengo
|-immune|p2b: Gholdengo
|move|p1b: Dragonite|Tailwind|p1b: Dragonite
|-sidestart|p1: mil0battles|move: Tailwind
|move|p2b: Gholdengo|Make It Rain|p1b: Dragonite|[spread] p1a,p1b
|-supereffective|p1b: Dragonite
|-damage|p1a: Sneasler|0 fnt
|-damage|p1b: Dragonite|0 fnt
|-unboost|p2b: Gholdengo|spa|1
|faint|p1a: Sneasler
|faint|p1b: Dragonite
|
|upkeep
|
|t:|1756429416
|switch|p1a: Gholdengo|Gholdengo, L50|100/100
|switch|p1b: Rillaboom|Rillaboom, L50, F|100/100
|-damage|p1a: Gholdengo|94/100|[from] Stealth Rock
|-damage|p1b: Rillaboom|88/100|[from] Stealth Rock
|-fieldstart|move: Grassy Terrain|[from] ability: Grassy Surge|[of] p1b: Rillaboom
|turn|6
|
|t:|1756429430
|move|p1a: Gholdengo|Shadow Ball|p2b: Gholdengo
|-supereffective|p2b: Gholdengo
|-damage|p2b: Gholdengo|0 fnt
|faint|p2b: Gholdengo
|-damage|p1a: Gholdengo|85/100|[from] item: Life Orb
|
|win|mil0battles
||monado476 is ready for game 2.
