|j|☆Fell Blue
|j|☆snake111
|html|Fell Bluesnake111    
|uhtml|bestof|Game 1 of a best-of-3
|t:|1784740483
|gametype|doubles
|player|p1|Fell Blue|fantina|1066
|player|p2|snake111|266|1000
|gen|9
|tier|[Gen 9 Champions] VGC 2026 Reg M-B (Bo3)
|rated|
|rule|Species Clause: Limit one of each Pokémon
|rule|Item Clause: Limit 1 of each item
|clearpoke
|poke|p1|Mawile, L50, F|
|poke|p1|Liepard, L50, F|
|poke|p1|Sneasler, L50, M|
|poke|p1|Chandelure, L50, M|
|poke|p1|Ninetales-Alola, L50, F|
|poke|p1|Incineroar, L50, F|
|poke|p2|Scrafty, L50, F|
|poke|p2|Incineroar, L50, M|
|poke|p2|Kingambit, L50, F|
|poke|p2|Hatterene, L50, F|
|poke|p2|Chesnaught, L50, F|
|poke|p2|Slowking-Galar, L50, M|
|teampreview|4
|showteam|p1|Mawile||Mawilite|HyperCutter|PlayRough,SuckerPunch,Protect,IronDefense|Adamant||F|||50|]Liepard||FocusSash|Prankster|FakeOut,ThunderWave,FoulPlay,Encore|Timid||F|||50|]Sneasler||WhiteHerb|Unburden|DireClaw,Coaching,FakeOut,CloseCombat|Adamant||M|||50|]Chandelure||Chandelurite|FlashFire|ShadowBall,HeatWave,CalmMind,Protect|Modest||M|||50|]Ninetales-Alola||LightClay|SnowWarning|AuroraVeil,Protect,FreezeDry,IcyWind|Timid||F|||50|]Incineroar||SitrusBerry|Intimidate|FakeOut,PartingShot,ThroatChop,FlareBlitz|Impish||F|||50|
|showteam|p2|Scrafty||Scraftinite|Intimidate|KnockOff,CloseCombat,DragonTail,Taunt|Impish||F|||50|]Incineroar||Leftovers|Intimidate|FlareBlitz,PartingShot,Protect,DarkestLariat|Brave||M|||50|]Kingambit||BlackGlasses|Defiant|IronDefense,SuckerPunch,ThroatChop,IronHead|Serious||F|||50|]Hatterene||ChoiceScarf|Healer|TrickRoom,DazzlingGleam,DrainingKiss,ExpandingForce|Serious||F|||50|]Chesnaught||Chesnaughtite|Bulletproof|BodyPress,SpikyShield,WoodHammer,Protect|Serious||F|||50|]Slowking-Galar||LifeOrb|CuriousMedicine|SludgeBomb,TrickRoom,Waterfall,Protect|Serious||M|||50|
|inactive|Battle timer is ON: inactive players will automatically lose when time's up. (requested by snake111)
|
|t:|1784740512
|teamsize|p1|4
|teamsize|p2|4
|start
|switch|p1a: Chandelure|Chandelure, L50, M|100/100
|switch|p1b: Mawile|Mawile, L50, F|100/100
|switch|p2a: Hatterene|Hatterene, L50, F|100/100
|switch|p2b: Kingambit|Kingambit, L50, F|100/100
|turn|1
|
|t:|1784740529
|detailschange|p1b: Mawile|Mawile-Mega, L50, F
|-mega|p1b: Mawile|Mawile|Mawilite
|move|p2b: Kingambit|Sucker Punch|p1a: Chandelure
|-supereffective|p1a: Chandelure|1
|-damage|p1a: Chandelure|0 fnt
|faint|p1a: Chandelure
|move|p1b: Mawile|Play Rough|p2a: Hatterene
|-damage|p2a: Hatterene|0 fnt
|faint|p2a: Hatterene
|
|upkeep
|
|t:|1784740541
|switch|p1a: Sneasler|Sneasler, L50, M|100/100
|switch|p2a: Scrafty|Scrafty, L50, F|100/100
|-ability|p2a: Scrafty|Intimidate|boost
|-unboost|p1a: Sneasler|atk|1
|-unboost|p1b: Mawile|atk|1
|-enditem|p1a: Sneasler|White Herb
|-clearnegativeboost|p1a: Sneasler|[silent]
|turn|2
|inactive|snake111 has 30 seconds left.
|
|t:|1784740574
|detailschange|p2a: Scrafty|Scrafty-Mega, L50, F
|-mega|p2a: Scrafty|Scrafty|Scraftinite
|-ability|p2a: Scrafty|Intimidate|boost
|-unboost|p1a: Sneasler|atk|1
|-unboost|p1b: Mawile|atk|1
|move|p1a: Sneasler|Fake Out|p2b: Kingambit
|-resisted|p2b: Kingambit|1
|-damage|p2b: Kingambit|96/100
|move|p1b: Mawile|Play Rough|p2a: Scrafty
|-supereffective|p2a: Scrafty|2
|-damage|p2a: Scrafty|0 fnt
|faint|p2a: Scrafty
|cant|p2b: Kingambit|flinch
|
|upkeep
|
|t:|1784740585
|switch|p2a: Incineroar|Incineroar, L50, M|100/100
|-ability|p2a: Incineroar|Intimidate|boost
|-unboost|p1a: Sneasler|atk|1
|-unboost|p1b: Mawile|atk|1
|turn|3
|inactiveoff|Battle timer is now OFF.
|
|t:|1784740613
|move|p1a: Sneasler|Coaching|p1b: Mawile
|-boost|p1b: Mawile|atk|1
|-boost|p1b: Mawile|def|1
|move|p1b: Mawile|Play Rough|p2a: Incineroar
|-damage|p2a: Incineroar|64/100
|-unboost|p2a: Incineroar|atk|1
|move|p2a: Incineroar|Flare Blitz|p1a: Sneasler
|-damage|p1a: Sneasler|56/100
|-damage|p2a: Incineroar|50/100y|[from] Recoil
|move|p2b: Kingambit|Iron Head|p1b: Mawile
|-damage|p1b: Mawile|70/100
|
|-heal|p2a: Incineroar|55/100|[from] item: Leftovers
|upkeep
|turn|4
|
|t:|1784740634
|move|p2a: Incineroar|Protect|p2a: Incineroar
|-singleturn|p2a: Incineroar|Protect
|move|p2b: Kingambit|Sucker Punch||[still]
|-fail|p2b: Kingambit
|move|p1a: Sneasler|Coaching|p1b: Mawile
|-boost|p1b: Mawile|atk|1
|-boost|p1b: Mawile|def|1
|move|p1b: Mawile|Play Rough|p2a: Incineroar
|-activate|p2a: Incineroar|move: Protect
|
|-heal|p2a: Incineroar|61/100|[from] item: Leftovers
|upkeep
|turn|5
|
|t:|1784740656
|move|p2a: Incineroar|Protect|p2a: Incineroar
|-singleturn|p2a: Incineroar|Protect
|move|p2b: Kingambit|Sucker Punch|p1a: Sneasler
|-resisted|p1a: Sneasler|1
|-damage|p1a: Sneasler|28/100
|move|p1a: Sneasler|Close Combat|p2b: Kingambit
|-supereffective|p2b: Kingambit|2
|-damage|p2b: Kingambit|4/100
|-unboost|p1a: Sneasler|def|1
|-unboost|p1a: Sneasler|spd|1
|move|p1b: Mawile|Play Rough|p2a: Incineroar
|-activate|p2a: Incineroar|move: Protect
|
|-heal|p2a: Incineroar|67/100|[from] item: Leftovers
|upkeep
|turn|6
|
|t:|1784740679
|move|p2a: Incineroar|Protect||[still]
|-fail|p2a: Incineroar
|move|p1a: Sneasler|Coaching|p1b: Mawile
|-boost|p1b: Mawile|atk|1
|-boost|p1b: Mawile|def|1
|move|p1b: Mawile|Play Rough|p2a: Incineroar
|-damage|p2a: Incineroar|0 fnt
|faint|p2a: Incineroar
|move|p2b: Kingambit|Iron Head|p1a: Sneasler
|-damage|p1a: Sneasler|0 fnt
|faint|p1a: Sneasler
|
|upkeep
|
|t:|1784740690
|switch|p1a: Incineroar|Incineroar, L50, F|100/100
|-ability|p1a: Incineroar|Intimidate|boost
|-unboost|p2b: Kingambit|atk|1
|-ability|p2b: Kingambit|Defiant|boost
|-boost|p2b: Kingambit|atk|2
|turn|7
|
|t:|1784740703
|move|p1a: Incineroar|Fake Out|p2b: Kingambit
|-resisted|p2b: Kingambit|1
|-damage|p2b: Kingambit|1/100
|cant|p2b: Kingambit|flinch
|move|p1b: Mawile|Iron Defense|p1b: Mawile
|-boost|p1b: Mawile|def|2
|
|upkeep
|turn|8
|
|t:|1784740713
|move|p2b: Kingambit|Sucker Punch|p1a: Incineroar
|-resisted|p1a: Incineroar|1
|-damage|p1a: Incineroar|76/100
|move|p1b: Mawile|Iron Defense|p1b: Mawile
|-boost|p1b: Mawile|def|1
|move|p1a: Incineroar|Flare Blitz|p2b: Kingambit
|-supereffective|p2b: Kingambit|1
|-damage|p2b: Kingambit|0 fnt
|faint|p2b: Kingambit
|-damage|p1a: Incineroar|75/100|[from] Recoil
|
|win|Fell Blue
|inactive|Fell Blue has 30 seconds to confirm battle start!
|inactive|snake111 has 30 seconds to confirm battle start!
||Fell Blue is ready for game 2.
|l|☆snake111
|player|p2|
|inactive|snake111 has 20 seconds to confirm battle start!
