|j|‚òÜranakos
|j|‚òÜCavaliereIsSoPeak
|html|ranakosCavaliereIsSoPeak    
|uhtml|bestof|Game 3 of a best-of-3
|t:|1757003651
|gametype|doubles
|player|p1|ranakos|scientist-gen4|
|player|p2|CavaliereIsSoPeak|gambler|
|gen|9
|tier|[Gen 9] VGC 2025 Reg H (Bo3)
|rule|Species Clause: Limit one of each Pok√©mon
|rule|Item Clause: Limit 1 of each item
|clearpoke
|poke|p1|Gholdengo, L50|
|poke|p1|Sneasler, L50, M|
|poke|p1|Rillaboom, L50, F|
|poke|p1|Dragonite, L50, M|
|poke|p1|Ninetales-Alola, L50, F|
|poke|p1|Arcanine-Hisui, L50, F|
|poke|p2|Volcarona, L50, M|
|poke|p2|Basculegion, L50, M|
|poke|p2|Sneasler, L50, F|
|poke|p2|Dragonite, L50, M|
|poke|p2|Ursaluna-Bloodmoon, L50, M|
|poke|p2|Whimsicott, L50, F|
|teampreview|4
|showteam|p1|Gholdengo||GrassySeed|GoodasGold|NastyPlot,MakeItRain,ShadowBall,Protect||||||50|,,,,,Water]Sneasler||WhiteHerb|Unburden|CloseCombat,DireClaw,Coaching,Protect|||M|||50|,,,,,Ghost]Rillaboom||AssaultVest|GrassySurge|FakeOut,GrassyGlide,DrumBeating,HighHorsepower|||F|||50|,,,,,Fire]Dragonite||LoadedDice|Multiscale|ScaleShot,TeraBlast,Haze,Protect|||M|||50|,,,,,Flying]Ninetales-Alola||FocusSash|SnowWarning|Blizzard,Protect,Encore,AuroraVeil|||F|||50|,,,,,Ghost]Arcanine-Hisui||ClearAmulet|Intimidate|RockSlide,FlareBlitz,ExtremeSpeed,Protect|||F|||50|,,,,,Fairy
|showteam|p2|Volcarona||SitrusBerry|FlameBody|HeatWave,TeraBlast,QuiverDance,Protect|||M|||50|,,,,,Fairy]Basculegion||ChoiceBand|Adaptability|WaveCrash,FlipTurn,AquaJet,LastRespects|||M|||50|,,,,,Water]Sneasler||FocusSash|Unburden|DireClaw,CloseCombat,ThroatChop,Protect|||F|||50|,,,,,Dark]Dragonite||LoadedDice|Multiscale|ScaleShot,ExtremeSpeed,Haze,Protect|||M|||50|,,,,,Steel]Ursaluna-Bloodmoon||LifeOrb|MindsEye|BloodMoon,HyperVoice,EarthPower,Protect|||M|||50|,,,,,Normal]Whimsicott||CovertCloak|Prankster|Moonblast,Tailwind,Encore,Taunt|||F|||50|,,,,,Poison
|inactive|Battle timer is ON: inactive players will automatically lose when time's up. (requested by ranakos)
|inactive|CavaliereIsSoPeak has 60 seconds left.
|inactive|CavaliereIsSoPeak has 30 seconds left.
|
|t:|1757003720
|teamsize|p1|4
|teamsize|p2|4
|start
|switch|p1a: Arcanine|Arcanine-Hisui, L50, F|100/100
|switch|p1b: Ninetales|Ninetales-Alola, L50, F|100/100
|switch|p2a: Dante|Volcarona, L50, M|100/100
|switch|p2b: Mary|Whimsicott, L50, F|100/100
|-weather|Snowscape|[from] ability: Snow Warning|[of] p1b: Ninetales
|-ability|p1a: Arcanine|Intimidate|boost
|-unboost|p2a: Dante|atk|1
|-unboost|p2b: Mary|atk|1
|turn|1
|
|t:|1757003741
|move|p2a: Dante|Protect|p2a: Dante
|-singleturn|p2a: Dante|Protect
|move|p2b: Mary|Taunt|p1b: Ninetales
|-start|p1b: Ninetales|move: Taunt
|cant|p1b: Ninetales|move: Taunt|Aurora Veil
|move|p1a: Arcanine|Rock Slide|p2a: Dante|[spread] p2b
|-activate|p2a: Dante|move: Protect
|-damage|p2b: Mary|65/100
|
|-weather|Snowscape|[upkeep]
|upkeep
|turn|2
|
|t:|1757003760
|switch|p1b: Rillaboom|Rillaboom, L50, F|100/100
|-fieldstart|move: Grassy Terrain|[from] ability: Grassy Surge|[of] p1b: Rillaboom
|move|p2b: Mary|Tailwind|p2b: Mary
|-sidestart|p2: CavaliereIsSoPeak|move: Tailwind
|move|p2a: Dante|Heat Wave|p1a: Arcanine|[spread] p1a,p1b
|-resisted|p1a: Arcanine
|-supereffective|p1b: Rillaboom
|-damage|p1a: Arcanine|89/100
|-damage|p1b: Rillaboom|40/100
|move|p1a: Arcanine|Flare Blitz|p2a: Dante
|-damage|p2a: Dante|32/100
|-enditem|p2a: Dante|Sitrus Berry|[eat]
|-heal|p2a: Dante|57/100|[from] item: Sitrus Berry
|-damage|p1a: Arcanine|68/100|[from] Recoil
|
|-weather|Snowscape|[upkeep]
|-heal|p2b: Mary|71/100|[from] Grassy Terrain
|-heal|p2a: Dante|63/100|[from] Grassy Terrain
|-heal|p1a: Arcanine|74/100|[from] Grassy Terrain
|-heal|p1b: Rillaboom|46/100|[from] Grassy Terrain
|upkeep
|turn|3
|inactive|ranakos has 30 seconds left.
|inactive|ranakos has 20 seconds left.
|inactive|ranakos has 15 seconds left.
|inactive|ranakos has 10 seconds left.
|
|t:|1757003805
|move|p2a: Dante|Protect|p2a: Dante
|-singleturn|p2a: Dante|Protect
|move|p1b: Rillaboom|Fake Out|p2a: Dante
|-activate|p2a: Dante|move: Protect
|move|p2b: Mary|Encore|p1b: Rillaboom
|-start|p1b: Rillaboom|Encore
|move|p1a: Arcanine|Flare Blitz|p2b: Mary
|-supereffective|p2b: Mary
|-damage|p2b: Mary|0 fnt
|faint|p2b: Mary
|-damage|p1a: Arcanine|54/100|[from] Recoil
|
|-weather|Snowscape|[upkeep]
|-heal|p2a: Dante|69/100|[from] Grassy Terrain
|-heal|p1a: Arcanine|60/100|[from] Grassy Terrain
|-heal|p1b: Rillaboom|52/100|[from] Grassy Terrain
|upkeep
|
|t:|1757003813
|switch|p2b: ShƒÅhmat|Ursaluna-Bloodmoon, L50, M|100/100
|turn|4
|
|t:|1757003822
|switch|p1b: Dragonite|Dragonite, L50, M|100/100
|move|p1a: Arcanine|Protect|p1a: Arcanine
|-singleturn|p1a: Arcanine|Protect
|move|p2a: Dante|Quiver Dance|p2a: Dante
|-boost|p2a: Dante|spa|1
|-boost|p2a: Dante|spd|1
|-boost|p2a: Dante|spe|1
|move|p2b: ShƒÅhmat|Hyper Voice|p1a: Arcanine|[spread] p1b
|-activate|p1a: Arcanine|move: Protect
|-damage|p1b: Dragonite|75/100
|-damage|p2b: ShƒÅhmat|91/100|[from] item: Life Orb
|
|-weather|Snowscape|[upkeep]
|-heal|p2a: Dante|75/100|[from] Grassy Terrain
|-heal|p2b: ShƒÅhmat|97/100|[from] Grassy Terrain
|-heal|p1a: Arcanine|65/100|[from] Grassy Terrain
|upkeep
|turn|5
|
|t:|1757003843
|switch|p1a: Rillaboom|Rillaboom, L50, F|52/100
|-terastallize|p2a: Dante|Fairy
|move|p1b: Dragonite|Protect|p1b: Dragonite
|-singleturn|p1b: Dragonite|Protect
|move|p2a: Dante|Tera Blast|p1b: Dragonite|[anim] Tera Blast Fairy
|-activate|p1b: Dragonite|move: Protect
|move|p2b: ShƒÅhmat|Earth Power|p1a: Rillaboom
|-resisted|p1a: Rillaboom
|-crit|p1a: Rillaboom
|-damage|p1a: Rillaboom|15/100
|-damage|p2b: ShƒÅhmat|87/100|[from] item: Life Orb
|
|-weather|none
|-heal|p2a: Dante|81/100|[from] Grassy Terrain
|-heal|p2b: ShƒÅhmat|93/100|[from] Grassy Terrain
|-heal|p1a: Rillaboom|21/100|[from] Grassy Terrain
|-sideend|p2: CavaliereIsSoPeak|move: Tailwind
|upkeep
|turn|6
|inactive|ranakos has 30 seconds left.
|inactive|ranakos has 20 seconds left.
|
|t:|1757003880
|-terastallize|p1b: Dragonite|Flying
|move|p2a: Dante|Heat Wave|p1b: Dragonite|[spread] p1a,p1b
|-supereffective|p1a: Rillaboom
|-damage|p1a: Rillaboom|0 fnt
|-damage|p1b: Dragonite|18/100
|faint|p1a: Rillaboom
|move|p1b: Dragonite|Scale Shot|p2b: ShƒÅhmat
|-damage|p2b: ShƒÅhmat|82/100
|-damage|p2b: ShƒÅhmat|70/100
|-damage|p2b: ShƒÅhmat|59/100
|-damage|p2b: ShƒÅhmat|47/100
|-damage|p2b: ShƒÅhmat|35/100
|-hitcount|p2b: ShƒÅhmat|5
|-unboost|p1b: Dragonite|def|1
|-boost|p1b: Dragonite|spe|1
|move|p2b: ShƒÅhmat|Hyper Voice|p1b: Dragonite
|-damage|p1b: Dragonite|0 fnt
|faint|p1b: Dragonite
|-damage|p2b: ShƒÅhmat|25/100|[from] item: Life Orb
|
|-heal|p2a: Dante|88/100|[from] Grassy Terrain
|-heal|p2b: ShƒÅhmat|31/100|[from] Grassy Terrain
|-fieldend|move: Grassy Terrain
|upkeep
|
|t:|1757003891
|switch|p1a: Arcanine|Arcanine-Hisui, L50, F|65/100
|switch|p1b: Ninetales|Ninetales-Alola, L50, F|100/100
|-weather|Snowscape|[from] ability: Snow Warning|[of] p1b: Ninetales
|-ability|p1a: Arcanine|Intimidate|boost
|-unboost|p2a: Dante|atk|1
|-unboost|p2b: ShƒÅhmat|atk|1
|turn|7
|
|t:|1757003908
|move|p2a: Dante|Protect|p2a: Dante
|-singleturn|p2a: Dante|Protect
|move|p1b: Ninetales|Blizzard|p2b: ShƒÅhmat|[spread] p2b
|-activate|p2a: Dante|move: Protect
|-supereffective|p2b: ShƒÅhmat
|-damage|p2b: ShƒÅhmat|0 fnt
|faint|p2b: ShƒÅhmat
|move|p1a: Arcanine|Rock Slide|p2a: Dante
|-activate|p2a: Dante|move: Protect
|
|-weather|Snowscape|[upkeep]
|upkeep
|
|t:|1757003912
|switch|p2b: Aqua|Basculegion, L50, M|100/100
|turn|8
|
|t:|1757003933
|move|p1a: Arcanine|Protect|p1a: Arcanine
|-singleturn|p1a: Arcanine|Protect
|move|p2b: Aqua|Aqua Jet|p1a: Arcanine
|-activate|p1a: Arcanine|move: Protect
|move|p2a: Dante|Heat Wave|p1b: Ninetales|[spread] p1b
|-activate|p1a: Arcanine|move: Protect
|-supereffective|p1b: Ninetales
|-enditem|p1b: Ninetales|Focus Sash
|-damage|p1b: Ninetales|1/100
|move|p1b: Ninetales|Blizzard|p2a: Dante|[spread] p2a,p2b
|-resisted|p2b: Aqua
|-damage|p2a: Dante|67/100
|-damage|p2b: Aqua|83/100
|
|-weather|Snowscape|[upkeep]
|upkeep
|turn|9
|-message|ranakos forfeited.
|
|win|CavaliereIsSoPeak
|c|‚òÜCavaliereIsSoPeak|GG
|l|‚òÜranakos
|player|p1|
