|j|☆iliteratepineapple
|j|☆3antar
|html|iliteratepineapple3antar    
|uhtml|bestof|Game 2 of a best-of-3
|t:|1757759281
|gametype|doubles
|player|p1|iliteratepineapple|169|1081
|player|p2|3antar|brycenman|1111
|gen|9
|tier|[Gen 9] VGC 2025 Reg H (Bo3)
|rated|
|rule|Species Clause: Limit one of each Pokémon
|rule|Item Clause: Limit 1 of each item
|clearpoke
|poke|p1|Hydreigon, L50, F|
|poke|p1|Murkrow, L50, M|
|poke|p1|Gholdengo, L50|
|poke|p1|Clefable, L50, F|
|poke|p1|Gothitelle, L50, M|
|poke|p1|Garganacl, L50, F|
|poke|p2|Whimsicott, L50, F|
|poke|p2|Ursaluna-Bloodmoon, L50, M|
|poke|p2|Sneasler, L50, F|
|poke|p2|Garchomp, L50, M|
|poke|p2|Tyranitar, L50, F|
|poke|p2|Incineroar, L50, M|
|teampreview|4
|showteam|p1|Hydreigon||LifeOrb|Levitate|DarkPulse,DracoMeteor,Snarl,Protect|||F|||50|,,,,,Steel]Murkrow||Eviolite|Prankster|DualWingbeat,Tailwind,Haze,Protect|||M|||50|,,,,,Ghost]Gholdengo||ChoiceSpecs|GoodasGold|MakeItRain,ShadowBall,Thunderbolt,SteelBeam||||||50|,,,,,Steel]Clefable||RockyHelmet|Unaware|Moonblast,StealthRock,FollowMe,Protect|||F|||50|,,,,,Ghost]Gothitelle||SitrusBerry|ShadowTag|ExpandingForce,FakeOut,Taunt,Protect|||M|||50|,,,,,Dark]Garganacl||Leftovers|PurifyingSalt|SaltCure,WideGuard,Recover,Protect|||F|||50|,,,,,Poison
|showteam|p2|Whimsicott||EjectButton|Prankster|Tailwind,Encore,Protect,Moonblast|||F|||50|,,,,,Dark]Ursaluna-Bloodmoon||ThroatSpray|MindsEye|BloodMoon,HyperVoice,EarthPower,Protect|||M|||50|,,,,,Normal]Sneasler||WhiteHerb|Unburden|Protect,DireClaw,CloseCombat,ThroatChop|||F|||50|,,,,,Stellar]Garchomp||LifeOrb|SandVeil|ScaleShot,StompingTantrum,SwordsDance,Protect|||M|||50|,,,,,Steel]Tyranitar||AssaultVest|SandStream|RockSlide,TeraBlast,KnockOff,LowKick|||F|||50|,,,,,Flying]Incineroar||SafetyGoggles|Intimidate|FakeOut,KnockOff,Uturn,Taunt|||M|||50|,,,,,Bug
|
|t:|1757759356
|teamsize|p1|4
|teamsize|p2|4
|start
|switch|p1a: Gholdengo|Gholdengo, L50|100/100
|switch|p1b: Clefable|Clefable, L50, F, shiny|100/100
|switch|p2a: Whimsicott|Whimsicott, L50, F, shiny|100/100
|switch|p2b: Incineroar|Incineroar, L50, M, shiny|100/100
|-ability|p2b: Incineroar|Intimidate|boost
|-unboost|p1a: Gholdengo|atk|1
|-unboost|p1b: Clefable|atk|1
|turn|1
|
|t:|1757759393
|move|p1b: Clefable|Follow Me|p1b: Clefable
|-singleturn|p1b: Clefable|move: Follow Me
|move|p2a: Whimsicott|Tailwind|p2a: Whimsicott
|-sidestart|p2: 3antar|move: Tailwind
|move|p2b: Incineroar|Knock Off|p1b: Clefable
|-resisted|p1b: Clefable
|-damage|p1b: Clefable|85/100
|-damage|p2b: Incineroar|84/100|[from] item: Rocky Helmet|[of] p1b: Clefable
|-enditem|p1b: Clefable|Rocky Helmet|[from] move: Knock Off|[of] p2b: Incineroar
|move|p1a: Gholdengo|Make It Rain|p2a: Whimsicott|[spread] p2a,p2b
|-supereffective|p2a: Whimsicott
|-resisted|p2b: Incineroar
|-damage|p2a: Whimsicott|0 fnt
|-damage|p2b: Incineroar|59/100
|-unboost|p1a: Gholdengo|spa|1
|faint|p2a: Whimsicott
|
|upkeep
|
|t:|1757759409
|switch|p2a: Garchomp|Garchomp, L50, M, shiny|100/100
|turn|2
|
|t:|1757759433
|-terastallize|p2a: Garchomp|Steel
|-terastallize|p1a: Gholdengo|Steel
|move|p1b: Clefable|Follow Me|p1b: Clefable
|-singleturn|p1b: Clefable|move: Follow Me
|move|p2a: Garchomp|Swords Dance|p2a: Garchomp
|-boost|p2a: Garchomp|atk|2
|move|p2b: Incineroar|Taunt|p1b: Clefable
|-start|p1b: Clefable|move: Taunt
|move|p1a: Gholdengo|Make It Rain|p2a: Garchomp|[spread] p2a,p2b
|-resisted|p2a: Garchomp
|-resisted|p2b: Incineroar
|-damage|p2a: Garchomp|68/100
|-damage|p2b: Incineroar|34/100
|-unboost|p1a: Gholdengo|spa|1
|
|upkeep
|turn|3
|
|t:|1757759466
|switch|p1a: Hydreigon|Hydreigon, L50, F|100/100
|switch|p1b: Murkrow|Murkrow, L50, M|100/100
|move|p2a: Garchomp|Stomping Tantrum|p1a: Hydreigon
|-immune|p1a: Hydreigon|[from] ability: Levitate
|move|p2b: Incineroar|Taunt|p1a: Hydreigon
|-start|p1a: Hydreigon|move: Taunt
|
|upkeep
|turn|4
|
|t:|1757759511
|switch|p1a: Clefable|Clefable, L50, F, shiny|85/100
|move|p1b: Murkrow|Tailwind|p1b: Murkrow
|-sidestart|p1: iliteratepineapple|move: Tailwind
|move|p2a: Garchomp|Scale Shot|p1a: Clefable
|-immune|p1a: Clefable
|move|p2b: Incineroar|Taunt|p1b: Murkrow
|-start|p1b: Murkrow|move: Taunt
|
|-sideend|p2: 3antar|move: Tailwind
|upkeep
|turn|5
|
|t:|1757759554
|switch|p1b: Hydreigon|Hydreigon, L50, F|100/100
|move|p1a: Clefable|Moonblast|p2a: Garchomp
|-resisted|p2a: Garchomp
|-damage|p2a: Garchomp|54/100
|move|p2a: Garchomp|Stomping Tantrum|p1a: Clefable
|-damage|p1a: Clefable|1/100
|-damage|p2a: Garchomp|45/100|[from] item: Life Orb
|move|p2b: Incineroar|Taunt|p1a: Clefable
|-start|p1a: Clefable|move: Taunt
|
|upkeep
|turn|6
|
|t:|1757759576
|switch|p1a: Murkrow|Murkrow, L50, M|100/100
|move|p2a: Garchomp|Protect|p2a: Garchomp
|-singleturn|p2a: Garchomp|Protect
|move|p1b: Hydreigon|Dark Pulse|p2a: Garchomp
|-activate|p2a: Garchomp|move: Protect
|move|p2b: Incineroar|U-turn|p1a: Murkrow
|-damage|p1a: Murkrow|77/100
|
|t:|1757759582
|switch|p2b: Sneasler|Sneasler, L50, F, shiny|100/100|[from] U-turn
|
|upkeep
|turn|7
|
|t:|1757759622
|move|p1b: Hydreigon|Dark Pulse|p2a: Garchomp
|-damage|p2a: Garchomp|0 fnt
|faint|p2a: Garchomp
|-damage|p1b: Hydreigon|91/100|[from] item: Life Orb
|move|p1a: Murkrow|Dual Wingbeat|p2b: Sneasler
|-supereffective|p2b: Sneasler
|-damage|p2b: Sneasler|46/100
|-supereffective|p2b: Sneasler
|-damage|p2b: Sneasler|0 fnt
|faint|p2b: Sneasler
|-hitcount|p2: Sneasler|2
|
|-sideend|p1: iliteratepineapple|move: Tailwind
|upkeep
|
|t:|1757759631
|switch|p2b: Incineroar|Incineroar, L50, M, shiny|34/100
|-ability|p2b: Incineroar|Intimidate|boost
|-unboost|p1a: Murkrow|atk|1
|-unboost|p1b: Hydreigon|atk|1
|turn|8
|-message|3antar forfeited.
|
|win|iliteratepineapple
|raw|iliteratepineapple's rating: 1081 → 1111(+30 for winning)
|raw|3antar's rating: 1111 → 1084(-27 for losing)
|c|☆iliteratepineapple|ggwp
|l|☆3antar
|player|p2|
