|j|☆apa plays poke
|j|☆Mclovingods
|html|apa plays pokeMclovingods    
|uhtml|bestof|Game 2 of a best-of-3
|t:|1782511112
|gametype|doubles
|player|p1|apa plays poke|norman|1136
|player|p2|Mclovingods|169|1173
|gen|9
|tier|[Gen 9 Champions] VGC 2026 Reg M-B (Bo3)
|rated|
|rule|Species Clause: Limit one of each Pokémon
|rule|Item Clause: Limit 1 of each item
|clearpoke
|poke|p1|Grimmsnarl, L50, M|
|poke|p1|Swampert, L50, M|
|poke|p1|Pelipper, L50, M|
|poke|p1|Archaludon, L50, M|
|poke|p1|Sinistcha, L50|
|poke|p1|Metagross, L50|
|poke|p2|Delphox, L50, M|
|poke|p2|Basculegion, L50, M|
|poke|p2|Sinistcha, L50|
|poke|p2|Incineroar, L50, M|
|poke|p2|Garchomp, L50, M|
|poke|p2|Staraptor, L50, F|
|teampreview|4
|showteam|p1|Grimmsnarl||LightClay|Prankster|FoulPlay,PartingShot,Reflect,LightScreen|Calm||M|||50|]Swampert||Swampertite|Damp|WaveCrash,Earthquake,IcePunch,Protect|Adamant||M|||50|]Pelipper||SitrusBerry|Drizzle|Hurricane,WeatherBall,Tailwind,WideGuard|Modest||M|||50|]Archaludon||Leftovers|Stamina|ElectroShot,DragonPulse,FlashCannon,Protect|Modest||M|||50|]Sinistcha||CobaBerry|Hospitality|MatchaGotcha,RagePowder,TrickRoom,Protect|Relaxed|||||50|]Metagross||Metagrossite|ClearBody|IronHead,PsychicFangs,BodyPress,Protect|Jolly|||||50|
|showteam|p2|Delphox||Delphoxite|Blaze|NastyPlot,HeatWave,Psychic,Protect|Timid||M|||50|]Basculegion||MysticWater|Adaptability|WaveCrash,AquaJet,LastRespects,Protect|Jolly||M|||50|]Sinistcha||CobaBerry|Hospitality|MatchaGotcha,RagePowder,LifeDew,TrickRoom|Calm|||||50|]Incineroar||SitrusBerry|Intimidate|FakeOut,PartingShot,FlareBlitz,DarkestLariat|Careful||M|||50|]Garchomp||LifeOrb|RoughSkin|Earthquake,DragonClaw,RockSlide,Protect|Jolly||M|||50|]Staraptor||Staraptite|Intimidate|CloseCombat,BraveBird,Protect,Roost|Jolly||F|||50|
|
|t:|1782511142
|teamsize|p1|4
|teamsize|p2|4
|start
|switch|p1a: Sinistcha|Sinistcha, L50|100/100
|switch|p1b: Pelipper|Pelipper, L50, M|100/100
|switch|p2a: Staraptor|Staraptor, L50, F|100/100
|switch|p2b: Sinistcha|Sinistcha, L50|100/100
|-ability|p2a: Staraptor|Intimidate|boost
|-unboost|p1a: Sinistcha|atk|1
|-unboost|p1b: Pelipper|atk|1
|-weather|RainDance|[from] ability: Drizzle|[of] p1b: Pelipper
|turn|1
|
|t:|1782511153
|switch|p1a: Archaludon|Archaludon, L50, M|100/100
|detailschange|p2a: Staraptor|Staraptor-Mega, L50, F
|-mega|p2a: Staraptor|Staraptor|Staraptite
|move|p2b: Sinistcha|Rage Powder|p2b: Sinistcha
|-singleturn|p2b: Sinistcha|move: Rage Powder
|move|p2a: Staraptor|Close Combat|p1b: Pelipper
|-resisted|p1b: Pelipper|1
|-crit|p1b: Pelipper
|-damage|p1b: Pelipper|50/100g
|-boost|p2a: Staraptor|def|1
|-boost|p2a: Staraptor|spd|1
|move|p1b: Pelipper|Tailwind|p1b: Pelipper
|-sidestart|p1: apa plays poke|move: Tailwind
|
|-weather|RainDance|[upkeep]
|upkeep
|turn|2
|
|t:|1782511165
|move|p2b: Sinistcha|Rage Powder|p2b: Sinistcha
|-singleturn|p2b: Sinistcha|move: Rage Powder
|move|p1a: Archaludon|Electro Shot||[still]
|-prepare|p1a: Archaludon|Electro Shot
|-boost|p1a: Archaludon|spa|1
|-anim|p1a: Archaludon|Electro Shot|p2b: Sinistcha
|-resisted|p2b: Sinistcha|1
|-crit|p2b: Sinistcha
|-damage|p2b: Sinistcha|61/100
|move|p1b: Pelipper|Hurricane|p2b: Sinistcha
|-supereffective|p2b: Sinistcha|1
|-crit|p2b: Sinistcha
|-enditem|p2b: Sinistcha|Coba Berry|[eat]
|-enditem|p2b: Sinistcha|Coba Berry|[weaken]
|-damage|p2b: Sinistcha|9/100
|move|p2a: Staraptor|Brave Bird|p1b: Pelipper
|-damage|p1b: Pelipper|0 fnt
|faint|p1b: Pelipper
|-damage|p2a: Staraptor|82/100|[from] Recoil
|
|-weather|RainDance|[upkeep]
|upkeep
|
|t:|1782511176
|switch|p1b: Sinistcha|Sinistcha, L50|100/100
|turn|3
|
|t:|1782511189
|move|p1b: Sinistcha|Protect|p1b: Sinistcha
|-singleturn|p1b: Sinistcha|Protect
|move|p2b: Sinistcha|Rage Powder|p2b: Sinistcha
|-singleturn|p2b: Sinistcha|move: Rage Powder
|move|p1a: Archaludon|Electro Shot||[still]
|-prepare|p1a: Archaludon|Electro Shot
|-boost|p1a: Archaludon|spa|1
|-anim|p1a: Archaludon|Electro Shot|p2b: Sinistcha
|-resisted|p2b: Sinistcha|1
|-damage|p2b: Sinistcha|0 fnt
|faint|p2b: Sinistcha
|move|p2a: Staraptor|Brave Bird|p1b: Sinistcha
|-activate|p1b: Sinistcha|move: Protect
|
|-weather|RainDance|[upkeep]
|upkeep
|
|t:|1782511195
|switch|p2b: Garchomp|Garchomp, L50, M|100/100
|turn|4
|
|t:|1782511201
|move|p1b: Sinistcha|Rage Powder|p1b: Sinistcha
|-singleturn|p1b: Sinistcha|move: Rage Powder
|move|p1a: Archaludon|Electro Shot||[still]
|-prepare|p1a: Archaludon|Electro Shot
|-boost|p1a: Archaludon|spa|1
|-anim|p1a: Archaludon|Electro Shot|p2a: Staraptor
|-supereffective|p2a: Staraptor|1
|-damage|p2a: Staraptor|0 fnt
|faint|p2a: Staraptor
|move|p2b: Garchomp|Earthquake|p1b: Sinistcha|[spread] p1a,p1b
|-supereffective|p1a: Archaludon|1
|-resisted|p1b: Sinistcha|1
|-damage|p1a: Archaludon|24/100
|-damage|p1b: Sinistcha|79/100
|-ability|p1a: Archaludon|Stamina|boost
|-boost|p1a: Archaludon|def|1
|-damage|p2b: Garchomp|90/100|[from] item: Life Orb
|
|-weather|RainDance|[upkeep]
|-heal|p1a: Archaludon|30/100|[from] item: Leftovers
|-sideend|p1: apa plays poke|move: Tailwind
|upkeep
|
|t:|1782511205
|switch|p2a: Incineroar|Incineroar, L50, M|100/100
|-ability|p2a: Incineroar|Intimidate|boost
|-unboost|p1a: Archaludon|atk|1
|-unboost|p1b: Sinistcha|atk|1
|turn|5
|
|t:|1782511213
|move|p1a: Archaludon|Protect|p1a: Archaludon
|-singleturn|p1a: Archaludon|Protect
|move|p2b: Garchomp|Earthquake|p1b: Sinistcha|[spread] p2a,p1b
|-activate|p1a: Archaludon|move: Protect
|-supereffective|p2a: Incineroar|1
|-resisted|p1b: Sinistcha|1
|-damage|p2a: Incineroar|9/100
|-damage|p1b: Sinistcha|60/100
|-enditem|p2a: Incineroar|Sitrus Berry|[eat]
|-heal|p2a: Incineroar|34/100|[from] item: Sitrus Berry
|-damage|p2b: Garchomp|80/100|[from] item: Life Orb
|move|p2a: Incineroar|Darkest Lariat|p1b: Sinistcha
|-supereffective|p1b: Sinistcha|1
|-damage|p1b: Sinistcha|0 fnt
|faint|p1b: Sinistcha
|
|-weather|none
|-heal|p1a: Archaludon|37/100|[from] item: Leftovers
|upkeep
|
|t:|1782511224
|switch|p1b: Swampert|Swampert, L50, M|100/100
|turn|6
|
|t:|1782511234
|detailschange|p1b: Swampert|Swampert-Mega, L50, M
|-mega|p1b: Swampert|Swampert|Swampertite
|move|p2b: Garchomp|Earthquake|p1a: Archaludon|[spread] p2a,p1a,p1b
|-supereffective|p2a: Incineroar|1
|-supereffective|p1a: Archaludon|1
|-damage|p2a: Incineroar|0 fnt
|-damage|p1a: Archaludon|0 fnt
|-damage|p1b: Swampert|54/100
|faint|p2a: Incineroar
|faint|p1a: Archaludon
|-damage|p2b: Garchomp|70/100|[from] item: Life Orb
|move|p1b: Swampert|Ice Punch|p2b: Garchomp
|-supereffective|p2b: Garchomp|2
|-damage|p2b: Garchomp|0 fnt
|-damage|p1b: Swampert|42/100|[from] ability: Rough Skin|[of] p2b: Garchomp
|faint|p2b: Garchomp
|
|win|apa plays poke
||apa plays poke is ready for game 3.
||Mclovingods is ready for game 3.
|uhtml|next|Next: Game 3 of 3
|l|☆apa plays poke
|player|p1|
