|j|☆C0ozer
|j|☆Tangermon
|html|C0ozerTangermon    
|uhtml|bestof|Game 2 of a best-of-3
|t:|1785163826
|gametype|doubles
|player|p1|C0ozer|lucas|1219
|player|p2|Tangermon|hilbert-wonderlauncher|1081
|gen|9
|tier|[Gen 9 Champions] VGC 2026 Reg M-B (Bo3)
|rated|
|rule|Species Clause: Limit one of each Pokémon
|rule|Item Clause: Limit 1 of each item
|clearpoke
|poke|p1|Charizard, L50, M|
|poke|p1|Garchomp, L50, F|
|poke|p1|Whimsicott, L50, M|
|poke|p1|Tsareena, L50, F|
|poke|p1|Incineroar, L50, M|
|poke|p1|Basculegion, L50, M|
|poke|p2|Mr. Rime, L50, M|
|poke|p2|Floette-Eternal, L50, F|
|poke|p2|Raichu, L50, M|
|poke|p2|Incineroar, L50, M|
|poke|p2|Ceruledge, L50, F|
|poke|p2|Sinistcha, L50|
|teampreview|4
|showteam|p1|Charizard||CharizarditeY|Blaze|HeatWave,WeatherBall,SolarBeam,Protect|Modest||M|||50|]Garchomp||LifeOrb|RoughSkin|Earthquake,RockSlide,DragonClaw,Protect|Jolly||F|||50|]Whimsicott||FocusSash|Prankster|Moonblast,Tailwind,Encore,Protect|Timid||M|||50|]Tsareena||WideLens|QueenlyMajesty|TripleAxel,PowerWhip,KnockOff,Protect|Jolly||F|||50|]Incineroar||SitrusBerry|Intimidate|FakeOut,FlareBlitz,ThroatChop,PartingShot|Impish||M|||50|]Basculegion||MysticWater|Adaptability|LastRespects,AquaJet,WaveCrash,Protect|Adamant||M|||50|
|showteam|p2|Mr. Rime||FocusSash|ScreenCleaner|FreezeDry,Protect,SheerCold,RolePlay|Timid||M|||50|]Floette-Eternal||Floettite|FlowerVeil|DrainingKiss,DazzlingGleam,CalmMind,Protect|Timid||F|||50|]Raichu||RaichuniteY|LightningRod|FakeOut,ZapCannon,FocusBlast,Protect|Jolly||M|||50|]Incineroar||SitrusBerry|Intimidate|FakeOut,FlareBlitz,PartingShot,DarkestLariat|Impish||M|||50|]Ceruledge||ColburBerry|FlashFire|BitterBlade,ShadowSneak,Protect,BulkUp|Adamant||F|||50|]Sinistcha||KasibBerry|Hospitality|MatchaGotcha,RagePowder,TrickRoom,Protect|Bold|||||50|
|inactive|Battle timer is ON: inactive players will automatically lose when time's up. (requested by Tangermon)
|inactive|C0ozer also wants the timer to be on.
|
|t:|1785163843
|teamsize|p1|4
|teamsize|p2|4
|start
|switch|p1a: Floofy|Whimsicott, L50, M|100/100
|switch|p1b: HIgh EQ|Garchomp, L50, F|100/100
|switch|p2a: Floette|Floette-Eternal, L50, F|100/100
|switch|p2b: Incineroar|Incineroar, L50, M|100/100
|-ability|p2b: Incineroar|Intimidate|boost
|-unboost|p1a: Floofy|atk|1
|-unboost|p1b: HIgh EQ|atk|1
|turn|1
|
|t:|1785163859
|detailschange|p2a: Floette|Floette-Mega, L50, F
|-mega|p2a: Floette|Floette|Floettite
|-ability|p2a: Floette|Fairy Aura
|move|p1a: Floofy|Protect|p1a: Floofy
|-singleturn|p1a: Floofy|Protect
|move|p1b: HIgh EQ|Protect|p1b: HIgh EQ
|-singleturn|p1b: HIgh EQ|Protect
|move|p2b: Incineroar|Fake Out|p1b: HIgh EQ
|-activate|p1b: HIgh EQ|move: Protect
|move|p2a: Floette|Calm Mind|p2a: Floette
|-boost|p2a: Floette|spa|1
|-boost|p2a: Floette|spd|1
|
|upkeep
|turn|2
|
|t:|1785163885
|move|p1a: Floofy|Encore|p2a: Floette
|-start|p2a: Floette|Encore
|move|p1b: HIgh EQ|Dragon Claw|p2b: Incineroar
|-damage|p2b: Incineroar|74/100
|-damage|p1b: HIgh EQ|90/100|[from] item: Life Orb
|move|p2a: Floette|Calm Mind|p2a: Floette
|-boost|p2a: Floette|spa|1
|-boost|p2a: Floette|spd|1
|move|p2b: Incineroar|Flare Blitz|p1a: Floofy
|-supereffective|p1a: Floofy|1
|-enditem|p1a: Floofy|Focus Sash
|-damage|p1a: Floofy|1/100
|-damage|p2b: Incineroar|52/100|[from] Recoil
|
|upkeep
|turn|3
|
|t:|1785163909
|switch|p1a: No Respect|Basculegion, L50, M|100/100
|move|p1b: HIgh EQ|Rock Slide|p2b: Incineroar|[spread] p2a,p2b
|-supereffective|p2b: Incineroar|1
|-damage|p2a: Floette|84/100
|-damage|p2b: Incineroar|28/100
|-enditem|p2b: Incineroar|Sitrus Berry|[eat]
|-heal|p2b: Incineroar|52/100|[from] item: Sitrus Berry
|-damage|p1b: HIgh EQ|80/100|[from] item: Life Orb
|cant|p2a: Floette|flinch
|move|p2b: Incineroar|Darkest Lariat|p1a: No Respect
|-supereffective|p1a: No Respect|1
|-damage|p1a: No Respect|32/100
|
|upkeep
|turn|4
|inactive|Tangermon has 30 seconds left.
|
|t:|1785163939
|move|p1b: HIgh EQ|Rock Slide|p2a: Floette|[spread] p2a,p2b
|-supereffective|p2b: Incineroar|1
|-damage|p2a: Floette|67/100
|-damage|p2b: Incineroar|27/100
|-damage|p1b: HIgh EQ|70/100|[from] item: Life Orb
|cant|p2a: Floette|flinch
|move|p1a: No Respect|Wave Crash|p2a: Floette
|-damage|p2a: Floette|0 fnt
|faint|p2a: Floette
|-damage|p1a: No Respect|12/100|[from] Recoil
|move|p2b: Incineroar|Darkest Lariat|p1a: No Respect
|-supereffective|p1a: No Respect|1
|-damage|p1a: No Respect|0 fnt
|faint|p1a: No Respect
|
|upkeep
|
|t:|1785163958
|switch|p2a: Mr. Rime|Mr. Rime, L50, M|100/100
|switch|p1a: Floofy|Whimsicott, L50, M|1/100
|turn|5
|
|t:|1785163971
|move|p1b: HIgh EQ|Protect|p1b: HIgh EQ
|-singleturn|p1b: HIgh EQ|Protect
|move|p1a: Floofy|Tailwind|p1a: Floofy
|-sidestart|p1: C0ozer|move: Tailwind
|move|p2a: Mr. Rime|Freeze-Dry|p1b: HIgh EQ
|-activate|p1b: HIgh EQ|move: Protect
|move|p2b: Incineroar|Parting Shot|p1a: Floofy
|-unboost|p1a: Floofy|atk|1
|-unboost|p1a: Floofy|spa|1
|
|t:|1785163980
|switch|p2b: Ceruledge|Ceruledge, L50, F|100/100|[from] Parting Shot
|
|upkeep
|turn|6
|
|t:|1785163996
|move|p2b: Ceruledge|Shadow Sneak|p1a: Floofy
|-damage|p1a: Floofy|0 fnt
|faint|p1a: Floofy
|move|p1b: HIgh EQ|Earthquake|p2a: Mr. Rime|[spread] p2a,p2b
|-supereffective|p2b: Ceruledge|1
|-damage|p2a: Mr. Rime|52/100
|-damage|p2b: Ceruledge|28/100
|-damage|p1b: HIgh EQ|61/100|[from] item: Life Orb
|move|p2a: Mr. Rime|Freeze-Dry|p1b: HIgh EQ
|-supereffective|p1b: HIgh EQ|2
|-damage|p1b: HIgh EQ|0 fnt
|faint|p1b: HIgh EQ
|
|upkeep
|
|t:|1785164006
|switch|p1b: Chariyard|Charizard, L50, M|100/100
|turn|7
|inactive|Tangermon has 30 seconds left.
|
|t:|1785164032
|switch|p2a: Incineroar|Incineroar, L50, M|27/100
|-ability|p2a: Incineroar|Intimidate|boost
|-unboost|p1b: Chariyard|atk|1
|detailschange|p1b: Chariyard|Charizard-Mega-Y, L50, M
|-mega|p1b: Chariyard|Charizard|Charizardite Y
|-weather|SunnyDay|[from] ability: Drought|[of] p1b: Chariyard
|move|p2b: Ceruledge|Protect|p2b: Ceruledge
|-singleturn|p2b: Ceruledge|Protect
|move|p1b: Chariyard|Solar Beam||[still]
|-prepare|p1b: Chariyard|Solar Beam
|-anim|p1b: Chariyard|Solar Beam|p2b: Ceruledge
|-activate|p2b: Ceruledge|move: Protect
|
|-weather|SunnyDay|[upkeep]
|upkeep
|turn|8
|
|t:|1785164048
|move|p1b: Chariyard|Protect|p1b: Chariyard
|-singleturn|p1b: Chariyard|Protect
|move|p2a: Incineroar|Fake Out|p1b: Chariyard
|-activate|p1b: Chariyard|move: Protect
|move|p2b: Ceruledge|Bulk Up|p2b: Ceruledge
|-boost|p2b: Ceruledge|atk|1
|-boost|p2b: Ceruledge|def|1
|
|-weather|SunnyDay|[upkeep]
|-sideend|p1: C0ozer|move: Tailwind
|upkeep
|turn|9
|j| tedidn
|inactive|Tangermon has 30 seconds left.
|
|t:|1785164075
|move|p2b: Ceruledge|Protect|p2b: Ceruledge
|-singleturn|p2b: Ceruledge|Protect
|move|p1b: Chariyard|Solar Beam||[still]
|-prepare|p1b: Chariyard|Solar Beam
|-anim|p1b: Chariyard|Solar Beam|p2b: Ceruledge
|-activate|p2b: Ceruledge|move: Protect
|move|p2a: Incineroar|Parting Shot|p1b: Chariyard
|-unboost|p1b: Chariyard|atk|1
|-unboost|p1b: Chariyard|spa|1
|
|t:|1785164084
|switch|p2a: Mr. Rime|Mr. Rime, L50, M|52/100|[from] Parting Shot
|
|-weather|SunnyDay|[upkeep]
|upkeep
|turn|10
|
|t:|1785164092
|move|p2a: Mr. Rime|Role Play|p2b: Ceruledge
|-ability|p2a: Mr. Rime|Flash Fire|Screen Cleaner|[from] move: Role Play|[of] p2b: Ceruledge
|move|p1b: Chariyard|Solar Beam||[still]
|-prepare|p1b: Chariyard|Solar Beam
|-anim|p1b: Chariyard|Solar Beam|p2b: Ceruledge
|-resisted|p2b: Ceruledge|1
|-damage|p2b: Ceruledge|11/100
|move|p2b: Ceruledge|Bitter Blade|p1b: Chariyard
|-resisted|p1b: Chariyard|1
|-damage|p1b: Chariyard|47/100
|-heal|p2b: Ceruledge|36/100|[from] drain|[of] p1b: Chariyard
|
|-weather|SunnyDay|[upkeep]
|upkeep
|turn|11
|l| tedidn
|
|t:|1785164115
|move|p2a: Mr. Rime|Freeze-Dry|p1b: Chariyard
|-damage|p1b: Chariyard|16/100
|move|p1b: Chariyard|Weather Ball|p2a: Mr. Rime
|-start|p2a: Mr. Rime|ability: Flash Fire
|move|p2b: Ceruledge|Bitter Blade|p1b: Chariyard
|-resisted|p1b: Chariyard|1
|-damage|p1b: Chariyard|0 fnt
|-heal|p2b: Ceruledge|44/100|[from] drain|[of] p1b: Chariyard
|faint|p1b: Chariyard
|
|win|Tangermon
|inactive|C0ozer has 30 seconds to confirm battle start!
|inactive|Tangermon has 30 seconds to confirm battle start!
