|j|☆Tanisha
|j|☆palle synchro
|html|Tanishapalle synchro    
|uhtml|bestof|Game 1 of a best-of-3
|t:|1757094295
|gametype|doubles
|player|p1|Tanisha|jupiter|1219
|player|p2|palle synchro|volkner|1343
|gen|9
|tier|[Gen 9] VGC 2025 Reg H (Bo3)
|rated|
|rule|Species Clause: Limit one of each Pokémon
|rule|Item Clause: Limit 1 of each item
|clearpoke
|poke|p1|Dragonite, L50, F|
|poke|p1|Ninetales-Alola, L50, F|
|poke|p1|Rillaboom, L50, F|
|poke|p1|Gholdengo, L50|
|poke|p1|Annihilape, L50, F|
|poke|p1|Ursaluna-Bloodmoon, L50, M|
|poke|p2|Whimsicott, L50, M|
|poke|p2|Meowscarada, L50, M|
|poke|p2|Indeedee, L50, M|
|poke|p2|Sneasler, L50, M|
|poke|p2|Ursaluna-Bloodmoon, L50, M|
|poke|p2|Archaludon, L50, F|
|teampreview|4
|showteam|p1|Dragonite||LoadedDice|Multiscale|ScaleShot,ExtremeSpeed,Haze,Protect|||F|||50|,,,,,Fairy]Ninetales-Alola||LightClay|SnowWarning|IcicleSpear,AuroraVeil,Blizzard,IcyWind|||F|||50|,,,,,Ghost]Rillaboom||MiracleSeed|GrassySurge|WoodHammer,GrassyGlide,FakeOut,Protect|||F|||50|,,,,,Grass]Gholdengo||LifeOrb|GoodasGold|MakeItRain,ShadowBall,NastyPlot,Protect||||||50|,,,,,Water]Annihilape||SafetyGoggles|Defiant|RageFist,DrainPunch,BulkUp,Protect|||F|||50|,,,,,Fire]Ursaluna-Bloodmoon||AssaultVest|MindsEye|BloodMoon,HyperVoice,EarthPower,VacuumWave|||M|||50|,,,,,Ghost
|showteam|p2|Whimsicott||CovertCloak|Prankster|Moonblast,Taunt,Tailwind,FakeTears|||M|||50|,,,,,Water]Meowscarada||ChoiceBand|Protean|FlowerTrick,KnockOff,Uturn,TripleAxel|||M|||50|,,,,,Ghost]Indeedee||FocusSash|PsychicSurge|ExpandingForce,TeraBlast,Imprison,TrickRoom|||M|||50|,,,,,Psychic]Sneasler||PsychicSeed|Unburden|CloseCombat,DireClaw,ThroatChop,Protect|||M|||50|,,,,,Dark]Ursaluna-Bloodmoon||LifeOrb|MindsEye|HyperVoice,BloodMoon,EarthPower,Protect|||M|||50|,,,,,Normal]Archaludon||PowerHerb|Stalwart|ElectroShot,DragonPulse,Thunderbolt,Protect|||F|||50|,,,,,Electric
|inactive|Battle timer is ON: inactive players will automatically lose when time's up. (requested by palle synchro)
|inactive|Tanisha has 60 seconds left.
|inactive|palle synchro has 60 seconds left.
|inactive|Tanisha has 30 seconds left.
|
|t:|1757094366
|teamsize|p1|4
|teamsize|p2|4
|start
|switch|p1a: Rillaboom|Rillaboom, L50, F|100/100
|switch|p1b: Dragonite|Dragonite, L50, F|100/100
|switch|p2a: Whimsicott|Whimsicott, L50, M|100/100
|switch|p2b: Ursaluna|Ursaluna-Bloodmoon, L50, M|100/100
|-fieldstart|move: Grassy Terrain|[from] ability: Grassy Surge|[of] p1a: Rillaboom
|turn|1
|
|t:|1757094387
|switch|p1b: Ninetales|Ninetales-Alola, L50, F|100/100
|-weather|Snowscape|[from] ability: Snow Warning|[of] p1b: Ninetales
|move|p2b: Ursaluna|Protect|p2b: Ursaluna
|-singleturn|p2b: Ursaluna|Protect
|move|p1a: Rillaboom|Fake Out|p2b: Ursaluna
|-activate|p2b: Ursaluna|move: Protect
|move|p2a: Whimsicott|Moonblast|p1b: Ninetales
|-damage|p1b: Ninetales|72/100
|
|-weather|Snowscape|[upkeep]
|-heal|p1b: Ninetales|78/100|[from] Grassy Terrain
|upkeep
|turn|2
|inactive|palle synchro has 30 seconds left.
|
|t:|1757094419
|-terastallize|p2b: Ursaluna|Normal
|move|p2a: Whimsicott|Tailwind|p2a: Whimsicott
|-sidestart|p2: palle synchro|move: Tailwind
|move|p2b: Ursaluna|Blood Moon|p1b: Ninetales
|-damage|p1b: Ninetales|0 fnt
|faint|p1b: Ninetales
|-damage|p2b: Ursaluna|91/100|[from] item: Life Orb
|move|p1a: Rillaboom|Wood Hammer|p2b: Ursaluna
|-damage|p2b: Ursaluna|4/100
|-damage|p1a: Rillaboom|72/100|[from] Recoil
|
|-weather|Snowscape|[upkeep]
|-heal|p2b: Ursaluna|9/100|[from] Grassy Terrain
|-heal|p1a: Rillaboom|79/100|[from] Grassy Terrain
|upkeep
|
|t:|1757094431
|switch|p1b: Ursaluna|Ursaluna-Bloodmoon, L50, M|100/100
|turn|3
|
|t:|1757094445
|move|p2b: Ursaluna|Protect|p2b: Ursaluna
|-singleturn|p2b: Ursaluna|Protect
|move|p2a: Whimsicott|Fake Tears|p1b: Ursaluna
|-unboost|p1b: Ursaluna|spd|2
|move|p1a: Rillaboom|Grassy Glide|p2b: Ursaluna
|-activate|p2b: Ursaluna|move: Protect
|move|p1b: Ursaluna|Hyper Voice|p2a: Whimsicott|[spread] p2a
|-activate|p2b: Ursaluna|move: Protect
|-damage|p2a: Whimsicott|53/100
|
|-weather|Snowscape|[upkeep]
|-heal|p2a: Whimsicott|58/100|[from] Grassy Terrain
|-heal|p2b: Ursaluna|15/100|[from] Grassy Terrain
|-heal|p1a: Rillaboom|85/100|[from] Grassy Terrain
|upkeep
|turn|4
|
|t:|1757094459
|switch|p2a: Indeedee|Indeedee, L50, M|100/100
|-fieldstart|move: Psychic Terrain|[from] ability: Psychic Surge|[of] p2a: Indeedee
|switch|p1b: Dragonite|Dragonite, L50, F|100/100
|move|p2b: Ursaluna|Blood Moon|p1b: Dragonite
|-crit|p1b: Dragonite
|-damage|p1b: Dragonite|0 fnt
|faint|p1b: Dragonite
|-damage|p2b: Ursaluna|6/100|[from] item: Life Orb
|move|p1a: Rillaboom|Grassy Glide|p2b: Ursaluna
|-damage|p2b: Ursaluna|0 fnt
|faint|p2b: Ursaluna
|
|-weather|Snowscape|[upkeep]
|upkeep
|
|t:|1757094472
|switch|p1b: Ursaluna|Ursaluna-Bloodmoon, L50, M|100/100
|switch|p2b: Whimsicott|Whimsicott, L50, M|58/100
|turn|5
|
|t:|1757094494
|move|p2b: Whimsicott|Moonblast|p1a: Rillaboom
|-damage|p1a: Rillaboom|53/100
|move|p2a: Indeedee|Expanding Force|p1b: Ursaluna|[spread] p1a,p1b
|-damage|p1a: Rillaboom|0 fnt
|-damage|p1b: Ursaluna|67/100
|faint|p1a: Rillaboom
|move|p1b: Ursaluna|Hyper Voice|p2a: Indeedee|[spread] p2a,p2b
|-damage|p2a: Indeedee|49/100
|-damage|p2b: Whimsicott|9/100
|
|-weather|none
|-sideend|p2: palle synchro|move: Tailwind
|upkeep
|turn|6
|
|t:|1757094499
|move|p2b: Whimsicott|Moonblast|p1b: Ursaluna
|-damage|p1b: Ursaluna|50/100
|move|p2a: Indeedee|Expanding Force|p1b: Ursaluna
|-damage|p1b: Ursaluna|3/100
|move|p1b: Ursaluna|Hyper Voice|p2a: Indeedee|[spread] p2a,p2b
|-damage|p2a: Indeedee|2/100
|-damage|p2b: Whimsicott|0 fnt
|faint|p2b: Whimsicott
|
|upkeep
|
|t:|1757094502
|switch|p2b: Meowscarada|Meowscarada, L50, M|100/100
|turn|7
|
|t:|1757094506
|move|p2b: Meowscarada|Flower Trick|p1b: Ursaluna
|-start|p2b: Meowscarada|typechange|Grass|[from] ability: Protean
|-supereffective|p1b: Ursaluna
|-crit|p1b: Ursaluna
|-damage|p1b: Ursaluna|0 fnt
|faint|p1b: Ursaluna
|
|win|palle synchro
