|j|☆Ray Magini
|j|☆OssiGT
|html|Ray MaginiOssiGT    
|uhtml|bestof|Game 1 of a best-of-3
|t:|1784725737
|gametype|doubles
|player|p1|Ray Magini|larry|1144
|player|p2|OssiGT|hilbert-wonderlauncher|1264
|gen|9
|tier|[Gen 9 Champions] VGC 2026 Reg M-B (Bo3)
|rated|
|rule|Species Clause: Limit one of each Pokémon
|rule|Item Clause: Limit 1 of each item
|clearpoke
|poke|p1|Excadrill, L50, M|
|poke|p1|Tyranitar, L50, F|
|poke|p1|Milotic, L50, F|
|poke|p1|Staraptor, L50, M|
|poke|p1|Sinistcha, L50|
|poke|p1|Gholdengo, L50|
|poke|p2|Raichu, L50, F|
|poke|p2|Mawile, L50, F|
|poke|p2|Sinistcha, L50|
|poke|p2|Ceruledge, L50, F|
|poke|p2|Milotic, L50, M|
|poke|p2|Incineroar, L50, F|
|teampreview|4
|showteam|p1|Excadrill||FocusSash|SandRush|Earthquake,IronHead,RockSlide,Protect|Adamant||M|||50|]Tyranitar||Tyranitarite|SandStream|RockSlide,KnockOff,HighHorsepower,Protect|Jolly||F|||50|]Milotic||Leftovers|Competitive|Scald,IcyWind,Protect,Haze|Calm||F|||50|]Staraptor||Staraptite|Intimidate|CloseCombat,BraveBird,Tailwind,Protect|Jolly||M|||50|]Sinistcha||ColburBerry|Hospitality|MatchaGotcha,RagePowder,ShadowBall,Protect|Bold|||||50|]Gholdengo||LifeOrb|GoodasGold|MakeItRain,ShadowBall,NastyPlot,Protect|Modest|||||50|
|showteam|p2|Raichu||RaichuniteY|LightningRod|ZapCannon,FocusBlast,FakeOut,Protect|Timid||F|||50|]Mawile||Mawilite|HyperCutter|PlayRough,SuckerPunch,SwordsDance,Protect|Adamant||F|||50|]Sinistcha||KasibBerry|Hospitality|MatchaGotcha,LifeDew,RagePowder,Protect|Relaxed|||||50|]Ceruledge||ColburBerry|FlashFire|BitterBlade,ShadowSneak,BulkUp,Protect|Adamant||F|||50|]Milotic||Leftovers|Competitive|MuddyWater,Coil,Hypnosis,Protect|Calm||M|||50|]Incineroar||SitrusBerry|Intimidate|FlareBlitz,ThroatChop,FakeOut,PartingShot|Impish||F|||50|
|
|t:|1784725810
|teamsize|p1|4
|teamsize|p2|4
|start
|switch|p1a: Milotic|Milotic, L50, F|100/100
|switch|p1b: Tyranitar|Tyranitar, L50, F|100/100
|switch|p2a: Incineroar|Incineroar, L50, F|100/100
|switch|p2b: Milotic|Milotic, L50, M|100/100
|-weather|Sandstorm|[from] ability: Sand Stream|[of] p1b: Tyranitar
|-ability|p2a: Incineroar|Intimidate|boost
|-unboost|p1a: Milotic|atk|1
|-ability|p1a: Milotic|Competitive|boost
|-boost|p1a: Milotic|spa|2
|-unboost|p1b: Tyranitar|atk|1
|turn|1
|
|t:|1784725837
|switch|p1b: Sinistcha|Sinistcha, L50|100/100
|move|p2b: Milotic|Coil|p2b: Milotic
|-boost|p2b: Milotic|atk|1
|-boost|p2b: Milotic|def|1
|-boost|p2b: Milotic|accuracy|1
|move|p1a: Milotic|Scald|p2a: Incineroar
|-supereffective|p2a: Incineroar|1
|-damage|p2a: Incineroar|1/100
|-enditem|p2a: Incineroar|Sitrus Berry|[eat]
|-heal|p2a: Incineroar|26/100|[from] item: Sitrus Berry
|move|p2a: Incineroar|Parting Shot|p1b: Sinistcha
|-unboost|p1b: Sinistcha|atk|1
|-unboost|p1b: Sinistcha|spa|1
|
|t:|1784725844
|switch|p2a: Sinistcha|Sinistcha, L50|100/100|[from] Parting Shot
|
|-weather|Sandstorm|[upkeep]
|-damage|p2b: Milotic|94/100|[from] Sandstorm
|-damage|p1a: Milotic|93/100|[from] Sandstorm
|-damage|p1b: Sinistcha|94/100|[from] Sandstorm
|-damage|p2a: Sinistcha|93/100|[from] Sandstorm
|-heal|p2b: Milotic|100/100|[from] item: Leftovers
|-heal|p1a: Milotic|100/100|[from] item: Leftovers
|upkeep
|turn|2
|
|t:|1784725866
|move|p2b: Milotic|Hypnosis|p1b: Sinistcha
|-status|p1b: Sinistcha|slp|[from] move: Hypnosis
|move|p1a: Milotic|Haze|p1a: Milotic
|-clearallboost
|cant|p1b: Sinistcha|slp
|move|p2a: Sinistcha|Matcha Gotcha|p1a: Milotic|[spread] p1a
|-miss|p2a: Sinistcha|p1b: Sinistcha
|-supereffective|p1a: Milotic|1
|-damage|p1a: Milotic|71/100
|-heal|p2a: Sinistcha|100/100|[from] drain|[of] p1a: Milotic
|
|-weather|Sandstorm|[upkeep]
|-damage|p2b: Milotic|94/100|[from] Sandstorm
|-damage|p1a: Milotic|65/100|[from] Sandstorm
|-damage|p1b: Sinistcha|88/100 slp|[from] Sandstorm
|-damage|p2a: Sinistcha|93/100|[from] Sandstorm
|-heal|p2b: Milotic|100/100|[from] item: Leftovers
|-heal|p1a: Milotic|71/100|[from] item: Leftovers
|upkeep
|turn|3
|
|t:|1784725910
|move|p2b: Milotic|Coil|p2b: Milotic
|-boost|p2b: Milotic|atk|1
|-boost|p2b: Milotic|def|1
|-boost|p2b: Milotic|accuracy|1
|move|p1a: Milotic|Scald|p2b: Milotic
|-resisted|p2b: Milotic|1
|-damage|p2b: Milotic|89/100
|cant|p1b: Sinistcha|slp
|move|p2a: Sinistcha|Matcha Gotcha|p1a: Milotic|[spread] p1b
|-miss|p2a: Sinistcha|p1a: Milotic
|-resisted|p1b: Sinistcha|1
|-damage|p1b: Sinistcha|76/100 slp
|-heal|p2a: Sinistcha|100/100|[from] drain|[of] p1b: Sinistcha
|
|-weather|Sandstorm|[upkeep]
|-damage|p2b: Milotic|83/100|[from] Sandstorm
|-damage|p1a: Milotic|65/100|[from] Sandstorm
|-damage|p1b: Sinistcha|70/100 slp|[from] Sandstorm
|-damage|p2a: Sinistcha|93/100|[from] Sandstorm
|-heal|p2b: Milotic|89/100|[from] item: Leftovers
|-heal|p1a: Milotic|71/100|[from] item: Leftovers
|upkeep
|turn|4
|
|t:|1784725930
|move|p1a: Milotic|Protect|p1a: Milotic
|-singleturn|p1a: Milotic|Protect
|move|p2a: Sinistcha|Rage Powder|p2a: Sinistcha
|-singleturn|p2a: Sinistcha|move: Rage Powder
|move|p2b: Milotic|Hypnosis|p1a: Milotic
|-activate|p1a: Milotic|move: Protect
|-curestatus|p1b: Sinistcha|slp|[msg]
|move|p1b: Sinistcha|Matcha Gotcha|p2a: Sinistcha|[spread] p2a,p2b
|-resisted|p2a: Sinistcha|1
|-supereffective|p2b: Milotic|1
|-damage|p2a: Sinistcha|83/100
|-heal|p1b: Sinistcha|76/100|[from] drain|[of] p2a: Sinistcha
|-damage|p2b: Milotic|58/100
|-heal|p1b: Sinistcha|94/100|[from] drain|[of] p2b: Milotic
|
|-weather|Sandstorm|[upkeep]
|-damage|p2b: Milotic|52/100|[from] Sandstorm
|-damage|p1a: Milotic|65/100|[from] Sandstorm
|-damage|p1b: Sinistcha|88/100|[from] Sandstorm
|-damage|p2a: Sinistcha|76/100|[from] Sandstorm
|-heal|p2b: Milotic|58/100|[from] item: Leftovers
|-heal|p1a: Milotic|71/100|[from] item: Leftovers
|upkeep
|turn|5
|
|t:|1784725957
|move|p1b: Sinistcha|Protect|p1b: Sinistcha
|-singleturn|p1b: Sinistcha|Protect
|move|p2b: Milotic|Hypnosis|p1a: Milotic
|-status|p1a: Milotic|slp|[from] move: Hypnosis
|cant|p1a: Milotic|slp
|move|p2a: Sinistcha|Matcha Gotcha|p1b: Sinistcha|[spread] p1a
|-activate|p1b: Sinistcha|move: Protect
|-supereffective|p1a: Milotic|1
|-damage|p1a: Milotic|39/100 slp
|-heal|p2a: Sinistcha|94/100|[from] drain|[of] p1a: Milotic
|
|-weather|none
|-heal|p2b: Milotic|64/100|[from] item: Leftovers
|-heal|p1a: Milotic|45/100 slp|[from] item: Leftovers
|upkeep
|turn|6
|
|t:|1784725976
|move|p2b: Milotic|Coil|p2b: Milotic
|-boost|p2b: Milotic|atk|1
|-boost|p2b: Milotic|def|1
|-boost|p2b: Milotic|accuracy|1
|-curestatus|p1a: Milotic|slp|[msg]
|move|p1a: Milotic|Haze|p1a: Milotic
|-clearallboost
|move|p1b: Sinistcha|Matcha Gotcha|p2b: Milotic|[spread] p2a,p2b
|-resisted|p2a: Sinistcha|1
|-supereffective|p2b: Milotic|1
|-damage|p2a: Sinistcha|83/100
|-heal|p1b: Sinistcha|94/100|[from] drain|[of] p2a: Sinistcha
|-damage|p2b: Milotic|35/100
|-heal|p1b: Sinistcha|100/100|[from] drain|[of] p2b: Milotic
|move|p2a: Sinistcha|Life Dew|p2a: Sinistcha|[spread] p2a,p2b
|-heal|p2a: Sinistcha|100/100
|-heal|p2b: Milotic|60/100
|
|-heal|p2b: Milotic|66/100|[from] item: Leftovers
|-heal|p1a: Milotic|52/100|[from] item: Leftovers
|upkeep
|turn|7
|
|t:|1784726005
|switch|p1a: Tyranitar|Tyranitar, L50, F|100/100
|-weather|Sandstorm|[from] ability: Sand Stream|[of] p1a: Tyranitar
|move|p2b: Milotic|Coil|p2b: Milotic
|-boost|p2b: Milotic|atk|1
|-boost|p2b: Milotic|def|1
|-boost|p2b: Milotic|accuracy|1
|move|p1b: Sinistcha|Matcha Gotcha|p2a: Sinistcha|[spread] p2a,p2b
|-resisted|p2a: Sinistcha|1
|-supereffective|p2b: Milotic|1
|-damage|p2a: Sinistcha|88/100
|-damage|p2b: Milotic|35/100
|-status|p2b: Milotic|brn
|move|p2a: Sinistcha|Matcha Gotcha|p1b: Sinistcha|[spread] p1a,p1b
|-supereffective|p1a: Tyranitar|1
|-resisted|p1b: Sinistcha|1
|-damage|p1a: Tyranitar|70/100
|-heal|p2a: Sinistcha|100/100|[from] drain|[of] p1a: Tyranitar
|-damage|p1b: Sinistcha|89/100
|
|-weather|Sandstorm|[upkeep]
|-damage|p2b: Milotic|29/100 brn|[from] Sandstorm
|-damage|p1b: Sinistcha|83/100|[from] Sandstorm
|-damage|p2a: Sinistcha|93/100|[from] Sandstorm
|-heal|p2b: Milotic|35/100 brn|[from] item: Leftovers
|-damage|p2b: Milotic|29/100 brn|[from] brn
|upkeep
|turn|8
|
|t:|1784726050
|switch|p2a: Incineroar|Incineroar, L50, F|26/100
|-ability|p2a: Incineroar|Intimidate|boost
|-unboost|p1a: Tyranitar|atk|1
|-unboost|p1b: Sinistcha|atk|1
|detailschange|p1a: Tyranitar|Tyranitar-Mega, L50, F
|-mega|p1a: Tyranitar|Tyranitar|Tyranitarite
|move|p1b: Sinistcha|Rage Powder|p1b: Sinistcha
|-singleturn|p1b: Sinistcha|move: Rage Powder
|move|p1a: Tyranitar|Rock Slide|p2b: Milotic|[spread] p2a,p2b
|-supereffective|p2a: Incineroar|1
|-damage|p2a: Incineroar|0 fnt
|-damage|p2b: Milotic|17/100 brn
|faint|p2a: Incineroar
|cant|p2b: Milotic|flinch
|
|-weather|Sandstorm|[upkeep]
|-damage|p2b: Milotic|11/100 brn|[from] Sandstorm
|-damage|p1b: Sinistcha|77/100|[from] Sandstorm
|-heal|p2b: Milotic|17/100 brn|[from] item: Leftovers
|-damage|p2b: Milotic|11/100 brn|[from] brn
|upkeep
|
|t:|1784726058
|switch|p2a: Mawile|Mawile, L50, F|100/100
|turn|9
|
|t:|1784726081
|switch|p1a: Milotic|Milotic, L50, F|52/100
|detailschange|p2a: Mawile|Mawile-Mega, L50, F
|-mega|p2a: Mawile|Mawile|Mawilite
|move|p2b: Milotic|Hypnosis|p1a: Milotic
|-status|p1a: Milotic|slp|[from] move: Hypnosis
|move|p1b: Sinistcha|Matcha Gotcha|p2b: Milotic|[spread] p2a,p2b
|-resisted|p2a: Mawile|1
|-supereffective|p2b: Milotic|1
|-damage|p2a: Mawile|87/100
|-heal|p1b: Sinistcha|83/100|[from] drain|[of] p2a: Mawile
|-damage|p2b: Milotic|0 fnt
|-heal|p1b: Sinistcha|90/100|[from] drain|[of] p2b: Milotic
|faint|p2b: Milotic
|move|p2a: Mawile|Swords Dance|p2a: Mawile
|-boost|p2a: Mawile|atk|2
|
|-weather|Sandstorm|[upkeep]
|-damage|p1a: Milotic|45/100 slp|[from] Sandstorm
|-damage|p1b: Sinistcha|84/100|[from] Sandstorm
|-heal|p1a: Milotic|52/100 slp|[from] item: Leftovers
|upkeep
|
|t:|1784726100
|switch|p2b: Sinistcha|Sinistcha, L50|93/100
|-heal|p2a: Mawile|100/100|[from] ability: Hospitality|[of] p2b: Sinistcha
|turn|10
|
|t:|1784726118
|move|p1b: Sinistcha|Rage Powder|p1b: Sinistcha
|-singleturn|p1b: Sinistcha|move: Rage Powder
|cant|p1a: Milotic|slp
|move|p2b: Sinistcha|Matcha Gotcha|p1a: Milotic|[spread] p1a,p1b
|-supereffective|p1a: Milotic|1
|-resisted|p1b: Sinistcha|1
|-damage|p1a: Milotic|19/100 slp
|-heal|p2b: Sinistcha|100/100|[from] drain|[of] p1a: Milotic
|-damage|p1b: Sinistcha|72/100
|move|p2a: Mawile|Play Rough|p1b: Sinistcha
|-damage|p1b: Sinistcha|0 fnt
|faint|p1b: Sinistcha
|
|-weather|Sandstorm|[upkeep]
|-damage|p1a: Milotic|13/100 slp|[from] Sandstorm
|-damage|p2b: Sinistcha|93/100|[from] Sandstorm
|-heal|p1a: Milotic|19/100 slp|[from] item: Leftovers
|upkeep
|
|t:|1784726130
|switch|p1b: Excadrill|Excadrill, L50, M|100/100
|turn|11
|
|t:|1784726138
|move|p1b: Excadrill|Protect|p1b: Excadrill
|-singleturn|p1b: Excadrill|Protect
|move|p2a: Mawile|Protect|p2a: Mawile
|-singleturn|p2a: Mawile|Protect
|cant|p1a: Milotic|slp
|move|p2b: Sinistcha|Matcha Gotcha|p1a: Milotic|[spread] p1a
|-activate|p1b: Excadrill|move: Protect
|-supereffective|p1a: Milotic|1
|-damage|p1a: Milotic|0 fnt
|-heal|p2b: Sinistcha|100/100|[from] drain|[of] p1a: Milotic
|faint|p1a: Milotic
|
|-weather|none
|upkeep
|
|t:|1784726145
|switch|p1a: Tyranitar|Tyranitar-Mega, L50, F|70/100
|-weather|Sandstorm|[from] ability: Sand Stream|[of] p1a: Tyranitar
|turn|12
|
|t:|1784726165
|move|p2b: Sinistcha|Rage Powder|p2b: Sinistcha
|-singleturn|p2b: Sinistcha|move: Rage Powder
|move|p1b: Excadrill|Earthquake|p2a: Mawile|[spread] p1a,p2a,p2b
|-supereffective|p1a: Tyranitar|1
|-supereffective|p2a: Mawile|1
|-resisted|p2b: Sinistcha|1
|-damage|p1a: Tyranitar|14/100
|-damage|p2a: Mawile|23/100
|-damage|p2b: Sinistcha|82/100
|move|p1a: Tyranitar|Knock Off|p2b: Sinistcha
|-supereffective|p2b: Sinistcha|1
|-damage|p2b: Sinistcha|0 fnt
|-enditem|p2b: Sinistcha|Kasib Berry|[from] move: Knock Off|[of] p1a: Tyranitar
|faint|p2b: Sinistcha
|move|p2a: Mawile|Play Rough|p1b: Excadrill
|-resisted|p1b: Excadrill|1
|-enditem|p1b: Excadrill|Focus Sash
|-damage|p1b: Excadrill|1/100
|
|-weather|Sandstorm|[upkeep]
|upkeep
|turn|13
|
|t:|1784726184
|move|p2a: Mawile|Protect|p2a: Mawile
|-singleturn|p2a: Mawile|Protect
|move|p1b: Excadrill|Iron Head|p2a: Mawile
|-activate|p2a: Mawile|move: Protect
|move|p1a: Tyranitar|High Horsepower|p2a: Mawile
|-activate|p2a: Mawile|move: Protect
|
|-weather|Sandstorm|[upkeep]
|upkeep
|turn|14
|
|t:|1784726225
|move|p2a: Mawile|Sucker Punch|p1b: Excadrill
|-crit|p1b: Excadrill
|-damage|p1b: Excadrill|0 fnt
|faint|p1b: Excadrill
|move|p1a: Tyranitar|High Horsepower|p2a: Mawile
|-supereffective|p2a: Mawile|1
|-damage|p2a: Mawile|0 fnt
|faint|p2a: Mawile
|
|win|Ray Magini
||Ray Magini is ready for game 2.
|inactive|OssiGT has 30 seconds to confirm battle start!
|inactive|OssiGT has 20 seconds to confirm battle start!
||OssiGT is ready for game 2.
|uhtml|next|Next: Game 2 of 3
|l|☆OssiGT
|player|p2|
