|j|☆pawmifleet
|j|☆Elju
|html|pawmifleetElju    
|uhtml|bestof|Game 1 of a best-of-3
|t:|1784121292
|gametype|doubles
|player|p1|pawmifleet|fisherman-gen4|1171
|player|p2|Elju|170|1235
|gen|9
|tier|[Gen 9 Champions] VGC 2026 Reg M-B (Bo3)
|rated|
|rule|Species Clause: Limit one of each Pokémon
|rule|Item Clause: Limit 1 of each item
|clearpoke
|poke|p1|Incineroar, L50, M|
|poke|p1|Venusaur, L50, M|
|poke|p1|Charizard, L50, M|
|poke|p1|Garchomp, L50, M|
|poke|p1|Toxapex, L50, M|
|poke|p1|Annihilape, L50, F|
|poke|p2|Floette-Eternal, L50, F|
|poke|p2|Ceruledge, L50, M|
|poke|p2|Milotic, L50, M|
|poke|p2|Grimmsnarl, L50, M|
|poke|p2|Wyrdeer, L50, F|
|poke|p2|Gholdengo, L50|
|teampreview|4
|showteam|p1|Incineroar||SitrusBerry|Intimidate|FakeOut,ThroatChop,FlareBlitz,PartingShot|Impish||M|||50|]Venusaur||LifeOrb|Chlorophyll|SolarBeam,SludgeBomb,EarthPower,Protect|Modest||M|||50|]Charizard||CharizarditeY|Blaze|HeatWave,WeatherBall,HelpingHand,Protect|Modest||M|||50|]Garchomp||ChoiceScarf|RoughSkin|DragonClaw,Earthquake,RockSlide,StompingTantrum|Adamant||M|||50|]Toxapex||Leftovers|Regenerator|Infestation,Toxic,BanefulBunker,WideGuard|Bold||M|||50|]Annihilape||FocusSash|Defiant|PhantomForce,CloseCombat,RockTomb,Protect|Jolly||F|||50|
|showteam|p2|Floette-Eternal||Floettite|FlowerVeil|Moonblast,DazzlingGleam,CalmMind,Protect|Modest||F|||50|]Ceruledge||Charcoal|FlashFire|BitterBlade,ShadowSneak,BulkUp,Protect|Adamant||M|||50|]Milotic||Leftovers|Competitive|MuddyWater,Hypnosis,Recover,Coil|Calm||M|||50|]Grimmsnarl||LightClay|Prankster|FakeOut,Reflect,LightScreen,PartingShot|Impish||M|||50|]Wyrdeer||ColburBerry|Intimidate|TrickRoom,Gravity,Hypnosis,PsyshieldBash|Adamant||F|||50|]Gholdengo||SitrusBerry|GoodasGold|ShadowBall,MakeItRain,NastyPlot,Protect|Modest|||||50|
|inactive|Battle timer is ON: inactive players will automatically lose when time's up. (requested by pawmifleet)
|inactive|pawmifleet has 60 seconds left.
|inactive|Elju has 60 seconds left.
|inactive|Elju has 30 seconds left.
|inactive|Elju has 20 seconds left.
|
|t:|1784121363
|teamsize|p1|4
|teamsize|p2|4
|start
|switch|p1a: Venusaur|Venusaur, L50, M|100/100
|switch|p1b: Charizard|Charizard, L50, M|100/100
|switch|p2a: Grimmsnarl|Grimmsnarl, L50, M|100/100
|switch|p2b: Wyrdeer|Wyrdeer, L50, F|100/100
|-ability|p2b: Wyrdeer|Intimidate|boost
|-unboost|p1a: Venusaur|atk|1
|-unboost|p1b: Charizard|atk|1
|turn|1
|
|t:|1784121386
|detailschange|p1b: Charizard|Charizard-Mega-Y, L50, M
|-mega|p1b: Charizard|Charizard|Charizardite Y
|-weather|SunnyDay|[from] ability: Drought|[of] p1b: Charizard
|move|p1b: Charizard|Helping Hand|p1a: Venusaur
|-singleturn|p1a: Venusaur|Helping Hand|[of] p1b: Charizard
|move|p2a: Grimmsnarl|Fake Out|p1b: Charizard
|-damage|p1b: Charizard|89/100
|move|p1a: Venusaur|Sludge Bomb|p2b: Wyrdeer
|-damage|p2b: Wyrdeer|18/100
|-damage|p1a: Venusaur|90/100|[from] item: Life Orb
|move|p2b: Wyrdeer|Trick Room|p2b: Wyrdeer
|-fieldstart|move: Trick Room|[of] p2b: Wyrdeer
|
|-weather|SunnyDay|[upkeep]
|upkeep
|turn|2
|inactive|Elju has 30 seconds left.
|
|t:|1784121413
|move|p2a: Grimmsnarl|Light Screen|p2a: Grimmsnarl
|-sidestart|p2: Elju|move: Light Screen
|move|p2b: Wyrdeer|Gravity|p2b: Wyrdeer
|-fieldstart|move: Gravity
|move|p1b: Charizard|Heat Wave|p2a: Grimmsnarl|[spread] p2a,p2b
|-damage|p2a: Grimmsnarl|58/100
|-damage|p2b: Wyrdeer|0 fnt
|faint|p2b: Wyrdeer
|move|p1a: Venusaur|Sludge Bomb|p2a: Grimmsnarl
|-supereffective|p2a: Grimmsnarl|1
|-damage|p2a: Grimmsnarl|0 fnt
|faint|p2a: Grimmsnarl
|-damage|p1a: Venusaur|80/100|[from] item: Life Orb
|
|-weather|SunnyDay|[upkeep]
|upkeep
|
|t:|1784121418
|switch|p2a: Floette|Floette-Eternal, L50, F|100/100
|switch|p2b: Ceruledge|Ceruledge, L50, M|100/100
|turn|3
|
|t:|1784121435
|switch|p1a: Garchomp|Garchomp, L50, M|100/100
|detailschange|p2a: Floette|Floette-Mega, L50, F
|-mega|p2a: Floette|Floette|Floettite
|-ability|p2a: Floette|Fairy Aura
|move|p2b: Ceruledge|Bulk Up|p2b: Ceruledge
|-boost|p2b: Ceruledge|atk|1
|-boost|p2b: Ceruledge|def|1
|move|p1b: Charizard|Weather Ball|p2a: Floette
|-damage|p2a: Floette|50/100g
|move|p2a: Floette|Calm Mind|p2a: Floette
|-boost|p2a: Floette|spa|1
|-boost|p2a: Floette|spd|1
|
|-weather|SunnyDay|[upkeep]
|upkeep
|turn|4
|inactive|Elju has 30 seconds left.
|
|t:|1784121466
|move|p2b: Ceruledge|Bitter Blade|p1b: Charizard
|-resisted|p1b: Charizard|1
|-damage|p1b: Charizard|28/100
|move|p1b: Charizard|Weather Ball|p2a: Floette
|-damage|p2a: Floette|17/100
|move|p2a: Floette|Dazzling Gleam|p1a: Garchomp|[spread] p1a,p1b
|-supereffective|p1a: Garchomp|1
|-resisted|p1b: Charizard|1
|-damage|p1a: Garchomp|0 fnt
|-damage|p1b: Charizard|0 fnt
|faint|p1a: Garchomp
|faint|p1b: Charizard
|
|-weather|SunnyDay|[upkeep]
|upkeep
|
|t:|1784121476
|switch|p1b: Annihilape|Annihilape, L50, F|100/100
|switch|p1a: Venusaur|Venusaur, L50, M|80/100
|turn|5
|
|t:|1784121501
|move|p2a: Floette|Protect|p2a: Floette
|-singleturn|p2a: Floette|Protect
|move|p1b: Annihilape|Protect|p1b: Annihilape
|-singleturn|p1b: Annihilape|Protect
|move|p1a: Venusaur|Protect|p1a: Venusaur
|-singleturn|p1a: Venusaur|Protect
|move|p2b: Ceruledge|Bitter Blade|p1b: Annihilape
|-activate|p1b: Annihilape|move: Protect
|
|-weather|none
|-fieldend|move: Trick Room
|upkeep
|turn|6
|inactive|pawmifleet has 30 seconds left.
|inactive|pawmifleet has 20 seconds left.
|
|t:|1784121536
|move|p1b: Annihilape|Protect||[still]
|-fail|p1b: Annihilape
|move|p2b: Ceruledge|Shadow Sneak|p1a: Venusaur
|-damage|p1a: Venusaur|34/100
|move|p2a: Floette|Dazzling Gleam|p1a: Venusaur|[spread] p1a,p1b
|-resisted|p1a: Venusaur|1
|-supereffective|p1b: Annihilape|1
|-damage|p1a: Venusaur|0 fnt
|-enditem|p1b: Annihilape|Focus Sash
|-damage|p1b: Annihilape|1/100
|faint|p1a: Venusaur
|
|-fieldend|move: Gravity
|upkeep
|turn|7
|
|t:|1784121549
|move|p2b: Ceruledge|Shadow Sneak|p1b: Annihilape
|-supereffective|p1b: Annihilape|1
|-crit|p1b: Annihilape
|-damage|p1b: Annihilape|0 fnt
|faint|p1b: Annihilape
|
|win|Elju
