|j|☆MetaknightXIII
|j|☆tedidn
|html|MetaknightXIIItedidn    
|uhtml|bestof|Game 2 of a best-of-3
|t:|1785648320
|gametype|doubles
|player|p1|MetaknightXIII|veteran|1287
|player|p2|tedidn|marshal|1514
|gen|9
|tier|[Gen 9 Champions] VGC 2026 Reg M-B (Bo3)
|rated|
|rule|Species Clause: Limit one of each Pokémon
|rule|Item Clause: Limit 1 of each item
|clearpoke
|poke|p1|Staraptor, L50, M|
|poke|p1|Delphox, L50, M, shiny|
|poke|p1|Glimmora, L50, M|
|poke|p1|Mamoswine, L50, M|
|poke|p1|Kingambit, L50, M|
|poke|p1|Whimsicott, L50, M|
|poke|p2|Floette-Eternal, L50, F|
|poke|p2|Whimsicott, L50, M|
|poke|p2|Basculegion, L50, M|
|poke|p2|Kingambit, L50, M|
|poke|p2|Arcanine-Hisui, L50, F|
|poke|p2|Dragonite, L50, F|
|teampreview|4
|showteam|p1|Staraptor||Staraptite|Intimidate|CloseCombat,DualWingbeat,Roost,Protect|Jolly||M|||50|]Delphox||Delphoxite|Blaze|HeatWave,Psyshock,Substitute,Protect|Modest||M|||50|]Glimmora||FocusSash|ToxicDebris|PowerGem,SludgeBomb,EarthPower,SpikyShield|Timid||M|||50|]Mamoswine||LifeOrb|Oblivious|IceShard,HighHorsepower,Earthquake,Protect|Jolly||M|||50|]Kingambit||ShucaBerry|Defiant|KowtowCleave,SuckerPunch,IronHead,LowKick|Adamant||M|||50|]Whimsicott||OccaBerry|Prankster|Moonblast,Tailwind,Charm,LightScreen|Timid||M|||50|
|showteam|p2|Floette-Eternal||Floettite|FlowerVeil|DazzlingGleam,Moonblast,LightofRuin,Protect|Modest||F|||50|]Whimsicott||FocusSash|Prankster|Moonblast,Tailwind,Encore,Protect|Timid||M|||50|]Basculegion||ChoiceScarf|Adaptability|WaveCrash,AquaJet,FlipTurn,LastRespects|Jolly||M|||50|]Kingambit||BlackGlasses|Defiant|KowtowCleave,SuckerPunch,IronHead,Protect|Adamant||M|||50|]Arcanine-Hisui||SitrusBerry|RockHead|FlareBlitz,RockSlide,HeadSmash,Protect|Jolly||F|||50|]Dragonite||DragonFang|InnerFocus|DragonClaw,ExtremeSpeed,LowKick,Protect|Adamant||F|||50|
|inactive|Battle timer is ON: inactive players will automatically lose when time's up. (requested by tedidn)
|inactive|MetaknightXIII has 60 seconds left.
|inactive|MetaknightXIII has 30 seconds left.
|
|t:|1785648386
|teamsize|p1|4
|teamsize|p2|4
|start
|switch|p1a: Whimsicott|Whimsicott, L50, M|100/100
|switch|p1b: Delphox|Delphox, L50, M, shiny|100/100
|switch|p2a: Floette|Floette-Eternal, L50, F|100/100
|switch|p2b: Whimsicott|Whimsicott, L50, M|100/100
|turn|1
|
|t:|1785648398
|detailschange|p1b: Delphox|Delphox-Mega, L50, M, shiny
|-mega|p1b: Delphox|Delphox|Delphoxite
|detailschange|p2a: Floette|Floette-Mega, L50, F
|-mega|p2a: Floette|Floette|Floettite
|-ability|p2a: Floette|Fairy Aura
|move|p2b: Whimsicott|Tailwind|p2b: Whimsicott
|-sidestart|p2: tedidn|move: Tailwind
|move|p1a: Whimsicott|Tailwind|p1a: Whimsicott
|-sidestart|p1: MetaknightXIII|move: Tailwind
|move|p1b: Delphox|Substitute|p1b: Delphox
|-start|p1b: Delphox|Substitute
|-damage|p1b: Delphox|75/100
|move|p2a: Floette|Dazzling Gleam|p1b: Delphox|[spread] p1a,p1b
|-resisted|p1b: Delphox|1
|-activate|p1b: Delphox|move: Substitute|[damage]
|-damage|p1a: Whimsicott|30/100
|
|upkeep
|turn|2
|
|t:|1785648411
|move|p2b: Whimsicott|Encore|p1b: Delphox
|-start|p1b: Delphox|Encore
|move|p1a: Whimsicott|Light Screen|p1a: Whimsicott
|-sidestart|p1: MetaknightXIII|move: Light Screen
|move|p1b: Delphox|Substitute|p1b: Delphox
|-fail|p1b: Delphox|move: Substitute
|move|p2a: Floette|Dazzling Gleam|p1a: Whimsicott|[spread] p1a,p1b
|-resisted|p1b: Delphox|1
|-end|p1b: Delphox|Substitute
|-damage|p1a: Whimsicott|0 fnt
|faint|p1a: Whimsicott
|
|upkeep
|
|t:|1785648417
|switch|p1a: Glimmora|Glimmora, L50, M|100/100
|turn|3
|
|t:|1785648427
|switch|p2a: Arcanine|Arcanine-Hisui, L50, F|100/100
|move|p2b: Whimsicott|Protect|p2b: Whimsicott
|-singleturn|p2b: Whimsicott|Protect
|move|p1b: Delphox|Substitute|p1b: Delphox
|-start|p1b: Delphox|Substitute
|-damage|p1b: Delphox|50/100g
|move|p1a: Glimmora|Sludge Bomb|p2a: Arcanine
|-resisted|p2a: Arcanine|1
|-damage|p2a: Arcanine|72/100
|
|upkeep
|turn|4
|
|t:|1785648441
|switch|p1b: Kingambit|Kingambit, L50, M|100/100
|move|p1a: Glimmora|Spiky Shield|p1a: Glimmora
|-singleturn|p1a: Glimmora|move: Protect
|move|p2b: Whimsicott|Encore|p1a: Glimmora
|-activate|p1a: Glimmora|move: Protect
|move|p2a: Arcanine|Rock Slide|p1b: Kingambit|[spread] 
|-activate|p1a: Glimmora|move: Protect
|-miss|p2a: Arcanine|p1b: Kingambit
|
|-sideend|p2: tedidn|move: Tailwind
|-sideend|p1: MetaknightXIII|move: Tailwind
|upkeep
|turn|5
|
|t:|1785648464
|move|p2b: Whimsicott|Encore|p1a: Glimmora
|-start|p1a: Glimmora|Encore
|move|p1a: Glimmora|Spiky Shield||[still]
|-fail|p1a: Glimmora
|move|p2a: Arcanine|Flare Blitz|p1b: Kingambit
|-supereffective|p1b: Kingambit|1
|-damage|p1b: Kingambit|0 fnt
|faint|p1b: Kingambit
|
|upkeep
|-message|MetaknightXIII forfeited.
|
|win|tedidn
|raw|MetaknightXIII's rating: 1287 → 1276(-11 for losing)
|raw|tedidn's rating: 1514 → 1523(+9 for winning)
|l|☆MetaknightXIII
|player|p1|
