|j|☆Fit of rage
|j|☆RoadToWorlds44
|html|Fit of rageRoadToWorlds44    
|uhtml|bestof|Game 2 of a best-of-3
|t:|1756389118
|gametype|doubles
|player|p1|Fit of rage|blackbelt-gen4dp|1211
|player|p2|RoadToWorlds44|266|1211
|gen|9
|tier|[Gen 9] VGC 2025 Reg H (Bo3)
|rated|
|rule|Species Clause: Limit one of each Pokémon
|rule|Item Clause: Limit 1 of each item
|clearpoke
|poke|p1|Greninja-*, L50, M|
|poke|p1|Pelipper, L50, M|
|poke|p1|Archaludon, L50, M|
|poke|p1|Maushold-Four, L50|
|poke|p1|Kingambit, L50, M|
|poke|p1|Annihilape, L50, F|
|poke|p2|Kingambit, L50, F|
|poke|p2|Rillaboom, L50, M|
|poke|p2|Electabuzz, L50, M|
|poke|p2|Volcarona, L50, F|
|poke|p2|Sneasler, L50, F|
|poke|p2|Dragapult, L50, F|
|teampreview|4
|showteam|p1|Greninja||LoadedDice|Torrent|WaterShuriken,Taunt,Haze,Protect|||M|||50|,,,,,Ghost]Pelipper||FocusSash|Drizzle|Hurricane,WeatherBall,WideGuard,Protect|||M|||50|,,,,,Ghost]Archaludon||AssaultVest|Stamina|ElectroShot,FlashCannon,DragonPulse,BodyPress|||M|||50|,,,,,Bug]Maushold-Four||SafetyGoggles|FriendGuard|PopulationBomb,Taunt,FollowMe,Protect||||||50|,,,,,Fairy]Kingambit||BlackBelt|Defiant|KowtowCleave,SuckerPunch,SwordsDance,Protect|||M|||50|,,,,,Dark]Annihilape||ChoiceScarf|Defiant|FinalGambit,RageFist,CloseCombat,Coaching|||F|||50|,,,,,Grass
|showteam|p2|Kingambit||BlackGlasses|Defiant|KowtowCleave,SuckerPunch,SwordsDance,Protect|||F|||50|,,,,,Dark]Rillaboom||AssaultVest|GrassySurge|WoodHammer,GrassyGlide,HighHorsepower,FakeOut|||M|||50|,,,,,Fire]Electabuzz||Eviolite|VitalSpirit|FollowMe,Thunderbolt,Taunt,Protect|||M|||50|,,,,,Ghost]Volcarona||Leftovers|FlameBody|QuiverDance,HeatWave,TeraBlast,Protect|||F|||50|,,,,,Fairy]Sneasler||FocusSash|Unburden|CloseCombat,DireClaw,FakeOut,Protect|||F|||50|,,,,,Stellar]Dragapult||ChoiceBand|ClearBody|Outrage,DragonDarts,Uturn,PhantomForce|||F|||50|,,,,,Dragon
|inactive|Battle timer is ON: inactive players will automatically lose when time's up. (requested by Fit of rage)
|inactive|Fit of rage has 60 seconds left.
|inactive|RoadToWorlds44 has 60 seconds left.
|
|t:|1756389175
|teamsize|p1|4
|teamsize|p2|4
|start
|switch|p1a: Maushold|Maushold-Four, L50|100/100
|switch|p1b: Kingambit|Kingambit, L50, M|100/100
|switch|p2a: Volcarona|Volcarona, L50, F|100/100
|switch|p2b: Electabuzz|Electabuzz, L50, M|100/100
|turn|1
|
|t:|1756389197
|move|p2b: Electabuzz|Follow Me|p2b: Electabuzz
|-singleturn|p2b: Electabuzz|move: Follow Me
|move|p2a: Volcarona|Quiver Dance|p2a: Volcarona
|-boost|p2a: Volcarona|spa|1
|-boost|p2a: Volcarona|spd|1
|-boost|p2a: Volcarona|spe|1
|move|p1a: Maushold|Taunt|p2b: Electabuzz
|-start|p2b: Electabuzz|move: Taunt
|move|p1b: Kingambit|Swords Dance|p1b: Kingambit
|-boost|p1b: Kingambit|atk|2
|
|upkeep
|turn|2
|inactive|RoadToWorlds44 has 30 seconds left.
|inactive|RoadToWorlds44 has 20 seconds left.
|inactive|RoadToWorlds44 has 15 seconds left.
|inactive|Fit of rage has 30 seconds left.
|inactive|RoadToWorlds44 has 10 seconds left.
|inactive|RoadToWorlds44 has 5 seconds left.
|
|t:|1756389247
|switch|p2b: Rillaboom|Rillaboom, L50, M|100/100
|-fieldstart|move: Grassy Terrain|[from] ability: Grassy Surge|[of] p2b: Rillaboom
|-terastallize|p2a: Volcarona|Fairy
|move|p1a: Maushold|Protect|p1a: Maushold
|-singleturn|p1a: Maushold|Protect
|move|p2a: Volcarona|Heat Wave|p1a: Maushold|[spread] p1b
|-activate|p1a: Maushold|move: Protect
|-supereffective|p1b: Kingambit
|-damage|p1b: Kingambit|19/100
|move|p1b: Kingambit|Kowtow Cleave|p2b: Rillaboom
|-damage|p2b: Rillaboom|7/100
|
|-heal|p2b: Rillaboom|13/100|[from] Grassy Terrain
|-heal|p1b: Kingambit|25/100|[from] Grassy Terrain
|upkeep
|turn|3
|inactive|Fit of rage has 30 seconds left.
|inactive|RoadToWorlds44 has 30 seconds left.
|inactive|RoadToWorlds44 has 20 seconds left.
|inactive|RoadToWorlds44 has 15 seconds left.
|inactive|RoadToWorlds44 has 10 seconds left.
|
|t:|1756389296
|move|p1b: Kingambit|Protect|p1b: Kingambit
|-singleturn|p1b: Kingambit|Protect
|move|p2b: Rillaboom|Grassy Glide|p1a: Maushold
|-damage|p1a: Maushold|62/100
|move|p2a: Volcarona|Heat Wave|p1b: Kingambit|[spread] p1a
|-activate|p1b: Kingambit|move: Protect
|-damage|p1a: Maushold|4/100
|move|p1a: Maushold|Taunt|p2a: Volcarona
|-start|p2a: Volcarona|move: Taunt
|
|-heal|p1a: Maushold|10/100|[from] Grassy Terrain
|-heal|p2b: Rillaboom|19/100|[from] Grassy Terrain
|-heal|p1b: Kingambit|31/100|[from] Grassy Terrain
|upkeep
|turn|4
|inactive|Fit of rage has 30 seconds left.
|inactive|RoadToWorlds44 has 30 seconds left.
|
|t:|1756389331
|switch|p1a: Archaludon|Archaludon, L50, M|100/100
|switch|p2b: Electabuzz|Electabuzz, L50, M|100/100
|move|p1b: Kingambit|Sucker Punch|p2a: Volcarona
|-resisted|p2a: Volcarona
|-damage|p2a: Volcarona|55/100
|move|p2a: Volcarona|Heat Wave|p1b: Kingambit|[spread] p1a,p1b
|-supereffective|p1b: Kingambit
|-damage|p1a: Archaludon|56/100
|-damage|p1b: Kingambit|0 fnt
|-ability|p1a: Archaludon|Stamina|boost
|-boost|p1a: Archaludon|def|1
|faint|p1b: Kingambit
|
|-heal|p2a: Volcarona|61/100|[from] Grassy Terrain
|-heal|p2a: Volcarona|68/100|[from] item: Leftovers
|-heal|p1a: Archaludon|62/100|[from] Grassy Terrain
|upkeep
|
|t:|1756389351
|switch|p1b: Greninja|Greninja, L50, M|100/100
|turn|5
|inactive|RoadToWorlds44 has 30 seconds left.
|inactive|RoadToWorlds44 has 20 seconds left.
|inactive|RoadToWorlds44 has 15 seconds left.
|
|t:|1756389399
|move|p2b: Electabuzz|Protect|p2b: Electabuzz
|-singleturn|p2b: Electabuzz|Protect
|move|p2a: Volcarona|Tera Blast|p1b: Greninja|[anim] Tera Blast Fairy
|-supereffective|p1b: Greninja
|-damage|p1b: Greninja|0 fnt
|faint|p1b: Greninja
|move|p1a: Archaludon|Flash Cannon|p2a: Volcarona
|-supereffective|p2a: Volcarona
|-damage|p2a: Volcarona|21/100
|
|-heal|p2a: Volcarona|27/100|[from] Grassy Terrain
|-heal|p2a: Volcarona|33/100|[from] item: Leftovers
|-heal|p1a: Archaludon|69/100|[from] Grassy Terrain
|upkeep
|
|t:|1756389413
|switch|p1b: Maushold|Maushold-Four, L50|10/100
|turn|6
|
|t:|1756389423
|move|p1b: Maushold|Protect|p1b: Maushold
|-singleturn|p1b: Maushold|Protect
|move|p2b: Electabuzz|Follow Me|p2b: Electabuzz
|-singleturn|p2b: Electabuzz|move: Follow Me
|move|p2a: Volcarona|Heat Wave|p1b: Maushold|[spread] p1a
|-activate|p1b: Maushold|move: Protect
|-damage|p1a: Archaludon|33/100
|-ability|p1a: Archaludon|Stamina|boost
|-boost|p1a: Archaludon|def|1
|move|p1a: Archaludon|Flash Cannon|p2b: Electabuzz
|-resisted|p2b: Electabuzz
|-damage|p2b: Electabuzz|86/100
|
|-heal|p2a: Volcarona|40/100|[from] Grassy Terrain
|-heal|p2a: Volcarona|46/100|[from] item: Leftovers
|-heal|p2b: Electabuzz|92/100|[from] Grassy Terrain
|-heal|p1b: Maushold|16/100|[from] Grassy Terrain
|-heal|p1a: Archaludon|39/100|[from] Grassy Terrain
|-end|p2a: Volcarona|move: Taunt
|-fieldend|move: Grassy Terrain
|upkeep
|turn|7
|inactive|RoadToWorlds44 has 30 seconds left.
|
|t:|1756389452
|move|p2b: Electabuzz|Follow Me|p2b: Electabuzz
|-singleturn|p2b: Electabuzz|move: Follow Me
|move|p2a: Volcarona|Heat Wave|p1a: Archaludon|[spread] p1a,p1b
|-damage|p1a: Archaludon|4/100
|-damage|p1b: Maushold|0 fnt
|-ability|p1a: Archaludon|Stamina|boost
|-boost|p1a: Archaludon|def|1
|faint|p1b: Maushold
|move|p1a: Archaludon|Body Press|p2b: Electabuzz
|-damage|p2b: Electabuzz|49/100
|
|-heal|p2a: Volcarona|52/100|[from] item: Leftovers
|upkeep
|turn|8
|
|t:|1756389465
|move|p2a: Volcarona|Tera Blast|p1a: Archaludon|[anim] Tera Blast Fairy
|-damage|p1a: Archaludon|0 fnt
|faint|p1a: Archaludon
|
|win|RoadToWorlds44
||Fit of rage is ready for game 3.
