|j|☆ufhednarvgc
|j|☆Professor_J93
|html|ufhednarvgcProfessor_J93    
|uhtml|bestof|Game 1 of a best-of-3
|t:|1785433460
|gametype|doubles
|player|p1|ufhednarvgc|lance|1255
|player|p2|Professor_J93|n|1327
|gen|9
|tier|[Gen 9 Champions] VGC 2026 Reg M-B (Bo3)
|rated|
|rule|Species Clause: Limit one of each Pokémon
|rule|Item Clause: Limit 1 of each item
|clearpoke
|poke|p1|Whimsicott, L50, F|
|poke|p1|Garchomp, L50, F|
|poke|p1|Raichu, L50, M|
|poke|p1|Basculegion, L50, M|
|poke|p1|Kingambit, L50, F|
|poke|p1|Froslass, L50, F|
|poke|p2|Staraptor, L50, M|
|poke|p2|Glimmora, L50, F|
|poke|p2|Whimsicott, L50, F|
|poke|p2|Chandelure, L50, F|
|poke|p2|Mamoswine, L50, M|
|poke|p2|Kingambit, L50, F|
|teampreview|4
|showteam|p1|Whimsicott||FocusSash|Prankster|Moonblast,Encore,Tailwind,Protect|Timid||F|||50|]Garchomp||LifeOrb|RoughSkin|DragonClaw,Earthquake,RockSlide,Protect|Jolly||F|||50|]Raichu||RaichuniteY|Static|FakeOut,ZapCannon,FocusBlast,Protect|Timid||M|||50|]Basculegion||ChoiceScarf|Adaptability|LastRespects,WaveCrash,FlipTurn,AquaJet|Adamant||M|||50|]Kingambit||BlackGlasses|Defiant|KowtowCleave,SuckerPunch,SwordsDance,Protect|Adamant||F|||50|]Froslass||Froslassite|SnowCloak|Blizzard,ShadowBall,AuroraVeil,Protect|Timid||F|||50|
|showteam|p2|Staraptor||Staraptite|Intimidate|CloseCombat,BraveBird,Roost,Protect|Jolly||M|||50|]Glimmora||FocusSash|ToxicDebris|PowerGem,SludgeBomb,EarthPower,SpikyShield|Timid||F|||50|]Whimsicott||OccaBerry|Prankster|Moonblast,Tailwind,Charm,LightScreen|Timid||F|||50|]Chandelure||Chandelurite|FlashFire|HeatWave,ShadowBall,TrickRoom,Protect|Timid||F|||50|]Mamoswine||LifeOrb|Oblivious|IcicleCrash,IceShard,Earthquake,Protect|Adamant||M|||50|]Kingambit||ChopleBerry|Defiant|KowtowCleave,SuckerPunch,IronHead,LowKick|Adamant||F|||50|
|
|t:|1785433499
|teamsize|p1|4
|teamsize|p2|4
|start
|switch|p1a: Raichu|Raichu, L50, M|100/100
|switch|p1b: Kingambit|Kingambit, L50, F|100/100
|switch|p2a: Staraptor|Staraptor, L50, M|100/100
|switch|p2b: Whimsicott|Whimsicott, L50, F|100/100
|-ability|p2a: Staraptor|Intimidate|boost
|-unboost|p1a: Raichu|atk|1
|-unboost|p1b: Kingambit|atk|1
|-ability|p1b: Kingambit|Defiant|boost
|-boost|p1b: Kingambit|atk|2
|turn|1
|
|t:|1785433515
|detailschange|p2a: Staraptor|Staraptor-Mega, L50, M
|-mega|p2a: Staraptor|Staraptor|Staraptite
|detailschange|p1a: Raichu|Raichu-Mega-Y, L50, M
|-mega|p1a: Raichu|Raichu|Raichunite Y
|move|p1a: Raichu|Fake Out|p2a: Staraptor
|-crit|p2a: Staraptor
|-damage|p2a: Staraptor|85/100
|move|p2b: Whimsicott|Tailwind|p2b: Whimsicott
|-sidestart|p2: Professor_J93|move: Tailwind
|cant|p2a: Staraptor|flinch
|move|p1b: Kingambit|Swords Dance|p1b: Kingambit
|-boost|p1b: Kingambit|atk|2
|
|upkeep
|turn|2
|
|t:|1785433532
|move|p2b: Whimsicott|Charm|p2a: Staraptor
|-boost|p2a: Staraptor|atk|2
|move|p1b: Kingambit|Sucker Punch|p2a: Staraptor
|-resisted|p2a: Staraptor|1
|-damage|p2a: Staraptor|23/100
|move|p2a: Staraptor|Close Combat|p1a: Raichu
|-damage|p1a: Raichu|0 fnt
|-boost|p2a: Staraptor|def|1
|-boost|p2a: Staraptor|spd|1
|faint|p1a: Raichu
|
|upkeep
|
|t:|1785433541
|switch|p1a: Basculegion|Basculegion, L50, M|100/100
|turn|3
|
|t:|1785433549
|switch|p2b: Pork|Mamoswine, L50, M|100/100
|move|p1b: Kingambit|Sucker Punch||[still]
|-fail|p1b: Kingambit
|move|p2a: Staraptor|Roost|p2a: Staraptor
|-heal|p2a: Staraptor|73/100
|-singleturn|p2a: Staraptor|move: Roost
|move|p1a: Basculegion|Last Respects|p2b: Pork
|-damage|p2b: Pork|22/100
|
|upkeep
|turn|4
|
|t:|1785433567
|move|p2a: Staraptor|Protect|p2a: Staraptor
|-singleturn|p2a: Staraptor|Protect
|move|p1b: Kingambit|Protect|p1b: Kingambit
|-singleturn|p1b: Kingambit|Protect
|move|p2b: Pork|Earthquake|p1b: Kingambit|[spread] p1a
|-activate|p2a: Staraptor|move: Protect
|-activate|p1b: Kingambit|move: Protect
|-damage|p1a: Basculegion|34/100
|-damage|p2b: Pork|13/100|[from] item: Life Orb
|move|p1a: Basculegion|Last Respects|p2b: Pork
|-damage|p2b: Pork|0 fnt
|faint|p2b: Pork
|
|-sideend|p2: Professor_J93|move: Tailwind
|upkeep
|
|t:|1785433581
|switch|p2b: Whimsicott|Whimsicott, L50, F|100/100
|turn|5
|
|t:|1785433590
|move|p2b: Whimsicott|Tailwind|p2b: Whimsicott
|-sidestart|p2: Professor_J93|move: Tailwind
|move|p1b: Kingambit|Sucker Punch|p2a: Staraptor
|-resisted|p2a: Staraptor|1
|-damage|p2a: Staraptor|33/100
|move|p2a: Staraptor|Brave Bird|p1a: Basculegion
|-damage|p1a: Basculegion|0 fnt
|faint|p1a: Basculegion
|-damage|p2a: Staraptor|20/100y|[from] Recoil
|
|upkeep
|
|t:|1785433600
|switch|p1a: Garchomp|Garchomp, L50, F|100/100
|turn|6
|
|t:|1785433611
|move|p2b: Whimsicott|Charm|p1a: Garchomp
|-unboost|p1a: Garchomp|atk|2
|move|p2a: Staraptor|Roost|p2a: Staraptor
|-heal|p2a: Staraptor|70/100
|-singleturn|p2a: Staraptor|move: Roost
|move|p1a: Garchomp|Rock Slide|p2b: Whimsicott|[spread] p2b
|-miss|p1a: Garchomp|p2a: Staraptor
|-damage|p2b: Whimsicott|84/100
|-damage|p1a: Garchomp|90/100|[from] item: Life Orb
|move|p1b: Kingambit|Kowtow Cleave|p2b: Whimsicott
|-resisted|p2b: Whimsicott|1
|-damage|p2b: Whimsicott|1/100
|
|upkeep
|turn|7
|-message|ufhednarvgc forfeited.
|
|win|Professor_J93
|l|☆ufhednarvgc
|player|p1|
||ufhednarvgc is ready for game 2.
||Professor_J93 is ready for game 2.
|uhtml|next|Next: Game 2 of 3
|j|☆ufhednarvgc
|player|p1|ufhednarvgc|lance|
