|j|☆skasdas
|j|☆hkbeaglee
|html|skasdashkbeaglee    
|uhtml|bestof|Game 2 of a best-of-3
|t:|1757230751
|gametype|doubles
|player|p1|skasdas|lucas|1024
|player|p2|hkbeaglee|169|1075
|gen|9
|tier|[Gen 9] VGC 2025 Reg H (Bo3)
|rated|
|rule|Species Clause: Limit one of each Pokémon
|rule|Item Clause: Limit 1 of each item
|clearpoke
|poke|p1|Charizard, L50, M|
|poke|p1|Torkoal, L50, F|
|poke|p1|Pawmot, L50, F|
|poke|p1|Leafeon, L50, M|
|poke|p1|Rillaboom, L50, F|
|poke|p1|Typhlosion-Hisui, L50, M|
|poke|p2|Drifblim, L50, F|
|poke|p2|Hydreigon, L50, F|
|poke|p2|Indeedee, L50, M|
|poke|p2|Sneasler, L50, M|
|poke|p2|Dragapult, L50, F|
|poke|p2|Volcarona, L50, F|
|teampreview|4
|showteam|p1|Charizard||LifeOrb|SolarPower|HeatWave,SolarBeam,AirSlash,DragonPulse|||M|||50|,,,,,Fire]Torkoal||EjectButton|Drought|GyroBall,HelpingHand,WillOWisp,EarthPower|||F|||50|,,,,,Fire]Pawmot||ChoiceBand|IronFist|CloseCombat,DoubleShock,VoltSwitch,IcePunch|||F|||50|,,,,,Electric]Leafeon||CovertCloak|Chlorophyll|SunnyDay,SwordsDance,LeafBlade,TeraBlast|||M|||50|,,,,,Grass]Rillaboom||AssaultVest|GrassySurge|FakeOut,GrassyGlide,Uturn,HighHorsepower|||F|||50|,,,,,Grass]Typhlosion-Hisui||Charcoal|Blaze|Eruption,HeatWave,ShadowBall,Protect|||M|||50|,,,,,Fire
|showteam|p2|Drifblim||PsychicSeed|Unburden|Acrobatics,WillOWisp,SunnyDay,Tailwind|||F|||50|,,,,,Grass]Hydreigon||AssaultVest|Levitate|DarkPulse,DracoMeteor,EarthPower,Snarl|||F|||50|,,,,,Poison]Indeedee||FocusSash|PsychicSurge|ExpandingForce,TeraBlast,Imprison,TrickRoom|||M|||50|,,,,,Fighting]Sneasler||WhiteHerb|Unburden|DireClaw,CloseCombat,ThroatChop,Protect|||M|||50|,,,,,Stellar]Dragapult||ChoiceBand|ClearBody|DragonDarts,PhantomForce,TeraBlast,Uturn|||F|||50|,,,,,Ghost]Volcarona||RockyHelmet|FlameBody|Overheat,RagePowder,Protect,BugBuzz|||F|||50|,,,,,Fairy
|inactive|Battle timer is ON: inactive players will automatically lose when time's up. (requested by skasdas)
|inactive|hkbeaglee has 60 seconds left.
|
|t:|1757230874
|teamsize|p1|4
|teamsize|p2|4
|start
|switch|p1a: Pawmot|Pawmot, L50, F|100/100
|switch|p1b: Rillaboom|Rillaboom, L50, F|100/100
|switch|p2a: CZARFACE|Sneasler, L50, M|100/100
|switch|p2b: FAZERS|Dragapult, L50, F|100/100
|-fieldstart|move: Grassy Terrain|[from] ability: Grassy Surge|[of] p1b: Rillaboom
|turn|1
|inactive|hkbeaglee has 30 seconds left.
|
|t:|1757230906
|switch|p2b: VENOMOUS|Volcarona, L50, F|100/100
|switch|p1b: Torkoal|Torkoal, L50, F|100/100
|-weather|SunnyDay|[from] ability: Drought|[of] p1b: Torkoal
|-terastallize|p1a: Pawmot|Electric
|move|p2a: CZARFACE|Protect|p2a: CZARFACE
|-singleturn|p2a: CZARFACE|Protect
|move|p1a: Pawmot|Double Shock|p2b: VENOMOUS
|-damage|p2b: VENOMOUS|0 fnt
|-start|p1a: Pawmot|typechange|Electric|[from] move: Double Shock
|-damage|p1a: Pawmot|84/100|[from] item: Rocky Helmet|[of] p2b: VENOMOUS
|faint|p2b: VENOMOUS
|
|-weather|SunnyDay|[upkeep]
|-heal|p1a: Pawmot|90/100|[from] Grassy Terrain
|upkeep
|inactive|hkbeaglee has 30 seconds left.
|inactive|hkbeaglee has 20 seconds left.
|
|t:|1757230942
|switch|p2b: FAZERS|Dragapult, L50, F|100/100
|turn|2
|inactive|hkbeaglee has 30 seconds left.
|
|t:|1757230970
|-terastallize|p2b: FAZERS|Ghost
|move|p2b: FAZERS|Tera Blast|p1a: Pawmot|[anim] Tera Blast Ghost
|-damage|p1a: Pawmot|0 fnt
|faint|p1a: Pawmot
|move|p2a: CZARFACE|Dire Claw|p1b: Torkoal
|-damage|p1b: Torkoal|68/100
|-status|p1b: Torkoal|psn
|-enditem|p1b: Torkoal|Eject Button
|
|t:|1757230980
|switch|p1b: Leafeon|Leafeon, L50, M|100/100
|
|-weather|SunnyDay|[upkeep]
|upkeep
|
|t:|1757230985
|switch|p1a: Rillaboom|Rillaboom, L50, F|100/100
|turn|3
|inactive|hkbeaglee has 30 seconds left.
|
|t:|1757231017
|switch|p2a: CROSSHAIRS|Indeedee, L50, M|100/100
|-fieldstart|move: Psychic Terrain|[from] ability: Psychic Surge|[of] p2a: CROSSHAIRS
|move|p1a: Rillaboom|Fake Out|p2a: CROSSHAIRS
|-activate|p2a: CROSSHAIRS|move: Psychic Terrain
|move|p1b: Leafeon|Leaf Blade|p2b: FAZERS
|-damage|p2b: FAZERS|40/100
|move|p2b: FAZERS|Tera Blast|p1a: Rillaboom|[anim] Tera Blast Ghost
|-damage|p1a: Rillaboom|8/100
|
|-weather|SunnyDay|[upkeep]
|upkeep
|turn|4
|inactive|hkbeaglee has 30 seconds left.
|inactive|hkbeaglee has 20 seconds left.
|
|t:|1757231056
|move|p1b: Leafeon|Leaf Blade|p2b: FAZERS
|-damage|p2b: FAZERS|0 fnt
|faint|p2b: FAZERS
|move|p1a: Rillaboom|Grassy Glide|p2a: CROSSHAIRS
|-damage|p2a: CROSSHAIRS|40/100
|move|p2a: CROSSHAIRS|Expanding Force|p1b: Leafeon|[spread] p1a,p1b
|-damage|p1a: Rillaboom|0 fnt
|-damage|p1b: Leafeon|23/100
|faint|p1a: Rillaboom
|
|-weather|SunnyDay|[upkeep]
|upkeep
|
|t:|1757231075
|switch|p2b: CZARFACE|Sneasler, L50, M|100/100
|switch|p1a: Torkoal|Torkoal, L50, F|68/100 psn
|turn|5
|inactive|hkbeaglee has 30 seconds left.
|
|t:|1757231106
|move|p1a: Torkoal|Helping Hand|p1b: Leafeon
|-singleturn|p1b: Leafeon|Helping Hand|[of] p1a: Torkoal
|move|p2b: CZARFACE|Protect|p2b: CZARFACE
|-singleturn|p2b: CZARFACE|Protect
|move|p1b: Leafeon|Leaf Blade|p2b: CZARFACE
|-activate|p2b: CZARFACE|move: Protect
|move|p2a: CROSSHAIRS|Expanding Force|p1b: Leafeon|[spread] p1a,p1b
|-damage|p1a: Torkoal|20/100 psn
|-damage|p1b: Leafeon|0 fnt
|faint|p1b: Leafeon
|
|-weather|none
|-damage|p1a: Torkoal|7/100 psn|[from] psn
|upkeep
|turn|6
|-message|skasdas forfeited.
|
|win|hkbeaglee
|raw|skasdas's rating: 1024 → 1012(-12 for losing)
|raw|hkbeaglee's rating: 1075 → 1100(+25 for winning)
|l|☆skasdas
|player|p1|
|c|☆hkbeaglee|ggwp
