|j|☆JuanGuerrero09
|j|☆gangaran
|html|JuanGuerrero09gangaran    
|uhtml|bestof|Game 2 of a best-of-3
|t:|1756993629
|gametype|doubles
|player|p1|JuanGuerrero09|169|1071
|player|p2|gangaran|sage|1186
|gen|9
|tier|[Gen 9] VGC 2025 Reg H (Bo3)
|rated|
|rule|Species Clause: Limit one of each Pokémon
|rule|Item Clause: Limit 1 of each item
|clearpoke
|poke|p1|Sneasler, L50, M|
|poke|p1|Indeedee, L50, M|
|poke|p1|Whimsicott, L50, F|
|poke|p1|Ursaluna-Bloodmoon, L50, M|
|poke|p1|Archaludon, L50, F|
|poke|p1|Corviknight, L50, M|
|poke|p2|Dragonite, L50, M|
|poke|p2|Gholdengo, L50|
|poke|p2|Ursaluna-Bloodmoon, L50, M|
|poke|p2|Annihilape, L50, F|
|poke|p2|Maushold-Four, L50|
|poke|p2|Rillaboom, L50, M|
|teampreview|4
|showteam|p1|Sneasler||PsychicSeed|Unburden|Protect,DireClaw,CloseCombat,ThroatChop|||M|||50|,,,,,Dark]Indeedee||FocusSash|PsychicSurge|ExpandingForce,TeraBlast,TrickRoom,Imprison|||M|||50|,,,,,Psychic]Whimsicott||CovertCloak|Prankster|Tailwind,Taunt,FakeTears,Moonblast|||F|||50|,,,,,Water]Ursaluna-Bloodmoon||LifeOrb|MindsEye|Protect,BloodMoon,HyperVoice,EarthPower|||M|||50|,,,,,Normal]Archaludon||PowerHerb|Stalwart|Protect,ElectroShot,DragonPulse,Thunderbolt|||F|||50|,,,,,Electric]Corviknight||Leftovers|MirrorArmor|Roost,BulkUp,BraveBird,BodyPress|||M|||50|,,,,,Dragon
|showteam|p2|Dragonite||LoadedDice|Multiscale|ScaleShot,Tailwind,Haze,Protect|||M|||50|,,,,,Fairy]Gholdengo||LifeOrb|GoodasGold|MakeItRain,ShadowBall,NastyPlot,Protect||||||50|,,,,,Water]Ursaluna-Bloodmoon||AssaultVest|MindsEye|BloodMoon,EarthPower,HyperVoice,VacuumWave|||M|||50|,,,,,Water]Annihilape||SitrusBerry|Defiant|DrainPunch,RageFist,BulkUp,Protect|||F|||50|,,,,,Fire]Maushold-Four||FocusSash|FriendGuard|SuperFang,BeatUp,FollowMe,Protect||||||50|,,,,,Ghost]Rillaboom||MiracleSeed|GrassySurge|WoodHammer,GrassyGlide,HighHorsepower,FakeOut|||M|||50|,,,,,Fire
|
|t:|1756993659
|teamsize|p1|4
|teamsize|p2|4
|start
|switch|p1a: Corviknight|Corviknight, L50, M|100/100
|switch|p1b: Whimsicott|Whimsicott, L50, F|100/100
|switch|p2a: Gholdengo|Gholdengo, L50|100/100
|switch|p2b: Rillaboom|Rillaboom, L50, M|100/100
|-fieldstart|move: Grassy Terrain|[from] ability: Grassy Surge|[of] p2b: Rillaboom
|turn|1
|
|t:|1756993691
|switch|p1b: Indeedee|Indeedee, L50, M|100/100
|-fieldstart|move: Psychic Terrain|[from] ability: Psychic Surge|[of] p1b: Indeedee
|move|p2b: Rillaboom|Fake Out|p1a: Corviknight
|-hint|Psychic Terrain doesn't affect Pokémon immune to Ground.
|-resisted|p1a: Corviknight
|-damage|p1a: Corviknight|95/100
|move|p2a: Gholdengo|Nasty Plot|p2a: Gholdengo
|-boost|p2a: Gholdengo|spa|2
|cant|p1a: Corviknight|flinch
|
|-heal|p1a: Corviknight|100/100|[from] item: Leftovers
|upkeep
|turn|2
|
|t:|1756993717
|switch|p2b: Dragonite|Dragonite, L50, M|100/100
|-terastallize|p1b: Indeedee|Psychic
|move|p2a: Gholdengo|Shadow Ball|p1a: Corviknight
|-damage|p1a: Corviknight|15/100
|-damage|p2a: Gholdengo|91/100|[from] item: Life Orb
|move|p1b: Indeedee|Expanding Force|p2b: Dragonite|[spread] p2a,p2b
|-resisted|p2a: Gholdengo
|-damage|p2a: Gholdengo|48/100
|-damage|p2b: Dragonite|62/100
|move|p1a: Corviknight|Brave Bird|p2b: Dragonite
|-damage|p2b: Dragonite|22/100
|-damage|p1a: Corviknight|4/100|[from] Recoil
|
|-heal|p1a: Corviknight|10/100|[from] item: Leftovers
|upkeep
|turn|3
|
|t:|1756993768
|move|p2a: Gholdengo|Make It Rain|p1b: Indeedee|[spread] p1a,p1b
|-resisted|p1a: Corviknight
|-damage|p1a: Corviknight|0 fnt
|-enditem|p1b: Indeedee|Focus Sash
|-damage|p1b: Indeedee|1/100
|-unboost|p2a: Gholdengo|spa|1
|faint|p1a: Corviknight
|-damage|p2a: Gholdengo|38/100|[from] item: Life Orb
|move|p1b: Indeedee|Expanding Force|p2a: Gholdengo|[spread] p2a,p2b
|-resisted|p2a: Gholdengo
|-damage|p2a: Gholdengo|0 fnt
|-damage|p2b: Dragonite|0 fnt
|faint|p2a: Gholdengo
|faint|p2b: Dragonite
|
|upkeep
|
|t:|1756993782
|switch|p2a: Rillaboom|Rillaboom, L50, M|100/100
|switch|p2b: Annihilape|Annihilape, L50, F|100/100
|switch|p1a: Whimsicott|Whimsicott, L50, F|100/100
|-fieldstart|move: Grassy Terrain|[from] ability: Grassy Surge|[of] p2a: Rillaboom
|turn|4
|
|t:|1756993807
|-terastallize|p2b: Annihilape|Fire
|move|p1a: Whimsicott|Tailwind|p1a: Whimsicott
|-sidestart|p1: JuanGuerrero09|move: Tailwind
|move|p1b: Indeedee|Expanding Force|p2b: Annihilape
|-damage|p2b: Annihilape|50/100
|-enditem|p2b: Annihilape|Sitrus Berry|[eat]
|-heal|p2b: Annihilape|75/100|[from] item: Sitrus Berry
|move|p2b: Annihilape|Bulk Up|p2b: Annihilape
|-boost|p2b: Annihilape|atk|1
|-boost|p2b: Annihilape|def|1
|move|p2a: Rillaboom|Wood Hammer|p1b: Indeedee
|-damage|p1b: Indeedee|0 fnt
|faint|p1b: Indeedee
|-damage|p2a: Rillaboom|99/100|[from] Recoil
|
|-heal|p2b: Annihilape|82/100|[from] Grassy Terrain
|-heal|p2a: Rillaboom|100/100|[from] Grassy Terrain
|upkeep
|
|t:|1756993823
|switch|p1b: Ursaluna|Ursaluna-Bloodmoon, L50, M|100/100
|turn|5
|
|t:|1756993849
|move|p1b: Ursaluna|Protect|p1b: Ursaluna
|-singleturn|p1b: Ursaluna|Protect
|move|p2b: Annihilape|Protect|p2b: Annihilape
|-singleturn|p2b: Annihilape|Protect
|move|p1a: Whimsicott|Fake Tears|p2b: Annihilape
|-activate|p2b: Annihilape|move: Protect
|move|p2a: Rillaboom|Wood Hammer|p1b: Ursaluna
|-activate|p1b: Ursaluna|move: Protect
|
|-heal|p2b: Annihilape|88/100|[from] Grassy Terrain
|upkeep
|turn|6
|
|t:|1756993874
|move|p1a: Whimsicott|Fake Tears|p2b: Annihilape
|-unboost|p2b: Annihilape|spd|2
|-ability|p2b: Annihilape|Defiant|boost
|-boost|p2b: Annihilape|atk|2
|move|p1b: Ursaluna|Earth Power|p2b: Annihilape
|-supereffective|p2b: Annihilape
|-damage|p2b: Annihilape|0 fnt
|faint|p2b: Annihilape
|-damage|p1b: Ursaluna|91/100|[from] item: Life Orb
|move|p2a: Rillaboom|Wood Hammer|p1b: Ursaluna
|-supereffective|p1b: Ursaluna
|-damage|p1b: Ursaluna|0 fnt
|faint|p1b: Ursaluna
|-damage|p2a: Rillaboom|72/100|[from] Recoil
|
|-heal|p2a: Rillaboom|78/100|[from] Grassy Terrain
|upkeep
|turn|7
|
|t:|1756993889
|move|p2a: Rillaboom|Grassy Glide|p1a: Whimsicott
|-resisted|p1a: Whimsicott
|-damage|p1a: Whimsicott|74/100
|move|p1a: Whimsicott|Moonblast|p2a: Rillaboom
|-damage|p2a: Rillaboom|46/100
|
|-heal|p1a: Whimsicott|80/100|[from] Grassy Terrain
|-heal|p2a: Rillaboom|52/100|[from] Grassy Terrain
|-sideend|p1: JuanGuerrero09|move: Tailwind
|upkeep
|turn|8
|
|t:|1756993910
|move|p1a: Whimsicott|Fake Tears|p2a: Rillaboom
|-unboost|p2a: Rillaboom|spd|2
|move|p2a: Rillaboom|Wood Hammer|p1a: Whimsicott
|-resisted|p1a: Whimsicott
|-damage|p1a: Whimsicott|16/100
|-damage|p2a: Rillaboom|35/100|[from] Recoil
|
|-heal|p1a: Whimsicott|22/100|[from] Grassy Terrain
|-heal|p2a: Rillaboom|41/100|[from] Grassy Terrain
|-fieldend|move: Grassy Terrain
|upkeep
|turn|9
|
|t:|1756993919
|move|p1a: Whimsicott|Moonblast|p2a: Rillaboom
|-damage|p2a: Rillaboom|0 fnt
|faint|p2a: Rillaboom
|
|win|JuanGuerrero09
|raw|JuanGuerrero09's rating: 1071 → 1110(+39 for winning)
|raw|gangaran's rating: 1186 → 1153(-33 for losing)
