|j|☆Chalky Cheeks
|j|☆notdoodenberg
|html|Chalky Cheeksnotdoodenberg    
|uhtml|bestof|Game 2 of a best-of-3
|t:|1784740371
|gametype|doubles
|player|p1|Chalky Cheeks|wally-masters|1124
|player|p2|notdoodenberg|265|1177
|gen|9
|tier|[Gen 9 Champions] VGC 2026 Reg M-B (Bo3)
|rated|
|rule|Species Clause: Limit one of each Pokémon
|rule|Item Clause: Limit 1 of each item
|clearpoke
|poke|p1|Espathra, L50, F|
|poke|p1|Raichu, L50, F, shiny|
|poke|p1|Basculegion, L50, M|
|poke|p1|Archaludon, L50, M|
|poke|p1|Sableye, L50, F|
|poke|p1|Meganium, L50, M|
|poke|p2|Tyranitar, L50, M|
|poke|p2|Excadrill, L50, M|
|poke|p2|Milotic, L50, F|
|poke|p2|Sinistcha, L50|
|poke|p2|Staraptor, L50, M|
|poke|p2|Gholdengo, L50|
|teampreview|4
|showteam|p1|Espathra||ColburBerry|SpeedBoost|LuminaCrash,Roost,Protect,SkillSwap|Timid||F|||50|]Raichu||RaichuniteX|LightningRod|RisingVoltage,Discharge,Protect,FakeOut|Timid||F|||50|]Basculegion||WhiteHerb|Adaptability|WaveCrash,LastRespects,Protect,AquaJet|Adamant||M|||50|]Archaludon||Leftovers|Stamina|ElectroShot,DragonPulse,Protect,FlashCannon|Calm||M|||50|]Sableye||LightClay|Prankster|Swagger,RainDance,LightScreen,Reflect|Calm||F|||50|]Meganium||Meganiumite|Overgrow|SolarBeam,WeatherBall,Protect,DazzlingGleam|Modest||M|||50|
|showteam|p2|Tyranitar||Tyranitarite|SandStream|KnockOff,RockSlide,DragonDance,Protect|Jolly||M|||50|]Excadrill||FocusSash|SandRush|Earthquake,IronHead,RockSlide,Protect|Adamant||M|||50|]Milotic||SitrusBerry|Competitive|Scald,IcyWind,Haze,Protect|Calm||F|||50|]Sinistcha||ColburBerry|Hospitality|MatchaGotcha,ShadowBall,Protect,RagePowder|Bold|||||50|]Staraptor||Staraptite|Intimidate|CloseCombat,BraveBird,Tailwind,Protect|Jolly||M|||50|]Gholdengo||LifeOrb|GoodasGold|MakeItRain,ShadowBall,NastyPlot,Protect|Modest|||||50|
|
|t:|1784740394
|teamsize|p1|4
|teamsize|p2|4
|start
|switch|p1a: Raichu|Raichu, L50, F, shiny|100/100
|switch|p1b: Espathra|Espathra, L50, F|100/100
|switch|p2a: Sinistcha|Sinistcha, L50|100/100
|switch|p2b: Gholdengo|Gholdengo, L50|100/100
|turn|1
|
|t:|1784740429
|switch|p2b: Tyranitar|Tyranitar, L50, M|100/100
|-weather|Sandstorm|[from] ability: Sand Stream|[of] p2b: Tyranitar
|move|p1b: Espathra|Lumina Crash|p2b: Tyranitar
|-immune|p2b: Tyranitar
|move|p1a: Raichu|Discharge|p2b: Tyranitar|[spread] p1b,p2a,p2b
|-resisted|p2a: Sinistcha|1
|-damage|p1b: Espathra|68/100
|-damage|p2a: Sinistcha|88/100
|-damage|p2b: Tyranitar|84/100
|-status|p1b: Espathra|par
|move|p2a: Sinistcha|Shadow Ball|p1b: Espathra
|-supereffective|p1b: Espathra|1
|-damage|p1b: Espathra|0 fnt
|faint|p1b: Espathra
|
|-weather|Sandstorm|[upkeep]
|-damage|p1a: Raichu|94/100|[from] Sandstorm
|-damage|p2a: Sinistcha|82/100|[from] Sandstorm
|upkeep
|
|t:|1784740451
|switch|p1b: Sableye|Sableye, L50, F|100/100
|turn|2
|
|t:|1784740468
|detailschange|p1a: Raichu|Raichu-Mega-X, L50, F, shiny
|-mega|p1a: Raichu|Raichu|Raichunite X
|-fieldstart|move: Electric Terrain|[from] ability: Electric Surge|[of] p1a: Raichu
|move|p2a: Sinistcha|Rage Powder|p2a: Sinistcha
|-singleturn|p2a: Sinistcha|move: Rage Powder
|move|p1b: Sableye|Reflect|p1b: Sableye
|-sidestart|p1: Chalky Cheeks|Reflect
|move|p1a: Raichu|Rising Voltage|p2a: Sinistcha
|-hint|Rising Voltage's BP doubled on grounded target.
|-resisted|p2a: Sinistcha|1
|-damage|p2a: Sinistcha|45/100
|move|p2b: Tyranitar|Dragon Dance|p2b: Tyranitar
|-boost|p2b: Tyranitar|atk|1
|-boost|p2b: Tyranitar|spe|1
|
|-weather|Sandstorm|[upkeep]
|-damage|p1a: Raichu|88/100|[from] Sandstorm
|-damage|p2a: Sinistcha|39/100|[from] Sandstorm
|-damage|p1b: Sableye|94/100|[from] Sandstorm
|upkeep
|turn|3
|
|t:|1784740511
|switch|p2a: Staraptor|Staraptor, L50, M|100/100
|-ability|p2a: Staraptor|Intimidate|boost
|-unboost|p1a: Raichu|atk|1
|-unboost|p1b: Sableye|atk|1
|move|p1a: Raichu|Protect|p1a: Raichu
|-singleturn|p1a: Raichu|Protect
|move|p1b: Sableye|Light Screen|p1b: Sableye
|-sidestart|p1: Chalky Cheeks|move: Light Screen
|move|p2b: Tyranitar|Dragon Dance|p2b: Tyranitar
|-boost|p2b: Tyranitar|atk|1
|-boost|p2b: Tyranitar|spe|1
|
|-weather|Sandstorm|[upkeep]
|-damage|p1a: Raichu|82/100|[from] Sandstorm
|-damage|p2a: Staraptor|94/100|[from] Sandstorm
|-damage|p1b: Sableye|88/100|[from] Sandstorm
|upkeep
|turn|4
|
|t:|1784740525
|move|p2a: Staraptor|Protect|p2a: Staraptor
|-singleturn|p2a: Staraptor|Protect
|move|p1b: Sableye|Rain Dance|p1b: Sableye
|-weather|RainDance
|move|p2b: Tyranitar|Dragon Dance|p2b: Tyranitar
|-boost|p2b: Tyranitar|atk|1
|-boost|p2b: Tyranitar|spe|1
|move|p1a: Raichu|Discharge|p2b: Tyranitar|[spread] p1b,p2b
|-activate|p2a: Staraptor|move: Protect
|-damage|p1b: Sableye|66/100
|-damage|p2b: Tyranitar|56/100
|
|-weather|RainDance|[upkeep]
|upkeep
|turn|5
|inactive|Battle timer is ON: inactive players will automatically lose when time's up. (requested by notdoodenberg)
|
|t:|1784740557
|switch|p2a: Sinistcha|Sinistcha, L50|39/100
|-heal|p2b: Tyranitar|81/100|[from] ability: Hospitality|[of] p2a: Sinistcha
|detailschange|p2b: Tyranitar|Tyranitar-Mega, L50, M
|-mega|p2b: Tyranitar|Tyranitar|Tyranitarite
|-weather|Sandstorm|[from] ability: Sand Stream|[of] p2b: Tyranitar
|move|p1b: Sableye|Rain Dance|p1b: Sableye
|-weather|RainDance
|move|p2b: Tyranitar|Rock Slide|p1b: Sableye|[spread] p1a,p1b
|-damage|p1a: Raichu|21/100
|-damage|p1b: Sableye|0 fnt
|faint|p1b: Sableye
|move|p1a: Raichu|Rising Voltage|p2b: Tyranitar
|-hint|Rising Voltage's BP doubled on grounded target.
|-damage|p2b: Tyranitar|24/100
|
|-weather|RainDance|[upkeep]
|upkeep
|
|t:|1784740570
|switch|p1b: Basculegion|Basculegion, L50, M|100/100
|turn|6
|
|t:|1784740580
|move|p1a: Raichu|Protect|p1a: Raichu
|-singleturn|p1a: Raichu|Protect
|move|p2a: Sinistcha|Rage Powder|p2a: Sinistcha
|-singleturn|p2a: Sinistcha|move: Rage Powder
|move|p2b: Tyranitar|Rock Slide|p1b: Basculegion|[spread] p1b
|-activate|p1a: Raichu|move: Protect
|-damage|p1b: Basculegion|45/100
|cant|p1b: Basculegion|flinch
|
|-weather|RainDance|[upkeep]
|-fieldend|move: Electric Terrain
|upkeep
|turn|7
|-message|Chalky Cheeks forfeited.
|
|win|notdoodenberg
|raw|Chalky Cheeks's rating: 1124 → 1103(-21 for losing)
|raw|notdoodenberg's rating: 1177 → 1198(+21 for winning)
|l|☆Chalky Cheeks
|player|p1|
