|j|☆ZeraXx
|j|☆lucasmalt
|html|ZeraXxlucasmalt    
|uhtml|bestof|Game 3 of a best-of-3
|t:|1785318477
|gametype|doubles
|player|p1|ZeraXx|102|1328
|player|p2|lucasmalt|1|1454
|gen|9
|tier|[Gen 9 Champions] VGC 2026 Reg M-B (Bo3)
|rated|
|rule|Species Clause: Limit one of each Pokémon
|rule|Item Clause: Limit 1 of each item
|clearpoke
|poke|p1|Swampert, L50, M|
|poke|p1|Pelipper, L50, F|
|poke|p1|Archaludon, L50, F|
|poke|p1|Sableye, L50, M|
|poke|p1|Sinistcha-Masterpiece, L50|
|poke|p1|Metagross, L50|
|poke|p2|Blaziken, L50, M, shiny|
|poke|p2|Incineroar, L50, M, shiny|
|poke|p2|Sinistcha, L50|
|poke|p2|Milotic, L50, F, shiny|
|poke|p2|Hydreigon, L50, F|
|poke|p2|Gardevoir, L50, M, shiny|
|teampreview|4
|showteam|p1|Swampert||Swampertite|Torrent|WaveCrash,HighHorsepower,Protect,IcePunch|Adamant||M|||50|]Pelipper||FocusSash|Drizzle|Tailwind,WeatherBall,Hurricane,WideGuard|Modest||F|||50|]Archaludon||Leftovers|Stamina|DragonPulse,ElectroShot,FlashCannon,Protect|Modest||F|||50|]Sableye||LightClay|Prankster|RainDance,FoulPlay,Reflect,LightScreen|Impish||M|||50|]Sinistcha-Masterpiece||SitrusBerry|Hospitality|MatchaGotcha,RagePowder,LifeDew,Protect|Bold|||||50|]Metagross||Metagrossite|ClearBody|MeteorMash,PsychicFangs,IcePunch,Protect|Jolly|||||50|
|showteam|p2|Blaziken||Blazikenite|SpeedBoost|FlareBlitz,CloseCombat,RockSlide,Detect|Adamant||M|||50|]Incineroar||SitrusBerry|Intimidate|FakeOut,FlareBlitz,DarkestLariat,PartingShot|Careful||M|||50|]Sinistcha||KasibBerry|Hospitality|MatchaGotcha,RagePowder,TrickRoom,Protect|Bold|||||50|]Milotic||Leftovers|Competitive|MuddyWater,Coil,Hypnosis,Recover|Calm||F|||50|]Hydreigon||ChoiceScarf|Levitate|Snarl,DracoMeteor,DarkPulse,EarthPower|Modest||F|||50|]Gardevoir||Gardevoirite|Trace|HyperVoice,Psyshock,TrickRoom,Protect|Modest||M|||50|
|
|t:|1785318512
|teamsize|p1|4
|teamsize|p2|4
|start
|switch|p1a: Pelipper|Pelipper, L50, F|100/100
|switch|p1b: Archaludon|Archaludon, L50, F|100/100
|switch|p2a: Incineroar|Incineroar, L50, M, shiny|100/100
|switch|p2b: Gardevoir|Gardevoir, L50, M, shiny|100/100
|-ability|p2b: Gardevoir|Drizzle|Trace|[from] ability: Trace|[of] p1a: Pelipper
|-weather|RainDance|[from] ability: Drizzle|[of] p2b: Gardevoir
|-ability|p2a: Incineroar|Intimidate|boost
|-unboost|p1a: Pelipper|atk|1
|-unboost|p1b: Archaludon|atk|1
|turn|1
|
|t:|1785318548
|detailschange|p2b: Gardevoir|Gardevoir-Mega, L50, M, shiny
|-mega|p2b: Gardevoir|Gardevoir|Gardevoirite
|move|p1a: Pelipper|Wide Guard|p1a: Pelipper
|-singleturn|p1a: Pelipper|Wide Guard
|move|p2a: Incineroar|Fake Out|p1b: Archaludon
|-resisted|p1b: Archaludon|1
|-damage|p1b: Archaludon|96/100
|-ability|p1b: Archaludon|Stamina|boost
|-boost|p1b: Archaludon|def|1
|move|p2b: Gardevoir|Hyper Voice|p1b: Archaludon|[spread] 
|-activate|p1a: Pelipper|move: Wide Guard
|-activate|p1b: Archaludon|move: Wide Guard
|cant|p1b: Archaludon|flinch
|
|-weather|RainDance|[upkeep]
|-heal|p1b: Archaludon|100/100|[from] item: Leftovers
|upkeep
|turn|2
|inactive|Battle timer is ON: inactive players will automatically lose when time's up. (requested by ZeraXx)
|
|t:|1785318565
|switch|p2a: Hydreigon|Hydreigon, L50, F|100/100
|move|p2b: Gardevoir|Psyshock|p1a: Pelipper
|-damage|p1a: Pelipper|31/100
|move|p1b: Archaludon|Electro Shot||[still]
|-prepare|p1b: Archaludon|Electro Shot
|-boost|p1b: Archaludon|spa|1
|-anim|p1b: Archaludon|Electro Shot|p2b: Gardevoir
|-damage|p2b: Gardevoir|51/100
|move|p1a: Pelipper|Weather Ball|p2a: Hydreigon
|-resisted|p2a: Hydreigon|1
|-damage|p2a: Hydreigon|56/100
|
|-weather|RainDance|[upkeep]
|upkeep
|turn|3
|inactive|ZeraXx has 30 seconds left.
|
|t:|1785318594
|switch|p2b: Sinistcha|Sinistcha, L50|100/100
|-heal|p2a: Hydreigon|81/100|[from] ability: Hospitality|[of] p2b: Sinistcha
|switch|p1a: Sinistcha|Sinistcha-Masterpiece, L50|100/100
|move|p2a: Hydreigon|Dark Pulse|p1a: Sinistcha
|-supereffective|p1a: Sinistcha|1
|-damage|p1a: Sinistcha|15/100
|-enditem|p1a: Sinistcha|Sitrus Berry|[eat]
|-heal|p1a: Sinistcha|40/100|[from] item: Sitrus Berry
|move|p1b: Archaludon|Dragon Pulse|p2a: Hydreigon
|-supereffective|p2a: Hydreigon|1
|-damage|p2a: Hydreigon|0 fnt
|faint|p2a: Hydreigon
|
|-weather|RainDance|[upkeep]
|upkeep
|
|t:|1785318607
|switch|p2a: Gardevoir|Gardevoir-Mega, L50, M, shiny|51/100
|turn|4
|inactive|ZeraXx has 30 seconds left.
|
|t:|1785318637
|switch|p1a: Pelipper|Pelipper, L50, F|31/100
|move|p2b: Sinistcha|Rage Powder|p2b: Sinistcha
|-singleturn|p2b: Sinistcha|move: Rage Powder
|move|p2a: Gardevoir|Hyper Voice|p1b: Archaludon|[spread] p1a,p1b
|-damage|p1a: Pelipper|0 fnt
|-damage|p1b: Archaludon|58/100
|-ability|p1b: Archaludon|Stamina|boost
|-boost|p1b: Archaludon|def|1
|faint|p1a: Pelipper
|move|p1b: Archaludon|Flash Cannon|p2b: Sinistcha
|-damage|p2b: Sinistcha|43/100
|
|-weather|RainDance|[upkeep]
|-heal|p1b: Archaludon|64/100|[from] item: Leftovers
|upkeep
|
|t:|1785318649
|switch|p1a: Sinistcha|Sinistcha-Masterpiece, L50|40/100
|-heal|p1b: Archaludon|89/100|[from] ability: Hospitality|[of] p1a: Sinistcha
|turn|5
|inactive|ZeraXx has 30 seconds left.
|
|t:|1785318676
|move|p1a: Sinistcha|Protect|p1a: Sinistcha
|-singleturn|p1a: Sinistcha|Protect
|move|p2b: Sinistcha|Rage Powder|p2b: Sinistcha
|-singleturn|p2b: Sinistcha|move: Rage Powder
|move|p2a: Gardevoir|Hyper Voice|p1a: Sinistcha|[spread] p1b
|-activate|p1a: Sinistcha|move: Protect
|-damage|p1b: Archaludon|44/100
|-ability|p1b: Archaludon|Stamina|boost
|-boost|p1b: Archaludon|def|1
|move|p1b: Archaludon|Dragon Pulse|p2b: Sinistcha
|-damage|p2b: Sinistcha|0 fnt
|faint|p2b: Sinistcha
|
|-weather|none
|-heal|p1b: Archaludon|50/100g|[from] item: Leftovers
|upkeep
|
|t:|1785318680
|switch|p2b: Incineroar|Incineroar, L50, M, shiny|100/100
|-ability|p2b: Incineroar|Intimidate|boost
|-unboost|p1a: Sinistcha|atk|1
|-unboost|p1b: Archaludon|atk|1
|turn|6
|
|t:|1785318688
|move|p1b: Archaludon|Protect|p1b: Archaludon
|-singleturn|p1b: Archaludon|Protect
|move|p2b: Incineroar|Fake Out|p1b: Archaludon
|-activate|p1b: Archaludon|move: Protect
|move|p2a: Gardevoir|Hyper Voice|p1b: Archaludon|[spread] p1a
|-activate|p1b: Archaludon|move: Protect
|-damage|p1a: Sinistcha|0 fnt
|faint|p1a: Sinistcha
|
|-heal|p1b: Archaludon|56/100|[from] item: Leftovers
|upkeep
|
|t:|1785318698
|switch|p1a: Swampert|Swampert, L50, M|100/100
|turn|7
|
|t:|1785318704
|detailschange|p1a: Swampert|Swampert-Mega, L50, M
|-mega|p1a: Swampert|Swampert|Swampertite
|move|p2a: Gardevoir|Hyper Voice|p1b: Archaludon|[spread] p1a,p1b
|-damage|p1a: Swampert|58/100
|-damage|p1b: Archaludon|9/100
|-ability|p1b: Archaludon|Stamina|boost
|-boost|p1b: Archaludon|def|1
|move|p1b: Archaludon|Flash Cannon|p2a: Gardevoir
|-supereffective|p2a: Gardevoir|1
|-damage|p2a: Gardevoir|0 fnt
|faint|p2a: Gardevoir
|move|p1a: Swampert|Wave Crash|p2b: Incineroar
|-supereffective|p2b: Incineroar|1
|-damage|p2b: Incineroar|0 fnt
|faint|p2b: Incineroar
|-damage|p1a: Swampert|20/100r|[from] Recoil
|
|win|ZeraXx
|raw|ZeraXx's rating: 1328 → 1355(+27 for winning)
|raw|lucasmalt's rating: 1454 → 1427(-27 for losing)
