|j|☆dambro222
|j|☆jussdoit
|html|dambro222jussdoit    
|uhtml|bestof|Game 2 of a best-of-3
|t:|1756812178
|gametype|doubles
|player|p1|dambro222|ethan|1153
|player|p2|jussdoit|steven|1060
|gen|9
|tier|[Gen 9] VGC 2025 Reg H (Bo3)
|rated|
|rule|Species Clause: Limit one of each Pokémon
|rule|Item Clause: Limit 1 of each item
|clearpoke
|poke|p1|Dragonite, L50, M|
|poke|p1|Volcarona, L50, F|
|poke|p1|Sneasler, L50, M|
|poke|p1|Rillaboom, L50, M|
|poke|p1|Electabuzz, L50, M|
|poke|p1|Kingambit, L50, M|
|poke|p2|Glaceon, L50, M|
|poke|p2|Ninetales-Alola, L50, F|
|poke|p2|Ceruledge, L50, F|
|poke|p2|Sneasler, L50, M|
|poke|p2|Greninja-*, L50, M|
|poke|p2|Sinistcha, L50|
|teampreview|4
|showteam|p1|Dragonite||LoadedDice|Multiscale|ScaleShot,ExtremeSpeed,Haze,Protect|||M|||50|,,,,,Fairy]Volcarona||CovertCloak|FlameBody|HeatWave,TeraBlast,QuiverDance,Protect|||F|||50|,,,,,Fairy]Sneasler||FocusSash|Unburden|CloseCombat,DireClaw,RockSlide,Protect|||M|||50|,,,,,Stellar]Rillaboom||AssaultVest|GrassySurge|WoodHammer,GrassyGlide,HighHorsepower,FakeOut|||M|||50|,,,,,Water]Electabuzz||Eviolite|VitalSpirit|Electroweb,FollowMe,Taunt,Protect|||M|||50|,,,,,Ghost]Kingambit||BlackGlasses|Defiant|KowtowCleave,SuckerPunch,SwordsDance,Protect|||M|||50|,,,,,Dark
|showteam|p2|Glaceon||ChoiceSpecs|SnowCloak|Blizzard,IceBeam,TeraBlast,WeatherBall|||M|||50|,,,,,Psychic]Ninetales-Alola||CovertCloak|SnowWarning|AuroraVeil,Snowscape,Moonblast,Encore|||F|||50|,,,,,Ice]Ceruledge||BigRoot|FlashFire|BitterBlade,ShadowSneak,SwordsDance,Protect|||F|||50|,,,,,Grass]Sneasler||NormalGem|Unburden|DireClaw,FakeOut,SwordsDance,CloseCombat|||M|||50|,,,,,Stellar]Greninja||LifeOrb|Protean|WaterShuriken,DarkPulse,Blizzard,Taunt|||M|||50|,,,,,Steel]Sinistcha||WeaknessPolicy|Hospitality|LifeDew,MatchaGotcha,StrengthSap,Protect||||||50|,,,,,Fire
|inactive|Battle timer is ON: inactive players will automatically lose when time's up. (requested by jussdoit)
|inactive|dambro222 also wants the timer to be on.
|
|t:|1756812202
|teamsize|p1|4
|teamsize|p2|4
|start
|switch|p1a: Volcarona|Volcarona, L50, F|100/100
|switch|p1b: Electabuzz|Electabuzz, L50, M|100/100
|switch|p2a: Ninetales|Ninetales-Alola, L50, F|100/100
|switch|p2b: Greninja|Greninja, L50, M|100/100
|-weather|Snowscape|[from] ability: Snow Warning|[of] p2a: Ninetales
|turn|1
|
|t:|1756812219
|move|p1b: Electabuzz|Follow Me|p1b: Electabuzz
|-singleturn|p1b: Electabuzz|move: Follow Me
|move|p2b: Greninja|Blizzard|p1b: Electabuzz|[spread] p1a,p1b
|-start|p2b: Greninja|typechange|Ice|[from] ability: Protean
|-resisted|p1a: Volcarona
|-damage|p1a: Volcarona|74/100
|-damage|p1b: Electabuzz|63/100
|-damage|p2b: Greninja|91/100|[from] item: Life Orb
|move|p2a: Ninetales|Aurora Veil|p2a: Ninetales
|-sidestart|p2: jussdoit|move: Aurora Veil
|move|p1a: Volcarona|Quiver Dance|p1a: Volcarona
|-boost|p1a: Volcarona|spa|1
|-boost|p1a: Volcarona|spd|1
|-boost|p1a: Volcarona|spe|1
|
|-weather|Snowscape|[upkeep]
|upkeep
|turn|2
|
|t:|1756812241
|switch|p2a: Ceruledge|Ceruledge, L50, F|100/100
|move|p1a: Volcarona|Protect|p1a: Volcarona
|-singleturn|p1a: Volcarona|Protect
|move|p1b: Electabuzz|Protect|p1b: Electabuzz
|-singleturn|p1b: Electabuzz|Protect
|move|p2b: Greninja|Water Shuriken|p1a: Volcarona
|-activate|p1a: Volcarona|move: Protect
|
|-weather|Snowscape|[upkeep]
|upkeep
|turn|3
|
|t:|1756812261
|-terastallize|p1a: Volcarona|Fairy
|move|p1b: Electabuzz|Follow Me|p1b: Electabuzz
|-singleturn|p1b: Electabuzz|move: Follow Me
|move|p1a: Volcarona|Tera Blast|p2b: Greninja|[anim] Tera Blast Fairy
|-damage|p2b: Greninja|32/100
|move|p2b: Greninja|Blizzard|p1b: Electabuzz|[spread] p1a,p1b
|-damage|p1a: Volcarona|40/100
|-damage|p1b: Electabuzz|20/100
|-damage|p2b: Greninja|23/100|[from] item: Life Orb
|move|p2a: Ceruledge|Bitter Blade|p1b: Electabuzz
|-damage|p1b: Electabuzz|0 fnt
|faint|p1b: Electabuzz
|
|-weather|Snowscape|[upkeep]
|upkeep
|
|t:|1756812281
|switch|p1b: Sneasler|Sneasler, L50, M|100/100
|turn|4
|
|t:|1756812303
|move|p1a: Volcarona|Protect|p1a: Volcarona
|-singleturn|p1a: Volcarona|Protect
|move|p2b: Greninja|Water Shuriken|p1a: Volcarona
|-activate|p1a: Volcarona|move: Protect
|move|p2a: Ceruledge|Shadow Sneak|p1a: Volcarona
|-activate|p1a: Volcarona|move: Protect
|move|p1b: Sneasler|Rock Slide|p2a: Ceruledge|[spread] p2a,p2b
|-supereffective|p2a: Ceruledge
|-supereffective|p2b: Greninja
|-crit|p2b: Greninja
|-damage|p2a: Ceruledge|66/100
|-damage|p2b: Greninja|0 fnt
|faint|p2b: Greninja
|
|-weather|Snowscape|[upkeep]
|upkeep
|
|t:|1756812316
|switch|p2b: Ninetales|Ninetales-Alola, L50, F|100/100
|turn|5
|
|t:|1756812328
|move|p1a: Volcarona|Heat Wave|p2a: Ceruledge|[spread] p2b
|-start|p2a: Ceruledge|ability: Flash Fire
|-supereffective|p2b: Ninetales
|-damage|p2b: Ninetales|23/100
|move|p1b: Sneasler|Dire Claw|p2b: Ninetales
|-supereffective|p2b: Ninetales
|-damage|p2b: Ninetales|0 fnt
|faint|p2b: Ninetales
|move|p2a: Ceruledge|Bitter Blade|p1b: Sneasler
|-enditem|p1b: Sneasler|Focus Sash
|-damage|p1b: Sneasler|1/100
|-heal|p2a: Ceruledge|100/100|[from] drain|[of] p1b: Sneasler
|
|-weather|none
|-sideend|p2: jussdoit|move: Aurora Veil
|upkeep
|
|t:|1756812342
|switch|p2b: Glaceon|Glaceon, L50, M|100/100
|turn|6
|
|t:|1756812357
|-terastallize|p2b: Glaceon|Psychic
|move|p1b: Sneasler|Protect|p1b: Sneasler
|-singleturn|p1b: Sneasler|Protect
|move|p1a: Volcarona|Protect|p1a: Volcarona
|-singleturn|p1a: Volcarona|Protect
|move|p2a: Ceruledge|Shadow Sneak|p1b: Sneasler
|-activate|p1b: Sneasler|move: Protect
|move|p2b: Glaceon|Ice Beam|p1a: Volcarona
|-activate|p1a: Volcarona|move: Protect
|
|upkeep
|turn|7
|
|t:|1756812377
|move|p2a: Ceruledge|Shadow Sneak|p1b: Sneasler
|-damage|p1b: Sneasler|0 fnt
|faint|p1b: Sneasler
|move|p1a: Volcarona|Tera Blast|p2b: Glaceon|[anim] Tera Blast Fairy
|-damage|p2b: Glaceon|34/100
|move|p2b: Glaceon|Ice Beam|p1a: Volcarona
|-damage|p1a: Volcarona|0 fnt
|faint|p1a: Volcarona
|
|upkeep
|
|t:|1756812387
|switch|p1b: Dragonite|Dragonite, L50, M|100/100
|turn|8
|
|t:|1756812392
|move|p1b: Dragonite|Scale Shot|p2b: Glaceon
|-crit|p2b: Glaceon
|-damage|p2b: Glaceon|10/100
|-damage|p2b: Glaceon|0 fnt
|faint|p2b: Glaceon
|-hitcount|p2: Glaceon|2
|-unboost|p1b: Dragonite|def|1
|-boost|p1b: Dragonite|spe|1
|move|p2a: Ceruledge|Bitter Blade|p1b: Dragonite
|-resisted|p1b: Dragonite
|-damage|p1b: Dragonite|71/100
|
|upkeep
|turn|9
|
|t:|1756812411
|move|p1b: Dragonite|Scale Shot|p2a: Ceruledge
|-damage|p2a: Ceruledge|82/100
|-damage|p2a: Ceruledge|63/100
|-damage|p2a: Ceruledge|43/100
|-damage|p2a: Ceruledge|24/100
|-damage|p2a: Ceruledge|6/100
|-hitcount|p2a: Ceruledge|5
|-unboost|p1b: Dragonite|def|1
|-boost|p1b: Dragonite|spe|1
|move|p2a: Ceruledge|Bitter Blade|p1b: Dragonite
|-resisted|p1b: Dragonite
|-damage|p1b: Dragonite|0 fnt
|-heal|p2a: Ceruledge|53/100|[from] drain|[of] p1b: Dragonite
|faint|p1b: Dragonite
|
|win|jussdoit
||dambro222 is ready for game 3.
|inactive|jussdoit has 30 seconds to confirm battle start!
||jussdoit is ready for game 3.
|uhtml|next|Next: Game 3 of 3
|l|☆jussdoit
|player|p2|
