|j|☆Neofalcon
|j|☆cynthia's grippers
|html|Neofalconcynthia's grippers    
|uhtml|bestof|Game 2 of a best-of-3
|t:|1756060170
|gametype|doubles
|player|p1|Neofalcon|266|1192
|player|p2|cynthia's grippers|cynthia-gen4|1142
|gen|9
|tier|[Gen 9] VGC 2025 Reg H (Bo3)
|rated|
|rule|Species Clause: Limit one of each Pokémon
|rule|Item Clause: Limit 1 of each item
|clearpoke
|poke|p1|Charizard, L50, M|
|poke|p1|Torkoal, L50, M|
|poke|p1|Porygon2, L50|
|poke|p1|Incineroar, L50, F|
|poke|p1|Jumpluff, L50, M|
|poke|p1|Ursaluna, L50, M|
|poke|p2|Rillaboom, L50, M|
|poke|p2|Magmar, L50, M|
|poke|p2|Kingambit, L50, M|
|poke|p2|Ninetales-Alola, L50, F|
|poke|p2|Basculegion, L50, M|
|poke|p2|Sneasler, L50, M|
|teampreview|4
|showteam|p1|Charizard||ChoiceSpecs|SolarPower|HeatWave,Overheat,WeatherBall,AirSlash|||M|||50|,,,,,Ghost]Torkoal||EjectPack|Drought|Eruption,Overheat,HelpingHand,Protect|||M|||50|,,,,,Fire]Porygon2||Eviolite|Download|IceBeam,TeraBlast,TrickRoom,Recover||||||50|,,,,,Fighting]Incineroar||SitrusBerry|Intimidate|FlareBlitz,KnockOff,FakeOut,PartingShot|||F|||50|,,,,,Ghost]Jumpluff||CovertCloak|Chlorophyll|SleepPowder,SunnyDay,RagePowder,Tailwind|||M|||50|,,,,,Water]Ursaluna||FlameOrb|Guts|HeadlongRush,Facade,Earthquake,Protect|||M|||50|,,,,,Ghost
|showteam|p2|Rillaboom||AssaultVest|GrassySurge|DrumBeating,GrassyGlide,FakeOut,Uturn|||M|||50|,,,,,Ghost]Magmar||Eviolite|VitalSpirit|Overheat,FollowMe,Taunt,Protect|||M|||50|,,,,,Ghost]Kingambit||BlackGlasses|Defiant|KowtowCleave,SuckerPunch,SwordsDance,Protect|||M|||50|,,,,,Fire]Ninetales-Alola||LifeOrb|SnowWarning|Blizzard,FreezeDry,Encore,Protect|||F|||50|,,,,,Ghost]Basculegion||ChoiceScarf|Adaptability|WaveCrash,LastRespects,FlipTurn,TeraBlast|||M|||50|,,,,,Fighting]Sneasler||FocusSash|PoisonTouch|CloseCombat,DireClaw,FakeOut,Protect|||M|||50|,,,,,Ghost
|
|t:|1756060199
|teamsize|p1|4
|teamsize|p2|4
|start
|switch|p1a: Porygon2|Porygon2, L50|100/100
|switch|p1b: Charizard|Charizard, L50, M|100/100
|switch|p2a: Kingambit|Kingambit, L50, M|100/100
|switch|p2b: Magmar|Magmar, L50, M|100/100
|-ability|p1a: Porygon2|Download|boost
|-boost|p1a: Porygon2|spa|1
|turn|1
|
|t:|1756060232
|-terastallize|p1a: Porygon2|Fighting
|-terastallize|p2a: Kingambit|Fire
|move|p2a: Kingambit|Sucker Punch|p1b: Charizard
|-damage|p1b: Charizard|26/100
|move|p1b: Charizard|Heat Wave|p2b: Magmar|[spread] p2a,p2b
|-resisted|p2a: Kingambit
|-resisted|p2b: Magmar
|-damage|p2a: Kingambit|78/100
|-damage|p2b: Magmar|84/100
|move|p2b: Magmar|Taunt|p1a: Porygon2
|-start|p1a: Porygon2|move: Taunt
|move|p1a: Porygon2|Tera Blast|p2b: Magmar|[anim] Tera Blast Fighting
|-damage|p2b: Magmar|44/100
|
|upkeep
|turn|2
|
|t:|1756060256
|switch|p1b: Torkoal|Torkoal, L50, M|100/100
|-weather|SunnyDay|[from] ability: Drought|[of] p1b: Torkoal
|move|p2b: Magmar|Follow Me|p2b: Magmar
|-singleturn|p2b: Magmar|move: Follow Me
|move|p1a: Porygon2|Tera Blast|p2b: Magmar|[anim] Tera Blast Fighting
|-damage|p2b: Magmar|2/100
|move|p2a: Kingambit|Swords Dance|p2a: Kingambit
|-boost|p2a: Kingambit|atk|2
|
|-weather|SunnyDay|[upkeep]
|upkeep
|turn|3
|
|t:|1756060282
|move|p2b: Magmar|Overheat|p1b: Torkoal
|-resisted|p1b: Torkoal
|-damage|p1b: Torkoal|55/100
|-unboost|p2b: Magmar|spa|2
|move|p1a: Porygon2|Tera Blast|p2b: Magmar|[anim] Tera Blast Fighting
|-damage|p2b: Magmar|0 fnt
|faint|p2b: Magmar
|move|p2a: Kingambit|Kowtow Cleave|p1b: Torkoal
|-damage|p1b: Torkoal|0 fnt
|faint|p1b: Torkoal
|
|-weather|SunnyDay|[upkeep]
|-end|p1a: Porygon2|move: Taunt
|upkeep
|
|t:|1756060294
|switch|p2b: Rillaboom|Rillaboom, L50, M|100/100
|switch|p1b: Ursaluna|Ursaluna, L50, M|100/100
|-fieldstart|move: Grassy Terrain|[from] ability: Grassy Surge|[of] p2b: Rillaboom
|turn|4
|
|t:|1756060304
|switch|p1a: Charizard|Charizard, L50, M|26/100
|move|p1b: Ursaluna|Protect|p1b: Ursaluna
|-singleturn|p1b: Ursaluna|Protect
|move|p2b: Rillaboom|Fake Out|p1a: Charizard
|-damage|p1a: Charizard|3/100
|move|p2a: Kingambit|Swords Dance|p2a: Kingambit
|-boost|p2a: Kingambit|atk|2
|
|-weather|SunnyDay|[upkeep]
|-damage|p1a: Charizard|0 fnt|[from] ability: Solar Power|[of] p1a: Charizard
|faint|p1a: Charizard
|-heal|p2a: Kingambit|84/100|[from] Grassy Terrain
|-status|p1b: Ursaluna|brn|[from] item: Flame Orb
|upkeep
|
|t:|1756060314
|switch|p1a: Porygon2|Porygon2, L50, tera:Fighting|100/100
|-ability|p1a: Porygon2|Download|boost
|-boost|p1a: Porygon2|spa|1
|turn|5
|
|t:|1756060323
|move|p2b: Rillaboom|Drum Beating|p1b: Ursaluna
|-supereffective|p1b: Ursaluna
|-damage|p1b: Ursaluna|12/100 brn
|-unboost|p1b: Ursaluna|spe|1
|move|p1a: Porygon2|Ice Beam|p2b: Rillaboom
|-supereffective|p2b: Rillaboom
|-damage|p2b: Rillaboom|42/100
|move|p2a: Kingambit|Kowtow Cleave|p1b: Ursaluna
|-damage|p1b: Ursaluna|0 fnt
|faint|p1b: Ursaluna
|
|-weather|SunnyDay|[upkeep]
|-heal|p2b: Rillaboom|48/100|[from] Grassy Terrain
|-heal|p2a: Kingambit|90/100|[from] Grassy Terrain
|upkeep
|turn|6
|
|t:|1756060333
|move|p2b: Rillaboom|Drum Beating|p1a: Porygon2
|-damage|p1a: Porygon2|64/100
|-unboost|p1a: Porygon2|spe|1
|move|p2a: Kingambit|Kowtow Cleave|p1a: Porygon2
|-resisted|p1a: Porygon2
|-crit|p1a: Porygon2
|-damage|p1a: Porygon2|0 fnt
|faint|p1a: Porygon2
|
|win|cynthia's grippers
|raw|Neofalcon's rating: 1192 → 1163(-29 for losing)
|raw|cynthia's grippers's rating: 1142 → 1171(+29 for winning)
|l|☆Neofalcon
|player|p1|
