|j|☆clarocojones
|j|☆lalalaing
|html|clarocojoneslalalaing    
|uhtml|bestof|Game 2 of a best-of-3
|t:|1785948062
|gametype|doubles
|player|p1|clarocojones|striker|1293
|player|p2|lalalaing|artist-gen4|1314
|gen|9
|tier|[Gen 9 Champions] VGC 2026 Reg M-B (Bo3)
|rated|
|rule|Species Clause: Limit one of each Pokémon
|rule|Item Clause: Limit 1 of each item
|clearpoke
|poke|p1|Floette-Eternal, L50, F|
|poke|p1|Incineroar, L50, F, shiny|
|poke|p1|Sinistcha-Masterpiece, L50, shiny|
|poke|p1|Garchomp, L50, F|
|poke|p1|Kingambit, L50, F|
|poke|p1|Sneasler, L50, F|
|poke|p2|Gengar, L50, M|
|poke|p2|Swampert, L50, F|
|poke|p2|Archaludon, L50, F|
|poke|p2|Politoed, L50, M|
|poke|p2|Vivillon-Marine, L50, F|
|poke|p2|Incineroar, L50, M|
|teampreview|4
|showteam|p1|Floette-Eternal||Floettite|FlowerVeil|Moonblast,DazzlingGleam,CalmMind,Protect|Modest||F|||50|]Incineroar||SitrusBerry|Intimidate|FakeOut,PartingShot,HelpingHand,FlareBlitz|Careful||F|||50|]Sinistcha-Masterpiece||ColburBerry|Hospitality|MatchaGotcha,LifeDew,RagePowder,TrickRoom|Bold|||||50|]Garchomp||Garchompite|SandVeil|DragonClaw,StompingTantrum,RockSlide,Protect|Adamant||F|||50|]Kingambit||BlackGlasses|Defiant|KowtowCleave,SuckerPunch,SwordsDance,Protect|Adamant||F|||50|]Sneasler||FocusSash|PoisonTouch|FakeOut,CloseCombat,DireClaw,Coaching|Jolly||F|||50|
|showteam|p2|Gengar||Gengarite|CursedBody|ShadowBall,PerishSong,Disable,Protect|Modest||M|||50|]Swampert||Swampertite|Torrent|WaveCrash,Earthquake,IcePunch,Protect|Adamant||F|||50|]Archaludon||Leftovers|Stamina|FlashCannon,DragonPulse,ElectroShot,Protect|Modest||F|||50|]Politoed||SitrusBerry|Drizzle|WeatherBall,Encore,PerishSong,Protect|Calm||M|||50|]Vivillon-Marine||FocusSash|CompoundEyes|Hurricane,SleepPowder,RagePowder,Protect|Timid||F|||50|]Incineroar||ChopleBerry|Intimidate|ThroatChop,FakeOut,PartingShot,Protect|Impish||M|||50|
|inactive|Battle timer is ON: inactive players will automatically lose when time's up. (requested by clarocojones)
|
|t:|1785948117
|teamsize|p1|4
|teamsize|p2|4
|start
|switch|p1a: Friends Take|Incineroar, L50, F, shiny|100/100
|switch|p1b: Kingambit|Kingambit, L50, F|100/100
|switch|p2a: Gengar|Gengar, L50, M|100/100
|switch|p2b: Vivillon|Vivillon-Marine, L50, F|100/100
|-ability|p1a: Friends Take|Intimidate|boost
|-unboost|p2a: Gengar|atk|1
|-unboost|p2b: Vivillon|atk|1
|turn|1
|inactive|clarocojones has 30 seconds left.
|inactive|clarocojones has 20 seconds left.
|
|t:|1785948156
|detailschange|p2a: Gengar|Gengar-Mega, L50, M
|-mega|p2a: Gengar|Gengar|Gengarite
|move|p2a: Gengar|Protect|p2a: Gengar
|-singleturn|p2a: Gengar|Protect
|move|p2b: Vivillon|Protect|p2b: Vivillon
|-singleturn|p2b: Vivillon|Protect
|move|p1a: Friends Take|Fake Out|p2b: Vivillon
|-activate|p2b: Vivillon|move: Protect
|move|p1b: Kingambit|Kowtow Cleave|p2a: Gengar
|-activate|p2a: Gengar|move: Protect
|
|upkeep
|turn|2
|
|t:|1785948174
|move|p1b: Kingambit|Protect|p1b: Kingambit
|-singleturn|p1b: Kingambit|Protect
|move|p2a: Gengar|Perish Song|p2a: Gengar
|-start|p1a: Friends Take|perish3|[silent]
|-start|p1b: Kingambit|perish3|[silent]
|-start|p2a: Gengar|perish3|[silent]
|-start|p2b: Vivillon|perish3|[silent]
|-fieldactivate|move: Perish Song
|move|p2b: Vivillon|Sleep Powder|p1b: Kingambit
|-activate|p1b: Kingambit|move: Protect
|move|p1a: Friends Take|Parting Shot|p2b: Vivillon
|-unboost|p2b: Vivillon|atk|1
|-unboost|p2b: Vivillon|spa|1
|
|t:|1785948182
|switch|p1a: DON JULIO|Sinistcha-Masterpiece, L50, shiny|100/100|[from] Parting Shot
|
|-start|p2a: Gengar|perish3
|-start|p2b: Vivillon|perish3
|-start|p1b: Kingambit|perish3
|upkeep
|turn|3
|
|t:|1785948199
|move|p2b: Vivillon|Rage Powder|p2b: Vivillon
|-singleturn|p2b: Vivillon|move: Rage Powder
|move|p1a: DON JULIO|Rage Powder|p1a: DON JULIO
|-singleturn|p1a: DON JULIO|move: Rage Powder
|move|p2a: Gengar|Shadow Ball|p1a: DON JULIO
|-supereffective|p1a: DON JULIO|1
|-damage|p1a: DON JULIO|4/100
|move|p1b: Kingambit|Kowtow Cleave|p2b: Vivillon
|-enditem|p2b: Vivillon|Focus Sash
|-damage|p2b: Vivillon|1/100
|
|-start|p2a: Gengar|perish2
|-start|p2b: Vivillon|perish2
|-start|p1b: Kingambit|perish2
|upkeep
|turn|4
|inactive|clarocojones has 30 seconds left.
|inactive|clarocojones has 20 seconds left.
|inactive|clarocojones has 15 seconds left.
|inactive|clarocojones has 10 seconds left.
|
|t:|1785948247
|switch|p1a: Friends Take|Incineroar, L50, F, shiny|100/100
|-ability|p1a: Friends Take|Intimidate|boost
|-unboost|p2a: Gengar|atk|1
|-unboost|p2b: Vivillon|atk|1
|move|p2b: Vivillon|Rage Powder|p2b: Vivillon
|-singleturn|p2b: Vivillon|move: Rage Powder
|move|p1b: Kingambit|Sucker Punch||[still]
|-fail|p1b: Kingambit
|move|p2a: Gengar|Shadow Ball|p1a: Friends Take
|-resisted|p1a: Friends Take|1
|-damage|p1a: Friends Take|77/100
|-unboost|p1a: Friends Take|spd|1
|
|-start|p2a: Gengar|perish1
|-start|p2b: Vivillon|perish1
|-start|p1b: Kingambit|perish1
|upkeep
|turn|5
|
|t:|1785948264
|switch|p2a: Archaludon|Archaludon, L50, F|100/100
|move|p1a: Friends Take|Helping Hand|p1b: Kingambit
|-singleturn|p1b: Kingambit|Helping Hand|[of] p1a: Friends Take
|move|p2b: Vivillon|Sleep Powder|p1a: Friends Take
|-status|p1a: Friends Take|slp|[from] move: Sleep Powder
|move|p1b: Kingambit|Kowtow Cleave|p2a: Archaludon
|-damage|p2a: Archaludon|29/100
|-ability|p2a: Archaludon|Stamina|boost
|-boost|p2a: Archaludon|def|1
|
|-heal|p2a: Archaludon|35/100|[from] item: Leftovers
|-start|p2b: Vivillon|perish0
|-start|p1b: Kingambit|perish0
|upkeep
|faint|p2b: Vivillon
|faint|p1b: Kingambit
|
|t:|1785948278
|switch|p2b: Gengar|Gengar-Mega, L50, M|100/100
|switch|p1b: Felicidad|Floette-Eternal, L50, F|100/100
|turn|6
|inactive|lalalaing has 30 seconds left.
|
|t:|1785948306
|switch|p2a: Politoed|Politoed, L50, M|100/100
|-weather|RainDance|[from] ability: Drizzle|[of] p2a: Politoed
|detailschange|p1b: Felicidad|Floette-Mega, L50, F
|-mega|p1b: Felicidad|Floette|Floettite
|-ability|p1b: Felicidad|Fairy Aura
|move|p2b: Gengar|Shadow Ball|p1b: Felicidad
|-damage|p1b: Felicidad|58/100
|move|p1b: Felicidad|Dazzling Gleam|p2a: Politoed|[spread] p2a,p2b
|-resisted|p2b: Gengar|1
|-damage|p2a: Politoed|65/100
|-damage|p2b: Gengar|69/100
|cant|p1a: Friends Take|slp
|
|-weather|RainDance|[upkeep]
|upkeep
|turn|7
|inactive|clarocojones has 30 seconds left.
|inactive|lalalaing has 30 seconds left.
|
|t:|1785948341
|move|p1b: Felicidad|Protect|p1b: Felicidad
|-singleturn|p1b: Felicidad|Protect
|move|p2b: Gengar|Perish Song|p2b: Gengar
|-start|p1a: Friends Take|perish3|[silent]
|-start|p1b: Felicidad|perish3|[silent]
|-start|p2a: Politoed|perish3|[silent]
|-start|p2b: Gengar|perish3|[silent]
|-fieldactivate|move: Perish Song
|cant|p1a: Friends Take|slp
|move|p2a: Politoed|Weather Ball|p1a: Friends Take
|-supereffective|p1a: Friends Take|1
|-damage|p1a: Friends Take|0 fnt
|faint|p1a: Friends Take
|
|-weather|RainDance|[upkeep]
|-start|p2b: Gengar|perish3
|-start|p1b: Felicidad|perish3
|-start|p2a: Politoed|perish3
|upkeep
|
|t:|1785948347
|switch|p1a: DON JULIO|Sinistcha-Masterpiece, L50, shiny|4/100
|-heal|p1b: Felicidad|83/100|[from] ability: Hospitality|[of] p1a: DON JULIO
|turn|8
|inactive|clarocojones has 30 seconds left.
|inactive|clarocojones has 20 seconds left.
|inactive|clarocojones has 15 seconds left.
|
|t:|1785948389
|move|p2a: Politoed|Protect|p2a: Politoed
|-singleturn|p2a: Politoed|Protect
|move|p2b: Gengar|Shadow Ball|p1a: DON JULIO
|-supereffective|p1a: DON JULIO|1
|-damage|p1a: DON JULIO|0 fnt
|faint|p1a: DON JULIO
|move|p1b: Felicidad|Moonblast|p2a: Politoed
|-activate|p2a: Politoed|move: Protect
|
|-weather|RainDance|[upkeep]
|-start|p2b: Gengar|perish2
|-start|p1b: Felicidad|perish2
|-start|p2a: Politoed|perish2
|upkeep
|turn|9
|-message|clarocojones forfeited.
|
|win|lalalaing
