|j|☆shaboogles
|j|☆horseki
|html|shaboogleshorseki    
|uhtml|bestof|Game 1 of a best-of-3
|t:|1783549206
|gametype|doubles
|player|p1|shaboogles|furisodegirl-white|
|player|p2|horseki|clerkf|
|gen|9
|tier|[Gen 9 Champions] VGC 2026 Reg M-B (Bo3)
|rule|Species Clause: Limit one of each Pokémon
|rule|Item Clause: Limit 1 of each item
|clearpoke
|poke|p1|Chandelure, L50, F|
|poke|p1|Garganacl, L50, M|
|poke|p1|Greninja, L50, F|
|poke|p1|Rotom-Mow, L50|
|poke|p1|Krookodile, L50, M|
|poke|p1|Ariados, L50, F|
|poke|p2|Krookodile, L50, M|
|poke|p2|Gengar, L50, M|
|poke|p2|Rotom-Mow, L50|
|poke|p2|Salazzle, L50, F|
|poke|p2|Barbaracle, L50, M|
|poke|p2|Empoleon, L50, M|
|teampreview|4
|showteam|p1|Chandelure||Chandelurite|Infiltrator|HeatWave,ShadowBall,TrickRoom,Protect|Modest||F|||50|]Garganacl||Leftovers|PurifyingSalt|WideGuard,SaltCure,Recover,Protect|Sassy||M|||50|]Greninja||Greninjite|Torrent|IcyWind,Protect,HydroPump,DarkPulse|Timid||F|||50|]Rotom-Mow||ChoiceScarf|Levitate|Thunderbolt,LeafStorm,Electroweb,Trick|Timid|||||50|]Krookodile||PasshoBerry|Intimidate|Crunch,Taunt,Protect,HighHorsepower|Adamant||M|||50|]Ariados||ScopeLens|Sniper|CrossPoison,Protect,RagePowder,KnockOff|Impish||F|||50|
|showteam|p2|Krookodile||LifeOrb|Intimidate|Crunch,HighHorsepower,Taunt,Protect|Adamant||M|||50|]Gengar||FocusSash|CursedBody|IcyWind,ShadowBall,SludgeBomb,Protect|Hasty||M|||50|]Rotom-Mow||ExpertBelt|Levitate|Thunderbolt,LeafStorm,Protect,HelpingHand|Modest|||||50|]Salazzle||WideLens|Oblivious|HeatWave,SludgeBomb,FakeOut,Protect|Hasty||F|||50|]Barbaracle||WhiteHerb|ToughClaws|ShellSmash,Liquidation,RockSlide,Protect|Adamant||M|||50|]Empoleon||Leftovers|Competitive|HydroPump,FlashCannon,IceBeam,Protect|Modest||M|||50|
|inactive|Battle timer is ON: inactive players will automatically lose when time's up. (requested by horseki)
|c|☆horseki|glhf
|c|☆shaboogles|glhf goat!
|inactive|shaboogles has 60 seconds left.
|
|t:|1783549268
|teamsize|p1|4
|teamsize|p2|4
|start
|switch|p1a: Chandelure|Chandelure, L50, F|100/100
|switch|p1b: Ariados|Ariados, L50, F|100/100
|switch|p2a: Barbaracle|Barbaracle, L50, M|100/100
|switch|p2b: Empoleon|Empoleon, L50, M|100/100
|turn|1
|inactive|shaboogles has 30 seconds left.
|inactive|horseki has 30 seconds left.
|
|t:|1783549297
|detailschange|p1a: Chandelure|Chandelure-Mega, L50, F
|-mega|p1a: Chandelure|Chandelure|Chandelurite
|move|p1b: Ariados|Rage Powder|p1b: Ariados
|-singleturn|p1b: Ariados|move: Rage Powder
|move|p2a: Barbaracle|Rock Slide|p1a: Chandelure|[spread] p1a,p1b
|-supereffective|p1a: Chandelure|1
|-supereffective|p1b: Ariados|1
|-damage|p1a: Chandelure|37/100
|-damage|p1b: Ariados|42/100
|move|p2b: Empoleon|Hydro Pump|p1b: Ariados|[miss]
|-miss|p2b: Empoleon|p1b: Ariados
|cant|p1a: Chandelure|flinch
|
|upkeep
|turn|2
|
|t:|1783549327
|switch|p1a: Rotom|Rotom-Mow, L50|100/100
|move|p2a: Barbaracle|Rock Slide|p1a: Rotom|[spread] p1a,p1b
|-supereffective|p1b: Ariados|1
|-damage|p1a: Rotom|64/100
|-damage|p1b: Ariados|0 fnt
|faint|p1b: Ariados
|move|p2b: Empoleon|Hydro Pump|p1a: Rotom
|-resisted|p1a: Rotom|1
|-damage|p1a: Rotom|28/100
|
|upkeep
|
|t:|1783549329
|switch|p1b: Krookodile|Krookodile, L50, M|100/100
|-ability|p1b: Krookodile|Intimidate|boost
|-unboost|p2a: Barbaracle|atk|1
|-unboost|p2b: Empoleon|atk|1
|-ability|p2b: Empoleon|Competitive|boost
|-boost|p2b: Empoleon|spa|2
|-enditem|p2a: Barbaracle|White Herb
|-clearnegativeboost|p2a: Barbaracle|[silent]
|turn|3
|
|t:|1783549346
|move|p1a: Rotom|Thunderbolt|p2b: Empoleon
|-supereffective|p2b: Empoleon|1
|-damage|p2b: Empoleon|29/100
|move|p1b: Krookodile|High Horsepower|p2b: Empoleon
|-supereffective|p2b: Empoleon|1
|-crit|p2b: Empoleon
|-damage|p2b: Empoleon|0 fnt
|faint|p2b: Empoleon
|move|p2a: Barbaracle|Liquidation|p1b: Krookodile
|-supereffective|p1b: Krookodile|1
|-enditem|p1b: Krookodile|Passho Berry|[eat]
|-enditem|p1b: Krookodile|Passho Berry|[weaken]
|-damage|p1b: Krookodile|46/100
|
|upkeep
|inactive|horseki has 30 seconds left.
|
|t:|1783549378
|switch|p2b: Gengar|Gengar, L50, M|100/100
|turn|4
|
|t:|1783549388
|move|p1a: Rotom|Thunderbolt|p2b: Gengar
|-damage|p2b: Gengar|35/100
|-status|p2b: Gengar|par
|move|p1b: Krookodile|High Horsepower|p2b: Gengar
|-supereffective|p2b: Gengar|1
|-damage|p2b: Gengar|0 fnt
|faint|p2b: Gengar
|move|p2a: Barbaracle|Liquidation|p1b: Krookodile
|-supereffective|p1b: Krookodile|1
|-damage|p1b: Krookodile|0 fnt
|faint|p1b: Krookodile
|
|upkeep
|
|t:|1783549398
|switch|p2b: Rotom|Rotom-Mow, L50|100/100
|switch|p1b: Chandelure|Chandelure-Mega, L50, F|37/100
|turn|5
|
|t:|1783549414
|move|p2b: Rotom|Helping Hand|p2a: Barbaracle
|-singleturn|p2a: Barbaracle|Helping Hand|[of] p2b: Rotom
|move|p1b: Chandelure|Protect|p1b: Chandelure
|-singleturn|p1b: Chandelure|Protect
|move|p1a: Rotom|Thunderbolt|p2a: Barbaracle
|-supereffective|p2a: Barbaracle|1
|-crit|p2a: Barbaracle
|-damage|p2a: Barbaracle|0 fnt
|faint|p2a: Barbaracle
|
|upkeep
|turn|6
|
|t:|1783549426
|move|p1a: Rotom|Thunderbolt|p2b: Rotom
|-resisted|p2b: Rotom|2
|-damage|p2b: Rotom|89/100
|move|p1b: Chandelure|Heat Wave|p2b: Rotom
|-supereffective|p2b: Rotom|1
|-damage|p2b: Rotom|0 fnt
|faint|p2b: Rotom
|
|win|shaboogles
||shaboogles is ready for game 2.
||horseki is ready for game 2.
|uhtml|next|Next: Game 2 of 3
