|j|☆34hhhl
|j|☆Keeper08
|html|34hhhlKeeper08    
|uhtml|bestof|Game 1 of a best-of-3
|t:|1757844983
|gametype|doubles
|player|p1|34hhhl|bugcatcher-gen4dp|1009
|player|p2|Keeper08|lance|1040
|gen|9
|tier|[Gen 9] VGC 2025 Reg H (Bo3)
|rated|
|rule|Species Clause: Limit one of each Pokémon
|rule|Item Clause: Limit 1 of each item
|clearpoke
|poke|p1|Archaludon, L50, M|
|poke|p1|Basculegion, L50, M|
|poke|p1|Pelipper, L50, F|
|poke|p1|Amoonguss, L50, F|
|poke|p1|Incineroar, L50, M|
|poke|p1|Maushold, L50|
|poke|p2|Dusclops, L50, M|
|poke|p2|Hydreigon, L50, M|
|poke|p2|Rillaboom, L50, F|
|poke|p2|Gyarados, L50, M|
|poke|p2|Klefki, L50, M|
|poke|p2|Arcanine-Hisui, L50, F|
|teampreview|4
|showteam|p1|Archaludon||AssaultVest|Stamina|ElectroShot,DragonPulse,FlashCannon,BodyPress|||M|||50|,,,,,Grass]Basculegion||MysticWater|SwiftSwim|Protect,WaveCrash,AquaJet,LastRespects|||M|||50|,,,,,Water]Pelipper||FocusSash|Drizzle|Hurricane,WeatherBall,Tailwind,Protect|||F|||50|,,,,,Ghost]Amoonguss||SitrusBerry|Regenerator|Spore,RagePowder,PollenPuff,ClearSmog|||F|||50|,,,,,Water]Incineroar||SafetyGoggles|Intimidate|FakeOut,FlareBlitz,KnockOff,PartingShot|||M|||50|,,,,,Ghost]Maushold||WideLens|Technician|PopulationBomb,FollowMe,Taunt,Protect||||||50|,,,,,Grass
|showteam|p2|Dusclops||Eviolite|Pressure|NightShade,Protect,HelpingHand,WillOWisp|||M|||50|,,,,,Normal]Hydreigon||CovertCloak|Levitate|DracoMeteor,Snarl,Tailwind,Taunt|||M|||50|,,,,,Poison]Rillaboom||AssaultVest|GrassySurge|FakeOut,WoodHammer,GrassyGlide,HighHorsepower|||F|||50|,,,,,Water]Gyarados|||Intimidate|Waterfall,ThunderWave,Protect,DragonDance|||M|||50|,,,,,Ground]Klefki||Leftovers|Prankster|LightScreen,Reflect,ThunderWave,DazzlingGleam|||M|||50|,,,,,Water]Arcanine-Hisui||ChoiceScarf|RockHead|FlareBlitz,CloseCombat,IronHead,RockSlide|||F|||50|,,,,,Fire
|inactive|Battle timer is ON: inactive players will automatically lose when time's up. (requested by 34hhhl)
|inactive|34hhhl has 60 seconds left.
|inactive|Keeper08 has 60 seconds left.
|
|t:|1757845020
|teamsize|p1|4
|teamsize|p2|4
|start
|switch|p1a: Archaludon|Archaludon, L50, M|100/100
|switch|p1b: Pelipper|Pelipper, L50, F|100/100
|switch|p2a: Klefki|Klefki, L50, M|100/100
|switch|p2b: Hydreigon|Hydreigon, L50, M|100/100
|-weather|RainDance|[from] ability: Drizzle|[of] p1b: Pelipper
|turn|1
|
|t:|1757845041
|move|p2a: Klefki|Light Screen|p2a: Klefki
|-sidestart|p2: Keeper08|move: Light Screen
|move|p2b: Hydreigon|Tailwind|p2b: Hydreigon
|-sidestart|p2: Keeper08|move: Tailwind
|move|p1b: Pelipper|Tailwind|p1b: Pelipper
|-sidestart|p1: 34hhhl|move: Tailwind
|move|p1a: Archaludon|Electro Shot||[still]
|-prepare|p1a: Archaludon|Electro Shot
|-boost|p1a: Archaludon|spa|1
|-anim|p1a: Archaludon|Electro Shot|p2b: Hydreigon
|-resisted|p2b: Hydreigon
|-damage|p2b: Hydreigon|76/100
|
|-weather|RainDance|[upkeep]
|upkeep
|turn|2
|
|t:|1757845061
|move|p2a: Klefki|Thunder Wave|p1a: Archaludon
|-status|p1a: Archaludon|par
|move|p2b: Hydreigon|Snarl|p1a: Archaludon|[spread] p1a,p1b
|-damage|p1a: Archaludon|85/100 par
|-damage|p1b: Pelipper|63/100
|-unboost|p1a: Archaludon|spa|1
|-unboost|p1b: Pelipper|spa|1
|-ability|p1a: Archaludon|Stamina|boost
|-boost|p1a: Archaludon|def|1
|move|p1b: Pelipper|Hurricane|p2b: Hydreigon
|-damage|p2b: Hydreigon|55/100
|move|p1a: Archaludon|Electro Shot||[still]
|-prepare|p1a: Archaludon|Electro Shot
|-boost|p1a: Archaludon|spa|1
|-anim|p1a: Archaludon|Electro Shot|p2b: Hydreigon
|-resisted|p2b: Hydreigon
|-damage|p2b: Hydreigon|31/100
|
|-weather|RainDance|[upkeep]
|upkeep
|turn|3
|
|t:|1757845083
|move|p2a: Klefki|Thunder Wave|p1b: Pelipper
|-status|p1b: Pelipper|par
|move|p2b: Hydreigon|Draco Meteor|p1a: Archaludon
|-damage|p1a: Archaludon|32/100 par
|-unboost|p2b: Hydreigon|spa|2
|-ability|p1a: Archaludon|Stamina|boost
|-boost|p1a: Archaludon|def|1
|move|p1b: Pelipper|Hurricane|p2b: Hydreigon
|-damage|p2b: Hydreigon|12/100
|move|p1a: Archaludon|Electro Shot||[still]
|-prepare|p1a: Archaludon|Electro Shot
|-boost|p1a: Archaludon|spa|1
|-anim|p1a: Archaludon|Electro Shot|p2b: Hydreigon
|-resisted|p2b: Hydreigon
|-damage|p2b: Hydreigon|0 fnt
|faint|p2b: Hydreigon
|
|-weather|RainDance|[upkeep]
|upkeep
|inactive|Keeper08 has 30 seconds left.
|
|t:|1757845113
|switch|p2b: Rillaboom|Rillaboom, L50, F, shiny|100/100
|-fieldstart|move: Grassy Terrain|[from] ability: Grassy Surge|[of] p2b: Rillaboom
|turn|4
|
|t:|1757845125
|switch|p1b: Amoonguss|Amoonguss, L50, F|100/100
|-terastallize|p2b: Rillaboom|Water
|move|p2b: Rillaboom|High Horsepower|p1a: Archaludon
|-supereffective|p1a: Archaludon
|-damage|p1a: Archaludon|7/100 par
|-ability|p1a: Archaludon|Stamina|boost
|-boost|p1a: Archaludon|def|1
|move|p2a: Klefki|Dazzling Gleam|p1a: Archaludon|[spread] p1a,p1b
|-resisted|p1b: Amoonguss
|-damage|p1a: Archaludon|0 fnt
|-damage|p1b: Amoonguss|93/100
|faint|p1a: Archaludon
|
|-weather|RainDance|[upkeep]
|-heal|p1b: Amoonguss|99/100|[from] Grassy Terrain
|-sideend|p2: Keeper08|move: Tailwind
|-sideend|p1: 34hhhl|move: Tailwind
|upkeep
|
|t:|1757845136
|switch|p1a: Basculegion|Basculegion, L50, M|100/100
|turn|5
|
|t:|1757845159
|move|p1b: Amoonguss|Rage Powder|p1b: Amoonguss
|-singleturn|p1b: Amoonguss|move: Rage Powder
|move|p2b: Rillaboom|Grassy Glide|p1b: Amoonguss
|-resisted|p1b: Amoonguss
|-damage|p1b: Amoonguss|92/100
|move|p2a: Klefki|Reflect|p2a: Klefki
|-sidestart|p2: Keeper08|Reflect
|move|p1a: Basculegion|Wave Crash|p2a: Klefki
|-damage|p2a: Klefki|25/100
|-damage|p1a: Basculegion|80/100|[from] Recoil
|
|-weather|none
|-heal|p1a: Basculegion|87/100|[from] Grassy Terrain
|-heal|p2a: Klefki|31/100|[from] Grassy Terrain
|-heal|p2a: Klefki|37/100|[from] item: Leftovers
|-heal|p1b: Amoonguss|98/100|[from] Grassy Terrain
|-sideend|p2: Keeper08|move: Light Screen
|upkeep
|turn|6
|
|t:|1757845177
|switch|p2b: Arcanine|Arcanine-Hisui, L50, F|100/100
|move|p1b: Amoonguss|Rage Powder|p1b: Amoonguss
|-singleturn|p1b: Amoonguss|move: Rage Powder
|move|p2a: Klefki|Thunder Wave|p1b: Amoonguss|[miss]
|-miss|p2a: Klefki|p1b: Amoonguss
|move|p1a: Basculegion|Wave Crash|p2a: Klefki
|-damage|p2a: Klefki|0 fnt
|faint|p2a: Klefki
|-damage|p1a: Basculegion|77/100|[from] Recoil
|
|-heal|p1a: Basculegion|83/100|[from] Grassy Terrain
|-heal|p1b: Amoonguss|100/100|[from] Grassy Terrain
|upkeep
|
|t:|1757845185
|switch|p2a: Rillaboom|Rillaboom, L50, F, shiny, tera:Water|100/100
|turn|7
|
|t:|1757845198
|switch|p1a: Pelipper|Pelipper, L50, F|63/100 par
|-weather|RainDance|[from] ability: Drizzle|[of] p1a: Pelipper
|move|p2b: Arcanine|Rock Slide|p1b: Amoonguss|[spread] p1a,p1b
|-supereffective|p1a: Pelipper
|-damage|p1a: Pelipper|0 fnt
|-damage|p1b: Amoonguss|76/100
|faint|p1a: Pelipper
|move|p2a: Rillaboom|High Horsepower|p1b: Amoonguss
|-damage|p1b: Amoonguss|50/100
|-enditem|p1b: Amoonguss|Sitrus Berry|[eat]
|-heal|p1b: Amoonguss|75/100|[from] item: Sitrus Berry
|move|p1b: Amoonguss|Spore|p2a: Rillaboom
|-status|p2a: Rillaboom|slp|[from] move: Spore
|
|-weather|RainDance|[upkeep]
|-heal|p1b: Amoonguss|81/100|[from] Grassy Terrain
|upkeep
|
|t:|1757845212
|switch|p1a: Basculegion|Basculegion, L50, M|83/100
|turn|8
|
|t:|1757845222
|move|p1a: Basculegion|Wave Crash|p2b: Arcanine
|-supereffective|p2b: Arcanine
|-damage|p2b: Arcanine|0 fnt
|faint|p2b: Arcanine
|-damage|p1a: Basculegion|54/100|[from] Recoil
|cant|p2a: Rillaboom|slp
|move|p1b: Amoonguss|Pollen Puff|p1a: Basculegion
|-heal|p1a: Basculegion|100/100
|
|-weather|RainDance|[upkeep]
|-heal|p1b: Amoonguss|87/100|[from] Grassy Terrain
|-fieldend|move: Grassy Terrain
|upkeep
|turn|9
|
|t:|1757845236
|move|p1b: Amoonguss|Rage Powder|p1b: Amoonguss
|-singleturn|p1b: Amoonguss|move: Rage Powder
|move|p1a: Basculegion|Last Respects|p2a: Rillaboom
|-damage|p2a: Rillaboom|54/100 slp
|cant|p2a: Rillaboom|slp
|
|-weather|RainDance|[upkeep]
|-sideend|p2: Keeper08|Reflect
|upkeep
|turn|10
|
|t:|1757845246
|move|p1b: Amoonguss|Rage Powder|p1b: Amoonguss
|-singleturn|p1b: Amoonguss|move: Rage Powder
|move|p1a: Basculegion|Last Respects|p2a: Rillaboom
|-crit|p2a: Rillaboom
|-damage|p2a: Rillaboom|0 fnt
|faint|p2a: Rillaboom
|
|win|34hhhl
||Keeper08 is ready for game 2.
||34hhhl is ready for game 2.
|uhtml|next|Next: Game 2 of 3
|l|☆Keeper08
|player|p2|
|l|☆34hhhl
|player|p1|
