|j|☆iflamercenar
|j|☆MinasDevilCrobats
|html|iflamercenarMinasDevilCrobats    
|uhtml|bestof|Game 3 of a best-of-3
|t:|1756986762
|gametype|doubles
|player|p1|iflamercenar|acetrainer-gen4dp|1210
|player|p2|MinasDevilCrobats|darach-caitlin|1304
|gen|9
|tier|[Gen 9] VGC 2025 Reg H (Bo3)
|rated|
|rule|Species Clause: Limit one of each Pokémon
|rule|Item Clause: Limit 1 of each item
|clearpoke
|poke|p1|Sneasler, L50, M|
|poke|p1|Volcarona, L50, F|
|poke|p1|Dragonite, L50, F|
|poke|p1|Rillaboom, L50, M|
|poke|p1|Gholdengo, L50|
|poke|p1|Magmar, L50, F|
|poke|p2|Indeedee, L50, M|
|poke|p2|Sneasler, L50, F|
|poke|p2|Dondozo, L50, F|
|poke|p2|Tatsugiri, L50, F|
|poke|p2|Talonflame, L50, F|
|poke|p2|Glimmora, L50, F|
|teampreview|4
|showteam|p1|Sneasler||GrassySeed|Unburden|DireClaw,CloseCombat,ThroatChop,Protect|||M|||50|,,,,,Dark]Volcarona||Leftovers|FlameBody|HeatWave,QuiverDance,TeraBlast,Protect|||F|||50|,,,,,Fairy]Dragonite||LoadedDice|Multiscale|ScaleShot,ExtremeSpeed,Haze,Protect|||F|||50|,,,,,Steel]Rillaboom||AssaultVest|GrassySurge|WoodHammer,GrassyGlide,HighHorsepower,FakeOut|||M|||50|,,,,,Fire]Gholdengo||SitrusBerry|GoodasGold|MakeItRain,ShadowBall,NastyPlot,Protect||||||50|,,,,,Water]Magmar||Eviolite|VitalSpirit|Overheat,FollowMe,Taunt,Protect|||F|||50|,,,,,Ghost
|showteam|p2|Indeedee||ChoiceScarf|PsychicSurge|ExpandingForce,DazzlingGleam,Trick,Protect|||M|||50|,,,,,Fairy]Sneasler||PsychicSeed|Unburden|CloseCombat,DireClaw,ThroatChop,Protect|||F|||50|,,,,,Dark]Dondozo||Leftovers|Unaware|WaveCrash,OrderUp,Earthquake,Protect|||F|||50|,,,,,Grass]Tatsugiri||LifeOrb|Commander|MuddyWater,DracoMeteor,DragonPulse,Protect|||F|||50|,,,,,Steel]Talonflame||CovertCloak|GaleWings|FlareBlitz,WillOWisp,Tailwind,Taunt|||F|||50|,,,,,Grass]Glimmora||PowerHerb|ToxicDebris|MeteorBeam,SludgeBomb,EarthPower,SpikyShield|||F|||50|,,,,,Grass
|
|t:|1756986801
|teamsize|p1|4
|teamsize|p2|4
|start
|switch|p1a: Gholdengo|Gholdengo, L50|100/100
|switch|p1b: Magmar|Magmar, L50, F, shiny|100/100
|switch|p2a: Talonflame|Talonflame, L50, F|100/100
|switch|p2b: Glimmora|Glimmora, L50, F|100/100
|turn|1
|
|t:|1756986823
|move|p2b: Glimmora|Spiky Shield|p2b: Glimmora
|-singleturn|p2b: Glimmora|move: Protect
|move|p1b: Magmar|Follow Me|p1b: Magmar
|-singleturn|p1b: Magmar|move: Follow Me
|move|p2a: Talonflame|Taunt|p1b: Magmar
|-start|p1b: Magmar|move: Taunt
|move|p1a: Gholdengo|Nasty Plot|p1a: Gholdengo
|-boost|p1a: Gholdengo|spa|2
|
|upkeep
|turn|2
|
|t:|1756986840
|-terastallize|p1a: Gholdengo|Water
|move|p2a: Talonflame|Tailwind|p2a: Talonflame
|-sidestart|p2: MinasDevilCrobats|move: Tailwind
|move|p2b: Glimmora|Meteor Beam||[still]
|-prepare|p2b: Glimmora|Meteor Beam
|-boost|p2b: Glimmora|spa|1
|-enditem|p2b: Glimmora|Power Herb
|-anim|p2b: Glimmora|Meteor Beam|p1a: Gholdengo
|-damage|p1a: Gholdengo|3/100
|-enditem|p1a: Gholdengo|Sitrus Berry|[eat]
|-heal|p1a: Gholdengo|28/100|[from] item: Sitrus Berry
|move|p1a: Gholdengo|Make It Rain|p2b: Glimmora|[spread] p2a,p2b
|-resisted|p2a: Talonflame
|-supereffective|p2b: Glimmora
|-damage|p2a: Talonflame|29/100
|-damage|p2b: Glimmora|0 fnt
|-unboost|p1a: Gholdengo|spa|1
|faint|p2b: Glimmora
|move|p1b: Magmar|Overheat|p2a: Talonflame
|-resisted|p2a: Talonflame
|-damage|p2a: Talonflame|0 fnt
|-unboost|p1b: Magmar|spa|2
|faint|p2a: Talonflame
|
|upkeep
|
|t:|1756986854
|switch|p2a: Indeedee|Indeedee, L50, M|100/100
|switch|p2b: Sneasler|Sneasler, L50, F|100/100
|-fieldstart|move: Psychic Terrain|[from] ability: Psychic Surge|[of] p2a: Indeedee
|-enditem|p2b: Sneasler|Psychic Seed
|-boost|p2b: Sneasler|spd|1|[from] item: Psychic Seed
|turn|3
|
|t:|1756986868
|switch|p1b: Rillaboom|Rillaboom, L50, M|100/100
|-fieldstart|move: Grassy Terrain|[from] ability: Grassy Surge|[of] p1b: Rillaboom
|move|p1a: Gholdengo|Protect|p1a: Gholdengo
|-singleturn|p1a: Gholdengo|Protect
|move|p2b: Sneasler|Close Combat|p1b: Rillaboom
|-damage|p1b: Rillaboom|36/100
|-unboost|p2b: Sneasler|def|1
|-unboost|p2b: Sneasler|spd|1
|move|p2a: Indeedee|Expanding Force|p1b: Rillaboom
|-damage|p1b: Rillaboom|6/100
|
|-heal|p1a: Gholdengo|34/100|[from] Grassy Terrain
|-heal|p1b: Rillaboom|12/100|[from] Grassy Terrain
|upkeep
|turn|4
|
|t:|1756986891
|move|p1b: Rillaboom|Fake Out|p2a: Indeedee
|-damage|p2a: Indeedee|67/100
|move|p2b: Sneasler|Dire Claw|p1a: Gholdengo
|-damage|p1a: Gholdengo|0 fnt
|faint|p1a: Gholdengo
|cant|p2a: Indeedee|flinch
|
|-heal|p2a: Indeedee|73/100|[from] Grassy Terrain
|-heal|p1b: Rillaboom|19/100|[from] Grassy Terrain
|upkeep
|
|t:|1756986898
|switch|p1a: Magmar|Magmar, L50, F, shiny|100/100
|turn|5
|
|t:|1756986916
|move|p2b: Sneasler|Protect|p2b: Sneasler
|-singleturn|p2b: Sneasler|Protect
|move|p1a: Magmar|Follow Me|p1a: Magmar
|-singleturn|p1a: Magmar|move: Follow Me
|move|p2a: Indeedee|Expanding Force|p1a: Magmar
|-damage|p1a: Magmar|74/100
|move|p1b: Rillaboom|Wood Hammer|p2a: Indeedee
|-damage|p2a: Indeedee|0 fnt
|faint|p2a: Indeedee
|-damage|p1b: Rillaboom|2/100|[from] Recoil
|
|-heal|p1a: Magmar|80/100|[from] Grassy Terrain
|-heal|p1b: Rillaboom|8/100|[from] Grassy Terrain
|-sideend|p2: MinasDevilCrobats|move: Tailwind
|upkeep
|turn|6
|c|☆iflamercenar|Gg
|
|t:|1756986933
|move|p1a: Magmar|Follow Me|p1a: Magmar
|-singleturn|p1a: Magmar|move: Follow Me
|move|p2b: Sneasler|Close Combat|p1a: Magmar
|-damage|p1a: Magmar|24/100
|-unboost|p2b: Sneasler|def|1
|-unboost|p2b: Sneasler|spd|1
|move|p1b: Rillaboom|High Horsepower|p2b: Sneasler
|-supereffective|p2b: Sneasler
|-damage|p2b: Sneasler|0 fnt
|faint|p2b: Sneasler
|
|win|iflamercenar
|raw|iflamercenar's rating: 1210 → 1242(+32 for winning)
|raw|MinasDevilCrobats's rating: 1304 → 1279(-25 for losing)
|c|☆MinasDevilCrobats|gg
