|j|☆x-3 demon
|j|☆Twiz94
|html|x-3 demonTwiz94    
|uhtml|bestof|Game 1 of a best-of-3
|t:|1756772947
|gametype|doubles
|player|p1|x-3 demon|boarder-gen2|1193
|player|p2|Twiz94|169|1193
|gen|9
|tier|[Gen 9] VGC 2025 Reg H (Bo3)
|rated|
|rule|Species Clause: Limit one of each Pokémon
|rule|Item Clause: Limit 1 of each item
|clearpoke
|poke|p1|Dragonite, L50, F|
|poke|p1|Sinistcha, L50|
|poke|p1|Ursaluna, L50, F|
|poke|p1|Gholdengo, L50|
|poke|p1|Incineroar, L50, F|
|poke|p1|Ninetales-Alola, L50, F|
|poke|p2|Typhlosion-Hisui, L50, M|
|poke|p2|Garchomp, L50, M|
|poke|p2|Indeedee, L50, M|
|poke|p2|Torkoal, L50, F|
|poke|p2|Sneasler, L50, M|
|poke|p2|Jumpluff, L50, F|
|teampreview|4
|showteam|p1|Dragonite||LoadedDice|Multiscale|ScaleShot,Haze,Tailwind,Protect|||F|||50|,,,,,Fairy]Sinistcha||SitrusBerry|Hospitality|MatchaGotcha,LifeDew,RagePowder,TrickRoom||||||50|,,,,,Water]Ursaluna||FlameOrb|Guts|HeadlongRush,Earthquake,Facade,Protect|||F|||50|,,,,,Ghost]Gholdengo||LifeOrb|GoodasGold|MakeItRain,ShadowBall,NastyPlot,Protect||||||50|,,,,,Water]Incineroar||AssaultVest|Intimidate|FlareBlitz,KnockOff,FakeOut,Uturn|||F|||50|,,,,,Grass]Ninetales-Alola||FocusSash|SnowWarning|IcyWind,FreezeDry,Encore,AuroraVeil|||F|||50|,,,,,Ghost
|showteam|p2|Typhlosion-Hisui||ChoiceScarf|Blaze|Eruption,HeatWave,Overheat,ShadowBall|||M|||50|,,,,,Fire]Garchomp||LifeOrb|RoughSkin|Protect,ScaleShot,StompingTantrum,Earthquake|||M|||50|,,,,,Fairy]Indeedee||FocusSash|PsychicSurge|Protect,TeraBlast,ExpandingForce,TrickRoom|||M|||50|,,,,,Fighting]Torkoal||EjectPack|Drought|Protect,HelpingHand,Overheat,Eruption|||F|||50|,,,,,Fire]Sneasler||AirBalloon|Unburden|FakeOut,DireClaw,CloseCombat,Coaching|||M|||50|,,,,,Stellar]Jumpluff||CovertCloak|Chlorophyll|SleepPowder,Tailwind,RagePowder,Encore|||F|||50|,,,,,Water
|inactive|Battle timer is ON: inactive players will automatically lose when time's up. (requested by Twiz94)
|inactive|x-3 demon has 60 seconds left.
|inactive|Twiz94 has 60 seconds left.
|inactive|x-3 demon has 30 seconds left.
|inactive|Twiz94 has 30 seconds left.
|inactive|x-3 demon has 20 seconds left.
|inactive|Twiz94 has 20 seconds left.
|inactive|x-3 demon has 15 seconds left.
|inactive|Twiz94 has 15 seconds left.
|inactive|x-3 demon has 10 seconds left.
|
|t:|1756773035
|teamsize|p1|4
|teamsize|p2|4
|start
|switch|p1a: Dragonite|Dragonite, L50, F|100/100
|switch|p1b: Gholdengo|Gholdengo, L50|100/100
|switch|p2a: Typhlosion|Typhlosion-Hisui, L50, M, shiny|100/100
|switch|p2b: Jumpluff|Jumpluff, L50, F, shiny|100/100
|turn|1
|inactive|x-3 demon has 30 seconds left.
|inactive|Twiz94 has 30 seconds left.
|inactive|Twiz94 has 20 seconds left.
|
|t:|1756773074
|-terastallize|p1b: Gholdengo|Water
|move|p1a: Dragonite|Protect|p1a: Dragonite
|-singleturn|p1a: Dragonite|Protect
|move|p2a: Typhlosion|Eruption|p1b: Gholdengo|[spread] p1b
|-activate|p1a: Dragonite|move: Protect
|-resisted|p1b: Gholdengo
|-damage|p1b: Gholdengo|73/100
|move|p2b: Jumpluff|Sleep Powder|p1a: Dragonite
|-activate|p1a: Dragonite|move: Protect
|move|p1b: Gholdengo|Nasty Plot|p1b: Gholdengo
|-boost|p1b: Gholdengo|spa|2
|
|upkeep
|turn|2
|inactive|Twiz94 has 30 seconds left.
|inactive|Twiz94 has 20 seconds left.
|inactive|Twiz94 has 15 seconds left.
|
|t:|1756773115
|switch|p1a: Ninetales|Ninetales-Alola, L50, F|100/100
|-weather|Snowscape|[from] ability: Snow Warning|[of] p1a: Ninetales
|move|p2a: Typhlosion|Eruption|p1a: Ninetales|[spread] p1a,p1b
|-supereffective|p1a: Ninetales
|-resisted|p1b: Gholdengo
|-enditem|p1a: Ninetales|Focus Sash
|-damage|p1a: Ninetales|1/100
|-damage|p1b: Gholdengo|45/100
|move|p2b: Jumpluff|Encore||[still]
|-fail|p2b: Jumpluff
|move|p1b: Gholdengo|Shadow Ball|p2b: Jumpluff
|-damage|p2b: Jumpluff|0 fnt
|faint|p2b: Jumpluff
|-damage|p1b: Gholdengo|35/100|[from] item: Life Orb
|
|-weather|Snowscape|[upkeep]
|upkeep
|
|t:|1756773138
|switch|p2b: Indeedee|Indeedee, L50, M, shiny|100/100
|-fieldstart|move: Psychic Terrain|[from] ability: Psychic Surge|[of] p2b: Indeedee
|turn|3
|
|t:|1756773162
|switch|p1a: Incineroar|Incineroar, L50, F|100/100
|-ability|p1a: Incineroar|Intimidate|boost
|-unboost|p2a: Typhlosion|atk|1
|-unboost|p2b: Indeedee|atk|1
|switch|p2b: Torkoal|Torkoal, L50, F, shiny|100/100
|-weather|SunnyDay|[from] ability: Drought|[of] p2b: Torkoal
|-terastallize|p2a: Typhlosion|Fire
|move|p1b: Gholdengo|Protect|p1b: Gholdengo
|-singleturn|p1b: Gholdengo|Protect
|move|p2a: Typhlosion|Eruption|p1b: Gholdengo|[spread] p1a
|-activate|p1b: Gholdengo|move: Protect
|-resisted|p1a: Incineroar
|-damage|p1a: Incineroar|65/100
|
|-weather|SunnyDay|[upkeep]
|upkeep
|turn|4
|inactive|x-3 demon has 30 seconds left.
|inactive|Twiz94 has 30 seconds left.
|inactive|x-3 demon has 20 seconds left.
|inactive|x-3 demon has 15 seconds left.
|inactive|x-3 demon has 10 seconds left.
|
|t:|1756773210
|switch|p1a: Ninetales|Ninetales-Alola, L50, F|1/100
|-weather|Snowscape|[from] ability: Snow Warning|[of] p1a: Ninetales
|move|p2a: Typhlosion|Eruption|p1b: Gholdengo|[spread] p1a,p1b
|-supereffective|p1a: Ninetales
|-resisted|p1b: Gholdengo
|-damage|p1a: Ninetales|0 fnt
|-damage|p1b: Gholdengo|0 fnt
|faint|p1a: Ninetales
|faint|p1b: Gholdengo
|move|p2b: Torkoal|Overheat|p1: Ninetales|[notarget]
|-fail|p2b: Torkoal
|
|-weather|Snowscape|[upkeep]
|upkeep
|
|t:|1756773223
|switch|p1a: Dragonite|Dragonite, L50, F|100/100
|switch|p1b: Incineroar|Incineroar, L50, F|65/100
|-ability|p1b: Incineroar|Intimidate|boost
|-unboost|p2a: Typhlosion|atk|1
|-unboost|p2b: Torkoal|atk|1
|-enditem|p2b: Torkoal|Eject Pack
|
|t:|1756773229
|switch|p2b: Indeedee|Indeedee, L50, M, shiny|100/100
|turn|5
|inactive|Twiz94 has 30 seconds left.
|
|t:|1756773256
|move|p2a: Typhlosion|Eruption|p1a: Dragonite|[spread] p1a,p1b
|-resisted|p1a: Dragonite
|-resisted|p1b: Incineroar
|-damage|p1a: Dragonite|78/100
|-damage|p1b: Incineroar|40/100
|move|p1a: Dragonite|Scale Shot|p2a: Typhlosion|[miss]
|-miss|p1a: Dragonite|p2a: Typhlosion
|move|p1b: Incineroar|Knock Off|p2a: Typhlosion
|-damage|p2a: Typhlosion|39/100
|-enditem|p2a: Typhlosion|Choice Scarf|[from] move: Knock Off|[of] p1b: Incineroar
|move|p2b: Indeedee|Trick Room|p2b: Indeedee
|-fieldstart|move: Trick Room|[of] p2b: Indeedee
|
|-weather|Snowscape|[upkeep]
|upkeep
|turn|6
|inactive|x-3 demon has 30 seconds left.
|inactive|x-3 demon has 20 seconds left.
|
|t:|1756773294
|move|p2b: Indeedee|Protect|p2b: Indeedee
|-singleturn|p2b: Indeedee|Protect
|move|p1b: Incineroar|Knock Off|p2b: Indeedee
|-activate|p2b: Indeedee|move: Protect
|move|p1a: Dragonite|Scale Shot|p2b: Indeedee
|-activate|p2b: Indeedee|move: Protect
|move|p2a: Typhlosion|Eruption|p1a: Dragonite|[spread] p1a,p1b
|-resisted|p1a: Dragonite
|-resisted|p1b: Incineroar
|-damage|p1a: Dragonite|60/100
|-damage|p1b: Incineroar|30/100
|
|-weather|Snowscape|[upkeep]
|upkeep
|turn|7
|inactive|Twiz94 has 30 seconds left.
|
|t:|1756773327
|switch|p2a: Torkoal|Torkoal, L50, F, shiny|100/100
|-weather|SunnyDay|[from] ability: Drought|[of] p2a: Torkoal
|move|p2b: Indeedee|Protect|p2b: Indeedee
|-singleturn|p2b: Indeedee|Protect
|move|p1b: Incineroar|Knock Off|p2a: Torkoal
|-damage|p2a: Torkoal|78/100
|move|p1a: Dragonite|Scale Shot|p2b: Indeedee
|-activate|p2b: Indeedee|move: Protect
|
|-weather|SunnyDay|[upkeep]
|-fieldend|move: Psychic Terrain
|upkeep
|turn|8
|inactive|x-3 demon has 30 seconds left.
|inactive|x-3 demon has 20 seconds left.
|
|t:|1756773364
|switch|p2b: Typhlosion|Typhlosion-Hisui, L50, M, shiny, tera:Fire|39/100
|move|p1a: Dragonite|Protect|p1a: Dragonite
|-singleturn|p1a: Dragonite|Protect
|move|p2a: Torkoal|Eruption|p1b: Incineroar|[spread] p1b
|-activate|p1a: Dragonite|move: Protect
|-resisted|p1b: Incineroar
|-damage|p1b: Incineroar|13/100
|move|p1b: Incineroar|Knock Off|p2a: Torkoal
|-damage|p2a: Torkoal|56/100
|
|-weather|SunnyDay|[upkeep]
|upkeep
|turn|9
|inactive|x-3 demon has 30 seconds left.
|inactive|Twiz94 has 30 seconds left.
|inactive|Twiz94 has 20 seconds left.
|inactive|Twiz94 has 15 seconds left.
|inactive|Twiz94 has 10 seconds left.
|inactive|Twiz94 has 5 seconds left.
|
|t:|1756773419
|move|p2a: Torkoal|Eruption|p1b: Incineroar|[spread] p1a,p1b
|-resisted|p1a: Dragonite
|-resisted|p1b: Incineroar
|-damage|p1a: Dragonite|40/100
|-damage|p1b: Incineroar|0 fnt
|faint|p1b: Incineroar
|move|p1a: Dragonite|Scale Shot|p2a: Torkoal
|-damage|p2a: Torkoal|46/100
|-damage|p2a: Torkoal|36/100
|-damage|p2a: Torkoal|25/100
|-damage|p2a: Torkoal|14/100
|-damage|p2a: Torkoal|3/100
|-hitcount|p2a: Torkoal|5
|-unboost|p1a: Dragonite|def|1
|-boost|p1a: Dragonite|spe|1
|move|p2b: Typhlosion|Overheat|p1a: Dragonite
|-resisted|p1a: Dragonite
|-damage|p1a: Dragonite|0 fnt
|-unboost|p2b: Typhlosion|spa|2
|faint|p1a: Dragonite
|
|win|Twiz94
|inactive|x-3 demon has 30 seconds to confirm battle start!
|inactive|Twiz94 has 30 seconds to confirm battle start!
||x-3 demon is ready for game 2.
|inactive|Twiz94 has 20 seconds to confirm battle start!
||Twiz94 is ready for game 2.
|uhtml|next|Next: Game 2 of 3
|l|☆Twiz94
|player|p2|
