|j|☆is_katabo
|j|☆RyanPowneyLobotomy
|html|is_kataboRyanPowneyLobotomy    
|uhtml|bestof|Game 2 of a best-of-3
|t:|1785821454
|gametype|doubles
|player|p1|is_katabo|youngster-gen4dp|1263
|player|p2|RyanPowneyLobotomy|pokemonranger-gen4|1154
|gen|9
|tier|[Gen 9 Champions] VGC 2026 Reg M-B (Bo3)
|rated|
|rule|Species Clause: Limit one of each Pokémon
|rule|Item Clause: Limit 1 of each item
|clearpoke
|poke|p1|Venusaur, L50, F|
|poke|p1|Charizard, L50, F|
|poke|p1|Incineroar, L50, F|
|poke|p1|Toxapex, L50, M|
|poke|p1|Dragapult, L50, M|
|poke|p1|Sylveon, L50, M|
|poke|p2|Charizard, L50, F|
|poke|p2|Incineroar, L50, M|
|poke|p2|Gholdengo, L50|
|poke|p2|Whimsicott, L50, M|
|poke|p2|Kommo-o, L50, M|
|poke|p2|Basculegion, L50, M|
|teampreview|4
|showteam|p1|Venusaur||LifeOrb|Chlorophyll|LeafStorm,SludgeBomb,EarthPower,Protect|Modest||F|||50|]Charizard||CharizarditeY|Blaze|WeatherBall,HeatWave,HelpingHand,Protect|Modest||F|||50|]Incineroar||SitrusBerry|Intimidate|FakeOut,ThroatChop,FlareBlitz,PartingShot|Careful||F|||50|]Toxapex||Leftovers|Regenerator|Infestation,Toxic,WideGuard,BanefulBunker|Relaxed||M|||50|]Dragapult||FocusSash|ClearBody|DragonDarts,PhantomForce,DracoMeteor,Protect|Naive||M|||50|]Sylveon||FairyFeather|Pixilate|HyperVoice,HyperBeam,QuickAttack,Detect|Modest||M|||50|
|showteam|p2|Charizard||CharizarditeY|Blaze|HeatWave,WeatherBall,SolarBeam,Protect|Modest||F|||50|]Incineroar||SitrusBerry|Intimidate|FakeOut,FlareBlitz,ThroatChop,PartingShot|Impish||M|||50|]Gholdengo||MetalCoat|GoodasGold|MakeItRain,ShadowBall,NastyPlot,Protect|Modest|||||50|]Whimsicott||FocusSash|Prankster|Moonblast,Tailwind,Encore,Protect|Timid||M|||50|]Kommo-o||LifeOrb|Soundproof|ClangingScales,AuraSphere,VacuumWave,Protect|Modest||M|||50|]Basculegion||MysticWater|Adaptability|WaveCrash,AquaJet,LastRespects,Protect|Adamant||M|||50|
|
|t:|1785821482
|teamsize|p1|4
|teamsize|p2|4
|start
|switch|p1a: Charizard|Charizard, L50, F|100/100
|switch|p1b: Toxapex|Toxapex, L50, M|100/100
|switch|p2a: Whimsicott|Whimsicott, L50, M|100/100
|switch|p2b: Kommo-o|Kommo-o, L50, M|100/100
|turn|1
|
|t:|1785821498
|switch|p2a: Basculegion|Basculegion, L50, M|100/100
|detailschange|p1a: Charizard|Charizard-Mega-Y, L50, F
|-mega|p1a: Charizard|Charizard|Charizardite Y
|-weather|SunnyDay|[from] ability: Drought|[of] p1a: Charizard
|move|p2b: Kommo-o|Clanging Scales|p1a: Charizard|[spread] p1a,p1b
|-damage|p1a: Charizard|56/100
|-damage|p1b: Toxapex|60/100
|-unboost|p2b: Kommo-o|def|1
|-damage|p2b: Kommo-o|90/100|[from] item: Life Orb
|move|p1a: Charizard|Heat Wave|p2a: Basculegion|[spread] p2b
|-miss|p1a: Charizard|p2a: Basculegion
|-resisted|p2b: Kommo-o|1
|-damage|p2b: Kommo-o|54/100
|move|p1b: Toxapex|Infestation|p2a: Basculegion
|-resisted|p2a: Basculegion|1
|-damage|p2a: Basculegion|98/100
|-activate|p2a: Basculegion|move: Infestation|[of] p1b: Toxapex
|
|-weather|SunnyDay|[upkeep]
|-heal|p1b: Toxapex|66/100|[from] item: Leftovers
|-damage|p2a: Basculegion|86/100|[from] move: Infestation|[partiallytrapped]
|upkeep
|turn|2
|
|t:|1785821536
|move|p2b: Kommo-o|Aura Sphere|p1b: Toxapex
|-resisted|p1b: Toxapex|1
|-damage|p1b: Toxapex|46/100
|-damage|p2b: Kommo-o|44/100|[from] item: Life Orb
|move|p1a: Charizard|Weather Ball|p2b: Kommo-o
|-resisted|p2b: Kommo-o|1
|-damage|p2b: Kommo-o|0 fnt
|faint|p2b: Kommo-o
|move|p2a: Basculegion|Wave Crash|p1a: Charizard
|-supereffective|p1a: Charizard|1
|-damage|p1a: Charizard|0 fnt
|faint|p1a: Charizard
|-damage|p2a: Basculegion|70/100|[from] Recoil
|move|p1b: Toxapex|Toxic|p2a: Basculegion
|-status|p2a: Basculegion|tox
|
|-weather|SunnyDay|[upkeep]
|-heal|p1b: Toxapex|52/100|[from] item: Leftovers
|-damage|p2a: Basculegion|64/100 tox|[from] psn
|-damage|p2a: Basculegion|52/100 tox|[from] move: Infestation|[partiallytrapped]
|upkeep
|
|t:|1785821555
|switch|p2b: Charizard|Charizard, L50, F|100/100
|switch|p1a: Incineroar|Incineroar, L50, F|100/100
|-ability|p1a: Incineroar|Intimidate|boost
|-unboost|p2a: Basculegion|atk|1
|-unboost|p2b: Charizard|atk|1
|turn|3
|
|t:|1785821572
|switch|p2a: Whimsicott|Whimsicott, L50, M|100/100
|detailschange|p2b: Charizard|Charizard-Mega-Y, L50, F
|-mega|p2b: Charizard|Charizard|Charizardite Y
|move|p1b: Toxapex|Baneful Bunker|p1b: Toxapex
|-singleturn|p1b: Toxapex|move: Protect
|move|p2b: Charizard|Solar Beam||[still]
|-prepare|p2b: Charizard|Solar Beam
|-anim|p2b: Charizard|Solar Beam|p1b: Toxapex
|-activate|p1b: Toxapex|move: Protect
|move|p1a: Incineroar|Parting Shot|p2b: Charizard
|-unboost|p2b: Charizard|atk|1
|-unboost|p2b: Charizard|spa|1
|
|t:|1785821584
|switch|p1a: Dragapult|Dragapult, L50, M|100/100|[from] Parting Shot
|
|-weather|SunnyDay|[upkeep]
|-heal|p1b: Toxapex|57/100|[from] item: Leftovers
|upkeep
|turn|4
|
|t:|1785821605
|-heal|p1b: Toxapex|91/100|[from] ability: Regenerator|[silent]
|switch|p1b: Incineroar|Incineroar, L50, F|100/100
|-ability|p1b: Incineroar|Intimidate|boost
|-unboost|p2a: Whimsicott|atk|1
|-unboost|p2b: Charizard|atk|1
|move|p1a: Dragapult|Phantom Force||[still]
|-prepare|p1a: Dragapult|Phantom Force
|move|p2a: Whimsicott|Moonblast|p1b: Incineroar
|-damage|p1b: Incineroar|71/100
|move|p2b: Charizard|Weather Ball|p1b: Incineroar
|-resisted|p1b: Incineroar|1
|-damage|p1b: Incineroar|50/100y
|-enditem|p1b: Incineroar|Sitrus Berry|[eat]
|-heal|p1b: Incineroar|74/100|[from] item: Sitrus Berry
|
|-weather|SunnyDay|[upkeep]
|upkeep
|turn|5
|
|t:|1785821632
|move|p2a: Whimsicott|Tailwind|p2a: Whimsicott
|-sidestart|p2: RyanPowneyLobotomy|move: Tailwind
|move|p2b: Charizard|Weather Ball|p1b: Incineroar
|-resisted|p1b: Incineroar|1
|-damage|p1b: Incineroar|50/100g
|move|p1a: Dragapult|Phantom Force|p2b: Charizard|[from] lockedmove
|-damage|p2b: Charizard|59/100
|move|p1b: Incineroar|Flare Blitz|p2b: Charizard
|-resisted|p2b: Charizard|1
|-damage|p2b: Charizard|27/100
|-damage|p1b: Incineroar|42/100|[from] Recoil
|
|-weather|none
|upkeep
|turn|6
|
|t:|1785821663
|switch|p1a: Toxapex|Toxapex, L50, M|91/100
|move|p2a: Whimsicott|Moonblast|p1a: Toxapex
|-resisted|p1a: Toxapex|1
|-damage|p1a: Toxapex|75/100
|move|p2b: Charizard|Heat Wave|p1a: Toxapex|[spread] p1a,p1b
|-resisted|p1a: Toxapex|1
|-resisted|p1b: Incineroar|1
|-damage|p1a: Toxapex|66/100
|-damage|p1b: Incineroar|31/100
|move|p1b: Incineroar|Parting Shot|p2a: Whimsicott
|-unboost|p2a: Whimsicott|atk|1
|-unboost|p2a: Whimsicott|spa|1
|
|t:|1785821670
|switch|p1b: Dragapult|Dragapult, L50, M|100/100|[from] Parting Shot
|
|-heal|p1a: Toxapex|71/100|[from] item: Leftovers
|upkeep
|turn|7
|
|t:|1785821689
|move|p2a: Whimsicott|Protect|p2a: Whimsicott
|-singleturn|p2a: Whimsicott|Protect
|move|p1b: Dragapult|Protect|p1b: Dragapult
|-singleturn|p1b: Dragapult|Protect
|move|p2b: Charizard|Heat Wave|p1a: Toxapex|[spread] p1a
|-activate|p1b: Dragapult|move: Protect
|-resisted|p1a: Toxapex|1
|-damage|p1a: Toxapex|61/100
|move|p1a: Toxapex|Infestation|p2b: Charizard
|-resisted|p2b: Charizard|2
|-damage|p2b: Charizard|27/100
|-activate|p2b: Charizard|move: Infestation|[of] p1a: Toxapex
|
|-heal|p1a: Toxapex|66/100|[from] item: Leftovers
|-damage|p2b: Charizard|15/100|[from] move: Infestation|[partiallytrapped]
|upkeep
|turn|8
|
|t:|1785821712
|switch|p1b: Incineroar|Incineroar, L50, F|31/100
|-ability|p1b: Incineroar|Intimidate|boost
|-unboost|p2a: Whimsicott|atk|1
|-unboost|p2b: Charizard|atk|1
|move|p2a: Whimsicott|Moonblast|p1b: Incineroar
|-damage|p1b: Incineroar|10/100
|move|p2b: Charizard|Heat Wave|p1b: Incineroar|[spread] p1a,p1b
|-resisted|p1a: Toxapex|1
|-resisted|p1b: Incineroar|1
|-damage|p1a: Toxapex|56/100
|-damage|p1b: Incineroar|0 fnt
|faint|p1b: Incineroar
|move|p1a: Toxapex|Infestation|p2a: Whimsicott
|-damage|p2a: Whimsicott|94/100
|-activate|p2a: Whimsicott|move: Infestation|[of] p1a: Toxapex
|
|-heal|p1a: Toxapex|61/100|[from] item: Leftovers
|-damage|p2a: Whimsicott|81/100|[from] move: Infestation|[partiallytrapped]
|-damage|p2b: Charizard|2/100|[from] move: Infestation|[partiallytrapped]
|-sideend|p2: RyanPowneyLobotomy|move: Tailwind
|upkeep
|
|t:|1785821729
|switch|p1b: Dragapult|Dragapult, L50, M|100/100
|turn|9
|
|t:|1785821745
|move|p2a: Whimsicott|Tailwind|p2a: Whimsicott
|-sidestart|p2: RyanPowneyLobotomy|move: Tailwind
|move|p2b: Charizard|Heat Wave|p1a: Toxapex|[spread] p1a,p1b
|-resisted|p1a: Toxapex|1
|-resisted|p1b: Dragapult|1
|-damage|p1a: Toxapex|52/100
|-damage|p1b: Dragapult|78/100
|move|p1b: Dragapult|Phantom Force||[still]
|-prepare|p1b: Dragapult|Phantom Force
|move|p1a: Toxapex|Toxic|p2a: Whimsicott
|-status|p2a: Whimsicott|tox
|
|-heal|p1a: Toxapex|57/100|[from] item: Leftovers
|-damage|p2a: Whimsicott|75/100 tox|[from] psn
|-damage|p2a: Whimsicott|63/100 tox|[from] move: Infestation|[partiallytrapped]
|-damage|p2b: Charizard|0 fnt|[from] move: Infestation|[partiallytrapped]
|faint|p2b: Charizard
|upkeep
|
|t:|1785821753
|switch|p2b: Basculegion|Basculegion, L50, M|52/100 tox
|turn|10
|
|t:|1785821784
|move|p1a: Toxapex|Baneful Bunker|p1a: Toxapex
|-singleturn|p1a: Toxapex|move: Protect
|move|p2a: Whimsicott|Moonblast|p1a: Toxapex
|-activate|p1a: Toxapex|move: Protect
|move|p2b: Basculegion|Last Respects|p1a: Toxapex
|-activate|p1a: Toxapex|move: Protect
|move|p1b: Dragapult|Phantom Force|p2a: Whimsicott|[from] lockedmove
|-damage|p2a: Whimsicott|0 fnt
|faint|p2a: Whimsicott
|
|-heal|p1a: Toxapex|63/100|[from] item: Leftovers
|-damage|p2b: Basculegion|46/100 tox|[from] psn
|upkeep
|turn|11
|
|t:|1785821807
|move|p2b: Basculegion|Last Respects|p1b: Dragapult
|-supereffective|p1b: Dragapult|1
|-damage|p1b: Dragapult|0 fnt
|faint|p1b: Dragapult
|move|p1a: Toxapex|Infestation|p2b: Basculegion
|-resisted|p2b: Basculegion|1
|-damage|p2b: Basculegion|44/100 tox
|-activate|p2b: Basculegion|move: Infestation|[of] p1a: Toxapex
|
|-heal|p1a: Toxapex|69/100|[from] item: Leftovers
|-damage|p2b: Basculegion|33/100 tox|[from] psn
|-damage|p2b: Basculegion|21/100 tox|[from] move: Infestation|[partiallytrapped]
|upkeep
|turn|12
|c|☆is_katabo|gg
|c|☆is_katabo|cool team
|
|t:|1785821827
|move|p1a: Toxapex|Baneful Bunker|p1a: Toxapex
|-singleturn|p1a: Toxapex|move: Protect
|move|p2b: Basculegion|Last Respects|p1a: Toxapex
|-activate|p1a: Toxapex|move: Protect
|
|-heal|p1a: Toxapex|75/100|[from] item: Leftovers
|-damage|p2b: Basculegion|3/100 tox|[from] psn
|-damage|p2b: Basculegion|0 fnt|[from] move: Infestation|[partiallytrapped]
|faint|p2b: Basculegion
|
|win|is_katabo
|raw|is_katabo's rating: 1263 → 1280(+17 for winning)
|raw|RyanPowneyLobotomy's rating: 1154 → 1137(-17 for losing)
|l|☆RyanPowneyLobotomy
|player|p2|
