|j|☆Inteligent8pro
|j|☆imsochove
|html|Inteligent8proimsochove    
|uhtml|bestof|Game 1 of a best-of-3
|t:|1786147843
|gametype|doubles
|player|p1|Inteligent8pro|elesa|1180
|player|p2|imsochove|265|1291
|gen|9
|tier|[Gen 9 Champions] VGC 2026 Reg M-B (Bo3)
|rated|
|rule|Species Clause: Limit one of each Pokémon
|rule|Item Clause: Limit 1 of each item
|clearpoke
|poke|p1|Blaziken, L50, M|
|poke|p1|Venusaur, L50, M|
|poke|p1|Kingambit, L50, M|
|poke|p1|Ninetales-Alola, L50, M|
|poke|p1|Lycanroc-Dusk, L50, F|
|poke|p1|Basculegion, L50, M|
|poke|p2|Bellibolt, L50, F|
|poke|p2|Grimmsnarl, L50, M|
|poke|p2|Staraptor, L50, M|
|poke|p2|Hippowdon, L50, M|
|poke|p2|Sinistcha-Masterpiece, L50|
|poke|p2|Raichu, L50, F|
|teampreview|4
|showteam|p1|Blaziken||Blazikenite|SpeedBoost|FlareBlitz,CloseCombat,RockSlide,Detect|Adamant||M|||50|]Venusaur||Venusaurite|Chlorophyll|GigaDrain,SludgeBomb,EarthPower,Protect|Modest||M|||50|]Kingambit||LifeOrb|Defiant|KowtowCleave,SuckerPunch,IronHead,Protect|Adamant||M|||50|]Ninetales-Alola||NeverMeltIce|SnowWarning|Blizzard,FreezeDry,Encore,Protect|Timid||M|||50|]Lycanroc-Dusk||FocusSash|ToughClaws|RockSlide,Accelerock,CloseCombat,Protect|Adamant||F|||50|]Basculegion||ChoiceScarf|Adaptability|LastRespects,WaveCrash,AquaJet,FlipTurn|Jolly||M|||50|
|showteam|p2|Bellibolt||SitrusBerry|Electromorphosis|ParabolicCharge,Thunderbolt,Soak,Protect|Modest||F|||50|]Grimmsnarl||LightClay|Prankster|LightScreen,FoulPlay,Reflect,PartingShot|Sassy||M|||50|]Staraptor||Staraptite|Intimidate|BraveBird,CloseCombat,Roost,Protect|Jolly||M|||50|]Hippowdon||IronBall|SandStream|HighHorsepower,IceFang,HeavySlam,Protect|Brave||M|||50|]Sinistcha-Masterpiece||ColburBerry|Hospitality|MatchaGotcha,RagePowder,TrickRoom,Protect|Bold|||||50|]Raichu||RaichuniteX|LightningRod|VoltTackle,VoltSwitch,FakeOut,Protect|Jolly||F|||50|
|inactive|Battle timer is ON: inactive players will automatically lose when time's up. (requested by imsochove)
|
|t:|1786147899
|teamsize|p1|4
|teamsize|p2|4
|start
|switch|p1a: Blaziken|Blaziken, L50, M|100/100
|switch|p1b: Basculegion|Basculegion, L50, M|100/100
|switch|p2a: Bellibolt|Bellibolt, L50, F|100/100
|switch|p2b: Grimmsnarl|Grimmsnarl, L50, M|100/100
|turn|1
|inactive|Inteligent8pro has 30 seconds left.
|inactive|Inteligent8pro has 20 seconds left.
|
|t:|1786147939
|move|p2b: Grimmsnarl|Reflect|p2b: Grimmsnarl
|-sidestart|p2: imsochove|Reflect
|move|p1b: Basculegion|Flip Turn|p2b: Grimmsnarl
|-damage|p2b: Grimmsnarl|78/100
|
|t:|1786147944
|switch|p1b: Venusaur|Venusaur, L50, M|100/100|[from] Flip Turn
|move|p1a: Blaziken|Close Combat|p2a: Bellibolt
|-damage|p2a: Bellibolt|66/100
|-unboost|p1a: Blaziken|def|1
|-unboost|p1a: Blaziken|spd|1
|-start|p2a: Bellibolt|Charge|Close Combat|[from] ability: Electromorphosis
|move|p2a: Bellibolt|Parabolic Charge|p1b: Venusaur|[spread] p2b,p1a,p1b
|-resisted|p1b: Venusaur|1
|-damage|p2b: Grimmsnarl|39/100
|-heal|p2a: Bellibolt|84/100|[from] drain|[of] p2b: Grimmsnarl
|-damage|p1a: Blaziken|15/100
|-heal|p2a: Bellibolt|100/100|[from] drain|[of] p1a: Blaziken
|-damage|p1b: Venusaur|80/100
|-end|p2a: Bellibolt|Charge|[silent]
|
|-ability|p1a: Blaziken|Speed Boost|boost
|-boost|p1a: Blaziken|spe|1
|upkeep
|turn|2
|inactive|imsochove has 30 seconds left.
|inactive|imsochove has 20 seconds left.
|
|t:|1786147983
|move|p2a: Bellibolt|Protect|p2a: Bellibolt
|-singleturn|p2a: Bellibolt|Protect
|move|p2b: Grimmsnarl|Light Screen|p2b: Grimmsnarl
|-sidestart|p2: imsochove|move: Light Screen
|move|p1a: Blaziken|Rock Slide|p2b: Grimmsnarl|[spread] p2b
|-activate|p2a: Bellibolt|move: Protect
|-damage|p2b: Grimmsnarl|27/100
|move|p1b: Venusaur|Earth Power|p2a: Bellibolt
|-activate|p2a: Bellibolt|move: Protect
|
|-ability|p1a: Blaziken|Speed Boost|boost
|-boost|p1a: Blaziken|spe|1
|upkeep
|turn|3
|
|t:|1786147997
|detailschange|p1b: Venusaur|Venusaur-Mega, L50, M
|-mega|p1b: Venusaur|Venusaur|Venusaurite
|move|p2b: Grimmsnarl|Parting Shot|p1b: Venusaur
|-unboost|p1b: Venusaur|atk|1
|-unboost|p1b: Venusaur|spa|1
|
|t:|1786148004
|switch|p2b: Raichu|Raichu, L50, F|100/100|[from] Parting Shot
|move|p1a: Blaziken|Rock Slide|p2b: Raichu|[spread] p2a,p2b
|-damage|p2a: Bellibolt|89/100
|-damage|p2b: Raichu|72/100
|-start|p2a: Bellibolt|Charge|Rock Slide|[from] ability: Electromorphosis
|move|p1b: Venusaur|Earth Power|p2a: Bellibolt
|-supereffective|p2a: Bellibolt|1
|-damage|p2a: Bellibolt|70/100
|-start|p2a: Bellibolt|Charge|Earth Power|[from] ability: Electromorphosis
|cant|p2a: Bellibolt|flinch
|-end|p2a: Bellibolt|Charge|[silent]
|
|-ability|p1a: Blaziken|Speed Boost|boost
|-boost|p1a: Blaziken|spe|1
|upkeep
|turn|4
|inactive|Inteligent8pro has 30 seconds left.
|
|t:|1786148029
|detailschange|p2b: Raichu|Raichu-Mega-X, L50, F
|-mega|p2b: Raichu|Raichu|Raichunite X
|-fieldstart|move: Electric Terrain|[from] ability: Electric Surge|[of] p2b: Raichu
|move|p1a: Blaziken|Detect|p1a: Blaziken
|-singleturn|p1a: Blaziken|Protect
|move|p1b: Venusaur|Protect|p1b: Venusaur
|-singleturn|p1b: Venusaur|Protect
|move|p2b: Raichu|Fake Out|p1a: Blaziken
|-activate|p1a: Blaziken|move: Protect
|move|p2a: Bellibolt|Soak|p1b: Venusaur
|-activate|p1b: Venusaur|move: Protect
|
|-ability|p1a: Blaziken|Speed Boost|boost
|-boost|p1a: Blaziken|spe|1
|upkeep
|turn|5
|inactive|Inteligent8pro has 30 seconds left.
|
|t:|1786148062
|move|p2b: Raichu|Protect|p2b: Raichu
|-singleturn|p2b: Raichu|Protect
|move|p1a: Blaziken|Rock Slide|p2b: Raichu|[spread] p2a
|-activate|p2b: Raichu|move: Protect
|-damage|p2a: Bellibolt|59/100
|-start|p2a: Bellibolt|Charge|Rock Slide|[from] ability: Electromorphosis
|move|p1b: Venusaur|Earth Power|p2b: Raichu
|-activate|p2b: Raichu|move: Protect
|cant|p2a: Bellibolt|flinch
|-end|p2a: Bellibolt|Charge|[silent]
|
|-ability|p1a: Blaziken|Speed Boost|boost
|-boost|p1a: Blaziken|spe|1
|upkeep
|turn|6
|
|t:|1786148083
|switch|p2b: Sinistcha|Sinistcha-Masterpiece, L50|100/100
|-heal|p2a: Bellibolt|84/100|[from] ability: Hospitality|[of] p2b: Sinistcha
|move|p1a: Blaziken|Rock Slide|p2b: Sinistcha|[spread] p2a,p2b
|-damage|p2a: Bellibolt|73/100
|-damage|p2b: Sinistcha|89/100
|-start|p2a: Bellibolt|Charge|Rock Slide|[from] ability: Electromorphosis
|move|p1b: Venusaur|Earth Power|p2a: Bellibolt
|-supereffective|p2a: Bellibolt|1
|-damage|p2a: Bellibolt|51/100
|-start|p2a: Bellibolt|Charge|Earth Power|[from] ability: Electromorphosis
|move|p2a: Bellibolt|Parabolic Charge|p1b: Venusaur|[spread] p2b,p1a,p1b
|-resisted|p2b: Sinistcha|1
|-resisted|p1b: Venusaur|1
|-damage|p2b: Sinistcha|71/100
|-heal|p2a: Bellibolt|58/100|[from] drain|[of] p2b: Sinistcha
|-damage|p1a: Blaziken|0 fnt
|-heal|p2a: Bellibolt|65/100|[from] drain|[of] p1a: Blaziken
|-damage|p1b: Venusaur|62/100
|-heal|p2a: Bellibolt|73/100|[from] drain|[of] p1b: Venusaur
|faint|p1a: Blaziken
|-end|p2a: Bellibolt|Charge|[silent]
|
|upkeep
|
|t:|1786148108
|switch|p1a: Ninetales|Ninetales-Alola, L50, M|100/100
|-weather|Snowscape|[from] ability: Snow Warning|[of] p1a: Ninetales
|turn|7
|inactive|imsochove has 30 seconds left.
|inactive|imsochove has 20 seconds left.
|
|t:|1786148143
|switch|p1b: Basculegion|Basculegion, L50, M|100/100
|move|p1a: Ninetales|Protect|p1a: Ninetales
|-singleturn|p1a: Ninetales|Protect
|move|p2a: Bellibolt|Soak|p1a: Ninetales
|-activate|p1a: Ninetales|move: Protect
|move|p2b: Sinistcha|Trick Room|p2b: Sinistcha
|-fieldstart|move: Trick Room|[of] p2b: Sinistcha
|
|-weather|Snowscape|[upkeep]
|upkeep
|turn|8
|inactive|Inteligent8pro has 30 seconds left.
|
|t:|1786148170
|switch|p1b: Venusaur|Venusaur-Mega, L50, M|62/100
|move|p2a: Bellibolt|Parabolic Charge|p1a: Ninetales|[spread] p2b,p1a,p1b
|-resisted|p2b: Sinistcha|1
|-resisted|p1b: Venusaur|1
|-damage|p2b: Sinistcha|62/100
|-heal|p2a: Bellibolt|77/100|[from] drain|[of] p2b: Sinistcha
|-damage|p1a: Ninetales|74/100
|-heal|p2a: Bellibolt|87/100|[from] drain|[of] p1a: Ninetales
|-damage|p1b: Venusaur|52/100
|-heal|p2a: Bellibolt|91/100|[from] drain|[of] p1b: Venusaur
|move|p2b: Sinistcha|Matcha Gotcha|p1b: Venusaur|[spread] p1a,p1b
|-resisted|p1b: Venusaur|2
|-damage|p1a: Ninetales|49/100
|-heal|p2b: Sinistcha|74/100|[from] drain|[of] p1a: Ninetales
|-damage|p1b: Venusaur|48/100
|-heal|p2b: Sinistcha|76/100|[from] drain|[of] p1b: Venusaur
|move|p1a: Ninetales|Encore|p2b: Sinistcha
|-start|p2b: Sinistcha|Encore
|
|-weather|Snowscape|[upkeep]
|-sideend|p2: imsochove|Reflect
|-fieldend|move: Electric Terrain
|upkeep
|turn|9
|inactive|imsochove has 30 seconds left.
|
|t:|1786148201
|move|p1b: Venusaur|Protect|p1b: Venusaur
|-singleturn|p1b: Venusaur|Protect
|move|p1a: Ninetales|Protect|p1a: Ninetales
|-singleturn|p1a: Ninetales|Protect
|move|p2a: Bellibolt|Soak|p1b: Venusaur
|-activate|p1b: Venusaur|move: Protect
|move|p2b: Sinistcha|Matcha Gotcha|p1a: Ninetales|[spread] 
|-activate|p1a: Ninetales|move: Protect
|-activate|p1b: Venusaur|move: Protect
|
|-weather|Snowscape|[upkeep]
|-sideend|p2: imsochove|move: Light Screen
|upkeep
|turn|10
|l|☆imsochove
|inactive|imsochove disconnected and has a minute to reconnect!
|player|p2|
|j|☆imsochove
|inactive|imsochove reconnected and has 40 seconds left.
|player|p2|imsochove|265|
|
|t:|1786148231
|switch|p2b: Raichu|Raichu-Mega-X, L50, F|72/100
|-fieldstart|move: Electric Terrain|[from] ability: Electric Surge|[of] p2b: Raichu
|move|p2a: Bellibolt|Soak|p1b: Venusaur
|-start|p1b: Venusaur|typechange|Water
|move|p1b: Venusaur|Earth Power|p2a: Bellibolt
|-supereffective|p2a: Bellibolt|1
|-damage|p2a: Bellibolt|46/100
|-start|p2a: Bellibolt|Charge|Earth Power|[from] ability: Electromorphosis
|-enditem|p2a: Bellibolt|Sitrus Berry|[eat]
|-heal|p2a: Bellibolt|71/100|[from] item: Sitrus Berry
|move|p1a: Ninetales|Blizzard|p2b: Raichu|[spread] p2a,p2b
|-damage|p2a: Bellibolt|44/100
|-damage|p2b: Raichu|28/100
|-start|p2a: Bellibolt|Charge|Blizzard|[from] ability: Electromorphosis
|
|-weather|Snowscape|[upkeep]
|upkeep
|turn|11
|
|t:|1786148254
|switch|p2b: Sinistcha|Sinistcha-Masterpiece, L50|76/100
|-heal|p2a: Bellibolt|69/100|[from] ability: Hospitality|[of] p2b: Sinistcha
|move|p1b: Venusaur|Protect|p1b: Venusaur
|-singleturn|p1b: Venusaur|Protect
|move|p1a: Ninetales|Protect|p1a: Ninetales
|-singleturn|p1a: Ninetales|Protect
|move|p2a: Bellibolt|Parabolic Charge|p1a: Ninetales|[spread] p2b
|-activate|p1a: Ninetales|move: Protect
|-activate|p1b: Venusaur|move: Protect
|-resisted|p2b: Sinistcha|1
|-damage|p2b: Sinistcha|53/100
|-heal|p2a: Bellibolt|79/100|[from] drain|[of] p2b: Sinistcha
|-end|p2a: Bellibolt|Charge|[silent]
|
|-weather|none
|-fieldend|move: Trick Room
|upkeep
|turn|12
|inactive|Inteligent8pro has 30 seconds left.
|
|t:|1786148280
|move|p2b: Sinistcha|Rage Powder|p2b: Sinistcha
|-singleturn|p2b: Sinistcha|move: Rage Powder
|move|p1a: Ninetales|Blizzard|p2a: Bellibolt|[spread] p2a
|-miss|p1a: Ninetales|p2b: Sinistcha
|-crit|p2a: Bellibolt
|-damage|p2a: Bellibolt|40/100
|-start|p2a: Bellibolt|Charge|Blizzard|[from] ability: Electromorphosis
|move|p1b: Venusaur|Sludge Bomb|p2b: Sinistcha
|-damage|p2b: Sinistcha|27/100
|move|p2a: Bellibolt|Parabolic Charge|p1b: Venusaur|[spread] p2b,p1a,p1b
|-resisted|p2b: Sinistcha|1
|-crit|p2b: Sinistcha
|-supereffective|p1b: Venusaur|1
|-damage|p2b: Sinistcha|0 fnt
|-heal|p2a: Bellibolt|52/100|[from] drain|[of] p2b: Sinistcha
|-damage|p1a: Ninetales|0 fnt
|-heal|p2a: Bellibolt|71/100|[from] drain|[of] p1a: Ninetales
|-damage|p1b: Venusaur|0 fnt
|-heal|p2a: Bellibolt|93/100|[from] drain|[of] p1b: Venusaur
|faint|p2b: Sinistcha
|faint|p1a: Ninetales
|faint|p1b: Venusaur
|-end|p2a: Bellibolt|Charge|[silent]
|
|upkeep
|
|t:|1786148299
|switch|p1b: Basculegion|Basculegion, L50, M|100/100
|switch|p2b: Grimmsnarl|Grimmsnarl, L50, M|27/100
|turn|13
|-message|Inteligent8pro forfeited.
|
|win|imsochove
