|j|☆martharia
|j|☆homerj71
|html|marthariahomerj71    
|uhtml|bestof|Game 2 of a best-of-3
|t:|1783094005
|gametype|doubles
|player|p1|martharia|102|1172
|player|p2|homerj71|266|1184
|gen|9
|tier|[Gen 9 Champions] VGC 2026 Reg M-B (Bo3)
|rated|
|rule|Species Clause: Limit one of each Pokémon
|rule|Item Clause: Limit 1 of each item
|clearpoke
|poke|p1|Delphox, L50, F, shiny|
|poke|p1|Meowscarada, L50, F|
|poke|p1|Quaquaval, L50, F|
|poke|p1|Talonflame, L50, F|
|poke|p1|Zoroark-Hisui, L50, F, shiny|
|poke|p1|Mawile, L50, F|
|poke|p2|Charizard, L50, M, shiny|
|poke|p2|Garchomp, L50, M|
|poke|p2|Whimsicott, L50, F, shiny|
|poke|p2|Basculegion, L50, M|
|poke|p2|Kingambit, L50, F, shiny|
|poke|p2|Floette-Eternal, L50, F|
|teampreview|4
|showteam|p1|Delphox||Delphoxite|Blaze|HeatWave,Psychic,NastyPlot,Protect|Timid||F|||50|]Meowscarada||LifeOrb|Protean|FlowerTrick,ThroatChop,ThunderPunch,Protect|Jolly||F|||50|]Quaquaval||ExpertBelt|Moxie|AquaStep,CloseCombat,IceSpinner,Protect|Jolly||F|||50|]Talonflame||ChartiBerry|GaleWings|BraveBird,FeatherDance,Tailwind,QuickGuard|Jolly||F|||50|]Zoroark-Hisui||FocusSash|Illusion|BitterMalice,IcyWind,Roar,Protect|Timid||F|||50|]Mawile||Mawilite|HyperCutter|IronHead,PlayRough,SuckerPunch,Protect|Adamant||F|||50|
|showteam|p2|Charizard||CharizarditeY|Blaze|HeatWave,SolarBeam,WeatherBall,Protect|Modest||M|||50|]Garchomp||SitrusBerry|RoughSkin|DragonClaw,Earthquake,RockSlide,PoisonJab|Jolly||M|||50|]Whimsicott||FocusSash|Prankster|Moonblast,Tailwind,Encore,Protect|Timid||F|||50|]Basculegion||LifeOrb|Adaptability|WaveCrash,AquaJet,Protect,LastRespects|Adamant||M|||50|]Kingambit||BlackGlasses|Defiant|KowtowCleave,SuckerPunch,IronHead,Protect|Adamant||F|||50|]Floette-Eternal||Floettite|FlowerVeil|Moonblast,DazzlingGleam,LightofRuin,Protect|Timid||F|||50|
|inactive|Battle timer is ON: inactive players will automatically lose when time's up. (requested by homerj71)
|
|t:|1783094026
|teamsize|p1|4
|teamsize|p2|4
|start
|switch|p1a: Delphox|Delphox, L50, F, shiny|100/100
|switch|p1b: Talonflame|Talonflame, L50, F|100/100
|switch|p2a: Charizard|Charizard, L50, M, shiny|100/100
|switch|p2b: Garchomp|Garchomp, L50, M|100/100
|turn|1
|
|t:|1783094034
|detailschange|p1a: Delphox|Delphox-Mega, L50, F, shiny
|-mega|p1a: Delphox|Delphox|Delphoxite
|detailschange|p2a: Charizard|Charizard-Mega-Y, L50, M, shiny
|-mega|p2a: Charizard|Charizard|Charizardite Y
|-weather|SunnyDay|[from] ability: Drought|[of] p2a: Charizard
|move|p1b: Talonflame|Feather Dance|p2b: Garchomp
|-unboost|p2b: Garchomp|atk|2
|move|p1a: Delphox|Nasty Plot|p1a: Delphox
|-boost|p1a: Delphox|spa|2
|move|p2b: Garchomp|Rock Slide|p1a: Delphox|[spread] p1a,p1b
|-supereffective|p1a: Delphox|1
|-supereffective|p1b: Talonflame|2
|-enditem|p1b: Talonflame|Charti Berry|[eat]
|-enditem|p1b: Talonflame|Charti Berry|[weaken]
|-damage|p1a: Delphox|72/100
|-damage|p1b: Talonflame|73/100
|move|p2a: Charizard|Heat Wave|p1b: Talonflame|[spread] p1a,p1b
|-resisted|p1a: Delphox|1
|-resisted|p1b: Talonflame|1
|-damage|p1a: Delphox|43/100
|-damage|p1b: Talonflame|26/100
|
|-weather|SunnyDay|[upkeep]
|upkeep
|turn|2
|inactive|martharia has 30 seconds left.
|inactive|homerj71 has 30 seconds left.
|
|t:|1783094064
|switch|p2b: Basculegion|Basculegion, L50, M|100/100
|move|p1a: Delphox|Protect|p1a: Delphox
|-singleturn|p1a: Delphox|Protect
|move|p2a: Charizard|Protect|p2a: Charizard
|-singleturn|p2a: Charizard|Protect
|move|p1b: Talonflame|Tailwind|p1b: Talonflame
|-sidestart|p1: martharia|move: Tailwind
|
|-weather|SunnyDay|[upkeep]
|upkeep
|turn|3
|
|t:|1783094081
|switch|p2a: Garchomp|Garchomp, L50, M|100/100
|move|p1b: Talonflame|Quick Guard|p1b: Talonflame
|-singleturn|p1b: Talonflame|Quick Guard
|move|p1a: Delphox|Psychic|p2b: Basculegion
|-damage|p2b: Basculegion|0 fnt
|faint|p2b: Basculegion
|
|-weather|SunnyDay|[upkeep]
|upkeep
|
|t:|1783094090
|switch|p2b: Charizard|Charizard-Mega-Y, L50, M, shiny|100/100
|turn|4
|
|t:|1783094097
|move|p1a: Delphox|Psychic|p2a: Garchomp
|-damage|p2a: Garchomp|0 fnt
|faint|p2a: Garchomp
|move|p1b: Talonflame|Brave Bird|p2b: Charizard
|-damage|p2b: Charizard|56/100
|-damage|p1b: Talonflame|10/100|[from] Recoil
|move|p2b: Charizard|Heat Wave|p1b: Talonflame|[spread] p1a
|-miss|p2b: Charizard|p1b: Talonflame
|-resisted|p1a: Delphox|1
|-damage|p1a: Delphox|12/100
|
|-weather|SunnyDay|[upkeep]
|upkeep
|
|t:|1783094106
|switch|p2a: Kingambit|Kingambit, L50, F, shiny|100/100
|turn|5
|
|t:|1783094112
|move|p2b: Charizard|Protect|p2b: Charizard
|-singleturn|p2b: Charizard|Protect
|move|p1b: Talonflame|Quick Guard|p1b: Talonflame
|-singleturn|p1b: Talonflame|Quick Guard
|move|p2a: Kingambit|Sucker Punch|p1a: Delphox
|-activate|p1a: Delphox|move: Quick Guard
|move|p1a: Delphox|Heat Wave|p2b: Charizard|[spread] p2a
|-activate|p2b: Charizard|move: Protect
|-supereffective|p2a: Kingambit|1
|-crit|p2a: Kingambit
|-damage|p2a: Kingambit|0 fnt
|faint|p2a: Kingambit
|
|-weather|none
|-sideend|p1: martharia|move: Tailwind
|upkeep
|turn|6
|
|t:|1783094119
|move|p1a: Delphox|Psychic|p2b: Charizard
|-damage|p2b: Charizard|0 fnt
|faint|p2b: Charizard
|
|win|martharia
