|j|☆YuzukiVGC
|j|☆Sammias
|html|YuzukiVGCSammias    
|uhtml|bestof|Game 1 of a best-of-3
|t:|1783873254
|gametype|doubles
|player|p1|YuzukiVGC|miku-water|1223
|player|p2|Sammias|miku-ground|1132
|gen|9
|tier|[Gen 9 Champions] VGC 2026 Reg M-B (Bo3)
|rated|
|rule|Species Clause: Limit one of each Pokémon
|rule|Item Clause: Limit 1 of each item
|clearpoke
|poke|p1|Charizard, L50, F|
|poke|p1|Venusaur, L50, M|
|poke|p1|Garchomp, L50, F|
|poke|p1|Incineroar, L50, M|
|poke|p1|Sinistcha-Masterpiece, L50|
|poke|p1|Floette-Eternal, L50, F|
|poke|p2|Excadrill, L50, F|
|poke|p2|Ninetales-Alola, L50, M|
|poke|p2|Talonflame, L50, F|
|poke|p2|Tyranitar, L50, M|
|poke|p2|Sinistcha, L50|
|poke|p2|Sneasler, L50, M|
|teampreview|4
|showteam|p1|Charizard||CharizarditeY|Blaze|Protect,HeatWave,WeatherBall,SolarBeam|Timid||F|||50|]Venusaur||FocusSash|Chlorophyll|Protect,SleepPowder,SludgeBomb,EarthPower|Timid||M|||50|]Garchomp||ChoiceScarf|RoughSkin|Earthquake,RockSlide,StompingTantrum,DragonClaw|Jolly||F|||50|]Incineroar||SitrusBerry|Intimidate|FakeOut,PartingShot,FlareBlitz,ThroatChop|Adamant||M|||50|]Sinistcha-Masterpiece||KasibBerry|Hospitality|RagePowder,MatchaGotcha,TrickRoom,Protect|Relaxed|||||50|]Floette-Eternal||Floettite|FlowerVeil|Moonblast,DazzlingGleam,Protect,CalmMind|Relaxed||F|||50|
|showteam|p2|Excadrill||Excadrite|SandRush|HighHorsepower,IronHead,RockSlide,Protect|Jolly||F|||50|]Ninetales-Alola||FocusSash|SnowWarning|Blizzard,FreezeDry,AuroraVeil,Protect|Timid||M|||50|]Talonflame||SharpBeak|GaleWings|Taunt,Tailwind,DualWingbeat,WillOWisp|Jolly||F|||50|]Tyranitar||ChoiceScarf|SandStream|KnockOff,RockSlide,LowKick,IcePunch|Jolly||M|||50|]Sinistcha||SitrusBerry|Hospitality|StrengthSap,RagePowder,LifeDew,MatchaGotcha|Bold|||||50|]Sneasler||WhiteHerb|Unburden|DireClaw,CloseCombat,FakeOut,Protect|Jolly||M|||50|
|inactive|Battle timer is ON: inactive players will automatically lose when time's up. (requested by Sammias)
|inactive|Sammias has 60 seconds left.
|
|t:|1783873292
|teamsize|p1|4
|teamsize|p2|4
|start
|switch|p1a: Incineroar|Incineroar, L50, M|100/100
|switch|p1b: Charizard|Charizard, L50, F|100/100
|switch|p2a: Sneasler|Sneasler, L50, M|100/100
|switch|p2b: Talonflame|Talonflame, L50, F|100/100
|-ability|p1a: Incineroar|Intimidate|boost
|-unboost|p2a: Sneasler|atk|1
|-unboost|p2b: Talonflame|atk|1
|-enditem|p2a: Sneasler|White Herb
|-clearnegativeboost|p2a: Sneasler|[silent]
|turn|1
|
|t:|1783873310
|detailschange|p1b: Charizard|Charizard-Mega-Y, L50, F
|-mega|p1b: Charizard|Charizard|Charizardite Y
|-weather|SunnyDay|[from] ability: Drought|[of] p1b: Charizard
|move|p2a: Sneasler|Fake Out|p1a: Incineroar
|-damage|p1a: Incineroar|86/100
|cant|p1a: Incineroar|flinch
|move|p2b: Talonflame|Tailwind|p2b: Talonflame
|-sidestart|p2: Sammias|move: Tailwind
|move|p1b: Charizard|Heat Wave|p2a: Sneasler|[spread] p2a,p2b
|-resisted|p2b: Talonflame|1
|-damage|p2a: Sneasler|15/100
|-damage|p2b: Talonflame|52/100
|-status|p2a: Sneasler|brn
|
|-weather|SunnyDay|[upkeep]
|-damage|p2a: Sneasler|10/100 brn|[from] brn
|upkeep
|turn|2
|
|t:|1783873324
|move|p2a: Sneasler|Close Combat|p1a: Incineroar
|-supereffective|p1a: Incineroar|1
|-damage|p1a: Incineroar|27/100
|-unboost|p2a: Sneasler|def|1
|-unboost|p2a: Sneasler|spd|1
|-enditem|p1a: Incineroar|Sitrus Berry|[eat]
|-heal|p1a: Incineroar|51/100|[from] item: Sitrus Berry
|move|p2b: Talonflame|Dual Wingbeat|p1a: Incineroar|[miss]
|-miss|p2b: Talonflame|p1a: Incineroar
|move|p1b: Charizard|Heat Wave|p2a: Sneasler|[spread] p2a
|-miss|p1b: Charizard|p2b: Talonflame
|-damage|p2a: Sneasler|0 fnt
|faint|p2a: Sneasler
|move|p1a: Incineroar|Parting Shot|p2b: Talonflame
|-unboost|p2b: Talonflame|atk|1
|-unboost|p2b: Talonflame|spa|1
|
|t:|1783873328
|switch|p1a: Garchomp|Garchomp, L50, F|100/100|[from] Parting Shot
|
|-weather|SunnyDay|[upkeep]
|upkeep
|
|t:|1783873338
|switch|p2a: Tyranitar|Tyranitar, L50, M|100/100
|-weather|Sandstorm|[from] ability: Sand Stream|[of] p2a: Tyranitar
|turn|3
|
|t:|1783873347
|switch|p1a: Incineroar|Incineroar, L50, M|51/100
|-ability|p1a: Incineroar|Intimidate|boost
|-unboost|p2a: Tyranitar|atk|1
|-unboost|p2b: Talonflame|atk|1
|move|p1b: Charizard|Protect|p1b: Charizard
|-singleturn|p1b: Charizard|Protect
|move|p2b: Talonflame|Will-O-Wisp|p1a: Incineroar
|-immune|p1a: Incineroar
|move|p2a: Tyranitar|Rock Slide|p1b: Charizard|[spread] p1a
|-activate|p1b: Charizard|move: Protect
|-supereffective|p1a: Incineroar|1
|-crit|p1a: Incineroar
|-damage|p1a: Incineroar|0 fnt
|faint|p1a: Incineroar
|
|-weather|Sandstorm|[upkeep]
|-damage|p2b: Talonflame|46/100|[from] Sandstorm
|-damage|p1b: Charizard|94/100|[from] Sandstorm
|upkeep
|
|t:|1783873361
|switch|p1a: Garchomp|Garchomp, L50, F|100/100
|turn|4
|
|t:|1783873364
|switch|p1b: Venusaur|Venusaur, L50, M|100/100
|move|p2b: Talonflame|Will-O-Wisp|p1a: Garchomp
|-status|p1a: Garchomp|brn
|move|p2a: Tyranitar|Rock Slide|p1b: Venusaur|[spread] p1a,p1b
|-resisted|p1a: Garchomp|1
|-damage|p1a: Garchomp|89/100 brn
|-damage|p1b: Venusaur|74/100
|move|p1a: Garchomp|Rock Slide|p2b: Talonflame|[spread] p2a,p2b
|-supereffective|p2b: Talonflame|2
|-damage|p2a: Tyranitar|92/100
|-damage|p2b: Talonflame|0 fnt
|faint|p2b: Talonflame
|
|-weather|Sandstorm|[upkeep]
|-damage|p1b: Venusaur|68/100|[from] Sandstorm
|-damage|p1a: Garchomp|83/100 brn|[from] brn
|-sideend|p2: Sammias|move: Tailwind
|upkeep
|
|t:|1783873376
|switch|p2b: Excadrill|Excadrill, L50, F|100/100
|turn|5
|
|t:|1783873391
|switch|p1a: Charizard|Charizard-Mega-Y, L50, F|94/100
|-weather|SunnyDay|[from] ability: Drought|[of] p1a: Charizard
|detailschange|p2b: Excadrill|Excadrill-Mega, L50, F
|-mega|p2b: Excadrill|Excadrill|Excadrite
|move|p1b: Venusaur|Sleep Powder|p2a: Tyranitar
|-status|p2a: Tyranitar|slp|[from] move: Sleep Powder
|cant|p2a: Tyranitar|slp
|move|p2b: Excadrill|Rock Slide|p1a: Charizard|[spread] p1a,p1b
|-supereffective|p1a: Charizard|2
|-damage|p1a: Charizard|0 fnt
|-damage|p1b: Venusaur|39/100
|faint|p1a: Charizard
|
|-weather|SunnyDay|[upkeep]
|upkeep
|
|t:|1783873403
|switch|p1a: Garchomp|Garchomp, L50, F|83/100 brn
|turn|6
|
|t:|1783873410
|move|p2b: Excadrill|Protect|p2b: Excadrill
|-singleturn|p2b: Excadrill|Protect
|move|p1b: Venusaur|Sleep Powder|p2b: Excadrill
|-activate|p2b: Excadrill|move: Protect
|move|p1a: Garchomp|Earthquake|p2a: Tyranitar|[spread] p1b,p2a
|-activate|p2b: Excadrill|move: Protect
|-crit|p1b: Venusaur
|-supereffective|p2a: Tyranitar|1
|-damage|p1b: Venusaur|0 fnt
|-damage|p2a: Tyranitar|56/100 slp
|faint|p1b: Venusaur
|cant|p2a: Tyranitar|slp
|
|-weather|SunnyDay|[upkeep]
|-damage|p1a: Garchomp|77/100 brn|[from] brn
|upkeep
|turn|7
|
|t:|1783873427
|move|p1a: Garchomp|Earthquake|p2a: Tyranitar|[spread] p2a,p2b
|-supereffective|p2a: Tyranitar|1
|-supereffective|p2b: Excadrill|1
|-damage|p2a: Tyranitar|23/100 slp
|-damage|p2b: Excadrill|63/100
|-curestatus|p2a: Tyranitar|slp|[msg]
|move|p2a: Tyranitar|Rock Slide|p1a: Garchomp
|-resisted|p1a: Garchomp|1
|-damage|p1a: Garchomp|63/100 brn
|move|p2b: Excadrill|High Horsepower|p1a: Garchomp
|-damage|p1a: Garchomp|0 fnt
|-damage|p2b: Excadrill|50/100g|[from] ability: Rough Skin|[of] p1a: Garchomp
|faint|p1a: Garchomp
|
|win|Sammias
|l|☆YuzukiVGC
|player|p1|
||YuzukiVGC is ready for game 2.
|inactive|Sammias has 30 seconds to confirm battle start!
