|j|☆lolgz
|j|☆fancysushi 12
|html|lolgzfancysushi 12    
|uhtml|bestof|Game 2 of a best-of-3
|t:|1784961012
|gametype|doubles
|player|p1|lolgz|dawn|1316
|player|p2|fancysushi 12|170|1246
|gen|9
|tier|[Gen 9 Champions] VGC 2026 Reg M-B (Bo3)
|rated|
|rule|Species Clause: Limit one of each Pokémon
|rule|Item Clause: Limit 1 of each item
|clearpoke
|poke|p1|Blastoise, L50, M|
|poke|p1|Vivillon, L50, M|
|poke|p1|Farigiraf, L50, F|
|poke|p1|Gallade, L50, M|
|poke|p1|Kingambit, L50, M|
|poke|p1|Camerupt, L50, M|
|poke|p2|Talonflame, L50, M|
|poke|p2|Tyranitar, L50, M|
|poke|p2|Meganium, L50, M|
|poke|p2|Overqwil, L50, M|
|poke|p2|Archaludon, L50, M|
|poke|p2|Farigiraf, L50, F|
|teampreview|4
|showteam|p1|Blastoise||Blastoisinite|Torrent|WaterSpout,DarkPulse,FakeOut,ShellSmash|Modest||M|||50|]Vivillon||ChoiceScarf|CompoundEyes|SleepPowder,RagePowder,Tailwind,Hurricane|Timid||M|||50|]Farigiraf||SitrusBerry|ArmorTail|TrickRoom,Psychic,HelpingHand,Protect|Relaxed||F|||50|]Gallade||IronBall|Sharpness|SacredSword,PsychoCut,LeafBlade,TrickRoom|Brave||M|||50|]Kingambit||LifeOrb|Defiant|SuckerPunch,KowtowCleave,IronHead,Protect|Brave||M|||50|]Camerupt||Cameruptite|MagmaArmor|HeatWave,EarthPower,AncientPower,Protect|Quiet||M|||50|
|showteam|p2|Talonflame||SharpBeak|GaleWings|DualWingbeat,FlareBlitz,Tailwind,Protect|Jolly||M|||50|]Tyranitar||Tyranitarite|SandStream|KnockOff,RockSlide,HighHorsepower,Protect|Jolly||M|||50|]Meganium||Meganiumite|LeafGuard|SolarBeam,DazzlingGleam,WeatherBall,Protect|Modest||M|||50|]Overqwil||LifeOrb|Intimidate|PoisonJab,ThroatChop,IcyWind,Protect|Naughty||M|||50|]Archaludon|||Stamina|AuraSphere,FlashCannon,StoneEdge,DracoMeteor|Modest||M|||50|]Farigiraf||SitrusBerry|ArmorTail|ThunderWave,Psychic,TrickRoom,Roar|Quiet||F|||50|
|inactive|Battle timer is ON: inactive players will automatically lose when time's up. (requested by lolgz)
|
|t:|1784961034
|teamsize|p1|4
|teamsize|p2|4
|start
|switch|p1a: Farigiraf|Farigiraf, L50, F|100/100
|switch|p1b: Gallade|Gallade, L50, M|100/100
|switch|p2a: Talonflame|Talonflame, L50, M|100/100
|switch|p2b: Farigiraf|Farigiraf, L50, F|100/100
|turn|1
|inactive|lolgz has 30 seconds left.
|inactive|fancysushi 12 has 30 seconds left.
|inactive|lolgz has 20 seconds left.
|inactive|fancysushi 12 has 20 seconds left.
|inactive|lolgz has 15 seconds left.
|inactive|lolgz has 10 seconds left.
|inactive|fancysushi 12 has 15 seconds left.
|inactive|lolgz has 5 seconds left.
|
|t:|1784961089
|move|p2a: Talonflame|Flare Blitz|p1b: Gallade
|-damage|p1b: Gallade|36/100
|-damage|p2a: Talonflame|76/100|[from] Recoil
|move|p1b: Gallade|Sacred Sword|p2b: Farigiraf
|-damage|p2b: Farigiraf|25/100
|-enditem|p2b: Farigiraf|Sitrus Berry|[eat]
|-heal|p2b: Farigiraf|50/100g|[from] item: Sitrus Berry
|move|p2b: Farigiraf|Trick Room|p2b: Farigiraf
|-fieldstart|move: Trick Room|[of] p2b: Farigiraf
|move|p1a: Farigiraf|Trick Room|p1a: Farigiraf
|-fieldend|move: Trick Room
|
|upkeep
|turn|2
|
|t:|1784961106
|move|p2a: Talonflame|Flare Blitz|p1b: Gallade
|-damage|p1b: Gallade|0 fnt
|faint|p1b: Gallade
|-damage|p2a: Talonflame|62/100|[from] Recoil
|move|p1a: Farigiraf|Psychic|p2a: Talonflame
|-damage|p2a: Talonflame|13/100
|move|p2b: Farigiraf|Roar|p1a: Farigiraf
|drag|p1a: Kingambit|Kingambit, L50, M|100/100
|
|upkeep
|
|t:|1784961110
|switch|p1b: Farigiraf|Farigiraf, L50, F|100/100
|turn|3
|inactive|fancysushi 12 has 30 seconds left.
|
|t:|1784961136
|switch|p2b: Tyranitar|Tyranitar, L50, M|100/100
|-weather|Sandstorm|[from] ability: Sand Stream|[of] p2b: Tyranitar
|move|p1a: Kingambit|Protect|p1a: Kingambit
|-singleturn|p1a: Kingambit|Protect
|move|p2a: Talonflame|Flare Blitz|p1a: Kingambit
|-activate|p1a: Kingambit|move: Protect
|move|p1b: Farigiraf|Psychic|p2a: Talonflame
|-damage|p2a: Talonflame|0 fnt
|faint|p2a: Talonflame
|
|-weather|Sandstorm|[upkeep]
|-damage|p1b: Farigiraf|93/100|[from] Sandstorm
|upkeep
|
|t:|1784961149
|switch|p2a: Farigiraf|Farigiraf, L50, F|50/100g
|turn|4
|inactive|fancysushi 12 has 30 seconds left.
|
|t:|1784961177
|detailschange|p2b: Tyranitar|Tyranitar-Mega, L50, M
|-mega|p2b: Tyranitar|Tyranitar|Tyranitarite
|move|p2b: Tyranitar|Knock Off|p1b: Farigiraf
|-supereffective|p1b: Farigiraf|1
|-damage|p1b: Farigiraf|3/100
|-enditem|p1b: Farigiraf|Sitrus Berry|[from] move: Knock Off|[of] p2b: Tyranitar
|move|p2a: Farigiraf|Psychic|p1b: Farigiraf
|-resisted|p1b: Farigiraf|1
|-damage|p1b: Farigiraf|0 fnt
|faint|p1b: Farigiraf
|move|p1a: Kingambit|Kowtow Cleave|p2a: Farigiraf
|-supereffective|p2a: Farigiraf|1
|-damage|p2a: Farigiraf|0 fnt
|faint|p2a: Farigiraf
|-damage|p1a: Kingambit|90/100|[from] item: Life Orb
|
|-weather|Sandstorm|[upkeep]
|upkeep
|inactive|lolgz has 30 seconds left.
|
|t:|1784961203
|switch|p1b: Camerupt|Camerupt, L50, M|100/100
|switch|p2a: Overqwil|Overqwil, L50, M|100/100
|-ability|p2a: Overqwil|Intimidate|boost
|-unboost|p1a: Kingambit|atk|1
|-ability|p1a: Kingambit|Defiant|boost
|-boost|p1a: Kingambit|atk|2
|-unboost|p1b: Camerupt|atk|1
|turn|5
|
|t:|1784961213
|detailschange|p1b: Camerupt|Camerupt-Mega, L50, M
|-mega|p1b: Camerupt|Camerupt|Cameruptite
|move|p2a: Overqwil|Protect|p2a: Overqwil
|-singleturn|p2a: Overqwil|Protect
|move|p2b: Tyranitar|Protect|p2b: Tyranitar
|-singleturn|p2b: Tyranitar|Protect
|move|p1a: Kingambit|Protect|p1a: Kingambit
|-singleturn|p1a: Kingambit|Protect
|move|p1b: Camerupt|Earth Power|p2b: Tyranitar
|-activate|p2b: Tyranitar|move: Protect
|
|-weather|Sandstorm|[upkeep]
|-damage|p2a: Overqwil|93/100|[from] Sandstorm
|upkeep
|turn|6
|
|t:|1784961226
|move|p2a: Overqwil|Throat Chop|p1a: Kingambit
|-resisted|p1a: Kingambit|1
|-damage|p1a: Kingambit|69/100
|-start|p1a: Kingambit|Throat Chop|[silent]
|-damage|p2a: Overqwil|83/100|[from] item: Life Orb
|move|p2b: Tyranitar|High Horsepower|p1a: Kingambit
|-supereffective|p1a: Kingambit|1
|-damage|p1a: Kingambit|11/100
|move|p1a: Kingambit|Iron Head|p2b: Tyranitar
|-supereffective|p2b: Tyranitar|1
|-damage|p2b: Tyranitar|0 fnt
|faint|p2b: Tyranitar
|-damage|p1a: Kingambit|1/100|[from] item: Life Orb
|move|p1b: Camerupt|Earth Power|p2a: Overqwil
|-supereffective|p2a: Overqwil|1
|-damage|p2a: Overqwil|0 fnt
|faint|p2a: Overqwil
|
|win|lolgz
|raw|lolgz's rating: 1316 → 1332(+16 for winning)
|raw|fancysushi 12's rating: 1246 → 1226(-20 for losing)
