|j|☆Joshee01
|j|‽Juaner95
|html|Joshee01Juaner95    
|uhtml|bestof|Game 2 of a best-of-3
|t:|1783092908
|gametype|doubles
|player|p1|Joshee01|cameraman|1024
|player|p2|Juaner95|may-masters4|1113
|gen|9
|tier|[Gen 9 Champions] VGC 2026 Reg M-B (Bo3)
|rated|
|rule|Species Clause: Limit one of each Pokémon
|rule|Item Clause: Limit 1 of each item
|clearpoke
|poke|p1|Floette-Eternal, L50, F|
|poke|p1|Staraptor, L50, M|
|poke|p1|Incineroar, L50, M|
|poke|p1|Gholdengo, L50|
|poke|p1|Sinistcha-Masterpiece, L50|
|poke|p1|Arcanine-Hisui, L50, M, shiny|
|poke|p2|Scovillain, L50, M|
|poke|p2|Basculegion, L50, M, shiny|
|poke|p2|Sylveon, L50, F, shiny|
|poke|p2|Garchomp, L50, M|
|poke|p2|Aerodactyl, L50, M|
|poke|p2|Kingambit, L50, M|
|teampreview|4
|showteam|p1|Floette-Eternal||Floettite|FlowerVeil|CalmMind,Moonblast,Protect,DazzlingGleam|Timid||F|||50|]Staraptor||Staraptite|Intimidate|CloseCombat,Whirlwind,Tailwind,BraveBird|Jolly||M|||50|]Incineroar||Leftovers|Intimidate|FakeOut,PartingShot,DarkestLariat,WillOWisp|Careful||M|||50|]Gholdengo||ChoiceScarf|GoodasGold|MakeItRain,Thunderbolt,ShadowBall,Psychic|Timid|||||50|]Sinistcha-Masterpiece||FocusSash|Hospitality|TrickRoom,MatchaGotcha,ShadowBall,LifeDew|Relaxed|||||50|]Arcanine-Hisui||LifeOrb|Intimidate|RockSlide,ExtremeSpeed,FlareBlitz,DragonPulse|Hasty||M|||50|
|showteam|p2|Scovillain||Scovillainite|Moody|Overheat,LeechSeed,RagePowder,Protect|Calm||M|||50|]Basculegion||ChoiceScarf|Adaptability|WaveCrash,LastRespects,FlipTurn,AquaJet|Jolly||M|||50|]Sylveon||FairyFeather|Pixilate|HyperVoice,HyperBeam,QuickAttack,Detect|Modest||F|||50|]Garchomp||SitrusBerry|RoughSkin|Earthquake,DragonClaw,PoisonJab,Protect|Adamant||M|||50|]Aerodactyl||Aerodactylite|Unnerve|RockSlide,DualWingbeat,Tailwind,Protect|Jolly||M|||50|]Kingambit||FocusSash|Defiant|KowtowCleave,IronHead,LowKick,SuckerPunch|Adamant||M|||50|
|inactive|Battle timer is ON: inactive players will automatically lose when time's up. (requested by Juaner95)
|inactive|Juaner95 has 60 seconds left.
|inactive|Juaner95 has 30 seconds left.
|inactive|Juaner95 has 20 seconds left.
|inactive|Juaner95 has 15 seconds left.
|inactive|Juaner95 has 10 seconds left.
|inactive|Juaner95 has 5 seconds left.
|
|t:|1783093006
|teamsize|p1|4
|teamsize|p2|4
|start
|switch|p1a: Staraptor|Staraptor, L50, M|100/100
|switch|p1b: Sinistcha|Sinistcha-Masterpiece, L50|100/100
|switch|p2a: Scovillain|Scovillain, L50, M|100/100
|switch|p2b: Basculegion|Basculegion, L50, M, shiny|100/100
|-ability|p1a: Staraptor|Intimidate|boost
|-unboost|p2a: Scovillain|atk|1
|-unboost|p2b: Basculegion|atk|1
|turn|1
|
|t:|1783093019
|detailschange|p1a: Staraptor|Staraptor-Mega, L50, M
|-mega|p1a: Staraptor|Staraptor|Staraptite
|move|p2a: Scovillain|Protect|p2a: Scovillain
|-singleturn|p2a: Scovillain|Protect
|move|p2b: Basculegion|Flip Turn|p1a: Staraptor
|-damage|p1a: Staraptor|72/100
|
|t:|1783093027
|switch|p2b: Sylveon|Sylveon, L50, F, shiny|100/100|[from] Flip Turn
|move|p1a: Staraptor|Tailwind|p1a: Staraptor
|-sidestart|p1: Joshee01|move: Tailwind
|move|p1b: Sinistcha|Shadow Ball|p2b: Sylveon
|-damage|p2b: Sylveon|74/100
|
|-ability|p2a: Scovillain|Moody|boost
|-boost|p2a: Scovillain|def|2
|-unboost|p2a: Scovillain|spe|1
|upkeep
|turn|2
|
|t:|1783093051
|detailschange|p2a: Scovillain|Scovillain-Mega, L50, M
|-mega|p2a: Scovillain|Scovillain|Scovillainite
|move|p2a: Scovillain|Rage Powder|p2a: Scovillain
|-singleturn|p2a: Scovillain|move: Rage Powder
|move|p1a: Staraptor|Brave Bird|p2a: Scovillain
|-supereffective|p2a: Scovillain|1
|-damage|p2a: Scovillain|32/100
|-status|p1a: Staraptor|brn|[from] ability: Spicy Spray|[of] p2a: Scovillain
|-damage|p1a: Staraptor|49/100 brn|[from] Recoil
|move|p1b: Sinistcha|Life Dew||[still]|[spread] p1a,p1b
|-heal|p1a: Staraptor|73/100 brn
|-fail|p1b: Sinistcha|heal
|move|p2b: Sylveon|Hyper Voice|p1b: Sinistcha|[spread] p1a,p1b
|-supereffective|p1a: Staraptor|1
|-damage|p1a: Staraptor|0 fnt
|-damage|p1b: Sinistcha|35/100
|faint|p1a: Staraptor
|
|upkeep
|
|t:|1783093066
|switch|p1a: Gholdengo|Gholdengo, L50|100/100
|turn|3
|
|t:|1783093084
|move|p2b: Sylveon|Detect|p2b: Sylveon
|-singleturn|p2b: Sylveon|Protect
|move|p1a: Gholdengo|Make It Rain|p2b: Sylveon|[spread] p2a
|-activate|p2b: Sylveon|move: Protect
|-resisted|p2a: Scovillain|1
|-damage|p2a: Scovillain|9/100
|-unboost|p1a: Gholdengo|spa|2
|-status|p1a: Gholdengo|brn|[from] ability: Spicy Spray|[of] p2a: Scovillain
|move|p1b: Sinistcha|Shadow Ball|p2b: Sylveon
|-activate|p2b: Sylveon|move: Protect
|move|p2a: Scovillain|Overheat|p1a: Gholdengo
|-supereffective|p1a: Gholdengo|1
|-damage|p1a: Gholdengo|0 fnt
|-unboost|p2a: Scovillain|spa|2
|faint|p1a: Gholdengo
|
|upkeep
|
|t:|1783093096
|switch|p1a: Arcanine|Arcanine-Hisui, L50, M, shiny|100/100
|-ability|p1a: Arcanine|Intimidate|boost
|-unboost|p2a: Scovillain|atk|1
|-unboost|p2b: Sylveon|atk|1
|turn|4
|
|t:|1783093111
|move|p2a: Scovillain|Rage Powder|p2a: Scovillain
|-singleturn|p2a: Scovillain|move: Rage Powder
|move|p1a: Arcanine|Flare Blitz|p2a: Scovillain
|-damage|p2a: Scovillain|0 fnt
|-immune|p1a: Arcanine
|faint|p2a: Scovillain
|-damage|p1a: Arcanine|96/100|[from] Recoil
|-damage|p1a: Arcanine|86/100|[from] item: Life Orb
|move|p1b: Sinistcha|Shadow Ball|p2b: Sylveon
|-damage|p2b: Sylveon|51/100
|move|p2b: Sylveon|Hyper Voice|p1b: Sinistcha|[spread] p1a,p1b
|-resisted|p1a: Arcanine|1
|-damage|p1a: Arcanine|56/100
|-damage|p1b: Sinistcha|0 fnt
|faint|p1b: Sinistcha
|
|-sideend|p1: Joshee01|move: Tailwind
|upkeep
|
|t:|1783093128
|switch|p2a: Basculegion|Basculegion, L50, M, shiny|100/100
|turn|5
|
|t:|1783093135
|move|p2a: Basculegion|Flip Turn|p1a: Arcanine
|-supereffective|p1a: Arcanine|2
|-damage|p1a: Arcanine|0 fnt
|faint|p1a: Arcanine
|
|win|Juaner95
|raw|Joshee01's rating: 1024 → 1014(-10 for losing)
|raw|Juaner95's rating: 1113 → 1132(+19 for winning)
|l|☆Joshee01
|player|p1|
