|j|☆erporros
|j|‽IshtarVGC26
|html|erporrosIshtarVGC26    
|uhtml|bestof|Game 2 of a best-of-3
|t:|1757669585
|gametype|doubles
|player|p1|erporros|blackbelt-gen4dp|1216
|player|p2|IshtarVGC26|juan|1233
|gen|9
|tier|[Gen 9] VGC 2025 Reg H (Bo3)
|rated|
|rule|Species Clause: Limit one of each Pokémon
|rule|Item Clause: Limit 1 of each item
|clearpoke
|poke|p1|Murkrow, L50, F|
|poke|p1|Dragapult, L50, F|
|poke|p1|Maushold-Four, L50|
|poke|p1|Clefable, L50, F|
|poke|p1|Incineroar, L50, M|
|poke|p1|Kingambit, L50, M|
|poke|p2|Tyranitar, L50, M|
|poke|p2|Excadrill, L50, M|
|poke|p2|Sinistcha-Masterpiece, L50|
|poke|p2|Primarina, L50, F|
|poke|p2|Volcarona, L50, M|
|poke|p2|Braviary, L50, M|
|teampreview|4
|showteam|p1|Murkrow||Eviolite|Prankster|Tailwind,Haze,SunnyDay,FoulPlay|||F|||50|,,,,,Ghost]Dragapult||ChoiceBand|ClearBody|Outrage,DragonDarts,PhantomForce,Uturn|||F|||50|,,,,,Dragon]Maushold-Four||WideLens|Technician|PopulationBomb,Protect,FollowMe,Taunt||||||50|,,,,,Ghost]Clefable||SitrusBerry|Unaware|FollowMe,Protect,Moonblast,MistyTerrain|||F|||50|,,,,,Water]Incineroar||SafetyGoggles|Intimidate|FlareBlitz,KnockOff,FakeOut,PartingShot|||M|||50|,,,,,Ghost]Kingambit||AssaultVest|Defiant|KowtowCleave,SuckerPunch,TeraBlast,IronHead|||M|||50|,,,,,Flying
|showteam|p2|Tyranitar||AssaultVest|SandStream|RockSlide,KnockOff,TeraBlast,BrickBreak|||M|||50|,,,,,Flying]Excadrill||FocusSash|SandRush|Protect,DrillRun,Earthquake,IronHead|||M|||50|,,,,,Dragon]Sinistcha-Masterpiece||RockyHelmet|Hospitality|LifeDew,RagePowder,MatchaGotcha,TrickRoom||||||50|,,,,,Water]Primarina||ThroatSpray|LiquidVoice|Protect,HyperVoice,Moonblast,Haze|||F|||50|,,,,,Water]Volcarona||SitrusBerry|FlameBody|Protect,FieryDance,GigaDrain,QuiverDance|||M|||50|,,,,,Dragon]Braviary||SafetyGoggles|Defiant|Protect,BraveBird,CloseCombat,Tailwind|||M|||50|,,,,,Ghost
|
|t:|1757669612
|teamsize|p1|4
|teamsize|p2|4
|start
|switch|p1a: Murkrow|Murkrow, L50, F|100/100
|switch|p1b: Dragapult|Dragapult, L50, F|100/100
|switch|p2a: Tyranitar|Tyranitar, L50, M|100/100
|switch|p2b: Excadrill|Excadrill, L50, M, shiny|100/100
|-weather|Sandstorm|[from] ability: Sand Stream|[of] p2a: Tyranitar
|turn|1
|
|t:|1757669630
|-terastallize|p2a: Tyranitar|Flying
|move|p1a: Murkrow|Sunny Day|p1a: Murkrow
|-weather|SunnyDay
|move|p1b: Dragapult|U-turn|p2a: Tyranitar
|-resisted|p2a: Tyranitar
|-damage|p2a: Tyranitar|83/100
|
|t:|1757669636
|switch|p1b: Incineroar|Incineroar, L50, M|100/100|[from] U-turn
|-ability|p1b: Incineroar|Intimidate|boost
|-unboost|p2a: Tyranitar|atk|1
|-unboost|p2b: Excadrill|atk|1
|move|p2b: Excadrill|Iron Head|p1b: Incineroar
|-resisted|p1b: Incineroar
|-damage|p1b: Incineroar|87/100
|move|p2a: Tyranitar|Rock Slide|p1a: Murkrow|[spread] p1a,p1b
|-supereffective|p1a: Murkrow
|-supereffective|p1b: Incineroar
|-damage|p1a: Murkrow|57/100
|-damage|p1b: Incineroar|48/100
|
|-weather|SunnyDay|[upkeep]
|upkeep
|turn|2
|
|t:|1757669657
|move|p1b: Incineroar|Fake Out|p2b: Excadrill
|-resisted|p2b: Excadrill
|-damage|p2b: Excadrill|91/100
|cant|p2b: Excadrill|flinch
|move|p2a: Tyranitar|Rock Slide|p1b: Incineroar|[spread] p1a
|-miss|p2a: Tyranitar|p1b: Incineroar
|-supereffective|p1a: Murkrow
|-damage|p1a: Murkrow|11/100
|move|p1a: Murkrow|Foul Play|p2a: Tyranitar
|-damage|p2a: Tyranitar|52/100
|
|-weather|SunnyDay|[upkeep]
|upkeep
|turn|3
|
|t:|1757669684
|switch|p2a: Sinistcha|Sinistcha-Masterpiece, L50|100/100
|-heal|p2b: Excadrill|100/100|[from] ability: Hospitality|[of] p2a: Sinistcha
|move|p1a: Murkrow|Tailwind|p1a: Murkrow
|-sidestart|p1: erporros|move: Tailwind
|move|p1b: Incineroar|Flare Blitz|p2b: Excadrill
|-supereffective|p2b: Excadrill
|-crit|p2b: Excadrill
|-enditem|p2b: Excadrill|Focus Sash
|-damage|p2b: Excadrill|1/100
|-damage|p1b: Incineroar|17/100|[from] Recoil
|move|p2b: Excadrill|Drill Run|p1b: Incineroar
|-supereffective|p1b: Incineroar
|-damage|p1b: Incineroar|0 fnt
|faint|p1b: Incineroar
|
|-weather|SunnyDay|[upkeep]
|upkeep
|
|t:|1757669695
|switch|p1b: Dragapult|Dragapult, L50, F|100/100
|turn|4
|
|t:|1757669719
|-terastallize|p1b: Dragapult|Dragon
|move|p1b: Dragapult|Outrage|p2b: Excadrill
|-resisted|p2b: Excadrill
|-damage|p2b: Excadrill|0 fnt
|faint|p2b: Excadrill
|move|p1a: Murkrow|Foul Play|p2a: Sinistcha
|-supereffective|p2a: Sinistcha
|-damage|p2a: Sinistcha|72/100
|-damage|p1a: Murkrow|0 fnt|[from] item: Rocky Helmet|[of] p2a: Sinistcha
|faint|p1a: Murkrow
|move|p2a: Sinistcha|Trick Room|p2a: Sinistcha
|-fieldstart|move: Trick Room|[of] p2a: Sinistcha
|
|-weather|SunnyDay|[upkeep]
|upkeep
|
|t:|1757669738
|switch|p1a: Maushold|Maushold-Four, L50|100/100
|switch|p2b: Tyranitar|Tyranitar, L50, M, tera:Flying|52/100
|-weather|Sandstorm|[from] ability: Sand Stream|[of] p2b: Tyranitar
|turn|5
|
|t:|1757669750
|move|p1a: Maushold|Follow Me|p1a: Maushold
|-singleturn|p1a: Maushold|move: Follow Me
|move|p2a: Sinistcha|Life Dew|p2a: Sinistcha|[spread] p2a,p2b
|-heal|p2a: Sinistcha|98/100
|-heal|p2b: Tyranitar|77/100
|move|p2b: Tyranitar|Knock Off|p1a: Maushold
|-damage|p1a: Maushold|12/100
|-enditem|p1a: Maushold|Wide Lens|[from] move: Knock Off|[of] p2b: Tyranitar
|move|p1b: Dragapult|Outrage|p2b: Tyranitar|[from] lockedmove
|-damage|p2b: Tyranitar|0 fnt
|faint|p2b: Tyranitar
|-start|p1b: Dragapult|confusion|[fatigue]
|
|-weather|Sandstorm|[upkeep]
|-damage|p2a: Sinistcha|92/100|[from] Sandstorm
|-damage|p1a: Maushold|6/100|[from] Sandstorm
|-damage|p1b: Dragapult|94/100|[from] Sandstorm
|upkeep
|
|t:|1757669766
|switch|p2b: Primarina|Primarina, L50, F|100/100
|turn|6
|-message|erporros forfeited.
|
|win|IshtarVGC26
||erporros is ready for game 3.
||IshtarVGC26 is ready for game 3.
|uhtml|next|Next: Game 3 of 3
