|j|☆Pati_Patout
|j|☆plouifasol
|html|Pati_Patoutplouifasol    
|uhtml|bestof|Game 2 of a best-of-3
|t:|1756834727
|gametype|doubles
|player|p1|Pati_Patout|unknown|1080
|player|p2|plouifasol|hiker-gen4|1183
|gen|9
|tier|[Gen 9] VGC 2025 Reg H (Bo3)
|rated|
|rule|Species Clause: Limit one of each Pokémon
|rule|Item Clause: Limit 1 of each item
|clearpoke
|poke|p1|Incineroar, L50, M|
|poke|p1|Gholdengo, L50|
|poke|p1|Archaludon, L50, M|
|poke|p1|Pelipper, L50, M|
|poke|p1|Basculegion, L50, M|
|poke|p1|Amoonguss, L50, F|
|poke|p2|Archaludon, L50, F|
|poke|p2|Pelipper, L50, F|
|poke|p2|Basculegion, L50, M|
|poke|p2|Amoonguss, L50, M|
|poke|p2|Gholdengo, L50|
|poke|p2|Incineroar, L50, M|
|teampreview|4
|showteam|p1|Incineroar||SafetyGoggles|Intimidate|FlareBlitz,KnockOff,PartingShot,FakeOut|||M|||50|,,,,,Ghost]Gholdengo||LifeOrb|GoodasGold|MakeItRain,ShadowBall,NastyPlot,Protect||||||50|,,,,,Water]Archaludon||AssaultVest|Stamina|FlashCannon,DracoMeteor,BodyPress,ElectroShot|||M|||50|,,,,,Grass]Pelipper||FocusSash|Drizzle|Protect,WeatherBall,Hurricane,Tailwind|||M|||50|,,,,,Ghost]Basculegion||ChoiceBand|SwiftSwim|WaveCrash,LastRespects,AquaJet,FlipTurn|||M|||50|,,,,,Grass]Amoonguss||SitrusBerry|Regenerator|PollenPuff,Spore,RagePowder,Protect|||F|||50|,,,,,Water
|showteam|p2|Archaludon||AssaultVest|Stamina|DragonPulse,ElectroShot,FlashCannon,BodyPress|||F|||50|,,,,,Bug]Pelipper||FocusSash|Drizzle|WeatherBall,Hurricane,Tailwind,Protect|||F|||50|,,,,,Ground]Basculegion||ChoiceBand|SwiftSwim|WaveCrash,LastRespects,AquaJet,FlipTurn|||M|||50|,,,,,Water]Amoonguss||SitrusBerry|Regenerator|PollenPuff,Spore,RagePowder,Protect|||M|||50|,,,,,Fairy]Gholdengo||LifeOrb|GoodasGold|MakeItRain,ShadowBall,NastyPlot,Protect||||||50|,,,,,Water]Incineroar||RockyHelmet|Intimidate|KnockOff,Taunt,PartingShot,FakeOut|||M|||50|,,,,,Ghost
|
|t:|1756834740
|teamsize|p1|4
|teamsize|p2|4
|start
|switch|p1a: Gholdengo|Gholdengo, L50|100/100
|switch|p1b: Incineroar|Incineroar, L50, M|100/100
|switch|p2a: Gholdengo|Gholdengo, L50|100/100
|switch|p2b: Incineroar|Incineroar, L50, M|100/100
|-ability|p1b: Incineroar|Intimidate|boost
|-unboost|p2a: Gholdengo|atk|1
|-unboost|p2b: Incineroar|atk|1
|-ability|p2b: Incineroar|Intimidate|boost
|-unboost|p1a: Gholdengo|atk|1
|-unboost|p1b: Incineroar|atk|1
|turn|1
|
|t:|1756834783
|switch|p1a: Archaludon|Archaludon, L50, M|100/100
|move|p1b: Incineroar|Fake Out|p2b: Incineroar
|-damage|p2b: Incineroar|93/100
|-damage|p1b: Incineroar|84/100|[from] item: Rocky Helmet|[of] p2b: Incineroar
|move|p2a: Gholdengo|Nasty Plot|p2a: Gholdengo
|-boost|p2a: Gholdengo|spa|2
|cant|p2b: Incineroar|flinch
|
|upkeep
|turn|2
|
|t:|1756834809
|move|p2a: Gholdengo|Protect|p2a: Gholdengo
|-singleturn|p2a: Gholdengo|Protect
|move|p1a: Archaludon|Body Press|p2b: Incineroar
|-supereffective|p2b: Incineroar
|-damage|p2b: Incineroar|57/100
|-damage|p1a: Archaludon|84/100|[from] item: Rocky Helmet|[of] p2b: Incineroar
|move|p1b: Incineroar|Knock Off|p2a: Gholdengo
|-activate|p2a: Gholdengo|move: Protect
|move|p2b: Incineroar|Parting Shot|p1a: Archaludon
|-unboost|p1a: Archaludon|atk|1
|-unboost|p1a: Archaludon|spa|1
|
|t:|1756834824
|switch|p2b: Archaludon|Archaludon, L50, F|100/100|[from] Parting Shot
|
|upkeep
|turn|3
|
|t:|1756834871
|move|p2a: Gholdengo|Shadow Ball|p1a: Archaludon
|-damage|p1a: Archaludon|9/100
|-ability|p1a: Archaludon|Stamina|boost
|-boost|p1a: Archaludon|def|1
|-damage|p2a: Gholdengo|91/100|[from] item: Life Orb
|move|p1a: Archaludon|Electro Shot||[still]
|-prepare|p1a: Archaludon|Electro Shot
|-boost|p1a: Archaludon|spa|1
|move|p2b: Archaludon|Body Press|p1a: Archaludon
|-supereffective|p1a: Archaludon
|-damage|p1a: Archaludon|0 fnt
|faint|p1a: Archaludon
|move|p1b: Incineroar|Knock Off|p2a: Gholdengo
|-supereffective|p2a: Gholdengo
|-damage|p2a: Gholdengo|20/100
|-enditem|p2a: Gholdengo|Life Orb|[from] move: Knock Off|[of] p1b: Incineroar
|
|upkeep
|
|t:|1756834886
|switch|p1a: Gholdengo|Gholdengo, L50|100/100
|turn|4
|
|t:|1756834909
|move|p2a: Gholdengo|Protect|p2a: Gholdengo
|-singleturn|p2a: Gholdengo|Protect
|move|p1a: Gholdengo|Shadow Ball|p2a: Gholdengo
|-activate|p2a: Gholdengo|move: Protect
|move|p2b: Archaludon|Body Press|p1b: Incineroar
|-supereffective|p1b: Incineroar
|-damage|p1b: Incineroar|41/100
|move|p1b: Incineroar|Parting Shot|p2b: Archaludon
|-unboost|p2b: Archaludon|atk|1
|-unboost|p2b: Archaludon|spa|1
|
|t:|1756834918
|switch|p1b: Pelipper|Pelipper, L50, M|100/100|[from] Parting Shot
|-weather|RainDance|[from] ability: Drizzle|[of] p1b: Pelipper
|
|-weather|RainDance|[upkeep]
|upkeep
|turn|5
|
|t:|1756834952
|move|p1a: Gholdengo|Protect|p1a: Gholdengo
|-singleturn|p1a: Gholdengo|Protect
|move|p2a: Gholdengo|Shadow Ball|p1a: Gholdengo
|-activate|p1a: Gholdengo|move: Protect
|move|p1b: Pelipper|Tailwind|p1b: Pelipper
|-sidestart|p1: Pati_Patout|move: Tailwind
|move|p2b: Archaludon|Electro Shot||[still]
|-prepare|p2b: Archaludon|Electro Shot
|-boost|p2b: Archaludon|spa|1
|-anim|p2b: Archaludon|Electro Shot|p1b: Pelipper
|-supereffective|p1b: Pelipper
|-enditem|p1b: Pelipper|Focus Sash
|-damage|p1b: Pelipper|1/100
|
|-weather|RainDance|[upkeep]
|upkeep
|turn|6
|
|t:|1756834975
|move|p2a: Gholdengo|Protect|p2a: Gholdengo
|-singleturn|p2a: Gholdengo|Protect
|move|p1a: Gholdengo|Nasty Plot|p1a: Gholdengo
|-boost|p1a: Gholdengo|spa|2
|move|p1b: Pelipper|Weather Ball|p2a: Gholdengo
|-activate|p2a: Gholdengo|move: Protect
|move|p2b: Archaludon|Electro Shot||[still]
|-prepare|p2b: Archaludon|Electro Shot
|-boost|p2b: Archaludon|spa|1
|-anim|p2b: Archaludon|Electro Shot|p1b: Pelipper
|-supereffective|p1b: Pelipper
|-damage|p1b: Pelipper|0 fnt
|faint|p1b: Pelipper
|
|-weather|RainDance|[upkeep]
|upkeep
|
|t:|1756834984
|switch|p1b: Incineroar|Incineroar, L50, M|41/100
|-ability|p1b: Incineroar|Intimidate|boost
|-unboost|p2a: Gholdengo|atk|1
|-unboost|p2b: Archaludon|atk|1
|turn|7
|
|t:|1756835001
|-terastallize|p1b: Incineroar|Ghost
|move|p1a: Gholdengo|Shadow Ball|p2b: Archaludon
|-damage|p2b: Archaludon|21/100
|-ability|p2b: Archaludon|Stamina|boost
|-boost|p2b: Archaludon|def|1
|-damage|p1a: Gholdengo|91/100|[from] item: Life Orb
|move|p1b: Incineroar|Knock Off|p2a: Gholdengo
|-supereffective|p2a: Gholdengo
|-damage|p2a: Gholdengo|0 fnt
|faint|p2a: Gholdengo
|move|p2b: Archaludon|Body Press|p1b: Incineroar
|-immune|p1b: Incineroar
|
|-weather|RainDance|[upkeep]
|upkeep
|
|t:|1756835015
|switch|p2a: Basculegion|Basculegion, L50, M|100/100
|turn|8
|
|t:|1756835030
|-terastallize|p2a: Basculegion|Water
|move|p2a: Basculegion|Aqua Jet|p1b: Incineroar
|-damage|p1b: Incineroar|0 fnt
|faint|p1b: Incineroar
|move|p1a: Gholdengo|Shadow Ball|p2a: Basculegion
|-damage|p2a: Basculegion|0 fnt
|faint|p2a: Basculegion
|-damage|p1a: Gholdengo|82/100|[from] item: Life Orb
|move|p2b: Archaludon|Electro Shot||[still]
|-prepare|p2b: Archaludon|Electro Shot
|-boost|p2b: Archaludon|spa|1
|-anim|p2b: Archaludon|Electro Shot|p1a: Gholdengo
|-damage|p1a: Gholdengo|0 fnt
|faint|p1a: Gholdengo
|
|win|plouifasol
||Pati_Patout is ready for game 3.
|inactive|plouifasol has 30 seconds to confirm battle start!
||plouifasol is ready for game 3.
|uhtml|next|Next: Game 3 of 3
|l|☆plouifasol
|player|p2|
