|j|☆Chocokoala VGC
|j|☆Notaplaceofhonor
|html|Chocokoala VGCNotaplaceofhonor    
|uhtml|bestof|Game 1 of a best-of-3
|t:|1757830569
|gametype|doubles
|player|p1|Chocokoala VGC|aaron|1052
|player|p2|Notaplaceofhonor|juan-gen3|1141
|gen|9
|tier|[Gen 9] VGC 2025 Reg H (Bo3)
|rated|
|rule|Species Clause: Limit one of each Pokémon
|rule|Item Clause: Limit 1 of each item
|clearpoke
|poke|p1|Sneasler, L50, M|
|poke|p1|Garchomp, L50, M|
|poke|p1|Kilowattrel, L50, F|
|poke|p1|Indeedee, L50, M|
|poke|p1|Gastrodon-East, L50, M|
|poke|p1|Armarouge, L50, M|
|poke|p2|Ursaluna, L50, M|
|poke|p2|Incineroar, L50, M|
|poke|p2|Archaludon, L50, M|
|poke|p2|Pelipper, L50, M|
|poke|p2|Basculegion, L50, M|
|poke|p2|Sinistcha, L50|
|teampreview|4
|showteam|p1|Sneasler||PsychicSeed|Unburden|Acrobatics,CloseCombat,DireClaw,Protect|||M|||50|,,,,,Flying]Garchomp||LifeOrb|RoughSkin|Earthquake,StompingTantrum,DragonClaw,Protect|||M|||50|,,,,,Steel]Kilowattrel||FocusSash|Competitive|Tailwind,Protect,Discharge,AirSlash|||F|||50|,,,,,Ghost]Indeedee||SafetyGoggles|PsychicSurge|ExpandingForce,TrickRoom,Imprison,Protect|||M|||50|,,,,,Psychic]Gastrodon-East||Leftovers|StormDrain|ClearSmog,IceBeam,EarthPower,Protect|||M|||50|,,,,,Fairy]Armarouge||MindPlate|FlashFire|ExpandingForce,Protect,WideGuard,ArmorCannon|||M|||50|,,,,,Grass
|showteam|p2|Ursaluna||FlameOrb|Guts|Protect,Facade,Earthquake,HeadlongRush|||M|||50|,,,,,Ghost]Incineroar||SafetyGoggles|Intimidate|Taunt,FakeOut,KnockOff,PartingShot|||M|||50|,,,,,Ghost]Archaludon||AssaultVest|Stamina|ElectroShot,Snarl,DracoMeteor,BodyPress|||M|||50|,,,,,Grass]Pelipper||FocusSash|Drizzle|Hurricane,WeatherBall,Tailwind,Protect|||M|||50|,,,,,Ghost]Basculegion||ChoiceScarf|Adaptability|WaveCrash,LastRespects,FlipTurn,AquaJet|||M|||50|,,,,,Water]Sinistcha||SitrusBerry|Hospitality|MatchaGotcha,TrickRoom,RagePowder,LifeDew||||||50|,,,,,Water
|inactive|Battle timer is ON: inactive players will automatically lose when time's up. (requested by Chocokoala VGC)
|inactive|Chocokoala VGC has 60 seconds left.
|inactive|Notaplaceofhonor has 60 seconds left.
|
|t:|1757830628
|teamsize|p1|4
|teamsize|p2|4
|start
|switch|p1a: Kilowattrel|Kilowattrel, L50, F|100/100
|switch|p1b: Garchomp|Garchomp, L50, M|100/100
|switch|p2a: Incineroar|Incineroar, L50, M|100/100
|switch|p2b: Sinistcha|Sinistcha, L50|100/100
|-ability|p2a: Incineroar|Intimidate|boost
|-unboost|p1a: Kilowattrel|atk|1
|-ability|p1a: Kilowattrel|Competitive|boost
|-boost|p1a: Kilowattrel|spa|2
|-unboost|p1b: Garchomp|atk|1
|turn|1
|
|t:|1757830645
|-terastallize|p1a: Kilowattrel|Ghost
|move|p2a: Incineroar|Fake Out|p1a: Kilowattrel
|-immune|p1a: Kilowattrel
|move|p1a: Kilowattrel|Air Slash|p2b: Sinistcha
|-supereffective|p2b: Sinistcha
|-damage|p2b: Sinistcha|0 fnt
|faint|p2b: Sinistcha
|move|p1b: Garchomp|Stomping Tantrum|p2a: Incineroar
|-supereffective|p2a: Incineroar
|-damage|p2a: Incineroar|49/100
|-damage|p1b: Garchomp|91/100|[from] item: Life Orb
|
|upkeep
|
|t:|1757830652
|switch|p2b: Basculegion|Basculegion, L50, M|100/100
|turn|2
|
|t:|1757830666
|move|p2b: Basculegion|Last Respects|p1b: Garchomp
|-damage|p1b: Garchomp|24/100
|move|p1a: Kilowattrel|Tailwind|p1a: Kilowattrel
|-sidestart|p1: Chocokoala VGC|move: Tailwind
|move|p1b: Garchomp|Stomping Tantrum|p2a: Incineroar
|-supereffective|p2a: Incineroar
|-damage|p2a: Incineroar|1/100
|-damage|p1b: Garchomp|14/100|[from] item: Life Orb
|move|p2a: Incineroar|Knock Off|p1a: Kilowattrel
|-supereffective|p1a: Kilowattrel
|-enditem|p1a: Kilowattrel|Focus Sash
|-damage|p1a: Kilowattrel|1/100
|
|upkeep
|turn|3
|
|t:|1757830684
|switch|p2b: Ursaluna|Ursaluna, L50, M|100/100
|move|p1a: Kilowattrel|Discharge|p2a: Incineroar|[spread] p2a
|-immune|p1b: Garchomp
|-immune|p2b: Ursaluna
|-damage|p2a: Incineroar|0 fnt
|faint|p2a: Incineroar
|move|p1b: Garchomp|Dragon Claw|p2b: Ursaluna
|-damage|p2b: Ursaluna|71/100
|-damage|p1b: Garchomp|4/100|[from] item: Life Orb
|
|-status|p2b: Ursaluna|brn|[from] item: Flame Orb
|upkeep
|
|t:|1757830694
|switch|p2a: Basculegion|Basculegion, L50, M|100/100
|turn|4
|
|t:|1757830715
|switch|p1b: Indeedee|Indeedee, L50, M|100/100
|-fieldstart|move: Psychic Terrain|[from] ability: Psychic Surge|[of] p1b: Indeedee
|move|p2a: Basculegion|Aqua Jet|p1a: Kilowattrel
|-activate|p1a: Kilowattrel|move: Psychic Terrain
|move|p1a: Kilowattrel|Discharge|p2a: Basculegion|[spread] p1b,p2a
|-immune|p2b: Ursaluna
|-supereffective|p2a: Basculegion
|-damage|p1b: Indeedee|30/100
|-damage|p2a: Basculegion|0 fnt
|-status|p1b: Indeedee|par
|faint|p2a: Basculegion
|move|p2b: Ursaluna|Facade|p1b: Indeedee
|-damage|p1b: Indeedee|0 fnt
|faint|p1b: Indeedee
|
|-damage|p2b: Ursaluna|65/100 brn|[from] brn
|upkeep
|
|t:|1757830730
|switch|p1b: Sneasler|Sneasler, L50, M|100/100
|-enditem|p1b: Sneasler|Psychic Seed
|-boost|p1b: Sneasler|spd|1|[from] item: Psychic Seed
|turn|5
|
|t:|1757830734
|-terastallize|p2b: Ursaluna|Ghost
|move|p1b: Sneasler|Close Combat|p2b: Ursaluna
|-immune|p2b: Ursaluna
|move|p1a: Kilowattrel|Air Slash|p2b: Ursaluna|[miss]
|-miss|p1a: Kilowattrel|p2b: Ursaluna
|move|p2b: Ursaluna|Earthquake|p1a: Kilowattrel|[spread] p1a,p1b
|-supereffective|p1b: Sneasler
|-damage|p1a: Kilowattrel|0 fnt
|-damage|p1b: Sneasler|0 fnt
|faint|p1a: Kilowattrel
|faint|p1b: Sneasler
|
|-damage|p2b: Ursaluna|59/100 brn|[from] brn
|-sideend|p1: Chocokoala VGC|move: Tailwind
|upkeep
|
|t:|1757830744
|switch|p1b: Garchomp|Garchomp, L50, M|4/100
|turn|6
|
|t:|1757830748
|move|p1b: Garchomp|Earthquake|p2b: Ursaluna
|-damage|p2b: Ursaluna|5/100 brn
|-damage|p1b: Garchomp|0 fnt|[from] item: Life Orb
|faint|p1b: Garchomp
|
|win|Notaplaceofhonor
||Chocokoala VGC is ready for game 2.
||Notaplaceofhonor is ready for game 2.
|uhtml|next|Next: Game 2 of 3
|l|☆Chocokoala VGC
|player|p1|
|l|☆Notaplaceofhonor
|player|p2|
