|j|☆ronzthebonz
|j|☆MarkTheMarker
|html|ronzthebonzMarkTheMarker    
|uhtml|bestof|Game 1 of a best-of-3
|t:|1784994414
|gametype|doubles
|player|p1|ronzthebonz|170|1321
|player|p2|MarkTheMarker|wallace|1418
|gen|9
|tier|[Gen 9 Champions] VGC 2026 Reg M-B (Bo3)
|rated|
|rule|Species Clause: Limit one of each Pokémon
|rule|Item Clause: Limit 1 of each item
|clearpoke
|poke|p1|Snorlax, L50, F|
|poke|p1|Incineroar, L50, M|
|poke|p1|Gengar, L50, F|
|poke|p1|Kingambit, L50, M|
|poke|p1|Rotom-Wash, L50|
|poke|p1|Ninetales-Alola, L50, M|
|poke|p2|Grimmsnarl, L50, M|
|poke|p2|Archaludon, L50, M|
|poke|p2|Pelipper, L50, F|
|poke|p2|Venusaur, L50, F|
|poke|p2|Gholdengo, L50|
|poke|p2|Staraptor, L50, M|
|teampreview|4
|showteam|p1|Snorlax||Leftovers|ThickFat|Yawn,Protect,Fissure,IcePunch|Sassy||F|||50|]Incineroar||PasshoBerry|Intimidate|FlareBlitz,Protect,FakeOut,PartingShot|Sassy||M|||50|]Gengar||Gengarite|CursedBody|ShadowBall,WillOWisp,PerishSong,Protect|Modest||F|||50|]Kingambit||ChopleBerry|Defiant|LowKick,KowtowCleave,IronHead,SuckerPunch|Brave||M|||50|]Rotom-Wash||SitrusBerry|Levitate|HydroPump,WillOWisp,VoltSwitch,Thunderbolt|Bold|||||50|]Ninetales-Alola||FocusSash|SnowWarning|Blizzard,Encore,Disable,Protect|Timid||M|||50|
|showteam|p2|Grimmsnarl||LightClay|Prankster|SpiritBreak,PartingShot,LightScreen,Reflect|Careful||M|||50|]Archaludon||Leftovers|Stamina|DragonPulse,FlashCannon,ElectroShot,Protect|Calm||M|||50|]Pelipper||SitrusBerry|Drizzle|Hurricane,WeatherBall,WideGuard,Tailwind|Modest||F|||50|]Venusaur||Venusaurite|Chlorophyll|GigaDrain,SludgeBomb,EarthPower,Protect|Modest||F|||50|]Gholdengo||LifeOrb|GoodasGold|MakeItRain,ShadowBall,NastyPlot,Protect|Modest|||||50|]Staraptor||Staraptite|Intimidate|CloseCombat,BraveBird,Roost,Protect|Jolly||M|||50|
|inactive|Battle timer is ON: inactive players will automatically lose when time's up. (requested by MarkTheMarker)
|inactive|MarkTheMarker has 60 seconds left.
|inactive|MarkTheMarker has 30 seconds left.
|inactive|MarkTheMarker has 20 seconds left.
|
|t:|1784994485
|teamsize|p1|4
|teamsize|p2|4
|start
|switch|p1a: Snorlax|Snorlax, L50, F|100/100
|switch|p1b: Incineroar|Incineroar, L50, M|100/100
|switch|p2a: Grimmsnarl|Grimmsnarl, L50, M|100/100
|switch|p2b: Venusaur|Venusaur, L50, F|100/100
|-ability|p1b: Incineroar|Intimidate|boost
|-unboost|p2a: Grimmsnarl|atk|1
|-unboost|p2b: Venusaur|atk|1
|turn|1
|
|t:|1784994506
|detailschange|p2b: Venusaur|Venusaur-Mega, L50, F
|-mega|p2b: Venusaur|Venusaur|Venusaurite
|move|p2b: Venusaur|Protect|p2b: Venusaur
|-singleturn|p2b: Venusaur|Protect
|move|p1b: Incineroar|Fake Out|p2b: Venusaur
|-activate|p2b: Venusaur|move: Protect
|move|p2a: Grimmsnarl|Reflect|p2a: Grimmsnarl
|-sidestart|p2: MarkTheMarker|Reflect
|move|p1a: Snorlax|Yawn|p2a: Grimmsnarl
|-start|p2a: Grimmsnarl|move: Yawn|[of] p1a: Snorlax
|
|upkeep
|turn|2
|
|t:|1784994521
|move|p2a: Grimmsnarl|Parting Shot|p1a: Snorlax
|-unboost|p1a: Snorlax|atk|1
|-unboost|p1a: Snorlax|spa|1
|
|t:|1784994525
|switch|p2a: Gholdengo|Gholdengo, L50|100/100|[from] Parting Shot
|move|p2b: Venusaur|Earth Power|p1b: Incineroar
|-supereffective|p1b: Incineroar|1
|-damage|p1b: Incineroar|49/100
|move|p1b: Incineroar|Parting Shot|p2b: Venusaur
|-unboost|p2b: Venusaur|atk|1
|-unboost|p2b: Venusaur|spa|1
|
|t:|1784994533
|switch|p1b: Kingambit|Kingambit, L50, M|100/100|[from] Parting Shot
|move|p1a: Snorlax|Yawn|p2b: Venusaur
|-start|p2b: Venusaur|move: Yawn|[of] p1a: Snorlax
|
|upkeep
|turn|3
|
|t:|1784994557
|switch|p2b: Pelipper|Pelipper, L50, F|100/100
|-weather|RainDance|[from] ability: Drizzle|[of] p2b: Pelipper
|switch|p2a: Grimmsnarl|Grimmsnarl, L50, M|100/100
|move|p1b: Kingambit|Kowtow Cleave|p2a: Grimmsnarl
|-resisted|p2a: Grimmsnarl|2
|-damage|p2a: Grimmsnarl|91/100
|move|p1a: Snorlax|Yawn|p2b: Pelipper
|-start|p2b: Pelipper|move: Yawn|[of] p1a: Snorlax
|
|-weather|RainDance|[upkeep]
|upkeep
|turn|4
|
|t:|1784994579
|switch|p2b: Venusaur|Venusaur-Mega, L50, F|100/100
|move|p2a: Grimmsnarl|Spirit Break|p1a: Snorlax
|-damage|p1a: Snorlax|80/100
|-unboost|p1a: Snorlax|spa|1
|move|p1b: Kingambit|Kowtow Cleave|p2b: Venusaur
|-damage|p2b: Venusaur|72/100
|move|p1a: Snorlax|Yawn|p2a: Grimmsnarl
|-start|p2a: Grimmsnarl|move: Yawn|[of] p1a: Snorlax
|
|-weather|RainDance|[upkeep]
|-heal|p1a: Snorlax|86/100|[from] item: Leftovers
|upkeep
|turn|5
|inactive|ronzthebonz has 30 seconds left.
|inactive|MarkTheMarker has 30 seconds left.
|
|t:|1784994608
|move|p2a: Grimmsnarl|Light Screen|p2a: Grimmsnarl
|-sidestart|p2: MarkTheMarker|move: Light Screen
|move|p2b: Venusaur|Giga Drain|p1a: Snorlax
|-damage|p1a: Snorlax|61/100
|-heal|p2b: Venusaur|91/100|[from] drain|[of] p1a: Snorlax
|move|p1b: Kingambit|Kowtow Cleave|p2b: Venusaur
|-damage|p2b: Venusaur|64/100
|move|p1a: Snorlax|Yawn|p2b: Venusaur
|-start|p2b: Venusaur|move: Yawn|[of] p1a: Snorlax
|
|-weather|RainDance|[upkeep]
|-heal|p1a: Snorlax|67/100|[from] item: Leftovers
|-end|p2a: Grimmsnarl|move: Yawn|[silent]
|-status|p2a: Grimmsnarl|slp
|upkeep
|turn|6
|inactive|ronzthebonz has 30 seconds left.
|inactive|ronzthebonz has 20 seconds left.
|inactive|MarkTheMarker has 30 seconds left.
|inactive|ronzthebonz has 15 seconds left.
|inactive|ronzthebonz has 10 seconds left.
|inactive|ronzthebonz has 5 seconds left.
|
|t:|1784994661
|move|p2b: Venusaur|Earth Power|p1b: Kingambit
|-supereffective|p1b: Kingambit|1
|-damage|p1b: Kingambit|36/100
|cant|p2a: Grimmsnarl|slp
|move|p1b: Kingambit|Kowtow Cleave|p2b: Venusaur
|-damage|p2b: Venusaur|32/100
|move|p1a: Snorlax|Yawn||[still]
|-fail|p1a: Snorlax
|
|-weather|RainDance|[upkeep]
|-heal|p1a: Snorlax|73/100|[from] item: Leftovers
|-end|p2b: Venusaur|move: Yawn|[silent]
|-status|p2b: Venusaur|slp
|upkeep
|turn|7
|
|t:|1784994677
|switch|p1a: Gengar|Gengar, L50, F|100/100
|cant|p2b: Venusaur|slp
|-curestatus|p2a: Grimmsnarl|slp|[msg]
|move|p2a: Grimmsnarl|Spirit Break|p1a: Gengar
|-resisted|p1a: Gengar|1
|-damage|p1a: Gengar|80/100
|-unboost|p1a: Gengar|spa|1
|move|p1b: Kingambit|Iron Head|p2a: Grimmsnarl
|-supereffective|p2a: Grimmsnarl|1
|-damage|p2a: Grimmsnarl|24/100
|
|-weather|none
|upkeep
|turn|8
|
|t:|1784994697
|detailschange|p1a: Gengar|Gengar-Mega, L50, F
|-mega|p1a: Gengar|Gengar|Gengarite
|move|p2a: Grimmsnarl|Parting Shot|p1a: Gengar
|-unboost|p1a: Gengar|atk|1
|-unboost|p1a: Gengar|spa|1
|
|t:|1784994701
|switch|p2a: Gholdengo|Gholdengo, L50|100/100|[from] Parting Shot
|move|p1a: Gengar|Shadow Ball|p2b: Venusaur
|-damage|p2b: Venusaur|17/100 slp
|-curestatus|p2b: Venusaur|slp|[msg]
|move|p2b: Venusaur|Earth Power|p1b: Kingambit
|-supereffective|p1b: Kingambit|1
|-damage|p1b: Kingambit|0 fnt
|faint|p1b: Kingambit
|
|-sideend|p2: MarkTheMarker|Reflect
|upkeep
|
|t:|1784994714
|switch|p1b: Incineroar|Incineroar, L50, M|49/100
|-ability|p1b: Incineroar|Intimidate|boost
|-unboost|p2a: Gholdengo|atk|1
|-unboost|p2b: Venusaur|atk|1
|turn|9
|-message|ronzthebonz forfeited.
|
|win|MarkTheMarker
|l|☆ronzthebonz
|player|p1|
||MarkTheMarker is ready for game 2.
||ronzthebonz is ready for game 2.
|uhtml|next|Next: Game 2 of 3
