|j|☆bearlover997
|j|☆Goobertator
|html|bearlover997Goobertator    
|uhtml|bestof|Game 2 of a best-of-3
|t:|1783870087
|gametype|doubles
|player|p1|bearlover997|sage|1088
|player|p2|Goobertator|marlon|1000
|gen|9
|tier|[Gen 9 Champions] VGC 2026 Reg M-B (Bo3)
|rated|
|rule|Species Clause: Limit one of each Pokémon
|rule|Item Clause: Limit 1 of each item
|clearpoke
|poke|p1|Mamoswine, L50, F, shiny|
|poke|p1|Sinistcha, L50|
|poke|p1|Eelektross, L50, F, shiny|
|poke|p1|Oranguru, L50, F|
|poke|p1|Whimsicott, L50, F|
|poke|p1|Incineroar, L50, F|
|poke|p2|Dragalge, L50, M, shiny|
|poke|p2|Grimmsnarl, L50, M, shiny|
|poke|p2|Gholdengo, L50, shiny|
|poke|p2|Raichu, L50, F, shiny|
|poke|p2|Pelipper, L50, F|
|poke|p2|Basculegion-F, L50, F, shiny|
|teampreview|4
|showteam|p1|Mamoswine||LifeOrb|Oblivious|IceShard,Earthquake,Protect,RockSlide|Adamant||F|||50|]Sinistcha||SitrusBerry|Hospitality|MatchaGotcha,RagePowder,Protect,TrickRoom|Relaxed|||||50|]Eelektross||Eelektrossite|Levitate|Discharge,Protect,Flamethrower,GigaDrain|Modest||F|||50|]Oranguru||MentalHerb|Telepathy|TrickRoom,Instruct,Protect,PsychicNoise|Sassy||F|||50|]Whimsicott||FocusSash|Prankster|Encore,Tailwind,FakeTears,Moonblast|Bold||F|||50|]Incineroar||PasshoBerry|Intimidate|FakeOut,PartingShot,FlareBlitz,CloseCombat|Adamant||F|||50|
|showteam|p2|Dragalge||Dragalgite|Adaptability|MuddyWater,SludgeBomb,DragonPulse,Protect|Modest||M|||50|]Grimmsnarl||LightClay|Prankster|FoulPlay,PartingShot,Reflect,LightScreen|Jolly||M|||50|]Gholdengo||MetalCoat|GoodasGold|MakeItRain,Protect,ShadowBall,PowerGem|Timid|||||50|]Raichu||BrightPowder|Static|VoltSwitch,ThunderWave,Protect,FakeOut|Timid||F|||50|]Pelipper||DampRock|Drizzle|WeatherBall,Tailwind,Protect,IceBeam|Timid||F|||50|]Basculegion-F||LifeOrb|SwiftSwim|IceBeam,Hex,ShadowBall,Protect|Timid||F|||50|
|inactive|Battle timer is ON: inactive players will automatically lose when time's up. (requested by bearlover997)
|
|t:|1783870102
|teamsize|p1|4
|teamsize|p2|4
|start
|switch|p1a: Oranguru|Oranguru, L50, F|100/100
|switch|p1b: Incineroar|Incineroar, L50, F|100/100
|switch|p2a: Pelipper|Pelipper, L50, F|100/100
|switch|p2b: Raichu|Raichu, L50, F, shiny|100/100
|-weather|RainDance|[from] ability: Drizzle|[of] p2a: Pelipper
|-ability|p1b: Incineroar|Intimidate|boost
|-unboost|p2a: Pelipper|atk|1
|-unboost|p2b: Raichu|atk|1
|turn|1
|
|t:|1783870120
|move|p2b: Raichu|Fake Out|p1b: Incineroar
|-damage|p1b: Incineroar|95/100
|cant|p1b: Incineroar|flinch
|move|p2a: Pelipper|Weather Ball|p1b: Incineroar
|-supereffective|p1b: Incineroar|1
|-enditem|p1b: Incineroar|Passho Berry|[eat]
|-enditem|p1b: Incineroar|Passho Berry|[weaken]
|-damage|p1b: Incineroar|47/100
|move|p1a: Oranguru|Trick Room|p1a: Oranguru
|-fieldstart|move: Trick Room|[of] p1a: Oranguru
|
|-weather|RainDance|[upkeep]
|upkeep
|turn|2
|
|t:|1783870144
|move|p1a: Oranguru|Psychic Noise|p2a: Pelipper
|-damage|p2a: Pelipper|67/100
|-start|p2a: Pelipper|move: Heal Block
|move|p1b: Incineroar|Close Combat|p2b: Raichu
|-damage|p2b: Raichu|33/100
|-unboost|p1b: Incineroar|def|1
|-unboost|p1b: Incineroar|spd|1
|move|p2a: Pelipper|Weather Ball|p1b: Incineroar
|-supereffective|p1b: Incineroar|1
|-damage|p1b: Incineroar|0 fnt
|faint|p1b: Incineroar
|move|p2b: Raichu|Thunder Wave|p1a: Oranguru|[miss]
|-miss|p2b: Raichu|p1a: Oranguru
|
|-weather|RainDance|[upkeep]
|upkeep
|
|t:|1783870152
|switch|p1b: Eelektross|Eelektross, L50, F, shiny|100/100
|turn|3
|
|t:|1783870162
|detailschange|p1b: Eelektross|Eelektross-Mega, L50, F, shiny
|-mega|p1b: Eelektross|Eelektross|Eelektrossite
|move|p2a: Pelipper|Protect|p2a: Pelipper
|-singleturn|p2a: Pelipper|Protect
|move|p2b: Raichu|Protect|p2b: Raichu
|-singleturn|p2b: Raichu|Protect
|move|p1a: Oranguru|Psychic Noise|p2b: Raichu
|-activate|p2b: Raichu|move: Protect
|move|p1b: Eelektross|Discharge|p2a: Pelipper|[spread] 
|-activate|p2a: Pelipper|move: Protect
|-activate|p2b: Raichu|move: Protect
|-activate|p1a: Oranguru|ability: Telepathy
|
|-weather|RainDance|[upkeep]
|-end|p2a: Pelipper|move: Heal Block
|upkeep
|turn|4
|
|t:|1783870183
|switch|p2a: Grimmsnarl|Grimmsnarl, L50, M, shiny|100/100
|move|p1a: Oranguru|Instruct|p1b: Eelektross
|-singleturn|p1b: Eelektross|move: Instruct|[of] p1a: Oranguru
|move|p1b: Eelektross|Discharge|p2b: Raichu|[spread] p2a,p2b
|-activate|p1a: Oranguru|ability: Telepathy
|-resisted|p2b: Raichu|1
|-damage|p2a: Grimmsnarl|67/100
|-damage|p2b: Raichu|8/100
|-status|p2a: Grimmsnarl|par
|move|p1b: Eelektross|Discharge|p2a: Grimmsnarl|[spread] p2a,p2b
|-activate|p1a: Oranguru|ability: Telepathy
|-resisted|p2b: Raichu|1
|-damage|p2a: Grimmsnarl|31/100 par
|-damage|p2b: Raichu|0 fnt
|faint|p2b: Raichu
|-ability|p1b: Eelektross|Eelevate|boost
|-boost|p1b: Eelektross|spa|1
|
|-weather|RainDance|[upkeep]
|upkeep
|
|t:|1783870206
|switch|p2b: Gholdengo|Gholdengo, L50, shiny|100/100
|turn|5
|
|t:|1783870220
|move|p2a: Grimmsnarl|Light Screen|p2a: Grimmsnarl
|-sidestart|p2: Goobertator|move: Light Screen
|move|p1a: Oranguru|Instruct|p1b: Eelektross
|-singleturn|p1b: Eelektross|move: Instruct|[of] p1a: Oranguru
|move|p1b: Eelektross|Discharge|p2b: Gholdengo|[spread] p2a,p2b
|-activate|p1a: Oranguru|ability: Telepathy
|-damage|p2a: Grimmsnarl|1/100 par
|-damage|p2b: Gholdengo|62/100
|move|p1b: Eelektross|Discharge|p2a: Grimmsnarl|[spread] p2a,p2b
|-activate|p1a: Oranguru|ability: Telepathy
|-damage|p2a: Grimmsnarl|0 fnt
|-damage|p2b: Gholdengo|23/100
|faint|p2a: Grimmsnarl
|-ability|p1b: Eelektross|Eelevate|boost
|-boost|p1b: Eelektross|spa|1
|move|p2b: Gholdengo|Shadow Ball|p1b: Eelektross
|-damage|p1b: Eelektross|64/100
|
|-weather|RainDance|[upkeep]
|-fieldend|move: Trick Room
|upkeep
|
|t:|1783870237
|switch|p2a: Pelipper|Pelipper, L50, F|67/100
|turn|6
|
|t:|1783870249
|move|p2b: Gholdengo|Make It Rain|p1b: Eelektross|[spread] p1a,p1b
|-resisted|p1b: Eelektross|1
|-damage|p1a: Oranguru|61/100
|-damage|p1b: Eelektross|41/100
|-unboost|p2b: Gholdengo|spa|2
|move|p2a: Pelipper|Weather Ball|p1b: Eelektross
|-damage|p1b: Eelektross|0 fnt
|faint|p1b: Eelektross
|move|p1a: Oranguru|Trick Room|p1a: Oranguru
|-fieldstart|move: Trick Room|[of] p1a: Oranguru
|
|-weather|RainDance|[upkeep]
|upkeep
|
|t:|1783870257
|switch|p1b: Mamoswine|Mamoswine, L50, F, shiny|100/100
|turn|7
|
|t:|1783870269
|move|p2b: Gholdengo|Protect|p2b: Gholdengo
|-singleturn|p2b: Gholdengo|Protect
|move|p1a: Oranguru|Psychic Noise|p2b: Gholdengo
|-activate|p2b: Gholdengo|move: Protect
|move|p1b: Mamoswine|Rock Slide|p2a: Pelipper|[spread] p2a
|-activate|p2b: Gholdengo|move: Protect
|-supereffective|p2a: Pelipper|1
|-damage|p2a: Pelipper|0 fnt
|faint|p2a: Pelipper
|-damage|p1b: Mamoswine|90/100|[from] item: Life Orb
|
|-weather|RainDance|[upkeep]
|upkeep
|turn|8
|
|t:|1783870282
|move|p1a: Oranguru|Psychic Noise|p2b: Gholdengo
|-resisted|p2b: Gholdengo|1
|-damage|p2b: Gholdengo|14/100
|-start|p2b: Gholdengo|move: Heal Block
|move|p1b: Mamoswine|Earthquake|p2b: Gholdengo|[spread] p2b
|-activate|p1a: Oranguru|ability: Telepathy
|-supereffective|p2b: Gholdengo|1
|-damage|p2b: Gholdengo|0 fnt
|faint|p2b: Gholdengo
|-damage|p1b: Mamoswine|80/100|[from] item: Life Orb
|
|win|bearlover997
|raw|bearlover997's rating: 1088 → 1108(+20 for winning)
|raw|Goobertator's rating: 1000 → 1000(+0 for losing)
|l|☆bearlover997
|player|p1|
