|j|☆guillelona
|j|☆tipolucha
|html|guillelonatipolucha    
|uhtml|bestof|Game 3 of a best-of-3
|t:|1784992777
|gametype|doubles
|player|p1|guillelona|2|1164
|player|p2|tipolucha|266|1134
|gen|9
|tier|[Gen 9 Champions] VGC 2026 Reg M-B (Bo3)
|rated|
|rule|Species Clause: Limit one of each Pokémon
|rule|Item Clause: Limit 1 of each item
|clearpoke
|poke|p1|Vivillon-Tundra, L50, F|
|poke|p1|Mawile, L50, F|
|poke|p1|Torkoal, L50, M|
|poke|p1|Farigiraf, L50, M|
|poke|p1|Garchomp, L50, M|
|poke|p1|Raichu, L50, M|
|poke|p2|Whimsicott, L50, M|
|poke|p2|Froslass, L50, F|
|poke|p2|Tyrantrum, L50, M|
|poke|p2|Sneasler, L50, M|
|poke|p2|Milotic, L50, F|
|poke|p2|Scizor, L50, M|
|teampreview|4
|showteam|p1|Vivillon-Tundra||FocusSash|CompoundEyes|Hurricane,SleepPowder,RagePowder,Protect|Timid||F|||50|]Mawile||Mawilite|Intimidate|PlayRough,RockSlide,SuckerPunch,Protect|Adamant||F|||50|]Torkoal||Charcoal|Drought|Eruption,WeatherBall,Protect,EarthPower|Quiet||M|||50|]Farigiraf||SitrusBerry|ArmorTail|Psychic,Thunderbolt,TrickRoom,HelpingHand|Relaxed||M|||50|]Garchomp||LifeOrb|RoughSkin|DragonClaw,Earthquake,RockSlide,Protect|Jolly||M|||50|]Raichu||RaichuniteY|LightningRod|ZapCannon,FocusBlast,FakeOut,Protect|Timid||M|||50|
|showteam|p2|Whimsicott||FocusSash|Prankster|EnergyBall,Moonblast,FakeTears,Tailwind|Timid||M|||50|]Froslass||Froslassite|SnowCloak|Blizzard,AuroraVeil,ShadowBall,Protect|Timid||F|||50|]Tyrantrum||ChoiceScarf|StrongJaw|Crunch,RockSlide,FireFang,PsychicFangs|Jolly||M|||50|]Sneasler||WhiteHerb|Unburden|CloseCombat,Protect,DireClaw,RockSlide|Adamant||M|||50|]Milotic||MysticWater|Competitive|IceBeam,Scald,IcyWind,Protect|Modest||F|||50|]Scizor||Scizorite|Technician|BugBite,BulletPunch,Protect,Assurance|Adamant||M|||50|
|inactive|Battle timer is ON: inactive players will automatically lose when time's up. (requested by guillelona)
|
|t:|1784992863
|teamsize|p1|4
|teamsize|p2|4
|start
|switch|p1a: Vivillon|Vivillon-Tundra, L50, F|100/100
|switch|p1b: Farigiraf|Farigiraf, L50, M|100/100
|switch|p2a: Sneasler|Sneasler, L50, M|100/100
|switch|p2b: Scizor|Scizor, L50, M|100/100
|turn|1
|
|t:|1784992879
|detailschange|p2b: Scizor|Scizor-Mega, L50, M
|-mega|p2b: Scizor|Scizor|Scizorite
|move|p2a: Sneasler|Rock Slide|p1b: Farigiraf|[spread] p1a,p1b
|-supereffective|p1a: Vivillon|2
|-enditem|p1a: Vivillon|Focus Sash
|-damage|p1a: Vivillon|1/100
|-damage|p1b: Farigiraf|82/100
|cant|p1a: Vivillon|flinch
|move|p2b: Scizor|Bug Bite|p1b: Farigiraf
|-supereffective|p1b: Farigiraf|1
|-damage|p1b: Farigiraf|0 fnt
|-enditem|p1b: Farigiraf|Sitrus Berry|[from] stealeat|[move] Bug Bite|[of] p2b: Scizor
|faint|p1b: Farigiraf
|
|upkeep
|
|t:|1784992895
|switch|p1b: Torkoal|Torkoal, L50, M|100/100
|-weather|SunnyDay|[from] ability: Drought|[of] p1b: Torkoal
|turn|2
|inactive|tipolucha has 30 seconds left.
|inactive|tipolucha has 20 seconds left.
|inactive|tipolucha has 15 seconds left.
|inactive|tipolucha has 10 seconds left.
|
|t:|1784992944
|move|p2b: Scizor|Protect|p2b: Scizor
|-singleturn|p2b: Scizor|Protect
|move|p2a: Sneasler|Rock Slide|p1b: Torkoal|[spread] p1a,p1b
|-supereffective|p1a: Vivillon|2
|-supereffective|p1b: Torkoal|1
|-damage|p1a: Vivillon|0 fnt
|-damage|p1b: Torkoal|67/100
|faint|p1a: Vivillon
|move|p1b: Torkoal|Eruption|p2b: Scizor|[spread] p2a
|-activate|p2b: Scizor|move: Protect
|-damage|p2a: Sneasler|22/100
|
|-weather|SunnyDay|[upkeep]
|upkeep
|
|t:|1784992954
|switch|p1a: Mawile|Mawile, L50, F|100/100
|-ability|p1a: Mawile|Intimidate|boost
|-unboost|p2a: Sneasler|atk|1
|-unboost|p2b: Scizor|atk|1
|-enditem|p2a: Sneasler|White Herb
|-clearnegativeboost|p2a: Sneasler|[silent]
|turn|3
|
|t:|1784992968
|detailschange|p1a: Mawile|Mawile-Mega, L50, F
|-mega|p1a: Mawile|Mawile|Mawilite
|move|p2a: Sneasler|Protect|p2a: Sneasler
|-singleturn|p2a: Sneasler|Protect
|move|p2b: Scizor|Bullet Punch|p1b: Torkoal
|-resisted|p1b: Torkoal|1
|-damage|p1b: Torkoal|57/100
|move|p1a: Mawile|Sucker Punch||[still]
|-fail|p1a: Mawile
|move|p1b: Torkoal|Weather Ball|p2b: Scizor
|-supereffective|p2b: Scizor|2
|-damage|p2b: Scizor|0 fnt
|faint|p2b: Scizor
|
|-weather|SunnyDay|[upkeep]
|upkeep
|
|t:|1784992984
|switch|p2b: Froslass|Froslass, L50, F|100/100
|turn|4
|
|t:|1784992999
|move|p1a: Mawile|Sucker Punch|p2a: Sneasler
|-resisted|p2a: Sneasler|1
|-damage|p2a: Sneasler|0 fnt
|faint|p2a: Sneasler
|move|p2b: Froslass|Shadow Ball|p1b: Torkoal
|-damage|p1b: Torkoal|17/100
|move|p1b: Torkoal|Weather Ball|p2b: Froslass
|-supereffective|p2b: Froslass|1
|-damage|p2b: Froslass|0 fnt
|faint|p2b: Froslass
|
|-weather|SunnyDay|[upkeep]
|upkeep
|inactive|tipolucha has 30 seconds left.
|
|t:|1784993034
|switch|p2b: Tyrantrum|Tyrantrum, L50, M|100/100
|turn|5
|
|t:|1784993039
|move|p1a: Mawile|Sucker Punch|p2b: Tyrantrum
|-damage|p2b: Tyrantrum|54/100
|move|p2b: Tyrantrum|Fire Fang|p1a: Mawile
|-supereffective|p1a: Mawile|1
|-damage|p1a: Mawile|3/100
|move|p1b: Torkoal|Earth Power|p2b: Tyrantrum
|-supereffective|p2b: Tyrantrum|1
|-damage|p2b: Tyrantrum|0 fnt
|faint|p2b: Tyrantrum
|
|win|guillelona
|raw|guillelona's rating: 1164 → 1187(+23 for winning)
|raw|tipolucha's rating: 1134 → 1111(-23 for losing)
|l|☆tipolucha
|player|p2|
