|j|☆CulantroVGC
|j|☆abadanriyi92
|html|CulantroVGCabadanriyi92    
|uhtml|bestof|Game 3 of a best-of-3
|t:|1786123872
|gametype|doubles
|player|p1|CulantroVGC|170|1271
|player|p2|abadanriyi92|colress|1352
|gen|9
|tier|[Gen 9 Champions] VGC 2026 Reg M-B (Bo3)
|rated|
|rule|Species Clause: Limit one of each Pokémon
|rule|Item Clause: Limit 1 of each item
|clearpoke
|poke|p1|Sneasler, L50, M|
|poke|p1|Sinistcha, L50|
|poke|p1|Azumarill, L50, M|
|poke|p1|Delphox, L50, M, shiny|
|poke|p1|Tyranitar, L50, F|
|poke|p1|Farigiraf, L50, M, shiny|
|poke|p2|Charizard, L50, F|
|poke|p2|Floette-Eternal, L50, F|
|poke|p2|Basculegion, L50, M|
|poke|p2|Garchomp, L50, F|
|poke|p2|Kingambit, L50, M|
|poke|p2|Whimsicott, L50, M|
|teampreview|4
|showteam|p1|Sneasler||WhiteHerb|Unburden|CloseCombat,FakeOut,Protect,DireClaw|Jolly||M|||50|]Sinistcha||KasibBerry|Hospitality|MatchaGotcha,RagePowder,LifeDew,TrickRoom|Bold|||||50|]Azumarill||SitrusBerry|HugePower|AquaJet,BellyDrum,Protect,PlayRough|Adamant||M|||50|]Delphox||Delphoxite|Blaze|Psychic,HeatWave,NastyPlot,Protect|Timid||M|||50|]Tyranitar||Tyranitarite|SandStream|RockSlide,KnockOff,LowKick,Protect|Adamant||F|||50|]Farigiraf||ColburBerry|ArmorTail|FoulPlay,Psychic,HelpingHand,TrickRoom|Modest||M|||50|
|showteam|p2|Charizard||CharizarditeY|Blaze|HeatWave,SolarBeam,WeatherBall,Protect|Modest||F|||50|]Floette-Eternal||Floettite|FlowerVeil|Moonblast,DazzlingGleam,LightofRuin,Protect|Timid||F|||50|]Basculegion||LifeOrb|Adaptability|WaveCrash,AquaJet,LastRespects,Protect|Adamant||M|||50|]Garchomp||SitrusBerry|RoughSkin|Earthquake,RockSlide,Protect,DragonClaw|Adamant||F|||50|]Kingambit||ChopleBerry|Defiant|KowtowCleave,IronHead,SuckerPunch,LowKick|Adamant||M|||50|]Whimsicott||FocusSash|Prankster|Moonblast,Tailwind,Encore,Protect|Timid||M|||50|
|inactive|Battle timer is ON: inactive players will automatically lose when time's up. (requested by CulantroVGC)
|inactive|CulantroVGC has 60 seconds left.
|
|t:|1786123904
|teamsize|p1|4
|teamsize|p2|4
|start
|switch|p1a: Sneasler|Sneasler, L50, M|100/100
|switch|p1b: Azumarill|Azumarill, L50, M|100/100
|switch|p2a: Charizard|Charizard, L50, F|100/100
|switch|p2b: Garchomp|Garchomp, L50, F|100/100
|turn|1
|
|t:|1786123928
|detailschange|p2a: Charizard|Charizard-Mega-Y, L50, F
|-mega|p2a: Charizard|Charizard|Charizardite Y
|-weather|SunnyDay|[from] ability: Drought|[of] p2a: Charizard
|move|p1a: Sneasler|Fake Out|p2a: Charizard
|-damage|p2a: Charizard|85/100
|move|p2b: Garchomp|Earthquake|p1b: Azumarill|[spread] p1a,p1b
|-immune|p2a: Charizard
|-supereffective|p1a: Sneasler|1
|-crit|p1a: Sneasler
|-damage|p1a: Sneasler|0 fnt
|-damage|p1b: Azumarill|58/100
|faint|p1a: Sneasler
|cant|p2a: Charizard|flinch
|move|p1b: Azumarill|Belly Drum|p1b: Azumarill
|-damage|p1b: Azumarill|8/100
|-setboost|p1b: Azumarill|atk|6|[from] move: Belly Drum
|-enditem|p1b: Azumarill|Sitrus Berry|[eat]
|-heal|p1b: Azumarill|33/100|[from] item: Sitrus Berry
|
|-weather|SunnyDay|[upkeep]
|upkeep
|
|t:|1786123952
|switch|p1a: Sinistcha|Sinistcha, L50|100/100
|-heal|p1b: Azumarill|58/100|[from] ability: Hospitality|[of] p1a: Sinistcha
|turn|2
|inactive|CulantroVGC has 30 seconds left.
|inactive|abadanriyi92 has 30 seconds left.
|inactive|abadanriyi92 has 20 seconds left.
|
|t:|1786123991
|move|p2a: Charizard|Protect|p2a: Charizard
|-singleturn|p2a: Charizard|Protect
|move|p1b: Azumarill|Aqua Jet|p2a: Charizard
|-activate|p2a: Charizard|move: Protect
|move|p2b: Garchomp|Earthquake|p1a: Sinistcha|[spread] p1a,p1b
|-activate|p2a: Charizard|move: Protect
|-resisted|p1a: Sinistcha|1
|-damage|p1a: Sinistcha|85/100
|-damage|p1b: Azumarill|20/100y
|move|p1a: Sinistcha|Trick Room|p1a: Sinistcha
|-fieldstart|move: Trick Room|[of] p1a: Sinistcha
|
|-weather|SunnyDay|[upkeep]
|upkeep
|turn|3
|
|t:|1786124013
|move|p1b: Azumarill|Aqua Jet|p2a: Charizard
|-supereffective|p2a: Charizard|1
|-damage|p2a: Charizard|0 fnt
|faint|p2a: Charizard
|move|p1a: Sinistcha|Life Dew|p1a: Sinistcha|[spread] p1a,p1b
|-heal|p1a: Sinistcha|100/100
|-heal|p1b: Azumarill|45/100
|move|p2b: Garchomp|Earthquake|p1a: Sinistcha|[spread] p1a,p1b
|-resisted|p1a: Sinistcha|1
|-damage|p1a: Sinistcha|85/100
|-damage|p1b: Azumarill|8/100
|
|-weather|SunnyDay|[upkeep]
|upkeep
|
|t:|1786124037
|switch|p2a: Kingambit|Kingambit, L50, M|100/100
|turn|4
|
|t:|1786124050
|move|p1b: Azumarill|Protect|p1b: Azumarill
|-singleturn|p1b: Azumarill|Protect
|move|p2a: Kingambit|Kowtow Cleave|p1a: Sinistcha
|-supereffective|p1a: Sinistcha|1
|-damage|p1a: Sinistcha|1/100
|move|p1a: Sinistcha|Life Dew|p1a: Sinistcha|[spread] p1a,p1b
|-heal|p1a: Sinistcha|25/100
|-heal|p1b: Azumarill|33/100
|move|p2b: Garchomp|Earthquake|p1b: Azumarill|[spread] p2a,p1a
|-activate|p1b: Azumarill|move: Protect
|-supereffective|p2a: Kingambit|1
|-resisted|p1a: Sinistcha|1
|-damage|p2a: Kingambit|44/100
|-damage|p1a: Sinistcha|11/100
|
|-weather|SunnyDay|[upkeep]
|upkeep
|turn|5
|inactive|CulantroVGC has 30 seconds left.
|inactive|abadanriyi92 has 30 seconds left.
|
|t:|1786124083
|move|p1b: Azumarill|Play Rough|p2b: Garchomp
|-supereffective|p2b: Garchomp|1
|-damage|p2b: Garchomp|0 fnt
|-damage|p1b: Azumarill|21/100|[from] ability: Rough Skin|[of] p2b: Garchomp
|faint|p2b: Garchomp
|move|p2a: Kingambit|Kowtow Cleave|p1a: Sinistcha
|-supereffective|p1a: Sinistcha|1
|-damage|p1a: Sinistcha|0 fnt
|faint|p1a: Sinistcha
|
|-weather|none
|upkeep
|
|t:|1786124095
|switch|p1a: Farigiraf|Farigiraf, L50, M, shiny|100/100
|switch|p2b: Basculegion|Basculegion, L50, M|100/100
|turn|6
|inactive|abadanriyi92 has 30 seconds left.
|
|t:|1786124124
|move|p1b: Azumarill|Aqua Jet|p2a: Kingambit
|-damage|p2a: Kingambit|0 fnt
|faint|p2a: Kingambit
|move|p1a: Farigiraf|Foul Play|p2b: Basculegion
|-supereffective|p2b: Basculegion|1
|-damage|p2b: Basculegion|29/100
|move|p2b: Basculegion|Last Respects|p1b: Azumarill
|-damage|p1b: Azumarill|0 fnt
|faint|p1b: Azumarill
|-damage|p2b: Basculegion|19/100|[from] item: Life Orb
|
|-fieldend|move: Trick Room
|upkeep
|turn|7
|
|t:|1786124142
|move|p2b: Basculegion|Wave Crash|p1a: Farigiraf
|-damage|p1a: Farigiraf|2/100
|-damage|p2b: Basculegion|0 fnt|[from] Recoil
|faint|p2b: Basculegion
|
|win|CulantroVGC
|raw|CulantroVGC's rating: 1271 → 1302(+31 for winning)
|raw|abadanriyi92's rating: 1352 → 1327(-25 for losing)
|c|☆abadanriyi92|was that last wavecrash a damage roll?
|l|☆CulantroVGC
|player|p1|
