|j|☆RauSakura
|j|☆NJBDarkrai
|html|RauSakuraNJBDarkrai    
|uhtml|bestof|Game 3 of a best-of-3
|t:|1786011638
|gametype|doubles
|player|p1|RauSakura|#rausakura|
|player|p2|NJBDarkrai|170|
|gen|9
|tier|[Gen 9 Champions] VGC 2026 Reg M-B (Bo3)
|rule|Species Clause: Limit one of each Pokémon
|rule|Item Clause: Limit 1 of each item
|clearpoke
|poke|p1|Staraptor, L50, F|
|poke|p1|Arcanine-Hisui, L50, M|
|poke|p1|Kingambit, L50, F|
|poke|p1|Sylveon, L50, M|
|poke|p1|Raichu, L50, M|
|poke|p1|Farigiraf, L50, F|
|poke|p2|Gengar, L50, M|
|poke|p2|Vivillon-Pokeball, L50, F|
|poke|p2|Incineroar, L50, M|
|poke|p2|Swampert, L50, M|
|poke|p2|Archaludon, L50, M|
|poke|p2|Politoed, L50, M|
|teampreview|4
|showteam|p1|Staraptor||Staraptite|Intimidate|DualWingbeat,CloseCombat,Tailwind,Protect|Jolly||F|||50|]Arcanine-Hisui||FocusSash|RockHead|FlareBlitz,HeadSmash,ExtremeSpeed,Protect|Jolly||M|||50|]Kingambit||LifeOrb|Defiant|KowtowCleave,SuckerPunch,SwordsDance,Protect|Adamant||F|||50|]Sylveon||FairyFeather|Pixilate|HyperVoice,HyperBeam,QuickAttack,Detect|Modest||M|||50|]Raichu||RaichuniteY|LightningRod|ZapCannon,FocusBlast,FakeOut,Protect|Timid||M|||50|]Farigiraf||SitrusBerry|ArmorTail|Psychic,HelpingHand,TrickRoom,Protect|Calm||F|||50|
|showteam|p2|Gengar||Gengarite|CursedBody|ShadowBall,SludgeBomb,PerishSong,Protect|Timid||M|||50|]Vivillon-Pokeball||FocusSash|CompoundEyes|SleepPowder,RagePowder,Hurricane,Protect|Timid||F|||50|]Incineroar||PasshoBerry|Intimidate|FakeOut,ThroatChop,PartingShot,Protect|Sassy||M|||50|]Swampert||Swampertite|Damp|WaveCrash,Earthquake,IcePunch,Protect|Adamant||M|||50|]Archaludon||Leftovers|Stamina|FlashCannon,DragonPulse,ElectroShot,Protect|Modest||M|||50|]Politoed||SitrusBerry|Drizzle|WeatherBall,PerishSong,Encore,Protect|Calm||M|||50|
|j| irluke
|c|☆NJBDarkrai|glhf!
|j| SamTabner
|c|☆RauSakura|glhf
|j| shitmonleevgc
|l| irluke
|
|t:|1786011729
|teamsize|p1|4
|teamsize|p2|4
|start
|switch|p1a: Staraptor|Staraptor, L50, F|100/100
|switch|p1b: Farigiraf|Farigiraf, L50, F|100/100
|switch|p2a: TAPPAR ANDAN|Incineroar, L50, M|100/100
|switch|p2b: FÖR FORT|Swampert, L50, M|100/100
|-ability|p1a: Staraptor|Intimidate|boost
|-unboost|p2a: TAPPAR ANDAN|atk|1
|-unboost|p2b: FÖR FORT|atk|1
|-ability|p2a: TAPPAR ANDAN|Intimidate|boost
|-unboost|p1a: Staraptor|atk|1
|-unboost|p1b: Farigiraf|atk|1
|turn|1
|j| irluke
|
|t:|1786011769
|detailschange|p1a: Staraptor|Staraptor-Mega, L50, F
|-mega|p1a: Staraptor|Staraptor|Staraptite
|detailschange|p2b: FÖR FORT|Swampert-Mega, L50, M
|-mega|p2b: FÖR FORT|Swampert|Swampertite
|move|p1b: Farigiraf|Helping Hand|p1a: Staraptor
|-singleturn|p1a: Staraptor|Helping Hand|[of] p1b: Farigiraf
|move|p1a: Staraptor|Close Combat|p2b: FÖR FORT
|-damage|p2b: FÖR FORT|40/100
|-boost|p1a: Staraptor|def|1
|-boost|p1a: Staraptor|spd|1
|move|p2b: FÖR FORT|Ice Punch|p1a: Staraptor
|-supereffective|p1a: Staraptor|1
|-damage|p1a: Staraptor|71/100
|move|p2a: TAPPAR ANDAN|Throat Chop|p1b: Farigiraf
|-supereffective|p1b: Farigiraf|1
|-damage|p1b: Farigiraf|64/100
|-start|p1b: Farigiraf|Throat Chop|[silent]
|
|upkeep
|turn|2
|
|t:|1786011798
|switch|p2a: Som En Stjärna|Politoed, L50, M|100/100
|-weather|RainDance|[from] ability: Drizzle|[of] p2a: Som En Stjärna
|move|p1b: Farigiraf|Helping Hand|p1a: Staraptor
|-singleturn|p1a: Staraptor|Helping Hand|[of] p1b: Farigiraf
|move|p2b: FÖR FORT|Wave Crash|p1a: Staraptor
|-damage|p1a: Staraptor|21/100
|-damage|p2b: FÖR FORT|23/100|[from] Recoil
|move|p1a: Staraptor|Close Combat|p2a: Som En Stjärna
|-damage|p2a: Som En Stjärna|42/100
|-boost|p1a: Staraptor|def|1
|-boost|p1a: Staraptor|spd|1
|-enditem|p2a: Som En Stjärna|Sitrus Berry|[eat]
|-heal|p2a: Som En Stjärna|67/100|[from] item: Sitrus Berry
|
|-weather|RainDance|[upkeep]
|-end|p1b: Farigiraf|Throat Chop|[silent]
|upkeep
|turn|3
|
|t:|1786011835
|move|p1b: Farigiraf|Protect|p1b: Farigiraf
|-singleturn|p1b: Farigiraf|Protect
|move|p2b: FÖR FORT|Wave Crash|p1a: Staraptor
|-damage|p1a: Staraptor|0 fnt
|faint|p1a: Staraptor
|-damage|p2b: FÖR FORT|15/100|[from] Recoil
|move|p2a: Som En Stjärna|Encore|p1b: Farigiraf
|-activate|p1b: Farigiraf|move: Protect
|
|-weather|RainDance|[upkeep]
|upkeep
|
|t:|1786011860
|switch|p1a: Kingambit|Kingambit, L50, F|100/100
|turn|4
|
|t:|1786011873
|move|p1b: Farigiraf|Helping Hand|p1a: Kingambit
|-singleturn|p1a: Kingambit|Helping Hand|[of] p1b: Farigiraf
|move|p2b: FÖR FORT|Wave Crash|p1a: Kingambit
|-damage|p1a: Kingambit|44/100
|-damage|p2b: FÖR FORT|0 fnt|[from] Recoil
|faint|p2b: FÖR FORT
|move|p2a: Som En Stjärna|Weather Ball|p1a: Kingambit
|-damage|p1a: Kingambit|0 fnt
|faint|p1a: Kingambit
|
|-weather|RainDance|[upkeep]
|upkeep
|
|t:|1786011885
|switch|p2b: TAPPAR ANDAN|Incineroar, L50, M|100/100
|switch|p1a: Sylveon|Sylveon, L50, M|100/100
|-ability|p2b: TAPPAR ANDAN|Intimidate|boost
|-unboost|p1a: Sylveon|atk|1
|-unboost|p1b: Farigiraf|atk|1
|turn|5
|
|t:|1786011913
|move|p1b: Farigiraf|Helping Hand|p1a: Sylveon
|-singleturn|p1a: Sylveon|Helping Hand|[of] p1b: Farigiraf
|move|p1a: Sylveon|Hyper Voice|p2a: Som En Stjärna|[spread] p2a,p2b
|-damage|p2a: Som En Stjärna|9/100
|-damage|p2b: TAPPAR ANDAN|40/100
|move|p2a: Som En Stjärna|Weather Ball|p1b: Farigiraf
|-damage|p1b: Farigiraf|26/100
|-enditem|p1b: Farigiraf|Sitrus Berry|[eat]
|-heal|p1b: Farigiraf|51/100|[from] item: Sitrus Berry
|move|p2b: TAPPAR ANDAN|Parting Shot|p1a: Sylveon
|-unboost|p1a: Sylveon|atk|1
|-unboost|p1a: Sylveon|spa|1
|
|t:|1786011920
|switch|p2b: NUMMER ETT|Archaludon, L50, M|100/100|[from] Parting Shot
|
|-weather|RainDance|[upkeep]
|upkeep
|turn|6
|
|t:|1786011931
|switch|p2a: TAPPAR ANDAN|Incineroar, L50, M|40/100
|-ability|p2a: TAPPAR ANDAN|Intimidate|boost
|-unboost|p1a: Sylveon|atk|1
|-unboost|p1b: Farigiraf|atk|1
|move|p1b: Farigiraf|Helping Hand|p1a: Sylveon
|-singleturn|p1a: Sylveon|Helping Hand|[of] p1b: Farigiraf
|move|p2b: NUMMER ETT|Electro Shot||[still]
|-prepare|p2b: NUMMER ETT|Electro Shot
|-boost|p2b: NUMMER ETT|spa|1
|-anim|p2b: NUMMER ETT|Electro Shot|p1b: Farigiraf
|-damage|p1b: Farigiraf|2/100
|move|p1a: Sylveon|Hyper Voice|p2b: NUMMER ETT|[spread] p2a,p2b
|-crit|p2b: NUMMER ETT
|-damage|p2a: TAPPAR ANDAN|5/100
|-damage|p2b: NUMMER ETT|2/100
|-ability|p2b: NUMMER ETT|Stamina|boost
|-boost|p2b: NUMMER ETT|def|1
|
|-weather|none
|-heal|p2b: NUMMER ETT|8/100|[from] item: Leftovers
|upkeep
|turn|7
|
|t:|1786011973
|move|p1b: Farigiraf|Protect|p1b: Farigiraf
|-singleturn|p1b: Farigiraf|Protect
|move|p1a: Sylveon|Quick Attack|p2b: NUMMER ETT
|-damage|p2b: NUMMER ETT|5/100
|-ability|p2b: NUMMER ETT|Stamina|boost
|-boost|p2b: NUMMER ETT|def|1
|move|p2b: NUMMER ETT|Flash Cannon|p1a: Sylveon
|-supereffective|p1a: Sylveon|1
|-damage|p1a: Sylveon|23/100
|move|p2a: TAPPAR ANDAN|Throat Chop|p1b: Farigiraf
|-activate|p1b: Farigiraf|move: Protect
|
|-heal|p2b: NUMMER ETT|11/100|[from] item: Leftovers
|upkeep
|turn|8
|j| Mawilemann
|j| escaperoomvgc
|l| escaperoomvgc
|j| escaperoomvgc
|
|t:|1786012024
|move|p2b: NUMMER ETT|Flash Cannon|p1a: Sylveon
|-supereffective|p1a: Sylveon|1
|-damage|p1a: Sylveon|0 fnt
|faint|p1a: Sylveon
|move|p1b: Farigiraf|Psychic|p2b: NUMMER ETT
|-resisted|p2b: NUMMER ETT|1
|-damage|p2b: NUMMER ETT|0 fnt
|faint|p2b: NUMMER ETT
|move|p2a: TAPPAR ANDAN|Throat Chop|p1b: Farigiraf
|-supereffective|p1b: Farigiraf|1
|-damage|p1b: Farigiraf|0 fnt
|faint|p1b: Farigiraf
|
|win|NJBDarkrai
|c|☆RauSakura|ggs
|l| irluke
|l| SamTabner
|c|☆NJBDarkrai|ggs:))
|l| shitmonleevgc
|l| escaperoomvgc
|l| Mawilemann
|l|☆RauSakura
|player|p1|
