|j|☆pagoose chase
|j|‽tkwime
|html|pagoose chasetkwime    
|uhtml|bestof|Game 3 of a best-of-3
|t:|1757629674
|gametype|doubles
|player|p1|pagoose chase|roxanne-gen6|1077
|player|p2|tkwime|artist-gen4|1054
|gen|9
|tier|[Gen 9] VGC 2025 Reg H (Bo3)
|rated|
|rule|Species Clause: Limit one of each Pokémon
|rule|Item Clause: Limit 1 of each item
|clearpoke
|poke|p1|Gliscor, L50, F|
|poke|p1|Tyranitar, L50, F|
|poke|p1|Rillaboom, L50, F|
|poke|p1|Gholdengo, L50|
|poke|p1|Electabuzz, L50, F|
|poke|p1|Dragonite, L50, M|
|poke|p2|Archaludon, L50, M|
|poke|p2|Pelipper, L50, F|
|poke|p2|Sinistcha, L50|
|poke|p2|Ursaluna, L50, M|
|poke|p2|Dragonite, L50, M|
|poke|p2|Gholdengo, L50|
|teampreview|4
|showteam|p1|Gliscor||ToxicOrb|PoisonHeal|DualWingbeat,HighHorsepower,Tailwind,Protect|||F|||50|,,,,,Water]Tyranitar||AssaultVest|SandStream|RockSlide,KnockOff,LowKick,TeraBlast|||F|||50|,,,,,Flying]Rillaboom||MiracleSeed|GrassySurge|FakeOut,GrassyGlide,WoodHammer,Uturn|||F|||50|,,,,,Fire]Gholdengo||LifeOrb|GoodasGold|MakeItRain,ShadowBall,NastyPlot,Protect||||||50|,,,,,Water]Electabuzz||Eviolite|VitalSpirit|FollowMe,Electroweb,Taunt,Protect|||F|||50|,,,,,Ghost]Dragonite||LoadedDice|Multiscale|ScaleShot,StompingTantrum,Haze,Protect|||M|||50|,,,,,Steel
|showteam|p2|Archaludon||AssaultVest|Stamina|FlashCannon,ElectroShot,BodyPress,DracoMeteor|||M|||50|,,,,,Bug]Pelipper||FocusSash|Drizzle|Hurricane,Tailwind,MuddyWater,WideGuard|||F|||50|,,,,,Ghost]Sinistcha||SitrusBerry|Hospitality|MatchaGotcha,LifeDew,TrickRoom,RagePowder||||||50|,,,,,Dark]Ursaluna||FlameOrb|Guts|HammerArm,Earthquake,Facade,Protect|||M|||50|,,,,,Bug]Dragonite||LoadedDice|InnerFocus|Haze,ScaleShot,Tailwind,Protect|||M|||50|,,,,,Fairy]Gholdengo||ChoiceScarf|GoodasGold|MakeItRain,ShadowBall,Trick,TeraBlast||||||50|,,,,,Water
|inactive|Battle timer is ON: inactive players will automatically lose when time's up. (requested by tkwime)
|inactive|pagoose chase has 60 seconds left.
|
|t:|1757629739
|teamsize|p1|4
|teamsize|p2|4
|start
|switch|p1a: Gliscor|Gliscor, L50, F|100/100
|switch|p1b: Gholdengo|Gholdengo, L50|100/100
|switch|p2a: Dragonite|Dragonite, L50, M|100/100
|switch|p2b: Gholdengo|Gholdengo, L50|100/100
|turn|1
|inactive|tkwime has 30 seconds left.
|
|t:|1757629768
|-terastallize|p1a: Gliscor|Water
|move|p1b: Gholdengo|Protect|p1b: Gholdengo
|-singleturn|p1b: Gholdengo|Protect
|move|p2b: Gholdengo|Trick|p1a: Gliscor
|-activate|p2b: Gholdengo|move: Trick|[of] p1a: Gliscor
|-item|p1a: Gliscor|Choice Scarf|[from] move: Trick
|-item|p2b: Gholdengo|Toxic Orb|[from] move: Trick
|move|p1a: Gliscor|Tailwind|p1a: Gliscor
|-sidestart|p1: pagoose chase|move: Tailwind
|move|p2a: Dragonite|Tailwind|p2a: Dragonite
|-sidestart|p2: tkwime|move: Tailwind
|
|upkeep
|turn|2
|
|t:|1757629795
|switch|p1a: Tyranitar|Tyranitar, L50, F|100/100
|-weather|Sandstorm|[from] ability: Sand Stream|[of] p1a: Tyranitar
|switch|p2b: Pelipper|Pelipper, L50, F|100/100
|-weather|RainDance|[from] ability: Drizzle|[of] p2b: Pelipper
|move|p2a: Dragonite|Scale Shot|p1a: Tyranitar
|-damage|p1a: Tyranitar|88/100
|-damage|p1a: Tyranitar|74/100
|-damage|p1a: Tyranitar|62/100
|-damage|p1a: Tyranitar|50/100
|-hitcount|p1a: Tyranitar|4
|-unboost|p2a: Dragonite|def|1
|-boost|p2a: Dragonite|spe|1
|move|p1b: Gholdengo|Shadow Ball|p2b: Pelipper
|-enditem|p2b: Pelipper|Focus Sash
|-damage|p2b: Pelipper|1/100
|-damage|p1b: Gholdengo|91/100|[from] item: Life Orb
|
|-weather|RainDance|[upkeep]
|upkeep
|turn|3
|inactive|tkwime has 30 seconds left.
|
|t:|1757629829
|switch|p1a: Electabuzz|Electabuzz, L50, F|100/100
|move|p2a: Dragonite|Scale Shot|p1a: Electabuzz
|-damage|p1a: Electabuzz|89/100
|-damage|p1a: Electabuzz|79/100
|-damage|p1a: Electabuzz|68/100
|-damage|p1a: Electabuzz|57/100
|-damage|p1a: Electabuzz|46/100
|-hitcount|p1a: Electabuzz|5
|-unboost|p2a: Dragonite|def|1
|-boost|p2a: Dragonite|spe|1
|move|p2b: Pelipper|Muddy Water|p1a: Electabuzz|[spread] p1a,p1b
|-damage|p1a: Electabuzz|13/100
|-damage|p1b: Gholdengo|45/100
|-unboost|p1a: Electabuzz|accuracy|1
|move|p1b: Gholdengo|Make It Rain|p2b: Pelipper|[spread] p2a,p2b
|-resisted|p2b: Pelipper
|-damage|p2a: Dragonite|23/100
|-damage|p2b: Pelipper|0 fnt
|-unboost|p1b: Gholdengo|spa|1
|faint|p2b: Pelipper
|-damage|p1b: Gholdengo|35/100|[from] item: Life Orb
|
|-weather|RainDance|[upkeep]
|upkeep
|inactive|tkwime has 30 seconds left.
|
|t:|1757629860
|switch|p2b: Gholdengo|Gholdengo, L50|100/100
|turn|4
|
|t:|1757629877
|switch|p1b: Tyranitar|Tyranitar, L50, F|50/100
|-weather|Sandstorm|[from] ability: Sand Stream|[of] p1b: Tyranitar
|move|p1a: Electabuzz|Protect|p1a: Electabuzz
|-singleturn|p1a: Electabuzz|Protect
|move|p2a: Dragonite|Scale Shot|p1a: Electabuzz
|-activate|p1a: Electabuzz|move: Protect
|move|p2b: Gholdengo|Shadow Ball|p1b: Tyranitar
|-resisted|p1b: Tyranitar
|-damage|p1b: Tyranitar|42/100
|
|-weather|Sandstorm|[upkeep]
|-damage|p2a: Dragonite|17/100|[from] Sandstorm
|-damage|p1a: Electabuzz|7/100|[from] Sandstorm
|-sideend|p2: tkwime|move: Tailwind
|-sideend|p1: pagoose chase|move: Tailwind
|upkeep
|turn|5
|inactive|pagoose chase has 30 seconds left.
|
|t:|1757629907
|switch|p1b: Gliscor|Gliscor, L50, F, tera:Water|100/100
|move|p2a: Dragonite|Scale Shot|p1b: Gliscor
|-damage|p1b: Gliscor|86/100
|-damage|p1b: Gliscor|70/100
|-damage|p1b: Gliscor|55/100
|-damage|p1b: Gliscor|39/100
|-hitcount|p1b: Gliscor|4
|-unboost|p2a: Dragonite|def|1
|-boost|p2a: Dragonite|spe|1
|move|p2b: Gholdengo|Make It Rain|p1a: Electabuzz|[spread] p1a,p1b
|-resisted|p1a: Electabuzz
|-resisted|p1b: Gliscor
|-damage|p1a: Electabuzz|0 fnt
|-damage|p1b: Gliscor|6/100
|-unboost|p2b: Gholdengo|spa|1
|faint|p1a: Electabuzz
|
|-weather|Sandstorm|[upkeep]
|-damage|p2a: Dragonite|11/100|[from] Sandstorm
|-damage|p1b: Gliscor|0 fnt|[from] Sandstorm
|faint|p1b: Gliscor
|upkeep
|
|t:|1757629912
|switch|p1b: Gholdengo|Gholdengo, L50|35/100
|switch|p1a: Tyranitar|Tyranitar, L50, F|42/100
|turn|6
|c|☆pagoose chase|Gg
|inactive|tkwime has 30 seconds left.
|inactive|tkwime has 20 seconds left.
|inactive|tkwime has 15 seconds left.
|
|t:|1757629952
|-terastallize|p2b: Gholdengo|Water
|move|p2a: Dragonite|Tailwind|p2a: Dragonite
|-sidestart|p2: tkwime|move: Tailwind
|move|p2b: Gholdengo|Tera Blast|p1a: Tyranitar|[anim] Tera Blast Water
|-supereffective|p1a: Tyranitar
|-damage|p1a: Tyranitar|21/100
|move|p1b: Gholdengo|Shadow Ball|p2a: Dragonite
|-damage|p2a: Dragonite|0 fnt
|faint|p2a: Dragonite
|-damage|p1b: Gholdengo|25/100|[from] item: Life Orb
|move|p1a: Tyranitar|Knock Off|p2b: Gholdengo
|-damage|p2b: Gholdengo|38/100
|-enditem|p2b: Gholdengo|Toxic Orb|[from] move: Knock Off|[of] p1a: Tyranitar
|
|-weather|Sandstorm|[upkeep]
|-damage|p2b: Gholdengo|32/100|[from] Sandstorm
|upkeep
|
|t:|1757629967
|switch|p2a: Archaludon|Archaludon, L50, M|100/100
|turn|7
|
|t:|1757629989
|move|p2b: Gholdengo|Tera Blast|p1a: Tyranitar|[anim] Tera Blast Water
|-supereffective|p1a: Tyranitar
|-damage|p1a: Tyranitar|0 fnt
|faint|p1a: Tyranitar
|move|p2a: Archaludon|Flash Cannon|p1b: Gholdengo
|-resisted|p1b: Gholdengo
|-damage|p1b: Gholdengo|2/100
|move|p1b: Gholdengo|Shadow Ball|p2b: Gholdengo
|-damage|p2b: Gholdengo|0 fnt
|faint|p2b: Gholdengo
|-damage|p1b: Gholdengo|0 fnt|[from] item: Life Orb
|faint|p1b: Gholdengo
|
|win|tkwime
|raw|pagoose chase's rating: 1077 → 1054(-23 for losing)
|raw|tkwime's rating: 1054 → 1088(+34 for winning)
|l|☆pagoose chase
|player|p1|
|l|‽tkwime
|player|p2|
|j|‽tkwime
|player|p2|tkwime|artist-gen4|
