|j|☆regitron 21
|j|☆tsteelerfan
|html|regitron 21tsteelerfan    
|uhtml|bestof|Game 2 of a best-of-3
|t:|1784922334
|gametype|doubles
|player|p1|regitron 21|n|1132
|player|p2|tsteelerfan|102|1111
|gen|9
|tier|[Gen 9 Champions] VGC 2026 Reg M-B (Bo3)
|rated|
|rule|Species Clause: Limit one of each Pokémon
|rule|Item Clause: Limit 1 of each item
|clearpoke
|poke|p1|Raichu, L50, M|
|poke|p1|Charizard, L50, F|
|poke|p1|Incineroar, L50, F|
|poke|p1|Farigiraf, L50, F|
|poke|p1|Sylveon, L50, M|
|poke|p1|Kingambit, L50, M|
|poke|p2|Rampardos, L50, M|
|poke|p2|Farigiraf, L50, F|
|poke|p2|Skeledirge, L50, F|
|poke|p2|Dragalge, L50, F|
|poke|p2|Milotic, L50, M|
|poke|p2|Scrafty, L50, M|
|teampreview|4
|showteam|p1|Raichu||RaichuniteY|LightningRod|ZapCannon,FocusBlast,FakeOut,Protect|Timid||M|||50|]Charizard||CharizarditeY|Blaze|HeatWave,WeatherBall,SolarBeam,Protect|Modest||F|||50|]Incineroar||SitrusBerry|Intimidate|FakeOut,FlareBlitz,DarkestLariat,PartingShot|Impish||F|||50|]Farigiraf||ColburBerry|ArmorTail|TwinBeam,Thunderbolt,HelpingHand,TrickRoom|Modest||F|||50|]Sylveon||FairyFeather|Pixilate|HyperVoice,Moonblast,Detect,CalmMind|Modest||M|||50|]Kingambit||LifeOrb|Defiant|SuckerPunch,KowtowCleave,Protect,SwordsDance|Adamant||M|||50|
|showteam|p2|Rampardos||LifeOrb|SheerForce|RockSlide,HammerArm,IronHead,Protect|Brave||M|||50|]Farigiraf||SitrusBerry|ArmorTail|TrickRoom,Protect,Psychic,Thunderbolt|Quiet||F|||50|]Skeledirge||PasshoBerry|Unaware|ShadowBall,EarthPower,TorchSong,HyperVoice|Quiet||F|||50|]Dragalge||Dragalgite|Adaptability|DragonPulse,FocusBlast,SludgeBomb,Protect|Quiet||F|||50|]Milotic||Leftovers|Competitive|Coil,Hypnosis,HydroPump,Protect|Timid||M|||50|]Scrafty||Scraftinite|Intimidate|FakeOut,Detect,KnockOff,CloseCombat|Brave||M|||50|
|c|☆tsteelerfan|Gg tough readvat end
|inactive|Battle timer is ON: inactive players will automatically lose when time's up. (requested by tsteelerfan)
|c|☆regitron 21|gg
|inactive|tsteelerfan has 30 seconds left.
|inactive|tsteelerfan has 20 seconds left.
|
|t:|1784922424
|teamsize|p1|4
|teamsize|p2|4
|start
|switch|p1a: Ryan|Sylveon, L50, M|100/100
|switch|p1b: Kinngler|Kingambit, L50, M|100/100
|switch|p2a: Milotic|Milotic, L50, M|100/100
|switch|p2b: Farigiraf|Farigiraf, L50, F|100/100
|turn|1
|
|t:|1784922447
|move|p2a: Milotic|Coil|p2a: Milotic
|-boost|p2a: Milotic|atk|1
|-boost|p2a: Milotic|def|1
|-boost|p2a: Milotic|accuracy|1
|move|p1a: Ryan|Moonblast|p2a: Milotic
|-damage|p2a: Milotic|64/100
|move|p1b: Kinngler|Kowtow Cleave|p2a: Milotic
|-damage|p2a: Milotic|23/100
|-damage|p1b: Kinngler|90/100|[from] item: Life Orb
|move|p2b: Farigiraf|Trick Room|p2b: Farigiraf
|-fieldstart|move: Trick Room|[of] p2b: Farigiraf
|
|-heal|p2a: Milotic|29/100|[from] item: Leftovers
|upkeep
|turn|2
|inactive|tsteelerfan has 30 seconds left.
|
|t:|1784922474
|switch|p2a: Rampardos|Rampardos, L50, M|100/100
|move|p2b: Farigiraf|Protect|p2b: Farigiraf
|-singleturn|p2b: Farigiraf|Protect
|move|p1b: Kinngler|Kowtow Cleave|p2b: Farigiraf
|-activate|p2b: Farigiraf|move: Protect
|move|p1a: Ryan|Hyper Voice|p2a: Rampardos|[spread] p2a
|-activate|p2b: Farigiraf|move: Protect
|-damage|p2a: Rampardos|33/100
|
|upkeep
|turn|3
|
|t:|1784922493
|switch|p1b: Rita|Charizard, L50, F|100/100
|switch|p2b: Dragalge|Dragalge, L50, F|100/100
|move|p1a: Ryan|Detect|p1a: Ryan
|-singleturn|p1a: Ryan|Protect
|move|p2a: Rampardos|Iron Head|p1a: Ryan
|-activate|p1a: Ryan|move: Protect
|
|upkeep
|turn|4
|
|t:|1784922510
|switch|p1b: Soey|Farigiraf, L50, F|100/100
|detailschange|p2b: Dragalge|Dragalge-Mega, L50, F
|-mega|p2b: Dragalge|Dragalge|Dragalgite
|move|p2b: Dragalge|Sludge Bomb|p1a: Ryan
|-supereffective|p1a: Ryan|1
|-damage|p1a: Ryan|24/100
|move|p2a: Rampardos|Rock Slide|p1a: Ryan|[spread] p1a,p1b
|-damage|p1a: Ryan|0 fnt
|-damage|p1b: Soey|44/100
|faint|p1a: Ryan
|
|upkeep
|inactive|regitron 21 has 30 seconds left.
|inactive|regitron 21 has 20 seconds left.
|inactive|regitron 21 has 15 seconds left.
|inactive|regitron 21 has 10 seconds left.
|inactive|regitron 21 has 5 seconds left.
|
|t:|1784922565
|switch|p1a: Kinngler|Kingambit, L50, M|90/100
|turn|5
|inactive|regitron 21 has 30 seconds left.
|inactive|regitron 21 has 20 seconds left.
|inactive|regitron 21 has 15 seconds left.
|
|t:|1784922605
|move|p1a: Kinngler|Sucker Punch|p2a: Rampardos
|-damage|p2a: Rampardos|0 fnt
|faint|p2a: Rampardos
|-damage|p1a: Kinngler|80/100|[from] item: Life Orb
|move|p2b: Dragalge|Dragon Pulse|p1b: Soey
|-damage|p1b: Soey|2/100
|move|p1b: Soey|Twin Beam|p2b: Dragalge
|-supereffective|p2b: Dragalge|1
|-damage|p2b: Dragalge|76/100
|-supereffective|p2b: Dragalge|1
|-damage|p2b: Dragalge|50/100g
|-hitcount|p2b: Dragalge|2
|
|-fieldend|move: Trick Room
|upkeep
|
|t:|1784922613
|switch|p2a: Farigiraf|Farigiraf, L50, F|100/100
|turn|6
|
|t:|1784922630
|switch|p1a: Rita|Charizard, L50, F|100/100
|move|p1b: Soey|Twin Beam|p2b: Dragalge
|-supereffective|p2b: Dragalge|1
|-damage|p2b: Dragalge|27/100
|-supereffective|p2b: Dragalge|1
|-damage|p2b: Dragalge|1/100
|-hitcount|p2b: Dragalge|2
|move|p2a: Farigiraf|Thunderbolt|p1b: Soey
|-damage|p1b: Soey|0 fnt
|faint|p1b: Soey
|move|p2b: Dragalge|Focus Blast|p1a: Rita
|-resisted|p1a: Rita|1
|-damage|p1a: Rita|74/100
|
|upkeep
|
|t:|1784922639
|switch|p1b: Kinngler|Kingambit, L50, M|80/100
|turn|7
|
|t:|1784922648
|detailschange|p1a: Rita|Charizard-Mega-Y, L50, F
|-mega|p1a: Rita|Charizard|Charizardite Y
|-weather|SunnyDay|[from] ability: Drought|[of] p1a: Rita
|move|p1a: Rita|Heat Wave|p2b: Dragalge|[spread] p2a,p2b
|-crit|p2a: Farigiraf
|-resisted|p2b: Dragalge|1
|-damage|p2a: Farigiraf|15/100
|-damage|p2b: Dragalge|0 fnt
|-enditem|p2a: Farigiraf|Sitrus Berry|[eat]
|-heal|p2a: Farigiraf|40/100|[from] item: Sitrus Berry
|faint|p2b: Dragalge
|move|p2a: Farigiraf|Thunderbolt|p1a: Rita
|-supereffective|p1a: Rita|1
|-damage|p1a: Rita|30/100
|move|p1b: Kinngler|Kowtow Cleave|p2a: Farigiraf
|-supereffective|p2a: Farigiraf|1
|-damage|p2a: Farigiraf|0 fnt
|faint|p2a: Farigiraf
|-damage|p1b: Kinngler|71/100|[from] item: Life Orb
|
|-weather|SunnyDay|[upkeep]
|upkeep
|
|t:|1784922661
|switch|p2b: Milotic|Milotic, L50, M|29/100
|turn|8
|-message|tsteelerfan forfeited.
|
|win|regitron 21
|l|☆tsteelerfan
|player|p2|
||tsteelerfan is ready for game 3.
||regitron 21 is ready for game 3.
|uhtml|next|Next: Game 3 of 3
