|j|‽undershucklee
|j|☆ClumbsyLilBeach
|html|undershuckleeClumbsyLilBeach    
|uhtml|bestof|Game 1 of a best-of-3
|t:|1785624199
|gametype|doubles
|player|p1|undershucklee|1|1136
|player|p2|ClumbsyLilBeach|jasmine|1090
|gen|9
|tier|[Gen 9 Champions] VGC 2026 Reg M-B (Bo3)
|rated|
|rule|Species Clause: Limit one of each Pokémon
|rule|Item Clause: Limit 1 of each item
|clearpoke
|poke|p1|Charizard, L50, M|
|poke|p1|Sylveon, L50, M|
|poke|p1|Whimsicott, L50, F|
|poke|p1|Typhlosion-Hisui, L50, M|
|poke|p1|Garchomp, L50, F|
|poke|p1|Milotic, L50, M|
|poke|p2|Swampert, L50, M|
|poke|p2|Pelipper, L50, M|
|poke|p2|Basculegion, L50, M|
|poke|p2|Slowbro, L50, F|
|poke|p2|Blastoise, L50, F|
|poke|p2|Milotic, L50, M|
|teampreview|4
|showteam|p1|Charizard||CharizarditeY|Blaze|HeatWave,WeatherBall,SolarBeam,Protect|Modest||M|||50|]Sylveon||ChoiceScarf|Pixilate|HyperBeam,HyperVoice,ShadowBall,MysticalFire|Timid||M|||50|]Whimsicott||FocusSash|Prankster|Tailwind,Moonblast,HelpingHand,Encore|Timid||F|||50|]Typhlosion-Hisui||Charcoal|Blaze|Eruption,HeatWave,ShadowBall,Protect|Timid||M|||50|]Garchomp||WhiteHerb|RoughSkin|Earthquake,RockSlide,DragonClaw,Protect|Jolly||F|||50|]Milotic||Leftovers|Competitive|Protect,IcyWind,Scald,Recover|Modest||M|||50|
|showteam|p2|Swampert||Swampertite|Damp|Earthquake,Waterfall,BulkUp,Protect|Jolly||M|||50|]Pelipper||FocusSash|Drizzle|WideGuard,Tailwind,Hurricane,WeatherBall|Timid||M|||50|]Basculegion||ChoiceScarf|Adaptability|LastRespects,WaveCrash,FlipTurn,AquaJet|Jolly||M|||50|]Slowbro||Leftovers|Oblivious|TrickRoom,HealPulse,RainDance,Psychic|Relaxed||F|||50|]Blastoise||Blastoisinite|RainDish|FakeOut,Protect,WaterSpout,WaterPulse|Quiet||F|||50|]Milotic||SitrusBerry|Competitive|Protect,Scald,IceBeam,IcyWind|Modest||M|||50|
|inactive|Battle timer is ON: inactive players will automatically lose when time's up. (requested by ClumbsyLilBeach)
|inactive|undershucklee also wants the timer to be on.
|
|t:|1785624220
|teamsize|p1|4
|teamsize|p2|4
|start
|switch|p1a: Whimsicott|Whimsicott, L50, F|100/100
|switch|p1b: Sylveon|Sylveon, L50, M|100/100
|switch|p2a: Slowbro|Slowbro, L50, F|100/100
|switch|p2b: Blastoise|Blastoise, L50, F|100/100
|turn|1
|j| FancyPipels
|
|t:|1785624236
|detailschange|p2b: Blastoise|Blastoise-Mega, L50, F
|-mega|p2b: Blastoise|Blastoise|Blastoisinite
|move|p2b: Blastoise|Fake Out|p1b: Sylveon
|-damage|p1b: Sylveon|84/100
|move|p1a: Whimsicott|Moonblast|p2a: Slowbro
|-damage|p2a: Slowbro|66/100
|-unboost|p2a: Slowbro|spa|1
|cant|p1b: Sylveon|flinch
|move|p2a: Slowbro|Trick Room|p2a: Slowbro
|-fieldstart|move: Trick Room|[of] p2a: Slowbro
|
|-heal|p2a: Slowbro|72/100|[from] item: Leftovers
|upkeep
|turn|2
|inactive|ClumbsyLilBeach has 30 seconds left.
|
|t:|1785624268
|switch|p2a: Milotic|Milotic, L50, M|100/100
|switch|p1b: Milotic|Milotic, L50, M|100/100
|move|p1a: Whimsicott|Encore||[still]
|-fail|p1a: Whimsicott
|move|p2b: Blastoise|Water Spout|p1b: Milotic|[spread] p1a,p1b
|-resisted|p1a: Whimsicott|1
|-crit|p1a: Whimsicott
|-resisted|p1b: Milotic|1
|-damage|p1a: Whimsicott|21/100
|-damage|p1b: Milotic|74/100
|
|-heal|p1b: Milotic|80/100|[from] item: Leftovers
|upkeep
|turn|3
|
|t:|1785624290
|move|p2b: Blastoise|Protect|p2b: Blastoise
|-singleturn|p2b: Blastoise|Protect
|move|p1b: Milotic|Recover|p1b: Milotic
|-heal|p1b: Milotic|100/100
|move|p2a: Milotic|Scald|p1a: Whimsicott
|-resisted|p1a: Whimsicott|1
|-damage|p1a: Whimsicott|0 fnt
|faint|p1a: Whimsicott
|
|upkeep
|
|t:|1785624302
|switch|p1a: Garchomp|Garchomp, L50, F|100/100
|turn|4
|
|t:|1785624310
|move|p1b: Milotic|Protect|p1b: Milotic
|-singleturn|p1b: Milotic|Protect
|move|p1a: Garchomp|Protect|p1a: Garchomp
|-singleturn|p1a: Garchomp|Protect
|move|p2b: Blastoise|Water Spout|p1b: Milotic|[spread] 
|-activate|p1a: Garchomp|move: Protect
|-activate|p1b: Milotic|move: Protect
|move|p2a: Milotic|Ice Beam|p1a: Garchomp
|-activate|p1a: Garchomp|move: Protect
|
|upkeep
|turn|5
|
|t:|1785624328
|switch|p1a: Sylveon|Sylveon, L50, M|84/100
|move|p2b: Blastoise|Water Spout|p1a: Sylveon|[spread] p1a,p1b
|-resisted|p1b: Milotic|1
|-damage|p1a: Sylveon|27/100
|-damage|p1b: Milotic|74/100
|move|p1b: Milotic|Scald|p2a: Milotic
|-resisted|p2a: Milotic|1
|-damage|p2a: Milotic|86/100
|move|p2a: Milotic|Ice Beam|p1a: Sylveon
|-damage|p1a: Sylveon|6/100
|
|-heal|p1b: Milotic|80/100|[from] item: Leftovers
|-fieldend|move: Trick Room
|upkeep
|turn|6
|
|t:|1785624352
|move|p2b: Blastoise|Protect|p2b: Blastoise
|-singleturn|p2b: Blastoise|Protect
|move|p1a: Sylveon|Hyper Beam|p2b: Blastoise
|-activate|p2b: Blastoise|move: Protect
|move|p2a: Milotic|Scald|p1a: Sylveon
|-damage|p1a: Sylveon|0 fnt
|faint|p1a: Sylveon
|move|p1b: Milotic|Scald|p2a: Milotic
|-resisted|p2a: Milotic|1
|-damage|p2a: Milotic|71/100
|
|-heal|p1b: Milotic|86/100|[from] item: Leftovers
|upkeep
|-message|undershucklee forfeited.
|
|win|ClumbsyLilBeach
|l|‽undershucklee
|player|p1|
||undershucklee is ready for game 2.
