|j|☆silverdance93
|j|☆arcanedniall
|html|silverdance93arcanedniall    
|uhtml|bestof|Game 1 of a best-of-3
|t:|1757714350
|gametype|doubles
|player|p1|silverdance93|1|1085
|player|p2|arcanedniall|janitor|1117
|gen|9
|tier|[Gen 9] VGC 2025 Reg H (Bo3)
|rated|
|rule|Species Clause: Limit one of each Pokémon
|rule|Item Clause: Limit 1 of each item
|clearpoke
|poke|p1|Magmar, L50, M|
|poke|p1|Sneasler, L50, M|
|poke|p1|Kingambit, L50, F|
|poke|p1|Rillaboom, L50, M|
|poke|p1|Dondozo, L50, F|
|poke|p1|Dragonite, L50, F|
|poke|p2|Rillaboom, L50, M|
|poke|p2|Porygon2, L50|
|poke|p2|Hawlucha, L50, F|
|poke|p2|Volcarona, L50, M|
|poke|p2|Dragonite, L50, M|
|poke|p2|Ursaluna-Bloodmoon, L50, M|
|teampreview|4
|showteam|p1|Magmar||Eviolite|VitalSpirit|Protect,Flamethrower,FollowMe,WillOWisp|||M|||50|,,,,,Ghost]Sneasler||FocusSash|Unburden|Coaching,CloseCombat,DireClaw,Protect|||M|||50|,,,,,Stellar]Kingambit||BlackGlasses|Defiant|Protect,SwordsDance,KowtowCleave,SuckerPunch|||F|||50|,,,,,Ghost]Rillaboom||AssaultVest|GrassySurge|FakeOut,WoodHammer,GrassyGlide,HighHorsepower|||M|||50|,,,,,Fire]Dondozo||Leftovers|Unaware|Yawn,Liquidation,Protect,ScaryFace|||F|||50|,,,,,Grass]Dragonite||ClearAmulet|Multiscale|Protect,DragonClaw,ExtremeSpeed,DragonDance|||F|||50|,,,,,Normal
|showteam|p2|Rillaboom||AssaultVest|GrassySurge|FakeOut,GrassyGlide,WoodHammer,Uturn|||M|||50|,,,,,Fire]Porygon2||Eviolite|Download|IceBeam,Thunderbolt,Recover,TrickRoom||||||50|,,,,,Dark]Hawlucha||GrassySeed|Unburden|Acrobatics,BodyPress,Encore,Protect|||F|||50|,,,,,Grass]Volcarona||CovertCloak|FlameBody|HeatWave,BugBuzz,RagePowder,QuiverDance|||M|||50|,,,,,Electric]Dragonite||LoadedDice|InnerFocus|ExtremeSpeed,ScaleShot,Haze,Protect|||M|||50|,,,,,Fairy]Ursaluna-Bloodmoon||LifeOrb|MindsEye|BloodMoon,EarthPower,HyperVoice,Protect|||M|||50|,,,,,Ghost
|inactive|Battle timer is ON: inactive players will automatically lose when time's up. (requested by silverdance93)
|inactive|silverdance93 has 60 seconds left.
|inactive|arcanedniall has 60 seconds left.
|inactive|silverdance93 has 30 seconds left.
|
|t:|1757714420
|teamsize|p1|4
|teamsize|p2|4
|start
|switch|p1a: Dragonite|Dragonite, L50, F|100/100
|switch|p1b: Sneasler|Sneasler, L50, M|100/100
|switch|p2a: Hawlucha|Hawlucha, L50, F|100/100
|switch|p2b: Ursaluna|Ursaluna-Bloodmoon, L50, M|100/100
|turn|1
|inactive|silverdance93 has 30 seconds left.
|inactive|arcanedniall has 30 seconds left.
|inactive|arcanedniall has 20 seconds left.
|inactive|arcanedniall has 15 seconds left.
|
|t:|1757714464
|move|p1a: Dragonite|Protect|p1a: Dragonite
|-singleturn|p1a: Dragonite|Protect
|move|p2b: Ursaluna|Protect|p2b: Ursaluna
|-singleturn|p2b: Ursaluna|Protect
|move|p1b: Sneasler|Coaching|p1a: Dragonite
|-boost|p1a: Dragonite|atk|1
|-boost|p1a: Dragonite|def|1
|move|p2a: Hawlucha|Body Press|p1b: Sneasler
|-resisted|p1b: Sneasler
|-damage|p1b: Sneasler|77/100
|
|upkeep
|turn|2
|inactive|silverdance93 has 30 seconds left.
|inactive|arcanedniall has 30 seconds left.
|inactive|arcanedniall has 20 seconds left.
|
|t:|1757714503
|switch|p2b: Rillaboom|Rillaboom, L50, M|100/100
|-fieldstart|move: Grassy Terrain|[from] ability: Grassy Surge|[of] p2b: Rillaboom
|-enditem|p2a: Hawlucha|Grassy Seed
|-boost|p2a: Hawlucha|def|1|[from] item: Grassy Seed
|move|p2a: Hawlucha|Encore|p1a: Dragonite
|-start|p1a: Dragonite|Encore
|move|p1b: Sneasler|Close Combat|p2b: Rillaboom
|-damage|p2b: Rillaboom|30/100
|-unboost|p1b: Sneasler|def|1
|-unboost|p1b: Sneasler|spd|1
|move|p1a: Dragonite|Protect||[still]
|-fail|p1a: Dragonite
|
|-heal|p1b: Sneasler|83/100|[from] Grassy Terrain
|-heal|p2b: Rillaboom|36/100|[from] Grassy Terrain
|upkeep
|turn|3
|inactive|arcanedniall has 30 seconds left.
|inactive|arcanedniall has 20 seconds left.
|
|t:|1757714543
|switch|p1a: Rillaboom|Rillaboom, L50, M|100/100
|move|p1b: Sneasler|Protect|p1b: Sneasler
|-singleturn|p1b: Sneasler|Protect
|move|p2a: Hawlucha|Acrobatics|p1b: Sneasler
|-activate|p1b: Sneasler|move: Protect
|move|p2b: Rillaboom|Wood Hammer|p1a: Rillaboom
|-resisted|p1a: Rillaboom
|-damage|p1a: Rillaboom|62/100
|-damage|p2b: Rillaboom|24/100|[from] Recoil
|
|-heal|p1b: Sneasler|89/100|[from] Grassy Terrain
|-heal|p2b: Rillaboom|29/100|[from] Grassy Terrain
|-heal|p1a: Rillaboom|68/100|[from] Grassy Terrain
|upkeep
|turn|4
|
|t:|1757714567
|switch|p2b: Volcarona|Volcarona, L50, M|100/100
|move|p1a: Rillaboom|Fake Out|p2a: Hawlucha
|-damage|p2a: Hawlucha|92/100
|cant|p2a: Hawlucha|flinch
|move|p1b: Sneasler|Dire Claw|p2a: Hawlucha
|-damage|p2a: Hawlucha|63/100
|-status|p2a: Hawlucha|psn
|
|-heal|p1b: Sneasler|95/100|[from] Grassy Terrain
|-heal|p1a: Rillaboom|73/100|[from] Grassy Terrain
|-damage|p2a: Hawlucha|50/100 psn|[from] psn
|upkeep
|turn|5
|
|t:|1757714592
|switch|p1a: Dondozo|Dondozo, L50, F|100/100
|move|p1b: Sneasler|Protect|p1b: Sneasler
|-singleturn|p1b: Sneasler|Protect
|move|p2a: Hawlucha|Encore||[still]
|-fail|p2a: Hawlucha
|move|p2b: Volcarona|Quiver Dance|p2b: Volcarona
|-boost|p2b: Volcarona|spa|1
|-boost|p2b: Volcarona|spd|1
|-boost|p2b: Volcarona|spe|1
|
|-heal|p1b: Sneasler|100/100|[from] Grassy Terrain
|-damage|p2a: Hawlucha|38/100 psn|[from] psn
|upkeep
|turn|6
|inactive|silverdance93 has 30 seconds left.
|inactive|silverdance93 has 20 seconds left.
|
|t:|1757714631
|-terastallize|p2b: Volcarona|Electric
|move|p2a: Hawlucha|Acrobatics|p1b: Sneasler
|-supereffective|p1b: Sneasler
|-enditem|p1b: Sneasler|Focus Sash
|-damage|p1b: Sneasler|1/100
|move|p1b: Sneasler|Coaching|p1a: Dondozo
|-boost|p1a: Dondozo|atk|1
|-boost|p1a: Dondozo|def|1
|move|p2b: Volcarona|Bug Buzz|p1a: Dondozo
|-damage|p1a: Dondozo|64/100
|move|p1a: Dondozo|Yawn|p2b: Volcarona
|-start|p2b: Volcarona|move: Yawn|[of] p1a: Dondozo
|
|-heal|p1b: Sneasler|7/100|[from] Grassy Terrain
|-heal|p1a: Dondozo|70/100|[from] Grassy Terrain
|-heal|p1a: Dondozo|76/100|[from] item: Leftovers
|-damage|p2a: Hawlucha|25/100 psn|[from] psn
|-fieldend|move: Grassy Terrain
|upkeep
|turn|7
|inactive|silverdance93 has 30 seconds left.
|inactive|arcanedniall has 30 seconds left.
|
|t:|1757714665
|move|p1a: Dondozo|Protect|p1a: Dondozo
|-singleturn|p1a: Dondozo|Protect
|move|p1b: Sneasler|Coaching|p1a: Dondozo
|-boost|p1a: Dondozo|atk|1
|-boost|p1a: Dondozo|def|1
|move|p2a: Hawlucha|Encore|p1a: Dondozo
|-activate|p1a: Dondozo|move: Protect
|move|p2b: Volcarona|Heat Wave|p1b: Sneasler|[spread] 
|-activate|p1a: Dondozo|move: Protect
|-miss|p2b: Volcarona|p1b: Sneasler
|
|-heal|p1a: Dondozo|82/100|[from] item: Leftovers
|-damage|p2a: Hawlucha|13/100 psn|[from] psn
|-end|p2b: Volcarona|move: Yawn|[silent]
|-status|p2b: Volcarona|slp
|upkeep
|turn|8
|inactive|arcanedniall has 30 seconds left.
|
|t:|1757714691
|move|p1b: Sneasler|Dire Claw|p2a: Hawlucha
|-damage|p2a: Hawlucha|0 fnt
|faint|p2a: Hawlucha
|cant|p2b: Volcarona|slp
|move|p1a: Dondozo|Liquidation|p2b: Volcarona
|-damage|p2b: Volcarona|20/100 slp
|
|-heal|p1a: Dondozo|88/100|[from] item: Leftovers
|upkeep
|
|t:|1757714705
|switch|p2a: Rillaboom|Rillaboom, L50, M|29/100
|-fieldstart|move: Grassy Terrain|[from] ability: Grassy Surge|[of] p2a: Rillaboom
|turn|9
|inactive|silverdance93 has 30 seconds left.
|
|t:|1757714735
|move|p2a: Rillaboom|Fake Out|p1a: Dondozo
|-damage|p1a: Dondozo|83/100
|move|p1b: Sneasler|Dire Claw|p2a: Rillaboom
|-supereffective|p2a: Rillaboom
|-damage|p2a: Rillaboom|0 fnt
|faint|p2a: Rillaboom
|-curestatus|p2b: Volcarona|slp|[msg]
|move|p2b: Volcarona|Heat Wave|p1a: Dondozo|[spread] p1a,p1b
|-resisted|p1a: Dondozo
|-damage|p1a: Dondozo|71/100
|-damage|p1b: Sneasler|0 fnt
|faint|p1b: Sneasler
|cant|p1a: Dondozo|flinch
|
|-heal|p2b: Volcarona|27/100|[from] Grassy Terrain
|-heal|p1a: Dondozo|77/100|[from] Grassy Terrain
|-heal|p1a: Dondozo|83/100|[from] item: Leftovers
|upkeep
|
|t:|1757714757
|switch|p1b: Dragonite|Dragonite, L50, F|100/100
|switch|p2a: Ursaluna|Ursaluna-Bloodmoon, L50, M|100/100
|turn|10
|
|t:|1757714780
|move|p2b: Volcarona|Rage Powder|p2b: Volcarona
|-singleturn|p2b: Volcarona|move: Rage Powder
|move|p1b: Dragonite|Extreme Speed|p2b: Volcarona
|-damage|p2b: Volcarona|0 fnt
|faint|p2b: Volcarona
|move|p2a: Ursaluna|Blood Moon|p1a: Dondozo
|-damage|p1a: Dondozo|6/100
|-damage|p2a: Ursaluna|91/100|[from] item: Life Orb
|move|p1a: Dondozo|Liquidation|p2a: Ursaluna
|-supereffective|p2a: Ursaluna
|-damage|p2a: Ursaluna|0 fnt
|faint|p2a: Ursaluna
|
|win|silverdance93
|inactive|silverdance93 has 30 seconds to confirm battle start!
|inactive|arcanedniall has 30 seconds to confirm battle start!
||silverdance93 is ready for game 2.
||arcanedniall is ready for game 2.
|uhtml|next|Next: Game 2 of 3
