|j|☆uvuvuvwewe
|j|☆nicven
|html|uvuvuvwewenicven    
|uhtml|bestof|Game 2 of a best-of-3
|t:|1783866143
|gametype|doubles
|player|p1|uvuvuvwewe|unknown|1115
|player|p2|nicven|1|1191
|gen|9
|tier|[Gen 9 Champions] VGC 2026 Reg M-B (Bo3)
|rated|
|rule|Species Clause: Limit one of each Pokémon
|rule|Item Clause: Limit 1 of each item
|clearpoke
|poke|p1|Ceruledge, L50, M|
|poke|p1|Scolipede, L50, M, shiny|
|poke|p1|Sinistcha, L50|
|poke|p1|Raichu, L50, M|
|poke|p1|Milotic, L50, M, shiny|
|poke|p1|Weavile, L50, M, shiny|
|poke|p2|Ninetales-Alola, L50, F|
|poke|p2|Farigiraf, L50, F|
|poke|p2|Incineroar, L50, F|
|poke|p2|Mawile, L50, M|
|poke|p2|Basculegion, L50, M|
|poke|p2|Drampa, L50, F|
|teampreview|4
|showteam|p1|Ceruledge||ColburBerry|FlashFire|BulkUp,BitterBlade,ShadowSneak,Protect|Adamant||M|||50|]Scolipede||Scolipite|SpeedBoost|LeechLife,PoisonJab,SwordsDance,Protect|Jolly||M|||50|]Sinistcha||KasibBerry|Hospitality|MatchaGotcha,Protect,LifeDew,RagePowder|Bold|||||50|]Raichu||RaichuniteY|LightningRod|ZapCannon,FakeOut,Protect,FocusBlast|Timid||M|||50|]Milotic||Leftovers|Competitive|Coil,Hypnosis,MuddyWater,Protect|Modest||M|||50|]Weavile||FocusSash|Pickpocket|FakeOut,TripleAxel,LowKick,KnockOff|Jolly||M|||50|
|showteam|p2|Ninetales-Alola||FocusSash|SnowWarning|Blizzard,FreezeDry,Protect,AuroraVeil|Timid||F|||50|]Farigiraf||ColburBerry|ArmorTail|Psychic,TrickRoom,HelpingHand,Protect|Quiet||F|||50|]Incineroar||Charcoal|Intimidate|FlareBlitz,ThroatChop,PartingShot,FakeOut|Adamant||F|||50|]Mawile||Mawilite|HyperCutter|PlayRough,SuckerPunch,RockSlide,Protect|Adamant||M|||50|]Basculegion||SitrusBerry|Adaptability|WaveCrash,LastRespects,AquaJet,Protect|Adamant||M|||50|]Drampa||Drampanite|CloudNine|HyperVoice,DragonPulse,EarthPower,Protect|Quiet||F|||50|
|
|t:|1783866166
|teamsize|p1|4
|teamsize|p2|4
|start
|switch|p1a: Ceruledge|Ceruledge, L50, M|100/100
|switch|p1b: Raichu|Raichu, L50, M|100/100
|switch|p2a: Farigiraf|Farigiraf, L50, F|100/100
|switch|p2b: Mawile|Mawile, L50, M|100/100
|turn|1
|inactive|Battle timer is ON: inactive players will automatically lose when time's up. (requested by uvuvuvwewe)
|
|t:|1783866225
|switch|p2b: Incineroar|Incineroar, L50, F|100/100
|-ability|p2b: Incineroar|Intimidate|boost
|-unboost|p1a: Ceruledge|atk|1
|-unboost|p1b: Raichu|atk|1
|detailschange|p1b: Raichu|Raichu-Mega-Y, L50, M
|-mega|p1b: Raichu|Raichu|Raichunite Y
|move|p1b: Raichu|Zap Cannon|p2a: Farigiraf
|-damage|p2a: Farigiraf|47/100
|-status|p2a: Farigiraf|par
|move|p1a: Ceruledge|Bulk Up|p1a: Ceruledge
|-boost|p1a: Ceruledge|atk|1
|-boost|p1a: Ceruledge|def|1
|move|p2a: Farigiraf|Trick Room|p2a: Farigiraf
|-fieldstart|move: Trick Room|[of] p2a: Farigiraf
|
|upkeep
|turn|2
|
|t:|1783866250
|move|p1a: Ceruledge|Protect|p1a: Ceruledge
|-singleturn|p1a: Ceruledge|Protect
|move|p2a: Farigiraf|Psychic|p1a: Ceruledge
|-activate|p1a: Ceruledge|move: Protect
|move|p2b: Incineroar|Flare Blitz|p1b: Raichu
|-damage|p1b: Raichu|0 fnt
|faint|p1b: Raichu
|-damage|p2b: Incineroar|72/100|[from] Recoil
|
|upkeep
|
|t:|1783866261
|switch|p1b: Milotic|Milotic, L50, M, shiny|100/100
|turn|3
|inactive|nicven has 30 seconds left.
|
|t:|1783866293
|move|p2a: Farigiraf|Psychic|p1a: Ceruledge
|-damage|p1a: Ceruledge|59/100
|move|p2b: Incineroar|Throat Chop|p1a: Ceruledge
|-supereffective|p1a: Ceruledge|1
|-enditem|p1a: Ceruledge|Colbur Berry|[eat]
|-enditem|p1a: Ceruledge|Colbur Berry|[weaken]
|-damage|p1a: Ceruledge|31/100
|-start|p1a: Ceruledge|Throat Chop|[silent]
|move|p1a: Ceruledge|Bitter Blade|p2a: Farigiraf
|-damage|p2a: Farigiraf|1/100 par
|-heal|p1a: Ceruledge|60/100|[from] drain|[of] p2a: Farigiraf
|move|p1b: Milotic|Coil|p1b: Milotic
|-boost|p1b: Milotic|atk|1
|-boost|p1b: Milotic|def|1
|-boost|p1b: Milotic|accuracy|1
|
|upkeep
|turn|4
|
|t:|1783866315
|move|p1a: Ceruledge|Protect|p1a: Ceruledge
|-singleturn|p1a: Ceruledge|Protect
|move|p2a: Farigiraf|Psychic|p1a: Ceruledge
|-activate|p1a: Ceruledge|move: Protect
|move|p2b: Incineroar|Throat Chop|p1a: Ceruledge
|-activate|p1a: Ceruledge|move: Protect
|move|p1b: Milotic|Muddy Water|p2b: Incineroar|[spread] p2a,p2b
|-supereffective|p2b: Incineroar|1
|-damage|p2a: Farigiraf|0 fnt
|-damage|p2b: Incineroar|21/100
|faint|p2a: Farigiraf
|
|-end|p1a: Ceruledge|Throat Chop|[silent]
|upkeep
|inactive|nicven has 30 seconds left.
|inactive|nicven has 20 seconds left.
|inactive|nicven has 15 seconds left.
|
|t:|1783866359
|switch|p2a: Basculegion|Basculegion, L50, M|100/100
|turn|5
|inactive|uvuvuvwewe has 30 seconds left.
|
|t:|1783866386
|move|p1a: Ceruledge|Shadow Sneak|p2a: Basculegion
|-supereffective|p2a: Basculegion|1
|-damage|p2a: Basculegion|56/100
|move|p2b: Incineroar|Throat Chop|p1b: Milotic
|-damage|p1b: Milotic|71/100
|-start|p1b: Milotic|Throat Chop|[silent]
|move|p2a: Basculegion|Last Respects|p1a: Ceruledge
|-supereffective|p1a: Ceruledge|1
|-damage|p1a: Ceruledge|0 fnt
|faint|p1a: Ceruledge
|move|p1b: Milotic|Muddy Water|p2a: Basculegion|[spread] p2a,p2b
|-resisted|p2a: Basculegion|1
|-supereffective|p2b: Incineroar|1
|-damage|p2a: Basculegion|43/100
|-damage|p2b: Incineroar|0 fnt
|-enditem|p2a: Basculegion|Sitrus Berry|[eat]
|-heal|p2a: Basculegion|68/100|[from] item: Sitrus Berry
|faint|p2b: Incineroar
|
|-heal|p1b: Milotic|77/100|[from] item: Leftovers
|-fieldend|move: Trick Room
|upkeep
|
|t:|1783866404
|switch|p1a: Weavile|Weavile, L50, M, shiny|100/100
|switch|p2b: Mawile|Mawile, L50, M|100/100
|turn|6
|inactive|nicven has 30 seconds left.
|
|t:|1783866435
|detailschange|p2b: Mawile|Mawile-Mega, L50, M
|-mega|p2b: Mawile|Mawile|Mawilite
|move|p2a: Basculegion|Aqua Jet|p1a: Weavile
|-damage|p1a: Weavile|60/100
|move|p1a: Weavile|Knock Off|p2a: Basculegion
|-supereffective|p2a: Basculegion|1
|-damage|p2a: Basculegion|2/100
|move|p1b: Milotic|Hypnosis|p2b: Mawile|[miss]
|-miss|p1b: Milotic|p2b: Mawile
|move|p2b: Mawile|Rock Slide|p1a: Weavile|[spread] p1a,p1b
|-supereffective|p1a: Weavile|1
|-damage|p1a: Weavile|0 fnt
|-damage|p1b: Milotic|54/100
|faint|p1a: Weavile
|
|-heal|p1b: Milotic|60/100|[from] item: Leftovers
|-end|p1b: Milotic|Throat Chop|[silent]
|upkeep
|turn|7
|
|t:|1783866456
|move|p1b: Milotic|Muddy Water|p2a: Basculegion|[spread] p2a,p2b
|-resisted|p2a: Basculegion|1
|-damage|p2a: Basculegion|0 fnt
|-damage|p2b: Mawile|68/100
|faint|p2a: Basculegion
|move|p2b: Mawile|Play Rough|p1b: Milotic
|-damage|p1b: Milotic|2/100
|
|-heal|p1b: Milotic|8/100|[from] item: Leftovers
|upkeep
|turn|8
|
|t:|1783866469
|move|p1b: Milotic|Hypnosis|p2b: Mawile|[miss]
|-miss|p1b: Milotic|p2b: Mawile
|move|p2b: Mawile|Play Rough|p1b: Milotic
|-damage|p1b: Milotic|0 fnt
|faint|p1b: Milotic
|
|win|nicven
|raw|uvuvuvwewe's rating: 1115 → 1095(-20 for losing)
|raw|nicven's rating: 1191 → 1211(+20 for winning)
|l|☆uvuvuvwewe
|player|p1|
