|j|☆chocokoala vgc
|j|☆mygreat
|html|chocokoala vgcmygreat    
|uhtml|bestof|Game 2 of a best-of-3
|t:|1784824998
|gametype|doubles
|player|p1|chocokoala vgc|benga|1266
|player|p2|mygreat|lance|1192
|gen|9
|tier|[Gen 9 Champions] VGC 2026 Reg M-B (Bo3)
|rated|
|rule|Species Clause: Limit one of each Pokémon
|rule|Item Clause: Limit 1 of each item
|clearpoke
|poke|p1|Slowbro, L50, F|
|poke|p1|Appletun, L50, F|
|poke|p1|Incineroar, L50, F|
|poke|p1|Conkeldurr, L50, F|
|poke|p1|Gholdengo, L50|
|poke|p1|Aerodactyl, L50, M|
|poke|p2|Whimsicott, L50, M|
|poke|p2|Tauros-Paldea-Aqua, L50, M|
|poke|p2|Gholdengo, L50|
|poke|p2|Charizard, L50, F|
|poke|p2|Hydreigon, L50, F|
|poke|p2|Mamoswine, L50, M|
|teampreview|4
|showteam|p1|Slowbro||Slowbronite|Regenerator|Psychic,Scald,Protect,TrickRoom|Modest||F|||50|]Appletun||Leftovers|ThickFat|AppleAcid,DragonPulse,Protect,LeechSeed|Sassy||F|||50|]Incineroar||SitrusBerry|Intimidate|FakeOut,PartingShot,FlareBlitz,DarkestLariat|Careful||F|||50|]Conkeldurr||LifeOrb|IronFist|MachPunch,DrainPunch,Protect,KnockOff|Brave||F|||50|]Gholdengo|||GoodasGold|MakeItRain,ShadowBall,Protect,NastyPlot|Modest|||||50|]Aerodactyl||Aerodactylite|Unnerve|RockSlide,DualWingbeat,Protect,Tailwind|Jolly||M|||50|
|showteam|p2|Whimsicott||FocusSash|Prankster|Moonblast,Encore,Protect,Tailwind|Timid||M|||50|]Tauros-Paldea-Aqua||MysticWater|Intimidate|AquaJet,WaveCrash,CloseCombat,Protect|Adamant||M|||50|]Gholdengo||LifeOrb|GoodasGold|MakeItRain,ShadowBall,PowerGem,Protect|Modest|||||50|]Charizard||CharizarditeY|Blaze|SolarBeam,WeatherBall,HeatWave,Protect|Modest||F|||50|]Hydreigon||ChoiceScarf|Levitate|Snarl,DarkPulse,EarthPower,DracoMeteor|Modest||F|||50|]Mamoswine||ExpertBelt|Oblivious|IceShard,HighHorsepower,Earthquake,Protect|Adamant||M|||50|
|inactive|Battle timer is ON: inactive players will automatically lose when time's up. (requested by mygreat)
|inactive|chocokoala vgc also wants the timer to be on.
|
|t:|1784825008
|teamsize|p1|4
|teamsize|p2|4
|start
|switch|p1a: Incineroar|Incineroar, L50, F|100/100
|switch|p1b: Slowbro|Slowbro, L50, F|100/100
|switch|p2a: Hydreigon|Hydreigon, L50, F|100/100
|switch|p2b: Mamoswine|Mamoswine, L50, M|100/100
|-ability|p1a: Incineroar|Intimidate|boost
|-unboost|p2a: Hydreigon|atk|1
|-fail|p2b: Mamoswine|unboost|Attack|[from] ability: Oblivious|[of] p2b: Mamoswine
|turn|1
|
|t:|1784825023
|move|p1a: Incineroar|Fake Out|p2a: Hydreigon
|-damage|p2a: Hydreigon|88/100
|cant|p2a: Hydreigon|flinch
|move|p2b: Mamoswine|Earthquake|p1a: Incineroar|[spread] p1a,p1b
|-immune|p2a: Hydreigon|[from] ability: Levitate
|-supereffective|p1a: Incineroar|1
|-damage|p1a: Incineroar|5/100
|-damage|p1b: Slowbro|68/100
|-enditem|p1a: Incineroar|Sitrus Berry|[eat]
|-heal|p1a: Incineroar|30/100|[from] item: Sitrus Berry
|move|p1b: Slowbro|Trick Room|p1b: Slowbro
|-fieldstart|move: Trick Room|[of] p1b: Slowbro
|
|upkeep
|turn|2
|
|t:|1784825043
|-heal|p1b: Slowbro|100/100|[from] ability: Regenerator|[silent]
|switch|p1b: Appletun|Appletun, L50, F|100/100
|switch|p2b: Charizard|Charizard, L50, F|100/100
|move|p1a: Incineroar|Parting Shot|p2b: Charizard
|-unboost|p2b: Charizard|atk|1
|-unboost|p2b: Charizard|spa|1
|
|t:|1784825053
|switch|p1a: Slowbro|Slowbro, L50, F|100/100|[from] Parting Shot
|move|p2a: Hydreigon|Draco Meteor|p1b: Appletun
|-supereffective|p1b: Appletun|1
|-damage|p1b: Appletun|0 fnt
|-unboost|p2a: Hydreigon|spa|2
|faint|p1b: Appletun
|
|upkeep
|
|t:|1784825064
|switch|p1b: Conkeldurr|Conkeldurr, L50, F|100/100
|turn|3
|
|t:|1784825081
|switch|p2a: Gholdengo|Gholdengo, L50|100/100
|detailschange|p1a: Slowbro|Slowbro-Mega, L50, F
|-mega|p1a: Slowbro|Slowbro|Slowbronite
|detailschange|p2b: Charizard|Charizard-Mega-Y, L50, F
|-mega|p2b: Charizard|Charizard|Charizardite Y
|-weather|SunnyDay|[from] ability: Drought|[of] p2b: Charizard
|move|p1a: Slowbro|Psychic|p2b: Charizard
|-damage|p2b: Charizard|60/100
|move|p1b: Conkeldurr|Drain Punch|p2a: Gholdengo
|-immune|p2a: Gholdengo
|move|p2b: Charizard|Weather Ball|p1b: Conkeldurr
|-damage|p1b: Conkeldurr|30/100
|
|-weather|SunnyDay|[upkeep]
|upkeep
|turn|4
|
|t:|1784825100
|move|p1a: Slowbro|Scald|p2a: Gholdengo
|-damage|p2a: Gholdengo|79/100
|move|p1b: Conkeldurr|Knock Off|p2a: Gholdengo
|-supereffective|p2a: Gholdengo|1
|-damage|p2a: Gholdengo|0 fnt
|-enditem|p2a: Gholdengo|Life Orb|[from] move: Knock Off|[of] p1b: Conkeldurr
|faint|p2a: Gholdengo
|-damage|p1b: Conkeldurr|20/100y|[from] item: Life Orb
|move|p2b: Charizard|Heat Wave|p1a: Slowbro|[spread] p1a,p1b
|-resisted|p1a: Slowbro|1
|-damage|p1a: Slowbro|82/100
|-damage|p1b: Conkeldurr|0 fnt
|faint|p1b: Conkeldurr
|
|-weather|SunnyDay|[upkeep]
|upkeep
|
|t:|1784825119
|switch|p1b: Incineroar|Incineroar, L50, F|30/100
|switch|p2a: Mamoswine|Mamoswine, L50, M|100/100
|-ability|p1b: Incineroar|Intimidate|boost
|-fail|p2a: Mamoswine|unboost|Attack|[from] ability: Oblivious|[of] p2a: Mamoswine
|-unboost|p2b: Charizard|atk|1
|turn|5
|
|t:|1784825133
|move|p2b: Charizard|Protect|p2b: Charizard
|-singleturn|p2b: Charizard|Protect
|move|p2a: Mamoswine|Protect|p2a: Mamoswine
|-singleturn|p2a: Mamoswine|Protect
|move|p1b: Incineroar|Fake Out|p2a: Mamoswine
|-activate|p2a: Mamoswine|move: Protect
|move|p1a: Slowbro|Scald|p2a: Mamoswine
|-activate|p2a: Mamoswine|move: Protect
|
|-weather|SunnyDay|[upkeep]
|-fieldend|move: Trick Room
|upkeep
|turn|6
|
|t:|1784825142
|move|p2a: Mamoswine|Earthquake|p1b: Incineroar|[spread] p1a,p1b
|-immune|p2b: Charizard
|-supereffective|p1b: Incineroar|1
|-damage|p1a: Slowbro|60/100
|-damage|p1b: Incineroar|0 fnt
|faint|p1b: Incineroar
|move|p2b: Charizard|Solar Beam||[still]
|-prepare|p2b: Charizard|Solar Beam
|-anim|p2b: Charizard|Solar Beam|p1a: Slowbro
|-supereffective|p1a: Slowbro|1
|-damage|p1a: Slowbro|11/100
|move|p1a: Slowbro|Trick Room|p1a: Slowbro
|-fieldstart|move: Trick Room|[of] p1a: Slowbro
|
|-weather|SunnyDay|[upkeep]
|upkeep
|turn|7
|
|t:|1784825154
|move|p1a: Slowbro|Psychic|p2b: Charizard
|-damage|p2b: Charizard|24/100
|move|p2b: Charizard|Solar Beam||[still]
|-prepare|p2b: Charizard|Solar Beam
|-anim|p2b: Charizard|Solar Beam|p1a: Slowbro
|-supereffective|p1a: Slowbro|1
|-damage|p1a: Slowbro|0 fnt
|faint|p1a: Slowbro
|
|win|mygreat
