|j|☆the bags12
|j|☆protectthyking34
|html|the bags12protectthyking34    
|uhtml|bestof|Game 1 of a best-of-3
|t:|1785278719
|gametype|doubles
|player|p1|the bags12|falkner|1295
|player|p2|protectthyking34|rocketgrunt|1220
|gen|9
|tier|[Gen 9 Champions] VGC 2026 Reg M-B (Bo3)
|rated|
|rule|Species Clause: Limit one of each Pokémon
|rule|Item Clause: Limit 1 of each item
|clearpoke
|poke|p1|Staraptor, L50, M, shiny|
|poke|p1|Garchomp, L50, M, shiny|
|poke|p1|Basculegion, L50, M, shiny|
|poke|p1|Scizor, L50, M, shiny|
|poke|p1|Grimmsnarl, L50, M, shiny|
|poke|p1|Incineroar, L50, M, shiny|
|poke|p2|Delphox, L50, F|
|poke|p2|Incineroar, L50, F|
|poke|p2|Sneasler, L50, F|
|poke|p2|Sinistcha, L50|
|poke|p2|Kingambit, L50, M|
|poke|p2|Blastoise, L50, M|
|teampreview|4
|showteam|p1|Staraptor||Staraptite|Intimidate|CloseCombat,DualWingbeat,Roost,Protect|Adamant||M|||50|]Garchomp||LifeOrb|RoughSkin|DragonClaw,Earthquake,IronHead,RockSlide|Adamant||M|||50|]Basculegion||ChoiceScarf|Adaptability|LastRespects,WaveCrash,AquaJet,FlipTurn|Jolly||M|||50|]Scizor||MetalCoat|Technician|Uturn,BulletPunch,KnockOff,CloseCombat|Brave||M|||50|]Grimmsnarl||LightClay|Prankster|PartingShot,ScaryFace,Reflect,LightScreen|Calm||M|||50|]Incineroar||Leftovers|Intimidate|FlareBlitz,PartingShot,FakeOut,DarkestLariat|Adamant||M|||50|
|showteam|p2|Delphox||Delphoxite|Blaze|NastyPlot,Protect,Psyshock,HeatWave|Timid||F|||50|]Incineroar||SitrusBerry|Intimidate|FakeOut,PartingShot,FlareBlitz,DarkestLariat|Impish||F|||50|]Sneasler||FocusSash|PoisonTouch|GunkShot,FakeOut,CloseCombat,QuickGuard|Jolly||F|||50|]Sinistcha||OccaBerry|Hospitality|MatchaGotcha,RagePowder,TrickRoom,Protect|Calm|||||50|]Kingambit||BlackGlasses|Defiant|SuckerPunch,KowtowCleave,SwordsDance,Protect|Adamant||M|||50|]Blastoise||Blastoisinite|RainDish|ShellSmash,WaterSpout,DarkPulse,Protect|Timid||M|||50|
|inactive|Battle timer is ON: inactive players will automatically lose when time's up. (requested by the bags12)
|inactive|the bags12 has 60 seconds left.
|inactive|protectthyking34 has 60 seconds left.
|inactive|the bags12 has 30 seconds left.
|
|t:|1785278788
|teamsize|p1|4
|teamsize|p2|4
|start
|switch|p1a: Mighty Eagle|Staraptor, L50, M, shiny|100/100
|switch|p1b: Haaland|Grimmsnarl, L50, M, shiny|100/100
|switch|p2a: Incineroar|Incineroar, L50, F|100/100
|switch|p2b: Blastoise|Blastoise, L50, M|100/100
|-ability|p1a: Mighty Eagle|Intimidate|boost
|-unboost|p2a: Incineroar|atk|1
|-unboost|p2b: Blastoise|atk|1
|-ability|p2a: Incineroar|Intimidate|boost
|-unboost|p1a: Mighty Eagle|atk|1
|-unboost|p1b: Haaland|atk|1
|turn|1
|
|t:|1785278803
|detailschange|p2b: Blastoise|Blastoise-Mega, L50, M
|-mega|p2b: Blastoise|Blastoise|Blastoisinite
|detailschange|p1a: Mighty Eagle|Staraptor-Mega, L50, M, shiny
|-mega|p1a: Mighty Eagle|Staraptor|Staraptite
|move|p1a: Mighty Eagle|Protect|p1a: Mighty Eagle
|-singleturn|p1a: Mighty Eagle|Protect
|move|p2a: Incineroar|Fake Out|p1a: Mighty Eagle
|-activate|p1a: Mighty Eagle|move: Protect
|move|p1b: Haaland|Scary Face|p2b: Blastoise
|-unboost|p2b: Blastoise|spe|2
|move|p2b: Blastoise|Shell Smash|p2b: Blastoise
|-unboost|p2b: Blastoise|def|1
|-unboost|p2b: Blastoise|spd|1
|-boost|p2b: Blastoise|atk|2
|-boost|p2b: Blastoise|spa|2
|-boost|p2b: Blastoise|spe|2
|
|upkeep
|turn|2
|
|t:|1785278821
|switch|p2a: Sinistcha|Sinistcha, L50|100/100
|move|p2b: Blastoise|Protect|p2b: Blastoise
|-singleturn|p2b: Blastoise|Protect
|move|p1b: Haaland|Scary Face|p1a: Mighty Eagle
|-boost|p1a: Mighty Eagle|spe|2
|move|p1a: Mighty Eagle|Close Combat|p2b: Blastoise
|-activate|p2b: Blastoise|move: Protect
|
|upkeep
|turn|3
|
|t:|1785278836
|move|p1a: Mighty Eagle|Protect|p1a: Mighty Eagle
|-singleturn|p1a: Mighty Eagle|Protect
|move|p2a: Sinistcha|Rage Powder|p2a: Sinistcha
|-singleturn|p2a: Sinistcha|move: Rage Powder
|move|p1b: Haaland|Light Screen|p1b: Haaland
|-sidestart|p1: the bags12|move: Light Screen
|move|p2b: Blastoise|Water Spout|p1a: Mighty Eagle|[spread] p1b
|-activate|p1a: Mighty Eagle|move: Protect
|-damage|p1b: Haaland|40/100
|
|upkeep
|turn|4
|
|t:|1785278848
|move|p2a: Sinistcha|Rage Powder|p2a: Sinistcha
|-singleturn|p2a: Sinistcha|move: Rage Powder
|move|p1b: Haaland|Parting Shot|p2a: Sinistcha
|-unboost|p2a: Sinistcha|atk|1
|-unboost|p2a: Sinistcha|spa|1
|
|t:|1785278851
|switch|p1b: fih|Basculegion, L50, M, shiny|100/100|[from] Parting Shot
|move|p1a: Mighty Eagle|Dual Wingbeat|p2a: Sinistcha|[miss]
|-miss|p1a: Mighty Eagle|p2a: Sinistcha
|move|p2b: Blastoise|Water Spout|p1b: fih|[spread] p1a,p1b
|-resisted|p1b: fih|1
|-damage|p1a: Mighty Eagle|24/100
|-damage|p1b: fih|55/100
|
|upkeep
|turn|5
|
|t:|1785278872
|move|p2a: Sinistcha|Rage Powder|p2a: Sinistcha
|-singleturn|p2a: Sinistcha|move: Rage Powder
|move|p1a: Mighty Eagle|Close Combat|p2a: Sinistcha
|-immune|p2a: Sinistcha
|move|p1b: fih|Last Respects|p2a: Sinistcha
|-supereffective|p2a: Sinistcha|1
|-damage|p2a: Sinistcha|48/100
|move|p2b: Blastoise|Dark Pulse|p1b: fih
|-supereffective|p1b: fih|1
|-damage|p1b: fih|0 fnt
|faint|p1b: fih
|
|upkeep
|
|t:|1785278877
|switch|p1b: Incin|Incineroar, L50, M, shiny|100/100
|-ability|p1b: Incin|Intimidate|boost
|-unboost|p2a: Sinistcha|atk|1
|-unboost|p2b: Blastoise|atk|1
|turn|6
|
|t:|1785278893
|move|p2b: Blastoise|Protect|p2b: Blastoise
|-singleturn|p2b: Blastoise|Protect
|move|p2a: Sinistcha|Protect|p2a: Sinistcha
|-singleturn|p2a: Sinistcha|Protect
|move|p1a: Mighty Eagle|Roost|p1a: Mighty Eagle
|-heal|p1a: Mighty Eagle|74/100
|-singleturn|p1a: Mighty Eagle|move: Roost
|move|p1b: Incin|Darkest Lariat|p2a: Sinistcha
|-activate|p2a: Sinistcha|move: Protect
|
|upkeep
|turn|7
|
|t:|1785278909
|move|p2a: Sinistcha|Rage Powder|p2a: Sinistcha
|-singleturn|p2a: Sinistcha|move: Rage Powder
|move|p1a: Mighty Eagle|Dual Wingbeat|p2a: Sinistcha
|-supereffective|p2a: Sinistcha|1
|-damage|p2a: Sinistcha|17/100
|-supereffective|p2a: Sinistcha|1
|-damage|p2a: Sinistcha|0 fnt
|faint|p2a: Sinistcha
|-hitcount|p2: Sinistcha|2
|move|p2b: Blastoise|Water Spout|p1a: Mighty Eagle|[spread] p1a,p1b
|-supereffective|p1b: Incin|1
|-damage|p1a: Mighty Eagle|0 fnt
|-damage|p1b: Incin|0 fnt
|faint|p1a: Mighty Eagle
|faint|p1b: Incin
|
|upkeep
|-message|the bags12 forfeited.
|
|win|protectthyking34
|l|☆the bags12
|player|p1|
||the bags12 is ready for game 2.
