|j|‽cm3112
|j|☆WestyLiam's House
|html|cm3112WestyLiam's House    
|uhtml|bestof|Game 3 of a best-of-3
|t:|1782217095
|gametype|doubles
|player|p1|cm3112|169|1132
|player|p2|WestyLiam's House|iris-gen5bw2|1058
|gen|9
|tier|[Gen 9 Champions] VGC 2026 Reg M-B (Bo3)
|rated|
|rule|Species Clause: Limit one of each Pokémon
|rule|Item Clause: Limit 1 of each item
|clearpoke
|poke|p1|Archaludon, L50, M|
|poke|p1|Maushold-Four, L50|
|poke|p1|Sableye, L50, M|
|poke|p1|Basculegion-F, L50, F|
|poke|p1|Kingambit, L50, M|
|poke|p1|Froslass, L50, F|
|poke|p2|Swampert, L50, M|
|poke|p2|Pelipper, L50, M|
|poke|p2|Archaludon, L50, F|
|poke|p2|Grimmsnarl, L50, M|
|poke|p2|Metagross, L50, shiny|
|poke|p2|Sneasler, L50, M|
|teampreview|4
|showteam|p1|Archaludon||Leftovers|Stamina|FlashCannon,ElectroShot,DragonPulse,Protect|Modest||M|||50|]Maushold-Four||WideLens|Technician|PopulationBomb,Taunt,FollowMe,Protect|Jolly|||||50|]Sableye||RoseliBerry|Prankster|WillOWisp,LightScreen,RainDance,Quash|Impish||M|||50|]Basculegion-F||FocusSash|SwiftSwim|MuddyWater,IcyWind,ShadowBall,AquaJet|Modest||F|||50|]Kingambit||ChopleBerry|Defiant|SuckerPunch,KowtowCleave,IronHead,LowKick|Adamant||M|||50|]Froslass|||SnowCloak|Blizzard,ShadowBall,AuroraVeil,DestinyBond|Modest||F|||50|
|showteam|p2|Swampert||Swampertite|Damp|WaveCrash,Earthquake,IcePunch,Protect|Adamant||M|||50|]Pelipper||SitrusBerry|Drizzle|WeatherBall,Hurricane,Tailwind,WideGuard|Bold||M|||50|]Archaludon||Leftovers|Stamina|ElectroShot,DragonPulse,FlashCannon,Protect|Modest||F|||50|]Grimmsnarl||LightClay|Prankster|LightScreen,Reflect,FoulPlay,PartingShot|Careful||M|||50|]Metagross||Metagrossite|ClearBody|MeteorMash,PsychicFangs,StompingTantrum,Protect|Adamant|||||50|]Sneasler||FocusSash|Unburden|FakeOut,CloseCombat,Coaching,DireClaw|Naive||M|||50|
|inactive|Battle timer is ON: inactive players will automatically lose when time's up. (requested by WestyLiam's House)
|
|t:|1782217121
|teamsize|p1|4
|teamsize|p2|4
|start
|switch|p1a: Maushold|Maushold-Four, L50|100/100
|switch|p1b: Archaludon|Archaludon, L50, M|100/100
|switch|p2a: Archaludon|Archaludon, L50, F|100/100
|switch|p2b: Pelipper|Pelipper, L50, M|100/100
|-weather|RainDance|[from] ability: Drizzle|[of] p2b: Pelipper
|turn|1
|inactive|WestyLiam's House has 30 seconds left.
|
|t:|1782217148
|switch|p2b: Grimmsnarl|Grimmsnarl, L50, M|100/100
|move|p1a: Maushold|Population Bomb|p2b: Grimmsnarl
|-damage|p2b: Grimmsnarl|87/100
|-damage|p2b: Grimmsnarl|76/100
|-damage|p2b: Grimmsnarl|64/100
|-damage|p2b: Grimmsnarl|53/100
|-crit|p2b: Grimmsnarl
|-damage|p2b: Grimmsnarl|33/100
|-damage|p2b: Grimmsnarl|21/100
|-damage|p2b: Grimmsnarl|9/100
|-damage|p2b: Grimmsnarl|0 fnt
|faint|p2b: Grimmsnarl
|-hitcount|p2: Grimmsnarl|8
|move|p2a: Archaludon|Electro Shot||[still]
|-prepare|p2a: Archaludon|Electro Shot
|-boost|p2a: Archaludon|spa|1
|-anim|p2a: Archaludon|Electro Shot|p1a: Maushold
|-damage|p1a: Maushold|9/100
|move|p1b: Archaludon|Electro Shot||[still]
|-prepare|p1b: Archaludon|Electro Shot
|-boost|p1b: Archaludon|spa|1
|-anim|p1b: Archaludon|Electro Shot|p2a: Archaludon
|-resisted|p2a: Archaludon|1
|-damage|p2a: Archaludon|67/100
|-ability|p2a: Archaludon|Stamina|boost
|-boost|p2a: Archaludon|def|1
|
|-weather|RainDance|[upkeep]
|-heal|p2a: Archaludon|73/100|[from] item: Leftovers
|upkeep
|
|t:|1782217157
|switch|p2b: Swampert|Swampert, L50, M|100/100
|turn|2
|
|t:|1782217168
|detailschange|p2b: Swampert|Swampert-Mega, L50, M
|-mega|p2b: Swampert|Swampert|Swampertite
|move|p2a: Archaludon|Protect|p2a: Archaludon
|-singleturn|p2a: Archaludon|Protect
|move|p1b: Archaludon|Protect|p1b: Archaludon
|-singleturn|p1b: Archaludon|Protect
|move|p2b: Swampert|Earthquake|p1b: Archaludon|[spread] p1a
|-activate|p2a: Archaludon|move: Protect
|-activate|p1b: Archaludon|move: Protect
|-damage|p1a: Maushold|0 fnt
|faint|p1a: Maushold
|
|-weather|RainDance|[upkeep]
|-heal|p2a: Archaludon|79/100|[from] item: Leftovers
|upkeep
|
|t:|1782217177
|switch|p1a: Sableye|Sableye, L50, M|100/100
|turn|3
|
|t:|1782217191
|switch|p2b: Pelipper|Pelipper, L50, M|100/100
|move|p1a: Sableye|Will-O-Wisp|p2b: Pelipper
|-status|p2b: Pelipper|brn
|move|p2a: Archaludon|Electro Shot||[still]
|-prepare|p2a: Archaludon|Electro Shot
|-boost|p2a: Archaludon|spa|1
|-anim|p2a: Archaludon|Electro Shot|p1a: Sableye
|-damage|p1a: Sableye|6/100
|move|p1b: Archaludon|Dragon Pulse|p2a: Archaludon
|-damage|p2a: Archaludon|17/100
|-ability|p2a: Archaludon|Stamina|boost
|-boost|p2a: Archaludon|def|1
|
|-weather|RainDance|[upkeep]
|-heal|p2a: Archaludon|23/100|[from] item: Leftovers
|-damage|p2b: Pelipper|93/100 brn|[from] brn
|upkeep
|turn|4
|inactive|cm3112 has 30 seconds left.
|inactive|cm3112 has 20 seconds left.
|
|t:|1782217231
|move|p1a: Sableye|Quash|p2a: Archaludon
|-activate|p2a: Archaludon|move: Quash
|move|p1b: Archaludon|Electro Shot||[still]
|-prepare|p1b: Archaludon|Electro Shot
|-boost|p1b: Archaludon|spa|1
|-anim|p1b: Archaludon|Electro Shot|p2b: Pelipper
|-supereffective|p2b: Pelipper|2
|-damage|p2b: Pelipper|0 fnt
|faint|p2b: Pelipper
|move|p2a: Archaludon|Dragon Pulse|p1b: Archaludon
|-damage|p1b: Archaludon|18/100
|-ability|p1b: Archaludon|Stamina|boost
|-boost|p1b: Archaludon|def|1
|
|-weather|RainDance|[upkeep]
|-heal|p2a: Archaludon|29/100|[from] item: Leftovers
|-heal|p1b: Archaludon|24/100|[from] item: Leftovers
|upkeep
|
|t:|1782217237
|switch|p2b: Swampert|Swampert-Mega, L50, M|100/100
|turn|5
|
|t:|1782217256
|move|p2a: Archaludon|Protect|p2a: Archaludon
|-singleturn|p2a: Archaludon|Protect
|move|p1b: Archaludon|Protect|p1b: Archaludon
|-singleturn|p1b: Archaludon|Protect
|move|p1a: Sableye|Will-O-Wisp|p2b: Swampert
|-status|p2b: Swampert|brn
|move|p2b: Swampert|Earthquake|p1a: Sableye|[spread] p1a
|-activate|p2a: Archaludon|move: Protect
|-activate|p1b: Archaludon|move: Protect
|-damage|p1a: Sableye|0 fnt
|faint|p1a: Sableye
|
|-weather|none
|-heal|p2a: Archaludon|35/100|[from] item: Leftovers
|-heal|p1b: Archaludon|30/100|[from] item: Leftovers
|-damage|p2b: Swampert|94/100 brn|[from] brn
|upkeep
|
|t:|1782217260
|switch|p1a: Basculegion|Basculegion-F, L50, F|100/100
|turn|6
|
|t:|1782217276
|move|p2a: Archaludon|Protect|p2a: Archaludon
|-singleturn|p2a: Archaludon|Protect
|move|p2b: Swampert|Earthquake|p1b: Archaludon|[spread] p1a,p1b
|-activate|p2a: Archaludon|move: Protect
|-supereffective|p1b: Archaludon|1
|-damage|p1a: Basculegion|73/100
|-damage|p1b: Archaludon|4/100
|-ability|p1b: Archaludon|Stamina|boost
|-boost|p1b: Archaludon|def|1
|move|p1a: Basculegion|Shadow Ball|p2a: Archaludon
|-activate|p2a: Archaludon|move: Protect
|move|p1b: Archaludon|Dragon Pulse|p2a: Archaludon
|-activate|p2a: Archaludon|move: Protect
|
|-heal|p2a: Archaludon|41/100|[from] item: Leftovers
|-heal|p1b: Archaludon|10/100|[from] item: Leftovers
|-damage|p2b: Swampert|88/100 brn|[from] brn
|upkeep
|turn|7
|inactive|cm3112 has 30 seconds left.
|
|t:|1782217309
|move|p1b: Archaludon|Protect|p1b: Archaludon
|-singleturn|p1b: Archaludon|Protect
|move|p2b: Swampert|Earthquake|p1b: Archaludon|[spread] p2a,p1a
|-activate|p1b: Archaludon|move: Protect
|-supereffective|p2a: Archaludon|1
|-damage|p2a: Archaludon|22/100
|-damage|p1a: Basculegion|45/100
|-ability|p2a: Archaludon|Stamina|boost
|-boost|p2a: Archaludon|def|1
|move|p1a: Basculegion|Icy Wind|p2b: Swampert|[spread] p2a,p2b
|-damage|p2a: Archaludon|8/100
|-damage|p2b: Swampert|76/100 brn
|-unboost|p2a: Archaludon|spe|1
|-unboost|p2b: Swampert|spe|1
|-ability|p2a: Archaludon|Stamina|boost
|-boost|p2a: Archaludon|def|1
|move|p2a: Archaludon|Dragon Pulse|p1a: Basculegion
|-damage|p1a: Basculegion|0 fnt
|faint|p1a: Basculegion
|
|-heal|p1b: Archaludon|16/100|[from] item: Leftovers
|-heal|p2a: Archaludon|14/100|[from] item: Leftovers
|-damage|p2b: Swampert|70/100 brn|[from] brn
|upkeep
|turn|8
|
|t:|1782217330
|move|p1b: Archaludon|Dragon Pulse|p2a: Archaludon
|-damage|p2a: Archaludon|0 fnt
|faint|p2a: Archaludon
|move|p2b: Swampert|Earthquake|p1b: Archaludon
|-supereffective|p1b: Archaludon|1
|-damage|p1b: Archaludon|0 fnt
|faint|p1b: Archaludon
|
|win|WestyLiam's House
|raw|cm3112's rating: 1132 → 1102(-30 for losing)
|raw|WestyLiam's House's rating: 1058 → 1096(+38 for winning)
|l|‽cm3112
|player|p1|
