|j|☆RaloTapia024
|j|☆legndrygoatedXD69
|html|RaloTapia024legndrygoatedXD69    
|uhtml|bestof|Game 1 of a best-of-3
|t:|1785203739
|gametype|doubles
|player|p1|RaloTapia024|ghetsis-gen5bw|1128
|player|p2|legndrygoatedXD69|265|1213
|gen|9
|tier|[Gen 9 Champions] VGC 2026 Reg M-B (Bo3)
|rated|
|rule|Species Clause: Limit one of each Pokémon
|rule|Item Clause: Limit 1 of each item
|clearpoke
|poke|p1|Gardevoir, L50, F|
|poke|p1|Talonflame, L50, M|
|poke|p1|Basculegion, L50, M|
|poke|p1|Kommo-o, L50, M|
|poke|p1|Maushold, L50|
|poke|p1|Kingambit, L50, M|
|poke|p2|Pidgeot, L50, M, shiny|
|poke|p2|Milotic, L50, M, shiny|
|poke|p2|Aegislash, L50, F, shiny|
|poke|p2|Incineroar, L50, M|
|poke|p2|Farigiraf, L50, F|
|poke|p2|Lycanroc-Dusk, L50, M|
|teampreview|4
|showteam|p1|Gardevoir||Gardevoirite|Trace|HyperVoice,Psychic,Thunderbolt,Protect|Modest||F|||50|]Talonflame||SharpBeak|GaleWings|DualWingbeat,FlareBlitz,Tailwind,Protect|Jolly||M|||50|]Basculegion||ChoiceScarf|Adaptability|AquaJet,LastRespects,WaveCrash,FlipTurn|Jolly||M|||50|]Kommo-o||LifeOrb|Soundproof|ClangingScales,DracoMeteor,AuraSphere,Protect|Modest||M|||50|]Maushold||FocusSash|FriendGuard|FollowMe,Feint,SuperFang,Protect|Jolly|||||50|]Kingambit||ExpertBelt|Defiant|KowtowCleave,SuckerPunch,IronHead,LowKick|Jolly||M|||50|
|showteam|p2|Pidgeot||Pidgeotite|KeenEye|Hurricane,HeatWave,Tailwind,Protect|Timid||M|||50|]Milotic||Leftovers|Competitive|Scald,IcyWind,LifeDew,Protect|Modest||M|||50|]Aegislash||LifeOrb|StanceChange|IronHead,Poltergeist,CloseCombat,KingsShield|Adamant||F|||50|]Incineroar||SitrusBerry|Intimidate|FakeOut,PartingShot,ThroatChop,FlareBlitz|Adamant||M|||50|]Farigiraf||ColburBerry|ArmorTail|Psychic,Thunderbolt,TrickRoom,Imprison|Modest||F|||50|]Lycanroc-Dusk||FocusSash|ToughClaws|CloseCombat,RockSlide,Accelerock,Protect|Jolly||M|||50|
|inactive|Battle timer is ON: inactive players will automatically lose when time's up. (requested by RaloTapia024)
|inactive|RaloTapia024 has 60 seconds left.
|inactive|legndrygoatedXD69 has 60 seconds left.
|inactive|RaloTapia024 has 30 seconds left.
|inactive|legndrygoatedXD69 has 30 seconds left.
|inactive|RaloTapia024 has 20 seconds left.
|inactive|legndrygoatedXD69 has 20 seconds left.
|inactive|RaloTapia024 has 15 seconds left.
|inactive|legndrygoatedXD69 has 15 seconds left.
|inactive|RaloTapia024 has 10 seconds left.
|
|t:|1785203823
|teamsize|p1|4
|teamsize|p2|4
|start
|switch|p1a: Kingambit|Kingambit, L50, M|100/100
|switch|p1b: Maushold|Maushold, L50|100/100
|switch|p2a: Lycanroc|Lycanroc-Dusk, L50, M|100/100
|switch|p2b: Farigiraf|Farigiraf, L50, F|100/100
|turn|1
|
|t:|1785203845
|move|p1b: Maushold|Super Fang|p2b: Farigiraf
|-damage|p2b: Farigiraf|50/100y
|move|p2a: Lycanroc|Close Combat|p1a: Kingambit
|-supereffective|p1a: Kingambit|2
|-damage|p1a: Kingambit|0 fnt
|-unboost|p2a: Lycanroc|def|1
|-unboost|p2a: Lycanroc|spd|1
|faint|p1a: Kingambit
|move|p2b: Farigiraf|Trick Room|p2b: Farigiraf
|-fieldstart|move: Trick Room|[of] p2b: Farigiraf
|
|upkeep
|
|t:|1785203856
|switch|p1a: Gardevoir|Gardevoir, L50, F|100/100
|-ability|p1a: Gardevoir|Tough Claws|Trace|[from] ability: Trace|[of] p2a: Lycanroc
|turn|2
|j| tedidn
|
|t:|1785203878
|detailschange|p1a: Gardevoir|Gardevoir-Mega, L50, F
|-mega|p1a: Gardevoir|Gardevoir|Gardevoirite
|move|p2b: Farigiraf|Psychic|p1b: Maushold
|-damage|p1b: Maushold|45/100
|move|p1a: Gardevoir|Psychic|p2b: Farigiraf
|-resisted|p2b: Farigiraf|1
|-damage|p2b: Farigiraf|20/100y
|move|p2a: Lycanroc|Rock Slide|p1a: Gardevoir|[spread] p1a,p1b
|-damage|p1a: Gardevoir|65/100
|-damage|p1b: Maushold|12/100
|move|p1b: Maushold|Super Fang|p2b: Farigiraf
|-damage|p2b: Farigiraf|10/100
|
|upkeep
|turn|3
|inactive|RaloTapia024 has 30 seconds left.
|inactive|legndrygoatedXD69 has 30 seconds left.
|inactive|RaloTapia024 has 20 seconds left.
|inactive|RaloTapia024 has 15 seconds left.
|inactive|RaloTapia024 has 10 seconds left.
|
|t:|1785203923
|move|p1a: Gardevoir|Protect|p1a: Gardevoir
|-singleturn|p1a: Gardevoir|Protect
|move|p1b: Maushold|Protect|p1b: Maushold
|-singleturn|p1b: Maushold|Protect
|move|p2b: Farigiraf|Thunderbolt|p1b: Maushold
|-activate|p1b: Maushold|move: Protect
|move|p2a: Lycanroc|Rock Slide|p1b: Maushold|[spread] 
|-activate|p1a: Gardevoir|move: Protect
|-activate|p1b: Maushold|move: Protect
|
|upkeep
|turn|4
|inactive|legndrygoatedXD69 has 30 seconds left.
|
|t:|1785203948
|move|p2b: Farigiraf|Psychic|p1b: Maushold
|-damage|p1b: Maushold|0 fnt
|faint|p1b: Maushold
|move|p1a: Gardevoir|Hyper Voice|p2b: Farigiraf|[spread] p2a,p2b
|-enditem|p2a: Lycanroc|Focus Sash
|-damage|p2a: Lycanroc|1/100
|-damage|p2b: Farigiraf|0 fnt
|faint|p2b: Farigiraf
|move|p2a: Lycanroc|Rock Slide|p1a: Gardevoir
|-damage|p1a: Gardevoir|1/100
|
|upkeep
|
|t:|1785203967
|switch|p2b: Aegislash|Aegislash, L50, F, shiny|100/100
|switch|p1b: Talonflame|Talonflame, L50, M|100/100
|turn|5
|
|t:|1785203983
|move|p1b: Talonflame|Protect|p1b: Talonflame
|-singleturn|p1b: Talonflame|Protect
|move|p2a: Lycanroc|Accelerock|p1b: Talonflame
|-activate|p1b: Talonflame|move: Protect
|-formechange|p2b: Aegislash|Aegislash-Blade|
|move|p2b: Aegislash|Iron Head|p1a: Gardevoir
|-supereffective|p1a: Gardevoir|1
|-damage|p1a: Gardevoir|0 fnt
|faint|p1a: Gardevoir
|-damage|p2b: Aegislash|90/100|[from] item: Life Orb
|
|-fieldend|move: Trick Room
|upkeep
|turn|6
|
|t:|1785204004
|move|p2a: Lycanroc|Protect|p2a: Lycanroc
|-singleturn|p2a: Lycanroc|Protect
|move|p1b: Talonflame|Dual Wingbeat|p2a: Lycanroc
|-activate|p2a: Lycanroc|move: Protect
|move|p2b: Aegislash|Iron Head|p1b: Talonflame
|-resisted|p1b: Talonflame|1
|-damage|p1b: Talonflame|56/100
|-damage|p2b: Aegislash|81/100|[from] item: Life Orb
|
|upkeep
|turn|7
|-message|RaloTapia024 forfeited.
|
|win|legndrygoatedXD69
