|j|☆DDyarados29
|j|☆CoachChris
|html|DDyarados29CoachChris    
|uhtml|bestof|Game 2 of a best-of-3
|t:|1755550351
|gametype|doubles
|player|p1|DDyarados29|skier|1185
|player|p2|CoachChris|2|1289
|gen|9
|tier|[Gen 9] VGC 2025 Reg H (Bo3)
|rated|
|rule|Species Clause: Limit one of each Pokémon
|rule|Item Clause: Limit 1 of each item
|clearpoke
|poke|p1|Dragonite, L50, F|
|poke|p1|Amoonguss, L50, F|
|poke|p1|Incineroar, L50, F|
|poke|p1|Sneasler, L50, F|
|poke|p1|Gholdengo, L50|
|poke|p1|Porygon2, L50|
|poke|p2|Garganacl, L50, M|
|poke|p2|Dondozo, L50, F|
|poke|p2|Sneasler, L50, F|
|poke|p2|Gholdengo, L50|
|poke|p2|Ninetales-Alola, L50, M|
|poke|p2|Incineroar, L50, M|
|teampreview|4
|showteam|p1|Dragonite||LoadedDice|Multiscale|ScaleShot,StompingTantrum,Haze,Protect|||F|||50|,,,,,Ground]Amoonguss||SitrusBerry|Regenerator|Spore,RagePowder,PollenPuff,Protect|||F|||50|,,,,,Fairy]Incineroar||SafetyGoggles|Intimidate|FlareBlitz,KnockOff,FakeOut,PartingShot|||F|||50|,,,,,Ghost]Sneasler||FocusSash|PoisonTouch|CloseCombat,DireClaw,FakeOut,Protect|||F|||50|,,,,,Stellar]Gholdengo||LifeOrb|GoodasGold|MakeItRain,ShadowBall,NastyPlot,Protect||||||50|,,,,,Water]Porygon2||Eviolite|Download|TeraBlast,IceBeam,Recover,TrickRoom||||||50|,,,,,Ground
|showteam|p2|Garganacl||MarangaBerry|PurifyingSalt|SaltCure,StealthRock,Protect,Recover|||M|||50|,,,,,Flying]Dondozo||Leftovers|Unaware|Liquidation,Yawn,Curse,Protect|||F|||50|,,,,,Poison]Sneasler||FocusSash|PoisonTouch|DireClaw,CloseCombat,Coaching,Protect|||F|||50|,,,,,Ghost]Gholdengo||ChoiceScarf|GoodasGold|MakeItRain,ShadowBall,Trick,PowerGem||||||50|,,,,,Steel]Ninetales-Alola||NeverMeltIce|SnowWarning|Blizzard,FreezeDry,Protect,AuroraVeil|||M|||50|,,,,,Ice]Incineroar||AssaultVest|Intimidate|FlareBlitz,KnockOff,FakeOut,DrainPunch|||M|||50|,,,,,Grass
|inactive|Battle timer is ON: inactive players will automatically lose when time's up. (requested by DDyarados29)
|inactive|DDyarados29 has 60 seconds left.
|inactive|CoachChris has 60 seconds left.
|inactive|CoachChris has 30 seconds left.
|inactive|CoachChris has 20 seconds left.
|inactive|CoachChris has 15 seconds left.
|inactive|CoachChris has 10 seconds left.
|
|t:|1755550433
|teamsize|p1|4
|teamsize|p2|4
|start
|switch|p1a: Amoonguss|Amoonguss, L50, F|100/100
|switch|p1b: Gholdengo|Gholdengo, L50|100/100
|switch|p2a: Ninetales|Ninetales-Alola, L50, M|100/100
|switch|p2b: Garganacl|Garganacl, L50, M|100/100
|-weather|Snowscape|[from] ability: Snow Warning|[of] p2a: Ninetales
|turn|1
|
|t:|1755550447
|move|p1a: Amoonguss|Rage Powder|p1a: Amoonguss
|-singleturn|p1a: Amoonguss|move: Rage Powder
|move|p2a: Ninetales|Blizzard|p1a: Amoonguss|[spread] p1a,p1b
|-supereffective|p1a: Amoonguss
|-resisted|p1b: Gholdengo
|-damage|p1a: Amoonguss|46/100
|-damage|p1b: Gholdengo|82/100
|-enditem|p1a: Amoonguss|Sitrus Berry|[eat]
|-heal|p1a: Amoonguss|71/100|[from] item: Sitrus Berry
|move|p1b: Gholdengo|Make It Rain|p2a: Ninetales|[spread] p2a,p2b
|-supereffective|p2a: Ninetales
|-supereffective|p2b: Garganacl
|-damage|p2a: Ninetales|0 fnt
|-damage|p2b: Garganacl|16/100
|-unboost|p1b: Gholdengo|spa|1
|faint|p2a: Ninetales
|-enditem|p2b: Garganacl|Maranga Berry|[eat]
|-boost|p2b: Garganacl|spd|1|[from] item: Maranga Berry
|-damage|p1b: Gholdengo|72/100|[from] item: Life Orb
|move|p2b: Garganacl|Salt Cure|p1a: Amoonguss
|-damage|p1a: Amoonguss|59/100
|-start|p1a: Amoonguss|Salt Cure
|
|-weather|Snowscape|[upkeep]
|-damage|p1a: Amoonguss|46/100|[from] Salt Cure
|upkeep
|inactive|CoachChris has 30 seconds left.
|
|t:|1755550472
|switch|p2a: Sneasler|Sneasler, L50, F|100/100
|turn|2
|
|t:|1755550485
|move|p1a: Amoonguss|Rage Powder|p1a: Amoonguss
|-singleturn|p1a: Amoonguss|move: Rage Powder
|move|p2a: Sneasler|Dire Claw|p1a: Amoonguss
|-damage|p1a: Amoonguss|10/100
|-status|p1a: Amoonguss|par
|move|p1b: Gholdengo|Nasty Plot|p1b: Gholdengo
|-boost|p1b: Gholdengo|spa|2
|move|p2b: Garganacl|Recover|p2b: Garganacl
|-heal|p2b: Garganacl|67/100
|
|-weather|Snowscape|[upkeep]
|-damage|p1a: Amoonguss|0 fnt|[from] Salt Cure
|faint|p1a: Amoonguss
|upkeep
|
|t:|1755550492
|switch|p1a: Incineroar|Incineroar, L50, F|100/100
|-ability|p1a: Incineroar|Intimidate|boost
|-unboost|p2a: Sneasler|atk|1
|-unboost|p2b: Garganacl|atk|1
|turn|3
|
|t:|1755550513
|move|p2a: Sneasler|Protect|p2a: Sneasler
|-singleturn|p2a: Sneasler|Protect
|move|p2b: Garganacl|Protect|p2b: Garganacl
|-singleturn|p2b: Garganacl|Protect
|move|p1a: Incineroar|Fake Out|p2b: Garganacl
|-activate|p2b: Garganacl|move: Protect
|move|p1b: Gholdengo|Nasty Plot|p1b: Gholdengo
|-boost|p1b: Gholdengo|spa|2
|
|-weather|Snowscape|[upkeep]
|upkeep
|turn|4
|
|t:|1755550534
|move|p2a: Sneasler|Close Combat|p1a: Incineroar
|-supereffective|p1a: Incineroar
|-damage|p1a: Incineroar|23/100
|-unboost|p2a: Sneasler|def|1
|-unboost|p2a: Sneasler|spd|1
|-status|p1a: Incineroar|psn|[from] ability: Poison Touch|[of] p2a: Sneasler
|move|p1b: Gholdengo|Make It Rain|p2b: Garganacl|[spread] p2a,p2b
|-supereffective|p2b: Garganacl
|-enditem|p2a: Sneasler|Focus Sash
|-damage|p2a: Sneasler|1/100
|-damage|p2b: Garganacl|0 fnt
|-unboost|p1b: Gholdengo|spa|1
|faint|p2b: Garganacl
|-damage|p1b: Gholdengo|63/100|[from] item: Life Orb
|move|p1a: Incineroar|Flare Blitz|p2a: Sneasler
|-damage|p2a: Sneasler|0 fnt
|faint|p2a: Sneasler
|-damage|p1a: Incineroar|22/100 psn|[from] Recoil
|
|-weather|Snowscape|[upkeep]
|-damage|p1a: Incineroar|10/100 psn|[from] psn
|upkeep
|
|t:|1755550549
|switch|p2b: Gholdengo|Gholdengo, L50|100/100
|turn|5
|
|t:|1755550556
|-terastallize|p2b: Gholdengo|Steel
|move|p1b: Gholdengo|Protect|p1b: Gholdengo
|-singleturn|p1b: Gholdengo|Protect
|move|p2b: Gholdengo|Make It Rain|p1b: Gholdengo|[spread] p1a
|-activate|p1b: Gholdengo|move: Protect
|-resisted|p1a: Incineroar
|-damage|p1a: Incineroar|0 fnt
|-unboost|p2b: Gholdengo|spa|1
|faint|p1a: Incineroar
|
|-weather|none
|upkeep
|
|t:|1755550558
|switch|p1a: Sneasler|Sneasler, L50, F|100/100
|turn|6
|
|t:|1755550562
|move|p1a: Sneasler|Fake Out|p2b: Gholdengo
|-resisted|p2b: Gholdengo
|-damage|p2b: Gholdengo|93/100
|cant|p2b: Gholdengo|flinch
|move|p1b: Gholdengo|Shadow Ball|p2b: Gholdengo
|-damage|p2b: Gholdengo|0 fnt
|faint|p2b: Gholdengo
|-damage|p1b: Gholdengo|53/100|[from] item: Life Orb
|
|win|DDyarados29
|raw|DDyarados29's rating: 1185 → 1217(+32 for winning)
|raw|CoachChris's rating: 1289 → 1257(-32 for losing)
