|j|☆CapnBrunchy
|j|☆Farigi no Raf
|html|CapnBrunchyFarigi no Raf    
|uhtml|bestof|Game 3 of a best-of-3
|t:|1757017927
|gametype|doubles
|player|p1|CapnBrunchy|265|1281
|player|p2|Farigi no Raf|vince|1375
|gen|9
|tier|[Gen 9] VGC 2025 Reg H (Bo3)
|rated|
|rule|Species Clause: Limit one of each Pokémon
|rule|Item Clause: Limit 1 of each item
|clearpoke
|poke|p1|Toedscruel, L50, M|
|poke|p1|Weezing-Galar, L50, F|
|poke|p1|Corviknight, L50, M|
|poke|p1|Garchomp, L50, M|
|poke|p1|Typhlosion-Hisui, L50, M|
|poke|p1|Kilowattrel, L50, F|
|poke|p2|Dragonite, L50, F|
|poke|p2|Gholdengo, L50|
|poke|p2|Sneasler, L50, F|
|poke|p2|Rillaboom, L50, M|
|poke|p2|Ursaluna-Bloodmoon, L50, M|
|poke|p2|Magmar, L50, F|
|teampreview|4
|showteam|p1|Toedscruel||CovertCloak|MyceliumMight|Spore,EarthPower,AcidSpray,RagePowder|||M|||50|,,,,,Water]Weezing-Galar||ChoiceSpecs|NeutralizingGas|DazzlingGleam,SludgeBomb,StrangeSteam,Flamethrower|||F|||50|,,,,,Flying]Corviknight||SitrusBerry|MirrorArmor|BulkUp,Tailwind,Roost,BraveBird|||M|||50|,,,,,Dragon]Garchomp||LifeOrb|RoughSkin|Protect,Earthquake,DragonClaw,StompingTantrum|||M|||50|,,,,,Ground]Typhlosion-Hisui||ChoiceScarf|Blaze|Eruption,WillOWisp,HeatWave,ShadowBall|||M|||50|,,,,,Fire]Kilowattrel||FocusSash|Competitive|Thunderbolt,AirSlash,Tailwind,Protect|||F|||50|,,,,,Ghost
|showteam|p2|Dragonite||LoadedDice|Multiscale|ScaleShot,Tailwind,ExtremeSpeed,Protect|||F|||50|,,,,,Fairy]Gholdengo||LifeOrb|GoodasGold|MakeItRain,ShadowBall,NastyPlot,Protect||||||50|,,,,,Water]Sneasler||FocusSash|PoisonTouch|CloseCombat,DireClaw,Coaching,FakeOut|||F|||50|,,,,,Ghost]Rillaboom||AssaultVest|GrassySurge|WoodHammer,FakeOut,GrassyGlide,HighHorsepower|||M|||50|,,,,,Fire]Ursaluna-Bloodmoon||SilkScarf|MindsEye|HyperVoice,EarthPower,BloodMoon,Protect|||M|||50|,,,,,Water]Magmar||Eviolite|VitalSpirit|FollowMe,BurningJealousy,ClearSmog,Protect|||F|||50|,,,,,Dragon
|
|t:|1757017970
|teamsize|p1|4
|teamsize|p2|4
|start
|switch|p1a: Garchomp|Garchomp, L50, M, shiny|100/100
|switch|p1b: Corviknight|Corviknight, L50, M, shiny|100/100
|switch|p2a: Dragonite|Dragonite, L50, F|100/100
|switch|p2b: Gholdengo|Gholdengo, L50|100/100
|turn|1
|
|t:|1757017983
|move|p1a: Garchomp|Protect|p1a: Garchomp
|-singleturn|p1a: Garchomp|Protect
|move|p2b: Gholdengo|Protect|p2b: Gholdengo
|-singleturn|p2b: Gholdengo|Protect
|move|p2a: Dragonite|Scale Shot|p1a: Garchomp
|-activate|p1a: Garchomp|move: Protect
|move|p1b: Corviknight|Tailwind|p1b: Corviknight
|-sidestart|p1: CapnBrunchy|move: Tailwind
|
|upkeep
|turn|2
|
|t:|1757018008
|switch|p2b: Ursaluna|Ursaluna-Bloodmoon, L50, M|100/100
|move|p1a: Garchomp|Earthquake|p2b: Ursaluna|[spread] p2b
|-immune|p1b: Corviknight
|-immune|p2a: Dragonite
|-damage|p2b: Ursaluna|63/100
|-damage|p1a: Garchomp|91/100|[from] item: Life Orb
|move|p1b: Corviknight|Bulk Up|p1b: Corviknight
|-boost|p1b: Corviknight|atk|1
|-boost|p1b: Corviknight|def|1
|move|p2a: Dragonite|Scale Shot|p1a: Garchomp
|-supereffective|p1a: Garchomp
|-damage|p1a: Garchomp|58/100
|-supereffective|p1a: Garchomp
|-damage|p1a: Garchomp|28/100
|-supereffective|p1a: Garchomp
|-damage|p1a: Garchomp|0 fnt
|faint|p1a: Garchomp
|-hitcount|p1: Garchomp|3
|-unboost|p2a: Dragonite|def|1
|-boost|p2a: Dragonite|spe|1
|
|upkeep
|
|t:|1757018020
|switch|p1a: Typhlosion|Typhlosion-Hisui, L50, M|100/100
|turn|3
|
|t:|1757018039
|move|p2b: Ursaluna|Protect|p2b: Ursaluna
|-singleturn|p2b: Ursaluna|Protect
|move|p1a: Typhlosion|Eruption|p2a: Dragonite|[spread] p2a
|-activate|p2b: Ursaluna|move: Protect
|-resisted|p2a: Dragonite
|-damage|p2a: Dragonite|84/100
|move|p2a: Dragonite|Tailwind|p2a: Dragonite
|-sidestart|p2: Farigi no Raf|move: Tailwind
|move|p1b: Corviknight|Brave Bird|p2a: Dragonite
|-damage|p2a: Dragonite|0 fnt
|faint|p2a: Dragonite
|-damage|p1b: Corviknight|78/100|[from] Recoil
|
|upkeep
|
|t:|1757018048
|switch|p2a: Magmar|Magmar, L50, F|100/100
|turn|4
|
|t:|1757018060
|-terastallize|p2b: Ursaluna|Water
|move|p2a: Magmar|Follow Me|p2a: Magmar
|-singleturn|p2a: Magmar|move: Follow Me
|move|p1a: Typhlosion|Eruption|p2a: Magmar|[spread] p2a,p2b
|-resisted|p2a: Magmar
|-resisted|p2b: Ursaluna
|-damage|p2a: Magmar|75/100
|-damage|p2b: Ursaluna|30/100
|move|p1b: Corviknight|Brave Bird|p2a: Magmar
|-damage|p2a: Magmar|26/100
|-damage|p1b: Corviknight|64/100|[from] Recoil
|move|p2b: Ursaluna|Earth Power|p1a: Typhlosion
|-supereffective|p1a: Typhlosion
|-damage|p1a: Typhlosion|0 fnt
|faint|p1a: Typhlosion
|
|-sideend|p1: CapnBrunchy|move: Tailwind
|upkeep
|
|t:|1757018069
|switch|p1a: Kilowattrel|Kilowattrel, L50, F, shiny|100/100
|turn|5
|
|t:|1757018079
|move|p1a: Kilowattrel|Protect|p1a: Kilowattrel
|-singleturn|p1a: Kilowattrel|Protect
|move|p2a: Magmar|Burning Jealousy|p1a: Kilowattrel|[spread] p1b
|-activate|p1a: Kilowattrel|move: Protect
|-supereffective|p1b: Corviknight
|-damage|p1b: Corviknight|32/100
|-enditem|p1b: Corviknight|Sitrus Berry|[eat]
|-heal|p1b: Corviknight|57/100|[from] item: Sitrus Berry
|move|p2b: Ursaluna|Hyper Voice|p1a: Kilowattrel|[spread] p1b
|-activate|p1a: Kilowattrel|move: Protect
|-resisted|p1b: Corviknight
|-damage|p1b: Corviknight|40/100
|move|p1b: Corviknight|Tailwind|p1b: Corviknight
|-sidestart|p1: CapnBrunchy|move: Tailwind
|
|upkeep
|turn|6
|
|t:|1757018100
|move|p2a: Magmar|Protect|p2a: Magmar
|-singleturn|p2a: Magmar|Protect
|move|p1a: Kilowattrel|Thunderbolt|p2b: Ursaluna
|-supereffective|p2b: Ursaluna
|-damage|p2b: Ursaluna|0 fnt
|faint|p2b: Ursaluna
|move|p1b: Corviknight|Brave Bird|p2a: Magmar
|-activate|p2a: Magmar|move: Protect
|
|-sideend|p2: Farigi no Raf|move: Tailwind
|upkeep
|
|t:|1757018105
|switch|p2b: Gholdengo|Gholdengo, L50|100/100
|turn|7
|c|☆CapnBrunchy|gg
|c|☆CapnBrunchy|wait
|c|☆CapnBrunchy|SORRY
|c|☆CapnBrunchy|not gg
|c|☆CapnBrunchy|gg for me i lose lol
|c|☆Farigi no Raf|no i think you win?
|
|t:|1757018148
|move|p2a: Magmar|Follow Me|p2a: Magmar
|-singleturn|p2a: Magmar|move: Follow Me
|move|p1a: Kilowattrel|Thunderbolt|p2a: Magmar
|-damage|p2a: Magmar|0 fnt
|faint|p2a: Magmar
|move|p1b: Corviknight|Roost|p1b: Corviknight
|-heal|p1b: Corviknight|90/100
|-singleturn|p1b: Corviknight|move: Roost
|move|p2b: Gholdengo|Shadow Ball|p1a: Kilowattrel
|-damage|p1a: Kilowattrel|4/100
|-damage|p2b: Gholdengo|91/100|[from] item: Life Orb
|
|upkeep
|turn|8
|
|t:|1757018172
|move|p2b: Gholdengo|Protect|p2b: Gholdengo
|-singleturn|p2b: Gholdengo|Protect
|move|p1a: Kilowattrel|Thunderbolt|p2b: Gholdengo
|-activate|p2b: Gholdengo|move: Protect
|move|p1b: Corviknight|Brave Bird|p2b: Gholdengo
|-activate|p2b: Gholdengo|move: Protect
|
|-sideend|p1: CapnBrunchy|move: Tailwind
|upkeep
|turn|9
|
|t:|1757018179
|move|p1a: Kilowattrel|Thunderbolt|p2b: Gholdengo
|-damage|p2b: Gholdengo|47/100
|move|p2b: Gholdengo|Shadow Ball|p1a: Kilowattrel
|-damage|p1a: Kilowattrel|0 fnt
|faint|p1a: Kilowattrel
|-damage|p2b: Gholdengo|37/100|[from] item: Life Orb
|move|p1b: Corviknight|Brave Bird|p2b: Gholdengo
|-resisted|p2b: Gholdengo
|-damage|p2b: Gholdengo|3/100
|-damage|p1b: Corviknight|80/100|[from] Recoil
|
|upkeep
|turn|10
|
|t:|1757018191
|move|p2b: Gholdengo|Shadow Ball|p1b: Corviknight
|-damage|p1b: Corviknight|34/100
|-damage|p2b: Gholdengo|0 fnt|[from] item: Life Orb
|faint|p2b: Gholdengo
|
|win|CapnBrunchy
|raw|CapnBrunchy's rating: 1281 → 1313(+32 for winning)
|raw|Farigi no Raf's rating: 1375 → 1350(-25 for losing)
