|j|☆lettitripppp
|j|☆glitchy_potat
|html|lettitrippppglitchy_potat    
|uhtml|bestof|Game 2 of a best-of-3
|t:|1783112008
|gametype|doubles
|player|p1|lettitripppp|lucas|1206
|player|p2|glitchy_potat|hilbert|1291
|gen|9
|tier|[Gen 9 Champions] VGC 2026 Reg M-B (Bo3)
|rated|
|rule|Species Clause: Limit one of each Pokémon
|rule|Item Clause: Limit 1 of each item
|clearpoke
|poke|p1|Charizard, L50, M|
|poke|p1|Floette-Eternal, L50, F|
|poke|p1|Basculegion, L50, M, shiny|
|poke|p1|Garchomp, L50, F|
|poke|p1|Whimsicott, L50, F, shiny|
|poke|p1|Kingambit, L50, M|
|poke|p2|Kingambit, L50, M|
|poke|p2|Sinistcha, L50|
|poke|p2|Garchomp, L50, F|
|poke|p2|Ninetales-Alola, L50, F|
|poke|p2|Delphox, L50, F, shiny|
|poke|p2|Staraptor, L50, F|
|teampreview|4
|showteam|p1|Charizard||CharizarditeY|Blaze|WeatherBall,SolarBeam,HeatWave,Protect|Modest||M|||50|]Floette-Eternal||Floettite|FlowerVeil|DazzlingGleam,LightofRuin,Moonblast,Protect|Timid||F|||50|]Basculegion||MysticWater|Adaptability|LastRespects,WaveCrash,AquaJet,Protect|Adamant||M|||50|]Garchomp||LifeOrb|RoughSkin|DragonClaw,Earthquake,RockSlide,Protect|Jolly||F|||50|]Whimsicott||FocusSash|Prankster|Moonblast,Tailwind,Encore,Protect|Timid||F|||50|]Kingambit||OccaBerry|Defiant|KowtowCleave,SuckerPunch,IronHead,LowKick|Adamant||M|||50|
|showteam|p2|Kingambit||BlackGlasses|Defiant|KowtowCleave,SuckerPunch,LowKick,Protect|Adamant||M|||50|]Sinistcha||SitrusBerry|Hospitality|MatchaGotcha,LifeDew,RagePowder,Protect|Bold|||||50|]Garchomp||LifeOrb|RoughSkin|DragonClaw,Earthquake,RockSlide,Protect|Jolly||F|||50|]Ninetales-Alola||LightClay|SnowWarning|FreezeDry,IcyWind,AuroraVeil,Protect|Timid||F|||50|]Delphox||Delphoxite|Blaze|HeatWave,Psychic,NastyPlot,Protect|Timid||F|||50|]Staraptor||Staraptite|Intimidate|CloseCombat,BraveBird,Roost,Protect|Adamant||F|||50|
|inactive|Battle timer is ON: inactive players will automatically lose when time's up. (requested by lettitripppp)
|
|t:|1783112034
|teamsize|p1|4
|teamsize|p2|4
|start
|switch|p1a: GHOSTWAVE|Basculegion, L50, M, shiny|100/100
|switch|p1b: LETS GO GO|Whimsicott, L50, F, shiny|100/100
|switch|p2a: Ninetales|Ninetales-Alola, L50, F|100/100
|switch|p2b: Staraptor|Staraptor, L50, F|100/100
|-weather|Snowscape|[from] ability: Snow Warning|[of] p2a: Ninetales
|-ability|p2b: Staraptor|Intimidate|boost
|-unboost|p1a: GHOSTWAVE|atk|1
|-unboost|p1b: LETS GO GO|atk|1
|turn|1
|
|t:|1783112051
|detailschange|p2b: Staraptor|Staraptor-Mega, L50, F
|-mega|p2b: Staraptor|Staraptor|Staraptite
|move|p1b: LETS GO GO|Tailwind|p1b: LETS GO GO
|-sidestart|p1: lettitripppp|move: Tailwind
|move|p1a: GHOSTWAVE|Wave Crash|p2a: Ninetales
|-damage|p2a: Ninetales|41/100
|-damage|p1a: GHOSTWAVE|86/100|[from] Recoil
|move|p2a: Ninetales|Freeze-Dry|p1b: LETS GO GO
|-supereffective|p1b: LETS GO GO|1
|-damage|p1b: LETS GO GO|30/100
|move|p2b: Staraptor|Close Combat|p1b: LETS GO GO
|-resisted|p1b: LETS GO GO|1
|-damage|p1b: LETS GO GO|0 fnt
|-boost|p2b: Staraptor|def|1
|-boost|p2b: Staraptor|spd|1
|faint|p1b: LETS GO GO
|
|-weather|Snowscape|[upkeep]
|upkeep
|
|t:|1783112063
|switch|p1b: RUINOUS LIGHT|Floette-Eternal, L50, F|100/100
|turn|2
|
|t:|1783112078
|detailschange|p1b: RUINOUS LIGHT|Floette-Mega, L50, F
|-mega|p1b: RUINOUS LIGHT|Floette|Floettite
|-ability|p1b: RUINOUS LIGHT|Fairy Aura
|move|p2b: Staraptor|Protect|p2b: Staraptor
|-singleturn|p2b: Staraptor|Protect
|move|p1b: RUINOUS LIGHT|Moonblast|p2b: Staraptor
|-activate|p2b: Staraptor|move: Protect
|move|p1a: GHOSTWAVE|Wave Crash|p2a: Ninetales
|-damage|p2a: Ninetales|0 fnt
|faint|p2a: Ninetales
|-damage|p1a: GHOSTWAVE|76/100|[from] Recoil
|
|-weather|Snowscape|[upkeep]
|upkeep
|
|t:|1783112088
|switch|p2a: Sinistcha|Sinistcha, L50|100/100
|turn|3
|
|t:|1783112109
|move|p2a: Sinistcha|Rage Powder|p2a: Sinistcha
|-singleturn|p2a: Sinistcha|move: Rage Powder
|move|p1b: RUINOUS LIGHT|Moonblast|p2a: Sinistcha
|-damage|p2a: Sinistcha|25/100
|-enditem|p2a: Sinistcha|Sitrus Berry|[eat]
|-heal|p2a: Sinistcha|50/100y|[from] item: Sitrus Berry
|move|p1a: GHOSTWAVE|Last Respects|p2a: Sinistcha
|-supereffective|p2a: Sinistcha|1
|-damage|p2a: Sinistcha|0 fnt
|faint|p2a: Sinistcha
|move|p2b: Staraptor|Brave Bird|p1a: GHOSTWAVE
|-damage|p1a: GHOSTWAVE|8/100
|-damage|p2b: Staraptor|70/100|[from] Recoil
|
|-weather|Snowscape|[upkeep]
|upkeep
|
|t:|1783112118
|switch|p2a: Garchomp|Garchomp, L50, F|100/100
|turn|4
|
|t:|1783112127
|move|p2a: Garchomp|Protect|p2a: Garchomp
|-singleturn|p2a: Garchomp|Protect
|move|p2b: Staraptor|Protect|p2b: Staraptor
|-singleturn|p2b: Staraptor|Protect
|move|p1b: RUINOUS LIGHT|Dazzling Gleam|p2a: Garchomp|[spread] 
|-activate|p2a: Garchomp|move: Protect
|-activate|p2b: Staraptor|move: Protect
|move|p1a: GHOSTWAVE|Wave Crash|p2a: Garchomp
|-activate|p2a: Garchomp|move: Protect
|
|-weather|Snowscape|[upkeep]
|-sideend|p1: lettitripppp|move: Tailwind
|upkeep
|turn|5
|
|t:|1783112138
|move|p1a: GHOSTWAVE|Aqua Jet|p2a: Garchomp
|-damage|p2a: Garchomp|80/100
|-damage|p1a: GHOSTWAVE|0 fnt|[from] ability: Rough Skin|[of] p2a: Garchomp
|faint|p1a: GHOSTWAVE
|move|p2a: Garchomp|Earthquake|p1b: RUINOUS LIGHT|[spread] p1b
|-immune|p2b: Staraptor
|-damage|p1b: RUINOUS LIGHT|32/100
|-damage|p2a: Garchomp|70/100|[from] item: Life Orb
|move|p1b: RUINOUS LIGHT|Dazzling Gleam|p2a: Garchomp|[spread] p2a,p2b
|-supereffective|p2a: Garchomp|1
|-supereffective|p2b: Staraptor|1
|-damage|p2a: Garchomp|0 fnt
|-damage|p2b: Staraptor|0 fnt
|faint|p2a: Garchomp
|faint|p2b: Staraptor
|
|win|lettitripppp
|raw|lettitripppp's rating: 1206 → 1237(+31 for winning)
|raw|glitchy_potat's rating: 1291 → 1260(-31 for losing)
|l|☆glitchy_potat
|player|p2|
