|j|☆crozx22
|j|☆genaro2021
|html|crozx22genaro2021    
|uhtml|bestof|Game 1 of a best-of-3
|t:|1757652641
|gametype|doubles
|player|p1|crozx22|cheren-gen5bw2|
|player|p2|genaro2021|red|
|gen|9
|tier|[Gen 9] VGC 2025 Reg H (Bo3)
|rule|Species Clause: Limit one of each Pokémon
|rule|Item Clause: Limit 1 of each item
|clearpoke
|poke|p1|Orthworm, L50, F|
|poke|p1|Dragonite, L50, F|
|poke|p1|Weezing-Galar, L50, F|
|poke|p1|Skeledirge, L50, M|
|poke|p1|Porygon2, L50|
|poke|p1|Garganacl, L50, M|
|poke|p2|Sneasler, L50, M|
|poke|p2|Dragapult, L50, M|
|poke|p2|Dondozo, L50, F|
|poke|p2|Rillaboom, L50, M|
|poke|p2|Volcarona, L50, F|
|poke|p2|Electabuzz, L50, M|
|teampreview|4
|showteam|p1|Orthworm||Leftovers|EarthEater|BodyPress,Protect,StealthRock,ShedTail|||F|||50|,,,,,Electric]Dragonite||AssaultVest|Multiscale|ExtremeSpeed,Outrage,IceSpinner,IronHead|||F|||50|,,,,,Dragon]Weezing-Galar||MirrorHerb|NeutralizingGas|SludgeBomb,StrangeSteam,HeatWave,Protect|||F|||50|,,,,,Ghost]Skeledirge||SafetyGoggles|Unaware|TorchSong,EarthPower,Encore,FireSpin|||M|||50|,,,,,Fire]Porygon2||Eviolite|Download|TrickRoom,Thunderbolt,Protect,IceBeam||||||50|,,,,,Fairy]Garganacl||FocusSash|PurifyingSalt|WideGuard,Protect,SaltCure,Recover|||M|||50|,,,,,Ghost
|showteam|p2|Sneasler||FocusSash|PoisonTouch|FakeOut,DireClaw,CloseCombat,Protect|||M|||50|,,,,,Ghost]Dragapult||ChoiceBand|ClearBody|DragonDarts,PhantomForce,Uturn,Outrage|||M|||50|,,,,,Dragon]Dondozo||Leftovers|Unaware|WaveCrash,Yawn,Fissure,Protect|||F|||50|,,,,,Poison]Rillaboom||AssaultVest|GrassySurge|FakeOut,WoodHammer,Uturn,HighHorsepower|||M|||50|,,,,,Fire]Volcarona||CovertCloak|FlameBody|HeatWave,QuiverDance,TeraBlast,Protect|||F|||50|,,,,,Fairy]Electabuzz||Eviolite|VitalSpirit|Electroweb,FollowMe,Taunt,Protect|||M|||50|,,,,,Ghost
|
|t:|1757652666
|teamsize|p1|4
|teamsize|p2|4
|start
|switch|p1a: Skeledirge|Skeledirge, L50, M|100/100
|switch|p1b: Dragonite|Dragonite, L50, F|100/100
|switch|p2a: Electabuzz|Electabuzz, L50, M|100/100
|switch|p2b: Dragapult|Dragapult, L50, M|100/100
|turn|1
|
|t:|1757652692
|move|p2b: Dragapult|Dragon Darts|p1b: Dragonite
|-supereffective|p1b: Dragonite
|-damage|p1b: Dragonite|61/100
|-anim|p2b: Dragapult|Dragon Darts|p1a: Skeledirge
|-damage|p1a: Skeledirge|64/100
|move|p2a: Electabuzz|Electroweb|p1a: Skeledirge|[spread] p1a,p1b
|-damage|p1a: Skeledirge|50/100
|-damage|p1b: Dragonite|52/100
|-unboost|p1a: Skeledirge|spe|1
|-unboost|p1b: Dragonite|spe|1
|move|p1b: Dragonite|Ice Spinner|p2b: Dragapult
|-supereffective|p2b: Dragapult
|-damage|p2b: Dragapult|16/100
|move|p1a: Skeledirge|Fire Spin|p2b: Dragapult
|-resisted|p2b: Dragapult
|-damage|p2b: Dragapult|5/100
|-activate|p2b: Dragapult|move: Fire Spin|[of] p1a: Skeledirge
|
|-damage|p2b: Dragapult|0 fnt|[from] move: Fire Spin|[partiallytrapped]
|faint|p2b: Dragapult
|upkeep
|
|t:|1757652713
|switch|p2b: Sneasler|Sneasler, L50, M|100/100
|turn|2
|
|t:|1757652726
|move|p1b: Dragonite|Extreme Speed|p2b: Sneasler
|-damage|p2b: Sneasler|46/100
|move|p2b: Sneasler|Dire Claw|p1b: Dragonite
|-damage|p1b: Dragonite|15/100
|move|p2a: Electabuzz|Electroweb|p1b: Dragonite|[spread] p1a,p1b
|-damage|p1a: Skeledirge|36/100
|-damage|p1b: Dragonite|6/100
|-unboost|p1a: Skeledirge|spe|1
|-unboost|p1b: Dragonite|spe|1
|move|p1a: Skeledirge|Earth Power|p2b: Sneasler
|-supereffective|p2b: Sneasler
|-damage|p2b: Sneasler|0 fnt
|faint|p2b: Sneasler
|
|upkeep
|
|t:|1757652743
|switch|p2b: Volcarona|Volcarona, L50, F|100/100
|turn|3
|
|t:|1757652756
|-terastallize|p2b: Volcarona|Fairy
|move|p2a: Electabuzz|Follow Me|p2a: Electabuzz
|-singleturn|p2a: Electabuzz|move: Follow Me
|move|p2b: Volcarona|Quiver Dance|p2b: Volcarona
|-boost|p2b: Volcarona|spa|1
|-boost|p2b: Volcarona|spd|1
|-boost|p2b: Volcarona|spe|1
|move|p1b: Dragonite|Outrage|p2a: Electabuzz
|-damage|p2a: Electabuzz|50/100
|move|p1a: Skeledirge|Encore|p2a: Electabuzz
|-start|p2a: Electabuzz|Encore
|
|upkeep
|turn|4
|
|t:|1757652783
|move|p2a: Electabuzz|Follow Me|p2a: Electabuzz
|-singleturn|p2a: Electabuzz|move: Follow Me
|move|p2b: Volcarona|Heat Wave|p1a: Skeledirge|[spread] p1b
|-miss|p2b: Volcarona|p1a: Skeledirge
|-resisted|p1b: Dragonite
|-damage|p1b: Dragonite|0 fnt
|faint|p1b: Dragonite
|move|p1a: Skeledirge|Fire Spin|p2a: Electabuzz
|-damage|p2a: Electabuzz|36/100
|-activate|p2a: Electabuzz|move: Fire Spin|[of] p1a: Skeledirge
|
|-damage|p2a: Electabuzz|24/100|[from] move: Fire Spin|[partiallytrapped]
|upkeep
|
|t:|1757652798
|switch|p1b: Garganacl|Garganacl, L50, M|100/100
|turn|5
|
|t:|1757652812
|move|p1b: Garganacl|Wide Guard|p1b: Garganacl
|-singleturn|p1b: Garganacl|Wide Guard
|move|p2a: Electabuzz|Follow Me|p2a: Electabuzz
|-singleturn|p2a: Electabuzz|move: Follow Me
|move|p2b: Volcarona|Tera Blast|p1b: Garganacl|[anim] Tera Blast Fairy
|-damage|p1b: Garganacl|44/100
|move|p1a: Skeledirge|Earth Power|p2a: Electabuzz
|-supereffective|p2a: Electabuzz
|-damage|p2a: Electabuzz|0 fnt
|faint|p2a: Electabuzz
|
|upkeep
|turn|6
|
|t:|1757652837
|move|p1b: Garganacl|Protect||[still]
|-fail|p1b: Garganacl
|move|p2b: Volcarona|Tera Blast|p1b: Garganacl|[anim] Tera Blast Fairy
|-damage|p1b: Garganacl|0 fnt
|faint|p1b: Garganacl
|move|p1a: Skeledirge|Fire Spin|p2b: Volcarona
|-damage|p2b: Volcarona|85/100
|-activate|p2b: Volcarona|move: Fire Spin|[of] p1a: Skeledirge
|
|-damage|p2b: Volcarona|73/100|[from] move: Fire Spin|[partiallytrapped]
|upkeep
|
|t:|1757652848
|switch|p1b: Porygon2|Porygon2, L50|100/100
|-ability|p1b: Porygon2|Download|boost
|-boost|p1b: Porygon2|atk|1
|turn|7
|
|t:|1757652863
|-terastallize|p1b: Porygon2|Fairy
|move|p2b: Volcarona|Heat Wave|p1a: Skeledirge|[spread] p1a,p1b
|-resisted|p1a: Skeledirge
|-crit|p1b: Porygon2
|-damage|p1a: Skeledirge|18/100
|-damage|p1b: Porygon2|52/100
|move|p1a: Skeledirge|Torch Song|p2b: Volcarona
|-damage|p2b: Volcarona|35/100
|-boost|p1a: Skeledirge|spa|1
|move|p1b: Porygon2|Trick Room|p1b: Porygon2
|-fieldstart|move: Trick Room|[of] p1b: Porygon2
|
|-damage|p2b: Volcarona|23/100|[from] move: Fire Spin|[partiallytrapped]
|upkeep
|turn|8
|
|t:|1757652879
|move|p1a: Skeledirge|Torch Song|p2b: Volcarona
|-damage|p2b: Volcarona|0 fnt
|-boost|p1a: Skeledirge|spa|1
|faint|p2b: Volcarona
|
|win|crozx22
||genaro2021 is ready for game 2.
|inactive|crozx22 has 30 seconds to confirm battle start!
||crozx22 is ready for game 2.
|uhtml|next|Next: Game 2 of 3
