|j|☆satandagiii2005
|j|‽daniiivgc
|html|satandagiii2005daniiivgc    
|uhtml|bestof|Game 1 of a best-of-3
|t:|1784074441
|gametype|doubles
|player|p1|satandagiii2005|byron|1187
|player|p2|daniiivgc|giovanni|1337
|gen|9
|tier|[Gen 9 Champions] VGC 2026 Reg M-B (Bo3)
|rated|
|rule|Species Clause: Limit one of each Pokémon
|rule|Item Clause: Limit 1 of each item
|clearpoke
|poke|p1|Venusaur, L50, F|
|poke|p1|Grimmsnarl, L50, M|
|poke|p1|Pelipper, L50, F|
|poke|p1|Archaludon, L50, F|
|poke|p1|Swampert, L50, M|
|poke|p1|Hydreigon, L50, F|
|poke|p2|Froslass, L50, F|
|poke|p2|Dragonite, L50, M|
|poke|p2|Toxapex, L50, M|
|poke|p2|Sneasler, L50, F|
|poke|p2|Kingambit, L50, M|
|poke|p2|Blaziken, L50, F|
|teampreview|4
|showteam|p1|Venusaur||Venusaurite|Overgrow|Protect,EarthPower,GigaDrain,SludgeBomb|Modest||F|||50|]Grimmsnarl||LightClay|Prankster|SpiritBreak,Reflect,LightScreen,PartingShot|Careful||M|||50|]Pelipper||SitrusBerry|Drizzle|WeatherBall,Hurricane,Tailwind,WideGuard|Modest||F|||50|]Archaludon||Leftovers|Stamina|Protect,ElectroShot,DragonPulse,FlashCannon|Calm||F|||50|]Swampert||Swampertite|Torrent|Protect,WaveCrash,Earthquake,IcePunch|Adamant||M|||50|]Hydreigon||ChoiceScarf|Levitate|DarkPulse,Snarl,DracoMeteor,Uturn|Timid||F|||50|
|showteam|p2|Froslass||Froslassite|CursedBody|Blizzard,ShadowBall,AuroraVeil,Protect|Timid||F|||50|]Dragonite||LifeOrb|InnerFocus|DragonClaw,ExtremeSpeed,LowKick,Protect|Adamant||M|||50|]Toxapex||Leftovers|Regenerator|Infestation,Toxic,WideGuard,BanefulBunker|Bold||M|||50|]Sneasler||FocusSash|PoisonTouch|CloseCombat,PoisonJab,FakeOut,Protect|Jolly||F|||50|]Kingambit||BlackGlasses|Defiant|KowtowCleave,IronHead,SuckerPunch,Protect|Adamant||M|||50|]Blaziken||Blazikenite|SpeedBoost|CloseCombat,FlareBlitz,RockSlide,Protect|Adamant||F|||50|
|inactive|Battle timer is ON: inactive players will automatically lose when time's up. (requested by daniiivgc)
|
|t:|1784074513
|teamsize|p1|4
|teamsize|p2|4
|start
|switch|p1a: Grimmsnarl|Grimmsnarl, L50, M|100/100
|switch|p1b: Swampert|Swampert, L50, M|100/100
|switch|p2a: Sneasler|Sneasler, L50, F|100/100
|switch|p2b: Blaziken|Blaziken, L50, F|100/100
|turn|1
|inactive|satandagiii2005 has 30 seconds left.
|inactive|daniiivgc has 30 seconds left.
|
|t:|1784074544
|detailschange|p1b: Swampert|Swampert-Mega, L50, M
|-mega|p1b: Swampert|Swampert|Swampertite
|move|p1a: Grimmsnarl|Parting Shot|p2b: Blaziken
|-unboost|p2b: Blaziken|atk|1
|-unboost|p2b: Blaziken|spa|1
|
|t:|1784074548
|switch|p1a: Pelipper|Pelipper, L50, F|100/100|[from] Parting Shot
|-weather|RainDance|[from] ability: Drizzle|[of] p1a: Pelipper
|move|p1b: Swampert|Earthquake|p2a: Sneasler|[spread] p2a,p2b
|-immune|p1a: Pelipper
|-supereffective|p2a: Sneasler|1
|-supereffective|p2b: Blaziken|1
|-enditem|p2a: Sneasler|Focus Sash
|-damage|p2a: Sneasler|1/100
|-damage|p2b: Blaziken|0 fnt
|faint|p2b: Blaziken
|move|p2a: Sneasler|Poison Jab|p1a: Pelipper
|-damage|p1a: Pelipper|56/100
|-status|p1a: Pelipper|psn
|
|-weather|RainDance|[upkeep]
|-damage|p1a: Pelipper|43/100 psn|[from] psn
|upkeep
|-enditem|p1a: Pelipper|Sitrus Berry|[eat]
|-heal|p1a: Pelipper|68/100 psn|[from] item: Sitrus Berry
|
|t:|1784074563
|switch|p2b: Froslass|Froslass, L50, F|100/100
|turn|2
|inactive|daniiivgc has 30 seconds left.
|
|t:|1784074599
|detailschange|p2b: Froslass|Froslass-Mega, L50, F
|-mega|p2b: Froslass|Froslass|Froslassite
|-weather|Snowscape|[from] ability: Snow Warning|[of] p2b: Froslass
|move|p1b: Swampert|Protect|p1b: Swampert
|-singleturn|p1b: Swampert|Protect
|move|p2a: Sneasler|Close Combat|p1a: Pelipper
|-resisted|p1a: Pelipper|1
|-damage|p1a: Pelipper|34/100 psn
|-unboost|p2a: Sneasler|def|1
|-unboost|p2a: Sneasler|spd|1
|move|p2b: Froslass|Shadow Ball|p1a: Pelipper
|-damage|p1a: Pelipper|0 fnt
|faint|p1a: Pelipper
|
|-weather|Snowscape|[upkeep]
|upkeep
|
|t:|1784074615
|switch|p1a: Hydreigon|Hydreigon, L50, F|100/100
|turn|3
|
|t:|1784074638
|move|p2b: Froslass|Protect|p2b: Froslass
|-singleturn|p2b: Froslass|Protect
|move|p1a: Hydreigon|Snarl|p2a: Sneasler|[spread] p2a
|-activate|p2b: Froslass|move: Protect
|-resisted|p2a: Sneasler|1
|-damage|p2a: Sneasler|0 fnt
|faint|p2a: Sneasler
|move|p1b: Swampert|Wave Crash|p2b: Froslass
|-activate|p2b: Froslass|move: Protect
|
|-weather|Snowscape|[upkeep]
|upkeep
|
|t:|1784074643
|switch|p2a: Toxapex|Toxapex, L50, M|100/100
|turn|4
|
|t:|1784074654
|switch|p1b: Grimmsnarl|Grimmsnarl, L50, M|100/100
|move|p2a: Toxapex|Wide Guard|p2a: Toxapex
|-singleturn|p2a: Toxapex|Wide Guard
|move|p1a: Hydreigon|Snarl|p2a: Toxapex|[spread] 
|-activate|p2a: Toxapex|move: Wide Guard
|-activate|p2b: Froslass|move: Wide Guard
|move|p2b: Froslass|Blizzard|p1a: Hydreigon|[spread] p1a,p1b
|-supereffective|p1a: Hydreigon|1
|-damage|p1a: Hydreigon|7/100
|-damage|p1b: Grimmsnarl|70/100
|
|-weather|Snowscape|[upkeep]
|upkeep
|turn|5
|
|t:|1784074670
|switch|p1a: Swampert|Swampert-Mega, L50, M|100/100
|move|p2a: Toxapex|Wide Guard|p2a: Toxapex
|-singleturn|p2a: Toxapex|Wide Guard
|move|p1b: Grimmsnarl|Light Screen|p1b: Grimmsnarl
|-sidestart|p1: satandagiii2005|move: Light Screen
|move|p2b: Froslass|Blizzard|p1b: Grimmsnarl|[spread] p1a,p1b
|-damage|p1a: Swampert|78/100
|-damage|p1b: Grimmsnarl|50/100g
|-status|p1a: Swampert|frz
|
|-weather|Snowscape|[upkeep]
|upkeep
|turn|6
|
|t:|1784074687
|move|p2b: Froslass|Protect|p2b: Froslass
|-singleturn|p2b: Froslass|Protect
|move|p1b: Grimmsnarl|Parting Shot|p2b: Froslass
|-activate|p2b: Froslass|move: Protect
|-curestatus|p1a: Swampert|frz|[msg]
|move|p1a: Swampert|Earthquake|p2b: Froslass|[spread] p1b,p2a
|-activate|p2b: Froslass|move: Protect
|-supereffective|p2a: Toxapex|1
|-damage|p1b: Grimmsnarl|0 fnt
|-damage|p2a: Toxapex|35/100
|faint|p1b: Grimmsnarl
|move|p2a: Toxapex|Toxic|p1a: Swampert
|-status|p1a: Swampert|tox
|
|-weather|none
|-heal|p2a: Toxapex|40/100|[from] item: Leftovers
|-damage|p1a: Swampert|72/100 tox|[from] psn
|upkeep
|
|t:|1784074702
|switch|p1b: Hydreigon|Hydreigon, L50, F|7/100
|turn|7
|inactive|daniiivgc has 30 seconds left.
|
|t:|1784074729
|move|p2a: Toxapex|Baneful Bunker|p2a: Toxapex
|-singleturn|p2a: Toxapex|move: Protect
|move|p1b: Hydreigon|Dark Pulse|p2b: Froslass
|-supereffective|p2b: Froslass|1
|-damage|p2b: Froslass|11/100
|move|p2b: Froslass|Shadow Ball|p1b: Hydreigon
|-resisted|p1b: Hydreigon|1
|-damage|p1b: Hydreigon|0 fnt
|faint|p1b: Hydreigon
|move|p1a: Swampert|Earthquake|p2a: Toxapex|[spread] p2b
|-activate|p2a: Toxapex|move: Protect
|-crit|p2b: Froslass
|-damage|p2b: Froslass|0 fnt
|faint|p2b: Froslass
|
|-heal|p2a: Toxapex|46/100|[from] item: Leftovers
|-damage|p1a: Swampert|61/100 tox|[from] psn
|upkeep
|turn|8
|
|t:|1784074747
|move|p2a: Toxapex|Wide Guard|p2a: Toxapex
|-singleturn|p2a: Toxapex|Wide Guard
|move|p1a: Swampert|Earthquake|p2a: Toxapex
|-activate|p2a: Toxapex|move: Wide Guard
|
|-heal|p2a: Toxapex|52/100|[from] item: Leftovers
|-damage|p1a: Swampert|43/100 tox|[from] psn
|upkeep
|turn|9
|
|t:|1784074755
|move|p2a: Toxapex|Wide Guard|p2a: Toxapex
|-singleturn|p2a: Toxapex|Wide Guard
|move|p1a: Swampert|Earthquake|p2a: Toxapex
|-activate|p2a: Toxapex|move: Wide Guard
|
|-heal|p2a: Toxapex|57/100|[from] item: Leftovers
|-damage|p1a: Swampert|20/100y tox|[from] psn
|upkeep
|turn|10
|
|t:|1784074763
|move|p2a: Toxapex|Wide Guard|p2a: Toxapex
|-singleturn|p2a: Toxapex|Wide Guard
|move|p1a: Swampert|Wave Crash|p2a: Toxapex
|-resisted|p2a: Toxapex|1
|-damage|p2a: Toxapex|35/100
|-damage|p1a: Swampert|13/100 tox|[from] Recoil
|
|-heal|p2a: Toxapex|40/100|[from] item: Leftovers
|-damage|p1a: Swampert|0 fnt|[from] psn
|faint|p1a: Swampert
|
|win|daniiivgc
||satandagiii2005 is ready for game 2.
||daniiivgc is ready for game 2.
|uhtml|next|Next: Game 2 of 3
|l|‽daniiivgc
|player|p2|
