|j|☆Pietplezier7
|j|☆RICHARDHAVOC
|html|Pietplezier7RICHARDHAVOC    
|uhtml|bestof|Game 2 of a best-of-3
|t:|1785959106
|gametype|doubles
|player|p1|Pietplezier7|zinnia|
|player|p2|RICHARDHAVOC|acetrainersnow|
|gen|9
|tier|[Gen 9 Champions] VGC 2026 Reg M-B (Bo3)
|rule|Species Clause: Limit one of each Pokémon
|rule|Item Clause: Limit 1 of each item
|clearpoke
|poke|p1|Raichu, L50, F|
|poke|p1|Staraptor, L50, F|
|poke|p1|Arcanine-Hisui, L50, M|
|poke|p1|Farigiraf, L50, M|
|poke|p1|Sylveon, L50, F|
|poke|p1|Kingambit, L50, M|
|poke|p2|Charizard, L50, F, shiny|
|poke|p2|Pelipper, L50, M, shiny|
|poke|p2|Archaludon, L50, M, shiny|
|poke|p2|Venusaur, L50, M, shiny|
|poke|p2|Metagross, L50, shiny|
|poke|p2|Grimmsnarl, L50, M, shiny|
|teampreview|4
|showteam|p1|Raichu||RaichuniteY|LightningRod|ZapCannon,FocusBlast,FakeOut,Protect|Timid||F|||50|]Staraptor||Staraptite|Intimidate|CloseCombat,DualWingbeat,Tailwind,Protect|Jolly||F|||50|]Arcanine-Hisui||FocusSash|RockHead|FlareBlitz,HeadSmash,ExtremeSpeed,Protect|Jolly||M|||50|]Farigiraf||SitrusBerry|ArmorTail|Psychic,HelpingHand,TrickRoom,Protect|Calm||M|||50|]Sylveon||FairyFeather|Pixilate|HyperVoice,QuickAttack,HyperBeam,Detect|Modest||F|||50|]Kingambit||LifeOrb|Defiant|KowtowCleave,SuckerPunch,SwordsDance,Protect|Adamant||M|||50|
|showteam|p2|Charizard||CharizarditeY|Blaze|Protect,HeatWave,WeatherBall,Hurricane|Modest||F|||50|]Pelipper||SitrusBerry|Drizzle|Hurricane,WeatherBall,Tailwind,WideGuard|Modest||M|||50|]Archaludon||Leftovers|Stamina|Protect,ElectroShot,DragonPulse,FlashCannon|Calm||M|||50|]Venusaur||FocusSash|Chlorophyll|SleepPowder,LeafStorm,SludgeBomb,Protect|Modest||M|||50|]Metagross||Metagrossite|ClearBody|HardPress,IcePunch,PsychicFangs,Protect|Jolly|||||50|]Grimmsnarl||LightClay|Prankster|LightScreen,PartingShot,Reflect,SpiritBreak|Sassy||M|||50|
|inactive|Battle timer is ON: inactive players will automatically lose when time's up. (requested by Pietplezier7)
|inactive|Pietplezier7 has 60 seconds left.
|
|t:|1785959151
|teamsize|p1|4
|teamsize|p2|4
|start
|switch|p1a: Raichu|Raichu, L50, F|100/100
|switch|p1b: Staraptor|Staraptor, L50, F|100/100
|switch|p2a: Charizard|Charizard, L50, F, shiny|100/100
|switch|p2b: Venusaur|Venusaur, L50, M, shiny|100/100
|-ability|p1b: Staraptor|Intimidate|boost
|-unboost|p2a: Charizard|atk|1
|-unboost|p2b: Venusaur|atk|1
|turn|1
|
|t:|1785959174
|detailschange|p2a: Charizard|Charizard-Mega-Y, L50, F, shiny
|-mega|p2a: Charizard|Charizard|Charizardite Y
|-weather|SunnyDay|[from] ability: Drought|[of] p2a: Charizard
|move|p1a: Raichu|Fake Out|p2b: Venusaur
|-damage|p2b: Venusaur|89/100
|cant|p2b: Venusaur|flinch
|move|p1b: Staraptor|Tailwind|p1b: Staraptor
|-sidestart|p1: Pietplezier7|move: Tailwind
|move|p2a: Charizard|Heat Wave|p1a: Raichu|[spread] p1a,p1b
|-damage|p1a: Raichu|22/100
|-damage|p1b: Staraptor|0 fnt
|faint|p1b: Staraptor
|
|-weather|SunnyDay|[upkeep]
|upkeep
|
|t:|1785959188
|switch|p1b: Arcanine|Arcanine-Hisui, L50, M|100/100
|turn|2
|
|t:|1785959200
|move|p2b: Venusaur|Protect|p2b: Venusaur
|-singleturn|p2b: Venusaur|Protect
|move|p2a: Charizard|Protect|p2a: Charizard
|-singleturn|p2a: Charizard|Protect
|move|p1a: Raichu|Zap Cannon|p2a: Charizard
|-activate|p2a: Charizard|move: Protect
|move|p1b: Arcanine|Flare Blitz|p2b: Venusaur
|-activate|p2b: Venusaur|move: Protect
|
|-weather|SunnyDay|[upkeep]
|upkeep
|turn|3
|
|t:|1785959215
|switch|p2b: Pelipper|Pelipper, L50, M, shiny|100/100
|-weather|RainDance|[from] ability: Drizzle|[of] p2b: Pelipper
|switch|p2a: Archaludon|Archaludon, L50, M, shiny|100/100
|detailschange|p1a: Raichu|Raichu-Mega-Y, L50, F
|-mega|p1a: Raichu|Raichu|Raichunite Y
|move|p1a: Raichu|Zap Cannon|p2a: Archaludon
|-resisted|p2a: Archaludon|1
|-damage|p2a: Archaludon|72/100
|-status|p2a: Archaludon|par
|-ability|p2a: Archaludon|Stamina|boost
|-boost|p2a: Archaludon|def|1
|move|p1b: Arcanine|Flare Blitz|p2b: Pelipper
|-resisted|p2b: Pelipper|1
|-damage|p2b: Pelipper|84/100
|
|-weather|RainDance|[upkeep]
|-heal|p2a: Archaludon|78/100 par|[from] item: Leftovers
|upkeep
|turn|4
|inactive|RICHARDHAVOC has 30 seconds left.
|
|t:|1785959245
|move|p1a: Raichu|Focus Blast|p2a: Archaludon
|-supereffective|p2a: Archaludon|1
|-damage|p2a: Archaludon|5/100 par
|-ability|p2a: Archaludon|Stamina|boost
|-boost|p2a: Archaludon|def|1
|move|p1b: Arcanine|Head Smash|p2b: Pelipper
|-supereffective|p2b: Pelipper|1
|-damage|p2b: Pelipper|0 fnt
|faint|p2b: Pelipper
|cant|p2a: Archaludon|par
|
|-weather|RainDance|[upkeep]
|-heal|p2a: Archaludon|11/100 par|[from] item: Leftovers
|-sideend|p1: Pietplezier7|move: Tailwind
|upkeep
|
|t:|1785959256
|switch|p2b: Venusaur|Venusaur, L50, M, shiny|89/100
|turn|5
|inactive|Pietplezier7 has 30 seconds left.
|
|t:|1785959282
|move|p2b: Venusaur|Protect|p2b: Venusaur
|-singleturn|p2b: Venusaur|Protect
|move|p1a: Raichu|Zap Cannon|p2a: Archaludon
|-resisted|p2a: Archaludon|1
|-damage|p2a: Archaludon|0 fnt
|faint|p2a: Archaludon
|move|p1b: Arcanine|Flare Blitz|p2b: Venusaur
|-activate|p2b: Venusaur|move: Protect
|
|-weather|RainDance|[upkeep]
|upkeep
|
|t:|1785959293
|switch|p2a: Charizard|Charizard-Mega-Y, L50, F, shiny|100/100
|-weather|SunnyDay|[from] ability: Drought|[of] p2a: Charizard
|turn|6
|inactive|RICHARDHAVOC has 30 seconds left.
|
|t:|1785959319
|move|p1a: Raichu|Protect|p1a: Raichu
|-singleturn|p1a: Raichu|Protect
|move|p1b: Arcanine|Protect|p1b: Arcanine
|-singleturn|p1b: Arcanine|Protect
|move|p2a: Charizard|Protect|p2a: Charizard
|-singleturn|p2a: Charizard|Protect
|move|p2b: Venusaur|Sleep Powder|p1b: Arcanine
|-activate|p1b: Arcanine|move: Protect
|
|-weather|SunnyDay|[upkeep]
|upkeep
|turn|7
|
|t:|1785959329
|move|p2a: Charizard|Protect||[still]
|-fail|p2a: Charizard
|move|p2b: Venusaur|Sleep Powder|p1b: Arcanine
|-status|p1b: Arcanine|slp|[from] move: Sleep Powder
|move|p1a: Raichu|Zap Cannon|p2a: Charizard
|-supereffective|p2a: Charizard|1
|-damage|p2a: Charizard|0 fnt
|faint|p2a: Charizard
|cant|p1b: Arcanine|slp
|
|-weather|SunnyDay|[upkeep]
|upkeep
|turn|8
|
|t:|1785959339
|move|p2b: Venusaur|Leaf Storm|p1b: Arcanine
|-crit|p1b: Arcanine
|-enditem|p1b: Arcanine|Focus Sash
|-damage|p1b: Arcanine|1/100 slp
|-unboost|p2b: Venusaur|spa|2
|move|p1a: Raichu|Zap Cannon|p2b: Venusaur
|-resisted|p2b: Venusaur|1
|-damage|p2b: Venusaur|50/100g
|-status|p2b: Venusaur|par
|cant|p1b: Arcanine|slp
|
|-weather|SunnyDay|[upkeep]
|upkeep
|turn|9
|-message|RICHARDHAVOC forfeited.
|
|win|Pietplezier7
