|j|☆redemption22
|j|☆Miro Kart DS
|html|redemption22Miro Kart DS    
|uhtml|bestof|Game 2 of a best-of-3
|t:|1757631032
|gametype|doubles
|player|p1|redemption22|265|1381
|player|p2|Miro Kart DS|swimmerf-gen4dp|1383
|gen|9
|tier|[Gen 9] VGC 2025 Reg H (Bo3)
|rated|
|rule|Species Clause: Limit one of each Pokémon
|rule|Item Clause: Limit 1 of each item
|clearpoke
|poke|p1|Dondozo, L50, M|
|poke|p1|Tatsugiri-Droopy, L50, M|
|poke|p1|Gholdengo, L50|
|poke|p1|Dragonite, L50, M|
|poke|p1|Talonflame, L50, M|
|poke|p1|Sneasler, L50, M|
|poke|p2|Grimmsnarl, L50, M|
|poke|p2|Incineroar, L50, F|
|poke|p2|Amoonguss, L50, F|
|poke|p2|Ursaluna-Bloodmoon, L50, M|
|poke|p2|Kingambit, L50, M|
|poke|p2|Gholdengo, L50|
|teampreview|4
|showteam|p1|Dondozo||Leftovers|Unaware|Protect,OrderUp,Earthquake,BodyPress|||M|||50|,,,,,Grass]Tatsugiri-Droopy||ChoiceScarf|Commander|DracoMeteor,MuddyWater,IcyWind,DragonPulse|||M|||50|,,,,,Steel]Gholdengo||ChoiceSpecs|GoodasGold|Thunderbolt,ShadowBall,MakeItRain,PowerGem||||||50|,,,,,Steel]Dragonite||ChoiceBand|InnerFocus|ExtremeSpeed,StompingTantrum,Outrage,IceSpinner|||M|||50|,,,,,Normal]Talonflame||CovertCloak|GaleWings|DualWingbeat,Tailwind,Taunt,FlareBlitz|||M|||50|,,,,,Ghost]Sneasler||FocusSash|PoisonTouch|CloseCombat,FakeOut,DireClaw,ThroatChop|||M|||50|,,,,,Fairy
|showteam|p2|Grimmsnarl||LightClay|Prankster|SpiritBreak,Reflect,LightScreen,ThunderWave|||M|||50|,,,,,Steel]Incineroar||SafetyGoggles|Intimidate|FakeOut,FlareBlitz,KnockOff,PartingShot|||F|||50|,,,,,Fairy]Amoonguss||RockyHelmet|Regenerator|PollenPuff,RagePowder,Spore,Protect|||F|||50|,,,,,Dark]Ursaluna-Bloodmoon||LifeOrb|MindsEye|HyperVoice,BloodMoon,EarthPower,Protect|||M|||50|,,,,,Normal]Kingambit||BlackGlasses|Defiant|KowtowCleave,SuckerPunch,SwordsDance,Protect|||M|||50|,,,,,Dark]Gholdengo||Leftovers|GoodasGold|MakeItRain,ShadowBall,NastyPlot,Protect||||||50|,,,,,Dragon
|inactive|Battle timer is ON: inactive players will automatically lose when time's up. (requested by Miro Kart DS)
|
|t:|1757631057
|teamsize|p1|4
|teamsize|p2|4
|start
|switch|p1a: Gholdengo|Gholdengo, L50|100/100
|switch|p1b: Sneasler|Sneasler, L50, M|100/100
|switch|p2a: Incineroar|Incineroar, L50, F|100/100
|switch|p2b: Gholdengo|Gholdengo, L50|100/100
|-ability|p2a: Incineroar|Intimidate|boost
|-unboost|p1a: Gholdengo|atk|1
|-unboost|p1b: Sneasler|atk|1
|turn|1
|
|t:|1757631081
|switch|p2a: Kingambit|Kingambit, L50, M|100/100
|-terastallize|p1a: Gholdengo|Steel
|move|p1b: Sneasler|Fake Out|p2a: Kingambit
|-resisted|p2a: Kingambit
|-damage|p2a: Kingambit|97/100
|move|p2b: Gholdengo|Make It Rain|p1b: Sneasler|[spread] p1a,p1b
|-resisted|p1a: Gholdengo
|-damage|p1a: Gholdengo|78/100
|-damage|p1b: Sneasler|40/100
|-unboost|p2b: Gholdengo|spa|1
|move|p1a: Gholdengo|Make It Rain|p2b: Gholdengo|[spread] p2a,p2b
|-resisted|p2a: Kingambit
|-resisted|p2b: Gholdengo
|-damage|p2a: Kingambit|45/100
|-damage|p2b: Gholdengo|48/100
|-unboost|p1a: Gholdengo|spa|1
|
|-heal|p2b: Gholdengo|54/100|[from] item: Leftovers
|upkeep
|turn|2
|
|t:|1757631099
|move|p2a: Kingambit|Sucker Punch|p1b: Sneasler
|-resisted|p1b: Sneasler
|-damage|p1b: Sneasler|1/100
|move|p1b: Sneasler|Close Combat|p2a: Kingambit
|-supereffective|p2a: Kingambit
|-damage|p2a: Kingambit|0 fnt
|-unboost|p1b: Sneasler|def|1
|-unboost|p1b: Sneasler|spd|1
|faint|p2a: Kingambit
|move|p2b: Gholdengo|Nasty Plot|p2b: Gholdengo
|-boost|p2b: Gholdengo|spa|2
|move|p1a: Gholdengo|Make It Rain|p2b: Gholdengo
|-resisted|p2b: Gholdengo
|-damage|p2b: Gholdengo|13/100
|-unboost|p1a: Gholdengo|spa|1
|
|-heal|p2b: Gholdengo|19/100|[from] item: Leftovers
|upkeep
|
|t:|1757631109
|switch|p2a: Incineroar|Incineroar, L50, F|100/100
|-ability|p2a: Incineroar|Intimidate|boost
|-unboost|p1a: Gholdengo|atk|1
|-unboost|p1b: Sneasler|atk|1
|turn|3
|
|t:|1757631126
|switch|p1b: Tatsugiri|Tatsugiri-Droopy, L50, M|100/100
|switch|p1a: Dondozo|Dondozo, L50, M|100/100
|-activate|p1b: Tatsugiri|ability: Commander|[of] p1a: Dondozo
|-boost|p1a: Dondozo|atk|2
|-boost|p1a: Dondozo|spa|2
|-boost|p1a: Dondozo|spe|2
|-boost|p1a: Dondozo|def|2
|-boost|p1a: Dondozo|spd|2
|move|p2a: Incineroar|Fake Out|p1a: Dondozo
|-damage|p1a: Dondozo|97/100
|move|p2b: Gholdengo|Shadow Ball|p1a: Dondozo
|-damage|p1a: Dondozo|81/100
|
|-heal|p1a: Dondozo|87/100|[from] item: Leftovers
|-heal|p2b: Gholdengo|25/100|[from] item: Leftovers
|upkeep
|turn|4
|
|t:|1757631140
|switch|p2b: Amoonguss|Amoonguss, L50, F|100/100
|-terastallize|p2a: Incineroar|Fairy
|move|p1a: Dondozo|Earthquake|p2a: Incineroar|[spread] p2a,p2b
|-miss|p1a: Dondozo|p1b: Tatsugiri
|-damage|p2a: Incineroar|70/100
|-damage|p2b: Amoonguss|67/100
|move|p2a: Incineroar|Parting Shot|p1a: Dondozo
|-unboost|p1a: Dondozo|atk|1
|-unboost|p1a: Dondozo|spa|1
|
|t:|1757631142
|switch|p2a: Gholdengo|Gholdengo, L50|25/100|[from] Parting Shot
|
|-heal|p1a: Dondozo|93/100|[from] item: Leftovers
|-heal|p2a: Gholdengo|32/100|[from] item: Leftovers
|upkeep
|turn|5
|
|t:|1757631152
|switch|p2a: Incineroar|Incineroar, L50, F, tera:Fairy|70/100
|-ability|p2a: Incineroar|Intimidate|boost
|-unboost|p1a: Dondozo|atk|1
|-unboost|p1b: Tatsugiri|atk|1
|move|p1a: Dondozo|Earthquake|p2a: Incineroar|[spread] p2a,p2b
|-miss|p1a: Dondozo|p1b: Tatsugiri
|-crit|p2a: Incineroar
|-damage|p2a: Incineroar|48/100
|-damage|p2b: Amoonguss|50/100
|move|p2b: Amoonguss|Pollen Puff|p2a: Incineroar
|-heal|p2a: Incineroar|98/100
|
|-heal|p1a: Dondozo|99/100|[from] item: Leftovers
|upkeep
|turn|6
|
|t:|1757631164
|switch|p2b: Gholdengo|Gholdengo, L50|32/100
|move|p2a: Incineroar|Fake Out|p1a: Dondozo
|-damage|p1a: Dondozo|95/100
|cant|p1a: Dondozo|flinch
|
|-heal|p1a: Dondozo|100/100|[from] item: Leftovers
|-heal|p2b: Gholdengo|38/100|[from] item: Leftovers
|upkeep
|turn|7
|
|t:|1757631168
|move|p2b: Gholdengo|Protect|p2b: Gholdengo
|-singleturn|p2b: Gholdengo|Protect
|move|p1a: Dondozo|Earthquake|p2a: Incineroar|[spread] p2a
|-miss|p1a: Dondozo|p1b: Tatsugiri
|-activate|p2b: Gholdengo|move: Protect
|-damage|p2a: Incineroar|82/100
|move|p2a: Incineroar|Parting Shot|p1a: Dondozo
|-unboost|p1a: Dondozo|atk|1
|-unboost|p1a: Dondozo|spa|1
|
|t:|1757631172
|switch|p2a: Amoonguss|Amoonguss, L50, F|84/100|[from] Parting Shot
|
|-heal|p2b: Gholdengo|44/100|[from] item: Leftovers
|upkeep
|turn|8
|
|t:|1757631179
|switch|p2b: Incineroar|Incineroar, L50, F, tera:Fairy|82/100
|-ability|p2b: Incineroar|Intimidate|boost
|-unboost|p1a: Dondozo|atk|1
|-unboost|p1b: Tatsugiri|atk|1
|move|p1a: Dondozo|Earthquake|p2a: Amoonguss|[spread] p2a,p2b
|-miss|p1a: Dondozo|p1b: Tatsugiri
|-damage|p2a: Amoonguss|75/100
|-damage|p2b: Incineroar|74/100
|move|p2a: Amoonguss|Spore|p1a: Dondozo
|-status|p1a: Dondozo|slp|[from] move: Spore
|
|upkeep
|turn|9
|
|t:|1757631189
|cant|p1a: Dondozo|slp
|move|p2b: Incineroar|Parting Shot|p1a: Dondozo
|-unboost|p1a: Dondozo|atk|1
|-unboost|p1a: Dondozo|spa|1
|
|t:|1757631191
|switch|p2b: Gholdengo|Gholdengo, L50|44/100|[from] Parting Shot
|move|p2a: Amoonguss|Pollen Puff|p2b: Gholdengo
|-heal|p2b: Gholdengo|94/100
|
|-heal|p2b: Gholdengo|100/100|[from] item: Leftovers
|upkeep
|turn|10
|
|t:|1757631196
|switch|p2a: Incineroar|Incineroar, L50, F, tera:Fairy|74/100
|-ability|p2a: Incineroar|Intimidate|boost
|-unboost|p1a: Dondozo|atk|1
|-unboost|p1b: Tatsugiri|atk|1
|cant|p1a: Dondozo|slp
|move|p2b: Gholdengo|Nasty Plot|p2b: Gholdengo
|-boost|p2b: Gholdengo|spa|2
|
|upkeep
|turn|11
|
|t:|1757631205
|cant|p1a: Dondozo|slp
|move|p2b: Gholdengo|Nasty Plot|p2b: Gholdengo
|-boost|p2b: Gholdengo|spa|2
|move|p2a: Incineroar|Knock Off|p1a: Dondozo
|-damage|p1a: Dondozo|87/100 slp
|-enditem|p1a: Dondozo|Leftovers|[from] move: Knock Off|[of] p2a: Incineroar
|
|upkeep
|turn|12
|
|t:|1757631211
|-curestatus|p1a: Dondozo|slp|[msg]
|move|p1a: Dondozo|Earthquake|p2a: Incineroar|[spread] p2a,p2b
|-miss|p1a: Dondozo|p1b: Tatsugiri
|-crit|p2a: Incineroar
|-supereffective|p2b: Gholdengo
|-damage|p2a: Incineroar|53/100
|-damage|p2b: Gholdengo|88/100
|move|p2b: Gholdengo|Nasty Plot|p2b: Gholdengo
|-boost|p2b: Gholdengo|spa|2
|move|p2a: Incineroar|Parting Shot|p1a: Dondozo
|-unboost|p1a: Dondozo|atk|1
|-unboost|p1a: Dondozo|spa|1
|
|t:|1757631213
|switch|p2a: Amoonguss|Amoonguss, L50, F|100/100|[from] Parting Shot
|
|-heal|p2b: Gholdengo|94/100|[from] item: Leftovers
|upkeep
|turn|13
|
|t:|1757631216
|move|p1a: Dondozo|Earthquake|p2b: Gholdengo|[spread] p2a,p2b
|-miss|p1a: Dondozo|p1b: Tatsugiri
|-supereffective|p2b: Gholdengo
|-damage|p2a: Amoonguss|96/100
|-damage|p2b: Gholdengo|84/100
|move|p2b: Gholdengo|Shadow Ball|p1a: Dondozo
|-damage|p1a: Dondozo|70/100
|-unboost|p1a: Dondozo|spd|1
|move|p2a: Amoonguss|Spore|p1a: Dondozo
|-status|p1a: Dondozo|slp|[from] move: Spore
|
|-heal|p2b: Gholdengo|90/100|[from] item: Leftovers
|upkeep
|turn|14
|
|t:|1757631228
|cant|p1a: Dondozo|slp
|move|p2b: Gholdengo|Shadow Ball|p1a: Dondozo
|-damage|p1a: Dondozo|45/100 slp
|move|p2a: Amoonguss|Pollen Puff|p2b: Gholdengo
|-heal|p2b: Gholdengo|100/100
|
|upkeep
|turn|15
|
|t:|1757631232
|cant|p1a: Dondozo|slp
|move|p2b: Gholdengo|Shadow Ball|p1a: Dondozo
|-damage|p1a: Dondozo|23/100 slp
|move|p2a: Amoonguss|Pollen Puff|p1a: Dondozo
|-damage|p1a: Dondozo|12/100 slp
|
|upkeep
|turn|16
|
|t:|1757631237
|cant|p1a: Dondozo|slp
|move|p2b: Gholdengo|Shadow Ball|p1a: Dondozo
|-crit|p1a: Dondozo
|-damage|p1a: Dondozo|0 fnt
|faint|p1a: Dondozo
|move|p2a: Amoonguss|Spore|p1b: Tatsugiri
|-status|p1b: Tatsugiri|slp|[from] move: Spore
|
|upkeep
|
|t:|1757631246
|switch|p1a: Gholdengo|Gholdengo, L50, tera:Steel|78/100
|turn|17
|
|t:|1757631256
|move|p2a: Amoonguss|Rage Powder|p2a: Amoonguss
|-singleturn|p2a: Amoonguss|move: Rage Powder
|cant|p1b: Tatsugiri|slp
|move|p2b: Gholdengo|Make It Rain|p1b: Tatsugiri|[spread] p1a,p1b
|-resisted|p1a: Gholdengo
|-resisted|p1b: Tatsugiri
|-damage|p1a: Gholdengo|0 fnt
|-damage|p1b: Tatsugiri|1/100 slp
|-unboost|p2b: Gholdengo|spa|1
|faint|p1a: Gholdengo
|
|upkeep
|-message|redemption22 forfeited.
|
|win|Miro Kart DS
|l|☆redemption22
|player|p1|
||redemption22 is ready for game 3.
||Miro Kart DS is ready for game 3.
|uhtml|next|Next: Game 3 of 3
