|j|☆Pop0_PP
|j|☆ToastedArt
|html|Pop0_PPToastedArt    
|uhtml|bestof|Game 2 of a best-of-3
|t:|1785968749
|gametype|doubles
|player|p1|Pop0_PP|265|1088
|player|p2|ToastedArt|iris|1054
|gen|9
|tier|[Gen 9 Champions] VGC 2026 Reg M-B (Bo3)
|rated|
|rule|Species Clause: Limit one of each Pokémon
|rule|Item Clause: Limit 1 of each item
|clearpoke
|poke|p1|Primarina, L50, M|
|poke|p1|Lucario, L50, F|
|poke|p1|Zoroark-Hisui, L50, M|
|poke|p1|Clefable, L50, M|
|poke|p1|Floette-Eternal, L50, F|
|poke|p1|Whimsicott, L50, F|
|poke|p2|Staraptor, L50, M|
|poke|p2|Whimsicott, L50, M|
|poke|p2|Gholdengo, L50|
|poke|p2|Sinistcha, L50|
|poke|p2|Arcanine-Hisui, L50, F|
|poke|p2|Zoroark-Hisui, L50, M|
|teampreview|4
|showteam|p1|Primarina||Leftovers|LiquidVoice|HyperVoice,Moonblast,CalmMind,Protect|Modest||M|||50|]Lucario||Lucarionite|InnerFocus|BulletPunch,CloseCombat,MeteorMash,Protect|Jolly||F|||50|]Zoroark-Hisui||FocusSash|Illusion|IcyWind,BitterMalice,Protect,HyperBeam|Timid||M|||50|]Clefable||SitrusBerry|Unaware|FollowMe,Moonblast,Protect,HelpingHand|Calm||M|||50|]Floette-Eternal||Floettite|Symbiosis|CalmMind,DazzlingGleam,Protect,Moonblast|Timid||F|||50|]Whimsicott||FairyFeather|Prankster|Tailwind,Protect,Moonblast,Encore|Bold||F|||50|
|showteam|p2|Staraptor||Staraptite|Intimidate|CloseCombat,BraveBird,Roost,Protect|Jolly||M|||50|]Whimsicott||OccaBerry|Prankster|Encore,Tailwind,Charm,Moonblast|Timid||M|||50|]Gholdengo||LifeOrb|GoodasGold|MakeItRain,ShadowBall,NastyPlot,Protect|Modest|||||50|]Sinistcha||ColburBerry|Hospitality|MatchaGotcha,RagePowder,TrickRoom,Protect|Relaxed|||||50|]Arcanine-Hisui||FocusSash|RockHead|FlareBlitz,HeadSmash,ExtremeSpeed,Protect|Jolly||F|||50|]Zoroark-Hisui||SpellTag|Illusion|ShadowBall,IcyWind,WillOWisp,FakeTears|Timid||M|||50|
|inactive|Battle timer is ON: inactive players will automatically lose when time's up. (requested by ToastedArt)
|
|t:|1785968766
|teamsize|p1|4
|teamsize|p2|4
|start
|switch|p1a: Primarina|Primarina, L50, M|100/100
|switch|p1b: Clefable|Clefable, L50, M|100/100
|switch|p2a: Gholdengo|Gholdengo, L50|100/100
|switch|p2b: Whimsicott|Whimsicott, L50, M|100/100
|turn|1
|
|t:|1785968777
|move|p2a: Gholdengo|Protect|p2a: Gholdengo
|-singleturn|p2a: Gholdengo|Protect
|move|p1b: Clefable|Follow Me|p1b: Clefable
|-singleturn|p1b: Clefable|move: Follow Me
|move|p2b: Whimsicott|Tailwind|p2b: Whimsicott
|-sidestart|p2: ToastedArt|move: Tailwind
|move|p1a: Primarina|Calm Mind|p1a: Primarina
|-boost|p1a: Primarina|spa|1
|-boost|p1a: Primarina|spd|1
|
|upkeep
|turn|2
|inactive|Pop0_PP has 30 seconds left.
|
|t:|1785968804
|move|p1b: Clefable|Follow Me|p1b: Clefable
|-singleturn|p1b: Clefable|move: Follow Me
|move|p2b: Whimsicott|Encore|p1b: Clefable
|-start|p1b: Clefable|Encore
|move|p2a: Gholdengo|Nasty Plot|p2a: Gholdengo
|-boost|p2a: Gholdengo|spa|2
|move|p1a: Primarina|Hyper Voice|p2a: Gholdengo|[spread] p2a,p2b
|-resisted|p2b: Whimsicott|1
|-damage|p2a: Gholdengo|48/100
|-damage|p2b: Whimsicott|67/100
|
|upkeep
|turn|3
|
|t:|1785968814
|switch|p2b: Pickle Cup|Sinistcha, L50|100/100
|-heal|p2a: Gholdengo|72/100|[from] ability: Hospitality|[of] p2b: Pickle Cup
|move|p1b: Clefable|Follow Me|p1b: Clefable
|-singleturn|p1b: Clefable|move: Follow Me
|move|p2a: Gholdengo|Make It Rain|p1a: Primarina|[spread] p1a,p1b
|-supereffective|p1b: Clefable|1
|-damage|p1a: Primarina|30/100
|-damage|p1b: Clefable|17/100
|-unboost|p2a: Gholdengo|spa|2
|-enditem|p1b: Clefable|Sitrus Berry|[eat]
|-heal|p1b: Clefable|42/100|[from] item: Sitrus Berry
|-damage|p2a: Gholdengo|63/100|[from] item: Life Orb
|move|p1a: Primarina|Hyper Voice|p2a: Gholdengo|[spread] p2a,p2b
|-resisted|p2b: Pickle Cup|1
|-damage|p2a: Gholdengo|7/100
|-damage|p2b: Pickle Cup|78/100
|
|-heal|p1a: Primarina|36/100|[from] item: Leftovers
|upkeep
|turn|4
|
|t:|1785968838
|move|p1a: Primarina|Protect|p1a: Primarina
|-singleturn|p1a: Primarina|Protect
|move|p1b: Clefable|Follow Me|p1b: Clefable
|-singleturn|p1b: Clefable|move: Follow Me
|move|p2a: Gholdengo|Make It Rain|p1b: Clefable|[spread] p1b
|-activate|p1a: Primarina|move: Protect
|-supereffective|p1b: Clefable|1
|-damage|p1b: Clefable|0 fnt
|-unboost|p2a: Gholdengo|spa|2
|faint|p1b: Clefable
|-damage|p2a: Gholdengo|0 fnt|[from] item: Life Orb
|faint|p2a: Gholdengo
|move|p2b: Pickle Cup|Matcha Gotcha|p1a: Primarina
|-activate|p1a: Primarina|move: Protect
|
|-heal|p1a: Primarina|43/100|[from] item: Leftovers
|-sideend|p2: ToastedArt|move: Tailwind
|upkeep
|
|t:|1785968860
|switch|p2a: Staraptor|Staraptor, L50, M|100/100
|switch|p1b: Lucario|Lucario, L50, F|100/100
|-ability|p2a: Staraptor|Intimidate|boost
|-unboost|p1a: Primarina|atk|1
|-unboost|p1b: Lucario|atk|1
|turn|5
|
|t:|1785968879
|detailschange|p2a: Staraptor|Staraptor-Mega, L50, M
|-mega|p2a: Staraptor|Staraptor|Staraptite
|move|p2a: Staraptor|Protect|p2a: Staraptor
|-singleturn|p2a: Staraptor|Protect
|move|p1b: Lucario|Hyper Beam|p2a: Staraptor
|-activate|p2a: Staraptor|move: Protect
|move|p1a: Primarina|Hyper Voice|p2a: Staraptor|[spread] p2b
|-activate|p2a: Staraptor|move: Protect
|-resisted|p2b: Pickle Cup|1
|-damage|p2b: Pickle Cup|53/100
|move|p2b: Pickle Cup|Matcha Gotcha|p1b: Lucario|[spread] p1a,p1b
|-supereffective|p1a: Primarina|1
|-damage|p1a: Primarina|12/100
|-heal|p2b: Pickle Cup|68/100|[from] drain|[of] p1a: Primarina
|-damage|p1b: Lucario|49/100
|-heal|p2b: Pickle Cup|87/100|[from] drain|[of] p1b: Lucario
|replace|p1b: Zoroark|Zoroark-Hisui, L50, M
|-end|p1b: Zoroark|Illusion
|
|-heal|p1a: Primarina|18/100|[from] item: Leftovers
|upkeep
|turn|6
|
|t:|1785968898
|move|p1a: Primarina|Protect|p1a: Primarina
|-singleturn|p1a: Primarina|Protect
|move|p2a: Staraptor|Brave Bird|p1a: Primarina
|-activate|p1a: Primarina|move: Protect
|move|p1b: Zoroark|Bitter Malice|p2b: Pickle Cup
|-supereffective|p2b: Pickle Cup|1
|-damage|p2b: Pickle Cup|20/100y
|-unboost|p2b: Pickle Cup|atk|1
|move|p2b: Pickle Cup|Matcha Gotcha|p1b: Zoroark|[spread] p1b
|-activate|p1a: Primarina|move: Protect
|-damage|p1b: Zoroark|1/100
|-heal|p2b: Pickle Cup|38/100|[from] drain|[of] p1b: Zoroark
|
|-heal|p1a: Primarina|25/100|[from] item: Leftovers
|upkeep
|turn|7
|inactive|ToastedArt has 30 seconds left.
|inactive|ToastedArt has 20 seconds left.
|
|t:|1785968935
|move|p1b: Zoroark|Protect|p1b: Zoroark
|-singleturn|p1b: Zoroark|Protect
|move|p2a: Staraptor|Brave Bird|p1b: Zoroark
|-activate|p1b: Zoroark|move: Protect
|move|p1a: Primarina|Hyper Voice|p2a: Staraptor|[spread] p2a,p2b
|-resisted|p2b: Pickle Cup|1
|-damage|p2a: Staraptor|49/100
|-damage|p2b: Pickle Cup|15/100
|move|p2b: Pickle Cup|Matcha Gotcha|p1a: Primarina|[spread] p1a
|-activate|p1b: Zoroark|move: Protect
|-supereffective|p1a: Primarina|1
|-damage|p1a: Primarina|0 fnt
|-heal|p2b: Pickle Cup|28/100|[from] drain|[of] p1a: Primarina
|faint|p1a: Primarina
|
|upkeep
|
|t:|1785968954
|switch|p1a: Lucario|Lucario, L50, F|100/100
|turn|8
|inactive|Pop0_PP has 30 seconds left.
|
|t:|1785968982
|detailschange|p1a: Lucario|Lucario-Mega, L50, F
|-mega|p1a: Lucario|Lucario|Lucarionite
|move|p1a: Lucario|Protect|p1a: Lucario
|-singleturn|p1a: Lucario|Protect
|move|p2b: Pickle Cup|Rage Powder|p2b: Pickle Cup
|-singleturn|p2b: Pickle Cup|move: Rage Powder
|move|p1b: Zoroark|Bitter Malice|p2b: Pickle Cup
|-supereffective|p2b: Pickle Cup|1
|-damage|p2b: Pickle Cup|0 fnt
|faint|p2b: Pickle Cup
|move|p2a: Staraptor|Roost|p2a: Staraptor
|-heal|p2a: Staraptor|99/100
|-singleturn|p2a: Staraptor|move: Roost
|
|upkeep
|
|t:|1785968995
|switch|p2b: Whimsicott|Whimsicott, L50, M|67/100
|turn|9
|
|t:|1785969006
|move|p2a: Staraptor|Protect|p2a: Staraptor
|-singleturn|p2a: Staraptor|Protect
|move|p2b: Whimsicott|Tailwind|p2b: Whimsicott
|-sidestart|p2: ToastedArt|move: Tailwind
|move|p1a: Lucario|Bullet Punch|p2b: Whimsicott
|-supereffective|p2b: Whimsicott|1
|-damage|p2b: Whimsicott|0 fnt
|faint|p2b: Whimsicott
|move|p1b: Zoroark|Hyper Beam|p2a: Staraptor
|-activate|p2a: Staraptor|move: Protect
|
|upkeep
|turn|10
|
|t:|1785969019
|move|p1a: Lucario|Protect|p1a: Lucario
|-singleturn|p1a: Lucario|Protect
|move|p2a: Staraptor|Close Combat|p1a: Lucario
|-activate|p1a: Lucario|move: Protect
|move|p1b: Zoroark|Hyper Beam|p2a: Staraptor
|-damage|p2a: Staraptor|21/100
|-mustrecharge|p1b: Zoroark
|
|upkeep
|turn|11
|
|t:|1785969029
|move|p1a: Lucario|Bullet Punch|p2a: Staraptor
|-damage|p2a: Staraptor|0 fnt
|faint|p2a: Staraptor
|
|win|Pop0_PP
