|j|‽daniiivgc
|j|☆PYS_Max2
|html|daniiivgcPYS_Max2    
|uhtml|bestof|Game 1 of a best-of-3
|t:|1785691102
|gametype|doubles
|player|p1|daniiivgc|giovanni|1363
|player|p2|PYS_Max2|clay|1422
|gen|9
|tier|[Gen 9 Champions] VGC 2026 Reg M-B (Bo3)
|rated|
|rule|Species Clause: Limit one of each Pokémon
|rule|Item Clause: Limit 1 of each item
|clearpoke
|poke|p1|Gholdengo, L50|
|poke|p1|Staraptor, L50, M|
|poke|p1|Milotic, L50, F|
|poke|p1|Tyranitar, L50, M|
|poke|p1|Excadrill, L50, F|
|poke|p1|Venusaur, L50, M|
|poke|p2|Blastoise, L50, M|
|poke|p2|Aerodactyl, L50, M|
|poke|p2|Gholdengo, L50|
|poke|p2|Garchomp, L50, F|
|poke|p2|Incineroar, L50, M|
|poke|p2|Farigiraf, L50, F|
|teampreview|4
|showteam|p1|Gholdengo||LifeOrb|GoodasGold|Protect,MakeItRain,ShadowBall,Thunderbolt|Timid|||||50|]Staraptor||Staraptite|Intimidate|Protect,BraveBird,CloseCombat,Tailwind|Jolly||M|||50|]Milotic||SitrusBerry|Competitive|Protect,Scald,IceBeam,Recover|Calm||F|||50|]Tyranitar||ChoiceScarf|SandStream|IcePunch,Superpower,RockSlide,KnockOff|Jolly||M|||50|]Excadrill||FocusSash|SandRush|Protect,HighHorsepower,RockSlide,IronHead|Adamant||F|||50|]Venusaur||Venusaurite|Chlorophyll|Protect,EarthPower,SludgeBomb,GigaDrain|Modest||M|||50|
|showteam|p2|Blastoise||Blastoisinite|RainDish|FakeOut,WaterSpout,DarkPulse,AuraSphere|Modest||M|||50|]Aerodactyl||FocusSash|Unnerve|RockSlide,Tailwind,DualWingbeat,RainDance|Jolly||M|||50|]Gholdengo||Leftovers|GoodasGold|NastyPlot,ShadowBall,MakeItRain,Protect|Modest|||||50|]Garchomp||LifeOrb|RoughSkin|Earthquake,DragonClaw,RockSlide,Protect|Jolly||F|||50|]Incineroar||SitrusBerry|Intimidate|FakeOut,FlareBlitz,ThroatChop,PartingShot|Impish||M|||50|]Farigiraf||ColburBerry|ArmorTail|TrickRoom,Psychic,HelpingHand,LowKick|Sassy||F|||50|
|inactive|Battle timer is ON: inactive players will automatically lose when time's up. (requested by daniiivgc)
|inactive|daniiivgc has 60 seconds left.
|inactive|daniiivgc has 30 seconds left.
|
|t:|1785691212
|teamsize|p1|4
|teamsize|p2|4
|start
|switch|p1a: Staraptor|Staraptor, L50, M|100/100
|switch|p1b: Tyranitar|Tyranitar, L50, M|100/100
|switch|p2a: Aerodactyl|Aerodactyl, L50, M|100/100
|switch|p2b: Blastoise|Blastoise, L50, M|100/100
|-ability|p2a: Aerodactyl|Unnerve
|-weather|Sandstorm|[from] ability: Sand Stream|[of] p1b: Tyranitar
|-ability|p1a: Staraptor|Intimidate|boost
|-unboost|p2a: Aerodactyl|atk|1
|-unboost|p2b: Blastoise|atk|1
|turn|1
|
|t:|1785691227
|switch|p2b: Gholdengo|Gholdengo, L50|100/100
|detailschange|p1a: Staraptor|Staraptor-Mega, L50, M
|-mega|p1a: Staraptor|Staraptor|Staraptite
|move|p2a: Aerodactyl|Tailwind|p2a: Aerodactyl
|-sidestart|p2: PYS_Max2|move: Tailwind
|move|p1b: Tyranitar|Rock Slide|p2b: Gholdengo|[spread] p2a,p2b
|-supereffective|p2a: Aerodactyl|1
|-resisted|p2b: Gholdengo|1
|-damage|p2a: Aerodactyl|8/100
|-damage|p2b: Gholdengo|85/100
|move|p1a: Staraptor|Tailwind|p1a: Staraptor
|-sidestart|p1: daniiivgc|move: Tailwind
|
|-weather|Sandstorm|[upkeep]
|-damage|p1a: Staraptor|94/100|[from] Sandstorm
|-heal|p2b: Gholdengo|91/100|[from] item: Leftovers
|upkeep
|turn|2
|inactive|daniiivgc has 30 seconds left.
|inactive|daniiivgc has 20 seconds left.
|inactive|daniiivgc has 15 seconds left.
|inactive|daniiivgc has 10 seconds left.
|
|t:|1785691276
|switch|p1b: Milotic|Milotic, L50, F|100/100
|move|p2a: Aerodactyl|Dual Wingbeat|p1a: Staraptor
|-supereffective|p1a: Staraptor|1
|-damage|p1a: Staraptor|70/100
|-supereffective|p1a: Staraptor|1
|-damage|p1a: Staraptor|45/100
|-hitcount|p1a: Staraptor|2
|move|p1a: Staraptor|Close Combat|p2a: Aerodactyl
|-damage|p2a: Aerodactyl|0 fnt
|-boost|p1a: Staraptor|def|1
|-boost|p1a: Staraptor|spd|1
|faint|p2a: Aerodactyl
|move|p2b: Gholdengo|Nasty Plot|p2b: Gholdengo
|-boost|p2b: Gholdengo|spa|2
|
|-weather|Sandstorm|[upkeep]
|-damage|p1a: Staraptor|39/100|[from] Sandstorm
|-damage|p1b: Milotic|93/100|[from] Sandstorm
|-heal|p2b: Gholdengo|97/100|[from] item: Leftovers
|upkeep
|
|t:|1785691290
|switch|p2a: Blastoise|Blastoise, L50, M|100/100
|turn|3
|
|t:|1785691304
|detailschange|p2a: Blastoise|Blastoise-Mega, L50, M
|-mega|p2a: Blastoise|Blastoise|Blastoisinite
|move|p2a: Blastoise|Fake Out|p1a: Staraptor
|-damage|p1a: Staraptor|34/100
|cant|p1a: Staraptor|flinch
|move|p2b: Gholdengo|Shadow Ball|p1b: Milotic
|-damage|p1b: Milotic|33/100
|-enditem|p1b: Milotic|Sitrus Berry|[eat]
|-heal|p1b: Milotic|58/100|[from] item: Sitrus Berry
|move|p1b: Milotic|Scald|p2b: Gholdengo
|-damage|p2b: Gholdengo|65/100
|-status|p2b: Gholdengo|brn
|
|-weather|Sandstorm|[upkeep]
|-damage|p1a: Staraptor|28/100|[from] Sandstorm
|-damage|p1b: Milotic|52/100|[from] Sandstorm
|-damage|p2a: Blastoise|94/100|[from] Sandstorm
|-heal|p2b: Gholdengo|71/100 brn|[from] item: Leftovers
|-damage|p2b: Gholdengo|65/100 brn|[from] brn
|upkeep
|turn|4
|inactive|PYS_Max2 has 30 seconds left.
|inactive|PYS_Max2 has 20 seconds left.
|inactive|PYS_Max2 has 15 seconds left.
|
|t:|1785691349
|move|p1a: Staraptor|Close Combat|p2a: Blastoise
|-damage|p2a: Blastoise|50/100y
|-boost|p1a: Staraptor|def|1
|-boost|p1a: Staraptor|spd|1
|move|p2b: Gholdengo|Make It Rain|p1a: Staraptor|[spread] p1a,p1b
|-resisted|p1b: Milotic|1
|-damage|p1a: Staraptor|0 fnt
|-damage|p1b: Milotic|19/100
|-unboost|p2b: Gholdengo|spa|2
|faint|p1a: Staraptor
|move|p1b: Milotic|Recover|p1b: Milotic
|-heal|p1b: Milotic|69/100
|move|p2a: Blastoise|Dark Pulse|p1b: Milotic
|-damage|p1b: Milotic|40/100
|
|-weather|Sandstorm|[upkeep]
|-damage|p1b: Milotic|34/100|[from] Sandstorm
|-damage|p2a: Blastoise|44/100|[from] Sandstorm
|-heal|p2b: Gholdengo|71/100 brn|[from] item: Leftovers
|-damage|p2b: Gholdengo|65/100 brn|[from] brn
|-sideend|p2: PYS_Max2|move: Tailwind
|-sideend|p1: daniiivgc|move: Tailwind
|upkeep
|inactive|daniiivgc has 30 seconds left.
|
|t:|1785691374
|switch|p1a: Excadrill|Excadrill, L50, F|100/100
|turn|5
|
|t:|1785691386
|move|p2b: Gholdengo|Protect|p2b: Gholdengo
|-singleturn|p2b: Gholdengo|Protect
|move|p1a: Excadrill|High Horsepower|p2b: Gholdengo
|-activate|p2b: Gholdengo|move: Protect
|move|p1b: Milotic|Recover|p1b: Milotic
|-heal|p1b: Milotic|84/100
|move|p2a: Blastoise|Aura Sphere|p1a: Excadrill
|-supereffective|p1a: Excadrill|1
|-enditem|p1a: Excadrill|Focus Sash
|-damage|p1a: Excadrill|1/100
|
|-weather|none
|-heal|p2b: Gholdengo|71/100 brn|[from] item: Leftovers
|-damage|p2b: Gholdengo|65/100 brn|[from] brn
|upkeep
|turn|6
|
|t:|1785691410
|switch|p2b: Garchomp|Garchomp, L50, F|100/100
|move|p1a: Excadrill|High Horsepower|p2b: Garchomp
|-damage|p2b: Garchomp|41/100
|-damage|p1a: Excadrill|0 fnt|[from] ability: Rough Skin|[of] p2b: Garchomp
|faint|p1a: Excadrill
|move|p1b: Milotic|Ice Beam|p2b: Garchomp
|-supereffective|p2b: Garchomp|2
|-damage|p2b: Garchomp|0 fnt
|faint|p2b: Garchomp
|move|p2a: Blastoise|Water Spout|p1b: Milotic
|-resisted|p1b: Milotic|1
|-damage|p1b: Milotic|70/100
|
|upkeep
|
|t:|1785691420
|switch|p2b: Gholdengo|Gholdengo, L50|65/100 brn
|switch|p1a: Tyranitar|Tyranitar, L50, M|100/100
|-weather|Sandstorm|[from] ability: Sand Stream|[of] p1a: Tyranitar
|turn|7
|j| Biff6
|inactive|daniiivgc has 30 seconds left.
|
|t:|1785691445
|move|p2b: Gholdengo|Protect|p2b: Gholdengo
|-singleturn|p2b: Gholdengo|Protect
|move|p1a: Tyranitar|Knock Off|p2a: Blastoise
|-damage|p2a: Blastoise|17/100
|move|p1b: Milotic|Scald|p2a: Blastoise
|-resisted|p2a: Blastoise|1
|-damage|p2a: Blastoise|6/100
|-status|p2a: Blastoise|brn
|move|p2a: Blastoise|Aura Sphere|p1a: Tyranitar
|-supereffective|p1a: Tyranitar|2
|-damage|p1a: Tyranitar|0 fnt
|faint|p1a: Tyranitar
|
|-weather|Sandstorm|[upkeep]
|-damage|p1b: Milotic|64/100|[from] Sandstorm
|-damage|p2a: Blastoise|1/100 brn|[from] Sandstorm
|-heal|p2b: Gholdengo|71/100 brn|[from] item: Leftovers
|-damage|p2b: Gholdengo|65/100 brn|[from] brn
|-damage|p2a: Blastoise|0 fnt|[from] brn
|faint|p2a: Blastoise
|upkeep
|turn|8
|
|t:|1785691458
|move|p2b: Gholdengo|Nasty Plot|p2b: Gholdengo
|-boost|p2b: Gholdengo|spa|2
|move|p1b: Milotic|Scald|p2b: Gholdengo
|-damage|p2b: Gholdengo|31/100 brn
|
|-weather|Sandstorm|[upkeep]
|-damage|p1b: Milotic|58/100|[from] Sandstorm
|-heal|p2b: Gholdengo|37/100 brn|[from] item: Leftovers
|-damage|p2b: Gholdengo|31/100 brn|[from] brn
|upkeep
|turn|9
|
|t:|1785691471
|move|p2b: Gholdengo|Protect|p2b: Gholdengo
|-singleturn|p2b: Gholdengo|Protect
|move|p1b: Milotic|Scald|p2b: Gholdengo
|-activate|p2b: Gholdengo|move: Protect
|
|-weather|Sandstorm|[upkeep]
|-damage|p1b: Milotic|52/100|[from] Sandstorm
|-heal|p2b: Gholdengo|37/100 brn|[from] item: Leftovers
|-damage|p2b: Gholdengo|31/100 brn|[from] brn
|upkeep
|turn|10
|
|t:|1785691480
|move|p2b: Gholdengo|Shadow Ball|p1b: Milotic
|-damage|p1b: Milotic|0 fnt
|faint|p1b: Milotic
|
|win|PYS_Max2
||daniiivgc is ready for game 2.
