|j|☆natsukivgc
|j|☆tearamizuu
|html|natsukivgctearamizuu    
|uhtml|bestof|Game 1 of a best-of-3
|t:|1785965269
|gametype|doubles
|player|p1|natsukivgc|170|1251
|player|p2|tearamizuu|whitney|1189
|gen|9
|tier|[Gen 9 Champions] VGC 2026 Reg M-B (Bo3)
|rated|
|rule|Species Clause: Limit one of each Pokémon
|rule|Item Clause: Limit 1 of each item
|clearpoke
|poke|p1|Garchomp, L50, M|
|poke|p1|Venusaur, L50, F|
|poke|p1|Incineroar, L50, M|
|poke|p1|Charizard, L50, M|
|poke|p1|Toxapex, L50, M|
|poke|p1|Annihilape, L50, F|
|poke|p2|Staraptor, L50, F|
|poke|p2|Whimsicott, L50, M|
|poke|p2|Glimmora, L50, M|
|poke|p2|Kingambit, L50, M|
|poke|p2|Garchomp, L50, F|
|poke|p2|Delphox, L50, F|
|teampreview|4
|showteam|p1|Garchomp||ChoiceScarf|RoughSkin|Earthquake,DragonClaw,StompingTantrum,RockSlide|Adamant||M|||50|]Venusaur||LifeOrb|Chlorophyll|SolarBeam,SludgeBomb,EarthPower,Protect|Modest||F|||50|]Incineroar||SitrusBerry|Intimidate|FlareBlitz,ThroatChop,FakeOut,PartingShot|Impish||M|||50|]Charizard||CharizarditeY|Blaze|HeatWave,WeatherBall,Protect,RockTomb|Modest||M|||50|]Toxapex||Leftovers|Regenerator|Infestation,Toxic,WideGuard,BanefulBunker|Bold||M|||50|]Annihilape||FocusSash|Defiant|CloseCombat,PhantomForce,RockTomb,Protect|Jolly||F|||50|
|showteam|p2|Staraptor||Staraptite|Intimidate|CloseCombat,BraveBird,Roost,Protect|Jolly||F|||50|]Whimsicott||OccaBerry|Prankster|Moonblast,Tailwind,Charm,Encore|Timid||M|||50|]Glimmora||FocusSash|ToxicDebris|PowerGem,SludgeBomb,EarthPower,SpikyShield|Timid||M|||50|]Kingambit||ChopleBerry|Defiant|KowtowCleave,SuckerPunch,IronHead,LowKick|Adamant||M|||50|]Garchomp||LifeOrb|RoughSkin|DragonClaw,Earthquake,RockSlide,Protect|Jolly||F|||50|]Delphox||Delphoxite|Magician|HeatWave,Psychic,Substitute,Protect|Timid||F|||50|
|inactive|Battle timer is ON: inactive players will automatically lose when time's up. (requested by tearamizuu)
|inactive|natsukivgc has 60 seconds left.
|inactive|tearamizuu has 60 seconds left.
|inactive|tearamizuu has 30 seconds left.
|inactive|tearamizuu has 20 seconds left.
|inactive|tearamizuu has 15 seconds left.
|inactive|tearamizuu has 10 seconds left.
|
|t:|1785965351
|teamsize|p1|4
|teamsize|p2|4
|start
|switch|p1a: Charizard|Charizard, L50, M|100/100
|switch|p1b: Garchomp|Garchomp, L50, M|100/100
|switch|p2a: Whimsicott|Whimsicott, L50, M|100/100
|switch|p2b: Garchomp|Garchomp, L50, F|100/100
|turn|1
|inactive|natsukivgc has 30 seconds left.
|
|t:|1785965381
|detailschange|p1a: Charizard|Charizard-Mega-Y, L50, M
|-mega|p1a: Charizard|Charizard|Charizardite Y
|-weather|SunnyDay|[from] ability: Drought|[of] p1a: Charizard
|move|p2a: Whimsicott|Tailwind|p2a: Whimsicott
|-sidestart|p2: tearamizuu|move: Tailwind
|move|p2b: Garchomp|Dragon Claw|p1b: Garchomp
|-supereffective|p1b: Garchomp|1
|-damage|p1b: Garchomp|0 fnt
|-damage|p2b: Garchomp|87/100|[from] ability: Rough Skin|[of] p1b: Garchomp
|faint|p1b: Garchomp
|-damage|p2b: Garchomp|78/100|[from] item: Life Orb
|move|p1a: Charizard|Heat Wave|p2b: Garchomp|[spread] p2a,p2b
|-supereffective|p2a: Whimsicott|1
|-enditem|p2a: Whimsicott|Occa Berry|[eat]
|-enditem|p2a: Whimsicott|Occa Berry|[weaken]
|-resisted|p2b: Garchomp|1
|-damage|p2a: Whimsicott|18/100
|-damage|p2b: Garchomp|43/100
|
|-weather|SunnyDay|[upkeep]
|upkeep
|
|t:|1785965399
|switch|p1b: Incineroar|Incineroar, L50, M|100/100
|-ability|p1b: Incineroar|Intimidate|boost
|-unboost|p2a: Whimsicott|atk|1
|-unboost|p2b: Garchomp|atk|1
|turn|2
|inactive|natsukivgc has 30 seconds left.
|
|t:|1785965431
|switch|p2b: Glimmora|Glimmora, L50, M|100/100
|move|p1b: Incineroar|Fake Out|p2a: Whimsicott
|-damage|p2a: Whimsicott|3/100
|cant|p2a: Whimsicott|flinch
|move|p1a: Charizard|Heat Wave|p2b: Glimmora|[spread] p2a,p2b
|-supereffective|p2a: Whimsicott|1
|-resisted|p2b: Glimmora|1
|-damage|p2a: Whimsicott|0 fnt
|-damage|p2b: Glimmora|63/100
|faint|p2a: Whimsicott
|
|-weather|SunnyDay|[upkeep]
|upkeep
|
|t:|1785965442
|switch|p2a: Garchomp|Garchomp, L50, F|43/100
|turn|3
|inactive|natsukivgc has 30 seconds left.
|inactive|tearamizuu has 30 seconds left.
|
|t:|1785965475
|move|p1a: Charizard|Protect|p1a: Charizard
|-singleturn|p1a: Charizard|Protect
|move|p2a: Garchomp|Rock Slide|p1a: Charizard|[spread] p1b
|-activate|p1a: Charizard|move: Protect
|-supereffective|p1b: Incineroar|1
|-damage|p1b: Incineroar|62/100
|-damage|p2a: Garchomp|33/100|[from] item: Life Orb
|move|p2b: Glimmora|Earth Power|p1a: Charizard
|-activate|p1a: Charizard|move: Protect
|move|p1b: Incineroar|Parting Shot|p2b: Glimmora
|-unboost|p2b: Glimmora|atk|1
|-unboost|p2b: Glimmora|spa|1
|
|t:|1785965490
|switch|p1b: Annihilape|Annihilape, L50, F|100/100|[from] Parting Shot
|
|-weather|SunnyDay|[upkeep]
|upkeep
|turn|4
|inactive|natsukivgc has 30 seconds left.
|
|t:|1785965519
|switch|p1a: Incineroar|Incineroar, L50, M|62/100
|-ability|p1a: Incineroar|Intimidate|boost
|-unboost|p2a: Garchomp|atk|1
|-unboost|p2b: Glimmora|atk|1
|move|p1b: Annihilape|Protect|p1b: Annihilape
|-singleturn|p1b: Annihilape|Protect
|move|p2a: Garchomp|Rock Slide|p1a: Incineroar|[spread] p1a
|-activate|p1b: Annihilape|move: Protect
|-supereffective|p1a: Incineroar|1
|-damage|p1a: Incineroar|38/100
|-enditem|p1a: Incineroar|Sitrus Berry|[eat]
|-heal|p1a: Incineroar|63/100|[from] item: Sitrus Berry
|-damage|p2a: Garchomp|24/100|[from] item: Life Orb
|move|p2b: Glimmora|Power Gem|p1a: Incineroar
|-supereffective|p1a: Incineroar|1
|-crit|p1a: Incineroar
|-damage|p1a: Incineroar|0 fnt
|faint|p1a: Incineroar
|
|-weather|SunnyDay|[upkeep]
|-sideend|p2: tearamizuu|move: Tailwind
|upkeep
|
|t:|1785965536
|switch|p1a: Charizard|Charizard-Mega-Y, L50, M|100/100
|turn|5
|
|t:|1785965555
|switch|p2b: Delphox|Delphox, L50, F|100/100
|move|p2a: Garchomp|Protect|p2a: Garchomp
|-singleturn|p2a: Garchomp|Protect
|move|p1b: Annihilape|Close Combat|p2b: Delphox
|-resisted|p2b: Delphox|1
|-damage|p2b: Delphox|66/100
|-unboost|p1b: Annihilape|def|1
|-unboost|p1b: Annihilape|spd|1
|move|p1a: Charizard|Heat Wave|p2b: Delphox|[spread] p2b
|-activate|p2a: Garchomp|move: Protect
|-resisted|p2b: Delphox|1
|-damage|p2b: Delphox|32/100
|
|-weather|none
|upkeep
|turn|6
|inactive|natsukivgc has 30 seconds left.
|inactive|natsukivgc has 20 seconds left.
|inactive|natsukivgc has 15 seconds left.
|
|t:|1785965600
|detailschange|p2b: Delphox|Delphox-Mega, L50, F
|-mega|p2b: Delphox|Delphox|Delphoxite
|move|p1b: Annihilape|Protect|p1b: Annihilape
|-singleturn|p1b: Annihilape|Protect
|move|p2b: Delphox|Psychic|p1b: Annihilape
|-activate|p1b: Annihilape|move: Protect
|move|p2a: Garchomp|Rock Slide|p1a: Charizard|[spread] p1a
|-activate|p1b: Annihilape|move: Protect
|-supereffective|p1a: Charizard|2
|-damage|p1a: Charizard|30/100
|-damage|p2a: Garchomp|14/100|[from] item: Life Orb
|move|p1a: Charizard|Rock Tomb|p2b: Delphox
|-supereffective|p2b: Delphox|1
|-damage|p2b: Delphox|1/100
|-unboost|p2b: Delphox|spe|1
|
|upkeep
|turn|7
|inactive|natsukivgc has 30 seconds left.
|inactive|tearamizuu has 30 seconds left.
|
|t:|1785965635
|switch|p2b: Glimmora|Glimmora, L50, M|63/100
|move|p1a: Charizard|Protect|p1a: Charizard
|-singleturn|p1a: Charizard|Protect
|move|p2a: Garchomp|Rock Slide|p1a: Charizard|[spread] 
|-activate|p1a: Charizard|move: Protect
|-miss|p2a: Garchomp|p1b: Annihilape
|move|p1b: Annihilape|Close Combat|p2b: Glimmora
|-damage|p2b: Glimmora|0 fnt
|-unboost|p1b: Annihilape|def|1
|-unboost|p1b: Annihilape|spd|1
|-activate|p2b: Glimmora|ability: Toxic Debris
|-sidestart|p1: natsukivgc|move: Toxic Spikes
|faint|p2b: Glimmora
|
|upkeep
|
|t:|1785965643
|switch|p2b: Delphox|Delphox-Mega, L50, F|1/100
|turn|8
|inactive|natsukivgc has 30 seconds left.
|inactive|natsukivgc has 20 seconds left.
|inactive|natsukivgc has 15 seconds left.
|
|t:|1785965684
|move|p2b: Delphox|Psychic|p1b: Annihilape
|-supereffective|p1b: Annihilape|1
|-enditem|p1b: Annihilape|Focus Sash
|-damage|p1b: Annihilape|1/100
|move|p2a: Garchomp|Rock Slide|p1b: Annihilape|[spread] p1b
|-miss|p2a: Garchomp|p1a: Charizard
|-resisted|p1b: Annihilape|1
|-damage|p1b: Annihilape|0 fnt
|faint|p1b: Annihilape
|-damage|p2a: Garchomp|4/100|[from] item: Life Orb
|move|p1a: Charizard|Heat Wave|p2a: Garchomp|[spread] p2a,p2b
|-resisted|p2a: Garchomp|1
|-resisted|p2b: Delphox|1
|-damage|p2a: Garchomp|0 fnt
|-damage|p2b: Delphox|0 fnt
|faint|p2a: Garchomp
|faint|p2b: Delphox
|
|win|natsukivgc
