|j|☆Cobrite
|j|☆kokomiiiii
|html|Cobritekokomiiiii    
|uhtml|bestof|Game 1 of a best-of-3
|t:|1757910791
|gametype|doubles
|player|p1|Cobrite|102|1184
|player|p2|kokomiiiii|lillie-masters|1188
|gen|9
|tier|[Gen 9] VGC 2025 Reg H (Bo3)
|rated|
|rule|Species Clause: Limit one of each Pokémon
|rule|Item Clause: Limit 1 of each item
|clearpoke
|poke|p1|Archaludon, L50, M|
|poke|p1|Basculegion, L50, M|
|poke|p1|Pelipper, L50, F|
|poke|p1|Amoonguss, L50, F|
|poke|p1|Incineroar, L50, F|
|poke|p1|Maushold, L50|
|poke|p2|Gholdengo, L50|
|poke|p2|Ursaluna, L50, M|
|poke|p2|Dragonite, L50, M|
|poke|p2|Porygon2, L50|
|poke|p2|Incineroar, L50, M|
|poke|p2|Amoonguss, L50, M|
|teampreview|4
|showteam|p1|Archaludon||AssaultVest|Stamina|ElectroShot,DragonPulse,FlashCannon,BodyPress|||M|||50|,,,,,Grass]Basculegion||MysticWater|SwiftSwim|Protect,WaveCrash,AquaJet,LastRespects|||M|||50|,,,,,Water]Pelipper||FocusSash|Drizzle|Hurricane,WeatherBall,Tailwind,Protect|||F|||50|,,,,,Ghost]Amoonguss||SitrusBerry|Regenerator|Spore,RagePowder,PollenPuff,ClearSmog|||F|||50|,,,,,Water]Incineroar||SafetyGoggles|Intimidate|FakeOut,FlareBlitz,KnockOff,PartingShot|||F|||50|,,,,,Ghost]Maushold||WideLens|Technician|PopulationBomb,FollowMe,Taunt,Protect||||||50|,,,,,Grass
|showteam|p2|Gholdengo||LifeOrb|GoodasGold|MakeItRain,ShadowBall,NastyPlot,Protect||||||50|,,,,,Water]Ursaluna||FlameOrb|Guts|HeadlongRush,Facade,Earthquake,Protect|||M|||50|,,,,,Ghost]Dragonite||LoadedDice|Multiscale|ScaleShot,Haze,Tailwind,Protect|||M|||50|,,,,,Fairy]Porygon2||Eviolite|Download|IceBeam,TeraBlast,TrickRoom,Recover||||||50|,,,,,Fighting]Incineroar||SafetyGoggles|Intimidate|FakeOut,KnockOff,FlareBlitz,PartingShot|||M|||50|,,,,,Ghost]Amoonguss||SitrusBerry|Regenerator|RagePowder,PollenPuff,Spore,Protect|||M|||50|,,,,,Water
|inactive|Battle timer is ON: inactive players will automatically lose when time's up. (requested by Cobrite)
|
|t:|1757910841
|teamsize|p1|4
|teamsize|p2|4
|start
|switch|p1a: Basculegion|Basculegion, L50, M|100/100
|switch|p1b: Incineroar|Incineroar, L50, F|100/100
|switch|p2a: Annoyingon2|Porygon2, L50, shiny|100/100
|switch|p2b: Midcineroar|Incineroar, L50, M, shiny|100/100
|-ability|p2b: Midcineroar|Intimidate|boost
|-unboost|p1a: Basculegion|atk|1
|-unboost|p1b: Incineroar|atk|1
|-ability|p1b: Incineroar|Intimidate|boost
|-unboost|p2a: Annoyingon2|atk|1
|-unboost|p2b: Midcineroar|atk|1
|-ability|p2a: Annoyingon2|Download|boost
|-boost|p2a: Annoyingon2|atk|1
|turn|1
|inactive|kokomiiiii has 30 seconds left.
|inactive|kokomiiiii has 20 seconds left.
|
|t:|1757910879
|-terastallize|p2b: Midcineroar|Ghost
|move|p1b: Incineroar|Fake Out|p2a: Annoyingon2
|-damage|p2a: Annoyingon2|95/100
|move|p1a: Basculegion|Wave Crash|p2b: Midcineroar
|-damage|p2b: Midcineroar|47/100
|-damage|p1a: Basculegion|83/100|[from] Recoil
|move|p2b: Midcineroar|Knock Off|p1a: Basculegion
|-supereffective|p1a: Basculegion
|-damage|p1a: Basculegion|21/100
|-enditem|p1a: Basculegion|Mystic Water|[from] move: Knock Off|[of] p2b: Midcineroar
|cant|p2a: Annoyingon2|flinch
|
|upkeep
|turn|2
|inactive|Cobrite has 30 seconds left.
|inactive|Cobrite has 20 seconds left.
|inactive|Cobrite has 15 seconds left.
|inactive|Cobrite has 10 seconds left.
|inactive|Cobrite has 5 seconds left.
|
|t:|1757910930
|switch|p1b: Pelipper|Pelipper, L50, F|100/100
|-weather|RainDance|[from] ability: Drizzle|[of] p1b: Pelipper
|move|p1a: Basculegion|Wave Crash|p2a: Annoyingon2
|-damage|p2a: Annoyingon2|52/100
|-damage|p1a: Basculegion|8/100|[from] Recoil
|move|p2b: Midcineroar|Parting Shot|p1a: Basculegion
|-unboost|p1a: Basculegion|atk|1
|-unboost|p1a: Basculegion|spa|1
|
|t:|1757910938
|switch|p2b: bam|Ursaluna, L50, M, shiny|100/100|[from] Parting Shot
|move|p2a: Annoyingon2|Trick Room|p2a: Annoyingon2
|-fieldstart|move: Trick Room|[of] p2a: Annoyingon2
|
|-weather|RainDance|[upkeep]
|-status|p2b: bam|brn|[from] item: Flame Orb
|upkeep
|turn|3
|
|t:|1757910963
|move|p1a: Basculegion|Aqua Jet|p2b: bam
|-supereffective|p2b: bam
|-damage|p2b: bam|76/100 brn
|move|p2a: Annoyingon2|Tera Blast|p1b: Pelipper
|-damage|p1b: Pelipper|38/100
|move|p2b: bam|Facade|p1b: Pelipper
|-damage|p1b: Pelipper|0 fnt
|faint|p1b: Pelipper
|
|-weather|RainDance|[upkeep]
|-damage|p2b: bam|70/100 brn|[from] brn
|upkeep
|
|t:|1757910971
|switch|p1b: Incineroar|Incineroar, L50, F|100/100
|-ability|p1b: Incineroar|Intimidate|boost
|-unboost|p2a: Annoyingon2|atk|1
|-unboost|p2b: bam|atk|1
|turn|4
|
|t:|1757910993
|switch|p1a: Maushold|Maushold, L50|100/100
|-terastallize|p1b: Incineroar|Ghost
|move|p1b: Incineroar|Fake Out|p2b: bam
|-damage|p2b: bam|60/100 brn
|move|p2a: Annoyingon2|Ice Beam|p1a: Maushold
|-damage|p1a: Maushold|58/100
|cant|p2b: bam|flinch
|
|-weather|RainDance|[upkeep]
|-damage|p2b: bam|54/100 brn|[from] brn
|upkeep
|turn|5
|inactive|Cobrite has 30 seconds left.
|inactive|kokomiiiii has 30 seconds left.
|inactive|Cobrite has 20 seconds left.
|inactive|Cobrite has 15 seconds left.
|
|t:|1757911033
|move|p1a: Maushold|Protect|p1a: Maushold
|-singleturn|p1a: Maushold|Protect
|move|p2a: Annoyingon2|Ice Beam|p1b: Incineroar
|-damage|p1b: Incineroar|77/100
|move|p2b: bam|Facade|p1a: Maushold
|-activate|p1a: Maushold|move: Protect
|move|p1b: Incineroar|Parting Shot|p2a: Annoyingon2
|-unboost|p2a: Annoyingon2|atk|1
|-unboost|p2a: Annoyingon2|spa|1
|
|t:|1757911043
|switch|p1b: Basculegion|Basculegion, L50, M|8/100|[from] Parting Shot
|
|-weather|RainDance|[upkeep]
|-damage|p2b: bam|48/100 brn|[from] brn
|upkeep
|turn|6
|inactive|kokomiiiii has 30 seconds left.
|
|t:|1757911076
|move|p1a: Maushold|Protect|p1a: Maushold
|-singleturn|p1a: Maushold|Protect
|move|p1b: Basculegion|Protect|p1b: Basculegion
|-singleturn|p1b: Basculegion|Protect
|move|p2a: Annoyingon2|Recover|p2a: Annoyingon2
|-heal|p2a: Annoyingon2|100/100
|move|p2b: bam|Facade|p1a: Maushold
|-activate|p1a: Maushold|move: Protect
|
|-weather|none
|-damage|p2b: bam|42/100 brn|[from] brn
|-fieldend|move: Trick Room
|upkeep
|turn|7
|inactive|Cobrite has 30 seconds left.
|inactive|Cobrite has 20 seconds left.
|
|t:|1757911112
|switch|p2b: Midcineroar|Incineroar, L50, M, shiny, tera:Ghost|47/100
|-ability|p2b: Midcineroar|Intimidate|boost
|-unboost|p1a: Maushold|atk|1
|-unboost|p1b: Basculegion|atk|1
|move|p1b: Basculegion|Aqua Jet|p2b: Midcineroar
|-damage|p2b: Midcineroar|35/100
|move|p1a: Maushold|Population Bomb|p2a: Annoyingon2
|-damage|p2a: Annoyingon2|95/100
|-damage|p2a: Annoyingon2|90/100
|-damage|p2a: Annoyingon2|85/100
|-damage|p2a: Annoyingon2|79/100
|-damage|p2a: Annoyingon2|74/100
|-damage|p2a: Annoyingon2|69/100
|-damage|p2a: Annoyingon2|64/100
|-damage|p2a: Annoyingon2|59/100
|-damage|p2a: Annoyingon2|53/100
|-damage|p2a: Annoyingon2|48/100
|-hitcount|p2a: Annoyingon2|10
|move|p2a: Annoyingon2|Ice Beam|p1b: Basculegion
|-resisted|p1b: Basculegion
|-damage|p1b: Basculegion|0 fnt
|faint|p1b: Basculegion
|
|upkeep
|
|t:|1757911125
|switch|p1b: Incineroar|Incineroar, L50, F, tera:Ghost|77/100
|-ability|p1b: Incineroar|Intimidate|boost
|-unboost|p2a: Annoyingon2|atk|1
|-unboost|p2b: Midcineroar|atk|1
|turn|8
|inactive|Cobrite has 30 seconds left.
|
|t:|1757911164
|move|p1a: Maushold|Protect|p1a: Maushold
|-singleturn|p1a: Maushold|Protect
|move|p1b: Incineroar|Fake Out|p2a: Annoyingon2
|-damage|p2a: Annoyingon2|40/100
|move|p2b: Midcineroar|Parting Shot|p1b: Incineroar
|-unboost|p1b: Incineroar|atk|1
|-unboost|p1b: Incineroar|spa|1
|
|t:|1757911173
|switch|p2b: SHROOMSSSS|Amoonguss, L50, M, shiny|100/100|[from] Parting Shot
|cant|p2a: Annoyingon2|flinch
|
|upkeep
|turn|9
|
|t:|1757911185
|switch|p2a: Midcineroar|Incineroar, L50, M, shiny, tera:Ghost|35/100
|-ability|p2a: Midcineroar|Intimidate|boost
|-unboost|p1a: Maushold|atk|1
|-unboost|p1b: Incineroar|atk|1
|move|p1a: Maushold|Population Bomb|p2a: Midcineroar
|-immune|p2a: Midcineroar
|move|p1b: Incineroar|Flare Blitz|p2b: SHROOMSSSS
|-supereffective|p2b: SHROOMSSSS
|-damage|p2b: SHROOMSSSS|51/100
|-damage|p1b: Incineroar|58/100|[from] Recoil
|move|p2b: SHROOMSSSS|Spore|p1a: Maushold
|-status|p1a: Maushold|slp|[from] move: Spore
|
|upkeep
|turn|10
|
|t:|1757911202
|cant|p1a: Maushold|slp
|move|p2a: Midcineroar|Knock Off|p1b: Incineroar
|-supereffective|p1b: Incineroar
|-damage|p1b: Incineroar|0 fnt
|-enditem|p1b: Incineroar|Safety Goggles|[from] move: Knock Off|[of] p2a: Midcineroar
|faint|p1b: Incineroar
|move|p2b: SHROOMSSSS|Pollen Puff|p1a: Maushold
|-damage|p1a: Maushold|30/100 slp
|
|upkeep
|turn|11
|-message|Cobrite forfeited.
|
|win|kokomiiiii
|l|☆Cobrite
|player|p1|
||Cobrite is ready for game 2.
||kokomiiiii is ready for game 2.
|uhtml|next|Next: Game 2 of 3
