|j|☆snowyowl260
|j|☆The RU Agenda
|html|snowyowl260The RU Agenda    
|uhtml|bestof|Game 2 of a best-of-3
|t:|1784236435
|gametype|doubles
|player|p1|snowyowl260|170|1177
|player|p2|The RU Agenda|169|1341
|gen|9
|tier|[Gen 9 Champions] VGC 2026 Reg M-B (Bo3)
|rated|
|rule|Species Clause: Limit one of each Pokémon
|rule|Item Clause: Limit 1 of each item
|clearpoke
|poke|p1|Gyarados, L50, F|
|poke|p1|Talonflame, L50, F|
|poke|p1|Sinistcha, L50|
|poke|p1|Ninetales-Alola, L50, F|
|poke|p1|Pyroar, L50, F|
|poke|p1|Sneasler, L50, F|
|poke|p2|Chesnaught, L50, F|
|poke|p2|Basculegion, L50, M|
|poke|p2|Arcanine-Hisui, L50, M|
|poke|p2|Froslass, L50, F|
|poke|p2|Farigiraf, L50, M|
|poke|p2|Kingambit, L50, M|
|teampreview|4
|showteam|p1|Gyarados||Gyaradosite|Intimidate|Waterfall,DragonDance,Crunch,Protect|Adamant||F|||50|]Talonflame||FocusSash|GaleWings|Tailwind,BraveBird,WillOWisp,Protect|Jolly||F|||50|]Sinistcha||SitrusBerry|Hospitality|MatchaGotcha,RagePowder,LifeDew,Scald|Bold|||||50|]Ninetales-Alola|||SnowWarning|AuroraVeil,Blizzard,Encore,Protect|Timid||F|||50|]Pyroar||Pyroarite|Rivalry|HeatWave,Overheat,HyperVoice,Protect|Timid||F|||50|]Sneasler||WhiteHerb|Unburden|Coaching,DireClaw,CloseCombat,FakeOut|Jolly||F|||50|
|showteam|p2|Chesnaught||Leftovers|Bulletproof|BodyPress,IronDefense,SpikyShield,WideGuard|Impish||F|||50|]Basculegion||ChoiceScarf|Adaptability|WaveCrash,LastRespects,FlipTurn,AquaJet|Jolly||M|||50|]Arcanine-Hisui||FocusSash|RockHead|HeadSmash,FlareBlitz,ExtremeSpeed,Protect|Jolly||M|||50|]Froslass||Froslassite|SnowCloak|Blizzard,ShadowBall,AuroraVeil,Protect|Timid||F|||50|]Farigiraf||SitrusBerry|ArmorTail|HelpingHand,Psychic,Thunderbolt,TrickRoom|Relaxed||M|||50|]Kingambit||ExpertBelt|Defiant|KowtowCleave,SuckerPunch,LowKick,Protect|Adamant||M|||50|
|inactive|Battle timer is ON: inactive players will automatically lose when time's up. (requested by snowyowl260)
|
|t:|1784236455
|teamsize|p1|4
|teamsize|p2|4
|start
|switch|p1a: Gyarados|Gyarados, L50, F|100/100
|switch|p1b: Sneasler|Sneasler, L50, F|100/100
|switch|p2a: Chesnaught|Chesnaught, L50, F|100/100
|switch|p2b: Farigiraf|Farigiraf, L50, M|100/100
|-ability|p1a: Gyarados|Intimidate|boost
|-unboost|p2a: Chesnaught|atk|1
|-unboost|p2b: Farigiraf|atk|1
|turn|1
|inactive|snowyowl260 has 30 seconds left.
|
|t:|1784236485
|move|p1b: Sneasler|Dire Claw|p2a: Chesnaught
|-supereffective|p2a: Chesnaught|1
|-damage|p2a: Chesnaught|53/100
|-status|p2a: Chesnaught|slp
|move|p1a: Gyarados|Crunch|p2b: Farigiraf
|-supereffective|p2b: Farigiraf|1
|-damage|p2b: Farigiraf|53/100
|cant|p2a: Chesnaught|slp
|move|p2b: Farigiraf|Trick Room|p2b: Farigiraf
|-fieldstart|move: Trick Room|[of] p2b: Farigiraf
|
|-heal|p2a: Chesnaught|59/100 slp|[from] item: Leftovers
|upkeep
|turn|2
|
|t:|1784236501
|move|p2b: Farigiraf|Psychic|p1b: Sneasler
|-supereffective|p1b: Sneasler|2
|-damage|p1b: Sneasler|0 fnt
|faint|p1b: Sneasler
|cant|p2a: Chesnaught|slp
|move|p1a: Gyarados|Crunch|p2b: Farigiraf
|-supereffective|p2b: Farigiraf|1
|-damage|p2b: Farigiraf|3/100
|-unboost|p2b: Farigiraf|def|1
|-enditem|p2b: Farigiraf|Sitrus Berry|[eat]
|-heal|p2b: Farigiraf|28/100|[from] item: Sitrus Berry
|
|-heal|p2a: Chesnaught|65/100 slp|[from] item: Leftovers
|upkeep
|
|t:|1784236513
|switch|p1b: Pyroar|Pyroar, L50, F|100/100
|turn|3
|
|t:|1784236522
|detailschange|p1b: Pyroar|Pyroar-Mega, L50, F
|-mega|p1b: Pyroar|Pyroar|Pyroarite
|-curestatus|p2a: Chesnaught|slp|[msg]
|move|p2a: Chesnaught|Wide Guard|p2a: Chesnaught
|-singleturn|p2a: Chesnaught|Wide Guard
|move|p2b: Farigiraf|Thunderbolt|p1a: Gyarados
|-supereffective|p1a: Gyarados|2
|-damage|p1a: Gyarados|6/100
|move|p1a: Gyarados|Crunch|p2b: Farigiraf
|-supereffective|p2b: Farigiraf|1
|-damage|p2b: Farigiraf|0 fnt
|faint|p2b: Farigiraf
|move|p1b: Pyroar|Heat Wave|p2a: Chesnaught
|-activate|p2a: Chesnaught|move: Wide Guard
|
|-heal|p2a: Chesnaught|71/100|[from] item: Leftovers
|upkeep
|
|t:|1784236536
|switch|p2b: Basculegion|Basculegion, L50, M|100/100
|turn|4
|
|t:|1784236549
|move|p2b: Basculegion|Aqua Jet|p1a: Gyarados
|-resisted|p1a: Gyarados|1
|-damage|p1a: Gyarados|0 fnt
|faint|p1a: Gyarados
|move|p2a: Chesnaught|Body Press|p1b: Pyroar
|-supereffective|p1b: Pyroar|1
|-damage|p1b: Pyroar|1/100
|move|p1b: Pyroar|Heat Wave|p2a: Chesnaught|[spread] p2a,p2b
|-supereffective|p2a: Chesnaught|1
|-resisted|p2b: Basculegion|1
|-damage|p2a: Chesnaught|0 fnt
|-damage|p2b: Basculegion|69/100
|-status|p2b: Basculegion|brn
|faint|p2a: Chesnaught
|
|-damage|p2b: Basculegion|63/100 brn|[from] brn
|upkeep
|
|t:|1784236562
|switch|p2a: Kingambit|Kingambit, L50, M|100/100
|switch|p1a: Talonflame|Talonflame, L50, F|100/100
|turn|5
|
|t:|1784236573
|move|p1a: Talonflame|Brave Bird|p2b: Basculegion
|-damage|p2b: Basculegion|21/100 brn
|-damage|p1a: Talonflame|85/100|[from] Recoil
|move|p2b: Basculegion|Aqua Jet|p1b: Pyroar
|-supereffective|p1b: Pyroar|1
|-damage|p1b: Pyroar|0 fnt
|faint|p1b: Pyroar
|move|p2a: Kingambit|Kowtow Cleave|p1a: Talonflame
|-damage|p1a: Talonflame|21/100
|
|-damage|p2b: Basculegion|15/100 brn|[from] brn
|-fieldend|move: Trick Room
|upkeep
|turn|6
|
|t:|1784236587
|move|p2b: Basculegion|Aqua Jet|p1a: Talonflame
|-supereffective|p1a: Talonflame|1
|-damage|p1a: Talonflame|0 fnt
|faint|p1a: Talonflame
|
|win|The RU Agenda
||The RU Agenda is ready for game 3.
||snowyowl260 is ready for game 3.
|uhtml|next|Next: Game 3 of 3
