|j|☆jpishere
|j|☆Kiyoshit
|html|jpishereKiyoshit    
|uhtml|bestof|Game 1 of a best-of-3
|t:|1756472284
|gametype|doubles
|player|p1|jpishere|palmer|1052
|player|p2|Kiyoshit|alder|1000
|gen|9
|tier|[Gen 9] VGC 2025 Reg H (Bo3)
|rated|
|rule|Species Clause: Limit one of each Pokémon
|rule|Item Clause: Limit 1 of each item
|clearpoke
|poke|p1|Hatterene, L50, F|
|poke|p1|Ursaluna, L50, F|
|poke|p1|Annihilape, L50, M|
|poke|p1|Smeargle, L50, M|
|poke|p1|Torkoal, L50, M|
|poke|p1|Meowscarada, L50, F|
|poke|p2|Incineroar, L50, F|
|poke|p2|Amoonguss, L50, M|
|poke|p2|Ursaluna-Bloodmoon, L50, M|
|poke|p2|Dragonite, L50, F|
|poke|p2|Sneasler, L50, M|
|poke|p2|Gholdengo, L50|
|teampreview|4
|showteam|p1|Hatterene||CovertCloak|MagicBounce|TrickRoom,Protect,HelpingHand,Psychic|||F|||50|,,,,,Fire]Ursaluna||FlameOrb|Guts|Protect,Facade,Earthquake,HeadlongRush|||F|||50|,,,,,Ghost]Annihilape||ChoiceScarf|Defiant|FinalGambit,CloseCombat,Coaching,Uturn|||M|||50|,,,,,Grass]Smeargle||EjectPack|Moody|FakeOut,WideGuard,FollowMe,Spore|||M|||50|,,,,,Ghost]Torkoal||ChoiceSpecs|Drought|Eruption,HeatWave,Flamethrower,HelpingHand|||M|||50|,,,,,Fire]Meowscarada||FocusSash|Overgrow|Protect,FlowerTrick,Taunt,TripleAxel|||F|||50|,,,,,Grass
|showteam|p2|Incineroar||SafetyGoggles|Intimidate|FlareBlitz,KnockOff,FakeOut,PartingShot|||F|||50|,,,,,Ghost]Amoonguss||SitrusBerry|Regenerator|PollenPuff,Spore,RagePowder,Protect|||M|||50|,,,,,Psychic]Ursaluna-Bloodmoon||AssaultVest|MindsEye|HyperVoice,BloodMoon,EarthPower,VacuumWave|||M|||50|,,,,,Water]Dragonite||LoadedDice|Multiscale|ScaleShot,Tailwind,Haze,Protect|||F|||50|,,,,,Fairy]Sneasler||FocusSash|Unburden|CloseCombat,DireClaw,ThroatChop,Protect|||M|||50|,,,,,Stellar]Gholdengo||LifeOrb|GoodasGold|MakeItRain,ShadowBall,NastyPlot,Protect||||||50|,,,,,Water
|inactive|Battle timer is ON: inactive players will automatically lose when time's up. (requested by jpishere)
|inactive|Kiyoshit has 60 seconds left.
|
|t:|1756472372
|teamsize|p1|4
|teamsize|p2|4
|start
|switch|p1a: Annihilape|Annihilape, L50, M|100/100
|switch|p1b: Hatterene|Hatterene, L50, F|100/100
|switch|p2a: Ursaluna|Ursaluna-Bloodmoon, L50, M|100/100
|switch|p2b: Dragonite|Dragonite, L50, F|100/100
|turn|1
|inactive|jpishere has 30 seconds left.
|
|t:|1756472399
|move|p1a: Annihilape|Final Gambit|p2a: Ursaluna
|-damage|p2a: Ursaluna|0 fnt
|faint|p1a: Annihilape
|faint|p2a: Ursaluna
|move|p2b: Dragonite|Scale Shot|p1b: Hatterene
|-immune|p1b: Hatterene
|move|p1b: Hatterene|Trick Room|p1b: Hatterene
|-fieldstart|move: Trick Room|[of] p1b: Hatterene
|
|upkeep
|
|t:|1756472424
|switch|p2a: Gholdengo|Gholdengo, L50|100/100
|switch|p1a: Torkoal|Torkoal, L50, M|100/100
|-weather|SunnyDay|[from] ability: Drought|[of] p1a: Torkoal
|turn|2
|
|t:|1756472447
|switch|p1b: Ursaluna|Ursaluna, L50, F|100/100
|-terastallize|p1a: Torkoal|Fire
|move|p2a: Gholdengo|Protect|p2a: Gholdengo
|-singleturn|p2a: Gholdengo|Protect
|move|p1a: Torkoal|Heat Wave|p2b: Dragonite|[spread] 
|-activate|p2a: Gholdengo|move: Protect
|-miss|p1a: Torkoal|p2b: Dragonite
|move|p2b: Dragonite|Scale Shot|p1a: Torkoal
|-damage|p1a: Torkoal|89/100
|-damage|p1a: Torkoal|77/100
|-damage|p1a: Torkoal|64/100
|-damage|p1a: Torkoal|52/100
|-hitcount|p1a: Torkoal|4
|-unboost|p2b: Dragonite|def|1
|-boost|p2b: Dragonite|spe|1
|
|-weather|SunnyDay|[upkeep]
|-status|p1b: Ursaluna|brn|[from] item: Flame Orb
|upkeep
|turn|3
|inactive|jpishere has 30 seconds left.
|
|t:|1756472477
|switch|p2a: Sneasler|Sneasler, L50, M|100/100
|move|p2b: Dragonite|Protect|p2b: Dragonite
|-singleturn|p2b: Dragonite|Protect
|move|p1a: Torkoal|Heat Wave|p2a: Sneasler|[spread] 
|-activate|p2b: Dragonite|move: Protect
|-miss|p1a: Torkoal|p2a: Sneasler
|move|p1b: Ursaluna|Headlong Rush|p2a: Sneasler
|-supereffective|p2a: Sneasler
|-enditem|p2a: Sneasler|Focus Sash
|-damage|p2a: Sneasler|1/100
|-unboost|p1b: Ursaluna|def|1
|-unboost|p1b: Ursaluna|spd|1
|
|-weather|SunnyDay|[upkeep]
|-damage|p1b: Ursaluna|95/100 brn|[from] brn
|upkeep
|turn|4
|
|t:|1756472498
|move|p2a: Sneasler|Protect|p2a: Sneasler
|-singleturn|p2a: Sneasler|Protect
|move|p1a: Torkoal|Heat Wave|p2a: Sneasler|[spread] p2b
|-activate|p2a: Sneasler|move: Protect
|-resisted|p2b: Dragonite
|-damage|p2b: Dragonite|75/100
|move|p1b: Ursaluna|Facade|p2b: Dragonite
|-damage|p2b: Dragonite|0 fnt
|faint|p2b: Dragonite
|
|-weather|SunnyDay|[upkeep]
|-damage|p1b: Ursaluna|89/100 brn|[from] brn
|upkeep
|
|t:|1756472509
|switch|p2b: Gholdengo|Gholdengo, L50|100/100
|turn|5
|
|t:|1756472524
|switch|p1b: Hatterene|Hatterene, L50, F|100/100
|move|p2b: Gholdengo|Protect|p2b: Gholdengo
|-singleturn|p2b: Gholdengo|Protect
|move|p2a: Sneasler|Protect||[still]
|-fail|p2a: Sneasler
|move|p1a: Torkoal|Heat Wave|p2a: Sneasler|[spread] p2a
|-activate|p2b: Gholdengo|move: Protect
|-damage|p2a: Sneasler|0 fnt
|faint|p2a: Sneasler
|
|-weather|SunnyDay|[upkeep]
|-fieldend|move: Trick Room
|upkeep
|turn|6
|
|t:|1756472547
|-terastallize|p2b: Gholdengo|Water
|move|p2b: Gholdengo|Make It Rain|p1a: Torkoal|[spread] p1a,p1b
|-resisted|p1a: Torkoal
|-supereffective|p1b: Hatterene
|-damage|p1a: Torkoal|15/100
|-damage|p1b: Hatterene|4/100
|-unboost|p2b: Gholdengo|spa|1
|-damage|p2b: Gholdengo|91/100|[from] item: Life Orb
|move|p1a: Torkoal|Heat Wave|p2b: Gholdengo|[miss]
|-miss|p1a: Torkoal|p2b: Gholdengo
|move|p1b: Hatterene|Trick Room|p1b: Hatterene
|-fieldstart|move: Trick Room|[of] p1b: Hatterene
|
|-weather|none
|upkeep
|turn|7
|
|t:|1756472564
|move|p1a: Torkoal|Heat Wave|p2b: Gholdengo
|-resisted|p2b: Gholdengo
|-damage|p2b: Gholdengo|43/100
|move|p1b: Hatterene|Psychic|p1a: Torkoal
|-damage|p1a: Torkoal|0 fnt
|faint|p1a: Torkoal
|move|p2b: Gholdengo|Make It Rain|p1b: Hatterene
|-supereffective|p1b: Hatterene
|-damage|p1b: Hatterene|0 fnt
|-unboost|p2b: Gholdengo|spa|1
|faint|p1b: Hatterene
|-damage|p2b: Gholdengo|34/100|[from] item: Life Orb
|
|upkeep
|
|t:|1756472580
|switch|p1b: Ursaluna|Ursaluna, L50, F|89/100 brn
|turn|8
|
|t:|1756472583
|move|p1b: Ursaluna|Facade|p2b: Gholdengo
|-damage|p2b: Gholdengo|0 fnt
|faint|p2b: Gholdengo
|
|win|jpishere
||Kiyoshit is ready for game 2.
||jpishere is ready for game 2.
|uhtml|next|Next: Game 2 of 3
