|j|☆VGChris6
|j|☆breadconsumer124
|html|VGChris6breadconsumer124    
|uhtml|bestof|Game 3 of a best-of-3
|t:|1757194667
|gametype|doubles
|player|p1|VGChris6|169|1094
|player|p2|breadconsumer124|265|1138
|gen|9
|tier|[Gen 9] VGC 2025 Reg H (Bo3)
|rated|
|rule|Species Clause: Limit one of each Pokémon
|rule|Item Clause: Limit 1 of each item
|clearpoke
|poke|p1|Archaludon, L50, F|
|poke|p1|Pelipper, L50, M|
|poke|p1|Basculegion, L50, M|
|poke|p1|Annihilape, L50, F|
|poke|p1|Whimsicott, L50, M|
|poke|p1|Ursaluna-Bloodmoon, L50, M|
|poke|p2|Tauros-Paldea-Aqua, L50, M|
|poke|p2|Rillaboom, L50, F|
|poke|p2|Volcarona, L50, M|
|poke|p2|Farigiraf, L50, M|
|poke|p2|Kingambit, L50, M|
|poke|p2|Ninetales-Alola, L50, M|
|teampreview|4
|showteam|p1|Archaludon||PowerHerb|Sturdy|ElectroShot,DragonPulse,FlashCannon,Protect|||F|||50|,,,,,Ghost]Pelipper||FocusSash|Drizzle|Tailwind,WeatherBall,Hurricane,WideGuard|||M|||50|,,,,,Ghost]Basculegion||ChoiceScarf|Adaptability|LastRespects,FlipTurn,WaveCrash,AquaJet|||M|||50|,,,,,Dark]Annihilape||SitrusBerry|Defiant|DrainPunch,Protect,RageFist,BulkUp|||F|||50|,,,,,Steel]Whimsicott||CovertCloak|Prankster|Taunt,Tailwind,Encore,Moonblast|||M|||50|,,,,,Dark]Ursaluna-Bloodmoon||AssaultVest|MindsEye|HyperVoice,BloodMoon,EarthPower,VacuumWave|||M|||50|,,,,,Ghost
|showteam|p2|Tauros-Paldea-Aqua||AssaultVest|Intimidate|WaveCrash,CloseCombat,AquaJet,WildCharge|||M|||50|,,,,,Electric]Rillaboom||MiracleSeed|GrassySurge|WoodHammer,GrassyGlide,FakeOut,Uturn|||F|||50|,,,,,Grass]Volcarona||SafetyGoggles|FlameBody|Flamethrower,StruggleBug,RagePowder,Protect|||M|||50|,,,,,Dragon]Farigiraf||ThroatSpray|ArmorTail|HyperVoice,Psychic,TrickRoom,Protect|||M|||50|,,,,,Grass]Kingambit||LifeOrb|Defiant|KowtowCleave,SuckerPunch,IronHead,Protect|||M|||50|,,,,,Dark]Ninetales-Alola||ChoiceScarf|SnowWarning|Blizzard,Moonblast,IceBeam,Roar|||M|||50|,,,,,Ice
|inactive|Battle timer is ON: inactive players will automatically lose when time's up. (requested by VGChris6)
|j| Tisopurine
|
|t:|1757194691
|teamsize|p1|4
|teamsize|p2|4
|start
|switch|p1a: Archaludon|Archaludon, L50, F|100/100
|switch|p1b: Annihilape|Annihilape, L50, F|100/100
|switch|p2a: Volcarona|Volcarona, L50, M|100/100
|switch|p2b: Ninetales|Ninetales-Alola, L50, M|100/100
|-weather|Snowscape|[from] ability: Snow Warning|[of] p2b: Ninetales
|turn|1
|
|t:|1757194714
|-terastallize|p2b: Ninetales|Ice
|move|p2b: Ninetales|Blizzard|p1b: Annihilape|[spread] p1a,p1b
|-damage|p1a: Archaludon|27/100
|-damage|p1b: Annihilape|57/100
|move|p2a: Volcarona|Flamethrower|p1b: Annihilape
|-damage|p1b: Annihilape|16/100
|-enditem|p1b: Annihilape|Sitrus Berry|[eat]
|-heal|p1b: Annihilape|41/100|[from] item: Sitrus Berry
|move|p1a: Archaludon|Flash Cannon|p2b: Ninetales
|-supereffective|p2b: Ninetales
|-damage|p2b: Ninetales|4/100
|-unboost|p2b: Ninetales|spd|1
|move|p1b: Annihilape|Drain Punch|p2b: Ninetales
|-supereffective|p2b: Ninetales
|-damage|p2b: Ninetales|0 fnt
|-heal|p1b: Annihilape|42/100|[from] drain|[of] p2b: Ninetales
|faint|p2b: Ninetales
|
|-weather|Snowscape|[upkeep]
|upkeep
|
|t:|1757194724
|switch|p2b: Rillaboom|Rillaboom, L50, F|100/100
|-fieldstart|move: Grassy Terrain|[from] ability: Grassy Surge|[of] p2b: Rillaboom
|turn|2
|
|t:|1757194743
|switch|p1b: Pelipper|Pelipper, L50, M|100/100
|-weather|RainDance|[from] ability: Drizzle|[of] p1b: Pelipper
|move|p1a: Archaludon|Protect|p1a: Archaludon
|-singleturn|p1a: Archaludon|Protect
|move|p2b: Rillaboom|Grassy Glide|p1b: Pelipper
|-damage|p1b: Pelipper|38/100
|move|p2a: Volcarona|Flamethrower|p1a: Archaludon
|-activate|p1a: Archaludon|move: Protect
|
|-weather|RainDance|[upkeep]
|-heal|p1a: Archaludon|33/100|[from] Grassy Terrain
|upkeep
|turn|3
|
|t:|1757194763
|switch|p1a: Basculegion|Basculegion, L50, M|100/100
|move|p2b: Rillaboom|Grassy Glide|p1b: Pelipper
|-damage|p1b: Pelipper|0 fnt
|faint|p1b: Pelipper
|move|p2a: Volcarona|Struggle Bug|p1a: Basculegion
|-resisted|p1a: Basculegion
|-damage|p1a: Basculegion|86/100
|-unboost|p1a: Basculegion|spa|1
|
|-weather|RainDance|[upkeep]
|-heal|p1a: Basculegion|92/100|[from] Grassy Terrain
|upkeep
|
|t:|1757194783
|switch|p1b: Annihilape|Annihilape, L50, F|42/100
|turn|4
|
|t:|1757194793
|-terastallize|p1a: Basculegion|Dark
|move|p1b: Annihilape|Protect|p1b: Annihilape
|-singleturn|p1b: Annihilape|Protect
|move|p2a: Volcarona|Rage Powder|p2a: Volcarona
|-singleturn|p2a: Volcarona|move: Rage Powder
|move|p1a: Basculegion|Last Respects|p2a: Volcarona
|-damage|p2a: Volcarona|34/100
|move|p2b: Rillaboom|Wood Hammer|p1b: Annihilape
|-activate|p1b: Annihilape|move: Protect
|
|-weather|RainDance|[upkeep]
|-heal|p1a: Basculegion|98/100|[from] Grassy Terrain
|-heal|p2a: Volcarona|41/100|[from] Grassy Terrain
|-heal|p1b: Annihilape|48/100|[from] Grassy Terrain
|upkeep
|turn|5
|
|t:|1757194808
|switch|p2a: Tauros|Tauros-Paldea-Aqua, L50, M|100/100
|-ability|p2a: Tauros|Intimidate|boost
|-unboost|p1a: Basculegion|atk|1
|-unboost|p1b: Annihilape|atk|1
|-ability|p1b: Annihilape|Defiant|boost
|-boost|p1b: Annihilape|atk|2
|move|p2b: Rillaboom|Grassy Glide|p1b: Annihilape
|-damage|p1b: Annihilape|13/100
|move|p1a: Basculegion|Last Respects|p2a: Tauros
|-damage|p2a: Tauros|69/100
|move|p1b: Annihilape|Drain Punch|p2b: Rillaboom
|-damage|p2b: Rillaboom|55/100
|-heal|p1b: Annihilape|34/100|[from] drain|[of] p2b: Rillaboom
|
|-weather|RainDance|[upkeep]
|-heal|p1a: Basculegion|100/100|[from] Grassy Terrain
|-heal|p2a: Tauros|75/100|[from] Grassy Terrain
|-heal|p1b: Annihilape|40/100|[from] Grassy Terrain
|-heal|p2b: Rillaboom|61/100|[from] Grassy Terrain
|upkeep
|turn|6
|inactive|VGChris6 has 30 seconds left.
|
|t:|1757194837
|switch|p1a: Archaludon|Archaludon, L50, F|33/100
|move|p1b: Annihilape|Protect|p1b: Annihilape
|-singleturn|p1b: Annihilape|Protect
|move|p2a: Tauros|Aqua Jet|p1b: Annihilape
|-activate|p1b: Annihilape|move: Protect
|move|p2b: Rillaboom|Grassy Glide|p1b: Annihilape
|-activate|p1b: Annihilape|move: Protect
|
|-weather|none
|-heal|p1a: Archaludon|39/100|[from] Grassy Terrain
|-heal|p2a: Tauros|80/100|[from] Grassy Terrain
|-heal|p1b: Annihilape|46/100|[from] Grassy Terrain
|-heal|p2b: Rillaboom|68/100|[from] Grassy Terrain
|-fieldend|move: Grassy Terrain
|upkeep
|turn|7
|
|t:|1757194862
|switch|p2b: Volcarona|Volcarona, L50, M|41/100
|move|p2a: Tauros|Aqua Jet|p1b: Annihilape
|-damage|p1b: Annihilape|30/100
|move|p1a: Archaludon|Electro Shot||[still]
|-prepare|p1a: Archaludon|Electro Shot
|-boost|p1a: Archaludon|spa|1
|-enditem|p1a: Archaludon|Power Herb
|-anim|p1a: Archaludon|Electro Shot|p2a: Tauros
|-supereffective|p2a: Tauros
|-damage|p2a: Tauros|0 fnt
|faint|p2a: Tauros
|move|p1b: Annihilape|Drain Punch|p2b: Volcarona
|-resisted|p2b: Volcarona
|-damage|p2b: Volcarona|12/100
|-heal|p1b: Annihilape|42/100|[from] drain|[of] p2b: Volcarona
|
|upkeep
|
|t:|1757194865
|switch|p2a: Rillaboom|Rillaboom, L50, F|68/100
|-fieldstart|move: Grassy Terrain|[from] ability: Grassy Surge|[of] p2a: Rillaboom
|turn|8
|inactive|VGChris6 has 30 seconds left.
|
|t:|1757194890
|move|p1b: Annihilape|Protect|p1b: Annihilape
|-singleturn|p1b: Annihilape|Protect
|move|p2a: Rillaboom|Fake Out|p1a: Archaludon
|-resisted|p1a: Archaludon
|-crit|p1a: Archaludon
|-damage|p1a: Archaludon|31/100
|move|p2b: Volcarona|Flamethrower|p1a: Archaludon
|-damage|p1a: Archaludon|0 fnt
|faint|p1a: Archaludon
|
|-heal|p2b: Volcarona|19/100|[from] Grassy Terrain
|-heal|p1b: Annihilape|48/100|[from] Grassy Terrain
|-heal|p2a: Rillaboom|74/100|[from] Grassy Terrain
|upkeep
|
|t:|1757194900
|switch|p1a: Basculegion|Basculegion, L50, M, tera:Dark|100/100
|turn|9
|
|t:|1757194925
|move|p2b: Volcarona|Protect|p2b: Volcarona
|-singleturn|p2b: Volcarona|Protect
|move|p2a: Rillaboom|Grassy Glide|p1b: Annihilape
|-damage|p1b: Annihilape|18/100
|move|p1a: Basculegion|Last Respects|p2b: Volcarona
|-activate|p2b: Volcarona|move: Protect
|move|p1b: Annihilape|Rage Fist|p2a: Rillaboom
|-damage|p2a: Rillaboom|0 fnt
|faint|p2a: Rillaboom
|
|-heal|p2b: Volcarona|25/100|[from] Grassy Terrain
|-heal|p1b: Annihilape|24/100|[from] Grassy Terrain
|upkeep
|turn|10
|-message|breadconsumer124 forfeited.
|
|win|VGChris6
|raw|VGChris6's rating: 1094 → 1123(+29 for winning)
|raw|breadconsumer124's rating: 1138 → 1110(-28 for losing)
