|j|☆akasia
|j|☆ariel.mr_
|html|akasiaariel.mr_    
|uhtml|bestof|Game 2 of a best-of-3
|t:|1783986853
|gametype|doubles
|player|p1|akasia|170|1085
|player|p2|ariel.mr_|hilbert|1146
|gen|9
|tier|[Gen 9 Champions] VGC 2026 Reg M-B (Bo3)
|rated|
|rule|Species Clause: Limit one of each Pokémon
|rule|Item Clause: Limit 1 of each item
|clearpoke
|poke|p1|Delphox, L50, M|
|poke|p1|Maushold, L50|
|poke|p1|Blastoise, L50, M|
|poke|p1|Sinistcha, L50|
|poke|p1|Vileplume, L50, M|
|poke|p1|Torkoal, L50, F|
|poke|p2|Charizard, L50, M, shiny|
|poke|p2|Kingambit, L50, M|
|poke|p2|Sylveon, L50, F|
|poke|p2|Garchomp, L50, M|
|poke|p2|Aerodactyl, L50, F|
|poke|p2|Farigiraf, L50, F|
|teampreview|4
|showteam|p1|Delphox||Delphoxite|Blaze|NastyPlot,Protect,HeatWave,Psyshock|Timid||M|||50|]Maushold||ChopleBerry|FriendGuard|SuperFang,FollowMe,Protect,Feint|Jolly|||||50|]Blastoise||Blastoisinite|RainDish|DarkPulse,WaterSpout,ShellSmash,Protect|Modest||M|||50|]Sinistcha||CobaBerry|Hospitality|RagePowder,MatchaGotcha,LifeDew,Protect|Bold|||||50|]Vileplume||FocusSash|Chlorophyll|GigaDrain,AfterYou,SleepPowder,WeatherBall|Timid||M|||50|]Torkoal||Charcoal|Drought|Eruption,HeatWave,EarthPower,Protect|Quiet||F|||50|
|showteam|p2|Charizard||CharizarditeY|SolarPower|Protect,HeatWave,SolarBeam,WeatherBall|Modest||M|||50|]Kingambit||FocusSash|Defiant|IronHead,SuckerPunch,KowtowCleave,LowKick|Adamant||M|||50|]Sylveon||FairyFeather|Pixilate|Protect,HyperVoice,HyperBeam,QuickAttack|Modest||F|||50|]Garchomp||LifeOrb|RoughSkin|Protect,DragonClaw,Earthquake,RockSlide|Jolly||M|||50|]Aerodactyl||Aerodactylite|Unnerve|IceFang,RockSlide,Tailwind,DualWingbeat|Jolly||F|||50|]Farigiraf||SitrusBerry|ArmorTail|TrickRoom,Psychic,Thunderbolt,Roar|Bold||F|||50|
|inactive|Battle timer is ON: inactive players will automatically lose when time's up. (requested by ariel.mr_)
|
|t:|1783986877
|teamsize|p1|4
|teamsize|p2|4
|start
|switch|p1a: Blastoise|Blastoise, L50, M|100/100
|switch|p1b: Maushold|Maushold, L50|100/100
|switch|p2a: Kingambit|Kingambit, L50, M|100/100
|switch|p2b: Aerodactyl|Aerodactyl, L50, F|100/100
|-ability|p2b: Aerodactyl|Unnerve
|turn|1
|inactive|ariel.mr_ has 30 seconds left.
|
|t:|1783986903
|detailschange|p2b: Aerodactyl|Aerodactyl-Mega, L50, F
|-mega|p2b: Aerodactyl|Aerodactyl|Aerodactylite
|detailschange|p1a: Blastoise|Blastoise-Mega, L50, M
|-mega|p1a: Blastoise|Blastoise|Blastoisinite
|move|p1b: Maushold|Follow Me|p1b: Maushold
|-singleturn|p1b: Maushold|move: Follow Me
|move|p2b: Aerodactyl|Rock Slide|p1a: Blastoise|[spread] p1a,p1b
|-damage|p1a: Blastoise|79/100
|-damage|p1b: Maushold|67/100
|cant|p1a: Blastoise|flinch
|move|p2a: Kingambit|Kowtow Cleave|p1b: Maushold
|-damage|p1b: Maushold|0 fnt
|faint|p1b: Maushold
|
|upkeep
|
|t:|1783986918
|switch|p1b: Vileplume|Vileplume, L50, M|100/100
|turn|2
|
|t:|1783986926
|switch|p1a: Torkoal|Torkoal, L50, F|100/100
|-weather|SunnyDay|[from] ability: Drought|[of] p1a: Torkoal
|move|p1b: Vileplume|Sleep Powder|p2b: Aerodactyl
|-status|p2b: Aerodactyl|slp|[from] move: Sleep Powder
|cant|p2b: Aerodactyl|slp
|move|p2a: Kingambit|Kowtow Cleave|p1a: Torkoal
|-damage|p1a: Torkoal|63/100
|
|-weather|SunnyDay|[upkeep]
|upkeep
|turn|3
|
|t:|1783986948
|move|p2a: Kingambit|Sucker Punch|p1a: Torkoal
|-damage|p1a: Torkoal|32/100
|move|p1b: Vileplume|Giga Drain|p2b: Aerodactyl
|-damage|p2b: Aerodactyl|60/100 slp
|-curestatus|p2b: Aerodactyl|slp|[msg]
|move|p2b: Aerodactyl|Dual Wingbeat|p1b: Vileplume
|-supereffective|p1b: Vileplume|1
|-damage|p1b: Vileplume|31/100
|-supereffective|p1b: Vileplume|1
|-damage|p1b: Vileplume|0 fnt
|faint|p1b: Vileplume
|-hitcount|p1: Vileplume|2
|move|p1a: Torkoal|Heat Wave|p2b: Aerodactyl|[spread] p2a,p2b
|-supereffective|p2a: Kingambit|1
|-resisted|p2b: Aerodactyl|1
|-enditem|p2a: Kingambit|Focus Sash
|-damage|p2a: Kingambit|1/100
|-damage|p2b: Aerodactyl|30/100
|-status|p2b: Aerodactyl|brn
|
|-weather|SunnyDay|[upkeep]
|-damage|p2b: Aerodactyl|25/100 brn|[from] brn
|upkeep
|
|t:|1783986958
|switch|p1b: Blastoise|Blastoise-Mega, L50, M|79/100
|turn|4
|
|t:|1783986983
|move|p2a: Kingambit|Sucker Punch||[still]
|-fail|p2a: Kingambit
|move|p2b: Aerodactyl|Rock Slide|p1b: Blastoise|[spread] p1a,p1b
|-supereffective|p1a: Torkoal|1
|-damage|p1a: Torkoal|12/100
|-damage|p1b: Blastoise|67/100
|move|p1b: Blastoise|Shell Smash|p1b: Blastoise
|-unboost|p1b: Blastoise|def|1
|-unboost|p1b: Blastoise|spd|1
|-boost|p1b: Blastoise|atk|2
|-boost|p1b: Blastoise|spa|2
|-boost|p1b: Blastoise|spe|2
|move|p1a: Torkoal|Heat Wave|p2a: Kingambit|[spread] p2a,p2b
|-supereffective|p2a: Kingambit|1
|-resisted|p2b: Aerodactyl|1
|-damage|p2a: Kingambit|0 fnt
|-damage|p2b: Aerodactyl|0 fnt
|faint|p2a: Kingambit
|faint|p2b: Aerodactyl
|
|-weather|SunnyDay|[upkeep]
|upkeep
|
|t:|1783986990
|switch|p2b: Farigiraf|Farigiraf, L50, F|100/100
|switch|p2a: Garchomp|Garchomp, L50, M|100/100
|turn|5
|
|t:|1783987006
|move|p1b: Blastoise|Protect|p1b: Blastoise
|-singleturn|p1b: Blastoise|Protect
|move|p2a: Garchomp|Earthquake|p1b: Blastoise|[spread] p2b,p1a
|-activate|p1b: Blastoise|move: Protect
|-supereffective|p1a: Torkoal|1
|-damage|p2b: Farigiraf|64/100
|-damage|p1a: Torkoal|0 fnt
|faint|p1a: Torkoal
|-damage|p2a: Garchomp|90/100|[from] item: Life Orb
|move|p2b: Farigiraf|Thunderbolt|p1b: Blastoise
|-activate|p1b: Blastoise|move: Protect
|
|-weather|SunnyDay|[upkeep]
|upkeep
|turn|6
|
|t:|1783987020
|move|p1b: Blastoise|Dark Pulse|p2b: Farigiraf
|-supereffective|p2b: Farigiraf|1
|-damage|p2b: Farigiraf|0 fnt
|faint|p2b: Farigiraf
|move|p2a: Garchomp|Dragon Claw|p1b: Blastoise
|-damage|p1b: Blastoise|0 fnt
|faint|p1b: Blastoise
|-damage|p2a: Garchomp|80/100|[from] item: Life Orb
|
|win|ariel.mr_
|raw|akasia's rating: 1085 → 1066(-19 for losing)
|raw|ariel.mr_'s rating: 1146 → 1167(+21 for winning)
|l|☆akasia
|player|p1|
