|j|☆Champ B
|j|☆moicito
|html|Champ Bmoicito    
|uhtml|bestof|Game 1 of a best-of-3
|t:|1756261514
|gametype|doubles
|player|p1|Champ B|102|1210
|player|p2|moicito|266|1209
|gen|9
|tier|[Gen 9] VGC 2025 Reg H (Bo3)
|rated|
|rule|Species Clause: Limit one of each Pokémon
|rule|Item Clause: Limit 1 of each item
|clearpoke
|poke|p1|Dragonite, L50, M|
|poke|p1|Ursaluna-Bloodmoon, L50, M|
|poke|p1|Archaludon, L50, M|
|poke|p1|Whimsicott, L50, F|
|poke|p1|Gholdengo, L50|
|poke|p1|Incineroar, L50, M|
|poke|p2|Kingambit, L50, F|
|poke|p2|Rillaboom, L50, F|
|poke|p2|Electabuzz, L50, M|
|poke|p2|Volcarona, L50, M|
|poke|p2|Sneasler, L50, F|
|poke|p2|Dragonite, L50, F|
|teampreview|4
|showteam|p1|Dragonite||LoadedDice|Multiscale|ScaleShot,ExtremeSpeed,IceSpinner,Protect|||M|||50|,,,,,Fairy]Ursaluna-Bloodmoon||AssaultVest|MindsEye|BloodMoon,HyperVoice,EarthPower,VacuumWave|||M|||50|,,,,,Water]Archaludon||PowerHerb|Sturdy|ElectroShot,FlashCannon,DracoMeteor,Protect|||M|||50|,,,,,Stellar]Whimsicott||CovertCloak|Prankster|FakeTears,Tailwind,Encore,Moonblast|||F|||50|,,,,,Poison]Gholdengo||ChoiceSpecs|GoodasGold|MakeItRain,ShadowBall,PowerGem,SteelBeam||||||50|,,,,,Steel]Incineroar||MirrorHerb|Intimidate|FakeOut,PartingShot,KnockOff,FlareBlitz|||M|||50|,,,,,Ghost
|showteam|p2|Kingambit||BlackGlasses|Defiant|Protect,KowtowCleave,SuckerPunch,SwordsDance|||F|||50|,,,,,Dark]Rillaboom||AssaultVest|GrassySurge|WoodHammer,GrassyGlide,HighHorsepower,FakeOut|||F|||50|,,,,,Fire]Electabuzz||Eviolite|VitalSpirit|Protect,Thunderbolt,HelpingHand,FollowMe|||M|||50|,,,,,Ghost]Volcarona||CovertCloak|FlameBody|Protect,HeatWave,TeraBlast,QuiverDance|||M|||50|,,,,,Fairy]Sneasler||FocusSash|Unburden|CloseCombat,DireClaw,Coaching,FakeOut|||F|||50|,,,,,Stellar]Dragonite||LoadedDice|Multiscale|ScaleShot,Haze,ExtremeSpeed,Protect|||F|||50|,,,,,Fairy
|inactive|Battle timer is ON: inactive players will automatically lose when time's up. (requested by Champ B)
|inactive|moicito has 60 seconds left.
|inactive|moicito has 30 seconds left.
|
|t:|1756261577
|teamsize|p1|4
|teamsize|p2|4
|start
|switch|p1a: Whimsicott|Whimsicott, L50, F|100/100
|switch|p1b: Ursaluna|Ursaluna-Bloodmoon, L50, M|100/100
|switch|p2a: Volkii|Volcarona, L50, M, shiny|100/100
|switch|p2b: Snisli|Sneasler, L50, F|100/100
|turn|1
|
|t:|1756261601
|move|p2b: Snisli|Fake Out|p1b: Ursaluna
|-damage|p1b: Ursaluna|90/100
|move|p1a: Whimsicott|Tailwind|p1a: Whimsicott
|-sidestart|p1: Champ B|move: Tailwind
|cant|p1b: Ursaluna|flinch
|move|p2a: Volkii|Heat Wave|p1b: Ursaluna|[spread] p1a,p1b
|-supereffective|p1a: Whimsicott
|-damage|p1a: Whimsicott|6/100
|-damage|p1b: Ursaluna|67/100
|
|upkeep
|turn|2
|inactive|moicito has 30 seconds left.
|
|t:|1756261627
|switch|p2b: Dragii|Dragonite, L50, F|100/100
|move|p2a: Volkii|Protect|p2a: Volkii
|-singleturn|p2a: Volkii|Protect
|move|p1a: Whimsicott|Fake Tears|p2a: Volkii
|-activate|p2a: Volkii|move: Protect
|move|p1b: Ursaluna|Hyper Voice|p2b: Dragii|[spread] p2b
|-activate|p2a: Volkii|move: Protect
|-crit|p2b: Dragii
|-damage|p2b: Dragii|74/100
|
|upkeep
|turn|3
|inactive|Champ B has 30 seconds left.
|
|t:|1756261654
|switch|p1a: Incineroar|Incineroar, L50, M|100/100
|-ability|p1a: Incineroar|Intimidate|boost
|-unboost|p2a: Volkii|atk|1
|-unboost|p2b: Dragii|atk|1
|move|p2b: Dragii|Extreme Speed|p1a: Incineroar
|-damage|p1a: Incineroar|83/100
|move|p1b: Ursaluna|Blood Moon|p2a: Volkii
|-damage|p2a: Volkii|33/100
|move|p2a: Volkii|Quiver Dance|p2a: Volkii
|-boost|p2a: Volkii|spa|1
|-boost|p2a: Volkii|spd|1
|-boost|p2a: Volkii|spe|1
|-enditem|p1a: Incineroar|Mirror Herb
|-boost|p1a: Incineroar|spa|1|[from] item: Mirror Herb
|-boost|p1a: Incineroar|spd|1|[from] item: Mirror Herb
|-boost|p1a: Incineroar|spe|1|[from] item: Mirror Herb
|
|upkeep
|turn|4
|inactive|Champ B has 30 seconds left.
|inactive|moicito has 30 seconds left.
|inactive|Champ B has 20 seconds left.
|
|t:|1756261694
|switch|p2b: Snisli|Sneasler, L50, F|100/100
|move|p2a: Volkii|Protect|p2a: Volkii
|-singleturn|p2a: Volkii|Protect
|move|p1a: Incineroar|Flare Blitz|p2b: Snisli
|-damage|p2b: Snisli|11/100
|-damage|p1a: Incineroar|60/100|[from] Recoil
|move|p1b: Ursaluna|Hyper Voice|p2b: Snisli|[spread] p2b
|-activate|p2a: Volkii|move: Protect
|-damage|p2b: Snisli|0 fnt
|faint|p2b: Snisli
|
|-sideend|p1: Champ B|move: Tailwind
|upkeep
|
|t:|1756261711
|switch|p2b: Dragii|Dragonite, L50, F|74/100
|turn|5
|
|t:|1756261723
|move|p2a: Volkii|Heat Wave|p1b: Ursaluna|[spread] p1a,p1b
|-resisted|p1a: Incineroar
|-damage|p1a: Incineroar|43/100
|-damage|p1b: Ursaluna|32/100
|move|p1a: Incineroar|Flare Blitz|p2a: Volkii
|-damage|p2a: Volkii|0 fnt
|faint|p2a: Volkii
|-damage|p1a: Incineroar|32/100|[from] Recoil
|move|p2b: Dragii|Scale Shot|p1b: Ursaluna
|-damage|p1b: Ursaluna|21/100
|-damage|p1b: Ursaluna|10/100
|-damage|p1b: Ursaluna|0 fnt
|faint|p1b: Ursaluna
|-hitcount|p1: Ursaluna|3
|-unboost|p2b: Dragii|def|1
|-boost|p2b: Dragii|spe|1
|
|upkeep
|
|t:|1756261739
|switch|p2a: Kingii|Kingambit, L50, F, shiny|100/100
|switch|p1b: Gholdengo|Gholdengo, L50|100/100
|turn|6
|inactive|moicito has 30 seconds left.
|
|t:|1756261773
|-terastallize|p1b: Gholdengo|Steel
|-terastallize|p2a: Kingii|Dark
|move|p2b: Dragii|Extreme Speed|p1a: Incineroar
|-damage|p1a: Incineroar|6/100
|move|p1a: Incineroar|Flare Blitz|p2a: Kingii
|-damage|p2a: Kingii|58/100
|-damage|p1a: Incineroar|0 fnt|[from] Recoil
|faint|p1a: Incineroar
|move|p1b: Gholdengo|Make It Rain|p2b: Dragii|[spread] p2a,p2b
|-damage|p2a: Kingii|0 fnt
|-damage|p2b: Dragii|0 fnt
|-unboost|p1b: Gholdengo|spa|1
|faint|p2a: Kingii
|faint|p2b: Dragii
|
|win|Champ B
|inactive|Champ B has 30 seconds to confirm battle start!
|inactive|moicito has 30 seconds to confirm battle start!
||Champ B is ready for game 2.
||moicito is ready for game 2.
|uhtml|next|Next: Game 2 of 3
