|j|☆zweeta
|j|☆grop_vgc
|html|zweetagrop_vgc    
|uhtml|bestof|Game 1 of a best-of-3
|t:|1756767651
|gametype|doubles
|player|p1|zweeta|pokekid|1214
|player|p2|grop_vgc|102|1279
|gen|9
|tier|[Gen 9] VGC 2025 Reg H (Bo3)
|rated|
|rule|Species Clause: Limit one of each Pokémon
|rule|Item Clause: Limit 1 of each item
|clearpoke
|poke|p1|Gholdengo, L50|
|poke|p1|Ursaluna, L50, M|
|poke|p1|Sinistcha, L50|
|poke|p1|Sneasler, L50, M|
|poke|p1|Dragonite, L50, F|
|poke|p1|Incineroar, L50, F|
|poke|p2|Corviknight, L50, F|
|poke|p2|Palafin, L50, F|
|poke|p2|Garchomp, L50, F|
|poke|p2|Tyranitar, L50, F|
|poke|p2|Sinistcha, L50|
|poke|p2|Ursaluna-Bloodmoon, L50, M|
|teampreview|4
|showteam|p1|Gholdengo||LifeOrb|GoodasGold|MakeItRain,ShadowBall,NastyPlot,Protect||||||50|,,,,,Water]Ursaluna||FlameOrb|Guts|Facade,HeadlongRush,Earthquake,Protect|||M|||50|,,,,,Ghost]Sinistcha||SitrusBerry|Hospitality|MatchaGotcha,LifeDew,RagePowder,TrickRoom||||||50|,,,,,Dark]Sneasler||FocusSash|PoisonTouch|DireClaw,CloseCombat,Coaching,Protect|||M|||50|,,,,,Flying]Dragonite||LoadedDice|Multiscale|ScaleShot,Haze,Tailwind,Protect|||F|||50|,,,,,Fairy]Incineroar||SafetyGoggles|Intimidate|FakeOut,FlareBlitz,KnockOff,PartingShot|||F|||50|,,,,,Ghost
|showteam|p2|Corviknight||Leftovers|MirrorArmor|BodyPress,BraveBird,Tailwind,IronDefense|||F|||50|,,,,,Fire]Palafin||MysticWater|ZerotoHero|JetPunch,WaveCrash,Haze,Protect|||F|||50|,,,,,Water]Garchomp||LifeOrb|SandVeil|DragonClaw,Earthquake,SwordsDance,Protect|||F|||50|,,,,,Stellar]Tyranitar||AssaultVest|SandStream|RockSlide,KnockOff,LowKick,TeraBlast|||F|||50|,,,,,Flying]Sinistcha||SitrusBerry|Hospitality|MatchaGotcha,Hex,RagePowder,TrickRoom||||||50|,,,,,Water]Ursaluna-Bloodmoon||ThroatSpray|MindsEye|BloodMoon,HyperVoice,EarthPower,Protect|||M|||50|,,,,,Normal
|inactive|Battle timer is ON: inactive players will automatically lose when time's up. (requested by zweeta)
|inactive|zweeta has 60 seconds left.
|inactive|grop_vgc has 60 seconds left.
|
|t:|1756767703
|teamsize|p1|4
|teamsize|p2|4
|start
|switch|p1a: Gholdengo|Gholdengo, L50, shiny|100/100
|switch|p1b: Incineroar|Incineroar, L50, F|100/100
|switch|p2a: Corviknight|Corviknight, L50, F|100/100
|switch|p2b: Garchomp|Garchomp, L50, F|100/100
|-ability|p1b: Incineroar|Intimidate|boost
|-ability|p2a: Corviknight|Mirror Armor
|-unboost|p1b: Incineroar|atk|1
|-unboost|p2b: Garchomp|atk|1
|turn|1
|inactive|grop_vgc has 30 seconds left.
|
|t:|1756767729
|move|p1b: Incineroar|Fake Out|p2b: Garchomp
|-damage|p2b: Garchomp|92/100
|cant|p2b: Garchomp|flinch
|move|p1a: Gholdengo|Nasty Plot|p1a: Gholdengo
|-boost|p1a: Gholdengo|spa|2
|move|p2a: Corviknight|Tailwind|p2a: Corviknight
|-sidestart|p2: grop_vgc|move: Tailwind
|
|upkeep
|turn|2
|inactive|grop_vgc has 30 seconds left.
|inactive|grop_vgc has 20 seconds left.
|inactive|grop_vgc has 15 seconds left.
|inactive|grop_vgc has 10 seconds left.
|inactive|grop_vgc has 5 seconds left.
|
|t:|1756767780
|-terastallize|p2b: Garchomp|Stellar
|-terastallize|p1a: Gholdengo|Water
|move|p2b: Garchomp|Dragon Claw|p1a: Gholdengo
|-damage|p1a: Gholdengo|50/100
|-damage|p2b: Garchomp|82/100|[from] item: Life Orb
|move|p2a: Corviknight|Brave Bird|p1a: Gholdengo
|-damage|p1a: Gholdengo|6/100
|-damage|p2a: Corviknight|88/100|[from] Recoil
|move|p1a: Gholdengo|Shadow Ball|p2a: Corviknight
|-damage|p2a: Corviknight|0 fnt
|faint|p2a: Corviknight
|-damage|p1a: Gholdengo|0 fnt|[from] item: Life Orb
|faint|p1a: Gholdengo
|move|p1b: Incineroar|Parting Shot|p2b: Garchomp
|-unboost|p2b: Garchomp|atk|1
|-unboost|p2b: Garchomp|spa|1
|
|t:|1756767790
|switch|p1b: Dragonite|Dragonite, L50, F, shiny|100/100|[from] Parting Shot
|
|upkeep
|
|t:|1756767800
|switch|p1a: Incineroar|Incineroar, L50, F|100/100
|switch|p2a: Tyranitar|Tyranitar, L50, F|100/100
|-weather|Sandstorm|[from] ability: Sand Stream|[of] p2a: Tyranitar
|-ability|p1a: Incineroar|Intimidate|boost
|-unboost|p2a: Tyranitar|atk|1
|-unboost|p2b: Garchomp|atk|1
|turn|3
|
|t:|1756767818
|switch|p2b: Sinistcha|Sinistcha, L50|100/100
|move|p1a: Incineroar|Fake Out|p2a: Tyranitar
|-resisted|p2a: Tyranitar
|-damage|p2a: Tyranitar|96/100
|cant|p2a: Tyranitar|flinch
|move|p1b: Dragonite|Tailwind|p1b: Dragonite
|-sidestart|p1: zweeta|move: Tailwind
|
|-weather|Sandstorm|[upkeep]
|-damage|p1b: Dragonite|95/100|[from] Sandstorm
|-damage|p2b: Sinistcha|94/100|[from] Sandstorm
|upkeep
|turn|4
|
|t:|1756767835
|move|p1b: Dragonite|Scale Shot|p2b: Sinistcha
|-damage|p2b: Sinistcha|84/100
|-damage|p2b: Sinistcha|73/100
|-damage|p2b: Sinistcha|63/100
|-damage|p2b: Sinistcha|53/100
|-hitcount|p2b: Sinistcha|4
|-unboost|p1b: Dragonite|def|1
|-boost|p1b: Dragonite|spe|1
|move|p1a: Incineroar|Flare Blitz|p2b: Sinistcha
|-supereffective|p2b: Sinistcha
|-damage|p2b: Sinistcha|0 fnt
|faint|p2b: Sinistcha
|-damage|p1a: Incineroar|85/100|[from] Recoil
|move|p2a: Tyranitar|Rock Slide|p1a: Incineroar|[spread] p1a,p1b
|-supereffective|p1a: Incineroar
|-supereffective|p1b: Dragonite
|-damage|p1a: Incineroar|45/100
|-damage|p1b: Dragonite|30/100
|
|-weather|Sandstorm|[upkeep]
|-damage|p1b: Dragonite|24/100|[from] Sandstorm
|-sideend|p2: grop_vgc|move: Tailwind
|upkeep
|
|t:|1756767839
|switch|p2b: Garchomp|Garchomp, L50, F, tera:Stellar|82/100
|turn|5
|
|t:|1756767851
|move|p1b: Dragonite|Scale Shot|p2b: Garchomp
|-supereffective|p2b: Garchomp
|-damage|p2b: Garchomp|50/100
|-supereffective|p2b: Garchomp
|-damage|p2b: Garchomp|20/100
|-supereffective|p2b: Garchomp
|-crit|p2b: Garchomp
|-damage|p2b: Garchomp|0 fnt
|faint|p2b: Garchomp
|-hitcount|p2: Garchomp|3
|-unboost|p1b: Dragonite|def|1
|-boost|p1b: Dragonite|spe|1
|move|p1a: Incineroar|Parting Shot|p2a: Tyranitar
|-unboost|p2a: Tyranitar|atk|1
|-unboost|p2a: Tyranitar|spa|1
|
|t:|1756767854
|switch|p1a: Sinistcha|Sinistcha, L50|100/100|[from] Parting Shot
|-heal|p1b: Dragonite|49/100|[from] ability: Hospitality|[of] p1a: Sinistcha
|move|p2a: Tyranitar|Rock Slide|p1a: Sinistcha|[spread] p1a
|-miss|p2a: Tyranitar|p1b: Dragonite
|-damage|p1a: Sinistcha|87/100
|
|-weather|Sandstorm|[upkeep]
|-damage|p1b: Dragonite|43/100|[from] Sandstorm
|-damage|p1a: Sinistcha|81/100|[from] Sandstorm
|upkeep
|turn|6
|inactive|grop_vgc has 30 seconds left.
|
|t:|1756767879
|move|p1b: Dragonite|Scale Shot|p2a: Tyranitar
|-damage|p2a: Tyranitar|83/100
|-damage|p2a: Tyranitar|70/100
|-damage|p2a: Tyranitar|59/100
|-damage|p2a: Tyranitar|46/100
|-damage|p2a: Tyranitar|32/100
|-hitcount|p2a: Tyranitar|5
|-unboost|p1b: Dragonite|def|1
|-boost|p1b: Dragonite|spe|1
|move|p1a: Sinistcha|Matcha Gotcha|p2a: Tyranitar
|-supereffective|p2a: Tyranitar
|-damage|p2a: Tyranitar|6/100
|-heal|p1a: Sinistcha|95/100|[from] drain|[of] p2a: Tyranitar
|-status|p2a: Tyranitar|brn
|move|p2a: Tyranitar|Knock Off|p1a: Sinistcha
|-supereffective|p1a: Sinistcha
|-damage|p1a: Sinistcha|68/100
|-enditem|p1a: Sinistcha|Sitrus Berry|[from] move: Knock Off|[of] p2a: Tyranitar
|
|-weather|Sandstorm|[upkeep]
|-damage|p1b: Dragonite|37/100|[from] Sandstorm
|-damage|p1a: Sinistcha|62/100|[from] Sandstorm
|-damage|p2a: Tyranitar|0 fnt|[from] brn
|faint|p2a: Tyranitar
|
|win|zweeta
||grop_vgc is ready for game 2.
||zweeta is ready for game 2.
|uhtml|next|Next: Game 2 of 3
