|j|☆ESCharge
|j|‽flyver33
|html|ESChargeflyver33    
|uhtml|bestof|Game 2 of a best-of-3
|t:|1785675055
|gametype|doubles
|player|p1|ESCharge|byron|
|player|p2|flyver33|n|
|gen|9
|tier|[Gen 9 Champions] VGC 2026 Reg M-B (Bo3)
|rule|Species Clause: Limit one of each Pokémon
|rule|Item Clause: Limit 1 of each item
|clearpoke
|poke|p1|Heliolisk, L50, M|
|poke|p1|Simisear, L50, M|
|poke|p1|Garbodor, L50, F|
|poke|p1|Toucannon, L50, M|
|poke|p1|Zoroark, L50, F|
|poke|p1|Runerigus, L50, M|
|poke|p2|Runerigus, L50, M|
|poke|p2|Zoroark, L50, F|
|poke|p2|Simipour, L50, M|
|poke|p2|Toucannon, L50, M|
|poke|p2|Mr. Rime, L50, M|
|poke|p2|Garbodor, L50, F|
|teampreview|4
|showteam|p1|Heliolisk||WiseGlasses|SolarPower|Discharge,FocusBlast,HyperVoice,Substitute|Timid||M|||50|]Simisear||HeatRock|Gluttony|SunnyDay,FakeOut,WillOWisp,Protect|Jolly||M|||50|]Garbodor||BrightPowder|Aftermath|ToxicSpikes,PainSplit,Haze,Spikes|Calm||F|||50|]Toucannon||LifeOrb|SkillLink|BulletSeed,BraveBird,RockBlast,Roost|Adamant||M|||50|]Zoroark||ChoiceScarf|Illusion|SunnyDay,DarkPulse,Protect,Trick|Timid||F|||50|]Runerigus||Leftovers|WanderingSpirit|IronDefense,BodyPress,WillOWisp,Protect|Careful||M|||50|
|showteam|p2|Runerigus||ExpertBelt|WanderingSpirit|TrickRoom,Earthquake,WillOWisp,BodyPress|Adamant||M|||50|]Zoroark||ChoiceScarf|Illusion|Trick,Taunt,DarkPulse,Snarl|Modest||F|||50|]Simipour||MysticWater|Torrent|FakeOut,IceBeam,Scald,Protect|Modest||M|||50|]Toucannon||LifeOrb|SheerForce|Tailwind,BeakBlast,Protect,ThroatChop|Careful||M|||50|]Mr. Rime||IcyRock|IceBody|LightScreen,Protect,Snowscape,Blizzard|Quiet||M|||50|]Garbodor||SitrusBerry|Stench|StompingTantrum,PoisonJab,ToxicSpikes,Protect|Careful||F|||50|
|inactive|Battle timer is ON: inactive players will automatically lose when time's up. (requested by ESCharge)
|inactive|flyver33 has 60 seconds left.
|inactive|flyver33 has 30 seconds left.
|
|t:|1785675121
|teamsize|p1|4
|teamsize|p2|4
|start
|switch|p1a: Nicola|Heliolisk, L50, M|100/100
|switch|p1b: Toucannon|Toucannon, L50, M|100/100
|switch|p2a: Runerigus|Runerigus, L50, M|100/100
|switch|p2b: Simipour|Simipour, L50, M|100/100
|turn|1
|inactive|ESCharge has 30 seconds left.
|inactive|flyver33 has 30 seconds left.
|
|t:|1785675151
|move|p2b: Simipour|Fake Out|p1a: Nicola
|-damage|p1a: Nicola|82/100
|move|p2a: Runerigus|Snarl|p1a: Nicola|[spread] p1a,p1b
|-damage|p1a: Nicola|51/100
|-damage|p1b: Toucannon|75/100
|-unboost|p1a: Nicola|spa|1
|-unboost|p1b: Toucannon|spa|1
|cant|p1a: Nicola|flinch
|move|p1b: Toucannon|Bullet Seed|p2b: Simipour
|-supereffective|p2b: Simipour|1
|-damage|p2b: Simipour|63/100
|-supereffective|p2b: Simipour|1
|-damage|p2b: Simipour|30/100
|-supereffective|p2b: Simipour|1
|-damage|p2b: Simipour|0 fnt
|faint|p2b: Simipour
|-hitcount|p2: Simipour|3
|-damage|p1b: Toucannon|65/100|[from] item: Life Orb
|
|upkeep
|
|t:|1785675171
|switch|p2b: Toucannon|Toucannon, L50, M|100/100
|turn|2
|
|t:|1785675185
|switch|p1a: Nicola|Heliolisk, L50, M|100/100
|switch|p1b: Garbodor|Garbodor, L50, F|100/100
|move|p2a: Runerigus|Snarl|p1b: Garbodor|[spread] p1a,p1b
|-resisted|p1a: Nicola|1
|-damage|p1a: Nicola|78/100
|-damage|p1b: Garbodor|83/100
|-unboost|p1a: Nicola|spa|1
|-unboost|p1b: Garbodor|spa|1
|replace|p1a: Zoroark|Zoroark, L50, F
|-end|p1a: Zoroark|Illusion
|move|p2b: Toucannon|Throat Chop|p1b: Garbodor
|-damage|p1b: Garbodor|36/100
|
|upkeep
|turn|3
|c|☆ESCharge|Мисклик, бля
|c|☆ESCharge|Ну ладно
|inactive|ESCharge has 30 seconds left.
|
|t:|1785675217
|move|p1a: Zoroark|Sunny Day|p1a: Zoroark
|-weather|SunnyDay
|move|p2a: Runerigus|Snarl|p1a: Zoroark|[spread] p1a,p1b
|-resisted|p1a: Zoroark|1
|-damage|p1a: Zoroark|59/100
|-damage|p1b: Garbodor|19/100
|-unboost|p1a: Zoroark|spa|1
|-unboost|p1b: Garbodor|spa|1
|move|p1b: Garbodor|Pain Split|p2b: Toucannon
|-sethp|p2b: Toucannon|60/100|[from] move: Pain Split|[silent]
|-sethp|p1b: Garbodor|55/100|[from] move: Pain Split
|move|p2b: Toucannon|Throat Chop|p1a: Zoroark
|-resisted|p1a: Zoroark|1
|-damage|p1a: Zoroark|18/100
|
|-weather|SunnyDay|[upkeep]
|upkeep
|turn|4
|inactive|ESCharge has 30 seconds left.
|
|t:|1785675245
|switch|p1a: Toucannon|Toucannon, L50, M|65/100
|move|p2a: Runerigus|Snarl|p1a: Toucannon|[spread] p1a
|-miss|p2a: Runerigus|p1b: Garbodor
|-damage|p1a: Toucannon|41/100
|-unboost|p1a: Toucannon|spa|1
|move|p1b: Garbodor|Pain Split|p2a: Runerigus
|-sethp|p2a: Runerigus|84/100|[from] move: Pain Split|[silent]
|-sethp|p1b: Garbodor|67/100|[from] move: Pain Split
|move|p2b: Toucannon|Throat Chop|p1b: Garbodor
|-damage|p1b: Garbodor|15/100
|
|-weather|SunnyDay|[upkeep]
|upkeep
|turn|5
|inactive|ESCharge has 30 seconds left.
|
|t:|1785675277
|move|p2a: Runerigus|Snarl|p1a: Toucannon|[spread] p1a,p1b
|-damage|p1a: Toucannon|16/100
|-damage|p1b: Garbodor|0 fnt
|-unboost|p1a: Toucannon|spa|1
|faint|p1b: Garbodor
|move|p2b: Toucannon|Throat Chop|p1a: Toucannon
|-damage|p1a: Toucannon|0 fnt
|faint|p1a: Toucannon
|
|-weather|SunnyDay|[upkeep]
|upkeep
|
|t:|1785675289
|switch|p1b: Nicola|Heliolisk, L50, M|18/100
|switch|p1a: Nicola|Heliolisk, L50, M|51/100
|turn|6
|
|t:|1785675302
|move|p2b: Toucannon|Protect|p2b: Toucannon
|-singleturn|p2b: Toucannon|Protect
|move|p1b: Nicola|Dark Pulse|p2a: Runerigus
|-resisted|p2a: Runerigus|1
|-damage|p2a: Runerigus|55/100
|replace|p2a: Zoroark|Zoroark, L50, F
|-end|p2a: Zoroark|Illusion
|move|p2a: Zoroark|Snarl|p1a: Nicola|[spread] p1a,p1b
|-resisted|p1b: Nicola|1
|-damage|p1a: Nicola|24/100
|-damage|p1b: Nicola|0 fnt
|-unboost|p1a: Nicola|spa|1
|replace|p1b: Zoroark|Zoroark, L50, F
|-end|p1b: Zoroark|Illusion
|faint|p1b: Zoroark
|move|p1a: Nicola|Discharge|p2b: Toucannon|[spread] p2a
|-activate|p2b: Toucannon|move: Protect
|-damage|p2a: Zoroark|8/100
|
|-weather|SunnyDay|[upkeep]
|-damage|p1a: Nicola|12/100|[from] ability: Solar Power|[of] p1a: Nicola
|upkeep
|turn|7
|
|t:|1785675323
|move|p2a: Zoroark|Snarl|p1a: Nicola
|-damage|p1a: Nicola|0 fnt
|faint|p1a: Nicola
|
|win|flyver33
|c|☆ESCharge|Хорошо сыграли
