|j|☆wade connects
|j|☆pizzawing
|html|wade connectspizzawing    
|uhtml|bestof|Game 2 of a best-of-3
|t:|1785650083
|gametype|doubles
|player|p1|wade connects|101|1246
|player|p2|pizzawing|169|1349
|gen|9
|tier|[Gen 9 Champions] VGC 2026 Reg M-B (Bo3)
|rated|
|rule|Species Clause: Limit one of each Pokémon
|rule|Item Clause: Limit 1 of each item
|clearpoke
|poke|p1|Gholdengo, L50|
|poke|p1|Clefable, L50, F|
|poke|p1|Blaziken, L50, F, shiny|
|poke|p1|Sceptile, L50, F|
|poke|p1|Gyarados, L50, F, shiny|
|poke|p1|Aerodactyl, L50, F|
|poke|p2|Charizard, L50, F|
|poke|p2|Farigiraf, L50, F|
|poke|p2|Conkeldurr, L50, M|
|poke|p2|Venusaur, L50, M|
|poke|p2|Sylveon, L50, M|
|poke|p2|Aerodactyl, L50, F|
|teampreview|4
|showteam|p1|Gholdengo||MetalCoat|GoodasGold|Protect,NastyPlot,ShadowBall,MakeItRain|Modest|||||50|]Clefable||Leftovers|Unaware|Protect,FollowMe,LifeDew,Moonblast|Bold||F|||50|]Blaziken||LifeOrb|SpeedBoost|Detect,CloseCombat,FlareBlitz,RockSlide|Adamant||F|||50|]Sceptile||Sceptilite|Overgrow|Detect,EnergyBall,DragonPulse,EarthPower|Timid||F|||50|]Gyarados||Gyaradosite|Intimidate|Protect,DragonDance,Waterfall,Crunch|Adamant||F|||50|]Aerodactyl||FocusSash|Unnerve|Protect,Tailwind,DualWingbeat,RockSlide|Jolly||F|||50|
|showteam|p2|Charizard||CharizarditeY|SolarPower|HeatWave,WeatherBall,Protect,AncientPower|Timid||F|||50|]Farigiraf||SitrusBerry|ArmorTail|HyperVoice,Psychic,TrickRoom,Protect|Quiet||F|||50|]Conkeldurr||BlackBelt|IronFist|DrainPunch,IcePunch,MachPunch,ThunderPunch|Brave||M|||50|]Venusaur||LifeOrb|Chlorophyll|EnergyBall,SludgeBomb,EarthPower,Protect|Modest||M|||50|]Sylveon||FairyFeather|Pixilate|HyperVoice,HyperBeam,QuickAttack,Detect|Modest||M|||50|]Aerodactyl||Aerodactylite|Unnerve|RockSlide,DualWingbeat,IceFang,Tailwind|Jolly||F|||50|
|
|t:|1785650110
|teamsize|p1|4
|teamsize|p2|4
|start
|switch|p1a: Blaziken|Blaziken, L50, F, shiny|100/100
|switch|p1b: Aerodactyl|Aerodactyl, L50, F|100/100
|switch|p2a: Farigiraf|Farigiraf, L50, F|100/100
|switch|p2b: Sylveon|Sylveon, L50, M|100/100
|-ability|p1b: Aerodactyl|Unnerve
|turn|1
|
|t:|1785650135
|switch|p1a: Gholdengo|Gholdengo, L50|100/100
|move|p1b: Aerodactyl|Rock Slide|p2a: Farigiraf|[spread] p2a,p2b
|-crit|p2a: Farigiraf
|-damage|p2a: Farigiraf|63/100
|-damage|p2b: Sylveon|71/100
|move|p2b: Sylveon|Hyper Voice|p1b: Aerodactyl|[spread] p1a,p1b
|-resisted|p1a: Gholdengo|1
|-damage|p1a: Gholdengo|75/100
|-damage|p1b: Aerodactyl|31/100
|move|p2a: Farigiraf|Trick Room|p2a: Farigiraf
|-fieldstart|move: Trick Room|[of] p2a: Farigiraf
|
|upkeep
|turn|2
|
|t:|1785650154
|switch|p2b: Conkeldurr|Conkeldurr, L50, M|100/100
|move|p1b: Aerodactyl|Protect|p1b: Aerodactyl
|-singleturn|p1b: Aerodactyl|Protect
|move|p2a: Farigiraf|Psychic|p1b: Aerodactyl
|-activate|p1b: Aerodactyl|move: Protect
|move|p1a: Gholdengo|Make It Rain|p2b: Conkeldurr|[spread] p2a
|-miss|p1a: Gholdengo|p2b: Conkeldurr
|-damage|p2a: Farigiraf|0 fnt
|-unboost|p1a: Gholdengo|spa|2
|faint|p2a: Farigiraf
|
|upkeep
|
|t:|1785650159
|switch|p2a: Sylveon|Sylveon, L50, M|71/100
|turn|3
|
|t:|1785650172
|switch|p1b: Gyarados|Gyarados, L50, F, shiny|100/100
|-ability|p1b: Gyarados|Intimidate|boost
|-unboost|p2a: Sylveon|atk|1
|-unboost|p2b: Conkeldurr|atk|1
|move|p2b: Conkeldurr|Thunder Punch|p1a: Gholdengo
|-damage|p1a: Gholdengo|51/100
|move|p2a: Sylveon|Hyper Voice|p1a: Gholdengo|[spread] p1a,p1b
|-resisted|p1a: Gholdengo|1
|-crit|p1b: Gyarados
|-damage|p1a: Gholdengo|28/100
|-damage|p1b: Gyarados|36/100
|move|p1a: Gholdengo|Nasty Plot|p1a: Gholdengo
|-boost|p1a: Gholdengo|spa|2
|
|upkeep
|turn|4
|
|t:|1785650193
|switch|p1b: Aerodactyl|Aerodactyl, L50, F|31/100
|-ability|p1b: Aerodactyl|Unnerve
|move|p1a: Gholdengo|Protect|p1a: Gholdengo
|-singleturn|p1a: Gholdengo|Protect
|move|p2b: Conkeldurr|Thunder Punch|p1a: Gholdengo
|-activate|p1a: Gholdengo|move: Protect
|move|p2a: Sylveon|Hyper Voice|p1b: Aerodactyl|[spread] p1b
|-activate|p1a: Gholdengo|move: Protect
|-damage|p1b: Aerodactyl|0 fnt
|faint|p1b: Aerodactyl
|
|upkeep
|
|t:|1785650210
|switch|p1b: Gyarados|Gyarados, L50, F, shiny|36/100
|-ability|p1b: Gyarados|Intimidate|boost
|-unboost|p2a: Sylveon|atk|1
|-unboost|p2b: Conkeldurr|atk|1
|turn|5
|
|t:|1785650225
|switch|p1a: Blaziken|Blaziken, L50, F, shiny|100/100
|move|p1b: Gyarados|Protect|p1b: Gyarados
|-singleturn|p1b: Gyarados|Protect
|move|p2b: Conkeldurr|Thunder Punch|p1a: Blaziken
|-damage|p1a: Blaziken|71/100
|move|p2a: Sylveon|Hyper Voice|p1a: Blaziken|[spread] p1a
|-activate|p1b: Gyarados|move: Protect
|-damage|p1a: Blaziken|0 fnt
|faint|p1a: Blaziken
|
|-fieldend|move: Trick Room
|upkeep
|
|t:|1785650239
|switch|p1a: Gholdengo|Gholdengo, L50|28/100
|turn|6
|
|t:|1785650251
|move|p1b: Gyarados|Waterfall|p2b: Conkeldurr
|-damage|p2b: Conkeldurr|62/100
|move|p1a: Gholdengo|Make It Rain|p2a: Sylveon|[spread] p2a,p2b
|-supereffective|p2a: Sylveon|1
|-damage|p2a: Sylveon|0 fnt
|-damage|p2b: Conkeldurr|0 fnt
|-unboost|p1a: Gholdengo|spa|2
|faint|p2a: Sylveon
|faint|p2b: Conkeldurr
|
|upkeep
|
|t:|1785650261
|switch|p2a: Charizard|Charizard, L50, F|100/100
|turn|7
|
|t:|1785650268
|detailschange|p2a: Charizard|Charizard-Mega-Y, L50, F
|-mega|p2a: Charizard|Charizard|Charizardite Y
|-weather|SunnyDay|[from] ability: Drought|[of] p2a: Charizard
|detailschange|p1b: Gyarados|Gyarados-Mega, L50, F, shiny
|-mega|p1b: Gyarados|Gyarados|Gyaradosite
|-ability|p1b: Gyarados|Mold Breaker
|move|p2a: Charizard|Heat Wave|p1b: Gyarados|[spread] p1a,p1b
|-supereffective|p1a: Gholdengo|1
|-resisted|p1b: Gyarados|1
|-damage|p1a: Gholdengo|0 fnt
|-damage|p1b: Gyarados|11/100
|faint|p1a: Gholdengo
|move|p1b: Gyarados|Dragon Dance|p1b: Gyarados
|-boost|p1b: Gyarados|atk|1
|-boost|p1b: Gyarados|spe|1
|
|-weather|SunnyDay|[upkeep]
|upkeep
|turn|8
|
|t:|1785650286
|move|p1b: Gyarados|Waterfall|p2a: Charizard
|-supereffective|p2a: Charizard|1
|-damage|p2a: Charizard|0 fnt
|faint|p2a: Charizard
|
|win|wade connects
|raw|wade connects's rating: 1246 → 1278(+32 for winning)
|raw|pizzawing's rating: 1349 → 1323(-26 for losing)
|c|☆wade connects|Gg
|l|☆pizzawing
|player|p2|
