|j|☆axcoquette
|j|☆HunterOnShowdown
|html|axcoquetteHunterOnShowdown    
|uhtml|bestof|Game 1 of a best-of-3
|t:|1783288095
|gametype|doubles
|player|p1|axcoquette|maid|1182
|player|p2|HunterOnShowdown|hilbert|1272
|gen|9
|tier|[Gen 9 Champions] VGC 2026 Reg M-B (Bo3)
|rated|
|rule|Species Clause: Limit one of each Pokémon
|rule|Item Clause: Limit 1 of each item
|clearpoke
|poke|p1|Delphox, L50, M|
|poke|p1|Sneasler, L50, F|
|poke|p1|Sinistcha, L50|
|poke|p1|Incineroar, L50, F|
|poke|p1|Kingambit, L50, M|
|poke|p1|Floette-Eternal, L50, F|
|poke|p2|Emboar, L50, M|
|poke|p2|Garchomp, L50, F|
|poke|p2|Sinistcha-Masterpiece, L50, shiny|
|poke|p2|Rotom-Wash, L50, shiny|
|poke|p2|Grimmsnarl, L50, M|
|poke|p2|Gholdengo, L50|
|teampreview|4
|showteam|p1|Delphox||Delphoxite|Blaze|Protect,NastyPlot,HeatWave,Psychic|Timid||M|||50|]Sneasler||FocusSash|Unburden|Protect,FakeOut,DireClaw,CloseCombat|Jolly||F|||50|]Sinistcha||KasibBerry|Hospitality|Protect,RagePowder,MatchaGotcha,LifeDew|Bold|||||50|]Incineroar||SitrusBerry|Intimidate|FakeOut,FlareBlitz,HelpingHand,PartingShot|Careful||F|||50|]Kingambit||BlackGlasses|Defiant|KowtowCleave,SwordsDance,SuckerPunch,Protect|Adamant||M|||50|]Floette-Eternal||Floettite|FlowerVeil|Moonblast,DazzlingGleam,CalmMind,Protect|Modest||F|||50|
|showteam|p2|Emboar||Emboarite|Reckless|FlareBlitz,CloseCombat,SuckerPunch,Protect|Adamant||M|||50|]Garchomp||LifeOrb|RoughSkin|RockSlide,StompingTantrum,DragonClaw,Protect|Jolly||F|||50|]Sinistcha-Masterpiece||SitrusBerry|Hospitality|TrickRoom,StrengthSap,MatchaGotcha,RagePowder|Sassy|||||50|]Rotom-Wash||Leftovers|Levitate|VoltSwitch,HydroPump,WillOWisp,Protect|Modest|||||50|]Grimmsnarl||LightClay|Prankster|Reflect,SpiritBreak,PartingShot,FakeOut|Careful||M|||50|]Gholdengo||ChoiceScarf|GoodasGold|PowerGem,MakeItRain,ShadowBall,Trick|Modest|||||50|
|inactive|Battle timer is ON: inactive players will automatically lose when time's up. (requested by HunterOnShowdown)
|inactive|axcoquette also wants the timer to be on.
|
|t:|1783288123
|teamsize|p1|4
|teamsize|p2|4
|start
|switch|p1a: Delphox|Delphox, L50, M|100/100
|switch|p1b: Kingambit|Kingambit, L50, M|100/100
|switch|p2a: Tyrannis|Garchomp, L50, F|100/100
|switch|p2b: JARVIS|Grimmsnarl, L50, M|100/100
|turn|1
|
|t:|1783288137
|switch|p1b: Incineroar|Incineroar, L50, F|100/100
|-ability|p1b: Incineroar|Intimidate|boost
|-unboost|p2a: Tyrannis|atk|1
|-unboost|p2b: JARVIS|atk|1
|detailschange|p1a: Delphox|Delphox-Mega, L50, M
|-mega|p1a: Delphox|Delphox|Delphoxite
|move|p1a: Delphox|Protect|p1a: Delphox
|-singleturn|p1a: Delphox|Protect
|move|p2b: JARVIS|Reflect|p2b: JARVIS
|-sidestart|p2: HunterOnShowdown|Reflect
|move|p2a: Tyrannis|Rock Slide|p1b: Incineroar|[spread] p1b
|-activate|p1a: Delphox|move: Protect
|-supereffective|p1b: Incineroar|1
|-damage|p1b: Incineroar|70/100
|-damage|p2a: Tyrannis|90/100|[from] item: Life Orb
|
|upkeep
|turn|2
|
|t:|1783288152
|move|p1b: Incineroar|Fake Out|p2a: Tyrannis
|-damage|p2a: Tyrannis|83/100
|-damage|p1b: Incineroar|57/100|[from] ability: Rough Skin|[of] p2a: Tyrannis
|move|p1a: Delphox|Nasty Plot|p1a: Delphox
|-boost|p1a: Delphox|spa|2
|cant|p2a: Tyrannis|flinch
|move|p2b: JARVIS|Spirit Break|p1a: Delphox
|-resisted|p1a: Delphox|1
|-damage|p1a: Delphox|84/100
|-unboost|p1a: Delphox|spa|1
|
|upkeep
|turn|3
|inactive|axcoquette has 30 seconds left.
|
|t:|1783288185
|switch|p1b: Sinistcha|Sinistcha, L50|100/100
|-heal|p1a: Delphox|100/100|[from] ability: Hospitality|[of] p1b: Sinistcha
|move|p2b: JARVIS|Parting Shot|p1a: Delphox
|-unboost|p1a: Delphox|atk|1
|-unboost|p1a: Delphox|spa|1
|
|t:|1783288189
|switch|p2b: Emboar|Emboar, L50, M|100/100|[from] Parting Shot
|move|p1a: Delphox|Heat Wave|p2b: Emboar|[spread] p2a,p2b
|-resisted|p2a: Tyrannis|1
|-resisted|p2b: Emboar|1
|-damage|p2a: Tyrannis|59/100
|-damage|p2b: Emboar|76/100
|move|p2a: Tyrannis|Stomping Tantrum|p1b: Sinistcha
|-resisted|p1b: Sinistcha|1
|-damage|p1b: Sinistcha|73/100
|-damage|p2a: Tyrannis|50/100y|[from] item: Life Orb
|
|upkeep
|turn|4
|
|t:|1783288202
|switch|p2a: JARVIS|Grimmsnarl, L50, M|100/100
|switch|p1b: Incineroar|Incineroar, L50, F|57/100
|-ability|p1b: Incineroar|Intimidate|boost
|-unboost|p2a: JARVIS|atk|1
|-unboost|p2b: Emboar|atk|1
|detailschange|p2b: Emboar|Emboar-Mega, L50, M
|-mega|p2b: Emboar|Emboar|Emboarite
|-ability|p2b: Emboar|Mold Breaker
|move|p1a: Delphox|Protect|p1a: Delphox
|-singleturn|p1a: Delphox|Protect
|move|p2b: Emboar|Flare Blitz|p1b: Incineroar
|-resisted|p1b: Incineroar|1
|-damage|p1b: Incineroar|35/100
|-enditem|p1b: Incineroar|Sitrus Berry|[eat]
|-heal|p1b: Incineroar|60/100|[from] item: Sitrus Berry
|-damage|p2b: Emboar|68/100|[from] Recoil
|
|upkeep
|turn|5
|
|t:|1783288223
|move|p1b: Incineroar|Fake Out|p2a: JARVIS
|-damage|p2a: JARVIS|92/100
|cant|p2a: JARVIS|flinch
|move|p1a: Delphox|Psychic|p2b: Emboar
|-supereffective|p2b: Emboar|1
|-damage|p2b: Emboar|0 fnt
|faint|p2b: Emboar
|
|upkeep
|
|t:|1783288228
|switch|p2b: Life Cycle|Rotom-Wash, L50, shiny|100/100
|turn|6
|
|t:|1783288239
|switch|p1a: Sinistcha|Sinistcha, L50|73/100
|-heal|p1b: Incineroar|85/100|[from] ability: Hospitality|[of] p1a: Sinistcha
|move|p2a: JARVIS|Parting Shot|p1b: Incineroar
|-hint|Since gen 7, Dark is immune to Prankster moves.
|-immune|p1b: Incineroar
|move|p2b: Life Cycle|Volt Switch|p1b: Incineroar
|-crit|p1b: Incineroar
|-damage|p1b: Incineroar|47/100
|
|t:|1783288241
|switch|p2b: Tyrannis|Garchomp, L50, F|50/100y|[from] Volt Switch
|move|p1b: Incineroar|Parting Shot|p2b: Tyrannis
|-unboost|p2b: Tyrannis|atk|1
|-unboost|p2b: Tyrannis|spa|1
|-message|HunterOnShowdown forfeited.
|
|win|axcoquette
