|j|☆Larchete
|j|☆bonomia
|html|Larchetebonomia    
|uhtml|bestof|Game 1 of a best-of-3
|t:|1757633283
|gametype|doubles
|player|p1|Larchete|169|1354
|player|p2|bonomia|tourist|1552
|gen|9
|tier|[Gen 9] VGC 2025 Reg H (Bo3)
|rated|
|rule|Species Clause: Limit one of each Pokémon
|rule|Item Clause: Limit 1 of each item
|clearpoke
|poke|p1|Armarouge, L50, M|
|poke|p1|Indeedee-F, L50, F|
|poke|p1|Talonflame, L50, F|
|poke|p1|Tatsugiri, L50, F|
|poke|p1|Maushold, L50|
|poke|p1|Dondozo, L50, M|
|poke|p2|Dragonite, L50, F|
|poke|p2|Magmar, L50, F|
|poke|p2|Annihilape, L50, F|
|poke|p2|Kingambit, L50, F|
|poke|p2|Ninetales-Alola, L50, M|
|poke|p2|Dondozo, L50, M|
|teampreview|4
|showteam|p1|Armarouge||PowerHerb|FlashFire|TrickRoom,MeteorBeam,HeatWave,ExpandingForce|||M|||50|,,,,,Psychic]Indeedee-F||PsychicSeed|PsychicSurge|FollowMe,Psychic,HelpingHand,TrickRoom|||F|||50|,,,,,Grass]Talonflame||LifeOrb|GaleWings|BraveBird,FlareBlitz,Protect,Tailwind|||F|||50|,,,,,Stellar]Tatsugiri||ChoiceSpecs|Commander|MuddyWater,IcyWind,TeraBlast,DracoMeteor|||F|||50|,,,,,Dragon]Maushold||WideLens|Technician|Protect,HelpingHand,PopulationBomb,FollowMe||||||50|,,,,,Normal]Dondozo||Leftovers|Unaware|Protect,WaveCrash,Earthquake,OrderUp|||M|||50|,,,,,Grass
|showteam|p2|Dragonite||LoadedDice|Multiscale|Protect,ScaleShot,ExtremeSpeed,Haze|||F|||50|,,,,,Steel]Magmar||Eviolite|VitalSpirit|Protect,Flamethrower,FollowMe,WillOWisp|||F|||50|,,,,,Fairy]Annihilape||SafetyGoggles|Defiant|CloseCombat,RageFist,Taunt,Coaching|||F|||50|,,,,,Fire]Kingambit||AssaultVest|Defiant|KowtowCleave,IronHead,SuckerPunch,TeraBlast|||F|||50|,,,,,Flying]Ninetales-Alola||FocusSash|SnowWarning|Blizzard,AuroraVeil,Encore,FreezeDry|||M|||50|,,,,,Ghost]Dondozo||Leftovers|Unaware|Protect,Liquidation,Yawn,Fissure|||M|||50|,,,,,Grass
|inactive|Battle timer is ON: inactive players will automatically lose when time's up. (requested by bonomia)
|inactive|Larchete has 60 seconds left.
|inactive|bonomia has 60 seconds left.
|inactive|bonomia has 30 seconds left.
|inactive|bonomia has 20 seconds left.
|inactive|bonomia has 15 seconds left.
|inactive|bonomia has 10 seconds left.
|inactive|bonomia has 5 seconds left.
|
|t:|1757633395
|teamsize|p1|4
|teamsize|p2|4
|start
|switch|p1a: Uccello di fuoco|Talonflame, L50, F|100/100
|switch|p1b: Tore|Maushold, L50|100/100
|switch|p2a: Dragonite|Dragonite, L50, F|100/100
|switch|p2b: Annihilape|Annihilape, L50, F|100/100
|turn|1
|inactive|bonomia has 30 seconds left.
|inactive|bonomia has 20 seconds left.
|inactive|bonomia has 15 seconds left.
|inactive|bonomia has 10 seconds left.
|
|t:|1757633442
|-terastallize|p2a: Dragonite|Steel
|move|p1a: Uccello di fuoco|Protect|p1a: Uccello di fuoco
|-singleturn|p1a: Uccello di fuoco|Protect
|move|p1b: Tore|Protect|p1b: Tore
|-singleturn|p1b: Tore|Protect
|move|p2b: Annihilape|Coaching|p2a: Dragonite
|-boost|p2a: Dragonite|atk|1
|-boost|p2a: Dragonite|def|1
|move|p2a: Dragonite|Scale Shot|p1b: Tore
|-activate|p1b: Tore|move: Protect
|
|upkeep
|turn|2
|inactive|Larchete has 30 seconds left.
|
|t:|1757633474
|move|p1a: Uccello di fuoco|Brave Bird|p2b: Annihilape
|-supereffective|p2b: Annihilape
|-crit|p2b: Annihilape
|-damage|p2b: Annihilape|0 fnt
|faint|p2b: Annihilape
|-damage|p1a: Uccello di fuoco|57/100|[from] Recoil
|-damage|p1a: Uccello di fuoco|47/100|[from] item: Life Orb
|move|p1b: Tore|Population Bomb|p2a: Dragonite
|-resisted|p2a: Dragonite
|-damage|p2a: Dragonite|99/100
|-resisted|p2a: Dragonite
|-damage|p2a: Dragonite|94/100
|-resisted|p2a: Dragonite
|-damage|p2a: Dragonite|90/100
|-resisted|p2a: Dragonite
|-damage|p2a: Dragonite|86/100
|-resisted|p2a: Dragonite
|-damage|p2a: Dragonite|81/100
|-resisted|p2a: Dragonite
|-damage|p2a: Dragonite|78/100
|-resisted|p2a: Dragonite
|-crit|p2a: Dragonite
|-damage|p2a: Dragonite|68/100
|-resisted|p2a: Dragonite
|-damage|p2a: Dragonite|63/100
|-resisted|p2a: Dragonite
|-damage|p2a: Dragonite|59/100
|-resisted|p2a: Dragonite
|-damage|p2a: Dragonite|55/100
|-hitcount|p2a: Dragonite|10
|move|p2a: Dragonite|Scale Shot|p1a: Uccello di fuoco
|-crit|p1a: Uccello di fuoco
|-damage|p1a: Uccello di fuoco|0 fnt
|faint|p1a: Uccello di fuoco
|-hitcount|p1: Uccello di fuoco|1
|-unboost|p2a: Dragonite|def|1
|-boost|p2a: Dragonite|spe|1
|
|upkeep
|inactive|Larchete has 30 seconds left.
|inactive|Larchete has 20 seconds left.
|
|t:|1757633509
|switch|p1a: Pesce piccolo|Tatsugiri, L50, F|100/100
|switch|p2b: Dondozo|Dondozo, L50, M|100/100
|turn|3
|
|t:|1757633524
|move|p2a: Dragonite|Protect|p2a: Dragonite
|-singleturn|p2a: Dragonite|Protect
|move|p2b: Dondozo|Protect|p2b: Dondozo
|-singleturn|p2b: Dondozo|Protect
|move|p1b: Tore|Follow Me|p1b: Tore
|-singleturn|p1b: Tore|move: Follow Me
|move|p1a: Pesce piccolo|Muddy Water|p2a: Dragonite|[spread] 
|-activate|p2a: Dragonite|move: Protect
|-activate|p2b: Dondozo|move: Protect
|
|upkeep
|turn|4
|
|t:|1757633547
|move|p1b: Tore|Follow Me|p1b: Tore
|-singleturn|p1b: Tore|move: Follow Me
|move|p2a: Dragonite|Scale Shot|p1b: Tore
|-damage|p1b: Tore|68/100
|-damage|p1b: Tore|36/100
|-damage|p1b: Tore|1/100
|-damage|p1b: Tore|0 fnt
|faint|p1b: Tore
|-hitcount|p1: Tore|4
|-unboost|p2a: Dragonite|def|1
|-boost|p2a: Dragonite|spe|1
|move|p1a: Pesce piccolo|Muddy Water|p2a: Dragonite|[spread] p2a,p2b
|-resisted|p2b: Dondozo
|-damage|p2a: Dragonite|0 fnt
|-damage|p2b: Dondozo|81/100
|faint|p2a: Dragonite
|move|p2b: Dondozo|Yawn|p1a: Pesce piccolo
|-start|p1a: Pesce piccolo|move: Yawn|[of] p2b: Dondozo
|
|-heal|p2b: Dondozo|88/100|[from] item: Leftovers
|upkeep
|
|t:|1757633565
|switch|p1b: Pesce grande|Dondozo, L50, M|100/100
|switch|p2a: Ninetales|Ninetales-Alola, L50, M|100/100
|-weather|Snowscape|[from] ability: Snow Warning|[of] p2a: Ninetales
|-activate|p1a: Pesce piccolo|ability: Commander|[of] p1b: Pesce grande
|-boost|p1b: Pesce grande|atk|2
|-boost|p1b: Pesce grande|spa|2
|-boost|p1b: Pesce grande|spe|2
|-boost|p1b: Pesce grande|def|2
|-boost|p1b: Pesce grande|spd|2
|turn|5
|
|t:|1757633577
|move|p2a: Ninetales|Aurora Veil|p2a: Ninetales
|-sidestart|p2: bonomia|move: Aurora Veil
|move|p1b: Pesce grande|Earthquake|p2b: Dondozo|[spread] p2a,p2b
|-miss|p1b: Pesce grande|p1a: Pesce piccolo
|-damage|p2a: Ninetales|69/100
|-damage|p2b: Dondozo|80/100
|move|p2b: Dondozo|Yawn|p1b: Pesce grande
|-start|p1b: Pesce grande|move: Yawn|[of] p2b: Dondozo
|
|-weather|Snowscape|[upkeep]
|-heal|p2b: Dondozo|86/100|[from] item: Leftovers
|-end|p1a: Pesce piccolo|move: Yawn|[silent]
|-status|p1a: Pesce piccolo|slp
|upkeep
|turn|6
|
|t:|1757633599
|move|p2a: Ninetales|Freeze-Dry|p1b: Pesce grande
|-supereffective|p1b: Pesce grande
|-damage|p1b: Pesce grande|73/100
|move|p1b: Pesce grande|Wave Crash|p2a: Ninetales
|-damage|p2a: Ninetales|4/100
|-damage|p1b: Pesce grande|59/100|[from] Recoil
|move|p2b: Dondozo|Fissure|p1b: Pesce grande|[miss]
|-miss|p2b: Dondozo|p1b: Pesce grande
|
|-weather|Snowscape|[upkeep]
|-heal|p1b: Pesce grande|65/100|[from] item: Leftovers
|-heal|p2b: Dondozo|92/100|[from] item: Leftovers
|-end|p1b: Pesce grande|move: Yawn|[silent]
|-status|p1b: Pesce grande|slp
|upkeep
|turn|7
|
|t:|1757633622
|move|p2a: Ninetales|Freeze-Dry|p1b: Pesce grande
|-supereffective|p1b: Pesce grande
|-damage|p1b: Pesce grande|40/100 slp
|cant|p1b: Pesce grande|slp
|move|p2b: Dondozo|Fissure|p1b: Pesce grande|[miss]
|-miss|p2b: Dondozo|p1b: Pesce grande
|
|-weather|Snowscape|[upkeep]
|-heal|p1b: Pesce grande|47/100 slp|[from] item: Leftovers
|-heal|p2b: Dondozo|99/100|[from] item: Leftovers
|upkeep
|turn|8
|
|t:|1757633634
|move|p2a: Ninetales|Freeze-Dry|p1b: Pesce grande
|-supereffective|p1b: Pesce grande
|-damage|p1b: Pesce grande|22/100 slp
|cant|p1b: Pesce grande|slp
|move|p2b: Dondozo|Fissure|p1b: Pesce grande
|-damage|p1b: Pesce grande|0 fnt
|faint|p1b: Pesce grande
|-ohko
|
|-weather|Snowscape|[upkeep]
|-heal|p2b: Dondozo|100/100|[from] item: Leftovers
|upkeep
|turn|9
|
|t:|1757633642
|-terastallize|p1a: Pesce piccolo|Dragon
|move|p2a: Ninetales|Freeze-Dry|p1a: Pesce piccolo
|-supereffective|p1a: Pesce piccolo
|-damage|p1a: Pesce piccolo|40/100 slp
|cant|p1a: Pesce piccolo|slp
|move|p2b: Dondozo|Fissure|p1a: Pesce piccolo
|-damage|p1a: Pesce piccolo|0 fnt
|faint|p1a: Pesce piccolo
|-ohko
|
|win|bonomia
||bonomia is ready for game 2.
|inactive|Larchete has 30 seconds to confirm battle start!
||Larchete is ready for game 2.
|uhtml|next|Next: Game 2 of 3
