|j|☆Johnrg
|j|☆LastHorzion
|html|JohnrgLastHorzion    
|uhtml|bestof|Game 3 of a best-of-3
|t:|1756960902
|gametype|doubles
|player|p1|Johnrg|266|1207
|player|p2|LastHorzion|steven|1294
|gen|9
|tier|[Gen 9] VGC 2025 Reg H (Bo3)
|rated|
|rule|Species Clause: Limit one of each Pokémon
|rule|Item Clause: Limit 1 of each item
|clearpoke
|poke|p1|Typhlosion-Hisui, L50, M|
|poke|p1|Torkoal, L50, M|
|poke|p1|Porygon2, L50|
|poke|p1|Incineroar, L50, M|
|poke|p1|Jumpluff, L50, F|
|poke|p1|Ursaluna, L50, F|
|poke|p2|Sneasler, L50, M|
|poke|p2|Ursaluna-Bloodmoon, L50, M|
|poke|p2|Whimsicott, L50, M|
|poke|p2|Typhlosion-Hisui, L50, M|
|poke|p2|Indeedee, L50, M|
|poke|p2|Dragapult, L50, F|
|teampreview|4
|showteam|p1|Typhlosion-Hisui||ChoiceSpecs|Blaze|Eruption,HeatWave,ShadowBall,Overheat|||M|||50|,,,,,Fire]Torkoal||EjectPack|Drought|Eruption,Overheat,HelpingHand,Protect|||M|||50|,,,,,Fire]Porygon2||Eviolite|Download|TeraBlast,IceBeam,Recover,TrickRoom||||||50|,,,,,Fighting]Incineroar||SitrusBerry|Intimidate|FlareBlitz,KnockOff,FakeOut,PartingShot|||M|||50|,,,,,Ghost]Jumpluff||CovertCloak|Chlorophyll|SleepPowder,SunnyDay,RagePowder,Tailwind|||F|||50|,,,,,Water]Ursaluna||FlameOrb|Guts|HeadlongRush,Facade,Earthquake,Protect|||F|||50|,,,,,Ghost
|showteam|p2|Sneasler||PsychicSeed|Unburden|CloseCombat,DireClaw,ThroatChop,Protect|||M|||50|,,,,,Dark]Ursaluna-Bloodmoon||LifeOrb|MindsEye|BloodMoon,EarthPower,HyperVoice,Protect|||M|||50|,,,,,Ghost]Whimsicott||CovertCloak|Prankster|Tailwind,Moonblast,Encore,SunnyDay|||M|||50|,,,,,Water]Typhlosion-Hisui||ChoiceScarf|Blaze|Eruption,ShadowBall,HeatWave,Overheat|||M|||50|,,,,,Fire]Indeedee||FocusSash|PsychicSurge|ExpandingForce,TeraBlast,Imprison,TrickRoom|||M|||50|,,,,,Ground]Dragapult||ChoiceBand|ClearBody|DragonDarts,Uturn,PhantomForce,Outrage|||F|||50|,,,,,Dragon
|inactive|Battle timer is ON: inactive players will automatically lose when time's up. (requested by LastHorzion)
|inactive|Johnrg also wants the timer to be on.
|
|t:|1756960920
|teamsize|p1|4
|teamsize|p2|4
|start
|switch|p1a: Jumpluff|Jumpluff, L50, F|100/100
|switch|p1b: Torkoal|Torkoal, L50, M|100/100
|switch|p2a: Dragapult|Dragapult, L50, F, shiny|100/100
|switch|p2b: Indeedee|Indeedee, L50, M, shiny|100/100
|-fieldstart|move: Psychic Terrain|[from] ability: Psychic Surge|[of] p2b: Indeedee
|-weather|SunnyDay|[from] ability: Drought|[of] p1b: Torkoal
|turn|1
|
|t:|1756960941
|-terastallize|p2a: Dragapult|Dragon
|move|p1a: Jumpluff|Sleep Powder|p2a: Dragapult|[miss]
|-miss|p1a: Jumpluff|p2a: Dragapult
|move|p2a: Dragapult|Outrage|p1a: Jumpluff
|-damage|p1a: Jumpluff|0 fnt
|faint|p1a: Jumpluff
|move|p2b: Indeedee|Expanding Force|p1b: Torkoal
|-damage|p1b: Torkoal|4/100
|move|p1b: Torkoal|Overheat|p2b: Indeedee
|-enditem|p2b: Indeedee|Focus Sash
|-damage|p2b: Indeedee|1/100
|-unboost|p1b: Torkoal|spa|2
|-enditem|p1b: Torkoal|Eject Pack
|
|t:|1756960955
|switch|p1b: Typhlosion|Typhlosion-Hisui, L50, M|100/100
|
|-weather|SunnyDay|[upkeep]
|upkeep
|
|t:|1756960960
|switch|p1a: Incineroar|Incineroar, L50, M|100/100
|-ability|p1a: Incineroar|Intimidate|boost
|-fail|p2a: Dragapult|unboost|[from] ability: Clear Body|[of] p2a: Dragapult
|-unboost|p2b: Indeedee|atk|1
|turn|2
|
|t:|1756960978
|move|p2a: Dragapult|Outrage|p1b: Typhlosion|[from] lockedmove
|-damage|p1b: Typhlosion|0 fnt
|faint|p1b: Typhlosion
|-start|p2a: Dragapult|confusion|[fatigue]
|move|p2b: Indeedee|Expanding Force|p1a: Incineroar
|-immune|p1a: Incineroar
|move|p1a: Incineroar|Knock Off|p2a: Dragapult
|-damage|p2a: Dragapult|39/100
|-enditem|p2a: Dragapult|Choice Band|[from] move: Knock Off|[of] p1a: Incineroar
|
|-weather|SunnyDay|[upkeep]
|upkeep
|
|t:|1756960982
|switch|p1b: Torkoal|Torkoal, L50, M|4/100
|turn|3
|
|t:|1756960993
|switch|p2a: Typhlosion|Typhlosion-Hisui, L50, M|100/100
|move|p1b: Torkoal|Protect|p1b: Torkoal
|-singleturn|p1b: Torkoal|Protect
|move|p2b: Indeedee|Expanding Force|p1a: Incineroar|[spread] 
|-activate|p1b: Torkoal|move: Protect
|-immune|p1a: Incineroar
|move|p1a: Incineroar|Knock Off|p2a: Typhlosion
|-supereffective|p2a: Typhlosion
|-damage|p2a: Typhlosion|0 fnt
|-enditem|p2a: Typhlosion|Choice Scarf|[from] move: Knock Off|[of] p1a: Incineroar
|faint|p2a: Typhlosion
|
|-weather|SunnyDay|[upkeep]
|upkeep
|
|t:|1756961004
|switch|p2a: Sneasler|Sneasler, L50, M|100/100
|-enditem|p2a: Sneasler|Psychic Seed
|-boost|p2a: Sneasler|spd|1|[from] item: Psychic Seed
|turn|4
|
|t:|1756961017
|-terastallize|p1a: Incineroar|Ghost
|move|p2a: Sneasler|Dire Claw|p1a: Incineroar
|-resisted|p1a: Incineroar
|-damage|p1a: Incineroar|77/100
|-status|p1a: Incineroar|psn
|move|p2b: Indeedee|Expanding Force|p1a: Incineroar|[spread] p1a,p1b
|-damage|p1a: Incineroar|31/100 psn
|-damage|p1b: Torkoal|0 fnt
|-enditem|p1a: Incineroar|Sitrus Berry|[eat]
|-heal|p1a: Incineroar|55/100 psn|[from] item: Sitrus Berry
|faint|p1b: Torkoal
|move|p1a: Incineroar|Flare Blitz|p2a: Sneasler
|-damage|p2a: Sneasler|0 fnt
|faint|p2a: Sneasler
|-damage|p1a: Incineroar|30/100 psn|[from] Recoil
|
|-weather|SunnyDay|[upkeep]
|-damage|p1a: Incineroar|18/100 psn|[from] psn
|upkeep
|
|t:|1756961019
|switch|p2a: Dragapult|Dragapult, L50, F, shiny, tera:Dragon|39/100
|turn|5
|
|t:|1756961027
|move|p2a: Dragapult|Dragon Darts|p1a: Incineroar
|-crit|p1a: Incineroar
|-damage|p1a: Incineroar|0 fnt
|faint|p1a: Incineroar
|
|win|LastHorzion
|raw|Johnrg's rating: 1207 → 1188(-19 for losing)
|raw|LastHorzion's rating: 1294 → 1313(+19 for winning)
|l|☆Johnrg
|player|p1|
