|j|☆reggie67
|j|☆Caloteiros VGC
|html|reggie67Caloteiros VGC    
|uhtml|bestof|Game 1 of a best-of-3
|t:|1785804540
|gametype|doubles
|player|p1|reggie67|101|1000
|player|p2|Caloteiros VGC|morty|1000
|gen|9
|tier|[Gen 9 Champions] VGC 2026 Reg M-B (Bo3)
|rated|
|rule|Species Clause: Limit one of each Pokémon
|rule|Item Clause: Limit 1 of each item
|clearpoke
|poke|p1|Whimsicott, L50, M|
|poke|p1|Meganium, L50, M|
|poke|p1|Maushold-Four, L50|
|poke|p1|Basculegion, L50, M|
|poke|p1|Sinistcha-Masterpiece, L50|
|poke|p1|Sneasler, L50, M|
|poke|p2|Raichu, L50, F|
|poke|p2|Sinistcha, L50|
|poke|p2|Incineroar, L50, M|
|poke|p2|Sylveon, L50, F|
|poke|p2|Hydreigon, L50, M|
|poke|p2|Metagross, L50|
|teampreview|4
|showteam|p1|Whimsicott||FocusSash|Prankster|Tailwind,HelpingHand,SolarBeam,Protect|Bold||M|||50|]Meganium||Meganiumite|Overgrow|SolarBeam,DazzlingGleam,Protect,WeatherBall|Timid||M|||50|]Maushold-Four||KingsRock|FriendGuard|PopulationBomb,PlayRough,Protect,HyperVoice|Jolly|||||50|]Basculegion||MysticWater|Adaptability|LastRespects,ShadowBall,Protect,WaveCrash|Lonely||M|||50|]Sinistcha-Masterpiece||OccaBerry|Hospitality|EnergyBall,LifeDew,ShadowBall,StunSpore|Bold|||||50|]Sneasler||ScopeLens|PoisonTouch|DireClaw,Protect,FakeOut,CloseCombat|Adamant||M|||50|
|showteam|p2|Raichu||RaichuniteY|LightningRod|ZapCannon,FocusBlast,FakeOut,Protect|Timid||F|||50|]Sinistcha||SitrusBerry|Hospitality|MatchaGotcha,RagePowder,TrickRoom,Protect|Bold|||||50|]Incineroar||ShucaBerry|Intimidate|FlareBlitz,DarkestLariat,PartingShot,FakeOut|Careful||M|||50|]Sylveon||FairyFeather|Pixilate|HyperVoice,Moonblast,CalmMind,Protect|Modest||F|||50|]Hydreigon||ChoiceScarf|Levitate|DracoMeteor,DarkPulse,EarthPower,Snarl|Modest||M|||50|]Metagross||Metagrossite|ClearBody|HardPress,BodyPress,PsychicFangs,Protect|Adamant|||||50|
|inactive|Battle timer is ON: inactive players will automatically lose when time's up. (requested by Caloteiros VGC)
|inactive|Caloteiros VGC has 60 seconds left.
|
|t:|1785804584
|teamsize|p1|4
|teamsize|p2|4
|start
|switch|p1a: Meganium|Meganium, L50, M|100/100
|switch|p1b: Whimsicott|Whimsicott, L50, M|100/100
|switch|p2a: Incineroar|Incineroar, L50, M|100/100
|switch|p2b: Sinistcha|Sinistcha, L50|100/100
|-ability|p2a: Incineroar|Intimidate|boost
|-unboost|p1a: Meganium|atk|1
|-unboost|p1b: Whimsicott|atk|1
|turn|1
|inactive|reggie67 has 30 seconds left.
|inactive|reggie67 has 20 seconds left.
|
|t:|1785804621
|detailschange|p1a: Meganium|Meganium-Mega, L50, M
|-mega|p1a: Meganium|Meganium|Meganiumite
|move|p2a: Incineroar|Fake Out|p1a: Meganium
|-damage|p1a: Meganium|88/100
|move|p1b: Whimsicott|Tailwind|p1b: Whimsicott
|-sidestart|p1: reggie67|move: Tailwind
|cant|p1a: Meganium|flinch
|move|p2b: Sinistcha|Trick Room|p2b: Sinistcha
|-fieldstart|move: Trick Room|[of] p2b: Sinistcha
|
|upkeep
|turn|2
|
|t:|1785804638
|move|p1b: Whimsicott|Helping Hand|p1a: Meganium
|-singleturn|p1a: Meganium|Helping Hand|[of] p1b: Whimsicott
|move|p2b: Sinistcha|Protect|p2b: Sinistcha
|-singleturn|p2b: Sinistcha|Protect
|move|p2a: Incineroar|Parting Shot|p1a: Meganium
|-unboost|p1a: Meganium|atk|1
|-unboost|p1a: Meganium|spa|1
|
|t:|1785804645
|switch|p2a: Metagross|Metagross, L50|100/100|[from] Parting Shot
|move|p1a: Meganium|Solar Beam||[still]
|-prepare|p1a: Meganium|Solar Beam
|-activate|p1a: Meganium|ability: Mega Sol
|-anim|p1a: Meganium|Solar Beam|p2a: Metagross
|-resisted|p2a: Metagross|1
|-damage|p2a: Metagross|62/100
|
|upkeep
|turn|3
|
|t:|1785804670
|switch|p2b: Sylveon|Sylveon, L50, F|100/100
|detailschange|p2a: Metagross|Metagross-Mega, L50
|-mega|p2a: Metagross|Metagross|Metagrossite
|move|p1b: Whimsicott|Protect|p1b: Whimsicott
|-singleturn|p1b: Whimsicott|Protect
|move|p2a: Metagross|Hard Press|p1a: Meganium
|-supereffective|p1a: Meganium|1
|-damage|p1a: Meganium|0 fnt
|faint|p1a: Meganium
|
|upkeep
|
|t:|1785804681
|switch|p1a: Maushold|Maushold-Four, L50|100/100
|turn|4
|
|t:|1785804696
|move|p1b: Whimsicott|Helping Hand|p1a: Maushold
|-singleturn|p1a: Maushold|Helping Hand|[of] p1b: Whimsicott
|move|p2b: Sylveon|Hyper Voice|p1b: Whimsicott|[spread] p1a,p1b
|-damage|p1a: Maushold|27/100
|-damage|p1b: Whimsicott|48/100
|move|p2a: Metagross|Body Press|p1a: Maushold
|-supereffective|p1a: Maushold|1
|-damage|p1a: Maushold|0 fnt
|faint|p1a: Maushold
|
|-sideend|p1: reggie67|move: Tailwind
|upkeep
|
|t:|1785804718
|switch|p1a: Basculegion|Basculegion, L50, M|100/100
|turn|5
|
|t:|1785804740
|move|p1b: Whimsicott|Protect|p1b: Whimsicott
|-singleturn|p1b: Whimsicott|Protect
|move|p1a: Basculegion|Protect|p1a: Basculegion
|-singleturn|p1a: Basculegion|Protect
|move|p2b: Sylveon|Hyper Voice|p1a: Basculegion|[spread] 
|-activate|p1a: Basculegion|move: Protect
|-activate|p1b: Whimsicott|move: Protect
|move|p2a: Metagross|Psychic Fangs|p1a: Basculegion
|-activate|p1a: Basculegion|move: Protect
|
|-fieldend|move: Trick Room
|upkeep
|turn|6
|
|t:|1785804762
|move|p2a: Metagross|Protect|p2a: Metagross
|-singleturn|p2a: Metagross|Protect
|move|p1b: Whimsicott|Tailwind|p1b: Whimsicott
|-sidestart|p1: reggie67|move: Tailwind
|move|p1a: Basculegion|Wave Crash|p2a: Metagross
|-activate|p2a: Metagross|move: Protect
|move|p2b: Sylveon|Hyper Voice|p1b: Whimsicott|[spread] p1a,p1b
|-damage|p1a: Basculegion|49/100
|-damage|p1b: Whimsicott|0 fnt
|faint|p1b: Whimsicott
|
|upkeep
|turn|7
|inactive|reggie67 has 30 seconds left.
|
|t:|1785804794
|move|p1a: Basculegion|Last Respects|p2a: Metagross
|-supereffective|p2a: Metagross|1
|-damage|p2a: Metagross|0 fnt
|faint|p2a: Metagross
|move|p2b: Sylveon|Hyper Voice|p1a: Basculegion
|-damage|p1a: Basculegion|0 fnt
|faint|p1a: Basculegion
|
|win|Caloteiros VGC
||Caloteiros VGC is ready for game 2.
|inactive|reggie67 has 30 seconds to confirm battle start!
|l|☆reggie67
|player|p1|
|inactive|reggie67 has 20 seconds to confirm battle start!
|inactive|reggie67 has 10 seconds to confirm battle start!
|uhtml|next|Next: Game 2 of 3
