|j|‽FarmFreshVGC
|j|☆jacre22
|html|FarmFreshVGCjacre22    
|uhtml|bestof|Game 3 of a best-of-3
|t:|1756005526
|gametype|doubles
|player|p1|FarmFreshVGC|hiker-gen4|1208
|player|p2|jacre22|iris-gen5bw2|1288
|gen|9
|tier|[Gen 9] VGC 2025 Reg H (Bo3)
|rated|
|rule|Species Clause: Limit one of each Pokémon
|rule|Item Clause: Limit 1 of each item
|clearpoke
|poke|p1|Ursaluna, L50, M|
|poke|p1|Dragonite, L50, M|
|poke|p1|Gholdengo, L50|
|poke|p1|Vikavolt, L50, M|
|poke|p1|Porygon2, L50|
|poke|p1|Annihilape, L50, M|
|poke|p2|Whimsicott, L50, M|
|poke|p2|Garchomp, L50, M|
|poke|p2|Gholdengo, L50|
|poke|p2|Incineroar, L50, F|
|poke|p2|Sneasler, L50, M|
|poke|p2|Dragonite, L50, M|
|teampreview|4
|showteam|p1|Ursaluna||FlameOrb|Guts|HeadlongRush,Facade,Earthquake,Protect|||M|||50|,,,,,Ghost]Dragonite||LoadedDice|Multiscale|ScaleShot,Tailwind,Haze,Protect|||M|||50|,,,,,Fairy]Gholdengo||Leftovers|GoodasGold|MakeItRain,ShadowBall,NastyPlot,Protect||||||50|,,,,,Flying]Vikavolt||LifeOrb|Levitate|Thunderbolt,BugBuzz,Discharge,Protect|||M|||50|,,,,,Electric]Porygon2||Eviolite|Download|TeraBlast,IceBeam,TrickRoom,Recover||||||50|,,,,,Ghost]Annihilape||ChoiceScarf|Defiant|CloseCombat,RageFist,Uturn,FinalGambit|||M|||50|,,,,,Fire
|showteam|p2|Whimsicott||FocusSash|Prankster|Moonblast,Tailwind,Encore,Protect|||M|||50|,,,,,Ghost]Garchomp||LifeOrb|RoughSkin|Earthquake,DragonClaw,StompingTantrum,Protect|||M|||50|,,,,,Ground]Gholdengo||ChoiceSpecs|GoodasGold|MakeItRain,ShadowBall,Trick,Protect||||||50|,,,,,Steel]Incineroar||AssaultVest|Intimidate|FakeOut,FlareBlitz,KnockOff,Uturn|||F|||50|,,,,,Grass]Sneasler||WhiteHerb|Unburden|FakeOut,DireClaw,CloseCombat,Protect|||M|||50|,,,,,Stellar]Dragonite||ChoiceBand|InnerFocus|ExtremeSpeed,Outrage,IceSpinner,StompingTantrum|||M|||50|,,,,,Normal
|
|t:|1756005545
|teamsize|p1|4
|teamsize|p2|4
|start
|switch|p1a: Porygon2|Porygon2, L50|100/100
|switch|p1b: Gholdengo|Gholdengo, L50|100/100
|switch|p2a: Whimsicott|Whimsicott, L50, M|100/100
|switch|p2b: Gholdengo|Gholdengo, L50|100/100
|-ability|p1a: Porygon2|Download|boost
|-boost|p1a: Porygon2|spa|1
|turn|1
|
|t:|1756005591
|-terastallize|p2b: Gholdengo|Steel
|move|p2a: Whimsicott|Moonblast|p1b: Gholdengo
|-resisted|p1b: Gholdengo
|-damage|p1b: Gholdengo|82/100
|-unboost|p1b: Gholdengo|spa|1
|move|p2b: Gholdengo|Make It Rain|p1b: Gholdengo|[spread] p1a,p1b
|-resisted|p1b: Gholdengo
|-damage|p1a: Porygon2|46/100
|-damage|p1b: Gholdengo|30/100
|-unboost|p2b: Gholdengo|spa|1
|move|p1b: Gholdengo|Nasty Plot|p1b: Gholdengo
|-boost|p1b: Gholdengo|spa|2
|move|p1a: Porygon2|Trick Room|p1a: Porygon2
|-fieldstart|move: Trick Room|[of] p1a: Porygon2
|
|-heal|p1b: Gholdengo|36/100|[from] item: Leftovers
|upkeep
|turn|2
|
|t:|1756005623
|move|p2a: Whimsicott|Encore|p1b: Gholdengo
|-immune|p1b: Gholdengo|[from] ability: Good as Gold
|move|p1a: Porygon2|Recover|p1a: Porygon2
|-heal|p1a: Porygon2|96/100
|move|p1b: Gholdengo|Shadow Ball|p2b: Gholdengo
|-damage|p2b: Gholdengo|26/100
|move|p2b: Gholdengo|Make It Rain|p1a: Porygon2|[spread] p1a,p1b
|-resisted|p1b: Gholdengo
|-damage|p1a: Porygon2|59/100
|-damage|p1b: Gholdengo|2/100
|-unboost|p2b: Gholdengo|spa|1
|
|-heal|p1b: Gholdengo|8/100|[from] item: Leftovers
|upkeep
|turn|3
|
|t:|1756005644
|switch|p2b: Incineroar|Incineroar, L50, F|100/100
|-ability|p2b: Incineroar|Intimidate|boost
|-unboost|p1a: Porygon2|atk|1
|-unboost|p1b: Gholdengo|atk|1
|move|p2a: Whimsicott|Encore|p1a: Porygon2
|-start|p1a: Porygon2|Encore
|move|p1a: Porygon2|Recover|p1a: Porygon2
|-heal|p1a: Porygon2|100/100
|move|p1b: Gholdengo|Make It Rain|p2a: Whimsicott|[spread] p2a,p2b
|-supereffective|p2a: Whimsicott
|-resisted|p2b: Incineroar
|-enditem|p2a: Whimsicott|Focus Sash
|-damage|p2a: Whimsicott|1/100
|-damage|p2b: Incineroar|76/100
|-unboost|p1b: Gholdengo|spa|1
|
|-heal|p1b: Gholdengo|14/100|[from] item: Leftovers
|upkeep
|turn|4
|
|t:|1756005672
|switch|p1a: Vikavolt|Vikavolt, L50, M|100/100
|move|p2a: Whimsicott|Protect|p2a: Whimsicott
|-singleturn|p2a: Whimsicott|Protect
|move|p2b: Incineroar|Knock Off|p1a: Vikavolt
|-damage|p1a: Vikavolt|50/100
|-enditem|p1a: Vikavolt|Life Orb|[from] move: Knock Off|[of] p2b: Incineroar
|move|p1b: Gholdengo|Make It Rain|p2b: Incineroar|[spread] p2b
|-activate|p2a: Whimsicott|move: Protect
|-resisted|p2b: Incineroar
|-damage|p2b: Incineroar|61/100
|-unboost|p1b: Gholdengo|spa|1
|
|-heal|p1b: Gholdengo|20/100|[from] item: Leftovers
|upkeep
|turn|5
|
|t:|1756005714
|switch|p1b: Ursaluna|Ursaluna, L50, M|100/100
|switch|p2a: Dragonite|Dragonite, L50, M|100/100
|-terastallize|p1a: Vikavolt|Electric
|move|p1a: Vikavolt|Discharge|p2b: Incineroar|[spread] p2a,p2b
|-immune|p1b: Ursaluna
|-damage|p2a: Dragonite|60/100
|-damage|p2b: Incineroar|27/100
|move|p2b: Incineroar|Flare Blitz|p1a: Vikavolt
|-damage|p1a: Vikavolt|0 fnt
|faint|p1a: Vikavolt
|-damage|p2b: Incineroar|12/100|[from] Recoil
|
|-fieldend|move: Trick Room
|-status|p1b: Ursaluna|brn|[from] item: Flame Orb
|upkeep
|
|t:|1756005729
|switch|p1a: Porygon2|Porygon2, L50|100/100
|-ability|p1a: Porygon2|Download|boost
|-boost|p1a: Porygon2|atk|1
|turn|6
|
|t:|1756005757
|move|p1b: Ursaluna|Protect|p1b: Ursaluna
|-singleturn|p1b: Ursaluna|Protect
|move|p2a: Dragonite|Outrage|p1b: Ursaluna
|-activate|p1b: Ursaluna|move: Protect
|move|p2b: Incineroar|Knock Off|p1a: Porygon2
|-damage|p1a: Porygon2|74/100
|-enditem|p1a: Porygon2|Eviolite|[from] move: Knock Off|[of] p2b: Incineroar
|move|p1a: Porygon2|Trick Room|p1a: Porygon2
|-fieldstart|move: Trick Room|[of] p1a: Porygon2
|
|-damage|p1b: Ursaluna|95/100 brn|[from] brn
|upkeep
|turn|7
|
|t:|1756005790
|switch|p2a: Gholdengo|Gholdengo, L50, tera:Steel|26/100
|move|p1b: Ursaluna|Facade|p2b: Incineroar
|-damage|p2b: Incineroar|0 fnt
|faint|p2b: Incineroar
|move|p1a: Porygon2|Ice Beam|p2a: Gholdengo
|-resisted|p2a: Gholdengo
|-damage|p2a: Gholdengo|15/100
|
|-damage|p1b: Ursaluna|89/100 brn|[from] brn
|upkeep
|
|t:|1756005826
|switch|p2b: Dragonite|Dragonite, L50, M|60/100
|turn|8
|
|t:|1756005863
|move|p1b: Ursaluna|Headlong Rush|p2a: Gholdengo
|-supereffective|p2a: Gholdengo
|-damage|p2a: Gholdengo|0 fnt
|-unboost|p1b: Ursaluna|def|1
|-unboost|p1b: Ursaluna|spd|1
|faint|p2a: Gholdengo
|move|p1a: Porygon2|Ice Beam|p2b: Dragonite
|-supereffective|p2b: Dragonite
|-damage|p2b: Dragonite|0 fnt
|faint|p2b: Dragonite
|
|-damage|p1b: Ursaluna|83/100 brn|[from] brn
|upkeep
|c|☆jacre22|ggs
|
|t:|1756005874
|switch|p2b: Whimsicott|Whimsicott, L50, M|1/100
|turn|9
|
|t:|1756005880
|move|p1b: Ursaluna|Facade|p2b: Whimsicott
|-damage|p2b: Whimsicott|0 fnt
|faint|p2b: Whimsicott
|
|win|FarmFreshVGC
|raw|FarmFreshVGC's rating: 1208 → 1239(+31 for winning)
|raw|jacre22's rating: 1288 → 1257(-31 for losing)
