|j|☆BlackStag52
|j|☆JLitty
|html|BlackStag52JLitty    
|uhtml|bestof|Game 3 of a best-of-3
|t:|1756174935
|gametype|doubles
|player|p1|BlackStag52|beauty|1075
|player|p2|JLitty|102|1178
|gen|9
|tier|[Gen 9] VGC 2025 Reg H (Bo3)
|rated|
|rule|Species Clause: Limit one of each Pokémon
|rule|Item Clause: Limit 1 of each item
|clearpoke
|poke|p1|Kingambit, L50, F|
|poke|p1|Gallade, L50, M|
|poke|p1|Indeedee-F, L50, F|
|poke|p1|Rampardos, L50, M|
|poke|p1|Amoonguss, L50, F|
|poke|p1|Incineroar, L50, F|
|poke|p2|Sneasler, L50, M|
|poke|p2|Indeedee, L50, M|
|poke|p2|Volcarona, L50, F|
|poke|p2|Ursaluna-Bloodmoon, L50, M|
|poke|p2|Annihilape, L50, F|
|poke|p2|Tyranitar, L50, F|
|teampreview|4
|showteam|p1|Kingambit||BlackGlasses|Defiant|KowtowCleave,IronHead,Protect,PoisonJab|||F|||50|,,,,,Psychic]Gallade||ClearAmulet|Sharpness|SacredSword,TrickRoom,PsychoCut,WideGuard|||M|||50|,,,,,Dark]Indeedee-F||PsychicSeed|PsychicSurge|TrickRoom,FollowMe,HelpingHand,HyperVoice|||F|||50|,,,,,Fairy]Rampardos||LifeOrb|SheerForce|RockSlide,HammerArm,Protect,BreakingSwipe|||M|||50|,,,,,Dragon]Amoonguss||Leftovers|Regenerator|Spore,RagePowder,SludgeBomb,PollenPuff|||F|||50|,,,,,Dark]Incineroar||SafetyGoggles|Intimidate|FakeOut,PartingShot,KnockOff,FlareBlitz|||F|||50|,,,,,Ghost
|showteam|p2|Sneasler||PsychicSeed|Unburden|CloseCombat,DireClaw,ThroatChop,Protect|||M|||50|,,,,,Dark]Indeedee||ChoiceScarf|PsychicSurge|ExpandingForce,TeraBlast,Trick,Protect|||M|||50|,,,,,Psychic]Volcarona||SitrusBerry|FlameBody|Overheat,StruggleBug,RagePowder,Tailwind|||F|||50|,,,,,Grass]Ursaluna-Bloodmoon||LifeOrb|MindsEye|BloodMoon,HyperVoice,EarthPower,Protect|||M|||50|,,,,,Normal]Annihilape||SafetyGoggles|Defiant|CloseCombat,RageFist,Taunt,FinalGambit|||F|||50|,,,,,Fairy]Tyranitar||AssaultVest|SandStream|RockSlide,KnockOff,TeraBlast,LowKick|||F|||50|,,,,,Flying
|inactive|Battle timer is ON: inactive players will automatically lose when time's up. (requested by JLitty)
|
|t:|1756174956
|teamsize|p1|4
|teamsize|p2|4
|start
|switch|p1a: Gallade|Gallade, L50, M|100/100
|switch|p1b: Indeedee|Indeedee-F, L50, F|100/100
|switch|p2a: Annihilape|Annihilape, L50, F|100/100
|switch|p2b: Indeedee|Indeedee, L50, M|100/100
|-fieldstart|move: Psychic Terrain|[from] ability: Psychic Surge|[of] p2b: Indeedee
|-enditem|p1b: Indeedee|Psychic Seed
|-boost|p1b: Indeedee|spd|1|[from] item: Psychic Seed
|turn|1
|inactive|JLitty has 30 seconds left.
|inactive|JLitty has 20 seconds left.
|inactive|JLitty has 15 seconds left.
|
|t:|1756174998
|move|p1a: Gallade|Wide Guard|p1a: Gallade
|-singleturn|p1a: Gallade|Wide Guard
|move|p2b: Indeedee|Trick|p1a: Gallade
|-activate|p2b: Indeedee|move: Trick|[of] p1a: Gallade
|-item|p1a: Gallade|Choice Scarf|[from] move: Trick
|-item|p2b: Indeedee|Clear Amulet|[from] move: Trick
|move|p2a: Annihilape|Taunt|p1b: Indeedee
|-start|p1b: Indeedee|move: Taunt
|cant|p1b: Indeedee|move: Taunt|Trick Room
|
|upkeep
|turn|2
|
|t:|1756175020
|switch|p2a: Tyranitar|Tyranitar, L50, F|100/100
|-weather|Sandstorm|[from] ability: Sand Stream|[of] p2a: Tyranitar
|switch|p1b: Rampardos|Rampardos, L50, M|100/100
|-terastallize|p2b: Indeedee|Psychic
|move|p2b: Indeedee|Expanding Force|p1b: Rampardos|[spread] p1a,p1b
|-damage|p1a: Gallade|32/100
|-damage|p1b: Rampardos|20/100
|move|p1a: Gallade|Psycho Cut|p2a: Tyranitar
|-immune|p2a: Tyranitar
|
|-weather|Sandstorm|[upkeep]
|-damage|p2b: Indeedee|95/100|[from] Sandstorm
|-damage|p1a: Gallade|26/100|[from] Sandstorm
|upkeep
|turn|3
|
|t:|1756175040
|switch|p1a: Kingambit|Kingambit, L50, F|100/100
|move|p1b: Rampardos|Protect|p1b: Rampardos
|-singleturn|p1b: Rampardos|Protect
|move|p2b: Indeedee|Expanding Force|p1b: Rampardos|[spread] 
|-activate|p1b: Rampardos|move: Protect
|-immune|p1a: Kingambit
|move|p2a: Tyranitar|Low Kick|p1b: Rampardos
|-activate|p1b: Rampardos|move: Protect
|
|-weather|Sandstorm|[upkeep]
|-damage|p2b: Indeedee|89/100|[from] Sandstorm
|upkeep
|turn|4
|
|t:|1756175057
|switch|p1b: Gallade|Gallade, L50, M|26/100
|move|p2b: Indeedee|Protect|p2b: Indeedee
|-singleturn|p2b: Indeedee|Protect
|move|p2a: Tyranitar|Low Kick|p1a: Kingambit
|-supereffective|p1a: Kingambit
|-damage|p1a: Kingambit|0 fnt
|faint|p1a: Kingambit
|
|-weather|Sandstorm|[upkeep]
|-damage|p2b: Indeedee|83/100|[from] Sandstorm
|-damage|p1b: Gallade|20/100|[from] Sandstorm
|upkeep
|
|t:|1756175068
|switch|p1a: Rampardos|Rampardos, L50, M|20/100
|turn|5
|inactive|BlackStag52 has 30 seconds left.
|
|t:|1756175094
|switch|p2a: Annihilape|Annihilape, L50, F|100/100
|move|p2b: Indeedee|Expanding Force|p1b: Gallade|[spread] p1a,p1b
|-damage|p1a: Rampardos|0 fnt
|-damage|p1b: Gallade|0 fnt
|faint|p1a: Rampardos
|faint|p1b: Gallade
|
|-weather|Sandstorm|[upkeep]
|-damage|p2b: Indeedee|77/100|[from] Sandstorm
|-fieldend|move: Psychic Terrain
|upkeep
|-message|BlackStag52 forfeited.
|
|win|JLitty
|raw|BlackStag52's rating: 1075 → 1060(-15 for losing)
|raw|JLitty's rating: 1178 → 1196(+18 for winning)
