|j|Ōśåyellow juice
|j|Ōśåfreshveggies2
|html|yellow juicefreshveggies2    
|uhtml|bestof|Game 1 of a best-of-3
|t:|1756251048
|gametype|doubles
|player|p1|yellow juice|baker|
|player|p2|freshveggies2|169|
|gen|9
|tier|[Gen 9] VGC 2025 Reg H (Bo3)
|rule|Tera Type Preview: Tera Types are shown at Team Preview
|rule|Species Clause: Limit one of each Pok├®mon
|rule|Item Clause: Limit 1 of each item
|raw|2 custom rules: Tera Type Preview, !Force Open Team Sheets
|clearpoke
|poke|p1|Gholdengo, L50|
|poke|p1|Amoonguss, L50, M|
|poke|p1|Murkrow, L50, F|
|poke|p1|Gothitelle, L50, M|
|poke|p1|Rhyperior, L50, M|
|poke|p1|Cinderace, L50, F|
|poke|p2|Meowscarada, L50, M|
|poke|p2|Infernape, L50, F|
|poke|p2|Dondozo, L50, F|
|poke|p2|Glimmora, L50, M|
|poke|p2|Skiploom, L50, M|
|poke|p2|Tatsugiri, L50, M|
|raw|yellow juice's Tera Types: /  /  /  /  / 
|raw|freshveggies2's Tera Types: /  /  /  /  / 
|teampreview|4
|j| Criee
|j| Harridino
|j| zuiyyy
|j| cuethequeue
|c| Criee|U_U
|c|Ōśåyellow juice|gl hf
|c|Ōśåfreshveggies2|timer or no
|j| sussygon
|c|Ōśåyellow juice|ye on timer
|c|Ōśåfreshveggies2|ok
|c|Ōśåfreshveggies2|r
|c| sussygon|I hope one of you wins!
|c|Ōśåyellow juice|r
|c| sussygon|and one of you loses!
|inactive|Battle timer is ON: inactive players will automatically lose when time's up. (requested by freshveggies2)
|c| Harridino|I hope Gothitelle loses
|inactive|freshveggies2 has 60 seconds left.
|
|t:|1756251136
|teamsize|p1|4
|teamsize|p2|4
|start
|switch|p1a: Gholdengo|Gholdengo, L50|100/100
|switch|p1b: Gothitelle|Gothitelle, L50, M|100/100
|switch|p2a: Dondozo|Dondozo, L50, F|100/100
|switch|p2b: Infernape|Infernape, L50, F|100/100
|turn|1
|inactive|yellow juice has 30 seconds left.
|inactive|freshveggies2 has 30 seconds left.
|j| hunterdrago
|
|t:|1756251167
|-terastallize|p1a: Gholdengo|Dragon
|move|p2b: Infernape|Fake Out|p1b: Gothitelle
|-damage|p1b: Gothitelle|92/100
|cant|p1b: Gothitelle|flinch
|move|p1a: Gholdengo|Nasty Plot|p1a: Gholdengo
|-boost|p1a: Gholdengo|spa|2
|move|p2a: Dondozo|Wave Crash|p1a: Gholdengo
|-resisted|p1a: Gholdengo
|-damage|p1a: Gholdengo|68/100
|-damage|p2a: Dondozo|92/100|[from] Recoil
|
|-heal|p1a: Gholdengo|74/100|[from] item: Leftovers
|-heal|p2a: Dondozo|98/100|[from] item: Leftovers
|upkeep
|turn|2
|c| hunterdrago|MICKEY CON PERISH?
|inactive|yellow juice has 30 seconds left.
|inactive|freshveggies2 has 30 seconds left.
|inactive|freshveggies2 has 20 seconds left.
|
|t:|1756251203
|move|p2b: Infernape|Taunt|p1b: Gothitelle
|-start|p1b: Gothitelle|move: Taunt
|-enditem|p1b: Gothitelle|Mental Herb
|-end|p1b: Gothitelle|move: Taunt
|move|p1a: Gholdengo|Shadow Ball|p2a: Dondozo
|-damage|p2a: Dondozo|62/100
|move|p1b: Gothitelle|Foul Play|p2b: Infernape
|-resisted|p2b: Infernape
|-damage|p2b: Infernape|86/100
|move|p2a: Dondozo|Wave Crash|p1a: Gholdengo
|-resisted|p1a: Gholdengo
|-damage|p1a: Gholdengo|47/100
|-damage|p2a: Dondozo|55/100|[from] Recoil
|
|-heal|p1a: Gholdengo|53/100|[from] item: Leftovers
|-heal|p2a: Dondozo|61/100|[from] item: Leftovers
|upkeep
|turn|3
|
|t:|1756251221
|move|p2b: Infernape|Overheat|p1a: Gholdengo
|-resisted|p1a: Gholdengo
|-damage|p1a: Gholdengo|20/100
|-unboost|p2b: Infernape|spa|2
|-enditem|p2b: Infernape|Eject Pack
|
|t:|1756251229
|switch|p2b: Glimmora|Glimmora, L50, M|100/100
|move|p1a: Gholdengo|Shadow Ball|p2a: Dondozo
|-damage|p2a: Dondozo|19/100
|move|p1b: Gothitelle|Foul Play|p2a: Dondozo
|-damage|p2a: Dondozo|0 fnt
|faint|p2a: Dondozo
|
|-heal|p1a: Gholdengo|27/100|[from] item: Leftovers
|upkeep
|
|t:|1756251240
|switch|p2a: Meowscarada|Meowscarada, L50, M|100/100
|turn|4
|c| Criee|https://www.youtube.com/watch?v=1eCre8nIlJ4
|
|t:|1756251262
|switch|p1b: Murkrow|Murkrow, L50, F|100/100
|move|p1a: Gholdengo|Protect|p1a: Gholdengo
|-singleturn|p1a: Gholdengo|Protect
|move|p2a: Meowscarada|U-turn|p1b: Murkrow
|-start|p2a: Meowscarada|typechange|Bug|[from] ability: Protean
|-damage|p1b: Murkrow|41/100
|
|t:|1756251266
|switch|p2a: Infernape|Infernape, L50, F|86/100|[from] U-turn
|move|p2b: Glimmora|Meteor Beam||[still]
|-prepare|p2b: Glimmora|Meteor Beam
|-boost|p2b: Glimmora|spa|1
|-enditem|p2b: Glimmora|Power Herb
|-anim|p2b: Glimmora|Meteor Beam|p1a: Gholdengo
|-activate|p1a: Gholdengo|move: Protect
|
|-heal|p1a: Gholdengo|33/100|[from] item: Leftovers
|upkeep
|turn|5
|inactive|yellow juice has 30 seconds left.
|inactive|yellow juice has 20 seconds left.
|
|t:|1756251305
|switch|p1a: Gothitelle|Gothitelle, L50, M|92/100
|move|p2a: Infernape|Fake Out|p1b: Murkrow
|-damage|p1b: Murkrow|31/100
|cant|p1b: Murkrow|flinch
|move|p2b: Glimmora|Earth Power|p1a: Gothitelle
|-damage|p1a: Gothitelle|58/100
|
|upkeep
|turn|6
|inactive|freshveggies2 has 30 seconds left.
|
|t:|1756251338
|move|p1a: Gothitelle|Fake Out|p2b: Glimmora
|-resisted|p2b: Glimmora
|-damage|p2b: Glimmora|97/100
|-activate|p2b: Glimmora|ability: Toxic Debris
|-sidestart|p1: yellow juice|move: Toxic Spikes
|move|p1b: Murkrow|Perish Song|p1b: Murkrow
|-start|p1a: Gothitelle|perish3|[silent]
|-start|p1b: Murkrow|perish3|[silent]
|-start|p2a: Infernape|perish3|[silent]
|-start|p2b: Glimmora|perish3|[silent]
|-fieldactivate|move: Perish Song
|cant|p2b: Glimmora|flinch
|move|p2a: Infernape|Overheat|p1a: Gothitelle
|-damage|p1a: Gothitelle|11/100
|-unboost|p2a: Infernape|spa|2
|
|-start|p2b: Glimmora|perish3
|-start|p2a: Infernape|perish3
|-start|p1b: Murkrow|perish3
|-start|p1a: Gothitelle|perish3
|upkeep
|turn|7
|inactive|yellow juice has 30 seconds left.
|inactive|freshveggies2 has 30 seconds left.
|inactive|freshveggies2 has 20 seconds left.
|inactive|freshveggies2 has 15 seconds left.
|
|t:|1756251382
|move|p1a: Gothitelle|Protect|p1a: Gothitelle
|-singleturn|p1a: Gothitelle|Protect
|move|p1b: Murkrow|Tailwind|p1b: Murkrow
|-sidestart|p1: yellow juice|move: Tailwind
|move|p2b: Glimmora|Earth Power|p1a: Gothitelle
|-activate|p1a: Gothitelle|move: Protect
|move|p2a: Infernape|Overheat|p1b: Murkrow
|-damage|p1b: Murkrow|0 fnt
|-unboost|p2a: Infernape|spa|2
|faint|p1b: Murkrow
|
|-start|p1a: Gothitelle|perish2
|-start|p2b: Glimmora|perish2
|-start|p2a: Infernape|perish2
|upkeep
|inactive|yellow juice has 30 seconds left.
|
|t:|1756251408
|switch|p1b: Rhyperior|Rhyperior, L50, M|100/100
|-status|p1b: Rhyperior|psn
|turn|8
|inactive|freshveggies2 has 30 seconds left.
|inactive|freshveggies2 has 20 seconds left.
|inactive|freshveggies2 has 15 seconds left.
|inactive|freshveggies2 has 10 seconds left.
|inactive|freshveggies2 has 5 seconds left.
|
|t:|1756251459
|-terastallize|p2b: Glimmora|Grass
|move|p1a: Gothitelle|Protect||[still]
|-fail|p1a: Gothitelle
|move|p2b: Glimmora|Earth Power|p1a: Gothitelle
|-damage|p1a: Gothitelle|0 fnt
|faint|p1a: Gothitelle
|move|p2a: Infernape|Grass Knot|p1b: Rhyperior
|-supereffective|p1b: Rhyperior
|-damage|p1b: Rhyperior|37/100 psn
|-enditem|p1b: Rhyperior|Weakness Policy
|-boost|p1b: Rhyperior|atk|2|[from] item: Weakness Policy
|-boost|p1b: Rhyperior|spa|2|[from] item: Weakness Policy
|move|p1b: Rhyperior|High Horsepower|p2b: Glimmora
|-resisted|p2b: Glimmora
|-damage|p2b: Glimmora|47/100
|-activate|p2b: Glimmora|ability: Toxic Debris
|-sidestart|p1: yellow juice|move: Toxic Spikes
|
|-damage|p1b: Rhyperior|25/100 psn|[from] psn
|-start|p2b: Glimmora|perish1
|-start|p2a: Infernape|perish1
|upkeep
|
|t:|1756251464
|switch|p1a: Gholdengo|Gholdengo, L50, tera:Dragon|33/100
|-status|p1a: Gholdengo|tox
|turn|9
|
|t:|1756251488
|move|p1a: Gholdengo|Protect|p1a: Gholdengo
|-singleturn|p1a: Gholdengo|Protect
|move|p2b: Glimmora|Earth Power|p1a: Gholdengo
|-activate|p1a: Gholdengo|move: Protect
|move|p2a: Infernape|Grass Knot|p1b: Rhyperior
|-supereffective|p1b: Rhyperior
|-damage|p1b: Rhyperior|0 fnt
|faint|p1b: Rhyperior
|
|-heal|p1a: Gholdengo|39/100 tox|[from] item: Leftovers
|-damage|p1a: Gholdengo|33/100 tox|[from] psn
|-start|p2b: Glimmora|perish0
|-start|p2a: Infernape|perish0
|faint|p2b: Glimmora
|faint|p2a: Infernape
|upkeep
|
|t:|1756251497
|switch|p2b: Meowscarada|Meowscarada, L50, M|100/100
|turn|10
|
|t:|1756251509
|move|p1a: Gholdengo|Shadow Ball|p2b: Meowscarada
|-resisted|p2b: Meowscarada
|-damage|p2b: Meowscarada|71/100
|move|p2b: Meowscarada|Knock Off|p1a: Gholdengo
|-start|p2b: Meowscarada|typechange|Dark|[from] ability: Protean
|-damage|p1a: Gholdengo|0 fnt
|-enditem|p1a: Gholdengo|Leftovers|[from] move: Knock Off|[of] p2b: Meowscarada
|faint|p1a: Gholdengo
|
|win|freshveggies2
||yellow juice is ready for game 2.
||freshveggies2 is ready for game 2.
|uhtml|next|Next: Game 2 of 3
