|j|☆3-4 worlds
|j|☆thegreatestnone
|html|3-4 worldsthegreatestnone    
|uhtml|bestof|Game 1 of a best-of-3
|t:|1785100197
|gametype|doubles
|player|p1|3-4 worlds|emma|1127
|player|p2|thegreatestnone|2|1147
|gen|9
|tier|[Gen 9 Champions] VGC 2026 Reg M-B (Bo3)
|rated|
|rule|Species Clause: Limit one of each Pokémon
|rule|Item Clause: Limit 1 of each item
|clearpoke
|poke|p1|Blaziken, L50, M|
|poke|p1|Aerodactyl, L50, F|
|poke|p1|Basculegion, L50, M|
|poke|p1|Sylveon, L50, F|
|poke|p1|Torkoal, L50, F|
|poke|p1|Kingambit, L50, F|
|poke|p2|Staraptor, L50, M|
|poke|p2|Vanilluxe, L50, M|
|poke|p2|Farigiraf, L50, F|
|poke|p2|Blastoise, L50, F|
|poke|p2|Kingambit, L50, F|
|poke|p2|Camerupt, L50, F|
|teampreview|4
|showteam|p1|Blaziken||Blazikenite|SpeedBoost|CloseCombat,FlareBlitz,RockSlide,Detect|Adamant||M|||50|]Aerodactyl||Aerodactylite|Unnerve|DualWingbeat,IceFang,RockSlide,Tailwind|Jolly||F|||50|]Basculegion||FocusSash|Adaptability|LastRespects,Liquidation,AquaJet,Protect|Adamant||M|||50|]Sylveon||FairyFeather|Pixilate|Moonblast,HyperVoice,QuickAttack,Detect|Modest||F|||50|]Torkoal||Leftovers|Drought|HeatWave,WeatherBall,Yawn,Protect|Relaxed||F|||50|]Kingambit||LifeOrb|Defiant|KowtowCleave,IronHead,SuckerPunch,Protect|Adamant||F|||50|
|showteam|p2|Staraptor||ChoiceScarf|Intimidate|FinalGambit,BraveBird,CloseCombat,Uturn|Jolly||M|||50|]Vanilluxe||NeverMeltIce|SnowWarning|Blizzard,FreezeDry,Protect,IceShard|Quiet||M|||50|]Farigiraf||SitrusBerry|ArmorTail|PsychicFangs,HyperVoice,HelpingHand,TrickRoom|Relaxed||F|||50|]Blastoise||Blastoisinite|RainDish|FakeOut,WaterSpout,AuraSphere,DarkPulse|Quiet||F|||50|]Kingambit||LifeOrb|Defiant|KowtowCleave,IronHead,Protect,SuckerPunch|Brave||F|||50|]Camerupt||Cameruptite|SolidRock|HeatWave,EarthPower,Protect,AncientPower|Quiet||F|||50|
|inactive|Battle timer is ON: inactive players will automatically lose when time's up. (requested by 3-4 worlds)
|inactive|3-4 worlds has 60 seconds left.
|
|t:|1785100243
|teamsize|p1|4
|teamsize|p2|4
|start
|switch|p1a: Aerodactyl|Aerodactyl, L50, F|100/100
|switch|p1b: Sylveon|Sylveon, L50, F|100/100
|switch|p2a: Farigiraf|Farigiraf, L50, F|100/100
|switch|p2b: Blastoise|Blastoise, L50, F|100/100
|-ability|p1a: Aerodactyl|Unnerve
|turn|1
|inactive|thegreatestnone has 30 seconds left.
|j| gibranizm
|inactive|thegreatestnone has 20 seconds left.
|inactive|thegreatestnone has 15 seconds left.
|
|t:|1785100284
|detailschange|p1a: Aerodactyl|Aerodactyl-Mega, L50, F
|-mega|p1a: Aerodactyl|Aerodactyl|Aerodactylite
|move|p2b: Blastoise|Fake Out|p1b: Sylveon
|-damage|p1b: Sylveon|91/100
|move|p1a: Aerodactyl|Rock Slide|p2a: Farigiraf|[spread] p2a,p2b
|-crit|p2a: Farigiraf
|-damage|p2a: Farigiraf|66/100
|-damage|p2b: Blastoise|70/100
|cant|p1b: Sylveon|flinch
|move|p2a: Farigiraf|Trick Room|p2a: Farigiraf
|-fieldstart|move: Trick Room|[of] p2a: Farigiraf
|
|upkeep
|turn|2
|
|t:|1785100309
|move|p2a: Farigiraf|Hyper Voice|p1a: Aerodactyl|[spread] p1a,p1b
|-resisted|p1a: Aerodactyl|1
|-damage|p1a: Aerodactyl|85/100
|-damage|p1b: Sylveon|71/100
|move|p1b: Sylveon|Hyper Voice|p2a: Farigiraf|[spread] p2a,p2b
|-damage|p2a: Farigiraf|20/100y
|-damage|p2b: Blastoise|27/100
|-enditem|p2a: Farigiraf|Sitrus Berry|[eat]
|-heal|p2a: Farigiraf|45/100|[from] item: Sitrus Berry
|move|p2b: Blastoise|Water Spout|p1a: Aerodactyl|[spread] p1a,p1b
|-supereffective|p1a: Aerodactyl|1
|-damage|p1a: Aerodactyl|50/100g
|-damage|p1b: Sylveon|60/100
|move|p1a: Aerodactyl|Dual Wingbeat|p2b: Blastoise|[miss]
|-miss|p1a: Aerodactyl|p2b: Blastoise
|
|upkeep
|turn|3
|
|t:|1785100326
|move|p2a: Farigiraf|Hyper Voice|p1a: Aerodactyl|[spread] p1a,p1b
|-resisted|p1a: Aerodactyl|1
|-damage|p1a: Aerodactyl|37/100
|-damage|p1b: Sylveon|41/100
|move|p1b: Sylveon|Hyper Voice|p2b: Blastoise|[spread] p2a,p2b
|-damage|p2a: Farigiraf|0 fnt
|-damage|p2b: Blastoise|0 fnt
|faint|p2a: Farigiraf
|faint|p2b: Blastoise
|move|p1a: Aerodactyl|Rock Slide|p2: Farigiraf|[notarget]
|-fail|p1a: Aerodactyl
|
|upkeep
|
|t:|1785100336
|switch|p2a: Kingambit|Kingambit, L50, F|100/100
|switch|p2b: Camerupt|Camerupt, L50, F|100/100
|turn|4
|
|t:|1785100348
|switch|p1a: Torkoal|Torkoal, L50, F|100/100
|-weather|SunnyDay|[from] ability: Drought|[of] p1a: Torkoal
|detailschange|p2b: Camerupt|Camerupt-Mega, L50, F
|-mega|p2b: Camerupt|Camerupt|Cameruptite
|move|p2b: Camerupt|Earth Power|p1b: Sylveon
|-damage|p1b: Sylveon|0 fnt
|faint|p1b: Sylveon
|move|p2a: Kingambit|Kowtow Cleave|p1a: Torkoal
|-damage|p1a: Torkoal|55/100
|-damage|p2a: Kingambit|90/100|[from] item: Life Orb
|
|-weather|SunnyDay|[upkeep]
|-heal|p1a: Torkoal|62/100|[from] item: Leftovers
|upkeep
|
|t:|1785100352
|switch|p1b: Blaziken|Blaziken, L50, M|100/100
|turn|5
|
|t:|1785100367
|move|p1b: Blaziken|Detect|p1b: Blaziken
|-singleturn|p1b: Blaziken|Protect
|move|p1a: Torkoal|Heat Wave|p2a: Kingambit|[spread] p2b
|-miss|p1a: Torkoal|p2a: Kingambit
|-resisted|p2b: Camerupt|1
|-damage|p2b: Camerupt|79/100
|move|p2b: Camerupt|Earth Power|p1b: Blaziken
|-activate|p1b: Blaziken|move: Protect
|move|p2a: Kingambit|Kowtow Cleave|p1a: Torkoal
|-damage|p1a: Torkoal|18/100
|-damage|p2a: Kingambit|80/100|[from] item: Life Orb
|
|-weather|SunnyDay|[upkeep]
|-heal|p1a: Torkoal|24/100|[from] item: Leftovers
|-fieldend|move: Trick Room
|-ability|p1b: Blaziken|Speed Boost|boost
|-boost|p1b: Blaziken|spe|1
|upkeep
|turn|6
|
|t:|1785100386
|move|p2a: Kingambit|Sucker Punch||[still]
|-fail|p2a: Kingambit
|move|p1b: Blaziken|Flare Blitz|p2a: Kingambit
|-supereffective|p2a: Kingambit|1
|-damage|p2a: Kingambit|0 fnt
|faint|p2a: Kingambit
|-damage|p1b: Blaziken|64/100|[from] Recoil
|move|p2b: Camerupt|Earth Power|p1b: Blaziken
|-supereffective|p1b: Blaziken|1
|-damage|p1b: Blaziken|0 fnt
|faint|p1b: Blaziken
|move|p1a: Torkoal|Yawn|p2b: Camerupt
|-start|p2b: Camerupt|move: Yawn|[of] p1a: Torkoal
|
|-weather|SunnyDay|[upkeep]
|-heal|p1a: Torkoal|30/100|[from] item: Leftovers
|upkeep
|
|t:|1785100395
|switch|p1b: Aerodactyl|Aerodactyl-Mega, L50, F|37/100
|turn|7
|
|t:|1785100407
|move|p1a: Torkoal|Protect|p1a: Torkoal
|-singleturn|p1a: Torkoal|Protect
|move|p1b: Aerodactyl|Dual Wingbeat|p2b: Camerupt
|-damage|p2b: Camerupt|50/100g
|-damage|p2b: Camerupt|24/100
|-hitcount|p2b: Camerupt|2
|move|p2b: Camerupt|Heat Wave|p1a: Torkoal|[spread] p1b
|-activate|p1a: Torkoal|move: Protect
|-resisted|p1b: Aerodactyl|1
|-damage|p1b: Aerodactyl|0 fnt
|faint|p1b: Aerodactyl
|
|-weather|SunnyDay|[upkeep]
|-heal|p1a: Torkoal|36/100|[from] item: Leftovers
|-end|p2b: Camerupt|move: Yawn|[silent]
|-status|p2b: Camerupt|slp
|upkeep
|turn|8
|
|t:|1785100420
|cant|p2b: Camerupt|slp
|move|p1a: Torkoal|Weather Ball|p2b: Camerupt
|-resisted|p2b: Camerupt|1
|-damage|p2b: Camerupt|0 fnt
|faint|p2b: Camerupt
|
|win|3-4 worlds
||thegreatestnone is ready for game 2.
||3-4 worlds is ready for game 2.
|uhtml|next|Next: Game 2 of 3
