|j|☆TalonMasterJ
|j|☆lux raymundi
|html|TalonMasterJlux raymundi    
|uhtml|bestof|Game 1 of a best-of-3
|t:|1782689469
|gametype|doubles
|player|p1|TalonMasterJ|steven|1187
|player|p2|lux raymundi|169|1212
|gen|9
|tier|[Gen 9 Champions] VGC 2026 Reg M-B (Bo3)
|rated|
|rule|Species Clause: Limit one of each Pokémon
|rule|Item Clause: Limit 1 of each item
|clearpoke
|poke|p1|Metagross, L50|
|poke|p1|Sneasler, L50, M|
|poke|p1|Whimsicott, L50, M|
|poke|p1|Floette-Eternal, L50, F|
|poke|p1|Ceruledge, L50, M|
|poke|p1|Milotic, L50, M|
|poke|p2|Garchomp, L50, M|
|poke|p2|Sneasler, L50, M|
|poke|p2|Sinistcha, L50|
|poke|p2|Eelektross, L50, M|
|poke|p2|Delphox, L50, F|
|poke|p2|Basculegion, L50, M|
|teampreview|4
|showteam|p1|Metagross||Metagrossite|ClearBody|Protect,IronHead,PsychicFangs,IcePunch|Adamant|||||50|]Sneasler||WhiteHerb|Unburden|CloseCombat,GunkShot,FakeOut,Coaching|Jolly||M|||50|]Whimsicott||FocusSash|Prankster|Protect,Moonblast,GrassKnot,Tailwind|Timid||M|||50|]Floette-Eternal||Floettite|FlowerVeil|Protect,Moonblast,DazzlingGleam,LightofRuin|Timid||F|||50|]Ceruledge||Charcoal|FlashFire|Protect,BitterBlade,ShadowSneak,BulkUp|Adamant||M|||50|]Milotic||Leftovers|Competitive|MuddyWater,IceBeam,Coil,Hypnosis|Sassy||M|||50|
|showteam|p2|Garchomp||LifeOrb|RoughSkin|Earthquake,RockTomb,DragonClaw,Protect|Jolly||M|||50|]Sneasler||FocusSash|Unburden|FakeOut,CloseCombat,DireClaw,Protect|Jolly||M|||50|]Sinistcha||SitrusBerry|Hospitality|MatchaGotcha,RagePowder,TrickRoom,Protect|Bold|||||50|]Eelektross||Eelektrossite|Levitate|Protect,Electroweb,Flamethrower,Thunderbolt|Timid||M|||50|]Delphox||Delphoxite|Blaze|NastyPlot,HeatWave,Psychic,Protect|Timid||F|||50|]Basculegion||ChoiceScarf|Adaptability|FlipTurn,AquaJet,WaveCrash,LastRespects|Jolly||M|||50|
|
|t:|1782689492
|teamsize|p1|4
|teamsize|p2|4
|start
|switch|p1a: Whimsicott|Whimsicott, L50, M|100/100
|switch|p1b: Atone.|Floette-Eternal, L50, F|100/100
|switch|p2a: Garchomp|Garchomp, L50, M|100/100
|switch|p2b: Eelektross|Eelektross, L50, M|100/100
|turn|1
|
|t:|1782689508
|switch|p2a: Basculegion|Basculegion, L50, M|100/100
|detailschange|p2b: Eelektross|Eelektross-Mega, L50, M
|-mega|p2b: Eelektross|Eelektross|Eelektrossite
|move|p1b: Atone.|Protect|p1b: Atone.
|-singleturn|p1b: Atone.|Protect
|move|p1a: Whimsicott|Tailwind|p1a: Whimsicott
|-sidestart|p1: TalonMasterJ|move: Tailwind
|move|p2b: Eelektross|Electroweb|p1b: Atone.|[spread] p1a
|-activate|p1b: Atone.|move: Protect
|-resisted|p1a: Whimsicott|1
|-damage|p1a: Whimsicott|80/100
|
|upkeep
|turn|2
|
|t:|1782689552
|detailschange|p1b: Atone.|Floette-Mega, L50, F
|-mega|p1b: Atone.|Floette|Floettite
|-ability|p1b: Atone.|Fairy Aura
|move|p1a: Whimsicott|Moonblast|p2a: Basculegion
|-damage|p2a: Basculegion|46/100
|move|p1b: Atone.|Dazzling Gleam|p2b: Eelektross|[spread] p2a,p2b
|-damage|p2a: Basculegion|0 fnt
|-damage|p2b: Eelektross|48/100
|faint|p2a: Basculegion
|move|p2b: Eelektross|Flamethrower|p1a: Whimsicott
|-supereffective|p1a: Whimsicott|1
|-damage|p1a: Whimsicott|0 fnt
|faint|p1a: Whimsicott
|-ability|p2b: Eelektross|Eelevate|boost
|-boost|p2b: Eelektross|spa|1
|
|upkeep
|
|t:|1782689565
|switch|p1a: Gamblecore|Sneasler, L50, M|100/100
|switch|p2a: Sneasler|Sneasler, L50, M|100/100
|turn|3
|
|t:|1782689600
|move|p2a: Sneasler|Protect|p2a: Sneasler
|-singleturn|p2a: Sneasler|Protect
|move|p2b: Eelektross|Protect|p2b: Eelektross
|-singleturn|p2b: Eelektross|Protect
|move|p1a: Gamblecore|Close Combat|p2b: Eelektross
|-activate|p2b: Eelektross|move: Protect
|move|p1b: Atone.|Dazzling Gleam|p2a: Sneasler|[spread] 
|-activate|p2a: Sneasler|move: Protect
|-activate|p2b: Eelektross|move: Protect
|
|upkeep
|turn|4
|
|t:|1782689614
|switch|p2b: Garchomp|Garchomp, L50, M|100/100
|move|p1a: Gamblecore|Close Combat|p2a: Sneasler
|-resisted|p2a: Sneasler|1
|-damage|p2a: Sneasler|48/100
|-unboost|p1a: Gamblecore|def|1
|-unboost|p1a: Gamblecore|spd|1
|-enditem|p1a: Gamblecore|White Herb
|-clearnegativeboost|p1a: Gamblecore|[silent]
|move|p1b: Atone.|Dazzling Gleam|p2b: Garchomp|[spread] p2a,p2b
|-supereffective|p2b: Garchomp|1
|-damage|p2a: Sneasler|0 fnt
|-damage|p2b: Garchomp|3/100
|faint|p2a: Sneasler
|
|-sideend|p1: TalonMasterJ|move: Tailwind
|upkeep
|
|t:|1782689620
|switch|p2a: Eelektross|Eelektross-Mega, L50, M|48/100
|turn|5
|
|t:|1782689634
|move|p1a: Gamblecore|Close Combat|p2b: Garchomp
|-damage|p2b: Garchomp|0 fnt
|-unboost|p1a: Gamblecore|def|1
|-unboost|p1a: Gamblecore|spd|1
|-damage|p1a: Gamblecore|87/100|[from] ability: Rough Skin|[of] p2b: Garchomp
|faint|p2b: Garchomp
|move|p1b: Atone.|Moonblast|p2a: Eelektross
|-damage|p2a: Eelektross|0 fnt
|faint|p2a: Eelektross
|
|win|TalonMasterJ
