|j|☆testdigi
|j|☆p1ch1pichi
|html|testdigip1ch1pichi    
|uhtml|bestof|Game 2 of a best-of-3
|t:|1784828788
|gametype|doubles
|player|p1|testdigi|101|1116
|player|p2|p1ch1pichi|n|1183
|gen|9
|tier|[Gen 9 Champions] VGC 2026 Reg M-B (Bo3)
|rated|
|rule|Species Clause: Limit one of each Pokémon
|rule|Item Clause: Limit 1 of each item
|clearpoke
|poke|p1|Raichu, L50, M|
|poke|p1|Mamoswine, L50, F|
|poke|p1|Sylveon, L50, M|
|poke|p1|Corviknight, L50, F|
|poke|p1|Basculegion, L50, M|
|poke|p1|Meowscarada, L50, F|
|poke|p2|Blastoise, L50, M, shiny|
|poke|p2|Delphox, L50, M|
|poke|p2|Sneasler, L50, F|
|poke|p2|Incineroar, L50, M|
|poke|p2|Sinistcha, L50|
|poke|p2|Kingambit, L50, F|
|teampreview|4
|showteam|p1|Raichu||RaichuniteY|LightningRod|ZapCannon,FocusBlast,FakeOut,Protect|Timid||M|||50|]Mamoswine||LifeOrb|Oblivious|StompingTantrum,IceShard,RockSlide,Protect|Adamant||F|||50|]Sylveon||FairyFeather|Pixilate|HyperVoice,QuickAttack,Yawn,Detect|Modest||M|||50|]Corviknight||OccaBerry|MirrorArmor|IronHead,BraveBird,Tailwind,Protect|Adamant||F|||50|]Basculegion||FocusSash|Adaptability|LastRespects,Liquidation,AquaJet,Protect|Adamant||M|||50|]Meowscarada||ExpertBelt|Overgrow|FlowerTrick,Taunt,KnockOff,Uturn|Jolly||F|||50|
|showteam|p2|Blastoise||Blastoisinite|RainDish|Protect,WaterSpout,DarkPulse,ShellSmash|Modest||M|||50|]Delphox||Delphoxite|Blaze|Protect,HeatWave,Psyshock,NastyPlot|Modest||M|||50|]Sneasler||FocusSash|PoisonTouch|QuickGuard,FakeOut,PoisonJab,CloseCombat|Jolly||F|||50|]Incineroar||SitrusBerry|Intimidate|PartingShot,FakeOut,FlareBlitz,HelpingHand|Careful||M|||50|]Sinistcha||KasibBerry|Hospitality|Protect,MatchaGotcha,RagePowder,TrickRoom|Bold|||||50|]Kingambit||BlackGlasses|Defiant|Protect,KowtowCleave,SuckerPunch,SwordsDance|Adamant||F|||50|
|inactive|Battle timer is ON: inactive players will automatically lose when time's up. (requested by p1ch1pichi)
|inactive|testdigi has 60 seconds left.
|
|t:|1784828823
|teamsize|p1|4
|teamsize|p2|4
|start
|switch|p1a: Raichu|Raichu, L50, M|100/100
|switch|p1b: Meowscarada|Meowscarada, L50, F|100/100
|switch|p2a: Sneasler|Sneasler, L50, F|100/100
|switch|p2b: Delphox|Delphox, L50, M|100/100
|turn|1
|inactive|p1ch1pichi has 30 seconds left.
|
|t:|1784828853
|switch|p2b: Incineroar|Incineroar, L50, M|100/100
|-ability|p2b: Incineroar|Intimidate|boost
|-unboost|p1a: Raichu|atk|1
|-unboost|p1b: Meowscarada|atk|1
|detailschange|p1a: Raichu|Raichu-Mega-Y, L50, M
|-mega|p1a: Raichu|Raichu|Raichunite Y
|move|p1a: Raichu|Fake Out|p2a: Sneasler
|-damage|p2a: Sneasler|91/100
|cant|p2a: Sneasler|flinch
|move|p1b: Meowscarada|U-turn|p2b: Incineroar
|-damage|p2b: Incineroar|88/100
|
|t:|1784828862
|switch|p1b: Basculegion|Basculegion, L50, M|100/100|[from] U-turn
|
|upkeep
|turn|2
|
|t:|1784828874
|switch|p2b: Sinistcha|Sinistcha, L50|100/100
|-heal|p2a: Sneasler|100/100|[from] ability: Hospitality|[of] p2b: Sinistcha
|move|p1a: Raichu|Zap Cannon|p2a: Sneasler
|-damage|p2a: Sneasler|10/100
|-status|p2a: Sneasler|par
|move|p1b: Basculegion|Liquidation|p2b: Sinistcha
|-resisted|p2b: Sinistcha|1
|-damage|p2b: Sinistcha|73/100
|move|p2a: Sneasler|Poison Jab|p1a: Raichu
|-damage|p1a: Raichu|36/100
|-status|p1a: Raichu|psn
|
|-damage|p1a: Raichu|24/100 psn|[from] psn
|upkeep
|turn|3
|
|t:|1784828897
|switch|p1b: Corviknight|Corviknight, L50, F|100/100
|switch|p2a: Incineroar|Incineroar, L50, M|88/100
|-ability|p2a: Incineroar|Intimidate|boost
|-unboost|p1a: Raichu|atk|1
|-ability|p1b: Corviknight|Mirror Armor
|-unboost|p2a: Incineroar|atk|1
|move|p1a: Raichu|Zap Cannon|p2b: Sinistcha
|-resisted|p2b: Sinistcha|1
|-damage|p2b: Sinistcha|44/100
|-status|p2b: Sinistcha|par
|cant|p2b: Sinistcha|par
|
|-damage|p1a: Raichu|11/100 psn|[from] psn
|upkeep
|turn|4
|
|t:|1784828919
|move|p2b: Sinistcha|Protect|p2b: Sinistcha
|-singleturn|p2b: Sinistcha|Protect
|move|p2a: Incineroar|Fake Out|p1b: Corviknight
|-resisted|p1b: Corviknight|1
|-damage|p1b: Corviknight|97/100
|move|p1a: Raichu|Focus Blast|p2a: Incineroar
|-supereffective|p2a: Incineroar|1
|-damage|p2a: Incineroar|19/100
|-enditem|p2a: Incineroar|Sitrus Berry|[eat]
|-heal|p2a: Incineroar|44/100|[from] item: Sitrus Berry
|cant|p1b: Corviknight|flinch
|
|-damage|p1a: Raichu|0 fnt|[from] psn
|faint|p1a: Raichu
|upkeep
|
|t:|1784828926
|switch|p1a: Basculegion|Basculegion, L50, M|100/100
|turn|5
|
|t:|1784828938
|move|p2a: Incineroar|Helping Hand|p2b: Sinistcha
|-singleturn|p2b: Sinistcha|Helping Hand|[of] p2a: Incineroar
|move|p1a: Basculegion|Protect|p1a: Basculegion
|-singleturn|p1a: Basculegion|Protect
|move|p1b: Corviknight|Tailwind|p1b: Corviknight
|-sidestart|p1: testdigi|move: Tailwind
|move|p2b: Sinistcha|Matcha Gotcha|p1a: Basculegion|[spread] p1b
|-activate|p1a: Basculegion|move: Protect
|-resisted|p1b: Corviknight|2
|-damage|p1b: Corviknight|87/100
|-heal|p2b: Sinistcha|50/100y par|[from] drain|[of] p1b: Corviknight
|-status|p1b: Corviknight|brn
|
|-damage|p1b: Corviknight|81/100 brn|[from] brn
|upkeep
|turn|6
|
|t:|1784828958
|switch|p1a: Meowscarada|Meowscarada, L50, F|100/100
|move|p2a: Incineroar|Helping Hand|p2b: Sinistcha
|-singleturn|p2b: Sinistcha|Helping Hand|[of] p2a: Incineroar
|move|p1b: Corviknight|Brave Bird|p2b: Sinistcha
|-supereffective|p2b: Sinistcha|1
|-damage|p2b: Sinistcha|9/100 par
|-damage|p1b: Corviknight|70/100 brn|[from] Recoil
|move|p2b: Sinistcha|Matcha Gotcha|p1b: Corviknight|[spread] p1a,p1b
|-resisted|p1a: Meowscarada|1
|-resisted|p1b: Corviknight|2
|-damage|p1a: Meowscarada|76/100
|-heal|p2b: Sinistcha|20/100y par|[from] drain|[of] p1a: Meowscarada
|-damage|p1b: Corviknight|61/100 brn
|-heal|p2b: Sinistcha|25/100 par|[from] drain|[of] p1b: Corviknight
|
|-damage|p1b: Corviknight|55/100 brn|[from] brn
|upkeep
|turn|7
|inactive|testdigi has 30 seconds left.
|
|t:|1784828991
|move|p2b: Sinistcha|Protect|p2b: Sinistcha
|-singleturn|p2b: Sinistcha|Protect
|move|p1a: Meowscarada|U-turn|p2b: Sinistcha
|-activate|p2b: Sinistcha|move: Protect
|move|p1b: Corviknight|Brave Bird|p2b: Sinistcha
|-activate|p2b: Sinistcha|move: Protect
|move|p2a: Incineroar|Flare Blitz|p1a: Meowscarada
|-supereffective|p1a: Meowscarada|1
|-damage|p1a: Meowscarada|0 fnt
|faint|p1a: Meowscarada
|-damage|p2a: Incineroar|23/100|[from] Recoil
|
|-damage|p1b: Corviknight|49/100 brn|[from] brn
|upkeep
|
|t:|1784828994
|switch|p1a: Basculegion|Basculegion, L50, M|100/100
|turn|8
|
|t:|1784829014
|switch|p2a: Sneasler|Sneasler, L50, F|10/100 par
|move|p2b: Sinistcha|Rage Powder|p2b: Sinistcha
|-singleturn|p2b: Sinistcha|move: Rage Powder
|move|p1a: Basculegion|Last Respects|p2b: Sinistcha
|-supereffective|p2b: Sinistcha|1
|-enditem|p2b: Sinistcha|Kasib Berry|[eat]
|-enditem|p2b: Sinistcha|Kasib Berry|[weaken]
|-damage|p2b: Sinistcha|0 fnt
|faint|p2b: Sinistcha
|move|p1b: Corviknight|Iron Head|p2a: Sneasler
|-damage|p2a: Sneasler|0 fnt
|faint|p2a: Sneasler
|
|-damage|p1b: Corviknight|43/100 brn|[from] brn
|-sideend|p1: testdigi|move: Tailwind
|upkeep
|
|t:|1784829028
|switch|p2a: Incineroar|Incineroar, L50, M|23/100
|switch|p2b: Delphox|Delphox, L50, M|100/100
|-ability|p2a: Incineroar|Intimidate|boost
|-unboost|p1a: Basculegion|atk|1
|-ability|p1b: Corviknight|Mirror Armor
|-unboost|p2a: Incineroar|atk|1
|turn|9
|
|t:|1784829050
|detailschange|p2b: Delphox|Delphox-Mega, L50, M
|-mega|p2b: Delphox|Delphox|Delphoxite
|move|p2a: Incineroar|Helping Hand|p2b: Delphox
|-singleturn|p2b: Delphox|Helping Hand|[of] p2a: Incineroar
|move|p1b: Corviknight|Protect|p1b: Corviknight
|-singleturn|p1b: Corviknight|Protect
|move|p2b: Delphox|Psyshock|p1a: Basculegion
|-damage|p1a: Basculegion|12/100
|move|p1a: Basculegion|Liquidation|p2a: Incineroar
|-supereffective|p2a: Incineroar|1
|-damage|p2a: Incineroar|0 fnt
|faint|p2a: Incineroar
|
|-damage|p1b: Corviknight|38/100 brn|[from] brn
|upkeep
|turn|10
|
|t:|1784829064
|move|p1a: Basculegion|Protect|p1a: Basculegion
|-singleturn|p1a: Basculegion|Protect
|move|p2b: Delphox|Heat Wave|p1a: Basculegion|[spread] p1b
|-activate|p1a: Basculegion|move: Protect
|-supereffective|p1b: Corviknight|1
|-enditem|p1b: Corviknight|Occa Berry|[eat]
|-enditem|p1b: Corviknight|Occa Berry|[weaken]
|-damage|p1b: Corviknight|0 fnt
|faint|p1b: Corviknight
|
|upkeep
|turn|11
|
|t:|1784829073
|move|p2b: Delphox|Psyshock|p1a: Basculegion
|-damage|p1a: Basculegion|0 fnt
|faint|p1a: Basculegion
|
|win|p1ch1pichi
|raw|testdigi's rating: 1116 → 1096(-20 for losing)
|raw|p1ch1pichi's rating: 1183 → 1203(+20 for winning)
|l|☆testdigi
|player|p1|
