|j|☆Arnauz10
|j|☆wennoboi
|html|Arnauz10wennoboi    
|uhtml|bestof|Game 1 of a best-of-3
|t:|1757675018
|gametype|doubles
|player|p1|Arnauz10|ghetsis|1105
|player|p2|wennoboi|blue|1044
|gen|9
|tier|[Gen 9] VGC 2025 Reg H (Bo3)
|rated|
|rule|Species Clause: Limit one of each Pokémon
|rule|Item Clause: Limit 1 of each item
|clearpoke
|poke|p1|Annihilape, L50, F|
|poke|p1|Dragonite, L50, F|
|poke|p1|Gholdengo, L50|
|poke|p1|Porygon2, L50|
|poke|p1|Ursaluna, L50, M|
|poke|p1|Incineroar, L50, F|
|poke|p2|Porygon2, L50|
|poke|p2|Sneasler, L50, M|
|poke|p2|Gholdengo, L50|
|poke|p2|Amoonguss, L50, F|
|poke|p2|Garchomp, L50, F|
|poke|p2|Incineroar, L50, M|
|teampreview|4
|showteam|p1|Annihilape||FocusSash|Defiant|RageFist,CloseCombat,Coaching,Taunt|||F|||50|,,,,,Stellar]Dragonite||LoadedDice|Multiscale|ScaleShot,Haze,Tailwind,Protect|||F|||50|,,,,,Fairy]Gholdengo||LifeOrb|GoodasGold|ShadowBall,MakeItRain,NastyPlot,Protect||||||50|,,,,,Water]Porygon2||Eviolite|Download|IceBeam,TeraBlast,Recover,TrickRoom||||||50|,,,,,Fighting]Ursaluna||FlameOrb|Guts|Facade,Earthquake,HeadlongRush,Protect|||M|||50|,,,,,Ghost]Incineroar||SafetyGoggles|Intimidate|FakeOut,KnockOff,FlareBlitz,PartingShot|||F|||50|,,,,,Ghost
|showteam|p2|Porygon2||Eviolite|Download|TeraBlast,IceBeam,Recover,TrickRoom||||||50|,,,,,Ground]Sneasler||FocusSash|PoisonTouch|CloseCombat,DireClaw,ThroatChop,Protect|||M|||50|,,,,,Flying]Gholdengo||LifeOrb|GoodasGold|MakeItRain,ShadowBall,NastyPlot,Protect||||||50|,,,,,Water]Amoonguss||SitrusBerry|Regenerator|PollenPuff,Spore,RagePowder,Protect|||F|||50|,,,,,Water]Garchomp||ClearAmulet|RoughSkin|Earthquake,StompingTantrum,DragonClaw,Protect|||F|||50|,,,,,Fire]Incineroar||SafetyGoggles|Intimidate|FlareBlitz,KnockOff,FakeOut,PartingShot|||M|||50|,,,,,Ghost
|inactive|Battle timer is ON: inactive players will automatically lose when time's up. (requested by wennoboi)
|
|t:|1757675087
|teamsize|p1|4
|teamsize|p2|4
|start
|switch|p1a: Dragonite|Dragonite, L50, F|100/100
|switch|p1b: Incineroar|Incineroar, L50, F|100/100
|switch|p2a: Incineroar|Incineroar, L50, M|100/100
|switch|p2b: Gholdengo|Gholdengo, L50|100/100
|-ability|p1b: Incineroar|Intimidate|boost
|-unboost|p2a: Incineroar|atk|1
|-unboost|p2b: Gholdengo|atk|1
|-ability|p2a: Incineroar|Intimidate|boost
|-unboost|p1a: Dragonite|atk|1
|-unboost|p1b: Incineroar|atk|1
|turn|1
|inactive|wennoboi has 30 seconds left.
|
|t:|1757675113
|move|p2b: Gholdengo|Protect|p2b: Gholdengo
|-singleturn|p2b: Gholdengo|Protect
|move|p1a: Dragonite|Tailwind|p1a: Dragonite
|-sidestart|p1: Arnauz10|move: Tailwind
|move|p1b: Incineroar|Flare Blitz|p2b: Gholdengo
|-activate|p2b: Gholdengo|move: Protect
|move|p2a: Incineroar|Knock Off|p1a: Dragonite
|-damage|p1a: Dragonite|86/100
|-enditem|p1a: Dragonite|Loaded Dice|[from] move: Knock Off|[of] p2a: Incineroar
|
|upkeep
|turn|2
|inactive|Arnauz10 has 30 seconds left.
|
|t:|1757675142
|switch|p2b: Garchomp|Garchomp, L50, F|100/100
|move|p1a: Dragonite|Tailwind||[still]
|-fail|p1a: Dragonite
|move|p1b: Incineroar|Knock Off|p2b: Garchomp
|-damage|p2b: Garchomp|76/100
|-damage|p1b: Incineroar|88/100|[from] ability: Rough Skin|[of] p2b: Garchomp
|-enditem|p2b: Garchomp|Clear Amulet|[from] move: Knock Off|[of] p1b: Incineroar
|move|p2a: Incineroar|Parting Shot|p1a: Dragonite
|-unboost|p1a: Dragonite|atk|1
|-unboost|p1a: Dragonite|spa|1
|
|t:|1757675167
|switch|p2a: Gholdengo|Gholdengo, L50|100/100|[from] Parting Shot
|
|upkeep
|turn|3
|inactive|Arnauz10 has 30 seconds left.
|inactive|Arnauz10 has 20 seconds left.
|inactive|Arnauz10 has 15 seconds left.
|
|t:|1757675208
|switch|p2a: Incineroar|Incineroar, L50, M|100/100
|-ability|p2a: Incineroar|Intimidate|boost
|-unboost|p1a: Dragonite|atk|1
|-unboost|p1b: Incineroar|atk|1
|-terastallize|p1b: Incineroar|Ghost
|move|p2b: Garchomp|Protect|p2b: Garchomp
|-singleturn|p2b: Garchomp|Protect
|move|p1a: Dragonite|Haze|p1a: Dragonite
|-clearallboost
|move|p1b: Incineroar|Knock Off|p2a: Incineroar
|-resisted|p2a: Incineroar
|-damage|p2a: Incineroar|84/100
|-enditem|p2a: Incineroar|Safety Goggles|[from] move: Knock Off|[of] p1b: Incineroar
|
|upkeep
|turn|4
|
|t:|1757675232
|switch|p1b: Ursaluna|Ursaluna, L50, M|100/100
|switch|p2b: Gholdengo|Gholdengo, L50|100/100
|move|p1a: Dragonite|Scale Shot|p2b: Gholdengo
|-resisted|p2b: Gholdengo
|-damage|p2b: Gholdengo|94/100
|-resisted|p2b: Gholdengo
|-damage|p2b: Gholdengo|88/100
|-resisted|p2b: Gholdengo
|-damage|p2b: Gholdengo|81/100
|-hitcount|p2b: Gholdengo|3
|-unboost|p1a: Dragonite|def|1
|-boost|p1a: Dragonite|spe|1
|move|p2a: Incineroar|Knock Off|p1b: Ursaluna
|-damage|p1b: Ursaluna|68/100
|-enditem|p1b: Ursaluna|Flame Orb|[from] move: Knock Off|[of] p2a: Incineroar
|
|-sideend|p1: Arnauz10|move: Tailwind
|upkeep
|turn|5
|inactive|Arnauz10 has 30 seconds left.
|
|t:|1757675259
|-terastallize|p2b: Gholdengo|Water
|move|p1a: Dragonite|Tailwind|p1a: Dragonite
|-sidestart|p1: Arnauz10|move: Tailwind
|move|p1b: Ursaluna|Earthquake|p2b: Gholdengo|[spread] p2a,p2b
|-immune|p1a: Dragonite
|-supereffective|p2a: Incineroar
|-damage|p2a: Incineroar|10/100
|-damage|p2b: Gholdengo|45/100
|move|p2b: Gholdengo|Make It Rain|p1b: Ursaluna|[spread] p1a,p1b
|-damage|p1a: Dragonite|22/100
|-damage|p1b: Ursaluna|17/100
|-unboost|p2b: Gholdengo|spa|1
|-damage|p2b: Gholdengo|35/100|[from] item: Life Orb
|move|p2a: Incineroar|Parting Shot|p1b: Ursaluna
|-unboost|p1b: Ursaluna|atk|1
|-unboost|p1b: Ursaluna|spa|1
|
|t:|1757675280
|switch|p2a: Garchomp|Garchomp, L50, F|76/100|[from] Parting Shot
|
|upkeep
|turn|6
|inactive|wennoboi has 30 seconds left.
|
|t:|1757675309
|move|p1a: Dragonite|Protect|p1a: Dragonite
|-singleturn|p1a: Dragonite|Protect
|move|p2a: Garchomp|Protect|p2a: Garchomp
|-singleturn|p2a: Garchomp|Protect
|move|p1b: Ursaluna|Headlong Rush|p2b: Gholdengo
|-damage|p2b: Gholdengo|0 fnt
|-unboost|p1b: Ursaluna|def|1
|-unboost|p1b: Ursaluna|spd|1
|faint|p2b: Gholdengo
|
|upkeep
|
|t:|1757675317
|switch|p2b: Incineroar|Incineroar, L50, M|10/100
|-ability|p2b: Incineroar|Intimidate|boost
|-unboost|p1a: Dragonite|atk|1
|-unboost|p1b: Ursaluna|atk|1
|turn|7
|inactive|Arnauz10 has 30 seconds left.
|inactive|wennoboi has 30 seconds left.
|inactive|Arnauz10 has 20 seconds left.
|inactive|wennoboi has 20 seconds left.
|inactive|wennoboi has 15 seconds left.
|
|t:|1757675360
|switch|p1b: Gholdengo|Gholdengo, L50|100/100
|move|p1a: Dragonite|Protect|p1a: Dragonite
|-singleturn|p1a: Dragonite|Protect
|move|p2b: Incineroar|Fake Out|p1a: Dragonite
|-activate|p1a: Dragonite|move: Protect
|move|p2a: Garchomp|Dragon Claw|p1a: Dragonite
|-activate|p1a: Dragonite|move: Protect
|
|upkeep
|turn|8
|
|t:|1757675379
|move|p1a: Dragonite|Scale Shot|p2a: Garchomp
|-supereffective|p2a: Garchomp
|-damage|p2a: Garchomp|56/100
|-supereffective|p2a: Garchomp
|-damage|p2a: Garchomp|37/100
|-supereffective|p2a: Garchomp
|-damage|p2a: Garchomp|18/100
|-hitcount|p2a: Garchomp|3
|-unboost|p1a: Dragonite|def|1
|-boost|p1a: Dragonite|spe|1
|move|p1b: Gholdengo|Make It Rain|p2b: Incineroar|[spread] p2a,p2b
|-resisted|p2b: Incineroar
|-damage|p2a: Garchomp|0 fnt
|-damage|p2b: Incineroar|0 fnt
|-unboost|p1b: Gholdengo|spa|1
|faint|p2a: Garchomp
|faint|p2b: Incineroar
|-damage|p1b: Gholdengo|91/100|[from] item: Life Orb
|
|-sideend|p1: Arnauz10|move: Tailwind
|upkeep
|
|t:|1757675391
|switch|p2b: Sneasler|Sneasler, L50, M|100/100
|turn|9
|
|t:|1757675404
|switch|p1b: Incineroar|Incineroar, L50, F, tera:Ghost|88/100
|-ability|p1b: Incineroar|Intimidate|boost
|-unboost|p2b: Sneasler|atk|1
|move|p1a: Dragonite|Tailwind|p1a: Dragonite
|-sidestart|p1: Arnauz10|move: Tailwind
|move|p2b: Sneasler|Dire Claw|p1a: Dragonite
|-damage|p1a: Dragonite|0 fnt
|faint|p1a: Dragonite
|
|upkeep
|
|t:|1757675421
|switch|p1a: Gholdengo|Gholdengo, L50|91/100
|turn|10
|
|t:|1757675432
|move|p2b: Sneasler|Protect|p2b: Sneasler
|-singleturn|p2b: Sneasler|Protect
|move|p1b: Incineroar|Fake Out|p2b: Sneasler
|-activate|p2b: Sneasler|move: Protect
|move|p1a: Gholdengo|Shadow Ball|p2b: Sneasler
|-activate|p2b: Sneasler|move: Protect
|
|upkeep
|turn|11
|
|t:|1757675443
|move|p1a: Gholdengo|Shadow Ball|p2b: Sneasler
|-damage|p2b: Sneasler|22/100
|-damage|p1a: Gholdengo|81/100|[from] item: Life Orb
|move|p2b: Sneasler|Throat Chop|p1a: Gholdengo
|-supereffective|p1a: Gholdengo
|-damage|p1a: Gholdengo|44/100
|-start|p1a: Gholdengo|Throat Chop|[silent]
|move|p1b: Incineroar|Flare Blitz|p2b: Sneasler
|-damage|p2b: Sneasler|0 fnt
|faint|p2b: Sneasler
|-damage|p1b: Incineroar|83/100|[from] Recoil
|
|win|Arnauz10
||wennoboi is ready for game 2.
||Arnauz10 is ready for game 2.
|uhtml|next|Next: Game 2 of 3
