|j|☆CretaceousDraconid
|j|☆nutbuster151
|html|CretaceousDraconidnutbuster151    
|uhtml|bestof|Game 2 of a best-of-3
|t:|1785679200
|gametype|doubles
|player|p1|CretaceousDraconid|zinnia-masters|1337
|player|p2|nutbuster151|acetrainer|1238
|gen|9
|tier|[Gen 9 Champions] VGC 2026 Reg M-B (Bo3)
|rated|
|rule|Species Clause: Limit one of each Pokémon
|rule|Item Clause: Limit 1 of each item
|clearpoke
|poke|p1|Kingambit, L50, F|
|poke|p1|Garchomp, L50, F|
|poke|p1|Farigiraf, L50, F|
|poke|p1|Charizard, L50, M|
|poke|p1|Sylveon, L50, F|
|poke|p1|Aerodactyl, L50, M|
|poke|p2|Staraptor, L50, M|
|poke|p2|Garchomp, L50, M|
|poke|p2|Whimsicott, L50, M|
|poke|p2|Delphox, L50, M|
|poke|p2|Glimmora, L50, M|
|poke|p2|Kingambit, L50, M|
|teampreview|4
|showteam|p1|Kingambit||BlackGlasses|Defiant|Protect,IronHead,SuckerPunch,KowtowCleave|Brave||F|||50|]Garchomp||LifeOrb|RoughSkin|DragonClaw,Earthquake,RockSlide,Protect|Jolly||F|||50|]Farigiraf||SitrusBerry|ArmorTail|TwinBeam,Thunderbolt,TrickRoom,HelpingHand|Bold||F|||50|]Charizard||CharizarditeY|Blaze|Protect,HeatWave,SolarBeam,WeatherBall|Modest||M|||50|]Sylveon||FairyFeather|Pixilate|Detect,HyperBeam,HyperVoice,QuickAttack|Modest||F|||50|]Aerodactyl||Aerodactylite|Unnerve|WideGuard,RockSlide,DualWingbeat,Tailwind|Jolly||M|||50|
|showteam|p2|Staraptor||Staraptite|Intimidate|Protect,Roost,CloseCombat,BraveBird|Jolly||M|||50|]Garchomp||LifeOrb|RoughSkin|Protect,RockSlide,Earthquake,DragonClaw|Jolly||M|||50|]Whimsicott||OccaBerry|Prankster|Moonblast,Tailwind,Charm,LightScreen|Timid||M|||50|]Delphox||Delphoxite|Magician|Protect,Psychic,HeatWave,Substitute|Timid||M|||50|]Glimmora||FocusSash|ToxicDebris|SpikyShield,SludgeBomb,EarthPower,PowerGem|Timid||M|||50|]Kingambit||ChopleBerry|Defiant|SuckerPunch,LowKick,IronHead,KowtowCleave|Adamant||M|||50|
|
|t:|1785679225
|teamsize|p1|4
|teamsize|p2|4
|start
|switch|p1a: Farigiraf|Farigiraf, L50, F|100/100
|switch|p1b: Kingambit|Kingambit, L50, F|100/100
|switch|p2a: Kingambit|Kingambit, L50, M|100/100
|switch|p2b: Delphox|Delphox, L50, M|100/100
|turn|1
|
|t:|1785679271
|switch|p1b: Garchomp|Garchomp, L50, F|100/100
|detailschange|p2b: Delphox|Delphox-Mega, L50, M
|-mega|p2b: Delphox|Delphox|Delphoxite
|move|p2b: Delphox|Substitute|p2b: Delphox
|-start|p2b: Delphox|Substitute
|-damage|p2b: Delphox|75/100
|move|p1a: Farigiraf|Thunderbolt|p2b: Delphox
|-activate|p2b: Delphox|move: Substitute|[damage]
|move|p2a: Kingambit|Low Kick|p1b: Garchomp
|-crit|p1b: Garchomp
|-damage|p1b: Garchomp|57/100
|-damage|p2a: Kingambit|87/100|[from] ability: Rough Skin|[of] p1b: Garchomp
|
|upkeep
|turn|2
|
|t:|1785679328
|switch|p1a: Aerodactyl|Aerodactyl, L50, M|100/100
|-ability|p1a: Aerodactyl|Unnerve
|move|p2b: Delphox|Protect|p2b: Delphox
|-singleturn|p2b: Delphox|Protect
|move|p1b: Garchomp|Earthquake|p2a: Kingambit|[spread] p2a
|-activate|p2b: Delphox|move: Protect
|-immune|p1a: Aerodactyl
|-supereffective|p2a: Kingambit|1
|-damage|p2a: Kingambit|10/100
|-damage|p1b: Garchomp|47/100|[from] item: Life Orb
|move|p2a: Kingambit|Kowtow Cleave|p1a: Aerodactyl
|-damage|p1a: Aerodactyl|40/100
|
|upkeep
|turn|3
|
|t:|1785679363
|detailschange|p1a: Aerodactyl|Aerodactyl-Mega, L50, M
|-mega|p1a: Aerodactyl|Aerodactyl|Aerodactylite
|move|p1b: Garchomp|Protect|p1b: Garchomp
|-singleturn|p1b: Garchomp|Protect
|move|p2a: Kingambit|Sucker Punch||[still]
|-fail|p2a: Kingambit
|move|p1a: Aerodactyl|Tailwind|p1a: Aerodactyl
|-sidestart|p1: CretaceousDraconid|move: Tailwind
|move|p2b: Delphox|Psychic|p1b: Garchomp
|-activate|p1b: Garchomp|move: Protect
|
|upkeep
|turn|4
|
|t:|1785679399
|switch|p1b: Farigiraf|Farigiraf, L50, F|100/100
|switch|p2a: Garchomp|Garchomp, L50, M|100/100
|move|p2b: Delphox|Protect|p2b: Delphox
|-singleturn|p2b: Delphox|Protect
|move|p1a: Aerodactyl|Rock Slide|p2a: Garchomp|[spread] p2a
|-activate|p2b: Delphox|move: Protect
|-resisted|p2a: Garchomp|1
|-damage|p2a: Garchomp|86/100
|
|upkeep
|turn|5
|
|t:|1785679441
|move|p1b: Farigiraf|Helping Hand|p1a: Aerodactyl
|-singleturn|p1a: Aerodactyl|Helping Hand|[of] p1b: Farigiraf
|move|p1a: Aerodactyl|Rock Slide|p2a: Garchomp|[spread] p2a,p2b
|-supereffective|p2b: Delphox|1
|-end|p2b: Delphox|Substitute
|-resisted|p2a: Garchomp|1
|-damage|p2a: Garchomp|68/100
|move|p2b: Delphox|Psychic|p1b: Farigiraf
|-resisted|p1b: Farigiraf|1
|-damage|p1b: Farigiraf|76/100
|move|p2a: Garchomp|Dragon Claw|p1a: Aerodactyl
|-crit|p1a: Aerodactyl
|-damage|p1a: Aerodactyl|0 fnt
|faint|p1a: Aerodactyl
|-damage|p2a: Garchomp|59/100|[from] item: Life Orb
|
|upkeep
|
|t:|1785679459
|switch|p1a: Garchomp|Garchomp, L50, F|47/100
|turn|6
|
|t:|1785679513
|switch|p1a: Kingambit|Kingambit, L50, F|100/100
|switch|p2a: Kingambit|Kingambit, L50, M|10/100
|move|p2b: Delphox|Substitute|p2b: Delphox
|-start|p2b: Delphox|Substitute
|-damage|p2b: Delphox|50/100g
|move|p1b: Farigiraf|Trick Room|p1b: Farigiraf
|-fieldstart|move: Trick Room|[of] p1b: Farigiraf
|
|-sideend|p1: CretaceousDraconid|move: Tailwind
|upkeep
|turn|7
|
|t:|1785679542
|move|p1a: Kingambit|Kowtow Cleave|p2a: Kingambit
|-resisted|p2a: Kingambit|1
|-damage|p2a: Kingambit|0 fnt
|faint|p2a: Kingambit
|move|p1b: Farigiraf|Thunderbolt|p2b: Delphox
|-activate|p2b: Delphox|move: Substitute|[damage]
|move|p2b: Delphox|Heat Wave|p1b: Farigiraf|[spread] p1a,p1b
|-supereffective|p1a: Kingambit|1
|-damage|p1a: Kingambit|26/100
|-damage|p1b: Farigiraf|36/100
|-enditem|p1b: Farigiraf|Sitrus Berry|[eat]
|-heal|p1b: Farigiraf|61/100|[from] item: Sitrus Berry
|
|upkeep
|
|t:|1785679560
|switch|p2a: Garchomp|Garchomp, L50, M|59/100
|turn|8
|
|t:|1785679580
|move|p2a: Garchomp|Protect|p2a: Garchomp
|-singleturn|p2a: Garchomp|Protect
|move|p2b: Delphox|Protect|p2b: Delphox
|-singleturn|p2b: Delphox|Protect
|move|p1a: Kingambit|Kowtow Cleave|p2a: Garchomp
|-activate|p2a: Garchomp|move: Protect
|move|p1b: Farigiraf|Thunderbolt|p2b: Delphox
|-activate|p2b: Delphox|move: Protect
|
|upkeep
|turn|9
|
|t:|1785679599
|switch|p2a: Glimmora|Glimmora, L50, M|100/100
|move|p1a: Kingambit|Kowtow Cleave|p2a: Glimmora
|-damage|p2a: Glimmora|31/100
|-activate|p2a: Glimmora|ability: Toxic Debris
|-sidestart|p1: CretaceousDraconid|move: Toxic Spikes
|move|p1b: Farigiraf|Thunderbolt|p2b: Delphox
|-end|p2b: Delphox|Substitute
|move|p2b: Delphox|Heat Wave|p1a: Kingambit|[spread] p1a,p1b
|-supereffective|p1a: Kingambit|1
|-damage|p1a: Kingambit|0 fnt
|-damage|p1b: Farigiraf|22/100
|faint|p1a: Kingambit
|
|upkeep
|
|t:|1785679608
|switch|p1a: Garchomp|Garchomp, L50, F|47/100
|-status|p1a: Garchomp|psn
|turn|10
|
|t:|1785679620
|move|p2a: Glimmora|Spiky Shield|p2a: Glimmora
|-singleturn|p2a: Glimmora|move: Protect
|move|p2b: Delphox|Protect|p2b: Delphox
|-singleturn|p2b: Delphox|Protect
|move|p1b: Farigiraf|Twin Beam|p2a: Glimmora
|-activate|p2a: Glimmora|move: Protect
|move|p1a: Garchomp|Rock Slide|p2b: Delphox|[spread] 
|-activate|p2a: Glimmora|move: Protect
|-activate|p2b: Delphox|move: Protect
|
|-damage|p1a: Garchomp|34/100 psn|[from] psn
|-fieldend|move: Trick Room
|upkeep
|turn|11
|-message|CretaceousDraconid forfeited.
|raw|CretaceousDraconid's rating: 1337 → 1311(-26 for losing)
|raw|nutbuster151's rating: 1238 → 1270(+32 for winning)
|
|win|nutbuster151
|l|☆CretaceousDraconid
|player|p1|
