|j|☆ThatGuyInAMask
|j|☆Mega Chime Time
|html|ThatGuyInAMaskMega Chime Time    
|uhtml|bestof|Game 1 of a best-of-3
|t:|1783474185
|gametype|doubles
|player|p1|ThatGuyInAMask|burglar|
|player|p2|Mega Chime Time|miku-flying|
|gen|9
|tier|[Gen 9 Champions] VGC 2026 Reg M-B (Bo3)
|rule|Species Clause: Limit one of each Pokémon
|rule|Item Clause: Limit 1 of each item
|clearpoke
|poke|p1|Swampert, L50, M|
|poke|p1|Gardevoir, L50, M, shiny|
|poke|p1|Rotom-Mow, L50|
|poke|p1|Liepard, L50, M, shiny|
|poke|p1|Drampa, L50, M|
|poke|p1|Pidgeot, L50, M|
|poke|p2|Altaria, L50, F|
|poke|p2|Salazzle, L50, F|
|poke|p2|Blastoise, L50, M|
|poke|p2|Rotom-Mow, L50, shiny|
|poke|p2|Chimecho, L50, M, shiny|
|poke|p2|Mudsdale, L50, F|
|teampreview|4
|showteam|p1|Swampert||RindoBerry|Torrent|WaveCrash,Earthquake,HammerArm,Protect|Adamant||M|||50|]Gardevoir||FairyFeather|Synchronize|Protect,Psychic,DazzlingGleam,Moonblast|Timid||M|||50|]Rotom-Mow||ChoiceScarf|Levitate|Electroweb,VoltSwitch,LeafStorm,Thunderbolt|Timid|||||50|]Liepard||FocusSash|Prankster|FakeOut,Encore,Taunt,KnockOff|Jolly||M|||50|]Drampa||SitrusBerry|CloudNine|Protect,DragonPulse,Flamethrower,HyperVoice|Modest||M|||50|]Pidgeot||Pidgeotite|KeenEye|Tailwind,Hurricane,HeatWave,Protect|Timid||M|||50|
|showteam|p2|Altaria||Altarianite|NaturalCure|HyperVoice,Roost,WillOWisp,Protect|Modest||F|||50|]Salazzle||FocusSash|Corrosion|FakeOut,HeatWave,Encore,Protect|Hasty||F|||50|]Blastoise||SitrusBerry|RainDish|FakeOut,WaveCrash,Yawn,LifeDew|Adamant||M|||50|]Rotom-Mow||ChoiceScarf|Levitate|Electroweb,Trick,LeafStorm,Thunderbolt|Timid|||||50|]Chimecho||Chimechite|Levitate|FlashCannon,Psyshock,Protect,EnergyBall|Modest||M|||50|]Mudsdale||Leftovers|Stamina|BodyPress,HighHorsepower,HeavySlam,Protect|Adamant||F|||50|
|inactive|Battle timer is ON: inactive players will automatically lose when time's up. (requested by Mega Chime Time)
|inactive|ThatGuyInAMask has 60 seconds left.
|inactive|Mega Chime Time has 60 seconds left.
|
|t:|1783474229
|teamsize|p1|4
|teamsize|p2|4
|start
|switch|p1a: Gardevoir|Gardevoir, L50, M, shiny|100/100
|switch|p1b: Pidgeot|Pidgeot, L50, M|100/100
|switch|p2a: Altaria|Altaria, L50, F|100/100
|switch|p2b: Blastoise|Blastoise, L50, M|100/100
|turn|1
|
|t:|1783474248
|detailschange|p1b: Pidgeot|Pidgeot-Mega, L50, M
|-mega|p1b: Pidgeot|Pidgeot|Pidgeotite
|move|p1b: Pidgeot|Tailwind|p1b: Pidgeot
|-sidestart|p1: ThatGuyInAMask|move: Tailwind
|move|p1a: Gardevoir|Dazzling Gleam|p2b: Blastoise|[spread] p2a,p2b
|-supereffective|p2a: Altaria|1
|-damage|p2a: Altaria|26/100
|-damage|p2b: Blastoise|62/100
|move|p2a: Altaria|Hyper Voice|p1b: Pidgeot|[spread] p1a,p1b
|-damage|p1a: Gardevoir|82/100
|-damage|p1b: Pidgeot|76/100
|move|p2b: Blastoise|Wave Crash|p1a: Gardevoir
|-damage|p1a: Gardevoir|0 fnt
|faint|p1a: Gardevoir
|-damage|p2b: Blastoise|41/100|[from] Recoil
|-enditem|p2b: Blastoise|Sitrus Berry|[eat]
|-heal|p2b: Blastoise|66/100|[from] item: Sitrus Berry
|
|upkeep
|
|t:|1783474263
|switch|p1a: Rotom|Rotom-Mow, L50|100/100
|turn|2
|
|t:|1783474276
|move|p2a: Altaria|Protect|p2a: Altaria
|-singleturn|p2a: Altaria|Protect
|move|p1a: Rotom|Leaf Storm|p2b: Blastoise
|-supereffective|p2b: Blastoise|1
|-damage|p2b: Blastoise|0 fnt
|-unboost|p1a: Rotom|spa|2
|faint|p2b: Blastoise
|move|p1b: Pidgeot|Hurricane|p2a: Altaria
|-activate|p2a: Altaria|move: Protect
|
|upkeep
|j| lillyrosethedemon
|
|t:|1783474284
|switch|p2b: Salazzle|Salazzle, L50, F|100/100
|turn|3
|
|t:|1783474290
|switch|p1a: Swampert|Swampert, L50, M|100/100
|detailschange|p2a: Altaria|Altaria-Mega, L50, F
|-mega|p2a: Altaria|Altaria|Altarianite
|move|p1b: Pidgeot|Protect|p1b: Pidgeot
|-singleturn|p1b: Pidgeot|Protect
|move|p2b: Salazzle|Fake Out|p1b: Pidgeot
|-activate|p1b: Pidgeot|move: Protect
|move|p2a: Altaria|Roost|p2a: Altaria
|-heal|p2a: Altaria|76/100
|-singleturn|p2a: Altaria|move: Roost
|
|upkeep
|turn|4
|
|t:|1783474307
|switch|p2b: Rotom|Rotom-Mow, L50, shiny|100/100
|move|p1b: Pidgeot|Hurricane|p2a: Altaria
|-damage|p2a: Altaria|21/100
|move|p1a: Swampert|Earthquake|p2a: Altaria|[spread] p2a
|-immune|p1b: Pidgeot
|-immune|p2b: Rotom|[from] ability: Levitate
|-damage|p2a: Altaria|0 fnt
|faint|p2a: Altaria
|
|-sideend|p1: ThatGuyInAMask|move: Tailwind
|upkeep
|
|t:|1783474315
|switch|p2a: Salazzle|Salazzle, L50, F|100/100
|turn|5
|inactive|Mega Chime Time has 30 seconds left.
|
|t:|1783474342
|move|p1b: Pidgeot|Protect|p1b: Pidgeot
|-singleturn|p1b: Pidgeot|Protect
|move|p1a: Swampert|Protect|p1a: Swampert
|-singleturn|p1a: Swampert|Protect
|move|p2a: Salazzle|Fake Out|p1a: Swampert
|-activate|p1a: Swampert|move: Protect
|move|p2b: Rotom|Thunderbolt|p1b: Pidgeot
|-activate|p1b: Pidgeot|move: Protect
|
|upkeep
|turn|6
|inactive|ThatGuyInAMask has 30 seconds left.
|
|t:|1783474371
|move|p2b: Rotom|Thunderbolt|p1b: Pidgeot
|-supereffective|p1b: Pidgeot|1
|-crit|p1b: Pidgeot
|-damage|p1b: Pidgeot|0 fnt
|faint|p1b: Pidgeot
|move|p2a: Salazzle|Encore|p1a: Swampert
|-start|p1a: Swampert|Encore
|move|p1a: Swampert|Protect||[still]
|-fail|p1a: Swampert
|
|upkeep
|
|t:|1783474379
|switch|p1b: Rotom|Rotom-Mow, L50|100/100
|turn|7
|
|t:|1783474385
|move|p1a: Swampert|Protect|p1a: Swampert
|-singleturn|p1a: Swampert|Protect
|move|p1b: Rotom|Electroweb|p2b: Rotom|[spread] p2a,p2b
|-resisted|p2b: Rotom|2
|-damage|p2a: Salazzle|65/100
|-damage|p2b: Rotom|94/100
|-unboost|p2a: Salazzle|spe|1
|-unboost|p2b: Rotom|spe|1
|move|p2b: Rotom|Thunderbolt|p1b: Rotom
|-resisted|p1b: Rotom|2
|-damage|p1b: Rotom|85/100
|move|p2a: Salazzle|Heat Wave|p1b: Rotom|[spread] p1b
|-activate|p1a: Swampert|move: Protect
|-supereffective|p1b: Rotom|1
|-damage|p1b: Rotom|3/100
|
|upkeep
|turn|8
|
|t:|1783474401
|move|p2a: Salazzle|Protect|p2a: Salazzle
|-singleturn|p2a: Salazzle|Protect
|move|p1a: Swampert|Protect||[still]
|-fail|p1a: Swampert
|move|p1b: Rotom|Electroweb|p2a: Salazzle|[spread] p2b
|-activate|p2a: Salazzle|move: Protect
|-resisted|p2b: Rotom|2
|-damage|p2b: Rotom|88/100
|-unboost|p2b: Rotom|spe|1
|move|p2b: Rotom|Thunderbolt|p1b: Rotom
|-resisted|p1b: Rotom|2
|-damage|p1b: Rotom|0 fnt
|faint|p1b: Rotom
|
|-end|p1a: Swampert|Encore
|upkeep
|turn|9
|
|t:|1783474418
|move|p1a: Swampert|Protect|p1a: Swampert
|-singleturn|p1a: Swampert|Protect
|move|p2a: Salazzle|Encore|p1a: Swampert
|-activate|p1a: Swampert|move: Protect
|move|p2b: Rotom|Thunderbolt|p1a: Swampert
|-activate|p1a: Swampert|move: Protect
|
|upkeep
|turn|10
|
|t:|1783474427
|move|p2a: Salazzle|Encore|p1a: Swampert
|-start|p1a: Swampert|Encore
|move|p1a: Swampert|Protect||[still]
|-fail|p1a: Swampert
|move|p2b: Rotom|Thunderbolt|p1a: Swampert
|-immune|p1a: Swampert
|
|upkeep
|turn|11
|
|t:|1783474438
|move|p2a: Salazzle|Protect|p2a: Salazzle
|-singleturn|p2a: Salazzle|Protect
|move|p1a: Swampert|Protect|p1a: Swampert
|-singleturn|p1a: Swampert|Protect
|move|p2b: Rotom|Thunderbolt|p1a: Swampert
|-activate|p1a: Swampert|move: Protect
|
|upkeep
|turn|12
|
|t:|1783474445
|move|p1a: Swampert|Protect|p1a: Swampert
|-singleturn|p1a: Swampert|Protect
|move|p2a: Salazzle|Heat Wave|p1a: Swampert
|-activate|p1a: Swampert|move: Protect
|move|p2b: Rotom|Thunderbolt|p1a: Swampert
|-activate|p1a: Swampert|move: Protect
|
|-end|p1a: Swampert|Encore
|upkeep
|turn|13
|
|t:|1783474454
|move|p2a: Salazzle|Encore||[still]
|-fail|p2a: Salazzle
|move|p2b: Rotom|Thunderbolt|p1a: Swampert
|-immune|p1a: Swampert
|move|p1a: Swampert|Earthquake|p2a: Salazzle|[spread] p2a
|-immune|p2b: Rotom|[from] ability: Levitate
|-supereffective|p2a: Salazzle|2
|-damage|p2a: Salazzle|0 fnt
|faint|p2a: Salazzle
|
|upkeep
|turn|14
|c|☆Mega Chime Time|well now im confused
|inactive|Mega Chime Time has 30 seconds left.
|
|t:|1783474488
|move|p2b: Rotom|Thunderbolt|p1a: Swampert
|-immune|p1a: Swampert
|move|p1a: Swampert|Hammer Arm|p2b: Rotom
|-damage|p2b: Rotom|46/100
|-unboost|p1a: Swampert|spe|1
|
|upkeep
|turn|15
|c|☆ThatGuyInAMask|in what way?
|c|☆Mega Chime Time|how'd I mess up the encore lock
|c|☆ThatGuyInAMask|i ran out of protect pp
|inactive|Mega Chime Time has 30 seconds left.
|c|☆Mega Chime Time|I WASN'T COUNTING
|c|☆Mega Chime Time|ty
|
|t:|1783474520
|move|p2b: Rotom|Thunderbolt|p1a: Swampert
|-immune|p1a: Swampert
|move|p1a: Swampert|Hammer Arm|p2b: Rotom
|-damage|p2b: Rotom|5/100
|-unboost|p1a: Swampert|spe|1
|
|upkeep
|turn|16
|c|☆Mega Chime Time|gg
|c|☆ThatGuyInAMask|gg
|
|t:|1783474530
|move|p2b: Rotom|Thunderbolt|p1a: Swampert
|-immune|p1a: Swampert
|move|p1a: Swampert|Hammer Arm|p2b: Rotom
|-damage|p2b: Rotom|0 fnt
|-unboost|p1a: Swampert|spe|1
|faint|p2b: Rotom
|
|win|ThatGuyInAMask
||Mega Chime Time is ready for game 2.
||ThatGuyInAMask is ready for game 2.
|uhtml|next|Next: Game 2 of 3
