|j|☆Notaplaceofhonor
|j|☆princevg
|html|Notaplaceofhonorprincevg    
|uhtml|bestof|Game 2 of a best-of-3
|t:|1754936892
|gametype|doubles
|player|p1|Notaplaceofhonor|juan-gen3|1227
|player|p2|princevg|169|1328
|gen|9
|tier|[Gen 9] VGC 2025 Reg H (Bo3)
|rated|
|rule|Species Clause: Limit one of each Pokémon
|rule|Item Clause: Limit 1 of each item
|clearpoke
|poke|p1|Dondozo, L50, F|
|poke|p1|Tatsugiri, L50, M|
|poke|p1|Talonflame, L50, M|
|poke|p1|Gholdengo, L50|
|poke|p1|Indeedee, L50, M|
|poke|p1|Sneasler, L50, F|
|poke|p2|Incineroar, L50, F|
|poke|p2|Rillaboom, L50, F|
|poke|p2|Dragonite, L50, M|
|poke|p2|Volcarona, L50, M|
|poke|p2|Sneasler, L50, F|
|poke|p2|Tyranitar, L50, M|
|teampreview|4
|showteam|p1|Dondozo||Leftovers|Unaware|Protect,WaveCrash,OrderUp,Earthquake|||F|||50|,,,,,Grass]Tatsugiri||ChoiceScarf|Commander|DragonPulse,DracoMeteor,MuddyWater,IcyWind|||M|||50|,,,,,Ghost]Talonflame||SharpBeak|GaleWings|Protect,Tailwind,BraveBird,FlareBlitz|||M|||50|,,,,,Flying]Gholdengo||LifeOrb|GoodasGold|Protect,NastyPlot,MakeItRain,ShadowBall||||||50|,,,,,Water]Indeedee||FocusSash|PsychicSurge|Protect,ExpandingForce,TeraBlast,Encore|||M|||50|,,,,,Ground]Sneasler||PsychicSeed|Unburden|Protect,CloseCombat,DireClaw,ThroatChop|||F|||50|,,,,,Dark
|showteam|p2|Incineroar||SafetyGoggles|Intimidate|FakeOut,PartingShot,FlareBlitz,Taunt|||F|||50|,,,,,Ghost]Rillaboom||AssaultVest|GrassySurge|FakeOut,GrassyGlide,HighHorsepower,WoodHammer|||F|||50|,,,,,Water]Dragonite||LoadedDice|Multiscale|ScaleShot,Tailwind,Haze,Protect|||M|||50|,,,,,Steel]Volcarona||SitrusBerry|FlameBody|QuiverDance,HeatWave,TeraBlast,Protect|||M|||50|,,,,,Fairy]Sneasler||FocusSash|Unburden|CloseCombat,DireClaw,Protect,Coaching|||F|||50|,,,,,Stellar]Tyranitar||ClearAmulet|SandStream|RockSlide,KnockOff,LowKick,Protect|||M|||50|,,,,,Fairy
|
|t:|1754936910
|teamsize|p1|4
|teamsize|p2|4
|start
|switch|p1a: Talonflame|Talonflame, L50, M|100/100
|switch|p1b: Sneasler|Sneasler, L50, F|100/100
|switch|p2a: Incineroar|Incineroar, L50, F|100/100
|switch|p2b: Dragonite|Dragonite, L50, M|100/100
|-ability|p2a: Incineroar|Intimidate|boost
|-unboost|p1a: Talonflame|atk|1
|-unboost|p1b: Sneasler|atk|1
|turn|1
|
|t:|1754936929
|switch|p1a: Indeedee|Indeedee, L50, M|100/100
|-fieldstart|move: Psychic Terrain|[from] ability: Psychic Surge|[of] p1a: Indeedee
|-enditem|p1b: Sneasler|Psychic Seed
|-boost|p1b: Sneasler|spd|1|[from] item: Psychic Seed
|move|p2a: Incineroar|Fake Out|p1b: Sneasler
|-activate|p1b: Sneasler|move: Psychic Terrain
|move|p1b: Sneasler|Dire Claw|p2b: Dragonite
|-damage|p2b: Dragonite|83/100
|-status|p2b: Dragonite|par
|move|p2b: Dragonite|Scale Shot|p1a: Indeedee
|-damage|p1a: Indeedee|67/100
|-damage|p1a: Indeedee|38/100
|-damage|p1a: Indeedee|9/100
|-crit|p1a: Indeedee
|-damage|p1a: Indeedee|0 fnt
|faint|p1a: Indeedee
|-hitcount|p1: Indeedee|4
|-unboost|p2b: Dragonite|def|1
|-boost|p2b: Dragonite|spe|1
|
|upkeep
|
|t:|1754936942
|switch|p1a: Talonflame|Talonflame, L50, M|100/100
|turn|2
|
|t:|1754936963
|move|p1a: Talonflame|Brave Bird|p2a: Incineroar
|-activate|p2a: Incineroar|move: Psychic Terrain
|move|p1b: Sneasler|Dire Claw|p2a: Incineroar
|-damage|p2a: Incineroar|70/100
|-status|p2a: Incineroar|par
|move|p2b: Dragonite|Scale Shot|p1a: Talonflame
|-damage|p1a: Talonflame|79/100
|-damage|p1a: Talonflame|57/100
|-damage|p1a: Talonflame|36/100
|-damage|p1a: Talonflame|12/100
|-damage|p1a: Talonflame|0 fnt
|faint|p1a: Talonflame
|-hitcount|p1: Talonflame|5
|-unboost|p2b: Dragonite|def|1
|-boost|p2b: Dragonite|spe|1
|move|p2a: Incineroar|Flare Blitz|p1b: Sneasler
|-damage|p1b: Sneasler|21/100
|-damage|p2a: Incineroar|50/100 par|[from] Recoil
|
|upkeep
|
|t:|1754936972
|switch|p1a: Gholdengo|Gholdengo, L50|100/100
|turn|3
|
|t:|1754936997
|move|p1b: Sneasler|Dire Claw|p2b: Dragonite
|-damage|p2b: Dragonite|17/100 par
|move|p1a: Gholdengo|Make It Rain|p2b: Dragonite|[spread] p2a,p2b
|-resisted|p2a: Incineroar
|-damage|p2a: Incineroar|23/100 par
|-damage|p2b: Dragonite|0 fnt
|-unboost|p1a: Gholdengo|spa|1
|faint|p2b: Dragonite
|-damage|p1a: Gholdengo|91/100|[from] item: Life Orb
|cant|p2a: Incineroar|par
|
|upkeep
|
|t:|1754937004
|switch|p2b: Rillaboom|Rillaboom, L50, F|100/100
|-fieldstart|move: Grassy Terrain|[from] ability: Grassy Surge|[of] p2b: Rillaboom
|turn|4
|
|t:|1754937011
|move|p1b: Sneasler|Protect|p1b: Sneasler
|-singleturn|p1b: Sneasler|Protect
|move|p1a: Gholdengo|Protect|p1a: Gholdengo
|-singleturn|p1a: Gholdengo|Protect
|move|p2b: Rillaboom|Fake Out|p1b: Sneasler
|-activate|p1b: Sneasler|move: Protect
|move|p2a: Incineroar|Flare Blitz|p1a: Gholdengo
|-activate|p1a: Gholdengo|move: Protect
|
|-heal|p1b: Sneasler|27/100|[from] Grassy Terrain
|-heal|p1a: Gholdengo|97/100|[from] Grassy Terrain
|-heal|p2a: Incineroar|29/100 par|[from] Grassy Terrain
|upkeep
|turn|5
|
|t:|1754937022
|-terastallize|p2b: Rillaboom|Water
|move|p1b: Sneasler|Close Combat|p2a: Incineroar
|-supereffective|p2a: Incineroar
|-damage|p2a: Incineroar|0 fnt
|-unboost|p1b: Sneasler|def|1
|-unboost|p1b: Sneasler|spd|1
|faint|p2a: Incineroar
|move|p1a: Gholdengo|Nasty Plot|p1a: Gholdengo
|-boost|p1a: Gholdengo|spa|2
|move|p2b: Rillaboom|High Horsepower|p1b: Sneasler
|-supereffective|p1b: Sneasler
|-damage|p1b: Sneasler|0 fnt
|faint|p1b: Sneasler
|
|-heal|p1a: Gholdengo|100/100|[from] Grassy Terrain
|upkeep
|
|t:|1754937026
|switch|p2a: Sneasler|Sneasler, L50, F|100/100
|turn|6
|
|t:|1754937043
|move|p2a: Sneasler|Coaching|p2b: Rillaboom
|-boost|p2b: Rillaboom|atk|1
|-boost|p2b: Rillaboom|def|1
|move|p1a: Gholdengo|Shadow Ball|p2b: Rillaboom
|-damage|p2b: Rillaboom|38/100
|-damage|p1a: Gholdengo|91/100|[from] item: Life Orb
|move|p2b: Rillaboom|High Horsepower|p1a: Gholdengo
|-supereffective|p1a: Gholdengo
|-damage|p1a: Gholdengo|0 fnt
|faint|p1a: Gholdengo
|
|win|princevg
|raw|Notaplaceofhonor's rating: 1227 → 1209(-18 for losing)
|raw|princevg's rating: 1328 → 1342(+14 for winning)
