|j|☆lildueldisk
|j|☆spellbreakvgc
|html|lildueldiskspellbreakvgc    
|uhtml|bestof|Game 2 of a best-of-3
|t:|1756916918
|gametype|doubles
|player|p1|lildueldisk|boarder|1140
|player|p2|spellbreakvgc|lance|1185
|gen|9
|tier|[Gen 9] VGC 2025 Reg H (Bo3)
|rated|
|rule|Species Clause: Limit one of each Pokémon
|rule|Item Clause: Limit 1 of each item
|clearpoke
|poke|p1|Dragonite, L50, M|
|poke|p1|Garchomp, L50, M|
|poke|p1|Ninetales-Alola, L50, M|
|poke|p1|Incineroar, L50, M|
|poke|p1|Kingambit, L50, F|
|poke|p1|Amoonguss, L50, M|
|poke|p2|Archaludon, L50, M|
|poke|p2|Pelipper, L50, M|
|poke|p2|Basculegion, L50, M|
|poke|p2|Sinistcha, L50|
|poke|p2|Electrode-Hisui, L50|
|poke|p2|Incineroar, L50, F|
|teampreview|4
|showteam|p1|Dragonite||LumBerry|InnerFocus|TeraBlast,ExtremeSpeed,LowKick,Protect|||M|||50|,,,,,Flying]Garchomp||LifeOrb|SandVeil|DragonClaw,Earthquake,StompingTantrum,Protect|||M|||50|,,,,,Steel]Ninetales-Alola||FocusSash|SnowWarning|Blizzard,FreezeDry,Encore,Protect|||M|||50|,,,,,Ice]Incineroar||SafetyGoggles|Intimidate|FlareBlitz,KnockOff,PartingShot,FakeOut|||M|||50|,,,,,Ghost]Kingambit||AssaultVest|Defiant|KowtowCleave,SuckerPunch,IronHead,LowKick|||F|||50|,,,,,Dark]Amoonguss||SitrusBerry|Regenerator|Spore,RagePowder,PollenPuff,ClearSmog|||M|||50|,,,,,Water
|showteam|p2|Archaludon||AssaultVest|Stamina|DragonPulse,Snarl,ElectroShot,BodyPress|||M|||50|,,,,,Bug]Pelipper||FocusSash|Drizzle|WeatherBall,Hurricane,Tailwind,Protect|||M|||50|,,,,,Stellar]Basculegion||LifeOrb|SwiftSwim|WaveCrash,LastRespects,AquaJet,Protect|||M|||50|,,,,,Grass]Sinistcha||SitrusBerry|Hospitality|MatchaGotcha,StrengthSap,RagePowder,TrickRoom||||||50|,,,,,Fire]Electrode-Hisui||LoadedDice|Soundproof|BulletSeed,Electroweb,Taunt,ThunderWave||||||50|,,,,,Ghost]Incineroar||SafetyGoggles|Intimidate|FakeOut,PartingShot,KnockOff,Roar|||F|||50|,,,,,Ghost
|j| teamthief420
|inactive|Battle timer is ON: inactive players will automatically lose when time's up. (requested by spellbreakvgc)
|
|t:|1756917010
|teamsize|p1|4
|teamsize|p2|4
|start
|switch|p1a: Dragonite|Dragonite, L50, M|100/100
|switch|p1b: Garchomp|Garchomp, L50, M|100/100
|switch|p2a: Archaludon|Archaludon, L50, M|100/100
|switch|p2b: Electrode|Electrode-Hisui, L50|100/100
|turn|1
|inactive|spellbreakvgc has 30 seconds left.
|inactive|spellbreakvgc has 20 seconds left.
|
|t:|1756917047
|-terastallize|p1a: Dragonite|Flying
|-terastallize|p2a: Archaludon|Bug
|move|p2b: Electrode|Bullet Seed|p2a: Archaludon
|-resisted|p2a: Archaludon
|-damage|p2a: Archaludon|98/100
|-ability|p2a: Archaludon|Stamina|boost
|-boost|p2a: Archaludon|def|1
|-resisted|p2a: Archaludon
|-damage|p2a: Archaludon|97/100
|-ability|p2a: Archaludon|Stamina|boost
|-boost|p2a: Archaludon|def|1
|-resisted|p2a: Archaludon
|-damage|p2a: Archaludon|96/100
|-ability|p2a: Archaludon|Stamina|boost
|-boost|p2a: Archaludon|def|1
|-resisted|p2a: Archaludon
|-damage|p2a: Archaludon|95/100
|-ability|p2a: Archaludon|Stamina|boost
|-boost|p2a: Archaludon|def|1
|-resisted|p2a: Archaludon
|-damage|p2a: Archaludon|95/100
|-ability|p2a: Archaludon|Stamina|boost
|-boost|p2a: Archaludon|def|1
|-hitcount|p2a: Archaludon|5
|move|p1b: Garchomp|Earthquake|p2a: Archaludon|[spread] p2a,p2b
|-immune|p1a: Dragonite
|-resisted|p2a: Archaludon
|-damage|p2a: Archaludon|90/100
|-damage|p2b: Electrode|35/100
|-ability|p2a: Archaludon|Stamina|boost
|-boost|p2a: Archaludon|def|1
|-damage|p1b: Garchomp|91/100|[from] item: Life Orb
|move|p1a: Dragonite|Tera Blast|p2a: Archaludon|[anim] Tera Blast Flying
|-supereffective|p2a: Archaludon
|-damage|p2a: Archaludon|68/100
|move|p2a: Archaludon|Body Press|p1b: Garchomp
|-damage|p1b: Garchomp|6/100
|
|upkeep
|turn|2
|inactive|lildueldisk has 30 seconds left.
|inactive|spellbreakvgc has 30 seconds left.
|inactive|spellbreakvgc has 20 seconds left.
|inactive|lildueldisk has 20 seconds left.
|inactive|spellbreakvgc has 15 seconds left.
|inactive|spellbreakvgc has 10 seconds left.
|inactive|spellbreakvgc has 5 seconds left.
|
|t:|1756917100
|move|p2b: Electrode|Electroweb|p1a: Dragonite|[spread] p1a
|-immune|p1b: Garchomp
|-supereffective|p1a: Dragonite
|-damage|p1a: Dragonite|74/100
|-unboost|p1a: Dragonite|spe|1
|move|p1b: Garchomp|Earthquake|p2b: Electrode|[spread] p2a,p2b
|-immune|p1a: Dragonite
|-resisted|p2a: Archaludon
|-damage|p2a: Archaludon|63/100
|-damage|p2b: Electrode|0 fnt
|faint|p2b: Electrode
|-damage|p1b: Garchomp|0 fnt|[from] item: Life Orb
|faint|p1b: Garchomp
|move|p2a: Archaludon|Body Press|p1a: Dragonite
|-resisted|p1a: Dragonite
|-damage|p1a: Dragonite|24/100
|move|p1a: Dragonite|Tera Blast|p2a: Archaludon|[anim] Tera Blast Flying
|-supereffective|p2a: Archaludon
|-damage|p2a: Archaludon|41/100
|
|upkeep
|
|t:|1756917118
|switch|p2b: Incineroar|Incineroar, L50, F|100/100
|switch|p1b: Amoonguss|Amoonguss, L50, M|100/100
|-ability|p2b: Incineroar|Intimidate|boost
|-fail|p1a: Dragonite|unboost|Attack|[from] ability: Inner Focus|[of] p1a: Dragonite
|-unboost|p1b: Amoonguss|atk|1
|turn|3
|
|t:|1756917141
|move|p1a: Dragonite|Protect|p1a: Dragonite
|-singleturn|p1a: Dragonite|Protect
|move|p2b: Incineroar|Fake Out|p1b: Amoonguss
|-damage|p1b: Amoonguss|91/100
|move|p2a: Archaludon|Body Press|p1a: Dragonite
|-activate|p1a: Dragonite|move: Protect
|cant|p1b: Amoonguss|flinch
|
|upkeep
|turn|4
|
|t:|1756917154
|switch|p1a: Ninetales|Ninetales-Alola, L50, M|100/100
|-weather|Snowscape|[from] ability: Snow Warning|[of] p1a: Ninetales
|switch|p2b: Sinistcha|Sinistcha, L50|100/100
|-heal|p2a: Archaludon|66/100|[from] ability: Hospitality|[of] p2b: Sinistcha
|move|p2a: Archaludon|Body Press|p1a: Ninetales
|-damage|p1a: Ninetales|11/100
|move|p1b: Amoonguss|Spore|p2a: Archaludon
|-status|p2a: Archaludon|slp|[from] move: Spore
|
|-weather|Snowscape|[upkeep]
|upkeep
|turn|5
|
|t:|1756917177
|switch|p2b: Incineroar|Incineroar, L50, F|100/100
|-ability|p2b: Incineroar|Intimidate|boost
|-unboost|p1a: Ninetales|atk|1
|-unboost|p1b: Amoonguss|atk|1
|move|p1a: Ninetales|Blizzard|p2a: Archaludon|[spread] p2a,p2b
|-resisted|p2b: Incineroar
|-damage|p2a: Archaludon|43/100 slp
|-damage|p2b: Incineroar|86/100
|cant|p2a: Archaludon|slp
|move|p1b: Amoonguss|Pollen Puff|p1a: Ninetales
|-heal|p1a: Ninetales|60/100
|
|-weather|Snowscape|[upkeep]
|upkeep
|turn|6
|inactive|lildueldisk has 30 seconds left.
|inactive|spellbreakvgc has 30 seconds left.
|
|t:|1756917209
|move|p2b: Incineroar|Fake Out|p1a: Ninetales
|-damage|p1a: Ninetales|48/100
|move|p1b: Amoonguss|Rage Powder|p1b: Amoonguss
|-singleturn|p1b: Amoonguss|move: Rage Powder
|cant|p1a: Ninetales|flinch
|-curestatus|p2a: Archaludon|slp|[msg]
|move|p2a: Archaludon|Snarl|p1b: Amoonguss|[spread] p1a,p1b
|-resisted|p1a: Ninetales
|-damage|p1a: Ninetales|41/100
|-damage|p1b: Amoonguss|80/100
|-unboost|p1a: Ninetales|spa|1
|-unboost|p1b: Amoonguss|spa|1
|
|-weather|Snowscape|[upkeep]
|upkeep
|turn|7
|inactive|lildueldisk has 30 seconds left.
|inactive|spellbreakvgc has 30 seconds left.
|
|t:|1756917239
|move|p1a: Ninetales|Freeze-Dry|p2a: Archaludon
|-damage|p2a: Archaludon|31/100
|move|p2a: Archaludon|Snarl|p1b: Amoonguss|[spread] p1a,p1b
|-resisted|p1a: Ninetales
|-damage|p1a: Ninetales|33/100
|-damage|p1b: Amoonguss|68/100
|-unboost|p1a: Ninetales|spa|1
|-unboost|p1b: Amoonguss|spa|1
|move|p2b: Incineroar|Parting Shot|p1a: Ninetales
|-unboost|p1a: Ninetales|atk|1
|-unboost|p1a: Ninetales|spa|1
|
|t:|1756917250
|switch|p2b: Sinistcha|Sinistcha, L50|100/100|[from] Parting Shot
|-heal|p2a: Archaludon|56/100|[from] ability: Hospitality|[of] p2b: Sinistcha
|move|p1b: Amoonguss|Clear Smog|p2a: Archaludon
|-damage|p2a: Archaludon|50/100
|-clearboost|p2a: Archaludon
|-ability|p2a: Archaludon|Stamina|boost
|-boost|p2a: Archaludon|def|1
|
|-weather|Snowscape|[upkeep]
|upkeep
|turn|8
|
|t:|1756917264
|move|p1a: Ninetales|Blizzard|p2a: Archaludon|[spread] p2a,p2b
|-supereffective|p2b: Sinistcha
|-crit|p2b: Sinistcha
|-damage|p2a: Archaludon|41/100
|-damage|p2b: Sinistcha|13/100
|-ability|p2a: Archaludon|Stamina|boost
|-boost|p2a: Archaludon|def|1
|-enditem|p2b: Sinistcha|Sitrus Berry|[eat]
|-heal|p2b: Sinistcha|38/100|[from] item: Sitrus Berry
|move|p2a: Archaludon|Snarl|p1a: Ninetales|[spread] p1a,p1b
|-resisted|p1a: Ninetales
|-damage|p1a: Ninetales|25/100
|-damage|p1b: Amoonguss|57/100
|-unboost|p1a: Ninetales|spa|1
|-unboost|p1b: Amoonguss|spa|1
|move|p2b: Sinistcha|Matcha Gotcha|p1b: Amoonguss|[spread] p1a,p1b
|-resisted|p1b: Amoonguss
|-damage|p1a: Ninetales|0 fnt
|-heal|p2b: Sinistcha|48/100|[from] drain|[of] p1a: Ninetales
|-damage|p1b: Amoonguss|52/100
|-heal|p2b: Sinistcha|51/100|[from] drain|[of] p1b: Amoonguss
|faint|p1a: Ninetales
|move|p1b: Amoonguss|Pollen Puff|p1: Ninetales|[notarget]
|-fail|p1b: Amoonguss
|
|-weather|none
|upkeep
|inactive|lildueldisk has 30 seconds left.
|inactive|lildueldisk has 20 seconds left.
|inactive|lildueldisk has 15 seconds left.
|inactive|lildueldisk has 10 seconds left.
|inactive|lildueldisk has 5 seconds left.
|
|t:|1756917319
|switch|p1a: Dragonite|Dragonite, L50, M, tera:Flying|24/100
|turn|9
|inactive|lildueldisk has 30 seconds left.
|inactive|spellbreakvgc has 30 seconds left.
|inactive|spellbreakvgc has 20 seconds left.
|inactive|lildueldisk has 20 seconds left.
|
|t:|1756917367
|switch|p2b: Incineroar|Incineroar, L50, F|86/100
|-ability|p2b: Incineroar|Intimidate|boost
|-fail|p1a: Dragonite|unboost|Attack|[from] ability: Inner Focus|[of] p1a: Dragonite
|-unboost|p1b: Amoonguss|atk|1
|move|p1a: Dragonite|Protect|p1a: Dragonite
|-singleturn|p1a: Dragonite|Protect
|move|p2a: Archaludon|Snarl|p1a: Dragonite|[spread] p1b
|-activate|p1a: Dragonite|move: Protect
|-damage|p1b: Amoonguss|40/100
|-unboost|p1b: Amoonguss|spa|1
|-enditem|p1b: Amoonguss|Sitrus Berry|[eat]
|-heal|p1b: Amoonguss|65/100|[from] item: Sitrus Berry
|move|p1b: Amoonguss|Spore|p2a: Archaludon
|-status|p2a: Archaludon|slp|[from] move: Spore
|
|upkeep
|turn|10
|inactive|spellbreakvgc has 30 seconds left.
|
|t:|1756917395
|move|p2b: Incineroar|Fake Out|p1b: Amoonguss
|-damage|p1b: Amoonguss|56/100
|move|p1a: Dragonite|Low Kick|p2b: Incineroar
|-supereffective|p2b: Incineroar
|-crit|p2b: Incineroar
|-damage|p2b: Incineroar|21/100
|cant|p2a: Archaludon|slp
|cant|p1b: Amoonguss|flinch
|
|upkeep
|turn|11
|
|t:|1756917412
|switch|p2b: Sinistcha|Sinistcha, L50|51/100
|-heal|p2a: Archaludon|65/100 slp|[from] ability: Hospitality|[of] p2b: Sinistcha
|move|p1a: Dragonite|Tera Blast|p2b: Sinistcha|[anim] Tera Blast Flying
|-supereffective|p2b: Sinistcha
|-damage|p2b: Sinistcha|0 fnt
|faint|p2b: Sinistcha
|-curestatus|p2a: Archaludon|slp|[msg]
|move|p2a: Archaludon|Snarl|p1b: Amoonguss|[spread] p1a,p1b
|-damage|p1a: Dragonite|11/100
|-damage|p1b: Amoonguss|44/100
|-unboost|p1a: Dragonite|spa|1
|-unboost|p1b: Amoonguss|spa|1
|move|p1b: Amoonguss|Pollen Puff|p1a: Dragonite
|-heal|p1a: Dragonite|60/100
|
|upkeep
|
|t:|1756917428
|switch|p2b: Incineroar|Incineroar, L50, F|21/100
|-ability|p2b: Incineroar|Intimidate|boost
|-fail|p1a: Dragonite|unboost|Attack|[from] ability: Inner Focus|[of] p1a: Dragonite
|-unboost|p1b: Amoonguss|atk|1
|turn|12
|l| teamthief420
|
|t:|1756917450
|move|p2b: Incineroar|Fake Out|p1b: Amoonguss
|-damage|p1b: Amoonguss|35/100
|move|p1a: Dragonite|Low Kick|p2b: Incineroar
|-supereffective|p2b: Incineroar
|-damage|p2b: Incineroar|0 fnt
|faint|p2b: Incineroar
|move|p2a: Archaludon|Dragon Pulse|p1a: Dragonite
|-damage|p1a: Dragonite|17/100
|cant|p1b: Amoonguss|flinch
|
|upkeep
|turn|13
|
|t:|1756917464
|move|p1a: Dragonite|Protect|p1a: Dragonite
|-singleturn|p1a: Dragonite|Protect
|move|p2a: Archaludon|Snarl|p1b: Amoonguss|[spread] p1b
|-activate|p1a: Dragonite|move: Protect
|-crit|p1b: Amoonguss
|-damage|p1b: Amoonguss|20/100
|-unboost|p1b: Amoonguss|spa|1
|move|p1b: Amoonguss|Spore|p2a: Archaludon
|-status|p2a: Archaludon|slp|[from] move: Spore
|
|upkeep
|turn|14
|
|t:|1756917476
|move|p1a: Dragonite|Tera Blast|p2a: Archaludon|[anim] Tera Blast Flying
|-supereffective|p2a: Archaludon
|-damage|p2a: Archaludon|17/100 slp
|-ability|p2a: Archaludon|Stamina|boost
|-boost|p2a: Archaludon|def|1
|cant|p2a: Archaludon|slp
|move|p1b: Amoonguss|Pollen Puff|p1a: Dragonite
|-heal|p1a: Dragonite|66/100
|
|upkeep
|turn|15
|-message|spellbreakvgc forfeited.
|
|win|lildueldisk
