|j|☆Lord_of_Ewoks
|j|☆SilverCityBruisin
|html|Lord_of_EwoksSilverCityBruisin    
|uhtml|bestof|Game 1 of a best-of-3
|t:|1756242599
|gametype|doubles
|player|p1|Lord_of_Ewoks|2|1090
|player|p2|SilverCityBruisin|acetrainersnowf|1050
|gen|9
|tier|[Gen 9] VGC 2025 Reg H (Bo3)
|rated|
|rule|Species Clause: Limit one of each Pokémon
|rule|Item Clause: Limit 1 of each item
|clearpoke
|poke|p1|Blaziken, L50, F|
|poke|p1|Primarina, L50, F|
|poke|p1|Serperior, L50, M|
|poke|p1|Rillaboom, L50, M|
|poke|p1|Electabuzz, L50, M|
|poke|p1|Kingambit, L50, F|
|poke|p2|Kingambit, L50, M|
|poke|p2|Sneasler, L50, F|
|poke|p2|Rillaboom, L50, M|
|poke|p2|Incineroar, L50, F|
|poke|p2|Clefable, L50, F|
|poke|p2|Gholdengo, L50|
|teampreview|4
|showteam|p1|Blaziken||ClearAmulet|SpeedBoost|FirePledge,CloseCombat,RockSlide,Protect|||F|||50|,,,,,Ghost]Primarina||LifeOrb|LiquidVoice|HyperVoice,Moonblast,WaterPledge,Protect|||F|||50|,,,,,Poison]Serperior||FocusSash|Contrary|LeafStorm,TeraBlast,GrassPledge,Protect|||M|||50|,,,,,Stellar]Rillaboom||AssaultVest|GrassySurge|DrumBeating,GrassPledge,FakeOut,Uturn|||M|||50|,,,,,Fire]Electabuzz||Eviolite|VitalSpirit|Electroweb,VoltSwitch,FollowMe,Protect|||M|||50|,,,,,Ghost]Kingambit||BlackGlasses|Defiant|KowtowCleave,SuckerPunch,SwordsDance,Protect|||F|||50|,,,,,Dark
|showteam|p2|Kingambit||SafetyGoggles|Defiant|KowtowCleave,SuckerPunch,SwordsDance,Protect|||M|||50|,,,,,Dark]Sneasler||GrassySeed|Unburden|CloseCombat,Acrobatics,DireClaw,Coaching|||F|||50|,,,,,Flying]Rillaboom||MeadowPlate|GrassySurge|FakeOut,WoodHammer,GrassyGlide,HighHorsepower|||M|||50|,,,,,Poison]Incineroar||CovertCloak|Intimidate|FakeOut,Taunt,KnockOff,PartingShot|||F|||50|,,,,,Ghost]Clefable||SitrusBerry|Unaware|FollowMe,HealPulse,Moonblast,Protect|||F|||50|,,,,,Poison]Gholdengo||Leftovers|GoodasGold|MakeItRain,NastyPlot,ShadowBall,Protect||||||50|,,,,,Dragon
|inactive|Battle timer is ON: inactive players will automatically lose when time's up. (requested by Lord_of_Ewoks)
|inactive|Lord_of_Ewoks has 60 seconds left.
|
|t:|1756242637
|teamsize|p1|4
|teamsize|p2|4
|start
|switch|p1a: Rillaboom|Rillaboom, L50, M|100/100
|switch|p1b: Blaziken|Blaziken, L50, F|100/100
|switch|p2a: Weasler|Sneasler, L50, F|100/100
|switch|p2b: DK|Rillaboom, L50, M|100/100
|-fieldstart|move: Grassy Terrain|[from] ability: Grassy Surge|[of] p1a: Rillaboom
|-enditem|p2a: Weasler|Grassy Seed
|-boost|p2a: Weasler|def|1|[from] item: Grassy Seed
|turn|1
|inactive|Lord_of_Ewoks has 30 seconds left.
|inactive|Lord_of_Ewoks has 20 seconds left.
|
|t:|1756242674
|move|p1a: Rillaboom|Fake Out|p2a: Weasler
|-damage|p2a: Weasler|85/100
|move|p2b: DK|Fake Out|p1b: Blaziken
|-damage|p1b: Blaziken|77/100
|cant|p2a: Weasler|flinch
|cant|p1b: Blaziken|flinch
|
|-heal|p2a: Weasler|91/100|[from] Grassy Terrain
|-heal|p1b: Blaziken|83/100|[from] Grassy Terrain
|-ability|p1b: Blaziken|Speed Boost|boost
|-boost|p1b: Blaziken|spe|1
|upkeep
|turn|2
|
|t:|1756242693
|switch|p1a: Kingambit|Kingambit, L50, F|100/100
|move|p1b: Blaziken|Protect|p1b: Blaziken
|-singleturn|p1b: Blaziken|Protect
|move|p2a: Weasler|Acrobatics|p1a: Kingambit
|-resisted|p1a: Kingambit
|-damage|p1a: Kingambit|86/100
|move|p2b: DK|High Horsepower|p1b: Blaziken
|-activate|p1b: Blaziken|move: Protect
|
|-heal|p2a: Weasler|97/100|[from] Grassy Terrain
|-heal|p1b: Blaziken|89/100|[from] Grassy Terrain
|-heal|p1a: Kingambit|91/100|[from] Grassy Terrain
|-ability|p1b: Blaziken|Speed Boost|boost
|-boost|p1b: Blaziken|spe|1
|upkeep
|turn|3
|inactive|Lord_of_Ewoks has 30 seconds left.
|
|t:|1756242718
|-terastallize|p1b: Blaziken|Ghost
|move|p1a: Kingambit|Protect|p1a: Kingambit
|-singleturn|p1a: Kingambit|Protect
|move|p2a: Weasler|Close Combat|p1a: Kingambit
|-activate|p1a: Kingambit|move: Protect
|move|p1b: Blaziken|Fire Pledge|p2b: DK
|-supereffective|p2b: DK
|-damage|p2b: DK|39/100
|move|p2b: DK|High Horsepower|p1b: Blaziken
|-damage|p1b: Blaziken|37/100
|
|-heal|p2a: Weasler|100/100|[from] Grassy Terrain
|-heal|p1b: Blaziken|43/100|[from] Grassy Terrain
|-heal|p2b: DK|44/100|[from] Grassy Terrain
|-heal|p1a: Kingambit|97/100|[from] Grassy Terrain
|-ability|p1b: Blaziken|Speed Boost|boost
|-boost|p1b: Blaziken|spe|1
|upkeep
|turn|4
|inactive|Lord_of_Ewoks has 30 seconds left.
|
|t:|1756242746
|move|p2b: DK|Grassy Glide|p1b: Blaziken
|-damage|p1b: Blaziken|0 fnt
|faint|p1b: Blaziken
|move|p1a: Kingambit|Sucker Punch|p2a: Weasler
|-resisted|p2a: Weasler
|-damage|p2a: Weasler|72/100
|move|p2a: Weasler|Close Combat|p1a: Kingambit
|-supereffective|p1a: Kingambit
|-damage|p1a: Kingambit|0 fnt
|-unboost|p2a: Weasler|def|1
|-unboost|p2a: Weasler|spd|1
|faint|p1a: Kingambit
|
|-heal|p2a: Weasler|77/100|[from] Grassy Terrain
|-heal|p2b: DK|50/100|[from] Grassy Terrain
|upkeep
|
|t:|1756242750
|switch|p1b: Primarina|Primarina, L50, F|100/100
|switch|p1a: Rillaboom|Rillaboom, L50, M|100/100
|turn|5
|
|t:|1756242774
|-terastallize|p2a: Weasler|Flying
|move|p1a: Rillaboom|Fake Out|p2a: Weasler
|-damage|p2a: Weasler|53/100
|cant|p2a: Weasler|flinch
|move|p2b: DK|Wood Hammer|p1b: Primarina
|-supereffective|p1b: Primarina
|-damage|p1b: Primarina|0 fnt
|faint|p1b: Primarina
|-damage|p2b: DK|22/100|[from] Recoil
|
|-heal|p2b: DK|28/100|[from] Grassy Terrain
|-fieldend|move: Grassy Terrain
|upkeep
|turn|6
|-message|Lord_of_Ewoks forfeited.
|
|win|SilverCityBruisin
||Lord_of_Ewoks is ready for game 2.
||SilverCityBruisin is ready for game 2.
|uhtml|next|Next: Game 2 of 3
|l|☆Lord_of_Ewoks
|player|p1|
