|j|☆arm0909
|j|☆TheDark69420
|html|arm0909TheDark69420    
|uhtml|bestof|Game 2 of a best-of-3
|t:|1783683314
|gametype|doubles
|player|p1|arm0909|169|1151
|player|p2|TheDark69420|ghetsis-gen5bw|1052
|gen|9
|tier|[Gen 9 Champions] VGC 2026 Reg M-B (Bo3)
|rated|
|rule|Species Clause: Limit one of each Pokémon
|rule|Item Clause: Limit 1 of each item
|clearpoke
|poke|p1|Sinistcha, L50|
|poke|p1|Floette-Eternal, L50, F|
|poke|p1|Delphox, L50, F|
|poke|p1|Incineroar, L50, M|
|poke|p1|Sneasler, L50, F|
|poke|p1|Kingambit, L50, M|
|poke|p2|Blaziken, L50, M|
|poke|p2|Venusaur, L50, M|
|poke|p2|Ninetales-Alola, L50, M|
|poke|p2|Lycanroc-Dusk, L50, M|
|poke|p2|Kingambit, L50, F|
|poke|p2|Basculegion, L50, M|
|teampreview|4
|showteam|p1|Sinistcha||ColburBerry|Hospitality|Protect,RagePowder,TrickRoom,MatchaGotcha|Bold|||||50|]Floette-Eternal||Floettite|FlowerVeil|Protect,CalmMind,DazzlingGleam,Moonblast|Modest||F|||50|]Delphox||Delphoxite|Blaze|Protect,NastyPlot,HeatWave,Psychic|Timid||F|||50|]Incineroar||SitrusBerry|Intimidate|FakeOut,FlareBlitz,Taunt,PartingShot|Careful||M|||50|]Sneasler||FocusSash|PoisonTouch|FakeOut,PoisonJab,CloseCombat,QuickGuard|Jolly||F|||50|]Kingambit||BlackGlasses|Defiant|Protect,SwordsDance,KowtowCleave,SuckerPunch|Adamant||M|||50|
|showteam|p2|Blaziken||Blazikenite|SpeedBoost|CloseCombat,FlareBlitz,StoneEdge,Detect|Adamant||M|||50|]Venusaur||Venusaurite|Chlorophyll|GigaDrain,SludgeBomb,EarthPower,Protect|Modest||M|||50|]Ninetales-Alola||NeverMeltIce|SnowWarning|Blizzard,FreezeDry,Encore,Protect|Timid||M|||50|]Lycanroc-Dusk||FocusSash|ToughClaws|RockSlide,CloseCombat,Protect,Accelerock|Jolly||M|||50|]Kingambit||LifeOrb|Defiant|KowtowCleave,IronHead,Protect,SuckerPunch|Adamant||F|||50|]Basculegion||ChoiceScarf|Adaptability|WaveCrash,LastRespects,AquaJet,FlipTurn|Jolly||M|||50|
|inactive|Battle timer is ON: inactive players will automatically lose when time's up. (requested by TheDark69420)
|inactive|arm0909 also wants the timer to be on.
|inactive|arm0909 has 60 seconds left.
|j| bsobsjsje
|
|t:|1783683351
|teamsize|p1|4
|teamsize|p2|4
|start
|switch|p1a: Kingambit|Kingambit, L50, M|100/100
|switch|p1b: Sneasler|Sneasler, L50, F|100/100
|switch|p2a: Basculegion|Basculegion, L50, M|100/100
|switch|p2b: Blaziken|Blaziken, L50, M|100/100
|turn|1
|c| bsobsjsje|Bsob got rizz
|inactive|TheDark69420 has 30 seconds left.
|c|☆TheDark69420|bsob you playing in tour tmrw?
|inactive|TheDark69420 has 20 seconds left.
|inactive|TheDark69420 has 15 seconds left.
|c| bsobsjsje|Uh
|
|t:|1783683395
|move|p2b: Blaziken|Detect|p2b: Blaziken
|-singleturn|p2b: Blaziken|Protect
|move|p1a: Kingambit|Sucker Punch|p2a: Basculegion
|-supereffective|p2a: Basculegion|1
|-damage|p2a: Basculegion|0 fnt
|faint|p2a: Basculegion
|move|p1b: Sneasler|Close Combat|p2b: Blaziken
|-activate|p2b: Blaziken|move: Protect
|
|-ability|p2b: Blaziken|Speed Boost|boost
|-boost|p2b: Blaziken|spe|1
|upkeep
|c| bsobsjsje|What tour
|c| bsobsjsje|On what
|
|t:|1783683401
|switch|p2a: Lycanroc|Lycanroc-Dusk, L50, M|100/100
|turn|2
|c| bsobsjsje|Anf what format
|c|☆TheDark69420|the gcf2
|inactive|arm0909 has 30 seconds left.
|c| bsobsjsje|What
|c| bsobsjsje|Is
|c| bsobsjsje|That
|inactive|TheDark69420 has 30 seconds left.
|c|☆TheDark69420|grand champions festival
|c|☆TheDark69420|encore
|
|t:|1783683443
|switch|p1b: Incineroar|Incineroar, L50, M|100/100
|-ability|p1b: Incineroar|Intimidate|boost
|-unboost|p2a: Lycanroc|atk|1
|-unboost|p2b: Blaziken|atk|1
|detailschange|p2b: Blaziken|Blaziken-Mega, L50, M
|-mega|p2b: Blaziken|Blaziken|Blazikenite
|move|p2a: Lycanroc|Accelerock|p1b: Incineroar
|-supereffective|p1b: Incineroar|1
|-damage|p1b: Incineroar|73/100
|move|p2b: Blaziken|Flare Blitz|p1b: Incineroar
|-resisted|p1b: Incineroar|1
|-damage|p1b: Incineroar|51/100
|-damage|p2b: Blaziken|90/100|[from] Recoil
|move|p1a: Kingambit|Kowtow Cleave|p2a: Lycanroc
|-enditem|p2a: Lycanroc|Focus Sash
|-damage|p2a: Lycanroc|1/100
|
|-ability|p2b: Blaziken|Speed Boost|boost
|-boost|p2b: Blaziken|spe|1
|upkeep
|turn|3
|c| bsobsjsje|Oh is that the tour in champioms
|c|☆TheDark69420|yes
|
|t:|1783683467
|move|p1b: Incineroar|Fake Out|p2b: Blaziken
|-damage|p2b: Blaziken|75/100
|move|p1a: Kingambit|Sucker Punch|p2a: Lycanroc
|-damage|p2a: Lycanroc|0 fnt
|faint|p2a: Lycanroc
|cant|p2b: Blaziken|flinch
|
|-ability|p2b: Blaziken|Speed Boost|boost
|-boost|p2b: Blaziken|spe|1
|upkeep
|
|t:|1783683472
|switch|p2a: Kingambit|Kingambit, L50, F|100/100
|turn|4
|
|t:|1783683489
|switch|p1b: Sinistcha|Sinistcha, L50|100/100
|move|p1a: Kingambit|Sucker Punch|p2b: Blaziken
|-resisted|p2b: Blaziken|1
|-damage|p2b: Blaziken|42/100
|move|p2b: Blaziken|Close Combat|p1b: Sinistcha
|-immune|p1b: Sinistcha
|move|p2a: Kingambit|Kowtow Cleave|p1a: Kingambit
|-resisted|p1a: Kingambit|1
|-damage|p1a: Kingambit|73/100
|-damage|p2a: Kingambit|90/100|[from] item: Life Orb
|
|-ability|p2b: Blaziken|Speed Boost|boost
|-boost|p2b: Blaziken|spe|1
|upkeep
|turn|5
|c| bsobsjsje|The one thats been like
|c| bsobsjsje|Open for a month
|inactive|TheDark69420 has 30 seconds left.
|
|t:|1783683519
|move|p1b: Sinistcha|Rage Powder|p1b: Sinistcha
|-singleturn|p1b: Sinistcha|move: Rage Powder
|move|p2b: Blaziken|Flare Blitz|p1b: Sinistcha
|-supereffective|p1b: Sinistcha|1
|-damage|p1b: Sinistcha|11/100
|-damage|p2b: Blaziken|10/100|[from] Recoil
|move|p1a: Kingambit|Swords Dance|p1a: Kingambit
|-boost|p1a: Kingambit|atk|2
|move|p2a: Kingambit|Kowtow Cleave|p1b: Sinistcha
|-supereffective|p1b: Sinistcha|1
|-enditem|p1b: Sinistcha|Colbur Berry|[eat]
|-enditem|p1b: Sinistcha|Colbur Berry|[weaken]
|-damage|p1b: Sinistcha|0 fnt
|faint|p1b: Sinistcha
|-damage|p2a: Kingambit|80/100|[from] item: Life Orb
|
|-ability|p2b: Blaziken|Speed Boost|boost
|-boost|p2b: Blaziken|spe|1
|upkeep
|c|☆TheDark69420|yes
|
|t:|1783683531
|switch|p1b: Sneasler|Sneasler, L50, F|100/100
|turn|6
|
|t:|1783683537
|move|p2b: Blaziken|Detect|p2b: Blaziken
|-singleturn|p2b: Blaziken|Protect
|move|p1a: Kingambit|Sucker Punch||[still]
|-fail|p1a: Kingambit
|move|p1b: Sneasler|Close Combat|p2a: Kingambit
|-supereffective|p2a: Kingambit|2
|-damage|p2a: Kingambit|0 fnt
|-unboost|p1b: Sneasler|def|1
|-unboost|p1b: Sneasler|spd|1
|faint|p2a: Kingambit
|
|-ability|p2b: Blaziken|Speed Boost|boost
|-boost|p2b: Blaziken|spe|1
|upkeep
|turn|7
|-message|TheDark69420 forfeited.
|
|win|arm0909
|raw|arm0909's rating: 1151 → 1169(+18 for winning)
|raw|TheDark69420's rating: 1052 → 1039(-13 for losing)
|l|☆TheDark69420
|player|p2|
|c| bsobsjsje|I sre
|c| bsobsjsje|I signed up for it
|c| bsobsjsje|So yeah
