|j|☆Shreves
|j|☆Hidden100
|html|ShrevesHidden100    
|uhtml|bestof|Game 1 of a best-of-3
|t:|1757695573
|gametype|doubles
|player|p1|Shreves|101|
|player|p2|Hidden100|richboy-gen4|
|gen|9
|tier|[Gen 9] VGC 2025 Reg H (Bo3)
|rule|Species Clause: Limit one of each Pokémon
|rule|Item Clause: Limit 1 of each item
|clearpoke
|poke|p1|Serperior, L50, M|
|poke|p1|Primarina, L50, M|
|poke|p1|Blaziken, L50, F|
|poke|p1|Skeledirge, L50, F|
|poke|p1|Rillaboom, L50, F|
|poke|p1|Incineroar, L50, F|
|poke|p2|Pelipper, L50, F|
|poke|p2|Raichu-Alola, L50, M|
|poke|p2|Ditto, L50|
|poke|p2|Ambipom, L50, M|
|poke|p2|Amoonguss, L50, F|
|poke|p2|Azumarill, L50, M|
|teampreview|4
|showteam|p1|Serperior||FocusSash|Contrary|LeafStorm,TeraBlast,GrassPledge,Protect|||M|||50|,,,,,Stellar]Primarina||LifeOrb|LiquidVoice|HyperVoice,Moonblast,Protect,WaterPledge|||M|||50|,,,,,Poison]Blaziken||ClearAmulet|SpeedBoost|FlareBlitz,CloseCombat,Protect,FirePledge|||F|||50|,,,,,Ghost]Skeledirge||SitrusBerry|Unaware|TorchSong,WillOWisp,SlackOff,Protect|||F|||50|,,,,,Grass]Rillaboom||AssaultVest|GrassySurge|FakeOut,WoodHammer,GrassPledge,DrumBeating|||F|||50|,,,,,Ghost]Incineroar||SafetyGoggles|Intimidate|FakeOut,KnockOff,PartingShot,FlareBlitz|||F|||50|,,,,,Water
|showteam|p2|Pelipper||FocusSash|Drizzle|WeatherBall,AirSlash,Hurricane,Protect|||F|||50|,,,,,Water]Raichu-Alola||SitrusBerry|SurgeSurfer|Thunder,Thunderbolt,ExpandingForce,FakeOut|||M|||50|,,,,,Electric]Ditto||Leftovers|Imposter|Transform||||||50|,,,,,Normal]Ambipom||RockyHelmet|Technician|DoubleEdge,FakeOut,KnockOff,Swift|||M|||50|,,,,,Normal]Amoonguss||AssaultVest|EffectSpore|SludgeBomb,EnergyBall,GigaDrain,Protect|||F|||50|,,,,,Grass]Azumarill||ChoiceScarf|ThickFat|IceBeam,Liquidation,AquaTail,PlayRough|||M|||50|,,,,,Water
|
|t:|1757695631
|teamsize|p1|4
|teamsize|p2|4
|start
|switch|p1a: Serperior|Serperior, L50, M|100/100
|switch|p1b: Primarina|Primarina, L50, M|100/100
|switch|p2a: Pelipper|Pelipper, L50, F|100/100
|switch|p2b: Raichu|Raichu-Alola, L50, M|100/100
|-weather|RainDance|[from] ability: Drizzle|[of] p2a: Pelipper
|turn|1
|inactive|Battle timer is ON: inactive players will automatically lose when time's up. (requested by Shreves)
|
|t:|1757695647
|move|p1b: Primarina|Protect|p1b: Primarina
|-singleturn|p1b: Primarina|Protect
|move|p1a: Serperior|Leaf Storm|p2a: Pelipper
|-damage|p2a: Pelipper|34/100
|-boost|p1a: Serperior|spa|2
|move|p2b: Raichu|Thunder|p1b: Primarina
|-activate|p1b: Primarina|move: Protect
|move|p2a: Pelipper|Hurricane|p1a: Serperior
|-supereffective|p1a: Serperior
|-enditem|p1a: Serperior|Focus Sash
|-damage|p1a: Serperior|1/100
|
|-weather|RainDance|[upkeep]
|upkeep
|turn|2
|
|t:|1757695666
|-terastallize|p1b: Primarina|Poison
|move|p1a: Serperior|Grass Pledge|p2a: Pelipper
|-damage|p2a: Pelipper|0 fnt
|faint|p2a: Pelipper
|move|p2b: Raichu|Thunderbolt|p1b: Primarina
|-damage|p1b: Primarina|66/100
|move|p1b: Primarina|Moonblast|p2b: Raichu
|-crit|p2b: Raichu
|-damage|p2b: Raichu|0 fnt
|faint|p2b: Raichu
|-damage|p1b: Primarina|57/100|[from] item: Life Orb
|
|-weather|RainDance|[upkeep]
|upkeep
|
|t:|1757695680
|switch|p2b: Ambipom|Ambipom, L50, M|100/100
|switch|p2a: Ditto|Ditto, L50|100/100
|-transform|p2a: Ditto|p1b: Primarina|[from] ability: Imposter
|-start|p2a: Ditto|typechange|Water/Fairy|[silent]
|turn|3
|
|t:|1757695697
|-terastallize|p2a: Ditto|Normal
|move|p1a: Serperior|Protect|p1a: Serperior
|-singleturn|p1a: Serperior|Protect
|move|p2b: Ambipom|Fake Out|p1a: Serperior
|-activate|p1a: Serperior|move: Protect
|move|p2a: Ditto|Hyper Voice|p1a: Serperior|[spread] p1b
|-activate|p1a: Serperior|move: Protect
|-damage|p1b: Primarina|10/100
|move|p1b: Primarina|Moonblast|p2b: Ambipom
|-damage|p2b: Ambipom|0 fnt
|faint|p2b: Ambipom
|-damage|p1b: Primarina|0 fnt|[from] item: Life Orb
|faint|p1b: Primarina
|
|-weather|RainDance|[upkeep]
|upkeep
|
|t:|1757695713
|switch|p1b: Rillaboom|Rillaboom, L50, F|100/100
|-fieldstart|move: Grassy Terrain|[from] ability: Grassy Surge|[of] p1b: Rillaboom
|turn|4
|
|t:|1757695719
|move|p2a: Ditto|Protect|p2a: Ditto
|-singleturn|p2a: Ditto|Protect
|move|p1b: Rillaboom|Fake Out|p2a: Ditto
|-activate|p2a: Ditto|move: Protect
|move|p1a: Serperior|Leaf Storm|p2a: Ditto
|-activate|p2a: Ditto|move: Protect
|
|-weather|RainDance|[upkeep]
|-heal|p1a: Serperior|7/100|[from] Grassy Terrain
|upkeep
|turn|5
|
|t:|1757695734
|move|p1a: Serperior|Leaf Storm|p2a: Ditto
|-damage|p2a: Ditto|0 fnt
|-boost|p1a: Serperior|spa|2
|faint|p2a: Ditto
|
|win|Shreves
||Shreves is ready for game 2.
|l|☆Hidden100
|player|p2|
|inactive|Hidden100 has 30 seconds to confirm battle start!
|l|☆Shreves
|player|p1|
