|j|☆W/\TSON
|j|☆TeyVgc
|html|W/\TSONTeyVgc    
|uhtml|bestof|Game 1 of a best-of-3
|t:|1783139058
|gametype|doubles
|player|p1|W/\TSON|steven|1124
|player|p2|TeyVgc|rood|1231
|gen|9
|tier|[Gen 9 Champions] VGC 2026 Reg M-B (Bo3)
|rated|
|rule|Species Clause: Limit one of each Pokémon
|rule|Item Clause: Limit 1 of each item
|clearpoke
|poke|p1|Mawile, L50, M|
|poke|p1|Incineroar, L50, F|
|poke|p1|Farigiraf, L50, F|
|poke|p1|Gengar, L50, F|
|poke|p1|Ninetales-Alola, L50, M|
|poke|p1|Sinistcha, L50|
|poke|p2|Excadrill, L50, M|
|poke|p2|Tyranitar, L50, F|
|poke|p2|Staraptor, L50, F|
|poke|p2|Sinistcha, L50|
|poke|p2|Milotic, L50, F|
|poke|p2|Gholdengo, L50|
|teampreview|4
|showteam|p1|Mawile||Mawilite|HyperCutter|SwordsDance,PlayRough,IronHead,SuckerPunch|Adamant||M|||50|]Incineroar||SitrusBerry|Intimidate|FakeOut,PartingShot,FlareBlitz,DarkestLariat|Adamant||F|||50|]Farigiraf||ColburBerry|ArmorTail|TrickRoom,Gravity,HelpingHand,TwinBeam|Quiet||F|||50|]Gengar||Gengarite|CursedBody|Protect,Disable,ShadowBall,SludgeBomb|Modest||F|||50|]Ninetales-Alola||LightClay|SnowWarning|IcyWind,Encore,AuroraVeil,Blizzard|Timid||M|||50|]Sinistcha||Leftovers|Hospitality|RagePowder,MatchaGotcha,LifeDew,Protect|Modest|||||50|
|showteam|p2|Excadrill||FocusSash|SandRush|Earthquake,IronHead,RockSlide,Protect|Adamant||M|||50|]Tyranitar||Tyranitarite|SandStream|RockSlide,KnockOff,DragonDance,Protect|Adamant||F|||50|]Staraptor||Staraptite|Intimidate|BraveBird,CloseCombat,Tailwind,Protect|Jolly||F|||50|]Sinistcha||SitrusBerry|Hospitality|MatchaGotcha,RagePowder,LifeDew,TrickRoom|Calm|||||50|]Milotic||Leftovers|Competitive|Scald,IceBeam,Recover,Protect|Modest||F|||50|]Gholdengo||LifeOrb|GoodasGold|MakeItRain,ShadowBall,NastyPlot,Protect|Modest|||||50|
|
|t:|1783139145
|teamsize|p1|4
|teamsize|p2|4
|start
|switch|p1a: Ninetales|Ninetales-Alola, L50, M|100/100
|switch|p1b: Gengar|Gengar, L50, F|100/100
|switch|p2a: Tyranitar|Tyranitar, L50, F|100/100
|switch|p2b: Excadrill|Excadrill, L50, M|100/100
|-weather|Snowscape|[from] ability: Snow Warning|[of] p1a: Ninetales
|-weather|Sandstorm|[from] ability: Sand Stream|[of] p2a: Tyranitar
|turn|1
|
|t:|1783139177
|switch|p1a: Incineroar|Incineroar, L50, F|100/100
|-ability|p1a: Incineroar|Intimidate|boost
|-unboost|p2a: Tyranitar|atk|1
|-unboost|p2b: Excadrill|atk|1
|detailschange|p1b: Gengar|Gengar-Mega, L50, F
|-mega|p1b: Gengar|Gengar|Gengarite
|move|p1b: Gengar|Protect|p1b: Gengar
|-singleturn|p1b: Gengar|Protect
|move|p2b: Excadrill|Rock Slide|p1b: Gengar|[spread] 
|-activate|p1b: Gengar|move: Protect
|-miss|p2b: Excadrill|p1a: Incineroar
|move|p2a: Tyranitar|Rock Slide|p1a: Incineroar|[spread] 
|-activate|p1b: Gengar|move: Protect
|-miss|p2a: Tyranitar|p1a: Incineroar
|
|-weather|Sandstorm|[upkeep]
|-damage|p1b: Gengar|93/100|[from] Sandstorm
|-damage|p1a: Incineroar|94/100|[from] Sandstorm
|upkeep
|turn|2
|
|t:|1783139207
|move|p2a: Tyranitar|Protect|p2a: Tyranitar
|-singleturn|p2a: Tyranitar|Protect
|move|p1a: Incineroar|Fake Out|p2b: Excadrill
|-resisted|p2b: Excadrill|1
|-damage|p2b: Excadrill|91/100
|cant|p2b: Excadrill|flinch
|move|p1b: Gengar|Shadow Ball|p2b: Excadrill
|-damage|p2b: Excadrill|26/100
|
|-weather|Sandstorm|[upkeep]
|-damage|p1b: Gengar|87/100|[from] Sandstorm
|-damage|p1a: Incineroar|88/100|[from] Sandstorm
|upkeep
|turn|3
|inactive|Battle timer is ON: inactive players will automatically lose when time's up. (requested by W/\TSON)
|
|t:|1783139255
|move|p1b: Gengar|Protect|p1b: Gengar
|-singleturn|p1b: Gengar|Protect
|move|p2b: Excadrill|Rock Slide|p1b: Gengar|[spread] p1a
|-activate|p1b: Gengar|move: Protect
|-supereffective|p1a: Incineroar|1
|-damage|p1a: Incineroar|61/100
|cant|p1a: Incineroar|flinch
|move|p2a: Tyranitar|Knock Off|p1b: Gengar
|-activate|p1b: Gengar|move: Protect
|
|-weather|Sandstorm|[upkeep]
|-damage|p1b: Gengar|81/100|[from] Sandstorm
|-damage|p1a: Incineroar|55/100|[from] Sandstorm
|upkeep
|turn|4
|
|t:|1783139268
|switch|p1b: Sinistcha|Sinistcha, L50|100/100
|-heal|p1a: Incineroar|80/100|[from] ability: Hospitality|[of] p1b: Sinistcha
|move|p2b: Excadrill|Rock Slide|p1a: Incineroar|[spread] p1a,p1b
|-supereffective|p1a: Incineroar|1
|-damage|p1a: Incineroar|54/100
|-damage|p1b: Sinistcha|87/100
|move|p1a: Incineroar|Flare Blitz|p2b: Excadrill
|-supereffective|p2b: Excadrill|1
|-damage|p2b: Excadrill|0 fnt
|faint|p2b: Excadrill
|-damage|p1a: Incineroar|45/100|[from] Recoil
|-enditem|p1a: Incineroar|Sitrus Berry|[eat]
|-heal|p1a: Incineroar|70/100|[from] item: Sitrus Berry
|move|p2a: Tyranitar|Rock Slide|p1a: Incineroar|[spread] p1a,p1b
|-supereffective|p1a: Incineroar|1
|-damage|p1a: Incineroar|29/100
|-damage|p1b: Sinistcha|67/100
|
|-weather|Sandstorm|[upkeep]
|-damage|p1a: Incineroar|23/100|[from] Sandstorm
|-damage|p1b: Sinistcha|61/100|[from] Sandstorm
|-heal|p1b: Sinistcha|67/100|[from] item: Leftovers
|upkeep
|
|t:|1783139292
|switch|p2b: Milotic|Milotic, L50, F|100/100
|turn|5
|inactive|W/\TSON has 30 seconds left.
|inactive|W/\TSON has 20 seconds left.
|inactive|W/\TSON has 15 seconds left.
|
|t:|1783139334
|detailschange|p2a: Tyranitar|Tyranitar-Mega, L50, F
|-mega|p2a: Tyranitar|Tyranitar|Tyranitarite
|move|p2a: Tyranitar|Knock Off|p1b: Sinistcha
|-supereffective|p1b: Sinistcha|1
|-damage|p1b: Sinistcha|0 fnt
|-enditem|p1b: Sinistcha|Leftovers|[from] move: Knock Off|[of] p2a: Tyranitar
|faint|p1b: Sinistcha
|move|p2b: Milotic|Scald|p1a: Incineroar
|-supereffective|p1a: Incineroar|1
|-damage|p1a: Incineroar|0 fnt
|faint|p1a: Incineroar
|
|-weather|none
|upkeep
|
|t:|1783139343
|switch|p1a: Ninetales|Ninetales-Alola, L50, M|100/100
|switch|p1b: Gengar|Gengar-Mega, L50, F|81/100
|-weather|Snowscape|[from] ability: Snow Warning|[of] p1a: Ninetales
|turn|6
|
|t:|1783139361
|move|p1b: Gengar|Disable|p2a: Tyranitar
|-start|p2a: Tyranitar|Disable|Knock Off
|move|p1a: Ninetales|Encore|p2a: Tyranitar
|-start|p2a: Tyranitar|Encore
|cant|p2a: Tyranitar|Disable|Knock Off
|move|p2b: Milotic|Scald|p1b: Gengar
|-damage|p1b: Gengar|46/100
|
|-weather|Snowscape|[upkeep]
|upkeep
|turn|7
|inactive|W/\TSON has 30 seconds left.
|inactive|W/\TSON has 20 seconds left.
|
|t:|1783139399
|move|p1b: Gengar|Disable|p2b: Milotic
|-start|p2b: Milotic|Disable|Scald
|move|p1a: Ninetales|Encore|p2b: Milotic
|-start|p2b: Milotic|Encore
|-activate|p2a: Tyranitar|move: Struggle
|move|p2a: Tyranitar|Struggle|p1a: Ninetales
|-damage|p1a: Ninetales|86/100
|-damage|p2a: Tyranitar|74/100|[from] recoil
|cant|p2b: Milotic|Disable|Scald
|
|-weather|Snowscape|[upkeep]
|upkeep
|turn|8
|
|t:|1783139416
|move|p1b: Gengar|Sludge Bomb|p2a: Tyranitar
|-resisted|p2a: Tyranitar|1
|-damage|p2a: Tyranitar|52/100
|move|p1a: Ninetales|Aurora Veil|p1a: Ninetales
|-sidestart|p1: W/\TSON|move: Aurora Veil
|-activate|p2a: Tyranitar|move: Struggle
|move|p2a: Tyranitar|Struggle|p1b: Gengar
|-damage|p1b: Gengar|34/100
|-damage|p2a: Tyranitar|27/100|[from] recoil
|-activate|p2b: Milotic|move: Struggle
|move|p2b: Milotic|Struggle|p1b: Gengar
|-damage|p1b: Gengar|28/100
|-damage|p2b: Milotic|74/100|[from] recoil
|
|-weather|Snowscape|[upkeep]
|-heal|p2b: Milotic|80/100|[from] item: Leftovers
|-end|p2a: Tyranitar|Encore
|upkeep
|turn|9
|
|t:|1783139436
|move|p1b: Gengar|Sludge Bomb|p2b: Milotic
|-damage|p2b: Milotic|42/100
|move|p1a: Ninetales|Blizzard|p2a: Tyranitar|[spread] p2a,p2b
|-resisted|p2b: Milotic|1
|-damage|p2a: Tyranitar|6/100
|-damage|p2b: Milotic|32/100
|move|p2a: Tyranitar|Rock Slide|p1b: Gengar|[spread] p1a,p1b
|-supereffective|p1a: Ninetales|1
|-damage|p1a: Ninetales|61/100
|-damage|p1b: Gengar|7/100
|-activate|p2b: Milotic|move: Struggle
|move|p2b: Milotic|Struggle|p1b: Gengar
|-damage|p1b: Gengar|1/100
|-damage|p2b: Milotic|6/100|[from] recoil
|
|-weather|Snowscape|[upkeep]
|-heal|p2b: Milotic|12/100|[from] item: Leftovers
|-end|p2b: Milotic|Encore
|-end|p2a: Tyranitar|Disable
|upkeep
|turn|10
|inactive|W/\TSON has 30 seconds left.
|inactive|W/\TSON has 20 seconds left.
|
|t:|1783139473
|move|p2a: Tyranitar|Protect|p2a: Tyranitar
|-singleturn|p2a: Tyranitar|Protect
|move|p1b: Gengar|Sludge Bomb|p2b: Milotic
|-damage|p2b: Milotic|0 fnt
|faint|p2b: Milotic
|move|p1a: Ninetales|Blizzard|p2a: Tyranitar
|-activate|p2a: Tyranitar|move: Protect
|
|-weather|none
|upkeep
|
|t:|1783139481
|switch|p2b: Gholdengo|Gholdengo, L50|100/100
|turn|11
|inactive|W/\TSON has 30 seconds left.
|
|t:|1783139510
|move|p1b: Gengar|Shadow Ball|p2b: Gholdengo
|-supereffective|p2b: Gholdengo|1
|-damage|p2b: Gholdengo|0 fnt
|faint|p2b: Gholdengo
|move|p1a: Ninetales|Encore|p2a: Tyranitar
|-start|p2a: Tyranitar|Encore
|move|p2a: Tyranitar|Protect|p2a: Tyranitar
|-singleturn|p2a: Tyranitar|Protect
|
|upkeep
|turn|12
|-message|TeyVgc forfeited.
|
|win|W/\TSON
