|j|☆Jon Mateo
|j|☆camala64
|html|Jon Mateocamala64    
|uhtml|bestof|Game 2 of a best-of-3
|t:|1782760759
|gametype|doubles
|player|p1|Jon Mateo|1|1151
|player|p2|camala64|lance-masters2|1323
|gen|9
|tier|[Gen 9 Champions] VGC 2026 Reg M-B (Bo3)
|rated|
|rule|Species Clause: Limit one of each Pokémon
|rule|Item Clause: Limit 1 of each item
|clearpoke
|poke|p1|Ninetales-Alola, L50, M|
|poke|p1|Milotic, L50, F|
|poke|p1|Snorlax, L50, F|
|poke|p1|Blaziken, L50, M|
|poke|p1|Aerodactyl, L50, F|
|poke|p1|Aegislash, L50, F|
|poke|p2|Floette-Eternal, L50, F|
|poke|p2|Glimmora, L50, F|
|poke|p2|Talonflame, L50, M, shiny|
|poke|p2|Garchomp, L50, M, shiny|
|poke|p2|Basculegion, L50, M, shiny|
|poke|p2|Kingambit, L50, M, shiny|
|teampreview|4
|showteam|p1|Ninetales-Alola||ChoiceScarf|SnowWarning|Blizzard,FreezeDry,Psyshock,Moonblast|Modest||M|||50|]Milotic||Leftovers|Competitive|Scald,Blizzard,Protect,Recover|Bold||F|||50|]Snorlax||SitrusBerry|ThickFat|Curse,BodySlam,Yawn,HighHorsepower|Impish||F|||50|]Blaziken||FocusSash|SpeedBoost|Protect,CloseCombat,BlazeKick,Coaching|Adamant||M|||50|]Aerodactyl||Aerodactylite|Unnerve|DualWingbeat,RockSlide,Protect,Tailwind|Jolly||F|||50|]Aegislash||SpellTag|StanceChange|ShadowSneak,Poltergeist,IronHead,KingsShield|Adamant||F|||50|
|showteam|p2|Floette-Eternal||Floettite|FlowerVeil|Moonblast,DazzlingGleam,LightofRuin,Protect|Modest||F|||50|]Glimmora||Glimmoranite|ToxicDebris|PowerGem,SludgeBomb,EarthPower,SpikyShield|Modest||F|||50|]Talonflame||SharpBeak|GaleWings|BraveBird,Tailwind,FlareBlitz,Protect|Jolly||M|||50|]Garchomp||LifeOrb|RoughSkin|Earthquake,RockSlide,DragonClaw,Protect|Adamant||M|||50|]Basculegion||FocusSash|Adaptability|Liquidation,AquaJet,LastRespects,Protect|Adamant||M|||50|]Kingambit||BlackGlasses|Defiant|KowtowCleave,SuckerPunch,IronHead,Protect|Adamant||M|||50|
|
|t:|1782760790
|teamsize|p1|4
|teamsize|p2|4
|start
|switch|p1a: Aerodactyl|Aerodactyl, L50, F|100/100
|switch|p1b: Blaziken|Blaziken, L50, M|100/100
|switch|p2a: Floette|Floette-Eternal, L50, F|100/100
|switch|p2b: Talonflame|Talonflame, L50, M, shiny|100/100
|-ability|p1a: Aerodactyl|Unnerve
|turn|1
|
|t:|1782760804
|detailschange|p1a: Aerodactyl|Aerodactyl-Mega, L50, F
|-mega|p1a: Aerodactyl|Aerodactyl|Aerodactylite
|detailschange|p2a: Floette|Floette-Mega, L50, F
|-mega|p2a: Floette|Floette|Floettite
|-ability|p2a: Floette|Fairy Aura
|move|p2b: Talonflame|Tailwind|p2b: Talonflame
|-sidestart|p2: camala64|move: Tailwind
|move|p2a: Floette|Dazzling Gleam|p1b: Blaziken|[spread] p1a,p1b
|-damage|p1a: Aerodactyl|39/100
|-damage|p1b: Blaziken|21/100
|move|p1a: Aerodactyl|Rock Slide|p2a: Floette|[spread] p2a,p2b
|-supereffective|p2b: Talonflame|2
|-damage|p2a: Floette|67/100
|-damage|p2b: Talonflame|0 fnt
|faint|p2b: Talonflame
|move|p1b: Blaziken|Coaching|p1a: Aerodactyl
|-boost|p1a: Aerodactyl|atk|1
|-boost|p1a: Aerodactyl|def|1
|
|-ability|p1b: Blaziken|Speed Boost|boost
|-boost|p1b: Blaziken|spe|1
|upkeep
|
|t:|1782760827
|switch|p2b: Basculegion|Basculegion, L50, M, shiny|100/100
|turn|2
|
|t:|1782760833
|move|p1a: Aerodactyl|Protect|p1a: Aerodactyl
|-singleturn|p1a: Aerodactyl|Protect
|move|p1b: Blaziken|Protect|p1b: Blaziken
|-singleturn|p1b: Blaziken|Protect
|move|p2b: Basculegion|Aqua Jet|p1b: Blaziken
|-activate|p1b: Blaziken|move: Protect
|move|p2a: Floette|Dazzling Gleam|p1a: Aerodactyl|[spread] 
|-activate|p1a: Aerodactyl|move: Protect
|-activate|p1b: Blaziken|move: Protect
|
|-ability|p1b: Blaziken|Speed Boost|boost
|-boost|p1b: Blaziken|spe|1
|upkeep
|turn|3
|
|t:|1782760847
|switch|p1b: Milotic|Milotic, L50, F|100/100
|move|p2b: Basculegion|Aqua Jet|p1b: Milotic
|-resisted|p1b: Milotic|1
|-damage|p1b: Milotic|87/100
|move|p2a: Floette|Dazzling Gleam|p1b: Milotic|[spread] p1a,p1b
|-damage|p1a: Aerodactyl|0 fnt
|-damage|p1b: Milotic|42/100
|faint|p1a: Aerodactyl
|
|-heal|p1b: Milotic|48/100|[from] item: Leftovers
|upkeep
|
|t:|1782760855
|switch|p1a: Blaziken|Blaziken, L50, M|21/100
|turn|4
|
|t:|1782760861
|move|p1a: Blaziken|Protect|p1a: Blaziken
|-singleturn|p1a: Blaziken|Protect
|move|p1b: Milotic|Protect|p1b: Milotic
|-singleturn|p1b: Milotic|Protect
|move|p2b: Basculegion|Aqua Jet|p1a: Blaziken
|-activate|p1a: Blaziken|move: Protect
|move|p2a: Floette|Moonblast|p1b: Milotic
|-activate|p1b: Milotic|move: Protect
|
|-heal|p1b: Milotic|55/100|[from] item: Leftovers
|-sideend|p2: camala64|move: Tailwind
|-ability|p1a: Blaziken|Speed Boost|boost
|-boost|p1a: Blaziken|spe|1
|upkeep
|turn|5
|
|t:|1782760868
|move|p2b: Basculegion|Aqua Jet|p1a: Blaziken
|-supereffective|p1a: Blaziken|1
|-damage|p1a: Blaziken|0 fnt
|faint|p1a: Blaziken
|move|p2a: Floette|Moonblast|p1b: Milotic
|-damage|p1b: Milotic|0 fnt
|faint|p1b: Milotic
|
|upkeep
|-message|Jon Mateo forfeited.
|raw|Jon Mateo's rating: 1151 → 1137(-14 for losing)
|raw|camala64's rating: 1323 → 1334(+11 for winning)
|
|win|camala64
|l|☆Jon Mateo
|player|p1|
