|j|☆Invoker Kuzan
|j|☆JohnnyBoy015
|html|Invoker KuzanJohnnyBoy015    
|uhtml|bestof|Game 2 of a best-of-3
|t:|1756257572
|gametype|doubles
|player|p1|Invoker Kuzan|marnie-masters3|1136
|player|p2|JohnnyBoy015|rosa|1126
|gen|9
|tier|[Gen 9] VGC 2025 Reg H (Bo3)
|rated|
|rule|Species Clause: Limit one of each Pokémon
|rule|Item Clause: Limit 1 of each item
|clearpoke
|poke|p1|Indeedee-F, L50, F|
|poke|p1|Hatterene, L50, F|
|poke|p1|Gallade, L50, M|
|poke|p1|Ursaluna, L50, M|
|poke|p1|Lilligant-Hisui, L50, F|
|poke|p1|Torkoal, L50, M|
|poke|p2|Dragonite, L50, F|
|poke|p2|Typhlosion-Hisui, L50, F|
|poke|p2|Jumpluff, L50, M|
|poke|p2|Torkoal, L50, M|
|poke|p2|Garchomp, L50, F|
|poke|p2|Kingambit, L50, F|
|teampreview|4
|showteam|p1|Indeedee-F||PsychicSeed|PsychicSurge|TrickRoom,FollowMe,HelpingHand,DazzlingGleam|||F|||50|,,,,,Fire]Hatterene||LifeOrb|MagicBounce|ExpandingForce,TrickRoom,DazzlingGleam,Protect|||F|||50|,,,,,Psychic]Gallade||ClearAmulet|Sharpness|PsychoCut,TrickRoom,SacredSword,WideGuard|||M|||50|,,,,,Grass]Ursaluna||FlameOrb|Guts|HeadlongRush,Facade,SwordsDance,Protect|||M|||50|,,,,,Ghost]Lilligant-Hisui||FocusSash|Chlorophyll|SolarBlade,SleepPowder,CloseCombat,AfterYou|||F|||50|,,,,,Ghost]Torkoal||ChoiceSpecs|Drought|Eruption,HeatWave,WeatherBall,EarthPower|||M|||50|,,,,,Fire
|showteam|p2|Dragonite||LoadedDice|Multiscale|ScaleShot,IceSpinner,ExtremeSpeed,Protect|||F|||50|,,,,,Steel]Typhlosion-Hisui||ChoiceSpecs|Blaze|Eruption,HeatWave,ShadowBall,Overheat|||F|||50|,,,,,Fire]Jumpluff||CovertCloak|Chlorophyll|LeafStorm,Encore,SleepPowder,Tailwind|||M|||50|,,,,,Poison]Torkoal||EjectPack|Drought|BurningJealousy,Overheat,HelpingHand,Protect|||M|||50|,,,,,Flying]Garchomp||LifeOrb|RoughSkin|DragonClaw,Earthquake,StompingTantrum,Protect|||F|||50|,,,,,Fire]Kingambit||AssaultVest|Defiant|KowtowCleave,IronHead,LowKick,SuckerPunch|||F|||50|,,,,,Flying
|inactive|Battle timer is ON: inactive players will automatically lose when time's up. (requested by Invoker Kuzan)
|
|t:|1756257611
|teamsize|p1|4
|teamsize|p2|4
|start
|switch|p1a: Lilligant|Lilligant-Hisui, L50, F, shiny|100/100
|switch|p1b: Torkoal|Torkoal, L50, M, shiny|100/100
|switch|p2a: Dragonite|Dragonite, L50, F|100/100
|switch|p2b: Garchomp|Garchomp, L50, F|100/100
|-weather|SunnyDay|[from] ability: Drought|[of] p1b: Torkoal
|turn|1
|inactive|Invoker Kuzan has 30 seconds left.
|
|t:|1756257638
|switch|p1b: Indeedee|Indeedee-F, L50, F, shiny|100/100
|-fieldstart|move: Psychic Terrain|[from] ability: Psychic Surge|[of] p1b: Indeedee
|-enditem|p1b: Indeedee|Psychic Seed
|-boost|p1b: Indeedee|spd|1|[from] item: Psychic Seed
|move|p1a: Lilligant|Solar Blade||[still]
|-prepare|p1a: Lilligant|Solar Blade
|-anim|p1a: Lilligant|Solar Blade|p2b: Garchomp
|-damage|p2b: Garchomp|52/100
|-damage|p1a: Lilligant|88/100|[from] ability: Rough Skin|[of] p2b: Garchomp
|move|p2b: Garchomp|Earthquake|p1b: Indeedee|[spread] p1a,p1b
|-immune|p2a: Dragonite
|-resisted|p1a: Lilligant
|-damage|p1a: Lilligant|55/100
|-damage|p1b: Indeedee|62/100
|-damage|p2b: Garchomp|42/100|[from] item: Life Orb
|move|p2a: Dragonite|Scale Shot|p1a: Lilligant
|-damage|p1a: Lilligant|32/100
|-damage|p1a: Lilligant|9/100
|-damage|p1a: Lilligant|0 fnt
|faint|p1a: Lilligant
|-hitcount|p1: Lilligant|3
|-unboost|p2a: Dragonite|def|1
|-boost|p2a: Dragonite|spe|1
|
|-weather|SunnyDay|[upkeep]
|upkeep
|
|t:|1756257651
|switch|p1a: Hatterene|Hatterene, L50, F, shiny|100/100
|turn|2
|
|t:|1756257674
|-terastallize|p2b: Garchomp|Fire
|move|p1b: Indeedee|Follow Me|p1b: Indeedee
|-singleturn|p1b: Indeedee|move: Follow Me
|move|p2a: Dragonite|Scale Shot|p1b: Indeedee
|-damage|p1b: Indeedee|49/100
|-damage|p1b: Indeedee|33/100
|-damage|p1b: Indeedee|19/100
|-damage|p1b: Indeedee|4/100
|-hitcount|p1b: Indeedee|4
|-unboost|p2a: Dragonite|def|1
|-boost|p2a: Dragonite|spe|1
|move|p2b: Garchomp|Earthquake|p1a: Hatterene|[spread] p1a,p1b
|-immune|p2a: Dragonite
|-damage|p1a: Hatterene|56/100
|-damage|p1b: Indeedee|0 fnt
|faint|p1b: Indeedee
|-damage|p2b: Garchomp|32/100|[from] item: Life Orb
|move|p1a: Hatterene|Trick Room|p1a: Hatterene
|-fieldstart|move: Trick Room|[of] p1a: Hatterene
|
|-weather|SunnyDay|[upkeep]
|upkeep
|
|t:|1756257688
|switch|p1b: Torkoal|Torkoal, L50, M, shiny|100/100
|turn|3
|
|t:|1756257707
|-terastallize|p1a: Hatterene|Psychic
|move|p2a: Dragonite|Protect|p2a: Dragonite
|-singleturn|p2a: Dragonite|Protect
|move|p1b: Torkoal|Eruption|p2b: Garchomp|[spread] p2b
|-activate|p2a: Dragonite|move: Protect
|-resisted|p2b: Garchomp
|-damage|p2b: Garchomp|0 fnt
|faint|p2b: Garchomp
|move|p1a: Hatterene|Expanding Force|p2a: Dragonite
|-activate|p2a: Dragonite|move: Protect
|
|-weather|SunnyDay|[upkeep]
|upkeep
|
|t:|1756257720
|switch|p2b: Torkoal|Torkoal, L50, M|100/100
|turn|4
|
|t:|1756257737
|switch|p2a: Kingambit|Kingambit, L50, F|100/100
|move|p2b: Torkoal|Overheat|p1a: Hatterene
|-damage|p1a: Hatterene|0 fnt
|-unboost|p2b: Torkoal|spa|2
|faint|p1a: Hatterene
|-enditem|p2b: Torkoal|Eject Pack
|
|t:|1756257744
|switch|p2b: Dragonite|Dragonite, L50, F|100/100
|move|p1b: Torkoal|Eruption|p2a: Kingambit|[spread] p2a,p2b
|-supereffective|p2a: Kingambit
|-resisted|p2b: Dragonite
|-damage|p2a: Kingambit|0 fnt
|-damage|p2b: Dragonite|75/100
|faint|p2a: Kingambit
|
|-weather|SunnyDay|[upkeep]
|upkeep
|
|t:|1756257753
|switch|p2a: Torkoal|Torkoal, L50, M|100/100
|turn|5
|
|t:|1756257760
|move|p2b: Dragonite|Protect|p2b: Dragonite
|-singleturn|p2b: Dragonite|Protect
|move|p2a: Torkoal|Overheat|p1b: Torkoal
|-resisted|p1b: Torkoal
|-damage|p1b: Torkoal|47/100
|-unboost|p2a: Torkoal|spa|2
|move|p1b: Torkoal|Eruption|p2a: Torkoal|[spread] p2a
|-activate|p2b: Dragonite|move: Protect
|-resisted|p2a: Torkoal
|-damage|p2a: Torkoal|67/100
|
|-weather|none
|-fieldend|move: Psychic Terrain
|upkeep
|turn|6
|-message|Invoker Kuzan forfeited.
|
|win|JohnnyBoy015
||Invoker Kuzan is ready for game 3.
