|j|☆ConnerTEP
|j|☆sergio23perez
|html|ConnerTEPsergio23perez    
|uhtml|bestof|Game 2 of a best-of-3
|t:|1757755284
|gametype|doubles
|player|p1|ConnerTEP|clair-masters|1338
|player|p2|sergio23perez|2|1417
|gen|9
|tier|[Gen 9] VGC 2025 Reg H (Bo3)
|rated|
|rule|Species Clause: Limit one of each Pokémon
|rule|Item Clause: Limit 1 of each item
|clearpoke
|poke|p1|Tyranitar, L50, F|
|poke|p1|Excadrill, L50, M|
|poke|p1|Dondozo, L50, M|
|poke|p1|Volcarona, L50, F|
|poke|p1|Electabuzz, L50, M|
|poke|p1|Salamence, L50, M|
|poke|p2|Jumpluff, L50, F|
|poke|p2|Charizard, L50, F|
|poke|p2|Porygon2, L50|
|poke|p2|Torkoal, L50, F|
|poke|p2|Incineroar, L50, F|
|poke|p2|Ursaluna, L50, M|
|teampreview|4
|showteam|p1|Tyranitar||AssaultVest|SandStream|RockSlide,KnockOff,TeraBlast,LowKick|||F|||50|,,,,,Flying]Excadrill||FocusSash|SandRush|Earthquake,HighHorsepower,IronHead,Protect|||M|||50|,,,,,Ghost]Dondozo||Leftovers|Unaware|Liquidation,Curse,Yawn,Protect|||M|||50|,,,,,Poison]Volcarona||SafetyGoggles|FlameBody|HeatWave,TeraBlast,QuiverDance,Protect|||F|||50|,,,,,Fairy]Electabuzz||Eviolite|VitalSpirit|Electroweb,Taunt,FollowMe,Protect|||M|||50|,,,,,Ghost]Salamence||EjectPack|Intimidate|DracoMeteor,AirSlash,Tailwind,Protect|||M|||50|,,,,,Poison
|showteam|p2|Jumpluff||CovertCloak|Chlorophyll|SleepPowder,SunnyDay,Tailwind,RagePowder|||F|||50|,,,,,Water]Charizard||ChoiceSpecs|SolarPower|AirSlash,HeatWave,Overheat,WeatherBall|||F|||50|,,,,,Ghost]Porygon2||Eviolite|Download|TeraBlast,IceBeam,Recover,TrickRoom||||||50|,,,,,Fighting]Torkoal||EjectPack|Drought|HelpingHand,Eruption,Overheat,Protect|||F|||50|,,,,,Fire]Incineroar||SafetyGoggles|Intimidate|FakeOut,PartingShot,FlareBlitz,KnockOff|||F|||50|,,,,,Ghost]Ursaluna||FlameOrb|Guts|HeadlongRush,Facade,Earthquake,Protect|||M|||50|,,,,,Ghost
|inactive|Battle timer is ON: inactive players will automatically lose when time's up. (requested by ConnerTEP)
|inactive|ConnerTEP has 60 seconds left.
|
|t:|1757755334
|teamsize|p1|4
|teamsize|p2|4
|start
|switch|p1a: Electabuzz|Electabuzz, L50, M|100/100
|switch|p1b: Salamence|Salamence, L50, M|100/100
|switch|p2a: Jumpluff|Jumpluff, L50, F|100/100
|switch|p2b: Torkoal|Torkoal, L50, F|100/100
|-ability|p1b: Salamence|Intimidate|boost
|-unboost|p2a: Jumpluff|atk|1
|-unboost|p2b: Torkoal|atk|1
|-weather|SunnyDay|[from] ability: Drought|[of] p2b: Torkoal
|-enditem|p2b: Torkoal|Eject Pack
|
|t:|1757755343
|switch|p2b: Charizard|Charizard, L50, F|100/100
|turn|1
|
|t:|1757755363
|switch|p1b: Tyranitar|Tyranitar, L50, F|100/100
|-weather|Sandstorm|[from] ability: Sand Stream|[of] p1b: Tyranitar
|move|p2a: Jumpluff|Tailwind|p2a: Jumpluff
|-sidestart|p2: sergio23perez|move: Tailwind
|move|p2b: Charizard|Heat Wave|p1a: Electabuzz|[spread] p1a,p1b
|-crit|p1a: Electabuzz
|-resisted|p1b: Tyranitar
|-damage|p1a: Electabuzz|37/100
|-damage|p1b: Tyranitar|89/100
|move|p1a: Electabuzz|Electroweb|p2a: Jumpluff|[spread] p2a,p2b
|-supereffective|p2b: Charizard
|-damage|p2a: Jumpluff|84/100
|-damage|p2b: Charizard|65/100
|-unboost|p2b: Charizard|spe|1
|
|-weather|Sandstorm|[upkeep]
|-damage|p2a: Jumpluff|78/100|[from] Sandstorm
|-damage|p2b: Charizard|59/100|[from] Sandstorm
|-damage|p1a: Electabuzz|31/100|[from] Sandstorm
|upkeep
|turn|2
|
|t:|1757755381
|move|p1a: Electabuzz|Follow Me|p1a: Electabuzz
|-singleturn|p1a: Electabuzz|move: Follow Me
|move|p2a: Jumpluff|Sunny Day|p2a: Jumpluff
|-weather|SunnyDay
|move|p2b: Charizard|Heat Wave|p1b: Tyranitar|[spread] p1a,p1b
|-resisted|p1b: Tyranitar
|-crit|p1b: Tyranitar
|-damage|p1a: Electabuzz|0 fnt
|-damage|p1b: Tyranitar|36/100
|faint|p1a: Electabuzz
|move|p1b: Tyranitar|Rock Slide|p2a: Jumpluff|[spread] p2b
|-miss|p1b: Tyranitar|p2a: Jumpluff
|-supereffective|p2b: Charizard
|-damage|p2b: Charizard|0 fnt
|faint|p2b: Charizard
|
|-weather|SunnyDay|[upkeep]
|upkeep
|
|t:|1757755389
|switch|p2b: Ursaluna|Ursaluna, L50, M|100/100
|switch|p1a: Salamence|Salamence, L50, M|100/100
|-ability|p1a: Salamence|Intimidate|boost
|-unboost|p2a: Jumpluff|atk|1
|-unboost|p2b: Ursaluna|atk|1
|turn|3
|inactive|ConnerTEP has 30 seconds left.
|
|t:|1757755416
|move|p2a: Jumpluff|Sleep Powder|p1a: Salamence
|-status|p1a: Salamence|slp|[from] move: Sleep Powder
|move|p2b: Ursaluna|Headlong Rush|p1b: Tyranitar
|-supereffective|p1b: Tyranitar
|-damage|p1b: Tyranitar|0 fnt
|-unboost|p2b: Ursaluna|def|1
|-unboost|p2b: Ursaluna|spd|1
|faint|p1b: Tyranitar
|cant|p1a: Salamence|slp
|
|-weather|SunnyDay|[upkeep]
|-status|p2b: Ursaluna|brn|[from] item: Flame Orb
|upkeep
|
|t:|1757755420
|switch|p1b: Excadrill|Excadrill, L50, M|100/100
|turn|4
|
|t:|1757755431
|cant|p1a: Salamence|slp
|move|p2a: Jumpluff|Sleep Powder|p1b: Excadrill
|-status|p1b: Excadrill|slp|[from] move: Sleep Powder
|move|p2b: Ursaluna|Facade|p1a: Salamence
|-damage|p1a: Salamence|5/100 slp
|cant|p1b: Excadrill|slp
|
|-weather|SunnyDay|[upkeep]
|-damage|p2b: Ursaluna|94/100 brn|[from] brn
|-sideend|p2: sergio23perez|move: Tailwind
|upkeep
|turn|5
|
|t:|1757755444
|move|p2a: Jumpluff|Tailwind|p2a: Jumpluff
|-sidestart|p2: sergio23perez|move: Tailwind
|move|p2b: Ursaluna|Facade|p1a: Salamence
|-crit|p1a: Salamence
|-damage|p1a: Salamence|0 fnt
|faint|p1a: Salamence
|cant|p1b: Excadrill|slp
|
|-weather|SunnyDay|[upkeep]
|-damage|p2b: Ursaluna|88/100 brn|[from] brn
|upkeep
|turn|6
|
|t:|1757755451
|move|p2a: Jumpluff|Rage Powder|p2a: Jumpluff
|-singleturn|p2a: Jumpluff|move: Rage Powder
|move|p2b: Ursaluna|Earthquake|p1b: Excadrill|[spread] p1b
|-immune|p2a: Jumpluff
|-supereffective|p1b: Excadrill
|-enditem|p1b: Excadrill|Focus Sash
|-damage|p1b: Excadrill|1/100 slp
|-curestatus|p1b: Excadrill|slp|[msg]
|move|p1b: Excadrill|Iron Head|p2a: Jumpluff
|-damage|p2a: Jumpluff|22/100
|
|-weather|none
|-damage|p2b: Ursaluna|82/100 brn|[from] brn
|upkeep
|turn|7
|-message|ConnerTEP forfeited.
|
|win|sergio23perez
||ConnerTEP is ready for game 3.
||sergio23perez is ready for game 3.
|uhtml|next|Next: Game 3 of 3
|l|☆ConnerTEP
|player|p1|
