|j|☆SizzleG
|j|☆takedownmy
|html|SizzleGtakedownmy    
|uhtml|bestof|Game 2 of a best-of-3
|t:|1756432691
|gametype|doubles
|player|p1|SizzleG|1|1107
|player|p2|takedownmy|102|1196
|gen|9
|tier|[Gen 9] VGC 2025 Reg H (Bo3)
|rated|
|rule|Species Clause: Limit one of each Pokémon
|rule|Item Clause: Limit 1 of each item
|clearpoke
|poke|p1|Basculegion, L50, M|
|poke|p1|Pelipper, L50, M|
|poke|p1|Archaludon, L50, M|
|poke|p1|Amoonguss, L50, M|
|poke|p1|Gholdengo, L50|
|poke|p1|Ninetales-Alola, L50, M|
|poke|p2|Glalie, L50, F|
|poke|p2|Incineroar, L50, M|
|poke|p2|Rillaboom, L50, M|
|poke|p2|Ninetales-Alola, L50, M|
|poke|p2|Gholdengo, L50|
|poke|p2|Sneasler, L50, M|
|teampreview|4
|showteam|p1|Basculegion||ChoiceScarf|Adaptability|WaveCrash,AquaJet,FlipTurn,LastRespects|||M|||50|,,,,,Grass]Pelipper||FocusSash|Drizzle|WeatherBall,Hurricane,Tailwind,Protect|||M|||50|,,,,,Ghost]Archaludon||AssaultVest|Stamina|FlashCannon,BodyPress,ElectroShot,DragonPulse|||M|||50|,,,,,Grass]Amoonguss||RockyHelmet|Regenerator|Spore,RagePowder,PollenPuff,Protect|||M|||50|,,,,,Fairy]Gholdengo||LifeOrb|GoodasGold|MakeItRain,ShadowBall,Protect,NastyPlot||||||50|,,,,,Flying]Ninetales-Alola||LightClay|SnowWarning|IcyWind,Blizzard,AuroraVeil,Protect|||M|||50|,,,,,Water
|showteam|p2|Glalie||Leftovers|Moody|IceBeam,TeraBlast,Substitute,Protect|||F|||50|,,,,,Electric]Incineroar||SafetyGoggles|Intimidate|FlareBlitz,KnockOff,PartingShot,FakeOut|||M|||50|,,,,,Ghost]Rillaboom||AssaultVest|GrassySurge|FakeOut,GrassyGlide,DrumBeating,HighHorsepower|||M|||50|,,,,,Fire]Ninetales-Alola||FocusSash|SnowWarning|Blizzard,IcyWind,Encore,AuroraVeil|||M|||50|,,,,,Ghost]Gholdengo||GrassySeed|GoodasGold|NastyPlot,MakeItRain,ShadowBall,Protect||||||50|,,,,,Water]Sneasler||WhiteHerb|Unburden|CloseCombat,DireClaw,ThroatChop,Protect|||M|||50|,,,,,Dark
|inactive|Battle timer is ON: inactive players will automatically lose when time's up. (requested by takedownmy)
|inactive|takedownmy has 60 seconds left.
|inactive|takedownmy has 30 seconds left.
|
|t:|1756432752
|teamsize|p1|4
|teamsize|p2|4
|start
|switch|p1a: Ninetales|Ninetales-Alola, L50, M|100/100
|switch|p1b: Amoonguss|Amoonguss, L50, M|100/100
|switch|p2a: Glalie|Glalie, L50, F|100/100
|switch|p2b: Incineroar|Incineroar, L50, M|100/100
|-weather|Snowscape|[from] ability: Snow Warning|[of] p1a: Ninetales
|-ability|p2b: Incineroar|Intimidate|boost
|-unboost|p1a: Ninetales|atk|1
|-unboost|p1b: Amoonguss|atk|1
|turn|1
|
|t:|1756432763
|move|p1b: Amoonguss|Protect|p1b: Amoonguss
|-singleturn|p1b: Amoonguss|Protect
|move|p1a: Ninetales|Aurora Veil|p1a: Ninetales
|-sidestart|p1: SizzleG|move: Aurora Veil
|move|p2a: Glalie|Substitute|p2a: Glalie
|-start|p2a: Glalie|Substitute
|-damage|p2a: Glalie|75/100
|move|p2b: Incineroar|Flare Blitz|p1a: Ninetales
|-supereffective|p1a: Ninetales
|-damage|p1a: Ninetales|45/100
|-status|p1a: Ninetales|brn
|-damage|p2b: Incineroar|86/100|[from] Recoil
|
|-weather|Snowscape|[upkeep]
|-heal|p2a: Glalie|82/100|[from] item: Leftovers
|-damage|p1a: Ninetales|39/100 brn|[from] brn
|-ability|p2a: Glalie|Moody|boost
|-boost|p2a: Glalie|atk|2
|-unboost|p2a: Glalie|spe|1
|upkeep
|turn|2
|
|t:|1756432776
|switch|p1a: Pelipper|Pelipper, L50, M|100/100
|-weather|RainDance|[from] ability: Drizzle|[of] p1a: Pelipper
|move|p2b: Incineroar|Flare Blitz|p1a: Pelipper
|-resisted|p1a: Pelipper
|-damage|p1a: Pelipper|90/100
|-damage|p2b: Incineroar|83/100|[from] Recoil
|move|p2a: Glalie|Ice Beam|p1b: Amoonguss
|-supereffective|p1b: Amoonguss
|-damage|p1b: Amoonguss|69/100
|move|p1b: Amoonguss|Spore||[still]
|-fail|p1b: Amoonguss
|
|-weather|RainDance|[upkeep]
|-heal|p2a: Glalie|88/100|[from] item: Leftovers
|-ability|p2a: Glalie|Moody|boost
|-boost|p2a: Glalie|atk|2
|-unboost|p2a: Glalie|spd|1
|upkeep
|turn|3
|inactive|takedownmy has 30 seconds left.
|
|t:|1756432802
|switch|p2b: Gholdengo|Gholdengo, L50|100/100
|-terastallize|p2a: Glalie|Electric
|move|p1a: Pelipper|Weather Ball|p2b: Gholdengo
|-damage|p2b: Gholdengo|36/100
|move|p2a: Glalie|Tera Blast|p1a: Pelipper|[anim] Tera Blast Electric
|-supereffective|p1a: Pelipper
|-damage|p1a: Pelipper|0 fnt
|faint|p1a: Pelipper
|move|p1b: Amoonguss|Pollen Puff|p2a: Glalie
|-end|p2a: Glalie|Substitute
|
|-weather|RainDance|[upkeep]
|-heal|p2a: Glalie|94/100|[from] item: Leftovers
|-ability|p2a: Glalie|Moody|boost
|-boost|p2a: Glalie|spe|2
|-unboost|p2a: Glalie|spa|1
|upkeep
|
|t:|1756432808
|switch|p1a: Ninetales|Ninetales-Alola, L50, M|39/100 brn
|-weather|Snowscape|[from] ability: Snow Warning|[of] p1a: Ninetales
|turn|4
|
|t:|1756432820
|switch|p2b: Incineroar|Incineroar, L50, M|83/100
|-ability|p2b: Incineroar|Intimidate|boost
|-unboost|p1a: Ninetales|atk|1
|-unboost|p1b: Amoonguss|atk|1
|move|p2a: Glalie|Protect|p2a: Glalie
|-singleturn|p2a: Glalie|Protect
|move|p1a: Ninetales|Blizzard|p2b: Incineroar|[spread] p2b
|-activate|p2a: Glalie|move: Protect
|-resisted|p2b: Incineroar
|-damage|p2b: Incineroar|73/100
|move|p1b: Amoonguss|Pollen Puff|p1a: Ninetales
|-heal|p1a: Ninetales|89/100 brn
|
|-weather|Snowscape|[upkeep]
|-heal|p2a: Glalie|100/100|[from] item: Leftovers
|-damage|p1a: Ninetales|83/100 brn|[from] brn
|-ability|p2a: Glalie|Moody|boost
|-boost|p2a: Glalie|def|2
|-unboost|p2a: Glalie|spa|1
|upkeep
|turn|5
|
|t:|1756432830
|move|p2b: Incineroar|Fake Out|p1a: Ninetales
|-damage|p1a: Ninetales|75/100 brn
|move|p2a: Glalie|Substitute|p2a: Glalie
|-start|p2a: Glalie|Substitute
|-damage|p2a: Glalie|75/100
|cant|p1a: Ninetales|flinch
|move|p1b: Amoonguss|Spore||[still]
|-fail|p1b: Amoonguss
|
|-weather|Snowscape|[upkeep]
|-heal|p2a: Glalie|82/100|[from] item: Leftovers
|-damage|p1a: Ninetales|70/100 brn|[from] brn
|-ability|p2a: Glalie|Moody|boost
|-boost|p2a: Glalie|spa|2
|-unboost|p2a: Glalie|spe|1
|upkeep
|turn|6
|
|t:|1756432849
|move|p2a: Glalie|Protect|p2a: Glalie
|-singleturn|p2a: Glalie|Protect
|move|p1a: Ninetales|Blizzard|p2a: Glalie|[spread] p2b
|-activate|p2a: Glalie|move: Protect
|-resisted|p2b: Incineroar
|-damage|p2b: Incineroar|63/100
|move|p2b: Incineroar|Flare Blitz|p1a: Ninetales
|-supereffective|p1a: Ninetales
|-damage|p1a: Ninetales|16/100 brn
|-damage|p2b: Incineroar|48/100|[from] Recoil
|move|p1b: Amoonguss|Pollen Puff|p2b: Incineroar
|-damage|p2b: Incineroar|34/100
|
|-weather|Snowscape|[upkeep]
|-heal|p2a: Glalie|88/100|[from] item: Leftovers
|-damage|p1a: Ninetales|11/100 brn|[from] brn
|-ability|p2a: Glalie|Moody|boost
|-boost|p2a: Glalie|spa|2
|-unboost|p2a: Glalie|atk|1
|upkeep
|turn|7
|
|t:|1756432863
|move|p1a: Ninetales|Blizzard|p2a: Glalie|[spread] p2a,p2b
|-end|p2a: Glalie|Substitute
|-resisted|p2b: Incineroar
|-damage|p2b: Incineroar|24/100
|move|p2a: Glalie|Ice Beam|p1a: Ninetales
|-resisted|p1a: Ninetales
|-damage|p1a: Ninetales|0 fnt
|faint|p1a: Ninetales
|move|p2b: Incineroar|Knock Off|p1b: Amoonguss
|-damage|p1b: Amoonguss|49/100
|-damage|p2b: Incineroar|8/100|[from] item: Rocky Helmet|[of] p1b: Amoonguss
|-enditem|p1b: Amoonguss|Rocky Helmet|[from] move: Knock Off|[of] p2b: Incineroar
|move|p1b: Amoonguss|Spore|p2a: Glalie
|-status|p2a: Glalie|slp|[from] move: Spore
|
|-weather|Snowscape|[upkeep]
|-heal|p2a: Glalie|94/100 slp|[from] item: Leftovers
|-ability|p2a: Glalie|Moody|boost
|-boost|p2a: Glalie|spd|2
|-unboost|p2a: Glalie|spe|1
|upkeep
|
|t:|1756432868
|switch|p1a: Gholdengo|Gholdengo, L50|100/100
|turn|8
|
|t:|1756432892
|move|p1b: Amoonguss|Rage Powder|p1b: Amoonguss
|-singleturn|p1b: Amoonguss|move: Rage Powder
|move|p1a: Gholdengo|Nasty Plot|p1a: Gholdengo
|-boost|p1a: Gholdengo|spa|2
|move|p2b: Incineroar|Knock Off|p1a: Gholdengo
|-supereffective|p1a: Gholdengo
|-damage|p1a: Gholdengo|48/100
|-enditem|p1a: Gholdengo|Life Orb|[from] move: Knock Off|[of] p2b: Incineroar
|cant|p2a: Glalie|slp
|
|-weather|none
|-heal|p2a: Glalie|100/100 slp|[from] item: Leftovers
|-sideend|p1: SizzleG|move: Aurora Veil
|-ability|p2a: Glalie|Moody|boost
|-boost|p2a: Glalie|def|2
|-unboost|p2a: Glalie|spe|1
|upkeep
|turn|9
|
|t:|1756432906
|move|p1a: Gholdengo|Make It Rain|p2b: Incineroar|[spread] p2a,p2b
|-resisted|p2a: Glalie
|-resisted|p2b: Incineroar
|-damage|p2a: Glalie|69/100 slp
|-damage|p2b: Incineroar|0 fnt
|-unboost|p1a: Gholdengo|spa|1
|faint|p2b: Incineroar
|-curestatus|p2a: Glalie|slp|[msg]
|move|p2a: Glalie|Ice Beam|p1b: Amoonguss
|-supereffective|p1b: Amoonguss
|-damage|p1b: Amoonguss|0 fnt
|faint|p1b: Amoonguss
|
|-heal|p2a: Glalie|75/100|[from] item: Leftovers
|-ability|p2a: Glalie|Moody|boost
|-boost|p2a: Glalie|def|2
|-unboost|p2a: Glalie|spd|1
|upkeep
|-message|SizzleG forfeited.
|
|win|takedownmy
