|j|☆DkayMM
|j|☆ashnext
|html|DkayMMashnext    
|uhtml|bestof|Game 2 of a best-of-3
|t:|1757009516
|gametype|doubles
|player|p1|DkayMM|169|1041
|player|p2|ashnext|265|1000
|gen|9
|tier|[Gen 9] VGC 2025 Reg H (Bo3)
|rated|
|rule|Species Clause: Limit one of each Pokémon
|rule|Item Clause: Limit 1 of each item
|clearpoke
|poke|p1|Charizard, L50, M|
|poke|p1|Torkoal, L50, F|
|poke|p1|Porygon2, L50|
|poke|p1|Incineroar, L50, M|
|poke|p1|Jumpluff, L50, F|
|poke|p1|Ursaluna, L50, F|
|poke|p2|Sneasler, L50, F|
|poke|p2|Rillaboom, L50, M|
|poke|p2|Electabuzz, L50, F|
|poke|p2|Dragonite, L50, F|
|poke|p2|Volcarona, L50, F|
|poke|p2|Kingambit, L50, F|
|teampreview|4
|showteam|p1|Charizard||ChoiceSpecs|SolarPower|HeatWave,Overheat,WeatherBall,AirSlash|||M|||50|,,,,,Ghost]Torkoal||EjectPack|Drought|Eruption,Overheat,HelpingHand,Protect|||F|||50|,,,,,Fire]Porygon2||Eviolite|Download|TeraBlast,IceBeam,Recover,TrickRoom||||||50|,,,,,Fighting]Incineroar||SitrusBerry|Intimidate|FlareBlitz,KnockOff,FakeOut,PartingShot|||M|||50|,,,,,Ghost]Jumpluff||CovertCloak|Chlorophyll|SleepPowder,SunnyDay,RagePowder,Tailwind|||F|||50|,,,,,Water]Ursaluna||FlameOrb|Guts|HeadlongRush,Facade,Earthquake,Protect|||F|||50|,,,,,Ghost
|showteam|p2|Sneasler||PsychicSeed|Unburden|CloseCombat,DireClaw,Protect,ThroatChop|||F|||50|,,,,,Dark]Rillaboom||AssaultVest|GrassySurge|GrassyGlide,FakeOut,WoodHammer,HighHorsepower|||M|||50|,,,,,Fire]Electabuzz||Eviolite|VitalSpirit|FollowMe,Protect,Taunt,Electroweb|||F|||50|,,,,,Ghost]Dragonite||LoadedDice|Multiscale|ScaleShot,Protect,ExtremeSpeed,Haze|||F|||50|,,,,,Fairy]Volcarona||CovertCloak|FlameBody|Protect,HeatWave,QuiverDance,GigaDrain|||F|||50|,,,,,Fairy]Kingambit||BlackGlasses|Defiant|SuckerPunch,KowtowCleave,Protect,SwordsDance|||F|||50|,,,,,Dark
|inactive|Battle timer is ON: inactive players will automatically lose when time's up. (requested by DkayMM)
|inactive|ashnext has 60 seconds left.
|inactive|ashnext has 30 seconds left.
|
|t:|1757009587
|teamsize|p1|4
|teamsize|p2|4
|start
|switch|p1a: Charizard|Charizard, L50, M|100/100
|switch|p1b: Torkoal|Torkoal, L50, F|100/100
|switch|p2a: Dragonite|Dragonite, L50, F|100/100
|switch|p2b: Electabuzz|Electabuzz, L50, F|100/100
|-weather|SunnyDay|[from] ability: Drought|[of] p1b: Torkoal
|turn|1
|inactive|DkayMM has 30 seconds left.
|
|t:|1757009619
|move|p1b: Torkoal|Helping Hand|p1a: Charizard
|-singleturn|p1a: Charizard|Helping Hand|[of] p1b: Torkoal
|move|p2b: Electabuzz|Electroweb|p1b: Torkoal|[spread] p1a,p1b
|-supereffective|p1a: Charizard
|-damage|p1a: Charizard|65/100
|-damage|p1b: Torkoal|81/100
|-unboost|p1a: Charizard|spe|1
|-unboost|p1b: Torkoal|spe|1
|-enditem|p1b: Torkoal|Eject Pack
|
|t:|1757009631
|switch|p1b: Ursaluna|Ursaluna, L50, F|100/100
|move|p2a: Dragonite|Scale Shot|p1a: Charizard
|-damage|p1a: Charizard|44/100
|-damage|p1a: Charizard|23/100
|-damage|p1a: Charizard|3/100
|-damage|p1a: Charizard|0 fnt
|faint|p1a: Charizard
|-hitcount|p1: Charizard|4
|-unboost|p2a: Dragonite|def|1
|-boost|p2a: Dragonite|spe|1
|
|-weather|SunnyDay|[upkeep]
|-status|p1b: Ursaluna|brn|[from] item: Flame Orb
|upkeep
|
|t:|1757009642
|switch|p1a: Porygon2|Porygon2, L50|100/100
|-ability|p1a: Porygon2|Download|boost
|-boost|p1a: Porygon2|atk|1
|turn|2
|inactive|ashnext has 30 seconds left.
|
|t:|1757009669
|move|p2a: Dragonite|Protect|p2a: Dragonite
|-singleturn|p2a: Dragonite|Protect
|move|p2b: Electabuzz|Taunt|p1a: Porygon2
|-start|p1a: Porygon2|move: Taunt
|move|p1b: Ursaluna|Facade|p2a: Dragonite
|-activate|p2a: Dragonite|move: Protect
|cant|p1a: Porygon2|move: Taunt|Trick Room
|
|-weather|SunnyDay|[upkeep]
|-damage|p1b: Ursaluna|95/100 brn|[from] brn
|upkeep
|turn|3
|inactive|ashnext has 30 seconds left.
|inactive|ashnext has 20 seconds left.
|inactive|ashnext has 15 seconds left.
|inactive|ashnext has 10 seconds left.
|inactive|ashnext has 5 seconds left.
|
|t:|1757009720
|switch|p2a: Rillaboom|Rillaboom, L50, M|100/100
|-fieldstart|move: Grassy Terrain|[from] ability: Grassy Surge|[of] p2a: Rillaboom
|move|p2b: Electabuzz|Follow Me|p2b: Electabuzz
|-singleturn|p2b: Electabuzz|move: Follow Me
|move|p1b: Ursaluna|Facade|p2b: Electabuzz
|-damage|p2b: Electabuzz|0 fnt
|faint|p2b: Electabuzz
|move|p1a: Porygon2|Ice Beam|p2a: Rillaboom
|-supereffective|p2a: Rillaboom
|-damage|p2a: Rillaboom|60/100
|
|-weather|SunnyDay|[upkeep]
|-heal|p2a: Rillaboom|66/100|[from] Grassy Terrain
|-heal|p1b: Ursaluna|100/100 brn|[from] Grassy Terrain
|-damage|p1b: Ursaluna|95/100 brn|[from] brn
|upkeep
|
|t:|1757009745
|switch|p2b: Sneasler|Sneasler, L50, F|100/100
|turn|4
|inactive|DkayMM has 30 seconds left.
|inactive|ashnext has 30 seconds left.
|inactive|DkayMM has 20 seconds left.
|inactive|ashnext has 20 seconds left.
|inactive|DkayMM has 15 seconds left.
|inactive|DkayMM has 10 seconds left.
|inactive|DkayMM has 5 seconds left.
|
|t:|1757009798
|switch|p1a: Torkoal|Torkoal, L50, F|81/100
|-terastallize|p2b: Sneasler|Dark
|-terastallize|p1b: Ursaluna|Ghost
|move|p2b: Sneasler|Dire Claw|p1a: Torkoal
|-damage|p1a: Torkoal|49/100
|-status|p1a: Torkoal|psn
|move|p2a: Rillaboom|Wood Hammer|p1b: Ursaluna
|-damage|p1b: Ursaluna|31/100 brn
|-damage|p2a: Rillaboom|43/100|[from] Recoil
|move|p1b: Ursaluna|Facade|p2b: Sneasler
|-damage|p2b: Sneasler|0 fnt
|faint|p2b: Sneasler
|
|-weather|SunnyDay|[upkeep]
|-heal|p2a: Rillaboom|49/100|[from] Grassy Terrain
|-heal|p1b: Ursaluna|37/100 brn|[from] Grassy Terrain
|-heal|p1a: Torkoal|55/100 psn|[from] Grassy Terrain
|-damage|p1a: Torkoal|43/100 psn|[from] psn
|-damage|p1b: Ursaluna|31/100 brn|[from] brn
|upkeep
|
|t:|1757009819
|switch|p2b: Dragonite|Dragonite, L50, F|100/100
|turn|5
|
|t:|1757009835
|move|p1b: Ursaluna|Protect|p1b: Ursaluna
|-singleturn|p1b: Ursaluna|Protect
|move|p2a: Rillaboom|Grassy Glide|p1b: Ursaluna
|-activate|p1b: Ursaluna|move: Protect
|move|p2b: Dragonite|Scale Shot|p1a: Torkoal
|-damage|p1a: Torkoal|32/100 psn
|-damage|p1a: Torkoal|21/100 psn
|-damage|p1a: Torkoal|11/100 psn
|-damage|p1a: Torkoal|0 fnt
|faint|p1a: Torkoal
|-hitcount|p1: Torkoal|4
|-unboost|p2b: Dragonite|def|1
|-boost|p2b: Dragonite|spe|1
|
|-weather|none
|-heal|p2a: Rillaboom|54/100|[from] Grassy Terrain
|-heal|p1b: Ursaluna|37/100 brn|[from] Grassy Terrain
|-damage|p1b: Ursaluna|31/100 brn|[from] brn
|upkeep
|
|t:|1757009847
|switch|p1a: Porygon2|Porygon2, L50|100/100
|-ability|p1a: Porygon2|Download|boost
|-boost|p1a: Porygon2|atk|1
|turn|6
|
|t:|1757009866
|move|p2b: Dragonite|Protect|p2b: Dragonite
|-singleturn|p2b: Dragonite|Protect
|move|p1b: Ursaluna|Protect||[still]
|-fail|p1b: Ursaluna
|move|p2a: Rillaboom|Grassy Glide|p1b: Ursaluna
|-damage|p1b: Ursaluna|1/100 brn
|move|p1a: Porygon2|Trick Room|p1a: Porygon2
|-fieldstart|move: Trick Room|[of] p1a: Porygon2
|
|-heal|p1b: Ursaluna|7/100 brn|[from] Grassy Terrain
|-heal|p2a: Rillaboom|60/100|[from] Grassy Terrain
|-damage|p1b: Ursaluna|1/100 brn|[from] brn
|upkeep
|turn|7
|inactive|DkayMM has 30 seconds left.
|inactive|ashnext has 30 seconds left.
|inactive|ashnext has 20 seconds left.
|inactive|ashnext has 15 seconds left.
|inactive|ashnext has 10 seconds left.
|
|t:|1757009915
|move|p2a: Rillaboom|Grassy Glide|p1b: Ursaluna
|-damage|p1b: Ursaluna|0 fnt
|faint|p1b: Ursaluna
|move|p1a: Porygon2|Ice Beam|p2b: Dragonite
|-supereffective|p2b: Dragonite
|-damage|p2b: Dragonite|41/100
|move|p2b: Dragonite|Scale Shot|p1a: Porygon2
|-damage|p1a: Porygon2|90/100
|-damage|p1a: Porygon2|80/100
|-damage|p1a: Porygon2|70/100
|-damage|p1a: Porygon2|60/100
|-hitcount|p1a: Porygon2|4
|-unboost|p2b: Dragonite|def|1
|-boost|p2b: Dragonite|spe|1
|
|-heal|p1a: Porygon2|66/100|[from] Grassy Terrain
|-heal|p2a: Rillaboom|66/100|[from] Grassy Terrain
|-fieldend|move: Grassy Terrain
|upkeep
|turn|8
|inactive|ashnext has 30 seconds left.
|
|t:|1757009945
|move|p2b: Dragonite|Extreme Speed|p1a: Porygon2
|-damage|p1a: Porygon2|47/100
|move|p1a: Porygon2|Recover|p1a: Porygon2
|-heal|p1a: Porygon2|97/100
|move|p2a: Rillaboom|Grassy Glide|p1a: Porygon2
|-damage|p1a: Porygon2|78/100
|
|upkeep
|turn|9
|
|t:|1757009963
|move|p1a: Porygon2|Ice Beam|p2a: Rillaboom
|-supereffective|p2a: Rillaboom
|-crit|p2a: Rillaboom
|-damage|p2a: Rillaboom|4/100
|move|p2a: Rillaboom|Wood Hammer|p1a: Porygon2
|-damage|p1a: Porygon2|34/100
|-damage|p2a: Rillaboom|0 fnt|[from] Recoil
|faint|p2a: Rillaboom
|move|p2b: Dragonite|Scale Shot|p1a: Porygon2
|-damage|p1a: Porygon2|24/100
|-damage|p1a: Porygon2|15/100
|-damage|p1a: Porygon2|5/100
|-damage|p1a: Porygon2|0 fnt
|faint|p1a: Porygon2
|-hitcount|p1: Porygon2|4
|
|win|ashnext
