|j|☆Xfede77
|j|☆ZachWeedFanClub
|html|Xfede77ZachWeedFanClub    
|uhtml|bestof|Game 3 of a best-of-3
|t:|1757174434
|gametype|doubles
|player|p1|Xfede77|giovanni|1119
|player|p2|ZachWeedFanClub|gambler|1189
|gen|9
|tier|[Gen 9] VGC 2025 Reg H (Bo3)
|rated|
|rule|Species Clause: Limit one of each Pokémon
|rule|Item Clause: Limit 1 of each item
|clearpoke
|poke|p1|Gothitelle, L50, F|
|poke|p1|Kingdra, L50, F|
|poke|p1|Politoed, L50, M|
|poke|p1|Archaludon, L50, M|
|poke|p1|Incineroar, L50, M|
|poke|p1|Amoonguss, L50, M|
|poke|p2|Ursaluna, L50, M|
|poke|p2|Amoonguss, L50, F|
|poke|p2|Porygon2, L50|
|poke|p2|Incineroar, L50, F|
|poke|p2|Gholdengo, L50|
|poke|p2|Mienshao, L50, M|
|teampreview|4
|showteam|p1|Gothitelle||SitrusBerry|ShadowTag|FakeOut,Psychic,TrickRoom,Protect|||F|||50|,,,,,Dark]Kingdra||LifeOrb|SwiftSwim|WeatherBall,MuddyWater,Protect,DracoMeteor|||F|||50|,,,,,Stellar]Politoed||Leftovers|Drizzle|WeatherBall,Protect,PerishSong,Encore|||M|||50|,,,,,Grass]Archaludon||PowerHerb|Stamina|ElectroShot,Protect,DragonPulse,FlashCannon|||M|||50|,,,,,Electric]Incineroar||SafetyGoggles|Intimidate|FakeOut,KnockOff,PartingShot,Protect|||M|||50|,,,,,Ghost]Amoonguss||EjectButton|Regenerator|Protect,RagePowder,Spore,PollenPuff|||M|||50|,,,,,Fairy
|showteam|p2|Ursaluna||FlameOrb|Guts|Protect,Facade,HeadlongRush,Substitute|||M|||50|,,,,,Ghost]Amoonguss||CovertCloak|Regenerator|RagePowder,Protect,PollenPuff,Spore|||F|||50|,,,,,Electric]Porygon2||Eviolite|Download|Recover,TeraBlast,IceBeam,TrickRoom||||||50|,,,,,Fighting]Incineroar||SafetyGoggles|Intimidate|PartingShot,FlareBlitz,KnockOff,FakeOut|||F|||50|,,,,,Bug]Gholdengo||LifeOrb|GoodasGold|Protect,MakeItRain,ShadowBall,NastyPlot||||||50|,,,,,Water]Mienshao||FocusSash|InnerFocus|CloseCombat,KnockOff,IceSpinner,WideGuard|||M|||50|,,,,,Stellar
|inactive|Battle timer is ON: inactive players will automatically lose when time's up. (requested by ZachWeedFanClub)
|
|t:|1757174452
|teamsize|p1|4
|teamsize|p2|4
|start
|switch|p1a: Archaludon|Archaludon, L50, M|100/100
|switch|p1b: Politoed|Politoed, L50, M, shiny|100/100
|switch|p2a: Amoonguss|Amoonguss, L50, F|100/100
|switch|p2b: Gholdengo|Gholdengo, L50, shiny|100/100
|-weather|RainDance|[from] ability: Drizzle|[of] p1b: Politoed
|turn|1
|
|t:|1757174469
|switch|p1b: Incineroar|Incineroar, L50, M|100/100
|-ability|p1b: Incineroar|Intimidate|boost
|-unboost|p2a: Amoonguss|atk|1
|-unboost|p2b: Gholdengo|atk|1
|move|p1a: Archaludon|Protect|p1a: Archaludon
|-singleturn|p1a: Archaludon|Protect
|move|p2b: Gholdengo|Protect|p2b: Gholdengo
|-singleturn|p2b: Gholdengo|Protect
|move|p2a: Amoonguss|Spore|p1a: Archaludon
|-activate|p1a: Archaludon|move: Protect
|
|-weather|RainDance|[upkeep]
|upkeep
|turn|2
|
|t:|1757174483
|switch|p2b: Ursaluna|Ursaluna, L50, M, shiny|100/100
|move|p1b: Incineroar|Fake Out|p2a: Amoonguss
|-crit|p2a: Amoonguss
|-damage|p2a: Amoonguss|89/100
|move|p1a: Archaludon|Electro Shot||[still]
|-prepare|p1a: Archaludon|Electro Shot
|-boost|p1a: Archaludon|spa|1
|-anim|p1a: Archaludon|Electro Shot|p2b: Ursaluna
|-immune|p2b: Ursaluna
|move|p2a: Amoonguss|Spore|p1a: Archaludon
|-status|p1a: Archaludon|slp|[from] move: Spore
|
|-weather|RainDance|[upkeep]
|-status|p2b: Ursaluna|brn|[from] item: Flame Orb
|upkeep
|turn|3
|inactive|Xfede77 has 30 seconds left.
|
|t:|1757174518
|switch|p1a: Politoed|Politoed, L50, M, shiny|100/100
|switch|p2a: Porygon2|Porygon2, L50, shiny|100/100
|-ability|p2a: Porygon2|Download|boost
|-boost|p2a: Porygon2|atk|1
|-terastallize|p1b: Incineroar|Ghost
|move|p1b: Incineroar|Knock Off|p2b: Ursaluna
|-damage|p2b: Ursaluna|71/100 brn
|-enditem|p2b: Ursaluna|Flame Orb|[from] move: Knock Off|[of] p1b: Incineroar
|move|p2b: Ursaluna|Headlong Rush|p1a: Politoed
|-damage|p1a: Politoed|0 fnt
|-unboost|p2b: Ursaluna|def|1
|-unboost|p2b: Ursaluna|spd|1
|faint|p1a: Politoed
|
|-weather|RainDance|[upkeep]
|-damage|p2b: Ursaluna|65/100 brn|[from] brn
|upkeep
|
|t:|1757174534
|switch|p1a: Kingdra|Kingdra, L50, F|100/100
|turn|4
|
|t:|1757174541
|switch|p2b: Amoonguss|Amoonguss, L50, F|100/100
|move|p1a: Kingdra|Muddy Water|p2b: Amoonguss|[spread] p2b
|-miss|p1a: Kingdra|p2a: Porygon2
|-resisted|p2b: Amoonguss
|-damage|p2b: Amoonguss|74/100
|-damage|p1a: Kingdra|91/100|[from] item: Life Orb
|move|p1b: Incineroar|Knock Off|p2a: Porygon2
|-damage|p2a: Porygon2|77/100
|-enditem|p2a: Porygon2|Eviolite|[from] move: Knock Off|[of] p1b: Incineroar
|move|p2a: Porygon2|Trick Room|p2a: Porygon2
|-fieldstart|move: Trick Room|[of] p2a: Porygon2
|
|-weather|RainDance|[upkeep]
|upkeep
|turn|5
|
|t:|1757174562
|switch|p2a: Ursaluna|Ursaluna, L50, M, shiny|65/100 brn
|switch|p1a: Archaludon|Archaludon, L50, M|100/100 slp
|move|p2b: Amoonguss|Spore|p1a: Archaludon
|-fail|p1a: Archaludon|slp
|move|p1b: Incineroar|Knock Off|p2b: Amoonguss
|-damage|p2b: Amoonguss|46/100
|-enditem|p2b: Amoonguss|Covert Cloak|[from] move: Knock Off|[of] p1b: Incineroar
|
|-weather|none
|-damage|p2a: Ursaluna|60/100 brn|[from] brn
|upkeep
|turn|6
|
|t:|1757174580
|cant|p1a: Archaludon|slp
|move|p2b: Amoonguss|Pollen Puff|p2a: Ursaluna
|-heal|p2a: Ursaluna|100/100 brn
|move|p2a: Ursaluna|Headlong Rush|p1a: Archaludon
|-supereffective|p1a: Archaludon
|-damage|p1a: Archaludon|0 fnt
|-unboost|p2a: Ursaluna|def|1
|-unboost|p2a: Ursaluna|spd|1
|faint|p1a: Archaludon
|move|p1b: Incineroar|Parting Shot|p2a: Ursaluna
|-unboost|p2a: Ursaluna|atk|1
|-unboost|p2a: Ursaluna|spa|1
|
|t:|1757174593
|switch|p1b: Kingdra|Kingdra, L50, F|91/100|[from] Parting Shot
|
|-damage|p2a: Ursaluna|95/100 brn|[from] brn
|upkeep
|
|t:|1757174599
|switch|p1a: Incineroar|Incineroar, L50, M, tera:Ghost|100/100
|-ability|p1a: Incineroar|Intimidate|boost
|-unboost|p2a: Ursaluna|atk|1
|-unboost|p2b: Amoonguss|atk|1
|turn|7
|
|t:|1757174619
|switch|p2a: Gholdengo|Gholdengo, L50, shiny|100/100
|move|p1b: Kingdra|Protect|p1b: Kingdra
|-singleturn|p1b: Kingdra|Protect
|move|p2b: Amoonguss|Spore|p1b: Kingdra
|-activate|p1b: Kingdra|move: Protect
|move|p1a: Incineroar|Knock Off|p2a: Gholdengo
|-supereffective|p2a: Gholdengo
|-damage|p2a: Gholdengo|23/100
|-enditem|p2a: Gholdengo|Life Orb|[from] move: Knock Off|[of] p1a: Incineroar
|
|upkeep
|turn|8
|
|t:|1757174638
|move|p2a: Gholdengo|Protect|p2a: Gholdengo
|-singleturn|p2a: Gholdengo|Protect
|move|p1b: Kingdra|Protect||[still]
|-fail|p1b: Kingdra
|move|p2b: Amoonguss|Spore|p1b: Kingdra
|-status|p1b: Kingdra|slp|[from] move: Spore
|move|p1a: Incineroar|Knock Off|p2b: Amoonguss
|-damage|p2b: Amoonguss|26/100
|
|-fieldend|move: Trick Room
|upkeep
|turn|9
|
|t:|1757174651
|switch|p2b: Porygon2|Porygon2, L50, shiny|77/100
|-ability|p2b: Porygon2|Download|boost
|-boost|p2b: Porygon2|atk|1
|move|p1a: Incineroar|Protect|p1a: Incineroar
|-singleturn|p1a: Incineroar|Protect
|cant|p1b: Kingdra|slp
|move|p2a: Gholdengo|Shadow Ball|p1a: Incineroar
|-activate|p1a: Incineroar|move: Protect
|
|upkeep
|turn|10
|
|t:|1757174669
|cant|p1b: Kingdra|slp
|move|p2a: Gholdengo|Shadow Ball|p1a: Incineroar
|-supereffective|p1a: Incineroar
|-damage|p1a: Incineroar|34/100
|move|p1a: Incineroar|Knock Off|p2b: Porygon2
|-damage|p2b: Porygon2|52/100
|move|p2b: Porygon2|Trick Room|p2b: Porygon2
|-fieldstart|move: Trick Room|[of] p2b: Porygon2
|
|upkeep
|turn|11
|
|t:|1757174685
|move|p2b: Porygon2|Recover|p2b: Porygon2
|-heal|p2b: Porygon2|100/100
|move|p1a: Incineroar|Knock Off|p2a: Gholdengo
|-supereffective|p2a: Gholdengo
|-damage|p2a: Gholdengo|0 fnt
|faint|p2a: Gholdengo
|cant|p1b: Kingdra|slp
|
|upkeep
|
|t:|1757174687
|switch|p2a: Ursaluna|Ursaluna, L50, M, shiny|95/100 brn
|turn|12
|
|t:|1757174699
|move|p2a: Ursaluna|Protect|p2a: Ursaluna
|-singleturn|p2a: Ursaluna|Protect
|move|p1a: Incineroar|Protect|p1a: Incineroar
|-singleturn|p1a: Incineroar|Protect
|move|p2b: Porygon2|Ice Beam|p1a: Incineroar
|-activate|p1a: Incineroar|move: Protect
|-curestatus|p1b: Kingdra|slp|[msg]
|move|p1b: Kingdra|Muddy Water|p2b: Porygon2|[spread] p2b
|-activate|p2a: Ursaluna|move: Protect
|-damage|p2b: Porygon2|67/100
|-unboost|p2b: Porygon2|accuracy|1
|-damage|p1b: Kingdra|81/100|[from] item: Life Orb
|
|-damage|p2a: Ursaluna|89/100 brn|[from] brn
|upkeep
|turn|13
|
|t:|1757174718
|move|p1a: Incineroar|Protect||[still]
|-fail|p1a: Incineroar
|move|p2a: Ursaluna|Facade|p1b: Kingdra
|-damage|p1b: Kingdra|0 fnt
|faint|p1b: Kingdra
|move|p2b: Porygon2|Ice Beam|p1a: Incineroar
|-damage|p1a: Incineroar|18/100
|
|-damage|p2a: Ursaluna|83/100 brn|[from] brn
|upkeep
|turn|14
|
|t:|1757174728
|move|p2a: Ursaluna|Headlong Rush|p1a: Incineroar
|-damage|p1a: Incineroar|0 fnt
|-unboost|p2a: Ursaluna|def|1
|-unboost|p2a: Ursaluna|spd|1
|faint|p1a: Incineroar
|
|win|ZachWeedFanClub
|raw|Xfede77's rating: 1119 → 1099(-20 for losing)
|raw|ZachWeedFanClub's rating: 1189 → 1209(+20 for winning)
|l|☆Xfede77
|player|p1|
