|j|☆Moitamo
|j|☆NotThinkingVGC
|html|MoitamoNotThinkingVGC    
|uhtml|bestof|Game 1 of a best-of-3
|t:|1783425763
|gametype|doubles
|player|p1|Moitamo|101|1149
|player|p2|NotThinkingVGC|volkner|1323
|gen|9
|tier|[Gen 9 Champions] VGC 2026 Reg M-B (Bo3)
|rated|
|rule|Species Clause: Limit one of each Pokémon
|rule|Item Clause: Limit 1 of each item
|clearpoke
|poke|p1|Glimmora, L50, M|
|poke|p1|Whimsicott, L50, F|
|poke|p1|Incineroar, L50, M|
|poke|p1|Staraptor, L50, M|
|poke|p1|Blastoise, L50, M|
|poke|p1|Farigiraf, L50, M|
|poke|p2|Delphox, L50, M|
|poke|p2|Incineroar, L50, F|
|poke|p2|Maushold-Four, L50|
|poke|p2|Sinistcha, L50|
|poke|p2|Sneasler, L50, F|
|poke|p2|Blastoise, L50, M|
|teampreview|4
|showteam|p1|Glimmora||FocusSash|ToxicDebris|PowerGem,SludgeBomb,SpikyShield,EarthPower|Timid||M|||50|]Whimsicott||OccaBerry|Prankster|Moonblast,Charm,Tailwind,Protect|Calm||F|||50|]Incineroar||ChopleBerry|Intimidate|DarkestLariat,FlareBlitz,PartingShot,FakeOut|Brave||M|||50|]Staraptor||Staraptite|Intimidate|BraveBird,CloseCombat,Roost,Protect|Adamant||M|||50|]Blastoise||Blastoisinite|Torrent|FakeOut,WaterSpout,Protect,DarkPulse|Modest||M|||50|]Farigiraf||SitrusBerry|ArmorTail|Psychic,Thunderbolt,Protect,TrickRoom|Serious||M|||50|
|showteam|p2|Delphox||Delphoxite|Blaze|HeatWave,Psychic,NastyPlot,Protect|Timid||M|||50|]Incineroar||PasshoBerry|Intimidate|ThroatChop,FlareBlitz,PartingShot,FakeOut|Impish||F|||50|]Maushold-Four||ChopleBerry|FriendGuard|FollowMe,Feint,HelpingHand,Protect|Impish|||||50|]Sinistcha||KasibBerry|Hospitality|Protect,MatchaGotcha,LifeDew,RagePowder|Bold|||||50|]Sneasler||FocusSash|PoisonTouch|PoisonJab,CloseCombat,FakeOut,QuickGuard|Jolly||F|||50|]Blastoise||Blastoisinite|RainDish|Protect,WaterSpout,DarkPulse,ShellSmash|Modest||M|||50|
|inactive|Battle timer is ON: inactive players will automatically lose when time's up. (requested by NotThinkingVGC)
|inactive|Moitamo also wants the timer to be on.
|inactive|NotThinkingVGC has 60 seconds left.
|inactive|Moitamo has 60 seconds left.
|
|t:|1783425816
|teamsize|p1|4
|teamsize|p2|4
|start
|switch|p1a: Incineroar|Incineroar, L50, M|100/100
|switch|p1b: Farigiraf|Farigiraf, L50, M|100/100
|switch|p2a: Blastoise|Blastoise, L50, M|100/100
|switch|p2b: Sneasler|Sneasler, L50, F|100/100
|-ability|p1a: Incineroar|Intimidate|boost
|-unboost|p2a: Blastoise|atk|1
|-unboost|p2b: Sneasler|atk|1
|turn|1
|
|t:|1783425835
|detailschange|p2a: Blastoise|Blastoise-Mega, L50, M
|-mega|p2a: Blastoise|Blastoise|Blastoisinite
|move|p2b: Sneasler|Quick Guard|p2b: Sneasler
|-singleturn|p2b: Sneasler|Quick Guard
|move|p1a: Incineroar|Fake Out|p2a: Blastoise
|-activate|p2a: Blastoise|move: Quick Guard
|move|p2a: Blastoise|Shell Smash|p2a: Blastoise
|-unboost|p2a: Blastoise|def|1
|-unboost|p2a: Blastoise|spd|1
|-boost|p2a: Blastoise|atk|2
|-boost|p2a: Blastoise|spa|2
|-boost|p2a: Blastoise|spe|2
|move|p1b: Farigiraf|Trick Room|p1b: Farigiraf
|-fieldstart|move: Trick Room|[of] p1b: Farigiraf
|
|upkeep
|turn|2
|
|t:|1783425851
|switch|p2b: Maushold|Maushold-Four, L50|100/100
|move|p2a: Blastoise|Protect|p2a: Blastoise
|-singleturn|p2a: Blastoise|Protect
|move|p1a: Incineroar|Darkest Lariat|p2a: Blastoise
|-activate|p2a: Blastoise|move: Protect
|move|p1b: Farigiraf|Thunderbolt|p2a: Blastoise
|-activate|p2a: Blastoise|move: Protect
|
|upkeep
|turn|3
|
|t:|1783425863
|move|p2b: Maushold|Follow Me|p2b: Maushold
|-singleturn|p2b: Maushold|move: Follow Me
|move|p1a: Incineroar|Flare Blitz|p2b: Maushold
|-damage|p2b: Maushold|43/100
|-damage|p1a: Incineroar|83/100|[from] Recoil
|move|p1b: Farigiraf|Psychic|p2b: Maushold
|-damage|p2b: Maushold|1/100
|move|p2a: Blastoise|Water Spout|p1a: Incineroar|[spread] p1a,p1b
|-supereffective|p1a: Incineroar|1
|-damage|p1a: Incineroar|0 fnt
|-damage|p1b: Farigiraf|0 fnt
|faint|p1a: Incineroar
|faint|p1b: Farigiraf
|
|upkeep
|
|t:|1783425865
|switch|p1a: Blastoise|Blastoise, L50, M|100/100
|switch|p1b: Glimmora|Glimmora, L50, M|100/100
|turn|4
|inactive|NotThinkingVGC has 30 seconds left.
|
|t:|1783425900
|switch|p2b: Sinistcha|Sinistcha, L50|100/100
|detailschange|p1a: Blastoise|Blastoise-Mega, L50, M
|-mega|p1a: Blastoise|Blastoise|Blastoisinite
|move|p2a: Blastoise|Protect|p2a: Blastoise
|-singleturn|p2a: Blastoise|Protect
|move|p1a: Blastoise|Water Spout|p2b: Sinistcha|[spread] p2b
|-activate|p2a: Blastoise|move: Protect
|-resisted|p2b: Sinistcha|1
|-damage|p2b: Sinistcha|67/100
|move|p1b: Glimmora|Sludge Bomb|p2a: Blastoise
|-activate|p2a: Blastoise|move: Protect
|
|upkeep
|turn|5
|
|t:|1783425916
|move|p2b: Sinistcha|Matcha Gotcha|p1b: Glimmora|[spread] p1a,p1b
|-supereffective|p1a: Blastoise|1
|-damage|p1a: Blastoise|61/100
|-heal|p2b: Sinistcha|88/100|[from] drain|[of] p1a: Blastoise
|-damage|p1b: Glimmora|67/100
|-heal|p2b: Sinistcha|100/100|[from] drain|[of] p1b: Glimmora
|move|p1a: Blastoise|Dark Pulse|p2b: Sinistcha
|-supereffective|p2b: Sinistcha|1
|-damage|p2b: Sinistcha|14/100
|move|p1b: Glimmora|Sludge Bomb|p2a: Blastoise
|-damage|p2a: Blastoise|30/100
|move|p2a: Blastoise|Water Spout|p1a: Blastoise|[spread] p1a,p1b
|-resisted|p1a: Blastoise|1
|-supereffective|p1b: Glimmora|1
|-damage|p1a: Blastoise|45/100
|-damage|p1b: Glimmora|0 fnt
|faint|p1b: Glimmora
|
|-fieldend|move: Trick Room
|upkeep
|turn|6
|-message|Moitamo forfeited.
|
|win|NotThinkingVGC
|l|☆Moitamo
|player|p1|
