|j|☆Beh2242
|j|☆pink dragon gaming
|html|Beh2242pink dragon gaming    
|uhtml|bestof|Game 1 of a best-of-3
|t:|1757794779
|gametype|doubles
|player|p1|Beh2242|lucas-gen4pt|1271
|player|p2|pink dragon gaming|2|1216
|gen|9
|tier|[Gen 9] VGC 2025 Reg H (Bo3)
|rated|
|rule|Species Clause: Limit one of each Pokémon
|rule|Item Clause: Limit 1 of each item
|clearpoke
|poke|p1|Garchomp, L50, M|
|poke|p1|Ninetales-Alola, L50, F|
|poke|p1|Dragonite, L50, F|
|poke|p1|Gholdengo, L50|
|poke|p1|Incineroar, L50, F|
|poke|p1|Amoonguss, L50, F|
|poke|p2|Kommo-o, L50, F|
|poke|p2|Smeargle, L50, F|
|poke|p2|Rillaboom, L50, M|
|poke|p2|Whimsicott, L50, F|
|poke|p2|Arcanine-Hisui, L50, M|
|poke|p2|Gholdengo, L50|
|teampreview|4
|showteam|p1|Garchomp||ClearAmulet|RoughSkin|DragonClaw,StompingTantrum,Earthquake,Protect|||M|||50|,,,,,Steel]Ninetales-Alola||ChoiceSpecs|SnowWarning|Blizzard,FreezeDry,Moonblast,DazzlingGleam|||F|||50|,,,,,Ghost]Dragonite||LoadedDice|Multiscale|ScaleShot,Tailwind,Haze,Protect|||F|||50|,,,,,Steel]Gholdengo||LifeOrb|GoodasGold|MakeItRain,ShadowBall,NastyPlot,Protect||||||50|,,,,,Water]Incineroar||SafetyGoggles|Intimidate|FakeOut,FlareBlitz,KnockOff,PartingShot|||F|||50|,,,,,Bug]Amoonguss||SitrusBerry|Regenerator|Spore,PollenPuff,RagePowder,Protect|||F|||50|,,,,,Fire
|showteam|p2|Kommo-o||LifeOrb|Soundproof|ClangingScales,AuraSphere,Flamethrower,Protect|||F|||50|,,,,,Fire]Smeargle||FocusSash|Moody|Spore,Decorate,FollowMe,SpikyShield|||F|||50|,,,,,Ghost]Rillaboom||AssaultVest|GrassySurge|FakeOut,GrassyGlide,WoodHammer,HighHorsepower|||M|||50|,,,,,Ghost]Whimsicott||CovertCloak|Prankster|Moonblast,Tailwind,Encore,FakeTears|||F|||50|,,,,,Electric]Arcanine-Hisui||ClearAmulet|Intimidate|FlareBlitz,RockSlide,ExtremeSpeed,Protect|||M|||50|,,,,,Ghost]Gholdengo||MetalCoat|GoodasGold|MakeItRain,ShadowBall,NastyPlot,Protect||||||50|,,,,,Water
|inactive|Battle timer is ON: inactive players will automatically lose when time's up. (requested by pink dragon gaming)
|c|☆pink dragon gaming|glhf
|
|t:|1757794815
|teamsize|p1|4
|teamsize|p2|4
|start
|switch|p1a: Garchomp|Garchomp, L50, M|100/100
|switch|p1b: Dragonite|Dragonite, L50, F|100/100
|switch|p2a: Whimsicott|Whimsicott, L50, F, shiny|100/100
|switch|p2b: Kommo-o|Kommo-o, L50, F, shiny|100/100
|turn|1
|inactive|pink dragon gaming has 30 seconds left.
|
|t:|1757794841
|switch|p1a: Ninetales|Ninetales-Alola, L50, F|100/100
|-weather|Snowscape|[from] ability: Snow Warning|[of] p1a: Ninetales
|move|p2a: Whimsicott|Tailwind|p2a: Whimsicott
|-sidestart|p2: pink dragon gaming|move: Tailwind
|move|p2b: Kommo-o|Clanging Scales|p1a: Ninetales|[spread] p1b
|-immune|p1a: Ninetales
|-supereffective|p1b: Dragonite
|-damage|p1b: Dragonite|43/100
|-unboost|p2b: Kommo-o|def|1
|-damage|p2b: Kommo-o|91/100|[from] item: Life Orb
|move|p1b: Dragonite|Tailwind|p1b: Dragonite
|-sidestart|p1: Beh2242|move: Tailwind
|
|-weather|Snowscape|[upkeep]
|upkeep
|turn|2
|inactive|Beh2242 has 30 seconds left.
|inactive|Beh2242 has 20 seconds left.
|inactive|Beh2242 has 15 seconds left.
|
|t:|1757794883
|switch|p2a: Arcanine|Arcanine-Hisui, L50, M|100/100
|-ability|p2a: Arcanine|Intimidate|boost
|-unboost|p1a: Ninetales|atk|1
|-unboost|p1b: Dragonite|atk|1
|-terastallize|p1a: Ninetales|Ghost
|-terastallize|p2b: Kommo-o|Fire
|move|p1a: Ninetales|Blizzard|p2a: Arcanine|[spread] p2a,p2b
|-resisted|p2a: Arcanine
|-resisted|p2b: Kommo-o
|-damage|p2a: Arcanine|74/100
|-damage|p2b: Kommo-o|66/100
|move|p2b: Kommo-o|Flamethrower|p1a: Ninetales
|-damage|p1a: Ninetales|35/100
|-damage|p2b: Kommo-o|56/100|[from] item: Life Orb
|move|p1b: Dragonite|Scale Shot|p2b: Kommo-o
|-damage|p2b: Kommo-o|40/100
|-damage|p2b: Kommo-o|24/100
|-damage|p2b: Kommo-o|10/100
|-damage|p2b: Kommo-o|0 fnt
|faint|p2b: Kommo-o
|-hitcount|p2: Kommo-o|4
|-unboost|p1b: Dragonite|def|1
|-boost|p1b: Dragonite|spe|1
|
|-weather|Snowscape|[upkeep]
|upkeep
|
|t:|1757794901
|switch|p2b: Gholdengo|Gholdengo, L50|100/100
|turn|3
|
|t:|1757794919
|switch|p1b: Garchomp|Garchomp, L50, M|100/100
|switch|p1a: Incineroar|Incineroar, L50, F|100/100
|-ability|p1a: Incineroar|Intimidate|boost
|-fail|p2a: Arcanine|unboost|[from] item: Clear Amulet|[of] p2a: Arcanine
|-unboost|p2b: Gholdengo|atk|1
|move|p2a: Arcanine|Rock Slide|p1b: Garchomp|[spread] p1a,p1b
|-supereffective|p1a: Incineroar
|-resisted|p1b: Garchomp
|-damage|p1a: Incineroar|48/100
|-damage|p1b: Garchomp|87/100
|move|p2b: Gholdengo|Nasty Plot|p2b: Gholdengo
|-boost|p2b: Gholdengo|spa|2
|
|-weather|Snowscape|[upkeep]
|upkeep
|turn|4
|inactive|Beh2242 has 30 seconds left.
|inactive|Beh2242 has 20 seconds left.
|
|t:|1757794958
|move|p1a: Incineroar|Fake Out|p2a: Arcanine
|-resisted|p2a: Arcanine
|-damage|p2a: Arcanine|67/100
|move|p1b: Garchomp|Stomping Tantrum|p2b: Gholdengo
|-supereffective|p2b: Gholdengo
|-damage|p2b: Gholdengo|23/100
|cant|p2a: Arcanine|flinch
|move|p2b: Gholdengo|Make It Rain|p1a: Incineroar|[spread] p1a,p1b
|-resisted|p1a: Incineroar
|-damage|p1a: Incineroar|3/100
|-damage|p1b: Garchomp|0 fnt
|-unboost|p2b: Gholdengo|spa|1
|faint|p1b: Garchomp
|
|-weather|Snowscape|[upkeep]
|-sideend|p1: Beh2242|move: Tailwind
|-sideend|p2: pink dragon gaming|move: Tailwind
|upkeep
|
|t:|1757794975
|switch|p1b: Dragonite|Dragonite, L50, F|43/100
|turn|5
|
|t:|1757794986
|switch|p1a: Ninetales|Ninetales-Alola, L50, F, tera:Ghost|35/100
|move|p1b: Dragonite|Protect|p1b: Dragonite
|-singleturn|p1b: Dragonite|Protect
|move|p2b: Gholdengo|Protect|p2b: Gholdengo
|-singleturn|p2b: Gholdengo|Protect
|move|p2a: Arcanine|Rock Slide|p1a: Ninetales|[spread] p1a
|-activate|p1b: Dragonite|move: Protect
|-damage|p1a: Ninetales|0 fnt
|faint|p1a: Ninetales
|
|-weather|none
|upkeep
|
|t:|1757794997
|switch|p1a: Incineroar|Incineroar, L50, F|3/100
|-ability|p1a: Incineroar|Intimidate|boost
|-fail|p2a: Arcanine|unboost|[from] item: Clear Amulet|[of] p2a: Arcanine
|-unboost|p2b: Gholdengo|atk|1
|turn|6
|
|t:|1757795006
|move|p1a: Incineroar|Fake Out|p2a: Arcanine
|-resisted|p2a: Arcanine
|-damage|p2a: Arcanine|60/100
|cant|p2a: Arcanine|flinch
|move|p1b: Dragonite|Scale Shot|p2b: Gholdengo
|-resisted|p2b: Gholdengo
|-damage|p2b: Gholdengo|17/100
|-resisted|p2b: Gholdengo
|-damage|p2b: Gholdengo|9/100
|-resisted|p2b: Gholdengo
|-damage|p2b: Gholdengo|3/100
|-resisted|p2b: Gholdengo
|-damage|p2b: Gholdengo|0 fnt
|faint|p2b: Gholdengo
|-hitcount|p2: Gholdengo|4
|-unboost|p1b: Dragonite|def|1
|-boost|p1b: Dragonite|spe|1
|
|upkeep
|
|t:|1757795013
|switch|p2b: Whimsicott|Whimsicott, L50, F, shiny|100/100
|turn|7
|
|t:|1757795026
|move|p1b: Dragonite|Protect|p1b: Dragonite
|-singleturn|p1b: Dragonite|Protect
|move|p2b: Whimsicott|Moonblast|p1a: Incineroar
|-damage|p1a: Incineroar|0 fnt
|faint|p1a: Incineroar
|move|p2a: Arcanine|Rock Slide|p1b: Dragonite
|-activate|p1b: Dragonite|move: Protect
|
|upkeep
|turn|8
|c|☆pink dragon gaming|ggwp
|-message|Beh2242 forfeited.
|
|win|pink dragon gaming
|l|☆Beh2242
|player|p1|
||Beh2242 is ready for game 2.
||pink dragon gaming is ready for game 2.
|uhtml|next|Next: Game 2 of 3
