|j|☆Klerion
|j|☆yoobman
|html|Klerionyoobman    
|uhtml|bestof|Game 2 of a best-of-3
|t:|1757636152
|gametype|doubles
|player|p1|Klerion|scientist-gen4|1152
|player|p2|yoobman|265|1090
|gen|9
|tier|[Gen 9] VGC 2025 Reg H (Bo3)
|rated|
|rule|Species Clause: Limit one of each Pokémon
|rule|Item Clause: Limit 1 of each item
|clearpoke
|poke|p1|Pyroar, L50, F|
|poke|p1|Annihilape, L50, M|
|poke|p1|Murkrow, L50, F|
|poke|p1|Maushold-Four, L50|
|poke|p1|Milotic, L50, F|
|poke|p1|Garchomp, L50, M|
|poke|p2|Gholdengo, L50|
|poke|p2|Incineroar, L50, M|
|poke|p2|Farigiraf, L50, F|
|poke|p2|Baxcalibur, L50, F|
|poke|p2|Primarina, L50, M|
|poke|p2|Murkrow, L50, F|
|teampreview|4
|showteam|p1|Pyroar||FocusSash|Rivalry|Protect,HeatWave,HyperVoice,WillOWisp|||F|||50|,,,,,Fire]Annihilape||Leftovers|Defiant|Protect,Coaching,CloseCombat,RageFist|||M|||50|,,,,,Fire]Murkrow||Eviolite|Prankster|Protect,Tailwind,Taunt,FoulPlay|||F|||50|,,,,,Dark]Maushold-Four||WideLens|Technician|Protect,FollowMe,BeatUp,PopulationBomb||||||50|,,,,,Ghost]Milotic||AssaultVest|Competitive|AlluringVoice,MuddyWater,Scald,IceBeam|||F|||50|,,,,,Grass]Garchomp||LifeOrb|RoughSkin|Protect,StompingTantrum,DragonClaw,Earthquake|||M|||50|,,,,,Ground
|showteam|p2|Gholdengo||SitrusBerry|GoodasGold|NastyPlot,MakeItRain,ShadowBall,Protect||||||50|,,,,,Water]Incineroar||SafetyGoggles|Intimidate|FakeOut,PartingShot,FlareBlitz,KnockOff|||M|||50|,,,,,Water]Farigiraf||Leftovers|ArmorTail|TrickRoom,HelpingHand,Protect,Psychic|||F|||50|,,,,,Dark]Baxcalibur||LoadedDice|ThermalExchange|IceShard,IcicleSpear,ScaleShot,Protect|||F|||50|,,,,,Steel]Primarina||ChoiceSpecs|LiquidVoice|HyperVoice,Moonblast,DazzlingGleam,DrainingKiss|||M|||50|,,,,,Water]Murkrow||FocusSash|Prankster|RainDance,Tailwind,Taunt,IcyWind|||F|||50|,,,,,Ghost
|
|t:|1757636191
|teamsize|p1|4
|teamsize|p2|4
|start
|switch|p1a: Murkrow|Murkrow, L50, F|100/100
|switch|p1b: Maushold|Maushold-Four, L50|100/100
|switch|p2a: Primarina|Primarina, L50, M|100/100
|switch|p2b: Murkrow|Murkrow, L50, F|100/100
|turn|1
|
|t:|1757636209
|move|p2b: Murkrow|Tailwind|p2b: Murkrow
|-sidestart|p2: yoobman|move: Tailwind
|move|p1a: Murkrow|Tailwind|p1a: Murkrow
|-sidestart|p1: Klerion|move: Tailwind
|move|p1b: Maushold|Population Bomb|p2a: Primarina
|-damage|p2a: Primarina|85/100
|-damage|p2a: Primarina|70/100
|-damage|p2a: Primarina|55/100
|-damage|p2a: Primarina|40/100
|-damage|p2a: Primarina|26/100
|-damage|p2a: Primarina|10/100
|-damage|p2a: Primarina|0 fnt
|faint|p2a: Primarina
|-hitcount|p2: Primarina|7
|
|upkeep
|
|t:|1757636223
|switch|p2a: Incineroar|Incineroar, L50, M|100/100
|-ability|p2a: Incineroar|Intimidate|boost
|-unboost|p1a: Murkrow|atk|1
|-unboost|p1b: Maushold|atk|1
|turn|2
|
|t:|1757636262
|switch|p1b: Milotic|Milotic, L50, F|100/100
|switch|p2b: Baxcalibur|Baxcalibur, L50, F|100/100
|move|p2a: Incineroar|Fake Out|p1b: Milotic
|-damage|p1b: Milotic|88/100
|move|p1a: Murkrow|Foul Play|p2b: Baxcalibur
|-damage|p2b: Baxcalibur|49/100
|
|upkeep
|turn|3
|
|t:|1757636306
|switch|p1a: Annihilape|Annihilape, L50, M|100/100
|-terastallize|p2a: Incineroar|Water
|move|p2b: Baxcalibur|Scale Shot|p1b: Milotic
|-damage|p1b: Milotic|73/100
|-damage|p1b: Milotic|58/100
|-damage|p1b: Milotic|43/100
|-damage|p1b: Milotic|28/100
|-hitcount|p1b: Milotic|4
|-unboost|p2b: Baxcalibur|def|1
|-boost|p2b: Baxcalibur|spe|1
|move|p1b: Milotic|Scald|p2a: Incineroar
|-resisted|p2a: Incineroar
|-damage|p2a: Incineroar|86/100
|move|p2a: Incineroar|Knock Off|p1a: Annihilape
|-damage|p1a: Annihilape|57/100
|-enditem|p1a: Annihilape|Leftovers|[from] move: Knock Off|[of] p2a: Incineroar
|
|upkeep
|turn|4
|
|t:|1757636354
|move|p1a: Annihilape|Protect|p1a: Annihilape
|-singleturn|p1a: Annihilape|Protect
|move|p2b: Baxcalibur|Icicle Spear|p1a: Annihilape
|-activate|p1a: Annihilape|move: Protect
|move|p1b: Milotic|Alluring Voice|p2b: Baxcalibur
|-supereffective|p2b: Baxcalibur
|-damage|p2b: Baxcalibur|8/100
|move|p2a: Incineroar|Parting Shot|p1b: Milotic
|-unboost|p1b: Milotic|atk|1
|-ability|p1b: Milotic|Competitive|boost
|-boost|p1b: Milotic|spa|2
|-unboost|p1b: Milotic|spa|1
|-ability|p1b: Milotic|Competitive|boost
|-boost|p1b: Milotic|spa|2
|
|t:|1757636369
|switch|p2a: Murkrow|Murkrow, L50, F|100/100|[from] Parting Shot
|
|-sideend|p2: yoobman|move: Tailwind
|-sideend|p1: Klerion|move: Tailwind
|upkeep
|turn|5
|
|t:|1757636401
|move|p2a: Murkrow|Tailwind|p2a: Murkrow
|-sidestart|p2: yoobman|move: Tailwind
|move|p2b: Baxcalibur|Scale Shot|p1a: Annihilape
|-crit|p1a: Annihilape
|-damage|p1a: Annihilape|33/100
|-damage|p1a: Annihilape|18/100
|-damage|p1a: Annihilape|2/100
|-crit|p1a: Annihilape
|-damage|p1a: Annihilape|0 fnt
|faint|p1a: Annihilape
|-hitcount|p1: Annihilape|4
|-unboost|p2b: Baxcalibur|def|1
|-boost|p2b: Baxcalibur|spe|1
|move|p1b: Milotic|Muddy Water|p2a: Murkrow|[spread] p2a,p2b
|-resisted|p2b: Baxcalibur
|-enditem|p2a: Murkrow|Focus Sash
|-damage|p2a: Murkrow|1/100
|-damage|p2b: Baxcalibur|0 fnt
|-unboost|p2a: Murkrow|accuracy|1
|faint|p2b: Baxcalibur
|
|upkeep
|
|t:|1757636414
|switch|p1a: Murkrow|Murkrow, L50, F|100/100
|switch|p2b: Incineroar|Incineroar, L50, M, tera:Water|86/100
|-ability|p2b: Incineroar|Intimidate|boost
|-unboost|p1a: Murkrow|atk|1
|-unboost|p1b: Milotic|atk|1
|-ability|p1b: Milotic|Competitive|boost
|-boost|p1b: Milotic|spa|2
|turn|6
|
|t:|1757636433
|move|p2b: Incineroar|Fake Out|p1b: Milotic
|-damage|p1b: Milotic|17/100
|move|p1a: Murkrow|Tailwind|p1a: Murkrow
|-sidestart|p1: Klerion|move: Tailwind
|move|p2a: Murkrow|Icy Wind|p1b: Milotic|[spread] p1a,p1b
|-supereffective|p1a: Murkrow
|-resisted|p1b: Milotic
|-damage|p1a: Murkrow|81/100
|-damage|p1b: Milotic|15/100
|-unboost|p1a: Murkrow|spe|1
|-unboost|p1b: Milotic|spe|1
|-ability|p1b: Milotic|Competitive|boost
|-boost|p1b: Milotic|spa|1
|cant|p1b: Milotic|flinch
|
|upkeep
|turn|7
|
|t:|1757636453
|move|p2a: Murkrow|Icy Wind|p1a: Murkrow|[spread] p1a,p1b
|-supereffective|p1a: Murkrow
|-resisted|p1b: Milotic
|-damage|p1a: Murkrow|61/100
|-damage|p1b: Milotic|13/100
|-unboost|p1a: Murkrow|spe|1
|-unboost|p1b: Milotic|spe|1
|-boost|p1b: Milotic|spa|0
|move|p2b: Incineroar|Knock Off|p1b: Milotic
|-damage|p1b: Milotic|0 fnt
|-enditem|p1b: Milotic|Assault Vest|[from] move: Knock Off|[of] p2b: Incineroar
|faint|p1b: Milotic
|move|p1a: Murkrow|Foul Play|p2a: Murkrow
|-resisted|p2a: Murkrow
|-damage|p2a: Murkrow|0 fnt
|faint|p2a: Murkrow
|
|upkeep
|
|t:|1757636464
|switch|p1b: Maushold|Maushold-Four, L50|100/100
|turn|8
|
|t:|1757636483
|move|p1a: Murkrow|Protect|p1a: Murkrow
|-singleturn|p1a: Murkrow|Protect
|move|p1b: Maushold|Protect|p1b: Maushold
|-singleturn|p1b: Maushold|Protect
|move|p2b: Incineroar|Knock Off|p1b: Maushold
|-activate|p1b: Maushold|move: Protect
|
|-sideend|p2: yoobman|move: Tailwind
|upkeep
|turn|9
|
|t:|1757636494
|move|p1b: Maushold|Population Bomb|p2b: Incineroar
|-damage|p2b: Incineroar|75/100
|-damage|p2b: Incineroar|63/100
|-damage|p2b: Incineroar|52/100
|-crit|p2b: Incineroar
|-damage|p2b: Incineroar|36/100
|-damage|p2b: Incineroar|24/100
|-damage|p2b: Incineroar|12/100
|-damage|p2b: Incineroar|1/100
|-damage|p2b: Incineroar|0 fnt
|faint|p2b: Incineroar
|-hitcount|p2: Incineroar|8
|
|win|Klerion
||Klerion is ready for game 3.
||yoobman is ready for game 3.
|uhtml|next|Next: Game 3 of 3
