|j|☆we_are_toasted
|j|‽lemons2738
|html|we_are_toastedlemons2738    
|uhtml|bestof|Game 2 of a best-of-3
|t:|1784683277
|gametype|doubles
|player|p1|we_are_toasted|102|1356
|player|p2|lemons2738|benga|1336
|gen|9
|tier|[Gen 9 Champions] VGC 2026 Reg M-B (Bo3)
|rated|
|rule|Species Clause: Limit one of each Pokémon
|rule|Item Clause: Limit 1 of each item
|clearpoke
|poke|p1|Froslass, L50, F|
|poke|p1|Sneasler, L50, F, shiny|
|poke|p1|Lycanroc-Dusk, L50, M, shiny|
|poke|p1|Basculegion, L50, M|
|poke|p1|Kingambit, L50, M, shiny|
|poke|p1|Scovillain, L50, M, shiny|
|poke|p2|Tyranitar, L50, M|
|poke|p2|Excadrill, L50, M|
|poke|p2|Gholdengo, L50|
|poke|p2|Sinistcha, L50|
|poke|p2|Milotic, L50, F|
|poke|p2|Staraptor, L50, M|
|teampreview|4
|showteam|p1|Froslass||Froslassite|CursedBody|Blizzard,ShadowBall,AuroraVeil,Protect|Timid||F|||50|]Sneasler||WhiteHerb|Unburden|FakeOut,CloseCombat,GunkShot,Protect|Adamant||F|||50|]Lycanroc-Dusk||FocusSash|ToughClaws|RockSlide,CloseCombat,Accelerock,Protect|Adamant||M|||50|]Basculegion||SitrusBerry|Adaptability|AquaJet,LastRespects,WaveCrash,Protect|Adamant||M|||50|]Kingambit||LifeOrb|Defiant|SuckerPunch,KowtowCleave,SwordsDance,Protect|Adamant||M|||50|]Scovillain||Scovillainite|Moody|GigaDrain,RagePowder,Overheat,Protect|Bold||M|||50|
|showteam|p2|Tyranitar||Tyranitarite|SandStream|RockSlide,KnockOff,LowKick,Protect|Adamant||M|||50|]Excadrill||FocusSash|SandRush|IronHead,HighHorsepower,RockSlide,Protect|Adamant||M|||50|]Gholdengo||LifeOrb|GoodasGold|ShadowBall,MakeItRain,NastyPlot,Protect|Modest|||||50|]Sinistcha||ColburBerry|Hospitality|MatchaGotcha,RagePowder,TrickRoom,Protect|Bold|||||50|]Milotic||SitrusBerry|Competitive|Scald,IceBeam,Recover,Protect|Modest||F|||50|]Staraptor||Staraptite|Intimidate|BraveBird,CloseCombat,Tailwind,Protect|Jolly||M|||50|
|inactive|Battle timer is ON: inactive players will automatically lose when time's up. (requested by lemons2738)
|
|t:|1784683303
|teamsize|p1|4
|teamsize|p2|4
|start
|switch|p1a: Scovillain|Scovillain, L50, M, shiny|100/100
|switch|p1b: Basculegion|Basculegion, L50, M|100/100
|switch|p2a: Milotic|Milotic, L50, F|100/100
|switch|p2b: Tyranitar|Tyranitar, L50, M|100/100
|-weather|Sandstorm|[from] ability: Sand Stream|[of] p2b: Tyranitar
|turn|1
|inactive|we_are_toasted has 30 seconds left.
|inactive|lemons2738 has 30 seconds left.
|inactive|lemons2738 has 20 seconds left.
|inactive|we_are_toasted has 20 seconds left.
|inactive|lemons2738 has 15 seconds left.
|inactive|we_are_toasted has 15 seconds left.
|inactive|lemons2738 has 10 seconds left.
|inactive|lemons2738 has 5 seconds left.
|
|t:|1784683358
|detailschange|p1a: Scovillain|Scovillain-Mega, L50, M, shiny
|-mega|p1a: Scovillain|Scovillain|Scovillainite
|move|p1a: Scovillain|Rage Powder|p1a: Scovillain
|-singleturn|p1a: Scovillain|move: Rage Powder
|move|p2a: Milotic|Scald|p1a: Scovillain
|-damage|p1a: Scovillain|64/100
|-status|p2a: Milotic|brn|[from] ability: Spicy Spray|[of] p1a: Scovillain
|move|p2b: Tyranitar|Rock Slide|p1b: Basculegion|[spread] p1a,p1b
|-supereffective|p1a: Scovillain|1
|-damage|p1a: Scovillain|11/100
|-damage|p1b: Basculegion|73/100
|-status|p2b: Tyranitar|brn|[from] ability: Spicy Spray|[of] p1a: Scovillain
|cant|p1b: Basculegion|flinch
|
|-weather|Sandstorm|[upkeep]
|-damage|p2a: Milotic|94/100 brn|[from] Sandstorm
|-damage|p1a: Scovillain|5/100|[from] Sandstorm
|-damage|p1b: Basculegion|67/100|[from] Sandstorm
|-damage|p2a: Milotic|88/100 brn|[from] brn
|-damage|p2b: Tyranitar|93/100 brn|[from] brn
|upkeep
|turn|2
|inactive|we_are_toasted has 30 seconds left.
|inactive|we_are_toasted has 20 seconds left.
|inactive|we_are_toasted has 15 seconds left.
|
|t:|1784683403
|move|p2a: Milotic|Protect|p2a: Milotic
|-singleturn|p2a: Milotic|Protect
|move|p2b: Tyranitar|Protect|p2b: Tyranitar
|-singleturn|p2b: Tyranitar|Protect
|move|p1a: Scovillain|Rage Powder|p1a: Scovillain
|-singleturn|p1a: Scovillain|move: Rage Powder
|move|p1b: Basculegion|Last Respects|p2a: Milotic
|-activate|p2a: Milotic|move: Protect
|
|-weather|Sandstorm|[upkeep]
|-damage|p2a: Milotic|82/100 brn|[from] Sandstorm
|-damage|p1a: Scovillain|0 fnt|[from] Sandstorm
|-damage|p1b: Basculegion|61/100|[from] Sandstorm
|faint|p1a: Scovillain
|-damage|p2a: Milotic|76/100 brn|[from] brn
|-damage|p2b: Tyranitar|87/100 brn|[from] brn
|upkeep
|
|t:|1784683406
|switch|p1a: Lycanroc|Lycanroc-Dusk, L50, M, shiny|100/100
|turn|3
|inactive|lemons2738 has 30 seconds left.
|inactive|we_are_toasted has 30 seconds left.
|inactive|lemons2738 has 20 seconds left.
|inactive|lemons2738 has 15 seconds left.
|inactive|lemons2738 has 10 seconds left.
|
|t:|1784683454
|switch|p2b: Gholdengo|Gholdengo, L50|100/100
|move|p1a: Lycanroc|Rock Slide|p2b: Gholdengo|[spread] p2a,p2b
|-resisted|p2b: Gholdengo|1
|-damage|p2a: Milotic|49/100 brn
|-damage|p2b: Gholdengo|83/100
|-enditem|p2a: Milotic|Sitrus Berry|[eat]
|-heal|p2a: Milotic|74/100 brn|[from] item: Sitrus Berry
|move|p2a: Milotic|Scald|p1a: Lycanroc
|-supereffective|p1a: Lycanroc|1
|-damage|p1a: Lycanroc|28/100
|-status|p1a: Lycanroc|brn
|move|p1b: Basculegion|Last Respects|p2a: Milotic
|-damage|p2a: Milotic|17/100 brn
|
|-weather|Sandstorm|[upkeep]
|-damage|p2a: Milotic|11/100 brn|[from] Sandstorm
|-damage|p1b: Basculegion|55/100|[from] Sandstorm
|-damage|p1a: Lycanroc|22/100 brn|[from] brn
|-damage|p2a: Milotic|5/100 brn|[from] brn
|upkeep
|turn|4
|inactive|we_are_toasted has 30 seconds left.
|inactive|lemons2738 has 30 seconds left.
|
|t:|1784683481
|switch|p1b: Kingambit|Kingambit, L50, M, shiny|100/100
|move|p1a: Lycanroc|Protect|p1a: Lycanroc
|-singleturn|p1a: Lycanroc|Protect
|move|p2b: Gholdengo|Shadow Ball|p1b: Kingambit
|-resisted|p1b: Kingambit|1
|-damage|p1b: Kingambit|75/100
|-unboost|p1b: Kingambit|spd|1
|-ability|p1b: Kingambit|Defiant|boost
|-boost|p1b: Kingambit|atk|2
|-damage|p2b: Gholdengo|73/100|[from] item: Life Orb
|move|p2a: Milotic|Scald|p1a: Lycanroc
|-activate|p1a: Lycanroc|move: Protect
|
|-weather|Sandstorm|[upkeep]
|-damage|p2a: Milotic|0 fnt|[from] Sandstorm
|faint|p2a: Milotic
|-damage|p1a: Lycanroc|16/100 brn|[from] brn
|upkeep
|
|t:|1784683497
|switch|p2a: Excadrill|Excadrill, L50, M|100/100
|turn|5
|inactive|we_are_toasted has 30 seconds left.
|inactive|we_are_toasted has 20 seconds left.
|inactive|we_are_toasted has 15 seconds left.
|inactive|we_are_toasted has 10 seconds left.
|inactive|we_are_toasted has 5 seconds left.
|
|t:|1784683549
|move|p2a: Excadrill|Protect|p2a: Excadrill
|-singleturn|p2a: Excadrill|Protect
|move|p1b: Kingambit|Sucker Punch||[still]
|-fail|p1b: Kingambit
|move|p1a: Lycanroc|Close Combat|p2b: Gholdengo
|-immune|p2b: Gholdengo
|move|p2b: Gholdengo|Make It Rain|p1a: Lycanroc|[spread] p1b
|-miss|p2b: Gholdengo|p1a: Lycanroc
|-resisted|p1b: Kingambit|1
|-damage|p1b: Kingambit|25/100
|-unboost|p2b: Gholdengo|spa|2
|-damage|p2b: Gholdengo|64/100|[from] item: Life Orb
|
|-weather|none
|-damage|p1a: Lycanroc|10/100 brn|[from] brn
|upkeep
|turn|6
|
|t:|1784683566
|switch|p2a: Tyranitar|Tyranitar, L50, M|87/100 brn
|-weather|Sandstorm|[from] ability: Sand Stream|[of] p2a: Tyranitar
|move|p1a: Lycanroc|Accelerock|p2a: Tyranitar
|-damage|p2a: Tyranitar|74/100 brn
|move|p1b: Kingambit|Sucker Punch||[still]
|-fail|p1b: Kingambit
|move|p2b: Gholdengo|Make It Rain|p1a: Lycanroc|[spread] p1a,p1b
|-supereffective|p1a: Lycanroc|1
|-resisted|p1b: Kingambit|1
|-damage|p1a: Lycanroc|0 fnt
|-damage|p1b: Kingambit|2/100
|-unboost|p2b: Gholdengo|spa|2
|faint|p1a: Lycanroc
|-damage|p2b: Gholdengo|54/100|[from] item: Life Orb
|
|-weather|Sandstorm|[upkeep]
|-damage|p2a: Tyranitar|68/100 brn|[from] brn
|upkeep
|
|t:|1784683569
|switch|p1a: Basculegion|Basculegion, L50, M|55/100
|turn|7
|
|t:|1784683584
|move|p1b: Kingambit|Sucker Punch|p2b: Gholdengo
|-supereffective|p2b: Gholdengo|1
|-damage|p2b: Gholdengo|0 fnt
|faint|p2b: Gholdengo
|-damage|p1b: Kingambit|0 fnt|[from] item: Life Orb
|faint|p1b: Kingambit
|move|p2a: Tyranitar|Knock Off|p1a: Basculegion
|-supereffective|p1a: Basculegion|1
|-damage|p1a: Basculegion|7/100
|-enditem|p1a: Basculegion|Sitrus Berry|[from] move: Knock Off|[of] p2a: Tyranitar
|move|p1a: Basculegion|Wave Crash|p2a: Tyranitar
|-supereffective|p2a: Tyranitar|1
|-crit|p2a: Tyranitar
|-damage|p2a: Tyranitar|0 fnt
|faint|p2a: Tyranitar
|-damage|p1a: Basculegion|0 fnt|[from] Recoil
|faint|p1a: Basculegion
|
|win|lemons2738
