|j|☆Fenozi
|j|☆CiaoKombucha
|html|FenoziCiaoKombucha    
|uhtml|bestof|Game 2 of a best-of-3
|t:|1755950893
|gametype|doubles
|player|p1|Fenozi|veteran|1280
|player|p2|CiaoKombucha|169|1314
|gen|9
|tier|[Gen 9] VGC 2025 Reg H (Bo3)
|rated|
|rule|Species Clause: Limit one of each Pokémon
|rule|Item Clause: Limit 1 of each item
|clearpoke
|poke|p1|Pelipper, L50, M|
|poke|p1|Incineroar, L50, F|
|poke|p1|Sinistcha, L50|
|poke|p1|Ursaluna, L50, F|
|poke|p1|Dragonite, L50, F|
|poke|p1|Archaludon, L50, M|
|poke|p2|Annihilape, L50, M|
|poke|p2|Maushold, L50|
|poke|p2|Gholdengo, L50|
|poke|p2|Tyranitar, L50, M|
|poke|p2|Volcarona, L50, M|
|poke|p2|Rillaboom, L50, F|
|teampreview|4
|showteam|p1|Pelipper||FocusSash|Drizzle|MuddyWater,Hurricane,Tailwind,Protect|||M|||50|,,,,,Ghost]Incineroar||SafetyGoggles|Intimidate|KnockOff,Taunt,PartingShot,FakeOut|||F|||50|,,,,,Ghost]Sinistcha||SitrusBerry|Hospitality|MatchaGotcha,LifeDew,RagePowder,TrickRoom||||||50|,,,,,Dark]Ursaluna||FlameOrb|Guts|Facade,HeadlongRush,Earthquake,Protect|||F|||50|,,,,,Ghost]Dragonite||LoadedDice|Multiscale|ScaleShot,Haze,Tailwind,Protect|||F|||50|,,,,,Steel]Archaludon||AssaultVest|Stamina|ElectroShot,FlashCannon,Snarl,BodyPress|||M|||50|,,,,,Bug
|showteam|p2|Annihilape||SitrusBerry|Defiant|DrainPunch,RageFist,BulkUp,Protect|||M|||50|,,,,,Water]Maushold||RockyHelmet|FriendGuard|BeatUp,Taunt,FollowMe,Protect||||||50|,,,,,Ghost]Gholdengo||LifeOrb|GoodasGold|MakeItRain,ShadowBall,NastyPlot,Protect||||||50|,,,,,Water]Tyranitar||AssaultVest|SandStream|RockSlide,KnockOff,LowKick,TeraBlast|||M|||50|,,,,,Flying]Volcarona||CovertCloak|FlameBody|Overheat,StruggleBug,WillOWisp,Tailwind|||M|||50|,,,,,Fairy]Rillaboom||MiracleSeed|GrassySurge|WoodHammer,GrassyGlide,FakeOut,Protect|||F|||50|,,,,,Grass
|inactive|Battle timer is ON: inactive players will automatically lose when time's up. (requested by Fenozi)
|inactive|Fenozi has 60 seconds left.
|inactive|Fenozi has 30 seconds left.
|
|t:|1755950963
|teamsize|p1|4
|teamsize|p2|4
|start
|switch|p1a: Archaludon|Archaludon, L50, M|100/100
|switch|p1b: Ursaluna|Ursaluna, L50, F|100/100
|switch|p2a: Volcarona|Volcarona, L50, M|100/100
|switch|p2b: Gholdengo|Gholdengo, L50|100/100
|turn|1
|inactive|Fenozi has 30 seconds left.
|inactive|CiaoKombucha has 30 seconds left.
|inactive|Fenozi has 20 seconds left.
|inactive|Fenozi has 15 seconds left.
|
|t:|1755951005
|switch|p1b: Pelipper|Pelipper, L50, M|100/100
|-weather|RainDance|[from] ability: Drizzle|[of] p1b: Pelipper
|move|p2a: Volcarona|Overheat|p1b: Pelipper
|-resisted|p1b: Pelipper
|-damage|p1b: Pelipper|77/100
|-unboost|p2a: Volcarona|spa|2
|move|p2b: Gholdengo|Make It Rain|p1a: Archaludon|[spread] p1a,p1b
|-resisted|p1a: Archaludon
|-resisted|p1b: Pelipper
|-damage|p1a: Archaludon|78/100
|-damage|p1b: Pelipper|26/100
|-unboost|p2b: Gholdengo|spa|1
|-ability|p1a: Archaludon|Stamina|boost
|-boost|p1a: Archaludon|def|1
|-damage|p2b: Gholdengo|91/100|[from] item: Life Orb
|move|p1a: Archaludon|Electro Shot||[still]
|-prepare|p1a: Archaludon|Electro Shot
|-boost|p1a: Archaludon|spa|1
|-anim|p1a: Archaludon|Electro Shot|p2a: Volcarona
|-damage|p2a: Volcarona|48/100
|
|-weather|RainDance|[upkeep]
|upkeep
|turn|2
|inactive|Fenozi has 30 seconds left.
|inactive|Fenozi has 20 seconds left.
|
|t:|1755951043
|switch|p1b: Ursaluna|Ursaluna, L50, F|100/100
|move|p2a: Volcarona|Struggle Bug|p1a: Archaludon|[spread] p1a,p1b
|-resisted|p1a: Archaludon
|-damage|p1a: Archaludon|75/100
|-damage|p1b: Ursaluna|92/100
|-unboost|p1a: Archaludon|spa|1
|-unboost|p1b: Ursaluna|spa|1
|-ability|p1a: Archaludon|Stamina|boost
|-boost|p1a: Archaludon|def|1
|move|p2b: Gholdengo|Make It Rain|p1a: Archaludon|[spread] p1a,p1b
|-resisted|p1a: Archaludon
|-damage|p1a: Archaludon|61/100
|-damage|p1b: Ursaluna|50/100
|-unboost|p2b: Gholdengo|spa|1
|-ability|p1a: Archaludon|Stamina|boost
|-boost|p1a: Archaludon|def|1
|-damage|p2b: Gholdengo|81/100|[from] item: Life Orb
|move|p1a: Archaludon|Electro Shot||[still]
|-prepare|p1a: Archaludon|Electro Shot
|-boost|p1a: Archaludon|spa|1
|-anim|p1a: Archaludon|Electro Shot|p2a: Volcarona
|-damage|p2a: Volcarona|0 fnt
|faint|p2a: Volcarona
|
|-weather|RainDance|[upkeep]
|-status|p1b: Ursaluna|brn|[from] item: Flame Orb
|upkeep
|
|t:|1755951058
|switch|p2a: Annihilape|Annihilape, L50, M, shiny|100/100
|turn|3
|inactive|Fenozi has 30 seconds left.
|inactive|Fenozi has 20 seconds left.
|
|t:|1755951094
|switch|p2b: Tyranitar|Tyranitar, L50, M|100/100
|-weather|Sandstorm|[from] ability: Sand Stream|[of] p2b: Tyranitar
|move|p2a: Annihilape|Bulk Up|p2a: Annihilape
|-boost|p2a: Annihilape|atk|1
|-boost|p2a: Annihilape|def|1
|move|p1a: Archaludon|Electro Shot||[still]
|-prepare|p1a: Archaludon|Electro Shot
|-boost|p1a: Archaludon|spa|1
|move|p1b: Ursaluna|Headlong Rush|p2b: Tyranitar
|-supereffective|p2b: Tyranitar
|-damage|p2b: Tyranitar|0 fnt
|-unboost|p1b: Ursaluna|def|1
|-unboost|p1b: Ursaluna|spd|1
|faint|p2b: Tyranitar
|
|-weather|Sandstorm|[upkeep]
|-damage|p2a: Annihilape|95/100|[from] Sandstorm
|-damage|p1b: Ursaluna|44/100 brn|[from] brn
|upkeep
|
|t:|1755951105
|switch|p2b: Gholdengo|Gholdengo, L50|81/100
|turn|4
|
|t:|1755951122
|switch|p1b: Sinistcha|Sinistcha, L50|100/100
|-heal|p1a: Archaludon|86/100|[from] ability: Hospitality|[of] p1b: Sinistcha
|move|p2b: Gholdengo|Protect|p2b: Gholdengo
|-singleturn|p2b: Gholdengo|Protect
|move|p2a: Annihilape|Drain Punch|p1a: Archaludon
|-supereffective|p1a: Archaludon
|-damage|p1a: Archaludon|61/100
|-heal|p2a: Annihilape|100/100|[from] drain|[of] p1a: Archaludon
|-ability|p1a: Archaludon|Stamina|boost
|-boost|p1a: Archaludon|def|1
|move|p1a: Archaludon|Electro Shot|p2a: Annihilape|[from] lockedmove
|-damage|p2a: Annihilape|21/100
|-enditem|p2a: Annihilape|Sitrus Berry|[eat]
|-heal|p2a: Annihilape|46/100|[from] item: Sitrus Berry
|
|-weather|Sandstorm|[upkeep]
|-damage|p2a: Annihilape|40/100|[from] Sandstorm
|-damage|p1b: Sinistcha|94/100|[from] Sandstorm
|upkeep
|turn|5
|inactive|Fenozi has 30 seconds left.
|inactive|Fenozi has 20 seconds left.
|inactive|Fenozi has 15 seconds left.
|
|t:|1755951162
|switch|p1b: Pelipper|Pelipper, L50, M|26/100
|-weather|RainDance|[from] ability: Drizzle|[of] p1b: Pelipper
|move|p2a: Annihilape|Drain Punch|p1a: Archaludon
|-supereffective|p1a: Archaludon
|-damage|p1a: Archaludon|38/100
|-heal|p2a: Annihilape|51/100|[from] drain|[of] p1a: Archaludon
|-ability|p1a: Archaludon|Stamina|boost
|-boost|p1a: Archaludon|def|1
|move|p2b: Gholdengo|Shadow Ball|p1a: Archaludon
|-damage|p1a: Archaludon|0 fnt
|faint|p1a: Archaludon
|-damage|p2b: Gholdengo|71/100|[from] item: Life Orb
|
|-weather|RainDance|[upkeep]
|upkeep
|
|t:|1755951181
|switch|p1a: Ursaluna|Ursaluna, L50, F|44/100 brn
|turn|6
|inactive|Fenozi has 30 seconds left.
|
|t:|1755951216
|switch|p1b: Sinistcha|Sinistcha, L50|94/100
|-heal|p1a: Ursaluna|69/100 brn|[from] ability: Hospitality|[of] p1b: Sinistcha
|-terastallize|p1a: Ursaluna|Ghost
|move|p2a: Annihilape|Rage Fist|p1b: Sinistcha
|-supereffective|p1b: Sinistcha
|-crit|p1b: Sinistcha
|-damage|p1b: Sinistcha|0 fnt
|faint|p1b: Sinistcha
|move|p2b: Gholdengo|Make It Rain|p1a: Ursaluna
|-damage|p1a: Ursaluna|0 fnt
|-unboost|p2b: Gholdengo|spa|1
|faint|p1a: Ursaluna
|-damage|p2b: Gholdengo|61/100|[from] item: Life Orb
|
|-weather|RainDance|[upkeep]
|upkeep
|
|t:|1755951230
|switch|p1b: Pelipper|Pelipper, L50, M|26/100
|turn|7
|
|t:|1755951236
|move|p2a: Annihilape|Rage Fist|p1b: Pelipper
|-damage|p1b: Pelipper|0 fnt
|faint|p1b: Pelipper
|
|win|CiaoKombucha
|raw|Fenozi's rating: 1280 → 1257(-23 for losing)
|raw|CiaoKombucha's rating: 1314 → 1332(+18 for winning)
|l|☆CiaoKombucha
|player|p2|
