|j|☆dingle bong
|j|☆entei enthusiast
|html|dingle bongentei enthusiast    
|uhtml|bestof|Game 1 of a best-of-3
|t:|1783546724
|gametype|doubles
|player|p1|dingle bong|265|1245
|player|p2|entei enthusiast|kamado-armor|1208
|gen|9
|tier|[Gen 9 Champions] VGC 2026 Reg M-B (Bo3)
|rated|
|rule|Species Clause: Limit one of each Pokémon
|rule|Item Clause: Limit 1 of each item
|clearpoke
|poke|p1|Mawile, L50, F|
|poke|p1|Basculegion, L50, M|
|poke|p1|Garchomp, L50, M|
|poke|p1|Whimsicott, L50, M|
|poke|p1|Farigiraf, L50, M|
|poke|p1|Charizard, L50, M|
|poke|p2|Pelipper, L50, M|
|poke|p2|Swampert, L50, M|
|poke|p2|Dragonite, L50, M|
|poke|p2|Sinistcha, L50|
|poke|p2|Archaludon, L50, F|
|poke|p2|Grimmsnarl, L50, M|
|teampreview|4
|showteam|p1|Mawile||Mawilite|HyperCutter|PlayRough,SuckerPunch,IronHead,Protect|Adamant||F|||50|]Basculegion||MysticWater|Adaptability|WaveCrash,LastRespects,AquaJet,Protect|Adamant||M|||50|]Garchomp||LifeOrb|RoughSkin|Earthquake,DragonClaw,RockSlide,Protect|Jolly||M|||50|]Whimsicott||FocusSash|Prankster|Moonblast,Encore,Tailwind,Protect|Timid||M|||50|]Farigiraf||SitrusBerry|ArmorTail|TwinBeam,Thunderbolt,TrickRoom,HelpingHand|Bold||M|||50|]Charizard||CharizarditeY|Blaze|HeatWave,WeatherBall,SolarBeam,Protect|Modest||M|||50|
|showteam|p2|Pelipper||FocusSash|Drizzle|WeatherBall,Hurricane,Tailwind,HelpingHand|Timid||M|||50|]Swampert||Swampertite|Torrent|WaveCrash,Earthquake,KnockOff,Protect|Adamant||M|||50|]Dragonite||LumBerry|Multiscale|ScaleShot,ExtremeSpeed,Tailwind,Protect|Adamant||M|||50|]Sinistcha||SitrusBerry|Hospitality|MatchaGotcha,RagePowder,LifeDew,Protect|Calm|||||50|]Archaludon||Leftovers|Stamina|FlashCannon,DracoMeteor,ElectroShot,Protect|Modest||F|||50|]Grimmsnarl||LightClay|Prankster|SpiritBreak,Reflect,LightScreen,PartingShot|Careful||M|||50|
|inactive|Battle timer is ON: inactive players will automatically lose when time's up. (requested by entei enthusiast)
|inactive|dingle bong has 60 seconds left.
|inactive|entei enthusiast has 60 seconds left.
|inactive|dingle bong has 30 seconds left.
|inactive|entei enthusiast has 30 seconds left.
|
|t:|1783546796
|teamsize|p1|4
|teamsize|p2|4
|start
|switch|p1a: Charizard|Charizard, L50, M|100/100
|switch|p1b: Farigiraf|Farigiraf, L50, M|100/100
|switch|p2a: Swampert|Swampert, L50, M|100/100
|switch|p2b: Sinistcha|Sinistcha, L50|100/100
|turn|1
|inactive|entei enthusiast has 30 seconds left.
|inactive|entei enthusiast has 20 seconds left.
|inactive|entei enthusiast has 15 seconds left.
|
|t:|1783546838
|switch|p2b: Dragonite|Dragonite, L50, M|100/100
|detailschange|p2a: Swampert|Swampert-Mega, L50, M
|-mega|p2a: Swampert|Swampert|Swampertite
|move|p1a: Charizard|Protect|p1a: Charizard
|-singleturn|p1a: Charizard|Protect
|move|p2a: Swampert|Protect|p2a: Swampert
|-singleturn|p2a: Swampert|Protect
|move|p1b: Farigiraf|Twin Beam|p2b: Dragonite
|-damage|p2b: Dragonite|92/100
|-damage|p2b: Dragonite|77/100
|-hitcount|p2b: Dragonite|2
|
|upkeep
|turn|2
|inactive|dingle bong has 30 seconds left.
|inactive|dingle bong has 20 seconds left.
|inactive|dingle bong has 15 seconds left.
|
|t:|1783546883
|switch|p2a: Sinistcha|Sinistcha, L50|100/100
|-heal|p2b: Dragonite|100/100|[from] ability: Hospitality|[of] p2a: Sinistcha
|detailschange|p1a: Charizard|Charizard-Mega-Y, L50, M
|-mega|p1a: Charizard|Charizard|Charizardite Y
|-weather|SunnyDay|[from] ability: Drought|[of] p1a: Charizard
|move|p1b: Farigiraf|Helping Hand|p1a: Charizard
|-singleturn|p1a: Charizard|Helping Hand|[of] p1b: Farigiraf
|move|p1a: Charizard|Heat Wave|p2b: Dragonite|[spread] p2a,p2b
|-supereffective|p2a: Sinistcha|1
|-resisted|p2b: Dragonite|1
|-damage|p2a: Sinistcha|0 fnt
|-damage|p2b: Dragonite|78/100
|faint|p2a: Sinistcha
|move|p2b: Dragonite|Scale Shot|p1a: Charizard
|-damage|p1a: Charizard|85/100
|-damage|p1a: Charizard|72/100
|-damage|p1a: Charizard|57/100
|-damage|p1a: Charizard|44/100
|-damage|p1a: Charizard|31/100
|-hitcount|p1a: Charizard|5
|-unboost|p2b: Dragonite|def|1
|-boost|p2b: Dragonite|spe|1
|
|-weather|SunnyDay|[upkeep]
|upkeep
|inactive|entei enthusiast has 30 seconds left.
|
|t:|1783546912
|switch|p2a: Swampert|Swampert-Mega, L50, M|100/100
|turn|3
|
|t:|1783546921
|switch|p1a: Basculegion|Basculegion, L50, M|100/100
|move|p2b: Dragonite|Scale Shot|p1a: Basculegion|[miss]
|-miss|p2b: Dragonite|p1a: Basculegion
|move|p2a: Swampert|Knock Off|p1b: Farigiraf
|-supereffective|p1b: Farigiraf|1
|-damage|p1b: Farigiraf|41/100
|-enditem|p1b: Farigiraf|Sitrus Berry|[from] move: Knock Off|[of] p2a: Swampert
|move|p1b: Farigiraf|Trick Room|p1b: Farigiraf
|-fieldstart|move: Trick Room|[of] p1b: Farigiraf
|
|-weather|SunnyDay|[upkeep]
|upkeep
|turn|4
|inactive|dingle bong has 30 seconds left.
|inactive|entei enthusiast has 30 seconds left.
|inactive|entei enthusiast has 20 seconds left.
|inactive|entei enthusiast has 15 seconds left.
|inactive|entei enthusiast has 10 seconds left.
|
|t:|1783546966
|move|p2a: Swampert|Protect|p2a: Swampert
|-singleturn|p2a: Swampert|Protect
|move|p1a: Basculegion|Protect|p1a: Basculegion
|-singleturn|p1a: Basculegion|Protect
|move|p1b: Farigiraf|Twin Beam|p2b: Dragonite
|-damage|p2b: Dragonite|62/100
|-damage|p2b: Dragonite|46/100
|-hitcount|p2b: Dragonite|2
|move|p2b: Dragonite|Scale Shot|p1a: Basculegion
|-activate|p1a: Basculegion|move: Protect
|
|-weather|SunnyDay|[upkeep]
|upkeep
|turn|5
|inactive|dingle bong has 30 seconds left.
|
|t:|1783546994
|move|p1b: Farigiraf|Twin Beam|p2b: Dragonite
|-damage|p2b: Dragonite|30/100
|-damage|p2b: Dragonite|14/100
|-hitcount|p2b: Dragonite|2
|move|p2a: Swampert|Earthquake|p1b: Farigiraf|[spread] p1a,p1b
|-immune|p2b: Dragonite
|-damage|p1a: Basculegion|53/100
|-damage|p1b: Farigiraf|7/100
|move|p1a: Basculegion|Last Respects|p2b: Dragonite
|-damage|p2b: Dragonite|0 fnt
|faint|p2b: Dragonite
|
|-weather|SunnyDay|[upkeep]
|upkeep
|
|t:|1783547003
|switch|p2b: Pelipper|Pelipper, L50, M|100/100
|-weather|RainDance|[from] ability: Drizzle|[of] p2b: Pelipper
|turn|6
|inactive|entei enthusiast has 30 seconds left.
|
|t:|1783547031
|move|p2b: Pelipper|Helping Hand|p2a: Swampert
|-singleturn|p2a: Swampert|Helping Hand|[of] p2b: Pelipper
|move|p1b: Farigiraf|Thunderbolt|p2b: Pelipper
|-supereffective|p2b: Pelipper|2
|-enditem|p2b: Pelipper|Focus Sash
|-damage|p2b: Pelipper|1/100
|-status|p2b: Pelipper|par
|move|p1a: Basculegion|Wave Crash|p2a: Swampert
|-damage|p2a: Swampert|0 fnt
|faint|p2a: Swampert
|-damage|p1a: Basculegion|20/100y|[from] Recoil
|
|-weather|RainDance|[upkeep]
|upkeep
|turn|7
|-message|entei enthusiast forfeited.
|
|win|dingle bong
||dingle bong is ready for game 2.
||entei enthusiast is ready for game 2.
|uhtml|next|Next: Game 2 of 3
