|j|☆tirion
|j|☆Fell Blue
|html|tirionFell Blue    
|uhtml|bestof|Game 1 of a best-of-3
|t:|1782453542
|gametype|doubles
|player|p1|tirion|169|1102
|player|p2|Fell Blue|gwynn|1167
|gen|9
|tier|[Gen 9 Champions] VGC 2026 Reg M-B (Bo3)
|rated|
|rule|Species Clause: Limit one of each Pokémon
|rule|Item Clause: Limit 1 of each item
|clearpoke
|poke|p1|Blastoise, L50, F|
|poke|p1|Archaludon, L50, F|
|poke|p1|Sinistcha, L50|
|poke|p1|Politoed, L50, F|
|poke|p1|Scizor, L50, F|
|poke|p1|Farigiraf, L50, F|
|poke|p2|Torkoal, L50, M|
|poke|p2|Pyroar, L50, M|
|poke|p2|Farigiraf, L50, F|
|poke|p2|Mawile, L50, F|
|poke|p2|Gyarados, L50, M|
|poke|p2|Kangaskhan, L50, F|
|teampreview|4
|showteam|p1|Blastoise||Blastoisinite|RainDish|WaterSpout,AuraSphere,DarkPulse,FakeOut|Quiet||F|||50|]Archaludon||Leftovers|Stamina|ElectroShot,AuraSphere,FlashCannon,Protect|Bold||F|||50|]Sinistcha||CobaBerry|Hospitality|MatchaGotcha,RagePowder,TrickRoom,LifeDew|Sassy|||||50|]Politoed||MysticWater|Drizzle|ChillingWater,IceBeam,WeatherBall,HelpingHand|Bold||F|||50|]Scizor||Scizorite|Technician|BugBite,BulletPunch,KnockOff,SwordsDance|Brave||F|||50|]Farigiraf||ColburBerry|ArmorTail|TwinBeam,TrickRoom,RainDance,Protect|Relaxed||F|||50|
|showteam|p2|Torkoal||Charcoal|Drought|Eruption,WeatherBall,HelpingHand,Protect|Quiet||M|||50|]Pyroar||Pyroarite|Rivalry|Overheat,HeatWave,Flamethrower,Protect|Timid||M|||50|]Farigiraf||SitrusBerry|ArmorTail|Psychic,TrickRoom,HelpingHand,Protect|Bold||F|||50|]Mawile||Mawilite|HyperCutter|PlayRough,BrickBreak,SuckerPunch,Protect|Brave||F|||50|]Gyarados||ExpertBelt|Intimidate|StoneEdge,PowerWhip,IceFang,Protect|Adamant||M|||50|]Kangaskhan||SilkScarf|Scrappy|FakeOut,LastResort|Brave||F|||50|
|
|t:|1782453583
|teamsize|p1|4
|teamsize|p2|4
|start
|switch|p1a: Blastoise|Blastoise, L50, F|100/100
|switch|p1b: Farigiraf|Farigiraf, L50, F|100/100
|switch|p2a: Farigiraf|Farigiraf, L50, F|100/100
|switch|p2b: Pyroar|Pyroar, L50, M|100/100
|turn|1
|
|t:|1782453611
|switch|p1b: Politoed|Politoed, L50, F|100/100
|-weather|RainDance|[from] ability: Drizzle|[of] p1b: Politoed
|detailschange|p1a: Blastoise|Blastoise-Mega, L50, F
|-mega|p1a: Blastoise|Blastoise|Blastoisinite
|move|p2b: Pyroar|Protect|p2b: Pyroar
|-singleturn|p2b: Pyroar|Protect
|move|p2a: Farigiraf|Protect|p2a: Farigiraf
|-singleturn|p2a: Farigiraf|Protect
|move|p1a: Blastoise|Aura Sphere|p2b: Pyroar
|-activate|p2b: Pyroar|move: Protect
|
|-weather|RainDance|[upkeep]
|upkeep
|turn|2
|
|t:|1782453649
|switch|p2a: Torkoal|Torkoal, L50, M|100/100
|-weather|SunnyDay|[from] ability: Drought|[of] p2a: Torkoal
|detailschange|p2b: Pyroar|Pyroar-Mega, L50, M
|-mega|p2b: Pyroar|Pyroar|Pyroarite
|move|p2b: Pyroar|Heat Wave|p1b: Politoed|[spread] p1a,p1b
|-resisted|p1a: Blastoise|1
|-resisted|p1b: Politoed|1
|-damage|p1a: Blastoise|67/100
|-damage|p1b: Politoed|61/100
|move|p1b: Politoed|Weather Ball|p2b: Pyroar
|-resisted|p2b: Pyroar|1
|-damage|p2b: Pyroar|77/100
|move|p1a: Blastoise|Dark Pulse|p2a: Torkoal
|-damage|p2a: Torkoal|36/100
|
|-weather|SunnyDay|[upkeep]
|upkeep
|turn|3
|
|t:|1782453688
|move|p1b: Politoed|Helping Hand|p1a: Blastoise
|-singleturn|p1a: Blastoise|Helping Hand|[of] p1b: Politoed
|move|p2a: Torkoal|Helping Hand|p2b: Pyroar
|-singleturn|p2b: Pyroar|Helping Hand|[of] p2a: Torkoal
|move|p2b: Pyroar|Overheat|p1a: Blastoise
|-resisted|p1a: Blastoise|1
|-damage|p1a: Blastoise|0 fnt
|-unboost|p2b: Pyroar|spa|2
|faint|p1a: Blastoise
|
|-weather|SunnyDay|[upkeep]
|upkeep
|
|t:|1782453703
|switch|p1a: Farigiraf|Farigiraf, L50, F|100/100
|turn|4
|
|t:|1782453727
|switch|p1b: Archaludon|Archaludon, L50, F|100/100
|move|p2b: Pyroar|Overheat|p1b: Archaludon
|-damage|p1b: Archaludon|21/100
|-unboost|p2b: Pyroar|spa|2
|-ability|p1b: Archaludon|Stamina|boost
|-boost|p1b: Archaludon|def|1
|move|p1a: Farigiraf|Rain Dance|p1a: Farigiraf
|-weather|RainDance
|move|p2a: Torkoal|Weather Ball|p1b: Archaludon
|-resisted|p1b: Archaludon|1
|-damage|p1b: Archaludon|0 fnt
|faint|p1b: Archaludon
|
|-weather|RainDance|[upkeep]
|upkeep
|
|t:|1782453740
|switch|p1b: Politoed|Politoed, L50, F|61/100
|turn|5
|
|t:|1782453751
|switch|p2b: Mawile|Mawile, L50, F|100/100
|switch|p2a: Farigiraf|Farigiraf, L50, F|100/100
|move|p1b: Politoed|Weather Ball|p2b: Mawile
|-damage|p2b: Mawile|0 fnt
|faint|p2b: Mawile
|move|p1a: Farigiraf|Twin Beam|p2a: Farigiraf
|-resisted|p2a: Farigiraf|1
|-damage|p2a: Farigiraf|92/100
|-resisted|p2a: Farigiraf|1
|-damage|p2a: Farigiraf|86/100
|-hitcount|p2a: Farigiraf|2
|
|-weather|RainDance|[upkeep]
|upkeep
|
|t:|1782453756
|switch|p2b: Pyroar|Pyroar-Mega, L50, M|77/100
|turn|6
|
|t:|1782453789
|switch|p2a: Torkoal|Torkoal, L50, M|36/100
|-weather|SunnyDay|[from] ability: Drought|[of] p2a: Torkoal
|move|p2b: Pyroar|Overheat|p1a: Farigiraf
|-damage|p1a: Farigiraf|0 fnt
|-unboost|p2b: Pyroar|spa|2
|faint|p1a: Farigiraf
|move|p1b: Politoed|Weather Ball|p2b: Pyroar
|-resisted|p2b: Pyroar|1
|-damage|p2b: Pyroar|56/100
|
|-weather|SunnyDay|[upkeep]
|upkeep
|turn|7
|-message|tirion forfeited.
|
|win|Fell Blue
|l|☆tirion
|player|p1|
