|j|Ōśåuscorp
|j|Ōśåexessvgc
|html|uscorpexessvgc    
|uhtml|bestof|Game 2 of a best-of-3
|t:|1784029878
|gametype|doubles
|player|p1|uscorp|265|
|player|p2|exessvgc|lucas|
|gen|9
|tier|[Gen 9 Champions] VGC 2026 Reg M-B (Bo3)
|rule|Species Clause: Limit one of each Pok├®mon
|rule|Item Clause: Limit 1 of each item
|clearpoke
|poke|p1|Swampert, L50, M|
|poke|p1|Venusaur, L50, F|
|poke|p1|Pelipper, L50, M|
|poke|p1|Grimmsnarl, L50, M|
|poke|p1|Archaludon, L50, F|
|poke|p1|Gholdengo, L50|
|poke|p2|Farigiraf, L50, F|
|poke|p2|Aerodactyl, L50, M|
|poke|p2|Sylveon, L50, F|
|poke|p2|Kingambit, L50, F|
|poke|p2|Garchomp, L50, F|
|poke|p2|Charizard, L50, F|
|teampreview|4
|showteam|p1|Swampert||Swampertite|Torrent|WaveCrash,FlipTurn,HighHorsepower,Protect|Adamant||M|||50|]Venusaur||Venusaurite|Chlorophyll|GigaDrain,SludgeBomb,EarthPower,Protect|Modest||F|||50|]Pelipper||FocusSash|Drizzle|Tailwind,WeatherBall,Hurricane,Protect|Timid||M|||50|]Grimmsnarl||LightClay|Prankster|Reflect,LightScreen,PartingShot,SpiritBreak|Careful||M|||50|]Archaludon||Leftovers|Stamina|ElectroShot,DragonPulse,FlashCannon,Protect|Calm||F|||50|]Gholdengo||ChoiceScarf|GoodasGold|Trick,MakeItRain,ShadowBall,PowerGem|Timid|||||50|
|showteam|p2|Farigiraf||SitrusBerry|ArmorTail|TrickRoom,TwinBeam,HelpingHand,Thunderbolt|Bold||F|||50|]Aerodactyl||Aerodactylite|Unnerve|RockSlide,Protect,Tailwind,Taunt|Jolly||M|||50|]Sylveon||FairyFeather|Pixilate|HyperVoice,HyperBeam,Protect,ShadowBall|Modest||F|||50|]Kingambit||FocusSash|Defiant|KowtowCleave,SuckerPunch,SwordsDance,Protect|Adamant||F|||50|]Garchomp||LifeOrb|RoughSkin|DragonClaw,Earthquake,RockSlide,Protect|Adamant||F|||50|]Charizard||CharizarditeY|Blaze|WeatherBall,HeatWave,SolarBeam,Protect|Modest||F|||50|
|l|Ōśåexessvgc
|player|p2|
|j|Ōśåexessvgc
|player|p2|exessvgc|lucas|
|
|t:|1784029922
|teamsize|p1|4
|teamsize|p2|4
|start
|switch|p1a: Alastor|Venusaur, L50, F|100/100
|switch|p1b: Sesso guy|Grimmsnarl, L50, M|100/100
|switch|p2a: Charizard|Charizard, L50, F|100/100
|switch|p2b: Garchomp|Garchomp, L50, F|100/100
|turn|1
|l|Ōśåexessvgc
|player|p2|
|j|Ōśåexessvgc
|player|p2|exessvgc|lucas|
|
|t:|1784029950
|switch|p2b: LA GIRAFFA|Farigiraf, L50, F|100/100
|detailschange|p2a: Charizard|Charizard-Mega-Y, L50, F
|-mega|p2a: Charizard|Charizard|Charizardite Y
|-weather|SunnyDay|[from] ability: Drought|[of] p2a: Charizard
|detailschange|p1a: Alastor|Venusaur-Mega, L50, F
|-mega|p1a: Alastor|Venusaur|Venusaurite
|move|p1b: Sesso guy|Light Screen|p1b: Sesso guy
|-sidestart|p1: uscorp|move: Light Screen
|move|p2a: Charizard|Heat Wave|p1b: Sesso guy|[spread] p1a,p1b
|-supereffective|p1a: Alastor|1
|-damage|p1a: Alastor|67/100
|-damage|p1b: Sesso guy|65/100
|move|p1a: Alastor|Giga Drain|p2b: LA GIRAFFA
|-damage|p2b: LA GIRAFFA|68/100
|-heal|p1a: Alastor|87/100|[from] drain|[of] p2b: LA GIRAFFA
|
|-weather|SunnyDay|[upkeep]
|upkeep
|turn|2
|l|Ōśåexessvgc
|player|p2|
|j|Ōśåexessvgc
|player|p2|exessvgc|lucas|
|l|Ōśåexessvgc
|player|p2|
|j|Ōśåexessvgc
|player|p2|exessvgc|lucas|
|
|t:|1784029996
|move|p2b: LA GIRAFFA|Helping Hand|p2a: Charizard
|-singleturn|p2a: Charizard|Helping Hand|[of] p2b: LA GIRAFFA
|move|p2a: Charizard|Weather Ball|p1a: Alastor
|-supereffective|p1a: Alastor|1
|-damage|p1a: Alastor|16/100
|move|p1a: Alastor|Sludge Bomb|p2a: Charizard
|-damage|p2a: Charizard|54/100
|move|p1b: Sesso guy|Spirit Break|p2b: LA GIRAFFA
|-damage|p2b: LA GIRAFFA|43/100
|-unboost|p2b: LA GIRAFFA|spa|1
|-enditem|p2b: LA GIRAFFA|Sitrus Berry|[eat]
|-heal|p2b: LA GIRAFFA|68/100|[from] item: Sitrus Berry
|
|-weather|SunnyDay|[upkeep]
|upkeep
|turn|3
|l|Ōśåexessvgc
|player|p2|
|j|Ōśåexessvgc
|player|p2|exessvgc|lucas|
|
|t:|1784030029
|move|p2b: LA GIRAFFA|Helping Hand|p2a: Charizard
|-singleturn|p2a: Charizard|Helping Hand|[of] p2b: LA GIRAFFA
|move|p1a: Alastor|Protect|p1a: Alastor
|-singleturn|p1a: Alastor|Protect
|move|p2a: Charizard|Heat Wave|p1b: Sesso guy|[spread] p1b
|-activate|p1a: Alastor|move: Protect
|-damage|p1b: Sesso guy|10/100
|move|p1b: Sesso guy|Spirit Break|p2a: Charizard
|-resisted|p2a: Charizard|1
|-damage|p2a: Charizard|40/100
|-unboost|p2a: Charizard|spa|1
|
|-weather|SunnyDay|[upkeep]
|upkeep
|turn|4
|
|t:|1784030047
|switch|p1a: Pappagallo|Pelipper, L50, M|100/100
|-weather|RainDance|[from] ability: Drizzle|[of] p1a: Pappagallo
|switch|p1b: Astrid|Archaludon, L50, F|100/100
|move|p2b: LA GIRAFFA|Helping Hand|p2a: Charizard
|-singleturn|p2a: Charizard|Helping Hand|[of] p2b: LA GIRAFFA
|move|p2a: Charizard|Heat Wave|p1b: Astrid|[spread] p1a,p1b
|-resisted|p1a: Pappagallo|1
|-damage|p1a: Pappagallo|89/100
|-damage|p1b: Astrid|88/100
|-ability|p1b: Astrid|Stamina|boost
|-boost|p1b: Astrid|def|1
|
|-weather|RainDance|[upkeep]
|-heal|p1b: Astrid|94/100|[from] item: Leftovers
|upkeep
|turn|5
|l|Ōśåexessvgc
|player|p2|
|j|Ōśåexessvgc
|player|p2|exessvgc|lucas|
|
|t:|1784030075
|switch|p2a: Kingambit|Kingambit, L50, F|100/100
|switch|p2b: Garchomp|Garchomp, L50, F|100/100
|move|p1a: Pappagallo|Weather Ball|p2a: Kingambit
|-damage|p2a: Kingambit|36/100
|move|p1b: Astrid|Electro Shot||[still]
|-prepare|p1b: Astrid|Electro Shot
|-boost|p1b: Astrid|spa|1
|-anim|p1b: Astrid|Electro Shot|p2a: Kingambit
|-damage|p2a: Kingambit|0 fnt
|faint|p2a: Kingambit
|
|-weather|RainDance|[upkeep]
|-heal|p1b: Astrid|100/100|[from] item: Leftovers
|upkeep
|
|t:|1784030088
|switch|p2a: Charizard|Charizard-Mega-Y, L50, F|40/100
|-weather|SunnyDay|[from] ability: Drought|[of] p2a: Charizard
|turn|6
|l|Ōśåexessvgc
|player|p2|
|j|Ōśåexessvgc
|player|p2|exessvgc|lucas|
|
|t:|1784030130
|move|p1b: Astrid|Protect|p1b: Astrid
|-singleturn|p1b: Astrid|Protect
|move|p2a: Charizard|Solar Beam||[still]
|-prepare|p2a: Charizard|Solar Beam
|-anim|p2a: Charizard|Solar Beam|p1a: Pappagallo
|-damage|p1a: Pappagallo|35/100
|move|p1a: Pappagallo|Tailwind|p1a: Pappagallo
|-sidestart|p1: uscorp|move: Tailwind
|move|p2b: Garchomp|Dragon Claw|p1a: Pappagallo
|-damage|p1a: Pappagallo|0 fnt
|faint|p1a: Pappagallo
|-damage|p2b: Garchomp|90/100|[from] item: Life Orb
|
|-weather|SunnyDay|[upkeep]
|upkeep
|
|t:|1784030146
|switch|p1a: Alastor|Venusaur-Mega, L50, F|16/100
|turn|7
|l|Ōśåexessvgc
|player|p2|
|j|Ōśåexessvgc
|player|p2|exessvgc|lucas|
|
|t:|1784030182
|move|p2b: Garchomp|Protect|p2b: Garchomp
|-singleturn|p2b: Garchomp|Protect
|move|p1a: Alastor|Sludge Bomb|p2a: Charizard
|-damage|p2a: Charizard|0 fnt
|faint|p2a: Charizard
|move|p1b: Astrid|Dragon Pulse|p2b: Garchomp
|-activate|p2b: Garchomp|move: Protect
|
|-weather|SunnyDay|[upkeep]
|upkeep
|
|t:|1784030195
|switch|p2a: LA GIRAFFA|Farigiraf, L50, F|68/100
|turn|8
|
|t:|1784030213
|move|p2b: Garchomp|Protect||[still]
|-fail|p2b: Garchomp
|move|p1a: Alastor|Giga Drain|p2a: LA GIRAFFA
|-damage|p2a: LA GIRAFFA|31/100
|-heal|p1a: Alastor|38/100|[from] drain|[of] p2a: LA GIRAFFA
|move|p1b: Astrid|Dragon Pulse|p2a: LA GIRAFFA
|-damage|p2a: LA GIRAFFA|0 fnt
|faint|p2a: LA GIRAFFA
|
|-weather|SunnyDay|[upkeep]
|-sideend|p1: uscorp|move: Light Screen
|upkeep
|turn|9
|
|t:|1784030235
|move|p2b: Garchomp|Protect|p2b: Garchomp
|-singleturn|p2b: Garchomp|Protect
|move|p1b: Astrid|Dragon Pulse|p2b: Garchomp
|-activate|p2b: Garchomp|move: Protect
|move|p1a: Alastor|Giga Drain|p2b: Garchomp
|-activate|p2b: Garchomp|move: Protect
|
|-weather|SunnyDay|[upkeep]
|-sideend|p1: uscorp|move: Tailwind
|upkeep
|turn|10
|l|Ōśåexessvgc
|player|p2|
|j|Ōśåexessvgc
|player|p2|exessvgc|lucas|
|
|t:|1784030259
|move|p1b: Astrid|Protect|p1b: Astrid
|-singleturn|p1b: Astrid|Protect
|move|p2b: Garchomp|Earthquake|p1a: Alastor|[spread] p1a
|-activate|p1b: Astrid|move: Protect
|-damage|p1a: Alastor|0 fnt
|faint|p1a: Alastor
|-damage|p2b: Garchomp|80/100|[from] item: Life Orb
|
|-weather|none
|upkeep
|
|t:|1784030270
|switch|p1a: Sesso guy|Grimmsnarl, L50, M|10/100
|turn|11
|
|t:|1784030291
|move|p1a: Sesso guy|Parting Shot|p2b: Garchomp
|-unboost|p2b: Garchomp|atk|1
|-unboost|p2b: Garchomp|spa|1
|move|p2b: Garchomp|Earthquake|p1a: Sesso guy|[spread] p1a,p1b
|-supereffective|p1b: Astrid|1
|-damage|p1a: Sesso guy|0 fnt
|-damage|p1b: Astrid|60/100
|-ability|p1b: Astrid|Stamina|boost
|-boost|p1b: Astrid|def|1
|faint|p1a: Sesso guy
|-damage|p2b: Garchomp|70/100|[from] item: Life Orb
|move|p1b: Astrid|Dragon Pulse|p2b: Garchomp
|-supereffective|p2b: Garchomp|1
|-damage|p2b: Garchomp|0 fnt
|faint|p2b: Garchomp
|
|win|uscorp
|inactive|uscorp has 30 seconds to confirm battle start!
|inactive|exessvgc has 30 seconds to confirm battle start!
||exessvgc is ready for game 3.
|inactive|uscorp has 20 seconds to confirm battle start!
||uscorp is ready for game 3.
|uhtml|next|Next: Game 3 of 3
|l|Ōśåexessvgc
|player|p2|
|l|Ōśåuscorp
|player|p1|
|j|Ōśåexessvgc
|player|p2|exessvgc|lucas|
