|j|☆TheBallistic1
|j|☆I_HATE_BABAGANOUSH
|html|TheBallistic1I_HATE_BABAGANOUSH    
|uhtml|bestof|Game 2 of a best-of-3
|t:|1757650614
|gametype|doubles
|player|p1|TheBallistic1|101|1085
|player|p2|I_HATE_BABAGANOUSH|ghetsis|1139
|gen|9
|tier|[Gen 9] VGC 2025 Reg H (Bo3)
|rated|
|rule|Species Clause: Limit one of each Pokémon
|rule|Item Clause: Limit 1 of each item
|clearpoke
|poke|p1|Indeedee, L50, M|
|poke|p1|Sneasler, L50, M|
|poke|p1|Tyranitar, L50, M|
|poke|p1|Excadrill, L50, F|
|poke|p2|Dragonite, L50, F|
|poke|p2|Sneasler, L50, F|
|poke|p2|Rillaboom, L50, F|
|poke|p2|Kingambit, L50, M|
|poke|p2|Arcanine-Hisui, L50, F|
|poke|p2|Primarina, L50, F|
|teampreview|4
|showteam|p1|Indeedee||ChoiceScarf|PsychicSurge|ExpandingForce,DazzlingGleam,Trick,TeraBlast|||M|||50|,,,,,Ground]Sneasler||PsychicSeed|Unburden|Uturn,DireClaw,CloseCombat,ThroatChop|||M|||50|,,,,,Dark]Tyranitar||AssaultVest|SandStream|RockSlide,KnockOff,LowKick,TeraBlast|||M|||50|,,,,,Flying]Excadrill||FocusSash|SandRush|Protect,IronHead,HighHorsepower,Earthquake|||F|||50|,,,,,Ground
|showteam|p2|Dragonite||LoadedDice|Multiscale|ScaleShot,StompingTantrum,Tailwind,Protect|||F|||50|,,,,,Ground]Sneasler||FocusSash|Unburden|DireClaw,CloseCombat,Coaching,Protect|||F|||50|,,,,,Ghost]Rillaboom||AssaultVest|GrassySurge|FakeOut,GrassyGlide,WoodHammer,HighHorsepower|||F|||50|,,,,,Fire]Kingambit||SafetyGoggles|Defiant|KowtowCleave,SuckerPunch,SwordsDance,Protect|||M|||50|,,,,,Dark]Arcanine-Hisui||ClearAmulet|Intimidate|RockSlide,FlareBlitz,ExtremeSpeed,Protect|||F|||50|,,,,,Water]Primarina||ChoiceSpecs|LiquidVoice|HyperVoice,Moonblast,DazzlingGleam,Haze|||F|||50|,,,,,Poison
|inactive|Battle timer is ON: inactive players will automatically lose when time's up. (requested by TheBallistic1)
|inactive|I_HATE_BABAGANOUSH has 60 seconds left.
|
|t:|1757650646
|teamsize|p1|4
|teamsize|p2|4
|start
|switch|p1a: Indeedee|Indeedee, L50, M|100/100
|switch|p1b: Sneasler|Sneasler, L50, M, shiny|100/100
|switch|p2a: Dragonite|Dragonite, L50, F|100/100
|switch|p2b: Rillaboom|Rillaboom, L50, F|100/100
|-fieldstart|move: Psychic Terrain|[from] ability: Psychic Surge|[of] p1a: Indeedee
|-enditem|p1b: Sneasler|Psychic Seed
|-boost|p1b: Sneasler|spd|1|[from] item: Psychic Seed
|-fieldstart|move: Grassy Terrain|[from] ability: Grassy Surge|[of] p2b: Rillaboom
|turn|1
|
|t:|1757650659
|switch|p1a: Tyranitar|Tyranitar, L50, M|100/100
|-weather|Sandstorm|[from] ability: Sand Stream|[of] p1a: Tyranitar
|move|p2b: Rillaboom|Fake Out|p1b: Sneasler
|-damage|p1b: Sneasler|77/100
|cant|p1b: Sneasler|flinch
|move|p2a: Dragonite|Scale Shot|p1a: Tyranitar
|-damage|p1a: Tyranitar|88/100
|-damage|p1a: Tyranitar|76/100
|-damage|p1a: Tyranitar|65/100
|-damage|p1a: Tyranitar|53/100
|-hitcount|p1a: Tyranitar|4
|-unboost|p2a: Dragonite|def|1
|-boost|p2a: Dragonite|spe|1
|
|-weather|Sandstorm|[upkeep]
|-damage|p1b: Sneasler|71/100|[from] Sandstorm
|-damage|p2a: Dragonite|95/100|[from] Sandstorm
|-damage|p2b: Rillaboom|95/100|[from] Sandstorm
|-heal|p1b: Sneasler|77/100|[from] Grassy Terrain
|-heal|p2b: Rillaboom|100/100|[from] Grassy Terrain
|-heal|p1a: Tyranitar|58/100|[from] Grassy Terrain
|upkeep
|turn|2
|inactive|I_HATE_BABAGANOUSH has 30 seconds left.
|
|t:|1757650690
|move|p1b: Sneasler|Dire Claw|p2b: Rillaboom
|-supereffective|p2b: Rillaboom
|-damage|p2b: Rillaboom|4/100
|move|p2a: Dragonite|Tailwind|p2a: Dragonite
|-sidestart|p2: I_HATE_BABAGANOUSH|move: Tailwind
|move|p2b: Rillaboom|High Horsepower|p1b: Sneasler|[miss]
|-miss|p2b: Rillaboom|p1b: Sneasler
|move|p1a: Tyranitar|Rock Slide|p2b: Rillaboom|[spread] p2a,p2b
|-supereffective|p2a: Dragonite
|-damage|p2a: Dragonite|0 fnt
|-damage|p2b: Rillaboom|0 fnt
|faint|p2a: Dragonite
|faint|p2b: Rillaboom
|
|-weather|Sandstorm|[upkeep]
|-damage|p1b: Sneasler|71/100|[from] Sandstorm
|-heal|p1b: Sneasler|77/100|[from] Grassy Terrain
|-heal|p1a: Tyranitar|64/100|[from] Grassy Terrain
|upkeep
|
|t:|1757650700
|switch|p2a: Primarina|Primarina, L50, F|100/100
|switch|p2b: Sneasler|Sneasler, L50, F|100/100
|turn|3
|inactive|TheBallistic1 has 30 seconds left.
|inactive|TheBallistic1 has 20 seconds left.
|
|t:|1757650736
|-terastallize|p2a: Primarina|Poison
|move|p2b: Sneasler|Dire Claw|p1a: Tyranitar
|-resisted|p1a: Tyranitar
|-damage|p1a: Tyranitar|45/100
|move|p1b: Sneasler|Dire Claw|p2a: Primarina
|-resisted|p2a: Primarina
|-damage|p2a: Primarina|75/100
|move|p2a: Primarina|Hyper Voice|p1b: Sneasler|[spread] p1a,p1b
|-supereffective|p1a: Tyranitar
|-damage|p1a: Tyranitar|3/100
|-damage|p1b: Sneasler|32/100
|move|p1a: Tyranitar|Knock Off|p2b: Sneasler
|-resisted|p2b: Sneasler
|-damage|p2b: Sneasler|51/100
|-enditem|p2b: Sneasler|Focus Sash|[from] move: Knock Off|[of] p1a: Tyranitar
|
|-weather|Sandstorm|[upkeep]
|-damage|p2b: Sneasler|45/100|[from] Sandstorm
|-damage|p1b: Sneasler|26/100|[from] Sandstorm
|-damage|p2a: Primarina|69/100|[from] Sandstorm
|-heal|p2b: Sneasler|51/100|[from] Grassy Terrain
|-heal|p1b: Sneasler|32/100|[from] Grassy Terrain
|-heal|p2a: Primarina|75/100|[from] Grassy Terrain
|-heal|p1a: Tyranitar|9/100|[from] Grassy Terrain
|upkeep
|turn|4
|inactive|TheBallistic1 has 30 seconds left.
|
|t:|1757650763
|move|p2b: Sneasler|Close Combat|p1b: Sneasler
|-resisted|p1b: Sneasler
|-damage|p1b: Sneasler|0 fnt
|-unboost|p2b: Sneasler|def|1
|-unboost|p2b: Sneasler|spd|1
|faint|p1b: Sneasler
|move|p2a: Primarina|Hyper Voice|p1a: Tyranitar
|-supereffective|p1a: Tyranitar
|-damage|p1a: Tyranitar|0 fnt
|faint|p1a: Tyranitar
|
|-weather|Sandstorm|[upkeep]
|-damage|p2b: Sneasler|45/100|[from] Sandstorm
|-damage|p2a: Primarina|69/100|[from] Sandstorm
|-heal|p2b: Sneasler|51/100|[from] Grassy Terrain
|-heal|p2a: Primarina|75/100|[from] Grassy Terrain
|upkeep
|
|t:|1757650768
|switch|p1b: Excadrill|Excadrill, L50, F|100/100
|switch|p1a: Indeedee|Indeedee, L50, M|100/100
|-fieldstart|move: Psychic Terrain|[from] ability: Psychic Surge|[of] p1a: Indeedee
|turn|5
|inactive|I_HATE_BABAGANOUSH has 30 seconds left.
|
|t:|1757650794
|move|p2b: Sneasler|Protect|p2b: Sneasler
|-singleturn|p2b: Sneasler|Protect
|move|p1b: Excadrill|Protect|p1b: Excadrill
|-singleturn|p1b: Excadrill|Protect
|move|p1a: Indeedee|Expanding Force|p2b: Sneasler|[spread] p2a
|-activate|p2b: Sneasler|move: Protect
|-supereffective|p2a: Primarina
|-damage|p2a: Primarina|0 fnt
|faint|p2a: Primarina
|
|-weather|none
|-sideend|p2: I_HATE_BABAGANOUSH|move: Tailwind
|upkeep
|turn|6
|
|t:|1757650809
|move|p2b: Sneasler|Close Combat|p1b: Excadrill
|-supereffective|p1b: Excadrill
|-enditem|p1b: Excadrill|Focus Sash
|-damage|p1b: Excadrill|1/100
|-unboost|p2b: Sneasler|def|1
|-unboost|p2b: Sneasler|spd|1
|move|p1a: Indeedee|Expanding Force|p2b: Sneasler
|-supereffective|p2b: Sneasler
|-damage|p2b: Sneasler|0 fnt
|faint|p2b: Sneasler
|
|win|TheBallistic1
|inactive|TheBallistic1 has 30 seconds to confirm battle start!
|inactive|I_HATE_BABAGANOUSH has 30 seconds to confirm battle start!
||TheBallistic1 is ready for game 3.
|l|☆TheBallistic1
|player|p1|
|inactive|I_HATE_BABAGANOUSH has 20 seconds to confirm battle start!
|inactive|I_HATE_BABAGANOUSH has 10 seconds to confirm battle start!
|uhtml|next|Next: Game 3 of 3
|j|☆TheBallistic1
|player|p1|TheBallistic1|101|
|l|☆TheBallistic1
|player|p1|
