|j|☆toxicwofl
|j|☆rdw39
|html|toxicwoflrdw39    
|uhtml|bestof|Game 1 of a best-of-3
|t:|1756803667
|gametype|doubles
|player|p1|toxicwofl|cynthia|1085
|player|p2|rdw39|169|1079
|gen|9
|tier|[Gen 9] VGC 2025 Reg H (Bo3)
|rated|
|rule|Species Clause: Limit one of each Pokémon
|rule|Item Clause: Limit 1 of each item
|clearpoke
|poke|p1|Sneasler, L50, F|
|poke|p1|Indeedee, L50, M|
|poke|p1|Ursaluna-Bloodmoon, L50, M|
|poke|p1|Annihilape, L50, F|
|poke|p1|Tyranitar, L50, M|
|poke|p1|Maushold-Four, L50|
|poke|p2|Sneasler, L50, F|
|poke|p2|Indeedee, L50, M|
|poke|p2|Ursaluna-Bloodmoon, L50, M|
|poke|p2|Electabuzz, L50, M|
|poke|p2|Incineroar, L50, M|
|poke|p2|Talonflame, L50, F|
|teampreview|4
|showteam|p1|Sneasler||PsychicSeed|Unburden|CloseCombat,DireClaw,ThroatChop,Protect|||F|||50|,,,,,Dark]Indeedee||ChoiceScarf|PsychicSurge|ExpandingForce,TeraBlast,Trick,Protect|||M|||50|,,,,,Psychic]Ursaluna-Bloodmoon||LifeOrb|MindsEye|BloodMoon,HyperVoice,EarthPower,Protect|||M|||50|,,,,,Normal]Annihilape||SafetyGoggles|Defiant|DrainPunch,RageFist,BulkUp,FinalGambit|||F|||50|,,,,,Fairy]Tyranitar||AssaultVest|SandStream|RockSlide,KnockOff,TeraBlast,LowKick|||M|||50|,,,,,Flying]Maushold-Four||CovertCloak|FriendGuard|FollowMe,Taunt,Protect,PopulationBomb||||||50|,,,,,Normal
|showteam|p2|Sneasler||PsychicSeed|Unburden|CloseCombat,DireClaw,ThroatChop,Protect|||F|||50|,,,,,Dark]Indeedee||FocusSash|PsychicSurge|ExpandingForce,TrickRoom,HelpingHand,Protect|||M|||50|,,,,,Psychic]Ursaluna-Bloodmoon||LifeOrb|MindsEye|BloodMoon,HyperVoice,EarthPower,Protect|||M|||50|,,,,,Normal]Electabuzz||Eviolite|VitalSpirit|Electroweb,FollowMe,Taunt,Protect|||M|||50|,,,,,Dragon]Incineroar||SafetyGoggles|Intimidate|FlareBlitz,KnockOff,PartingShot,FakeOut|||M|||50|,,,,,Ghost]Talonflame||CovertCloak|GaleWings|FlareBlitz,DualWingbeat,WillOWisp,Tailwind|||F|||50|,,,,,Fairy
|
|t:|1756803709
|teamsize|p1|4
|teamsize|p2|4
|start
|switch|p1a: Sneasler|Sneasler, L50, F|100/100
|switch|p1b: Tyranitar|Tyranitar, L50, M|100/100
|switch|p2a: Talonflame|Talonflame, L50, F|100/100
|switch|p2b: Ursaluna|Ursaluna-Bloodmoon, L50, M|100/100
|-weather|Sandstorm|[from] ability: Sand Stream|[of] p1b: Tyranitar
|turn|1
|inactive|Battle timer is ON: inactive players will automatically lose when time's up. (requested by rdw39)
|
|t:|1756803737
|switch|p2b: Incineroar|Incineroar, L50, M|100/100
|-ability|p2b: Incineroar|Intimidate|boost
|-unboost|p1a: Sneasler|atk|1
|-unboost|p1b: Tyranitar|atk|1
|move|p2a: Talonflame|Tailwind|p2a: Talonflame
|-sidestart|p2: rdw39|move: Tailwind
|move|p1a: Sneasler|Close Combat|p2b: Incineroar
|-supereffective|p2b: Incineroar
|-damage|p2b: Incineroar|6/100
|-unboost|p1a: Sneasler|def|1
|-unboost|p1a: Sneasler|spd|1
|move|p1b: Tyranitar|Rock Slide|p2b: Incineroar|[spread] p2a,p2b
|-supereffective|p2a: Talonflame
|-supereffective|p2b: Incineroar
|-damage|p2a: Talonflame|0 fnt
|-damage|p2b: Incineroar|0 fnt
|faint|p2a: Talonflame
|faint|p2b: Incineroar
|
|-weather|Sandstorm|[upkeep]
|-damage|p1a: Sneasler|95/100|[from] Sandstorm
|upkeep
|
|t:|1756803753
|switch|p2a: Ursaluna|Ursaluna-Bloodmoon, L50, M|100/100
|switch|p2b: Sneasler|Sneasler, L50, F|100/100
|turn|2
|inactive|rdw39 has 30 seconds left.
|inactive|rdw39 has 20 seconds left.
|inactive|rdw39 has 15 seconds left.
|inactive|rdw39 has 10 seconds left.
|
|t:|1756803803
|switch|p1b: Annihilape|Annihilape, L50, F|100/100
|move|p1a: Sneasler|Protect|p1a: Sneasler
|-singleturn|p1a: Sneasler|Protect
|move|p2b: Sneasler|Close Combat|p1a: Sneasler
|-activate|p1a: Sneasler|move: Protect
|move|p2a: Ursaluna|Blood Moon|p1b: Annihilape
|-damage|p1b: Annihilape|5/100
|-damage|p2a: Ursaluna|91/100|[from] item: Life Orb
|
|-weather|Sandstorm|[upkeep]
|-damage|p2b: Sneasler|95/100|[from] Sandstorm
|-damage|p1a: Sneasler|89/100|[from] Sandstorm
|upkeep
|turn|3
|inactive|toxicwofl has 30 seconds left.
|inactive|toxicwofl has 20 seconds left.
|inactive|toxicwofl has 15 seconds left.
|inactive|toxicwofl has 10 seconds left.
|
|t:|1756803851
|switch|p1a: Tyranitar|Tyranitar, L50, M|100/100
|move|p2b: Sneasler|Dire Claw|p1a: Tyranitar
|-resisted|p1a: Tyranitar
|-damage|p1a: Tyranitar|82/100
|-status|p1a: Tyranitar|slp
|move|p2a: Ursaluna|Hyper Voice|p1b: Annihilape|[spread] p1a,p1b
|-resisted|p1a: Tyranitar
|-damage|p1a: Tyranitar|70/100 slp
|-damage|p1b: Annihilape|0 fnt
|faint|p1b: Annihilape
|-damage|p2a: Ursaluna|81/100|[from] item: Life Orb
|
|-weather|Sandstorm|[upkeep]
|-damage|p2b: Sneasler|89/100|[from] Sandstorm
|upkeep
|
|t:|1756803870
|switch|p1b: Sneasler|Sneasler, L50, F|89/100
|turn|4
|inactive|rdw39 has 30 seconds left.
|inactive|rdw39 has 20 seconds left.
|inactive|rdw39 has 15 seconds left.
|
|t:|1756803915
|-terastallize|p2b: Sneasler|Dark
|-terastallize|p1a: Tyranitar|Flying
|move|p1b: Sneasler|Protect|p1b: Sneasler
|-singleturn|p1b: Sneasler|Protect
|move|p2b: Sneasler|Throat Chop|p1a: Tyranitar
|-damage|p1a: Tyranitar|27/100 slp
|-start|p1a: Tyranitar|Throat Chop|[silent]
|move|p2a: Ursaluna|Blood Moon|p1b: Sneasler
|-activate|p1b: Sneasler|move: Protect
|cant|p1a: Tyranitar|slp
|
|-weather|Sandstorm|[upkeep]
|-damage|p2b: Sneasler|83/100|[from] Sandstorm
|-damage|p1b: Sneasler|83/100|[from] Sandstorm
|-damage|p1a: Tyranitar|22/100 slp|[from] Sandstorm
|-sideend|p2: rdw39|move: Tailwind
|upkeep
|turn|5
|inactive|toxicwofl has 30 seconds left.
|
|t:|1756803941
|switch|p1a: Indeedee|Indeedee, L50, M|100/100
|-fieldstart|move: Psychic Terrain|[from] ability: Psychic Surge|[of] p1a: Indeedee
|-enditem|p1b: Sneasler|Psychic Seed
|-boost|p1b: Sneasler|spd|1|[from] item: Psychic Seed
|-enditem|p2b: Sneasler|Psychic Seed
|-boost|p2b: Sneasler|spd|1|[from] item: Psychic Seed
|move|p2b: Sneasler|Protect|p2b: Sneasler
|-singleturn|p2b: Sneasler|Protect
|move|p1b: Sneasler|Close Combat|p2a: Ursaluna
|-supereffective|p2a: Ursaluna
|-damage|p2a: Ursaluna|0 fnt
|-unboost|p1b: Sneasler|def|1
|-unboost|p1b: Sneasler|spd|1
|faint|p2a: Ursaluna
|
|-weather|none
|upkeep
|turn|6
|-message|rdw39 forfeited.
|
|win|toxicwofl
||rdw39 is ready for game 2.
||toxicwofl is ready for game 2.
|uhtml|next|Next: Game 2 of 3
|l|☆toxicwofl
|player|p1|
