|j|☆PreparationHHH
|j|☆zmdkdksks
|html|PreparationHHHzmdkdksks    
|uhtml|bestof|Game 2 of a best-of-3
|t:|1757854601
|gametype|doubles
|player|p1|PreparationHHH|zinzolin|1117
|player|p2|zmdkdksks|iris-gen5bw2|1000
|gen|9
|tier|[Gen 9] VGC 2025 Reg H (Bo3)
|rated|
|rule|Species Clause: Limit one of each Pokémon
|rule|Item Clause: Limit 1 of each item
|clearpoke
|poke|p1|Toedscruel, L50, F|
|poke|p1|Weezing-Galar, L50, F|
|poke|p1|Pelipper, L50, F|
|poke|p1|Archaludon, L50, M|
|poke|p1|Comfey, L50, F|
|poke|p1|Kingdra, L50, M|
|poke|p2|Kommo-o, L50, M|
|poke|p2|Sneasler, L50, M|
|poke|p2|Rillaboom, L50, F|
|poke|p2|Garganacl, L50, M|
|poke|p2|Ursaluna-Bloodmoon, L50, M|
|poke|p2|Sableye, L50, M|
|teampreview|4
|showteam|p1|Toedscruel||CovertCloak|MyceliumMight|Spore,BulletSeed,Protect,EarthPower|||F|||50|,,,,,Water]Weezing-Galar||SitrusBerry|NeutralizingGas|Taunt,SludgeBomb,Protect,DazzlingGleam|||F|||50|,,,,,Ghost]Pelipper||ChoiceScarf|Drizzle|WeatherBall,Hurricane,Tailwind,Uturn|||F|||50|,,,,,Ghost]Archaludon||AssaultVest|Stamina|ElectroShot,Snarl,BodyPress,FlashCannon|||M|||50|,,,,,Grass]Comfey||SafetyGoggles|Triage|DrainingKiss,FloralHealing,LightScreen,Protect|||F|||50|,,,,,Steel]Kingdra||LifeOrb|SwiftSwim|WeatherBall,Surf,DracoMeteor,Protect|||M|||50|,,,,,Steel
|showteam|p2|Kommo-o||SitrusBerry|Overcoat|Coaching,BreakingSwipe,Protect,BodyPress|||M|||50|,,,,,Steel]Sneasler||GrassySeed|Unburden|CloseCombat,DireClaw,Protect,ThroatChop|||M|||50|,,,,,Stellar]Rillaboom||AssaultVest|GrassySurge|Uturn,WoodHammer,FakeOut,GrassyGlide|||F|||50|,,,,,Fire]Garganacl||CovertCloak|PurifyingSalt|SaltCure,WideGuard,RockSlide,Recover|||M|||50|,,,,,Water]Ursaluna-Bloodmoon||LifeOrb|MindsEye|BloodMoon,HyperVoice,EarthPower,Protect|||M|||50|,,,,,Normal]Sableye||SafetyGoggles|Prankster|Taunt,Quash,FoulPlay,WillOWisp|||M|||50|,,,,,Dragon
|inactive|Battle timer is ON: inactive players will automatically lose when time's up. (requested by zmdkdksks)
|
|t:|1757854618
|teamsize|p1|4
|teamsize|p2|4
|start
|switch|p1a: Weezing|Weezing-Galar, L50, F|100/100
|switch|p1b: Toedscruel|Toedscruel, L50, F|100/100
|switch|p2a: Rillaboom|Rillaboom, L50, F|100/100
|switch|p2b: Sableye|Sableye, L50, M|100/100
|-ability|p1a: Weezing|Neutralizing Gas
|turn|1
|inactive|PreparationHHH has 30 seconds left.
|inactive|PreparationHHH has 20 seconds left.
|inactive|PreparationHHH has 15 seconds left.
|
|t:|1757854662
|-terastallize|p1a: Weezing|Ghost
|move|p1b: Toedscruel|Protect|p1b: Toedscruel
|-singleturn|p1b: Toedscruel|Protect
|move|p2a: Rillaboom|Fake Out|p1a: Weezing
|-immune|p1a: Weezing
|move|p1a: Weezing|Taunt|p2b: Sableye
|-start|p2b: Sableye|move: Taunt
|cant|p2b: Sableye|move: Taunt|Taunt
|
|upkeep
|turn|2
|
|t:|1757854678
|move|p1b: Toedscruel|Earth Power|p2b: Sableye
|-damage|p2b: Sableye|70/100
|move|p1a: Weezing|Sludge Bomb|p2a: Rillaboom
|-supereffective|p2a: Rillaboom
|-damage|p2a: Rillaboom|63/100
|move|p2a: Rillaboom|Wood Hammer|p1b: Toedscruel
|-damage|p1b: Toedscruel|9/100
|-damage|p2a: Rillaboom|36/100|[from] Recoil
|move|p2b: Sableye|Foul Play|p1a: Weezing
|-supereffective|p1a: Weezing
|-damage|p1a: Weezing|55/100
|
|upkeep
|turn|3
|
|t:|1757854703
|switch|p1b: Pelipper|Pelipper, L50, F|100/100
|move|p1a: Weezing|Dazzling Gleam|p2a: Rillaboom|[spread] p2a,p2b
|-supereffective|p2b: Sableye
|-damage|p2a: Rillaboom|23/100
|-damage|p2b: Sableye|27/100
|move|p2a: Rillaboom|U-turn|p1b: Pelipper
|-resisted|p1b: Pelipper
|-crit|p1b: Pelipper
|-damage|p1b: Pelipper|73/100
|
|t:|1757854712
|switch|p2a: Ursaluna|Ursaluna-Bloodmoon, L50, M|100/100|[from] U-turn
|move|p2b: Sableye|Foul Play|p1a: Weezing
|-supereffective|p1a: Weezing
|-damage|p1a: Weezing|10/100
|-enditem|p1a: Weezing|Sitrus Berry|[eat]
|-heal|p1a: Weezing|35/100|[from] item: Sitrus Berry
|
|-end|p2b: Sableye|move: Taunt
|upkeep
|turn|4
|inactive|PreparationHHH has 30 seconds left.
|
|t:|1757854741
|switch|p1b: Toedscruel|Toedscruel, L50, F|9/100
|switch|p2b: Rillaboom|Rillaboom, L50, F|23/100
|-terastallize|p2a: Ursaluna|Normal
|move|p1a: Weezing|Taunt|p2b: Rillaboom
|-start|p2b: Rillaboom|move: Taunt
|move|p2a: Ursaluna|Blood Moon|p1b: Toedscruel
|-damage|p1b: Toedscruel|0 fnt
|faint|p1b: Toedscruel
|-damage|p2a: Ursaluna|90/100|[from] item: Life Orb
|
|upkeep
|
|t:|1757854762
|switch|p1b: Kingdra|Kingdra, L50, M|100/100
|turn|5
|
|t:|1757854768
|move|p1b: Kingdra|Protect|p1b: Kingdra
|-singleturn|p1b: Kingdra|Protect
|move|p2b: Rillaboom|Fake Out|p1b: Kingdra
|-activate|p1b: Kingdra|move: Protect
|move|p1a: Weezing|Sludge Bomb|p2b: Rillaboom
|-supereffective|p2b: Rillaboom
|-damage|p2b: Rillaboom|0 fnt
|faint|p2b: Rillaboom
|move|p2a: Ursaluna|Earth Power|p1a: Weezing
|-damage|p1a: Weezing|0 fnt
|faint|p1a: Weezing
|-end|p1a: Weezing|ability: Neutralizing Gas
|-damage|p2a: Ursaluna|80/100|[from] item: Life Orb
|
|upkeep
|
|t:|1757854780
|switch|p1a: Pelipper|Pelipper, L50, F|73/100
|switch|p2b: Sableye|Sableye, L50, M|27/100
|-weather|RainDance|[from] ability: Drizzle|[of] p1a: Pelipper
|turn|6
|
|t:|1757854797
|move|p2b: Sableye|Quash|p1b: Kingdra
|-activate|p1b: Kingdra|move: Quash
|move|p1a: Pelipper|Weather Ball|p2a: Ursaluna
|-damage|p2a: Ursaluna|2/100
|move|p2a: Ursaluna|Hyper Voice|p1a: Pelipper|[spread] p1a,p1b
|-damage|p1a: Pelipper|0 fnt
|-damage|p1b: Kingdra|25/100
|faint|p1a: Pelipper
|-damage|p2a: Ursaluna|0 fnt|[from] item: Life Orb
|faint|p2a: Ursaluna
|move|p1b: Kingdra|Weather Ball|p2b: Sableye
|-damage|p2b: Sableye|0 fnt
|faint|p2b: Sableye
|-damage|p1b: Kingdra|16/100|[from] item: Life Orb
|
|-weather|RainDance|[upkeep]
|upkeep
|
|t:|1757854800
|switch|p2b: Sneasler|Sneasler, L50, M|100/100
|turn|7
|inactive|PreparationHHH has 30 seconds left.
|
|t:|1757854831
|move|p1b: Kingdra|Draco Meteor|p2b: Sneasler
|-damage|p2b: Sneasler|2/100
|-unboost|p1b: Kingdra|spa|2
|-damage|p1b: Kingdra|6/100|[from] item: Life Orb
|move|p2b: Sneasler|Dire Claw|p1b: Kingdra
|-damage|p1b: Kingdra|0 fnt
|faint|p1b: Kingdra
|
|win|zmdkdksks
||zmdkdksks is ready for game 3.
|l|☆zmdkdksks
|player|p2|
||PreparationHHH is ready for game 3.
|uhtml|next|Next: Game 3 of 3
