|j|☆LAS3R
|j|☆gazellevgc
|html|LAS3Rgazellevgc    
|uhtml|bestof|Game 1 of a best-of-3
|t:|1783854243
|gametype|doubles
|player|p1|LAS3R|lance|
|player|p2|gazellevgc|jasmine|
|gen|9
|tier|[Gen 9 Champions] VGC 2026 Reg M-B (Bo3)
|rule|Species Clause: Limit one of each Pokémon
|rule|Item Clause: Limit 1 of each item
|clearpoke
|poke|p1|Incineroar, L50, F|
|poke|p1|Kingambit, L50, M|
|poke|p1|Sneasler, L50, F|
|poke|p1|Floette-Eternal, L50, F|
|poke|p1|Sinistcha, L50|
|poke|p1|Delphox, L50, F, shiny|
|poke|p2|Golurk, L50, shiny|
|poke|p2|Sylveon, L50, M, shiny|
|poke|p2|Incineroar, L50, M|
|poke|p2|Farigiraf, L50, F, shiny|
|poke|p2|Sneasler, L50, M, shiny|
|poke|p2|Torkoal, L50, F, shiny|
|teampreview|4
|showteam|p1|Incineroar||SitrusBerry|Intimidate|FlareBlitz,DarkestLariat,FakeOut,PartingShot|Careful||F|||50|]Kingambit||ChopleBerry|Defiant|KowtowCleave,IronHead,SuckerPunch,Protect|Adamant||M|||50|]Sneasler||FocusSash|PoisonTouch|CloseCombat,PoisonJab,FakeOut,QuickGuard|Jolly||F|||50|]Floette-Eternal||Floettite|FlowerVeil|DazzlingGleam,DrainingKiss,CalmMind,Protect|Bold||F|||50|]Sinistcha||KasibBerry|Hospitality|MatchaGotcha,RagePowder,TrickRoom,Protect|Bold|||||50|]Delphox||Delphoxite|Blaze|HeatWave,Psyshock,NastyPlot,Protect|Modest||F|||50|
|showteam|p2|Golurk||Golurkite|NoGuard|HeadlongRush,Protect,IcePunch,Poltergeist|Brave|||||50|]Sylveon||FairyFeather|Pixilate|HyperVoice,Detect,CalmMind,HyperBeam|Quiet||M|||50|]Incineroar||SitrusBerry|Intimidate|FlareBlitz,PartingShot,FakeOut,DarkestLariat|Adamant||M|||50|]Farigiraf||ColburBerry|ArmorTail|PsychicNoise,HelpingHand,Thunderbolt,TrickRoom|Quiet||F|||50|]Sneasler||FocusSash|Unburden|CloseCombat,PoisonJab,RockSlide,FakeOut|Adamant||M|||50|]Torkoal||Charcoal|Drought|Eruption,WeatherBall,HeatWave,Protect|Quiet||F|||50|
|inactive|Battle timer is ON: inactive players will automatically lose when time's up. (requested by LAS3R)
|inactive|LAS3R has 60 seconds left.
|j| xeb41
|
|t:|1783854303
|teamsize|p1|4
|teamsize|p2|4
|start
|switch|p1a: Floette|Floette-Eternal, L50, F|100/100
|switch|p1b: Incineroar|Incineroar, L50, F|100/100
|switch|p2a: Farigiraf|Farigiraf, L50, F, shiny|100/100
|switch|p2b: Giandam|Sneasler, L50, M, shiny|100/100
|-ability|p1b: Incineroar|Intimidate|boost
|-unboost|p2a: Farigiraf|atk|1
|-unboost|p2b: Giandam|atk|1
|turn|1
|inactive|LAS3R has 30 seconds left.
|inactive|LAS3R has 20 seconds left.
|inactive|LAS3R has 15 seconds left.
|inactive|LAS3R has 10 seconds left.
|
|t:|1783854352
|move|p1a: Floette|Protect|p1a: Floette
|-singleturn|p1a: Floette|Protect
|move|p2b: Giandam|Fake Out|p1a: Floette
|-activate|p1a: Floette|move: Protect
|move|p1b: Incineroar|Parting Shot|p2b: Giandam
|-unboost|p2b: Giandam|atk|1
|-unboost|p2b: Giandam|spa|1
|
|t:|1783854362
|switch|p1b: Kingambit|Kingambit, L50, M|100/100|[from] Parting Shot
|move|p2a: Farigiraf|Trick Room|p2a: Farigiraf
|-fieldstart|move: Trick Room|[of] p2a: Farigiraf
|
|upkeep
|turn|2
|
|t:|1783854385
|detailschange|p1a: Floette|Floette-Mega, L50, F
|-mega|p1a: Floette|Floette|Floettite
|-ability|p1a: Floette|Fairy Aura
|move|p2a: Farigiraf|Helping Hand|p2b: Giandam
|-singleturn|p2b: Giandam|Helping Hand|[of] p2a: Farigiraf
|move|p1b: Kingambit|Iron Head|p2b: Giandam
|-damage|p2b: Giandam|16/100
|move|p1a: Floette|Dazzling Gleam|p2b: Giandam|[spread] p2a,p2b
|-damage|p2a: Farigiraf|65/100
|-damage|p2b: Giandam|0 fnt
|faint|p2b: Giandam
|
|upkeep
|
|t:|1783854397
|switch|p2b: Ventous|Torkoal, L50, F, shiny|100/100
|-weather|SunnyDay|[from] ability: Drought|[of] p2b: Ventous
|turn|3
|
|t:|1783854419
|move|p2a: Farigiraf|Helping Hand|p2b: Ventous
|-singleturn|p2b: Ventous|Helping Hand|[of] p2a: Farigiraf
|move|p1b: Kingambit|Protect|p1b: Kingambit
|-singleturn|p1b: Kingambit|Protect
|move|p1a: Floette|Protect|p1a: Floette
|-singleturn|p1a: Floette|Protect
|move|p2b: Ventous|Eruption|p1a: Floette|[spread] 
|-activate|p1a: Floette|move: Protect
|-activate|p1b: Kingambit|move: Protect
|
|-weather|SunnyDay|[upkeep]
|upkeep
|turn|4
|inactive|LAS3R has 30 seconds left.
|inactive|LAS3R has 20 seconds left.
|
|t:|1783854456
|switch|p1b: Incineroar|Incineroar, L50, F|100/100
|-ability|p1b: Incineroar|Intimidate|boost
|-unboost|p2a: Farigiraf|atk|1
|-unboost|p2b: Ventous|atk|1
|move|p2a: Farigiraf|Helping Hand|p2b: Ventous
|-singleturn|p2b: Ventous|Helping Hand|[of] p2a: Farigiraf
|move|p2b: Ventous|Eruption|p1a: Floette|[spread] p1a,p1b
|-resisted|p1b: Incineroar|1
|-damage|p1a: Floette|0 fnt
|-damage|p1b: Incineroar|46/100
|-enditem|p1b: Incineroar|Sitrus Berry|[eat]
|-heal|p1b: Incineroar|71/100|[from] item: Sitrus Berry
|faint|p1a: Floette
|
|-weather|SunnyDay|[upkeep]
|upkeep
|
|t:|1783854472
|switch|p1a: Kingambit|Kingambit, L50, M|100/100
|turn|5
|
|t:|1783854493
|switch|p2a: Xeb41|Golurk, L50, shiny|100/100
|move|p1a: Kingambit|Protect|p1a: Kingambit
|-singleturn|p1a: Kingambit|Protect
|move|p2b: Ventous|Eruption|p1a: Kingambit|[spread] p1b
|-activate|p1a: Kingambit|move: Protect
|-resisted|p1b: Incineroar|1
|-damage|p1b: Incineroar|34/100
|move|p1b: Incineroar|Darkest Lariat|p2a: Xeb41
|-supereffective|p2a: Xeb41|1
|-damage|p2a: Xeb41|40/100
|
|-weather|SunnyDay|[upkeep]
|-fieldend|move: Trick Room
|upkeep
|turn|6
|inactive|LAS3R has 30 seconds left.
|inactive|gazellevgc has 30 seconds left.
|inactive|LAS3R has 20 seconds left.
|inactive|LAS3R has 15 seconds left.
|
|t:|1783854534
|switch|p2a: Farigiraf|Farigiraf, L50, F, shiny|65/100
|move|p1a: Kingambit|Sucker Punch||[still]
|cant|p2a: Farigiraf|ability: Armor Tail|Sucker Punch|[of] p1a: Kingambit
|move|p1b: Incineroar|Parting Shot|p2b: Ventous
|-unboost|p2b: Ventous|atk|1
|-unboost|p2b: Ventous|spa|1
|
|t:|1783854545
|switch|p1b: Sinistcha|Sinistcha, L50|100/100|[from] Parting Shot
|move|p2b: Ventous|Heat Wave|p1a: Kingambit|[spread] p1a,p1b
|-supereffective|p1a: Kingambit|1
|-supereffective|p1b: Sinistcha|1
|-damage|p1a: Kingambit|27/100
|-damage|p1b: Sinistcha|21/100
|
|-weather|SunnyDay|[upkeep]
|upkeep
|turn|7
|
|t:|1783854568
|move|p1b: Sinistcha|Matcha Gotcha|p2a: Farigiraf|[spread] p2a,p2b
|-resisted|p2b: Ventous|1
|-damage|p2a: Farigiraf|43/100
|-heal|p1b: Sinistcha|35/100|[from] drain|[of] p2a: Farigiraf
|-damage|p2b: Ventous|85/100
|-heal|p1b: Sinistcha|42/100|[from] drain|[of] p2b: Ventous
|move|p1a: Kingambit|Kowtow Cleave|p2b: Ventous
|-damage|p2b: Ventous|41/100
|move|p2b: Ventous|Eruption|p1a: Kingambit|[spread] p1a,p1b
|-supereffective|p1a: Kingambit|1
|-supereffective|p1b: Sinistcha|1
|-damage|p1a: Kingambit|0 fnt
|-damage|p1b: Sinistcha|0 fnt
|faint|p1a: Kingambit
|faint|p1b: Sinistcha
|move|p2a: Farigiraf|Trick Room|p2a: Farigiraf
|-fieldstart|move: Trick Room|[of] p2a: Farigiraf
|
|-weather|none
|upkeep
|
|t:|1783854587
|switch|p1b: Incineroar|Incineroar, L50, F|34/100
|-ability|p1b: Incineroar|Intimidate|boost
|-unboost|p2a: Farigiraf|atk|1
|-unboost|p2b: Ventous|atk|1
|turn|8
|
|t:|1783854598
|move|p2b: Ventous|Weather Ball|p1b: Incineroar
|-damage|p1b: Incineroar|26/100
|move|p2a: Farigiraf|Thunderbolt|p1b: Incineroar
|-crit|p1b: Incineroar
|-damage|p1b: Incineroar|0 fnt
|faint|p1b: Incineroar
|
|win|gazellevgc
|inactive|LAS3R has 30 seconds to confirm battle start!
|inactive|gazellevgc has 30 seconds to confirm battle start!
||gazellevgc is ready for game 2.
||LAS3R is ready for game 2.
|uhtml|next|Next: Game 2 of 3
