|j|☆natsukivgc
|j|☆bananapanner
|html|natsukivgcbananapanner    
|uhtml|bestof|Game 1 of a best-of-3
|t:|1785469801
|gametype|doubles
|player|p1|natsukivgc|1|1081
|player|p2|bananapanner|wattson|1025
|gen|9
|tier|[Gen 9 Champions] VGC 2026 Reg M-B (Bo3)
|rated|
|rule|Species Clause: Limit one of each Pokémon
|rule|Item Clause: Limit 1 of each item
|clearpoke
|poke|p1|Charizard, L50, M|
|poke|p1|Sneasler, L50, M|
|poke|p1|Kingambit, L50, M|
|poke|p1|Dragonite, L50, F|
|poke|p1|Floette-Eternal, L50, F|
|poke|p1|Whimsicott, L50, F|
|poke|p2|Pelipper, L50, M|
|poke|p2|Swampert, L50, F|
|poke|p2|Corviknight, L50, F|
|poke|p2|Sinistcha, L50|
|poke|p2|Araquanid, L50, M|
|poke|p2|Azumarill, L50, M|
|teampreview|4
|showteam|p1|Charizard||CharizarditeY|Blaze|HeatWave,SolarBeam,WeatherBall,Protect|Modest||M|||50|]Sneasler||WhiteHerb|Unburden|CloseCombat,DireClaw,FakeOut,Coaching|Jolly||M|||50|]Kingambit||BlackGlasses|Defiant|KowtowCleave,SuckerPunch,SwordsDance,Protect|Adamant||M|||50|]Dragonite||LifeOrb|InnerFocus|DragonClaw,LowKick,ExtremeSpeed,Protect|Adamant||F|||50|]Floette-Eternal||Floettite|FlowerVeil|Moonblast,DazzlingGleam,LightofRuin,Protect|Modest||F|||50|]Whimsicott||FocusSash|Prankster|Moonblast,Tailwind,Encore,Protect|Timid||F|||50|
|showteam|p2|Pelipper||FocusSash|Drizzle|Hurricane,WeatherBall,Tailwind,WideGuard|Modest||M|||50|]Swampert||Swampertite|Torrent|Earthquake,WaveCrash,IcePunch,FlipTurn|Adamant||F|||50|]Corviknight||Leftovers|MirrorArmor|BraveBird,IronHead,Tailwind,Protect|Impish||F|||50|]Sinistcha||CobaBerry|Hospitality|MatchaGotcha,RagePowder,LifeDew,TrickRoom|Relaxed|||||50|]Araquanid||MysticWater|WaterBubble|Liquidation,BugBite,WideGuard,RainDance|Brave||M|||50|]Azumarill||SitrusBerry|HugePower|BellyDrum,Waterfall,AquaJet,PlayRough|Brave||M|||50|
|c|☆bananapanner|I'm gonna be honestly
|
|t:|1785469859
|teamsize|p1|4
|teamsize|p2|4
|start
|switch|p1a: Sneasler|Sneasler, L50, M|100/100
|switch|p1b: Dragonite|Dragonite, L50, F|100/100
|switch|p2a: Araquanid|Araquanid, L50, M|100/100
|switch|p2b: Sinistcha|Sinistcha, L50|100/100
|turn|1
|c|☆bananapanner|this is my champs team but in a open sheets
|c|☆bananapanner|glhf
|
|t:|1785469902
|move|p1a: Sneasler|Fake Out|p2a: Araquanid
|-damage|p2a: Araquanid|85/100
|move|p1b: Dragonite|Dragon Claw|p2a: Araquanid
|-damage|p2a: Araquanid|13/100
|-damage|p1b: Dragonite|90/100|[from] item: Life Orb
|move|p2b: Sinistcha|Matcha Gotcha|p1b: Dragonite|[spread] p1a,p1b
|-resisted|p1a: Sneasler|1
|-resisted|p1b: Dragonite|2
|-damage|p1a: Sneasler|82/100
|-damage|p1b: Dragonite|84/100
|cant|p2a: Araquanid|flinch
|
|upkeep
|turn|2
|c|☆natsukivgc|glhf
|
|t:|1785469942
|switch|p2a: Azumarill|Azumarill, L50, M|100/100
|move|p1a: Sneasler|Dire Claw|p2a: Azumarill
|-supereffective|p2a: Azumarill|1
|-damage|p2a: Azumarill|11/100
|-enditem|p2a: Azumarill|Sitrus Berry|[eat]
|-heal|p2a: Azumarill|36/100|[from] item: Sitrus Berry
|move|p1b: Dragonite|Dragon Claw|p2a: Azumarill
|-immune|p2a: Azumarill
|move|p2b: Sinistcha|Trick Room|p2b: Sinistcha
|-fieldstart|move: Trick Room|[of] p2b: Sinistcha
|
|upkeep
|turn|3
|
|t:|1785469969
|move|p1b: Dragonite|Protect|p1b: Dragonite
|-singleturn|p1b: Dragonite|Protect
|move|p2b: Sinistcha|Rage Powder|p2b: Sinistcha
|-singleturn|p2b: Sinistcha|move: Rage Powder
|move|p2a: Azumarill|Belly Drum||[still]
|-fail|p2a: Azumarill
|move|p1a: Sneasler|Dire Claw|p2b: Sinistcha
|-damage|p2b: Sinistcha|72/100
|-status|p2b: Sinistcha|psn
|
|-damage|p2b: Sinistcha|60/100 psn|[from] psn
|upkeep
|turn|4
|
|t:|1785469995
|switch|p1b: Floette|Floette-Eternal, L50, F|100/100
|move|p2a: Azumarill|Aqua Jet|p1a: Sneasler
|-damage|p1a: Sneasler|40/100
|move|p2b: Sinistcha|Matcha Gotcha|p1b: Floette|[spread] p1a,p1b
|-resisted|p1a: Sneasler|1
|-damage|p1a: Sneasler|22/100
|-heal|p2b: Sinistcha|67/100 psn|[from] drain|[of] p1a: Sneasler
|-damage|p1b: Floette|78/100
|-heal|p2b: Sinistcha|77/100 psn|[from] drain|[of] p1b: Floette
|move|p1a: Sneasler|Dire Claw|p2a: Azumarill
|-supereffective|p2a: Azumarill|1
|-damage|p2a: Azumarill|0 fnt
|faint|p2a: Azumarill
|
|-damage|p2b: Sinistcha|65/100 psn|[from] psn
|upkeep
|
|t:|1785469998
|switch|p2a: Swampert|Swampert, L50, F|100/100
|turn|5
|
|t:|1785470027
|detailschange|p2a: Swampert|Swampert-Mega, L50, F
|-mega|p2a: Swampert|Swampert|Swampertite
|detailschange|p1b: Floette|Floette-Mega, L50, F
|-mega|p1b: Floette|Floette|Floettite
|-ability|p1b: Floette|Fairy Aura
|move|p1b: Floette|Protect|p1b: Floette
|-singleturn|p1b: Floette|Protect
|move|p2b: Sinistcha|Life Dew||[still]|[spread] p2a,p2b
|-fail|p2a: Swampert|heal
|-heal|p2b: Sinistcha|90/100 psn
|move|p2a: Swampert|Flip Turn|p1b: Floette
|-activate|p1b: Floette|move: Protect
|move|p1a: Sneasler|Coaching|p1b: Floette
|-boost|p1b: Floette|atk|1
|-boost|p1b: Floette|def|1
|
|-damage|p2b: Sinistcha|78/100 psn|[from] psn
|upkeep
|turn|6
|
|t:|1785470065
|switch|p2b: Araquanid|Araquanid, L50, M|13/100
|move|p2a: Swampert|Wave Crash|p1a: Sneasler
|-damage|p1a: Sneasler|0 fnt
|faint|p1a: Sneasler
|-damage|p2a: Swampert|93/100|[from] Recoil
|move|p1b: Floette|Moonblast|p2b: Araquanid
|-damage|p2b: Araquanid|0 fnt
|faint|p2b: Araquanid
|
|-fieldend|move: Trick Room
|upkeep
|
|t:|1785470094
|switch|p1a: Kingambit|Kingambit, L50, M|100/100
|switch|p2b: Sinistcha|Sinistcha, L50|78/100 psn
|-heal|p2a: Swampert|100/100|[from] ability: Hospitality|[of] p2b: Sinistcha
|turn|7
|
|t:|1785470117
|move|p1b: Floette|Dazzling Gleam|p2b: Sinistcha|[spread] p2a,p2b
|-damage|p2a: Swampert|53/100
|-damage|p2b: Sinistcha|15/100 psn
|move|p2a: Swampert|Earthquake|p1b: Floette|[spread] p2b,p1a,p1b
|-resisted|p2b: Sinistcha|1
|-supereffective|p1a: Kingambit|1
|-damage|p2b: Sinistcha|0 fnt
|-damage|p1a: Kingambit|23/100
|-damage|p1b: Floette|39/100
|faint|p2b: Sinistcha
|move|p1a: Kingambit|Kowtow Cleave|p2a: Swampert
|-damage|p2a: Swampert|7/100
|
|upkeep
|turn|8
|
|t:|1785470129
|move|p1a: Kingambit|Sucker Punch|p2a: Swampert
|-damage|p2a: Swampert|0 fnt
|faint|p2a: Swampert
|
|win|natsukivgc
