|j|☆Koiizumi
|j|☆Cucaro macaro
|html|KoiizumiCucaro macaro    
|uhtml|bestof|Game 1 of a best-of-3
|t:|1784161765
|gametype|doubles
|player|p1|Koiizumi|170|1272
|player|p2|Cucaro macaro|giovanni|1242
|gen|9
|tier|[Gen 9 Champions] VGC 2026 Reg M-B (Bo3)
|rated|
|rule|Species Clause: Limit one of each Pokémon
|rule|Item Clause: Limit 1 of each item
|clearpoke
|poke|p1|Raichu, L50, M|
|poke|p1|Mamoswine, L50, F|
|poke|p1|Sylveon, L50, F|
|poke|p1|Incineroar, L50, F|
|poke|p1|Sinistcha, L50|
|poke|p1|Basculegion, L50, M|
|poke|p2|Alakazam, L50, M|
|poke|p2|Corviknight, L50, M|
|poke|p2|Meowscarada, L50, M|
|poke|p2|Sneasler, L50, M, shiny|
|poke|p2|Arcanine-Hisui, L50, F|
|poke|p2|Primarina, L50, M, shiny|
|teampreview|4
|showteam|p1|Raichu||RaichuniteY|Static|ZapCannon,FocusBlast,FakeOut,Protect|Timid||M|||50|]Mamoswine||LifeOrb|Oblivious|HighHorsepower,IcicleCrash,IceShard,Protect|Adamant||F|||50|]Sylveon||FairyFeather|Pixilate|HyperVoice,HyperBeam,Detect,Yawn|Modest||F|||50|]Incineroar||PasshoBerry|Intimidate|ThroatChop,FlareBlitz,FakeOut,PartingShot|Impish||F|||50|]Sinistcha||SitrusBerry|Hospitality|RagePowder,MatchaGotcha,TrickRoom,Protect|Relaxed|||||50|]Basculegion||ChoiceScarf|Adaptability|WaveCrash,LastRespects,AquaJet,FlipTurn|Jolly||M|||50|
|showteam|p2|Alakazam||Alakazite|InnerFocus|Psychic,NastyPlot,DazzlingGleam,Protect|Timid||M|||50|]Corviknight||Leftovers|Pressure|Tailwind,Protect,BraveBird,BodyPress|Impish||M|||50|]Meowscarada||FocusSash|Overgrow|Protect,FlowerTrick,KnockOff,SuckerPunch|Jolly||M|||50|]Sneasler||WhiteHerb|Unburden|Protect,QuickGuard,DireClaw,CloseCombat|Adamant||M|||50|]Arcanine-Hisui||ChopleBerry|Intimidate|ExtremeSpeed,FlareBlitz,RockSlide,Protect|Jolly||F|||50|]Primarina||BrightPowder|LiquidVoice|HyperVoice,Moonblast,Protect,Amnesia|Calm||M|||50|
|l|☆Koiizumi
|player|p1|
|j|☆Koiizumi
|player|p1|Koiizumi|170|
|inactive|Battle timer is ON: inactive players will automatically lose when time's up. (requested by Koiizumi)
|inactive|Koiizumi has 60 seconds left.
|
|t:|1784161842
|teamsize|p1|4
|teamsize|p2|4
|start
|switch|p1a: Raichu|Raichu, L50, M|100/100
|switch|p1b: Mamoswine|Mamoswine, L50, F|100/100
|switch|p2a: Alakazam|Alakazam, L50, M|100/100
|switch|p2b: Primarina|Primarina, L50, M, shiny|100/100
|turn|1
|inactive|Koiizumi has 30 seconds left.
|inactive|Koiizumi has 20 seconds left.
|
|t:|1784161880
|detailschange|p2a: Alakazam|Alakazam-Mega, L50, M
|-mega|p2a: Alakazam|Alakazam|Alakazite
|-ability|p2a: Alakazam|Static|Trace|[from] ability: Trace|[of] p1a: Raichu
|detailschange|p1a: Raichu|Raichu-Mega-Y, L50, M
|-mega|p1a: Raichu|Raichu|Raichunite Y
|move|p2a: Alakazam|Protect|p2a: Alakazam
|-singleturn|p2a: Alakazam|Protect
|move|p1a: Raichu|Zap Cannon|p2b: Primarina
|-supereffective|p2b: Primarina|1
|-damage|p2b: Primarina|16/100
|-status|p2b: Primarina|par
|move|p1b: Mamoswine|High Horsepower|p2a: Alakazam
|-activate|p2a: Alakazam|move: Protect
|cant|p2b: Primarina|par
|
|upkeep
|turn|2
|inactive|Koiizumi has 30 seconds left.
|inactive|Koiizumi has 20 seconds left.
|
|t:|1784161918
|move|p2a: Alakazam|Psychic|p1a: Raichu
|-damage|p1a: Raichu|17/100
|move|p1a: Raichu|Zap Cannon|p2b: Primarina
|-supereffective|p2b: Primarina|1
|-damage|p2b: Primarina|0 fnt
|faint|p2b: Primarina
|move|p1b: Mamoswine|High Horsepower|p2a: Alakazam
|-damage|p2a: Alakazam|0 fnt
|faint|p2a: Alakazam
|-damage|p1b: Mamoswine|90/100|[from] item: Life Orb
|
|upkeep
|
|t:|1784161928
|switch|p2a: Meowscarada|Meowscarada, L50, M|100/100
|switch|p2b: Corviknight|Corviknight, L50, M|100/100
|-ability|p2b: Corviknight|Pressure
|turn|3
|
|t:|1784161950
|move|p1a: Raichu|Protect|p1a: Raichu
|-singleturn|p1a: Raichu|Protect
|move|p1b: Mamoswine|Ice Shard|p2a: Meowscarada
|-supereffective|p2a: Meowscarada|1
|-damage|p2a: Meowscarada|10/100
|-damage|p1b: Mamoswine|80/100|[from] item: Life Orb
|move|p2a: Meowscarada|Flower Trick|p1a: Raichu
|-activate|p1a: Raichu|move: Protect
|move|p2b: Corviknight|Tailwind|p2b: Corviknight
|-sidestart|p2: Cucaro macaro|move: Tailwind
|
|upkeep
|turn|4
|
|t:|1784161970
|switch|p1a: Incineroar|Incineroar, L50, F|100/100
|-ability|p1a: Incineroar|Intimidate|boost
|-unboost|p2a: Meowscarada|atk|1
|-unboost|p2b: Corviknight|atk|1
|move|p2a: Meowscarada|Sucker Punch||[still]
|-fail|p2a: Meowscarada
|move|p1b: Mamoswine|Ice Shard|p2a: Meowscarada
|-supereffective|p2a: Meowscarada|1
|-damage|p2a: Meowscarada|0 fnt
|faint|p2a: Meowscarada
|-damage|p1b: Mamoswine|71/100|[from] item: Life Orb
|move|p2b: Corviknight|Body Press|p1b: Mamoswine
|-supereffective|p1b: Mamoswine|1
|-damage|p1b: Mamoswine|12/100
|
|upkeep
|turn|5
|
|t:|1784161993
|move|p2b: Corviknight|Protect|p2b: Corviknight
|-singleturn|p2b: Corviknight|Protect
|move|p1a: Incineroar|Fake Out|p2b: Corviknight
|-activate|p2b: Corviknight|move: Protect
|move|p1b: Mamoswine|Icicle Crash|p2b: Corviknight
|-activate|p2b: Corviknight|move: Protect
|
|upkeep
|turn|6
|
|t:|1784161999
|move|p1b: Mamoswine|Ice Shard|p2b: Corviknight
|-damage|p2b: Corviknight|80/100
|-damage|p1b: Mamoswine|2/100|[from] item: Life Orb
|move|p2b: Corviknight|Body Press|p1b: Mamoswine
|-supereffective|p1b: Mamoswine|1
|-crit|p1b: Mamoswine
|-damage|p1b: Mamoswine|0 fnt
|faint|p1b: Mamoswine
|move|p1a: Incineroar|Flare Blitz|p2b: Corviknight
|-supereffective|p2b: Corviknight|1
|-damage|p2b: Corviknight|25/100
|-status|p2b: Corviknight|brn
|-damage|p1a: Incineroar|80/100|[from] Recoil
|
|-heal|p2b: Corviknight|31/100 brn|[from] item: Leftovers
|-damage|p2b: Corviknight|25/100 brn|[from] brn
|-sideend|p2: Cucaro macaro|move: Tailwind
|upkeep
|-message|Cucaro macaro forfeited.
|
|win|Koiizumi
|l|☆Cucaro macaro
|player|p2|
||Cucaro macaro is ready for game 2.
