|j|☆florind4 mez4
|j|☆wait for swarley
|html|florind4 mez4wait for swarley    
|uhtml|bestof|Game 1 of a best-of-3
|t:|1757638467
|gametype|doubles
|player|p1|florind4 mez4|101|1349
|player|p2|wait for swarley|volo|1340
|gen|9
|tier|[Gen 9] VGC 2025 Reg H (Bo3)
|rated|
|rule|Species Clause: Limit one of each Pokémon
|rule|Item Clause: Limit 1 of each item
|clearpoke
|poke|p1|Volcarona, L50, F|
|poke|p1|Incineroar, L50, M|
|poke|p1|Basculegion, L50, M|
|poke|p1|Rillaboom, L50, M|
|poke|p1|Dragonite, L50, F|
|poke|p1|Sneasler, L50, F|
|poke|p2|Dachsbun, L50, F|
|poke|p2|Torkoal, L50, M|
|poke|p2|Typhlosion-Hisui, L50, F|
|poke|p2|Kingambit, L50, M|
|poke|p2|Rillaboom, L50, F|
|poke|p2|Zoroark-Hisui, L50, F|
|teampreview|4
|showteam|p1|Volcarona||CovertCloak|FlameBody|HeatWave,TeraBlast,QuiverDance,Protect|||F|||50|,,,,,Fairy]Incineroar||SafetyGoggles|Intimidate|FakeOut,FlareBlitz,KnockOff,PartingShot|||M|||50|,,,,,Ghost]Basculegion||ChoiceScarf|Adaptability|FlipTurn,WaveCrash,LastRespects,TeraBlast|||M|||50|,,,,,Fighting]Rillaboom||AssaultVest|GrassySurge|FakeOut,WoodHammer,GrassyGlide,Uturn|||M|||50|,,,,,Fire]Dragonite||LoadedDice|Multiscale|ScaleShot,Tailwind,Haze,Protect|||F|||50|,,,,,Steel]Sneasler||FocusSash|Unburden|FakeOut,DireClaw,CloseCombat,Coaching|||F|||50|,,,,,Ghost
|showteam|p2|Dachsbun||Leftovers|WellBakedBody|BodyPress,Snarl,Rest,Yawn|||F|||50|,,,,,Steel]Torkoal||SitrusBerry|Drought|WeatherBall,Eruption,LavaPlume,Protect|||M|||50|,,,,,Fire]Typhlosion-Hisui||ChoiceScarf|Blaze|Eruption,ShadowBall,LavaPlume,Overheat|||F|||50|,,,,,Dark]Kingambit||BlackGlasses|Defiant|SuckerPunch,Assurance,Protect,SwordsDance|||M|||50|,,,,,Dark]Rillaboom||AssaultVest|GrassySurge|FakeOut,GrassyGlide,WoodHammer,Uturn|||F|||50|,,,,,Grass]Zoroark-Hisui||ChoiceSpecs|Illusion|IcyWind,BitterMalice,HyperVoice,HyperBeam|||F|||50|,,,,,Normal
|inactive|Battle timer is ON: inactive players will automatically lose when time's up. (requested by wait for swarley)
|
|t:|1757638502
|teamsize|p1|4
|teamsize|p2|4
|start
|switch|p1a: Rillaboom|Rillaboom, L50, M|100/100
|switch|p1b: Sneasler|Sneasler, L50, F|100/100
|switch|p2a: Typhlosion|Typhlosion-Hisui, L50, F|100/100
|switch|p2b: Dachsbun|Dachsbun, L50, F, shiny|100/100
|-fieldstart|move: Grassy Terrain|[from] ability: Grassy Surge|[of] p1a: Rillaboom
|turn|1
|inactive|florind4 mez4 has 30 seconds left.
|inactive|florind4 mez4 has 20 seconds left.
|inactive|florind4 mez4 has 15 seconds left.
|inactive|florind4 mez4 has 10 seconds left.
|
|t:|1757638548
|move|p2a: Typhlosion|Lava Plume|p1a: Rillaboom|[spread] p1a,p1b
|-ability|p2b: Dachsbun|Well-Baked Body|boost
|-boost|p2b: Dachsbun|def|2
|-supereffective|p1a: Rillaboom
|-damage|p1a: Rillaboom|48/100
|-damage|p1b: Sneasler|50/100
|move|p1b: Sneasler|Dire Claw|p2b: Dachsbun
|-supereffective|p2b: Dachsbun
|-damage|p2b: Dachsbun|69/100
|-status|p2b: Dachsbun|par
|move|p1a: Rillaboom|Wood Hammer|p2a: Typhlosion
|-resisted|p2a: Typhlosion
|-damage|p2a: Typhlosion|50/100
|-damage|p1a: Rillaboom|32/100|[from] Recoil
|move|p2b: Dachsbun|Body Press|p1a: Rillaboom
|-damage|p1a: Rillaboom|0 fnt
|faint|p1a: Rillaboom
|
|-heal|p2a: Typhlosion|56/100|[from] Grassy Terrain
|-heal|p1b: Sneasler|55/100|[from] Grassy Terrain
|-heal|p2b: Dachsbun|75/100 par|[from] Grassy Terrain
|-heal|p2b: Dachsbun|82/100 par|[from] item: Leftovers
|upkeep
|inactive|florind4 mez4 has 30 seconds left.
|
|t:|1757638580
|switch|p1a: Dragonite|Dragonite, L50, F|100/100
|turn|2
|
|t:|1757638594
|switch|p1b: Volcarona|Volcarona, L50, F|100/100
|move|p2a: Typhlosion|Lava Plume|p1a: Dragonite|[spread] p1a,p1b
|-ability|p2b: Dachsbun|Well-Baked Body|boost
|-boost|p2b: Dachsbun|def|2
|-resisted|p1a: Dragonite
|-damage|p1a: Dragonite|93/100
|-damage|p1b: Volcarona|74/100
|move|p1a: Dragonite|Scale Shot|p2a: Typhlosion
|-damage|p2a: Typhlosion|36/100
|-damage|p2a: Typhlosion|16/100
|-damage|p2a: Typhlosion|0 fnt
|faint|p2a: Typhlosion
|-hitcount|p2: Typhlosion|3
|-unboost|p1a: Dragonite|def|1
|-boost|p1a: Dragonite|spe|1
|move|p2b: Dachsbun|Body Press|p1a: Dragonite
|-resisted|p1a: Dragonite
|-damage|p1a: Dragonite|32/100
|
|-heal|p1b: Volcarona|80/100|[from] Grassy Terrain
|-heal|p2b: Dachsbun|88/100 par|[from] Grassy Terrain
|-heal|p2b: Dachsbun|94/100 par|[from] item: Leftovers
|upkeep
|
|t:|1757638615
|switch|p2a: Torkoal|Torkoal, L50, M|100/100
|-weather|SunnyDay|[from] ability: Drought|[of] p2a: Torkoal
|turn|3
|
|t:|1757638628
|move|p1b: Volcarona|Protect|p1b: Volcarona
|-singleturn|p1b: Volcarona|Protect
|move|p1a: Dragonite|Haze|p1a: Dragonite
|-clearallboost
|move|p2b: Dachsbun|Yawn|p1b: Volcarona
|-activate|p1b: Volcarona|move: Protect
|move|p2a: Torkoal|Lava Plume|p1a: Dragonite|[spread] p1a
|-activate|p1b: Volcarona|move: Protect
|-ability|p2b: Dachsbun|Well-Baked Body|boost
|-boost|p2b: Dachsbun|def|2
|-resisted|p1a: Dragonite
|-damage|p1a: Dragonite|13/100
|
|-weather|SunnyDay|[upkeep]
|-heal|p1b: Volcarona|86/100|[from] Grassy Terrain
|-heal|p2b: Dachsbun|100/100 par|[from] Grassy Terrain
|upkeep
|turn|4
|
|t:|1757638645
|-terastallize|p1b: Volcarona|Fairy
|move|p1b: Volcarona|Quiver Dance|p1b: Volcarona
|-boost|p1b: Volcarona|spa|1
|-boost|p1b: Volcarona|spd|1
|-boost|p1b: Volcarona|spe|1
|move|p1a: Dragonite|Tailwind|p1a: Dragonite
|-sidestart|p1: florind4 mez4|move: Tailwind
|move|p2b: Dachsbun|Yawn|p1b: Volcarona
|-start|p1b: Volcarona|move: Yawn|[of] p2b: Dachsbun
|move|p2a: Torkoal|Lava Plume|p1a: Dragonite|[spread] p1a,p1b
|-ability|p2b: Dachsbun|Well-Baked Body|boost
|-boost|p2b: Dachsbun|def|2
|-resisted|p1a: Dragonite
|-damage|p1a: Dragonite|0 fnt
|-damage|p1b: Volcarona|64/100
|faint|p1a: Dragonite
|
|-weather|SunnyDay|[upkeep]
|-heal|p1b: Volcarona|70/100|[from] Grassy Terrain
|upkeep
|
|t:|1757638660
|switch|p1a: Sneasler|Sneasler, L50, F|55/100
|turn|5
|
|t:|1757638668
|-terastallize|p2b: Dachsbun|Steel
|move|p1b: Volcarona|Heat Wave|p2a: Torkoal|[spread] p2a
|-ability|p2b: Dachsbun|Well-Baked Body|boost
|-boost|p2b: Dachsbun|def|2
|-resisted|p2a: Torkoal
|-damage|p2a: Torkoal|50/100
|-enditem|p2a: Torkoal|Sitrus Berry|[eat]
|-heal|p2a: Torkoal|75/100|[from] item: Sitrus Berry
|move|p1a: Sneasler|Close Combat|p2b: Dachsbun
|-supereffective|p2b: Dachsbun
|-crit|p2b: Dachsbun
|-damage|p2b: Dachsbun|0 fnt
|-unboost|p1a: Sneasler|def|1
|-unboost|p1a: Sneasler|spd|1
|faint|p2b: Dachsbun
|move|p2a: Torkoal|Lava Plume|p1b: Volcarona|[spread] p1a,p1b
|-damage|p1a: Sneasler|0 fnt
|-damage|p1b: Volcarona|47/100
|faint|p1a: Sneasler
|
|-weather|SunnyDay|[upkeep]
|-heal|p1b: Volcarona|53/100|[from] Grassy Terrain
|-heal|p2a: Torkoal|81/100|[from] Grassy Terrain
|-end|p1b: Volcarona|move: Yawn|[silent]
|-status|p1b: Volcarona|slp
|-fieldend|move: Grassy Terrain
|upkeep
|
|t:|1757638680
|switch|p2b: Kingambit|Kingambit, L50, M, shiny|100/100
|turn|6
|
|t:|1757638689
|cant|p1b: Volcarona|slp
|move|p2b: Kingambit|Assurance|p1b: Volcarona
|-resisted|p1b: Volcarona
|-damage|p1b: Volcarona|32/100 slp
|move|p2a: Torkoal|Weather Ball|p1b: Volcarona
|-damage|p1b: Volcarona|0 fnt
|faint|p1b: Volcarona
|
|win|wait for swarley
|l|☆florind4 mez4
|player|p1|
||florind4 mez4 is ready for game 2.
||wait for swarley is ready for game 2.
|uhtml|next|Next: Game 2 of 3
