|j|☆BlackStag52
|j|☆houseofpros
|html|BlackStag52houseofpros    
|uhtml|bestof|Game 3 of a best-of-3
|t:|1756957588
|gametype|doubles
|player|p1|BlackStag52|swimmerf|1139
|player|p2|houseofpros|lucas-gen4pt|1096
|gen|9
|tier|[Gen 9] VGC 2025 Reg H (Bo3)
|rated|
|rule|Species Clause: Limit one of each Pokémon
|rule|Item Clause: Limit 1 of each item
|clearpoke
|poke|p1|Kingambit, L50, M|
|poke|p1|Gallade, L50, M|
|poke|p1|Indeedee-F, L50, F|
|poke|p1|Annihilape, L50, F|
|poke|p1|Hatterene, L50, F|
|poke|p1|Torkoal, L50, M|
|poke|p2|Amoonguss, L50, F|
|poke|p2|Goodra-Hisui, L50, M|
|poke|p2|Politoed, L50, M|
|poke|p2|Ludicolo, L50, F|
|poke|p2|Scizor, L50, M|
|poke|p2|Tauros-Paldea-Aqua, L50, M|
|teampreview|4
|showteam|p1|Kingambit||BlackGlasses|Defiant|KowtowCleave,SuckerPunch,Protect,SwordsDance|||M|||50|,,,,,Psychic]Gallade||ClearAmulet|Sharpness|SacredSword,TrickRoom,PsychoCut,WideGuard|||M|||50|,,,,,Ghost]Indeedee-F||PsychicSeed|PsychicSurge|TrickRoom,FollowMe,HelpingHand,HyperVoice|||F|||50|,,,,,Fairy]Annihilape||ChoiceScarf|Defiant|FinalGambit,Uturn,Taunt,HelpingHand|||F|||50|,,,,,Fighting]Hatterene||LifeOrb|MagicBounce|ExpandingForce,TrickRoom,DazzlingGleam,MysticalFire|||F|||50|,,,,,Fire]Torkoal||ChoiceSpecs|Drought|Eruption,Overheat,WeatherBall,EarthPower|||M|||50|,,,,,Fire
|showteam|p2|Amoonguss||RockyHelmet|Regenerator|Spore,RagePowder,PollenPuff,LeafStorm|||F|||50|,,,,,Bug]Goodra-Hisui||AssaultVest|SapSipper|HydroPump,DracoMeteor,HeavySlam,DragonPulse|||M|||50|,,,,,Stellar]Politoed||SitrusBerry|Drizzle|Protect,WeatherBall,HelpingHand,PerishSong|||M|||50|,,,,,Grass]Ludicolo||MysticWater|SwiftSwim|FakeOut,HydroPump,EnergyBall,Protect|||F|||50|,,,,,Stellar]Scizor||ClearAmulet|Technician|KnockOff,BulletPunch,BugBite,Protect|||M|||50|,,,,,Stellar]Tauros-Paldea-Aqua||SafetyGoggles|Intimidate|AquaJet,CloseCombat,WaveCrash,Protect|||M|||50|,,,,,Fighting
|c|☆houseofpros|glhf
|c|☆BlackStag52|we said that G1 already lol
|c|☆BlackStag52|but gl again
|c|☆houseofpros|no ik lol
|c|☆houseofpros|felt right for g3 idk
|c|☆BlackStag52|fair enough :)
|
|t:|1756957667
|teamsize|p1|4
|teamsize|p2|4
|start
|switch|p1a: Hatterene|Hatterene, L50, F|100/100
|switch|p1b: Indeedee|Indeedee-F, L50, F|100/100
|switch|p2a: Scizor|Scizor, L50, M|100/100
|switch|p2b: Goodra|Goodra-Hisui, L50, M, shiny|100/100
|-fieldstart|move: Psychic Terrain|[from] ability: Psychic Surge|[of] p1b: Indeedee
|-enditem|p1b: Indeedee|Psychic Seed
|-boost|p1b: Indeedee|spd|1|[from] item: Psychic Seed
|turn|1
|
|t:|1756957700
|move|p1b: Indeedee|Follow Me|p1b: Indeedee
|-singleturn|p1b: Indeedee|move: Follow Me
|move|p2a: Scizor|Bug Bite|p1b: Indeedee
|-supereffective|p1b: Indeedee
|-damage|p1b: Indeedee|6/100
|move|p2b: Goodra|Heavy Slam|p1b: Indeedee
|-damage|p1b: Indeedee|0 fnt
|faint|p1b: Indeedee
|move|p1a: Hatterene|Trick Room|p1a: Hatterene
|-fieldstart|move: Trick Room|[of] p1a: Hatterene
|
|upkeep
|
|t:|1756957718
|switch|p1b: Torkoal|Torkoal, L50, M|100/100
|-weather|SunnyDay|[from] ability: Drought|[of] p1b: Torkoal
|turn|2
|
|t:|1756957766
|switch|p2a: Politoed|Politoed, L50, M|100/100
|-weather|RainDance|[from] ability: Drizzle|[of] p2a: Politoed
|-terastallize|p1b: Torkoal|Fire
|move|p1b: Torkoal|Overheat|p2b: Goodra
|-damage|p2b: Goodra|75/100
|-unboost|p1b: Torkoal|spa|2
|move|p1a: Hatterene|Mystical Fire|p2a: Politoed
|-resisted|p2a: Politoed
|-damage|p2a: Politoed|91/100
|-unboost|p2a: Politoed|spa|1
|-damage|p1a: Hatterene|91/100|[from] item: Life Orb
|move|p2b: Goodra|Hydro Pump|p1b: Torkoal
|-supereffective|p1b: Torkoal
|-damage|p1b: Torkoal|0 fnt
|faint|p1b: Torkoal
|
|-weather|RainDance|[upkeep]
|upkeep
|
|t:|1756957774
|switch|p1b: Kingambit|Kingambit, L50, M|100/100
|turn|3
|
|t:|1756957859
|move|p1a: Hatterene|Expanding Force|p2a: Politoed|[spread] p2a,p2b
|-resisted|p2b: Goodra
|-damage|p2a: Politoed|16/100
|-damage|p2b: Goodra|55/100
|-enditem|p2a: Politoed|Sitrus Berry|[eat]
|-heal|p2a: Politoed|41/100|[from] item: Sitrus Berry
|-damage|p1a: Hatterene|81/100|[from] item: Life Orb
|move|p1b: Kingambit|Swords Dance|p1b: Kingambit
|-boost|p1b: Kingambit|atk|2
|move|p2b: Goodra|Hydro Pump|p1b: Kingambit|[miss]
|-miss|p2b: Goodra|p1b: Kingambit
|move|p2a: Politoed|Perish Song|p2a: Politoed
|-start|p1a: Hatterene|perish3|[silent]
|-start|p1b: Kingambit|perish3|[silent]
|-start|p2a: Politoed|perish3|[silent]
|-start|p2b: Goodra|perish3|[silent]
|-fieldactivate|move: Perish Song
|
|-weather|RainDance|[upkeep]
|-start|p1a: Hatterene|perish3
|-start|p1b: Kingambit|perish3
|-start|p2b: Goodra|perish3
|-start|p2a: Politoed|perish3
|upkeep
|turn|4
|
|t:|1756957892
|move|p2a: Politoed|Protect|p2a: Politoed
|-singleturn|p2a: Politoed|Protect
|move|p1a: Hatterene|Dazzling Gleam|p2b: Goodra|[spread] p2b
|-activate|p2a: Politoed|move: Protect
|-damage|p2b: Goodra|33/100
|-damage|p1a: Hatterene|71/100|[from] item: Life Orb
|move|p1b: Kingambit|Kowtow Cleave|p2b: Goodra
|-damage|p2b: Goodra|0 fnt
|faint|p2b: Goodra
|
|-weather|RainDance|[upkeep]
|-start|p1a: Hatterene|perish2
|-start|p1b: Kingambit|perish2
|-start|p2a: Politoed|perish2
|upkeep
|
|t:|1756957914
|switch|p2b: Amoonguss|Amoonguss, L50, F|100/100
|turn|5
|
|t:|1756957942
|-terastallize|p2b: Amoonguss|Bug
|move|p2b: Amoonguss|Rage Powder|p2b: Amoonguss
|-singleturn|p2b: Amoonguss|move: Rage Powder
|move|p1a: Hatterene|Expanding Force|p2b: Amoonguss|[spread] p2a,p2b
|-damage|p2a: Politoed|0 fnt
|-damage|p2b: Amoonguss|26/100
|faint|p2a: Politoed
|-damage|p1a: Hatterene|61/100|[from] item: Life Orb
|move|p1b: Kingambit|Swords Dance|p1b: Kingambit
|-boost|p1b: Kingambit|atk|2
|
|-weather|RainDance|[upkeep]
|-start|p1a: Hatterene|perish1
|-start|p1b: Kingambit|perish1
|-fieldend|move: Trick Room
|-fieldend|move: Psychic Terrain
|upkeep
|
|t:|1756957951
|switch|p2a: Scizor|Scizor, L50, M|100/100
|turn|6
|c|☆houseofpros|gg
|c|☆BlackStag52|oh shit
|
|t:|1756957969
|move|p2a: Scizor|Protect|p2a: Scizor
|-singleturn|p2a: Scizor|Protect
|move|p1b: Kingambit|Swords Dance|p1b: Kingambit
|-boost|p1b: Kingambit|atk|2
|move|p2b: Amoonguss|Spore|p1b: Kingambit
|-status|p1b: Kingambit|slp|[from] move: Spore
|move|p1a: Hatterene|Trick Room|p1a: Hatterene
|-fieldstart|move: Trick Room|[of] p1a: Hatterene
|
|-weather|none
|-start|p1a: Hatterene|perish0
|-start|p1b: Kingambit|perish0
|faint|p1a: Hatterene
|faint|p1b: Kingambit
|
|win|houseofpros
|raw|BlackStag52's rating: 1139 → 1111(-28 for losing)
|raw|houseofpros's rating: 1096 → 1125(+29 for winning)
