|j|☆atmospherevgc
|j|☆LogIce
|html|atmospherevgcLogIce    
|uhtml|bestof|Game 3 of a best-of-3
|t:|1783174941
|gametype|doubles
|player|p1|atmospherevgc|nate|
|player|p2|LogIce|#rbtt9travelers|
|gen|9
|tier|[Gen 9 Champions] VGC 2026 Reg M-B (Bo3)
|rule|Species Clause: Limit one of each Pokémon
|rule|Item Clause: Limit 1 of each item
|clearpoke
|poke|p1|Volcarona, L50, M|
|poke|p1|Metagross, L50|
|poke|p1|Hydreigon, L50, F|
|poke|p1|Staraptor, L50, F|
|poke|p1|Vileplume, L50, F|
|poke|p1|Grimmsnarl, L50, M|
|poke|p2|Floette-Eternal, L50, F|
|poke|p2|Charizard, L50, M|
|poke|p2|Whimsicott, L50, F|
|poke|p2|Garchomp, L50, M|
|poke|p2|Basculegion, L50, M|
|poke|p2|Kingambit, L50, F|
|teampreview|4
|showteam|p1|Volcarona||Leftovers|FlameBody|HeatWave,QuiverDance,GigaDrain,Protect|Modest||M|||50|]Metagross||Metagrossite|ClearBody|MeteorMash,IcePunch,StompingTantrum,Protect|Adamant|||||50|]Hydreigon||ChoiceScarf|Levitate|Snarl,DracoMeteor,EarthPower,HeadSmash|Timid||F|||50|]Staraptor||Staraptite|Intimidate|BraveBird,CloseCombat,Roost,Tailwind|Jolly||F|||50|]Vileplume||OccaBerry|Chlorophyll|GigaDrain,SludgeBomb,StrengthSap,SleepPowder|Bold||F|||50|]Grimmsnarl||RoseliBerry|Prankster|FakeOut,PartingShot,SpiritBreak,Reflect|Careful||M|||50|
|showteam|p2|Floette-Eternal||Floettite|FlowerVeil|Moonblast,DazzlingGleam,LightofRuin,Protect|Timid||F|||50|]Charizard||CharizarditeY|Blaze|HeatWave,WeatherBall,SolarBeam,Protect|Modest||M|||50|]Whimsicott||FocusSash|Prankster|Moonblast,Encore,Tailwind,Protect|Timid||F|||50|]Garchomp||LifeOrb|RoughSkin|DragonClaw,StompingTantrum,RockSlide,Protect|Jolly||M|||50|]Basculegion||MysticWater|Adaptability|WaveCrash,LastRespects,AquaJet,Protect|Adamant||M|||50|]Kingambit||BlackGlasses|Defiant|KowtowCleave,IronHead,SuckerPunch,Protect|Adamant||F|||50|
|j| Feyette
|j| Ayabe0119
|j| gretchen grundler
|
|t:|1783174980
|teamsize|p1|4
|teamsize|p2|4
|start
|switch|p1a: Staraptor|Staraptor, L50, F|100/100
|switch|p1b: Grimmsnarl|Grimmsnarl, L50, M|100/100
|switch|p2a: Whimsicott|Whimsicott, L50, F|100/100
|switch|p2b: Garchomp|Garchomp, L50, M|100/100
|-ability|p1a: Staraptor|Intimidate|boost
|-unboost|p2a: Whimsicott|atk|1
|-unboost|p2b: Garchomp|atk|1
|turn|1
|l| gretchen grundler
|
|t:|1783174999
|detailschange|p1a: Staraptor|Staraptor-Mega, L50, F
|-mega|p1a: Staraptor|Staraptor|Staraptite
|move|p2a: Whimsicott|Protect|p2a: Whimsicott
|-singleturn|p2a: Whimsicott|Protect
|move|p1b: Grimmsnarl|Fake Out|p2a: Whimsicott
|-activate|p2a: Whimsicott|move: Protect
|move|p1a: Staraptor|Close Combat|p1b: Grimmsnarl
|-damage|p1b: Grimmsnarl|40/100
|-boost|p1a: Staraptor|def|1
|-boost|p1a: Staraptor|spd|1
|move|p2b: Garchomp|Dragon Claw|p1a: Staraptor
|-damage|p1a: Staraptor|75/100
|-damage|p2b: Garchomp|90/100|[from] item: Life Orb
|
|upkeep
|turn|2
|
|t:|1783175022
|switch|p2b: Charizard|Charizard, L50, M|100/100
|move|p2a: Whimsicott|Encore|p1a: Staraptor
|-start|p1a: Staraptor|Encore
|move|p1b: Grimmsnarl|Parting Shot|p2a: Whimsicott
|-unboost|p2a: Whimsicott|atk|1
|-unboost|p2a: Whimsicott|spa|1
|j| repeatt
|
|t:|1783175029
|switch|p1b: Vileplume|Vileplume, L50, F|100/100|[from] Parting Shot
|move|p1a: Staraptor|Close Combat|p2a: Whimsicott
|-resisted|p2a: Whimsicott|1
|-damage|p2a: Whimsicott|56/100
|-boost|p1a: Staraptor|def|1
|-boost|p1a: Staraptor|spd|1
|
|upkeep
|turn|3
|
|t:|1783175049
|detailschange|p2b: Charizard|Charizard-Mega-Y, L50, M
|-mega|p2b: Charizard|Charizard|Charizardite Y
|-weather|SunnyDay|[from] ability: Drought|[of] p2b: Charizard
|move|p2a: Whimsicott|Tailwind|p2a: Whimsicott
|-sidestart|p2: LogIce|move: Tailwind
|move|p2b: Charizard|Weather Ball|p1b: Vileplume
|-supereffective|p1b: Vileplume|1
|-enditem|p1b: Vileplume|Occa Berry|[eat]
|-enditem|p1b: Vileplume|Occa Berry|[weaken]
|-damage|p1b: Vileplume|10/100
|move|p1a: Staraptor|Close Combat|p2a: Whimsicott
|-resisted|p2a: Whimsicott|1
|-damage|p2a: Whimsicott|10/100
|-boost|p1a: Staraptor|def|1
|-boost|p1a: Staraptor|spd|1
|move|p1b: Vileplume|Sleep Powder|p2b: Charizard
|-status|p2b: Charizard|slp|[from] move: Sleep Powder
|
|-weather|SunnyDay|[upkeep]
|upkeep
|turn|4
|
|t:|1783175088
|move|p2a: Whimsicott|Protect|p2a: Whimsicott
|-singleturn|p2a: Whimsicott|Protect
|cant|p2b: Charizard|slp
|move|p1a: Staraptor|Close Combat|p2a: Whimsicott
|-activate|p2a: Whimsicott|move: Protect
|move|p1b: Vileplume|Strength Sap|p2b: Charizard
|-unboost|p2b: Charizard|atk|1
|-heal|p1b: Vileplume|71/100
|
|-weather|SunnyDay|[upkeep]
|-end|p1a: Staraptor|Encore
|upkeep
|turn|5
|l| repeatt
|
|t:|1783175117
|switch|p1b: Volcarona|Volcarona, L50, M|100/100
|move|p2a: Whimsicott|Encore|p1a: Staraptor
|-start|p1a: Staraptor|Encore
|-curestatus|p2b: Charizard|slp|[msg]
|move|p2b: Charizard|Heat Wave|p1a: Staraptor|[spread] p1a,p1b
|-damage|p1a: Staraptor|51/100
|-damage|p1b: Volcarona|46/100
|move|p1a: Staraptor|Close Combat|p2a: Whimsicott
|-resisted|p2a: Whimsicott|1
|-damage|p2a: Whimsicott|0 fnt
|-boost|p1a: Staraptor|def|1
|-boost|p1a: Staraptor|spd|1
|faint|p2a: Whimsicott
|
|-weather|SunnyDay|[upkeep]
|-heal|p1b: Volcarona|52/100|[from] item: Leftovers
|upkeep
|
|t:|1783175129
|switch|p2a: Garchomp|Garchomp, L50, M|90/100
|turn|6
|
|t:|1783175152
|move|p1b: Volcarona|Protect|p1b: Volcarona
|-singleturn|p1b: Volcarona|Protect
|move|p2a: Garchomp|Dragon Claw|p1a: Staraptor
|-damage|p1a: Staraptor|34/100
|-damage|p2a: Garchomp|80/100|[from] item: Life Orb
|move|p2b: Charizard|Heat Wave|p1b: Volcarona|[spread] p1a
|-activate|p1b: Volcarona|move: Protect
|-damage|p1a: Staraptor|14/100
|move|p1a: Staraptor|Close Combat|p2a: Garchomp
|-damage|p2a: Garchomp|19/100
|-boost|p1a: Staraptor|def|1
|-boost|p1a: Staraptor|spd|1
|-damage|p1a: Staraptor|1/100|[from] ability: Rough Skin|[of] p2a: Garchomp
|
|-weather|SunnyDay|[upkeep]
|-heal|p1b: Volcarona|58/100|[from] item: Leftovers
|-sideend|p2: LogIce|move: Tailwind
|upkeep
|turn|7
|
|t:|1783175173
|switch|p1b: Vileplume|Vileplume, L50, F|71/100
|move|p2a: Garchomp|Protect|p2a: Garchomp
|-singleturn|p2a: Garchomp|Protect
|move|p1a: Staraptor|Close Combat|p2a: Garchomp
|-activate|p2a: Garchomp|move: Protect
|move|p2b: Charizard|Heat Wave|p1b: Vileplume|[spread] p1a,p1b
|-supereffective|p1b: Vileplume|1
|-damage|p1a: Staraptor|0 fnt
|-damage|p1b: Vileplume|0 fnt
|faint|p1a: Staraptor
|faint|p1b: Vileplume
|
|-weather|none
|upkeep
|
|t:|1783175177
|switch|p1a: Grimmsnarl|Grimmsnarl, L50, M|40/100
|switch|p1b: Volcarona|Volcarona, L50, M|58/100
|turn|8
|j| repeatt
|
|t:|1783175184
|switch|p2b: Kingambit|Kingambit, L50, F|100/100
|move|p1a: Grimmsnarl|Fake Out|p2a: Garchomp
|-damage|p2a: Garchomp|9/100
|-damage|p1a: Grimmsnarl|27/100|[from] ability: Rough Skin|[of] p2a: Garchomp
|cant|p2a: Garchomp|flinch
|move|p1b: Volcarona|Quiver Dance|p1b: Volcarona
|-boost|p1b: Volcarona|spa|1
|-boost|p1b: Volcarona|spd|1
|-boost|p1b: Volcarona|spe|1
|
|-heal|p1b: Volcarona|65/100|[from] item: Leftovers
|upkeep
|turn|9
|j| gretchen grundler
|
|t:|1783175228
|move|p2b: Kingambit|Sucker Punch|p1b: Volcarona
|-damage|p1b: Volcarona|11/100
|move|p1b: Volcarona|Heat Wave|p2a: Garchomp|[spread] p2a,p2b
|-resisted|p2a: Garchomp|1
|-supereffective|p2b: Kingambit|1
|-damage|p2a: Garchomp|0 fnt
|-damage|p2b: Kingambit|1/100
|faint|p2a: Garchomp
|move|p1a: Grimmsnarl|Spirit Break|p2b: Kingambit
|-damage|p2b: Kingambit|0 fnt
|faint|p2b: Kingambit
|
|-heal|p1b: Volcarona|18/100|[from] item: Leftovers
|upkeep
|
|t:|1783175236
|switch|p2b: Charizard|Charizard-Mega-Y, L50, M|100/100
|-weather|SunnyDay|[from] ability: Drought|[of] p2b: Charizard
|turn|10
|
|t:|1783175275
|move|p1a: Grimmsnarl|Parting Shot|p2b: Charizard
|-unboost|p2b: Charizard|atk|1
|-unboost|p2b: Charizard|spa|1
|move|p1b: Volcarona|Giga Drain|p2b: Charizard
|-resisted|p2b: Charizard|2
|-damage|p2b: Charizard|90/100
|-heal|p1b: Volcarona|22/100|[from] drain|[of] p2b: Charizard
|move|p2b: Charizard|Weather Ball|p1b: Volcarona
|-damage|p1b: Volcarona|0 fnt
|faint|p1b: Volcarona
|
|-weather|SunnyDay|[upkeep]
|upkeep
|turn|11
|c|☆atmospherevgc|ggs
|l| repeatt
|c|☆LogIce|ggs
|-message|atmospherevgc forfeited.
|
|win|LogIce
