|j|☆ariel.mr_
|j|☆Iceman5687
|html|ariel.mr_Iceman5687    
|uhtml|bestof|Game 2 of a best-of-3
|t:|1784441508
|gametype|doubles
|player|p1|ariel.mr_|hilbert|1161
|player|p2|Iceman5687|101|1206
|gen|9
|tier|[Gen 9 Champions] VGC 2026 Reg M-B (Bo3)
|rated|
|rule|Species Clause: Limit one of each Pokémon
|rule|Item Clause: Limit 1 of each item
|clearpoke
|poke|p1|Charizard, L50, M, shiny|
|poke|p1|Kingambit, L50, M|
|poke|p1|Sylveon, L50, F|
|poke|p1|Garchomp, L50, M|
|poke|p1|Aerodactyl, L50, F|
|poke|p1|Farigiraf, L50, F|
|poke|p2|Charizard, L50, F|
|poke|p2|Grimmsnarl, L50, M|
|poke|p2|Pelipper, L50, F|
|poke|p2|Archaludon, L50, F|
|poke|p2|Basculegion, L50, M|
|poke|p2|Venusaur, L50, M|
|teampreview|4
|showteam|p1|Charizard||CharizarditeY|SolarPower|Protect,HeatWave,SolarBeam,WeatherBall|Modest||M|||50|]Kingambit||FocusSash|Defiant|IronHead,SuckerPunch,KowtowCleave,LowKick|Adamant||M|||50|]Sylveon||FairyFeather|Pixilate|Protect,HyperVoice,HyperBeam,QuickAttack|Modest||F|||50|]Garchomp||LifeOrb|RoughSkin|Protect,DragonClaw,Earthquake,RockSlide|Jolly||M|||50|]Aerodactyl||Aerodactylite|Unnerve|IceFang,RockSlide,Tailwind,DualWingbeat|Jolly||F|||50|]Farigiraf||SitrusBerry|ArmorTail|TrickRoom,Psychic,Thunderbolt,Roar|Bold||F|||50|
|showteam|p2|Charizard||CharizarditeY|Blaze|Protect,HeatWave,WeatherBall,SolarBeam|Modest||F|||50|]Grimmsnarl||LightClay|Prankster|SpiritBreak,Reflect,LightScreen,PartingShot|Sassy||M|||50|]Pelipper||SitrusBerry|Drizzle|Hurricane,WeatherBall,Tailwind,WideGuard|Modest||F|||50|]Archaludon||Leftovers|Stamina|Protect,ElectroShot,DragonPulse,FlashCannon|Calm||F|||50|]Basculegion||ChoiceScarf|Adaptability|FlipTurn,WaveCrash,AquaJet,LastRespects|Jolly||M|||50|]Venusaur||FocusSash|Chlorophyll|Protect,SleepPowder,SludgeBomb,EarthPower|Modest||M|||50|
|inactive|Battle timer is ON: inactive players will automatically lose when time's up. (requested by ariel.mr_)
|
|t:|1784441531
|teamsize|p1|4
|teamsize|p2|4
|start
|switch|p1a: Charizard|Charizard, L50, M, shiny|100/100
|switch|p1b: Kingambit|Kingambit, L50, M|100/100
|switch|p2a: Charizard|Charizard, L50, F|100/100
|switch|p2b: Venusaur|Venusaur, L50, M|100/100
|turn|1
|
|t:|1784441551
|switch|p1b: Garchomp|Garchomp, L50, M|100/100
|detailschange|p2a: Charizard|Charizard-Mega-Y, L50, F
|-mega|p2a: Charizard|Charizard|Charizardite Y
|-weather|SunnyDay|[from] ability: Drought|[of] p2a: Charizard
|detailschange|p1a: Charizard|Charizard-Mega-Y, L50, M, shiny
|-mega|p1a: Charizard|Charizard|Charizardite Y
|move|p2b: Venusaur|Sleep Powder|p1a: Charizard
|-status|p1a: Charizard|slp|[from] move: Sleep Powder
|move|p2a: Charizard|Heat Wave|p1b: Garchomp|[spread] p1a
|-miss|p2a: Charizard|p1b: Garchomp
|-resisted|p1a: Charizard|1
|-damage|p1a: Charizard|75/100 slp
|cant|p1a: Charizard|slp
|
|-weather|SunnyDay|[upkeep]
|upkeep
|turn|2
|
|t:|1784441571
|move|p2b: Venusaur|Sleep Powder|p1b: Garchomp
|-status|p1b: Garchomp|slp|[from] move: Sleep Powder
|cant|p1b: Garchomp|slp
|move|p2a: Charizard|Weather Ball|p1a: Charizard
|-resisted|p1a: Charizard|1
|-damage|p1a: Charizard|38/100 slp
|cant|p1a: Charizard|slp
|
|-weather|SunnyDay|[upkeep]
|upkeep
|turn|3
|
|t:|1784441590
|switch|p2b: Pelipper|Pelipper, L50, F|100/100
|-weather|RainDance|[from] ability: Drizzle|[of] p2b: Pelipper
|-curestatus|p1b: Garchomp|slp|[msg]
|move|p1b: Garchomp|Rock Slide|p2b: Pelipper|[spread] p2a,p2b
|-supereffective|p2a: Charizard|2
|-supereffective|p2b: Pelipper|1
|-damage|p2a: Charizard|0 fnt
|-damage|p2b: Pelipper|43/100
|-enditem|p2b: Pelipper|Sitrus Berry|[eat]
|-heal|p2b: Pelipper|68/100|[from] item: Sitrus Berry
|faint|p2a: Charizard
|-damage|p1b: Garchomp|90/100|[from] item: Life Orb
|-curestatus|p1a: Charizard|slp|[msg]
|move|p1a: Charizard|Heat Wave|p2b: Pelipper
|-resisted|p2b: Pelipper|1
|-damage|p2b: Pelipper|53/100
|
|-weather|RainDance|[upkeep]
|upkeep
|
|t:|1784441599
|switch|p2a: Grimmsnarl|Grimmsnarl, L50, M|100/100
|turn|4
|inactive|ariel.mr_ has 30 seconds left.
|
|t:|1784441624
|switch|p1a: Sylveon|Sylveon, L50, F|100/100
|move|p2a: Grimmsnarl|Reflect|p2a: Grimmsnarl
|-sidestart|p2: Iceman5687|Reflect
|move|p1b: Garchomp|Dragon Claw|p2b: Pelipper
|-damage|p2b: Pelipper|17/100
|-damage|p1b: Garchomp|80/100|[from] item: Life Orb
|move|p2b: Pelipper|Weather Ball|p1b: Garchomp
|-damage|p1b: Garchomp|24/100
|
|-weather|RainDance|[upkeep]
|upkeep
|turn|5
|
|t:|1784441644
|switch|p2b: Venusaur|Venusaur, L50, M|100/100
|move|p1b: Garchomp|Dragon Claw|p2b: Venusaur
|-damage|p2b: Venusaur|56/100
|-damage|p1b: Garchomp|14/100|[from] item: Life Orb
|move|p1a: Sylveon|Hyper Voice|p2b: Venusaur|[spread] p2a,p2b
|-supereffective|p2a: Grimmsnarl|1
|-resisted|p2b: Venusaur|1
|-crit|p2b: Venusaur
|-damage|p2a: Grimmsnarl|19/100
|-damage|p2b: Venusaur|13/100
|move|p2a: Grimmsnarl|Spirit Break|p1b: Garchomp
|-supereffective|p1b: Garchomp|1
|-crit|p1b: Garchomp
|-damage|p1b: Garchomp|0 fnt
|-damage|p2a: Grimmsnarl|7/100|[from] ability: Rough Skin|[of] p1b: Garchomp
|faint|p1b: Garchomp
|
|-weather|RainDance|[upkeep]
|upkeep
|
|t:|1784441654
|switch|p1b: Kingambit|Kingambit, L50, M|100/100
|turn|6
|-message|Iceman5687 forfeited.
|
|win|ariel.mr_
|raw|ariel.mr_'s rating: 1161 → 1189(+28 for winning)
|raw|Iceman5687's rating: 1206 → 1178(-28 for losing)
