|j|☆ttvmoxiie
|j|☆LLzero
|html|ttvmoxiieLLzero    
|uhtml|bestof|Game 1 of a best-of-3
|t:|1757755444
|gametype|doubles
|player|p1|ttvmoxiie|steven|1118
|player|p2|LLzero|bruno|1000
|gen|9
|tier|[Gen 9] VGC 2025 Reg H (Bo3)
|rated|
|rule|Species Clause: Limit one of each Pokémon
|rule|Item Clause: Limit 1 of each item
|clearpoke
|poke|p1|Dragonite, L50, M|
|poke|p1|Gholdengo, L50|
|poke|p1|Rillaboom, L50, F|
|poke|p1|Ursaluna-Bloodmoon, L50, M|
|poke|p1|Annihilape, L50, M|
|poke|p1|Maushold-Four, L50|
|poke|p2|Ceruledge, L50, M|
|poke|p2|Slowbro-Galar, L50, M|
|poke|p2|Hydreigon, L50, M|
|poke|p2|Mienshao, L50, F|
|poke|p2|Samurott-Hisui, L50, M|
|poke|p2|Clefairy, L50, M|
|teampreview|4
|showteam|p1|Dragonite||LoadedDice|Multiscale|Haze,Protect,Tailwind,ScaleShot|||M|||50|,,,,,Fairy]Gholdengo||LifeOrb|GoodasGold|Protect,NastyPlot,MakeItRain,ShadowBall||||||50|,,,,,Water]Rillaboom||MiracleSeed|GrassySurge|GrassyGlide,WoodHammer,FakeOut,HighHorsepower|||F|||50|,,,,,Fire]Ursaluna-Bloodmoon||AssaultVest|MindsEye|BloodMoon,HyperVoice,EarthPower,VacuumWave|||M|||50|,,,,,Water]Annihilape||SitrusBerry|Defiant|RageFist,DrainPunch,BulkUp,Protect|||M|||50|,,,,,Fire]Maushold-Four||FocusSash|FriendGuard|SuperFang,FollowMe,BeatUp,Protect||||||50|,,,,,Ghost
|showteam|p2|Ceruledge||SitrusBerry|WeakArmor|BitterBlade,PoisonJab,ShadowClaw,ShadowSneak|||M|||50|,,,,,Fire]Slowbro-Galar||QuickClaw|QuickDraw|DrainPunch,Psychic,ShellSideArm,Protect|||M|||50|,,,,,Poison]Hydreigon||AssaultVest|Levitate|DarkPulse,DragonPulse,HyperVoice,FlashCannon|||M|||50|,,,,,Dark]Mienshao||FocusSash|Regenerator|FakeOut,Uturn,IceSpinner,CloseCombat|||F|||50|,,,,,Fighting]Samurott-Hisui||ClearAmulet|Sharpness|AquaCutter,AquaJet,CeaselessEdge,Protect|||M|||50|,,,,,Ghost]Clefairy||Eviolite|FriendGuard|FollowMe,DrainingKiss,LifeDew,Protect|||M|||50|,,,,,Fairy
|
|t:|1757755486
|teamsize|p1|4
|teamsize|p2|4
|start
|switch|p1a: Annihilape|Annihilape, L50, M|100/100
|switch|p1b: Maushold|Maushold-Four, L50|100/100
|switch|p2a: Clefairy|Clefairy, L50, M|100/100
|switch|p2b: Ceruledge|Ceruledge, L50, M|100/100
|turn|1
|inactive|Battle timer is ON: inactive players will automatically lose when time's up. (requested by ttvmoxiie)
|
|t:|1757755504
|move|p1b: Maushold|Super Fang|p2a: Clefairy
|-damage|p2a: Clefairy|51/100
|move|p1a: Annihilape|Bulk Up|p1a: Annihilape
|-boost|p1a: Annihilape|atk|1
|-boost|p1a: Annihilape|def|1
|move|p2b: Ceruledge|Bitter Blade|p1a: Annihilape
|-damage|p1a: Annihilape|74/100
|move|p2a: Clefairy|Draining Kiss|p1a: Annihilape
|-supereffective|p1a: Annihilape
|-damage|p1a: Annihilape|58/100
|-heal|p2a: Clefairy|64/100|[from] drain|[of] p1a: Annihilape
|
|upkeep
|turn|2
|
|t:|1757755528
|-terastallize|p1a: Annihilape|Fire
|move|p1b: Maushold|Beat Up|p1a: Annihilape
|-damage|p1a: Annihilape|56/100
|-damage|p1a: Annihilape|55/100
|-damage|p1a: Annihilape|54/100
|-damage|p1a: Annihilape|52/100
|-hitcount|p1a: Annihilape|4
|move|p1a: Annihilape|Bulk Up|p1a: Annihilape
|-boost|p1a: Annihilape|atk|1
|-boost|p1a: Annihilape|def|1
|move|p2b: Ceruledge|Shadow Claw|p1a: Annihilape
|-damage|p1a: Annihilape|38/100
|-enditem|p1a: Annihilape|Sitrus Berry|[eat]
|-heal|p1a: Annihilape|62/100|[from] item: Sitrus Berry
|move|p2a: Clefairy|Draining Kiss|p1a: Annihilape
|-resisted|p1a: Annihilape
|-damage|p1a: Annihilape|58/100
|-heal|p2a: Clefairy|67/100|[from] drain|[of] p1a: Annihilape
|
|upkeep
|turn|3
|inactive|ttvmoxiie has 30 seconds left.
|inactive|LLzero has 30 seconds left.
|
|t:|1757755559
|move|p1b: Maushold|Follow Me|p1b: Maushold
|-singleturn|p1b: Maushold|move: Follow Me
|move|p1a: Annihilape|Rage Fist|p2b: Ceruledge
|-supereffective|p2b: Ceruledge
|-damage|p2b: Ceruledge|0 fnt
|faint|p2b: Ceruledge
|move|p2a: Clefairy|Life Dew|p2a: Clefairy
|-heal|p2a: Clefairy|92/100
|
|upkeep
|
|t:|1757755571
|switch|p2b: Mienshao|Mienshao, L50, F|100/100
|turn|4
|
|t:|1757755578
|move|p1b: Maushold|Protect|p1b: Maushold
|-singleturn|p1b: Maushold|Protect
|move|p1a: Annihilape|Protect|p1a: Annihilape
|-singleturn|p1a: Annihilape|Protect
|move|p2b: Mienshao|Fake Out|p1a: Annihilape
|-activate|p1a: Annihilape|move: Protect
|move|p2a: Clefairy|Draining Kiss|p1a: Annihilape
|-activate|p1a: Annihilape|move: Protect
|
|upkeep
|turn|5
|
|t:|1757755602
|move|p2a: Clefairy|Follow Me|p2a: Clefairy
|-singleturn|p2a: Clefairy|move: Follow Me
|move|p2b: Mienshao|Close Combat|p1a: Annihilape
|-damage|p1a: Annihilape|33/100
|-unboost|p2b: Mienshao|def|1
|-unboost|p2b: Mienshao|spd|1
|move|p1b: Maushold|Super Fang|p2a: Clefairy
|-damage|p2a: Clefairy|46/100
|move|p1a: Annihilape|Drain Punch|p2a: Clefairy
|-resisted|p2a: Clefairy
|-damage|p2a: Clefairy|19/100
|-heal|p1a: Annihilape|46/100|[from] drain|[of] p2a: Clefairy
|
|upkeep
|turn|6
|
|t:|1757755626
|move|p1b: Maushold|Follow Me|p1b: Maushold
|-singleturn|p1b: Maushold|move: Follow Me
|move|p2b: Mienshao|U-turn|p1b: Maushold
|-damage|p1b: Maushold|72/100
|
|t:|1757755629
|switch|p2b: Hydreigon|Hydreigon, L50, M|100/100|[from] U-turn
|move|p1a: Annihilape|Drain Punch|p2b: Hydreigon
|-supereffective|p2b: Hydreigon
|-damage|p2b: Hydreigon|0 fnt
|-heal|p1a: Annihilape|89/100|[from] drain|[of] p2b: Hydreigon
|faint|p2b: Hydreigon
|move|p2a: Clefairy|Life Dew|p2a: Clefairy
|-heal|p2a: Clefairy|44/100
|
|upkeep
|
|t:|1757755639
|switch|p2b: Mienshao|Mienshao, L50, F|100/100
|turn|7
|
|t:|1757755650
|move|p1b: Maushold|Follow Me|p1b: Maushold
|-singleturn|p1b: Maushold|move: Follow Me
|move|p2b: Mienshao|Close Combat|p1b: Maushold
|-supereffective|p1b: Maushold
|-damage|p1b: Maushold|0 fnt
|-unboost|p2b: Mienshao|def|1
|-unboost|p2b: Mienshao|spd|1
|faint|p1b: Maushold
|move|p1a: Annihilape|Rage Fist|p2b: Mienshao
|-enditem|p2b: Mienshao|Focus Sash
|-damage|p2b: Mienshao|1/100
|move|p2a: Clefairy|Draining Kiss|p1a: Annihilape
|-resisted|p1a: Annihilape
|-damage|p1a: Annihilape|85/100
|-heal|p2a: Clefairy|48/100|[from] drain|[of] p1a: Annihilape
|
|upkeep
|
|t:|1757755675
|switch|p1b: Gholdengo|Gholdengo, L50|100/100
|turn|8
|
|t:|1757755683
|move|p2b: Mienshao|Close Combat|p1a: Annihilape
|-damage|p1a: Annihilape|52/100
|-unboost|p2b: Mienshao|def|1
|-unboost|p2b: Mienshao|spd|1
|move|p1a: Annihilape|Rage Fist|p2a: Clefairy
|-damage|p2a: Clefairy|0 fnt
|faint|p2a: Clefairy
|move|p1b: Gholdengo|Make It Rain|p2b: Mienshao
|-damage|p2b: Mienshao|0 fnt
|-unboost|p1b: Gholdengo|spa|1
|faint|p2b: Mienshao
|-damage|p1b: Gholdengo|91/100|[from] item: Life Orb
|
|win|ttvmoxiie
|l|☆LLzero
|player|p2|
||LLzero is ready for game 2.
|inactive|ttvmoxiie has 30 seconds to confirm battle start!
