|j|☆varrun
|j|☆Nathanthecabo
|html|varrunNathanthecabo    
|uhtml|bestof|Game 3 of a best-of-3
|t:|1757934181
|gametype|doubles
|player|p1|varrun|102|1128
|player|p2|Nathanthecabo|101|1112
|gen|9
|tier|[Gen 9] VGC 2025 Reg H (Bo3)
|rated|
|rule|Species Clause: Limit one of each Pokémon
|rule|Item Clause: Limit 1 of each item
|clearpoke
|poke|p1|Dragonite, L50, F|
|poke|p1|Gholdengo, L50|
|poke|p1|Rillaboom, L50, M|
|poke|p1|Ursaluna-Bloodmoon, L50, M|
|poke|p1|Maushold-Four, L50|
|poke|p1|Annihilape, L50, M|
|poke|p2|Politoed, L50, M|
|poke|p2|Ludicolo, L50, M|
|poke|p2|Archaludon, L50, M|
|poke|p2|Amoonguss, L50, F|
|poke|p2|Sneasler, L50, M|
|poke|p2|Gothitelle, L50, M|
|teampreview|4
|showteam|p1|Dragonite||LoadedDice|Multiscale|Tailwind,Haze,Protect,ScaleShot|||F|||50|,,,,,Fairy]Gholdengo||LifeOrb|GoodasGold|MakeItRain,ShadowBall,NastyPlot,Protect||||||50|,,,,,Water]Rillaboom||MiracleSeed|GrassySurge|WoodHammer,GrassyGlide,FakeOut,HighHorsepower|||M|||50|,,,,,Fire]Ursaluna-Bloodmoon||AssaultVest|MindsEye|BloodMoon,EarthPower,HyperVoice,VacuumWave|||M|||50|,,,,,Water]Maushold-Four||FocusSash|FriendGuard|SuperFang,FollowMe,BeatUp,Protect||||||50|,,,,,Ghost]Annihilape||SitrusBerry|Defiant|RageFist,DrainPunch,BulkUp,Protect|||M|||50|,,,,,Fire
|showteam|p2|Politoed||Leftovers|Drizzle|PerishSong,Protect,WeatherBall,Encore|||M|||50|,,,,,Grass]Ludicolo||LifeOrb|SwiftSwim|Protect,EnergyBall,HydroPump,IceBeam|||M|||50|,,,,,Water]Archaludon||PowerHerb|Stamina|Protect,ElectroShot,FlashCannon,BodyPress|||M|||50|,,,,,Electric]Amoonguss||EjectButton|Regenerator|Protect,Spore,PollenPuff,RagePowder|||F|||50|,,,,,Steel]Sneasler||WhiteHerb|Unburden|CloseCombat,DireClaw,Acrobatics,Protect|||M|||50|,,,,,Dark]Gothitelle||SitrusBerry|ShadowTag|Psychic,Protect,FakeOut,DarkPulse|||M|||50|,,,,,Dark
|
|t:|1757934228
|teamsize|p1|4
|teamsize|p2|4
|start
|switch|p1a: Gholdengo|Gholdengo, L50|100/100
|switch|p1b: Rillaboom|Rillaboom, L50, M|100/100
|switch|p2a: Amoonguss|Amoonguss, L50, F|100/100
|switch|p2b: Sneasler|Sneasler, L50, M|100/100
|-fieldstart|move: Grassy Terrain|[from] ability: Grassy Surge|[of] p1b: Rillaboom
|turn|1
|
|t:|1757934291
|switch|p1b: Ursaluna|Ursaluna-Bloodmoon, L50, M|100/100
|move|p2a: Amoonguss|Rage Powder|p2a: Amoonguss
|-singleturn|p2a: Amoonguss|move: Rage Powder
|move|p2b: Sneasler|Dire Claw|p1b: Ursaluna
|-resisted|p1b: Ursaluna
|-damage|p1b: Ursaluna|84/100
|-status|p1b: Ursaluna|par
|move|p1a: Gholdengo|Nasty Plot|p1a: Gholdengo
|-boost|p1a: Gholdengo|spa|2
|
|-heal|p1b: Ursaluna|90/100 par|[from] Grassy Terrain
|upkeep
|turn|2
|
|t:|1757934320
|move|p2a: Amoonguss|Protect|p2a: Amoonguss
|-singleturn|p2a: Amoonguss|Protect
|move|p2b: Sneasler|Close Combat|p1b: Ursaluna
|-supereffective|p1b: Ursaluna
|-damage|p1b: Ursaluna|0 fnt
|-unboost|p2b: Sneasler|def|1
|-unboost|p2b: Sneasler|spd|1
|faint|p1b: Ursaluna
|-enditem|p2b: Sneasler|White Herb
|-clearnegativeboost|p2b: Sneasler|[silent]
|move|p1a: Gholdengo|Nasty Plot|p1a: Gholdengo
|-boost|p1a: Gholdengo|spa|2
|
|upkeep
|
|t:|1757934332
|switch|p1b: Dragonite|Dragonite, L50, F|100/100
|turn|3
|
|t:|1757934345
|move|p2b: Sneasler|Protect|p2b: Sneasler
|-singleturn|p2b: Sneasler|Protect
|move|p1b: Dragonite|Protect|p1b: Dragonite
|-singleturn|p1b: Dragonite|Protect
|move|p1a: Gholdengo|Make It Rain|p2a: Amoonguss|[spread] p2a
|-activate|p2b: Sneasler|move: Protect
|-damage|p2a: Amoonguss|0 fnt
|-unboost|p1a: Gholdengo|spa|1
|faint|p2a: Amoonguss
|-damage|p1a: Gholdengo|91/100|[from] item: Life Orb
|
|-heal|p1a: Gholdengo|97/100|[from] Grassy Terrain
|upkeep
|
|t:|1757934360
|switch|p2a: Politoed|Politoed, L50, M|100/100
|-weather|RainDance|[from] ability: Drizzle|[of] p2a: Politoed
|turn|4
|
|t:|1757934391
|move|p2a: Politoed|Protect|p2a: Politoed
|-singleturn|p2a: Politoed|Protect
|move|p2b: Sneasler|Dire Claw|p1b: Dragonite
|-damage|p1b: Dragonite|74/100
|-status|p1b: Dragonite|slp
|move|p1a: Gholdengo|Make It Rain|p2b: Sneasler|[spread] p2b
|-activate|p2a: Politoed|move: Protect
|-damage|p2b: Sneasler|0 fnt
|-unboost|p1a: Gholdengo|spa|1
|faint|p2b: Sneasler
|-damage|p1a: Gholdengo|87/100|[from] item: Life Orb
|cant|p1b: Dragonite|slp
|
|-weather|RainDance|[upkeep]
|-heal|p1a: Gholdengo|93/100|[from] Grassy Terrain
|upkeep
|
|t:|1757934408
|switch|p2b: Ludicolo|Ludicolo, L50, M|100/100
|turn|5
|
|t:|1757934420
|-terastallize|p1a: Gholdengo|Water
|cant|p1b: Dragonite|slp
|move|p2b: Ludicolo|Hydro Pump|p1a: Gholdengo
|-resisted|p1a: Gholdengo
|-damage|p1a: Gholdengo|40/100
|-damage|p2b: Ludicolo|91/100|[from] item: Life Orb
|move|p1a: Gholdengo|Shadow Ball|p2b: Ludicolo
|-damage|p2b: Ludicolo|0 fnt
|faint|p2b: Ludicolo
|-damage|p1a: Gholdengo|31/100|[from] item: Life Orb
|move|p2a: Politoed|Encore|p1b: Dragonite
|-start|p1b: Dragonite|Encore
|
|-weather|RainDance|[upkeep]
|-heal|p1a: Gholdengo|37/100|[from] Grassy Terrain
|-fieldend|move: Grassy Terrain
|upkeep
|turn|6
|-message|Nathanthecabo forfeited.
|
|win|varrun
|raw|varrun's rating: 1128 → 1152(+24 for winning)
|raw|Nathanthecabo's rating: 1112 → 1088(-24 for losing)
|l|☆Nathanthecabo
|player|p2|
|l|☆varrun
|player|p1|
