|j|☆Chelicerate1
|j|☆Chavo666
|html|Chelicerate1Chavo666    
|uhtml|bestof|Game 3 of a best-of-3
|t:|1785761394
|gametype|doubles
|player|p1|Chelicerate1|ethan|1275
|player|p2|Chavo666|steven|1181
|gen|9
|tier|[Gen 9 Champions] VGC 2026 Reg M-B (Bo3)
|rated|
|rule|Species Clause: Limit one of each Pokémon
|rule|Item Clause: Limit 1 of each item
|clearpoke
|poke|p1|Grimmsnarl, L50, M|
|poke|p1|Basculegion, L50, M|
|poke|p1|Charizard, L50, F|
|poke|p1|Pelipper, L50, M|
|poke|p1|Venusaur, L50, M|
|poke|p1|Archaludon, L50, M|
|poke|p2|Kangaskhan, L50, F|
|poke|p2|Mimikyu, L50, M|
|poke|p2|Ditto, L50|
|poke|p2|Pelipper, L50, F|
|poke|p2|Swampert, L50, M|
|poke|p2|Kingambit, L50, M|
|teampreview|4
|showteam|p1|Grimmsnarl||LightClay|Prankster|SpiritBreak,PartingShot,Reflect,LightScreen|Sassy||M|||50|]Basculegion||ChoiceScarf|Adaptability|LastRespects,WaveCrash,AquaJet,FlipTurn|Jolly||M|||50|]Charizard||CharizarditeY|Blaze|Protect,HeatWave,WeatherBall,SolarBeam|Modest||F|||50|]Pelipper||SitrusBerry|Drizzle|Hurricane,WeatherBall,Tailwind,WideGuard|Modest||M|||50|]Venusaur||FocusSash|Chlorophyll|SludgeBomb,SleepPowder,EarthPower,Protect|Modest||M|||50|]Archaludon||Leftovers|Stamina|ElectroShot,DragonPulse,FlashCannon,Protect|Calm||M|||50|
|showteam|p2|Kangaskhan||Kangaskhanite|EarlyBird|DrainPunch,FakeOut,SuckerPunch,DoubleEdge|Adamant||F|||50|]Mimikyu||LifeOrb|Disguise|ShadowSneak,TrickRoom,PlayRough,WoodHammer|Adamant||M|||50|]Ditto||ChoiceScarf|Imposter|Transform|Adamant|||||50|]Pelipper||FocusSash|Drizzle|Hurricane,Tailwind,WeatherBall,WideGuard|Modest||F|||50|]Swampert||Swampertite|Damp|WaveCrash,IcePunch,Earthquake,Protect|Adamant||M|||50|]Kingambit||BlackGlasses|Defiant|KowtowCleave,LowKick,SuckerPunch,IronHead|Adamant||M|||50|
|inactive|Battle timer is ON: inactive players will automatically lose when time's up. (requested by Chelicerate1)
|
|t:|1785761406
|teamsize|p1|4
|teamsize|p2|4
|start
|switch|p1a: Charizard|Charizard, L50, F|100/100
|switch|p1b: Venusaur|Venusaur, L50, M|100/100
|switch|p2a: Kangaskhan|Kangaskhan, L50, F|100/100
|switch|p2b: Swampert|Swampert, L50, M|100/100
|turn|1
|inactive|Chavo666 has 30 seconds left.
|
|t:|1785761436
|detailschange|p1a: Charizard|Charizard-Mega-Y, L50, F
|-mega|p1a: Charizard|Charizard|Charizardite Y
|-weather|SunnyDay|[from] ability: Drought|[of] p1a: Charizard
|detailschange|p2b: Swampert|Swampert-Mega, L50, M
|-mega|p2b: Swampert|Swampert|Swampertite
|move|p2b: Swampert|Protect|p2b: Swampert
|-singleturn|p2b: Swampert|Protect
|move|p2a: Kangaskhan|Fake Out|p1a: Charizard
|-damage|p1a: Charizard|79/100
|move|p1b: Venusaur|Sleep Powder|p2b: Swampert
|-activate|p2b: Swampert|move: Protect
|cant|p1a: Charizard|flinch
|
|-weather|SunnyDay|[upkeep]
|upkeep
|turn|2
|inactive|Chavo666 has 30 seconds left.
|inactive|Chavo666 has 20 seconds left.
|
|t:|1785761471
|switch|p2a: Pelipper|Pelipper, L50, F|100/100
|-weather|RainDance|[from] ability: Drizzle|[of] p2a: Pelipper
|move|p1a: Charizard|Protect|p1a: Charizard
|-singleturn|p1a: Charizard|Protect
|move|p2b: Swampert|Wave Crash|p1b: Venusaur
|-resisted|p1b: Venusaur|1
|-damage|p1b: Venusaur|29/100
|-damage|p2b: Swampert|79/100|[from] Recoil
|move|p1b: Venusaur|Sleep Powder|p2b: Swampert
|-status|p2b: Swampert|slp|[from] move: Sleep Powder
|
|-weather|RainDance|[upkeep]
|upkeep
|turn|3
|
|t:|1785761490
|switch|p2b: Kangaskhan|Kangaskhan, L50, F|100/100
|move|p1a: Charizard|Weather Ball|p2b: Kangaskhan
|-damage|p2b: Kangaskhan|36/100
|move|p1b: Venusaur|Sleep Powder|p2a: Pelipper
|-status|p2a: Pelipper|slp|[from] move: Sleep Powder
|cant|p2a: Pelipper|slp
|
|-weather|RainDance|[upkeep]
|upkeep
|turn|4
|
|t:|1785761514
|switch|p1a: Basculegion|Basculegion, L50, M|100/100
|switch|p1b: Pelipper|Pelipper, L50, M|100/100
|switch|p2a: Ditto|Ditto, L50|100/100
|-transform|p2a: Ditto|p1b: Pelipper|[from] ability: Imposter
|move|p2b: Kangaskhan|Double-Edge|p1a: Basculegion
|-immune|p1a: Basculegion
|
|-weather|RainDance|[upkeep]
|upkeep
|turn|5
|inactive|Chelicerate1 has 30 seconds left.
|inactive|Chavo666 has 30 seconds left.
|inactive|Chelicerate1 has 20 seconds left.
|
|t:|1785761550
|switch|p2a: Swampert|Swampert-Mega, L50, M|79/100 slp
|move|p2b: Kangaskhan|Sucker Punch|p1a: Basculegion
|-supereffective|p1a: Basculegion|1
|-damage|p1a: Basculegion|43/100
|move|p1a: Basculegion|Wave Crash|p2b: Kangaskhan
|-damage|p2b: Kangaskhan|0 fnt
|faint|p2b: Kangaskhan
|-damage|p1a: Basculegion|30/100|[from] Recoil
|move|p1b: Pelipper|Hurricane|p2a: Swampert
|-damage|p2a: Swampert|33/100 slp
|
|-weather|RainDance|[upkeep]
|upkeep
|
|t:|1785761561
|switch|p2b: Ditto|Ditto, L50|100/100
|-transform|p2b: Ditto|p1a: Basculegion|[from] ability: Imposter
|turn|6
|inactive|Chelicerate1 has 30 seconds left.
|
|t:|1785761590
|cant|p2a: Swampert|slp
|move|p1a: Basculegion|Wave Crash|p2a: Swampert
|-damage|p2a: Swampert|0 fnt
|faint|p2a: Swampert
|-damage|p1a: Basculegion|21/100|[from] Recoil
|move|p2b: Ditto|Last Respects|p1a: Basculegion
|-supereffective|p1a: Basculegion|1
|-crit|p1a: Basculegion
|-damage|p1a: Basculegion|0 fnt
|faint|p1a: Basculegion
|move|p1b: Pelipper|Weather Ball|p2b: Ditto
|-resisted|p2b: Ditto|1
|-damage|p2b: Ditto|57/100
|
|-weather|none
|upkeep
|
|t:|1785761604
|switch|p1a: Charizard|Charizard-Mega-Y, L50, F|79/100
|switch|p2a: Pelipper|Pelipper, L50, F|100/100 slp
|-weather|SunnyDay|[from] ability: Drought|[of] p1a: Charizard
|-weather|RainDance|[from] ability: Drizzle|[of] p2a: Pelipper
|turn|7
|
|t:|1785761617
|switch|p1a: Venusaur|Venusaur, L50, M|29/100
|move|p2b: Ditto|Last Respects|p1b: Pelipper
|-damage|p1b: Pelipper|7/100
|-enditem|p1b: Pelipper|Sitrus Berry|[eat]
|-heal|p1b: Pelipper|31/100|[from] item: Sitrus Berry
|cant|p2a: Pelipper|slp
|move|p1b: Pelipper|Tailwind|p1b: Pelipper
|-sidestart|p1: Chelicerate1|move: Tailwind
|
|-weather|RainDance|[upkeep]
|upkeep
|turn|8
|
|t:|1785761630
|switch|p1b: Charizard|Charizard-Mega-Y, L50, F|79/100
|-weather|SunnyDay|[from] ability: Drought|[of] p1b: Charizard
|move|p1a: Venusaur|Sleep Powder|p2b: Ditto
|-status|p2b: Ditto|slp|[from] move: Sleep Powder
|cant|p2b: Ditto|slp
|-curestatus|p2a: Pelipper|slp|[msg]
|move|p2a: Pelipper|Tailwind|p2a: Pelipper
|-sidestart|p2: Chavo666|move: Tailwind
|
|-weather|SunnyDay|[upkeep]
|upkeep
|turn|9
|
|t:|1785761650
|move|p1a: Venusaur|Sleep Powder|p2a: Pelipper
|-status|p2a: Pelipper|slp|[from] move: Sleep Powder
|-curestatus|p2b: Ditto|slp|[msg]
|move|p2b: Ditto|Last Respects|p1b: Charizard
|-damage|p1b: Charizard|0 fnt
|faint|p1b: Charizard
|cant|p2a: Pelipper|slp
|
|-weather|SunnyDay|[upkeep]
|upkeep
|
|t:|1785761656
|switch|p1b: Pelipper|Pelipper, L50, M|31/100
|-weather|RainDance|[from] ability: Drizzle|[of] p1b: Pelipper
|turn|10
|
|t:|1785761667
|move|p2b: Ditto|Last Respects|p1b: Pelipper
|-damage|p1b: Pelipper|0 fnt
|faint|p1b: Pelipper
|move|p1a: Venusaur|Earth Power|p2b: Ditto
|-damage|p2b: Ditto|18/100
|-unboost|p2b: Ditto|spd|1
|-curestatus|p2a: Pelipper|slp|[msg]
|move|p2a: Pelipper|Hurricane|p1a: Venusaur
|-supereffective|p1a: Venusaur|1
|-damage|p1a: Venusaur|0 fnt
|faint|p1a: Venusaur
|
|win|Chavo666
|raw|Chelicerate1's rating: 1275 → 1243(-32 for losing)
|raw|Chavo666's rating: 1181 → 1213(+32 for winning)
