|j|☆Zaviden
|j|☆PixelJaguar
|html|ZavidenPixelJaguar    
|uhtml|bestof|Game 3 of a best-of-3
|t:|1785766557
|gametype|doubles
|player|p1|Zaviden|266|1072
|player|p2|PixelJaguar|brycen|1136
|gen|9
|tier|[Gen 9 Champions] VGC 2026 Reg M-B (Bo3)
|rated|
|rule|Species Clause: Limit one of each Pokémon
|rule|Item Clause: Limit 1 of each item
|clearpoke
|poke|p1|Banette, L50, F|
|poke|p1|Sinistcha-Masterpiece, L50|
|poke|p1|Toxapex, L50, M|
|poke|p1|Mamoswine, L50, M|
|poke|p1|Aerodactyl, L50, M|
|poke|p1|Vivillon-Pokeball, L50, F|
|poke|p2|Staraptor, L50, M|
|poke|p2|Metagross, L50|
|poke|p2|Farigiraf, L50, M|
|poke|p2|Whimsicott, L50, M|
|poke|p2|Garchomp, L50, F|
|poke|p2|Ceruledge, L50, F|
|teampreview|4
|showteam|p1|Banette||Banettite|CursedBody|SwordsDance,ShadowSneak,Protect,DestinyBond|Adamant||F|||50|]Sinistcha-Masterpiece||SitrusBerry|Hospitality|MatchaGotcha,RagePowder,Protect,LifeDew|Bold|||||50|]Toxapex||Leftovers|Regenerator|BanefulBunker,Infestation,Recover,Toxic|Bold||M|||50|]Mamoswine||ChoiceScarf|Oblivious|Earthquake,IcicleCrash,IceShard,HighHorsepower|Jolly||M|||50|]Aerodactyl||Aerodactylite|RockHead|RockSlide,Crunch,DualWingbeat,Tailwind|Jolly||M|||50|]Vivillon-Pokeball||FocusSash|CompoundEyes|SleepPowder,PollenPuff,Tailwind,Protect|Timid||F|||50|
|showteam|p2|Staraptor||Staraptite|Intimidate|CloseCombat,BraveBird,Protect,Roost|Jolly||M|||50|]Metagross||Metagrossite|ClearBody|Protect,IronHead,PsychicFangs,StompingTantrum|Adamant|||||50|]Farigiraf||SitrusBerry|ArmorTail|HelpingHand,Psychic,Thunderbolt,TrickRoom|Calm||M|||50|]Whimsicott||FocusSash|Prankster|Moonblast,Tailwind,Charm,Encore|Timid||M|||50|]Garchomp||LifeOrb|RoughSkin|Protect,StompingTantrum,RockSlide,DragonClaw|Jolly||F|||50|]Ceruledge||ColburBerry|FlashFire|Protect,ShadowSneak,BulkUp,BitterBlade|Adamant||F|||50|
|
|t:|1785766585
|teamsize|p1|4
|teamsize|p2|4
|start
|switch|p1a: Toxapex|Toxapex, L50, M|100/100
|switch|p1b: Vivillon|Vivillon-Pokeball, L50, F|100/100
|switch|p2a: Metagross|Metagross, L50|100/100
|switch|p2b: Farigiraf|Farigiraf, L50, M|100/100
|turn|1
|inactive|Battle timer is ON: inactive players will automatically lose when time's up. (requested by Zaviden)
|
|t:|1785766627
|detailschange|p2a: Metagross|Metagross-Mega, L50
|-mega|p2a: Metagross|Metagross|Metagrossite
|move|p2a: Metagross|Protect|p2a: Metagross
|-singleturn|p2a: Metagross|Protect
|move|p1b: Vivillon|Sleep Powder|p2a: Metagross
|-activate|p2a: Metagross|move: Protect
|move|p2b: Farigiraf|Thunderbolt|p1b: Vivillon
|-supereffective|p1b: Vivillon|1
|-crit|p1b: Vivillon
|-enditem|p1b: Vivillon|Focus Sash
|-damage|p1b: Vivillon|1/100
|move|p1a: Toxapex|Toxic|p2b: Farigiraf
|-status|p2b: Farigiraf|tox
|
|-damage|p2b: Farigiraf|93/100 tox|[from] psn
|upkeep
|turn|2
|inactive|Zaviden has 30 seconds left.
|
|t:|1785766660
|move|p1b: Vivillon|Protect|p1b: Vivillon
|-singleturn|p1b: Vivillon|Protect
|move|p2a: Metagross|Iron Head|p1b: Vivillon
|-activate|p1b: Vivillon|move: Protect
|move|p2b: Farigiraf|Psychic|p1a: Toxapex
|-supereffective|p1a: Toxapex|1
|-damage|p1a: Toxapex|49/100
|move|p1a: Toxapex|Infestation|p2b: Farigiraf
|-supereffective|p2b: Farigiraf|1
|-damage|p2b: Farigiraf|88/100 tox
|-activate|p2b: Farigiraf|move: Infestation|[of] p1a: Toxapex
|
|-heal|p1a: Toxapex|54/100|[from] item: Leftovers
|-damage|p2b: Farigiraf|76/100 tox|[from] psn
|-damage|p2b: Farigiraf|63/100 tox|[from] move: Infestation|[partiallytrapped]
|upkeep
|turn|3
|
|t:|1785766682
|-heal|p1a: Toxapex|87/100|[from] ability: Regenerator|[silent]
|switch|p1a: Sinistcha|Sinistcha-Masterpiece, L50|100/100
|-heal|p1b: Vivillon|25/100|[from] ability: Hospitality|[of] p1a: Sinistcha
|move|p1b: Vivillon|Sleep Powder|p2a: Metagross
|-status|p2a: Metagross|slp|[from] move: Sleep Powder
|cant|p2a: Metagross|slp
|move|p2b: Farigiraf|Psychic|p1a: Sinistcha
|-damage|p1a: Sinistcha|70/100
|
|-damage|p2b: Farigiraf|45/100 tox|[from] psn
|-end|p2b: Farigiraf|Infestation|[partiallytrapped]|[silent]
|upkeep
|-enditem|p2b: Farigiraf|Sitrus Berry|[eat]
|-heal|p2b: Farigiraf|70/100 tox|[from] item: Sitrus Berry
|turn|4
|
|t:|1785766702
|move|p1a: Sinistcha|Rage Powder|p1a: Sinistcha
|-singleturn|p1a: Sinistcha|move: Rage Powder
|move|p1b: Vivillon|Tailwind|p1b: Vivillon
|-sidestart|p1: Zaviden|move: Tailwind
|cant|p2a: Metagross|slp
|move|p2b: Farigiraf|Thunderbolt|p1a: Sinistcha
|-resisted|p1a: Sinistcha|1
|-damage|p1a: Sinistcha|60/100
|
|-damage|p2b: Farigiraf|46/100 tox|[from] psn
|upkeep
|turn|5
|inactive|PixelJaguar has 30 seconds left.
|
|t:|1785766730
|move|p1b: Vivillon|Pollen Puff|p1a: Sinistcha
|-heal|p1a: Sinistcha|100/100
|move|p1a: Sinistcha|Matcha Gotcha|p2b: Farigiraf|[spread] p2a,p2b
|-resisted|p2a: Metagross|1
|-damage|p2a: Metagross|88/100 slp
|-damage|p2b: Farigiraf|24/100 tox
|-curestatus|p2a: Metagross|slp|[msg]
|move|p2a: Metagross|Iron Head|p1a: Sinistcha
|-damage|p1a: Sinistcha|47/100
|-enditem|p1a: Sinistcha|Sitrus Berry|[eat]
|-heal|p1a: Sinistcha|72/100|[from] item: Sitrus Berry
|move|p2b: Farigiraf|Thunderbolt|p1b: Vivillon
|-supereffective|p1b: Vivillon|1
|-damage|p1b: Vivillon|0 fnt
|faint|p1b: Vivillon
|
|-damage|p2b: Farigiraf|0 fnt|[from] psn
|faint|p2b: Farigiraf
|upkeep
|inactive|PixelJaguar has 30 seconds left.
|
|t:|1785766758
|switch|p1b: Aerodactyl|Aerodactyl, L50, M|100/100
|switch|p2b: Ceruledge|Ceruledge, L50, F|100/100
|turn|6
|
|t:|1785766769
|detailschange|p1b: Aerodactyl|Aerodactyl-Mega, L50, M
|-mega|p1b: Aerodactyl|Aerodactyl|Aerodactylite
|move|p1a: Sinistcha|Rage Powder|p1a: Sinistcha
|-singleturn|p1a: Sinistcha|move: Rage Powder
|move|p2b: Ceruledge|Shadow Sneak|p1a: Sinistcha
|-supereffective|p1a: Sinistcha|1
|-damage|p1a: Sinistcha|37/100
|move|p1b: Aerodactyl|Rock Slide|p2a: Metagross|[spread] p2a,p2b
|-resisted|p2a: Metagross|1
|-supereffective|p2b: Ceruledge|1
|-damage|p2a: Metagross|77/100
|-damage|p2b: Ceruledge|30/100
|move|p2a: Metagross|Iron Head|p1a: Sinistcha
|-damage|p1a: Sinistcha|0 fnt
|faint|p1a: Sinistcha
|
|upkeep
|
|t:|1785766781
|switch|p1a: Toxapex|Toxapex, L50, M|87/100
|turn|7
|inactive|PixelJaguar has 30 seconds left.
|
|t:|1785766815
|move|p2b: Ceruledge|Protect|p2b: Ceruledge
|-singleturn|p2b: Ceruledge|Protect
|move|p1b: Aerodactyl|Crunch|p2a: Metagross
|-supereffective|p2a: Metagross|1
|-crit|p2a: Metagross
|-damage|p2a: Metagross|0 fnt
|faint|p2a: Metagross
|move|p1a: Toxapex|Toxic|p2b: Ceruledge
|-activate|p2b: Ceruledge|move: Protect
|
|-heal|p1a: Toxapex|93/100|[from] item: Leftovers
|-sideend|p1: Zaviden|move: Tailwind
|upkeep
|
|t:|1785766826
|switch|p2a: Whimsicott|Whimsicott, L50, M|100/100
|turn|8
|
|t:|1785766840
|move|p2b: Ceruledge|Shadow Sneak|p1a: Toxapex
|-damage|p1a: Toxapex|79/100
|move|p1b: Aerodactyl|Dual Wingbeat|p2a: Whimsicott
|-supereffective|p2a: Whimsicott|1
|-damage|p2a: Whimsicott|10/100
|-supereffective|p2a: Whimsicott|1
|-damage|p2a: Whimsicott|0 fnt
|faint|p2a: Whimsicott
|-hitcount|p2: Whimsicott|2
|move|p1a: Toxapex|Toxic|p2b: Ceruledge
|-status|p2b: Ceruledge|tox
|
|-heal|p1a: Toxapex|85/100|[from] item: Leftovers
|-damage|p2b: Ceruledge|24/100 tox|[from] psn
|upkeep
|turn|9
|
|t:|1785766857
|move|p1b: Aerodactyl|Crunch|p2b: Ceruledge
|-supereffective|p2b: Ceruledge|1
|-enditem|p2b: Ceruledge|Colbur Berry|[eat]
|-enditem|p2b: Ceruledge|Colbur Berry|[weaken]
|-damage|p2b: Ceruledge|0 fnt
|faint|p2b: Ceruledge
|
|win|Zaviden
|raw|Zaviden's rating: 1072 → 1107(+35 for winning)
|raw|PixelJaguar's rating: 1136 → 1106(-30 for losing)
