|j|☆Nova2309
|j|☆eastyliam67
|html|Nova2309eastyliam67    
|uhtml|bestof|Game 1 of a best-of-3
|t:|1783430516
|gametype|doubles
|player|p1|Nova2309|266|1446
|player|p2|eastyliam67|unknownf|1557
|gen|9
|tier|[Gen 9 Champions] VGC 2026 Reg M-B (Bo3)
|rated|
|rule|Species Clause: Limit one of each Pokémon
|rule|Item Clause: Limit 1 of each item
|clearpoke
|poke|p1|Venusaur, L50, F|
|poke|p1|Grimmsnarl, L50, M|
|poke|p1|Pelipper, L50, F|
|poke|p1|Archaludon, L50, M|
|poke|p1|Charizard, L50, F|
|poke|p1|Basculegion, L50, M|
|poke|p2|Charizard, L50, M|
|poke|p2|Garchomp, L50, F|
|poke|p2|Whimsicott, L50, M|
|poke|p2|Basculegion, L50, M|
|poke|p2|Floette-Eternal, L50, F|
|poke|p2|Kingambit, L50, F|
|teampreview|4
|showteam|p1|Venusaur||Venusaurite|Chlorophyll|Protect,SludgeBomb,GigaDrain,EarthPower|Modest||F|||50|]Grimmsnarl||LightClay|Prankster|SpiritBreak,Reflect,LightScreen,PartingShot|Careful||M|||50|]Pelipper||SitrusBerry|Drizzle|Hurricane,WeatherBall,Tailwind,WideGuard|Modest||F|||50|]Archaludon||Leftovers|Stamina|Protect,ElectroShot,DragonPulse,FlashCannon|Modest||M|||50|]Charizard||CharizarditeY|Blaze|HeatWave,SolarBeam,WeatherBall,Protect|Modest||F|||50|]Basculegion||ChoiceScarf|Adaptability|FlipTurn,WaveCrash,LastRespects,AquaJet|Jolly||M|||50|
|showteam|p2|Charizard||CharizarditeY|Blaze|HeatWave,SolarBeam,WeatherBall,Protect|Modest||M|||50|]Garchomp||LifeOrb|RoughSkin|DragonClaw,StompingTantrum,RockSlide,Protect|Jolly||F|||50|]Whimsicott||FocusSash|Prankster|Moonblast,Tailwind,Encore,Protect|Timid||M|||50|]Basculegion||MysticWater|Adaptability|WaveCrash,AquaJet,Protect,LastRespects|Adamant||M|||50|]Floette-Eternal||Floettite|FlowerVeil|Moonblast,DazzlingGleam,LightofRuin,Protect|Modest||F|||50|]Kingambit||ChopleBerry|Defiant|KowtowCleave,IronHead,SuckerPunch,LowKick|Adamant||F|||50|
|inactive|Battle timer is ON: inactive players will automatically lose when time's up. (requested by Nova2309)
|inactive|eastyliam67 has 60 seconds left.
|
|t:|1783430591
|teamsize|p1|4
|teamsize|p2|4
|start
|switch|p1a: Grimmsnarl|Grimmsnarl, L50, M|100/100
|switch|p1b: Venusaur|Venusaur, L50, F|100/100
|switch|p2a: Floette|Floette-Eternal, L50, F|100/100
|switch|p2b: Garchomp|Garchomp, L50, F|100/100
|turn|1
|inactive|eastyliam67 has 30 seconds left.
|
|t:|1783430620
|detailschange|p1b: Venusaur|Venusaur-Mega, L50, F
|-mega|p1b: Venusaur|Venusaur|Venusaurite
|move|p1a: Grimmsnarl|Reflect|p1a: Grimmsnarl
|-sidestart|p1: Nova2309|Reflect
|move|p2b: Garchomp|Rock Slide|p1a: Grimmsnarl|[spread] p1a,p1b
|-damage|p1a: Grimmsnarl|81/100
|-damage|p1b: Venusaur|86/100
|-damage|p2b: Garchomp|90/100|[from] item: Life Orb
|move|p2a: Floette|Moonblast|p1a: Grimmsnarl
|-supereffective|p1a: Grimmsnarl|1
|-damage|p1a: Grimmsnarl|0 fnt
|faint|p1a: Grimmsnarl
|move|p1b: Venusaur|Giga Drain|p2b: Garchomp
|-damage|p2b: Garchomp|50/100g
|-heal|p1b: Venusaur|100/100|[from] drain|[of] p2b: Garchomp
|
|upkeep
|inactive|Nova2309 has 30 seconds left.
|
|t:|1783430650
|switch|p1a: Archaludon|Archaludon, L50, M|100/100
|turn|2
|inactive|eastyliam67 has 30 seconds left.
|inactive|eastyliam67 has 20 seconds left.
|inactive|eastyliam67 has 15 seconds left.
|
|t:|1783430694
|switch|p2b: Charizard|Charizard, L50, M|100/100
|move|p2a: Floette|Protect|p2a: Floette
|-singleturn|p2a: Floette|Protect
|move|p1a: Archaludon|Protect|p1a: Archaludon
|-singleturn|p1a: Archaludon|Protect
|move|p1b: Venusaur|Sludge Bomb|p2a: Floette
|-activate|p2a: Floette|move: Protect
|
|upkeep
|turn|3
|
|t:|1783430712
|detailschange|p2b: Charizard|Charizard-Mega-Y, L50, M
|-mega|p2b: Charizard|Charizard|Charizardite Y
|-weather|SunnyDay|[from] ability: Drought|[of] p2b: Charizard
|move|p2a: Floette|Light of Ruin|p1a: Archaludon
|-damage|p1a: Archaludon|26/100
|-ability|p1a: Archaludon|Stamina|boost
|-boost|p1a: Archaludon|def|1
|-damage|p2a: Floette|54/100|[from] Recoil
|move|p2b: Charizard|Heat Wave|p1b: Venusaur|[spread] p1a,p1b
|-supereffective|p1b: Venusaur|1
|-damage|p1a: Archaludon|0 fnt
|-damage|p1b: Venusaur|50/100g
|faint|p1a: Archaludon
|move|p1b: Venusaur|Sludge Bomb|p2a: Floette
|-supereffective|p2a: Floette|1
|-damage|p2a: Floette|0 fnt
|faint|p2a: Floette
|
|-weather|SunnyDay|[upkeep]
|upkeep
|inactive|eastyliam67 has 30 seconds left.
|inactive|eastyliam67 has 20 seconds left.
|
|t:|1783430748
|switch|p2a: Garchomp|Garchomp, L50, F|50/100g
|switch|p1a: Pelipper|Pelipper, L50, F|100/100
|-weather|RainDance|[from] ability: Drizzle|[of] p1a: Pelipper
|turn|4
|
|t:|1783430759
|switch|p2b: Basculegion|Basculegion, L50, M|100/100
|move|p2a: Garchomp|Rock Slide|p1b: Venusaur|[spread] p1a,p1b
|-supereffective|p1a: Pelipper|1
|-damage|p1a: Pelipper|63/100
|-damage|p1b: Venusaur|37/100
|-damage|p2a: Garchomp|40/100|[from] item: Life Orb
|move|p1b: Venusaur|Giga Drain|p2a: Garchomp
|-damage|p2a: Garchomp|0 fnt
|-heal|p1b: Venusaur|58/100|[from] drain|[of] p2a: Garchomp
|faint|p2a: Garchomp
|move|p1a: Pelipper|Tailwind|p1a: Pelipper
|-sidestart|p1: Nova2309|move: Tailwind
|
|-weather|RainDance|[upkeep]
|upkeep
|
|t:|1783430775
|switch|p2a: Charizard|Charizard-Mega-Y, L50, M|100/100
|-weather|SunnyDay|[from] ability: Drought|[of] p2a: Charizard
|turn|5
|inactive|eastyliam67 has 30 seconds left.
|inactive|eastyliam67 has 20 seconds left.
|
|t:|1783430813
|move|p1a: Pelipper|Wide Guard|p1a: Pelipper
|-singleturn|p1a: Pelipper|Wide Guard
|move|p1b: Venusaur|Giga Drain|p2b: Basculegion
|-supereffective|p2b: Basculegion|1
|-crit|p2b: Basculegion
|-damage|p2b: Basculegion|0 fnt
|-heal|p1b: Venusaur|100/100|[from] drain|[of] p2b: Basculegion
|faint|p2b: Basculegion
|move|p2a: Charizard|Heat Wave|p1a: Pelipper|[spread] 
|-activate|p1a: Pelipper|move: Wide Guard
|-activate|p1b: Venusaur|move: Wide Guard
|
|-weather|SunnyDay|[upkeep]
|upkeep
|turn|6
|
|t:|1783430827
|move|p1b: Venusaur|Sludge Bomb|p2a: Charizard
|-damage|p2a: Charizard|58/100
|move|p1a: Pelipper|Hurricane|p2a: Charizard|[miss]
|-miss|p1a: Pelipper|p2a: Charizard
|move|p2a: Charizard|Weather Ball|p1b: Venusaur
|-supereffective|p1b: Venusaur|1
|-damage|p1b: Venusaur|27/100
|
|-weather|SunnyDay|[upkeep]
|upkeep
|turn|7
|
|t:|1783430838
|move|p2a: Charizard|Protect|p2a: Charizard
|-singleturn|p2a: Charizard|Protect
|move|p1b: Venusaur|Sludge Bomb|p2a: Charizard
|-activate|p2a: Charizard|move: Protect
|move|p1a: Pelipper|Hurricane|p2a: Charizard
|-activate|p2a: Charizard|move: Protect
|
|-weather|SunnyDay|[upkeep]
|-sideend|p1: Nova2309|move: Tailwind
|upkeep
|turn|8
|
|t:|1783430849
|move|p1b: Venusaur|Protect|p1b: Venusaur
|-singleturn|p1b: Venusaur|Protect
|move|p2a: Charizard|Solar Beam||[still]
|-prepare|p2a: Charizard|Solar Beam
|-anim|p2a: Charizard|Solar Beam|p1a: Pelipper
|-damage|p1a: Pelipper|4/100
|-enditem|p1a: Pelipper|Sitrus Berry|[eat]
|-heal|p1a: Pelipper|29/100|[from] item: Sitrus Berry
|move|p1a: Pelipper|Tailwind|p1a: Pelipper
|-sidestart|p1: Nova2309|move: Tailwind
|
|-weather|SunnyDay|[upkeep]
|-sideend|p1: Nova2309|Reflect
|upkeep
|turn|9
|
|t:|1783430870
|move|p1b: Venusaur|Sludge Bomb|p2a: Charizard
|-damage|p2a: Charizard|12/100
|-status|p2a: Charizard|psn
|move|p1a: Pelipper|Hurricane|p2a: Charizard
|-damage|p2a: Charizard|0 fnt
|faint|p2a: Charizard
|
|win|Nova2309
||Nova2309 is ready for game 2.
|inactive|eastyliam67 has 30 seconds to confirm battle start!
|inactive|eastyliam67 has 20 seconds to confirm battle start!
|inactive|eastyliam67 has 10 seconds to confirm battle start!
||eastyliam67 is ready for game 2.
|uhtml|next|Next: Game 2 of 3
|l|☆eastyliam67
|player|p2|
