|j|☆AnotherDreamer
|j|☆cal_cvgcl
|html|AnotherDreamercal_cvgcl    
|uhtml|bestof|Game 1 of a best-of-3
|t:|1756410726
|gametype|doubles
|player|p1|AnotherDreamer|266|1097
|player|p2|cal_cvgcl|169|1146
|gen|9
|tier|[Gen 9] VGC 2025 Reg H (Bo3)
|rated|
|rule|Species Clause: Limit one of each Pokémon
|rule|Item Clause: Limit 1 of each item
|clearpoke
|poke|p1|Whimsicott, L50, M|
|poke|p1|Ursaluna-Bloodmoon, L50, M|
|poke|p1|Archaludon, L50, M|
|poke|p1|Pelipper, L50, F|
|poke|p1|Basculegion, L50, M|
|poke|p1|Gholdengo, L50|
|poke|p2|Gholdengo, L50|
|poke|p2|Amoonguss, L50, M|
|poke|p2|Basculegion, L50, M|
|poke|p2|Pelipper, L50, F|
|poke|p2|Incineroar, L50, M|
|poke|p2|Archaludon, L50, M|
|teampreview|4
|showteam|p1|Whimsicott||CovertCloak|Prankster|Tailwind,BeatUp,Moonblast,FakeTears|||M|||50|,,,,,Dark]Ursaluna-Bloodmoon||SilkScarf|MindsEye|BloodMoon,HyperVoice,EarthPower,Protect|||M|||50|,,,,,Ghost]Archaludon||AssaultVest|Stamina|DragonPulse,ElectroShot,FlashCannon,BodyPress|||M|||50|,,,,,Bug]Pelipper||FocusSash|Drizzle|WeatherBall,Hurricane,Tailwind,Protect|||F|||50|,,,,,Ground]Basculegion||ChoiceBand|SwiftSwim|WaveCrash,LastRespects,AquaJet,FlipTurn|||M|||50|,,,,,Grass]Gholdengo||LifeOrb|GoodasGold|MakeItRain,ShadowBall,NastyPlot,Protect||||||50|,,,,,Water
|showteam|p2|Gholdengo||LifeOrb|GoodasGold|MakeItRain,ShadowBall,NastyPlot,Protect||||||50|,,,,,Water]Amoonguss||SitrusBerry|Regenerator|Spore,RagePowder,PollenPuff,Protect|||M|||50|,,,,,Psychic]Basculegion||ChoiceBand|SwiftSwim|WaveCrash,FlipTurn,LastRespects,AquaJet|||M|||50|,,,,,Water]Pelipper||FocusSash|Drizzle|WeatherBall,Hurricane,Tailwind,Protect|||F|||50|,,,,,Ground]Incineroar||SafetyGoggles|Intimidate|FlareBlitz,KnockOff,PartingShot,FakeOut|||M|||50|,,,,,Ghost]Archaludon||AssaultVest|Stamina|ElectroShot,FlashCannon,DracoMeteor,BodyPress|||M|||50|,,,,,Bug
|inactive|Battle timer is ON: inactive players will automatically lose when time's up. (requested by cal_cvgcl)
|inactive|AnotherDreamer has 60 seconds left.
|
|t:|1756410760
|teamsize|p1|4
|teamsize|p2|4
|start
|switch|p1a: Whimsicott|Whimsicott, L50, M|100/100
|switch|p1b: Ursaluna|Ursaluna-Bloodmoon, L50, M|100/100
|switch|p2a: Amoonguss|Amoonguss, L50, M|100/100
|switch|p2b: Basculegion|Basculegion, L50, M|100/100
|turn|1
|inactive|cal_cvgcl has 30 seconds left.
|inactive|cal_cvgcl has 20 seconds left.
|
|t:|1756410797
|move|p1b: Ursaluna|Protect|p1b: Ursaluna
|-singleturn|p1b: Ursaluna|Protect
|move|p1a: Whimsicott|Tailwind|p1a: Whimsicott
|-sidestart|p1: AnotherDreamer|move: Tailwind
|move|p2b: Basculegion|Flip Turn|p1b: Ursaluna
|-activate|p1b: Ursaluna|move: Protect
|move|p2a: Amoonguss|Pollen Puff|p2b: Basculegion
|
|upkeep
|turn|2
|
|t:|1756410812
|switch|p2a: Pelipper|Pelipper, L50, F|100/100
|-weather|RainDance|[from] ability: Drizzle|[of] p2a: Pelipper
|-terastallize|p1b: Ursaluna|Ghost
|move|p1a: Whimsicott|Fake Tears|p2a: Pelipper
|-unboost|p2a: Pelipper|spd|2
|move|p2b: Basculegion|Flip Turn|p1b: Ursaluna
|-damage|p1b: Ursaluna|48/100
|
|t:|1756410822
|switch|p2b: Archaludon|Archaludon, L50, M|100/100|[from] Flip Turn
|move|p1b: Ursaluna|Blood Moon|p2a: Pelipper
|-enditem|p2a: Pelipper|Focus Sash
|-damage|p2a: Pelipper|1/100
|
|-weather|RainDance|[upkeep]
|upkeep
|turn|3
|
|t:|1756410843
|move|p1a: Whimsicott|Fake Tears|p2b: Archaludon
|-unboost|p2b: Archaludon|spd|2
|move|p1b: Ursaluna|Hyper Voice|p2a: Pelipper|[spread] p2a,p2b
|-resisted|p2b: Archaludon
|-damage|p2a: Pelipper|0 fnt
|-damage|p2b: Archaludon|67/100
|-ability|p2b: Archaludon|Stamina|boost
|-boost|p2b: Archaludon|def|1
|faint|p2a: Pelipper
|move|p2b: Archaludon|Electro Shot||[still]
|-prepare|p2b: Archaludon|Electro Shot
|-boost|p2b: Archaludon|spa|1
|-anim|p2b: Archaludon|Electro Shot|p1b: Ursaluna
|-damage|p1b: Ursaluna|0 fnt
|faint|p1b: Ursaluna
|
|-weather|RainDance|[upkeep]
|upkeep
|
|t:|1756410857
|switch|p2a: Basculegion|Basculegion, L50, M|100/100
|switch|p1b: Archaludon|Archaludon, L50, M|100/100
|turn|4
|
|t:|1756410878
|move|p1a: Whimsicott|Fake Tears|p2b: Archaludon
|-unboost|p2b: Archaludon|spd|2
|move|p2a: Basculegion|Last Respects|p1a: Whimsicott
|-damage|p1a: Whimsicott|21/100
|move|p1b: Archaludon|Electro Shot||[still]
|-prepare|p1b: Archaludon|Electro Shot
|-boost|p1b: Archaludon|spa|1
|-anim|p1b: Archaludon|Electro Shot|p2b: Archaludon
|-resisted|p2b: Archaludon
|-damage|p2b: Archaludon|0 fnt
|faint|p2b: Archaludon
|
|-weather|RainDance|[upkeep]
|-sideend|p1: AnotherDreamer|move: Tailwind
|upkeep
|
|t:|1756410887
|switch|p2b: Amoonguss|Amoonguss, L50, M|100/100
|turn|5
|
|t:|1756410902
|move|p2b: Amoonguss|Rage Powder|p2b: Amoonguss
|-singleturn|p2b: Amoonguss|move: Rage Powder
|move|p1a: Whimsicott|Tailwind|p1a: Whimsicott
|-sidestart|p1: AnotherDreamer|move: Tailwind
|move|p2a: Basculegion|Last Respects|p1b: Archaludon
|-damage|p1b: Archaludon|19/100
|-ability|p1b: Archaludon|Stamina|boost
|-boost|p1b: Archaludon|def|1
|move|p1b: Archaludon|Electro Shot||[still]
|-prepare|p1b: Archaludon|Electro Shot
|-boost|p1b: Archaludon|spa|1
|-anim|p1b: Archaludon|Electro Shot|p2b: Amoonguss
|-resisted|p2b: Amoonguss
|-damage|p2b: Amoonguss|63/100
|
|-weather|RainDance|[upkeep]
|upkeep
|turn|6
|
|t:|1756410919
|move|p1a: Whimsicott|Fake Tears|p2b: Amoonguss
|-unboost|p2b: Amoonguss|spd|2
|move|p2a: Basculegion|Last Respects|p1b: Archaludon
|-damage|p1b: Archaludon|0 fnt
|faint|p1b: Archaludon
|move|p2b: Amoonguss|Pollen Puff|p1a: Whimsicott
|-damage|p1a: Whimsicott|0 fnt
|faint|p1a: Whimsicott
|
|-weather|none
|upkeep
|
|t:|1756410924
|switch|p1b: Gholdengo|Gholdengo, L50|100/100
|turn|7
|
|t:|1756410930
|move|p2b: Amoonguss|Rage Powder|p2b: Amoonguss
|-singleturn|p2b: Amoonguss|move: Rage Powder
|move|p1b: Gholdengo|Shadow Ball|p2b: Amoonguss
|-damage|p2b: Amoonguss|0 fnt
|faint|p2b: Amoonguss
|-damage|p1b: Gholdengo|91/100|[from] item: Life Orb
|move|p2a: Basculegion|Last Respects|p1b: Gholdengo
|-supereffective|p1b: Gholdengo
|-damage|p1b: Gholdengo|0 fnt
|faint|p1b: Gholdengo
|
|win|cal_cvgcl
|l|☆AnotherDreamer
|player|p1|
||AnotherDreamer is ready for game 2.
||cal_cvgcl is ready for game 2.
|uhtml|next|Next: Game 2 of 3
