|j|☆Dis_Plot
|j|☆KaiserBN1
|html|Dis_PlotKaiserBN1    
|uhtml|bestof|Game 2 of a best-of-3
|t:|1756348518
|gametype|doubles
|player|p1|Dis_Plot|psychicf-gen4|1076
|player|p2|KaiserBN1|n|1000
|gen|9
|tier|[Gen 9] VGC 2025 Reg H (Bo3)
|rated|
|rule|Species Clause: Limit one of each Pokémon
|rule|Item Clause: Limit 1 of each item
|clearpoke
|poke|p1|Dragapult, L50, M|
|poke|p1|Volcarona, L50, M|
|poke|p1|Electabuzz, L50, F|
|poke|p1|Whimsicott, L50, M|
|poke|p1|Sneasler, L50, M|
|poke|p1|Primarina, L50, M|
|poke|p2|Maushold-Four, L50|
|poke|p2|Ursaluna, L50, F|
|poke|p2|Hatterene, L50, F|
|poke|p2|Indeedee-F, L50, F|
|poke|p2|Gallade, L50, M|
|poke|p2|Torkoal, L50, M|
|teampreview|4
|showteam|p1|Dragapult||ChoiceBand|ClearBody|DragonDarts,Outrage,PhantomForce,Uturn|||M|||50|,,,,,Dragon]Volcarona||Leftovers|FlameBody|HeatWave,QuiverDance,Protect,TeraBlast|||M|||50|,,,,,Fairy]Electabuzz||Eviolite|VitalSpirit|FollowMe,Electroweb,Protect,HelpingHand|||F|||50|,,,,,Ghost]Whimsicott||CovertCloak|Prankster|Tailwind,Moonblast,Encore,Taunt|||M|||50|,,,,,Dark]Sneasler||WhiteHerb|Unburden|DireClaw,CloseCombat,FakeOut,Protect|||M|||50|,,,,,Ghost]Primarina||SafetyGoggles|LiquidVoice|HyperVoice,Moonblast,Haze,Protect|||M|||50|,,,,,Poison
|showteam|p2|Maushold-Four||WideLens|Technician|PopulationBomb,FollowMe,Taunt,Protect||||||50|,,,,,Poison]Ursaluna||FlameOrb|Guts|Facade,HeadlongRush,Earthquake,Protect|||F|||50|,,,,,Ghost]Hatterene||CovertCloak|MagicBounce|ExpandingForce,DazzlingGleam,TeraBlast,TrickRoom|||F|||50|,,,,,Fire]Indeedee-F||PsychicSeed|PsychicSurge|FollowMe,HelpingHand,TrickRoom,Psychic|||F|||50|,,,,,Water]Gallade||ClearAmulet|Sharpness|SacredSword,PsychoCut,WideGuard,TrickRoom|||M|||50|,,,,,Grass]Torkoal||ChoiceSpecs|Drought|Eruption,HeatWave,WeatherBall,EarthPower|||M|||50|,,,,,Fire
|inactive|Battle timer is ON: inactive players will automatically lose when time's up. (requested by KaiserBN1)
|inactive|Dis_Plot also wants the timer to be on.
|inactive|Dis_Plot has 60 seconds left.
|inactive|KaiserBN1 has 60 seconds left.
|
|t:|1756348561
|teamsize|p1|4
|teamsize|p2|4
|start
|switch|p1a: Electabuzz|Electabuzz, L50, F|100/100
|switch|p1b: Dragapult|Dragapult, L50, M|100/100
|switch|p2a: Indeedee|Indeedee-F, L50, F|100/100
|switch|p2b: Maushold|Maushold-Four, L50|100/100
|-fieldstart|move: Psychic Terrain|[from] ability: Psychic Surge|[of] p2a: Indeedee
|-enditem|p2a: Indeedee|Psychic Seed
|-boost|p2a: Indeedee|spd|1|[from] item: Psychic Seed
|turn|1
|inactive|KaiserBN1 has 30 seconds left.
|
|t:|1756348587
|move|p1a: Electabuzz|Helping Hand|p1b: Dragapult
|-singleturn|p1b: Dragapult|Helping Hand|[of] p1a: Electabuzz
|move|p2b: Maushold|Follow Me|p2b: Maushold
|-singleturn|p2b: Maushold|move: Follow Me
|move|p1b: Dragapult|U-turn|p2b: Maushold
|-damage|p2b: Maushold|13/100
|
|t:|1756348600
|switch|p1b: Primarina|Primarina, L50, M|100/100|[from] U-turn
|move|p2a: Indeedee|Trick Room|p2a: Indeedee
|-fieldstart|move: Trick Room|[of] p2a: Indeedee
|
|upkeep
|turn|2
|inactive|KaiserBN1 has 30 seconds left.
|inactive|KaiserBN1 has 20 seconds left.
|
|t:|1756348640
|switch|p1b: Volcarona|Volcarona, L50, M|100/100
|-terastallize|p1a: Electabuzz|Ghost
|move|p2b: Maushold|Protect|p2b: Maushold
|-singleturn|p2b: Maushold|Protect
|move|p1a: Electabuzz|Follow Me|p1a: Electabuzz
|-singleturn|p1a: Electabuzz|move: Follow Me
|move|p2a: Indeedee|Psychic|p1a: Electabuzz
|-damage|p1a: Electabuzz|67/100
|
|upkeep
|turn|3
|inactive|KaiserBN1 has 30 seconds left.
|inactive|KaiserBN1 has 20 seconds left.
|inactive|KaiserBN1 has 15 seconds left.
|inactive|KaiserBN1 has 10 seconds left.
|
|t:|1756348688
|switch|p1a: Primarina|Primarina, L50, M|100/100
|move|p1b: Volcarona|Protect|p1b: Volcarona
|-singleturn|p1b: Volcarona|Protect
|move|p2a: Indeedee|Psychic|p1b: Volcarona
|-activate|p1b: Volcarona|move: Protect
|move|p2b: Maushold|Taunt|p1b: Volcarona
|-activate|p1b: Volcarona|move: Protect
|
|upkeep
|turn|4
|inactive|KaiserBN1 has 30 seconds left.
|
|t:|1756348721
|switch|p1b: Electabuzz|Electabuzz, L50, F, tera:Ghost|67/100
|move|p2a: Indeedee|Psychic|p1b: Electabuzz
|-damage|p1b: Electabuzz|33/100
|move|p1a: Primarina|Hyper Voice|p2b: Maushold|[spread] p2a,p2b
|-damage|p2a: Indeedee|78/100
|-damage|p2b: Maushold|0 fnt
|faint|p2b: Maushold
|
|upkeep
|
|t:|1756348741
|switch|p2b: Gallade|Gallade, L50, M|100/100
|turn|5
|inactive|KaiserBN1 has 30 seconds left.
|
|t:|1756348774
|switch|p1b: Volcarona|Volcarona, L50, M|100/100
|move|p1a: Primarina|Protect|p1a: Primarina
|-singleturn|p1a: Primarina|Protect
|move|p2b: Gallade|Psycho Cut|p1a: Primarina
|-activate|p1a: Primarina|move: Protect
|move|p2a: Indeedee|Psychic|p1a: Primarina
|-activate|p1a: Primarina|move: Protect
|
|-fieldend|move: Trick Room
|-fieldend|move: Psychic Terrain
|upkeep
|turn|6
|
|t:|1756348789
|move|p2b: Gallade|Wide Guard|p2b: Gallade
|-singleturn|p2b: Gallade|Wide Guard
|move|p1b: Volcarona|Heat Wave|p2b: Gallade|[spread] 
|-activate|p2a: Indeedee|move: Wide Guard
|-activate|p2b: Gallade|move: Wide Guard
|move|p1a: Primarina|Moonblast|p2b: Gallade
|-supereffective|p2b: Gallade
|-damage|p2b: Gallade|15/100
|move|p2a: Indeedee|Trick Room|p2a: Indeedee
|-fieldstart|move: Trick Room|[of] p2a: Indeedee
|
|upkeep
|turn|7
|inactive|Dis_Plot has 30 seconds left.
|inactive|KaiserBN1 has 30 seconds left.
|inactive|KaiserBN1 has 20 seconds left.
|
|t:|1756348826
|move|p1a: Primarina|Protect|p1a: Primarina
|-singleturn|p1a: Primarina|Protect
|move|p2b: Gallade|Psycho Cut|p1a: Primarina
|-activate|p1a: Primarina|move: Protect
|move|p2a: Indeedee|Psychic|p1b: Volcarona
|-damage|p1b: Volcarona|71/100
|move|p1b: Volcarona|Tera Blast|p2b: Gallade
|-damage|p2b: Gallade|0 fnt
|faint|p2b: Gallade
|
|-heal|p1b: Volcarona|77/100|[from] item: Leftovers
|upkeep
|
|t:|1756348838
|switch|p2b: Ursaluna|Ursaluna, L50, F|100/100
|turn|8
|inactive|KaiserBN1 has 30 seconds left.
|
|t:|1756348865
|switch|p1a: Electabuzz|Electabuzz, L50, F, tera:Ghost|33/100
|move|p2b: Ursaluna|Protect|p2b: Ursaluna
|-singleturn|p2b: Ursaluna|Protect
|move|p1b: Volcarona|Protect|p1b: Volcarona
|-singleturn|p1b: Volcarona|Protect
|move|p2a: Indeedee|Psychic|p1a: Electabuzz
|-damage|p1a: Electabuzz|7/100
|
|-heal|p1b: Volcarona|83/100|[from] item: Leftovers
|-status|p2b: Ursaluna|brn|[from] item: Flame Orb
|upkeep
|turn|9
|
|t:|1756348889
|move|p1a: Electabuzz|Protect|p1a: Electabuzz
|-singleturn|p1a: Electabuzz|Protect
|move|p2b: Ursaluna|Earthquake|p1a: Electabuzz|[spread] p2a,p1b
|-activate|p1a: Electabuzz|move: Protect
|-damage|p2a: Indeedee|16/100
|-damage|p1b: Volcarona|5/100
|move|p2a: Indeedee|Psychic|p1b: Volcarona
|-damage|p1b: Volcarona|0 fnt
|faint|p1b: Volcarona
|
|-damage|p2b: Ursaluna|95/100 brn|[from] brn
|upkeep
|
|t:|1756348903
|switch|p1b: Primarina|Primarina, L50, M|100/100
|turn|10
|inactive|KaiserBN1 has 30 seconds left.
|
|t:|1756348938
|move|p2a: Indeedee|Helping Hand|p2b: Ursaluna
|-singleturn|p2b: Ursaluna|Helping Hand|[of] p2a: Indeedee
|move|p1b: Primarina|Protect|p1b: Primarina
|-singleturn|p1b: Primarina|Protect
|move|p1a: Electabuzz|Protect|p1a: Electabuzz
|-singleturn|p1a: Electabuzz|Protect
|move|p2b: Ursaluna|Earthquake|p1b: Primarina|[spread] p2a
|-activate|p1a: Electabuzz|move: Protect
|-activate|p1b: Primarina|move: Protect
|-damage|p2a: Indeedee|0 fnt
|faint|p2a: Indeedee
|
|-damage|p2b: Ursaluna|89/100 brn|[from] brn
|-fieldend|move: Trick Room
|upkeep
|turn|11
|
|t:|1756348954
|move|p1a: Electabuzz|Helping Hand|p1b: Primarina
|-singleturn|p1b: Primarina|Helping Hand|[of] p1a: Electabuzz
|move|p1b: Primarina|Hyper Voice|p2b: Ursaluna
|-supereffective|p2b: Ursaluna
|-damage|p2b: Ursaluna|0 fnt
|faint|p2b: Ursaluna
|
|win|Dis_Plot
||KaiserBN1 is ready for game 3.
||Dis_Plot is ready for game 3.
|uhtml|next|Next: Game 3 of 3
|l|☆Dis_Plot
|player|p1|
