|j|☆SHyperdestroyerVGC
|j|☆3-4 worlds
|html|SHyperdestroyerVGC3-4 worlds    
|uhtml|bestof|Game 1 of a best-of-3
|t:|1785100642
|gametype|doubles
|player|p1|SHyperdestroyerVGC|lady|1193
|player|p2|3-4 worlds|emma|1153
|gen|9
|tier|[Gen 9 Champions] VGC 2026 Reg M-B (Bo3)
|rated|
|rule|Species Clause: Limit one of each Pokémon
|rule|Item Clause: Limit 1 of each item
|clearpoke
|poke|p1|Froslass, L50, F|
|poke|p1|Kingambit, L50, F|
|poke|p1|Sneasler, L50, M|
|poke|p1|Talonflame, L50, M|
|poke|p1|Garchomp, L50, F|
|poke|p1|Sinistcha, L50|
|poke|p2|Blaziken, L50, F|
|poke|p2|Aerodactyl, L50, M|
|poke|p2|Basculegion, L50, M|
|poke|p2|Sylveon, L50, M|
|poke|p2|Torkoal, L50, F|
|poke|p2|Kingambit, L50, M|
|teampreview|4
|showteam|p1|Froslass||Froslassite|SnowCloak|Blizzard,AuroraVeil,ShadowBall,Protect|Timid||F|||50|]Kingambit||BlackGlasses|Defiant|KowtowCleave,SuckerPunch,LowKick,Protect|Adamant||F|||50|]Sneasler||WhiteHerb|Unburden|FakeOut,CloseCombat,DireClaw,Protect|Adamant||M|||50|]Talonflame||FocusSash|GaleWings|DualWingbeat,FlareBlitz,Tailwind,Protect|Jolly||M|||50|]Garchomp||LifeOrb|RoughSkin|DragonClaw,Earthquake,RockSlide,Protect|Jolly||F|||50|]Sinistcha||CobaBerry|Hospitality|MatchaGotcha,TrickRoom,RagePowder,Protect|Calm|||||50|
|showteam|p2|Blaziken||Blazikenite|SpeedBoost|CloseCombat,FlareBlitz,RockSlide,Detect|Adamant||F|||50|]Aerodactyl||Aerodactylite|Unnerve|DualWingbeat,IceFang,RockSlide,Tailwind|Jolly||M|||50|]Basculegion||FocusSash|Adaptability|LastRespects,Liquidation,AquaJet,Protect|Adamant||M|||50|]Sylveon||FairyFeather|Pixilate|Moonblast,HyperVoice,QuickAttack,Detect|Modest||M|||50|]Torkoal||Leftovers|Drought|HeatWave,WeatherBall,Yawn,Protect|Relaxed||F|||50|]Kingambit||LifeOrb|Defiant|KowtowCleave,IronHead,SuckerPunch,Protect|Adamant||M|||50|
|inactive|Battle timer is ON: inactive players will automatically lose when time's up. (requested by 3-4 worlds)
|inactive|SHyperdestroyerVGC has 60 seconds left.
|
|t:|1785100682
|teamsize|p1|4
|teamsize|p2|4
|start
|switch|p1a: Talonflame|Talonflame, L50, M|100/100
|switch|p1b: Garchomp|Garchomp, L50, F|100/100
|switch|p2a: Aerodactyl|Aerodactyl, L50, M|100/100
|switch|p2b: Blaziken|Blaziken, L50, F|100/100
|-ability|p2a: Aerodactyl|Unnerve
|turn|1
|
|t:|1785100704
|move|p1b: Garchomp|Protect|p1b: Garchomp
|-singleturn|p1b: Garchomp|Protect
|move|p2b: Blaziken|Detect|p2b: Blaziken
|-singleturn|p2b: Blaziken|Protect
|move|p1a: Talonflame|Tailwind|p1a: Talonflame
|-sidestart|p1: SHyperdestroyerVGC|move: Tailwind
|move|p2a: Aerodactyl|Tailwind|p2a: Aerodactyl
|-sidestart|p2: 3-4 worlds|move: Tailwind
|
|-ability|p2b: Blaziken|Speed Boost|boost
|-boost|p2b: Blaziken|spe|1
|upkeep
|turn|2
|inactive|3-4 worlds has 30 seconds left.
|
|t:|1785100738
|switch|p1b: Kingambit|Kingambit, L50, F|100/100
|detailschange|p2a: Aerodactyl|Aerodactyl-Mega, L50, M
|-mega|p2a: Aerodactyl|Aerodactyl|Aerodactylite
|move|p1a: Talonflame|Dual Wingbeat|p2b: Blaziken
|-supereffective|p2b: Blaziken|1
|-damage|p2b: Blaziken|54/100
|-supereffective|p2b: Blaziken|1
|-damage|p2b: Blaziken|12/100
|-hitcount|p2b: Blaziken|2
|move|p2a: Aerodactyl|Ice Fang|p1b: Kingambit
|-resisted|p1b: Kingambit|1
|-damage|p1b: Kingambit|89/100
|move|p2b: Blaziken|Rock Slide|p1a: Talonflame|[spread] p1a,p1b
|-supereffective|p1a: Talonflame|2
|-resisted|p1b: Kingambit|1
|-enditem|p1a: Talonflame|Focus Sash
|-damage|p1a: Talonflame|1/100
|-damage|p1b: Kingambit|82/100
|
|-ability|p2b: Blaziken|Speed Boost|boost
|-boost|p2b: Blaziken|spe|1
|upkeep
|turn|3
|j| busterbunner
|inactive|SHyperdestroyerVGC has 30 seconds left.
|
|t:|1785100771
|switch|p1a: Sneasler|Sneasler, L50, M|100/100
|move|p1b: Kingambit|Sucker Punch|p2b: Blaziken
|-resisted|p2b: Blaziken|1
|-damage|p2b: Blaziken|0 fnt
|faint|p2b: Blaziken
|move|p2a: Aerodactyl|Rock Slide|p1a: Sneasler|[spread] p1a,p1b
|-resisted|p1a: Sneasler|1
|-resisted|p1b: Kingambit|1
|-damage|p1a: Sneasler|78/100
|-damage|p1b: Kingambit|70/100
|
|upkeep
|
|t:|1785100781
|switch|p2b: Torkoal|Torkoal, L50, F|100/100
|-weather|SunnyDay|[from] ability: Drought|[of] p2b: Torkoal
|turn|4
|l| busterbunner
|j| busterbunner
|inactive|SHyperdestroyerVGC has 30 seconds left.
|
|t:|1785100814
|move|p1a: Sneasler|Fake Out|p2a: Aerodactyl
|-resisted|p2a: Aerodactyl|1
|-damage|p2a: Aerodactyl|89/100
|cant|p2a: Aerodactyl|flinch
|move|p1b: Kingambit|Kowtow Cleave|p2a: Aerodactyl
|-damage|p2a: Aerodactyl|20/100y
|move|p2b: Torkoal|Weather Ball|p1b: Kingambit
|-supereffective|p1b: Kingambit|1
|-damage|p1b: Kingambit|0 fnt
|faint|p1b: Kingambit
|
|-weather|SunnyDay|[upkeep]
|-sideend|p1: SHyperdestroyerVGC|move: Tailwind
|-sideend|p2: 3-4 worlds|move: Tailwind
|upkeep
|
|t:|1785100828
|switch|p1b: Garchomp|Garchomp, L50, F|100/100
|turn|5
|
|t:|1785100847
|move|p1b: Garchomp|Protect|p1b: Garchomp
|-singleturn|p1b: Garchomp|Protect
|move|p2a: Aerodactyl|Ice Fang|p1b: Garchomp
|-activate|p1b: Garchomp|move: Protect
|move|p1a: Sneasler|Close Combat|p2a: Aerodactyl
|-damage|p2a: Aerodactyl|0 fnt
|-unboost|p1a: Sneasler|def|1
|-unboost|p1a: Sneasler|spd|1
|faint|p2a: Aerodactyl
|-enditem|p1a: Sneasler|White Herb
|-clearnegativeboost|p1a: Sneasler|[silent]
|move|p2b: Torkoal|Weather Ball|p1a: Sneasler
|-damage|p1a: Sneasler|0 fnt
|faint|p1a: Sneasler
|
|-weather|SunnyDay|[upkeep]
|upkeep
|
|t:|1785100862
|switch|p2a: Basculegion|Basculegion, L50, M|100/100
|switch|p1a: Talonflame|Talonflame, L50, M|1/100
|turn|6
|
|t:|1785100881
|move|p2a: Basculegion|Protect|p2a: Basculegion
|-singleturn|p2a: Basculegion|Protect
|move|p1a: Talonflame|Dual Wingbeat|p2a: Basculegion
|-activate|p2a: Basculegion|move: Protect
|move|p1b: Garchomp|Earthquake|p2a: Basculegion|[spread] p2b
|-activate|p2a: Basculegion|move: Protect
|-immune|p1a: Talonflame
|-supereffective|p2b: Torkoal|1
|-damage|p2b: Torkoal|28/100
|-damage|p1b: Garchomp|90/100|[from] item: Life Orb
|move|p2b: Torkoal|Heat Wave|p1b: Garchomp|[spread] p1a,p1b
|-resisted|p1a: Talonflame|1
|-resisted|p1b: Garchomp|1
|-damage|p1a: Talonflame|0 fnt
|-damage|p1b: Garchomp|71/100
|-status|p1b: Garchomp|brn
|faint|p1a: Talonflame
|
|-weather|SunnyDay|[upkeep]
|-heal|p2b: Torkoal|34/100|[from] item: Leftovers
|-damage|p1b: Garchomp|65/100 brn|[from] brn
|upkeep
|turn|7
|-message|SHyperdestroyerVGC forfeited.
|
|win|3-4 worlds
||SHyperdestroyerVGC is ready for game 2.
||3-4 worlds is ready for game 2.
|uhtml|next|Next: Game 2 of 3
