|j|☆Woodbox
|j|☆Koiizumi
|html|WoodboxKoiizumi    
|uhtml|bestof|Game 2 of a best-of-3
|t:|1784163538
|gametype|doubles
|player|p1|Woodbox|170|1256
|player|p2|Koiizumi|170|1217
|gen|9
|tier|[Gen 9 Champions] VGC 2026 Reg M-B (Bo3)
|rated|
|rule|Species Clause: Limit one of each Pokémon
|rule|Item Clause: Limit 1 of each item
|clearpoke
|poke|p1|Incineroar, L50, F|
|poke|p1|Charizard, L50, M|
|poke|p1|Garchomp, L50, F|
|poke|p1|Sneasler, L50, M|
|poke|p1|Metagross, L50|
|poke|p1|Whimsicott, L50, F|
|poke|p2|Raichu, L50, M|
|poke|p2|Mamoswine, L50, M|
|poke|p2|Sylveon, L50, F|
|poke|p2|Incineroar, L50, M|
|poke|p2|Sinistcha, L50|
|poke|p2|Basculegion, L50, M|
|teampreview|4
|showteam|p1|Incineroar||SitrusBerry|Intimidate|FlareBlitz,FakeOut,PartingShot,DarkestLariat|Careful||F|||50|]Charizard||CharizarditeY|Blaze|WeatherBall,HeatWave,SolarBeam,Protect|Modest||M|||50|]Garchomp||LifeOrb|RoughSkin|StompingTantrum,DragonClaw,RockSlide,Protect|Jolly||F|||50|]Sneasler||WhiteHerb|Unburden|FakeOut,CloseCombat,DireClaw,Protect|Jolly||M|||50|]Metagross||Metagrossite|ClearBody|MeteorMash,IcePunch,PsychicFangs,Protect|Jolly|||||50|]Whimsicott||FocusSash|Prankster|Moonblast,Encore,Tailwind,Protect|Timid||F|||50|
|showteam|p2|Raichu||RaichuniteY|Static|ZapCannon,FocusBlast,FakeOut,Protect|Timid||M|||50|]Mamoswine||LifeOrb|Oblivious|HighHorsepower,IcicleCrash,IceShard,Protect|Adamant||M|||50|]Sylveon||FairyFeather|Pixilate|HyperVoice,HyperBeam,Detect,Yawn|Modest||F|||50|]Incineroar||PasshoBerry|Intimidate|ThroatChop,FlareBlitz,FakeOut,PartingShot|Impish||M|||50|]Sinistcha||SitrusBerry|Hospitality|RagePowder,MatchaGotcha,TrickRoom,Protect|Relaxed|||||50|]Basculegion||ChoiceScarf|Adaptability|WaveCrash,LastRespects,AquaJet,FlipTurn|Jolly||M|||50|
|inactive|Battle timer is ON: inactive players will automatically lose when time's up. (requested by Koiizumi)
|inactive|Woodbox has 60 seconds left.
|
|t:|1784163590
|teamsize|p1|4
|teamsize|p2|4
|start
|switch|p1a: Garchomp|Garchomp, L50, F|100/100
|switch|p1b: Sneasler|Sneasler, L50, M|100/100
|switch|p2a: Raichu|Raichu, L50, M|100/100
|switch|p2b: Mamoswine|Mamoswine, L50, M|100/100
|turn|1
|
|t:|1784163613
|switch|p1a: Incineroar|Incineroar, L50, F|100/100
|-ability|p1a: Incineroar|Intimidate|boost
|-unboost|p2a: Raichu|atk|1
|-fail|p2b: Mamoswine|unboost|Attack|[from] ability: Oblivious|[of] p2b: Mamoswine
|detailschange|p2a: Raichu|Raichu-Mega-Y, L50, M
|-mega|p2a: Raichu|Raichu|Raichunite Y
|move|p1b: Sneasler|Protect|p1b: Sneasler
|-singleturn|p1b: Sneasler|Protect
|move|p2a: Raichu|Fake Out|p1b: Sneasler
|-activate|p1b: Sneasler|move: Protect
|move|p2b: Mamoswine|Ice Shard|p1a: Incineroar
|-resisted|p1a: Incineroar|1
|-crit|p1a: Incineroar
|-damage|p1a: Incineroar|80/100
|-damage|p2b: Mamoswine|90/100|[from] item: Life Orb
|
|upkeep
|turn|2
|inactive|Woodbox has 30 seconds left.
|inactive|Koiizumi has 30 seconds left.
|inactive|Woodbox has 20 seconds left.
|inactive|Koiizumi has 20 seconds left.
|inactive|Koiizumi has 15 seconds left.
|inactive|Koiizumi has 10 seconds left.
|
|t:|1784163659
|switch|p2b: Incineroar|Incineroar, L50, M|100/100
|-ability|p2b: Incineroar|Intimidate|boost
|-unboost|p1a: Incineroar|atk|1
|-unboost|p1b: Sneasler|atk|1
|-enditem|p1b: Sneasler|White Herb
|-clearnegativeboost|p1b: Sneasler|[silent]
|move|p2a: Raichu|Protect|p2a: Raichu
|-singleturn|p2a: Raichu|Protect
|move|p1a: Incineroar|Fake Out|p2a: Raichu
|-activate|p2a: Raichu|move: Protect
|move|p1b: Sneasler|Close Combat|p2b: Incineroar
|-supereffective|p2b: Incineroar|1
|-damage|p2b: Incineroar|6/100
|-unboost|p1b: Sneasler|def|1
|-unboost|p1b: Sneasler|spd|1
|
|upkeep
|turn|3
|inactive|Woodbox has 30 seconds left.
|inactive|Koiizumi has 30 seconds left.
|inactive|Woodbox has 20 seconds left.
|inactive|Koiizumi has 20 seconds left.
|inactive|Koiizumi has 15 seconds left.
|
|t:|1784163704
|move|p1b: Sneasler|Protect|p1b: Sneasler
|-singleturn|p1b: Sneasler|Protect
|move|p2a: Raichu|Zap Cannon|p1b: Sneasler
|-activate|p1b: Sneasler|move: Protect
|move|p2b: Incineroar|Parting Shot|p1a: Incineroar
|-unboost|p1a: Incineroar|atk|1
|-unboost|p1a: Incineroar|spa|1
|
|t:|1784163712
|switch|p2b: Mamoswine|Mamoswine, L50, M|90/100|[from] Parting Shot
|move|p1a: Incineroar|Parting Shot|p2a: Raichu
|-unboost|p2a: Raichu|atk|1
|-unboost|p2a: Raichu|spa|1
|
|t:|1784163727
|switch|p1a: Charizard|Charizard, L50, M|100/100|[from] Parting Shot
|
|upkeep
|turn|4
|inactive|Woodbox has 30 seconds left.
|inactive|Koiizumi has 30 seconds left.
|
|t:|1784163761
|detailschange|p1a: Charizard|Charizard-Mega-Y, L50, M
|-mega|p1a: Charizard|Charizard|Charizardite Y
|-weather|SunnyDay|[from] ability: Drought|[of] p1a: Charizard
|move|p2b: Mamoswine|Ice Shard|p1a: Charizard
|-damage|p1a: Charizard|60/100
|-damage|p2b: Mamoswine|80/100|[from] item: Life Orb
|move|p1b: Sneasler|Close Combat|p2b: Mamoswine
|-supereffective|p2b: Mamoswine|1
|-damage|p2b: Mamoswine|0 fnt
|-unboost|p1b: Sneasler|def|1
|-unboost|p1b: Sneasler|spd|1
|faint|p2b: Mamoswine
|move|p2a: Raichu|Zap Cannon|p1a: Charizard
|-supereffective|p1a: Charizard|1
|-damage|p1a: Charizard|0 fnt
|faint|p1a: Charizard
|
|-weather|SunnyDay|[upkeep]
|upkeep
|
|t:|1784163783
|switch|p1a: Garchomp|Garchomp, L50, F|100/100
|switch|p2b: Incineroar|Incineroar, L50, M|6/100
|-ability|p2b: Incineroar|Intimidate|boost
|-unboost|p1a: Garchomp|atk|1
|-unboost|p1b: Sneasler|atk|1
|turn|5
|
|t:|1784163801
|switch|p2a: Sylveon|Sylveon, L50, F|100/100
|move|p1b: Sneasler|Protect|p1b: Sneasler
|-singleturn|p1b: Sneasler|Protect
|move|p1a: Garchomp|Protect|p1a: Garchomp
|-singleturn|p1a: Garchomp|Protect
|move|p2b: Incineroar|Fake Out|p1a: Garchomp
|-activate|p1a: Garchomp|move: Protect
|
|-weather|SunnyDay|[upkeep]
|upkeep
|turn|6
|inactive|Woodbox has 30 seconds left.
|inactive|Woodbox has 20 seconds left.
|inactive|Woodbox has 15 seconds left.
|inactive|Woodbox has 10 seconds left.
|inactive|Woodbox has 5 seconds left.
|
|t:|1784163851
|switch|p1a: Incineroar|Incineroar, L50, F|80/100
|-ability|p1a: Incineroar|Intimidate|boost
|-unboost|p2a: Sylveon|atk|1
|-unboost|p2b: Incineroar|atk|1
|move|p1b: Sneasler|Dire Claw|p2a: Sylveon
|-supereffective|p2a: Sylveon|1
|-damage|p2a: Sylveon|31/100
|-status|p2a: Sylveon|psn
|move|p2b: Incineroar|Parting Shot|p1b: Sneasler
|-unboost|p1b: Sneasler|atk|1
|-unboost|p1b: Sneasler|spa|1
|
|t:|1784163863
|switch|p2b: Raichu|Raichu-Mega-Y, L50, M|100/100|[from] Parting Shot
|move|p2a: Sylveon|Hyper Voice|p1b: Sneasler|[spread] p1a,p1b
|-damage|p1a: Incineroar|45/100
|-damage|p1b: Sneasler|0 fnt
|-enditem|p1a: Incineroar|Sitrus Berry|[eat]
|-heal|p1a: Incineroar|70/100|[from] item: Sitrus Berry
|faint|p1b: Sneasler
|
|-weather|SunnyDay|[upkeep]
|-damage|p2a: Sylveon|19/100 psn|[from] psn
|upkeep
|
|t:|1784163869
|switch|p1b: Garchomp|Garchomp, L50, F|100/100
|turn|7
|inactive|Woodbox has 30 seconds left.
|inactive|Koiizumi has 30 seconds left.
|inactive|Koiizumi has 20 seconds left.
|
|t:|1784163906
|move|p2b: Raichu|Fake Out|p1b: Garchomp
|-damage|p1b: Garchomp|90/100
|-damage|p2b: Raichu|88/100|[from] ability: Rough Skin|[of] p1b: Garchomp
|move|p1a: Incineroar|Fake Out|p2a: Sylveon
|-damage|p2a: Sylveon|7/100 psn
|cant|p1b: Garchomp|flinch
|cant|p2a: Sylveon|flinch
|
|-weather|SunnyDay|[upkeep]
|-damage|p2a: Sylveon|0 fnt|[from] psn
|faint|p2a: Sylveon
|upkeep
|
|t:|1784163917
|switch|p2a: Incineroar|Incineroar, L50, M|6/100
|-ability|p2a: Incineroar|Intimidate|boost
|-unboost|p1a: Incineroar|atk|1
|-unboost|p1b: Garchomp|atk|1
|turn|8
|
|t:|1784163935
|move|p2a: Incineroar|Fake Out|p1b: Garchomp
|-damage|p1b: Garchomp|80/100
|-damage|p2a: Incineroar|0 fnt|[from] ability: Rough Skin|[of] p1b: Garchomp
|faint|p2a: Incineroar
|move|p2b: Raichu|Focus Blast|p1a: Incineroar
|-supereffective|p1a: Incineroar|1
|-damage|p1a: Incineroar|1/100
|cant|p1b: Garchomp|flinch
|move|p1a: Incineroar|Flare Blitz|p2b: Raichu
|-damage|p2b: Raichu|1/100
|-damage|p1a: Incineroar|0 fnt|[from] Recoil
|faint|p1a: Incineroar
|
|-weather|none
|upkeep
|turn|9
|
|t:|1784163949
|move|p2b: Raichu|Focus Blast|p1b: Garchomp
|-damage|p1b: Garchomp|31/100
|move|p1b: Garchomp|Stomping Tantrum|p2b: Raichu
|-supereffective|p2b: Raichu|1
|-damage|p2b: Raichu|0 fnt
|faint|p2b: Raichu
|-damage|p1b: Garchomp|22/100|[from] item: Life Orb
|
|win|Woodbox
|inactive|Woodbox has 30 seconds to confirm battle start!
|inactive|Koiizumi has 30 seconds to confirm battle start!
