|j|☆Fr3aky B1lly
|j|☆practicesemijrlman
|html|Fr3aky B1llypracticesemijrlman    
|uhtml|bestof|Game 2 of a best-of-3
|t:|1757774453
|gametype|doubles
|player|p1|Fr3aky B1lly|crasherwake|1170
|player|p2|practicesemijrlman|1|1337
|gen|9
|tier|[Gen 9] VGC 2025 Reg H (Bo3)
|rated|
|rule|Species Clause: Limit one of each Pokémon
|rule|Item Clause: Limit 1 of each item
|clearpoke
|poke|p1|Corviknight, L50, M|
|poke|p1|Tyranitar, L50, F|
|poke|p1|Golem-Alola, L50, M|
|poke|p1|Dondozo, L50, M|
|poke|p1|Tatsugiri, L50, F|
|poke|p1|Excadrill, L50, F|
|poke|p2|Dondozo, L50, M|
|poke|p2|Tatsugiri, L50, M|
|poke|p2|Indeedee, L50, M|
|poke|p2|Garchomp, L50, F|
|poke|p2|Gholdengo, L50|
|poke|p2|Murkrow, L50, M|
|teampreview|4
|showteam|p1|Corviknight||Leftovers|MirrorArmor|BraveBird,BodyPress,IronDefense,Protect|||M|||50|,,,,,Fighting]Tyranitar||AssaultVest|SandStream|KnockOff,RockSlide,Protect,HelpingHand|||F|||50|,,,,,Flying]Golem-Alola||LifeOrb|Galvanize|DoubleEdge,RockSlide,Protect,WideGuard|||M|||50|,,,,,Flying]Dondozo||SafetyGoggles|Oblivious|WaveCrash,OrderUp,Protect,Earthquake|||M|||50|,,,,,Dragon]Tatsugiri||ChoiceScarf|Commander|DracoMeteor,IcyWind,MuddyWater,HydroPump|||F|||50|,,,,,Stellar]Excadrill||FocusSash|SandRush|Earthquake,HighHorsepower,IronHead,Protect|||F|||50|,,,,,Water
|showteam|p2|Dondozo||Leftovers|Unaware|OrderUp,Earthquake,WaveCrash,Protect|||M|||50|,,,,,Grass]Tatsugiri||FocusSash|Commander|DracoMeteor,MuddyWater,IcyWind,Protect|||M|||50|,,,,,Stellar]Indeedee||ChoiceScarf|PsychicSurge|ExpandingForce,Trick,AfterYou,HyperVoice|||M|||50|,,,,,Psychic]Garchomp||LifeOrb|RoughSkin|Earthquake,StompingTantrum,DragonClaw,Protect|||F|||50|,,,,,Ground]Gholdengo||ChoiceSpecs|GoodasGold|MakeItRain,ShadowBall,SteelBeam,Thunderbolt||||||50|,,,,,Steel]Murkrow||Eviolite|Prankster|FoulPlay,Tailwind,Quash,Haze|||M|||50|,,,,,Ghost
|inactive|Battle timer is ON: inactive players will automatically lose when time's up. (requested by practicesemijrlman)
|inactive|Fr3aky B1lly has 60 seconds left.
|
|t:|1757774492
|teamsize|p1|4
|teamsize|p2|4
|start
|switch|p1a: ttar|Tyranitar, L50, F, shiny|100/100
|switch|p1b: Excadrill|Excadrill, L50, F|100/100
|switch|p2a: Garchomp|Garchomp, L50, F|100/100
|switch|p2b: Murkrow|Murkrow, L50, M|100/100
|-weather|Sandstorm|[from] ability: Sand Stream|[of] p1a: ttar
|turn|1
|inactive|Fr3aky B1lly has 30 seconds left.
|inactive|Fr3aky B1lly has 20 seconds left.
|inactive|Fr3aky B1lly has 15 seconds left.
|
|t:|1757774535
|-terastallize|p1a: ttar|Flying
|move|p2b: Murkrow|Tailwind|p2b: Murkrow
|-sidestart|p2: practicesemijrlman|move: Tailwind
|move|p2a: Garchomp|Earthquake|p1b: Excadrill|[spread] p1b
|-immune|p2b: Murkrow
|-immune|p1a: ttar
|-supereffective|p1b: Excadrill
|-enditem|p1b: Excadrill|Focus Sash
|-damage|p1b: Excadrill|1/100
|-damage|p2a: Garchomp|91/100|[from] item: Life Orb
|move|p1b: Excadrill|Iron Head|p2a: Garchomp
|-damage|p2a: Garchomp|46/100
|-damage|p1b: Excadrill|0 fnt|[from] ability: Rough Skin|[of] p2a: Garchomp
|faint|p1b: Excadrill
|move|p1a: ttar|Knock Off|p2a: Garchomp
|-damage|p2a: Garchomp|0 fnt
|-damage|p1a: ttar|88/100|[from] ability: Rough Skin|[of] p2a: Garchomp
|-enditem|p2a: Garchomp|Life Orb|[from] move: Knock Off|[of] p1a: ttar
|faint|p2a: Garchomp
|
|-weather|Sandstorm|[upkeep]
|-damage|p2b: Murkrow|95/100|[from] Sandstorm
|-damage|p1a: ttar|83/100|[from] Sandstorm
|upkeep
|inactive|Fr3aky B1lly has 30 seconds left.
|
|t:|1757774566
|switch|p2a: Dondozo|Dondozo, L50, M|100/100
|switch|p1b: Its gonna blow!|Golem-Alola, L50, M|100/100
|turn|2
|inactive|Fr3aky B1lly has 30 seconds left.
|
|t:|1757774598
|switch|p2b: Tatsugiri|Tatsugiri, L50, M, shiny|100/100
|-activate|p2b: Tatsugiri|ability: Commander|[of] p2a: Dondozo
|-boost|p2a: Dondozo|atk|2
|-boost|p2a: Dondozo|spa|2
|-boost|p2a: Dondozo|spe|2
|-boost|p2a: Dondozo|def|2
|-boost|p2a: Dondozo|spd|2
|switch|p1b: Braver than ever|Corviknight, L50, M, shiny|100/100
|move|p2a: Dondozo|Wave Crash|p1b: Braver than ever
|-damage|p1b: Braver than ever|40/100
|-damage|p2a: Dondozo|84/100|[from] Recoil
|move|p1a: ttar|Knock Off|p2a: Dondozo
|-damage|p2a: Dondozo|64/100
|-enditem|p2a: Dondozo|Leftovers|[from] move: Knock Off|[of] p1a: ttar
|
|-weather|Sandstorm|[upkeep]
|-damage|p2a: Dondozo|58/100|[from] Sandstorm
|-damage|p2b: Tatsugiri|94/100|[from] Sandstorm
|-damage|p1a: ttar|77/100|[from] Sandstorm
|-heal|p1b: Braver than ever|46/100|[from] item: Leftovers
|upkeep
|turn|3
|inactive|Fr3aky B1lly has 30 seconds left.
|inactive|practicesemijrlman has 30 seconds left.
|inactive|Fr3aky B1lly has 20 seconds left.
|inactive|Fr3aky B1lly has 15 seconds left.
|
|t:|1757774639
|move|p2a: Dondozo|Wave Crash|p1b: Braver than ever
|-damage|p1b: Braver than ever|0 fnt
|faint|p1b: Braver than ever
|-damage|p2a: Dondozo|46/100|[from] Recoil
|move|p1a: ttar|Rock Slide|p2b: Tatsugiri|[spread] p2a
|-miss|p1a: ttar|p2b: Tatsugiri
|-damage|p2a: Dondozo|35/100
|
|-weather|Sandstorm|[upkeep]
|-damage|p2a: Dondozo|29/100|[from] Sandstorm
|-damage|p2b: Tatsugiri|88/100|[from] Sandstorm
|-damage|p1a: ttar|71/100|[from] Sandstorm
|upkeep
|
|t:|1757774650
|switch|p1b: Its gonna blow!|Golem-Alola, L50, M|100/100
|turn|4
|
|t:|1757774663
|move|p1b: Its gonna blow!|Protect|p1b: Its gonna blow!
|-singleturn|p1b: Its gonna blow!|Protect
|move|p2a: Dondozo|Wave Crash|p1b: Its gonna blow!
|-activate|p1b: Its gonna blow!|move: Protect
|move|p1a: ttar|Rock Slide|p2b: Tatsugiri|[spread] p2a
|-miss|p1a: ttar|p2b: Tatsugiri
|-damage|p2a: Dondozo|19/100
|
|-weather|Sandstorm|[upkeep]
|-damage|p2a: Dondozo|13/100|[from] Sandstorm
|-damage|p2b: Tatsugiri|82/100|[from] Sandstorm
|-damage|p1a: ttar|65/100|[from] Sandstorm
|-sideend|p2: practicesemijrlman|move: Tailwind
|upkeep
|turn|5
|inactive|Fr3aky B1lly has 30 seconds left.
|
|t:|1757774692
|move|p1b: Its gonna blow!|Protect||[still]
|-fail|p1b: Its gonna blow!
|move|p2a: Dondozo|Wave Crash|p1b: Its gonna blow!
|-supereffective|p1b: Its gonna blow!
|-damage|p1b: Its gonna blow!|0 fnt
|faint|p1b: Its gonna blow!
|-damage|p2a: Dondozo|0 fnt|[from] Recoil
|faint|p2a: Dondozo
|move|p1a: ttar|Knock Off|p2b: Tatsugiri
|-damage|p2b: Tatsugiri|0 fnt
|-enditem|p2b: Tatsugiri|Focus Sash|[from] move: Knock Off|[of] p1a: ttar
|faint|p2b: Tatsugiri
|
|-weather|none
|upkeep
|
|t:|1757774701
|switch|p2b: Murkrow|Murkrow, L50, M|95/100
|turn|6
|
|t:|1757774706
|move|p2b: Murkrow|Foul Play|p1a: ttar
|-damage|p1a: ttar|25/100
|move|p1a: ttar|Rock Slide|p2b: Murkrow|[miss]
|-miss|p1a: ttar|p2b: Murkrow
|
|upkeep
|turn|7
|
|t:|1757774711
|move|p2b: Murkrow|Foul Play|p1a: ttar
|-damage|p1a: ttar|0 fnt
|faint|p1a: ttar
|
|win|practicesemijrlman
|raw|Fr3aky B1lly's rating: 1170 → 1156(-14 for losing)
|raw|practicesemijrlman's rating: 1337 → 1348(+11 for winning)
