|j|☆mumu2
|j|☆FIR patu.
|html|mumu2FIR patu.    
|uhtml|bestof|Game 3 of a best-of-3
|t:|1785286547
|gametype|doubles
|player|p1|mumu2|cyclistf|
|player|p2|FIR patu.|ingo|
|gen|9
|tier|[Gen 9 Champions] VGC 2026 Reg M-B (Bo3)
|rule|Species Clause: Limit one of each Pokémon
|rule|Item Clause: Limit 1 of each item
|clearpoke
|poke|p1|Tyranitar, L50, F|
|poke|p1|Excadrill, L50, M|
|poke|p1|Hydreigon, L50, F|
|poke|p1|Scrafty, L50, M|
|poke|p1|Corviknight, L50, M|
|poke|p1|Rotom-Wash, L50|
|poke|p2|Starmie, L50, shiny|
|poke|p2|Talonflame, L50, F|
|poke|p2|Maushold, L50|
|poke|p2|Tsareena, L50, F|
|poke|p2|Hydreigon, L50, F, shiny|
|poke|p2|Lopunny, L50, F|
|teampreview|4
|showteam|p1|Tyranitar||Tyranitarite|SandStream|RockSlide,KnockOff,Earthquake,Protect|Adamant||F|||50|]Excadrill||LifeOrb|SandRush|Earthquake,IronHead,RockSlide,Protect|Adamant||M|||50|]Hydreigon||ChoiceScarf|Levitate|DracoMeteor,DarkPulse,EarthPower,HeatWave|Timid||F|||50|]Scrafty||Scraftinite|Intimidate|FakeOut,FirePunch,Crunch,CloseCombat|Adamant||M|||50|]Corviknight||Leftovers|MirrorArmor|BraveBird,Tailwind,BulkUp,Protect|Careful||M|||50|]Rotom-Wash||SitrusBerry|Levitate|Discharge,HydroPump,VoltSwitch,WillOWisp|Modest|||||50|
|showteam|p2|Starmie||Starminite|NaturalCure|PsychoCut,AquaJet,Liquidation,Protect|Jolly|||||50|]Talonflame||FocusSash|GaleWings|BraveBird,FlareBlitz,Tailwind,Protect|Jolly||F|||50|]Maushold||SitrusBerry|FriendGuard|SuperFang,HelpingHand,FollowMe,Protect|Impish|||||50|]Tsareena||LifeOrb|QueenlyMajesty|TropKick,PlayRough,Uturn,Protect|Jolly||F|||50|]Hydreigon||ChoiceScarf|Levitate|DragonPulse,DarkPulse,EarthPower,HeatWave|Modest||F|||50|]Lopunny||Lopunnite|Limber|FakeOut,CloseCombat,TripleAxel,Protect|Jolly||F|||50|
|j| FIR Zants
|
|t:|1785286602
|teamsize|p1|4
|teamsize|p2|4
|start
|switch|p1a: Hydreigon|Hydreigon, L50, F|100/100
|switch|p1b: Scrafty|Scrafty, L50, M|100/100
|switch|p2a: Talonflame|Talonflame, L50, F|100/100
|switch|p2b: Tsareena|Tsareena, L50, F|100/100
|-ability|p1b: Scrafty|Intimidate|boost
|-unboost|p2a: Talonflame|atk|1
|-unboost|p2b: Tsareena|atk|1
|turn|1
|
|t:|1785286699
|switch|p1a: Corviknight|Corviknight, L50, M|100/100
|detailschange|p1b: Scrafty|Scrafty-Mega, L50, M
|-mega|p1b: Scrafty|Scrafty|Scraftinite
|-ability|p1b: Scrafty|Intimidate|boost
|-unboost|p2a: Talonflame|atk|1
|-unboost|p2b: Tsareena|atk|1
|move|p2a: Talonflame|Tailwind|p2a: Talonflame
|-sidestart|p2: FIR patu.|move: Tailwind
|move|p2b: Tsareena|Play Rough|p1b: Scrafty
|-supereffective|p1b: Scrafty|2
|-damage|p1b: Scrafty|36/100
|-damage|p2b: Tsareena|90/100|[from] item: Life Orb
|move|p1b: Scrafty|Close Combat|p2b: Tsareena
|-damage|p2b: Tsareena|17/100
|-unboost|p1b: Scrafty|def|1
|-unboost|p1b: Scrafty|spd|1
|
|upkeep
|turn|2
|
|t:|1785286775
|switch|p1b: Rotom|Rotom-Wash, L50|100/100
|move|p2a: Talonflame|Brave Bird|p1b: Rotom
|-resisted|p1b: Rotom|1
|-damage|p1b: Rotom|87/100
|-damage|p2a: Talonflame|96/100|[from] Recoil
|move|p2b: Tsareena|Trop Kick|p1b: Rotom
|-supereffective|p1b: Rotom|1
|-damage|p1b: Rotom|36/100
|-unboost|p1b: Rotom|atk|1
|-enditem|p1b: Rotom|Sitrus Berry|[eat]
|-heal|p1b: Rotom|61/100|[from] item: Sitrus Berry
|-damage|p2b: Tsareena|8/100|[from] item: Life Orb
|move|p1a: Corviknight|Bulk Up|p1a: Corviknight
|-boost|p1a: Corviknight|atk|1
|-boost|p1a: Corviknight|def|1
|
|upkeep
|turn|3
|
|t:|1785286840
|move|p2a: Talonflame|Brave Bird|p1b: Rotom
|-resisted|p1b: Rotom|1
|-damage|p1b: Rotom|49/100
|-damage|p2a: Talonflame|92/100|[from] Recoil
|move|p2b: Tsareena|Trop Kick|p1b: Rotom
|-supereffective|p1b: Rotom|1
|-damage|p1b: Rotom|0 fnt
|faint|p1b: Rotom
|-damage|p2b: Tsareena|0 fnt|[from] item: Life Orb
|faint|p2b: Tsareena
|move|p1a: Corviknight|Bulk Up|p1a: Corviknight
|-boost|p1a: Corviknight|atk|1
|-boost|p1a: Corviknight|def|1
|
|upkeep
|
|t:|1785286864
|switch|p2b: Hydreigon|Hydreigon, L50, F, shiny|100/100
|switch|p1b: Scrafty|Scrafty-Mega, L50, M|36/100
|-ability|p1b: Scrafty|Intimidate|boost
|-unboost|p2a: Talonflame|atk|1
|-unboost|p2b: Hydreigon|atk|1
|turn|4
|
|t:|1785286945
|move|p1b: Scrafty|Fake Out|p2b: Hydreigon
|-damage|p2b: Hydreigon|81/100
|cant|p2b: Hydreigon|flinch
|move|p2a: Talonflame|Brave Bird|p1b: Scrafty
|-supereffective|p1b: Scrafty|1
|-damage|p1b: Scrafty|7/100
|-damage|p2a: Talonflame|81/100|[from] Recoil
|move|p1a: Corviknight|Brave Bird|p2b: Hydreigon
|-damage|p2b: Hydreigon|1/100
|-damage|p1a: Corviknight|78/100|[from] Recoil
|
|-heal|p1a: Corviknight|83/100|[from] item: Leftovers
|-sideend|p2: FIR patu.|move: Tailwind
|upkeep
|turn|5
|
|t:|1785287018
|switch|p1b: Hydreigon|Hydreigon, L50, F|100/100
|move|p1a: Corviknight|Protect|p1a: Corviknight
|-singleturn|p1a: Corviknight|Protect
|move|p2b: Hydreigon|Heat Wave|p1a: Corviknight|[spread] 
|-activate|p1a: Corviknight|move: Protect
|-miss|p2b: Hydreigon|p1b: Hydreigon
|move|p2a: Talonflame|Tailwind|p2a: Talonflame
|-sidestart|p2: FIR patu.|move: Tailwind
|
|-heal|p1a: Corviknight|89/100|[from] item: Leftovers
|upkeep
|turn|6
|
|t:|1785287087
|move|p2b: Hydreigon|Heat Wave|p1a: Corviknight|[spread] p1a,p1b
|-supereffective|p1a: Corviknight|1
|-resisted|p1b: Hydreigon|1
|-damage|p1a: Corviknight|54/100
|-damage|p1b: Hydreigon|85/100
|move|p2a: Talonflame|Flare Blitz|p1a: Corviknight
|-supereffective|p1a: Corviknight|1
|-damage|p1a: Corviknight|37/100
|-damage|p2a: Talonflame|73/100|[from] Recoil
|move|p1b: Hydreigon|Draco Meteor|p2a: Talonflame
|-damage|p2a: Talonflame|0 fnt
|-unboost|p1b: Hydreigon|spa|2
|faint|p2a: Talonflame
|move|p1a: Corviknight|Brave Bird|p2b: Hydreigon
|-damage|p2b: Hydreigon|0 fnt
|faint|p2b: Hydreigon
|-damage|p1a: Corviknight|36/100|[from] Recoil
|
|-heal|p1a: Corviknight|42/100|[from] item: Leftovers
|upkeep
|
|t:|1785287128
|switch|p2b: Lopunny|Lopunny, L50, F|100/100
|turn|7
|
|t:|1785287162
|switch|p1b: Scrafty|Scrafty-Mega, L50, M|7/100
|-ability|p1b: Scrafty|Intimidate|boost
|-unboost|p2b: Lopunny|atk|1
|detailschange|p2b: Lopunny|Lopunny-Mega, L50, F
|-mega|p2b: Lopunny|Lopunny|Lopunnite
|move|p2b: Lopunny|Close Combat|p1a: Corviknight
|-damage|p1a: Corviknight|27/100
|-unboost|p2b: Lopunny|def|1
|-unboost|p2b: Lopunny|spd|1
|move|p1a: Corviknight|Brave Bird|p2b: Lopunny
|-supereffective|p2b: Lopunny|1
|-damage|p2b: Lopunny|0 fnt
|faint|p2b: Lopunny
|-damage|p1a: Corviknight|1/100|[from] Recoil
|
|win|mumu2
