|j|☆CaratroncoSun
|j|☆burbujina
|html|CaratroncoSunburbujina    
|uhtml|bestof|Game 3 of a best-of-3
|t:|1782415677
|gametype|doubles
|player|p1|CaratroncoSun|juan|1271
|player|p2|burbujina|brawly|1367
|gen|9
|tier|[Gen 9 Champions] VGC 2026 Reg M-B (Bo3)
|rated|
|rule|Species Clause: Limit one of each Pokémon
|rule|Item Clause: Limit 1 of each item
|clearpoke
|poke|p1|Overqwil, L50, M, shiny|
|poke|p1|Swampert, L50, F|
|poke|p1|Pelipper, L50, M|
|poke|p1|Metagross, L50, shiny|
|poke|p1|Sneasler, L50, M|
|poke|p1|Sinistcha-Masterpiece, L50|
|poke|p2|Raichu, L50, M|
|poke|p2|Staraptor, L50, F|
|poke|p2|Farigiraf, L50, F|
|poke|p2|Sylveon, L50, M|
|poke|p2|Kingambit, L50, M|
|poke|p2|Basculegion, L50, M|
|teampreview|4
|showteam|p1|Overqwil||LifeOrb|SwiftSwim|Protect,PoisonJab,ThroatChop,Liquidation|Adamant||M|||50|]Swampert||Swampertite|Damp|Protect,WaveCrash,HighHorsepower,IcePunch|Adamant||F|||50|]Pelipper||FocusSash|Drizzle|RainDance,Tailwind,Hurricane,WeatherBall|Modest||M|||50|]Metagross||Metagrossite|ClearBody|Protect,PsychicFangs,IronHead,IcePunch|Jolly|||||50|]Sneasler||WhiteHerb|Unburden|Coaching,FakeOut,DireClaw,CloseCombat|Jolly||M|||50|]Sinistcha-Masterpiece||SitrusBerry|Hospitality|MatchaGotcha,TrickRoom,LifeDew,RagePowder|Bold|||||50|
|showteam|p2|Raichu||RaichuniteY|LightningRod|FakeOut,ZapCannon,FocusBlast,Protect|Timid||M|||50|]Staraptor||Staraptite|Intimidate|BraveBird,CloseCombat,Roost,Protect|Jolly||F|||50|]Farigiraf||SitrusBerry|ArmorTail|Psychic,Thunderbolt,TrickRoom,HelpingHand|Calm||F|||50|]Sylveon||FairyFeather|Pixilate|HyperVoice,HyperBeam,QuickAttack,Detect|Modest||M|||50|]Kingambit||FocusSash|Defiant|KowtowCleave,IronHead,SuckerPunch,LowKick|Adamant||M|||50|]Basculegion||LifeOrb|Adaptability|WaveCrash,LastRespects,AquaJet,Protect|Adamant||M|||50|
|j| icarus543
|
|t:|1782415742
|teamsize|p1|4
|teamsize|p2|4
|start
|switch|p1a: Sneasler|Sneasler, L50, M|100/100
|switch|p1b: Pelipper|Pelipper, L50, M|100/100
|switch|p2a: Raichu|Raichu, L50, M|100/100
|switch|p2b: Farigiraf|Farigiraf, L50, F|100/100
|-weather|RainDance|[from] ability: Drizzle|[of] p1b: Pelipper
|turn|1
|
|t:|1782415762
|switch|p1a: Swampert|Swampert, L50, F|100/100
|detailschange|p2a: Raichu|Raichu-Mega-Y, L50, M
|-mega|p2a: Raichu|Raichu|Raichunite Y
|move|p2a: Raichu|Zap Cannon|p1a: Swampert
|-immune|p1a: Swampert
|move|p1b: Pelipper|Weather Ball|p2b: Farigiraf
|-damage|p2b: Farigiraf|51/100
|move|p2b: Farigiraf|Psychic|p1a: Swampert
|-damage|p1a: Swampert|66/100
|
|-weather|RainDance|[upkeep]
|upkeep
|turn|2
|
|t:|1782415794
|detailschange|p1a: Swampert|Swampert-Mega, L50, F
|-mega|p1a: Swampert|Swampert|Swampertite
|move|p1a: Swampert|Wave Crash|p2b: Farigiraf
|-damage|p2b: Farigiraf|0 fnt
|faint|p2b: Farigiraf
|-damage|p1a: Swampert|45/100|[from] Recoil
|move|p2a: Raichu|Zap Cannon|p1b: Pelipper
|-supereffective|p1b: Pelipper|2
|-enditem|p1b: Pelipper|Focus Sash
|-damage|p1b: Pelipper|1/100
|-status|p1b: Pelipper|par
|cant|p1b: Pelipper|par
|
|-weather|RainDance|[upkeep]
|upkeep
|
|t:|1782415809
|switch|p2b: Kingambit|Kingambit, L50, M|100/100
|turn|3
|
|t:|1782415823
|switch|p2a: Basculegion|Basculegion, L50, M|100/100
|move|p1a: Swampert|Wave Crash|p2a: Basculegion
|-resisted|p2a: Basculegion|1
|-damage|p2a: Basculegion|29/100
|-damage|p1a: Swampert|18/100|[from] Recoil
|move|p2b: Kingambit|Kowtow Cleave|p1a: Swampert
|-damage|p1a: Swampert|0 fnt
|faint|p1a: Swampert
|cant|p1b: Pelipper|par
|
|-weather|RainDance|[upkeep]
|upkeep
|c|☆CaratroncoSun|cmonnn
|
|t:|1782415853
|switch|p1a: Sneasler|Sneasler, L50, M|100/100
|turn|4
|
|t:|1782415873
|move|p2a: Basculegion|Aqua Jet|p1a: Sneasler
|-damage|p1a: Sneasler|7/100
|-damage|p2a: Basculegion|19/100|[from] item: Life Orb
|move|p2b: Kingambit|Sucker Punch|p1a: Sneasler
|-resisted|p1a: Sneasler|1
|-damage|p1a: Sneasler|0 fnt
|faint|p1a: Sneasler
|move|p1b: Pelipper|Weather Ball|p2a: Basculegion
|-resisted|p2a: Basculegion|1
|-damage|p2a: Basculegion|0 fnt
|faint|p2a: Basculegion
|
|-weather|RainDance|[upkeep]
|upkeep
|
|t:|1782415885
|switch|p1a: Metagross|Metagross, L50, shiny|100/100
|switch|p2a: Raichu|Raichu-Mega-Y, L50, M|100/100
|turn|5
|
|t:|1782415911
|move|p2a: Raichu|Fake Out|p1b: Pelipper
|-damage|p1b: Pelipper|0 fnt
|faint|p1b: Pelipper
|move|p1a: Metagross|Psychic Fangs|p2a: Raichu
|-damage|p2a: Raichu|21/100
|move|p2b: Kingambit|Kowtow Cleave|p1a: Metagross
|-supereffective|p1a: Metagross|1
|-damage|p1a: Metagross|7/100
|
|-weather|none
|upkeep
|turn|6
|
|t:|1782415927
|move|p2a: Raichu|Zap Cannon|p1a: Metagross
|-damage|p1a: Metagross|0 fnt
|faint|p1a: Metagross
|
|win|burbujina
|raw|CaratroncoSun's rating: 1271 → 1253(-18 for losing)
|raw|burbujina's rating: 1367 → 1382(+15 for winning)
