|j|☆WASHINGTONGARGACHA
|j|☆bujero
|html|WASHINGTONGARGACHAbujero    
|uhtml|bestof|Game 1 of a best-of-3
|t:|1756547838
|gametype|doubles
|player|p1|WASHINGTONGARGACHA|170|1086
|player|p2|bujero|1|1113
|gen|9
|tier|[Gen 9] VGC 2025 Reg H (Bo3)
|rated|
|rule|Species Clause: Limit one of each Pokémon
|rule|Item Clause: Limit 1 of each item
|clearpoke
|poke|p1|Gholdengo, L50|
|poke|p1|Ursaluna, L50, F|
|poke|p1|Archaludon, L50, M|
|poke|p1|Murkrow, L50, F|
|poke|p1|Farigiraf, L50, F|
|poke|p1|Palafin, L50, M|
|poke|p2|Rillaboom, L50, M|
|poke|p2|Kingambit, L50, M|
|poke|p2|Sneasler, L50, M|
|poke|p2|Electabuzz, L50, M|
|poke|p2|Dragonite, L50, M|
|poke|p2|Volcarona, L50, M|
|teampreview|4
|showteam|p1|Gholdengo||LifeOrb|GoodasGold|ShadowBall,MakeItRain,NastyPlot,Protect||||||50|,,,,,Water]Ursaluna||FlameOrb|Guts|Facade,Earthquake,Protect,HeadlongRush|||F|||50|,,,,,Ghost]Archaludon||PowerHerb|Stamina|ElectroShot,FlashCannon,DracoMeteor,Protect|||M|||50|,,,,,Grass]Murkrow||Eviolite|Prankster|Tailwind,RainDance,FoulPlay,Haze|||F|||50|,,,,,Dark]Farigiraf||ThroatSpray|ArmorTail|HyperVoice,TrickRoom,Psychic,Protect|||F|||50|,,,,,Fairy]Palafin||ChoiceBand|ZerotoHero|FlipTurn,CloseCombat,JetPunch,WaveCrash|||M|||50|,,,,,Water
|showteam|p2|Rillaboom||AssaultVest|GrassySurge|FakeOut,WoodHammer,HighHorsepower,GrassyGlide|||M|||50|,,,,,Fire]Kingambit||BlackGlasses|Defiant|KowtowCleave,SuckerPunch,SwordsDance,Protect|||M|||50|,,,,,Dark]Sneasler||GrassySeed|Unburden|CloseCombat,DireClaw,Protect,Coaching|||M|||50|,,,,,Stellar]Electabuzz||Eviolite|VitalSpirit|Electroweb,Taunt,FollowMe,Protect|||M|||50|,,,,,Dragon]Dragonite||LoadedDice|Multiscale|ScaleShot,Tailwind,Protect,Haze|||M|||50|,,,,,Fairy]Volcarona||CovertCloak|FlameBody|QuiverDance,TeraBlast,HeatWave,Protect|||M|||50|,,,,,Fairy
|inactive|Battle timer is ON: inactive players will automatically lose when time's up. (requested by bujero)
|
|t:|1756547872
|teamsize|p1|4
|teamsize|p2|4
|start
|switch|p1a: Murkrow|Murkrow, L50, F|100/100
|switch|p1b: Palafin|Palafin, L50, M|100/100
|switch|p2a: Kingambit|Kingambit, L50, M, shiny|100/100
|switch|p2b: Electabuzz|Electabuzz, L50, M, shiny|100/100
|turn|1
|
|t:|1756547887
|move|p2b: Electabuzz|Follow Me|p2b: Electabuzz
|-singleturn|p2b: Electabuzz|move: Follow Me
|move|p1b: Palafin|Flip Turn|p2b: Electabuzz
|-damage|p2b: Electabuzz|73/100
|
|t:|1756547892
|detailschange|p1b: Palafin|Palafin-Hero, L50, M
|switch|p1b: Ursaluna|Ursaluna, L50, F|100/100|[from] Flip Turn
|move|p1a: Murkrow|Foul Play|p2b: Electabuzz
|-damage|p2b: Electabuzz|54/100
|move|p2a: Kingambit|Swords Dance|p2a: Kingambit
|-boost|p2a: Kingambit|atk|2
|
|-status|p1b: Ursaluna|brn|[from] item: Flame Orb
|upkeep
|turn|2
|
|t:|1756547916
|-terastallize|p2a: Kingambit|Dark
|move|p1a: Murkrow|Haze|p1a: Murkrow
|-clearallboost
|move|p2b: Electabuzz|Taunt|p1a: Murkrow
|-start|p1a: Murkrow|move: Taunt
|move|p2a: Kingambit|Swords Dance|p2a: Kingambit
|-boost|p2a: Kingambit|atk|2
|move|p1b: Ursaluna|Earthquake|p2b: Electabuzz|[spread] p2a,p2b
|-immune|p1a: Murkrow
|-supereffective|p2b: Electabuzz
|-crit|p2b: Electabuzz
|-damage|p2a: Kingambit|44/100
|-damage|p2b: Electabuzz|0 fnt
|faint|p2b: Electabuzz
|
|-damage|p1b: Ursaluna|94/100 brn|[from] brn
|upkeep
|
|t:|1756547938
|switch|p2b: Sneasler|Sneasler, L50, M, shiny|100/100
|turn|3
|
|t:|1756547948
|switch|p1a: Gholdengo|Gholdengo, L50|100/100
|move|p1b: Ursaluna|Protect|p1b: Ursaluna
|-singleturn|p1b: Ursaluna|Protect
|move|p2a: Kingambit|Sucker Punch||[still]
|-fail|p2a: Kingambit
|move|p2b: Sneasler|Dire Claw|p1a: Gholdengo
|-immune|p1a: Gholdengo
|
|-damage|p1b: Ursaluna|88/100 brn|[from] brn
|upkeep
|turn|4
|inactive|WASHINGTONGARGACHA has 30 seconds left.
|inactive|WASHINGTONGARGACHA has 20 seconds left.
|
|t:|1756547984
|switch|p1b: Murkrow|Murkrow, L50, F|100/100
|move|p2a: Kingambit|Sucker Punch||[still]
|-fail|p2a: Kingambit
|move|p2b: Sneasler|Close Combat|p1b: Murkrow
|-damage|p1b: Murkrow|7/100
|-unboost|p2b: Sneasler|def|1
|-unboost|p2b: Sneasler|spd|1
|move|p1a: Gholdengo|Nasty Plot|p1a: Gholdengo
|-boost|p1a: Gholdengo|spa|2
|
|upkeep
|turn|5
|inactive|WASHINGTONGARGACHA has 30 seconds left.
|inactive|WASHINGTONGARGACHA has 20 seconds left.
|inactive|WASHINGTONGARGACHA has 15 seconds left.
|
|t:|1756548024
|move|p2a: Kingambit|Protect|p2a: Kingambit
|-singleturn|p2a: Kingambit|Protect
|move|p1b: Murkrow|Haze|p1b: Murkrow
|-clearallboost
|move|p2b: Sneasler|Dire Claw|p1b: Murkrow
|-damage|p1b: Murkrow|0 fnt
|faint|p1b: Murkrow
|move|p1a: Gholdengo|Nasty Plot|p1a: Gholdengo
|-boost|p1a: Gholdengo|spa|2
|
|upkeep
|
|t:|1756548039
|switch|p1b: Palafin|Palafin-Hero, L50, M|100/100
|-activate|p1b: Palafin|ability: Zero to Hero
|turn|6
|
|t:|1756548048
|-terastallize|p1a: Gholdengo|Water
|move|p2a: Kingambit|Sucker Punch|p1b: Palafin
|-damage|p1b: Palafin|32/100
|move|p2b: Sneasler|Dire Claw|p1b: Palafin
|-damage|p1b: Palafin|0 fnt
|faint|p1b: Palafin
|move|p1a: Gholdengo|Make It Rain|p2a: Kingambit|[spread] p2a,p2b
|-damage|p2a: Kingambit|0 fnt
|-damage|p2b: Sneasler|0 fnt
|-unboost|p1a: Gholdengo|spa|1
|faint|p2a: Kingambit
|faint|p2b: Sneasler
|-damage|p1a: Gholdengo|91/100|[from] item: Life Orb
|
|upkeep
|
|t:|1756548062
|switch|p2b: Rillaboom|Rillaboom, L50, M, shiny|100/100
|switch|p1b: Ursaluna|Ursaluna, L50, F|88/100 brn
|-fieldstart|move: Grassy Terrain|[from] ability: Grassy Surge|[of] p2b: Rillaboom
|turn|7
|
|t:|1756548076
|move|p1a: Gholdengo|Shadow Ball|p2b: Rillaboom
|-damage|p2b: Rillaboom|44/100
|-damage|p1a: Gholdengo|81/100|[from] item: Life Orb
|move|p2b: Rillaboom|Wood Hammer|p1a: Gholdengo
|-supereffective|p1a: Gholdengo
|-damage|p1a: Gholdengo|0 fnt
|faint|p1a: Gholdengo
|-damage|p2b: Rillaboom|22/100|[from] Recoil
|move|p1b: Ursaluna|Facade|p2b: Rillaboom
|-damage|p2b: Rillaboom|0 fnt
|faint|p2b: Rillaboom
|
|win|WASHINGTONGARGACHA
