|j|☆iannaVi
|j|☆boodsy
|html|iannaViboodsy    
|uhtml|bestof|Game 2 of a best-of-3
|t:|1785103736
|gametype|doubles
|player|p1|iannaVi|cheren-gen5bw2|1193
|player|p2|boodsy|roxie|1115
|gen|9
|tier|[Gen 9 Champions] VGC 2026 Reg M-B (Bo3)
|rated|
|rule|Species Clause: Limit one of each Pokémon
|rule|Item Clause: Limit 1 of each item
|clearpoke
|poke|p1|Venusaur, L50, F|
|poke|p1|Farigiraf, L50, F|
|poke|p1|Aerodactyl, L50, F|
|poke|p1|Torkoal, L50, F|
|poke|p1|Incineroar, L50, F|
|poke|p1|Mawile, L50, F|
|poke|p2|Slowking, L50, F, shiny|
|poke|p2|Aurorus, L50, M|
|poke|p2|Crabominable, L50, F|
|poke|p2|Camerupt, L50, F, shiny|
|poke|p2|Sneasler, L50, F|
|poke|p2|Bastiodon, L50, M|
|teampreview|4
|showteam|p1|Venusaur||LifeOrb|Chlorophyll|SolarBeam,EarthPower,SludgeBomb,SleepPowder|Modest||F|||50|]Farigiraf||SitrusBerry|ArmorTail|TwinBeam,Thunderbolt,HelpingHand,TrickRoom|Relaxed||F|||50|]Aerodactyl||Aerodactylite|Unnerve|IceFang,DualWingbeat,RockSlide,IronHead|Adamant||F|||50|]Torkoal||Charcoal|Drought|HelpingHand,AncientPower,WeatherBall,Protect|Relaxed||F|||50|]Incineroar||MuscleBand|Intimidate|FakeOut,FlareBlitz,CloseCombat,ThroatChop|Adamant||F|||50|]Mawile||Mawilite|HyperCutter|PlayRough,SuckerPunch,SwordsDance,Protect|Adamant||F|||50|
|showteam|p2|Slowking||MysticWater|Regenerator|ChillyReception,Scald,GrassKnot,TrickRoom|Relaxed||F|||50|]Aurorus||FocusSash|SnowWarning|AuroraVeil,Protect,Blizzard,AncientPower|Quiet||M|||50|]Crabominable||SitrusBerry|IronFist|DrainPunch,IceHammer,MachPunch,Protect|Brave||F|||50|]Camerupt||Cameruptite|SolidRock|Eruption,EarthPower,Protect,FlashCannon|Quiet||F|||50|]Sneasler||WhiteHerb|Unburden|DireClaw,CloseCombat,FakeOut,Protect|Adamant||F|||50|]Bastiodon||Leftovers|Sturdy|WideGuard,HeavySlam,BodyPress,Protect|Relaxed||M|||50|
|inactive|Battle timer is ON: inactive players will automatically lose when time's up. (requested by iannaVi)
|inactive|iannaVi has 60 seconds left.
|inactive|boodsy has 60 seconds left.
|
|t:|1785103788
|teamsize|p1|4
|teamsize|p2|4
|start
|switch|p1a: Incineroar|Incineroar, L50, F|100/100
|switch|p1b: Aerodactyl|Aerodactyl, L50, F|100/100
|switch|p2a: Slowking|Slowking, L50, F, shiny|100/100
|switch|p2b: Sneasler|Sneasler, L50, F|100/100
|-ability|p1b: Aerodactyl|Unnerve
|-ability|p1a: Incineroar|Intimidate|boost
|-unboost|p2a: Slowking|atk|1
|-unboost|p2b: Sneasler|atk|1
|-enditem|p2b: Sneasler|White Herb
|-clearnegativeboost|p2b: Sneasler|[silent]
|turn|1
|inactive|iannaVi has 30 seconds left.
|inactive|iannaVi has 20 seconds left.
|
|t:|1785103827
|switch|p1b: Torkoal|Torkoal, L50, F|100/100
|-weather|SunnyDay|[from] ability: Drought|[of] p1b: Torkoal
|move|p2b: Sneasler|Fake Out|p1a: Incineroar
|-damage|p1a: Incineroar|83/100
|cant|p1a: Incineroar|flinch
|move|p2a: Slowking|Trick Room|p2a: Slowking
|-fieldstart|move: Trick Room|[of] p2a: Slowking
|
|-weather|SunnyDay|[upkeep]
|upkeep
|turn|2
|
|t:|1785103846
|move|p2b: Sneasler|Protect|p2b: Sneasler
|-singleturn|p2b: Sneasler|Protect
|move|p1b: Torkoal|Weather Ball|p2b: Sneasler
|-activate|p2b: Sneasler|move: Protect
|-prepare|p2a: Slowking|Chilly Reception|[premajor]
|move|p2a: Slowking|Chilly Reception|p2a: Slowking
|-weather|Snowscape
|inactive|boodsy has 30 seconds left.
|inactive|boodsy has 20 seconds left.
|
|t:|1785103885
|switch|p2a: Camerupt|Camerupt, L50, F, shiny|100/100|[from] Chilly Reception
|move|p1a: Incineroar|Throat Chop|p2a: Camerupt
|-damage|p2a: Camerupt|33/100
|-start|p2a: Camerupt|Throat Chop|[silent]
|
|-weather|Snowscape|[upkeep]
|upkeep
|turn|3
|l|☆iannaVi
|inactive|iannaVi disconnected and has a minute to reconnect!
|player|p1|
|inactive|iannaVi has 30 seconds left.
|j|☆iannaVi
|inactive|iannaVi reconnected and has 30 seconds left.
|player|p1|iannaVi|cheren-gen5bw2|
|inactive|iannaVi has 20 seconds left.
|
|t:|1785103923
|switch|p1a: Aerodactyl|Aerodactyl, L50, F|100/100
|-ability|p1a: Aerodactyl|Unnerve
|move|p1b: Torkoal|Protect|p1b: Torkoal
|-singleturn|p1b: Torkoal|Protect
|move|p2a: Camerupt|Protect|p2a: Camerupt
|-singleturn|p2a: Camerupt|Protect
|move|p2b: Sneasler|Close Combat|p1a: Aerodactyl
|-damage|p1a: Aerodactyl|0 fnt
|-unboost|p2b: Sneasler|def|1
|-unboost|p2b: Sneasler|spd|1
|faint|p1a: Aerodactyl
|
|-weather|Snowscape|[upkeep]
|-end|p2a: Camerupt|Throat Chop|[silent]
|upkeep
|
|t:|1785103940
|switch|p1a: Incineroar|Incineroar, L50, F|83/100
|-ability|p1a: Incineroar|Intimidate|boost
|-unboost|p2a: Camerupt|atk|1
|-unboost|p2b: Sneasler|atk|1
|turn|4
|
|t:|1785103962
|switch|p2b: Slowking|Slowking, L50, F, shiny|100/100
|detailschange|p2a: Camerupt|Camerupt-Mega, L50, F, shiny
|-mega|p2a: Camerupt|Camerupt|Cameruptite
|move|p1a: Incineroar|Fake Out|p2b: Slowking
|-damage|p2b: Slowking|88/100
|move|p1b: Torkoal|Weather Ball|p2a: Camerupt
|-damage|p2a: Camerupt|11/100
|move|p2a: Camerupt|Earth Power|p1b: Torkoal
|-supereffective|p1b: Torkoal|1
|-damage|p1b: Torkoal|0 fnt
|faint|p1b: Torkoal
|
|-weather|Snowscape|[upkeep]
|upkeep
|
|t:|1785103976
|switch|p1b: Venusaur|Venusaur, L50, F|100/100
|turn|5
|
|t:|1785104000
|move|p2a: Camerupt|Earth Power|p1b: Venusaur
|-damage|p1b: Venusaur|18/100
|move|p2b: Slowking|Scald|p1a: Incineroar
|-supereffective|p1a: Incineroar|1
|-damage|p1a: Incineroar|15/100
|move|p1a: Incineroar|Throat Chop|p2b: Slowking
|-supereffective|p2b: Slowking|1
|-damage|p2b: Slowking|22/100
|-start|p2b: Slowking|Throat Chop|[silent]
|move|p1b: Venusaur|Earth Power|p2a: Camerupt
|-supereffective|p2a: Camerupt|1
|-damage|p2a: Camerupt|0 fnt
|faint|p2a: Camerupt
|-damage|p1b: Venusaur|8/100|[from] item: Life Orb
|
|-weather|Snowscape|[upkeep]
|-fieldend|move: Trick Room
|upkeep
|
|t:|1785104004
|switch|p2a: Sneasler|Sneasler, L50, F|100/100
|turn|6
|inactive|iannaVi has 30 seconds left.
|inactive|iannaVi has 20 seconds left.
|-message|iannaVi forfeited.
|
|win|boodsy
|raw|iannaVi's rating: 1193 → 1162(-31 for losing)
|raw|boodsy's rating: 1115 → 1146(+31 for winning)
|l|☆iannaVi
|player|p1|
|j|☆iannaVi
|player|p1|iannaVi|cheren-gen5bw2|
|l|☆boodsy
|player|p2|
