|j|☆blueperseu
|j|☆latios66
|html|blueperseulatios66    
|uhtml|bestof|Game 2 of a best-of-3
|t:|1756936923
|gametype|doubles
|player|p1|blueperseu|sabrina|1078
|player|p2|latios66|102|1132
|gen|9
|tier|[Gen 9] VGC 2025 Reg H (Bo3)
|rated|
|rule|Species Clause: Limit one of each Pokémon
|rule|Item Clause: Limit 1 of each item
|clearpoke
|poke|p1|Porygon2, L50|
|poke|p1|Primarina, L50, F|
|poke|p1|Ursaluna, L50, F|
|poke|p1|Indeedee-F, L50, F|
|poke|p1|Armarouge, L50, F|
|poke|p1|Amoonguss, L50, F|
|poke|p2|Toedscruel, L50, M|
|poke|p2|Weezing-Galar, L50, M|
|poke|p2|Kilowattrel, L50, M|
|poke|p2|Garchomp, L50, M|
|poke|p2|Typhlosion-Hisui, L50, F|
|poke|p2|Kingambit, L50, F|
|teampreview|4
|showteam|p1|Porygon2||Eviolite|Download|TrickRoom,IceBeam,TeraBlast,Protect||||||50|,,,,,Flying]Primarina||LifeOrb|LiquidVoice|HyperVoice,EnergyBall,Moonblast,Protect|||F|||50|,,,,,Poison]Ursaluna||FlameOrb|Guts|Facade,Earthquake,HeadlongRush,Protect|||F|||50|,,,,,Ghost]Indeedee-F||SafetyGoggles|PsychicSurge|Psychic,Protect,FollowMe,HelpingHand|||F|||50|,,,,,Fairy]Armarouge||TwistedSpoon|FlashFire|TrickRoom,ExpandingForce,ArmorCannon,Protect|||F|||50|,,,,,Grass]Amoonguss||SitrusBerry|Regenerator|Spore,PollenPuff,RagePowder,Protect|||F|||50|,,,,,Grass
|showteam|p2|Toedscruel||CovertCloak|MyceliumMight|Spore,EarthPower,AcidSpray,RagePowder|||M|||50|,,,,,Water]Weezing-Galar||ChoiceSpecs|NeutralizingGas|DazzlingGleam,SludgeBomb,StrangeSteam,Flamethrower|||M|||50|,,,,,Fire]Kilowattrel||FocusSash|Competitive|Discharge,VoltSwitch,Tailwind,AirSlash|||M|||50|,,,,,Electric]Garchomp||LifeOrb|RoughSkin|Protect,Earthquake,DragonClaw,StompingTantrum|||M|||50|,,,,,Ground]Typhlosion-Hisui||ChoiceScarf|Blaze|Eruption,HeatWave,ShadowBall,Overheat|||F|||50|,,,,,Fire]Kingambit||DreadPlate|Defiant|KowtowCleave,SuckerPunch,SwordsDance,Protect|||F|||50|,,,,,Ghost
|
|t:|1756936964
|teamsize|p1|4
|teamsize|p2|4
|start
|switch|p1a: Porygon2|Porygon2, L50, shiny|100/100
|switch|p1b: Amoonguss|Amoonguss, L50, F|100/100
|switch|p2a: Weezing|Weezing-Galar, L50, M|100/100
|switch|p2b: Toedscruel|Toedscruel, L50, M|100/100
|-ability|p2a: Weezing|Neutralizing Gas
|turn|1
|
|t:|1756936981
|move|p1b: Amoonguss|Rage Powder|p1b: Amoonguss
|-singleturn|p1b: Amoonguss|move: Rage Powder
|move|p2b: Toedscruel|Spore|p1a: Porygon2
|-status|p1a: Porygon2|slp|[from] move: Spore
|move|p2a: Weezing|Dazzling Gleam|p1a: Porygon2|[spread] p1a,p1b
|-resisted|p1b: Amoonguss
|-damage|p1a: Porygon2|80/100 slp
|-damage|p1b: Amoonguss|85/100
|cant|p1a: Porygon2|slp
|
|upkeep
|turn|2
|
|t:|1756937004
|move|p2b: Toedscruel|Earth Power|p1b: Amoonguss
|-damage|p1b: Amoonguss|64/100
|move|p2a: Weezing|Dazzling Gleam|p1a: Porygon2|[spread] p1a,p1b
|-resisted|p1b: Amoonguss
|-damage|p1a: Porygon2|61/100 slp
|-damage|p1b: Amoonguss|47/100
|-enditem|p1b: Amoonguss|Sitrus Berry|[eat]
|-heal|p1b: Amoonguss|72/100|[from] item: Sitrus Berry
|move|p1b: Amoonguss|Pollen Puff|p2b: Toedscruel
|-supereffective|p2b: Toedscruel
|-damage|p2b: Toedscruel|69/100
|cant|p1a: Porygon2|slp
|
|upkeep
|turn|3
|
|t:|1756937023
|move|p2b: Toedscruel|Acid Spray|p1a: Porygon2
|-damage|p1a: Porygon2|57/100 slp
|-unboost|p1a: Porygon2|spd|2
|move|p2a: Weezing|Dazzling Gleam|p1a: Porygon2|[spread] p1a,p1b
|-resisted|p1b: Amoonguss
|-damage|p1a: Porygon2|19/100 slp
|-damage|p1b: Amoonguss|55/100
|move|p1b: Amoonguss|Pollen Puff|p1a: Porygon2
|-heal|p1a: Porygon2|68/100 slp
|-curestatus|p1a: Porygon2|slp|[msg]
|move|p1a: Porygon2|Trick Room|p1a: Porygon2
|-fieldstart|move: Trick Room|[of] p1a: Porygon2
|
|upkeep
|turn|4
|
|t:|1756937066
|-terastallize|p1a: Porygon2|Flying
|move|p1b: Amoonguss|Pollen Puff|p2b: Toedscruel
|-supereffective|p2b: Toedscruel
|-damage|p2b: Toedscruel|38/100
|move|p1a: Porygon2|Tera Blast|p2b: Toedscruel|[anim] Tera Blast Flying
|-supereffective|p2b: Toedscruel
|-damage|p2b: Toedscruel|0 fnt
|faint|p2b: Toedscruel
|move|p2a: Weezing|Dazzling Gleam|p1b: Amoonguss|[spread] p1a,p1b
|-resisted|p1b: Amoonguss
|-damage|p1a: Porygon2|33/100
|-damage|p1b: Amoonguss|40/100
|
|upkeep
|
|t:|1756937083
|switch|p2b: Kilowattrel|Kilowattrel, L50, M|100/100
|turn|5
|
|t:|1756937094
|move|p1b: Amoonguss|Pollen Puff|p1a: Porygon2
|-heal|p1a: Porygon2|83/100
|move|p1a: Porygon2|Ice Beam|p2b: Kilowattrel
|-supereffective|p2b: Kilowattrel
|-damage|p2b: Kilowattrel|15/100
|move|p2a: Weezing|Dazzling Gleam|p1b: Amoonguss|[spread] p1a,p1b
|-resisted|p1b: Amoonguss
|-damage|p1a: Porygon2|43/100
|-damage|p1b: Amoonguss|24/100
|move|p2b: Kilowattrel|Discharge|p1a: Porygon2|[spread] p2a,p1a,p1b
|-supereffective|p1a: Porygon2
|-resisted|p1b: Amoonguss
|-damage|p2a: Weezing|66/100
|-damage|p1a: Porygon2|0 fnt
|-damage|p1b: Amoonguss|12/100
|-status|p2a: Weezing|par
|-status|p1b: Amoonguss|par
|faint|p1a: Porygon2
|
|upkeep
|
|t:|1756937103
|switch|p1a: Ursaluna|Ursaluna, L50, F|100/100
|turn|6
|
|t:|1756937116
|move|p1b: Amoonguss|Rage Powder|p1b: Amoonguss
|-singleturn|p1b: Amoonguss|move: Rage Powder
|cant|p2a: Weezing|par
|move|p1a: Ursaluna|Headlong Rush|p2a: Weezing
|-supereffective|p2a: Weezing
|-damage|p2a: Weezing|0 fnt
|-unboost|p1a: Ursaluna|def|1
|-unboost|p1a: Ursaluna|spd|1
|faint|p2a: Weezing
|-end|p2a: Weezing|ability: Neutralizing Gas
|move|p2b: Kilowattrel|Air Slash|p1b: Amoonguss
|-supereffective|p1b: Amoonguss
|-damage|p1b: Amoonguss|0 fnt
|faint|p1b: Amoonguss
|
|-status|p1a: Ursaluna|brn|[from] item: Flame Orb
|upkeep
|
|t:|1756937125
|switch|p1b: Armarouge|Armarouge, L50, F|100/100
|switch|p2a: Garchomp|Garchomp, L50, M|100/100
|turn|7
|
|t:|1756937139
|move|p1b: Armarouge|Protect|p1b: Armarouge
|-singleturn|p1b: Armarouge|Protect
|move|p2a: Garchomp|Protect|p2a: Garchomp
|-singleturn|p2a: Garchomp|Protect
|move|p1a: Ursaluna|Facade|p2a: Garchomp
|-activate|p2a: Garchomp|move: Protect
|move|p2b: Kilowattrel|Discharge|p1a: Ursaluna|[spread] 
|-activate|p2a: Garchomp|move: Protect
|-activate|p1b: Armarouge|move: Protect
|-immune|p1a: Ursaluna
|
|-damage|p1a: Ursaluna|95/100 brn|[from] brn
|-fieldend|move: Trick Room
|upkeep
|turn|8
|
|t:|1756937154
|-terastallize|p2a: Garchomp|Ground
|move|p2b: Kilowattrel|Air Slash|p1a: Ursaluna
|-damage|p1a: Ursaluna|54/100 brn
|move|p2a: Garchomp|Earthquake|p1a: Ursaluna|[spread] p1a,p1b
|-immune|p2b: Kilowattrel
|-supereffective|p1b: Armarouge
|-damage|p1a: Ursaluna|0 fnt
|-damage|p1b: Armarouge|0 fnt
|faint|p1a: Ursaluna
|faint|p1b: Armarouge
|-damage|p2a: Garchomp|91/100|[from] item: Life Orb
|
|win|latios66
||blueperseu is ready for game 3.
