|j|☆lolgz
|j|☆BackPAC
|html|lolgzBackPAC    
|uhtml|bestof|Game 3 of a best-of-3
|t:|1782193522
|gametype|doubles
|player|p1|lolgz|dawn|1205
|player|p2|BackPAC|burglar|1140
|gen|9
|tier|[Gen 9 Champions] VGC 2026 Reg M-B (Bo3)
|rated|
|rule|Species Clause: Limit one of each Pokémon
|rule|Item Clause: Limit 1 of each item
|clearpoke
|poke|p1|Torkoal, L50, F|
|poke|p1|Vileplume, L50, M|
|poke|p1|Farigiraf, L50, M|
|poke|p1|Scrafty, L50, M|
|poke|p1|Gallade, L50, M|
|poke|p1|Mawile, L50, M|
|poke|p2|Grimmsnarl, L50, M|
|poke|p2|Staraptor, L50, M|
|poke|p2|Milotic, L50, F|
|poke|p2|Ceruledge, L50, M|
|poke|p2|Serperior, L50, M|
|poke|p2|Kangaskhan, L50, F|
|teampreview|4
|showteam|p1|Torkoal||Charcoal|Drought|Eruption,WeatherBall,EarthPower,Protect|Quiet||F|||50|]Vileplume||FocusSash|Chlorophyll|EnergyBall,SludgeBomb,SleepPowder,AfterYou|Timid||M|||50|]Farigiraf||SitrusBerry|ArmorTail|TrickRoom,Protect,Psychic,HelpingHand|Bold||M|||50|]Scrafty||Scraftinite|Intimidate|CloseCombat,KnockOff,FakeOut,RockSlide|Brave||M|||50|]Gallade||IronBall|Sharpness|SacredSword,PsychoCut,WideGuard,TrickRoom|Brave||M|||50|]Mawile||Mawilite|Intimidate|SuckerPunch,PlayRough,SwordsDance,Protect|Brave||M|||50|
|showteam|p2|Grimmsnarl||LightClay|Prankster|PartingShot,LightScreen,Reflect,FoulPlay|Careful||M|||50|]Staraptor||Staraptite|Intimidate|Protect,Roost,BraveBird,CloseCombat|Jolly||M|||50|]Milotic||Leftovers|Competitive|Protect,Coil,Hypnosis,MuddyWater|Bold||F|||50|]Ceruledge||Charcoal|FlashFire|Protect,BulkUp,BitterBlade,ShadowSneak|Adamant||M|||50|]Serperior||WideLens|Contrary|Protect,Glare,Taunt,LeafStorm|Timid||M|||50|]Kangaskhan||Kangaskhanite|Scrappy|FakeOut,LowKick,IcePunch,DoubleEdge|Adamant||F|||50|
|inactive|Battle timer is ON: inactive players will automatically lose when time's up. (requested by lolgz)
|
|t:|1782193538
|teamsize|p1|4
|teamsize|p2|4
|start
|switch|p1a: Vileplume|Vileplume, L50, M|100/100
|switch|p1b: Torkoal|Torkoal, L50, F|100/100
|switch|p2a: Grimmsnarl|Grimmsnarl, L50, M|100/100
|switch|p2b: Ceruledge|Ceruledge, L50, M|100/100
|-weather|SunnyDay|[from] ability: Drought|[of] p1b: Torkoal
|turn|1
|
|t:|1782193555
|move|p2a: Grimmsnarl|Light Screen|p2a: Grimmsnarl
|-sidestart|p2: BackPAC|move: Light Screen
|move|p1a: Vileplume|Sleep Powder|p2b: Ceruledge|[miss]
|-miss|p1a: Vileplume|p2b: Ceruledge
|move|p2b: Ceruledge|Bulk Up|p2b: Ceruledge
|-boost|p2b: Ceruledge|atk|1
|-boost|p2b: Ceruledge|def|1
|move|p1b: Torkoal|Weather Ball|p2a: Grimmsnarl
|-crit|p2a: Grimmsnarl
|-damage|p2a: Grimmsnarl|0 fnt
|faint|p2a: Grimmsnarl
|
|-weather|SunnyDay|[upkeep]
|upkeep
|
|t:|1782193566
|switch|p2a: Milotic|Milotic, L50, F|100/100
|turn|2
|
|t:|1782193580
|move|p1a: Vileplume|Sleep Powder|p2b: Ceruledge
|-status|p2b: Ceruledge|slp|[from] move: Sleep Powder
|move|p2a: Milotic|Coil|p2a: Milotic
|-boost|p2a: Milotic|atk|1
|-boost|p2a: Milotic|def|1
|-boost|p2a: Milotic|accuracy|1
|cant|p2b: Ceruledge|slp
|move|p1b: Torkoal|Earth Power|p2b: Ceruledge
|-supereffective|p2b: Ceruledge|1
|-damage|p2b: Ceruledge|63/100 slp
|
|-weather|SunnyDay|[upkeep]
|upkeep
|turn|3
|
|t:|1782193588
|move|p1a: Vileplume|Sleep Powder|p2a: Milotic
|-status|p2a: Milotic|slp|[from] move: Sleep Powder
|cant|p2a: Milotic|slp
|cant|p2b: Ceruledge|slp
|move|p1b: Torkoal|Earth Power|p2b: Ceruledge
|-supereffective|p2b: Ceruledge|1
|-damage|p2b: Ceruledge|27/100 slp
|
|-weather|SunnyDay|[upkeep]
|upkeep
|turn|4
|
|t:|1782193599
|-curestatus|p2b: Ceruledge|slp|[msg]
|move|p2b: Ceruledge|Protect|p2b: Ceruledge
|-singleturn|p2b: Ceruledge|Protect
|move|p1a: Vileplume|Sludge Bomb|p2b: Ceruledge
|-activate|p2b: Ceruledge|move: Protect
|cant|p2a: Milotic|slp
|move|p1b: Torkoal|Earth Power|p2a: Milotic
|-damage|p2a: Milotic|87/100 slp
|
|-weather|SunnyDay|[upkeep]
|-heal|p2a: Milotic|93/100 slp|[from] item: Leftovers
|upkeep
|turn|5
|inactive|BackPAC has 30 seconds left.
|
|t:|1782193625
|switch|p2b: Staraptor|Staraptor, L50, M|100/100
|-ability|p2b: Staraptor|Intimidate|boost
|-unboost|p1a: Vileplume|atk|1
|-unboost|p1b: Torkoal|atk|1
|move|p1a: Vileplume|Energy Ball|p2a: Milotic
|-supereffective|p2a: Milotic|1
|-damage|p2a: Milotic|56/100 slp
|-curestatus|p2a: Milotic|slp|[msg]
|move|p2a: Milotic|Coil|p2a: Milotic
|-boost|p2a: Milotic|atk|1
|-boost|p2a: Milotic|def|1
|-boost|p2a: Milotic|accuracy|1
|move|p1b: Torkoal|Earth Power|p2b: Staraptor
|-immune|p2b: Staraptor
|
|-weather|none
|-heal|p2a: Milotic|62/100|[from] item: Leftovers
|upkeep
|turn|6
|
|t:|1782193641
|switch|p1b: Farigiraf|Farigiraf, L50, M|100/100
|detailschange|p2b: Staraptor|Staraptor-Mega, L50, M
|-mega|p2b: Staraptor|Staraptor|Staraptite
|move|p2b: Staraptor|Close Combat|p1b: Farigiraf
|-damage|p1b: Farigiraf|53/100
|-boost|p2b: Staraptor|def|1
|-boost|p2b: Staraptor|spd|1
|move|p2a: Milotic|Hypnosis|p1a: Vileplume
|-status|p1a: Vileplume|slp|[from] move: Hypnosis
|cant|p1a: Vileplume|slp
|
|-heal|p2a: Milotic|68/100|[from] item: Leftovers
|upkeep
|turn|7
|
|t:|1782193657
|move|p2b: Staraptor|Close Combat|p1b: Farigiraf
|-damage|p1b: Farigiraf|5/100
|-boost|p2b: Staraptor|def|1
|-boost|p2b: Staraptor|spd|1
|-enditem|p1b: Farigiraf|Sitrus Berry|[eat]
|-heal|p1b: Farigiraf|30/100|[from] item: Sitrus Berry
|move|p2a: Milotic|Muddy Water|p1a: Vileplume|[spread] p1a,p1b
|-resisted|p1a: Vileplume|1
|-damage|p1a: Vileplume|86/100 slp
|-damage|p1b: Farigiraf|9/100
|cant|p1a: Vileplume|slp
|move|p1b: Farigiraf|Trick Room|p1b: Farigiraf
|-fieldstart|move: Trick Room|[of] p1b: Farigiraf
|
|-heal|p2a: Milotic|75/100|[from] item: Leftovers
|upkeep
|turn|8
|
|t:|1782193677
|move|p1b: Farigiraf|Psychic|p2a: Milotic
|-damage|p2a: Milotic|58/100
|-curestatus|p1a: Vileplume|slp|[msg]
|move|p1a: Vileplume|Energy Ball|p2a: Milotic
|-supereffective|p2a: Milotic|1
|-damage|p2a: Milotic|18/100
|-unboost|p2a: Milotic|spd|1
|-ability|p2a: Milotic|Competitive|boost
|-boost|p2a: Milotic|spa|2
|move|p2a: Milotic|Muddy Water|p1b: Farigiraf|[spread] p1a,p1b
|-resisted|p1a: Vileplume|1
|-damage|p1a: Vileplume|54/100
|-damage|p1b: Farigiraf|0 fnt
|-unboost|p1a: Vileplume|accuracy|1
|faint|p1b: Farigiraf
|move|p2b: Staraptor|Close Combat|p1a: Vileplume
|-resisted|p1a: Vileplume|1
|-damage|p1a: Vileplume|16/100
|-boost|p2b: Staraptor|def|1
|-boost|p2b: Staraptor|spd|1
|
|-heal|p2a: Milotic|25/100|[from] item: Leftovers
|-sideend|p2: BackPAC|move: Light Screen
|upkeep
|
|t:|1782193684
|switch|p1b: Torkoal|Torkoal, L50, F|100/100
|-weather|SunnyDay|[from] ability: Drought|[of] p1b: Torkoal
|turn|9
|
|t:|1782193702
|switch|p2a: Ceruledge|Ceruledge, L50, M|27/100
|switch|p1a: Mawile|Mawile, L50, M|100/100
|-ability|p1a: Mawile|Intimidate|boost
|-unboost|p2a: Ceruledge|atk|1
|-boost|p2b: Staraptor|atk|1
|move|p1b: Torkoal|Eruption|p2a: Ceruledge|[spread] p2b
|-start|p2a: Ceruledge|ability: Flash Fire
|-damage|p2b: Staraptor|63/100
|move|p2b: Staraptor|Close Combat|p1a: Mawile
|-damage|p1a: Mawile|0 fnt
|-boost|p2b: Staraptor|def|1
|-boost|p2b: Staraptor|spd|1
|faint|p1a: Mawile
|
|-weather|SunnyDay|[upkeep]
|upkeep
|
|t:|1782193704
|switch|p1a: Vileplume|Vileplume, L50, M|16/100
|turn|10
|-message|lolgz forfeited.
|raw|lolgz's rating: 1205 → 1175(-30 for losing)
|raw|BackPAC's rating: 1140 → 1170(+30 for winning)
|
|win|BackPAC
