|j|☆BiomboVGC
|j|☆Luna_walking
|html|BiomboVGCLuna_walking    
|uhtml|bestof|Game 3 of a best-of-3
|t:|1755878327
|gametype|doubles
|player|p1|BiomboVGC|will|1307
|player|p2|Luna_walking|1|1254
|gen|9
|tier|[Gen 9] VGC 2025 Reg H (Bo3)
|rated|
|rule|Species Clause: Limit one of each Pokémon
|rule|Item Clause: Limit 1 of each item
|clearpoke
|poke|p1|Maushold-Four, L50|
|poke|p1|Annihilape, L50, F|
|poke|p1|Klefki, L50, F|
|poke|p1|Ursaluna-Bloodmoon, L50, M|
|poke|p1|Sneasler, L50, M|
|poke|p1|Rillaboom, L50, M|
|poke|p2|Ursaluna-Bloodmoon, L50, M|
|poke|p2|Dragonite, L50, M|
|poke|p2|Gholdengo, L50|
|poke|p2|Incineroar, L50, F|
|poke|p2|Sneasler, L50, F|
|poke|p2|Amoonguss, L50, M|
|teampreview|4
|showteam|p1|Maushold-Four||SafetyGoggles|FriendGuard|Protect,FollowMe,Taunt,BeatUp||||||50|,,,,,Ghost]Annihilape||Leftovers|Defiant|Protect,BulkUp,RageFist,DrainPunch|||F|||50|,,,,,Fire]Klefki||LightClay|Prankster|Reflect,LightScreen,ThunderWave,DazzlingGleam|||F|||50|,,,,,Ghost]Ursaluna-Bloodmoon||AssaultVest|MindsEye|HyperVoice,BloodMoon,EarthPower,VacuumWave|||M|||50|,,,,,Ghost]Sneasler||FocusSash|Unburden|Protect,DireClaw,CloseCombat,ThroatChop|||M|||50|,,,,,Stellar]Rillaboom||LoadedDice|GrassySurge|FakeOut,GrassyGlide,BulletSeed,Uturn|||M|||50|,,,,,Grass
|showteam|p2|Ursaluna-Bloodmoon||LifeOrb|MindsEye|BloodMoon,HyperVoice,EarthPower,Protect|||M|||50|,,,,,Normal]Dragonite||LoadedDice|Multiscale|Tailwind,ScaleShot,Haze,Protect|||M|||50|,,,,,Ghost]Gholdengo||MetalCoat|GoodasGold|MakeItRain,ShadowBall,NastyPlot,Protect||||||50|,,,,,Water]Incineroar||AssaultVest|Intimidate|FlareBlitz,KnockOff,FakeOut,Uturn|||F|||50|,,,,,Grass]Sneasler||FocusSash|Unburden|CloseCombat,DireClaw,FakeOut,Protect|||F|||50|,,,,,Stellar]Amoonguss||SitrusBerry|Regenerator|PollenPuff,Spore,Protect,RagePowder|||M|||50|,,,,,Water
|
|t:|1755878368
|teamsize|p1|4
|teamsize|p2|4
|start
|switch|p1a: 沁み込む|Klefki, L50, F|100/100
|switch|p1b: 雨景色|Annihilape, L50, F|100/100
|switch|p2a: Sneasler|Sneasler, L50, F|100/100
|switch|p2b: Ursaluna|Ursaluna-Bloodmoon, L50, M|100/100
|turn|1
|
|t:|1755878383
|-terastallize|p2b: Ursaluna|Normal
|move|p1b: 雨景色|Protect|p1b: 雨景色
|-singleturn|p1b: 雨景色|Protect
|move|p2a: Sneasler|Fake Out|p1a: 沁み込む
|-resisted|p1a: 沁み込む
|-damage|p1a: 沁み込む|94/100
|cant|p1a: 沁み込む|flinch
|move|p2b: Ursaluna|Blood Moon|p1b: 雨景色
|-activate|p1b: 雨景色|move: Protect
|
|upkeep
|turn|2
|inactive|Battle timer is ON: inactive players will automatically lose when time's up. (requested by BiomboVGC)
|
|t:|1755878400
|move|p2b: Ursaluna|Protect|p2b: Ursaluna
|-singleturn|p2b: Ursaluna|Protect
|move|p1a: 沁み込む|Light Screen|p1a: 沁み込む
|-sidestart|p1: BiomboVGC|move: Light Screen
|move|p2a: Sneasler|Close Combat|p1a: 沁み込む
|-damage|p1a: 沁み込む|32/100
|-unboost|p2a: Sneasler|def|1
|-unboost|p2a: Sneasler|spd|1
|move|p1b: 雨景色|Bulk Up|p1b: 雨景色
|-boost|p1b: 雨景色|atk|1
|-boost|p1b: 雨景色|def|1
|
|upkeep
|turn|3
|
|t:|1755878418
|move|p1b: 雨景色|Protect|p1b: 雨景色
|-singleturn|p1b: 雨景色|Protect
|move|p1a: 沁み込む|Thunder Wave|p2a: Sneasler
|-status|p2a: Sneasler|par
|move|p2b: Ursaluna|Blood Moon|p1b: 雨景色
|-activate|p1b: 雨景色|move: Protect
|move|p2a: Sneasler|Close Combat|p1a: 沁み込む
|-damage|p1a: 沁み込む|0 fnt
|-unboost|p2a: Sneasler|def|1
|-unboost|p2a: Sneasler|spd|1
|faint|p1a: 沁み込む
|
|upkeep
|
|t:|1755878430
|switch|p1a: サイエンス|Ursaluna-Bloodmoon, L50, M|100/100
|turn|4
|
|t:|1755878445
|-terastallize|p1a: サイエンス|Ghost
|move|p2b: Ursaluna|Protect|p2b: Ursaluna
|-singleturn|p2b: Ursaluna|Protect
|move|p1b: 雨景色|Drain Punch|p2a: Sneasler
|-resisted|p2a: Sneasler
|-damage|p2a: Sneasler|19/100 par
|move|p2a: Sneasler|Close Combat|p1a: サイエンス
|-immune|p1a: サイエンス
|move|p1a: サイエンス|Hyper Voice|p2b: Ursaluna|[spread] p2a
|-activate|p2b: Ursaluna|move: Protect
|-damage|p2a: Sneasler|0 fnt
|faint|p2a: Sneasler
|
|upkeep
|
|t:|1755878459
|switch|p2a: Dragonite|Dragonite, L50, M|100/100
|turn|5
|
|t:|1755878477
|move|p1b: 雨景色|Drain Punch|p2b: Ursaluna
|-supereffective|p2b: Ursaluna
|-damage|p2b: Ursaluna|29/100
|move|p2a: Dragonite|Tailwind|p2a: Dragonite
|-sidestart|p2: Luna_walking|move: Tailwind
|move|p2b: Ursaluna|Blood Moon|p1a: サイエンス
|-damage|p1a: サイエンス|30/100
|-damage|p2b: Ursaluna|19/100|[from] item: Life Orb
|move|p1a: サイエンス|Hyper Voice|p2b: Ursaluna|[spread] p2a,p2b
|-damage|p2a: Dragonite|81/100
|-damage|p2b: Ursaluna|0 fnt
|faint|p2b: Ursaluna
|
|upkeep
|
|t:|1755878491
|switch|p2b: Amoonguss|Amoonguss, L50, M|100/100
|turn|6
|
|t:|1755878511
|move|p2a: Dragonite|Scale Shot|p1b: 雨景色
|-damage|p1b: 雨景色|89/100
|-damage|p1b: 雨景色|79/100
|-damage|p1b: 雨景色|68/100
|-damage|p1b: 雨景色|57/100
|-damage|p1b: 雨景色|46/100
|-hitcount|p1b: 雨景色|5
|-unboost|p2a: Dragonite|def|1
|-boost|p2a: Dragonite|spe|1
|move|p1b: 雨景色|Bulk Up|p1b: 雨景色
|-boost|p1b: 雨景色|atk|1
|-boost|p1b: 雨景色|def|1
|move|p2b: Amoonguss|Spore|p1a: サイエンス
|-status|p1a: サイエンス|slp|[from] move: Spore
|cant|p1a: サイエンス|slp
|
|-heal|p1b: 雨景色|52/100|[from] item: Leftovers
|upkeep
|turn|7
|
|t:|1755878536
|move|p1b: 雨景色|Protect|p1b: 雨景色
|-singleturn|p1b: 雨景色|Protect
|move|p2a: Dragonite|Haze|p2a: Dragonite
|-clearallboost
|move|p2b: Amoonguss|Pollen Puff|p2a: Dragonite
|-heal|p2a: Dragonite|100/100
|cant|p1a: サイエンス|slp
|
|-heal|p1b: 雨景色|59/100|[from] item: Leftovers
|upkeep
|turn|8
|
|t:|1755878553
|move|p2a: Dragonite|Scale Shot|p1b: 雨景色
|-damage|p1b: 雨景色|44/100
|-damage|p1b: 雨景色|30/100
|-damage|p1b: 雨景色|13/100
|-damage|p1b: 雨景色|0 fnt
|faint|p1b: 雨景色
|-hitcount|p1: 雨景色|4
|-unboost|p2a: Dragonite|def|1
|-boost|p2a: Dragonite|spe|1
|move|p2b: Amoonguss|Pollen Puff|p1a: サイエンス
|-resisted|p1a: サイエンス
|-damage|p1a: サイエンス|25/100 slp
|cant|p1a: サイエンス|slp
|
|-sideend|p2: Luna_walking|move: Tailwind
|upkeep
|
|t:|1755878559
|switch|p1b: アンコールダンス|Sneasler, L50, M|100/100
|turn|9
|
|t:|1755878582
|move|p2a: Dragonite|Protect|p2a: Dragonite
|-singleturn|p2a: Dragonite|Protect
|move|p2b: Amoonguss|Protect|p2b: Amoonguss
|-singleturn|p2b: Amoonguss|Protect
|move|p1b: アンコールダンス|Dire Claw|p2a: Dragonite
|-activate|p2a: Dragonite|move: Protect
|-curestatus|p1a: サイエンス|slp|[msg]
|move|p1a: サイエンス|Blood Moon|p2a: Dragonite
|-activate|p2a: Dragonite|move: Protect
|
|-sideend|p1: BiomboVGC|move: Light Screen
|upkeep
|turn|10
|
|t:|1755878598
|move|p1b: アンコールダンス|Dire Claw|p2a: Dragonite
|-damage|p2a: Dragonite|70/100
|move|p2a: Dragonite|Tailwind|p2a: Dragonite
|-sidestart|p2: Luna_walking|move: Tailwind
|move|p2b: Amoonguss|Spore|p1a: サイエンス
|-status|p1a: サイエンス|slp|[from] move: Spore
|cant|p1a: サイエンス|slp
|
|upkeep
|turn|11
|
|t:|1755878610
|move|p1b: アンコールダンス|Protect|p1b: アンコールダンス
|-singleturn|p1b: アンコールダンス|Protect
|move|p2a: Dragonite|Scale Shot|p1b: アンコールダンス
|-activate|p1b: アンコールダンス|move: Protect
|move|p2b: Amoonguss|Pollen Puff|p2a: Dragonite
|-heal|p2a: Dragonite|100/100
|cant|p1a: サイエンス|slp
|
|upkeep
|turn|12
|
|t:|1755878629
|move|p2a: Dragonite|Scale Shot|p1b: アンコールダンス
|-damage|p1b: アンコールダンス|72/100
|-damage|p1b: アンコールダンス|48/100
|-damage|p1b: アンコールダンス|22/100
|-damage|p1b: アンコールダンス|0 fnt
|faint|p1b: アンコールダンス
|-hitcount|p1: アンコールダンス|4
|-unboost|p2a: Dragonite|def|1
|-boost|p2a: Dragonite|spe|1
|move|p2b: Amoonguss|Pollen Puff|p1a: サイエンス
|-resisted|p1a: サイエンス
|-damage|p1a: サイエンス|19/100 slp
|-curestatus|p1a: サイエンス|slp|[msg]
|move|p1a: サイエンス|Hyper Voice|p2b: Amoonguss|[spread] p2a,p2b
|-damage|p2a: Dragonite|82/100
|-damage|p2b: Amoonguss|70/100
|
|upkeep
|turn|13
|-message|BiomboVGC forfeited.
|raw|BiomboVGC's rating: 1307 → 1284(-23 for losing)
|raw|Luna_walking's rating: 1254 → 1283(+29 for winning)
|
|win|Luna_walking
