|j|☆maxspeedincineroar
|j|☆sedrav
|html|maxspeedincineroarsedrav    
|uhtml|bestof|Game 1 of a best-of-3
|t:|1785783776
|gametype|doubles
|player|p1|maxspeedincineroar|169|1222
|player|p2|sedrav|hilbert|1230
|gen|9
|tier|[Gen 9 Champions] VGC 2026 Reg M-B (Bo3)
|rated|
|rule|Species Clause: Limit one of each Pokémon
|rule|Item Clause: Limit 1 of each item
|clearpoke
|poke|p1|Pelipper, L50, M|
|poke|p1|Archaludon, L50, F, shiny|
|poke|p1|Charizard, L50, F|
|poke|p1|Venusaur, L50, F|
|poke|p1|Basculegion, L50, M|
|poke|p1|Grimmsnarl, L50, M|
|poke|p2|Tyranitar, L50, F|
|poke|p2|Excadrill, L50, F|
|poke|p2|Milotic, L50, M|
|poke|p2|Sinistcha, L50|
|poke|p2|Staraptor, L50, M|
|poke|p2|Gholdengo, L50|
|teampreview|4
|showteam|p1|Pelipper||SitrusBerry|Drizzle|WeatherBall,Hurricane,Tailwind,WideGuard|Modest||M|||50|]Archaludon||Leftovers|Stamina|Protect,DragonPulse,FlashCannon,ElectroShot|Modest||F|||50|]Charizard||CharizarditeY|Blaze|Protect,WeatherBall,HeatWave,Hurricane|Modest||F|||50|]Venusaur||FocusSash|Chlorophyll|Protect,LeafStorm,SludgeBomb,SleepPowder|Modest||F|||50|]Basculegion||ChoiceScarf|Adaptability|WaveCrash,FlipTurn,LastRespects,AquaJet|Jolly||M|||50|]Grimmsnarl||LightClay|Prankster|SpiritBreak,PartingShot,Reflect,LightScreen|Careful||M|||50|
|showteam|p2|Tyranitar||Tyranitarite|SandStream|KnockOff,RockSlide,LowKick,Protect|Jolly||F|||50|]Excadrill||FocusSash|SandRush|HighHorsepower,IronHead,RockSlide,Protect|Adamant||F|||50|]Milotic||SitrusBerry|Competitive|Scald,Haze,IceBeam,Protect|Bold||M|||50|]Sinistcha||ColburBerry|Hospitality|MatchaGotcha,ShadowBall,Protect,RagePowder|Bold|||||50|]Staraptor||Staraptite|Intimidate|CloseCombat,BraveBird,Tailwind,Protect|Jolly||M|||50|]Gholdengo||LifeOrb|GoodasGold|MakeItRain,ShadowBall,NastyPlot,Protect|Modest|||||50|
|inactive|Battle timer is ON: inactive players will automatically lose when time's up. (requested by sedrav)
|inactive|maxspeedincineroar has 60 seconds left.
|inactive|sedrav has 60 seconds left.
|inactive|maxspeedincineroar has 30 seconds left.
|inactive|maxspeedincineroar has 20 seconds left.
|inactive|maxspeedincineroar has 15 seconds left.
|inactive|maxspeedincineroar has 10 seconds left.
|
|t:|1785783861
|teamsize|p1|4
|teamsize|p2|4
|start
|switch|p1a: Charizard|Charizard, L50, F|100/100
|switch|p1b: Archaludon|Archaludon, L50, F, shiny|100/100
|switch|p2a: Gholdengo|Gholdengo, L50|100/100
|switch|p2b: Staraptor|Staraptor, L50, M|100/100
|-ability|p2b: Staraptor|Intimidate|boost
|-unboost|p1a: Charizard|atk|1
|-unboost|p1b: Archaludon|atk|1
|turn|1
|inactive|maxspeedincineroar has 30 seconds left.
|inactive|sedrav has 30 seconds left.
|inactive|maxspeedincineroar has 20 seconds left.
|inactive|sedrav has 20 seconds left.
|inactive|maxspeedincineroar has 15 seconds left.
|inactive|sedrav has 15 seconds left.
|inactive|maxspeedincineroar has 10 seconds left.
|inactive|sedrav has 10 seconds left.
|inactive|maxspeedincineroar has 5 seconds left.
|
|t:|1785783913
|switch|p1b: Basculegion|Basculegion, L50, M|100/100
|detailschange|p2b: Staraptor|Staraptor-Mega, L50, M
|-mega|p2b: Staraptor|Staraptor|Staraptite
|detailschange|p1a: Charizard|Charizard-Mega-Y, L50, F
|-mega|p1a: Charizard|Charizard|Charizardite Y
|-weather|SunnyDay|[from] ability: Drought|[of] p1a: Charizard
|move|p2b: Staraptor|Close Combat|p1b: Basculegion
|-immune|p1b: Basculegion
|move|p2a: Gholdengo|Shadow Ball|p1a: Charizard
|-damage|p1a: Charizard|46/100
|-unboost|p1a: Charizard|spd|1
|-damage|p2a: Gholdengo|90/100|[from] item: Life Orb
|move|p1a: Charizard|Heat Wave|p2b: Staraptor|[spread] p2a,p2b
|-supereffective|p2a: Gholdengo|1
|-damage|p2a: Gholdengo|0 fnt
|-damage|p2b: Staraptor|34/100
|faint|p2a: Gholdengo
|
|-weather|SunnyDay|[upkeep]
|upkeep
|
|t:|1785783932
|switch|p2a: Sinistcha|Sinistcha, L50|100/100
|-heal|p2b: Staraptor|58/100|[from] ability: Hospitality|[of] p2a: Sinistcha
|turn|2
|inactive|maxspeedincineroar has 30 seconds left.
|
|t:|1785783962
|switch|p2a: Tyranitar|Tyranitar, L50, F|100/100
|-weather|Sandstorm|[from] ability: Sand Stream|[of] p2a: Tyranitar
|move|p2b: Staraptor|Protect|p2b: Staraptor
|-singleturn|p2b: Staraptor|Protect
|move|p1b: Basculegion|Flip Turn|p2b: Staraptor
|-activate|p2b: Staraptor|move: Protect
|move|p1a: Charizard|Heat Wave|p2b: Staraptor|[spread] p2a
|-activate|p2b: Staraptor|move: Protect
|-resisted|p2a: Tyranitar|1
|-damage|p2a: Tyranitar|88/100
|
|-weather|Sandstorm|[upkeep]
|-damage|p1b: Basculegion|93/100|[from] Sandstorm
|-damage|p2b: Staraptor|52/100|[from] Sandstorm
|-damage|p1a: Charizard|40/100|[from] Sandstorm
|upkeep
|turn|3
|inactive|maxspeedincineroar has 30 seconds left.
|inactive|sedrav has 30 seconds left.
|
|t:|1785783987
|move|p1a: Charizard|Protect|p1a: Charizard
|-singleturn|p1a: Charizard|Protect
|move|p1b: Basculegion|Flip Turn|p2a: Tyranitar
|-supereffective|p2a: Tyranitar|1
|-damage|p2a: Tyranitar|23/100
|
|t:|1785783995
|switch|p1b: Archaludon|Archaludon, L50, F, shiny|100/100|[from] Flip Turn
|move|p2b: Staraptor|Close Combat|p1b: Archaludon
|-supereffective|p1b: Archaludon|1
|-damage|p1b: Archaludon|16/100
|-boost|p2b: Staraptor|def|1
|-boost|p2b: Staraptor|spd|1
|-ability|p1b: Archaludon|Stamina|boost
|-boost|p1b: Archaludon|def|1
|move|p2a: Tyranitar|Knock Off|p1a: Charizard
|-activate|p1a: Charizard|move: Protect
|
|-weather|Sandstorm|[upkeep]
|-damage|p2b: Staraptor|47/100|[from] Sandstorm
|-damage|p1a: Charizard|34/100|[from] Sandstorm
|-heal|p1b: Archaludon|22/100|[from] item: Leftovers
|upkeep
|turn|4
|inactive|maxspeedincineroar has 30 seconds left.
|
|t:|1785784025
|move|p2b: Staraptor|Close Combat|p1b: Archaludon
|-supereffective|p1b: Archaludon|1
|-damage|p1b: Archaludon|0 fnt
|-boost|p2b: Staraptor|def|1
|-boost|p2b: Staraptor|spd|1
|faint|p1b: Archaludon
|move|p1a: Charizard|Weather Ball|p2a: Tyranitar
|-damage|p2a: Tyranitar|0 fnt
|faint|p2a: Tyranitar
|
|-weather|Sandstorm|[upkeep]
|-damage|p2b: Staraptor|41/100|[from] Sandstorm
|-damage|p1a: Charizard|28/100|[from] Sandstorm
|upkeep
|
|t:|1785784035
|switch|p2a: Sinistcha|Sinistcha, L50|100/100
|switch|p1b: Pelipper|Pelipper, L50, M|100/100
|-weather|RainDance|[from] ability: Drizzle|[of] p1b: Pelipper
|-heal|p2b: Staraptor|65/100|[from] ability: Hospitality|[of] p2a: Sinistcha
|turn|5
|
|t:|1785784045
|move|p2b: Staraptor|Tailwind|p2b: Staraptor
|-sidestart|p2: sedrav|move: Tailwind
|move|p2a: Sinistcha|Shadow Ball|p1a: Charizard
|-damage|p1a: Charizard|0 fnt
|faint|p1a: Charizard
|move|p1b: Pelipper|Tailwind|p1b: Pelipper
|-sidestart|p1: maxspeedincineroar|move: Tailwind
|
|-weather|RainDance|[upkeep]
|upkeep
|
|t:|1785784050
|switch|p1a: Basculegion|Basculegion, L50, M|93/100
|turn|6
|
|t:|1785784068
|move|p1a: Basculegion|Last Respects|p2a: Sinistcha
|-supereffective|p2a: Sinistcha|1
|-damage|p2a: Sinistcha|0 fnt
|faint|p2a: Sinistcha
|move|p2b: Staraptor|Brave Bird|p1a: Basculegion
|-damage|p1a: Basculegion|16/100
|-damage|p2b: Staraptor|39/100|[from] Recoil
|move|p1b: Pelipper|Hurricane|p2b: Staraptor
|-supereffective|p2b: Staraptor|1
|-damage|p2b: Staraptor|0 fnt
|faint|p2b: Staraptor
|
|win|maxspeedincineroar
||sedrav is ready for game 2.
||maxspeedincineroar is ready for game 2.
|uhtml|next|Next: Game 2 of 3
|l|☆maxspeedincineroar
|player|p1|
