|j|☆Lioprd
|j|☆Mono Prime
|html|LioprdMono Prime    
|uhtml|bestof|Game 1 of a best-of-3
|t:|1786052160
|gametype|doubles
|player|p1|Lioprd|ingo|1104
|player|p2|Mono Prime|pokemaniac|1000
|gen|9
|tier|[Gen 9 Champions] VGC 2026 Reg M-B (Bo3)
|rated|
|rule|Species Clause: Limit one of each Pokémon
|rule|Item Clause: Limit 1 of each item
|clearpoke
|poke|p1|Farigiraf, L50, F|
|poke|p1|Whimsicott, L50, M|
|poke|p1|Staraptor, L50, M|
|poke|p1|Kingambit, L50, F|
|poke|p1|Froslass, L50, F|
|poke|p1|Delphox, L50, F|
|poke|p2|Raichu, L50, F|
|poke|p2|Staraptor, L50, F|
|poke|p2|Arcanine-Hisui, L50, M|
|poke|p2|Farigiraf, L50, M|
|poke|p2|Sylveon, L50, F|
|poke|p2|Kingambit, L50, M|
|teampreview|4
|showteam|p1|Farigiraf||SitrusBerry|ArmorTail|HelpingHand,Psychic,TrickRoom,Protect|Sassy||F|||50|]Whimsicott||FocusSash|Prankster|Tickle,FakeTears,Tailwind,Moonblast|Modest||M|||50|]Staraptor||Staraptite|Intimidate|BraveBird,CloseCombat,Roost,Protect|Jolly||M|||50|]Kingambit||ChopleBerry|Defiant|SuckerPunch,IronHead,KowtowCleave,Protect|Adamant||F|||50|]Froslass||LifeOrb|CursedBody|DestinyBond,FrostBreath,ShadowBall,Protect|Timid||F|||50|]Delphox||Delphoxite|Blaze|CalmMind,HeatWave,Psychic,Protect|Timid||F|||50|
|showteam|p2|Raichu||RaichuniteY|LightningRod|ZapCannon,FocusBlast,FakeOut,Protect|Timid||F|||50|]Staraptor||Staraptite|Intimidate|CloseCombat,DualWingbeat,Tailwind,Protect|Jolly||F|||50|]Arcanine-Hisui||FocusSash|RockHead|FlareBlitz,HeadSmash,ExtremeSpeed,Protect|Jolly||M|||50|]Farigiraf||SitrusBerry|ArmorTail|Psychic,HelpingHand,TrickRoom,Protect|Calm||M|||50|]Sylveon||FairyFeather|Pixilate|HyperVoice,QuickAttack,HyperBeam,Detect|Modest||F|||50|]Kingambit||LifeOrb|Defiant|KowtowCleave,SuckerPunch,SwordsDance,Protect|Adamant||M|||50|
|
|t:|1786052239
|teamsize|p1|4
|teamsize|p2|4
|start
|switch|p1a: Whimsicott|Whimsicott, L50, M|100/100
|switch|p1b: Delphox|Delphox, L50, F|100/100
|switch|p2a: Raichu|Raichu, L50, F|100/100
|switch|p2b: Staraptor|Staraptor, L50, F|100/100
|-ability|p2b: Staraptor|Intimidate|boost
|-unboost|p1a: Whimsicott|atk|1
|-unboost|p1b: Delphox|atk|1
|turn|1
|
|t:|1786052287
|detailschange|p1b: Delphox|Delphox-Mega, L50, F
|-mega|p1b: Delphox|Delphox|Delphoxite
|detailschange|p2b: Staraptor|Staraptor-Mega, L50, F
|-mega|p2b: Staraptor|Staraptor|Staraptite
|move|p2a: Raichu|Fake Out|p1b: Delphox
|-damage|p1b: Delphox|88/100
|cant|p1b: Delphox|flinch
|move|p2b: Staraptor|Tailwind|p2b: Staraptor
|-sidestart|p2: Mono Prime|move: Tailwind
|move|p1a: Whimsicott|Moonblast|p2b: Staraptor
|-supereffective|p2b: Staraptor|1
|-damage|p2b: Staraptor|10/100
|
|upkeep
|turn|2
|
|t:|1786052318
|move|p1a: Whimsicott|Tailwind|p1a: Whimsicott
|-sidestart|p1: Lioprd|move: Tailwind
|move|p1b: Delphox|Heat Wave|p2a: Raichu|[spread] p2a
|-miss|p1b: Delphox|p2b: Staraptor
|-damage|p2a: Raichu|40/100
|move|p2a: Raichu|Zap Cannon|p1b: Delphox
|-damage|p1b: Delphox|50/100g
|-status|p1b: Delphox|par
|move|p2b: Staraptor|Dual Wingbeat|p1a: Whimsicott
|-supereffective|p1a: Whimsicott|1
|-damage|p1a: Whimsicott|34/100
|-supereffective|p1a: Whimsicott|1
|-damage|p1a: Whimsicott|0 fnt
|faint|p1a: Whimsicott
|-hitcount|p1: Whimsicott|2
|
|upkeep
|
|t:|1786052337
|switch|p1a: Froslass|Froslass, L50, F|100/100
|turn|3
|
|t:|1786052384
|move|p2a: Raichu|Zap Cannon|p1b: Delphox
|-damage|p1b: Delphox|10/100 par
|move|p2b: Staraptor|Dual Wingbeat|p1a: Froslass|[miss]
|-miss|p2b: Staraptor|p1a: Froslass
|move|p1a: Froslass|Shadow Ball|p2b: Staraptor
|-damage|p2b: Staraptor|0 fnt
|faint|p2b: Staraptor
|-damage|p1a: Froslass|90/100|[from] item: Life Orb
|cant|p1b: Delphox|par
|
|upkeep
|
|t:|1786052398
|switch|p2b: Arcanine|Arcanine-Hisui, L50, M|100/100
|turn|4
|c|☆Lioprd|How does bro hit two zap cannons but misses a dual wingbeat
|
|t:|1786052428
|move|p1b: Delphox|Protect|p1b: Delphox
|-singleturn|p1b: Delphox|Protect
|move|p2b: Arcanine|Extreme Speed|p1b: Delphox
|-activate|p1b: Delphox|move: Protect
|move|p1a: Froslass|Destiny Bond|p1a: Froslass
|-singlemove|p1a: Froslass|Destiny Bond
|move|p2a: Raichu|Zap Cannon|p1a: Froslass
|-damage|p1a: Froslass|25/100
|-status|p1a: Froslass|par
|
|-sideend|p2: Mono Prime|move: Tailwind
|upkeep
|turn|5
|c|☆Lioprd|WHAT?!?!
|
|t:|1786052463
|move|p2a: Raichu|Protect|p2a: Raichu
|-singleturn|p2a: Raichu|Protect
|move|p2b: Arcanine|Extreme Speed|p1b: Delphox
|-damage|p1b: Delphox|0 fnt
|faint|p1b: Delphox
|move|p1a: Froslass|Shadow Ball|p2b: Arcanine
|-damage|p2b: Arcanine|51/100
|-damage|p1a: Froslass|15/100 par|[from] item: Life Orb
|
|-sideend|p1: Lioprd|move: Tailwind
|upkeep
|
|t:|1786052470
|switch|p1b: Farigiraf|Farigiraf, L50, F|100/100
|turn|6
|
|t:|1786052487
|move|p1a: Froslass|Protect|p1a: Froslass
|-singleturn|p1a: Froslass|Protect
|move|p2a: Raichu|Zap Cannon|p1b: Farigiraf
|-damage|p1b: Farigiraf|72/100
|-status|p1b: Farigiraf|par
|move|p2b: Arcanine|Flare Blitz|p1b: Farigiraf
|-damage|p1b: Farigiraf|8/100 par
|-enditem|p1b: Farigiraf|Sitrus Berry|[eat]
|-heal|p1b: Farigiraf|33/100 par|[from] item: Sitrus Berry
|move|p1b: Farigiraf|Trick Room|p1b: Farigiraf
|-fieldstart|move: Trick Room|[of] p1b: Farigiraf
|
|upkeep
|turn|7
|
|t:|1786052516
|move|p2a: Raichu|Protect|p2a: Raichu
|-singleturn|p2a: Raichu|Protect
|move|p2b: Arcanine|Extreme Speed||[still]
|cant|p1b: Farigiraf|ability: Armor Tail|Extreme Speed|[of] p2b: Arcanine
|cant|p1b: Farigiraf|par
|move|p1a: Froslass|Shadow Ball|p2b: Arcanine
|-damage|p2b: Arcanine|0 fnt
|faint|p2b: Arcanine
|-damage|p1a: Froslass|6/100 par|[from] item: Life Orb
|
|upkeep
|
|t:|1786052526
|switch|p2b: Sylveon|Sylveon, L50, F|100/100
|turn|8
|
|t:|1786052536
|move|p1b: Farigiraf|Psychic|p2a: Raichu
|-damage|p2a: Raichu|0 fnt
|faint|p2a: Raichu
|move|p2b: Sylveon|Hyper Voice|p1a: Froslass|[spread] p1a,p1b
|-damage|p1a: Froslass|0 fnt
|-damage|p1b: Farigiraf|0 fnt
|faint|p1a: Froslass
|faint|p1b: Farigiraf
|
|win|Mono Prime
||Lioprd is ready for game 2.
|inactive|Mono Prime has 30 seconds to confirm battle start!
||Mono Prime is ready for game 2.
|uhtml|next|Next: Game 2 of 3
|l|☆Mono Prime
|player|p2|
