|j|☆Koraidonkoalition
|j|☆dapmagikarp
|html|Koraidonkoalitiondapmagikarp    
|uhtml|bestof|Game 3 of a best-of-3
|t:|1785128717
|gametype|doubles
|player|p1|Koraidonkoalition|colress|1169
|player|p2|dapmagikarp|sada-ai|1326
|gen|9
|tier|[Gen 9 Champions] VGC 2026 Reg M-B (Bo3)
|rated|
|rule|Species Clause: Limit one of each Pokémon
|rule|Item Clause: Limit 1 of each item
|clearpoke
|poke|p1|Tyranitar, L50, M|
|poke|p1|Excadrill, L50, M|
|poke|p1|Milotic, L50, F|
|poke|p1|Sinistcha, L50|
|poke|p1|Staraptor, L50, F|
|poke|p1|Gholdengo, L50|
|poke|p2|Whimsicott, L50, F, shiny|
|poke|p2|Glimmora, L50, F|
|poke|p2|Staraptor, L50, M|
|poke|p2|Garchomp, L50, F, shiny|
|poke|p2|Kingambit, L50, M|
|poke|p2|Delphox, L50, M|
|teampreview|4
|showteam|p1|Tyranitar||Tyranitarite|SandStream|KnockOff,RockSlide,LowKick,Protect|Jolly||M|||50|]Excadrill||FocusSash|SandRush|Earthquake,IronHead,RockSlide,Protect|Adamant||M|||50|]Milotic||SitrusBerry|Competitive|Scald,IcyWind,Haze,Protect|Calm||F|||50|]Sinistcha||ColburBerry|Hospitality|MatchaGotcha,ShadowBall,Protect,RagePowder|Bold|||||50|]Staraptor||Staraptite|Intimidate|CloseCombat,BraveBird,Tailwind,Protect|Jolly||F|||50|]Gholdengo||LifeOrb|GoodasGold|MakeItRain,ShadowBall,NastyPlot,Protect|Modest|||||50|
|showteam|p2|Whimsicott||OccaBerry|Prankster|Moonblast,Tailwind,Charm,LightScreen|Timid||F|||50|]Glimmora||FocusSash|ToxicDebris|PowerGem,SludgeBomb,EarthPower,Protect|Modest||F|||50|]Staraptor||Staraptite|Intimidate|CloseCombat,BraveBird,Roost,Protect|Jolly||M|||50|]Garchomp||LifeOrb|RoughSkin|DragonClaw,Earthquake,RockSlide,Protect|Jolly||F|||50|]Kingambit||ChopleBerry|Defiant|KowtowCleave,SuckerPunch,LowKick,IronHead|Adamant||M|||50|]Delphox||Delphoxite|Blaze|HeatWave,Psychic,Encore,Protect|Timid||M|||50|
|inactive|Battle timer is ON: inactive players will automatically lose when time's up. (requested by dapmagikarp)
|inactive|Koraidonkoalition has 60 seconds left.
|inactive|Koraidonkoalition has 30 seconds left.
|
|t:|1785128778
|teamsize|p1|4
|teamsize|p2|4
|start
|switch|p1a: Tyranitar|Tyranitar, L50, M|100/100
|switch|p1b: Milotic|Milotic, L50, F|100/100
|switch|p2a: Glimmora|Glimmora, L50, F|100/100
|switch|p2b: Whimsicott|Whimsicott, L50, F, shiny|100/100
|-weather|Sandstorm|[from] ability: Sand Stream|[of] p1a: Tyranitar
|turn|1
|
|t:|1785128800
|move|p2b: Whimsicott|Moonblast|p1a: Tyranitar
|-supereffective|p1a: Tyranitar|1
|-damage|p1a: Tyranitar|62/100
|move|p2a: Glimmora|Power Gem|p1b: Milotic
|-damage|p1b: Milotic|69/100
|move|p1a: Tyranitar|Rock Slide|p2a: Glimmora|[spread] p2a,p2b
|-damage|p2a: Glimmora|67/100
|-damage|p2b: Whimsicott|66/100
|-activate|p2a: Glimmora|ability: Toxic Debris
|-sidestart|p1: Koraidonkoalition|move: Toxic Spikes
|move|p1b: Milotic|Scald|p2a: Glimmora
|-supereffective|p2a: Glimmora|1
|-damage|p2a: Glimmora|21/100
|
|-weather|Sandstorm|[upkeep]
|-damage|p2b: Whimsicott|60/100|[from] Sandstorm
|-damage|p1b: Milotic|63/100|[from] Sandstorm
|upkeep
|turn|2
|
|t:|1785128823
|move|p1a: Tyranitar|Protect|p1a: Tyranitar
|-singleturn|p1a: Tyranitar|Protect
|move|p2b: Whimsicott|Tailwind|p2b: Whimsicott
|-sidestart|p2: dapmagikarp|move: Tailwind
|move|p2a: Glimmora|Sludge Bomb|p1b: Milotic
|-damage|p1b: Milotic|26/100
|-enditem|p1b: Milotic|Sitrus Berry|[eat]
|-heal|p1b: Milotic|51/100|[from] item: Sitrus Berry
|move|p1b: Milotic|Scald|p2a: Glimmora
|-supereffective|p2a: Glimmora|1
|-damage|p2a: Glimmora|0 fnt
|faint|p2a: Glimmora
|
|-weather|Sandstorm|[upkeep]
|-damage|p2b: Whimsicott|53/100|[from] Sandstorm
|-damage|p1b: Milotic|45/100|[from] Sandstorm
|upkeep
|
|t:|1785128832
|switch|p2a: Garchomp|Garchomp, L50, F, shiny|100/100
|turn|3
|
|t:|1785128839
|switch|p1a: Staraptor|Staraptor, L50, F|100/100
|-ability|p1a: Staraptor|Intimidate|boost
|-unboost|p2a: Garchomp|atk|1
|-unboost|p2b: Whimsicott|atk|1
|move|p2b: Whimsicott|Moonblast|p1b: Milotic
|-damage|p1b: Milotic|26/100
|move|p2a: Garchomp|Earthquake|p1b: Milotic|[spread] p2b,p1b
|-immune|p1a: Staraptor
|-resisted|p2b: Whimsicott|1
|-damage|p2b: Whimsicott|33/100
|-damage|p1b: Milotic|0 fnt
|faint|p1b: Milotic
|-damage|p2a: Garchomp|90/100|[from] item: Life Orb
|
|-weather|Sandstorm|[upkeep]
|-damage|p2b: Whimsicott|26/100|[from] Sandstorm
|-damage|p1a: Staraptor|94/100|[from] Sandstorm
|upkeep
|
|t:|1785128854
|switch|p1b: Excadrill|Excadrill, L50, M|100/100
|turn|4
|
|t:|1785128872
|switch|p2a: Delphox|Delphox, L50, M|100/100
|move|p1b: Excadrill|Protect|p1b: Excadrill
|-singleturn|p1b: Excadrill|Protect
|move|p2b: Whimsicott|Charm|p1b: Excadrill
|-activate|p1b: Excadrill|move: Protect
|move|p1a: Staraptor|Close Combat|p2b: Whimsicott
|-resisted|p2b: Whimsicott|1
|-damage|p2b: Whimsicott|6/100
|-unboost|p1a: Staraptor|def|1
|-unboost|p1a: Staraptor|spd|1
|
|-weather|Sandstorm|[upkeep]
|-damage|p2b: Whimsicott|0 fnt|[from] Sandstorm
|-damage|p2a: Delphox|94/100|[from] Sandstorm
|-damage|p1a: Staraptor|88/100|[from] Sandstorm
|faint|p2b: Whimsicott
|upkeep
|
|t:|1785128876
|switch|p2b: Garchomp|Garchomp, L50, F, shiny|90/100
|turn|5
|-message|Koraidonkoalition forfeited.
|raw|Koraidonkoalition's rating: 1169 → 1155(-14 for losing)
|raw|dapmagikarp's rating: 1326 → 1338(+12 for winning)
|
|win|dapmagikarp
