|j|☆Jakobtc
|j|☆Dawei No
|html|JakobtcDawei No    
|uhtml|bestof|Game 1 of a best-of-3
|t:|1757645003
|gametype|doubles
|player|p1|Jakobtc|riley|1084
|player|p2|Dawei No|lady|1106
|gen|9
|tier|[Gen 9] VGC 2025 Reg H (Bo3)
|rated|
|rule|Species Clause: Limit one of each Pokémon
|rule|Item Clause: Limit 1 of each item
|clearpoke
|poke|p1|Drifblim, L50, M|
|poke|p1|Indeedee, L50, M|
|poke|p1|Arcanine-Hisui, L50, M|
|poke|p1|Garchomp, L50, F|
|poke|p1|Amoonguss, L50, F|
|poke|p1|Primarina, L50, M|
|poke|p2|Gholdengo, L50|
|poke|p2|Amoonguss, L50, M|
|poke|p2|Incineroar, L50, F|
|poke|p2|Porygon2, L50|
|poke|p2|Ursaluna, L50, M|
|poke|p2|Flamigo, L50, F|
|teampreview|4
|showteam|p1|Drifblim||PsychicSeed|Unburden|Tailwind,StrengthSap,WillOWisp,Acrobatics|||M|||50|,,,,,Grass]Indeedee||FocusSash|PsychicSurge|ExpandingForce,TeraBlast,SkillSwap,Protect|||M|||50|,,,,,Fighting]Arcanine-Hisui||ChoiceBand|Intimidate|RockSlide,FlareBlitz,ExtremeSpeed,CloseCombat|||M|||50|,,,,,Grass]Garchomp||LifeOrb|RoughSkin|StompingTantrum,DragonClaw,Earthquake,Protect|||F|||50|,,,,,Ground]Amoonguss||SitrusBerry|Regenerator|Spore,LeafStorm,RagePowder,Protect|||F|||50|,,,,,Water]Primarina||MysticWater|LiquidVoice|HyperVoice,Moonblast,Haze,Protect|||M|||50|,,,,,Steel
|showteam|p2|Gholdengo||LifeOrb|GoodasGold|MakeItRain,NastyPlot,Protect,ShadowBall||||||50|,,,,,Dragon]Amoonguss||SitrusBerry|Regenerator|Spore,RagePowder,SludgeBomb,Protect|||M|||50|,,,,,Water]Incineroar||SafetyGoggles|Intimidate|FlareBlitz,KnockOff,PartingShot,FakeOut|||F|||50|,,,,,Ghost]Porygon2||Eviolite|Download|Recover,TeraBlast,IceBeam,TrickRoom||||||50|,,,,,Fighting]Ursaluna||FlameOrb|Guts|HeadlongRush,Facade,Protect,Earthquake|||M|||50|,,,,,Dragon]Flamigo||FocusSash|Scrappy|CloseCombat,BraveBird,Tailwind,Protect|||F|||50|,,,,,Steel
|c|☆Jakobtc|glhf
|inactive|Battle timer is ON: inactive players will automatically lose when time's up. (requested by Dawei No)
|c|☆Dawei No|u2
|inactive|Jakobtc has 60 seconds left.
|inactive|Dawei No has 60 seconds left.
|
|t:|1757645063
|teamsize|p1|4
|teamsize|p2|4
|start
|switch|p1a: Drifblim|Drifblim, L50, M|100/100
|switch|p1b: Indeedee|Indeedee, L50, M|100/100
|switch|p2a: Incineroar|Incineroar, L50, F|100/100
|switch|p2b: Porygon2|Porygon2, L50, shiny|100/100
|-fieldstart|move: Psychic Terrain|[from] ability: Psychic Surge|[of] p1b: Indeedee
|-enditem|p1a: Drifblim|Psychic Seed
|-boost|p1a: Drifblim|spd|1|[from] item: Psychic Seed
|-ability|p2a: Incineroar|Intimidate|boost
|-unboost|p1a: Drifblim|atk|1
|-unboost|p1b: Indeedee|atk|1
|-ability|p2b: Porygon2|Download|boost
|-boost|p2b: Porygon2|atk|1
|turn|1
|inactive|Jakobtc has 30 seconds left.
|inactive|Dawei No has 30 seconds left.
|inactive|Jakobtc has 20 seconds left.
|
|t:|1757645099
|-terastallize|p1b: Indeedee|Fighting
|move|p1a: Drifblim|Acrobatics|p2a: Incineroar
|-damage|p2a: Incineroar|81/100
|move|p1b: Indeedee|Tera Blast|p2a: Incineroar|[anim] Tera Blast Fighting
|-supereffective|p2a: Incineroar
|-damage|p2a: Incineroar|24/100
|move|p2a: Incineroar|Knock Off|p1b: Indeedee
|-resisted|p1b: Indeedee
|-damage|p1b: Indeedee|59/100
|-enditem|p1b: Indeedee|Focus Sash|[from] move: Knock Off|[of] p2a: Incineroar
|move|p2b: Porygon2|Trick Room|p2b: Porygon2
|-fieldstart|move: Trick Room|[of] p2b: Porygon2
|
|upkeep
|turn|2
|inactive|Jakobtc has 30 seconds left.
|inactive|Dawei No has 30 seconds left.
|
|t:|1757645127
|switch|p1b: Primarina|Primarina, L50, M|100/100
|move|p2b: Porygon2|Ice Beam|p1a: Drifblim
|-supereffective|p1a: Drifblim
|-crit|p1a: Drifblim
|-damage|p1a: Drifblim|24/100
|-status|p1a: Drifblim|frz
|move|p2a: Incineroar|Parting Shot|p1b: Primarina
|-unboost|p1b: Primarina|atk|1
|-unboost|p1b: Primarina|spa|1
|
|t:|1757645138
|switch|p2a: Ursaluna|Ursaluna, L50, M|100/100|[from] Parting Shot
|cant|p1a: Drifblim|frz
|
|-status|p2a: Ursaluna|brn|[from] item: Flame Orb
|upkeep
|turn|3
|
|t:|1757645163
|switch|p1a: Arcanine|Arcanine-Hisui, L50, M|100/100
|-ability|p1a: Arcanine|Intimidate|boost
|-unboost|p2a: Ursaluna|atk|1
|-unboost|p2b: Porygon2|atk|1
|move|p1b: Primarina|Protect|p1b: Primarina
|-singleturn|p1b: Primarina|Protect
|move|p2b: Porygon2|Ice Beam|p1a: Arcanine
|-resisted|p1a: Arcanine
|-damage|p1a: Arcanine|85/100
|-status|p1a: Arcanine|frz
|move|p2a: Ursaluna|Facade|p1b: Primarina
|-activate|p1b: Primarina|move: Protect
|
|-damage|p2a: Ursaluna|95/100 brn|[from] brn
|upkeep
|turn|4
|
|t:|1757645182
|switch|p1a: Drifblim|Drifblim, L50, M|24/100 frz
|-terastallize|p2b: Porygon2|Fighting
|move|p2b: Porygon2|Tera Blast|p1a: Drifblim|[anim] Tera Blast Fighting
|-immune|p1a: Drifblim
|move|p2a: Ursaluna|Facade|p1b: Primarina
|-damage|p1b: Primarina|17/100
|move|p1b: Primarina|Hyper Voice|p2a: Ursaluna|[spread] p2a,p2b
|-supereffective|p2a: Ursaluna
|-damage|p2a: Ursaluna|58/100 brn
|-damage|p2b: Porygon2|85/100
|
|-damage|p2a: Ursaluna|52/100 brn|[from] brn
|upkeep
|turn|5
|
|t:|1757645199
|switch|p1b: Arcanine|Arcanine-Hisui, L50, M|85/100 frz
|-ability|p1b: Arcanine|Intimidate|boost
|-unboost|p2a: Ursaluna|atk|1
|-unboost|p2b: Porygon2|atk|1
|move|p2b: Porygon2|Ice Beam|p1a: Drifblim
|-supereffective|p1a: Drifblim
|-damage|p1a: Drifblim|0 fnt
|faint|p1a: Drifblim
|move|p2a: Ursaluna|Facade|p1b: Arcanine
|-resisted|p1b: Arcanine
|-damage|p1b: Arcanine|49/100 frz
|
|-damage|p2a: Ursaluna|46/100 brn|[from] brn
|-fieldend|move: Trick Room
|-fieldend|move: Psychic Terrain
|upkeep
|
|t:|1757645213
|switch|p1a: Indeedee|Indeedee, L50, M, tera:Fighting|59/100
|-fieldstart|move: Psychic Terrain|[from] ability: Psychic Surge|[of] p1a: Indeedee
|turn|6
|
|t:|1757645219
|switch|p2a: Incineroar|Incineroar, L50, F|24/100
|-ability|p2a: Incineroar|Intimidate|boost
|-unboost|p1a: Indeedee|atk|1
|-unboost|p1b: Arcanine|atk|1
|move|p1a: Indeedee|Expanding Force|p2a: Incineroar|[spread] p2b
|-immune|p2a: Incineroar
|-supereffective|p2b: Porygon2
|-crit|p2b: Porygon2
|-damage|p2b: Porygon2|0 fnt
|faint|p2b: Porygon2
|cant|p1b: Arcanine|frz
|
|upkeep
|
|t:|1757645236
|switch|p2b: Amoonguss|Amoonguss, L50, M, shiny|100/100
|turn|7
|inactive|Dawei No has 30 seconds left.
|
|t:|1757645268
|move|p1a: Indeedee|Protect|p1a: Indeedee
|-singleturn|p1a: Indeedee|Protect
|-curestatus|p1b: Arcanine|frz|[msg]
|move|p1b: Arcanine|Rock Slide|p2a: Incineroar|[spread] p2a,p2b
|-supereffective|p2a: Incineroar
|-damage|p2a: Incineroar|0 fnt
|-damage|p2b: Amoonguss|77/100
|faint|p2a: Incineroar
|cant|p2b: Amoonguss|flinch
|
|upkeep
|
|t:|1757645276
|switch|p2a: Ursaluna|Ursaluna, L50, M|46/100 brn
|turn|8
|
|t:|1757645286
|move|p2b: Amoonguss|Rage Powder|p2b: Amoonguss
|-singleturn|p2b: Amoonguss|move: Rage Powder
|move|p1a: Indeedee|Expanding Force|p2a: Ursaluna|[spread] p2a,p2b
|-supereffective|p2b: Amoonguss
|-damage|p2a: Ursaluna|10/100 brn
|-damage|p2b: Amoonguss|0 fnt
|faint|p2b: Amoonguss
|move|p1b: Arcanine|Rock Slide|p2a: Ursaluna
|-resisted|p2a: Ursaluna
|-damage|p2a: Ursaluna|0 fnt
|faint|p2a: Ursaluna
|
|win|Jakobtc
||Dawei No is ready for game 2.
|c|☆Jakobtc|honestly i had no idea how i won
|inactive|Jakobtc has 30 seconds to confirm battle start!
