|j|☆steelag0
|j|☆j0el_02
|html|steelag0j0el_02    
|uhtml|bestof|Game 2 of a best-of-3
|t:|1782407954
|gametype|doubles
|player|p1|steelag0|policeman-gen4|1076
|player|p2|j0el_02|265|1059
|gen|9
|tier|[Gen 9 Champions] VGC 2026 Reg M-B (Bo3)
|rated|
|rule|Species Clause: Limit one of each Pokémon
|rule|Item Clause: Limit 1 of each item
|clearpoke
|poke|p1|Hydreigon, L50, F|
|poke|p1|Garchomp, L50, F|
|poke|p1|Metagross, L50|
|poke|p1|Charizard, L50, F|
|poke|p1|Grimmsnarl, L50, M|
|poke|p1|Toxapex, L50, F|
|poke|p2|Sylveon, L50, F, shiny|
|poke|p2|Pelipper, L50, F|
|poke|p2|Charizard, L50, F|
|poke|p2|Swampert, L50, F|
|poke|p2|Sinistcha, L50|
|poke|p2|Excadrill, L50, F|
|teampreview|4
|showteam|p1|Hydreigon||ChoiceScarf|Levitate|HeatWave,DarkPulse,DracoMeteor,Snarl|Modest||F|||50|]Garchomp||SitrusBerry|RoughSkin|Earthquake,RockSlide,DragonClaw,Protect|Adamant||F|||50|]Metagross||Metagrossite|ClearBody|IronHead,PsychicFangs,BulletPunch,Protect|Adamant|||||50|]Charizard||CharizarditeY|Blaze|Protect,HeatWave,SolarBeam,WeatherBall|Timid||F|||50|]Grimmsnarl||RoseliBerry|Prankster|FakeOut,FoulPlay,Reflect,PartingShot|Sassy||M|||50|]Toxapex||Leftovers|Regenerator|Infestation,Toxic,BanefulBunker,WideGuard|Bold||F|||50|
|showteam|p2|Sylveon||FairyFeather|Pixilate|HyperBeam,QuickAttack,Detect,HyperVoice|Quiet||F|||50|]Pelipper||BabiriBerry|Drizzle|Tailwind,Uturn,Protect,HelpingHand|Timid||F|||50|]Charizard||CharizarditeY|SolarPower|HeatWave,WeatherBall,Protect,SolarBeam|Modest||F|||50|]Swampert||Swampertite|Torrent|WaveCrash,FlipTurn,BodyPress,Protect|Adamant||F|||50|]Sinistcha||Leftovers|Hospitality|TrickRoom,MatchaGotcha,Reflect,RagePowder|Quiet|||||50|]Excadrill||FocusSash|MoldBreaker|Earthquake,IronHead,RockBlast,Protect|Adamant||F|||50|
|
|t:|1782408010
|teamsize|p1|4
|teamsize|p2|4
|start
|switch|p1a: Metagross|Metagross, L50|100/100
|switch|p1b: Grimmsnarl|Grimmsnarl, L50, M|100/100
|switch|p2a: Excadrill|Excadrill, L50, F|100/100
|switch|p2b: Swampert|Swampert, L50, F|100/100
|-ability|p2a: Excadrill|Mold Breaker
|turn|1
|
|t:|1782408034
|detailschange|p1a: Metagross|Metagross-Mega, L50
|-mega|p1a: Metagross|Metagross|Metagrossite
|move|p2a: Excadrill|Protect|p2a: Excadrill
|-singleturn|p2a: Excadrill|Protect
|move|p2b: Swampert|Protect|p2b: Swampert
|-singleturn|p2b: Swampert|Protect
|move|p1b: Grimmsnarl|Fake Out|p2a: Excadrill
|-activate|p2a: Excadrill|move: Protect
|move|p1a: Metagross|Psychic Fangs|p2b: Swampert
|-activate|p2b: Swampert|move: Protect
|
|upkeep
|turn|2
|
|t:|1782408080
|switch|p2b: Pelipper|Pelipper, L50, F|100/100
|-weather|RainDance|[from] ability: Drizzle|[of] p2b: Pelipper
|move|p1a: Metagross|Protect|p1a: Metagross
|-singleturn|p1a: Metagross|Protect
|move|p1b: Grimmsnarl|Reflect|p1b: Grimmsnarl
|-sidestart|p1: steelag0|Reflect
|move|p2a: Excadrill|Earthquake|p1b: Grimmsnarl|[spread] p1b
|-activate|p1a: Metagross|move: Protect
|-immune|p2b: Pelipper
|-damage|p1b: Grimmsnarl|73/100
|
|-weather|RainDance|[upkeep]
|upkeep
|turn|3
|
|t:|1782408104
|move|p2a: Excadrill|Protect|p2a: Excadrill
|-singleturn|p2a: Excadrill|Protect
|move|p1b: Grimmsnarl|Parting Shot|p2a: Excadrill
|-activate|p2a: Excadrill|move: Protect
|move|p1a: Metagross|Psychic Fangs|p2b: Pelipper
|-damage|p2b: Pelipper|7/100
|move|p2b: Pelipper|Tailwind|p2b: Pelipper
|-sidestart|p2: j0el_02|move: Tailwind
|
|-weather|RainDance|[upkeep]
|upkeep
|turn|4
|
|t:|1782408124
|move|p1a: Metagross|Protect|p1a: Metagross
|-singleturn|p1a: Metagross|Protect
|move|p2a: Excadrill|Iron Head|p1b: Grimmsnarl
|-supereffective|p1b: Grimmsnarl|1
|-damage|p1b: Grimmsnarl|11/100
|move|p2b: Pelipper|U-turn|p1a: Metagross
|-activate|p1a: Metagross|move: Protect
|move|p1b: Grimmsnarl|Foul Play|p2a: Excadrill
|-damage|p2a: Excadrill|19/100
|
|-weather|RainDance|[upkeep]
|upkeep
|turn|5
|
|t:|1782408142
|move|p2b: Pelipper|Helping Hand|p2a: Excadrill
|-singleturn|p2a: Excadrill|Helping Hand|[of] p2b: Pelipper
|move|p1b: Grimmsnarl|Parting Shot|p2a: Excadrill
|-unboost|p2a: Excadrill|atk|1
|-unboost|p2a: Excadrill|spa|1
|
|t:|1782408149
|switch|p1b: Garchomp|Garchomp, L50, F|100/100|[from] Parting Shot
|move|p2a: Excadrill|Earthquake|p1b: Garchomp|[spread] p1a,p1b
|-immune|p2b: Pelipper
|-supereffective|p1a: Metagross|1
|-damage|p1a: Metagross|62/100
|-damage|p1b: Garchomp|73/100
|move|p1a: Metagross|Psychic Fangs|p2b: Pelipper
|-damage|p2b: Pelipper|0 fnt
|faint|p2b: Pelipper
|
|-weather|RainDance|[upkeep]
|upkeep
|
|t:|1782408159
|switch|p2b: Swampert|Swampert, L50, F|100/100
|turn|6
|
|t:|1782408172
|detailschange|p2b: Swampert|Swampert-Mega, L50, F
|-mega|p2b: Swampert|Swampert|Swampertite
|move|p2a: Excadrill|Protect|p2a: Excadrill
|-singleturn|p2a: Excadrill|Protect
|move|p1b: Garchomp|Protect|p1b: Garchomp
|-singleturn|p1b: Garchomp|Protect
|move|p1a: Metagross|Protect|p1a: Metagross
|-singleturn|p1a: Metagross|Protect
|move|p2b: Swampert|Wave Crash|p1a: Metagross
|-activate|p1a: Metagross|move: Protect
|
|-weather|none
|-sideend|p1: steelag0|Reflect
|-sideend|p2: j0el_02|move: Tailwind
|upkeep
|turn|7
|
|t:|1782408199
|switch|p2a: Sinistcha|Sinistcha, L50|100/100
|move|p1b: Garchomp|Dragon Claw|p2a: Sinistcha
|-damage|p2a: Sinistcha|62/100
|move|p1a: Metagross|Psychic Fangs|p2b: Swampert
|-damage|p2b: Swampert|49/100
|move|p2b: Swampert|Wave Crash|p1a: Metagross
|-damage|p1a: Metagross|7/100
|-damage|p2b: Swampert|30/100|[from] Recoil
|
|-heal|p2a: Sinistcha|69/100|[from] item: Leftovers
|upkeep
|turn|8
|
|t:|1782408224
|move|p2a: Sinistcha|Rage Powder|p2a: Sinistcha
|-singleturn|p2a: Sinistcha|move: Rage Powder
|move|p1b: Garchomp|Dragon Claw|p2a: Sinistcha
|-crit|p2a: Sinistcha
|-damage|p2a: Sinistcha|6/100
|move|p1a: Metagross|Psychic Fangs|p2a: Sinistcha
|-damage|p2a: Sinistcha|0 fnt
|faint|p2a: Sinistcha
|move|p2b: Swampert|Flip Turn|p1a: Metagross
|-damage|p1a: Metagross|0 fnt
|faint|p1a: Metagross
|
|t:|1782408234
|switch|p2b: Excadrill|Excadrill, L50, F|19/100|[from] Flip Turn
|-ability|p2b: Excadrill|Mold Breaker
|
|upkeep
|
|t:|1782408239
|switch|p1a: Toxapex|Toxapex, L50, F|100/100
|switch|p2a: Swampert|Swampert-Mega, L50, F|30/100
|turn|9
|
|t:|1782408251
|move|p2b: Excadrill|Protect|p2b: Excadrill
|-singleturn|p2b: Excadrill|Protect
|move|p2a: Swampert|Protect|p2a: Swampert
|-singleturn|p2a: Swampert|Protect
|move|p1a: Toxapex|Baneful Bunker|p1a: Toxapex
|-singleturn|p1a: Toxapex|move: Protect
|move|p1b: Garchomp|Earthquake|p2b: Excadrill|[spread] 
|-activate|p1a: Toxapex|move: Protect
|-activate|p2a: Swampert|move: Protect
|-activate|p2b: Excadrill|move: Protect
|
|upkeep
|turn|10
|
|t:|1782408270
|move|p2b: Excadrill|Iron Head|p1b: Garchomp
|-damage|p1b: Garchomp|35/100
|-damage|p2b: Excadrill|7/100|[from] ability: Rough Skin|[of] p1b: Garchomp
|-enditem|p1b: Garchomp|Sitrus Berry|[eat]
|-heal|p1b: Garchomp|60/100|[from] item: Sitrus Berry
|move|p1b: Garchomp|Dragon Claw|p2b: Excadrill
|-resisted|p2b: Excadrill|1
|-damage|p2b: Excadrill|0 fnt
|faint|p2b: Excadrill
|move|p2a: Swampert|Wave Crash|p1b: Garchomp
|-damage|p1b: Garchomp|0 fnt
|-damage|p2a: Swampert|18/100|[from] ability: Rough Skin|[of] p1b: Garchomp
|faint|p1b: Garchomp
|-damage|p2a: Swampert|0 fnt|[from] Recoil
|faint|p2a: Swampert
|
|win|steelag0
|raw|steelag0's rating: 1076 → 1103(+27 for winning)
|raw|j0el_02's rating: 1059 → 1041(-18 for losing)
