|j|☆BlackStag52
|j|☆puli95
|html|BlackStag52puli95    
|uhtml|bestof|Game 2 of a best-of-3
|t:|1784084056
|gametype|doubles
|player|p1|BlackStag52|lorelei-gen3|1103
|player|p2|puli95|170|1043
|gen|9
|tier|[Gen 9 Champions] VGC 2026 Reg M-B (Bo3)
|rated|
|rule|Species Clause: Limit one of each Pokémon
|rule|Item Clause: Limit 1 of each item
|clearpoke
|poke|p1|Garchomp, L50, M|
|poke|p1|Eelektross, L50, F|
|poke|p1|Primarina, L50, F|
|poke|p1|Vivillon-High Plains, L50, M|
|poke|p1|Sneasler, L50, F|
|poke|p1|Clefable, L50, M|
|poke|p2|Tyranitar, L50, M, shiny|
|poke|p2|Houndstone, L50, M, shiny|
|poke|p2|Garchomp, L50, M|
|poke|p2|Sneasler, L50, F, shiny|
|poke|p2|Primarina, L50, M, shiny|
|poke|p2|Corviknight, L50, M, shiny|
|teampreview|4
|showteam|p1|Garchomp||LifeOrb|RoughSkin|DragonClaw,Earthquake,Protect,RockSlide|Impish||M|||50|]Eelektross||Eelektrossite|Levitate|GrassKnot,Thunderbolt,Protect,Flamethrower|Modest||F|||50|]Primarina||FairyFeather|LiquidVoice|DazzlingGleam,EnergyBall,HyperVoice,Protect|Modest||F|||50|]Vivillon-High Plains||FocusSash|FriendGuard|Tailwind,AirSlash,PollenPuff,Protect|Timid||M|||50|]Sneasler||WhiteHerb|Unburden|FakeOut,CloseCombat,DireClaw,Protect|Adamant||F|||50|]Clefable||Leftovers|Unaware|HelpingHand,DrainingKiss,Protect,LifeDew|Modest||M|||50|
|showteam|p2|Tyranitar||ChoiceScarf|SandStream|RockSlide,KnockOff,BrickBreak,ThunderPunch|Adamant||M|||50|]Houndstone||ColburBerry|SandRush|LastRespects,WillOWisp,AllySwitch,Howl|Adamant||M|||50|]Garchomp||BrightPowder|SandVeil|DragonClaw,StompingTantrum,RockSlide,Protect|Jolly||M|||50|]Sneasler||FocusSash|Unburden|CloseCombat,DireClaw,FakeOut,Coaching|Adamant||F|||50|]Primarina||LifeOrb|LiquidVoice|HyperVoice,Moonblast,CalmMind,Protect|Modest||M|||50|]Corviknight||Leftovers|MirrorArmor|BraveBird,IronHead,BulkUp,Roost|Impish||M|||50|
|inactive|Battle timer is ON: inactive players will automatically lose when time's up. (requested by BlackStag52)
|
|t:|1784084075
|teamsize|p1|4
|teamsize|p2|4
|start
|switch|p1a: Garchomp|Garchomp, L50, M|100/100
|switch|p1b: Sneasler|Sneasler, L50, F|100/100
|switch|p2a: Tyranitar|Tyranitar, L50, M, shiny|100/100
|switch|p2b: Corviknight|Corviknight, L50, M, shiny|100/100
|-weather|Sandstorm|[from] ability: Sand Stream|[of] p2a: Tyranitar
|turn|1
|inactive|BlackStag52 has 30 seconds left.
|inactive|BlackStag52 has 20 seconds left.
|
|t:|1784084115
|switch|p2a: Garchomp|Garchomp, L50, M|100/100
|move|p1b: Sneasler|Fake Out|p2a: Garchomp
|-damage|p2a: Garchomp|84/100
|move|p1a: Garchomp|Rock Slide|p2a: Garchomp|[spread] p2a,p2b
|-resisted|p2a: Garchomp|1
|-damage|p2a: Garchomp|74/100
|-damage|p2b: Corviknight|86/100
|-damage|p1a: Garchomp|90/100|[from] item: Life Orb
|cant|p2b: Corviknight|flinch
|
|-weather|Sandstorm|[upkeep]
|-damage|p1b: Sneasler|94/100|[from] Sandstorm
|-heal|p2b: Corviknight|92/100|[from] item: Leftovers
|upkeep
|turn|2
|inactive|puli95 has 30 seconds left.
|inactive|puli95 has 20 seconds left.
|inactive|puli95 has 15 seconds left.
|
|t:|1784084156
|move|p2a: Garchomp|Protect|p2a: Garchomp
|-singleturn|p2a: Garchomp|Protect
|move|p1a: Garchomp|Protect|p1a: Garchomp
|-singleturn|p1a: Garchomp|Protect
|move|p1b: Sneasler|Close Combat|p2a: Garchomp
|-activate|p2a: Garchomp|move: Protect
|move|p2b: Corviknight|Brave Bird|p1b: Sneasler
|-supereffective|p1b: Sneasler|1
|-damage|p1b: Sneasler|0 fnt
|faint|p1b: Sneasler
|-damage|p2b: Corviknight|67/100|[from] Recoil
|
|-weather|Sandstorm|[upkeep]
|-heal|p2b: Corviknight|73/100|[from] item: Leftovers
|upkeep
|
|t:|1784084169
|switch|p1b: Vivillon|Vivillon-High Plains, L50, M|100/100
|turn|3
|
|t:|1784084179
|switch|p1a: Eelektross|Eelektross, L50, F|100/100
|move|p2a: Garchomp|Dragon Claw|p1a: Eelektross
|-damage|p1a: Eelektross|67/100
|move|p1b: Vivillon|Tailwind|p1b: Vivillon
|-sidestart|p1: BlackStag52|move: Tailwind
|move|p2b: Corviknight|Brave Bird|p1b: Vivillon
|-supereffective|p1b: Vivillon|1
|-enditem|p1b: Vivillon|Focus Sash
|-damage|p1b: Vivillon|1/100
|-damage|p2b: Corviknight|46/100|[from] Recoil
|
|-weather|Sandstorm|[upkeep]
|-damage|p1b: Vivillon|0 fnt|[from] Sandstorm
|-damage|p1a: Eelektross|60/100|[from] Sandstorm
|faint|p1b: Vivillon
|-heal|p2b: Corviknight|53/100|[from] item: Leftovers
|upkeep
|
|t:|1784084195
|switch|p1b: Garchomp|Garchomp, L50, M|90/100
|turn|4
|
|t:|1784084209
|detailschange|p1a: Eelektross|Eelektross-Mega, L50, F
|-mega|p1a: Eelektross|Eelektross|Eelektrossite
|move|p1b: Garchomp|Dragon Claw|p2a: Garchomp|[miss]
|-miss|p1b: Garchomp|p2a: Garchomp
|move|p1a: Eelektross|Thunderbolt|p2b: Corviknight
|-supereffective|p2b: Corviknight|1
|-damage|p2b: Corviknight|0 fnt
|faint|p2b: Corviknight
|-ability|p1a: Eelektross|Eelevate|boost
|-boost|p1a: Eelektross|spa|1
|move|p2a: Garchomp|Dragon Claw|p1b: Garchomp
|-supereffective|p1b: Garchomp|1
|-damage|p1b: Garchomp|31/100
|-damage|p2a: Garchomp|61/100|[from] ability: Rough Skin|[of] p1b: Garchomp
|
|-weather|Sandstorm|[upkeep]
|-damage|p1a: Eelektross|54/100|[from] Sandstorm
|upkeep
|
|t:|1784084224
|switch|p2b: Sneasler|Sneasler, L50, F, shiny|100/100
|turn|5
|
|t:|1784084234
|move|p1b: Garchomp|Protect|p1b: Garchomp
|-singleturn|p1b: Garchomp|Protect
|move|p2b: Sneasler|Fake Out|p1a: Eelektross
|-damage|p1a: Eelektross|38/100
|cant|p1a: Eelektross|flinch
|move|p2a: Garchomp|Dragon Claw|p1b: Garchomp
|-activate|p1b: Garchomp|move: Protect
|
|-weather|none
|upkeep
|turn|6
|
|t:|1784084251
|switch|p2b: Tyranitar|Tyranitar, L50, M, shiny|100/100
|-weather|Sandstorm|[from] ability: Sand Stream|[of] p2b: Tyranitar
|move|p1b: Garchomp|Dragon Claw|p2b: Tyranitar
|-damage|p2b: Tyranitar|59/100
|-damage|p1b: Garchomp|22/100|[from] item: Life Orb
|move|p1a: Eelektross|Thunderbolt|p2b: Tyranitar
|-damage|p2b: Tyranitar|15/100
|move|p2a: Garchomp|Dragon Claw|p1b: Garchomp
|-supereffective|p1b: Garchomp|1
|-damage|p1b: Garchomp|0 fnt
|-damage|p2a: Garchomp|49/100|[from] ability: Rough Skin|[of] p1b: Garchomp
|faint|p1b: Garchomp
|
|-weather|Sandstorm|[upkeep]
|-damage|p1a: Eelektross|31/100|[from] Sandstorm
|-sideend|p1: BlackStag52|move: Tailwind
|upkeep
|turn|7
|inactive|puli95 has 30 seconds left.
|inactive|puli95 has 20 seconds left.
|inactive|puli95 has 15 seconds left.
|
|t:|1784084296
|move|p2b: Tyranitar|Knock Off|p1a: Eelektross
|-damage|p1a: Eelektross|0 fnt
|faint|p1a: Eelektross
|
|win|puli95
|raw|BlackStag52's rating: 1103 → 1074(-29 for losing)
|raw|puli95's rating: 1043 → 1082(+39 for winning)
