|j|☆Mashuno
|j|☆kerzz49
|html|Mashunokerzz49    
|uhtml|bestof|Game 2 of a best-of-3
|t:|1784822833
|gametype|doubles
|player|p1|Mashuno|harlequin|1178
|player|p2|kerzz49|cilan|1139
|gen|9
|tier|[Gen 9 Champions] VGC 2026 Reg M-B (Bo3)
|rated|
|rule|Species Clause: Limit one of each Pokémon
|rule|Item Clause: Limit 1 of each item
|clearpoke
|poke|p1|Blastoise, L50, F|
|poke|p1|Incineroar, L50, F|
|poke|p1|Sinistcha, L50|
|poke|p1|Ninetales-Alola, L50, F|
|poke|p1|Garchomp, L50, F|
|poke|p1|Corviknight, L50, M|
|poke|p2|Abomasnow, L50, F, shiny|
|poke|p2|Farigiraf, L50, M, shiny|
|poke|p2|Incineroar, L50, F, shiny|
|poke|p2|Mudsdale, L50, F, shiny|
|poke|p2|Annihilape, L50, F, shiny|
|poke|p2|Gallade, L50, M, shiny|
|teampreview|4
|showteam|p1|Blastoise||Blastoisinite|Torrent|Protect,ShellSmash,WaterSpout,DarkPulse|Modest||F|||50|]Incineroar||PasshoBerry|Intimidate|FakeOut,FlareBlitz,ThroatChop,PartingShot|Impish||F|||50|]Sinistcha||SitrusBerry|Hospitality|Protect,MatchaGotcha,RagePowder,TrickRoom|Bold|||||50|]Ninetales-Alola||FocusSash|SnowWarning|Protect,Blizzard,FreezeDry,Moonblast|Timid||F|||50|]Garchomp||LifeOrb|RoughSkin|Protect,DragonClaw,Earthquake,RockSlide|Jolly||F|||50|]Corviknight||Leftovers|MirrorArmor|BraveBird,Tailwind,IronHead,BodyPress|Impish||M|||50|
|showteam|p2|Abomasnow||Abomasite|SnowWarning|Blizzard,GrassKnot,EarthPower,IceShard|Quiet||F|||50|]Farigiraf||SitrusBerry|ArmorTail|Psychic,Thunderbolt,TrickRoom,Protect|Quiet||M|||50|]Incineroar||WhiteHerb|Intimidate|FakeOut,DarkestLariat,CloseCombat,FlareBlitz|Adamant||F|||50|]Mudsdale||LifeOrb|InnerFocus|RockSlide,HighHorsepower,HeavySlam,Protect|Brave||F|||50|]Annihilape||FocusSash|Defiant|CloseCombat,Taunt,RockTomb,RageFist|Adamant||F|||50|]Gallade||ExpertBelt|Sharpness|SacredSword,PsychoCut,TrickRoom,LeafBlade|Adamant||M|||50|
|
|t:|1784822896
|teamsize|p1|4
|teamsize|p2|4
|start
|switch|p1a: Blastoise|Blastoise, L50, F|100/100
|switch|p1b: Sinistcha|Sinistcha, L50|100/100
|switch|p2a: Farigiraf|Farigiraf, L50, M, shiny|100/100
|switch|p2b: Gallade|Gallade, L50, M, shiny|100/100
|turn|1
|
|t:|1784822952
|switch|p1b: Incineroar|Incineroar, L50, F|100/100
|-ability|p1b: Incineroar|Intimidate|boost
|-unboost|p2a: Farigiraf|atk|1
|-unboost|p2b: Gallade|atk|1
|detailschange|p1a: Blastoise|Blastoise-Mega, L50, F
|-mega|p1a: Blastoise|Blastoise|Blastoisinite
|move|p1a: Blastoise|Water Spout|p2a: Farigiraf|[spread] p2a,p2b
|-damage|p2a: Farigiraf|46/100
|-damage|p2b: Gallade|37/100
|-enditem|p2a: Farigiraf|Sitrus Berry|[eat]
|-heal|p2a: Farigiraf|71/100|[from] item: Sitrus Berry
|move|p2b: Gallade|Leaf Blade|p1a: Blastoise
|-supereffective|p1a: Blastoise|1
|-damage|p1a: Blastoise|38/100
|move|p2a: Farigiraf|Trick Room|p2a: Farigiraf
|-fieldstart|move: Trick Room|[of] p2a: Farigiraf
|
|upkeep
|turn|2
|
|t:|1784822979
|switch|p2a: Incineroar|Incineroar, L50, F, shiny|100/100
|-ability|p2a: Incineroar|Intimidate|boost
|-unboost|p1a: Blastoise|atk|1
|-unboost|p1b: Incineroar|atk|1
|switch|p1b: Sinistcha|Sinistcha, L50|100/100
|-heal|p1a: Blastoise|63/100|[from] ability: Hospitality|[of] p1b: Sinistcha
|move|p1a: Blastoise|Protect|p1a: Blastoise
|-singleturn|p1a: Blastoise|Protect
|move|p2b: Gallade|Leaf Blade|p1a: Blastoise
|-activate|p1a: Blastoise|move: Protect
|
|upkeep
|turn|3
|
|t:|1784823054
|switch|p1b: Incineroar|Incineroar, L50, F|100/100
|-ability|p1b: Incineroar|Intimidate|boost
|-unboost|p2a: Incineroar|atk|1
|-unboost|p2b: Gallade|atk|1
|-enditem|p2a: Incineroar|White Herb
|-clearnegativeboost|p2a: Incineroar|[silent]
|switch|p1a: Corviknight|Corviknight, L50, M|100/100
|move|p2a: Incineroar|Flare Blitz|p1b: Incineroar
|-resisted|p1b: Incineroar|1
|-damage|p1b: Incineroar|76/100
|-damage|p2a: Incineroar|92/100|[from] Recoil
|move|p2b: Gallade|Leaf Blade|p1a: Corviknight
|-resisted|p1a: Corviknight|2
|-damage|p1a: Corviknight|95/100
|
|-heal|p1a: Corviknight|100/100|[from] item: Leftovers
|upkeep
|turn|4
|
|t:|1784823101
|move|p1b: Incineroar|Parting Shot|p2a: Incineroar
|-unboost|p2a: Incineroar|atk|1
|-unboost|p2a: Incineroar|spa|1
|
|t:|1784823109
|switch|p1b: Sinistcha|Sinistcha, L50|100/100|[from] Parting Shot
|move|p2a: Incineroar|Flare Blitz|p1a: Corviknight
|-supereffective|p1a: Corviknight|1
|-damage|p1a: Corviknight|25/100
|-status|p1a: Corviknight|brn
|-damage|p2a: Incineroar|68/100|[from] Recoil
|move|p1a: Corviknight|Brave Bird|p2b: Gallade
|-supereffective|p2b: Gallade|1
|-damage|p2b: Gallade|0 fnt
|faint|p2b: Gallade
|-damage|p1a: Corviknight|14/100 brn|[from] Recoil
|
|-heal|p1a: Corviknight|20/100y brn|[from] item: Leftovers
|-damage|p1a: Corviknight|14/100 brn|[from] brn
|upkeep
|
|t:|1784823139
|switch|p2b: Farigiraf|Farigiraf, L50, M, shiny|71/100
|turn|5
|
|t:|1784823182
|switch|p2a: Abomasnow|Abomasnow, L50, F, shiny|100/100
|-weather|Snowscape|[from] ability: Snow Warning|[of] p2a: Abomasnow
|switch|p1b: Incineroar|Incineroar, L50, F|76/100
|-ability|p1b: Incineroar|Intimidate|boost
|-unboost|p2a: Abomasnow|atk|1
|-unboost|p2b: Farigiraf|atk|1
|move|p2b: Farigiraf|Psychic|p1b: Incineroar
|-immune|p1b: Incineroar
|move|p1a: Corviknight|Brave Bird|p2b: Farigiraf
|-damage|p2b: Farigiraf|50/100g
|-damage|p1a: Corviknight|5/100 brn|[from] Recoil
|
|-weather|Snowscape|[upkeep]
|-heal|p1a: Corviknight|11/100 brn|[from] item: Leftovers
|-damage|p1a: Corviknight|5/100 brn|[from] brn
|-fieldend|move: Trick Room
|upkeep
|turn|6
|
|t:|1784823229
|switch|p2a: Incineroar|Incineroar, L50, F, shiny|68/100
|-ability|p2a: Incineroar|Intimidate|boost
|-ability|p1a: Corviknight|Mirror Armor
|-unboost|p2a: Incineroar|atk|1
|-unboost|p1b: Incineroar|atk|1
|move|p2b: Farigiraf|Protect|p2b: Farigiraf
|-singleturn|p2b: Farigiraf|Protect
|move|p1a: Corviknight|Body Press|p2a: Incineroar
|-supereffective|p2a: Incineroar|1
|-damage|p2a: Incineroar|47/100
|move|p1b: Incineroar|Throat Chop|p2b: Farigiraf
|-activate|p2b: Farigiraf|move: Protect
|
|-weather|Snowscape|[upkeep]
|-heal|p1a: Corviknight|11/100 brn|[from] item: Leftovers
|-damage|p1a: Corviknight|5/100 brn|[from] brn
|upkeep
|turn|7
|
|t:|1784823279
|switch|p1a: Blastoise|Blastoise-Mega, L50, F|63/100
|switch|p1b: Sinistcha|Sinistcha, L50|100/100
|-heal|p1a: Blastoise|88/100|[from] ability: Hospitality|[of] p1b: Sinistcha
|move|p2a: Incineroar|Fake Out|p1b: Sinistcha
|-immune|p1b: Sinistcha
|move|p2b: Farigiraf|Trick Room|p2b: Farigiraf
|-fieldstart|move: Trick Room|[of] p2b: Farigiraf
|
|-weather|Snowscape|[upkeep]
|upkeep
|turn|8
|
|t:|1784823292
|move|p1b: Sinistcha|Rage Powder|p1b: Sinistcha
|-singleturn|p1b: Sinistcha|move: Rage Powder
|move|p2b: Farigiraf|Thunderbolt|p1b: Sinistcha
|-resisted|p1b: Sinistcha|1
|-damage|p1b: Sinistcha|87/100
|move|p2a: Incineroar|Flare Blitz|p1b: Sinistcha
|-supereffective|p1b: Sinistcha|1
|-damage|p1b: Sinistcha|18/100
|-enditem|p1b: Sinistcha|Sitrus Berry|[eat]
|-heal|p1b: Sinistcha|43/100|[from] item: Sitrus Berry
|-damage|p2a: Incineroar|27/100|[from] Recoil
|move|p1a: Blastoise|Water Spout|p2a: Incineroar|[spread] p2a,p2b
|-supereffective|p2a: Incineroar|1
|-damage|p2a: Incineroar|0 fnt
|-damage|p2b: Farigiraf|0 fnt
|faint|p2a: Incineroar
|faint|p2b: Farigiraf
|
|-weather|Snowscape|[upkeep]
|upkeep
|
|t:|1784823308
|switch|p2a: Abomasnow|Abomasnow, L50, F, shiny|100/100
|turn|9
|
|t:|1784823336
|detailschange|p2a: Abomasnow|Abomasnow-Mega, L50, F, shiny
|-mega|p2a: Abomasnow|Abomasnow|Abomasite
|move|p2a: Abomasnow|Blizzard|p1a: Blastoise|[spread] p1a,p1b
|-resisted|p1a: Blastoise|1
|-supereffective|p1b: Sinistcha|1
|-damage|p1a: Blastoise|67/100
|-damage|p1b: Sinistcha|0 fnt
|faint|p1b: Sinistcha
|move|p1a: Blastoise|Dark Pulse|p2a: Abomasnow
|-damage|p2a: Abomasnow|59/100
|
|-weather|none
|upkeep
|
|t:|1784823346
|switch|p1b: Incineroar|Incineroar, L50, F|76/100
|-ability|p1b: Incineroar|Intimidate|boost
|-unboost|p2a: Abomasnow|atk|1
|turn|10
|
|t:|1784823355
|move|p1b: Incineroar|Fake Out|p2a: Abomasnow
|-damage|p2a: Abomasnow|50/100g
|cant|p2a: Abomasnow|flinch
|move|p1a: Blastoise|Dark Pulse|p2a: Abomasnow
|-damage|p2a: Abomasnow|8/100
|
|upkeep
|turn|11
|
|t:|1784823396
|move|p1a: Blastoise|Protect|p1a: Blastoise
|-singleturn|p1a: Blastoise|Protect
|move|p2a: Abomasnow|Earth Power|p1b: Incineroar
|-supereffective|p1b: Incineroar|1
|-crit|p1b: Incineroar
|-damage|p1b: Incineroar|0 fnt
|faint|p1b: Incineroar
|
|-fieldend|move: Trick Room
|upkeep
|
|t:|1784823404
|switch|p1b: Corviknight|Corviknight, L50, M|5/100 brn
|turn|12
|
|t:|1784823411
|move|p2a: Abomasnow|Ice Shard|p1b: Corviknight
|-damage|p1b: Corviknight|0 fnt
|faint|p1b: Corviknight
|move|p1a: Blastoise|Dark Pulse|p2a: Abomasnow
|-damage|p2a: Abomasnow|0 fnt
|faint|p2a: Abomasnow
|
|win|Mashuno
|raw|Mashuno's rating: 1178 → 1200(+22 for winning)
|raw|kerzz49's rating: 1139 → 1117(-22 for losing)
|c|☆Mashuno|ggs
|c|☆kerzz49|ggs
|c|☆Mashuno|your team is really cool btw :)
|c|☆kerzz49|ty i try abomasnoxw
|c|☆kerzz49|it's difficult haha
|c|☆Mashuno|your incineroar is really strong, it scared me a lot
|c|☆kerzz49|Meta is boring so I just want to have fun
|c|☆Mashuno|i know, i agree haha
|c|☆kerzz49|yes, I think LO inci much better with PS
|c|☆Mashuno|anyway cya :)
|c|☆kerzz49|bye :)
|l|☆kerzz49
|player|p2|
