|j|☆palle synchro
|j|☆parmesanlugubre206
|html|palle synchroparmesanlugubre206    
|uhtml|bestof|Game 3 of a best-of-3
|t:|1783460374
|gametype|doubles
|player|p1|palle synchro|volkner|1416
|player|p2|parmesanlugubre206|ethan|1329
|gen|9
|tier|[Gen 9 Champions] VGC 2026 Reg M-B (Bo3)
|rated|
|rule|Species Clause: Limit one of each Pokémon
|rule|Item Clause: Limit 1 of each item
|clearpoke
|poke|p1|Swampert, L50, F|
|poke|p1|Pelipper, L50, M|
|poke|p1|Archaludon, L50, M, shiny|
|poke|p1|Maushold-Four, L50|
|poke|p1|Venusaur, L50, M|
|poke|p1|Charizard, L50, F, shiny|
|poke|p2|Charizard, L50, F|
|poke|p2|Venusaur, L50, M|
|poke|p2|Incineroar, L50, F|
|poke|p2|Farigiraf, L50, F|
|poke|p2|Torkoal, L50, M|
|poke|p2|Garchomp, L50, M|
|teampreview|4
|showteam|p1|Swampert||Swampertite|Torrent|WaveCrash,HighHorsepower,IcePunch,Protect|Adamant||F|||50|]Pelipper||SitrusBerry|Drizzle|WeatherBall,Hurricane,WideGuard,Tailwind|Modest||M|||50|]Archaludon||Leftovers|Stamina|DragonPulse,FlashCannon,ElectroShot,Protect|Modest||M|||50|]Maushold-Four||FocusSash|FriendGuard|SuperFang,FollowMe,RainDance,Protect|Timid|||||50|]Venusaur||LifeOrb|Chlorophyll|EnergyBall,SludgeBomb,EarthPower,Protect|Modest||M|||50|]Charizard||CharizarditeY|Blaze|WeatherBall,HeatWave,Hurricane,Protect|Modest||F|||50|
|showteam|p2|Charizard||CharizarditeY|Blaze|WeatherBall,HeatWave,SolarBeam,Protect|Modest||F|||50|]Venusaur||FocusSash|Chlorophyll|SolarBeam,SleepPowder,EarthPower,Protect|Modest||M|||50|]Incineroar||SitrusBerry|Intimidate|FlareBlitz,ThroatChop,PartingShot,FakeOut|Brave||F|||50|]Farigiraf||LifeOrb|ArmorTail|HyperVoice,Psychic,TrickRoom,Protect|Quiet||F|||50|]Torkoal||Charcoal|Drought|Eruption,SolarBeam,WeatherBall,Protect|Quiet||M|||50|]Garchomp||ChoiceScarf|RoughSkin|Earthquake,RockTomb,StompingTantrum,DragonClaw|Adamant||M|||50|
|inactive|Battle timer is ON: inactive players will automatically lose when time's up. (requested by parmesanlugubre206)
|
|t:|1783460402
|teamsize|p1|4
|teamsize|p2|4
|start
|switch|p1a: Archaludon|Archaludon, L50, M, shiny|100/100
|switch|p1b: Maushold|Maushold-Four, L50|100/100
|switch|p2a: Incineroar|Incineroar, L50, F|100/100
|switch|p2b: Farigiraf|Farigiraf, L50, F|100/100
|-ability|p2a: Incineroar|Intimidate|boost
|-unboost|p1a: Archaludon|atk|1
|-unboost|p1b: Maushold|atk|1
|turn|1
|
|t:|1783460412
|switch|p1b: Pelipper|Pelipper, L50, M|100/100
|-weather|RainDance|[from] ability: Drizzle|[of] p1b: Pelipper
|switch|p2a: Torkoal|Torkoal, L50, M|100/100
|-weather|SunnyDay|[from] ability: Drought|[of] p2a: Torkoal
|move|p1a: Archaludon|Electro Shot||[still]
|-prepare|p1a: Archaludon|Electro Shot
|-boost|p1a: Archaludon|spa|1
|move|p2b: Farigiraf|Trick Room|p2b: Farigiraf
|-fieldstart|move: Trick Room|[of] p2b: Farigiraf
|
|-weather|SunnyDay|[upkeep]
|upkeep
|turn|2
|
|t:|1783460432
|switch|p1b: Maushold|Maushold-Four, L50|100/100
|move|p2a: Torkoal|Weather Ball|p1a: Archaludon
|-damage|p1a: Archaludon|40/100
|-ability|p1a: Archaludon|Stamina|boost
|-boost|p1a: Archaludon|def|1
|move|p2b: Farigiraf|Psychic|p1a: Archaludon
|-resisted|p1a: Archaludon|1
|-damage|p1a: Archaludon|19/100
|-unboost|p1a: Archaludon|spd|1
|-ability|p1a: Archaludon|Stamina|boost
|-boost|p1a: Archaludon|def|1
|-damage|p2b: Farigiraf|90/100|[from] item: Life Orb
|move|p1a: Archaludon|Electro Shot|p2a: Torkoal|[from] lockedmove
|-damage|p2a: Torkoal|22/100
|
|-weather|SunnyDay|[upkeep]
|-heal|p1a: Archaludon|25/100|[from] item: Leftovers
|upkeep
|turn|3
|
|t:|1783460452
|switch|p2a: Incineroar|Incineroar, L50, F|100/100
|-ability|p2a: Incineroar|Intimidate|boost
|-unboost|p1a: Archaludon|atk|1
|-unboost|p1b: Maushold|atk|1
|switch|p1a: Pelipper|Pelipper, L50, M|100/100
|-weather|RainDance|[from] ability: Drizzle|[of] p1a: Pelipper
|move|p2b: Farigiraf|Hyper Voice|p1a: Pelipper|[spread] p1a,p1b
|-crit|p1a: Pelipper
|-damage|p1a: Pelipper|40/100
|-damage|p1b: Maushold|49/100
|-enditem|p1a: Pelipper|Sitrus Berry|[eat]
|-heal|p1a: Pelipper|65/100|[from] item: Sitrus Berry
|-damage|p2b: Farigiraf|80/100|[from] item: Life Orb
|move|p1b: Maushold|Super Fang|p2b: Farigiraf
|-damage|p2b: Farigiraf|40/100
|
|-weather|RainDance|[upkeep]
|upkeep
|turn|4
|inactive|palle synchro has 30 seconds left.
|
|t:|1783460478
|switch|p1a: Archaludon|Archaludon, L50, M, shiny|25/100
|move|p1b: Maushold|Protect|p1b: Maushold
|-singleturn|p1b: Maushold|Protect
|move|p2b: Farigiraf|Psychic|p1a: Archaludon
|-resisted|p1a: Archaludon|1
|-damage|p1a: Archaludon|3/100
|-ability|p1a: Archaludon|Stamina|boost
|-boost|p1a: Archaludon|def|1
|-damage|p2b: Farigiraf|30/100|[from] item: Life Orb
|move|p2a: Incineroar|Throat Chop|p1a: Archaludon
|-damage|p1a: Archaludon|0 fnt
|faint|p1a: Archaludon
|
|-weather|RainDance|[upkeep]
|upkeep
|
|t:|1783460492
|switch|p1a: Swampert|Swampert, L50, F|100/100
|turn|5
|
|t:|1783460499
|detailschange|p1a: Swampert|Swampert-Mega, L50, F
|-mega|p1a: Swampert|Swampert|Swampertite
|move|p1b: Maushold|Protect||[still]
|-fail|p1b: Maushold
|move|p2b: Farigiraf|Hyper Voice|p1b: Maushold|[spread] p1a,p1b
|-damage|p1a: Swampert|72/100
|-damage|p1b: Maushold|0 fnt
|faint|p1b: Maushold
|-damage|p2b: Farigiraf|21/100|[from] item: Life Orb
|move|p2a: Incineroar|Parting Shot|p1a: Swampert
|-unboost|p1a: Swampert|atk|1
|-unboost|p1a: Swampert|spa|1
|
|t:|1783460505
|switch|p2a: Torkoal|Torkoal, L50, M|22/100|[from] Parting Shot
|-weather|SunnyDay|[from] ability: Drought|[of] p2a: Torkoal
|move|p1a: Swampert|High Horsepower|p2a: Torkoal
|-supereffective|p2a: Torkoal|1
|-damage|p2a: Torkoal|0 fnt
|faint|p2a: Torkoal
|
|-weather|SunnyDay|[upkeep]
|-fieldend|move: Trick Room
|upkeep
|
|t:|1783460509
|switch|p1b: Pelipper|Pelipper, L50, M|65/100
|switch|p2a: Charizard|Charizard, L50, F|100/100
|-weather|RainDance|[from] ability: Drizzle|[of] p1b: Pelipper
|turn|6
|-message|palle synchro forfeited.
|
|win|parmesanlugubre206
|raw|palle synchro's rating: 1416 → 1391(-25 for losing)
|raw|parmesanlugubre206's rating: 1329 → 1354(+25 for winning)
