|j|☆TheLeoj
|j|☆kerlinn
|html|TheLeojkerlinn    
|uhtml|bestof|Game 3 of a best-of-3
|t:|1783830943
|gametype|doubles
|player|p1|TheLeoj|266|
|player|p2|kerlinn|colress|
|gen|9
|tier|[Gen 9 Champions] VGC 2026 Reg M-B (Bo3)
|rule|Species Clause: Limit one of each Pokémon
|rule|Item Clause: Limit 1 of each item
|clearpoke
|poke|p1|Politoed, L50, F, shiny|
|poke|p1|Incineroar, L50, M, shiny|
|poke|p1|Gengar, L50, M, shiny|
|poke|p1|Archaludon, L50, M, shiny|
|poke|p1|Swampert, L50, M, shiny|
|poke|p1|Vivillon-Elegant, L50, F, shiny|
|poke|p2|Umbreon, L50, M|
|poke|p2|Meganium, L50, M|
|poke|p2|Palafin, L50, F|
|poke|p2|Politoed, L50, F|
|poke|p2|Aegislash, L50, M|
|poke|p2|Meowstic, L50, M|
|teampreview|4
|showteam|p1|Politoed||SitrusBerry|Drizzle|WeatherBall,Encore,PerishSong,Protect|Calm||F|||50|]Incineroar||PasshoBerry|Intimidate|ThroatChop,FakeOut,PartingShot,Protect|Sassy||M|||50|]Gengar||Gengarite|CursedBody|ShadowBall,SludgeBomb,PerishSong,Protect|Timid||M|||50|]Archaludon||Leftovers|Stamina|ElectroShot,FlashCannon,DragonPulse,Protect|Bold||M|||50|]Swampert||Swampertite|Torrent|WaveCrash,Earthquake,IcePunch,Protect|Adamant||M|||50|]Vivillon-Elegant||FocusSash|CompoundEyes|Hurricane,SleepPowder,RagePowder,Protect|Timid||F|||50|
|showteam|p2|Umbreon||Leftovers|InnerFocus|Taunt,Snarl,FoulPlay,Moonlight|Bold||M|||50|]Meganium||Meganiumite|Overgrow|Protect,WeatherBall,SolarBeam,DazzlingGleam|Modest||M|||50|]Palafin||ChoiceScarf|ZerotoHero|IcePunch,FlipTurn,JetPunch,WaveCrash|Adamant||F|||50|]Politoed||SitrusBerry|Drizzle|Protect,IcyWind,WeatherBall,EarthPower|Bold||F|||50|]Aegislash||SpellTag|StanceChange|KingsShield,ShadowSneak,Poltergeist,SacredSword|Brave||M|||50|]Meowstic||LightClay|Prankster|Reflect,LightScreen,ThunderWave,PsychicNoise|Bold||M|||50|
|inactive|Battle timer is ON: inactive players will automatically lose when time's up. (requested by TheLeoj)
|inactive|TheLeoj has 60 seconds left.
|inactive|kerlinn has 60 seconds left.
|l|☆TheLeoj
|inactive|TheLeoj disconnected and has 300 seconds to reconnect!
|player|p1|
|inactive|kerlinn has 30 seconds left.
|inactive|TheLeoj has 270 seconds to reconnect!
|inactive|kerlinn has 20 seconds left.
|inactive|kerlinn has 15 seconds left.
|j|☆TheLeoj
|inactive|TheLeoj reconnected and has 55 seconds left.
|player|p1|TheLeoj|266|
|inactiveoff|Battle timer is now OFF.
|
|t:|1783831074
|teamsize|p1|4
|teamsize|p2|4
|start
|switch|p1a: Gengar|Gengar, L50, M, shiny|100/100
|switch|p1b: Incineroar|Incineroar, L50, M, shiny|100/100
|switch|p2a: Meowstic|Meowstic, L50, M|100/100
|switch|p2b: Meganium|Meganium, L50, M|100/100
|-ability|p1b: Incineroar|Intimidate|boost
|-unboost|p2a: Meowstic|atk|1
|-unboost|p2b: Meganium|atk|1
|turn|1
|
|t:|1783831097
|switch|p2b: Palafin|Palafin, L50, F|100/100
|detailschange|p1a: Gengar|Gengar-Mega, L50, M, shiny
|-mega|p1a: Gengar|Gengar|Gengarite
|move|p1b: Incineroar|Fake Out|p2a: Meowstic
|-damage|p2a: Meowstic|89/100
|cant|p2a: Meowstic|flinch
|move|p1a: Gengar|Perish Song|p1a: Gengar
|-start|p1a: Gengar|perish3|[silent]
|-start|p1b: Incineroar|perish3|[silent]
|-start|p2a: Meowstic|perish3|[silent]
|-start|p2b: Palafin|perish3|[silent]
|-fieldactivate|move: Perish Song
|
|-start|p2b: Palafin|perish3
|-start|p1a: Gengar|perish3
|-start|p2a: Meowstic|perish3
|-start|p1b: Incineroar|perish3
|upkeep
|turn|2
|
|t:|1783831131
|move|p1a: Gengar|Protect|p1a: Gengar
|-singleturn|p1a: Gengar|Protect
|move|p1b: Incineroar|Protect|p1b: Incineroar
|-singleturn|p1b: Incineroar|Protect
|move|p2a: Meowstic|Thunder Wave|p1a: Gengar
|-activate|p1a: Gengar|move: Protect
|move|p2b: Palafin|Wave Crash|p1b: Incineroar
|-activate|p1b: Incineroar|move: Protect
|
|-start|p2b: Palafin|perish2
|-start|p1a: Gengar|perish2
|-start|p2a: Meowstic|perish2
|-start|p1b: Incineroar|perish2
|upkeep
|turn|3
|
|t:|1783831147
|switch|p1b: Archaludon|Archaludon, L50, M, shiny|100/100
|move|p2a: Meowstic|Thunder Wave|p1a: Gengar
|-status|p1a: Gengar|par
|move|p2b: Palafin|Wave Crash|p1b: Archaludon
|-resisted|p1b: Archaludon|1
|-damage|p1b: Archaludon|86/100
|-ability|p1b: Archaludon|Stamina|boost
|-boost|p1b: Archaludon|def|1
|-damage|p2b: Palafin|94/100|[from] Recoil
|move|p1a: Gengar|Sludge Bomb|p2b: Palafin
|-damage|p2b: Palafin|16/100
|
|-heal|p1b: Archaludon|92/100|[from] item: Leftovers
|-start|p2b: Palafin|perish1
|-start|p2a: Meowstic|perish1
|-start|p1a: Gengar|perish1
|upkeep
|turn|4
|
|t:|1783831167
|switch|p1a: Vivillon|Vivillon-Elegant, L50, F, shiny|100/100
|move|p1b: Archaludon|Protect|p1b: Archaludon
|-singleturn|p1b: Archaludon|Protect
|move|p2a: Meowstic|Thunder Wave|p1b: Archaludon
|-activate|p1b: Archaludon|move: Protect
|move|p2b: Palafin|Wave Crash|p1a: Vivillon
|-damage|p1a: Vivillon|17/100
|-damage|p2b: Palafin|0 fnt|[from] Recoil
|faint|p2b: Palafin
|
|-heal|p1b: Archaludon|98/100|[from] item: Leftovers
|-start|p2a: Meowstic|perish0
|faint|p2a: Meowstic
|upkeep
|
|t:|1783831181
|switch|p2b: Meganium|Meganium, L50, M|100/100
|switch|p2a: Aegislash|Aegislash, L50, M|100/100
|turn|5
|
|t:|1783831215
|move|p1a: Vivillon|Protect|p1a: Vivillon
|-singleturn|p1a: Vivillon|Protect
|move|p2b: Meganium|Protect|p2b: Meganium
|-singleturn|p2b: Meganium|Protect
|-formechange|p2a: Aegislash|Aegislash-Blade|
|move|p2a: Aegislash|Shadow Sneak|p1a: Vivillon
|-activate|p1a: Vivillon|move: Protect
|move|p1b: Archaludon|Flash Cannon|p2b: Meganium
|-activate|p2b: Meganium|move: Protect
|
|-heal|p1b: Archaludon|100/100|[from] item: Leftovers
|upkeep
|turn|6
|
|t:|1783831257
|switch|p1a: Incineroar|Incineroar, L50, M, shiny|100/100
|-ability|p1a: Incineroar|Intimidate|boost
|-unboost|p2a: Aegislash|atk|1
|-unboost|p2b: Meganium|atk|1
|detailschange|p2b: Meganium|Meganium-Mega, L50, M
|-mega|p2b: Meganium|Meganium|Meganiumite
|move|p2a: Aegislash|Shadow Sneak|p1a: Incineroar
|-resisted|p1a: Incineroar|1
|-damage|p1a: Incineroar|91/100
|move|p2b: Meganium|Dazzling Gleam|p1a: Incineroar|[spread] p1a,p1b
|-crit|p1a: Incineroar
|-damage|p1a: Incineroar|52/100
|-damage|p1b: Archaludon|65/100
|-ability|p1b: Archaludon|Stamina|boost
|-boost|p1b: Archaludon|def|1
|move|p1b: Archaludon|Flash Cannon|p2b: Meganium
|-supereffective|p2b: Meganium|1
|-damage|p2b: Meganium|34/100
|
|-heal|p1b: Archaludon|72/100|[from] item: Leftovers
|upkeep
|turn|7
|
|t:|1783831290
|move|p2b: Meganium|Protect|p2b: Meganium
|-singleturn|p2b: Meganium|Protect
|move|p1a: Incineroar|Fake Out|p2a: Aegislash
|-immune|p2a: Aegislash
|move|p1b: Archaludon|Flash Cannon|p2a: Aegislash
|-resisted|p2a: Aegislash|1
|-damage|p2a: Aegislash|68/100
|move|p2a: Aegislash|Sacred Sword|p1a: Incineroar
|-supereffective|p1a: Incineroar|1
|-damage|p1a: Incineroar|9/100
|
|-heal|p1b: Archaludon|78/100|[from] item: Leftovers
|upkeep
|turn|8
|
|t:|1783831321
|move|p1a: Incineroar|Protect|p1a: Incineroar
|-singleturn|p1a: Incineroar|Protect
|move|p2a: Aegislash|Shadow Sneak|p1a: Incineroar
|-activate|p1a: Incineroar|move: Protect
|move|p2b: Meganium|Dazzling Gleam|p1b: Archaludon|[spread] p1b
|-activate|p1a: Incineroar|move: Protect
|-damage|p1b: Archaludon|41/100
|-ability|p1b: Archaludon|Stamina|boost
|-boost|p1b: Archaludon|def|1
|move|p1b: Archaludon|Flash Cannon|p2b: Meganium
|-supereffective|p2b: Meganium|1
|-damage|p2b: Meganium|0 fnt
|faint|p2b: Meganium
|
|-heal|p1b: Archaludon|47/100|[from] item: Leftovers
|upkeep
|turn|9
|
|t:|1783831341
|switch|p1a: Vivillon|Vivillon-Elegant, L50, F, shiny|17/100
|move|p1b: Archaludon|Protect|p1b: Archaludon
|-singleturn|p1b: Archaludon|Protect
|move|p2a: Aegislash|Shadow Sneak|p1a: Vivillon
|-damage|p1a: Vivillon|0 fnt
|faint|p1a: Vivillon
|
|-heal|p1b: Archaludon|53/100|[from] item: Leftovers
|upkeep
|
|t:|1783831350
|switch|p1a: Gengar|Gengar-Mega, L50, M, shiny|100/100 par
|turn|10
|
|t:|1783831376
|move|p1b: Archaludon|Dragon Pulse|p2a: Aegislash
|-resisted|p2a: Aegislash|1
|-damage|p2a: Aegislash|34/100
|cant|p1a: Gengar|par
|move|p2a: Aegislash|Sacred Sword|p1b: Archaludon
|-supereffective|p1b: Archaludon|1
|-damage|p1b: Archaludon|21/100
|-ability|p1b: Archaludon|Stamina|boost
|-boost|p1b: Archaludon|def|1
|
|-heal|p1b: Archaludon|27/100|[from] item: Leftovers
|upkeep
|turn|11
|
|t:|1783831395
|-formechange|p2a: Aegislash|Aegislash|
|move|p2a: Aegislash|King's Shield|p2a: Aegislash
|-singleturn|p2a: Aegislash|Protect
|move|p1b: Archaludon|Dragon Pulse|p2a: Aegislash
|-activate|p2a: Aegislash|move: Protect
|move|p1a: Gengar|Shadow Ball|p2a: Aegislash
|-activate|p2a: Aegislash|move: Protect
|
|-heal|p1b: Archaludon|34/100|[from] item: Leftovers
|upkeep
|turn|12
|
|t:|1783831409
|-formechange|p2a: Aegislash|Aegislash-Blade|
|move|p2a: Aegislash|Shadow Sneak|p1a: Gengar
|-supereffective|p1a: Gengar|1
|-damage|p1a: Gengar|38/100 par
|move|p1b: Archaludon|Dragon Pulse|p2a: Aegislash
|-resisted|p2a: Aegislash|1
|-damage|p2a: Aegislash|0 fnt
|faint|p2a: Aegislash
|
|win|TheLeoj
