|j|☆Takao
|j|☆ANoiteFoiLonga
|html|TakaoANoiteFoiLonga    
|uhtml|bestof|Game 1 of a best-of-3
|t:|1785364963
|gametype|doubles
|player|p1|Takao|swimmer|
|player|p2|ANoiteFoiLonga|roxie|
|gen|9
|tier|[Gen 9 Champions] VGC 2026 Reg M-B (Bo3)
|rule|Species Clause: Limit one of each Pokémon
|rule|Item Clause: Limit 1 of each item
|clearpoke
|poke|p1|Sableye, L50, F|
|poke|p1|Arcanine, L50, F|
|poke|p1|Lucario, L50, F|
|poke|p1|Basculegion, L50, M|
|poke|p1|Dragonite, L50, M|
|poke|p1|Vivillon, L50, F|
|poke|p2|Maushold, L50|
|poke|p2|Venusaur, L50, M|
|poke|p2|Talonflame, L50, M|
|poke|p2|Mr. Rime, L50, F|
|poke|p2|Gholdengo, L50|
|poke|p2|Sableye, L50, M|
|teampreview|4
|showteam|p1|Sableye||MentalHerb|Prankster|LightScreen,SunnyDay,WillOWisp,Snarl|Bold||F|||50|]Arcanine||SitrusBerry|FlashFire|HeatWave,MorningSun,ScorchingSands,Protect|Timid||F|||50|]Lucario||Lucarionite|Steadfast|Psychic,VacuumWave,DarkPulse,Protect|Modest||F|||50|]Basculegion||LifeOrb|Adaptability|PsychicFangs,AquaJet,LastRespects,Protect|Adamant||M|||50|]Dragonite||Leftovers|Multiscale|AirSlash,Flamethrower,HydroPump,Protect|Calm||M|||50|]Vivillon||FocusSash|CompoundEyes|SleepPowder,Hurricane,Tailwind,Protect|Timid||F|||50|
|showteam|p2|Maushold||WideLens|Technician|ShadowClaw,PopulationBomb,Protect,FollowMe|Adamant|||||50|]Venusaur||Venusaurite|Overgrow|SleepPowder,Protect,LeechSeed,GigaDrain|Relaxed||M|||50|]Talonflame||LifeOrb|GaleWings|QuickGuard,DualWingbeat,Tailwind,FeatherDance|Adamant||M|||50|]Mr. Rime||NeverMeltIce|ScreenCleaner|FreezeDry,ThunderWave,Psychic,Protect|Timid||F|||50|]Gholdengo||OccaBerry|GoodasGold|MakeItRain,Hex,Protect,NastyPlot|Modest|||||50|]Sableye||Sablenite|Prankster|Protect,DarkPulse,PainSplit,SkillSwap|Relaxed||M|||50|
|
|t:|1785365009
|teamsize|p1|4
|teamsize|p2|4
|start
|switch|p1a: Sableye|Sableye, L50, F|100/100
|switch|p1b: Arcanine|Arcanine, L50, F|100/100
|switch|p2a: Venusaur|Venusaur, L50, M|100/100
|switch|p2b: Talonflame|Talonflame, L50, M|100/100
|turn|1
|
|t:|1785365048
|detailschange|p2a: Venusaur|Venusaur-Mega, L50, M
|-mega|p2a: Venusaur|Venusaur|Venusaurite
|move|p2b: Talonflame|Feather Dance|p1b: Arcanine
|-unboost|p1b: Arcanine|atk|2
|move|p1a: Sableye|Light Screen|p1a: Sableye
|-sidestart|p1: Takao|move: Light Screen
|move|p1b: Arcanine|Heat Wave|p2a: Venusaur|[spread] p2a,p2b
|-supereffective|p2a: Venusaur|1
|-resisted|p2b: Talonflame|1
|-damage|p2a: Venusaur|76/100
|-damage|p2b: Talonflame|76/100
|move|p2a: Venusaur|Sleep Powder|p1a: Sableye
|-status|p1a: Sableye|slp|[from] move: Sleep Powder
|
|upkeep
|turn|2
|
|t:|1785365079
|move|p1b: Arcanine|Protect|p1b: Arcanine
|-singleturn|p1b: Arcanine|Protect
|cant|p1a: Sableye|slp
|move|p2b: Talonflame|Tailwind|p2b: Talonflame
|-sidestart|p2: ANoiteFoiLonga|move: Tailwind
|move|p2a: Venusaur|Leech Seed|p1b: Arcanine
|-activate|p1b: Arcanine|move: Protect
|
|upkeep
|turn|3
|
|t:|1785365094
|cant|p1a: Sableye|slp
|move|p2b: Talonflame|Dual Wingbeat|p1a: Sableye
|-damage|p1a: Sableye|79/100 slp
|-damage|p1a: Sableye|57/100 slp
|-hitcount|p1a: Sableye|2
|-damage|p2b: Talonflame|67/100|[from] item: Life Orb
|move|p2a: Venusaur|Leech Seed|p1b: Arcanine
|-start|p1b: Arcanine|move: Leech Seed
|move|p1b: Arcanine|Heat Wave|p2a: Venusaur|[spread] p2a,p2b
|-supereffective|p2a: Venusaur|1
|-resisted|p2b: Talonflame|1
|-damage|p2a: Venusaur|49/100
|-damage|p2b: Talonflame|43/100
|
|-damage|p1b: Arcanine|87/100|[from] Leech Seed|[of] p2a: Venusaur
|-heal|p2a: Venusaur|60/100|[silent]
|upkeep
|turn|4
|
|t:|1785365153
|switch|p1b: Lucario|Lucario, L50, F|100/100
|move|p2b: Talonflame|Dual Wingbeat|p1a: Sableye
|-damage|p1a: Sableye|35/100 slp
|-damage|p1a: Sableye|14/100 slp
|-hitcount|p1a: Sableye|2
|-damage|p2b: Talonflame|33/100|[from] item: Life Orb
|move|p2a: Venusaur|Leech Seed|p1a: Sableye
|-start|p1a: Sableye|move: Leech Seed
|-curestatus|p1a: Sableye|slp|[msg]
|move|p1a: Sableye|Snarl|p2b: Talonflame|[spread] p2a,p2b
|-damage|p2a: Venusaur|51/100
|-damage|p2b: Talonflame|19/100
|-unboost|p2a: Venusaur|spa|1
|-unboost|p2b: Talonflame|spa|1
|
|-damage|p1a: Sableye|2/100|[from] Leech Seed|[of] p2a: Venusaur
|-heal|p2a: Venusaur|62/100|[silent]
|upkeep
|turn|5
|
|t:|1785365198
|detailschange|p1b: Lucario|Lucario-Mega, L50, F
|-mega|p1b: Lucario|Lucario|Lucarionite
|move|p2a: Venusaur|Protect|p2a: Venusaur
|-singleturn|p2a: Venusaur|Protect
|move|p1b: Lucario|Vacuum Wave|p2b: Talonflame
|-resisted|p2b: Talonflame|1
|-damage|p2b: Talonflame|0 fnt
|faint|p2b: Talonflame
|move|p1a: Sableye|Will-O-Wisp|p2a: Venusaur
|-activate|p2a: Venusaur|move: Protect
|
|-damage|p1a: Sableye|0 fnt|[from] Leech Seed|[of] p2a: Venusaur
|-heal|p2a: Venusaur|64/100|[silent]
|faint|p1a: Sableye
|-sideend|p1: Takao|move: Light Screen
|-sideend|p2: ANoiteFoiLonga|move: Tailwind
|upkeep
|
|t:|1785365225
|switch|p2b: Gholdengo|Gholdengo, L50|100/100
|switch|p1a: Arcanine|Arcanine, L50, F|87/100
|turn|6
|
|t:|1785365239
|move|p1b: Lucario|Psychic|p2a: Venusaur
|-supereffective|p2a: Venusaur|1
|-damage|p2a: Venusaur|4/100
|move|p1a: Arcanine|Heat Wave|p2b: Gholdengo|[spread] p2a,p2b
|-supereffective|p2a: Venusaur|1
|-supereffective|p2b: Gholdengo|1
|-enditem|p2b: Gholdengo|Occa Berry|[eat]
|-enditem|p2b: Gholdengo|Occa Berry|[weaken]
|-damage|p2a: Venusaur|0 fnt
|-damage|p2b: Gholdengo|67/100
|faint|p2a: Venusaur
|move|p2b: Gholdengo|Hex|p1b: Lucario
|-damage|p1b: Lucario|35/100
|
|upkeep
|
|t:|1785365249
|switch|p2a: Maushold|Maushold, L50|100/100
|turn|7
|
|t:|1785365320
|move|p2a: Maushold|Protect|p2a: Maushold
|-singleturn|p2a: Maushold|Protect
|move|p1b: Lucario|Protect|p1b: Lucario
|-singleturn|p1b: Lucario|Protect
|move|p1a: Arcanine|Heat Wave|p2b: Gholdengo|[spread] p2b
|-activate|p2a: Maushold|move: Protect
|-supereffective|p2b: Gholdengo|1
|-damage|p2b: Gholdengo|4/100
|move|p2b: Gholdengo|Hex|p1a: Arcanine
|-damage|p1a: Arcanine|38/100
|-enditem|p1a: Arcanine|Sitrus Berry|[eat]
|-heal|p1a: Arcanine|63/100|[from] item: Sitrus Berry
|
|upkeep
|turn|8
|
|t:|1785365335
|move|p2b: Gholdengo|Protect|p2b: Gholdengo
|-singleturn|p2b: Gholdengo|Protect
|move|p1b: Lucario|Vacuum Wave|p2a: Maushold
|-supereffective|p2a: Maushold|1
|-damage|p2a: Maushold|0 fnt
|faint|p2a: Maushold
|move|p1a: Arcanine|Heat Wave|p2b: Gholdengo
|-activate|p2b: Gholdengo|move: Protect
|
|upkeep
|turn|9
|
|t:|1785365349
|move|p1b: Lucario|Dark Pulse|p2b: Gholdengo
|-supereffective|p2b: Gholdengo|1
|-damage|p2b: Gholdengo|0 fnt
|faint|p2b: Gholdengo
|
|win|Takao
||Takao is ready for game 2.
||ANoiteFoiLonga is ready for game 2.
|uhtml|next|Next: Game 2 of 3
|j| Julio Potencia
