|j|☆furnoz
|j|☆kojay
|html|furnozkojay    
|uhtml|bestof|Game 3 of a best-of-3
|t:|1756850902
|gametype|doubles
|player|p1|furnoz|wallace|1208
|player|p2|kojay|kamado-armor|1197
|gen|9
|tier|[Gen 9] VGC 2025 Reg H (Bo3)
|rated|
|rule|Species Clause: Limit one of each Pokémon
|rule|Item Clause: Limit 1 of each item
|clearpoke
|poke|p1|Espeon, L50, M|
|poke|p1|Pelipper, L50, F|
|poke|p1|Indeedee-F, L50, F|
|poke|p1|Archaludon, L50, M|
|poke|p1|Sneasler, L50, F|
|poke|p1|Dragapult, L50, F|
|poke|p2|Garchomp, L50, F|
|poke|p2|Sneasler, L50, F|
|poke|p2|Incineroar, L50, M|
|poke|p2|Dragonite, L50, F|
|poke|p2|Gholdengo, L50|
|poke|p2|Vivillon, L50, M|
|teampreview|4
|showteam|p1|Espeon||TwistedSpoon|MagicBounce|ExpandingForce,Psychic,DazzlingGleam,Protect|||M|||50|,,,,,Psychic]Pelipper||FocusSash|Drizzle|WeatherBall,Hurricane,WideGuard,Tailwind|||F|||50|,,,,,Ghost]Indeedee-F||SafetyGoggles|PsychicSurge|FollowMe,DazzlingGleam,TrickRoom,HelpingHand|||F|||50|,,,,,Fairy]Archaludon||AssaultVest|Stamina|ElectroShot,BodyPress,FlashCannon,DracoMeteor|||M|||50|,,,,,Fairy]Sneasler||PsychicSeed|Unburden|Protect,DireClaw,CloseCombat,Feint|||F|||50|,,,,,Dark]Dragapult||ChoiceBand|ClearBody|Uturn,DragonDarts,PhantomForce,TeraBlast|||F|||50|,,,,,Ghost
|showteam|p2|Garchomp||LifeOrb|RoughSkin|Earthquake,DragonClaw,StompingTantrum,Protect|||F|||50|,,,,,Ground]Sneasler||WhiteHerb|Unburden|Coaching,Protect,DireClaw,CloseCombat|||F|||50|,,,,,Ghost]Incineroar||SafetyGoggles|Intimidate|FakeOut,FlareBlitz,KnockOff,PartingShot|||M|||50|,,,,,Ghost]Dragonite||LoadedDice|InnerFocus|TeraBlast,ScaleShot,Tailwind,Protect|||F|||50|,,,,,Flying]Gholdengo||ChoiceScarf|GoodasGold|MakeItRain,ShadowBall,Trick,Thunderbolt||||||50|,,,,,Steel]Vivillon||FocusSash|CompoundEyes|Hurricane,SleepPowder,RagePowder,Protect|||M|||50|,,,,,Ghost
|j| acetrainerjuno
|
|t:|1756850917
|teamsize|p1|4
|teamsize|p2|4
|start
|switch|p1a: Archaludon|Archaludon, L50, M|100/100
|switch|p1b: Pelipper|Pelipper, L50, F|100/100
|switch|p2a: Gholdengo|Gholdengo, L50|100/100
|switch|p2b: Vivillon|Vivillon, L50, M|100/100
|-weather|RainDance|[from] ability: Drizzle|[of] p1b: Pelipper
|turn|1
|inactive|Battle timer is ON: inactive players will automatically lose when time's up. (requested by furnoz)
|
|t:|1756850974
|move|p2a: Gholdengo|Shadow Ball|p1b: Pelipper
|-damage|p1b: Pelipper|23/100
|move|p2b: Vivillon|Hurricane|p1b: Pelipper
|-damage|p1b: Pelipper|0 fnt
|faint|p1b: Pelipper
|move|p1a: Archaludon|Electro Shot||[still]
|-prepare|p1a: Archaludon|Electro Shot
|-boost|p1a: Archaludon|spa|1
|-anim|p1a: Archaludon|Electro Shot|p2a: Gholdengo
|-damage|p2a: Gholdengo|24/100
|
|-weather|RainDance|[upkeep]
|upkeep
|
|t:|1756850988
|switch|p1b: Indeedee|Indeedee-F, L50, F|100/100
|-fieldstart|move: Psychic Terrain|[from] ability: Psychic Surge|[of] p1b: Indeedee
|turn|2
|
|t:|1756850995
|switch|p2a: Kaladin|Garchomp, L50, F, shiny|100/100
|move|p1b: Indeedee|Follow Me|p1b: Indeedee
|-singleturn|p1b: Indeedee|move: Follow Me
|move|p2b: Vivillon|Hurricane|p1b: Indeedee
|-damage|p1b: Indeedee|58/100
|move|p1a: Archaludon|Electro Shot||[still]
|-prepare|p1a: Archaludon|Electro Shot
|-boost|p1a: Archaludon|spa|1
|-anim|p1a: Archaludon|Electro Shot|p2b: Vivillon
|-supereffective|p2b: Vivillon
|-enditem|p2b: Vivillon|Focus Sash
|-damage|p2b: Vivillon|1/100
|
|-weather|RainDance|[upkeep]
|upkeep
|turn|3
|
|t:|1756851020
|-terastallize|p2a: Kaladin|Ground
|-terastallize|p1a: Archaludon|Fairy
|move|p2b: Vivillon|Protect|p2b: Vivillon
|-singleturn|p2b: Vivillon|Protect
|move|p2a: Kaladin|Earthquake|p1a: Archaludon|[spread] p1a,p1b
|-activate|p2b: Vivillon|move: Protect
|-damage|p1a: Archaludon|45/100
|-damage|p1b: Indeedee|0 fnt
|-ability|p1a: Archaludon|Stamina|boost
|-boost|p1a: Archaludon|def|1
|faint|p1b: Indeedee
|-damage|p2a: Kaladin|91/100|[from] item: Life Orb
|move|p1a: Archaludon|Electro Shot||[still]
|-prepare|p1a: Archaludon|Electro Shot
|-boost|p1a: Archaludon|spa|1
|-anim|p1a: Archaludon|Electro Shot|p2b: Vivillon
|-activate|p2b: Vivillon|move: Protect
|
|-weather|RainDance|[upkeep]
|upkeep
|
|t:|1756851028
|switch|p1b: Espeon|Espeon, L50, M|100/100
|turn|4
|
|t:|1756851052
|move|p1b: Espeon|Expanding Force|p2b: Vivillon|[spread] p2a,p2b
|-damage|p2a: Kaladin|14/100
|-damage|p2b: Vivillon|0 fnt
|faint|p2b: Vivillon
|move|p2a: Kaladin|Earthquake|p1b: Espeon|[spread] p1a,p1b
|-damage|p1a: Archaludon|10/100
|-damage|p1b: Espeon|0 fnt
|-ability|p1a: Archaludon|Stamina|boost
|-boost|p1a: Archaludon|def|1
|faint|p1b: Espeon
|-damage|p2a: Kaladin|4/100|[from] item: Life Orb
|move|p1a: Archaludon|Electro Shot||[still]
|-prepare|p1a: Archaludon|Electro Shot
|-boost|p1a: Archaludon|spa|1
|-anim|p1a: Archaludon|Electro Shot|p2a: Kaladin
|-immune|p2a: Kaladin
|
|-weather|RainDance|[upkeep]
|upkeep
|
|t:|1756851056
|switch|p2b: Gholdengo|Gholdengo, L50|24/100
|turn|5
|
|t:|1756851066
|move|p2b: Gholdengo|Make It Rain|p1a: Archaludon
|-supereffective|p1a: Archaludon
|-damage|p1a: Archaludon|0 fnt
|-unboost|p2b: Gholdengo|spa|1
|faint|p1a: Archaludon
|
|win|kojay
|raw|furnoz's rating: 1208 → 1182(-26 for losing)
|raw|kojay's rating: 1197 → 1223(+26 for winning)
