|j|☆dracojackson
|j|☆palle synchro
|html|dracojacksonpalle synchro    
|uhtml|bestof|Game 2 of a best-of-3
|t:|1754230851
|gametype|doubles
|player|p1|dracojackson|veteranf|1170
|player|p2|palle synchro|volkner|1259
|gen|9
|tier|[Gen 9] VGC 2025 Reg H (Bo3)
|rated|
|rule|Species Clause: Limit one of each Pokémon
|rule|Item Clause: Limit 1 of each item
|clearpoke
|poke|p1|Kommo-o, L50, F|
|poke|p1|Rillaboom, L50, M|
|poke|p1|Clefairy, L50, F|
|poke|p1|Ninetales-Alola, L50, M|
|poke|p1|Kingambit, L50, F|
|poke|p1|Sneasler, L50, F|
|poke|p2|Whimsicott, L50, F|
|poke|p2|Arcanine-Hisui, L50, F|
|poke|p2|Indeedee, L50, M|
|poke|p2|Sneasler, L50, F|
|poke|p2|Ursaluna-Bloodmoon, L50, M|
|poke|p2|Archaludon, L50, M|
|teampreview|4
|showteam|p1|Kommo-o||ThroatSpray|Overcoat|ClangorousSoul,ClangingScales,Flamethrower,Protect|||F|||50|,,,,,Fire]Rillaboom||AssaultVest|GrassySurge|FakeOut,WoodHammer,GrassyGlide,Uturn|||M|||50|,,,,,Fire]Clefairy||Eviolite|FriendGuard|FollowMe,HelpingHand,Protect,AfterYou|||F|||50|,,,,,Grass]Ninetales-Alola||FocusSash|SnowWarning|Blizzard,IcyWind,Encore,AuroraVeil|||M|||50|,,,,,Ghost]Kingambit||BlackGlasses|Defiant|KowtowCleave,SuckerPunch,IronHead,Protect|||F|||50|,,,,,Ghost]Sneasler||GrassySeed|Unburden|FakeOut,CloseCombat,DireClaw,Coaching|||F|||50|,,,,,Stellar
|showteam|p2|Whimsicott||CovertCloak|Prankster|Moonblast,Taunt,Tailwind,FakeTears|||F|||50|,,,,,Water]Arcanine-Hisui||ClearAmulet|Intimidate|FlareBlitz,RockSlide,HeadSmash,Protect|||F|||50|,,,,,Ghost]Indeedee||FocusSash|PsychicSurge|ExpandingForce,TeraBlast,Imprison,TrickRoom|||M|||50|,,,,,Psychic]Sneasler||PsychicSeed|Unburden|CloseCombat,DireClaw,ThroatChop,Protect|||F|||50|,,,,,Dark]Ursaluna-Bloodmoon||LifeOrb|MindsEye|HyperVoice,BloodMoon,EarthPower,Protect|||M|||50|,,,,,Normal]Archaludon||PowerHerb|Sturdy|ElectroShot,DragonPulse,Thunderbolt,Protect|||M|||50|,,,,,Electric
|
|t:|1754230867
|teamsize|p1|4
|teamsize|p2|4
|start
|switch|p1a: AJ|Rillaboom, L50, M|100/100
|switch|p1b: Craig|Sneasler, L50, F|100/100
|switch|p2a: Whimsicott|Whimsicott, L50, F|100/100
|switch|p2b: Ursaluna|Ursaluna-Bloodmoon, L50, M|100/100
|-fieldstart|move: Grassy Terrain|[from] ability: Grassy Surge|[of] p1a: AJ
|-enditem|p1b: Craig|Grassy Seed
|-boost|p1b: Craig|def|1|[from] item: Grassy Seed
|turn|1
|
|t:|1754230880
|switch|p2a: Indeedee|Indeedee, L50, M|100/100
|-fieldstart|move: Psychic Terrain|[from] ability: Psychic Surge|[of] p2a: Indeedee
|move|p1b: Craig|Dire Claw|p2a: Indeedee
|-damage|p2a: Indeedee|1/100
|move|p1a: AJ|U-turn|p2a: Indeedee
|-supereffective|p2a: Indeedee
|-damage|p2a: Indeedee|0 fnt
|faint|p2a: Indeedee
|
|t:|1754230894
|switch|p1a: Seam|Clefairy, L50, F|100/100|[from] U-turn
|move|p2b: Ursaluna|Blood Moon|p1b: Craig
|-damage|p1b: Craig|0 fnt
|faint|p1b: Craig
|-damage|p2b: Ursaluna|91/100|[from] item: Life Orb
|
|upkeep
|
|t:|1754230904
|switch|p1b: Blake|Kommo-o, L50, F|100/100
|switch|p2a: Whimsicott|Whimsicott, L50, F|100/100
|turn|2
|
|t:|1754230912
|-terastallize|p2b: Ursaluna|Normal
|move|p1a: Seam|Follow Me|p1a: Seam
|-singleturn|p1a: Seam|move: Follow Me
|move|p2a: Whimsicott|Tailwind|p2a: Whimsicott
|-sidestart|p2: palle synchro|move: Tailwind
|move|p2b: Ursaluna|Hyper Voice|p1a: Seam|[spread] p1a,p1b
|-damage|p1a: Seam|45/100
|-damage|p1b: Blake|44/100
|-damage|p2b: Ursaluna|81/100|[from] item: Life Orb
|move|p1b: Blake|Clangorous Soul|p1b: Blake
|-boost|p1b: Blake|atk|1
|-boost|p1b: Blake|def|1
|-boost|p1b: Blake|spa|1
|-boost|p1b: Blake|spd|1
|-boost|p1b: Blake|spe|1
|-damage|p1b: Blake|11/100
|-enditem|p1b: Blake|Throat Spray
|-boost|p1b: Blake|spa|1|[from] item: Throat Spray
|
|upkeep
|turn|3
|
|t:|1754230925
|switch|p1a: AJ|Rillaboom, L50, M|100/100
|-fieldstart|move: Grassy Terrain|[from] ability: Grassy Surge|[of] p1a: AJ
|move|p1b: Blake|Protect|p1b: Blake
|-singleturn|p1b: Blake|Protect
|move|p2b: Ursaluna|Protect|p2b: Ursaluna
|-singleturn|p2b: Ursaluna|Protect
|move|p2a: Whimsicott|Moonblast|p1b: Blake
|-activate|p1b: Blake|move: Protect
|
|-heal|p1b: Blake|17/100|[from] Grassy Terrain
|-heal|p2b: Ursaluna|87/100|[from] Grassy Terrain
|upkeep
|turn|4
|
|t:|1754230944
|switch|p2a: Sneasler|Sneasler, L50, F|100/100
|-terastallize|p1b: Blake|Fire
|move|p1a: AJ|Fake Out|p2b: Ursaluna
|-damage|p2b: Ursaluna|76/100
|move|p1b: Blake|Flamethrower|p2a: Sneasler
|-damage|p2a: Sneasler|0 fnt
|faint|p2a: Sneasler
|cant|p2b: Ursaluna|flinch
|
|-heal|p1b: Blake|23/100|[from] Grassy Terrain
|-heal|p2b: Ursaluna|81/100|[from] Grassy Terrain
|upkeep
|
|t:|1754230947
|switch|p2a: Whimsicott|Whimsicott, L50, F|100/100
|turn|5
|
|t:|1754230965
|switch|p1a: Seam|Clefairy, L50, F|45/100
|move|p1b: Blake|Protect|p1b: Blake
|-singleturn|p1b: Blake|Protect
|move|p2a: Whimsicott|Fake Tears|p1b: Blake
|-activate|p1b: Blake|move: Protect
|move|p2b: Ursaluna|Hyper Voice|p1b: Blake|[spread] p1a
|-activate|p1b: Blake|move: Protect
|-damage|p1a: Seam|0 fnt
|faint|p1a: Seam
|-damage|p2b: Ursaluna|72/100|[from] item: Life Orb
|
|-heal|p1b: Blake|29/100|[from] Grassy Terrain
|-heal|p2b: Ursaluna|78/100|[from] Grassy Terrain
|-sideend|p2: palle synchro|move: Tailwind
|upkeep
|
|t:|1754230967
|switch|p1a: AJ|Rillaboom, L50, M|100/100
|turn|6
|
|t:|1754230975
|move|p2b: Ursaluna|Protect|p2b: Ursaluna
|-singleturn|p2b: Ursaluna|Protect
|move|p1a: AJ|Fake Out|p2b: Ursaluna
|-activate|p2b: Ursaluna|move: Protect
|move|p2a: Whimsicott|Tailwind|p2a: Whimsicott
|-sidestart|p2: palle synchro|move: Tailwind
|move|p1b: Blake|Flamethrower|p2a: Whimsicott
|-supereffective|p2a: Whimsicott
|-crit|p2a: Whimsicott
|-damage|p2a: Whimsicott|0 fnt
|faint|p2a: Whimsicott
|
|-heal|p1b: Blake|35/100|[from] Grassy Terrain
|-heal|p2b: Ursaluna|84/100|[from] Grassy Terrain
|upkeep
|turn|7
|
|t:|1754230990
|move|p1b: Blake|Clanging Scales|p2b: Ursaluna
|-damage|p2b: Ursaluna|0 fnt
|faint|p2b: Ursaluna
|
|win|dracojackson
|raw|dracojackson's rating: 1170 → 1201(+31 for winning)
|raw|palle synchro's rating: 1259 → 1228(-31 for losing)
|l|☆palle synchro
|player|p2|
