|j|☆Oldcow
|j|☆jowemama
|html|Oldcowjowemama    
|uhtml|bestof|Game 1 of a best-of-3
|t:|1756650486
|gametype|doubles
|player|p1|Oldcow|cyrus|
|player|p2|jowemama|scientistf|
|gen|9
|tier|[Gen 9] VGC 2025 Reg H (Bo3)
|rule|Species Clause: Limit one of each Pokémon
|rule|Item Clause: Limit 1 of each item
|clearpoke
|poke|p1|Garchomp, L50, M|
|poke|p1|Tyranitar, L50, M|
|poke|p1|Salamence, L50, M|
|poke|p1|Magmar, L50, F|
|poke|p1|Rillaboom, L50, M|
|poke|p1|Primarina, L50, F|
|poke|p2|Pelipper, L50, M|
|poke|p2|Archaludon, L50, F|
|poke|p2|Dragonite, L50, F|
|poke|p2|Incineroar, L50, M|
|poke|p2|Ursaluna, L50, M|
|poke|p2|Sinistcha, L50|
|teampreview|4
|showteam|p1|Garchomp||LifeOrb|SandVeil|DragonClaw,StompingTantrum,RockSlide,Protect|||M|||50|,,,,,Steel]Tyranitar||AssaultVest|SandStream|KnockOff,RockSlide,TeraBlast,IcePunch|||M|||50|,,,,,Flying]Salamence||CovertCloak|Intimidate|DracoMeteor,AirSlash,Protect,Tailwind|||M|||50|,,,,,Steel]Magmar||Eviolite|FlameBody|Overheat,FollowMe,Protect,Taunt|||F|||50|,,,,,Dark]Rillaboom||MeadowPlate|GrassySurge|GrassyGlide,WoodHammer,FakeOut,Uturn|||M|||50|,,,,,Grass]Primarina||SitrusBerry|LiquidVoice|HyperVoice,Moonblast,Protect,Haze|||F|||50|,,,,,Ghost
|showteam|p2|Pelipper||FocusSash|Drizzle|WeatherBall,Hurricane,Tailwind,Protect|||M|||50|,,,,,Ghost]Archaludon||AssaultVest|Stamina|FlashCannon,ElectroShot,BodyPress,Snarl|||F|||50|,,,,,Bug]Dragonite||LoadedDice|Multiscale|ScaleShot,Tailwind,Haze,Protect|||F|||50|,,,,,Fairy]Incineroar||SafetyGoggles|Intimidate|KnockOff,WillOWisp,PartingShot,FakeOut|||M|||50|,,,,,Bug]Ursaluna||FlameOrb|Guts|Facade,HeadlongRush,Earthquake,Protect|||M|||50|,,,,,Ghost]Sinistcha||SitrusBerry|Hospitality|MatchaGotcha,LifeDew,RagePowder,TrickRoom||||||50|,,,,,Dark
|inactive|Battle timer is ON: inactive players will automatically lose when time's up. (requested by jowemama)
|inactive|Oldcow has 60 seconds left.
|j| KyleTampy
|
|t:|1756650541
|teamsize|p1|4
|teamsize|p2|4
|start
|switch|p1a: Salamence|Salamence, L50, M|100/100
|switch|p1b: Garchomp|Garchomp, L50, M|100/100
|switch|p2a: Dragonite|Dragonite, L50, F|100/100
|switch|p2b: Archaludon|Archaludon, L50, F|100/100
|-ability|p1a: Salamence|Intimidate|boost
|-unboost|p2a: Dragonite|atk|1
|-unboost|p2b: Archaludon|atk|1
|turn|1
|inactive|jowemama has 30 seconds left.
|
|t:|1756650568
|switch|p2b: Incineroar|Incineroar, L50, M|100/100
|-ability|p2b: Incineroar|Intimidate|boost
|-unboost|p1a: Salamence|atk|1
|-unboost|p1b: Garchomp|atk|1
|move|p1b: Garchomp|Protect|p1b: Garchomp
|-singleturn|p1b: Garchomp|Protect
|move|p2a: Dragonite|Protect|p2a: Dragonite
|-singleturn|p2a: Dragonite|Protect
|move|p1a: Salamence|Tailwind|p1a: Salamence
|-sidestart|p1: Oldcow|move: Tailwind
|
|upkeep
|turn|2
|
|t:|1756650592
|switch|p1b: Primarina|Primarina, L50, F|100/100
|switch|p2b: Archaludon|Archaludon, L50, F|100/100
|move|p1a: Salamence|Air Slash|p2a: Dragonite
|-damage|p2a: Dragonite|86/100
|cant|p2a: Dragonite|flinch
|
|upkeep
|turn|3
|inactive|Oldcow has 30 seconds left.
|inactive|jowemama has 30 seconds left.
|
|t:|1756650621
|move|p1b: Primarina|Protect|p1b: Primarina
|-singleturn|p1b: Primarina|Protect
|move|p2a: Dragonite|Protect|p2a: Dragonite
|-singleturn|p2a: Dragonite|Protect
|move|p1a: Salamence|Draco Meteor|p2b: Archaludon
|-damage|p2b: Archaludon|69/100
|-unboost|p1a: Salamence|spa|2
|-ability|p2b: Archaludon|Stamina|boost
|-boost|p2b: Archaludon|def|1
|move|p2b: Archaludon|Snarl|p1b: Primarina|[spread] p1a
|-activate|p1b: Primarina|move: Protect
|-damage|p1a: Salamence|87/100
|
|upkeep
|turn|4
|c|☆Oldcow|bulky god damn
|inactive|jowemama has 30 seconds left.
|
|t:|1756650651
|switch|p1a: Tyranitar|Tyranitar, L50, M|100/100
|-weather|Sandstorm|[from] ability: Sand Stream|[of] p1a: Tyranitar
|switch|p2b: Ursaluna|Ursaluna, L50, M|100/100
|move|p1b: Primarina|Moonblast|p2a: Dragonite
|-supereffective|p2a: Dragonite
|-damage|p2a: Dragonite|0 fnt
|faint|p2a: Dragonite
|
|-weather|Sandstorm|[upkeep]
|-damage|p1b: Primarina|95/100|[from] Sandstorm
|-sideend|p1: Oldcow|move: Tailwind
|-status|p2b: Ursaluna|brn|[from] item: Flame Orb
|upkeep
|
|t:|1756650661
|switch|p2a: Incineroar|Incineroar, L50, M|100/100
|-ability|p2a: Incineroar|Intimidate|boost
|-unboost|p1a: Tyranitar|atk|1
|-unboost|p1b: Primarina|atk|1
|turn|5
|
|t:|1756650686
|switch|p1a: Salamence|Salamence, L50, M|87/100
|-ability|p1a: Salamence|Intimidate|boost
|-unboost|p2a: Incineroar|atk|1
|-unboost|p2b: Ursaluna|atk|1
|move|p2a: Incineroar|Parting Shot|p1a: Salamence
|-unboost|p1a: Salamence|atk|1
|-unboost|p1a: Salamence|spa|1
|
|t:|1756650688
|switch|p2a: Archaludon|Archaludon, L50, F|69/100|[from] Parting Shot
|move|p2b: Ursaluna|Facade|p1a: Salamence
|-crit|p1a: Salamence
|-damage|p1a: Salamence|0 fnt
|faint|p1a: Salamence
|move|p1b: Primarina|Hyper Voice|p2b: Ursaluna|[spread] p2a,p2b
|-resisted|p2a: Archaludon
|-supereffective|p2b: Ursaluna
|-damage|p2a: Archaludon|57/100
|-damage|p2b: Ursaluna|28/100 brn
|-ability|p2a: Archaludon|Stamina|boost
|-boost|p2a: Archaludon|def|1
|
|-weather|Sandstorm|[upkeep]
|-damage|p1b: Primarina|89/100|[from] Sandstorm
|-damage|p2b: Ursaluna|22/100 brn|[from] brn
|upkeep
|inactive|Oldcow has 30 seconds left.
|c|☆Oldcow|wait incin faster than prim wtf
|inactive|Oldcow has 20 seconds left.
|inactive|Oldcow has 15 seconds left.
|inactive|Oldcow has 10 seconds left.
|
|t:|1756650736
|switch|p1a: Garchomp|Garchomp, L50, M|100/100
|turn|6
|c|☆Oldcow|and ursa pala
|c|☆jowemama|yeah i like having spd invest on incin haha
|c|☆Oldcow|fast af
|inactive|Oldcow has 30 seconds left.
|inactive|Oldcow has 20 seconds left.
|inactive|Oldcow has 15 seconds left.
|
|t:|1756650778
|switch|p2b: Incineroar|Incineroar, L50, M|100/100
|-ability|p2b: Incineroar|Intimidate|boost
|-unboost|p1a: Garchomp|atk|1
|-unboost|p1b: Primarina|atk|1
|move|p1a: Garchomp|Protect|p1a: Garchomp
|-singleturn|p1a: Garchomp|Protect
|move|p2a: Archaludon|Snarl|p1b: Primarina|[spread] p1b
|-activate|p1a: Garchomp|move: Protect
|-resisted|p1b: Primarina
|-damage|p1b: Primarina|83/100
|-unboost|p1b: Primarina|spa|1
|move|p1b: Primarina|Hyper Voice|p2a: Archaludon|[spread] p2a,p2b
|-resisted|p2a: Archaludon
|-supereffective|p2b: Incineroar
|-damage|p2a: Archaludon|50/100
|-damage|p2b: Incineroar|57/100
|-ability|p2a: Archaludon|Stamina|boost
|-boost|p2a: Archaludon|def|1
|
|-weather|Sandstorm|[upkeep]
|-damage|p1b: Primarina|77/100|[from] Sandstorm
|upkeep
|turn|7
|inactive|Oldcow has 30 seconds left.
|inactive|jowemama has 30 seconds left.
|inactive|jowemama has 20 seconds left.
|inactive|jowemama has 15 seconds left.
|inactive|jowemama has 10 seconds left.
|
|t:|1756650826
|move|p1a: Garchomp|Rock Slide|p2a: Archaludon|[spread] p2a,p2b
|-resisted|p2a: Archaludon
|-supereffective|p2b: Incineroar
|-damage|p2a: Archaludon|47/100
|-damage|p2b: Incineroar|21/100
|-ability|p2a: Archaludon|Stamina|boost
|-boost|p2a: Archaludon|def|1
|-damage|p1a: Garchomp|91/100|[from] item: Life Orb
|move|p2b: Incineroar|Parting Shot|p1a: Garchomp
|-unboost|p1a: Garchomp|atk|1
|-unboost|p1a: Garchomp|spa|1
|
|t:|1756650829
|switch|p2b: Ursaluna|Ursaluna, L50, M|22/100 brn|[from] Parting Shot
|cant|p2a: Archaludon|flinch
|move|p1b: Primarina|Haze|p1b: Primarina
|-clearallboost
|
|-weather|Sandstorm|[upkeep]
|-damage|p1b: Primarina|71/100|[from] Sandstorm
|-damage|p2b: Ursaluna|16/100 brn|[from] brn
|upkeep
|turn|8
|inactive|Oldcow has 30 seconds left.
|inactive|Oldcow has 20 seconds left.
|
|t:|1756650868
|switch|p2a: Incineroar|Incineroar, L50, M|21/100
|-ability|p2a: Incineroar|Intimidate|boost
|-unboost|p1a: Garchomp|atk|1
|-unboost|p1b: Primarina|atk|1
|-terastallize|p1b: Primarina|Ghost
|move|p2b: Ursaluna|Protect|p2b: Ursaluna
|-singleturn|p2b: Ursaluna|Protect
|move|p1a: Garchomp|Dragon Claw|p2a: Incineroar
|-damage|p2a: Incineroar|0 fnt
|faint|p2a: Incineroar
|-damage|p1a: Garchomp|81/100|[from] item: Life Orb
|move|p1b: Primarina|Hyper Voice|p2b: Ursaluna
|-activate|p2b: Ursaluna|move: Protect
|
|-weather|none
|-damage|p2b: Ursaluna|11/100 brn|[from] brn
|upkeep
|
|t:|1756650874
|switch|p2a: Archaludon|Archaludon, L50, F|47/100
|turn|9
|-message|jowemama forfeited.
|
|win|Oldcow
||jowemama is ready for game 2.
|c|☆Oldcow|gg
||Oldcow is ready for game 2.
|uhtml|next|Next: Game 2 of 3
