|j|☆PackOfCamelBlues
|j|☆Klefastra
|html|PackOfCamelBluesKlefastra    
|uhtml|bestof|Game 2 of a best-of-3
|t:|1785618675
|gametype|doubles
|player|p1|PackOfCamelBlues|pryce|
|player|p2|Klefastra|shauntal|
|gen|9
|tier|[Gen 9 Champions] VGC 2026 Reg M-B (Bo3)
|rule|Species Clause: Limit one of each Pokémon
|rule|Item Clause: Limit 1 of each item
|clearpoke
|poke|p1|Sneasler, L50, M|
|poke|p1|Delphox, L50, M|
|poke|p1|Kingambit, L50, F|
|poke|p1|Sinistcha, L50|
|poke|p1|Incineroar, L50, F|
|poke|p1|Blastoise, L50, M|
|poke|p2|Staraptor, L50, M|
|poke|p2|Glimmora, L50, F|
|poke|p2|Whimsicott, L50, F|
|poke|p2|Basculegion, L50, M|
|poke|p2|Ninetales-Alola, L50, F|
|poke|p2|Hydreigon, L50, F|
|teampreview|4
|showteam|p1|Sneasler||FocusSash|PoisonTouch|PoisonJab,QuickGuard,CloseCombat,FakeOut|Jolly||M|||50|]Delphox||Delphoxite|Blaze|HeatWave,Psychic,NastyPlot,Protect|Timid||M|||50|]Kingambit||LifeOrb|Defiant|KowtowCleave,SuckerPunch,SwordsDance,Protect|Adamant||F|||50|]Sinistcha||ColburBerry|Hospitality|MatchaGotcha,RagePowder,TrickRoom,Protect|Bold|||||50|]Incineroar||SitrusBerry|Intimidate|FlareBlitz,HelpingHand,PartingShot,FakeOut|Impish||F|||50|]Blastoise||Blastoisinite|RainDish|WaterSpout,DarkPulse,ShellSmash,Protect|Modest||M|||50|
|showteam|p2|Staraptor||Staraptite|Intimidate|Roost,CloseCombat,BraveBird,Protect|Jolly||M|||50|]Glimmora||Glimmoranite|ToxicDebris|PowerGem,SludgeBomb,EarthPower,SpikyShield|Timid||F|||50|]Whimsicott||FocusSash|Prankster|Tailwind,Charm,Moonblast,Protect|Timid||F|||50|]Basculegion||LifeOrb|Adaptability|WaveCrash,AquaJet,Protect,LastRespects|Jolly||M|||50|]Ninetales-Alola||LightClay|SnowWarning|AuroraVeil,Blizzard,Moonblast,Protect|Timid||F|||50|]Hydreigon||ChoiceScarf|Levitate|DracoMeteor,DarkPulse,Snarl,EarthPower|Modest||F|||50|
|
|t:|1785618835
|teamsize|p1|4
|teamsize|p2|4
|start
|switch|p1a: Sinistcha|Sinistcha, L50|100/100
|switch|p1b: Sneasler|Sneasler, L50, M|100/100
|switch|p2a: Glimmora|Glimmora, L50, F|100/100
|switch|p2b: Basculegion|Basculegion, L50, M|100/100
|turn|1
|
|t:|1785618944
|detailschange|p2a: Glimmora|Glimmora-Mega, L50, F
|-mega|p2a: Glimmora|Glimmora|Glimmoranite
|move|p1b: Sneasler|Close Combat|p2a: Glimmora
|-damage|p2a: Glimmora|37/100
|-unboost|p1b: Sneasler|def|1
|-unboost|p1b: Sneasler|spd|1
|move|p2a: Glimmora|Earth Power|p1b: Sneasler
|-supereffective|p1b: Sneasler|1
|-enditem|p1b: Sneasler|Focus Sash
|-damage|p1b: Sneasler|1/100
|move|p2b: Basculegion|Last Respects|p1b: Sneasler
|-damage|p1b: Sneasler|0 fnt
|faint|p1b: Sneasler
|-damage|p2b: Basculegion|90/100|[from] item: Life Orb
|move|p1a: Sinistcha|Matcha Gotcha|p2b: Basculegion|[spread] p2a,p2b
|-supereffective|p2b: Basculegion|1
|-damage|p2a: Glimmora|8/100
|-damage|p2b: Basculegion|37/100
|-status|p2a: Glimmora|brn
|-status|p2b: Basculegion|brn
|
|-damage|p2a: Glimmora|2/100 brn|[from] brn
|-damage|p2b: Basculegion|31/100 brn|[from] brn
|upkeep
|
|t:|1785618978
|switch|p1b: Kingambit|Kingambit, L50, F|100/100
|turn|2
|
|t:|1785619008
|move|p1a: Sinistcha|Rage Powder|p1a: Sinistcha
|-singleturn|p1a: Sinistcha|move: Rage Powder
|move|p2a: Glimmora|Sludge Bomb|p1a: Sinistcha
|-damage|p1a: Sinistcha|32/100
|move|p2b: Basculegion|Last Respects|p1a: Sinistcha
|-supereffective|p1a: Sinistcha|1
|-damage|p1a: Sinistcha|0 fnt
|faint|p1a: Sinistcha
|-damage|p2b: Basculegion|22/100 brn|[from] item: Life Orb
|move|p1b: Kingambit|Swords Dance|p1b: Kingambit
|-boost|p1b: Kingambit|atk|2
|
|-damage|p2a: Glimmora|0 fnt|[from] brn
|faint|p2a: Glimmora
|-damage|p2b: Basculegion|15/100 brn|[from] brn
|upkeep
|
|t:|1785619023
|switch|p2a: Hydreigon|Hydreigon, L50, F|100/100
|switch|p1a: Delphox|Delphox, L50, M|100/100
|turn|3
|
|t:|1785619052
|detailschange|p1a: Delphox|Delphox-Mega, L50, M
|-mega|p1a: Delphox|Delphox|Delphoxite
|move|p2b: Basculegion|Aqua Jet|p1a: Delphox
|-supereffective|p1a: Delphox|1
|-damage|p1a: Delphox|59/100
|-damage|p2b: Basculegion|6/100 brn|[from] item: Life Orb
|move|p1b: Kingambit|Sucker Punch|p2a: Hydreigon
|-resisted|p2a: Hydreigon|1
|-damage|p2a: Hydreigon|40/100
|-damage|p1b: Kingambit|90/100|[from] item: Life Orb
|move|p2a: Hydreigon|Dark Pulse|p1a: Delphox
|-supereffective|p1a: Delphox|1
|-damage|p1a: Delphox|0 fnt
|faint|p1a: Delphox
|
|-damage|p2b: Basculegion|0 fnt|[from] brn
|faint|p2b: Basculegion
|upkeep
|
|t:|1785619067
|switch|p2b: Whimsicott|Whimsicott, L50, F|100/100
|turn|4
|
|t:|1785619075
|move|p1b: Kingambit|Sucker Punch|p2a: Hydreigon
|-resisted|p2a: Hydreigon|1
|-damage|p2a: Hydreigon|0 fnt
|faint|p2a: Hydreigon
|-damage|p1b: Kingambit|80/100|[from] item: Life Orb
|move|p2b: Whimsicott|Moonblast|p1b: Kingambit
|-crit|p1b: Kingambit
|-damage|p1b: Kingambit|26/100
|
|upkeep
|turn|5
|
|t:|1785619087
|move|p1b: Kingambit|Sucker Punch|p2b: Whimsicott
|-resisted|p2b: Whimsicott|1
|-damage|p2b: Whimsicott|13/100
|-damage|p1b: Kingambit|16/100|[from] item: Life Orb
|move|p2b: Whimsicott|Moonblast|p1b: Kingambit
|-damage|p1b: Kingambit|0 fnt
|faint|p1b: Kingambit
|
|win|Klefastra
|c|☆Klefastra|GG
|c|☆PackOfCamelBlues|Ggggggs
|c|☆PackOfCamelBlues|the burns and the grits
|c|☆PackOfCamelBlues|toasted
|c|☆PackOfCamelBlues|ggs
|c|☆Klefastra|Yup
|c|☆PackOfCamelBlues|Wp
|c|☆Klefastra|WP to you as well!
|l|☆PackOfCamelBlues
|player|p1|
|j|☆PackOfCamelBlues
|player|p1|PackOfCamelBlues|pryce|
|l|☆PackOfCamelBlues
|player|p1|
|j|☆PackOfCamelBlues
|player|p1|PackOfCamelBlues|pryce|
|l|☆PackOfCamelBlues
|player|p1|
|j| Hello_I'm_a_Shade
|l| Hello_I'm_a_Shade
|j|☆PackOfCamelBlues
|player|p1|PackOfCamelBlues|pryce|
|l|☆PackOfCamelBlues
|player|p1|
