|j|☆koihoiboi
|j|‽coglio6789
|html|koihoiboicoglio6789    
|uhtml|bestof|Game 1 of a best-of-3
|t:|1785925138
|gametype|doubles
|player|p1|koihoiboi|266|1205
|player|p2|coglio6789|102|1326
|gen|9
|tier|[Gen 9 Champions] VGC 2026 Reg M-B (Bo3)
|rated|
|rule|Species Clause: Limit one of each Pokémon
|rule|Item Clause: Limit 1 of each item
|clearpoke
|poke|p1|Staraptor, L50, M|
|poke|p1|Whimsicott, L50, F|
|poke|p1|Kingambit, L50, M|
|poke|p1|Gengar, L50, M|
|poke|p1|Garchomp, L50, F|
|poke|p1|Sinistcha, L50|
|poke|p2|Farigiraf, L50, F|
|poke|p2|Kangaskhan, L50, F|
|poke|p2|Torkoal, L50, M|
|poke|p2|Mawile, L50, M|
|poke|p2|Charizard, L50, M|
|poke|p2|Vileplume, L50, M|
|teampreview|4
|showteam|p1|Staraptor||Staraptite|Intimidate|Protect,BraveBird,CloseCombat,Roost|Jolly||M|||50|]Whimsicott||FairyFeather|Prankster|Encore,Tailwind,Charm,Moonblast|Timid||F|||50|]Kingambit||FocusSash|Defiant|Protect,IronHead,SuckerPunch,KowtowCleave|Adamant||M|||50|]Gengar||Gengarite|CursedBody|Protect,ShadowBall,Psychic,SludgeBomb|Timid||M|||50|]Garchomp||ChoiceScarf|RoughSkin|DragonClaw,Earthquake,RockSlide,StompingTantrum|Adamant||F|||50|]Sinistcha||SitrusBerry|Hospitality|MatchaGotcha,LifeDew,ShadowBall,TrickRoom|Modest|||||50|
|showteam|p2|Farigiraf||SitrusBerry|ArmorTail|TrickRoom,HelpingHand,Psychic,Thunderbolt|Quiet||F|||50|]Kangaskhan||LifeOrb|Scrappy|FakeOut,DoubleEdge,IcePunch,HammerArm|Brave||F|||50|]Torkoal||Charcoal|Drought|Eruption,WeatherBall,EarthPower,Protect|Quiet||M|||50|]Mawile||Mawilite|Intimidate|SwordsDance,PlayRough,SuckerPunch,RockSlide|Brave||M|||50|]Charizard||CharizarditeY|Blaze|HeatWave,WeatherBall,SolarBeam,Protect|Modest||M|||50|]Vileplume||FocusSash|Chlorophyll|EnergyBall,SludgeBomb,SleepPowder,AfterYou|Timid||M|||50|
|inactive|Battle timer is ON: inactive players will automatically lose when time's up. (requested by koihoiboi)
|inactive|koihoiboi has 60 seconds left.
|
|t:|1785925176
|teamsize|p1|4
|teamsize|p2|4
|start
|switch|p1a: Garchomp|Garchomp, L50, F|100/100
|switch|p1b: Kingambit|Kingambit, L50, M|100/100
|switch|p2a: Farigiraf|Farigiraf, L50, F|100/100
|switch|p2b: Kangaskhan|Kangaskhan, L50, F|100/100
|turn|1
|c|☆koihoiboi|Gl, hf
|inactive|coglio6789 has 30 seconds left.
|
|t:|1785925203
|move|p2b: Kangaskhan|Fake Out|p1b: Kingambit
|-resisted|p1b: Kingambit|1
|-damage|p1b: Kingambit|89/100
|-damage|p2b: Kangaskhan|90/100|[from] item: Life Orb
|move|p1a: Garchomp|Dragon Claw|p2a: Farigiraf
|-damage|p2a: Farigiraf|53/100
|cant|p1b: Kingambit|flinch
|move|p2a: Farigiraf|Trick Room|p2a: Farigiraf
|-fieldstart|move: Trick Room|[of] p2a: Farigiraf
|
|upkeep
|turn|2
|
|t:|1785925219
|switch|p2a: Torkoal|Torkoal, L50, M|100/100
|-weather|SunnyDay|[from] ability: Drought|[of] p2a: Torkoal
|switch|p1a: Sinistcha|Sinistcha, L50|100/100
|-heal|p1b: Kingambit|100/100|[from] ability: Hospitality|[of] p1a: Sinistcha
|move|p2b: Kangaskhan|Ice Punch|p1a: Sinistcha
|-supereffective|p1a: Sinistcha|1
|-damage|p1a: Sinistcha|50/100g
|-damage|p2b: Kangaskhan|80/100|[from] item: Life Orb
|move|p1b: Kingambit|Kowtow Cleave|p2a: Torkoal
|-damage|p2a: Torkoal|60/100
|
|-weather|SunnyDay|[upkeep]
|upkeep
|turn|3
|inactive|koihoiboi has 30 seconds left.
|
|t:|1785925248
|move|p1b: Kingambit|Sucker Punch|p2a: Torkoal
|-damage|p2a: Torkoal|31/100
|move|p2a: Torkoal|Eruption|p1b: Kingambit|[spread] p1a,p1b
|-supereffective|p1a: Sinistcha|1
|-supereffective|p1b: Kingambit|1
|-damage|p1a: Sinistcha|0 fnt
|-damage|p1b: Kingambit|37/100
|faint|p1a: Sinistcha
|move|p2b: Kangaskhan|Hammer Arm|p1b: Kingambit
|-supereffective|p1b: Kingambit|2
|-damage|p1b: Kingambit|0 fnt
|-unboost|p2b: Kangaskhan|spe|1
|faint|p1b: Kingambit
|-damage|p2b: Kangaskhan|71/100|[from] item: Life Orb
|
|-weather|SunnyDay|[upkeep]
|upkeep
|
|t:|1785925255
|switch|p1a: Staraptor|Staraptor, L50, M|100/100
|switch|p1b: Garchomp|Garchomp, L50, F|100/100
|-ability|p1a: Staraptor|Intimidate|boost
|-unboost|p2a: Torkoal|atk|1
|-fail|p2b: Kangaskhan|unboost|Attack|[from] ability: Scrappy|[of] p2b: Kangaskhan
|turn|4
|
|t:|1785925270
|detailschange|p1a: Staraptor|Staraptor-Mega, L50, M
|-mega|p1a: Staraptor|Staraptor|Staraptite
|move|p2a: Torkoal|Weather Ball|p1a: Staraptor
|-damage|p1a: Staraptor|22/100
|move|p2b: Kangaskhan|Double-Edge|p1a: Staraptor
|-damage|p1a: Staraptor|0 fnt
|faint|p1a: Staraptor
|-damage|p2b: Kangaskhan|65/100|[from] Recoil
|-damage|p2b: Kangaskhan|55/100|[from] item: Life Orb
|move|p1b: Garchomp|Earthquake|p2b: Kangaskhan|[spread] p2a,p2b
|-supereffective|p2a: Torkoal|1
|-damage|p2a: Torkoal|0 fnt
|-damage|p2b: Kangaskhan|14/100
|faint|p2a: Torkoal
|
|-weather|SunnyDay|[upkeep]
|upkeep
|
|t:|1785925276
|switch|p2a: Mawile|Mawile, L50, M|100/100
|-ability|p2a: Mawile|Intimidate|boost
|-unboost|p1b: Garchomp|atk|1
|turn|5
|
|t:|1785925284
|detailschange|p2a: Mawile|Mawile-Mega, L50, M
|-mega|p2a: Mawile|Mawile|Mawilite
|move|p2a: Mawile|Swords Dance|p2a: Mawile
|-boost|p2a: Mawile|atk|2
|move|p2b: Kangaskhan|Ice Punch|p1b: Garchomp
|-supereffective|p1b: Garchomp|2
|-damage|p1b: Garchomp|0 fnt
|-damage|p2b: Kangaskhan|1/100|[from] ability: Rough Skin|[of] p1b: Garchomp
|faint|p1b: Garchomp
|-damage|p2b: Kangaskhan|0 fnt|[from] item: Life Orb
|faint|p2b: Kangaskhan
|
|win|coglio6789
||koihoiboi is ready for game 2.
||coglio6789 is ready for game 2.
|uhtml|next|Next: Game 2 of 3
|l|‽coglio6789
|player|p2|
