|j|☆RiotJuice
|j|☆munchie2ff
|html|RiotJuicemunchie2ff    
|uhtml|bestof|Game 2 of a best-of-3
|t:|1783961671
|gametype|doubles
|player|p1|RiotJuice|janitor|
|player|p2|munchie2ff|colress|
|gen|9
|tier|[Gen 9 Champions] VGC 2026 Reg M-B (Bo3)
|rule|Species Clause: Limit one of each Pokémon
|rule|Item Clause: Limit 1 of each item
|clearpoke
|poke|p1|Delphox, L50, F|
|poke|p1|Incineroar, L50, M|
|poke|p1|Sinistcha, L50|
|poke|p1|Sneasler, L50, F|
|poke|p1|Blastoise, L50, F|
|poke|p1|Kingambit, L50, M|
|poke|p2|Charizard, L50, F|
|poke|p2|Floette-Eternal, L50, F|
|poke|p2|Whimsicott, L50, F|
|poke|p2|Kingambit, L50, F|
|poke|p2|Garchomp, L50, M|
|poke|p2|Basculegion, L50, M|
|teampreview|4
|showteam|p1|Delphox||Delphoxite|Blaze|HeatWave,Psyshock,NastyPlot,Protect|Timid||F|||50|]Incineroar||SitrusBerry|Intimidate|FakeOut,PartingShot,FlareBlitz,HelpingHand|Impish||M|||50|]Sinistcha||KasibBerry|Hospitality|Protect,MatchaGotcha,LifeDew,RagePowder|Bold|||||50|]Sneasler||FocusSash|PoisonTouch|CloseCombat,DireClaw,QuickGuard,FakeOut|Adamant||F|||50|]Blastoise||Blastoisinite|RainDish|Protect,WaterSpout,DarkPulse,ShellSmash|Modest||F|||50|]Kingambit||BlackGlasses|Defiant|KowtowCleave,SwordsDance,SuckerPunch,Protect|Adamant||M|||50|
|showteam|p2|Charizard||CharizarditeY|Blaze|HeatWave,WeatherBall,SolarBeam,Protect|Modest||F|||50|]Floette-Eternal||Floettite|FlowerVeil|DazzlingGleam,Protect,Moonblast,LightofRuin|Modest||F|||50|]Whimsicott||FocusSash|Prankster|Moonblast,Protect,Tailwind,Encore|Timid||F|||50|]Kingambit||ChopleBerry|Defiant|KowtowCleave,SuckerPunch,IronHead,Protect|Adamant||F|||50|]Garchomp||RoseliBerry|RoughSkin|DragonClaw,Earthquake,RockSlide,PoisonJab|Jolly||M|||50|]Basculegion||LifeOrb|Adaptability|WaveCrash,LastRespects,AquaJet,Protect|Adamant||M|||50|
|c|☆RiotJuice|+2 32+ Atk Black Glasses Kingambit Helping Hand Sucker Punch vs. 2 HP  / 0 Def Mega Floette: 135-160 (89.4 - 105.9%) -- 37.5% chance to OHKO
|c|☆RiotJuice|I think the double Fairy lead could still work
|c|☆RiotJuice|On Turn 1 you could Protect Floette + Moonblast Gambit, then on turn 2 pivot Floette to Chomp to block the Sucker and Moonblast again
|c|☆munchie2ff|lets try that
|c|☆RiotJuice|I'll run the same first two turns as I did last time, lets see how it goes
|
|t:|1783961790
|teamsize|p1|4
|teamsize|p2|4
|start
|switch|p1a: Incineroar|Incineroar, L50, M|100/100
|switch|p1b: Kingambit|Kingambit, L50, M|100/100
|switch|p2a: Whimbanyama|Whimsicott, L50, F|100/100
|switch|p2b: Outkast|Floette-Eternal, L50, F|100/100
|-ability|p1a: Incineroar|Intimidate|boost
|-block|p2a: Whimbanyama|ability: Flower Veil|[of] p2b: Outkast
|-unboost|p2b: Outkast|atk|1
|turn|1
|c|☆munchie2ff|one thing about moonblasting gambit is if i get the stat drop on it
|
|t:|1783961804
|move|p2b: Outkast|Protect|p2b: Outkast
|-singleturn|p2b: Outkast|Protect
|move|p1a: Incineroar|Fake Out|p2b: Outkast
|-activate|p2b: Outkast|move: Protect
|move|p2a: Whimbanyama|Moonblast|p1b: Kingambit
|-damage|p1b: Kingambit|61/100
|move|p1b: Kingambit|Swords Dance|p1b: Kingambit
|-boost|p1b: Kingambit|atk|2
|
|upkeep
|turn|2
|c|☆RiotJuice|I was thinking that you'd Mega Evolve anyway for the Fairy Aura boost
|c|☆munchie2ff|i forgot about that boost oops
|
|t:|1783961855
|switch|p2a: Jaws 4D|Garchomp, L50, M|100/100
|detailschange|p2b: Outkast|Floette-Mega, L50, F
|-mega|p2b: Outkast|Floette|Floettite
|-ability|p2b: Outkast|Fairy Aura
|move|p1a: Incineroar|Helping Hand|p1b: Kingambit
|-singleturn|p1b: Kingambit|Helping Hand|[of] p1a: Incineroar
|move|p1b: Kingambit|Sucker Punch|p2b: Outkast
|-resisted|p2b: Outkast|1
|-damage|p2b: Outkast|7/100
|move|p2b: Outkast|Moonblast|p1b: Kingambit
|-damage|p1b: Kingambit|0 fnt
|faint|p1b: Kingambit
|
|upkeep
|c|☆RiotJuice|That wasn't the order I was expecting but it works
|c|☆RiotJuice|I'd meant to switch Floette out on Turn 2 so the Sucker Punch fails
|c|☆munchie2ff|ah ok i see
|c|☆RiotJuice|but if you move some Special Attack into HP or Defense to guarantee the survival this line is fine too
|
|t:|1783961932
|switch|p1b: Delphox|Delphox, L50, F|100/100
|turn|3
|
|t:|1783961957
|switch|p2b: Bascline Junkie|Basculegion, L50, M|100/100
|detailschange|p1b: Delphox|Delphox-Mega, L50, F
|-mega|p1b: Delphox|Delphox|Delphoxite
|move|p1b: Delphox|Nasty Plot|p1b: Delphox
|-boost|p1b: Delphox|spa|2
|move|p2a: Jaws 4D|Rock Slide|p1a: Incineroar|[spread] p1a,p1b
|-supereffective|p1a: Incineroar|1
|-supereffective|p1b: Delphox|1
|-damage|p1a: Incineroar|71/100
|-damage|p1b: Delphox|61/100
|cant|p1a: Incineroar|flinch
|
|upkeep
|turn|4
|
|t:|1783961977
|move|p1b: Delphox|Protect|p1b: Delphox
|-singleturn|p1b: Delphox|Protect
|move|p2b: Bascline Junkie|Aqua Jet|p1b: Delphox
|-activate|p1b: Delphox|move: Protect
|move|p2a: Jaws 4D|Earthquake|p1a: Incineroar|[spread] p2b,p1a
|-activate|p1b: Delphox|move: Protect
|-supereffective|p1a: Incineroar|1
|-damage|p2b: Bascline Junkie|59/100
|-damage|p1a: Incineroar|14/100
|-enditem|p1a: Incineroar|Sitrus Berry|[eat]
|-heal|p1a: Incineroar|39/100|[from] item: Sitrus Berry
|move|p1a: Incineroar|Parting Shot|p2a: Jaws 4D
|-unboost|p2a: Jaws 4D|atk|1
|-unboost|p2a: Jaws 4D|spa|1
|
|t:|1783961986
|switch|p1a: Sneasler|Sneasler, L50, F|100/100|[from] Parting Shot
|
|upkeep
|turn|5
|
|t:|1783961996
|move|p1a: Sneasler|Quick Guard|p1a: Sneasler
|-singleturn|p1a: Sneasler|Quick Guard
|move|p2b: Bascline Junkie|Aqua Jet|p1b: Delphox
|-activate|p1b: Delphox|move: Quick Guard
|move|p1b: Delphox|Heat Wave|p2a: Jaws 4D|[spread] p2a,p2b
|-resisted|p2a: Jaws 4D|1
|-resisted|p2b: Bascline Junkie|1
|-damage|p2a: Jaws 4D|56/100
|-damage|p2b: Bascline Junkie|15/100
|move|p2a: Jaws 4D|Rock Slide|p1a: Sneasler|[spread] p1a,p1b
|-resisted|p1a: Sneasler|1
|-supereffective|p1b: Delphox|1
|-damage|p1a: Sneasler|89/100
|-damage|p1b: Delphox|33/100
|
|upkeep
|turn|6
|
|t:|1783962022
|move|p1b: Delphox|Protect|p1b: Delphox
|-singleturn|p1b: Delphox|Protect
|move|p1a: Sneasler|Close Combat|p2a: Jaws 4D
|-damage|p2a: Jaws 4D|0 fnt
|-unboost|p1a: Sneasler|def|1
|-unboost|p1a: Sneasler|spd|1
|-damage|p1a: Sneasler|76/100|[from] ability: Rough Skin|[of] p2a: Jaws 4D
|faint|p2a: Jaws 4D
|move|p2b: Bascline Junkie|Last Respects|p1b: Delphox
|-activate|p1b: Delphox|move: Protect
|
|upkeep
|
|t:|1783962028
|switch|p2a: Whimbanyama|Whimsicott, L50, F|100/100
|turn|7
|
|t:|1783962067
|switch|p1b: Incineroar|Incineroar, L50, M|39/100
|-ability|p1b: Incineroar|Intimidate|boost
|-unboost|p2a: Whimbanyama|atk|1
|-unboost|p2b: Bascline Junkie|atk|1
|move|p2a: Whimbanyama|Tailwind|p2a: Whimbanyama
|-sidestart|p2: munchie2ff|move: Tailwind
|move|p2b: Bascline Junkie|Wave Crash|p1b: Incineroar
|-supereffective|p1b: Incineroar|1
|-damage|p1b: Incineroar|0 fnt
|faint|p1b: Incineroar
|-damage|p2b: Bascline Junkie|2/100|[from] Recoil
|-damage|p2b: Bascline Junkie|0 fnt|[from] item: Life Orb
|faint|p2b: Bascline Junkie
|move|p1a: Sneasler|Dire Claw|p2a: Whimbanyama
|-supereffective|p2a: Whimbanyama|2
|-enditem|p2a: Whimbanyama|Focus Sash
|-damage|p2a: Whimbanyama|1/100
|
|upkeep
|
|t:|1783962081
|switch|p2b: Outkast|Floette-Mega, L50, F|7/100
|switch|p1b: Delphox|Delphox-Mega, L50, F|33/100
|-ability|p2b: Outkast|Fairy Aura
|turn|8
|
|t:|1783962100
|move|p2a: Whimbanyama|Moonblast|p1a: Sneasler
|-damage|p1a: Sneasler|0 fnt
|faint|p1a: Sneasler
|move|p2b: Outkast|Moonblast|p1b: Delphox
|-resisted|p1b: Delphox|1
|-damage|p1b: Delphox|0 fnt
|faint|p1b: Delphox
|
|win|munchie2ff
||munchie2ff is ready for game 3.
||RiotJuice is ready for game 3.
|uhtml|next|Next: Game 3 of 3
