|j|☆jamesyjaems
|j|☆MBW 2099
|html|jamesyjaemsMBW 2099    
|uhtml|bestof|Game 2 of a best-of-3
|t:|1757780667
|gametype|doubles
|player|p1|jamesyjaems|102|1058
|player|p2|MBW 2099|veteran|1091
|gen|9
|tier|[Gen 9] VGC 2025 Reg H (Bo3)
|rated|
|rule|Species Clause: Limit one of each Pokémon
|rule|Item Clause: Limit 1 of each item
|clearpoke
|poke|p1|Sneasler, L50, F|
|poke|p1|Palafin, L50, M|
|poke|p1|Amoonguss, L50, F|
|poke|p1|Indeedee, L50, M|
|poke|p1|Pelipper, L50, M|
|poke|p1|Archaludon, L50, M|
|poke|p2|Indeedee-F, L50, F|
|poke|p2|Sneasler, L50, F|
|poke|p2|Gholdengo, L50|
|poke|p2|Corviknight, L50, F|
|poke|p2|Incineroar, L50, F|
|poke|p2|Volcarona, L50, F|
|teampreview|4
|showteam|p1|Sneasler||PsychicSeed|Unburden|DireClaw,CloseCombat,ThroatChop,Protect|||F|||50|,,,,,Dark]Palafin||EjectPack|ZerotoHero|JetPunch,WaveCrash,CloseCombat,Acrobatics|||M|||50|,,,,,Stellar]Amoonguss||CovertCloak|Regenerator|PollenPuff,RagePowder,Spore,Protect|||F|||50|,,,,,Water]Indeedee||SafetyGoggles|PsychicSurge|ExpandingForce,HyperVoice,Imprison,Protect|||M|||50|,,,,,Psychic]Pelipper||FocusSash|Drizzle|Hurricane,WeatherBall,Tailwind,Protect|||M|||50|,,,,,Ghost]Archaludon||AssaultVest|Stamina|ElectroShot,FlashCannon,BodyPress,Snarl|||M|||50|,,,,,Fairy
|showteam|p2|Indeedee-F||SafetyGoggles|PsychicSurge|DazzlingGleam,Imprison,TrickRoom,FollowMe|||F|||50|,,,,,Fairy]Sneasler||PsychicSeed|Unburden|DireClaw,Protect,CloseCombat,ThroatChop|||F|||50|,,,,,Dark]Gholdengo||LifeOrb|GoodasGold|MakeItRain,NastyPlot,Protect,Thunderbolt||||||50|,,,,,Water]Corviknight||MentalHerb|MirrorArmor|BraveBird,IronDefense,BodyPress,Tailwind|||F|||50|,,,,,Flying]Incineroar||SitrusBerry|Intimidate|KnockOff,PartingShot,FakeOut,Taunt|||F|||50|,,,,,Water]Volcarona||Leftovers|FlameBody|StruggleBug,Protect,HeatWave,QuiverDance|||F|||50|,,,,,Flying
|inactive|Battle timer is ON: inactive players will automatically lose when time's up. (requested by MBW 2099)
|inactive|jamesyjaems has 60 seconds left.
|
|t:|1757780712
|teamsize|p1|4
|teamsize|p2|4
|start
|switch|p1a: Palafin|Palafin, L50, M|100/100
|switch|p1b: Amoonguss|Amoonguss, L50, F|100/100
|switch|p2a: Indeedee|Indeedee-F, L50, F|100/100
|switch|p2b: Sneasler|Sneasler, L50, F|100/100
|-fieldstart|move: Psychic Terrain|[from] ability: Psychic Surge|[of] p2a: Indeedee
|-enditem|p2b: Sneasler|Psychic Seed
|-boost|p2b: Sneasler|spd|1|[from] item: Psychic Seed
|turn|1
|
|t:|1757780738
|move|p2a: Indeedee|Follow Me|p2a: Indeedee
|-singleturn|p2a: Indeedee|move: Follow Me
|move|p1b: Amoonguss|Rage Powder|p1b: Amoonguss
|-singleturn|p1b: Amoonguss|move: Rage Powder
|move|p2b: Sneasler|Dire Claw|p1b: Amoonguss
|-crit|p1b: Amoonguss
|-damage|p1b: Amoonguss|27/100
|move|p1a: Palafin|Close Combat|p2a: Indeedee
|-damage|p2a: Indeedee|76/100
|-unboost|p1a: Palafin|def|1
|-unboost|p1a: Palafin|spd|1
|-enditem|p1a: Palafin|Eject Pack
|
|t:|1757780755
|detailschange|p1a: Palafin|Palafin-Hero, L50, M
|switch|p1a: Archaludon|Archaludon, L50, M|100/100
|
|upkeep
|turn|2
|
|t:|1757780778
|switch|p1b: Pelipper|Pelipper, L50, M|100/100
|-weather|RainDance|[from] ability: Drizzle|[of] p1b: Pelipper
|move|p2a: Indeedee|Follow Me|p2a: Indeedee
|-singleturn|p2a: Indeedee|move: Follow Me
|move|p2b: Sneasler|Close Combat|p1a: Archaludon
|-supereffective|p1a: Archaludon
|-damage|p1a: Archaludon|0 fnt
|-unboost|p2b: Sneasler|def|1
|-unboost|p2b: Sneasler|spd|1
|faint|p1a: Archaludon
|
|-weather|RainDance|[upkeep]
|upkeep
|
|t:|1757780794
|switch|p1a: Amoonguss|Amoonguss, L50, F|60/100
|turn|3
|
|t:|1757780814
|move|p1a: Amoonguss|Protect|p1a: Amoonguss
|-singleturn|p1a: Amoonguss|Protect
|move|p2a: Indeedee|Follow Me|p2a: Indeedee
|-singleturn|p2a: Indeedee|move: Follow Me
|move|p2b: Sneasler|Dire Claw|p1b: Pelipper
|-damage|p1b: Pelipper|63/100
|-status|p1b: Pelipper|psn
|move|p1b: Pelipper|Tailwind|p1b: Pelipper
|-sidestart|p1: jamesyjaems|move: Tailwind
|
|-weather|RainDance|[upkeep]
|-damage|p1b: Pelipper|51/100 psn|[from] psn
|upkeep
|turn|4
|inactive|jamesyjaems has 30 seconds left.
|
|t:|1757780845
|move|p2a: Indeedee|Follow Me|p2a: Indeedee
|-singleturn|p2a: Indeedee|move: Follow Me
|move|p2b: Sneasler|Dire Claw|p1a: Amoonguss
|-damage|p1a: Amoonguss|10/100
|move|p1b: Pelipper|Hurricane|p2a: Indeedee
|-damage|p2a: Indeedee|39/100
|move|p1a: Amoonguss|Pollen Puff|p2a: Indeedee
|-supereffective|p2a: Indeedee
|-damage|p2a: Indeedee|1/100
|
|-weather|RainDance|[upkeep]
|-damage|p1b: Pelipper|39/100 psn|[from] psn
|upkeep
|turn|5
|inactive|MBW 2099 has 30 seconds left.
|inactive|MBW 2099 has 20 seconds left.
|inactive|MBW 2099 has 15 seconds left.
|inactive|MBW 2099 has 10 seconds left.
|inactive|MBW 2099 has 5 seconds left.
|
|t:|1757780899
|switch|p1a: Palafin|Palafin-Hero, L50, M|100/100
|-activate|p1a: Palafin|ability: Zero to Hero
|move|p2a: Indeedee|Follow Me|p2a: Indeedee
|-singleturn|p2a: Indeedee|move: Follow Me
|move|p2b: Sneasler|Dire Claw|p1b: Pelipper
|-damage|p1b: Pelipper|3/100 psn
|move|p1b: Pelipper|Hurricane|p2a: Indeedee
|-damage|p2a: Indeedee|0 fnt
|faint|p2a: Indeedee
|
|-weather|RainDance|[upkeep]
|-damage|p1b: Pelipper|0 fnt|[from] psn
|faint|p1b: Pelipper
|-fieldend|move: Psychic Terrain
|upkeep
|
|t:|1757780918
|switch|p2a: Gholdengo|Gholdengo, L50|100/100
|switch|p1b: Amoonguss|Amoonguss, L50, F|43/100
|turn|6
|
|t:|1757780941
|-terastallize|p1a: Palafin|Stellar
|move|p1b: Amoonguss|Rage Powder|p1b: Amoonguss
|-singleturn|p1b: Amoonguss|move: Rage Powder
|move|p2b: Sneasler|Dire Claw|p1b: Amoonguss
|-damage|p1b: Amoonguss|0 fnt
|faint|p1b: Amoonguss
|move|p1a: Palafin|Acrobatics|p2b: Sneasler
|-supereffective|p2b: Sneasler
|-damage|p2b: Sneasler|0 fnt
|faint|p2b: Sneasler
|move|p2a: Gholdengo|Thunderbolt|p1a: Palafin
|-supereffective|p1a: Palafin
|-damage|p1a: Palafin|19/100
|-damage|p2a: Gholdengo|91/100|[from] item: Life Orb
|
|-weather|none
|-sideend|p1: jamesyjaems|move: Tailwind
|upkeep
|
|t:|1757780957
|switch|p2b: Corviknight|Corviknight, L50, F|100/100
|turn|7
|-message|jamesyjaems forfeited.
|
|win|MBW 2099
|raw|jamesyjaems's rating: 1058 → 1041(-17 for losing)
|raw|MBW 2099's rating: 1091 → 1115(+24 for winning)
|l|☆jamesyjaems
|player|p1|
