|j|☆smokeytrainer
|j|☆ProfessorSorin
|html|smokeytrainerProfessorSorin    
|uhtml|bestof|Game 1 of a best-of-3
|t:|1784522195
|gametype|doubles
|player|p1|smokeytrainer|rhi|1079
|player|p2|ProfessorSorin|169|1118
|gen|9
|tier|[Gen 9 Champions] VGC 2026 Reg M-B (Bo3)
|rated|
|rule|Species Clause: Limit one of each Pokémon
|rule|Item Clause: Limit 1 of each item
|clearpoke
|poke|p1|Swampert, L50, F|
|poke|p1|Pelipper, L50, F|
|poke|p1|Basculegion, L50, M|
|poke|p1|Sableye, L50, M|
|poke|p1|Archaludon, L50, M|
|poke|p1|Maushold, L50|
|poke|p2|Farigiraf, L50, F, shiny|
|poke|p2|Blastoise, L50, M, shiny|
|poke|p2|Sylveon, L50, F, shiny|
|poke|p2|Torkoal, L50, M, shiny|
|poke|p2|Vileplume, L50, M, shiny|
|poke|p2|Kingambit, L50, M, shiny|
|teampreview|4
|showteam|p1|Swampert||Swampertite|Torrent|WaveCrash,Earthquake,Yawn,WideGuard|Adamant||F|||50|]Pelipper||SitrusBerry|Drizzle|Tailwind,WeatherBall,Hurricane,WideGuard|Modest||F|||50|]Basculegion||LifeOrb|Adaptability|WaveCrash,LastRespects,AquaJet,Protect|Jolly||M|||50|]Sableye||FocusSash|Prankster|RainDance,FoulPlay,WillOWisp,Encore|Impish||M|||50|]Archaludon||Leftovers|Stamina|ElectroShot,DracoMeteor,FlashCannon,Protect|Modest||M|||50|]Maushold||ChopleBerry|FriendGuard|FollowMe,Taunt,SuperFang,Protect|Impish|||||50|
|showteam|p2|Farigiraf||ColburBerry|ArmorTail|TrickRoom,Protect,Imprison,Psychic|Relaxed||F|||50|]Blastoise||Blastoisinite|RainDish|WaterSpout,AuraSphere,DarkPulse,FakeOut|Quiet||M|||50|]Sylveon||FairyFeather|Pixilate|HyperVoice,MysticalFire,CalmMind,Detect|Quiet||F|||50|]Torkoal||Charcoal|Drought|Eruption,HeatWave,Protect,WeatherBall|Quiet||M|||50|]Vileplume||FocusSash|Chlorophyll|AfterYou,EnergyBall,SludgeBomb,SleepPowder|Timid||M|||50|]Kingambit||BlackGlasses|Defiant|KowtowCleave,IronHead,SuckerPunch,Protect|Brave||M|||50|
|inactive|Battle timer is ON: inactive players will automatically lose when time's up. (requested by smokeytrainer)
|
|t:|1784522210
|teamsize|p1|4
|teamsize|p2|4
|start
|switch|p1a: Swampert|Swampert, L50, F|100/100
|switch|p1b: Sableye|Sableye, L50, M|100/100
|switch|p2a: Farigiraf|Farigiraf, L50, F, shiny|100/100
|switch|p2b: Blastoise|Blastoise, L50, M, shiny|100/100
|turn|1
|inactive|smokeytrainer has 30 seconds left.
|
|t:|1784522237
|detailschange|p2b: Blastoise|Blastoise-Mega, L50, M, shiny
|-mega|p2b: Blastoise|Blastoise|Blastoisinite
|detailschange|p1a: Swampert|Swampert-Mega, L50, F
|-mega|p1a: Swampert|Swampert|Swampertite
|move|p2b: Blastoise|Fake Out|p1a: Swampert
|-damage|p1a: Swampert|92/100
|move|p1b: Sableye|Will-O-Wisp||[still]
|cant|p2a: Farigiraf|ability: Armor Tail|Will-O-Wisp|[of] p1b: Sableye
|cant|p1a: Swampert|flinch
|move|p2a: Farigiraf|Trick Room|p2a: Farigiraf
|-fieldstart|move: Trick Room|[of] p2a: Farigiraf
|
|upkeep
|turn|2
|
|t:|1784522254
|switch|p1b: Pelipper|Pelipper, L50, F|100/100
|-weather|RainDance|[from] ability: Drizzle|[of] p1b: Pelipper
|move|p1a: Swampert|Wide Guard|p1a: Swampert
|-singleturn|p1a: Swampert|Wide Guard
|move|p2a: Farigiraf|Psychic|p1a: Swampert
|-damage|p1a: Swampert|66/100
|move|p2b: Blastoise|Dark Pulse|p1a: Swampert
|-damage|p1a: Swampert|28/100
|
|-weather|RainDance|[upkeep]
|upkeep
|turn|3
|inactive|ProfessorSorin has 30 seconds left.
|
|t:|1784522281
|switch|p1a: Sableye|Sableye, L50, M|100/100
|move|p2a: Farigiraf|Psychic|p1b: Pelipper
|-damage|p1b: Pelipper|38/100
|-enditem|p1b: Pelipper|Sitrus Berry|[eat]
|-heal|p1b: Pelipper|63/100|[from] item: Sitrus Berry
|move|p2b: Blastoise|Aura Sphere|p1a: Sableye
|-immune|p1a: Sableye
|move|p1b: Pelipper|Hurricane|p2a: Farigiraf
|-damage|p2a: Farigiraf|54/100
|
|-weather|RainDance|[upkeep]
|upkeep
|turn|4
|
|t:|1784522303
|move|p1a: Sableye|Foul Play|p2a: Farigiraf
|-supereffective|p2a: Farigiraf|1
|-enditem|p2a: Farigiraf|Colbur Berry|[eat]
|-enditem|p2a: Farigiraf|Colbur Berry|[weaken]
|-damage|p2a: Farigiraf|33/100
|move|p2a: Farigiraf|Psychic|p1b: Pelipper
|-damage|p1b: Pelipper|5/100
|move|p2b: Blastoise|Dark Pulse|p1b: Pelipper
|-damage|p1b: Pelipper|0 fnt
|faint|p1b: Pelipper
|
|-weather|RainDance|[upkeep]
|upkeep
|
|t:|1784522314
|switch|p1b: Basculegion|Basculegion, L50, M|100/100
|turn|5
|
|t:|1784522331
|switch|p2a: Torkoal|Torkoal, L50, M, shiny|100/100
|-weather|SunnyDay|[from] ability: Drought|[of] p2a: Torkoal
|move|p1b: Basculegion|Aqua Jet|p2a: Torkoal
|-supereffective|p2a: Torkoal|1
|-damage|p2a: Torkoal|73/100
|-damage|p1b: Basculegion|90/100|[from] item: Life Orb
|move|p1a: Sableye|Foul Play|p2a: Torkoal
|-damage|p2a: Torkoal|51/100
|move|p2b: Blastoise|Dark Pulse|p1b: Basculegion
|-supereffective|p1b: Basculegion|1
|-damage|p1b: Basculegion|0 fnt
|faint|p1b: Basculegion
|
|-weather|SunnyDay|[upkeep]
|-fieldend|move: Trick Room
|upkeep
|
|t:|1784522345
|switch|p1b: Swampert|Swampert-Mega, L50, F|28/100
|turn|6
|
|t:|1784522361
|move|p2a: Torkoal|Protect|p2a: Torkoal
|-singleturn|p2a: Torkoal|Protect
|move|p1a: Sableye|Rain Dance|p1a: Sableye
|-weather|RainDance
|move|p1b: Swampert|Earthquake|p2a: Torkoal|[spread] p1a,p2b
|-activate|p2a: Torkoal|move: Protect
|-damage|p1a: Sableye|42/100
|-damage|p2b: Blastoise|60/100
|move|p2b: Blastoise|Dark Pulse|p1b: Swampert
|-damage|p1b: Swampert|0 fnt
|faint|p1b: Swampert
|
|-weather|RainDance|[upkeep]
|upkeep
|turn|7
|-message|smokeytrainer forfeited.
|
|win|ProfessorSorin
|l|☆smokeytrainer
|player|p1|
||smokeytrainer is ready for game 2.
