|j|☆mattmoosegoose
|j|☆Zephrhills
|html|mattmoosegooseZephrhills    
|uhtml|bestof|Game 1 of a best-of-3
|t:|1785890271
|gametype|doubles
|player|p1|mattmoosegoose|ghetsis-gen5bw|
|player|p2|Zephrhills|miku-ghost|
|gen|9
|tier|[Gen 9 Champions] VGC 2026 Reg M-B (Bo3)
|rule|Species Clause: Limit one of each Pokémon
|rule|Item Clause: Limit 1 of each item
|clearpoke
|poke|p1|Tyranitar, L50, F|
|poke|p1|Metagross, L50, shiny|
|poke|p1|Staraptor, L50, M|
|poke|p1|Typhlosion-Hisui, L50, F|
|poke|p1|Overqwil, L50, F, shiny|
|poke|p1|Simisage, L50, M|
|poke|p2|Blaziken, L50, F|
|poke|p2|Meowstic, L50, M|
|poke|p2|Rotom-Wash, L50|
|poke|p2|Gliscor, L50, F|
|poke|p2|Greninja, L50, F, shiny|
|poke|p2|Dragapult, L50, F|
|teampreview|4
|showteam|p1|Tyranitar||Tyranitarite|SandStream|Earthquake,Protect,Superpower,FireFang|Brave||F|||50|]Metagross||Metagrossite|ClearBody|Earthquake,MeteorMash,Protect,BulletPunch|Jolly|||||50|]Staraptor||Staraptite|Intimidate|CloseCombat,Tailwind,BraveBird,Protect|Jolly||M|||50|]Typhlosion-Hisui||ChoiceScarf|Blaze|Flamethrower,FireBlast,Protect,ShadowBall|Timid||F|||50|]Overqwil||LifeOrb|SwiftSwim|Crunch,SludgeWave,IceBeam,Liquidation|Naughty||F|||50|]Simisage||FocusSash|Overgrow|EnergyBall,FakeOut,Protect,ShadowClaw|Hasty||M|||50|
|showteam|p2|Blaziken||Blazikenite|SpeedBoost|CloseCombat,Earthquake,HeatWave,Detect|Adamant||F|||50|]Meowstic||Meowsticite|KeenEye|Yawn,LightScreen,FakeOut,TrickRoom|Bold||M|||50|]Rotom-Wash||Leftovers|Levitate|Discharge,HydroPump,ShadowBall,Reflect|Bold|||||50|]Gliscor||SitrusBerry|HyperCutter|Earthquake,KnockOff,Acrobatics,Tailwind|Impish||F|||50|]Greninja||LifeOrb|Protean|IceBeam,Surf,Taunt,Extrasensory|Mild||F|||50|]Dragapult||SpellTag|Infiltrator|ShadowBall,Disable,Curse,WillOWisp|Modest||F|||50|
|
|t:|1785890310
|teamsize|p1|4
|teamsize|p2|4
|start
|switch|p1a: Simisage|Simisage, L50, M|100/100
|switch|p1b: Staraptor|Staraptor, L50, M|100/100
|switch|p2a: Blaziken|Blaziken, L50, F|100/100
|switch|p2b: Gliscor|Gliscor, L50, F|100/100
|-ability|p1b: Staraptor|Intimidate|boost
|-unboost|p2a: Blaziken|atk|1
|-fail|p2b: Gliscor|unboost|Attack|[from] ability: Hyper Cutter|[of] p2b: Gliscor
|turn|1
|
|t:|1785890329
|move|p2a: Blaziken|Detect|p2a: Blaziken
|-singleturn|p2a: Blaziken|Protect
|move|p1a: Simisage|Fake Out|p2a: Blaziken
|-activate|p2a: Blaziken|move: Protect
|move|p1b: Staraptor|Tailwind|p1b: Staraptor
|-sidestart|p1: mattmoosegoose|move: Tailwind
|move|p2b: Gliscor|Tailwind|p2b: Gliscor
|-sidestart|p2: Zephrhills|move: Tailwind
|
|-ability|p2a: Blaziken|Speed Boost|boost
|-boost|p2a: Blaziken|spe|1
|upkeep
|turn|2
|
|t:|1785890365
|switch|p2a: Rotom|Rotom-Wash, L50|100/100
|switch|p1a: 6 pt goat|Overqwil, L50, F, shiny|100/100
|detailschange|p1b: Staraptor|Staraptor-Mega, L50, M
|-mega|p1b: Staraptor|Staraptor|Staraptite
|move|p1b: Staraptor|Close Combat|p2a: Rotom
|-damage|p2a: Rotom|36/100
|-boost|p1b: Staraptor|def|1
|-boost|p1b: Staraptor|spd|1
|move|p2b: Gliscor|Knock Off|p1a: 6 pt goat
|-resisted|p1a: 6 pt goat|1
|-damage|p1a: 6 pt goat|85/100
|-enditem|p1a: 6 pt goat|Life Orb|[from] move: Knock Off|[of] p2b: Gliscor
|
|-heal|p2a: Rotom|41/100|[from] item: Leftovers
|upkeep
|turn|3
|
|t:|1785890404
|switch|p2a: Dragapult|Dragapult, L50, F|100/100
|move|p1b: Staraptor|Close Combat|p2a: Dragapult
|-immune|p2a: Dragapult
|move|p1a: 6 pt goat|Ice Beam|p2b: Gliscor
|-supereffective|p2b: Gliscor|2
|-damage|p2b: Gliscor|25/100
|-enditem|p2b: Gliscor|Sitrus Berry|[eat]
|-heal|p2b: Gliscor|50/100y|[from] item: Sitrus Berry
|move|p2b: Gliscor|Acrobatics|p1b: Staraptor
|-supereffective|p1b: Staraptor|1
|-damage|p1b: Staraptor|40/100
|
|upkeep
|turn|4
|
|t:|1785890455
|move|p1b: Staraptor|Protect|p1b: Staraptor
|-singleturn|p1b: Staraptor|Protect
|move|p2a: Dragapult|Shadow Ball|p1b: Staraptor
|-activate|p1b: Staraptor|move: Protect
|move|p1a: 6 pt goat|Ice Beam|p2a: Dragapult
|-supereffective|p2a: Dragapult|1
|-crit|p2a: Dragapult
|-damage|p2a: Dragapult|38/100
|move|p2b: Gliscor|Earthquake|p1a: 6 pt goat|[spread] p2a,p1a
|-activate|p1b: Staraptor|move: Protect
|-supereffective|p1a: 6 pt goat|1
|-damage|p2a: Dragapult|0 fnt
|-damage|p1a: 6 pt goat|16/100
|faint|p2a: Dragapult
|
|-sideend|p1: mattmoosegoose|move: Tailwind
|-sideend|p2: Zephrhills|move: Tailwind
|upkeep
|
|t:|1785890473
|switch|p2a: Blaziken|Blaziken, L50, F|100/100
|turn|5
|
|t:|1785890490
|detailschange|p2a: Blaziken|Blaziken-Mega, L50, F
|-mega|p2a: Blaziken|Blaziken|Blazikenite
|move|p2a: Blaziken|Detect|p2a: Blaziken
|-singleturn|p2a: Blaziken|Protect
|move|p1b: Staraptor|Close Combat|p2a: Blaziken
|-activate|p2a: Blaziken|move: Protect
|move|p1a: 6 pt goat|Liquidation|p2b: Gliscor
|-supereffective|p2b: Gliscor|1
|-damage|p2b: Gliscor|9/100
|move|p2b: Gliscor|Acrobatics|p1b: Staraptor
|-supereffective|p1b: Staraptor|1
|-damage|p1b: Staraptor|0 fnt
|faint|p1b: Staraptor
|
|-ability|p2a: Blaziken|Speed Boost|boost
|-boost|p2a: Blaziken|spe|1
|upkeep
|
|t:|1785890509
|switch|p1b: Simisage|Simisage, L50, M|100/100
|turn|6
|
|t:|1785890519
|switch|p2b: Rotom|Rotom-Wash, L50|41/100
|move|p1b: Simisage|Fake Out|p2a: Blaziken
|-damage|p2a: Blaziken|84/100
|cant|p2a: Blaziken|flinch
|move|p1a: 6 pt goat|Ice Beam|p2b: Rotom
|-resisted|p2b: Rotom|1
|-damage|p2b: Rotom|33/100
|
|-heal|p2b: Rotom|39/100|[from] item: Leftovers
|-ability|p2a: Blaziken|Speed Boost|boost
|-boost|p2a: Blaziken|spe|1
|upkeep
|turn|7
|
|t:|1785890537
|move|p2a: Blaziken|Heat Wave|p1b: Simisage|[spread] p1a,p1b
|-supereffective|p1b: Simisage|1
|-damage|p1a: 6 pt goat|0 fnt
|-enditem|p1b: Simisage|Focus Sash
|-damage|p1b: Simisage|1/100
|faint|p1a: 6 pt goat
|move|p1b: Simisage|Energy Ball|p2b: Rotom
|-supereffective|p2b: Rotom|1
|-damage|p2b: Rotom|0 fnt
|faint|p2b: Rotom
|
|-ability|p2a: Blaziken|Speed Boost|boost
|-boost|p2a: Blaziken|spe|1
|upkeep
|
|t:|1785890549
|switch|p1a: Metagross|Metagross, L50, shiny|100/100
|switch|p2b: Gliscor|Gliscor, L50, F|9/100
|turn|8
|
|t:|1785890569
|move|p1b: Simisage|Protect|p1b: Simisage
|-singleturn|p1b: Simisage|Protect
|move|p2a: Blaziken|Heat Wave|p1b: Simisage|[spread] p1a
|-activate|p1b: Simisage|move: Protect
|-supereffective|p1a: Metagross|1
|-damage|p1a: Metagross|35/100
|move|p1a: Metagross|Earthquake|p2b: Gliscor|[spread] p2a
|-activate|p1b: Simisage|move: Protect
|-immune|p2b: Gliscor
|-supereffective|p2a: Blaziken|1
|-damage|p2a: Blaziken|22/100
|move|p2b: Gliscor|Knock Off|p1a: Metagross
|-supereffective|p1a: Metagross|1
|-damage|p1a: Metagross|5/100
|
|-ability|p2a: Blaziken|Speed Boost|boost
|-boost|p2a: Blaziken|spe|1
|upkeep
|turn|9
|
|t:|1785890596
|move|p1a: Metagross|Bullet Punch|p2a: Blaziken
|-resisted|p2a: Blaziken|1
|-damage|p2a: Blaziken|8/100
|move|p2a: Blaziken|Heat Wave|p1b: Simisage|[spread] p1a
|-miss|p2a: Blaziken|p1b: Simisage
|-supereffective|p1a: Metagross|1
|-damage|p1a: Metagross|0 fnt
|faint|p1a: Metagross
|move|p1b: Simisage|Shadow Claw|p2b: Gliscor
|-crit|p2b: Gliscor
|-damage|p2b: Gliscor|0 fnt
|faint|p2b: Gliscor
|
|-ability|p2a: Blaziken|Speed Boost|boost
|-boost|p2a: Blaziken|spe|1
|upkeep
|turn|10
|
|t:|1785890613
|move|p2a: Blaziken|Close Combat|p1b: Simisage
|-damage|p1b: Simisage|0 fnt
|-unboost|p2a: Blaziken|def|1
|-unboost|p2a: Blaziken|spd|1
|faint|p1b: Simisage
|
|win|Zephrhills
||Zephrhills is ready for game 2.
||mattmoosegoose is ready for game 2.
|uhtml|next|Next: Game 2 of 3
|l|☆mattmoosegoose
|player|p1|
