|j|☆KodeBeast0526
|j|☆mygreat
|html|KodeBeast0526mygreat    
|uhtml|bestof|Game 2 of a best-of-3
|t:|1784695087
|gametype|doubles
|player|p1|KodeBeast0526|hiker|1221
|player|p2|mygreat|lance|1296
|gen|9
|tier|[Gen 9 Champions] VGC 2026 Reg M-B (Bo3)
|rated|
|rule|Species Clause: Limit one of each Pokémon
|rule|Item Clause: Limit 1 of each item
|clearpoke
|poke|p1|Aerodactyl, L50, M|
|poke|p1|Kingambit, L50, M|
|poke|p1|Sylveon, L50, M|
|poke|p1|Garchomp, L50, M|
|poke|p1|Charizard, L50, M|
|poke|p1|Farigiraf, L50, F, shiny|
|poke|p2|Whimsicott, L50, F|
|poke|p2|Glimmora, L50, M|
|poke|p2|Charizard, L50, F|
|poke|p2|Garchomp, L50, F|
|poke|p2|Kingambit, L50, F|
|poke|p2|Basculegion, L50, M|
|teampreview|4
|showteam|p1|Aerodactyl||Aerodactylite|Unnerve|RockSlide,IceFang,Tailwind,WideGuard|Jolly||M|||50|]Kingambit||FocusSash|Defiant|KowtowCleave,SuckerPunch,IronHead,LowKick|Adamant||M|||50|]Sylveon||FairyFeather|Pixilate|Detect,HyperVoice,HyperBeam,QuickAttack|Modest||M|||50|]Garchomp||LifeOrb|RoughSkin|Earthquake,DragonClaw,StompingTantrum,Protect|Jolly||M|||50|]Charizard||CharizarditeY|Blaze|Protect,HeatWave,SolarBeam,WeatherBall|Modest||M|||50|]Farigiraf||SitrusBerry|ArmorTail|Thunderbolt,PsychicNoise,TrickRoom,HelpingHand|Bold||F|||50|
|showteam|p2|Whimsicott||FairyFeather|Prankster|Moonblast,Encore,Protect,Tailwind|Timid||F|||50|]Glimmora||FocusSash|ToxicDebris|PowerGem,EarthPower,SludgeBomb,SpikyShield|Modest||M|||50|]Charizard||CharizarditeY|Blaze|SolarBeam,WeatherBall,HeatWave,Protect|Modest||F|||50|]Garchomp||LifeOrb|RoughSkin|DragonClaw,RockSlide,Earthquake,Protect|Jolly||F|||50|]Kingambit||BlackGlasses|Defiant|IronHead,KowtowCleave,SuckerPunch,Protect|Adamant||F|||50|]Basculegion||MysticWater|Adaptability|AquaJet,WaveCrash,LastRespects,Protect|Adamant||M|||50|
|inactive|Battle timer is ON: inactive players will automatically lose when time's up. (requested by mygreat)
|inactive|KodeBeast0526 has 60 seconds left.
|
|t:|1784695125
|teamsize|p1|4
|teamsize|p2|4
|start
|switch|p1a: Farigiraf|Farigiraf, L50, F, shiny|100/100
|switch|p1b: Kingambit|Kingambit, L50, M|100/100
|switch|p2a: Whimsicott|Whimsicott, L50, F|100/100
|switch|p2b: Kingambit|Kingambit, L50, F|100/100
|turn|1
|
|t:|1784695141
|move|p2a: Whimsicott|Moonblast|p1a: Farigiraf
|-damage|p1a: Farigiraf|57/100
|move|p1b: Kingambit|Low Kick|p2b: Kingambit
|-supereffective|p2b: Kingambit|2
|-damage|p2b: Kingambit|0 fnt
|faint|p2b: Kingambit
|move|p1a: Farigiraf|Trick Room|p1a: Farigiraf
|-fieldstart|move: Trick Room|[of] p1a: Farigiraf
|
|upkeep
|
|t:|1784695148
|switch|p2b: Charizard|Charizard, L50, F|100/100
|turn|2
|
|t:|1784695153
|detailschange|p2b: Charizard|Charizard-Mega-Y, L50, F
|-mega|p2b: Charizard|Charizard|Charizardite Y
|-weather|SunnyDay|[from] ability: Drought|[of] p2b: Charizard
|move|p1b: Kingambit|Sucker Punch|p2b: Charizard
|-damage|p2b: Charizard|56/100
|move|p1a: Farigiraf|Thunderbolt|p2b: Charizard
|-supereffective|p2b: Charizard|1
|-damage|p2b: Charizard|10/100
|move|p2b: Charizard|Heat Wave|p1a: Farigiraf|[spread] p1a,p1b
|-supereffective|p1b: Kingambit|1
|-damage|p1a: Farigiraf|0 fnt
|-enditem|p1b: Kingambit|Focus Sash
|-damage|p1b: Kingambit|1/100
|faint|p1a: Farigiraf
|move|p2a: Whimsicott|Moonblast|p1b: Kingambit
|-damage|p1b: Kingambit|0 fnt
|faint|p1b: Kingambit
|
|-weather|SunnyDay|[upkeep]
|upkeep
|
|t:|1784695164
|switch|p1a: Sylveon|Sylveon, L50, M|100/100
|switch|p1b: Charizard|Charizard, L50, M|100/100
|turn|3
|
|t:|1784695173
|detailschange|p1b: Charizard|Charizard-Mega-Y, L50, M
|-mega|p1b: Charizard|Charizard|Charizardite Y
|move|p2a: Whimsicott|Protect|p2a: Whimsicott
|-singleturn|p2a: Whimsicott|Protect
|move|p2b: Charizard|Protect|p2b: Charizard
|-singleturn|p2b: Charizard|Protect
|move|p1a: Sylveon|Hyper Voice|p2a: Whimsicott|[spread] 
|-activate|p2a: Whimsicott|move: Protect
|-activate|p2b: Charizard|move: Protect
|move|p1b: Charizard|Heat Wave|p2a: Whimsicott|[spread] 
|-activate|p2a: Whimsicott|move: Protect
|-activate|p2b: Charizard|move: Protect
|
|-weather|SunnyDay|[upkeep]
|upkeep
|turn|4
|
|t:|1784695187
|move|p1a: Sylveon|Hyper Voice|p2b: Charizard|[spread] p2a,p2b
|-resisted|p2b: Charizard|1
|-damage|p2a: Whimsicott|34/100
|-damage|p2b: Charizard|0 fnt
|faint|p2b: Charizard
|move|p1b: Charizard|Heat Wave|p2a: Whimsicott|[miss]
|-miss|p1b: Charizard|p2a: Whimsicott
|move|p2a: Whimsicott|Moonblast|p1a: Sylveon
|-damage|p1a: Sylveon|68/100
|
|-weather|SunnyDay|[upkeep]
|upkeep
|
|t:|1784695190
|switch|p2b: Garchomp|Garchomp, L50, F|100/100
|turn|5
|
|t:|1784695194
|move|p2a: Whimsicott|Protect|p2a: Whimsicott
|-singleturn|p2a: Whimsicott|Protect
|move|p2b: Garchomp|Protect|p2b: Garchomp
|-singleturn|p2b: Garchomp|Protect
|move|p1a: Sylveon|Hyper Voice|p2a: Whimsicott|[spread] 
|-activate|p2a: Whimsicott|move: Protect
|-activate|p2b: Garchomp|move: Protect
|move|p1b: Charizard|Heat Wave|p2a: Whimsicott|[spread] 
|-activate|p2a: Whimsicott|move: Protect
|-activate|p2b: Garchomp|move: Protect
|
|-weather|SunnyDay|[upkeep]
|-fieldend|move: Trick Room
|upkeep
|turn|6
|
|t:|1784695197
|move|p2a: Whimsicott|Moonblast|p1a: Sylveon
|-damage|p1a: Sylveon|36/100
|move|p2b: Garchomp|Rock Slide|p1a: Sylveon|[spread] p1a,p1b
|-supereffective|p1b: Charizard|2
|-damage|p1a: Sylveon|6/100
|-damage|p1b: Charizard|0 fnt
|faint|p1b: Charizard
|-damage|p2b: Garchomp|90/100|[from] item: Life Orb
|move|p1a: Sylveon|Hyper Voice|p2a: Whimsicott|[spread] p2a,p2b
|-supereffective|p2b: Garchomp|1
|-damage|p2a: Whimsicott|0 fnt
|-damage|p2b: Garchomp|0 fnt
|faint|p2a: Whimsicott
|faint|p2b: Garchomp
|
|win|KodeBeast0526
