|j|☆coutsAF
|j|☆namboyVGC
|html|coutsAFnamboyVGC    
|uhtml|bestof|Game 2 of a best-of-3
|t:|1784838570
|gametype|doubles
|player|p1|coutsAF|swimmer|1074
|player|p2|namboyVGC|pokemonranger-gen4|1128
|gen|9
|tier|[Gen 9 Champions] VGC 2026 Reg M-B (Bo3)
|rated|
|rule|Species Clause: Limit one of each Pokémon
|rule|Item Clause: Limit 1 of each item
|clearpoke
|poke|p1|Farigiraf, L50, F|
|poke|p1|Primarina, L50, M|
|poke|p1|Sneasler, L50, M|
|poke|p1|Camerupt, L50, M|
|poke|p1|Garchomp, L50, M|
|poke|p1|Froslass, L50, F|
|poke|p2|Swampert, L50, F|
|poke|p2|Pelipper, L50, M|
|poke|p2|Archaludon, L50, F|
|poke|p2|Maushold, L50|
|poke|p2|Sinistcha-Masterpiece, L50|
|poke|p2|Grimmsnarl, L50, M|
|teampreview|4
|showteam|p1|Farigiraf||SitrusBerry|ArmorTail|TrickRoom,Psychic,EnergyBall,Protect|Serious||F|||50|]Primarina||MysticWater|LiquidVoice|HyperVoice,Protect,DrainingKiss,LifeDew|Quiet||M|||50|]Sneasler||FocusSash|PoisonTouch|FakeOut,QuickGuard,CloseCombat,DireClaw|Jolly||M|||50|]Camerupt||Cameruptite|MagmaArmor|Eruption,EarthPower,HeatWave,Protect|Quiet||M|||50|]Garchomp||LifeOrb|RoughSkin|Earthquake,RockSlide,DragonClaw,Protect|Jolly||M|||50|]Froslass||Froslassite|SnowCloak|Blizzard,AuroraVeil,ShadowBall,Protect|Timid||F|||50|
|showteam|p2|Swampert||Swampertite|Damp|WaveCrash,HighHorsepower,IcePunch,Protect|Adamant||F|||50|]Pelipper||FocusSash|Drizzle|WeatherBall,Hurricane,Tailwind,Protect|Modest||M|||50|]Archaludon||Leftovers|Stamina|DragonPulse,ElectroShot,FlashCannon,Protect|Calm||F|||50|]Maushold||WideLens|Technician|PopulationBomb,FollowMe,RainDance,Protect|Jolly|||||50|]Sinistcha-Masterpiece||SitrusBerry|Hospitality|MatchaGotcha,LifeDew,TrickRoom,RagePowder|Bold|||||50|]Grimmsnarl||LightClay|Prankster|SpiritBreak,LightScreen,Reflect,PartingShot|Sassy||M|||50|
|inactive|Battle timer is ON: inactive players will automatically lose when time's up. (requested by namboyVGC)
|inactive|coutsAF has 60 seconds left.
|
|t:|1784838617
|teamsize|p1|4
|teamsize|p2|4
|start
|switch|p1a: GODBODY|Farigiraf, L50, F|100/100
|switch|p1b: GTS|Sneasler, L50, M|100/100
|switch|p2a: Swampert|Swampert, L50, F|100/100
|switch|p2b: Pelipper|Pelipper, L50, M|100/100
|-weather|RainDance|[from] ability: Drizzle|[of] p2b: Pelipper
|turn|1
|
|t:|1784838636
|detailschange|p2a: Swampert|Swampert-Mega, L50, F
|-mega|p2a: Swampert|Swampert|Swampertite
|move|p2a: Swampert|Wave Crash|p1a: GODBODY
|-crit|p1a: GODBODY
|-damage|p1a: GODBODY|0 fnt
|faint|p1a: GODBODY
|-damage|p2a: Swampert|57/100|[from] Recoil
|move|p1b: GTS|Dire Claw|p2b: Pelipper
|-damage|p2b: Pelipper|48/100
|-status|p2b: Pelipper|psn
|move|p2b: Pelipper|Hurricane|p1b: GTS
|-supereffective|p1b: GTS|1
|-enditem|p1b: GTS|Focus Sash
|-damage|p1b: GTS|1/100
|-start|p1b: GTS|confusion
|
|-weather|RainDance|[upkeep]
|-damage|p2b: Pelipper|36/100 psn|[from] psn
|upkeep
|
|t:|1784838654
|switch|p1a: Froslass|Froslass, L50, F|100/100
|turn|2
|
|t:|1784838663
|switch|p1b: Garchomp|Garchomp, L50, M|100/100
|switch|p2b: Sinistcha|Sinistcha-Masterpiece, L50|100/100
|-heal|p2a: Swampert|82/100|[from] ability: Hospitality|[of] p2b: Sinistcha
|detailschange|p1a: Froslass|Froslass-Mega, L50, F
|-mega|p1a: Froslass|Froslass|Froslassite
|-weather|Snowscape|[from] ability: Snow Warning|[of] p1a: Froslass
|move|p2a: Swampert|Protect|p2a: Swampert
|-singleturn|p2a: Swampert|Protect
|move|p1a: Froslass|Blizzard|p2a: Swampert|[spread] p2b
|-activate|p2a: Swampert|move: Protect
|-supereffective|p2b: Sinistcha|1
|-damage|p2b: Sinistcha|8/100
|-enditem|p2b: Sinistcha|Sitrus Berry|[eat]
|-heal|p2b: Sinistcha|33/100|[from] item: Sitrus Berry
|
|-weather|Snowscape|[upkeep]
|upkeep
|turn|3
|inactive|coutsAF has 30 seconds left.
|
|t:|1784838690
|switch|p2b: Pelipper|Pelipper, L50, M|36/100 psn
|-weather|RainDance|[from] ability: Drizzle|[of] p2b: Pelipper
|move|p2a: Swampert|Ice Punch|p1b: Garchomp
|-supereffective|p1b: Garchomp|2
|-damage|p1b: Garchomp|0 fnt
|-damage|p2a: Swampert|69/100|[from] ability: Rough Skin|[of] p1b: Garchomp
|faint|p1b: Garchomp
|move|p1a: Froslass|Blizzard|p2a: Swampert|[spread] p2a,p2b
|-damage|p2a: Swampert|26/100
|-damage|p2b: Pelipper|0 fnt
|faint|p2b: Pelipper
|
|-weather|RainDance|[upkeep]
|upkeep
|
|t:|1784838711
|switch|p1b: GTS|Sneasler, L50, M|1/100
|switch|p2b: Sinistcha|Sinistcha-Masterpiece, L50|33/100
|-heal|p2a: Swampert|51/100|[from] ability: Hospitality|[of] p2b: Sinistcha
|turn|4
|
|t:|1784838729
|move|p2a: Swampert|Protect|p2a: Swampert
|-singleturn|p2a: Swampert|Protect
|move|p1b: GTS|Fake Out|p2a: Swampert
|-activate|p2a: Swampert|move: Protect
|move|p1a: Froslass|Blizzard|p2a: Swampert|[spread] 
|-activate|p2a: Swampert|move: Protect
|-miss|p1a: Froslass|p2b: Sinistcha
|move|p2b: Sinistcha|Life Dew|p2b: Sinistcha|[spread] p2a,p2b
|-heal|p2a: Swampert|76/100
|-heal|p2b: Sinistcha|58/100
|
|-weather|RainDance|[upkeep]
|upkeep
|turn|5
|inactive|coutsAF has 30 seconds left.
|inactive|coutsAF has 20 seconds left.
|
|t:|1784838765
|move|p2b: Sinistcha|Rage Powder|p2b: Sinistcha
|-singleturn|p2b: Sinistcha|move: Rage Powder
|move|p2a: Swampert|Wave Crash|p1a: Froslass
|-damage|p1a: Froslass|0 fnt
|faint|p1a: Froslass
|-damage|p2a: Swampert|48/100|[from] Recoil
|move|p1b: GTS|Dire Claw|p2b: Sinistcha
|-damage|p2b: Sinistcha|26/100
|-status|p2b: Sinistcha|slp
|
|-weather|RainDance|[upkeep]
|upkeep
|turn|6
|
|t:|1784838781
|move|p2a: Swampert|Protect|p2a: Swampert
|-singleturn|p2a: Swampert|Protect
|move|p1b: GTS|Close Combat|p2a: Swampert
|-activate|p2a: Swampert|move: Protect
|cant|p2b: Sinistcha|slp
|
|-weather|RainDance|[upkeep]
|upkeep
|turn|7
|
|t:|1784838793
|move|p2a: Swampert|Wave Crash|p1b: GTS
|-damage|p1b: GTS|0 fnt
|faint|p1b: GTS
|-damage|p2a: Swampert|48/100|[from] Recoil
|
|win|namboyVGC
|raw|coutsAF's rating: 1074 → 1056(-18 for losing)
|raw|namboyVGC's rating: 1128 → 1149(+21 for winning)
