|j|☆testdigi
|j|☆panijc
|html|testdigipanijc    
|uhtml|bestof|Game 2 of a best-of-3
|t:|1785779635
|gametype|doubles
|player|p1|testdigi|266|1271
|player|p2|panijc|266|1220
|gen|9
|tier|[Gen 9 Champions] VGC 2026 Reg M-B (Bo3)
|rated|
|rule|Species Clause: Limit one of each Pokémon
|rule|Item Clause: Limit 1 of each item
|clearpoke
|poke|p1|Tyranitar, L50, M|
|poke|p1|Excadrill, L50, F|
|poke|p1|Milotic, L50, M|
|poke|p1|Sinistcha, L50|
|poke|p1|Staraptor, L50, M|
|poke|p1|Gholdengo, L50|
|poke|p2|Raichu, L50, M|
|poke|p2|Mamoswine, L50, M|
|poke|p2|Sylveon, L50, M|
|poke|p2|Incineroar, L50, F|
|poke|p2|Basculegion, L50, M|
|poke|p2|Whimsicott, L50, M|
|teampreview|4
|showteam|p1|Tyranitar||Tyranitarite|SandStream|RockSlide,LowKick,KnockOff,Protect|Jolly||M|||50|]Excadrill||FocusSash|SandRush|RockSlide,IronHead,HighHorsepower,Protect|Jolly||F|||50|]Milotic||SitrusBerry|Competitive|Scald,IceBeam,IcyWind,Protect|Calm||M|||50|]Sinistcha||ColburBerry|Hospitality|MatchaGotcha,RagePowder,ShadowBall,TrickRoom|Sassy|||||50|]Staraptor||Staraptite|Intimidate|BraveBird,Tailwind,CloseCombat,Protect|Jolly||M|||50|]Gholdengo||LifeOrb|GoodasGold|MakeItRain,ShadowBall,NastyPlot,Protect|Modest|||||50|
|showteam|p2|Raichu||RaichuniteY|LightningRod|ZapCannon,FocusBlast,FakeOut,Protect|Timid||M|||50|]Mamoswine||LifeOrb|Oblivious|IcicleCrash,HighHorsepower,IceShard,Protect|Adamant||M|||50|]Sylveon||FairyFeather|Pixilate|HyperVoice,HyperBeam,Detect,Yawn|Modest||M|||50|]Incineroar||SitrusBerry|Intimidate|ThroatChop,FlareBlitz,FakeOut,PartingShot|Impish||F|||50|]Basculegion||MysticWater|Adaptability|WaveCrash,LastRespects,AquaJet,Protect|Adamant||M|||50|]Whimsicott||FocusSash|Prankster|Moonblast,Tailwind,Protect,Encore|Timid||M|||50|
|
|t:|1785779709
|teamsize|p1|4
|teamsize|p2|4
|start
|switch|p1a: Staraptor|Staraptor, L50, M|100/100
|switch|p1b: Tyranitar|Tyranitar, L50, M|100/100
|switch|p2a: Basculegion|Basculegion, L50, M|100/100
|switch|p2b: Raichu|Raichu, L50, M|100/100
|-ability|p1a: Staraptor|Intimidate|boost
|-unboost|p2a: Basculegion|atk|1
|-unboost|p2b: Raichu|atk|1
|-weather|Sandstorm|[from] ability: Sand Stream|[of] p1b: Tyranitar
|turn|1
|
|t:|1785779740
|detailschange|p2b: Raichu|Raichu-Mega-Y, L50, M
|-mega|p2b: Raichu|Raichu|Raichunite Y
|move|p1a: Staraptor|Protect|p1a: Staraptor
|-singleturn|p1a: Staraptor|Protect
|move|p1b: Tyranitar|Protect|p1b: Tyranitar
|-singleturn|p1b: Tyranitar|Protect
|move|p2b: Raichu|Zap Cannon|p1a: Staraptor
|-activate|p1a: Staraptor|move: Protect
|move|p2a: Basculegion|Wave Crash|p1b: Tyranitar
|-activate|p1b: Tyranitar|move: Protect
|
|-weather|Sandstorm|[upkeep]
|-damage|p2b: Raichu|94/100|[from] Sandstorm
|-damage|p1a: Staraptor|94/100|[from] Sandstorm
|-damage|p2a: Basculegion|94/100|[from] Sandstorm
|upkeep
|turn|2
|
|t:|1785779758
|switch|p1b: Sinistcha|Sinistcha, L50|100/100
|-heal|p1a: Staraptor|100/100|[from] ability: Hospitality|[of] p1b: Sinistcha
|move|p2b: Raichu|Focus Blast|p1b: Sinistcha
|-immune|p1b: Sinistcha
|move|p1a: Staraptor|Tailwind|p1a: Staraptor
|-sidestart|p1: testdigi|move: Tailwind
|move|p2a: Basculegion|Wave Crash|p1a: Staraptor
|-damage|p1a: Staraptor|28/100
|-damage|p2a: Basculegion|72/100|[from] Recoil
|
|-weather|Sandstorm|[upkeep]
|-damage|p1a: Staraptor|23/100|[from] Sandstorm
|-damage|p2b: Raichu|88/100|[from] Sandstorm
|-damage|p1b: Sinistcha|93/100|[from] Sandstorm
|-damage|p2a: Basculegion|66/100|[from] Sandstorm
|upkeep
|turn|3
|
|t:|1785779778
|switch|p1a: Gholdengo|Gholdengo, L50|100/100
|move|p1b: Sinistcha|Rage Powder|p1b: Sinistcha
|-singleturn|p1b: Sinistcha|move: Rage Powder
|move|p2b: Raichu|Zap Cannon|p1b: Sinistcha
|-resisted|p1b: Sinistcha|1
|-damage|p1b: Sinistcha|64/100
|-status|p1b: Sinistcha|par
|move|p2a: Basculegion|Wave Crash|p1b: Sinistcha
|-resisted|p1b: Sinistcha|1
|-damage|p1b: Sinistcha|39/100 par
|-damage|p2a: Basculegion|59/100|[from] Recoil
|
|-weather|Sandstorm|[upkeep]
|-damage|p2b: Raichu|83/100|[from] Sandstorm
|-damage|p2a: Basculegion|53/100|[from] Sandstorm
|-damage|p1b: Sinistcha|32/100 par|[from] Sandstorm
|upkeep
|turn|4
|
|t:|1785779798
|switch|p1b: Staraptor|Staraptor, L50, M|23/100
|-ability|p1b: Staraptor|Intimidate|boost
|-unboost|p2a: Basculegion|atk|1
|-unboost|p2b: Raichu|atk|1
|move|p2b: Raichu|Protect|p2b: Raichu
|-singleturn|p2b: Raichu|Protect
|move|p2a: Basculegion|Protect|p2a: Basculegion
|-singleturn|p2a: Basculegion|Protect
|move|p1a: Gholdengo|Shadow Ball|p2b: Raichu
|-activate|p2b: Raichu|move: Protect
|
|-weather|Sandstorm|[upkeep]
|-damage|p1b: Staraptor|17/100|[from] Sandstorm
|-damage|p2b: Raichu|77/100|[from] Sandstorm
|-damage|p2a: Basculegion|47/100|[from] Sandstorm
|upkeep
|turn|5
|
|t:|1785779816
|switch|p2b: Whimsicott|Whimsicott, L50, M|100/100
|switch|p2a: Mamoswine|Mamoswine, L50, M|100/100
|move|p1b: Staraptor|Protect|p1b: Staraptor
|-singleturn|p1b: Staraptor|Protect
|move|p1a: Gholdengo|Shadow Ball|p2b: Whimsicott
|-damage|p2b: Whimsicott|5/100
|-damage|p1a: Gholdengo|90/100|[from] item: Life Orb
|
|-weather|none
|-sideend|p1: testdigi|move: Tailwind
|upkeep
|turn|6
|
|t:|1785779833
|move|p2b: Whimsicott|Encore|p1b: Staraptor
|-start|p1b: Staraptor|Encore
|move|p1b: Staraptor|Protect||[still]
|-fail|p1b: Staraptor
|move|p1a: Gholdengo|Make It Rain|p2b: Whimsicott|[spread] p2a,p2b
|-supereffective|p2a: Mamoswine|1
|-supereffective|p2b: Whimsicott|1
|-damage|p2a: Mamoswine|0 fnt
|-damage|p2b: Whimsicott|0 fnt
|-unboost|p1a: Gholdengo|spa|2
|faint|p2a: Mamoswine
|faint|p2b: Whimsicott
|-damage|p1a: Gholdengo|81/100|[from] item: Life Orb
|
|upkeep
|
|t:|1785779846
|switch|p2b: Raichu|Raichu-Mega-Y, L50, M|77/100
|switch|p2a: Basculegion|Basculegion, L50, M|47/100
|turn|7
|
|t:|1785779862
|switch|p1b: Sinistcha|Sinistcha, L50|32/100 par
|-heal|p1a: Gholdengo|100/100|[from] ability: Hospitality|[of] p1b: Sinistcha
|move|p1a: Gholdengo|Protect|p1a: Gholdengo
|-singleturn|p1a: Gholdengo|Protect
|move|p2b: Raichu|Zap Cannon|p1a: Gholdengo
|-activate|p1a: Gholdengo|move: Protect
|move|p2a: Basculegion|Last Respects|p1a: Gholdengo
|-activate|p1a: Gholdengo|move: Protect
|
|upkeep
|turn|8
|
|t:|1785779878
|switch|p1a: Staraptor|Staraptor, L50, M|17/100
|-ability|p1a: Staraptor|Intimidate|boost
|-unboost|p2a: Basculegion|atk|1
|-unboost|p2b: Raichu|atk|1
|move|p2b: Raichu|Zap Cannon|p1a: Staraptor
|-supereffective|p1a: Staraptor|1
|-damage|p1a: Staraptor|0 fnt
|faint|p1a: Staraptor
|move|p2a: Basculegion|Last Respects|p1b: Sinistcha
|-supereffective|p1b: Sinistcha|1
|-damage|p1b: Sinistcha|0 fnt
|faint|p1b: Sinistcha
|
|upkeep
|
|t:|1785779887
|switch|p1a: Gholdengo|Gholdengo, L50|100/100
|switch|p1b: Tyranitar|Tyranitar, L50, M|100/100
|-weather|Sandstorm|[from] ability: Sand Stream|[of] p1b: Tyranitar
|turn|9
|
|t:|1785779902
|detailschange|p1b: Tyranitar|Tyranitar-Mega, L50, M
|-mega|p1b: Tyranitar|Tyranitar|Tyranitarite
|move|p2a: Basculegion|Protect|p2a: Basculegion
|-singleturn|p2a: Basculegion|Protect
|move|p2b: Raichu|Focus Blast|p1b: Tyranitar
|-supereffective|p1b: Tyranitar|2
|-damage|p1b: Tyranitar|6/100
|-unboost|p1b: Tyranitar|spd|1
|move|p1a: Gholdengo|Shadow Ball|p2b: Raichu
|-crit|p2b: Raichu
|-damage|p2b: Raichu|0 fnt
|faint|p2b: Raichu
|-damage|p1a: Gholdengo|90/100|[from] item: Life Orb
|move|p1b: Tyranitar|Knock Off|p2a: Basculegion
|-activate|p2a: Basculegion|move: Protect
|
|-weather|Sandstorm|[upkeep]
|-damage|p2a: Basculegion|42/100|[from] Sandstorm
|upkeep
|turn|10
|
|t:|1785779921
|move|p2a: Basculegion|Aqua Jet|p1b: Tyranitar
|-supereffective|p1b: Tyranitar|1
|-damage|p1b: Tyranitar|0 fnt
|faint|p1b: Tyranitar
|move|p1a: Gholdengo|Shadow Ball|p2a: Basculegion
|-supereffective|p2a: Basculegion|1
|-damage|p2a: Basculegion|0 fnt
|faint|p2a: Basculegion
|-damage|p1a: Gholdengo|81/100|[from] item: Life Orb
|
|win|testdigi
|raw|testdigi's rating: 1271 → 1292(+21 for winning)
|raw|panijc's rating: 1220 → 1199(-21 for losing)
|l|☆testdigi
|player|p1|
