|j|☆naibot2814
|j|☆Sea's Searing
|html|naibot2814Sea's Searing    
|uhtml|bestof|Game 2 of a best-of-3
|t:|1784423321
|gametype|doubles
|player|p1|naibot2814|colress|1426
|player|p2|Sea's Searing|170|1322
|gen|9
|tier|[Gen 9 Champions] VGC 2026 Reg M-B (Bo3)
|rated|
|rule|Species Clause: Limit one of each Pokémon
|rule|Item Clause: Limit 1 of each item
|clearpoke
|poke|p1|Blastoise, L50, M|
|poke|p1|Incineroar, L50, M|
|poke|p1|Sneasler, L50, M|
|poke|p1|Sinistcha, L50|
|poke|p1|Kingambit, L50, M, shiny|
|poke|p1|Delphox, L50, F|
|poke|p2|Blaziken, L50, F|
|poke|p2|Venusaur, L50, F|
|poke|p2|Ninetales-Alola, L50, F|
|poke|p2|Lycanroc-Dusk, L50, F|
|poke|p2|Kingambit, L50, M|
|poke|p2|Basculegion, L50, M|
|teampreview|4
|showteam|p1|Blastoise||Blastoisinite|Torrent|WaterSpout,DarkPulse,ShellSmash,Protect|Modest||M|||50|]Incineroar||SitrusBerry|Intimidate|FakeOut,FlareBlitz,DarkestLariat,PartingShot|Careful||M|||50|]Sneasler||FocusSash|PoisonTouch|FakeOut,CloseCombat,PoisonJab,RockTomb|Jolly||M|||50|]Sinistcha||KasibBerry|Hospitality|MatchaGotcha,TrickRoom,RagePowder,Protect|Bold|||||50|]Kingambit||BlackGlasses|Defiant|KowtowCleave,SuckerPunch,SwordsDance,Protect|Adamant||M|||50|]Delphox||Delphoxite|Blaze|HeatWave,Psyshock,NastyPlot,Protect|Timid||F|||50|
|showteam|p2|Blaziken||Blazikenite|SpeedBoost|CloseCombat,FlareBlitz,StoneEdge,Detect|Adamant||F|||50|]Venusaur||Venusaurite|Chlorophyll|GigaDrain,SludgeBomb,EarthPower,Protect|Modest||F|||50|]Ninetales-Alola||NeverMeltIce|SnowWarning|Blizzard,FreezeDry,Encore,Protect|Timid||F|||50|]Lycanroc-Dusk||FocusSash|ToughClaws|Accelerock,RockSlide,CloseCombat,Protect|Adamant||F|||50|]Kingambit||LifeOrb|Defiant|KowtowCleave,SuckerPunch,IronHead,Protect|Adamant||M|||50|]Basculegion||ChoiceScarf|Adaptability|WaveCrash,LastRespects,FlipTurn,AquaJet|Jolly||M|||50|
|
|t:|1784423335
|teamsize|p1|4
|teamsize|p2|4
|start
|switch|p1a: Blastoise|Blastoise, L50, M|100/100
|switch|p1b: Sneasler|Sneasler, L50, M|100/100
|switch|p2a: Rainy boots|Basculegion, L50, M|100/100
|switch|p2b: Water the roses|Venusaur, L50, F|100/100
|turn|1
|
|t:|1784423349
|detailschange|p1a: Blastoise|Blastoise-Mega, L50, M
|-mega|p1a: Blastoise|Blastoise|Blastoisinite
|detailschange|p2b: Water the roses|Venusaur-Mega, L50, F
|-mega|p2b: Water the roses|Venusaur|Venusaurite
|move|p1b: Sneasler|Fake Out|p2b: Water the roses
|-damage|p2b: Water the roses|88/100
|move|p2a: Rainy boots|Flip Turn|p1b: Sneasler
|-damage|p1b: Sneasler|36/100
|
|t:|1784423356
|switch|p2a: Villain|Kingambit, L50, M|100/100|[from] Flip Turn
|move|p1a: Blastoise|Shell Smash|p1a: Blastoise
|-unboost|p1a: Blastoise|def|1
|-unboost|p1a: Blastoise|spd|1
|-boost|p1a: Blastoise|atk|2
|-boost|p1a: Blastoise|spa|2
|-boost|p1a: Blastoise|spe|2
|cant|p2b: Water the roses|flinch
|
|upkeep
|turn|2
|
|t:|1784423367
|move|p1a: Blastoise|Protect|p1a: Blastoise
|-singleturn|p1a: Blastoise|Protect
|move|p2a: Villain|Sucker Punch|p1b: Sneasler
|-resisted|p1b: Sneasler|1
|-damage|p1b: Sneasler|0 fnt
|faint|p1b: Sneasler
|-damage|p2a: Villain|90/100|[from] item: Life Orb
|move|p2b: Water the roses|Giga Drain|p1a: Blastoise
|-activate|p1a: Blastoise|move: Protect
|
|upkeep
|
|t:|1784423374
|switch|p1b: Sinistcha|Sinistcha, L50|100/100
|turn|3
|
|t:|1784423382
|move|p2a: Villain|Protect|p2a: Villain
|-singleturn|p2a: Villain|Protect
|move|p1b: Sinistcha|Rage Powder|p1b: Sinistcha
|-singleturn|p1b: Sinistcha|move: Rage Powder
|move|p1a: Blastoise|Dark Pulse|p2b: Water the roses
|-crit|p2b: Water the roses
|-damage|p2b: Water the roses|0 fnt
|faint|p2b: Water the roses
|
|upkeep
|
|t:|1784423391
|switch|p2b: RUMA|Lycanroc-Dusk, L50, F|100/100
|turn|4
|
|t:|1784423398
|switch|p2a: Rainy boots|Basculegion, L50, M|100/100
|move|p1b: Sinistcha|Rage Powder|p1b: Sinistcha
|-singleturn|p1b: Sinistcha|move: Rage Powder
|move|p1a: Blastoise|Water Spout|p2a: Rainy boots|[spread] p2a,p2b
|-resisted|p2a: Rainy boots|1
|-supereffective|p2b: RUMA|1
|-damage|p2a: Rainy boots|29/100
|-enditem|p2b: RUMA|Focus Sash
|-damage|p2b: RUMA|1/100
|move|p2b: RUMA|Rock Slide|p1a: Blastoise|[spread] p1b
|-miss|p2b: RUMA|p1a: Blastoise
|-damage|p1b: Sinistcha|74/100
|
|upkeep
|turn|5
|-message|Sea's Searing forfeited.
|
|win|naibot2814
|raw|naibot2814's rating: 1426 → 1440(+14 for winning)
|raw|Sea's Searing's rating: 1322 → 1308(-14 for losing)
|l|☆Sea's Searing
|player|p2|
