|j|☆durugista
|j|☆bruGno
|html|durugistabruGno    
|uhtml|bestof|Game 2 of a best-of-3
|t:|1786140838
|gametype|doubles
|player|p1|durugista|102|1261
|player|p2|bruGno|ash-kalos|1360
|gen|9
|tier|[Gen 9 Champions] VGC 2026 Reg M-B (Bo3)
|rated|
|rule|Species Clause: Limit one of each Pokémon
|rule|Item Clause: Limit 1 of each item
|clearpoke
|poke|p1|Overqwil, L50, M|
|poke|p1|Zoroark-Hisui, L50, F|
|poke|p1|Audino, L50, F|
|poke|p1|Metagross, L50|
|poke|p1|Whimsicott, L50, F|
|poke|p1|Chandelure, L50, M|
|poke|p2|Charizard, L50, F|
|poke|p2|Garchomp, L50, F|
|poke|p2|Floette-Eternal, L50, F|
|poke|p2|Kingambit, L50, F|
|poke|p2|Basculegion, L50, M|
|poke|p2|Whimsicott, L50, F|
|teampreview|4
|showteam|p1|Overqwil||Leftovers|Intimidate|ThroatChop,Minimize,Stockpile,SwordsDance|Relaxed||M|||50|]Zoroark-Hisui||FocusSash|Illusion|Memento,WillOWisp,Protect,BitterMalice|Timid||F|||50|]Audino||MentalHerb|Regenerator|TrickRoom,SimpleBeam,HealPulse,HealingWish|Sassy||F|||50|]Metagross||Metagrossite|ClearBody|PsychUp,Protect,IronHead,PsychicFangs|Adamant|||||50|]Whimsicott||FairyFeather|Prankster|WorrySeed,Taunt,Moonblast,Encore|Modest||F|||50|]Chandelure||BrightPowder|FlashFire|AcidArmor,CalmMind,Minimize,Flamethrower|Quiet||M|||50|
|showteam|p2|Charizard||CharizarditeY|Blaze|HeatWave,SolarBeam,WeatherBall,Protect|Modest||F|||50|]Garchomp||SitrusBerry|RoughSkin|DragonClaw,StompingTantrum,RockSlide,Protect|Adamant||F|||50|]Floette-Eternal||Floettite|FlowerVeil|LightofRuin,Moonblast,DazzlingGleam,Protect|Timid||F|||50|]Kingambit||ChopleBerry|Defiant|KowtowCleave,IronHead,SuckerPunch,LowKick|Adamant||F|||50|]Basculegion||LifeOrb|Adaptability|WaveCrash,LastRespects,AquaJet,Protect|Adamant||M|||50|]Whimsicott||FocusSash|Prankster|Moonblast,Tailwind,Encore,Protect|Timid||F|||50|
|inactive|Battle timer is ON: inactive players will automatically lose when time's up. (requested by durugista)
|inactive|bruGno has 60 seconds left.
|inactive|bruGno has 30 seconds left.
|inactive|bruGno has 20 seconds left.
|inactive|bruGno has 15 seconds left.
|inactive|bruGno has 10 seconds left.
|inactive|bruGno has 5 seconds left.
|
|t:|1786140927
|teamsize|p1|4
|teamsize|p2|4
|start
|switch|p1a: Overqwil|Overqwil, L50, M|100/100
|switch|p1b: Audino|Audino, L50, F|100/100
|switch|p2a: Kingambit|Kingambit, L50, F|100/100
|switch|p2b: Basculegion|Basculegion, L50, M|100/100
|turn|1
|inactive|bruGno has 30 seconds left.
|inactive|bruGno has 20 seconds left.
|inactive|bruGno has 15 seconds left.
|
|t:|1786140968
|move|p1a: Overqwil|Will-O-Wisp|p2a: Kingambit|[miss]
|-miss|p1a: Overqwil|p2a: Kingambit
|move|p2b: Basculegion|Wave Crash|p1b: Audino
|-damage|p1b: Audino|0 fnt
|faint|p1b: Audino
|-damage|p2b: Basculegion|66/100|[from] Recoil
|-damage|p2b: Basculegion|57/100|[from] item: Life Orb
|move|p2a: Kingambit|Iron Head|p1a: Overqwil
|-damage|p1a: Overqwil|6/100
|replace|p1a: Zoroark|Zoroark-Hisui, L50, F
|-end|p1a: Zoroark|Illusion
|
|upkeep
|
|t:|1786140988
|switch|p1b: Overqwil|Overqwil, L50, M|100/100
|-ability|p1b: Overqwil|Intimidate|boost
|-unboost|p2a: Kingambit|atk|1
|-ability|p2a: Kingambit|Defiant|boost
|-boost|p2a: Kingambit|atk|2
|-unboost|p2b: Basculegion|atk|1
|turn|2
|inactive|bruGno has 30 seconds left.
|
|t:|1786141014
|move|p1a: Zoroark|Bitter Malice|p2b: Basculegion
|-supereffective|p2b: Basculegion|1
|-damage|p2b: Basculegion|0 fnt
|faint|p2b: Basculegion
|move|p1b: Overqwil|Stockpile|p1b: Overqwil
|-start|p1b: Overqwil|stockpile1
|-boost|p1b: Overqwil|def|1
|-boost|p1b: Overqwil|spd|1
|move|p2a: Kingambit|Iron Head|p1b: Overqwil
|-damage|p1b: Overqwil|60/100
|
|-heal|p1b: Overqwil|67/100|[from] item: Leftovers
|upkeep
|
|t:|1786141026
|switch|p2b: Charizard|Charizard, L50, F|100/100
|turn|3
|
|t:|1786141037
|detailschange|p2b: Charizard|Charizard-Mega-Y, L50, F
|-mega|p2b: Charizard|Charizard|Charizardite Y
|-weather|SunnyDay|[from] ability: Drought|[of] p2b: Charizard
|move|p1a: Zoroark|Will-O-Wisp|p2a: Kingambit
|-status|p2a: Kingambit|brn
|move|p2b: Charizard|Heat Wave|p1b: Overqwil|[spread] p1a,p1b
|-damage|p1a: Zoroark|0 fnt
|-damage|p1b: Overqwil|29/100
|faint|p1a: Zoroark
|move|p1b: Overqwil|Minimize|p1b: Overqwil
|-boost|p1b: Overqwil|evasion|2
|move|p2a: Kingambit|Kowtow Cleave|p1b: Overqwil
|-resisted|p1b: Overqwil|1
|-damage|p1b: Overqwil|20/100y
|
|-weather|SunnyDay|[upkeep]
|-heal|p1b: Overqwil|26/100|[from] item: Leftovers
|-damage|p2a: Kingambit|94/100 brn|[from] brn
|upkeep
|
|t:|1786141053
|switch|p1a: Metagross|Metagross, L50|100/100
|turn|4
|
|t:|1786141077
|detailschange|p1a: Metagross|Metagross-Mega, L50
|-mega|p1a: Metagross|Metagross|Metagrossite
|move|p1a: Metagross|Protect|p1a: Metagross
|-singleturn|p1a: Metagross|Protect
|move|p2b: Charizard|Heat Wave|p1b: Overqwil|[spread] p1b
|-activate|p1a: Metagross|move: Protect
|-crit|p1b: Overqwil
|-damage|p1b: Overqwil|0 fnt
|faint|p1b: Overqwil
|move|p2a: Kingambit|Kowtow Cleave|p1a: Metagross
|-activate|p1a: Metagross|move: Protect
|
|-weather|SunnyDay|[upkeep]
|-damage|p2a: Kingambit|88/100 brn|[from] brn
|upkeep
|turn|5
|
|t:|1786141094
|move|p2b: Charizard|Weather Ball|p1a: Metagross
|-supereffective|p1a: Metagross|1
|-damage|p1a: Metagross|0 fnt
|faint|p1a: Metagross
|
|win|bruGno
||durugista is ready for game 3.
||bruGno is ready for game 3.
|uhtml|next|Next: Game 3 of 3
