|j|☆PaquitoelBollito
|j|☆NotAfrogGaming
|html|PaquitoelBollitoNotAfrogGaming    
|uhtml|bestof|Game 1 of a best-of-3
|t:|1786124777
|gametype|doubles
|player|p1|PaquitoelBollito|102|1165
|player|p2|NotAfrogGaming|boarder|1218
|gen|9
|tier|[Gen 9 Champions] VGC 2026 Reg M-B (Bo3)
|rated|
|rule|Species Clause: Limit one of each Pokémon
|rule|Item Clause: Limit 1 of each item
|clearpoke
|poke|p1|Froslass, L50, F|
|poke|p1|Scovillain, L50, M|
|poke|p1|Kingambit, L50, F|
|poke|p1|Sneasler, L50, M|
|poke|p1|Basculegion, L50, M|
|poke|p1|Lycanroc-Dusk, L50, M|
|poke|p2|Tyranitar, L50, M, shiny|
|poke|p2|Excadrill, L50, F, shiny|
|poke|p2|Sinistcha, L50|
|poke|p2|Decidueye-Hisui, L50, M|
|poke|p2|Palafin, L50, M, shiny|
|poke|p2|Arcanine-Hisui, L50, M, shiny|
|teampreview|4
|showteam|p1|Froslass||Froslassite|CursedBody|Protect,Blizzard,AuroraVeil,ShadowBall|Modest||F|||50|]Scovillain||Scovillainite|Moody|Protect,Overheat,GigaDrain,RagePowder|Modest||M|||50|]Kingambit||BlackGlasses|Defiant|Protect,KowtowCleave,SwordsDance,SuckerPunch|Adamant||F|||50|]Sneasler||WhiteHerb|Unburden|FakeOut,GunkShot,CloseCombat,Protect|Adamant||M|||50|]Basculegion||SitrusBerry|Adaptability|Protect,LastRespects,WaveCrash,AquaJet|Adamant||M|||50|]Lycanroc-Dusk||FocusSash|ToughClaws|Protect,Accelerock,RockSlide,CloseCombat|Adamant||M|||50|
|showteam|p2|Tyranitar||Tyranitarite|SandStream|RockSlide,KnockOff,LowKick,Protect|Adamant||M|||50|]Excadrill||FocusSash|SandRush|HighHorsepower,IronHead,RockSlide,Protect|Adamant||F|||50|]Sinistcha||SitrusBerry|Hospitality|MatchaGotcha,RagePowder,TrickRoom,Protect|Bold|||||50|]Decidueye-Hisui||ScopeLens|Scrappy|TripleArrows,LeafBlade,BraveBird,Protect|Adamant||M|||50|]Palafin||LifeOrb|ZerotoHero|WaveCrash,JetPunch,IcePunch,Protect|Jolly||M|||50|]Arcanine-Hisui||ChoiceScarf|Intimidate|FlareBlitz,HeadSmash,WildCharge,RockSlide|Jolly||M|||50|
|inactive|Battle timer is ON: inactive players will automatically lose when time's up. (requested by PaquitoelBollito)
|inactive|PaquitoelBollito has 60 seconds left.
|inactive|NotAfrogGaming has 60 seconds left.
|inactive|PaquitoelBollito has 30 seconds left.
|inactive|NotAfrogGaming has 30 seconds left.
|inactive|PaquitoelBollito has 20 seconds left.
|inactive|PaquitoelBollito has 15 seconds left.
|inactive|PaquitoelBollito has 10 seconds left.
|inactive|PaquitoelBollito has 5 seconds left.
|
|t:|1786124866
|teamsize|p1|4
|teamsize|p2|4
|start
|switch|p1a: Scovillain|Scovillain, L50, M|100/100
|switch|p1b: Sneasler|Sneasler, L50, M|100/100
|switch|p2a: Palafin|Palafin, L50, M, shiny|100/100
|switch|p2b: Arcanine|Arcanine-Hisui, L50, M, shiny|100/100
|-ability|p2b: Arcanine|Intimidate|boost
|-unboost|p1a: Scovillain|atk|1
|-unboost|p1b: Sneasler|atk|1
|-enditem|p1b: Sneasler|White Herb
|-clearnegativeboost|p1b: Sneasler|[silent]
|turn|1
|inactive|PaquitoelBollito has 30 seconds left.
|inactive|NotAfrogGaming has 30 seconds left.
|inactive|NotAfrogGaming has 20 seconds left.
|inactive|NotAfrogGaming has 15 seconds left.
|inactive|NotAfrogGaming has 10 seconds left.
|
|t:|1786124913
|switch|p2b: Sinistcha|Sinistcha, L50|100/100
|detailschange|p2a: Palafin|Palafin-Hero, L50, M, shiny
|switch|p2a: TTAR|Tyranitar, L50, M, shiny|100/100
|-weather|Sandstorm|[from] ability: Sand Stream|[of] p2a: TTAR
|detailschange|p1a: Scovillain|Scovillain-Mega, L50, M
|-mega|p1a: Scovillain|Scovillain|Scovillainite
|move|p1a: Scovillain|Rage Powder|p1a: Scovillain
|-singleturn|p1a: Scovillain|move: Rage Powder
|move|p1b: Sneasler|Close Combat|p2b: Sinistcha
|-immune|p2b: Sinistcha
|
|-weather|Sandstorm|[upkeep]
|-damage|p1b: Sneasler|94/100|[from] Sandstorm
|-damage|p1a: Scovillain|94/100|[from] Sandstorm
|-damage|p2b: Sinistcha|93/100|[from] Sandstorm
|upkeep
|turn|2
|inactive|NotAfrogGaming has 30 seconds left.
|inactive|NotAfrogGaming has 20 seconds left.
|inactive|NotAfrogGaming has 15 seconds left.
|
|t:|1786124957
|detailschange|p2a: TTAR|Tyranitar-Mega, L50, M, shiny
|-mega|p2a: TTAR|Tyranitar|Tyranitarite
|move|p1b: Sneasler|Protect|p1b: Sneasler
|-singleturn|p1b: Sneasler|Protect
|move|p2b: Sinistcha|Rage Powder|p2b: Sinistcha
|-singleturn|p2b: Sinistcha|move: Rage Powder
|move|p1a: Scovillain|Overheat|p2b: Sinistcha
|-supereffective|p2b: Sinistcha|1
|-damage|p2b: Sinistcha|0 fnt
|-unboost|p1a: Scovillain|spa|2
|faint|p2b: Sinistcha
|move|p2a: TTAR|Rock Slide|p1b: Sneasler|[spread] p1a
|-activate|p1b: Sneasler|move: Protect
|-supereffective|p1a: Scovillain|1
|-damage|p1a: Scovillain|19/100
|-status|p2a: TTAR|brn|[from] ability: Spicy Spray|[of] p1a: Scovillain
|
|-weather|Sandstorm|[upkeep]
|-damage|p1b: Sneasler|88/100|[from] Sandstorm
|-damage|p1a: Scovillain|13/100|[from] Sandstorm
|-damage|p2a: TTAR|94/100 brn|[from] brn
|upkeep
|inactive|NotAfrogGaming has 30 seconds left.
|
|t:|1786124985
|switch|p2b: Palafin|Palafin-Hero, L50, M, shiny|100/100
|-activate|p2b: Palafin|ability: Zero to Hero
|turn|3
|inactive|NotAfrogGaming has 30 seconds left.
|inactive|NotAfrogGaming has 20 seconds left.
|
|t:|1786125025
|move|p2a: TTAR|Protect|p2a: TTAR
|-singleturn|p2a: TTAR|Protect
|move|p1a: Scovillain|Rage Powder|p1a: Scovillain
|-singleturn|p1a: Scovillain|move: Rage Powder
|move|p1b: Sneasler|Close Combat|p2a: TTAR
|-activate|p2a: TTAR|move: Protect
|move|p2b: Palafin|Wave Crash|p1a: Scovillain
|-damage|p1a: Scovillain|0 fnt
|-status|p2b: Palafin|brn|[from] ability: Spicy Spray|[of] p1a: Scovillain
|faint|p1a: Scovillain
|-damage|p2b: Palafin|95/100 brn|[from] Recoil
|-damage|p2b: Palafin|85/100 brn|[from] item: Life Orb
|
|-weather|Sandstorm|[upkeep]
|-damage|p1b: Sneasler|83/100|[from] Sandstorm
|-damage|p2b: Palafin|79/100 brn|[from] Sandstorm
|-damage|p2b: Palafin|73/100 brn|[from] brn
|-damage|p2a: TTAR|88/100 brn|[from] brn
|upkeep
|
|t:|1786125045
|switch|p1a: Basculegion|Basculegion, L50, M|100/100
|turn|4
|
|t:|1786125061
|move|p1b: Sneasler|Close Combat|p2a: TTAR
|-supereffective|p2a: TTAR|2
|-damage|p2a: TTAR|0 fnt
|-unboost|p1b: Sneasler|def|1
|-unboost|p1b: Sneasler|spd|1
|faint|p2a: TTAR
|move|p2b: Palafin|Wave Crash|p1b: Sneasler
|-damage|p1b: Sneasler|0 fnt
|faint|p1b: Sneasler
|-damage|p2b: Palafin|49/100 brn|[from] Recoil
|-damage|p2b: Palafin|39/100 brn|[from] item: Life Orb
|move|p1a: Basculegion|Last Respects|p2b: Palafin
|-damage|p2b: Palafin|0 fnt
|faint|p2b: Palafin
|
|-weather|Sandstorm|[upkeep]
|-damage|p1a: Basculegion|93/100|[from] Sandstorm
|upkeep
|inactive|NotAfrogGaming has 30 seconds left.
|
|t:|1786125088
|switch|p1b: Lycanroc|Lycanroc-Dusk, L50, M|100/100
|switch|p2a: Arcanine|Arcanine-Hisui, L50, M, shiny|100/100
|-ability|p2a: Arcanine|Intimidate|boost
|-unboost|p1a: Basculegion|atk|1
|-unboost|p1b: Lycanroc|atk|1
|turn|5
|inactive|PaquitoelBollito has 30 seconds left.
|
|t:|1786125115
|move|p1b: Lycanroc|Accelerock|p2a: Arcanine
|-supereffective|p2a: Arcanine|1
|-damage|p2a: Arcanine|56/100
|move|p2a: Arcanine|Head Smash|p1a: Basculegion
|-damage|p1a: Basculegion|14/100
|-enditem|p1a: Basculegion|Sitrus Berry|[eat]
|-heal|p1a: Basculegion|38/100|[from] item: Sitrus Berry
|-damage|p2a: Arcanine|12/100|[from] Recoil
|move|p1a: Basculegion|Wave Crash|p2a: Arcanine
|-supereffective|p2a: Arcanine|2
|-damage|p2a: Arcanine|0 fnt
|faint|p2a: Arcanine
|-damage|p1a: Basculegion|34/100|[from] Recoil
|
|win|PaquitoelBollito
