|j|☆Angelo Neres
|j|☆Money03
|html|Angelo NeresMoney03    
|uhtml|bestof|Game 2 of a best-of-3
|t:|1756132116
|gametype|doubles
|player|p1|Angelo Neres|101|1204
|player|p2|Money03|wattson|1272
|gen|9
|tier|[Gen 9] VGC 2025 Reg H (Bo3)
|rated|
|rule|Species Clause: Limit one of each Pokémon
|rule|Item Clause: Limit 1 of each item
|clearpoke
|poke|p1|Garganacl, L50, M|
|poke|p1|Mimikyu, L50, F|
|poke|p1|Meowscarada, L50, F|
|poke|p1|Glimmora, L50, F|
|poke|p1|Corviknight, L50, M|
|poke|p1|Magmar, L50, F|
|poke|p2|Annihilape, L50, M|
|poke|p2|Gholdengo, L50|
|poke|p2|Dragonite, L50, M|
|poke|p2|Ninetales-Alola, L50, M|
|poke|p2|Magmar, L50, M|
|poke|p2|Ursaluna-Bloodmoon, L50, M|
|teampreview|4
|showteam|p1|Garganacl||Leftovers|PurifyingSalt|Protect,Recover,SaltCure,WideGuard|||M|||50|,,,,,Bug]Mimikyu||SafetyGoggles|Disguise|TrickRoom,Taunt,Curse,DestinyBond|||F|||50|,,,,,Fire]Meowscarada||ChoiceBand|Protean|FlowerTrick,Uturn,SuckerPunch,KnockOff|||F|||50|,,,,,Ghost]Glimmora||FocusSash|ToxicDebris|MortalSpin,SpikyShield,EarthPower,PowerGem|||F|||50|,,,,,Flying]Corviknight||FigyBerry|MirrorArmor|BodyPress,BraveBird,Roost,IronDefense|||M|||50|,,,,,Dragon]Magmar||Eviolite|FlameBody|FollowMe,Overheat,WillOWisp,SunnyDay|||F|||50|,,,,,Water
|showteam|p2|Annihilape||SafetyGoggles|Defiant|DrainPunch,RageFist,BulkUp,Protect|||M|||50|,,,,,Water]Gholdengo||MetalCoat|GoodasGold|MakeItRain,ShadowBall,NastyPlot,Protect||||||50|,,,,,Dragon]Dragonite||LoadedDice|Multiscale|ScaleShot,ExtremeSpeed,IceSpinner,Protect|||M|||50|,,,,,Steel]Ninetales-Alola||LightClay|SnowWarning|Blizzard,Encore,IcicleSpear,AuroraVeil|||M|||50|,,,,,Ghost]Magmar||Eviolite|VitalSpirit|Overheat,FollowMe,Protect,ClearSmog|||M|||50|,,,,,Ghost]Ursaluna-Bloodmoon||AssaultVest|MindsEye|BloodMoon,EarthPower,HyperVoice,VacuumWave|||M|||50|,,,,,Water
|inactive|Battle timer is ON: inactive players will automatically lose when time's up. (requested by Angelo Neres)
|inactive|Angelo Neres has 60 seconds left.
|inactive|Angelo Neres has 30 seconds left.
|inactive|Angelo Neres has 20 seconds left.
|inactive|Angelo Neres has 15 seconds left.
|inactive|Angelo Neres has 10 seconds left.
|
|t:|1756132220
|teamsize|p1|4
|teamsize|p2|4
|start
|switch|p1a: Mimikyu|Mimikyu, L50, F, shiny|100/100
|switch|p1b: Meowscarada|Meowscarada, L50, F|100/100
|switch|p2a: Ninetales|Ninetales-Alola, L50, M|100/100
|switch|p2b: Gholdengo|Gholdengo, L50|100/100
|-weather|Snowscape|[from] ability: Snow Warning|[of] p2a: Ninetales
|turn|1
|inactive|Money03 has 30 seconds left.
|
|t:|1756132252
|-terastallize|p2b: Gholdengo|Dragon
|move|p1b: Meowscarada|Knock Off|p2b: Gholdengo
|-start|p1b: Meowscarada|typechange|Dark|[from] ability: Protean
|-damage|p2b: Gholdengo|30/100
|-enditem|p2b: Gholdengo|Metal Coat|[from] move: Knock Off|[of] p1b: Meowscarada
|move|p2a: Ninetales|Aurora Veil|p2a: Ninetales
|-sidestart|p2: Money03|move: Aurora Veil
|move|p1a: Mimikyu|Taunt|p2a: Ninetales
|-start|p2a: Ninetales|move: Taunt
|move|p2b: Gholdengo|Nasty Plot|p2b: Gholdengo
|-boost|p2b: Gholdengo|spa|2
|
|-weather|Snowscape|[upkeep]
|upkeep
|turn|2
|inactive|Angelo Neres has 30 seconds left.
|inactive|Angelo Neres has 20 seconds left.
|inactive|Angelo Neres has 15 seconds left.
|inactive|Angelo Neres has 10 seconds left.
|inactive|Angelo Neres has 5 seconds left.
|
|t:|1756132306
|move|p1b: Meowscarada|Knock Off|p2a: Ninetales
|-resisted|p2a: Ninetales
|-damage|p2a: Ninetales|81/100
|-enditem|p2a: Ninetales|Light Clay|[from] move: Knock Off|[of] p1b: Meowscarada
|move|p2a: Ninetales|Blizzard|p1b: Meowscarada|[spread] p1a,p1b
|-activate|p1a: Mimikyu|ability: Disguise
|-damage|p1a: Mimikyu|100/100
|-damage|p1b: Meowscarada|64/100
|-status|p1a: Mimikyu|frz
|detailschange|p1a: Mimikyu|Mimikyu-Busted, L50, F, shiny
|-damage|p1a: Mimikyu|88/100 frz|[from] pokemon: Mimikyu-Busted
|cant|p1a: Mimikyu|frz
|move|p2b: Gholdengo|Make It Rain|p1a: Mimikyu|[spread] p1a,p1b
|-supereffective|p1a: Mimikyu
|-damage|p1a: Mimikyu|0 fnt
|-damage|p1b: Meowscarada|0 fnt
|-unboost|p2b: Gholdengo|spa|1
|faint|p1a: Mimikyu
|faint|p1b: Meowscarada
|
|-weather|Snowscape|[upkeep]
|upkeep
|
|t:|1756132325
|switch|p1b: Glimmora|Glimmora, L50, F|100/100
|switch|p1a: Corviknight|Corviknight, L50, M, shiny|100/100
|turn|3
|inactive|Angelo Neres has 30 seconds left.
|inactive|Money03 has 30 seconds left.
|inactive|Money03 has 20 seconds left.
|inactive|Money03 has 15 seconds left.
|inactive|Money03 has 10 seconds left.
|
|t:|1756132373
|move|p2a: Ninetales|Blizzard|p1b: Glimmora|[spread] p1a,p1b
|-damage|p1a: Corviknight|79/100
|-damage|p1b: Glimmora|66/100
|move|p1b: Glimmora|Power Gem|p2b: Gholdengo
|-damage|p2b: Gholdengo|3/100
|move|p2b: Gholdengo|Shadow Ball|p1a: Corviknight
|-damage|p1a: Corviknight|28/100
|move|p1a: Corviknight|Roost|p1a: Corviknight
|-heal|p1a: Corviknight|79/100
|-singleturn|p1a: Corviknight|move: Roost
|
|-weather|Snowscape|[upkeep]
|upkeep
|turn|4
|c|☆Angelo Neres|That was destiny bond
|inactive|Money03 has 30 seconds left.
|
|t:|1756132403
|move|p2b: Gholdengo|Protect|p2b: Gholdengo
|-singleturn|p2b: Gholdengo|Protect
|move|p2a: Ninetales|Blizzard|p1b: Glimmora|[spread] p1a,p1b
|-damage|p1a: Corviknight|58/100
|-damage|p1b: Glimmora|25/100
|move|p1b: Glimmora|Mortal Spin|p2b: Gholdengo|[spread] p2a
|-activate|p2b: Gholdengo|move: Protect
|-supereffective|p2a: Ninetales
|-crit|p2a: Ninetales
|-damage|p2a: Ninetales|73/100
|-status|p2a: Ninetales|psn
|move|p1a: Corviknight|Iron Defense|p1a: Corviknight
|-boost|p1a: Corviknight|def|2
|
|-weather|Snowscape|[upkeep]
|-damage|p2a: Ninetales|60/100 psn|[from] psn
|-end|p2a: Ninetales|move: Taunt
|upkeep
|turn|5
|inactive|Angelo Neres has 30 seconds left.
|inactive|Angelo Neres has 20 seconds left.
|
|t:|1756132441
|move|p1b: Glimmora|Spiky Shield|p1b: Glimmora
|-singleturn|p1b: Glimmora|move: Protect
|move|p2a: Ninetales|Blizzard|p1a: Corviknight|[spread] p1a
|-activate|p1b: Glimmora|move: Protect
|-damage|p1a: Corviknight|37/100
|-status|p1a: Corviknight|frz
|move|p2b: Gholdengo|Shadow Ball|p1a: Corviknight
|-damage|p1a: Corviknight|0 fnt
|faint|p1a: Corviknight
|
|-weather|none
|-damage|p2a: Ninetales|48/100 psn|[from] psn
|upkeep
|turn|6
|
|t:|1756132464
|move|p2a: Ninetales|Encore|p1b: Glimmora
|-start|p1b: Glimmora|Encore
|move|p1b: Glimmora|Spiky Shield||[still]
|-fail|p1b: Glimmora
|move|p2b: Gholdengo|Make It Rain|p1b: Glimmora
|-supereffective|p1b: Glimmora
|-damage|p1b: Glimmora|0 fnt
|-unboost|p2b: Gholdengo|spa|1
|faint|p1b: Glimmora
|
|win|Money03
|raw|Angelo Neres's rating: 1204 → 1184(-20 for losing)
|raw|Money03's rating: 1272 → 1292(+20 for winning)
|l|☆Angelo Neres
|player|p1|
