|j|☆milkandcereals
|j|‽GermanMagearna
|html|milkandcerealsGermanMagearna    
|uhtml|bestof|Game 2 of a best-of-3
|t:|1756496992
|gametype|doubles
|player|p1|milkandcereals|blue|1043
|player|p2|GermanMagearna|cynthia-gen4|1049
|gen|9
|tier|[Gen 9] VGC 2025 Reg H (Bo3)
|rated|
|rule|Species Clause: Limit one of each Pokémon
|rule|Item Clause: Limit 1 of each item
|clearpoke
|poke|p1|Porygon2, L50|
|poke|p1|Rillaboom, L50, M|
|poke|p1|Ursaluna, L50, M|
|poke|p1|Jumpluff, L50, F|
|poke|p1|Charizard, L50, F|
|poke|p1|Torkoal, L50, F|
|poke|p2|Indeedee-F, L50, F|
|poke|p2|Hatterene, L50, F|
|poke|p2|Ursaluna, L50, M|
|poke|p2|Incineroar, L50, F|
|poke|p2|Baxcalibur, L50, F|
|poke|p2|Palafin, L50, M|
|teampreview|4
|showteam|p1|Porygon2||Eviolite|Download|TeraBlast,IceBeam,TrickRoom,Recover||||||50|,,,,,Fighting]Rillaboom||AssaultVest|GrassySurge|FakeOut,GrassyGlide,WoodHammer,HighHorsepower|||M|||50|,,,,,Water]Ursaluna||FlameOrb|Guts|Protect,Facade,Earthquake,HeadlongRush|||M|||50|,,,,,Ghost]Jumpluff||CovertCloak|Chlorophyll|SleepPowder,SunnyDay,Tailwind,RagePowder|||F|||50|,,,,,Fire]Charizard||ChoiceSpecs|SolarPower|HeatWave,Overheat,WeatherBall,DragonPulse|||F|||50|,,,,,Ghost]Torkoal||EjectPack|Drought|Overheat,Eruption,HelpingHand,Protect|||F|||50|,,,,,Fire
|showteam|p2|Indeedee-F||PsychicSeed|PsychicSurge|FollowMe,HelpingHand,Psychic,TrickRoom|||F|||50|,,,,,Dark]Hatterene||FocusSash|MagicBounce|ExpandingForce,DazzlingGleam,Protect,Psychic|||F|||50|,,,,,Psychic]Ursaluna||FlameOrb|Guts|Earthquake,Facade,HeadlongRush,Protect|||M|||50|,,,,,Normal]Incineroar||SafetyGoggles|Intimidate|FakeOut,FlareBlitz,KnockOff,PartingShot|||F|||50|,,,,,Bug]Baxcalibur||WeaknessPolicy|ThermalExchange|Protect,IcicleCrash,IceShard,GlaiveRush|||F|||50|,,,,,Dragon]Palafin||LifeOrb|ZerotoHero|Haze,WaveCrash,JetPunch,CloseCombat|||M|||50|,,,,,Grass
|inactive|Battle timer is ON: inactive players will automatically lose when time's up. (requested by milkandcereals)
|inactive|milkandcereals has 60 seconds left.
|
|t:|1756497072
|teamsize|p1|4
|teamsize|p2|4
|start
|switch|p1a: Jumpluff|Jumpluff, L50, F|100/100
|switch|p1b: Charizard|Charizard, L50, F|100/100
|switch|p2a: Ursaluna|Ursaluna, L50, M|100/100
|switch|p2b: Incineroar|Incineroar, L50, F|100/100
|-ability|p2b: Incineroar|Intimidate|boost
|-unboost|p1a: Jumpluff|atk|1
|-unboost|p1b: Charizard|atk|1
|turn|1
|inactive|milkandcereals has 30 seconds left.
|inactive|milkandcereals has 20 seconds left.
|inactive|milkandcereals has 15 seconds left.
|inactive|milkandcereals has 10 seconds left.
|inactive|milkandcereals has 5 seconds left.
|
|t:|1756497125
|switch|p1a: Rillaboom|Rillaboom, L50, M|100/100
|-fieldstart|move: Grassy Terrain|[from] ability: Grassy Surge|[of] p1a: Rillaboom
|move|p2b: Incineroar|Fake Out|p1b: Charizard
|-damage|p1b: Charizard|85/100
|cant|p1b: Charizard|flinch
|move|p2a: Ursaluna|Facade|p1a: Rillaboom
|-damage|p1a: Rillaboom|61/100
|
|-heal|p1a: Rillaboom|67/100|[from] Grassy Terrain
|-status|p2a: Ursaluna|brn|[from] item: Flame Orb
|upkeep
|turn|2
|inactive|milkandcereals has 30 seconds left.
|inactive|milkandcereals has 20 seconds left.
|inactive|milkandcereals has 15 seconds left.
|inactive|milkandcereals has 10 seconds left.
|inactive|milkandcereals has 5 seconds left.
|
|t:|1756497175
|-terastallize|p2a: Ursaluna|Normal
|move|p1a: Rillaboom|Grassy Glide|p2a: Ursaluna
|-damage|p2a: Ursaluna|71/100 brn
|move|p1b: Charizard|Heat Wave|p2a: Ursaluna|[spread] p2a,p2b
|-resisted|p2b: Incineroar
|-damage|p2a: Ursaluna|27/100 brn
|-damage|p2b: Incineroar|82/100
|move|p2b: Incineroar|Flare Blitz|p1a: Rillaboom
|-supereffective|p1a: Rillaboom
|-damage|p1a: Rillaboom|0 fnt
|faint|p1a: Rillaboom
|-damage|p2b: Incineroar|59/100|[from] Recoil
|move|p2a: Ursaluna|Facade|p1b: Charizard
|-damage|p1b: Charizard|0 fnt
|faint|p1b: Charizard
|
|-heal|p2b: Incineroar|65/100|[from] Grassy Terrain
|-heal|p2a: Ursaluna|33/100 brn|[from] Grassy Terrain
|-damage|p2a: Ursaluna|27/100 brn|[from] brn
|upkeep
|
|t:|1756497199
|switch|p1b: Torkoal|Torkoal, L50, F|100/100
|switch|p1a: Jumpluff|Jumpluff, L50, F|100/100
|-weather|SunnyDay|[from] ability: Drought|[of] p1b: Torkoal
|turn|3
|inactive|milkandcereals has 30 seconds left.
|
|t:|1756497224
|-terastallize|p1a: Jumpluff|Fire
|move|p1a: Jumpluff|Sleep Powder||[still]
|-fail|p1a: Jumpluff
|move|p2b: Incineroar|Flare Blitz|p1a: Jumpluff
|-resisted|p1a: Jumpluff
|-damage|p1a: Jumpluff|57/100
|-damage|p2b: Incineroar|52/100|[from] Recoil
|move|p1b: Torkoal|Eruption|p2b: Incineroar|[spread] p2a,p2b
|-resisted|p2b: Incineroar
|-damage|p2a: Ursaluna|0 fnt
|-damage|p2b: Incineroar|29/100
|faint|p2a: Ursaluna
|
|-weather|SunnyDay|[upkeep]
|-heal|p1a: Jumpluff|63/100|[from] Grassy Terrain
|-heal|p2b: Incineroar|35/100|[from] Grassy Terrain
|upkeep
|
|t:|1756497243
|switch|p2a: Indeedee|Indeedee-F, L50, F, shiny|100/100
|-fieldstart|move: Psychic Terrain|[from] ability: Psychic Surge|[of] p2a: Indeedee
|-enditem|p2a: Indeedee|Psychic Seed
|-boost|p2a: Indeedee|spd|1|[from] item: Psychic Seed
|turn|4
|inactive|milkandcereals has 30 seconds left.
|inactive|milkandcereals has 20 seconds left.
|
|t:|1756497280
|move|p1a: Jumpluff|Sleep Powder|p2a: Indeedee
|-status|p2a: Indeedee|slp|[from] move: Sleep Powder
|move|p2b: Incineroar|Knock Off|p1a: Jumpluff
|-damage|p1a: Jumpluff|17/100
|-enditem|p1a: Jumpluff|Covert Cloak|[from] move: Knock Off|[of] p2b: Incineroar
|move|p1b: Torkoal|Eruption|p2b: Incineroar|[spread] p2a,p2b
|-resisted|p2b: Incineroar
|-damage|p2a: Indeedee|54/100 slp
|-damage|p2b: Incineroar|11/100
|cant|p2a: Indeedee|slp
|
|-weather|SunnyDay|[upkeep]
|upkeep
|turn|5
|inactive|milkandcereals has 30 seconds left.
|
|t:|1756497314
|move|p1a: Jumpluff|Tailwind|p1a: Jumpluff
|-sidestart|p1: milkandcereals|move: Tailwind
|move|p1b: Torkoal|Eruption|p2b: Incineroar|[spread] p2a,p2b
|-resisted|p2b: Incineroar
|-damage|p2a: Indeedee|13/100 slp
|-damage|p2b: Incineroar|0 fnt
|faint|p2b: Incineroar
|cant|p2a: Indeedee|slp
|
|-weather|SunnyDay|[upkeep]
|upkeep
|
|t:|1756497323
|switch|p2b: Hatterene|Hatterene, L50, F, shiny|100/100
|turn|6
|
|t:|1756497333
|cant|p2a: Indeedee|slp
|move|p1a: Jumpluff|Sleep Powder|p2b: Hatterene
|move|p2b: Hatterene|Sleep Powder|p1a: Jumpluff|[from] ability: Magic Bounce
|-status|p1a: Jumpluff|slp|[from] move: Sleep Powder
|move|p1b: Torkoal|Eruption|p2b: Hatterene|[spread] p2a,p2b
|-damage|p2a: Indeedee|0 fnt
|-damage|p2b: Hatterene|27/100
|faint|p2a: Indeedee
|move|p2b: Hatterene|Expanding Force|p1a: Jumpluff|[spread] p1a,p1b
|-damage|p1a: Jumpluff|0 fnt
|-damage|p1b: Torkoal|7/100
|faint|p1a: Jumpluff
|
|-weather|SunnyDay|[upkeep]
|upkeep
|turn|7
|
|t:|1756497352
|move|p2b: Hatterene|Protect|p2b: Hatterene
|-singleturn|p2b: Hatterene|Protect
|move|p1b: Torkoal|Overheat|p2b: Hatterene
|-activate|p2b: Hatterene|move: Protect
|
|-weather|none
|upkeep
|turn|8
|
|t:|1756497374
|move|p1b: Torkoal|Overheat|p2b: Hatterene
|-damage|p2b: Hatterene|0 fnt
|-unboost|p1b: Torkoal|spa|2
|faint|p2b: Hatterene
|
|win|milkandcereals
