|j|☆testdigi
|j|☆tamagotchai-01
|html|testdigitamagotchai-01    
|uhtml|bestof|Game 1 of a best-of-3
|t:|1784893361
|gametype|doubles
|player|p1|testdigi|101|1091
|player|p2|tamagotchai-01|266|1096
|gen|9
|tier|[Gen 9 Champions] VGC 2026 Reg M-B (Bo3)
|rated|
|rule|Species Clause: Limit one of each Pokémon
|rule|Item Clause: Limit 1 of each item
|clearpoke
|poke|p1|Raichu, L50, M|
|poke|p1|Toxapex, L50, F|
|poke|p1|Mamoswine, L50, F|
|poke|p1|Sylveon, L50, M|
|poke|p1|Corviknight, L50, F|
|poke|p1|Basculegion, L50, M|
|poke|p2|Floette-Eternal, L50, F|
|poke|p2|Charizard, L50, F|
|poke|p2|Whimsicott, L50, M|
|poke|p2|Garchomp, L50, F|
|poke|p2|Basculegion, L50, M|
|poke|p2|Kingambit, L50, F|
|teampreview|4
|showteam|p1|Raichu||RaichuniteY|LightningRod|ZapCannon,FocusBlast,FakeOut,Protect|Timid||M|||50|]Toxapex||Leftovers|Regenerator|Infestation,Toxic,WideGuard,BanefulBunker|Relaxed||F|||50|]Mamoswine||LifeOrb|Oblivious|StompingTantrum,IceShard,RockSlide,Protect|Adamant||F|||50|]Sylveon||FairyFeather|Pixilate|HyperVoice,QuickAttack,Yawn,Detect|Modest||M|||50|]Corviknight||OccaBerry|MirrorArmor|IronHead,BraveBird,Tailwind,Protect|Adamant||F|||50|]Basculegion||FocusSash|Adaptability|LastRespects,Liquidation,AquaJet,Protect|Adamant||M|||50|
|showteam|p2|Floette-Eternal||Floettite|FlowerVeil|Moonblast,DazzlingGleam,LightofRuin,Protect|Modest||F|||50|]Charizard||CharizarditeY|SolarPower|HeatWave,SolarBeam,WeatherBall,Protect|Modest||F|||50|]Whimsicott||FocusSash|Prankster|Moonblast,Tailwind,Encore,Protect|Timid||M|||50|]Garchomp||RoseliBerry|RoughSkin|StompingTantrum,DragonClaw,PoisonJab,RockSlide|Adamant||F|||50|]Basculegion||LifeOrb|Adaptability|WaveCrash,LastRespects,AquaJet,Protect|Adamant||M|||50|]Kingambit||OccaBerry|Defiant|KowtowCleave,LowKick,SuckerPunch,IronHead|Adamant||F|||50|
|inactive|Battle timer is ON: inactive players will automatically lose when time's up. (requested by tamagotchai-01)
|inactive|testdigi has 60 seconds left.
|
|t:|1784893394
|teamsize|p1|4
|teamsize|p2|4
|start
|switch|p1a: Toxapex|Toxapex, L50, F|100/100
|switch|p1b: Corviknight|Corviknight, L50, F|100/100
|switch|p2a: Whimsicott|Whimsicott, L50, M|100/100
|switch|p2b: Basculegion|Basculegion, L50, M|100/100
|turn|1
|
|t:|1784893405
|move|p2a: Whimsicott|Moonblast|p1b: Corviknight
|-resisted|p1b: Corviknight|1
|-damage|p1b: Corviknight|83/100
|move|p2b: Basculegion|Wave Crash|p1b: Corviknight
|-damage|p1b: Corviknight|0 fnt
|faint|p1b: Corviknight
|-damage|p2b: Basculegion|71/100|[from] Recoil
|-damage|p2b: Basculegion|61/100|[from] item: Life Orb
|move|p1a: Toxapex|Infestation|p2a: Whimsicott
|-damage|p2a: Whimsicott|94/100
|-activate|p2a: Whimsicott|move: Infestation|[of] p1a: Toxapex
|
|-damage|p2a: Whimsicott|82/100|[from] move: Infestation|[partiallytrapped]
|upkeep
|
|t:|1784893418
|switch|p1b: Raichu|Raichu, L50, M|100/100
|turn|2
|
|t:|1784893434
|detailschange|p1b: Raichu|Raichu-Mega-Y, L50, M
|-mega|p1b: Raichu|Raichu|Raichunite Y
|move|p1b: Raichu|Zap Cannon|p2b: Basculegion
|-supereffective|p2b: Basculegion|1
|-damage|p2b: Basculegion|0 fnt
|faint|p2b: Basculegion
|move|p2a: Whimsicott|Moonblast|p1a: Toxapex
|-resisted|p1a: Toxapex|1
|-crit|p1a: Toxapex
|-damage|p1a: Toxapex|78/100
|move|p1a: Toxapex|Infestation|p2a: Whimsicott
|-damage|p2a: Whimsicott|77/100
|
|-heal|p1a: Toxapex|84/100|[from] item: Leftovers
|-damage|p2a: Whimsicott|64/100|[from] move: Infestation|[partiallytrapped]
|upkeep
|
|t:|1784893435
|switch|p2b: Garchomp|Garchomp, L50, F|100/100
|turn|3
|inactive|testdigi has 30 seconds left.
|
|t:|1784893467
|move|p1b: Raichu|Focus Blast|p2b: Garchomp
|-damage|p2b: Garchomp|61/100
|move|p2a: Whimsicott|Moonblast|p1b: Raichu
|-damage|p1b: Raichu|52/100
|move|p2b: Garchomp|Stomping Tantrum|p1a: Toxapex
|-supereffective|p1a: Toxapex|1
|-damage|p1a: Toxapex|26/100
|move|p1a: Toxapex|Toxic|p2b: Garchomp
|-status|p2b: Garchomp|tox
|
|-heal|p1a: Toxapex|31/100|[from] item: Leftovers
|-damage|p2b: Garchomp|55/100 tox|[from] psn
|-damage|p2a: Whimsicott|52/100|[from] move: Infestation|[partiallytrapped]
|upkeep
|turn|4
|
|t:|1784893477
|move|p1a: Toxapex|Baneful Bunker|p1a: Toxapex
|-singleturn|p1a: Toxapex|move: Protect
|move|p1b: Raichu|Zap Cannon|p2a: Whimsicott
|-resisted|p2a: Whimsicott|1
|-damage|p2a: Whimsicott|1/100
|-status|p2a: Whimsicott|par
|move|p2b: Garchomp|Stomping Tantrum|p1a: Toxapex
|-activate|p1a: Toxapex|move: Protect
|move|p2a: Whimsicott|Moonblast|p1a: Toxapex
|-activate|p1a: Toxapex|move: Protect
|
|-heal|p1a: Toxapex|37/100|[from] item: Leftovers
|-damage|p2b: Garchomp|43/100 tox|[from] psn
|-damage|p2a: Whimsicott|0 fnt|[from] move: Infestation|[partiallytrapped]
|faint|p2a: Whimsicott
|upkeep
|
|t:|1784893477
|switch|p2a: Kingambit|Kingambit, L50, F|100/100
|turn|5
|
|t:|1784893495
|move|p1b: Raichu|Protect|p1b: Raichu
|-singleturn|p1b: Raichu|Protect
|move|p2a: Kingambit|Sucker Punch|p1a: Toxapex
|-damage|p1a: Toxapex|12/100
|move|p2b: Garchomp|Stomping Tantrum|p1a: Toxapex
|-supereffective|p1a: Toxapex|1
|-damage|p1a: Toxapex|0 fnt
|faint|p1a: Toxapex
|
|-damage|p2b: Garchomp|26/100 tox|[from] psn
|upkeep
|
|t:|1784893500
|switch|p1a: Mamoswine|Mamoswine, L50, F|100/100
|turn|6
|
|t:|1784893515
|move|p1b: Raichu|Focus Blast|p2b: Garchomp
|-damage|p2b: Garchomp|0 fnt
|faint|p2b: Garchomp
|move|p1a: Mamoswine|Stomping Tantrum|p2a: Kingambit
|-supereffective|p2a: Kingambit|1
|-damage|p2a: Kingambit|22/100
|-damage|p1a: Mamoswine|90/100|[from] item: Life Orb
|move|p2a: Kingambit|Iron Head|p1a: Mamoswine
|-supereffective|p1a: Mamoswine|1
|-damage|p1a: Mamoswine|0 fnt
|faint|p1a: Mamoswine
|
|upkeep
|turn|7
|
|t:|1784893523
|move|p2a: Kingambit|Sucker Punch|p1b: Raichu
|-crit|p1b: Raichu
|-damage|p1b: Raichu|0 fnt
|faint|p1b: Raichu
|
|win|tamagotchai-01
||tamagotchai-01 is ready for game 2.
||testdigi is ready for game 2.
|uhtml|next|Next: Game 2 of 3
