|j|☆jpishere
|j|☆Kiyoshit
|html|jpishereKiyoshit    
|uhtml|bestof|Game 3 of a best-of-3
|t:|1756472700
|gametype|doubles
|player|p1|jpishere|palmer|1052
|player|p2|Kiyoshit|alder|1000
|gen|9
|tier|[Gen 9] VGC 2025 Reg H (Bo3)
|rated|
|rule|Species Clause: Limit one of each Pokémon
|rule|Item Clause: Limit 1 of each item
|clearpoke
|poke|p1|Hatterene, L50, F|
|poke|p1|Ursaluna, L50, F|
|poke|p1|Annihilape, L50, M|
|poke|p1|Smeargle, L50, M|
|poke|p1|Torkoal, L50, M|
|poke|p1|Meowscarada, L50, F|
|poke|p2|Incineroar, L50, F|
|poke|p2|Amoonguss, L50, M|
|poke|p2|Ursaluna-Bloodmoon, L50, M|
|poke|p2|Dragonite, L50, F|
|poke|p2|Sneasler, L50, M|
|poke|p2|Gholdengo, L50|
|teampreview|4
|showteam|p1|Hatterene||CovertCloak|MagicBounce|TrickRoom,Protect,HelpingHand,Psychic|||F|||50|,,,,,Fire]Ursaluna||FlameOrb|Guts|Protect,Facade,Earthquake,HeadlongRush|||F|||50|,,,,,Ghost]Annihilape||ChoiceScarf|Defiant|FinalGambit,CloseCombat,Coaching,Uturn|||M|||50|,,,,,Grass]Smeargle||EjectPack|Moody|FakeOut,WideGuard,FollowMe,Spore|||M|||50|,,,,,Ghost]Torkoal||ChoiceSpecs|Drought|Eruption,HeatWave,Flamethrower,HelpingHand|||M|||50|,,,,,Fire]Meowscarada||FocusSash|Overgrow|Protect,FlowerTrick,Taunt,TripleAxel|||F|||50|,,,,,Grass
|showteam|p2|Incineroar||SafetyGoggles|Intimidate|FlareBlitz,KnockOff,FakeOut,PartingShot|||F|||50|,,,,,Ghost]Amoonguss||SitrusBerry|Regenerator|PollenPuff,Spore,RagePowder,Protect|||M|||50|,,,,,Psychic]Ursaluna-Bloodmoon||AssaultVest|MindsEye|HyperVoice,BloodMoon,EarthPower,VacuumWave|||M|||50|,,,,,Water]Dragonite||LoadedDice|Multiscale|ScaleShot,Tailwind,Haze,Protect|||F|||50|,,,,,Fairy]Sneasler||FocusSash|Unburden|CloseCombat,DireClaw,ThroatChop,Protect|||M|||50|,,,,,Stellar]Gholdengo||LifeOrb|GoodasGold|MakeItRain,ShadowBall,NastyPlot,Protect||||||50|,,,,,Water
|
|t:|1756472722
|teamsize|p1|4
|teamsize|p2|4
|start
|switch|p1a: Smeargle|Smeargle, L50, M|100/100
|switch|p1b: Hatterene|Hatterene, L50, F|100/100
|switch|p2a: Sneasler|Sneasler, L50, M|100/100
|switch|p2b: Gholdengo|Gholdengo, L50|100/100
|turn|1
|
|t:|1756472743
|-terastallize|p1b: Hatterene|Fire
|move|p1a: Smeargle|Fake Out|p2a: Sneasler
|-damage|p2a: Sneasler|93/100
|cant|p2a: Sneasler|flinch
|move|p2b: Gholdengo|Make It Rain|p1a: Smeargle|[spread] p1a,p1b
|-resisted|p1b: Hatterene
|-damage|p1a: Smeargle|0 fnt
|-damage|p1b: Hatterene|77/100
|-unboost|p2b: Gholdengo|spa|1
|faint|p1a: Smeargle
|-damage|p2b: Gholdengo|91/100|[from] item: Life Orb
|move|p1b: Hatterene|Trick Room|p1b: Hatterene
|-fieldstart|move: Trick Room|[of] p1b: Hatterene
|
|upkeep
|
|t:|1756472761
|switch|p1a: Ursaluna|Ursaluna, L50, F|100/100
|turn|2
|
|t:|1756472791
|switch|p2b: Ursaluna|Ursaluna-Bloodmoon, L50, M|100/100
|move|p1b: Hatterene|Psychic|p2a: Sneasler
|-supereffective|p2a: Sneasler
|-damage|p2a: Sneasler|0 fnt
|faint|p2a: Sneasler
|move|p1a: Ursaluna|Headlong Rush|p2b: Ursaluna
|-damage|p2b: Ursaluna|48/100
|-unboost|p1a: Ursaluna|def|1
|-unboost|p1a: Ursaluna|spd|1
|
|-status|p1a: Ursaluna|brn|[from] item: Flame Orb
|upkeep
|
|t:|1756472808
|switch|p2a: Gholdengo|Gholdengo, L50|91/100
|turn|3
|
|t:|1756472844
|move|p1b: Hatterene|Psychic|p2b: Ursaluna
|-damage|p2b: Ursaluna|20/100
|move|p1a: Ursaluna|Facade|p2b: Ursaluna
|-damage|p2b: Ursaluna|0 fnt
|faint|p2b: Ursaluna
|move|p2a: Gholdengo|Make It Rain|p1b: Hatterene|[spread] p1a,p1b
|-resisted|p1b: Hatterene
|-damage|p1a: Ursaluna|13/100 brn
|-damage|p1b: Hatterene|52/100
|-unboost|p2a: Gholdengo|spa|1
|-damage|p2a: Gholdengo|81/100|[from] item: Life Orb
|
|-damage|p1a: Ursaluna|7/100 brn|[from] brn
|upkeep
|
|t:|1756472854
|switch|p2b: Dragonite|Dragonite, L50, F|100/100
|turn|4
|
|t:|1756472875
|move|p2b: Dragonite|Protect|p2b: Dragonite
|-singleturn|p2b: Dragonite|Protect
|move|p2a: Gholdengo|Protect|p2a: Gholdengo
|-singleturn|p2a: Gholdengo|Protect
|move|p1b: Hatterene|Psychic|p2b: Dragonite
|-activate|p2b: Dragonite|move: Protect
|move|p1a: Ursaluna|Facade|p2b: Dragonite
|-activate|p2b: Dragonite|move: Protect
|
|-damage|p1a: Ursaluna|1/100 brn|[from] brn
|upkeep
|turn|5
|
|t:|1756472910
|move|p2b: Dragonite|Protect||[still]
|-fail|p2b: Dragonite
|move|p2a: Gholdengo|Protect||[still]
|-fail|p2a: Gholdengo
|move|p1b: Hatterene|Psychic|p2a: Gholdengo
|-resisted|p2a: Gholdengo
|-damage|p2a: Gholdengo|60/100
|move|p1a: Ursaluna|Headlong Rush|p2a: Gholdengo
|-supereffective|p2a: Gholdengo
|-damage|p2a: Gholdengo|0 fnt
|-unboost|p1a: Ursaluna|def|1
|-unboost|p1a: Ursaluna|spd|1
|faint|p2a: Gholdengo
|
|-damage|p1a: Ursaluna|0 fnt|[from] brn
|faint|p1a: Ursaluna
|-fieldend|move: Trick Room
|upkeep
|
|t:|1756472927
|switch|p1a: Torkoal|Torkoal, L50, M|100/100
|-weather|SunnyDay|[from] ability: Drought|[of] p1a: Torkoal
|turn|6
|
|t:|1756472935
|move|p2b: Dragonite|Scale Shot|p1b: Hatterene
|-damage|p1b: Hatterene|36/100
|-damage|p1b: Hatterene|21/100
|-damage|p1b: Hatterene|5/100
|-damage|p1b: Hatterene|0 fnt
|faint|p1b: Hatterene
|-hitcount|p1: Hatterene|4
|-unboost|p2b: Dragonite|def|1
|-boost|p2b: Dragonite|spe|1
|move|p1a: Torkoal|Flamethrower|p2b: Dragonite
|-resisted|p2b: Dragonite
|-damage|p2b: Dragonite|75/100
|
|-weather|SunnyDay|[upkeep]
|upkeep
|turn|7
|
|t:|1756472951
|move|p2b: Dragonite|Scale Shot|p1a: Torkoal|[miss]
|-miss|p2b: Dragonite|p1a: Torkoal
|move|p1a: Torkoal|Flamethrower|p2b: Dragonite
|-resisted|p2b: Dragonite
|-damage|p2b: Dragonite|27/100
|
|-weather|SunnyDay|[upkeep]
|upkeep
|turn|8
|
|t:|1756472960
|move|p2b: Dragonite|Scale Shot|p1a: Torkoal
|-damage|p1a: Torkoal|89/100
|-damage|p1a: Torkoal|76/100
|-damage|p1a: Torkoal|64/100
|-damage|p1a: Torkoal|50/100
|-hitcount|p1a: Torkoal|4
|-unboost|p2b: Dragonite|def|1
|-boost|p2b: Dragonite|spe|1
|move|p1a: Torkoal|Flamethrower|p2b: Dragonite
|-resisted|p2b: Dragonite
|-damage|p2b: Dragonite|0 fnt
|faint|p2b: Dragonite
|
|win|jpishere
|raw|jpishere's rating: 1052 → 1079(+27 for winning)
|raw|Kiyoshit's rating: 1000 → 1000(+0 for losing)
|l|☆Kiyoshit
|player|p2|
|l|☆jpishere
|player|p1|
|j|☆Kiyoshit
|player|p2|Kiyoshit|alder|
