|j|☆Cyclosz
|j|☆Mortipherus
|html|CycloszMortipherus    
|uhtml|bestof|Game 2 of a best-of-3
|t:|1756318115
|gametype|doubles
|player|p1|Cyclosz|swimmerf-gen4|
|player|p2|Mortipherus|biker-gen4|
|gen|9
|tier|[Gen 9] VGC 2025 Reg H (Bo3)
|rule|Species Clause: Limit one of each Pokémon
|rule|Item Clause: Limit 1 of each item
|clearpoke
|poke|p1|Kommo-o, L50, F|
|poke|p1|Sinistcha, L50|
|poke|p1|Incineroar, L50, M|
|poke|p1|Maushold, L50|
|poke|p1|Annihilape, L50, M|
|poke|p1|Talonflame, L50, F|
|poke|p2|Hydrapple, L50, F|
|poke|p2|Arcanine-Hisui, L50, M|
|poke|p2|Gholdengo, L50|
|poke|p2|Electabuzz, L50, M|
|poke|p2|Indeedee, L50, M|
|poke|p2|Sneasler, L50, F|
|teampreview|4
|showteam|p1|Kommo-o||ThroatSpray|Overcoat|ClangorousSoul,ClangingScales,Boomburst,Protect|||F|||50|,,,,,Normal]Sinistcha||RockyHelmet|Hospitality|RagePowder,MatchaGotcha,ShadowBall,LifeDew||||||50|,,,,,Water]Incineroar||SafetyGoggles|Intimidate|KnockOff,FlareBlitz,PartingShot,FakeOut|||M|||50|,,,,,Ghost]Maushold||WideLens|FriendGuard|FollowMe,BeatUp,Taunt,PopulationBomb||||||50|,,,,,Ghost]Annihilape||Leftovers|Defiant|DrainPunch,Protect,RageFist,BulkUp|||M|||50|,,,,,Steel]Talonflame||CovertCloak|FlameBody|WillOWisp,Tailwind,FlareBlitz,BraveBird|||F|||50|,,,,,Stellar
|showteam|p2|Hydrapple||AssaultVest|Regenerator|FickleBeam,EnergyBall,EarthPower,PollenPuff|||F|||50|,,,,,Bug]Arcanine-Hisui||ClearAmulet|Intimidate|Protect,ExtremeSpeed,FlareBlitz,RockSlide|||M|||50|,,,,,Grass]Gholdengo||LifeOrb|GoodasGold|Protect,NastyPlot,MakeItRain,ShadowBall||||||50|,,,,,Flying]Electabuzz||Eviolite|VitalSpirit|Protect,FollowMe,Taunt,Electroweb|||M|||50|,,,,,Dragon]Indeedee||FocusSash|PsychicSurge|Protect,TrickRoom,ExpandingForce,TeraBlast|||M|||50|,,,,,Ground]Sneasler||PsychicSeed|Unburden|Protect,ThroatChop,DireClaw,CloseCombat|||F|||50|,,,,,Dark
|
|t:|1756318149
|teamsize|p1|4
|teamsize|p2|4
|start
|switch|p1a: Maushold|Maushold, L50|100/100
|switch|p1b: Kommo-o|Kommo-o, L50, F|100/100
|switch|p2a: Electabuzz|Electabuzz, L50, M|100/100
|switch|p2b: Gholdengo|Gholdengo, L50|100/100
|turn|1
|
|t:|1756318181
|switch|p1b: Sinistcha|Sinistcha, L50|100/100
|move|p2a: Electabuzz|Follow Me|p2a: Electabuzz
|-singleturn|p2a: Electabuzz|move: Follow Me
|move|p1a: Maushold|Population Bomb|p2a: Electabuzz
|-damage|p2a: Electabuzz|95/100
|-crit|p2a: Electabuzz
|-damage|p2a: Electabuzz|85/100
|-damage|p2a: Electabuzz|79/100
|-damage|p2a: Electabuzz|72/100
|-damage|p2a: Electabuzz|67/100
|-damage|p2a: Electabuzz|60/100
|-damage|p2a: Electabuzz|53/100
|-damage|p2a: Electabuzz|46/100
|-damage|p2a: Electabuzz|39/100
|-damage|p2a: Electabuzz|31/100
|-hitcount|p2a: Electabuzz|10
|move|p2b: Gholdengo|Nasty Plot|p2b: Gholdengo
|-boost|p2b: Gholdengo|spa|2
|
|upkeep
|turn|2
|
|t:|1756318207
|move|p2b: Gholdengo|Protect|p2b: Gholdengo
|-singleturn|p2b: Gholdengo|Protect
|move|p1a: Maushold|Follow Me|p1a: Maushold
|-singleturn|p1a: Maushold|move: Follow Me
|move|p2a: Electabuzz|Electroweb|p1b: Sinistcha|[spread] p1a,p1b
|-resisted|p1b: Sinistcha
|-damage|p1a: Maushold|80/100
|-damage|p1b: Sinistcha|96/100
|-unboost|p1a: Maushold|spe|1
|-unboost|p1b: Sinistcha|spe|1
|move|p1b: Sinistcha|Shadow Ball|p2a: Electabuzz
|-damage|p2a: Electabuzz|10/100
|-unboost|p2a: Electabuzz|spd|1
|
|upkeep
|turn|3
|
|t:|1756318232
|-terastallize|p1b: Sinistcha|Water
|move|p2a: Electabuzz|Protect|p2a: Electabuzz
|-singleturn|p2a: Electabuzz|Protect
|move|p2b: Gholdengo|Make It Rain|p1b: Sinistcha|[spread] p1a,p1b
|-resisted|p1b: Sinistcha
|-damage|p1a: Maushold|0 fnt
|-damage|p1b: Sinistcha|49/100
|-unboost|p2b: Gholdengo|spa|1
|faint|p1a: Maushold
|-damage|p2b: Gholdengo|91/100|[from] item: Life Orb
|move|p1b: Sinistcha|Shadow Ball|p2b: Gholdengo
|-supereffective|p2b: Gholdengo
|-damage|p2b: Gholdengo|26/100
|
|upkeep
|
|t:|1756318242
|switch|p1a: Talonflame|Talonflame, L50, F|100/100
|turn|4
|
|t:|1756318268
|switch|p2a: Indeedee|Indeedee, L50, M|100/100
|-fieldstart|move: Psychic Terrain|[from] ability: Psychic Surge|[of] p2a: Indeedee
|move|p2b: Gholdengo|Protect|p2b: Gholdengo
|-singleturn|p2b: Gholdengo|Protect
|move|p1a: Talonflame|Tailwind|p1a: Talonflame
|-sidestart|p1: Cyclosz|move: Tailwind
|move|p1b: Sinistcha|Matcha Gotcha|p2b: Gholdengo|[spread] p2a
|-activate|p2b: Gholdengo|move: Protect
|-crit|p2a: Indeedee
|-damage|p2a: Indeedee|53/100
|-heal|p1b: Sinistcha|68/100|[from] drain|[of] p2a: Indeedee
|
|upkeep
|turn|5
|
|t:|1756318293
|-terastallize|p2b: Gholdengo|Flying
|move|p1a: Talonflame|Flare Blitz|p2b: Gholdengo
|-damage|p2b: Gholdengo|0 fnt
|faint|p2b: Gholdengo
|-damage|p1a: Talonflame|91/100|[from] Recoil
|move|p1b: Sinistcha|Matcha Gotcha|p2a: Indeedee
|-damage|p2a: Indeedee|9/100
|-heal|p1b: Sinistcha|86/100|[from] drain|[of] p2a: Indeedee
|move|p2a: Indeedee|Trick Room|p2a: Indeedee
|-fieldstart|move: Trick Room|[of] p2a: Indeedee
|
|upkeep
|
|t:|1756318300
|switch|p2b: Electabuzz|Electabuzz, L50, M|10/100
|turn|6
|
|t:|1756318310
|move|p1b: Sinistcha|Matcha Gotcha|p2a: Indeedee|[spread] p2a,p2b
|-damage|p2a: Indeedee|0 fnt
|-heal|p1b: Sinistcha|89/100|[from] drain|[of] p2a: Indeedee
|-damage|p2b: Electabuzz|0 fnt
|-heal|p1b: Sinistcha|94/100|[from] drain|[of] p2b: Electabuzz
|faint|p2a: Indeedee
|faint|p2b: Electabuzz
|move|p1a: Talonflame|Flare Blitz|p2: Indeedee|[notarget]
|-fail|p1a: Talonflame
|
|upkeep
|
|t:|1756318324
|switch|p2a: Sneasler|Sneasler, L50, F|100/100
|-enditem|p2a: Sneasler|Psychic Seed
|-boost|p2a: Sneasler|spd|1|[from] item: Psychic Seed
|turn|7
|
|t:|1756318335
|move|p1b: Sinistcha|Rage Powder|p1b: Sinistcha
|-singleturn|p1b: Sinistcha|move: Rage Powder
|move|p2a: Sneasler|Dire Claw|p1b: Sinistcha
|-damage|p1b: Sinistcha|56/100
|-status|p1b: Sinistcha|psn
|-damage|p2a: Sneasler|84/100|[from] item: Rocky Helmet|[of] p1b: Sinistcha
|move|p1a: Talonflame|Brave Bird|p2a: Sneasler
|-supereffective|p2a: Sneasler
|-damage|p2a: Sneasler|0 fnt
|faint|p2a: Sneasler
|-damage|p1a: Talonflame|64/100|[from] Recoil
|
|win|Cyclosz
|inactive|Cyclosz has 30 seconds to confirm battle start!
|inactive|Mortipherus has 30 seconds to confirm battle start!
||Cyclosz is ready for game 3.
||Mortipherus is ready for game 3.
|uhtml|next|Next: Game 3 of 3
