|j|☆danielitogg_25
|j|☆GreedyGrid
|html|danielitogg_25GreedyGrid    
|uhtml|bestof|Game 3 of a best-of-3
|t:|1783165516
|gametype|doubles
|player|p1|danielitogg_25|170|1000
|player|p2|GreedyGrid|102|1000
|gen|9
|tier|[Gen 9 Champions] VGC 2026 Reg M-B (Bo3)
|rated|
|rule|Species Clause: Limit one of each Pokémon
|rule|Item Clause: Limit 1 of each item
|clearpoke
|poke|p1|Mawile, L50, F|
|poke|p1|Hydreigon, L50, F|
|poke|p1|Pelipper, L50, F|
|poke|p1|Venusaur, L50, M|
|poke|p1|Maushold, L50|
|poke|p1|Incineroar, L50, F|
|poke|p2|Rotom-Heat, L50, shiny|
|poke|p2|Gholdengo, L50, shiny|
|poke|p2|Grimmsnarl, L50, M, shiny|
|poke|p2|Garchomp, L50, M|
|poke|p2|Pelipper, L50, M|
|poke|p2|Primarina, L50, F, shiny|
|teampreview|4
|showteam|p1|Mawile||Mawilite|HyperCutter|PlayRough,SuckerPunch,BrickBreak,Protect|Adamant||F|||50|]Hydreigon||LifeOrb|Levitate|DarkPulse,DragonPulse,EarthPower,Protect|Modest||F|||50|]Pelipper||SharpBeak|Drizzle|WeatherBall,Hurricane,Tailwind,Protect|Timid||F|||50|]Venusaur||Venusaurite|Chlorophyll|WeatherBall,GigaDrain,SludgeBomb,Protect|Modest||M|||50|]Maushold||FocusSash|FriendGuard|SunnyDay,FollowMe,SuperFang,HelpingHand|Timid|||||50|]Incineroar||BlackGlasses|Intimidate|DarkestLariat,PartingShot,FakeOut,Protect|Adamant||F|||50|
|showteam|p2|Rotom-Heat||SitrusBerry|Levitate|Overheat,Thunderbolt,WillOWisp,Protect|Bold|||||50|]Gholdengo||Leftovers|GoodasGold|MakeItRain,ShadowBall,NastyPlot,Protect|Modest|||||50|]Grimmsnarl||LightClay|Prankster|SpiritBreak,Reflect,LightScreen,PartingShot|Careful||M|||50|]Garchomp||LifeOrb|RoughSkin|StompingTantrum,DragonClaw,RockSlide,Protect|Jolly||M|||50|]Pelipper||FocusSash|Drizzle|Hurricane,WeatherBall,Tailwind,WideGuard|Timid||M|||50|]Primarina||MysticWater|LiquidVoice|EnergyBall,HyperVoice,Moonblast,Protect|Bold||F|||50|
|inactive|Battle timer is ON: inactive players will automatically lose when time's up. (requested by danielitogg_25)
|
|t:|1783165542
|teamsize|p1|4
|teamsize|p2|4
|start
|switch|p1a: Venusaur|Venusaur, L50, M|100/100
|switch|p1b: Incineroar|Incineroar, L50, F|100/100
|switch|p2a: Grimmsnarl|Grimmsnarl, L50, M, shiny|100/100
|switch|p2b: Rotom|Rotom-Heat, L50, shiny|100/100
|-ability|p1b: Incineroar|Intimidate|boost
|-unboost|p2a: Grimmsnarl|atk|1
|-unboost|p2b: Rotom|atk|1
|turn|1
|inactive|GreedyGrid has 30 seconds left.
|
|t:|1783165571
|detailschange|p1a: Venusaur|Venusaur-Mega, L50, M
|-mega|p1a: Venusaur|Venusaur|Venusaurite
|move|p2b: Rotom|Protect|p2b: Rotom
|-singleturn|p2b: Rotom|Protect
|move|p1b: Incineroar|Fake Out|p2a: Grimmsnarl
|-damage|p2a: Grimmsnarl|87/100
|cant|p2a: Grimmsnarl|flinch
|move|p1a: Venusaur|Sludge Bomb|p2a: Grimmsnarl
|-supereffective|p2a: Grimmsnarl|1
|-damage|p2a: Grimmsnarl|3/100
|
|upkeep
|turn|2
|
|t:|1783165587
|switch|p1b: Pelipper|Pelipper, L50, F|100/100
|-weather|RainDance|[from] ability: Drizzle|[of] p1b: Pelipper
|move|p2a: Grimmsnarl|Light Screen|p2a: Grimmsnarl
|-sidestart|p2: GreedyGrid|move: Light Screen
|move|p2b: Rotom|Overheat|p1a: Venusaur
|-supereffective|p1a: Venusaur|1
|-crit|p1a: Venusaur
|-damage|p1a: Venusaur|66/100
|-unboost|p2b: Rotom|spa|2
|move|p1a: Venusaur|Weather Ball|p2b: Rotom
|-supereffective|p2b: Rotom|1
|-damage|p2b: Rotom|0 fnt
|faint|p2b: Rotom
|
|-weather|RainDance|[upkeep]
|upkeep
|
|t:|1783165603
|switch|p2b: Garchomp|Garchomp, L50, M|100/100
|turn|3
|
|t:|1783165617
|move|p1a: Venusaur|Protect|p1a: Venusaur
|-singleturn|p1a: Venusaur|Protect
|move|p2a: Grimmsnarl|Parting Shot|p1a: Venusaur
|-activate|p1a: Venusaur|move: Protect
|move|p2b: Garchomp|Rock Slide|p1b: Pelipper|[spread] p1b
|-activate|p1a: Venusaur|move: Protect
|-supereffective|p1b: Pelipper|1
|-damage|p1b: Pelipper|37/100
|-damage|p2b: Garchomp|90/100|[from] item: Life Orb
|cant|p1b: Pelipper|flinch
|
|-weather|RainDance|[upkeep]
|upkeep
|turn|4
|inactive|danielitogg_25 has 30 seconds left.
|
|t:|1783165646
|switch|p1b: Incineroar|Incineroar, L50, F|100/100
|-ability|p1b: Incineroar|Intimidate|boost
|-unboost|p2a: Grimmsnarl|atk|1
|-unboost|p2b: Garchomp|atk|1
|move|p2a: Grimmsnarl|Parting Shot|p1b: Incineroar
|-hint|Since gen 7, Dark is immune to Prankster moves.
|-immune|p1b: Incineroar
|move|p2b: Garchomp|Rock Slide|p1b: Incineroar|[spread] p1a,p1b
|-supereffective|p1b: Incineroar|1
|-damage|p1a: Venusaur|52/100
|-damage|p1b: Incineroar|67/100
|-damage|p2b: Garchomp|80/100|[from] item: Life Orb
|move|p1a: Venusaur|Giga Drain|p2b: Garchomp
|-damage|p2b: Garchomp|51/100
|-heal|p1a: Venusaur|67/100|[from] drain|[of] p2b: Garchomp
|
|-weather|RainDance|[upkeep]
|upkeep
|turn|5
|inactive|danielitogg_25 has 30 seconds left.
|
|t:|1783165674
|switch|p2a: Gholdengo|Gholdengo, L50, shiny|100/100
|move|p2b: Garchomp|Protect|p2b: Garchomp
|-singleturn|p2b: Garchomp|Protect
|move|p1b: Incineroar|Fake Out|p2a: Gholdengo
|-immune|p2a: Gholdengo
|move|p1a: Venusaur|Giga Drain|p2a: Gholdengo
|-resisted|p2a: Gholdengo|1
|-damage|p2a: Gholdengo|83/100
|-heal|p1a: Venusaur|74/100|[from] drain|[of] p2a: Gholdengo
|
|-weather|RainDance|[upkeep]
|-heal|p2a: Gholdengo|89/100|[from] item: Leftovers
|upkeep
|turn|6
|
|t:|1783165694
|move|p2b: Garchomp|Stomping Tantrum|p1b: Incineroar
|-supereffective|p1b: Incineroar|1
|-damage|p1b: Incineroar|9/100
|-damage|p2b: Garchomp|42/100|[from] item: Life Orb
|move|p2a: Gholdengo|Make It Rain|p1b: Incineroar|[spread] p1a,p1b
|-resisted|p1b: Incineroar|1
|-damage|p1a: Venusaur|32/100
|-damage|p1b: Incineroar|0 fnt
|-unboost|p2a: Gholdengo|spa|2
|faint|p1b: Incineroar
|move|p1a: Venusaur|Weather Ball|p2b: Garchomp
|-damage|p2b: Garchomp|0 fnt
|faint|p2b: Garchomp
|
|-weather|none
|-heal|p2a: Gholdengo|95/100|[from] item: Leftovers
|upkeep
|
|t:|1783165718
|switch|p2b: Grimmsnarl|Grimmsnarl, L50, M, shiny|3/100
|switch|p1b: Pelipper|Pelipper, L50, F|37/100
|-weather|RainDance|[from] ability: Drizzle|[of] p1b: Pelipper
|turn|7
|
|t:|1783165740
|move|p1a: Venusaur|Protect|p1a: Venusaur
|-singleturn|p1a: Venusaur|Protect
|move|p2b: Grimmsnarl|Parting Shot|p1b: Pelipper
|-unboost|p1b: Pelipper|atk|1
|-unboost|p1b: Pelipper|spa|1
|move|p2a: Gholdengo|Nasty Plot|p2a: Gholdengo
|-boost|p2a: Gholdengo|spa|2
|move|p1b: Pelipper|Weather Ball|p2b: Grimmsnarl
|-damage|p2b: Grimmsnarl|0 fnt
|faint|p2b: Grimmsnarl
|
|-weather|RainDance|[upkeep]
|-heal|p2a: Gholdengo|100/100|[from] item: Leftovers
|upkeep
|turn|8
|
|t:|1783165761
|switch|p1a: Maushold|Maushold, L50|100/100
|move|p2a: Gholdengo|Make It Rain|p1a: Maushold|[spread] p1a,p1b
|-resisted|p1b: Pelipper|1
|-damage|p1a: Maushold|39/100
|-damage|p1b: Pelipper|5/100
|-unboost|p2a: Gholdengo|spa|2
|move|p1b: Pelipper|Tailwind|p1b: Pelipper
|-sidestart|p1: danielitogg_25|move: Tailwind
|
|-weather|RainDance|[upkeep]
|upkeep
|turn|9
|
|t:|1783165779
|move|p1a: Maushold|Sunny Day|p1a: Maushold
|-weather|SunnyDay
|move|p1b: Pelipper|Weather Ball|p2a: Gholdengo
|-supereffective|p2a: Gholdengo|1
|-damage|p2a: Gholdengo|56/100
|move|p2a: Gholdengo|Make It Rain|p1b: Pelipper|[spread] p1b
|-miss|p2a: Gholdengo|p1a: Maushold
|-resisted|p1b: Pelipper|1
|-damage|p1b: Pelipper|0 fnt
|-unboost|p2a: Gholdengo|spa|2
|faint|p1b: Pelipper
|
|-weather|SunnyDay|[upkeep]
|-heal|p2a: Gholdengo|62/100|[from] item: Leftovers
|-sideend|p2: GreedyGrid|move: Light Screen
|upkeep
|
|t:|1783165791
|switch|p1b: Venusaur|Venusaur-Mega, L50, M|32/100
|turn|10
|
|t:|1783165802
|move|p1a: Maushold|Helping Hand|p1b: Venusaur
|-singleturn|p1b: Venusaur|Helping Hand|[of] p1a: Maushold
|move|p2a: Gholdengo|Protect|p2a: Gholdengo
|-singleturn|p2a: Gholdengo|Protect
|move|p1b: Venusaur|Weather Ball|p2a: Gholdengo
|-activate|p2a: Gholdengo|move: Protect
|
|-weather|SunnyDay|[upkeep]
|-heal|p2a: Gholdengo|68/100|[from] item: Leftovers
|upkeep
|turn|11
|
|t:|1783165814
|move|p1a: Maushold|Helping Hand|p1b: Venusaur
|-singleturn|p1b: Venusaur|Helping Hand|[of] p1a: Maushold
|move|p1b: Venusaur|Weather Ball|p2a: Gholdengo
|-supereffective|p2a: Gholdengo|1
|-damage|p2a: Gholdengo|0 fnt
|faint|p2a: Gholdengo
|
|win|danielitogg_25
|raw|danielitogg_25's rating: 1000 → 1040(+40 for winning)
|raw|GreedyGrid's rating: 1000 → 1000(+0 for losing)
|c|☆danielitogg_25|gg bro
|l|☆GreedyGrid
|player|p2|
