|j|☆skar_lol
|j|☆EddyG_7889
|html|skar_lolEddyG_7889    
|uhtml|bestof|Game 3 of a best-of-3
|t:|1783838112
|gametype|doubles
|player|p1|skar_lol|hilda|
|player|p2|EddyG_7889|artist-gen4|
|gen|9
|tier|[Gen 9 Champions] VGC 2026 Reg M-B (Bo3)
|rule|Species Clause: Limit one of each Pokémon
|rule|Item Clause: Limit 1 of each item
|clearpoke
|poke|p1|Starmie, L50|
|poke|p1|Kingambit, L50, M|
|poke|p1|Sinistcha, L50|
|poke|p1|Archaludon, L50, F|
|poke|p1|Pelipper, L50, F|
|poke|p1|Basculegion, L50, M|
|poke|p2|Delphox, L50, M|
|poke|p2|Whimsicott, L50, F|
|poke|p2|Alcremie-Mint-Cream, L50, F|
|poke|p2|Ceruledge, L50, M|
|poke|p2|Pangoro, L50, F|
|poke|p2|Mimikyu, L50, M|
|teampreview|4
|showteam|p1|Starmie||Starminite|NaturalCure|Liquidation,ZenHeadbutt,AquaJet,Protect|Jolly|||||50|]Kingambit||OccaBerry|Defiant|KowtowCleave,SuckerPunch,Protect,IronHead|Adamant||M|||50|]Sinistcha||KasibBerry|Hospitality|MatchaGotcha,RagePowder,Protect|Calm|||||50|]Archaludon||Leftovers|Stamina|ElectroShot,FlashCannon,DracoMeteor,Protect|Timid||F|||50|]Pelipper||FocusSash|Drizzle|Hurricane,WeatherBall,WideGuard,Tailwind|Modest||F|||50|]Basculegion||ChoiceScarf|SwiftSwim|Liquidation,LastRespects,FlipTurn,WaveCrash|Adamant||M|||50|
|showteam|p2|Delphox||Delphoxite|Blaze|HeatWave,Psychic,Substitute,Protect|Timid||M|||50|]Whimsicott||FocusSash|Prankster|Moonblast,Tailwind,Protect,SunnyDay|Timid||F|||50|]Alcremie-Mint-Cream||SitrusBerry|SweetVeil|Decorate,DazzlingGleam,HelpingHand,Protect|Calm||F|||50|]Ceruledge||ColburBerry|FlashFire|BitterBlade,ShadowSneak,BulkUp,Protect|Adamant||M|||50|]Pangoro||ExpertBelt|IronFist|DrainPunch,KnockOff,BulletPunch,Protect|Brave||F|||50|]Mimikyu||LifeOrb|Disguise|TrickRoom,PlayRough,ShadowSneak,WoodHammer|Adamant||M|||50|
|
|t:|1783838205
|teamsize|p1|4
|teamsize|p2|4
|start
|switch|p1a: Pelipper|Pelipper, L50, F|100/100
|switch|p1b: Starmie|Starmie, L50|100/100
|switch|p2a: Palomita|Whimsicott, L50, F|100/100
|switch|p2b: Kyubei|Mimikyu, L50, M|100/100
|-weather|RainDance|[from] ability: Drizzle|[of] p1a: Pelipper
|turn|1
|
|t:|1783838262
|detailschange|p1b: Starmie|Starmie-Mega, L50
|-mega|p1b: Starmie|Starmie|Starminite
|move|p2a: Palomita|Protect|p2a: Palomita
|-singleturn|p2a: Palomita|Protect
|move|p1b: Starmie|Zen Headbutt|p2a: Palomita
|-activate|p2a: Palomita|move: Protect
|move|p1a: Pelipper|Weather Ball|p2a: Palomita
|-activate|p2a: Palomita|move: Protect
|move|p2b: Kyubei|Wood Hammer|p1b: Starmie
|-supereffective|p1b: Starmie|1
|-damage|p1b: Starmie|0 fnt
|faint|p1b: Starmie
|-damage|p2b: Kyubei|72/100|[from] Recoil
|-damage|p2b: Kyubei|62/100|[from] item: Life Orb
|
|-weather|RainDance|[upkeep]
|upkeep
|
|t:|1783838285
|switch|p1b: Sinistcha|Sinistcha, L50|100/100
|turn|2
|
|t:|1783838316
|move|p2a: Palomita|Sunny Day|p2a: Palomita
|-weather|SunnyDay
|move|p1a: Pelipper|Weather Ball|p2a: Palomita
|-supereffective|p2a: Palomita|1
|-enditem|p2a: Palomita|Focus Sash
|-damage|p2a: Palomita|1/100
|move|p2b: Kyubei|Play Rough|p1a: Pelipper
|-damage|p1a: Pelipper|28/100
|-damage|p2b: Kyubei|52/100|[from] item: Life Orb
|move|p1b: Sinistcha|Matcha Gotcha|p2b: Kyubei|[spread] p2a,p2b
|-resisted|p2a: Palomita|1
|-damage|p2a: Palomita|0 fnt
|-activate|p2b: Kyubei|ability: Disguise
|-damage|p2b: Kyubei|52/100
|-status|p2b: Kyubei|brn
|detailschange|p2b: Kyubei|Mimikyu-Busted, L50, M
|-damage|p2b: Kyubei|40/100 brn|[from] pokemon: Mimikyu-Busted
|faint|p2a: Palomita
|
|-weather|SunnyDay|[upkeep]
|-damage|p2b: Kyubei|33/100 brn|[from] brn
|upkeep
|
|t:|1783838337
|switch|p2a: Madoka|Delphox, L50, M|100/100
|turn|3
|
|t:|1783838355
|switch|p2b: Made n China|Pangoro, L50, F|100/100
|switch|p1b: Archaludon|Archaludon, L50, F|100/100
|detailschange|p2a: Madoka|Delphox-Mega, L50, M
|-mega|p2a: Madoka|Delphox|Delphoxite
|move|p1a: Pelipper|Wide Guard|p1a: Pelipper
|-singleturn|p1a: Pelipper|Wide Guard
|move|p2a: Madoka|Heat Wave|p1a: Pelipper|[spread] 
|-activate|p1a: Pelipper|move: Wide Guard
|-activate|p1b: Archaludon|move: Wide Guard
|
|-weather|SunnyDay|[upkeep]
|upkeep
|turn|4
|
|t:|1783838397
|switch|p1a: Sinistcha|Sinistcha, L50|100/100
|move|p1b: Archaludon|Protect|p1b: Archaludon
|-singleturn|p1b: Archaludon|Protect
|move|p2a: Madoka|Heat Wave|p1b: Archaludon|[spread] p1a
|-activate|p1b: Archaludon|move: Protect
|-supereffective|p1a: Sinistcha|1
|-damage|p1a: Sinistcha|0 fnt
|faint|p1a: Sinistcha
|move|p2b: Made n China|Drain Punch|p1b: Archaludon
|-activate|p1b: Archaludon|move: Protect
|
|-weather|SunnyDay|[upkeep]
|upkeep
|
|t:|1783838419
|switch|p1a: Pelipper|Pelipper, L50, F|28/100
|-weather|RainDance|[from] ability: Drizzle|[of] p1a: Pelipper
|turn|5
|
|t:|1783838467
|move|p2a: Madoka|Psychic|p1a: Pelipper
|-damage|p1a: Pelipper|0 fnt
|faint|p1a: Pelipper
|move|p1b: Archaludon|Electro Shot||[still]
|-prepare|p1b: Archaludon|Electro Shot
|-boost|p1b: Archaludon|spa|1
|-anim|p1b: Archaludon|Electro Shot|p2b: Made n China
|-damage|p2b: Made n China|30/100
|move|p2b: Made n China|Drain Punch|p1b: Archaludon
|-supereffective|p1b: Archaludon|1
|-damage|p1b: Archaludon|3/100
|-heal|p2b: Made n China|70/100|[from] drain|[of] p1b: Archaludon
|-ability|p1b: Archaludon|Stamina|boost
|-boost|p1b: Archaludon|def|1
|
|-weather|RainDance|[upkeep]
|-heal|p1b: Archaludon|9/100|[from] item: Leftovers
|upkeep
|turn|6
|
|t:|1783838497
|move|p1b: Archaludon|Protect|p1b: Archaludon
|-singleturn|p1b: Archaludon|Protect
|move|p2a: Madoka|Heat Wave|p1b: Archaludon
|-activate|p1b: Archaludon|move: Protect
|move|p2b: Made n China|Drain Punch|p1b: Archaludon
|-activate|p1b: Archaludon|move: Protect
|
|-weather|RainDance|[upkeep]
|-heal|p1b: Archaludon|15/100|[from] item: Leftovers
|upkeep
|turn|7
|
|t:|1783838505
|move|p1b: Archaludon|Protect||[still]
|-fail|p1b: Archaludon
|move|p2a: Madoka|Heat Wave|p1b: Archaludon
|-damage|p1b: Archaludon|0 fnt
|faint|p1b: Archaludon
|
|win|EddyG_7889
