|j|☆delphigni
|j|☆taa2pm
|html|delphignitaa2pm    
|uhtml|bestof|Game 1 of a best-of-3
|t:|1756254992
|gametype|doubles
|player|p1|delphigni|1|1128
|player|p2|taa2pm|102|1106
|gen|9
|tier|[Gen 9] VGC 2025 Reg H (Bo3)
|rated|
|rule|Species Clause: Limit one of each Pokémon
|rule|Item Clause: Limit 1 of each item
|clearpoke
|poke|p1|Kommo-o, L50, F|
|poke|p1|Primarina, L50, M|
|poke|p1|Rillaboom, L50, F|
|poke|p1|Electabuzz, L50, F|
|poke|p1|Tyranitar, L50, M|
|poke|p1|Excadrill, L50, F|
|poke|p2|Garchomp, L50, M|
|poke|p2|Tyranitar, L50, F|
|poke|p2|Infernape, L50, F|
|poke|p2|Murkrow, L50, F|
|poke|p2|Rotom-Wash, L50|
|poke|p2|Annihilape, L50, M|
|teampreview|4
|showteam|p1|Kommo-o||ThroatSpray|Overcoat|ClangingScales,Flamethrower,ClangorousSoul,Protect|||F|||50|,,,,,Fire]Primarina||LifeOrb|LiquidVoice|HyperVoice,Moonblast,Haze,Protect|||M|||50|,,,,,Poison]Rillaboom||MeadowPlate|GrassySurge|WoodHammer,GrassyGlide,FakeOut,Protect|||F|||50|,,,,,Water]Electabuzz||Eviolite|VitalSpirit|FollowMe,Electroweb,HelpingHand,Protect|||F|||50|,,,,,Fairy]Tyranitar||AssaultVest|SandStream|TeraBlast,RockSlide,KnockOff,LowKick|||M|||50|,,,,,Flying]Excadrill||ClearAmulet|SandRush|RockSlide,IronHead,HighHorsepower,Protect|||F|||50|,,,,,Stellar
|showteam|p2|Garchomp||LifeOrb|RoughSkin|Earthquake,IronHead,DragonClaw,Protect|||M|||50|,,,,,Steel]Tyranitar||ClearAmulet|SandStream|KnockOff,RockSlide,TeraBlast,Protect|||F|||50|,,,,,Flying]Infernape||EjectPack|Blaze|FakeOut,AuraSphere,Overheat,Protect|||F|||50|,,,,,Stellar]Murkrow||Eviolite|Prankster|FoulPlay,Haze,Whirlwind,Tailwind|||F|||50|,,,,,Dark]Rotom-Wash||SitrusBerry|Levitate|TeraBlast,Thunderbolt,HydroPump,Protect||||||50|,,,,,Fire]Annihilape||SafetyGoggles|Defiant|DrainPunch,RageFist,BulkUp,Protect|||M|||50|,,,,,Fire
|inactive|Battle timer is ON: inactive players will automatically lose when time's up. (requested by delphigni)
|inactive|delphigni has 60 seconds left.
|inactive|taa2pm has 60 seconds left.
|inactive|delphigni has 30 seconds left.
|inactive|taa2pm has 30 seconds left.
|
|t:|1756255055
|teamsize|p1|4
|teamsize|p2|4
|start
|switch|p1a: Rilleboom|Rillaboom, L50, F, shiny|100/100
|switch|p1b: Primlance|Primarina, L50, M, shiny|100/100
|switch|p2a: Rotom|Rotom-Wash, L50|100/100
|switch|p2b: Garchomp|Garchomp, L50, M|100/100
|-fieldstart|move: Grassy Terrain|[from] ability: Grassy Surge|[of] p1a: Rilleboom
|turn|1
|
|t:|1756255079
|move|p2b: Garchomp|Protect|p2b: Garchomp
|-singleturn|p2b: Garchomp|Protect
|move|p2a: Rotom|Protect|p2a: Rotom
|-singleturn|p2a: Rotom|Protect
|move|p1b: Primlance|Protect|p1b: Primlance
|-singleturn|p1b: Primlance|Protect
|move|p1a: Rilleboom|Wood Hammer|p2b: Garchomp
|-activate|p2b: Garchomp|move: Protect
|
|upkeep
|turn|2
|
|t:|1756255103
|-terastallize|p2b: Garchomp|Steel
|move|p2b: Garchomp|Iron Head|p1b: Primlance
|-damage|p1b: Primlance|24/100
|-damage|p2b: Garchomp|91/100|[from] item: Life Orb
|move|p1a: Rilleboom|Wood Hammer|p2a: Rotom
|-supereffective|p2a: Rotom
|-damage|p2a: Rotom|0 fnt
|faint|p2a: Rotom
|-damage|p1a: Rilleboom|74/100|[from] Recoil
|move|p1b: Primlance|Hyper Voice|p2b: Garchomp
|-damage|p2b: Garchomp|18/100
|-damage|p1b: Primlance|15/100|[from] item: Life Orb
|
|-heal|p2b: Garchomp|24/100|[from] Grassy Terrain
|-heal|p1a: Rilleboom|81/100|[from] Grassy Terrain
|-heal|p1b: Primlance|21/100|[from] Grassy Terrain
|upkeep
|
|t:|1756255125
|switch|p2a: Murkrow|Murkrow, L50, F|100/100
|turn|3
|
|t:|1756255145
|move|p1b: Primlance|Protect|p1b: Primlance
|-singleturn|p1b: Primlance|Protect
|move|p1a: Rilleboom|Grassy Glide|p2b: Garchomp
|-resisted|p2b: Garchomp
|-damage|p2b: Garchomp|3/100
|-damage|p1a: Rilleboom|68/100|[from] ability: Rough Skin|[of] p2b: Garchomp
|move|p2a: Murkrow|Tailwind|p2a: Murkrow
|-sidestart|p2: taa2pm|move: Tailwind
|move|p2b: Garchomp|Earthquake|p1a: Rilleboom|[spread] p1a
|-activate|p1b: Primlance|move: Protect
|-immune|p2a: Murkrow
|-resisted|p1a: Rilleboom
|-damage|p1a: Rilleboom|57/100
|-damage|p2b: Garchomp|0 fnt|[from] item: Life Orb
|faint|p2b: Garchomp
|
|-heal|p1a: Rilleboom|63/100|[from] Grassy Terrain
|-heal|p1b: Primlance|27/100|[from] Grassy Terrain
|upkeep
|
|t:|1756255149
|switch|p2b: Annihilape|Annihilape, L50, M|100/100
|turn|4
|
|t:|1756255163
|move|p2b: Annihilape|Rage Fist|p1b: Primlance
|-damage|p1b: Primlance|0 fnt
|faint|p1b: Primlance
|move|p2a: Murkrow|Foul Play|p1a: Rilleboom
|-damage|p1a: Rilleboom|16/100
|move|p1a: Rilleboom|Wood Hammer|p2b: Annihilape
|-damage|p2b: Annihilape|0 fnt
|faint|p2b: Annihilape
|-damage|p1a: Rilleboom|0 fnt|[from] Recoil
|faint|p1a: Rilleboom
|
|upkeep
|
|t:|1756255168
|switch|p1a: Bumblebirb|Electabuzz, L50, F, shiny|100/100
|switch|p1b: Yharim|Kommo-o, L50, F, shiny|100/100
|turn|5
|-message|taa2pm forfeited.
|
|win|delphigni
||delphigni is ready for game 2.
||taa2pm is ready for game 2.
|uhtml|next|Next: Game 2 of 3
|l|☆taa2pm
|player|p2|
