|j|‽jx1212
|j|☆kememe
|html|jx1212kememe    
|uhtml|bestof|Game 1 of a best-of-3
|t:|1784841945
|gametype|doubles
|player|p1|jx1212|n|1046
|player|p2|kememe|crasherwake|1117
|gen|9
|tier|[Gen 9 Champions] VGC 2026 Reg M-B (Bo3)
|rated|
|rule|Species Clause: Limit one of each Pokémon
|rule|Item Clause: Limit 1 of each item
|clearpoke
|poke|p1|Staraptor, L50, M|
|poke|p1|Metagross, L50|
|poke|p1|Farigiraf, L50, F|
|poke|p1|Whimsicott, L50, F|
|poke|p1|Garchomp, L50, F|
|poke|p1|Ceruledge, L50, M|
|poke|p2|Scizor, L50, F|
|poke|p2|Aerodactyl, L50, F|
|poke|p2|Politoed, L50, M|
|poke|p2|Basculegion, L50, M|
|poke|p2|Farigiraf, L50, F|
|poke|p2|Mamoswine, L50, F|
|teampreview|4
|showteam|p1|Staraptor||Staraptite|Intimidate|Protect,CloseCombat,BraveBird,Roost|Jolly||M|||50|]Metagross||Metagrossite|ClearBody|Protect,IronHead,PsychicFangs,StompingTantrum|Adamant|||||50|]Farigiraf||SitrusBerry|ArmorTail|HelpingHand,Psychic,Thunderbolt,TrickRoom|Calm||F|||50|]Whimsicott||FocusSash|Prankster|Moonblast,Tailwind,Charm,Encore|Timid||F|||50|]Garchomp||LifeOrb|RoughSkin|Protect,StompingTantrum,RockSlide,DragonClaw|Jolly||F|||50|]Ceruledge||ColburBerry|FlashFire|Protect,ShadowSneak,BulkUp,BitterBlade|Adamant||M|||50|
|showteam|p2|Scizor||Scizorite|Technician|BulletPunch,Protect,BugBite,SwordsDance|Adamant||F|||50|]Aerodactyl||FocusSash|Unnerve|RockSlide,Protect,Tailwind,DualWingbeat|Adamant||F|||50|]Politoed||Leftovers|Drizzle|Haze,WeatherBall,ChillingWater,Protect|Modest||M|||50|]Basculegion||ChoiceScarf|Adaptability|FlipTurn,WaveCrash,LastRespects,AquaJet|Adamant||M|||50|]Farigiraf||SitrusBerry|ArmorTail|Psychic,Protect,EnergyBall,ThunderWave|Modest||F|||50|]Mamoswine||LifeOrb|Oblivious|IceShard,IcicleSpear,Protect,HighHorsepower|Adamant||F|||50|
|inactive|Battle timer is ON: inactive players will automatically lose when time's up. (requested by jx1212)
|inactive|jx1212 has 60 seconds left.
|
|t:|1784841992
|teamsize|p1|4
|teamsize|p2|4
|start
|switch|p1a: Staraptor|Staraptor, L50, M|100/100
|switch|p1b: Whimsicott|Whimsicott, L50, F|100/100
|switch|p2a: Basculegion|Basculegion, L50, M|100/100
|switch|p2b: Aerodactyl|Aerodactyl, L50, F|100/100
|-ability|p2b: Aerodactyl|Unnerve
|-ability|p1a: Staraptor|Intimidate|boost
|-unboost|p2a: Basculegion|atk|1
|-unboost|p2b: Aerodactyl|atk|1
|turn|1
|
|t:|1784842012
|detailschange|p1a: Staraptor|Staraptor-Mega, L50, M
|-mega|p1a: Staraptor|Staraptor|Staraptite
|move|p1b: Whimsicott|Tailwind|p1b: Whimsicott
|-sidestart|p1: jx1212|move: Tailwind
|move|p1a: Staraptor|Close Combat|p2b: Aerodactyl
|-damage|p2b: Aerodactyl|6/100
|-boost|p1a: Staraptor|def|1
|-boost|p1a: Staraptor|spd|1
|move|p2a: Basculegion|Flip Turn|p1a: Staraptor
|-damage|p1a: Staraptor|83/100
|
|t:|1784842025
|switch|p2a: Mamoswine|Mamoswine, L50, F|100/100|[from] Flip Turn
|move|p2b: Aerodactyl|Dual Wingbeat|p1b: Whimsicott
|-supereffective|p1b: Whimsicott|1
|-damage|p1b: Whimsicott|60/100
|-supereffective|p1b: Whimsicott|1
|-damage|p1b: Whimsicott|16/100
|-hitcount|p1b: Whimsicott|2
|
|upkeep
|turn|2
|
|t:|1784842042
|move|p1b: Whimsicott|Charm|p1a: Staraptor
|-boost|p1a: Staraptor|atk|2
|move|p2a: Mamoswine|Ice Shard|p1b: Whimsicott
|-supereffective|p1b: Whimsicott|1
|-damage|p1b: Whimsicott|0 fnt
|faint|p1b: Whimsicott
|-damage|p2a: Mamoswine|90/100|[from] item: Life Orb
|move|p1a: Staraptor|Close Combat|p2a: Mamoswine
|-supereffective|p2a: Mamoswine|1
|-damage|p2a: Mamoswine|0 fnt
|-boost|p1a: Staraptor|def|1
|-boost|p1a: Staraptor|spd|1
|faint|p2a: Mamoswine
|move|p2b: Aerodactyl|Tailwind|p2b: Aerodactyl
|-sidestart|p2: kememe|move: Tailwind
|
|upkeep
|inactive|jx1212 has 30 seconds left.
|
|t:|1784842074
|switch|p1b: Farigiraf|Farigiraf, L50, F|100/100
|switch|p2a: Basculegion|Basculegion, L50, M|100/100
|turn|3
|
|t:|1784842088
|move|p2a: Basculegion|Flip Turn|p1b: Farigiraf
|-damage|p1b: Farigiraf|59/100
|
|t:|1784842091
|switch|p2a: Scizor|Scizor, L50, F|100/100|[from] Flip Turn
|move|p2b: Aerodactyl|Dual Wingbeat|p1a: Staraptor
|-supereffective|p1a: Staraptor|1
|-damage|p1a: Staraptor|70/100
|-supereffective|p1a: Staraptor|1
|-damage|p1a: Staraptor|57/100
|-hitcount|p1a: Staraptor|2
|move|p1a: Staraptor|Close Combat|p2b: Aerodactyl
|-damage|p2b: Aerodactyl|0 fnt
|-boost|p1a: Staraptor|def|1
|-boost|p1a: Staraptor|spd|1
|faint|p2b: Aerodactyl
|move|p1b: Farigiraf|Trick Room|p1b: Farigiraf
|-fieldstart|move: Trick Room|[of] p1b: Farigiraf
|
|upkeep
|
|t:|1784842101
|switch|p2b: Basculegion|Basculegion, L50, M|100/100
|turn|4
|
|t:|1784842121
|detailschange|p2a: Scizor|Scizor-Mega, L50, F
|-mega|p2a: Scizor|Scizor|Scizorite
|move|p1a: Staraptor|Protect|p1a: Staraptor
|-singleturn|p1a: Staraptor|Protect
|move|p1b: Farigiraf|Thunderbolt|p2b: Basculegion
|-supereffective|p2b: Basculegion|1
|-damage|p2b: Basculegion|49/100
|-status|p2b: Basculegion|par
|move|p2b: Basculegion|Last Respects|p1a: Staraptor
|-activate|p1a: Staraptor|move: Protect
|move|p2a: Scizor|Swords Dance|p2a: Scizor
|-boost|p2a: Scizor|atk|2
|
|-sideend|p1: jx1212|move: Tailwind
|upkeep
|turn|5
|
|t:|1784842141
|move|p1b: Farigiraf|Thunderbolt|p2b: Basculegion
|-supereffective|p2b: Basculegion|1
|-damage|p2b: Basculegion|0 fnt
|faint|p2b: Basculegion
|move|p1a: Staraptor|Close Combat|p2a: Scizor
|-damage|p2a: Scizor|0 fnt
|-boost|p1a: Staraptor|def|1
|-boost|p1a: Staraptor|spd|1
|faint|p2a: Scizor
|
|win|jx1212
