|j|☆Francofurry420
|j|☆fogster
|html|Francofurry420fogster    
|uhtml|bestof|Game 3 of a best-of-3
|t:|1755875855
|gametype|doubles
|player|p1|Francofurry420|ethan|1197
|player|p2|fogster|medium|1160
|gen|9
|tier|[Gen 9] VGC 2025 Reg H (Bo3)
|rated|
|rule|Species Clause: Limit one of each Pokémon
|rule|Item Clause: Limit 1 of each item
|clearpoke
|poke|p1|Volcarona, L50, F|
|poke|p1|Sinistcha-Masterpiece, L50|
|poke|p1|Tyranitar, L50, M|
|poke|p1|Annihilape, L50, F|
|poke|p1|Excadrill, L50, M|
|poke|p1|Incineroar, L50, M|
|poke|p2|Dragapult, L50, F|
|poke|p2|Weezing-Galar, L50, F|
|poke|p2|Incineroar, L50, F|
|poke|p2|Palafin, L50, M|
|poke|p2|Kilowattrel, L50, F|
|poke|p2|Toedscruel, L50, M|
|teampreview|4
|showteam|p1|Volcarona||CovertCloak|FlameBody|HeatWave,GigaDrain,QuiverDance,Protect|||F|||50|,,,,,Grass]Sinistcha-Masterpiece||SitrusBerry|Hospitality|MatchaGotcha,LifeDew,RagePowder,Protect||||||50|,,,,,Fire]Tyranitar||AssaultVest|SandStream|RockSlide,KnockOff,TeraBlast,LowKick|||M|||50|,,,,,Flying]Annihilape||SafetyGoggles|Defiant|RageFist,CloseCombat,Coaching,FinalGambit|||F|||50|,,,,,Grass]Excadrill||LifeOrb|SandRush|IronHead,HighHorsepower,Earthquake,Protect|||M|||50|,,,,,Ground]Incineroar||RockyHelmet|Intimidate|KnockOff,FlareBlitz,PartingShot,FakeOut|||M|||50|,,,,,Ghost
|showteam|p2|Dragapult||LifeOrb|ClearBody|DragonDarts,PhantomForce,DragonDance,Protect|||F|||50|,,,,,Dragon]Weezing-Galar||AssaultVest|NeutralizingGas|DazzlingGleam,StrangeSteam,Flamethrower,SludgeBomb|||F|||50|,,,,,Water]Incineroar||AbilityShield|Intimidate|FakeOut,FlareBlitz,KnockOff,PartingShot|||F|||50|,,,,,Grass]Palafin||MysticWater|ZerotoHero|JetPunch,FlipTurn,WaveCrash,Protect|||M|||50|,,,,,Water]Kilowattrel||FocusSash|Competitive|Thunderbolt,AirSlash,Tailwind,Protect|||F|||50|,,,,,Ghost]Toedscruel||CovertCloak|MyceliumMight|EarthPower,Spore,AcidSpray,Taunt|||M|||50|,,,,,Water
|inactive|Battle timer is ON: inactive players will automatically lose when time's up. (requested by Francofurry420)
|inactive|fogster has 60 seconds left.
|
|t:|1755875910
|teamsize|p1|4
|teamsize|p2|4
|start
|switch|p1a: Volcarona|Volcarona, L50, F|100/100
|switch|p1b: Sinistcha|Sinistcha-Masterpiece, L50|100/100
|switch|p2a: Incineroar|Incineroar, L50, F|100/100
|switch|p2b: Dragapult|Dragapult, L50, F|100/100
|-ability|p2a: Incineroar|Intimidate|boost
|-unboost|p1a: Volcarona|atk|1
|-unboost|p1b: Sinistcha|atk|1
|turn|1
|inactive|fogster has 30 seconds left.
|
|t:|1755875943
|switch|p1b: Tyranitar|Tyranitar, L50, M|100/100
|-weather|Sandstorm|[from] ability: Sand Stream|[of] p1b: Tyranitar
|move|p1a: Volcarona|Protect|p1a: Volcarona
|-singleturn|p1a: Volcarona|Protect
|move|p2b: Dragapult|Dragon Dance|p2b: Dragapult
|-boost|p2b: Dragapult|atk|1
|-boost|p2b: Dragapult|spe|1
|move|p2a: Incineroar|Flare Blitz|p1a: Volcarona
|-activate|p1a: Volcarona|move: Protect
|
|-weather|Sandstorm|[upkeep]
|-damage|p2b: Dragapult|94/100|[from] Sandstorm
|-damage|p1a: Volcarona|94/100|[from] Sandstorm
|-damage|p2a: Incineroar|94/100|[from] Sandstorm
|upkeep
|turn|2
|inactive|Francofurry420 has 30 seconds left.
|inactive|fogster has 30 seconds left.
|
|t:|1755875971
|-terastallize|p2b: Dragapult|Dragon
|move|p2b: Dragapult|Dragon Dance|p2b: Dragapult
|-boost|p2b: Dragapult|atk|1
|-boost|p2b: Dragapult|spe|1
|move|p1a: Volcarona|Quiver Dance|p1a: Volcarona
|-boost|p1a: Volcarona|spa|1
|-boost|p1a: Volcarona|spd|1
|-boost|p1a: Volcarona|spe|1
|move|p2a: Incineroar|Parting Shot|p1b: Tyranitar
|-unboost|p1b: Tyranitar|atk|1
|-unboost|p1b: Tyranitar|spa|1
|
|t:|1755875982
|switch|p2a: Palafin|Palafin, L50, M|100/100|[from] Parting Shot
|move|p1b: Tyranitar|Knock Off|p2b: Dragapult
|-damage|p2b: Dragapult|39/100
|-enditem|p2b: Dragapult|Life Orb|[from] move: Knock Off|[of] p1b: Tyranitar
|
|-weather|Sandstorm|[upkeep]
|-damage|p2b: Dragapult|33/100|[from] Sandstorm
|-damage|p1a: Volcarona|88/100|[from] Sandstorm
|-damage|p2a: Palafin|94/100|[from] Sandstorm
|upkeep
|turn|3
|inactive|fogster has 30 seconds left.
|
|t:|1755876008
|-terastallize|p1b: Tyranitar|Flying
|move|p1a: Volcarona|Protect|p1a: Volcarona
|-singleturn|p1a: Volcarona|Protect
|move|p2b: Dragapult|Dragon Darts|p1b: Tyranitar
|-damage|p1b: Tyranitar|45/100
|-anim|p2b: Dragapult|Dragon Darts|p1b: Tyranitar
|-damage|p1b: Tyranitar|0 fnt
|faint|p1b: Tyranitar
|move|p2a: Palafin|Flip Turn|p1a: Volcarona
|-activate|p1a: Volcarona|move: Protect
|
|-weather|Sandstorm|[upkeep]
|-damage|p2b: Dragapult|27/100|[from] Sandstorm
|-damage|p1a: Volcarona|82/100|[from] Sandstorm
|-damage|p2a: Palafin|88/100|[from] Sandstorm
|upkeep
|
|t:|1755876019
|switch|p1b: Sinistcha|Sinistcha-Masterpiece, L50|100/100
|-heal|p1a: Volcarona|100/100|[from] ability: Hospitality|[of] p1b: Sinistcha
|turn|4
|inactive|fogster has 30 seconds left.
|
|t:|1755876062
|detailschange|p2a: Palafin|Palafin-Hero, L50, M
|switch|p2a: Incineroar|Incineroar, L50, F|94/100
|-ability|p2a: Incineroar|Intimidate|boost
|-unboost|p1a: Volcarona|atk|1
|-unboost|p1b: Sinistcha|atk|1
|move|p1b: Sinistcha|Rage Powder|p1b: Sinistcha
|-singleturn|p1b: Sinistcha|move: Rage Powder
|move|p2b: Dragapult|Phantom Force||[still]
|-prepare|p2b: Dragapult|Phantom Force
|move|p1a: Volcarona|Heat Wave|p2a: Incineroar|[spread] 
|-miss|p1a: Volcarona|p2b: Dragapult
|-miss|p1a: Volcarona|p2a: Incineroar
|
|-weather|Sandstorm|[upkeep]
|-damage|p2b: Dragapult|21/100|[from] Sandstorm
|-damage|p1a: Volcarona|94/100|[from] Sandstorm
|-damage|p2a: Incineroar|88/100|[from] Sandstorm
|-damage|p1b: Sinistcha|94/100|[from] Sandstorm
|upkeep
|turn|5
|inactive|fogster has 30 seconds left.
|inactive|fogster has 20 seconds left.
|
|t:|1755876098
|move|p1b: Sinistcha|Rage Powder|p1b: Sinistcha
|-singleturn|p1b: Sinistcha|move: Rage Powder
|move|p2b: Dragapult|Phantom Force|p1b: Sinistcha|[from] lockedmove
|-supereffective|p1b: Sinistcha
|-damage|p1b: Sinistcha|0 fnt
|faint|p1b: Sinistcha
|move|p1a: Volcarona|Heat Wave|p2a: Incineroar|[spread] p2a,p2b
|-resisted|p2a: Incineroar
|-resisted|p2b: Dragapult
|-damage|p2a: Incineroar|65/100
|-damage|p2b: Dragapult|0 fnt
|faint|p2b: Dragapult
|move|p2a: Incineroar|Knock Off|p1a: Volcarona
|-damage|p1a: Volcarona|56/100
|-enditem|p1a: Volcarona|Covert Cloak|[from] move: Knock Off|[of] p2a: Incineroar
|
|-weather|none
|upkeep
|
|t:|1755876113
|switch|p2b: Palafin|Palafin-Hero, L50, M|88/100
|switch|p1b: Annihilape|Annihilape, L50, F|100/100
|-activate|p2b: Palafin|ability: Zero to Hero
|turn|6
|
|t:|1755876130
|move|p1a: Volcarona|Protect|p1a: Volcarona
|-singleturn|p1a: Volcarona|Protect
|move|p2b: Palafin|Jet Punch|p1a: Volcarona
|-activate|p1a: Volcarona|move: Protect
|move|p1b: Annihilape|Close Combat|p2a: Incineroar
|-supereffective|p2a: Incineroar
|-damage|p2a: Incineroar|0 fnt
|-unboost|p1b: Annihilape|def|1
|-unboost|p1b: Annihilape|spd|1
|faint|p2a: Incineroar
|
|upkeep
|
|t:|1755876141
|switch|p2a: Weezing|Weezing-Galar, L50, F|100/100
|-ability|p2a: Weezing|Neutralizing Gas
|turn|7
|
|t:|1755876154
|move|p1a: Volcarona|Protect|p1a: Volcarona
|-singleturn|p1a: Volcarona|Protect
|move|p2b: Palafin|Jet Punch|p1a: Volcarona
|-activate|p1a: Volcarona|move: Protect
|move|p1b: Annihilape|Final Gambit|p2b: Palafin
|-damage|p2b: Palafin|0 fnt
|faint|p1b: Annihilape
|faint|p2b: Palafin
|move|p2a: Weezing|Dazzling Gleam|p1a: Volcarona
|-activate|p1a: Volcarona|move: Protect
|
|upkeep
|turn|8
|
|t:|1755876167
|move|p1a: Volcarona|Heat Wave|p2a: Weezing
|-damage|p2a: Weezing|32/100
|move|p2a: Weezing|Sludge Bomb|p1a: Volcarona
|-damage|p1a: Volcarona|33/100
|-status|p1a: Volcarona|psn
|
|-damage|p1a: Volcarona|21/100 psn|[from] psn
|upkeep
|turn|9
|
|t:|1755876178
|move|p1a: Volcarona|Heat Wave|p2a: Weezing|[miss]
|-miss|p1a: Volcarona|p2a: Weezing
|move|p2a: Weezing|Sludge Bomb|p1a: Volcarona
|-damage|p1a: Volcarona|0 fnt
|faint|p1a: Volcarona
|
|win|fogster
|raw|Francofurry420's rating: 1197 → 1169(-28 for losing)
|raw|fogster's rating: 1160 → 1188(+28 for winning)
|l|☆Francofurry420
|player|p1|
|l|☆fogster
|player|p2|
|j|☆fogster
|player|p2|fogster|medium|
|l|☆fogster
|player|p2|
|j|☆fogster
|player|p2|fogster|medium|
