|j|☆Dns889
|j|☆77yuuhgh
|html|Dns88977yuuhgh    
|uhtml|bestof|Game 1 of a best-of-3
|t:|1782448373
|gametype|doubles
|player|p1|Dns889|170|1000
|player|p2|77yuuhgh|n|1000
|gen|9
|tier|[Gen 9 Champions] VGC 2026 Reg M-B (Bo3)
|rated|
|rule|Species Clause: Limit one of each Pokémon
|rule|Item Clause: Limit 1 of each item
|clearpoke
|poke|p1|Zoroark-Hisui, L50, M, shiny|
|poke|p1|Dragonite, L50, F, shiny|
|poke|p1|Incineroar, L50, M, shiny|
|poke|p1|Archaludon, L50, F, shiny|
|poke|p1|Basculegion, L50, M, shiny|
|poke|p1|Whimsicott, L50, F|
|poke|p2|Basculegion, L50, M|
|poke|p2|Kingambit, L50, M|
|poke|p2|Sneasler, L50, F|
|poke|p2|Froslass, L50, F|
|poke|p2|Lycanroc-Dusk, L50, M|
|poke|p2|Scovillain, L50, M|
|teampreview|4
|showteam|p1|Zoroark-Hisui||FocusSash|Illusion|IcyWind,BitterMalice,Protect,KnockOff|Timid||M|||50|]Dragonite||Dragoninite|Multiscale|ScaleShot,ExtremeSpeed,Earthquake,IceSpinner|Impish||F|||50|]Incineroar||SitrusBerry|Intimidate|FakeOut,PartingShot,FlareBlitz,ThroatChop|Impish||M|||50|]Archaludon||Leftovers|Stalwart|Protect,ElectroShot,DragonPulse,FlashCannon|Sassy||F|||50|]Basculegion||ChoiceScarf|Adaptability|AquaJet,LastRespects,PsychicFangs,WaveCrash|Jolly||M|||50|]Whimsicott||MentalHerb|Prankster|Tailwind,Encore,FakeTears,Moonblast|Timid||F|||50|
|showteam|p2|Basculegion||SitrusBerry|Adaptability|AquaJet,WaveCrash,LastRespects,Protect|Adamant||M|||50|]Kingambit||BlackGlasses|Defiant|SwordsDance,SuckerPunch,KowtowCleave,Protect|Adamant||M|||50|]Sneasler||WhiteHerb|Unburden|FakeOut,CloseCombat,GunkShot,Protect|Adamant||F|||50|]Froslass||Froslassite|CursedBody|Blizzard,ShadowBall,AuroraVeil,Protect|Modest||F|||50|]Lycanroc-Dusk||FocusSash|ToughClaws|RockSlide,Accelerock,CloseCombat,Protect|Adamant||M|||50|]Scovillain||Scovillainite|Moody|GigaDrain,Overheat,Protect,RagePowder|Bold||M|||50|
|inactive|Battle timer is ON: inactive players will automatically lose when time's up. (requested by Dns889)
|
|t:|1782448452
|teamsize|p1|4
|teamsize|p2|4
|start
|switch|p1a: Dragonite|Dragonite, L50, F, shiny|100/100
|switch|p1b: Whimsicott|Whimsicott, L50, F|100/100
|switch|p2a: Sneasler|Sneasler, L50, F|100/100
|switch|p2b: Scovillain|Scovillain, L50, M|100/100
|turn|1
|inactive|Dns889 has 30 seconds left.
|inactive|77yuuhgh has 30 seconds left.
|
|t:|1782448486
|detailschange|p2b: Scovillain|Scovillain-Mega, L50, M
|-mega|p2b: Scovillain|Scovillain|Scovillainite
|move|p2a: Sneasler|Fake Out|p1a: Dragonite
|-damage|p1a: Dragonite|94/100
|move|p1b: Whimsicott|Tailwind|p1b: Whimsicott
|-sidestart|p1: Dns889|move: Tailwind
|cant|p1a: Dragonite|flinch
|move|p2b: Scovillain|Overheat|p1b: Whimsicott|[miss]
|-miss|p2b: Scovillain|p1b: Whimsicott
|
|upkeep
|turn|2
|inactive|Dns889 has 30 seconds left.
|inactive|Dns889 has 20 seconds left.
|inactive|Dns889 has 15 seconds left.
|inactive|Dns889 has 10 seconds left.
|
|t:|1782448536
|switch|p2b: Kingambit|Kingambit, L50, M|100/100
|detailschange|p1a: Dragonite|Dragonite-Mega, L50, F, shiny
|-mega|p1a: Dragonite|Dragonite|Dragoninite
|move|p1b: Whimsicott|Fake Tears|p2b: Kingambit
|-hint|Since gen 7, Dark is immune to Prankster moves.
|-immune|p2b: Kingambit
|move|p1a: Dragonite|Scale Shot|p2a: Sneasler
|-damage|p2a: Sneasler|76/100
|-damage|p2a: Sneasler|54/100
|-hitcount|p2a: Sneasler|2
|-unboost|p1a: Dragonite|def|1
|-boost|p1a: Dragonite|spe|1
|move|p2a: Sneasler|Gunk Shot|p1b: Whimsicott
|-supereffective|p1b: Whimsicott|2
|-damage|p1b: Whimsicott|0 fnt
|faint|p1b: Whimsicott
|
|upkeep
|
|t:|1782448554
|switch|p1b: Archaludon|Archaludon, L50, F, shiny|100/100
|turn|3
|
|t:|1782448567
|move|p1b: Archaludon|Protect|p1b: Archaludon
|-singleturn|p1b: Archaludon|Protect
|move|p1a: Dragonite|Extreme Speed|p2b: Kingambit
|-resisted|p2b: Kingambit|1
|-damage|p2b: Kingambit|88/100
|move|p2a: Sneasler|Close Combat|p1b: Archaludon
|-activate|p1b: Archaludon|move: Protect
|move|p2b: Kingambit|Swords Dance|p2b: Kingambit
|-boost|p2b: Kingambit|atk|2
|
|upkeep
|turn|4
|inactive|77yuuhgh has 30 seconds left.
|
|t:|1782448594
|move|p2b: Kingambit|Sucker Punch|p1b: Archaludon
|-supereffective|p1b: Archaludon|1
|-enditem|p1b: Archaludon|Focus Sash
|-damage|p1b: Archaludon|1/100
|replace|p1b: Arima Kousei|Zoroark-Hisui, L50, M, shiny
|-end|p1b: Arima Kousei|Illusion
|move|p1a: Dragonite|Earthquake|p2a: Sneasler|[spread] p1b,p2a,p2b
|-supereffective|p2a: Sneasler|1
|-supereffective|p2b: Kingambit|1
|-damage|p1b: Arima Kousei|0 fnt
|-damage|p2a: Sneasler|0 fnt
|-damage|p2b: Kingambit|40/100
|faint|p1b: Arima Kousei
|faint|p2a: Sneasler
|
|-sideend|p1: Dns889|move: Tailwind
|upkeep
|
|t:|1782448607
|switch|p1b: Archaludon|Archaludon, L50, F, shiny|100/100
|switch|p2a: Lycanroc|Lycanroc-Dusk, L50, M|100/100
|turn|5
|
|t:|1782448620
|move|p1b: Archaludon|Protect|p1b: Archaludon
|-singleturn|p1b: Archaludon|Protect
|move|p2a: Lycanroc|Accelerock|p1a: Dragonite
|-supereffective|p1a: Dragonite|1
|-damage|p1a: Dragonite|48/100
|move|p2b: Kingambit|Sucker Punch||[still]
|-fail|p2b: Kingambit
|move|p1a: Dragonite|Earthquake|p2a: Lycanroc|[spread] p2a,p2b
|-activate|p1b: Archaludon|move: Protect
|-supereffective|p2a: Lycanroc|1
|-supereffective|p2b: Kingambit|1
|-damage|p2a: Lycanroc|13/100
|-damage|p2b: Kingambit|0 fnt
|faint|p2b: Kingambit
|
|upkeep
|
|t:|1782448626
|switch|p2b: Scovillain|Scovillain-Mega, L50, M|100/100
|turn|6
|inactive|Dns889 has 30 seconds left.
|inactive|77yuuhgh has 30 seconds left.
|
|t:|1782448655
|move|p2a: Lycanroc|Accelerock|p1a: Dragonite
|-supereffective|p1a: Dragonite|1
|-damage|p1a: Dragonite|4/100
|move|p1a: Dragonite|Ice Spinner|p2b: Scovillain
|-damage|p2b: Scovillain|62/100
|-status|p1a: Dragonite|brn|[from] ability: Spicy Spray|[of] p2b: Scovillain
|move|p2b: Scovillain|Overheat|p1b: Archaludon
|-damage|p1b: Archaludon|49/100
|-unboost|p2b: Scovillain|spa|2
|move|p1b: Archaludon|Flash Cannon|p2a: Lycanroc
|-supereffective|p2a: Lycanroc|1
|-damage|p2a: Lycanroc|0 fnt
|faint|p2a: Lycanroc
|
|-heal|p1b: Archaludon|55/100|[from] item: Leftovers
|-damage|p1a: Dragonite|0 fnt|[from] brn
|faint|p1a: Dragonite
|upkeep
|turn|7
|
|t:|1782448669
|move|p1b: Archaludon|Protect|p1b: Archaludon
|-singleturn|p1b: Archaludon|Protect
|move|p2b: Scovillain|Giga Drain|p1b: Archaludon
|-activate|p1b: Archaludon|move: Protect
|
|-heal|p1b: Archaludon|61/100|[from] item: Leftovers
|upkeep
|turn|8
|
|t:|1782448685
|move|p2b: Scovillain|Overheat|p1b: Archaludon
|-damage|p1b: Archaludon|32/100
|-unboost|p2b: Scovillain|spa|2
|move|p1b: Archaludon|Electro Shot||[still]
|-prepare|p1b: Archaludon|Electro Shot
|-boost|p1b: Archaludon|spa|1
|
|-heal|p1b: Archaludon|38/100|[from] item: Leftovers
|upkeep
|turn|9
|
|t:|1782448691
|move|p2b: Scovillain|Protect|p2b: Scovillain
|-singleturn|p2b: Scovillain|Protect
|move|p1b: Archaludon|Electro Shot|p2b: Scovillain|[from] lockedmove
|-activate|p2b: Scovillain|move: Protect
|
|-heal|p1b: Archaludon|44/100|[from] item: Leftovers
|upkeep
|turn|10
|
|t:|1782448700
|move|p2b: Scovillain|Overheat|p1b: Archaludon
|-damage|p1b: Archaludon|27/100
|-unboost|p2b: Scovillain|spa|2
|move|p1b: Archaludon|Dragon Pulse|p2b: Scovillain
|-damage|p2b: Scovillain|0 fnt
|-status|p1b: Archaludon|brn|[from] ability: Spicy Spray|[of] p2b: Scovillain
|faint|p2b: Scovillain
|
|win|Dns889
||Dns889 is ready for game 2.
|inactive|77yuuhgh has 30 seconds to confirm battle start!
|inactive|77yuuhgh has 20 seconds to confirm battle start!
|inactive|77yuuhgh has 10 seconds to confirm battle start!
|l|☆77yuuhgh
|player|p2|
