|j|☆atmhools1
|j|☆endk649
|html|atmhools1endk649    
|uhtml|bestof|Game 1 of a best-of-3
|t:|1756215667
|gametype|doubles
|player|p1|atmhools1|169|1000
|player|p2|endk649|gambler|1156
|gen|9
|tier|[Gen 9] VGC 2025 Reg H (Bo3)
|rated|
|rule|Species Clause: Limit one of each Pokémon
|rule|Item Clause: Limit 1 of each item
|clearpoke
|poke|p1|Whimsicott, L50, M|
|poke|p1|Ursaluna-Bloodmoon, L50, M|
|poke|p1|Farigiraf, L50, M|
|poke|p1|Typhlosion-Hisui, L50, F|
|poke|p1|Rillaboom, L50, M|
|poke|p1|Incineroar, L50, F|
|poke|p2|Feraligatr, L50, M|
|poke|p2|Gholdengo, L50|
|poke|p2|Pelipper, L50, F|
|poke|p2|Amoonguss, L50, M|
|poke|p2|Rillaboom, L50, F|
|poke|p2|Incineroar, L50, M|
|teampreview|4
|showteam|p1|Whimsicott||CovertCloak|Prankster|Moonblast,Taunt,Tailwind,Encore|||M|||50|,,,,,Grass]Ursaluna-Bloodmoon||LifeOrb|MindsEye|BloodMoon,HyperBeam,EarthPower,Protect|||M|||50|,,,,,Normal]Farigiraf||SitrusBerry|ArmorTail|Psychic,HyperVoice,HelpingHand,TrickRoom|||M|||50|,,,,,Normal]Typhlosion-Hisui||ClearAmulet|Blaze|Eruption,InfernalParade,Flamethrower,Protect|||F|||50|,,,,,Fire]Rillaboom||AssaultVest|Overgrow|WoodHammer,GrassyGlide,Uturn,FakeOut|||M|||50|,,,,,Fire]Incineroar||SafetyGoggles|Intimidate|FlareBlitz,Snarl,PartingShot,FakeOut|||F|||50|,,,,,Ghost
|showteam|p2|Feraligatr||LifeOrb|SheerForce|Liquidation,Crunch,DragonDance,Protect|||M|||50|,,,,,Dark]Gholdengo||Leftovers|GoodasGold|MakeItRain,ShadowBall,NastyPlot,Protect||||||50|,,,,,Water]Pelipper||FocusSash|Drizzle|WeatherBall,Hurricane,Tailwind,Protect|||F|||50|,,,,,Stellar]Amoonguss||CovertCloak|Regenerator|PollenPuff,Spore,RagePowder,Protect|||M|||50|,,,,,Water]Rillaboom||AssaultVest|GrassySurge|WoodHammer,GrassyGlide,FakeOut,Uturn|||F|||50|,,,,,Fire]Incineroar||SafetyGoggles|Intimidate|KnockOff,FakeOut,Taunt,PartingShot|||M|||50|,,,,,Ghost
|inactive|Battle timer is ON: inactive players will automatically lose when time's up. (requested by atmhools1)
|inactive|atmhools1 has 60 seconds left.
|inactive|endk649 has 60 seconds left.
|inactive|endk649 has 30 seconds left.
|
|t:|1756215732
|teamsize|p1|4
|teamsize|p2|4
|start
|switch|p1a: Whimsicott|Whimsicott, L50, M|100/100
|switch|p1b: Incineroar|Incineroar, L50, F|100/100
|switch|p2a: Incineroar|Incineroar, L50, M, shiny|100/100
|switch|p2b: Feraligatr|Feraligatr, L50, M, shiny|100/100
|-ability|p2a: Incineroar|Intimidate|boost
|-unboost|p1a: Whimsicott|atk|1
|-unboost|p1b: Incineroar|atk|1
|-ability|p1b: Incineroar|Intimidate|boost
|-unboost|p2a: Incineroar|atk|1
|-unboost|p2b: Feraligatr|atk|1
|turn|1
|
|t:|1756215754
|move|p1b: Incineroar|Fake Out|p2a: Incineroar
|-damage|p2a: Incineroar|94/100
|move|p1a: Whimsicott|Tailwind|p1a: Whimsicott
|-sidestart|p1: atmhools1|move: Tailwind
|move|p2b: Feraligatr|Dragon Dance|p2b: Feraligatr
|-boost|p2b: Feraligatr|atk|1
|-boost|p2b: Feraligatr|spe|1
|cant|p2a: Incineroar|flinch
|
|upkeep
|turn|2
|
|t:|1756215766
|move|p2b: Feraligatr|Protect|p2b: Feraligatr
|-singleturn|p2b: Feraligatr|Protect
|move|p1a: Whimsicott|Encore|p2b: Feraligatr
|-activate|p2b: Feraligatr|move: Protect
|move|p1b: Incineroar|Parting Shot|p2b: Feraligatr
|-activate|p2b: Feraligatr|move: Protect
|move|p2a: Incineroar|Taunt|p1a: Whimsicott
|-start|p1a: Whimsicott|move: Taunt
|
|upkeep
|turn|3
|
|t:|1756215774
|move|p1a: Whimsicott|Moonblast|p2b: Feraligatr
|-damage|p2b: Feraligatr|54/100
|move|p2b: Feraligatr|Dragon Dance|p2b: Feraligatr
|-boost|p2b: Feraligatr|atk|1
|-boost|p2b: Feraligatr|spe|1
|move|p1b: Incineroar|Parting Shot|p2b: Feraligatr
|-unboost|p2b: Feraligatr|atk|1
|-unboost|p2b: Feraligatr|spa|1
|
|t:|1756215781
|switch|p1b: Ursaluna|Ursaluna-Bloodmoon, L50, M|100/100|[from] Parting Shot
|move|p2a: Incineroar|Knock Off|p1b: Ursaluna
|-damage|p1b: Ursaluna|82/100
|-enditem|p1b: Ursaluna|Life Orb|[from] move: Knock Off|[of] p2a: Incineroar
|
|upkeep
|turn|4
|
|t:|1756215805
|move|p2b: Feraligatr|Protect|p2b: Feraligatr
|-singleturn|p2b: Feraligatr|Protect
|move|p1a: Whimsicott|Moonblast|p2b: Feraligatr
|-activate|p2b: Feraligatr|move: Protect
|move|p1b: Ursaluna|Blood Moon|p2a: Incineroar
|-damage|p2a: Incineroar|43/100
|move|p2a: Incineroar|Parting Shot|p1b: Ursaluna
|-unboost|p1b: Ursaluna|atk|1
|-unboost|p1b: Ursaluna|spa|1
|
|t:|1756215812
|switch|p2a: Pelipper|Pelipper, L50, F, shiny|100/100|[from] Parting Shot
|-weather|RainDance|[from] ability: Drizzle|[of] p2a: Pelipper
|
|-weather|RainDance|[upkeep]
|-sideend|p1: atmhools1|move: Tailwind
|upkeep
|turn|5
|
|t:|1756215824
|move|p2b: Feraligatr|Liquidation|p1b: Ursaluna
|-supereffective|p1b: Ursaluna
|-damage|p1b: Ursaluna|0 fnt
|faint|p1b: Ursaluna
|move|p1a: Whimsicott|Moonblast|p2a: Pelipper
|-crit|p2a: Pelipper
|-damage|p2a: Pelipper|3/100
|-unboost|p2a: Pelipper|spa|1
|move|p2a: Pelipper|Hurricane|p1a: Whimsicott
|-supereffective|p1a: Whimsicott
|-damage|p1a: Whimsicott|0 fnt
|faint|p1a: Whimsicott
|
|-weather|RainDance|[upkeep]
|upkeep
|
|t:|1756215828
|switch|p1a: Typhlosion|Typhlosion-Hisui, L50, F|100/100
|switch|p1b: Incineroar|Incineroar, L50, F|100/100
|-ability|p1b: Incineroar|Intimidate|boost
|-unboost|p2a: Pelipper|atk|1
|-unboost|p2b: Feraligatr|atk|1
|turn|6
|inactive|endk649 has 30 seconds left.
|
|t:|1756215860
|switch|p2a: Incineroar|Incineroar, L50, M, shiny|43/100
|-ability|p2a: Incineroar|Intimidate|boost
|-fail|p1a: Typhlosion|unboost|[from] item: Clear Amulet|[of] p1a: Typhlosion
|-unboost|p1b: Incineroar|atk|1
|move|p2b: Feraligatr|Protect|p2b: Feraligatr
|-singleturn|p2b: Feraligatr|Protect
|move|p1b: Incineroar|Fake Out|p2a: Incineroar
|-damage|p2a: Incineroar|35/100
|move|p1a: Typhlosion|Infernal Parade|p2b: Feraligatr
|-activate|p2b: Feraligatr|move: Protect
|
|-weather|RainDance|[upkeep]
|upkeep
|turn|7
|
|t:|1756215876
|-terastallize|p2b: Feraligatr|Dark
|move|p2a: Incineroar|Fake Out|p1b: Incineroar
|-damage|p1b: Incineroar|91/100
|move|p2b: Feraligatr|Dragon Dance|p2b: Feraligatr
|-boost|p2b: Feraligatr|atk|1
|-boost|p2b: Feraligatr|spe|1
|move|p1a: Typhlosion|Infernal Parade|p2b: Feraligatr
|-resisted|p2b: Feraligatr
|-damage|p2b: Feraligatr|38/100
|-status|p2b: Feraligatr|brn
|cant|p1b: Incineroar|flinch
|
|-weather|RainDance|[upkeep]
|-damage|p2b: Feraligatr|32/100 brn|[from] brn
|upkeep
|turn|8
|
|t:|1756215891
|move|p2b: Feraligatr|Liquidation|p1b: Incineroar
|-supereffective|p1b: Incineroar
|-damage|p1b: Incineroar|0 fnt
|faint|p1b: Incineroar
|move|p1a: Typhlosion|Eruption|p2a: Incineroar|[spread] p2a,p2b
|-resisted|p2a: Incineroar
|-damage|p2a: Incineroar|25/100
|-damage|p2b: Feraligatr|2/100 brn
|move|p2a: Incineroar|Knock Off|p1a: Typhlosion
|-supereffective|p1a: Typhlosion
|-damage|p1a: Typhlosion|10/100
|-enditem|p1a: Typhlosion|Clear Amulet|[from] move: Knock Off|[of] p2a: Incineroar
|
|-weather|none
|-damage|p2b: Feraligatr|0 fnt|[from] brn
|faint|p2b: Feraligatr
|upkeep
|
|t:|1756215894
|switch|p2b: Pelipper|Pelipper, L50, F, shiny|3/100
|-weather|RainDance|[from] ability: Drizzle|[of] p2b: Pelipper
|turn|9
|
|t:|1756215899
|-terastallize|p1a: Typhlosion|Fire
|move|p1a: Typhlosion|Eruption|p2b: Pelipper|[spread] p2a,p2b
|-resisted|p2a: Incineroar
|-resisted|p2b: Pelipper
|-damage|p2a: Incineroar|23/100
|-damage|p2b: Pelipper|0 fnt
|faint|p2b: Pelipper
|move|p2a: Incineroar|Knock Off|p1a: Typhlosion
|-damage|p1a: Typhlosion|0 fnt
|faint|p1a: Typhlosion
|
|win|endk649
||endk649 is ready for game 2.
|l|☆atmhools1
|player|p1|
||atmhools1 is ready for game 2.
|uhtml|next|Next: Game 2 of 3
