|j|☆Monkeephonix
|j|☆Pinoitaliano
|html|MonkeephonixPinoitaliano    
|uhtml|bestof|Game 1 of a best-of-3
|t:|1757095349
|gametype|doubles
|player|p1|Monkeephonix|265|1046
|player|p2|Pinoitaliano|allister|1061
|gen|9
|tier|[Gen 9] VGC 2025 Reg H (Bo3)
|rated|
|rule|Species Clause: Limit one of each Pokémon
|rule|Item Clause: Limit 1 of each item
|clearpoke
|poke|p1|Dragonite, L50, F|
|poke|p1|Ursaluna-Bloodmoon, L50, M|
|poke|p1|Incineroar, L50, M|
|poke|p1|Amoonguss, L50, F|
|poke|p1|Pelipper, L50, F|
|poke|p1|Archaludon, L50, F|
|poke|p2|Lycanroc, L50, F|
|poke|p2|Tyranitar, L50, F|
|poke|p2|Indeedee-F, L50, F|
|poke|p2|Armarouge, L50, F|
|poke|p2|Dondozo, L50, F|
|poke|p2|Tatsugiri, L50, F|
|teampreview|4
|showteam|p1|Dragonite||LoadedDice|Multiscale|ScaleShot,Protect,Haze,Tailwind|||F|||50|,,,,,Fire]Ursaluna-Bloodmoon||AssaultVest|MindsEye|EarthPower,BloodMoon,HyperVoice,VacuumWave|||M|||50|,,,,,Normal]Incineroar||SafetyGoggles|Intimidate|FakeOut,KnockOff,FlareBlitz,PartingShot|||M|||50|,,,,,Ghost]Amoonguss||SitrusBerry|Regenerator|Spore,RagePowder,Protect,SludgeBomb|||F|||50|,,,,,Ghost]Pelipper||FocusSash|Drizzle|Hurricane,WeatherBall,Protect,Tailwind|||F|||50|,,,,,Water]Archaludon||PowerHerb|Stamina|ElectroShot,FlashCannon,BodyPress,Protect|||F|||50|,,,,,Steel
|showteam|p2|Lycanroc||FocusSash|SandRush|Endeavor,Accelerock,CloseCombat,RockSlide|||F|||50|,,,,,Ghost]Tyranitar||ChoiceBand|SandStream|LowKick,TeraBlast,RockSlide,Assurance|||F|||50|,,,,,Flying]Indeedee-F||SafetyGoggles|PsychicSurge|DazzlingGleam,FollowMe,HelpingHand,TrickRoom|||F|||50|,,,,,Fairy]Armarouge||LifeOrb|FlashFire|TrickRoom,EnergyBall,HeatWave,ExpandingForce|||F|||50|,,,,,Grass]Dondozo||LumBerry|Unaware|WaveCrash,OrderUp,TeraBlast,Rest|||F|||50|,,,,,Grass]Tatsugiri||ChoiceSpecs|Commander|MuddyWater,DracoMeteor,SleepTalk,HydroPump|||F|||50|,,,,,Water
|inactive|Battle timer is ON: inactive players will automatically lose when time's up. (requested by Pinoitaliano)
|
|t:|1757095378
|teamsize|p1|4
|teamsize|p2|4
|start
|switch|p1a: Amoonguss|Amoonguss, L50, F|100/100
|switch|p1b: Incineroar|Incineroar, L50, M|100/100
|switch|p2a: Lycanroc|Lycanroc, L50, F|100/100
|switch|p2b: Indeedee|Indeedee-F, L50, F|100/100
|-fieldstart|move: Psychic Terrain|[from] ability: Psychic Surge|[of] p2b: Indeedee
|-ability|p1b: Incineroar|Intimidate|boost
|-unboost|p2a: Lycanroc|atk|1
|-unboost|p2b: Indeedee|atk|1
|turn|1
|inactive|Monkeephonix has 30 seconds left.
|inactive|Monkeephonix has 20 seconds left.
|inactive|Monkeephonix has 15 seconds left.
|
|t:|1757095422
|switch|p1b: Archaludon|Archaludon, L50, F|100/100
|move|p1a: Amoonguss|Protect|p1a: Amoonguss
|-singleturn|p1a: Amoonguss|Protect
|move|p2b: Indeedee|Follow Me|p2b: Indeedee
|-singleturn|p2b: Indeedee|move: Follow Me
|move|p2a: Lycanroc|Rock Slide|p1a: Amoonguss|[spread] p1b
|-activate|p1a: Amoonguss|move: Protect
|-resisted|p1b: Archaludon
|-damage|p1b: Archaludon|92/100
|-ability|p1b: Archaludon|Stamina|boost
|-boost|p1b: Archaludon|def|1
|
|upkeep
|turn|2
|inactive|Monkeephonix has 30 seconds left.
|inactive|Pinoitaliano has 30 seconds left.
|inactive|Pinoitaliano has 20 seconds left.
|inactive|Pinoitaliano has 15 seconds left.
|
|t:|1757095463
|switch|p1a: Pelipper|Pelipper, L50, F|100/100
|-weather|RainDance|[from] ability: Drizzle|[of] p1a: Pelipper
|move|p2b: Indeedee|Follow Me|p2b: Indeedee
|-singleturn|p2b: Indeedee|move: Follow Me
|move|p2a: Lycanroc|Close Combat|p1b: Archaludon
|-supereffective|p1b: Archaludon
|-damage|p1b: Archaludon|61/100
|-unboost|p2a: Lycanroc|def|1
|-unboost|p2a: Lycanroc|spd|1
|-ability|p1b: Archaludon|Stamina|boost
|-boost|p1b: Archaludon|def|1
|move|p1b: Archaludon|Electro Shot||[still]
|-prepare|p1b: Archaludon|Electro Shot
|-boost|p1b: Archaludon|spa|1
|-anim|p1b: Archaludon|Electro Shot|p2b: Indeedee
|-damage|p2b: Indeedee|40/100
|
|-weather|RainDance|[upkeep]
|upkeep
|turn|3
|inactive|Monkeephonix has 30 seconds left.
|inactive|Pinoitaliano has 30 seconds left.
|inactive|Pinoitaliano has 20 seconds left.
|
|t:|1757095502
|switch|p2b: Tyranitar|Tyranitar, L50, F|100/100
|-weather|Sandstorm|[from] ability: Sand Stream|[of] p2b: Tyranitar
|move|p1b: Archaludon|Protect|p1b: Archaludon
|-singleturn|p1b: Archaludon|Protect
|move|p2a: Lycanroc|Rock Slide|p1b: Archaludon|[spread] p1a
|-activate|p1b: Archaludon|move: Protect
|-supereffective|p1a: Pelipper
|-damage|p1a: Pelipper|52/100
|move|p1a: Pelipper|Weather Ball|p2b: Tyranitar
|-damage|p2b: Tyranitar|80/100
|
|-weather|Sandstorm|[upkeep]
|-damage|p1a: Pelipper|46/100|[from] Sandstorm
|upkeep
|turn|4
|inactive|Monkeephonix has 30 seconds left.
|inactive|Pinoitaliano has 30 seconds left.
|
|t:|1757095536
|switch|p1a: Incineroar|Incineroar, L50, M|100/100
|-ability|p1a: Incineroar|Intimidate|boost
|-unboost|p2a: Lycanroc|atk|1
|-unboost|p2b: Tyranitar|atk|1
|move|p2a: Lycanroc|Close Combat|p1b: Archaludon
|-supereffective|p1b: Archaludon
|-damage|p1b: Archaludon|41/100
|-unboost|p2a: Lycanroc|def|1
|-unboost|p2a: Lycanroc|spd|1
|-ability|p1b: Archaludon|Stamina|boost
|-boost|p1b: Archaludon|def|1
|move|p1b: Archaludon|Flash Cannon|p2b: Tyranitar
|-supereffective|p2b: Tyranitar
|-damage|p2b: Tyranitar|0 fnt
|faint|p2b: Tyranitar
|
|-weather|Sandstorm|[upkeep]
|upkeep
|
|t:|1757095554
|switch|p2b: Armarouge|Armarouge, L50, F|100/100
|turn|5
|inactive|Pinoitaliano has 30 seconds left.
|
|t:|1757095587
|-terastallize|p2a: Lycanroc|Ghost
|move|p1a: Incineroar|Fake Out|p2a: Lycanroc
|-activate|p2a: Lycanroc|move: Psychic Terrain
|move|p2a: Lycanroc|Rock Slide|p1a: Incineroar|[spread] p1a,p1b
|-supereffective|p1a: Incineroar
|-resisted|p1b: Archaludon
|-damage|p1a: Incineroar|73/100
|-damage|p1b: Archaludon|39/100
|-ability|p1b: Archaludon|Stamina|boost
|-boost|p1b: Archaludon|def|1
|move|p1b: Archaludon|Electro Shot||[still]
|-prepare|p1b: Archaludon|Electro Shot
|-boost|p1b: Archaludon|spa|1
|-enditem|p1b: Archaludon|Power Herb
|-anim|p1b: Archaludon|Electro Shot|p2b: Armarouge
|-damage|p2b: Armarouge|11/100
|move|p2b: Armarouge|Heat Wave|p1a: Incineroar|[spread] p1a,p1b
|-resisted|p1a: Incineroar
|-crit|p1b: Archaludon
|-damage|p1a: Incineroar|55/100
|-damage|p1b: Archaludon|0 fnt
|faint|p1b: Archaludon
|-damage|p2b: Armarouge|1/100|[from] item: Life Orb
|
|-weather|Sandstorm|[upkeep]
|-damage|p2b: Armarouge|0 fnt|[from] Sandstorm
|faint|p2b: Armarouge
|-fieldend|move: Psychic Terrain
|upkeep
|inactive|Pinoitaliano has 30 seconds left.
|
|t:|1757095613
|switch|p1b: Amoonguss|Amoonguss, L50, F|100/100
|switch|p2b: Indeedee|Indeedee-F, L50, F|40/100
|-fieldstart|move: Psychic Terrain|[from] ability: Psychic Surge|[of] p2b: Indeedee
|turn|6
|
|t:|1757095638
|move|p2b: Indeedee|Follow Me|p2b: Indeedee
|-singleturn|p2b: Indeedee|move: Follow Me
|move|p1b: Amoonguss|Rage Powder|p1b: Amoonguss
|-singleturn|p1b: Amoonguss|move: Rage Powder
|move|p2a: Lycanroc|Rock Slide|p1b: Amoonguss|[spread] p1a,p1b
|-supereffective|p1a: Incineroar
|-damage|p1a: Incineroar|28/100
|-damage|p1b: Amoonguss|88/100
|cant|p1a: Incineroar|flinch
|
|-weather|Sandstorm|[upkeep]
|-damage|p1b: Amoonguss|82/100|[from] Sandstorm
|upkeep
|turn|7
|
|t:|1757095658
|move|p2b: Indeedee|Helping Hand|p2a: Lycanroc
|-singleturn|p2a: Lycanroc|Helping Hand|[of] p2b: Indeedee
|move|p2a: Lycanroc|Rock Slide|p1a: Incineroar|[spread] p1a,p1b
|-supereffective|p1a: Incineroar
|-crit|p1b: Amoonguss
|-damage|p1a: Incineroar|0 fnt
|-damage|p1b: Amoonguss|31/100
|-enditem|p1b: Amoonguss|Sitrus Berry|[eat]
|-heal|p1b: Amoonguss|56/100|[from] item: Sitrus Berry
|faint|p1a: Incineroar
|move|p1b: Amoonguss|Spore|p2b: Indeedee
|-activate|p2b: Indeedee|item: Safety Goggles|Spore
|
|-weather|none
|upkeep
|
|t:|1757095669
|switch|p1a: Pelipper|Pelipper, L50, F|46/100
|-weather|RainDance|[from] ability: Drizzle|[of] p1a: Pelipper
|turn|8
|
|t:|1757095683
|-terastallize|p1a: Pelipper|Water
|move|p2b: Indeedee|Helping Hand|p2a: Lycanroc
|-singleturn|p2a: Lycanroc|Helping Hand|[of] p2b: Indeedee
|move|p2a: Lycanroc|Rock Slide|p1b: Amoonguss|[spread] p1b
|-miss|p2a: Lycanroc|p1a: Pelipper
|-damage|p1b: Amoonguss|41/100
|move|p1a: Pelipper|Weather Ball|p2a: Lycanroc
|-enditem|p2a: Lycanroc|Focus Sash
|-damage|p2a: Lycanroc|1/100
|move|p1b: Amoonguss|Sludge Bomb|p2a: Lycanroc
|-resisted|p2a: Lycanroc
|-damage|p2a: Lycanroc|0 fnt
|faint|p2a: Lycanroc
|
|-weather|RainDance|[upkeep]
|upkeep
|turn|9
|
|t:|1757095705
|move|p1a: Pelipper|Hurricane|p2b: Indeedee
|-damage|p2b: Indeedee|0 fnt
|faint|p2b: Indeedee
|
|win|Monkeephonix
||Monkeephonix is ready for game 2.
||Pinoitaliano is ready for game 2.
|uhtml|next|Next: Game 2 of 3
|l|☆Monkeephonix
|player|p1|
