|j|☆natsukivgc
|j|‽qliphort27
|html|natsukivgcqliphort27    
|uhtml|bestof|Game 1 of a best-of-3
|t:|1785919657
|gametype|doubles
|player|p1|natsukivgc|169|1228
|player|p2|qliphort27|fisherman-gen4|1157
|gen|9
|tier|[Gen 9 Champions] VGC 2026 Reg M-B (Bo3)
|rated|
|rule|Species Clause: Limit one of each Pokémon
|rule|Item Clause: Limit 1 of each item
|clearpoke
|poke|p1|Hydreigon, L50, F|
|poke|p1|Garchomp, L50, F|
|poke|p1|Metagross, L50|
|poke|p1|Charizard, L50, F|
|poke|p1|Grimmsnarl, L50, M|
|poke|p1|Toxapex, L50, M|
|poke|p2|Hawlucha, L50, M|
|poke|p2|Mr. Rime, L50, M|
|poke|p2|Incineroar, L50, M|
|poke|p2|Grimmsnarl, L50, M|
|poke|p2|Sinistcha, L50|
|poke|p2|Glimmora, L50, F|
|teampreview|4
|showteam|p1|Hydreigon||ChoiceScarf|Levitate|HeatWave,DarkPulse,DracoMeteor,Snarl|Modest||F|||50|]Garchomp||SitrusBerry|RoughSkin|Earthquake,RockSlide,DragonClaw,Protect|Adamant||F|||50|]Metagross||Metagrossite|ClearBody|IronHead,HammerArm,BulletPunch,Protect|Adamant|||||50|]Charizard||CharizarditeY|Blaze|Protect,HeatWave,SolarBeam,WeatherBall|Timid||F|||50|]Grimmsnarl||RoseliBerry|Prankster|FakeOut,FoulPlay,Reflect,PartingShot|Sassy||M|||50|]Toxapex||Leftovers|Regenerator|Infestation,Toxic,BanefulBunker,WideGuard|Bold||M|||50|
|showteam|p2|Hawlucha||Hawluchanite|Limber|CloseCombat,Entrainment,Protect,Encore|Careful||M|||50|]Mr. Rime||ChoiceScarf|ScreenCleaner|Thunderbolt,SheerCold,IceBeam,Psychic|Timid||M|||50|]Incineroar||SitrusBerry|Intimidate|DarkestLariat,PartingShot,FlareBlitz,FakeOut|Jolly||M|||50|]Grimmsnarl||IronBall|Prankster|PartingShot,SpiritBreak,Taunt,Trick|Impish||M|||50|]Sinistcha||Leftovers|Hospitality|MatchaGotcha,StrengthSap,RagePowder,ShadowBall|Calm|||||50|]Glimmora||Glimmoranite|ToxicDebris|SludgeBomb,SpikyShield,PowerGem,EnergyBall|Timid||F|||50|
|
|t:|1785919747
|teamsize|p1|4
|teamsize|p2|4
|start
|switch|p1a: Metagross|Metagross, L50|100/100
|switch|p1b: Grimmsnarl|Grimmsnarl, L50, M|100/100
|switch|p2a: Grimmsnarl|Grimmsnarl, L50, M|100/100
|switch|p2b: Hawlucha|Hawlucha, L50, M|100/100
|turn|1
|
|t:|1785919801
|detailschange|p2b: Hawlucha|Hawlucha-Mega, L50, M
|-mega|p2b: Hawlucha|Hawlucha|Hawluchanite
|detailschange|p1a: Metagross|Metagross-Mega, L50
|-mega|p1a: Metagross|Metagross|Metagrossite
|move|p1b: Grimmsnarl|Fake Out|p2b: Hawlucha
|-damage|p2b: Hawlucha|90/100
|move|p2a: Grimmsnarl|Parting Shot|p1a: Metagross
|-unboost|p1a: Metagross|atk|1
|-unboost|p1a: Metagross|spa|1
|
|t:|1785919808
|switch|p2a: Mr. Rime|Mr. Rime, L50, M|100/100|[from] Parting Shot
|cant|p2b: Hawlucha|flinch
|move|p1a: Metagross|Iron Head|p2b: Hawlucha
|-damage|p2b: Hawlucha|54/100
|
|upkeep
|turn|2
|
|t:|1785919855
|move|p2a: Mr. Rime|Sheer Cold|p1a: Metagross
|-damage|p1a: Metagross|0 fnt
|faint|p1a: Metagross
|-ohko
|move|p2b: Hawlucha|Entrainment|p2a: Mr. Rime
|-ability|p2a: Mr. Rime|No Guard|Screen Cleaner|[from] move: Entrainment|[of] p2b: Hawlucha
|move|p1b: Grimmsnarl|Foul Play|p2b: Hawlucha
|-resisted|p2b: Hawlucha|1
|-damage|p2b: Hawlucha|37/100
|
|upkeep
|
|t:|1785919885
|switch|p1a: Hydreigon|Hydreigon, L50, F|100/100
|turn|3
|
|t:|1785919903
|move|p1a: Hydreigon|Dark Pulse|p2a: Mr. Rime
|-supereffective|p2a: Mr. Rime|1
|-damage|p2a: Mr. Rime|20/100r
|move|p2a: Mr. Rime|Sheer Cold|p1a: Hydreigon
|-damage|p1a: Hydreigon|0 fnt
|faint|p1a: Hydreigon
|-ohko
|move|p2b: Hawlucha|Close Combat|p1b: Grimmsnarl
|-damage|p1b: Grimmsnarl|43/100
|-unboost|p2b: Hawlucha|def|1
|-unboost|p2b: Hawlucha|spd|1
|move|p1b: Grimmsnarl|Foul Play|p2a: Mr. Rime
|-supereffective|p2a: Mr. Rime|1
|-damage|p2a: Mr. Rime|0 fnt
|faint|p2a: Mr. Rime
|
|upkeep
|
|t:|1785919917
|switch|p1a: Toxapex|Toxapex, L50, M|100/100
|switch|p2a: Sinistcha|Sinistcha, L50|100/100
|-heal|p2b: Hawlucha|62/100|[from] ability: Hospitality|[of] p2a: Sinistcha
|turn|4
|
|t:|1785919943
|move|p1b: Grimmsnarl|Reflect|p1b: Grimmsnarl
|-sidestart|p1: natsukivgc|Reflect
|move|p2b: Hawlucha|Encore||[still]
|-fail|p2b: Hawlucha
|move|p2a: Sinistcha|Matcha Gotcha|p1b: Grimmsnarl|[spread] p1a,p1b
|-damage|p1a: Toxapex|82/100
|-damage|p1b: Grimmsnarl|20/100y
|-status|p1a: Toxapex|brn
|move|p1a: Toxapex|Infestation|p2b: Hawlucha
|-resisted|p2b: Hawlucha|2
|-damage|p2b: Hawlucha|61/100
|-activate|p2b: Hawlucha|move: Infestation|[of] p1a: Toxapex
|
|-heal|p1a: Toxapex|87/100 brn|[from] item: Leftovers
|-damage|p1a: Toxapex|82/100 brn|[from] brn
|-damage|p2b: Hawlucha|49/100|[from] move: Infestation|[partiallytrapped]
|upkeep
|turn|5
|
|t:|1785919984
|move|p2b: Hawlucha|Encore|p1a: Toxapex
|-start|p1a: Toxapex|Encore
|move|p2a: Sinistcha|Matcha Gotcha|p1a: Toxapex|[spread] p1a,p1b
|-damage|p1a: Toxapex|63/100 brn
|-damage|p1b: Grimmsnarl|0 fnt
|faint|p1b: Grimmsnarl
|move|p1a: Toxapex|Infestation|p2b: Hawlucha
|-resisted|p2b: Hawlucha|2
|-damage|p2b: Hawlucha|48/100
|
|-heal|p1a: Toxapex|68/100 brn|[from] item: Leftovers
|-damage|p1a: Toxapex|63/100 brn|[from] brn
|-damage|p2b: Hawlucha|36/100|[from] move: Infestation|[partiallytrapped]
|upkeep
|turn|6
|-message|natsukivgc forfeited.
|
|win|qliphort27
