|j|☆Gurrasnurra5
|j|☆new mental
|html|Gurrasnurra5new mental    
|uhtml|bestof|Game 2 of a best-of-3
|t:|1785681665
|gametype|doubles
|player|p1|Gurrasnurra5|170|1397
|player|p2|new mental|volkner|1372
|gen|9
|tier|[Gen 9 Champions] VGC 2026 Reg M-B (Bo3)
|rated|
|rule|Species Clause: Limit one of each Pokémon
|rule|Item Clause: Limit 1 of each item
|clearpoke
|poke|p1|Sinistcha, L50, shiny|
|poke|p1|Garchomp, L50, F, shiny|
|poke|p1|Sneasler, L50, M, shiny|
|poke|p1|Floette-Eternal, L50, F|
|poke|p1|Incineroar, L50, M, shiny|
|poke|p1|Kingambit, L50, F, shiny|
|poke|p2|Charizard, L50, M|
|poke|p2|Garchomp, L50, F|
|poke|p2|Incineroar, L50, F|
|poke|p2|Venusaur, L50, M|
|poke|p2|Toxapex, L50, F|
|poke|p2|Sylveon, L50, M|
|teampreview|4
|showteam|p1|Sinistcha||SitrusBerry|Hospitality|MatchaGotcha,TrickRoom,RagePowder,Protect|Bold|||||50|]Garchomp||Garchompite|RoughSkin|StompingTantrum,Earthquake,RockSlide,Protect|Adamant||F|||50|]Sneasler||FocusSash|Unburden|CloseCombat,DireClaw,FakeOut,Coaching|Jolly||M|||50|]Floette-Eternal||Floettite|FlowerVeil|DazzlingGleam,DrainingKiss,CalmMind,Protect|Timid||F|||50|]Incineroar||Leftovers|Intimidate|FakeOut,FlareBlitz,PartingShot,HelpingHand|Sassy||M|||50|]Kingambit||ChopleBerry|Defiant|KowtowCleave,SuckerPunch,IronHead,Protect|Adamant||F|||50|
|showteam|p2|Charizard||CharizarditeY|Blaze|WeatherBall,HeatWave,AncientPower,Protect|Modest||M|||50|]Garchomp||ChoiceScarf|RoughSkin|RockSlide,DragonClaw,Earthquake,StompingTantrum|Adamant||F|||50|]Incineroar||SitrusBerry|Intimidate|FlareBlitz,FakeOut,DarkestLariat,PartingShot|Impish||F|||50|]Venusaur||LifeOrb|Chlorophyll|SludgeBomb,LeafStorm,EarthPower,Protect|Modest||M|||50|]Toxapex||Leftovers|Regenerator|Infestation,Toxic,WideGuard,BanefulBunker|Bold||F|||50|]Sylveon||FairyFeather|Pixilate|HyperVoice,QuickAttack,Yawn,Detect|Modest||M|||50|
|inactive|Battle timer is ON: inactive players will automatically lose when time's up. (requested by Gurrasnurra5)
|
|t:|1785681759
|teamsize|p1|4
|teamsize|p2|4
|start
|switch|p1a: Incineroar|Incineroar, L50, M, shiny|100/100
|switch|p1b: Garchomp|Garchomp, L50, F, shiny|100/100
|switch|p2a: Garchomp|Garchomp, L50, F|100/100
|switch|p2b: Sylveon|Sylveon, L50, M|100/100
|-ability|p1a: Incineroar|Intimidate|boost
|-unboost|p2a: Garchomp|atk|1
|-unboost|p2b: Sylveon|atk|1
|turn|1
|inactive|Gurrasnurra5 has 30 seconds left.
|
|t:|1785681792
|move|p1b: Garchomp|Protect|p1b: Garchomp
|-singleturn|p1b: Garchomp|Protect
|move|p2a: Garchomp|Stomping Tantrum|p1b: Garchomp
|-activate|p1b: Garchomp|move: Protect
|move|p2b: Sylveon|Hyper Voice|p1b: Garchomp|[spread] p1a
|-activate|p1b: Garchomp|move: Protect
|-damage|p1a: Incineroar|64/100
|move|p1a: Incineroar|Parting Shot|p2a: Garchomp
|-unboost|p2a: Garchomp|atk|1
|-unboost|p2a: Garchomp|spa|1
|
|t:|1785681797
|switch|p1a: Floette|Floette-Eternal, L50, F|100/100|[from] Parting Shot
|
|upkeep
|turn|2
|
|t:|1785681805
|switch|p2a: Venusaur|Venusaur, L50, M|100/100
|switch|p1b: Incineroar|Incineroar, L50, M, shiny|64/100
|-ability|p1b: Incineroar|Intimidate|boost
|-unboost|p2a: Venusaur|atk|1
|-unboost|p2b: Sylveon|atk|1
|detailschange|p1a: Floette|Floette-Mega, L50, F
|-mega|p1a: Floette|Floette|Floettite
|-ability|p1a: Floette|Fairy Aura
|move|p1a: Floette|Calm Mind|p1a: Floette
|-boost|p1a: Floette|spa|1
|-boost|p1a: Floette|spd|1
|move|p2b: Sylveon|Hyper Voice|p1a: Floette|[spread] p1a,p1b
|-damage|p1a: Floette|71/100
|-damage|p1b: Incineroar|22/100
|
|-heal|p1b: Incineroar|28/100|[from] item: Leftovers
|upkeep
|turn|3
|
|t:|1785681823
|move|p1b: Incineroar|Fake Out|p2a: Venusaur
|-damage|p2a: Venusaur|85/100
|move|p1a: Floette|Dazzling Gleam|p2a: Venusaur|[spread] p2a,p2b
|-resisted|p2a: Venusaur|1
|-damage|p2a: Venusaur|52/100
|-damage|p2b: Sylveon|58/100
|cant|p2a: Venusaur|flinch
|move|p2b: Sylveon|Hyper Voice|p1a: Floette|[spread] p1a,p1b
|-damage|p1a: Floette|43/100
|-damage|p1b: Incineroar|0 fnt
|faint|p1b: Incineroar
|
|upkeep
|
|t:|1785681828
|switch|p1b: Sinistcha|Sinistcha, L50, shiny|100/100
|-heal|p1a: Floette|68/100|[from] ability: Hospitality|[of] p1b: Sinistcha
|turn|4
|
|t:|1785681842
|switch|p2b: Charizard|Charizard, L50, M|100/100
|move|p2a: Venusaur|Protect|p2a: Venusaur
|-singleturn|p2a: Venusaur|Protect
|move|p1a: Floette|Draining Kiss|p2b: Charizard
|-resisted|p2b: Charizard|1
|-crit|p2b: Charizard
|-damage|p2b: Charizard|55/100
|-heal|p1a: Floette|99/100|[from] drain|[of] p2b: Charizard
|move|p1b: Sinistcha|Matcha Gotcha|p2a: Venusaur|[spread] p2b
|-activate|p2a: Venusaur|move: Protect
|-resisted|p2b: Charizard|2
|-damage|p2b: Charizard|47/100
|
|upkeep
|turn|5
|
|t:|1785681855
|detailschange|p2b: Charizard|Charizard-Mega-Y, L50, M
|-mega|p2b: Charizard|Charizard|Charizardite Y
|-weather|SunnyDay|[from] ability: Drought|[of] p2b: Charizard
|move|p1b: Sinistcha|Protect|p1b: Sinistcha
|-singleturn|p1b: Sinistcha|Protect
|move|p2a: Venusaur|Leaf Storm|p1b: Sinistcha
|-activate|p1b: Sinistcha|move: Protect
|move|p1a: Floette|Dazzling Gleam|p2a: Venusaur|[spread] p2a,p2b
|-resisted|p2a: Venusaur|1
|-resisted|p2b: Charizard|1
|-damage|p2a: Venusaur|16/100
|-damage|p2b: Charizard|18/100
|move|p2b: Charizard|Heat Wave|p1a: Floette|[spread] p1a
|-activate|p1b: Sinistcha|move: Protect
|-damage|p1a: Floette|69/100
|
|-weather|SunnyDay|[upkeep]
|upkeep
|turn|6
|
|t:|1785681868
|switch|p1b: Garchomp|Garchomp, L50, F, shiny|100/100
|move|p2a: Venusaur|Sludge Bomb|p1a: Floette
|-supereffective|p1a: Floette|1
|-damage|p1a: Floette|11/100
|-damage|p2a: Venusaur|7/100|[from] item: Life Orb
|move|p1a: Floette|Dazzling Gleam|p2b: Charizard|[spread] p2a,p2b
|-resisted|p2a: Venusaur|1
|-resisted|p2b: Charizard|1
|-damage|p2a: Venusaur|0 fnt
|-damage|p2b: Charizard|0 fnt
|faint|p2a: Venusaur
|faint|p2b: Charizard
|
|-weather|SunnyDay|[upkeep]
|upkeep
|
|t:|1785681870
|switch|p2b: Garchomp|Garchomp, L50, F|100/100
|switch|p2a: Sylveon|Sylveon, L50, M|58/100
|turn|7
|
|t:|1785681889
|switch|p1b: Sinistcha|Sinistcha, L50, shiny|100/100
|-heal|p1a: Floette|36/100|[from] ability: Hospitality|[of] p1b: Sinistcha
|move|p1a: Floette|Protect|p1a: Floette
|-singleturn|p1a: Floette|Protect
|move|p2a: Sylveon|Quick Attack|p1a: Floette
|-activate|p1a: Floette|move: Protect
|move|p2b: Garchomp|Dragon Claw|p1b: Sinistcha
|-damage|p1b: Sinistcha|64/100
|
|-weather|SunnyDay|[upkeep]
|upkeep
|turn|8
|
|t:|1785681901
|move|p1b: Sinistcha|Rage Powder|p1b: Sinistcha
|-singleturn|p1b: Sinistcha|move: Rage Powder
|move|p2b: Garchomp|Dragon Claw|p1b: Sinistcha
|-damage|p1b: Sinistcha|32/100
|-enditem|p1b: Sinistcha|Sitrus Berry|[eat]
|-heal|p1b: Sinistcha|56/100|[from] item: Sitrus Berry
|move|p1a: Floette|Dazzling Gleam|p2a: Sylveon|[spread] p2a,p2b
|-supereffective|p2b: Garchomp|1
|-damage|p2a: Sylveon|17/100
|-damage|p2b: Garchomp|0 fnt
|faint|p2b: Garchomp
|move|p2a: Sylveon|Hyper Voice|p1b: Sinistcha|[spread] p1a,p1b
|-damage|p1a: Floette|9/100
|-damage|p1b: Sinistcha|0 fnt
|faint|p1b: Sinistcha
|
|-weather|SunnyDay|[upkeep]
|upkeep
|
|t:|1785681905
|switch|p1b: Garchomp|Garchomp, L50, F, shiny|100/100
|turn|9
|
|t:|1785681911
|move|p1a: Floette|Draining Kiss|p2a: Sylveon
|-damage|p2a: Sylveon|0 fnt
|-heal|p1a: Floette|23/100|[from] drain|[of] p2a: Sylveon
|faint|p2a: Sylveon
|
|win|Gurrasnurra5
