|j|☆WoolHearted
|j|☆MazeLooper
|html|WoolHeartedMazeLooper    
|uhtml|bestof|Game 1 of a best-of-3
|t:|1784577873
|gametype|doubles
|player|p1|WoolHearted|fantina|
|player|p2|MazeLooper|170|
|gen|9
|tier|[Gen 9 Champions] VGC 2026 Reg M-B (Bo3)
|rule|Species Clause: Limit one of each Pokémon
|rule|Item Clause: Limit 1 of each item
|clearpoke
|poke|p1|Rotom-Heat, L50|
|poke|p1|Charizard, L50, F|
|poke|p1|Venusaur, L50, M|
|poke|p1|Passimian, L50, F|
|poke|p1|Audino, L50, F|
|poke|p1|Ditto, L50|
|poke|p2|Archaludon, L50, M|
|poke|p2|Pelipper, L50, M|
|poke|p2|Swampert, L50, M|
|poke|p2|Overqwil, L50, M|
|poke|p2|Scovillain, L50, F|
|poke|p2|Skarmory, L50, M|
|teampreview|4
|showteam|p1|Rotom-Heat||ExpertBelt|Levitate|Thunder,WillOWisp,SunnyDay,Overheat|Modest|||||50|]Charizard||CharizarditeY|SolarPower|WeatherBall,WillOWisp,Protect,ScorchingSands|Modest||F|||50|]Venusaur||LifeOrb|Chlorophyll|SolarBeam,SludgeWave,EarthPower,WeatherBall|Modest||M|||50|]Passimian||HeatRock|Receiver|Taunt,SunnyDay,Protect,CloseCombat|Jolly||F|||50|]Audino||Leftovers|Regenerator|HealPulse,Encore,Protect,Yawn|Calm||F|||50|]Ditto||ChoiceScarf|Imposter|Transform|Naive|||||50|
|showteam|p2|Archaludon||Leftovers|Stamina|ElectroShot,Protect,FlashCannon,DragonPulse|Modest||M|||50|]Pelipper||DampRock|Drizzle|Hurricane,WeatherBall,Tailwind,WideGuard|Timid||M|||50|]Swampert||Swampertite|Torrent|Liquidation,Earthquake,IcePunch,Protect|Adamant||M|||50|]Overqwil||FocusSash|Intimidate|GunkShot,Liquidation,AquaJet,Protect|Adamant||M|||50|]Scovillain||Scovillainite|Chlorophyll|RagePowder,Protect,HelpingHand,Overheat|Calm||F|||50|]Skarmory||ExpertBelt|Sturdy|IronHead,Protect,BraveBird,RockTomb|Adamant||M|||50|
|c|☆WoolHearted|My dog needs to go out, let me switch to my phone rq
|c|☆MazeLooper|ok dw i'm checking everything rn
|c|☆MazeLooper|take your time its fine
|c|☆WoolHearted|Ok I'm good
|c|☆MazeLooper|ok i'm gtg
|c|☆WoolHearted|Same
|
|t:|1784578248
|teamsize|p1|4
|teamsize|p2|4
|start
|switch|p1a: Charizard|Charizard, L50, F|100/100
|switch|p1b: Venusaur|Venusaur, L50, M|100/100
|switch|p2a: F-22 Raptor|Skarmory, L50, M|100/100
|switch|p2b: Thing 1 & Thing 2|Scovillain, L50, F|100/100
|turn|1
|
|t:|1784578300
|detailschange|p1a: Charizard|Charizard-Mega-Y, L50, F
|-mega|p1a: Charizard|Charizard|Charizardite Y
|-weather|SunnyDay|[from] ability: Drought|[of] p1a: Charizard
|detailschange|p2b: Thing 1 & Thing 2|Scovillain-Mega, L50, F
|-mega|p2b: Thing 1 & Thing 2|Scovillain|Scovillainite
|move|p2b: Thing 1 & Thing 2|Rage Powder|p2b: Thing 1 & Thing 2
|-singleturn|p2b: Thing 1 & Thing 2|move: Rage Powder
|move|p1b: Venusaur|Earth Power|p2b: Thing 1 & Thing 2
|-damage|p2b: Thing 1 & Thing 2|61/100
|-status|p1b: Venusaur|brn|[from] ability: Spicy Spray|[of] p2b: Thing 1 & Thing 2
|-damage|p1b: Venusaur|90/100 brn|[from] item: Life Orb
|move|p1a: Charizard|Weather Ball|p2b: Thing 1 & Thing 2
|-damage|p2b: Thing 1 & Thing 2|0 fnt
|-immune|p1a: Charizard
|faint|p2b: Thing 1 & Thing 2
|move|p2a: F-22 Raptor|Rock Tomb|p1a: Charizard|[miss]
|-miss|p2a: F-22 Raptor|p1a: Charizard
|
|-weather|SunnyDay|[upkeep]
|-damage|p1b: Venusaur|84/100 brn|[from] brn
|upkeep
|
|t:|1784578324
|switch|p2b: PEDs Man|Swampert, L50, M|100/100
|turn|2
|
|t:|1784578339
|move|p1a: Charizard|Protect|p1a: Charizard
|-singleturn|p1a: Charizard|Protect
|move|p1b: Venusaur|Solar Beam||[still]
|-prepare|p1b: Venusaur|Solar Beam
|-anim|p1b: Venusaur|Solar Beam|p2b: PEDs Man
|-supereffective|p2b: PEDs Man|2
|-damage|p2b: PEDs Man|0 fnt
|faint|p2b: PEDs Man
|-damage|p1b: Venusaur|75/100 brn|[from] item: Life Orb
|move|p2a: F-22 Raptor|Rock Tomb|p1a: Charizard
|-activate|p1a: Charizard|move: Protect
|
|-weather|SunnyDay|[upkeep]
|-damage|p1b: Venusaur|69/100 brn|[from] brn
|upkeep
|
|t:|1784578351
|switch|p2b: The TARDIS|Archaludon, L50, M|100/100
|turn|3
|
|t:|1784578358
|move|p2b: The TARDIS|Protect|p2b: The TARDIS
|-singleturn|p2b: The TARDIS|Protect
|move|p1b: Venusaur|Weather Ball|p2b: The TARDIS
|-activate|p2b: The TARDIS|move: Protect
|move|p1a: Charizard|Weather Ball|p2b: The TARDIS
|-activate|p2b: The TARDIS|move: Protect
|move|p2a: F-22 Raptor|Brave Bird|p1b: Venusaur
|-supereffective|p1b: Venusaur|1
|-damage|p1b: Venusaur|0 fnt
|faint|p1b: Venusaur
|-damage|p2a: F-22 Raptor|74/100|[from] Recoil
|
|-weather|SunnyDay|[upkeep]
|upkeep
|
|t:|1784578363
|switch|p1b: Rotom|Rotom-Heat, L50|100/100
|turn|4
|
|t:|1784578379
|move|p1a: Charizard|Weather Ball|p2a: F-22 Raptor
|-supereffective|p2a: F-22 Raptor|1
|-damage|p2a: F-22 Raptor|0 fnt
|faint|p2a: F-22 Raptor
|move|p1b: Rotom|Overheat|p2b: The TARDIS
|-damage|p2b: The TARDIS|3/100
|-unboost|p1b: Rotom|spa|2
|-ability|p2b: The TARDIS|Stamina|boost
|-boost|p2b: The TARDIS|def|1
|move|p2b: The TARDIS|Electro Shot||[still]
|-prepare|p2b: The TARDIS|Electro Shot
|-boost|p2b: The TARDIS|spa|1
|
|-weather|SunnyDay|[upkeep]
|-heal|p2b: The TARDIS|9/100|[from] item: Leftovers
|upkeep
|turn|5
|
|t:|1784578392
|move|p1a: Charizard|Scorching Sands|p2b: The TARDIS
|-supereffective|p2b: The TARDIS|1
|-damage|p2b: The TARDIS|0 fnt
|faint|p2b: The TARDIS
|
|win|WoolHearted
||MazeLooper is ready for game 2.
||WoolHearted is ready for game 2.
|uhtml|next|Next: Game 2 of 3
|l|☆MazeLooper
|player|p2|
|l|☆WoolHearted
|player|p1|
|j|☆MazeLooper
|player|p2|MazeLooper|170|
