|j|☆alkdfe
|j|☆JP the president
|html|alkdfeJP the president    
|uhtml|bestof|Game 2 of a best-of-3
|t:|1784595252
|gametype|doubles
|player|p1|alkdfe|elesa|1167
|player|p2|JP the president|steven|1166
|gen|9
|tier|[Gen 9 Champions] VGC 2026 Reg M-B (Bo3)
|rated|
|rule|Species Clause: Limit one of each Pokémon
|rule|Item Clause: Limit 1 of each item
|clearpoke
|poke|p1|Gengar, L50, F|
|poke|p1|Swampert, L50, F|
|poke|p1|Incineroar, L50, F|
|poke|p1|Politoed, L50, M|
|poke|p1|Archaludon, L50, F|
|poke|p1|Vivillon, L50, M|
|poke|p2|Sableye, L50, M, shiny|
|poke|p2|Incineroar, L50, M, shiny|
|poke|p2|Blastoise, L50, M, shiny|
|poke|p2|Charizard, L50, M, shiny|
|poke|p2|Venusaur, L50, M, shiny|
|poke|p2|Garchomp, L50, M|
|teampreview|4
|showteam|p1|Gengar||Gengarite|CursedBody|ShadowBall,PerishSong,SludgeBomb,Protect|Timid||F|||50|]Swampert||Swampertite|Torrent|WaveCrash,Earthquake,IcePunch,Protect|Adamant||F|||50|]Incineroar||PasshoBerry|Intimidate|ThroatChop,PartingShot,FakeOut,Protect|Sassy||F|||50|]Politoed||SitrusBerry|Drizzle|WeatherBall,PerishSong,Encore,Protect|Calm||M|||50|]Archaludon||Leftovers|Stamina|DragonPulse,FlashCannon,ElectroShot,Protect|Bold||F|||50|]Vivillon||FocusSash|CompoundEyes|Hurricane,SleepPowder,RagePowder,Protect|Timid||M|||50|
|showteam|p2|Sableye||FocusSash|Prankster|ThunderWave,Disable,Encore,Quash|Calm||M|||50|]Incineroar||SitrusBerry|Intimidate|FakeOut,FlareBlitz,PartingShot,Protect|Careful||M|||50|]Blastoise||Blastoisinite|Torrent|DarkPulse,Protect,ShellSmash,WaterSpout|Rash||M|||50|]Charizard||CharizarditeY|SolarPower|HeatWave,AncientPower,Protect,SolarBeam|Hasty||M|||50|]Venusaur||Leftovers|Chlorophyll|LeechSeed,SludgeBomb,SleepPowder,Protect|Modest||M|||50|]Garchomp||LifeOrb|RoughSkin|Earthquake,Protect,RockSlide,DragonClaw|Jolly||M|||50|
|inactive|Battle timer is ON: inactive players will automatically lose when time's up. (requested by alkdfe)
|inactive|alkdfe has 60 seconds left.
|
|t:|1784595294
|teamsize|p1|4
|teamsize|p2|4
|start
|switch|p1a: Vivillon|Vivillon, L50, M|100/100
|switch|p1b: Swampert|Swampert, L50, F|100/100
|switch|p2a: Garchomp|Garchomp, L50, M|100/100
|switch|p2b: Blastoise|Blastoise, L50, M, shiny|100/100
|turn|1
|inactive|JP the president has 30 seconds left.
|inactive|JP the president has 20 seconds left.
|inactive|JP the president has 15 seconds left.
|
|t:|1784595336
|detailschange|p2b: Blastoise|Blastoise-Mega, L50, M, shiny
|-mega|p2b: Blastoise|Blastoise|Blastoisinite
|detailschange|p1b: Swampert|Swampert-Mega, L50, F
|-mega|p1b: Swampert|Swampert|Swampertite
|move|p2a: Garchomp|Rock Slide|p1a: Vivillon|[spread] p1a,p1b
|-supereffective|p1a: Vivillon|2
|-resisted|p1b: Swampert|1
|-enditem|p1a: Vivillon|Focus Sash
|-damage|p1a: Vivillon|1/100
|-damage|p1b: Swampert|88/100
|-damage|p2a: Garchomp|90/100|[from] item: Life Orb
|move|p1a: Vivillon|Sleep Powder|p2b: Blastoise
|-status|p2b: Blastoise|slp|[from] move: Sleep Powder
|move|p1b: Swampert|Ice Punch|p2a: Garchomp
|-supereffective|p2a: Garchomp|2
|-damage|p2a: Garchomp|0 fnt
|-damage|p1b: Swampert|76/100|[from] ability: Rough Skin|[of] p2a: Garchomp
|faint|p2a: Garchomp
|cant|p2b: Blastoise|slp
|
|upkeep
|
|t:|1784595358
|switch|p2a: Venusaur|Venusaur, L50, M, shiny|100/100
|turn|2
|
|t:|1784595382
|move|p1b: Swampert|Protect|p1b: Swampert
|-singleturn|p1b: Swampert|Protect
|move|p1a: Vivillon|Hurricane|p2a: Venusaur
|-supereffective|p2a: Venusaur|1
|-damage|p2a: Venusaur|0 fnt
|faint|p2a: Venusaur
|cant|p2b: Blastoise|slp
|
|upkeep
|
|t:|1784595393
|switch|p2a: Lizardo|Charizard, L50, M, shiny|100/100
|turn|3
|inactive|alkdfe has 30 seconds left.
|inactive|alkdfe has 20 seconds left.
|inactive|alkdfe has 15 seconds left.
|
|t:|1784595434
|switch|p1a: Politoed|Politoed, L50, M|100/100
|-weather|RainDance|[from] ability: Drizzle|[of] p1a: Politoed
|move|p2a: Lizardo|Protect|p2a: Lizardo
|-singleturn|p2a: Lizardo|Protect
|move|p1b: Swampert|Earthquake|p2b: Blastoise|[spread] p1a,p2b
|-activate|p2a: Lizardo|move: Protect
|-damage|p1a: Politoed|55/100
|-damage|p2b: Blastoise|56/100 slp
|-curestatus|p2b: Blastoise|slp|[msg]
|move|p2b: Blastoise|Shell Smash|p2b: Blastoise
|-unboost|p2b: Blastoise|def|1
|-unboost|p2b: Blastoise|spd|1
|-boost|p2b: Blastoise|atk|2
|-boost|p2b: Blastoise|spa|2
|-boost|p2b: Blastoise|spe|2
|
|-weather|RainDance|[upkeep]
|upkeep
|turn|4
|inactive|JP the president has 30 seconds left.
|
|t:|1784595467
|switch|p1b: Archaludon|Archaludon, L50, F|100/100
|move|p2b: Blastoise|Dark Pulse|p1b: Archaludon
|-crit|p1b: Archaludon
|-damage|p1b: Archaludon|0 fnt
|faint|p1b: Archaludon
|move|p2a: Lizardo|Heat Wave|p1a: Politoed
|-resisted|p1a: Politoed|1
|-damage|p1a: Politoed|48/100
|-enditem|p1a: Politoed|Sitrus Berry|[eat]
|-heal|p1a: Politoed|73/100|[from] item: Sitrus Berry
|move|p1a: Politoed|Perish Song|p1a: Politoed
|-start|p1a: Politoed|perish3|[silent]
|-start|p2a: Lizardo|perish3|[silent]
|-start|p2b: Blastoise|perish3|[silent]
|-fieldactivate|move: Perish Song
|
|-weather|RainDance|[upkeep]
|-start|p2b: Blastoise|perish3
|-start|p2a: Lizardo|perish3
|-start|p1a: Politoed|perish3
|upkeep
|
|t:|1784595486
|switch|p1b: Vivillon|Vivillon, L50, M|1/100
|turn|5
|
|t:|1784595495
|move|p1b: Vivillon|Protect|p1b: Vivillon
|-singleturn|p1b: Vivillon|Protect
|move|p1a: Politoed|Protect|p1a: Politoed
|-singleturn|p1a: Politoed|Protect
|move|p2b: Blastoise|Shell Smash|p2b: Blastoise
|-unboost|p2b: Blastoise|def|1
|-unboost|p2b: Blastoise|spd|1
|-boost|p2b: Blastoise|atk|2
|-boost|p2b: Blastoise|spa|2
|-boost|p2b: Blastoise|spe|2
|move|p2a: Lizardo|Heat Wave|p1a: Politoed|[spread] 
|-activate|p1a: Politoed|move: Protect
|-activate|p1b: Vivillon|move: Protect
|
|-weather|RainDance|[upkeep]
|-start|p2b: Blastoise|perish2
|-start|p2a: Lizardo|perish2
|-start|p1a: Politoed|perish2
|upkeep
|turn|6
|
|t:|1784595520
|move|p1b: Vivillon|Rage Powder|p1b: Vivillon
|-singleturn|p1b: Vivillon|move: Rage Powder
|move|p2b: Blastoise|Dark Pulse|p1b: Vivillon
|-damage|p1b: Vivillon|0 fnt
|faint|p1b: Vivillon
|move|p2a: Lizardo|Ancient Power|p1a: Politoed
|-damage|p1a: Politoed|58/100
|move|p1a: Politoed|Encore|p2b: Blastoise
|-start|p2b: Blastoise|Encore
|
|-weather|RainDance|[upkeep]
|-start|p2b: Blastoise|perish1
|-start|p2a: Lizardo|perish1
|-start|p1a: Politoed|perish1
|upkeep
|
|t:|1784595533
|switch|p1b: Swampert|Swampert-Mega, L50, F|76/100
|turn|7
|inactive|JP the president has 30 seconds left.
|
|t:|1784595558
|move|p1b: Swampert|Protect|p1b: Swampert
|-singleturn|p1b: Swampert|Protect
|move|p1a: Politoed|Protect|p1a: Politoed
|-singleturn|p1a: Politoed|Protect
|move|p2b: Blastoise|Dark Pulse|p1b: Swampert
|-activate|p1b: Swampert|move: Protect
|move|p2a: Lizardo|Heat Wave|p1a: Politoed|[spread] 
|-activate|p1a: Politoed|move: Protect
|-activate|p1b: Swampert|move: Protect
|
|-weather|none
|-start|p2b: Blastoise|perish0
|-start|p2a: Lizardo|perish0
|-start|p1a: Politoed|perish0
|faint|p2b: Blastoise
|faint|p2a: Lizardo
|faint|p1a: Politoed
|
|win|alkdfe
||alkdfe is ready for game 3.
||JP the president is ready for game 3.
|uhtml|next|Next: Game 3 of 3
|l|☆JP the president
|player|p2|
