|j|☆red1998poke
|j|☆vaishnav2050
|html|red1998pokevaishnav2050    
|uhtml|bestof|Game 1 of a best-of-3
|t:|1784400039
|gametype|doubles
|player|p1|red1998poke|169|1000
|player|p2|vaishnav2050|2|1000
|gen|9
|tier|[Gen 9 Champions] VGC 2026 Reg M-B (Bo3)
|rated|
|rule|Species Clause: Limit one of each Pokémon
|rule|Item Clause: Limit 1 of each item
|clearpoke
|poke|p1|Sneasler, L50, M|
|poke|p1|Espathra, L50, M|
|poke|p1|Basculegion, L50, M|
|poke|p1|Pelipper, L50, F|
|poke|p1|Swampert, L50, F|
|poke|p1|Scovillain, L50, F|
|poke|p2|Whimsicott, L50, M|
|poke|p2|Incineroar, L50, M|
|poke|p2|Dragapult, L50, F|
|poke|p2|Metagross, L50|
|poke|p2|Meowscarada, L50, M|
|poke|p2|Blaziken, L50, F|
|teampreview|4
|showteam|p1|Sneasler||PayapaBerry|PoisonTouch|FakeOut,Coaching,GunkShot,CloseCombat|Jolly||M|||50|]Espathra||FocusSash|SpeedBoost|CalmMind,BatonPass,LuminaCrash,Protect|Serious||M|||50|]Basculegion||ChoiceScarf|Adaptability|WaveCrash,AquaJet,LastRespects,FlipTurn|Adamant||M|||50|]Pelipper||DampRock|Drizzle|RainDance,Hurricane,WeatherBall,Protect|Bold||F|||50|]Swampert||Swampertite|Damp|Protect,WaveCrash,IcePunch,HighHorsepower|Adamant||F|||50|]Scovillain||Scovillainite|Moody|Protect,Flamethrower,GigaDrain,LeechSeed|Calm||F|||50|
|showteam|p2|Whimsicott||FocusSash|Prankster|Moonblast,Tailwind,Encore,Protect|Timid||M|||50|]Incineroar||SitrusBerry|Intimidate|FlareBlitz,FakeOut,PartingShot,ThroatChop|Careful||M|||50|]Dragapult||LifeOrb|ClearBody|DragonDarts,PhantomForce,PsychicFangs,Protect|Jolly||F|||50|]Metagross||Metagrossite|ClearBody|PsychicFangs,Protect,IronHead,BodyPress|Jolly|||||50|]Meowscarada||ChoiceScarf|Protean|FlowerTrick,TripleAxel,KnockOff,Uturn|Jolly||M|||50|]Blaziken||Blazikenite|SpeedBoost|CloseCombat,FlareBlitz,RockSlide,Detect|Adamant||F|||50|
|
|t:|1784400079
|teamsize|p1|4
|teamsize|p2|4
|start
|switch|p1a: Espathra|Espathra, L50, M|100/100
|switch|p1b: Sneasler|Sneasler, L50, M|100/100
|switch|p2a: Whimsicott|Whimsicott, L50, M|100/100
|switch|p2b: Meowscarada|Meowscarada, L50, M|100/100
|turn|1
|
|t:|1784400115
|move|p2a: Whimsicott|Tailwind|p2a: Whimsicott
|-sidestart|p2: vaishnav2050|move: Tailwind
|move|p2b: Meowscarada|Knock Off|p1a: Espathra
|-start|p2b: Meowscarada|typechange|Dark|[from] ability: Protean
|-supereffective|p1a: Espathra|1
|-crit|p1a: Espathra
|-enditem|p1a: Espathra|Focus Sash
|-damage|p1a: Espathra|1/100
|move|p1b: Sneasler|Gunk Shot|p2a: Whimsicott
|-supereffective|p2a: Whimsicott|2
|-enditem|p2a: Whimsicott|Focus Sash
|-damage|p2a: Whimsicott|1/100
|-status|p2a: Whimsicott|psn
|move|p1a: Espathra|Calm Mind|p1a: Espathra
|-boost|p1a: Espathra|spa|1
|-boost|p1a: Espathra|spd|1
|
|-damage|p2a: Whimsicott|0 fnt|[from] psn
|faint|p2a: Whimsicott
|-ability|p1a: Espathra|Speed Boost|boost
|-boost|p1a: Espathra|spe|1
|upkeep
|inactive|Battle timer is ON: inactive players will automatically lose when time's up. (requested by vaishnav2050)
|
|t:|1784400141
|switch|p2a: Dragapult|Dragapult, L50, F|100/100
|turn|2
|
|t:|1784400164
|switch|p2b: Blaziken|Blaziken, L50, F|100/100
|move|p1a: Espathra|Protect|p1a: Espathra
|-singleturn|p1a: Espathra|Protect
|move|p2a: Dragapult|Dragon Darts|p1b: Sneasler
|-damage|p1b: Sneasler|44/100
|-anim|p2a: Dragapult|Dragon Darts|p1b: Sneasler
|-damage|p1b: Sneasler|0 fnt
|faint|p1b: Sneasler
|-damage|p2a: Dragapult|90/100|[from] item: Life Orb
|
|-ability|p1a: Espathra|Speed Boost|boost
|-boost|p1a: Espathra|spe|1
|upkeep
|
|t:|1784400177
|switch|p1b: Basculegion|Basculegion, L50, M|100/100
|turn|3
|
|t:|1784400194
|detailschange|p2b: Blaziken|Blaziken-Mega, L50, F
|-mega|p2b: Blaziken|Blaziken|Blazikenite
|move|p2b: Blaziken|Detect|p2b: Blaziken
|-singleturn|p2b: Blaziken|Protect
|move|p2a: Dragapult|Dragon Darts|p1a: Espathra
|-damage|p1a: Espathra|0 fnt
|-anim|p2a: Dragapult|Dragon Darts|p1b: Basculegion
|-damage|p1b: Basculegion|55/100
|faint|p1a: Espathra
|-damage|p2a: Dragapult|80/100|[from] item: Life Orb
|move|p1b: Basculegion|Last Respects|p2a: Dragapult
|-supereffective|p2a: Dragapult|1
|-damage|p2a: Dragapult|0 fnt
|faint|p2a: Dragapult
|
|-ability|p2b: Blaziken|Speed Boost|boost
|-boost|p2b: Blaziken|spe|1
|upkeep
|
|t:|1784400209
|switch|p2a: Meowscarada|Meowscarada, L50, M|100/100
|switch|p1a: Scovillain|Scovillain, L50, F|100/100
|turn|4
|inactive|vaishnav2050 has 30 seconds left.
|inactive|vaishnav2050 has 20 seconds left.
|inactive|vaishnav2050 has 15 seconds left.
|inactive|vaishnav2050 has 10 seconds left.
|inactive|vaishnav2050 has 5 seconds left.
|
|t:|1784400263
|detailschange|p1a: Scovillain|Scovillain-Mega, L50, F
|-mega|p1a: Scovillain|Scovillain|Scovillainite
|move|p2a: Meowscarada|Knock Off|p1a: Scovillain
|-start|p2a: Meowscarada|typechange|Dark|[from] ability: Protean
|-damage|p1a: Scovillain|64/100
|-status|p2a: Meowscarada|brn|[from] ability: Spicy Spray|[of] p1a: Scovillain
|move|p2b: Blaziken|Rock Slide|p1b: Basculegion|[spread] p1a,p1b
|-supereffective|p1a: Scovillain|1
|-damage|p1a: Scovillain|5/100
|-damage|p1b: Basculegion|25/100
|-immune|p2b: Blaziken
|move|p1b: Basculegion|Last Respects|p2b: Blaziken
|-damage|p2b: Blaziken|0 fnt
|faint|p2b: Blaziken
|move|p1a: Scovillain|Flamethrower|p2a: Meowscarada
|-damage|p2a: Meowscarada|39/100 brn
|
|-damage|p2a: Meowscarada|33/100 brn|[from] brn
|-sideend|p2: vaishnav2050|move: Tailwind
|upkeep
|turn|5
|inactive|red1998poke has 30 seconds left.
|
|t:|1784400289
|move|p2a: Meowscarada|Knock Off|p1b: Basculegion
|-supereffective|p1b: Basculegion|1
|-damage|p1b: Basculegion|0 fnt
|-enditem|p1b: Basculegion|Choice Scarf|[from] move: Knock Off|[of] p2a: Meowscarada
|faint|p1b: Basculegion
|move|p1a: Scovillain|Flamethrower|p2a: Meowscarada
|-damage|p2a: Meowscarada|0 fnt
|faint|p2a: Meowscarada
|
|win|red1998poke
|l|☆vaishnav2050
|player|p2|
|inactive|red1998poke has 30 seconds to confirm battle start!
|inactive|vaishnav2050 has 30 seconds to confirm battle start!
||vaishnav2050 is ready for game 2.
|inactive|red1998poke has 20 seconds to confirm battle start!
