|j|☆ladderingwithcalys
|j|☆Qicide
|html|ladderingwithcalysQicide    
|uhtml|bestof|Game 1 of a best-of-3
|t:|1757085246
|gametype|doubles
|player|p1|ladderingwithcalys|170|1256
|player|p2|Qicide|red|1255
|gen|9
|tier|[Gen 9] VGC 2025 Reg H (Bo3)
|rated|
|rule|Species Clause: Limit one of each Pokémon
|rule|Item Clause: Limit 1 of each item
|clearpoke
|poke|p1|Archaludon, L50, F|
|poke|p1|Pelipper, L50, M|
|poke|p1|Kingdra, L50, F|
|poke|p1|Toedscruel, L50, M|
|poke|p1|Comfey, L50, F|
|poke|p1|Weezing-Galar, L50, F|
|poke|p2|Porygon2, L50|
|poke|p2|Incineroar, L50, M|
|poke|p2|Ursaluna, L50, M|
|poke|p2|Jumpluff, L50, M|
|poke|p2|Charizard, L50, M|
|poke|p2|Torkoal, L50, M|
|teampreview|4
|showteam|p1|Archaludon||AssaultVest|Stamina|ElectroShot,BodyPress,FlashCannon,Snarl|||F|||50|,,,,,Grass]Pelipper||ChoiceScarf|Drizzle|Tailwind,Hurricane,WeatherBall,Uturn|||M|||50|,,,,,Ghost]Kingdra||LifeOrb|SwiftSwim|Protect,WeatherBall,DracoMeteor,Surf|||F|||50|,,,,,Stellar]Toedscruel||CovertCloak|MyceliumMight|Spore,EarthPower,BulletSeed,Protect|||M|||50|,,,,,Water]Comfey||SafetyGoggles|Triage|DrainingKiss,FloralHealing,LightScreen,Protect|||F|||50|,,,,,Steel]Weezing-Galar||SitrusBerry|NeutralizingGas|Protect,SludgeBomb,Taunt,DazzlingGleam|||F|||50|,,,,,Ghost
|showteam|p2|Porygon2||Eviolite|Download|TeraBlast,IceBeam,TrickRoom,Recover||||||50|,,,,,Fighting]Incineroar||SitrusBerry|Intimidate|FakeOut,KnockOff,FlareBlitz,PartingShot|||M|||50|,,,,,Ghost]Ursaluna||FlameOrb|Guts|HeadlongRush,Facade,Earthquake,Protect|||M|||50|,,,,,Ghost]Jumpluff||CovertCloak|Chlorophyll|RagePowder,SunnyDay,Tailwind,SleepPowder|||M|||50|,,,,,Water]Charizard||ChoiceSpecs|SolarPower|HeatWave,Overheat,WeatherBall,SolarBeam|||M|||50|,,,,,Ghost]Torkoal||EjectPack|Drought|Overheat,Eruption,HelpingHand,Protect|||M|||50|,,,,,Fire
|inactive|Battle timer is ON: inactive players will automatically lose when time's up. (requested by Qicide)
|
|t:|1757085275
|teamsize|p1|4
|teamsize|p2|4
|start
|switch|p1a: Kingdra|Kingdra, L50, F, shiny|100/100
|switch|p1b: Archaludon|Archaludon, L50, F|100/100
|switch|p2a: Porygon2|Porygon2, L50, shiny|100/100
|switch|p2b: Incineroar|Incineroar, L50, M|100/100
|-ability|p2b: Incineroar|Intimidate|boost
|-unboost|p1a: Kingdra|atk|1
|-unboost|p1b: Archaludon|atk|1
|-ability|p2a: Porygon2|Download|boost
|-boost|p2a: Porygon2|spa|1
|turn|1
|
|t:|1757085291
|move|p1a: Kingdra|Surf|p2b: Incineroar|[spread] p1b,p2a,p2b
|-resisted|p1b: Archaludon
|-supereffective|p2b: Incineroar
|-damage|p1b: Archaludon|89/100
|-damage|p2a: Porygon2|74/100
|-damage|p2b: Incineroar|30/100
|-ability|p1b: Archaludon|Stamina|boost
|-boost|p1b: Archaludon|def|1
|-enditem|p2b: Incineroar|Sitrus Berry|[eat]
|-heal|p2b: Incineroar|54/100|[from] item: Sitrus Berry
|-damage|p1a: Kingdra|91/100|[from] item: Life Orb
|move|p1b: Archaludon|Snarl|p2a: Porygon2|[spread] p2a,p2b
|-resisted|p2b: Incineroar
|-damage|p2a: Porygon2|66/100
|-damage|p2b: Incineroar|49/100
|-unboost|p2a: Porygon2|spa|1
|-unboost|p2b: Incineroar|spa|1
|move|p2b: Incineroar|Parting Shot|p1b: Archaludon
|-unboost|p1b: Archaludon|atk|1
|-unboost|p1b: Archaludon|spa|1
|
|t:|1757085303
|switch|p2b: Ursaluna|Ursaluna, L50, M|100/100|[from] Parting Shot
|move|p2a: Porygon2|Trick Room|p2a: Porygon2
|-fieldstart|move: Trick Room|[of] p2a: Porygon2
|
|-status|p2b: Ursaluna|brn|[from] item: Flame Orb
|upkeep
|turn|2
|inactive|ladderingwithcalys has 30 seconds left.
|inactive|Qicide has 30 seconds left.
|
|t:|1757085340
|move|p2a: Porygon2|Ice Beam|p1b: Archaludon
|-damage|p1b: Archaludon|72/100
|-ability|p1b: Archaludon|Stamina|boost
|-boost|p1b: Archaludon|def|1
|move|p2b: Ursaluna|Earthquake|p1b: Archaludon|[spread] p2a,p1a,p1b
|-supereffective|p1b: Archaludon
|-damage|p2a: Porygon2|20/100
|-damage|p1a: Kingdra|20/100
|-damage|p1b: Archaludon|22/100
|-ability|p1b: Archaludon|Stamina|boost
|-boost|p1b: Archaludon|def|1
|move|p1b: Archaludon|Body Press|p2a: Porygon2
|-supereffective|p2a: Porygon2
|-damage|p2a: Porygon2|0 fnt
|faint|p2a: Porygon2
|move|p1a: Kingdra|Surf|p2b: Ursaluna|[spread] p1b,p2b
|-resisted|p1b: Archaludon
|-supereffective|p2b: Ursaluna
|-damage|p1b: Archaludon|10/100
|-damage|p2b: Ursaluna|20/100 brn
|-ability|p1b: Archaludon|Stamina|boost
|-boost|p1b: Archaludon|def|1
|-damage|p1a: Kingdra|11/100|[from] item: Life Orb
|
|-damage|p2b: Ursaluna|14/100 brn|[from] brn
|upkeep
|
|t:|1757085351
|switch|p2a: Torkoal|Torkoal, L50, M|100/100
|-weather|SunnyDay|[from] ability: Drought|[of] p2a: Torkoal
|turn|3
|inactive|ladderingwithcalys has 30 seconds left.
|inactive|ladderingwithcalys has 20 seconds left.
|
|t:|1757085391
|switch|p1b: Pelipper|Pelipper, L50, M|100/100
|-weather|RainDance|[from] ability: Drizzle|[of] p1b: Pelipper
|move|p1a: Kingdra|Protect|p1a: Kingdra
|-singleturn|p1a: Kingdra|Protect
|move|p2a: Torkoal|Eruption|p1a: Kingdra|[spread] p1b
|-activate|p1a: Kingdra|move: Protect
|-resisted|p1b: Pelipper
|-damage|p1b: Pelipper|81/100
|move|p2b: Ursaluna|Facade|p1a: Kingdra
|-activate|p1a: Kingdra|move: Protect
|
|-weather|RainDance|[upkeep]
|-damage|p2b: Ursaluna|9/100 brn|[from] brn
|upkeep
|turn|4
|
|t:|1757085406
|move|p2a: Torkoal|Overheat|p1a: Kingdra
|-resisted|p1a: Kingdra
|-damage|p1a: Kingdra|3/100
|-unboost|p2a: Torkoal|spa|2
|-enditem|p2a: Torkoal|Eject Pack
|
|t:|1757085411
|switch|p2a: Incineroar|Incineroar, L50, M|49/100
|-ability|p2a: Incineroar|Intimidate|boost
|-unboost|p1a: Kingdra|atk|1
|-unboost|p1b: Pelipper|atk|1
|move|p2b: Ursaluna|Facade|p1b: Pelipper
|-damage|p1b: Pelipper|0 fnt
|faint|p1b: Pelipper
|move|p1a: Kingdra|Surf|p2a: Incineroar|[spread] p2a,p2b
|-supereffective|p2a: Incineroar
|-supereffective|p2b: Ursaluna
|-damage|p2a: Incineroar|0 fnt
|-damage|p2b: Ursaluna|0 fnt
|faint|p2a: Incineroar
|faint|p2b: Ursaluna
|-damage|p1a: Kingdra|0 fnt|[from] item: Life Orb
|faint|p1a: Kingdra
|
|-weather|RainDance|[upkeep]
|upkeep
|
|t:|1757085424
|switch|p2b: Torkoal|Torkoal, L50, M|100/100
|switch|p1a: Comfey|Comfey, L50, F|100/100
|switch|p1b: Archaludon|Archaludon, L50, F|10/100
|-weather|SunnyDay|[from] ability: Drought|[of] p2b: Torkoal
|turn|5
|
|t:|1757085436
|-terastallize|p2b: Torkoal|Fire
|move|p1a: Comfey|Floral Healing|p1b: Archaludon
|-heal|p1b: Archaludon|60/100
|move|p2b: Torkoal|Eruption|p1b: Archaludon|[spread] p1a,p1b
|-damage|p1a: Comfey|14/100
|-damage|p1b: Archaludon|0 fnt
|faint|p1b: Archaludon
|
|-weather|SunnyDay|[upkeep]
|-fieldend|move: Trick Room
|upkeep
|turn|6
|
|t:|1757085444
|move|p1a: Comfey|Draining Kiss|p2b: Torkoal
|-resisted|p2b: Torkoal
|-damage|p2b: Torkoal|90/100
|-heal|p1a: Comfey|23/100|[from] drain|[of] p2b: Torkoal
|move|p2b: Torkoal|Eruption|p1a: Comfey
|-damage|p1a: Comfey|0 fnt
|faint|p1a: Comfey
|
|win|Qicide
