|j|☆L7egend
|j|☆marillrag1
|html|L7egendmarillrag1    
|uhtml|bestof|Game 1 of a best-of-3
|t:|1785473098
|gametype|doubles
|player|p1|L7egend|169|1166
|player|p2|marillrag1|170|1307
|gen|9
|tier|[Gen 9 Champions] VGC 2026 Reg M-B (Bo3)
|rated|
|rule|Species Clause: Limit one of each Pokémon
|rule|Item Clause: Limit 1 of each item
|clearpoke
|poke|p1|Clefable, L50, M|
|poke|p1|Gholdengo, L50|
|poke|p1|Kommo-o, L50, F|
|poke|p1|Volcarona, L50, F|
|poke|p1|Glimmora, L50, M|
|poke|p1|Hydreigon, L50, M|
|poke|p2|Charizard, L50, F|
|poke|p2|Kingambit, L50, F|
|poke|p2|Whimsicott, L50, M|
|poke|p2|Ninetales-Alola, L50, M|
|poke|p2|Kommo-o, L50, M|
|poke|p2|Glimmora, L50, M|
|teampreview|4
|showteam|p1|Clefable||Clefablite|Unaware|Protect,FollowMe,Thunderbolt,Moonblast|Modest||M|||50|]Gholdengo||SpellTag|GoodasGold|Protect,NastyPlot,ShadowBall,MakeItRain|Modest|||||50|]Kommo-o||LifeOrb|Overcoat|Protect,ClangingScales,VacuumWave,AuraSphere|Modest||F|||50|]Volcarona||FocusSash|FlameBody|Tailwind,RagePowder,StruggleBug,Overheat|Bold||F|||50|]Glimmora||Glimmoranite|ToxicDebris|SpikyShield,PowerGem,SludgeBomb,EarthPower|Modest||M|||50|]Hydreigon||ChoiceScarf|Levitate|Snarl,DarkPulse,DracoMeteor,EarthPower|Modest||M|||50|
|showteam|p2|Charizard||CharizarditeY|Blaze|Protect,HeatWave,SolarBeam,WeatherBall|Modest||F|||50|]Kingambit||BlackGlasses|Defiant|Protect,KowtowCleave,IronHead,SuckerPunch|Adamant||F|||50|]Whimsicott||FocusSash|Prankster|Protect,Moonblast,Tailwind,Encore|Timid||M|||50|]Ninetales-Alola||NeverMeltIce|SnowWarning|Protect,Blizzard,Disable,FreezeDry|Timid||M|||50|]Kommo-o||LifeOrb|Overcoat|Protect,AuraSphere,ClangingScales,VacuumWave|Modest||M|||50|]Glimmora||Glimmoranite|ToxicDebris|SpikyShield,SludgeBomb,PowerGem,EarthPower|Modest||M|||50|
|
|t:|1785473176
|teamsize|p1|4
|teamsize|p2|4
|start
|switch|p1a: Volcarona|Volcarona, L50, F|100/100
|switch|p1b: Glimmora|Glimmora, L50, M|100/100
|switch|p2a: Whimsicott|Whimsicott, L50, M|100/100
|switch|p2b: Charizard|Charizard, L50, F|100/100
|turn|1
|inactive|Battle timer is ON: inactive players will automatically lose when time's up. (requested by marillrag1)
|
|t:|1785473191
|detailschange|p2b: Charizard|Charizard-Mega-Y, L50, F
|-mega|p2b: Charizard|Charizard|Charizardite Y
|-weather|SunnyDay|[from] ability: Drought|[of] p2b: Charizard
|detailschange|p1b: Glimmora|Glimmora-Mega, L50, M
|-mega|p1b: Glimmora|Glimmora|Glimmoranite
|move|p2a: Whimsicott|Tailwind|p2a: Whimsicott
|-sidestart|p2: marillrag1|move: Tailwind
|move|p2b: Charizard|Heat Wave|p1b: Glimmora|[spread] p1a,p1b
|-resisted|p1b: Glimmora|1
|-damage|p1a: Volcarona|39/100
|-damage|p1b: Glimmora|66/100
|move|p1b: Glimmora|Sludge Bomb|p2a: Whimsicott
|-supereffective|p2a: Whimsicott|2
|-enditem|p2a: Whimsicott|Focus Sash
|-damage|p2a: Whimsicott|1/100
|-status|p2a: Whimsicott|psn
|move|p1a: Volcarona|Tailwind|p1a: Volcarona
|-sidestart|p1: L7egend|move: Tailwind
|
|-weather|SunnyDay|[upkeep]
|-damage|p2a: Whimsicott|0 fnt|[from] psn
|faint|p2a: Whimsicott
|upkeep
|inactive|marillrag1 has 30 seconds left.
|inactive|marillrag1 has 20 seconds left.
|
|t:|1785473226
|switch|p2a: Kingambit|Kingambit, L50, F|100/100
|turn|2
|inactive|L7egend has 30 seconds left.
|
|t:|1785473256
|switch|p2b: Glimmora|Glimmora, L50, M|100/100
|move|p1a: Volcarona|Rage Powder|p1a: Volcarona
|-singleturn|p1a: Volcarona|move: Rage Powder
|move|p2a: Kingambit|Sucker Punch||[still]
|-fail|p2a: Kingambit
|move|p1b: Glimmora|Power Gem|p2b: Glimmora
|-damage|p2b: Glimmora|17/100
|
|-weather|SunnyDay|[upkeep]
|upkeep
|turn|3
|inactive|L7egend has 30 seconds left.
|inactive|L7egend has 20 seconds left.
|inactive|L7egend has 15 seconds left.
|
|t:|1785473299
|move|p2a: Kingambit|Sucker Punch|p1a: Volcarona
|-damage|p1a: Volcarona|0 fnt
|-status|p2a: Kingambit|brn|[from] ability: Flame Body|[of] p1a: Volcarona
|faint|p1a: Volcarona
|move|p1b: Glimmora|Power Gem|p2b: Glimmora
|-damage|p2b: Glimmora|0 fnt
|faint|p2b: Glimmora
|
|-weather|SunnyDay|[upkeep]
|-damage|p2a: Kingambit|94/100 brn|[from] brn
|upkeep
|
|t:|1785473311
|switch|p1a: Hydreigon|Hydreigon, L50, M|100/100
|switch|p2b: Charizard|Charizard-Mega-Y, L50, F|100/100
|turn|4
|inactive|L7egend has 30 seconds left.
|inactive|L7egend has 20 seconds left.
|inactive|L7egend has 15 seconds left.
|
|t:|1785473354
|move|p2b: Charizard|Protect|p2b: Charizard
|-singleturn|p2b: Charizard|Protect
|move|p1a: Hydreigon|Dark Pulse|p2b: Charizard
|-activate|p2b: Charizard|move: Protect
|move|p1b: Glimmora|Earth Power|p2a: Kingambit
|-supereffective|p2a: Kingambit|1
|-damage|p2a: Kingambit|18/100 brn
|move|p2a: Kingambit|Iron Head|p1b: Glimmora
|-supereffective|p1b: Glimmora|1
|-crit|p1b: Glimmora
|-damage|p1b: Glimmora|0 fnt
|faint|p1b: Glimmora
|
|-weather|SunnyDay|[upkeep]
|-damage|p2a: Kingambit|13/100 brn|[from] brn
|-sideend|p1: L7egend|move: Tailwind
|-sideend|p2: marillrag1|move: Tailwind
|upkeep
|
|t:|1785473369
|switch|p1b: Gholdengo|Gholdengo, L50|100/100
|turn|5
|
|t:|1785473388
|move|p2a: Kingambit|Sucker Punch|p1b: Gholdengo
|-supereffective|p1b: Gholdengo|1
|-damage|p1b: Gholdengo|43/100
|move|p1a: Hydreigon|Dark Pulse|p2b: Charizard
|-damage|p2b: Charizard|58/100
|move|p2b: Charizard|Heat Wave|p1a: Hydreigon|[spread] p1a,p1b
|-resisted|p1a: Hydreigon|1
|-supereffective|p1b: Gholdengo|1
|-damage|p1a: Hydreigon|63/100
|-damage|p1b: Gholdengo|0 fnt
|faint|p1b: Gholdengo
|
|-weather|none
|-damage|p2a: Kingambit|7/100 brn|[from] brn
|upkeep
|turn|6
|
|t:|1785473406
|move|p1a: Hydreigon|Dark Pulse|p2b: Charizard
|-damage|p2b: Charizard|17/100
|cant|p2b: Charizard|flinch
|move|p2a: Kingambit|Kowtow Cleave|p1a: Hydreigon
|-resisted|p1a: Hydreigon|1
|-damage|p1a: Hydreigon|47/100
|
|-damage|p2a: Kingambit|1/100 brn|[from] brn
|upkeep
|turn|7
|
|t:|1785473421
|move|p1a: Hydreigon|Dark Pulse|p2b: Charizard
|-damage|p2b: Charizard|0 fnt
|faint|p2b: Charizard
|move|p2a: Kingambit|Kowtow Cleave|p1a: Hydreigon
|-resisted|p1a: Hydreigon|1
|-damage|p1a: Hydreigon|31/100
|
|-damage|p2a: Kingambit|0 fnt|[from] brn
|faint|p2a: Kingambit
|
|win|L7egend
||marillrag1 is ready for game 2.
|inactive|L7egend has 30 seconds to confirm battle start!
||L7egend is ready for game 2.
|uhtml|next|Next: Game 2 of 3
|l|☆L7egend
|player|p1|
