|j|☆sandy ghost 5
|j|☆hungry hillo
|html|sandy ghost 5hungry hillo    
|uhtml|bestof|Game 1 of a best-of-3
|t:|1756917660
|gametype|doubles
|player|p1|sandy ghost 5|baker|1235
|player|p2|hungry hillo|n|1134
|gen|9
|tier|[Gen 9] VGC 2025 Reg H (Bo3)
|rated|
|rule|Species Clause: Limit one of each Pokémon
|rule|Item Clause: Limit 1 of each item
|clearpoke
|poke|p1|Tyranitar, L50, F|
|poke|p1|Excadrill, L50, M|
|poke|p1|Sinistcha-Masterpiece, L50|
|poke|p1|Salamence, L50, F|
|poke|p1|Blaziken, L50, M|
|poke|p1|Bruxish, L50, M|
|poke|p2|Incineroar, L50, M|
|poke|p2|Kingambit, L50, F|
|poke|p2|Annihilape, L50, M|
|poke|p2|Electabuzz, L50, M|
|poke|p2|Ursaluna-Bloodmoon, L50, M|
|poke|p2|Rillaboom, L50, F|
|teampreview|4
|showteam|p1|Tyranitar||ClearAmulet|SandStream|RockSlide,KnockOff,DragonDance,Protect|||F|||50|,,,,,Grass]Excadrill||AssaultVest|SandRush|Earthquake,IronHead,HighHorsepower,RockSlide|||M|||50|,,,,,Ghost]Sinistcha-Masterpiece||SitrusBerry|Hospitality|ShadowBall,MatchaGotcha,RagePowder,Protect||||||50|,,,,,Dark]Salamence||LifeOrb|Intimidate|DracoMeteor,AirSlash,Protect,Tailwind|||F|||50|,,,,,Ghost]Blaziken||CovertCloak|SpeedBoost|AuraSphere,HeatWave,Coaching,WillOWisp|||M|||50|,,,,,Dragon]Bruxish||ChoiceScarf|Dazzling|PsychicFangs,FlipTurn,WaveCrash,SuperFang|||M|||50|,,,,,Water
|showteam|p2|Incineroar||MirrorHerb|Intimidate|FakeOut,KnockOff,PartingShot,FlareBlitz|||M|||50|,,,,,Bug]Kingambit||BlackGlasses|Defiant|SuckerPunch,KowtowCleave,SwordsDance,Protect|||F|||50|,,,,,Dark]Annihilape||SafetyGoggles|Defiant|BulkUp,DrainPunch,RageFist,Protect|||M|||50|,,,,,Fire]Electabuzz||Eviolite|VitalSpirit|Electroweb,FollowMe,Taunt,Protect|||M|||50|,,,,,Ghost]Ursaluna-Bloodmoon||LifeOrb|MindsEye|EarthPower,BloodMoon,HyperVoice,Protect|||M|||50|,,,,,Normal]Rillaboom||AssaultVest|GrassySurge|FakeOut,GrassyGlide,WoodHammer,Uturn|||F|||50|,,,,,Water
|
|t:|1756917711
|teamsize|p1|4
|teamsize|p2|4
|start
|switch|p1a: Blaziken|Blaziken, L50, M|100/100
|switch|p1b: Excadrill|Excadrill, L50, M|100/100
|switch|p2a: Garfield|Incineroar, L50, M|100/100
|switch|p2b: Shang chi|Kingambit, L50, F, shiny|100/100
|-ability|p2a: Garfield|Intimidate|boost
|-unboost|p1a: Blaziken|atk|1
|-unboost|p1b: Excadrill|atk|1
|turn|1
|
|t:|1756917733
|-terastallize|p2b: Shang chi|Dark
|move|p1a: Blaziken|Will-O-Wisp|p2b: Shang chi
|-status|p2b: Shang chi|brn
|move|p1b: Excadrill|High Horsepower|p2a: Garfield
|-supereffective|p2a: Garfield
|-damage|p2a: Garfield|38/100
|move|p2a: Garfield|Parting Shot|p1a: Blaziken
|-unboost|p1a: Blaziken|atk|1
|-unboost|p1a: Blaziken|spa|1
|
|t:|1756917743
|switch|p2a: Dk|Rillaboom, L50, F|100/100|[from] Parting Shot
|-fieldstart|move: Grassy Terrain|[from] ability: Grassy Surge|[of] p2a: Dk
|move|p2b: Shang chi|Kowtow Cleave|p1b: Excadrill
|-damage|p1b: Excadrill|45/100
|
|-heal|p1b: Excadrill|51/100|[from] Grassy Terrain
|-damage|p2b: Shang chi|95/100 brn|[from] brn
|-ability|p1a: Blaziken|Speed Boost|boost
|-boost|p1a: Blaziken|spe|1
|upkeep
|turn|2
|
|t:|1756917760
|switch|p1b: Bruxish|Bruxish, L50, M|100/100
|switch|p2b: Garfield|Incineroar, L50, M|38/100
|-ability|p2b: Garfield|Intimidate|boost
|-unboost|p1a: Blaziken|atk|1
|-unboost|p1b: Bruxish|atk|1
|move|p1a: Blaziken|Will-O-Wisp|p2a: Dk
|-status|p2a: Dk|brn
|move|p2a: Dk|Wood Hammer|p1b: Bruxish
|-supereffective|p1b: Bruxish
|-damage|p1b: Bruxish|0 fnt
|faint|p1b: Bruxish
|-damage|p2a: Dk|77/100 brn|[from] Recoil
|
|-heal|p2a: Dk|83/100 brn|[from] Grassy Terrain
|-heal|p2b: Garfield|44/100|[from] Grassy Terrain
|-damage|p2a: Dk|77/100 brn|[from] brn
|-ability|p1a: Blaziken|Speed Boost|boost
|-boost|p1a: Blaziken|spe|1
|-enditem|p2b: Garfield|Mirror Herb
|-boost|p2b: Garfield|spe|1|[from] item: Mirror Herb
|upkeep
|
|t:|1756917770
|switch|p1b: Salamence|Salamence, L50, F|100/100
|-ability|p1b: Salamence|Intimidate|boost
|-unboost|p2a: Dk|atk|1
|-unboost|p2b: Garfield|atk|1
|turn|3
|
|t:|1756917783
|move|p2b: Garfield|Fake Out|p1b: Salamence
|-damage|p1b: Salamence|90/100
|move|p1a: Blaziken|Aura Sphere|p2b: Garfield
|-supereffective|p2b: Garfield
|-damage|p2b: Garfield|5/100
|cant|p1b: Salamence|flinch
|move|p2a: Dk|U-turn|p1a: Blaziken
|-resisted|p1a: Blaziken
|-damage|p1a: Blaziken|98/100
|
|t:|1756917793
|switch|p2a: Vegeta|Annihilape, L50, M, shiny|100/100|[from] U-turn
|
|-heal|p1a: Blaziken|100/100|[from] Grassy Terrain
|-heal|p2b: Garfield|11/100|[from] Grassy Terrain
|-ability|p1a: Blaziken|Speed Boost|boost
|-boost|p1a: Blaziken|spe|1
|upkeep
|turn|4
|
|t:|1756917816
|move|p1a: Blaziken|Aura Sphere|p2b: Garfield
|-supereffective|p2b: Garfield
|-damage|p2b: Garfield|0 fnt
|faint|p2b: Garfield
|move|p1b: Salamence|Air Slash|p2a: Vegeta
|-supereffective|p2a: Vegeta
|-damage|p2a: Vegeta|13/100
|-damage|p1b: Salamence|80/100|[from] item: Life Orb
|move|p2a: Vegeta|Bulk Up|p2a: Vegeta
|-boost|p2a: Vegeta|atk|1
|-boost|p2a: Vegeta|def|1
|
|-heal|p2a: Vegeta|20/100|[from] Grassy Terrain
|-ability|p1a: Blaziken|Speed Boost|boost
|-boost|p1a: Blaziken|spe|1
|upkeep
|
|t:|1756917825
|switch|p2b: Dk|Rillaboom, L50, F|77/100 brn
|turn|5
|
|t:|1756917835
|-terastallize|p1b: Salamence|Ghost
|move|p2b: Dk|Fake Out|p1b: Salamence
|-immune|p1b: Salamence
|move|p1a: Blaziken|Heat Wave|p2a: Vegeta|[spread] p2a,p2b
|-supereffective|p2b: Dk
|-damage|p2a: Vegeta|0 fnt
|-damage|p2b: Dk|50/100 brn
|faint|p2a: Vegeta
|move|p1b: Salamence|Air Slash|p2b: Dk
|-supereffective|p2b: Dk
|-damage|p2b: Dk|0 fnt
|faint|p2b: Dk
|-damage|p1b: Salamence|70/100|[from] item: Life Orb
|
|-heal|p1b: Salamence|76/100|[from] Grassy Terrain
|-fieldend|move: Grassy Terrain
|-ability|p1a: Blaziken|Speed Boost|boost
|-boost|p1a: Blaziken|spe|1
|upkeep
|
|t:|1756917837
|switch|p2b: Shang chi|Kingambit, L50, F, shiny, tera:Dark|95/100 brn
|turn|6
|
|t:|1756917844
|move|p2b: Shang chi|Sucker Punch|p1a: Blaziken
|-resisted|p1a: Blaziken
|-crit|p1a: Blaziken
|-damage|p1a: Blaziken|70/100
|move|p1a: Blaziken|Aura Sphere|p2b: Shang chi
|-supereffective|p2b: Shang chi
|-damage|p2b: Shang chi|53/100 brn
|move|p1b: Salamence|Draco Meteor|p2b: Shang chi|[miss]
|-miss|p1b: Salamence|p2b: Shang chi
|
|-damage|p2b: Shang chi|47/100 brn|[from] brn
|-ability|p1a: Blaziken|Speed Boost|boost
|-boost|p1a: Blaziken|spe|1
|upkeep
|turn|7
|
|t:|1756917854
|move|p2b: Shang chi|Sucker Punch|p1b: Salamence
|-supereffective|p1b: Salamence
|-damage|p1b: Salamence|0 fnt
|faint|p1b: Salamence
|move|p1a: Blaziken|Aura Sphere|p2b: Shang chi
|-supereffective|p2b: Shang chi
|-damage|p2b: Shang chi|0 fnt
|faint|p2b: Shang chi
|
|win|sandy ghost 5
||hungry hillo is ready for game 2.
||sandy ghost 5 is ready for game 2.
|uhtml|next|Next: Game 2 of 3
