|j|â˜†KyleTampy
|j|â˜†Oldcow
|html|KyleTampyOldcow    
|uhtml|bestof|Game 1 of a best-of-3
|t:|1784565741
|gametype|doubles
|player|p1|KyleTampy|lucian|
|player|p2|Oldcow|shadowtriad|
|gen|9
|tier|[Gen 9 Champions] VGC 2026 Reg M-B (Bo3)
|rule|Species Clause: Limit one of each PokÃ©mon
|rule|Item Clause: Limit 1 of each item
|clearpoke
|poke|p1|Charizard, L50, M|
|poke|p1|Pelipper, L50, F, shiny|
|poke|p1|Basculegion, L50, M|
|poke|p1|Archaludon, L50, M|
|poke|p1|Farigiraf, L50, F|
|poke|p1|Garchomp, L50, F|
|poke|p2|Raichu, L50, F|
|poke|p2|Staraptor, L50, M|
|poke|p2|Tyranitar, L50, F|
|poke|p2|Drampa, L50, F|
|poke|p2|Grimmsnarl, L50, M|
|poke|p2|Sinistcha, L50|
|teampreview|4
|showteam|p1|Charizard||CharizarditeY|Blaze|HeatWave,AncientPower,WeatherBall,Protect|Modest||M|||50|]Pelipper||FocusSash|Drizzle|HelpingHand,WeatherBall,Tailwind,Protect|Timid||F|||50|]Basculegion||ChoiceScarf|Adaptability|WaveCrash,AquaJet,LastRespects,FlipTurn|Jolly||M|||50|]Archaludon||Leftovers|Stamina|ElectroShot,DragonPulse,FlashCannon,Protect|Modest||M|||50|]Farigiraf||SitrusBerry|ArmorTail|TrickRoom,Thunderbolt,ThunderWave,HelpingHand|Relaxed||F|||50|]Garchomp||LifeOrb|RoughSkin|Earthquake,DragonClaw,IronHead,Protect|Jolly||F|||50|
|showteam|p2|Raichu||RaichuniteY|LightningRod|ZapCannon,FocusBlast,VoltSwitch,Protect|Timid||F|||50|]Staraptor||Staraptite|Intimidate|BraveBird,CloseCombat,Tailwind,Protect|Jolly||M|||50|]Tyranitar||PasshoBerry|SandStream|RockSlide,KnockOff,HighHorsepower,Protect|Adamant||F|||50|]Drampa||Leftovers|CloudNine|HyperVoice,DragonPulse,EarthPower,Protect|Quiet||F|||50|]Grimmsnarl||LightClay|Prankster|FoulPlay,Reflect,LightScreen,PartingShot|Calm||M|||50|]Sinistcha||CobaBerry|Hospitality|MatchaGotcha,RagePowder,TrickRoom,Imprison|Calm|||||50|
|c|â˜†KyleTampy|Panget naman kasi ng moves nitong giraf na to
|c|â˜†Oldcow|dba
|c|â˜†KyleTampy|Puro electric
|c|â˜†KyleTampy|Nu yan
|c|â˜†Oldcow|tera electrc giraf
|c|â˜†KyleTampy|Tas helping hand
|c|â˜†KyleTampy|Lmaoo
|c|â˜†KyleTampy|Raichu x
|c|â˜†Oldcow|lmao
|c|â˜†Oldcow|secret mega
|
|t:|1784565824
|teamsize|p1|4
|teamsize|p2|4
|start
|switch|p1a: Archaludon|Archaludon, L50, M|100/100
|switch|p1b: Basculegion|Basculegion, L50, M|100/100
|switch|p2a: Staraptor|Staraptor, L50, M|100/100
|switch|p2b: Grimmsnarl|Grimmsnarl, L50, M|100/100
|-ability|p2a: Staraptor|Intimidate|boost
|-unboost|p1a: Archaludon|atk|1
|-unboost|p1b: Basculegion|atk|1
|turn|1
|
|t:|1784565861
|switch|p1a: Garchomp|Garchomp, L50, F|100/100
|detailschange|p2a: Staraptor|Staraptor-Mega, L50, M
|-mega|p2a: Staraptor|Staraptor|Staraptite
|move|p2b: Grimmsnarl|Parting Shot|p2a: Staraptor
|-boost|p2a: Staraptor|atk|1
|-boost|p2a: Staraptor|spa|1
|
|t:|1784565870
|switch|p2b: Drampa|Drampa, L50, F|100/100|[from] Parting Shot
|-ability|p2b: Drampa|Cloud Nine
|move|p1b: Basculegion|Flip Turn|p2b: Drampa
|-resisted|p2b: Drampa|1
|-damage|p2b: Drampa|86/100
|
|t:|1784565879
|switch|p1b: Archaludon|Archaludon, L50, M|100/100|[from] Flip Turn
|move|p2a: Staraptor|Close Combat|p1a: Garchomp
|-damage|p1a: Garchomp|2/100
|-boost|p2a: Staraptor|def|1
|-boost|p2a: Staraptor|spd|1
|-damage|p2a: Staraptor|87/100|[from] ability: Rough Skin|[of] p1a: Garchomp
|
|-heal|p2b: Drampa|92/100|[from] item: Leftovers
|upkeep
|turn|2
|
|t:|1784565898
|switch|p2b: Grimmsnarl|Grimmsnarl, L50, M|100/100
|move|p2a: Staraptor|Protect|p2a: Staraptor
|-singleturn|p2a: Staraptor|Protect
|move|p1a: Garchomp|Iron Head|p2a: Staraptor
|-activate|p2a: Staraptor|move: Protect
|move|p1b: Archaludon|Dragon Pulse|p2b: Grimmsnarl
|-immune|p2b: Grimmsnarl
|
|upkeep
|turn|3
|c|â˜†Oldcow|weird ng iron head
|c|â˜†Oldcow|imbis na rock slide
|c|â˜†KyleTampy|For fairies (?)
|c|â˜†Oldcow|but arch
|c|â˜†Oldcow|idk
|c|â˜†KyleTampy|Kulang ata
|
|t:|1784565953
|switch|p1a: Pelipper|Pelipper, L50, F, shiny|100/100
|-weather|RainDance|[from] ability: Drizzle|[of] p1a: Pelipper
|move|p2b: Grimmsnarl|Light Screen|p2b: Grimmsnarl
|-sidestart|p2: Oldcow|move: Light Screen
|move|p2a: Staraptor|Close Combat|p1b: Archaludon
|-supereffective|p1b: Archaludon|1
|-damage|p1b: Archaludon|0 fnt
|-boost|p2a: Staraptor|def|1
|-boost|p2a: Staraptor|spd|1
|faint|p1b: Archaludon
|
|-weather|RainDance|[upkeep]
|upkeep
|
|t:|1784565963
|switch|p1b: Basculegion|Basculegion, L50, M|100/100
|turn|4
|c|â˜†Oldcow|+1 bird is strong
|
|t:|1784565983
|move|p1a: Pelipper|Helping Hand|p1b: Basculegion
|-singleturn|p1b: Basculegion|Helping Hand|[of] p1a: Pelipper
|move|p2a: Staraptor|Protect|p2a: Staraptor
|-singleturn|p2a: Staraptor|Protect
|move|p1b: Basculegion|Wave Crash|p2b: Grimmsnarl
|-damage|p2b: Grimmsnarl|0 fnt
|faint|p2b: Grimmsnarl
|-damage|p1b: Basculegion|67/100|[from] Recoil
|
|-weather|RainDance|[upkeep]
|upkeep
|c|â˜†KyleTampy|Syempre
|
|t:|1784565993
|switch|p2b: Tyranitar|Tyranitar, L50, F|100/100
|-weather|Sandstorm|[from] ability: Sand Stream|[of] p2b: Tyranitar
|turn|5
|
|t:|1784566033
|switch|p1a: Garchomp|Garchomp, L50, F|2/100
|move|p1b: Basculegion|Wave Crash|p2b: Tyranitar
|-supereffective|p2b: Tyranitar|1
|-enditem|p2b: Tyranitar|Passho Berry|[eat]
|-enditem|p2b: Tyranitar|Passho Berry|[weaken]
|-damage|p2b: Tyranitar|37/100
|-damage|p1b: Basculegion|46/100|[from] Recoil
|move|p2a: Staraptor|Close Combat|p1a: Garchomp
|-damage|p1a: Garchomp|0 fnt
|-boost|p2a: Staraptor|def|1
|-boost|p2a: Staraptor|spd|1
|-damage|p2a: Staraptor|75/100|[from] ability: Rough Skin|[of] p1a: Garchomp
|faint|p1a: Garchomp
|move|p2b: Tyranitar|Knock Off|p1b: Basculegion
|-supereffective|p1b: Basculegion|1
|-damage|p1b: Basculegion|0 fnt
|-enditem|p1b: Basculegion|Choice Scarf|[from] move: Knock Off|[of] p2b: Tyranitar
|faint|p1b: Basculegion
|
|-weather|Sandstorm|[upkeep]
|-damage|p2a: Staraptor|68/100|[from] Sandstorm
|upkeep
|
|t:|1784566039
|switch|p1b: Pelipper|Pelipper, L50, F, shiny|100/100
|-weather|RainDance|[from] ability: Drizzle|[of] p1b: Pelipper
|turn|6
|c|â˜†KyleTampy|Helping hand pelipper
|c|â˜†KyleTampy|Bakit
|c|â˜†Oldcow|yes
|
|t:|1784566066
|switch|p2b: Drampa|Drampa, L50, F|92/100
|-ability|p2b: Drampa|Cloud Nine
|move|p2a: Staraptor|Brave Bird|p1b: Pelipper
|-enditem|p1b: Pelipper|Focus Sash
|-damage|p1b: Pelipper|1/100
|-damage|p2a: Staraptor|40/100|[from] Recoil
|move|p1b: Pelipper|Weather Ball|p2a: Staraptor
|-damage|p2a: Staraptor|35/100
|
|-weather|RainDance|[upkeep]
|-heal|p2b: Drampa|98/100|[from] item: Leftovers
|upkeep
|turn|7
|
|t:|1784566083
|switch|p2b: Tyranitar|Tyranitar, L50, F|37/100
|-weather|Sandstorm|[from] ability: Sand Stream|[of] p2b: Tyranitar
|move|p2a: Staraptor|Protect|p2a: Staraptor
|-singleturn|p2a: Staraptor|Protect
|move|p1b: Pelipper|Tailwind|p1b: Pelipper
|-sidestart|p1: KyleTampy|move: Tailwind
|
|-weather|Sandstorm|[upkeep]
|-damage|p1b: Pelipper|0 fnt|[from] Sandstorm
|-damage|p2a: Staraptor|29/100|[from] Sandstorm
|faint|p1b: Pelipper
|
|win|Oldcow
||KyleTampy is ready for game 2.
|inactive|Oldcow has 30 seconds to confirm battle start!
||Oldcow is ready for game 2.
|uhtml|next|Next: Game 2 of 3
