|j|☆Danito0o
|j|☆spellbreakvgc
|html|Danito0ospellbreakvgc    
|uhtml|bestof|Game 2 of a best-of-3
|t:|1756808103
|gametype|doubles
|player|p1|Danito0o|169|1052
|player|p2|spellbreakvgc|lance|1132
|gen|9
|tier|[Gen 9] VGC 2025 Reg H (Bo3)
|rated|
|rule|Species Clause: Limit one of each Pokémon
|rule|Item Clause: Limit 1 of each item
|clearpoke
|poke|p1|Dragonite, L50, F|
|poke|p1|Gholdengo, L50|
|poke|p1|Annihilape, L50, F|
|poke|p1|Maushold-Four, L50|
|poke|p1|Rillaboom, L50, M|
|poke|p1|Ursaluna-Bloodmoon, L50, M|
|poke|p2|Garchomp, L50, M|
|poke|p2|Weezing-Galar, L50, F|
|poke|p2|Archaludon, L50, F|
|poke|p2|Gholdengo, L50|
|poke|p2|Talonflame, L50, F|
|poke|p2|Annihilape, L50, M|
|teampreview|4
|showteam|p1|Dragonite||LoadedDice|Multiscale|ScaleShot,Tailwind,Protect,Haze|||F|||50|,,,,,Fairy]Gholdengo||LifeOrb|GoodasGold|MakeItRain,ShadowBall,Protect,NastyPlot||||||50|,,,,,Water]Annihilape||Leftovers|Defiant|RageFist,DrainPunch,Protect,BulkUp|||F|||50|,,,,,Fire]Maushold-Four||CovertCloak|FriendGuard|SuperFang,BeatUp,FollowMe,Protect||||||50|,,,,,Ghost]Rillaboom||MiracleSeed|GrassySurge|GrassyGlide,WoodHammer,FakeOut,HighHorsepower|||M|||50|,,,,,Fire]Ursaluna-Bloodmoon||AssaultVest|MindsEye|HyperVoice,BloodMoon,EarthPower,VacuumWave|||M|||50|,,,,,Water
|showteam|p2|Garchomp||LifeOrb|RoughSkin|DragonClaw,Earthquake,StompingTantrum,Protect|||M|||50|,,,,,Ground]Weezing-Galar||FocusSash|NeutralizingGas|Protect,SludgeBomb,Taunt,StrangeSteam|||F|||50|,,,,,Flying]Archaludon||PowerHerb|Sturdy|ElectroShot,Thunderbolt,DracoMeteor,Protect|||F|||50|,,,,,Electric]Gholdengo||ChoiceSpecs|GoodasGold|ShadowBall,DazzlingGleam,PowerGem,MakeItRain||||||50|,,,,,Fairy]Talonflame||CovertCloak|GaleWings|Tailwind,DualWingbeat,WillOWisp,FlareBlitz|||F|||50|,,,,,Stellar]Annihilape||AssaultVest|Defiant|CloseCombat,RageFist,FinalGambit,IcePunch|||M|||50|,,,,,Grass
|inactive|Battle timer is ON: inactive players will automatically lose when time's up. (requested by spellbreakvgc)
|
|t:|1756808140
|teamsize|p1|4
|teamsize|p2|4
|start
|switch|p1a: Maushold|Maushold-Four, L50|100/100
|switch|p1b: Dragonite|Dragonite, L50, F|100/100
|switch|p2a: Garchomp|Garchomp, L50, M|100/100
|switch|p2b: Weezing|Weezing-Galar, L50, F|100/100
|-ability|p2b: Weezing|Neutralizing Gas
|turn|1
|
|t:|1756808164
|move|p2a: Garchomp|Protect|p2a: Garchomp
|-singleturn|p2a: Garchomp|Protect
|move|p1a: Maushold|Follow Me|p1a: Maushold
|-singleturn|p1a: Maushold|move: Follow Me
|move|p1b: Dragonite|Tailwind|p1b: Dragonite
|-sidestart|p1: Danito0o|move: Tailwind
|move|p2b: Weezing|Taunt|p1a: Maushold
|-start|p1a: Maushold|move: Taunt
|
|upkeep
|turn|2
|inactive|Danito0o has 30 seconds left.
|
|t:|1756808192
|switch|p1a: Annihilape|Annihilape, L50, F|100/100
|-terastallize|p2a: Garchomp|Ground
|move|p1b: Dragonite|Scale Shot|p2a: Garchomp
|-damage|p2a: Garchomp|84/100
|-damage|p2a: Garchomp|70/100
|-damage|p2a: Garchomp|53/100
|-damage|p2a: Garchomp|38/100
|-hitcount|p2a: Garchomp|4
|-unboost|p1b: Dragonite|def|1
|-boost|p1b: Dragonite|spe|1
|move|p2a: Garchomp|Dragon Claw|p1b: Dragonite
|-supereffective|p1b: Dragonite
|-damage|p1b: Dragonite|0 fnt
|faint|p1b: Dragonite
|-damage|p2a: Garchomp|28/100|[from] item: Life Orb
|move|p2b: Weezing|Sludge Bomb|p1a: Annihilape
|-resisted|p1a: Annihilape
|-damage|p1a: Annihilape|82/100
|
|-heal|p1a: Annihilape|88/100|[from] item: Leftovers
|upkeep
|inactive|Danito0o has 30 seconds left.
|
|t:|1756808226
|switch|p1b: Maushold|Maushold-Four, L50|100/100
|turn|3
|
|t:|1756808248
|switch|p2a: Talonflame|Talonflame, L50, F|100/100
|move|p1a: Annihilape|Rage Fist|p2b: Weezing
|-damage|p2b: Weezing|53/100
|move|p1b: Maushold|Beat Up|p2b: Weezing
|-resisted|p2b: Weezing
|-damage|p2b: Weezing|52/100
|-resisted|p2b: Weezing
|-damage|p2b: Weezing|50/100
|-resisted|p2b: Weezing
|-damage|p2b: Weezing|49/100
|-hitcount|p2b: Weezing|3
|move|p2b: Weezing|Taunt|p1a: Annihilape
|-start|p1a: Annihilape|move: Taunt
|
|-heal|p1a: Annihilape|94/100|[from] item: Leftovers
|upkeep
|turn|4
|
|t:|1756808272
|-terastallize|p1a: Annihilape|Fire
|move|p1a: Annihilape|Rage Fist|p2b: Weezing
|-damage|p2b: Weezing|4/100
|move|p1b: Maushold|Super Fang|p2a: Talonflame
|-damage|p2a: Talonflame|51/100
|move|p2a: Talonflame|Tailwind|p2a: Talonflame
|-sidestart|p2: spellbreakvgc|move: Tailwind
|move|p2b: Weezing|Taunt|p1b: Maushold
|-start|p1b: Maushold|move: Taunt
|
|-heal|p1a: Annihilape|100/100|[from] item: Leftovers
|-sideend|p1: Danito0o|move: Tailwind
|upkeep
|turn|5
|inactive|spellbreakvgc has 30 seconds left.
|
|t:|1756808298
|move|p2b: Weezing|Protect|p2b: Weezing
|-singleturn|p2b: Weezing|Protect
|move|p2a: Talonflame|Flare Blitz|p1b: Maushold
|-damage|p1b: Maushold|51/100
|-damage|p2a: Talonflame|31/100|[from] Recoil
|move|p1a: Annihilape|Rage Fist|p2a: Talonflame
|-damage|p2a: Talonflame|0 fnt
|faint|p2a: Talonflame
|move|p1b: Maushold|Beat Up|p2b: Weezing
|-activate|p2b: Weezing|move: Protect
|
|upkeep
|
|t:|1756808313
|switch|p2a: Garchomp|Garchomp, L50, M, tera:Ground|28/100
|turn|6
|
|t:|1756808323
|move|p2b: Weezing|Protect||[still]
|-fail|p2b: Weezing
|move|p2a: Garchomp|Earthquake|p1b: Maushold|[spread] p2b,p1a,p1b
|-supereffective|p2b: Weezing
|-supereffective|p1a: Annihilape
|-damage|p2b: Weezing|0 fnt
|-damage|p1a: Annihilape|0 fnt
|-damage|p1b: Maushold|0 fnt
|faint|p2b: Weezing
|-end|p2b: Weezing|ability: Neutralizing Gas
|faint|p1a: Annihilape
|faint|p1b: Maushold
|-damage|p2a: Garchomp|18/100|[from] item: Life Orb
|
|upkeep
|
|t:|1756808336
|switch|p1b: Gholdengo|Gholdengo, L50|100/100
|switch|p2b: Archaludon|Archaludon, L50, F|100/100
|turn|7
|
|t:|1756808346
|move|p1b: Gholdengo|Protect|p1b: Gholdengo
|-singleturn|p1b: Gholdengo|Protect
|move|p2a: Garchomp|Stomping Tantrum|p1b: Gholdengo
|-activate|p1b: Gholdengo|move: Protect
|move|p2b: Archaludon|Electro Shot||[still]
|-prepare|p2b: Archaludon|Electro Shot
|-boost|p2b: Archaludon|spa|1
|-enditem|p2b: Archaludon|Power Herb
|-anim|p2b: Archaludon|Electro Shot|p1b: Gholdengo
|-activate|p1b: Gholdengo|move: Protect
|
|-sideend|p2: spellbreakvgc|move: Tailwind
|upkeep
|turn|8
|
|t:|1756808357
|move|p2a: Garchomp|Stomping Tantrum|p1b: Gholdengo
|-supereffective|p1b: Gholdengo
|-damage|p1b: Gholdengo|0 fnt
|faint|p1b: Gholdengo
|-damage|p2a: Garchomp|9/100|[from] item: Life Orb
|
|win|spellbreakvgc
