|j|☆robotarmadillo
|j|☆acharmercharmander
|html|robotarmadilloacharmercharmander    
|uhtml|bestof|Game 2 of a best-of-3
|t:|1783638162
|gametype|doubles
|player|p1|robotarmadillo|red|
|player|p2|acharmercharmander|blackbelt-gen4dp|
|gen|9
|tier|[Gen 9 Champions] VGC 2026 Reg M-B (Bo3)
|rule|Species Clause: Limit one of each Pokémon
|rule|Item Clause: Limit 1 of each item
|clearpoke
|poke|p1|Tyranitar, L50, F|
|poke|p1|Garchomp, L50, F|
|poke|p1|Skarmory, L50, F|
|poke|p1|Meowscarada, L50, M|
|poke|p1|Milotic, L50, M|
|poke|p1|Chandelure, L50, F|
|poke|p2|Excadrill, L50, M|
|poke|p2|Blastoise, L50, M|
|poke|p2|Gliscor, L50, M|
|poke|p2|Greninja, L50, M|
|poke|p2|Floette-Eternal, L50, F|
|poke|p2|Houndoom, L50, M|
|teampreview|4
|showteam|p1|Tyranitar||Tyranitarite|SandStream|RockSlide,Crunch,LowKick,Protect|Adamant||F|||50|]Garchomp||LifeOrb|RoughSkin|Earthquake,RockSlide,SwordsDance,Protect|Jolly||F|||50|]Skarmory||SitrusBerry|Sturdy|Tailwind,BraveBird,IronHead,Roost|Impish||F|||50|]Meowscarada||FocusSash|Protean|KnockOff,FlowerTrick,SuckerPunch,Protect|Jolly||M|||50|]Milotic||Leftovers|Competitive|Scald,IceBeam,Recover,Protect|Bold||M|||50|]Chandelure||Chandelurite|FlashFire|HeatWave,ShadowBall,TrickRoom,Protect|Timid||F|||50|
|showteam|p2|Excadrill||FocusSash|SandRush|BrickBreak,Earthquake,XScissor,IronHead|Adamant||M|||50|]Blastoise||WhiteHerb|RainDish|AquaJet,FakeOut,ShellSmash,Liquidation|Adamant||M|||50|]Gliscor||MentalHerb|SandVeil|Tailwind,ToxicSpikes,KnockOff,Sandstorm|Careful||M|||50|]Greninja||Greninjite|Protean|SludgeWave,Protect,IceBeam,WaterShuriken|Timid||M|||50|]Floette-Eternal||Floettite|FlowerVeil|Moonblast,EnergyBall,Protect,Psychic|Timid||F|||50|]Houndoom||Charcoal|FlashFire|Flamethrower,FoulPlay,SludgeBomb,Protect|Timid||M|||50|
|
|t:|1783638247
|teamsize|p1|4
|teamsize|p2|4
|start
|switch|p1a: Meowscarada|Meowscarada, L50, M|100/100
|switch|p1b: Skarmory|Skarmory, L50, F|100/100
|switch|p2a: Gliscor|Gliscor, L50, M|100/100
|switch|p2b: Floette|Floette-Eternal, L50, F|100/100
|turn|1
|
|t:|1783638316
|switch|p2b: Excadrill|Excadrill, L50, M|100/100
|move|p1a: Meowscarada|Knock Off|p2a: Gliscor
|-start|p1a: Meowscarada|typechange|Dark|[from] ability: Protean
|-damage|p2a: Gliscor|64/100
|-enditem|p2a: Gliscor|Mental Herb|[from] move: Knock Off|[of] p1a: Meowscarada
|move|p2a: Gliscor|Tailwind|p2a: Gliscor
|-sidestart|p2: acharmercharmander|move: Tailwind
|move|p1b: Skarmory|Tailwind|p1b: Skarmory
|-sidestart|p1: robotarmadillo|move: Tailwind
|
|upkeep
|turn|2
|
|t:|1783638406
|move|p1a: Meowscarada|Knock Off|p2b: Excadrill
|-damage|p2b: Excadrill|40/100
|-enditem|p2b: Excadrill|Focus Sash|[from] move: Knock Off|[of] p1a: Meowscarada
|move|p2b: Excadrill|X-Scissor|p1a: Meowscarada
|-supereffective|p1a: Meowscarada|1
|-enditem|p1a: Meowscarada|Focus Sash
|-damage|p1a: Meowscarada|1/100
|move|p2a: Gliscor|Toxic Spikes|p1b: Skarmory
|-sidestart|p1: robotarmadillo|move: Toxic Spikes
|move|p1b: Skarmory|Iron Head|p2a: Gliscor
|-damage|p2a: Gliscor|44/100
|
|upkeep
|turn|3
|
|t:|1783638523
|move|p1a: Meowscarada|Flower Trick|p2b: Excadrill
|-crit|p2b: Excadrill
|-damage|p2b: Excadrill|0 fnt
|faint|p2b: Excadrill
|move|p2a: Gliscor|Knock Off|p1a: Meowscarada
|-resisted|p1a: Meowscarada|1
|-damage|p1a: Meowscarada|0 fnt
|faint|p1a: Meowscarada
|move|p1b: Skarmory|Iron Head|p2a: Gliscor
|-damage|p2a: Gliscor|23/100
|
|upkeep
|
|t:|1783638584
|switch|p1a: Milotic|Milotic, L50, M|100/100
|switch|p2b: Floette|Floette-Eternal, L50, F|100/100
|-status|p1a: Milotic|psn
|turn|4
|
|t:|1783638670
|detailschange|p2b: Floette|Floette-Mega, L50, F
|-mega|p2b: Floette|Floette|Floettite
|-ability|p2b: Floette|Fairy Aura
|move|p2b: Floette|Energy Ball|p1a: Milotic
|-supereffective|p1a: Milotic|1
|-damage|p1a: Milotic|51/100 psn
|-unboost|p1a: Milotic|spd|1
|-ability|p1a: Milotic|Competitive|boost
|-boost|p1a: Milotic|spa|2
|move|p2a: Gliscor|Knock Off|p1a: Milotic
|-crit|p1a: Milotic
|-damage|p1a: Milotic|27/100 psn
|-enditem|p1a: Milotic|Leftovers|[from] move: Knock Off|[of] p2a: Gliscor
|move|p1a: Milotic|Ice Beam|p2a: Gliscor
|-supereffective|p2a: Gliscor|2
|-damage|p2a: Gliscor|0 fnt
|faint|p2a: Gliscor
|move|p1b: Skarmory|Iron Head|p2b: Floette
|-supereffective|p2b: Floette|1
|-damage|p2b: Floette|39/100
|
|-damage|p1a: Milotic|14/100 psn|[from] psn
|-sideend|p1: robotarmadillo|move: Tailwind
|-sideend|p2: acharmercharmander|move: Tailwind
|upkeep
|
|t:|1783638690
|switch|p2a: Greninja|Greninja, L50, M|100/100
|turn|5
|
|t:|1783638798
|move|p2b: Floette|Protect|p2b: Floette
|-singleturn|p2b: Floette|Protect
|move|p2a: Greninja|Water Shuriken|p1a: Milotic
|-start|p2a: Greninja|typechange|Water|[from] ability: Protean
|-resisted|p1a: Milotic|1
|-damage|p1a: Milotic|11/100 psn
|-resisted|p1a: Milotic|1
|-damage|p1a: Milotic|7/100 psn
|-hitcount|p1a: Milotic|2
|move|p1a: Milotic|Ice Beam|p2b: Floette
|-activate|p2b: Floette|move: Protect
|move|p1b: Skarmory|Iron Head|p2b: Floette
|-activate|p2b: Floette|move: Protect
|
|-damage|p1a: Milotic|0 fnt|[from] psn
|faint|p1a: Milotic
|upkeep
|
|t:|1783638814
|switch|p1a: Tyranitar|Tyranitar, L50, F|100/100
|-status|p1a: Tyranitar|psn
|-weather|Sandstorm|[from] ability: Sand Stream|[of] p1a: Tyranitar
|turn|6
|
|t:|1783638901
|detailschange|p1a: Tyranitar|Tyranitar-Mega, L50, F
|-mega|p1a: Tyranitar|Tyranitar|Tyranitarite
|move|p2a: Greninja|Ice Beam|p1b: Skarmory
|-damage|p1b: Skarmory|62/100
|move|p2b: Floette|Moonblast|p1a: Tyranitar
|-supereffective|p1a: Tyranitar|1
|-damage|p1a: Tyranitar|26/100 psn
|move|p1a: Tyranitar|Rock Slide|p2b: Floette|[spread] p2a,p2b
|-damage|p2a: Greninja|32/100
|-damage|p2b: Floette|0 fnt
|faint|p2b: Floette
|move|p1b: Skarmory|Iron Head|p2a: Greninja
|-resisted|p2a: Greninja|1
|-damage|p2a: Greninja|13/100
|
|-weather|Sandstorm|[upkeep]
|-damage|p2a: Greninja|7/100|[from] Sandstorm
|-damage|p1a: Tyranitar|14/100 psn|[from] psn
|upkeep
|turn|7
|
|t:|1783638979
|move|p2a: Greninja|Protect|p2a: Greninja
|-singleturn|p2a: Greninja|Protect
|move|p1a: Tyranitar|Rock Slide|p2a: Greninja
|-activate|p2a: Greninja|move: Protect
|move|p1b: Skarmory|Iron Head|p2a: Greninja
|-activate|p2a: Greninja|move: Protect
|
|-weather|Sandstorm|[upkeep]
|-damage|p2a: Greninja|1/100|[from] Sandstorm
|-damage|p1a: Tyranitar|2/100 psn|[from] psn
|upkeep
|turn|8
|
|t:|1783639028
|move|p2a: Greninja|Water Shuriken|p1a: Tyranitar
|-supereffective|p1a: Tyranitar|1
|-damage|p1a: Tyranitar|0 fnt
|faint|p1a: Tyranitar
|-hitcount|p1: Tyranitar|1
|move|p1b: Skarmory|Iron Head|p2a: Greninja
|-resisted|p2a: Greninja|1
|-damage|p2a: Greninja|0 fnt
|faint|p2a: Greninja
|
|win|robotarmadillo
||robotarmadillo is ready for game 3.
||robotarmadillo is ready for game 3.
||acharmercharmander is ready for game 3.
|uhtml|next|Next: Game 3 of 3
