|j|☆2mero
|j|☆Tbigongue
|html|2meroTbigongue    
|uhtml|bestof|Game 1 of a best-of-3
|t:|1784152383
|gametype|doubles
|player|p1|2mero|waiter|
|player|p2|Tbigongue|youngcouple|
|gen|9
|tier|[Gen 9 Champions] VGC 2026 Reg M-B (Bo3)
|rule|Species Clause: Limit one of each Pokémon
|rule|Item Clause: Limit 1 of each item
|clearpoke
|poke|p1|Lycanroc-Dusk, L50, M|
|poke|p1|Sharpedo, L50, F|
|poke|p1|Ninetales-Alola, L50, M|
|poke|p1|Staraptor, L50, F|
|poke|p1|Slowking-Galar, L50, M|
|poke|p1|Metagross, L50|
|poke|p2|Volcarona, L50, M|
|poke|p2|Sinistcha, L50|
|poke|p2|Malamar, L50, M|
|poke|p2|Meowstic, L50, M|
|poke|p2|Weavile, L50, M|
|poke|p2|Starmie, L50|
|teampreview|4
|showteam|p1|Lycanroc-Dusk||FocusSash|ToughClaws|RockSlide,Accelerock,CloseCombat,Protect|Jolly||M|||50|]Sharpedo||Sharpedonite|SpeedBoost|Protect,Liquidation,Crunch,PsychicFangs|Jolly||F|||50|]Ninetales-Alola||NeverMeltIce|SnowWarning|AuroraVeil,Blizzard,Moonblast,Protect|Modest||M|||50|]Staraptor||ChoiceScarf|Intimidate|BraveBird,CloseCombat,Uturn,FinalGambit|Adamant||F|||50|]Slowking-Galar||ColburBerry|Regenerator|SludgeBomb,Psyshock,Flamethrower,ChillyReception|Calm||M|||50|]Metagross||Metagrossite|ClearBody|IronHead,ZenHeadbutt,IcePunch,Protect|Jolly|||||50|
|showteam|p2|Volcarona||PasshoBerry|FlameBody|QuiverDance,GigaDrain,HeatWave,Protect|Modest||M|||50|]Sinistcha||KasibBerry|Hospitality|RagePowder,MatchaGotcha,StrengthSap,ShadowBall|Relaxed|||||50|]Malamar||SitrusBerry|Contrary|KnockOff,Superpower,TrickRoom,Protect|Adamant||M|||50|]Meowstic||FocusSash|Prankster|FakeOut,Charm,Reflect,Yawn|Bold||M|||50|]Weavile||WhiteHerb|Pressure|FakeOut,BrickBreak,KnockOff,Protect|Jolly||M|||50|]Starmie||Starminite|Illuminate|Thunderbolt,Scald,Protect,FlashCannon|Naive|||||50|
|
|t:|1784152462
|teamsize|p1|4
|teamsize|p2|4
|start
|switch|p1a: Slowking|Slowking-Galar, L50, M|100/100
|switch|p1b: Lycanroc|Lycanroc-Dusk, L50, M|100/100
|switch|p2a: Starmie|Starmie, L50|100/100
|switch|p2b: Weavile|Weavile, L50, M|100/100
|-ability|p2b: Weavile|Pressure
|turn|1
|
|t:|1784152514
|detailschange|p2a: Starmie|Starmie-Mega, L50
|-mega|p2a: Starmie|Starmie|Starminite
|move|p2b: Weavile|Fake Out|p1a: Slowking
|-damage|p1a: Slowking|85/100
|move|p2a: Starmie|Scald|p1b: Lycanroc
|-supereffective|p1b: Lycanroc|1
|-enditem|p1b: Lycanroc|Focus Sash
|-damage|p1b: Lycanroc|1/100
|move|p1b: Lycanroc|Close Combat|p2b: Weavile
|-supereffective|p2b: Weavile|2
|-damage|p2b: Weavile|0 fnt
|-unboost|p1b: Lycanroc|def|1
|-unboost|p1b: Lycanroc|spd|1
|faint|p2b: Weavile
|-prepare|p1a: Slowking|Chilly Reception|[premajor]
|cant|p1a: Slowking|flinch
|
|upkeep
|
|t:|1784152533
|switch|p2b: Malamar|Malamar, L50, M|100/100
|turn|2
|
|t:|1784152570
|move|p2a: Starmie|Scald|p1b: Lycanroc
|-supereffective|p1b: Lycanroc|1
|-damage|p1b: Lycanroc|0 fnt
|faint|p1b: Lycanroc
|-prepare|p1a: Slowking|Chilly Reception|[premajor]
|move|p1a: Slowking|Chilly Reception|p1a: Slowking
|-weather|Snowscape
|
|t:|1784152579
|-heal|p1a: Slowking|100/100|[from] ability: Regenerator|[silent]
|switch|p1a: Staraptor|Staraptor, L50, F|100/100|[from] Chilly Reception
|-ability|p1a: Staraptor|Intimidate|boost
|-unboost|p2a: Starmie|atk|1
|-boost|p2b: Malamar|atk|1
|move|p2b: Malamar|Trick Room|p2b: Malamar
|-fieldstart|move: Trick Room|[of] p2b: Malamar
|
|-weather|Snowscape|[upkeep]
|upkeep
|
|t:|1784152584
|switch|p1b: Metagross|Metagross, L50|100/100
|turn|3
|
|t:|1784152659
|move|p1b: Metagross|Protect|p1b: Metagross
|-singleturn|p1b: Metagross|Protect
|move|p2b: Malamar|Superpower|p1a: Staraptor
|-damage|p1a: Staraptor|20/100y
|-boost|p2b: Malamar|atk|1
|-boost|p2b: Malamar|def|1
|move|p2a: Starmie|Scald|p1a: Staraptor
|-damage|p1a: Staraptor|0 fnt
|faint|p1a: Staraptor
|
|-weather|Snowscape|[upkeep]
|upkeep
|
|t:|1784152668
|switch|p1a: Slowking|Slowking-Galar, L50, M|100/100
|turn|4
|
|t:|1784152709
|detailschange|p1b: Metagross|Metagross-Mega, L50
|-mega|p1b: Metagross|Metagross|Metagrossite
|move|p1a: Slowking|Sludge Bomb|p2a: Starmie
|-damage|p2a: Starmie|54/100
|-status|p2a: Starmie|psn
|move|p2b: Malamar|Knock Off|p1b: Metagross
|-supereffective|p1b: Metagross|1
|-damage|p1b: Metagross|7/100
|move|p1b: Metagross|Iron Head|p2b: Malamar
|-damage|p2b: Malamar|57/100
|move|p2a: Starmie|Scald|p1b: Metagross
|-damage|p1b: Metagross|0 fnt
|faint|p1b: Metagross
|
|-weather|Snowscape|[upkeep]
|-damage|p2a: Starmie|41/100 psn|[from] psn
|upkeep
|turn|5
|
|t:|1784152721
|move|p1a: Slowking|Sludge Bomb|p2a: Starmie
|-damage|p2a: Starmie|0 fnt
|faint|p2a: Starmie
|move|p2b: Malamar|Knock Off|p1a: Slowking
|-supereffective|p1a: Slowking|1
|-enditem|p1a: Slowking|Colbur Berry|[eat]
|-enditem|p1a: Slowking|Colbur Berry|[weaken]
|-damage|p1a: Slowking|10/100
|
|-weather|Snowscape|[upkeep]
|upkeep
|
|t:|1784152725
|switch|p2a: Sinistcha|Sinistcha, L50|100/100
|-heal|p2b: Malamar|82/100|[from] ability: Hospitality|[of] p2a: Sinistcha
|turn|6
|
|t:|1784152729
|move|p1a: Slowking|Sludge Bomb|p2a: Sinistcha
|-damage|p2a: Sinistcha|56/100
|move|p2a: Sinistcha|Shadow Ball|p1a: Slowking
|-supereffective|p1a: Slowking|1
|-damage|p1a: Slowking|0 fnt
|faint|p1a: Slowking
|
|win|Tbigongue
||2mero is ready for game 2.
||Tbigongue is ready for game 2.
|uhtml|next|Next: Game 2 of 3
