|j|☆kakashi_com
|j|☆Rat Rizzo
|html|kakashi_comRat Rizzo    
|uhtml|bestof|Game 1 of a best-of-3
|t:|1756700005
|gametype|doubles
|player|p1|kakashi_com|169|1078
|player|p2|Rat Rizzo|170|1094
|gen|9
|tier|[Gen 9] VGC 2025 Reg H (Bo3)
|rated|
|rule|Species Clause: Limit one of each Pokémon
|rule|Item Clause: Limit 1 of each item
|clearpoke
|poke|p1|Gothitelle, L50, F|
|poke|p1|Sneasler, L50, M|
|poke|p1|Dragonite, L50, M|
|poke|p1|Volcarona, L50, M|
|poke|p1|Incineroar, L50, F|
|poke|p1|Sylveon, L50, M|
|poke|p2|Dragonite, L50, M|
|poke|p2|Gholdengo, L50|
|poke|p2|Incineroar, L50, F|
|poke|p2|Amoonguss, L50, M|
|poke|p2|Sneasler, L50, F|
|poke|p2|Ursaluna-Bloodmoon, L50, M|
|teampreview|4
|showteam|p1|Gothitelle||SitrusBerry|ShadowTag|FakeOut,Protect,Psychic,TrickRoom|||F|||50|,,,,,Dark]Sneasler||FocusSash|Unburden|FakeOut,CloseCombat,DireClaw,Protect|||M|||50|,,,,,Ghost]Dragonite||LoadedDice|Multiscale|ScaleShot,ExtremeSpeed,Haze,Protect|||M|||50|,,,,,Normal]Volcarona||Leftovers|FlameBody|HeatWave,GigaDrain,QuiverDance,Protect|||M|||50|,,,,,Grass]Incineroar||SafetyGoggles|Intimidate|FakeOut,FlareBlitz,KnockOff,PartingShot|||F|||50|,,,,,Bug]Sylveon||ChoiceSpecs|Pixilate|HyperVoice,TeraBlast,HyperBeam,SleepTalk|||M|||50|,,,,,Fire
|showteam|p2|Dragonite||LoadedDice|Multiscale|Protect,Haze,ScaleShot,IceSpinner|||M|||50|,,,,,Fairy]Gholdengo||Leftovers|GoodasGold|Protect,NastyPlot,ShadowBall,MakeItRain||||||50|,,,,,Dragon]Incineroar||SafetyGoggles|Intimidate|FakeOut,FlareBlitz,KnockOff,PartingShot|||F|||50|,,,,,Ghost]Amoonguss||RockyHelmet|Regenerator|PollenPuff,Protect,Spore,RagePowder|||M|||50|,,,,,Water]Sneasler||FocusSash|PoisonTouch|Protect,DireClaw,ThroatChop,CloseCombat|||F|||50|,,,,,Ghost]Ursaluna-Bloodmoon||AssaultVest|MindsEye|BloodMoon,EarthPower,HyperVoice,VacuumWave|||M|||50|,,,,,Ghost
|inactive|Battle timer is ON: inactive players will automatically lose when time's up. (requested by Rat Rizzo)
|inactive|Rat Rizzo has 60 seconds left.
|inactive|kakashi_com has 60 seconds left.
|
|t:|1756700060
|teamsize|p1|4
|teamsize|p2|4
|start
|switch|p1a: Sylveon|Sylveon, L50, M|100/100
|switch|p1b: Incineroar|Incineroar, L50, F|100/100
|switch|p2a: Sneasler|Sneasler, L50, F|100/100
|switch|p2b: Ursaluna|Ursaluna-Bloodmoon, L50, M|100/100
|-ability|p1b: Incineroar|Intimidate|boost
|-unboost|p2a: Sneasler|atk|1
|-unboost|p2b: Ursaluna|atk|1
|turn|1
|
|t:|1756700084
|-terastallize|p2b: Ursaluna|Ghost
|move|p2a: Sneasler|Protect|p2a: Sneasler
|-singleturn|p2a: Sneasler|Protect
|move|p1a: Sylveon|Hyper Voice|p2b: Ursaluna|[spread] p2b
|-activate|p2a: Sneasler|move: Protect
|-damage|p2b: Ursaluna|56/100
|move|p1b: Incineroar|Parting Shot|p2b: Ursaluna
|-unboost|p2b: Ursaluna|atk|1
|-unboost|p2b: Ursaluna|spa|1
|
|t:|1756700095
|switch|p1b: Volcarona|Volcarona, L50, M|100/100|[from] Parting Shot
|move|p2b: Ursaluna|Blood Moon|p1a: Sylveon
|-damage|p1a: Sylveon|63/100
|
|upkeep
|turn|2
|
|t:|1756700108
|switch|p1a: Incineroar|Incineroar, L50, F|100/100
|-ability|p1a: Incineroar|Intimidate|boost
|-unboost|p2a: Sneasler|atk|1
|-unboost|p2b: Ursaluna|atk|1
|switch|p2b: Dragonite|Dragonite, L50, M|100/100
|move|p2a: Sneasler|Dire Claw|p1a: Incineroar
|-damage|p1a: Incineroar|81/100
|-status|p1a: Incineroar|par
|move|p1b: Volcarona|Quiver Dance|p1b: Volcarona
|-boost|p1b: Volcarona|spa|1
|-boost|p1b: Volcarona|spd|1
|-boost|p1b: Volcarona|spe|1
|
|upkeep
|turn|3
|inactive|kakashi_com has 30 seconds left.
|
|t:|1756700135
|move|p2b: Dragonite|Protect|p2b: Dragonite
|-singleturn|p2b: Dragonite|Protect
|move|p1b: Volcarona|Heat Wave|p2a: Sneasler|[spread] p2a
|-activate|p2b: Dragonite|move: Protect
|-damage|p2a: Sneasler|38/100
|move|p2a: Sneasler|Dire Claw|p1b: Volcarona
|-damage|p1b: Volcarona|80/100
|-status|p2a: Sneasler|brn|[from] ability: Flame Body|[of] p1b: Volcarona
|-status|p1b: Volcarona|psn|[from] ability: Poison Touch|[of] p2a: Sneasler
|move|p1a: Incineroar|Parting Shot|p2b: Dragonite
|-activate|p2b: Dragonite|move: Protect
|
|-heal|p1b: Volcarona|86/100 psn|[from] item: Leftovers
|-damage|p1b: Volcarona|74/100 psn|[from] psn
|-damage|p2a: Sneasler|32/100 brn|[from] brn
|upkeep
|turn|4
|
|t:|1756700156
|move|p1b: Volcarona|Heat Wave|p2a: Sneasler|[spread] p2a,p2b
|-resisted|p2b: Dragonite
|-damage|p2a: Sneasler|0 fnt
|-damage|p2b: Dragonite|91/100
|faint|p2a: Sneasler
|move|p2b: Dragonite|Haze|p2b: Dragonite
|-clearallboost
|move|p1a: Incineroar|Knock Off|p2b: Dragonite
|-damage|p2b: Dragonite|60/100
|-enditem|p2b: Dragonite|Loaded Dice|[from] move: Knock Off|[of] p1a: Incineroar
|
|-heal|p1b: Volcarona|80/100 psn|[from] item: Leftovers
|-damage|p1b: Volcarona|68/100 psn|[from] psn
|upkeep
|
|t:|1756700166
|switch|p2a: Ursaluna|Ursaluna-Bloodmoon, L50, M, tera:Ghost|56/100
|turn|5
|
|t:|1756700177
|switch|p1a: Sylveon|Sylveon, L50, M|63/100
|move|p1b: Volcarona|Quiver Dance|p1b: Volcarona
|-boost|p1b: Volcarona|spa|1
|-boost|p1b: Volcarona|spd|1
|-boost|p1b: Volcarona|spe|1
|move|p2b: Dragonite|Scale Shot|p1a: Sylveon
|-immune|p1a: Sylveon
|move|p2a: Ursaluna|Blood Moon|p1b: Volcarona
|-damage|p1b: Volcarona|24/100 psn
|
|-heal|p1b: Volcarona|30/100 psn|[from] item: Leftovers
|-damage|p1b: Volcarona|18/100 psn|[from] psn
|upkeep
|turn|6
|
|t:|1756700199
|switch|p1b: Incineroar|Incineroar, L50, F|81/100 par
|-ability|p1b: Incineroar|Intimidate|boost
|-unboost|p2a: Ursaluna|atk|1
|-unboost|p2b: Dragonite|atk|1
|move|p2b: Dragonite|Protect|p2b: Dragonite
|-singleturn|p2b: Dragonite|Protect
|move|p2a: Ursaluna|Vacuum Wave|p1b: Incineroar
|-supereffective|p1b: Incineroar
|-damage|p1b: Incineroar|53/100 par
|move|p1a: Sylveon|Hyper Voice|p2a: Ursaluna|[spread] p2a
|-activate|p2b: Dragonite|move: Protect
|-damage|p2a: Ursaluna|10/100
|
|upkeep
|turn|7
|
|t:|1756700220
|switch|p2a: Gholdengo|Gholdengo, L50|100/100
|move|p1b: Incineroar|Fake Out|p2b: Dragonite
|-damage|p2b: Dragonite|49/100
|cant|p2b: Dragonite|flinch
|move|p1a: Sylveon|Hyper Voice|p2a: Gholdengo|[spread] p2a,p2b
|-resisted|p2a: Gholdengo
|-supereffective|p2b: Dragonite
|-damage|p2a: Gholdengo|73/100
|-damage|p2b: Dragonite|0 fnt
|faint|p2b: Dragonite
|
|-heal|p2a: Gholdengo|79/100|[from] item: Leftovers
|upkeep
|
|t:|1756700225
|switch|p2b: Ursaluna|Ursaluna-Bloodmoon, L50, M, tera:Ghost|10/100
|turn|8
|inactive|Rat Rizzo has 30 seconds left.
|inactive|Rat Rizzo has 20 seconds left.
|
|t:|1756700262
|-terastallize|p1a: Sylveon|Fire
|move|p2a: Gholdengo|Nasty Plot|p2a: Gholdengo
|-boost|p2a: Gholdengo|spa|2
|move|p1a: Sylveon|Hyper Voice|p2b: Ursaluna|[spread] p2a,p2b
|-resisted|p2a: Gholdengo
|-crit|p2a: Gholdengo
|-crit|p2b: Ursaluna
|-damage|p2a: Gholdengo|32/100
|-damage|p2b: Ursaluna|0 fnt
|faint|p2b: Ursaluna
|move|p1b: Incineroar|Knock Off|p2a: Gholdengo
|-supereffective|p2a: Gholdengo
|-damage|p2a: Gholdengo|0 fnt
|-enditem|p2a: Gholdengo|Leftovers|[from] move: Knock Off|[of] p1b: Incineroar
|faint|p2a: Gholdengo
|
|win|kakashi_com
||kakashi_com is ready for game 2.
