|j|☆KingK0opa
|j|☆Pietplezier7
|html|KingK0opaPietplezier7    
|uhtml|bestof|Game 1 of a best-of-3
|t:|1784743760
|gametype|doubles
|player|p1|KingK0opa|bugsy|
|player|p2|Pietplezier7|265|
|gen|9
|tier|[Gen 9 Champions] VGC 2026 Reg M-B (Bo3)
|rule|Species Clause: Limit one of each Pokémon
|rule|Item Clause: Limit 1 of each item
|clearpoke
|poke|p1|Chimecho, L50, M|
|poke|p1|Mudsdale, L50, F|
|poke|p1|Farigiraf, L50, F|
|poke|p1|Vivillon, L50, M|
|poke|p1|Vanilluxe, L50, F|
|poke|p1|Scrafty, L50, M|
|poke|p2|Aerodactyl, L50, M|
|poke|p2|Charizard, L50, M|
|poke|p2|Incineroar, L50, M|
|poke|p2|Kingambit, L50, F|
|poke|p2|Sylveon, L50, M|
|poke|p2|Garchomp, L50, M|
|teampreview|4
|showteam|p1|Chimecho||Chimechite|Levitate|Psychic,FlashCannon,CalmMind,TrickRoom|Quiet||M|||50|]Mudsdale||LifeOrb|InnerFocus|Earthquake,HighHorsepower,RockSlide,HeavySlam|Brave||F|||50|]Farigiraf||SitrusBerry|ArmorTail|PsychicNoise,Thunderbolt,TrickRoom,Protect|Relaxed||F|||50|]Vivillon||FocusSash|CompoundEyes|Hurricane,SleepPowder,RagePowder,Protect|Timid||M|||50|]Vanilluxe||NeverMeltIce|SnowWarning|Blizzard,FreezeDry,IceShard,Protect|Quiet||F|||50|]Scrafty||Scraftinite|Intimidate|FakeOut,CloseCombat,Crunch,IronHead|Brave||M|||50|
|showteam|p2|Aerodactyl||Aerodactylite|Unnerve|RockSlide,DualWingbeat,WideGuard,Tailwind|Jolly||M|||50|]Charizard||CharizarditeY|Blaze|HeatWave,WeatherBall,SolarBeam,Protect|Modest||M|||50|]Incineroar||SitrusBerry|Intimidate|FlareBlitz,DarkestLariat,FakeOut,PartingShot|Impish||M|||50|]Kingambit||FocusSash|Defiant|KowtowCleave,IronHead,SuckerPunch,LowKick|Adamant||F|||50|]Sylveon||FairyFeather|Pixilate|HyperVoice,HyperBeam,QuickAttack,Detect|Modest||M|||50|]Garchomp||LifeOrb|RoughSkin|Earthquake,DragonClaw,RockSlide,Protect|Jolly||M|||50|
|inactive|Battle timer is ON: inactive players will automatically lose when time's up. (requested by KingK0opa)
|inactive|Pietplezier7 also wants the timer to be on.
|c|☆Pietplezier7|glhf!
|c|☆KingK0opa|gl hf
|inactive|Pietplezier7 has 60 seconds left.
|inactive|Pietplezier7 has 30 seconds left.
|inactive|Pietplezier7 has 20 seconds left.
|inactive|Pietplezier7 has 15 seconds left.
|
|t:|1784743836
|teamsize|p1|4
|teamsize|p2|4
|start
|switch|p1a: Farigiraf|Farigiraf, L50, F|100/100
|switch|p1b: Scrafty|Scrafty, L50, M|100/100
|switch|p2a: Charizard|Charizard, L50, M|100/100
|switch|p2b: Garchomp|Garchomp, L50, M|100/100
|-ability|p1b: Scrafty|Intimidate|boost
|-unboost|p2a: Charizard|atk|1
|-unboost|p2b: Garchomp|atk|1
|turn|1
|inactive|Pietplezier7 has 30 seconds left.
|inactive|Pietplezier7 has 20 seconds left.
|
|t:|1784743874
|switch|p2b: Sylveon|Sylveon, L50, M|100/100
|detailschange|p2a: Charizard|Charizard-Mega-Y, L50, M
|-mega|p2a: Charizard|Charizard|Charizardite Y
|-weather|SunnyDay|[from] ability: Drought|[of] p2a: Charizard
|detailschange|p1b: Scrafty|Scrafty-Mega, L50, M
|-mega|p1b: Scrafty|Scrafty|Scraftinite
|-ability|p1b: Scrafty|Intimidate|boost
|-unboost|p2a: Charizard|atk|1
|-unboost|p2b: Sylveon|atk|1
|move|p1b: Scrafty|Fake Out|p2a: Charizard
|-damage|p2a: Charizard|84/100
|cant|p2a: Charizard|flinch
|move|p1a: Farigiraf|Trick Room|p1a: Farigiraf
|-fieldstart|move: Trick Room|[of] p1a: Farigiraf
|
|-weather|SunnyDay|[upkeep]
|upkeep
|turn|2
|inactive|KingK0opa has 30 seconds left.
|inactive|Pietplezier7 has 30 seconds left.
|
|t:|1784743907
|switch|p2a: Incineroar|Incineroar, L50, M|100/100
|-ability|p2a: Incineroar|Intimidate|boost
|-unboost|p1a: Farigiraf|atk|1
|-unboost|p1b: Scrafty|atk|1
|move|p1a: Farigiraf|Thunderbolt|p2a: Incineroar
|-damage|p2a: Incineroar|78/100
|move|p1b: Scrafty|Iron Head|p2b: Sylveon
|-supereffective|p2b: Sylveon|1
|-damage|p2b: Sylveon|54/100
|cant|p2b: Sylveon|flinch
|
|-weather|SunnyDay|[upkeep]
|upkeep
|turn|3
|inactive|KingK0opa has 30 seconds left.
|
|t:|1784743940
|switch|p1b: Mudsdale|Mudsdale, L50, F|100/100
|move|p2b: Sylveon|Detect|p2b: Sylveon
|-singleturn|p2b: Sylveon|Protect
|move|p1a: Farigiraf|Psychic Noise|p2b: Sylveon
|-activate|p2b: Sylveon|move: Protect
|move|p2a: Incineroar|Darkest Lariat|p1a: Farigiraf
|-supereffective|p1a: Farigiraf|1
|-damage|p1a: Farigiraf|44/100
|-enditem|p1a: Farigiraf|Sitrus Berry|[eat]
|-heal|p1a: Farigiraf|69/100|[from] item: Sitrus Berry
|
|-weather|SunnyDay|[upkeep]
|upkeep
|turn|4
|inactive|KingK0opa has 30 seconds left.
|inactive|Pietplezier7 has 30 seconds left.
|inactive|KingK0opa has 20 seconds left.
|inactive|Pietplezier7 has 20 seconds left.
|
|t:|1784743979
|switch|p2a: Charizard|Charizard-Mega-Y, L50, M|84/100
|move|p1a: Farigiraf|Protect|p1a: Farigiraf
|-singleturn|p1a: Farigiraf|Protect
|move|p1b: Mudsdale|Earthquake|p2b: Sylveon|[spread] p2b
|-activate|p1a: Farigiraf|move: Protect
|-immune|p2a: Charizard
|-damage|p2b: Sylveon|0 fnt
|faint|p2b: Sylveon
|-damage|p1b: Mudsdale|90/100|[from] item: Life Orb
|
|-weather|SunnyDay|[upkeep]
|upkeep
|
|t:|1784743995
|switch|p2b: Garchomp|Garchomp, L50, M|100/100
|turn|5
|
|t:|1784744005
|switch|p1b: Scrafty|Scrafty-Mega, L50, M|100/100
|-ability|p1b: Scrafty|Intimidate|boost
|-unboost|p2a: Charizard|atk|1
|-unboost|p2b: Garchomp|atk|1
|move|p2a: Charizard|Protect|p2a: Charizard
|-singleturn|p2a: Charizard|Protect
|move|p2b: Garchomp|Protect|p2b: Garchomp
|-singleturn|p2b: Garchomp|Protect
|move|p1a: Farigiraf|Thunderbolt|p2a: Charizard
|-activate|p2a: Charizard|move: Protect
|
|-weather|none
|-fieldend|move: Trick Room
|upkeep
|turn|6
|
|t:|1784744015
|switch|p2a: Incineroar|Incineroar, L50, M|78/100
|-ability|p2a: Incineroar|Intimidate|boost
|-unboost|p1a: Farigiraf|atk|1
|-unboost|p1b: Scrafty|atk|1
|move|p1b: Scrafty|Fake Out|p2a: Incineroar
|-damage|p2a: Incineroar|70/100
|move|p2b: Garchomp|Rock Slide|p1a: Farigiraf|[spread] 
|-miss|p2b: Garchomp|p1a: Farigiraf
|-miss|p2b: Garchomp|p1b: Scrafty
|move|p1a: Farigiraf|Trick Room|p1a: Farigiraf
|-fieldstart|move: Trick Room|[of] p1a: Farigiraf
|
|upkeep
|turn|7
|inactive|Pietplezier7 has 30 seconds left.
|
|t:|1784744041
|switch|p1b: Mudsdale|Mudsdale, L50, F|90/100
|move|p1a: Farigiraf|Psychic Noise|p2b: Garchomp
|-damage|p2b: Garchomp|70/100
|-start|p2b: Garchomp|move: Heal Block
|move|p2a: Incineroar|Darkest Lariat|p1a: Farigiraf
|-supereffective|p1a: Farigiraf|1
|-damage|p1a: Farigiraf|12/100
|move|p2b: Garchomp|Rock Slide|p1a: Farigiraf|[spread] p1a,p1b
|-resisted|p1b: Mudsdale|1
|-damage|p1a: Farigiraf|0 fnt
|-damage|p1b: Mudsdale|81/100
|faint|p1a: Farigiraf
|-damage|p2b: Garchomp|60/100|[from] item: Life Orb
|
|upkeep
|
|t:|1784744054
|switch|p1a: Scrafty|Scrafty-Mega, L50, M|100/100
|-ability|p1a: Scrafty|Intimidate|boost
|-unboost|p2a: Incineroar|atk|1
|-unboost|p2b: Garchomp|atk|1
|turn|8
|inactive|Pietplezier7 has 30 seconds left.
|
|t:|1784744087
|switch|p2a: Charizard|Charizard-Mega-Y, L50, M|84/100
|-weather|SunnyDay|[from] ability: Drought|[of] p2a: Charizard
|move|p1b: Mudsdale|Rock Slide|p2b: Garchomp|[spread] p2a,p2b
|-supereffective|p2a: Charizard|2
|-resisted|p2b: Garchomp|1
|-damage|p2a: Charizard|0 fnt
|-damage|p2b: Garchomp|47/100
|faint|p2a: Charizard
|-damage|p1b: Mudsdale|72/100|[from] item: Life Orb
|move|p1a: Scrafty|Crunch|p2b: Garchomp
|-damage|p2b: Garchomp|4/100
|-damage|p1a: Scrafty|87/100|[from] ability: Rough Skin|[of] p2b: Garchomp
|move|p2b: Garchomp|Earthquake|p1a: Scrafty|[spread] p1a,p1b
|-crit|p1a: Scrafty
|-crit|p1b: Mudsdale
|-damage|p1a: Scrafty|26/100
|-damage|p1b: Mudsdale|4/100
|-damage|p2b: Garchomp|0 fnt|[from] item: Life Orb
|faint|p2b: Garchomp
|
|-weather|SunnyDay|[upkeep]
|upkeep
|-message|Pietplezier7 forfeited.
|
|win|KingK0opa
||Pietplezier7 is ready for game 2.
||KingK0opa is ready for game 2.
|uhtml|next|Next: Game 2 of 3
|l|☆KingK0opa
|player|p1|
