|j|☆MidoMidori
|j|☆no89
|html|MidoMidorino89    
|uhtml|bestof|Game 2 of a best-of-3
|t:|1756314923
|gametype|doubles
|player|p1|MidoMidori|roxanne-gen6|1286
|player|p2|no89|pokemonbreeder-gen4|1322
|gen|9
|tier|[Gen 9] VGC 2025 Reg H (Bo3)
|rated|
|rule|Species Clause: Limit one of each Pokémon
|rule|Item Clause: Limit 1 of each item
|clearpoke
|poke|p1|Sneasler, L50, F|
|poke|p1|Indeedee, L50, M|
|poke|p1|Volcarona, L50, F|
|poke|p1|Ursaluna-Bloodmoon, L50, M|
|poke|p1|Annihilape, L50, F|
|poke|p1|Tyranitar, L50, M|
|poke|p2|Flamigo, L50, F|
|poke|p2|Gholdengo, L50|
|poke|p2|Milotic, L50, F|
|poke|p2|Archaludon, L50, M|
|poke|p2|Magmar, L50, M|
|poke|p2|Basculegion, L50, M|
|teampreview|4
|showteam|p1|Sneasler||PsychicSeed|Unburden|CloseCombat,DireClaw,ThroatChop,Protect|||F|||50|,,,,,Dark]Indeedee||ChoiceScarf|PsychicSurge|ExpandingForce,TeraBlast,Trick,Protect|||M|||50|,,,,,Psychic]Volcarona||SitrusBerry|FlameBody|Overheat,StruggleBug,RagePowder,Tailwind|||F|||50|,,,,,Grass]Ursaluna-Bloodmoon||LifeOrb|MindsEye|BloodMoon,HyperVoice,EarthPower,Protect|||M|||50|,,,,,Normal]Annihilape||SafetyGoggles|Defiant|CloseCombat,RageFist,Taunt,FinalGambit|||F|||50|,,,,,Fairy]Tyranitar||AssaultVest|SandStream|RockSlide,KnockOff,TeraBlast,LowKick|||M|||50|,,,,,Flying
|showteam|p2|Flamigo||FocusSash|Scrappy|Tailwind,CloseCombat,BraveBird,Protect|||F|||50|,,,,,Ghost]Gholdengo||LifeOrb|GoodasGold|NastyPlot,MakeItRain,ShadowBall,Protect||||||50|,,,,,Dragon]Milotic||SafetyGoggles|Competitive|Scald,Haze,IceBeam,Protect|||F|||50|,,,,,Grass]Archaludon||PowerHerb|Stalwart|ElectroShot,AuraSphere,DragonPulse,Protect|||M|||50|,,,,,Electric]Magmar||Eviolite|VitalSpirit|FollowMe,HeatWave,Taunt,Protect|||M|||50|,,,,,Grass]Basculegion||ChoiceScarf|Adaptability|WaveCrash,LastRespects,FlipTurn,IcyWind|||M|||50|,,,,,Water
|
|t:|1756314935
|teamsize|p1|4
|teamsize|p2|4
|start
|switch|p1a: Volcarona|Volcarona, L50, F|100/100
|switch|p1b: Ursaluna|Ursaluna-Bloodmoon, L50, M|100/100
|switch|p2a: Basculegion|Basculegion, L50, M|100/100
|switch|p2b: Flamigo|Flamigo, L50, F|100/100
|turn|1
|
|t:|1756314964
|-terastallize|p1a: Volcarona|Grass
|move|p1b: Ursaluna|Protect|p1b: Ursaluna
|-singleturn|p1b: Ursaluna|Protect
|move|p2a: Basculegion|Wave Crash|p1b: Ursaluna
|-activate|p1b: Ursaluna|move: Protect
|move|p1a: Volcarona|Tailwind|p1a: Volcarona
|-sidestart|p1: MidoMidori|move: Tailwind
|move|p2b: Flamigo|Tailwind|p2b: Flamigo
|-sidestart|p2: no89|move: Tailwind
|
|upkeep
|turn|2
|
|t:|1756314977
|switch|p2a: Gholdengo|Gholdengo, L50|100/100
|move|p1a: Volcarona|Rage Powder|p1a: Volcarona
|-singleturn|p1a: Volcarona|move: Rage Powder
|move|p2b: Flamigo|Brave Bird|p1a: Volcarona
|-supereffective|p1a: Volcarona
|-damage|p1a: Volcarona|0 fnt
|faint|p1a: Volcarona
|-damage|p2b: Flamigo|63/100|[from] Recoil
|move|p1b: Ursaluna|Hyper Voice|p2b: Flamigo|[spread] p2a,p2b
|-resisted|p2a: Gholdengo
|-damage|p2a: Gholdengo|73/100
|-damage|p2b: Flamigo|0 fnt
|faint|p2b: Flamigo
|-damage|p1b: Ursaluna|91/100|[from] item: Life Orb
|
|upkeep
|
|t:|1756314989
|switch|p1a: Sneasler|Sneasler, L50, F|100/100
|switch|p2b: Basculegion|Basculegion, L50, M|100/100
|turn|3
|
|t:|1756315018
|move|p1a: Sneasler|Protect|p1a: Sneasler
|-singleturn|p1a: Sneasler|Protect
|move|p2b: Basculegion|Wave Crash|p1a: Sneasler
|-activate|p1a: Sneasler|move: Protect
|move|p2a: Gholdengo|Make It Rain|p1a: Sneasler|[spread] p1b
|-activate|p1a: Sneasler|move: Protect
|-damage|p1b: Ursaluna|2/100
|-unboost|p2a: Gholdengo|spa|1
|-damage|p2a: Gholdengo|63/100|[from] item: Life Orb
|move|p1b: Ursaluna|Earth Power|p2a: Gholdengo
|-supereffective|p2a: Gholdengo
|-damage|p2a: Gholdengo|0 fnt
|faint|p2a: Gholdengo
|-damage|p1b: Ursaluna|0 fnt|[from] item: Life Orb
|faint|p1b: Ursaluna
|
|upkeep
|
|t:|1756315032
|switch|p2a: Magmar|Magmar, L50, M|100/100
|switch|p1b: Indeedee|Indeedee, L50, M|100/100
|-fieldstart|move: Psychic Terrain|[from] ability: Psychic Surge|[of] p1b: Indeedee
|-enditem|p1a: Sneasler|Psychic Seed
|-boost|p1a: Sneasler|spd|1|[from] item: Psychic Seed
|turn|4
|
|t:|1756315052
|move|p2a: Magmar|Follow Me|p2a: Magmar
|-singleturn|p2a: Magmar|move: Follow Me
|move|p1a: Sneasler|Dire Claw|p2a: Magmar
|-damage|p2a: Magmar|60/100
|move|p1b: Indeedee|Expanding Force|p2a: Magmar|[spread] p2a,p2b
|-damage|p2a: Magmar|24/100
|-damage|p2b: Basculegion|36/100
|move|p2b: Basculegion|Wave Crash|p1b: Indeedee
|-damage|p1b: Indeedee|0 fnt
|faint|p1b: Indeedee
|-damage|p2b: Basculegion|13/100|[from] Recoil
|
|-sideend|p1: MidoMidori|move: Tailwind
|-sideend|p2: no89|move: Tailwind
|upkeep
|turn|5
|
|t:|1756315063
|-terastallize|p2b: Basculegion|Water
|move|p2a: Magmar|Follow Me|p2a: Magmar
|-singleturn|p2a: Magmar|move: Follow Me
|move|p1a: Sneasler|Dire Claw|p2a: Magmar
|-damage|p2a: Magmar|0 fnt
|faint|p2a: Magmar
|move|p2b: Basculegion|Wave Crash|p1a: Sneasler
|-damage|p1a: Sneasler|0 fnt
|faint|p1a: Sneasler
|-damage|p2b: Basculegion|0 fnt|[from] Recoil
|faint|p2b: Basculegion
|
|win|no89
||MidoMidori is ready for game 3.
|inactive|no89 has 30 seconds to confirm battle start!
||no89 is ready for game 3.
|uhtml|next|Next: Game 3 of 3
