|j|☆2whitefl
|j|☆johannes100100
|html|2whitefljohannes100100    
|uhtml|bestof|Game 1 of a best-of-3
|t:|1757667506
|gametype|doubles
|player|p1|2whitefl|blue|1249
|player|p2|johannes100100|preschooler|1229
|gen|9
|tier|[Gen 9] VGC 2025 Reg H (Bo3)
|rated|
|rule|Species Clause: Limit one of each Pokémon
|rule|Item Clause: Limit 1 of each item
|clearpoke
|poke|p1|Corviknight, L50, M|
|poke|p1|Gholdengo, L50|
|poke|p1|Raichu, L50, F|
|poke|p1|Rillaboom, L50, F|
|poke|p1|Annihilape, L50, M|
|poke|p1|Maushold, L50|
|poke|p2|Gallade, L50, M|
|poke|p2|Indeedee-F, L50, F|
|poke|p2|Ursaluna, L50, F|
|poke|p2|Torkoal, L50, F|
|poke|p2|Hatterene, L50, F|
|poke|p2|Maushold, L50|
|teampreview|4
|showteam|p1|Corviknight||SitrusBerry|MirrorArmor|BraveBird,Tailwind,BulkUp,Roost|||M|||50|,,,,,Water]Gholdengo||LifeOrb|GoodasGold|MakeItRain,ShadowBall,NastyPlot,Protect||||||50|,,,,,Water]Raichu||FocusSash|Static|FakeOut,Electroweb,Feint,Protect|||F|||50|,,,,,Ghost]Rillaboom||AssaultVest|GrassySurge|FakeOut,GrassyGlide,HighHorsepower,WoodHammer|||F|||50|,,,,,Fire]Annihilape||Leftovers|Defiant|RageFist,DrainPunch,BulkUp,Protect|||M|||50|,,,,,Fire]Maushold||SafetyGoggles|FriendGuard|SuperFang,BeatUp,FollowMe,Protect||||||50|,,,,,Ghost
|showteam|p2|Gallade||ClearAmulet|Sharpness|SacredSword,NightSlash,WideGuard,TrickRoom|||M|||50|,,,,,Dark]Indeedee-F||RockyHelmet|PsychicSurge|Psychic,FollowMe,HelpingHand,TrickRoom|||F|||50|,,,,,Grass]Ursaluna||FlameOrb|Guts|Protect,HeadlongRush,Facade,Earthquake|||F|||50|,,,,,Ghost]Torkoal||Charcoal|Drought|Protect,Eruption,WeatherBall,ClearSmog|||F|||50|,,,,,Fire]Hatterene||CovertCloak|MagicBounce|ExpandingForce,DazzlingGleam,MysticalFire,TrickRoom|||F|||50|,,,,,Fire]Maushold||WideLens|Technician|Protect,PopulationBomb,FollowMe,Taunt||||||50|,,,,,Poison
|inactive|Battle timer is ON: inactive players will automatically lose when time's up. (requested by 2whitefl)
|inactive|2whitefl has 60 seconds left.
|inactive|johannes100100 has 60 seconds left.
|
|t:|1757667540
|teamsize|p1|4
|teamsize|p2|4
|start
|switch|p1a: Annihilape|Annihilape, L50, M|100/100
|switch|p1b: Gholdengo|Gholdengo, L50|100/100
|switch|p2a: Gallade|Gallade, L50, M|100/100
|switch|p2b: Indeedee|Indeedee-F, L50, F|100/100
|-fieldstart|move: Psychic Terrain|[from] ability: Psychic Surge|[of] p2b: Indeedee
|turn|1
|inactive|2whitefl has 30 seconds left.
|
|t:|1757667568
|-terastallize|p1a: Annihilape|Fire
|-terastallize|p2a: Gallade|Dark
|move|p1a: Annihilape|Bulk Up|p1a: Annihilape
|-boost|p1a: Annihilape|atk|1
|-boost|p1a: Annihilape|def|1
|move|p1b: Gholdengo|Shadow Ball|p2a: Gallade
|-resisted|p2a: Gallade
|-damage|p2a: Gallade|79/100
|-damage|p1b: Gholdengo|91/100|[from] item: Life Orb
|move|p2a: Gallade|Night Slash|p1b: Gholdengo
|-supereffective|p1b: Gholdengo
|-damage|p1b: Gholdengo|0 fnt
|faint|p1b: Gholdengo
|move|p2b: Indeedee|Trick Room|p2b: Indeedee
|-fieldstart|move: Trick Room|[of] p2b: Indeedee
|
|upkeep
|
|t:|1757667580
|switch|p1b: Maushold|Maushold, L50|100/100
|turn|2
|
|t:|1757667598
|move|p1b: Maushold|Protect|p1b: Maushold
|-singleturn|p1b: Maushold|Protect
|move|p2b: Indeedee|Follow Me|p2b: Indeedee
|-singleturn|p2b: Indeedee|move: Follow Me
|move|p2a: Gallade|Sacred Sword|p1a: Annihilape
|-crit|p1a: Annihilape
|-damage|p1a: Annihilape|11/100
|move|p1a: Annihilape|Drain Punch|p2b: Indeedee
|-damage|p2b: Indeedee|54/100
|-heal|p1a: Annihilape|30/100|[from] drain|[of] p2b: Indeedee
|-damage|p1a: Annihilape|14/100|[from] item: Rocky Helmet|[of] p2b: Indeedee
|
|-heal|p1a: Annihilape|20/100|[from] item: Leftovers
|upkeep
|turn|3
|
|t:|1757667618
|move|p2b: Indeedee|Follow Me|p2b: Indeedee
|-singleturn|p2b: Indeedee|move: Follow Me
|move|p1b: Maushold|Follow Me|p1b: Maushold
|-singleturn|p1b: Maushold|move: Follow Me
|move|p2a: Gallade|Sacred Sword|p1b: Maushold
|-supereffective|p1b: Maushold
|-damage|p1b: Maushold|0 fnt
|faint|p1b: Maushold
|move|p1a: Annihilape|Drain Punch|p2b: Indeedee
|-damage|p2b: Indeedee|13/100
|-heal|p1a: Annihilape|38/100|[from] drain|[of] p2b: Indeedee
|-damage|p1a: Annihilape|22/100|[from] item: Rocky Helmet|[of] p2b: Indeedee
|
|-heal|p1a: Annihilape|28/100|[from] item: Leftovers
|upkeep
|
|t:|1757667621
|switch|p1b: Rillaboom|Rillaboom, L50, F|100/100
|-fieldstart|move: Grassy Terrain|[from] ability: Grassy Surge|[of] p1b: Rillaboom
|turn|4
|inactive|2whitefl has 30 seconds left.
|
|t:|1757667647
|switch|p2b: Ursaluna|Ursaluna, L50, F|100/100
|switch|p2a: Torkoal|Torkoal, L50, F|100/100
|-weather|SunnyDay|[from] ability: Drought|[of] p2a: Torkoal
|move|p1b: Rillaboom|Fake Out|p2a: Torkoal
|-damage|p2a: Torkoal|90/100
|move|p1a: Annihilape|Drain Punch|p2a: Torkoal
|-damage|p2a: Torkoal|57/100
|-heal|p1a: Annihilape|42/100|[from] drain|[of] p2a: Torkoal
|
|-weather|SunnyDay|[upkeep]
|-heal|p2a: Torkoal|63/100|[from] Grassy Terrain
|-heal|p1a: Annihilape|48/100|[from] Grassy Terrain
|-heal|p1a: Annihilape|54/100|[from] item: Leftovers
|-status|p2b: Ursaluna|brn|[from] item: Flame Orb
|upkeep
|turn|5
|
|t:|1757667672
|move|p1a: Annihilape|Protect|p1a: Annihilape
|-singleturn|p1a: Annihilape|Protect
|move|p2a: Torkoal|Eruption|p1a: Annihilape|[spread] p1b
|-activate|p1a: Annihilape|move: Protect
|-supereffective|p1b: Rillaboom
|-damage|p1b: Rillaboom|35/100
|move|p2b: Ursaluna|Facade|p1a: Annihilape
|-activate|p1a: Annihilape|move: Protect
|move|p1b: Rillaboom|High Horsepower|p2a: Torkoal
|-supereffective|p2a: Torkoal
|-damage|p2a: Torkoal|13/100
|
|-weather|SunnyDay|[upkeep]
|-heal|p2a: Torkoal|20/100|[from] Grassy Terrain
|-heal|p1b: Rillaboom|41/100|[from] Grassy Terrain
|-heal|p1a: Annihilape|61/100|[from] Grassy Terrain
|-heal|p1a: Annihilape|67/100|[from] item: Leftovers
|-damage|p2b: Ursaluna|94/100 brn|[from] brn
|-fieldend|move: Trick Room
|upkeep
|turn|6
|inactive|2whitefl has 30 seconds left.
|
|t:|1757667698
|move|p2b: Ursaluna|Protect|p2b: Ursaluna
|-singleturn|p2b: Ursaluna|Protect
|move|p1a: Annihilape|Drain Punch|p2b: Ursaluna
|-activate|p2b: Ursaluna|move: Protect
|move|p1b: Rillaboom|Wood Hammer|p2a: Torkoal
|-resisted|p2a: Torkoal
|-damage|p2a: Torkoal|0 fnt
|faint|p2a: Torkoal
|-damage|p1b: Rillaboom|36/100|[from] Recoil
|
|-weather|SunnyDay|[upkeep]
|-heal|p1a: Annihilape|73/100|[from] Grassy Terrain
|-heal|p1a: Annihilape|79/100|[from] item: Leftovers
|-heal|p1b: Rillaboom|41/100|[from] Grassy Terrain
|-heal|p2b: Ursaluna|100/100 brn|[from] Grassy Terrain
|-damage|p2b: Ursaluna|94/100 brn|[from] brn
|upkeep
|
|t:|1757667721
|switch|p2a: Gallade|Gallade, L50, M, tera:Dark|79/100
|turn|7
|
|t:|1757667745
|move|p1a: Annihilape|Drain Punch|p2b: Ursaluna
|-supereffective|p2b: Ursaluna
|-damage|p2b: Ursaluna|30/100 brn
|-heal|p1a: Annihilape|100/100|[from] drain|[of] p2b: Ursaluna
|move|p1b: Rillaboom|Wood Hammer|p2a: Gallade
|-damage|p2a: Gallade|0 fnt
|faint|p2a: Gallade
|-damage|p1b: Rillaboom|20/100|[from] Recoil
|move|p2b: Ursaluna|Headlong Rush|p1a: Annihilape
|-supereffective|p1a: Annihilape
|-damage|p1a: Annihilape|0 fnt
|-unboost|p2b: Ursaluna|def|1
|-unboost|p2b: Ursaluna|spd|1
|faint|p1a: Annihilape
|
|-weather|SunnyDay|[upkeep]
|-heal|p1b: Rillaboom|25/100|[from] Grassy Terrain
|-heal|p2b: Ursaluna|36/100 brn|[from] Grassy Terrain
|-damage|p2b: Ursaluna|30/100 brn|[from] brn
|upkeep
|
|t:|1757667761
|switch|p2a: Indeedee|Indeedee-F, L50, F|13/100
|-fieldstart|move: Psychic Terrain|[from] ability: Psychic Surge|[of] p2a: Indeedee
|turn|8
|
|t:|1757667767
|move|p2a: Indeedee|Follow Me|p2a: Indeedee
|-singleturn|p2a: Indeedee|move: Follow Me
|move|p1b: Rillaboom|Wood Hammer|p2a: Indeedee
|-damage|p2a: Indeedee|0 fnt
|-damage|p1b: Rillaboom|9/100|[from] item: Rocky Helmet|[of] p2a: Indeedee
|faint|p2a: Indeedee
|-damage|p1b: Rillaboom|5/100|[from] Recoil
|move|p2b: Ursaluna|Facade|p1b: Rillaboom
|-damage|p1b: Rillaboom|0 fnt
|faint|p1b: Rillaboom
|
|win|johannes100100
||2whitefl is ready for game 2.
||johannes100100 is ready for game 2.
|uhtml|next|Next: Game 2 of 3
