|j|‽JvmRdDCmp
|j|☆ChimpDoppio
|html|JvmRdDCmpChimpDoppio    
|uhtml|bestof|Game 2 of a best-of-3
|t:|1757199397
|gametype|doubles
|player|p1|JvmRdDCmp|2|1174
|player|p2|ChimpDoppio|ingo|1187
|gen|9
|tier|[Gen 9] VGC 2025 Reg H (Bo3)
|rated|
|rule|Species Clause: Limit one of each Pokémon
|rule|Item Clause: Limit 1 of each item
|clearpoke
|poke|p1|Slaking, L50, M|
|poke|p1|Kilowattrel, L50, M|
|poke|p1|Volcarona, L50, M|
|poke|p1|Wyrdeer, L50, F|
|poke|p1|Weezing, L50, F|
|poke|p1|Palafin, L50, F|
|poke|p2|Porygon2, L50|
|poke|p2|Ursaluna, L50, M|
|poke|p2|Volcarona, L50, F|
|poke|p2|Grimmsnarl, L50, M|
|poke|p2|Annihilape, L50, M|
|poke|p2|Hydreigon, L50, F|
|teampreview|4
|showteam|p1|Slaking||SafetyGoggles|Truant|Protect,DoubleEdge,SuckerPunch,SlackOff|||M|||50|,,,,,Normal]Kilowattrel||ChoiceScarf|Competitive|Electroweb,Thunderbolt,VoltSwitch,Hurricane|||M|||50|,,,,,Electric]Volcarona||SitrusBerry|FlameBody|Protect,FieryDance,BugBuzz,QuiverDance|||M|||50|,,,,,Poison]Wyrdeer||MentalHerb|Intimidate|SkillSwap,ExpandingForce,Protect,TeraBlast|||F|||50|,,,,,Fairy]Weezing||Leftovers|NeutralizingGas|Protect,Taunt,WillOWisp,SludgeBomb|||F|||50|,,,,,Dark]Palafin||EjectPack|ZerotoHero|JetPunch,WaveCrash,CloseCombat,Haze|||F|||50|,,,,,Water
|showteam|p2|Porygon2||Eviolite|Download|IceBeam,TeraBlast,Recover,TrickRoom||||||50|,,,,,Flying]Ursaluna||FlameOrb|Guts|Facade,Earthquake,HeadlongRush,Protect|||M|||50|,,,,,Ghost]Volcarona||SitrusBerry|FlameBody|GigaDrain,HeatWave,QuiverDance,RagePowder|||F|||50|,,,,,Dragon]Grimmsnarl||LightClay|Prankster|SpiritBreak,Reflect,LightScreen,PartingShot|||M|||50|,,,,,Ghost]Annihilape||SafetyGoggles|Defiant|Protect,BulkUp,DrainPunch,RageFist|||M|||50|,,,,,Water]Hydreigon||AssaultVest|Levitate|DracoMeteor,DarkPulse,EarthPower,FlashCannon|||F|||50|,,,,,Steel
|inactive|Battle timer is ON: inactive players will automatically lose when time's up. (requested by ChimpDoppio)
|inactive|ChimpDoppio has 60 seconds left.
|
|t:|1757199450
|teamsize|p1|4
|teamsize|p2|4
|start
|switch|p1a: Weezing|Weezing, L50, F|100/100
|switch|p1b: Volcarona|Volcarona, L50, M|100/100
|switch|p2a: Grimmsnarl|Grimmsnarl, L50, M|100/100
|switch|p2b: Hydreigon|Hydreigon, L50, F|100/100
|-ability|p1a: Weezing|Neutralizing Gas
|turn|1
|
|t:|1757199471
|-terastallize|p1a: Weezing|Dark
|move|p1b: Volcarona|Quiver Dance|p1b: Volcarona
|-boost|p1b: Volcarona|spa|1
|-boost|p1b: Volcarona|spd|1
|-boost|p1b: Volcarona|spe|1
|move|p2b: Hydreigon|Earth Power|p1a: Weezing
|-damage|p1a: Weezing|69/100
|move|p2a: Grimmsnarl|Light Screen|p2a: Grimmsnarl
|-sidestart|p2: ChimpDoppio|move: Light Screen
|move|p1a: Weezing|Taunt|p2a: Grimmsnarl
|-start|p2a: Grimmsnarl|move: Taunt
|
|-heal|p1a: Weezing|75/100|[from] item: Leftovers
|upkeep
|turn|2
|inactive|ChimpDoppio has 30 seconds left.
|
|t:|1757199502
|move|p1a: Weezing|Protect|p1a: Weezing
|-singleturn|p1a: Weezing|Protect
|move|p1b: Volcarona|Quiver Dance|p1b: Volcarona
|-boost|p1b: Volcarona|spa|1
|-boost|p1b: Volcarona|spd|1
|-boost|p1b: Volcarona|spe|1
|move|p2b: Hydreigon|Draco Meteor|p1a: Weezing
|-activate|p1a: Weezing|move: Protect
|move|p2a: Grimmsnarl|Spirit Break|p1a: Weezing
|-activate|p1a: Weezing|move: Protect
|
|-heal|p1a: Weezing|81/100|[from] item: Leftovers
|upkeep
|turn|3
|inactive|JvmRdDCmp has 30 seconds left.
|inactive|JvmRdDCmp has 20 seconds left.
|inactive|ChimpDoppio has 30 seconds left.
|inactive|JvmRdDCmp has 15 seconds left.
|
|t:|1757199545
|move|p1b: Volcarona|Bug Buzz|p2a: Grimmsnarl
|-damage|p2a: Grimmsnarl|55/100
|move|p2b: Hydreigon|Draco Meteor|p1a: Weezing
|-damage|p1a: Weezing|17/100
|-unboost|p2b: Hydreigon|spa|2
|move|p2a: Grimmsnarl|Spirit Break|p1a: Weezing
|-supereffective|p1a: Weezing
|-damage|p1a: Weezing|0 fnt
|faint|p1a: Weezing
|-end|p1a: Weezing|ability: Neutralizing Gas
|
|upkeep
|
|t:|1757199555
|switch|p1a: Palafin|Palafin, L50, F|100/100
|turn|4
|inactive|ChimpDoppio has 30 seconds left.
|
|t:|1757199593
|switch|p2b: Ursaluna|Ursaluna, L50, M|100/100
|switch|p2a: Porygon2|Porygon2, L50, shiny|100/100
|-ability|p2a: Porygon2|Download|boost
|-boost|p2a: Porygon2|atk|1
|move|p1b: Volcarona|Fiery Dance|p2a: Porygon2
|-damage|p2a: Porygon2|76/100
|move|p1a: Palafin|Close Combat|p2a: Porygon2
|-supereffective|p2a: Porygon2
|-damage|p2a: Porygon2|34/100
|-unboost|p1a: Palafin|def|1
|-unboost|p1a: Palafin|spd|1
|-enditem|p1a: Palafin|Eject Pack
|
|t:|1757199606
|detailschange|p1a: Palafin|Palafin-Hero, L50, F
|switch|p1a: Kilowattrel|Kilowattrel, L50, M|100/100
|
|-status|p2b: Ursaluna|brn|[from] item: Flame Orb
|upkeep
|turn|5
|
|t:|1757199623
|move|p1a: Kilowattrel|Volt Switch|p2a: Porygon2
|-damage|p2a: Porygon2|22/100
|
|t:|1757199626
|switch|p1a: Palafin|Palafin-Hero, L50, F|100/100|[from] Volt Switch
|-activate|p1a: Palafin|ability: Zero to Hero
|move|p1b: Volcarona|Fiery Dance|p2a: Porygon2
|-damage|p2a: Porygon2|0 fnt
|-boost|p1b: Volcarona|spa|1
|faint|p2a: Porygon2
|move|p2b: Ursaluna|Facade|p1b: Volcarona
|-damage|p1b: Volcarona|2/100
|-enditem|p1b: Volcarona|Sitrus Berry|[eat]
|-heal|p1b: Volcarona|27/100|[from] item: Sitrus Berry
|
|-damage|p2b: Ursaluna|95/100 brn|[from] brn
|upkeep
|
|t:|1757199636
|switch|p2a: Grimmsnarl|Grimmsnarl, L50, M|55/100
|turn|6
|
|t:|1757199652
|move|p2b: Ursaluna|Protect|p2b: Ursaluna
|-singleturn|p2b: Ursaluna|Protect
|move|p1a: Palafin|Jet Punch|p2a: Grimmsnarl
|-damage|p2a: Grimmsnarl|8/100
|move|p2a: Grimmsnarl|Reflect|p2a: Grimmsnarl
|-sidestart|p2: ChimpDoppio|Reflect
|move|p1b: Volcarona|Fiery Dance|p2b: Ursaluna
|-activate|p2b: Ursaluna|move: Protect
|
|-damage|p2b: Ursaluna|89/100 brn|[from] brn
|upkeep
|turn|7
|
|t:|1757199671
|move|p1a: Palafin|Jet Punch|p2b: Ursaluna
|-supereffective|p2b: Ursaluna
|-damage|p2b: Ursaluna|54/100 brn
|move|p2a: Grimmsnarl|Parting Shot|p1a: Palafin
|-unboost|p1a: Palafin|atk|1
|-unboost|p1a: Palafin|spa|1
|
|t:|1757199677
|switch|p2a: Hydreigon|Hydreigon, L50, F|100/100|[from] Parting Shot
|move|p1b: Volcarona|Fiery Dance|p2b: Ursaluna
|-damage|p2b: Ursaluna|0 fnt
|-boost|p1b: Volcarona|spa|1
|faint|p2b: Ursaluna
|
|upkeep
|
|t:|1757199682
|switch|p2b: Grimmsnarl|Grimmsnarl, L50, M|8/100
|turn|8
|inactive|ChimpDoppio has 30 seconds left.
|
|t:|1757199713
|move|p1a: Palafin|Jet Punch|p2b: Grimmsnarl
|-damage|p2b: Grimmsnarl|0 fnt
|faint|p2b: Grimmsnarl
|move|p1b: Volcarona|Bug Buzz|p2a: Hydreigon
|-supereffective|p2a: Hydreigon
|-damage|p2a: Hydreigon|0 fnt
|faint|p2a: Hydreigon
|
|win|JvmRdDCmp
||ChimpDoppio is ready for game 3.
||JvmRdDCmp is ready for game 3.
|uhtml|next|Next: Game 3 of 3
|l|‽JvmRdDCmp
|player|p1|
