|j|☆zach_lucius
|j|☆DomDaBomb886
|html|zach_luciusDomDaBomb886    
|uhtml|bestof|Game 2 of a best-of-3
|t:|1756931179
|gametype|doubles
|player|p1|zach_lucius|briar|1318
|player|p2|DomDaBomb886|2|1323
|gen|9
|tier|[Gen 9] VGC 2025 Reg H (Bo3)
|rated|
|rule|Species Clause: Limit one of each Pokémon
|rule|Item Clause: Limit 1 of each item
|clearpoke
|poke|p1|Indeedee-F, L50, F|
|poke|p1|Sneasler, L50, M|
|poke|p1|Armarouge, L50, F|
|poke|p1|Torkoal, L50, F|
|poke|p1|Lilligant-Hisui, L50, F|
|poke|p1|Gallade, L50, M|
|poke|p2|Gholdengo, L50|
|poke|p2|Dragonite, L50, M|
|poke|p2|Ursaluna-Bloodmoon, L50, M|
|poke|p2|Annihilape, L50, F|
|poke|p2|Incineroar, L50, F|
|poke|p2|Amoonguss, L50, F|
|teampreview|4
|showteam|p1|Indeedee-F||SafetyGoggles|PsychicSurge|Psychic,HelpingHand,FollowMe,TrickRoom|||F|||50|,,,,,Fairy]Sneasler||PsychicSeed|Unburden|DireClaw,CloseCombat,ThroatChop,Protect|||M|||50|,,,,,Dark]Armarouge||LifeOrb|FlashFire|ExpandingForce,ArmorCannon,TrickRoom,Protect|||F|||50|,,,,,Grass]Torkoal||Charcoal|Drought|Eruption,WeatherBall,ClearSmog,Protect|||F|||50|,,,,,Fire]Lilligant-Hisui||FocusSash|Chlorophyll|CloseCombat,SolarBlade,IceSpinner,AfterYou|||F|||50|,,,,,Ghost]Gallade||ClearAmulet|Sharpness|SacredSword,PsychoCut,WideGuard,TrickRoom|||M|||50|,,,,,Steel
|showteam|p2|Gholdengo||LifeOrb|GoodasGold|Protect,MakeItRain,ShadowBall,NastyPlot||||||50|,,,,,Water]Dragonite||LoadedDice|Multiscale|Protect,ScaleShot,Tailwind,Haze|||M|||50|,,,,,Fairy]Ursaluna-Bloodmoon||AssaultVest|MindsEye|EarthPower,BloodMoon,HyperVoice,VacuumWave|||M|||50|,,,,,Ghost]Annihilape||SafetyGoggles|Defiant|CloseCombat,RageFist,FinalGambit,Taunt|||F|||50|,,,,,Water]Incineroar||SitrusBerry|Intimidate|FlareBlitz,KnockOff,FakeOut,PartingShot|||F|||50|,,,,,Ghost]Amoonguss||RockyHelmet|Regenerator|Protect,PollenPuff,Spore,RagePowder|||F|||50|,,,,,Water
|inactive|Battle timer is ON: inactive players will automatically lose when time's up. (requested by DomDaBomb886)
|
|t:|1756931191
|teamsize|p1|4
|teamsize|p2|4
|start
|switch|p1a: Indeedee|Indeedee-F, L50, F|100/100
|switch|p1b: Gallade|Gallade, L50, M|100/100
|switch|p2a: Ursaluna|Ursaluna-Bloodmoon, L50, M|100/100
|switch|p2b: Gholdengo|Gholdengo, L50|100/100
|-fieldstart|move: Psychic Terrain|[from] ability: Psychic Surge|[of] p1a: Indeedee
|turn|1
|inactive|DomDaBomb886 has 30 seconds left.
|
|t:|1756931225
|switch|p1a: Sneasler|Sneasler, L50, M|100/100
|-enditem|p1a: Sneasler|Psychic Seed
|-boost|p1a: Sneasler|spd|1|[from] item: Psychic Seed
|-terastallize|p1b: Gallade|Steel
|move|p2b: Gholdengo|Shadow Ball|p1b: Gallade
|-damage|p1b: Gallade|52/100
|-damage|p2b: Gholdengo|91/100|[from] item: Life Orb
|move|p1b: Gallade|Sacred Sword|p2a: Ursaluna
|-supereffective|p2a: Ursaluna
|-damage|p2a: Ursaluna|0 fnt
|faint|p2a: Ursaluna
|
|upkeep
|
|t:|1756931247
|switch|p2a: Incineroar|Incineroar, L50, F|100/100
|-ability|p2a: Incineroar|Intimidate|boost
|-unboost|p1a: Sneasler|atk|1
|-fail|p1b: Gallade|unboost|[from] item: Clear Amulet|[of] p1b: Gallade
|turn|2
|inactive|zach_lucius has 30 seconds left.
|inactive|DomDaBomb886 has 30 seconds left.
|
|t:|1756931282
|switch|p2b: Amoonguss|Amoonguss, L50, F|100/100
|-terastallize|p2a: Incineroar|Ghost
|move|p1a: Sneasler|Protect|p1a: Sneasler
|-singleturn|p1a: Sneasler|Protect
|move|p1b: Gallade|Sacred Sword|p2a: Incineroar
|-immune|p2a: Incineroar
|move|p2a: Incineroar|Flare Blitz|p1b: Gallade
|-supereffective|p1b: Gallade
|-damage|p1b: Gallade|0 fnt
|faint|p1b: Gallade
|-damage|p2a: Incineroar|86/100|[from] Recoil
|
|upkeep
|
|t:|1756931289
|switch|p1b: Armarouge|Armarouge, L50, F|100/100
|turn|3
|
|t:|1756931310
|move|p2b: Amoonguss|Rage Powder|p2b: Amoonguss
|-singleturn|p2b: Amoonguss|move: Rage Powder
|move|p1a: Sneasler|Throat Chop|p2b: Amoonguss
|-damage|p2b: Amoonguss|82/100
|-start|p2b: Amoonguss|Throat Chop|[silent]
|-damage|p1a: Sneasler|84/100|[from] item: Rocky Helmet|[of] p2b: Amoonguss
|move|p1b: Armarouge|Expanding Force|p2b: Amoonguss|[spread] p2a,p2b
|-supereffective|p2b: Amoonguss
|-damage|p2a: Incineroar|24/100
|-damage|p2b: Amoonguss|0 fnt
|-enditem|p2a: Incineroar|Sitrus Berry|[eat]
|-heal|p2a: Incineroar|49/100|[from] item: Sitrus Berry
|faint|p2b: Amoonguss
|-damage|p1b: Armarouge|91/100|[from] item: Life Orb
|move|p2a: Incineroar|Knock Off|p1b: Armarouge
|-supereffective|p1b: Armarouge
|-damage|p1b: Armarouge|21/100
|-enditem|p1b: Armarouge|Life Orb|[from] move: Knock Off|[of] p2a: Incineroar
|
|upkeep
|
|t:|1756931325
|switch|p2b: Gholdengo|Gholdengo, L50|91/100
|turn|4
|
|t:|1756931350
|move|p1b: Armarouge|Protect|p1b: Armarouge
|-singleturn|p1b: Armarouge|Protect
|move|p1a: Sneasler|Throat Chop|p2a: Incineroar
|-supereffective|p2a: Incineroar
|-damage|p2a: Incineroar|13/100
|-start|p2a: Incineroar|Throat Chop|[silent]
|move|p2b: Gholdengo|Make It Rain|p1a: Sneasler|[spread] p1a
|-activate|p1b: Armarouge|move: Protect
|-damage|p1a: Sneasler|34/100
|-unboost|p2b: Gholdengo|spa|1
|-damage|p2b: Gholdengo|82/100|[from] item: Life Orb
|move|p2a: Incineroar|Flare Blitz|p1a: Sneasler
|-damage|p1a: Sneasler|0 fnt
|faint|p1a: Sneasler
|-damage|p2a: Incineroar|5/100|[from] Recoil
|
|upkeep
|
|t:|1756931363
|switch|p1a: Indeedee|Indeedee-F, L50, F|100/100
|turn|5
|
|t:|1756931375
|move|p1a: Indeedee|Follow Me|p1a: Indeedee
|-singleturn|p1a: Indeedee|move: Follow Me
|move|p2b: Gholdengo|Make It Rain|p1b: Armarouge|[spread] p1a,p1b
|-resisted|p1b: Armarouge
|-damage|p1a: Indeedee|63/100
|-damage|p1b: Armarouge|2/100
|-unboost|p2b: Gholdengo|spa|1
|-damage|p2b: Gholdengo|72/100|[from] item: Life Orb
|move|p1b: Armarouge|Expanding Force|p2a: Incineroar|[spread] p2a,p2b
|-resisted|p2b: Gholdengo
|-damage|p2a: Incineroar|0 fnt
|-damage|p2b: Gholdengo|35/100
|faint|p2a: Incineroar
|
|-fieldend|move: Psychic Terrain
|upkeep
|turn|6
|
|t:|1756931391
|move|p1b: Armarouge|Protect|p1b: Armarouge
|-singleturn|p1b: Armarouge|Protect
|move|p2b: Gholdengo|Make It Rain|p1b: Armarouge|[spread] p1a
|-activate|p1b: Armarouge|move: Protect
|-damage|p1a: Indeedee|37/100
|-unboost|p2b: Gholdengo|spa|1
|-damage|p2b: Gholdengo|26/100|[from] item: Life Orb
|move|p1a: Indeedee|Trick Room|p1a: Indeedee
|-fieldstart|move: Trick Room|[of] p1a: Indeedee
|
|upkeep
|turn|7
|
|t:|1756931405
|move|p1a: Indeedee|Helping Hand|p1b: Armarouge
|-singleturn|p1b: Armarouge|Helping Hand|[of] p1a: Indeedee
|move|p1b: Armarouge|Armor Cannon|p2b: Gholdengo
|-supereffective|p2b: Gholdengo
|-damage|p2b: Gholdengo|0 fnt
|-unboost|p1b: Armarouge|def|1
|-unboost|p1b: Armarouge|spd|1
|faint|p2b: Gholdengo
|
|win|zach_lucius
||DomDaBomb886 is ready for game 3.
|inactive|zach_lucius has 30 seconds to confirm battle start!
|inactive|zach_lucius has 20 seconds to confirm battle start!
||zach_lucius is ready for game 3.
|uhtml|next|Next: Game 3 of 3
|l|☆DomDaBomb886
|player|p2|
