|j|☆Scoseb
|j|☆failandimprove5
|html|Scosebfailandimprove5    
|uhtml|bestof|Game 1 of a best-of-3
|t:|1784663687
|gametype|doubles
|player|p1|Scoseb|brycenman|1328
|player|p2|failandimprove5|265|1413
|gen|9
|tier|[Gen 9 Champions] VGC 2026 Reg M-B (Bo3)
|rated|
|rule|Species Clause: Limit one of each Pokémon
|rule|Item Clause: Limit 1 of each item
|clearpoke
|poke|p1|Gholdengo, L50|
|poke|p1|Zoroark-Hisui, L50, M|
|poke|p1|Incineroar, L50, F|
|poke|p1|Whimsicott, L50, F|
|poke|p1|Staraptor, L50, F|
|poke|p1|Garchomp, L50, M|
|poke|p2|Kingambit, L50, M|
|poke|p2|Sneasler, L50, F|
|poke|p2|Froslass, L50, F|
|poke|p2|Lycanroc-Dusk, L50, M|
|poke|p2|Basculegion, L50, M|
|poke|p2|Scovillain, L50, F|
|teampreview|4
|showteam|p1|Gholdengo||LifeOrb|GoodasGold|PowerGem,Protect,MakeItRain,ShadowBall|Modest|||||50|]Zoroark-Hisui||FocusSash|Illusion|Taunt,IcyWind,FakeTears,BitterMalice|Timid||M|||50|]Incineroar||SitrusBerry|Intimidate|FakeOut,PartingShot,FlareBlitz,DarkestLariat|Careful||F|||50|]Whimsicott||FairyFeather|Prankster|Moonblast,Tailwind,Charm,Encore|Modest||F|||50|]Staraptor||Staraptite|Reckless|CloseCombat,Protect,BraveBird,Roost|Jolly||F|||50|]Garchomp||Garchompite|RoughSkin|Protect,Earthquake,DragonClaw,RockSlide|Adamant||M|||50|
|showteam|p2|Kingambit||LifeOrb|Defiant|KowtowCleave,SuckerPunch,SwordsDance,Protect|Adamant||M|||50|]Sneasler||WhiteHerb|Unburden|FakeOut,CloseCombat,GunkShot,Protect|Adamant||F|||50|]Froslass||Froslassite|SnowCloak|Blizzard,AuroraVeil,ShadowBall,Protect|Timid||F|||50|]Lycanroc-Dusk||FocusSash|ToughClaws|CloseCombat,RockSlide,Accelerock,Protect|Adamant||M|||50|]Basculegion||SitrusBerry|Adaptability|LastRespects,AquaJet,WaveCrash,Protect|Adamant||M|||50|]Scovillain||Scovillainite|Moody|Overheat,GigaDrain,RagePowder,Protect|Bold||F|||50|
|inactive|Battle timer is ON: inactive players will automatically lose when time's up. (requested by Scoseb)
|inactive|Scoseb has 60 seconds left.
|inactive|failandimprove5 has 60 seconds left.
|
|t:|1784663740
|teamsize|p1|4
|teamsize|p2|4
|start
|switch|p1a: Gholdengo|Gholdengo, L50|100/100
|switch|p1b: Incineroar|Incineroar, L50, F|100/100
|switch|p2a: Kingambit|Kingambit, L50, M|100/100
|switch|p2b: Froslass|Froslass, L50, F|100/100
|turn|1
|inactive|failandimprove5 has 30 seconds left.
|
|t:|1784663773
|detailschange|p2b: Froslass|Froslass-Mega, L50, F
|-mega|p2b: Froslass|Froslass|Froslassite
|-weather|Snowscape|[from] ability: Snow Warning|[of] p2b: Froslass
|move|p1a: Gholdengo|Protect|p1a: Gholdengo
|-singleturn|p1a: Gholdengo|Protect
|move|p2a: Kingambit|Sucker Punch||[still]
|-fail|p2a: Kingambit
|move|p2b: Froslass|Aurora Veil|p2b: Froslass
|-sidestart|p2: failandimprove5|move: Aurora Veil
|move|p1b: Incineroar|Bitter Malice|p2b: Froslass
|-supereffective|p2b: Froslass|1
|-damage|p2b: Froslass|47/100
|-unboost|p2b: Froslass|atk|1
|
|-weather|Snowscape|[upkeep]
|upkeep
|turn|2
|
|t:|1784663797
|switch|p1a: Incineroar|Incineroar, L50, F|100/100
|-ability|p1a: Incineroar|Intimidate|boost
|-unboost|p2a: Kingambit|atk|1
|-ability|p2a: Kingambit|Defiant|boost
|-boost|p2a: Kingambit|atk|2
|-unboost|p2b: Froslass|atk|1
|move|p2a: Kingambit|Sucker Punch|p1b: Incineroar
|-supereffective|p1b: Incineroar|1
|-enditem|p1b: Incineroar|Focus Sash
|-damage|p1b: Incineroar|1/100
|replace|p1b: Zoroark|Zoroark-Hisui, L50, M
|-end|p1b: Zoroark|Illusion
|-damage|p2a: Kingambit|90/100|[from] item: Life Orb
|move|p2b: Froslass|Shadow Ball|p1a: Incineroar
|-resisted|p1a: Incineroar|1
|-damage|p1a: Incineroar|84/100
|move|p1b: Zoroark|Bitter Malice|p2b: Froslass
|-supereffective|p2b: Froslass|1
|-damage|p2b: Froslass|0 fnt
|faint|p2b: Froslass
|
|-weather|Snowscape|[upkeep]
|upkeep
|
|t:|1784663804
|switch|p2b: Basculegion|Basculegion, L50, M|100/100
|turn|3
|
|t:|1784663828
|move|p1a: Incineroar|Fake Out|p2a: Kingambit
|-resisted|p2a: Kingambit|1
|-damage|p2a: Kingambit|87/100
|move|p2b: Basculegion|Aqua Jet|p1b: Zoroark
|-damage|p1b: Zoroark|0 fnt
|faint|p1b: Zoroark
|cant|p2a: Kingambit|flinch
|
|-weather|Snowscape|[upkeep]
|upkeep
|
|t:|1784663837
|switch|p1b: Staraptor|Staraptor, L50, F|100/100
|turn|4
|
|t:|1784663859
|switch|p2b: Scovillain|Scovillain, L50, F|100/100
|detailschange|p1b: Staraptor|Staraptor-Mega, L50, F
|-mega|p1b: Staraptor|Staraptor|Staraptite
|move|p2a: Kingambit|Protect|p2a: Kingambit
|-singleturn|p2a: Kingambit|Protect
|move|p1b: Staraptor|Close Combat|p2a: Kingambit
|-activate|p2a: Kingambit|move: Protect
|move|p1a: Incineroar|Parting Shot|p2b: Scovillain
|-unboost|p2b: Scovillain|atk|1
|-unboost|p2b: Scovillain|spa|1
|
|t:|1784663869
|switch|p1a: Gholdengo|Gholdengo, L50|100/100|[from] Parting Shot
|
|-weather|Snowscape|[upkeep]
|-ability|p2b: Scovillain|Moody|boost
|-boost|p2b: Scovillain|def|2
|-unboost|p2b: Scovillain|spa|1
|upkeep
|turn|5
|
|t:|1784663878
|move|p1b: Staraptor|Protect|p1b: Staraptor
|-singleturn|p1b: Staraptor|Protect
|move|p2b: Scovillain|Rage Powder|p2b: Scovillain
|-singleturn|p2b: Scovillain|move: Rage Powder
|move|p1a: Gholdengo|Power Gem|p2b: Scovillain
|-supereffective|p2b: Scovillain|1
|-damage|p2b: Scovillain|32/100
|-damage|p1a: Gholdengo|90/100|[from] item: Life Orb
|move|p2a: Kingambit|Swords Dance|p2a: Kingambit
|-boost|p2a: Kingambit|atk|2
|
|-weather|none
|-sideend|p2: failandimprove5|move: Aurora Veil
|-ability|p2b: Scovillain|Moody|boost
|-boost|p2b: Scovillain|spa|2
|-unboost|p2b: Scovillain|def|1
|upkeep
|turn|6
|inactive|Scoseb has 30 seconds left.
|inactive|failandimprove5 has 30 seconds left.
|inactive|failandimprove5 has 20 seconds left.
|inactive|failandimprove5 has 15 seconds left.
|
|t:|1784663920
|switch|p1b: Incineroar|Incineroar, L50, F|84/100
|-ability|p1b: Incineroar|Intimidate|boost
|-unboost|p2a: Kingambit|atk|1
|-ability|p2a: Kingambit|Defiant|boost
|-boost|p2a: Kingambit|atk|2
|-unboost|p2b: Scovillain|atk|1
|move|p2b: Scovillain|Rage Powder|p2b: Scovillain
|-singleturn|p2b: Scovillain|move: Rage Powder
|move|p1a: Gholdengo|Power Gem|p2b: Scovillain
|-supereffective|p2b: Scovillain|1
|-damage|p2b: Scovillain|0 fnt
|faint|p2b: Scovillain
|-damage|p1a: Gholdengo|80/100|[from] item: Life Orb
|move|p2a: Kingambit|Kowtow Cleave|p1b: Incineroar
|-resisted|p1b: Incineroar|1
|-damage|p1b: Incineroar|3/100
|-enditem|p1b: Incineroar|Sitrus Berry|[eat]
|-heal|p1b: Incineroar|28/100|[from] item: Sitrus Berry
|-damage|p2a: Kingambit|77/100|[from] item: Life Orb
|
|upkeep
|
|t:|1784663922
|switch|p2b: Basculegion|Basculegion, L50, M|100/100
|turn|7
|inactive|failandimprove5 has 30 seconds left.
|inactive|failandimprove5 has 20 seconds left.
|inactive|failandimprove5 has 15 seconds left.
|
|t:|1784663965
|move|p1a: Gholdengo|Protect|p1a: Gholdengo
|-singleturn|p1a: Gholdengo|Protect
|move|p2b: Basculegion|Protect|p2b: Basculegion
|-singleturn|p2b: Basculegion|Protect
|move|p2a: Kingambit|Protect|p2a: Kingambit
|-singleturn|p2a: Kingambit|Protect
|move|p1b: Incineroar|Parting Shot|p2b: Basculegion
|-activate|p2b: Basculegion|move: Protect
|
|upkeep
|turn|8
|
|t:|1784663978
|move|p1a: Gholdengo|Protect||[still]
|-fail|p1a: Gholdengo
|move|p2a: Kingambit|Sucker Punch||[still]
|-fail|p2a: Kingambit
|move|p2b: Basculegion|Last Respects|p1a: Gholdengo
|-supereffective|p1a: Gholdengo|1
|-damage|p1a: Gholdengo|0 fnt
|faint|p1a: Gholdengo
|move|p1b: Incineroar|Flare Blitz|p2a: Kingambit
|-supereffective|p2a: Kingambit|1
|-damage|p2a: Kingambit|10/100
|-damage|p1b: Incineroar|5/100|[from] Recoil
|
|upkeep
|
|t:|1784663989
|switch|p1a: Staraptor|Staraptor-Mega, L50, F|100/100
|turn|9
|
|t:|1784664002
|move|p2a: Kingambit|Protect|p2a: Kingambit
|-singleturn|p2a: Kingambit|Protect
|move|p2b: Basculegion|Aqua Jet|p1b: Incineroar
|-supereffective|p1b: Incineroar|1
|-damage|p1b: Incineroar|0 fnt
|faint|p1b: Incineroar
|move|p1a: Staraptor|Close Combat|p2a: Kingambit
|-activate|p2a: Kingambit|move: Protect
|
|upkeep
|turn|10
|
|t:|1784664017
|move|p2a: Kingambit|Sucker Punch|p1a: Staraptor
|-resisted|p1a: Staraptor|1
|-damage|p1a: Staraptor|32/100
|-damage|p2a: Kingambit|1/100|[from] item: Life Orb
|move|p1a: Staraptor|Close Combat|p2a: Kingambit
|-supereffective|p2a: Kingambit|2
|-damage|p2a: Kingambit|0 fnt
|-boost|p1a: Staraptor|def|1
|-boost|p1a: Staraptor|spd|1
|faint|p2a: Kingambit
|move|p2b: Basculegion|Last Respects|p1a: Staraptor
|-damage|p1a: Staraptor|0 fnt
|faint|p1a: Staraptor
|
|win|failandimprove5
|inactive|Scoseb has 30 seconds to confirm battle start!
|inactive|failandimprove5 has 30 seconds to confirm battle start!
||Scoseb is ready for game 2.
|inactive|failandimprove5 has 20 seconds to confirm battle start!
||failandimprove5 is ready for game 2.
|uhtml|next|Next: Game 2 of 3
