|j|☆EBnilla
|j|☆ethical sga
|html|EBnillaethical sga    
|uhtml|bestof|Game 1 of a best-of-3
|t:|1783437057
|gametype|doubles
|player|p1|EBnilla|backpacker|1121
|player|p2|ethical sga|lass-gen4dp|1211
|gen|9
|tier|[Gen 9 Champions] VGC 2026 Reg M-B (Bo3)
|rated|
|rule|Species Clause: Limit one of each Pokémon
|rule|Item Clause: Limit 1 of each item
|clearpoke
|poke|p1|Floette-Eternal, L50, F|
|poke|p1|Grimmsnarl, L50, M|
|poke|p1|Espathra, L50, M|
|poke|p1|Sinistcha, L50|
|poke|p1|Annihilape, L50, F|
|poke|p1|Raichu, L50, F|
|poke|p2|Scrafty, L50, F, shiny|
|poke|p2|Ceruledge, L50, M|
|poke|p2|Ninetales-Alola, L50, M|
|poke|p2|Sinistcha, L50|
|poke|p2|Garchomp, L50, M|
|poke|p2|Raichu, L50, M|
|teampreview|4
|showteam|p1|Floette-Eternal||Floettite|FlowerVeil|DazzlingGleam,DrainingKiss,CalmMind,Protect|Modest||F|||50|]Grimmsnarl||LightClay|Prankster|SpiritBreak,Reflect,LightScreen,PartingShot|Relaxed||M|||50|]Espathra||MentalHerb|SpeedBoost|LuminaCrash,BatonPass,CalmMind,Protect|Timid||M|||50|]Sinistcha||SitrusBerry|Hospitality|MatchaGotcha,RagePowder,GrassyTerrain,Protect|Sassy|||||50|]Annihilape||Leftovers|Defiant|RageFist,DrainPunch,BulkUp,Protect|Careful||F|||50|]Raichu||RaichuniteY|LightningRod|ZapCannon,FocusBlast,FakeOut,Protect|Timid||F|||50|
|showteam|p2|Scrafty||Scraftinite|Intimidate|Detect,DrainPunch,KnockOff,FakeOut|Adamant||F|||50|]Ceruledge||ColburBerry|FlashFire|Protect,BitterBlade,ShadowSneak,BulkUp|Adamant||M|||50|]Ninetales-Alola||NeverMeltIce|SnowWarning|Protect,FreezeDry,IcyWind,AuroraVeil|Timid||M|||50|]Sinistcha||FocusSash|Hospitality|Protect,MatchaGotcha,Hex,RagePowder|Modest|||||50|]Garchomp||LifeOrb|RoughSkin|Protect,DragonClaw,StompingTantrum,RockTomb|Jolly||M|||50|]Raichu||RaichuniteY|LightningRod|Protect,ZapCannon,FocusBlast,FakeOut|Timid||M|||50|
|inactive|Battle timer is ON: inactive players will automatically lose when time's up. (requested by EBnilla)
|
|t:|1783437109
|teamsize|p1|4
|teamsize|p2|4
|start
|switch|p1a: Grimmsnarl|Grimmsnarl, L50, M|100/100
|switch|p1b: Espathra|Espathra, L50, M|100/100
|switch|p2a: Ninetales|Ninetales-Alola, L50, M|100/100
|switch|p2b: Raichu|Raichu, L50, M|100/100
|-weather|Snowscape|[from] ability: Snow Warning|[of] p2a: Ninetales
|turn|1
|
|t:|1783437117
|detailschange|p2b: Raichu|Raichu-Mega-Y, L50, M
|-mega|p2b: Raichu|Raichu|Raichunite Y
|move|p1b: Espathra|Protect|p1b: Espathra
|-singleturn|p1b: Espathra|Protect
|move|p1a: Grimmsnarl|Light Screen|p1a: Grimmsnarl
|-sidestart|p1: EBnilla|move: Light Screen
|move|p2b: Raichu|Zap Cannon|p1a: Grimmsnarl
|-damage|p1a: Grimmsnarl|54/100
|-status|p1a: Grimmsnarl|par
|move|p2a: Ninetales|Icy Wind|p1a: Grimmsnarl|[spread] p1a
|-activate|p1b: Espathra|move: Protect
|-crit|p1a: Grimmsnarl
|-damage|p1a: Grimmsnarl|24/100 par
|-unboost|p1a: Grimmsnarl|spe|1
|
|-weather|Snowscape|[upkeep]
|-ability|p1b: Espathra|Speed Boost|boost
|-boost|p1b: Espathra|spe|1
|upkeep
|turn|2
|
|t:|1783437131
|move|p1a: Grimmsnarl|Parting Shot|p2a: Ninetales
|-unboost|p2a: Ninetales|atk|1
|-unboost|p2a: Ninetales|spa|1
|
|t:|1783437133
|switch|p1a: Raichu|Raichu, L50, F|100/100|[from] Parting Shot
|move|p1b: Espathra|Calm Mind|p1b: Espathra
|-boost|p1b: Espathra|spa|1
|-boost|p1b: Espathra|spd|1
|move|p2b: Raichu|Zap Cannon|p1a: Raichu
|-activate|p1a: Raichu|ability: Lightning Rod
|-ability|p1a: Raichu|Lightning Rod|boost
|-boost|p1a: Raichu|spa|1
|move|p2a: Ninetales|Icy Wind|p1b: Espathra|[spread] p1a,p1b
|-damage|p1a: Raichu|87/100
|-damage|p1b: Espathra|90/100
|-unboost|p1a: Raichu|spe|1
|-unboost|p1b: Espathra|spe|1
|
|-weather|Snowscape|[upkeep]
|-ability|p1b: Espathra|Speed Boost|boost
|-boost|p1b: Espathra|spe|1
|upkeep
|turn|3
|inactive|EBnilla has 30 seconds left.
|
|t:|1783437164
|switch|p2b: Garchomp|Garchomp, L50, M|100/100
|move|p1a: Raichu|Fake Out|p2b: Garchomp
|-damage|p2b: Garchomp|91/100
|-damage|p1a: Raichu|75/100|[from] ability: Rough Skin|[of] p2b: Garchomp
|move|p1b: Espathra|Lumina Crash|p2b: Garchomp
|-damage|p2b: Garchomp|37/100
|-unboost|p2b: Garchomp|spd|2
|move|p2a: Ninetales|Aurora Veil|p2a: Ninetales
|-sidestart|p2: ethical sga|move: Aurora Veil
|
|-weather|Snowscape|[upkeep]
|-ability|p1b: Espathra|Speed Boost|boost
|-boost|p1b: Espathra|spe|1
|upkeep
|turn|4
|
|t:|1783437183
|switch|p2b: Raichu|Raichu-Mega-Y, L50, M|100/100
|switch|p1a: Grimmsnarl|Grimmsnarl, L50, M|24/100 par
|move|p1b: Espathra|Lumina Crash|p2b: Raichu
|-damage|p2b: Raichu|45/100
|-unboost|p2b: Raichu|spd|2
|move|p2a: Ninetales|Freeze-Dry|p1b: Espathra
|-damage|p1b: Espathra|75/100
|
|-weather|Snowscape|[upkeep]
|-ability|p1b: Espathra|Speed Boost|boost
|-boost|p1b: Espathra|spe|1
|upkeep
|turn|5
|
|t:|1783437206
|move|p2b: Raichu|Fake Out|p1b: Espathra
|-damage|p1b: Espathra|61/100
|move|p1a: Grimmsnarl|Parting Shot|p2a: Ninetales
|-unboost|p2a: Ninetales|atk|1
|-unboost|p2a: Ninetales|spa|1
|
|t:|1783437211
|switch|p1a: Raichu|Raichu, L50, F|75/100|[from] Parting Shot
|cant|p1b: Espathra|flinch
|move|p2a: Ninetales|Freeze-Dry|p1a: Raichu
|-damage|p1a: Raichu|60/100
|
|-weather|none
|-ability|p1b: Espathra|Speed Boost|boost
|-boost|p1b: Espathra|spe|1
|upkeep
|turn|6
|
|t:|1783437224
|switch|p2b: Garchomp|Garchomp, L50, M|37/100
|switch|p2a: Sinistcha|Sinistcha, L50|100/100
|-heal|p2b: Garchomp|62/100|[from] ability: Hospitality|[of] p2a: Sinistcha
|move|p1a: Raichu|Fake Out|p2b: Garchomp
|-damage|p2b: Garchomp|56/100
|-damage|p1a: Raichu|48/100|[from] ability: Rough Skin|[of] p2b: Garchomp
|move|p1b: Espathra|Baton Pass|p1b: Espathra
|
|t:|1783437229
|switch|p1b: Floette|Floette-Eternal, L50, F|100/100|[from] Baton Pass
|
|upkeep
|turn|7
|
|t:|1783437243
|switch|p1a: Grimmsnarl|Grimmsnarl, L50, M|24/100 par
|detailschange|p1b: Floette|Floette-Mega, L50, F
|-mega|p1b: Floette|Floette|Floettite
|-ability|p1b: Floette|Fairy Aura
|move|p2b: Garchomp|Protect|p2b: Garchomp
|-singleturn|p2b: Garchomp|Protect
|move|p1b: Floette|Dazzling Gleam|p2a: Sinistcha|[spread] p2a
|-activate|p2b: Garchomp|move: Protect
|-crit|p2a: Sinistcha
|-enditem|p2a: Sinistcha|Focus Sash
|-damage|p2a: Sinistcha|1/100
|move|p2a: Sinistcha|Matcha Gotcha|p1b: Floette|[spread] p1a,p1b
|-damage|p1a: Grimmsnarl|4/100 par
|-heal|p2a: Sinistcha|11/100|[from] drain|[of] p1a: Grimmsnarl
|-damage|p1b: Floette|86/100
|-heal|p2a: Sinistcha|17/100|[from] drain|[of] p1b: Floette
|
|-sideend|p2: ethical sga|move: Aurora Veil
|upkeep
|turn|8
|
|t:|1783437255
|cant|p1a: Grimmsnarl|par
|move|p1b: Floette|Dazzling Gleam|p2b: Garchomp|[spread] p2a,p2b
|-supereffective|p2b: Garchomp|1
|-damage|p2a: Sinistcha|0 fnt
|-damage|p2b: Garchomp|0 fnt
|faint|p2a: Sinistcha
|faint|p2b: Garchomp
|
|-sideend|p1: EBnilla|move: Light Screen
|upkeep
|
|t:|1783437258
|switch|p2b: Ninetales|Ninetales-Alola, L50, M|100/100
|switch|p2a: Raichu|Raichu-Mega-Y, L50, M|45/100
|-weather|Snowscape|[from] ability: Snow Warning|[of] p2b: Ninetales
|turn|9
|
|t:|1783437267
|move|p1b: Floette|Protect|p1b: Floette
|-singleturn|p1b: Floette|Protect
|move|p2a: Raichu|Fake Out|p1b: Floette
|-activate|p1b: Floette|move: Protect
|move|p1a: Grimmsnarl|Light Screen|p1a: Grimmsnarl
|-sidestart|p1: EBnilla|move: Light Screen
|move|p2b: Ninetales|Aurora Veil|p2b: Ninetales
|-sidestart|p2: ethical sga|move: Aurora Veil
|
|-weather|Snowscape|[upkeep]
|upkeep
|turn|10
|
|t:|1783437279
|move|p1a: Grimmsnarl|Parting Shot|p2b: Ninetales
|-unboost|p2b: Ninetales|atk|1
|-unboost|p2b: Ninetales|spa|1
|
|t:|1783437281
|switch|p1a: Raichu|Raichu, L50, F|48/100|[from] Parting Shot
|move|p1b: Floette|Dazzling Gleam|p2a: Raichu|[spread] p2a,p2b
|-damage|p2a: Raichu|0 fnt
|-damage|p2b: Ninetales|34/100
|faint|p2a: Raichu
|move|p2b: Ninetales|Icy Wind|p1a: Raichu|[spread] p1a,p1b
|-damage|p1a: Raichu|35/100
|-damage|p1b: Floette|81/100
|-unboost|p1a: Raichu|spe|1
|-unboost|p1b: Floette|spe|1
|
|-weather|Snowscape|[upkeep]
|upkeep
|turn|11
|
|t:|1783437292
|move|p1a: Raichu|Fake Out|p2b: Ninetales
|-damage|p2b: Ninetales|28/100
|move|p1b: Floette|Draining Kiss|p2b: Ninetales
|-crit|p2b: Ninetales
|-damage|p2b: Ninetales|0 fnt
|-heal|p1b: Floette|100/100|[from] drain|[of] p2b: Ninetales
|faint|p2b: Ninetales
|
|win|EBnilla
