|j|☆houseofpros
|j|☆gloong
|html|houseofprosgloong    
|uhtml|bestof|Game 1 of a best-of-3
|t:|1756971434
|gametype|doubles
|player|p1|houseofpros|lucas-gen4pt|1128
|player|p2|gloong|bugcatcher-gen4dp|1079
|gen|9
|tier|[Gen 9] VGC 2025 Reg H (Bo3)
|rated|
|rule|Species Clause: Limit one of each Pokémon
|rule|Item Clause: Limit 1 of each item
|clearpoke
|poke|p1|Amoonguss, L50, M|
|poke|p1|Goodra-Hisui, L50, M|
|poke|p1|Politoed, L50, M|
|poke|p1|Ludicolo, L50, F|
|poke|p1|Scizor, L50, M|
|poke|p1|Tauros-Paldea-Aqua, L50, M|
|poke|p2|Gholdengo, L50|
|poke|p2|Sneasler, L50, M|
|poke|p2|Rillaboom, L50, F|
|poke|p2|Dragonite, L50, M|
|poke|p2|Ninetales-Alola, L50, F|
|poke|p2|Arcanine-Hisui, L50, F|
|teampreview|4
|showteam|p1|Amoonguss||RockyHelmet|Regenerator|Spore,RagePowder,PollenPuff,LeafStorm|||M|||50|,,,,,Bug]Goodra-Hisui||AssaultVest|SapSipper|HydroPump,DracoMeteor,HeavySlam,DragonPulse|||M|||50|,,,,,Stellar]Politoed||SitrusBerry|Drizzle|Protect,WeatherBall,HelpingHand,PerishSong|||M|||50|,,,,,Grass]Ludicolo||MysticWater|SwiftSwim|FakeOut,HydroPump,EnergyBall,Protect|||F|||50|,,,,,Stellar]Scizor||ClearAmulet|Technician|KnockOff,BulletPunch,BugBite,Protect|||M|||50|,,,,,Stellar]Tauros-Paldea-Aqua||SafetyGoggles|Intimidate|AquaJet,CloseCombat,WaveCrash,Protect|||M|||50|,,,,,Fighting
|showteam|p2|Gholdengo||GrassySeed|GoodasGold|NastyPlot,MakeItRain,ShadowBall,Protect||||||50|,,,,,Water]Sneasler||WhiteHerb|Unburden|CloseCombat,DireClaw,Coaching,Protect|||M|||50|,,,,,Ghost]Rillaboom||AssaultVest|GrassySurge|FakeOut,GrassyGlide,DrumBeating,HighHorsepower|||F|||50|,,,,,Fire]Dragonite||LoadedDice|Multiscale|ScaleShot,StompingTantrum,Tailwind,Protect|||M|||50|,,,,,Ground]Ninetales-Alola||FocusSash|SnowWarning|Blizzard,IcyWind,Encore,AuroraVeil|||F|||50|,,,,,Ghost]Arcanine-Hisui||ClearAmulet|Intimidate|RockSlide,FlareBlitz,ExtremeSpeed,Protect|||F|||50|,,,,,Water
|inactive|Battle timer is ON: inactive players will automatically lose when time's up. (requested by gloong)
|inactive|houseofpros has 60 seconds left.
|inactive|gloong has 60 seconds left.
|
|t:|1756971489
|teamsize|p1|4
|teamsize|p2|4
|start
|switch|p1a: Goodra|Goodra-Hisui, L50, M, shiny|100/100
|switch|p1b: Tauros|Tauros-Paldea-Aqua, L50, M|100/100
|switch|p2a: Sneasler|Sneasler, L50, M|100/100
|switch|p2b: Gholdengo|Gholdengo, L50|100/100
|-ability|p1b: Tauros|Intimidate|boost
|-unboost|p2a: Sneasler|atk|1
|-unboost|p2b: Gholdengo|atk|1
|-enditem|p2a: Sneasler|White Herb
|-clearnegativeboost|p2a: Sneasler|[silent]
|turn|1
|inactive|houseofpros has 30 seconds left.
|inactive|gloong has 30 seconds left.
|inactive|houseofpros has 20 seconds left.
|inactive|gloong has 20 seconds left.
|inactive|houseofpros has 15 seconds left.
|inactive|gloong has 15 seconds left.
|inactive|houseofpros has 10 seconds left.
|
|t:|1756971535
|switch|p1a: Amoonguss|Amoonguss, L50, M|100/100
|-terastallize|p2b: Gholdengo|Water
|move|p2a: Sneasler|Close Combat|p1a: Amoonguss
|-resisted|p1a: Amoonguss
|-damage|p1a: Amoonguss|78/100
|-unboost|p2a: Sneasler|def|1
|-unboost|p2a: Sneasler|spd|1
|-damage|p2a: Sneasler|84/100|[from] item: Rocky Helmet|[of] p1a: Amoonguss
|move|p1b: Tauros|Wave Crash|p2a: Sneasler
|-crit|p2a: Sneasler
|-damage|p2a: Sneasler|0 fnt
|faint|p2a: Sneasler
|-damage|p1b: Tauros|68/100|[from] Recoil
|move|p2b: Gholdengo|Shadow Ball|p1a: Amoonguss
|-damage|p1a: Amoonguss|44/100
|
|upkeep
|
|t:|1756971539
|switch|p2a: Rillaboom|Rillaboom, L50, F|100/100
|-fieldstart|move: Grassy Terrain|[from] ability: Grassy Surge|[of] p2a: Rillaboom
|-enditem|p2b: Gholdengo|Grassy Seed
|-boost|p2b: Gholdengo|def|1|[from] item: Grassy Seed
|turn|2
|inactive|houseofpros has 30 seconds left.
|inactive|houseofpros has 20 seconds left.
|inactive|houseofpros has 15 seconds left.
|inactive|houseofpros has 10 seconds left.
|
|t:|1756971585
|move|p1b: Tauros|Protect|p1b: Tauros
|-singleturn|p1b: Tauros|Protect
|move|p2a: Rillaboom|Fake Out|p1b: Tauros
|-activate|p1b: Tauros|move: Protect
|move|p2b: Gholdengo|Nasty Plot|p2b: Gholdengo
|-boost|p2b: Gholdengo|spa|2
|move|p1a: Amoonguss|Leaf Storm|p2b: Gholdengo
|-supereffective|p2b: Gholdengo
|-damage|p2b: Gholdengo|3/100
|-unboost|p1a: Amoonguss|spa|2
|
|-heal|p1b: Tauros|74/100|[from] Grassy Terrain
|-heal|p2b: Gholdengo|9/100|[from] Grassy Terrain
|-heal|p1a: Amoonguss|50/100|[from] Grassy Terrain
|upkeep
|turn|3
|inactive|houseofpros has 30 seconds left.
|inactive|houseofpros has 20 seconds left.
|inactive|houseofpros has 15 seconds left.
|inactive|houseofpros has 10 seconds left.
|inactive|houseofpros has 5 seconds left.
|
|t:|1756971637
|-terastallize|p1b: Tauros|Fighting
|move|p2b: Gholdengo|Protect|p2b: Gholdengo
|-singleturn|p2b: Gholdengo|Protect
|move|p1b: Tauros|Close Combat|p2a: Rillaboom
|-damage|p2a: Rillaboom|23/100
|-unboost|p1b: Tauros|def|1
|-unboost|p1b: Tauros|spd|1
|move|p2a: Rillaboom|Drum Beating|p1b: Tauros
|-damage|p1b: Tauros|0 fnt
|faint|p1b: Tauros
|move|p1a: Amoonguss|Pollen Puff|p2a: Rillaboom
|-supereffective|p2a: Rillaboom
|-damage|p2a: Rillaboom|8/100
|
|-heal|p2a: Rillaboom|14/100|[from] Grassy Terrain
|-heal|p2b: Gholdengo|15/100|[from] Grassy Terrain
|-heal|p1a: Amoonguss|55/100|[from] Grassy Terrain
|upkeep
|
|t:|1756971652
|switch|p1b: Goodra|Goodra-Hisui, L50, M, shiny|100/100
|turn|4
|
|t:|1756971666
|switch|p1a: Politoed|Politoed, L50, M|100/100
|-weather|RainDance|[from] ability: Drizzle|[of] p1a: Politoed
|move|p2a: Rillaboom|High Horsepower|p1b: Goodra
|-supereffective|p1b: Goodra
|-damage|p1b: Goodra|41/100
|move|p2b: Gholdengo|Make It Rain|p1a: Politoed|[spread] p1a,p1b
|-resisted|p1a: Politoed
|-resisted|p1b: Goodra
|-damage|p1a: Politoed|60/100
|-damage|p1b: Goodra|20/100
|-unboost|p2b: Gholdengo|spa|1
|move|p1b: Goodra|Dragon Pulse|p2b: Gholdengo
|-damage|p2b: Gholdengo|0 fnt
|faint|p2b: Gholdengo
|
|-weather|RainDance|[upkeep]
|-heal|p2a: Rillaboom|20/100|[from] Grassy Terrain
|-heal|p1a: Politoed|66/100|[from] Grassy Terrain
|-heal|p1b: Goodra|26/100|[from] Grassy Terrain
|upkeep
|
|t:|1756971679
|switch|p2b: Ninetales|Ninetales-Alola, L50, F|100/100
|-weather|Snowscape|[from] ability: Snow Warning|[of] p2b: Ninetales
|turn|5
|
|t:|1756971698
|switch|p1b: Amoonguss|Amoonguss, L50, M|89/100
|move|p2b: Ninetales|Blizzard|p1a: Politoed|[spread] p1a,p1b
|-resisted|p1a: Politoed
|-supereffective|p1b: Amoonguss
|-damage|p1a: Politoed|53/100
|-damage|p1b: Amoonguss|30/100
|move|p2a: Rillaboom|Drum Beating|p1a: Politoed
|-supereffective|p1a: Politoed
|-damage|p1a: Politoed|0 fnt
|faint|p1a: Politoed
|
|-weather|Snowscape|[upkeep]
|-heal|p2a: Rillaboom|26/100|[from] Grassy Terrain
|-heal|p1b: Amoonguss|36/100|[from] Grassy Terrain
|upkeep
|
|t:|1756971707
|switch|p1a: Goodra|Goodra-Hisui, L50, M, shiny|26/100
|turn|6
|
|t:|1756971722
|move|p2b: Ninetales|Blizzard|p1a: Goodra|[spread] p1a,p1b
|-supereffective|p1b: Amoonguss
|-damage|p1a: Goodra|12/100
|-damage|p1b: Amoonguss|0 fnt
|faint|p1b: Amoonguss
|move|p2a: Rillaboom|High Horsepower|p1a: Goodra
|-supereffective|p1a: Goodra
|-damage|p1a: Goodra|0 fnt
|faint|p1a: Goodra
|
|win|gloong
||houseofpros is ready for game 2.
||gloong is ready for game 2.
|uhtml|next|Next: Game 2 of 3
|l|☆gloong
|player|p2|
