|j|☆joshez
|j|☆MBW 2099
|html|joshezMBW 2099    
|uhtml|bestof|Game 2 of a best-of-3
|t:|1756305802
|gametype|doubles
|player|p1|joshez|265|1000
|player|p2|MBW 2099|veteran|1000
|gen|9
|tier|[Gen 9] VGC 2025 Reg H (Bo3)
|rated|
|rule|Species Clause: Limit one of each Pokémon
|rule|Item Clause: Limit 1 of each item
|clearpoke
|poke|p1|Amoonguss, L50, F|
|poke|p1|Sneasler, L50, M|
|poke|p1|Gholdengo, L50|
|poke|p1|Incineroar, L50, F|
|poke|p1|Ursaluna-Bloodmoon, L50, M|
|poke|p1|Dragonite, L50, F|
|poke|p2|Dragapult, L50, M|
|poke|p2|Sneasler, L50, F|
|poke|p2|Jumpluff, L50, F|
|poke|p2|Meowscarada, L50, F|
|poke|p2|Incineroar, L50, F|
|poke|p2|Gholdengo, L50|
|teampreview|4
|showteam|p1|Amoonguss||SitrusBerry|Regenerator|RagePowder,Spore,PollenPuff,Protect|||F|||50|,,,,,Psychic]Sneasler||FocusSash|Unburden|Protect,DireClaw,CloseCombat,ThroatChop|||M|||50|,,,,,Stellar]Gholdengo||LifeOrb|GoodasGold|Protect,MakeItRain,ShadowBall,NastyPlot||||||50|,,,,,Water]Incineroar||SafetyGoggles|Intimidate|KnockOff,PartingShot,FlareBlitz,FakeOut|||F|||50|,,,,,Ghost]Ursaluna-Bloodmoon||AssaultVest|MindsEye|BloodMoon,EarthPower,VacuumWave,HyperVoice|||M|||50|,,,,,Water]Dragonite||LoadedDice|Multiscale|ScaleShot,Tailwind,Haze,Protect|||F|||50|,,,,,Fairy
|showteam|p2|Dragapult||SafetyGoggles|ClearBody|Flamethrower,Uturn,Thunderbolt,ShadowBall|||M|||50|,,,,,Steel]Sneasler||NormalGem|Unburden|DireClaw,FakeOut,CloseCombat,ShadowClaw|||F|||50|,,,,,Poison]Jumpluff||FocusSash|Chlorophyll|SleepPowder,RagePowder,PollenPuff,Tailwind|||F|||50|,,,,,Water]Meowscarada||BlackGlasses|Protean|FlowerTrick,SuckerPunch,Uturn,KnockOff|||F|||50|,,,,,Grass]Incineroar||SitrusBerry|Intimidate|FakeOut,FlareBlitz,KnockOff,Uturn|||F|||50|,,,,,Water]Gholdengo||Leftovers|GoodasGold|DazzlingGleam,Hex,ThunderWave,Recover||||||50|,,,,,Water
|
|t:|1756305832
|teamsize|p1|4
|teamsize|p2|4
|start
|switch|p1a: Amoonguss|Amoonguss, L50, F|100/100
|switch|p1b: Ursaluna|Ursaluna-Bloodmoon, L50, M|100/100
|switch|p2a: Dragapult|Dragapult, L50, M|100/100
|switch|p2b: Jumpluff|Jumpluff, L50, F|100/100
|turn|1
|
|t:|1756305874
|switch|p1a: Incineroar|Incineroar, L50, F|100/100
|-ability|p1a: Incineroar|Intimidate|boost
|-fail|p2a: Dragapult|unboost|[from] ability: Clear Body|[of] p2a: Dragapult
|-unboost|p2b: Jumpluff|atk|1
|move|p2a: Dragapult|Flamethrower|p1a: Incineroar
|-resisted|p1a: Incineroar
|-damage|p1a: Incineroar|88/100
|move|p2b: Jumpluff|Sleep Powder|p1b: Ursaluna
|-status|p1b: Ursaluna|slp|[from] move: Sleep Powder
|cant|p1b: Ursaluna|slp
|
|upkeep
|turn|2
|
|t:|1756305914
|switch|p2b: Gholdengo|Gholdengo, L50|100/100
|move|p2a: Dragapult|U-turn|p1b: Ursaluna
|-damage|p1b: Ursaluna|88/100 slp
|
|t:|1756305932
|switch|p2a: Sneasler|Sneasler, L50, F|100/100|[from] U-turn
|move|p1a: Incineroar|Flare Blitz|p2b: Gholdengo
|-supereffective|p2b: Gholdengo
|-damage|p2b: Gholdengo|16/100
|-damage|p1a: Incineroar|61/100|[from] Recoil
|cant|p1b: Ursaluna|slp
|
|-heal|p2b: Gholdengo|22/100|[from] item: Leftovers
|upkeep
|turn|3
|
|t:|1756305963
|-terastallize|p2b: Gholdengo|Water
|move|p2a: Sneasler|Close Combat|p1b: Ursaluna
|-supereffective|p1b: Ursaluna
|-damage|p1b: Ursaluna|0 fnt
|-unboost|p2a: Sneasler|def|1
|-unboost|p2a: Sneasler|spd|1
|faint|p1b: Ursaluna
|move|p2b: Gholdengo|Recover|p2b: Gholdengo
|-heal|p2b: Gholdengo|72/100
|move|p1a: Incineroar|Flare Blitz|p2b: Gholdengo
|-resisted|p2b: Gholdengo
|-damage|p2b: Gholdengo|50/100
|-damage|p1a: Incineroar|54/100|[from] Recoil
|
|-heal|p2b: Gholdengo|56/100|[from] item: Leftovers
|upkeep
|
|t:|1756305977
|switch|p1b: Amoonguss|Amoonguss, L50, F|100/100
|turn|4
|
|t:|1756305989
|switch|p2a: Jumpluff|Jumpluff, L50, F|100/100
|move|p2b: Gholdengo|Recover|p2b: Gholdengo
|-heal|p2b: Gholdengo|100/100
|move|p1a: Incineroar|Parting Shot|p2a: Jumpluff
|-unboost|p2a: Jumpluff|atk|1
|-unboost|p2a: Jumpluff|spa|1
|
|t:|1756305996
|switch|p1a: Dragonite|Dragonite, L50, F|100/100|[from] Parting Shot
|move|p1b: Amoonguss|Spore|p2b: Gholdengo
|-immune|p2b: Gholdengo|[from] ability: Good as Gold
|
|upkeep
|turn|5
|
|t:|1756306024
|move|p2a: Jumpluff|Sleep Powder|p1a: Dragonite|[miss]
|-miss|p2a: Jumpluff|p1a: Dragonite
|move|p1a: Dragonite|Scale Shot|p2b: Gholdengo
|-damage|p2b: Gholdengo|89/100
|-damage|p2b: Gholdengo|77/100
|-damage|p2b: Gholdengo|65/100
|-damage|p2b: Gholdengo|54/100
|-hitcount|p2b: Gholdengo|4
|-unboost|p1a: Dragonite|def|1
|-boost|p1a: Dragonite|spe|1
|move|p2b: Gholdengo|Thunder Wave|p1b: Amoonguss
|-status|p1b: Amoonguss|par
|move|p1b: Amoonguss|Pollen Puff|p1a: Dragonite
|
|-heal|p2b: Gholdengo|60/100|[from] item: Leftovers
|upkeep
|turn|6
|
|t:|1756306068
|move|p1a: Dragonite|Scale Shot|p2b: Gholdengo|[miss]
|-miss|p1a: Dragonite|p2b: Gholdengo
|move|p2a: Jumpluff|Pollen Puff|p2b: Gholdengo
|-heal|p2b: Gholdengo|100/100
|move|p2b: Gholdengo|Hex|p1b: Amoonguss
|-damage|p1b: Amoonguss|47/100 par
|-enditem|p1b: Amoonguss|Sitrus Berry|[eat]
|-heal|p1b: Amoonguss|72/100 par|[from] item: Sitrus Berry
|move|p1b: Amoonguss|Pollen Puff|p1a: Dragonite
|
|upkeep
|turn|7
|
|t:|1756306092
|switch|p1b: Incineroar|Incineroar, L50, F|54/100
|-ability|p1b: Incineroar|Intimidate|boost
|-unboost|p2a: Jumpluff|atk|1
|-unboost|p2b: Gholdengo|atk|1
|move|p1a: Dragonite|Scale Shot|p2b: Gholdengo
|-damage|p2b: Gholdengo|89/100
|-crit|p2b: Gholdengo
|-damage|p2b: Gholdengo|72/100
|-damage|p2b: Gholdengo|61/100
|-damage|p2b: Gholdengo|50/100
|-hitcount|p2b: Gholdengo|4
|-unboost|p1a: Dragonite|def|1
|-boost|p1a: Dragonite|spe|1
|move|p2a: Jumpluff|Sleep Powder|p1a: Dragonite
|-status|p1a: Dragonite|slp|[from] move: Sleep Powder
|move|p2b: Gholdengo|Thunder Wave||[still]
|-fail|p2b: Gholdengo
|
|-heal|p2b: Gholdengo|56/100|[from] item: Leftovers
|upkeep
|turn|8
|
|t:|1756306148
|cant|p1a: Dragonite|slp
|move|p2a: Jumpluff|Pollen Puff|p2b: Gholdengo
|-heal|p2b: Gholdengo|100/100
|move|p2b: Gholdengo|Dazzling Gleam|p1b: Incineroar|[spread] p1a,p1b
|-supereffective|p1a: Dragonite
|-damage|p1a: Dragonite|82/100 slp
|-damage|p1b: Incineroar|38/100
|move|p1b: Incineroar|Knock Off|p2b: Gholdengo
|-damage|p2b: Gholdengo|66/100
|-enditem|p2b: Gholdengo|Leftovers|[from] move: Knock Off|[of] p1b: Incineroar
|
|upkeep
|turn|9
|
|t:|1756306173
|cant|p1a: Dragonite|slp
|move|p2a: Jumpluff|Pollen Puff|p2b: Gholdengo
|-heal|p2b: Gholdengo|100/100
|move|p2b: Gholdengo|Hex|p1a: Dragonite
|-damage|p1a: Dragonite|15/100 slp
|move|p1b: Incineroar|Knock Off|p2b: Gholdengo
|-damage|p2b: Gholdengo|80/100
|
|upkeep
|turn|10
|
|t:|1756306197
|cant|p1a: Dragonite|slp
|move|p2a: Jumpluff|Pollen Puff|p2b: Gholdengo
|-heal|p2b: Gholdengo|100/100
|move|p2b: Gholdengo|Dazzling Gleam|p1a: Dragonite|[spread] p1a,p1b
|-supereffective|p1a: Dragonite
|-damage|p1a: Dragonite|0 fnt
|-damage|p1b: Incineroar|21/100
|faint|p1a: Dragonite
|move|p1b: Incineroar|Knock Off|p2b: Gholdengo
|-damage|p2b: Gholdengo|78/100
|
|upkeep
|
|t:|1756306207
|switch|p1a: Amoonguss|Amoonguss, L50, F|100/100 par
|turn|11
|-message|joshez forfeited.
|
|win|MBW 2099
|raw|joshez's rating: 1000 → 1000(+0 for losing)
|raw|MBW 2099's rating: 1000 → 1040(+40 for winning)
