|j|☆camala64
|j|☆Centiskorch18
|html|camala64Centiskorch18    
|uhtml|bestof|Game 2 of a best-of-3
|t:|1785955654
|gametype|doubles
|player|p1|camala64|lance-masters2|
|player|p2|Centiskorch18|caitlin|
|gen|9
|tier|[Gen 9 Champions] VGC 2026 Reg M-B (Bo3)
|rule|Species Clause: Limit one of each Pokémon
|rule|Item Clause: Limit 1 of each item
|clearpoke
|poke|p1|Charizard, L50, F, shiny|
|poke|p1|Whimsicott, L50, M, shiny|
|poke|p1|Kingambit, L50, F, shiny|
|poke|p1|Kommo-o, L50, M, shiny|
|poke|p1|Glimmora, L50, F, shiny|
|poke|p1|Ninetales-Alola, L50, M, shiny|
|poke|p2|Charizard, L50, M|
|poke|p2|Venusaur, L50, M|
|poke|p2|Pelipper, L50, F|
|poke|p2|Archaludon, L50, F|
|poke|p2|Grimmsnarl, L50, M|
|poke|p2|Basculegion, L50, M|
|teampreview|4
|showteam|p1|Charizard||CharizarditeY|Blaze|WeatherBall,HeatWave,SolarBeam,Protect|Modest||F|||50|]Whimsicott||FocusSash|Prankster|Moonblast,Tailwind,Encore,Protect|Timid||M|||50|]Kingambit||BlackGlasses|Defiant|KowtowCleave,SuckerPunch,IronHead,Protect|Adamant||F|||50|]Kommo-o||LifeOrb|Soundproof|ClangingScales,AuraSphere,VacuumWave,Protect|Modest||M|||50|]Glimmora||Glimmoranite|ToxicDebris|SludgeBomb,PowerGem,EarthPower,SpikyShield|Modest||F|||50|]Ninetales-Alola||NeverMeltIce|SnowWarning|Blizzard,FreezeDry,Disable,Protect|Timid||M|||50|
|showteam|p2|Charizard||CharizarditeY|Blaze|HeatWave,WeatherBall,SolarBeam,Protect|Modest||M|||50|]Venusaur||Venusaurite|Overgrow|SleepPowder,SludgeBomb,EarthPower,Protect|Modest||M|||50|]Pelipper||LifeOrb|Drizzle|WeatherBall,Hurricane,Tailwind,Protect|Modest||F|||50|]Archaludon||Leftovers|Stamina|ElectroShot,DragonPulse,FlashCannon,Protect|Bold||F|||50|]Grimmsnarl||LightClay|Prankster|FoulPlay,Reflect,LightScreen,PartingShot|Calm||M|||50|]Basculegion||ChoiceScarf|Adaptability|WaveCrash,FlipTurn,AquaJet,LastRespects|Jolly||M|||50|
|inactive|Battle timer is ON: inactive players will automatically lose when time's up. (requested by Centiskorch18)
|c|☆Centiskorch18|glhf
|c|☆camala64|Glhf
|inactive|camala64 has 60 seconds left.
|inactive|Centiskorch18 has 60 seconds left.
|c|☆camala64|Is venu supposed to have chlorophyll there?
|c|☆Centiskorch18|yes shit
|inactive|camala64 has 30 seconds left.
|inactive|Centiskorch18 has 30 seconds left.
|inactive|camala64 has 20 seconds left.
|inactive|Centiskorch18 has 20 seconds left.
|inactive|Centiskorch18 has 15 seconds left.
|
|t:|1785955733
|teamsize|p1|4
|teamsize|p2|4
|start
|switch|p1a: Glimmora|Glimmora, L50, F, shiny|100/100
|switch|p1b: Whimsicott|Whimsicott, L50, M, shiny|100/100
|switch|p2a: Grimmsnarl|Grimmsnarl, L50, M|100/100
|switch|p2b: Venusaur|Venusaur, L50, M|100/100
|turn|1
|inactive|camala64 has 30 seconds left.
|inactive|camala64 has 20 seconds left.
|
|t:|1785955769
|detailschange|p1a: Glimmora|Glimmora-Mega, L50, F, shiny
|-mega|p1a: Glimmora|Glimmora|Glimmoranite
|detailschange|p2b: Venusaur|Venusaur-Mega, L50, M
|-mega|p2b: Venusaur|Venusaur|Venusaurite
|move|p2a: Grimmsnarl|Light Screen|p2a: Grimmsnarl
|-sidestart|p2: Centiskorch18|move: Light Screen
|move|p1b: Whimsicott|Moonblast|p2a: Grimmsnarl
|-supereffective|p2a: Grimmsnarl|1
|-damage|p2a: Grimmsnarl|59/100
|move|p1a: Glimmora|Sludge Bomb|p2b: Venusaur
|-damage|p2b: Venusaur|61/100
|move|p2b: Venusaur|Sludge Bomb|p1b: Whimsicott
|-supereffective|p1b: Whimsicott|2
|-enditem|p1b: Whimsicott|Focus Sash
|-damage|p1b: Whimsicott|1/100
|
|upkeep
|turn|2
|inactive|camala64 has 30 seconds left.
|inactive|Centiskorch18 has 30 seconds left.
|inactive|Centiskorch18 has 20 seconds left.
|
|t:|1785955804
|move|p1b: Whimsicott|Encore|p2b: Venusaur
|-start|p2b: Venusaur|Encore
|move|p2a: Grimmsnarl|Parting Shot|p1a: Glimmora
|-unboost|p1a: Glimmora|atk|1
|-unboost|p1a: Glimmora|spa|1
|
|t:|1785955808
|switch|p2a: Archaludon|Archaludon, L50, F|100/100|[from] Parting Shot
|move|p1a: Glimmora|Sludge Bomb|p2b: Venusaur
|-damage|p2b: Venusaur|34/100
|move|p2b: Venusaur|Sludge Bomb|p1b: Whimsicott
|-supereffective|p1b: Whimsicott|2
|-crit|p1b: Whimsicott
|-damage|p1b: Whimsicott|0 fnt
|faint|p1b: Whimsicott
|
|upkeep
|j| MegaHappyDragonite
|
|t:|1785955828
|switch|p1b: Kommo-o|Kommo-o, L50, M, shiny|100/100
|turn|3
|l| MegaHappyDragonite
|inactive|camala64 has 30 seconds left.
|inactive|camala64 has 20 seconds left.
|
|t:|1785955864
|switch|p2a: Grimmsnarl|Grimmsnarl, L50, M|59/100
|move|p1a: Glimmora|Sludge Bomb|p2b: Venusaur
|-damage|p2b: Venusaur|9/100
|move|p1b: Kommo-o|Clanging Scales|p2b: Venusaur|[spread] p2b
|-immune|p2a: Grimmsnarl
|-damage|p2b: Venusaur|0 fnt
|faint|p2b: Venusaur
|-unboost|p1b: Kommo-o|def|1
|-damage|p1b: Kommo-o|90/100|[from] item: Life Orb
|
|upkeep
|
|t:|1785955871
|switch|p2b: Archaludon|Archaludon, L50, F|100/100
|turn|4
|
|t:|1785955889
|move|p2a: Grimmsnarl|Parting Shot|p1a: Glimmora
|-unboost|p1a: Glimmora|atk|1
|-unboost|p1a: Glimmora|spa|1
|
|t:|1785955892
|switch|p2a: Pelipper|Pelipper, L50, F|100/100|[from] Parting Shot
|-weather|RainDance|[from] ability: Drizzle|[of] p2a: Pelipper
|move|p1a: Glimmora|Earth Power|p2b: Archaludon
|-supereffective|p2b: Archaludon|1
|-damage|p2b: Archaludon|75/100
|-ability|p2b: Archaludon|Stamina|boost
|-boost|p2b: Archaludon|def|1
|move|p1b: Kommo-o|Aura Sphere|p2b: Archaludon
|-supereffective|p2b: Archaludon|1
|-damage|p2b: Archaludon|10/100
|-ability|p2b: Archaludon|Stamina|boost
|-boost|p2b: Archaludon|def|1
|-damage|p1b: Kommo-o|80/100|[from] item: Life Orb
|move|p2b: Archaludon|Dragon Pulse|p1b: Kommo-o
|-supereffective|p1b: Kommo-o|1
|-damage|p1b: Kommo-o|0 fnt
|faint|p1b: Kommo-o
|
|-weather|RainDance|[upkeep]
|-heal|p2b: Archaludon|16/100|[from] item: Leftovers
|upkeep
|
|t:|1785955909
|switch|p1b: Ninetales|Ninetales-Alola, L50, M, shiny|100/100
|-weather|Snowscape|[from] ability: Snow Warning|[of] p1b: Ninetales
|turn|5
|
|t:|1785955929
|switch|p2a: Grimmsnarl|Grimmsnarl, L50, M|59/100
|move|p2b: Archaludon|Protect|p2b: Archaludon
|-singleturn|p2b: Archaludon|Protect
|move|p1b: Ninetales|Blizzard|p2b: Archaludon|[spread] p2a
|-activate|p2b: Archaludon|move: Protect
|-damage|p2a: Grimmsnarl|38/100
|move|p1a: Glimmora|Power Gem|p2a: Grimmsnarl
|-damage|p2a: Grimmsnarl|19/100
|
|-weather|Snowscape|[upkeep]
|-heal|p2b: Archaludon|22/100|[from] item: Leftovers
|upkeep
|turn|6
|
|t:|1785955949
|move|p1b: Ninetales|Blizzard|p2a: Grimmsnarl|[spread] p2a,p2b
|-crit|p2b: Archaludon
|-damage|p2a: Grimmsnarl|0 fnt
|-damage|p2b: Archaludon|0 fnt
|faint|p2a: Grimmsnarl
|faint|p2b: Archaludon
|move|p1a: Glimmora|Earth Power|p2: Grimmsnarl|[notarget]
|-fail|p1a: Glimmora
|
|-weather|Snowscape|[upkeep]
|upkeep
|
|t:|1785955952
|switch|p2a: Pelipper|Pelipper, L50, F|100/100
|-weather|RainDance|[from] ability: Drizzle|[of] p2a: Pelipper
|turn|7
|c|☆Centiskorch18|gg wp
|c|☆camala64|Gg
|
|t:|1785955962
|move|p1b: Ninetales|Freeze-Dry|p2a: Pelipper
|-supereffective|p2a: Pelipper|2
|-damage|p2a: Pelipper|0 fnt
|faint|p2a: Pelipper
|
|win|camala64
|l|☆Centiskorch18
|player|p2|
