|j|☆ULYSSE999
|j|☆CalliopeOKBH
|html|ULYSSE999CalliopeOKBH    
|uhtml|bestof|Game 2 of a best-of-3
|t:|1757025595
|gametype|doubles
|player|p1|ULYSSE999|cynthia-gen4|1063
|player|p2|CalliopeOKBH|zinnia|1093
|gen|9
|tier|[Gen 9] VGC 2025 Reg H (Bo3)
|rated|
|rule|Species Clause: Limit one of each Pokémon
|rule|Item Clause: Limit 1 of each item
|clearpoke
|poke|p1|Grimmsnarl, L50, M|
|poke|p1|Incineroar, L50, M|
|poke|p1|Rillaboom, L50, M|
|poke|p1|Garchomp, L50, M|
|poke|p1|Kingambit, L50, M|
|poke|p1|Charizard, L50, M|
|poke|p2|Tyranitar, L50, M|
|poke|p2|Sneasler, L50, F|
|poke|p2|Gholdengo, L50|
|poke|p2|Garchomp, L50, F|
|poke|p2|Incineroar, L50, F|
|poke|p2|Corviknight, L50, M|
|teampreview|4
|showteam|p1|Grimmsnarl||LightClay|Prankster|LightScreen,Reflect,SpiritBreak,ThunderWave|||M|||50|,,,,,Ghost]Incineroar||SafetyGoggles|Intimidate|FakeOut,FlareBlitz,KnockOff,WillOWisp|||M|||50|,,,,,Grass]Rillaboom||AssaultVest|GrassySurge|FakeOut,GrassyGlide,Uturn,WoodHammer|||M|||50|,,,,,Fire]Garchomp||ClearAmulet|RoughSkin|DragonClaw,Earthquake,Protect,SwordsDance|||M|||50|,,,,,Fire]Kingambit||LifeOrb|Defiant|IronHead,KowtowCleave,SuckerPunch,Protect|||M|||50|,,,,,Fairy]Charizard||ChoiceSpecs|SolarPower|DragonPulse,AirSlash,Flamethrower,ScorchingSands|||M|||50|,,,,,Fire
|showteam|p2|Tyranitar||AssaultVest|SandStream|RockSlide,KnockOff,TeraBlast,IceBeam|||M|||50|,,,,,Flying]Sneasler||WhiteHerb|Unburden|DireClaw,CloseCombat,Coaching,Protect|||F|||50|,,,,,Flying]Gholdengo||LifeOrb|GoodasGold|NastyPlot,MakeItRain,ShadowBall,Protect||||||50|,,,,,Steel]Garchomp||BrightPowder|SandVeil|Protect,StompingTantrum,DragonClaw,Earthquake|||F|||50|,,,,,Ghost]Incineroar||SafetyGoggles|Intimidate|FakeOut,FlareBlitz,Taunt,PartingShot|||F|||50|,,,,,Bug]Corviknight||Leftovers|Unnerve|BraveBird,BodyPress,Tailwind,Roost|||M|||50|,,,,,Fighting
|inactive|Battle timer is ON: inactive players will automatically lose when time's up. (requested by CalliopeOKBH)
|
|t:|1757025614
|teamsize|p1|4
|teamsize|p2|4
|start
|switch|p1a: Grimmsnarl|Grimmsnarl, L50, M, shiny|100/100
|switch|p1b: Incineroar|Incineroar, L50, M, shiny|100/100
|switch|p2a: Gholdengo|Gholdengo, L50|100/100
|switch|p2b: Tyranitar|Tyranitar, L50, M|100/100
|-ability|p1b: Incineroar|Intimidate|boost
|-unboost|p2a: Gholdengo|atk|1
|-unboost|p2b: Tyranitar|atk|1
|-weather|Sandstorm|[from] ability: Sand Stream|[of] p2b: Tyranitar
|turn|1
|
|t:|1757025625
|move|p1a: Grimmsnarl|Light Screen|p1a: Grimmsnarl
|-sidestart|p1: ULYSSE999|move: Light Screen
|move|p2a: Gholdengo|Nasty Plot|p2a: Gholdengo
|-boost|p2a: Gholdengo|spa|2
|move|p1b: Incineroar|Will-O-Wisp|p2b: Tyranitar
|-status|p2b: Tyranitar|brn
|move|p2b: Tyranitar|Knock Off|p1a: Grimmsnarl
|-resisted|p1a: Grimmsnarl
|-damage|p1a: Grimmsnarl|96/100
|-enditem|p1a: Grimmsnarl|Light Clay|[from] move: Knock Off|[of] p2b: Tyranitar
|
|-weather|Sandstorm|[upkeep]
|-damage|p1a: Grimmsnarl|90/100|[from] Sandstorm
|-damage|p2b: Tyranitar|94/100 brn|[from] brn
|upkeep
|turn|2
|
|t:|1757025642
|move|p1a: Grimmsnarl|Reflect|p1a: Grimmsnarl
|-sidestart|p1: ULYSSE999|Reflect
|move|p2a: Gholdengo|Nasty Plot|p2a: Gholdengo
|-boost|p2a: Gholdengo|spa|2
|move|p1b: Incineroar|Knock Off|p2a: Gholdengo
|-supereffective|p2a: Gholdengo
|-damage|p2a: Gholdengo|0 fnt
|-enditem|p2a: Gholdengo|Life Orb|[from] move: Knock Off|[of] p1b: Incineroar
|faint|p2a: Gholdengo
|move|p2b: Tyranitar|Rock Slide|p1b: Incineroar|[spread] p1a,p1b
|-supereffective|p1b: Incineroar
|-damage|p1a: Grimmsnarl|82/100
|-damage|p1b: Incineroar|87/100
|
|-weather|Sandstorm|[upkeep]
|-damage|p1a: Grimmsnarl|76/100|[from] Sandstorm
|-damage|p2b: Tyranitar|88/100 brn|[from] brn
|upkeep
|
|t:|1757025655
|switch|p2a: Garchomp|Garchomp, L50, F|100/100
|turn|3
|
|t:|1757025670
|move|p2a: Garchomp|Stomping Tantrum|p1b: Incineroar
|-supereffective|p1b: Incineroar
|-damage|p1b: Incineroar|26/100
|move|p1a: Grimmsnarl|Spirit Break|p2b: Tyranitar
|-supereffective|p2b: Tyranitar
|-damage|p2b: Tyranitar|47/100 brn
|-unboost|p2b: Tyranitar|spa|1
|move|p1b: Incineroar|Will-O-Wisp|p2a: Garchomp|[miss]
|-miss|p1b: Incineroar|p2a: Garchomp
|move|p2b: Tyranitar|Rock Slide|p1a: Grimmsnarl|[spread] p1a,p1b
|-supereffective|p1b: Incineroar
|-crit|p1b: Incineroar
|-damage|p1a: Grimmsnarl|69/100
|-damage|p1b: Incineroar|0 fnt
|faint|p1b: Incineroar
|
|-weather|Sandstorm|[upkeep]
|-damage|p1a: Grimmsnarl|63/100|[from] Sandstorm
|-damage|p2b: Tyranitar|40/100 brn|[from] brn
|upkeep
|
|t:|1757025686
|switch|p1b: Garchomp|Garchomp, L50, M, shiny|100/100
|turn|4
|
|t:|1757025701
|-terastallize|p1b: Garchomp|Fire
|move|p2a: Garchomp|Protect|p2a: Garchomp
|-singleturn|p2a: Garchomp|Protect
|move|p1b: Garchomp|Swords Dance|p1b: Garchomp
|-boost|p1b: Garchomp|atk|2
|move|p1a: Grimmsnarl|Spirit Break|p2a: Garchomp
|-activate|p2a: Garchomp|move: Protect
|move|p2b: Tyranitar|Ice Beam|p1b: Garchomp
|-resisted|p1b: Garchomp
|-damage|p1b: Garchomp|96/100
|
|-weather|Sandstorm|[upkeep]
|-damage|p1b: Garchomp|90/100|[from] Sandstorm
|-damage|p1a: Grimmsnarl|57/100|[from] Sandstorm
|-damage|p2b: Tyranitar|34/100 brn|[from] brn
|upkeep
|turn|5
|inactive|CalliopeOKBH has 30 seconds left.
|
|t:|1757025728
|switch|p1a: Charizard|Charizard, L50, M, shiny|100/100
|move|p2a: Garchomp|Protect|p2a: Garchomp
|-singleturn|p2a: Garchomp|Protect
|move|p1b: Garchomp|Earthquake|p2b: Tyranitar|[spread] p2b
|-activate|p2a: Garchomp|move: Protect
|-immune|p1a: Charizard
|-supereffective|p2b: Tyranitar
|-damage|p2b: Tyranitar|0 fnt
|faint|p2b: Tyranitar
|
|-weather|none
|upkeep
|
|t:|1757025736
|switch|p2b: Sneasler|Sneasler, L50, F|100/100
|turn|6
|
|t:|1757025757
|switch|p1a: Grimmsnarl|Grimmsnarl, L50, M, shiny|57/100
|-terastallize|p2a: Garchomp|Ghost
|move|p1b: Garchomp|Earthquake|p2b: Sneasler|[spread] p1a,p2a,p2b
|-supereffective|p2b: Sneasler
|-crit|p2b: Sneasler
|-damage|p1a: Grimmsnarl|0 fnt
|-damage|p2a: Garchomp|20/100
|-damage|p2b: Sneasler|0 fnt
|faint|p1a: Grimmsnarl
|faint|p2b: Sneasler
|move|p2a: Garchomp|Stomping Tantrum|p1b: Garchomp
|-supereffective|p1b: Garchomp
|-damage|p1b: Garchomp|28/100
|-damage|p2a: Garchomp|7/100|[from] ability: Rough Skin|[of] p1b: Garchomp
|
|-sideend|p1: ULYSSE999|Reflect
|upkeep
|
|t:|1757025768
|switch|p1a: Charizard|Charizard, L50, M, shiny|100/100
|turn|7
|-message|CalliopeOKBH forfeited.
|
|win|ULYSSE999
|raw|ULYSSE999's rating: 1063 → 1096(+33 for winning)
|raw|CalliopeOKBH's rating: 1093 → 1067(-26 for losing)
