|j|â˜†SelfDestructionn
|j|â˜†Raining in Hoenn
|html|SelfDestructionnRaining in Hoenn    
|uhtml|bestof|Game 1 of a best-of-3
|t:|1757637887
|gametype|doubles
|player|p1|SelfDestructionn|ghetsis|1040
|player|p2|Raining in Hoenn|2|1093
|gen|9
|tier|[Gen 9] VGC 2025 Reg H (Bo3)
|rated|
|rule|Species Clause: Limit one of each PokÃ©mon
|rule|Item Clause: Limit 1 of each item
|clearpoke
|poke|p1|Meowscarada, L50, F|
|poke|p1|Incineroar, L50, M|
|poke|p1|Bisharp, L50, M|
|poke|p1|Primarina, L50, F|
|poke|p1|Dragapult, L50, F|
|poke|p1|Scizor, L50, M|
|poke|p2|Rillaboom, L50, M|
|poke|p2|Magmar, L50, M|
|poke|p2|Kingambit, L50, M|
|poke|p2|Ninetales-Alola, L50, F|
|poke|p2|Basculegion, L50, M|
|poke|p2|Sneasler, L50, F|
|teampreview|4
|showteam|p1|Meowscarada||ChoiceScarf|Protean|FlowerTrick,KnockOff,Uturn,ThunderPunch|||F|||50|,,,,,Water]Incineroar||AssaultVest|Intimidate|FakeOut,FlareBlitz,KnockOff,Uturn|||M|||50|,,,,,Grass]Bisharp||Eviolite|Defiant|BrickBreak,FoulPlay,LashOut,Protect|||M|||50|,,,,,Water]Primarina||LifeOrb|LiquidVoice|HyperVoice,Moonblast,Protect,LifeDew|||F|||50|,,,,,Fairy]Dragapult||ChoiceBand|ClearBody|PhantomForce,DragonDarts,SuckerPunch,Disable|||F|||50|,,,,,Dark]Scizor||ClearAmulet|Technician|CloseCombat,Protect,BulletPunch,SwordsDance|||M|||50|,,,,,Dragon
|showteam|p2|Rillaboom||AssaultVest|GrassySurge|DrumBeating,GrassyGlide,FakeOut,HighHorsepower|||M|||50|,,,,,Fire]Magmar||Eviolite|VitalSpirit|Overheat,FollowMe,Taunt,Protect|||M|||50|,,,,,Ghost]Kingambit||BlackGlasses|Defiant|KowtowCleave,SuckerPunch,SwordsDance,Protect|||M|||50|,,,,,Fire]Ninetales-Alola||LifeOrb|SnowWarning|Blizzard,FreezeDry,Encore,Protect|||F|||50|,,,,,Ghost]Basculegion||ChoiceScarf|Adaptability|WaveCrash,LastRespects,TeraBlast,FlipTurn|||M|||50|,,,,,Fighting]Sneasler||FocusSash|PoisonTouch|DireClaw,CloseCombat,FakeOut,Protect|||F|||50|,,,,,Ghost
|inactive|Battle timer is ON: inactive players will automatically lose when time's up. (requested by SelfDestructionn)
|inactive|SelfDestructionn has 60 seconds left.
|inactive|Raining in Hoenn has 60 seconds left.
|
|t:|1757637940
|teamsize|p1|4
|teamsize|p2|4
|start
|switch|p1a: Incineroar|Incineroar, L50, M|100/100
|switch|p1b: Meowscarada|Meowscarada, L50, F, shiny|100/100
|switch|p2a: Basculegion|Basculegion, L50, M|100/100
|switch|p2b: Rillaboom|Rillaboom, L50, M|100/100
|-fieldstart|move: Grassy Terrain|[from] ability: Grassy Surge|[of] p2b: Rillaboom
|-ability|p1a: Incineroar|Intimidate|boost
|-unboost|p2a: Basculegion|atk|1
|-unboost|p2b: Rillaboom|atk|1
|turn|1
|inactive|SelfDestructionn has 30 seconds left.
|
|t:|1757637968
|move|p2b: Rillaboom|Fake Out|p1a: Incineroar
|-damage|p1a: Incineroar|94/100
|move|p1b: Meowscarada|U-turn|p2b: Rillaboom
|-start|p1b: Meowscarada|typechange|Bug|[from] ability: Protean
|-supereffective|p2b: Rillaboom
|-damage|p2b: Rillaboom|37/100
|
|t:|1757637976
|switch|p1b: Scizor|Scizor, L50, M, shiny|100/100|[from] U-turn
|move|p2a: Basculegion|Flip Turn|p1a: Incineroar
|-supereffective|p1a: Incineroar
|-damage|p1a: Incineroar|54/100
|
|t:|1757637982
|switch|p2a: Magmar|Magmar, L50, M, shiny|100/100|[from] Flip Turn
|cant|p1a: Incineroar|flinch
|
|-heal|p2b: Rillaboom|43/100|[from] Grassy Terrain
|-heal|p1a: Incineroar|60/100|[from] Grassy Terrain
|upkeep
|turn|2
|inactive|Raining in Hoenn has 30 seconds left.
|inactive|Raining in Hoenn has 20 seconds left.
|inactive|Raining in Hoenn has 15 seconds left.
|inactive|Raining in Hoenn has 10 seconds left.
|
|t:|1757638031
|-terastallize|p1b: Scizor|Dragon
|move|p2b: Rillaboom|High Horsepower|p1a: Incineroar|[miss]
|-miss|p2b: Rillaboom|p1a: Incineroar
|move|p2a: Magmar|Taunt|p1b: Scizor
|-start|p1b: Scizor|move: Taunt
|cant|p1b: Scizor|move: Taunt|Swords Dance
|move|p1a: Incineroar|U-turn|p2b: Rillaboom
|-supereffective|p2b: Rillaboom
|-damage|p2b: Rillaboom|5/100
|
|t:|1757638041
|switch|p1a: Meowscarada|Meowscarada, L50, F, shiny|100/100|[from] U-turn
|
|-heal|p2b: Rillaboom|11/100|[from] Grassy Terrain
|upkeep
|turn|3
|
|t:|1757638059
|switch|p2b: Basculegion|Basculegion, L50, M|100/100
|move|p1b: Scizor|Bullet Punch|p2b: Basculegion
|-resisted|p2b: Basculegion
|-damage|p2b: Basculegion|77/100
|move|p1a: Meowscarada|U-turn|p2a: Magmar
|-start|p1a: Meowscarada|typechange|Bug|[from] ability: Protean
|-resisted|p2a: Magmar
|-damage|p2a: Magmar|88/100
|
|t:|1757638069
|switch|p1a: Dragapult|Dragapult, L50, F|100/100|[from] U-turn
|move|p2a: Magmar|Overheat|p1a: Dragapult
|-resisted|p1a: Dragapult
|-damage|p1a: Dragapult|73/100
|-unboost|p2a: Magmar|spa|2
|
|-heal|p1a: Dragapult|79/100|[from] Grassy Terrain
|-heal|p2b: Basculegion|84/100|[from] Grassy Terrain
|-heal|p2a: Magmar|94/100|[from] Grassy Terrain
|upkeep
|turn|4
|inactive|SelfDestructionn has 30 seconds left.
|inactive|Raining in Hoenn has 30 seconds left.
|inactive|SelfDestructionn has 20 seconds left.
|inactive|Raining in Hoenn has 20 seconds left.
|inactive|SelfDestructionn has 15 seconds left.
|inactive|SelfDestructionn has 10 seconds left.
|inactive|SelfDestructionn has 5 seconds left.
|
|t:|1757638124
|move|p2a: Magmar|Follow Me|p2a: Magmar
|-singleturn|p2a: Magmar|move: Follow Me
|move|p1a: Dragapult|Phantom Force||[still]
|-prepare|p1a: Dragapult|Phantom Force
|move|p2b: Basculegion|Last Respects|p1a: Dragapult|[miss]
|-miss|p2b: Basculegion|p1a: Dragapult
|move|p1b: Scizor|Close Combat|p2a: Magmar
|-damage|p2a: Magmar|62/100
|-unboost|p1b: Scizor|def|1
|-unboost|p1b: Scizor|spd|1
|
|-heal|p2b: Basculegion|90/100|[from] Grassy Terrain
|-heal|p2a: Magmar|67/100|[from] Grassy Terrain
|-end|p1b: Scizor|move: Taunt
|upkeep
|turn|5
|inactive|SelfDestructionn has 30 seconds left.
|inactive|SelfDestructionn has 20 seconds left.
|
|t:|1757638162
|move|p2a: Magmar|Follow Me|p2a: Magmar
|-singleturn|p2a: Magmar|move: Follow Me
|move|p1a: Dragapult|Phantom Force|p2a: Magmar|[from] lockedmove
|-damage|p2a: Magmar|13/100
|move|p2b: Basculegion|Last Respects|p1a: Dragapult
|-supereffective|p1a: Dragapult
|-damage|p1a: Dragapult|0 fnt
|faint|p1a: Dragapult
|move|p1b: Scizor|Swords Dance|p1b: Scizor
|-boost|p1b: Scizor|atk|2
|
|-heal|p2b: Basculegion|96/100|[from] Grassy Terrain
|-heal|p2a: Magmar|19/100|[from] Grassy Terrain
|-fieldend|move: Grassy Terrain
|upkeep
|
|t:|1757638175
|switch|p1a: Incineroar|Incineroar, L50, M|60/100
|-ability|p1a: Incineroar|Intimidate|boost
|-unboost|p2a: Magmar|atk|1
|-unboost|p2b: Basculegion|atk|1
|turn|6
|
|t:|1757638190
|switch|p2b: Sneasler|Sneasler, L50, F, shiny|100/100
|move|p2a: Magmar|Protect|p2a: Magmar
|-singleturn|p2a: Magmar|Protect
|move|p1b: Scizor|Protect|p1b: Scizor
|-singleturn|p1b: Scizor|Protect
|move|p1a: Incineroar|Knock Off|p2a: Magmar
|-activate|p2a: Magmar|move: Protect
|
|upkeep
|turn|7
|inactive|SelfDestructionn has 30 seconds left.
|inactive|SelfDestructionn has 20 seconds left.
|inactive|SelfDestructionn has 15 seconds left.
|inactive|SelfDestructionn has 10 seconds left.
|inactive|SelfDestructionn has 5 seconds left.
|
|t:|1757638241
|move|p2a: Magmar|Follow Me|p2a: Magmar
|-singleturn|p2a: Magmar|move: Follow Me
|move|p1b: Scizor|Bullet Punch|p2a: Magmar
|-resisted|p2a: Magmar
|-damage|p2a: Magmar|0 fnt
|faint|p2a: Magmar
|move|p2b: Sneasler|Close Combat|p1a: Incineroar
|-supereffective|p1a: Incineroar
|-damage|p1a: Incineroar|0 fnt
|-unboost|p2b: Sneasler|def|1
|-unboost|p2b: Sneasler|spd|1
|faint|p1a: Incineroar
|
|upkeep
|
|t:|1757638263
|switch|p2a: Rillaboom|Rillaboom, L50, M|11/100
|switch|p1a: Meowscarada|Meowscarada, L50, F, shiny|100/100
|-fieldstart|move: Grassy Terrain|[from] ability: Grassy Surge|[of] p2a: Rillaboom
|turn|8
|inactive|SelfDestructionn has 30 seconds left.
|inactive|SelfDestructionn has 20 seconds left.
|inactive|SelfDestructionn has 15 seconds left.
|inactive|SelfDestructionn has 10 seconds left.
|inactive|Raining in Hoenn has 30 seconds left.
|
|t:|1757638311
|move|p2a: Rillaboom|Fake Out|p1b: Scizor
|-damage|p1b: Scizor|80/100
|cant|p1b: Scizor|flinch
|move|p1a: Meowscarada|U-turn|p2a: Rillaboom
|-start|p1a: Meowscarada|typechange|Bug|[from] ability: Protean
|-supereffective|p2a: Rillaboom
|-damage|p2a: Rillaboom|0 fnt
|faint|p2a: Rillaboom
|move|p2b: Sneasler|Close Combat|p1a: Meowscarada
|-resisted|p1a: Meowscarada
|-damage|p1a: Meowscarada|51/100
|-unboost|p2b: Sneasler|def|1
|-unboost|p2b: Sneasler|spd|1
|
|-heal|p1a: Meowscarada|57/100|[from] Grassy Terrain
|-heal|p1b: Scizor|86/100|[from] Grassy Terrain
|upkeep
|
|t:|1757638325
|switch|p2a: Basculegion|Basculegion, L50, M|96/100
|turn|9
|
|t:|1757638348
|move|p1b: Scizor|Bullet Punch|p2b: Sneasler
|-enditem|p2b: Sneasler|Focus Sash
|-damage|p2b: Sneasler|1/100
|move|p1a: Meowscarada|U-turn|p2b: Sneasler
|-resisted|p2b: Sneasler
|-damage|p2b: Sneasler|0 fnt
|faint|p2b: Sneasler
|move|p2a: Basculegion|Last Respects|p1a: Meowscarada
|-damage|p1a: Meowscarada|0 fnt
|faint|p1a: Meowscarada
|
|-heal|p2a: Basculegion|100/100|[from] Grassy Terrain
|-heal|p1b: Scizor|93/100|[from] Grassy Terrain
|upkeep
|turn|10
|
|t:|1757638367
|move|p1b: Scizor|Protect|p1b: Scizor
|-singleturn|p1b: Scizor|Protect
|move|p2a: Basculegion|Last Respects|p1b: Scizor
|-activate|p1b: Scizor|move: Protect
|
|-heal|p1b: Scizor|99/100|[from] Grassy Terrain
|upkeep
|turn|11
|
|t:|1757638375
|move|p1b: Scizor|Bullet Punch|p2a: Basculegion
|-resisted|p2a: Basculegion
|-damage|p2a: Basculegion|53/100
|move|p2a: Basculegion|Last Respects|p1b: Scizor
|-damage|p1b: Scizor|0 fnt
|faint|p1b: Scizor
|
|win|Raining in Hoenn
||SelfDestructionn is ready for game 2.
||Raining in Hoenn is ready for game 2.
|uhtml|next|Next: Game 2 of 3
