|j|☆Arnau3Kum
|j|☆geardox
|html|Arnau3Kumgeardox    
|uhtml|bestof|Game 2 of a best-of-3
|t:|1756428421
|gametype|doubles
|player|p1|Arnau3Kum|170|1102
|player|p2|geardox|169|1131
|gen|9
|tier|[Gen 9] VGC 2025 Reg H (Bo3)
|rated|
|rule|Species Clause: Limit one of each Pokémon
|rule|Item Clause: Limit 1 of each item
|clearpoke
|poke|p1|Sneasler, L50, M|
|poke|p1|Dragapult, L50, M|
|poke|p1|Primarina, L50, M|
|poke|p1|Rillaboom, L50, F|
|poke|p1|Kingambit, L50, M|
|poke|p1|Magmar, L50, F|
|poke|p2|Sneasler, L50, M|
|poke|p2|Garchomp, L50, M|
|poke|p2|Corviknight, L50, F|
|poke|p2|Archaludon, L50, M|
|poke|p2|Amoonguss, L50, F|
|poke|p2|Incineroar, L50, M|
|teampreview|4
|showteam|p1|Sneasler||FocusSash|PoisonTouch|CloseCombat,DireClaw,FakeOut,Protect|||M|||50|,,,,,Stellar]Dragapult||ChoiceBand|ClearBody|DragonDarts,TeraBlast,PhantomForce,Uturn|||M|||50|,,,,,Ghost]Primarina||SitrusBerry|LiquidVoice|HyperVoice,Moonblast,Haze,Protect|||M|||50|,,,,,Water]Rillaboom||AssaultVest|GrassySurge|WoodHammer,GrassyGlide,HighHorsepower,FakeOut|||F|||50|,,,,,Fire]Kingambit||BlackGlasses|Defiant|KowtowCleave,SuckerPunch,SwordsDance,Protect|||M|||50|,,,,,Ghost]Magmar||Eviolite|VitalSpirit|Overheat,WillOWisp,FollowMe,Protect|||F|||50|,,,,,Ghost
|showteam|p2|Sneasler||FocusSash|Unburden|DireClaw,CloseCombat,ThroatChop,Coaching|||M|||50|,,,,,Ghost]Garchomp||LifeOrb|RoughSkin|Protect,Earthquake,DragonClaw,StompingTantrum|||M|||50|,,,,,Ground]Corviknight||SitrusBerry|MirrorArmor|BraveBird,Tailwind,Roost,Taunt|||F|||50|,,,,,Fire]Archaludon||PowerHerb|Stamina|Protect,DracoMeteor,FlashCannon,ElectroShot|||M|||50|,,,,,Dragon]Amoonguss||RockyHelmet|Regenerator|ClearSmog,RagePowder,Spore,PollenPuff|||F|||50|,,,,,Water]Incineroar||AssaultVest|Intimidate|KnockOff,FlareBlitz,FakeOut,Uturn|||M|||50|,,,,,Ghost
|inactive|Battle timer is ON: inactive players will automatically lose when time's up. (requested by geardox)
|
|t:|1756428461
|teamsize|p1|4
|teamsize|p2|4
|start
|switch|p1a: Magmar|Magmar, L50, F|100/100
|switch|p1b: Rillaboom|Rillaboom, L50, F|100/100
|switch|p2a: Chica|Corviknight, L50, F|100/100
|switch|p2b: Riku|Sneasler, L50, M|100/100
|-fieldstart|move: Grassy Terrain|[from] ability: Grassy Surge|[of] p1b: Rillaboom
|turn|1
|
|t:|1756428484
|move|p1b: Rillaboom|Fake Out|p2a: Chica
|-resisted|p2a: Chica
|-damage|p2a: Chica|96/100
|move|p2b: Riku|Dire Claw|p1b: Rillaboom
|-supereffective|p1b: Rillaboom
|-damage|p1b: Rillaboom|28/100
|-status|p1b: Rillaboom|slp
|move|p1a: Magmar|Will-O-Wisp|p2b: Riku
|-status|p2b: Riku|brn
|cant|p2a: Chica|flinch
|
|-heal|p1b: Rillaboom|34/100 slp|[from] Grassy Terrain
|-damage|p2b: Riku|95/100 brn|[from] brn
|upkeep
|turn|2
|inactive|geardox has 30 seconds left.
|
|t:|1756428515
|-terastallize|p2a: Chica|Fire
|move|p2b: Riku|Coaching|p2a: Chica
|-boost|p2a: Chica|atk|1
|-boost|p2a: Chica|def|1
|move|p1a: Magmar|Will-O-Wisp|p2a: Chica
|-immune|p2a: Chica
|cant|p1b: Rillaboom|slp
|move|p2a: Chica|Tailwind|p2a: Chica
|-sidestart|p2: geardox|move: Tailwind
|
|-heal|p2b: Riku|100/100 brn|[from] Grassy Terrain
|-heal|p2a: Chica|100/100|[from] Grassy Terrain
|-heal|p1b: Rillaboom|40/100 slp|[from] Grassy Terrain
|-damage|p2b: Riku|95/100 brn|[from] brn
|upkeep
|turn|3
|
|t:|1756428536
|switch|p1b: Primarina|Primarina, L50, M|100/100
|move|p1a: Magmar|Follow Me|p1a: Magmar
|-singleturn|p1a: Magmar|move: Follow Me
|move|p2b: Riku|Coaching|p2a: Chica
|-boost|p2a: Chica|atk|1
|-boost|p2a: Chica|def|1
|move|p2a: Chica|Brave Bird|p1a: Magmar
|-damage|p1a: Magmar|39/100
|-damage|p2a: Chica|83/100|[from] Recoil
|
|-heal|p2b: Riku|100/100 brn|[from] Grassy Terrain
|-heal|p2a: Chica|89/100|[from] Grassy Terrain
|-heal|p1a: Magmar|45/100|[from] Grassy Terrain
|-damage|p2b: Riku|95/100 brn|[from] brn
|upkeep
|turn|4
|inactive|Arnau3Kum has 30 seconds left.
|inactive|geardox has 30 seconds left.
|
|t:|1756428564
|move|p1a: Magmar|Follow Me|p1a: Magmar
|-singleturn|p1a: Magmar|move: Follow Me
|move|p2b: Riku|Throat Chop|p1a: Magmar
|-damage|p1a: Magmar|34/100
|-start|p1a: Magmar|Throat Chop|[silent]
|move|p2a: Chica|Brave Bird|p1a: Magmar
|-damage|p1a: Magmar|0 fnt
|faint|p1a: Magmar
|-damage|p2a: Chica|80/100|[from] Recoil
|move|p1b: Primarina|Hyper Voice|p2a: Chica|[spread] p2a,p2b
|-supereffective|p2a: Chica
|-damage|p2a: Chica|35/100
|-damage|p2b: Riku|51/100 brn
|-enditem|p2a: Chica|Sitrus Berry|[eat]
|-heal|p2a: Chica|60/100|[from] item: Sitrus Berry
|
|-heal|p2b: Riku|57/100 brn|[from] Grassy Terrain
|-heal|p2a: Chica|66/100|[from] Grassy Terrain
|-damage|p2b: Riku|51/100 brn|[from] brn
|upkeep
|
|t:|1756428580
|switch|p1a: Rillaboom|Rillaboom, L50, F|40/100 slp
|turn|5
|
|t:|1756428591
|cant|p1a: Rillaboom|slp
|move|p2b: Riku|Dire Claw|p1a: Rillaboom
|-supereffective|p1a: Rillaboom
|-damage|p1a: Rillaboom|3/100 slp
|move|p2a: Chica|Brave Bird|p1b: Primarina
|-crit|p1b: Primarina
|-damage|p1b: Primarina|0 fnt
|faint|p1b: Primarina
|-damage|p2a: Chica|37/100|[from] Recoil
|
|-heal|p2b: Riku|57/100 brn|[from] Grassy Terrain
|-heal|p2a: Chica|43/100|[from] Grassy Terrain
|-heal|p1a: Rillaboom|9/100 slp|[from] Grassy Terrain
|-damage|p2b: Riku|51/100 brn|[from] brn
|-sideend|p2: geardox|move: Tailwind
|-fieldend|move: Grassy Terrain
|upkeep
|-message|Arnau3Kum forfeited.
|
|win|geardox
|raw|Arnau3Kum's rating: 1102 → 1079(-23 for losing)
|raw|geardox's rating: 1131 → 1154(+23 for winning)
|l|☆Arnau3Kum
|player|p1|
|l|☆geardox
|player|p2|
|j|☆geardox
|player|p2|geardox|169|
