|j|☆LetherOCE
|j|☆Malumancer
|html|LetherOCEMalumancer    
|uhtml|bestof|Game 2 of a best-of-3
|t:|1756625219
|gametype|doubles
|player|p1|LetherOCE|steven|
|player|p2|Malumancer|pryce|
|gen|9
|tier|[Gen 9] VGC 2025 Reg H (Bo3)
|rule|Species Clause: Limit one of each Pokémon
|rule|Item Clause: Limit 1 of each item
|clearpoke
|poke|p1|Sneasler, L50, F|
|poke|p1|Garchomp, L50, F|
|poke|p1|Corviknight, L50, F|
|poke|p1|Volcarona, L50, F|
|poke|p1|Primarina, L50, F|
|poke|p1|Rillaboom, L50, F|
|poke|p2|Gholdengo, L50|
|poke|p2|Incineroar, L50, M|
|poke|p2|Porygon2, L50|
|poke|p2|Amoonguss, L50, M|
|poke|p2|Ursaluna-Bloodmoon, L50, M|
|poke|p2|Dragonite, L50, F|
|teampreview|4
|showteam|p1|Sneasler||FocusSash|PoisonTouch|FakeOut,DireClaw,CloseCombat,Coaching|||F|||50|,,,,,Ghost]Garchomp||LoadedDice|RoughSkin|Protect,SwordsDance,StompingTantrum,ScaleShot|||F|||50|,,,,,Fairy]Corviknight||Leftovers|MirrorArmor|BraveBird,BodyPress,BulkUp,Roost|||F|||50|,,,,,Dragon]Volcarona||RockyHelmet|FlameBody|FieryDance,Tailwind,RagePowder,StruggleBug|||F|||50|,,,,,Steel]Primarina||SitrusBerry|LiquidVoice|Protect,HyperVoice,Moonblast,Haze|||F|||50|,,,,,Poison]Rillaboom||AssaultVest|GrassySurge|FakeOut,GrassyGlide,HighHorsepower,WoodHammer|||F|||50|,,,,,Fire
|showteam|p2|Gholdengo||LifeOrb|GoodasGold|MakeItRain,ShadowBall,NastyPlot,Protect||||||50|,,,,,Water]Incineroar||SafetyGoggles|Intimidate|KnockOff,FakeOut,PartingShot,FlareBlitz|||M|||50|,,,,,Water]Porygon2||Eviolite|Download|TeraBlast,IceBeam,TrickRoom,Recover||||||50|,,,,,Ghost]Amoonguss||CovertCloak|Regenerator|Spore,PollenPuff,RagePowder,Protect|||M|||50|,,,,,Psychic]Ursaluna-Bloodmoon||AssaultVest|MindsEye|BloodMoon,EarthPower,HyperVoice,VacuumWave|||M|||50|,,,,,Water]Dragonite||LoadedDice|Multiscale|ScaleShot,Haze,Tailwind,Protect|||F|||50|,,,,,Fairy
|inactive|Battle timer is ON: inactive players will automatically lose when time's up. (requested by Malumancer)
|j| arrascaxeira
|l| arrascaxeira
|inactive|LetherOCE has 60 seconds left.
|inactive|Malumancer has 60 seconds left.
|inactive|Malumancer has 30 seconds left.
|inactive|Malumancer has 20 seconds left.
|inactive|Malumancer has 15 seconds left.
|inactive|Malumancer has 10 seconds left.
|
|t:|1756625300
|teamsize|p1|4
|teamsize|p2|4
|start
|switch|p1a: Rillaboom|Rillaboom, L50, F|100/100
|switch|p1b: Corviknight|Corviknight, L50, F|100/100
|switch|p2a: Dragonite|Dragonite, L50, F|100/100
|switch|p2b: Incineroar|Incineroar, L50, M|100/100
|-fieldstart|move: Grassy Terrain|[from] ability: Grassy Surge|[of] p1a: Rillaboom
|-ability|p2b: Incineroar|Intimidate|boost
|-unboost|p1a: Rillaboom|atk|1
|-ability|p1b: Corviknight|Mirror Armor
|-unboost|p2b: Incineroar|atk|1
|turn|1
|j| arrascaxeira
|l| arrascaxeira
|inactive|Malumancer has 30 seconds left.
|inactive|LetherOCE has 30 seconds left.
|j| arrascaxeira
|inactive|Malumancer has 20 seconds left.
|inactive|Malumancer has 15 seconds left.
|inactive|Malumancer has 10 seconds left.
|
|t:|1756625350
|switch|p1a: Primarina|Primarina, L50, F|100/100
|move|p2a: Dragonite|Protect|p2a: Dragonite
|-singleturn|p2a: Dragonite|Protect
|move|p2b: Incineroar|Knock Off|p1b: Corviknight
|-damage|p1b: Corviknight|77/100
|-enditem|p1b: Corviknight|Leftovers|[from] move: Knock Off|[of] p2b: Incineroar
|move|p1b: Corviknight|Body Press|p2b: Incineroar
|-supereffective|p2b: Incineroar
|-crit|p2b: Incineroar
|-damage|p2b: Incineroar|44/100
|
|-heal|p2b: Incineroar|50/100|[from] Grassy Terrain
|upkeep
|turn|2
|inactive|LetherOCE has 30 seconds left.
|inactive|Malumancer has 30 seconds left.
|inactive|Malumancer has 20 seconds left.
|inactive|Malumancer has 15 seconds left.
|inactive|Malumancer has 10 seconds left.
|
|t:|1756625398
|move|p2a: Dragonite|Tailwind|p2a: Dragonite
|-sidestart|p2: Malumancer|move: Tailwind
|move|p2b: Incineroar|Knock Off|p1a: Primarina
|-resisted|p1a: Primarina
|-damage|p1a: Primarina|87/100
|-enditem|p1a: Primarina|Sitrus Berry|[from] move: Knock Off|[of] p2b: Incineroar
|move|p1b: Corviknight|Bulk Up|p1b: Corviknight
|-boost|p1b: Corviknight|atk|1
|-boost|p1b: Corviknight|def|1
|move|p1a: Primarina|Hyper Voice|p2b: Incineroar|[spread] p2a,p2b
|-resisted|p2a: Dragonite
|-supereffective|p2b: Incineroar
|-damage|p2a: Dragonite|91/100
|-damage|p2b: Incineroar|0 fnt
|faint|p2b: Incineroar
|
|-heal|p1a: Primarina|93/100|[from] Grassy Terrain
|upkeep
|
|t:|1756625412
|switch|p2b: Ursaluna|Ursaluna-Bloodmoon, L50, M|100/100
|turn|3
|inactive|Malumancer has 30 seconds left.
|inactive|Malumancer has 20 seconds left.
|
|t:|1756625451
|-terastallize|p2b: Ursaluna|Water
|move|p2a: Dragonite|Protect|p2a: Dragonite
|-singleturn|p2a: Dragonite|Protect
|move|p2b: Ursaluna|Blood Moon|p1a: Primarina
|-damage|p1a: Primarina|28/100
|move|p1b: Corviknight|Roost|p1b: Corviknight
|-heal|p1b: Corviknight|100/100
|-singleturn|p1b: Corviknight|move: Roost
|move|p1a: Primarina|Moonblast|p2a: Dragonite
|-activate|p2a: Dragonite|move: Protect
|
|-heal|p1a: Primarina|34/100|[from] Grassy Terrain
|upkeep
|turn|4
|inactive|LetherOCE has 30 seconds left.
|inactive|Malumancer has 30 seconds left.
|inactive|LetherOCE has 20 seconds left.
|inactive|Malumancer has 20 seconds left.
|
|t:|1756625488
|switch|p2a: Gholdengo|Gholdengo, L50|100/100
|move|p1a: Primarina|Protect|p1a: Primarina
|-singleturn|p1a: Primarina|Protect
|move|p2b: Ursaluna|Earth Power|p1a: Primarina
|-activate|p1a: Primarina|move: Protect
|move|p1b: Corviknight|Brave Bird|p2a: Gholdengo
|-resisted|p2a: Gholdengo
|-damage|p2a: Gholdengo|77/100
|-damage|p1b: Corviknight|93/100|[from] Recoil
|
|-heal|p2a: Gholdengo|83/100|[from] Grassy Terrain
|-heal|p1a: Primarina|40/100|[from] Grassy Terrain
|upkeep
|turn|5
|
|t:|1756625511
|switch|p1a: Rillaboom|Rillaboom, L50, F|100/100
|move|p2a: Gholdengo|Nasty Plot|p2a: Gholdengo
|-boost|p2a: Gholdengo|spa|2
|move|p2b: Ursaluna|Blood Moon|p1a: Rillaboom
|-damage|p1a: Rillaboom|44/100
|move|p1b: Corviknight|Bulk Up|p1b: Corviknight
|-boost|p1b: Corviknight|atk|1
|-boost|p1b: Corviknight|def|1
|
|-heal|p2a: Gholdengo|88/100|[from] Grassy Terrain
|-heal|p1a: Rillaboom|50/100|[from] Grassy Terrain
|-sideend|p2: Malumancer|move: Tailwind
|-fieldend|move: Grassy Terrain
|upkeep
|turn|6
|
|t:|1756625532
|switch|p2b: Dragonite|Dragonite, L50, F|91/100
|move|p1a: Rillaboom|Fake Out|p2b: Dragonite
|-damage|p2b: Dragonite|75/100
|move|p2a: Gholdengo|Shadow Ball|p1a: Rillaboom
|-damage|p1a: Rillaboom|0 fnt
|faint|p1a: Rillaboom
|-damage|p2a: Gholdengo|79/100|[from] item: Life Orb
|move|p1b: Corviknight|Brave Bird|p2b: Dragonite
|-damage|p2b: Dragonite|0 fnt
|faint|p2b: Dragonite
|-damage|p1b: Corviknight|71/100|[from] Recoil
|
|upkeep
|
|t:|1756625550
|switch|p2b: Ursaluna|Ursaluna-Bloodmoon, L50, M, tera:Water|100/100
|switch|p1a: Volcarona|Volcarona, L50, F|100/100
|turn|7
|inactive|LetherOCE has 30 seconds left.
|
|t:|1756625579
|move|p1a: Volcarona|Tailwind|p1a: Volcarona
|-sidestart|p1: LetherOCE|move: Tailwind
|move|p1b: Corviknight|Brave Bird|p2b: Ursaluna
|-damage|p2b: Ursaluna|46/100
|-damage|p1b: Corviknight|53/100|[from] Recoil
|move|p2a: Gholdengo|Shadow Ball|p1b: Corviknight
|-damage|p1b: Corviknight|0 fnt
|faint|p1b: Corviknight
|-damage|p2a: Gholdengo|69/100|[from] item: Life Orb
|move|p2b: Ursaluna|Hyper Voice|p1a: Volcarona
|-damage|p1a: Volcarona|57/100
|
|upkeep
|
|t:|1756625591
|switch|p1b: Primarina|Primarina, L50, F|40/100
|turn|8
|inactive|Malumancer has 30 seconds left.
|inactive|Malumancer has 20 seconds left.
|
|t:|1756625627
|move|p2a: Gholdengo|Protect|p2a: Gholdengo
|-singleturn|p2a: Gholdengo|Protect
|move|p1a: Volcarona|Struggle Bug|p2b: Ursaluna|[spread] p2b
|-activate|p2a: Gholdengo|move: Protect
|-damage|p2b: Ursaluna|34/100
|-unboost|p2b: Ursaluna|spa|1
|move|p1b: Primarina|Moonblast|p2b: Ursaluna
|-damage|p2b: Ursaluna|0 fnt
|faint|p2b: Ursaluna
|
|upkeep
|turn|9
|
|t:|1756625639
|move|p1a: Volcarona|Fiery Dance|p2a: Gholdengo
|-supereffective|p2a: Gholdengo
|-damage|p2a: Gholdengo|0 fnt
|-boost|p1a: Volcarona|spa|1
|faint|p2a: Gholdengo
|
|win|LetherOCE
||LetherOCE is ready for game 3.
|inactive|Malumancer has 30 seconds to confirm battle start!
||Malumancer is ready for game 3.
|uhtml|next|Next: Game 3 of 3
