|j|☆Avriss
|j|☆plaidhaxx
|html|Avrissplaidhaxx    
|uhtml|bestof|Game 2 of a best-of-3
|t:|1786205288
|gametype|doubles
|player|p1|Avriss|anabel|
|player|p2|plaidhaxx|grimsley|
|gen|9
|tier|[Gen 9 Champions] VGC 2026 Reg M-B (Bo3)
|rule|Species Clause: Limit one of each Pokémon
|rule|Item Clause: Limit 1 of each item
|clearpoke
|poke|p1|Scovillain, L50, M|
|poke|p1|Aerodactyl, L50, M|
|poke|p1|Garchomp, L50, F|
|poke|p1|Basculegion, L50, M|
|poke|p1|Kingambit, L50, F|
|poke|p1|Sylveon, L50, M, shiny|
|poke|p2|Kommo-o, L50, F|
|poke|p2|Excadrill, L50, F|
|poke|p2|Tyranitar, L50, M|
|poke|p2|Grimmsnarl, L50, M|
|poke|p2|Scovillain, L50, M|
|poke|p2|Basculegion, L50, M|
|teampreview|4
|showteam|p1|Scovillain||Scovillainite|Moody|Overheat,RagePowder,Protect,LeechSeed|Calm||M|||50|]Aerodactyl||Aerodactylite|Unnerve|RockSlide,Tailwind,Taunt,DualWingbeat|Jolly||M|||50|]Garchomp||LifeOrb|RoughSkin|DragonClaw,Earthquake,Protect,StompingTantrum|Adamant||F|||50|]Basculegion||ChoiceScarf|Adaptability|LastRespects,WaveCrash,AquaJet,FlipTurn|Jolly||M|||50|]Kingambit||FocusSash|Defiant|KowtowCleave,IronHead,LowKick,SuckerPunch|Adamant||F|||50|]Sylveon||FairyFeather|Pixilate|HyperVoice,QuickAttack,HyperBeam,Detect|Modest||M|||50|
|showteam|p2|Kommo-o||Leftovers|Overcoat|ClangingScales,ClangorousSoul,AuraSphere,Protect|Modest||F|||50|]Excadrill||LifeOrb|SandRush|HighHorsepower,RockSlide,IronHead,Protect|Adamant||F|||50|]Tyranitar||Tyranitarite|SandStream|DragonDance,RockSlide,KnockOff,Protect|Jolly||M|||50|]Grimmsnarl||LightClay|Prankster|SpiritBreak,LightScreen,Reflect,FakeOut|Impish||M|||50|]Scovillain||Scovillainite|Moody|Protect,RagePowder,Overheat,EnergyBall|Bold||M|||50|]Basculegion||ChoiceScarf|Adaptability|WaveCrash,LastRespects,AquaJet,FlipTurn|Adamant||M|||50|
|inactive|Battle timer is ON: inactive players will automatically lose when time's up. (requested by Avriss)
|j| Light_Kaganou
|inactive|plaidhaxx has 60 seconds left.
|inactive|Avriss has 60 seconds left.
|
|t:|1786205366
|teamsize|p1|4
|teamsize|p2|4
|start
|switch|p1a: Harvey|Scovillain, L50, M|100/100
|switch|p1b: Rockhead Martin|Garchomp, L50, F|100/100
|switch|p2a: Grimmsnarl|Grimmsnarl, L50, M|100/100
|switch|p2b: Kommo-o|Kommo-o, L50, F|100/100
|turn|1
|inactive|Avriss has 30 seconds left.
|
|t:|1786205392
|detailschange|p1a: Harvey|Scovillain-Mega, L50, M
|-mega|p1a: Harvey|Scovillain|Scovillainite
|move|p2a: Grimmsnarl|Fake Out|p1b: Rockhead Martin
|-crit|p1b: Rockhead Martin
|-damage|p1b: Rockhead Martin|84/100
|-damage|p2a: Grimmsnarl|87/100|[from] ability: Rough Skin|[of] p1b: Rockhead Martin
|move|p2b: Kommo-o|Clangorous Soul|p2b: Kommo-o
|-boost|p2b: Kommo-o|atk|1
|-boost|p2b: Kommo-o|def|1
|-boost|p2b: Kommo-o|spa|1
|-boost|p2b: Kommo-o|spd|1
|-boost|p2b: Kommo-o|spe|1
|-damage|p2b: Kommo-o|67/100
|cant|p1b: Rockhead Martin|flinch
|move|p1a: Harvey|Leech Seed|p2b: Kommo-o
|-start|p2b: Kommo-o|move: Leech Seed
|
|-heal|p2b: Kommo-o|72/100|[from] item: Leftovers
|-damage|p2b: Kommo-o|60/100|[from] Leech Seed|[of] p1a: Harvey
|upkeep
|turn|2
|
|t:|1786205414
|move|p1b: Rockhead Martin|Protect|p1b: Rockhead Martin
|-singleturn|p1b: Rockhead Martin|Protect
|move|p2a: Grimmsnarl|Reflect|p2a: Grimmsnarl
|-sidestart|p2: plaidhaxx|Reflect
|move|p2b: Kommo-o|Clanging Scales|p1b: Rockhead Martin|[spread] p1a
|-activate|p1b: Rockhead Martin|move: Protect
|-damage|p1a: Harvey|41/100
|-status|p2b: Kommo-o|brn|[from] ability: Spicy Spray|[of] p1a: Harvey
|-unboost|p2b: Kommo-o|def|1
|move|p1a: Harvey|Leech Seed|p2a: Grimmsnarl
|-start|p2a: Grimmsnarl|move: Leech Seed
|
|-heal|p2b: Kommo-o|66/100 brn|[from] item: Leftovers
|-damage|p2b: Kommo-o|54/100 brn|[from] Leech Seed|[of] p1a: Harvey
|-heal|p1a: Harvey|52/100|[silent]
|-damage|p2a: Grimmsnarl|75/100|[from] Leech Seed|[of] p1a: Harvey
|-heal|p1a: Harvey|67/100|[silent]
|-damage|p2b: Kommo-o|48/100 brn|[from] brn
|upkeep
|turn|3
|
|t:|1786205435
|switch|p1b: Vinsmoke|Kingambit, L50, F|100/100
|move|p2a: Grimmsnarl|Light Screen|p2a: Grimmsnarl
|-sidestart|p2: plaidhaxx|move: Light Screen
|move|p2b: Kommo-o|Clanging Scales|p1b: Vinsmoke|[spread] p1a,p1b
|-resisted|p1b: Vinsmoke|1
|-damage|p1a: Harvey|9/100
|-damage|p1b: Vinsmoke|67/100
|-unboost|p2b: Kommo-o|def|1
|move|p1a: Harvey|Overheat|p2a: Grimmsnarl
|-damage|p2a: Grimmsnarl|41/100
|-unboost|p1a: Harvey|spa|2
|
|-heal|p2b: Kommo-o|54/100 brn|[from] item: Leftovers
|-damage|p2b: Kommo-o|41/100 brn|[from] Leech Seed|[of] p1a: Harvey
|-heal|p1a: Harvey|20/100y|[silent]
|-damage|p2a: Grimmsnarl|29/100|[from] Leech Seed|[of] p1a: Harvey
|-heal|p1a: Harvey|34/100|[silent]
|-damage|p2b: Kommo-o|36/100 brn|[from] brn
|upkeep
|turn|4
|inactive|Avriss has 30 seconds left.
|
|t:|1786205462
|switch|p1b: Deepthroat|Basculegion, L50, M|100/100
|switch|p2a: Tyranitar|Tyranitar, L50, M|100/100
|-weather|Sandstorm|[from] ability: Sand Stream|[of] p2a: Tyranitar
|move|p1a: Harvey|Protect|p1a: Harvey
|-singleturn|p1a: Harvey|Protect
|move|p2b: Kommo-o|Clanging Scales|p1a: Harvey|[spread] p1b
|-activate|p1a: Harvey|move: Protect
|-damage|p1b: Deepthroat|29/100
|-unboost|p2b: Kommo-o|def|1
|
|-weather|Sandstorm|[upkeep]
|-damage|p1b: Deepthroat|23/100|[from] Sandstorm
|-damage|p1a: Harvey|29/100|[from] Sandstorm
|-heal|p2b: Kommo-o|41/100 brn|[from] item: Leftovers
|-damage|p2b: Kommo-o|29/100 brn|[from] Leech Seed|[of] p1a: Harvey
|-heal|p1a: Harvey|40/100|[silent]
|-damage|p2b: Kommo-o|23/100 brn|[from] brn
|upkeep
|turn|5
|inactive|Avriss has 30 seconds left.
|inactive|plaidhaxx has 30 seconds left.
|inactive|plaidhaxx has 20 seconds left.
|inactive|Avriss has 20 seconds left.
|inactive|Avriss has 15 seconds left.
|
|t:|1786205509
|switch|p1a: Vinsmoke|Kingambit, L50, F|67/100
|move|p1b: Deepthroat|Wave Crash|p2a: Tyranitar
|-supereffective|p2a: Tyranitar|1
|-damage|p2a: Tyranitar|13/100
|-damage|p1b: Deepthroat|0 fnt|[from] Recoil
|faint|p1b: Deepthroat
|move|p2b: Kommo-o|Clanging Scales|p1a: Vinsmoke
|-resisted|p1a: Vinsmoke|1
|-damage|p1a: Vinsmoke|24/100
|-unboost|p2b: Kommo-o|def|1
|move|p2a: Tyranitar|Dragon Dance|p2a: Tyranitar
|-boost|p2a: Tyranitar|atk|1
|-boost|p2a: Tyranitar|spe|1
|
|-weather|Sandstorm|[upkeep]
|-heal|p2b: Kommo-o|29/100 brn|[from] item: Leftovers
|-damage|p2b: Kommo-o|17/100 brn|[from] Leech Seed|[of] p1a: Vinsmoke
|-heal|p1a: Vinsmoke|35/100|[silent]
|-damage|p2b: Kommo-o|11/100 brn|[from] brn
|upkeep
|
|t:|1786205513
|switch|p1b: Harvey|Scovillain-Mega, L50, M|40/100
|turn|6
|
|t:|1786205533
|detailschange|p2a: Tyranitar|Tyranitar-Mega, L50, M
|-mega|p2a: Tyranitar|Tyranitar|Tyranitarite
|move|p1a: Vinsmoke|Sucker Punch|p2b: Kommo-o
|-resisted|p2b: Kommo-o|1
|-damage|p2b: Kommo-o|0 fnt
|faint|p2b: Kommo-o
|move|p2a: Tyranitar|Rock Slide|p1a: Vinsmoke|[spread] p1a,p1b
|-resisted|p1a: Vinsmoke|1
|-supereffective|p1b: Harvey|1
|-damage|p1a: Vinsmoke|15/100
|-damage|p1b: Harvey|0 fnt
|-status|p2a: Tyranitar|brn|[from] ability: Spicy Spray|[of] p1b: Harvey
|faint|p1b: Harvey
|
|-weather|Sandstorm|[upkeep]
|-damage|p2a: Tyranitar|7/100 brn|[from] brn
|upkeep
|
|t:|1786205548
|switch|p2b: Excadrill|Excadrill, L50, F|100/100
|switch|p1b: Rockhead Martin|Garchomp, L50, F|84/100
|turn|7
|inactive|Avriss has 30 seconds left.
|inactive|plaidhaxx has 30 seconds left.
|inactive|Avriss has 20 seconds left.
|
|t:|1786205587
|move|p1a: Vinsmoke|Sucker Punch|p2a: Tyranitar
|-resisted|p2a: Tyranitar|1
|-damage|p2a: Tyranitar|0 fnt
|faint|p2a: Tyranitar
|move|p2b: Excadrill|Iron Head|p1a: Vinsmoke
|-resisted|p1a: Vinsmoke|1
|-damage|p1a: Vinsmoke|0 fnt
|faint|p1a: Vinsmoke
|-damage|p2b: Excadrill|90/100|[from] item: Life Orb
|move|p1b: Rockhead Martin|Earthquake|p2b: Excadrill
|-supereffective|p2b: Excadrill|1
|-damage|p2b: Excadrill|0 fnt
|faint|p2b: Excadrill
|-damage|p1b: Rockhead Martin|74/100|[from] item: Life Orb
|
|-weather|Sandstorm|[upkeep]
|upkeep
|
|t:|1786205596
|switch|p2a: Grimmsnarl|Grimmsnarl, L50, M|29/100
|turn|8
|
|t:|1786205606
|move|p1b: Rockhead Martin|Protect|p1b: Rockhead Martin
|-singleturn|p1b: Rockhead Martin|Protect
|move|p2a: Grimmsnarl|Spirit Break|p1b: Rockhead Martin
|-activate|p1b: Rockhead Martin|move: Protect
|
|-weather|none
|upkeep
|turn|9
|
|t:|1786205612
|move|p1b: Rockhead Martin|Earthquake|p2a: Grimmsnarl
|-damage|p2a: Grimmsnarl|0 fnt
|faint|p2a: Grimmsnarl
|-damage|p1b: Rockhead Martin|64/100|[from] item: Life Orb
|
|win|Avriss
