|j|☆FanPoke2011
|j|☆ronansting
|html|FanPoke2011ronansting    
|uhtml|bestof|Game 3 of a best-of-3
|t:|1754634045
|gametype|doubles
|player|p1|FanPoke2011|1|1201
|player|p2|ronansting|baker|1295
|gen|9
|tier|[Gen 9] VGC 2025 Reg H (Bo3)
|rated|
|rule|Species Clause: Limit one of each Pokémon
|rule|Item Clause: Limit 1 of each item
|clearpoke
|poke|p1|Porygon2, L50|
|poke|p1|Sneasler, L50, F|
|poke|p1|Amoonguss, L50, F|
|poke|p1|Gholdengo, L50|
|poke|p1|Incineroar, L50, M|
|poke|p1|Dragonite, L50, M|
|poke|p2|Archaludon, L50, F|
|poke|p2|Pelipper, L50, M|
|poke|p2|Indeedee, L50, M|
|poke|p2|Amoonguss, L50, M|
|poke|p2|Basculegion, L50, M|
|poke|p2|Hydreigon, L50, F|
|teampreview|4
|showteam|p1|Porygon2||Eviolite|Download|TeraBlast,IceBeam,Recover,TrickRoom||||||50|,,,,,Fighting]Sneasler||FocusSash|PoisonTouch|CloseCombat,DireClaw,Coaching,Protect|||F|||50|,,,,,Ghost]Amoonguss||SitrusBerry|Regenerator|Protect,PollenPuff,Spore,RagePowder|||F|||50|,,,,,Water]Gholdengo||MetalCoat|GoodasGold|MakeItRain,ShadowBall,NastyPlot,Protect||||||50|,,,,,Fairy]Incineroar||SafetyGoggles|Intimidate|FlareBlitz,KnockOff,FakeOut,PartingShot|||M|||50|,,,,,Ghost]Dragonite||LoadedDice|Multiscale|ScaleShot,StompingTantrum,ExtremeSpeed,Protect|||M|||50|,,,,,Ground
|showteam|p2|Archaludon||AssaultVest|Stamina|ElectroShot,DracoMeteor,BodyPress,FlashCannon|||F|||50|,,,,,Grass]Pelipper||FocusSash|Drizzle|WeatherBall,Hurricane,Tailwind,Protect|||M|||50|,,,,,Ghost]Indeedee||ChoiceScarf|PsychicSurge|ExpandingForce,TeraBlast,Trick,DazzlingGleam|||M|||50|,,,,,Ground]Amoonguss||SitrusBerry|Regenerator|Spore,SludgeBomb,Protect,RagePowder|||M|||50|,,,,,Water]Basculegion||ChoiceBand|SwiftSwim|FlipTurn,WaveCrash,LastRespects,AquaJet|||M|||50|,,,,,Poison]Hydreigon||CovertCloak|Levitate|Taunt,Snarl,DracoMeteor,EarthPower|||F|||50|,,,,,Fairy
|j| calyicedow
|
|t:|1754634053
|teamsize|p1|4
|teamsize|p2|4
|start
|switch|p1a: Sneasler|Sneasler, L50, F|100/100
|switch|p1b: Dragonite|Dragonite, L50, M|100/100
|switch|p2a: Piedragon|Hydreigon, L50, F|100/100
|switch|p2b: Empire|Basculegion, L50, M|100/100
|turn|1
|l| calyicedow
|
|t:|1754634075
|-terastallize|p2a: Piedragon|Fairy
|move|p1a: Sneasler|Coaching|p1b: Dragonite
|-boost|p1b: Dragonite|atk|1
|-boost|p1b: Dragonite|def|1
|move|p2a: Piedragon|Draco Meteor|p1b: Dragonite
|-supereffective|p1b: Dragonite
|-damage|p1b: Dragonite|40/100
|-unboost|p2a: Piedragon|spa|2
|move|p1b: Dragonite|Scale Shot|p2b: Empire
|-damage|p2b: Empire|76/100
|-crit|p2b: Empire
|-damage|p2b: Empire|38/100
|-damage|p2b: Empire|11/100
|-damage|p2b: Empire|0 fnt
|faint|p2b: Empire
|-hitcount|p2: Empire|4
|-unboost|p1b: Dragonite|def|1
|-boost|p1b: Dragonite|spe|1
|
|upkeep
|
|t:|1754634089
|switch|p2b: Smellypper|Pelipper, L50, M|100/100
|-weather|RainDance|[from] ability: Drizzle|[of] p2b: Smellypper
|turn|2
|
|t:|1754634106
|switch|p2b: Arching|Archaludon, L50, F|100/100
|move|p1b: Dragonite|Scale Shot|p2b: Arching
|-damage|p2b: Arching|83/100
|-ability|p2b: Arching|Stamina|boost
|-boost|p2b: Arching|def|1
|-damage|p2b: Arching|73/100
|-ability|p2b: Arching|Stamina|boost
|-boost|p2b: Arching|def|1
|-damage|p2b: Arching|65/100
|-ability|p2b: Arching|Stamina|boost
|-boost|p2b: Arching|def|1
|-damage|p2b: Arching|59/100
|-ability|p2b: Arching|Stamina|boost
|-boost|p2b: Arching|def|1
|-damage|p2b: Arching|54/100
|-ability|p2b: Arching|Stamina|boost
|-boost|p2b: Arching|def|1
|-hitcount|p2b: Arching|5
|-unboost|p1b: Dragonite|def|1
|-boost|p1b: Dragonite|spe|1
|move|p1a: Sneasler|Dire Claw|p2a: Piedragon
|-supereffective|p2a: Piedragon
|-damage|p2a: Piedragon|17/100
|move|p2a: Piedragon|Draco Meteor|p1b: Dragonite
|-supereffective|p1b: Dragonite
|-damage|p1b: Dragonite|0 fnt
|-unboost|p2a: Piedragon|spa|2
|faint|p1b: Dragonite
|
|-weather|RainDance|[upkeep]
|upkeep
|
|t:|1754634114
|switch|p1b: Amoonguss|Amoonguss, L50, F|100/100
|turn|3
|
|t:|1754634131
|move|p1a: Sneasler|Dire Claw|p2a: Piedragon
|-supereffective|p2a: Piedragon
|-damage|p2a: Piedragon|0 fnt
|faint|p2a: Piedragon
|move|p2b: Arching|Body Press|p1a: Sneasler
|-resisted|p1a: Sneasler
|-damage|p1a: Sneasler|31/100
|move|p1b: Amoonguss|Spore|p2b: Arching
|-status|p2b: Arching|slp|[from] move: Spore
|
|-weather|RainDance|[upkeep]
|upkeep
|
|t:|1754634140
|switch|p2a: Smellypper|Pelipper, L50, M|100/100
|turn|4
|
|t:|1754634152
|switch|p1b: Gholdengo|Gholdengo, L50|100/100
|move|p1a: Sneasler|Dire Claw|p2a: Smellypper
|-damage|p2a: Smellypper|42/100
|move|p2a: Smellypper|Tailwind|p2a: Smellypper
|-sidestart|p2: ronansting|move: Tailwind
|cant|p2b: Arching|slp
|
|-weather|RainDance|[upkeep]
|upkeep
|turn|5
|
|t:|1754634167
|move|p2a: Smellypper|Weather Ball|p1b: Gholdengo
|-damage|p1b: Gholdengo|32/100
|cant|p2b: Arching|slp
|move|p1a: Sneasler|Dire Claw|p2a: Smellypper
|-damage|p2a: Smellypper|0 fnt
|faint|p2a: Smellypper
|move|p1b: Gholdengo|Shadow Ball|p2b: Arching
|-damage|p2b: Arching|28/100 slp
|-ability|p2b: Arching|Stamina|boost
|-boost|p2b: Arching|def|1
|
|-weather|RainDance|[upkeep]
|upkeep
|turn|6
|
|t:|1754634184
|switch|p1a: Amoonguss|Amoonguss, L50, F|100/100
|move|p1b: Gholdengo|Protect|p1b: Gholdengo
|-singleturn|p1b: Gholdengo|Protect
|cant|p2b: Arching|slp
|
|-weather|none
|upkeep
|turn|7
|c|☆ronansting|ggs
|
|t:|1754634195
|move|p1a: Amoonguss|Rage Powder|p1a: Amoonguss
|-singleturn|p1a: Amoonguss|move: Rage Powder
|-curestatus|p2b: Arching|slp|[msg]
|move|p2b: Arching|Draco Meteor|p1a: Amoonguss|[miss]
|-miss|p2b: Arching|p1a: Amoonguss
|move|p1b: Gholdengo|Shadow Ball|p2b: Arching
|-damage|p2b: Arching|1/100
|
|-sideend|p2: ronansting|move: Tailwind
|upkeep
|turn|8
|
|t:|1754634204
|move|p1b: Gholdengo|Protect|p1b: Gholdengo
|-singleturn|p1b: Gholdengo|Protect
|move|p2b: Arching|Draco Meteor|p1b: Gholdengo
|-activate|p1b: Gholdengo|move: Protect
|move|p1a: Amoonguss|Pollen Puff|p2b: Arching
|-resisted|p2b: Arching
|-damage|p2b: Arching|0 fnt
|faint|p2b: Arching
|
|win|FanPoke2011
|raw|FanPoke2011's rating: 1201 → 1233(+32 for winning)
|raw|ronansting's rating: 1295 → 1263(-32 for losing)
|l|☆ronansting
|player|p2|
