|j|☆SomeKidJon
|j|☆Prepucio Perez
|html|SomeKidJonPrepucio Perez    
|uhtml|bestof|Game 1 of a best-of-3
|t:|1782753813
|gametype|doubles
|player|p1|SomeKidJon|scientistf|1392
|player|p2|Prepucio Perez|265|1336
|gen|9
|tier|[Gen 9 Champions] VGC 2026 Reg M-B (Bo3)
|rated|
|rule|Species Clause: Limit one of each Pokémon
|rule|Item Clause: Limit 1 of each item
|clearpoke
|poke|p1|Camerupt, L50, M|
|poke|p1|Farigiraf, L50, F, shiny|
|poke|p1|Incineroar, L50, F|
|poke|p1|Primarina, L50, M|
|poke|p1|Ninetales-Alola, L50, M|
|poke|p1|Pinsir, L50, F|
|poke|p2|Incineroar, L50, M|
|poke|p2|Sinistcha-Masterpiece, L50, shiny|
|poke|p2|Floette-Eternal, L50, F|
|poke|p2|Kingambit, L50, F|
|poke|p2|Sneasler, L50, F|
|poke|p2|Delphox, L50, M, shiny|
|teampreview|4
|showteam|p1|Camerupt||Cameruptite|SolidRock|Protect,AncientPower,EarthPower,HeatWave|Quiet||M|||50|]Farigiraf||SitrusBerry|ArmorTail|Thunderbolt,TrickRoom,DazzlingGleam,Protect|Calm||F|||50|]Incineroar||PasshoBerry|Intimidate|PartingShot,FakeOut,FlareBlitz,ThroatChop|Careful||F|||50|]Primarina||Leftovers|LiquidVoice|HyperVoice,Protect,Moonblast,CalmMind|Modest||M|||50|]Ninetales-Alola||LightClay|SnowWarning|FreezeDry,Blizzard,Protect,AuroraVeil|Timid||M|||50|]Pinsir||Pinsirite|HyperCutter|Protect,Feint,BodySlam,CloseCombat|Jolly||F|||50|
|showteam|p2|Incineroar||SitrusBerry|Intimidate|FakeOut,PartingShot,ThroatChop,FlareBlitz|Careful||M|||50|]Sinistcha-Masterpiece||KasibBerry|Hospitality|MatchaGotcha,LifeDew,RagePowder,TrickRoom|Bold|||||50|]Floette-Eternal||Floettite|FlowerVeil|Moonblast,DazzlingGleam,CalmMind,Protect|Modest||F|||50|]Kingambit||BlackGlasses|Defiant|KowtowCleave,SuckerPunch,SwordsDance,Protect|Adamant||F|||50|]Sneasler||FocusSash|PoisonTouch|FakeOut,CloseCombat,DireClaw,QuickGuard|Jolly||F|||50|]Delphox||Delphoxite|Blaze|HeatWave,Psyshock,NastyPlot,Protect|Timid||M|||50|
|
|t:|1782753875
|teamsize|p1|4
|teamsize|p2|4
|start
|switch|p1a: Incineroar|Incineroar, L50, F|100/100
|switch|p1b: Farigiraf|Farigiraf, L50, F, shiny|100/100
|switch|p2a: Incineroar|Incineroar, L50, M|100/100
|switch|p2b: Delphox|Delphox, L50, M, shiny|100/100
|-ability|p2a: Incineroar|Intimidate|boost
|-unboost|p1a: Incineroar|atk|1
|-unboost|p1b: Farigiraf|atk|1
|-ability|p1a: Incineroar|Intimidate|boost
|-unboost|p2a: Incineroar|atk|1
|-unboost|p2b: Delphox|atk|1
|turn|1
|
|t:|1782753889
|switch|p2b: Kingambit|Kingambit, L50, F|100/100
|move|p2a: Incineroar|Parting Shot|p1b: Farigiraf
|-unboost|p1b: Farigiraf|atk|1
|-unboost|p1b: Farigiraf|spa|1
|
|t:|1782753896
|switch|p2a: Delphox|Delphox, L50, M, shiny|100/100|[from] Parting Shot
|move|p1a: Incineroar|Parting Shot|p2b: Kingambit
|-unboost|p2b: Kingambit|atk|1
|-ability|p2b: Kingambit|Defiant|boost
|-boost|p2b: Kingambit|atk|2
|-unboost|p2b: Kingambit|spa|1
|-ability|p2b: Kingambit|Defiant|boost
|-boost|p2b: Kingambit|atk|2
|
|t:|1782753898
|switch|p1a: Camerupt|Camerupt, L50, M|100/100|[from] Parting Shot
|move|p1b: Farigiraf|Trick Room|p1b: Farigiraf
|-fieldstart|move: Trick Room|[of] p1b: Farigiraf
|
|upkeep
|turn|2
|
|t:|1782753916
|switch|p1b: Incineroar|Incineroar, L50, F|100/100
|-ability|p1b: Incineroar|Intimidate|boost
|-unboost|p2a: Delphox|atk|1
|-unboost|p2b: Kingambit|atk|1
|-ability|p2b: Kingambit|Defiant|boost
|-boost|p2b: Kingambit|atk|2
|detailschange|p1a: Camerupt|Camerupt-Mega, L50, M
|-mega|p1a: Camerupt|Camerupt|Cameruptite
|detailschange|p2a: Delphox|Delphox-Mega, L50, M, shiny
|-mega|p2a: Delphox|Delphox|Delphoxite
|move|p2b: Kingambit|Protect|p2b: Kingambit
|-singleturn|p2b: Kingambit|Protect
|move|p1a: Camerupt|Earth Power|p2b: Kingambit
|-activate|p2b: Kingambit|move: Protect
|move|p2a: Delphox|Nasty Plot|p2a: Delphox
|-boost|p2a: Delphox|spa|2
|
|upkeep
|turn|3
|
|t:|1782753926
|switch|p1b: Farigiraf|Farigiraf, L50, F, shiny|100/100
|move|p2b: Kingambit|Sucker Punch||[still]
|cant|p1b: Farigiraf|ability: Armor Tail|Sucker Punch|[of] p2b: Kingambit
|move|p1a: Camerupt|Earth Power|p2b: Kingambit
|-supereffective|p2b: Kingambit|1
|-damage|p2b: Kingambit|0 fnt
|faint|p2b: Kingambit
|move|p2a: Delphox|Psyshock|p1a: Camerupt
|-damage|p1a: Camerupt|1/100
|
|upkeep
|
|t:|1782753932
|switch|p2b: Incineroar|Incineroar, L50, M|100/100
|-ability|p2b: Incineroar|Intimidate|boost
|-unboost|p1a: Camerupt|atk|1
|-unboost|p1b: Farigiraf|atk|1
|turn|4
|
|t:|1782753947
|move|p1a: Camerupt|Earth Power|p2b: Incineroar
|-supereffective|p2b: Incineroar|1
|-damage|p2b: Incineroar|1/100
|-enditem|p2b: Incineroar|Sitrus Berry|[eat]
|-heal|p2b: Incineroar|25/100|[from] item: Sitrus Berry
|move|p1b: Farigiraf|Dazzling Gleam|p2b: Incineroar|[spread] p2a,p2b
|-resisted|p2a: Delphox|1
|-damage|p2a: Delphox|93/100
|-damage|p2b: Incineroar|14/100
|move|p2b: Incineroar|Parting Shot|p1b: Farigiraf
|-unboost|p1b: Farigiraf|atk|1
|-unboost|p1b: Farigiraf|spa|1
|
|t:|1782753955
|switch|p2b: Sinistcha|Sinistcha-Masterpiece, L50, shiny|100/100|[from] Parting Shot
|-heal|p2a: Delphox|100/100|[from] ability: Hospitality|[of] p2b: Sinistcha
|move|p2a: Delphox|Heat Wave|p1b: Farigiraf|[spread] p1a,p1b
|-resisted|p1a: Camerupt|1
|-crit|p1b: Farigiraf
|-damage|p1a: Camerupt|0 fnt
|-damage|p1b: Farigiraf|4/100
|-enditem|p1b: Farigiraf|Sitrus Berry|[eat]
|-heal|p1b: Farigiraf|29/100|[from] item: Sitrus Berry
|faint|p1a: Camerupt
|
|upkeep
|
|t:|1782753963
|switch|p1a: Primarina|Primarina, L50, M|100/100
|turn|5
|
|t:|1782753975
|switch|p1b: Incineroar|Incineroar, L50, F|100/100
|-ability|p1b: Incineroar|Intimidate|boost
|-unboost|p2a: Delphox|atk|1
|-unboost|p2b: Sinistcha|atk|1
|move|p2a: Delphox|Protect|p2a: Delphox
|-singleturn|p2a: Delphox|Protect
|move|p1a: Primarina|Calm Mind|p1a: Primarina
|-boost|p1a: Primarina|spa|1
|-boost|p1a: Primarina|spd|1
|move|p2b: Sinistcha|Matcha Gotcha|p1b: Incineroar|[spread] p1a,p1b
|-supereffective|p1a: Primarina|1
|-resisted|p1b: Incineroar|1
|-damage|p1a: Primarina|73/100
|-damage|p1b: Incineroar|91/100
|
|-heal|p1a: Primarina|79/100|[from] item: Leftovers
|-fieldend|move: Trick Room
|upkeep
|turn|6
|
|t:|1782753992
|move|p1b: Incineroar|Fake Out|p2a: Delphox
|-damage|p2a: Delphox|84/100
|cant|p2a: Delphox|flinch
|move|p2b: Sinistcha|Matcha Gotcha|p1b: Incineroar|[spread] p1a,p1b
|-supereffective|p1a: Primarina|1
|-resisted|p1b: Incineroar|1
|-damage|p1a: Primarina|52/100
|-damage|p1b: Incineroar|81/100
|-status|p1a: Primarina|brn
|move|p1a: Primarina|Hyper Voice|p2a: Delphox|[spread] p2a,p2b
|-supereffective|p2a: Delphox|1
|-resisted|p2b: Sinistcha|1
|-damage|p2a: Delphox|0 fnt
|-damage|p2b: Sinistcha|75/100
|faint|p2a: Delphox
|
|-heal|p1a: Primarina|58/100 brn|[from] item: Leftovers
|-damage|p1a: Primarina|52/100 brn|[from] brn
|upkeep
|
|t:|1782753994
|switch|p2a: Incineroar|Incineroar, L50, M|14/100
|-ability|p2a: Incineroar|Intimidate|boost
|-unboost|p1a: Primarina|atk|1
|-unboost|p1b: Incineroar|atk|1
|turn|7
|
|t:|1782754002
|switch|p1b: Farigiraf|Farigiraf, L50, F, shiny|29/100
|move|p2a: Incineroar|Fake Out||[still]
|cant|p1b: Farigiraf|ability: Armor Tail|Fake Out|[of] p2a: Incineroar
|move|p2b: Sinistcha|Matcha Gotcha|p1a: Primarina|[spread] p1b
|-miss|p2b: Sinistcha|p1a: Primarina
|-damage|p1b: Farigiraf|7/100
|-heal|p2b: Sinistcha|89/100|[from] drain|[of] p1b: Farigiraf
|move|p1a: Primarina|Hyper Voice|p2b: Sinistcha|[spread] p2a,p2b
|-supereffective|p2a: Incineroar|1
|-crit|p2a: Incineroar
|-resisted|p2b: Sinistcha|1
|-damage|p2a: Incineroar|0 fnt
|-damage|p2b: Sinistcha|64/100
|faint|p2a: Incineroar
|
|-heal|p1a: Primarina|58/100 brn|[from] item: Leftovers
|-damage|p1a: Primarina|52/100 brn|[from] brn
|upkeep
|turn|8
|
|t:|1782754008
|move|p2b: Sinistcha|Matcha Gotcha|p1a: Primarina|[spread] p1a,p1b
|-supereffective|p1a: Primarina|1
|-damage|p1a: Primarina|23/100 brn
|-heal|p2b: Sinistcha|79/100|[from] drain|[of] p1a: Primarina
|-damage|p1b: Farigiraf|0 fnt
|-heal|p2b: Sinistcha|84/100|[from] drain|[of] p1b: Farigiraf
|faint|p1b: Farigiraf
|move|p1a: Primarina|Moonblast|p2b: Sinistcha
|-damage|p2b: Sinistcha|14/100
|-unboost|p2b: Sinistcha|spa|1
|
|-heal|p1a: Primarina|29/100 brn|[from] item: Leftovers
|-damage|p1a: Primarina|23/100 brn|[from] brn
|upkeep
|
|t:|1782754010
|switch|p1b: Incineroar|Incineroar, L50, F|81/100
|-ability|p1b: Incineroar|Intimidate|boost
|-unboost|p2b: Sinistcha|atk|1
|turn|9
|
|t:|1782754019
|move|p2b: Sinistcha|Matcha Gotcha|p1b: Incineroar|[spread] p1a,p1b
|-supereffective|p1a: Primarina|1
|-resisted|p1b: Incineroar|1
|-damage|p1a: Primarina|6/100 brn
|-heal|p2b: Sinistcha|23/100|[from] drain|[of] p1a: Primarina
|-damage|p1b: Incineroar|75/100
|-heal|p2b: Sinistcha|26/100|[from] drain|[of] p1b: Incineroar
|move|p1b: Incineroar|Flare Blitz|p2b: Sinistcha
|-supereffective|p2b: Sinistcha|1
|-damage|p2b: Sinistcha|0 fnt
|faint|p2b: Sinistcha
|-damage|p1b: Incineroar|67/100|[from] Recoil
|
|win|SomeKidJon
||SomeKidJon is ready for game 2.
||Prepucio Perez is ready for game 2.
|uhtml|next|Next: Game 2 of 3
|l|☆SomeKidJon
|player|p1|
|n|☆Prepucio Perez|prepucioperez
