|j|‽volcaronaok
|j|‽CaratroncoSun
|html|volcaronaokCaratroncoSun    
|uhtml|bestof|Game 1 of a best-of-3
|t:|1782203686
|gametype|doubles
|player|p1|volcaronaok|170|1045
|player|p2|CaratroncoSun|juan|1080
|gen|9
|tier|[Gen 9 Champions] VGC 2026 Reg M-B (Bo3)
|rated|
|rule|Species Clause: Limit one of each Pokémon
|rule|Item Clause: Limit 1 of each item
|clearpoke
|poke|p1|Delphox, L50, F, shiny|
|poke|p1|Clefable, L50, F, shiny|
|poke|p1|Gardevoir, L50, F, shiny|
|poke|p1|Garchomp, L50, M, shiny|
|poke|p1|Sneasler, L50, M, shiny|
|poke|p1|Hydreigon, L50, F, shiny|
|poke|p2|Overqwil, L50, F, shiny|
|poke|p2|Swampert, L50, F|
|poke|p2|Pelipper, L50, F|
|poke|p2|Metagross, L50, shiny|
|poke|p2|Sneasler, L50, F|
|poke|p2|Sinistcha-Masterpiece, L50|
|teampreview|4
|showteam|p1|Delphox||Delphoxite|Blaze|DazzlingGleam,HeatWave,ShadowBall,Psyshock|Bold||F|||50|]Clefable||SitrusBerry|Unaware|FollowMe,LifeDew,Protect,DazzlingGleam|Bold||F|||50|]Gardevoir||Gardevoirite|Synchronize|AuraSphere,HyperVoice,Psyshock,MysticalFire|Timid||F|||50|]Garchomp||ChoiceScarf|RoughSkin|DragonClaw,RockSlide,Earthquake,PoisonJab|Jolly||M|||50|]Sneasler||WhiteHerb|Unburden|Acrobatics,CloseCombat,FakeOut,DireClaw|Adamant||M|||50|]Hydreigon||LifeOrb|Levitate|DarkPulse,DragonPulse,FlashCannon,FocusBlast|Timid||F|||50|
|showteam|p2|Overqwil||LifeOrb|SwiftSwim|Protect,PoisonJab,ThroatChop,Liquidation|Adamant||F|||50|]Swampert||Swampertite|Damp|Protect,WaveCrash,HighHorsepower,IcePunch|Adamant||F|||50|]Pelipper||FocusSash|Drizzle|Protect,Tailwind,Hurricane,WeatherBall|Modest||F|||50|]Metagross||Metagrossite|ClearBody|Protect,PsychicFangs,MeteorMash,IcePunch|Jolly|||||50|]Sneasler||WhiteHerb|Unburden|Coaching,FakeOut,DireClaw,CloseCombat|Jolly||F|||50|]Sinistcha-Masterpiece||SitrusBerry|Hospitality|MatchaGotcha,TrickRoom,LifeDew,RagePowder|Bold|||||50|
|
|t:|1782203746
|teamsize|p1|4
|teamsize|p2|4
|start
|switch|p1a: Gardevoir|Gardevoir, L50, F, shiny|100/100
|switch|p1b: Clefable|Clefable, L50, F, shiny|100/100
|switch|p2a: Swampert|Swampert, L50, F|100/100
|switch|p2b: Sneasler|Sneasler, L50, F|100/100
|turn|1
|
|t:|1782203768
|switch|p1a: Sneasler|Sneasler, L50, M, shiny|100/100
|move|p2a: Swampert|Protect|p2a: Swampert
|-singleturn|p2a: Swampert|Protect
|move|p1b: Clefable|Follow Me|p1b: Clefable
|-singleturn|p1b: Clefable|move: Follow Me
|move|p2b: Sneasler|Coaching|p2a: Swampert
|-boost|p2a: Swampert|atk|1
|-boost|p2a: Swampert|def|1
|
|upkeep
|turn|2
|
|t:|1782203786
|detailschange|p2a: Swampert|Swampert-Mega, L50, F
|-mega|p2a: Swampert|Swampert|Swampertite
|move|p1a: Sneasler|Fake Out|p2a: Swampert
|-damage|p2a: Swampert|90/100
|move|p2b: Sneasler|Dire Claw|p1b: Clefable
|-supereffective|p1b: Clefable|1
|-damage|p1b: Clefable|31/100
|-status|p1b: Clefable|slp
|-enditem|p1b: Clefable|Sitrus Berry|[eat]
|-heal|p1b: Clefable|56/100 slp|[from] item: Sitrus Berry
|cant|p2a: Swampert|flinch
|cant|p1b: Clefable|slp
|
|upkeep
|turn|3
|
|t:|1782203805
|switch|p2b: Pelipper|Pelipper, L50, F|100/100
|-weather|RainDance|[from] ability: Drizzle|[of] p2b: Pelipper
|cant|p1b: Clefable|slp
|move|p2a: Swampert|High Horsepower|p1a: Sneasler
|-supereffective|p1a: Sneasler|1
|-damage|p1a: Sneasler|0 fnt
|faint|p1a: Sneasler
|
|-weather|RainDance|[upkeep]
|upkeep
|
|t:|1782203817
|switch|p1a: Gardevoir|Gardevoir, L50, F, shiny|100/100
|turn|4
|n|‽CaratroncoSun|caratroncosun
|
|t:|1782203847
|detailschange|p1a: Gardevoir|Gardevoir-Mega, L50, F, shiny
|-mega|p1a: Gardevoir|Gardevoir|Gardevoirite
|-curestatus|p1b: Clefable|slp|[msg]
|move|p1b: Clefable|Follow Me|p1b: Clefable
|-singleturn|p1b: Clefable|move: Follow Me
|move|p2a: Swampert|High Horsepower|p1b: Clefable
|-damage|p1b: Clefable|2/100
|move|p1a: Gardevoir|Hyper Voice|p2a: Swampert|[spread] p2a,p2b
|-damage|p2a: Swampert|50/100g
|-damage|p2b: Pelipper|9/100
|move|p2b: Pelipper|Weather Ball|p1b: Clefable
|-damage|p1b: Clefable|0 fnt
|faint|p1b: Clefable
|
|-weather|RainDance|[upkeep]
|upkeep
|
|t:|1782203866
|switch|p1b: Hydreigon|Hydreigon, L50, F, shiny|100/100
|turn|5
|
|t:|1782203883
|move|p2b: Pelipper|Protect|p2b: Pelipper
|-singleturn|p2b: Pelipper|Protect
|move|p2a: Swampert|Ice Punch|p1b: Hydreigon
|-supereffective|p1b: Hydreigon|1
|-damage|p1b: Hydreigon|0 fnt
|faint|p1b: Hydreigon
|move|p1a: Gardevoir|Hyper Voice|p2b: Pelipper|[spread] p2a
|-activate|p2b: Pelipper|move: Protect
|-damage|p2a: Swampert|10/100
|
|-weather|RainDance|[upkeep]
|upkeep
|turn|6
|
|t:|1782203899
|move|p2a: Swampert|High Horsepower|p1a: Gardevoir
|-crit|p1a: Gardevoir
|-damage|p1a: Gardevoir|0 fnt
|faint|p1a: Gardevoir
|
|win|CaratroncoSun
