|j|☆viatles
|j|☆FrankfurtVGC
|html|viatlesFrankfurtVGC    
|uhtml|bestof|Game 1 of a best-of-3
|t:|1757794879
|gametype|doubles
|player|p1|viatles|hiker|1053
|player|p2|FrankfurtVGC|101|1072
|gen|9
|tier|[Gen 9] VGC 2025 Reg H (Bo3)
|rated|
|rule|Species Clause: Limit one of each Pokémon
|rule|Item Clause: Limit 1 of each item
|clearpoke
|poke|p1|Scizor, L50, F|
|poke|p1|Talonflame, L50, F|
|poke|p1|Rillaboom, L50, F|
|poke|p1|Garchomp, L50, F|
|poke|p1|Kilowattrel, L50, F|
|poke|p1|Garganacl, L50, M|
|poke|p2|Corviknight, L50, M|
|poke|p2|Basculegion, L50, M|
|poke|p2|Sneasler, L50, M|
|poke|p2|Incineroar, L50, F|
|poke|p2|Garchomp, L50, F|
|poke|p2|Gholdengo, L50|
|teampreview|4
|showteam|p1|Scizor||LifeOrb|Technician|BulletPunch,BugBite,DualWingbeat,Protect|||F|||50|,,,,,Fire]Talonflame||CovertCloak|GaleWings|DualWingbeat,Tailwind,Taunt,FlareBlitz|||F|||50|,,,,,Flying]Rillaboom||AssaultVest|GrassySurge|FakeOut,GrassyGlide,Uturn,WoodHammer|||F|||50|,,,,,Fairy]Garchomp||ClearAmulet|RoughSkin|IronHead,Earthquake,DragonClaw,Protect|||F|||50|,,,,,Steel]Kilowattrel||FocusSash|Competitive|Discharge,AirSlash,Tailwind,Protect|||F|||50|,,,,,Ghost]Garganacl||Leftovers|PurifyingSalt|SaltCure,Recover,Protect,RockSlide|||M|||50|,,,,,Grass
|showteam|p2|Corviknight||Leftovers|MirrorArmor|BraveBird,BulkUp,Roost,Tailwind|||M|||50|,,,,,Dragon]Basculegion||ChoiceScarf|Adaptability|LastRespects,WaveCrash,FlipTurn,AquaJet|||M|||50|,,,,,Water]Sneasler||FocusSash|PoisonTouch|DireClaw,CloseCombat,FakeOut,Protect|||M|||50|,,,,,Stellar]Incineroar||AssaultVest|Intimidate|FakeOut,FlareBlitz,Uturn,KnockOff|||F|||50|,,,,,Grass]Garchomp||LifeOrb|RoughSkin|StompingTantrum,Earthquake,DragonClaw,Protect|||F|||50|,,,,,Steel]Gholdengo||MetalCoat|GoodasGold|MakeItRain,ShadowBall,NastyPlot,Protect||||||50|,,,,,Dragon
|c|☆viatles|gl hf
|inactive|Battle timer is ON: inactive players will automatically lose when time's up. (requested by viatles)
|inactive|FrankfurtVGC has 60 seconds left.
|
|t:|1757794928
|teamsize|p1|4
|teamsize|p2|4
|start
|switch|p1a: Kilowattrel|Kilowattrel, L50, F|100/100
|switch|p1b: Garchomp|Garchomp, L50, F|100/100
|switch|p2a: Incineroar|Incineroar, L50, F|100/100
|switch|p2b: Gholdengo|Gholdengo, L50|100/100
|-ability|p2a: Incineroar|Intimidate|boost
|-unboost|p1a: Kilowattrel|atk|1
|-ability|p1a: Kilowattrel|Competitive|boost
|-boost|p1a: Kilowattrel|spa|2
|-fail|p1b: Garchomp|unboost|[from] item: Clear Amulet|[of] p1b: Garchomp
|turn|1
|inactive|viatles has 30 seconds left.
|
|t:|1757794954
|move|p2a: Incineroar|Fake Out|p1b: Garchomp
|-damage|p1b: Garchomp|90/100
|-damage|p2a: Incineroar|88/100|[from] ability: Rough Skin|[of] p1b: Garchomp
|move|p1a: Kilowattrel|Discharge|p2a: Incineroar|[spread] p2a,p2b
|-immune|p1b: Garchomp
|-damage|p2a: Incineroar|54/100
|-damage|p2b: Gholdengo|45/100
|-status|p2a: Incineroar|par
|-status|p2b: Gholdengo|par
|cant|p1b: Garchomp|flinch
|move|p2b: Gholdengo|Make It Rain|p1a: Kilowattrel|[spread] p1a,p1b
|-resisted|p1a: Kilowattrel
|-damage|p1a: Kilowattrel|47/100
|-damage|p1b: Garchomp|31/100
|-unboost|p2b: Gholdengo|spa|1
|
|upkeep
|turn|2
|
|t:|1757794979
|-terastallize|p2a: Incineroar|Grass
|move|p1a: Kilowattrel|Discharge|p2b: Gholdengo|[spread] p2a,p2b
|-immune|p1b: Garchomp
|-resisted|p2a: Incineroar
|-damage|p2a: Incineroar|38/100 par
|-damage|p2b: Gholdengo|0 fnt
|faint|p2b: Gholdengo
|move|p1b: Garchomp|Earthquake|p2a: Incineroar|[spread] p2a
|-immune|p1a: Kilowattrel
|-resisted|p2a: Incineroar
|-damage|p2a: Incineroar|22/100 par
|move|p2a: Incineroar|Flare Blitz|p1a: Kilowattrel
|-damage|p1a: Kilowattrel|0 fnt
|faint|p1a: Kilowattrel
|-damage|p2a: Incineroar|11/100 par|[from] Recoil
|
|upkeep
|
|t:|1757794998
|switch|p1a: Scizor|Scizor, L50, F|100/100
|switch|p2b: Basculegion|Basculegion, L50, M|100/100
|turn|3
|
|t:|1757795016
|switch|p2a: Sneasler|Sneasler, L50, M|100/100
|move|p1b: Garchomp|Protect|p1b: Garchomp
|-singleturn|p1b: Garchomp|Protect
|move|p2b: Basculegion|Flip Turn|p1b: Garchomp
|-activate|p1b: Garchomp|move: Protect
|move|p1a: Scizor|Dual Wingbeat|p2b: Basculegion
|-damage|p2b: Basculegion|61/100
|-damage|p2b: Basculegion|24/100
|-hitcount|p2b: Basculegion|2
|-damage|p1a: Scizor|91/100|[from] item: Life Orb
|
|upkeep
|turn|4
|inactive|viatles has 30 seconds left.
|
|t:|1757795044
|move|p1a: Scizor|Bullet Punch|p2b: Basculegion
|-resisted|p2b: Basculegion
|-damage|p2b: Basculegion|0 fnt
|faint|p2b: Basculegion
|-damage|p1a: Scizor|81/100|[from] item: Life Orb
|move|p2a: Sneasler|Close Combat|p1b: Garchomp
|-damage|p1b: Garchomp|0 fnt
|-unboost|p2a: Sneasler|def|1
|-unboost|p2a: Sneasler|spd|1
|-damage|p2a: Sneasler|88/100|[from] ability: Rough Skin|[of] p1b: Garchomp
|faint|p1b: Garchomp
|
|upkeep
|
|t:|1757795055
|switch|p1b: Garganacl|Garganacl, L50, M|100/100
|switch|p2b: Incineroar|Incineroar, L50, F, tera:Grass|11/100 par
|-ability|p2b: Incineroar|Intimidate|boost
|-unboost|p1a: Scizor|atk|1
|-unboost|p1b: Garganacl|atk|1
|turn|5
|
|t:|1757795065
|move|p1a: Scizor|Protect|p1a: Scizor
|-singleturn|p1a: Scizor|Protect
|move|p1b: Garganacl|Protect|p1b: Garganacl
|-singleturn|p1b: Garganacl|Protect
|move|p2a: Sneasler|Close Combat|p1a: Scizor
|-activate|p1a: Scizor|move: Protect
|cant|p2b: Incineroar|par
|
|upkeep
|turn|6
|
|t:|1757795085
|move|p2a: Sneasler|Dire Claw|p1b: Garganacl
|-resisted|p1b: Garganacl
|-damage|p1b: Garganacl|86/100
|move|p1a: Scizor|Dual Wingbeat|p2a: Sneasler
|-supereffective|p2a: Sneasler
|-damage|p2a: Sneasler|0 fnt
|faint|p2a: Sneasler
|-hitcount|p2: Sneasler|1
|-damage|p1a: Scizor|72/100|[from] item: Life Orb
|move|p1b: Garganacl|Rock Slide|p2b: Incineroar
|-damage|p2b: Incineroar|0 fnt
|faint|p2b: Incineroar
|
|win|viatles
||FrankfurtVGC is ready for game 2.
