|j|☆VOQJKk
|j|☆Yayyboy
|html|VOQJKkYayyboy    
|uhtml|bestof|Game 1 of a best-of-3
|t:|1785600662
|gametype|doubles
|player|p1|VOQJKk|steven|1069
|player|p2|Yayyboy|1|1158
|gen|9
|tier|[Gen 9 Champions] VGC 2026 Reg M-B (Bo3)
|rated|
|rule|Species Clause: Limit one of each Pokémon
|rule|Item Clause: Limit 1 of each item
|clearpoke
|poke|p1|Basculegion, L50, M|
|poke|p1|Charizard, L50, F|
|poke|p1|Kingambit, L50, F|
|poke|p1|Garchomp, L50, F|
|poke|p1|Whimsicott, L50, F|
|poke|p1|Floette-Eternal, L50, F|
|poke|p2|Meowscarada, L50, F, shiny|
|poke|p2|Maushold-Four, L50, shiny|
|poke|p2|Annihilape, L50, M|
|poke|p2|Kangaskhan, L50, F|
|poke|p2|Talonflame, L50, F, shiny|
|poke|p2|Glimmora, L50, F, shiny|
|teampreview|4
|showteam|p1|Basculegion||MysticWater|Adaptability|WaveCrash,LastRespects,AquaJet,Protect|Adamant||M|||50|]Charizard||CharizarditeY|Blaze|HeatWave,WeatherBall,SolarBeam,Protect|Modest||F|||50|]Kingambit||BlackGlasses|Defiant|KowtowCleave,SuckerPunch,IronHead,Protect|Adamant||F|||50|]Garchomp||LifeOrb|RoughSkin|Earthquake,RockSlide,DragonClaw,Protect|Jolly||F|||50|]Whimsicott||FocusSash|Prankster|Moonblast,SunnyDay,Tailwind,Encore|Timid||F|||50|]Floette-Eternal||Floettite|FlowerVeil|DazzlingGleam,Moonblast,LightofRuin,Protect|Modest||F|||50|
|showteam|p2|Meowscarada||ChoiceScarf|Protean|Uturn,FlowerTrick,KnockOff,TripleAxel|Jolly||F|||50|]Maushold-Four||ChopleBerry|FriendGuard|FollowMe,Encore,BeatUp,Protect|Jolly|||||50|]Annihilape||Leftovers|Defiant|RageFist,DrainPunch,Protect,BulkUp|Adamant||M|||50|]Kangaskhan||Kangaskhanite|Scrappy|FakeOut,DoubleEdge,SuckerPunch,DrainPunch|Adamant||F|||50|]Talonflame|||GaleWings|Acrobatics,Tailwind,FlareBlitz,Protect|Jolly||F|||50|]Glimmora||Glimmoranite|ToxicDebris|PowerGem,SludgeBomb,EarthPower,SpikyShield|Timid||F|||50|
|inactive|Battle timer is ON: inactive players will automatically lose when time's up. (requested by VOQJKk)
|
|t:|1785600703
|teamsize|p1|4
|teamsize|p2|4
|start
|switch|p1a: Charizard|Charizard, L50, F|100/100
|switch|p1b: Garchomp|Garchomp, L50, F|100/100
|switch|p2a: Glimmora|Glimmora, L50, F, shiny|100/100
|switch|p2b: Talonflame|Talonflame, L50, F, shiny|100/100
|turn|1
|inactive|VOQJKk has 30 seconds left.
|
|t:|1785600734
|move|p2a: Glimmora|Spiky Shield|p2a: Glimmora
|-singleturn|p2a: Glimmora|move: Protect
|move|p1a: Charizard|Protect|p1a: Charizard
|-singleturn|p1a: Charizard|Protect
|move|p2b: Talonflame|Tailwind|p2b: Talonflame
|-sidestart|p2: Yayyboy|move: Tailwind
|move|p1b: Garchomp|Earthquake|p2a: Glimmora|[spread] 
|-activate|p1a: Charizard|move: Protect
|-activate|p2a: Glimmora|move: Protect
|-immune|p2b: Talonflame
|
|upkeep
|turn|2
|inactive|Yayyboy has 30 seconds left.
|inactive|Yayyboy has 20 seconds left.
|inactive|Yayyboy has 15 seconds left.
|inactive|Yayyboy has 10 seconds left.
|inactive|Yayyboy has 5 seconds left.
|
|t:|1785600788
|switch|p1a: Kingambit|Kingambit, L50, F|100/100
|detailschange|p2a: Glimmora|Glimmora-Mega, L50, F, shiny
|-mega|p2a: Glimmora|Glimmora|Glimmoranite
|move|p2b: Talonflame|Acrobatics|p1b: Garchomp
|-damage|p1b: Garchomp|59/100
|-damage|p2b: Talonflame|87/100|[from] ability: Rough Skin|[of] p1b: Garchomp
|move|p2a: Glimmora|Sludge Bomb|p1b: Garchomp
|-resisted|p1b: Garchomp|1
|-damage|p1b: Garchomp|16/100
|move|p1b: Garchomp|Earthquake|p2b: Talonflame|[spread] p1a,p2a
|-immune|p2b: Talonflame
|-supereffective|p1a: Kingambit|1
|-supereffective|p2a: Glimmora|2
|-damage|p1a: Kingambit|27/100
|-damage|p2a: Glimmora|0 fnt
|faint|p2a: Glimmora
|-damage|p1b: Garchomp|6/100|[from] item: Life Orb
|
|upkeep
|inactive|Yayyboy has 30 seconds left.
|
|t:|1785600816
|switch|p2a: Kangaskhan|Kangaskhan, L50, F|100/100
|turn|3
|
|t:|1785600838
|switch|p2a: Meow|Meowscarada, L50, F, shiny|100/100
|move|p1b: Garchomp|Protect|p1b: Garchomp
|-singleturn|p1b: Garchomp|Protect
|move|p1a: Kingambit|Protect|p1a: Kingambit
|-singleturn|p1a: Kingambit|Protect
|move|p2b: Talonflame|Flare Blitz|p1a: Kingambit
|-activate|p1a: Kingambit|move: Protect
|
|upkeep
|turn|4
|inactive|VOQJKk has 30 seconds left.
|inactive|Yayyboy has 30 seconds left.
|
|t:|1785600870
|switch|p1b: Whimsicott|Whimsicott, L50, F|100/100
|move|p1a: Kingambit|Sucker Punch|p2b: Talonflame
|-damage|p2b: Talonflame|23/100
|move|p2a: Meow|Triple Axel|p1b: Whimsicott
|-start|p2a: Meow|typechange|Ice|[from] ability: Protean
|-supereffective|p1b: Whimsicott|1
|-damage|p1b: Whimsicott|72/100
|-supereffective|p1b: Whimsicott|1
|-damage|p1b: Whimsicott|18/100
|-hitcount|p1b: Whimsicott|2
|move|p2b: Talonflame|Flare Blitz|p1a: Kingambit
|-supereffective|p1a: Kingambit|1
|-damage|p1a: Kingambit|0 fnt
|faint|p1a: Kingambit
|-damage|p2b: Talonflame|12/100|[from] Recoil
|
|-sideend|p2: Yayyboy|move: Tailwind
|upkeep
|inactive|VOQJKk has 30 seconds left.
|
|t:|1785600897
|switch|p1a: Charizard|Charizard, L50, F|100/100
|turn|5
|
|t:|1785600913
|switch|p2a: Kangaskhan|Kangaskhan, L50, F|100/100
|detailschange|p1a: Charizard|Charizard-Mega-Y, L50, F
|-mega|p1a: Charizard|Charizard|Charizardite Y
|-weather|SunnyDay|[from] ability: Drought|[of] p1a: Charizard
|move|p2b: Talonflame|Protect|p2b: Talonflame
|-singleturn|p2b: Talonflame|Protect
|move|p1b: Whimsicott|Tailwind|p1b: Whimsicott
|-sidestart|p1: VOQJKk|move: Tailwind
|move|p1a: Charizard|Heat Wave|p2a: Kangaskhan|[spread] 
|-activate|p2b: Talonflame|move: Protect
|-miss|p1a: Charizard|p2a: Kangaskhan
|
|-weather|SunnyDay|[upkeep]
|upkeep
|turn|6
|inactive|Yayyboy has 30 seconds left.
|inactive|Yayyboy has 20 seconds left.
|inactive|Yayyboy has 15 seconds left.
|inactive|Yayyboy has 10 seconds left.
|inactive|Yayyboy has 5 seconds left.
|
|t:|1785600968
|move|p2a: Kangaskhan|Fake Out|p1a: Charizard
|-damage|p1a: Charizard|78/100
|move|p1b: Whimsicott|Encore|p2b: Talonflame
|-start|p2b: Talonflame|Encore
|move|p2b: Talonflame|Protect|p2b: Talonflame
|-singleturn|p2b: Talonflame|Protect
|cant|p1a: Charizard|flinch
|
|-weather|SunnyDay|[upkeep]
|upkeep
|turn|7
|-message|Yayyboy forfeited.
|
|win|VOQJKk
|l|☆Yayyboy
|player|p2|
||Yayyboy is ready for game 2.
||VOQJKk is ready for game 2.
|uhtml|next|Next: Game 2 of 3
