|j|☆AgentPotato69
|j|☆SunshineTufo
|html|AgentPotato69SunshineTufo    
|uhtml|bestof|Game 2 of a best-of-3
|t:|1784710472
|gametype|doubles
|player|p1|AgentPotato69|2|1140
|player|p2|SunshineTufo|li|1249
|gen|9
|tier|[Gen 9 Champions] VGC 2026 Reg M-B (Bo3)
|rated|
|rule|Species Clause: Limit one of each Pokémon
|rule|Item Clause: Limit 1 of each item
|clearpoke
|poke|p1|Froslass, L50, F|
|poke|p1|Espathra, L50, F, shiny|
|poke|p1|Staraptor, L50, M, shiny|
|poke|p1|Kingambit, L50, M|
|poke|p1|Whimsicott, L50, F, shiny|
|poke|p1|Incineroar, L50, F, shiny|
|poke|p2|Charizard, L50, M, shiny|
|poke|p2|Incineroar, L50, M, shiny|
|poke|p2|Sylveon, L50, M, shiny|
|poke|p2|Aerodactyl, L50, M, shiny|
|poke|p2|Garchomp, L50, M, shiny|
|poke|p2|Farigiraf, L50, M, shiny|
|teampreview|4
|showteam|p1|Froslass||Froslassite|SnowCloak|Blizzard,Thunderbolt,ShadowBall,Protect|Mild||F|||50|]Espathra||SitrusBerry|SpeedBoost|SkillSwap,LuminaCrash,Protect,HelpingHand|Bold||F|||50|]Staraptor||Staraptite|Intimidate|CloseCombat,Roost,Protect,BraveBird|Adamant||M|||50|]Kingambit||BlackGlasses|Defiant|SuckerPunch,KowtowCleave,IronHead,Protect|Adamant||M|||50|]Whimsicott||MentalHerb|Prankster|Encore,Moonblast,Tailwind,Charm|Calm||F|||50|]Incineroar||Leftovers|Intimidate|FakeOut,PartingShot,Protect,FlareBlitz|Careful||F|||50|
|showteam|p2|Charizard||CharizarditeY|SolarPower|HeatWave,WeatherBall,SolarBeam,Protect|Modest||M|||50|]Incineroar||Charcoal|Intimidate|FlareBlitz,DarkestLariat,FakeOut,PartingShot|Brave||M|||50|]Sylveon||FairyFeather|Pixilate|HyperVoice,QuickAttack,HyperBeam,Detect|Modest||M|||50|]Aerodactyl||Aerodactylite|Unnerve|WideGuard,RockSlide,DualWingbeat,Tailwind|Jolly||M|||50|]Garchomp||LifeOrb|RoughSkin|Protect,StompingTantrum,DragonClaw,Earthquake|Adamant||M|||50|]Farigiraf||SitrusBerry|ArmorTail|SunnyDay,PsychicFangs,Thunderbolt,TrickRoom|Relaxed||M|||50|
|inactive|Battle timer is ON: inactive players will automatically lose when time's up. (requested by AgentPotato69)
|inactive|SunshineTufo also wants the timer to be on.
|
|t:|1784710490
|teamsize|p1|4
|teamsize|p2|4
|start
|switch|p1a: Espathra|Espathra, L50, F, shiny|100/100
|switch|p1b: Froslass|Froslass, L50, F|100/100
|switch|p2a: Incineroar|Incineroar, L50, M, shiny|100/100
|switch|p2b: Farigiraf|Farigiraf, L50, M, shiny|100/100
|-ability|p2a: Incineroar|Intimidate|boost
|-unboost|p1a: Espathra|atk|1
|-unboost|p1b: Froslass|atk|1
|turn|1
|
|t:|1784710507
|move|p1b: Froslass|Protect|p1b: Froslass
|-singleturn|p1b: Froslass|Protect
|move|p2a: Incineroar|Fake Out|p1a: Espathra
|-damage|p1a: Espathra|87/100
|cant|p1a: Espathra|flinch
|move|p2b: Farigiraf|Trick Room|p2b: Farigiraf
|-fieldstart|move: Trick Room|[of] p2b: Farigiraf
|
|-ability|p1a: Espathra|Speed Boost|boost
|-boost|p1a: Espathra|spe|1
|upkeep
|turn|2
|inactive|AgentPotato69 has 30 seconds left.
|
|t:|1784710536
|switch|p1b: Staraptor|Staraptor, L50, M, shiny|100/100
|-ability|p1b: Staraptor|Intimidate|boost
|-unboost|p2a: Incineroar|atk|1
|-unboost|p2b: Farigiraf|atk|1
|move|p2b: Farigiraf|Sunny Day|p2b: Farigiraf
|-weather|SunnyDay
|move|p2a: Incineroar|Flare Blitz|p1b: Staraptor
|-damage|p1b: Staraptor|10/100
|-damage|p2a: Incineroar|71/100|[from] Recoil
|move|p1a: Espathra|Skill Swap|p2b: Farigiraf
|-activate|p1a: Espathra|Skill Swap|Armor Tail|Speed Boost|[of] p2b: Farigiraf
|
|-weather|SunnyDay|[upkeep]
|-ability|p2b: Farigiraf|Speed Boost|boost
|-boost|p2b: Farigiraf|spe|1
|upkeep
|turn|3
|
|t:|1784710559
|switch|p2b: Sylveon|Sylveon, L50, M, shiny|100/100
|move|p1b: Staraptor|Protect|p1b: Staraptor
|-singleturn|p1b: Staraptor|Protect
|move|p1a: Espathra|Protect|p1a: Espathra
|-singleturn|p1a: Espathra|Protect
|move|p2a: Incineroar|Flare Blitz|p1a: Espathra
|-activate|p1a: Espathra|move: Protect
|
|-weather|SunnyDay|[upkeep]
|upkeep
|turn|4
|inactive|AgentPotato69 has 30 seconds left.
|
|t:|1784710588
|switch|p1a: Incineroar|Incineroar, L50, F, shiny|100/100
|-ability|p1a: Incineroar|Intimidate|boost
|-unboost|p2a: Incineroar|atk|1
|-unboost|p2b: Sylveon|atk|1
|move|p2a: Incineroar|Parting Shot|p1a: Incineroar
|-unboost|p1a: Incineroar|atk|1
|-unboost|p1a: Incineroar|spa|1
|
|t:|1784710594
|switch|p2a: Charizard|Charizard, L50, M, shiny|100/100|[from] Parting Shot
|move|p2b: Sylveon|Hyper Voice|p1b: Staraptor|[spread] p1a,p1b
|-crit|p1a: Incineroar
|-damage|p1a: Incineroar|50/100g
|-damage|p1b: Staraptor|0 fnt
|faint|p1b: Staraptor
|
|-weather|SunnyDay|[upkeep]
|-damage|p2a: Charizard|87/100|[from] ability: Solar Power|[of] p2a: Charizard
|-heal|p1a: Incineroar|56/100|[from] item: Leftovers
|upkeep
|
|t:|1784710599
|switch|p1b: Froslass|Froslass, L50, F|100/100
|turn|5
|
|t:|1784710610
|switch|p1a: Espathra|Espathra, L50, F, shiny|87/100
|switch|p2b: Farigiraf|Farigiraf, L50, M, shiny|100/100
|detailschange|p1b: Froslass|Froslass-Mega, L50, F
|-mega|p1b: Froslass|Froslass|Froslassite
|-weather|Snowscape|[from] ability: Snow Warning|[of] p1b: Froslass
|move|p2a: Charizard|Heat Wave|p1a: Espathra|[spread] p1a,p1b
|-supereffective|p1b: Froslass|1
|-damage|p1a: Espathra|52/100
|-damage|p1b: Froslass|26/100
|move|p1b: Froslass|Thunderbolt|p2a: Charizard
|-supereffective|p2a: Charizard|1
|-damage|p2a: Charizard|9/100
|
|-weather|Snowscape|[upkeep]
|-fieldend|move: Trick Room
|upkeep
|turn|6
|
|t:|1784710633
|move|p1a: Espathra|Helping Hand|p1b: Froslass
|-singleturn|p1b: Froslass|Helping Hand|[of] p1a: Espathra
|move|p2a: Charizard|Protect|p2a: Charizard
|-singleturn|p2a: Charizard|Protect
|move|p1b: Froslass|Blizzard|p2a: Charizard|[spread] p2b
|-activate|p2a: Charizard|move: Protect
|-damage|p2b: Farigiraf|35/100
|-enditem|p2b: Farigiraf|Sitrus Berry|[eat]
|-heal|p2b: Farigiraf|60/100|[from] item: Sitrus Berry
|move|p2b: Farigiraf|Trick Room|p2b: Farigiraf
|-fieldstart|move: Trick Room|[of] p2b: Farigiraf
|
|-weather|Snowscape|[upkeep]
|-ability|p1a: Espathra|Speed Boost|boost
|-boost|p1a: Espathra|spe|1
|upkeep
|turn|7
|
|t:|1784710658
|detailschange|p2a: Charizard|Charizard-Mega-Y, L50, M, shiny
|-mega|p2a: Charizard|Charizard|Charizardite Y
|-weather|SunnyDay|[from] ability: Drought|[of] p2a: Charizard
|move|p1b: Froslass|Protect|p1b: Froslass
|-singleturn|p1b: Froslass|Protect
|move|p1a: Espathra|Protect|p1a: Espathra
|-singleturn|p1a: Espathra|Protect
|move|p2b: Farigiraf|Thunderbolt|p1b: Froslass
|-activate|p1b: Froslass|move: Protect
|move|p2a: Charizard|Heat Wave|p1a: Espathra|[spread] 
|-activate|p1a: Espathra|move: Protect
|-activate|p1b: Froslass|move: Protect
|
|-weather|SunnyDay|[upkeep]
|-ability|p1a: Espathra|Speed Boost|boost
|-boost|p1a: Espathra|spe|1
|upkeep
|turn|8
|
|t:|1784710682
|switch|p2b: Sylveon|Sylveon, L50, M, shiny|100/100
|switch|p1b: Incineroar|Incineroar, L50, F, shiny|56/100
|-ability|p1b: Incineroar|Intimidate|boost
|-unboost|p2a: Charizard|atk|1
|-unboost|p2b: Sylveon|atk|1
|move|p2a: Charizard|Heat Wave|p1a: Espathra|[spread] p1a,p1b
|-resisted|p1b: Incineroar|1
|-damage|p1a: Espathra|0 fnt
|-damage|p1b: Incineroar|36/100
|faint|p1a: Espathra
|
|-weather|SunnyDay|[upkeep]
|-heal|p1b: Incineroar|42/100|[from] item: Leftovers
|upkeep
|
|t:|1784710694
|switch|p1a: Froslass|Froslass-Mega, L50, F|26/100
|-weather|Snowscape|[from] ability: Snow Warning|[of] p1a: Froslass
|turn|9
|
|t:|1784710704
|switch|p2a: Farigiraf|Farigiraf, L50, M, shiny|60/100
|move|p1b: Incineroar|Fake Out||[still]
|cant|p2a: Farigiraf|ability: Armor Tail|Fake Out|[of] p1b: Incineroar
|move|p2b: Sylveon|Hyper Voice|p1a: Froslass|[spread] p1a,p1b
|-damage|p1a: Froslass|0 fnt
|-damage|p1b: Incineroar|7/100
|faint|p1a: Froslass
|
|-weather|Snowscape|[upkeep]
|-heal|p1b: Incineroar|13/100|[from] item: Leftovers
|upkeep
|turn|10
|c|☆AgentPotato69|g
|
|t:|1784710714
|move|p2b: Sylveon|Quick Attack|p1b: Incineroar
|-damage|p1b: Incineroar|4/100
|move|p2a: Farigiraf|Thunderbolt|p1b: Incineroar
|-damage|p1b: Incineroar|0 fnt
|faint|p1b: Incineroar
|
|win|SunshineTufo
|raw|AgentPotato69's rating: 1140 → 1123(-17 for losing)
|raw|SunshineTufo's rating: 1249 → 1266(+17 for winning)
