|j|☆Bobbo1
|j|☆NoCalcsJustVibes
|html|Bobbo1NoCalcsJustVibes    
|uhtml|bestof|Game 2 of a best-of-3
|t:|1757693899
|gametype|doubles
|player|p1|Bobbo1|ghetsis|1180
|player|p2|NoCalcsJustVibes|gambler|1250
|gen|9
|tier|[Gen 9] VGC 2025 Reg H (Bo3)
|rated|
|rule|Species Clause: Limit one of each Pokémon
|rule|Item Clause: Limit 1 of each item
|clearpoke
|poke|p1|Palafin, L50, M|
|poke|p1|Incineroar, L50, M|
|poke|p1|Rillaboom, L50, M|
|poke|p1|Volcarona, L50, M|
|poke|p1|Ninetales-Alola, L50, F|
|poke|p1|Gholdengo, L50|
|poke|p2|Sneasler, L50, M|
|poke|p2|Rillaboom, L50, F|
|poke|p2|Kingambit, L50, M|
|poke|p2|Ceruledge, L50, M|
|poke|p2|Ninetales-Alola, L50, F|
|poke|p2|Electabuzz, L50, M|
|teampreview|4
|showteam|p1|Palafin||MysticWater|ZerotoHero|IcePunch,JetPunch,WaveCrash,Protect|||M|||50|,,,,,Water]Incineroar||SafetyGoggles|Intimidate|FakeOut,KnockOff,FlareBlitz,PartingShot|||M|||50|,,,,,Ghost]Rillaboom||AssaultVest|GrassySurge|FakeOut,GrassyGlide,WoodHammer,Uturn|||M|||50|,,,,,Fire]Volcarona||GrassySeed|FlameBody|QuiverDance,FieryDance,GigaDrain,Protect|||M|||50|,,,,,Grass]Ninetales-Alola||LightClay|SnowWarning|AuroraVeil,Blizzard,Moonblast,Protect|||F|||50|,,,,,Fire]Gholdengo||LifeOrb|GoodasGold|NastyPlot,MakeItRain,ShadowBall,Protect||||||50|,,,,,Water
|showteam|p2|Sneasler||FocusSash|PoisonTouch|CloseCombat,DireClaw,FakeOut,Protect|||M|||50|,,,,,Stellar]Rillaboom||AssaultVest|GrassySurge|WoodHammer,GrassyGlide,FakeOut,HighHorsepower|||F|||50|,,,,,Fire]Kingambit||BlackGlasses|Defiant|KowtowCleave,SuckerPunch,SwordsDance,Protect|||M|||50|,,,,,Dark]Ceruledge||Leftovers|FlashFire|BitterBlade,ShadowSneak,BulkUp,Protect|||M|||50|,,,,,Grass]Ninetales-Alola||LifeOrb|SnowWarning|Blizzard,FreezeDry,AuroraVeil,Protect|||F|||50|,,,,,Ghost]Electabuzz||Eviolite|VitalSpirit|Thunderbolt,FollowMe,Taunt,Protect|||M|||50|,,,,,Ghost
|inactive|Battle timer is ON: inactive players will automatically lose when time's up. (requested by NoCalcsJustVibes)
|inactive|NoCalcsJustVibes has 60 seconds left.
|
|t:|1757693930
|teamsize|p1|4
|teamsize|p2|4
|start
|switch|p1a: Ninetales|Ninetales-Alola, L50, F|100/100
|switch|p1b: Palafin|Palafin, L50, M|100/100
|switch|p2a: Sneasler|Sneasler, L50, M|100/100
|switch|p2b: Kingambit|Kingambit, L50, M|100/100
|-weather|Snowscape|[from] ability: Snow Warning|[of] p1a: Ninetales
|turn|1
|inactive|Bobbo1 has 30 seconds left.
|
|t:|1757693959
|move|p2a: Sneasler|Dire Claw|p1a: Ninetales
|-supereffective|p1a: Ninetales
|-damage|p1a: Ninetales|27/100
|-status|p1a: Ninetales|psn
|move|p1a: Ninetales|Aurora Veil|p1a: Ninetales
|-sidestart|p1: Bobbo1|move: Aurora Veil
|move|p1b: Palafin|Wave Crash|p2b: Kingambit
|-damage|p2b: Kingambit|58/100
|-damage|p1b: Palafin|84/100|[from] Recoil
|move|p2b: Kingambit|Swords Dance|p2b: Kingambit
|-boost|p2b: Kingambit|atk|2
|
|-weather|Snowscape|[upkeep]
|-damage|p1a: Ninetales|15/100 psn|[from] psn
|upkeep
|turn|2
|
|t:|1757693981
|switch|p2a: Rillaboom|Rillaboom, L50, F|100/100
|-fieldstart|move: Grassy Terrain|[from] ability: Grassy Surge|[of] p2a: Rillaboom
|-terastallize|p1b: Palafin|Water
|move|p2b: Kingambit|Protect|p2b: Kingambit
|-singleturn|p2b: Kingambit|Protect
|move|p1b: Palafin|Jet Punch|p2b: Kingambit
|-activate|p2b: Kingambit|move: Protect
|move|p1a: Ninetales|Blizzard|p2a: Rillaboom|[spread] p2a
|-activate|p2b: Kingambit|move: Protect
|-supereffective|p2a: Rillaboom
|-damage|p2a: Rillaboom|52/100
|-status|p2a: Rillaboom|frz
|
|-weather|Snowscape|[upkeep]
|-heal|p1a: Ninetales|21/100 psn|[from] Grassy Terrain
|-heal|p1b: Palafin|90/100|[from] Grassy Terrain
|-heal|p2a: Rillaboom|58/100 frz|[from] Grassy Terrain
|-heal|p2b: Kingambit|64/100|[from] Grassy Terrain
|-damage|p1a: Ninetales|9/100 psn|[from] psn
|upkeep
|turn|3
|
|t:|1757694003
|detailschange|p1b: Palafin|Palafin-Hero, L50, M, tera:Water
|switch|p1b: Rillaboom|Rillaboom, L50, M|100/100
|switch|p2a: Ceruledge|Ceruledge, L50, M|100/100
|-terastallize|p2b: Kingambit|Dark
|move|p2b: Kingambit|Sucker Punch||[still]
|-fail|p2b: Kingambit
|move|p1a: Ninetales|Moonblast|p2b: Kingambit
|-supereffective|p2b: Kingambit
|-damage|p2b: Kingambit|0 fnt
|faint|p2b: Kingambit
|
|-weather|Snowscape|[upkeep]
|-heal|p1a: Ninetales|15/100 psn|[from] Grassy Terrain
|-damage|p1a: Ninetales|3/100 psn|[from] psn
|upkeep
|
|t:|1757694010
|switch|p2b: Sneasler|Sneasler, L50, M|100/100
|turn|4
|inactive|Bobbo1 has 30 seconds left.
|
|t:|1757694037
|switch|p1a: Incineroar|Incineroar, L50, M|100/100
|-ability|p1a: Incineroar|Intimidate|boost
|-unboost|p2a: Ceruledge|atk|1
|-unboost|p2b: Sneasler|atk|1
|move|p2b: Sneasler|Protect|p2b: Sneasler
|-singleturn|p2b: Sneasler|Protect
|move|p1b: Rillaboom|Fake Out|p2b: Sneasler
|-activate|p2b: Sneasler|move: Protect
|move|p2a: Ceruledge|Bulk Up|p2a: Ceruledge
|-boost|p2a: Ceruledge|atk|1
|-boost|p2a: Ceruledge|def|1
|
|-weather|Snowscape|[upkeep]
|upkeep
|turn|5
|inactive|NoCalcsJustVibes has 30 seconds left.
|
|t:|1757694071
|move|p2b: Sneasler|Close Combat|p1a: Incineroar
|-supereffective|p1a: Incineroar
|-damage|p1a: Incineroar|51/100
|-unboost|p2b: Sneasler|def|1
|-unboost|p2b: Sneasler|spd|1
|move|p2a: Ceruledge|Bitter Blade|p1a: Incineroar
|-resisted|p1a: Incineroar
|-damage|p1a: Incineroar|36/100
|move|p1b: Rillaboom|U-turn|p2b: Sneasler
|-resisted|p2b: Sneasler
|-damage|p2b: Sneasler|86/100
|
|t:|1757694084
|switch|p1b: Palafin|Palafin-Hero, L50, M, tera:Water|90/100|[from] U-turn
|-activate|p1b: Palafin|ability: Zero to Hero
|move|p1a: Incineroar|Parting Shot|p2a: Ceruledge
|-unboost|p2a: Ceruledge|atk|1
|-unboost|p2a: Ceruledge|spa|1
|
|t:|1757694092
|switch|p1a: Rillaboom|Rillaboom, L50, M|100/100|[from] Parting Shot
|
|-weather|none
|-heal|p2b: Sneasler|92/100|[from] Grassy Terrain
|-heal|p1b: Palafin|97/100|[from] Grassy Terrain
|upkeep
|turn|6
|
|t:|1757694106
|switch|p1b: Incineroar|Incineroar, L50, M|36/100
|-ability|p1b: Incineroar|Intimidate|boost
|-unboost|p2a: Ceruledge|atk|1
|-unboost|p2b: Sneasler|atk|1
|switch|p2a: Rillaboom|Rillaboom, L50, F|58/100 frz
|move|p2b: Sneasler|Protect|p2b: Sneasler
|-singleturn|p2b: Sneasler|Protect
|move|p1a: Rillaboom|Fake Out|p2a: Rillaboom
|-damage|p2a: Rillaboom|46/100 frz
|
|-heal|p2b: Sneasler|98/100|[from] Grassy Terrain
|-heal|p2a: Rillaboom|51/100 frz|[from] Grassy Terrain
|-heal|p1b: Incineroar|42/100|[from] Grassy Terrain
|-fieldend|move: Grassy Terrain
|upkeep
|turn|7
|
|t:|1757694126
|switch|p2b: Ceruledge|Ceruledge, L50, M|100/100
|cant|p2a: Rillaboom|frz
|move|p1a: Rillaboom|U-turn|p2a: Rillaboom
|-supereffective|p2a: Rillaboom
|-damage|p2a: Rillaboom|7/100 frz
|
|t:|1757694132
|switch|p1a: Palafin|Palafin-Hero, L50, M, tera:Water|97/100|[from] U-turn
|move|p1b: Incineroar|Parting Shot|p2b: Ceruledge
|-unboost|p2b: Ceruledge|atk|1
|-unboost|p2b: Ceruledge|spa|1
|-message|NoCalcsJustVibes forfeited.
|
|win|Bobbo1
||NoCalcsJustVibes is ready for game 3.
||Bobbo1 is ready for game 3.
|uhtml|next|Next: Game 3 of 3
|l|☆Bobbo1
|player|p1|
