|j|☆axoxota
|j|☆x-demon18
|html|axoxotax-demon18    
|uhtml|bestof|Game 2 of a best-of-3
|t:|1783816717
|gametype|doubles
|player|p1|axoxota|caitlin|1000
|player|p2|x-demon18|265|1097
|gen|9
|tier|[Gen 9 Champions] VGC 2026 Reg M-B (Bo3)
|rated|
|rule|Species Clause: Limit one of each Pokémon
|rule|Item Clause: Limit 1 of each item
|clearpoke
|poke|p1|Gardevoir, L50, F, shiny|
|poke|p1|Sneasler, L50, F, shiny|
|poke|p1|Incineroar, L50, F, shiny|
|poke|p1|Milotic, L50, F, shiny|
|poke|p1|Sinistcha, L50, shiny|
|poke|p1|Tyranitar, L50, M, shiny|
|poke|p2|Incineroar, L50, F|
|poke|p2|Rotom-Wash, L50|
|poke|p2|Venusaur, L50, F|
|poke|p2|Garchomp, L50, M|
|poke|p2|Sylveon, L50, F|
|poke|p2|Corviknight, L50, M|
|teampreview|4
|showteam|p1|Gardevoir||Gardevoirite|Trace|HyperVoice,Psyshock,CalmMind,Protect|Modest||F|||50|]Sneasler||FocusSash|PoisonTouch|CloseCombat,PoisonJab,FakeOut,QuickGuard|Jolly||F|||50|]Incineroar||SitrusBerry|Intimidate|FlareBlitz,Taunt,PartingShot,FakeOut|Careful||F|||50|]Milotic||Leftovers|Competitive|Scald,Coil,Hypnosis,Recover|Calm||F|||50|]Sinistcha||CobaBerry|Hospitality|MatchaGotcha,LifeDew,RagePowder,Protect|Bold|||||50|]Tyranitar||Tyranitarite|SandStream|RockSlide,KnockOff,DragonDance,Protect|Jolly||M|||50|
|showteam|p2|Incineroar||ExpertBelt|Intimidate|FakeOut,TemperFlare,ThroatChop,PartingShot|Adamant||F|||50|]Rotom-Wash||SitrusBerry|Levitate|HydroPump,Electroweb,WillOWisp,VoltSwitch|Modest|||||50|]Venusaur||Venusaurite|Chlorophyll|GigaDrain,SludgeBomb,EarthPower,Protect|Modest||F|||50|]Garchomp||LifeOrb|RoughSkin|RockSlide,DragonClaw,StompingTantrum,Protect|Jolly||M|||50|]Sylveon||FairyFeather|Pixilate|HyperVoice,QuickAttack,Yawn,Detect|Modest||F|||50|]Corviknight||OccaBerry|MirrorArmor|Tailwind,BraveBird,IronHead,BodyPress|Careful||M|||50|
|
|t:|1783816792
|teamsize|p1|4
|teamsize|p2|4
|start
|switch|p1a: Milotic|Milotic, L50, F, shiny|100/100
|switch|p1b: Incineroar|Incineroar, L50, F, shiny|100/100
|switch|p2a: Berserk|Garchomp, L50, M|100/100
|switch|p2b: Griffith|Corviknight, L50, M|100/100
|-ability|p1b: Incineroar|Intimidate|boost
|-unboost|p2a: Berserk|atk|1
|-ability|p2b: Griffith|Mirror Armor
|-unboost|p1b: Incineroar|atk|1
|turn|1
|
|t:|1783816861
|switch|p2a: Yggdrasil|Venusaur, L50, F|100/100
|switch|p2b: Frieren|Sylveon, L50, F|100/100
|move|p1b: Incineroar|Fake Out|p2b: Frieren
|-damage|p2b: Frieren|93/100
|move|p1a: Milotic|Coil|p1a: Milotic
|-boost|p1a: Milotic|atk|1
|-boost|p1a: Milotic|def|1
|-boost|p1a: Milotic|accuracy|1
|
|upkeep
|turn|2
|
|t:|1783816889
|detailschange|p2a: Yggdrasil|Venusaur-Mega, L50, F
|-mega|p2a: Yggdrasil|Venusaur|Venusaurite
|move|p2a: Yggdrasil|Giga Drain|p1a: Milotic
|-supereffective|p1a: Milotic|1
|-damage|p1a: Milotic|36/100
|move|p1a: Milotic|Hypnosis|p2b: Frieren
|-status|p2b: Frieren|slp|[from] move: Hypnosis
|cant|p2b: Frieren|slp
|move|p1b: Incineroar|Flare Blitz|p2a: Yggdrasil
|-supereffective|p2a: Yggdrasil|1
|-damage|p2a: Yggdrasil|74/100
|-damage|p1b: Incineroar|90/100|[from] Recoil
|
|-heal|p1a: Milotic|42/100|[from] item: Leftovers
|upkeep
|turn|3
|
|t:|1783816915
|move|p2a: Yggdrasil|Giga Drain|p1a: Milotic
|-supereffective|p1a: Milotic|1
|-crit|p1a: Milotic
|-damage|p1a: Milotic|0 fnt
|-heal|p2a: Yggdrasil|93/100|[from] drain|[of] p1a: Milotic
|faint|p1a: Milotic
|-curestatus|p2b: Frieren|slp|[msg]
|move|p2b: Frieren|Yawn|p1b: Incineroar
|-start|p1b: Incineroar|move: Yawn|[of] p2b: Frieren
|move|p1b: Incineroar|Parting Shot|p2a: Yggdrasil
|-unboost|p2a: Yggdrasil|atk|1
|-unboost|p2a: Yggdrasil|spa|1
|
|t:|1783816931
|switch|p1b: Sneasler|Sneasler, L50, F, shiny|100/100|[from] Parting Shot
|
|upkeep
|
|t:|1783816936
|switch|p1a: Incineroar|Incineroar, L50, F, shiny|90/100
|-ability|p1a: Incineroar|Intimidate|boost
|-unboost|p2a: Yggdrasil|atk|1
|-unboost|p2b: Frieren|atk|1
|turn|4
|
|t:|1783816970
|switch|p2a: Berserk|Garchomp, L50, M|100/100
|switch|p2b: Griffith|Corviknight, L50, M|100/100
|move|p1b: Sneasler|Poison Jab|p2b: Griffith
|-immune|p2b: Griffith
|move|p1a: Incineroar|Parting Shot|p2a: Berserk
|-unboost|p2a: Berserk|atk|1
|-unboost|p2a: Berserk|spa|1
|
|t:|1783816977
|switch|p1a: Gardevoir|Gardevoir, L50, F, shiny|100/100|[from] Parting Shot
|-ability|p1a: Gardevoir|Mirror Armor|Trace|[from] ability: Trace|[of] p2b: Griffith
|
|upkeep
|turn|5
|
|t:|1783816998
|detailschange|p1a: Gardevoir|Gardevoir-Mega, L50, F, shiny
|-mega|p1a: Gardevoir|Gardevoir|Gardevoirite
|move|p2a: Berserk|Protect|p2a: Berserk
|-singleturn|p2a: Berserk|Protect
|move|p1b: Sneasler|Close Combat|p2b: Griffith
|-damage|p2b: Griffith|52/100
|-unboost|p1b: Sneasler|def|1
|-unboost|p1b: Sneasler|spd|1
|move|p1a: Gardevoir|Calm Mind|p1a: Gardevoir
|-boost|p1a: Gardevoir|spa|1
|-boost|p1a: Gardevoir|spd|1
|move|p2b: Griffith|Tailwind|p2b: Griffith
|-sidestart|p2: x-demon18|move: Tailwind
|
|upkeep
|turn|6
|
|t:|1783817023
|switch|p1b: Incineroar|Incineroar, L50, F, shiny|90/100
|-ability|p1b: Incineroar|Intimidate|boost
|-unboost|p2a: Berserk|atk|1
|-ability|p2b: Griffith|Mirror Armor
|-unboost|p1b: Incineroar|atk|1
|move|p2a: Berserk|Stomping Tantrum|p1a: Gardevoir
|-damage|p1a: Gardevoir|53/100
|-damage|p2a: Berserk|90/100|[from] item: Life Orb
|move|p2b: Griffith|Iron Head|p1a: Gardevoir
|-supereffective|p1a: Gardevoir|1
|-damage|p1a: Gardevoir|0 fnt
|faint|p1a: Gardevoir
|
|upkeep
|
|t:|1783817037
|switch|p1a: Sneasler|Sneasler, L50, F, shiny|100/100
|turn|7
|
|t:|1783817066
|move|p1a: Sneasler|Fake Out|p2b: Griffith
|-resisted|p2b: Griffith|1
|-damage|p2b: Griffith|47/100
|move|p2a: Berserk|Rock Slide|p1a: Sneasler|[spread] p1a,p1b
|-resisted|p1a: Sneasler|1
|-supereffective|p1b: Incineroar|1
|-damage|p1a: Sneasler|89/100
|-damage|p1b: Incineroar|62/100
|-damage|p2a: Berserk|80/100|[from] item: Life Orb
|cant|p2b: Griffith|flinch
|cant|p1b: Incineroar|flinch
|
|upkeep
|turn|8
|
|t:|1783817087
|switch|p2a: Frieren|Sylveon, L50, F|93/100
|move|p2b: Griffith|Brave Bird|p1a: Sneasler
|-supereffective|p1a: Sneasler|1
|-damage|p1a: Sneasler|0 fnt
|faint|p1a: Sneasler
|-damage|p2b: Griffith|23/100|[from] Recoil
|move|p1b: Incineroar|Flare Blitz|p2b: Griffith
|-supereffective|p2b: Griffith|1
|-enditem|p2b: Griffith|Occa Berry|[eat]
|-enditem|p2b: Griffith|Occa Berry|[weaken]
|-damage|p2b: Griffith|0 fnt
|faint|p2b: Griffith
|-damage|p1b: Incineroar|54/100|[from] Recoil
|
|-sideend|p2: x-demon18|move: Tailwind
|upkeep
|
|t:|1783817106
|switch|p2b: Berserk|Garchomp, L50, M|80/100
|turn|9
|
|t:|1783817114
|move|p2b: Berserk|Stomping Tantrum|p1b: Incineroar
|-supereffective|p1b: Incineroar|1
|-damage|p1b: Incineroar|0 fnt
|faint|p1b: Incineroar
|-damage|p2b: Berserk|70/100|[from] item: Life Orb
|
|win|x-demon18
|raw|axoxota's rating: 1000 → 1000(+0 for losing)
|raw|x-demon18's rating: 1097 → 1116(+19 for winning)
