|j|☆Jiaco5
|j|☆BlRD BOY
|html|Jiaco5BlRD BOY    
|uhtml|bestof|Game 1 of a best-of-3
|t:|1783483130
|gametype|doubles
|player|p1|Jiaco5|265|1220
|player|p2|BlRD BOY|brycen|1162
|gen|9
|tier|[Gen 9 Champions] VGC 2026 Reg M-B (Bo3)
|rated|
|rule|Species Clause: Limit one of each Pokémon
|rule|Item Clause: Limit 1 of each item
|clearpoke
|poke|p1|Blastoise, L50, F|
|poke|p1|Sinistcha, L50|
|poke|p1|Delphox, L50, M|
|poke|p1|Sneasler, L50, F|
|poke|p1|Incineroar, L50, M|
|poke|p1|Kingambit, L50, M|
|poke|p2|Torkoal, L50, F|
|poke|p2|Avalugg-Hisui, L50, M|
|poke|p2|Farigiraf, L50, F|
|poke|p2|Scrafty, L50, M|
|poke|p2|Typhlosion-Hisui, L50, M|
|poke|p2|Sinistcha-Masterpiece, L50|
|teampreview|4
|showteam|p1|Blastoise||Blastoisinite|RainDish|WaterSpout,DarkPulse,ShellSmash,Protect|Modest||F|||50|]Sinistcha||OccaBerry|Hospitality|MatchaGotcha,LifeDew,RagePowder,Protect|Relaxed|||||50|]Delphox||Delphoxite|Blaze|HeatWave,Psyshock,NastyPlot,Protect|Timid||M|||50|]Sneasler||FocusSash|PoisonTouch|CloseCombat,DireClaw,FakeOut,QuickGuard|Jolly||F|||50|]Incineroar||SitrusBerry|Intimidate|FlareBlitz,FakeOut,HelpingHand,PartingShot|Impish||M|||50|]Kingambit||BlackGlasses|Defiant|KowtowCleave,SuckerPunch,SwordsDance,Protect|Adamant||M|||50|
|showteam|p2|Torkoal||Charcoal|Drought|Protect,Eruption,WeatherBall,HelpingHand|Quiet||F|||50|]Avalugg-Hisui||WideLens|Sturdy|MountainGale,RockSlide,BodyPress,WideGuard|Brave||M|||50|]Farigiraf||SitrusBerry|ArmorTail|PsychicFangs,Thunderbolt,HelpingHand,TrickRoom|Relaxed||F|||50|]Scrafty||Scraftinite|Intimidate|Detect,KnockOff,CloseCombat,FakeOut|Brave||M|||50|]Typhlosion-Hisui||ChoiceScarf|Frisk|Eruption,HeatWave,ShadowBall,SolarBeam|Modest||M|||50|]Sinistcha-Masterpiece||KasibBerry|Hospitality|MatchaGotcha,LifeDew,RagePowder,TrickRoom|Sassy|||||50|
|inactive|Battle timer is ON: inactive players will automatically lose when time's up. (requested by Jiaco5)
|
|t:|1783483181
|teamsize|p1|4
|teamsize|p2|4
|start
|switch|p1a: Delphox|Delphox, L50, M|100/100
|switch|p1b: Sneasler|Sneasler, L50, F|100/100
|switch|p2a: Farigiraf|Farigiraf, L50, F|100/100
|switch|p2b: Scrafty|Scrafty, L50, M|100/100
|-ability|p2b: Scrafty|Intimidate|boost
|-unboost|p1a: Delphox|atk|1
|-unboost|p1b: Sneasler|atk|1
|turn|1
|
|t:|1783483202
|detailschange|p1a: Delphox|Delphox-Mega, L50, M
|-mega|p1a: Delphox|Delphox|Delphoxite
|detailschange|p2b: Scrafty|Scrafty-Mega, L50, M
|-mega|p2b: Scrafty|Scrafty|Scraftinite
|-ability|p2b: Scrafty|Intimidate|boost
|-unboost|p1a: Delphox|atk|1
|-unboost|p1b: Sneasler|atk|1
|move|p1b: Sneasler|Quick Guard|p1b: Sneasler
|-singleturn|p1b: Sneasler|Quick Guard
|move|p1a: Delphox|Nasty Plot|p1a: Delphox
|-boost|p1a: Delphox|spa|2
|move|p2b: Scrafty|Knock Off|p1a: Delphox
|-supereffective|p1a: Delphox|1
|-damage|p1a: Delphox|14/100
|move|p2a: Farigiraf|Trick Room|p2a: Farigiraf
|-fieldstart|move: Trick Room|[of] p2a: Farigiraf
|
|upkeep
|turn|2
|inactive|BlRD BOY has 30 seconds left.
|
|t:|1783483231
|switch|p1b: Incineroar|Incineroar, L50, M|100/100
|-ability|p1b: Incineroar|Intimidate|boost
|-unboost|p2a: Farigiraf|atk|1
|-unboost|p2b: Scrafty|atk|1
|move|p2b: Scrafty|Detect|p2b: Scrafty
|-singleturn|p2b: Scrafty|Protect
|move|p1a: Delphox|Protect|p1a: Delphox
|-singleturn|p1a: Delphox|Protect
|move|p2a: Farigiraf|Psychic Fangs|p1b: Incineroar
|-immune|p1b: Incineroar
|
|upkeep
|turn|3
|inactive|BlRD BOY has 30 seconds left.
|
|t:|1783483259
|switch|p2b: Torkoal|Torkoal, L50, F|100/100
|-weather|SunnyDay|[from] ability: Drought|[of] p2b: Torkoal
|switch|p1a: Sneasler|Sneasler, L50, F|100/100
|move|p2a: Farigiraf|Thunderbolt|p1a: Sneasler
|-damage|p1a: Sneasler|69/100
|move|p1b: Incineroar|Parting Shot|p2b: Torkoal
|-unboost|p2b: Torkoal|atk|1
|-unboost|p2b: Torkoal|spa|1
|
|t:|1783483271
|switch|p1b: Sinistcha|Sinistcha, L50|100/100|[from] Parting Shot
|-heal|p1a: Sneasler|94/100|[from] ability: Hospitality|[of] p1b: Sinistcha
|
|-weather|SunnyDay|[upkeep]
|upkeep
|turn|4
|
|t:|1783483281
|switch|p1a: Incineroar|Incineroar, L50, M|100/100
|-ability|p1a: Incineroar|Intimidate|boost
|-unboost|p2a: Farigiraf|atk|1
|-unboost|p2b: Torkoal|atk|1
|move|p1b: Sinistcha|Protect|p1b: Sinistcha
|-singleturn|p1b: Sinistcha|Protect
|move|p2b: Torkoal|Eruption|p1a: Incineroar|[spread] p1a
|-activate|p1b: Sinistcha|move: Protect
|-resisted|p1a: Incineroar|1
|-damage|p1a: Incineroar|71/100
|move|p2a: Farigiraf|Psychic Fangs|p1a: Incineroar
|-immune|p1a: Incineroar
|
|-weather|SunnyDay|[upkeep]
|upkeep
|turn|5
|inactive|BlRD BOY has 30 seconds left.
|
|t:|1783483315
|switch|p2a: Scrafty|Scrafty-Mega, L50, M|100/100
|-ability|p2a: Scrafty|Intimidate|boost
|-unboost|p1a: Incineroar|atk|1
|-unboost|p1b: Sinistcha|atk|1
|move|p2b: Torkoal|Eruption|p1b: Sinistcha|[spread] p1a,p1b
|-resisted|p1a: Incineroar|1
|-supereffective|p1b: Sinistcha|1
|-enditem|p1b: Sinistcha|Occa Berry|[eat]
|-enditem|p1b: Sinistcha|Occa Berry|[weaken]
|-damage|p1a: Incineroar|47/100
|-damage|p1b: Sinistcha|46/100
|-enditem|p1a: Incineroar|Sitrus Berry|[eat]
|-heal|p1a: Incineroar|71/100|[from] item: Sitrus Berry
|move|p1b: Sinistcha|Matcha Gotcha|p2b: Torkoal|[spread] p2a,p2b
|-resisted|p2b: Torkoal|1
|-damage|p2a: Scrafty|78/100
|-heal|p1b: Sinistcha|56/100|[from] drain|[of] p2a: Scrafty
|-damage|p2b: Torkoal|84/100
|-heal|p1b: Sinistcha|64/100|[from] drain|[of] p2b: Torkoal
|move|p1a: Incineroar|Flare Blitz|p2a: Scrafty
|-damage|p2a: Scrafty|39/100
|-damage|p1a: Incineroar|60/100|[from] Recoil
|
|-weather|SunnyDay|[upkeep]
|-fieldend|move: Trick Room
|upkeep
|turn|6
|inactive|Jiaco5 has 30 seconds left.
|
|t:|1783483341
|switch|p1a: Sneasler|Sneasler, L50, F|94/100
|move|p1b: Sinistcha|Protect|p1b: Sinistcha
|-singleturn|p1b: Sinistcha|Protect
|move|p2a: Scrafty|Knock Off|p1b: Sinistcha
|-activate|p1b: Sinistcha|move: Protect
|move|p2b: Torkoal|Weather Ball|p1a: Sneasler
|-damage|p1a: Sneasler|27/100
|
|-weather|SunnyDay|[upkeep]
|upkeep
|turn|7
|
|t:|1783483358
|switch|p1b: Incineroar|Incineroar, L50, M|60/100
|-ability|p1b: Incineroar|Intimidate|boost
|-unboost|p2a: Scrafty|atk|1
|-unboost|p2b: Torkoal|atk|1
|switch|p2b: Farigiraf|Farigiraf, L50, F|100/100
|move|p1a: Sneasler|Close Combat|p2b: Farigiraf
|-damage|p2b: Farigiraf|52/100
|-unboost|p1a: Sneasler|def|1
|-unboost|p1a: Sneasler|spd|1
|-status|p2b: Farigiraf|psn|[from] ability: Poison Touch|[of] p1a: Sneasler
|move|p2a: Scrafty|Knock Off|p1b: Incineroar
|-resisted|p1b: Incineroar|1
|-damage|p1b: Incineroar|52/100
|
|-weather|none
|-damage|p2b: Farigiraf|40/100 psn|[from] psn
|upkeep
|-enditem|p2b: Farigiraf|Sitrus Berry|[eat]
|-heal|p2b: Farigiraf|64/100 psn|[from] item: Sitrus Berry
|turn|8
|
|t:|1783483382
|move|p1b: Incineroar|Helping Hand|p1a: Sneasler
|-singleturn|p1a: Sneasler|Helping Hand|[of] p1b: Incineroar
|move|p1a: Sneasler|Close Combat|p2b: Farigiraf
|-damage|p2b: Farigiraf|0 fnt
|-unboost|p1a: Sneasler|def|1
|-unboost|p1a: Sneasler|spd|1
|faint|p2b: Farigiraf
|move|p2a: Scrafty|Close Combat|p1a: Sneasler
|-resisted|p1a: Sneasler|1
|-damage|p1a: Sneasler|0 fnt
|-unboost|p2a: Scrafty|def|1
|-unboost|p2a: Scrafty|spd|1
|faint|p1a: Sneasler
|
|upkeep
|
|t:|1783483398
|switch|p1a: Delphox|Delphox-Mega, L50, M|14/100
|switch|p2b: Avalugg|Avalugg-Hisui, L50, M|100/100
|turn|9
|
|t:|1783483410
|switch|p1b: Sinistcha|Sinistcha, L50|64/100
|-heal|p1a: Delphox|39/100|[from] ability: Hospitality|[of] p1b: Sinistcha
|move|p1a: Delphox|Protect|p1a: Delphox
|-singleturn|p1a: Delphox|Protect
|move|p2b: Avalugg|Wide Guard|p2b: Avalugg
|-singleturn|p2b: Avalugg|Wide Guard
|move|p2a: Scrafty|Knock Off|p1a: Delphox
|-activate|p1a: Delphox|move: Protect
|
|upkeep
|turn|10
|
|t:|1783483427
|switch|p2a: Torkoal|Torkoal, L50, F|84/100
|-weather|SunnyDay|[from] ability: Drought|[of] p2a: Torkoal
|move|p2b: Avalugg|Wide Guard|p2b: Avalugg
|-singleturn|p2b: Avalugg|Wide Guard
|move|p1b: Sinistcha|Rage Powder|p1b: Sinistcha
|-singleturn|p1b: Sinistcha|move: Rage Powder
|move|p1a: Delphox|Nasty Plot|p1a: Delphox
|-boost|p1a: Delphox|spa|2
|
|-weather|SunnyDay|[upkeep]
|upkeep
|turn|11
|inactive|Jiaco5 has 30 seconds left.
|
|t:|1783483459
|move|p1a: Delphox|Heat Wave|p2b: Avalugg|[spread] p2a
|-miss|p1a: Delphox|p2b: Avalugg
|-resisted|p2a: Torkoal|1
|-damage|p2a: Torkoal|4/100
|move|p1b: Sinistcha|Matcha Gotcha|p2a: Torkoal|[spread] p2a,p2b
|-resisted|p2a: Torkoal|1
|-supereffective|p2b: Avalugg|1
|-damage|p2a: Torkoal|0 fnt
|-heal|p1b: Sinistcha|66/100|[from] drain|[of] p2a: Torkoal
|-ability|p2b: Avalugg|Sturdy
|-damage|p2b: Avalugg|1/100
|-heal|p1b: Sinistcha|100/100|[from] drain|[of] p2b: Avalugg
|-status|p2b: Avalugg|brn
|faint|p2a: Torkoal
|move|p2b: Avalugg|Rock Slide|p1b: Sinistcha|[spread] p1a,p1b
|-supereffective|p1a: Delphox|1
|-damage|p1a: Delphox|0 fnt
|-damage|p1b: Sinistcha|87/100
|faint|p1a: Delphox
|
|-weather|SunnyDay|[upkeep]
|-damage|p2b: Avalugg|0 fnt|[from] brn
|faint|p2b: Avalugg
|upkeep
|
|t:|1783483472
|switch|p1a: Incineroar|Incineroar, L50, M|52/100
|switch|p2a: Scrafty|Scrafty-Mega, L50, M|39/100
|-ability|p1a: Incineroar|Intimidate|boost
|-unboost|p2a: Scrafty|atk|1
|-ability|p2a: Scrafty|Intimidate|boost
|-unboost|p1a: Incineroar|atk|1
|-unboost|p1b: Sinistcha|atk|1
|turn|12
|-message|BlRD BOY forfeited.
|
|win|Jiaco5
||Jiaco5 is ready for game 2.
