|j|☆Pickle315
|j|☆Zachkahan
|html|Pickle315Zachkahan    
|uhtml|bestof|Game 2 of a best-of-3
|t:|1756686401
|gametype|doubles
|player|p1|Pickle315|hilbert|1079
|player|p2|Zachkahan|170|1106
|gen|9
|tier|[Gen 9] VGC 2025 Reg H (Bo3)
|rated|
|rule|Species Clause: Limit one of each Pokémon
|rule|Item Clause: Limit 1 of each item
|clearpoke
|poke|p1|Torkoal, L50, M|
|poke|p1|Amoonguss, L50, M|
|poke|p1|Charizard, L50, M|
|poke|p1|Kingambit, L50, M|
|poke|p1|Rillaboom, L50, M|
|poke|p1|Clodsire, L50, M|
|poke|p2|Gholdengo, L50|
|poke|p2|Rillaboom, L50, F|
|poke|p2|Pelipper, L50, M|
|poke|p2|Archaludon, L50, M|
|poke|p2|Amoonguss, L50, M|
|poke|p2|Incineroar, L50, M|
|teampreview|4
|showteam|p1|Torkoal||SafetyGoggles|Drought|BodyPress,HeatWave,HelpingHand,WillOWisp|||M|||50|,,,,,Fighting]Amoonguss||RockyHelmet|Regenerator|PollenPuff,RagePowder,Spore,Synthesis|||M|||50|,,,,,Water]Charizard||LifeOrb|SolarPower|TeraBlast,HeatWave,Protect,SolarBeam|||M|||50|,,,,,Flying]Kingambit||AssaultVest|Defiant|KowtowCleave,IronHead,SuckerPunch,BrickBreak|||M|||50|,,,,,Ghost]Rillaboom||SitrusBerry|GrassySurge|HighHorsepower,GrassyGlide,SolarBlade,FakeOut|||M|||50|,,,,,Electric]Clodsire||CovertCloak|WaterAbsorb|HighHorsepower,Haze,RockSlide,Protect|||M|||50|,,,,,Steel
|showteam|p2|Gholdengo||Leftovers|GoodasGold|MakeItRain,ShadowBall,NastyPlot,Protect||||||50|,,,,,Dragon]Rillaboom||MiracleSeed|GrassySurge|FakeOut,GrassyGlide,WoodHammer,Uturn|||F|||50|,,,,,Water]Pelipper||FocusSash|Drizzle|Hurricane,WeatherBall,Protect,Tailwind|||M|||50|,,,,,Stellar]Archaludon||AssaultVest|Stamina|ElectroShot,FlashCannon,DragonPulse,BodyPress|||M|||50|,,,,,Bug]Amoonguss||MentalHerb|Regenerator|PollenPuff,Spore,RagePowder,Protect|||M|||50|,,,,,Psychic]Incineroar||SafetyGoggles|Intimidate|FakeOut,KnockOff,FlareBlitz,PartingShot|||M|||50|,,,,,Grass
|inactive|Battle timer is ON: inactive players will automatically lose when time's up. (requested by Zachkahan)
|
|t:|1756686416
|teamsize|p1|4
|teamsize|p2|4
|start
|switch|p1a: Amoonguss|Amoonguss, L50, M|100/100
|switch|p1b: Rillaboom|Rillaboom, L50, M|100/100
|switch|p2a: Gholdengo|Gholdengo, L50|100/100
|switch|p2b: Incineroar|Incineroar, L50, M|100/100
|-fieldstart|move: Grassy Terrain|[from] ability: Grassy Surge|[of] p1b: Rillaboom
|-ability|p2b: Incineroar|Intimidate|boost
|-unboost|p1a: Amoonguss|atk|1
|-unboost|p1b: Rillaboom|atk|1
|turn|1
|inactive|Pickle315 has 30 seconds left.
|
|t:|1756686445
|switch|p1a: Clodsire|Clodsire, L50, M|100/100
|move|p1b: Rillaboom|Fake Out|p2b: Incineroar
|-damage|p2b: Incineroar|92/100
|move|p2a: Gholdengo|Nasty Plot|p2a: Gholdengo
|-boost|p2a: Gholdengo|spa|2
|cant|p2b: Incineroar|flinch
|
|-heal|p2b: Incineroar|98/100|[from] Grassy Terrain
|upkeep
|turn|2
|
|t:|1756686468
|switch|p1b: Torkoal|Torkoal, L50, M|100/100
|-weather|SunnyDay|[from] ability: Drought|[of] p1b: Torkoal
|move|p2a: Gholdengo|Nasty Plot|p2a: Gholdengo
|-boost|p2a: Gholdengo|spa|2
|move|p2b: Incineroar|Flare Blitz|p1b: Torkoal
|-resisted|p1b: Torkoal
|-damage|p1b: Torkoal|79/100
|-damage|p2b: Incineroar|92/100|[from] Recoil
|move|p1a: Clodsire|Haze|p1a: Clodsire
|-clearallboost
|
|-weather|SunnyDay|[upkeep]
|-heal|p2b: Incineroar|98/100|[from] Grassy Terrain
|-heal|p1b: Torkoal|85/100|[from] Grassy Terrain
|upkeep
|turn|3
|
|t:|1756686486
|switch|p2b: Pelipper|Pelipper, L50, M|100/100
|-weather|RainDance|[from] ability: Drizzle|[of] p2b: Pelipper
|-terastallize|p2a: Gholdengo|Dragon
|move|p2a: Gholdengo|Shadow Ball|p1a: Clodsire
|-damage|p1a: Clodsire|76/100
|move|p1a: Clodsire|High Horsepower|p2a: Gholdengo|[miss]
|-miss|p1a: Clodsire|p2a: Gholdengo
|move|p1b: Torkoal|Heat Wave|p2a: Gholdengo|[spread] p2a,p2b
|-resisted|p2a: Gholdengo
|-resisted|p2b: Pelipper
|-damage|p2a: Gholdengo|96/100
|-damage|p2b: Pelipper|92/100
|
|-weather|RainDance|[upkeep]
|-heal|p2a: Gholdengo|100/100|[from] Grassy Terrain
|-heal|p1a: Clodsire|82/100|[from] Grassy Terrain
|-heal|p1b: Torkoal|91/100|[from] Grassy Terrain
|upkeep
|turn|4
|inactive|Zachkahan has 30 seconds left.
|
|t:|1756686521
|switch|p1b: Amoonguss|Amoonguss, L50, M|100/100
|move|p2b: Pelipper|Weather Ball|p1b: Amoonguss
|-resisted|p1b: Amoonguss
|-damage|p1b: Amoonguss|78/100
|move|p2a: Gholdengo|Nasty Plot|p2a: Gholdengo
|-boost|p2a: Gholdengo|spa|2
|move|p1a: Clodsire|Rock Slide|p2b: Pelipper|[spread] p2a,p2b
|-supereffective|p2b: Pelipper
|-damage|p2a: Gholdengo|90/100
|-damage|p2b: Pelipper|56/100
|
|-weather|RainDance|[upkeep]
|-heal|p2a: Gholdengo|96/100|[from] Grassy Terrain
|-heal|p2a: Gholdengo|100/100|[from] item: Leftovers
|-heal|p1b: Amoonguss|84/100|[from] Grassy Terrain
|-heal|p1a: Clodsire|88/100|[from] Grassy Terrain
|upkeep
|turn|5
|
|t:|1756686540
|move|p2b: Pelipper|Hurricane|p1b: Amoonguss
|-supereffective|p1b: Amoonguss
|-damage|p1b: Amoonguss|23/100
|move|p2a: Gholdengo|Shadow Ball|p1b: Amoonguss
|-damage|p1b: Amoonguss|0 fnt
|faint|p1b: Amoonguss
|move|p1a: Clodsire|Haze|p1a: Clodsire
|-clearallboost
|
|-weather|RainDance|[upkeep]
|-heal|p1a: Clodsire|94/100|[from] Grassy Terrain
|-fieldend|move: Grassy Terrain
|upkeep
|
|t:|1756686551
|switch|p1b: Torkoal|Torkoal, L50, M|91/100
|-weather|SunnyDay|[from] ability: Drought|[of] p1b: Torkoal
|turn|6
|
|t:|1756686562
|switch|p2b: Incineroar|Incineroar, L50, M|98/100
|-ability|p2b: Incineroar|Intimidate|boost
|-unboost|p1a: Clodsire|atk|1
|-unboost|p1b: Torkoal|atk|1
|switch|p1b: Rillaboom|Rillaboom, L50, M|100/100
|-fieldstart|move: Grassy Terrain|[from] ability: Grassy Surge|[of] p1b: Rillaboom
|move|p2a: Gholdengo|Protect|p2a: Gholdengo
|-singleturn|p2a: Gholdengo|Protect
|move|p1a: Clodsire|Rock Slide|p2b: Incineroar|[spread] p2b
|-activate|p2a: Gholdengo|move: Protect
|-supereffective|p2b: Incineroar
|-damage|p2b: Incineroar|84/100
|
|-weather|SunnyDay|[upkeep]
|-heal|p2b: Incineroar|90/100|[from] Grassy Terrain
|-heal|p1a: Clodsire|99/100|[from] Grassy Terrain
|upkeep
|turn|7
|inactive|Zachkahan has 30 seconds left.
|inactive|Pickle315 has 30 seconds left.
|inactive|Pickle315 has 20 seconds left.
|
|t:|1756686602
|switch|p2a: Archaludon|Archaludon, L50, M|100/100
|switch|p1a: Torkoal|Torkoal, L50, M|91/100
|move|p1b: Rillaboom|Solar Blade||[still]
|-prepare|p1b: Rillaboom|Solar Blade
|-anim|p1b: Rillaboom|Solar Blade|p2b: Incineroar
|-resisted|p2b: Incineroar
|-damage|p2b: Incineroar|52/100
|move|p2b: Incineroar|Parting Shot|p1a: Torkoal
|-unboost|p1a: Torkoal|atk|1
|-unboost|p1a: Torkoal|spa|1
|
|t:|1756686612
|switch|p2b: Pelipper|Pelipper, L50, M|56/100|[from] Parting Shot
|-weather|RainDance|[from] ability: Drizzle|[of] p2b: Pelipper
|
|-weather|RainDance|[upkeep]
|-heal|p1a: Torkoal|98/100|[from] Grassy Terrain
|upkeep
|turn|8
|
|t:|1756686625
|switch|p1a: Clodsire|Clodsire, L50, M|99/100
|move|p2b: Pelipper|Hurricane|p1b: Rillaboom
|-supereffective|p1b: Rillaboom
|-damage|p1b: Rillaboom|2/100
|-enditem|p1b: Rillaboom|Sitrus Berry|[eat]
|-heal|p1b: Rillaboom|27/100|[from] item: Sitrus Berry
|move|p2a: Archaludon|Electro Shot||[still]
|-prepare|p2a: Archaludon|Electro Shot
|-boost|p2a: Archaludon|spa|1
|-anim|p2a: Archaludon|Electro Shot|p1a: Clodsire
|-immune|p1a: Clodsire
|move|p1b: Rillaboom|High Horsepower|p2a: Archaludon
|-supereffective|p2a: Archaludon
|-damage|p2a: Archaludon|50/100
|-ability|p2a: Archaludon|Stamina|boost
|-boost|p2a: Archaludon|def|1
|
|-weather|RainDance|[upkeep]
|-heal|p2a: Archaludon|57/100|[from] Grassy Terrain
|-heal|p1b: Rillaboom|32/100|[from] Grassy Terrain
|-heal|p1a: Clodsire|100/100|[from] Grassy Terrain
|upkeep
|turn|9
|inactive|Pickle315 has 30 seconds left.
|
|t:|1756686654
|switch|p2b: Incineroar|Incineroar, L50, M|52/100
|-ability|p2b: Incineroar|Intimidate|boost
|-unboost|p1a: Clodsire|atk|1
|-unboost|p1b: Rillaboom|atk|1
|switch|p1b: Torkoal|Torkoal, L50, M|98/100
|-weather|SunnyDay|[from] ability: Drought|[of] p1b: Torkoal
|move|p2a: Archaludon|Body Press|p1b: Torkoal
|-damage|p1b: Torkoal|76/100
|move|p1a: Clodsire|Haze|p1a: Clodsire
|-clearallboost
|
|-weather|SunnyDay|[upkeep]
|-heal|p2a: Archaludon|63/100|[from] Grassy Terrain
|-heal|p2b: Incineroar|58/100|[from] Grassy Terrain
|-heal|p1b: Torkoal|82/100|[from] Grassy Terrain
|upkeep
|turn|10
|
|t:|1756686675
|switch|p2a: Gholdengo|Gholdengo, L50, tera:Dragon|100/100
|switch|p1b: Rillaboom|Rillaboom, L50, M|32/100
|move|p2b: Incineroar|Parting Shot|p1a: Clodsire
|-unboost|p1a: Clodsire|atk|1
|-unboost|p1a: Clodsire|spa|1
|
|t:|1756686689
|switch|p2b: Pelipper|Pelipper, L50, M|56/100|[from] Parting Shot
|-weather|RainDance|[from] ability: Drizzle|[of] p2b: Pelipper
|move|p1a: Clodsire|High Horsepower|p2b: Pelipper
|-immune|p2b: Pelipper
|
|-weather|RainDance|[upkeep]
|-heal|p1b: Rillaboom|38/100|[from] Grassy Terrain
|-fieldend|move: Grassy Terrain
|upkeep
|turn|11
|
|t:|1756686702
|switch|p1b: Torkoal|Torkoal, L50, M|82/100
|-weather|SunnyDay|[from] ability: Drought|[of] p1b: Torkoal
|move|p2b: Pelipper|Hurricane|p1a: Clodsire|[miss]
|-miss|p2b: Pelipper|p1a: Clodsire
|move|p2a: Gholdengo|Shadow Ball|p1b: Torkoal
|-damage|p1b: Torkoal|32/100
|move|p1a: Clodsire|Rock Slide|p2b: Pelipper|[spread] p2a,p2b
|-supereffective|p2b: Pelipper
|-damage|p2a: Gholdengo|93/100
|-damage|p2b: Pelipper|34/100
|
|-weather|SunnyDay|[upkeep]
|-heal|p2a: Gholdengo|99/100|[from] item: Leftovers
|upkeep
|turn|12
|
|t:|1756686722
|switch|p1b: Rillaboom|Rillaboom, L50, M|38/100
|-fieldstart|move: Grassy Terrain|[from] ability: Grassy Surge|[of] p1b: Rillaboom
|move|p2b: Pelipper|Weather Ball|p1a: Clodsire
|-damage|p1a: Clodsire|71/100
|move|p2a: Gholdengo|Shadow Ball|p1b: Rillaboom
|-damage|p1b: Rillaboom|0 fnt
|faint|p1b: Rillaboom
|move|p1a: Clodsire|Rock Slide|p2a: Gholdengo|[spread] p2a,p2b
|-supereffective|p2b: Pelipper
|-damage|p2a: Gholdengo|93/100
|-damage|p2b: Pelipper|10/100
|
|-weather|SunnyDay|[upkeep]
|-heal|p2a: Gholdengo|99/100|[from] Grassy Terrain
|-heal|p2a: Gholdengo|100/100|[from] item: Leftovers
|-heal|p1a: Clodsire|77/100|[from] Grassy Terrain
|upkeep
|
|t:|1756686739
|switch|p1b: Torkoal|Torkoal, L50, M|32/100
|turn|13
|
|t:|1756686761
|switch|p2b: Archaludon|Archaludon, L50, M|63/100
|move|p2a: Gholdengo|Shadow Ball|p1a: Clodsire
|-damage|p1a: Clodsire|52/100
|move|p1a: Clodsire|Haze|p1a: Clodsire
|-clearallboost
|move|p1b: Torkoal|Body Press|p2a: Gholdengo
|-damage|p2a: Gholdengo|74/100
|
|-weather|SunnyDay|[upkeep]
|-heal|p2a: Gholdengo|80/100|[from] Grassy Terrain
|-heal|p2a: Gholdengo|87/100|[from] item: Leftovers
|-heal|p2b: Archaludon|69/100|[from] Grassy Terrain
|-heal|p1a: Clodsire|58/100|[from] Grassy Terrain
|-heal|p1b: Torkoal|38/100|[from] Grassy Terrain
|upkeep
|turn|14
|
|t:|1756686780
|move|p2a: Gholdengo|Shadow Ball|p1b: Torkoal
|-damage|p1b: Torkoal|0 fnt
|faint|p1b: Torkoal
|move|p2b: Archaludon|Body Press|p1a: Clodsire
|-resisted|p1a: Clodsire
|-crit|p1a: Clodsire
|-damage|p1a: Clodsire|38/100
|move|p1a: Clodsire|High Horsepower|p2b: Archaludon
|-supereffective|p2b: Archaludon
|-damage|p2b: Archaludon|19/100
|-ability|p2b: Archaludon|Stamina|boost
|-boost|p2b: Archaludon|def|1
|
|-weather|SunnyDay|[upkeep]
|-heal|p2a: Gholdengo|93/100|[from] Grassy Terrain
|-heal|p2a: Gholdengo|99/100|[from] item: Leftovers
|-heal|p2b: Archaludon|25/100|[from] Grassy Terrain
|-heal|p1a: Clodsire|44/100|[from] Grassy Terrain
|upkeep
|turn|15
|
|t:|1756686796
|move|p2a: Gholdengo|Shadow Ball|p1a: Clodsire
|-damage|p1a: Clodsire|19/100
|move|p2b: Archaludon|Body Press|p1a: Clodsire
|-resisted|p1a: Clodsire
|-damage|p1a: Clodsire|1/100
|move|p1a: Clodsire|High Horsepower|p2b: Archaludon
|-supereffective|p2b: Archaludon
|-damage|p2b: Archaludon|0 fnt
|faint|p2b: Archaludon
|
|-weather|none
|-heal|p2a: Gholdengo|100/100|[from] Grassy Terrain
|-heal|p1a: Clodsire|7/100|[from] Grassy Terrain
|upkeep
|
|t:|1756686800
|switch|p2b: Pelipper|Pelipper, L50, M|10/100
|-weather|RainDance|[from] ability: Drizzle|[of] p2b: Pelipper
|turn|16
|
|t:|1756686811
|move|p1a: Clodsire|Protect|p1a: Clodsire
|-singleturn|p1a: Clodsire|Protect
|move|p2b: Pelipper|Hurricane|p1a: Clodsire
|-activate|p1a: Clodsire|move: Protect
|move|p2a: Gholdengo|Shadow Ball|p1a: Clodsire
|-activate|p1a: Clodsire|move: Protect
|
|-weather|RainDance|[upkeep]
|-heal|p1a: Clodsire|13/100|[from] Grassy Terrain
|-fieldend|move: Grassy Terrain
|upkeep
|turn|17
|
|t:|1756686821
|move|p2b: Pelipper|Hurricane|p1a: Clodsire
|-damage|p1a: Clodsire|0 fnt
|faint|p1a: Clodsire
|
|win|Zachkahan
|raw|Pickle315's rating: 1079 → 1059(-20 for losing)
|raw|Zachkahan's rating: 1106 → 1129(+23 for winning)
|l|☆Zachkahan
|player|p2|
