|j|☆GIRLHELL1998
|j|☆Gentlefish
|html|GIRLHELL1998Gentlefish    
|uhtml|bestof|Game 2 of a best-of-3
|t:|1756533602
|gametype|doubles
|player|p1|GIRLHELL1998|roxie|
|player|p2|Gentlefish|burglar-gen1rb|
|gen|9
|tier|[Gen 9] VGC 2025 Reg H (Bo3)
|rule|Species Clause: Limit one of each Pokémon
|rule|Item Clause: Limit 1 of each item
|clearpoke
|poke|p1|Ursaluna, L50, M|
|poke|p1|Kilowattrel, L50, F|
|poke|p1|Gholdengo, L50|
|poke|p1|Incineroar, L50, F|
|poke|p1|Amoonguss, L50, F|
|poke|p1|Porygon2, L50|
|poke|p2|Archaludon, L50, M|
|poke|p2|Pelipper, L50, F|
|poke|p2|Basculegion, L50, M|
|poke|p2|Ursaluna, L50, M|
|poke|p2|Incineroar, L50, M|
|poke|p2|Sinistcha, L50|
|teampreview|4
|showteam|p1|Ursaluna||FlameOrb|Guts|Facade,HeadlongRush,Earthquake,Protect|||M|||50|,,,,,Fairy]Kilowattrel||FocusSash|Competitive|Thunderbolt,AirSlash,Tailwind,Protect|||F|||50|,,,,,Ghost]Gholdengo||LifeOrb|GoodasGold|MakeItRain,ShadowBall,NastyPlot,Protect||||||50|,,,,,Flying]Incineroar||AssaultVest|Intimidate|KnockOff,FlareBlitz,Uturn,FakeOut|||F|||50|,,,,,Grass]Amoonguss||SitrusBerry|Regenerator|Spore,RagePowder,SludgeBomb,Protect|||F|||50|,,,,,Water]Porygon2||Eviolite|Download|TeraBlast,IceBeam,Recover,TrickRoom||||||50|,,,,,Fighting
|showteam|p2|Archaludon||AssaultVest|Stamina|DragonPulse,FlashCannon,ElectroShot,BodyPress|||M|||50|,,,,,Bug]Pelipper||FocusSash|Drizzle|Hurricane,WeatherBall,Tailwind,Protect|||F|||50|,,,,,Stellar]Basculegion||ChoiceBand|SwiftSwim|WaveCrash,LastRespects,FlipTurn,TeraBlast|||M|||50|,,,,,Fighting]Ursaluna||FlameOrb|Guts|Facade,HeadlongRush,Earthquake,Protect|||M|||50|,,,,,Ghost]Incineroar||SafetyGoggles|Intimidate|KnockOff,PartingShot,Taunt,FakeOut|||M|||50|,,,,,Flying]Sinistcha||SitrusBerry|Hospitality|MatchaGotcha,RagePowder,LifeDew,TrickRoom||||||50|,,,,,Water
|inactive|Battle timer is ON: inactive players will automatically lose when time's up. (requested by GIRLHELL1998)
|inactive|GIRLHELL1998 has 60 seconds left.
|inactive|Gentlefish has 60 seconds left.
|inactive|Gentlefish has 30 seconds left.
|
|t:|1756533672
|teamsize|p1|4
|teamsize|p2|4
|start
|switch|p1a: Mr Worldwide|Gholdengo, L50|100/100
|switch|p1b: Pumpy the Grumpy|Incineroar, L50, F, shiny|100/100
|switch|p2a: Archaludon|Archaludon, L50, M|100/100
|switch|p2b: Pelipper|Pelipper, L50, F|100/100
|-weather|RainDance|[from] ability: Drizzle|[of] p2b: Pelipper
|-ability|p1b: Pumpy the Grumpy|Intimidate|boost
|-unboost|p2a: Archaludon|atk|1
|-unboost|p2b: Pelipper|atk|1
|turn|1
|inactive|GIRLHELL1998 has 30 seconds left.
|inactive|Gentlefish has 30 seconds left.
|inactive|GIRLHELL1998 has 20 seconds left.
|inactive|Gentlefish has 20 seconds left.
|inactive|GIRLHELL1998 has 15 seconds left.
|inactive|Gentlefish has 15 seconds left.
|
|t:|1756533714
|move|p1b: Pumpy the Grumpy|Fake Out|p2b: Pelipper
|-damage|p2b: Pelipper|84/100
|move|p1a: Mr Worldwide|Nasty Plot|p1a: Mr Worldwide
|-boost|p1a: Mr Worldwide|spa|2
|cant|p2b: Pelipper|flinch
|move|p2a: Archaludon|Electro Shot||[still]
|-prepare|p2a: Archaludon|Electro Shot
|-boost|p2a: Archaludon|spa|1
|-anim|p2a: Archaludon|Electro Shot|p1b: Pumpy the Grumpy
|-damage|p1b: Pumpy the Grumpy|54/100
|
|-weather|RainDance|[upkeep]
|upkeep
|turn|2
|inactive|GIRLHELL1998 has 30 seconds left.
|inactive|GIRLHELL1998 has 20 seconds left.
|inactive|GIRLHELL1998 has 15 seconds left.
|inactive|GIRLHELL1998 has 10 seconds left.
|
|t:|1756533763
|move|p1a: Mr Worldwide|Make It Rain|p2a: Archaludon|[spread] p2a,p2b
|-resisted|p2a: Archaludon
|-resisted|p2b: Pelipper
|-damage|p2a: Archaludon|56/100
|-damage|p2b: Pelipper|0 fnt
|-unboost|p1a: Mr Worldwide|spa|1
|-ability|p2a: Archaludon|Stamina|boost
|-boost|p2a: Archaludon|def|1
|faint|p2b: Pelipper
|-damage|p1a: Mr Worldwide|91/100|[from] item: Life Orb
|move|p2a: Archaludon|Electro Shot||[still]
|-prepare|p2a: Archaludon|Electro Shot
|-boost|p2a: Archaludon|spa|1
|-anim|p2a: Archaludon|Electro Shot|p1a: Mr Worldwide
|-damage|p1a: Mr Worldwide|0 fnt
|faint|p1a: Mr Worldwide
|move|p1b: Pumpy the Grumpy|Knock Off|p2a: Archaludon
|-damage|p2a: Archaludon|35/100
|-ability|p2a: Archaludon|Stamina|boost
|-boost|p2a: Archaludon|def|1
|-enditem|p2a: Archaludon|Assault Vest|[from] move: Knock Off|[of] p1b: Pumpy the Grumpy
|
|-weather|RainDance|[upkeep]
|upkeep
|c|☆Gentlefish|I forgot pelipper would be slower than gholdengo lol
|
|t:|1756533786
|switch|p1a: Nokia Brick|Porygon2, L50, shiny|100/100
|switch|p2b: Sinistcha|Sinistcha, L50|100/100
|-ability|p1a: Nokia Brick|Download|boost
|-boost|p1a: Nokia Brick|spa|1
|-heal|p2a: Archaludon|60/100|[from] ability: Hospitality|[of] p2b: Sinistcha
|turn|3
|inactive|GIRLHELL1998 has 30 seconds left.
|inactive|GIRLHELL1998 has 20 seconds left.
|inactive|GIRLHELL1998 has 15 seconds left.
|inactive|GIRLHELL1998 has 10 seconds left.
|inactive|GIRLHELL1998 has 5 seconds left.
|
|t:|1756533836
|-terastallize|p2a: Archaludon|Bug
|-terastallize|p1a: Nokia Brick|Fighting
|move|p2a: Archaludon|Body Press|p1b: Pumpy the Grumpy
|-supereffective|p1b: Pumpy the Grumpy
|-damage|p1b: Pumpy the Grumpy|0 fnt
|faint|p1b: Pumpy the Grumpy
|move|p2b: Sinistcha|Life Dew||[still]|[spread] p2a,p2b
|-heal|p2a: Archaludon|85/100
|-fail|p2b: Sinistcha|heal
|move|p1a: Nokia Brick|Tera Blast|p2a: Archaludon|[anim] Tera Blast Fighting
|-resisted|p2a: Archaludon
|-damage|p2a: Archaludon|59/100
|-ability|p2a: Archaludon|Stamina|boost
|-boost|p2a: Archaludon|def|1
|
|-weather|RainDance|[upkeep]
|upkeep
|
|t:|1756533849
|switch|p1b: Dinko|Ursaluna, L50, M|100/100
|turn|4
|
|t:|1756533870
|move|p1b: Dinko|Protect|p1b: Dinko
|-singleturn|p1b: Dinko|Protect
|move|p2b: Sinistcha|Rage Powder|p2b: Sinistcha
|-singleturn|p2b: Sinistcha|move: Rage Powder
|move|p2a: Archaludon|Dragon Pulse|p1a: Nokia Brick
|-damage|p1a: Nokia Brick|54/100
|move|p1a: Nokia Brick|Ice Beam|p2b: Sinistcha
|-supereffective|p2b: Sinistcha
|-damage|p2b: Sinistcha|39/100
|-enditem|p2b: Sinistcha|Sitrus Berry|[eat]
|-heal|p2b: Sinistcha|63/100|[from] item: Sitrus Berry
|
|-weather|RainDance|[upkeep]
|-status|p1b: Dinko|brn|[from] item: Flame Orb
|upkeep
|turn|5
|
|t:|1756533890
|move|p2a: Archaludon|Electro Shot||[still]
|-prepare|p2a: Archaludon|Electro Shot
|-boost|p2a: Archaludon|spa|1
|-anim|p2a: Archaludon|Electro Shot|p1a: Nokia Brick
|-damage|p1a: Nokia Brick|0 fnt
|faint|p1a: Nokia Brick
|move|p1b: Dinko|Facade|p2a: Archaludon
|-damage|p2a: Archaludon|23/100
|-ability|p2a: Archaludon|Stamina|boost
|-boost|p2a: Archaludon|def|1
|move|p2b: Sinistcha|Life Dew|p2b: Sinistcha|[spread] p2a,p2b
|-heal|p2a: Archaludon|48/100
|-heal|p2b: Sinistcha|89/100
|
|-weather|none
|-damage|p1b: Dinko|95/100 brn|[from] brn
|upkeep
|turn|6
|-message|GIRLHELL1998 forfeited.
|
|win|Gentlefish
|l|☆GIRLHELL1998
|player|p1|
