|j|☆Staryu14
|j|☆akabaki
|html|Staryu14akabaki    
|uhtml|bestof|Game 3 of a best-of-3
|t:|1755985137
|gametype|doubles
|player|p1|Staryu14|matt|1176
|player|p2|akabaki|2|1192
|gen|9
|tier|[Gen 9] VGC 2025 Reg H (Bo3)
|rated|
|rule|Species Clause: Limit one of each Pokémon
|rule|Item Clause: Limit 1 of each item
|clearpoke
|poke|p1|Archaludon, L50, F|
|poke|p1|Pelipper, L50, M|
|poke|p1|Basculegion, L50, M|
|poke|p1|Incineroar, L50, M|
|poke|p1|Toxicroak, L50, M|
|poke|p1|Volcarona, L50, F|
|poke|p2|Gholdengo, L50|
|poke|p2|Hydreigon, L50, M|
|poke|p2|Talonflame, L50, M|
|poke|p2|Sneasler, L50, M|
|poke|p2|Clefable, L50, F|
|poke|p2|Garchomp, L50, M|
|teampreview|4
|showteam|p1|Archaludon||AssaultVest|Stamina|ElectroShot,FlashCannon,DragonPulse,BodyPress|||F|||50|,,,,,Grass]Pelipper||FocusSash|Drizzle|WeatherBall,Hurricane,Protect,Tailwind|||M|||50|,,,,,Stellar]Basculegion||MysticWater|SwiftSwim|AquaJet,WaveCrash,Protect,LastRespects|||M|||50|,,,,,Water]Incineroar||SafetyGoggles|Intimidate|FakeOut,Taunt,KnockOff,PartingShot|||M|||50|,,,,,Ghost]Toxicroak||LifeOrb|DrySkin|FakeOut,CloseCombat,PoisonJab,SuckerPunch|||M|||50|,,,,,Dark]Volcarona||CovertCloak|FlameBody|RagePowder,StruggleBug,Overheat,WillOWisp|||F|||50|,,,,,Grass
|showteam|p2|Gholdengo||Leftovers|GoodasGold|MakeItRain,ShadowBall,NastyPlot,Protect||||||50|,,,,,Water]Hydreigon||ChoiceSpecs|Levitate|DracoMeteor,DarkPulse,Snarl,HeatWave|||M|||50|,,,,,Fire]Talonflame||CovertCloak|GaleWings|DualWingbeat,Tailwind,Taunt,WillOWisp|||M|||50|,,,,,Grass]Sneasler||WhiteHerb|Unburden|DireClaw,CloseCombat,ThroatChop,Protect|||M|||50|,,,,,Dark]Clefable||SitrusBerry|Unaware|Moonblast,Protect,FollowMe,ThunderWave|||F|||50|,,,,,Water]Garchomp||LifeOrb|RoughSkin|DragonClaw,StompingTantrum,Earthquake,Protect|||M|||50|,,,,,Steel
|inactive|Battle timer is ON: inactive players will automatically lose when time's up. (requested by akabaki)
|inactive|Staryu14 has 60 seconds left.
|
|t:|1755985175
|teamsize|p1|4
|teamsize|p2|4
|start
|switch|p1a: Basculegion|Basculegion, L50, M|100/100
|switch|p1b: Pelipper|Pelipper, L50, M|100/100
|switch|p2a: Gholdengo|Gholdengo, L50|100/100
|switch|p2b: Clefable|Clefable, L50, F|100/100
|-weather|RainDance|[from] ability: Drizzle|[of] p1b: Pelipper
|turn|1
|inactive|Staryu14 has 30 seconds left.
|
|t:|1755985200
|-terastallize|p2b: Clefable|Water
|move|p1a: Basculegion|Protect|p1a: Basculegion
|-singleturn|p1a: Basculegion|Protect
|move|p2b: Clefable|Follow Me|p2b: Clefable
|-singleturn|p2b: Clefable|move: Follow Me
|move|p2a: Gholdengo|Nasty Plot|p2a: Gholdengo
|-boost|p2a: Gholdengo|spa|2
|move|p1b: Pelipper|Tailwind|p1b: Pelipper
|-sidestart|p1: Staryu14|move: Tailwind
|
|-weather|RainDance|[upkeep]
|upkeep
|turn|2
|inactive|Staryu14 has 30 seconds left.
|inactive|akabaki has 30 seconds left.
|
|t:|1755985230
|switch|p1a: Archaludon|Archaludon, L50, F|100/100
|move|p2b: Clefable|Follow Me|p2b: Clefable
|-singleturn|p2b: Clefable|move: Follow Me
|move|p1b: Pelipper|Weather Ball|p2b: Clefable
|-resisted|p2b: Clefable
|-damage|p2b: Clefable|74/100
|move|p2a: Gholdengo|Shadow Ball|p1a: Archaludon
|-crit|p1a: Archaludon
|-damage|p1a: Archaludon|3/100
|-unboost|p1a: Archaludon|spd|1
|-ability|p1a: Archaludon|Stamina|boost
|-boost|p1a: Archaludon|def|1
|
|-weather|RainDance|[upkeep]
|upkeep
|turn|3
|inactive|akabaki has 30 seconds left.
|inactive|akabaki has 20 seconds left.
|inactive|akabaki has 15 seconds left.
|inactive|akabaki has 10 seconds left.
|inactive|akabaki has 5 seconds left.
|
|t:|1755985283
|move|p2b: Clefable|Follow Me|p2b: Clefable
|-singleturn|p2b: Clefable|move: Follow Me
|move|p1b: Pelipper|Weather Ball|p2b: Clefable
|-resisted|p2b: Clefable
|-damage|p2b: Clefable|49/100
|-enditem|p2b: Clefable|Sitrus Berry|[eat]
|-heal|p2b: Clefable|73/100|[from] item: Sitrus Berry
|move|p1a: Archaludon|Electro Shot||[still]
|-prepare|p1a: Archaludon|Electro Shot
|-boost|p1a: Archaludon|spa|1
|-anim|p1a: Archaludon|Electro Shot|p2b: Clefable
|-supereffective|p2b: Clefable
|-damage|p2b: Clefable|1/100
|move|p2a: Gholdengo|Make It Rain|p1a: Archaludon|[spread] p1a,p1b
|-resisted|p1a: Archaludon
|-resisted|p1b: Pelipper
|-damage|p1a: Archaludon|0 fnt
|-damage|p1b: Pelipper|18/100
|-unboost|p2a: Gholdengo|spa|1
|faint|p1a: Archaludon
|
|-weather|RainDance|[upkeep]
|upkeep
|
|t:|1755985298
|switch|p1a: Basculegion|Basculegion, L50, M|100/100
|turn|4
|inactive|Staryu14 has 30 seconds left.
|
|t:|1755985323
|switch|p1b: Toxicroak|Toxicroak, L50, M|100/100
|-terastallize|p1a: Basculegion|Water
|move|p2a: Gholdengo|Protect|p2a: Gholdengo
|-singleturn|p2a: Gholdengo|Protect
|move|p2b: Clefable|Protect|p2b: Clefable
|-singleturn|p2b: Clefable|Protect
|move|p1a: Basculegion|Aqua Jet|p2b: Clefable
|-activate|p2b: Clefable|move: Protect
|
|-weather|RainDance|[upkeep]
|-sideend|p1: Staryu14|move: Tailwind
|upkeep
|turn|5
|inactive|akabaki has 30 seconds left.
|inactive|akabaki has 20 seconds left.
|inactive|Staryu14 has 30 seconds left.
|inactive|Staryu14 has 20 seconds left.
|inactive|Staryu14 has 15 seconds left.
|
|t:|1755985379
|move|p1b: Toxicroak|Fake Out|p2b: Clefable
|-damage|p2b: Clefable|0 fnt
|faint|p2b: Clefable
|-damage|p1b: Toxicroak|91/100|[from] item: Life Orb
|move|p1a: Basculegion|Wave Crash|p2a: Gholdengo
|-damage|p2a: Gholdengo|0 fnt
|faint|p2a: Gholdengo
|-damage|p1a: Basculegion|71/100|[from] Recoil
|
|-weather|none
|upkeep
|
|t:|1755985389
|switch|p2a: Garchomp|Garchomp, L50, M|100/100
|switch|p2b: Talonflame|Talonflame, L50, M|100/100
|turn|6
|
|t:|1755985408
|switch|p1b: Pelipper|Pelipper, L50, M|18/100
|-weather|RainDance|[from] ability: Drizzle|[of] p1b: Pelipper
|move|p1a: Basculegion|Aqua Jet|p2b: Talonflame
|-supereffective|p2b: Talonflame
|-damage|p2b: Talonflame|0 fnt
|faint|p2b: Talonflame
|move|p2a: Garchomp|Dragon Claw|p1a: Basculegion
|-damage|p1a: Basculegion|12/100
|-damage|p2a: Garchomp|91/100|[from] item: Life Orb
|
|-weather|RainDance|[upkeep]
|upkeep
|turn|7
|inactive|akabaki has 30 seconds left.
|
|t:|1755985447
|move|p1a: Basculegion|Wave Crash|p2a: Garchomp
|-damage|p2a: Garchomp|0 fnt
|-damage|p1a: Basculegion|0 fnt|[from] ability: Rough Skin|[of] p2a: Garchomp
|faint|p2a: Garchomp
|faint|p1a: Basculegion
|
|win|Staryu14
|raw|Staryu14's rating: 1176 → 1202(+26 for winning)
|raw|akabaki's rating: 1192 → 1166(-26 for losing)
|c|☆Staryu14|ggs
|l|☆akabaki
|player|p2|
