|j|☆idkvgc21
|j|☆beeetch
|html|idkvgc21beeetch    
|uhtml|bestof|Game 3 of a best-of-3
|t:|1756039222
|gametype|doubles
|player|p1|idkvgc21|ethan|1181
|player|p2|beeetch|beauty-gen4dp|1231
|gen|9
|tier|[Gen 9] VGC 2025 Reg H (Bo3)
|rated|
|rule|Species Clause: Limit one of each Pokémon
|rule|Item Clause: Limit 1 of each item
|clearpoke
|poke|p1|Talonflame, L50, F|
|poke|p1|Indeedee, L50, M|
|poke|p1|Ursaluna-Bloodmoon, L50, M|
|poke|p1|Sneasler, L50, F|
|poke|p1|Electabuzz, L50, F|
|poke|p1|Incineroar, L50, F|
|poke|p2|Toedscruel, L50, F|
|poke|p2|Weezing-Galar, L50, M|
|poke|p2|Corviknight, L50, F|
|poke|p2|Pawmot, L50, F|
|poke|p2|Garchomp, L50, M|
|poke|p2|Typhlosion-Hisui, L50, F|
|teampreview|4
|showteam|p1|Talonflame||CovertCloak|GaleWings|DualWingbeat,FlareBlitz,Tailwind,WillOWisp|||F|||50|,,,,,Fairy]Indeedee||FocusSash|PsychicSurge|ExpandingForce,Protect,HelpingHand,TrickRoom|||M|||50|,,,,,Psychic]Ursaluna-Bloodmoon||LifeOrb|MindsEye|BloodMoon,HyperVoice,EarthPower,Protect|||M|||50|,,,,,Normal]Sneasler||PsychicSeed|Unburden|DireClaw,CloseCombat,ThroatChop,Protect|||F|||50|,,,,,Dark]Electabuzz||Eviolite|VitalSpirit|Electroweb,Taunt,FollowMe,Protect|||F|||50|,,,,,Dragon]Incineroar||SafetyGoggles|Intimidate|FakeOut,FlareBlitz,KnockOff,PartingShot|||F|||50|,,,,,Ghost
|showteam|p2|Toedscruel||CovertCloak|MyceliumMight|Spore,EarthPower,AcidSpray,RagePowder|||F|||50|,,,,,Water]Weezing-Galar||ChoiceSpecs|NeutralizingGas|DazzlingGleam,SludgeBomb,StrangeSteam,Flamethrower|||M|||50|,,,,,Fire]Corviknight||SitrusBerry|MirrorArmor|Protect,Tailwind,Roost,BraveBird|||F|||50|,,,,,Dragon]Pawmot||FocusSash|NaturalCure|Protect,CloseCombat,DoubleShock,FakeOut|||F|||50|,,,,,Electric]Garchomp||LifeOrb|RoughSkin|Protect,Earthquake,DragonClaw,StompingTantrum|||M|||50|,,,,,Ground]Typhlosion-Hisui||ChoiceScarf|Blaze|Eruption,SleepTalk,HeatWave,ShadowBall|||F|||50|,,,,,Fire
|
|t:|1756039248
|teamsize|p1|4
|teamsize|p2|4
|start
|switch|p1a: Electabuzz|Electabuzz, L50, F, shiny|100/100
|switch|p1b: Ursaluna|Ursaluna-Bloodmoon, L50, M|100/100
|switch|p2a: Weezing|Weezing-Galar, L50, M|100/100
|switch|p2b: Typhlosion|Typhlosion-Hisui, L50, F|100/100
|-ability|p2a: Weezing|Neutralizing Gas
|turn|1
|
|t:|1756039263
|-end|p2a: Weezing|ability: Neutralizing Gas
|switch|p2a: Corviknight|Corviknight, L50, F|100/100
|-terastallize|p2b: Typhlosion|Fire
|move|p1b: Ursaluna|Protect|p1b: Ursaluna
|-singleturn|p1b: Ursaluna|Protect
|move|p2b: Typhlosion|Eruption|p1a: Electabuzz|[spread] p1a
|-activate|p1b: Ursaluna|move: Protect
|-damage|p1a: Electabuzz|28/100
|move|p1a: Electabuzz|Electroweb|p2a: Corviknight|[spread] p2b
|-miss|p1a: Electabuzz|p2a: Corviknight
|-damage|p2b: Typhlosion|80/100
|-unboost|p2b: Typhlosion|spe|1
|
|upkeep
|turn|2
|
|t:|1756039293
|move|p1a: Electabuzz|Electroweb|p2a: Corviknight|[spread] p2a,p2b
|-supereffective|p2a: Corviknight
|-damage|p2a: Corviknight|74/100
|-damage|p2b: Typhlosion|60/100
|-ability|p2a: Corviknight|Mirror Armor
|-unboost|p1a: Electabuzz|spe|1
|-unboost|p2b: Typhlosion|spe|1
|move|p2b: Typhlosion|Eruption|p1a: Electabuzz|[spread] p1a,p1b
|-damage|p1a: Electabuzz|0 fnt
|-damage|p1b: Ursaluna|31/100
|faint|p1a: Electabuzz
|move|p1b: Ursaluna|Earth Power|p2b: Typhlosion
|-supereffective|p2b: Typhlosion
|-damage|p2b: Typhlosion|0 fnt
|faint|p2b: Typhlosion
|-damage|p1b: Ursaluna|21/100|[from] item: Life Orb
|move|p2a: Corviknight|Tailwind|p2a: Corviknight
|-sidestart|p2: beeetch|move: Tailwind
|
|upkeep
|
|t:|1756039315
|switch|p1a: Indeedee|Indeedee, L50, M, shiny|100/100
|switch|p2b: Weezing|Weezing-Galar, L50, M|100/100
|-ability|p2b: Weezing|Neutralizing Gas
|turn|3
|
|t:|1756039361
|switch|p1b: Sneasler|Sneasler, L50, F, shiny|100/100
|move|p1a: Indeedee|Protect|p1a: Indeedee
|-singleturn|p1a: Indeedee|Protect
|move|p2a: Corviknight|Brave Bird|p1a: Indeedee
|-activate|p1a: Indeedee|move: Protect
|move|p2b: Weezing|Dazzling Gleam|p1a: Indeedee|[spread] p1b
|-activate|p1a: Indeedee|move: Protect
|-damage|p1b: Sneasler|50/100
|
|upkeep
|turn|4
|
|t:|1756039424
|switch|p1a: Ursaluna|Ursaluna-Bloodmoon, L50, M|21/100
|move|p1b: Sneasler|Protect|p1b: Sneasler
|-singleturn|p1b: Sneasler|Protect
|move|p2a: Corviknight|Brave Bird|p1a: Ursaluna
|-damage|p1a: Ursaluna|0 fnt
|faint|p1a: Ursaluna
|-damage|p2a: Corviknight|68/100|[from] Recoil
|move|p2b: Weezing|Dazzling Gleam|p1b: Sneasler
|-activate|p1b: Sneasler|move: Protect
|
|upkeep
|
|t:|1756039427
|switch|p1a: Indeedee|Indeedee, L50, M, shiny|100/100
|turn|5
|
|t:|1756039436
|move|p1b: Sneasler|Protect||[still]
|-fail|p1b: Sneasler
|move|p1a: Indeedee|Protect|p1a: Indeedee
|-singleturn|p1a: Indeedee|Protect
|move|p2a: Corviknight|Brave Bird|p1b: Sneasler
|-supereffective|p1b: Sneasler
|-damage|p1b: Sneasler|0 fnt
|faint|p1b: Sneasler
|-damage|p2a: Corviknight|56/100|[from] Recoil
|move|p2b: Weezing|Dazzling Gleam|p1a: Indeedee
|-activate|p1a: Indeedee|move: Protect
|
|-sideend|p2: beeetch|move: Tailwind
|upkeep
|turn|6
|
|t:|1756039453
|-terastallize|p1a: Indeedee|Psychic
|move|p1a: Indeedee|Expanding Force|p2b: Weezing
|-supereffective|p2b: Weezing
|-damage|p2b: Weezing|0 fnt
|faint|p2b: Weezing
|-end|p2b: Weezing|ability: Neutralizing Gas
|-fieldstart|move: Psychic Terrain|[from] ability: Psychic Surge|[of] p1a: Indeedee
|move|p2a: Corviknight|Brave Bird|p1a: Indeedee
|-damage|p1a: Indeedee|14/100
|-damage|p2a: Corviknight|37/100|[from] Recoil
|-enditem|p2a: Corviknight|Sitrus Berry|[eat]
|-heal|p2a: Corviknight|61/100|[from] item: Sitrus Berry
|
|upkeep
|
|t:|1756039458
|switch|p2b: Garchomp|Garchomp, L50, M|100/100
|turn|7
|-message|idkvgc21 forfeited.
|
|win|beeetch
|raw|idkvgc21's rating: 1181 → 1160(-21 for losing)
|raw|beeetch's rating: 1231 → 1252(+21 for winning)
|l|☆idkvgc21
|player|p1|
|j|☆idkvgc21
|player|p1|idkvgc21|ethan|
