|j|☆GS Barnabe
|j|☆Gen4lover2
|html|GS BarnabeGen4lover2    
|uhtml|bestof|Game 2 of a best-of-3
|t:|1785849147
|gametype|doubles
|player|p1|GS Barnabe|barry|1248
|player|p2|Gen4lover2|wallace|1297
|gen|9
|tier|[Gen 9 Champions] VGC 2026 Reg M-B (Bo3)
|rated|
|rule|Species Clause: Limit one of each Pokémon
|rule|Item Clause: Limit 1 of each item
|clearpoke
|poke|p1|Clefable, L50, F|
|poke|p1|Tyranitar, L50, F|
|poke|p1|Garchomp, L50, M|
|poke|p1|Gholdengo, L50|
|poke|p1|Rotom-Wash, L50|
|poke|p1|Aerodactyl, L50, F|
|poke|p2|Tyranitar, L50, M|
|poke|p2|Excadrill, L50, F|
|poke|p2|Staraptor, L50, F|
|poke|p2|Milotic, L50, F|
|poke|p2|Gholdengo, L50|
|poke|p2|Sinistcha-Masterpiece, L50|
|teampreview|4
|showteam|p1|Clefable||SitrusBerry|Unaware|Moonblast,FollowMe,HealPulse,Protect|Bold||F|||50|]Tyranitar||ChoiceScarf|SandStream|RockSlide,KnockOff,IcePunch,Superpower|Jolly||F|||50|]Garchomp||Garchompite|SandVeil|DracoMeteor,EarthPower,PowerGem,Protect|Modest||M|||50|]Gholdengo||LifeOrb|GoodasGold|MakeItRain,ShadowBall,NastyPlot,Protect|Modest|||||50|]Rotom-Wash||Leftovers|Levitate|HydroPump,VoltSwitch,WillOWisp,Protect|Calm|||||50|]Aerodactyl||Aerodactylite|RockHead|RockSlide,DualWingbeat,Tailwind,Protect|Jolly||F|||50|
|showteam|p2|Tyranitar||Tyranitarite|SandStream|RockSlide,KnockOff,LowKick,Protect|Adamant||M|||50|]Excadrill||FocusSash|SandRush|HighHorsepower,IronHead,RockSlide,Protect|Adamant||F|||50|]Staraptor||Staraptite|Intimidate|BraveBird,CloseCombat,Tailwind,Protect|Jolly||F|||50|]Milotic||SitrusBerry|Competitive|Scald,IceBeam,Recover,Protect|Modest||F|||50|]Gholdengo||LifeOrb|GoodasGold|MakeItRain,ShadowBall,NastyPlot,Protect|Modest|||||50|]Sinistcha-Masterpiece||ColburBerry|Hospitality|MatchaGotcha,RagePowder,TrickRoom,Protect|Relaxed|||||50|
|inactive|Battle timer is ON: inactive players will automatically lose when time's up. (requested by Gen4lover2)
|inactive|GS Barnabe has 60 seconds left.
|
|t:|1785849193
|teamsize|p1|4
|teamsize|p2|4
|start
|switch|p1a: Garchomp|Garchomp, L50, M|100/100
|switch|p1b: Rotom|Rotom-Wash, L50|100/100
|switch|p2a: Staraptor|Staraptor, L50, F|100/100
|switch|p2b: Gholdengo|Gholdengo, L50|100/100
|-ability|p2a: Staraptor|Intimidate|boost
|-unboost|p1a: Garchomp|atk|1
|-unboost|p1b: Rotom|atk|1
|turn|1
|
|t:|1785849213
|switch|p2a: Sinistcha|Sinistcha-Masterpiece, L50|100/100
|switch|p2b: Milotic|Milotic, L50, F|100/100
|detailschange|p1a: Garchomp|Garchomp-Mega, L50, M
|-mega|p1a: Garchomp|Garchomp|Garchompite
|move|p1a: Garchomp|Earth Power|p2b: Milotic
|-damage|p2b: Milotic|62/100
|move|p1b: Rotom|Will-O-Wisp|p2a: Sinistcha
|-status|p2a: Sinistcha|brn
|
|-damage|p2a: Sinistcha|93/100 brn|[from] brn
|upkeep
|turn|2
|
|t:|1785849236
|move|p1a: Garchomp|Protect|p1a: Garchomp
|-singleturn|p1a: Garchomp|Protect
|move|p1b: Rotom|Volt Switch|p2b: Milotic
|-supereffective|p2b: Milotic|1
|-crit|p2b: Milotic
|-damage|p2b: Milotic|0 fnt
|faint|p2b: Milotic
|
|t:|1785849244
|switch|p1b: Gholdengo|Gholdengo, L50|100/100|[from] Volt Switch
|move|p2a: Sinistcha|Matcha Gotcha|p1b: Gholdengo|[spread] p1b
|-activate|p1a: Garchomp|move: Protect
|-resisted|p1b: Gholdengo|1
|-damage|p1b: Gholdengo|88/100
|-heal|p2a: Sinistcha|100/100 brn|[from] drain|[of] p1b: Gholdengo
|
|-damage|p2a: Sinistcha|93/100 brn|[from] brn
|upkeep
|
|t:|1785849262
|switch|p2b: Gholdengo|Gholdengo, L50|100/100
|turn|3
|inactive|GS Barnabe has 30 seconds left.
|
|t:|1785849291
|move|p2b: Gholdengo|Protect|p2b: Gholdengo
|-singleturn|p2b: Gholdengo|Protect
|move|p1a: Garchomp|Earth Power|p2b: Gholdengo
|-activate|p2b: Gholdengo|move: Protect
|move|p1b: Gholdengo|Shadow Ball|p2a: Sinistcha
|-supereffective|p2a: Sinistcha|1
|-damage|p2a: Sinistcha|0 fnt
|faint|p2a: Sinistcha
|-damage|p1b: Gholdengo|78/100|[from] item: Life Orb
|
|upkeep
|
|t:|1785849304
|switch|p2a: Staraptor|Staraptor, L50, F|100/100
|-ability|p2a: Staraptor|Intimidate|boost
|-unboost|p1a: Garchomp|atk|1
|-unboost|p1b: Gholdengo|atk|1
|turn|4
|
|t:|1785849322
|detailschange|p2a: Staraptor|Staraptor-Mega, L50, F
|-mega|p2a: Staraptor|Staraptor|Staraptite
|move|p2a: Staraptor|Close Combat|p1a: Garchomp
|-damage|p1a: Garchomp|48/100
|-boost|p2a: Staraptor|def|1
|-boost|p2a: Staraptor|spd|1
|move|p1a: Garchomp|Earth Power|p2b: Gholdengo
|-supereffective|p2b: Gholdengo|1
|-damage|p2b: Gholdengo|0 fnt
|faint|p2b: Gholdengo
|move|p1b: Gholdengo|Nasty Plot|p1b: Gholdengo
|-boost|p1b: Gholdengo|spa|2
|
|upkeep
|turn|5
|inactive|GS Barnabe has 30 seconds left.
|
|t:|1785849348
|move|p2a: Staraptor|Close Combat|p1a: Garchomp
|-damage|p1a: Garchomp|0 fnt
|-boost|p2a: Staraptor|def|1
|-boost|p2a: Staraptor|spd|1
|faint|p1a: Garchomp
|move|p1b: Gholdengo|Make It Rain|p2a: Staraptor
|-damage|p2a: Staraptor|19/100
|-unboost|p1b: Gholdengo|spa|2
|-damage|p1b: Gholdengo|69/100|[from] item: Life Orb
|
|upkeep
|
|t:|1785849360
|switch|p1a: Tyranitar|Tyranitar, L50, F|100/100
|-weather|Sandstorm|[from] ability: Sand Stream|[of] p1a: Tyranitar
|turn|6
|-message|Gen4lover2 forfeited.
|
|win|GS Barnabe
|raw|GS Barnabe's rating: 1248 → 1277(+29 for winning)
|raw|Gen4lover2's rating: 1297 → 1268(-29 for losing)
|l|☆Gen4lover2
|player|p2|
