|j|☆sparekrow
|j|☆ming0mang0
|html|sparekrowming0mang0    
|uhtml|bestof|Game 3 of a best-of-3
|t:|1757109327
|gametype|doubles
|player|p1|sparekrow|169|1069
|player|p2|ming0mang0|harlequin|1121
|gen|9
|tier|[Gen 9] VGC 2025 Reg H (Bo3)
|rated|
|rule|Species Clause: Limit one of each Pokémon
|rule|Item Clause: Limit 1 of each item
|clearpoke
|poke|p1|Politoed, L50, M|
|poke|p1|Gothitelle, L50, F|
|poke|p1|Incineroar, L50, M|
|poke|p1|Amoonguss, L50, M|
|poke|p1|Kingdra, L50, F|
|poke|p1|Archaludon, L50, F|
|poke|p2|Excadrill, L50, F|
|poke|p2|Tyranitar, L50, F|
|poke|p2|Sneasler, L50, M|
|poke|p2|Indeedee, L50, M|
|poke|p2|Corviknight, L50, F|
|poke|p2|Annihilape, L50, F|
|teampreview|4
|showteam|p1|Politoed||Leftovers|Drizzle|Protect,WeatherBall,PerishSong,Encore|||M|||50|,,,,,Grass]Gothitelle||SitrusBerry|ShadowTag|Protect,Psychic,FakeOut,TrickRoom|||F|||50|,,,,,Dark]Incineroar||SafetyGoggles|Intimidate|Protect,KnockOff,FakeOut,PartingShot|||M|||50|,,,,,Ghost]Amoonguss||EjectButton|Regenerator|Protect,RagePowder,PollenPuff,Spore|||M|||50|,,,,,Fairy]Kingdra||LifeOrb|SwiftSwim|Protect,WeatherBall,DracoMeteor,MuddyWater|||F|||50|,,,,,Stellar]Archaludon||PowerHerb|Sturdy|Protect,ElectroShot,DragonPulse,FlashCannon|||F|||50|,,,,,Electric
|showteam|p2|Excadrill||FocusSash|SandRush|IronHead,HighHorsepower,Earthquake,Protect|||F|||50|,,,,,Stellar]Tyranitar||AssaultVest|SandStream|RockSlide,KnockOff,TeraBlast,LowKick|||F|||50|,,,,,Flying]Sneasler||PsychicSeed|Unburden|DireClaw,CloseCombat,ThroatChop,Protect|||M|||50|,,,,,Dark]Indeedee||ChoiceScarf|PsychicSurge|ExpandingForce,TeraBlast,Protect,Trick|||M|||50|,,,,,Psychic]Corviknight||Leftovers|MirrorArmor|BulkUp,BraveBird,Roost,Tailwind|||F|||50|,,,,,Dragon]Annihilape||SafetyGoggles|Defiant|CloseCombat,FinalGambit,RageFist,Taunt|||F|||50|,,,,,Water
|inactive|Battle timer is ON: inactive players will automatically lose when time's up. (requested by sparekrow)
|inactive|sparekrow has 60 seconds left.
|inactive|ming0mang0 has 60 seconds left.
|inactive|ming0mang0 has 30 seconds left.
|inactive|ming0mang0 has 20 seconds left.
|inactive|ming0mang0 has 15 seconds left.
|
|t:|1757109407
|teamsize|p1|4
|teamsize|p2|4
|start
|switch|p1a: Gothitelle|Gothitelle, L50, F|100/100
|switch|p1b: Kingdra|Kingdra, L50, F|100/100
|switch|p2a: Tyranitar|Tyranitar, L50, F|100/100
|switch|p2b: Annihilape|Annihilape, L50, F|100/100
|-weather|Sandstorm|[from] ability: Sand Stream|[of] p2a: Tyranitar
|turn|1
|inactive|sparekrow has 30 seconds left.
|inactive|ming0mang0 has 30 seconds left.
|inactive|ming0mang0 has 20 seconds left.
|inactive|ming0mang0 has 15 seconds left.
|inactive|ming0mang0 has 10 seconds left.
|inactive|ming0mang0 has 5 seconds left.
|
|t:|1757109459
|switch|p2b: Excadrill|Excadrill, L50, F|100/100
|switch|p1a: Politoed|Politoed, L50, M|100/100
|-weather|RainDance|[from] ability: Drizzle|[of] p1a: Politoed
|-terastallize|p1b: Kingdra|Stellar
|move|p1b: Kingdra|Weather Ball|p2b: Excadrill
|-supereffective|p2b: Excadrill
|-enditem|p2b: Excadrill|Focus Sash
|-damage|p2b: Excadrill|1/100
|-damage|p1b: Kingdra|91/100|[from] item: Life Orb
|move|p2a: Tyranitar|Knock Off|p1b: Kingdra
|-damage|p1b: Kingdra|22/100
|-enditem|p1b: Kingdra|Life Orb|[from] move: Knock Off|[of] p2a: Tyranitar
|
|-weather|RainDance|[upkeep]
|upkeep
|turn|2
|inactive|sparekrow has 30 seconds left.
|inactive|ming0mang0 has 30 seconds left.
|
|t:|1757109491
|switch|p2a: Corviknight|Corviknight, L50, F, shiny|100/100
|move|p2b: Excadrill|Protect|p2b: Excadrill
|-singleturn|p2b: Excadrill|Protect
|move|p1b: Kingdra|Muddy Water|p2a: Corviknight|[spread] p2a
|-activate|p2b: Excadrill|move: Protect
|-damage|p2a: Corviknight|55/100
|move|p1a: Politoed|Weather Ball|p2a: Corviknight
|-damage|p2a: Corviknight|10/100
|
|-weather|RainDance|[upkeep]
|-heal|p2a: Corviknight|16/100|[from] item: Leftovers
|upkeep
|turn|3
|inactive|sparekrow has 30 seconds left.
|inactive|ming0mang0 has 30 seconds left.
|inactive|ming0mang0 has 20 seconds left.
|inactive|sparekrow has 20 seconds left.
|inactive|ming0mang0 has 15 seconds left.
|inactive|sparekrow has 15 seconds left.
|inactive|ming0mang0 has 10 seconds left.
|
|t:|1757109539
|switch|p2a: Tyranitar|Tyranitar, L50, F|100/100
|-weather|Sandstorm|[from] ability: Sand Stream|[of] p2a: Tyranitar
|move|p2b: Excadrill|High Horsepower|p1b: Kingdra|[miss]
|-miss|p2b: Excadrill|p1b: Kingdra
|move|p1b: Kingdra|Muddy Water|p2a: Tyranitar|[spread] p2b
|-miss|p1b: Kingdra|p2a: Tyranitar
|-supereffective|p2b: Excadrill
|-damage|p2b: Excadrill|0 fnt
|faint|p2b: Excadrill
|move|p1a: Politoed|Weather Ball|p2a: Tyranitar
|-damage|p2a: Tyranitar|91/100
|
|-weather|Sandstorm|[upkeep]
|-damage|p1b: Kingdra|16/100|[from] Sandstorm
|-damage|p1a: Politoed|94/100|[from] Sandstorm
|-heal|p1a: Politoed|100/100|[from] item: Leftovers
|upkeep
|inactive|ming0mang0 has 30 seconds left.
|
|t:|1757109573
|switch|p2b: Annihilape|Annihilape, L50, F|100/100
|turn|4
|inactive|ming0mang0 has 30 seconds left.
|inactive|sparekrow has 30 seconds left.
|inactive|ming0mang0 has 20 seconds left.
|inactive|ming0mang0 has 15 seconds left.
|
|t:|1757109614
|move|p2b: Annihilape|Rage Fist|p1b: Kingdra
|-damage|p1b: Kingdra|0 fnt
|faint|p1b: Kingdra
|move|p2a: Tyranitar|Knock Off|p1a: Politoed
|-damage|p1a: Politoed|46/100
|-enditem|p1a: Politoed|Leftovers|[from] move: Knock Off|[of] p2a: Tyranitar
|move|p1a: Politoed|Perish Song|p1a: Politoed
|-start|p1a: Politoed|perish3|[silent]
|-start|p2a: Tyranitar|perish3|[silent]
|-start|p2b: Annihilape|perish3|[silent]
|-fieldactivate|move: Perish Song
|
|-weather|Sandstorm|[upkeep]
|-damage|p1a: Politoed|40/100|[from] Sandstorm
|-start|p2b: Annihilape|perish3
|-start|p2a: Tyranitar|perish3
|-start|p1a: Politoed|perish3
|upkeep
|
|t:|1757109626
|switch|p1b: Gothitelle|Gothitelle, L50, F|100/100
|turn|5
|inactive|ming0mang0 has 30 seconds left.
|inactive|sparekrow has 30 seconds left.
|inactive|ming0mang0 has 20 seconds left.
|inactive|ming0mang0 has 15 seconds left.
|inactive|ming0mang0 has 10 seconds left.
|inactive|ming0mang0 has 5 seconds left.
|
|t:|1757109679
|move|p1b: Gothitelle|Fake Out|p2a: Tyranitar
|-resisted|p2a: Tyranitar
|-damage|p2a: Tyranitar|89/100
|move|p2b: Annihilape|Taunt|p1a: Politoed
|-start|p1a: Politoed|move: Taunt
|cant|p2a: Tyranitar|flinch
|cant|p1a: Politoed|move: Taunt|Perish Song
|
|-weather|Sandstorm|[upkeep]
|-damage|p1a: Politoed|33/100|[from] Sandstorm
|-damage|p1b: Gothitelle|94/100|[from] Sandstorm
|-start|p2b: Annihilape|perish2
|-start|p2a: Tyranitar|perish2
|-start|p1a: Politoed|perish2
|upkeep
|turn|6
|inactive|ming0mang0 has 30 seconds left.
|
|t:|1757109708
|switch|p2b: Corviknight|Corviknight, L50, F, shiny|16/100
|switch|p1a: Amoonguss|Amoonguss, L50, M|100/100
|move|p1b: Gothitelle|Protect|p1b: Gothitelle
|-singleturn|p1b: Gothitelle|Protect
|move|p2a: Tyranitar|Knock Off|p1b: Gothitelle
|-activate|p1b: Gothitelle|move: Protect
|
|-weather|Sandstorm|[upkeep]
|-damage|p1b: Gothitelle|88/100|[from] Sandstorm
|-damage|p1a: Amoonguss|95/100|[from] Sandstorm
|-heal|p2b: Corviknight|22/100|[from] item: Leftovers
|-start|p2a: Tyranitar|perish1
|upkeep
|turn|7
|inactive|sparekrow has 30 seconds left.
|inactive|ming0mang0 has 30 seconds left.
|
|t:|1757109743
|move|p1a: Amoonguss|Rage Powder|p1a: Amoonguss
|-singleturn|p1a: Amoonguss|move: Rage Powder
|move|p2a: Tyranitar|Knock Off|p1a: Amoonguss
|-damage|p1a: Amoonguss|53/100
|-enditem|p1a: Amoonguss|Eject Button|[from] move: Knock Off|[of] p2a: Tyranitar
|move|p2b: Corviknight|Roost|p2b: Corviknight
|-heal|p2b: Corviknight|72/100
|-singleturn|p2b: Corviknight|move: Roost
|move|p1b: Gothitelle|Trick Room|p1b: Gothitelle
|-fieldstart|move: Trick Room|[of] p1b: Gothitelle
|
|-weather|none
|-heal|p2b: Corviknight|78/100|[from] item: Leftovers
|-start|p2a: Tyranitar|perish0
|faint|p2a: Tyranitar
|upkeep
|
|t:|1757109757
|switch|p2a: Annihilape|Annihilape, L50, F|100/100
|turn|8
|inactive|sparekrow has 30 seconds left.
|inactive|sparekrow has 20 seconds left.
|inactive|ming0mang0 has 30 seconds left.
|inactive|sparekrow has 15 seconds left.
|inactive|ming0mang0 has 20 seconds left.
|inactive|ming0mang0 has 15 seconds left.
|inactive|ming0mang0 has 10 seconds left.
|
|t:|1757109812
|-terastallize|p2a: Annihilape|Water
|move|p1a: Amoonguss|Spore|p2b: Corviknight
|-status|p2b: Corviknight|slp|[from] move: Spore
|move|p1b: Gothitelle|Psychic|p2b: Corviknight
|-resisted|p2b: Corviknight
|-damage|p2b: Corviknight|63/100 slp
|cant|p2b: Corviknight|slp
|move|p2a: Annihilape|Taunt|p1a: Amoonguss
|-start|p1a: Amoonguss|move: Taunt
|
|-heal|p2b: Corviknight|69/100 slp|[from] item: Leftovers
|upkeep
|turn|9
|inactive|ming0mang0 has 30 seconds left.
|inactive|ming0mang0 has 20 seconds left.
|inactive|ming0mang0 has 15 seconds left.
|
|t:|1757109854
|switch|p1b: Politoed|Politoed, L50, M|33/100
|-weather|RainDance|[from] ability: Drizzle|[of] p1b: Politoed
|move|p1a: Amoonguss|Pollen Puff|p1b: Politoed
|-heal|p1b: Politoed|83/100
|cant|p2b: Corviknight|slp
|move|p2a: Annihilape|Rage Fist|p1b: Politoed
|-damage|p1b: Politoed|60/100
|
|-weather|RainDance|[upkeep]
|-heal|p2b: Corviknight|75/100 slp|[from] item: Leftovers
|upkeep
|turn|10
|inactive|ming0mang0 has 25 seconds left this turn.
|inactive|ming0mang0 has 20 seconds left.
|inactive|ming0mang0 has 15 seconds left.
|inactive|ming0mang0 has 10 seconds left.
|inactive|ming0mang0 has 5 seconds left.
|
|t:|1757109877
|switch|p1a: Gothitelle|Gothitelle, L50, F|88/100
|-curestatus|p2b: Corviknight|slp|[msg]
|move|p2b: Corviknight|Roost|p2b: Corviknight
|-heal|p2b: Corviknight|100/100
|-singleturn|p2b: Corviknight|move: Roost
|move|p1b: Politoed|Perish Song|p1b: Politoed
|-start|p1a: Gothitelle|perish3|[silent]
|-start|p1b: Politoed|perish3|[silent]
|-start|p2a: Annihilape|perish3|[silent]
|-start|p2b: Corviknight|perish3|[silent]
|-fieldactivate|move: Perish Song
|move|p2a: Annihilape|Rage Fist|p1b: Politoed
|-damage|p1b: Politoed|40/100
|
|-weather|RainDance|[upkeep]
|-start|p1a: Gothitelle|perish3
|-start|p2b: Corviknight|perish3
|-start|p1b: Politoed|perish3
|-start|p2a: Annihilape|perish3
|upkeep
|turn|11
|inactive|ming0mang0 has 5 seconds left this turn.
|-message|ming0mang0 lost due to inactivity.
|
|win|sparekrow
|raw|sparekrow's rating: 1069 → 1103(+34 for winning)
|raw|ming0mang0's rating: 1121 → 1092(-29 for losing)
|l|☆sparekrow
|player|p1|
