|j|☆TreTrainer5252
|j|☆mrdevinegg
|html|TreTrainer5252mrdevinegg    
|uhtml|bestof|Game 2 of a best-of-3
|t:|1756835073
|gametype|doubles
|player|p1|TreTrainer5252|linebacker|1068
|player|p2|mrdevinegg|266|1000
|gen|9
|tier|[Gen 9] VGC 2025 Reg H (Bo3)
|rated|
|rule|Species Clause: Limit one of each Pokémon
|rule|Item Clause: Limit 1 of each item
|clearpoke
|poke|p1|Maushold-Four, L50|
|poke|p1|Primarina, L50, F|
|poke|p1|Archaludon, L50, F|
|poke|p1|Annihilape, L50, M|
|poke|p1|Amoonguss, L50, M|
|poke|p1|Incineroar, L50, M|
|poke|p2|Exeggutor-Alola, L50, F|
|poke|p2|Torkoal, L50, M|
|poke|p2|Rillaboom, L50, F|
|poke|p2|Incineroar, L50, M|
|poke|p2|Amoonguss, L50, F|
|teampreview|4
|showteam|p1|Maushold-Four||FocusSash|FriendGuard|BeatUp,Protect,FollowMe,PopulationBomb||||||50|,,,,,Ghost]Primarina||ThroatSpray|LiquidVoice|Haze,Protect,Moonblast,HyperVoice|||F|||50|,,,,,Grass]Archaludon||PowerHerb|Stamina|Snarl,BodyPress,ElectroShot,FlashCannon|||F|||50|,,,,,Fairy]Annihilape||Leftovers|Defiant|Protect,RageFist,DrainPunch,FinalGambit|||M|||50|,,,,,Fire]Amoonguss||SitrusBerry|Regenerator|Spore,Protect,PollenPuff,RagePowder|||M|||50|,,,,,Water]Incineroar||AssaultVest|Intimidate|Uturn,KnockOff,FlareBlitz,FakeOut|||M|||50|,,,,,Grass
|showteam|p2|Exeggutor-Alola||SitrusBerry|Harvest|TrickRoom,GigaDrain,DragonPulse,SolarBeam|||F|||50|,,,,,Water]Torkoal|||Drought|Protect,BodyPress,Overheat,Eruption|||M|||50|,,,,,Fire]Rillaboom||AssaultVest|Overgrow|GrassyGlide,FakeOut,DrumBeating,BrickBreak|||F|||50|,,,,,Grass]Incineroar||SafetyGoggles|Intimidate|FlareBlitz,PartingShot,FakeOut,KnockOff|||M|||50|,,,,,Fire]Amoonguss||MentalHerb|Regenerator|RagePowder,Protect,Spore,PollenPuff|||F|||50|,,,,,Grass
|inactive|Battle timer is ON: inactive players will automatically lose when time's up. (requested by TreTrainer5252)
|
|t:|1756835102
|teamsize|p1|4
|teamsize|p2|4
|start
|switch|p1a: Reunion|Maushold-Four, L50|100/100
|switch|p1b: Pazoo|Annihilape, L50, M, shiny|100/100
|switch|p2a: Exeggutor|Exeggutor-Alola, L50, F|100/100
|switch|p2b: Amoonguss|Amoonguss, L50, F|100/100
|turn|1
|inactive|TreTrainer5252 has 30 seconds left.
|inactive|mrdevinegg has 30 seconds left.
|inactive|mrdevinegg has 20 seconds left.
|inactive|mrdevinegg has 15 seconds left.
|
|t:|1756835146
|-terastallize|p1b: Pazoo|Fire
|move|p2b: Amoonguss|Rage Powder|p2b: Amoonguss
|-singleturn|p2b: Amoonguss|move: Rage Powder
|move|p1a: Reunion|Population Bomb|p2b: Amoonguss
|-damage|p2b: Amoonguss|95/100
|-damage|p2b: Amoonguss|89/100
|-damage|p2b: Amoonguss|83/100
|-damage|p2b: Amoonguss|77/100
|-damage|p2b: Amoonguss|71/100
|-damage|p2b: Amoonguss|65/100
|-damage|p2b: Amoonguss|60/100
|-damage|p2b: Amoonguss|54/100
|-hitcount|p2b: Amoonguss|8
|move|p1b: Pazoo|Rage Fist|p2b: Amoonguss
|-damage|p2b: Amoonguss|31/100
|move|p2a: Exeggutor|Trick Room|p2a: Exeggutor
|-fieldstart|move: Trick Room|[of] p2a: Exeggutor
|
|upkeep
|turn|2
|inactive|mrdevinegg has 30 seconds left.
|inactive|mrdevinegg has 20 seconds left.
|inactive|mrdevinegg has 15 seconds left.
|inactive|mrdevinegg has 10 seconds left.
|
|t:|1756835193
|move|p1b: Pazoo|Protect|p1b: Pazoo
|-singleturn|p1b: Pazoo|Protect
|move|p2b: Amoonguss|Spore|p1a: Reunion
|-status|p1a: Reunion|slp|[from] move: Spore
|move|p2a: Exeggutor|Dragon Pulse|p1b: Pazoo
|-activate|p1b: Pazoo|move: Protect
|cant|p1a: Reunion|slp
|
|upkeep
|turn|3
|
|t:|1756835215
|switch|p1b: Massacre|Incineroar, L50, M, shiny|100/100
|-ability|p1b: Massacre|Intimidate|boost
|-unboost|p2a: Exeggutor|atk|1
|-unboost|p2b: Amoonguss|atk|1
|move|p2b: Amoonguss|Spore|p1b: Massacre
|-status|p1b: Massacre|slp|[from] move: Spore
|move|p2a: Exeggutor|Dragon Pulse|p1a: Reunion
|-damage|p1a: Reunion|49/100 slp
|cant|p1a: Reunion|slp
|
|upkeep
|turn|4
|
|t:|1756835235
|switch|p2b: Torkoal|Torkoal, L50, M|100/100
|-weather|SunnyDay|[from] ability: Drought|[of] p2b: Torkoal
|move|p2a: Exeggutor|Solar Beam||[still]
|-prepare|p2a: Exeggutor|Solar Beam
|-anim|p2a: Exeggutor|Solar Beam|p1a: Reunion
|-damage|p1a: Reunion|0 fnt
|faint|p1a: Reunion
|cant|p1b: Massacre|slp
|
|-weather|SunnyDay|[upkeep]
|upkeep
|
|t:|1756835246
|switch|p1a: Pazoo|Annihilape, L50, M, shiny, tera:Fire|100/100
|turn|5
|
|t:|1756835260
|-terastallize|p2a: Exeggutor|Water
|move|p2b: Torkoal|Protect|p2b: Torkoal
|-singleturn|p2b: Torkoal|Protect
|move|p2a: Exeggutor|Dragon Pulse|p1a: Pazoo
|-damage|p1a: Pazoo|65/100
|cant|p1b: Massacre|slp
|move|p1a: Pazoo|Rage Fist|p2b: Torkoal
|-activate|p2b: Torkoal|move: Protect
|
|-weather|SunnyDay|[upkeep]
|-heal|p1a: Pazoo|71/100|[from] item: Leftovers
|-fieldend|move: Trick Room
|upkeep
|turn|6
|inactive|mrdevinegg has 30 seconds left.
|inactive|mrdevinegg has 20 seconds left.
|
|t:|1756835298
|switch|p2b: Incineroar|Incineroar, L50, M|100/100
|-ability|p2b: Incineroar|Intimidate|boost
|-unboost|p1a: Pazoo|atk|1
|-ability|p1a: Pazoo|Defiant|boost
|-boost|p1a: Pazoo|atk|2
|-unboost|p1b: Massacre|atk|1
|move|p1a: Pazoo|Rage Fist|p2b: Incineroar
|-resisted|p2b: Incineroar
|-damage|p2b: Incineroar|71/100
|cant|p1b: Massacre|slp
|move|p2a: Exeggutor|Dragon Pulse|p1b: Massacre
|-damage|p1b: Massacre|71/100 slp
|
|-weather|SunnyDay|[upkeep]
|-heal|p1a: Pazoo|77/100|[from] item: Leftovers
|upkeep
|turn|7
|inactive|mrdevinegg has 30 seconds left.
|
|t:|1756835330
|move|p1a: Pazoo|Protect|p1a: Pazoo
|-singleturn|p1a: Pazoo|Protect
|move|p2b: Incineroar|Fake Out|p1b: Massacre
|-damage|p1b: Massacre|58/100 slp
|-curestatus|p1b: Massacre|slp|[msg]
|cant|p1b: Massacre|flinch
|move|p2a: Exeggutor|Trick Room|p2a: Exeggutor
|-fieldstart|move: Trick Room|[of] p2a: Exeggutor
|
|-weather|SunnyDay|[upkeep]
|-heal|p1a: Pazoo|83/100|[from] item: Leftovers
|upkeep
|turn|8
|inactive|mrdevinegg has 30 seconds left.
|
|t:|1756835359
|move|p2a: Exeggutor|Dragon Pulse|p1b: Massacre
|-damage|p1b: Massacre|31/100
|move|p1b: Massacre|Knock Off|p2a: Exeggutor
|-crit|p2a: Exeggutor
|-damage|p2a: Exeggutor|19/100
|-enditem|p2a: Exeggutor|Sitrus Berry|[from] move: Knock Off|[of] p1b: Massacre
|move|p2b: Incineroar|Parting Shot|p1b: Massacre
|-unboost|p1b: Massacre|atk|1
|-unboost|p1b: Massacre|spa|1
|
|t:|1756835370
|switch|p2b: Torkoal|Torkoal, L50, M|100/100|[from] Parting Shot
|move|p1a: Pazoo|Drain Punch|p2b: Torkoal
|-damage|p2b: Torkoal|73/100
|-heal|p1a: Pazoo|95/100|[from] drain|[of] p2b: Torkoal
|
|-weather|none
|-heal|p1a: Pazoo|100/100|[from] item: Leftovers
|upkeep
|turn|9
|inactive|mrdevinegg has 30 seconds left.
|
|t:|1756835398
|move|p2b: Torkoal|Body Press|p1b: Massacre
|-supereffective|p1b: Massacre
|-damage|p1b: Massacre|0 fnt
|faint|p1b: Massacre
|move|p2a: Exeggutor|Giga Drain|p1a: Pazoo
|-resisted|p1a: Pazoo
|-damage|p1a: Pazoo|85/100
|-heal|p2a: Exeggutor|29/100|[from] drain|[of] p1a: Pazoo
|move|p1a: Pazoo|Rage Fist|p2b: Torkoal
|-damage|p2b: Torkoal|15/100
|
|-heal|p1a: Pazoo|91/100|[from] item: Leftovers
|upkeep
|
|t:|1756835410
|switch|p1b: Seeyuh|Primarina, L50, F, shiny|100/100
|turn|10
|
|t:|1756835422
|move|p2b: Torkoal|Protect|p2b: Torkoal
|-singleturn|p2b: Torkoal|Protect
|move|p1b: Seeyuh|Protect|p1b: Seeyuh
|-singleturn|p1b: Seeyuh|Protect
|move|p2a: Exeggutor|Giga Drain|p1b: Seeyuh
|-activate|p1b: Seeyuh|move: Protect
|move|p1a: Pazoo|Rage Fist|p2a: Exeggutor
|-damage|p2a: Exeggutor|0 fnt
|faint|p2a: Exeggutor
|
|-heal|p1a: Pazoo|98/100|[from] item: Leftovers
|upkeep
|
|t:|1756835436
|switch|p2a: Amoonguss|Amoonguss, L50, F|64/100
|turn|11
|
|t:|1756835451
|switch|p2b: Incineroar|Incineroar, L50, M|71/100
|-ability|p2b: Incineroar|Intimidate|boost
|-unboost|p1a: Pazoo|atk|1
|-ability|p1a: Pazoo|Defiant|boost
|-boost|p1a: Pazoo|atk|2
|-unboost|p1b: Seeyuh|atk|1
|move|p2a: Amoonguss|Spore|p1a: Pazoo
|-status|p1a: Pazoo|slp|[from] move: Spore
|move|p1b: Seeyuh|Hyper Voice|p2a: Amoonguss|[spread] p2a,p2b
|-resisted|p2a: Amoonguss
|-supereffective|p2b: Incineroar
|-damage|p2a: Amoonguss|53/100
|-damage|p2b: Incineroar|8/100
|-enditem|p1b: Seeyuh|Throat Spray
|-boost|p1b: Seeyuh|spa|1|[from] item: Throat Spray
|cant|p1a: Pazoo|slp
|
|-heal|p1a: Pazoo|100/100 slp|[from] item: Leftovers
|-fieldend|move: Trick Room
|upkeep
|turn|12
|-message|mrdevinegg forfeited.
|
|win|TreTrainer5252
|raw|TreTrainer5252's rating: 1068 → 1092(+24 for winning)
|raw|mrdevinegg's rating: 1000 → 1000(+0 for losing)
|l|☆mrdevinegg
|player|p2|
