|j|☆Trainer208
|j|☆Olly457
|html|Trainer208Olly457    
|uhtml|bestof|Game 1 of a best-of-3
|t:|1756756972
|gametype|doubles
|player|p1|Trainer208|gambler|1000
|player|p2|Olly457|unknown|1053
|gen|9
|tier|[Gen 9] VGC 2025 Reg H (Bo3)
|rated|
|rule|Species Clause: Limit one of each Pokémon
|rule|Item Clause: Limit 1 of each item
|clearpoke
|poke|p1|Garganacl, L50, M|
|poke|p1|Scovillain, L50, M|
|poke|p1|Minior, L50|
|poke|p1|Kommo-o, L50, M|
|poke|p1|Spiritomb, L50, M|
|poke|p1|Charjabug, L50, M|
|poke|p2|Ursaluna, L50, F|
|poke|p2|Amoonguss, L50, M|
|poke|p2|Porygon2, L50|
|poke|p2|Incineroar, L50, M|
|poke|p2|Gholdengo, L50|
|poke|p2|Mienshao, L50, M|
|teampreview|4
|showteam|p1|Garganacl||RockyHelmet|PurifyingSalt|SaltCure,IcePunch,Recover,WideGuard|||M|||50|,,,,,Ghost]Scovillain||Leftovers|Moody|Flamethrower,GigaDrain,RagePowder,Protect|||M|||50|,,,,,Grass]Minior||PowerHerb|ShieldsDown|MeteorBeam,EarthPower,DazzlingGleam,ShellSmash||||||50|,,,,,Ground]Kommo-o||MagoBerry|Soundproof|ClangingScales,FlashCannon,DrainPunch,ClangorousSoul|||M|||50|,,,,,Steel]Spiritomb||WikiBerry|Infiltrator|Snarl,Psychic,HelpingHand,AllySwitch|||M|||50|,,,,,Psychic]Charjabug||Eviolite|Battery|Lunge,WildCharge,Electroweb,Protect|||M|||50|,,,,,Electric
|showteam|p2|Ursaluna||FlameOrb|Guts|Protect,Facade,HeadlongRush,Substitute|||F|||50|,,,,,Ghost]Amoonguss||CovertCloak|Regenerator|RagePowder,ClearSmog,PollenPuff,Spore|||M|||50|,,,,,Electric]Porygon2||Eviolite|Download|Recover,TeraBlast,IceBeam,TrickRoom||||||50|,,,,,Fighting]Incineroar||AssaultVest|Intimidate|Uturn,FlareBlitz,KnockOff,FakeOut|||M|||50|,,,,,Grass]Gholdengo||LifeOrb|GoodasGold|Protect,MakeItRain,ShadowBall,NastyPlot||||||50|,,,,,Water]Mienshao||FocusSash|InnerFocus|CloseCombat,KnockOff,IceSpinner,WideGuard|||M|||50|,,,,,Stellar
|inactive|Battle timer is ON: inactive players will automatically lose when time's up. (requested by Olly457)
|
|t:|1756757021
|teamsize|p1|4
|teamsize|p2|4
|start
|switch|p1a: Garganacl|Garganacl, L50, M|100/100
|switch|p1b: Spiritomb|Spiritomb, L50, M|100/100
|switch|p2a: Incineroar|Incineroar, L50, M, shiny|100/100
|switch|p2b: Porygon2|Porygon2, L50, shiny|100/100
|-ability|p2a: Incineroar|Intimidate|boost
|-unboost|p1a: Garganacl|atk|1
|-unboost|p1b: Spiritomb|atk|1
|-ability|p2b: Porygon2|Download|boost
|-boost|p2b: Porygon2|spa|1
|turn|1
|inactive|Trainer208 has 30 seconds left.
|
|t:|1756757050
|move|p2a: Incineroar|Knock Off|p1b: Spiritomb
|-damage|p1b: Spiritomb|57/100
|-enditem|p1b: Spiritomb|Wiki Berry|[from] move: Knock Off|[of] p2a: Incineroar
|move|p2b: Porygon2|Ice Beam|p1b: Spiritomb
|-damage|p1b: Spiritomb|16/100
|-status|p1b: Spiritomb|frz
|move|p1a: Garganacl|Salt Cure|p2b: Porygon2
|-damage|p2b: Porygon2|94/100
|-start|p2b: Porygon2|Salt Cure
|cant|p1b: Spiritomb|frz
|
|-damage|p2b: Porygon2|82/100|[from] Salt Cure
|upkeep
|turn|2
|inactive|Trainer208 has 30 seconds left.
|inactive|Trainer208 has 20 seconds left.
|
|t:|1756757085
|switch|p2b: Ursaluna|Ursaluna, L50, F, shiny|100/100
|cant|p1b: Spiritomb|frz
|move|p2a: Incineroar|Knock Off|p1a: Garganacl
|-damage|p1a: Garganacl|77/100
|-damage|p2a: Incineroar|84/100|[from] item: Rocky Helmet|[of] p1a: Garganacl
|-enditem|p1a: Garganacl|Rocky Helmet|[from] move: Knock Off|[of] p2a: Incineroar
|move|p1a: Garganacl|Salt Cure|p2a: Incineroar
|-supereffective|p2a: Incineroar
|-damage|p2a: Incineroar|65/100
|-start|p2a: Incineroar|Salt Cure
|
|-damage|p2a: Incineroar|53/100|[from] Salt Cure
|-status|p2b: Ursaluna|brn|[from] item: Flame Orb
|upkeep
|turn|3
|inactive|Trainer208 has 30 seconds left.
|inactive|Trainer208 has 20 seconds left.
|inactive|Trainer208 has 15 seconds left.
|
|t:|1756757129
|cant|p1b: Spiritomb|frz
|move|p2a: Incineroar|U-turn|p1b: Spiritomb
|-damage|p1b: Spiritomb|0 fnt
|faint|p1b: Spiritomb
|
|t:|1756757134
|switch|p2a: Porygon2|Porygon2, L50, shiny|82/100|[from] U-turn
|-ability|p2a: Porygon2|Download|boost
|-boost|p2a: Porygon2|spa|1
|move|p1a: Garganacl|Ice Punch|p2b: Ursaluna
|-supereffective|p2b: Ursaluna
|-damage|p2b: Ursaluna|82/100 brn
|move|p2b: Ursaluna|Substitute|p2b: Ursaluna
|-start|p2b: Ursaluna|Substitute
|-damage|p2b: Ursaluna|57/100 brn
|
|-damage|p2b: Ursaluna|51/100 brn|[from] brn
|upkeep
|
|t:|1756757151
|switch|p1b: Kommo-o|Kommo-o, L50, M|100/100
|turn|4
|inactive|Trainer208 has 30 seconds left.
|
|t:|1756757177
|move|p1b: Kommo-o|Drain Punch|p2a: Porygon2
|-supereffective|p2a: Porygon2
|-damage|p2a: Porygon2|50/100
|move|p1a: Garganacl|Salt Cure|p2a: Porygon2
|-damage|p2a: Porygon2|44/100
|-start|p2a: Porygon2|Salt Cure
|move|p2b: Ursaluna|Facade|p1b: Kommo-o
|-damage|p1b: Kommo-o|0 fnt
|faint|p1b: Kommo-o
|move|p2a: Porygon2|Trick Room|p2a: Porygon2
|-fieldstart|move: Trick Room|[of] p2a: Porygon2
|
|-damage|p2b: Ursaluna|45/100 brn|[from] brn
|-damage|p2a: Porygon2|32/100|[from] Salt Cure
|upkeep
|
|t:|1756757190
|switch|p1b: Minior|Minior, L50|100/100
|-formechange|p1b: Minior|Minior-Meteor||[from] ability: Shields Down
|turn|5
|inactive|Trainer208 has 30 seconds left.
|
|t:|1756757217
|move|p2b: Ursaluna|Headlong Rush|p1a: Garganacl
|-supereffective|p1a: Garganacl
|-damage|p1a: Garganacl|0 fnt
|-unboost|p2b: Ursaluna|def|1
|-unboost|p2b: Ursaluna|spd|1
|faint|p1a: Garganacl
|move|p2a: Porygon2|Ice Beam|p1b: Minior
|-supereffective|p1b: Minior
|-damage|p1b: Minior|11/100
|move|p1b: Minior|Dazzling Gleam|p2b: Ursaluna|[spread] p2a,p2b
|-activate|p2b: Ursaluna|move: Substitute|[damage]
|-damage|p2a: Porygon2|23/100
|
|-damage|p2b: Ursaluna|39/100 brn|[from] brn
|-damage|p2a: Porygon2|11/100|[from] Salt Cure
|-formechange|p1b: Minior|Minior||[from] ability: Shields Down
|upkeep
|turn|6
|
|t:|1756757234
|move|p2b: Ursaluna|Facade|p1b: Minior
|-resisted|p1b: Minior
|-damage|p1b: Minior|0 fnt
|faint|p1b: Minior
|
|win|Olly457
||Trainer208 is ready for game 2.
||Olly457 is ready for game 2.
|uhtml|next|Next: Game 2 of 3
