|j|☆enyelvgc
|j|☆M4tty02
|html|enyelvgcM4tty02    
|uhtml|bestof|Game 2 of a best-of-3
|t:|1757231064
|gametype|doubles
|player|p1|enyelvgc|2|1115
|player|p2|M4tty02|emmet|1089
|gen|9
|tier|[Gen 9] VGC 2025 Reg H (Bo3)
|rated|
|rule|Species Clause: Limit one of each Pokémon
|rule|Item Clause: Limit 1 of each item
|clearpoke
|poke|p1|Kingambit, L50, F|
|poke|p1|Pelipper, L50, F|
|poke|p1|Basculegion, L50, M|
|poke|p1|Maushold, L50|
|poke|p1|Archaludon, L50, F|
|poke|p1|Dragonite, L50, M|
|poke|p2|Porygon2, L50|
|poke|p2|Ursaluna, L50, F|
|poke|p2|Torkoal, L50, F|
|poke|p2|Farigiraf, L50, M|
|poke|p2|Incineroar, L50, F|
|poke|p2|Rillaboom, L50, M|
|teampreview|4
|showteam|p1|Kingambit||LifeOrb|Defiant|SuckerPunch,IronHead,KowtowCleave,Protect|||F|||50|,,,,,Bug]Pelipper||FocusSash|Drizzle|Hurricane,WeatherBall,Tailwind,Protect|||F|||50|,,,,,Ghost]Basculegion||ClearAmulet|SwiftSwim|Protect,WaveCrash,AquaJet,LastRespects|||M|||50|,,,,,Water]Maushold||WideLens|Technician|PopulationBomb,Encore,Taunt,Protect||||||50|,,,,,Ghost]Archaludon||AssaultVest|Stamina|ElectroShot,DragonPulse,FlashCannon,BodyPress|||F|||50|,,,,,Bug]Dragonite||LoadedDice|Multiscale|ScaleShot,Tailwind,Haze,Protect|||M|||50|,,,,,Dragon
|showteam|p2|Porygon2||Eviolite|Download|TeraBlast,ShadowBall,TrickRoom,Recover||||||50|,,,,,Electric]Ursaluna||FlameOrb|Guts|SwordsDance,Facade,HeadlongRush,Protect|||F|||50|,,,,,Ghost]Torkoal||Charcoal|Drought|Eruption,HeatWave,EarthPower,Protect|||F|||50|,,,,,Fire]Farigiraf||SafetyGoggles|ArmorTail|Psychic,HyperVoice,HelpingHand,TrickRoom|||M|||50|,,,,,Fairy]Incineroar||SitrusBerry|Intimidate|FakeOut,FlareBlitz,DarkestLariat,PartingShot|||F|||50|,,,,,Water]Rillaboom||AssaultVest|GrassySurge|FakeOut,GrassyGlide,WoodHammer,Uturn|||M|||50|,,,,,Fire
|inactive|Battle timer is ON: inactive players will automatically lose when time's up. (requested by M4tty02)
|inactive|enyelvgc has 60 seconds left.
|inactive|enyelvgc has 30 seconds left.
|inactive|enyelvgc has 20 seconds left.
|inactive|enyelvgc has 15 seconds left.
|inactive|enyelvgc has 10 seconds left.
|
|t:|1757231176
|teamsize|p1|4
|teamsize|p2|4
|start
|switch|p1a: Maushold|Maushold, L50|100/100
|switch|p1b: Kingambit|Kingambit, L50, F|100/100
|switch|p2a: Porygon2|Porygon2, L50, shiny|100/100
|switch|p2b: Rillaboom|Rillaboom, L50, M, shiny|100/100
|-fieldstart|move: Grassy Terrain|[from] ability: Grassy Surge|[of] p2b: Rillaboom
|-ability|p2a: Porygon2|Download|boost
|-boost|p2a: Porygon2|spa|1
|turn|1
|inactive|M4tty02 has 30 seconds left.
|inactive|M4tty02 has 20 seconds left.
|
|t:|1757231212
|move|p1a: Maushold|Protect|p1a: Maushold
|-singleturn|p1a: Maushold|Protect
|move|p1b: Kingambit|Protect|p1b: Kingambit
|-singleturn|p1b: Kingambit|Protect
|move|p2b: Rillaboom|Fake Out|p1b: Kingambit
|-activate|p1b: Kingambit|move: Protect
|move|p2a: Porygon2|Tera Blast|p1a: Maushold
|-activate|p1a: Maushold|move: Protect
|
|upkeep
|turn|2
|inactive|enyelvgc has 30 seconds left.
|inactive|M4tty02 has 30 seconds left.
|
|t:|1757231240
|move|p1a: Maushold|Population Bomb|p2a: Porygon2
|-damage|p2a: Porygon2|96/100
|-damage|p2a: Porygon2|91/100
|-damage|p2a: Porygon2|86/100
|-damage|p2a: Porygon2|82/100
|-damage|p2a: Porygon2|77/100
|-damage|p2a: Porygon2|72/100
|-hitcount|p2a: Porygon2|6
|move|p2b: Rillaboom|U-turn|p1a: Maushold
|-damage|p1a: Maushold|68/100
|
|t:|1757231255
|switch|p2b: Ursaluna|Ursaluna, L50, F, shiny|100/100|[from] U-turn
|move|p1b: Kingambit|Kowtow Cleave|p2a: Porygon2
|-damage|p2a: Porygon2|35/100
|-damage|p1b: Kingambit|91/100|[from] item: Life Orb
|move|p2a: Porygon2|Tera Blast|p1a: Maushold
|-damage|p1a: Maushold|8/100
|
|-heal|p1a: Maushold|14/100|[from] Grassy Terrain
|-heal|p1b: Kingambit|97/100|[from] Grassy Terrain
|-heal|p2a: Porygon2|42/100|[from] Grassy Terrain
|-status|p2b: Ursaluna|brn|[from] item: Flame Orb
|upkeep
|turn|3
|inactive|M4tty02 has 30 seconds left.
|inactive|M4tty02 has 20 seconds left.
|
|t:|1757231292
|switch|p2a: Rillaboom|Rillaboom, L50, M, shiny|100/100
|-terastallize|p1b: Kingambit|Bug
|move|p2b: Ursaluna|Protect|p2b: Ursaluna
|-singleturn|p2b: Ursaluna|Protect
|move|p1a: Maushold|Population Bomb|p2b: Ursaluna
|-activate|p2b: Ursaluna|move: Protect
|move|p1b: Kingambit|Kowtow Cleave|p2b: Ursaluna
|-activate|p2b: Ursaluna|move: Protect
|
|-heal|p1a: Maushold|20/100|[from] Grassy Terrain
|-heal|p1b: Kingambit|100/100|[from] Grassy Terrain
|-damage|p2b: Ursaluna|95/100 brn|[from] brn
|upkeep
|turn|4
|inactive|enyelvgc has 30 seconds left.
|inactive|M4tty02 has 30 seconds left.
|inactive|M4tty02 has 20 seconds left.
|
|t:|1757231328
|switch|p1a: Pelipper|Pelipper, L50, F|100/100
|-weather|RainDance|[from] ability: Drizzle|[of] p1a: Pelipper
|switch|p2b: Porygon2|Porygon2, L50, shiny|42/100
|-ability|p2b: Porygon2|Download|boost
|-boost|p2b: Porygon2|spa|1
|move|p2a: Rillaboom|U-turn|p2b: Porygon2
|-damage|p2b: Porygon2|30/100
|
|t:|1757231339
|switch|p2a: Torkoal|Torkoal, L50, F, shiny|100/100|[from] U-turn
|-weather|SunnyDay|[from] ability: Drought|[of] p2a: Torkoal
|move|p1b: Kingambit|Kowtow Cleave|p2b: Porygon2
|-crit|p2b: Porygon2
|-damage|p2b: Porygon2|0 fnt
|faint|p2b: Porygon2
|-damage|p1b: Kingambit|91/100|[from] item: Life Orb
|
|-weather|SunnyDay|[upkeep]
|-heal|p1b: Kingambit|97/100|[from] Grassy Terrain
|upkeep
|
|t:|1757231353
|switch|p2b: Ursaluna|Ursaluna, L50, F, shiny|95/100 brn
|turn|5
|inactive|enyelvgc has 30 seconds left.
|
|t:|1757231380
|switch|p1a: Dragonite|Dragonite, L50, M|100/100
|move|p1b: Kingambit|Protect|p1b: Kingambit
|-singleturn|p1b: Kingambit|Protect
|move|p2b: Ursaluna|Facade|p1a: Dragonite
|-damage|p1a: Dragonite|29/100
|move|p2a: Torkoal|Eruption|p1b: Kingambit|[spread] p1a
|-activate|p1b: Kingambit|move: Protect
|-resisted|p1a: Dragonite
|-damage|p1a: Dragonite|0 fnt
|faint|p1a: Dragonite
|
|-weather|SunnyDay|[upkeep]
|-heal|p1b: Kingambit|100/100|[from] Grassy Terrain
|-heal|p2b: Ursaluna|100/100 brn|[from] Grassy Terrain
|-damage|p2b: Ursaluna|95/100 brn|[from] brn
|-fieldend|move: Grassy Terrain
|upkeep
|
|t:|1757231399
|switch|p1a: Pelipper|Pelipper, L50, F|100/100
|-weather|RainDance|[from] ability: Drizzle|[of] p1a: Pelipper
|turn|6
|
|t:|1757231413
|switch|p2b: Rillaboom|Rillaboom, L50, M, shiny|100/100
|-fieldstart|move: Grassy Terrain|[from] ability: Grassy Surge|[of] p2b: Rillaboom
|move|p2a: Torkoal|Protect|p2a: Torkoal
|-singleturn|p2a: Torkoal|Protect
|move|p1a: Pelipper|Hurricane|p2a: Torkoal
|-activate|p2a: Torkoal|move: Protect
|move|p1b: Kingambit|Kowtow Cleave|p2a: Torkoal
|-activate|p2a: Torkoal|move: Protect
|
|-weather|RainDance|[upkeep]
|upkeep
|turn|7
|inactive|M4tty02 has 30 seconds left.
|
|t:|1757231441
|switch|p1a: Maushold|Maushold, L50|20/100
|switch|p2a: Ursaluna|Ursaluna, L50, F, shiny|95/100 brn
|move|p1b: Kingambit|Protect|p1b: Kingambit
|-singleturn|p1b: Kingambit|Protect
|move|p2b: Rillaboom|Fake Out|p1a: Maushold
|-crit|p1a: Maushold
|-damage|p1a: Maushold|0 fnt
|faint|p1a: Maushold
|
|-weather|RainDance|[upkeep]
|-heal|p2a: Ursaluna|100/100 brn|[from] Grassy Terrain
|-damage|p2a: Ursaluna|95/100 brn|[from] brn
|upkeep
|
|t:|1757231452
|switch|p1a: Pelipper|Pelipper, L50, F|100/100
|turn|8
|
|t:|1757231468
|switch|p2b: Torkoal|Torkoal, L50, F, shiny|100/100
|-weather|SunnyDay|[from] ability: Drought|[of] p2b: Torkoal
|move|p1a: Pelipper|Weather Ball|p2a: Ursaluna
|-crit|p2a: Ursaluna
|-damage|p2a: Ursaluna|48/100 brn
|move|p1b: Kingambit|Kowtow Cleave|p2a: Ursaluna
|-damage|p2a: Ursaluna|0 fnt
|faint|p2a: Ursaluna
|-damage|p1b: Kingambit|91/100|[from] item: Life Orb
|
|-weather|SunnyDay|[upkeep]
|-heal|p1b: Kingambit|97/100|[from] Grassy Terrain
|upkeep
|
|t:|1757231480
|switch|p2a: Rillaboom|Rillaboom, L50, M, shiny|100/100
|turn|9
|
|t:|1757231496
|-terastallize|p2b: Torkoal|Fire
|move|p1a: Pelipper|Protect|p1a: Pelipper
|-singleturn|p1a: Pelipper|Protect
|move|p1b: Kingambit|Protect|p1b: Kingambit
|-singleturn|p1b: Kingambit|Protect
|move|p2a: Rillaboom|Fake Out|p1a: Pelipper
|-activate|p1a: Pelipper|move: Protect
|move|p2b: Torkoal|Eruption|p1b: Kingambit|[spread] 
|-activate|p1a: Pelipper|move: Protect
|-activate|p1b: Kingambit|move: Protect
|
|-weather|SunnyDay|[upkeep]
|-heal|p1b: Kingambit|100/100|[from] Grassy Terrain
|upkeep
|turn|10
|
|t:|1757231510
|move|p2a: Rillaboom|Grassy Glide|p1a: Pelipper
|-damage|p1a: Pelipper|66/100
|move|p1a: Pelipper|Weather Ball|p2b: Torkoal
|-resisted|p2b: Torkoal
|-damage|p2b: Torkoal|80/100
|move|p1b: Kingambit|Kowtow Cleave|p2b: Torkoal
|-damage|p2b: Torkoal|28/100
|-damage|p1b: Kingambit|91/100|[from] item: Life Orb
|move|p2b: Torkoal|Eruption|p1a: Pelipper|[spread] p1a,p1b
|-resisted|p1a: Pelipper
|-supereffective|p1b: Kingambit
|-crit|p1b: Kingambit
|-damage|p1a: Pelipper|43/100
|-damage|p1b: Kingambit|1/100
|
|-weather|SunnyDay|[upkeep]
|-heal|p1b: Kingambit|7/100|[from] Grassy Terrain
|-heal|p2b: Torkoal|34/100|[from] Grassy Terrain
|-fieldend|move: Grassy Terrain
|upkeep
|turn|11
|inactive|enyelvgc has 30 seconds left.
|inactive|M4tty02 has 30 seconds left.
|inactive|enyelvgc has 20 seconds left.
|
|t:|1757231551
|move|p2b: Torkoal|Protect|p2b: Torkoal
|-singleturn|p2b: Torkoal|Protect
|move|p1b: Kingambit|Sucker Punch||[still]
|-fail|p1b: Kingambit
|move|p1a: Pelipper|Weather Ball|p2a: Rillaboom
|-supereffective|p2a: Rillaboom
|-damage|p2a: Rillaboom|59/100
|move|p2a: Rillaboom|Wood Hammer|p1b: Kingambit
|-resisted|p1b: Kingambit
|-damage|p1b: Kingambit|0 fnt
|faint|p1b: Kingambit
|-damage|p2a: Rillaboom|57/100|[from] Recoil
|
|-weather|SunnyDay|[upkeep]
|upkeep
|turn|12
|
|t:|1757231566
|move|p1a: Pelipper|Weather Ball|p2a: Rillaboom
|-supereffective|p2a: Rillaboom
|-damage|p2a: Rillaboom|9/100
|move|p2a: Rillaboom|Wood Hammer|p1a: Pelipper
|-damage|p1a: Pelipper|0 fnt
|faint|p1a: Pelipper
|-damage|p2a: Rillaboom|0 fnt|[from] Recoil
|faint|p2a: Rillaboom
|
|win|M4tty02
|raw|enyelvgc's rating: 1115 → 1088(-27 for losing)
|raw|M4tty02's rating: 1089 → 1118(+29 for winning)
|l|☆enyelvgc
|player|p1|
