|j|☆blizzardspamming
|j|☆Doc Pain
|html|blizzardspammingDoc Pain    
|uhtml|bestof|Game 3 of a best-of-3
|t:|1784046105
|gametype|doubles
|player|p1|blizzardspamming|clair|1281
|player|p2|Doc Pain|waiter-gen4dp|1287
|gen|9
|tier|[Gen 9 Champions] VGC 2026 Reg M-B (Bo3)
|rated|
|rule|Species Clause: Limit one of each Pokémon
|rule|Item Clause: Limit 1 of each item
|clearpoke
|poke|p1|Gengar, L50, F|
|poke|p1|Ninetales-Alola, L50, F|
|poke|p1|Incineroar, L50, M|
|poke|p1|Palafin, L50, F|
|poke|p1|Sneasler, L50, M|
|poke|p1|Hydreigon, L50, M|
|poke|p2|Delphox, L50, M|
|poke|p2|Sneasler, L50, M|
|poke|p2|Incineroar, L50, M|
|poke|p2|Sinistcha, L50|
|poke|p2|Maushold-Four, L50|
|poke|p2|Blastoise, L50, M|
|teampreview|4
|showteam|p1|Gengar||Gengarite|CursedBody|ShadowBall,SludgeBomb,Disable,Protect|Modest||F|||50|]Ninetales-Alola||OccaBerry|SnowWarning|Blizzard,FreezeDry,Encore,Protect|Timid||F|||50|]Incineroar||SitrusBerry|Intimidate|FakeOut,FlareBlitz,DarkestLariat,PartingShot|Sassy||M|||50|]Palafin||MysticWater|ZerotoHero|JetPunch,WaveCrash,CloseCombat,Protect|Careful||F|||50|]Sneasler||FocusSash|PoisonTouch|FakeOut,CloseCombat,DireClaw,QuickGuard|Jolly||M|||50|]Hydreigon||LifeOrb|Levitate|DracoMeteor,DarkPulse,EarthPower,Protect|Modest||M|||50|
|showteam|p2|Delphox||Delphoxite|Blaze|HeatWave,Psyshock,NastyPlot,Protect|Timid||M|||50|]Sneasler||FocusSash|PoisonTouch|CloseCombat,PoisonJab,FakeOut,QuickGuard|Jolly||M|||50|]Incineroar||SitrusBerry|Intimidate|FlareBlitz,ThroatChop,FakeOut,PartingShot|Impish||M|||50|]Sinistcha||OccaBerry|Hospitality|MatchaGotcha,RagePowder,LifeDew,Protect|Bold|||||50|]Maushold-Four||ChopleBerry|FriendGuard|FollowMe,Feint,HelpingHand,Protect|Impish|||||50|]Blastoise||Blastoisinite|RainDish|WaterSpout,DarkPulse,ShellSmash,Protect|Modest||M|||50|
|inactive|Battle timer is ON: inactive players will automatically lose when time's up. (requested by Doc Pain)
|inactive|Doc Pain has 60 seconds left.
|
|t:|1784046135
|teamsize|p1|4
|teamsize|p2|4
|start
|switch|p1a: Incineroar|Incineroar, L50, M|100/100
|switch|p1b: Hydreigon|Hydreigon, L50, M|100/100
|switch|p2a: Sneasler|Sneasler, L50, M|100/100
|switch|p2b: Incineroar|Incineroar, L50, M|100/100
|-ability|p2b: Incineroar|Intimidate|boost
|-unboost|p1a: Incineroar|atk|1
|-unboost|p1b: Hydreigon|atk|1
|-ability|p1a: Incineroar|Intimidate|boost
|-unboost|p2a: Sneasler|atk|1
|-unboost|p2b: Incineroar|atk|1
|turn|1
|
|t:|1784046149
|switch|p1a: Gengar|Gengar, L50, F|100/100
|move|p1b: Hydreigon|Protect|p1b: Hydreigon
|-singleturn|p1b: Hydreigon|Protect
|move|p2b: Incineroar|Fake Out|p1a: Gengar
|-immune|p1a: Gengar
|move|p2a: Sneasler|Close Combat|p1a: Gengar
|-immune|p1a: Gengar
|
|upkeep
|turn|2
|
|t:|1784046163
|switch|p1b: Incineroar|Incineroar, L50, M|100/100
|-ability|p1b: Incineroar|Intimidate|boost
|-unboost|p2a: Sneasler|atk|1
|-unboost|p2b: Incineroar|atk|1
|detailschange|p1a: Gengar|Gengar-Mega, L50, F
|-mega|p1a: Gengar|Gengar|Gengarite
|move|p2a: Sneasler|Close Combat|p1b: Incineroar
|-supereffective|p1b: Incineroar|1
|-damage|p1b: Incineroar|49/100
|-unboost|p2a: Sneasler|def|1
|-unboost|p2a: Sneasler|spd|1
|-enditem|p1b: Incineroar|Sitrus Berry|[eat]
|-heal|p1b: Incineroar|74/100|[from] item: Sitrus Berry
|move|p1a: Gengar|Shadow Ball|p2a: Sneasler
|-enditem|p2a: Sneasler|Focus Sash
|-damage|p2a: Sneasler|1/100
|move|p2b: Incineroar|Throat Chop|p1a: Gengar
|-supereffective|p1a: Gengar|1
|-damage|p1a: Gengar|66/100
|-start|p1a: Gengar|Throat Chop|[silent]
|
|upkeep
|turn|3
|inactive|blizzardspamming has 30 seconds left.
|inactive|Doc Pain has 30 seconds left.
|inactive|blizzardspamming has 20 seconds left.
|
|t:|1784046199
|move|p2a: Sneasler|Quick Guard|p2a: Sneasler
|-singleturn|p2a: Sneasler|Quick Guard
|move|p1b: Incineroar|Fake Out|p2b: Incineroar
|-activate|p2b: Incineroar|move: Quick Guard
|move|p1a: Gengar|Shadow Ball|p2a: Sneasler
|-damage|p2a: Sneasler|0 fnt
|faint|p2a: Sneasler
|move|p2b: Incineroar|Throat Chop|p1a: Gengar
|-supereffective|p1a: Gengar|1
|-damage|p1a: Gengar|30/100
|
|-end|p1a: Gengar|Throat Chop|[silent]
|upkeep
|
|t:|1784046214
|switch|p2a: Maushold|Maushold-Four, L50|100/100
|turn|4
|
|t:|1784046224
|switch|p1a: Hydreigon|Hydreigon, L50, M|100/100
|move|p2a: Maushold|Protect|p2a: Maushold
|-singleturn|p2a: Maushold|Protect
|move|p2b: Incineroar|Parting Shot|p1b: Incineroar
|-unboost|p1b: Incineroar|atk|1
|-unboost|p1b: Incineroar|spa|1
|
|t:|1784046231
|switch|p2b: Delphox|Delphox, L50, M|100/100|[from] Parting Shot
|move|p1b: Incineroar|Parting Shot|p2b: Delphox
|-unboost|p2b: Delphox|atk|1
|-unboost|p2b: Delphox|spa|1
|
|t:|1784046239
|switch|p1b: Sneasler|Sneasler, L50, M|100/100|[from] Parting Shot
|
|upkeep
|turn|5
|
|t:|1784046255
|switch|p2a: Incineroar|Incineroar, L50, M|100/100
|-ability|p2a: Incineroar|Intimidate|boost
|-unboost|p1a: Hydreigon|atk|1
|-unboost|p1b: Sneasler|atk|1
|detailschange|p2b: Delphox|Delphox-Mega, L50, M
|-mega|p2b: Delphox|Delphox|Delphoxite
|move|p2b: Delphox|Protect|p2b: Delphox
|-singleturn|p2b: Delphox|Protect
|move|p1b: Sneasler|Fake Out|p2a: Incineroar
|-damage|p2a: Incineroar|92/100
|move|p1a: Hydreigon|Dark Pulse|p2a: Incineroar
|-resisted|p2a: Incineroar|1
|-damage|p2a: Incineroar|64/100
|-damage|p1a: Hydreigon|90/100|[from] item: Life Orb
|
|upkeep
|turn|6
|
|t:|1784046272
|move|p1b: Sneasler|Quick Guard|p1b: Sneasler
|-singleturn|p1b: Sneasler|Quick Guard
|move|p2a: Incineroar|Fake Out|p1a: Hydreigon
|-activate|p1a: Hydreigon|move: Quick Guard
|move|p2b: Delphox|Nasty Plot|p2b: Delphox
|-boost|p2b: Delphox|spa|2
|move|p1a: Hydreigon|Dark Pulse|p2b: Delphox
|-supereffective|p2b: Delphox|1
|-damage|p2b: Delphox|0 fnt
|faint|p2b: Delphox
|-damage|p1a: Hydreigon|80/100|[from] item: Life Orb
|
|upkeep
|-message|Doc Pain forfeited.
|
|win|blizzardspamming
|raw|blizzardspamming's rating: 1281 → 1306(+25 for winning)
|raw|Doc Pain's rating: 1287 → 1262(-25 for losing)
|l|☆Doc Pain
|player|p2|
