|j|☆a9106174
|j|☆strye
|html|a9106174strye    
|uhtml|bestof|Game 1 of a best-of-3
|t:|1786199309
|gametype|doubles
|player|p1|a9106174|1|
|player|p2|strye|102|
|gen|9
|tier|[Gen 9 Champions] VGC 2026 Reg M-B (Bo3)
|rule|Species Clause: Limit one of each Pokémon
|rule|Item Clause: Limit 1 of each item
|clearpoke
|poke|p1|Garchomp, L50, M|
|poke|p1|Talonflame, L50, F|
|poke|p1|Maushold, L50|
|poke|p1|Kingambit, L50, F|
|poke|p1|Raichu, L50, F|
|poke|p1|Sylveon, L50, F|
|poke|p2|Blaziken, L50, M, shiny|
|poke|p2|Kingambit, L50, F, shiny|
|poke|p2|Basculegion, L50, M, shiny|
|poke|p2|Sylveon, L50, F, shiny|
|poke|p2|Aerodactyl, L50, F, shiny|
|poke|p2|Farigiraf, L50, F, shiny|
|teampreview|4
|showteam|p1|Garchomp||SitrusBerry|RoughSkin|DragonClaw,Earthquake,RockSlide,Protect|Adamant||M|||50|]Talonflame||Charcoal|GaleWings|Overheat,QuickGuard,Tailwind,Protect|Timid||F|||50|]Maushold||WideLens|Technician|PopulationBomb,Protect,FollowMe,Feint|Jolly|||||50|]Kingambit||FocusSash|Defiant|KowtowCleave,IronHead,SuckerPunch,Protect|Jolly||F|||50|]Raichu||RaichuniteY|LightningRod|FocusBlast,FakeOut,ZapCannon,Protect|Timid||F|||50|]Sylveon||FairyFeather|Pixilate|HyperVoice,HyperBeam,Detect,QuickAttack|Modest||F|||50|
|showteam|p2|Blaziken||Blazikenite|SpeedBoost|FlareBlitz,CloseCombat,RockSlide,Detect|Adamant||M|||50|]Kingambit||LifeOrb|Defiant|KowtowCleave,SuckerPunch,IronHead,Protect|Adamant||F|||50|]Basculegion||FocusSash|Adaptability|Liquidation,AquaJet,LastRespects,Protect|Adamant||M|||50|]Sylveon||FairyFeather|Pixilate|HyperVoice,HyperBeam,QuickAttack,Protect|Modest||F|||50|]Aerodactyl||Aerodactylite|Unnerve|RockSlide,DualWingbeat,IceFang,Tailwind|Jolly||F|||50|]Farigiraf||ColburBerry|ArmorTail|TwinBeam,Thunderbolt,Roar,TrickRoom|Bold||F|||50|
|c|☆a9106174|請多指教
|c|☆a9106174|要直接開始嗎 哈哈
|c|☆strye|喔喔喔
|j| mirrorer
|c|☆strye|我先丟一下
|j| yingziw2
|j| winsomelosealot
|l| winsomelosealot
|c|☆strye|你準備好跟我說
|c|☆a9106174|可以 那我開始倒數
|inactive|Battle timer is ON: inactive players will automatically lose when time's up. (requested by a9106174)
|j| FongSC
|j| 86test
|inactive|a9106174 has 60 seconds left.
|inactive|strye has 60 seconds left.
|j| winsomelosealot
|inactive|a9106174 has 30 seconds left.
|j| kao liang
|inactive|a9106174 has 20 seconds left.
|j| slaking-champions
|inactive|a9106174 has 15 seconds left.
|
|t:|1786199507
|teamsize|p1|4
|teamsize|p2|4
|start
|switch|p1a: Maushold|Maushold, L50|100/100
|switch|p1b: Raichu|Raichu, L50, F|100/100
|switch|p2a: Aerodactyl|Aerodactyl, L50, F, shiny|100/100
|switch|p2b: Sylveon|Sylveon, L50, F, shiny|100/100
|-ability|p2a: Aerodactyl|Unnerve
|turn|1
|inactive|strye has 30 seconds left.
|j| goodryan2630
|
|t:|1786199542
|detailschange|p2a: Aerodactyl|Aerodactyl-Mega, L50, F, shiny
|-mega|p2a: Aerodactyl|Aerodactyl|Aerodactylite
|detailschange|p1b: Raichu|Raichu-Mega-Y, L50, F
|-mega|p1b: Raichu|Raichu|Raichunite Y
|move|p2b: Sylveon|Protect|p2b: Sylveon
|-singleturn|p2b: Sylveon|Protect
|move|p2a: Aerodactyl|Rock Slide|p1a: Maushold|[spread] p1b
|-miss|p2a: Aerodactyl|p1a: Maushold
|-damage|p1b: Raichu|57/100
|cant|p1b: Raichu|flinch
|move|p1a: Maushold|Population Bomb|p2b: Sylveon
|-activate|p2b: Sylveon|move: Protect
|
|upkeep
|turn|2
|inactive|strye has 30 seconds left.
|l| mirrorer
|
|t:|1786199576
|move|p1b: Raichu|Protect|p1b: Raichu
|-singleturn|p1b: Raichu|Protect
|move|p2b: Sylveon|Quick Attack|p1b: Raichu
|-activate|p1b: Raichu|move: Protect
|move|p2a: Aerodactyl|Rock Slide|p1a: Maushold|[spread] p1a
|-activate|p1b: Raichu|move: Protect
|-damage|p1a: Maushold|59/100
|move|p1a: Maushold|Population Bomb|p2b: Sylveon
|-damage|p2b: Sylveon|86/100
|-damage|p2b: Sylveon|71/100
|-damage|p2b: Sylveon|58/100
|-damage|p2b: Sylveon|46/100
|-damage|p2b: Sylveon|32/100
|-damage|p2b: Sylveon|18/100
|-damage|p2b: Sylveon|5/100
|-damage|p2b: Sylveon|0 fnt
|faint|p2b: Sylveon
|-hitcount|p2: Sylveon|8
|
|upkeep
|j| Dororong
|
|t:|1786199595
|switch|p2b: Kingambit|Kingambit, L50, F, shiny|100/100
|turn|3
|j| mirrorer
|inactive|a9106174 has 30 seconds left.
|
|t:|1786199621
|move|p2b: Kingambit|Protect|p2b: Kingambit
|-singleturn|p2b: Kingambit|Protect
|move|p1a: Maushold|Follow Me|p1a: Maushold
|-singleturn|p1a: Maushold|move: Follow Me
|move|p2a: Aerodactyl|Rock Slide|p1a: Maushold|[spread] p1a,p1b
|-damage|p1a: Maushold|15/100
|-damage|p1b: Raichu|16/100
|cant|p1b: Raichu|flinch
|
|upkeep
|turn|4
|
|t:|1786199646
|move|p1a: Maushold|Protect|p1a: Maushold
|-singleturn|p1a: Maushold|Protect
|move|p2a: Aerodactyl|Rock Slide|p1b: Raichu|[spread] p1b
|-activate|p1a: Maushold|move: Protect
|-damage|p1b: Raichu|0 fnt
|faint|p1b: Raichu
|move|p2b: Kingambit|Kowtow Cleave|p1a: Maushold
|-activate|p1a: Maushold|move: Protect
|
|upkeep
|l| winsomelosealot
|
|t:|1786199660
|switch|p1b: Talonflame|Talonflame, L50, F|100/100
|turn|5
|j| winsomelosealot
|inactive|a9106174 has 30 seconds left.
|
|t:|1786199685
|move|p1b: Talonflame|Tailwind|p1b: Talonflame
|-sidestart|p1: a9106174|move: Tailwind
|move|p2b: Kingambit|Sucker Punch||[still]
|-fail|p2b: Kingambit
|move|p1a: Maushold|Population Bomb|p2b: Kingambit
|-resisted|p2b: Kingambit|1
|-damage|p2b: Kingambit|95/100
|-resisted|p2b: Kingambit|1
|-damage|p2b: Kingambit|91/100
|-resisted|p2b: Kingambit|1
|-damage|p2b: Kingambit|87/100
|-resisted|p2b: Kingambit|1
|-damage|p2b: Kingambit|82/100
|-resisted|p2b: Kingambit|1
|-damage|p2b: Kingambit|78/100
|-resisted|p2b: Kingambit|1
|-damage|p2b: Kingambit|73/100
|-resisted|p2b: Kingambit|1
|-damage|p2b: Kingambit|68/100
|-resisted|p2b: Kingambit|1
|-damage|p2b: Kingambit|64/100
|-resisted|p2b: Kingambit|1
|-damage|p2b: Kingambit|59/100
|-resisted|p2b: Kingambit|1
|-damage|p2b: Kingambit|55/100
|-hitcount|p2b: Kingambit|10
|move|p2a: Aerodactyl|Rock Slide|p1a: Maushold|[spread] p1a,p1b
|-supereffective|p1b: Talonflame|2
|-damage|p1a: Maushold|0 fnt
|-damage|p1b: Talonflame|0 fnt
|faint|p1a: Maushold
|faint|p1b: Talonflame
|
|upkeep
|inactive|a9106174 has 30 seconds left.
|
|t:|1786199711
|switch|p1b: Sylveon|Sylveon, L50, F|100/100
|turn|6
|
|t:|1786199729
|move|p2b: Kingambit|Protect|p2b: Kingambit
|-singleturn|p2b: Kingambit|Protect
|move|p2a: Aerodactyl|Tailwind|p2a: Aerodactyl
|-sidestart|p2: strye|move: Tailwind
|move|p1b: Sylveon|Hyper Voice|p2b: Kingambit|[spread] p2a
|-activate|p2b: Kingambit|move: Protect
|-damage|p2a: Aerodactyl|46/100
|
|upkeep
|turn|7
|
|t:|1786199741
|move|p1b: Sylveon|Detect|p1b: Sylveon
|-singleturn|p1b: Sylveon|Protect
|move|p2a: Aerodactyl|Dual Wingbeat|p1b: Sylveon
|-activate|p1b: Sylveon|move: Protect
|move|p2b: Kingambit|Iron Head|p1b: Sylveon
|-activate|p1b: Sylveon|move: Protect
|
|upkeep
|turn|8
|
|t:|1786199749
|move|p2a: Aerodactyl|Dual Wingbeat|p1b: Sylveon
|-damage|p1b: Sylveon|71/100
|-damage|p1b: Sylveon|42/100
|-hitcount|p1b: Sylveon|2
|move|p1b: Sylveon|Hyper Voice|p2a: Aerodactyl|[spread] p2a,p2b
|-damage|p2a: Aerodactyl|0 fnt
|-damage|p2b: Kingambit|3/100
|faint|p2a: Aerodactyl
|move|p2b: Kingambit|Iron Head|p1b: Sylveon
|-supereffective|p1b: Sylveon|1
|-crit|p1b: Sylveon
|-damage|p1b: Sylveon|0 fnt
|faint|p1b: Sylveon
|-damage|p2b: Kingambit|0 fnt|[from] item: Life Orb
|faint|p2b: Kingambit
|
|win|strye
|l| winsomelosealot
||strye is ready for game 2.
|inactive|a9106174 has 30 seconds to confirm battle start!
||a9106174 is ready for game 2.
|uhtml|next|Next: Game 2 of 3
|j| Napo777
|l| Dororong
|j| Dororong
|j| otenkoz
|j| roggenrola05019
|j| nanahachisan
|j| winsomelosealot
|l| yingziw2
|l| kao liang
|l| winsomelosealot
|l| Dororong
|j| kao liang
|l| mirrorer
|l| kao liang
|l| Napo777
|l| FongSC
|l| 86test
|l| otenkoz
|l|☆a9106174
|player|p1|
|j| yenjang
|j| FongSC
|l| FongSC
