|j|☆Arkoos2011
|j|☆vmnine
|html|Arkoos2011vmnine    
|uhtml|bestof|Game 2 of a best-of-3
|t:|1784876580
|gametype|doubles
|player|p1|Arkoos2011|266|1098
|player|p2|vmnine|hugh|1000
|gen|9
|tier|[Gen 9 Champions] VGC 2026 Reg M-B (Bo3)
|rated|
|rule|Species Clause: Limit one of each Pokémon
|rule|Item Clause: Limit 1 of each item
|clearpoke
|poke|p1|Floette-Eternal, L50, F|
|poke|p1|Sneasler, L50, F|
|poke|p1|Incineroar, L50, M|
|poke|p1|Raichu, L50, M|
|poke|p1|Sinistcha, L50|
|poke|p1|Talonflame, L50, M|
|poke|p2|Tsareena, L50, F|
|poke|p2|Garchomp, L50, M|
|poke|p2|Gardevoir, L50, F|
|poke|p2|Maushold, L50|
|poke|p2|Charizard, L50, F|
|poke|p2|Aerodactyl, L50, F|
|teampreview|4
|showteam|p1|Floette-Eternal||Floettite|FlowerVeil|DazzlingGleam,CalmMind,Protect,DrainingKiss|Modest||F|||50|]Sneasler||FocusSash|Unburden|CloseCombat,RockSlide,FakeOut,DireClaw|Adamant||F|||50|]Incineroar||SitrusBerry|Intimidate|FlareBlitz,DarkestLariat,FakeOut,HelpingHand|Adamant||M|||50|]Raichu||RaichuniteY|LightningRod|ZapCannon,FakeOut,Protect,FocusBlast|Timid||M|||50|]Sinistcha||OccaBerry|Hospitality|MatchaGotcha,ShadowBall,StrengthSap,RagePowder|Modest|||||50|]Talonflame||SharpBeak|GaleWings|DualWingbeat,Tailwind,Taunt,WillOWisp|Jolly||M|||50|
|showteam|p2|Tsareena||WideLens|QueenlyMajesty|TropKick,HighJumpKick,TripleAxel,Protect|Adamant||F|||50|]Garchomp||SitrusBerry|RoughSkin|RockSlide,DragonClaw,Earthquake,Protect|Jolly||M|||50|]Gardevoir||Gardevoirite|Synchronize|HyperVoice,Psyshock,ShadowBall,Protect|Timid||F|||50|]Maushold||LumBerry|FriendGuard|SuperFang,Taunt,FollowMe,Protect|Jolly|||||50|]Charizard||CharizarditeY|Blaze|HeatWave,SolarBeam,WeatherBall,Protect|Timid||F|||50|]Aerodactyl||FocusSash|Unnerve|DualWingbeat,RockSlide,Tailwind,WideGuard|Adamant||F|||50|
|inactive|Battle timer is ON: inactive players will automatically lose when time's up. (requested by Arkoos2011)
|inactive|vmnine has 60 seconds left.
|
|t:|1784876633
|teamsize|p1|4
|teamsize|p2|4
|start
|switch|p1a: Raichu|Raichu, L50, M|100/100
|switch|p1b: Monarch wings|Talonflame, L50, M|100/100
|switch|p2a: Tsareena|Tsareena, L50, F|100/100
|switch|p2b: Maushold|Maushold, L50|100/100
|turn|1
|inactive|vmnine has 30 seconds left.
|
|t:|1784876663
|detailschange|p1a: Raichu|Raichu-Mega-Y, L50, M
|-mega|p1a: Raichu|Raichu|Raichunite Y
|move|p2b: Maushold|Follow Me|p2b: Maushold
|-singleturn|p2b: Maushold|move: Follow Me
|move|p1b: Monarch wings|Tailwind|p1b: Monarch wings
|-sidestart|p1: Arkoos2011|move: Tailwind
|move|p1a: Raichu|Focus Blast|p2b: Maushold
|-supereffective|p2b: Maushold|1
|-damage|p2b: Maushold|0 fnt
|faint|p2b: Maushold
|move|p2a: Tsareena|Triple Axel|p1b: Monarch wings
|-damage|p1b: Monarch wings|90/100
|-damage|p1b: Monarch wings|71/100
|-damage|p1b: Monarch wings|45/100
|-hitcount|p1b: Monarch wings|3
|
|upkeep
|
|t:|1784876680
|switch|p2b: Garchomp|Garchomp, L50, M|100/100
|turn|2
|
|t:|1784876701
|move|p1a: Raichu|Protect|p1a: Raichu
|-singleturn|p1a: Raichu|Protect
|move|p1b: Monarch wings|Will-O-Wisp|p2b: Garchomp
|-status|p2b: Garchomp|brn
|move|p2b: Garchomp|Rock Slide|p1a: Raichu|[spread] p1b
|-activate|p1a: Raichu|move: Protect
|-supereffective|p1b: Monarch wings|2
|-damage|p1b: Monarch wings|0 fnt
|faint|p1b: Monarch wings
|move|p2a: Tsareena|High Jump Kick|p1a: Raichu
|-activate|p1a: Raichu|move: Protect
|-damage|p2a: Tsareena|50/100g|[from] highjumpkick
|
|-damage|p2b: Garchomp|93/100 brn|[from] brn
|upkeep
|
|t:|1784876715
|switch|p1b: Silk strong|Incineroar, L50, M|100/100
|-ability|p1b: Silk strong|Intimidate|boost
|-unboost|p2a: Tsareena|atk|1
|-unboost|p2b: Garchomp|atk|1
|turn|3
|
|t:|1784876728
|move|p1a: Raichu|Focus Blast|p2b: Garchomp
|-damage|p2b: Garchomp|39/100 brn
|-enditem|p2b: Garchomp|Sitrus Berry|[eat]
|-heal|p2b: Garchomp|63/100 brn|[from] item: Sitrus Berry
|move|p2b: Garchomp|Earthquake|p1a: Raichu|[spread] p2a,p1a,p1b
|-resisted|p2a: Tsareena|1
|-supereffective|p1a: Raichu|1
|-supereffective|p1b: Silk strong|1
|-damage|p2a: Tsareena|43/100
|-damage|p1a: Raichu|45/100
|-damage|p1b: Silk strong|76/100
|move|p1b: Silk strong|Flare Blitz|p2a: Tsareena
|-supereffective|p2a: Tsareena|1
|-damage|p2a: Tsareena|0 fnt
|faint|p2a: Tsareena
|-damage|p1b: Silk strong|65/100|[from] Recoil
|
|-damage|p2b: Garchomp|57/100 brn|[from] brn
|upkeep
|
|t:|1784876745
|switch|p2a: Aerodactyl|Aerodactyl, L50, F|100/100
|-ability|p2a: Aerodactyl|Unnerve
|turn|4
|
|t:|1784876756
|switch|p1b: Sinistcha|Sinistcha, L50|100/100
|-heal|p1a: Raichu|70/100|[from] ability: Hospitality|[of] p1b: Sinistcha
|move|p1a: Raichu|Zap Cannon|p2a: Aerodactyl
|-supereffective|p2a: Aerodactyl|1
|-enditem|p2a: Aerodactyl|Focus Sash
|-damage|p2a: Aerodactyl|1/100
|-status|p2a: Aerodactyl|par
|move|p2b: Garchomp|Earthquake|p1a: Raichu|[spread] p1a,p1b
|-immune|p2a: Aerodactyl
|-supereffective|p1a: Raichu|1
|-resisted|p1b: Sinistcha|1
|-damage|p1a: Raichu|21/100
|-damage|p1b: Sinistcha|93/100
|move|p2a: Aerodactyl|Tailwind|p2a: Aerodactyl
|-sidestart|p2: vmnine|move: Tailwind
|
|-damage|p2b: Garchomp|51/100 brn|[from] brn
|-sideend|p1: Arkoos2011|move: Tailwind
|upkeep
|turn|5
|
|t:|1784876781
|move|p2b: Garchomp|Earthquake|p1a: Raichu|[spread] p1a,p1b
|-immune|p2a: Aerodactyl
|-supereffective|p1a: Raichu|1
|-resisted|p1b: Sinistcha|1
|-damage|p1a: Raichu|0 fnt
|-damage|p1b: Sinistcha|87/100
|faint|p1a: Raichu
|move|p2a: Aerodactyl|Dual Wingbeat|p1b: Sinistcha
|-supereffective|p1b: Sinistcha|1
|-damage|p1b: Sinistcha|48/100
|-supereffective|p1b: Sinistcha|1
|-damage|p1b: Sinistcha|10/100
|-hitcount|p1b: Sinistcha|2
|move|p1b: Sinistcha|Strength Sap|p2b: Garchomp
|-unboost|p2b: Garchomp|atk|1
|-heal|p1b: Sinistcha|78/100
|
|-damage|p2b: Garchomp|45/100 brn|[from] brn
|upkeep
|
|t:|1784876790
|switch|p1a: Silk strong|Incineroar, L50, M|65/100
|-ability|p1a: Silk strong|Intimidate|boost
|-unboost|p2a: Aerodactyl|atk|1
|-unboost|p2b: Garchomp|atk|1
|turn|6
|
|t:|1784876812
|move|p1a: Silk strong|Fake Out|p2a: Aerodactyl
|-resisted|p2a: Aerodactyl|1
|-damage|p2a: Aerodactyl|0 fnt
|faint|p2a: Aerodactyl
|move|p1b: Sinistcha|Rage Powder|p1b: Sinistcha
|-singleturn|p1b: Sinistcha|move: Rage Powder
|move|p2b: Garchomp|Earthquake|p1a: Silk strong|[spread] p1a,p1b
|-supereffective|p1a: Silk strong|1
|-resisted|p1b: Sinistcha|1
|-damage|p1a: Silk strong|51/100
|-damage|p1b: Sinistcha|75/100
|
|-damage|p2b: Garchomp|39/100 brn|[from] brn
|upkeep
|turn|7
|-message|vmnine forfeited.
|raw|Arkoos2011's rating: 1098 → 1116(+18 for winning)
|raw|vmnine's rating: 1000 → 1000(+0 for losing)
|
|win|Arkoos2011
