|j|☆New Mental
|j|☆quailfish
|html|New Mentalquailfish    
|uhtml|bestof|Game 2 of a best-of-3
|t:|1783194067
|gametype|doubles
|player|p1|New Mental|volkner|1000
|player|p2|quailfish|2|1014
|gen|9
|tier|[Gen 9 Champions] VGC 2026 Reg M-B (Bo3)
|rated|
|rule|Species Clause: Limit one of each Pokémon
|rule|Item Clause: Limit 1 of each item
|clearpoke
|poke|p1|Aerodactyl, L50, M|
|poke|p1|Garchomp, L50, F|
|poke|p1|Kingambit, L50, M|
|poke|p1|Charizard, L50, M|
|poke|p1|Sylveon, L50, F|
|poke|p1|Farigiraf, L50, M|
|poke|p2|Swampert, L50, M|
|poke|p2|Pelipper, L50, M|
|poke|p2|Incineroar, L50, M|
|poke|p2|Heliolisk, L50, F|
|poke|p2|Skarmory, L50, F|
|poke|p2|Raichu, L50, M|
|teampreview|4
|showteam|p1|Aerodactyl||Aerodactylite|Unnerve|IceFang,RockSlide,Tailwind,DualWingbeat|Jolly||M|||50|]Garchomp||LifeOrb|RoughSkin|DragonClaw,StompingTantrum,Earthquake,Protect|Jolly||F|||50|]Kingambit||FocusSash|Defiant|SuckerPunch,KowtowCleave,IronHead,LowKick|Adamant||M|||50|]Charizard||CharizarditeY|SolarPower|Protect,HeatWave,SolarBeam,WeatherBall|Timid||M|||50|]Sylveon||FairyFeather|Pixilate|Protect,HyperVoice,HyperBeam,QuickAttack|Modest||F|||50|]Farigiraf||SitrusBerry|ArmorTail|TrickRoom,Thunderbolt,Psychic,Roar|Bold||M|||50|
|showteam|p2|Swampert||Swampertite|Torrent|Earthquake,WaveCrash,FlipTurn,Protect|Adamant||M|||50|]Pelipper||FocusSash|Drizzle|Hurricane,Protect,MuddyWater,Tailwind|Modest||M|||50|]Incineroar||Leftovers|Intimidate|FakeOut,Protect,PartingShot,DarkestLariat|Brave||M|||50|]Heliolisk||ChoiceScarf|DrySkin|RainDance,VoltSwitch,ShedTail,Electrify|Timid||F|||50|]Skarmory||Skarmorite|WeakArmor|IronHead,Roost,BraveBird,Taunt|Adamant||F|||50|]Raichu||SitrusBerry|LightningRod|Protect,Nuzzle,FakeOut,VoltSwitch|Timid||M|||50|
|inactive|Battle timer is ON: inactive players will automatically lose when time's up. (requested by New Mental)
|
|t:|1783194096
|teamsize|p1|4
|teamsize|p2|4
|start
|switch|p1a: Sylveon|Sylveon, L50, F|100/100
|switch|p1b: Farigiraf|Farigiraf, L50, M|100/100
|switch|p2a: Pelipper|Pelipper, L50, M|100/100
|switch|p2b: Heliolisk|Heliolisk, L50, F|100/100
|-weather|RainDance|[from] ability: Drizzle|[of] p2a: Pelipper
|turn|1
|inactive|New Mental has 30 seconds left.
|
|t:|1783194127
|move|p1a: Sylveon|Protect|p1a: Sylveon
|-singleturn|p1a: Sylveon|Protect
|move|p2b: Heliolisk|Shed Tail|p2b: Heliolisk
|-start|p2b: Heliolisk|Substitute|[from] move: Shed Tail
|-damage|p2b: Heliolisk|49/100
|
|t:|1783194133
|switch|p2b: Skarmory|Skarmory, L50, F|100/100|[from] Shed Tail
|move|p2a: Pelipper|Muddy Water|p1a: Sylveon|[spread] p1b
|-activate|p1a: Sylveon|move: Protect
|-damage|p1b: Farigiraf|57/100
|-unboost|p1b: Farigiraf|accuracy|1
|move|p1b: Farigiraf|Trick Room|p1b: Farigiraf
|-fieldstart|move: Trick Room|[of] p1b: Farigiraf
|
|-weather|RainDance|[upkeep]
|upkeep
|turn|2
|inactive|quailfish has 30 seconds left.
|
|t:|1783194160
|switch|p2a: Incineroar|Incineroar, L50, M|100/100
|-ability|p2a: Incineroar|Intimidate|boost
|-unboost|p1a: Sylveon|atk|1
|-unboost|p1b: Farigiraf|atk|1
|detailschange|p2b: Skarmory|Skarmory-Mega, L50, F
|-mega|p2b: Skarmory|Skarmory|Skarmorite
|move|p1b: Farigiraf|Psychic|p2a: Incineroar
|-immune|p2a: Incineroar
|move|p1a: Sylveon|Hyper Voice|p2b: Skarmory|[spread] p2a,p2b
|-resisted|p2b: Skarmory|1
|-damage|p2a: Incineroar|65/100
|-damage|p2b: Skarmory|75/100
|move|p2b: Skarmory|Iron Head|p1a: Sylveon
|-supereffective|p1a: Sylveon|1
|-damage|p1a: Sylveon|0 fnt
|faint|p1a: Sylveon
|
|-weather|RainDance|[upkeep]
|-heal|p2a: Incineroar|71/100|[from] item: Leftovers
|upkeep
|
|t:|1783194176
|switch|p1a: Kingambit|Kingambit, L50, M|100/100
|turn|3
|inactive|quailfish has 30 seconds left.
|inactive|quailfish has 20 seconds left.
|
|t:|1783194215
|move|p2a: Incineroar|Protect|p2a: Incineroar
|-singleturn|p2a: Incineroar|Protect
|move|p1b: Farigiraf|Thunderbolt|p2b: Skarmory
|-supereffective|p2b: Skarmory|1
|-end|p2b: Skarmory|Substitute
|move|p1a: Kingambit|Low Kick|p2a: Incineroar
|-activate|p2a: Incineroar|move: Protect
|move|p2b: Skarmory|Roost|p2b: Skarmory
|-heal|p2b: Skarmory|100/100
|-singleturn|p2b: Skarmory|move: Roost
|
|-weather|RainDance|[upkeep]
|-heal|p2a: Incineroar|77/100|[from] item: Leftovers
|upkeep
|turn|4
|inactive|New Mental has 30 seconds left.
|inactive|New Mental has 20 seconds left.
|inactive|New Mental has 15 seconds left.
|
|t:|1783194258
|switch|p2b: Heliolisk|Heliolisk, L50, F|49/100
|move|p2a: Incineroar|Darkest Lariat|p1b: Farigiraf
|-supereffective|p1b: Farigiraf|1
|-damage|p1b: Farigiraf|4/100
|-enditem|p1b: Farigiraf|Sitrus Berry|[eat]
|-heal|p1b: Farigiraf|29/100|[from] item: Sitrus Berry
|move|p1b: Farigiraf|Thunderbolt|p2a: Incineroar|[miss]
|-miss|p1b: Farigiraf|p2a: Incineroar
|move|p1a: Kingambit|Low Kick|p2a: Incineroar
|-supereffective|p2a: Incineroar|1
|-damage|p2a: Incineroar|11/100
|
|-weather|RainDance|[upkeep]
|-heal|p2b: Heliolisk|62/100|[from] ability: Dry Skin
|-heal|p2a: Incineroar|17/100|[from] item: Leftovers
|upkeep
|turn|5
|inactive|quailfish has 30 seconds left.
|
|t:|1783194285
|switch|p1b: Charizard|Charizard, L50, M|100/100
|move|p2a: Incineroar|Darkest Lariat|p1b: Charizard
|-damage|p1b: Charizard|65/100
|move|p1a: Kingambit|Kowtow Cleave|p2b: Heliolisk
|-damage|p2b: Heliolisk|0 fnt
|faint|p2b: Heliolisk
|
|-weather|none
|-heal|p2a: Incineroar|23/100|[from] item: Leftovers
|-fieldend|move: Trick Room
|upkeep
|
|t:|1783194298
|switch|p2b: Skarmory|Skarmory-Mega, L50, F|100/100
|turn|6
|
|t:|1783194321
|switch|p1b: Farigiraf|Farigiraf, L50, M|29/100
|move|p2b: Skarmory|Brave Bird|p1b: Farigiraf
|-damage|p1b: Farigiraf|0 fnt
|faint|p1b: Farigiraf
|-damage|p2b: Skarmory|87/100|[from] Recoil
|move|p1a: Kingambit|Kowtow Cleave|p2a: Incineroar
|-resisted|p2a: Incineroar|1
|-damage|p2a: Incineroar|0 fnt
|faint|p2a: Incineroar
|
|upkeep
|
|t:|1783194336
|switch|p1b: Charizard|Charizard, L50, M|65/100
|switch|p2a: Pelipper|Pelipper, L50, M|100/100
|-weather|RainDance|[from] ability: Drizzle|[of] p2a: Pelipper
|turn|7
|
|t:|1783194347
|detailschange|p1b: Charizard|Charizard-Mega-Y, L50, M
|-mega|p1b: Charizard|Charizard|Charizardite Y
|-weather|SunnyDay|[from] ability: Drought|[of] p1b: Charizard
|move|p1b: Charizard|Heat Wave|p2b: Skarmory|[spread] p2a,p2b
|-resisted|p2a: Pelipper|1
|-supereffective|p2b: Skarmory|1
|-damage|p2a: Pelipper|47/100
|-damage|p2b: Skarmory|0 fnt
|faint|p2b: Skarmory
|move|p2a: Pelipper|Muddy Water|p1a: Kingambit|[spread] p1a,p1b
|-supereffective|p1b: Charizard|1
|-damage|p1a: Kingambit|82/100
|-damage|p1b: Charizard|37/100
|-unboost|p1a: Kingambit|accuracy|1
|-ability|p1a: Kingambit|Defiant|boost
|-boost|p1a: Kingambit|atk|2
|move|p1a: Kingambit|Kowtow Cleave|p2a: Pelipper
|-damage|p2a: Pelipper|0 fnt
|faint|p2a: Pelipper
|
|win|New Mental
|raw|New Mental's rating: 1000 → 1042(+42 for winning)
|raw|quailfish's rating: 1014 → 1001(-13 for losing)
|l|☆quailfish
|player|p2|
|n|☆New Mental|newmental
