|j|☆KyleTampy
|j|☆Oldcow
|html|KyleTampyOldcow    
|uhtml|bestof|Game 2 of a best-of-3
|t:|1757857692
|gametype|doubles
|player|p1|KyleTampy|lucian|
|player|p2|Oldcow|cyrus|
|gen|9
|tier|[Gen 9] VGC 2025 Reg H (Bo3)
|rule|Species Clause: Limit one of each Pokémon
|rule|Item Clause: Limit 1 of each item
|clearpoke
|poke|p1|Kleavor, L50, M|
|poke|p1|Tyranitar, L50, M|
|poke|p1|Gastrodon-East, L50, M|
|poke|p1|Decidueye-Hisui, L50, F|
|poke|p1|Corviknight, L50, F|
|poke|p1|Excadrill, L50, M|
|poke|p2|Garchomp, L50, F|
|poke|p2|Tyranitar, L50, F|
|poke|p2|Magmar, L50, F|
|poke|p2|Rillaboom, L50, M|
|poke|p2|Primarina, L50, F|
|poke|p2|Hydreigon, L50, M|
|teampreview|4
|showteam|p1|Kleavor||FocusSash|Sharpness|StoneAxe,CloseCombat,NightSlash,Protect|||M|||50|,,,,,Steel]Tyranitar||AssaultVest|SandStream|RockSlide,KnockOff,Snarl,TeraBlast|||M|||50|,,,,,Flying]Gastrodon-East||Leftovers|StormDrain|EarthPower,ClearSmog,Yawn,Protect|||M|||50|,,,,,Rock]Decidueye-Hisui||ScopeLens|Scrappy|TripleArrows,LeafBlade,SuckerPunch,Protect|||F|||50|,,,,,Steel]Corviknight||CovertCloak|MirrorArmor|Tailwind,BodyPress,DrillPeck,Uturn|||F|||50|,,,,,Dragon]Excadrill||ChoiceScarf|SandForce|Earthquake,IronHead,RockSlide,HighHorsepower|||M|||50|,,,,,Ghost
|showteam|p2|Garchomp||LifeOrb|SandVeil|DragonClaw,StompingTantrum,RockSlide,Protect|||F|||50|,,,,,Steel]Tyranitar||AssaultVest|SandStream|KnockOff,RockSlide,LowKick,IcePunch|||F|||50|,,,,,Flying]Magmar||Eviolite|VitalSpirit|Overheat,FollowMe,Protect,Taunt|||F|||50|,,,,,Water]Rillaboom||MeadowPlate|GrassySurge|GrassyGlide,HighHorsepower,FakeOut,Uturn|||M|||50|,,,,,Grass]Primarina||SitrusBerry|LiquidVoice|HyperVoice,Moonblast,Protect,Haze|||F|||50|,,,,,Ghost]Hydreigon||CovertCloak|Levitate|DarkPulse,DracoMeteor,Tailwind,Protect|||M|||50|,,,,,Electric
|j| SengarBlade
|j| jowemama
|
|t:|1757857731
|teamsize|p1|4
|teamsize|p2|4
|start
|switch|p1a: Decidueye|Decidueye-Hisui, L50, F|100/100
|switch|p1b: Corviknight|Corviknight, L50, F|100/100
|switch|p2a: Tyranitar|Tyranitar, L50, F|100/100
|switch|p2b: Magmar|Magmar, L50, F|100/100
|-weather|Sandstorm|[from] ability: Sand Stream|[of] p2a: Tyranitar
|turn|1
|
|t:|1757857758
|switch|p1a: Kleavor|Kleavor, L50, M|100/100
|-terastallize|p2a: Tyranitar|Flying
|move|p2b: Magmar|Follow Me|p2b: Magmar
|-singleturn|p2b: Magmar|move: Follow Me
|move|p1b: Corviknight|Tailwind|p1b: Corviknight
|-sidestart|p1: KyleTampy|move: Tailwind
|move|p2a: Tyranitar|Ice Punch|p1a: Kleavor
|-damage|p1a: Kleavor|60/100
|
|-weather|Sandstorm|[upkeep]
|-damage|p2b: Magmar|95/100|[from] Sandstorm
|-damage|p2a: Tyranitar|95/100|[from] Sandstorm
|upkeep
|turn|2
|
|t:|1757857786
|switch|p2a: Garchomp|Garchomp, L50, F|100/100
|move|p1a: Kleavor|Stone Axe|p2a: Garchomp
|-resisted|p2a: Garchomp
|-damage|p2a: Garchomp|72/100
|-sidestart|p2: Oldcow|move: Stealth Rock
|move|p1b: Corviknight|U-turn|p2a: Garchomp
|-damage|p2a: Garchomp|57/100
|inactive|Battle timer is ON: inactive players will automatically lose when time's up. (requested by Oldcow)
|
|t:|1757857797
|switch|p1b: Excadrill|Excadrill, L50, M|100/100|[from] U-turn
|move|p2b: Magmar|Overheat|p1a: Kleavor|[miss]
|-miss|p2b: Magmar|p1a: Kleavor
|
|-weather|Sandstorm|[upkeep]
|-damage|p2b: Magmar|89/100|[from] Sandstorm
|upkeep
|turn|3
|
|t:|1757857821
|switch|p2a: Rillaboom|Rillaboom, L50, M|100/100
|-damage|p2a: Rillaboom|88/100|[from] Stealth Rock
|-fieldstart|move: Grassy Terrain|[from] ability: Grassy Surge|[of] p2a: Rillaboom
|move|p1a: Kleavor|Protect|p1a: Kleavor
|-singleturn|p1a: Kleavor|Protect
|move|p1b: Excadrill|Earthquake|p2b: Magmar|[spread] p2a,p2b
|-activate|p1a: Kleavor|move: Protect
|-resisted|p2a: Rillaboom
|-supereffective|p2b: Magmar
|-damage|p2a: Rillaboom|76/100
|-damage|p2b: Magmar|50/100
|move|p2b: Magmar|Overheat|p1a: Kleavor
|-activate|p1a: Kleavor|move: Protect
|
|-weather|Sandstorm|[upkeep]
|-damage|p2b: Magmar|45/100|[from] Sandstorm
|-damage|p2a: Rillaboom|70/100|[from] Sandstorm
|-heal|p1a: Kleavor|66/100|[from] Grassy Terrain
|-heal|p2b: Magmar|50/100|[from] Grassy Terrain
|-heal|p2a: Rillaboom|76/100|[from] Grassy Terrain
|upkeep
|turn|4
|
|t:|1757857845
|-terastallize|p1b: Excadrill|Ghost
|move|p2a: Rillaboom|Fake Out|p1a: Kleavor
|-resisted|p1a: Kleavor
|-damage|p1a: Kleavor|57/100
|move|p1b: Excadrill|Earthquake|p2b: Magmar|[spread] p1a,p2a,p2b
|-resisted|p2a: Rillaboom
|-supereffective|p2b: Magmar
|-damage|p1a: Kleavor|22/100
|-damage|p2a: Rillaboom|63/100
|-damage|p2b: Magmar|12/100
|cant|p1a: Kleavor|flinch
|move|p2b: Magmar|Overheat|p1b: Excadrill
|-damage|p1b: Excadrill|33/100
|-unboost|p2b: Magmar|spa|2
|
|-weather|Sandstorm|[upkeep]
|-damage|p2b: Magmar|6/100|[from] Sandstorm
|-damage|p2a: Rillaboom|57/100|[from] Sandstorm
|-heal|p1b: Excadrill|39/100|[from] Grassy Terrain
|-heal|p1a: Kleavor|28/100|[from] Grassy Terrain
|-heal|p2b: Magmar|12/100|[from] Grassy Terrain
|-heal|p2a: Rillaboom|63/100|[from] Grassy Terrain
|-sideend|p1: KyleTampy|move: Tailwind
|upkeep
|turn|5
|inactive|KyleTampy has 30 seconds left.
|inactive|Oldcow has 30 seconds left.
|
|t:|1757857883
|switch|p2b: Tyranitar|Tyranitar, L50, F, tera:Flying|95/100
|-damage|p2b: Tyranitar|70/100|[from] Stealth Rock
|move|p2a: Rillaboom|Grassy Glide|p1a: Kleavor
|-damage|p1a: Kleavor|0 fnt
|faint|p1a: Kleavor
|move|p1b: Excadrill|Earthquake|p2b: Tyranitar|[spread] p2a
|-immune|p2b: Tyranitar
|-resisted|p2a: Rillaboom
|-damage|p2a: Rillaboom|50/100
|
|-weather|none
|-heal|p1b: Excadrill|45/100|[from] Grassy Terrain
|-heal|p2a: Rillaboom|56/100|[from] Grassy Terrain
|upkeep
|
|t:|1757857898
|switch|p1a: Decidueye|Decidueye-Hisui, L50, F|100/100
|turn|6
|
|t:|1757857918
|switch|p1b: Corviknight|Corviknight, L50, F|100/100
|switch|p2b: Magmar|Magmar, L50, F|12/100
|-damage|p2b: Magmar|0 fnt|[from] Stealth Rock
|faint|p2b: Magmar
|move|p2a: Rillaboom|U-turn|p1a: Decidueye
|-damage|p1a: Decidueye|73/100
|
|t:|1757857933
|switch|p2a: Garchomp|Garchomp, L50, F|57/100|[from] U-turn
|-damage|p2a: Garchomp|51/100|[from] Stealth Rock
|move|p1a: Decidueye|Triple Arrows|p2a: Garchomp
|-crit|p2a: Garchomp
|-damage|p2a: Garchomp|0 fnt
|faint|p2a: Garchomp
|
|-heal|p1a: Decidueye|79/100|[from] Grassy Terrain
|upkeep
|inactive|Oldcow has 30 seconds left.
|c|☆Oldcow|nakakalimutan ko na may stealth rocks
|
|t:|1757857962
|switch|p2a: Tyranitar|Tyranitar, L50, F, tera:Flying|70/100
|switch|p2b: Rillaboom|Rillaboom, L50, M|56/100
|-damage|p2b: Rillaboom|44/100|[from] Stealth Rock
|-damage|p2a: Tyranitar|45/100|[from] Stealth Rock
|-weather|Sandstorm|[from] ability: Sand Stream|[of] p2a: Tyranitar
|turn|7
|inactive|Oldcow has 30 seconds left.
|inactive|Oldcow has 20 seconds left.
|
|t:|1757857998
|move|p1a: Decidueye|Protect|p1a: Decidueye
|-singleturn|p1a: Decidueye|Protect
|move|p2b: Rillaboom|Fake Out|p1a: Decidueye
|-activate|p1a: Decidueye|move: Protect
|move|p1b: Corviknight|Tailwind|p1b: Corviknight
|-sidestart|p1: KyleTampy|move: Tailwind
|move|p2a: Tyranitar|Rock Slide|p1a: Decidueye|[spread] p1b
|-activate|p1a: Decidueye|move: Protect
|-damage|p1b: Corviknight|74/100
|
|-weather|Sandstorm|[upkeep]
|-damage|p1a: Decidueye|73/100|[from] Sandstorm
|-damage|p2b: Rillaboom|38/100|[from] Sandstorm
|-damage|p2a: Tyranitar|40/100|[from] Sandstorm
|-heal|p1a: Decidueye|79/100|[from] Grassy Terrain
|-heal|p2b: Rillaboom|44/100|[from] Grassy Terrain
|-fieldend|move: Grassy Terrain
|upkeep
|turn|8
|inactive|Oldcow has 30 seconds left.
|
|t:|1757858030
|move|p1a: Decidueye|Triple Arrows|p2b: Rillaboom
|-damage|p2b: Rillaboom|5/100
|move|p1b: Corviknight|U-turn|p2b: Rillaboom
|-supereffective|p2b: Rillaboom
|-damage|p2b: Rillaboom|0 fnt
|faint|p2b: Rillaboom
|
|t:|1757858037
|switch|p1b: Excadrill|Excadrill, L50, M, tera:Ghost|45/100|[from] U-turn
|move|p2a: Tyranitar|Ice Punch|p1a: Decidueye
|-supereffective|p1a: Decidueye
|-damage|p1a: Decidueye|7/100
|
|-weather|Sandstorm|[upkeep]
|-damage|p1a: Decidueye|0 fnt|[from] Sandstorm
|-damage|p2a: Tyranitar|34/100|[from] Sandstorm
|faint|p1a: Decidueye
|upkeep
|
|t:|1757858040
|switch|p1a: Corviknight|Corviknight, L50, F|74/100
|turn|9
|
|t:|1757858049
|move|p1b: Excadrill|Iron Head|p2a: Tyranitar
|-damage|p2a: Tyranitar|0 fnt
|faint|p2a: Tyranitar
|
|win|KyleTampy
||KyleTampy is ready for game 3.
|c|☆Oldcow|ggs
||Oldcow is ready for game 3.
|uhtml|next|Next: Game 3 of 3
|l| jowemama
|l| SengarBlade
|l|☆KyleTampy
|player|p1|
