|j|☆EnzoPS
|j|☆Centiskorch18
|html|EnzoPSCentiskorch18    
|uhtml|bestof|Game 1 of a best-of-3
|t:|1757780132
|gametype|doubles
|player|p1|EnzoPS|cynthia-gen4|1135
|player|p2|Centiskorch18|caitlin|1169
|gen|9
|tier|[Gen 9] VGC 2025 Reg H (Bo3)
|rated|
|rule|Species Clause: Limit one of each Pokémon
|rule|Item Clause: Limit 1 of each item
|clearpoke
|poke|p1|Pelipper, L50, M|
|poke|p1|Amoonguss, L50, M|
|poke|p1|Archaludon, L50, M|
|poke|p1|Basculegion, L50, M|
|poke|p1|Gholdengo, L50|
|poke|p1|Incineroar, L50, F|
|poke|p2|Dragapult, L50, F|
|poke|p2|Sneasler, L50, F|
|poke|p2|Magmar, L50, F|
|poke|p2|Azumarill, L50, M|
|poke|p2|Rillaboom, L50, M|
|poke|p2|Ninetales-Alola, L50, M|
|teampreview|4
|showteam|p1|Pelipper||FocusSash|Drizzle|Protect,WeatherBall,Hurricane,Tailwind|||M|||50|,,,,,Ground]Amoonguss||SitrusBerry|Regenerator|Protect,Spore,RagePowder,PollenPuff|||M|||50|,,,,,Water]Archaludon||AssaultVest|Stamina|DragonPulse,ElectroShot,FlashCannon,BodyPress|||M|||50|,,,,,Grass]Basculegion||ChoiceBand|SwiftSwim|FlipTurn,WaveCrash,AquaJet,LastRespects|||M|||50|,,,,,Grass]Gholdengo||LifeOrb|GoodasGold|Protect,MakeItRain,ShadowBall,NastyPlot||||||50|,,,,,Water]Incineroar||SafetyGoggles|Intimidate|FlareBlitz,KnockOff,PartingShot,FakeOut|||F|||50|,,,,,Ghost
|showteam|p2|Dragapult||LifeOrb|ClearBody|TeraBlast,DragonDarts,SuckerPunch,Protect|||F|||50|,,,,,Ghost]Sneasler||FocusSash|PoisonTouch|CloseCombat,DireClaw,FakeOut,Protect|||F|||50|,,,,,Stellar]Magmar||Eviolite|VitalSpirit|Overheat,FollowMe,ClearSmog,Protect|||F|||50|,,,,,Ghost]Azumarill||SitrusBerry|HugePower|AquaJet,PlayRough,BellyDrum,Protect|||M|||50|,,,,,Poison]Rillaboom||AssaultVest|GrassySurge|WoodHammer,GrassyGlide,FakeOut,HighHorsepower|||M|||50|,,,,,Fire]Ninetales-Alola||ChoiceSpecs|SnowWarning|Blizzard,Moonblast,IcyWind,FreezeDry|||M|||50|,,,,,Ghost
|inactive|Battle timer is ON: inactive players will automatically lose when time's up. (requested by Centiskorch18)
|c|☆Centiskorch18|glhf
|c|☆EnzoPS|gl hf
|inactive|EnzoPS has 60 seconds left.
|inactive|EnzoPS has 30 seconds left.
|
|t:|1757780198
|teamsize|p1|4
|teamsize|p2|4
|start
|switch|p1a: Pelipper|Pelipper, L50, M, shiny|100/100
|switch|p1b: Archaludon|Archaludon, L50, M|100/100
|switch|p2a: Sneasler|Sneasler, L50, F|100/100
|switch|p2b: Rillaboom|Rillaboom, L50, M|100/100
|-fieldstart|move: Grassy Terrain|[from] ability: Grassy Surge|[of] p2b: Rillaboom
|-weather|RainDance|[from] ability: Drizzle|[of] p1a: Pelipper
|turn|1
|inactive|EnzoPS has 30 seconds left.
|inactive|EnzoPS has 20 seconds left.
|inactive|EnzoPS has 15 seconds left.
|inactive|EnzoPS has 10 seconds left.
|inactive|EnzoPS has 5 seconds left.
|
|t:|1757780249
|switch|p1a: Incineroar|Incineroar, L50, F|100/100
|-ability|p1a: Incineroar|Intimidate|boost
|-unboost|p2a: Sneasler|atk|1
|-unboost|p2b: Rillaboom|atk|1
|-terastallize|p1b: Archaludon|Grass
|move|p2a: Sneasler|Fake Out|p1a: Incineroar
|-damage|p1a: Incineroar|92/100
|move|p2b: Rillaboom|Wood Hammer|p1a: Incineroar
|-resisted|p1a: Incineroar
|-damage|p1a: Incineroar|70/100
|-damage|p2b: Rillaboom|93/100|[from] Recoil
|move|p1b: Archaludon|Flash Cannon|p2a: Sneasler
|-damage|p2a: Sneasler|46/100
|
|-weather|RainDance|[upkeep]
|-heal|p2a: Sneasler|52/100|[from] Grassy Terrain
|-heal|p2b: Rillaboom|99/100|[from] Grassy Terrain
|-heal|p1a: Incineroar|76/100|[from] Grassy Terrain
|upkeep
|turn|2
|inactive|EnzoPS has 30 seconds left.
|inactive|Centiskorch18 has 30 seconds left.
|inactive|EnzoPS has 20 seconds left.
|inactive|Centiskorch18 has 20 seconds left.
|inactive|EnzoPS has 15 seconds left.
|inactive|Centiskorch18 has 15 seconds left.
|inactive|EnzoPS has 10 seconds left.
|inactive|EnzoPS has 5 seconds left.
|
|t:|1757780304
|move|p2a: Sneasler|Protect|p2a: Sneasler
|-singleturn|p2a: Sneasler|Protect
|move|p2b: Rillaboom|High Horsepower|p1a: Incineroar
|-supereffective|p1a: Incineroar
|-damage|p1a: Incineroar|43/100
|move|p1b: Archaludon|Dragon Pulse|p2b: Rillaboom
|-damage|p2b: Rillaboom|69/100
|move|p1a: Incineroar|Flare Blitz|p2a: Sneasler
|-activate|p2a: Sneasler|move: Protect
|
|-weather|RainDance|[upkeep]
|-heal|p2a: Sneasler|58/100|[from] Grassy Terrain
|-heal|p2b: Rillaboom|75/100|[from] Grassy Terrain
|-heal|p1a: Incineroar|49/100|[from] Grassy Terrain
|upkeep
|turn|3
|
|t:|1757780328
|switch|p2b: Magmar|Magmar, L50, F|100/100
|switch|p1b: Gholdengo|Gholdengo, L50|100/100
|switch|p1a: Pelipper|Pelipper, L50, M, shiny|100/100
|move|p2a: Sneasler|Close Combat|p1a: Pelipper
|-resisted|p1a: Pelipper
|-damage|p1a: Pelipper|75/100
|-unboost|p2a: Sneasler|def|1
|-unboost|p2a: Sneasler|spd|1
|-status|p1a: Pelipper|psn|[from] ability: Poison Touch|[of] p2a: Sneasler
|
|-weather|RainDance|[upkeep]
|-heal|p2a: Sneasler|63/100|[from] Grassy Terrain
|-damage|p1a: Pelipper|63/100 psn|[from] psn
|upkeep
|turn|4
|inactive|Centiskorch18 has 30 seconds left.
|
|t:|1757780357
|switch|p1a: Incineroar|Incineroar, L50, F|49/100
|-ability|p1a: Incineroar|Intimidate|boost
|-unboost|p2a: Sneasler|atk|1
|-unboost|p2b: Magmar|atk|1
|move|p1b: Gholdengo|Protect|p1b: Gholdengo
|-singleturn|p1b: Gholdengo|Protect
|move|p2a: Sneasler|Dire Claw|p1a: Incineroar
|-damage|p1a: Incineroar|28/100
|move|p2b: Magmar|Clear Smog|p1a: Incineroar
|-damage|p1a: Incineroar|17/100
|-clearboost|p1a: Incineroar
|
|-weather|RainDance|[upkeep]
|-heal|p2a: Sneasler|69/100|[from] Grassy Terrain
|-heal|p1a: Incineroar|23/100|[from] Grassy Terrain
|upkeep
|turn|5
|inactive|EnzoPS has 30 seconds left.
|
|t:|1757780392
|move|p2b: Magmar|Protect|p2b: Magmar
|-singleturn|p2b: Magmar|Protect
|move|p1a: Incineroar|Fake Out|p2b: Magmar
|-activate|p2b: Magmar|move: Protect
|move|p2a: Sneasler|Close Combat|p1a: Incineroar
|-supereffective|p1a: Incineroar
|-damage|p1a: Incineroar|0 fnt
|-unboost|p2a: Sneasler|def|1
|-unboost|p2a: Sneasler|spd|1
|faint|p1a: Incineroar
|move|p1b: Gholdengo|Nasty Plot|p1b: Gholdengo
|-boost|p1b: Gholdengo|spa|2
|
|-weather|none
|-heal|p2a: Sneasler|75/100|[from] Grassy Terrain
|-fieldend|move: Grassy Terrain
|upkeep
|inactive|EnzoPS has 30 seconds left.
|
|t:|1757780424
|switch|p1a: Archaludon|Archaludon, L50, M, tera:Grass|100/100
|turn|6
|inactive|Centiskorch18 has 30 seconds left.
|
|t:|1757780456
|move|p2a: Sneasler|Dire Claw|p1a: Archaludon
|-supereffective|p1a: Archaludon
|-damage|p1a: Archaludon|65/100
|-status|p1a: Archaludon|par
|-ability|p1a: Archaludon|Stamina|boost
|-boost|p1a: Archaludon|def|1
|move|p1b: Gholdengo|Shadow Ball|p2b: Magmar
|-damage|p2b: Magmar|37/100
|-damage|p1b: Gholdengo|91/100|[from] item: Life Orb
|move|p2b: Magmar|Overheat|p1b: Gholdengo
|-supereffective|p1b: Gholdengo
|-damage|p1b: Gholdengo|0 fnt
|-unboost|p2b: Magmar|spa|2
|faint|p1b: Gholdengo
|move|p1a: Archaludon|Flash Cannon|p2b: Magmar
|-resisted|p2b: Magmar
|-damage|p2b: Magmar|24/100
|
|upkeep
|
|t:|1757780473
|switch|p1b: Pelipper|Pelipper, L50, M, shiny|63/100 psn
|-weather|RainDance|[from] ability: Drizzle|[of] p1b: Pelipper
|turn|7
|
|t:|1757780494
|switch|p2a: Ninetales|Ninetales-Alola, L50, M|100/100
|-weather|Snowscape|[from] ability: Snow Warning|[of] p2a: Ninetales
|move|p2b: Magmar|Follow Me|p2b: Magmar
|-singleturn|p2b: Magmar|move: Follow Me
|move|p1b: Pelipper|Tailwind|p1b: Pelipper
|-sidestart|p1: EnzoPS|move: Tailwind
|move|p1a: Archaludon|Flash Cannon|p2b: Magmar
|-resisted|p2b: Magmar
|-damage|p2b: Magmar|12/100
|
|-weather|Snowscape|[upkeep]
|-damage|p1b: Pelipper|50/100 psn|[from] psn
|upkeep
|turn|8
|inactive|EnzoPS has 30 seconds left.
|
|t:|1757780519
|-terastallize|p2a: Ninetales|Ghost
|move|p2b: Magmar|Follow Me|p2b: Magmar
|-singleturn|p2b: Magmar|move: Follow Me
|move|p1b: Pelipper|Weather Ball|p2b: Magmar
|-resisted|p2b: Magmar
|-damage|p2b: Magmar|2/100
|move|p2a: Ninetales|Blizzard|p1b: Pelipper|[spread] p1a,p1b
|-supereffective|p1a: Archaludon
|-damage|p1a: Archaludon|0 fnt
|-damage|p1b: Pelipper|0 fnt
|faint|p1a: Archaludon
|faint|p1b: Pelipper
|
|win|Centiskorch18
||EnzoPS is ready for game 2.
|inactive|Centiskorch18 has 30 seconds to confirm battle start!
||Centiskorch18 is ready for game 2.
|uhtml|next|Next: Game 2 of 3
