|j|☆viatles
|j|☆Prof Cycad
|html|viatlesProf Cycad    
|uhtml|bestof|Game 3 of a best-of-3
|t:|1785272472
|gametype|doubles
|player|p1|viatles|hiker|1184
|player|p2|Prof Cycad|scientist|1119
|gen|9
|tier|[Gen 9 Champions] VGC 2026 Reg M-B (Bo3)
|rated|
|rule|Species Clause: Limit one of each Pokémon
|rule|Item Clause: Limit 1 of each item
|clearpoke
|poke|p1|Eelektross, L50, F|
|poke|p1|Raichu, L50, F|
|poke|p1|Tyranitar, L50, M|
|poke|p1|Gliscor, L50, F|
|poke|p1|Garchomp, L50, F|
|poke|p1|Sinistcha, L50|
|poke|p2|Aerodactyl, L50, M|
|poke|p2|Basculegion, L50, M|
|poke|p2|Garchomp, L50, M|
|poke|p2|Tyranitar, L50, M|
|poke|p2|Charizard, L50, M|
|poke|p2|Meganium, L50, M|
|teampreview|4
|showteam|p1|Eelektross||Eelektrossite|Levitate|Discharge,Flamethrower,GigaDrain,Protect|Modest||F|||50|]Raichu||FocusSash|LightningRod|FakeOut,Thunderbolt,Endeavor,Protect|Hasty||F|||50|]Tyranitar||Tyranitarite|SandStream|KnockOff,RockSlide,LowKick,Protect|Adamant||M|||50|]Gliscor||BrightPowder|SandVeil|RockSlide,DualWingbeat,Tailwind,Earthquake|Adamant||F|||50|]Garchomp||ChoiceScarf|RoughSkin|DragonClaw,StompingTantrum,RockSlide,Earthquake|Adamant||F|||50|]Sinistcha||SitrusBerry|Hospitality|MatchaGotcha,RagePowder,Imprison,TrickRoom|Bold|||||50|
|showteam|p2|Aerodactyl||FocusSash|Unnerve|RockSlide,Tailwind,DualWingbeat,Protect|Adamant||M|||50|]Basculegion||LifeOrb|Adaptability|WaveCrash,LastRespects,AquaJet,FlipTurn|Adamant||M|||50|]Garchomp||BrightPowder|SandVeil|Earthquake,DragonClaw,Protect,IronHead|Jolly||M|||50|]Tyranitar||Tyranitarite|SandStream|RockSlide,KnockOff,LowKick,Protect|Brave||M|||50|]Charizard||CharizarditeY|Blaze|HeatWave,WeatherBall,Protect|Modest||M|||50|]Meganium||Meganiumite|LeafGuard|SolarBeam,DazzlingGleam,WeatherBall,Protect|Calm||M|||50|
|inactive|Battle timer is ON: inactive players will automatically lose when time's up. (requested by viatles)
|
|t:|1785272501
|teamsize|p1|4
|teamsize|p2|4
|start
|switch|p1a: Eelektross|Eelektross, L50, F|100/100
|switch|p1b: Garchomp|Garchomp, L50, F|100/100
|switch|p2a: Aerodactyl|Aerodactyl, L50, M|100/100
|switch|p2b: Meganium|Meganium, L50, M|100/100
|-ability|p2a: Aerodactyl|Unnerve
|turn|1
|
|t:|1785272520
|detailschange|p2b: Meganium|Meganium-Mega, L50, M
|-mega|p2b: Meganium|Meganium|Meganiumite
|detailschange|p1a: Eelektross|Eelektross-Mega, L50, F
|-mega|p1a: Eelektross|Eelektross|Eelektrossite
|move|p1b: Garchomp|Rock Slide|p2a: Aerodactyl|[spread] p2a,p2b
|-supereffective|p2a: Aerodactyl|1
|-damage|p2a: Aerodactyl|25/100
|-damage|p2b: Meganium|79/100
|move|p2a: Aerodactyl|Tailwind|p2a: Aerodactyl
|-sidestart|p2: Prof Cycad|move: Tailwind
|move|p2b: Meganium|Dazzling Gleam|p1b: Garchomp|[spread] p1a,p1b
|-supereffective|p1b: Garchomp|1
|-damage|p1a: Eelektross|62/100
|-damage|p1b: Garchomp|24/100
|move|p1a: Eelektross|Discharge|p2a: Aerodactyl|[spread] p2a,p2b
|-immune|p1b: Garchomp
|-supereffective|p2a: Aerodactyl|1
|-resisted|p2b: Meganium|1
|-damage|p2a: Aerodactyl|0 fnt
|-damage|p2b: Meganium|67/100
|-status|p2b: Meganium|par
|faint|p2a: Aerodactyl
|-ability|p1a: Eelektross|Eelevate|boost
|-boost|p1a: Eelektross|spa|1
|
|upkeep
|inactive|Prof Cycad has 30 seconds left.
|
|t:|1785272546
|switch|p2a: Garchomp|Garchomp, L50, M|100/100
|turn|2
|
|t:|1785272566
|switch|p1b: Sinistcha|Sinistcha, L50|100/100
|-heal|p1a: Eelektross|86/100|[from] ability: Hospitality|[of] p1b: Sinistcha
|move|p1a: Eelektross|Protect|p1a: Eelektross
|-singleturn|p1a: Eelektross|Protect
|move|p2a: Garchomp|Dragon Claw|p1b: Sinistcha
|-damage|p1b: Sinistcha|65/100
|move|p2b: Meganium|Solar Beam||[still]
|-prepare|p2b: Meganium|Solar Beam
|-activate|p2b: Meganium|ability: Mega Sol
|-anim|p2b: Meganium|Solar Beam|p1a: Eelektross
|-activate|p1a: Eelektross|move: Protect
|
|upkeep
|turn|3
|inactive|Prof Cycad has 30 seconds left.
|
|t:|1785272592
|move|p2a: Garchomp|Dragon Claw|p1a: Eelektross
|-damage|p1a: Eelektross|42/100
|move|p1a: Eelektross|Giga Drain|p2a: Garchomp
|-damage|p2a: Garchomp|57/100
|-heal|p1a: Eelektross|64/100|[from] drain|[of] p2a: Garchomp
|move|p2b: Meganium|Dazzling Gleam|p1b: Sinistcha|[spread] p1a,p1b
|-damage|p1a: Eelektross|29/100
|-damage|p1b: Sinistcha|35/100
|-enditem|p1b: Sinistcha|Sitrus Berry|[eat]
|-heal|p1b: Sinistcha|60/100|[from] item: Sitrus Berry
|move|p1b: Sinistcha|Trick Room|p1b: Sinistcha
|-fieldstart|move: Trick Room|[of] p1b: Sinistcha
|
|upkeep
|turn|4
|
|t:|1785272615
|switch|p2a: Tyranitar|Tyranitar, L50, M|100/100
|-weather|Sandstorm|[from] ability: Sand Stream|[of] p2a: Tyranitar
|move|p1b: Sinistcha|Matcha Gotcha|p2a: Tyranitar|[spread] p2a,p2b
|-supereffective|p2a: Tyranitar|1
|-resisted|p2b: Meganium|1
|-damage|p2a: Tyranitar|71/100
|-heal|p1b: Sinistcha|74/100|[from] drain|[of] p2a: Tyranitar
|-damage|p2b: Meganium|56/100 par
|-heal|p1b: Sinistcha|79/100|[from] drain|[of] p2b: Meganium
|move|p2b: Meganium|Dazzling Gleam|p1b: Sinistcha|[spread] p1a,p1b
|-damage|p1a: Eelektross|0 fnt
|-damage|p1b: Sinistcha|48/100
|faint|p1a: Eelektross
|
|-weather|Sandstorm|[upkeep]
|-damage|p1b: Sinistcha|42/100|[from] Sandstorm
|-damage|p2b: Meganium|50/100g par|[from] Sandstorm
|-sideend|p2: Prof Cycad|move: Tailwind
|upkeep
|
|t:|1785272632
|switch|p1a: Gliscor|Gliscor, L50, F|100/100
|turn|5
|
|t:|1785272649
|switch|p2b: Garchomp|Garchomp, L50, M|57/100
|move|p2a: Tyranitar|Rock Slide|p1b: Sinistcha|[spread] p1b
|-miss|p2a: Tyranitar|p1a: Gliscor
|-damage|p1b: Sinistcha|16/100
|cant|p1b: Sinistcha|flinch
|move|p1a: Gliscor|Dual Wingbeat|p2b: Garchomp
|-damage|p2b: Garchomp|44/100
|-damage|p2b: Garchomp|31/100
|-hitcount|p2b: Garchomp|2
|
|-weather|Sandstorm|[upkeep]
|-damage|p1b: Sinistcha|10/100|[from] Sandstorm
|upkeep
|turn|6
|inactive|viatles has 30 seconds left.
|inactive|Prof Cycad has 30 seconds left.
|
|t:|1785272683
|switch|p1b: Garchomp|Garchomp, L50, F|24/100
|move|p2a: Tyranitar|Rock Slide|p1b: Garchomp|[spread] p1a,p1b
|-crit|p1a: Gliscor
|-resisted|p1b: Garchomp|1
|-damage|p1a: Gliscor|67/100
|-damage|p1b: Garchomp|8/100
|cant|p1a: Gliscor|flinch
|move|p2b: Garchomp|Dragon Claw|p1b: Garchomp
|-supereffective|p1b: Garchomp|1
|-crit|p1b: Garchomp
|-damage|p1b: Garchomp|0 fnt
|-damage|p2b: Garchomp|19/100|[from] ability: Rough Skin|[of] p1b: Garchomp
|faint|p1b: Garchomp
|
|-weather|Sandstorm|[upkeep]
|upkeep
|
|t:|1785272697
|switch|p1b: Sinistcha|Sinistcha, L50|10/100
|-heal|p1a: Gliscor|91/100|[from] ability: Hospitality|[of] p1b: Sinistcha
|turn|7
|
|t:|1785272712
|move|p2a: Tyranitar|Rock Slide|p1b: Sinistcha|[spread] p1b
|-miss|p2a: Tyranitar|p1a: Gliscor
|-damage|p1b: Sinistcha|0 fnt
|faint|p1b: Sinistcha
|move|p1a: Gliscor|Rock Slide|p2b: Garchomp|[spread] p2b
|-miss|p1a: Gliscor|p2a: Tyranitar
|-resisted|p2b: Garchomp|1
|-damage|p2b: Garchomp|13/100
|cant|p2b: Garchomp|flinch
|
|-weather|Sandstorm|[upkeep]
|-fieldend|move: Trick Room
|upkeep
|turn|8
|
|t:|1785272733
|move|p2b: Garchomp|Dragon Claw|p1a: Gliscor|[miss]
|-miss|p2b: Garchomp|p1a: Gliscor
|move|p1a: Gliscor|Earthquake|p2b: Garchomp|[spread] p2a,p2b
|-supereffective|p2a: Tyranitar|1
|-damage|p2a: Tyranitar|30/100
|-damage|p2b: Garchomp|0 fnt
|faint|p2b: Garchomp
|move|p2a: Tyranitar|Knock Off|p1a: Gliscor
|-crit|p1a: Gliscor
|-damage|p1a: Gliscor|32/100
|-enditem|p1a: Gliscor|Bright Powder|[from] move: Knock Off|[of] p2a: Tyranitar
|
|-weather|none
|upkeep
|
|t:|1785272746
|switch|p2b: Meganium|Meganium-Mega, L50, M|50/100g par
|turn|9
|
|t:|1785272769
|move|p1a: Gliscor|Earthquake|p2a: Tyranitar|[spread] p2a,p2b
|-supereffective|p2a: Tyranitar|1
|-crit|p2a: Tyranitar
|-resisted|p2b: Meganium|1
|-damage|p2a: Tyranitar|0 fnt
|-damage|p2b: Meganium|39/100 par
|faint|p2a: Tyranitar
|move|p2b: Meganium|Dazzling Gleam|p1a: Gliscor
|-damage|p1a: Gliscor|0 fnt
|faint|p1a: Gliscor
|
|win|Prof Cycad
|raw|viatles's rating: 1184 → 1154(-30 for losing)
|raw|Prof Cycad's rating: 1119 → 1149(+30 for winning)
|c|☆viatles|ggs wp
