|j|☆chaoticfarmer
|j|☆emptinessmach
|html|chaoticfarmeremptinessmach    
|uhtml|bestof|Game 2 of a best-of-3
|t:|1757121626
|gametype|doubles
|player|p1|chaoticfarmer|norman|1215
|player|p2|emptinessmach|red|1097
|gen|9
|tier|[Gen 9] VGC 2025 Reg H (Bo3)
|rated|
|rule|Species Clause: Limit one of each Pokémon
|rule|Item Clause: Limit 1 of each item
|clearpoke
|poke|p1|Rillaboom, L50, F|
|poke|p1|Pelipper, L50, F|
|poke|p1|Sneasler, L50, M|
|poke|p1|Cetitan, L50, F|
|poke|p1|Malamar, L50, M|
|poke|p1|Ursaluna-Bloodmoon, L50, M|
|poke|p2|Porygon2, L50|
|poke|p2|Incineroar, L50, F|
|poke|p2|Sneasler, L50, M|
|poke|p2|Amoonguss, L50, F|
|poke|p2|Gholdengo, L50|
|poke|p2|Garchomp, L50, M|
|teampreview|4
|showteam|p1|Rillaboom||AssaultVest|GrassySurge|FakeOut,GrassyGlide,WoodHammer,Uturn|||F|||50|,,,,,Fire]Pelipper||FocusSash|Drizzle|Tailwind,Hurricane,Protect,WeatherBall|||F|||50|,,,,,Fairy]Sneasler||GrassySeed|Unburden|CloseCombat,DireClaw,ThroatChop,Protect|||M|||50|,,,,,Dark]Cetitan||LifeOrb|SheerForce|IcicleCrash,Liquidation,IceShard,Protect|||F|||50|,,,,,Water]Malamar||CovertCloak|Contrary|TopsyTurvy,KnockOff,Superpower,TrickRoom|||M|||50|,,,,,Steel]Ursaluna-Bloodmoon||SilkScarf|MindsEye|BloodMoon,HyperVoice,EarthPower,Protect|||M|||50|,,,,,Ghost
|showteam|p2|Porygon2||Eviolite|Download|TeraBlast,IceBeam,Recover,TrickRoom||||||50|,,,,,Ground]Incineroar||SafetyGoggles|Intimidate|FlareBlitz,KnockOff,FakeOut,PartingShot|||F|||50|,,,,,Ghost]Sneasler||FocusSash|PoisonTouch|DireClaw,CloseCombat,Coaching,Protect|||M|||50|,,,,,Flying]Amoonguss||SitrusBerry|Regenerator|Spore,RagePowder,Protect,PollenPuff|||F|||50|,,,,,Fairy]Gholdengo||LifeOrb|GoodasGold|Protect,NastyPlot,MakeItRain,ShadowBall||||||50|,,,,,Water]Garchomp||ClearAmulet|RoughSkin|Earthquake,Protect,StompingTantrum,DragonClaw|||M|||50|,,,,,Water
|inactive|Battle timer is ON: inactive players will automatically lose when time's up. (requested by chaoticfarmer)
|inactive|chaoticfarmer has 60 seconds left.
|
|t:|1757121671
|teamsize|p1|4
|teamsize|p2|4
|start
|switch|p1a: Malamar|Malamar, L50, M|100/100
|switch|p1b: Sneasler|Sneasler, L50, M|100/100
|switch|p2a: Sneasler|Sneasler, L50, M|100/100
|switch|p2b: Gholdengo|Gholdengo, L50|100/100
|turn|1
|inactive|chaoticfarmer has 30 seconds left.
|inactive|emptinessmach has 30 seconds left.
|inactive|emptinessmach has 20 seconds left.
|
|t:|1757121714
|-terastallize|p2b: Gholdengo|Water
|move|p2a: Sneasler|Dire Claw|p1b: Sneasler
|-resisted|p1b: Sneasler
|-damage|p1b: Sneasler|63/100
|-status|p1b: Sneasler|par
|move|p2b: Gholdengo|Make It Rain|p1b: Sneasler|[spread] p1a,p1b
|-damage|p1a: Malamar|35/100
|-damage|p1b: Sneasler|0 fnt
|-unboost|p2b: Gholdengo|spa|1
|faint|p1b: Sneasler
|-damage|p2b: Gholdengo|91/100|[from] item: Life Orb
|move|p1a: Malamar|Superpower|p2a: Sneasler
|-resisted|p2a: Sneasler
|-damage|p2a: Sneasler|73/100
|-boost|p1a: Malamar|atk|1
|-boost|p1a: Malamar|def|1
|
|upkeep
|
|t:|1757121735
|switch|p1b: Pelipper|Pelipper, L50, F|100/100
|-weather|RainDance|[from] ability: Drizzle|[of] p1b: Pelipper
|turn|2
|
|t:|1757121748
|move|p2a: Sneasler|Dire Claw|p1b: Pelipper
|-damage|p1b: Pelipper|45/100
|move|p1b: Pelipper|Tailwind|p1b: Pelipper
|-sidestart|p1: chaoticfarmer|move: Tailwind
|move|p1a: Malamar|Knock Off|p2b: Gholdengo
|-damage|p2b: Gholdengo|40/100
|-enditem|p2b: Gholdengo|Life Orb|[from] move: Knock Off|[of] p1a: Malamar
|move|p2b: Gholdengo|Make It Rain|p1a: Malamar|[spread] p1a,p1b
|-resisted|p1b: Pelipper
|-damage|p1a: Malamar|0 fnt
|-damage|p1b: Pelipper|16/100
|-unboost|p2b: Gholdengo|spa|1
|faint|p1a: Malamar
|
|-weather|RainDance|[upkeep]
|upkeep
|
|t:|1757121762
|switch|p1a: Ursaluna|Ursaluna-Bloodmoon, L50, M|100/100
|turn|3
|
|t:|1757121776
|move|p2a: Sneasler|Protect|p2a: Sneasler
|-singleturn|p2a: Sneasler|Protect
|move|p1b: Pelipper|Hurricane|p2a: Sneasler
|-activate|p2a: Sneasler|move: Protect
|move|p1a: Ursaluna|Blood Moon|p2b: Gholdengo
|-damage|p2b: Gholdengo|0 fnt
|faint|p2b: Gholdengo
|
|-weather|RainDance|[upkeep]
|upkeep
|
|t:|1757121781
|switch|p2b: Porygon2|Porygon2, L50|100/100
|-ability|p2b: Porygon2|Download|boost
|-boost|p2b: Porygon2|spa|1
|turn|4
|inactive|emptinessmach has 30 seconds left.
|
|t:|1757121814
|switch|p2a: Amoonguss|Amoonguss, L50, F|100/100
|move|p1b: Pelipper|Hurricane|p2a: Amoonguss
|-supereffective|p2a: Amoonguss
|-damage|p2a: Amoonguss|26/100
|-enditem|p2a: Amoonguss|Sitrus Berry|[eat]
|-heal|p2a: Amoonguss|51/100|[from] item: Sitrus Berry
|move|p1a: Ursaluna|Hyper Voice|p2b: Porygon2|[spread] p2a,p2b
|-damage|p2a: Amoonguss|13/100
|-damage|p2b: Porygon2|73/100
|move|p2b: Porygon2|Trick Room|p2b: Porygon2
|-fieldstart|move: Trick Room|[of] p2b: Porygon2
|
|-weather|RainDance|[upkeep]
|upkeep
|turn|5
|inactive|chaoticfarmer has 30 seconds left.
|
|t:|1757121841
|move|p2a: Amoonguss|Spore|p1a: Ursaluna
|-status|p1a: Ursaluna|slp|[from] move: Spore
|move|p2b: Porygon2|Ice Beam|p1b: Pelipper
|-damage|p1b: Pelipper|0 fnt
|faint|p1b: Pelipper
|cant|p1a: Ursaluna|slp
|
|-weather|RainDance|[upkeep]
|-sideend|p1: chaoticfarmer|move: Tailwind
|upkeep
|turn|6
|
|t:|1757121851
|-curestatus|p1a: Ursaluna|slp|[msg]
|move|p1a: Ursaluna|Protect|p1a: Ursaluna
|-singleturn|p1a: Ursaluna|Protect
|move|p2a: Amoonguss|Pollen Puff|p2b: Porygon2
|-heal|p2b: Porygon2|100/100
|move|p2b: Porygon2|Ice Beam|p1a: Ursaluna
|-activate|p1a: Ursaluna|move: Protect
|
|-weather|none
|upkeep
|turn|7
|
|t:|1757121859
|move|p2a: Amoonguss|Spore|p1a: Ursaluna
|-status|p1a: Ursaluna|slp|[from] move: Spore
|move|p2b: Porygon2|Ice Beam|p1a: Ursaluna
|-supereffective|p1a: Ursaluna
|-damage|p1a: Ursaluna|19/100 slp
|cant|p1a: Ursaluna|slp
|
|upkeep
|turn|8
|-message|chaoticfarmer forfeited.
|
|win|emptinessmach
|raw|chaoticfarmer's rating: 1215 → 1182(-33 for losing)
|raw|emptinessmach's rating: 1097 → 1131(+34 for winning)
|l|☆chaoticfarmer
|player|p1|
