|j|☆bosilek
|j|☆gter4qgvtw
|html|bosilekgter4qgvtw    
|uhtml|bestof|Game 1 of a best-of-3
|t:|1756270952
|gametype|doubles
|player|p1|bosilek|hilbert-wonderlauncher|1123
|player|p2|gter4qgvtw|ghetsis|1000
|gen|9
|tier|[Gen 9] VGC 2025 Reg H (Bo3)
|rated|
|rule|Species Clause: Limit one of each Pokémon
|rule|Item Clause: Limit 1 of each item
|clearpoke
|poke|p1|Garchomp, L50, F|
|poke|p1|Talonflame, L50, M|
|poke|p1|Gholdengo, L50|
|poke|p1|Ninetales-Alola, L50, F|
|poke|p1|Hydreigon, L50, M|
|poke|p1|Annihilape, L50, F|
|poke|p2|Ursaluna, L50, M|
|poke|p2|Jumpluff, L50, M|
|poke|p2|Charizard, L50, F|
|poke|p2|Torkoal, L50, M|
|poke|p2|Incineroar, L50, M|
|poke|p2|Porygon2, L50|
|teampreview|4
|showteam|p1|Garchomp||LifeOrb|RoughSkin|Protect,Earthquake,DragonClaw,StompingTantrum|||F|||50|,,,,,Steel]Talonflame||CovertCloak|GaleWings|BraveBird,Taunt,WillOWisp,Tailwind|||M|||50|,,,,,Grass]Gholdengo||MetalCoat|GoodasGold|MakeItRain,ShadowBall,Protect,NastyPlot||||||50|,,,,,Water]Ninetales-Alola||FocusSash|SnowWarning|Blizzard,FreezeDry,Encore,Protect|||F|||50|,,,,,Water]Hydreigon||ChoiceSpecs|Levitate|HeatWave,Snarl,EarthPower,DragonPulse|||M|||50|,,,,,Fire]Annihilape||SafetyGoggles|Defiant|FinalGambit,RageFist,CloseCombat,Protect|||F|||50|,,,,,Fire
|showteam|p2|Ursaluna||FlameOrb|Guts|HeadlongRush,Facade,Earthquake,Protect|||M|||50|,,,,,Ghost]Jumpluff||CovertCloak|Chlorophyll|SleepPowder,SunnyDay,Tailwind,RagePowder|||M|||50|,,,,,Fire]Charizard||ChoiceSpecs|SolarPower|DragonPulse,HeatWave,Overheat,WeatherBall|||F|||50|,,,,,Ghost]Torkoal||EjectPack|Drought|ClearSmog,Eruption,Overheat,Protect|||M|||50|,,,,,Fire]Incineroar||SitrusBerry|Intimidate|FakeOut,FlareBlitz,KnockOff,PartingShot|||M|||50|,,,,,Ghost]Porygon2||Eviolite|Download|TeraBlast,IceBeam,Recover,TrickRoom||||||50|,,,,,Fighting
|
|t:|1756271028
|teamsize|p1|4
|teamsize|p2|4
|start
|switch|p1a: Talonflame|Talonflame, L50, M|100/100
|switch|p1b: Annihilape|Annihilape, L50, F|100/100
|switch|p2a: Incineroar|Incineroar, L50, M|100/100
|switch|p2b: Charizard|Charizard, L50, F|100/100
|-ability|p2a: Incineroar|Intimidate|boost
|-unboost|p1a: Talonflame|atk|1
|-unboost|p1b: Annihilape|atk|1
|-ability|p1b: Annihilape|Defiant|boost
|-boost|p1b: Annihilape|atk|2
|turn|1
|
|t:|1756271051
|-terastallize|p1b: Annihilape|Fire
|move|p2a: Incineroar|Fake Out|p1a: Talonflame
|-damage|p1a: Talonflame|83/100
|move|p1a: Talonflame|Tailwind|p1a: Talonflame
|-sidestart|p1: bosilek|move: Tailwind
|move|p1b: Annihilape|Close Combat|p2a: Incineroar
|-supereffective|p2a: Incineroar
|-damage|p2a: Incineroar|0 fnt
|-unboost|p1b: Annihilape|def|1
|-unboost|p1b: Annihilape|spd|1
|faint|p2a: Incineroar
|move|p2b: Charizard|Overheat|p1b: Annihilape
|-resisted|p1b: Annihilape
|-damage|p1b: Annihilape|40/100
|-unboost|p2b: Charizard|spa|2
|
|upkeep
|
|t:|1756271065
|switch|p2a: Torkoal|Torkoal, L50, M|100/100
|-weather|SunnyDay|[from] ability: Drought|[of] p2a: Torkoal
|turn|2
|
|t:|1756271092
|move|p1a: Talonflame|Brave Bird|p2b: Charizard
|-damage|p2b: Charizard|57/100
|-damage|p1a: Talonflame|69/100|[from] Recoil
|move|p1b: Annihilape|Close Combat|p2a: Torkoal
|-damage|p2a: Torkoal|47/100
|-unboost|p1b: Annihilape|def|1
|-unboost|p1b: Annihilape|spd|1
|move|p2b: Charizard|Overheat|p1b: Annihilape
|-resisted|p1b: Annihilape
|-damage|p1b: Annihilape|0 fnt
|-unboost|p2b: Charizard|spa|2
|faint|p1b: Annihilape
|move|p2a: Torkoal|Clear Smog|p2b: Charizard
|-damage|p2b: Charizard|37/100
|-clearboost|p2b: Charizard
|
|-weather|SunnyDay|[upkeep]
|-damage|p2b: Charizard|25/100|[from] ability: Solar Power|[of] p2b: Charizard
|upkeep
|
|t:|1756271112
|switch|p1b: Hydreigon|Hydreigon, L50, M|100/100
|turn|3
|
|t:|1756271122
|switch|p2b: Ursaluna|Ursaluna, L50, M|100/100
|move|p1a: Talonflame|Taunt|p2a: Torkoal
|-start|p2a: Torkoal|move: Taunt
|move|p1b: Hydreigon|Heat Wave|p2a: Torkoal|[spread] p2a,p2b
|-resisted|p2a: Torkoal
|-damage|p2a: Torkoal|9/100
|-damage|p2b: Ursaluna|48/100
|move|p2a: Torkoal|Overheat|p1b: Hydreigon
|-resisted|p1b: Hydreigon
|-damage|p1b: Hydreigon|56/100
|-unboost|p2a: Torkoal|spa|2
|-enditem|p2a: Torkoal|Eject Pack
|
|t:|1756271136
|switch|p2a: Charizard|Charizard, L50, F|25/100
|
|-weather|SunnyDay|[upkeep]
|-damage|p2a: Charizard|12/100|[from] ability: Solar Power|[of] p2a: Charizard
|-status|p2b: Ursaluna|brn|[from] item: Flame Orb
|upkeep
|turn|4
|
|t:|1756271147
|move|p2b: Ursaluna|Protect|p2b: Ursaluna
|-singleturn|p2b: Ursaluna|Protect
|move|p1a: Talonflame|Brave Bird|p2b: Ursaluna
|-activate|p2b: Ursaluna|move: Protect
|move|p1b: Hydreigon|Heat Wave|p2a: Charizard|[spread] p2a
|-activate|p2b: Ursaluna|move: Protect
|-resisted|p2a: Charizard
|-damage|p2a: Charizard|0 fnt
|faint|p2a: Charizard
|
|-weather|SunnyDay|[upkeep]
|-damage|p2b: Ursaluna|42/100 brn|[from] brn
|-sideend|p1: bosilek|move: Tailwind
|upkeep
|
|t:|1756271155
|switch|p2a: Torkoal|Torkoal, L50, M|9/100
|turn|5
|
|t:|1756271170
|move|p1a: Talonflame|Brave Bird|p2b: Ursaluna
|-damage|p2b: Ursaluna|19/100 brn
|-damage|p1a: Talonflame|58/100|[from] Recoil
|move|p1b: Hydreigon|Heat Wave|p2b: Ursaluna|[spread] p2a,p2b
|-resisted|p2a: Torkoal
|-damage|p2a: Torkoal|0 fnt
|-damage|p2b: Ursaluna|0 fnt
|faint|p2a: Torkoal
|faint|p2b: Ursaluna
|
|win|bosilek
||gter4qgvtw is ready for game 2.
