|j|☆lolgz
|j|☆Lekor
|html|lolgzLekor    
|uhtml|bestof|Game 1 of a best-of-3
|t:|1783318115
|gametype|doubles
|player|p1|lolgz|dawn|1065
|player|p2|Lekor|169|1074
|gen|9
|tier|[Gen 9 Champions] VGC 2026 Reg M-B (Bo3)
|rated|
|rule|Species Clause: Limit one of each Pokémon
|rule|Item Clause: Limit 1 of each item
|clearpoke
|poke|p1|Blaziken, L50, F|
|poke|p1|Vivillon, L50, M|
|poke|p1|Incineroar, L50, F|
|poke|p1|Sinistcha, L50|
|poke|p1|Kingambit, L50, M|
|poke|p1|Floette-Eternal, L50, F|
|poke|p2|Lucario, L50, M|
|poke|p2|Basculegion, L50, M, shiny|
|poke|p2|Talonflame, L50, M, shiny|
|poke|p2|Aerodactyl, L50, F, shiny|
|poke|p2|Serperior, L50, F, shiny|
|poke|p2|Raichu, L50, F|
|teampreview|4
|showteam|p1|Blaziken||Blazikenite|SpeedBoost|CloseCombat,TemperFlare,Protect,SwordsDance|Jolly||F|||50|]Vivillon||ChoiceScarf|CompoundEyes|SleepPowder,Hurricane,RagePowder,Tailwind|Timid||M|||50|]Incineroar||PasshoBerry|Intimidate|PartingShot,FakeOut,ThroatChop,FlareBlitz|Careful||F|||50|]Sinistcha||KasibBerry|Hospitality|MatchaGotcha,RagePowder,LifeDew,Protect|Serious|||||50|]Kingambit||FocusSash|Defiant|SuckerPunch,KowtowCleave,Protect,IronHead|Adamant||M|||50|]Floette-Eternal||Floettite|FlowerVeil|DrainingKiss,DazzlingGleam,CalmMind,Protect|Timid||F|||50|
|showteam|p2|Lucario||Lucarionite|Steadfast|CloseCombat,MeteorMash,BulletPunch,Protect|Jolly||M|||50|]Basculegion||ChoiceScarf|Adaptability|LastRespects,WaveCrash,FlipTurn,PsychicFangs|Adamant||M|||50|]Talonflame||QuickClaw|GaleWings|FlareBlitz,BraveBird,Tailwind,Protect|Jolly||M|||50|]Aerodactyl||WideLens|Unnerve|IronHead,RockSlide,WideGuard,DualWingbeat|Adamant||F|||50|]Serperior||SitrusBerry|Contrary|LeafStorm,Reflect,Protect,LightScreen|Timid||F|||50|]Raichu||FocusSash|LightningRod|WildCharge,FakeOut,PlayRough,Protect|Jolly||F|||50|
|inactive|Battle timer is ON: inactive players will automatically lose when time's up. (requested by lolgz)
|inactive|Lekor has 60 seconds left.
|
|t:|1783318170
|teamsize|p1|4
|teamsize|p2|4
|start
|switch|p1a: Vivillon|Vivillon, L50, M|100/100
|switch|p1b: Blaziken|Blaziken, L50, F|100/100
|switch|p2a: Talonflame|Talonflame, L50, M, shiny|100/100
|switch|p2b: Serperior|Serperior, L50, F, shiny|100/100
|turn|1
|inactive|lolgz has 30 seconds left.
|inactive|Lekor has 30 seconds left.
|
|t:|1783318197
|detailschange|p1b: Blaziken|Blaziken-Mega, L50, F
|-mega|p1b: Blaziken|Blaziken|Blazikenite
|move|p2b: Serperior|Protect|p2b: Serperior
|-singleturn|p2b: Serperior|Protect
|move|p2a: Talonflame|Brave Bird|p1b: Blaziken
|-supereffective|p1b: Blaziken|1
|-damage|p1b: Blaziken|2/100
|-damage|p2a: Talonflame|61/100|[from] Recoil
|move|p1a: Vivillon|Sleep Powder|p2a: Talonflame|[miss]
|-miss|p1a: Vivillon|p2a: Talonflame
|move|p1b: Blaziken|Swords Dance|p1b: Blaziken
|-boost|p1b: Blaziken|atk|2
|
|-ability|p1b: Blaziken|Speed Boost|boost
|-boost|p1b: Blaziken|spe|1
|upkeep
|turn|2
|inactive|Lekor has 30 seconds left.
|inactive|Lekor has 20 seconds left.
|
|t:|1783318235
|move|p1b: Blaziken|Protect|p1b: Blaziken
|-singleturn|p1b: Blaziken|Protect
|move|p1a: Vivillon|Sleep Powder|p2a: Talonflame
|-status|p2a: Talonflame|slp|[from] move: Sleep Powder
|cant|p2a: Talonflame|slp
|move|p2b: Serperior|Reflect|p2b: Serperior
|-sidestart|p2: Lekor|Reflect
|
|-ability|p1b: Blaziken|Speed Boost|boost
|-boost|p1b: Blaziken|spe|1
|upkeep
|turn|3
|
|t:|1783318250
|switch|p1a: Incineroar|Incineroar, L50, F|100/100
|-ability|p1a: Incineroar|Intimidate|boost
|-unboost|p2a: Talonflame|atk|1
|-boost|p2b: Serperior|atk|1
|move|p1b: Blaziken|Temper Flare|p2b: Serperior
|-supereffective|p2b: Serperior|1
|-damage|p2b: Serperior|0 fnt
|faint|p2b: Serperior
|cant|p2a: Talonflame|slp
|
|-ability|p1b: Blaziken|Speed Boost|boost
|-boost|p1b: Blaziken|spe|1
|upkeep
|
|t:|1783318267
|switch|p2b: Aerodactyl|Aerodactyl, L50, F, shiny|100/100
|-ability|p2b: Aerodactyl|Unnerve
|turn|4
|
|t:|1783318292
|move|p1a: Incineroar|Fake Out|p2a: Talonflame
|-damage|p2a: Talonflame|50/100g slp
|move|p1b: Blaziken|Close Combat|p2b: Aerodactyl
|-damage|p2b: Aerodactyl|0 fnt
|-unboost|p1b: Blaziken|def|1
|-unboost|p1b: Blaziken|spd|1
|faint|p2b: Aerodactyl
|-curestatus|p2a: Talonflame|slp|[msg]
|cant|p2a: Talonflame|flinch
|
|-ability|p1b: Blaziken|Speed Boost|boost
|-boost|p1b: Blaziken|spe|1
|upkeep
|
|t:|1783318305
|switch|p2b: Lucario|Lucario, L50, M|100/100
|turn|5
|
|t:|1783318322
|detailschange|p2b: Lucario|Lucario-Mega, L50, M
|-mega|p2b: Lucario|Lucario|Lucarionite
|move|p1b: Blaziken|Protect|p1b: Blaziken
|-singleturn|p1b: Blaziken|Protect
|move|p2b: Lucario|Bullet Punch|p1b: Blaziken
|-activate|p1b: Blaziken|move: Protect
|move|p2a: Talonflame|Tailwind|p2a: Talonflame
|-sidestart|p2: Lekor|move: Tailwind
|move|p1a: Incineroar|Flare Blitz|p2b: Lucario
|-supereffective|p2b: Lucario|1
|-damage|p2b: Lucario|12/100
|-damage|p1a: Incineroar|78/100|[from] Recoil
|
|-ability|p1b: Blaziken|Speed Boost|boost
|-boost|p1b: Blaziken|spe|1
|upkeep
|turn|6
|inactive|Lekor has 30 seconds left.
|
|t:|1783318357
|switch|p1a: Sinistcha|Sinistcha, L50|100/100
|-heal|p1b: Blaziken|27/100|[from] ability: Hospitality|[of] p1a: Sinistcha
|move|p2b: Lucario|Bullet Punch|p1b: Blaziken
|-resisted|p1b: Blaziken|1
|-damage|p1b: Blaziken|2/100
|move|p1b: Blaziken|Close Combat|p2a: Talonflame
|-resisted|p2a: Talonflame|1
|-damage|p2a: Talonflame|0 fnt
|-unboost|p1b: Blaziken|def|1
|-unboost|p1b: Blaziken|spd|1
|faint|p2a: Talonflame
|
|-sideend|p2: Lekor|Reflect
|-ability|p1b: Blaziken|Speed Boost|boost
|-boost|p1b: Blaziken|spe|1
|upkeep
|turn|7
|
|t:|1783318374
|move|p1a: Sinistcha|Rage Powder|p1a: Sinistcha
|-singleturn|p1a: Sinistcha|move: Rage Powder
|move|p2b: Lucario|Bullet Punch|p1a: Sinistcha
|-damage|p1a: Sinistcha|73/100
|move|p1b: Blaziken|Temper Flare|p2b: Lucario
|-supereffective|p2b: Lucario|1
|-damage|p2b: Lucario|0 fnt
|faint|p2b: Lucario
|
|win|lolgz
