|j|☆John1240
|j|☆jackylechicken
|html|John1240jackylechicken    
|uhtml|bestof|Game 3 of a best-of-3
|t:|1782505022
|gametype|doubles
|player|p1|John1240|#stt5noadkokoroyal|
|player|p2|jackylechicken|pokefan|
|gen|9
|tier|[Gen 9 Champions] VGC 2026 Reg M-B (Bo3)
|rule|Species Clause: Limit one of each Pokémon
|rule|Item Clause: Limit 1 of each item
|clearpoke
|poke|p1|Pyroar, L50, M|
|poke|p1|Whimsicott, L50, M|
|poke|p1|Ninetales, L50, M|
|poke|p1|Farigiraf, L50, M|
|poke|p1|Basculegion, L50, M|
|poke|p1|Floette-Eternal, L50, F|
|poke|p2|Staraptor, L50, M|
|poke|p2|Gholdengo, L50|
|poke|p2|Kingambit, L50, F|
|poke|p2|Whimsicott, L50, F|
|poke|p2|Basculegion, L50, M|
|poke|p2|Blaziken, L50, M|
|teampreview|4
|showteam|p1|Pyroar||Pyroarite|Unnerve|HeatWave,SolarBeam,Overheat,Protect|Timid||M|||50|]Whimsicott||FocusSash|Prankster|Moonblast,Tailwind,SunnyDay,Protect|Timid||M|||50|]Ninetales||ChoiceScarf|Drought|Overheat,HeatWave,SolarBeam,FakeTears|Modest||M|||50|]Farigiraf||SitrusBerry|ArmorTail|Thunderbolt,TwinBeam,TrickRoom,HelpingHand|Bold||M|||50|]Basculegion||LifeOrb|Adaptability|WaveCrash,LastRespects,AquaJet,Protect|Adamant||M|||50|]Floette-Eternal||Floettite|FlowerVeil|Moonblast,DazzlingGleam,LightofRuin,Protect|Timid||F|||50|
|showteam|p2|Staraptor||Staraptite|Intimidate|CloseCombat,BraveBird,BlazeKick,Protect|Jolly||M|||50|]Gholdengo||LifeOrb|GoodasGold|MakeItRain,ShadowBall,NastyPlot,Protect|Modest|||||50|]Kingambit||BlackGlasses|Defiant|KowtowCleave,SuckerPunch,IronHead,Protect|Adamant||F|||50|]Whimsicott||FairyFeather|Prankster|Moonblast,Charm,Tailwind,Encore|Modest||F|||50|]Basculegion||ChoiceScarf|Adaptability|WaveCrash,AquaJet,FlipTurn,LastRespects|Jolly||M|||50|]Blaziken||Blazikenite|SpeedBoost|FlareBlitz,CloseCombat,Protect,RockSlide|Adamant||M|||50|
|j| MIss Leafia
|j| yuna sky pillar
|j| seriflor
|c| yuna sky pillar|On lâche rien collègue !!.
|
|t:|1782505082
|teamsize|p1|4
|teamsize|p2|4
|start
|switch|p1a: Farigiraf|Farigiraf, L50, M|100/100
|switch|p1b: Basculegion|Basculegion, L50, M|100/100
|switch|p2a: Le chicken|Blaziken, L50, M|100/100
|switch|p2b: Remontadâme|Basculegion, L50, M|100/100
|turn|1
|
|t:|1782505105
|detailschange|p2a: Le chicken|Blaziken-Mega, L50, M
|-mega|p2a: Le chicken|Blaziken|Blazikenite
|move|p1b: Basculegion|Protect|p1b: Basculegion
|-singleturn|p1b: Basculegion|Protect
|move|p2b: Remontadâme|Wave Crash|p1a: Farigiraf
|-damage|p1a: Farigiraf|37/100
|-enditem|p1a: Farigiraf|Sitrus Berry|[eat]
|-heal|p1a: Farigiraf|62/100|[from] item: Sitrus Berry
|-damage|p2b: Remontadâme|76/100|[from] Recoil
|move|p2a: Le chicken|Close Combat|p1a: Farigiraf
|-crit|p1a: Farigiraf
|-damage|p1a: Farigiraf|0 fnt
|-unboost|p2a: Le chicken|def|1
|-unboost|p2a: Le chicken|spd|1
|faint|p1a: Farigiraf
|
|-ability|p2a: Le chicken|Speed Boost|boost
|-boost|p2a: Le chicken|spe|1
|upkeep
|
|t:|1782505123
|switch|p1a: Ninetales|Ninetales, L50, M|100/100
|-weather|SunnyDay|[from] ability: Drought|[of] p1a: Ninetales
|turn|2
|
|t:|1782505153
|switch|p2b: Prince Fluff|Whimsicott, L50, F|100/100
|move|p2a: Le chicken|Protect|p2a: Le chicken
|-singleturn|p2a: Le chicken|Protect
|move|p1a: Ninetales|Solar Beam||[still]
|-prepare|p1a: Ninetales|Solar Beam
|-anim|p1a: Ninetales|Solar Beam|p2b: Prince Fluff
|-resisted|p2b: Prince Fluff|1
|-damage|p2b: Prince Fluff|77/100
|move|p1b: Basculegion|Last Respects|p2a: Le chicken
|-activate|p2a: Le chicken|move: Protect
|
|-weather|SunnyDay|[upkeep]
|-ability|p2a: Le chicken|Speed Boost|boost
|-boost|p2a: Le chicken|spe|1
|upkeep
|turn|3
|
|t:|1782505179
|switch|p2a: Sho-Gun|Kingambit, L50, F|100/100
|move|p2b: Prince Fluff|Encore|p1a: Ninetales
|-start|p1a: Ninetales|Encore
|move|p1a: Ninetales|Solar Beam||[still]
|-prepare|p1a: Ninetales|Solar Beam
|-anim|p1a: Ninetales|Solar Beam|p2a: Sho-Gun
|-resisted|p2a: Sho-Gun|1
|-damage|p2a: Sho-Gun|79/100
|move|p1b: Basculegion|Last Respects|p2a: Sho-Gun
|-resisted|p2a: Sho-Gun|1
|-damage|p2a: Sho-Gun|38/100
|-damage|p1b: Basculegion|90/100|[from] item: Life Orb
|
|-weather|SunnyDay|[upkeep]
|upkeep
|turn|4
|
|t:|1782505199
|switch|p1a: Pyroar|Pyroar, L50, M|100/100
|-ability|p1a: Pyroar|Unnerve
|move|p1b: Basculegion|Protect|p1b: Basculegion
|-singleturn|p1b: Basculegion|Protect
|move|p2a: Sho-Gun|Sucker Punch||[still]
|-fail|p2a: Sho-Gun
|move|p2b: Prince Fluff|Moonblast|p1b: Basculegion
|-activate|p1b: Basculegion|move: Protect
|
|-weather|SunnyDay|[upkeep]
|upkeep
|turn|5
|
|t:|1782505225
|switch|p1b: Ninetales|Ninetales, L50, M|100/100
|detailschange|p1a: Pyroar|Pyroar-Mega, L50, M
|-mega|p1a: Pyroar|Pyroar|Pyroarite
|move|p2b: Prince Fluff|Tailwind|p2b: Prince Fluff
|-sidestart|p2: jackylechicken|move: Tailwind
|move|p2a: Sho-Gun|Sucker Punch||[still]
|-fail|p2a: Sho-Gun
|move|p1a: Pyroar|Heat Wave|p2b: Prince Fluff|[spread] p2a,p2b
|-supereffective|p2a: Sho-Gun|1
|-supereffective|p2b: Prince Fluff|1
|-damage|p2a: Sho-Gun|0 fnt
|-damage|p2b: Prince Fluff|0 fnt
|faint|p2a: Sho-Gun
|faint|p2b: Prince Fluff
|
|-weather|SunnyDay|[upkeep]
|upkeep
|
|t:|1782505240
|switch|p2b: Le chicken|Blaziken-Mega, L50, M|100/100
|switch|p2a: Remontadâme|Basculegion, L50, M|76/100
|turn|6
|
|t:|1782505261
|move|p2a: Remontadâme|Last Respects|p1b: Ninetales
|-damage|p1b: Ninetales|0 fnt
|faint|p1b: Ninetales
|move|p2b: Le chicken|Close Combat|p1a: Pyroar
|-supereffective|p1a: Pyroar|1
|-damage|p1a: Pyroar|0 fnt
|-unboost|p2b: Le chicken|def|1
|-unboost|p2b: Le chicken|spd|1
|faint|p1a: Pyroar
|
|-weather|none
|-ability|p2b: Le chicken|Speed Boost|boost
|-boost|p2b: Le chicken|spe|1
|upkeep
|c|☆John1240|gg
|c|☆jackylechicken|gg
|c| seriflor|Le remontadâme qui porte son nom
|-message|John1240 forfeited.
|
|win|jackylechicken
|l|☆John1240
|player|p1|
|j|☆John1240
|player|p1|John1240|#stt5noadkokoroyal|
|c|☆John1240|le crit change un peu quand meme
|c| seriflor|Yep
|l| MIss Leafia
|c| seriflor|En fonction des EV ça change une game
|c|☆John1240|ah bah j'étais full hp 20 def +def
