|j|☆Deseret Gaming
|j|☆testdigi
|html|Deseret Gamingtestdigi    
|uhtml|bestof|Game 1 of a best-of-3
|t:|1785177228
|gametype|doubles
|player|p1|Deseret Gaming|cilan|1115
|player|p2|testdigi|169|1223
|gen|9
|tier|[Gen 9 Champions] VGC 2026 Reg M-B (Bo3)
|rated|
|rule|Species Clause: Limit one of each Pokémon
|rule|Item Clause: Limit 1 of each item
|clearpoke
|poke|p1|Chesnaught, L50, F|
|poke|p1|Kingambit, L50, F|
|poke|p1|Pelipper, L50, M|
|poke|p1|Sinistcha-Masterpiece, L50|
|poke|p1|Eelektross, L50, M|
|poke|p1|Farigiraf, L50, F|
|poke|p2|Raichu, L50, M|
|poke|p2|Toxapex, L50, F|
|poke|p2|Mamoswine, L50, F|
|poke|p2|Sylveon, L50, M|
|poke|p2|Corviknight, L50, F|
|poke|p2|Basculegion, L50, M|
|teampreview|4
|showteam|p1|Chesnaught||Chesnaughtite|Bulletproof|WoodHammer,DrainPunch,ThunderPunch,SpikyShield|Adamant||F|||50|]Kingambit||LifeOrb|Defiant|SuckerPunch,KowtowCleave,IronHead,Protect|Brave||F|||50|]Pelipper||FocusSash|Drizzle|WideGuard,Tailwind,WeatherBall,Hurricane|Modest||M|||50|]Sinistcha-Masterpiece||SitrusBerry|Hospitality|MatchaGotcha,RagePowder,LifeDew,TrickRoom|Relaxed|||||50|]Eelektross||Eelektrossite|Levitate|PoisonFang,RockSlide,WildCharge,Protect|Adamant||M|||50|]Farigiraf||MentalHerb|ArmorTail|TwinBeam,AllySwitch,TrickRoom,DazzlingGleam|Quiet||F|||50|
|showteam|p2|Raichu||RaichuniteY|LightningRod|ZapCannon,FocusBlast,FakeOut,Protect|Timid||M|||50|]Toxapex||Leftovers|Regenerator|Infestation,Toxic,WideGuard,BanefulBunker|Relaxed||F|||50|]Mamoswine||LifeOrb|Oblivious|StompingTantrum,IceShard,RockSlide,Protect|Adamant||F|||50|]Sylveon||FairyFeather|Pixilate|HyperVoice,QuickAttack,Yawn,Detect|Modest||M|||50|]Corviknight||OccaBerry|MirrorArmor|IronHead,BraveBird,Tailwind,Protect|Adamant||F|||50|]Basculegion||FocusSash|Adaptability|LastRespects,Liquidation,AquaJet,Protect|Adamant||M|||50|
|inactive|Battle timer is ON: inactive players will automatically lose when time's up. (requested by Deseret Gaming)
|
|t:|1785177257
|teamsize|p1|4
|teamsize|p2|4
|start
|switch|p1a: D&C 89:9|Sinistcha-Masterpiece, L50|100/100
|switch|p1b: Eze.37:15-19|Farigiraf, L50, F|100/100
|switch|p2a: Corviknight|Corviknight, L50, F|100/100
|switch|p2b: Raichu|Raichu, L50, M|100/100
|turn|1
|
|t:|1785177278
|detailschange|p2b: Raichu|Raichu-Mega-Y, L50, M
|-mega|p2b: Raichu|Raichu|Raichunite Y
|move|p1b: Eze.37:15-19|Ally Switch|p1b: Eze.37:15-19
|swap|p1b: Eze.37:15-19|0|[from] move: Ally Switch
|move|p2b: Raichu|Zap Cannon|p1a: Eze.37:15-19
|-damage|p1a: Eze.37:15-19|37/100
|-status|p1a: Eze.37:15-19|par
|move|p2a: Corviknight|Brave Bird|p1a: Eze.37:15-19
|-damage|p1a: Eze.37:15-19|0 fnt
|faint|p1a: Eze.37:15-19
|-damage|p2a: Corviknight|86/100|[from] Recoil
|move|p1b: D&C 89:9|Trick Room|p1b: D&C 89:9
|-fieldstart|move: Trick Room|[of] p1b: D&C 89:9
|
|upkeep
|
|t:|1785177291
|switch|p1a: Helaman16:2|Chesnaught, L50, F|100/100
|turn|2
|inactive|Deseret Gaming has 30 seconds left.
|inactive|testdigi has 30 seconds left.
|
|t:|1785177318
|detailschange|p1a: Helaman16:2|Chesnaught-Mega, L50, F
|-mega|p1a: Helaman16:2|Chesnaught|Chesnaughtite
|move|p1b: D&C 89:9|Rage Powder|p1b: D&C 89:9
|-singleturn|p1b: D&C 89:9|move: Rage Powder
|move|p1a: Helaman16:2|Thunder Punch|p2a: Corviknight
|-supereffective|p2a: Corviknight|1
|-damage|p2a: Corviknight|31/100
|move|p2a: Corviknight|Brave Bird|p1b: D&C 89:9
|-supereffective|p1b: D&C 89:9|1
|-damage|p1b: D&C 89:9|29/100
|-enditem|p1b: D&C 89:9|Sitrus Berry|[eat]
|-heal|p1b: D&C 89:9|53/100|[from] item: Sitrus Berry
|-damage|p2a: Corviknight|11/100|[from] Recoil
|move|p2b: Raichu|Zap Cannon|p1b: D&C 89:9
|-resisted|p1b: D&C 89:9|1
|-damage|p1b: D&C 89:9|15/100
|-status|p1b: D&C 89:9|par
|
|upkeep
|turn|3
|
|t:|1785177340
|move|p2a: Corviknight|Protect|p2a: Corviknight
|-singleturn|p2a: Corviknight|Protect
|move|p1b: D&C 89:9|Rage Powder|p1b: D&C 89:9
|-singleturn|p1b: D&C 89:9|move: Rage Powder
|move|p1a: Helaman16:2|Wood Hammer|p2b: Raichu
|-damage|p2b: Raichu|0 fnt
|faint|p2b: Raichu
|-damage|p1a: Helaman16:2|73/100|[from] Recoil
|
|upkeep
|
|t:|1785177347
|switch|p2b: Sylveon|Sylveon, L50, M|100/100
|turn|4
|
|t:|1785177356
|switch|p2a: Mamoswine|Mamoswine, L50, F|100/100
|move|p1b: D&C 89:9|Life Dew|p1b: D&C 89:9|[spread] p1a,p1b
|-heal|p1a: Helaman16:2|98/100
|-heal|p1b: D&C 89:9|41/100 par
|move|p1a: Helaman16:2|Thunder Punch|p2a: Mamoswine
|-immune|p2a: Mamoswine
|move|p2b: Sylveon|Hyper Voice|p1b: D&C 89:9|[spread] p1a,p1b
|-supereffective|p1a: Helaman16:2|1
|-damage|p1a: Helaman16:2|24/100
|-damage|p1b: D&C 89:9|0 fnt
|faint|p1b: D&C 89:9
|
|upkeep
|
|t:|1785177368
|switch|p1b: Mos. 29:17|Kingambit, L50, F|100/100
|turn|5
|
|t:|1785177377
|move|p1a: Helaman16:2|Spiky Shield|p1a: Helaman16:2
|-singleturn|p1a: Helaman16:2|move: Protect
|move|p2b: Sylveon|Detect|p2b: Sylveon
|-singleturn|p2b: Sylveon|Protect
|move|p2a: Mamoswine|Protect|p2a: Mamoswine
|-singleturn|p2a: Mamoswine|Protect
|move|p1b: Mos. 29:17|Iron Head|p2a: Mamoswine
|-activate|p2a: Mamoswine|move: Protect
|
|-fieldend|move: Trick Room
|upkeep
|turn|6
|
|t:|1785177397
|switch|p2a: Corviknight|Corviknight, L50, F|11/100
|move|p2b: Sylveon|Yawn|p1a: Helaman16:2
|-start|p1a: Helaman16:2|move: Yawn|[of] p2b: Sylveon
|move|p1a: Helaman16:2|Drain Punch|p2a: Corviknight
|-damage|p2a: Corviknight|0 fnt
|-heal|p1a: Helaman16:2|30/100|[from] drain|[of] p2a: Corviknight
|faint|p2a: Corviknight
|move|p1b: Mos. 29:17|Iron Head|p2b: Sylveon
|-supereffective|p2b: Sylveon|1
|-damage|p2b: Sylveon|0 fnt
|faint|p2b: Sylveon
|-damage|p1b: Mos. 29:17|90/100|[from] item: Life Orb
|
|upkeep
|
|t:|1785177406
|switch|p2b: Mamoswine|Mamoswine, L50, F|100/100
|turn|7
|
|t:|1785177424
|move|p2b: Mamoswine|Protect|p2b: Mamoswine
|-singleturn|p2b: Mamoswine|Protect
|move|p1a: Helaman16:2|Drain Punch|p2b: Mamoswine
|-activate|p2b: Mamoswine|move: Protect
|move|p1b: Mos. 29:17|Iron Head|p2b: Mamoswine
|-activate|p2b: Mamoswine|move: Protect
|
|-end|p1a: Helaman16:2|move: Yawn|[silent]
|-status|p1a: Helaman16:2|slp
|upkeep
|turn|8
|
|t:|1785177435
|cant|p1a: Helaman16:2|slp
|move|p2b: Mamoswine|Stomping Tantrum|p1b: Mos. 29:17
|-supereffective|p1b: Mos. 29:17|1
|-damage|p1b: Mos. 29:17|11/100
|-damage|p2b: Mamoswine|90/100|[from] item: Life Orb
|move|p1b: Mos. 29:17|Iron Head|p2b: Mamoswine
|-supereffective|p2b: Mamoswine|1
|-damage|p2b: Mamoswine|0 fnt
|faint|p2b: Mamoswine
|-damage|p1b: Mos. 29:17|1/100|[from] item: Life Orb
|
|win|Deseret Gaming
||testdigi is ready for game 2.
||Deseret Gaming is ready for game 2.
|uhtml|next|Next: Game 2 of 3
|l|☆Deseret Gaming
|player|p1|
