|j|☆Grafaiaii
|j|☆Quill86
|html|GrafaiaiiQuill86    
|uhtml|bestof|Game 3 of a best-of-3
|t:|1757820732
|gametype|doubles
|player|p1|Grafaiaii|170|1072
|player|p2|Quill86|lucas|1105
|gen|9
|tier|[Gen 9] VGC 2025 Reg H (Bo3)
|rated|
|rule|Species Clause: Limit one of each Pokémon
|rule|Item Clause: Limit 1 of each item
|clearpoke
|poke|p1|Clefable, L50, F|
|poke|p1|Kommo-o, L50, F|
|poke|p1|Rillaboom, L50, M|
|poke|p1|Zoroark-Hisui, L50, M|
|poke|p1|Kingambit, L50, M|
|poke|p1|Dragonite, L50, F|
|poke|p2|Incineroar, L50, F|
|poke|p2|Gholdengo, L50|
|poke|p2|Ursaluna-Bloodmoon, L50, M|
|poke|p2|Indeedee-F, L50, F|
|poke|p2|Gallade, L50, M|
|poke|p2|Torkoal, L50, M|
|teampreview|4
|showteam|p1|Clefable||SitrusBerry|Unaware|Moonblast,FollowMe,HelpingHand,ThunderWave|||F|||50|,,,,,Poison]Kommo-o||ThroatSpray|Overcoat|ClangorousSoul,ClangingScales,Flamethrower,Protect|||F|||50|,,,,,Steel]Rillaboom||AssaultVest|GrassySurge|DrumBeating,GrassyGlide,FakeOut,Uturn|||M|||50|,,,,,Fire]Zoroark-Hisui||FocusSash|Illusion|HyperVoice,HyperBeam,ShadowBall,Protect|||M|||50|,,,,,Normal]Kingambit||BlackGlasses|Defiant|Assurance,IronHead,SuckerPunch,Protect|||M|||50|,,,,,Dark]Dragonite||LoadedDice|Multiscale|Tailwind,BrickBreak,ScaleShot,ExtremeSpeed|||F|||50|,,,,,Steel
|showteam|p2|Incineroar||SafetyGoggles|Intimidate|FakeOut,FlareBlitz,KnockOff,PartingShot|||F|||50|,,,,,Ghost]Gholdengo||SitrusBerry|GoodasGold|MakeItRain,ShadowBall,NastyPlot,Protect||||||50|,,,,,Water]Ursaluna-Bloodmoon||LifeOrb|MindsEye|BloodMoon,HyperVoice,EarthPower,Protect|||M|||50|,,,,,Normal]Indeedee-F||PsychicSeed|PsychicSurge|FollowMe,TrickRoom,HelpingHand,DazzlingGleam|||F|||50|,,,,,Fairy]Gallade||ClearAmulet|Sharpness|SacredSword,PsychoCut,WideGuard,TrickRoom|||M|||50|,,,,,Grass]Torkoal||Leftovers|Drought|Eruption,WeatherBall,Yawn,Protect|||M|||50|,,,,,Fire
|inactive|Battle timer is ON: inactive players will automatically lose when time's up. (requested by Quill86)
|inactive|Grafaiaii has 60 seconds left.
|
|t:|1757820772
|teamsize|p1|4
|teamsize|p2|4
|start
|switch|p1a: Clefable|Clefable, L50, F, shiny|100/100
|switch|p1b: Kommo-o|Kommo-o, L50, F|100/100
|switch|p2a: Indeedee|Indeedee-F, L50, F|100/100
|switch|p2b: Gallade|Gallade, L50, M|100/100
|-fieldstart|move: Psychic Terrain|[from] ability: Psychic Surge|[of] p2a: Indeedee
|-enditem|p2a: Indeedee|Psychic Seed
|-boost|p2a: Indeedee|spd|1|[from] item: Psychic Seed
|turn|1
|
|t:|1757820786
|move|p1a: Clefable|Follow Me|p1a: Clefable
|-singleturn|p1a: Clefable|move: Follow Me
|move|p1b: Kommo-o|Clangorous Soul|p1b: Kommo-o
|-boost|p1b: Kommo-o|atk|1
|-boost|p1b: Kommo-o|def|1
|-boost|p1b: Kommo-o|spa|1
|-boost|p1b: Kommo-o|spd|1
|-boost|p1b: Kommo-o|spe|1
|-damage|p1b: Kommo-o|68/100
|-enditem|p1b: Kommo-o|Throat Spray
|-boost|p1b: Kommo-o|spa|1|[from] item: Throat Spray
|move|p2b: Gallade|Psycho Cut|p1a: Clefable
|-damage|p1a: Clefable|41/100
|-enditem|p1a: Clefable|Sitrus Berry|[eat]
|-heal|p1a: Clefable|65/100|[from] item: Sitrus Berry
|move|p2a: Indeedee|Trick Room|p2a: Indeedee
|-fieldstart|move: Trick Room|[of] p2a: Indeedee
|
|upkeep
|turn|2
|
|t:|1757820809
|move|p2a: Indeedee|Helping Hand|p2b: Gallade
|-singleturn|p2b: Gallade|Helping Hand|[of] p2a: Indeedee
|move|p1a: Clefable|Follow Me|p1a: Clefable
|-singleturn|p1a: Clefable|move: Follow Me
|move|p2b: Gallade|Psycho Cut|p1a: Clefable
|-damage|p1a: Clefable|0 fnt
|faint|p1a: Clefable
|move|p1b: Kommo-o|Clanging Scales|p2b: Gallade|[spread] p2a,p2b
|-damage|p2a: Indeedee|59/100
|-damage|p2b: Gallade|36/100
|-unboost|p1b: Kommo-o|def|1
|
|upkeep
|
|t:|1757820819
|switch|p1a: Rillaboom|Rillaboom, L50, M|100/100
|-fieldstart|move: Grassy Terrain|[from] ability: Grassy Surge|[of] p1a: Rillaboom
|turn|3
|inactive|Grafaiaii has 30 seconds left.
|inactive|Grafaiaii has 20 seconds left.
|inactive|Grafaiaii has 15 seconds left.
|
|t:|1757820860
|switch|p2a: Incineroar|Incineroar, L50, F|100/100
|-ability|p2a: Incineroar|Intimidate|boost
|-unboost|p1a: Rillaboom|atk|1
|-unboost|p1b: Kommo-o|atk|1
|-terastallize|p1a: Rillaboom|Fire
|move|p1a: Rillaboom|Grassy Glide|p2b: Gallade
|-damage|p2b: Gallade|3/100
|move|p2b: Gallade|Psycho Cut|p1b: Kommo-o
|-supereffective|p1b: Kommo-o
|-damage|p1b: Kommo-o|0 fnt
|faint|p1b: Kommo-o
|
|-heal|p2b: Gallade|9/100|[from] Grassy Terrain
|upkeep
|
|t:|1757820869
|switch|p1b: Dragonite|Dragonite, L50, F, shiny|100/100
|turn|4
|
|t:|1757820888
|switch|p2a: Indeedee|Indeedee-F, L50, F|59/100
|-fieldstart|move: Psychic Terrain|[from] ability: Psychic Surge|[of] p2a: Indeedee
|move|p2b: Gallade|Sacred Sword|p1a: Rillaboom
|-damage|p1a: Rillaboom|28/100
|move|p1b: Dragonite|Scale Shot|p2a: Indeedee
|-damage|p2a: Indeedee|45/100
|-damage|p2a: Indeedee|33/100
|-damage|p2a: Indeedee|20/100
|-damage|p2a: Indeedee|6/100
|-hitcount|p2a: Indeedee|4
|-unboost|p1b: Dragonite|def|1
|-boost|p1b: Dragonite|spe|1
|move|p1a: Rillaboom|Drum Beating|p2b: Gallade
|-damage|p2b: Gallade|0 fnt
|faint|p2b: Gallade
|
|upkeep
|
|t:|1757820892
|switch|p2b: Torkoal|Torkoal, L50, M|100/100
|-weather|SunnyDay|[from] ability: Drought|[of] p2b: Torkoal
|turn|5
|
|t:|1757820908
|-terastallize|p2a: Indeedee|Fairy
|move|p2b: Torkoal|Eruption|p1a: Rillaboom|[spread] p1a,p1b
|-resisted|p1a: Rillaboom
|-resisted|p1b: Dragonite
|-damage|p1a: Rillaboom|2/100
|-damage|p1b: Dragonite|82/100
|move|p2a: Indeedee|Dazzling Gleam|p1b: Dragonite|[spread] p1a,p1b
|-resisted|p1a: Rillaboom
|-supereffective|p1b: Dragonite
|-damage|p1a: Rillaboom|0 fnt
|-damage|p1b: Dragonite|44/100
|faint|p1a: Rillaboom
|move|p1b: Dragonite|Scale Shot|p2b: Torkoal|[miss]
|-miss|p1b: Dragonite|p2b: Torkoal
|
|-weather|SunnyDay|[upkeep]
|-fieldend|move: Trick Room
|upkeep
|turn|6
|-message|Grafaiaii forfeited.
|
|win|Quill86
|raw|Grafaiaii's rating: 1072 → 1053(-19 for losing)
|raw|Quill86's rating: 1105 → 1128(+23 for winning)
|l|☆Grafaiaii
|player|p1|
