|j|☆h0000n
|j|☆Shaymin frohawk
|html|h0000nShaymin frohawk    
|uhtml|bestof|Game 1 of a best-of-3
|t:|1786119543
|gametype|doubles
|player|p1|h0000n|hoopster|1170
|player|p2|Shaymin frohawk|101|1168
|gen|9
|tier|[Gen 9 Champions] VGC 2026 Reg M-B (Bo3)
|rated|
|rule|Species Clause: Limit one of each Pokémon
|rule|Item Clause: Limit 1 of each item
|clearpoke
|poke|p1|Charizard, L50, F|
|poke|p1|Venusaur, L50, M|
|poke|p1|Incineroar, L50, F|
|poke|p1|Garchomp, L50, M|
|poke|p1|Sylveon, L50, M|
|poke|p1|Mamoswine, L50, M|
|poke|p2|Raichu, L50, M|
|poke|p2|Staraptor, L50, M|
|poke|p2|Arcanine-Hisui, L50, M|
|poke|p2|Sylveon, L50, F|
|poke|p2|Farigiraf, L50, F|
|poke|p2|Kingambit, L50, F|
|teampreview|4
|showteam|p1|Charizard||CharizarditeY|Blaze|HelpingHand,HeatWave,SolarBeam,Protect|Bold||F|||50|]Venusaur||LifeOrb|Chlorophyll|SolarBeam,Protect,SludgeBomb,EarthPower|Modest||M|||50|]Incineroar||Leftovers|Intimidate|FakeOut,FlareBlitz,PartingShot,DarkestLariat|Adamant||F|||50|]Garchomp||SitrusBerry|RoughSkin|Earthquake,DragonClaw,RockSlide,Protect|Jolly||M|||50|]Sylveon||FairyFeather|Pixilate|Detect,HyperVoice,QuickAttack,Yawn|Modest||M|||50|]Mamoswine||FocusSash|Oblivious|Earthquake,IceShard,IcicleCrash,Protect|Jolly||M|||50|
|showteam|p2|Raichu||RaichuniteY|LightningRod|ZapCannon,FocusBlast,FakeOut,Protect|Hasty||M|||50|]Staraptor||Staraptite|Intimidate|DualWingbeat,CloseCombat,Tailwind,Protect|Jolly||M|||50|]Arcanine-Hisui||FocusSash|RockHead|FlareBlitz,HeadSmash,ExtremeSpeed,Protect|Jolly||M|||50|]Sylveon||FairyFeather|Pixilate|HyperBeam,HyperVoice,QuickAttack,Detect|Modest||F|||50|]Farigiraf||SitrusBerry|ArmorTail|TrickRoom,Protect,Psychic,HelpingHand|Calm||F|||50|]Kingambit||LifeOrb|Defiant|KowtowCleave,SuckerPunch,Protect,SwordsDance|Adamant||F|||50|
|
|t:|1786119569
|teamsize|p1|4
|teamsize|p2|4
|start
|switch|p1a: Garchomp|Garchomp, L50, M|100/100
|switch|p1b: Incineroar|Incineroar, L50, F|100/100
|switch|p2a: Staraptor|Staraptor, L50, M|100/100
|switch|p2b: Raichu|Raichu, L50, M|100/100
|-ability|p2a: Staraptor|Intimidate|boost
|-unboost|p1a: Garchomp|atk|1
|-unboost|p1b: Incineroar|atk|1
|-ability|p1b: Incineroar|Intimidate|boost
|-unboost|p2a: Staraptor|atk|1
|-unboost|p2b: Raichu|atk|1
|turn|1
|
|t:|1786119617
|switch|p1a: Venusaur|Venusaur, L50, M|100/100
|move|p2b: Raichu|Fake Out|p1b: Incineroar
|-damage|p1b: Incineroar|93/100
|move|p2a: Staraptor|Tailwind|p2a: Staraptor
|-sidestart|p2: Shaymin frohawk|move: Tailwind
|cant|p1b: Incineroar|flinch
|
|-heal|p1b: Incineroar|99/100|[from] item: Leftovers
|upkeep
|turn|2
|
|t:|1786119634
|switch|p2b: Sylveon|Sylveon, L50, F|100/100
|detailschange|p2a: Staraptor|Staraptor-Mega, L50, M
|-mega|p2a: Staraptor|Staraptor|Staraptite
|move|p1a: Venusaur|Protect|p1a: Venusaur
|-singleturn|p1a: Venusaur|Protect
|move|p2a: Staraptor|Dual Wingbeat|p1a: Venusaur
|-activate|p1a: Venusaur|move: Protect
|move|p1b: Incineroar|Parting Shot|p2b: Sylveon
|-unboost|p2b: Sylveon|atk|1
|-unboost|p2b: Sylveon|spa|1
|
|t:|1786119650
|switch|p1b: Garchomp|Garchomp, L50, M|100/100|[from] Parting Shot
|
|upkeep
|turn|3
|
|t:|1786119660
|switch|p1a: Charizard|Charizard, L50, F|100/100
|move|p1b: Garchomp|Protect|p1b: Garchomp
|-singleturn|p1b: Garchomp|Protect
|move|p2a: Staraptor|Dual Wingbeat|p1a: Charizard
|-damage|p1a: Charizard|88/100
|-damage|p1a: Charizard|76/100
|-hitcount|p1a: Charizard|2
|move|p2b: Sylveon|Hyper Voice|p1b: Garchomp|[spread] p1a
|-activate|p1b: Garchomp|move: Protect
|-resisted|p1a: Charizard|1
|-damage|p1a: Charizard|58/100
|
|upkeep
|turn|4
|
|t:|1786119690
|detailschange|p1a: Charizard|Charizard-Mega-Y, L50, F
|-mega|p1a: Charizard|Charizard|Charizardite Y
|-weather|SunnyDay|[from] ability: Drought|[of] p1a: Charizard
|move|p2a: Staraptor|Close Combat|p1b: Garchomp
|-damage|p1b: Garchomp|56/100
|-boost|p2a: Staraptor|def|1
|-boost|p2a: Staraptor|spd|1
|-damage|p2a: Staraptor|87/100|[from] ability: Rough Skin|[of] p1b: Garchomp
|move|p2b: Sylveon|Hyper Voice|p1a: Charizard|[spread] p1a,p1b
|-resisted|p1a: Charizard|1
|-supereffective|p1b: Garchomp|1
|-damage|p1a: Charizard|44/100
|-damage|p1b: Garchomp|0 fnt
|faint|p1b: Garchomp
|move|p1a: Charizard|Heat Wave|p2b: Sylveon|[spread] p2a,p2b
|-damage|p2a: Staraptor|47/100
|-damage|p2b: Sylveon|58/100
|
|-weather|SunnyDay|[upkeep]
|-sideend|p2: Shaymin frohawk|move: Tailwind
|upkeep
|
|t:|1786119702
|switch|p1b: Venusaur|Venusaur, L50, M|100/100
|turn|5
|
|t:|1786119722
|switch|p2b: Arcanine|Arcanine-Hisui, L50, M|100/100
|move|p1a: Charizard|Helping Hand|p1b: Venusaur
|-singleturn|p1b: Venusaur|Helping Hand|[of] p1a: Charizard
|move|p1b: Venusaur|Sludge Bomb|p2a: Staraptor
|-damage|p2a: Staraptor|0 fnt
|faint|p2a: Staraptor
|-damage|p1b: Venusaur|90/100|[from] item: Life Orb
|
|-weather|SunnyDay|[upkeep]
|upkeep
|
|t:|1786119733
|switch|p2a: Raichu|Raichu, L50, M|100/100
|turn|6
|
|t:|1786119741
|switch|p1a: Incineroar|Incineroar, L50, F|99/100
|-ability|p1a: Incineroar|Intimidate|boost
|-unboost|p2a: Raichu|atk|1
|-unboost|p2b: Arcanine|atk|1
|move|p1b: Venusaur|Protect|p1b: Venusaur
|-singleturn|p1b: Venusaur|Protect
|move|p2a: Raichu|Zap Cannon|p1a: Incineroar|[miss]
|-miss|p2a: Raichu|p1a: Incineroar
|move|p2b: Arcanine|Flare Blitz|p1b: Venusaur
|-activate|p1b: Venusaur|move: Protect
|
|-weather|SunnyDay|[upkeep]
|-heal|p1a: Incineroar|100/100|[from] item: Leftovers
|upkeep
|turn|7
|
|t:|1786119764
|move|p1a: Incineroar|Fake Out|p2b: Arcanine
|-resisted|p2b: Arcanine|1
|-damage|p2b: Arcanine|90/100
|move|p1b: Venusaur|Earth Power|p2a: Raichu
|-supereffective|p2a: Raichu|1
|-damage|p2a: Raichu|6/100
|-damage|p1b: Venusaur|80/100|[from] item: Life Orb
|move|p2a: Raichu|Zap Cannon|p1b: Venusaur
|-resisted|p1b: Venusaur|1
|-damage|p1b: Venusaur|57/100
|-status|p1b: Venusaur|par
|cant|p2b: Arcanine|flinch
|
|-weather|SunnyDay|[upkeep]
|upkeep
|turn|8
|
|t:|1786119784
|switch|p2a: Sylveon|Sylveon, L50, F|58/100
|move|p1b: Venusaur|Protect|p1b: Venusaur
|-singleturn|p1b: Venusaur|Protect
|move|p2b: Arcanine|Flare Blitz|p1b: Venusaur
|-activate|p1b: Venusaur|move: Protect
|move|p1a: Incineroar|Parting Shot|p2b: Arcanine
|-unboost|p2b: Arcanine|atk|1
|-unboost|p2b: Arcanine|spa|1
|
|t:|1786119794
|switch|p1a: Charizard|Charizard-Mega-Y, L50, F|44/100|[from] Parting Shot
|
|-weather|none
|upkeep
|turn|9
|
|t:|1786119803
|switch|p2b: Raichu|Raichu, L50, M|6/100
|switch|p1a: Incineroar|Incineroar, L50, F|100/100
|-ability|p1a: Incineroar|Intimidate|boost
|-unboost|p2a: Sylveon|atk|1
|-unboost|p2b: Raichu|atk|1
|move|p2a: Sylveon|Hyper Voice|p1b: Venusaur|[spread] p1a,p1b
|-resisted|p1b: Venusaur|1
|-damage|p1a: Incineroar|55/100
|-damage|p1b: Venusaur|27/100 par
|move|p1b: Venusaur|Sludge Bomb|p2a: Sylveon
|-supereffective|p2a: Sylveon|1
|-damage|p2a: Sylveon|0 fnt
|faint|p2a: Sylveon
|-damage|p1b: Venusaur|17/100 par|[from] item: Life Orb
|
|-heal|p1a: Incineroar|61/100|[from] item: Leftovers
|upkeep
|
|t:|1786119816
|switch|p2a: Arcanine|Arcanine-Hisui, L50, M|90/100
|turn|10
|
|t:|1786119839
|move|p2b: Raichu|Fake Out|p1a: Incineroar
|-damage|p1a: Incineroar|54/100
|cant|p1a: Incineroar|flinch
|move|p2a: Arcanine|Flare Blitz|p1b: Venusaur
|-supereffective|p1b: Venusaur|1
|-damage|p1b: Venusaur|0 fnt
|faint|p1b: Venusaur
|
|-heal|p1a: Incineroar|60/100|[from] item: Leftovers
|upkeep
|
|t:|1786119842
|switch|p1b: Charizard|Charizard-Mega-Y, L50, F|44/100
|-weather|SunnyDay|[from] ability: Drought|[of] p1b: Charizard
|turn|11
|
|t:|1786119856
|move|p1b: Charizard|Protect|p1b: Charizard
|-singleturn|p1b: Charizard|Protect
|move|p2b: Raichu|Zap Cannon|p1b: Charizard
|-activate|p1b: Charizard|move: Protect
|move|p2a: Arcanine|Head Smash|p1a: Incineroar|[miss]
|-miss|p2a: Arcanine|p1a: Incineroar
|move|p1a: Incineroar|Flare Blitz|p2b: Raichu
|-damage|p2b: Raichu|0 fnt
|faint|p2b: Raichu
|-damage|p1a: Incineroar|58/100|[from] Recoil
|
|-weather|SunnyDay|[upkeep]
|-heal|p1a: Incineroar|64/100|[from] item: Leftovers
|upkeep
|turn|12
|
|t:|1786119869
|move|p2a: Arcanine|Head Smash|p1b: Charizard
|-supereffective|p1b: Charizard|2
|-damage|p1b: Charizard|0 fnt
|faint|p1b: Charizard
|move|p1a: Incineroar|Darkest Lariat|p2a: Arcanine
|-damage|p2a: Arcanine|30/100
|
|-weather|SunnyDay|[upkeep]
|-heal|p1a: Incineroar|70/100|[from] item: Leftovers
|upkeep
|turn|13
|
|t:|1786119880
|move|p2a: Arcanine|Head Smash|p1a: Incineroar
|-supereffective|p1a: Incineroar|1
|-damage|p1a: Incineroar|0 fnt
|faint|p1a: Incineroar
|
|win|Shaymin frohawk
