|j|☆screwsalesman
|j|☆hondo civic
|html|screwsalesmanhondo civic    
|uhtml|bestof|Game 3 of a best-of-3
|t:|1756612215
|gametype|doubles
|player|p1|screwsalesman|102|1264
|player|p2|hondo civic|2|1374
|gen|9
|tier|[Gen 9] VGC 2025 Reg H (Bo3)
|rated|
|rule|Species Clause: Limit one of each Pokémon
|rule|Item Clause: Limit 1 of each item
|clearpoke
|poke|p1|Porygon2, L50|
|poke|p1|Incineroar, L50, M|
|poke|p1|Ursaluna, L50, M|
|poke|p1|Jumpluff, L50, M|
|poke|p1|Charizard, L50, F|
|poke|p1|Torkoal, L50, F|
|poke|p2|Ninetales-Alola, L50, F|
|poke|p2|Rillaboom, L50, F|
|poke|p2|Magmar, L50, F|
|poke|p2|Sneasler, L50, M|
|poke|p2|Kingambit, L50, F|
|poke|p2|Basculegion, L50, M|
|teampreview|4
|showteam|p1|Porygon2||Eviolite|Download|TeraBlast,IceBeam,TrickRoom,Recover||||||50|,,,,,Fighting]Incineroar||SitrusBerry|Intimidate|FakeOut,KnockOff,FlareBlitz,PartingShot|||M|||50|,,,,,Ghost]Ursaluna||FlameOrb|Guts|HeadlongRush,Facade,Earthquake,Protect|||M|||50|,,,,,Ghost]Jumpluff||CovertCloak|Chlorophyll|RagePowder,SunnyDay,Tailwind,SleepPowder|||M|||50|,,,,,Water]Charizard||ChoiceSpecs|SolarPower|HeatWave,Overheat,WeatherBall,DragonPulse|||F|||50|,,,,,Ghost]Torkoal||EjectPack|Drought|Overheat,Eruption,HelpingHand,Protect|||F|||50|,,,,,Fire
|showteam|p2|Ninetales-Alola||LifeOrb|SnowWarning|Blizzard,FreezeDry,Encore,Protect|||F|||50|,,,,,Ghost]Rillaboom||AssaultVest|GrassySurge|WoodHammer,FakeOut,Uturn,GrassyGlide|||F|||50|,,,,,Ghost]Magmar||Eviolite|VitalSpirit|Protect,HeatWave,Taunt,FollowMe|||F|||50|,,,,,Ghost]Sneasler||FocusSash|PoisonTouch|FakeOut,DireClaw,CloseCombat,Protect|||M|||50|,,,,,Ghost]Kingambit||BlackGlasses|Defiant|KowtowCleave,SwordsDance,SuckerPunch,Protect|||F|||50|,,,,,Fire]Basculegion||ChoiceScarf|Adaptability|WaveCrash,FlipTurn,TeraBlast,LastRespects|||M|||50|,,,,,Fairy
|inactive|Battle timer is ON: inactive players will automatically lose when time's up. (requested by screwsalesman)
|inactive|screwsalesman has 60 seconds left.
|inactive|hondo civic has 60 seconds left.
|inactive|screwsalesman has 30 seconds left.
|
|t:|1756612280
|teamsize|p1|4
|teamsize|p2|4
|start
|switch|p1a: Porygon2|Porygon2, L50, shiny|100/100
|switch|p1b: Ursaluna|Ursaluna, L50, M|100/100
|switch|p2a: Magmar|Magmar, L50, F|100/100
|switch|p2b: Sneasler|Sneasler, L50, M|100/100
|-ability|p1a: Porygon2|Download|boost
|-boost|p1a: Porygon2|atk|1
|turn|1
|inactive|screwsalesman has 30 seconds left.
|inactive|screwsalesman has 20 seconds left.
|
|t:|1756612318
|switch|p2a: Rillaboom|Rillaboom, L50, F|100/100
|-fieldstart|move: Grassy Terrain|[from] ability: Grassy Surge|[of] p2a: Rillaboom
|move|p2b: Sneasler|Fake Out|p1a: Porygon2
|-damage|p1a: Porygon2|91/100
|-status|p1a: Porygon2|psn|[from] ability: Poison Touch|[of] p2b: Sneasler
|move|p1b: Ursaluna|Earthquake|p2b: Sneasler|[spread] p1a,p2a,p2b
|-resisted|p2a: Rillaboom
|-supereffective|p2b: Sneasler
|-damage|p1a: Porygon2|77/100 psn
|-damage|p2a: Rillaboom|89/100
|-damage|p2b: Sneasler|30/100
|cant|p1a: Porygon2|flinch
|
|-heal|p2b: Sneasler|35/100|[from] Grassy Terrain
|-heal|p2a: Rillaboom|95/100|[from] Grassy Terrain
|-heal|p1a: Porygon2|83/100 psn|[from] Grassy Terrain
|-damage|p1a: Porygon2|71/100 psn|[from] psn
|-status|p1b: Ursaluna|brn|[from] item: Flame Orb
|upkeep
|turn|2
|
|t:|1756612344
|switch|p1a: Incineroar|Incineroar, L50, M|100/100
|-ability|p1a: Incineroar|Intimidate|boost
|-unboost|p2a: Rillaboom|atk|1
|-unboost|p2b: Sneasler|atk|1
|-terastallize|p1b: Ursaluna|Ghost
|move|p2b: Sneasler|Close Combat|p1a: Incineroar
|-supereffective|p1a: Incineroar
|-damage|p1a: Incineroar|23/100
|-unboost|p2b: Sneasler|def|1
|-unboost|p2b: Sneasler|spd|1
|-enditem|p1a: Incineroar|Sitrus Berry|[eat]
|-heal|p1a: Incineroar|48/100|[from] item: Sitrus Berry
|move|p2a: Rillaboom|U-turn|p1a: Incineroar
|-damage|p1a: Incineroar|34/100
|
|t:|1756612357
|switch|p2a: Kingambit|Kingambit, L50, F, shiny|100/100|[from] U-turn
|move|p1b: Ursaluna|Facade|p2a: Kingambit
|-resisted|p2a: Kingambit
|-damage|p2a: Kingambit|51/100
|
|-heal|p2b: Sneasler|41/100|[from] Grassy Terrain
|-heal|p2a: Kingambit|57/100|[from] Grassy Terrain
|-heal|p1a: Incineroar|40/100|[from] Grassy Terrain
|-damage|p1b: Ursaluna|95/100 brn|[from] brn
|upkeep
|turn|3
|inactive|screwsalesman has 30 seconds left.
|inactive|hondo civic has 30 seconds left.
|
|t:|1756612394
|switch|p1a: Torkoal|Torkoal, L50, F|100/100
|-weather|SunnyDay|[from] ability: Drought|[of] p1a: Torkoal
|-terastallize|p2b: Sneasler|Ghost
|move|p2a: Kingambit|Protect|p2a: Kingambit
|-singleturn|p2a: Kingambit|Protect
|move|p2b: Sneasler|Close Combat|p1a: Torkoal
|-damage|p1a: Torkoal|68/100
|-unboost|p2b: Sneasler|def|1
|-unboost|p2b: Sneasler|spd|1
|move|p1b: Ursaluna|Facade|p2b: Sneasler
|-immune|p2b: Sneasler
|
|-weather|SunnyDay|[upkeep]
|-heal|p2b: Sneasler|47/100|[from] Grassy Terrain
|-heal|p2a: Kingambit|63/100|[from] Grassy Terrain
|-heal|p1b: Ursaluna|100/100 brn|[from] Grassy Terrain
|-heal|p1a: Torkoal|75/100|[from] Grassy Terrain
|-damage|p1b: Ursaluna|95/100 brn|[from] brn
|upkeep
|turn|4
|inactive|hondo civic has 30 seconds left.
|
|t:|1756612421
|switch|p2a: Magmar|Magmar, L50, F|100/100
|move|p2b: Sneasler|Close Combat|p1a: Torkoal
|-damage|p1a: Torkoal|46/100
|-unboost|p2b: Sneasler|def|1
|-unboost|p2b: Sneasler|spd|1
|move|p1b: Ursaluna|Headlong Rush|p2a: Magmar
|-supereffective|p2a: Magmar
|-damage|p2a: Magmar|0 fnt
|-unboost|p1b: Ursaluna|def|1
|-unboost|p1b: Ursaluna|spd|1
|faint|p2a: Magmar
|move|p1a: Torkoal|Overheat|p2b: Sneasler
|-damage|p2b: Sneasler|0 fnt
|-unboost|p1a: Torkoal|spa|2
|faint|p2b: Sneasler
|-enditem|p1a: Torkoal|Eject Pack
|
|t:|1756612438
|switch|p1a: Incineroar|Incineroar, L50, M|40/100
|
|-weather|SunnyDay|[upkeep]
|-heal|p1b: Ursaluna|100/100 brn|[from] Grassy Terrain
|-heal|p1a: Incineroar|46/100|[from] Grassy Terrain
|-damage|p1b: Ursaluna|95/100 brn|[from] brn
|upkeep
|
|t:|1756612441
|switch|p2b: Rillaboom|Rillaboom, L50, F|95/100
|switch|p2a: Kingambit|Kingambit, L50, F, shiny|63/100
|turn|5
|
|t:|1756612459
|move|p2b: Rillaboom|Fake Out|p1a: Incineroar
|-damage|p1a: Incineroar|33/100
|cant|p1a: Incineroar|flinch
|move|p2a: Kingambit|Swords Dance|p2a: Kingambit
|-boost|p2a: Kingambit|atk|2
|move|p1b: Ursaluna|Facade|p2b: Rillaboom
|-damage|p2b: Rillaboom|0 fnt
|faint|p2b: Rillaboom
|
|-weather|SunnyDay|[upkeep]
|-heal|p2a: Kingambit|69/100|[from] Grassy Terrain
|-heal|p1b: Ursaluna|100/100 brn|[from] Grassy Terrain
|-heal|p1a: Incineroar|39/100|[from] Grassy Terrain
|-damage|p1b: Ursaluna|95/100 brn|[from] brn
|-fieldend|move: Grassy Terrain
|upkeep
|turn|6
|-message|hondo civic forfeited.
|raw|screwsalesman's rating: 1264 → 1297(+33 for winning)
|raw|hondo civic's rating: 1374 → 1348(-26 for losing)
|
|win|screwsalesman
|l|☆hondo civic
|player|p2|
