|j|☆xxxabnaa
|j|☆wodaiogien
|html|xxxabnaawodaiogien    
|uhtml|bestof|Game 1 of a best-of-3
|t:|1782647156
|gametype|doubles
|player|p1|xxxabnaa|silver|1000
|player|p2|wodaiogien|2|1091
|gen|9
|tier|[Gen 9 Champions] VGC 2026 Reg M-B (Bo3)
|rated|
|rule|Species Clause: Limit one of each Pokémon
|rule|Item Clause: Limit 1 of each item
|clearpoke
|poke|p1|Floette-Eternal, L50, F|
|poke|p1|Delphox, L50, F|
|poke|p1|Sinistcha, L50|
|poke|p1|Kingambit, L50, F|
|poke|p1|Sneasler, L50, M|
|poke|p1|Incineroar, L50, F|
|poke|p2|Swampert, L50, M|
|poke|p2|Archaludon, L50, F|
|poke|p2|Tsareena, L50, F|
|poke|p2|Pelipper, L50, M|
|poke|p2|Sinistcha, L50|
|poke|p2|Grimmsnarl, L50, M|
|teampreview|4
|showteam|p1|Floette-Eternal||Floettite|FlowerVeil|Protect,CalmMind,DrainingKiss,DazzlingGleam|Modest||F|||50|]Delphox||Delphoxite|Blaze|Protect,NastyPlot,HeatWave,Psyshock|Timid||F|||50|]Sinistcha||CobaBerry|Hospitality|Protect,RagePowder,TrickRoom,MatchaGotcha|Bold|||||50|]Kingambit||BlackGlasses|Defiant|Protect,KowtowCleave,SuckerPunch,SwordsDance|Adamant||F|||50|]Sneasler||FocusSash|PoisonTouch|Protect,CloseCombat,FakeOut,DireClaw|Jolly||M|||50|]Incineroar||SitrusBerry|Intimidate|FlareBlitz,PartingShot,ThroatChop,FakeOut|Relaxed||F|||50|
|showteam|p2|Swampert||Swampertite|Damp|Protect,WaveCrash,Earthquake,IcePunch|Adamant||M|||50|]Archaludon||Leftovers|Stamina|Protect,ElectroShot,DragonPulse,FlashCannon|Modest||F|||50|]Tsareena||ChoiceScarf|QueenlyMajesty|TropKick,TripleAxel,LowKick,Uturn|Adamant||F|||50|]Pelipper||SitrusBerry|Drizzle|Hurricane,WeatherBall,Tailwind,WideGuard|Modest||M|||50|]Sinistcha||CobaBerry|Hospitality|MatchaGotcha,RagePowder,TrickRoom,Protect|Relaxed|||||50|]Grimmsnarl||LightClay|Prankster|FoulPlay,PartingShot,Reflect,LightScreen|Bold||M|||50|
|inactive|Battle timer is ON: inactive players will automatically lose when time's up. (requested by wodaiogien)
|inactive|xxxabnaa has 60 seconds left.
|inactive|wodaiogien has 60 seconds left.
|
|t:|1782647203
|teamsize|p1|4
|teamsize|p2|4
|start
|switch|p1a: Sinistcha|Sinistcha, L50|100/100
|switch|p1b: Floette|Floette-Eternal, L50, F|100/100
|switch|p2a: Tsareena|Tsareena, L50, F|100/100
|switch|p2b: Swampert|Swampert, L50, M|100/100
|turn|1
|inactive|xxxabnaa has 30 seconds left.
|
|t:|1782647229
|detailschange|p1b: Floette|Floette-Mega, L50, F
|-mega|p1b: Floette|Floette|Floettite
|-ability|p1b: Floette|Fairy Aura
|detailschange|p2b: Swampert|Swampert-Mega, L50, M
|-mega|p2b: Swampert|Swampert|Swampertite
|move|p1a: Sinistcha|Protect|p1a: Sinistcha
|-singleturn|p1a: Sinistcha|Protect
|move|p2a: Tsareena|Triple Axel|p1a: Sinistcha
|-activate|p1a: Sinistcha|move: Protect
|move|p1b: Floette|Calm Mind|p1b: Floette
|-boost|p1b: Floette|spa|1
|-boost|p1b: Floette|spd|1
|move|p2b: Swampert|Wave Crash|p1b: Floette
|-damage|p1b: Floette|20/100y
|-damage|p2b: Swampert|78/100|[from] Recoil
|
|upkeep
|turn|2
|
|t:|1782647247
|move|p1a: Sinistcha|Rage Powder|p1a: Sinistcha
|-singleturn|p1a: Sinistcha|move: Rage Powder
|move|p2a: Tsareena|Triple Axel|p1a: Sinistcha
|-supereffective|p1a: Sinistcha|1
|-damage|p1a: Sinistcha|88/100
|-supereffective|p1a: Sinistcha|1
|-damage|p1a: Sinistcha|67/100
|-supereffective|p1a: Sinistcha|1
|-damage|p1a: Sinistcha|29/100
|-hitcount|p1a: Sinistcha|3
|move|p1b: Floette|Draining Kiss|p2a: Tsareena
|-damage|p2a: Tsareena|34/100
|-heal|p1b: Floette|68/100|[from] drain|[of] p2a: Tsareena
|move|p2b: Swampert|Ice Punch|p1a: Sinistcha
|-supereffective|p1a: Sinistcha|1
|-damage|p1a: Sinistcha|0 fnt
|faint|p1a: Sinistcha
|
|upkeep
|
|t:|1782647263
|switch|p1a: Kingambit|Kingambit, L50, F|100/100
|turn|3
|
|t:|1782647271
|switch|p2a: Pelipper|Pelipper, L50, M|100/100
|-weather|RainDance|[from] ability: Drizzle|[of] p2a: Pelipper
|move|p1b: Floette|Protect|p1b: Floette
|-singleturn|p1b: Floette|Protect
|move|p1a: Kingambit|Protect|p1a: Kingambit
|-singleturn|p1a: Kingambit|Protect
|move|p2b: Swampert|Wave Crash|p1b: Floette
|-activate|p1b: Floette|move: Protect
|
|-weather|RainDance|[upkeep]
|upkeep
|turn|4
|
|t:|1782647289
|move|p1a: Kingambit|Sucker Punch|p2b: Swampert
|-crit|p2b: Swampert
|-damage|p2b: Swampert|17/100
|move|p2b: Swampert|Wave Crash|p1b: Floette
|-damage|p1b: Floette|0 fnt
|faint|p1b: Floette
|-damage|p2b: Swampert|0 fnt|[from] Recoil
|faint|p2b: Swampert
|move|p2a: Pelipper|Weather Ball|p1a: Kingambit
|-damage|p1a: Kingambit|45/100
|
|-weather|RainDance|[upkeep]
|upkeep
|
|t:|1782647298
|switch|p1b: Sneasler|Sneasler, L50, M|100/100
|switch|p2b: Tsareena|Tsareena, L50, F|34/100
|turn|5
|l|☆xxxabnaa
|inactive|xxxabnaa disconnected and has a minute to reconnect!
|player|p1|
|inactive|wodaiogien has 30 seconds left.
|
|t:|1782647326
|move|p1a: Kingambit|Sucker Punch||[still]
|cant|p2b: Tsareena|ability: Queenly Majesty|Sucker Punch|[of] p1a: Kingambit
|move|p1b: Sneasler|Dire Claw|p2a: Pelipper
|-damage|p2a: Pelipper|56/100
|move|p2b: Tsareena|Low Kick|p1a: Kingambit
|-supereffective|p1a: Kingambit|2
|-damage|p1a: Kingambit|0 fnt
|faint|p1a: Kingambit
|move|p2a: Pelipper|Hurricane|p1b: Sneasler
|-supereffective|p1b: Sneasler|1
|-enditem|p1b: Sneasler|Focus Sash
|-damage|p1b: Sneasler|1/100
|
|-weather|RainDance|[upkeep]
|upkeep
|turn|6
|inactive|xxxabnaa has 30 seconds left.
|inactive|xxxabnaa has 20 seconds left.
|inactive|xxxabnaa has 15 seconds left.
|inactive|xxxabnaa has 10 seconds left.
|inactive|xxxabnaa has 5 seconds left.
|-message|xxxabnaa lost due to inactivity.
|
|win|wodaiogien
