|j|☆That_Leek
|j|☆littlerootbaby
|html|That_Leeklittlerootbaby    
|uhtml|bestof|Game 3 of a best-of-3
|t:|1755703427
|gametype|doubles
|player|p1|That_Leek|blue-masters|1276
|player|p2|littlerootbaby|1|1183
|gen|9
|tier|[Gen 9] VGC 2025 Reg H (Bo3)
|rated|
|rule|Species Clause: Limit one of each Pokémon
|rule|Item Clause: Limit 1 of each item
|clearpoke
|poke|p1|Incineroar, L50, M|
|poke|p1|Gholdengo, L50|
|poke|p1|Dragonite, L50, F|
|poke|p1|Amoonguss, L50, M|
|poke|p1|Ursaluna-Bloodmoon, L50, M|
|poke|p1|Gallade, L50, M|
|poke|p2|Farigiraf, L50, M|
|poke|p2|Tyranitar, L50, M|
|poke|p2|Amoonguss, L50, F|
|poke|p2|Sneasler, L50, F|
|poke|p2|Excadrill, L50, F|
|poke|p2|Primarina, L50, M|
|teampreview|4
|showteam|p1|Incineroar||SafetyGoggles|Intimidate|FakeOut,FlareBlitz,KnockOff,PartingShot|||M|||50|,,,,,Water]Gholdengo||LifeOrb|GoodasGold|MakeItRain,ShadowBall,NastyPlot,Protect||||||50|,,,,,Dragon]Dragonite||LoadedDice|Multiscale|Tailwind,StompingTantrum,ScaleShot,Protect|||F|||50|,,,,,Fairy]Amoonguss||SitrusBerry|Regenerator|PollenPuff,Spore,RagePowder,Protect|||M|||50|,,,,,Fairy]Ursaluna-Bloodmoon||AssaultVest|MindsEye|VacuumWave,BloodMoon,HyperVoice,EarthPower|||M|||50|,,,,,Ghost]Gallade||FocusSash|Sharpness|TrickRoom,SacredSword,WideGuard,PsychoCut|||M|||50|,,,,,Fairy
|showteam|p2|Farigiraf||ThroatSpray|ArmorTail|HyperVoice,PsychicNoise,TrickRoom,Protect|||M|||50|,,,,,Grass]Tyranitar||AssaultVest|SandStream|RockSlide,KnockOff,IcePunch,TeraBlast|||M|||50|,,,,,Flying]Amoonguss||CovertCloak|Regenerator|Spore,RagePowder,GrassKnot,Protect|||F|||50|,,,,,Fairy]Sneasler||FocusSash|PoisonTouch|DireClaw,CloseCombat,FakeOut,Protect|||F|||50|,,,,,Stellar]Excadrill||ClearAmulet|SandRush|HighHorsepower,Earthquake,IronHead,Protect|||F|||50|,,,,,Ground]Primarina||SafetyGoggles|LiquidVoice|HyperVoice,Moonblast,Haze,Protect|||M|||50|,,,,,Poison
|
|t:|1755703475
|teamsize|p1|4
|teamsize|p2|4
|start
|switch|p1a: Ursaluna|Ursaluna-Bloodmoon, L50, M|100/100
|switch|p1b: Incineroar|Incineroar, L50, M|100/100
|switch|p2a: Tyranitar|Tyranitar, L50, M|100/100
|switch|p2b: Excadrill|Excadrill, L50, F|100/100
|-ability|p1b: Incineroar|Intimidate|boost
|-unboost|p2a: Tyranitar|atk|1
|-fail|p2b: Excadrill|unboost|[from] item: Clear Amulet|[of] p2b: Excadrill
|-weather|Sandstorm|[from] ability: Sand Stream|[of] p2a: Tyranitar
|turn|1
|
|t:|1755703502
|move|p2b: Excadrill|Protect|p2b: Excadrill
|-singleturn|p2b: Excadrill|Protect
|move|p1a: Ursaluna|Earth Power|p2b: Excadrill
|-activate|p2b: Excadrill|move: Protect
|move|p1b: Incineroar|Parting Shot|p2a: Tyranitar
|-unboost|p2a: Tyranitar|atk|1
|-unboost|p2a: Tyranitar|spa|1
|
|t:|1755703507
|switch|p1b: Amoonguss|Amoonguss, L50, M|100/100|[from] Parting Shot
|move|p2a: Tyranitar|Knock Off|p1a: Ursaluna
|-damage|p1a: Ursaluna|77/100
|-enditem|p1a: Ursaluna|Assault Vest|[from] move: Knock Off|[of] p2a: Tyranitar
|
|-weather|Sandstorm|[upkeep]
|-damage|p1b: Amoonguss|95/100|[from] Sandstorm
|upkeep
|turn|2
|
|t:|1755703533
|switch|p2b: Primarina|Primarina, L50, M|100/100
|switch|p2a: Sneasler|Sneasler, L50, F|100/100
|switch|p1b: Incineroar|Incineroar, L50, M|100/100
|-ability|p1b: Incineroar|Intimidate|boost
|-unboost|p2a: Sneasler|atk|1
|-unboost|p2b: Primarina|atk|1
|move|p1a: Ursaluna|Earth Power|p2b: Primarina
|-damage|p2b: Primarina|60/100
|
|-weather|Sandstorm|[upkeep]
|-damage|p2a: Sneasler|95/100|[from] Sandstorm
|upkeep
|turn|3
|
|t:|1755703558
|switch|p1a: Amoonguss|Amoonguss, L50, M|100/100
|switch|p2b: Excadrill|Excadrill, L50, F|100/100
|move|p2a: Sneasler|Fake Out|p1a: Amoonguss
|-damage|p1a: Amoonguss|93/100
|move|p1b: Incineroar|Fake Out|p2a: Sneasler
|-damage|p2a: Sneasler|75/100
|
|-weather|Sandstorm|[upkeep]
|-damage|p2a: Sneasler|69/100|[from] Sandstorm
|-damage|p1a: Amoonguss|87/100|[from] Sandstorm
|upkeep
|turn|4
|
|t:|1755703579
|switch|p2a: Primarina|Primarina, L50, M|60/100
|-terastallize|p2b: Excadrill|Ground
|move|p2b: Excadrill|High Horsepower|p1a: Amoonguss
|-damage|p1a: Amoonguss|28/100
|-enditem|p1a: Amoonguss|Sitrus Berry|[eat]
|-heal|p1a: Amoonguss|53/100|[from] item: Sitrus Berry
|move|p1b: Incineroar|Parting Shot|p2a: Primarina
|-unboost|p2a: Primarina|atk|1
|-unboost|p2a: Primarina|spa|1
|
|t:|1755703590
|switch|p1b: Gholdengo|Gholdengo, L50|100/100|[from] Parting Shot
|move|p1a: Amoonguss|Spore|p2b: Excadrill
|-status|p2b: Excadrill|slp|[from] move: Spore
|
|-weather|Sandstorm|[upkeep]
|-damage|p1a: Amoonguss|47/100|[from] Sandstorm
|upkeep
|turn|5
|
|t:|1755703607
|switch|p2a: Tyranitar|Tyranitar, L50, M|100/100
|switch|p1a: Incineroar|Incineroar, L50, M|100/100
|-ability|p1a: Incineroar|Intimidate|boost
|-unboost|p2a: Tyranitar|atk|1
|-fail|p2b: Excadrill|unboost|[from] item: Clear Amulet|[of] p2b: Excadrill
|cant|p2b: Excadrill|slp
|move|p1b: Gholdengo|Nasty Plot|p1b: Gholdengo
|-boost|p1b: Gholdengo|spa|2
|
|-weather|none
|upkeep
|turn|6
|
|t:|1755703626
|switch|p2a: Sneasler|Sneasler, L50, F|69/100
|move|p1a: Incineroar|Fake Out|p2b: Excadrill
|-damage|p2b: Excadrill|82/100 slp
|cant|p2b: Excadrill|slp
|move|p1b: Gholdengo|Make It Rain|p2a: Sneasler|[spread] p2a,p2b
|-damage|p2a: Sneasler|0 fnt
|-damage|p2b: Excadrill|0 fnt
|-unboost|p1b: Gholdengo|spa|1
|faint|p2a: Sneasler
|faint|p2b: Excadrill
|-damage|p1b: Gholdengo|91/100|[from] item: Life Orb
|
|upkeep
|
|t:|1755703641
|switch|p2a: Tyranitar|Tyranitar, L50, M|100/100
|switch|p2b: Primarina|Primarina, L50, M|60/100
|-weather|Sandstorm|[from] ability: Sand Stream|[of] p2a: Tyranitar
|turn|7
|
|t:|1755703648
|move|p1b: Gholdengo|Protect|p1b: Gholdengo
|-singleturn|p1b: Gholdengo|Protect
|move|p1a: Incineroar|Parting Shot|p2a: Tyranitar
|-unboost|p2a: Tyranitar|atk|1
|-unboost|p2a: Tyranitar|spa|1
|
|t:|1755703652
|switch|p1a: Amoonguss|Amoonguss, L50, M|80/100|[from] Parting Shot
|move|p2b: Primarina|Hyper Voice|p1a: Amoonguss|[spread] p1a
|-activate|p1b: Gholdengo|move: Protect
|-resisted|p1a: Amoonguss
|-damage|p1a: Amoonguss|63/100
|move|p2a: Tyranitar|Knock Off|p1b: Gholdengo
|-activate|p1b: Gholdengo|move: Protect
|
|-weather|Sandstorm|[upkeep]
|-damage|p1a: Amoonguss|57/100|[from] Sandstorm
|upkeep
|turn|8
|
|t:|1755703672
|switch|p1a: Incineroar|Incineroar, L50, M|100/100
|-ability|p1a: Incineroar|Intimidate|boost
|-unboost|p2a: Tyranitar|atk|1
|-unboost|p2b: Primarina|atk|1
|move|p1b: Gholdengo|Make It Rain|p2b: Primarina|[spread] p2a,p2b
|-supereffective|p2a: Tyranitar
|-damage|p2a: Tyranitar|28/100
|-damage|p2b: Primarina|0 fnt
|-unboost|p1b: Gholdengo|spa|1
|faint|p2b: Primarina
|-damage|p1b: Gholdengo|82/100|[from] item: Life Orb
|move|p2a: Tyranitar|Ice Punch|p1a: Incineroar
|-resisted|p1a: Incineroar
|-damage|p1a: Incineroar|94/100
|
|-weather|Sandstorm|[upkeep]
|upkeep
|turn|9
|c|☆littlerootbaby|GG
|-message|littlerootbaby forfeited.
|
|win|That_Leek
|raw|That_Leek's rating: 1276 → 1294(+18 for winning)
|raw|littlerootbaby's rating: 1183 → 1165(-18 for losing)
|c|☆That_Leek|gg
