|j|‽The Hang Dude
|j|☆ZiranVGC
|html|The Hang DudeZiranVGC    
|uhtml|bestof|Game 2 of a best-of-3
|t:|1782215402
|gametype|doubles
|player|p1|The Hang Dude|benga|1186
|player|p2|ZiranVGC|266|1118
|gen|9
|tier|[Gen 9 Champions] VGC 2026 Reg M-B (Bo3)
|rated|
|rule|Species Clause: Limit one of each Pokémon
|rule|Item Clause: Limit 1 of each item
|clearpoke
|poke|p1|Grimmsnarl, L50, M|
|poke|p1|Swampert, L50, M, shiny|
|poke|p1|Pelipper, L50, F|
|poke|p1|Archaludon, L50, F|
|poke|p1|Sinistcha, L50|
|poke|p1|Metagross, L50|
|poke|p2|Incineroar, L50, M|
|poke|p2|Grimmsnarl, L50, M|
|poke|p2|Sinistcha, L50|
|poke|p2|Farigiraf, L50, M|
|poke|p2|Charizard, L50, M|
|poke|p2|Sylveon, L50, F|
|teampreview|4
|showteam|p1|Grimmsnarl||LightClay|Prankster|PartingShot,Reflect,LightScreen,SpiritBreak|Careful||M|||50|]Swampert||Swampertite|Damp|WaveCrash,Earthquake,IcePunch,Protect|Adamant||M|||50|]Pelipper||SitrusBerry|Drizzle|WeatherBall,Hurricane,Tailwind,HelpingHand|Modest||F|||50|]Archaludon||Leftovers|Stamina|ElectroShot,FlashCannon,DragonPulse,Protect|Modest||F|||50|]Sinistcha||KasibBerry|Hospitality|MatchaGotcha,RagePowder,LifeDew,Protect|Relaxed|||||50|]Metagross||Metagrossite|ClearBody|IronHead,PsychicFangs,BodyPress,Protect|Jolly|||||50|
|showteam|p2|Incineroar||LifeOrb|Intimidate|FakeOut,Protect,DarkestLariat,FlareBlitz|Adamant||M|||50|]Grimmsnarl||LightClay|Prankster|Reflect,LightScreen,PartingShot,SpiritBreak|Careful||M|||50|]Sinistcha||Leftovers|Hospitality|MatchaGotcha,ShadowBall,NastyPlot,RagePowder|Modest|||||50|]Farigiraf||SitrusBerry|ArmorTail|Psychic,Roar,TrickRoom,HelpingHand|Bold||M|||50|]Charizard||CharizarditeX|Blaze|DragonClaw,FlareBlitz,DragonDance,Protect|Adamant||M|||50|]Sylveon||FairyFeather|Pixilate|HyperBeam,HyperVoice,QuickAttack,Protect|Modest||F|||50|
|inactive|Battle timer is ON: inactive players will automatically lose when time's up. (requested by The Hang Dude)
|
|t:|1782215434
|teamsize|p1|4
|teamsize|p2|4
|start
|switch|p1a: Archaludon|Archaludon, L50, F|100/100
|switch|p1b: Grimmsnarl|Grimmsnarl, L50, M|100/100
|switch|p2a: Grimmsnarl|Grimmsnarl, L50, M|100/100
|switch|p2b: Sylveon|Sylveon, L50, F|100/100
|turn|1
|
|t:|1782215456
|move|p2a: Grimmsnarl|Light Screen|p2a: Grimmsnarl
|-sidestart|p2: ZiranVGC|move: Light Screen
|move|p1b: Grimmsnarl|Light Screen|p1b: Grimmsnarl
|-sidestart|p1: The Hang Dude|move: Light Screen
|move|p1a: Archaludon|Flash Cannon|p2b: Sylveon
|-supereffective|p2b: Sylveon|1
|-damage|p2b: Sylveon|60/100
|move|p2b: Sylveon|Hyper Voice|p1b: Grimmsnarl|[spread] p1a,p1b
|-supereffective|p1b: Grimmsnarl|1
|-damage|p1a: Archaludon|65/100
|-damage|p1b: Grimmsnarl|44/100
|-ability|p1a: Archaludon|Stamina|boost
|-boost|p1a: Archaludon|def|1
|
|-heal|p1a: Archaludon|71/100|[from] item: Leftovers
|upkeep
|turn|2
|
|t:|1782215476
|move|p1b: Grimmsnarl|Parting Shot|p2b: Sylveon
|-unboost|p2b: Sylveon|atk|1
|-unboost|p2b: Sylveon|spa|1
|
|t:|1782215490
|switch|p1b: Pelipper|Pelipper, L50, F|100/100|[from] Parting Shot
|-weather|RainDance|[from] ability: Drizzle|[of] p1b: Pelipper
|move|p2a: Grimmsnarl|Parting Shot|p1a: Archaludon
|-unboost|p1a: Archaludon|atk|1
|-unboost|p1a: Archaludon|spa|1
|
|t:|1782215500
|switch|p2a: Sinistcha|Sinistcha, L50|100/100|[from] Parting Shot
|-heal|p2b: Sylveon|84/100|[from] ability: Hospitality|[of] p2a: Sinistcha
|move|p1a: Archaludon|Flash Cannon|p2b: Sylveon
|-supereffective|p2b: Sylveon|1
|-damage|p2b: Sylveon|61/100
|move|p2b: Sylveon|Hyper Voice|p1b: Pelipper|[spread] p1a,p1b
|-damage|p1a: Archaludon|51/100
|-damage|p1b: Pelipper|73/100
|-ability|p1a: Archaludon|Stamina|boost
|-boost|p1a: Archaludon|def|1
|
|-weather|RainDance|[upkeep]
|-heal|p1a: Archaludon|57/100|[from] item: Leftovers
|upkeep
|turn|3
|
|t:|1782215527
|switch|p2b: Grimmsnarl|Grimmsnarl, L50, M|100/100
|move|p2a: Sinistcha|Rage Powder|p2a: Sinistcha
|-singleturn|p2a: Sinistcha|move: Rage Powder
|move|p1a: Archaludon|Electro Shot||[still]
|-prepare|p1a: Archaludon|Electro Shot
|-boost|p1a: Archaludon|spa|1
|-anim|p1a: Archaludon|Electro Shot|p2a: Sinistcha
|-resisted|p2a: Sinistcha|1
|-damage|p2a: Sinistcha|86/100
|move|p1b: Pelipper|Hurricane|p2a: Sinistcha
|-supereffective|p2a: Sinistcha|1
|-damage|p2a: Sinistcha|23/100
|
|-weather|RainDance|[upkeep]
|-heal|p1a: Archaludon|63/100|[from] item: Leftovers
|-heal|p2a: Sinistcha|29/100|[from] item: Leftovers
|upkeep
|turn|4
|inactive|ZiranVGC has 30 seconds left.
|
|t:|1782215561
|switch|p2a: Charizard|Charizard, L50, M|100/100
|move|p2b: Grimmsnarl|Parting Shot|p1a: Archaludon
|-unboost|p1a: Archaludon|atk|1
|-unboost|p1a: Archaludon|spa|1
|
|t:|1782215568
|switch|p2b: Sylveon|Sylveon, L50, F|61/100|[from] Parting Shot
|move|p1a: Archaludon|Electro Shot||[still]
|-prepare|p1a: Archaludon|Electro Shot
|-boost|p1a: Archaludon|spa|1
|-anim|p1a: Archaludon|Electro Shot|p2b: Sylveon
|-damage|p2b: Sylveon|41/100
|move|p1b: Pelipper|Hurricane|p2b: Sylveon
|-damage|p2b: Sylveon|20/100r
|
|-weather|RainDance|[upkeep]
|-heal|p1a: Archaludon|69/100|[from] item: Leftovers
|upkeep
|turn|5
|
|t:|1782215592
|switch|p2a: Sinistcha|Sinistcha, L50|29/100
|-heal|p2b: Sylveon|44/100|[from] ability: Hospitality|[of] p2a: Sinistcha
|move|p1a: Archaludon|Electro Shot||[still]
|-prepare|p1a: Archaludon|Electro Shot
|-boost|p1a: Archaludon|spa|1
|-anim|p1a: Archaludon|Electro Shot|p2b: Sylveon
|-damage|p2b: Sylveon|12/100
|move|p1b: Pelipper|Weather Ball|p2a: Sinistcha
|-resisted|p2a: Sinistcha|1
|-damage|p2a: Sinistcha|9/100
|move|p2b: Sylveon|Hyper Voice|p1a: Archaludon|[spread] p1a,p1b
|-damage|p1a: Archaludon|40/100
|-damage|p1b: Pelipper|37/100
|-ability|p1a: Archaludon|Stamina|boost
|-boost|p1a: Archaludon|def|1
|-enditem|p1b: Pelipper|Sitrus Berry|[eat]
|-heal|p1b: Pelipper|62/100|[from] item: Sitrus Berry
|
|-weather|RainDance|[upkeep]
|-heal|p1a: Archaludon|46/100|[from] item: Leftovers
|-heal|p2a: Sinistcha|15/100|[from] item: Leftovers
|upkeep
|turn|6
|inactive|ZiranVGC has 30 seconds left.
|
|t:|1782215624
|switch|p2a: Grimmsnarl|Grimmsnarl, L50, M|100/100
|move|p2b: Sylveon|Protect|p2b: Sylveon
|-singleturn|p2b: Sylveon|Protect
|move|p1a: Archaludon|Electro Shot||[still]
|-prepare|p1a: Archaludon|Electro Shot
|-boost|p1a: Archaludon|spa|1
|-anim|p1a: Archaludon|Electro Shot|p2a: Grimmsnarl
|-damage|p2a: Grimmsnarl|54/100
|move|p1b: Pelipper|Weather Ball|p2b: Sylveon
|-activate|p2b: Sylveon|move: Protect
|
|-weather|none
|-heal|p1a: Archaludon|53/100|[from] item: Leftovers
|upkeep
|turn|7
|inactive|The Hang Dude has 30 seconds left.
|
|t:|1782215649
|move|p2a: Grimmsnarl|Parting Shot|p1a: Archaludon
|-unboost|p1a: Archaludon|atk|1
|-unboost|p1a: Archaludon|spa|1
|
|t:|1782215653
|switch|p2a: Sinistcha|Sinistcha, L50|15/100|[from] Parting Shot
|-heal|p2b: Sylveon|36/100|[from] ability: Hospitality|[of] p2a: Sinistcha
|move|p1a: Archaludon|Flash Cannon|p2a: Sinistcha
|-damage|p2a: Sinistcha|0 fnt
|faint|p2a: Sinistcha
|move|p1b: Pelipper|Tailwind|p1b: Pelipper
|-sidestart|p1: The Hang Dude|move: Tailwind
|move|p2b: Sylveon|Hyper Beam|p1a: Archaludon
|-damage|p1a: Archaludon|0 fnt
|-mustrecharge|p2b: Sylveon
|faint|p1a: Archaludon
|
|upkeep
|inactive|The Hang Dude has 30 seconds left.
|
|t:|1782215678
|switch|p1a: Swampert|Swampert, L50, M, shiny|100/100
|switch|p2a: Grimmsnarl|Grimmsnarl, L50, M|54/100
|turn|8
|
|t:|1782215699
|switch|p1b: Grimmsnarl|Grimmsnarl, L50, M|44/100
|detailschange|p1a: Swampert|Swampert-Mega, L50, M, shiny
|-mega|p1a: Swampert|Swampert|Swampertite
|move|p2a: Grimmsnarl|Reflect|p2a: Grimmsnarl
|-sidestart|p2: ZiranVGC|Reflect
|move|p1a: Swampert|Wave Crash|p2a: Grimmsnarl
|-damage|p2a: Grimmsnarl|0 fnt
|faint|p2a: Grimmsnarl
|-damage|p1a: Swampert|80/100|[from] Recoil
|cant|p2b: Sylveon|recharge
|
|-sideend|p2: ZiranVGC|move: Light Screen
|-sideend|p1: The Hang Dude|move: Light Screen
|upkeep
|
|t:|1782215711
|switch|p2a: Charizard|Charizard, L50, M|100/100
|turn|9
|
|t:|1782215735
|move|p2a: Charizard|Protect|p2a: Charizard
|-singleturn|p2a: Charizard|Protect
|move|p2b: Sylveon|Protect|p2b: Sylveon
|-singleturn|p2b: Sylveon|Protect
|move|p1b: Grimmsnarl|Reflect|p1b: Grimmsnarl
|-sidestart|p1: The Hang Dude|Reflect
|move|p1a: Swampert|Wave Crash|p2b: Sylveon
|-activate|p2b: Sylveon|move: Protect
|
|upkeep
|turn|10
|
|t:|1782215754
|detailschange|p2a: Charizard|Charizard-Mega-X, L50, M
|-mega|p2a: Charizard|Charizard|Charizardite X
|move|p2b: Sylveon|Protect||[still]
|-fail|p2b: Sylveon
|move|p1b: Grimmsnarl|Parting Shot|p2a: Charizard
|-unboost|p2a: Charizard|atk|1
|-unboost|p2a: Charizard|spa|1
|
|t:|1782215759
|switch|p1b: Pelipper|Pelipper, L50, F|62/100|[from] Parting Shot
|-weather|RainDance|[from] ability: Drizzle|[of] p1b: Pelipper
|move|p1a: Swampert|Wave Crash|p2b: Sylveon
|-damage|p2b: Sylveon|0 fnt
|faint|p2b: Sylveon
|-damage|p1a: Swampert|68/100|[from] Recoil
|move|p2a: Charizard|Dragon Dance|p2a: Charizard
|-boost|p2a: Charizard|atk|1
|-boost|p2a: Charizard|spe|1
|
|-weather|RainDance|[upkeep]
|-sideend|p1: The Hang Dude|move: Tailwind
|upkeep
|turn|11
|
|t:|1782215779
|move|p1a: Swampert|Earthquake|p2a: Charizard|[spread] p2a
|-immune|p1b: Pelipper
|-supereffective|p2a: Charizard|1
|-damage|p2a: Charizard|45/100
|move|p2a: Charizard|Dragon Claw|p1a: Swampert
|-damage|p1a: Swampert|35/100
|move|p1b: Pelipper|Weather Ball|p2a: Charizard
|-damage|p2a: Charizard|0 fnt
|faint|p2a: Charizard
|
|win|The Hang Dude
|raw|The Hang Dude's rating: 1186 → 1206(+20 for winning)
|raw|ZiranVGC's rating: 1118 → 1098(-20 for losing)
