|j|☆bmcqueen
|j|☆Colonelpaco
|html|bmcqueenColonelpaco    
|uhtml|bestof|Game 3 of a best-of-3
|t:|1757811948
|gametype|doubles
|player|p1|bmcqueen|2|
|player|p2|Colonelpaco|worker-gen4|
|gen|9
|tier|[Gen 9] VGC 2025 Reg H (Bo3)
|rule|Species Clause: Limit one of each Pokémon
|rule|Item Clause: Limit 1 of each item
|clearpoke
|poke|p1|Tyranitar, L50, F|
|poke|p1|Excadrill, L50, F|
|poke|p1|Houndstone, L50, M|
|poke|p1|Farigiraf, L50, F|
|poke|p1|Primarina, L50, F|
|poke|p1|Amoonguss, L50, F|
|poke|p2|Sneasler, L50, M|
|poke|p2|Dragapult, L50, M|
|poke|p2|Primarina, L50, F|
|poke|p2|Rillaboom, L50, M|
|poke|p2|Kingambit, L50, F|
|poke|p2|Magmar, L50, F|
|teampreview|4
|showteam|p1|Tyranitar||AssaultVest|SandStream|RockSlide,KnockOff,TeraBlast,LowKick|||F|||50|,,,,,Flying]Excadrill||FocusSash|SandRush|IronHead,HighHorsepower,Earthquake,Protect|||F|||50|,,,,,Ground]Houndstone||LifeOrb|SandRush|LastRespects,BodyPress,WillOWisp,Protect|||M|||50|,,,,,Fighting]Farigiraf||SafetyGoggles|ArmorTail|Psychic,DazzlingGleam,TrickRoom,HelpingHand|||F|||50|,,,,,Fairy]Primarina||ThroatSpray|LiquidVoice|HyperVoice,Moonblast,Haze,Protect|||F|||50|,,,,,Poison]Amoonguss||SitrusBerry|Regenerator|SludgeBomb,Spore,RagePowder,Protect|||F|||50|,,,,,Water
|showteam|p2|Sneasler||FocusSash|Unburden|CloseCombat,DireClaw,FakeOut,Protect|||M|||50|,,,,,Stellar]Dragapult||ChoiceBand|ClearBody|DragonDarts,TeraBlast,PhantomForce,Uturn|||M|||50|,,,,,Ghost]Primarina||ThroatSpray|LiquidVoice|HyperVoice,Moonblast,Haze,Protect|||F|||50|,,,,,Poison]Rillaboom||AssaultVest|GrassySurge|WoodHammer,GrassyGlide,HighHorsepower,FakeOut|||M|||50|,,,,,Fire]Kingambit||BlackGlasses|Defiant|KowtowCleave,SuckerPunch,SwordsDance,Protect|||F|||50|,,,,,Ghost]Magmar||Eviolite|VitalSpirit|Overheat,WillOWisp,FollowMe,Protect|||F|||50|,,,,,Ghost
|inactive|Battle timer is ON: inactive players will automatically lose when time's up. (requested by Colonelpaco)
|inactive|bmcqueen also wants the timer to be on.
|inactive|bmcqueen has 60 seconds left.
|
|t:|1757811993
|teamsize|p1|4
|teamsize|p2|4
|start
|switch|p1a: Farigiraf|Farigiraf, L50, F|100/100
|switch|p1b: Tyranitar|Tyranitar, L50, F|100/100
|switch|p2a: Rillaboom|Rillaboom, L50, M|100/100
|switch|p2b: Dragapult|Dragapult, L50, M|100/100
|-fieldstart|move: Grassy Terrain|[from] ability: Grassy Surge|[of] p2a: Rillaboom
|-weather|Sandstorm|[from] ability: Sand Stream|[of] p1b: Tyranitar
|turn|1
|inactive|bmcqueen has 30 seconds left.
|
|t:|1757812021
|switch|p1b: Amoonguss|Amoonguss, L50, F|100/100
|-terastallize|p2a: Rillaboom|Fire
|-terastallize|p1a: Farigiraf|Fairy
|move|p2b: Dragapult|Dragon Darts|p1b: Amoonguss
|-damage|p1b: Amoonguss|73/100
|-anim|p2b: Dragapult|Dragon Darts|p1b: Amoonguss
|-damage|p1b: Amoonguss|41/100
|-enditem|p1b: Amoonguss|Sitrus Berry|[eat]
|-heal|p1b: Amoonguss|66/100|[from] item: Sitrus Berry
|move|p2a: Rillaboom|Wood Hammer|p1b: Amoonguss
|-resisted|p1b: Amoonguss
|-damage|p1b: Amoonguss|51/100
|-damage|p2a: Rillaboom|95/100|[from] Recoil
|move|p1a: Farigiraf|Trick Room|p1a: Farigiraf
|-fieldstart|move: Trick Room|[of] p1a: Farigiraf
|
|-weather|Sandstorm|[upkeep]
|-damage|p1b: Amoonguss|45/100|[from] Sandstorm
|-damage|p2a: Rillaboom|89/100|[from] Sandstorm
|-damage|p2b: Dragapult|94/100|[from] Sandstorm
|-heal|p1b: Amoonguss|51/100|[from] Grassy Terrain
|-heal|p2a: Rillaboom|95/100|[from] Grassy Terrain
|-heal|p2b: Dragapult|100/100|[from] Grassy Terrain
|upkeep
|turn|2
|inactive|bmcqueen has 30 seconds left.
|inactive|Colonelpaco has 30 seconds left.
|
|t:|1757812049
|switch|p2b: Magmar|Magmar, L50, F|100/100
|move|p1b: Amoonguss|Spore|p2a: Rillaboom
|-status|p2a: Rillaboom|slp|[from] move: Spore
|move|p1a: Farigiraf|Dazzling Gleam|p2b: Magmar|[spread] p2a,p2b
|-resisted|p2a: Rillaboom
|-resisted|p2b: Magmar
|-damage|p2a: Rillaboom|87/100 slp
|-damage|p2b: Magmar|92/100
|cant|p2a: Rillaboom|slp
|
|-weather|Sandstorm|[upkeep]
|-damage|p1b: Amoonguss|45/100|[from] Sandstorm
|-damage|p2b: Magmar|87/100|[from] Sandstorm
|-damage|p2a: Rillaboom|81/100 slp|[from] Sandstorm
|-heal|p1b: Amoonguss|51/100|[from] Grassy Terrain
|-heal|p2b: Magmar|92/100|[from] Grassy Terrain
|-heal|p2a: Rillaboom|87/100 slp|[from] Grassy Terrain
|upkeep
|turn|3
|
|t:|1757812073
|switch|p1b: Tyranitar|Tyranitar, L50, F|100/100
|move|p1a: Farigiraf|Psychic|p2b: Magmar
|-crit|p2b: Magmar
|-damage|p2b: Magmar|59/100
|move|p2b: Magmar|Overheat|p1b: Tyranitar
|-resisted|p1b: Tyranitar
|-damage|p1b: Tyranitar|92/100
|-unboost|p2b: Magmar|spa|2
|-curestatus|p2a: Rillaboom|slp|[msg]
|move|p2a: Rillaboom|Wood Hammer|p1b: Tyranitar
|-supereffective|p1b: Tyranitar
|-damage|p1b: Tyranitar|0 fnt
|faint|p1b: Tyranitar
|-damage|p2a: Rillaboom|57/100|[from] Recoil
|
|-weather|Sandstorm|[upkeep]
|-damage|p2b: Magmar|53/100|[from] Sandstorm
|-damage|p2a: Rillaboom|51/100|[from] Sandstorm
|-heal|p2b: Magmar|59/100|[from] Grassy Terrain
|-heal|p2a: Rillaboom|57/100|[from] Grassy Terrain
|upkeep
|
|t:|1757812092
|switch|p1b: Amoonguss|Amoonguss, L50, F|84/100
|turn|4
|
|t:|1757812105
|move|p2b: Magmar|Follow Me|p2b: Magmar
|-singleturn|p2b: Magmar|move: Follow Me
|move|p1b: Amoonguss|Sludge Bomb|p2b: Magmar
|-crit|p2b: Magmar
|-damage|p2b: Magmar|32/100
|move|p1a: Farigiraf|Psychic|p2b: Magmar
|-damage|p2b: Magmar|6/100
|move|p2a: Rillaboom|Wood Hammer|p1a: Farigiraf
|-damage|p1a: Farigiraf|33/100
|-damage|p2a: Rillaboom|32/100|[from] Recoil
|
|-weather|Sandstorm|[upkeep]
|-damage|p1b: Amoonguss|78/100|[from] Sandstorm
|-damage|p2b: Magmar|0 fnt|[from] Sandstorm
|-damage|p2a: Rillaboom|26/100|[from] Sandstorm
|faint|p2b: Magmar
|-heal|p1b: Amoonguss|84/100|[from] Grassy Terrain
|-heal|p1a: Farigiraf|39/100|[from] Grassy Terrain
|-heal|p2a: Rillaboom|32/100|[from] Grassy Terrain
|upkeep
|
|t:|1757812126
|switch|p2b: Kingambit|Kingambit, L50, F|100/100
|turn|5
|
|t:|1757812146
|switch|p1a: Excadrill|Excadrill, L50, F|100/100
|move|p2b: Kingambit|Protect|p2b: Kingambit
|-singleturn|p2b: Kingambit|Protect
|move|p1b: Amoonguss|Rage Powder|p1b: Amoonguss
|-singleturn|p1b: Amoonguss|move: Rage Powder
|move|p2a: Rillaboom|High Horsepower|p1b: Amoonguss
|-damage|p1b: Amoonguss|56/100
|
|-weather|none
|-heal|p1b: Amoonguss|62/100|[from] Grassy Terrain
|-heal|p2a: Rillaboom|38/100|[from] Grassy Terrain
|-fieldend|move: Trick Room
|-fieldend|move: Grassy Terrain
|upkeep
|turn|6
|inactive|Colonelpaco has 30 seconds left.
|
|t:|1757812175
|move|p1b: Amoonguss|Protect|p1b: Amoonguss
|-singleturn|p1b: Amoonguss|Protect
|move|p1a: Excadrill|Earthquake|p2a: Rillaboom|[spread] p2a,p2b
|-activate|p1b: Amoonguss|move: Protect
|-supereffective|p2a: Rillaboom
|-supereffective|p2b: Kingambit
|-damage|p2a: Rillaboom|0 fnt
|-damage|p2b: Kingambit|36/100
|faint|p2a: Rillaboom
|move|p2b: Kingambit|Kowtow Cleave|p1b: Amoonguss
|-activate|p1b: Amoonguss|move: Protect
|
|upkeep
|
|t:|1757812185
|switch|p2a: Dragapult|Dragapult, L50, M|100/100
|turn|7
|inactive|Colonelpaco has 30 seconds left.
|
|t:|1757812215
|move|p1b: Amoonguss|Rage Powder|p1b: Amoonguss
|-singleturn|p1b: Amoonguss|move: Rage Powder
|move|p2a: Dragapult|Dragon Darts|p1b: Amoonguss
|-damage|p1b: Amoonguss|32/100
|-anim|p2a: Dragapult|Dragon Darts|p1b: Amoonguss
|-damage|p1b: Amoonguss|5/100
|move|p1a: Excadrill|High Horsepower|p2a: Dragapult
|-damage|p2a: Dragapult|20/100
|move|p2b: Kingambit|Kowtow Cleave|p1b: Amoonguss
|-damage|p1b: Amoonguss|0 fnt
|faint|p1b: Amoonguss
|
|upkeep
|
|t:|1757812226
|switch|p1b: Farigiraf|Farigiraf, L50, F, tera:Fairy|39/100
|turn|8
|
|t:|1757812244
|move|p1a: Excadrill|Protect|p1a: Excadrill
|-singleturn|p1a: Excadrill|Protect
|move|p2a: Dragapult|Dragon Darts|p1a: Excadrill
|-immune|p1b: Farigiraf
|move|p1b: Farigiraf|Dazzling Gleam|p2a: Dragapult|[spread] p2a,p2b
|-supereffective|p2a: Dragapult
|-damage|p2a: Dragapult|0 fnt
|-damage|p2b: Kingambit|14/100
|faint|p2a: Dragapult
|move|p2b: Kingambit|Kowtow Cleave|p1a: Excadrill
|-activate|p1a: Excadrill|move: Protect
|
|upkeep
|turn|9
|
|t:|1757812263
|move|p1a: Excadrill|High Horsepower|p2b: Kingambit
|-supereffective|p2b: Kingambit
|-damage|p2b: Kingambit|0 fnt
|faint|p2b: Kingambit
|
|win|bmcqueen
|l|☆bmcqueen
|player|p1|
