|j|☆sybe123
|j|☆devil may larp
|html|sybe123devil may larp    
|uhtml|bestof|Game 3 of a best-of-3
|t:|1782757840
|gametype|doubles
|player|p1|sybe123|101|1195
|player|p2|devil may larp|roxie|1260
|gen|9
|tier|[Gen 9 Champions] VGC 2026 Reg M-B (Bo3)
|rated|
|rule|Species Clause: Limit one of each Pokémon
|rule|Item Clause: Limit 1 of each item
|clearpoke
|poke|p1|Raichu, L50, M|
|poke|p1|Grimmsnarl, L50, M|
|poke|p1|Ceruledge, L50, M|
|poke|p1|Milotic, L50, M|
|poke|p1|Sinistcha, L50|
|poke|p1|Mamoswine, L50, F|
|poke|p2|Charizard, L50, F|
|poke|p2|Farigiraf, L50, F, shiny|
|poke|p2|Sylveon, L50, F, shiny|
|poke|p2|Venusaur, L50, F|
|poke|p2|Kingambit, L50, F|
|poke|p2|Aerodactyl, L50, F|
|teampreview|4
|showteam|p1|Raichu||RaichuniteY|Static|ZapCannon,FocusBlast,AlluringVoice,Protect|Timid||M|||50|]Grimmsnarl||LightClay|Prankster|LightScreen,Reflect,FakeTears,SpiritBreak|Careful||M|||50|]Ceruledge||LifeOrb|FlashFire|BitterBlade,ShadowSneak,BulkUp,Protect|Adamant||M|||50|]Milotic||Leftovers|Competitive|Scald,IceBeam,Recover,Protect|Bold||M|||50|]Sinistcha||SitrusBerry|Hospitality|MatchaGotcha,RagePowder,TrickRoom,Protect|Calm|||||50|]Mamoswine||ExpertBelt|Oblivious|HighHorsepower,IcicleCrash,IceShard,Protect|Adamant||F|||50|
|showteam|p2|Charizard||CharizarditeY|Blaze|HeatWave,SolarBeam,Protect,WeatherBall|Modest||F|||50|]Farigiraf||ColburBerry|ArmorTail|Psychic,HelpingHand,Protect,TrickRoom|Sassy||F|||50|]Sylveon||FairyFeather|Pixilate|HyperBeam,HyperVoice,QuickAttack,Protect|Modest||F|||50|]Venusaur||LifeOrb|Chlorophyll|EnergyBall,SludgeBomb,EarthPower,Protect|Serious||F|||50|]Kingambit||BlackGlasses|Defiant|KowtowCleave,SuckerPunch,LowKick,Protect|Adamant||F|||50|]Aerodactyl||FocusSash|Unnerve|Tailwind,RockSlide,WideGuard,Protect|Jolly||F|||50|
|inactive|Battle timer is ON: inactive players will automatically lose when time's up. (requested by devil may larp)
|l|☆sybe123
|inactive|sybe123 disconnected and has a minute to reconnect!
|player|p1|
|j|☆sybe123
|inactive|sybe123 reconnected and has 50 seconds left.
|player|p1|sybe123|101|
|
|t:|1782757900
|teamsize|p1|4
|teamsize|p2|4
|start
|switch|p1a: Grimmsnarl|Grimmsnarl, L50, M|100/100
|switch|p1b: Raichu|Raichu, L50, M|100/100
|switch|p2a: Yan|Aerodactyl, L50, F|100/100
|switch|p2b: Kingambit|Kingambit, L50, F|100/100
|-ability|p2a: Yan|Unnerve
|turn|1
|
|t:|1782757915
|switch|p2b: Venusaur|Venusaur, L50, F|100/100
|detailschange|p1b: Raichu|Raichu-Mega-Y, L50, M
|-mega|p1b: Raichu|Raichu|Raichunite Y
|move|p2a: Yan|Tailwind|p2a: Yan
|-sidestart|p2: devil may larp|move: Tailwind
|move|p1b: Raichu|Zap Cannon|p2a: Yan
|-supereffective|p2a: Yan|1
|-enditem|p2a: Yan|Focus Sash
|-damage|p2a: Yan|1/100
|-status|p2a: Yan|par
|move|p1a: Grimmsnarl|Spirit Break|p2a: Yan
|-damage|p2a: Yan|0 fnt
|faint|p2a: Yan
|
|upkeep
|
|t:|1782757926
|switch|p2a: Kingambit|Kingambit, L50, F|100/100
|turn|2
|
|t:|1782757939
|move|p1b: Raichu|Protect|p1b: Raichu
|-singleturn|p1b: Raichu|Protect
|move|p2a: Kingambit|Sucker Punch||[still]
|-fail|p2a: Kingambit
|move|p1a: Grimmsnarl|Light Screen|p1a: Grimmsnarl
|-sidestart|p1: sybe123|move: Light Screen
|move|p2b: Venusaur|Earth Power|p1b: Raichu
|-activate|p1b: Raichu|move: Protect
|
|upkeep
|turn|3
|
|t:|1782757957
|move|p2a: Kingambit|Sucker Punch|p1b: Raichu
|-damage|p1b: Raichu|19/100
|move|p1a: Grimmsnarl|Reflect|p1a: Grimmsnarl
|-sidestart|p1: sybe123|Reflect
|move|p2b: Venusaur|Earth Power|p1b: Raichu
|-supereffective|p1b: Raichu|1
|-damage|p1b: Raichu|0 fnt
|faint|p1b: Raichu
|-damage|p2b: Venusaur|90/100|[from] item: Life Orb
|
|upkeep
|
|t:|1782757974
|switch|p1b: Ceruledge|Ceruledge, L50, M|100/100
|turn|4
|
|t:|1782757984
|move|p1b: Ceruledge|Protect|p1b: Ceruledge
|-singleturn|p1b: Ceruledge|Protect
|move|p2b: Venusaur|Sludge Bomb|p1a: Grimmsnarl
|-supereffective|p1a: Grimmsnarl|1
|-damage|p1a: Grimmsnarl|43/100
|-status|p1a: Grimmsnarl|psn
|-damage|p2b: Venusaur|80/100|[from] item: Life Orb
|move|p2a: Kingambit|Kowtow Cleave|p1a: Grimmsnarl
|-resisted|p1a: Grimmsnarl|2
|-damage|p1a: Grimmsnarl|32/100 psn
|move|p1a: Grimmsnarl|Spirit Break|p2b: Venusaur
|-resisted|p2b: Venusaur|1
|-damage|p2b: Venusaur|62/100
|-unboost|p2b: Venusaur|spa|1
|
|-damage|p1a: Grimmsnarl|20/100y psn|[from] psn
|-sideend|p2: devil may larp|move: Tailwind
|upkeep
|turn|5
|
|t:|1782758009
|switch|p2b: Big Y|Charizard, L50, F|100/100
|move|p1b: Ceruledge|Bulk Up|p1b: Ceruledge
|-boost|p1b: Ceruledge|atk|1
|-boost|p1b: Ceruledge|def|1
|move|p1a: Grimmsnarl|Spirit Break|p2b: Big Y
|-resisted|p2b: Big Y|1
|-damage|p2b: Big Y|78/100
|-unboost|p2b: Big Y|spa|1
|move|p2a: Kingambit|Kowtow Cleave|p1b: Ceruledge
|-supereffective|p1b: Ceruledge|1
|-damage|p1b: Ceruledge|48/100
|
|-damage|p1a: Grimmsnarl|7/100 psn|[from] psn
|upkeep
|turn|6
|inactive|sybe123 has 30 seconds left.
|inactive|sybe123 has 20 seconds left.
|inactive|sybe123 has 15 seconds left.
|
|t:|1782758051
|switch|p2b: Venusaur|Venusaur, L50, F|62/100
|switch|p1a: Sinistcha|Sinistcha, L50|100/100
|-heal|p1b: Ceruledge|72/100|[from] ability: Hospitality|[of] p1a: Sinistcha
|move|p2a: Kingambit|Protect|p2a: Kingambit
|-singleturn|p2a: Kingambit|Protect
|move|p1b: Ceruledge|Bitter Blade|p2a: Kingambit
|-activate|p2a: Kingambit|move: Protect
|
|upkeep
|turn|7
|
|t:|1782758065
|move|p2a: Kingambit|Sucker Punch|p1b: Ceruledge
|-supereffective|p1b: Ceruledge|1
|-damage|p1b: Ceruledge|25/100
|move|p2b: Venusaur|Earth Power|p1b: Ceruledge
|-supereffective|p1b: Ceruledge|1
|-damage|p1b: Ceruledge|0 fnt
|faint|p1b: Ceruledge
|-damage|p2b: Venusaur|52/100|[from] item: Life Orb
|move|p1a: Sinistcha|Trick Room|p1a: Sinistcha
|-fieldstart|move: Trick Room|[of] p1a: Sinistcha
|
|upkeep
|
|t:|1782758074
|switch|p1b: Grimmsnarl|Grimmsnarl, L50, M|7/100 psn
|turn|8
|-message|sybe123 forfeited.
|
|win|devil may larp
|raw|sybe123's rating: 1195 → 1175(-20 for losing)
|raw|devil may larp's rating: 1260 → 1280(+20 for winning)
|l|☆sybe123
|player|p1|
|j|☆sybe123
|player|p1|sybe123|101|
|l|☆sybe123
|player|p1|
