|j|☆Fubuu
|j|☆teyvgc
|html|Fubuuteyvgc    
|uhtml|bestof|Game 2 of a best-of-3
|t:|1782529652
|gametype|doubles
|player|p1|Fubuu|1|1140
|player|p2|teyvgc|rood|1185
|gen|9
|tier|[Gen 9 Champions] VGC 2026 Reg M-B (Bo3)
|rated|
|rule|Species Clause: Limit one of each Pokémon
|rule|Item Clause: Limit 1 of each item
|clearpoke
|poke|p1|Eelektross, L50, M|
|poke|p1|Sableye, L50, F|
|poke|p1|Pelipper, L50, M|
|poke|p1|Mamoswine, L50, F|
|poke|p1|Archaludon, L50, M|
|poke|p1|Araquanid, L50, F|
|poke|p2|Houndstone, L50, M|
|poke|p2|Tyranitar, L50, F|
|poke|p2|Rotom-Wash, L50|
|poke|p2|Incineroar, L50, M|
|poke|p2|Farigiraf, L50, F, shiny|
|poke|p2|Garchomp, L50, M, shiny|
|teampreview|4
|showteam|p1|Eelektross||Eelektrossite|Levitate|CloseCombat,GigaDrain,Thunder,Protect|Quiet||M|||50|]Sableye||MentalHerb|Prankster|Encore,Quash,RainDance,SunnyDay|Calm||F|||50|]Pelipper||ExpertBelt|Drizzle|Hurricane,WeatherBall,Protect,Tailwind|Modest||M|||50|]Mamoswine||FocusSash|Oblivious|IcicleSpear,HighHorsepower,Earthquake,Protect|Adamant||F|||50|]Archaludon||Leftovers|Sturdy|HardPress,AuraSphere,ElectroShot,Protect|Brave||M|||50|]Araquanid||MysticWater|WaterBubble|Liquidation,LeechLife,StickyWeb,Protect|Adamant||F|||50|
|showteam|p2|Houndstone||FocusSash|SandRush|Poltergeist,ShadowSneak,LastRespects,Protect|Adamant||M|||50|]Tyranitar||Tyranitarite|SandStream|RockSlide,KnockOff,LowKick,Protect|Adamant||F|||50|]Rotom-Wash||Leftovers|Levitate|LightScreen,HydroPump,VoltSwitch,WillOWisp|Bold|||||50|]Incineroar||PasshoBerry|Intimidate|FlareBlitz,DarkestLariat,FakeOut,PartingShot|Adamant||M|||50|]Farigiraf||TwistedSpoon|ArmorTail|HyperVoice,TwinBeam,TrickRoom,HelpingHand|Quiet||F|||50|]Garchomp||Garchompite|RoughSkin|StompingTantrum,DragonClaw,Earthquake,Protect|Adamant||M|||50|
|j| tyho45
|inactive|Battle timer is ON: inactive players will automatically lose when time's up. (requested by Fubuu)
|
|t:|1782529678
|teamsize|p1|4
|teamsize|p2|4
|start
|switch|p1a: Mamoswine|Mamoswine, L50, F|100/100
|switch|p1b: Araquanid|Araquanid, L50, F|100/100
|switch|p2a: Incineroar|Incineroar, L50, M|100/100
|switch|p2b: Farigiraf|Farigiraf, L50, F, shiny|100/100
|-ability|p2a: Incineroar|Intimidate|boost
|-fail|p1a: Mamoswine|unboost|Attack|[from] ability: Oblivious|[of] p1a: Mamoswine
|-unboost|p1b: Araquanid|atk|1
|turn|1
|inactive|teyvgc has 30 seconds left.
|inactive|teyvgc has 20 seconds left.
|inactive|teyvgc has 15 seconds left.
|inactive|teyvgc has 10 seconds left.
|
|t:|1782529723
|switch|p1a: Pelipper|Pelipper, L50, M|100/100
|-weather|RainDance|[from] ability: Drizzle|[of] p1a: Pelipper
|move|p2a: Incineroar|Parting Shot|p1b: Araquanid
|-unboost|p1b: Araquanid|atk|1
|-unboost|p1b: Araquanid|spa|1
|
|t:|1782529730
|switch|p2a: Tyranitar|Tyranitar, L50, F|100/100|[from] Parting Shot
|-weather|Sandstorm|[from] ability: Sand Stream|[of] p2a: Tyranitar
|move|p2b: Farigiraf|Hyper Voice|p1a: Pelipper|[spread] p1a,p1b
|-damage|p1a: Pelipper|55/100
|-damage|p1b: Araquanid|74/100
|move|p1b: Araquanid|Liquidation|p2a: Tyranitar
|-supereffective|p2a: Tyranitar|1
|-damage|p2a: Tyranitar|39/100
|
|-weather|Sandstorm|[upkeep]
|-damage|p1a: Pelipper|50/100y|[from] Sandstorm
|-damage|p1b: Araquanid|68/100|[from] Sandstorm
|-damage|p2b: Farigiraf|93/100|[from] Sandstorm
|upkeep
|turn|2
|
|t:|1782529749
|switch|p1a: Mamoswine|Mamoswine, L50, F|100/100
|switch|p2a: Incineroar|Incineroar, L50, M|100/100
|-ability|p2a: Incineroar|Intimidate|boost
|-fail|p1a: Mamoswine|unboost|Attack|[from] ability: Oblivious|[of] p1a: Mamoswine
|-unboost|p1b: Araquanid|atk|1
|move|p2b: Farigiraf|Hyper Voice|p1a: Mamoswine|[spread] p1a,p1b
|-damage|p1a: Mamoswine|56/100
|-damage|p1b: Araquanid|40/100
|move|p1b: Araquanid|Leech Life|p2b: Farigiraf
|-supereffective|p2b: Farigiraf|1
|-damage|p2b: Farigiraf|67/100
|-heal|p1b: Araquanid|58/100|[from] drain|[of] p2b: Farigiraf
|
|-weather|Sandstorm|[upkeep]
|-damage|p2a: Incineroar|94/100|[from] Sandstorm
|-damage|p1b: Araquanid|52/100|[from] Sandstorm
|-damage|p2b: Farigiraf|61/100|[from] Sandstorm
|upkeep
|turn|3
|inactive|teyvgc has 30 seconds left.
|
|t:|1782529777
|switch|p1b: Eelektross|Eelektross, L50, M|100/100
|move|p1a: Mamoswine|Earthquake|p2b: Farigiraf|[spread] p2a,p2b
|-immune|p1b: Eelektross|[from] ability: Levitate
|-supereffective|p2a: Incineroar|1
|-damage|p2a: Incineroar|16/100
|-damage|p2b: Farigiraf|20/100y
|move|p2a: Incineroar|Parting Shot|p1a: Mamoswine
|-unboost|p1a: Mamoswine|atk|1
|-unboost|p1a: Mamoswine|spa|1
|
|t:|1782529792
|switch|p2a: Tyranitar|Tyranitar, L50, F|39/100|[from] Parting Shot
|move|p2b: Farigiraf|Hyper Voice|p1a: Mamoswine|[spread] p1a,p1b
|-damage|p1a: Mamoswine|10/100
|-damage|p1b: Eelektross|62/100
|
|-weather|Sandstorm|[upkeep]
|-damage|p2b: Farigiraf|14/100|[from] Sandstorm
|-damage|p1b: Eelektross|56/100|[from] Sandstorm
|upkeep
|turn|4
|
|t:|1782529812
|detailschange|p1b: Eelektross|Eelektross-Mega, L50, M
|-mega|p1b: Eelektross|Eelektross|Eelektrossite
|move|p2a: Tyranitar|Protect|p2a: Tyranitar
|-singleturn|p2a: Tyranitar|Protect
|move|p1a: Mamoswine|Earthquake|p2b: Farigiraf|[spread] p2b
|-activate|p2a: Tyranitar|move: Protect
|-immune|p1b: Eelektross|[from] ability: Levitate
|-damage|p2b: Farigiraf|0 fnt
|faint|p2b: Farigiraf
|move|p1b: Eelektross|Giga Drain|p2a: Tyranitar
|-activate|p2a: Tyranitar|move: Protect
|
|-weather|Sandstorm|[upkeep]
|-damage|p1b: Eelektross|50/100g|[from] Sandstorm
|upkeep
|
|t:|1782529816
|switch|p2b: Incineroar|Incineroar, L50, M|16/100
|-ability|p2b: Incineroar|Intimidate|boost
|-fail|p1a: Mamoswine|unboost|Attack|[from] ability: Oblivious|[of] p1a: Mamoswine
|-unboost|p1b: Eelektross|atk|1
|turn|5
|
|t:|1782529835
|detailschange|p2a: Tyranitar|Tyranitar-Mega, L50, F
|-mega|p2a: Tyranitar|Tyranitar|Tyranitarite
|move|p1a: Mamoswine|Protect|p1a: Mamoswine
|-singleturn|p1a: Mamoswine|Protect
|move|p1b: Eelektross|Protect|p1b: Eelektross
|-singleturn|p1b: Eelektross|Protect
|move|p2b: Incineroar|Fake Out|p1a: Mamoswine
|-activate|p1a: Mamoswine|move: Protect
|move|p2a: Tyranitar|Rock Slide|p1a: Mamoswine|[spread] 
|-activate|p1a: Mamoswine|move: Protect
|-activate|p1b: Eelektross|move: Protect
|
|-weather|none
|upkeep
|turn|6
|
|t:|1782529854
|switch|p1a: Pelipper|Pelipper, L50, M|50/100y
|-weather|RainDance|[from] ability: Drizzle|[of] p1a: Pelipper
|switch|p2a: Garchomp|Garchomp, L50, M, shiny|100/100
|move|p2b: Incineroar|Parting Shot|p1a: Pelipper
|-unboost|p1a: Pelipper|atk|1
|-unboost|p1a: Pelipper|spa|1
|
|t:|1782529862
|switch|p2b: Tyranitar|Tyranitar-Mega, L50, F|39/100|[from] Parting Shot
|-weather|Sandstorm|[from] ability: Sand Stream|[of] p2b: Tyranitar
|move|p1b: Eelektross|Thunder|p2b: Tyranitar
|-damage|p2b: Tyranitar|5/100
|-status|p2b: Tyranitar|par
|
|-weather|Sandstorm|[upkeep]
|-damage|p1a: Pelipper|44/100|[from] Sandstorm
|-damage|p1b: Eelektross|44/100|[from] Sandstorm
|upkeep
|turn|7
|
|t:|1782529881
|switch|p1a: Araquanid|Araquanid, L50, F|52/100
|move|p1b: Eelektross|Protect|p1b: Eelektross
|-singleturn|p1b: Eelektross|Protect
|move|p2a: Garchomp|Dragon Claw|p1b: Eelektross
|-activate|p1b: Eelektross|move: Protect
|cant|p2b: Tyranitar|par
|
|-weather|Sandstorm|[upkeep]
|-damage|p1b: Eelektross|38/100|[from] Sandstorm
|-damage|p1a: Araquanid|46/100|[from] Sandstorm
|upkeep
|turn|8
|
|t:|1782529901
|switch|p1b: Pelipper|Pelipper, L50, M|44/100
|-weather|RainDance|[from] ability: Drizzle|[of] p1b: Pelipper
|switch|p2b: Incineroar|Incineroar, L50, M|16/100
|-ability|p2b: Incineroar|Intimidate|boost
|-unboost|p1a: Araquanid|atk|1
|-unboost|p1b: Pelipper|atk|1
|move|p2a: Garchomp|Dragon Claw|p1b: Pelipper
|-damage|p1b: Pelipper|0 fnt
|faint|p1b: Pelipper
|move|p1a: Araquanid|Liquidation|p2a: Garchomp
|-damage|p2a: Garchomp|27/100
|-damage|p1a: Araquanid|34/100|[from] ability: Rough Skin|[of] p2a: Garchomp
|
|-weather|RainDance|[upkeep]
|upkeep
|
|t:|1782529923
|switch|p1b: Mamoswine|Mamoswine, L50, F|10/100
|turn|9
|
|t:|1782529936
|move|p1b: Mamoswine|Protect|p1b: Mamoswine
|-singleturn|p1b: Mamoswine|Protect
|move|p2b: Incineroar|Fake Out|p1b: Mamoswine
|-activate|p1b: Mamoswine|move: Protect
|move|p2a: Garchomp|Dragon Claw|p1a: Araquanid
|-damage|p1a: Araquanid|0 fnt
|faint|p1a: Araquanid
|
|-weather|RainDance|[upkeep]
|upkeep
|
|t:|1782529944
|switch|p1a: Eelektross|Eelektross-Mega, L50, M|38/100
|turn|10
|
|t:|1782529960
|switch|p2b: Tyranitar|Tyranitar-Mega, L50, F|5/100 par
|-weather|Sandstorm|[from] ability: Sand Stream|[of] p2b: Tyranitar
|move|p2a: Garchomp|Protect|p2a: Garchomp
|-singleturn|p2a: Garchomp|Protect
|move|p1b: Mamoswine|Earthquake|p2a: Garchomp|[spread] p2b
|-activate|p2a: Garchomp|move: Protect
|-immune|p1a: Eelektross|[from] ability: Levitate
|-supereffective|p2b: Tyranitar|1
|-damage|p2b: Tyranitar|0 fnt
|faint|p2b: Tyranitar
|move|p1a: Eelektross|Giga Drain|p2a: Garchomp
|-activate|p2a: Garchomp|move: Protect
|
|-weather|Sandstorm|[upkeep]
|-damage|p1a: Eelektross|32/100|[from] Sandstorm
|upkeep
|
|t:|1782529975
|switch|p2b: Incineroar|Incineroar, L50, M|16/100
|-ability|p2b: Incineroar|Intimidate|boost
|-unboost|p1a: Eelektross|atk|1
|-fail|p1b: Mamoswine|unboost|Attack|[from] ability: Oblivious|[of] p1b: Mamoswine
|turn|11
|
|t:|1782529989
|move|p1b: Mamoswine|Protect|p1b: Mamoswine
|-singleturn|p1b: Mamoswine|Protect
|move|p1a: Eelektross|Protect|p1a: Eelektross
|-singleturn|p1a: Eelektross|Protect
|move|p2b: Incineroar|Fake Out|p1b: Mamoswine
|-activate|p1b: Mamoswine|move: Protect
|move|p2a: Garchomp|Dragon Claw|p1b: Mamoswine
|-activate|p1b: Mamoswine|move: Protect
|
|-weather|Sandstorm|[upkeep]
|-damage|p2b: Incineroar|10/100|[from] Sandstorm
|-damage|p1a: Eelektross|26/100|[from] Sandstorm
|upkeep
|turn|12
|
|t:|1782530003
|move|p1b: Mamoswine|Earthquake|p2b: Incineroar|[spread] p2a,p2b
|-immune|p1a: Eelektross|[from] ability: Levitate
|-supereffective|p2b: Incineroar|1
|-damage|p2a: Garchomp|0 fnt
|-damage|p2b: Incineroar|0 fnt
|faint|p2a: Garchomp
|faint|p2b: Incineroar
|
|win|Fubuu
