|j|☆3rdPlaceTennis
|j|☆zweb99
|html|3rdPlaceTenniszweb99    
|uhtml|bestof|Game 2 of a best-of-3
|t:|1756601491
|gametype|doubles
|player|p1|3rdPlaceTennis|bugcatcher-gen4dp|1086
|player|p2|zweb99|lucas|1095
|gen|9
|tier|[Gen 9] VGC 2025 Reg H (Bo3)
|rated|
|rule|Species Clause: Limit one of each Pokémon
|rule|Item Clause: Limit 1 of each item
|clearpoke
|poke|p1|Kommo-o, L50, F|
|poke|p1|Gothitelle, L50, M|
|poke|p1|Ninetales-Alola, L50, F|
|poke|p1|Incineroar, L50, M|
|poke|p1|Ursaluna, L50, M|
|poke|p1|Archaludon, L50, M|
|poke|p2|Rillaboom, L50, M|
|poke|p2|Kingambit, L50, F|
|poke|p2|Sneasler, L50, M|
|poke|p2|Dragonite, L50, F|
|poke|p2|Gastrodon, L50, F|
|poke|p2|Ceruledge, L50, M|
|teampreview|4
|showteam|p1|Kommo-o||ThroatSpray|Soundproof|ClangingScales,Flamethrower,ClangorousSoul,Protect|||F|||50|,,,,,Fire]Gothitelle||Leftovers|ShadowTag|Protect,Psychic,TrickRoom,FakeOut|||M|||50|,,,,,Water]Ninetales-Alola||FocusSash|SnowWarning|Encore,IcyWind,Blizzard,Protect|||F|||50|,,,,,Ghost]Incineroar||SafetyGoggles|Intimidate|KnockOff,Taunt,FakeOut,PartingShot|||M|||50|,,,,,Ghost]Ursaluna||FlameOrb|Guts|Facade,HeadlongRush,Earthquake,Protect|||M|||50|,,,,,Ghost]Archaludon||PowerHerb|Sturdy|DracoMeteor,ElectroShot,Thunderbolt,Protect|||M|||50|,,,,,Electric
|showteam|p2|Rillaboom||MiracleSeed|GrassySurge|WoodHammer,GrassyGlide,FakeOut,HighHorsepower|||M|||50|,,,,,Fire]Kingambit||AssaultVest|Defiant|KowtowCleave,SuckerPunch,TeraBlast,IronHead|||F|||50|,,,,,Flying]Sneasler||FocusSash|Unburden|DireClaw,CloseCombat,Coaching,FakeOut|||M|||50|,,,,,Ghost]Dragonite||LoadedDice|Multiscale|ExtremeSpeed,ScaleShot,LowKick,Protect|||F|||50|,,,,,Fairy]Gastrodon||SitrusBerry|StormDrain|EarthPower,IceBeam,ClearSmog,Protect|||F|||50|,,,,,Water]Ceruledge||Leftovers|FlashFire|BitterBlade,ShadowSneak,BulkUp,Protect|||M|||50|,,,,,Grass
|
|t:|1756601527
|teamsize|p1|4
|teamsize|p2|4
|start
|switch|p1a: Archaludon|Archaludon, L50, M|100/100
|switch|p1b: Ninetales|Ninetales-Alola, L50, F|100/100
|switch|p2a: Kingambit|Kingambit, L50, F|100/100
|switch|p2b: Sneasler|Sneasler, L50, M|100/100
|-weather|Snowscape|[from] ability: Snow Warning|[of] p1b: Ninetales
|turn|1
|
|t:|1756601562
|-terastallize|p1a: Archaludon|Electric
|move|p2a: Kingambit|Sucker Punch|p1a: Archaludon
|-damage|p1a: Archaludon|64/100
|move|p2b: Sneasler|Close Combat|p1a: Archaludon
|-damage|p1a: Archaludon|9/100
|-unboost|p2b: Sneasler|def|1
|-unboost|p2b: Sneasler|spd|1
|move|p1b: Ninetales|Blizzard|p2a: Kingambit|[spread] p2a,p2b
|-resisted|p2a: Kingambit
|-damage|p2a: Kingambit|91/100
|-damage|p2b: Sneasler|33/100
|move|p1a: Archaludon|Electro Shot||[still]
|-prepare|p1a: Archaludon|Electro Shot
|-boost|p1a: Archaludon|spa|1
|-enditem|p1a: Archaludon|Power Herb
|-anim|p1a: Archaludon|Electro Shot|p2a: Kingambit
|-damage|p2a: Kingambit|24/100
|
|-weather|Snowscape|[upkeep]
|upkeep
|turn|2
|
|t:|1756601608
|move|p1a: Archaludon|Protect|p1a: Archaludon
|-singleturn|p1a: Archaludon|Protect
|move|p2a: Kingambit|Sucker Punch|p1b: Ninetales
|-resisted|p1b: Ninetales
|-damage|p1b: Ninetales|78/100
|move|p2b: Sneasler|Close Combat|p1a: Archaludon
|-activate|p1a: Archaludon|move: Protect
|move|p1b: Ninetales|Blizzard|p2b: Sneasler|[spread] p2a,p2b
|-resisted|p2a: Kingambit
|-damage|p2a: Kingambit|14/100
|-damage|p2b: Sneasler|0 fnt
|faint|p2b: Sneasler
|
|-weather|Snowscape|[upkeep]
|upkeep
|
|t:|1756601628
|switch|p2b: Dragonite|Dragonite, L50, F|100/100
|turn|3
|
|t:|1756601643
|-terastallize|p2b: Dragonite|Fairy
|move|p2b: Dragonite|Extreme Speed|p1a: Archaludon
|-damage|p1a: Archaludon|0 fnt
|faint|p1a: Archaludon
|move|p1b: Ninetales|Blizzard|p2a: Kingambit|[spread] p2a,p2b
|-resisted|p2a: Kingambit
|-damage|p2a: Kingambit|4/100
|-damage|p2b: Dragonite|86/100
|-status|p2a: Kingambit|frz
|cant|p2a: Kingambit|frz
|
|-weather|Snowscape|[upkeep]
|upkeep
|
|t:|1756601654
|switch|p1a: Ursaluna|Ursaluna, L50, M|100/100
|turn|4
|
|t:|1756601685
|move|p2b: Dragonite|Extreme Speed|p1b: Ninetales
|-crit|p1b: Ninetales
|-damage|p1b: Ninetales|27/100
|cant|p2a: Kingambit|frz
|move|p1b: Ninetales|Icy Wind|p2a: Kingambit|[spread] p2a,p2b
|-resisted|p2a: Kingambit
|-damage|p2a: Kingambit|0 fnt
|-damage|p2b: Dragonite|69/100
|-unboost|p2b: Dragonite|spe|1
|faint|p2a: Kingambit
|move|p1a: Ursaluna|Headlong Rush|p2b: Dragonite
|-damage|p2b: Dragonite|0 fnt
|-unboost|p1a: Ursaluna|def|1
|-unboost|p1a: Ursaluna|spd|1
|faint|p2b: Dragonite
|
|-weather|Snowscape|[upkeep]
|-status|p1a: Ursaluna|brn|[from] item: Flame Orb
|upkeep
|
|t:|1756601704
|switch|p2b: Gastrodon|Gastrodon, L50, F|100/100
|turn|5
|
|t:|1756601715
|move|p2b: Gastrodon|Protect|p2b: Gastrodon
|-singleturn|p2b: Gastrodon|Protect
|move|p1b: Ninetales|Icy Wind|p2b: Gastrodon
|-activate|p2b: Gastrodon|move: Protect
|move|p1a: Ursaluna|Facade|p2b: Gastrodon
|-activate|p2b: Gastrodon|move: Protect
|
|-weather|none
|-damage|p1a: Ursaluna|95/100 brn|[from] brn
|upkeep
|turn|6
|
|t:|1756601744
|move|p1b: Ninetales|Encore|p2b: Gastrodon
|-start|p2b: Gastrodon|Encore
|move|p1a: Ursaluna|Facade|p2b: Gastrodon
|-damage|p2b: Gastrodon|0 fnt
|faint|p2b: Gastrodon
|
|win|3rdPlaceTennis
