|j|☆nyakugan
|j|☆failandimprove5
|html|nyakuganfailandimprove5    
|uhtml|bestof|Game 2 of a best-of-3
|t:|1784748309
|gametype|doubles
|player|p1|nyakugan|2|
|player|p2|failandimprove5|2|
|gen|9
|tier|[Gen 9 Champions] VGC 2026 Reg M-B (Bo3)
|rule|Species Clause: Limit one of each Pokémon
|rule|Item Clause: Limit 1 of each item
|clearpoke
|poke|p1|Annihilape, L50, F|
|poke|p1|Maushold, L50|
|poke|p1|Glimmora, L50, M|
|poke|p1|Ninetales-Alola, L50, M|
|poke|p1|Primarina, L50, M|
|poke|p1|Kingambit, L50, M|
|poke|p2|Kingambit, L50, F|
|poke|p2|Sneasler, L50, M|
|poke|p2|Froslass, L50, F|
|poke|p2|Lycanroc-Dusk, L50, F|
|poke|p2|Basculegion, L50, M|
|poke|p2|Scovillain, L50, F|
|teampreview|4
|showteam|p1|Annihilape||Leftovers|Defiant|RageFist,DrainPunch,BulkUp,Protect|Adamant||F|||50|]Maushold||ChopleBerry|FriendGuard|BeatUp,Feint,FollowMe,Protect|Bold|||||50|]Glimmora||Glimmoranite|ToxicDebris|SludgeBomb,PowerGem,EarthPower,SpikyShield|Timid||M|||50|]Ninetales-Alola||NeverMeltIce|SnowWarning|Blizzard,FreezeDry,AuroraVeil,Protect|Timid||M|||50|]Primarina||LifeOrb|LiquidVoice|Moonblast,HyperVoice,DazzlingGleam,Protect|Modest||M|||50|]Kingambit||FocusSash|Defiant|KowtowCleave,IronHead,SuckerPunch,Protect|Adamant||M|||50|
|showteam|p2|Kingambit||LifeOrb|Defiant|KowtowCleave,SuckerPunch,SwordsDance,Protect|Adamant||F|||50|]Sneasler||WhiteHerb|Unburden|FakeOut,CloseCombat,GunkShot,Protect|Adamant||M|||50|]Froslass||Froslassite|SnowCloak|Blizzard,AuroraVeil,ShadowBall,Protect|Timid||F|||50|]Lycanroc-Dusk||FocusSash|ToughClaws|CloseCombat,RockSlide,Accelerock,Protect|Adamant||F|||50|]Basculegion||SitrusBerry|Adaptability|LastRespects,AquaJet,WaveCrash,Protect|Adamant||M|||50|]Scovillain||Scovillainite|Moody|Overheat,GigaDrain,RagePowder,Protect|Bold||F|||50|
|inactive|Battle timer is ON: inactive players will automatically lose when time's up. (requested by failandimprove5)
|inactive|nyakugan has 60 seconds left.
|inactive|failandimprove5 has 60 seconds left.
|
|t:|1784748346
|teamsize|p1|4
|teamsize|p2|4
|start
|switch|p1a: Maushold|Maushold, L50|100/100
|switch|p1b: Glimmora|Glimmora, L50, M|100/100
|switch|p2a: Scovillain|Scovillain, L50, F|100/100
|switch|p2b: Kingambit|Kingambit, L50, F|100/100
|turn|1
|inactive|nyakugan has 30 seconds left.
|inactive|nyakugan has 20 seconds left.
|inactive|nyakugan has 15 seconds left.
|inactive|nyakugan has 10 seconds left.
|
|t:|1784748396
|switch|p2a: Sneasler|Sneasler, L50, M|100/100
|detailschange|p1b: Glimmora|Glimmora-Mega, L50, M
|-mega|p1b: Glimmora|Glimmora|Glimmoranite
|move|p1a: Maushold|Feint|p2a: Sneasler
|-damage|p2a: Sneasler|90/100
|move|p1b: Glimmora|Power Gem|p2a: Sneasler
|-resisted|p2a: Sneasler|1
|-damage|p2a: Sneasler|54/100
|move|p2b: Kingambit|Swords Dance|p2b: Kingambit
|-boost|p2b: Kingambit|atk|2
|
|upkeep
|turn|2
|
|t:|1784748419
|switch|p1a: Annihilape|Annihilape, L50, F|100/100
|move|p2a: Sneasler|Fake Out|p1b: Glimmora
|-resisted|p1b: Glimmora|1
|-damage|p1b: Glimmora|93/100
|cant|p1b: Glimmora|flinch
|move|p2b: Kingambit|Kowtow Cleave|p1a: Annihilape
|-damage|p1a: Annihilape|0 fnt
|faint|p1a: Annihilape
|-damage|p2b: Kingambit|90/100|[from] item: Life Orb
|
|upkeep
|
|t:|1784748430
|switch|p1a: Maushold|Maushold, L50|100/100
|turn|3
|inactive|nyakugan has 30 seconds left.
|inactive|failandimprove5 has 30 seconds left.
|
|t:|1784748460
|move|p1a: Maushold|Protect|p1a: Maushold
|-singleturn|p1a: Maushold|Protect
|move|p1b: Glimmora|Earth Power|p2b: Kingambit
|-supereffective|p2b: Kingambit|1
|-damage|p2b: Kingambit|16/100
|move|p2a: Sneasler|Close Combat|p1a: Maushold
|-activate|p1a: Maushold|move: Protect
|move|p2b: Kingambit|Kowtow Cleave|p1b: Glimmora
|-damage|p1b: Glimmora|0 fnt
|faint|p1b: Glimmora
|-damage|p2b: Kingambit|7/100|[from] item: Life Orb
|
|upkeep
|
|t:|1784748470
|switch|p1b: Kingambit|Kingambit, L50, M|100/100
|turn|4
|
|t:|1784748480
|switch|p2a: Scovillain|Scovillain, L50, F|100/100
|move|p2b: Kingambit|Protect|p2b: Kingambit
|-singleturn|p2b: Kingambit|Protect
|move|p1a: Maushold|Follow Me|p1a: Maushold
|-singleturn|p1a: Maushold|move: Follow Me
|move|p1b: Kingambit|Iron Head|p2a: Scovillain
|-resisted|p2a: Scovillain|1
|-damage|p2a: Scovillain|73/100
|
|-ability|p2a: Scovillain|Moody|boost
|-boost|p2a: Scovillain|def|2
|-unboost|p2a: Scovillain|spd|1
|upkeep
|turn|5
|
|t:|1784748499
|detailschange|p2a: Scovillain|Scovillain-Mega, L50, F
|-mega|p2a: Scovillain|Scovillain|Scovillainite
|move|p1b: Kingambit|Protect|p1b: Kingambit
|-singleturn|p1b: Kingambit|Protect
|move|p1a: Maushold|Feint|p2b: Kingambit
|-resisted|p2b: Kingambit|1
|-damage|p2b: Kingambit|4/100
|move|p2a: Scovillain|Rage Powder|p2a: Scovillain
|-singleturn|p2a: Scovillain|move: Rage Powder
|move|p2b: Kingambit|Kowtow Cleave|p1a: Maushold
|-damage|p1a: Maushold|0 fnt
|faint|p1a: Maushold
|-damage|p2b: Kingambit|0 fnt|[from] item: Life Orb
|faint|p2b: Kingambit
|
|upkeep
|
|t:|1784748504
|switch|p2b: Sneasler|Sneasler, L50, M|54/100
|turn|6
|
|t:|1784748510
|move|p2b: Sneasler|Fake Out|p1b: Kingambit
|-resisted|p1b: Kingambit|1
|-crit|p1b: Kingambit
|-damage|p1b: Kingambit|92/100
|move|p2a: Scovillain|Overheat|p1b: Kingambit
|-supereffective|p1b: Kingambit|1
|-damage|p1b: Kingambit|0 fnt
|-unboost|p2a: Scovillain|spa|2
|faint|p1b: Kingambit
|
|win|failandimprove5
