|j|☆Vernita
|j|☆Thinking Charizard
|html|VernitaThinking Charizard    
|uhtml|bestof|Game 1 of a best-of-3
|t:|1785019761
|gametype|doubles
|player|p1|Vernita|cheryl|1195
|player|p2|Thinking Charizard|colress|1300
|gen|9
|tier|[Gen 9 Champions] VGC 2026 Reg M-B (Bo3)
|rated|
|rule|Species Clause: Limit one of each Pokémon
|rule|Item Clause: Limit 1 of each item
|clearpoke
|poke|p1|Aerodactyl, L50, F|
|poke|p1|Ninetales-Alola, L50, M|
|poke|p1|Gholdengo, L50|
|poke|p1|Incineroar, L50, F|
|poke|p1|Floette-Eternal, L50, F|
|poke|p1|Basculegion, L50, M|
|poke|p2|Charizard, L50, M|
|poke|p2|Tyranitar, L50, F|
|poke|p2|Garchomp, L50, F|
|poke|p2|Sneasler, L50, F|
|poke|p2|Whimsicott, L50, F|
|poke|p2|Farigiraf, L50, M|
|teampreview|4
|showteam|p1|Aerodactyl||Aerodactylite|Unnerve|RockSlide,DualWingbeat,Tailwind,Protect|Jolly||F|||50|]Ninetales-Alola||LifeOrb|SnowWarning|Blizzard,Moonblast,FreezeDry,Protect|Timid||M|||50|]Gholdengo||ChoiceScarf|GoodasGold|MakeItRain,ShadowBall,SteelBeam,PowerGem|Timid|||||50|]Incineroar||SitrusBerry|Intimidate|FakeOut,ThroatChop,FlareBlitz,PartingShot|Careful||F|||50|]Floette-Eternal||Floettite|FlowerVeil|DazzlingGleam,Moonblast,CalmMind,Protect|Modest||F|||50|]Basculegion||FocusSash|Adaptability|LastRespects,FlipTurn,AquaJet,Protect|Adamant||M|||50|
|showteam|p2|Charizard||CharizarditeY|Blaze|HeatWave,SolarBeam,WeatherBall,Protect|Modest||M|||50|]Tyranitar||Tyranitarite|SandStream|RockSlide,KnockOff,LowKick,Protect|Brave||F|||50|]Garchomp||LifeOrb|RoughSkin|StompingTantrum,DragonClaw,Earthquake,Protect|Jolly||F|||50|]Sneasler||WhiteHerb|Unburden|CloseCombat,DireClaw,Protect,FakeOut|Adamant||F|||50|]Whimsicott||FocusSash|Prankster|Tailwind,Encore,Protect,Moonblast|Timid||F|||50|]Farigiraf||SitrusBerry|ArmorTail|TrickRoom,Thunderbolt,TwinBeam,Protect|Calm||M|||50|
|
|t:|1785019796
|teamsize|p1|4
|teamsize|p2|4
|start
|switch|p1a: Aerodactyl|Aerodactyl, L50, F|100/100
|switch|p1b: Incineroar|Incineroar, L50, F|100/100
|switch|p2a: Sneasler|Sneasler, L50, F|100/100
|switch|p2b: Tyranitar|Tyranitar, L50, F|100/100
|-ability|p1a: Aerodactyl|Unnerve
|-ability|p1b: Incineroar|Intimidate|boost
|-unboost|p2a: Sneasler|atk|1
|-unboost|p2b: Tyranitar|atk|1
|-weather|Sandstorm|[from] ability: Sand Stream|[of] p2b: Tyranitar
|-enditem|p2a: Sneasler|White Herb
|-clearnegativeboost|p2a: Sneasler|[silent]
|turn|1
|
|t:|1785019837
|move|p2a: Sneasler|Fake Out|p1a: Aerodactyl
|-resisted|p1a: Aerodactyl|1
|-damage|p1a: Aerodactyl|88/100
|move|p1b: Incineroar|Fake Out|p2a: Sneasler
|-damage|p2a: Sneasler|83/100
|cant|p1a: Aerodactyl|flinch
|move|p2b: Tyranitar|Rock Slide|p1a: Aerodactyl|[spread] p1a,p1b
|-supereffective|p1a: Aerodactyl|1
|-crit|p1a: Aerodactyl
|-supereffective|p1b: Incineroar|1
|-damage|p1a: Aerodactyl|0 fnt
|-damage|p1b: Incineroar|60/100
|faint|p1a: Aerodactyl
|
|-weather|Sandstorm|[upkeep]
|-damage|p2a: Sneasler|77/100|[from] Sandstorm
|-damage|p1b: Incineroar|54/100|[from] Sandstorm
|upkeep
|
|t:|1785019843
|switch|p1a: Floette|Floette-Eternal, L50, F|100/100
|turn|2
|
|t:|1785019864
|detailschange|p1a: Floette|Floette-Mega, L50, F
|-mega|p1a: Floette|Floette|Floettite
|-ability|p1a: Floette|Fairy Aura
|move|p1a: Floette|Protect|p1a: Floette
|-singleturn|p1a: Floette|Protect
|move|p2a: Sneasler|Close Combat|p1b: Incineroar
|-supereffective|p1b: Incineroar|1
|-damage|p1b: Incineroar|0 fnt
|-unboost|p2a: Sneasler|def|1
|-unboost|p2a: Sneasler|spd|1
|faint|p1b: Incineroar
|move|p2b: Tyranitar|Rock Slide|p1a: Floette
|-activate|p1a: Floette|move: Protect
|
|-weather|Sandstorm|[upkeep]
|-damage|p2a: Sneasler|71/100|[from] Sandstorm
|-damage|p1a: Floette|94/100|[from] Sandstorm
|upkeep
|
|t:|1785019872
|switch|p1b: Basculegion|Basculegion, L50, M|100/100
|turn|3
|
|t:|1785019897
|switch|p2a: Garchomp|Garchomp, L50, F|100/100
|move|p2b: Tyranitar|Protect|p2b: Tyranitar
|-singleturn|p2b: Tyranitar|Protect
|move|p1b: Basculegion|Aqua Jet|p2a: Garchomp
|-crit|p2a: Garchomp
|-damage|p2a: Garchomp|56/100
|-damage|p1b: Basculegion|87/100|[from] ability: Rough Skin|[of] p2a: Garchomp
|move|p1a: Floette|Moonblast|p2b: Tyranitar
|-activate|p2b: Tyranitar|move: Protect
|
|-weather|Sandstorm|[upkeep]
|-damage|p1a: Floette|88/100|[from] Sandstorm
|-damage|p1b: Basculegion|81/100|[from] Sandstorm
|upkeep
|turn|4
|
|t:|1785019922
|detailschange|p2b: Tyranitar|Tyranitar-Mega, L50, F
|-mega|p2b: Tyranitar|Tyranitar|Tyranitarite
|move|p1a: Floette|Protect|p1a: Floette
|-singleturn|p1a: Floette|Protect
|move|p1b: Basculegion|Protect|p1b: Basculegion
|-singleturn|p1b: Basculegion|Protect
|move|p2a: Garchomp|Stomping Tantrum|p1a: Floette
|-activate|p1a: Floette|move: Protect
|move|p2b: Tyranitar|Knock Off|p1b: Basculegion
|-activate|p1b: Basculegion|move: Protect
|
|-weather|Sandstorm|[upkeep]
|-damage|p1a: Floette|82/100|[from] Sandstorm
|-damage|p1b: Basculegion|75/100|[from] Sandstorm
|upkeep
|turn|5
|
|t:|1785019938
|move|p2b: Tyranitar|Protect|p2b: Tyranitar
|-singleturn|p2b: Tyranitar|Protect
|move|p2a: Garchomp|Earthquake|p1a: Floette|[spread] p1a,p1b
|-activate|p2b: Tyranitar|move: Protect
|-damage|p1a: Floette|15/100
|-damage|p1b: Basculegion|13/100
|-damage|p2a: Garchomp|47/100|[from] item: Life Orb
|move|p1a: Floette|Moonblast|p2b: Tyranitar
|-activate|p2b: Tyranitar|move: Protect
|move|p1b: Basculegion|Last Respects|p2a: Garchomp
|-damage|p2a: Garchomp|0 fnt
|faint|p2a: Garchomp
|
|-weather|none
|upkeep
|
|t:|1785019953
|switch|p2a: Sneasler|Sneasler, L50, F|71/100
|turn|6
|
|t:|1785019986
|move|p1a: Floette|Protect|p1a: Floette
|-singleturn|p1a: Floette|Protect
|move|p2a: Sneasler|Dire Claw|p1a: Floette
|-activate|p1a: Floette|move: Protect
|move|p1b: Basculegion|Last Respects|p2a: Sneasler
|-damage|p2a: Sneasler|0 fnt
|faint|p2a: Sneasler
|move|p2b: Tyranitar|Knock Off|p1b: Basculegion
|-supereffective|p1b: Basculegion|1
|-damage|p1b: Basculegion|0 fnt
|-enditem|p1b: Basculegion|Focus Sash|[from] move: Knock Off|[of] p2b: Tyranitar
|faint|p1b: Basculegion
|
|upkeep
|
|t:|1785019994
|switch|p2a: Whimsicott|Whimsicott, L50, F|100/100
|turn|7
|
|t:|1785019999
|move|p2a: Whimsicott|Tailwind|p2a: Whimsicott
|-sidestart|p2: Thinking Charizard|move: Tailwind
|move|p2b: Tyranitar|Knock Off|p1a: Floette
|-resisted|p1a: Floette|1
|-crit|p1a: Floette
|-damage|p1a: Floette|0 fnt
|faint|p1a: Floette
|
|win|Thinking Charizard
||Vernita is ready for game 2.
