|j|☆MarkTheMarker
|j|☆breloomb01
|html|MarkTheMarkerbreloomb01    
|uhtml|bestof|Game 1 of a best-of-3
|t:|1785963658
|gametype|doubles
|player|p1|MarkTheMarker|wallace|1303
|player|p2|breloomb01|roughneck|1323
|gen|9
|tier|[Gen 9 Champions] VGC 2026 Reg M-B (Bo3)
|rated|
|rule|Species Clause: Limit one of each Pokémon
|rule|Item Clause: Limit 1 of each item
|clearpoke
|poke|p1|Pelipper, L50, M|
|poke|p1|Swampert, L50, M|
|poke|p1|Archaludon, L50, M|
|poke|p1|Grimmsnarl, L50, M|
|poke|p1|Venusaur, L50, M|
|poke|p1|Charizard, L50, M|
|poke|p2|Floette-Eternal, L50, F|
|poke|p2|Incineroar, L50, F|
|poke|p2|Sinistcha, L50|
|poke|p2|Garchomp, L50, F|
|poke|p2|Sneasler, L50, F|
|poke|p2|Rotom-Wash, L50|
|teampreview|4
|showteam|p1|Pelipper||SitrusBerry|Drizzle|WeatherBall,Hurricane,WideGuard,Tailwind|Modest||M|||50|]Swampert||Swampertite|Damp|Protect,WaveCrash,Earthquake,IcePunch|Adamant||M|||50|]Archaludon||Leftovers|Stamina|Protect,DragonPulse,FlashCannon,ElectroShot|Modest||M|||50|]Grimmsnarl||LightClay|Prankster|SpiritBreak,PartingShot,Reflect,LightScreen|Sassy||M|||50|]Venusaur||FocusSash|Chlorophyll|SleepPowder,SludgeBomb,EarthPower,Protect|Modest||M|||50|]Charizard||CharizarditeY|Blaze|Protect,HeatWave,WeatherBall,SolarBeam|Modest||M|||50|
|showteam|p2|Floette-Eternal||Floettite|FlowerVeil|DrainingKiss,DazzlingGleam,CalmMind,Protect|Modest||F|||50|]Incineroar||SitrusBerry|Intimidate|FakeOut,FlareBlitz,ThroatChop,PartingShot|Careful||F|||50|]Sinistcha||KasibBerry|Hospitality|Protect,RagePowder,MatchaGotcha,TrickRoom|Calm|||||50|]Garchomp||LifeOrb|RoughSkin|Earthquake,DragonClaw,RockSlide,Protect|Jolly||F|||50|]Sneasler||FocusSash|PoisonTouch|FakeOut,PoisonJab,CloseCombat,Protect|Jolly||F|||50|]Rotom-Wash||Leftovers|Levitate|HydroPump,Protect,WillOWisp,Electroweb|Bold|||||50|
|inactive|Battle timer is ON: inactive players will automatically lose when time's up. (requested by MarkTheMarker)
|inactive|MarkTheMarker has 60 seconds left.
|
|t:|1785963693
|teamsize|p1|4
|teamsize|p2|4
|start
|switch|p1a: Venusaur|Venusaur, L50, M|100/100
|switch|p1b: Charizard|Charizard, L50, M|100/100
|switch|p2a: Incineroar|Incineroar, L50, F|100/100
|switch|p2b: Floette|Floette-Eternal, L50, F|100/100
|-ability|p2a: Incineroar|Intimidate|boost
|-unboost|p1a: Venusaur|atk|1
|-unboost|p1b: Charizard|atk|1
|turn|1
|
|t:|1785963710
|detailschange|p1b: Charizard|Charizard-Mega-Y, L50, M
|-mega|p1b: Charizard|Charizard|Charizardite Y
|-weather|SunnyDay|[from] ability: Drought|[of] p1b: Charizard
|detailschange|p2b: Floette|Floette-Mega, L50, F
|-mega|p2b: Floette|Floette|Floettite
|-ability|p2b: Floette|Fairy Aura
|move|p2a: Incineroar|Fake Out|p1a: Venusaur
|-damage|p1a: Venusaur|84/100
|cant|p1a: Venusaur|flinch
|move|p1b: Charizard|Weather Ball|p2b: Floette
|-crit|p2b: Floette
|-damage|p2b: Floette|12/100
|move|p2b: Floette|Calm Mind|p2b: Floette
|-boost|p2b: Floette|spa|1
|-boost|p2b: Floette|spd|1
|
|-weather|SunnyDay|[upkeep]
|upkeep
|turn|2
|
|t:|1785963729
|move|p2b: Floette|Protect|p2b: Floette
|-singleturn|p2b: Floette|Protect
|move|p1a: Venusaur|Sleep Powder|p2a: Incineroar
|-status|p2a: Incineroar|slp|[from] move: Sleep Powder
|move|p1b: Charizard|Heat Wave|p2b: Floette|[spread] p2a
|-activate|p2b: Floette|move: Protect
|-resisted|p2a: Incineroar|1
|-damage|p2a: Incineroar|77/100 slp
|cant|p2a: Incineroar|slp
|
|-weather|SunnyDay|[upkeep]
|upkeep
|turn|3
|
|t:|1785963736
|switch|p2b: Sneasler|Sneasler, L50, F|100/100
|move|p1a: Venusaur|Earth Power|p2a: Incineroar
|-supereffective|p2a: Incineroar|1
|-damage|p2a: Incineroar|33/100 slp
|-enditem|p2a: Incineroar|Sitrus Berry|[eat]
|-heal|p2a: Incineroar|57/100 slp|[from] item: Sitrus Berry
|move|p1b: Charizard|Heat Wave|p2b: Sneasler|[spread] p2b
|-miss|p1b: Charizard|p2a: Incineroar
|-damage|p2b: Sneasler|10/100
|cant|p2a: Incineroar|slp
|
|-weather|SunnyDay|[upkeep]
|upkeep
|turn|4
|
|t:|1785963752
|move|p1a: Venusaur|Protect|p1a: Venusaur
|-singleturn|p1a: Venusaur|Protect
|move|p1b: Charizard|Protect|p1b: Charizard
|-singleturn|p1b: Charizard|Protect
|move|p2b: Sneasler|Fake Out|p1b: Charizard
|-activate|p1b: Charizard|move: Protect
|-curestatus|p2a: Incineroar|slp|[msg]
|move|p2a: Incineroar|Flare Blitz|p1a: Venusaur
|-activate|p1a: Venusaur|move: Protect
|
|-weather|SunnyDay|[upkeep]
|upkeep
|turn|5
|
|t:|1785963771
|move|p1a: Venusaur|Earth Power|p2a: Incineroar
|-supereffective|p2a: Incineroar|1
|-damage|p2a: Incineroar|13/100
|move|p2b: Sneasler|Poison Jab|p1b: Charizard
|-damage|p1b: Charizard|58/100
|-status|p1b: Charizard|psn
|move|p1b: Charizard|Heat Wave|p2a: Incineroar|[spread] p2a,p2b
|-resisted|p2a: Incineroar|1
|-damage|p2a: Incineroar|0 fnt
|-damage|p2b: Sneasler|0 fnt
|faint|p2a: Incineroar
|faint|p2b: Sneasler
|
|-weather|none
|-damage|p1b: Charizard|45/100 psn|[from] psn
|upkeep
|
|t:|1785963782
|switch|p2b: Floette|Floette-Mega, L50, F|12/100
|switch|p2a: Sinistcha|Sinistcha, L50|100/100
|-ability|p2b: Floette|Fairy Aura
|-heal|p2b: Floette|37/100|[from] ability: Hospitality|[of] p2a: Sinistcha
|turn|6
|-message|breloomb01 forfeited.
|
|win|MarkTheMarker
||breloomb01 is ready for game 2.
||MarkTheMarker is ready for game 2.
|uhtml|next|Next: Game 2 of 3
|l|☆MarkTheMarker
|player|p1|
