|j|☆DibraldinhoVGC
|j|☆sttuarrt
|html|DibraldinhoVGCsttuarrt    
|uhtml|bestof|Game 2 of a best-of-3
|t:|1782508108
|gametype|doubles
|player|p1|DibraldinhoVGC|265|
|player|p2|sttuarrt|skier|
|gen|9
|tier|[Gen 9 Champions] VGC 2026 Reg M-B (Bo3)
|rule|Species Clause: Limit one of each Pokémon
|rule|Item Clause: Limit 1 of each item
|clearpoke
|poke|p1|Staraptor, L50, M|
|poke|p1|Typhlosion-Hisui, L50, M|
|poke|p1|Gholdengo, L50|
|poke|p1|Whimsicott, L50, F|
|poke|p1|Garchomp, L50, F|
|poke|p1|Farigiraf, L50, M|
|poke|p2|Sneasler, L50, F, shiny|
|poke|p2|Blastoise, L50, F|
|poke|p2|Vivillon-Monsoon, L50, M, shiny|
|poke|p2|Farigiraf, L50, F|
|poke|p2|Skarmory, L50, F, shiny|
|poke|p2|Pelipper, L50, M|
|teampreview|4
|showteam|p1|Staraptor||Staraptite|Intimidate|BraveBird,CloseCombat,Roost,Protect|Jolly||M|||50|]Typhlosion-Hisui||ChoiceScarf|Frisk|Eruption,ShadowBall,BurnUp,HeatWave|Modest||M|||50|]Gholdengo||ExpertBelt|GoodasGold|MakeItRain,ShadowBall,PowerGem,Protect|Timid|||||50|]Whimsicott||FocusSash|Prankster|Moonblast,Tailwind,Tickle,FakeTears|Timid||F|||50|]Garchomp||LifeOrb|RoughSkin|DragonClaw,Earthquake,RockSlide,Protect|Jolly||F|||50|]Farigiraf||ColburBerry|ArmorTail|Psychic,HelpingHand,TrickRoom,Protect|Bold||M|||50|
|showteam|p2|Sneasler||WhiteHerb|Unburden|FakeOut,DireClaw,CloseCombat,Feint|Jolly||F|||50|]Blastoise||Blastoisinite|Torrent|WaterSpout,DarkPulse,ShellSmash,FakeOut|Modest||F|||50|]Vivillon-Monsoon||ChoiceScarf|CompoundEyes|SleepPowder,Hurricane,RainDance,RagePowder|Timid||M|||50|]Farigiraf||LifeOrb|ArmorTail|TrickRoom,Psychic,HyperVoice,Protect|Modest||F|||50|]Skarmory||Skarmorite|Sturdy|BraveBird,IronHead,RockTomb,Tailwind|Jolly||F|||50|]Pelipper||FocusSash|Drizzle|Tailwind,Hurricane,WeatherBall,Protect|Modest||M|||50|
|inactive|Battle timer is ON: inactive players will automatically lose when time's up. (requested by DibraldinhoVGC)
|inactive|DibraldinhoVGC has 60 seconds left.
|
|t:|1782508197
|teamsize|p1|4
|teamsize|p2|4
|start
|switch|p1a: Gholdengo|Gholdengo, L50|100/100
|switch|p1b: Whimsicott|Whimsicott, L50, F|100/100
|switch|p2a: Blastoise|Blastoise, L50, F|100/100
|switch|p2b: Vivillon|Vivillon-Monsoon, L50, M, shiny|100/100
|turn|1
|
|t:|1782508219
|detailschange|p2a: Blastoise|Blastoise-Mega, L50, F
|-mega|p2a: Blastoise|Blastoise|Blastoisinite
|move|p1b: Whimsicott|Tailwind|p1b: Whimsicott
|-sidestart|p1: DibraldinhoVGC|move: Tailwind
|move|p1a: Gholdengo|Shadow Ball|p2a: Blastoise
|-damage|p2a: Blastoise|59/100
|move|p2b: Vivillon|Hurricane|p1b: Whimsicott
|-supereffective|p1b: Whimsicott|1
|-enditem|p1b: Whimsicott|Focus Sash
|-damage|p1b: Whimsicott|1/100
|move|p2a: Blastoise|Dark Pulse|p1a: Gholdengo
|-supereffective|p1a: Gholdengo|1
|-damage|p1a: Gholdengo|0 fnt
|faint|p1a: Gholdengo
|
|upkeep
|inactive|DibraldinhoVGC has 30 seconds left.
|
|t:|1782508248
|switch|p1a: Typhlosion|Typhlosion-Hisui, L50, M|100/100
|-item|p2a: Blastoise|Blastoisinite|[from] ability: Frisk|[of] p1a: Typhlosion
|-item|p2b: Vivillon|Choice Scarf|[from] ability: Frisk|[of] p1a: Typhlosion
|turn|2
|
|t:|1782508253
|switch|p2b: Pelipper|Pelipper, L50, M|100/100
|-weather|RainDance|[from] ability: Drizzle|[of] p2b: Pelipper
|move|p1a: Typhlosion|Shadow Ball|p2a: Blastoise
|-damage|p2a: Blastoise|15/100
|-unboost|p2a: Blastoise|spd|1
|move|p1b: Whimsicott|Moonblast|p2a: Blastoise
|-damage|p2a: Blastoise|0 fnt
|faint|p2a: Blastoise
|
|-weather|RainDance|[upkeep]
|upkeep
|
|t:|1782508271
|switch|p2a: Sneasler|Sneasler, L50, F, shiny|100/100
|turn|3
|inactive|DibraldinhoVGC has 30 seconds left.
|
|t:|1782508304
|switch|p1b: Staraptor|Staraptor, L50, M|100/100
|-ability|p1b: Staraptor|Intimidate|boost
|-unboost|p2a: Sneasler|atk|1
|-unboost|p2b: Pelipper|atk|1
|-enditem|p2a: Sneasler|White Herb
|-clearnegativeboost|p2a: Sneasler|[silent]
|move|p2a: Sneasler|Feint|p1b: Staraptor
|-crit|p1b: Staraptor
|-damage|p1b: Staraptor|78/100
|move|p1a: Typhlosion|Shadow Ball|p2b: Pelipper
|-damage|p2b: Pelipper|31/100
|move|p2b: Pelipper|Weather Ball|p1a: Typhlosion
|-supereffective|p1a: Typhlosion|1
|-damage|p1a: Typhlosion|0 fnt
|faint|p1a: Typhlosion
|
|-weather|RainDance|[upkeep]
|upkeep
|
|t:|1782508318
|switch|p1a: Whimsicott|Whimsicott, L50, F|1/100
|turn|4
|inactive|DibraldinhoVGC has 30 seconds left.
|inactive|DibraldinhoVGC has 20 seconds left.
|
|t:|1782508356
|detailschange|p1b: Staraptor|Staraptor-Mega, L50, M
|-mega|p1b: Staraptor|Staraptor|Staraptite
|move|p2a: Sneasler|Feint|p1a: Whimsicott
|-damage|p1a: Whimsicott|0 fnt
|faint|p1a: Whimsicott
|move|p1b: Staraptor|Close Combat|p2b: Pelipper
|-resisted|p2b: Pelipper|1
|-damage|p2b: Pelipper|0 fnt
|-boost|p1b: Staraptor|def|1
|-boost|p1b: Staraptor|spd|1
|faint|p2b: Pelipper
|
|-weather|RainDance|[upkeep]
|-sideend|p1: DibraldinhoVGC|move: Tailwind
|upkeep
|
|t:|1782508362
|switch|p2b: Vivillon|Vivillon-Monsoon, L50, M, shiny|100/100
|turn|5
|
|t:|1782508377
|move|p2a: Sneasler|Dire Claw|p1b: Staraptor
|-damage|p1b: Staraptor|50/100g
|move|p2b: Vivillon|Sleep Powder|p1b: Staraptor
|-status|p1b: Staraptor|slp|[from] move: Sleep Powder
|cant|p1b: Staraptor|slp
|
|-weather|RainDance|[upkeep]
|upkeep
|turn|6
|
|t:|1782508384
|move|p2a: Sneasler|Dire Claw|p1b: Staraptor
|-damage|p1b: Staraptor|20/100y slp
|move|p2b: Vivillon|Sleep Powder|p1b: Staraptor
|-fail|p1b: Staraptor|slp
|cant|p1b: Staraptor|slp
|
|-weather|none
|upkeep
|turn|7
|
|t:|1782508391
|move|p2a: Sneasler|Dire Claw|p1b: Staraptor
|-damage|p1b: Staraptor|0 fnt
|faint|p1b: Staraptor
|
|win|sttuarrt
|c|☆DibraldinhoVGC|gg
|c|☆sttuarrt|gg
