|j|☆zootvgc
|j|☆Juicelo8
|html|zootvgcJuicelo8    
|uhtml|bestof|Game 3 of a best-of-3
|t:|1782515652
|gametype|doubles
|player|p1|zootvgc|palmer|
|player|p2|Juicelo8|170|
|gen|9
|tier|[Gen 9 Champions] VGC 2026 Reg M-B (Bo3)
|rule|Species Clause: Limit one of each Pokémon
|rule|Item Clause: Limit 1 of each item
|clearpoke
|poke|p1|Staraptor, L50, M|
|poke|p1|Grimmsnarl, L50, M|
|poke|p1|Sinistcha, L50|
|poke|p1|Mawile, L50, M|
|poke|p1|Torkoal, L50, M|
|poke|p1|Farigiraf, L50, F|
|poke|p2|Swampert, L50, M|
|poke|p2|Pelipper, L50, M|
|poke|p2|Archaludon, L50, M, shiny|
|poke|p2|Grimmsnarl, L50, M, shiny|
|poke|p2|Sinistcha-Masterpiece, L50|
|poke|p2|Metagross, L50, shiny|
|teampreview|4
|showteam|p1|Staraptor||ChoiceScarf|Intimidate|FinalGambit,CloseCombat,BraveBird,Uturn|Jolly||M|||50|]Grimmsnarl||BabiriBerry|Pickpocket|ThroatChop,LowKick,PartingShot,FakeOut|Brave||M|||50|]Sinistcha||SitrusBerry|Hospitality|MatchaGotcha,ShadowBall,RagePowder,TrickRoom|Modest|||||50|]Mawile||Mawilite|Intimidate|IronHead,PlayRough,SuckerPunch,Protect|Brave||M|||50|]Torkoal||Charcoal|Drought|Eruption,HeatWave,EarthPower,Protect|Quiet||M|||50|]Farigiraf||ColburBerry|ArmorTail|Psychic,Thunderbolt,TrickRoom,HelpingHand|Sassy||F|||50|
|showteam|p2|Swampert||Swampertite|Damp|WaveCrash,Earthquake,PoisonJab,Protect|Adamant||M|||50|]Pelipper||FocusSash|Drizzle|WeatherBall,Hurricane,Protect,Tailwind|Modest||M|||50|]Archaludon||Leftovers|Stamina|ElectroShot,FlashCannon,DragonPulse,Protect|Timid||M|||50|]Grimmsnarl|||Prankster|Reflect,FakeOut,LightScreen,PartingShot|Careful||M|||50|]Sinistcha-Masterpiece||SitrusBerry|Hospitality|MatchaGotcha,TrickRoom,RagePowder,Protect|Bold|||||50|]Metagross||Metagrossite|ClearBody|BodyPress,PsychicFangs,IronHead,Protect|Adamant|||||50|
|inactive|Battle timer is ON: inactive players will automatically lose when time's up. (requested by zootvgc)
|inactive|zootvgc has 60 seconds left.
|inactive|Juicelo8 has 60 seconds left.
|
|t:|1782515696
|teamsize|p1|4
|teamsize|p2|4
|start
|switch|p1a: Grimmsnarl|Grimmsnarl, L50, M|100/100
|switch|p1b: Farigiraf|Farigiraf, L50, F|100/100
|switch|p2a: Sinistcha|Sinistcha-Masterpiece, L50|100/100
|switch|p2b: Metagross|Metagross, L50, shiny|100/100
|turn|1
|inactive|zootvgc has 30 seconds left.
|inactive|zootvgc has 20 seconds left.
|
|t:|1782515733
|detailschange|p2b: Metagross|Metagross-Mega, L50, shiny
|-mega|p2b: Metagross|Metagross|Metagrossite
|move|p1a: Grimmsnarl|Fake Out|p2b: Metagross
|-resisted|p2b: Metagross|1
|-damage|p2b: Metagross|94/100
|move|p2a: Sinistcha|Rage Powder|p2a: Sinistcha
|-singleturn|p2a: Sinistcha|move: Rage Powder
|cant|p2b: Metagross|flinch
|move|p1b: Farigiraf|Trick Room|p1b: Farigiraf
|-fieldstart|move: Trick Room|[of] p1b: Farigiraf
|
|upkeep
|turn|2
|inactive|zootvgc has 30 seconds left.
|inactive|Juicelo8 has 30 seconds left.
|
|t:|1782515766
|move|p1b: Farigiraf|Helping Hand|p1a: Grimmsnarl
|-singleturn|p1a: Grimmsnarl|Helping Hand|[of] p1b: Farigiraf
|move|p1a: Grimmsnarl|Throat Chop|p2a: Sinistcha
|-supereffective|p2a: Sinistcha|1
|-damage|p2a: Sinistcha|0 fnt
|faint|p2a: Sinistcha
|move|p2b: Metagross|Iron Head|p1a: Grimmsnarl
|-supereffective|p1a: Grimmsnarl|1
|-enditem|p1a: Grimmsnarl|Babiri Berry|[eat]
|-enditem|p1a: Grimmsnarl|Babiri Berry|[weaken]
|-damage|p1a: Grimmsnarl|22/100
|
|upkeep
|
|t:|1782515780
|switch|p2a: Swampert|Swampert, L50, M|100/100
|turn|3
|inactive|zootvgc has 30 seconds left.
|
|t:|1782515807
|move|p1b: Farigiraf|Psychic|p2b: Metagross
|-resisted|p2b: Metagross|2
|-damage|p2b: Metagross|85/100
|move|p1a: Grimmsnarl|Parting Shot|p2a: Swampert
|-unboost|p2a: Swampert|atk|1
|-unboost|p2a: Swampert|spa|1
|
|t:|1782515830
|switch|p1a: Torkoal|Torkoal, L50, M|100/100|[from] Parting Shot
|-weather|SunnyDay|[from] ability: Drought|[of] p1a: Torkoal
|move|p2a: Swampert|Wave Crash|p1b: Farigiraf
|-damage|p1b: Farigiraf|82/100
|-damage|p2a: Swampert|93/100|[from] Recoil
|move|p2b: Metagross|Iron Head|p1a: Torkoal
|-resisted|p1a: Torkoal|1
|-damage|p1a: Torkoal|76/100
|
|-weather|SunnyDay|[upkeep]
|upkeep
|turn|4
|inactive|zootvgc has 30 seconds left.
|inactive|Juicelo8 has 30 seconds left.
|
|t:|1782515864
|switch|p1b: Mawile|Mawile, L50, M|100/100
|-ability|p1b: Mawile|Intimidate|boost
|-unboost|p2a: Swampert|atk|1
|-unboost|p2b: Metagross|atk|1
|switch|p2a: Pelipper|Pelipper, L50, M|100/100
|-weather|RainDance|[from] ability: Drizzle|[of] p2a: Pelipper
|move|p1a: Torkoal|Eruption|p2a: Pelipper|[spread] p2a,p2b
|-resisted|p2a: Pelipper|1
|-supereffective|p2b: Metagross|1
|-damage|p2a: Pelipper|82/100
|-damage|p2b: Metagross|42/100
|move|p2b: Metagross|Psychic Fangs|p1a: Torkoal
|-damage|p1a: Torkoal|40/100
|
|-weather|RainDance|[upkeep]
|upkeep
|turn|5
|inactive|zootvgc has 30 seconds left.
|inactive|Juicelo8 has 30 seconds left.
|inactive|zootvgc has 20 seconds left.
|inactive|zootvgc has 15 seconds left.
|
|t:|1782515908
|switch|p1a: Farigiraf|Farigiraf, L50, F|82/100
|switch|p1b: Grimmsnarl|Grimmsnarl, L50, M|22/100
|switch|p2b: Swampert|Swampert, L50, M|93/100
|move|p2a: Pelipper|Weather Ball|p1b: Grimmsnarl
|-damage|p1b: Grimmsnarl|0 fnt
|faint|p1b: Grimmsnarl
|
|-weather|RainDance|[upkeep]
|-fieldend|move: Trick Room
|upkeep
|
|t:|1782515924
|switch|p1b: Torkoal|Torkoal, L50, M|40/100
|-weather|SunnyDay|[from] ability: Drought|[of] p1b: Torkoal
|turn|6
|
|t:|1782515943
|move|p1b: Torkoal|Protect|p1b: Torkoal
|-singleturn|p1b: Torkoal|Protect
|move|p2a: Pelipper|Hurricane|p1b: Torkoal
|-activate|p1b: Torkoal|move: Protect
|move|p2b: Swampert|Earthquake|p1b: Torkoal|[spread] p1a
|-activate|p1b: Torkoal|move: Protect
|-immune|p2a: Pelipper
|-damage|p1a: Farigiraf|49/100
|move|p1a: Farigiraf|Trick Room|p1a: Farigiraf
|-fieldstart|move: Trick Room|[of] p1a: Farigiraf
|
|-weather|SunnyDay|[upkeep]
|upkeep
|turn|7
|
|t:|1782515964
|switch|p2a: Metagross|Metagross-Mega, L50, shiny|42/100
|move|p2b: Swampert|Protect|p2b: Swampert
|-singleturn|p2b: Swampert|Protect
|move|p1b: Torkoal|Eruption|p2a: Metagross|[spread] p2a
|-activate|p2b: Swampert|move: Protect
|-supereffective|p2a: Metagross|1
|-damage|p2a: Metagross|0 fnt
|faint|p2a: Metagross
|move|p1a: Farigiraf|Thunderbolt|p2b: Swampert
|-activate|p2b: Swampert|move: Protect
|
|-weather|SunnyDay|[upkeep]
|upkeep
|
|t:|1782515976
|switch|p2a: Pelipper|Pelipper, L50, M|82/100
|-weather|RainDance|[from] ability: Drizzle|[of] p2a: Pelipper
|turn|8
|
|t:|1782515994
|move|p1b: Torkoal|Earth Power|p2b: Swampert
|-damage|p2b: Swampert|67/100
|move|p1a: Farigiraf|Psychic|p2b: Swampert
|-damage|p2b: Swampert|34/100
|move|p2b: Swampert|Earthquake|p1b: Torkoal|[spread] p1a,p1b
|-immune|p2a: Pelipper
|-supereffective|p1b: Torkoal|1
|-damage|p1a: Farigiraf|17/100
|-damage|p1b: Torkoal|0 fnt
|faint|p1b: Torkoal
|move|p2a: Pelipper|Weather Ball|p1a: Farigiraf
|-damage|p1a: Farigiraf|0 fnt
|faint|p1a: Farigiraf
|
|-weather|RainDance|[upkeep]
|upkeep
|
|t:|1782516009
|switch|p1a: Mawile|Mawile, L50, M|100/100
|-ability|p1a: Mawile|Intimidate|boost
|-unboost|p2a: Pelipper|atk|1
|-unboost|p2b: Swampert|atk|1
|turn|9
|
|t:|1782516034
|detailschange|p1a: Mawile|Mawile-Mega, L50, M
|-mega|p1a: Mawile|Mawile|Mawilite
|move|p2b: Swampert|Protect|p2b: Swampert
|-singleturn|p2b: Swampert|Protect
|move|p1a: Mawile|Play Rough|p2b: Swampert
|-activate|p2b: Swampert|move: Protect
|move|p2a: Pelipper|Weather Ball|p1a: Mawile
|-damage|p1a: Mawile|19/100
|
|-weather|RainDance|[upkeep]
|upkeep
|turn|10
|
|t:|1782516056
|move|p1a: Mawile|Play Rough|p2b: Swampert
|-damage|p2b: Swampert|0 fnt
|faint|p2b: Swampert
|move|p2a: Pelipper|Weather Ball|p1a: Mawile
|-damage|p1a: Mawile|0 fnt
|faint|p1a: Mawile
|
|win|Juicelo8
