|j|☆Gayangos
|j|☆cereales testea
|html|Gayangoscereales testea    
|uhtml|bestof|Game 3 of a best-of-3
|t:|1754297686
|gametype|doubles
|player|p1|Gayangos|1|1292
|player|p2|cereales testea|tate|1251
|gen|9
|tier|[Gen 9] VGC 2025 Reg H (Bo3)
|rated|
|rule|Species Clause: Limit one of each Pokémon
|rule|Item Clause: Limit 1 of each item
|clearpoke
|poke|p1|Dragonite, L50, M|
|poke|p1|Volcarona, L50, F|
|poke|p1|Sneasler, L50, M|
|poke|p1|Rillaboom, L50, M|
|poke|p1|Electabuzz, L50, M|
|poke|p1|Kingambit, L50, M|
|poke|p2|Annihilape, L50, M|
|poke|p2|Dragonite, L50, M|
|poke|p2|Gholdengo, L50|
|poke|p2|Electabuzz, L50, F|
|poke|p2|Rillaboom, L50, M|
|poke|p2|Incineroar, L50, M|
|teampreview|4
|showteam|p1|Dragonite||LoadedDice|Multiscale|ScaleShot,ExtremeSpeed,Haze,Protect|||M|||50|,,,,,Fairy]Volcarona||CovertCloak|FlameBody|HeatWave,TeraBlast,QuiverDance,Protect|||F|||50|,,,,,Fairy]Sneasler||FocusSash|Unburden|CloseCombat,DireClaw,Coaching,Protect|||M|||50|,,,,,Stellar]Rillaboom||AssaultVest|GrassySurge|WoodHammer,GrassyGlide,HighHorsepower,FakeOut|||M|||50|,,,,,Water]Electabuzz||Eviolite|VitalSpirit|Thunderbolt,FollowMe,Taunt,Protect|||M|||50|,,,,,Ghost]Kingambit||BlackGlasses|Defiant|KowtowCleave,SuckerPunch,SwordsDance,Protect|||M|||50|,,,,,Dark
|showteam|p2|Annihilape||FocusSash|Defiant|Taunt,CloseCombat,RageFist,Coaching|||M|||50|,,,,,Stellar]Dragonite||LoadedDice|Multiscale|Protect,ScaleShot,Haze,ExtremeSpeed|||M|||50|,,,,,Fairy]Gholdengo||SitrusBerry|GoodasGold|MakeItRain,ShadowBall,NastyPlot,Protect||||||50|,,,,,Water]Electabuzz||Eviolite|VitalSpirit|Protect,Electroweb,Taunt,FollowMe|||F|||50|,,,,,Dragon]Rillaboom||AssaultVest|GrassySurge|FakeOut,WoodHammer,HighHorsepower,GrassyGlide|||M|||50|,,,,,Fire]Incineroar||MirrorHerb|Intimidate|FakeOut,PartingShot,FlareBlitz,KnockOff|||M|||50|,,,,,Ghost
|inactive|Battle timer is ON: inactive players will automatically lose when time's up. (requested by Gayangos)
|inactive|cereales testea has 60 seconds left.
|
|t:|1754297747
|teamsize|p1|4
|teamsize|p2|4
|start
|switch|p1a: Sneasler|Sneasler, L50, M|100/100
|switch|p1b: Volcarona|Volcarona, L50, F|100/100
|switch|p2a: Annihilape|Annihilape, L50, M, shiny|100/100
|switch|p2b: Dragonite|Dragonite, L50, M|100/100
|turn|1
|l|☆cereales testea
|inactive|cereales testea disconnected and has a minute to reconnect!
|player|p2|
|inactive|cereales testea has 30 seconds left.
|j|☆cereales testea
|inactive|cereales testea reconnected and has 25 seconds left.
|player|p2|cereales testea|tate|
|inactive|cereales testea has 20 seconds left.
|inactive|cereales testea has 15 seconds left.
|inactive|cereales testea has 10 seconds left.
|inactive|cereales testea has 5 seconds left.
|
|t:|1754297799
|-terastallize|p1b: Volcarona|Fairy
|move|p1a: Sneasler|Coaching|p1b: Volcarona
|-boost|p1b: Volcarona|atk|1
|-boost|p1b: Volcarona|def|1
|move|p1b: Volcarona|Quiver Dance|p1b: Volcarona
|-boost|p1b: Volcarona|spa|1
|-boost|p1b: Volcarona|spd|1
|-boost|p1b: Volcarona|spe|1
|move|p2a: Annihilape|Coaching|p2b: Dragonite
|-boost|p2b: Dragonite|atk|1
|-boost|p2b: Dragonite|def|1
|move|p2b: Dragonite|Scale Shot|p1a: Sneasler
|-crit|p1a: Sneasler
|-damage|p1a: Sneasler|45/100
|-damage|p1a: Sneasler|9/100
|-damage|p1a: Sneasler|0 fnt
|faint|p1a: Sneasler
|-hitcount|p1: Sneasler|3
|-unboost|p2b: Dragonite|def|1
|-boost|p2b: Dragonite|spe|1
|
|upkeep
|l|☆Gayangos
|inactive|Gayangos disconnected and has a minute to reconnect!
|player|p1|
|j|☆Gayangos
|inactive|Gayangos reconnected and has 55 seconds left.
|player|p1|Gayangos|1|
|
|t:|1754297819
|switch|p1a: Kingambit|Kingambit, L50, M|100/100
|turn|2
|inactive|cereales testea has 30 seconds left.
|inactive|cereales testea has 20 seconds left.
|inactive|cereales testea has 15 seconds left.
|inactive|cereales testea has 10 seconds left.
|
|t:|1754297866
|switch|p2a: Incineroar|Incineroar, L50, M|100/100
|-ability|p2a: Incineroar|Intimidate|boost
|-unboost|p1a: Kingambit|atk|1
|-ability|p1a: Kingambit|Defiant|boost
|-boost|p1a: Kingambit|atk|2
|-unboost|p1b: Volcarona|atk|1
|-enditem|p2a: Incineroar|Mirror Herb
|-boost|p2a: Incineroar|atk|2|[from] item: Mirror Herb
|-terastallize|p2b: Dragonite|Fairy
|move|p1a: Kingambit|Sucker Punch||[still]
|-fail|p1a: Kingambit
|move|p1b: Volcarona|Heat Wave|p2a: Incineroar|[spread] p2a,p2b
|-resisted|p2a: Incineroar
|-damage|p2a: Incineroar|78/100
|-damage|p2b: Dragonite|71/100
|move|p2b: Dragonite|Haze|p2b: Dragonite
|-clearallboost
|
|upkeep
|turn|3
|inactive|Gayangos has 30 seconds left.
|inactive|cereales testea has 30 seconds left.
|inactive|Gayangos has 20 seconds left.
|inactive|cereales testea has 20 seconds left.
|inactive|Gayangos has 15 seconds left.
|inactive|cereales testea has 15 seconds left.
|inactive|Gayangos has 10 seconds left.
|inactive|cereales testea has 10 seconds left.
|
|t:|1754297913
|move|p2b: Dragonite|Extreme Speed|p1b: Volcarona
|-damage|p1b: Volcarona|56/100
|-status|p2b: Dragonite|brn|[from] ability: Flame Body|[of] p1b: Volcarona
|move|p1b: Volcarona|Quiver Dance|p1b: Volcarona
|-boost|p1b: Volcarona|spa|1
|-boost|p1b: Volcarona|spd|1
|-boost|p1b: Volcarona|spe|1
|move|p2a: Incineroar|Flare Blitz|p1b: Volcarona
|-damage|p1b: Volcarona|0 fnt
|faint|p1b: Volcarona
|-damage|p2a: Incineroar|62/100|[from] Recoil
|move|p1a: Kingambit|Kowtow Cleave|p2b: Dragonite
|-resisted|p2b: Dragonite
|-damage|p2b: Dragonite|39/100 brn
|
|-damage|p2b: Dragonite|33/100 brn|[from] brn
|upkeep
|
|t:|1754297920
|switch|p1b: Dragonite|Dragonite, L50, M|100/100
|turn|4
|
|t:|1754297937
|move|p2b: Dragonite|Scale Shot|p1b: Dragonite
|-supereffective|p1b: Dragonite
|-damage|p1b: Dragonite|93/100
|-supereffective|p1b: Dragonite
|-damage|p1b: Dragonite|75/100
|-supereffective|p1b: Dragonite
|-damage|p1b: Dragonite|56/100
|-supereffective|p1b: Dragonite
|-damage|p1b: Dragonite|40/100
|-hitcount|p1b: Dragonite|4
|-unboost|p2b: Dragonite|def|1
|-boost|p2b: Dragonite|spe|1
|move|p1b: Dragonite|Scale Shot|p2a: Incineroar
|-damage|p2a: Incineroar|50/100
|-damage|p2a: Incineroar|36/100
|-damage|p2a: Incineroar|23/100
|-damage|p2a: Incineroar|9/100
|-damage|p2a: Incineroar|0 fnt
|faint|p2a: Incineroar
|-hitcount|p2: Incineroar|5
|-unboost|p1b: Dragonite|def|1
|-boost|p1b: Dragonite|spe|1
|move|p1a: Kingambit|Kowtow Cleave|p2b: Dragonite
|-resisted|p2b: Dragonite
|-damage|p2b: Dragonite|0 fnt
|faint|p2b: Dragonite
|
|upkeep
|
|t:|1754297952
|switch|p2b: Gholdengo|Gholdengo, L50|100/100
|switch|p2a: Annihilape|Annihilape, L50, M, shiny|100/100
|turn|5
|inactive|cereales testea has 30 seconds left.
|inactive|cereales testea has 20 seconds left.
|inactive|cereales testea has 15 seconds left.
|inactive|cereales testea has 10 seconds left.
|inactive|cereales testea has 5 seconds left.
|
|t:|1754298005
|move|p1a: Kingambit|Sucker Punch|p2b: Gholdengo
|-supereffective|p2b: Gholdengo
|-damage|p2b: Gholdengo|2/100
|-enditem|p2b: Gholdengo|Sitrus Berry|[eat]
|-heal|p2b: Gholdengo|27/100|[from] item: Sitrus Berry
|move|p1b: Dragonite|Scale Shot|p2a: Annihilape
|-damage|p2a: Annihilape|81/100
|-damage|p2a: Annihilape|63/100
|-damage|p2a: Annihilape|46/100
|-damage|p2a: Annihilape|30/100
|-hitcount|p2a: Annihilape|4
|-unboost|p1b: Dragonite|def|1
|-boost|p1b: Dragonite|spe|1
|move|p2a: Annihilape|Rage Fist|p1b: Dragonite
|-damage|p1b: Dragonite|0 fnt
|faint|p1b: Dragonite
|move|p2b: Gholdengo|Shadow Ball|p1a: Kingambit
|-resisted|p1a: Kingambit
|-damage|p1a: Kingambit|82/100
|-unboost|p1a: Kingambit|spd|1
|-ability|p1a: Kingambit|Defiant|boost
|-boost|p1a: Kingambit|atk|2
|
|upkeep
|turn|6
|
|t:|1754298024
|move|p1a: Kingambit|Sucker Punch|p2b: Gholdengo
|-supereffective|p2b: Gholdengo
|-damage|p2b: Gholdengo|0 fnt
|faint|p2b: Gholdengo
|move|p2a: Annihilape|Taunt|p1a: Kingambit
|-start|p1a: Kingambit|move: Taunt
|
|upkeep
|turn|7
|-message|cereales testea forfeited.
|
|win|Gayangos
|raw|Gayangos's rating: 1292 → 1314(+22 for winning)
|raw|cereales testea's rating: 1251 → 1229(-22 for losing)
|l|☆cereales testea
|player|p2|
|l|☆Gayangos
|player|p1|
|j|☆cereales testea
|player|p2|cereales testea|tate|
