|j|☆triziateam
|j|☆Autin Mago
|html|triziateamAutin Mago    
|uhtml|bestof|Game 1 of a best-of-3
|t:|1785617949
|gametype|doubles
|player|p1|triziateam|1|
|player|p2|Autin Mago|265|
|gen|9
|tier|[Gen 9 Champions] VGC 2026 Reg M-B (Bo3)
|rule|Species Clause: Limit one of each Pokémon
|rule|Item Clause: Limit 1 of each item
|clearpoke
|poke|p1|Staraptor, L50, F, shiny|
|poke|p1|Basculegion, L50, M, shiny|
|poke|p1|Venusaur, L50, F, shiny|
|poke|p1|Sylveon, L50, F, shiny|
|poke|p1|Incineroar, L50, F, shiny|
|poke|p1|Grimmsnarl, L50, M, shiny|
|poke|p2|Milotic, L50, F|
|poke|p2|Staraptor, L50, M|
|poke|p2|Tyranitar, L50, M|
|poke|p2|Gholdengo, L50|
|poke|p2|Excadrill, L50, M|
|poke|p2|Sinistcha, L50|
|teampreview|4
|showteam|p1|Staraptor||Staraptite|Intimidate|BraveBird,CloseCombat,Roost,Protect|Jolly||F|||50|]Basculegion||LifeOrb|Adaptability|WaveCrash,LastRespects,AquaJet,Protect|Jolly||M|||50|]Venusaur||Venusaurite|Chlorophyll|SludgeBomb,GigaDrain,EarthPower,Protect|Modest||F|||50|]Sylveon||FairyFeather|Pixilate|HyperBeam,HyperVoice,Yawn,Detect|Modest||F|||50|]Incineroar||SitrusBerry|Intimidate|FlareBlitz,ThroatChop,FakeOut,PartingShot|Impish||F|||50|]Grimmsnarl||LightClay|Prankster|FoulPlay,Reflect,PartingShot,LightScreen|Impish||M|||50|
|showteam|p2|Milotic||SitrusBerry|Competitive|Protect,Haze,Scald,IcyWind|Calm||F|||50|]Staraptor||Staraptite|Intimidate|Protect,BraveBird,CloseCombat,Tailwind|Jolly||M|||50|]Tyranitar||Tyranitarite|SandStream|Protect,KnockOff,RockSlide,LowKick|Jolly||M|||50|]Gholdengo||LifeOrb|GoodasGold|Protect,ShadowBall,NastyPlot,MakeItRain|Modest|||||50|]Excadrill||FocusSash|SandRush|Protect,IronHead,RockSlide,HighHorsepower|Jolly||M|||50|]Sinistcha||ColburBerry|Hospitality|Protect,ShadowBall,RagePowder,MatchaGotcha|Bold|||||50|
|c|☆Autin Mago|Glhf!
|l|☆triziateam
|player|p1|
|j| Blizz.vg
|j|☆triziateam
|player|p1|triziateam|1|
|inactive|Battle timer is ON: inactive players will automatically lose when time's up. (requested by triziateam)
|j| TemporalDonut
|inactive|triziateam has 60 seconds left.
|inactive|Autin Mago has 60 seconds left.
|
|t:|1785618012
|teamsize|p1|4
|teamsize|p2|4
|start
|switch|p1a: Staraptor|Staraptor, L50, F, shiny|100/100
|switch|p1b: Grimmsnarl|Grimmsnarl, L50, M, shiny|100/100
|switch|p2a: Staraptor|Staraptor, L50, M|100/100
|switch|p2b: Gholdengo|Gholdengo, L50|100/100
|-ability|p1a: Staraptor|Intimidate|boost
|-unboost|p2a: Staraptor|atk|1
|-unboost|p2b: Gholdengo|atk|1
|-ability|p2a: Staraptor|Intimidate|boost
|-unboost|p1a: Staraptor|atk|1
|-unboost|p1b: Grimmsnarl|atk|1
|turn|1
|inactive|Autin Mago has 30 seconds left.
|inactive|Autin Mago has 20 seconds left.
|
|t:|1785618048
|detailschange|p1a: Staraptor|Staraptor-Mega, L50, F, shiny
|-mega|p1a: Staraptor|Staraptor|Staraptite
|detailschange|p2a: Staraptor|Staraptor-Mega, L50, M
|-mega|p2a: Staraptor|Staraptor|Staraptite
|move|p1b: Grimmsnarl|Light Screen|p1b: Grimmsnarl
|-sidestart|p1: triziateam|move: Light Screen
|move|p1a: Staraptor|Close Combat|p2a: Staraptor
|-resisted|p2a: Staraptor|1
|-damage|p2a: Staraptor|79/100
|-boost|p1a: Staraptor|def|1
|-boost|p1a: Staraptor|spd|1
|move|p2a: Staraptor|Tailwind|p2a: Staraptor
|-sidestart|p2: Autin Mago|move: Tailwind
|move|p2b: Gholdengo|Nasty Plot|p2b: Gholdengo
|-boost|p2b: Gholdengo|spa|2
|
|upkeep
|turn|2
|inactive|Autin Mago has 30 seconds left.
|inactive|Autin Mago has 20 seconds left.
|inactive|Autin Mago has 15 seconds left.
|
|t:|1785618090
|move|p1b: Grimmsnarl|Parting Shot|p1a: Staraptor
|-boost|p1a: Staraptor|atk|1
|-boost|p1a: Staraptor|spa|1
|
|t:|1785618095
|switch|p1b: Basculegion|Basculegion, L50, M, shiny|100/100|[from] Parting Shot
|move|p2a: Staraptor|Close Combat|p1b: Basculegion
|-immune|p1b: Basculegion
|move|p2b: Gholdengo|Shadow Ball|p1a: Staraptor
|-damage|p1a: Staraptor|43/100
|-boost|p1a: Staraptor|spd|1
|-damage|p2b: Gholdengo|90/100|[from] item: Life Orb
|move|p1a: Staraptor|Brave Bird|p2a: Staraptor
|-supereffective|p2a: Staraptor|1
|-damage|p2a: Staraptor|0 fnt
|faint|p2a: Staraptor
|-damage|p1a: Staraptor|12/100|[from] Recoil
|
|upkeep
|
|t:|1785618115
|switch|p2a: Tyranitar|Tyranitar, L50, M|100/100
|-weather|Sandstorm|[from] ability: Sand Stream|[of] p2a: Tyranitar
|turn|3
|inactive|Autin Mago has 30 seconds left.
|
|t:|1785618146
|switch|p1b: Grimmsnarl|Grimmsnarl, L50, M, shiny|100/100
|move|p1a: Staraptor|Protect|p1a: Staraptor
|-singleturn|p1a: Staraptor|Protect
|move|p2a: Tyranitar|Knock Off|p1b: Grimmsnarl
|-resisted|p1b: Grimmsnarl|2
|-damage|p1b: Grimmsnarl|88/100
|-enditem|p1b: Grimmsnarl|Light Clay|[from] move: Knock Off|[of] p2a: Tyranitar
|move|p2b: Gholdengo|Shadow Ball|p1a: Staraptor
|-activate|p1a: Staraptor|move: Protect
|
|-weather|Sandstorm|[upkeep]
|-damage|p1a: Staraptor|6/100|[from] Sandstorm
|-damage|p1b: Grimmsnarl|82/100|[from] Sandstorm
|upkeep
|turn|4
|inactive|Autin Mago has 30 seconds left.
|inactive|Autin Mago has 20 seconds left.
|
|t:|1785618182
|move|p1a: Staraptor|Protect||[still]
|-fail|p1a: Staraptor
|move|p1b: Grimmsnarl|Reflect|p1b: Grimmsnarl
|-sidestart|p1: triziateam|Reflect
|move|p2a: Tyranitar|Rock Slide|p1b: Grimmsnarl|[spread] p1b
|-miss|p2a: Tyranitar|p1a: Staraptor
|-damage|p1b: Grimmsnarl|65/100
|move|p2b: Gholdengo|Make It Rain|p1a: Staraptor|[spread] p1a,p1b
|-supereffective|p1b: Grimmsnarl|1
|-damage|p1a: Staraptor|0 fnt
|-damage|p1b: Grimmsnarl|0 fnt
|-unboost|p2b: Gholdengo|spa|2
|faint|p1a: Staraptor
|faint|p1b: Grimmsnarl
|-damage|p2b: Gholdengo|80/100|[from] item: Life Orb
|
|-weather|Sandstorm|[upkeep]
|-sideend|p2: Autin Mago|move: Tailwind
|upkeep
|
|t:|1785618194
|switch|p1a: Basculegion|Basculegion, L50, M, shiny|100/100
|switch|p1b: Venusaur|Venusaur, L50, F, shiny|100/100
|turn|5
|inactive|Autin Mago has 30 seconds left.
|
|t:|1785618228
|move|p2a: Tyranitar|Protect|p2a: Tyranitar
|-singleturn|p2a: Tyranitar|Protect
|move|p2b: Gholdengo|Protect|p2b: Gholdengo
|-singleturn|p2b: Gholdengo|Protect
|move|p1a: Basculegion|Last Respects|p2b: Gholdengo
|-activate|p2b: Gholdengo|move: Protect
|move|p1b: Venusaur|Earth Power|p2a: Tyranitar
|-activate|p2a: Tyranitar|move: Protect
|
|-weather|Sandstorm|[upkeep]
|-damage|p1a: Basculegion|93/100|[from] Sandstorm
|-damage|p1b: Venusaur|94/100|[from] Sandstorm
|upkeep
|turn|6
|
|t:|1785618243
|move|p1a: Basculegion|Last Respects|p2b: Gholdengo
|-supereffective|p2b: Gholdengo|1
|-damage|p2b: Gholdengo|0 fnt
|faint|p2b: Gholdengo
|-damage|p1a: Basculegion|84/100|[from] item: Life Orb
|move|p2a: Tyranitar|Knock Off|p1a: Basculegion
|-supereffective|p1a: Basculegion|1
|-damage|p1a: Basculegion|6/100
|-enditem|p1a: Basculegion|Life Orb|[from] move: Knock Off|[of] p2a: Tyranitar
|move|p1b: Venusaur|Giga Drain|p2a: Tyranitar
|-supereffective|p2a: Tyranitar|1
|-damage|p2a: Tyranitar|62/100
|-heal|p1b: Venusaur|100/100|[from] drain|[of] p2a: Tyranitar
|
|-weather|Sandstorm|[upkeep]
|-damage|p1a: Basculegion|0 fnt|[from] Sandstorm
|-damage|p1b: Venusaur|94/100|[from] Sandstorm
|faint|p1a: Basculegion
|upkeep
|
|t:|1785618256
|switch|p2b: Milotic|Milotic, L50, F|100/100
|turn|7
|
|t:|1785618280
|move|p1b: Venusaur|Protect|p1b: Venusaur
|-singleturn|p1b: Venusaur|Protect
|move|p2a: Tyranitar|Rock Slide|p1b: Venusaur
|-activate|p1b: Venusaur|move: Protect
|move|p2b: Milotic|Scald|p1b: Venusaur
|-activate|p1b: Venusaur|move: Protect
|
|-weather|none
|upkeep
|turn|8
|
|t:|1785618288
|move|p2a: Tyranitar|Protect|p2a: Tyranitar
|-singleturn|p2a: Tyranitar|Protect
|move|p2b: Milotic|Protect|p2b: Milotic
|-singleturn|p2b: Milotic|Protect
|move|p1b: Venusaur|Giga Drain|p2b: Milotic
|-activate|p2b: Milotic|move: Protect
|
|-sideend|p1: triziateam|Reflect
|-sideend|p1: triziateam|move: Light Screen
|upkeep
|turn|9
|
|t:|1785618296
|move|p2a: Tyranitar|Rock Slide|p1b: Venusaur
|-damage|p1b: Venusaur|55/100
|move|p1b: Venusaur|Giga Drain|p2a: Tyranitar
|-supereffective|p2a: Tyranitar|1
|-damage|p2a: Tyranitar|6/100
|-heal|p1b: Venusaur|84/100|[from] drain|[of] p2a: Tyranitar
|move|p2b: Milotic|Scald|p1b: Venusaur
|-resisted|p1b: Venusaur|1
|-damage|p1b: Venusaur|70/100
|
|upkeep
|turn|10
|
|t:|1785618310
|move|p2a: Tyranitar|Rock Slide|p1b: Venusaur
|-damage|p1b: Venusaur|27/100
|move|p1b: Venusaur|Giga Drain|p2b: Milotic
|-supereffective|p2b: Milotic|1
|-damage|p2b: Milotic|58/100
|-heal|p1b: Venusaur|48/100|[from] drain|[of] p2b: Milotic
|move|p2b: Milotic|Icy Wind|p1b: Venusaur
|-supereffective|p1b: Venusaur|1
|-damage|p1b: Venusaur|24/100
|-unboost|p1b: Venusaur|spe|1
|
|upkeep
|turn|11
|
|t:|1785618324
|move|p2a: Tyranitar|Knock Off|p1b: Venusaur
|-damage|p1b: Venusaur|0 fnt
|faint|p1b: Venusaur
|
|win|Autin Mago
||triziateam is ready for game 2.
|c|☆Autin Mago|Gg wp
||Autin Mago is ready for game 2.
|uhtml|next|Next: Game 2 of 3
|l|☆triziateam
|player|p1|
|l| Blizz.vg
|j|☆triziateam
|player|p1|triziateam|1|
|j| Blizz.vg
|l| Blizz.vg
|l|☆triziateam
|player|p1|
|l| TemporalDonut
