|j|☆ethical sga
|j|☆bandicoot25
|html|ethical sgabandicoot25    
|uhtml|bestof|Game 1 of a best-of-3
|t:|1783010155
|gametype|doubles
|player|p1|ethical sga|lass-gen4dp|1135
|player|p2|bandicoot25|blaine|1230
|gen|9
|tier|[Gen 9 Champions] VGC 2026 Reg M-B (Bo3)
|rated|
|rule|Species Clause: Limit one of each Pokémon
|rule|Item Clause: Limit 1 of each item
|clearpoke
|poke|p1|Blaziken, L50, M|
|poke|p1|Kingambit, L50, F|
|poke|p1|Basculegion, L50, M|
|poke|p1|Sylveon, L50, M|
|poke|p1|Ninetales-Alola, L50, M|
|poke|p1|Venusaur, L50, F|
|poke|p2|Incineroar, L50, M|
|poke|p2|Maushold, L50|
|poke|p2|Sinistcha, L50|
|poke|p2|Sneasler, L50, M|
|poke|p2|Blastoise, L50, M|
|poke|p2|Delphox, L50, M|
|teampreview|4
|showteam|p1|Blaziken||Blazikenite|SpeedBoost|Protect,FlareBlitz,CloseCombat,RockSlide|Adamant||M|||50|]Kingambit||BlackGlasses|Defiant|Protect,KowtowCleave,LowKick,SuckerPunch|Adamant||F|||50|]Basculegion||LifeOrb|Adaptability|Protect,WaveCrash,LastRespects,AquaJet|Adamant||M|||50|]Sylveon||FairyFeather|Pixilate|Detect,HyperVoice,HyperBeam,HelpingHand|Modest||M|||50|]Ninetales-Alola||LightClay|SnowWarning|Protect,Blizzard,IcyWind,AuroraVeil|Timid||M|||50|]Venusaur||Venusaurite|Overgrow|Protect,SludgeBomb,EarthPower,LeechSeed|Bold||F|||50|
|showteam|p2|Incineroar||SitrusBerry|Intimidate|FakeOut,FlareBlitz,ThroatChop,PartingShot|Impish||M|||50|]Maushold||ChopleBerry|FriendGuard|SuperFang,Feint,FollowMe,Protect|Impish|||||50|]Sinistcha||KasibBerry|Hospitality|MatchaGotcha,LifeDew,RagePowder,Protect|Bold|||||50|]Sneasler||FocusSash|PoisonTouch|FakeOut,CloseCombat,DireClaw,QuickGuard|Jolly||M|||50|]Blastoise||Blastoisinite|RainDish|WaterSpout,DarkPulse,ShellSmash,Protect|Modest||M|||50|]Delphox||Delphoxite|Blaze|HeatWave,Psyshock,NastyPlot,Protect|Timid||M|||50|
|inactive|Battle timer is ON: inactive players will automatically lose when time's up. (requested by bandicoot25)
|
|t:|1783010202
|teamsize|p1|4
|teamsize|p2|4
|start
|switch|p1a: Kingambit|Kingambit, L50, F|100/100
|switch|p1b: Sylveon|Sylveon, L50, M|100/100
|switch|p2a: Delphox|Delphox, L50, M|100/100
|switch|p2b: Sneasler|Sneasler, L50, M|100/100
|turn|1
|
|t:|1783010223
|switch|p1a: Basculegion|Basculegion, L50, M|100/100
|detailschange|p2a: Delphox|Delphox-Mega, L50, M
|-mega|p2a: Delphox|Delphox|Delphoxite
|move|p2a: Delphox|Nasty Plot|p2a: Delphox
|-boost|p2a: Delphox|spa|2
|move|p2b: Sneasler|Close Combat|p1a: Basculegion
|-immune|p1a: Basculegion
|move|p1b: Sylveon|Hyper Voice|p2b: Sneasler|[spread] p2a,p2b
|-resisted|p2a: Delphox|1
|-damage|p2a: Delphox|78/100
|-damage|p2b: Sneasler|32/100
|
|upkeep
|turn|2
|
|t:|1783010239
|switch|p2b: Incineroar|Incineroar, L50, M|100/100
|-ability|p2b: Incineroar|Intimidate|boost
|-unboost|p1a: Basculegion|atk|1
|-unboost|p1b: Sylveon|atk|1
|move|p2a: Delphox|Protect|p2a: Delphox
|-singleturn|p2a: Delphox|Protect
|move|p1a: Basculegion|Protect|p1a: Basculegion
|-singleturn|p1a: Basculegion|Protect
|move|p1b: Sylveon|Hyper Voice|p2b: Incineroar|[spread] p2b
|-activate|p2a: Delphox|move: Protect
|-crit|p2b: Incineroar
|-damage|p2b: Incineroar|28/100
|-enditem|p2b: Incineroar|Sitrus Berry|[eat]
|-heal|p2b: Incineroar|53/100|[from] item: Sitrus Berry
|
|upkeep
|turn|3
|
|t:|1783010260
|switch|p2a: Sinistcha|Sinistcha, L50|100/100
|-heal|p2b: Incineroar|78/100|[from] ability: Hospitality|[of] p2a: Sinistcha
|move|p1b: Sylveon|Helping Hand|p1a: Basculegion
|-singleturn|p1a: Basculegion|Helping Hand|[of] p1b: Sylveon
|move|p1a: Basculegion|Aqua Jet|p2a: Sinistcha
|-resisted|p2a: Sinistcha|1
|-damage|p2a: Sinistcha|84/100
|-damage|p1a: Basculegion|90/100|[from] item: Life Orb
|move|p2b: Incineroar|Throat Chop|p1a: Basculegion
|-supereffective|p1a: Basculegion|1
|-damage|p1a: Basculegion|21/100
|-start|p1a: Basculegion|Throat Chop|[silent]
|
|upkeep
|turn|4
|
|t:|1783010280
|switch|p1a: Blaziken|Blaziken, L50, M|100/100
|move|p2a: Sinistcha|Matcha Gotcha|p1b: Sylveon|[spread] p1a,p1b
|-resisted|p1a: Blaziken|1
|-damage|p1a: Blaziken|82/100
|-heal|p2a: Sinistcha|92/100|[from] drain|[of] p1a: Blaziken
|-damage|p1b: Sylveon|81/100
|-heal|p2a: Sinistcha|100/100|[from] drain|[of] p1b: Sylveon
|move|p1b: Sylveon|Hyper Voice|p2b: Incineroar|[spread] p2a,p2b
|-damage|p2a: Sinistcha|51/100
|-damage|p2b: Incineroar|28/100
|move|p2b: Incineroar|Parting Shot|p1b: Sylveon
|-unboost|p1b: Sylveon|atk|1
|-unboost|p1b: Sylveon|spa|1
|
|t:|1783010295
|switch|p2b: Delphox|Delphox-Mega, L50, M|78/100|[from] Parting Shot
|
|upkeep
|turn|5
|
|t:|1783010310
|switch|p2a: Incineroar|Incineroar, L50, M|28/100
|-ability|p2a: Incineroar|Intimidate|boost
|-unboost|p1a: Blaziken|atk|1
|-unboost|p1b: Sylveon|atk|1
|switch|p1b: Kingambit|Kingambit, L50, F|100/100
|detailschange|p1a: Blaziken|Blaziken-Mega, L50, M
|-mega|p1a: Blaziken|Blaziken|Blazikenite
|move|p2b: Delphox|Protect|p2b: Delphox
|-singleturn|p2b: Delphox|Protect
|move|p1a: Blaziken|Protect||[still]
|-fail|p1a: Blaziken
|
|-ability|p1a: Blaziken|Speed Boost|boost
|-boost|p1a: Blaziken|spe|1
|upkeep
|turn|6
|
|t:|1783010330
|move|p2a: Incineroar|Fake Out|p1b: Kingambit
|-resisted|p1b: Kingambit|1
|-damage|p1b: Kingambit|96/100
|cant|p1b: Kingambit|flinch
|move|p1a: Blaziken|Rock Slide|p2a: Incineroar|[spread] p2a,p2b
|-supereffective|p2a: Incineroar|1
|-supereffective|p2b: Delphox|1
|-damage|p2a: Incineroar|4/100
|-damage|p2b: Delphox|42/100
|cant|p2b: Delphox|flinch
|
|-ability|p1a: Blaziken|Speed Boost|boost
|-boost|p1a: Blaziken|spe|1
|upkeep
|turn|7
|inactive|ethical sga has 30 seconds left.
|
|t:|1783010357
|switch|p2a: Sinistcha|Sinistcha, L50|51/100
|-heal|p2b: Delphox|66/100|[from] ability: Hospitality|[of] p2a: Sinistcha
|move|p1b: Kingambit|Sucker Punch|p2b: Delphox
|-supereffective|p2b: Delphox|1
|-damage|p2b: Delphox|0 fnt
|faint|p2b: Delphox
|move|p1a: Blaziken|Rock Slide|p2a: Sinistcha
|-damage|p2a: Sinistcha|32/100
|
|-ability|p1a: Blaziken|Speed Boost|boost
|-boost|p1a: Blaziken|spe|1
|upkeep
|
|t:|1783010366
|switch|p2b: Sneasler|Sneasler, L50, M|32/100
|turn|8
|
|t:|1783010383
|move|p2a: Sinistcha|Rage Powder|p2a: Sinistcha
|-singleturn|p2a: Sinistcha|move: Rage Powder
|move|p1a: Blaziken|Flare Blitz|p2a: Sinistcha
|-supereffective|p2a: Sinistcha|1
|-damage|p2a: Sinistcha|0 fnt
|faint|p2a: Sinistcha
|-damage|p1a: Blaziken|70/100|[from] Recoil
|move|p2b: Sneasler|Close Combat|p1b: Kingambit
|-supereffective|p1b: Kingambit|2
|-damage|p1b: Kingambit|0 fnt
|-unboost|p2b: Sneasler|def|1
|-unboost|p2b: Sneasler|spd|1
|faint|p1b: Kingambit
|
|-ability|p1a: Blaziken|Speed Boost|boost
|-boost|p1a: Blaziken|spe|1
|upkeep
|
|t:|1783010393
|switch|p2a: Incineroar|Incineroar, L50, M|4/100
|switch|p1b: Basculegion|Basculegion, L50, M|21/100
|-ability|p2a: Incineroar|Intimidate|boost
|-unboost|p1a: Blaziken|atk|1
|-unboost|p1b: Basculegion|atk|1
|turn|9
|-message|bandicoot25 forfeited.
|
|win|ethical sga
