|j|☆Sonja Hilmer
|j|☆marcusquinn
|html|Sonja Hilmermarcusquinn    
|uhtml|bestof|Game 2 of a best-of-3
|t:|1755834677
|gametype|doubles
|player|p1|Sonja Hilmer|lady|1560
|player|p2|marcusquinn|hilbert-wonderlauncher|1463
|gen|9
|tier|[Gen 9] VGC 2025 Reg H (Bo3)
|rated|
|rule|Species Clause: Limit one of each Pokémon
|rule|Item Clause: Limit 1 of each item
|clearpoke
|poke|p1|Dachsbun, L50, F|
|poke|p1|Typhlosion-Hisui, L50, M|
|poke|p1|Kingambit, L50, M|
|poke|p1|Whimsicott, L50, M|
|poke|p1|Rillaboom, L50, M|
|poke|p1|Torkoal, L50, M|
|poke|p2|Archaludon, L50, F|
|poke|p2|Porygon2, L50|
|poke|p2|Incineroar, L50, F|
|poke|p2|Ursaluna, L50, M|
|poke|p2|Sneasler, L50, M|
|poke|p2|Dragonite, L50, F|
|teampreview|4
|showteam|p1|Dachsbun||Leftovers|WellBakedBody|BodyPress,Snarl,HelpingHand,Protect|||F|||50|,,,,,Steel]Typhlosion-Hisui||ChoiceSpecs|Blaze|Eruption,LavaPlume,WillOWisp,ShadowBall|||M|||50|,,,,,Fire]Kingambit||SafetyGoggles|Defiant|Protect,KowtowCleave,SuckerPunch,SwordsDance|||M|||50|,,,,,Dark]Whimsicott||CovertCloak|Prankster|Moonblast,Tailwind,SunnyDay,Encore|||M|||50|,,,,,Steel]Rillaboom||AssaultVest|GrassySurge|WoodHammer,GrassyGlide,FakeOut,HighHorsepower|||M|||50|,,,,,Water]Torkoal||SitrusBerry|Drought|HeatWave,LavaPlume,ClearSmog,Protect|||M|||50|,,,,,Fairy
|showteam|p2|Archaludon||PowerHerb|Sturdy|Protect,ElectroShot,DracoMeteor,FlashCannon|||F|||50|,,,,,Electric]Porygon2||Eviolite|Download|TeraBlast,IceBeam,Recover,TrickRoom||||||50|,,,,,Fighting]Incineroar||SitrusBerry|Intimidate|FlareBlitz,KnockOff,FakeOut,PartingShot|||F|||50|,,,,,Ghost]Ursaluna||FlameOrb|Guts|HeadlongRush,Facade,Earthquake,Protect|||M|||50|,,,,,Ghost]Sneasler||FocusSash|Unburden|Protect,CloseCombat,DireClaw,ThroatChop|||M|||50|,,,,,Stellar]Dragonite||LoadedDice|Multiscale|ScaleShot,Tailwind,Haze,Protect|||F|||50|,,,,,Steel
|inactive|Battle timer is ON: inactive players will automatically lose when time's up. (requested by marcusquinn)
|inactive|Sonja Hilmer also wants the timer to be on.
|inactive|Sonja Hilmer has 60 seconds left.
|
|t:|1755834708
|teamsize|p1|4
|teamsize|p2|4
|start
|switch|p1a: Dachsbun|Dachsbun, L50, F|100/100
|switch|p1b: Torkoal|Torkoal, L50, M|100/100
|switch|p2a: Dragonite|Dragonite, L50, F, shiny|100/100
|switch|p2b: Incineroar|Incineroar, L50, F, shiny|100/100
|-ability|p2b: Incineroar|Intimidate|boost
|-unboost|p1a: Dachsbun|atk|1
|-unboost|p1b: Torkoal|atk|1
|-weather|SunnyDay|[from] ability: Drought|[of] p1b: Torkoal
|turn|1
|inactive|marcusquinn has 30 seconds left.
|
|t:|1755834740
|-terastallize|p2b: Incineroar|Ghost
|move|p1a: Dachsbun|Protect|p1a: Dachsbun
|-singleturn|p1a: Dachsbun|Protect
|move|p1b: Torkoal|Protect|p1b: Torkoal
|-singleturn|p1b: Torkoal|Protect
|move|p2b: Incineroar|Fake Out|p1b: Torkoal
|-activate|p1b: Torkoal|move: Protect
|move|p2a: Dragonite|Tailwind|p2a: Dragonite
|-sidestart|p2: marcusquinn|move: Tailwind
|
|-weather|SunnyDay|[upkeep]
|upkeep
|turn|2
|inactive|marcusquinn has 30 seconds left.
|
|t:|1755834766
|-terastallize|p1b: Torkoal|Fairy
|move|p1a: Dachsbun|Helping Hand|p1b: Torkoal
|-singleturn|p1b: Torkoal|Helping Hand|[of] p1a: Dachsbun
|move|p2a: Dragonite|Protect|p2a: Dragonite
|-singleturn|p2a: Dragonite|Protect
|move|p2b: Incineroar|Parting Shot|p1b: Torkoal
|-unboost|p1b: Torkoal|atk|1
|-unboost|p1b: Torkoal|spa|1
|
|t:|1755834776
|switch|p2b: Porygon2|Porygon2, L50, shiny|100/100|[from] Parting Shot
|-ability|p2b: Porygon2|Download|boost
|-boost|p2b: Porygon2|spa|1
|move|p1b: Torkoal|Lava Plume|p2a: Dragonite|[spread] p2b
|-activate|p2a: Dragonite|move: Protect
|-ability|p1a: Dachsbun|Well-Baked Body|boost
|-boost|p1a: Dachsbun|def|2
|-damage|p2b: Porygon2|85/100
|-status|p2b: Porygon2|brn
|
|-weather|SunnyDay|[upkeep]
|-damage|p2b: Porygon2|79/100 brn|[from] brn
|upkeep
|turn|3
|inactive|marcusquinn has 30 seconds left.
|
|t:|1755834806
|move|p2a: Dragonite|Haze|p2a: Dragonite
|-clearallboost
|move|p2b: Porygon2|Tera Blast|p1a: Dachsbun
|-damage|p1a: Dachsbun|52/100
|move|p1a: Dachsbun|Body Press|p2b: Porygon2
|-supereffective|p2b: Porygon2
|-damage|p2b: Porygon2|43/100 brn
|move|p1b: Torkoal|Lava Plume|p2a: Dragonite|[spread] p2a,p2b
|-ability|p1a: Dachsbun|Well-Baked Body|boost
|-boost|p1a: Dachsbun|def|2
|-resisted|p2a: Dragonite
|-crit|p2b: Porygon2
|-damage|p2a: Dragonite|94/100
|-damage|p2b: Porygon2|20/100 brn
|-status|p2a: Dragonite|brn
|
|-weather|SunnyDay|[upkeep]
|-heal|p1a: Dachsbun|58/100|[from] item: Leftovers
|-damage|p2a: Dragonite|88/100 brn|[from] brn
|-damage|p2b: Porygon2|14/100 brn|[from] brn
|upkeep
|turn|4
|inactive|marcusquinn has 30 seconds left.
|
|t:|1755834834
|move|p2a: Dragonite|Haze|p2a: Dragonite
|-clearallboost
|move|p2b: Porygon2|Tera Blast|p1b: Torkoal
|-damage|p1b: Torkoal|58/100
|move|p1a: Dachsbun|Body Press|p2b: Porygon2
|-supereffective|p2b: Porygon2
|-damage|p2b: Porygon2|0 fnt
|faint|p2b: Porygon2
|move|p1b: Torkoal|Lava Plume|p2a: Dragonite|[spread] p2a
|-ability|p1a: Dachsbun|Well-Baked Body|boost
|-boost|p1a: Dachsbun|def|2
|-resisted|p2a: Dragonite
|-damage|p2a: Dragonite|72/100 brn
|
|-weather|SunnyDay|[upkeep]
|-heal|p1a: Dachsbun|65/100|[from] item: Leftovers
|-damage|p2a: Dragonite|66/100 brn|[from] brn
|-sideend|p2: marcusquinn|move: Tailwind
|upkeep
|
|t:|1755834850
|switch|p2b: Sneasler|Sneasler, L50, M|100/100
|turn|5
|
|t:|1755834871
|move|p2b: Sneasler|Dire Claw|p1b: Torkoal
|-supereffective|p1b: Torkoal
|-damage|p1b: Torkoal|0 fnt
|faint|p1b: Torkoal
|move|p2a: Dragonite|Haze|p2a: Dragonite
|-clearallboost
|move|p1a: Dachsbun|Body Press|p2b: Sneasler
|-resisted|p2b: Sneasler
|-damage|p2b: Sneasler|77/100
|
|-weather|none
|-heal|p1a: Dachsbun|71/100|[from] item: Leftovers
|-damage|p2a: Dragonite|60/100 brn|[from] brn
|upkeep
|
|t:|1755834886
|switch|p1b: Kingambit|Kingambit, L50, M|100/100
|turn|6
|
|t:|1755834906
|move|p1b: Kingambit|Protect|p1b: Kingambit
|-singleturn|p1b: Kingambit|Protect
|move|p2b: Sneasler|Dire Claw|p1a: Dachsbun
|-supereffective|p1a: Dachsbun
|-damage|p1a: Dachsbun|1/100
|-status|p1a: Dachsbun|slp
|move|p2a: Dragonite|Tailwind|p2a: Dragonite
|-sidestart|p2: marcusquinn|move: Tailwind
|cant|p1a: Dachsbun|slp
|
|-heal|p1a: Dachsbun|7/100 slp|[from] item: Leftovers
|-damage|p2a: Dragonite|54/100 brn|[from] brn
|upkeep
|turn|7
|
|t:|1755834922
|switch|p1b: Whimsicott|Whimsicott, L50, M|100/100
|move|p2b: Sneasler|Close Combat|p1b: Whimsicott
|-resisted|p1b: Whimsicott
|-damage|p1b: Whimsicott|61/100
|-unboost|p2b: Sneasler|def|1
|-unboost|p2b: Sneasler|spd|1
|move|p2a: Dragonite|Scale Shot|p1b: Whimsicott
|-immune|p1b: Whimsicott
|-curestatus|p1a: Dachsbun|slp|[msg]
|move|p1a: Dachsbun|Body Press|p2b: Sneasler
|-resisted|p2b: Sneasler
|-damage|p2b: Sneasler|40/100
|
|-heal|p1a: Dachsbun|13/100|[from] item: Leftovers
|-damage|p2a: Dragonite|48/100 brn|[from] brn
|upkeep
|turn|8
|inactive|Sonja Hilmer has 30 seconds left.
|inactive|marcusquinn has 30 seconds left.
|inactive|Sonja Hilmer has 20 seconds left.
|
|t:|1755834960
|switch|p2a: Incineroar|Incineroar, L50, F, shiny, tera:Ghost|100/100
|-ability|p2a: Incineroar|Intimidate|boost
|-unboost|p1a: Dachsbun|atk|1
|-unboost|p1b: Whimsicott|atk|1
|move|p1b: Whimsicott|Encore|p2b: Sneasler
|-start|p2b: Sneasler|Encore
|move|p2b: Sneasler|Close Combat|p1b: Whimsicott
|-resisted|p1b: Whimsicott
|-damage|p1b: Whimsicott|21/100
|-unboost|p2b: Sneasler|def|1
|-unboost|p2b: Sneasler|spd|1
|move|p1a: Dachsbun|Body Press|p2b: Sneasler
|-resisted|p2b: Sneasler
|-damage|p2b: Sneasler|0 fnt
|faint|p2b: Sneasler
|
|-heal|p1a: Dachsbun|19/100|[from] item: Leftovers
|upkeep
|
|t:|1755834975
|switch|p2b: Dragonite|Dragonite, L50, F, shiny|48/100 brn
|turn|9
|inactive|marcusquinn has 30 seconds left.
|
|t:|1755835009
|move|p2b: Dragonite|Protect|p2b: Dragonite
|-singleturn|p2b: Dragonite|Protect
|move|p1b: Whimsicott|Tailwind|p1b: Whimsicott
|-sidestart|p1: Sonja Hilmer|move: Tailwind
|move|p1a: Dachsbun|Snarl|p2a: Incineroar|[spread] p2a
|-activate|p2b: Dragonite|move: Protect
|-supereffective|p2a: Incineroar
|-damage|p2a: Incineroar|90/100
|-unboost|p2a: Incineroar|spa|1
|move|p2a: Incineroar|Knock Off|p1b: Whimsicott
|-resisted|p1b: Whimsicott
|-damage|p1b: Whimsicott|0 fnt
|-enditem|p1b: Whimsicott|Covert Cloak|[from] move: Knock Off|[of] p2a: Incineroar
|faint|p1b: Whimsicott
|
|-heal|p1a: Dachsbun|25/100|[from] item: Leftovers
|-damage|p2b: Dragonite|42/100 brn|[from] brn
|-sideend|p2: marcusquinn|move: Tailwind
|upkeep
|
|t:|1755835020
|switch|p1b: Kingambit|Kingambit, L50, M|100/100
|turn|10
|
|t:|1755835044
|move|p1a: Dachsbun|Helping Hand|p1b: Kingambit
|-singleturn|p1b: Kingambit|Helping Hand|[of] p1a: Dachsbun
|move|p1b: Kingambit|Kowtow Cleave|p2a: Incineroar
|-supereffective|p2a: Incineroar
|-damage|p2a: Incineroar|0 fnt
|faint|p2a: Incineroar
|move|p2b: Dragonite|Scale Shot|p1b: Kingambit
|-resisted|p1b: Kingambit
|-damage|p1b: Kingambit|98/100
|-resisted|p1b: Kingambit
|-damage|p1b: Kingambit|96/100
|-resisted|p1b: Kingambit
|-damage|p1b: Kingambit|93/100
|-resisted|p1b: Kingambit
|-damage|p1b: Kingambit|91/100
|-resisted|p1b: Kingambit
|-damage|p1b: Kingambit|88/100
|-hitcount|p1b: Kingambit|5
|-unboost|p2b: Dragonite|def|1
|-boost|p2b: Dragonite|spe|1
|
|-heal|p1a: Dachsbun|32/100|[from] item: Leftovers
|-damage|p2b: Dragonite|36/100 brn|[from] brn
|upkeep
|turn|11
|inactive|marcusquinn has 30 seconds left.
|inactive|marcusquinn has 20 seconds left.
|inactive|marcusquinn has 15 seconds left.
|c|☆marcusquinn|that scale shot miss in turn 1 game 1 was really annoying...
|inactive|marcusquinn has 10 seconds left.
|
|t:|1755835093
|move|p2b: Dragonite|Protect|p2b: Dragonite
|-singleturn|p2b: Dragonite|Protect
|move|p1a: Dachsbun|Body Press|p2b: Dragonite
|-activate|p2b: Dragonite|move: Protect
|move|p1b: Kingambit|Kowtow Cleave|p2b: Dragonite
|-activate|p2b: Dragonite|move: Protect
|
|-heal|p1a: Dachsbun|38/100|[from] item: Leftovers
|-damage|p2b: Dragonite|30/100 brn|[from] brn
|upkeep
|turn|12
|-message|marcusquinn forfeited.
|
|win|Sonja Hilmer
|raw|Sonja Hilmer's rating: 1560 → 1575(+15 for winning)
|raw|marcusquinn's rating: 1463 → 1448(-15 for losing)
|l|☆marcusquinn
|player|p2|
|j|☆marcusquinn
|player|p2|marcusquinn|hilbert-wonderlauncher|
