|j|☆furretusedpunch
|j|☆CretaceousDraconid
|html|furretusedpunchCretaceousDraconid    
|uhtml|bestof|Game 1 of a best-of-3
|t:|1757664588
|gametype|doubles
|player|p1|furretusedpunch|lacey|1363
|player|p2|CretaceousDraconid|zinnia-masters|1327
|gen|9
|tier|[Gen 9] VGC 2025 Reg H (Bo3)
|rated|
|rule|Species Clause: Limit one of each Pokémon
|rule|Item Clause: Limit 1 of each item
|clearpoke
|poke|p1|Gholdengo, L50|
|poke|p1|Sneasler, L50, M|
|poke|p1|Rillaboom, L50, M|
|poke|p1|Dragonite, L50, F|
|poke|p1|Ninetales-Alola, L50, M|
|poke|p1|Incineroar, L50, F|
|poke|p2|Malamar, L50, F|
|poke|p2|Whimsicott, L50, M|
|poke|p2|Farigiraf, L50, M|
|poke|p2|Salamence, L50, M|
|poke|p2|Sneasler, L50, F|
|poke|p2|Ursaluna-Bloodmoon, L50, M|
|teampreview|4
|showteam|p1|Gholdengo||LifeOrb|GoodasGold|NastyPlot,MakeItRain,ShadowBall,Protect||||||50|,,,,,Water]Sneasler||WhiteHerb|Unburden|CloseCombat,DireClaw,Coaching,Protect|||M|||50|,,,,,Ghost]Rillaboom||AssaultVest|GrassySurge|FakeOut,GrassyGlide,DrumBeating,HighHorsepower|||M|||50|,,,,,Fire]Dragonite||LoadedDice|Multiscale|ScaleShot,StompingTantrum,Tailwind,Protect|||F|||50|,,,,,Ground]Ninetales-Alola||FocusSash|SnowWarning|IcyWind,Encore,FreezeDry,Blizzard|||M|||50|,,,,,Ghost]Incineroar||SitrusBerry|Intimidate|FlareBlitz,KnockOff,FakeOut,PartingShot|||F|||50|,,,,,Ghost
|showteam|p2|Malamar||SitrusBerry|Contrary|KnockOff,Superpower,PsychoCut,TopsyTurvy|||F|||50|,,,,,Ghost]Whimsicott||CovertCloak|Prankster|Tailwind,FakeTears,Taunt,Moonblast|||M|||50|,,,,,Steel]Farigiraf||ThroatSpray|ArmorTail|PsychicNoise,HelpingHand,TrickRoom,HyperVoice|||M|||50|,,,,,Fairy]Salamence||ChoiceSpecs|Intimidate|DracoMeteor,Hurricane,HeatWave,AirSlash|||M|||50|,,,,,Fire]Sneasler||FocusSash|PoisonTouch|FakeOut,CloseCombat,DireClaw,ThroatChop|||F|||50|,,,,,Fairy]Ursaluna-Bloodmoon||LifeOrb|MindsEye|EarthPower,BloodMoon,HyperVoice,Protect|||M|||50|,,,,,Normal
|
|t:|1757664657
|teamsize|p1|4
|teamsize|p2|4
|start
|switch|p1a: Rillaboom|Rillaboom, L50, M|100/100
|switch|p1b: Gholdengo|Gholdengo, L50|100/100
|switch|p2a: Malamar|Malamar, L50, F|100/100
|switch|p2b: Whimsicott|Whimsicott, L50, M|100/100
|-fieldstart|move: Grassy Terrain|[from] ability: Grassy Surge|[of] p1a: Rillaboom
|turn|1
|
|t:|1757664676
|-terastallize|p1b: Gholdengo|Water
|move|p1a: Rillaboom|Fake Out|p2a: Malamar
|-damage|p2a: Malamar|86/100
|move|p2b: Whimsicott|Fake Tears|p2a: Malamar
|-boost|p2a: Malamar|spd|2
|move|p1b: Gholdengo|Nasty Plot|p1b: Gholdengo
|-boost|p1b: Gholdengo|spa|2
|cant|p2a: Malamar|flinch
|
|-heal|p2a: Malamar|92/100|[from] Grassy Terrain
|upkeep
|turn|2
|
|t:|1757664704
|move|p2b: Whimsicott|Tailwind|p2b: Whimsicott
|-sidestart|p2: CretaceousDraconid|move: Tailwind
|move|p2a: Malamar|Superpower|p1b: Gholdengo
|-damage|p1b: Gholdengo|68/100
|-boost|p2a: Malamar|atk|1
|-boost|p2a: Malamar|def|1
|move|p1a: Rillaboom|Drum Beating|p2a: Malamar
|-damage|p2a: Malamar|55/100
|-boost|p2a: Malamar|spe|1
|move|p1b: Gholdengo|Make It Rain|p2a: Malamar|[spread] p2a,p2b
|-supereffective|p2b: Whimsicott
|-damage|p2a: Malamar|0 fnt
|-damage|p2b: Whimsicott|0 fnt
|-unboost|p1b: Gholdengo|spa|1
|faint|p2a: Malamar
|faint|p2b: Whimsicott
|-damage|p1b: Gholdengo|58/100|[from] item: Life Orb
|
|-heal|p1b: Gholdengo|64/100|[from] Grassy Terrain
|upkeep
|
|t:|1757664718
|switch|p2b: Sneasler|Sneasler, L50, F|100/100
|switch|p2a: Salamence|Salamence, L50, M|100/100
|-ability|p2a: Salamence|Intimidate|boost
|-unboost|p1a: Rillaboom|atk|1
|-unboost|p1b: Gholdengo|atk|1
|turn|3
|
|t:|1757664740
|move|p1b: Gholdengo|Protect|p1b: Gholdengo
|-singleturn|p1b: Gholdengo|Protect
|move|p2b: Sneasler|Fake Out|p1b: Gholdengo
|-activate|p1b: Gholdengo|move: Protect
|move|p2a: Salamence|Hurricane|p1a: Rillaboom|[miss]
|-miss|p2a: Salamence|p1a: Rillaboom
|move|p1a: Rillaboom|Drum Beating|p2b: Sneasler
|-resisted|p2b: Sneasler
|-damage|p2b: Sneasler|73/100
|-unboost|p2b: Sneasler|spe|1
|
|-heal|p2b: Sneasler|79/100|[from] Grassy Terrain
|-heal|p1b: Gholdengo|70/100|[from] Grassy Terrain
|upkeep
|turn|4
|
|t:|1757664761
|move|p2a: Salamence|Hurricane|p1b: Gholdengo
|-damage|p1b: Gholdengo|0 fnt
|faint|p1b: Gholdengo
|move|p2b: Sneasler|Dire Claw|p1a: Rillaboom
|-supereffective|p1a: Rillaboom
|-damage|p1a: Rillaboom|7/100
|move|p1a: Rillaboom|High Horsepower|p2b: Sneasler
|-supereffective|p2b: Sneasler
|-damage|p2b: Sneasler|13/100
|
|-heal|p2b: Sneasler|19/100|[from] Grassy Terrain
|-heal|p1a: Rillaboom|13/100|[from] Grassy Terrain
|upkeep
|
|t:|1757664769
|switch|p1b: Ninetales|Ninetales-Alola, L50, M|100/100
|-weather|Snowscape|[from] ability: Snow Warning|[of] p1b: Ninetales
|turn|5
|
|t:|1757664792
|switch|p1b: Sneasler|Sneasler, L50, M|100/100
|-terastallize|p2a: Salamence|Fire
|move|p1a: Rillaboom|Grassy Glide|p2b: Sneasler
|-resisted|p2b: Sneasler
|-damage|p2b: Sneasler|0 fnt
|faint|p2b: Sneasler
|move|p2a: Salamence|Hurricane|p1b: Sneasler
|-supereffective|p1b: Sneasler
|-damage|p1b: Sneasler|0 fnt
|faint|p1b: Sneasler
|
|-weather|Snowscape|[upkeep]
|-heal|p1a: Rillaboom|19/100|[from] Grassy Terrain
|-sideend|p2: CretaceousDraconid|move: Tailwind
|-fieldend|move: Grassy Terrain
|upkeep
|
|t:|1757664801
|switch|p1b: Ninetales|Ninetales-Alola, L50, M|100/100
|turn|6
|
|t:|1757664814
|move|p1b: Ninetales|Blizzard|p2a: Salamence
|-resisted|p2a: Salamence
|-damage|p2a: Salamence|75/100
|move|p2a: Salamence|Hurricane|p1b: Ninetales
|-damage|p1b: Ninetales|12/100
|move|p1a: Rillaboom|High Horsepower|p2a: Salamence
|-supereffective|p2a: Salamence
|-damage|p2a: Salamence|26/100
|
|-weather|Snowscape|[upkeep]
|upkeep
|turn|7
|
|t:|1757664834
|move|p1b: Ninetales|Blizzard|p2a: Salamence
|-resisted|p2a: Salamence
|-damage|p2a: Salamence|0 fnt
|faint|p2a: Salamence
|
|win|furretusedpunch
||CretaceousDraconid is ready for game 2.
||furretusedpunch is ready for game 2.
|uhtml|next|Next: Game 2 of 3
