|j|☆grumblegoober
|j|☆cheesbuga
|html|grumblegoobercheesbuga    
|uhtml|bestof|Game 1 of a best-of-3
|t:|1757741785
|gametype|doubles
|player|p1|grumblegoober|barry|1094
|player|p2|cheesbuga|pokemaniac|1040
|gen|9
|tier|[Gen 9] VGC 2025 Reg H (Bo3)
|rated|
|rule|Species Clause: Limit one of each Pokémon
|rule|Item Clause: Limit 1 of each item
|clearpoke
|poke|p1|Vivillon-Archipelago, L50, F|
|poke|p1|Garchomp, L50, F|
|poke|p1|Primarina, L50, M|
|poke|p1|Porygon2, L50|
|poke|p1|Incineroar, L50, M|
|poke|p1|Gholdengo, L50|
|poke|p2|Ursaluna-Bloodmoon, L50, M|
|poke|p2|Incineroar, L50, M|
|poke|p2|Rillaboom, L50, F|
|poke|p2|Farigiraf, L50, F|
|poke|p2|Sneasler, L50, F|
|poke|p2|Volcarona, L50, M|
|teampreview|4
|showteam|p1|Vivillon-Archipelago||FocusSash|CompoundEyes|Hurricane,SleepPowder,RagePowder,Protect|||F|||50|,,,,,Ghost]Garchomp||LifeOrb|RoughSkin|DragonClaw,Earthquake,StompingTantrum,Protect|||F|||50|,,,,,Steel]Primarina||SitrusBerry|LiquidVoice|HyperVoice,Moonblast,Haze,Protect|||M|||50|,,,,,Poison]Porygon2||Eviolite|Download|TeraBlast,IceBeam,TrickRoom,Recover||||||50|,,,,,Ground]Incineroar||SafetyGoggles|Intimidate|FakeOut,FlareBlitz,KnockOff,PartingShot|||M|||50|,,,,,Ghost]Gholdengo||Leftovers|GoodasGold|MakeItRain,ShadowBall,NastyPlot,Protect||||||50|,,,,,Flying
|showteam|p2|Ursaluna-Bloodmoon||LifeOrb|MindsEye|HyperVoice,BloodMoon,EarthPower,Protect|||M|||50|,,,,,Normal]Incineroar||SafetyGoggles|Intimidate|FakeOut,FlareBlitz,KnockOff,PartingShot|||M|||50|,,,,,Ghost]Rillaboom||AssaultVest|GrassySurge|Uturn,WoodHammer,GrassyGlide,FakeOut|||F|||50|,,,,,Fire]Farigiraf||ThroatSpray|ArmorTail|HyperVoice,Protect,Psychic,TrickRoom|||F|||50|,,,,,Fairy]Sneasler||FocusSash|Unburden|CloseCombat,Protect,FakeOut,ThroatChop|||F|||50|,,,,,Dark]Volcarona||CovertCloak|FlameBody|HeatWave,Protect,StruggleBug,QuiverDance|||M|||50|,,,,,Water
|
|t:|1757741854
|teamsize|p1|4
|teamsize|p2|4
|start
|switch|p1a: Garchomp|Garchomp, L50, F|100/100
|switch|p1b: Vivillon|Vivillon-Archipelago, L50, F|100/100
|switch|p2a: Rillaboom|Rillaboom, L50, F|100/100
|switch|p2b: Volcarona|Volcarona, L50, M|100/100
|-fieldstart|move: Grassy Terrain|[from] ability: Grassy Surge|[of] p2a: Rillaboom
|turn|1
|inactive|Battle timer is ON: inactive players will automatically lose when time's up. (requested by grumblegoober)
|
|t:|1757741888
|switch|p1a: Incineroar|Incineroar, L50, M|100/100
|-ability|p1a: Incineroar|Intimidate|boost
|-unboost|p2a: Rillaboom|atk|1
|-unboost|p2b: Volcarona|atk|1
|-terastallize|p2b: Volcarona|Water
|move|p2a: Rillaboom|Fake Out|p1a: Incineroar
|-damage|p1a: Incineroar|95/100
|move|p2b: Volcarona|Heat Wave|p1b: Vivillon|[spread] p1a,p1b
|-resisted|p1a: Incineroar
|-supereffective|p1b: Vivillon
|-damage|p1a: Incineroar|80/100
|-enditem|p1b: Vivillon|Focus Sash
|-damage|p1b: Vivillon|1/100
|move|p1b: Vivillon|Hurricane|p2b: Volcarona
|-damage|p2b: Volcarona|57/100
|
|-heal|p2b: Volcarona|63/100|[from] Grassy Terrain
|-heal|p1a: Incineroar|86/100|[from] Grassy Terrain
|upkeep
|turn|2
|inactive|grumblegoober has 30 seconds left.
|
|t:|1757741914
|switch|p2b: Incineroar|Incineroar, L50, M|100/100
|-ability|p2b: Incineroar|Intimidate|boost
|-unboost|p1a: Incineroar|atk|1
|-unboost|p1b: Vivillon|atk|1
|move|p1a: Incineroar|Fake Out|p2a: Rillaboom
|-damage|p2a: Rillaboom|94/100
|cant|p2a: Rillaboom|flinch
|move|p1b: Vivillon|Hurricane|p2a: Rillaboom
|-supereffective|p2a: Rillaboom
|-damage|p2a: Rillaboom|30/100
|-start|p2a: Rillaboom|confusion
|
|-heal|p2a: Rillaboom|36/100|[from] Grassy Terrain
|-heal|p1a: Incineroar|92/100|[from] Grassy Terrain
|upkeep
|turn|3
|inactive|grumblegoober has 30 seconds left.
|inactive|cheesbuga has 30 seconds left.
|
|t:|1757741942
|move|p1b: Vivillon|Protect|p1b: Vivillon
|-singleturn|p1b: Vivillon|Protect
|move|p2b: Incineroar|Fake Out|p1a: Incineroar
|-damage|p1a: Incineroar|83/100
|-activate|p2a: Rillaboom|confusion
|move|p2a: Rillaboom|Grassy Glide|p1b: Vivillon
|-activate|p1b: Vivillon|move: Protect
|cant|p1a: Incineroar|flinch
|
|-heal|p2a: Rillaboom|41/100|[from] Grassy Terrain
|-heal|p1a: Incineroar|89/100|[from] Grassy Terrain
|upkeep
|turn|4
|
|t:|1757741960
|switch|p1b: Garchomp|Garchomp, L50, F|100/100
|-activate|p2a: Rillaboom|confusion
|-damage|p2a: Rillaboom|34/100|[from] confusion
|move|p2b: Incineroar|Parting Shot|p1a: Incineroar
|-unboost|p1a: Incineroar|atk|1
|-unboost|p1a: Incineroar|spa|1
|
|t:|1757741971
|switch|p2b: Ursaluna|Ursaluna-Bloodmoon, L50, M|100/100|[from] Parting Shot
|move|p1a: Incineroar|Flare Blitz|p2a: Rillaboom
|-supereffective|p2a: Rillaboom
|-damage|p2a: Rillaboom|0 fnt
|faint|p2a: Rillaboom
|-damage|p1a: Incineroar|78/100|[from] Recoil
|
|-heal|p1a: Incineroar|84/100|[from] Grassy Terrain
|upkeep
|
|t:|1757741982
|switch|p2a: Incineroar|Incineroar, L50, M|100/100
|-ability|p2a: Incineroar|Intimidate|boost
|-unboost|p1a: Incineroar|atk|1
|-unboost|p1b: Garchomp|atk|1
|turn|5
|
|t:|1757741994
|move|p1b: Garchomp|Protect|p1b: Garchomp
|-singleturn|p1b: Garchomp|Protect
|move|p2a: Incineroar|Fake Out|p1b: Garchomp
|-activate|p1b: Garchomp|move: Protect
|move|p1a: Incineroar|Parting Shot|p2b: Ursaluna
|-unboost|p2b: Ursaluna|atk|1
|-unboost|p2b: Ursaluna|spa|1
|
|t:|1757742003
|switch|p1a: Vivillon|Vivillon-Archipelago, L50, F|1/100|[from] Parting Shot
|move|p2b: Ursaluna|Earth Power|p1a: Vivillon
|-immune|p1a: Vivillon
|
|-fieldend|move: Grassy Terrain
|upkeep
|turn|6
|
|t:|1757742024
|move|p1b: Garchomp|Earthquake|p2a: Incineroar|[spread] p2a,p2b
|-immune|p1a: Vivillon
|-supereffective|p2a: Incineroar
|-damage|p2a: Incineroar|52/100
|-damage|p2b: Ursaluna|74/100
|-damage|p1b: Garchomp|91/100|[from] item: Life Orb
|move|p1a: Vivillon|Sleep Powder|p2b: Ursaluna
|-status|p2b: Ursaluna|slp|[from] move: Sleep Powder
|move|p2a: Incineroar|Parting Shot|p1b: Garchomp
|-unboost|p1b: Garchomp|atk|1
|-unboost|p1b: Garchomp|spa|1
|
|t:|1757742035
|switch|p2a: Volcarona|Volcarona, L50, M, tera:Water|63/100|[from] Parting Shot
|cant|p2b: Ursaluna|slp
|
|upkeep
|turn|7
|
|t:|1757742051
|switch|p2b: Incineroar|Incineroar, L50, M|52/100
|-ability|p2b: Incineroar|Intimidate|boost
|-unboost|p1a: Vivillon|atk|1
|-unboost|p1b: Garchomp|atk|1
|move|p2a: Volcarona|Protect|p2a: Volcarona
|-singleturn|p2a: Volcarona|Protect
|move|p1b: Garchomp|Earthquake|p2b: Incineroar|[spread] p2b
|-activate|p2a: Volcarona|move: Protect
|-immune|p1a: Vivillon
|-supereffective|p2b: Incineroar
|-damage|p2b: Incineroar|21/100
|-damage|p1b: Garchomp|81/100|[from] item: Life Orb
|move|p1a: Vivillon|Sleep Powder|p2a: Volcarona
|-activate|p2a: Volcarona|move: Protect
|
|upkeep
|turn|8
|
|t:|1757742075
|move|p1a: Vivillon|Protect|p1a: Vivillon
|-singleturn|p1a: Vivillon|Protect
|move|p2b: Incineroar|Fake Out|p1a: Vivillon
|-activate|p1a: Vivillon|move: Protect
|move|p1b: Garchomp|Earthquake|p2a: Volcarona|[spread] p2a,p2b
|-activate|p1a: Vivillon|move: Protect
|-supereffective|p2b: Incineroar
|-damage|p2a: Volcarona|31/100
|-damage|p2b: Incineroar|0 fnt
|faint|p2b: Incineroar
|-damage|p1b: Garchomp|71/100|[from] item: Life Orb
|move|p2a: Volcarona|Quiver Dance|p2a: Volcarona
|-boost|p2a: Volcarona|spa|1
|-boost|p2a: Volcarona|spd|1
|-boost|p2a: Volcarona|spe|1
|
|upkeep
|
|t:|1757742089
|switch|p2b: Ursaluna|Ursaluna-Bloodmoon, L50, M|74/100 slp
|turn|9
|
|t:|1757742101
|move|p2a: Volcarona|Heat Wave|p1a: Vivillon|[spread] p1a,p1b
|-supereffective|p1a: Vivillon
|-resisted|p1b: Garchomp
|-damage|p1a: Vivillon|0 fnt
|-damage|p1b: Garchomp|41/100
|faint|p1a: Vivillon
|move|p1b: Garchomp|Dragon Claw|p2a: Volcarona
|-damage|p2a: Volcarona|0 fnt
|faint|p2a: Volcarona
|-damage|p1b: Garchomp|32/100|[from] item: Life Orb
|cant|p2b: Ursaluna|slp
|
|upkeep
|
|t:|1757742109
|switch|p1a: Primarina|Primarina, L50, M|100/100
|turn|10
|
|t:|1757742115
|switch|p1b: Incineroar|Incineroar, L50, M|84/100
|-ability|p1b: Incineroar|Intimidate|boost
|-unboost|p2b: Ursaluna|atk|1
|-curestatus|p2b: Ursaluna|slp|[msg]
|move|p2b: Ursaluna|Protect|p2b: Ursaluna
|-singleturn|p2b: Ursaluna|Protect
|move|p1a: Primarina|Hyper Voice|p2b: Ursaluna
|-activate|p2b: Ursaluna|move: Protect
|
|upkeep
|turn|11
|
|t:|1757742126
|move|p1b: Incineroar|Fake Out|p2b: Ursaluna
|-damage|p2b: Ursaluna|65/100
|move|p1a: Primarina|Hyper Voice|p2b: Ursaluna
|-supereffective|p2b: Ursaluna
|-damage|p2b: Ursaluna|0 fnt
|faint|p2b: Ursaluna
|
|win|grumblegoober
||grumblegoober is ready for game 2.
||cheesbuga is ready for game 2.
|uhtml|next|Next: Game 2 of 3
|l|☆grumblegoober
|player|p1|
