|j|☆YameteSenpai53025
|j|☆Archanile
|html|YameteSenpai53025Archanile    
|uhtml|bestof|Game 3 of a best-of-3
|t:|1757928755
|gametype|doubles
|player|p1|YameteSenpai53025|unknown|1028
|player|p2|Archanile|hilbert|1068
|gen|9
|tier|[Gen 9] VGC 2025 Reg H (Bo3)
|rated|
|rule|Species Clause: Limit one of each Pokémon
|rule|Item Clause: Limit 1 of each item
|clearpoke
|poke|p1|Ursaluna-Bloodmoon, L50, M|
|poke|p1|Annihilape, L50, M|
|poke|p1|Gholdengo, L50|
|poke|p1|Incineroar, L50, M|
|poke|p1|Dragonite, L50, F|
|poke|p1|Ninetales-Alola, L50, M|
|poke|p2|Dragonite, L50, M|
|poke|p2|Ursaluna-Bloodmoon, L50, M|
|poke|p2|Gholdengo, L50|
|poke|p2|Maushold-Four, L50|
|poke|p2|Annihilape, L50, F|
|poke|p2|Rillaboom, L50, M|
|teampreview|4
|showteam|p1|Ursaluna-Bloodmoon||LifeOrb|MindsEye|BloodMoon,EarthPower,HyperVoice,Protect|||M|||50|,,,,,Normal]Annihilape||SafetyGoggles|Defiant|RageFist,DrainPunch,BulkUp,Protect|||M|||50|,,,,,Steel]Gholdengo||ChoiceSpecs|GoodasGold|MakeItRain,ShadowBall,Psychic,PowerGem||||||50|,,,,,Water]Incineroar||AssaultVest|Intimidate|KnockOff,FlareBlitz,FakeOut,Uturn|||M|||50|,,,,,Bug]Dragonite||LoadedDice|InnerFocus|ScaleShot,Tailwind,Encore,IceSpinner|||F|||50|,,,,,Ice]Ninetales-Alola||LightClay|SnowWarning|FreezeDry,AuroraVeil,Blizzard,Moonblast|||M|||50|,,,,,Ghost
|showteam|p2|Dragonite||LoadedDice|Multiscale|ScaleShot,Tailwind,Haze,Protect|||M|||50|,,,,,Fairy]Ursaluna-Bloodmoon||AssaultVest|MindsEye|BloodMoon,EarthPower,HyperVoice,VacuumWave|||M|||50|,,,,,Water]Gholdengo||LifeOrb|GoodasGold|MakeItRain,ShadowBall,NastyPlot,Protect||||||50|,,,,,Dragon]Maushold-Four||FocusSash|FriendGuard|Taunt,FollowMe,BeatUp,Protect||||||50|,,,,,Ghost]Annihilape||SitrusBerry|Defiant|RageFist,DrainPunch,BulkUp,Protect|||F|||50|,,,,,Fire]Rillaboom||MiracleSeed|GrassySurge|WoodHammer,GrassyGlide,HighHorsepower,FakeOut|||M|||50|,,,,,Fire
|inactive|Battle timer is ON: inactive players will automatically lose when time's up. (requested by Archanile)
|inactive|YameteSenpai53025 also wants the timer to be on.
|inactive|Archanile has 60 seconds left.
|inactive|Archanile has 30 seconds left.
|inactive|Archanile has 20 seconds left.
|inactive|Archanile has 15 seconds left.
|
|t:|1757928837
|teamsize|p1|4
|teamsize|p2|4
|start
|switch|p1a: Incineroar|Incineroar, L50, M|100/100
|switch|p1b: Ninetales|Ninetales-Alola, L50, M|100/100
|switch|p2a: Gholdengo|Gholdengo, L50|100/100
|switch|p2b: Rillaboom|Rillaboom, L50, M|100/100
|-weather|Snowscape|[from] ability: Snow Warning|[of] p1b: Ninetales
|-fieldstart|move: Grassy Terrain|[from] ability: Grassy Surge|[of] p2b: Rillaboom
|-ability|p1a: Incineroar|Intimidate|boost
|-unboost|p2a: Gholdengo|atk|1
|-unboost|p2b: Rillaboom|atk|1
|turn|1
|inactive|YameteSenpai53025 has 30 seconds left.
|
|t:|1757928865
|switch|p1b: Dragonite|Dragonite, L50, F|100/100
|move|p2b: Rillaboom|Fake Out|p1a: Incineroar
|-damage|p1a: Incineroar|93/100
|move|p2a: Gholdengo|Nasty Plot|p2a: Gholdengo
|-boost|p2a: Gholdengo|spa|2
|cant|p1a: Incineroar|flinch
|
|-weather|Snowscape|[upkeep]
|-heal|p1a: Incineroar|99/100|[from] Grassy Terrain
|upkeep
|turn|2
|inactive|YameteSenpai53025 has 30 seconds left.
|inactive|Archanile has 30 seconds left.
|inactive|Archanile has 20 seconds left.
|inactive|YameteSenpai53025 has 20 seconds left.
|inactive|Archanile has 15 seconds left.
|inactive|Archanile has 10 seconds left.
|inactive|Archanile has 5 seconds left.
|
|t:|1757928916
|move|p2a: Gholdengo|Protect|p2a: Gholdengo
|-singleturn|p2a: Gholdengo|Protect
|move|p2b: Rillaboom|Wood Hammer|p1b: Dragonite
|-resisted|p1b: Dragonite
|-damage|p1b: Dragonite|87/100
|-damage|p2b: Rillaboom|96/100|[from] Recoil
|move|p1b: Dragonite|Encore|p2a: Gholdengo
|-activate|p2a: Gholdengo|move: Protect
|move|p1a: Incineroar|U-turn|p2b: Rillaboom
|-supereffective|p2b: Rillaboom
|-damage|p2b: Rillaboom|52/100
|
|t:|1757928928
|switch|p1a: Ninetales|Ninetales-Alola, L50, M|100/100|[from] U-turn
|
|-weather|Snowscape|[upkeep]
|-heal|p2b: Rillaboom|58/100|[from] Grassy Terrain
|upkeep
|turn|3
|inactive|Archanile has 30 seconds left.
|inactive|Archanile has 20 seconds left.
|inactive|Archanile has 15 seconds left.
|
|t:|1757928971
|switch|p2b: Annihilape|Annihilape, L50, F|100/100
|move|p1a: Ninetales|Blizzard|p2b: Annihilape|[spread] p2a,p2b
|-resisted|p2a: Gholdengo
|-damage|p2a: Gholdengo|82/100
|-damage|p2b: Annihilape|74/100
|move|p2a: Gholdengo|Make It Rain|p1a: Ninetales|[spread] p1a,p1b
|-supereffective|p1a: Ninetales
|-damage|p1a: Ninetales|0 fnt
|-damage|p1b: Dragonite|0 fnt
|-unboost|p2a: Gholdengo|spa|1
|faint|p1a: Ninetales
|faint|p1b: Dragonite
|-damage|p2a: Gholdengo|73/100|[from] item: Life Orb
|
|-weather|Snowscape|[upkeep]
|-heal|p2b: Annihilape|80/100|[from] Grassy Terrain
|-heal|p2a: Gholdengo|79/100|[from] Grassy Terrain
|upkeep
|
|t:|1757928991
|switch|p1a: Annihilape|Annihilape, L50, M|100/100
|switch|p1b: Incineroar|Incineroar, L50, M|99/100
|-ability|p1b: Incineroar|Intimidate|boost
|-unboost|p2a: Gholdengo|atk|1
|-unboost|p2b: Annihilape|atk|1
|-ability|p2b: Annihilape|Defiant|boost
|-boost|p2b: Annihilape|atk|2
|turn|4
|inactive|Archanile has 30 seconds left.
|
|t:|1757929025
|-terastallize|p1a: Annihilape|Steel
|move|p2b: Annihilape|Protect|p2b: Annihilape
|-singleturn|p2b: Annihilape|Protect
|move|p2a: Gholdengo|Make It Rain|p1a: Annihilape|[spread] p1a,p1b
|-resisted|p1a: Annihilape
|-crit|p1a: Annihilape
|-resisted|p1b: Incineroar
|-crit|p1b: Incineroar
|-damage|p1a: Annihilape|45/100
|-damage|p1b: Incineroar|54/100
|-unboost|p2a: Gholdengo|spa|1
|-damage|p2a: Gholdengo|69/100|[from] item: Life Orb
|move|p1a: Annihilape|Rage Fist|p2a: Gholdengo
|-supereffective|p2a: Gholdengo
|-damage|p2a: Gholdengo|0 fnt
|faint|p2a: Gholdengo
|move|p1b: Incineroar|Knock Off|p2b: Annihilape
|-activate|p2b: Annihilape|move: Protect
|
|-weather|Snowscape|[upkeep]
|-heal|p2b: Annihilape|87/100|[from] Grassy Terrain
|-heal|p1a: Annihilape|51/100|[from] Grassy Terrain
|-heal|p1b: Incineroar|60/100|[from] Grassy Terrain
|upkeep
|inactive|Archanile has 30 seconds left.
|
|t:|1757929054
|switch|p2a: Rillaboom|Rillaboom, L50, M|58/100
|turn|5
|
|t:|1757929061
|move|p1a: Annihilape|Protect|p1a: Annihilape
|-singleturn|p1a: Annihilape|Protect
|move|p2a: Rillaboom|Fake Out|p1a: Annihilape
|-activate|p1a: Annihilape|move: Protect
|move|p2b: Annihilape|Drain Punch|p1b: Incineroar
|-supereffective|p1b: Incineroar
|-crit|p1b: Incineroar
|-damage|p1b: Incineroar|0 fnt
|-heal|p2b: Annihilape|100/100|[from] drain|[of] p1b: Incineroar
|faint|p1b: Incineroar
|
|-weather|none
|-heal|p2a: Rillaboom|64/100|[from] Grassy Terrain
|-heal|p1a: Annihilape|57/100|[from] Grassy Terrain
|-fieldend|move: Grassy Terrain
|upkeep
|turn|6
|
|t:|1757929085
|-terastallize|p2b: Annihilape|Fire
|move|p2b: Annihilape|Drain Punch|p1a: Annihilape
|-supereffective|p1a: Annihilape
|-damage|p1a: Annihilape|0 fnt
|faint|p1a: Annihilape
|
|win|Archanile
|raw|YameteSenpai53025's rating: 1028 → 1015(-13 for losing)
|raw|Archanile's rating: 1068 → 1094(+26 for winning)
|l|☆YameteSenpai53025
|player|p1|
