|j|☆KarmicPines2002
|j|☆YAYOI23
|html|KarmicPines2002YAYOI23    
|uhtml|bestof|Game 3 of a best-of-3
|t:|1784568653
|gametype|doubles
|player|p1|KarmicPines2002|2|1075
|player|p2|YAYOI23|1|1000
|gen|9
|tier|[Gen 9 Champions] VGC 2026 Reg M-B (Bo3)
|rated|
|rule|Species Clause: Limit one of each Pokémon
|rule|Item Clause: Limit 1 of each item
|clearpoke
|poke|p1|Venusaur, L50, M|
|poke|p1|Charizard, L50, M|
|poke|p1|Grimmsnarl, L50, M|
|poke|p1|Archaludon, L50, F|
|poke|p1|Basculegion, L50, M|
|poke|p1|Pelipper, L50, F|
|poke|p2|Blastoise, L50, F|
|poke|p2|Talonflame, L50, F|
|poke|p2|Sableye, L50, F|
|poke|p2|Vivillon, L50, F|
|poke|p2|Archaludon, L50, M|
|poke|p2|Sinistcha, L50|
|teampreview|4
|showteam|p1|Venusaur||FocusSash|Chlorophyll|SludgeBomb,EarthPower,SleepPowder,Protect|Modest||M|||50|]Charizard||CharizarditeY|Blaze|Protect,HeatWave,SolarBeam,WeatherBall|Modest||M|||50|]Grimmsnarl||LightClay|Prankster|SpiritBreak,LightScreen,Reflect,PartingShot|Sassy||M|||50|]Archaludon||Leftovers|Stamina|ElectroShot,DragonPulse,FlashCannon,Protect|Calm||F|||50|]Basculegion||ChoiceScarf|Adaptability|WaveCrash,LastRespects,AquaJet,FlipTurn|Jolly||M|||50|]Pelipper||SitrusBerry|Drizzle|Hurricane,WeatherBall,Tailwind,WideGuard|Modest||F|||50|
|showteam|p2|Blastoise||Blastoisinite|Torrent|WaterSpout,Protect,ShellSmash,DarkPulse|Modest||F|||50|]Talonflame||SharpBeak|FlameBody|DualWingbeat,Tailwind,QuickGuard,BraveBird|Jolly||F|||50|]Sableye||RoseliBerry|KeenEye|Encore,Disable,FakeOut,RainDance|Careful||F|||50|]Vivillon||FocusSash|CompoundEyes|PollenPuff,SleepPowder,RagePowder,Protect|Timid||F|||50|]Archaludon||ChoiceScarf|Sturdy|AuraSphere,ElectroShot,DragonPulse,FlashCannon|Modest||M|||50|]Sinistcha||SitrusBerry|Hospitality|MatchaGotcha,RagePowder,TrickRoom,Imprison|Relaxed|||||50|
|inactive|Battle timer is ON: inactive players will automatically lose when time's up. (requested by KarmicPines2002)
|inactive|KarmicPines2002 has 60 seconds left.
|
|t:|1784568706
|teamsize|p1|4
|teamsize|p2|4
|start
|switch|p1a: Archaludon|Archaludon, L50, F|100/100
|switch|p1b: Grimmsnarl|Grimmsnarl, L50, M|100/100
|switch|p2a: Talonflame|Talonflame, L50, F|100/100
|switch|p2b: Vivillon|Vivillon, L50, F|100/100
|turn|1
|inactive|YAYOI23 has 30 seconds left.
|inactive|YAYOI23 has 20 seconds left.
|
|t:|1784568743
|switch|p2a: Blastoise|Blastoise, L50, F|100/100
|move|p1a: Archaludon|Protect|p1a: Archaludon
|-singleturn|p1a: Archaludon|Protect
|move|p1b: Grimmsnarl|Reflect|p1b: Grimmsnarl
|-sidestart|p1: KarmicPines2002|Reflect
|move|p2b: Vivillon|Sleep Powder|p1b: Grimmsnarl
|-status|p1b: Grimmsnarl|slp|[from] move: Sleep Powder
|
|upkeep
|turn|2
|inactive|KarmicPines2002 has 30 seconds left.
|
|t:|1784568774
|switch|p1b: Pelipper|Pelipper, L50, F|100/100
|-weather|RainDance|[from] ability: Drizzle|[of] p1b: Pelipper
|move|p2b: Vivillon|Sleep Powder|p1a: Archaludon
|-status|p1a: Archaludon|slp|[from] move: Sleep Powder
|cant|p1a: Archaludon|slp
|move|p2a: Blastoise|Shell Smash|p2a: Blastoise
|-unboost|p2a: Blastoise|def|1
|-unboost|p2a: Blastoise|spd|1
|-boost|p2a: Blastoise|atk|2
|-boost|p2a: Blastoise|spa|2
|-boost|p2a: Blastoise|spe|2
|
|-weather|RainDance|[upkeep]
|upkeep
|turn|3
|
|t:|1784568796
|move|p2b: Vivillon|Rage Powder|p2b: Vivillon
|-singleturn|p2b: Vivillon|move: Rage Powder
|move|p2a: Blastoise|Water Spout|p1b: Pelipper|[spread] p1a,p1b
|-resisted|p1a: Archaludon|1
|-resisted|p1b: Pelipper|1
|-damage|p1a: Archaludon|34/100 slp
|-damage|p1b: Pelipper|0 fnt
|-ability|p1a: Archaludon|Stamina|boost
|-boost|p1a: Archaludon|def|1
|faint|p1b: Pelipper
|cant|p1a: Archaludon|slp
|
|-weather|RainDance|[upkeep]
|-heal|p1a: Archaludon|40/100 slp|[from] item: Leftovers
|upkeep
|
|t:|1784568809
|switch|p1b: Charizard|Charizard, L50, M|100/100
|turn|4
|
|t:|1784568822
|detailschange|p1b: Charizard|Charizard-Mega-Y, L50, M
|-mega|p1b: Charizard|Charizard|Charizardite Y
|-weather|SunnyDay|[from] ability: Drought|[of] p1b: Charizard
|move|p2b: Vivillon|Rage Powder|p2b: Vivillon
|-singleturn|p2b: Vivillon|move: Rage Powder
|move|p2a: Blastoise|Water Spout|p1a: Archaludon|[spread] p1a,p1b
|-resisted|p1a: Archaludon|1
|-supereffective|p1b: Charizard|1
|-damage|p1a: Archaludon|18/100 slp
|-damage|p1b: Charizard|8/100
|-ability|p1a: Archaludon|Stamina|boost
|-boost|p1a: Archaludon|def|1
|move|p1b: Charizard|Solar Beam||[still]
|-prepare|p1b: Charizard|Solar Beam
|-anim|p1b: Charizard|Solar Beam|p2b: Vivillon
|-resisted|p2b: Vivillon|2
|-damage|p2b: Vivillon|78/100
|-curestatus|p1a: Archaludon|slp|[msg]
|move|p1a: Archaludon|Dragon Pulse|p2b: Vivillon
|-crit|p2b: Vivillon
|-damage|p2b: Vivillon|0 fnt
|faint|p2b: Vivillon
|
|-weather|SunnyDay|[upkeep]
|-heal|p1a: Archaludon|24/100|[from] item: Leftovers
|upkeep
|
|t:|1784568846
|switch|p2b: Sableye|Sableye, L50, F|100/100
|turn|5
|
|t:|1784568854
|switch|p1b: Grimmsnarl|Grimmsnarl, L50, M|100/100 slp
|move|p2a: Blastoise|Water Spout|p1b: Grimmsnarl|[spread] p1a,p1b
|-resisted|p1a: Archaludon|1
|-damage|p1a: Archaludon|3/100
|-damage|p1b: Grimmsnarl|59/100 slp
|-ability|p1a: Archaludon|Stamina|boost
|-boost|p1a: Archaludon|def|1
|move|p1a: Archaludon|Electro Shot||[still]
|-prepare|p1a: Archaludon|Electro Shot
|-boost|p1a: Archaludon|spa|1
|move|p2b: Sableye|Rain Dance|p2b: Sableye
|-weather|RainDance
|
|-weather|RainDance|[upkeep]
|-heal|p1a: Archaludon|9/100|[from] item: Leftovers
|upkeep
|turn|6
|
|t:|1784568877
|cant|p1b: Grimmsnarl|slp
|move|p2a: Blastoise|Water Spout|p1b: Grimmsnarl|[spread] p1a,p1b
|-resisted|p1a: Archaludon|1
|-damage|p1a: Archaludon|0 fnt
|-damage|p1b: Grimmsnarl|0 fnt
|faint|p1a: Archaludon
|faint|p1b: Grimmsnarl
|move|p2b: Sableye|Rain Dance||[still]
|-fail|p2b: Sableye
|
|-weather|RainDance|[upkeep]
|upkeep
|-message|KarmicPines2002 forfeited.
|raw|KarmicPines2002's rating: 1075 → 1049(-26 for losing)
|raw|YAYOI23's rating: 1000 → 1049(+49 for winning)
|
|win|YAYOI23
