|j|☆CrystalGem02
|j|☆fortree21utube
|html|CrystalGem02fortree21utube    
|uhtml|bestof|Game 2 of a best-of-3
|t:|1756219497
|gametype|doubles
|player|p1|CrystalGem02|valerie|1183
|player|p2|fortree21utube|1|1241
|gen|9
|tier|[Gen 9] VGC 2025 Reg H (Bo3)
|rated|
|rule|Species Clause: Limit one of each Pokémon
|rule|Item Clause: Limit 1 of each item
|clearpoke
|poke|p1|Empoleon, L50, M|
|poke|p1|Ninetales-Alola, L50, M|
|poke|p1|Annihilape, L50, F|
|poke|p1|Dragonite, L50, M|
|poke|p1|Incineroar, L50, M|
|poke|p1|Ursaluna-Bloodmoon, L50, M|
|poke|p2|Pawmot, L50, F|
|poke|p2|Typhlosion-Hisui, L50, F|
|poke|p2|Weezing-Galar, L50, M|
|poke|p2|Toedscruel, L50, F|
|poke|p2|Corviknight, L50, M|
|poke|p2|Garchomp, L50, F|
|teampreview|4
|showteam|p1|Empoleon||AssaultVest|Competitive|WaterPledge,FlashCannon,Whirlpool,VacuumWave|||M|||50|,,,,,Grass]Ninetales-Alola||LightClay|SnowWarning|IcyWind,IcicleSpear,AuroraVeil,Howl|||M|||50|,,,,,Ghost]Annihilape||SafetyGoggles|Defiant|DrainPunch,RageFist,BulkUp,Protect|||F|||50|,,,,,Fire]Dragonite||LoadedDice|Multiscale|ScaleShot,ExtremeSpeed,Tailwind,Haze|||M|||50|,,,,,Fairy]Incineroar||SitrusBerry|Intimidate|FakeOut,KnockOff,FlareBlitz,PartingShot|||M|||50|,,,,,Ghost]Ursaluna-Bloodmoon||LifeOrb|MindsEye|BloodMoon,HyperVoice,EarthPower,Protect|||M|||50|,,,,,Normal
|showteam|p2|Pawmot||FocusSash|VoltAbsorb|DoubleShock,CloseCombat,FakeOut,Protect|||F|||50|,,,,,Electric]Typhlosion-Hisui||ChoiceScarf|Frisk|Eruption,HeatWave,ShadowBall,SleepTalk|||F|||50|,,,,,Fire]Weezing-Galar||ChoiceSpecs|NeutralizingGas|StrangeSteam,DazzlingGleam,SludgeBomb,Flamethrower|||M|||50|,,,,,Flying]Toedscruel||CovertCloak|MyceliumMight|EarthPower,AcidSpray,Spore,RagePowder|||F|||50|,,,,,Water]Corviknight||SitrusBerry|MirrorArmor|BraveBird,Tailwind,Roost,Protect|||M|||50|,,,,,Dragon]Garchomp||LifeOrb|RoughSkin|Earthquake,StompingTantrum,DragonClaw,Protect|||F|||50|,,,,,Ground
|inactive|Battle timer is ON: inactive players will automatically lose when time's up. (requested by fortree21utube)
|inactive|CrystalGem02 has 60 seconds left.
|inactive|CrystalGem02 has 30 seconds left.
|inactive|CrystalGem02 has 20 seconds left.
|inactive|CrystalGem02 has 15 seconds left.
|inactive|CrystalGem02 has 10 seconds left.
|inactive|CrystalGem02 has 5 seconds left.
|
|t:|1756219659
|teamsize|p1|4
|teamsize|p2|4
|start
|switch|p1a: Ninetales|Ninetales-Alola, L50, M, shiny|100/100
|switch|p1b: Annihilape|Annihilape, L50, F|100/100
|switch|p2a: Weezing|Weezing-Galar, L50, M|100/100
|switch|p2b: Toedscruel|Toedscruel, L50, F|100/100
|-ability|p2a: Weezing|Neutralizing Gas
|turn|1
|
|t:|1756219680
|-terastallize|p2b: Toedscruel|Water
|move|p1b: Annihilape|Protect|p1b: Annihilape
|-singleturn|p1b: Annihilape|Protect
|move|p1a: Ninetales|Icicle Spear|p2b: Toedscruel
|-resisted|p2b: Toedscruel
|-damage|p2b: Toedscruel|97/100
|-resisted|p2b: Toedscruel
|-damage|p2b: Toedscruel|93/100
|-resisted|p2b: Toedscruel
|-crit|p2b: Toedscruel
|-damage|p2b: Toedscruel|86/100
|-hitcount|p2b: Toedscruel|3
|move|p2b: Toedscruel|Earth Power|p1b: Annihilape
|-activate|p1b: Annihilape|move: Protect
|move|p2a: Weezing|Dazzling Gleam|p1b: Annihilape|[spread] p1a
|-activate|p1b: Annihilape|move: Protect
|-damage|p1a: Ninetales|60/100
|
|upkeep
|turn|2
|inactive|CrystalGem02 has 30 seconds left.
|inactive|CrystalGem02 has 20 seconds left.
|
|t:|1756219719
|-terastallize|p1b: Annihilape|Fire
|move|p2b: Toedscruel|Rage Powder|p2b: Toedscruel
|-singleturn|p2b: Toedscruel|move: Rage Powder
|move|p1a: Ninetales|Howl|p1a: Ninetales|[spread] p1a,p1b
|-boost|p1a: Ninetales|atk|1
|-boost|p1b: Annihilape|atk|1
|move|p1b: Annihilape|Rage Fist|p2b: Toedscruel
|-damage|p2b: Toedscruel|39/100
|move|p2a: Weezing|Dazzling Gleam|p1b: Annihilape|[spread] p1a,p1b
|-resisted|p1b: Annihilape
|-damage|p1a: Ninetales|18/100
|-damage|p1b: Annihilape|83/100
|
|upkeep
|turn|3
|inactive|CrystalGem02 has 30 seconds left.
|inactive|fortree21utube has 30 seconds left.
|inactive|CrystalGem02 has 20 seconds left.
|inactive|CrystalGem02 has 15 seconds left.
|
|t:|1756219766
|switch|p1a: Empoleon|Empoleon, L50, M|100/100
|move|p2b: Toedscruel|Earth Power|p1b: Annihilape
|-supereffective|p1b: Annihilape
|-damage|p1b: Annihilape|37/100
|move|p1b: Annihilape|Drain Punch|p2b: Toedscruel
|-damage|p2b: Toedscruel|0 fnt
|-heal|p1b: Annihilape|54/100|[from] drain|[of] p2b: Toedscruel
|faint|p2b: Toedscruel
|move|p2a: Weezing|Dazzling Gleam|p1b: Annihilape|[spread] p1a,p1b
|-resisted|p1a: Empoleon
|-resisted|p1b: Annihilape
|-damage|p1a: Empoleon|89/100
|-damage|p1b: Annihilape|36/100
|
|upkeep
|
|t:|1756219781
|switch|p2b: Garchomp|Garchomp, L50, F|100/100
|turn|4
|
|t:|1756219805
|switch|p1b: Incineroar|Incineroar, L50, M|100/100
|-end|p2a: Weezing|ability: Neutralizing Gas
|-ability|p1b: Incineroar|Intimidate|boost
|-unboost|p2a: Weezing|atk|1
|-unboost|p2b: Garchomp|atk|1
|switch|p2a: Corviknight|Corviknight, L50, M|100/100
|move|p2b: Garchomp|Earthquake|p1b: Incineroar|[spread] p1a,p1b
|-immune|p2a: Corviknight
|-supereffective|p1a: Empoleon
|-supereffective|p1b: Incineroar
|-damage|p1a: Empoleon|28/100
|-damage|p1b: Incineroar|39/100
|-enditem|p1b: Incineroar|Sitrus Berry|[eat]
|-heal|p1b: Incineroar|63/100|[from] item: Sitrus Berry
|-damage|p2b: Garchomp|91/100|[from] item: Life Orb
|move|p1a: Empoleon|Whirlpool|p2b: Garchomp
|-damage|p2b: Garchomp|75/100
|-activate|p2b: Garchomp|move: Whirlpool|[of] p1a: Empoleon
|
|-damage|p2b: Garchomp|63/100|[from] move: Whirlpool|[partiallytrapped]
|upkeep
|turn|5
|inactive|CrystalGem02 has 30 seconds left.
|inactive|fortree21utube has 30 seconds left.
|inactive|CrystalGem02 has 20 seconds left.
|inactive|CrystalGem02 has 15 seconds left.
|inactive|CrystalGem02 has 10 seconds left.
|
|t:|1756219851
|move|p2b: Garchomp|Protect|p2b: Garchomp
|-singleturn|p2b: Garchomp|Protect
|move|p2a: Corviknight|Protect|p2a: Corviknight
|-singleturn|p2a: Corviknight|Protect
|move|p1b: Incineroar|Fake Out|p2a: Corviknight
|-activate|p2a: Corviknight|move: Protect
|move|p1a: Empoleon|Water Pledge|p2b: Garchomp
|-activate|p2b: Garchomp|move: Protect
|
|-damage|p2b: Garchomp|50/100|[from] move: Whirlpool|[partiallytrapped]
|upkeep
|turn|6
|inactive|CrystalGem02 has 30 seconds left.
|
|t:|1756219881
|move|p1a: Empoleon|Vacuum Wave|p2b: Garchomp
|-damage|p2b: Garchomp|38/100
|move|p2b: Garchomp|Earthquake|p1b: Incineroar|[spread] p1a,p1b
|-immune|p2a: Corviknight
|-supereffective|p1a: Empoleon
|-supereffective|p1b: Incineroar
|-damage|p1a: Empoleon|0 fnt
|-damage|p1b: Incineroar|5/100
|faint|p1a: Empoleon
|-damage|p2b: Garchomp|28/100|[from] item: Life Orb
|move|p2a: Corviknight|Tailwind|p2a: Corviknight
|-sidestart|p2: fortree21utube|move: Tailwind
|move|p1b: Incineroar|Knock Off|p2b: Garchomp
|-damage|p2b: Garchomp|0 fnt
|-damage|p1b: Incineroar|0 fnt|[from] ability: Rough Skin|[of] p2b: Garchomp
|faint|p2b: Garchomp
|faint|p1b: Incineroar
|
|upkeep
|
|t:|1756219897
|switch|p2b: Weezing|Weezing-Galar, L50, M|100/100
|switch|p1a: Ninetales|Ninetales-Alola, L50, M, shiny|18/100
|switch|p1b: Annihilape|Annihilape, L50, F, tera:Fire|36/100
|-ability|p2b: Weezing|Neutralizing Gas
|turn|7
|inactive|CrystalGem02 has 30 seconds left.
|
|t:|1756219928
|move|p1a: Ninetales|Icy Wind|p2a: Corviknight|[spread] p2a,p2b
|-damage|p2a: Corviknight|92/100
|-damage|p2b: Weezing|85/100
|-unboost|p2a: Corviknight|spe|1
|-unboost|p2b: Weezing|spe|1
|move|p1b: Annihilape|Rage Fist|p2b: Weezing
|-damage|p2b: Weezing|10/100
|move|p2a: Corviknight|Brave Bird|p1a: Ninetales
|-damage|p1a: Ninetales|0 fnt
|faint|p1a: Ninetales
|-damage|p2a: Corviknight|87/100|[from] Recoil
|move|p2b: Weezing|Sludge Bomb|p1b: Annihilape
|-damage|p1b: Annihilape|0 fnt
|faint|p1b: Annihilape
|
|win|fortree21utube
|raw|CrystalGem02's rating: 1183 → 1162(-21 for losing)
|raw|fortree21utube's rating: 1241 → 1262(+21 for winning)
