|j|☆royflashgordon
|j|☆PutoLen35
|html|royflashgordonPutoLen35    
|uhtml|bestof|Game 1 of a best-of-3
|t:|1756324352
|gametype|doubles
|player|p1|royflashgordon|dancer|1041
|player|p2|PutoLen35|preschooler|1076
|gen|9
|tier|[Gen 9] VGC 2025 Reg H (Bo3)
|rated|
|rule|Species Clause: Limit one of each Pokémon
|rule|Item Clause: Limit 1 of each item
|clearpoke
|poke|p1|Sneasler, L50, M|
|poke|p1|Indeedee, L50, M|
|poke|p1|Ursaluna-Bloodmoon, L50, M|
|poke|p1|Electabuzz, L50, M|
|poke|p1|Incineroar, L50, F|
|poke|p1|Talonflame, L50, F|
|poke|p2|Whimsicott, L50, F|
|poke|p2|Garchomp, L50, M|
|poke|p2|Gholdengo, L50|
|poke|p2|Incineroar, L50, M|
|poke|p2|Sneasler, L50, M|
|poke|p2|Dragonite, L50, F|
|teampreview|4
|showteam|p1|Sneasler||PsychicSeed|Unburden|CloseCombat,DireClaw,ThroatChop,Protect|||M|||50|,,,,,Dark]Indeedee||FocusSash|PsychicSurge|ExpandingForce,TrickRoom,HelpingHand,Protect|||M|||50|,,,,,Psychic]Ursaluna-Bloodmoon||LifeOrb|MindsEye|BloodMoon,HyperVoice,EarthPower,Protect|||M|||50|,,,,,Normal]Electabuzz||Eviolite|VitalSpirit|Electroweb,FollowMe,Taunt,Protect|||M|||50|,,,,,Dragon]Incineroar||SafetyGoggles|Intimidate|FlareBlitz,KnockOff,PartingShot,FakeOut|||F|||50|,,,,,Ghost]Talonflame||CovertCloak|GaleWings|FlareBlitz,DualWingbeat,WillOWisp,Tailwind|||F|||50|,,,,,Fairy
|showteam|p2|Whimsicott||FocusSash|Prankster|Moonblast,Tailwind,Encore,Protect|||F|||50|,,,,,Ghost]Garchomp||LifeOrb|RoughSkin|Earthquake,DragonClaw,StompingTantrum,Protect|||M|||50|,,,,,Ground]Gholdengo||ChoiceSpecs|GoodasGold|MakeItRain,ShadowBall,Trick,Protect||||||50|,,,,,Steel]Incineroar||AssaultVest|Intimidate|FakeOut,FlareBlitz,KnockOff,Uturn|||M|||50|,,,,,Grass]Sneasler||WhiteHerb|Unburden|FakeOut,DireClaw,CloseCombat,Protect|||M|||50|,,,,,Stellar]Dragonite||ChoiceBand|InnerFocus|ExtremeSpeed,Outrage,IceSpinner,StompingTantrum|||F|||50|,,,,,Normal
|
|t:|1756324476
|teamsize|p1|4
|teamsize|p2|4
|start
|switch|p1a: Talonflame|Talonflame, L50, F|100/100
|switch|p1b: Ursaluna|Ursaluna-Bloodmoon, L50, M|100/100
|switch|p2a: Whimsicott|Whimsicott, L50, F|100/100
|switch|p2b: Incineroar|Incineroar, L50, M|100/100
|-ability|p2b: Incineroar|Intimidate|boost
|-unboost|p1a: Talonflame|atk|1
|-unboost|p1b: Ursaluna|atk|1
|turn|1
|
|t:|1756324510
|move|p1a: Talonflame|Dual Wingbeat|p2a: Whimsicott
|-supereffective|p2a: Whimsicott
|-damage|p2a: Whimsicott|69/100
|-supereffective|p2a: Whimsicott
|-damage|p2a: Whimsicott|37/100
|-hitcount|p2a: Whimsicott|2
|move|p2a: Whimsicott|Tailwind|p2a: Whimsicott
|-sidestart|p2: PutoLen35|move: Tailwind
|move|p2b: Incineroar|Knock Off|p1b: Ursaluna
|-damage|p1b: Ursaluna|66/100
|-enditem|p1b: Ursaluna|Life Orb|[from] move: Knock Off|[of] p2b: Incineroar
|move|p1b: Ursaluna|Hyper Voice|p2a: Whimsicott|[spread] p2a,p2b
|-damage|p2a: Whimsicott|0 fnt
|-damage|p2b: Incineroar|77/100
|faint|p2a: Whimsicott
|
|upkeep
|
|t:|1756324529
|switch|p2a: Gholdengo|Gholdengo, L50|100/100
|turn|2
|
|t:|1756324588
|move|p1b: Ursaluna|Protect|p1b: Ursaluna
|-singleturn|p1b: Ursaluna|Protect
|move|p1a: Talonflame|Tailwind|p1a: Talonflame
|-sidestart|p1: royflashgordon|move: Tailwind
|move|p2a: Gholdengo|Make It Rain|p1b: Ursaluna|[spread] p1a
|-activate|p1b: Ursaluna|move: Protect
|-resisted|p1a: Talonflame
|-damage|p1a: Talonflame|46/100
|-unboost|p2a: Gholdengo|spa|1
|move|p2b: Incineroar|Knock Off|p1a: Talonflame
|-damage|p1a: Talonflame|0 fnt
|-enditem|p1a: Talonflame|Covert Cloak|[from] move: Knock Off|[of] p2b: Incineroar
|faint|p1a: Talonflame
|
|upkeep
|
|t:|1756324614
|switch|p1a: Incineroar|Incineroar, L50, F|100/100
|-ability|p1a: Incineroar|Intimidate|boost
|-unboost|p2a: Gholdengo|atk|1
|-unboost|p2b: Incineroar|atk|1
|turn|3
|
|t:|1756324637
|switch|p2a: Garchomp|Garchomp, L50, M|100/100
|move|p1a: Incineroar|Fake Out|p2a: Garchomp
|-damage|p2a: Garchomp|89/100
|-damage|p1a: Incineroar|88/100|[from] ability: Rough Skin|[of] p2a: Garchomp
|move|p1b: Ursaluna|Hyper Voice|p2a: Garchomp|[spread] p2a,p2b
|-damage|p2a: Garchomp|53/100
|-damage|p2b: Incineroar|53/100
|move|p2b: Incineroar|U-turn|p1b: Ursaluna
|-damage|p1b: Ursaluna|56/100
|
|t:|1756324648
|switch|p2b: Gholdengo|Gholdengo, L50|100/100|[from] U-turn
|
|upkeep
|turn|4
|
|t:|1756324706
|-terastallize|p2a: Garchomp|Ground
|move|p2a: Garchomp|Stomping Tantrum|p1a: Incineroar
|-supereffective|p1a: Incineroar
|-damage|p1a: Incineroar|0 fnt
|faint|p1a: Incineroar
|-damage|p2a: Garchomp|43/100|[from] item: Life Orb
|move|p2b: Gholdengo|Make It Rain|p1b: Ursaluna
|-damage|p1b: Ursaluna|0 fnt
|-unboost|p2b: Gholdengo|spa|1
|faint|p1b: Ursaluna
|
|-sideend|p2: PutoLen35|move: Tailwind
|upkeep
|
|t:|1756324722
|switch|p1a: Indeedee|Indeedee, L50, M|100/100
|-fieldstart|move: Psychic Terrain|[from] ability: Psychic Surge|[of] p1a: Indeedee
|turn|5
|-message|royflashgordon forfeited.
|
|win|PutoLen35
|l|☆royflashgordon
|player|p1|
||PutoLen35 is ready for game 2.
||royflashgordon is ready for game 2.
|uhtml|next|Next: Game 2 of 3
