|j|☆leg pres
|j|☆captainspoon
|html|leg prescaptainspoon    
|uhtml|bestof|Game 3 of a best-of-3
|t:|1756415248
|gametype|doubles
|player|p1|leg pres|cyclist|1181
|player|p2|captainspoon|102|1144
|gen|9
|tier|[Gen 9] VGC 2025 Reg H (Bo3)
|rated|
|rule|Species Clause: Limit one of each Pokémon
|rule|Item Clause: Limit 1 of each item
|clearpoke
|poke|p1|Porygon2, L50|
|poke|p1|Hydreigon, L50, M|
|poke|p1|Incineroar, L50, M|
|poke|p1|Ursaluna, L50, F|
|poke|p1|Amoonguss, L50, M|
|poke|p1|Gholdengo, L50|
|poke|p2|Dragonite, L50, F|
|poke|p2|Gholdengo, L50|
|poke|p2|Ursaluna-Bloodmoon, L50, M|
|poke|p2|Annihilape, L50, M|
|poke|p2|Magmar, L50, M|
|poke|p2|Ninetales-Alola, L50, M|
|teampreview|4
|showteam|p1|Porygon2||Eviolite|Download|TeraBlast,IceBeam,TrickRoom,Recover||||||50|,,,,,Fighting]Hydreigon||SafetyGoggles|Levitate|Snarl,DracoMeteor,Tailwind,Protect|||M|||50|,,,,,Ghost]Incineroar||SitrusBerry|Intimidate|FlareBlitz,KnockOff,PartingShot,FakeOut|||M|||50|,,,,,Grass]Ursaluna||FlameOrb|Guts|Facade,HeadlongRush,Earthquake,Protect|||F|||50|,,,,,Ghost]Amoonguss||CovertCloak|Regenerator|PollenPuff,Spore,RagePowder,Protect|||M|||50|,,,,,Fire]Gholdengo||MetalCoat|GoodasGold|MakeItRain,ShadowBall,NastyPlot,Protect||||||50|,,,,,Flying
|showteam|p2|Dragonite||LoadedDice|Multiscale|ScaleShot,ExtremeSpeed,IceSpinner,Protect|||F|||50|,,,,,Fairy]Gholdengo||MetalCoat|GoodasGold|MakeItRain,ShadowBall,NastyPlot,Protect||||||50|,,,,,Water]Ursaluna-Bloodmoon||AssaultVest|MindsEye|BloodMoon,HyperVoice,VacuumWave,EarthPower|||M|||50|,,,,,Poison]Annihilape||SafetyGoggles|Defiant|DrainPunch,RageFist,BulkUp,Protect|||M|||50|,,,,,Water]Magmar||Eviolite|FlameBody|Overheat,ClearSmog,FollowMe,Protect|||M|||50|,,,,,Ghost]Ninetales-Alola||LightClay|SnowWarning|Blizzard,IcicleSpear,Encore,AuroraVeil|||M|||50|,,,,,Ghost
|inactive|Battle timer is ON: inactive players will automatically lose when time's up. (requested by captainspoon)
|
|t:|1756415298
|teamsize|p1|4
|teamsize|p2|4
|start
|switch|p1a: Gholdengo|Gholdengo, L50, shiny|100/100
|switch|p1b: Ursaluna|Ursaluna, L50, F|100/100
|switch|p2a: Ursaluna|Ursaluna-Bloodmoon, L50, M|100/100
|switch|p2b: Annihilape|Annihilape, L50, M|100/100
|turn|1
|
|t:|1756415320
|-terastallize|p1a: Gholdengo|Flying
|move|p1b: Ursaluna|Protect|p1b: Ursaluna
|-singleturn|p1b: Ursaluna|Protect
|move|p2b: Annihilape|Bulk Up|p2b: Annihilape
|-boost|p2b: Annihilape|atk|1
|-boost|p2b: Annihilape|def|1
|move|p1a: Gholdengo|Nasty Plot|p1a: Gholdengo
|-boost|p1a: Gholdengo|spa|2
|move|p2a: Ursaluna|Earth Power|p1a: Gholdengo
|-immune|p1a: Gholdengo
|
|-status|p1b: Ursaluna|brn|[from] item: Flame Orb
|upkeep
|turn|2
|inactive|leg pres has 30 seconds left.
|inactive|captainspoon has 30 seconds left.
|inactive|leg pres has 20 seconds left.
|inactive|captainspoon has 20 seconds left.
|inactive|leg pres has 15 seconds left.
|
|t:|1756415361
|-terastallize|p2b: Annihilape|Water
|move|p2b: Annihilape|Drain Punch|p1b: Ursaluna
|-supereffective|p1b: Ursaluna
|-damage|p1b: Ursaluna|32/100 brn
|move|p1a: Gholdengo|Shadow Ball|p2b: Annihilape
|-damage|p2b: Annihilape|18/100
|move|p2a: Ursaluna|Blood Moon|p1a: Gholdengo
|-damage|p1a: Gholdengo|14/100
|move|p1b: Ursaluna|Facade|p2a: Ursaluna
|-damage|p2a: Ursaluna|8/100
|
|-damage|p1b: Ursaluna|26/100 brn|[from] brn
|upkeep
|turn|3
|
|t:|1756415380
|move|p1a: Gholdengo|Protect|p1a: Gholdengo
|-singleturn|p1a: Gholdengo|Protect
|move|p2a: Ursaluna|Vacuum Wave|p1b: Ursaluna
|-supereffective|p1b: Ursaluna
|-damage|p1b: Ursaluna|0 fnt
|faint|p1b: Ursaluna
|move|p2b: Annihilape|Rage Fist|p1a: Gholdengo
|-activate|p1a: Gholdengo|move: Protect
|
|upkeep
|
|t:|1756415389
|switch|p1b: Hydreigon|Hydreigon, L50, M, shiny|100/100
|turn|4
|
|t:|1756415405
|move|p1b: Hydreigon|Tailwind|p1b: Hydreigon
|-sidestart|p1: leg pres|move: Tailwind
|move|p1a: Gholdengo|Make It Rain|p2a: Ursaluna|[spread] p2a,p2b
|-resisted|p2b: Annihilape
|-damage|p2a: Ursaluna|0 fnt
|-damage|p2b: Annihilape|0 fnt
|-unboost|p1a: Gholdengo|spa|1
|faint|p2a: Ursaluna
|faint|p2b: Annihilape
|
|upkeep
|
|t:|1756415412
|switch|p2b: Gholdengo|Gholdengo, L50|100/100
|switch|p2a: Magmar|Magmar, L50, M|100/100
|turn|5
|inactive|leg pres has 30 seconds left.
|
|t:|1756415438
|move|p2b: Gholdengo|Protect|p2b: Gholdengo
|-singleturn|p2b: Gholdengo|Protect
|move|p1b: Hydreigon|Snarl|p2a: Magmar|[spread] p2a
|-activate|p2b: Gholdengo|move: Protect
|-damage|p2a: Magmar|84/100
|-unboost|p2a: Magmar|spa|1
|move|p1a: Gholdengo|Shadow Ball|p2a: Magmar
|-damage|p2a: Magmar|28/100
|move|p2a: Magmar|Overheat|p1a: Gholdengo
|-crit|p1a: Gholdengo
|-damage|p1a: Gholdengo|0 fnt
|-unboost|p2a: Magmar|spa|2
|faint|p1a: Gholdengo
|
|upkeep
|
|t:|1756415440
|switch|p1a: Incineroar|Incineroar, L50, M, shiny|100/100
|-ability|p1a: Incineroar|Intimidate|boost
|-unboost|p2a: Magmar|atk|1
|-unboost|p2b: Gholdengo|atk|1
|turn|6
|
|t:|1756415460
|move|p2a: Magmar|Follow Me|p2a: Magmar
|-singleturn|p2a: Magmar|move: Follow Me
|move|p1b: Hydreigon|Snarl|p2b: Gholdengo|[spread] p2a
|-miss|p1b: Hydreigon|p2b: Gholdengo
|-damage|p2a: Magmar|11/100
|-unboost|p2a: Magmar|spa|1
|move|p1a: Incineroar|Knock Off|p2a: Magmar
|-damage|p2a: Magmar|0 fnt
|-enditem|p2a: Magmar|Eviolite|[from] move: Knock Off|[of] p1a: Incineroar
|faint|p2a: Magmar
|move|p2b: Gholdengo|Nasty Plot|p2b: Gholdengo
|-boost|p2b: Gholdengo|spa|2
|
|upkeep
|turn|7
|
|t:|1756415480
|move|p2b: Gholdengo|Protect|p2b: Gholdengo
|-singleturn|p2b: Gholdengo|Protect
|move|p1b: Hydreigon|Snarl|p2b: Gholdengo
|-activate|p2b: Gholdengo|move: Protect
|move|p1a: Incineroar|Knock Off|p2b: Gholdengo
|-activate|p2b: Gholdengo|move: Protect
|
|-sideend|p1: leg pres|move: Tailwind
|upkeep
|turn|8
|
|t:|1756415493
|move|p1b: Hydreigon|Tailwind|p1b: Hydreigon
|-sidestart|p1: leg pres|move: Tailwind
|move|p1a: Incineroar|Flare Blitz|p2b: Gholdengo
|-supereffective|p2b: Gholdengo
|-damage|p2b: Gholdengo|0 fnt
|faint|p2b: Gholdengo
|-damage|p1a: Incineroar|74/100|[from] Recoil
|
|win|leg pres
|raw|leg pres's rating: 1181 → 1203(+22 for winning)
|raw|captainspoon's rating: 1144 → 1122(-22 for losing)
|c|☆captainspoon|gg
|l|☆captainspoon
|player|p2|
|l|☆leg pres
|player|p1|
|j|☆leg pres
|player|p1|leg pres|cyclist|
