|j|☆Yato1226
|j|☆NotThinkingVGC
|html|Yato1226NotThinkingVGC    
|uhtml|bestof|Game 2 of a best-of-3
|t:|1783328227
|gametype|doubles
|player|p1|Yato1226|dragontamer|1000
|player|p2|NotThinkingVGC|volkner|1134
|gen|9
|tier|[Gen 9 Champions] VGC 2026 Reg M-B (Bo3)
|rated|
|rule|Species Clause: Limit one of each Pokémon
|rule|Item Clause: Limit 1 of each item
|clearpoke
|poke|p1|Dragalge, L50, F|
|poke|p1|Grimmsnarl, L50, M|
|poke|p1|Palafin, L50, F|
|poke|p1|Incineroar, L50, M|
|poke|p1|Sinistcha, L50|
|poke|p1|Corviknight, L50, F|
|poke|p2|Kingambit, L50, F|
|poke|p2|Charizard, L50, M|
|poke|p2|Aerodactyl, L50, F|
|poke|p2|Farigiraf, L50, F|
|poke|p2|Garchomp, L50, M|
|poke|p2|Sylveon, L50, M|
|teampreview|4
|showteam|p1|Dragalge||Dragalgite|Adaptability|SludgeBomb,DracoMeteor,Scald,Protect|Modest||F|||50|]Grimmsnarl||LightClay|Prankster|SpiritBreak,Reflect,LightScreen,PartingShot|Careful||M|||50|]Palafin||MysticWater|ZerotoHero|WaveCrash,JetPunch,CloseCombat,Protect|Adamant||F|||50|]Incineroar||SitrusBerry|Intimidate|FlareBlitz,DarkestLariat,FakeOut,PartingShot|Adamant||M|||50|]Sinistcha||ColburBerry|Hospitality|MatchaGotcha,RagePowder,TrickRoom,LifeDew|Calm|||||50|]Corviknight||Leftovers|MirrorArmor|BraveBird,BodyPress,BulkUp,Protect|Adamant||F|||50|
|showteam|p2|Kingambit||FocusSash|Defiant|KowtowCleave,IronHead,SuckerPunch,LowKick|Adamant||F|||50|]Charizard||CharizarditeY|Blaze|HeatWave,SolarBeam,WeatherBall,Protect|Modest||M|||50|]Aerodactyl||Aerodactylite|Unnerve|RockSlide,DualWingbeat,IceFang,Tailwind|Jolly||F|||50|]Farigiraf||SitrusBerry|ArmorTail|Psychic,Thunderbolt,TrickRoom,Protect|Bold||F|||50|]Garchomp||LifeOrb|RoughSkin|Earthquake,DragonClaw,StompingTantrum,Protect|Jolly||M|||50|]Sylveon||FairyFeather|Pixilate|HyperVoice,HyperBeam,QuickAttack,Protect|Modest||M|||50|
|inactive|Battle timer is ON: inactive players will automatically lose when time's up. (requested by NotThinkingVGC)
|inactive|Yato1226 has 60 seconds left.
|
|t:|1783328265
|teamsize|p1|4
|teamsize|p2|4
|start
|switch|p1a: Grimmsnarl|Grimmsnarl, L50, M|100/100
|switch|p1b: Dragalge|Dragalge, L50, F|100/100
|switch|p2a: Aerodactyl|Aerodactyl, L50, F|100/100
|switch|p2b: Sylveon|Sylveon, L50, M|100/100
|-ability|p2a: Aerodactyl|Unnerve
|turn|1
|
|t:|1783328289
|switch|p2b: Kingambit|Kingambit, L50, F|100/100
|detailschange|p2a: Aerodactyl|Aerodactyl-Mega, L50, F
|-mega|p2a: Aerodactyl|Aerodactyl|Aerodactylite
|move|p1a: Grimmsnarl|Light Screen|p1a: Grimmsnarl
|-sidestart|p1: Yato1226|move: Light Screen
|move|p2a: Aerodactyl|Tailwind|p2a: Aerodactyl
|-sidestart|p2: NotThinkingVGC|move: Tailwind
|move|p1b: Dragalge|Sludge Bomb|p2b: Kingambit
|-immune|p2b: Kingambit
|
|upkeep
|turn|2
|inactive|NotThinkingVGC has 30 seconds left.
|
|t:|1783328319
|detailschange|p1b: Dragalge|Dragalge-Mega, L50, F
|-mega|p1b: Dragalge|Dragalge|Dragalgite
|move|p1a: Grimmsnarl|Reflect|p1a: Grimmsnarl
|-sidestart|p1: Yato1226|Reflect
|move|p2a: Aerodactyl|Rock Slide|p1b: Dragalge|[spread] p1a,p1b
|-damage|p1a: Grimmsnarl|81/100
|-damage|p1b: Dragalge|80/100
|move|p2b: Kingambit|Kowtow Cleave|p1b: Dragalge
|-damage|p1b: Dragalge|47/100
|move|p1b: Dragalge|Scald|p2b: Kingambit
|-damage|p2b: Kingambit|61/100
|
|upkeep
|turn|3
|inactive|Yato1226 has 30 seconds left.
|inactive|Yato1226 has 20 seconds left.
|inactive|Yato1226 has 15 seconds left.
|
|t:|1783328361
|-heal|p1b: Dragalge|80/100|[from] ability: Regenerator|[silent]
|switch|p1b: Incineroar|Incineroar, L50, M|100/100
|-ability|p1b: Incineroar|Intimidate|boost
|-unboost|p2a: Aerodactyl|atk|1
|-unboost|p2b: Kingambit|atk|1
|-ability|p2b: Kingambit|Defiant|boost
|-boost|p2b: Kingambit|atk|2
|move|p1a: Grimmsnarl|Parting Shot|p2a: Aerodactyl
|-unboost|p2a: Aerodactyl|atk|1
|-unboost|p2a: Aerodactyl|spa|1
|
|t:|1783328371
|switch|p1a: Dragalge|Dragalge-Mega, L50, F|80/100|[from] Parting Shot
|move|p2a: Aerodactyl|Ice Fang|p1b: Incineroar
|-resisted|p1b: Incineroar|1
|-damage|p1b: Incineroar|95/100
|move|p2b: Kingambit|Iron Head|p1a: Dragalge
|-damage|p1a: Dragalge|33/100
|
|upkeep
|turn|4
|
|t:|1783328380
|move|p1b: Incineroar|Fake Out|p2b: Kingambit
|-resisted|p2b: Kingambit|1
|-crit|p2b: Kingambit
|-damage|p2b: Kingambit|54/100
|move|p2a: Aerodactyl|Rock Slide|p1a: Dragalge|[spread] p1a,p1b
|-supereffective|p1b: Incineroar|1
|-damage|p1a: Dragalge|25/100
|-damage|p1b: Incineroar|79/100
|cant|p2b: Kingambit|flinch
|move|p1a: Dragalge|Scald|p2b: Kingambit
|-damage|p2b: Kingambit|15/100
|-status|p2b: Kingambit|brn
|
|-damage|p2b: Kingambit|9/100 brn|[from] brn
|-sideend|p2: NotThinkingVGC|move: Tailwind
|upkeep
|turn|5
|inactive|Yato1226 has 30 seconds left.
|inactive|NotThinkingVGC has 30 seconds left.
|inactive|Yato1226 has 20 seconds left.
|inactive|NotThinkingVGC has 20 seconds left.
|
|t:|1783328422
|-heal|p1a: Dragalge|58/100|[from] ability: Regenerator|[silent]
|switch|p1a: Grimmsnarl|Grimmsnarl, L50, M|81/100
|move|p2a: Aerodactyl|Tailwind|p2a: Aerodactyl
|-sidestart|p2: NotThinkingVGC|move: Tailwind
|move|p2b: Kingambit|Low Kick|p1b: Incineroar
|-supereffective|p1b: Incineroar|1
|-damage|p1b: Incineroar|50/100g
|move|p1b: Incineroar|Darkest Lariat|p2b: Kingambit
|-resisted|p2b: Kingambit|1
|-damage|p2b: Kingambit|0 fnt
|faint|p2b: Kingambit
|
|upkeep
|
|t:|1783328432
|switch|p2b: Sylveon|Sylveon, L50, M|100/100
|turn|6
|
|t:|1783328446
|switch|p2a: Garchomp|Garchomp, L50, M|100/100
|move|p1a: Grimmsnarl|Parting Shot|p2b: Sylveon
|-unboost|p2b: Sylveon|atk|1
|-unboost|p2b: Sylveon|spa|1
|
|t:|1783328451
|switch|p1a: Sinistcha|Sinistcha, L50|100/100|[from] Parting Shot
|-heal|p1b: Incineroar|75/100|[from] ability: Hospitality|[of] p1a: Sinistcha
|move|p2b: Sylveon|Hyper Voice|p1b: Incineroar|[spread] p1a,p1b
|-damage|p1a: Sinistcha|79/100
|-damage|p1b: Incineroar|58/100
|move|p1b: Incineroar|Parting Shot|p2b: Sylveon
|-unboost|p2b: Sylveon|atk|1
|-unboost|p2b: Sylveon|spa|1
|
|t:|1783328461
|switch|p1b: Grimmsnarl|Grimmsnarl, L50, M|81/100|[from] Parting Shot
|
|upkeep
|turn|7
|
|t:|1783328477
|move|p1b: Grimmsnarl|Parting Shot|p2a: Garchomp
|-unboost|p2a: Garchomp|atk|1
|-unboost|p2a: Garchomp|spa|1
|
|t:|1783328482
|switch|p1b: Incineroar|Incineroar, L50, M|58/100|[from] Parting Shot
|-ability|p1b: Incineroar|Intimidate|boost
|-unboost|p2a: Garchomp|atk|1
|-unboost|p2b: Sylveon|atk|1
|move|p2a: Garchomp|Dragon Claw|p1a: Sinistcha
|-damage|p1a: Sinistcha|63/100
|-damage|p2a: Garchomp|90/100|[from] item: Life Orb
|move|p2b: Sylveon|Hyper Beam|p1b: Incineroar
|-damage|p1b: Incineroar|28/100
|-mustrecharge|p2b: Sylveon
|-enditem|p1b: Incineroar|Sitrus Berry|[eat]
|-heal|p1b: Incineroar|52/100|[from] item: Sitrus Berry
|move|p1a: Sinistcha|Trick Room|p1a: Sinistcha
|-fieldstart|move: Trick Room|[of] p1a: Sinistcha
|
|upkeep
|turn|8
|inactive|Yato1226 has 30 seconds left.
|
|t:|1783328508
|move|p1b: Incineroar|Parting Shot|p2b: Sylveon
|-unboost|p2b: Sylveon|atk|1
|-unboost|p2b: Sylveon|spa|1
|
|t:|1783328511
|switch|p1b: Dragalge|Dragalge-Mega, L50, F|58/100|[from] Parting Shot
|move|p1a: Sinistcha|Matcha Gotcha|p2b: Sylveon|[spread] p2b
|-miss|p1a: Sinistcha|p2a: Garchomp
|-damage|p2b: Sylveon|81/100
|-heal|p1a: Sinistcha|73/100|[from] drain|[of] p2b: Sylveon
|cant|p2b: Sylveon|recharge
|move|p2a: Garchomp|Stomping Tantrum|p1b: Dragalge
|-supereffective|p1b: Dragalge|1
|-damage|p1b: Dragalge|20/100y
|-damage|p2a: Garchomp|80/100|[from] item: Life Orb
|
|-sideend|p1: Yato1226|move: Light Screen
|-sideend|p2: NotThinkingVGC|move: Tailwind
|upkeep
|turn|9
|
|t:|1783328534
|move|p1b: Dragalge|Draco Meteor|p2a: Garchomp
|-supereffective|p2a: Garchomp|1
|-damage|p2a: Garchomp|0 fnt
|-unboost|p1b: Dragalge|spa|2
|faint|p2a: Garchomp
|move|p2b: Sylveon|Hyper Voice|p1a: Sinistcha|[spread] p1a,p1b
|-damage|p1a: Sinistcha|55/100
|-damage|p1b: Dragalge|8/100
|move|p1a: Sinistcha|Life Dew|p1a: Sinistcha|[spread] p1a,p1b
|-heal|p1a: Sinistcha|80/100
|-heal|p1b: Dragalge|33/100
|
|-sideend|p1: Yato1226|Reflect
|upkeep
|
|t:|1783328538
|switch|p2a: Aerodactyl|Aerodactyl-Mega, L50, F|100/100
|turn|10
|
|t:|1783328555
|-heal|p1b: Dragalge|66/100|[from] ability: Regenerator|[silent]
|switch|p1b: Incineroar|Incineroar, L50, M|52/100
|-ability|p1b: Incineroar|Intimidate|boost
|-unboost|p2a: Aerodactyl|atk|1
|-unboost|p2b: Sylveon|atk|1
|move|p1a: Sinistcha|Matcha Gotcha|p2a: Aerodactyl|[spread] p2b
|-miss|p1a: Sinistcha|p2a: Aerodactyl
|-damage|p2b: Sylveon|61/100
|-heal|p1a: Sinistcha|90/100|[from] drain|[of] p2b: Sylveon
|move|p2b: Sylveon|Hyper Voice|p1a: Sinistcha|[spread] p1a,p1b
|-damage|p1a: Sinistcha|73/100
|-damage|p1b: Incineroar|39/100
|move|p2a: Aerodactyl|Rock Slide|p1a: Sinistcha|[spread] p1a,p1b
|-supereffective|p1b: Incineroar|1
|-damage|p1a: Sinistcha|57/100
|-damage|p1b: Incineroar|8/100
|
|upkeep
|turn|11
|
|t:|1783328576
|move|p2b: Sylveon|Quick Attack|p1b: Incineroar
|-damage|p1b: Incineroar|4/100
|move|p1b: Incineroar|Parting Shot|p2a: Aerodactyl
|-unboost|p2a: Aerodactyl|atk|1
|-unboost|p2a: Aerodactyl|spa|1
|
|t:|1783328585
|switch|p1b: Grimmsnarl|Grimmsnarl, L50, M|81/100|[from] Parting Shot
|move|p1a: Sinistcha|Life Dew|p1a: Sinistcha|[spread] p1a,p1b
|-heal|p1a: Sinistcha|83/100
|-heal|p1b: Grimmsnarl|100/100
|move|p2a: Aerodactyl|Dual Wingbeat|p1a: Sinistcha
|-supereffective|p1a: Sinistcha|1
|-damage|p1a: Sinistcha|62/100
|-supereffective|p1a: Sinistcha|1
|-damage|p1a: Sinistcha|39/100
|-hitcount|p1a: Sinistcha|2
|
|-fieldend|move: Trick Room
|upkeep
|turn|12
|
|t:|1783328602
|switch|p1a: Incineroar|Incineroar, L50, M|4/100
|-ability|p1a: Incineroar|Intimidate|boost
|-unboost|p2a: Aerodactyl|atk|1
|-unboost|p2b: Sylveon|atk|1
|move|p1b: Grimmsnarl|Light Screen|p1b: Grimmsnarl
|-sidestart|p1: Yato1226|move: Light Screen
|move|p2a: Aerodactyl|Dual Wingbeat|p1a: Incineroar
|-damage|p1a: Incineroar|0 fnt
|faint|p1a: Incineroar
|-hitcount|p1: Incineroar|1
|move|p2b: Sylveon|Hyper Voice|p1b: Grimmsnarl
|-supereffective|p1b: Grimmsnarl|1
|-damage|p1b: Grimmsnarl|68/100
|
|upkeep
|
|t:|1783328611
|switch|p1a: Dragalge|Dragalge-Mega, L50, F|66/100
|turn|13
|
|t:|1783328625
|move|p2b: Sylveon|Protect|p2b: Sylveon
|-singleturn|p2b: Sylveon|Protect
|move|p1b: Grimmsnarl|Parting Shot|p2a: Aerodactyl
|-unboost|p2a: Aerodactyl|atk|1
|-unboost|p2a: Aerodactyl|spa|1
|
|t:|1783328628
|switch|p1b: Sinistcha|Sinistcha, L50|39/100|[from] Parting Shot
|-heal|p1a: Dragalge|91/100|[from] ability: Hospitality|[of] p1b: Sinistcha
|move|p2a: Aerodactyl|Tailwind|p2a: Aerodactyl
|-sidestart|p2: NotThinkingVGC|move: Tailwind
|move|p1a: Dragalge|Sludge Bomb|p2b: Sylveon
|-activate|p2b: Sylveon|move: Protect
|
|upkeep
|turn|14
|
|t:|1783328638
|switch|p1b: Grimmsnarl|Grimmsnarl, L50, M|68/100
|move|p2a: Aerodactyl|Rock Slide|p1a: Dragalge|[spread] p1a,p1b
|-crit|p1a: Dragalge
|-damage|p1a: Dragalge|49/100
|-damage|p1b: Grimmsnarl|57/100
|move|p2b: Sylveon|Hyper Voice|p1b: Grimmsnarl|[spread] p1a,p1b
|-supereffective|p1b: Grimmsnarl|1
|-damage|p1a: Dragalge|40/100
|-damage|p1b: Grimmsnarl|34/100
|move|p1a: Dragalge|Sludge Bomb|p2b: Sylveon
|-supereffective|p2b: Sylveon|1
|-damage|p2b: Sylveon|0 fnt
|faint|p2b: Sylveon
|
|upkeep
|turn|15
|
|t:|1783328655
|move|p1b: Grimmsnarl|Parting Shot|p2a: Aerodactyl
|-unboost|p2a: Aerodactyl|atk|1
|-unboost|p2a: Aerodactyl|spa|1
|
|t:|1783328657
|switch|p1b: Sinistcha|Sinistcha, L50|39/100|[from] Parting Shot
|-heal|p1a: Dragalge|65/100|[from] ability: Hospitality|[of] p1b: Sinistcha
|move|p2a: Aerodactyl|Rock Slide|p1a: Dragalge|[spread] p1a,p1b
|-damage|p1a: Dragalge|58/100
|-damage|p1b: Sinistcha|32/100
|move|p1a: Dragalge|Scald|p2a: Aerodactyl
|-supereffective|p2a: Aerodactyl|1
|-damage|p2a: Aerodactyl|40/100
|
|upkeep
|turn|16
|
|t:|1783328672
|switch|p1b: Grimmsnarl|Grimmsnarl, L50, M|34/100
|move|p2a: Aerodactyl|Rock Slide|p1a: Dragalge|[spread] p1a,p1b
|-damage|p1a: Dragalge|51/100
|-damage|p1b: Grimmsnarl|24/100
|cant|p1a: Dragalge|flinch
|
|-sideend|p2: NotThinkingVGC|move: Tailwind
|upkeep
|turn|17
|
|t:|1783328685
|move|p1b: Grimmsnarl|Parting Shot|p2a: Aerodactyl
|-unboost|p2a: Aerodactyl|atk|1
|-unboost|p2a: Aerodactyl|spa|1
|
|t:|1783328688
|switch|p1b: Sinistcha|Sinistcha, L50|32/100|[from] Parting Shot
|-heal|p1a: Dragalge|76/100|[from] ability: Hospitality|[of] p1b: Sinistcha
|move|p2a: Aerodactyl|Rock Slide|p1a: Dragalge|[spread] p1a,p1b
|-damage|p1a: Dragalge|69/100
|-damage|p1b: Sinistcha|26/100
|move|p1a: Dragalge|Scald|p2a: Aerodactyl
|-supereffective|p2a: Aerodactyl|1
|-damage|p2a: Aerodactyl|0 fnt
|faint|p2a: Aerodactyl
|
|win|Yato1226
|raw|Yato1226's rating: 1000 → 1055(+55 for winning)
|raw|NotThinkingVGC's rating: 1134 → 1100(-34 for losing)
