|j|☆Reubz123
|j|☆aviles0036
|html|Reubz123aviles0036    
|uhtml|bestof|Game 1 of a best-of-3
|t:|1757754707
|gametype|doubles
|player|p1|Reubz123|1|1188
|player|p2|aviles0036|noland-gen3|1241
|gen|9
|tier|[Gen 9] VGC 2025 Reg H (Bo3)
|rated|
|rule|Species Clause: Limit one of each Pokémon
|rule|Item Clause: Limit 1 of each item
|clearpoke
|poke|p1|Archaludon, L50, M|
|poke|p1|Weavile, L50, F|
|poke|p1|Pelipper, L50, F|
|poke|p1|Basculegion, L50, M|
|poke|p1|Farigiraf, L50, M|
|poke|p1|Amoonguss, L50, F|
|poke|p2|Amoonguss, L50, F|
|poke|p2|Sneasler, L50, F|
|poke|p2|Gholdengo, L50|
|poke|p2|Incineroar, L50, F|
|poke|p2|Ursaluna-Bloodmoon, L50, M|
|poke|p2|Dragonite, L50, F|
|teampreview|4
|showteam|p1|Archaludon||AssaultVest|Stamina|ElectroShot,BodyPress,DracoMeteor,FlashCannon|||M|||50|,,,,,Bug]Weavile||FocusSash|Pickpocket|FakeOut,Snarl,IceSpinner,BeatUp|||F|||50|,,,,,Ghost]Pelipper||CovertCloak|Drizzle|Hurricane,WeatherBall,WideGuard,Tailwind|||F|||50|,,,,,Grass]Basculegion||ChoiceBand|SwiftSwim|WaveCrash,FlipTurn,AquaJet,LastRespects|||M|||50|,,,,,Water]Farigiraf||SafetyGoggles|ArmorTail|TwinBeam,HelpingHand,TrickRoom,Imprison|||M|||50|,,,,,Fairy]Amoonguss||SitrusBerry|Regenerator|Spore,RagePowder,PollenPuff,Protect|||F|||50|,,,,,Water
|showteam|p2|Amoonguss||SitrusBerry|Regenerator|RagePowder,Spore,PollenPuff,Protect|||F|||50|,,,,,Water]Sneasler||FocusSash|Unburden|Protect,DireClaw,CloseCombat,ThroatChop|||F|||50|,,,,,Stellar]Gholdengo||LifeOrb|GoodasGold|Protect,MakeItRain,ShadowBall,NastyPlot||||||50|,,,,,Water]Incineroar||SafetyGoggles|Intimidate|KnockOff,PartingShot,FlareBlitz,FakeOut|||F|||50|,,,,,Ghost]Ursaluna-Bloodmoon||AssaultVest|MindsEye|BloodMoon,EarthPower,VacuumWave,HyperVoice|||M|||50|,,,,,Water]Dragonite||LoadedDice|Multiscale|ScaleShot,Tailwind,Haze,Protect|||F|||50|,,,,,Fairy
|inactive|Battle timer is ON: inactive players will automatically lose when time's up. (requested by Reubz123)
|inactive|Reubz123 has 60 seconds left.
|inactive|aviles0036 has 60 seconds left.
|
|t:|1757754758
|teamsize|p1|4
|teamsize|p2|4
|start
|switch|p1a: Basculegion|Basculegion, L50, M|100/100
|switch|p1b: Pelipper|Pelipper, L50, F|100/100
|switch|p2a: Dragonite|Dragonite, L50, F|100/100
|switch|p2b: Sneasler|Sneasler, L50, F|100/100
|-weather|RainDance|[from] ability: Drizzle|[of] p1b: Pelipper
|turn|1
|
|t:|1757754775
|move|p1a: Basculegion|Flip Turn|p2a: Dragonite
|-resisted|p2a: Dragonite
|-damage|p2a: Dragonite|83/100
|
|t:|1757754780
|switch|p1a: Archaludon|Archaludon, L50, M|100/100|[from] Flip Turn
|move|p2b: Sneasler|Dire Claw|p1b: Pelipper
|-damage|p1b: Pelipper|60/100
|move|p2a: Dragonite|Scale Shot|p1b: Pelipper
|-crit|p1b: Pelipper
|-damage|p1b: Pelipper|37/100
|-damage|p1b: Pelipper|19/100
|-damage|p1b: Pelipper|4/100
|-damage|p1b: Pelipper|0 fnt
|faint|p1b: Pelipper
|-hitcount|p1: Pelipper|4
|-unboost|p2a: Dragonite|def|1
|-boost|p2a: Dragonite|spe|1
|
|-weather|RainDance|[upkeep]
|upkeep
|
|t:|1757754786
|switch|p1b: Farigiraf|Farigiraf, L50, M|100/100
|turn|2
|
|t:|1757754810
|-terastallize|p1a: Archaludon|Bug
|move|p2a: Dragonite|Scale Shot|p1b: Farigiraf
|-damage|p1b: Farigiraf|88/100
|-damage|p1b: Farigiraf|76/100
|-damage|p1b: Farigiraf|62/100
|-damage|p1b: Farigiraf|50/100
|-hitcount|p1b: Farigiraf|4
|-unboost|p2a: Dragonite|def|1
|-boost|p2a: Dragonite|spe|1
|move|p2b: Sneasler|Throat Chop|p1b: Farigiraf
|-supereffective|p1b: Farigiraf
|-damage|p1b: Farigiraf|3/100
|-start|p1b: Farigiraf|Throat Chop|[silent]
|move|p1a: Archaludon|Electro Shot||[still]
|-prepare|p1a: Archaludon|Electro Shot
|-boost|p1a: Archaludon|spa|1
|-anim|p1a: Archaludon|Electro Shot|p2a: Dragonite
|-damage|p2a: Dragonite|14/100
|move|p1b: Farigiraf|Trick Room|p1b: Farigiraf
|-fieldstart|move: Trick Room|[of] p1b: Farigiraf
|
|-weather|RainDance|[upkeep]
|upkeep
|turn|3
|
|t:|1757754832
|switch|p2b: Ursaluna|Ursaluna-Bloodmoon, L50, M|100/100
|move|p1b: Farigiraf|Twin Beam|p2b: Ursaluna
|-damage|p2b: Ursaluna|88/100
|-damage|p2b: Ursaluna|76/100
|-hitcount|p2b: Ursaluna|2
|move|p1a: Archaludon|Electro Shot||[still]
|-prepare|p1a: Archaludon|Electro Shot
|-boost|p1a: Archaludon|spa|1
|-anim|p1a: Archaludon|Electro Shot|p2a: Dragonite
|-damage|p2a: Dragonite|0 fnt
|faint|p2a: Dragonite
|
|-weather|RainDance|[upkeep]
|-end|p1b: Farigiraf|Throat Chop|[silent]
|upkeep
|
|t:|1757754843
|switch|p2a: Incineroar|Incineroar, L50, F|100/100
|-ability|p2a: Incineroar|Intimidate|boost
|-unboost|p1a: Archaludon|atk|1
|-unboost|p1b: Farigiraf|atk|1
|turn|4
|
|t:|1757754862
|switch|p1b: Basculegion|Basculegion, L50, M|100/100
|move|p2b: Ursaluna|Hyper Voice|p1b: Basculegion|[spread] p1a,p1b
|-damage|p1a: Archaludon|79/100
|-damage|p1b: Basculegion|64/100
|-ability|p1a: Archaludon|Stamina|boost
|-boost|p1a: Archaludon|def|1
|move|p2a: Incineroar|Knock Off|p1a: Archaludon
|-damage|p1a: Archaludon|57/100
|-ability|p1a: Archaludon|Stamina|boost
|-boost|p1a: Archaludon|def|1
|-enditem|p1a: Archaludon|Assault Vest|[from] move: Knock Off|[of] p2a: Incineroar
|move|p1a: Archaludon|Body Press|p2b: Ursaluna
|-supereffective|p2b: Ursaluna
|-damage|p2b: Ursaluna|2/100
|
|-weather|RainDance|[upkeep]
|upkeep
|turn|5
|inactive|aviles0036 has 30 seconds left.
|
|t:|1757754887
|-terastallize|p2a: Incineroar|Ghost
|move|p1b: Basculegion|Aqua Jet|p2b: Ursaluna
|-supereffective|p2b: Ursaluna
|-damage|p2b: Ursaluna|0 fnt
|faint|p2b: Ursaluna
|move|p2a: Incineroar|Knock Off|p1b: Basculegion
|-supereffective|p1b: Basculegion
|-damage|p1b: Basculegion|0 fnt
|-enditem|p1b: Basculegion|Choice Band|[from] move: Knock Off|[of] p2a: Incineroar
|faint|p1b: Basculegion
|move|p1a: Archaludon|Body Press|p2a: Incineroar
|-immune|p2a: Incineroar
|
|-weather|none
|upkeep
|
|t:|1757754892
|switch|p2b: Sneasler|Sneasler, L50, F|100/100
|switch|p1b: Farigiraf|Farigiraf, L50, M|3/100
|turn|6
|inactive|Reubz123 has 30 seconds left.
|
|t:|1757754925
|move|p2b: Sneasler|Protect|p2b: Sneasler
|-singleturn|p2b: Sneasler|Protect
|move|p1b: Farigiraf|Twin Beam|p2b: Sneasler
|-activate|p2b: Sneasler|move: Protect
|move|p2a: Incineroar|Knock Off|p1b: Farigiraf
|-supereffective|p1b: Farigiraf
|-damage|p1b: Farigiraf|0 fnt
|-enditem|p1b: Farigiraf|Safety Goggles|[from] move: Knock Off|[of] p2a: Incineroar
|faint|p1b: Farigiraf
|move|p1a: Archaludon|Draco Meteor|p2a: Incineroar
|-damage|p2a: Incineroar|0 fnt
|-unboost|p1a: Archaludon|spa|2
|faint|p2a: Incineroar
|
|-fieldend|move: Trick Room
|upkeep
|turn|7
|c|☆Reubz123|gg
|inactive|aviles0036 has 30 seconds left.
|inactive|aviles0036 has 20 seconds left.
|
|t:|1757754960
|move|p2b: Sneasler|Dire Claw|p1a: Archaludon
|-damage|p1a: Archaludon|42/100
|-status|p1a: Archaludon|psn
|-ability|p1a: Archaludon|Stamina|boost
|-boost|p1a: Archaludon|def|1
|move|p1a: Archaludon|Draco Meteor|p2b: Sneasler
|-damage|p2b: Sneasler|19/100
|-unboost|p1a: Archaludon|spa|2
|
|-damage|p1a: Archaludon|29/100 psn|[from] psn
|upkeep
|turn|8
|
|t:|1757754972
|move|p2b: Sneasler|Protect|p2b: Sneasler
|-singleturn|p2b: Sneasler|Protect
|move|p1a: Archaludon|Body Press|p2b: Sneasler
|-activate|p2b: Sneasler|move: Protect
|
|-damage|p1a: Archaludon|17/100 psn|[from] psn
|upkeep
|turn|9
|
|t:|1757754980
|move|p2b: Sneasler|Protect|p2b: Sneasler
|-singleturn|p2b: Sneasler|Protect
|move|p1a: Archaludon|Body Press|p2b: Sneasler
|-activate|p2b: Sneasler|move: Protect
|
|-damage|p1a: Archaludon|5/100 psn|[from] psn
|upkeep
|turn|10
|c|☆Reubz123|:heart:
|
|t:|1757754988
|move|p2b: Sneasler|Dire Claw|p1a: Archaludon
|-damage|p1a: Archaludon|0 fnt
|faint|p1a: Archaludon
|
|win|aviles0036
||Reubz123 is ready for game 2.
|c|☆aviles0036|jajaja sry
||aviles0036 is ready for game 2.
|uhtml|next|Next: Game 2 of 3
|l|☆aviles0036
|player|p2|
|c|☆Reubz123|it's fine
|l|☆Reubz123
|player|p1|
