|j|☆raksbach
|j|‽Kxkslalal
|html|raksbachKxkslalal    
|uhtml|bestof|Game 1 of a best-of-3
|t:|1783687421
|gametype|doubles
|player|p1|raksbach|169|1127
|player|p2|Kxkslalal|169|1000
|gen|9
|tier|[Gen 9 Champions] VGC 2026 Reg M-B (Bo3)
|rated|
|rule|Species Clause: Limit one of each Pokémon
|rule|Item Clause: Limit 1 of each item
|clearpoke
|poke|p1|Incineroar, L50, F|
|poke|p1|Maushold, L50|
|poke|p1|Sinistcha, L50|
|poke|p1|Sneasler, L50, F|
|poke|p1|Blastoise, L50, M|
|poke|p1|Delphox, L50, F|
|poke|p2|Whimsicott, L50, M|
|poke|p2|Scizor, L50, F|
|poke|p2|Pelipper, L50, F|
|poke|p2|Manectric, L50, F|
|poke|p2|Basculegion, L50, M|
|poke|p2|Blastoise, L50, M|
|teampreview|4
|showteam|p1|Incineroar||SitrusBerry|Intimidate|FakeOut,FlareBlitz,DarkestLariat,PartingShot|Impish||F|||50|]Maushold||ChopleBerry|FriendGuard|SuperFang,FollowMe,Protect,Feint|Impish|||||50|]Sinistcha||OccaBerry|Hospitality|MatchaGotcha,LifeDew,RagePowder,Protect|Bold|||||50|]Sneasler||FocusSash|PoisonTouch|FakeOut,CloseCombat,DireClaw,QuickGuard|Jolly||F|||50|]Blastoise||Blastoisinite|Torrent|WaterSpout,DarkPulse,ShellSmash,Protect|Modest||M|||50|]Delphox||Delphoxite|Blaze|HeatWave,Psychic,NastyPlot,Protect|Timid||F|||50|
|showteam|p2|Whimsicott||MentalHerb|Prankster|Tailwind,Taunt,DazzlingGleam,Uturn|Calm||M|||50|]Scizor||MetalCoat|Swarm|SwordsDance,BulletPunch,Protect,StruggleBug|Careful||F|||50|]Pelipper||DampRock|Drizzle|WideGuard,Hurricane,WeatherBall,Uturn|Modest||F|||50|]Manectric||Magnet|LightningRod|Thunder,Overheat,Protect,VoltSwitch|Modest||F|||50|]Basculegion||LifeOrb|Adaptability|WaveCrash,LastRespects,FlipTurn,Protect|Jolly||M|||50|]Blastoise||Blastoisinite|Torrent|Protect,WeatherBall,AuraSphere,ShellSmash|Modest||M|||50|
|inactive|Battle timer is ON: inactive players will automatically lose when time's up. (requested by raksbach)
|inactive|raksbach has 60 seconds left.
|inactive|Kxkslalal has 60 seconds left.
|inactive|Kxkslalal has 30 seconds left.
|
|t:|1783687486
|teamsize|p1|4
|teamsize|p2|4
|start
|switch|p1a: Sinistcha|Sinistcha, L50|100/100
|switch|p1b: Blastoise|Blastoise, L50, M|100/100
|switch|p2a: Blastoise|Blastoise, L50, M|100/100
|switch|p2b: Whimsicott|Whimsicott, L50, M|100/100
|turn|1
|
|t:|1783687509
|detailschange|p2a: Blastoise|Blastoise-Mega, L50, M
|-mega|p2a: Blastoise|Blastoise|Blastoisinite
|detailschange|p1b: Blastoise|Blastoise-Mega, L50, M
|-mega|p1b: Blastoise|Blastoise|Blastoisinite
|move|p2b: Whimsicott|Tailwind|p2b: Whimsicott
|-sidestart|p2: Kxkslalal|move: Tailwind
|move|p2a: Blastoise|Shell Smash|p2a: Blastoise
|-unboost|p2a: Blastoise|def|1
|-unboost|p2a: Blastoise|spd|1
|-boost|p2a: Blastoise|atk|2
|-boost|p2a: Blastoise|spa|2
|-boost|p2a: Blastoise|spe|2
|move|p1b: Blastoise|Dark Pulse|p2a: Blastoise
|-damage|p2a: Blastoise|30/100
|move|p1a: Sinistcha|Matcha Gotcha|p2b: Whimsicott|[spread] p2a,p2b
|-supereffective|p2a: Blastoise|1
|-resisted|p2b: Whimsicott|1
|-damage|p2a: Blastoise|0 fnt
|-damage|p2b: Whimsicott|88/100
|-status|p2b: Whimsicott|brn
|faint|p2a: Blastoise
|
|-damage|p2b: Whimsicott|82/100 brn|[from] brn
|upkeep
|
|t:|1783687528
|switch|p2a: Pelipper|Pelipper, L50, F|100/100
|-weather|RainDance|[from] ability: Drizzle|[of] p2a: Pelipper
|turn|2
|
|t:|1783687543
|move|p1a: Sinistcha|Protect|p1a: Sinistcha
|-singleturn|p1a: Sinistcha|Protect
|move|p2a: Pelipper|Wide Guard|p2a: Pelipper
|-singleturn|p2a: Pelipper|Wide Guard
|move|p2b: Whimsicott|U-turn|p1b: Blastoise
|-damage|p1b: Blastoise|94/100
|
|t:|1783687551
|switch|p2b: Scizor|Scizor, L50, F|100/100|[from] U-turn
|move|p1b: Blastoise|Dark Pulse|p2a: Pelipper
|-damage|p2a: Pelipper|34/100
|
|-weather|RainDance|[upkeep]
|upkeep
|turn|3
|
|t:|1783687576
|move|p2a: Pelipper|Wide Guard|p2a: Pelipper
|-singleturn|p2a: Pelipper|Wide Guard
|move|p1a: Sinistcha|Rage Powder|p1a: Sinistcha
|-singleturn|p1a: Sinistcha|move: Rage Powder
|move|p2b: Scizor|Swords Dance|p2b: Scizor
|-boost|p2b: Scizor|atk|2
|move|p1b: Blastoise|Dark Pulse|p2b: Scizor
|-damage|p2b: Scizor|55/100
|
|-weather|RainDance|[upkeep]
|upkeep
|turn|4
|
|t:|1783687596
|move|p1a: Sinistcha|Rage Powder|p1a: Sinistcha
|-singleturn|p1a: Sinistcha|move: Rage Powder
|move|p2a: Pelipper|Hurricane|p1a: Sinistcha
|-supereffective|p1a: Sinistcha|1
|-damage|p1a: Sinistcha|4/100
|move|p2b: Scizor|Struggle Bug|p1b: Blastoise|[spread] p1a,p1b
|-crit|p1b: Blastoise
|-damage|p1a: Sinistcha|0 fnt
|-damage|p1b: Blastoise|83/100
|-unboost|p1b: Blastoise|spa|1
|faint|p1a: Sinistcha
|move|p1b: Blastoise|Shell Smash|p1b: Blastoise
|-unboost|p1b: Blastoise|def|1
|-unboost|p1b: Blastoise|spd|1
|-boost|p1b: Blastoise|atk|2
|-boost|p1b: Blastoise|spa|2
|-boost|p1b: Blastoise|spe|2
|
|-weather|RainDance|[upkeep]
|-sideend|p2: Kxkslalal|move: Tailwind
|upkeep
|
|t:|1783687616
|switch|p1a: Sneasler|Sneasler, L50, F|100/100
|turn|5
|
|t:|1783687627
|move|p2b: Scizor|Protect|p2b: Scizor
|-singleturn|p2b: Scizor|Protect
|move|p1a: Sneasler|Fake Out|p2b: Scizor
|-activate|p2b: Scizor|move: Protect
|move|p1b: Blastoise|Dark Pulse|p2a: Pelipper
|-crit|p2a: Pelipper
|-damage|p2a: Pelipper|0 fnt
|faint|p2a: Pelipper
|
|-weather|RainDance|[upkeep]
|upkeep
|
|t:|1783687637
|switch|p2a: Whimsicott|Whimsicott, L50, M|82/100 brn
|turn|6
|
|t:|1783687658
|move|p1b: Blastoise|Protect|p1b: Blastoise
|-singleturn|p1b: Blastoise|Protect
|move|p2b: Scizor|Bullet Punch|p1b: Blastoise
|-activate|p1b: Blastoise|move: Protect
|move|p1a: Sneasler|Dire Claw|p2a: Whimsicott
|-supereffective|p2a: Whimsicott|2
|-damage|p2a: Whimsicott|0 fnt
|faint|p2a: Whimsicott
|
|-weather|RainDance|[upkeep]
|upkeep
|turn|7
|
|t:|1783687673
|move|p1a: Sneasler|Quick Guard|p1a: Sneasler
|-singleturn|p1a: Sneasler|Quick Guard
|move|p2b: Scizor|Bullet Punch|p1b: Blastoise
|-activate|p1b: Blastoise|move: Quick Guard
|move|p1b: Blastoise|Water Spout|p2b: Scizor
|-damage|p2b: Scizor|0 fnt
|faint|p2b: Scizor
|
|win|raksbach
