|j|☆TeyVgc
|j|☆BoloinaBox
|html|TeyVgcBoloinaBox    
|uhtml|bestof|Game 1 of a best-of-3
|t:|1757109427
|gametype|doubles
|player|p1|TeyVgc|101|1274
|player|p2|BoloinaBox|170|1202
|gen|9
|tier|[Gen 9] VGC 2025 Reg H (Bo3)
|rated|
|rule|Species Clause: Limit one of each Pokémon
|rule|Item Clause: Limit 1 of each item
|clearpoke
|poke|p1|Gholdengo, L50|
|poke|p1|Dragonite, L50, M|
|poke|p1|Sneasler, L50, M|
|poke|p1|Incineroar, L50, F|
|poke|p1|Indeedee, L50, M|
|poke|p1|Gastrodon, L50, M|
|poke|p2|Annihilape, L50, F|
|poke|p2|Sinistcha, L50|
|poke|p2|Maushold-Four, L50|
|poke|p2|Klefki, L50, F|
|poke|p2|Ursaluna-Bloodmoon, L50, M|
|poke|p2|Ninetales-Alola, L50, F|
|teampreview|4
|showteam|p1|Gholdengo||LifeOrb|GoodasGold|Protect,MakeItRain,ShadowBall,NastyPlot||||||50|,,,,,Water]Dragonite||LoadedDice|Multiscale|ScaleShot,Tailwind,Haze,Protect|||M|||50|,,,,,Fairy]Sneasler||PsychicSeed|Unburden|Protect,DireClaw,CloseCombat,ThroatChop|||M|||50|,,,,,Dark]Incineroar||SafetyGoggles|Intimidate|KnockOff,PartingShot,FlareBlitz,FakeOut|||F|||50|,,,,,Ghost]Indeedee||FocusSash|PsychicSurge|ExpandingForce,TrickRoom,Imprison,TeraBlast|||M|||50|,,,,,Fighting]Gastrodon||Leftovers|StormDrain|EarthPower,Yawn,Recover,IceBeam|||M|||50|,,,,,Poison
|showteam|p2|Annihilape||Leftovers|Defiant|Protect,BulkUp,DrainPunch,RageFist|||F|||50|,,,,,Fire]Sinistcha||SitrusBerry|Hospitality|MatchaGotcha,TrickRoom,LifeDew,RagePowder||||||50|,,,,,Water]Maushold-Four||SafetyGoggles|FriendGuard|FollowMe,Taunt,BeatUp,Protect||||||50|,,,,,Ghost]Klefki||LightClay|Prankster|Reflect,LightScreen,MistyTerrain,DazzlingGleam|||F|||50|,,,,,Ghost]Ursaluna-Bloodmoon||AssaultVest|MindsEye|BloodMoon,HyperVoice,EarthPower,VacuumWave|||M|||50|,,,,,Water]Ninetales-Alola||FocusSash|SnowWarning|Protect,Encore,FreezeDry,Blizzard|||F|||50|,,,,,Ghost
|inactive|Battle timer is ON: inactive players will automatically lose when time's up. (requested by BoloinaBox)
|inactive|TeyVgc has 60 seconds left.
|inactive|BoloinaBox has 60 seconds left.
|inactive|TeyVgc has 30 seconds left.
|inactive|TeyVgc has 20 seconds left.
|inactive|TeyVgc has 15 seconds left.
|
|t:|1757109506
|teamsize|p1|4
|teamsize|p2|4
|start
|switch|p1a: Dragonite|Dragonite, L50, M|100/100
|switch|p1b: Gholdengo|Gholdengo, L50|100/100
|switch|p2a: Annihilape|Annihilape, L50, F, shiny|100/100
|switch|p2b: Klefki|Klefki, L50, F|100/100
|turn|1
|inactive|BoloinaBox has 30 seconds left.
|inactive|BoloinaBox has 20 seconds left.
|inactive|BoloinaBox has 15 seconds left.
|
|t:|1757109546
|move|p2a: Annihilape|Protect|p2a: Annihilape
|-singleturn|p2a: Annihilape|Protect
|move|p2b: Klefki|Light Screen|p2b: Klefki
|-sidestart|p2: BoloinaBox|move: Light Screen
|move|p1b: Gholdengo|Nasty Plot|p1b: Gholdengo
|-boost|p1b: Gholdengo|spa|2
|move|p1a: Dragonite|Tailwind|p1a: Dragonite
|-sidestart|p1: TeyVgc|move: Tailwind
|
|upkeep
|turn|2
|inactive|TeyVgc has 30 seconds left.
|inactive|BoloinaBox has 30 seconds left.
|inactive|TeyVgc has 20 seconds left.
|
|t:|1757109585
|switch|p1a: Indeedee|Indeedee, L50, M|100/100
|-fieldstart|move: Psychic Terrain|[from] ability: Psychic Surge|[of] p1a: Indeedee
|-terastallize|p2a: Annihilape|Fire
|move|p2b: Klefki|Misty Terrain|p2b: Klefki
|-fieldstart|move: Misty Terrain
|move|p1b: Gholdengo|Make It Rain|p2a: Annihilape|[spread] p2a,p2b
|-resisted|p2a: Annihilape
|-crit|p2b: Klefki
|-damage|p2a: Annihilape|67/100
|-damage|p2b: Klefki|0 fnt
|-unboost|p1b: Gholdengo|spa|1
|faint|p2b: Klefki
|-damage|p1b: Gholdengo|91/100|[from] item: Life Orb
|move|p2a: Annihilape|Rage Fist|p1b: Gholdengo
|-supereffective|p1b: Gholdengo
|-damage|p1b: Gholdengo|11/100
|
|-heal|p2a: Annihilape|73/100|[from] item: Leftovers
|upkeep
|
|t:|1757109609
|switch|p2b: Sinistcha|Sinistcha, L50|100/100
|-heal|p2a: Annihilape|98/100|[from] ability: Hospitality|[of] p2b: Sinistcha
|turn|3
|
|t:|1757109628
|move|p1b: Gholdengo|Protect|p1b: Gholdengo
|-singleturn|p1b: Gholdengo|Protect
|move|p1a: Indeedee|Imprison|p1a: Indeedee
|-start|p1a: Indeedee|move: Imprison
|move|p2a: Annihilape|Bulk Up|p2a: Annihilape
|-boost|p2a: Annihilape|atk|1
|-boost|p2a: Annihilape|def|1
|cant|p2b: Sinistcha|move: Imprison|Trick Room
|
|-heal|p2a: Annihilape|100/100|[from] item: Leftovers
|upkeep
|turn|4
|inactive|TeyVgc has 30 seconds left.
|inactive|BoloinaBox has 30 seconds left.
|inactive|TeyVgc has 20 seconds left.
|inactive|BoloinaBox has 20 seconds left.
|inactive|TeyVgc has 15 seconds left.
|inactive|BoloinaBox has 15 seconds left.
|inactive|TeyVgc has 10 seconds left.
|
|t:|1757109676
|move|p1a: Indeedee|Expanding Force|p2b: Sinistcha
|-damage|p2b: Sinistcha|76/100
|move|p1b: Gholdengo|Shadow Ball|p2b: Sinistcha
|-supereffective|p2b: Sinistcha
|-damage|p2b: Sinistcha|0 fnt
|faint|p2b: Sinistcha
|-damage|p1b: Gholdengo|1/100|[from] item: Life Orb
|move|p2a: Annihilape|Rage Fist|p1b: Gholdengo
|-supereffective|p1b: Gholdengo
|-damage|p1b: Gholdengo|0 fnt
|faint|p1b: Gholdengo
|
|-sideend|p1: TeyVgc|move: Tailwind
|upkeep
|
|t:|1757109693
|switch|p1b: Sneasler|Sneasler, L50, M|100/100
|switch|p2b: Ursaluna|Ursaluna-Bloodmoon, L50, M|100/100
|turn|5
|inactive|BoloinaBox has 30 seconds left.
|inactive|BoloinaBox has 20 seconds left.
|inactive|BoloinaBox has 15 seconds left.
|
|t:|1757109735
|switch|p1a: Dragonite|Dragonite, L50, M|100/100
|move|p1b: Sneasler|Protect|p1b: Sneasler
|-singleturn|p1b: Sneasler|Protect
|move|p2b: Ursaluna|Vacuum Wave|p1a: Dragonite
|-resisted|p1a: Dragonite
|-damage|p1a: Dragonite|97/100
|move|p2a: Annihilape|Drain Punch|p1a: Dragonite
|-resisted|p1a: Dragonite
|-crit|p1a: Dragonite
|-damage|p1a: Dragonite|55/100
|
|upkeep
|turn|6
|
|t:|1757109759
|move|p1b: Sneasler|Close Combat|p2b: Ursaluna
|-supereffective|p2b: Ursaluna
|-damage|p2b: Ursaluna|19/100
|-unboost|p1b: Sneasler|def|1
|-unboost|p1b: Sneasler|spd|1
|move|p2a: Annihilape|Rage Fist|p1b: Sneasler
|-damage|p1b: Sneasler|0 fnt
|faint|p1b: Sneasler
|move|p1a: Dragonite|Scale Shot|p2b: Ursaluna
|-damage|p2b: Ursaluna|13/100
|-damage|p2b: Ursaluna|8/100
|-damage|p2b: Ursaluna|3/100
|-damage|p2b: Ursaluna|0 fnt
|faint|p2b: Ursaluna
|-hitcount|p2: Ursaluna|4
|-unboost|p1a: Dragonite|def|1
|-boost|p1a: Dragonite|spe|1
|
|-fieldend|Misty Terrain
|upkeep
|
|t:|1757109773
|switch|p1b: Indeedee|Indeedee, L50, M|100/100
|-fieldstart|move: Psychic Terrain|[from] ability: Psychic Surge|[of] p1b: Indeedee
|turn|7
|
|t:|1757109787
|move|p1a: Dragonite|Haze|p1a: Dragonite
|-clearallboost
|move|p1b: Indeedee|Expanding Force|p2a: Annihilape
|-damage|p2a: Annihilape|57/100
|move|p2a: Annihilape|Drain Punch|p1b: Indeedee
|-damage|p1b: Indeedee|40/100
|-heal|p2a: Annihilape|77/100|[from] drain|[of] p1b: Indeedee
|
|-heal|p2a: Annihilape|83/100|[from] item: Leftovers
|upkeep
|turn|8
|
|t:|1757109807
|move|p1b: Indeedee|Expanding Force|p2a: Annihilape
|-damage|p2a: Annihilape|38/100
|move|p2a: Annihilape|Drain Punch|p1b: Indeedee
|-damage|p1b: Indeedee|0 fnt
|-heal|p2a: Annihilape|51/100|[from] drain|[of] p1b: Indeedee
|faint|p1b: Indeedee
|move|p1a: Dragonite|Scale Shot|p2a: Annihilape
|-damage|p2a: Annihilape|36/100
|-damage|p2a: Annihilape|22/100
|-damage|p2a: Annihilape|7/100
|-damage|p2a: Annihilape|0 fnt
|faint|p2a: Annihilape
|-hitcount|p2: Annihilape|4
|
|win|TeyVgc
