|j|☆RouletteVGC
|j|☆PokeLucho
|html|RouletteVGCPokeLucho    
|uhtml|bestof|Game 1 of a best-of-3
|t:|1756672387
|gametype|doubles
|player|p1|RouletteVGC|ghetsis|1058
|player|p2|PokeLucho|101|1089
|gen|9
|tier|[Gen 9] VGC 2025 Reg H (Bo3)
|rated|
|rule|Species Clause: Limit one of each Pokémon
|rule|Item Clause: Limit 1 of each item
|clearpoke
|poke|p1|Basculegion, L50, M|
|poke|p1|Politoed, L50, F|
|poke|p1|Gothitelle, L50, F|
|poke|p1|Ursaluna, L50, M|
|poke|p1|Sneasler, L50, M|
|poke|p1|Rillaboom, L50, F|
|poke|p2|Electabuzz, L50, M|
|poke|p2|Kingambit, L50, F|
|poke|p2|Rillaboom, L50, F|
|poke|p2|Sneasler, L50, F|
|poke|p2|Volcarona, L50, M|
|poke|p2|Dragonite, L50, M|
|teampreview|4
|showteam|p1|Basculegion||ChoiceBand|SwiftSwim|WaveCrash,FlipTurn,LastRespects,IceFang|||M|||50|,,,,,Stellar]Politoed||Leftovers|Drizzle|WeatherBall,Encore,PerishSong,Protect|||F|||50|,,,,,Grass]Gothitelle||SitrusBerry|ShadowTag|Psychic,FakeOut,TrickRoom,Protect|||F|||50|,,,,,Dark]Ursaluna||FlameOrb|Guts|Facade,HighHorsepower,CloseCombat,Protect|||M|||50|,,,,,Ghost]Sneasler||GrassySeed|Unburden|DireClaw,CloseCombat,ThroatChop,Protect|||M|||50|,,,,,Dark]Rillaboom||AssaultVest|GrassySurge|GrassyGlide,DrumBeating,FakeOut,Uturn|||F|||50|,,,,,Fire
|showteam|p2|Electabuzz||Eviolite|VitalSpirit|Thunderbolt,Taunt,FollowMe,Protect|||M|||50|,,,,,Ghost]Kingambit||BlackGlasses|Defiant|KowtowCleave,SuckerPunch,SwordsDance,Protect|||F|||50|,,,,,Dark]Rillaboom||AssaultVest|GrassySurge|FakeOut,HighHorsepower,WoodHammer,GrassyGlide|||F|||50|,,,,,Fire]Sneasler||FocusSash|PoisonTouch|DireClaw,CloseCombat,FakeOut,Coaching|||F|||50|,,,,,Stellar]Volcarona||Leftovers|FlameBody|HeatWave,TeraBlast,QuiverDance,Protect|||M|||50|,,,,,Fairy]Dragonite||LoadedDice|Multiscale|ExtremeSpeed,ScaleShot,Protect,Haze|||M|||50|,,,,,Steel
|inactive|Battle timer is ON: inactive players will automatically lose when time's up. (requested by RouletteVGC)
|inactive|PokeLucho has 60 seconds left.
|
|t:|1756672441
|teamsize|p1|4
|teamsize|p2|4
|start
|switch|p1a: Politoed|Politoed, L50, F, shiny|100/100
|switch|p1b: Basculegion|Basculegion, L50, M, shiny|100/100
|switch|p2a: Electabuzz|Electabuzz, L50, M|100/100
|switch|p2b: Kingambit|Kingambit, L50, F|100/100
|-weather|RainDance|[from] ability: Drizzle|[of] p1a: Politoed
|turn|1
|inactive|RouletteVGC has 30 seconds left.
|inactive|PokeLucho has 30 seconds left.
|
|t:|1756672472
|switch|p1b: Rillaboom|Rillaboom, L50, F|100/100
|-fieldstart|move: Grassy Terrain|[from] ability: Grassy Surge|[of] p1b: Rillaboom
|move|p1a: Politoed|Protect|p1a: Politoed
|-singleturn|p1a: Politoed|Protect
|move|p2b: Kingambit|Sucker Punch||[still]
|-fail|p2b: Kingambit
|move|p2a: Electabuzz|Taunt|p1a: Politoed
|-activate|p1a: Politoed|move: Protect
|
|-weather|RainDance|[upkeep]
|upkeep
|turn|2
|inactive|PokeLucho has 30 seconds left.
|inactive|PokeLucho has 20 seconds left.
|
|t:|1756672512
|move|p2a: Electabuzz|Taunt|p1a: Politoed
|-start|p1a: Politoed|move: Taunt
|move|p1b: Rillaboom|U-turn|p2b: Kingambit
|-damage|p2b: Kingambit|81/100
|
|t:|1756672519
|switch|p1b: Sneasler|Sneasler, L50, M, shiny|100/100|[from] U-turn
|-enditem|p1b: Sneasler|Grassy Seed
|-boost|p1b: Sneasler|def|1|[from] item: Grassy Seed
|move|p1a: Politoed|Weather Ball|p2a: Electabuzz
|-damage|p2a: Electabuzz|59/100
|move|p2b: Kingambit|Kowtow Cleave|p1b: Sneasler
|-resisted|p1b: Sneasler
|-damage|p1b: Sneasler|68/100
|
|-weather|RainDance|[upkeep]
|-heal|p1b: Sneasler|73/100|[from] Grassy Terrain
|-heal|p2a: Electabuzz|64/100|[from] Grassy Terrain
|-heal|p2b: Kingambit|87/100|[from] Grassy Terrain
|upkeep
|turn|3
|inactive|PokeLucho has 30 seconds left.
|inactive|PokeLucho has 20 seconds left.
|
|t:|1756672557
|move|p2b: Kingambit|Protect|p2b: Kingambit
|-singleturn|p2b: Kingambit|Protect
|move|p1b: Sneasler|Close Combat|p2b: Kingambit
|-activate|p2b: Kingambit|move: Protect
|move|p2a: Electabuzz|Thunderbolt|p1b: Sneasler
|-damage|p1b: Sneasler|33/100
|move|p1a: Politoed|Weather Ball|p2a: Electabuzz
|-damage|p2a: Electabuzz|25/100
|
|-weather|RainDance|[upkeep]
|-heal|p1b: Sneasler|39/100|[from] Grassy Terrain
|-heal|p2a: Electabuzz|31/100|[from] Grassy Terrain
|-heal|p2b: Kingambit|93/100|[from] Grassy Terrain
|upkeep
|turn|4
|inactive|PokeLucho has 30 seconds left.
|inactive|PokeLucho has 20 seconds left.
|
|t:|1756672594
|switch|p2a: Dragonite|Dragonite, L50, M|100/100
|switch|p2b: Volcarona|Volcarona, L50, M|100/100
|move|p1b: Sneasler|Close Combat|p2b: Volcarona
|-resisted|p2b: Volcarona
|-damage|p2b: Volcarona|60/100
|-unboost|p1b: Sneasler|def|1
|-unboost|p1b: Sneasler|spd|1
|move|p1a: Politoed|Weather Ball|p2a: Dragonite
|-resisted|p2a: Dragonite
|-damage|p2a: Dragonite|88/100
|
|-weather|RainDance|[upkeep]
|-heal|p1b: Sneasler|44/100|[from] Grassy Terrain
|-heal|p2b: Volcarona|67/100|[from] Grassy Terrain
|-heal|p2b: Volcarona|73/100|[from] item: Leftovers
|-end|p1a: Politoed|move: Taunt
|upkeep
|turn|5
|inactive|PokeLucho has 30 seconds left.
|inactive|PokeLucho has 20 seconds left.
|inactive|PokeLucho has 15 seconds left.
|inactive|PokeLucho has 10 seconds left.
|
|t:|1756672639
|-terastallize|p2b: Volcarona|Fairy
|move|p2a: Dragonite|Extreme Speed|p1b: Sneasler
|-damage|p1b: Sneasler|0 fnt
|faint|p1b: Sneasler
|move|p2b: Volcarona|Quiver Dance|p2b: Volcarona
|-boost|p2b: Volcarona|spa|1
|-boost|p2b: Volcarona|spd|1
|-boost|p2b: Volcarona|spe|1
|move|p1a: Politoed|Weather Ball|p2b: Volcarona
|-damage|p2b: Volcarona|46/100
|
|-weather|none
|-heal|p2b: Volcarona|52/100|[from] Grassy Terrain
|-heal|p2b: Volcarona|58/100|[from] item: Leftovers
|-fieldend|move: Grassy Terrain
|upkeep
|
|t:|1756672657
|switch|p1b: Basculegion|Basculegion, L50, M, shiny|100/100
|turn|6
|inactive|PokeLucho has 30 seconds left.
|
|t:|1756672692
|switch|p1a: Rillaboom|Rillaboom, L50, F|100/100
|-fieldstart|move: Grassy Terrain|[from] ability: Grassy Surge|[of] p1a: Rillaboom
|move|p2b: Volcarona|Tera Blast|p1b: Basculegion|[anim] Tera Blast Fairy
|-damage|p1b: Basculegion|25/100
|move|p2a: Dragonite|Scale Shot|p1b: Basculegion
|-damage|p1b: Basculegion|5/100
|-damage|p1b: Basculegion|0 fnt
|faint|p1b: Basculegion
|-hitcount|p1: Basculegion|2
|-unboost|p2a: Dragonite|def|1
|-boost|p2a: Dragonite|spe|1
|
|-heal|p2b: Volcarona|65/100|[from] Grassy Terrain
|-heal|p2b: Volcarona|71/100|[from] item: Leftovers
|upkeep
|
|t:|1756672710
|switch|p1b: Politoed|Politoed, L50, F, shiny|100/100
|-weather|RainDance|[from] ability: Drizzle|[of] p1b: Politoed
|turn|7
|
|t:|1756672722
|move|p2b: Volcarona|Protect|p2b: Volcarona
|-singleturn|p2b: Volcarona|Protect
|move|p2a: Dragonite|Protect|p2a: Dragonite
|-singleturn|p2a: Dragonite|Protect
|move|p1a: Rillaboom|Fake Out|p2a: Dragonite
|-activate|p2a: Dragonite|move: Protect
|move|p1b: Politoed|Weather Ball|p2b: Volcarona
|-activate|p2b: Volcarona|move: Protect
|
|-weather|RainDance|[upkeep]
|-heal|p2b: Volcarona|77/100|[from] Grassy Terrain
|-heal|p2b: Volcarona|83/100|[from] item: Leftovers
|upkeep
|turn|8
|inactive|PokeLucho has 30 seconds left.
|inactive|PokeLucho has 20 seconds left.
|inactive|PokeLucho has 15 seconds left.
|inactive|PokeLucho has 10 seconds left.
|
|t:|1756672771
|move|p2b: Volcarona|Quiver Dance|p2b: Volcarona
|-boost|p2b: Volcarona|spa|1
|-boost|p2b: Volcarona|spd|1
|-boost|p2b: Volcarona|spe|1
|move|p2a: Dragonite|Scale Shot|p1b: Politoed
|-damage|p1b: Politoed|84/100
|-damage|p1b: Politoed|67/100
|-crit|p1b: Politoed
|-damage|p1b: Politoed|41/100
|-damage|p1b: Politoed|25/100
|-hitcount|p1b: Politoed|4
|-unboost|p2a: Dragonite|def|1
|-boost|p2a: Dragonite|spe|1
|move|p1a: Rillaboom|Drum Beating|p2b: Volcarona
|-damage|p2b: Volcarona|18/100
|-unboost|p2b: Volcarona|spe|1
|move|p1b: Politoed|Weather Ball|p2b: Volcarona
|-damage|p2b: Volcarona|0 fnt
|faint|p2b: Volcarona
|
|-weather|RainDance|[upkeep]
|-heal|p1b: Politoed|31/100|[from] Grassy Terrain
|-heal|p1b: Politoed|37/100|[from] item: Leftovers
|upkeep
|
|t:|1756672789
|switch|p2b: Kingambit|Kingambit, L50, F|93/100
|turn|9
|inactive|PokeLucho has 30 seconds left.
|
|t:|1756672817
|-terastallize|p1a: Rillaboom|Fire
|move|p2b: Kingambit|Sucker Punch|p1b: Politoed
|-damage|p1b: Politoed|0 fnt
|faint|p1b: Politoed
|move|p2a: Dragonite|Scale Shot|p1a: Rillaboom
|-damage|p1a: Rillaboom|87/100
|-damage|p1a: Rillaboom|74/100
|-damage|p1a: Rillaboom|61/100
|-damage|p1a: Rillaboom|47/100
|-damage|p1a: Rillaboom|32/100
|-hitcount|p1a: Rillaboom|5
|-unboost|p2a: Dragonite|def|1
|-boost|p2a: Dragonite|spe|1
|move|p1a: Rillaboom|U-turn|p2b: Kingambit
|-crit|p2b: Kingambit
|-damage|p2b: Kingambit|62/100
|
|-weather|RainDance|[upkeep]
|-heal|p1a: Rillaboom|39/100|[from] Grassy Terrain
|-heal|p2b: Kingambit|68/100|[from] Grassy Terrain
|upkeep
|turn|10
|-message|RouletteVGC forfeited.
|
|win|PokeLucho
|l|☆RouletteVGC
|player|p1|
|raw|RouletteVGC's rating: 1058 → 1041(-17 for losing)
|raw|PokeLucho's rating: 1089 → 1113(+24 for winning)
