|j|☆b1kope
|j|☆ryoshino
|html|b1koperyoshino    
|uhtml|bestof|Game 1 of a best-of-3
|t:|1756904932
|gametype|doubles
|player|p1|b1kope|169|1284
|player|p2|ryoshino|102|1317
|gen|9
|tier|[Gen 9] VGC 2025 Reg H (Bo3)
|rated|
|rule|Species Clause: Limit one of each Pokémon
|rule|Item Clause: Limit 1 of each item
|clearpoke
|poke|p1|Dragonite, L50, M|
|poke|p1|Volcarona, L50, F|
|poke|p1|Sneasler, L50, M|
|poke|p1|Rillaboom, L50, M|
|poke|p1|Electabuzz, L50, M|
|poke|p1|Incineroar, L50, F|
|poke|p2|Murkrow, L50, F|
|poke|p2|Gholdengo, L50|
|poke|p2|Dondozo, L50, F|
|poke|p2|Tatsugiri, L50, M|
|poke|p2|Clefable, L50, F|
|poke|p2|Rillaboom, L50, F|
|teampreview|4
|showteam|p1|Dragonite||LoadedDice|Multiscale|ScaleShot,ExtremeSpeed,Haze,Protect|||M|||50|,,,,,Fairy]Volcarona||Leftovers|FlameBody|HeatWave,TeraBlast,QuiverDance,Protect|||F|||50|,,,,,Fairy]Sneasler||FocusSash|Unburden|CloseCombat,DireClaw,Coaching,Protect|||M|||50|,,,,,Stellar]Rillaboom||AssaultVest|GrassySurge|WoodHammer,GrassyGlide,HighHorsepower,FakeOut|||M|||50|,,,,,Water]Electabuzz||Eviolite|VitalSpirit|Thunderbolt,FollowMe,Taunt,Protect|||M|||50|,,,,,Ghost]Incineroar||SafetyGoggles|Intimidate|FlareBlitz,FakeOut,KnockOff,PartingShot|||F|||50|,,,,,Ghost
|showteam|p2|Murkrow||Eviolite|Prankster|Tailwind,FoulPlay,Taunt,Haze|||F|||50|,,,,,Ghost]Gholdengo||ChoiceSpecs|GoodasGold|MakeItRain,Trick,ShadowBall,Thunderbolt||||||50|,,,,,Steel]Dondozo||Leftovers|Unaware|WaveCrash,HeavySlam,OrderUp,Protect|||F|||50|,,,,,Grass]Tatsugiri||FocusSash|Commander|DracoMeteor,IcyWind,MuddyWater,Protect|||M|||50|,,,,,Stellar]Clefable||RockyHelmet|Unaware|Moonblast,FollowMe,Encore,Protect|||F|||50|,,,,,Ghost]Rillaboom||AssaultVest|GrassySurge|DrumBeating,GrassyGlide,Uturn,FakeOut|||F|||50|,,,,,Fire
|inactive|Battle timer is ON: inactive players will automatically lose when time's up. (requested by ryoshino)
|
|t:|1756904955
|teamsize|p1|4
|teamsize|p2|4
|start
|switch|p1a: Sneasler|Sneasler, L50, M|100/100
|switch|p1b: Volcarona|Volcarona, L50, F|100/100
|switch|p2a: Murkrow|Murkrow, L50, F|100/100
|switch|p2b: Gholdengo|Gholdengo, L50|100/100
|turn|1
|
|t:|1756904971
|switch|p1a: Incineroar|Incineroar, L50, F|100/100
|-ability|p1a: Incineroar|Intimidate|boost
|-unboost|p2a: Murkrow|atk|1
|-unboost|p2b: Gholdengo|atk|1
|move|p2a: Murkrow|Taunt|p1b: Volcarona
|-start|p1b: Volcarona|move: Taunt
|move|p1b: Volcarona|Heat Wave|p2b: Gholdengo|[spread] p2a,p2b
|-supereffective|p2b: Gholdengo
|-damage|p2a: Murkrow|61/100
|-damage|p2b: Gholdengo|19/100
|move|p2b: Gholdengo|Make It Rain|p1b: Volcarona|[spread] p1a,p1b
|-resisted|p1a: Incineroar
|-resisted|p1b: Volcarona
|-damage|p1a: Incineroar|70/100
|-damage|p1b: Volcarona|65/100
|-unboost|p2b: Gholdengo|spa|1
|
|-heal|p1b: Volcarona|71/100|[from] item: Leftovers
|upkeep
|turn|2
|
|t:|1756904981
|move|p2a: Murkrow|Tailwind|p2a: Murkrow
|-sidestart|p2: ryoshino|move: Tailwind
|move|p2b: Gholdengo|Make It Rain|p1a: Incineroar|[spread] p1a,p1b
|-resisted|p1a: Incineroar
|-resisted|p1b: Volcarona
|-damage|p1a: Incineroar|50/100
|-damage|p1b: Volcarona|48/100
|-unboost|p2b: Gholdengo|spa|1
|move|p1b: Volcarona|Heat Wave|p2b: Gholdengo|[spread] p2b
|-miss|p1b: Volcarona|p2a: Murkrow
|-supereffective|p2b: Gholdengo
|-damage|p2b: Gholdengo|0 fnt
|faint|p2b: Gholdengo
|move|p1a: Incineroar|Knock Off|p2a: Murkrow
|-resisted|p2a: Murkrow
|-damage|p2a: Murkrow|39/100
|-enditem|p2a: Murkrow|Eviolite|[from] move: Knock Off|[of] p1a: Incineroar
|
|-heal|p1b: Volcarona|54/100|[from] item: Leftovers
|upkeep
|
|t:|1756904983
|switch|p2b: Dondozo|Dondozo, L50, F|100/100
|turn|3
|
|t:|1756904991
|switch|p2a: Tatsugiri|Tatsugiri, L50, M|100/100
|-activate|p2a: Tatsugiri|ability: Commander|[of] p2b: Dondozo
|-boost|p2b: Dondozo|atk|2
|-boost|p2b: Dondozo|spa|2
|-boost|p2b: Dondozo|spe|2
|-boost|p2b: Dondozo|def|2
|-boost|p2b: Dondozo|spd|2
|switch|p1b: Dragonite|Dragonite, L50, M|100/100
|move|p2b: Dondozo|Wave Crash|p1b: Dragonite
|-resisted|p1b: Dragonite
|-damage|p1b: Dragonite|71/100
|-damage|p2b: Dondozo|94/100|[from] Recoil
|move|p1a: Incineroar|Parting Shot|p2b: Dondozo
|-unboost|p2b: Dondozo|atk|1
|-unboost|p2b: Dondozo|spa|1
|
|t:|1756904996
|switch|p1a: Sneasler|Sneasler, L50, M|100/100|[from] Parting Shot
|
|-heal|p2b: Dondozo|99/100|[from] item: Leftovers
|upkeep
|turn|4
|
|t:|1756905003
|switch|p1a: Incineroar|Incineroar, L50, F|50/100
|-ability|p1a: Incineroar|Intimidate|boost
|-unboost|p2a: Tatsugiri|atk|1
|-unboost|p2b: Dondozo|atk|1
|move|p1b: Dragonite|Protect|p1b: Dragonite
|-singleturn|p1b: Dragonite|Protect
|move|p2b: Dondozo|Wave Crash|p1b: Dragonite
|-activate|p1b: Dragonite|move: Protect
|
|-heal|p2b: Dondozo|100/100|[from] item: Leftovers
|upkeep
|turn|5
|
|t:|1756905009
|move|p1a: Incineroar|Fake Out|p2b: Dondozo
|-damage|p2b: Dondozo|96/100
|cant|p2b: Dondozo|flinch
|move|p1b: Dragonite|Haze|p1b: Dragonite
|-clearallboost
|
|-heal|p2b: Dondozo|100/100|[from] item: Leftovers
|-sideend|p2: ryoshino|move: Tailwind
|upkeep
|turn|6
|
|t:|1756905014
|move|p1b: Dragonite|Scale Shot|p2b: Dondozo
|-damage|p2b: Dondozo|91/100
|-damage|p2b: Dondozo|81/100
|-damage|p2b: Dondozo|71/100
|-damage|p2b: Dondozo|61/100
|-damage|p2b: Dondozo|51/100
|-hitcount|p2b: Dondozo|5
|-unboost|p1b: Dragonite|def|1
|-boost|p1b: Dragonite|spe|1
|move|p1a: Incineroar|Knock Off|p2b: Dondozo
|-damage|p2b: Dondozo|28/100
|-enditem|p2b: Dondozo|Leftovers|[from] move: Knock Off|[of] p1a: Incineroar
|move|p2b: Dondozo|Wave Crash|p1a: Incineroar
|-supereffective|p1a: Incineroar
|-crit|p1a: Incineroar
|-damage|p1a: Incineroar|0 fnt
|faint|p1a: Incineroar
|-damage|p2b: Dondozo|14/100|[from] Recoil
|
|upkeep
|
|t:|1756905019
|switch|p1a: Volcarona|Volcarona, L50, F|54/100
|turn|7
|
|t:|1756905026
|move|p1b: Dragonite|Extreme Speed|p2b: Dondozo
|-damage|p2b: Dondozo|0 fnt
|faint|p2b: Dondozo
|move|p1a: Volcarona|Quiver Dance|p1a: Volcarona
|-boost|p1a: Volcarona|spa|1
|-boost|p1a: Volcarona|spd|1
|-boost|p1a: Volcarona|spe|1
|
|-heal|p1a: Volcarona|60/100|[from] item: Leftovers
|upkeep
|
|t:|1756905031
|switch|p2b: Murkrow|Murkrow, L50, F|39/100
|turn|8
|
|t:|1756905039
|-terastallize|p1a: Volcarona|Fairy
|move|p2a: Tatsugiri|Protect|p2a: Tatsugiri
|-singleturn|p2a: Tatsugiri|Protect
|move|p1b: Dragonite|Extreme Speed|p2a: Tatsugiri
|-activate|p2a: Tatsugiri|move: Protect
|move|p2b: Murkrow|Haze|p2b: Murkrow
|-clearallboost
|move|p1a: Volcarona|Heat Wave|p2b: Murkrow|[spread] p2b
|-activate|p2a: Tatsugiri|move: Protect
|-damage|p2b: Murkrow|0 fnt
|faint|p2b: Murkrow
|
|-heal|p1a: Volcarona|67/100|[from] item: Leftovers
|upkeep
|turn|9
|
|t:|1756905047
|-terastallize|p2a: Tatsugiri|Stellar
|move|p1b: Dragonite|Extreme Speed|p2a: Tatsugiri
|-damage|p2a: Tatsugiri|39/100
|move|p1a: Volcarona|Tera Blast|p2a: Tatsugiri|[anim] Tera Blast Fairy
|-supereffective|p2a: Tatsugiri
|-damage|p2a: Tatsugiri|0 fnt
|faint|p2a: Tatsugiri
|
|win|b1kope
||b1kope is ready for game 2.
||ryoshino is ready for game 2.
|uhtml|next|Next: Game 2 of 3
|l|☆b1kope
|player|p1|
|l|☆ryoshino
|player|p2|
|j|☆ryoshino
|player|p2|ryoshino|102|
