|j|☆ShackWoods
|j|☆eggwich69
|html|ShackWoodseggwich69    
|uhtml|bestof|Game 1 of a best-of-3
|t:|1756323164
|gametype|doubles
|player|p1|ShackWoods|korrina|1161
|player|p2|eggwich69|266|1270
|gen|9
|tier|[Gen 9] VGC 2025 Reg H (Bo3)
|rated|
|rule|Species Clause: Limit one of each Pokémon
|rule|Item Clause: Limit 1 of each item
|clearpoke
|poke|p1|Lilligant-Hisui, L50, F|
|poke|p1|Armarouge, L50, F|
|poke|p1|Indeedee-F, L50, F|
|poke|p1|Torkoal, L50, F|
|poke|p1|Ursaluna, L50, M|
|poke|p1|Hatterene, L50, F|
|poke|p2|Kingambit, L50, M|
|poke|p2|Rillaboom, L50, F|
|poke|p2|Sneasler, L50, M|
|poke|p2|Dragonite, L50, M|
|poke|p2|Volcarona, L50, F|
|poke|p2|Electabuzz, L50, F|
|teampreview|4
|showteam|p1|Lilligant-Hisui||FocusSash|Chlorophyll|SolarBlade,CloseCombat,TripleAxel,AfterYou|||F|||50|,,,,,Ghost]Armarouge||PsychicSeed|FlashFire|ExpandingForce,ArmorCannon,WideGuard,TrickRoom|||F|||50|,,,,,Grass]Indeedee-F||RockyHelmet|PsychicSurge|AlluringVoice,HelpingHand,FollowMe,TrickRoom|||F|||50|,,,,,Grass]Torkoal||Charcoal|Drought|Eruption,WeatherBall,ClearSmog,Protect|||F|||50|,,,,,Fire]Ursaluna||FlameOrb|Guts|Facade,HeadlongRush,Substitute,Protect|||M|||50|,,,,,Ghost]Hatterene||LifeOrb|MagicBounce|ExpandingForce,DazzlingGleam,MysticalFire,TrickRoom|||F|||50|,,,,,Fire
|showteam|p2|Kingambit||BlackGlasses|Defiant|SwordsDance,KowtowCleave,SuckerPunch,Protect|||M|||50|,,,,,Dark]Rillaboom||AssaultVest|GrassySurge|FakeOut,GrassyGlide,WoodHammer,HighHorsepower|||F|||50|,,,,,Grass]Sneasler||FocusSash|Unburden|CloseCombat,DireClaw,Protect,ThroatChop|||M|||50|,,,,,Stellar]Dragonite||LoadedDice|Multiscale|ScaleShot,Tailwind,Protect,Haze|||M|||50|,,,,,Steel]Volcarona||CovertCloak|FlameBody|HeatWave,QuiverDance,Protect,StruggleBug|||F|||50|,,,,,Water]Electabuzz||Eviolite|VitalSpirit|FollowMe,Protect,Taunt,Electroweb|||F|||50|,,,,,Ghost
|c|☆ShackWoods|gl hf
|
|t:|1756323231
|teamsize|p1|4
|teamsize|p2|4
|start
|switch|p1a: Indeedee|Indeedee-F, L50, F|100/100
|switch|p1b: Hatterene|Hatterene, L50, F|100/100
|switch|p2a: Electabuzz|Electabuzz, L50, F|100/100
|switch|p2b: Kingambit|Kingambit, L50, M|100/100
|-fieldstart|move: Psychic Terrain|[from] ability: Psychic Surge|[of] p1a: Indeedee
|turn|1
|
|t:|1756323270
|switch|p2b: Rillaboom|Rillaboom, L50, F|100/100
|-fieldstart|move: Grassy Terrain|[from] ability: Grassy Surge|[of] p2b: Rillaboom
|switch|p1a: Ursaluna|Ursaluna, L50, M|100/100
|move|p2a: Electabuzz|Taunt|p1a: Ursaluna
|-start|p1a: Ursaluna|move: Taunt
|move|p1b: Hatterene|Trick Room|p1b: Hatterene
|-fieldstart|move: Trick Room|[of] p1b: Hatterene
|
|-status|p1a: Ursaluna|brn|[from] item: Flame Orb
|upkeep
|turn|2
|
|t:|1756323318
|switch|p2a: Kingambit|Kingambit, L50, M|100/100
|-terastallize|p1a: Ursaluna|Ghost
|move|p1b: Hatterene|Mystical Fire|p2b: Rillaboom
|-supereffective|p2b: Rillaboom
|-damage|p2b: Rillaboom|44/100
|-unboost|p2b: Rillaboom|spa|1
|-damage|p1b: Hatterene|91/100|[from] item: Life Orb
|move|p1a: Ursaluna|Headlong Rush|p2a: Kingambit
|-supereffective|p2a: Kingambit
|-damage|p2a: Kingambit|0 fnt
|-unboost|p1a: Ursaluna|def|1
|-unboost|p1a: Ursaluna|spd|1
|faint|p2a: Kingambit
|move|p2b: Rillaboom|Wood Hammer|p1a: Ursaluna
|-damage|p1a: Ursaluna|13/100 brn
|-damage|p2b: Rillaboom|13/100|[from] Recoil
|
|-heal|p1b: Hatterene|97/100|[from] Grassy Terrain
|-heal|p1a: Ursaluna|19/100 brn|[from] Grassy Terrain
|-heal|p2b: Rillaboom|19/100|[from] Grassy Terrain
|-damage|p1a: Ursaluna|13/100 brn|[from] brn
|upkeep
|
|t:|1756323331
|switch|p2a: Dragonite|Dragonite, L50, M|100/100
|turn|3
|
|t:|1756323393
|switch|p1a: Indeedee|Indeedee-F, L50, F|100/100
|-fieldstart|move: Psychic Terrain|[from] ability: Psychic Surge|[of] p1a: Indeedee
|switch|p2b: Electabuzz|Electabuzz, L50, F|100/100
|-terastallize|p2a: Dragonite|Steel
|move|p1b: Hatterene|Expanding Force|p2a: Dragonite|[spread] p2a,p2b
|-resisted|p2a: Dragonite
|-damage|p2a: Dragonite|77/100
|-damage|p2b: Electabuzz|22/100
|-damage|p1b: Hatterene|87/100|[from] item: Life Orb
|move|p2a: Dragonite|Scale Shot|p1a: Indeedee
|-damage|p1a: Indeedee|86/100
|-damage|p1a: Indeedee|71/100
|-damage|p1a: Indeedee|56/100
|-damage|p1a: Indeedee|42/100
|-hitcount|p1a: Indeedee|4
|-unboost|p2a: Dragonite|def|1
|-boost|p2a: Dragonite|spe|1
|
|upkeep
|turn|4
|
|t:|1756323427
|move|p2b: Electabuzz|Follow Me|p2b: Electabuzz
|-singleturn|p2b: Electabuzz|move: Follow Me
|move|p2a: Dragonite|Scale Shot|p1a: Indeedee
|-damage|p1a: Indeedee|26/100
|-crit|p1a: Indeedee
|-damage|p1a: Indeedee|4/100
|-damage|p1a: Indeedee|0 fnt
|faint|p1a: Indeedee
|-hitcount|p1: Indeedee|3
|-unboost|p2a: Dragonite|def|1
|-boost|p2a: Dragonite|spe|1
|move|p1b: Hatterene|Trick Room|p1b: Hatterene
|-fieldend|move: Trick Room
|
|upkeep
|
|t:|1756323440
|switch|p1a: Torkoal|Torkoal, L50, F|100/100
|-weather|SunnyDay|[from] ability: Drought|[of] p1a: Torkoal
|turn|5
|
|t:|1756323464
|move|p2a: Dragonite|Scale Shot|p1a: Torkoal
|-damage|p1a: Torkoal|89/100
|-damage|p1a: Torkoal|78/100
|-damage|p1a: Torkoal|66/100
|-damage|p1a: Torkoal|54/100
|-damage|p1a: Torkoal|41/100
|-hitcount|p1a: Torkoal|5
|-unboost|p2a: Dragonite|def|1
|-boost|p2a: Dragonite|spe|1
|move|p2b: Electabuzz|Electroweb|p1a: Torkoal|[spread] p1a,p1b
|-damage|p1a: Torkoal|23/100
|-damage|p1b: Hatterene|72/100
|-unboost|p1a: Torkoal|spe|1
|-unboost|p1b: Hatterene|spe|1
|move|p1a: Torkoal|Weather Ball|p2a: Dragonite
|-supereffective|p2a: Dragonite
|-damage|p2a: Dragonite|0 fnt
|faint|p2a: Dragonite
|move|p1b: Hatterene|Trick Room|p1b: Hatterene
|-fieldstart|move: Trick Room|[of] p1b: Hatterene
|
|-weather|SunnyDay|[upkeep]
|upkeep
|
|t:|1756323476
|switch|p2a: Rillaboom|Rillaboom, L50, F|19/100
|-fieldstart|move: Grassy Terrain|[from] ability: Grassy Surge|[of] p2a: Rillaboom
|turn|6
|
|t:|1756323499
|move|p2b: Electabuzz|Follow Me|p2b: Electabuzz
|-singleturn|p2b: Electabuzz|move: Follow Me
|move|p2a: Rillaboom|Grassy Glide|p1a: Torkoal
|-resisted|p1a: Torkoal
|-damage|p1a: Torkoal|10/100
|move|p1a: Torkoal|Weather Ball|p2b: Electabuzz
|-damage|p2b: Electabuzz|0 fnt
|faint|p2b: Electabuzz
|move|p1b: Hatterene|Dazzling Gleam|p2a: Rillaboom
|-damage|p2a: Rillaboom|0 fnt
|faint|p2a: Rillaboom
|-damage|p1b: Hatterene|63/100|[from] item: Life Orb
|
|win|ShackWoods
|c|☆ShackWoods|gg
||eggwich69 is ready for game 2.
||ShackWoods is ready for game 2.
|uhtml|next|Next: Game 2 of 3
