|j|☆zio_gelato
|j|☆Er ciccio98
|html|zio_gelatoEr ciccio98    
|uhtml|bestof|Game 2 of a best-of-3
|t:|1757839696
|gametype|doubles
|player|p1|zio_gelato|cynthia-gen4|
|player|p2|Er ciccio98|101|
|gen|9
|tier|[Gen 9] VGC 2025 Reg H (Bo3)
|rule|Species Clause: Limit one of each Pokémon
|rule|Item Clause: Limit 1 of each item
|clearpoke
|poke|p1|Archaludon, L50, M|
|poke|p1|Rillaboom, L50, M|
|poke|p1|Basculegion, L50, M|
|poke|p1|Kingambit, L50, F|
|poke|p1|Pelipper, L50, F|
|poke|p1|Electabuzz, L50, F|
|poke|p2|Incineroar, L50, F|
|poke|p2|Torkoal, L50, M|
|poke|p2|Electabuzz, L50, F|
|poke|p2|Ursaluna-Bloodmoon, L50, M|
|poke|p2|Mimikyu, L50, M|
|poke|p2|Lilligant-Hisui, L50, F|
|teampreview|4
|showteam|p1|Archaludon||AssaultVest|Stamina|ElectroShot,DracoMeteor,FlashCannon,BodyPress|||M|||50|,,,,,Fairy]Rillaboom||GrassySeed|GrassySurge|WoodHammer,GrassyGlide,FakeOut,HighHorsepower|||M|||50|,,,,,Fire]Basculegion||ChoiceBand|SwiftSwim|WaveCrash,LastRespects,FlipTurn,AquaJet|||M|||50|,,,,,Grass]Kingambit||BlackGlasses|Defiant|KowtowCleave,SuckerPunch,SwordsDance,Protect|||F|||50|,,,,,Dark]Pelipper||FocusSash|Drizzle|WeatherBall,Hurricane,Tailwind,Protect|||F|||50|,,,,,Ghost]Electabuzz||Eviolite|VitalSpirit|Electroweb,Taunt,FollowMe,Protect|||F|||50|,,,,,Ghost
|showteam|p2|Incineroar||AssaultVest|Intimidate|FakeOut,KnockOff,FlareBlitz,Uturn|||F|||50|,,,,,Bug]Torkoal||Charcoal|Drought|Eruption,Protect,Flamethrower,ClearSmog|||M|||50|,,,,,Fire]Electabuzz||Eviolite|Static|FollowMe,Electroweb,Taunt,HelpingHand|||F|||50|,,,,,Ghost]Ursaluna-Bloodmoon||LifeOrb|MindsEye|HyperVoice,BloodMoon,Protect,EarthPower|||M|||50|,,,,,Normal]Mimikyu||MentalHerb|Disguise|ShadowSneak,PlayRough,ShadowClaw,TrickRoom|||M|||50|,,,,,Steel]Lilligant-Hisui||FocusSash|Chlorophyll|AfterYou,CloseCombat,SleepPowder,LeafBlade|||F|||50|,,,,,Ghost
|inactive|Battle timer is ON: inactive players will automatically lose when time's up. (requested by Er ciccio98)
|
|t:|1757839723
|teamsize|p1|4
|teamsize|p2|4
|start
|switch|p1a: Rillaboom|Rillaboom, L50, M|100/100
|switch|p1b: Basculegion|Basculegion, L50, M|100/100
|switch|p2a: Incineroar|Incineroar, L50, F|100/100
|switch|p2b: Torkoal|Torkoal, L50, M|100/100
|-fieldstart|move: Grassy Terrain|[from] ability: Grassy Surge|[of] p1a: Rillaboom
|-enditem|p1a: Rillaboom|Grassy Seed
|-boost|p1a: Rillaboom|def|1|[from] item: Grassy Seed
|-ability|p2a: Incineroar|Intimidate|boost
|-unboost|p1a: Rillaboom|atk|1
|-unboost|p1b: Basculegion|atk|1
|-weather|SunnyDay|[from] ability: Drought|[of] p2b: Torkoal
|turn|1
|inactive|zio_gelato has 30 seconds left.
|inactive|Er ciccio98 has 30 seconds left.
|inactive|Er ciccio98 has 20 seconds left.
|
|t:|1757839758
|switch|p1a: Pelipper|Pelipper, L50, F|100/100
|-weather|RainDance|[from] ability: Drizzle|[of] p1a: Pelipper
|move|p1b: Basculegion|Wave Crash|p2a: Incineroar
|-supereffective|p2a: Incineroar
|-damage|p2a: Incineroar|0 fnt
|faint|p2a: Incineroar
|-damage|p1b: Basculegion|68/100|[from] Recoil
|move|p2b: Torkoal|Flamethrower|p1a: Pelipper
|-resisted|p1a: Pelipper
|-damage|p1a: Pelipper|80/100
|
|-weather|RainDance|[upkeep]
|-heal|p1b: Basculegion|74/100|[from] Grassy Terrain
|upkeep
|
|t:|1757839772
|switch|p2a: Electabuzz|Electabuzz, L50, F|100/100
|turn|2
|
|t:|1757839784
|switch|p2b: Lilligant|Lilligant-Hisui, L50, F|100/100
|move|p1b: Basculegion|Wave Crash|p2a: Electabuzz
|-crit|p2a: Electabuzz
|-damage|p2a: Electabuzz|0 fnt
|faint|p2a: Electabuzz
|-damage|p1b: Basculegion|46/100|[from] Recoil
|move|p1a: Pelipper|Weather Ball|p2b: Lilligant
|-resisted|p2b: Lilligant
|-damage|p2b: Lilligant|47/100
|
|-weather|RainDance|[upkeep]
|-heal|p1b: Basculegion|52/100|[from] Grassy Terrain
|-heal|p2b: Lilligant|53/100|[from] Grassy Terrain
|upkeep
|
|t:|1757839797
|switch|p2a: Torkoal|Torkoal, L50, M|100/100
|-weather|SunnyDay|[from] ability: Drought|[of] p2a: Torkoal
|turn|3
|inactive|zio_gelato has 30 seconds left.
|inactive|zio_gelato has 20 seconds left.
|
|t:|1757839835
|switch|p1b: Rillaboom|Rillaboom, L50, M|100/100
|switch|p1a: Archaludon|Archaludon, L50, M|100/100
|move|p2b: Lilligant|After You|p2a: Torkoal
|-activate|p2a: Torkoal|move: After You
|move|p2a: Torkoal|Eruption|p1a: Archaludon|[spread] p1a,p1b
|-supereffective|p1b: Rillaboom
|-damage|p1a: Archaludon|38/100
|-damage|p1b: Rillaboom|0 fnt
|-ability|p1a: Archaludon|Stamina|boost
|-boost|p1a: Archaludon|def|1
|faint|p1b: Rillaboom
|
|-weather|SunnyDay|[upkeep]
|-heal|p2b: Lilligant|59/100|[from] Grassy Terrain
|-heal|p1a: Archaludon|45/100|[from] Grassy Terrain
|upkeep
|
|t:|1757839850
|switch|p1b: Pelipper|Pelipper, L50, F|80/100
|-weather|RainDance|[from] ability: Drizzle|[of] p1b: Pelipper
|turn|4
|inactive|zio_gelato has 30 seconds left.
|
|t:|1757839882
|-terastallize|p2b: Lilligant|Ghost
|move|p2a: Torkoal|Protect|p2a: Torkoal
|-singleturn|p2a: Torkoal|Protect
|move|p2b: Lilligant|Close Combat|p1a: Archaludon
|-supereffective|p1a: Archaludon
|-damage|p1a: Archaludon|0 fnt
|-unboost|p2b: Lilligant|def|1
|-unboost|p2b: Lilligant|spd|1
|faint|p1a: Archaludon
|move|p1b: Pelipper|Hurricane|p2b: Lilligant
|-damage|p2b: Lilligant|0 fnt
|faint|p2b: Lilligant
|
|-weather|RainDance|[upkeep]
|upkeep
|
|t:|1757839894
|switch|p1a: Basculegion|Basculegion, L50, M|52/100
|turn|5
|
|t:|1757839902
|move|p1a: Basculegion|Wave Crash|p2a: Torkoal
|-supereffective|p2a: Torkoal
|-damage|p2a: Torkoal|0 fnt
|faint|p2a: Torkoal
|-damage|p1a: Basculegion|23/100|[from] Recoil
|
|win|zio_gelato
||Er ciccio98 is ready for game 3.
|inactive|zio_gelato has 30 seconds to confirm battle start!
||zio_gelato is ready for game 3.
|uhtml|next|Next: Game 3 of 3
