|j|☆A_TerroneVGC
|j|☆i need a coaching
|html|A_TerroneVGCi need a coaching    
|uhtml|bestof|Game 2 of a best-of-3
|t:|1756540884
|gametype|doubles
|player|p1|A_TerroneVGC|265|
|player|p2|i need a coaching|youngster-gen4dp|
|gen|9
|tier|[Gen 9] VGC 2025 Reg H (Bo3)
|rule|Species Clause: Limit one of each Pokémon
|rule|Item Clause: Limit 1 of each item
|clearpoke
|poke|p1|Basculegion, L50, M|
|poke|p1|Gholdengo, L50|
|poke|p1|Archaludon, L50, M|
|poke|p1|Pelipper, L50, M|
|poke|p1|Incineroar, L50, M|
|poke|p1|Amoonguss, L50, M|
|poke|p2|Kingambit, L50, M|
|poke|p2|Dragonite, L50, F|
|poke|p2|Magmar, L50, F|
|poke|p2|Annihilape, L50, M|
|poke|p2|Ursaluna-Bloodmoon, L50, M|
|poke|p2|Kilowattrel, L50, F|
|teampreview|4
|showteam|p1|Basculegion||ChoiceBand|SwiftSwim|WaveCrash,LastRespects,FlipTurn,AquaJet|||M|||50|,,,,,Water]Gholdengo||LifeOrb|GoodasGold|MakeItRain,ShadowBall,NastyPlot,Protect||||||50|,,,,,Water]Archaludon||AssaultVest|Stamina|FlashCannon,DracoMeteor,ElectroShot,BodyPress|||M|||50|,,,,,Bug]Pelipper||FocusSash|Drizzle|WeatherBall,Hurricane,Tailwind,Protect|||M|||50|,,,,,Ground]Incineroar||SafetyGoggles|Intimidate|FlareBlitz,KnockOff,FakeOut,PartingShot|||M|||50|,,,,,Ghost]Amoonguss||CovertCloak|Regenerator|PollenPuff,Spore,RagePowder,Protect|||M|||50|,,,,,Fairy
|showteam|p2|Kingambit||AssaultVest|Defiant|KowtowCleave,SuckerPunch,IronHead,TeraBlast|||M|||50|,,,,,Flying]Dragonite||LoadedDice|Multiscale|ScaleShot,Haze,Protect,Tailwind|||F|||50|,,,,,Fairy]Magmar||Eviolite|VitalSpirit|FollowMe,Overheat,Taunt,HelpingHand|||F|||50|,,,,,Ghost]Annihilape||SafetyGoggles|Defiant|RageFist,DrainPunch,Protect,BulkUp|||M|||50|,,,,,Water]Ursaluna-Bloodmoon||LifeOrb|MindsEye|EarthPower,BloodMoon,HyperVoice,Protect|||M|||50|,,,,,Normal]Kilowattrel||FocusSash|Competitive|Tailwind,AirSlash,Thunderbolt,Protect|||F|||50|,,,,,Ghost
|inactive|Battle timer is ON: inactive players will automatically lose when time's up. (requested by i need a coaching)
|
|t:|1756540897
|teamsize|p1|4
|teamsize|p2|4
|start
|switch|p1a: Pelipper|Pelipper, L50, M|100/100
|switch|p1b: Basculegion|Basculegion, L50, M|100/100
|switch|p2a: Dragonite|Dragonite, L50, F|100/100
|switch|p2b: Ursaluna|Ursaluna-Bloodmoon, L50, M|100/100
|-weather|RainDance|[from] ability: Drizzle|[of] p1a: Pelipper
|turn|1
|inactive|i need a coaching has 30 seconds left.
|
|t:|1756540926
|switch|p1a: Archaludon|Archaludon, L50, M|100/100
|move|p1b: Basculegion|Wave Crash|p2b: Ursaluna
|-supereffective|p2b: Ursaluna
|-damage|p2b: Ursaluna|0 fnt
|faint|p2b: Ursaluna
|-damage|p1b: Basculegion|66/100|[from] Recoil
|move|p2a: Dragonite|Scale Shot|p1a: Archaludon
|-damage|p1a: Archaludon|90/100
|-ability|p1a: Archaludon|Stamina|boost
|-boost|p1a: Archaludon|def|1
|-damage|p1a: Archaludon|82/100
|-ability|p1a: Archaludon|Stamina|boost
|-boost|p1a: Archaludon|def|1
|-damage|p1a: Archaludon|76/100
|-ability|p1a: Archaludon|Stamina|boost
|-boost|p1a: Archaludon|def|1
|-damage|p1a: Archaludon|71/100
|-ability|p1a: Archaludon|Stamina|boost
|-boost|p1a: Archaludon|def|1
|-damage|p1a: Archaludon|68/100
|-ability|p1a: Archaludon|Stamina|boost
|-boost|p1a: Archaludon|def|1
|-hitcount|p1a: Archaludon|5
|-unboost|p2a: Dragonite|def|1
|-boost|p2a: Dragonite|spe|1
|
|-weather|RainDance|[upkeep]
|upkeep
|
|t:|1756540949
|switch|p2b: Annihilape|Annihilape, L50, M|100/100
|turn|2
|inactive|A_TerroneVGC has 30 seconds left.
|inactive|i need a coaching has 30 seconds left.
|
|t:|1756540977
|move|p1b: Basculegion|Wave Crash|p2a: Dragonite
|-resisted|p2a: Dragonite
|-damage|p2a: Dragonite|42/100
|-damage|p1b: Basculegion|50/100|[from] Recoil
|move|p2a: Dragonite|Haze|p2a: Dragonite
|-clearallboost
|move|p2b: Annihilape|Drain Punch|p1a: Archaludon
|-supereffective|p1a: Archaludon
|-damage|p1a: Archaludon|18/100
|-ability|p1a: Archaludon|Stamina|boost
|-boost|p1a: Archaludon|def|1
|move|p1a: Archaludon|Electro Shot||[still]
|-prepare|p1a: Archaludon|Electro Shot
|-boost|p1a: Archaludon|spa|1
|-anim|p1a: Archaludon|Electro Shot|p2a: Dragonite
|-damage|p2a: Dragonite|0 fnt
|faint|p2a: Dragonite
|
|-weather|RainDance|[upkeep]
|upkeep
|
|t:|1756540994
|switch|p2a: Kilowattrel|Kilowattrel, L50, F|100/100
|turn|3
|inactive|A_TerroneVGC has 30 seconds left.
|inactive|i need a coaching has 30 seconds left.
|inactive|A_TerroneVGC has 20 seconds left.
|inactive|i need a coaching has 20 seconds left.
|inactive|A_TerroneVGC has 15 seconds left.
|inactive|i need a coaching has 15 seconds left.
|inactive|A_TerroneVGC has 10 seconds left.
|inactive|i need a coaching has 10 seconds left.
|inactive|i need a coaching has 5 seconds left.
|
|t:|1756541049
|-terastallize|p1b: Basculegion|Water
|-terastallize|p2b: Annihilape|Water
|move|p1b: Basculegion|Wave Crash|p2b: Annihilape
|-resisted|p2b: Annihilape
|-damage|p2b: Annihilape|3/100
|-damage|p1b: Basculegion|17/100|[from] Recoil
|move|p2a: Kilowattrel|Thunderbolt|p1b: Basculegion
|-supereffective|p1b: Basculegion
|-damage|p1b: Basculegion|0 fnt
|faint|p1b: Basculegion
|move|p2b: Annihilape|Drain Punch|p1a: Archaludon
|-supereffective|p1a: Archaludon
|-damage|p1a: Archaludon|0 fnt
|-heal|p2b: Annihilape|11/100|[from] drain|[of] p1a: Archaludon
|faint|p1a: Archaludon
|
|-weather|RainDance|[upkeep]
|upkeep
|
|t:|1756541063
|switch|p1b: Gholdengo|Gholdengo, L50|100/100
|switch|p1a: Pelipper|Pelipper, L50, M|100/100
|turn|4
|inactive|i need a coaching has 30 seconds left.
|
|t:|1756541094
|move|p2a: Kilowattrel|Thunderbolt|p1a: Pelipper
|-supereffective|p1a: Pelipper
|-enditem|p1a: Pelipper|Focus Sash
|-damage|p1a: Pelipper|1/100
|move|p2b: Annihilape|Rage Fist|p1a: Pelipper
|-damage|p1a: Pelipper|0 fnt
|faint|p1a: Pelipper
|move|p1b: Gholdengo|Make It Rain|p2b: Annihilape|[spread] p2a,p2b
|-resisted|p2a: Kilowattrel
|-resisted|p2b: Annihilape
|-damage|p2a: Kilowattrel|47/100
|-damage|p2b: Annihilape|0 fnt
|-unboost|p1b: Gholdengo|spa|1
|faint|p2b: Annihilape
|-damage|p1b: Gholdengo|91/100|[from] item: Life Orb
|
|-weather|RainDance|[upkeep]
|upkeep
|turn|5
|
|t:|1756541109
|move|p2a: Kilowattrel|Thunderbolt|p1b: Gholdengo
|-damage|p1b: Gholdengo|43/100
|move|p1b: Gholdengo|Shadow Ball|p2a: Kilowattrel
|-damage|p2a: Kilowattrel|0 fnt
|faint|p2a: Kilowattrel
|-damage|p1b: Gholdengo|34/100|[from] item: Life Orb
|
|win|A_TerroneVGC
||A_TerroneVGC is ready for game 3.
|inactive|i need a coaching has 30 seconds to confirm battle start!
||i need a coaching is ready for game 3.
|uhtml|next|Next: Game 3 of 3
