|j|☆mb gang
|j|☆Gerald Hoppy
|html|mb gangGerald Hoppy    
|uhtml|bestof|Game 3 of a best-of-3
|t:|1785882702
|gametype|doubles
|player|p1|mb gang|skier|1379
|player|p2|Gerald Hoppy|102|1359
|gen|9
|tier|[Gen 9 Champions] VGC 2026 Reg M-B (Bo3)
|rated|
|rule|Species Clause: Limit one of each Pokémon
|rule|Item Clause: Limit 1 of each item
|clearpoke
|poke|p1|Drampa, L50, F|
|poke|p1|Kingambit, L50, M|
|poke|p1|Delphox, L50, M|
|poke|p1|Sinistcha, L50|
|poke|p1|Sneasler, L50, M|
|poke|p1|Tauros-Paldea-Aqua, L50, M|
|poke|p2|Basculegion, L50, M|
|poke|p2|Farigiraf, L50, F|
|poke|p2|Glimmora, L50, F|
|poke|p2|Scrafty, L50, M|
|poke|p2|Sylveon, L50, M|
|poke|p2|Talonflame, L50, F|
|teampreview|4
|showteam|p1|Drampa||HabanBerry|CloudNine|LightScreen,Protect,HelpingHand,DracoMeteor|Sassy||F|||50|]Kingambit||BlackGlasses|Defiant|KowtowCleave,SuckerPunch,IronHead,Protect|Brave||M|||50|]Delphox||Delphoxite|Blaze|HeatWave,Psychic,CalmMind,Protect|Timid||M|||50|]Sinistcha||SitrusBerry|Hospitality|MatchaGotcha,Protect,RagePowder,TrickRoom|Relaxed|||||50|]Sneasler||FocusSash|PoisonTouch|PoisonJab,CloseCombat,FakeOut,Protect|Jolly||M|||50|]Tauros-Paldea-Aqua||ChoiceScarf|Intimidate|CloseCombat,RockSlide,WaveCrash,AquaJet|Jolly||M|||50|
|showteam|p2|Basculegion||LifeOrb|Adaptability|Protect,WaveCrash,LastRespects,AquaJet|Jolly||M|||50|]Farigiraf||SitrusBerry|ArmorTail|TwinBeam,Thunderbolt,HelpingHand,TrickRoom|Bold||F|||50|]Glimmora||Glimmoranite|ToxicDebris|SpikyShield,PowerGem,SludgeBomb,EarthPower|Timid||F|||50|]Scrafty||Scraftinite|Intimidate|CloseCombat,KnockOff,IronHead,FakeOut|Brave||M|||50|]Sylveon||FairyFeather|Pixilate|Protect,HyperVoice,HyperBeam,QuickAttack|Modest||M|||50|]Talonflame||SharpBeak|GaleWings|Protect,FlareBlitz,DualWingbeat,Tailwind|Jolly||F|||50|
|inactive|Battle timer is ON: inactive players will automatically lose when time's up. (requested by mb gang)
|inactive|mb gang has 60 seconds left.
|inactive|Gerald Hoppy has 60 seconds left.
|
|t:|1785882760
|teamsize|p1|4
|teamsize|p2|4
|start
|switch|p1a: Sinistcha|Sinistcha, L50|100/100
|switch|p1b: Kingambit|Kingambit, L50, M|100/100
|switch|p2a: Talonflame|Talonflame, L50, F|100/100
|switch|p2b: Glimmora|Glimmora, L50, F|100/100
|turn|1
|
|t:|1785882779
|detailschange|p2b: Glimmora|Glimmora-Mega, L50, F
|-mega|p2b: Glimmora|Glimmora|Glimmoranite
|move|p1a: Sinistcha|Rage Powder|p1a: Sinistcha
|-singleturn|p1a: Sinistcha|move: Rage Powder
|move|p2a: Talonflame|Flare Blitz|p1a: Sinistcha
|-supereffective|p1a: Sinistcha|1
|-damage|p1a: Sinistcha|42/100
|-status|p1a: Sinistcha|brn
|-enditem|p1a: Sinistcha|Sitrus Berry|[eat]
|-heal|p1a: Sinistcha|67/100 brn|[from] item: Sitrus Berry
|-damage|p2a: Talonflame|80/100|[from] Recoil
|move|p2b: Glimmora|Earth Power|p1a: Sinistcha
|-resisted|p1a: Sinistcha|1
|-damage|p1a: Sinistcha|48/100 brn
|move|p1b: Kingambit|Kowtow Cleave|p2a: Talonflame
|-damage|p2a: Talonflame|0 fnt
|faint|p2a: Talonflame
|
|-damage|p1a: Sinistcha|42/100 brn|[from] brn
|upkeep
|
|t:|1785882789
|switch|p2a: Scrafty|Scrafty, L50, M|100/100
|-ability|p2a: Scrafty|Intimidate|boost
|-unboost|p1a: Sinistcha|atk|1
|-unboost|p1b: Kingambit|atk|1
|-ability|p1b: Kingambit|Defiant|boost
|-boost|p1b: Kingambit|atk|2
|turn|2
|inactive|mb gang has 30 seconds left.
|
|t:|1785882815
|move|p1a: Sinistcha|Protect|p1a: Sinistcha
|-singleturn|p1a: Sinistcha|Protect
|move|p1b: Kingambit|Sucker Punch|p2a: Scrafty
|-resisted|p2a: Scrafty|2
|-damage|p2a: Scrafty|84/100
|move|p2b: Glimmora|Sludge Bomb|p1a: Sinistcha
|-activate|p1a: Sinistcha|move: Protect
|move|p2a: Scrafty|Close Combat|p1b: Kingambit
|-supereffective|p1b: Kingambit|2
|-damage|p1b: Kingambit|0 fnt
|-unboost|p2a: Scrafty|def|1
|-unboost|p2a: Scrafty|spd|1
|faint|p1b: Kingambit
|
|-damage|p1a: Sinistcha|35/100 brn|[from] brn
|upkeep
|
|t:|1785882825
|switch|p1b: Delphox|Delphox, L50, M|100/100
|turn|3
|inactive|Gerald Hoppy has 30 seconds left.
|inactive|Gerald Hoppy has 20 seconds left.
|
|t:|1785882864
|detailschange|p1b: Delphox|Delphox-Mega, L50, M
|-mega|p1b: Delphox|Delphox|Delphoxite
|move|p1b: Delphox|Psychic|p2b: Glimmora
|-supereffective|p2b: Glimmora|1
|-damage|p2b: Glimmora|0 fnt
|faint|p2b: Glimmora
|move|p1a: Sinistcha|Matcha Gotcha|p2a: Scrafty
|-damage|p2a: Scrafty|43/100
|-heal|p1a: Sinistcha|55/100 brn|[from] drain|[of] p2a: Scrafty
|move|p2a: Scrafty|Knock Off|p1b: Delphox
|-supereffective|p1b: Delphox|1
|-damage|p1b: Delphox|12/100
|
|-damage|p1a: Sinistcha|49/100 brn|[from] brn
|upkeep
|
|t:|1785882870
|switch|p2b: Basculegion|Basculegion, L50, M|100/100
|turn|4
|inactive|mb gang has 30 seconds left.
|
|t:|1785882901
|move|p1a: Sinistcha|Rage Powder|p1a: Sinistcha
|-singleturn|p1a: Sinistcha|move: Rage Powder
|move|p1b: Delphox|Heat Wave|p2b: Basculegion|[spread] p2a,p2b
|-resisted|p2b: Basculegion|1
|-damage|p2a: Scrafty|0 fnt
|-damage|p2b: Basculegion|75/100
|faint|p2a: Scrafty
|move|p2b: Basculegion|Last Respects|p1a: Sinistcha
|-supereffective|p1a: Sinistcha|1
|-damage|p1a: Sinistcha|0 fnt
|faint|p1a: Sinistcha
|-damage|p2b: Basculegion|65/100|[from] item: Life Orb
|
|upkeep
|
|t:|1785882909
|switch|p1a: Sneasler|Sneasler, L50, M|100/100
|turn|5
|
|t:|1785882927
|move|p1b: Delphox|Protect|p1b: Delphox
|-singleturn|p1b: Delphox|Protect
|move|p2b: Basculegion|Protect|p2b: Basculegion
|-singleturn|p2b: Basculegion|Protect
|move|p1a: Sneasler|Poison Jab|p2b: Basculegion
|-activate|p2b: Basculegion|move: Protect
|
|upkeep
|turn|6
|
|t:|1785882939
|move|p2b: Basculegion|Aqua Jet|p1b: Delphox
|-supereffective|p1b: Delphox|1
|-damage|p1b: Delphox|0 fnt
|faint|p1b: Delphox
|-damage|p2b: Basculegion|56/100|[from] item: Life Orb
|move|p1a: Sneasler|Poison Jab|p2b: Basculegion
|-resisted|p2b: Basculegion|1
|-damage|p2b: Basculegion|30/100
|
|upkeep
|turn|7
|
|t:|1785882950
|move|p1a: Sneasler|Poison Jab|p2b: Basculegion
|-resisted|p2b: Basculegion|1
|-damage|p2b: Basculegion|5/100
|-status|p2b: Basculegion|psn
|move|p2b: Basculegion|Last Respects|p1a: Sneasler
|-enditem|p1a: Sneasler|Focus Sash
|-damage|p1a: Sneasler|1/100
|-damage|p2b: Basculegion|0 fnt|[from] item: Life Orb
|faint|p2b: Basculegion
|
|win|mb gang
|raw|mb gang's rating: 1379 → 1398(+19 for winning)
|raw|Gerald Hoppy's rating: 1359 → 1340(-19 for losing)
|l|☆Gerald Hoppy
|player|p2|
