|j|☆benjitulio
|j|☆lkwejaf
|html|benjituliolkwejaf    
|uhtml|bestof|Game 1 of a best-of-3
|t:|1783292599
|gametype|doubles
|player|p1|benjitulio|wattson|1126
|player|p2|lkwejaf|giovanni|1046
|gen|9
|tier|[Gen 9 Champions] VGC 2026 Reg M-B (Bo3)
|rated|
|rule|Species Clause: Limit one of each Pokémon
|rule|Item Clause: Limit 1 of each item
|clearpoke
|poke|p1|Maushold-Four, L50|
|poke|p1|Incineroar, L50, F|
|poke|p1|Metagross, L50|
|poke|p1|Aerodactyl, L50, M|
|poke|p1|Primarina, L50, M|
|poke|p1|Sinistcha, L50|
|poke|p2|Pyroar, L50, F|
|poke|p2|Torkoal, L50, M|
|poke|p2|Staraptor, L50, M|
|poke|p2|Altaria, L50, M|
|poke|p2|Sceptile, L50, M|
|poke|p2|Raichu-Alola, L50, F|
|teampreview|4
|showteam|p1|Maushold-Four||FocusSash|FriendGuard|FollowMe,RainDance,PopulationBomb,SuperFang|Jolly|||||50|]Incineroar||ChopleBerry|Intimidate|FakeOut,FlareBlitz,PartingShot,DarkestLariat|Impish||F|||50|]Metagross||Metagrossite|ClearBody|IronHead,Protect,PsychicFangs,Earthquake|Adamant|||||50|]Aerodactyl||FocusBand|Unnerve|RockSlide,Protect,Tailwind,IceFang|Jolly||M|||50|]Primarina||ChoiceScarf|LiquidVoice|HyperVoice,HydroPump,IcyWind,Moonblast|Modest||M|||50|]Sinistcha||Leftovers|Hospitality|MatchaGotcha,LifeDew,ShadowBall,RagePowder|Calm|||||50|
|showteam|p2|Pyroar||Pyroarite|Unnerve|HeatWave,SolarBeam,Protect,Overheat|Timid||F|||50|]Torkoal||HeatRock|Drought|HelpingHand,HeatWave,SolarBeam,Protect|Quiet||M|||50|]Staraptor||ChoiceScarf|Intimidate|FinalGambit,CloseCombat,BraveBird,Uturn|Jolly||M|||50|]Altaria||Leftovers|CloudNine|PerishSong,Protect,Roost,Haze|Calm||M|||50|]Sceptile||Sceptilite|Overgrow|DragonPulse,EarthPower,EnergyBall,Protect|Timid||M|||50|]Raichu-Alola||FocusSash|SurgeSurfer|Discharge,RisingVoltage,ElectricTerrain,Protect|Timid||F|||50|
|
|t:|1783292645
|teamsize|p1|4
|teamsize|p2|4
|start
|switch|p1a: Sinistcha|Sinistcha, L50|100/100
|switch|p1b: Primarina|Primarina, L50, M|100/100
|switch|p2a: Staraptor|Staraptor, L50, M|100/100
|switch|p2b: Torkoal|Torkoal, L50, M|100/100
|-ability|p2a: Staraptor|Intimidate|boost
|-unboost|p1a: Sinistcha|atk|1
|-unboost|p1b: Primarina|atk|1
|-weather|SunnyDay|[from] ability: Drought|[of] p2b: Torkoal
|turn|1
|inactive|Battle timer is ON: inactive players will automatically lose when time's up. (requested by benjitulio)
|inactive|lkwejaf has 60 seconds left.
|
|t:|1783292676
|move|p2b: Torkoal|Protect|p2b: Torkoal
|-singleturn|p2b: Torkoal|Protect
|move|p1a: Sinistcha|Rage Powder|p1a: Sinistcha
|-singleturn|p1a: Sinistcha|move: Rage Powder
|move|p2a: Staraptor|U-turn|p1a: Sinistcha
|-damage|p1a: Sinistcha|82/100
|
|t:|1783292683
|switch|p2a: Pyroar|Pyroar, L50, F|100/100|[from] U-turn
|-ability|p2a: Pyroar|Unnerve
|move|p1b: Primarina|Hydro Pump|p2b: Torkoal
|-activate|p2b: Torkoal|move: Protect
|
|-weather|SunnyDay|[upkeep]
|-heal|p1a: Sinistcha|88/100|[from] item: Leftovers
|upkeep
|turn|2
|inactive|benjitulio has 30 seconds left.
|
|t:|1783292713
|detailschange|p2a: Pyroar|Pyroar-Mega, L50, F
|-mega|p2a: Pyroar|Pyroar|Pyroarite
|move|p2a: Pyroar|Heat Wave|p1a: Sinistcha|[spread] p1b
|-miss|p2a: Pyroar|p1a: Sinistcha
|-resisted|p1b: Primarina|1
|-damage|p1b: Primarina|54/100
|-status|p1b: Primarina|brn
|move|p1b: Primarina|Hydro Pump|p2a: Pyroar
|-supereffective|p2a: Pyroar|1
|-damage|p2a: Pyroar|26/100
|move|p1a: Sinistcha|Shadow Ball|p2b: Torkoal
|-damage|p2b: Torkoal|57/100
|move|p2b: Torkoal|Solar Beam||[still]
|-prepare|p2b: Torkoal|Solar Beam
|-anim|p2b: Torkoal|Solar Beam|p1b: Primarina
|-supereffective|p1b: Primarina|1
|-damage|p1b: Primarina|0 fnt
|faint|p1b: Primarina
|
|-weather|SunnyDay|[upkeep]
|-heal|p1a: Sinistcha|94/100|[from] item: Leftovers
|upkeep
|
|t:|1783292727
|switch|p1b: Maushold|Maushold-Four, L50|100/100
|turn|3
|
|t:|1783292741
|move|p2b: Torkoal|Helping Hand|p2a: Pyroar
|-singleturn|p2a: Pyroar|Helping Hand|[of] p2b: Torkoal
|move|p2a: Pyroar|Heat Wave|p1b: Maushold|[spread] p1a,p1b
|-supereffective|p1a: Sinistcha|1
|-crit|p1a: Sinistcha
|-damage|p1a: Sinistcha|0 fnt
|-enditem|p1b: Maushold|Focus Sash
|-damage|p1b: Maushold|1/100
|faint|p1a: Sinistcha
|move|p1b: Maushold|Rain Dance|p1b: Maushold
|-weather|RainDance
|
|-weather|RainDance|[upkeep]
|upkeep
|
|t:|1783292746
|switch|p1a: Metagross|Metagross, L50|100/100
|turn|4
|
|t:|1783292768
|switch|p2b: Altaria|Altaria, L50, M|100/100
|-ability|p2b: Altaria|Cloud Nine
|detailschange|p1a: Metagross|Metagross-Mega, L50
|-mega|p1a: Metagross|Metagross|Metagrossite
|move|p2a: Pyroar|Overheat|p1a: Metagross
|-supereffective|p1a: Metagross|1
|-damage|p1a: Metagross|0 fnt
|-unboost|p2a: Pyroar|spa|2
|faint|p1a: Metagross
|move|p1b: Maushold|Super Fang|p2b: Altaria
|-damage|p2b: Altaria|50/100y
|
|-weather|RainDance|[upkeep]
|-heal|p2b: Altaria|56/100|[from] item: Leftovers
|upkeep
|turn|5
|
|t:|1783292788
|move|p2a: Pyroar|Heat Wave|p1b: Maushold
|-damage|p1b: Maushold|0 fnt
|faint|p1b: Maushold
|
|win|lkwejaf
