|j|☆Cyclondo3
|j|☆tg100
|html|Cyclondo3tg100    
|uhtml|bestof|Game 2 of a best-of-3
|t:|1757782022
|gametype|doubles
|player|p1|Cyclondo3|hilbert|1030
|player|p2|tg100|1|1051
|gen|9
|tier|[Gen 9] VGC 2025 Reg H (Bo3)
|rated|
|rule|Species Clause: Limit one of each Pokémon
|rule|Item Clause: Limit 1 of each item
|clearpoke
|poke|p1|Sableye, L50, M|
|poke|p1|Vivillon, L50, M|
|poke|p1|Rillaboom, L50, F|
|poke|p1|Jolteon, L50, M|
|poke|p1|Sneasler, L50, F|
|poke|p1|Zoroark, L50, M|
|poke|p2|Tyranitar, L50, F|
|poke|p2|Excadrill, L50, F|
|poke|p2|Amoonguss, L50, M|
|poke|p2|Mimikyu, L50, F|
|poke|p2|Tatsugiri, L50, M|
|poke|p2|Dondozo, L50, M|
|teampreview|4
|showteam|p1|Sableye||SafetyGoggles|Prankster|Protect,Gravity,Disable,Encore|||M|||50|,,,,,Dark]Vivillon||FocusSash|CompoundEyes|Protect,SleepPowder,StruggleBug,Hurricane|||M|||50|,,,,,Grass]Rillaboom||AssaultVest|GrassySurge|Uturn,FakeOut,KnockOff,GrassyGlide|||F|||50|,,,,,Fire]Jolteon||FlameOrb|QuickFeet|Protect,Thunder,Thunderbolt,TeraBlast|||M|||50|,,,,,Ice]Sneasler||WhiteHerb|Unburden|Protect,FakeOut,CloseCombat,DireClaw|||F|||50|,,,,,Dark]Zoroark||LifeOrb|Illusion|Protect,Uturn,FoulPlay,NightDaze|||M|||50|,,,,,Bug
|showteam|p2|Tyranitar||AssaultVest|SandStream|KnockOff,RockSlide,TeraBlast,LowKick|||F|||50|,,,,,Flying]Excadrill||ClearAmulet|SandRush|Earthquake,HighHorsepower,IronHead,Protect|||F|||50|,,,,,Ghost]Amoonguss||SitrusBerry|Regenerator|PollenPuff,Spore,RagePowder,Protect|||M|||50|,,,,,Water]Mimikyu||SafetyGoggles|Disguise|SwordsDance,TrickRoom,PlayRough,ShadowSneak|||F|||50|,,,,,Steel]Tatsugiri||ChoiceScarf|Commander|DracoMeteor,MuddyWater,IcyWind,DragonPulse|||M|||50|,,,,,Ghost]Dondozo||Leftovers|Unaware|Protect,WaveCrash,Earthquake,OrderUp|||M|||50|,,,,,Steel
|inactive|Battle timer is ON: inactive players will automatically lose when time's up. (requested by Cyclondo3)
|c|☆Cyclondo3|Glhf
|
|t:|1757782050
|teamsize|p1|4
|teamsize|p2|4
|start
|switch|p1a: Sneasler|Sneasler, L50, F|100/100
|switch|p1b: Vivillon|Vivillon, L50, M|100/100
|switch|p2a: Tyranitar|Tyranitar, L50, F|100/100
|switch|p2b: Excadrill|Excadrill, L50, F|100/100
|-weather|Sandstorm|[from] ability: Sand Stream|[of] p2a: Tyranitar
|turn|1
|inactive|Cyclondo3 has 30 seconds left.
|
|t:|1757782076
|-terastallize|p2a: Tyranitar|Flying
|move|p1a: Sneasler|Fake Out|p2a: Tyranitar
|-damage|p2a: Tyranitar|87/100
|move|p2b: Excadrill|Earthquake|p1b: Vivillon|[spread] p1a
|-immune|p2a: Tyranitar
|-immune|p1b: Vivillon
|-supereffective|p1a: Sneasler
|-damage|p1a: Sneasler|0 fnt
|faint|p1a: Sneasler
|move|p1b: Vivillon|Sleep Powder|p2b: Excadrill
|-status|p2b: Excadrill|slp|[from] move: Sleep Powder
|cant|p2a: Tyranitar|flinch
|
|-weather|Sandstorm|[upkeep]
|-damage|p1b: Vivillon|95/100|[from] Sandstorm
|-damage|p2a: Tyranitar|81/100|[from] Sandstorm
|upkeep
|
|t:|1757782092
|switch|p1a: Jolteon|Jolteon, L50, M|100/100
|turn|2
|
|t:|1757782109
|cant|p2b: Excadrill|slp
|move|p1b: Vivillon|Hurricane|p2a: Tyranitar
|-crit|p2a: Tyranitar
|-damage|p2a: Tyranitar|36/100
|move|p1a: Jolteon|Thunder|p2a: Tyranitar
|-supereffective|p2a: Tyranitar
|-damage|p2a: Tyranitar|0 fnt
|faint|p2a: Tyranitar
|
|-weather|Sandstorm|[upkeep]
|-damage|p1b: Vivillon|89/100|[from] Sandstorm
|-damage|p1a: Jolteon|95/100|[from] Sandstorm
|-status|p1a: Jolteon|brn|[from] item: Flame Orb
|upkeep
|
|t:|1757782113
|switch|p2a: Tatsugiri|Tatsugiri, L50, M|100/100
|turn|3
|
|t:|1757782129
|-terastallize|p1a: Jolteon|Ice
|move|p1a: Jolteon|Tera Blast|p2b: Excadrill|[anim] Tera Blast Ice
|-damage|p2b: Excadrill|52/100 slp
|move|p2a: Tatsugiri|Draco Meteor|p1a: Jolteon
|-damage|p1a: Jolteon|28/100 brn
|-unboost|p2a: Tatsugiri|spa|2
|cant|p2b: Excadrill|slp
|move|p1b: Vivillon|Hurricane|p2b: Excadrill
|-resisted|p2b: Excadrill
|-damage|p2b: Excadrill|24/100 slp
|
|-weather|Sandstorm|[upkeep]
|-damage|p1a: Jolteon|22/100 brn|[from] Sandstorm
|-damage|p2a: Tatsugiri|94/100|[from] Sandstorm
|-damage|p1b: Vivillon|83/100|[from] Sandstorm
|-damage|p1a: Jolteon|16/100 brn|[from] brn
|upkeep
|turn|4
|
|t:|1757782155
|move|p1a: Jolteon|Thunderbolt|p2a: Tatsugiri
|-damage|p2a: Tatsugiri|34/100
|move|p2a: Tatsugiri|Draco Meteor|p1a: Jolteon|[miss]
|-miss|p2a: Tatsugiri|p1a: Jolteon
|cant|p2b: Excadrill|slp
|move|p1b: Vivillon|Sleep Powder|p2b: Excadrill
|-fail|p2b: Excadrill|slp
|
|-weather|Sandstorm|[upkeep]
|-damage|p1a: Jolteon|10/100 brn|[from] Sandstorm
|-damage|p2a: Tatsugiri|28/100|[from] Sandstorm
|-damage|p1b: Vivillon|77/100|[from] Sandstorm
|-damage|p1a: Jolteon|5/100 brn|[from] brn
|upkeep
|turn|5
|
|t:|1757782176
|switch|p1a: Rillaboom|Rillaboom, L50, F|100/100
|-fieldstart|move: Grassy Terrain|[from] ability: Grassy Surge|[of] p1a: Rillaboom
|move|p2a: Tatsugiri|Draco Meteor|p1b: Vivillon
|-damage|p1b: Vivillon|19/100
|-unboost|p2a: Tatsugiri|spa|2
|-curestatus|p2b: Excadrill|slp|[msg]
|move|p2b: Excadrill|Iron Head|p1b: Vivillon
|-damage|p1b: Vivillon|0 fnt
|faint|p1b: Vivillon
|
|-weather|none
|-heal|p2a: Tatsugiri|34/100|[from] Grassy Terrain
|-heal|p2b: Excadrill|30/100|[from] Grassy Terrain
|upkeep
|
|t:|1757782191
|switch|p1b: Jolteon|Jolteon, L50, M, tera:Ice|5/100 brn
|turn|6
|
|t:|1757782201
|switch|p2a: Dondozo|Dondozo, L50, M|100/100
|move|p2b: Excadrill|Protect|p2b: Excadrill
|-singleturn|p2b: Excadrill|Protect
|move|p1a: Rillaboom|Fake Out|p2b: Excadrill
|-activate|p2b: Excadrill|move: Protect
|move|p1b: Jolteon|Thunderbolt|p2a: Dondozo
|-supereffective|p2a: Dondozo
|-damage|p2a: Dondozo|1/100
|
|-heal|p1b: Jolteon|10/100 brn|[from] Grassy Terrain
|-heal|p2b: Excadrill|36/100|[from] Grassy Terrain
|-heal|p2a: Dondozo|8/100|[from] Grassy Terrain
|-heal|p2a: Dondozo|14/100|[from] item: Leftovers
|-damage|p1b: Jolteon|5/100 brn|[from] brn
|upkeep
|turn|7
|
|t:|1757782222
|move|p1a: Rillaboom|Grassy Glide|p2a: Dondozo
|-supereffective|p2a: Dondozo
|-damage|p2a: Dondozo|0 fnt
|faint|p2a: Dondozo
|move|p1b: Jolteon|Tera Blast|p2b: Excadrill|[anim] Tera Blast Ice
|-damage|p2b: Excadrill|0 fnt
|faint|p2b: Excadrill
|
|-heal|p1b: Jolteon|10/100 brn|[from] Grassy Terrain
|-damage|p1b: Jolteon|5/100 brn|[from] brn
|upkeep
|
|t:|1757782225
|switch|p2b: Tatsugiri|Tatsugiri, L50, M|34/100
|turn|8
|
|t:|1757782241
|move|p1a: Rillaboom|Grassy Glide|p2b: Tatsugiri
|-damage|p2b: Tatsugiri|0 fnt
|faint|p2b: Tatsugiri
|
|win|Cyclondo3
|c|☆Cyclondo3|Gg
||Cyclondo3 is ready for game 3.
|inactive|tg100 has 30 seconds to confirm battle start!
|inactive|tg100 has 20 seconds to confirm battle start!
|inactive|tg100 has 10 seconds to confirm battle start!
|uhtml|next|Next: Game 3 of 3
