|j|☆galloway2001
|j|☆nicven
|html|galloway2001nicven    
|uhtml|bestof|Game 1 of a best-of-3
|t:|1786035230
|gametype|doubles
|player|p1|galloway2001|265|1337
|player|p2|nicven|ghetsis|1235
|gen|9
|tier|[Gen 9 Champions] VGC 2026 Reg M-B (Bo3)
|rated|
|rule|Species Clause: Limit one of each Pokémon
|rule|Item Clause: Limit 1 of each item
|clearpoke
|poke|p1|Froslass, L50, F|
|poke|p1|Scovillain, L50, F|
|poke|p1|Lycanroc-Dusk, L50, M|
|poke|p1|Sneasler, L50, M|
|poke|p1|Kingambit, L50, M|
|poke|p1|Basculegion, L50, M|
|poke|p2|Froslass, L50, F|
|poke|p2|Sneasler, L50, F|
|poke|p2|Kingambit, L50, F|
|poke|p2|Basculegion, L50, M|
|poke|p2|Arcanine-Hisui, L50, M|
|poke|p2|Raichu, L50, M|
|teampreview|4
|showteam|p1|Froslass||Froslassite|CursedBody|Blizzard,ShadowBall,AuroraVeil,Protect|Modest||F|||50|]Scovillain||Scovillainite|Moody|Overheat,GigaDrain,RagePowder,Protect|Bold||F|||50|]Lycanroc-Dusk||FocusSash|ToughClaws|RockSlide,CloseCombat,Accelerock,Protect|Adamant||M|||50|]Sneasler||WhiteHerb|Unburden|FakeOut,CloseCombat,GunkShot,Protect|Adamant||M|||50|]Kingambit||BlackGlasses|Defiant|KowtowCleave,SuckerPunch,SwordsDance,Protect|Adamant||M|||50|]Basculegion||SitrusBerry|Adaptability|WaveCrash,LastRespects,AquaJet,Protect|Adamant||M|||50|
|showteam|p2|Froslass||Froslassite|CursedBody|Blizzard,ShadowBall,AuroraVeil,Protect|Timid||F|||50|]Sneasler||WhiteHerb|Unburden|CloseCombat,GunkShot,FakeOut,Protect|Adamant||F|||50|]Kingambit||LifeOrb|Defiant|KowtowCleave,SuckerPunch,SwordsDance,Protect|Adamant||F|||50|]Basculegion||SitrusBerry|Adaptability|WaveCrash,AquaJet,LastRespects,Protect|Adamant||M|||50|]Arcanine-Hisui||FocusSash|RockHead|RockSlide,FlareBlitz,HeadSmash,Protect|Adamant||M|||50|]Raichu||RaichuniteY|LightningRod|ZapCannon,FocusBlast,FakeOut,Protect|Timid||M|||50|
|inactive|Battle timer is ON: inactive players will automatically lose when time's up. (requested by galloway2001)
|
|t:|1786035278
|teamsize|p1|4
|teamsize|p2|4
|start
|switch|p1a: Scovillain|Scovillain, L50, F|100/100
|switch|p1b: Kingambit|Kingambit, L50, M|100/100
|switch|p2a: Raichu|Raichu, L50, M|100/100
|switch|p2b: Arcanine|Arcanine-Hisui, L50, M|100/100
|turn|1
|inactive|nicven has 30 seconds left.
|
|t:|1786035308
|detailschange|p2a: Raichu|Raichu-Mega-Y, L50, M
|-mega|p2a: Raichu|Raichu|Raichunite Y
|move|p1a: Scovillain|Protect|p1a: Scovillain
|-singleturn|p1a: Scovillain|Protect
|move|p1b: Kingambit|Protect|p1b: Kingambit
|-singleturn|p1b: Kingambit|Protect
|move|p2a: Raichu|Fake Out|p1b: Kingambit
|-activate|p1b: Kingambit|move: Protect
|move|p2b: Arcanine|Head Smash|p1a: Scovillain
|-activate|p1a: Scovillain|move: Protect
|
|-ability|p1a: Scovillain|Moody|boost
|-boost|p1a: Scovillain|spa|2
|-unboost|p1a: Scovillain|spe|1
|upkeep
|turn|2
|inactive|nicven has 30 seconds left.
|
|t:|1786035339
|move|p1a: Scovillain|Rage Powder|p1a: Scovillain
|-singleturn|p1a: Scovillain|move: Rage Powder
|move|p2a: Raichu|Zap Cannon|p1a: Scovillain
|-resisted|p1a: Scovillain|1
|-damage|p1a: Scovillain|58/100
|-status|p1a: Scovillain|par
|move|p2b: Arcanine|Head Smash|p1a: Scovillain|[miss]
|-miss|p2b: Arcanine|p1a: Scovillain
|move|p1b: Kingambit|Swords Dance|p1b: Kingambit
|-boost|p1b: Kingambit|atk|2
|
|-ability|p1a: Scovillain|Moody|boost
|-boost|p1a: Scovillain|def|2
|-unboost|p1a: Scovillain|spd|1
|upkeep
|turn|3
|
|t:|1786035362
|detailschange|p1a: Scovillain|Scovillain-Mega, L50, F
|-mega|p1a: Scovillain|Scovillain|Scovillainite
|move|p2a: Raichu|Protect|p2a: Raichu
|-singleturn|p2a: Raichu|Protect
|move|p1a: Scovillain|Rage Powder|p1a: Scovillain
|-singleturn|p1a: Scovillain|move: Rage Powder
|move|p1b: Kingambit|Sucker Punch|p2b: Arcanine
|-enditem|p2b: Arcanine|Focus Sash
|-damage|p2b: Arcanine|1/100
|move|p2b: Arcanine|Rock Slide|p1b: Kingambit|[spread] p1a,p1b
|-supereffective|p1a: Scovillain|1
|-resisted|p1b: Kingambit|1
|-damage|p1a: Scovillain|27/100 par
|-damage|p1b: Kingambit|88/100
|-immune|p2b: Arcanine
|
|upkeep
|turn|4
|
|t:|1786035385
|move|p2a: Raichu|Protect||[still]
|-fail|p2a: Raichu
|move|p1a: Scovillain|Rage Powder|p1a: Scovillain
|-singleturn|p1a: Scovillain|move: Rage Powder
|move|p1b: Kingambit|Sucker Punch||[still]
|-fail|p1b: Kingambit
|move|p2b: Arcanine|Flare Blitz|p1a: Scovillain
|-damage|p1a: Scovillain|0 fnt
|-immune|p2b: Arcanine
|faint|p1a: Scovillain
|
|upkeep
|
|t:|1786035394
|switch|p1a: Sneasler|Sneasler, L50, M|100/100
|turn|5
|
|t:|1786035413
|move|p2a: Raichu|Protect|p2a: Raichu
|-singleturn|p2a: Raichu|Protect
|move|p2b: Arcanine|Protect|p2b: Arcanine
|-singleturn|p2b: Arcanine|Protect
|move|p1b: Kingambit|Sucker Punch||[still]
|-fail|p1b: Kingambit
|move|p1a: Sneasler|Close Combat|p2b: Arcanine
|-activate|p2b: Arcanine|move: Protect
|
|upkeep
|turn|6
|inactive|nicven has 30 seconds left.
|
|t:|1786035448
|switch|p2a: Sneasler|Sneasler, L50, F|100/100
|move|p1b: Kingambit|Sucker Punch||[still]
|-fail|p1b: Kingambit
|move|p1a: Sneasler|Close Combat|p2b: Arcanine
|-supereffective|p2b: Arcanine|1
|-damage|p2b: Arcanine|0 fnt
|-unboost|p1a: Sneasler|def|1
|-unboost|p1a: Sneasler|spd|1
|faint|p2b: Arcanine
|-enditem|p1a: Sneasler|White Herb
|-clearnegativeboost|p1a: Sneasler|[silent]
|
|upkeep
|
|t:|1786035464
|switch|p2b: Kingambit|Kingambit, L50, F|100/100
|turn|7
|
|t:|1786035479
|move|p2a: Sneasler|Fake Out|p1a: Sneasler
|-damage|p1a: Sneasler|78/100
|cant|p1a: Sneasler|flinch
|move|p2b: Kingambit|Swords Dance|p2b: Kingambit
|-boost|p2b: Kingambit|atk|2
|move|p1b: Kingambit|Kowtow Cleave|p2a: Sneasler
|-resisted|p2a: Sneasler|1
|-damage|p2a: Sneasler|25/100
|
|upkeep
|turn|8
|
|t:|1786035503
|switch|p2a: Raichu|Raichu-Mega-Y, L50, M|100/100
|move|p2b: Kingambit|Sucker Punch|p1a: Sneasler
|-resisted|p1a: Sneasler|1
|-damage|p1a: Sneasler|0 fnt
|faint|p1a: Sneasler
|-damage|p2b: Kingambit|90/100|[from] item: Life Orb
|move|p1b: Kingambit|Sucker Punch||[still]
|-fail|p1b: Kingambit
|
|upkeep
|
|t:|1786035508
|switch|p1a: Basculegion|Basculegion, L50, M|100/100
|turn|9
|
|t:|1786035531
|move|p1b: Kingambit|Protect|p1b: Kingambit
|-singleturn|p1b: Kingambit|Protect
|move|p2a: Raichu|Fake Out|p1b: Kingambit
|-activate|p1b: Kingambit|move: Protect
|move|p1a: Basculegion|Wave Crash|p2b: Kingambit
|-damage|p2b: Kingambit|28/100
|-damage|p1a: Basculegion|80/100|[from] Recoil
|move|p2b: Kingambit|Kowtow Cleave|p1b: Kingambit
|-activate|p1b: Kingambit|move: Protect
|
|upkeep
|turn|10
|
|t:|1786035552
|move|p1a: Basculegion|Aqua Jet|p2b: Kingambit
|-damage|p2b: Kingambit|9/100
|move|p2b: Kingambit|Sucker Punch||[still]
|-fail|p2b: Kingambit
|move|p1b: Kingambit|Sucker Punch|p2a: Raichu
|-damage|p2a: Raichu|0 fnt
|faint|p2a: Raichu
|
|upkeep
|
|t:|1786035560
|switch|p2a: Sneasler|Sneasler, L50, F|25/100
|turn|11
|
|t:|1786035571
|move|p2a: Sneasler|Fake Out|p1b: Kingambit
|-resisted|p1b: Kingambit|1
|-damage|p1b: Kingambit|83/100
|move|p1a: Basculegion|Aqua Jet|p2b: Kingambit
|-damage|p2b: Kingambit|0 fnt
|faint|p2b: Kingambit
|cant|p1b: Kingambit|flinch
|
|upkeep
|turn|12
|-message|nicven forfeited.
|
|win|galloway2001
||galloway2001 is ready for game 2.
||nicven is ready for game 2.
|uhtml|next|Next: Game 2 of 3
|l|☆galloway2001
|player|p1|
