|j|☆TrevenantHugger
|j|☆colemarcusvgc
|html|TrevenantHuggercolemarcusvgc    
|uhtml|bestof|Game 3 of a best-of-3
|t:|1756968027
|gametype|doubles
|player|p1|TrevenantHugger|170|1161
|player|p2|colemarcusvgc|n|1178
|gen|9
|tier|[Gen 9] VGC 2025 Reg H (Bo3)
|rated|
|rule|Species Clause: Limit one of each Pokémon
|rule|Item Clause: Limit 1 of each item
|clearpoke
|poke|p1|Incineroar, L50, M|
|poke|p1|Annihilape, L50, F|
|poke|p1|Rillaboom, L50, M|
|poke|p1|Electabuzz, L50, F|
|poke|p1|Sneasler, L50, M|
|poke|p1|Primarina, L50, F|
|poke|p2|Indeedee-F, L50, F|
|poke|p2|Hatterene, L50, F|
|poke|p2|Gallade, L50, M|
|poke|p2|Ursaluna, L50, M|
|poke|p2|Lilligant-Hisui, L50, F|
|poke|p2|Torkoal, L50, M|
|teampreview|4
|showteam|p1|Incineroar||SafetyGoggles|Intimidate|FakeOut,PartingShot,FlareBlitz,KnockOff|||M|||50|,,,,,Grass]Annihilape||Leftovers|Defiant|DrainPunch,RageFist,Protect,BulkUp|||F|||50|,,,,,Fire]Rillaboom||AssaultVest|GrassySurge|GrassyGlide,FakeOut,DrumBeating,Uturn|||M|||50|,,,,,Fire]Electabuzz||Eviolite|VitalSpirit|FollowMe,Electroweb,Taunt,VoltSwitch|||F|||50|,,,,,Ghost]Sneasler||FocusSash|Unburden|CloseCombat,DireClaw,FakeOut,Protect|||M|||50|,,,,,Ghost]Primarina||SitrusBerry|LiquidVoice|Protect,HyperVoice,Moonblast,CalmMind|||F|||50|,,,,,Water
|showteam|p2|Indeedee-F||PsychicSeed|PsychicSurge|TrickRoom,FollowMe,HelpingHand,DazzlingGleam|||F|||50|,,,,,Fire]Hatterene||LifeOrb|MagicBounce|ExpandingForce,TrickRoom,DazzlingGleam,Protect|||F|||50|,,,,,Psychic]Gallade||ClearAmulet|Sharpness|PsychoCut,TrickRoom,SacredSword,WideGuard|||M|||50|,,,,,Grass]Ursaluna||FlameOrb|Guts|HeadlongRush,Facade,SwordsDance,Protect|||M|||50|,,,,,Ghost]Lilligant-Hisui||FocusSash|Chlorophyll|SolarBlade,SleepPowder,CloseCombat,AfterYou|||F|||50|,,,,,Ghost]Torkoal||ChoiceSpecs|Drought|Eruption,HeatWave,WeatherBall,EarthPower|||M|||50|,,,,,Fire
|inactive|Battle timer is ON: inactive players will automatically lose when time's up. (requested by TrevenantHugger)
|
|t:|1756968044
|teamsize|p1|4
|teamsize|p2|4
|start
|switch|p1a: Incineroar|Incineroar, L50, M|100/100
|switch|p1b: Primarina|Primarina, L50, F|100/100
|switch|p2a: Lilligant|Lilligant-Hisui, L50, F|100/100
|switch|p2b: Torkoal|Torkoal, L50, M|100/100
|-ability|p1a: Incineroar|Intimidate|boost
|-unboost|p2a: Lilligant|atk|1
|-unboost|p2b: Torkoal|atk|1
|-weather|SunnyDay|[from] ability: Drought|[of] p2b: Torkoal
|turn|1
|
|t:|1756968058
|switch|p2b: Indeedee|Indeedee-F, L50, F|100/100
|-fieldstart|move: Psychic Terrain|[from] ability: Psychic Surge|[of] p2b: Indeedee
|-enditem|p2b: Indeedee|Psychic Seed
|-boost|p2b: Indeedee|spd|1|[from] item: Psychic Seed
|move|p2a: Lilligant|Solar Blade||[still]
|-prepare|p2a: Lilligant|Solar Blade
|-anim|p2a: Lilligant|Solar Blade|p1b: Primarina
|-supereffective|p1b: Primarina
|-crit|p1b: Primarina
|-damage|p1b: Primarina|0 fnt
|faint|p1b: Primarina
|move|p1a: Incineroar|Knock Off|p2b: Indeedee
|-supereffective|p2b: Indeedee
|-damage|p2b: Indeedee|49/100
|
|-weather|SunnyDay|[upkeep]
|upkeep
|
|t:|1756968068
|switch|p1b: Annihilape|Annihilape, L50, F|100/100
|turn|2
|
|t:|1756968089
|move|p2a: Lilligant|Solar Blade||[still]
|-prepare|p2a: Lilligant|Solar Blade
|-anim|p2a: Lilligant|Solar Blade|p1b: Annihilape
|-damage|p1b: Annihilape|73/100
|move|p1b: Annihilape|Bulk Up|p1b: Annihilape
|-boost|p1b: Annihilape|atk|1
|-boost|p1b: Annihilape|def|1
|move|p1a: Incineroar|Flare Blitz|p2b: Indeedee
|-damage|p2b: Indeedee|0 fnt
|faint|p2b: Indeedee
|-damage|p1a: Incineroar|87/100|[from] Recoil
|
|-weather|SunnyDay|[upkeep]
|-heal|p1b: Annihilape|79/100|[from] item: Leftovers
|upkeep
|
|t:|1756968102
|switch|p2b: Torkoal|Torkoal, L50, M|100/100
|turn|3
|
|t:|1756968109
|-terastallize|p1b: Annihilape|Fire
|-terastallize|p2b: Torkoal|Fire
|move|p2a: Lilligant|Sleep Powder|p1b: Annihilape|[miss]
|-miss|p2a: Lilligant|p1b: Annihilape
|move|p1b: Annihilape|Rage Fist|p2b: Torkoal
|-damage|p2b: Torkoal|55/100
|move|p1a: Incineroar|Knock Off|p2b: Torkoal
|-damage|p2b: Torkoal|25/100
|-enditem|p2b: Torkoal|Choice Specs|[from] move: Knock Off|[of] p1a: Incineroar
|move|p2b: Torkoal|Eruption|p1a: Incineroar|[spread] p1a,p1b
|-resisted|p1a: Incineroar
|-resisted|p1b: Annihilape
|-damage|p1a: Incineroar|77/100
|-damage|p1b: Annihilape|69/100
|
|-weather|SunnyDay|[upkeep]
|-heal|p1b: Annihilape|75/100|[from] item: Leftovers
|upkeep
|turn|4
|inactive|colemarcusvgc has 30 seconds left.
|
|t:|1756968142
|switch|p1b: Rillaboom|Rillaboom, L50, M|100/100
|-fieldstart|move: Grassy Terrain|[from] ability: Grassy Surge|[of] p1b: Rillaboom
|switch|p2b: Ursaluna|Ursaluna, L50, M|100/100
|move|p2a: Lilligant|Sleep Powder|p1b: Rillaboom
|-immune|p1b: Rillaboom
|move|p1a: Incineroar|Flare Blitz|p2b: Ursaluna
|-damage|p2b: Ursaluna|48/100
|-damage|p1a: Incineroar|56/100|[from] Recoil
|
|-weather|SunnyDay|[upkeep]
|-heal|p1a: Incineroar|62/100|[from] Grassy Terrain
|-heal|p2b: Ursaluna|54/100|[from] Grassy Terrain
|-status|p2b: Ursaluna|brn|[from] item: Flame Orb
|upkeep
|turn|5
|inactive|TrevenantHugger has 30 seconds left.
|inactive|colemarcusvgc has 30 seconds left.
|
|t:|1756968172
|move|p2a: Lilligant|After You|p2b: Ursaluna
|-activate|p2b: Ursaluna|move: After You
|move|p2b: Ursaluna|Facade|p1b: Rillaboom
|-damage|p1b: Rillaboom|0 fnt
|faint|p1b: Rillaboom
|move|p1a: Incineroar|Parting Shot|p2b: Ursaluna
|-unboost|p2b: Ursaluna|atk|1
|-unboost|p2b: Ursaluna|spa|1
|
|t:|1756968177
|switch|p1a: Annihilape|Annihilape, L50, F, tera:Fire|75/100|[from] Parting Shot
|
|-weather|none
|-heal|p1a: Annihilape|81/100|[from] Grassy Terrain
|-heal|p1a: Annihilape|87/100|[from] item: Leftovers
|-heal|p2b: Ursaluna|60/100 brn|[from] Grassy Terrain
|-damage|p2b: Ursaluna|54/100 brn|[from] brn
|upkeep
|
|t:|1756968178
|switch|p1b: Incineroar|Incineroar, L50, M|62/100
|-ability|p1b: Incineroar|Intimidate|boost
|-unboost|p2a: Lilligant|atk|1
|-unboost|p2b: Ursaluna|atk|1
|turn|6
|inactive|colemarcusvgc has 30 seconds left.
|
|t:|1756968203
|switch|p2a: Torkoal|Torkoal, L50, M, tera:Fire|25/100
|-weather|SunnyDay|[from] ability: Drought|[of] p2a: Torkoal
|move|p2b: Ursaluna|Protect|p2b: Ursaluna
|-singleturn|p2b: Ursaluna|Protect
|move|p1a: Annihilape|Rage Fist|p2a: Torkoal
|-damage|p2a: Torkoal|0 fnt
|faint|p2a: Torkoal
|move|p1b: Incineroar|Flare Blitz|p2b: Ursaluna
|-activate|p2b: Ursaluna|move: Protect
|
|-weather|SunnyDay|[upkeep]
|-heal|p1a: Annihilape|93/100|[from] Grassy Terrain
|-heal|p1a: Annihilape|99/100|[from] item: Leftovers
|-heal|p1b: Incineroar|68/100|[from] Grassy Terrain
|-heal|p2b: Ursaluna|60/100 brn|[from] Grassy Terrain
|-damage|p2b: Ursaluna|54/100 brn|[from] brn
|upkeep
|
|t:|1756968220
|switch|p2a: Lilligant|Lilligant-Hisui, L50, F|100/100
|turn|7
|
|t:|1756968233
|move|p2a: Lilligant|After You|p2b: Ursaluna
|-activate|p2b: Ursaluna|move: After You
|move|p2b: Ursaluna|Facade|p1a: Annihilape
|-damage|p1a: Annihilape|46/100
|move|p1a: Annihilape|Drain Punch|p2b: Ursaluna
|-supereffective|p2b: Ursaluna
|-damage|p2b: Ursaluna|10/100 brn
|-heal|p1a: Annihilape|70/100|[from] drain|[of] p2b: Ursaluna
|move|p1b: Incineroar|Flare Blitz|p2b: Ursaluna
|-damage|p2b: Ursaluna|0 fnt
|faint|p2b: Ursaluna
|-damage|p1b: Incineroar|64/100|[from] Recoil
|
|-weather|SunnyDay|[upkeep]
|-heal|p1a: Annihilape|76/100|[from] Grassy Terrain
|-heal|p1a: Annihilape|82/100|[from] item: Leftovers
|-heal|p1b: Incineroar|70/100|[from] Grassy Terrain
|upkeep
|turn|8
|
|t:|1756968253
|move|p2a: Lilligant|Sleep Powder|p1a: Annihilape|[miss]
|-miss|p2a: Lilligant|p1a: Annihilape
|move|p1a: Annihilape|Rage Fist|p2a: Lilligant
|-enditem|p2a: Lilligant|Focus Sash
|-damage|p2a: Lilligant|1/100
|move|p1b: Incineroar|Flare Blitz|p2a: Lilligant
|-supereffective|p2a: Lilligant
|-damage|p2a: Lilligant|0 fnt
|faint|p2a: Lilligant
|-damage|p1b: Incineroar|70/100|[from] Recoil
|
|win|TrevenantHugger
|raw|TrevenantHugger's rating: 1161 → 1187(+26 for winning)
|raw|colemarcusvgc's rating: 1178 → 1152(-26 for losing)
|l|☆TrevenantHugger
|player|p1|
|c|☆colemarcusvgc|gg
