|j|☆SlaymonSays
|j|☆themismatcher
|html|SlaymonSaysthemismatcher    
|uhtml|bestof|Game 1 of a best-of-3
|t:|1757751065
|gametype|doubles
|player|p1|SlaymonSays|1|1367
|player|p2|themismatcher|benga|1446
|gen|9
|tier|[Gen 9] VGC 2025 Reg H (Bo3)
|rated|
|rule|Species Clause: Limit one of each Pokémon
|rule|Item Clause: Limit 1 of each item
|clearpoke
|poke|p1|Ursaluna-Bloodmoon, L50, M|
|poke|p1|Dragonite, L50, M|
|poke|p1|Gholdengo, L50|
|poke|p1|Rillaboom, L50, F|
|poke|p1|Incineroar, L50, F|
|poke|p1|Ninetales-Alola, L50, M|
|poke|p2|Pelipper, L50, M|
|poke|p2|Basculegion, L50, M|
|poke|p2|Amoonguss, L50, F|
|poke|p2|Archaludon, L50, M|
|poke|p2|Greninja-*, L50, F|
|poke|p2|Annihilape, L50, M|
|teampreview|4
|showteam|p1|Ursaluna-Bloodmoon||LifeOrb|MindsEye|BloodMoon,HyperVoice,EarthPower,Protect|||M|||50|,,,,,Normal]Dragonite||LoadedDice|InnerFocus|ScaleShot,Haze,Tailwind,Protect|||M|||50|,,,,,Fairy]Gholdengo||Leftovers|GoodasGold|MakeItRain,ShadowBall,NastyPlot,Protect||||||50|,,,,,Water]Rillaboom||AssaultVest|GrassySurge|FakeOut,GrassyGlide,WoodHammer,HighHorsepower|||F|||50|,,,,,Fire]Incineroar||SafetyGoggles|Intimidate|FakeOut,FlareBlitz,KnockOff,PartingShot|||F|||50|,,,,,Ghost]Ninetales-Alola||CovertCloak|SnowWarning|Blizzard,IcyWind,AuroraVeil,Encore|||M|||50|,,,,,Fire
|showteam|p2|Pelipper||FocusSash|Drizzle|WeatherBall,Hurricane,Tailwind,WideGuard|||M|||50|,,,,,Stellar]Basculegion||ChoiceBand|SwiftSwim|WaveCrash,FlipTurn,LastRespects,AquaJet|||M|||50|,,,,,Grass]Amoonguss||SitrusBerry|Regenerator|Spore,RagePowder,PollenPuff,ClearSmog|||F|||50|,,,,,Dark]Archaludon||AssaultVest|Stamina|DragonPulse,FlashCannon,ElectroShot,BodyPress|||M|||50|,,,,,Grass]Greninja||LoadedDice|Torrent|WaterShuriken,Protect,Taunt,RainDance|||F|||50|,,,,,Ghost]Annihilape||ChoiceScarf|Defiant|CloseCombat,RageFist,Uturn,FinalGambit|||M|||50|,,,,,Grass
|
|t:|1757751108
|teamsize|p1|4
|teamsize|p2|4
|start
|switch|p1a: Rillaboom|Rillaboom, L50, F|100/100
|switch|p1b: Gholdengo|Gholdengo, L50|100/100
|switch|p2a: Greninja|Greninja, L50, F|100/100
|switch|p2b: Annihilape|Annihilape, L50, M|100/100
|-fieldstart|move: Grassy Terrain|[from] ability: Grassy Surge|[of] p1a: Rillaboom
|turn|1
|
|t:|1757751137
|-terastallize|p2a: Greninja|Ghost
|move|p1b: Gholdengo|Protect|p1b: Gholdengo
|-singleturn|p1b: Gholdengo|Protect
|move|p2a: Greninja|Water Shuriken|p2b: Annihilape
|-damage|p2b: Annihilape|95/100
|-damage|p2b: Annihilape|90/100
|-damage|p2b: Annihilape|84/100
|-damage|p2b: Annihilape|78/100
|-hitcount|p2b: Annihilape|4
|move|p2b: Annihilape|Rage Fist|p1b: Gholdengo
|-activate|p1b: Gholdengo|move: Protect
|move|p1a: Rillaboom|Wood Hammer|p2b: Annihilape
|-damage|p2b: Annihilape|0 fnt
|faint|p2b: Annihilape
|-damage|p1a: Rillaboom|72/100|[from] Recoil
|
|-heal|p1a: Rillaboom|78/100|[from] Grassy Terrain
|upkeep
|
|t:|1757751151
|switch|p2b: Archaludon|Archaludon, L50, M|100/100
|turn|2
|
|t:|1757751162
|move|p2a: Greninja|Rain Dance|p2a: Greninja
|-weather|RainDance
|move|p1a: Rillaboom|Wood Hammer|p2a: Greninja
|-damage|p2a: Greninja|0 fnt
|faint|p2a: Greninja
|-damage|p1a: Rillaboom|48/100|[from] Recoil
|move|p2b: Archaludon|Electro Shot||[still]
|-prepare|p2b: Archaludon|Electro Shot
|-boost|p2b: Archaludon|spa|1
|-anim|p2b: Archaludon|Electro Shot|p1b: Gholdengo
|-damage|p1b: Gholdengo|39/100
|move|p1b: Gholdengo|Nasty Plot|p1b: Gholdengo
|-boost|p1b: Gholdengo|spa|2
|
|-weather|RainDance|[upkeep]
|-heal|p1a: Rillaboom|54/100|[from] Grassy Terrain
|-heal|p1b: Gholdengo|46/100|[from] Grassy Terrain
|-heal|p1b: Gholdengo|52/100|[from] item: Leftovers
|upkeep
|
|t:|1757751182
|switch|p2a: Pelipper|Pelipper, L50, M|100/100
|turn|3
|
|t:|1757751197
|switch|p1b: Ninetales|Ninetales-Alola, L50, M|100/100
|-weather|Snowscape|[from] ability: Snow Warning|[of] p1b: Ninetales
|move|p2b: Archaludon|Dragon Pulse|p1b: Ninetales
|-immune|p1b: Ninetales
|move|p1a: Rillaboom|Wood Hammer|p2a: Pelipper
|-enditem|p2a: Pelipper|Focus Sash
|-damage|p2a: Pelipper|1/100
|-damage|p1a: Rillaboom|31/100|[from] Recoil
|move|p2a: Pelipper|Hurricane|p1b: Ninetales|[miss]
|-miss|p2a: Pelipper|p1b: Ninetales
|
|-weather|Snowscape|[upkeep]
|-heal|p1a: Rillaboom|37/100|[from] Grassy Terrain
|upkeep
|turn|4
|
|t:|1757751221
|move|p2a: Pelipper|Wide Guard|p2a: Pelipper
|-singleturn|p2a: Pelipper|Wide Guard
|move|p1a: Rillaboom|Grassy Glide|p2a: Pelipper
|-damage|p2a: Pelipper|0 fnt
|faint|p2a: Pelipper
|move|p1b: Ninetales|Encore|p2b: Archaludon
|-start|p2b: Archaludon|Encore
|move|p2b: Archaludon|Dragon Pulse|p1b: Ninetales
|-immune|p1b: Ninetales
|
|-weather|Snowscape|[upkeep]
|-heal|p1a: Rillaboom|42/100|[from] Grassy Terrain
|upkeep
|turn|5
|
|t:|1757751232
|move|p1b: Ninetales|Blizzard|p2b: Archaludon
|-damage|p2b: Archaludon|69/100
|-ability|p2b: Archaludon|Stamina|boost
|-boost|p2b: Archaludon|def|1
|move|p2b: Archaludon|Dragon Pulse|p1a: Rillaboom
|-damage|p1a: Rillaboom|0 fnt
|faint|p1a: Rillaboom
|
|-weather|Snowscape|[upkeep]
|-heal|p2b: Archaludon|75/100|[from] Grassy Terrain
|-fieldend|move: Grassy Terrain
|upkeep
|
|t:|1757751237
|switch|p1a: Gholdengo|Gholdengo, L50|52/100
|turn|6
|
|t:|1757751240
|move|p1b: Ninetales|Blizzard|p2b: Archaludon
|-damage|p2b: Archaludon|43/100
|-ability|p2b: Archaludon|Stamina|boost
|-boost|p2b: Archaludon|def|1
|move|p2b: Archaludon|Dragon Pulse|p1a: Gholdengo
|-resisted|p1a: Gholdengo
|-damage|p1a: Gholdengo|22/100
|move|p1a: Gholdengo|Nasty Plot|p1a: Gholdengo
|-boost|p1a: Gholdengo|spa|2
|
|-weather|Snowscape|[upkeep]
|-heal|p1a: Gholdengo|28/100|[from] item: Leftovers
|-end|p2b: Archaludon|Encore
|upkeep
|turn|7
|
|t:|1757751254
|move|p1a: Gholdengo|Protect|p1a: Gholdengo
|-singleturn|p1a: Gholdengo|Protect
|move|p1b: Ninetales|Aurora Veil|p1b: Ninetales
|-sidestart|p1: SlaymonSays|move: Aurora Veil
|move|p2b: Archaludon|Dragon Pulse|p1a: Gholdengo
|-activate|p1a: Gholdengo|move: Protect
|
|-weather|none
|-heal|p1a: Gholdengo|35/100|[from] item: Leftovers
|upkeep
|turn|8
|
|t:|1757751264
|move|p1b: Ninetales|Encore|p2b: Archaludon
|-start|p2b: Archaludon|Encore
|move|p2b: Archaludon|Dragon Pulse|p1a: Gholdengo
|-resisted|p1a: Gholdengo
|-damage|p1a: Gholdengo|16/100
|move|p1a: Gholdengo|Shadow Ball|p2b: Archaludon
|-damage|p2b: Archaludon|0 fnt
|faint|p2b: Archaludon
|
|win|SlaymonSays
||themismatcher is ready for game 2.
||SlaymonSays is ready for game 2.
|uhtml|next|Next: Game 2 of 3
