|j|☆Arnauz10
|j|☆wennoboi
|html|Arnauz10wennoboi    
|uhtml|bestof|Game 2 of a best-of-3
|t:|1757675452
|gametype|doubles
|player|p1|Arnauz10|ghetsis|1105
|player|p2|wennoboi|blue|1044
|gen|9
|tier|[Gen 9] VGC 2025 Reg H (Bo3)
|rated|
|rule|Species Clause: Limit one of each Pokémon
|rule|Item Clause: Limit 1 of each item
|clearpoke
|poke|p1|Annihilape, L50, F|
|poke|p1|Dragonite, L50, F|
|poke|p1|Gholdengo, L50|
|poke|p1|Porygon2, L50|
|poke|p1|Ursaluna, L50, M|
|poke|p1|Incineroar, L50, F|
|poke|p2|Porygon2, L50|
|poke|p2|Sneasler, L50, M|
|poke|p2|Gholdengo, L50|
|poke|p2|Amoonguss, L50, F|
|poke|p2|Garchomp, L50, F|
|poke|p2|Incineroar, L50, M|
|teampreview|4
|showteam|p1|Annihilape||FocusSash|Defiant|RageFist,CloseCombat,Coaching,Taunt|||F|||50|,,,,,Stellar]Dragonite||LoadedDice|Multiscale|ScaleShot,Haze,Tailwind,Protect|||F|||50|,,,,,Fairy]Gholdengo||LifeOrb|GoodasGold|ShadowBall,MakeItRain,NastyPlot,Protect||||||50|,,,,,Water]Porygon2||Eviolite|Download|IceBeam,TeraBlast,Recover,TrickRoom||||||50|,,,,,Fighting]Ursaluna||FlameOrb|Guts|Facade,Earthquake,HeadlongRush,Protect|||M|||50|,,,,,Ghost]Incineroar||SafetyGoggles|Intimidate|FakeOut,KnockOff,FlareBlitz,PartingShot|||F|||50|,,,,,Ghost
|showteam|p2|Porygon2||Eviolite|Download|TeraBlast,IceBeam,Recover,TrickRoom||||||50|,,,,,Ground]Sneasler||FocusSash|PoisonTouch|CloseCombat,DireClaw,ThroatChop,Protect|||M|||50|,,,,,Flying]Gholdengo||LifeOrb|GoodasGold|MakeItRain,ShadowBall,NastyPlot,Protect||||||50|,,,,,Water]Amoonguss||SitrusBerry|Regenerator|PollenPuff,Spore,RagePowder,Protect|||F|||50|,,,,,Water]Garchomp||ClearAmulet|RoughSkin|Earthquake,StompingTantrum,DragonClaw,Protect|||F|||50|,,,,,Fire]Incineroar||SafetyGoggles|Intimidate|FlareBlitz,KnockOff,FakeOut,PartingShot|||M|||50|,,,,,Ghost
|
|t:|1757675480
|teamsize|p1|4
|teamsize|p2|4
|start
|switch|p1a: Dragonite|Dragonite, L50, F|100/100
|switch|p1b: Incineroar|Incineroar, L50, F|100/100
|switch|p2a: Porygon2|Porygon2, L50|100/100
|switch|p2b: Sneasler|Sneasler, L50, M|100/100
|-ability|p1b: Incineroar|Intimidate|boost
|-unboost|p2a: Porygon2|atk|1
|-unboost|p2b: Sneasler|atk|1
|-ability|p2a: Porygon2|Download|boost
|-boost|p2a: Porygon2|spa|1
|turn|1
|
|t:|1757675502
|switch|p2b: Incineroar|Incineroar, L50, M|100/100
|-ability|p2b: Incineroar|Intimidate|boost
|-unboost|p1a: Dragonite|atk|1
|-unboost|p1b: Incineroar|atk|1
|move|p1b: Incineroar|Fake Out|p2a: Porygon2
|-damage|p2a: Porygon2|96/100
|move|p1a: Dragonite|Tailwind|p1a: Dragonite
|-sidestart|p1: Arnauz10|move: Tailwind
|cant|p2a: Porygon2|flinch
|
|upkeep
|turn|2
|
|t:|1757675537
|move|p1a: Dragonite|Haze|p1a: Dragonite
|-clearallboost
|move|p1b: Incineroar|Knock Off|p2a: Porygon2
|-damage|p2a: Porygon2|73/100
|-enditem|p2a: Porygon2|Eviolite|[from] move: Knock Off|[of] p1b: Incineroar
|move|p2a: Porygon2|Tera Blast|p1b: Incineroar
|-damage|p1b: Incineroar|67/100
|move|p2b: Incineroar|Flare Blitz|p1b: Incineroar
|-resisted|p1b: Incineroar
|-damage|p1b: Incineroar|47/100
|-damage|p2b: Incineroar|94/100|[from] Recoil
|
|upkeep
|turn|3
|
|t:|1757675563
|move|p1a: Dragonite|Scale Shot|p2a: Porygon2
|-damage|p2a: Porygon2|59/100
|-damage|p2a: Porygon2|45/100
|-damage|p2a: Porygon2|31/100
|-damage|p2a: Porygon2|15/100
|-damage|p2a: Porygon2|2/100
|-hitcount|p2a: Porygon2|5
|-unboost|p1a: Dragonite|def|1
|-boost|p1a: Dragonite|spe|1
|move|p1b: Incineroar|Flare Blitz|p2a: Porygon2
|-damage|p2a: Porygon2|0 fnt
|faint|p2a: Porygon2
|-damage|p1b: Incineroar|46/100|[from] Recoil
|move|p2b: Incineroar|Knock Off|p1a: Dragonite
|-damage|p1a: Dragonite|66/100
|-enditem|p1a: Dragonite|Loaded Dice|[from] move: Knock Off|[of] p2b: Incineroar
|
|upkeep
|
|t:|1757675580
|switch|p2a: Gholdengo|Gholdengo, L50|100/100
|turn|4
|
|t:|1757675595
|switch|p1b: Ursaluna|Ursaluna, L50, M|100/100
|-terastallize|p2a: Gholdengo|Water
|move|p1a: Dragonite|Protect|p1a: Dragonite
|-singleturn|p1a: Dragonite|Protect
|move|p2a: Gholdengo|Make It Rain|p1b: Ursaluna|[spread] p1b
|-activate|p1a: Dragonite|move: Protect
|-damage|p1b: Ursaluna|45/100
|-unboost|p2a: Gholdengo|spa|1
|-damage|p2a: Gholdengo|91/100|[from] item: Life Orb
|move|p2b: Incineroar|Knock Off|p1b: Ursaluna
|-damage|p1b: Ursaluna|13/100
|-enditem|p1b: Ursaluna|Flame Orb|[from] move: Knock Off|[of] p2b: Incineroar
|
|-sideend|p1: Arnauz10|move: Tailwind
|upkeep
|turn|5
|
|t:|1757675621
|move|p1a: Dragonite|Tailwind|p1a: Dragonite
|-sidestart|p1: Arnauz10|move: Tailwind
|move|p1b: Ursaluna|Headlong Rush|p2b: Incineroar
|-supereffective|p2b: Incineroar
|-damage|p2b: Incineroar|0 fnt
|-unboost|p1b: Ursaluna|def|1
|-unboost|p1b: Ursaluna|spd|1
|faint|p2b: Incineroar
|move|p2a: Gholdengo|Make It Rain|p1b: Ursaluna|[spread] p1a,p1b
|-damage|p1a: Dragonite|24/100
|-damage|p1b: Ursaluna|0 fnt
|-unboost|p2a: Gholdengo|spa|1
|faint|p1b: Ursaluna
|-damage|p2a: Gholdengo|81/100|[from] item: Life Orb
|
|upkeep
|
|t:|1757675640
|switch|p1b: Gholdengo|Gholdengo, L50|100/100
|switch|p2b: Sneasler|Sneasler, L50, M|100/100
|turn|6
|
|t:|1757675687
|switch|p1a: Incineroar|Incineroar, L50, F|46/100
|-ability|p1a: Incineroar|Intimidate|boost
|-unboost|p2a: Gholdengo|atk|1
|-unboost|p2b: Sneasler|atk|1
|-terastallize|p1b: Gholdengo|Water
|move|p1b: Gholdengo|Nasty Plot|p1b: Gholdengo
|-boost|p1b: Gholdengo|spa|2
|move|p2b: Sneasler|Close Combat|p1a: Incineroar
|-supereffective|p1a: Incineroar
|-damage|p1a: Incineroar|0 fnt
|-unboost|p2b: Sneasler|def|1
|-unboost|p2b: Sneasler|spd|1
|faint|p1a: Incineroar
|move|p2a: Gholdengo|Shadow Ball|p1b: Gholdengo
|-damage|p1b: Gholdengo|72/100
|-unboost|p1b: Gholdengo|spd|1
|-damage|p2a: Gholdengo|72/100|[from] item: Life Orb
|
|upkeep
|
|t:|1757675697
|switch|p1a: Dragonite|Dragonite, L50, F|24/100
|turn|7
|
|t:|1757675722
|move|p2b: Sneasler|Protect|p2b: Sneasler
|-singleturn|p2b: Sneasler|Protect
|move|p1a: Dragonite|Scale Shot|p2b: Sneasler
|-activate|p2b: Sneasler|move: Protect
|move|p1b: Gholdengo|Shadow Ball|p2a: Gholdengo
|-damage|p2a: Gholdengo|0 fnt
|faint|p2a: Gholdengo
|-damage|p1b: Gholdengo|62/100|[from] item: Life Orb
|
|upkeep
|turn|8
|
|t:|1757675740
|move|p1a: Dragonite|Scale Shot|p2b: Sneasler
|-damage|p2b: Sneasler|65/100
|-damage|p2b: Sneasler|28/100
|-damage|p2b: Sneasler|0 fnt
|faint|p2b: Sneasler
|-hitcount|p2: Sneasler|3
|
|win|Arnauz10
|raw|Arnauz10's rating: 1105 → 1126(+21 for winning)
|raw|wennoboi's rating: 1044 → 1030(-14 for losing)
|l|☆wennoboi
|player|p2|
