|j|☆TheLackluster7
|j|☆Uninspire
|html|TheLackluster7Uninspire    
|uhtml|bestof|Game 1 of a best-of-3
|t:|1757661081
|gametype|doubles
|player|p1|TheLackluster7|juggler|1147
|player|p2|Uninspire|unknown|1176
|gen|9
|tier|[Gen 9] VGC 2025 Reg H (Bo3)
|rated|
|rule|Species Clause: Limit one of each Pokémon
|rule|Item Clause: Limit 1 of each item
|clearpoke
|poke|p1|Indeedee-F, L50, F|
|poke|p1|Armarouge, L50, M|
|poke|p1|Primarina, L50, F|
|poke|p1|Ursaluna-Bloodmoon, L50, M|
|poke|p1|Whimsicott, L50, M|
|poke|p1|Zoroark-Hisui, L50, M|
|poke|p2|Porygon2, L50|
|poke|p2|Incineroar, L50, M|
|poke|p2|Ursaluna, L50, F|
|poke|p2|Jumpluff, L50, M|
|poke|p2|Charizard, L50, M|
|poke|p2|Torkoal, L50, M|
|teampreview|4
|showteam|p1|Indeedee-F||SafetyGoggles|PsychicSurge|CalmMind,Psychic,FollowMe,TrickRoom|||F|||50|,,,,,Steel]Armarouge||LifeOrb|FlashFire|ArmorCannon,ExpandingForce,AuraSphere,TrickRoom|||M|||50|,,,,,Grass]Primarina||AssaultVest|LiquidVoice|HyperVoice,Moonblast,Psychic,IcyWind|||F|||50|,,,,,Fairy]Ursaluna-Bloodmoon||SilkScarf|MindsEye|Protect,BloodMoon,HyperVoice,EarthPower|||M|||50|,,,,,Ghost]Whimsicott||CovertCloak|Prankster|LightScreen,Tailwind,SunnyDay,Moonblast|||M|||50|,,,,,Dark]Zoroark-Hisui||FocusSash|Illusion|NastyPlot,HyperVoice,ShadowBall,Protect|||M|||50|,,,,,Stellar
|showteam|p2|Porygon2||Eviolite|Download|TeraBlast,IceBeam,TrickRoom,Recover||||||50|,,,,,Fighting]Incineroar||SitrusBerry|Intimidate|FakeOut,KnockOff,FlareBlitz,PartingShot|||M|||50|,,,,,Ghost]Ursaluna||FlameOrb|Guts|HeadlongRush,Facade,Earthquake,Protect|||F|||50|,,,,,Ghost]Jumpluff||CovertCloak|Chlorophyll|RagePowder,SunnyDay,Tailwind,SleepPowder|||M|||50|,,,,,Fire]Charizard||ChoiceSpecs|SolarPower|HeatWave,Overheat,WeatherBall,DragonPulse|||M|||50|,,,,,Ghost]Torkoal||EjectPack|Drought|Overheat,Eruption,HelpingHand,Protect|||M|||50|,,,,,Fire
|
|t:|1757661118
|teamsize|p1|4
|teamsize|p2|4
|start
|switch|p1a: Armarouge|Armarouge, L50, M|100/100
|switch|p1b: Primarina|Primarina, L50, F|100/100
|switch|p2a: Ursaluna|Ursaluna, L50, F, shiny|100/100
|switch|p2b: Incineroar|Incineroar, L50, M, shiny|100/100
|-ability|p2b: Incineroar|Intimidate|boost
|-unboost|p1a: Armarouge|atk|1
|-unboost|p1b: Primarina|atk|1
|turn|1
|
|t:|1757661134
|switch|p1a: Indeedee|Indeedee-F, L50, F|100/100
|-fieldstart|move: Psychic Terrain|[from] ability: Psychic Surge|[of] p1a: Indeedee
|switch|p2b: Jumpluff|Jumpluff, L50, M, shiny|100/100
|-terastallize|p2a: Ursaluna|Ghost
|move|p1b: Primarina|Hyper Voice|p2b: Jumpluff|[spread] p2a,p2b
|-resisted|p2b: Jumpluff
|-damage|p2a: Ursaluna|62/100
|-damage|p2b: Jumpluff|82/100
|move|p2a: Ursaluna|Earthquake|p1b: Primarina|[spread] p1a,p1b
|-immune|p2b: Jumpluff
|-damage|p1a: Indeedee|55/100
|-damage|p1b: Primarina|43/100
|
|-status|p2a: Ursaluna|brn|[from] item: Flame Orb
|upkeep
|turn|2
|
|t:|1757661153
|move|p1a: Indeedee|Follow Me|p1a: Indeedee
|-singleturn|p1a: Indeedee|move: Follow Me
|move|p2b: Jumpluff|Tailwind|p2b: Jumpluff
|-sidestart|p2: Uninspire|move: Tailwind
|move|p2a: Ursaluna|Earthquake|p1b: Primarina|[spread] p1a,p1b
|-immune|p2b: Jumpluff
|-damage|p1a: Indeedee|0 fnt
|-damage|p1b: Primarina|0 fnt
|faint|p1a: Indeedee
|faint|p1b: Primarina
|
|-damage|p2a: Ursaluna|56/100 brn|[from] brn
|upkeep
|
|t:|1757661159
|switch|p1a: Armarouge|Armarouge, L50, M|100/100
|switch|p1b: Ursaluna|Ursaluna-Bloodmoon, L50, M|100/100
|turn|3
|
|t:|1757661175
|-terastallize|p1a: Armarouge|Grass
|move|p1b: Ursaluna|Protect|p1b: Ursaluna
|-singleturn|p1b: Ursaluna|Protect
|move|p2b: Jumpluff|Sleep Powder|p1b: Ursaluna
|-activate|p1b: Ursaluna|move: Protect
|move|p2a: Ursaluna|Earthquake|p1a: Armarouge|[spread] p1a
|-activate|p1b: Ursaluna|move: Protect
|-immune|p2b: Jumpluff
|-resisted|p1a: Armarouge
|-damage|p1a: Armarouge|71/100
|move|p1a: Armarouge|Expanding Force|p2a: Ursaluna|[spread] p2a,p2b
|-damage|p2a: Ursaluna|0 fnt
|-damage|p2b: Jumpluff|3/100
|faint|p2a: Ursaluna
|-damage|p1a: Armarouge|62/100|[from] item: Life Orb
|
|upkeep
|
|t:|1757661179
|switch|p2a: Incineroar|Incineroar, L50, M, shiny|100/100
|-ability|p2a: Incineroar|Intimidate|boost
|-unboost|p1a: Armarouge|atk|1
|-unboost|p1b: Ursaluna|atk|1
|turn|4
|
|t:|1757661202
|move|p2b: Jumpluff|Sleep Powder|p1b: Ursaluna
|-status|p1b: Ursaluna|slp|[from] move: Sleep Powder
|move|p2a: Incineroar|Knock Off|p1a: Armarouge
|-damage|p1a: Armarouge|23/100
|-enditem|p1a: Armarouge|Life Orb|[from] move: Knock Off|[of] p2a: Incineroar
|move|p1a: Armarouge|Expanding Force|p2b: Jumpluff|[spread] p2b
|-immune|p2a: Incineroar
|-damage|p2b: Jumpluff|0 fnt
|faint|p2b: Jumpluff
|cant|p1b: Ursaluna|slp
|
|upkeep
|
|t:|1757661207
|switch|p2b: Porygon2|Porygon2, L50|100/100
|-ability|p2b: Porygon2|Download|boost
|-boost|p2b: Porygon2|spa|1
|turn|5
|
|t:|1757661216
|move|p2a: Incineroar|Knock Off|p1b: Ursaluna
|-damage|p1b: Ursaluna|59/100 slp
|-enditem|p1b: Ursaluna|Silk Scarf|[from] move: Knock Off|[of] p2a: Incineroar
|move|p2b: Porygon2|Ice Beam|p1a: Armarouge
|-supereffective|p1a: Armarouge
|-damage|p1a: Armarouge|0 fnt
|faint|p1a: Armarouge
|cant|p1b: Ursaluna|slp
|
|-sideend|p2: Uninspire|move: Tailwind
|-fieldend|move: Psychic Terrain
|upkeep
|turn|6
|
|t:|1757661227
|move|p2a: Incineroar|Flare Blitz|p1b: Ursaluna
|-damage|p1b: Ursaluna|9/100 slp
|-damage|p2a: Incineroar|84/100|[from] Recoil
|move|p2b: Porygon2|Ice Beam|p1b: Ursaluna
|-supereffective|p1b: Ursaluna
|-damage|p1b: Ursaluna|0 fnt
|faint|p1b: Ursaluna
|
|win|Uninspire
||TheLackluster7 is ready for game 2.
||Uninspire is ready for game 2.
|uhtml|next|Next: Game 2 of 3
|l|☆TheLackluster7
|player|p1|
|l|☆Uninspire
|player|p2|
