|j|☆Bruneauxx
|j|‽uahhhh
|html|Bruneauxxuahhhh    
|uhtml|bestof|Game 1 of a best-of-3
|t:|1756292914
|gametype|doubles
|player|p1|Bruneauxx|fisherman-gen4|1166
|player|p2|uahhhh|102|1190
|gen|9
|tier|[Gen 9] VGC 2025 Reg H (Bo3)
|rated|
|rule|Species Clause: Limit one of each Pokémon
|rule|Item Clause: Limit 1 of each item
|clearpoke
|poke|p1|Braviary-Hisui, L50, M|
|poke|p1|Sneasler, L50, F|
|poke|p1|Indeedee-F, L50, F|
|poke|p1|Sylveon, L50, M|
|poke|p1|Pelipper, L50, F|
|poke|p1|Archaludon, L50, F|
|poke|p2|Porygon2, L50|
|poke|p2|Pelipper, L50, M|
|poke|p2|Archaludon, L50, F|
|poke|p2|Tatsugiri, L50, F|
|poke|p2|Dondozo, L50, M|
|poke|p2|Kingambit, L50, F|
|teampreview|4
|showteam|p1|Braviary-Hisui||TwistedSpoon|TintedLens|ExpandingForce,AirSlash,EsperWing,Protect|||M|||50|,,,,,Psychic]Sneasler||PsychicSeed|Unburden|DireClaw,CloseCombat,ThroatChop,Protect|||F|||50|,,,,,Ghost]Indeedee-F||SafetyGoggles|PsychicSurge|DazzlingGleam,FollowMe,TrickRoom,HelpingHand|||F|||50|,,,,,Fairy]Sylveon||ThroatSpray|Pixilate|HyperVoice,TeraBlast,CalmMind,Protect|||M|||50|,,,,,Steel]Pelipper||FocusSash|Drizzle|Hurricane,WeatherBall,Tailwind,Protect|||F|||50|,,,,,Stellar]Archaludon||AssaultVest|Stamina|ElectroShot,Snarl,DragonPulse,BodyPress|||F|||50|,,,,,Grass
|showteam|p2|Porygon2||Eviolite|Download|TeraBlast,Recover,IceBeam,TrickRoom||||||50|,,,,,Flying]Pelipper||FocusSash|Drizzle|Hurricane,WeatherBall,Tailwind,Protect|||M|||50|,,,,,Grass]Archaludon||AssaultVest|Stamina|ElectroShot,DracoMeteor,BodyPress,FlashCannon|||F|||50|,,,,,Bug]Tatsugiri||ChoiceSpecs|Commander|MuddyWater,DracoMeteor,DragonPulse,IcyWind|||F|||50|,,,,,Steel]Dondozo||Leftovers|Unaware|WaveCrash,Earthquake,OrderUp,Protect|||M|||50|,,,,,Grass]Kingambit||SitrusBerry|Defiant|IronHead,Assurance,SuckerPunch,Protect|||F|||50|,,,,,Fire
|inactive|Battle timer is ON: inactive players will automatically lose when time's up. (requested by uahhhh)
|inactive|Bruneauxx has 60 seconds left.
|
|t:|1756292966
|teamsize|p1|4
|teamsize|p2|4
|start
|switch|p1a: Sneasler|Sneasler, L50, F|100/100
|switch|p1b: Indeedee|Indeedee-F, L50, F|100/100
|switch|p2a: Porygon2|Porygon2, L50|100/100
|switch|p2b: Dondozo|Dondozo, L50, M|100/100
|-fieldstart|move: Psychic Terrain|[from] ability: Psychic Surge|[of] p1b: Indeedee
|-enditem|p1a: Sneasler|Psychic Seed
|-boost|p1a: Sneasler|spd|1|[from] item: Psychic Seed
|-ability|p2a: Porygon2|Download|boost
|-boost|p2a: Porygon2|atk|1
|turn|1
|inactive|Bruneauxx has 30 seconds left.
|
|t:|1756293000
|switch|p1a: Braviary|Braviary-Hisui, L50, M|100/100
|move|p1b: Indeedee|Dazzling Gleam|p2a: Porygon2|[spread] p2a,p2b
|-damage|p2a: Porygon2|92/100
|-damage|p2b: Dondozo|86/100
|move|p2b: Dondozo|Wave Crash|p1a: Braviary
|-damage|p1a: Braviary|25/100
|-damage|p2b: Dondozo|67/100|[from] Recoil
|move|p2a: Porygon2|Trick Room|p2a: Porygon2
|-fieldstart|move: Trick Room|[of] p2a: Porygon2
|
|-heal|p2b: Dondozo|73/100|[from] item: Leftovers
|upkeep
|turn|2
|
|t:|1756293016
|-terastallize|p1a: Braviary|Psychic
|move|p1b: Indeedee|Follow Me|p1b: Indeedee
|-singleturn|p1b: Indeedee|move: Follow Me
|move|p2a: Porygon2|Tera Blast|p1b: Indeedee
|-damage|p1b: Indeedee|68/100
|move|p2b: Dondozo|Wave Crash|p1b: Indeedee
|-damage|p1b: Indeedee|6/100
|-damage|p2b: Dondozo|59/100|[from] Recoil
|move|p1a: Braviary|Expanding Force|p2a: Porygon2|[spread] p2a,p2b
|-damage|p2a: Porygon2|28/100
|-damage|p2b: Dondozo|0 fnt
|faint|p2b: Dondozo
|
|upkeep
|
|t:|1756293026
|switch|p2b: Kingambit|Kingambit, L50, F|100/100
|turn|3
|
|t:|1756293038
|switch|p1b: Archaludon|Archaludon, L50, F|100/100
|move|p1a: Braviary|Protect|p1a: Braviary
|-singleturn|p1a: Braviary|Protect
|move|p2a: Porygon2|Tera Blast|p1a: Braviary
|-activate|p1a: Braviary|move: Protect
|move|p2b: Kingambit|Iron Head|p1a: Braviary
|-activate|p1a: Braviary|move: Protect
|
|upkeep
|turn|4
|inactive|Bruneauxx has 30 seconds left.
|inactive|uahhhh has 30 seconds left.
|inactive|Bruneauxx has 20 seconds left.
|
|t:|1756293074
|-terastallize|p2b: Kingambit|Fire
|move|p2a: Porygon2|Recover|p2a: Porygon2
|-heal|p2a: Porygon2|78/100
|move|p2b: Kingambit|Iron Head|p1a: Braviary
|-damage|p1a: Braviary|0 fnt
|faint|p1a: Braviary
|move|p1b: Archaludon|Body Press|p2b: Kingambit
|-damage|p2b: Kingambit|83/100
|
|upkeep
|
|t:|1756293080
|switch|p1a: Sneasler|Sneasler, L50, F|100/100
|turn|5
|
|t:|1756293095
|move|p1a: Sneasler|Protect|p1a: Sneasler
|-singleturn|p1a: Sneasler|Protect
|move|p2a: Porygon2|Tera Blast|p1b: Archaludon
|-resisted|p1b: Archaludon
|-damage|p1b: Archaludon|87/100
|-ability|p1b: Archaludon|Stamina|boost
|-boost|p1b: Archaludon|def|1
|move|p2b: Kingambit|Assurance|p1b: Archaludon
|-damage|p1b: Archaludon|52/100
|-ability|p1b: Archaludon|Stamina|boost
|-boost|p1b: Archaludon|def|1
|move|p1b: Archaludon|Body Press|p2a: Porygon2
|-supereffective|p2a: Porygon2
|-damage|p2a: Porygon2|14/100
|
|-fieldend|move: Trick Room
|-fieldend|move: Psychic Terrain
|upkeep
|turn|6
|inactive|Bruneauxx has 30 seconds left.
|inactive|Bruneauxx has 20 seconds left.
|
|t:|1756293131
|move|p1a: Sneasler|Dire Claw|p2a: Porygon2
|-damage|p2a: Porygon2|0 fnt
|faint|p2a: Porygon2
|move|p1b: Archaludon|Body Press|p2b: Kingambit
|-damage|p2b: Kingambit|47/100
|-enditem|p2b: Kingambit|Sitrus Berry|[eat]
|-heal|p2b: Kingambit|72/100|[from] item: Sitrus Berry
|move|p2b: Kingambit|Iron Head|p1a: Sneasler
|-damage|p1a: Sneasler|20/100
|
|upkeep
|
|t:|1756293141
|switch|p2a: Archaludon|Archaludon, L50, F|100/100
|turn|7
|inactive|Bruneauxx has 30 seconds left.
|
|t:|1756293170
|switch|p1a: Indeedee|Indeedee-F, L50, F|6/100
|-fieldstart|move: Psychic Terrain|[from] ability: Psychic Surge|[of] p1a: Indeedee
|move|p2b: Kingambit|Sucker Punch||[still]
|-fail|p2b: Kingambit
|move|p1b: Archaludon|Body Press|p2b: Kingambit
|-crit|p2b: Kingambit
|-damage|p2b: Kingambit|21/100
|move|p2a: Archaludon|Draco Meteor|p1b: Archaludon
|-damage|p1b: Archaludon|1/100
|-unboost|p2a: Archaludon|spa|2
|-ability|p1b: Archaludon|Stamina|boost
|-boost|p1b: Archaludon|def|1
|
|upkeep
|turn|8
|inactive|uahhhh has 30 seconds left.
|
|t:|1756293196
|move|p1a: Indeedee|Follow Me|p1a: Indeedee
|-singleturn|p1a: Indeedee|move: Follow Me
|move|p1b: Archaludon|Body Press|p2a: Archaludon
|-supereffective|p2a: Archaludon
|-damage|p2a: Archaludon|18/100
|-ability|p2a: Archaludon|Stamina|boost
|-boost|p2a: Archaludon|def|1
|move|p2a: Archaludon|Flash Cannon|p1a: Indeedee
|-damage|p1a: Indeedee|0 fnt
|faint|p1a: Indeedee
|move|p2b: Kingambit|Iron Head|p1b: Archaludon
|-resisted|p1b: Archaludon
|-damage|p1b: Archaludon|0 fnt
|faint|p1b: Archaludon
|
|upkeep
|
|t:|1756293202
|switch|p1a: Sneasler|Sneasler, L50, F|20/100
|turn|9
|
|t:|1756293217
|move|p1a: Sneasler|Dire Claw|p2b: Kingambit
|-damage|p2b: Kingambit|0 fnt
|faint|p2b: Kingambit
|move|p2a: Archaludon|Flash Cannon|p1a: Sneasler
|-damage|p1a: Sneasler|0 fnt
|faint|p1a: Sneasler
|
|win|uahhhh
||uahhhh is ready for game 2.
||Bruneauxx is ready for game 2.
|uhtml|next|Next: Game 2 of 3
|l|‽uahhhh
|player|p2|
