|j|☆282839393m
|j|☆APurpleBot
|html|282839393mAPurpleBot    
|uhtml|bestof|Game 2 of a best-of-3
|t:|1783946504
|gametype|doubles
|player|p1|282839393m|102|1094
|player|p2|APurpleBot|dawn-gen4pt|1002
|gen|9
|tier|[Gen 9 Champions] VGC 2026 Reg M-B (Bo3)
|rated|
|rule|Species Clause: Limit one of each Pokémon
|rule|Item Clause: Limit 1 of each item
|clearpoke
|poke|p1|Gengar, L50, F|
|poke|p1|Basculegion, L50, M|
|poke|p1|Incineroar, L50, F|
|poke|p1|Politoed, L50, F|
|poke|p1|Archaludon, L50, M|
|poke|p1|Vivillon-Pokeball, L50, M|
|poke|p2|Kangaskhan, L50, F|
|poke|p2|Blaziken, L50, F|
|poke|p2|Decidueye-Hisui, L50, F|
|poke|p2|Raichu, L50, F|
|poke|p2|Kleavor, L50, M|
|poke|p2|Barbaracle, L50, M|
|teampreview|4
|showteam|p1|Gengar||Gengarite|CursedBody|Protect,ShadowBall,Disable,PerishSong|Calm||F|||50|]Basculegion||MysticWater|SwiftSwim|WaveCrash,LastRespects,FlipTurn,Protect|Adamant||M|||50|]Incineroar||PasshoBerry|Intimidate|FakeOut,PartingShot,Protect,ThroatChop|Impish||F|||50|]Politoed||SitrusBerry|Drizzle|PerishSong,Protect,Encore,WeatherBall|Calm||F|||50|]Archaludon||Magnet|Sturdy|ElectroShot,Protect,FlashCannon,DragonPulse|Timid||M|||50|]Vivillon-Pokeball||FocusSash|CompoundEyes|SleepPowder,Tailwind,Protect,PollenPuff|Jolly||M|||50|
|showteam|p2|Kangaskhan||Kangaskhanite|InnerFocus|DoubleEdge,Protect,FakeOut,DrainPunch|Jolly||F|||50|]Blaziken||ExpertBelt|SpeedBoost|HeatWave,Protect,ScorchingSands,AuraSphere|Modest||F|||50|]Decidueye-Hisui||ScopeLens|Scrappy|TripleArrows,LeafBlade,Tailwind,BrickBreak|Adamant||F|||50|]Raichu||RaichuniteX|LightningRod|FakeOut,VoltTackle,Feint,PlayRough|Jolly||F|||50|]Kleavor||FocusSash|Sharpness|Tailwind,RockSlide,XScissor,Uturn|Jolly||M|||50|]Barbaracle||WhiteHerb|ToughClaws|ShellSmash,Earthquake,Taunt,Liquidation|Adamant||M|||50|
|inactive|Battle timer is ON: inactive players will automatically lose when time's up. (requested by APurpleBot)
|inactive|APurpleBot has 60 seconds left.
|
|t:|1783946568
|teamsize|p1|4
|teamsize|p2|4
|start
|switch|p1a: Gengar|Gengar, L50, F|100/100
|switch|p1b: Politoed|Politoed, L50, F|100/100
|switch|p2a: Blaziken|Blaziken, L50, F|100/100
|switch|p2b: Raichu|Raichu, L50, F|100/100
|-weather|RainDance|[from] ability: Drizzle|[of] p1b: Politoed
|turn|1
|
|t:|1783946580
|detailschange|p2b: Raichu|Raichu-Mega-X, L50, F
|-mega|p2b: Raichu|Raichu|Raichunite X
|-fieldstart|move: Electric Terrain|[from] ability: Electric Surge|[of] p2b: Raichu
|detailschange|p1a: Gengar|Gengar-Mega, L50, F
|-mega|p1a: Gengar|Gengar|Gengarite
|move|p2b: Raichu|Volt Tackle|p1b: Politoed
|-supereffective|p1b: Politoed|1
|-damage|p1b: Politoed|0 fnt
|faint|p1b: Politoed
|-damage|p2b: Raichu|52/100|[from] Recoil
|move|p1a: Gengar|Perish Song|p1a: Gengar
|-start|p1a: Gengar|perish3|[silent]
|-start|p2a: Blaziken|perish3|[silent]
|-start|p2b: Raichu|perish3|[silent]
|-fieldactivate|move: Perish Song
|move|p2a: Blaziken|Scorching Sands|p1a: Gengar
|-supereffective|p1a: Gengar|1
|-damage|p1a: Gengar|39/100
|
|-weather|RainDance|[upkeep]
|-start|p2b: Raichu|perish3
|-start|p1a: Gengar|perish3
|-start|p2a: Blaziken|perish3
|-ability|p2a: Blaziken|Speed Boost|boost
|-boost|p2a: Blaziken|spe|1
|upkeep
|c|☆282839393m|I f ed up lol
|
|t:|1783946598
|switch|p1b: Incineroar|Incineroar, L50, F|100/100
|-ability|p1b: Incineroar|Intimidate|boost
|-unboost|p2a: Blaziken|atk|1
|-unboost|p2b: Raichu|atk|1
|turn|2
|inactive|282839393m has 30 seconds left.
|
|t:|1783946624
|move|p1b: Incineroar|Fake Out|p2b: Raichu
|-damage|p2b: Raichu|37/100
|move|p2a: Blaziken|Aura Sphere|p1b: Incineroar
|-supereffective|p1b: Incineroar|1
|-damage|p1b: Incineroar|25/100
|cant|p2b: Raichu|flinch
|move|p1a: Gengar|Disable|p2a: Blaziken
|-start|p2a: Blaziken|Disable|Aura Sphere
|
|-weather|RainDance|[upkeep]
|-start|p2a: Blaziken|perish2
|-start|p2b: Raichu|perish2
|-start|p1a: Gengar|perish2
|-ability|p2a: Blaziken|Speed Boost|boost
|-boost|p2a: Blaziken|spe|1
|upkeep
|turn|3
|
|t:|1783946631
|move|p1a: Gengar|Protect|p1a: Gengar
|-singleturn|p1a: Gengar|Protect
|move|p1b: Incineroar|Protect|p1b: Incineroar
|-singleturn|p1b: Incineroar|Protect
|move|p2b: Raichu|Feint|p1b: Incineroar
|-activate|p1b: Incineroar|move: Feint
|-damage|p1b: Incineroar|19/100
|move|p2a: Blaziken|Heat Wave|p1a: Gengar|[spread] p1b
|-activate|p1a: Gengar|move: Protect
|-resisted|p1b: Incineroar|1
|-damage|p1b: Incineroar|12/100
|
|-weather|RainDance|[upkeep]
|-start|p2a: Blaziken|perish1
|-start|p2b: Raichu|perish1
|-start|p1a: Gengar|perish1
|-ability|p2a: Blaziken|Speed Boost|boost
|-boost|p2a: Blaziken|spe|1
|upkeep
|turn|4
|
|t:|1783946652
|switch|p1a: Basculegion|Basculegion, L50, M|100/100
|move|p2a: Blaziken|Scorching Sands|p1a: Basculegion
|-damage|p1a: Basculegion|73/100
|-status|p1a: Basculegion|brn
|move|p2b: Raichu|Volt Tackle|p1b: Incineroar
|-damage|p1b: Incineroar|0 fnt
|faint|p1b: Incineroar
|-damage|p2b: Raichu|31/100|[from] Recoil
|
|-weather|RainDance|[upkeep]
|-damage|p1a: Basculegion|67/100 brn|[from] brn
|-start|p2a: Blaziken|perish0
|-start|p2b: Raichu|perish0
|faint|p2a: Blaziken
|faint|p2b: Raichu
|upkeep
|
|t:|1783946661
|switch|p2b: Kleavor|Kleavor, L50, M|100/100
|switch|p2a: Kangaskhan|Kangaskhan, L50, F|100/100
|switch|p1b: Gengar|Gengar-Mega, L50, F|39/100
|turn|5
|inactive|282839393m has 30 seconds left.
|inactive|APurpleBot has 30 seconds left.
|-message|APurpleBot forfeited.
|raw|282839393m's rating: 1094 → 1113(+19 for winning)
|raw|APurpleBot's rating: 1002 → 1000(-2 for losing)
|
|win|282839393m
|c|☆APurpleBot|No scrappy. Boowomp
|l|☆APurpleBot
|player|p2|
|c|☆282839393m|U had me pissing
|l|☆282839393m
|player|p1|
|j|☆282839393m
|player|p1|282839393m|102|
