|j|☆lald3n
|j|☆GS Barnabe
|html|lald3nGS Barnabe    
|uhtml|bestof|Game 1 of a best-of-3
|t:|1785851144
|gametype|doubles
|player|p1|lald3n|iris-gen5bw2|1102
|player|p2|GS Barnabe|barry|1196
|gen|9
|tier|[Gen 9 Champions] VGC 2026 Reg M-B (Bo3)
|rated|
|rule|Species Clause: Limit one of each Pokémon
|rule|Item Clause: Limit 1 of each item
|clearpoke
|poke|p1|Incineroar, L50, F|
|poke|p1|Froslass, L50, F|
|poke|p1|Overqwil, L50, M|
|poke|p1|Sneasler, L50, M|
|poke|p1|Infernape, L50, F|
|poke|p1|Raichu, L50, M|
|poke|p2|Clefable, L50, F|
|poke|p2|Tyranitar, L50, F|
|poke|p2|Garchomp, L50, M|
|poke|p2|Gholdengo, L50|
|poke|p2|Rotom-Wash, L50|
|poke|p2|Aerodactyl, L50, F|
|teampreview|4
|showteam|p1|Incineroar||SitrusBerry|Intimidate|FakeOut,PartingShot,WillOWisp,FlareBlitz|Careful||F|||50|]Froslass||Froslassite|CursedBody|AuroraVeil,Blizzard,PsychUp,Protect|Timid||F|||50|]Overqwil||Leftovers|Intimidate|Minimize,Substitute,BarbBarrage,Spite|Jolly||M|||50|]Sneasler||FocusSash|PoisonTouch|FakeOut,DireClaw,CloseCombat,Uturn|Jolly||M|||50|]Infernape||BrightPowder|IronFist|PsychUp,FakeOut,ThunderPunch,DrainPunch|Jolly||F|||50|]Raichu||RaichuniteY|LightningRod|FakeOut,FocusBlast,ZapCannon,Encore|Hasty||M|||50|
|showteam|p2|Clefable||SitrusBerry|Unaware|Moonblast,FollowMe,HealPulse,Protect|Bold||F|||50|]Tyranitar||ChoiceScarf|SandStream|RockSlide,KnockOff,IcePunch,Superpower|Jolly||F|||50|]Garchomp||Garchompite|SandVeil|DracoMeteor,EarthPower,PowerGem,Protect|Modest||M|||50|]Gholdengo||LifeOrb|GoodasGold|MakeItRain,ShadowBall,NastyPlot,Protect|Modest|||||50|]Rotom-Wash||Leftovers|Levitate|HydroPump,VoltSwitch,WillOWisp,Protect|Calm|||||50|]Aerodactyl||Aerodactylite|RockHead|RockSlide,DualWingbeat,Tailwind,Protect|Jolly||F|||50|
|inactive|Battle timer is ON: inactive players will automatically lose when time's up. (requested by lald3n)
|
|t:|1785851200
|teamsize|p1|4
|teamsize|p2|4
|start
|switch|p1a: Froslass|Froslass, L50, F|100/100
|switch|p1b: Overqwil|Overqwil, L50, M|100/100
|switch|p2a: Aerodactyl|Aerodactyl, L50, F|100/100
|switch|p2b: Tyranitar|Tyranitar, L50, F|100/100
|-weather|Sandstorm|[from] ability: Sand Stream|[of] p2b: Tyranitar
|-ability|p1b: Overqwil|Intimidate|boost
|-unboost|p2a: Aerodactyl|atk|1
|-unboost|p2b: Tyranitar|atk|1
|turn|1
|
|t:|1785851220
|switch|p1b: Incineroar|Incineroar, L50, F|100/100
|-ability|p1b: Incineroar|Intimidate|boost
|-unboost|p2a: Aerodactyl|atk|1
|-unboost|p2b: Tyranitar|atk|1
|move|p1a: Froslass|Protect|p1a: Froslass
|-singleturn|p1a: Froslass|Protect
|move|p2b: Tyranitar|Knock Off|p1b: Incineroar
|-resisted|p1b: Incineroar|1
|-damage|p1b: Incineroar|86/100
|-enditem|p1b: Incineroar|Sitrus Berry|[from] move: Knock Off|[of] p2b: Tyranitar
|move|p2a: Aerodactyl|Tailwind|p2a: Aerodactyl
|-sidestart|p2: GS Barnabe|move: Tailwind
|
|-weather|Sandstorm|[upkeep]
|-damage|p1a: Froslass|93/100|[from] Sandstorm
|-damage|p1b: Incineroar|80/100|[from] Sandstorm
|upkeep
|turn|2
|inactive|GS Barnabe has 30 seconds left.
|
|t:|1785851249
|switch|p2b: Gholdengo|Gholdengo, L50|100/100
|detailschange|p1a: Froslass|Froslass-Mega, L50, F
|-mega|p1a: Froslass|Froslass|Froslassite
|-weather|Snowscape|[from] ability: Snow Warning|[of] p1a: Froslass
|move|p1b: Incineroar|Fake Out|p2b: Gholdengo
|-immune|p2b: Gholdengo
|move|p2a: Aerodactyl|Rock Slide|p1a: Froslass|[spread] p1a
|-miss|p2a: Aerodactyl|p1b: Incineroar
|-supereffective|p1a: Froslass|1
|-damage|p1a: Froslass|72/100
|move|p1a: Froslass|Aurora Veil|p1a: Froslass
|-sidestart|p1: lald3n|move: Aurora Veil
|
|-weather|Snowscape|[upkeep]
|upkeep
|turn|3
|inactive|GS Barnabe has 30 seconds left.
|
|t:|1785851275
|switch|p1a: Overqwil|Overqwil, L50, M|100/100
|-ability|p1a: Overqwil|Intimidate|boost
|-unboost|p2a: Aerodactyl|atk|1
|-unboost|p2b: Gholdengo|atk|1
|move|p2a: Aerodactyl|Rock Slide|p1a: Overqwil|[spread] p1a
|-miss|p2a: Aerodactyl|p1b: Incineroar
|-damage|p1a: Overqwil|93/100
|move|p2b: Gholdengo|Nasty Plot|p2b: Gholdengo
|-boost|p2b: Gholdengo|spa|2
|move|p1b: Incineroar|Will-O-Wisp|p2a: Aerodactyl
|-status|p2a: Aerodactyl|brn
|
|-weather|Snowscape|[upkeep]
|-heal|p1a: Overqwil|98/100|[from] item: Leftovers
|-damage|p2a: Aerodactyl|93/100 brn|[from] brn
|upkeep
|turn|4
|inactive|GS Barnabe has 30 seconds left.
|inactive|GS Barnabe has 20 seconds left.
|
|t:|1785851315
|switch|p2a: Tyranitar|Tyranitar, L50, F|100/100
|-weather|Sandstorm|[from] ability: Sand Stream|[of] p2a: Tyranitar
|switch|p1a: Sneasler|Sneasler, L50, M|100/100
|move|p2b: Gholdengo|Make It Rain|p1b: Incineroar|[spread] p1a,p1b
|-resisted|p1b: Incineroar|1
|-enditem|p1a: Sneasler|Focus Sash
|-damage|p1a: Sneasler|1/100
|-damage|p1b: Incineroar|55/100
|-unboost|p2b: Gholdengo|spa|2
|-damage|p2b: Gholdengo|90/100|[from] item: Life Orb
|move|p1b: Incineroar|Parting Shot|p2a: Tyranitar
|-unboost|p2a: Tyranitar|atk|1
|-unboost|p2a: Tyranitar|spa|1
|
|t:|1785851325
|switch|p1b: Froslass|Froslass-Mega, L50, F|72/100|[from] Parting Shot
|-weather|Snowscape|[from] ability: Snow Warning|[of] p1b: Froslass
|
|-weather|Snowscape|[upkeep]
|-sideend|p2: GS Barnabe|move: Tailwind
|upkeep
|turn|5
|inactive|GS Barnabe has 30 seconds left.
|
|t:|1785851360
|switch|p2a: Aerodactyl|Aerodactyl, L50, F|93/100 brn
|move|p2b: Gholdengo|Protect|p2b: Gholdengo
|-singleturn|p2b: Gholdengo|Protect
|move|p1b: Froslass|Blizzard|p2a: Aerodactyl|[spread] p2a
|-activate|p2b: Gholdengo|move: Protect
|-supereffective|p2a: Aerodactyl|1
|-damage|p2a: Aerodactyl|0 fnt
|faint|p2a: Aerodactyl
|move|p1a: Sneasler|U-turn|p2b: Gholdengo
|-activate|p2b: Gholdengo|move: Protect
|
|-weather|Snowscape|[upkeep]
|upkeep
|
|t:|1785851380
|switch|p2a: Tyranitar|Tyranitar, L50, F|100/100
|-weather|Sandstorm|[from] ability: Sand Stream|[of] p2a: Tyranitar
|turn|6
|inactive|GS Barnabe has 30 seconds left.
|
|t:|1785851406
|switch|p1b: Incineroar|Incineroar, L50, F|55/100
|-ability|p1b: Incineroar|Intimidate|boost
|-unboost|p2a: Tyranitar|atk|1
|-unboost|p2b: Gholdengo|atk|1
|switch|p2a: Garchomp|Garchomp, L50, M|100/100
|move|p1a: Sneasler|Close Combat|p2a: Garchomp|[miss]
|-miss|p1a: Sneasler|p2a: Garchomp
|move|p2b: Gholdengo|Nasty Plot|p2b: Gholdengo
|-boost|p2b: Gholdengo|spa|2
|
|-weather|Sandstorm|[upkeep]
|-damage|p1a: Sneasler|0 fnt|[from] Sandstorm
|-damage|p1b: Incineroar|50/100y|[from] Sandstorm
|faint|p1a: Sneasler
|-sideend|p1: lald3n|move: Aurora Veil
|upkeep
|
|t:|1785851415
|switch|p1a: Froslass|Froslass-Mega, L50, F|72/100
|-weather|Snowscape|[from] ability: Snow Warning|[of] p1a: Froslass
|turn|7
|inactive|GS Barnabe has 30 seconds left.
|
|t:|1785851440
|switch|p2a: Tyranitar|Tyranitar, L50, F|100/100
|-weather|Sandstorm|[from] ability: Sand Stream|[of] p2a: Tyranitar
|move|p2b: Gholdengo|Protect|p2b: Gholdengo
|-singleturn|p2b: Gholdengo|Protect
|move|p1a: Froslass|Blizzard|p2a: Tyranitar|[spread] p2a
|-activate|p2b: Gholdengo|move: Protect
|-crit|p2a: Tyranitar
|-damage|p2a: Tyranitar|58/100
|move|p1b: Incineroar|Flare Blitz|p2b: Gholdengo
|-activate|p2b: Gholdengo|move: Protect
|
|-weather|Sandstorm|[upkeep]
|-damage|p1a: Froslass|66/100|[from] Sandstorm
|-damage|p1b: Incineroar|44/100|[from] Sandstorm
|upkeep
|turn|8
|inactive|GS Barnabe has 30 seconds left.
|
|t:|1785851465
|switch|p1a: Overqwil|Overqwil, L50, M|98/100
|-ability|p1a: Overqwil|Intimidate|boost
|-unboost|p2a: Tyranitar|atk|1
|-unboost|p2b: Gholdengo|atk|1
|move|p2a: Tyranitar|Rock Slide|p1a: Overqwil|[spread] p1a,p1b
|-supereffective|p1b: Incineroar|1
|-damage|p1a: Overqwil|79/100
|-damage|p1b: Incineroar|4/100
|move|p2b: Gholdengo|Make It Rain|p1b: Incineroar|[spread] p1a,p1b
|-resisted|p1b: Incineroar|1
|-damage|p1a: Overqwil|0 fnt
|-damage|p1b: Incineroar|0 fnt
|-unboost|p2b: Gholdengo|spa|2
|faint|p1a: Overqwil
|faint|p1b: Incineroar
|-damage|p2b: Gholdengo|80/100|[from] item: Life Orb
|
|-weather|Sandstorm|[upkeep]
|upkeep
|
|t:|1785851474
|switch|p1b: Froslass|Froslass-Mega, L50, F|66/100
|-weather|Snowscape|[from] ability: Snow Warning|[of] p1b: Froslass
|turn|9
|-message|lald3n forfeited.
|
|win|GS Barnabe
|l|☆lald3n
|player|p1|
||lald3n is ready for game 2.
