|j|☆magic 561
|j|☆maish
|html|magic 561maish    
|uhtml|bestof|Game 2 of a best-of-3
|t:|1755510742
|gametype|doubles
|player|p1|magic 561|169|1379
|player|p2|maish|veteran|1334
|gen|9
|tier|[Gen 9] VGC 2025 Reg H (Bo3)
|rated|
|rule|Species Clause: Limit one of each Pokémon
|rule|Item Clause: Limit 1 of each item
|clearpoke
|poke|p1|Hydreigon, L50, M|
|poke|p1|Metagross, L50|
|poke|p1|Ninetales-Alola, L50, M|
|poke|p1|Basculegion, L50, M|
|poke|p1|Kilowattrel, L50, M|
|poke|p1|Incineroar, L50, F|
|poke|p2|Charizard, L50, F|
|poke|p2|Torkoal, L50, M|
|poke|p2|Porygon2, L50|
|poke|p2|Incineroar, L50, M|
|poke|p2|Jumpluff, L50, F|
|poke|p2|Ursaluna, L50, F|
|teampreview|4
|showteam|p1|Hydreigon||LifeOrb|Levitate|DarkPulse,DracoMeteor,EarthPower,Protect|||M|||50|,,,,,Poison]Metagross||AssaultVest|ClearBody|BulletPunch,HeavySlam,PsychicFangs,HammerArm||||||50|,,,,,Water]Ninetales-Alola||NeverMeltIce|SnowWarning|Moonblast,IcyWind,Blizzard,Protect|||M|||50|,,,,,Ice]Basculegion||ChoiceScarf|Adaptability|WaveCrash,LastRespects,AquaJet,FlipTurn|||M|||50|,,,,,Grass]Kilowattrel||FocusSash|Competitive|Thunderbolt,AirSlash,Tailwind,Protect|||M|||50|,,,,,Ghost]Incineroar||SitrusBerry|Intimidate|KnockOff,FlareBlitz,PartingShot,FakeOut|||F|||50|,,,,,Ghost
|showteam|p2|Charizard||ChoiceSpecs|SolarPower|HeatWave,Overheat,WeatherBall,AirSlash|||F|||50|,,,,,Ghost]Torkoal||EjectPack|Drought|Eruption,Overheat,HelpingHand,Protect|||M|||50|,,,,,Fire]Porygon2||Eviolite|Download|TeraBlast,IceBeam,Recover,TrickRoom||||||50|,,,,,Fighting]Incineroar||SitrusBerry|Intimidate|FlareBlitz,KnockOff,FakeOut,PartingShot|||M|||50|,,,,,Ghost]Jumpluff||CovertCloak|Chlorophyll|SleepPowder,SunnyDay,RagePowder,Tailwind|||F|||50|,,,,,Water]Ursaluna||FlameOrb|Guts|HeadlongRush,Facade,Earthquake,Protect|||F|||50|,,,,,Ghost
|inactive|Battle timer is ON: inactive players will automatically lose when time's up. (requested by magic 561)
|inactive|maish also wants the timer to be on.
|
|t:|1755510767
|teamsize|p1|4
|teamsize|p2|4
|start
|switch|p1a: Kilowattrel|Kilowattrel, L50, M|100/100
|switch|p1b: Basculegion|Basculegion, L50, M|100/100
|switch|p2a: Torkoal|Torkoal, L50, M|100/100
|switch|p2b: Jumpluff|Jumpluff, L50, F|100/100
|-weather|SunnyDay|[from] ability: Drought|[of] p2a: Torkoal
|turn|1
|inactive|magic 561 has 30 seconds left.
|inactive|maish has 30 seconds left.
|
|t:|1755510802
|switch|p1a: Ninetales|Ninetales-Alola, L50, M|100/100
|-weather|Snowscape|[from] ability: Snow Warning|[of] p1a: Ninetales
|move|p1b: Basculegion|Wave Crash|p2a: Torkoal
|-supereffective|p2a: Torkoal
|-damage|p2a: Torkoal|0 fnt
|faint|p2a: Torkoal
|-damage|p1b: Basculegion|71/100|[from] Recoil
|move|p2b: Jumpluff|Tailwind|p2b: Jumpluff
|-sidestart|p2: maish|move: Tailwind
|
|-weather|Snowscape|[upkeep]
|upkeep
|
|t:|1755510813
|switch|p2a: Charizard|Charizard, L50, F|100/100
|turn|2
|
|t:|1755510829
|-terastallize|p2a: Charizard|Ghost
|move|p1a: Ninetales|Protect|p1a: Ninetales
|-singleturn|p1a: Ninetales|Protect
|move|p2b: Jumpluff|Sunny Day|p2b: Jumpluff
|-weather|SunnyDay
|move|p2a: Charizard|Heat Wave|p1b: Basculegion|[spread] p1b
|-activate|p1a: Ninetales|move: Protect
|-resisted|p1b: Basculegion
|-damage|p1b: Basculegion|6/100
|move|p1b: Basculegion|Wave Crash|p2a: Charizard
|-damage|p2a: Charizard|42/100
|-damage|p1b: Basculegion|0 fnt|[from] Recoil
|faint|p1b: Basculegion
|
|-weather|SunnyDay|[upkeep]
|-damage|p2a: Charizard|29/100|[from] ability: Solar Power|[of] p2a: Charizard
|upkeep
|
|t:|1755510835
|switch|p1b: Hydreigon|Hydreigon, L50, M|100/100
|turn|3
|
|t:|1755510846
|switch|p1a: Kilowattrel|Kilowattrel, L50, M|100/100
|move|p2b: Jumpluff|Sleep Powder|p1b: Hydreigon
|-status|p1b: Hydreigon|slp|[from] move: Sleep Powder
|move|p2a: Charizard|Heat Wave|p1b: Hydreigon|[spread] p1a,p1b
|-resisted|p1b: Hydreigon
|-enditem|p1a: Kilowattrel|Focus Sash
|-damage|p1a: Kilowattrel|1/100
|-damage|p1b: Hydreigon|31/100 slp
|cant|p1b: Hydreigon|slp
|
|-weather|SunnyDay|[upkeep]
|-damage|p2a: Charizard|17/100|[from] ability: Solar Power|[of] p2a: Charizard
|upkeep
|turn|4
|
|t:|1755510859
|move|p1a: Kilowattrel|Protect|p1a: Kilowattrel
|-singleturn|p1a: Kilowattrel|Protect
|move|p2b: Jumpluff|Sunny Day||[still]
|-fail|p2b: Jumpluff
|move|p2a: Charizard|Heat Wave|p1b: Hydreigon|[spread] p1b
|-activate|p1a: Kilowattrel|move: Protect
|-resisted|p1b: Hydreigon
|-damage|p1b: Hydreigon|0 fnt
|faint|p1b: Hydreigon
|
|-weather|SunnyDay|[upkeep]
|-damage|p2a: Charizard|4/100|[from] ability: Solar Power|[of] p2a: Charizard
|-sideend|p2: maish|move: Tailwind
|upkeep
|
|t:|1755510869
|switch|p1b: Ninetales|Ninetales-Alola, L50, M|100/100
|-weather|Snowscape|[from] ability: Snow Warning|[of] p1b: Ninetales
|turn|5
|
|t:|1755510886
|move|p1a: Kilowattrel|Air Slash|p2b: Jumpluff
|-supereffective|p2b: Jumpluff
|-damage|p2b: Jumpluff|28/100
|move|p1b: Ninetales|Blizzard|p2a: Charizard|[spread] p2a,p2b
|-supereffective|p2b: Jumpluff
|-damage|p2a: Charizard|0 fnt
|-damage|p2b: Jumpluff|0 fnt
|faint|p2a: Charizard
|faint|p2b: Jumpluff
|
|-weather|Snowscape|[upkeep]
|upkeep
|
|t:|1755510892
|switch|p2b: Ursaluna|Ursaluna, L50, F|100/100
|turn|6
|-message|maish forfeited.
|
|win|magic 561
|raw|magic 561's rating: 1379 → 1396(+17 for winning)
|raw|maish's rating: 1334 → 1317(-17 for losing)
|l|☆maish
|player|p2|
