|j|☆bearlover997
|j|☆yosiel
|html|bearlover997yosiel    
|uhtml|bestof|Game 1 of a best-of-3
|t:|1783380780
|gametype|doubles
|player|p1|bearlover997|sage|1066
|player|p2|yosiel|acetrainersnow|1000
|gen|9
|tier|[Gen 9 Champions] VGC 2026 Reg M-B (Bo3)
|rated|
|rule|Species Clause: Limit one of each Pokémon
|rule|Item Clause: Limit 1 of each item
|clearpoke
|poke|p1|Mamoswine, L50, F, shiny|
|poke|p1|Sinistcha, L50|
|poke|p1|Eelektross, L50, F|
|poke|p1|Oranguru, L50, F|
|poke|p1|Whimsicott, L50, M|
|poke|p1|Incineroar, L50, F|
|poke|p2|Hatterene, L50, F, shiny|
|poke|p2|Farigiraf, L50, F, shiny|
|poke|p2|Sinistcha-Masterpiece, L50, shiny|
|poke|p2|Lopunny, L50, F, shiny|
|poke|p2|Audino, L50, M, shiny|
|poke|p2|Milotic, L50, F, shiny|
|teampreview|4
|showteam|p1|Mamoswine||LifeOrb|Oblivious|IceShard,Earthquake,Protect,RockSlide|Adamant||F|||50|]Sinistcha||Leftovers|Hospitality|MatchaGotcha,RagePowder,Protect,TrickRoom|Relaxed|||||50|]Eelektross||Eelektrossite|Levitate|Discharge,Protect,Flamethrower,GigaDrain|Modest||F|||50|]Oranguru||MentalHerb|Telepathy|TrickRoom,Instruct,Protect,PsychicNoise|Sassy||F|||50|]Whimsicott||FocusSash|Prankster|Tailwind,Protect,Moonblast,Encore|Bold||M|||50|]Incineroar||PasshoBerry|Intimidate|FakeOut,PartingShot,FlareBlitz,CloseCombat|Adamant||F|||50|
|showteam|p2|Hatterene||FairyFeather|MagicBounce|DazzlingGleam,TrickRoom,AromaticMist,Protect|Relaxed||F|||50|]Farigiraf||ColburBerry|ArmorTail|TrickRoom,HelpingHand,TwinBeam,Protect|Relaxed||F|||50|]Sinistcha-Masterpiece||SitrusBerry|Hospitality|MatchaGotcha,TrickRoom,LifeDew,RagePowder|Sassy|||||50|]Lopunny||FocusSash|Limber|Protect,FakeOut,DrainPunch,Encore|Jolly||F|||50|]Audino||Audinite|Regenerator|Protect,DazzlingGleam,CalmMind,SimpleBeam|Quiet||M|||50|]Milotic||Leftovers|Competitive|IceBeam,Protect,MuddyWater,LifeDew|Relaxed||F|||50|
|inactive|Battle timer is ON: inactive players will automatically lose when time's up. (requested by bearlover997)
|
|t:|1783380798
|teamsize|p1|4
|teamsize|p2|4
|start
|switch|p1a: Mamoswine|Mamoswine, L50, F, shiny|100/100
|switch|p1b: Eelektross|Eelektross, L50, F|100/100
|switch|p2a: Farigiraf|Farigiraf, L50, F, shiny|100/100
|switch|p2b: Milotic|Milotic, L50, F, shiny|100/100
|turn|1
|
|t:|1783380812
|detailschange|p1b: Eelektross|Eelektross-Mega, L50, F
|-mega|p1b: Eelektross|Eelektross|Eelektrossite
|move|p2a: Farigiraf|Helping Hand|p2b: Milotic
|-singleturn|p2b: Milotic|Helping Hand|[of] p2a: Farigiraf
|move|p1a: Mamoswine|Earthquake|p2a: Farigiraf|[spread] p2a,p2b
|-immune|p1b: Eelektross|[from] ability: Eelevate
|-damage|p2a: Farigiraf|52/100
|-damage|p2b: Milotic|52/100
|-damage|p1a: Mamoswine|90/100|[from] item: Life Orb
|move|p1b: Eelektross|Discharge|p2b: Milotic|[spread] p2a,p2b
|-immune|p1a: Mamoswine
|-supereffective|p2b: Milotic|1
|-damage|p2a: Farigiraf|16/100
|-damage|p2b: Milotic|10/100
|move|p2b: Milotic|Muddy Water|p1a: Mamoswine|[spread] p1a,p1b
|-supereffective|p1a: Mamoswine|1
|-damage|p1a: Mamoswine|0 fnt
|-damage|p1b: Eelektross|68/100
|-unboost|p1b: Eelektross|accuracy|1
|faint|p1a: Mamoswine
|
|-heal|p2b: Milotic|16/100|[from] item: Leftovers
|upkeep
|
|t:|1783380829
|switch|p1a: Incineroar|Incineroar, L50, F|100/100
|-ability|p1a: Incineroar|Intimidate|boost
|-unboost|p2a: Farigiraf|atk|1
|-unboost|p2b: Milotic|atk|1
|-ability|p2b: Milotic|Competitive|boost
|-boost|p2b: Milotic|spa|2
|turn|2
|
|t:|1783380846
|move|p1a: Incineroar|Fake Out||[still]
|cant|p2a: Farigiraf|ability: Armor Tail|Fake Out|[of] p1a: Incineroar
|move|p1b: Eelektross|Discharge|p2a: Farigiraf|[spread] p1a,p2a
|-miss|p1b: Eelektross|p2b: Milotic
|-damage|p1a: Incineroar|69/100
|-damage|p2a: Farigiraf|0 fnt
|-status|p1a: Incineroar|par
|faint|p2a: Farigiraf
|-ability|p1b: Eelektross|Eelevate|boost
|-boost|p1b: Eelektross|spa|1
|move|p2b: Milotic|Muddy Water|p1b: Eelektross|[spread] p1b
|-miss|p2b: Milotic|p1a: Incineroar
|-damage|p1b: Eelektross|27/100
|
|-heal|p2b: Milotic|22/100|[from] item: Leftovers
|upkeep
|
|t:|1783380863
|switch|p2a: Hatterene|Hatterene, L50, F, shiny|100/100
|turn|3
|
|t:|1783380870
|move|p1b: Eelektross|Giga Drain|p2b: Milotic
|-supereffective|p2b: Milotic|1
|-damage|p2b: Milotic|0 fnt
|-heal|p1b: Eelektross|41/100|[from] drain|[of] p2b: Milotic
|faint|p2b: Milotic
|-ability|p1b: Eelektross|Eelevate|boost
|-boost|p1b: Eelektross|spa|1
|cant|p1a: Incineroar|par
|move|p2a: Hatterene|Trick Room|p2a: Hatterene
|-fieldstart|move: Trick Room|[of] p2a: Hatterene
|
|upkeep
|
|t:|1783380880
|switch|p2b: Audino|Audino, L50, M, shiny|100/100
|turn|4
|
|t:|1783380891
|detailschange|p2b: Audino|Audino-Mega, L50, M, shiny
|-mega|p2b: Audino|Audino|Audinite
|move|p1a: Incineroar|Parting Shot|p2b: Audino
|-unboost|p2b: Audino|atk|1
|-unboost|p2b: Audino|spa|1
|
|t:|1783380896
|switch|p1a: Sinistcha|Sinistcha, L50|100/100|[from] Parting Shot
|-heal|p1b: Eelektross|66/100|[from] ability: Hospitality|[of] p1a: Sinistcha
|move|p2a: Hatterene|Dazzling Gleam|p1a: Sinistcha|[spread] p1a,p1b
|-crit|p1a: Sinistcha
|-damage|p1a: Sinistcha|41/100
|-damage|p1b: Eelektross|34/100
|move|p2b: Audino|Dazzling Gleam|p1b: Eelektross|[spread] p1a,p1b
|-damage|p1a: Sinistcha|26/100
|-damage|p1b: Eelektross|21/100
|move|p1b: Eelektross|Giga Drain|p2b: Audino|[miss]
|-miss|p1b: Eelektross|p2b: Audino
|
|-heal|p1a: Sinistcha|33/100|[from] item: Leftovers
|upkeep
|turn|5
|
|t:|1783380916
|move|p1b: Eelektross|Protect|p1b: Eelektross
|-singleturn|p1b: Eelektross|Protect
|move|p2a: Hatterene|Dazzling Gleam|p1a: Sinistcha|[spread] p1a
|-activate|p1b: Eelektross|move: Protect
|-damage|p1a: Sinistcha|0 fnt
|faint|p1a: Sinistcha
|move|p2b: Audino|Dazzling Gleam|p1b: Eelektross
|-activate|p1b: Eelektross|move: Protect
|
|upkeep
|
|t:|1783380920
|switch|p1a: Incineroar|Incineroar, L50, F|69/100 par
|-ability|p1a: Incineroar|Intimidate|boost
|-unboost|p2a: Hatterene|atk|1
|-unboost|p2b: Audino|atk|1
|turn|6
|
|t:|1783380933
|move|p2b: Audino|Protect|p2b: Audino
|-singleturn|p2b: Audino|Protect
|cant|p1a: Incineroar|par
|move|p2a: Hatterene|Dazzling Gleam|p1b: Eelektross|[spread] p1a,p1b
|-damage|p1a: Incineroar|41/100 par
|-damage|p1b: Eelektross|0 fnt
|faint|p1b: Eelektross
|
|upkeep
|turn|7
|
|t:|1783380948
|move|p1a: Incineroar|Flare Blitz|p2a: Hatterene
|-damage|p2a: Hatterene|40/100
|-damage|p1a: Incineroar|25/100 par|[from] Recoil
|move|p2a: Hatterene|Aromatic Mist|p2b: Audino
|-boost|p2b: Audino|spd|1
|move|p2b: Audino|Simple Beam|p2a: Hatterene
|move|p2a: Hatterene|Simple Beam|p2b: Audino|[from] ability: Magic Bounce
|-ability|p2b: Audino|Simple|Healer|[from] move: Simple Beam
|
|-fieldend|move: Trick Room
|upkeep
|turn|8
|
|t:|1783380964
|move|p2a: Hatterene|Protect|p2a: Hatterene
|-singleturn|p2a: Hatterene|Protect
|move|p2b: Audino|Calm Mind|p2b: Audino
|-boost|p2b: Audino|spa|2
|-boost|p2b: Audino|spd|2
|move|p1a: Incineroar|Flare Blitz|p2a: Hatterene
|-activate|p2a: Hatterene|move: Protect
|
|upkeep
|turn|9
|
|t:|1783380975
|move|p2b: Audino|Dazzling Gleam|p1a: Incineroar
|-damage|p1a: Incineroar|0 fnt
|faint|p1a: Incineroar
|
|win|yosiel
