|j|☆MinasDevilCrobats
|j|☆Ggttmmhh
|html|MinasDevilCrobatsGgttmmhh    
|uhtml|bestof|Game 2 of a best-of-3
|t:|1755917408
|gametype|doubles
|player|p1|MinasDevilCrobats|darach-caitlin|1191
|player|p2|Ggttmmhh|169|1386
|gen|9
|tier|[Gen 9] VGC 2025 Reg H (Bo3)
|rated|
|rule|Species Clause: Limit one of each Pokémon
|rule|Item Clause: Limit 1 of each item
|clearpoke
|poke|p1|Dragapult, L50, M|
|poke|p1|Electabuzz, L50, M|
|poke|p1|Sneasler, L50, M|
|poke|p1|Primarina, L50, F|
|poke|p1|Gholdengo, L50|
|poke|p1|Whimsicott, L50, M|
|poke|p2|Weezing-Galar, L50, F|
|poke|p2|Typhlosion-Hisui, L50, F|
|poke|p2|Garchomp, L50, M|
|poke|p2|Corviknight, L50, M|
|poke|p2|Toedscruel, L50, M|
|poke|p2|Baxcalibur, L50, M|
|teampreview|4
|showteam|p1|Dragapult||ChoiceBand|ClearBody|DragonDarts,PhantomForce,Outrage,Uturn|||M|||50|,,,,,Dragon]Electabuzz||Eviolite|VitalSpirit|Electroweb,FollowMe,Taunt,Protect|||M|||50|,,,,,Ghost]Sneasler||FocusSash|Unburden|DireClaw,CloseCombat,FakeOut,Protect|||M|||50|,,,,,Stellar]Primarina||ThroatSpray|LiquidVoice|HyperVoice,Moonblast,Haze,Protect|||F|||50|,,,,,Poison]Gholdengo||LifeOrb|GoodasGold|MakeItRain,ShadowBall,NastyPlot,Protect||||||50|,,,,,Water]Whimsicott||CovertCloak|Prankster|Tailwind,Moonblast,Encore,FakeTears|||M|||50|,,,,,Water
|showteam|p2|Weezing-Galar||ChoiceSpecs|NeutralizingGas|SludgeBomb,StrangeSteam,DazzlingGleam,Flamethrower|||F|||50|,,,,,Flying]Typhlosion-Hisui||ChoiceScarf|Blaze|Overheat,Eruption,ShadowBall,HeatWave|||F|||50|,,,,,Fire]Garchomp||LifeOrb|RoughSkin|DragonClaw,StompingTantrum,Earthquake,Protect|||M|||50|,,,,,Ground]Corviknight||SitrusBerry|MirrorArmor|BraveBird,Roost,Tailwind,BulkUp|||M|||50|,,,,,Dragon]Toedscruel||CovertCloak|MyceliumMight|EarthPower,AcidSpray,Spore,RagePowder|||M|||50|,,,,,Water]Baxcalibur||LoadedDice|ThermalExchange|IcicleSpear,ScaleShot,Protect,SwordsDance|||M|||50|,,,,,Ghost
|
|t:|1755917431
|teamsize|p1|4
|teamsize|p2|4
|start
|switch|p1a: Whimsicott|Whimsicott, L50, M|100/100
|switch|p1b: Gholdengo|Gholdengo, L50|100/100
|switch|p2a: Typhlosion|Typhlosion-Hisui, L50, F|100/100
|switch|p2b: Corviknight|Corviknight, L50, M|100/100
|turn|1
|
|t:|1755917457
|switch|p1a: Primarina|Primarina, L50, F|100/100
|switch|p2b: Weezing|Weezing-Galar, L50, F|100/100
|-ability|p2b: Weezing|Neutralizing Gas
|-terastallize|p1b: Gholdengo|Water
|move|p2a: Typhlosion|Eruption|p1a: Primarina|[spread] p1a,p1b
|-resisted|p1a: Primarina
|-resisted|p1b: Gholdengo
|-damage|p1a: Primarina|76/100
|-damage|p1b: Gholdengo|71/100
|move|p1b: Gholdengo|Nasty Plot|p1b: Gholdengo
|-boost|p1b: Gholdengo|spa|2
|
|upkeep
|turn|2
|j| teamthief420
|inactive|Battle timer is ON: inactive players will automatically lose when time's up. (requested by MinasDevilCrobats)
|
|t:|1755917536
|move|p2a: Typhlosion|Eruption|p1b: Gholdengo|[spread] p1a,p1b
|-resisted|p1a: Primarina
|-resisted|p1b: Gholdengo
|-damage|p1a: Primarina|52/100
|-damage|p1b: Gholdengo|40/100
|move|p1b: Gholdengo|Make It Rain|p2a: Typhlosion|[spread] p2a,p2b
|-resisted|p2a: Typhlosion
|-supereffective|p2b: Weezing
|-damage|p2a: Typhlosion|15/100
|-damage|p2b: Weezing|0 fnt
|-unboost|p1b: Gholdengo|spa|1
|faint|p2b: Weezing
|-end|p2b: Weezing|ability: Neutralizing Gas
|-damage|p1b: Gholdengo|30/100|[from] item: Life Orb
|move|p1a: Primarina|Hyper Voice|p2a: Typhlosion
|-supereffective|p2a: Typhlosion
|-damage|p2a: Typhlosion|0 fnt
|faint|p2a: Typhlosion
|-enditem|p1a: Primarina|Throat Spray
|-boost|p1a: Primarina|spa|1|[from] item: Throat Spray
|
|upkeep
|
|t:|1755917545
|switch|p2a: Garchomp|Garchomp, L50, M|100/100
|switch|p2b: Corviknight|Corviknight, L50, M|100/100
|turn|3
|
|t:|1755917565
|-terastallize|p2a: Garchomp|Ground
|move|p2a: Garchomp|Earthquake|p1b: Gholdengo|[spread] p1a,p1b
|-immune|p2b: Corviknight
|-damage|p1a: Primarina|0 fnt
|-damage|p1b: Gholdengo|0 fnt
|faint|p1a: Primarina
|faint|p1b: Gholdengo
|-damage|p2a: Garchomp|91/100|[from] item: Life Orb
|move|p2b: Corviknight|Tailwind|p2b: Corviknight
|-sidestart|p2: Ggttmmhh|move: Tailwind
|
|upkeep
|
|t:|1755917574
|switch|p1b: Dragapult|Dragapult, L50, M|100/100
|switch|p1a: Whimsicott|Whimsicott, L50, M|100/100
|turn|4
|inactive|MinasDevilCrobats has 30 seconds left.
|inactive|Ggttmmhh has 30 seconds left.
|
|t:|1755917602
|move|p1a: Whimsicott|Encore|p2b: Corviknight
|-start|p2b: Corviknight|Encore
|move|p2a: Garchomp|Dragon Claw|p1b: Dragapult
|-supereffective|p1b: Dragapult
|-damage|p1b: Dragapult|0 fnt
|faint|p1b: Dragapult
|-damage|p2a: Garchomp|81/100|[from] item: Life Orb
|move|p2b: Corviknight|Tailwind||[still]
|-fail|p2b: Corviknight
|
|upkeep
|turn|5
|inactive|Ggttmmhh has 30 seconds left.
|inactive|Ggttmmhh has 20 seconds left.
|
|t:|1755917640
|move|p2a: Garchomp|Protect|p2a: Garchomp
|-singleturn|p2a: Garchomp|Protect
|move|p1a: Whimsicott|Encore|p2a: Garchomp
|-activate|p2a: Garchomp|move: Protect
|move|p2b: Corviknight|Tailwind||[still]
|-fail|p2b: Corviknight
|
|upkeep
|turn|6
|
|t:|1755917660
|move|p2a: Garchomp|Protect|p2a: Garchomp
|-singleturn|p2a: Garchomp|Protect
|move|p1a: Whimsicott|Encore|p2a: Garchomp
|-activate|p2a: Garchomp|move: Protect
|move|p2b: Corviknight|Tailwind||[still]
|-fail|p2b: Corviknight
|
|-end|p2b: Corviknight|Encore
|-sideend|p2: Ggttmmhh|move: Tailwind
|upkeep
|turn|7
|-message|MinasDevilCrobats forfeited.
|
|win|Ggttmmhh
|raw|MinasDevilCrobats's rating: 1191 → 1179(-12 for losing)
|raw|Ggttmmhh's rating: 1386 → 1396(+10 for winning)
