|j|☆srTerror
|j|☆fkk567
|html|srTerrorfkk567    
|uhtml|bestof|Game 2 of a best-of-3
|t:|1785933305
|gametype|doubles
|player|p1|srTerror|266|1171
|player|p2|fkk567|winona-gen6|1000
|gen|9
|tier|[Gen 9 Champions] VGC 2026 Reg M-B (Bo3)
|rated|
|rule|Species Clause: Limit one of each Pokémon
|rule|Item Clause: Limit 1 of each item
|clearpoke
|poke|p1|Dragonite, L50, M|
|poke|p1|Milotic, L50, M|
|poke|p1|Sneasler, L50, M|
|poke|p1|Charizard, L50, F|
|poke|p1|Gholdengo, L50|
|poke|p1|Whimsicott, L50, M|
|poke|p2|Dragonite, L50, F|
|poke|p2|Gholdengo, L50|
|poke|p2|Whimsicott, L50, M|
|poke|p2|Floette-Eternal, L50, F|
|poke|p2|Maushold-Four, L50|
|poke|p2|Samurott-Hisui, L50, M|
|teampreview|4
|showteam|p1|Dragonite||LifeOrb|InnerFocus|Protect,DragonClaw,ExtremeSpeed,LowKick|Adamant||M|||50|]Milotic||Leftovers|Competitive|Scald,IceBeam,Recover,Protect|Modest||M|||50|]Sneasler||WhiteHerb|Unburden|GunkShot,FakeOut,CloseCombat,Coaching|Adamant||M|||50|]Charizard||CharizarditeY|Blaze|Protect,HeatWave,WeatherBall,SolarBeam|Modest||F|||50|]Gholdengo||FocusSash|GoodasGold|Protect,ShadowBall,PowerGem,MakeItRain|Modest|||||50|]Whimsicott||FairyFeather|Prankster|Protect,Moonblast,Encore,Tailwind|Timid||M|||50|
|showteam|p2|Dragonite||ChoiceScarf|InnerFocus|Outrage,BreakingSwipe,RockSlide,Superpower|Adamant||F|||50|]Gholdengo||FocusSash|GoodasGold|MakeItRain,ShadowBall,PowerGem,Protect|Modest|||||50|]Whimsicott||OccaBerry|Prankster|Moonblast,Tailwind,Encore,Protect|Timid||M|||50|]Floette-Eternal||Floettite|FlowerVeil|Moonblast,DazzlingGleam,LightofRuin,Protect|Modest||F|||50|]Maushold-Four||WideLens|Technician|PopulationBomb,Feint,FollowMe,Protect|Adamant|||||50|]Samurott-Hisui||LifeOrb|Sharpness|NightSlash,SuckerPunch,SacredSword,Protect|Adamant||M|||50|
|inactive|Battle timer is ON: inactive players will automatically lose when time's up. (requested by srTerror)
|inactive|srTerror has 60 seconds left.
|
|t:|1785933342
|teamsize|p1|4
|teamsize|p2|4
|start
|switch|p1a: Sneasler|Sneasler, L50, M|100/100
|switch|p1b: Gholdengo|Gholdengo, L50|100/100
|switch|p2a: Gholdengo|Gholdengo, L50|100/100
|switch|p2b: Dragonite|Dragonite, L50, F|100/100
|turn|1
|inactive|srTerror has 30 seconds left.
|
|t:|1785933368
|move|p2b: Dragonite|Rock Slide|p1b: Gholdengo|[spread] p1a,p1b
|-resisted|p1a: Sneasler|1
|-resisted|p1b: Gholdengo|1
|-damage|p1a: Sneasler|87/100
|-damage|p1b: Gholdengo|87/100
|move|p1a: Sneasler|Gunk Shot|p2b: Dragonite
|-damage|p2b: Dragonite|35/100
|-status|p2b: Dragonite|psn
|move|p2a: Gholdengo|Shadow Ball|p1b: Gholdengo
|-supereffective|p1b: Gholdengo|1
|-damage|p1b: Gholdengo|0 fnt
|faint|p1b: Gholdengo
|
|-damage|p2b: Dragonite|23/100 psn|[from] psn
|upkeep
|
|t:|1785933388
|switch|p1b: Milotic|Milotic, L50, M|100/100
|turn|2
|
|t:|1785933404
|move|p2b: Dragonite|Rock Slide|p1b: Milotic|[spread] p1a
|-miss|p2b: Dragonite|p1b: Milotic
|-resisted|p1a: Sneasler|1
|-damage|p1a: Sneasler|76/100
|move|p1a: Sneasler|Gunk Shot|p2b: Dragonite
|-damage|p2b: Dragonite|0 fnt
|faint|p2b: Dragonite
|move|p2a: Gholdengo|Shadow Ball|p1a: Sneasler
|-damage|p1a: Sneasler|15/100
|move|p1b: Milotic|Scald|p2a: Gholdengo
|-damage|p2a: Gholdengo|62/100
|
|upkeep
|
|t:|1785933414
|switch|p2b: Floette|Floette-Eternal, L50, F|100/100
|turn|3
|inactive|srTerror has 30 seconds left.
|
|t:|1785933445
|switch|p1a: Charizard|Charizard, L50, F|100/100
|move|p2b: Floette|Protect|p2b: Floette
|-singleturn|p2b: Floette|Protect
|move|p2a: Gholdengo|Shadow Ball|p1a: Charizard
|-damage|p1a: Charizard|45/100
|move|p1b: Milotic|Scald|p2a: Gholdengo
|-damage|p2a: Gholdengo|25/100
|
|upkeep
|turn|4
|inactive|srTerror has 30 seconds left.
|inactive|fkk567 has 30 seconds left.
|
|t:|1785933473
|detailschange|p2b: Floette|Floette-Mega, L50, F
|-mega|p2b: Floette|Floette|Floettite
|-ability|p2b: Floette|Fairy Aura
|move|p1a: Charizard|Protect|p1a: Charizard
|-singleturn|p1a: Charizard|Protect
|move|p2b: Floette|Light of Ruin|p1b: Milotic|[miss]
|-miss|p2b: Floette|p1b: Milotic
|move|p2a: Gholdengo|Power Gem|p1a: Charizard
|-activate|p1a: Charizard|move: Protect
|move|p1b: Milotic|Scald|p2a: Gholdengo
|-damage|p2a: Gholdengo|0 fnt
|faint|p2a: Gholdengo
|
|upkeep
|
|t:|1785933483
|switch|p2a: Whimsicott|Whimsicott, L50, M|100/100
|turn|5
|
|t:|1785933505
|detailschange|p1a: Charizard|Charizard-Mega-Y, L50, F
|-mega|p1a: Charizard|Charizard|Charizardite Y
|-weather|SunnyDay|[from] ability: Drought|[of] p1a: Charizard
|move|p2a: Whimsicott|Encore|p1b: Milotic
|-start|p1b: Milotic|Encore
|move|p2b: Floette|Light of Ruin|p1a: Charizard
|-resisted|p1a: Charizard|1
|-damage|p1a: Charizard|0 fnt
|faint|p1a: Charizard
|-damage|p2b: Floette|72/100|[from] Recoil
|move|p1b: Milotic|Scald|p2b: Floette
|-damage|p2b: Floette|59/100
|
|-weather|SunnyDay|[upkeep]
|upkeep
|
|t:|1785933518
|switch|p1a: Sneasler|Sneasler, L50, M|15/100
|turn|6
|
|t:|1785933539
|move|p1a: Sneasler|Fake Out|p2a: Whimsicott
|-damage|p2a: Whimsicott|86/100
|cant|p2a: Whimsicott|flinch
|move|p2b: Floette|Dazzling Gleam|p1a: Sneasler|[spread] p1a,p1b
|-damage|p1a: Sneasler|0 fnt
|-damage|p1b: Milotic|62/100
|faint|p1a: Sneasler
|move|p1b: Milotic|Scald|p2b: Floette
|-damage|p2b: Floette|47/100
|
|-weather|SunnyDay|[upkeep]
|-heal|p1b: Milotic|68/100|[from] item: Leftovers
|upkeep
|turn|7
|
|t:|1785933552
|move|p2a: Whimsicott|Moonblast|p1b: Milotic
|-damage|p1b: Milotic|44/100
|move|p2b: Floette|Light of Ruin|p1b: Milotic
|-damage|p1b: Milotic|0 fnt
|faint|p1b: Milotic
|-damage|p2b: Floette|17/100|[from] Recoil
|
|win|fkk567
||fkk567 is ready for game 3.
||srTerror is ready for game 3.
|uhtml|next|Next: Game 3 of 3
|l|☆fkk567
|player|p2|
