|j|☆Prepucio Santos
|j|☆snitker
|html|Prepucio Santossnitker    
|uhtml|bestof|Game 1 of a best-of-3
|t:|1784571275
|gametype|doubles
|player|p1|Prepucio Santos|striker|1252
|player|p2|snitker|pokefan-gen4|1186
|gen|9
|tier|[Gen 9 Champions] VGC 2026 Reg M-B (Bo3)
|rated|
|rule|Species Clause: Limit one of each Pokémon
|rule|Item Clause: Limit 1 of each item
|clearpoke
|poke|p1|Gengar, L50, F|
|poke|p1|Archaludon, L50, M|
|poke|p1|Politoed, L50, M|
|poke|p1|Swampert, L50, M|
|poke|p1|Vivillon, L50, M|
|poke|p1|Incineroar, L50, F|
|poke|p2|Charizard, L50, M|
|poke|p2|Venusaur, L50, M|
|poke|p2|Pelipper, L50, M|
|poke|p2|Basculegion, L50, M|
|poke|p2|Archaludon, L50, F|
|poke|p2|Grimmsnarl, L50, M|
|teampreview|4
|showteam|p1|Gengar||Gengarite|CursedBody|ShadowBall,SludgeBomb,PerishSong,Protect|Modest||F|||50|]Archaludon||Leftovers|Stamina|ElectroShot,DragonPulse,FlashCannon,Protect|Bold||M|||50|]Politoed||SitrusBerry|Drizzle|WeatherBall,Hypnosis,PerishSong,Protect|Calm||M|||50|]Swampert||Swampertite|Torrent|WaveCrash,Earthquake,IcePunch,Protect|Adamant||M|||50|]Vivillon||FocusSash|CompoundEyes|Hurricane,SleepPowder,RagePowder,Protect|Timid||M|||50|]Incineroar||PasshoBerry|Intimidate|ThroatChop,FakeOut,PartingShot,Protect|Impish||F|||50|
|showteam|p2|Charizard||CharizarditeY|Blaze|WeatherBall,SolarBeam,AirSlash,ScorchingSands|Timid||M|||50|]Venusaur||FocusSash|Chlorophyll|SludgeWave,Protect,WeatherBall,EarthPower|Modest||M|||50|]Pelipper||SitrusBerry|Drizzle|Hurricane,WideGuard,Tailwind,WeatherBall|Bold||M|||50|]Basculegion||ChoiceScarf|Adaptability|LastRespects,WaveCrash,FlipTurn,AquaJet|Adamant||M|||50|]Archaludon||Leftovers|Stamina|Protect,ElectroShot,DragonPulse,FlashCannon|Calm||F|||50|]Grimmsnarl||LightClay|Prankster|Reflect,LightScreen,SpiritBreak,PartingShot|Impish||M|||50|
|inactive|Battle timer is ON: inactive players will automatically lose when time's up. (requested by snitker)
|inactive|Prepucio Santos has 60 seconds left.
|inactive|Prepucio Santos has 30 seconds left.
|inactive|Prepucio Santos has 20 seconds left.
|inactive|Prepucio Santos has 15 seconds left.
|inactive|Prepucio Santos has 10 seconds left.
|
|t:|1784571361
|teamsize|p1|4
|teamsize|p2|4
|start
|switch|p1a: Vivillon|Vivillon, L50, M|100/100
|switch|p1b: Gengar|Gengar, L50, F|100/100
|switch|p2a: Charizard|Charizard, L50, M|100/100
|switch|p2b: Venusaur|Venusaur, L50, M|100/100
|turn|1
|inactive|Prepucio Santos has 30 seconds left.
|inactive|snitker has 30 seconds left.
|inactive|snitker has 20 seconds left.
|inactive|snitker has 15 seconds left.
|inactive|snitker has 10 seconds left.
|
|t:|1784571409
|switch|p1a: Incineroar|Incineroar, L50, F|100/100
|-ability|p1a: Incineroar|Intimidate|boost
|-unboost|p2a: Charizard|atk|1
|-unboost|p2b: Venusaur|atk|1
|detailschange|p2a: Charizard|Charizard-Mega-Y, L50, M
|-mega|p2a: Charizard|Charizard|Charizardite Y
|-weather|SunnyDay|[from] ability: Drought|[of] p2a: Charizard
|detailschange|p1b: Gengar|Gengar-Mega, L50, F
|-mega|p1b: Gengar|Gengar|Gengarite
|move|p2b: Venusaur|Earth Power|p1b: Gengar
|-supereffective|p1b: Gengar|1
|-damage|p1b: Gengar|44/100
|move|p2a: Charizard|Weather Ball|p1a: Incineroar
|-resisted|p1a: Incineroar|1
|-damage|p1a: Incineroar|64/100
|move|p1b: Gengar|Perish Song|p1b: Gengar
|-start|p1a: Incineroar|perish3|[silent]
|-start|p1b: Gengar|perish3|[silent]
|-start|p2a: Charizard|perish3|[silent]
|-start|p2b: Venusaur|perish3|[silent]
|-fieldactivate|move: Perish Song
|
|-weather|SunnyDay|[upkeep]
|-start|p2b: Venusaur|perish3
|-start|p2a: Charizard|perish3
|-start|p1b: Gengar|perish3
|-start|p1a: Incineroar|perish3
|upkeep
|turn|2
|inactive|Prepucio Santos has 30 seconds left.
|inactive|Prepucio Santos has 20 seconds left.
|inactive|Prepucio Santos has 15 seconds left.
|
|t:|1784571453
|move|p1a: Incineroar|Fake Out|p2b: Venusaur
|-damage|p2b: Venusaur|85/100
|cant|p2b: Venusaur|flinch
|move|p2a: Charizard|Scorching Sands|p1a: Incineroar
|-supereffective|p1a: Incineroar|1
|-damage|p1a: Incineroar|18/100
|move|p1b: Gengar|Shadow Ball|p2b: Venusaur
|-damage|p2b: Venusaur|34/100
|
|-weather|SunnyDay|[upkeep]
|-start|p2b: Venusaur|perish2
|-start|p2a: Charizard|perish2
|-start|p1b: Gengar|perish2
|-start|p1a: Incineroar|perish2
|upkeep
|turn|3
|
|t:|1784571475
|move|p1b: Gengar|Protect|p1b: Gengar
|-singleturn|p1b: Gengar|Protect
|move|p1a: Incineroar|Protect|p1a: Incineroar
|-singleturn|p1a: Incineroar|Protect
|move|p2b: Venusaur|Earth Power|p1b: Gengar
|-activate|p1b: Gengar|move: Protect
|move|p2a: Charizard|Scorching Sands|p1a: Incineroar
|-activate|p1a: Incineroar|move: Protect
|
|-weather|SunnyDay|[upkeep]
|-start|p2b: Venusaur|perish1
|-start|p2a: Charizard|perish1
|-start|p1b: Gengar|perish1
|-start|p1a: Incineroar|perish1
|upkeep
|turn|4
|
|t:|1784571494
|switch|p1b: Vivillon|Vivillon, L50, M|100/100
|switch|p1a: Politoed|Politoed, L50, M|100/100
|-weather|RainDance|[from] ability: Drizzle|[of] p1a: Politoed
|move|p2a: Charizard|Scorching Sands|p1b: Vivillon
|-immune|p1b: Vivillon
|move|p2b: Venusaur|Earth Power|p1a: Politoed
|-damage|p1a: Politoed|79/100
|
|-weather|RainDance|[upkeep]
|-start|p2a: Charizard|perish0
|-start|p2b: Venusaur|perish0
|upkeep
|faint|p2a: Charizard
|faint|p2b: Venusaur
|
|t:|1784571499
|switch|p2a: Grimmsnarl|Grimmsnarl, L50, M|100/100
|switch|p2b: Basculegion|Basculegion, L50, M|100/100
|turn|5
|
|t:|1784571512
|move|p2a: Grimmsnarl|Light Screen|p2a: Grimmsnarl
|-sidestart|p2: snitker|move: Light Screen
|move|p2b: Basculegion|Last Respects|p1b: Vivillon
|-enditem|p1b: Vivillon|Focus Sash
|-damage|p1b: Vivillon|1/100
|move|p1b: Vivillon|Sleep Powder|p2b: Basculegion
|-status|p2b: Basculegion|slp|[from] move: Sleep Powder
|move|p1a: Politoed|Perish Song|p1a: Politoed
|-start|p1a: Politoed|perish3|[silent]
|-start|p1b: Vivillon|perish3|[silent]
|-start|p2a: Grimmsnarl|perish3|[silent]
|-start|p2b: Basculegion|perish3|[silent]
|-fieldactivate|move: Perish Song
|
|-weather|RainDance|[upkeep]
|-start|p2b: Basculegion|perish3
|-start|p1b: Vivillon|perish3
|-start|p1a: Politoed|perish3
|-start|p2a: Grimmsnarl|perish3
|upkeep
|turn|6
|
|t:|1784571531
|switch|p1a: Incineroar|Incineroar, L50, F|18/100
|-ability|p1a: Incineroar|Intimidate|boost
|-unboost|p2a: Grimmsnarl|atk|1
|-unboost|p2b: Basculegion|atk|1
|move|p2a: Grimmsnarl|Reflect|p2a: Grimmsnarl
|-sidestart|p2: snitker|Reflect
|cant|p2b: Basculegion|slp
|move|p1b: Vivillon|Sleep Powder|p2a: Grimmsnarl
|-status|p2a: Grimmsnarl|slp|[from] move: Sleep Powder
|
|-weather|RainDance|[upkeep]
|-start|p2b: Basculegion|perish2
|-start|p1b: Vivillon|perish2
|-start|p2a: Grimmsnarl|perish2
|upkeep
|turn|7
|
|t:|1784571545
|move|p1b: Vivillon|Protect|p1b: Vivillon
|-singleturn|p1b: Vivillon|Protect
|move|p1a: Incineroar|Protect|p1a: Incineroar
|-singleturn|p1a: Incineroar|Protect
|cant|p2a: Grimmsnarl|slp
|-curestatus|p2b: Basculegion|slp|[msg]
|move|p2b: Basculegion|Last Respects|p1b: Vivillon
|-activate|p1b: Vivillon|move: Protect
|
|-weather|RainDance|[upkeep]
|-start|p2b: Basculegion|perish1
|-start|p1b: Vivillon|perish1
|-start|p2a: Grimmsnarl|perish1
|upkeep
|turn|8
|inactive|snitker has 30 seconds left.
|
|t:|1784571576
|switch|p1b: Politoed|Politoed, L50, M|79/100
|move|p2b: Basculegion|Last Respects|p1b: Politoed
|-damage|p1b: Politoed|14/100
|-enditem|p1b: Politoed|Sitrus Berry|[eat]
|-heal|p1b: Politoed|39/100|[from] item: Sitrus Berry
|-curestatus|p2a: Grimmsnarl|slp|[msg]
|move|p2a: Grimmsnarl|Spirit Break|p1a: Incineroar
|-damage|p1a: Incineroar|1/100
|-unboost|p1a: Incineroar|spa|1
|move|p1a: Incineroar|Parting Shot|p2b: Basculegion
|-unboost|p2b: Basculegion|atk|1
|-unboost|p2b: Basculegion|spa|1
|
|t:|1784571590
|switch|p1a: Gengar|Gengar-Mega, L50, F|44/100|[from] Parting Shot
|
|-weather|none
|-start|p2b: Basculegion|perish0
|-start|p2a: Grimmsnarl|perish0
|faint|p2b: Basculegion
|faint|p2a: Grimmsnarl
|
|win|Prepucio Santos
||Prepucio Santos is ready for game 2.
|inactive|snitker has 30 seconds to confirm battle start!
|l|☆snitker
|player|p2|
||snitker is ready for game 2.
|uhtml|next|Next: Game 2 of 3
