|j|☆Zzag
|j|☆jngldiff
|html|Zzagjngldiff    
|uhtml|bestof|Game 2 of a best-of-3
|t:|1756668256
|gametype|doubles
|player|p1|Zzag|1|1182
|player|p2|jngldiff|169|1195
|gen|9
|tier|[Gen 9] VGC 2025 Reg H (Bo3)
|rated|
|rule|Species Clause: Limit one of each Pokémon
|rule|Item Clause: Limit 1 of each item
|clearpoke
|poke|p1|Amoonguss, L50, M|
|poke|p1|Hydreigon, L50, M|
|poke|p1|Palafin, L50, F|
|poke|p1|Gholdengo, L50|
|poke|p1|Pelipper, L50, F|
|poke|p1|Incineroar, L50, M|
|poke|p2|Sneasler, L50, M|
|poke|p2|Dragonite, L50, M|
|poke|p2|Rillaboom, L50, M|
|poke|p2|Basculegion, L50, M|
|poke|p2|Volcarona, L50, M|
|poke|p2|Kingambit, L50, M|
|teampreview|4
|showteam|p1|Amoonguss||SitrusBerry|Regenerator|Protect,RagePowder,PollenPuff,Spore|||M|||50|,,,,,Fairy]Hydreigon||ChoiceSpecs|Levitate|EarthPower,DracoMeteor,Snarl,DarkPulse|||M|||50|,,,,,Ghost]Palafin||MysticWater|ZerotoHero|WaveCrash,JetPunch,Haze,Protect|||F|||50|,,,,,Water]Gholdengo||LifeOrb|GoodasGold|ShadowBall,Protect,MakeItRain,NastyPlot||||||50|,,,,,Water]Pelipper||FocusSash|Drizzle|Protect,WeatherBall,Tailwind,Hurricane|||F|||50|,,,,,Grass]Incineroar||AssaultVest|Intimidate|FlareBlitz,KnockOff,FakeOut,Uturn|||M|||50|,,,,,Grass
|showteam|p2|Sneasler||FocusSash|Unburden|CloseCombat,DireClaw,Coaching,Protect|||M|||50|,,,,,Ghost]Dragonite||LoadedDice|Multiscale|ScaleShot,ExtremeSpeed,Haze,Protect|||M|||50|,,,,,Fairy]Rillaboom||MiracleSeed|GrassySurge|WoodHammer,GrassyGlide,Taunt,FakeOut|||M|||50|,,,,,Fire]Basculegion||ChoiceScarf|Adaptability|WaveCrash,FlipTurn,LastRespects,AquaJet|||M|||50|,,,,,Water]Volcarona||CovertCloak|FlameBody|HeatWave,TeraBlast,QuiverDance,Protect|||M|||50|,,,,,Fairy]Kingambit||AssaultVest|Defiant|KowtowCleave,SuckerPunch,IronHead,LowKick|||M|||50|,,,,,Dragon
|inactive|Battle timer is ON: inactive players will automatically lose when time's up. (requested by Zzag)
|inactive|Zzag has 60 seconds left.
|
|t:|1756668295
|teamsize|p1|4
|teamsize|p2|4
|start
|switch|p1a: Hydreigon|Hydreigon, L50, M|100/100
|switch|p1b: Amoonguss|Amoonguss, L50, M|100/100
|switch|p2a: Dragonite|Dragonite, L50, M|100/100
|switch|p2b: Kingambit|Kingambit, L50, M|100/100
|turn|1
|inactive|Zzag has 30 seconds left.
|inactive|jngldiff has 30 seconds left.
|inactive|Zzag has 20 seconds left.
|inactive|jngldiff has 20 seconds left.
|inactive|jngldiff has 15 seconds left.
|
|t:|1756668339
|-terastallize|p2a: Dragonite|Fairy
|move|p1a: Hydreigon|Dark Pulse|p2a: Dragonite
|-resisted|p2a: Dragonite
|-damage|p2a: Dragonite|84/100
|move|p2a: Dragonite|Scale Shot|p1a: Hydreigon
|-supereffective|p1a: Hydreigon
|-damage|p1a: Hydreigon|63/100
|-supereffective|p1a: Hydreigon
|-damage|p1a: Hydreigon|26/100
|-supereffective|p1a: Hydreigon
|-damage|p1a: Hydreigon|0 fnt
|faint|p1a: Hydreigon
|-hitcount|p1: Hydreigon|3
|-unboost|p2a: Dragonite|def|1
|-boost|p2a: Dragonite|spe|1
|move|p2b: Kingambit|Kowtow Cleave|p1b: Amoonguss
|-damage|p1b: Amoonguss|63/100
|move|p1b: Amoonguss|Spore|p2b: Kingambit
|-status|p2b: Kingambit|slp|[from] move: Spore
|
|upkeep
|
|t:|1756668359
|switch|p1a: Incineroar|Incineroar, L50, M|100/100
|-ability|p1a: Incineroar|Intimidate|boost
|-unboost|p2a: Dragonite|atk|1
|-unboost|p2b: Kingambit|atk|1
|-ability|p2b: Kingambit|Defiant|boost
|-boost|p2b: Kingambit|atk|2
|turn|2
|
|t:|1756668383
|move|p2a: Dragonite|Protect|p2a: Dragonite
|-singleturn|p2a: Dragonite|Protect
|move|p1a: Incineroar|Flare Blitz|p2b: Kingambit
|-supereffective|p2b: Kingambit
|-damage|p2b: Kingambit|19/100 slp
|-damage|p1a: Incineroar|73/100|[from] Recoil
|cant|p2b: Kingambit|slp
|move|p1b: Amoonguss|Spore|p2a: Dragonite
|-activate|p2a: Dragonite|move: Protect
|
|upkeep
|turn|3
|
|t:|1756668408
|move|p2a: Dragonite|Scale Shot|p1a: Incineroar
|-damage|p1a: Incineroar|64/100
|-damage|p1a: Incineroar|55/100
|-damage|p1a: Incineroar|46/100
|-damage|p1a: Incineroar|37/100
|-damage|p1a: Incineroar|27/100
|-hitcount|p1a: Incineroar|5
|-unboost|p2a: Dragonite|def|1
|-boost|p2a: Dragonite|spe|1
|move|p1a: Incineroar|Knock Off|p2b: Kingambit
|-resisted|p2b: Kingambit
|-damage|p2b: Kingambit|2/100 slp
|-enditem|p2b: Kingambit|Assault Vest|[from] move: Knock Off|[of] p1a: Incineroar
|cant|p2b: Kingambit|slp
|move|p1b: Amoonguss|Spore|p2a: Dragonite
|-status|p2a: Dragonite|slp|[from] move: Spore
|
|upkeep
|turn|4
|
|t:|1756668430
|-curestatus|p2b: Kingambit|slp|[msg]
|move|p2b: Kingambit|Sucker Punch|p1a: Incineroar
|-resisted|p1a: Incineroar
|-damage|p1a: Incineroar|0 fnt
|faint|p1a: Incineroar
|cant|p2a: Dragonite|slp
|move|p1b: Amoonguss|Pollen Puff|p1: Incineroar|[notarget]
|-fail|p1b: Amoonguss
|
|upkeep
|
|t:|1756668435
|switch|p1a: Gholdengo|Gholdengo, L50|100/100
|turn|5
|
|t:|1756668461
|-terastallize|p1b: Amoonguss|Fairy
|cant|p2a: Dragonite|slp
|move|p1b: Amoonguss|Rage Powder|p1b: Amoonguss
|-singleturn|p1b: Amoonguss|move: Rage Powder
|move|p2b: Kingambit|Sucker Punch||[still]
|-fail|p2b: Kingambit
|move|p1a: Gholdengo|Make It Rain|p2b: Kingambit|[spread] p2a,p2b
|-supereffective|p2a: Dragonite
|-resisted|p2b: Kingambit
|-damage|p2a: Dragonite|0 fnt
|-damage|p2b: Kingambit|0 fnt
|-unboost|p1a: Gholdengo|spa|1
|faint|p2a: Dragonite
|faint|p2b: Kingambit
|-damage|p1a: Gholdengo|91/100|[from] item: Life Orb
|
|upkeep
|
|t:|1756668472
|switch|p2a: Rillaboom|Rillaboom, L50, M|100/100
|switch|p2b: Basculegion|Basculegion, L50, M|100/100
|-fieldstart|move: Grassy Terrain|[from] ability: Grassy Surge|[of] p2a: Rillaboom
|turn|6
|
|t:|1756668484
|move|p1a: Gholdengo|Protect|p1a: Gholdengo
|-singleturn|p1a: Gholdengo|Protect
|move|p1b: Amoonguss|Protect|p1b: Amoonguss
|-singleturn|p1b: Amoonguss|Protect
|move|p2a: Rillaboom|Fake Out|p1b: Amoonguss
|-activate|p1b: Amoonguss|move: Protect
|move|p2b: Basculegion|Last Respects|p1a: Gholdengo
|-activate|p1a: Gholdengo|move: Protect
|
|-heal|p1a: Gholdengo|97/100|[from] Grassy Terrain
|-heal|p1b: Amoonguss|69/100|[from] Grassy Terrain
|upkeep
|turn|7
|
|t:|1756668500
|move|p1b: Amoonguss|Rage Powder|p1b: Amoonguss
|-singleturn|p1b: Amoonguss|move: Rage Powder
|move|p2b: Basculegion|Last Respects|p1b: Amoonguss
|-damage|p1b: Amoonguss|0 fnt
|faint|p1b: Amoonguss
|move|p1a: Gholdengo|Shadow Ball|p2b: Basculegion
|-supereffective|p2b: Basculegion
|-damage|p2b: Basculegion|12/100
|-damage|p1a: Gholdengo|88/100|[from] item: Life Orb
|move|p2a: Rillaboom|Wood Hammer|p1a: Gholdengo
|-resisted|p1a: Gholdengo
|-damage|p1a: Gholdengo|41/100
|-damage|p2a: Rillaboom|87/100|[from] Recoil
|
|-heal|p2b: Basculegion|18/100|[from] Grassy Terrain
|-heal|p1a: Gholdengo|47/100|[from] Grassy Terrain
|-heal|p2a: Rillaboom|93/100|[from] Grassy Terrain
|upkeep
|turn|8
|-message|Zzag forfeited.
|
|win|jngldiff
|raw|Zzag's rating: 1182 → 1158(-24 for losing)
|raw|jngldiff's rating: 1195 → 1219(+24 for winning)
|l|☆Zzag
|player|p1|
|l|☆jngldiff
|player|p2|
|j|☆jngldiff
|player|p2|jngldiff|169|
