|j|☆JustKyky
|j|☆FlyingHirschGG
|html|JustKykyFlyingHirschGG    
|uhtml|bestof|Game 1 of a best-of-3
|t:|1783028556
|gametype|doubles
|player|p1|JustKyky|101|1000
|player|p2|FlyingHirschGG|101|1043
|gen|9
|tier|[Gen 9 Champions] VGC 2026 Reg M-B (Bo3)
|rated|
|rule|Species Clause: Limit one of each Pokémon
|rule|Item Clause: Limit 1 of each item
|clearpoke
|poke|p1|Blaziken, L50, M|
|poke|p1|Tsareena, L50, F|
|poke|p1|Basculegion, L50, M|
|poke|p1|Raichu, L50, F|
|poke|p1|Dragonite, L50, M|
|poke|p1|Aerodactyl, L50, F|
|poke|p2|Sneasler, L50, M|
|poke|p2|Meowstic, L50, M, shiny|
|poke|p2|Overqwil, L50, F, shiny|
|poke|p2|Sableye, L50, F, shiny|
|poke|p2|Klefki, L50, M, shiny|
|poke|p2|Delphox, L50, F, shiny|
|teampreview|4
|showteam|p1|Blaziken||Blazikenite|SpeedBoost|CloseCombat,FlareBlitz,RockSlide,Detect|Adamant||M|||50|]Tsareena||SitrusBerry|QueenlyMajesty|TropKick,TripleAxel,LowKick,Uturn|Impish||F|||50|]Basculegion||LifeOrb|Adaptability|WaveCrash,LastRespects,AquaJet,Protect|Jolly||M|||50|]Raichu||RaichuniteY|LightningRod|ZapCannon,FocusBlast,FakeOut,Protect|Modest||F|||50|]Dragonite||Leftovers|Multiscale|DragonClaw,IronHead,Tailwind,Roar|Serious||M|||50|]Aerodactyl||FocusSash|Unnerve|RockSlide,DualWingbeat,Tailwind,Roar|Jolly||F|||50|
|showteam|p2|Sneasler||FocusSash|Unburden|CloseCombat,AcidSpray,QuickGuard,FakeOut|Naive||M|||50|]Meowstic||BrightPowder|Prankster|SkillSwap,SunnyDay,FakeOut,Yawn|Bold||M|||50|]Overqwil||Leftovers|Intimidate|BarbBarrage,Minimize,Protect,Stockpile|Careful||F|||50|]Sableye||Sablenite|Prankster|FoulPlay,DarkPulse,PainSplit,PsychUp|Quiet||F|||50|]Klefki||SitrusBerry|Prankster|DrainingKiss,CalmMind,Substitute,PsychUp|Modest||M|||50|]Delphox||Delphoxite|Blaze|HeatWave,StoredPower,Protect,PsychUp|Timid||F|||50|
|inactive|Battle timer is ON: inactive players will automatically lose when time's up. (requested by JustKyky)
|inactive|JustKyky has 60 seconds left.
|inactive|FlyingHirschGG has 60 seconds left.
|
|t:|1783028596
|teamsize|p1|4
|teamsize|p2|4
|start
|switch|p1a: Tsareena|Tsareena, L50, F|100/100
|switch|p1b: Aerodactyl|Aerodactyl, L50, F|100/100
|switch|p2a: Overqwil|Overqwil, L50, F, shiny|100/100
|switch|p2b: Meowstic|Meowstic, L50, M, shiny|100/100
|-ability|p1b: Aerodactyl|Unnerve
|-ability|p2a: Overqwil|Intimidate|boost
|-unboost|p1a: Tsareena|atk|1
|-unboost|p1b: Aerodactyl|atk|1
|turn|1
|
|t:|1783028620
|move|p2b: Meowstic|Skill Swap|p2a: Overqwil
|-activate|p2b: Meowstic|Skill Swap|||[of] p2a: Overqwil
|-ability|p2b: Meowstic|Intimidate|boost
|-unboost|p1a: Tsareena|atk|1
|-unboost|p1b: Aerodactyl|atk|1
|move|p2a: Overqwil|Minimize|p2a: Overqwil
|-boost|p2a: Overqwil|evasion|2
|move|p1b: Aerodactyl|Tailwind|p1b: Aerodactyl
|-sidestart|p1: JustKyky|move: Tailwind
|move|p1a: Tsareena|U-turn|p2b: Meowstic
|-supereffective|p2b: Meowstic|1
|-damage|p2b: Meowstic|81/100
|
|t:|1783028634
|switch|p1a: Blaziken|Blaziken, L50, M|100/100|[from] U-turn
|
|upkeep
|turn|2
|
|t:|1783028655
|detailschange|p1a: Blaziken|Blaziken-Mega, L50, M
|-mega|p1a: Blaziken|Blaziken|Blazikenite
|move|p2a: Overqwil|Stockpile|p2a: Overqwil
|-start|p2a: Overqwil|stockpile1
|-boost|p2a: Overqwil|def|1
|-boost|p2a: Overqwil|spd|1
|move|p1a: Blaziken|Flare Blitz|p2b: Meowstic
|-damage|p2b: Meowstic|9/100
|-damage|p1a: Blaziken|72/100|[from] Recoil
|move|p2b: Meowstic|Yawn|p1a: Blaziken
|-start|p1a: Blaziken|move: Yawn|[of] p2b: Meowstic
|move|p1b: Aerodactyl|Roar|p2a: Overqwil
|drag|p2a: Klefki|Klefki, L50, M, shiny|100/100
|
|-ability|p1a: Blaziken|Speed Boost|boost
|-boost|p1a: Blaziken|spe|1
|upkeep
|turn|3
|
|t:|1783028679
|switch|p1a: Tsareena|Tsareena, L50, F|100/100
|switch|p2b: Delphox|Delphox, L50, F, shiny|100/100
|move|p2a: Klefki|Calm Mind|p2a: Klefki
|-boost|p2a: Klefki|spa|1
|-boost|p2a: Klefki|spd|1
|move|p1b: Aerodactyl|Dual Wingbeat|p2b: Delphox
|-damage|p2b: Delphox|90/100
|-damage|p2b: Delphox|80/100
|-hitcount|p2b: Delphox|2
|
|upkeep
|turn|4
|
|t:|1783028702
|detailschange|p2b: Delphox|Delphox-Mega, L50, F, shiny
|-mega|p2b: Delphox|Delphox|Delphoxite
|move|p2a: Klefki|Calm Mind|p2a: Klefki
|-boost|p2a: Klefki|spa|1
|-boost|p2a: Klefki|spd|1
|move|p1b: Aerodactyl|Rock Slide|p2b: Delphox|[spread] p2a,p2b
|-resisted|p2a: Klefki|1
|-supereffective|p2b: Delphox|1
|-damage|p2a: Klefki|92/100
|-damage|p2b: Delphox|52/100
|move|p2b: Delphox|Psych Up|p2a: Klefki
|-copyboost|p2b: Delphox|p2a: Klefki|[from] move: Psych Up
|move|p1a: Tsareena|U-turn|p2a: Klefki
|-resisted|p2a: Klefki|2
|-damage|p2a: Klefki|86/100
|
|t:|1783028721
|switch|p1a: Blaziken|Blaziken-Mega, L50, M|72/100|[from] U-turn
|
|-sideend|p1: JustKyky|move: Tailwind
|upkeep
|turn|5
|
|t:|1783028733
|move|p1a: Blaziken|Detect|p1a: Blaziken
|-singleturn|p1a: Blaziken|Protect
|move|p2a: Klefki|Substitute|p2a: Klefki
|-start|p2a: Klefki|Substitute
|-damage|p2a: Klefki|61/100
|move|p2b: Delphox|Stored Power|p1b: Aerodactyl
|-enditem|p1b: Aerodactyl|Focus Sash
|-damage|p1b: Aerodactyl|1/100
|move|p1b: Aerodactyl|Rock Slide|p2b: Delphox|[spread] p2a,p2b
|-resisted|p2a: Klefki|1
|-activate|p2a: Klefki|move: Substitute|[damage]
|-supereffective|p2b: Delphox|1
|-damage|p2b: Delphox|25/100
|
|-ability|p1a: Blaziken|Speed Boost|boost
|-boost|p1a: Blaziken|spe|1
|upkeep
|turn|6
|inactive|JustKyky has 30 seconds left.
|inactive|FlyingHirschGG has 30 seconds left.
|
|t:|1783028760
|move|p1a: Blaziken|Flare Blitz|p2b: Delphox
|-resisted|p2b: Delphox|1
|-damage|p2b: Delphox|0 fnt
|faint|p2b: Delphox
|-damage|p1a: Blaziken|64/100|[from] Recoil
|move|p2a: Klefki|Draining Kiss|p1a: Blaziken
|-damage|p1a: Blaziken|10/100
|-heal|p2a: Klefki|100/100|[from] drain|[of] p1a: Blaziken
|move|p1b: Aerodactyl|Roar|p2a: Klefki
|drag|p2a: Overqwil|Overqwil, L50, F, shiny|100/100
|-ability|p2a: Overqwil|Intimidate|boost
|-unboost|p1a: Blaziken|atk|1
|-unboost|p1b: Aerodactyl|atk|1
|
|-ability|p1a: Blaziken|Speed Boost|boost
|-boost|p1a: Blaziken|spe|1
|upkeep
|
|t:|1783028775
|switch|p2b: Meowstic|Meowstic, L50, M, shiny|9/100
|turn|7
|
|t:|1783028783
|move|p2b: Meowstic|Fake Out|p1b: Aerodactyl
|-resisted|p1b: Aerodactyl|1
|-damage|p1b: Aerodactyl|0 fnt
|faint|p1b: Aerodactyl
|move|p1a: Blaziken|Close Combat|p2a: Overqwil
|-damage|p2a: Overqwil|47/100
|-unboost|p1a: Blaziken|def|1
|-unboost|p1a: Blaziken|spd|1
|move|p2a: Overqwil|Minimize|p2a: Overqwil
|-boost|p2a: Overqwil|evasion|2
|
|-heal|p2a: Overqwil|54/100|[from] item: Leftovers
|-ability|p1a: Blaziken|Speed Boost|boost
|-boost|p1a: Blaziken|spe|1
|upkeep
|
|t:|1783028795
|switch|p1b: Basculegion|Basculegion, L50, M|100/100
|turn|8
|
|t:|1783028801
|move|p1b: Basculegion|Aqua Jet|p2b: Meowstic
|-damage|p2b: Meowstic|0 fnt
|faint|p2b: Meowstic
|-damage|p1b: Basculegion|90/100|[from] item: Life Orb
|move|p1a: Blaziken|Close Combat|p2a: Overqwil
|-damage|p2a: Overqwil|5/100
|-unboost|p1a: Blaziken|def|1
|-unboost|p1a: Blaziken|spd|1
|move|p2a: Overqwil|Stockpile|p2a: Overqwil
|-start|p2a: Overqwil|stockpile1
|-boost|p2a: Overqwil|def|1
|-boost|p2a: Overqwil|spd|1
|
|-heal|p2a: Overqwil|11/100|[from] item: Leftovers
|-ability|p1a: Blaziken|Speed Boost|boost
|-boost|p1a: Blaziken|spe|1
|upkeep
|
|t:|1783028816
|switch|p2b: Klefki|Klefki, L50, M, shiny|100/100
|turn|9
|
|t:|1783028823
|move|p2a: Overqwil|Protect|p2a: Overqwil
|-singleturn|p2a: Overqwil|Protect
|move|p2b: Klefki|Substitute|p2b: Klefki
|-start|p2b: Klefki|Substitute
|-damage|p2b: Klefki|75/100
|move|p1a: Blaziken|Flare Blitz|p2b: Klefki
|-supereffective|p2b: Klefki|1
|-end|p2b: Klefki|Substitute
|-damage|p1a: Blaziken|1/100|[from] Recoil|[of] p2b: Klefki
|move|p1b: Basculegion|Wave Crash|p2a: Overqwil
|-activate|p2a: Overqwil|move: Protect
|
|-heal|p2a: Overqwil|17/100|[from] item: Leftovers
|-ability|p1a: Blaziken|Speed Boost|boost
|-boost|p1a: Blaziken|spe|1
|upkeep
|turn|10
|inactive|FlyingHirschGG has 30 seconds left.
|
|t:|1783028852
|move|p2b: Klefki|Substitute|p2b: Klefki
|-start|p2b: Klefki|Substitute
|-damage|p2b: Klefki|50/100y
|-enditem|p2b: Klefki|Sitrus Berry|[eat]
|-heal|p2b: Klefki|75/100|[from] item: Sitrus Berry
|move|p1a: Blaziken|Close Combat|p2a: Overqwil
|-damage|p2a: Overqwil|0 fnt
|-unboost|p1a: Blaziken|def|1
|-unboost|p1a: Blaziken|spd|1
|faint|p2a: Overqwil
|move|p1b: Basculegion|Wave Crash|p2b: Klefki
|-end|p2b: Klefki|Substitute
|-damage|p1b: Basculegion|83/100|[from] Recoil|[of] p2b: Klefki
|-damage|p1b: Basculegion|73/100|[from] item: Life Orb
|
|-ability|p1a: Blaziken|Speed Boost|boost
|-boost|p1a: Blaziken|spe|1
|upkeep
|turn|11
|-message|FlyingHirschGG forfeited.
|
|win|JustKyky
|l|☆FlyingHirschGG
|player|p2|
