|j|☆Aseguradoras Gomez
|j|☆dont make me walk
|html|Aseguradoras Gomezdont make me walk    
|uhtml|bestof|Game 3 of a best-of-3
|t:|1756395250
|gametype|doubles
|player|p1|Aseguradoras Gomez|iono|1143
|player|p2|dont make me walk|red-masters3|1277
|gen|9
|tier|[Gen 9] VGC 2025 Reg H (Bo3)
|rated|
|rule|Species Clause: Limit one of each Pokémon
|rule|Item Clause: Limit 1 of each item
|clearpoke
|poke|p1|Stonjourner, L50, M|
|poke|p1|Dragonite, L50, F|
|poke|p1|Kingambit, L50, M|
|poke|p1|Rillaboom, L50, M|
|poke|p1|Kommo-o, L50, M|
|poke|p1|Electabuzz, L50, M|
|poke|p2|Ursaluna-Bloodmoon, L50, M|
|poke|p2|Indeedee, L50, M|
|poke|p2|Sneasler, L50, M|
|poke|p2|Incineroar, L50, M|
|poke|p2|Electabuzz, L50, F|
|poke|p2|Talonflame, L50, M|
|teampreview|4
|showteam|p1|Stonjourner||FocusSash|PowerSpot|RockSlide,StealthRock,WideGuard,Protect|||M|||50|,,,,,Ghost]Dragonite||ChoiceBand|InnerFocus|ExtremeSpeed,Outrage,StompingTantrum,IronHead|||F|||50|,,,,,Normal]Kingambit||BlackGlasses|Defiant|Assurance,SuckerPunch,SwordsDance,Protect|||M|||50|,,,,,Dark]Rillaboom||AssaultVest|GrassySurge|GrassyGlide,WoodHammer,FakeOut,Uturn|||M|||50|,,,,,Fire]Kommo-o||ThroatSpray|Soundproof|ClangingScales,AuraSphere,ClangorousSoul,Protect|||M|||50|,,,,,Steel]Electabuzz||Eviolite|VitalSpirit|Electroweb,Taunt,FollowMe,Protect|||M|||50|,,,,,Ghost
|showteam|p2|Ursaluna-Bloodmoon||LifeOrb|MindsEye|Protect,EarthPower,HyperVoice,BloodMoon|||M|||50|,,,,,Normal]Indeedee||FocusSash|PsychicSurge|ExpandingForce,TeraBlast,TrickRoom,Protect|||M|||50|,,,,,Fighting]Sneasler||PsychicSeed|Unburden|DireClaw,CloseCombat,ThroatChop,Protect|||M|||50|,,,,,Dark]Incineroar||AssaultVest|Intimidate|FakeOut,KnockOff,FlareBlitz,Uturn|||M|||50|,,,,,Grass]Electabuzz||Eviolite|VitalSpirit|Electroweb,Taunt,FollowMe,Protect|||F|||50|,,,,,Ghost]Talonflame||CovertCloak|GaleWings|FlareBlitz,DualWingbeat,WillOWisp,Tailwind|||M|||50|,,,,,Fairy
|inactive|Battle timer is ON: inactive players will automatically lose when time's up. (requested by dont make me walk)
|
|t:|1756395264
|teamsize|p1|4
|teamsize|p2|4
|start
|switch|p1a: Willem Dafoe|Stonjourner, L50, M|100/100
|switch|p1b: Dragonite|Dragonite, L50, F|100/100
|switch|p2a: Talonflame|Talonflame, L50, M|100/100
|switch|p2b: Ursaluna|Ursaluna-Bloodmoon, L50, M|100/100
|turn|1
|
|t:|1756395277
|switch|p1b: Electabuzz|Electabuzz, L50, M|100/100
|-terastallize|p2b: Ursaluna|Normal
|move|p2a: Talonflame|Tailwind|p2a: Talonflame
|-sidestart|p2: dont make me walk|move: Tailwind
|move|p2b: Ursaluna|Blood Moon|p1b: Electabuzz
|-damage|p1b: Electabuzz|0 fnt
|faint|p1b: Electabuzz
|-damage|p2b: Ursaluna|91/100|[from] item: Life Orb
|move|p1a: Willem Dafoe|Rock Slide|p2a: Talonflame|[spread] p2a,p2b
|-supereffective|p2a: Talonflame
|-damage|p2a: Talonflame|0 fnt
|-damage|p2b: Ursaluna|68/100
|faint|p2a: Talonflame
|
|upkeep
|
|t:|1756395299
|switch|p2a: Sneasler|Sneasler, L50, M|100/100
|switch|p1b: Dragonite|Dragonite, L50, F|100/100
|turn|2
|
|t:|1756395318
|switch|p1a: Rillaboom|Rillaboom, L50, M|100/100
|-fieldstart|move: Grassy Terrain|[from] ability: Grassy Surge|[of] p1a: Rillaboom
|-terastallize|p1b: Dragonite|Normal
|move|p2a: Sneasler|Protect|p2a: Sneasler
|-singleturn|p2a: Sneasler|Protect
|move|p2b: Ursaluna|Protect|p2b: Ursaluna
|-singleturn|p2b: Ursaluna|Protect
|move|p1b: Dragonite|Extreme Speed|p2a: Sneasler
|-activate|p2a: Sneasler|move: Protect
|
|-heal|p2b: Ursaluna|74/100|[from] Grassy Terrain
|upkeep
|turn|3
|
|t:|1756395335
|switch|p2a: Indeedee|Indeedee, L50, M|100/100
|-fieldstart|move: Psychic Terrain|[from] ability: Psychic Surge|[of] p2a: Indeedee
|switch|p1b: Willem Dafoe|Stonjourner, L50, M|100/100
|move|p2b: Ursaluna|Hyper Voice|p1a: Rillaboom|[spread] p1a,p1b
|-resisted|p1b: Willem Dafoe
|-damage|p1a: Rillaboom|53/100
|-enditem|p1b: Willem Dafoe|Focus Sash
|-damage|p1b: Willem Dafoe|1/100
|-damage|p2b: Ursaluna|64/100|[from] item: Life Orb
|move|p1a: Rillaboom|Wood Hammer|p2b: Ursaluna
|-damage|p2b: Ursaluna|7/100
|-damage|p1a: Rillaboom|34/100|[from] Recoil
|
|upkeep
|turn|4
|inactive|Aseguradoras Gomez has 30 seconds left.
|
|t:|1756395361
|switch|p1a: Dragonite|Dragonite, L50, F, tera:Normal|100/100
|move|p1b: Willem Dafoe|Protect|p1b: Willem Dafoe
|-singleturn|p1b: Willem Dafoe|Protect
|move|p2a: Indeedee|Tera Blast|p1b: Willem Dafoe
|-activate|p1b: Willem Dafoe|move: Protect
|move|p2b: Ursaluna|Blood Moon|p1a: Dragonite
|-damage|p1a: Dragonite|0 fnt
|faint|p1a: Dragonite
|-damage|p2b: Ursaluna|0 fnt|[from] item: Life Orb
|faint|p2b: Ursaluna
|
|-sideend|p2: dont make me walk|move: Tailwind
|upkeep
|
|t:|1756395372
|switch|p1a: Rillaboom|Rillaboom, L50, M|34/100
|switch|p2b: Sneasler|Sneasler, L50, M|100/100
|-fieldstart|move: Grassy Terrain|[from] ability: Grassy Surge|[of] p1a: Rillaboom
|turn|5
|
|t:|1756395387
|move|p2b: Sneasler|Protect|p2b: Sneasler
|-singleturn|p2b: Sneasler|Protect
|move|p2a: Indeedee|Protect|p2a: Indeedee
|-singleturn|p2a: Indeedee|Protect
|move|p1a: Rillaboom|Grassy Glide|p2a: Indeedee
|-activate|p2a: Indeedee|move: Protect
|move|p1b: Willem Dafoe|Rock Slide|p2b: Sneasler|[spread] 
|-activate|p2a: Indeedee|move: Protect
|-activate|p2b: Sneasler|move: Protect
|
|-heal|p1b: Willem Dafoe|7/100|[from] Grassy Terrain
|-heal|p1a: Rillaboom|40/100|[from] Grassy Terrain
|upkeep
|turn|6
|
|t:|1756395394
|move|p1a: Rillaboom|Grassy Glide|p2a: Indeedee
|-damage|p2a: Indeedee|12/100
|move|p2b: Sneasler|Dire Claw|p1a: Rillaboom
|-supereffective|p1a: Rillaboom
|-damage|p1a: Rillaboom|0 fnt
|faint|p1a: Rillaboom
|move|p2a: Indeedee|Expanding Force|p1b: Willem Dafoe
|-crit|p1b: Willem Dafoe
|-damage|p1b: Willem Dafoe|0 fnt
|faint|p1b: Willem Dafoe
|
|win|dont make me walk
|raw|Aseguradoras Gomez's rating: 1143 → 1127(-16 for losing)
|raw|dont make me walk's rating: 1277 → 1293(+16 for winning)
|c|☆Aseguradoras Gomez|gg
|l|☆Aseguradoras Gomez
|player|p1|
