|j|☆RegiSIXSEVEN
|j|☆f54 squarer
|html|RegiSIXSEVENf54 squarer    
|uhtml|bestof|Game 1 of a best-of-3
|t:|1784902213
|gametype|doubles
|player|p1|RegiSIXSEVEN|steven|1162
|player|p2|f54 squarer|265|1209
|gen|9
|tier|[Gen 9 Champions] VGC 2026 Reg M-B (Bo3)
|rated|
|rule|Species Clause: Limit one of each Pokémon
|rule|Item Clause: Limit 1 of each item
|clearpoke
|poke|p1|Gengar, L50, F, shiny|
|poke|p1|Swampert, L50, F, shiny|
|poke|p1|Incineroar, L50, M, shiny|
|poke|p1|Politoed, L50, F, shiny|
|poke|p1|Archaludon, L50, M, shiny|
|poke|p1|Vivillon-Elegant, L50, M, shiny|
|poke|p2|Weavile, L50, F|
|poke|p2|Raichu, L50, M|
|poke|p2|Whimsicott, L50, F|
|poke|p2|Serperior, L50, M|
|poke|p2|Araquanid, L50, F|
|poke|p2|Talonflame, L50, F|
|teampreview|4
|showteam|p1|Gengar||Gengarite|CursedBody|ShadowBall,SludgeBomb,PerishSong,Protect|Timid||F|||50|]Swampert||Swampertite|Damp|WaveCrash,Earthquake,IcePunch,Protect|Adamant||F|||50|]Incineroar||PasshoBerry|Intimidate|FakeOut,ThroatChop,PartingShot,Protect|Sassy||M|||50|]Politoed||ZoomLens|Drizzle|HydroPump,Hypnosis,PerishSong,Protect|Calm||F|||50|]Archaludon||Leftovers|Stamina|DragonPulse,FlashCannon,ElectroShot,Protect|Bold||M|||50|]Vivillon-Elegant||FocusSash|CompoundEyes|Hurricane,SleepPowder,RagePowder,Protect|Timid||M|||50|
|showteam|p2|Weavile|||Pickpocket|IceSpinner,KnockOff,FocusPunch,Protect|Adamant||F|||50|]Raichu||RaichuniteY|LightningRod|ZapCannon,FocusBlast,FakeOut,VoltSwitch|Hasty||M|||50|]Whimsicott||FocusSash|Prankster|Moonblast,Encore,Protect,Tailwind|Bold||F|||50|]Serperior||LifeOrb|Contrary|LeafStorm,Taunt,DragonPulse,Protect|Timid||M|||50|]Araquanid||Leftovers|WaterBubble|Surf,BugBuzz,ChillingWater,Protect|Modest||F|||50|]Talonflame||MentalHerb|GaleWings|BraveBird,FlareBlitz,Protect,Tailwind|Jolly||F|||50|
|inactive|Battle timer is ON: inactive players will automatically lose when time's up. (requested by RegiSIXSEVEN)
|inactive|RegiSIXSEVEN has 60 seconds left.
|inactive|f54 squarer has 60 seconds left.
|
|t:|1784902265
|teamsize|p1|4
|teamsize|p2|4
|start
|switch|p1a: Swampert|Swampert, L50, F, shiny|100/100
|switch|p1b: Vivillon|Vivillon-Elegant, L50, M, shiny|100/100
|switch|p2a: Serperior|Serperior, L50, M|100/100
|switch|p2b: Whimsicott|Whimsicott, L50, F|100/100
|turn|1
|inactive|f54 squarer has 30 seconds left.
|inactive|f54 squarer has 20 seconds left.
|inactive|f54 squarer has 15 seconds left.
|
|t:|1784902307
|switch|p1a: Archaludon|Archaludon, L50, M, shiny|100/100
|move|p2b: Whimsicott|Tailwind|p2b: Whimsicott
|-sidestart|p2: f54 squarer|move: Tailwind
|move|p2a: Serperior|Leaf Storm|p1a: Archaludon
|-resisted|p1a: Archaludon|2
|-damage|p1a: Archaludon|86/100
|-boost|p2a: Serperior|spa|2
|-ability|p1a: Archaludon|Stamina|boost
|-boost|p1a: Archaludon|def|1
|-damage|p2a: Serperior|90/100|[from] item: Life Orb
|move|p1b: Vivillon|Hurricane|p2a: Serperior
|-supereffective|p2a: Serperior|1
|-damage|p2a: Serperior|0 fnt
|faint|p2a: Serperior
|
|-heal|p1a: Archaludon|92/100|[from] item: Leftovers
|upkeep
|
|t:|1784902323
|switch|p2a: Raichu|Raichu, L50, M|100/100
|turn|2
|inactive|RegiSIXSEVEN has 30 seconds left.
|inactive|f54 squarer has 30 seconds left.
|inactive|f54 squarer has 20 seconds left.
|
|t:|1784902367
|switch|p1b: Swampert|Swampert, L50, F, shiny|100/100
|detailschange|p2a: Raichu|Raichu-Mega-Y, L50, M
|-mega|p2a: Raichu|Raichu|Raichunite Y
|move|p2b: Whimsicott|Protect|p2b: Whimsicott
|-singleturn|p2b: Whimsicott|Protect
|move|p2a: Raichu|Focus Blast|p1a: Archaludon
|-supereffective|p1a: Archaludon|1
|-damage|p1a: Archaludon|3/100
|-ability|p1a: Archaludon|Stamina|boost
|-boost|p1a: Archaludon|def|1
|move|p1a: Archaludon|Dragon Pulse|p2a: Raichu
|-damage|p2a: Raichu|45/100
|
|-heal|p1a: Archaludon|9/100|[from] item: Leftovers
|upkeep
|turn|3
|
|t:|1784902390
|detailschange|p1b: Swampert|Swampert-Mega, L50, F, shiny
|-mega|p1b: Swampert|Swampert|Swampertite
|move|p1a: Archaludon|Protect|p1a: Archaludon
|-singleturn|p1a: Archaludon|Protect
|move|p2a: Raichu|Volt Switch|p1a: Archaludon
|-activate|p1a: Archaludon|move: Protect
|move|p2b: Whimsicott|Moonblast|p1b: Swampert
|-damage|p1b: Swampert|73/100
|move|p1b: Swampert|Earthquake|p2b: Whimsicott|[spread] p2a,p2b
|-activate|p1a: Archaludon|move: Protect
|-supereffective|p2a: Raichu|1
|-resisted|p2b: Whimsicott|1
|-damage|p2a: Raichu|0 fnt
|-damage|p2b: Whimsicott|80/100
|faint|p2a: Raichu
|
|-heal|p1a: Archaludon|15/100|[from] item: Leftovers
|upkeep
|
|t:|1784902405
|switch|p2a: Talonflame|Talonflame, L50, F|100/100
|turn|4
|
|t:|1784902421
|switch|p1a: Politoed|Politoed, L50, F, shiny|100/100
|-weather|RainDance|[from] ability: Drizzle|[of] p1a: Politoed
|move|p2a: Talonflame|Brave Bird|p1b: Swampert
|-damage|p1b: Swampert|32/100
|-damage|p2a: Talonflame|83/100|[from] Recoil
|move|p2b: Whimsicott|Encore||[still]
|-fail|p2b: Whimsicott
|move|p1b: Swampert|Ice Punch|p2b: Whimsicott
|-supereffective|p2b: Whimsicott|1
|-damage|p2b: Whimsicott|28/100
|
|-weather|RainDance|[upkeep]
|-sideend|p2: f54 squarer|move: Tailwind
|upkeep
|turn|5
|
|t:|1784902442
|move|p2a: Talonflame|Protect|p2a: Talonflame
|-singleturn|p2a: Talonflame|Protect
|move|p2b: Whimsicott|Tailwind|p2b: Whimsicott
|-sidestart|p2: f54 squarer|move: Tailwind
|move|p1b: Swampert|Ice Punch|p2b: Whimsicott
|-supereffective|p2b: Whimsicott|1
|-damage|p2b: Whimsicott|0 fnt
|faint|p2b: Whimsicott
|move|p1a: Politoed|Hydro Pump|p2a: Talonflame
|-activate|p2a: Talonflame|move: Protect
|
|-weather|RainDance|[upkeep]
|upkeep
|turn|6
|
|t:|1784902455
|move|p2a: Talonflame|Brave Bird|p1a: Politoed
|-crit|p1a: Politoed
|-damage|p1a: Politoed|32/100
|-damage|p2a: Talonflame|55/100|[from] Recoil
|move|p1b: Swampert|Wave Crash|p2a: Talonflame
|-supereffective|p2a: Talonflame|1
|-damage|p2a: Talonflame|0 fnt
|faint|p2a: Talonflame
|-damage|p1b: Swampert|17/100|[from] Recoil
|
|win|RegiSIXSEVEN
