|j|â˜†AGreatRobot
|j|â˜†LovelyLilypad
|html|AGreatRobotLovelyLilypad    
|uhtml|bestof|Game 3 of a best-of-3
|t:|1757107862
|gametype|doubles
|player|p1|AGreatRobot|wattson|
|player|p2|LovelyLilypad|caitlin|
|gen|9
|tier|[Gen 9] VGC 2025 Reg H (Bo3)
|rule|Species Clause: Limit one of each PokÃ©mon
|rule|Item Clause: Limit 1 of each item
|clearpoke
|poke|p1|Bisharp, L50, M|
|poke|p1|Clodsire, L50, F|
|poke|p1|Tatsugiri-Stretchy, L50, M|
|poke|p1|Murkrow, L50, F|
|poke|p1|Oranguru, L50, M|
|poke|p1|Weavile, L50, M|
|poke|p2|Glaceon, L50, F|
|poke|p2|Yanmega, L50, F|
|poke|p2|Arcanine, L50, F|
|poke|p2|Slowking, L50, M|
|poke|p2|Gallade, L50, M|
|poke|p2|Meowscarada, L50, F|
|teampreview|4
|showteam|p1|Bisharp||Eviolite|Defiant|IronHead,ThroatChop,SuckerPunch,Protect|||M|||50|,,,,,Water]Clodsire||SitrusBerry|WaterAbsorb|BodyPress,AfterYou,Stockpile,Yawn|||F|||50|,,,,,Grass]Tatsugiri-Stretchy||ChoiceSpecs|StormDrain|Surf,DracoMeteor,HydroPump,MuddyWater|||M|||50|,,,,,Water]Murkrow||FocusSash|Prankster|Tailwind,RainDance,Taunt,FoulPlay|||F|||50|,,,,,Ghost]Oranguru||SafetyGoggles|Telepathy|Instruct,TrickRoom,Protect,KnockOff|||M|||50|,,,,,Dark]Weavile||LifeOrb|Pressure|TripleAxel,KnockOff,FakeOut,Protect|||M|||50|,,,,,Ice
|showteam|p2|Glaceon||NeverMeltIce|SnowCloak|Protect,Blizzard,FreezeDry,Snowscape|||F|||50|,,,,,Ice]Yanmega||FocusSash|SpeedBoost|Protect,Tailwind,AirSlash,BugBuzz|||F|||50|,,,,,Ghost]Arcanine||SitrusBerry|Intimidate|Protect,FlareBlitz,ExtremeSpeed,Snarl|||F|||50|,,,,,Grass]Slowking||CovertCloak|Oblivious|Scald,Psychic,TrickRoom,ChillyReception|||M|||50|,,,,,Grass]Gallade||LifeOrb|Sharpness|Protect,PsychoCut,SacredSword,LeafBlade|||M|||50|,,,,,Psychic]Meowscarada||ChoiceBand|Protean|FlowerTrick,KnockOff,TripleAxel,Uturn|||F|||50|,,,,,Ghost
|
|t:|1757107891
|teamsize|p1|4
|teamsize|p2|4
|start
|switch|p1a: Ice Ice Baby|Weavile, L50, M|100/100
|switch|p1b: Lil Bro|Bisharp, L50, M|100/100
|switch|p2a: BZZT!|Yanmega, L50, F|100/100
|switch|p2b: Zero|Gallade, L50, M|100/100
|-ability|p1a: Ice Ice Baby|Pressure
|turn|1
|
|t:|1757107906
|move|p2a: BZZT!|Protect|p2a: BZZT!
|-singleturn|p2a: BZZT!|Protect
|move|p2b: Zero|Protect|p2b: Zero
|-singleturn|p2b: Zero|Protect
|move|p1a: Ice Ice Baby|Knock Off|p2b: Zero
|-activate|p2b: Zero|move: Protect
|move|p1b: Lil Bro|Throat Chop|p2a: BZZT!
|-activate|p2a: BZZT!|move: Protect
|
|-ability|p2a: BZZT!|Speed Boost|boost
|-boost|p2a: BZZT!|spe|1
|upkeep
|turn|2
|
|t:|1757107939
|switch|p1a: fren :)|Clodsire, L50, F|100/100
|-terastallize|p1b: Lil Bro|Water
|move|p2a: BZZT!|Tailwind|p2a: BZZT!
|-sidestart|p2: LovelyLilypad|move: Tailwind
|move|p2b: Zero|Sacred Sword|p1a: fren :)
|-resisted|p1a: fren :)
|-damage|p1a: fren :)|68/100
|-damage|p2b: Zero|91/100|[from] item: Life Orb
|move|p1b: Lil Bro|Throat Chop|p2b: Zero
|-damage|p2b: Zero|18/100
|-start|p2b: Zero|Throat Chop|[silent]
|
|-ability|p2a: BZZT!|Speed Boost|boost
|-boost|p2a: BZZT!|spe|1
|upkeep
|turn|3
|
|t:|1757107977
|switch|p1a: Ice Ice Baby|Weavile, L50, M|100/100
|-ability|p1a: Ice Ice Baby|Pressure
|move|p1b: Lil Bro|Sucker Punch|p2a: BZZT!
|-damage|p2a: BZZT!|54/100
|move|p2a: BZZT!|Air Slash|p1a: Ice Ice Baby
|-damage|p1a: Ice Ice Baby|49/100
|move|p2b: Zero|Leaf Blade|p1b: Lil Bro
|-supereffective|p1b: Lil Bro
|-crit|p1b: Lil Bro
|-damage|p1b: Lil Bro|0 fnt
|faint|p1b: Lil Bro
|-damage|p2b: Zero|8/100|[from] item: Life Orb
|
|-end|p2b: Zero|Throat Chop|[silent]
|-ability|p2a: BZZT!|Speed Boost|boost
|-boost|p2a: BZZT!|spe|1
|upkeep
|c|â˜†AGreatRobot|Bruh
|
|t:|1757107997
|switch|p1b: fren :)|Clodsire, L50, F|68/100
|turn|4
|
|t:|1757108014
|move|p2b: Zero|Protect|p2b: Zero
|-singleturn|p2b: Zero|Protect
|move|p1a: Ice Ice Baby|Protect|p1a: Ice Ice Baby
|-singleturn|p1a: Ice Ice Baby|Protect
|move|p2a: BZZT!|Bug Buzz|p1a: Ice Ice Baby
|-activate|p1a: Ice Ice Baby|move: Protect
|move|p1b: fren :)|Body Press|p2b: Zero
|-activate|p2b: Zero|move: Protect
|
|-ability|p2a: BZZT!|Speed Boost|boost
|-boost|p2a: BZZT!|spe|1
|upkeep
|turn|5
|
|t:|1757108028
|switch|p1a: Just Keep Swimming|Tatsugiri-Stretchy, L50, M|100/100
|move|p2a: BZZT!|Bug Buzz|p1a: Just Keep Swimming
|-damage|p1a: Just Keep Swimming|54/100
|move|p2b: Zero|Psycho Cut|p1b: fren :)
|-supereffective|p1b: fren :)
|-damage|p1b: fren :)|0 fnt
|faint|p1b: fren :)
|-damage|p2b: Zero|0 fnt|[from] item: Life Orb
|faint|p2b: Zero
|
|-sideend|p2: LovelyLilypad|move: Tailwind
|-ability|p2a: BZZT!|Speed Boost|boost
|-boost|p2a: BZZT!|spe|1
|upkeep
|
|t:|1757108041
|switch|p2b: Spinch|Meowscarada, L50, F|100/100
|switch|p1b: Ice Ice Baby|Weavile, L50, M|49/100
|-ability|p1b: Ice Ice Baby|Pressure
|turn|6
|
|t:|1757108055
|move|p2a: BZZT!|Protect|p2a: BZZT!
|-singleturn|p2a: BZZT!|Protect
|move|p2b: Spinch|Flower Trick|p1a: Just Keep Swimming
|-start|p2b: Spinch|typechange|Grass|[from] ability: Protean
|-crit|p1a: Just Keep Swimming
|-damage|p1a: Just Keep Swimming|0 fnt
|faint|p1a: Just Keep Swimming
|move|p1b: Ice Ice Baby|Triple Axel|p2a: BZZT!
|-activate|p2a: BZZT!|move: Protect
|
|-ability|p2a: BZZT!|Speed Boost|boost
|-boost|p2a: BZZT!|spe|1
|upkeep
|turn|7
|-message|AGreatRobot forfeited.
|
|win|LovelyLilypad
|l|â˜†AGreatRobot
|player|p1|
|c|â˜†LovelyLilypad|ggs!
