|j|вҳҶQaiseasy
|j|вҳҶfailandimprove5
|html|Qaiseasyfailandimprove5    
|uhtml|bestof|Game 1 of a best-of-3
|t:|1784506405
|gametype|doubles
|player|p1|Qaiseasy|266|1103
|player|p2|failandimprove5|266|1330
|gen|9
|tier|[Gen 9 Champions] VGC 2026 Reg M-B (Bo3)
|rated|
|rule|Species Clause: Limit one of each PokГ©mon
|rule|Item Clause: Limit 1 of each item
|clearpoke
|poke|p1|Whimsicott, L50, M|
|poke|p1|Charizard, L50, F|
|poke|p1|Basculegion, L50, M|
|poke|p1|Kingambit, L50, F|
|poke|p1|Garchomp, L50, F|
|poke|p1|Floette-Eternal, L50, F|
|poke|p2|Whimsicott, L50, M|
|poke|p2|Froslass, L50, F|
|poke|p2|Arcanine-Hisui, L50, F|
|poke|p2|Sneasler, L50, M|
|poke|p2|Dragonite, L50, F|
|poke|p2|Kingambit, L50, F|
|teampreview|4
|showteam|p1|Whimsicott||FocusSash|Prankster|Moonblast,Tailwind,FakeTears,Protect|Timid||M|||50|]Charizard||CharizarditeY|Blaze|HeatWave,WeatherBall,SolarBeam,Protect|Modest||F|||50|]Basculegion||LifeOrb|Adaptability|WaveCrash,LastRespects,AquaJet,Protect|Adamant||M|||50|]Kingambit||BlackGlasses|Defiant|KowtowCleave,SuckerPunch,IronHead,Protect|Adamant||F|||50|]Garchomp||HabanBerry|RoughSkin|Earthquake,DragonClaw,RockSlide,Protect|Jolly||F|||50|]Floette-Eternal||Floettite|FlowerVeil|Moonblast,DazzlingGleam,LightofRuin,Protect|Timid||F|||50|
|showteam|p2|Whimsicott||SitrusBerry|Prankster|Moonblast,Tailwind,Encore,Protect|Bold||M|||50|]Froslass||Froslassite|CursedBody|Blizzard,ShadowBall,AuroraVeil,Protect|Timid||F|||50|]Arcanine-Hisui||FocusSash|RockHead|FlareBlitz,HeadSmash,RockSlide,Protect|Jolly||F|||50|]Sneasler||WhiteHerb|Unburden|CloseCombat,GunkShot,FakeOut,Protect|Adamant||M|||50|]Dragonite||LifeOrb|InnerFocus|DragonClaw,Superpower,ExtremeSpeed,Protect|Adamant||F|||50|]Kingambit||BlackGlasses|Defiant|KowtowCleave,IronHead,SuckerPunch,Protect|Adamant||F|||50|
|inactive|Battle timer is ON: inactive players will automatically lose when time's up. (requested by failandimprove5)
|inactive|Qaiseasy has 60 seconds left.
|inactive|failandimprove5 has 60 seconds left.
|inactive|Qaiseasy has 30 seconds left.
|inactive|failandimprove5 has 30 seconds left.
|inactive|Qaiseasy has 20 seconds left.
|inactive|Qaiseasy has 15 seconds left.
|
|t:|1784506487
|teamsize|p1|4
|teamsize|p2|4
|start
|switch|p1a: еү–й–Ӣй»‘зҡ„|Whimsicott, L50, M|100/100
|switch|p1b: жҺғе…Ёе®¶еў“|Basculegion, L50, M|100/100
|switch|p2a: Whimsicott|Whimsicott, L50, M|100/100
|switch|p2b: Froslass|Froslass, L50, F|100/100
|turn|1
|inactive|failandimprove5 has 30 seconds left.
|inactive|failandimprove5 has 20 seconds left.
|
|t:|1784506525
|detailschange|p2b: Froslass|Froslass-Mega, L50, F
|-mega|p2b: Froslass|Froslass|Froslassite
|-weather|Snowscape|[from] ability: Snow Warning|[of] p2b: Froslass
|move|p1a: еү–й–Ӣй»‘зҡ„|Tailwind|p1a: еү–й–Ӣй»‘зҡ„
|-sidestart|p1: Qaiseasy|move: Tailwind
|move|p2a: Whimsicott|Tailwind|p2a: Whimsicott
|-sidestart|p2: failandimprove5|move: Tailwind
|move|p2b: Froslass|Blizzard|p1a: еү–й–Ӣй»‘зҡ„|[spread] p1a,p1b
|-supereffective|p1a: еү–й–Ӣй»‘зҡ„|1
|-resisted|p1b: жҺғе…Ёе®¶еў“|1
|-enditem|p1a: еү–й–Ӣй»‘зҡ„|Focus Sash
|-damage|p1a: еү–й–Ӣй»‘зҡ„|1/100
|-damage|p1b: жҺғе…Ёе®¶еў“|77/100
|move|p1b: жҺғе…Ёе®¶еў“|Wave Crash|p2b: Froslass
|-damage|p2b: Froslass|1/100
|-damage|p1b: жҺғе…Ёе®¶еў“|49/100|[from] Recoil
|-damage|p1b: жҺғе…Ёе®¶еў“|39/100|[from] item: Life Orb
|
|-weather|Snowscape|[upkeep]
|upkeep
|turn|2
|inactive|Qaiseasy has 30 seconds left.
|
|t:|1784506558
|switch|p2b: Dragonite|Dragonite, L50, F|100/100
|move|p2a: Whimsicott|Encore|p1a: еү–й–Ӣй»‘зҡ„
|-start|p1a: еү–й–Ӣй»‘зҡ„|Encore
|move|p1a: еү–й–Ӣй»‘зҡ„|Tailwind||[still]
|-fail|p1a: еү–й–Ӣй»‘зҡ„
|move|p1b: жҺғе…Ёе®¶еў“|Aqua Jet|p2b: Dragonite
|-resisted|p2b: Dragonite|1
|-crit|p2b: Dragonite
|-damage|p2b: Dragonite|73/100
|-damage|p1b: жҺғе…Ёе®¶еў“|29/100|[from] item: Life Orb
|
|-weather|Snowscape|[upkeep]
|upkeep
|turn|3
|
|t:|1784506573
|move|p1b: жҺғе…Ёе®¶еў“|Protect|p1b: жҺғе…Ёе®¶еў“
|-singleturn|p1b: жҺғе…Ёе®¶еў“|Protect
|move|p1a: еү–й–Ӣй»‘зҡ„|Tailwind||[still]
|-fail|p1a: еү–й–Ӣй»‘зҡ„
|move|p2a: Whimsicott|Moonblast|p1a: еү–й–Ӣй»‘зҡ„
|-damage|p1a: еү–й–Ӣй»‘зҡ„|0 fnt
|faint|p1a: еү–й–Ӣй»‘зҡ„
|move|p2b: Dragonite|Dragon Claw|p1b: жҺғе…Ёе®¶еў“
|-activate|p1b: жҺғе…Ёе®¶еў“|move: Protect
|
|-weather|Snowscape|[upkeep]
|upkeep
|
|t:|1784506586
|switch|p1a: дёҚжңғи·іиҲһ|Kingambit, L50, F|100/100
|turn|4
|
|t:|1784506602
|switch|p1b: йӣӘеӨ©з§’дәә|Charizard, L50, F|100/100
|move|p2a: Whimsicott|Moonblast|p1b: йӣӘеӨ©з§’дәә
|-resisted|p1b: йӣӘеӨ©з§’дәә|1
|-damage|p1b: йӣӘеӨ©з§’дәә|85/100
|move|p2b: Dragonite|Superpower|p1a: дёҚжңғи·іиҲһ
|-supereffective|p1a: дёҚжңғи·іиҲһ|2
|-damage|p1a: дёҚжңғи·іиҲһ|0 fnt
|-unboost|p2b: Dragonite|atk|1
|-unboost|p2b: Dragonite|def|1
|faint|p1a: дёҚжңғи·іиҲһ
|-damage|p2b: Dragonite|63/100|[from] item: Life Orb
|
|-weather|Snowscape|[upkeep]
|-sideend|p1: Qaiseasy|move: Tailwind
|-sideend|p2: failandimprove5|move: Tailwind
|upkeep
|
|t:|1784506611
|switch|p1a: жҺғе…Ёе®¶еў“|Basculegion, L50, M|29/100
|turn|5
|
|t:|1784506630
|move|p2a: Whimsicott|Protect|p2a: Whimsicott
|-singleturn|p2a: Whimsicott|Protect
|move|p1a: жҺғе…Ёе®¶еў“|Last Respects|p2a: Whimsicott
|-activate|p2a: Whimsicott|move: Protect
|move|p1b: йӣӘеӨ©з§’дәә|Weather Ball|p2b: Dragonite
|-supereffective|p2b: Dragonite|2
|-damage|p2b: Dragonite|0 fnt
|faint|p2b: Dragonite
|
|-weather|none
|upkeep
|
|t:|1784506640
|switch|p2b: Arcanine|Arcanine-Hisui, L50, F|100/100
|turn|6
|
|t:|1784506659
|detailschange|p1b: йӣӘеӨ©з§’дәә|Charizard-Mega-Y, L50, F
|-mega|p1b: йӣӘеӨ©з§’дәә|Charizard|Charizardite Y
|-weather|SunnyDay|[from] ability: Drought|[of] p1b: йӣӘеӨ©з§’дәә
|move|p2a: Whimsicott|Tailwind|p2a: Whimsicott
|-sidestart|p2: failandimprove5|move: Tailwind
|move|p1a: жҺғе…Ёе®¶еў“|Aqua Jet|p2b: Arcanine
|-supereffective|p2b: Arcanine|2
|-damage|p2b: Arcanine|21/100
|-damage|p1a: жҺғе…Ёе®¶еў“|20/100y|[from] item: Life Orb
|move|p2b: Arcanine|Rock Slide|p1b: йӣӘеӨ©з§’дәә|[spread] p1a,p1b
|-supereffective|p1b: йӣӘеӨ©з§’дәә|2
|-damage|p1a: жҺғе…Ёе®¶еў“|0 fnt
|-damage|p1b: йӣӘеӨ©з§’дәә|0 fnt
|faint|p1a: жҺғе…Ёе®¶еў“
|faint|p1b: йӣӘеӨ©з§’дәә
|
|win|failandimprove5
