|j|☆akahyden
|j|☆i still have it
|html|akahydeni still have it    
|uhtml|bestof|Game 2 of a best-of-3
|t:|1755972401
|gametype|doubles
|player|p1|akahyden|101|1301
|player|p2|i still have it|266|1275
|gen|9
|tier|[Gen 9] VGC 2025 Reg H (Bo3)
|rated|
|rule|Species Clause: Limit one of each Pokémon
|rule|Item Clause: Limit 1 of each item
|clearpoke
|poke|p1|Porygon2, L50|
|poke|p1|Incineroar, L50, F|
|poke|p1|Amoonguss, L50, M|
|poke|p1|Ursaluna, L50, F|
|poke|p1|Gholdengo, L50|
|poke|p1|Kilowattrel, L50, F|
|poke|p2|Sneasler, L50, M|
|poke|p2|Basculegion, L50, M|
|poke|p2|Kingambit, L50, M|
|poke|p2|Dragonite, L50, F|
|poke|p2|Rillaboom, L50, M|
|poke|p2|Magmar, L50, F|
|teampreview|4
|showteam|p1|Porygon2||Eviolite|Download|TeraBlast,IceBeam,TrickRoom,Recover||||||50|,,,,,Fighting]Incineroar||SafetyGoggles|Intimidate|KnockOff,FlareBlitz,PartingShot,FakeOut|||F|||50|,,,,,Water]Amoonguss||SitrusBerry|Regenerator|Spore,PollenPuff,RagePowder,Protect|||M|||50|,,,,,Water]Ursaluna||FlameOrb|Guts|Protect,Facade,HeadlongRush,Earthquake|||F|||50|,,,,,Ghost]Gholdengo||LifeOrb|GoodasGold|MakeItRain,ShadowBall,NastyPlot,Protect||||||50|,,,,,Water]Kilowattrel||FocusSash|Competitive|Thunderbolt,AirSlash,Tailwind,Protect|||F|||50|,,,,,Ghost
|showteam|p2|Sneasler||FocusSash|PoisonTouch|DireClaw,CloseCombat,Coaching,Protect|||M|||50|,,,,,Stellar]Basculegion||ChoiceScarf|Adaptability|WaveCrash,LastRespects,FlipTurn,TeraBlast|||M|||50|,,,,,Fighting]Kingambit||DreadPlate|Defiant|KowtowCleave,SuckerPunch,SwordsDance,Protect|||M|||50|,,,,,Dark]Dragonite||LoadedDice|Multiscale|ScaleShot,Tailwind,Haze,Protect|||F|||50|,,,,,Steel]Rillaboom||AssaultVest|GrassySurge|WoodHammer,Uturn,FakeOut,GrassyGlide|||M|||50|,,,,,Fire]Magmar||Eviolite|VitalSpirit|BurningJealousy,FollowMe,Taunt,Protect|||F|||50|,,,,,Ghost
|inactive|Battle timer is ON: inactive players will automatically lose when time's up. (requested by i still have it)
|inactive|akahyden has 60 seconds left.
|
|t:|1755972459
|teamsize|p1|4
|teamsize|p2|4
|start
|switch|p1a: Kilowattrel|Kilowattrel, L50, F|100/100
|switch|p1b: Ursaluna|Ursaluna, L50, F|100/100
|switch|p2a: Magmar|Magmar, L50, F|100/100
|switch|p2b: Sneasler|Sneasler, L50, M|100/100
|turn|1
|inactive|i still have it has 30 seconds left.
|inactive|i still have it has 20 seconds left.
|inactive|i still have it has 15 seconds left.
|
|t:|1755972507
|-terastallize|p1b: Ursaluna|Ghost
|move|p1a: Kilowattrel|Tailwind|p1a: Kilowattrel
|-sidestart|p1: akahyden|move: Tailwind
|move|p2b: Sneasler|Dire Claw|p1a: Kilowattrel
|-damage|p1a: Kilowattrel|22/100
|-status|p1a: Kilowattrel|psn|[from] ability: Poison Touch|[of] p2b: Sneasler
|move|p1b: Ursaluna|Earthquake|p2b: Sneasler|[spread] p2a,p2b
|-immune|p1a: Kilowattrel
|-supereffective|p2a: Magmar
|-supereffective|p2b: Sneasler
|-damage|p2a: Magmar|30/100
|-enditem|p2b: Sneasler|Focus Sash
|-damage|p2b: Sneasler|1/100
|move|p2a: Magmar|Burning Jealousy|p1b: Ursaluna|[spread] p1a,p1b
|-damage|p1a: Kilowattrel|0 fnt
|-damage|p1b: Ursaluna|85/100
|faint|p1a: Kilowattrel
|
|-status|p1b: Ursaluna|brn|[from] item: Flame Orb
|upkeep
|inactive|akahyden has 30 seconds left.
|
|t:|1755972533
|switch|p1a: Amoonguss|Amoonguss, L50, M|100/100
|turn|2
|
|t:|1755972545
|switch|p2a: Rillaboom|Rillaboom, L50, M|100/100
|-fieldstart|move: Grassy Terrain|[from] ability: Grassy Surge|[of] p2a: Rillaboom
|move|p2b: Sneasler|Protect|p2b: Sneasler
|-singleturn|p2b: Sneasler|Protect
|move|p1a: Amoonguss|Protect|p1a: Amoonguss
|-singleturn|p1a: Amoonguss|Protect
|move|p1b: Ursaluna|Earthquake|p2a: Rillaboom|[spread] p2a
|-activate|p1a: Amoonguss|move: Protect
|-activate|p2b: Sneasler|move: Protect
|-resisted|p2a: Rillaboom
|-damage|p2a: Rillaboom|86/100
|
|-heal|p2b: Sneasler|7/100|[from] Grassy Terrain
|-heal|p1b: Ursaluna|91/100 brn|[from] Grassy Terrain
|-heal|p2a: Rillaboom|92/100|[from] Grassy Terrain
|-damage|p1b: Ursaluna|85/100 brn|[from] brn
|upkeep
|turn|3
|
|t:|1755972571
|switch|p2a: Kingambit|Kingambit, L50, M|100/100
|move|p2b: Sneasler|Dire Claw|p1a: Amoonguss
|-damage|p1a: Amoonguss|65/100
|-status|p1a: Amoonguss|par
|move|p1b: Ursaluna|Facade|p2a: Kingambit
|-resisted|p2a: Kingambit
|-damage|p2a: Kingambit|57/100
|move|p1a: Amoonguss|Pollen Puff|p2b: Sneasler
|-resisted|p2b: Sneasler
|-damage|p2b: Sneasler|1/100
|
|-heal|p2b: Sneasler|7/100|[from] Grassy Terrain
|-heal|p1b: Ursaluna|91/100 brn|[from] Grassy Terrain
|-heal|p2a: Kingambit|62/100|[from] Grassy Terrain
|-heal|p1a: Amoonguss|71/100 par|[from] Grassy Terrain
|-damage|p1b: Ursaluna|85/100 brn|[from] brn
|upkeep
|turn|4
|
|t:|1755972593
|move|p2a: Kingambit|Protect|p2a: Kingambit
|-singleturn|p2a: Kingambit|Protect
|move|p1a: Amoonguss|Protect|p1a: Amoonguss
|-singleturn|p1a: Amoonguss|Protect
|move|p2b: Sneasler|Coaching|p2a: Kingambit
|-boost|p2a: Kingambit|atk|1
|-boost|p2a: Kingambit|def|1
|move|p1b: Ursaluna|Earthquake|p2b: Sneasler|[spread] p2b
|-activate|p1a: Amoonguss|move: Protect
|-activate|p2a: Kingambit|move: Protect
|-supereffective|p2b: Sneasler
|-damage|p2b: Sneasler|0 fnt
|faint|p2b: Sneasler
|
|-heal|p1b: Ursaluna|91/100 brn|[from] Grassy Terrain
|-heal|p2a: Kingambit|68/100|[from] Grassy Terrain
|-heal|p1a: Amoonguss|77/100 par|[from] Grassy Terrain
|-damage|p1b: Ursaluna|85/100 brn|[from] brn
|-sideend|p1: akahyden|move: Tailwind
|upkeep
|inactive|i still have it has 30 seconds left.
|
|t:|1755972621
|switch|p2b: Rillaboom|Rillaboom, L50, M|92/100
|turn|5
|
|t:|1755972627
|switch|p2b: Magmar|Magmar, L50, F|30/100
|cant|p1a: Amoonguss|par
|move|p1b: Ursaluna|Headlong Rush|p2a: Kingambit
|-supereffective|p2a: Kingambit
|-damage|p2a: Kingambit|0 fnt
|-unboost|p1b: Ursaluna|def|1
|-unboost|p1b: Ursaluna|spd|1
|faint|p2a: Kingambit
|
|-heal|p2b: Magmar|36/100|[from] Grassy Terrain
|-heal|p1b: Ursaluna|91/100 brn|[from] Grassy Terrain
|-heal|p1a: Amoonguss|83/100 par|[from] Grassy Terrain
|-damage|p1b: Ursaluna|85/100 brn|[from] brn
|upkeep
|inactive|i still have it has 30 seconds left.
|c|☆i still have it|Damn. Did you not see the play, or did you just decide to yolo?
|inactive|i still have it has 20 seconds left.
|c|☆akahyden|bri
|c|☆akahyden|bro
|inactive|i still have it has 15 seconds left.
|inactive|i still have it has 10 seconds left.
|c|☆akahyden|is my firts game with this team
|inactive|i still have it has 5 seconds left.
|c|☆akahyden|you're just bad imo
|
|t:|1755972682
|switch|p2a: Rillaboom|Rillaboom, L50, M|92/100
|turn|6
|c|☆i still have it|Okay explain
|c|☆i still have it|Take your time
|c|☆akahyden|nope
|inactive|akahyden has 30 seconds left.
|inactive|i still have it has 30 seconds left.
|inactive|akahyden has 20 seconds left.
|inactive|i still have it has 20 seconds left.
|c|☆i still have it|Lol your opinion is meaningless thanks for nothing
|c|☆i still have it|Idiot
|inactive|akahyden has 15 seconds left.
|inactive|i still have it has 15 seconds left.
|-message|i still have it forfeited.
|
|win|akahyden
|raw|akahyden's rating: 1301 → 1320(+19 for winning)
|raw|i still have it's rating: 1275 → 1252(-23 for losing)
|l|☆i still have it
|player|p2|
|c|☆akahyden|ahahahha
