|j|☆ahamedsan34
|j|☆Bl0ste
|html|ahamedsan34Bl0ste    
|uhtml|bestof|Game 2 of a best-of-3
|t:|1756812590
|gametype|doubles
|player|p1|ahamedsan34|dawn|1000
|player|p2|Bl0ste|li|1060
|gen|9
|tier|[Gen 9] VGC 2025 Reg H (Bo3)
|rated|
|rule|Species Clause: Limit one of each Pokémon
|rule|Item Clause: Limit 1 of each item
|clearpoke
|poke|p1|Amoonguss, L50, F|
|poke|p1|Mismagius, L50, F|
|poke|p1|Porygon2, L50|
|poke|p1|Incineroar, L50, M|
|poke|p1|Ursaluna, L50, F|
|poke|p1|Tyranitar, L50, M|
|poke|p2|Armarouge, L50, F|
|poke|p2|Indeedee-F, L50, F|
|poke|p2|Ursaluna, L50, M|
|poke|p2|Hatterene, L50, F|
|poke|p2|Dusclops, L50, M|
|poke|p2|Kingambit, L50, F|
|teampreview|4
|showteam|p1|Amoonguss||RockyHelmet|EffectSpore|Spore,RagePowder,PollenPuff,Protect|||F|||50|,,,,,Grass]Mismagius||Leftovers|Levitate|NastyPlot,Protect,DazzlingGleam,ShadowBall|||F|||50|,,,,,Ghost]Porygon2||Eviolite|Download|TrickRoom,IceBeam,TeraBlast,Recover||||||50|,,,,,Normal]Incineroar||SafetyGoggles|Intimidate|PartingShot,FlareBlitz,KnockOff,FakeOut|||M|||50|,,,,,Fire]Ursaluna||FlameOrb|Guts|Protect,Facade,HeadlongRush,Substitute|||F|||50|,,,,,Ground]Tyranitar||AssaultVest|SandStream|TeraBlast,LowKick,Crunch,RockSlide|||M|||50|,,,,,Rock
|showteam|p2|Armarouge||LifeOrb|FlashFire|ExpandingForce,EnergyBall,ArmorCannon,TrickRoom|||F|||50|,,,,,Grass]Indeedee-F||SafetyGoggles|PsychicSurge|DazzlingGleam,FollowMe,HelpingHand,TrickRoom|||F|||50|,,,,,Fairy]Ursaluna||FlameOrb|Guts|Facade,HeadlongRush,Earthquake,Protect|||M|||50|,,,,,Ghost]Hatterene||FocusSash|MagicBounce|TrickRoom,ExpandingForce,DazzlingGleam,Protect|||F|||50|,,,,,Psychic]Dusclops||Eviolite|Pressure|TrickRoom,NightShade,Haze,PainSplit|||M|||50|,,,,,Ghost]Kingambit||BlackGlasses|Defiant|SuckerPunch,KowtowCleave,IronHead,Protect|||F|||50|,,,,,Ghost
|inactive|Battle timer is ON: inactive players will automatically lose when time's up. (requested by Bl0ste)
|
|t:|1756812609
|teamsize|p1|4
|teamsize|p2|4
|start
|switch|p1a: Ursaluna|Ursaluna, L50, F|100/100
|switch|p1b: Porygon2|Porygon2, L50|100/100
|switch|p2a: Dusclops|Dusclops, L50, M|100/100
|switch|p2b: Kingambit|Kingambit, L50, F|100/100
|-ability|p1b: Porygon2|Download|boost
|-boost|p1b: Porygon2|spa|1
|-ability|p2a: Dusclops|Pressure
|turn|1
|
|t:|1756812631
|switch|p2a: Armarouge|Armarouge, L50, F|100/100
|-terastallize|p2b: Kingambit|Ghost
|move|p1a: Ursaluna|Protect|p1a: Ursaluna
|-singleturn|p1a: Ursaluna|Protect
|move|p2b: Kingambit|Kowtow Cleave|p1a: Ursaluna
|-activate|p1a: Ursaluna|move: Protect
|move|p1b: Porygon2|Trick Room|p1b: Porygon2
|-fieldstart|move: Trick Room|[of] p1b: Porygon2
|
|-status|p1a: Ursaluna|brn|[from] item: Flame Orb
|upkeep
|turn|2
|
|t:|1756812651
|-terastallize|p1a: Ursaluna|Ground
|move|p2b: Kingambit|Sucker Punch|p1a: Ursaluna
|-damage|p1a: Ursaluna|72/100 brn
|move|p1a: Ursaluna|Headlong Rush|p2b: Kingambit
|-damage|p2b: Kingambit|13/100
|-unboost|p1a: Ursaluna|def|1
|-unboost|p1a: Ursaluna|spd|1
|move|p1b: Porygon2|Tera Blast|p2a: Armarouge
|-damage|p2a: Armarouge|57/100
|move|p2a: Armarouge|Energy Ball|p1a: Ursaluna
|-supereffective|p1a: Ursaluna
|-damage|p1a: Ursaluna|0 fnt
|faint|p1a: Ursaluna
|-damage|p2a: Armarouge|47/100|[from] item: Life Orb
|
|upkeep
|
|t:|1756812659
|switch|p1a: Incineroar|Incineroar, L50, M|100/100
|-ability|p1a: Incineroar|Intimidate|boost
|-unboost|p2a: Armarouge|atk|1
|-unboost|p2b: Kingambit|atk|1
|-ability|p2b: Kingambit|Defiant|boost
|-boost|p2b: Kingambit|atk|2
|turn|3
|
|t:|1756812673
|switch|p2a: Ursaluna|Ursaluna, L50, M|100/100
|move|p1b: Porygon2|Tera Blast|p2a: Ursaluna
|-damage|p2a: Ursaluna|61/100
|move|p1a: Incineroar|Knock Off|p2b: Kingambit
|-supereffective|p2b: Kingambit
|-damage|p2b: Kingambit|0 fnt
|-enditem|p2b: Kingambit|Black Glasses|[from] move: Knock Off|[of] p1a: Incineroar
|faint|p2b: Kingambit
|
|-status|p2a: Ursaluna|brn|[from] item: Flame Orb
|upkeep
|
|t:|1756812686
|switch|p2b: Dusclops|Dusclops, L50, M|100/100
|-ability|p2b: Dusclops|Pressure
|turn|4
|
|t:|1756812702
|move|p2b: Dusclops|Night Shade|p1a: Incineroar
|-damage|p1a: Incineroar|76/100
|move|p2a: Ursaluna|Headlong Rush|p1a: Incineroar
|-supereffective|p1a: Incineroar
|-damage|p1a: Incineroar|0 fnt
|-unboost|p2a: Ursaluna|def|1
|-unboost|p2a: Ursaluna|spd|1
|faint|p1a: Incineroar
|move|p1b: Porygon2|Tera Blast|p2a: Ursaluna
|-damage|p2a: Ursaluna|3/100 brn
|
|-damage|p2a: Ursaluna|0 fnt|[from] brn
|faint|p2a: Ursaluna
|upkeep
|
|t:|1756812713
|switch|p2a: Armarouge|Armarouge, L50, F|47/100
|switch|p1a: Tyranitar|Tyranitar, L50, M|100/100
|-weather|Sandstorm|[from] ability: Sand Stream|[of] p1a: Tyranitar
|turn|5
|c|☆ahamedsan34|Wow...
|
|t:|1756812726
|move|p2b: Dusclops|Pain Split|p2a: Armarouge
|-sethp|p2a: Armarouge|62/100|[from] move: Pain Split|[silent]
|-sethp|p2b: Dusclops|80/100|[from] move: Pain Split
|move|p1b: Porygon2|Tera Blast|p2a: Armarouge
|-damage|p2a: Armarouge|17/100
|move|p1a: Tyranitar|Rock Slide|p2b: Dusclops|[spread] p2a,p2b
|-supereffective|p2a: Armarouge
|-damage|p2a: Armarouge|0 fnt
|-damage|p2b: Dusclops|62/100
|faint|p2a: Armarouge
|
|-weather|Sandstorm|[upkeep]
|-damage|p2b: Dusclops|56/100|[from] Sandstorm
|-damage|p1b: Porygon2|94/100|[from] Sandstorm
|-fieldend|move: Trick Room
|upkeep
|turn|6
|c|☆ahamedsan34|First time using a good team...i am a bad team builder...
|inactive|ahamedsan34 has 30 seconds left.
|
|t:|1756812753
|move|p1a: Tyranitar|Crunch|p2b: Dusclops
|-supereffective|p2b: Dusclops
|-damage|p2b: Dusclops|0 fnt
|faint|p2b: Dusclops
|
|win|ahamedsan34
|raw|ahamedsan34's rating: 1000 → 1047(+47 for winning)
|raw|Bl0ste's rating: 1060 → 1038(-22 for losing)
|l|☆Bl0ste
|player|p2|
