|j|☆phi11y
|j|☆EbinaYoke
|html|phi11yEbinaYoke    
|uhtml|bestof|Game 3 of a best-of-3
|t:|1783030160
|gametype|doubles
|player|p1|phi11y|n|1017
|player|p2|EbinaYoke|silver|1044
|gen|9
|tier|[Gen 9 Champions] VGC 2026 Reg M-B (Bo3)
|rated|
|rule|Species Clause: Limit one of each Pokémon
|rule|Item Clause: Limit 1 of each item
|clearpoke
|poke|p1|Sneasler, L50, F|
|poke|p1|Floette-Eternal, L50, F|
|poke|p1|Incineroar, L50, M|
|poke|p1|Gholdengo, L50|
|poke|p1|Venusaur, L50, M|
|poke|p1|Charizard, L50, F|
|poke|p2|Crabominable, L50, M|
|poke|p2|Farigiraf, L50, F|
|poke|p2|Ninetales-Alola, L50, F|
|poke|p2|Incineroar, L50, M|
|poke|p2|Gholdengo, L50|
|poke|p2|Staraptor, L50, M|
|teampreview|4
|showteam|p1|Sneasler||FocusSash|Unburden|CloseCombat,DireClaw,FakeOut,Protect|Jolly||F|||50|]Floette-Eternal||Floettite|FlowerVeil|Moonblast,DazzlingGleam,CalmMind,Protect|Modest||F|||50|]Incineroar||SitrusBerry|Intimidate|FlareBlitz,PartingShot,FakeOut,Protect|Impish||M|||50|]Gholdengo||ChoiceScarf|GoodasGold|MakeItRain,ShadowBall,Thunderbolt,Trick|Timid|||||50|]Venusaur||LifeOrb|Chlorophyll|SludgeBomb,EarthPower,SleepPowder,Protect|Modest||M|||50|]Charizard||CharizarditeY|SolarPower|FlareBlitz,SolarBeam,WeatherBall,Protect|Modest||F|||50|
|showteam|p2|Crabominable||Crabominite|IronFist|ThunderPunch,IceHammer,DrainPunch,BulkUp|Brave||M|||50|]Farigiraf||ColburBerry|ArmorTail|TrickRoom,TwinBeam,HyperVoice,CalmMind|Quiet||F|||50|]Ninetales-Alola||NeverMeltIce|SnowWarning|AuroraVeil,Blizzard,DazzlingGleam,Extrasensory|Timid||F|||50|]Incineroar||SitrusBerry|Intimidate|DarkestLariat,PartingShot,FlareBlitz,LeechLife|Adamant||M|||50|]Gholdengo||Leftovers|GoodasGold|NastyPlot,MakeItRain,Protect,ShadowBall|Timid|||||50|]Staraptor||FocusSash|Intimidate|Acrobatics,CloseCombat,QuickAttack,Uturn|Brave||M|||50|
|inactive|Battle timer is ON: inactive players will automatically lose when time's up. (requested by EbinaYoke)
|
|t:|1783030198
|teamsize|p1|4
|teamsize|p2|4
|start
|switch|p1a: Gholdengo|Gholdengo, L50|100/100
|switch|p1b: Incineroar|Incineroar, L50, M|100/100
|switch|p2a: Bountey|Crabominable, L50, M|100/100
|switch|p2b: Telly Dish|Farigiraf, L50, F|100/100
|-ability|p1b: Incineroar|Intimidate|boost
|-unboost|p2a: Bountey|atk|1
|-unboost|p2b: Telly Dish|atk|1
|turn|1
|inactive|phi11y has 30 seconds left.
|inactive|EbinaYoke has 30 seconds left.
|
|t:|1783030229
|switch|p2a: : ^ )|Incineroar, L50, M|100/100
|-ability|p2a: : ^ )|Intimidate|boost
|-unboost|p1a: Gholdengo|atk|1
|-unboost|p1b: Incineroar|atk|1
|move|p1a: Gholdengo|Trick|p2b: Telly Dish
|-activate|p1a: Gholdengo|move: Trick|[of] p2b: Telly Dish
|-item|p2b: Telly Dish|Choice Scarf|[from] move: Trick
|-item|p1a: Gholdengo|Colbur Berry|[from] move: Trick
|move|p1b: Incineroar|Parting Shot|p2a: : ^ )
|-unboost|p2a: : ^ )|atk|1
|-unboost|p2a: : ^ )|spa|1
|
|t:|1783030239
|switch|p1b: Sneasler|Sneasler, L50, F|100/100|[from] Parting Shot
|move|p2b: Telly Dish|Trick Room|p2b: Telly Dish
|-fieldstart|move: Trick Room|[of] p2b: Telly Dish
|
|upkeep
|turn|2
|
|t:|1783030262
|switch|p1a: Incineroar|Incineroar, L50, M|100/100
|-ability|p1a: Incineroar|Intimidate|boost
|-unboost|p2a: : ^ )|atk|1
|-unboost|p2b: Telly Dish|atk|1
|move|p1b: Sneasler|Protect|p1b: Sneasler
|-singleturn|p1b: Sneasler|Protect
|move|p2a: : ^ )|Parting Shot|p1a: Incineroar
|-unboost|p1a: Incineroar|atk|1
|-unboost|p1a: Incineroar|spa|1
|
|t:|1783030276
|switch|p2a: Bountey|Crabominable, L50, M|100/100|[from] Parting Shot
|move|p2b: Telly Dish|Trick Room|p2b: Telly Dish
|-fieldend|move: Trick Room
|
|upkeep
|turn|3
|
|t:|1783030300
|detailschange|p2a: Bountey|Crabominable-Mega, L50, M
|-mega|p2a: Bountey|Crabominable|Crabominite
|move|p1b: Sneasler|Close Combat|p2a: Bountey
|-supereffective|p2a: Bountey|1
|-damage|p2a: Bountey|8/100
|-unboost|p1b: Sneasler|def|1
|-unboost|p1b: Sneasler|spd|1
|move|p1a: Incineroar|Parting Shot|p2b: Telly Dish
|-unboost|p2b: Telly Dish|atk|1
|-unboost|p2b: Telly Dish|spa|1
|
|t:|1783030311
|switch|p1a: Gholdengo|Gholdengo, L50|100/100|[from] Parting Shot
|move|p2a: Bountey|Drain Punch|p1a: Gholdengo
|-immune|p1a: Gholdengo
|move|p2b: Telly Dish|Trick Room|p2b: Telly Dish
|-fieldstart|move: Trick Room|[of] p2b: Telly Dish
|
|upkeep
|turn|4
|
|t:|1783030332
|switch|p1b: Incineroar|Incineroar, L50, M|100/100
|-ability|p1b: Incineroar|Intimidate|boost
|-unboost|p2a: Bountey|atk|1
|-unboost|p2b: Telly Dish|atk|1
|move|p2a: Bountey|Ice Hammer|p1b: Incineroar
|-resisted|p1b: Incineroar|1
|-damage|p1b: Incineroar|77/100
|-unboost|p2a: Bountey|spe|1
|move|p1a: Gholdengo|Make It Rain|p2a: Bountey|[spread] p2a,p2b
|-supereffective|p2a: Bountey|1
|-damage|p2a: Bountey|0 fnt
|-damage|p2b: Telly Dish|53/100
|-unboost|p1a: Gholdengo|spa|2
|faint|p2a: Bountey
|move|p2b: Telly Dish|Trick Room|p2b: Telly Dish
|-fieldend|move: Trick Room
|
|upkeep
|
|t:|1783030357
|switch|p2a: Roku|Ninetales-Alola, L50, F|100/100
|-weather|Snowscape|[from] ability: Snow Warning|[of] p2a: Roku
|turn|5
|
|t:|1783030376
|move|p2a: Roku|Aurora Veil|p2a: Roku
|-sidestart|p2: EbinaYoke|move: Aurora Veil
|move|p1a: Gholdengo|Make It Rain|p2b: Telly Dish|[spread] p2a,p2b
|-supereffective|p2a: Roku|2
|-damage|p2a: Roku|22/100
|-damage|p2b: Telly Dish|37/100
|-unboost|p1a: Gholdengo|spa|2
|move|p1b: Incineroar|Parting Shot|p2b: Telly Dish
|-unboost|p2b: Telly Dish|atk|1
|-unboost|p2b: Telly Dish|spa|1
|
|t:|1783030387
|switch|p1b: Sneasler|Sneasler, L50, F|100/100|[from] Parting Shot
|move|p2b: Telly Dish|Trick Room|p2b: Telly Dish
|-fieldstart|move: Trick Room|[of] p2b: Telly Dish
|
|-weather|Snowscape|[upkeep]
|upkeep
|turn|6
|
|t:|1783030401
|move|p1b: Sneasler|Protect|p1b: Sneasler
|-singleturn|p1b: Sneasler|Protect
|move|p1a: Gholdengo|Make It Rain|p2b: Telly Dish|[spread] p2a,p2b
|-supereffective|p2a: Roku|2
|-damage|p2a: Roku|0 fnt
|-damage|p2b: Telly Dish|25/100
|-unboost|p1a: Gholdengo|spa|2
|faint|p2a: Roku
|move|p2b: Telly Dish|Trick Room|p2b: Telly Dish
|-fieldend|move: Trick Room
|
|-weather|Snowscape|[upkeep]
|upkeep
|
|t:|1783030408
|switch|p2a: : ^ )|Incineroar, L50, M|100/100
|-ability|p2a: : ^ )|Intimidate|boost
|-unboost|p1a: Gholdengo|atk|1
|-unboost|p1b: Sneasler|atk|1
|turn|7
|inactive|phi11y has 30 seconds left.
|
|t:|1783030434
|switch|p1b: Charizard|Charizard, L50, F|100/100
|switch|p1a: Incineroar|Incineroar, L50, M|77/100
|-ability|p1a: Incineroar|Intimidate|boost
|-unboost|p2a: : ^ )|atk|1
|-unboost|p2b: Telly Dish|atk|1
|move|p2a: : ^ )|Flare Blitz|p1b: Charizard
|-resisted|p1b: Charizard|1
|-damage|p1b: Charizard|76/100
|-damage|p2a: : ^ )|93/100|[from] Recoil
|move|p2b: Telly Dish|Trick Room|p2b: Telly Dish
|-fieldstart|move: Trick Room|[of] p2b: Telly Dish
|
|-weather|Snowscape|[upkeep]
|upkeep
|turn|8
|inactive|phi11y has 30 seconds left.
|inactive|EbinaYoke has 30 seconds left.
|
|t:|1783030463
|detailschange|p1b: Charizard|Charizard-Mega-Y, L50, F
|-mega|p1b: Charizard|Charizard|Charizardite Y
|-weather|SunnyDay|[from] ability: Drought|[of] p1b: Charizard
|move|p2a: : ^ )|Parting Shot|p1b: Charizard
|-unboost|p1b: Charizard|atk|1
|-unboost|p1b: Charizard|spa|1
|move|p1a: Incineroar|Parting Shot|p2a: : ^ )
|-unboost|p2a: : ^ )|atk|1
|-unboost|p2a: : ^ )|spa|1
|
|t:|1783030471
|switch|p1a: Sneasler|Sneasler, L50, F|100/100|[from] Parting Shot
|move|p1b: Charizard|Weather Ball|p2b: Telly Dish
|-damage|p2b: Telly Dish|0 fnt
|faint|p2b: Telly Dish
|
|-weather|SunnyDay|[upkeep]
|upkeep
|turn|9
|inactive|EbinaYoke has 30 seconds left.
|inactive|EbinaYoke has 20 seconds left.
|
|t:|1783030507
|move|p2a: : ^ )|Flare Blitz|p1a: Sneasler
|-damage|p1a: Sneasler|20/100y
|-damage|p2a: : ^ )|73/100|[from] Recoil
|move|p1b: Charizard|Weather Ball|p2a: : ^ )
|-resisted|p2a: : ^ )|1
|-damage|p2a: : ^ )|53/100
|move|p1a: Sneasler|Close Combat|p2a: : ^ )
|-supereffective|p2a: : ^ )|1
|-damage|p2a: : ^ )|0 fnt
|-unboost|p1a: Sneasler|def|1
|-unboost|p1a: Sneasler|spd|1
|faint|p2a: : ^ )
|
|win|phi11y
|raw|phi11y's rating: 1017 → 1056(+39 for winning)
|raw|EbinaYoke's rating: 1033 → 1017(-16 for losing)
|l|☆EbinaYoke
|player|p2|
