|j|☆Chelicerate1
|j|☆Bob Sinclair
|html|Chelicerate1Bob Sinclair    
|uhtml|bestof|Game 2 of a best-of-3
|t:|1785740704
|gametype|doubles
|player|p1|Chelicerate1|ethan|1306
|player|p2|Bob Sinclair|101|1281
|gen|9
|tier|[Gen 9 Champions] VGC 2026 Reg M-B (Bo3)
|rated|
|rule|Species Clause: Limit one of each Pokémon
|rule|Item Clause: Limit 1 of each item
|clearpoke
|poke|p1|Grimmsnarl, L50, M|
|poke|p1|Basculegion, L50, M|
|poke|p1|Charizard, L50, F|
|poke|p1|Pelipper, L50, M|
|poke|p1|Venusaur, L50, M|
|poke|p1|Archaludon, L50, M|
|poke|p2|Gardevoir, L50, M|
|poke|p2|Gholdengo, L50|
|poke|p2|Aerodactyl, L50, M|
|poke|p2|Hydreigon, L50, F|
|poke|p2|Basculegion, L50, M|
|poke|p2|Sneasler, L50, M|
|teampreview|4
|showteam|p1|Grimmsnarl||LightClay|Prankster|SpiritBreak,PartingShot,Reflect,LightScreen|Sassy||M|||50|]Basculegion||ChoiceScarf|Adaptability|LastRespects,WaveCrash,AquaJet,FlipTurn|Jolly||M|||50|]Charizard||CharizarditeY|Blaze|Protect,HeatWave,WeatherBall,SolarBeam|Modest||F|||50|]Pelipper||SitrusBerry|Drizzle|Hurricane,WeatherBall,Tailwind,WideGuard|Modest||M|||50|]Venusaur||FocusSash|Chlorophyll|SludgeBomb,SleepPowder,EarthPower,Protect|Modest||M|||50|]Archaludon||Leftovers|Stamina|ElectroShot,DragonPulse,FlashCannon,Protect|Calm||M|||50|
|showteam|p2|Gardevoir||Gardevoirite|Trace|HyperVoice,Psychic,AuraSphere,Protect|Modest||M|||50|]Gholdengo||Leftovers|GoodasGold|MakeItRain,ShadowBall,NastyPlot,Protect|Timid|||||50|]Aerodactyl||MentalHerb|Unnerve|RockSlide,DualWingbeat,Tailwind,Protect|Jolly||M|||50|]Hydreigon||LifeOrb|Levitate|DarkPulse,DragonPulse,DracoMeteor,Protect|Timid||F|||50|]Basculegion||ChoiceScarf|Adaptability|FlipTurn,LastRespects,WaveCrash,AquaJet|Adamant||M|||50|]Sneasler||WhiteHerb|Unburden|FakeOut,CloseCombat,DireClaw,Protect|Adamant||M|||50|
|inactive|Battle timer is ON: inactive players will automatically lose when time's up. (requested by Chelicerate1)
|
|t:|1785740731
|teamsize|p1|4
|teamsize|p2|4
|start
|switch|p1a: Charizard|Charizard, L50, F|100/100
|switch|p1b: Venusaur|Venusaur, L50, M|100/100
|switch|p2a: Aerodactyl|Aerodactyl, L50, M|100/100
|switch|p2b: Sneasler|Sneasler, L50, M|100/100
|-ability|p2a: Aerodactyl|Unnerve
|turn|1
|
|t:|1785740750
|switch|p1a: Archaludon|Archaludon, L50, M|100/100
|switch|p1b: Pelipper|Pelipper, L50, M|100/100
|-weather|RainDance|[from] ability: Drizzle|[of] p1b: Pelipper
|move|p2b: Sneasler|Fake Out|p1b: Pelipper
|-damage|p1b: Pelipper|84/100
|move|p2a: Aerodactyl|Tailwind|p2a: Aerodactyl
|-sidestart|p2: Bob Sinclair|move: Tailwind
|
|-weather|RainDance|[upkeep]
|upkeep
|turn|2
|j| notregienjoyer
|
|t:|1785740771
|switch|p2a: Basculegion|Basculegion, L50, M|100/100
|move|p1a: Archaludon|Protect|p1a: Archaludon
|-singleturn|p1a: Archaludon|Protect
|move|p2b: Sneasler|Close Combat|p1a: Archaludon
|-activate|p1a: Archaludon|move: Protect
|move|p1b: Pelipper|Hurricane|p2b: Sneasler
|-supereffective|p2b: Sneasler|1
|-damage|p2b: Sneasler|0 fnt
|faint|p2b: Sneasler
|
|-weather|RainDance|[upkeep]
|upkeep
|
|t:|1785740779
|switch|p2b: Hydreigon|Hydreigon, L50, F|100/100
|turn|3
|
|t:|1785740786
|move|p2a: Basculegion|Last Respects|p1b: Pelipper
|-damage|p1b: Pelipper|12/100
|-enditem|p1b: Pelipper|Sitrus Berry|[eat]
|-heal|p1b: Pelipper|37/100|[from] item: Sitrus Berry
|move|p2b: Hydreigon|Dragon Pulse|p1a: Archaludon
|-damage|p1a: Archaludon|46/100
|-ability|p1a: Archaludon|Stamina|boost
|-boost|p1a: Archaludon|def|1
|-damage|p2b: Hydreigon|90/100|[from] item: Life Orb
|move|p1a: Archaludon|Electro Shot||[still]
|-prepare|p1a: Archaludon|Electro Shot
|-boost|p1a: Archaludon|spa|1
|-anim|p1a: Archaludon|Electro Shot|p2a: Basculegion
|-supereffective|p2a: Basculegion|1
|-damage|p2a: Basculegion|0 fnt
|faint|p2a: Basculegion
|move|p1b: Pelipper|Tailwind|p1b: Pelipper
|-sidestart|p1: Chelicerate1|move: Tailwind
|
|-weather|RainDance|[upkeep]
|-heal|p1a: Archaludon|52/100|[from] item: Leftovers
|upkeep
|
|t:|1785740791
|switch|p2a: Aerodactyl|Aerodactyl, L50, M|100/100
|-ability|p2a: Aerodactyl|Unnerve
|turn|4
|
|t:|1785740807
|move|p1b: Pelipper|Wide Guard|p1b: Pelipper
|-singleturn|p1b: Pelipper|Wide Guard
|move|p2a: Aerodactyl|Dual Wingbeat|p1b: Pelipper
|-damage|p1b: Pelipper|20/100y
|-damage|p1b: Pelipper|1/100
|-hitcount|p1b: Pelipper|2
|move|p2b: Hydreigon|Dragon Pulse|p1a: Archaludon
|-damage|p1a: Archaludon|1/100
|-ability|p1a: Archaludon|Stamina|boost
|-boost|p1a: Archaludon|def|1
|-damage|p2b: Hydreigon|80/100|[from] item: Life Orb
|move|p1a: Archaludon|Electro Shot||[still]
|-prepare|p1a: Archaludon|Electro Shot
|-boost|p1a: Archaludon|spa|1
|-anim|p1a: Archaludon|Electro Shot|p2a: Aerodactyl
|-supereffective|p2a: Aerodactyl|1
|-damage|p2a: Aerodactyl|0 fnt
|faint|p2a: Aerodactyl
|
|-weather|RainDance|[upkeep]
|-heal|p1a: Archaludon|6/100|[from] item: Leftovers
|-sideend|p2: Bob Sinclair|move: Tailwind
|upkeep
|turn|5
|
|t:|1785740826
|move|p2b: Hydreigon|Protect|p2b: Hydreigon
|-singleturn|p2b: Hydreigon|Protect
|move|p1a: Archaludon|Dragon Pulse|p2b: Hydreigon
|-activate|p2b: Hydreigon|move: Protect
|move|p1b: Pelipper|Hurricane|p2b: Hydreigon
|-activate|p2b: Hydreigon|move: Protect
|
|-weather|none
|-heal|p1a: Archaludon|12/100|[from] item: Leftovers
|upkeep
|turn|6
|l| notregienjoyer
|
|t:|1785740830
|move|p2b: Hydreigon|Protect|p2b: Hydreigon
|-singleturn|p2b: Hydreigon|Protect
|move|p1a: Archaludon|Dragon Pulse|p2b: Hydreigon
|-activate|p2b: Hydreigon|move: Protect
|move|p1b: Pelipper|Hurricane|p2b: Hydreigon
|-activate|p2b: Hydreigon|move: Protect
|
|-heal|p1a: Archaludon|19/100|[from] item: Leftovers
|-sideend|p1: Chelicerate1|move: Tailwind
|upkeep
|turn|7
|
|t:|1785740841
|move|p1a: Archaludon|Protect|p1a: Archaludon
|-singleturn|p1a: Archaludon|Protect
|move|p2b: Hydreigon|Dragon Pulse|p1a: Archaludon
|-activate|p1a: Archaludon|move: Protect
|move|p1b: Pelipper|Tailwind|p1b: Pelipper
|-sidestart|p1: Chelicerate1|move: Tailwind
|
|-heal|p1a: Archaludon|25/100|[from] item: Leftovers
|upkeep
|turn|8
|-message|Bob Sinclair forfeited.
|raw|Chelicerate1's rating: 1306 → 1325(+19 for winning)
|raw|Bob Sinclair's rating: 1281 → 1258(-23 for losing)
|
|win|Chelicerate1
|l|☆Bob Sinclair
|player|p2|
