|j|☆RikuXmas
|j|☆spellbreakvgc
|html|RikuXmasspellbreakvgc    
|uhtml|bestof|Game 1 of a best-of-3
|t:|1757920776
|gametype|doubles
|player|p1|RikuXmas|marlon|1166
|player|p2|spellbreakvgc|lance|1064
|gen|9
|tier|[Gen 9] VGC 2025 Reg H (Bo3)
|rated|
|rule|Species Clause: Limit one of each Pokémon
|rule|Item Clause: Limit 1 of each item
|clearpoke
|poke|p1|Pelipper, L50, F|
|poke|p1|Charizard, L50, F|
|poke|p1|Rillaboom, L50, M|
|poke|p1|Gholdengo, L50|
|poke|p1|Kommo-o, L50, M|
|poke|p1|Clefable, L50, F|
|poke|p2|Dachsbun, L50, M|
|poke|p2|Typhlosion-Hisui, L50, M|
|poke|p2|Whimsicott, L50, M|
|poke|p2|Grimmsnarl, L50, M|
|poke|p2|Incineroar, L50, M|
|poke|p2|Umbreon, L50, M|
|teampreview|4
|showteam|p1|Pelipper||FocusSash|Drizzle|Protect,Tailwind,Hurricane,WeatherBall|||F|||50|,,,,,Grass]Charizard||LifeOrb|Blaze|Protect,Hurricane,HeatWave,ScorchingSands|||F|||50|,,,,,Grass]Rillaboom||AssaultVest|GrassySurge|FakeOut,GrassyGlide,WoodHammer,StompingTantrum|||M|||50|,,,,,Fire]Gholdengo||WiseGlasses|GoodasGold|Protect,NastyPlot,ShadowBall,MakeItRain||||||50|,,,,,Steel]Kommo-o||ThroatSpray|Bulletproof|Protect,AuraSphere,ClangingScales,ClangorousSoul|||M|||50|,,,,,Steel]Clefable||SitrusBerry|Unaware|Protect,FollowMe,Moonblast,ThunderWave|||F|||50|,,,,,Water
|showteam|p2|Dachsbun||Leftovers|WellBakedBody|BodyPress,Snarl,Substitute,Protect|||M|||50|,,,,,Steel]Typhlosion-Hisui||ChoiceScarf|Frisk|Eruption,ShadowBall,Flamethrower,LavaPlume|||M|||50|,,,,,Fire]Whimsicott||CovertCloak|Prankster|Moonblast,Tailwind,MistyTerrain,SunnyDay|||M|||50|,,,,,Poison]Grimmsnarl||LightClay|Prankster|PartingShot,LightScreen,Reflect,SpiritBreak|||M|||50|,,,,,Ghost]Incineroar||SitrusBerry|Intimidate|PartingShot,FakeOut,KnockOff,Roar|||M|||50|,,,,,Water]Umbreon||MentalHerb|InnerFocus|Snarl,Roar,LightScreen,Toxic|||M|||50|,,,,,Poison
|inactive|Battle timer is ON: inactive players will automatically lose when time's up. (requested by spellbreakvgc)
|inactive|RikuXmas has 60 seconds left.
|inactive|spellbreakvgc has 60 seconds left.
|inactive|spellbreakvgc has 30 seconds left.
|inactive|spellbreakvgc has 20 seconds left.
|inactive|spellbreakvgc has 15 seconds left.
|inactive|spellbreakvgc has 10 seconds left.
|inactive|spellbreakvgc has 5 seconds left.
|
|t:|1757920877
|teamsize|p1|4
|teamsize|p2|4
|start
|switch|p1a: Trinity|Kommo-o, L50, M, shiny|100/100
|switch|p1b: Faris|Clefable, L50, F, shiny|100/100
|switch|p2a: Umbreon|Umbreon, L50, M|100/100
|switch|p2b: Incineroar|Incineroar, L50, M|100/100
|-ability|p2b: Incineroar|Intimidate|boost
|-unboost|p1a: Trinity|atk|1
|-unboost|p1b: Faris|atk|1
|turn|1
|inactive|RikuXmas has 30 seconds left.
|
|t:|1757920911
|move|p2b: Incineroar|Fake Out|p1a: Trinity
|-damage|p1a: Trinity|91/100
|cant|p1a: Trinity|flinch
|move|p2a: Umbreon|Toxic|p1a: Trinity
|-status|p1a: Trinity|tox
|move|p1b: Faris|Moonblast|p2b: Incineroar
|-damage|p2b: Incineroar|79/100
|-unboost|p2b: Incineroar|spa|1
|
|-damage|p1a: Trinity|85/100 tox|[from] psn
|upkeep
|turn|2
|inactive|RikuXmas has 30 seconds left.
|inactive|spellbreakvgc has 30 seconds left.
|inactive|RikuXmas has 20 seconds left.
|inactive|RikuXmas has 15 seconds left.
|
|t:|1757920952
|move|p1a: Trinity|Clanging Scales|p2a: Umbreon|[spread] p2a,p2b
|-damage|p2a: Umbreon|81/100
|-damage|p2b: Incineroar|52/100
|-unboost|p1a: Trinity|def|1
|-enditem|p1a: Trinity|Throat Spray
|-boost|p1a: Trinity|spa|1|[from] item: Throat Spray
|move|p2a: Umbreon|Toxic|p1b: Faris
|-status|p1b: Faris|tox
|move|p1b: Faris|Moonblast|p2a: Umbreon
|-supereffective|p2a: Umbreon
|-damage|p2a: Umbreon|45/100
|-unboost|p2a: Umbreon|spa|1
|move|p2b: Incineroar|Knock Off|p1a: Trinity
|-resisted|p1a: Trinity
|-damage|p1a: Trinity|67/100 tox
|
|-damage|p1a: Trinity|55/100 tox|[from] psn
|-damage|p1b: Faris|95/100 tox|[from] psn
|upkeep
|turn|3
|
|t:|1757920975
|move|p1a: Trinity|Aura Sphere|p2a: Umbreon
|-supereffective|p2a: Umbreon
|-damage|p2a: Umbreon|0 fnt
|faint|p2a: Umbreon
|move|p1b: Faris|Moonblast|p2b: Incineroar
|-damage|p2b: Incineroar|30/100
|-enditem|p2b: Incineroar|Sitrus Berry|[eat]
|-heal|p2b: Incineroar|55/100|[from] item: Sitrus Berry
|move|p2b: Incineroar|Parting Shot|p1a: Trinity
|-unboost|p1a: Trinity|atk|1
|-unboost|p1a: Trinity|spa|1
|
|t:|1757920989
|switch|p2b: Dachsbun|Dachsbun, L50, M|100/100|[from] Parting Shot
|
|-damage|p1a: Trinity|37/100 tox|[from] psn
|-damage|p1b: Faris|83/100 tox|[from] psn
|upkeep
|
|t:|1757920994
|switch|p2a: Incineroar|Incineroar, L50, M|55/100
|-ability|p2a: Incineroar|Intimidate|boost
|-unboost|p1a: Trinity|atk|1
|-unboost|p1b: Faris|atk|1
|turn|4
|
|t:|1757921014
|move|p2a: Incineroar|Fake Out|p1a: Trinity
|-damage|p1a: Trinity|22/100 tox
|cant|p1a: Trinity|flinch
|move|p2b: Dachsbun|Substitute|p2b: Dachsbun
|-start|p2b: Dachsbun|Substitute
|-damage|p2b: Dachsbun|75/100
|move|p1b: Faris|Thunder Wave||[still]
|-fail|p1b: Faris
|
|-heal|p2b: Dachsbun|82/100|[from] item: Leftovers
|-damage|p1a: Trinity|0 fnt|[from] psn
|faint|p1a: Trinity
|-damage|p1b: Faris|65/100 tox|[from] psn
|upkeep
|
|t:|1757921034
|switch|p1a: Tempest|Pelipper, L50, F, shiny|100/100
|-weather|RainDance|[from] ability: Drizzle|[of] p1a: Tempest
|turn|5
|
|t:|1757921053
|-terastallize|p2a: Incineroar|Water
|move|p1a: Tempest|Weather Ball|p2a: Incineroar
|-resisted|p2a: Incineroar
|-damage|p2a: Incineroar|33/100
|move|p2b: Dachsbun|Snarl|p1a: Tempest|[spread] p1a,p1b
|-resisted|p1b: Faris
|-crit|p1b: Faris
|-damage|p1a: Tempest|90/100
|-damage|p1b: Faris|62/100 tox
|-unboost|p1a: Tempest|spa|1
|-unboost|p1b: Faris|spa|1
|move|p1b: Faris|Moonblast|p2a: Incineroar
|-damage|p2a: Incineroar|19/100
|-unboost|p2a: Incineroar|spa|1
|move|p2a: Incineroar|Parting Shot|p1a: Tempest
|-unboost|p1a: Tempest|atk|1
|-unboost|p1a: Tempest|spa|1
|
|t:|1757921069
|switch|p2a: Typhlosion|Typhlosion-Hisui, L50, M|100/100|[from] Parting Shot
|-item|p1a: Tempest|Focus Sash|[from] ability: Frisk|[of] p2a: Typhlosion
|-item|p1b: Faris|Sitrus Berry|[from] ability: Frisk|[of] p2a: Typhlosion
|
|-weather|RainDance|[upkeep]
|-heal|p2b: Dachsbun|88/100|[from] item: Leftovers
|-damage|p1b: Faris|38/100 tox|[from] psn
|upkeep
|-enditem|p1b: Faris|Sitrus Berry|[eat]
|-heal|p1b: Faris|63/100 tox|[from] item: Sitrus Berry
|turn|6
|inactive|RikuXmas has 30 seconds left.
|inactive|RikuXmas has 20 seconds left.
|
|t:|1757921106
|move|p1a: Tempest|Protect|p1a: Tempest
|-singleturn|p1a: Tempest|Protect
|move|p2a: Typhlosion|Lava Plume|p1a: Tempest|[spread] p1b
|-activate|p1a: Tempest|move: Protect
|-ability|p2b: Dachsbun|Well-Baked Body|boost
|-boost|p2b: Dachsbun|def|2
|-damage|p1b: Faris|50/100 tox
|move|p2b: Dachsbun|Snarl|p1a: Tempest|[spread] p1b
|-activate|p1a: Tempest|move: Protect
|-resisted|p1b: Faris
|-damage|p1b: Faris|48/100 tox
|-unboost|p1b: Faris|spa|1
|move|p1b: Faris|Thunder Wave|p2a: Typhlosion
|-status|p2a: Typhlosion|par
|
|-weather|RainDance|[upkeep]
|-heal|p2b: Dachsbun|94/100|[from] item: Leftovers
|-damage|p1b: Faris|18/100 tox|[from] psn
|upkeep
|turn|7
|inactive|RikuXmas has 30 seconds left.
|
|t:|1757921133
|move|p1a: Tempest|Weather Ball|p2a: Typhlosion
|-supereffective|p2a: Typhlosion
|-damage|p2a: Typhlosion|3/100 par
|move|p2b: Dachsbun|Snarl|p1a: Tempest|[spread] p1a,p1b
|-resisted|p1b: Faris
|-damage|p1a: Tempest|80/100
|-damage|p1b: Faris|16/100 tox
|-unboost|p1a: Tempest|spa|1
|-unboost|p1b: Faris|spa|1
|move|p2a: Typhlosion|Lava Plume|p1a: Tempest|[spread] p1a,p1b
|-ability|p2b: Dachsbun|Well-Baked Body|boost
|-boost|p2b: Dachsbun|def|2
|-resisted|p1a: Tempest
|-damage|p1a: Tempest|65/100
|-damage|p1b: Faris|3/100 tox
|-status|p1a: Tempest|brn
|move|p1b: Faris|Moonblast|p2a: Typhlosion
|-resisted|p2a: Typhlosion
|-damage|p2a: Typhlosion|0 fnt
|faint|p2a: Typhlosion
|
|-weather|RainDance|[upkeep]
|-heal|p2b: Dachsbun|99/100|[from] item: Leftovers
|-damage|p1b: Faris|0 fnt|[from] psn
|faint|p1b: Faris
|-damage|p1a: Tempest|59/100 brn|[from] brn
|upkeep
|
|t:|1757921155
|switch|p2a: Incineroar|Incineroar, L50, M, tera:Water|19/100
|switch|p1b: Burstinatrix|Charizard, L50, F, shiny|100/100
|-ability|p2a: Incineroar|Intimidate|boost
|-unboost|p1a: Tempest|atk|1
|-unboost|p1b: Burstinatrix|atk|1
|turn|8
|
|t:|1757921170
|move|p2a: Incineroar|Fake Out|p1b: Burstinatrix
|-damage|p1b: Burstinatrix|85/100
|cant|p1b: Burstinatrix|flinch
|move|p1a: Tempest|Hurricane|p2a: Incineroar
|-damage|p2a: Incineroar|5/100
|move|p2b: Dachsbun|Snarl|p1a: Tempest|[spread] p1a,p1b
|-damage|p1a: Tempest|49/100 brn
|-damage|p1b: Burstinatrix|77/100
|-unboost|p1a: Tempest|spa|1
|-unboost|p1b: Burstinatrix|spa|1
|
|-weather|RainDance|[upkeep]
|-heal|p2b: Dachsbun|100/100|[from] item: Leftovers
|-damage|p1a: Tempest|43/100 brn|[from] brn
|upkeep
|turn|9
|inactive|spellbreakvgc has 30 seconds left.
|
|t:|1757921198
|move|p1b: Burstinatrix|Hurricane|p2a: Incineroar
|-damage|p2a: Incineroar|0 fnt
|faint|p2a: Incineroar
|-damage|p1b: Burstinatrix|67/100|[from] item: Life Orb
|move|p1a: Tempest|Weather Ball|p2b: Dachsbun
|-activate|p2b: Dachsbun|move: Substitute|[damage]
|move|p2b: Dachsbun|Snarl|p1a: Tempest|[spread] p1a,p1b
|-damage|p1a: Tempest|33/100 brn
|-damage|p1b: Burstinatrix|59/100
|-unboost|p1a: Tempest|spa|1
|-unboost|p1b: Burstinatrix|spa|1
|
|-weather|none
|-damage|p1a: Tempest|27/100 brn|[from] brn
|upkeep
|turn|10
|
|t:|1757921221
|move|p2b: Dachsbun|Protect|p2b: Dachsbun
|-singleturn|p2b: Dachsbun|Protect
|move|p1b: Burstinatrix|Scorching Sands|p2b: Dachsbun
|-activate|p2b: Dachsbun|move: Protect
|move|p1a: Tempest|Tailwind|p1a: Tempest
|-sidestart|p1: RikuXmas|move: Tailwind
|
|-damage|p1a: Tempest|21/100 brn|[from] brn
|upkeep
|turn|11
|
|t:|1757921233
|move|p1b: Burstinatrix|Scorching Sands|p2b: Dachsbun
|-end|p2b: Dachsbun|Substitute
|-damage|p1b: Burstinatrix|50/100|[from] item: Life Orb
|move|p1a: Tempest|Hurricane|p2b: Dachsbun|[miss]
|-miss|p1a: Tempest|p2b: Dachsbun
|move|p2b: Dachsbun|Snarl|p1a: Tempest|[spread] p1a,p1b
|-damage|p1a: Tempest|10/100 brn
|-damage|p1b: Burstinatrix|42/100
|-unboost|p1a: Tempest|spa|1
|-unboost|p1b: Burstinatrix|spa|1
|
|-damage|p1a: Tempest|4/100 brn|[from] brn
|upkeep
|turn|12
|
|t:|1757921248
|move|p2b: Dachsbun|Protect|p2b: Dachsbun
|-singleturn|p2b: Dachsbun|Protect
|move|p1b: Burstinatrix|Scorching Sands|p2b: Dachsbun
|-activate|p2b: Dachsbun|move: Protect
|move|p1a: Tempest|Hurricane|p2b: Dachsbun
|-activate|p2b: Dachsbun|move: Protect
|
|-damage|p1a: Tempest|0 fnt|[from] brn
|faint|p1a: Tempest
|upkeep
|turn|13
|
|t:|1757921262
|move|p1b: Burstinatrix|Scorching Sands|p2b: Dachsbun
|-damage|p2b: Dachsbun|90/100
|-damage|p1b: Burstinatrix|33/100|[from] item: Life Orb
|move|p2b: Dachsbun|Body Press|p1b: Burstinatrix
|-resisted|p1b: Burstinatrix
|-damage|p1b: Burstinatrix|0 fnt
|faint|p1b: Burstinatrix
|
|win|spellbreakvgc
||spellbreakvgc is ready for game 2.
|inactive|RikuXmas has 30 seconds to confirm battle start!
||RikuXmas is ready for game 2.
|uhtml|next|Next: Game 2 of 3
