|j|☆PoorMonVgc
|j|☆JuanGuerrero09
|html|PoorMonVgcJuanGuerrero09    
|uhtml|bestof|Game 3 of a best-of-3
|t:|1757078654
|gametype|doubles
|player|p1|PoorMonVgc|169|1141
|player|p2|JuanGuerrero09|169|1172
|gen|9
|tier|[Gen 9] VGC 2025 Reg H (Bo3)
|rated|
|rule|Species Clause: Limit one of each Pokémon
|rule|Item Clause: Limit 1 of each item
|clearpoke
|poke|p1|Whimsicott, L50, F|
|poke|p1|Gholdengo, L50|
|poke|p1|Ursaluna-Bloodmoon, L50, M|
|poke|p1|Pelipper, L50, F|
|poke|p1|Archaludon, L50, M|
|poke|p1|Basculegion, L50, M|
|poke|p2|Sneasler, L50, M|
|poke|p2|Indeedee, L50, M|
|poke|p2|Tyranitar, L50, M|
|poke|p2|Excadrill, L50, M|
|poke|p2|Gholdengo, L50|
|poke|p2|Incineroar, L50, F|
|teampreview|4
|showteam|p1|Whimsicott||CovertCloak|Prankster|Moonblast,Taunt,FakeTears,Tailwind|||F|||50|,,,,,Steel]Gholdengo||LifeOrb|GoodasGold|MakeItRain,ShadowBall,TeraBlast,Protect||||||50|,,,,,Fighting]Ursaluna-Bloodmoon||AssaultVest|MindsEye|BloodMoon,HyperVoice,EarthPower,VacuumWave|||M|||50|,,,,,Fighting]Pelipper||JabocaBerry|Drizzle|Hurricane,WeatherBall,MuddyWater,WideGuard|||F|||50|,,,,,Steel]Archaludon||PowerHerb|Sturdy|ElectroShot,DracoMeteor,FlashCannon,Protect|||M|||50|,,,,,Electric]Basculegion||FocusSash|Adaptability|Liquidation,LastRespects,AquaJet,Protect|||M|||50|,,,,,Ghost
|showteam|p2|Sneasler||WhiteHerb|Unburden|CloseCombat,DireClaw,FakeOut,Protect|||M|||50|,,,,,Dark]Indeedee||ChoiceScarf|PsychicSurge|ExpandingForce,TeraBlast,Trick,Protect|||M|||50|,,,,,Fire]Tyranitar||AssaultVest|SandStream|RockSlide,KnockOff,TeraBlast,LowKick|||M|||50|,,,,,Flying]Excadrill||FocusSash|SandRush|HighHorsepower,Earthquake,IronHead,Protect|||M|||50|,,,,,Ground]Gholdengo||MetalCoat|GoodasGold|ShadowBall,Protect,MakeItRain,NastyPlot||||||50|,,,,,Water]Incineroar||SafetyGoggles|Intimidate|FakeOut,KnockOff,FlareBlitz,PartingShot|||F|||50|,,,,,Ghost
|
|t:|1757078691
|teamsize|p1|4
|teamsize|p2|4
|start
|switch|p1a: Pelipper|Pelipper, L50, F|100/100
|switch|p1b: Archaludon|Archaludon, L50, M|100/100
|switch|p2a: Tyranitar|Tyranitar, L50, M|100/100
|switch|p2b: Excadrill|Excadrill, L50, M|100/100
|-weather|RainDance|[from] ability: Drizzle|[of] p1a: Pelipper
|-weather|Sandstorm|[from] ability: Sand Stream|[of] p2a: Tyranitar
|turn|1
|
|t:|1757078709
|move|p2b: Excadrill|High Horsepower|p1b: Archaludon
|-supereffective|p1b: Archaludon
|-damage|p1b: Archaludon|1/100
|move|p1b: Archaludon|Flash Cannon|p2b: Excadrill
|-resisted|p2b: Excadrill
|-damage|p2b: Excadrill|73/100
|move|p1a: Pelipper|Muddy Water|p2a: Tyranitar|[spread] p2a,p2b
|-supereffective|p2a: Tyranitar
|-supereffective|p2b: Excadrill
|-damage|p2a: Tyranitar|80/100
|-damage|p2b: Excadrill|0 fnt
|faint|p2b: Excadrill
|move|p2a: Tyranitar|Knock Off|p1a: Pelipper
|-damage|p1a: Pelipper|31/100
|-enditem|p1a: Pelipper|Jaboca Berry|[eat]
|-damage|p2a: Tyranitar|68/100|[from] item: Jaboca Berry|[of] p1a: Pelipper
|
|-weather|Sandstorm|[upkeep]
|-damage|p1a: Pelipper|25/100|[from] Sandstorm
|upkeep
|inactive|Battle timer is ON: inactive players will automatically lose when time's up. (requested by PoorMonVgc)
|
|t:|1757078733
|switch|p2b: Sneasler|Sneasler, L50, M|100/100
|turn|2
|inactive|PoorMonVgc has 30 seconds left.
|inactive|JuanGuerrero09 has 30 seconds left.
|
|t:|1757078761
|move|p2b: Sneasler|Close Combat|p1b: Archaludon
|-supereffective|p1b: Archaludon
|-damage|p1b: Archaludon|0 fnt
|-unboost|p2b: Sneasler|def|1
|-unboost|p2b: Sneasler|spd|1
|faint|p1b: Archaludon
|-enditem|p2b: Sneasler|White Herb
|-clearnegativeboost|p2b: Sneasler|[silent]
|move|p1a: Pelipper|Muddy Water|p2a: Tyranitar|[spread] p2a,p2b
|-supereffective|p2a: Tyranitar
|-damage|p2a: Tyranitar|45/100
|-damage|p2b: Sneasler|62/100
|-unboost|p2b: Sneasler|accuracy|1
|move|p2a: Tyranitar|Knock Off|p1a: Pelipper
|-damage|p1a: Pelipper|0 fnt
|faint|p1a: Pelipper
|
|-weather|Sandstorm|[upkeep]
|-damage|p2b: Sneasler|56/100|[from] Sandstorm
|upkeep
|
|t:|1757078774
|switch|p1b: Basculegion|Basculegion, L50, M|100/100
|switch|p1a: Gholdengo|Gholdengo, L50|100/100
|turn|3
|
|t:|1757078790
|move|p2b: Sneasler|Dire Claw|p1b: Basculegion
|-resisted|p1b: Basculegion
|-damage|p1b: Basculegion|70/100
|-status|p1b: Basculegion|slp
|move|p1a: Gholdengo|Make It Rain|p2b: Sneasler|[spread] p2a,p2b
|-supereffective|p2a: Tyranitar
|-damage|p2a: Tyranitar|0 fnt
|-damage|p2b: Sneasler|0 fnt
|-unboost|p1a: Gholdengo|spa|1
|faint|p2a: Tyranitar
|faint|p2b: Sneasler
|-damage|p1a: Gholdengo|91/100|[from] item: Life Orb
|cant|p1b: Basculegion|slp
|
|-weather|Sandstorm|[upkeep]
|-damage|p1b: Basculegion|64/100 slp|[from] Sandstorm
|upkeep
|
|t:|1757078806
|switch|p2a: Indeedee|Indeedee, L50, M|100/100
|-fieldstart|move: Psychic Terrain|[from] ability: Psychic Surge|[of] p2a: Indeedee
|turn|4
|
|t:|1757078817
|move|p2a: Indeedee|Expanding Force|p1a: Gholdengo|[spread] p1a,p1b
|-resisted|p1a: Gholdengo
|-damage|p1a: Gholdengo|59/100
|-damage|p1b: Basculegion|5/100 slp
|move|p1a: Gholdengo|Make It Rain|p2a: Indeedee
|-damage|p2a: Indeedee|17/100
|-unboost|p1a: Gholdengo|spa|1
|-damage|p1a: Gholdengo|49/100|[from] item: Life Orb
|cant|p1b: Basculegion|slp
|
|-weather|Sandstorm|[upkeep]
|-damage|p2a: Indeedee|11/100|[from] Sandstorm
|-damage|p1b: Basculegion|0 fnt|[from] Sandstorm
|faint|p1b: Basculegion
|upkeep
|turn|5
|
|t:|1757078834
|move|p2a: Indeedee|Expanding Force|p1a: Gholdengo
|-resisted|p1a: Gholdengo
|-damage|p1a: Gholdengo|10/100
|move|p1a: Gholdengo|Tera Blast|p2a: Indeedee
|-damage|p2a: Indeedee|0 fnt
|faint|p2a: Indeedee
|-damage|p1a: Gholdengo|0 fnt|[from] item: Life Orb
|faint|p1a: Gholdengo
|
|win|PoorMonVgc
|raw|PoorMonVgc's rating: 1141 → 1168(+27 for winning)
|raw|JuanGuerrero09's rating: 1172 → 1145(-27 for losing)
