|j|☆magicalarcher57
|j|☆ZeraXx
|html|magicalarcher57ZeraXx    
|uhtml|bestof|Game 1 of a best-of-3
|t:|1784169574
|gametype|doubles
|player|p1|magicalarcher57|diantha|1318
|player|p2|ZeraXx|169|1252
|gen|9
|tier|[Gen 9 Champions] VGC 2026 Reg M-B (Bo3)
|rated|
|rule|Species Clause: Limit one of each Pokémon
|rule|Item Clause: Limit 1 of each item
|clearpoke
|poke|p1|Garchomp, L50, M|
|poke|p1|Basculegion, L50, M|
|poke|p1|Whimsicott, L50, F|
|poke|p1|Glimmora, L50, M|
|poke|p1|Metagross, L50|
|poke|p1|Annihilape, L50, M|
|poke|p2|Excadrill, L50, F|
|poke|p2|Tyranitar, L50, F|
|poke|p2|Sneasler, L50, F|
|poke|p2|Rotom-Wash, L50|
|poke|p2|Talonflame, L50, F|
|poke|p2|Sinistcha-Masterpiece, L50|
|teampreview|4
|showteam|p1|Garchomp||SitrusBerry|RoughSkin|Earthquake,DragonClaw,Protect,StompingTantrum|Jolly||M|||50|]Basculegion||ChoiceScarf|Adaptability|WaveCrash,LastRespects,AquaJet,FlipTurn|Jolly||M|||50|]Whimsicott||FocusSash|Prankster|Tailwind,Moonblast,Encore,Protect|Timid||F|||50|]Glimmora||LifeOrb|ToxicDebris|PowerGem,EarthPower,SludgeBomb,SpikyShield|Timid||M|||50|]Metagross||Metagrossite|ClearBody|IcePunch,IronHead,Protect,PsychicFangs|Jolly|||||50|]Annihilape||Leftovers|Defiant|CloseCombat,RageFist,Taunt,Protect|Adamant||M|||50|
|showteam|p2|Excadrill||FocusSash|SandRush|HighHorsepower,IronHead,RockSlide,Protect|Adamant||F|||50|]Tyranitar||Tyranitarite|SandStream|Protect,RockSlide,KnockOff,DragonDance|Adamant||F|||50|]Sneasler||WhiteHerb|Unburden|FakeOut,CloseCombat,DireClaw,Protect|Adamant||F|||50|]Rotom-Wash||Leftovers|Levitate|WillOWisp,Thunderbolt,LightScreen,HydroPump|Calm|||||50|]Talonflame||SharpBeak|GaleWings|Protect,FlareBlitz,BraveBird,SwordsDance|Adamant||F|||50|]Sinistcha-Masterpiece||SitrusBerry|Hospitality|RagePowder,TrickRoom,MatchaGotcha,Protect|Bold|||||50|
|inactive|Battle timer is ON: inactive players will automatically lose when time's up. (requested by magicalarcher57)
|inactive|ZeraXx has 60 seconds left.
|
|t:|1784169606
|teamsize|p1|4
|teamsize|p2|4
|start
|switch|p1a: Persephone|Whimsicott, L50, F|100/100
|switch|p1b: Lucifer|Garchomp, L50, M|100/100
|switch|p2a: Sneasler|Sneasler, L50, F|100/100
|switch|p2b: Rotom|Rotom-Wash, L50|100/100
|turn|1
|
|t:|1784169625
|switch|p2a: Sinistcha|Sinistcha-Masterpiece, L50|100/100
|move|p1a: Persephone|Tailwind|p1a: Persephone
|-sidestart|p1: magicalarcher57|move: Tailwind
|move|p1b: Lucifer|Stomping Tantrum|p2a: Sinistcha
|-resisted|p2a: Sinistcha|1
|-damage|p2a: Sinistcha|83/100
|move|p2b: Rotom|Will-O-Wisp|p1a: Persephone
|-status|p1a: Persephone|brn
|
|-damage|p1a: Persephone|94/100 brn|[from] brn
|upkeep
|turn|2
|
|t:|1784169641
|move|p1a: Persephone|Moonblast|p2b: Rotom
|-damage|p2b: Rotom|69/100
|move|p1b: Lucifer|Dragon Claw|p2b: Rotom
|-damage|p2b: Rotom|27/100
|move|p2b: Rotom|Will-O-Wisp|p1b: Lucifer
|-status|p1b: Lucifer|brn
|move|p2a: Sinistcha|Trick Room|p2a: Sinistcha
|-fieldstart|move: Trick Room|[of] p2a: Sinistcha
|
|-heal|p2b: Rotom|33/100|[from] item: Leftovers
|-damage|p1b: Lucifer|94/100 brn|[from] brn
|-damage|p1a: Persephone|88/100 brn|[from] brn
|upkeep
|turn|3
|
|t:|1784169654
|switch|p2b: Sneasler|Sneasler, L50, F|100/100
|move|p2a: Sinistcha|Protect|p2a: Sinistcha
|-singleturn|p2a: Sinistcha|Protect
|move|p1a: Persephone|Encore|p2a: Sinistcha
|-activate|p2a: Sinistcha|move: Protect
|move|p1b: Lucifer|Dragon Claw|p2b: Sneasler
|-damage|p2b: Sneasler|63/100
|
|-damage|p1b: Lucifer|88/100 brn|[from] brn
|-damage|p1a: Persephone|83/100 brn|[from] brn
|upkeep
|turn|4
|
|t:|1784169668
|move|p2b: Sneasler|Fake Out|p1a: Persephone
|-damage|p1a: Persephone|59/100 brn
|move|p2a: Sinistcha|Matcha Gotcha|p1a: Persephone|[spread] p1a,p1b
|-resisted|p1a: Persephone|1
|-damage|p1a: Persephone|40/100 brn
|-heal|p2a: Sinistcha|91/100|[from] drain|[of] p1a: Persephone
|-damage|p1b: Lucifer|61/100 brn
|-heal|p2a: Sinistcha|100/100|[from] drain|[of] p1b: Lucifer
|move|p1b: Lucifer|Stomping Tantrum|p2b: Sneasler
|-supereffective|p2b: Sneasler|1
|-damage|p2b: Sneasler|0 fnt
|faint|p2b: Sneasler
|cant|p1a: Persephone|flinch
|
|-damage|p1b: Lucifer|55/100 brn|[from] brn
|-damage|p1a: Persephone|35/100 brn|[from] brn
|-sideend|p1: magicalarcher57|move: Tailwind
|upkeep
|
|t:|1784169683
|switch|p2b: Rotom|Rotom-Wash, L50|33/100
|turn|5
|
|t:|1784169691
|move|p2a: Sinistcha|Matcha Gotcha|p1b: Lucifer|[spread] p1b
|-miss|p2a: Sinistcha|p1a: Persephone
|-damage|p1b: Lucifer|26/100 brn
|-enditem|p1b: Lucifer|Sitrus Berry|[eat]
|-heal|p1b: Lucifer|51/100 brn|[from] item: Sitrus Berry
|move|p2b: Rotom|Light Screen|p2b: Rotom
|-sidestart|p2: ZeraXx|move: Light Screen
|move|p1b: Lucifer|Dragon Claw|p2b: Rotom
|-damage|p2b: Rotom|14/100
|move|p1a: Persephone|Moonblast|p2b: Rotom
|-damage|p2b: Rotom|0 fnt
|faint|p2b: Rotom
|
|-damage|p1b: Lucifer|45/100 brn|[from] brn
|-damage|p1a: Persephone|29/100 brn|[from] brn
|upkeep
|
|t:|1784169705
|switch|p2b: Tyranitar|Tyranitar, L50, F|100/100
|-weather|Sandstorm|[from] ability: Sand Stream|[of] p2b: Tyranitar
|turn|6
|inactive|magicalarcher57 has 30 seconds left.
|
|t:|1784169731
|detailschange|p2b: Tyranitar|Tyranitar-Mega, L50, F
|-mega|p2b: Tyranitar|Tyranitar|Tyranitarite
|move|p1a: Persephone|Protect|p1a: Persephone
|-singleturn|p1a: Persephone|Protect
|move|p1b: Lucifer|Protect|p1b: Lucifer
|-singleturn|p1b: Lucifer|Protect
|move|p2a: Sinistcha|Matcha Gotcha|p1b: Lucifer|[spread] 
|-activate|p1a: Persephone|move: Protect
|-activate|p1b: Lucifer|move: Protect
|move|p2b: Tyranitar|Dragon Dance|p2b: Tyranitar
|-boost|p2b: Tyranitar|atk|1
|-boost|p2b: Tyranitar|spe|1
|
|-weather|Sandstorm|[upkeep]
|-damage|p2a: Sinistcha|93/100|[from] Sandstorm
|-damage|p1a: Persephone|23/100 brn|[from] Sandstorm
|-damage|p1b: Lucifer|39/100 brn|[from] brn
|-damage|p1a: Persephone|18/100 brn|[from] brn
|-fieldend|move: Trick Room
|upkeep
|turn|7
|
|t:|1784169746
|move|p2a: Sinistcha|Rage Powder|p2a: Sinistcha
|-singleturn|p2a: Sinistcha|move: Rage Powder
|move|p1a: Persephone|Tailwind|p1a: Persephone
|-sidestart|p1: magicalarcher57|move: Tailwind
|move|p1b: Lucifer|Earthquake|p2b: Tyranitar|[spread] p1a,p2a,p2b
|-resisted|p1a: Persephone|1
|-resisted|p2a: Sinistcha|1
|-supereffective|p2b: Tyranitar|1
|-damage|p1a: Persephone|4/100 brn
|-damage|p2a: Sinistcha|85/100
|-damage|p2b: Tyranitar|71/100
|move|p2b: Tyranitar|Rock Slide|p1b: Lucifer|[spread] p1a,p1b
|-resisted|p1b: Lucifer|1
|-damage|p1a: Persephone|0 fnt
|-damage|p1b: Lucifer|10/100 brn
|faint|p1a: Persephone
|
|-weather|Sandstorm|[upkeep]
|-damage|p2a: Sinistcha|79/100|[from] Sandstorm
|-damage|p1b: Lucifer|4/100 brn|[from] brn
|upkeep
|
|t:|1784169757
|switch|p1a: Athena|Metagross, L50|100/100
|turn|8
|
|t:|1784169777
|detailschange|p1a: Athena|Metagross-Mega, L50
|-mega|p1a: Athena|Metagross|Metagrossite
|move|p2a: Sinistcha|Rage Powder|p2a: Sinistcha
|-singleturn|p2a: Sinistcha|move: Rage Powder
|move|p1a: Athena|Psychic Fangs|p2a: Sinistcha
|-sideend|p2: ZeraXx|move: Light Screen
|-damage|p2a: Sinistcha|23/100
|-enditem|p2a: Sinistcha|Sitrus Berry|[eat]
|-heal|p2a: Sinistcha|48/100|[from] item: Sitrus Berry
|move|p1b: Lucifer|Dragon Claw|p2a: Sinistcha
|-damage|p2a: Sinistcha|30/100
|move|p2b: Tyranitar|Knock Off|p1a: Athena
|-supereffective|p1a: Athena|1
|-damage|p1a: Athena|0 fnt
|faint|p1a: Athena
|
|-weather|Sandstorm|[upkeep]
|-damage|p2a: Sinistcha|24/100|[from] Sandstorm
|-damage|p1b: Lucifer|0 fnt|[from] brn
|faint|p1b: Lucifer
|upkeep
|
|t:|1784169783
|switch|p1b: Nikke|Basculegion, L50, M|100/100
|turn|9
|-message|magicalarcher57 forfeited.
|
|win|ZeraXx
