|j|â˜†QuickClawExplosion
|j|â˜†ropplebees
|html|QuickClawExplosionropplebees    
|uhtml|bestof|Game 1 of a best-of-3
|t:|1782522932
|gametype|doubles
|player|p1|QuickClawExplosion|rei|
|player|p2|ropplebees|n|
|gen|9
|tier|[Gen 9 Champions] VGC 2026 Reg M-B (Bo3)
|rule|Species Clause: Limit one of each PokÃ©mon
|rule|Item Clause: Limit 1 of each item
|clearpoke
|poke|p1|Floette-Eternal, L50, F|
|poke|p1|Medicham, L50, F, shiny|
|poke|p1|Excadrill, L50, F|
|poke|p1|Tyranitar, L50, M, shiny|
|poke|p1|Espathra, L50, M, shiny|
|poke|p1|Dragapult, L50, F|
|poke|p2|Charizard, L50, M, shiny|
|poke|p2|Aggron, L50, M, shiny|
|poke|p2|Garchomp, L50, M, shiny|
|poke|p2|Krookodile, L50, F, shiny|
|poke|p2|Aerodactyl, L50, M, shiny|
|poke|p2|Skeledirge, L50, F, shiny|
|teampreview|4
|showteam|p1|Floette-Eternal||Floettite|FlowerVeil|DazzlingGleam,Moonblast,Protect,Psychic|Timid||F|||50|]Medicham||CobaBerry|PurePower|FakeOut,CloseCombat,Coaching,Protect|Jolly||F|||50|]Excadrill||FocusSash|SandRush|SwordsDance,HighHorsepower,RockSlide,Protect|Adamant||F|||50|]Tyranitar||ChoiceScarf|SandStream|RockSlide,KnockOff,IcePunch,HighHorsepower|Jolly||M|||50|]Espathra||SitrusBerry|SpeedBoost|Protect,LuminaCrash,FeatherDance,HelpingHand|Timid||M|||50|]Dragapult||WhiteHerb|ClearBody|DracoMeteor,Protect,Flamethrower,PhantomForce|Hasty||F|||50|
|showteam|p2|Charizard||CharizarditeY|Blaze|HeatWave,DragonPulse,SolarBeam,Protect|Modest||M|||50|]Aggron||Aggronite|Sturdy|BodyPress,HighHorsepower,HeavySlam,Protect|Careful||M|||50|]Garchomp||LifeOrb|SandVeil|StompingTantrum,DragonClaw,PoisonJab,Protect|Jolly||M|||50|]Krookodile||ExpertBelt|Intimidate|KnockOff,HighHorsepower,GunkShot,Protect|Jolly||F|||50|]Aerodactyl||FocusSash|Unnerve|WideGuard,Tailwind,RockSlide,Crunch|Jolly||M|||50|]Skeledirge||SitrusBerry|Unaware|Protect,EarthPower,ShadowBall,TorchSong|Modest||F|||50|
|c|â˜†ropplebees|gl goats
|c|â˜†ropplebees|sorry about the delay lmao
|c|â˜†QuickClawExplosion|It's alright
|j| Lunaralpacas
|j| P3VX
|j| mundie mudsnapper
|j| Moose32
|j| toxiccroc12
|l| toxiccroc12
|c| Moose32|wait this shit is open team sheet
|c| Moose32|ewwwwww
|c| mundie mudsnapper|pooh shiesty thats my dawg
|
|t:|1782523157
|teamsize|p1|4
|teamsize|p2|4
|start
|switch|p1a: Zamazenta Crowned|Medicham, L50, F, shiny|100/100
|switch|p1b: big pink beam|Floette-Eternal, L50, F|100/100
|switch|p2a: The Rizzler|Aerodactyl, L50, M, shiny|100/100
|switch|p2b: Big Justice|Garchomp, L50, M, shiny|100/100
|-ability|p2a: The Rizzler|Unnerve
|turn|1
|c| Lunaralpacas|Yes it is
|c|â˜†ropplebees|zamazenta!!!!
|c| Lunaralpacas|(I said the open team sheet in the rules...)
|c| Moose32|rules are for fools
|c| mundie mudsnapper|more like overcooled
|
|t:|1782523377
|detailschange|p1b: big pink beam|Floette-Mega, L50, F
|-mega|p1b: big pink beam|Floette|Floettite
|-ability|p1b: big pink beam|Fairy Aura
|move|p2a: The Rizzler|Wide Guard|p2a: The Rizzler
|-singleturn|p2a: The Rizzler|Wide Guard
|move|p1a: Zamazenta Crowned|Fake Out|p2a: The Rizzler
|-resisted|p2a: The Rizzler|1
|-damage|p2a: The Rizzler|86/100
|move|p2b: Big Justice|Poison Jab|p1b: big pink beam
|-supereffective|p1b: big pink beam|1
|-damage|p1b: big pink beam|8/100
|-damage|p2b: Big Justice|90/100|[from] item: Life Orb
|move|p1b: big pink beam|Moonblast|p2b: Big Justice
|-supereffective|p2b: Big Justice|1
|-damage|p2b: Big Justice|0 fnt
|faint|p2b: Big Justice
|
|upkeep
|c| Lunaralpacas|Is mega floette an unloaded png for anyone else?
|c|â˜†ropplebees|yeah it is for me too
|c|â˜†QuickClawExplosion|Yeah it doesn't have a sprite
|c| Lunaralpacas|Amazing
|c|â˜†ropplebees|mega missingno
|
|t:|1782523491
|switch|p2b: AJ|Charizard, L50, M, shiny|100/100
|turn|2
|c| mundie mudsnapper|big boom aj
|
|t:|1782523563
|detailschange|p2b: AJ|Charizard-Mega-Y, L50, M, shiny
|-mega|p2b: AJ|Charizard|Charizardite Y
|-weather|SunnyDay|[from] ability: Drought|[of] p2b: AJ
|move|p1b: big pink beam|Protect|p1b: big pink beam
|-singleturn|p1b: big pink beam|Protect
|move|p2a: The Rizzler|Tailwind|p2a: The Rizzler
|-sidestart|p2: ropplebees|move: Tailwind
|move|p2b: AJ|Heat Wave|p1a: Zamazenta Crowned|[spread] p1a
|-activate|p1b: big pink beam|move: Protect
|-damage|p1a: Zamazenta Crowned|0 fnt
|faint|p1a: Zamazenta Crowned
|
|-weather|SunnyDay|[upkeep]
|upkeep
|
|t:|1782523578
|switch|p1a: I'm stupid|Tyranitar, L50, M, shiny|100/100
|-weather|Sandstorm|[from] ability: Sand Stream|[of] p1a: I'm stupid
|turn|3
|
|t:|1782523698
|switch|p2b: MotherofBigJustice|Krookodile, L50, F, shiny|100/100
|-ability|p2b: MotherofBigJustice|Intimidate|boost
|-unboost|p1a: I'm stupid|atk|1
|-unboost|p1b: big pink beam|atk|1
|move|p2a: The Rizzler|Rock Slide|p1a: I'm stupid|[spread] p1a,p1b
|-damage|p1a: I'm stupid|78/100
|-damage|p1b: big pink beam|0 fnt
|faint|p1b: big pink beam
|move|p1a: I'm stupid|Ice Punch|p2a: The Rizzler
|-supereffective|p2a: The Rizzler|1
|-damage|p2a: The Rizzler|29/100
|
|-weather|Sandstorm|[upkeep]
|upkeep
|
|t:|1782523709
|switch|p1b: I'm with stupid|Excadrill, L50, F|100/100
|turn|4
|c|â˜†ropplebees|elite ball naming
|c|â˜†ropplebees|love that lol
|
|t:|1782523913
|move|p2a: The Rizzler|Rock Slide|p1a: I'm stupid|[spread] p1a,p1b
|-resisted|p1b: I'm with stupid|2
|-damage|p1a: I'm stupid|54/100
|-damage|p1b: I'm with stupid|92/100
|move|p2b: MotherofBigJustice|High Horsepower|p1a: I'm stupid
|-supereffective|p1a: I'm stupid|1
|-damage|p1a: I'm stupid|0 fnt
|faint|p1a: I'm stupid
|move|p1b: I'm with stupid|Rock Slide|p2b: MotherofBigJustice|[spread] p2b
|-miss|p1b: I'm with stupid|p2a: The Rizzler
|-resisted|p2b: MotherofBigJustice|1
|-damage|p2b: MotherofBigJustice|85/100
|
|-weather|Sandstorm|[upkeep]
|upkeep
|turn|5
|c|â˜†QuickClawExplosion|rip
|
|t:|1782523990
|move|p1b: I'm with stupid|Protect|p1b: I'm with stupid
|-singleturn|p1b: I'm with stupid|Protect
|move|p2a: The Rizzler|Crunch|p1b: I'm with stupid
|-activate|p1b: I'm with stupid|move: Protect
|move|p2b: MotherofBigJustice|High Horsepower|p1b: I'm with stupid
|-activate|p1b: I'm with stupid|move: Protect
|
|-weather|Sandstorm|[upkeep]
|-sideend|p2: ropplebees|move: Tailwind
|upkeep
|turn|6
|
|t:|1782524088
|move|p2a: The Rizzler|Wide Guard|p2a: The Rizzler
|-singleturn|p2a: The Rizzler|Wide Guard
|move|p1b: I'm with stupid|Rock Slide|p2a: The Rizzler|[spread] 
|-activate|p2a: The Rizzler|move: Wide Guard
|-activate|p2b: MotherofBigJustice|move: Wide Guard
|move|p2b: MotherofBigJustice|High Horsepower|p1b: I'm with stupid
|-supereffective|p1b: I'm with stupid|1
|-damage|p1b: I'm with stupid|0 fnt
|faint|p1b: I'm with stupid
|
|win|ropplebees
||QuickClawExplosion is ready for game 2.
|inactive|ropplebees has 30 seconds to confirm battle start!
||ropplebees is ready for game 2.
|uhtml|next|Next: Game 2 of 3
