|j|☆castoriceball
|j|☆DrLuca935
|html|castoriceballDrLuca935    
|uhtml|bestof|Game 2 of a best-of-3
|t:|1785650543
|gametype|doubles
|player|p1|castoriceball|miku-flying|1262
|player|p2|DrLuca935|hilbert|1244
|gen|9
|tier|[Gen 9 Champions] VGC 2026 Reg M-B (Bo3)
|rated|
|rule|Species Clause: Limit one of each Pokémon
|rule|Item Clause: Limit 1 of each item
|clearpoke
|poke|p1|Raichu, L50, F, shiny|
|poke|p1|Mamoswine, L50, F|
|poke|p1|Basculegion, L50, M, shiny|
|poke|p1|Farigiraf, L50, M|
|poke|p1|Sylveon, L50, M|
|poke|p1|Torkoal, L50, M|
|poke|p2|Farigiraf, L50, F|
|poke|p2|Scovillain, L50, M|
|poke|p2|Annihilape, L50, M|
|poke|p2|Tyranitar, L50, F|
|poke|p2|Corviknight, L50, F|
|poke|p2|Sylveon, L50, M|
|teampreview|4
|showteam|p1|Raichu||RaichuniteY|LightningRod|ZapCannon,FocusBlast,FakeOut,Protect|Timid||F|||50|]Mamoswine||FocusSash|Oblivious|IcicleCrash,HighHorsepower,IceShard,Protect|Adamant||F|||50|]Basculegion||LifeOrb|Adaptability|LastRespects,WaveCrash,AquaJet,Protect|Adamant||M|||50|]Farigiraf||SitrusBerry|ArmorTail|Psychic,HelpingHand,TrickRoom,Protect|Bold||M|||50|]Sylveon||FairyFeather|Pixilate|HyperVoice,QuickAttack,HyperBeam,Detect|Modest||M|||50|]Torkoal||Charcoal|Drought|Eruption,WeatherBall,SolarBeam,Protect|Quiet||M|||50|
|showteam|p2|Farigiraf||SitrusBerry|ArmorTail|HelpingHand,Psychic,Thunderbolt,TrickRoom|Calm||F|||50|]Scovillain||Scovillainite|Chlorophyll|Protect,GigaDrain,Overheat,RagePowder|Bold||M|||50|]Annihilape||Leftovers|Defiant|Protect,BulkUp,RageFist,DrainPunch|Jolly||M|||50|]Tyranitar||ChopleBerry|SandStream|RockSlide,KnockOff,Protect,ThunderPunch|Brave||F|||50|]Corviknight||OccaBerry|MirrorArmor|IronHead,BraveBird,Tailwind,Protect|Adamant||F|||50|]Sylveon||LifeOrb|Pixilate|HyperVoice,Protect,QuickAttack,Psychic|Modest||M|||50|
|inactive|Battle timer is ON: inactive players will automatically lose when time's up. (requested by DrLuca935)
|
|t:|1785650564
|teamsize|p1|4
|teamsize|p2|4
|start
|switch|p1a: WHYYCHU|Raichu, L50, F, shiny|100/100
|switch|p1b: budget floette|Sylveon, L50, M|100/100
|switch|p2a: Spicy Guy|Scovillain, L50, M|100/100
|switch|p2b: Tyranitar|Tyranitar, L50, F|100/100
|-weather|Sandstorm|[from] ability: Sand Stream|[of] p2b: Tyranitar
|turn|1
|
|t:|1785650583
|detailschange|p1a: WHYYCHU|Raichu-Mega-Y, L50, F, shiny
|-mega|p1a: WHYYCHU|Raichu|Raichunite Y
|detailschange|p2a: Spicy Guy|Scovillain-Mega, L50, M
|-mega|p2a: Spicy Guy|Scovillain|Scovillainite
|move|p1a: WHYYCHU|Fake Out|p2a: Spicy Guy
|-damage|p2a: Spicy Guy|91/100
|-status|p1a: WHYYCHU|brn|[from] ability: Spicy Spray|[of] p2a: Spicy Guy
|cant|p2a: Spicy Guy|flinch
|move|p1b: budget floette|Hyper Beam|p2b: Tyranitar|[miss]
|-miss|p1b: budget floette|p2b: Tyranitar
|move|p2b: Tyranitar|Rock Slide|p1a: WHYYCHU|[spread] p1a,p1b
|-damage|p1a: WHYYCHU|50/100g brn
|-damage|p1b: budget floette|60/100
|
|-weather|Sandstorm|[upkeep]
|-damage|p1a: WHYYCHU|44/100 brn|[from] Sandstorm
|-damage|p2a: Spicy Guy|86/100|[from] Sandstorm
|-damage|p1b: budget floette|54/100|[from] Sandstorm
|-damage|p1a: WHYYCHU|38/100 brn|[from] brn
|upkeep
|turn|2
|
|t:|1785650596
|move|p2a: Spicy Guy|Rage Powder|p2a: Spicy Guy
|-singleturn|p2a: Spicy Guy|move: Rage Powder
|move|p1a: WHYYCHU|Zap Cannon|p2a: Spicy Guy
|-resisted|p2a: Spicy Guy|1
|-damage|p2a: Spicy Guy|51/100
|-status|p2a: Spicy Guy|par
|move|p1b: budget floette|Hyper Voice|p2b: Tyranitar|[spread] p2a,p2b
|-resisted|p2a: Spicy Guy|1
|-supereffective|p2b: Tyranitar|1
|-damage|p2a: Spicy Guy|28/100 par
|-damage|p2b: Tyranitar|44/100
|-status|p1b: budget floette|brn|[from] ability: Spicy Spray|[of] p2a: Spicy Guy
|move|p2b: Tyranitar|Rock Slide|p1b: budget floette|[spread] p1a,p1b
|-damage|p1a: WHYYCHU|0 fnt
|-damage|p1b: budget floette|16/100 brn
|faint|p1a: WHYYCHU
|
|-weather|Sandstorm|[upkeep]
|-damage|p1b: budget floette|10/100 brn|[from] Sandstorm
|-damage|p2a: Spicy Guy|22/100 par|[from] Sandstorm
|-damage|p1b: budget floette|3/100 brn|[from] brn
|upkeep
|
|t:|1785650608
|switch|p1a: Basculegend|Basculegion, L50, M, shiny|100/100
|turn|3
|
|t:|1785650620
|switch|p2b: Corviknight|Corviknight, L50, F|100/100
|move|p1a: Basculegend|Protect|p1a: Basculegend
|-singleturn|p1a: Basculegend|Protect
|cant|p2a: Spicy Guy|par
|move|p1b: budget floette|Hyper Voice|p2a: Spicy Guy|[spread] p2a,p2b
|-resisted|p2a: Spicy Guy|1
|-resisted|p2b: Corviknight|1
|-damage|p2a: Spicy Guy|0 fnt
|-damage|p2b: Corviknight|73/100
|faint|p2a: Spicy Guy
|
|-weather|Sandstorm|[upkeep]
|-damage|p1a: Basculegend|93/100|[from] Sandstorm
|-damage|p1b: budget floette|0 fnt|[from] Sandstorm
|faint|p1b: budget floette
|upkeep
|
|t:|1785650632
|switch|p2a: Angry guy|Annihilape, L50, M|100/100
|switch|p1b: WolfeyFriend|Mamoswine, L50, F|100/100
|turn|4
|inactive|DrLuca935 has 30 seconds left.
|
|t:|1785650662
|switch|p2a: Tyranitar|Tyranitar, L50, F|44/100
|move|p1b: WolfeyFriend|High Horsepower|p2a: Tyranitar
|-supereffective|p2a: Tyranitar|1
|-damage|p2a: Tyranitar|0 fnt
|faint|p2a: Tyranitar
|move|p1a: Basculegend|Last Respects|p2b: Corviknight
|-damage|p2b: Corviknight|0 fnt
|faint|p2b: Corviknight
|-damage|p1a: Basculegend|83/100|[from] item: Life Orb
|
|-weather|Sandstorm|[upkeep]
|-damage|p1a: Basculegend|77/100|[from] Sandstorm
|upkeep
|inactive|DrLuca935 has 30 seconds left.
|inactive|DrLuca935 has 20 seconds left.
|inactive|DrLuca935 has 15 seconds left.
|
|t:|1785650705
|switch|p2b: Angry guy|Annihilape, L50, M|100/100
|turn|5
|
|t:|1785650729
|move|p2b: Angry guy|Rage Fist|p1a: Basculegend
|-supereffective|p1a: Basculegend|1
|-damage|p1a: Basculegend|26/100
|move|p1b: WolfeyFriend|High Horsepower|p2b: Angry guy
|-damage|p2b: Angry guy|44/100
|move|p1a: Basculegend|Last Respects|p2b: Angry guy
|-supereffective|p2b: Angry guy|1
|-damage|p2b: Angry guy|0 fnt
|faint|p2b: Angry guy
|-damage|p1a: Basculegend|16/100|[from] item: Life Orb
|
|win|castoriceball
||DrLuca935 is ready for game 3.
|inactive|castoriceball has 30 seconds to confirm battle start!
