|j|☆TreyBayBay
|j|☆Ayycousin
|html|TreyBayBayAyycousin    
|uhtml|bestof|Game 2 of a best-of-3
|t:|1757698982
|gametype|doubles
|player|p1|TreyBayBay|ninjaboy|1130
|player|p2|Ayycousin|266|1045
|gen|9
|tier|[Gen 9] VGC 2025 Reg H (Bo3)
|rated|
|rule|Species Clause: Limit one of each Pokémon
|rule|Item Clause: Limit 1 of each item
|clearpoke
|poke|p1|Ninetales-Alola, L50, M|
|poke|p1|Farigiraf, L50, F|
|poke|p1|Sneasler, L50, M|
|poke|p1|Incineroar, L50, F|
|poke|p1|Archaludon, L50, M|
|poke|p1|Hydreigon, L50, F|
|poke|p2|Porygon2, L50|
|poke|p2|Incineroar, L50, M|
|poke|p2|Ursaluna, L50, M|
|poke|p2|Jumpluff, L50, F|
|poke|p2|Charizard, L50, M|
|poke|p2|Torkoal, L50, M|
|teampreview|4
|showteam|p1|Ninetales-Alola||LightClay|SnowWarning|Protect,Blizzard,Moonblast,AuroraVeil|||M|||50|,,,,,Ghost]Farigiraf||ThroatSpray|ArmorTail|ExpandingForce,HyperVoice,TrickRoom,Imprison|||F|||50|,,,,,Fairy]Sneasler||FocusSash|PoisonTouch|FakeOut,DireClaw,CloseCombat,Taunt|||M|||50|,,,,,Stellar]Incineroar||SafetyGoggles|Intimidate|FakeOut,FlareBlitz,KnockOff,WillOWisp|||F|||50|,,,,,Ghost]Archaludon||AssaultVest|Stamina|DracoMeteor,FlashCannon,BodyPress,Snarl|||M|||50|,,,,,Bug]Hydreigon||CovertCloak|Levitate|DarkPulse,EarthPower,NastyPlot,Tailwind|||F|||50|,,,,,Ghost
|showteam|p2|Porygon2||Eviolite|Download|TeraBlast,IceBeam,TrickRoom,Recover||||||50|,,,,,Fighting]Incineroar||SitrusBerry|Intimidate|FakeOut,KnockOff,FlareBlitz,PartingShot|||M|||50|,,,,,Ghost]Ursaluna||FlameOrb|Guts|HeadlongRush,Facade,Earthquake,Protect|||M|||50|,,,,,Ghost]Jumpluff||CovertCloak|Chlorophyll|RagePowder,SunnyDay,Tailwind,SleepPowder|||F|||50|,,,,,Water]Charizard||ChoiceSpecs|SolarPower|HeatWave,Overheat,WeatherBall,DragonPulse|||M|||50|,,,,,Ghost]Torkoal||EjectPack|Drought|Overheat,Eruption,HelpingHand,Protect|||M|||50|,,,,,Fire
|inactive|Battle timer is ON: inactive players will automatically lose when time's up. (requested by TreyBayBay)
|
|t:|1757699031
|teamsize|p1|4
|teamsize|p2|4
|start
|switch|p1a: Incineroar|Incineroar, L50, F|100/100
|switch|p1b: Hydreigon|Hydreigon, L50, F, shiny|100/100
|switch|p2a: Porygon2|Porygon2, L50|100/100
|switch|p2b: Incineroar|Incineroar, L50, M|100/100
|-ability|p1a: Incineroar|Intimidate|boost
|-unboost|p2a: Porygon2|atk|1
|-unboost|p2b: Incineroar|atk|1
|-ability|p2b: Incineroar|Intimidate|boost
|-unboost|p1a: Incineroar|atk|1
|-unboost|p1b: Hydreigon|atk|1
|-ability|p2a: Porygon2|Download|boost
|-boost|p2a: Porygon2|atk|1
|turn|1
|inactive|TreyBayBay has 30 seconds left.
|
|t:|1757699061
|move|p1a: Incineroar|Fake Out|p2a: Porygon2
|-damage|p2a: Porygon2|95/100
|move|p2b: Incineroar|Fake Out|p1a: Incineroar
|-damage|p1a: Incineroar|93/100
|move|p1b: Hydreigon|Nasty Plot|p1b: Hydreigon
|-boost|p1b: Hydreigon|spa|2
|cant|p2a: Porygon2|flinch
|
|upkeep
|turn|2
|
|t:|1757699078
|move|p1b: Hydreigon|Earth Power|p2b: Incineroar
|-supereffective|p2b: Incineroar
|-damage|p2b: Incineroar|0 fnt
|faint|p2b: Incineroar
|move|p1a: Incineroar|Flare Blitz|p2a: Porygon2
|-damage|p2a: Porygon2|76/100
|-status|p2a: Porygon2|brn
|-damage|p1a: Incineroar|87/100|[from] Recoil
|move|p2a: Porygon2|Trick Room|p2a: Porygon2
|-fieldstart|move: Trick Room|[of] p2a: Porygon2
|
|-damage|p2a: Porygon2|70/100 brn|[from] brn
|upkeep
|
|t:|1757699082
|switch|p2b: Ursaluna|Ursaluna, L50, M|100/100
|turn|3
|inactive|Ayycousin has 30 seconds left.
|
|t:|1757699110
|-terastallize|p2a: Porygon2|Fighting
|-terastallize|p1b: Hydreigon|Ghost
|move|p2a: Porygon2|Tera Blast|p1b: Hydreigon|[anim] Tera Blast Fighting
|-immune|p1b: Hydreigon
|move|p1a: Incineroar|Knock Off|p2a: Porygon2
|-resisted|p2a: Porygon2
|-crit|p2a: Porygon2
|-damage|p2a: Porygon2|50/100 brn
|-enditem|p2a: Porygon2|Eviolite|[from] move: Knock Off|[of] p1a: Incineroar
|move|p2b: Ursaluna|Headlong Rush|p1a: Incineroar
|-supereffective|p1a: Incineroar
|-damage|p1a: Incineroar|0 fnt
|-unboost|p2b: Ursaluna|def|1
|-unboost|p2b: Ursaluna|spd|1
|faint|p1a: Incineroar
|move|p1b: Hydreigon|Dark Pulse|p2a: Porygon2
|-resisted|p2a: Porygon2
|-damage|p2a: Porygon2|10/100 brn
|
|-damage|p2a: Porygon2|4/100 brn|[from] brn
|-status|p2b: Ursaluna|brn|[from] item: Flame Orb
|upkeep
|
|t:|1757699129
|switch|p1a: Farigiraf|Farigiraf, L50, F, shiny|100/100
|turn|4
|inactive|Ayycousin has 30 seconds left.
|
|t:|1757699163
|move|p2a: Porygon2|Recover|p2a: Porygon2
|-heal|p2a: Porygon2|54/100 brn
|move|p2b: Ursaluna|Facade|p1a: Farigiraf
|-damage|p1a: Farigiraf|7/100
|move|p1b: Hydreigon|Dark Pulse|p2a: Porygon2
|-resisted|p2a: Porygon2
|-damage|p2a: Porygon2|12/100 brn
|move|p1a: Farigiraf|Trick Room|p1a: Farigiraf
|-fieldend|move: Trick Room
|
|-damage|p2b: Ursaluna|95/100 brn|[from] brn
|-damage|p2a: Porygon2|6/100 brn|[from] brn
|upkeep
|turn|5
|inactive|Ayycousin has 30 seconds left.
|inactive|Ayycousin has 20 seconds left.
|inactive|Ayycousin has 15 seconds left.
|inactive|Ayycousin has 10 seconds left.
|inactive|Ayycousin has 5 seconds left.
|
|t:|1757699214
|move|p1b: Hydreigon|Tailwind|p1b: Hydreigon
|-sidestart|p1: TreyBayBay|move: Tailwind
|move|p1a: Farigiraf|Hyper Voice|p2a: Porygon2|[spread] p2a,p2b
|-damage|p2a: Porygon2|0 fnt
|-damage|p2b: Ursaluna|59/100 brn
|faint|p2a: Porygon2
|-enditem|p1a: Farigiraf|Throat Spray
|-boost|p1a: Farigiraf|spa|1|[from] item: Throat Spray
|move|p2b: Ursaluna|Facade|p1a: Farigiraf
|-damage|p1a: Farigiraf|0 fnt
|faint|p1a: Farigiraf
|
|-damage|p2b: Ursaluna|53/100 brn|[from] brn
|upkeep
|
|t:|1757699226
|switch|p2a: Charizard|Charizard, L50, M|100/100
|switch|p1a: Ninetales|Ninetales-Alola, L50, M, shiny|100/100
|-weather|Snowscape|[from] ability: Snow Warning|[of] p1a: Ninetales
|turn|6
|c|☆TreyBayBay|GGs
|inactive|Ayycousin has 30 seconds left.
|
|t:|1757699258
|move|p2b: Ursaluna|Protect|p2b: Ursaluna
|-singleturn|p2b: Ursaluna|Protect
|move|p1a: Ninetales|Blizzard|p2b: Ursaluna|[spread] p2a
|-activate|p2b: Ursaluna|move: Protect
|-damage|p2a: Charizard|60/100
|move|p1b: Hydreigon|Dark Pulse|p2a: Charizard
|-damage|p2a: Charizard|0 fnt
|faint|p2a: Charizard
|
|-weather|Snowscape|[upkeep]
|-damage|p2b: Ursaluna|48/100 brn|[from] brn
|upkeep
|turn|7
|
|t:|1757699271
|move|p1a: Ninetales|Blizzard|p2b: Ursaluna
|-supereffective|p2b: Ursaluna
|-damage|p2b: Ursaluna|0 fnt
|faint|p2b: Ursaluna
|
|win|TreyBayBay
|raw|TreyBayBay's rating: 1130 → 1149(+19 for winning)
|raw|Ayycousin's rating: 1045 → 1032(-13 for losing)
|l|☆Ayycousin
|player|p2|
