|j|☆Caaammm0410
|j|☆That1Morpecko
|html|Caaammm0410That1Morpecko    
|uhtml|bestof|Game 2 of a best-of-3
|t:|1783282684
|gametype|doubles
|player|p1|Caaammm0410|cynthia-gen4|1000
|player|p2|That1Morpecko|hiker-gen4|1032
|gen|9
|tier|[Gen 9 Champions] VGC 2026 Reg M-B (Bo3)
|rated|
|rule|Species Clause: Limit one of each Pokémon
|rule|Item Clause: Limit 1 of each item
|clearpoke
|poke|p1|Sceptile, L50, F|
|poke|p1|Rotom-Heat, L50|
|poke|p1|Aerodactyl, L50, M|
|poke|p1|Basculegion, L50, M|
|poke|p1|Kingambit, L50, F|
|poke|p1|Clefable, L50, M|
|poke|p2|Archaludon, L50, F|
|poke|p2|Pelipper, L50, F|
|poke|p2|Grimmsnarl, L50, M|
|poke|p2|Metagross, L50|
|poke|p2|Sinistcha, L50|
|poke|p2|Swampert, L50, F|
|teampreview|4
|showteam|p1|Sceptile||Sceptilite|Overgrow|EnergyBall,DragonPulse,EarthPower,Protect|Timid||F|||50|]Rotom-Heat||ChoiceScarf|Levitate|Overheat,VoltSwitch,Discharge,Trick|Timid|||||50|]Aerodactyl||FocusSash|Unnerve|RockSlide,DualWingbeat,Tailwind,Protect|Jolly||M|||50|]Basculegion||LifeOrb|Adaptability|WaveCrash,LastRespects,AquaJet,Protect|Adamant||M|||50|]Kingambit||ChopleBerry|Defiant|KowtowCleave,IronHead,SuckerPunch,LowKick|Adamant||F|||50|]Clefable||SitrusBerry|Unaware|Moonblast,HelpingHand,FollowMe,Protect|Bold||M|||50|
|showteam|p2|Archaludon||Leftovers|Stamina|Protect,ElectroShot,FlashCannon,DragonPulse|Modest||F|||50|]Pelipper||WacanBerry|Drizzle|WideGuard,Tailwind,WeatherBall,Hurricane|Modest||F|||50|]Grimmsnarl||LightClay|Prankster|FoulPlay,PartingShot,LightScreen,Reflect|Calm||M|||50|]Metagross||Metagrossite|ClearBody|IronHead,Protect,BodyPress,PsychicFangs|Jolly|||||50|]Sinistcha||CobaBerry|Hospitality|Protect,TrickRoom,MatchaGotcha,RagePowder|Relaxed|||||50|]Swampert||Swampertite|Damp|Protect,IcePunch,WaveCrash,Earthquake|Adamant||F|||50|
|inactive|Battle timer is ON: inactive players will automatically lose when time's up. (requested by That1Morpecko)
|inactive|Caaammm0410 has 60 seconds left.
|inactive|That1Morpecko has 60 seconds left.
|
|t:|1783282719
|teamsize|p1|4
|teamsize|p2|4
|start
|switch|p1a: Basculegion|Basculegion, L50, M|100/100
|switch|p1b: Clefable|Clefable, L50, M|100/100
|switch|p2a: Pelipper|Pelipper, L50, F|100/100
|switch|p2b: Swampert|Swampert, L50, F|100/100
|-weather|RainDance|[from] ability: Drizzle|[of] p2a: Pelipper
|turn|1
|
|t:|1783282739
|switch|p2b: Sinistcha|Sinistcha, L50|100/100
|move|p1a: Basculegion|Wave Crash|p2b: Sinistcha
|-resisted|p2b: Sinistcha|1
|-damage|p2b: Sinistcha|41/100
|-damage|p1a: Basculegion|82/100|[from] Recoil
|-damage|p1a: Basculegion|72/100|[from] item: Life Orb
|move|p2a: Pelipper|Weather Ball|p1b: Clefable
|-damage|p1b: Clefable|46/100
|-enditem|p1b: Clefable|Sitrus Berry|[eat]
|-heal|p1b: Clefable|71/100|[from] item: Sitrus Berry
|move|p1b: Clefable|Moonblast|p2a: Pelipper
|-damage|p2a: Pelipper|64/100
|
|-weather|RainDance|[upkeep]
|upkeep
|turn|2
|inactive|Caaammm0410 has 30 seconds left.
|inactive|That1Morpecko has 30 seconds left.
|
|t:|1783282771
|move|p1b: Clefable|Helping Hand|p1a: Basculegion
|-singleturn|p1a: Basculegion|Helping Hand|[of] p1b: Clefable
|move|p1a: Basculegion|Last Respects|p2b: Sinistcha
|-supereffective|p2b: Sinistcha|1
|-damage|p2b: Sinistcha|0 fnt
|faint|p2b: Sinistcha
|-damage|p1a: Basculegion|62/100|[from] item: Life Orb
|move|p2a: Pelipper|Weather Ball|p1b: Clefable
|-damage|p1b: Clefable|24/100
|
|-weather|RainDance|[upkeep]
|upkeep
|
|t:|1783282796
|switch|p2b: Archaludon|Archaludon, L50, F|100/100
|turn|3
|
|t:|1783282817
|move|p1a: Basculegion|Protect|p1a: Basculegion
|-singleturn|p1a: Basculegion|Protect
|move|p2b: Archaludon|Electro Shot||[still]
|-prepare|p2b: Archaludon|Electro Shot
|-boost|p2b: Archaludon|spa|1
|-anim|p2b: Archaludon|Electro Shot|p1a: Basculegion
|-activate|p1a: Basculegion|move: Protect
|move|p2a: Pelipper|Weather Ball|p1b: Clefable
|-damage|p1b: Clefable|0 fnt
|faint|p1b: Clefable
|
|-weather|RainDance|[upkeep]
|upkeep
|
|t:|1783282827
|switch|p1b: Sceptile|Sceptile, L50, F|100/100
|turn|4
|inactive|Caaammm0410 has 30 seconds left.
|inactive|That1Morpecko has 30 seconds left.
|inactive|Caaammm0410 has 20 seconds left.
|
|t:|1783282866
|detailschange|p1b: Sceptile|Sceptile-Mega, L50, F
|-mega|p1b: Sceptile|Sceptile|Sceptilite
|move|p1b: Sceptile|Earth Power|p2b: Archaludon
|-supereffective|p2b: Archaludon|1
|-damage|p2b: Archaludon|39/100
|-ability|p2b: Archaludon|Stamina|boost
|-boost|p2b: Archaludon|def|1
|move|p1a: Basculegion|Last Respects|p2b: Archaludon
|-damage|p2b: Archaludon|0 fnt
|faint|p2b: Archaludon
|-damage|p1a: Basculegion|53/100|[from] item: Life Orb
|move|p2a: Pelipper|Hurricane|p1b: Sceptile
|-supereffective|p1b: Sceptile|1
|-damage|p1b: Sceptile|0 fnt
|faint|p1b: Sceptile
|
|-weather|RainDance|[upkeep]
|upkeep
|
|t:|1783282889
|switch|p1b: Kingambit|Kingambit, L50, F|100/100
|switch|p2b: Swampert|Swampert, L50, F|100/100
|turn|5
|inactive|Caaammm0410 has 30 seconds left.
|
|t:|1783282921
|detailschange|p2b: Swampert|Swampert-Mega, L50, F
|-mega|p2b: Swampert|Swampert|Swampertite
|move|p1b: Kingambit|Sucker Punch|p2b: Swampert
|-damage|p2b: Swampert|64/100
|move|p2b: Swampert|Earthquake|p1a: Basculegion|[spread] p1a,p1b
|-immune|p2a: Pelipper
|-supereffective|p1b: Kingambit|1
|-damage|p1a: Basculegion|0 fnt
|-damage|p1b: Kingambit|27/100
|faint|p1a: Basculegion
|move|p2a: Pelipper|Hurricane|p1b: Kingambit
|-resisted|p1b: Kingambit|1
|-damage|p1b: Kingambit|5/100
|
|-weather|none
|upkeep
|turn|6
|
|t:|1783282943
|move|p1b: Kingambit|Sucker Punch|p2b: Swampert
|-damage|p2b: Swampert|26/100
|move|p2b: Swampert|Earthquake|p1b: Kingambit|[spread] p1b
|-immune|p2a: Pelipper
|-supereffective|p1b: Kingambit|1
|-damage|p1b: Kingambit|0 fnt
|faint|p1b: Kingambit
|
|win|That1Morpecko
||That1Morpecko is ready for game 3.
|inactive|Caaammm0410 has 30 seconds to confirm battle start!
||Caaammm0410 is ready for game 3.
|uhtml|next|Next: Game 3 of 3
