|j|☆defaultmii
|j|☆Lab01JNEST
|html|defaultmiiLab01JNEST    
|uhtml|bestof|Game 1 of a best-of-3
|t:|1757638968
|gametype|doubles
|player|p1|defaultmii|101|1135
|player|p2|Lab01JNEST|101|1193
|gen|9
|tier|[Gen 9] VGC 2025 Reg H (Bo3)
|rated|
|rule|Species Clause: Limit one of each Pokémon
|rule|Item Clause: Limit 1 of each item
|clearpoke
|poke|p1|Annihilape, L50, F|
|poke|p1|Kingambit, L50, F|
|poke|p1|Amoonguss, L50, F|
|poke|p1|Dragonite, L50, M|
|poke|p1|Incineroar, L50, M|
|poke|p1|Gholdengo, L50|
|poke|p2|Tyranitar, L50, M|
|poke|p2|Garchomp, L50, M|
|poke|p2|Sinistcha, L50|
|poke|p2|Dragonite, L50, F|
|poke|p2|Corviknight, L50, M|
|poke|p2|Volcarona, L50, F|
|teampreview|4
|showteam|p1|Annihilape||FocusSash|Defiant|CloseCombat,RageFist,Coaching,FinalGambit|||F|||50|,,,,,Grass]Kingambit||AssaultVest|Defiant|KowtowCleave,SuckerPunch,LowKick,IronHead|||F|||50|,,,,,Dark]Amoonguss||SitrusBerry|Regenerator|Spore,RagePowder,SludgeBomb,Protect|||F|||50|,,,,,Fire]Dragonite||LoadedDice|Multiscale|ScaleShot,ExtremeSpeed,Haze,Protect|||M|||50|,,,,,Fairy]Incineroar||SafetyGoggles|Intimidate|FlareBlitz,FakeOut,PartingShot,KnockOff|||M|||50|,,,,,Ghost]Gholdengo||LifeOrb|GoodasGold|MakeItRain,ShadowBall,NastyPlot,Protect||||||50|,,,,,Steel
|showteam|p2|Tyranitar||AssaultVest|SandStream|RockSlide,KnockOff,TeraBlast,LowKick|||M|||50|,,,,,Flying]Garchomp||LifeOrb|RoughSkin|Protect,DragonClaw,StompingTantrum,Earthquake|||M|||50|,,,,,Ground]Sinistcha||RockyHelmet|Hospitality|MatchaGotcha,LifeDew,TrickRoom,RagePowder||||||50|,,,,,Dark]Dragonite||ChoiceBand|InnerFocus|Outrage,ExtremeSpeed,IceSpinner,AerialAce|||F|||50|,,,,,Normal]Corviknight||SitrusBerry|MirrorArmor|Tailwind,BulkUp,Roost,BraveBird|||M|||50|,,,,,Dragon]Volcarona||Leftovers|FlameBody|FieryDance,GigaDrain,QuiverDance,Protect|||F|||50|,,,,,Dragon
|inactive|Battle timer is ON: inactive players will automatically lose when time's up. (requested by Lab01JNEST)
|inactive|defaultmii has 60 seconds left.
|inactive|defaultmii has 30 seconds left.
|inactive|defaultmii has 20 seconds left.
|inactive|defaultmii has 15 seconds left.
|inactive|defaultmii has 10 seconds left.
|
|t:|1757639049
|teamsize|p1|4
|teamsize|p2|4
|start
|switch|p1a: Incineroar|Incineroar, L50, M|100/100
|switch|p1b: Gholdengo|Gholdengo, L50|100/100
|switch|p2a: Sinistcha|Sinistcha, L50|100/100
|switch|p2b: Volcarona|Volcarona, L50, F|100/100
|-ability|p1a: Incineroar|Intimidate|boost
|-unboost|p2a: Sinistcha|atk|1
|-unboost|p2b: Volcarona|atk|1
|turn|1
|
|t:|1757639073
|switch|p2a: Tyranitar|Tyranitar, L50, M|100/100
|-weather|Sandstorm|[from] ability: Sand Stream|[of] p2a: Tyranitar
|move|p1a: Incineroar|Fake Out|p2b: Volcarona
|-damage|p2b: Volcarona|88/100
|cant|p2b: Volcarona|flinch
|move|p1b: Gholdengo|Shadow Ball|p2a: Tyranitar
|-resisted|p2a: Tyranitar
|-damage|p2a: Tyranitar|88/100
|-damage|p1b: Gholdengo|91/100|[from] item: Life Orb
|
|-weather|Sandstorm|[upkeep]
|-damage|p2b: Volcarona|82/100|[from] Sandstorm
|-heal|p2b: Volcarona|88/100|[from] item: Leftovers
|upkeep
|turn|2
|inactive|defaultmii has 30 seconds left.
|inactive|defaultmii has 20 seconds left.
|
|t:|1757639110
|switch|p1b: Kingambit|Kingambit, L50, F|100/100
|-terastallize|p2a: Tyranitar|Flying
|move|p2b: Volcarona|Fiery Dance|p1b: Kingambit
|-supereffective|p1b: Kingambit
|-damage|p1b: Kingambit|50/100
|-boost|p2b: Volcarona|spa|1
|move|p2a: Tyranitar|Rock Slide|p1a: Incineroar|[spread] p1a,p1b
|-supereffective|p1a: Incineroar
|-resisted|p1b: Kingambit
|-damage|p1a: Incineroar|38/100
|-damage|p1b: Kingambit|37/100
|cant|p1a: Incineroar|flinch
|
|-weather|Sandstorm|[upkeep]
|-damage|p2b: Volcarona|82/100|[from] Sandstorm
|-damage|p2a: Tyranitar|83/100|[from] Sandstorm
|-heal|p2b: Volcarona|88/100|[from] item: Leftovers
|upkeep
|turn|3
|inactive|defaultmii has 30 seconds left.
|
|t:|1757639141
|switch|p1a: Gholdengo|Gholdengo, L50|91/100
|-terastallize|p1b: Kingambit|Dark
|move|p2b: Volcarona|Fiery Dance|p1b: Kingambit
|-damage|p1b: Kingambit|0 fnt
|faint|p1b: Kingambit
|move|p2a: Tyranitar|Rock Slide|p1a: Gholdengo
|-resisted|p1a: Gholdengo
|-damage|p1a: Gholdengo|66/100
|
|-weather|Sandstorm|[upkeep]
|-damage|p2b: Volcarona|82/100|[from] Sandstorm
|-damage|p2a: Tyranitar|77/100|[from] Sandstorm
|-heal|p2b: Volcarona|88/100|[from] item: Leftovers
|upkeep
|
|t:|1757639155
|switch|p1b: Incineroar|Incineroar, L50, M|38/100
|-ability|p1b: Incineroar|Intimidate|boost
|-unboost|p2a: Tyranitar|atk|1
|-unboost|p2b: Volcarona|atk|1
|turn|4
|
|t:|1757639170
|switch|p2a: Sinistcha|Sinistcha, L50|100/100
|-heal|p2b: Volcarona|100/100|[from] ability: Hospitality|[of] p2a: Sinistcha
|move|p2b: Volcarona|Protect|p2b: Volcarona
|-singleturn|p2b: Volcarona|Protect
|move|p1b: Incineroar|Fake Out|p2b: Volcarona
|-activate|p2b: Volcarona|move: Protect
|move|p1a: Gholdengo|Make It Rain|p2a: Sinistcha|[spread] p2a
|-activate|p2b: Volcarona|move: Protect
|-damage|p2a: Sinistcha|44/100
|-unboost|p1a: Gholdengo|spa|1
|-damage|p1a: Gholdengo|56/100|[from] item: Life Orb
|
|-weather|Sandstorm|[upkeep]
|-damage|p2b: Volcarona|94/100|[from] Sandstorm
|-damage|p2a: Sinistcha|38/100|[from] Sandstorm
|-heal|p2b: Volcarona|100/100|[from] item: Leftovers
|upkeep
|turn|5
|
|t:|1757639191
|switch|p1a: Annihilape|Annihilape, L50, F|100/100
|move|p2b: Volcarona|Fiery Dance|p1b: Incineroar
|-resisted|p1b: Incineroar
|-damage|p1b: Incineroar|16/100
|-boost|p2b: Volcarona|spa|1
|move|p1b: Incineroar|Flare Blitz|p2a: Sinistcha
|-supereffective|p2a: Sinistcha
|-damage|p2a: Sinistcha|0 fnt
|-damage|p1b: Incineroar|0 fnt|[from] item: Rocky Helmet|[of] p2a: Sinistcha
|faint|p2a: Sinistcha
|faint|p1b: Incineroar
|
|-weather|none
|upkeep
|
|t:|1757639204
|switch|p1b: Gholdengo|Gholdengo, L50|56/100
|switch|p2a: Tyranitar|Tyranitar, L50, M, tera:Flying|77/100
|-weather|Sandstorm|[from] ability: Sand Stream|[of] p2a: Tyranitar
|turn|6
|
|t:|1757639222
|move|p2b: Volcarona|Protect|p2b: Volcarona
|-singleturn|p2b: Volcarona|Protect
|move|p1b: Gholdengo|Protect|p1b: Gholdengo
|-singleturn|p1b: Gholdengo|Protect
|move|p1a: Annihilape|Rage Fist|p2b: Volcarona
|-activate|p2b: Volcarona|move: Protect
|move|p2a: Tyranitar|Tera Blast|p1a: Annihilape|[anim] Tera Blast Flying
|-supereffective|p1a: Annihilape
|-damage|p1a: Annihilape|3/100
|
|-weather|Sandstorm|[upkeep]
|-damage|p1a: Annihilape|0 fnt|[from] Sandstorm
|-damage|p2b: Volcarona|94/100|[from] Sandstorm
|-damage|p2a: Tyranitar|71/100|[from] Sandstorm
|faint|p1a: Annihilape
|-heal|p2b: Volcarona|100/100|[from] item: Leftovers
|upkeep
|turn|7
|-message|defaultmii forfeited.
|
|win|Lab01JNEST
|l|☆defaultmii
|player|p1|
