|j|☆Luzeleah
|j|☆magicalarcher57
|html|Luzeleahmagicalarcher57    
|uhtml|bestof|Game 1 of a best-of-3
|t:|1756304171
|gametype|doubles
|player|p1|Luzeleah|lacey|
|player|p2|magicalarcher57|cynthia|
|gen|9
|tier|[Gen 9] VGC 2025 Reg H (Bo3)
|rule|Species Clause: Limit one of each Pokémon
|rule|Item Clause: Limit 1 of each item
|clearpoke
|poke|p1|Spewpa, L50, F|
|poke|p1|Dragonite, L50, F|
|poke|p1|Incineroar, L50, F|
|poke|p1|Ursaluna-Bloodmoon, L50, M|
|poke|p1|Amoonguss, L50, F|
|poke|p1|Gholdengo, L50|
|poke|p2|Gholdengo, L50|
|poke|p2|Garchomp, L50, M|
|poke|p2|Talonflame, L50, M|
|poke|p2|Rillaboom, L50, F|
|poke|p2|Primarina, L50, M|
|poke|p2|Amoonguss, L50, M|
|teampreview|4
|showteam|p1|Spewpa||Eviolite|FriendGuard|StruggleBug,RagePowder,StringShot,Protect|||F|||50|,,,,,Dark]Dragonite||LoadedDice|Multiscale|ScaleShot,ExtremeSpeed,Tailwind,Protect|||F|||50|,,,,,Fairy]Incineroar||SafetyGoggles|Intimidate|FakeOut,FlareBlitz,KnockOff,PartingShot|||F|||50|,,,,,Bug]Ursaluna-Bloodmoon||AssaultVest|MindsEye|HyperVoice,BloodMoon,EarthPower,VacuumWave|||M|||50|,,,,,Normal]Amoonguss||RockyHelmet|Regenerator|PollenPuff,ClearSmog,Spore,RagePowder|||F|||50|,,,,,Water]Gholdengo||LifeOrb|GoodasGold|MakeItRain,ShadowBall,NastyPlot,Protect||||||50|,,,,,Water
|showteam|p2|Gholdengo||ChoiceSpecs|GoodasGold|MakeItRain,PowerGem,ShadowBall,Trick||||||50|,,,,,Steel]Garchomp||LifeOrb|RoughSkin|Earthquake,StompingTantrum,Protect,DragonClaw|||M|||50|,,,,,Steel]Talonflame||CovertCloak|GaleWings|Tailwind,Taunt,BraveBird,WillOWisp|||M|||50|,,,,,Grass]Rillaboom||AssaultVest|GrassySurge|FakeOut,HighHorsepower,WoodHammer,GrassyGlide|||F|||50|,,,,,Fire]Primarina||ThroatSpray|LiquidVoice|Haze,HyperVoice,Moonblast,Protect|||M|||50|,,,,,Poison]Amoonguss||SitrusBerry|Regenerator|Spore,RagePowder,PollenPuff,Protect|||M|||50|,,,,,Water
|c|☆Luzeleah|glhf!
|c|☆magicalarcher57|glhf
|
|t:|1756304224
|teamsize|p1|4
|teamsize|p2|4
|start
|switch|p1a: Incineroar|Incineroar, L50, F|100/100
|switch|p1b: Gholdengo|Gholdengo, L50|100/100
|switch|p2a: Polyphemus|Rillaboom, L50, F|100/100
|switch|p2b: Sirens|Primarina, L50, M|100/100
|-fieldstart|move: Grassy Terrain|[from] ability: Grassy Surge|[of] p2a: Polyphemus
|-ability|p1a: Incineroar|Intimidate|boost
|-unboost|p2a: Polyphemus|atk|1
|-unboost|p2b: Sirens|atk|1
|turn|1
|
|t:|1756304265
|switch|p1a: Amoonguss|Amoonguss, L50, F|100/100
|-terastallize|p2a: Polyphemus|Fire
|move|p1b: Gholdengo|Nasty Plot|p1b: Gholdengo
|-boost|p1b: Gholdengo|spa|2
|move|p2a: Polyphemus|High Horsepower|p1b: Gholdengo
|-supereffective|p1b: Gholdengo
|-damage|p1b: Gholdengo|51/100
|move|p2b: Sirens|Hyper Voice|p1b: Gholdengo|[spread] p1a,p1b
|-resisted|p1a: Amoonguss
|-damage|p1a: Amoonguss|89/100
|-damage|p1b: Gholdengo|19/100
|-enditem|p2b: Sirens|Throat Spray
|-boost|p2b: Sirens|spa|1|[from] item: Throat Spray
|
|-heal|p1b: Gholdengo|25/100|[from] Grassy Terrain
|-heal|p1a: Amoonguss|95/100|[from] Grassy Terrain
|upkeep
|turn|2
|
|t:|1756304300
|move|p1b: Gholdengo|Protect|p1b: Gholdengo
|-singleturn|p1b: Gholdengo|Protect
|move|p2b: Sirens|Protect|p2b: Sirens
|-singleturn|p2b: Sirens|Protect
|move|p2a: Polyphemus|High Horsepower|p1a: Amoonguss
|-damage|p1a: Amoonguss|75/100
|-damage|p2a: Polyphemus|84/100|[from] item: Rocky Helmet|[of] p1a: Amoonguss
|move|p1a: Amoonguss|Spore|p2b: Sirens
|-activate|p2b: Sirens|move: Protect
|
|-heal|p1b: Gholdengo|31/100|[from] Grassy Terrain
|-heal|p2a: Polyphemus|90/100|[from] Grassy Terrain
|-heal|p1a: Amoonguss|81/100|[from] Grassy Terrain
|upkeep
|turn|3
|
|t:|1756304327
|move|p1a: Amoonguss|Rage Powder|p1a: Amoonguss
|-singleturn|p1a: Amoonguss|move: Rage Powder
|move|p1b: Gholdengo|Make It Rain|p2b: Sirens|[spread] p2a,p2b
|-resisted|p2a: Polyphemus
|-damage|p2a: Polyphemus|44/100
|-damage|p2b: Sirens|0 fnt
|-unboost|p1b: Gholdengo|spa|1
|faint|p2b: Sirens
|-damage|p1b: Gholdengo|21/100|[from] item: Life Orb
|move|p2a: Polyphemus|High Horsepower|p1a: Amoonguss
|-damage|p1a: Amoonguss|62/100
|-damage|p2a: Polyphemus|28/100|[from] item: Rocky Helmet|[of] p1a: Amoonguss
|
|-heal|p1b: Gholdengo|27/100|[from] Grassy Terrain
|-heal|p2a: Polyphemus|34/100|[from] Grassy Terrain
|-heal|p1a: Amoonguss|68/100|[from] Grassy Terrain
|upkeep
|
|t:|1756304340
|switch|p2b: Athena|Garchomp, L50, M|100/100
|turn|4
|
|t:|1756304355
|switch|p1a: Incineroar|Incineroar, L50, F|100/100
|-ability|p1a: Incineroar|Intimidate|boost
|-unboost|p2a: Polyphemus|atk|1
|-unboost|p2b: Athena|atk|1
|move|p1b: Gholdengo|Protect|p1b: Gholdengo
|-singleturn|p1b: Gholdengo|Protect
|move|p2b: Athena|Dragon Claw|p1a: Incineroar
|-damage|p1a: Incineroar|71/100
|-damage|p2b: Athena|91/100|[from] item: Life Orb
|move|p2a: Polyphemus|High Horsepower|p1b: Gholdengo
|-activate|p1b: Gholdengo|move: Protect
|
|-heal|p2b: Athena|97/100|[from] Grassy Terrain
|-heal|p1b: Gholdengo|33/100|[from] Grassy Terrain
|-heal|p2a: Polyphemus|39/100|[from] Grassy Terrain
|-heal|p1a: Incineroar|77/100|[from] Grassy Terrain
|upkeep
|turn|5
|
|t:|1756304381
|move|p2b: Athena|Protect|p2b: Athena
|-singleturn|p2b: Athena|Protect
|move|p1a: Incineroar|Fake Out|p2b: Athena
|-activate|p2b: Athena|move: Protect
|move|p1b: Gholdengo|Shadow Ball|p2a: Polyphemus
|-damage|p2a: Polyphemus|0 fnt
|faint|p2a: Polyphemus
|-damage|p1b: Gholdengo|24/100|[from] item: Life Orb
|
|-heal|p2b: Athena|100/100|[from] Grassy Terrain
|-heal|p1b: Gholdengo|30/100|[from] Grassy Terrain
|-heal|p1a: Incineroar|83/100|[from] Grassy Terrain
|-fieldend|move: Grassy Terrain
|upkeep
|
|t:|1756304392
|switch|p2a: Penelope|Gholdengo, L50|100/100
|turn|6
|
|t:|1756304418
|move|p2b: Athena|Stomping Tantrum|p1a: Incineroar
|-supereffective|p1a: Incineroar
|-damage|p1a: Incineroar|28/100
|-damage|p2b: Athena|91/100|[from] item: Life Orb
|move|p1b: Gholdengo|Shadow Ball|p2a: Penelope
|-supereffective|p2a: Penelope
|-damage|p2a: Penelope|0 fnt
|faint|p2a: Penelope
|-damage|p1b: Gholdengo|20/100|[from] item: Life Orb
|move|p1a: Incineroar|Parting Shot|p2b: Athena
|-unboost|p2b: Athena|atk|1
|-unboost|p2b: Athena|spa|1
|-message|magicalarcher57 forfeited.
|
|win|Luzeleah
|l|☆magicalarcher57
|player|p2|
||Luzeleah is ready for game 2.
||magicalarcher57 is ready for game 2.
|uhtml|next|Next: Game 2 of 3
