|j|☆FrancoilCieco777
|j|☆Bruthathechosen
|html|FrancoilCieco777Bruthathechosen    
|uhtml|bestof|Game 1 of a best-of-3
|t:|1757002657
|gametype|doubles
|player|p1|FrancoilCieco777|baker|1116
|player|p2|Bruthathechosen|lady-gen4|1140
|gen|9
|tier|[Gen 9] VGC 2025 Reg H (Bo3)
|rated|
|rule|Species Clause: Limit one of each Pokémon
|rule|Item Clause: Limit 1 of each item
|clearpoke
|poke|p1|Volcarona, L50, M|
|poke|p1|Electabuzz, L50, F|
|poke|p1|Sneasler, L50, M|
|poke|p1|Kingambit, L50, M|
|poke|p1|Dragonite, L50, M|
|poke|p1|Rillaboom, L50, F|
|poke|p2|Kingambit, L50, F|
|poke|p2|Rillaboom, L50, M|
|poke|p2|Hydreigon, L50, M|
|poke|p2|Sneasler, L50, F|
|poke|p2|Electabuzz, L50, F|
|poke|p2|Volcarona, L50, F|
|teampreview|4
|showteam|p1|Volcarona||CovertCloak|FlameBody|HeatWave,TeraBlast,QuiverDance,Protect|||M|||50|,,,,,Fairy]Electabuzz||Eviolite|VitalSpirit|Thunderbolt,FollowMe,Taunt,Protect|||F|||50|,,,,,Ghost]Sneasler||FocusSash|Unburden|FakeOut,CloseCombat,DireClaw,Coaching|||M|||50|,,,,,Stellar]Kingambit||BlackGlasses|Defiant|KowtowCleave,SuckerPunch,SwordsDance,Protect|||M|||50|,,,,,Dark]Dragonite||LoadedDice|Multiscale|ScaleShot,ExtremeSpeed,Haze,Protect|||M|||50|,,,,,Normal]Rillaboom||AssaultVest|GrassySurge|WoodHammer,GrassyGlide,HighHorsepower,FakeOut|||F|||50|,,,,,Fire
|showteam|p2|Kingambit||BlackGlasses|Defiant|SuckerPunch,KowtowCleave,SwordsDance,Protect|||F|||50|,,,,,Dark]Rillaboom||AssaultVest|GrassySurge|FakeOut,GrassyGlide,HighHorsepower,Uturn|||M|||50|,,,,,Water]Hydreigon||ChoiceSpecs|Levitate|DarkPulse,DracoMeteor,Snarl,Uturn|||M|||50|,,,,,Ghost]Sneasler||GrassySeed|Unburden|FakeOut,CloseCombat,DireClaw,Protect|||F|||50|,,,,,Fighting]Electabuzz||Eviolite|VitalSpirit|Taunt,Thunderbolt,FollowMe,Protect|||F|||50|,,,,,Dragon]Volcarona||CovertCloak|FlameBody|QuiverDance,HeatWave,TeraBlast,Protect|||F|||50|,,,,,Fairy
|inactive|Battle timer is ON: inactive players will automatically lose when time's up. (requested by FrancoilCieco777)
|inactive|FrancoilCieco777 has 60 seconds left.
|inactive|Bruthathechosen has 60 seconds left.
|
|t:|1757002698
|teamsize|p1|4
|teamsize|p2|4
|start
|switch|p1a: Sneasler|Sneasler, L50, M|100/100
|switch|p1b: Volcarona|Volcarona, L50, M|100/100
|switch|p2a: Hydreigon|Hydreigon, L50, M|100/100
|switch|p2b: Sneasler|Sneasler, L50, F|100/100
|turn|1
|
|t:|1757002715
|-terastallize|p2a: Hydreigon|Ghost
|move|p2b: Sneasler|Fake Out|p1a: Sneasler
|-damage|p1a: Sneasler|75/100
|cant|p1a: Sneasler|flinch
|move|p2a: Hydreigon|Draco Meteor|p1b: Volcarona
|-damage|p1b: Volcarona|16/100
|-unboost|p2a: Hydreigon|spa|2
|move|p1b: Volcarona|Quiver Dance|p1b: Volcarona
|-boost|p1b: Volcarona|spa|1
|-boost|p1b: Volcarona|spd|1
|-boost|p1b: Volcarona|spe|1
|
|upkeep
|turn|2
|inactive|FrancoilCieco777 has 30 seconds left.
|
|t:|1757002743
|switch|p2a: Rillaboom|Rillaboom, L50, M|100/100
|-fieldstart|move: Grassy Terrain|[from] ability: Grassy Surge|[of] p2a: Rillaboom
|-enditem|p2b: Sneasler|Grassy Seed
|-boost|p2b: Sneasler|def|1|[from] item: Grassy Seed
|move|p2b: Sneasler|Dire Claw|p1b: Volcarona
|-damage|p1b: Volcarona|0 fnt
|faint|p1b: Volcarona
|move|p1a: Sneasler|Coaching|p1: Volcarona|[notarget]
|-fail|p1a: Sneasler
|
|-heal|p1a: Sneasler|80/100|[from] Grassy Terrain
|upkeep
|
|t:|1757002755
|switch|p1b: Dragonite|Dragonite, L50, M, shiny|100/100
|turn|3
|
|t:|1757002764
|move|p2a: Rillaboom|Fake Out|p1a: Sneasler
|-damage|p1a: Sneasler|57/100
|move|p2b: Sneasler|Dire Claw|p1b: Dragonite
|-damage|p1b: Dragonite|74/100
|cant|p1a: Sneasler|flinch
|move|p1b: Dragonite|Scale Shot|p2b: Sneasler
|-damage|p2b: Sneasler|86/100
|-damage|p2b: Sneasler|71/100
|-damage|p2b: Sneasler|55/100
|-damage|p2b: Sneasler|39/100
|-damage|p2b: Sneasler|25/100
|-hitcount|p2b: Sneasler|5
|-unboost|p1b: Dragonite|def|1
|-boost|p1b: Dragonite|spe|1
|
|-heal|p2b: Sneasler|31/100|[from] Grassy Terrain
|-heal|p1a: Sneasler|62/100|[from] Grassy Terrain
|upkeep
|turn|4
|inactive|Bruthathechosen has 30 seconds left.
|inactive|Bruthathechosen has 20 seconds left.
|inactive|Bruthathechosen has 15 seconds left.
|inactive|FrancoilCieco777 has 30 seconds left.
|inactive|Bruthathechosen has 10 seconds left.
|
|t:|1757002811
|switch|p2a: Kingambit|Kingambit, L50, F|100/100
|-terastallize|p1b: Dragonite|Normal
|move|p2b: Sneasler|Protect|p2b: Sneasler
|-singleturn|p2b: Sneasler|Protect
|move|p1b: Dragonite|Extreme Speed|p2b: Sneasler
|-activate|p2b: Sneasler|move: Protect
|move|p1a: Sneasler|Dire Claw|p2a: Kingambit
|-immune|p2a: Kingambit
|
|-heal|p2b: Sneasler|36/100|[from] Grassy Terrain
|-heal|p1b: Dragonite|80/100|[from] Grassy Terrain
|-heal|p1a: Sneasler|68/100|[from] Grassy Terrain
|upkeep
|turn|5
|inactive|Bruthathechosen has 30 seconds left.
|inactive|Bruthathechosen has 20 seconds left.
|inactive|Bruthathechosen has 15 seconds left.
|
|t:|1757002856
|switch|p2a: Hydreigon|Hydreigon, L50, M, tera:Ghost|100/100
|move|p1b: Dragonite|Extreme Speed|p2b: Sneasler
|-damage|p2b: Sneasler|0 fnt
|faint|p2b: Sneasler
|move|p1a: Sneasler|Close Combat|p2a: Hydreigon
|-immune|p2a: Hydreigon
|
|-heal|p1b: Dragonite|86/100|[from] Grassy Terrain
|-heal|p1a: Sneasler|74/100|[from] Grassy Terrain
|upkeep
|
|t:|1757002866
|switch|p2b: Rillaboom|Rillaboom, L50, M|100/100
|turn|6
|
|t:|1757002877
|switch|p1a: Kingambit|Kingambit, L50, M, shiny|100/100
|move|p1b: Dragonite|Protect|p1b: Dragonite
|-singleturn|p1b: Dragonite|Protect
|move|p2b: Rillaboom|Fake Out|p1a: Kingambit
|-resisted|p1a: Kingambit
|-damage|p1a: Kingambit|96/100
|move|p2a: Hydreigon|Draco Meteor|p1a: Kingambit
|-resisted|p1a: Kingambit
|-damage|p1a: Kingambit|48/100
|-unboost|p2a: Hydreigon|spa|2
|
|-heal|p1b: Dragonite|92/100|[from] Grassy Terrain
|-heal|p1a: Kingambit|54/100|[from] Grassy Terrain
|-fieldend|move: Grassy Terrain
|upkeep
|turn|7
|inactive|FrancoilCieco777 has 30 seconds left.
|
|t:|1757002904
|switch|p2a: Kingambit|Kingambit, L50, F|100/100
|move|p1a: Kingambit|Protect|p1a: Kingambit
|-singleturn|p1a: Kingambit|Protect
|move|p1b: Dragonite|Scale Shot|p2b: Rillaboom
|-crit|p2b: Rillaboom
|-damage|p2b: Rillaboom|82/100
|-damage|p2b: Rillaboom|68/100
|-damage|p2b: Rillaboom|56/100
|-damage|p2b: Rillaboom|43/100
|-hitcount|p2b: Rillaboom|4
|-unboost|p1b: Dragonite|def|1
|-boost|p1b: Dragonite|spe|1
|move|p2b: Rillaboom|High Horsepower|p1a: Kingambit
|-activate|p1a: Kingambit|move: Protect
|
|upkeep
|turn|8
|inactive|FrancoilCieco777 has 30 seconds left.
|inactive|Bruthathechosen has 30 seconds left.
|
|t:|1757002934
|move|p1b: Dragonite|Extreme Speed|p2b: Rillaboom
|-damage|p2b: Rillaboom|4/100
|move|p1a: Kingambit|Sucker Punch|p2b: Rillaboom
|-crit|p2b: Rillaboom
|-damage|p2b: Rillaboom|0 fnt
|faint|p2b: Rillaboom
|move|p2a: Kingambit|Kowtow Cleave|p1b: Dragonite
|-damage|p1b: Dragonite|0 fnt
|faint|p1b: Dragonite
|
|upkeep
|
|t:|1757002945
|switch|p1b: Sneasler|Sneasler, L50, M|74/100
|switch|p2b: Hydreigon|Hydreigon, L50, M, tera:Ghost|100/100
|turn|9
|
|t:|1757002969
|move|p1a: Kingambit|Sucker Punch|p2b: Hydreigon
|-supereffective|p2b: Hydreigon
|-damage|p2b: Hydreigon|0 fnt
|faint|p2b: Hydreigon
|move|p1b: Sneasler|Close Combat|p2a: Kingambit
|-supereffective|p2a: Kingambit
|-damage|p2a: Kingambit|0 fnt
|-unboost|p1b: Sneasler|def|1
|-unboost|p1b: Sneasler|spd|1
|faint|p2a: Kingambit
|
|win|FrancoilCieco777
||Bruthathechosen is ready for game 2.
||FrancoilCieco777 is ready for game 2.
|uhtml|next|Next: Game 2 of 3
