|j|☆Mclovingods
|j|☆mimomomomu
|html|Mclovingodsmimomomomu    
|uhtml|bestof|Game 2 of a best-of-3
|t:|1782334922
|gametype|doubles
|player|p1|Mclovingods|102|1069
|player|p2|mimomomomu|nate|1069
|gen|9
|tier|[Gen 9 Champions] VGC 2026 Reg M-B (Bo3)
|rated|
|rule|Species Clause: Limit one of each Pokémon
|rule|Item Clause: Limit 1 of each item
|clearpoke
|poke|p1|Delphox, L50, M|
|poke|p1|Basculegion, L50, M|
|poke|p1|Sinistcha, L50|
|poke|p1|Incineroar, L50, M|
|poke|p1|Garchomp, L50, F|
|poke|p1|Staraptor, L50, F|
|poke|p2|Dragalge, L50, F|
|poke|p2|Grimmsnarl, L50, M|
|poke|p2|Incineroar, L50, F|
|poke|p2|Sinistcha, L50|
|poke|p2|Eelektross, L50, M|
|poke|p2|Hydreigon, L50, F|
|teampreview|4
|showteam|p1|Delphox||Delphoxite|Blaze|NastyPlot,HeatWave,Psychic,Protect|Timid||M|||50|]Basculegion||MysticWater|Adaptability|WaveCrash,AquaJet,LastRespects,Protect|Jolly||M|||50|]Sinistcha||CobaBerry|Hospitality|MatchaGotcha,RagePowder,LifeDew,TrickRoom|Calm|||||50|]Incineroar||SitrusBerry|Intimidate|FakeOut,PartingShot,FlareBlitz,DarkestLariat|Careful||M|||50|]Garchomp||LifeOrb|RoughSkin|Earthquake,DragonClaw,RockSlide,Protect|Jolly||F|||50|]Staraptor||Staraptite|Intimidate|CloseCombat,BraveBird,Protect,Roost|Jolly||F|||50|
|showteam|p2|Dragalge||Dragalgite|Adaptability|DracoMeteor,SludgeBomb,Protect,Haze|Modest||F|||50|]Grimmsnarl||LightClay|Prankster|SpiritBreak,PartingShot,LightScreen,Reflect|Careful||M|||50|]Incineroar||SitrusBerry|Intimidate|FlareBlitz,ThroatChop,PartingShot,FakeOut|Careful||F|||50|]Sinistcha||CobaBerry|Hospitality|MatchaGotcha,LifeDew,RagePowder,TrickRoom|Sassy|||||50|]Eelektross||Eelektrossite|Levitate|Thunderbolt,Discharge,GigaDrain,Protect|Modest||M|||50|]Hydreigon||FocusSash|Levitate|DracoMeteor,Snarl,EarthPower,Protect|Timid||F|||50|
|
|t:|1782334941
|teamsize|p1|4
|teamsize|p2|4
|start
|switch|p1a: Delphox|Delphox, L50, M|100/100
|switch|p1b: Sinistcha|Sinistcha, L50|100/100
|switch|p2a: Sinistcha|Sinistcha, L50|100/100
|switch|p2b: Grimmsnarl|Grimmsnarl, L50, M|100/100
|turn|1
|
|t:|1782334956
|switch|p1b: Incineroar|Incineroar, L50, M|100/100
|-ability|p1b: Incineroar|Intimidate|boost
|-unboost|p2a: Sinistcha|atk|1
|-unboost|p2b: Grimmsnarl|atk|1
|detailschange|p1a: Delphox|Delphox-Mega, L50, M
|-mega|p1a: Delphox|Delphox|Delphoxite
|move|p2b: Grimmsnarl|Parting Shot|p1a: Delphox
|-unboost|p1a: Delphox|atk|1
|-unboost|p1a: Delphox|spa|1
|
|t:|1782334972
|switch|p2b: Incineroar|Incineroar, L50, F|100/100|[from] Parting Shot
|-ability|p2b: Incineroar|Intimidate|boost
|-unboost|p1a: Delphox|atk|1
|-unboost|p1b: Incineroar|atk|1
|move|p1a: Delphox|Nasty Plot|p1a: Delphox
|-boost|p1a: Delphox|spa|2
|move|p2a: Sinistcha|Trick Room|p2a: Sinistcha
|-fieldstart|move: Trick Room|[of] p2a: Sinistcha
|
|upkeep
|turn|2
|
|t:|1782335017
|switch|p1b: Staraptor|Staraptor, L50, F|100/100
|-ability|p1b: Staraptor|Intimidate|boost
|-unboost|p2a: Sinistcha|atk|1
|-unboost|p2b: Incineroar|atk|1
|switch|p2a: Dragalge|Dragalge, L50, F|100/100
|move|p1a: Delphox|Protect|p1a: Delphox
|-singleturn|p1a: Delphox|Protect
|move|p2b: Incineroar|Fake Out|p1a: Delphox
|-activate|p1a: Delphox|move: Protect
|
|upkeep
|turn|3
|
|t:|1782335069
|switch|p1a: Incineroar|Incineroar, L50, M|100/100
|-ability|p1a: Incineroar|Intimidate|boost
|-unboost|p2a: Dragalge|atk|1
|-unboost|p2b: Incineroar|atk|1
|move|p2a: Dragalge|Sludge Bomb|p1a: Incineroar
|-damage|p1a: Incineroar|60/100
|-status|p1a: Incineroar|psn
|move|p2b: Incineroar|Throat Chop|p1a: Incineroar
|-resisted|p1a: Incineroar|1
|-damage|p1a: Incineroar|53/100 psn
|-start|p1a: Incineroar|Throat Chop|[silent]
|move|p1b: Staraptor|Brave Bird|p2a: Dragalge
|-damage|p2a: Dragalge|38/100
|-damage|p1b: Staraptor|78/100|[from] Recoil
|
|-damage|p1a: Incineroar|41/100 psn|[from] psn
|upkeep
|-enditem|p1a: Incineroar|Sitrus Berry|[eat]
|-heal|p1a: Incineroar|65/100 psn|[from] item: Sitrus Berry
|turn|4
|
|t:|1782335097
|switch|p2b: Sinistcha|Sinistcha, L50|100/100
|-heal|p2a: Dragalge|63/100|[from] ability: Hospitality|[of] p2b: Sinistcha
|detailschange|p2a: Dragalge|Dragalge-Mega, L50, F
|-mega|p2a: Dragalge|Dragalge|Dragalgite
|move|p2a: Dragalge|Protect|p2a: Dragalge
|-singleturn|p2a: Dragalge|Protect
|move|p1a: Incineroar|Fake Out|p2a: Dragalge
|-activate|p2a: Dragalge|move: Protect
|move|p1b: Staraptor|Close Combat|p2b: Sinistcha
|-immune|p2b: Sinistcha
|
|-damage|p1a: Incineroar|53/100 psn|[from] psn
|-end|p1a: Incineroar|Throat Chop|[silent]
|upkeep
|turn|5
|
|t:|1782335132
|move|p2a: Dragalge|Draco Meteor|p1b: Staraptor
|-damage|p1b: Staraptor|0 fnt
|-unboost|p2a: Dragalge|spa|2
|faint|p1b: Staraptor
|move|p1a: Incineroar|Flare Blitz|p2b: Sinistcha
|-supereffective|p2b: Sinistcha|1
|-damage|p2b: Sinistcha|21/100
|-damage|p1a: Incineroar|30/100 psn|[from] Recoil
|move|p2b: Sinistcha|Life Dew|p2b: Sinistcha|[spread] p2a,p2b
|-heal|p2a: Dragalge|88/100
|-heal|p2b: Sinistcha|46/100
|
|-damage|p1a: Incineroar|18/100 psn|[from] psn
|-fieldend|move: Trick Room
|upkeep
|
|t:|1782335141
|switch|p1b: Delphox|Delphox-Mega, L50, M|100/100
|turn|6
|
|t:|1782335163
|switch|p2b: Incineroar|Incineroar, L50, F|100/100
|-ability|p2b: Incineroar|Intimidate|boost
|-unboost|p1a: Incineroar|atk|1
|-unboost|p1b: Delphox|atk|1
|-heal|p2a: Dragalge|100/100|[from] ability: Regenerator|[silent]
|switch|p2a: Grimmsnarl|Grimmsnarl, L50, M|100/100
|move|p1b: Delphox|Heat Wave|p2a: Grimmsnarl|[spread] p2a,p2b
|-resisted|p2b: Incineroar|1
|-damage|p2a: Grimmsnarl|64/100
|-damage|p2b: Incineroar|81/100
|move|p1a: Incineroar|Flare Blitz|p2b: Incineroar
|-resisted|p2b: Incineroar|1
|-damage|p2b: Incineroar|67/100
|-damage|p1a: Incineroar|13/100 psn|[from] Recoil
|
|-damage|p1a: Incineroar|1/100 psn|[from] psn
|upkeep
|turn|7
|
|t:|1782335188
|switch|p1a: Sinistcha|Sinistcha, L50|100/100
|move|p1b: Delphox|Protect|p1b: Delphox
|-singleturn|p1b: Delphox|Protect
|move|p2b: Incineroar|Fake Out|p1b: Delphox
|-activate|p1b: Delphox|move: Protect
|move|p2a: Grimmsnarl|Light Screen|p2a: Grimmsnarl
|-sidestart|p2: mimomomomu|move: Light Screen
|
|upkeep
|turn|8
|
|t:|1782335213
|move|p1a: Sinistcha|Rage Powder|p1a: Sinistcha
|-singleturn|p1a: Sinistcha|move: Rage Powder
|move|p2a: Grimmsnarl|Parting Shot|p1a: Sinistcha
|-unboost|p1a: Sinistcha|atk|1
|-unboost|p1a: Sinistcha|spa|1
|
|t:|1782335223
|switch|p2a: Dragalge|Dragalge-Mega, L50, F|100/100|[from] Parting Shot
|move|p1b: Delphox|Nasty Plot|p1b: Delphox
|-boost|p1b: Delphox|spa|2
|move|p2b: Incineroar|Flare Blitz|p1a: Sinistcha
|-supereffective|p1a: Sinistcha|1
|-damage|p1a: Sinistcha|7/100
|-damage|p2b: Incineroar|41/100|[from] Recoil
|-enditem|p2b: Incineroar|Sitrus Berry|[eat]
|-heal|p2b: Incineroar|65/100|[from] item: Sitrus Berry
|
|upkeep
|turn|9
|
|t:|1782335248
|switch|p2a: Grimmsnarl|Grimmsnarl, L50, M|64/100
|move|p1b: Delphox|Protect|p1b: Delphox
|-singleturn|p1b: Delphox|Protect
|move|p2b: Incineroar|Parting Shot|p1b: Delphox
|-activate|p1b: Delphox|move: Protect
|move|p1a: Sinistcha|Life Dew||[still]|[spread] p1a,p1b
|-heal|p1a: Sinistcha|32/100
|-fail|p1b: Delphox|heal
|
|upkeep
|turn|10
|
|t:|1782335269
|move|p1a: Sinistcha|Rage Powder|p1a: Sinistcha
|-singleturn|p1a: Sinistcha|move: Rage Powder
|move|p2a: Grimmsnarl|Parting Shot|p1a: Sinistcha
|-unboost|p1a: Sinistcha|atk|1
|-unboost|p1a: Sinistcha|spa|1
|
|t:|1782335276
|switch|p2a: Dragalge|Dragalge-Mega, L50, F|100/100|[from] Parting Shot
|move|p1b: Delphox|Heat Wave|p2a: Dragalge|[spread] p2a,p2b
|-resisted|p2a: Dragalge|1
|-resisted|p2b: Incineroar|1
|-damage|p2a: Dragalge|79/100
|-damage|p2b: Incineroar|45/100
|move|p2b: Incineroar|Throat Chop|p1a: Sinistcha
|-supereffective|p1a: Sinistcha|1
|-damage|p1a: Sinistcha|0 fnt
|faint|p1a: Sinistcha
|
|upkeep
|
|t:|1782335283
|switch|p1a: Incineroar|Incineroar, L50, M|1/100 psn
|-ability|p1a: Incineroar|Intimidate|boost
|-unboost|p2a: Dragalge|atk|1
|-unboost|p2b: Incineroar|atk|1
|turn|11
|
|t:|1782335302
|switch|p2b: Grimmsnarl|Grimmsnarl, L50, M|64/100
|move|p2a: Dragalge|Protect|p2a: Dragalge
|-singleturn|p2a: Dragalge|Protect
|move|p1a: Incineroar|Fake Out|p2b: Grimmsnarl
|-damage|p2b: Grimmsnarl|54/100
|move|p1b: Delphox|Psychic|p2a: Dragalge
|-activate|p2a: Dragalge|move: Protect
|
|-damage|p1a: Incineroar|0 fnt|[from] psn
|faint|p1a: Incineroar
|upkeep
|turn|12
|
|t:|1782335319
|switch|p2b: Sinistcha|Sinistcha, L50|46/100
|-heal|p2a: Dragalge|100/100|[from] ability: Hospitality|[of] p2b: Sinistcha
|switch|p2a: Incineroar|Incineroar, L50, F|45/100
|-ability|p2a: Incineroar|Intimidate|boost
|-unboost|p1b: Delphox|atk|1
|move|p1b: Delphox|Heat Wave|p2b: Sinistcha|[spread] p2a,p2b
|-resisted|p2a: Incineroar|1
|-supereffective|p2b: Sinistcha|1
|-damage|p2a: Incineroar|21/100
|-damage|p2b: Sinistcha|0 fnt
|faint|p2b: Sinistcha
|
|upkeep
|
|t:|1782335336
|switch|p2b: Grimmsnarl|Grimmsnarl, L50, M|54/100
|turn|13
|
|t:|1782335342
|switch|p2a: Dragalge|Dragalge-Mega, L50, F|100/100
|move|p1b: Delphox|Protect|p1b: Delphox
|-singleturn|p1b: Delphox|Protect
|move|p2b: Grimmsnarl|Parting Shot|p1b: Delphox
|-activate|p1b: Delphox|move: Protect
|
|upkeep
|turn|14
|
|t:|1782335369
|switch|p2a: Incineroar|Incineroar, L50, F|21/100
|-ability|p2a: Incineroar|Intimidate|boost
|-unboost|p1b: Delphox|atk|1
|move|p1b: Delphox|Heat Wave|p2b: Grimmsnarl|[spread] p2a
|-miss|p1b: Delphox|p2b: Grimmsnarl
|-resisted|p2a: Incineroar|1
|-crit|p2a: Incineroar
|-damage|p2a: Incineroar|0 fnt
|faint|p2a: Incineroar
|move|p2b: Grimmsnarl|Spirit Break|p1b: Delphox
|-resisted|p1b: Delphox|1
|-damage|p1b: Delphox|76/100
|-unboost|p1b: Delphox|spa|1
|
|-sideend|p2: mimomomomu|move: Light Screen
|upkeep
|
|t:|1782335382
|switch|p2a: Dragalge|Dragalge-Mega, L50, F|100/100
|turn|15
|
|t:|1782335406
|move|p1b: Delphox|Heat Wave|p2b: Grimmsnarl|[spread] p2a,p2b
|-resisted|p2a: Dragalge|1
|-damage|p2a: Dragalge|77/100
|-damage|p2b: Grimmsnarl|0 fnt
|faint|p2b: Grimmsnarl
|move|p2a: Dragalge|Draco Meteor|p1b: Delphox
|-damage|p1b: Delphox|12/100
|-unboost|p2a: Dragalge|spa|2
|
|upkeep
|turn|16
|
|t:|1782335421
|move|p1b: Delphox|Psychic|p2a: Dragalge
|-supereffective|p2a: Dragalge|1
|-damage|p2a: Dragalge|0 fnt
|faint|p2a: Dragalge
|
|win|Mclovingods
||mimomomomu is ready for game 3.
||Mclovingods is ready for game 3.
|uhtml|next|Next: Game 3 of 3
|l|☆mimomomomu
|player|p2|
