|j|☆swampizzoCARTI
|j|☆MrKiran
|html|swampizzoCARTIMrKiran    
|uhtml|bestof|Game 1 of a best-of-3
|t:|1756404495
|gametype|doubles
|player|p1|swampizzoCARTI|skyla-masters|1122
|player|p2|MrKiran|n|1170
|gen|9
|tier|[Gen 9] VGC 2025 Reg H (Bo3)
|rated|
|rule|Species Clause: Limit one of each Pokémon
|rule|Item Clause: Limit 1 of each item
|clearpoke
|poke|p1|Baxcalibur, L50, M|
|poke|p1|Primarina, L50, F|
|poke|p1|Sneasler, L50, M|
|poke|p1|Rillaboom, L50, M|
|poke|p1|Incineroar, L50, M|
|poke|p1|Gholdengo, L50|
|poke|p2|Charizard, L50, F|
|poke|p2|Torkoal, L50, M|
|poke|p2|Porygon2, L50|
|poke|p2|Incineroar, L50, F|
|poke|p2|Jumpluff, L50, M|
|poke|p2|Ursaluna, L50, M|
|teampreview|4
|showteam|p1|Baxcalibur||ClearAmulet|ThermalExchange|GlaiveRush,IcicleCrash,IceShard,Protect|||M|||50|,,,,,Water]Primarina||GrassySeed|LiquidVoice|HyperVoice,Moonblast,CalmMind,Protect|||F|||50|,,,,,Steel]Sneasler||FocusSash|Unburden|DireClaw,CloseCombat,Coaching,Protect|||M|||50|,,,,,Ghost]Rillaboom||AssaultVest|GrassySurge|WoodHammer,GrassyGlide,HighHorsepower,FakeOut|||M|||50|,,,,,Fire]Incineroar||SafetyGoggles|Intimidate|FlareBlitz,KnockOff,PartingShot,FakeOut|||M|||50|,,,,,Ghost]Gholdengo||ChoiceScarf|GoodasGold|MakeItRain,ShadowBall,NastyPlot,Trick||||||50|,,,,,Steel
|showteam|p2|Charizard||ChoiceSpecs|SolarPower|HeatWave,Overheat,WeatherBall,AirSlash|||F|||50|,,,,,Ghost]Torkoal||EjectPack|Drought|Eruption,Overheat,HelpingHand,Protect|||M|||50|,,,,,Fire]Porygon2||Eviolite|Download|TeraBlast,IceBeam,Recover,TrickRoom||||||50|,,,,,Fighting]Incineroar||SitrusBerry|Intimidate|FlareBlitz,KnockOff,FakeOut,PartingShot|||F|||50|,,,,,Ghost]Jumpluff||CovertCloak|Chlorophyll|SleepPowder,SunnyDay,RagePowder,Tailwind|||M|||50|,,,,,Water]Ursaluna||FlameOrb|Guts|HeadlongRush,Facade,Earthquake,Protect|||M|||50|,,,,,Ghost
|
|t:|1756404539
|teamsize|p1|4
|teamsize|p2|4
|start
|switch|p1a: In 2 Deep|Incineroar, L50, M|100/100
|switch|p1b: Welcome to Jamrock|Sneasler, L50, M|100/100
|switch|p2a: Porygon2|Porygon2, L50|100/100
|switch|p2b: Incineroar|Incineroar, L50, F|100/100
|-ability|p2b: Incineroar|Intimidate|boost
|-unboost|p1a: In 2 Deep|atk|1
|-unboost|p1b: Welcome to Jamrock|atk|1
|-ability|p2a: Porygon2|Download|boost
|-boost|p2a: Porygon2|atk|1
|-ability|p1a: In 2 Deep|Intimidate|boost
|-unboost|p2a: Porygon2|atk|1
|-unboost|p2b: Incineroar|atk|1
|turn|1
|
|t:|1756404557
|-terastallize|p1a: In 2 Deep|Ghost
|move|p2b: Incineroar|Fake Out|p1a: In 2 Deep
|-immune|p1a: In 2 Deep
|move|p1a: In 2 Deep|Fake Out|p2a: Porygon2
|-damage|p2a: Porygon2|95/100
|move|p1b: Welcome to Jamrock|Close Combat|p2a: Porygon2
|-supereffective|p2a: Porygon2
|-damage|p2a: Porygon2|39/100
|-unboost|p1b: Welcome to Jamrock|def|1
|-unboost|p1b: Welcome to Jamrock|spd|1
|cant|p2a: Porygon2|flinch
|
|upkeep
|turn|2
|
|t:|1756404567
|move|p1b: Welcome to Jamrock|Close Combat|p2a: Porygon2
|-supereffective|p2a: Porygon2
|-damage|p2a: Porygon2|0 fnt
|-unboost|p1b: Welcome to Jamrock|def|1
|-unboost|p1b: Welcome to Jamrock|spd|1
|faint|p2a: Porygon2
|move|p2b: Incineroar|Flare Blitz|p1b: Welcome to Jamrock
|-enditem|p1b: Welcome to Jamrock|Focus Sash
|-damage|p1b: Welcome to Jamrock|1/100
|-damage|p2b: Incineroar|75/100|[from] Recoil
|move|p1a: In 2 Deep|Knock Off|p2b: Incineroar
|-resisted|p2b: Incineroar
|-damage|p2b: Incineroar|64/100
|-enditem|p2b: Incineroar|Sitrus Berry|[from] move: Knock Off|[of] p1a: In 2 Deep
|
|upkeep
|
|t:|1756404577
|switch|p2a: Torkoal|Torkoal, L50, M|100/100
|-weather|SunnyDay|[from] ability: Drought|[of] p2a: Torkoal
|turn|3
|
|t:|1756404587
|-terastallize|p2b: Incineroar|Ghost
|move|p1b: Welcome to Jamrock|Protect|p1b: Welcome to Jamrock
|-singleturn|p1b: Welcome to Jamrock|Protect
|move|p2b: Incineroar|Knock Off|p1b: Welcome to Jamrock
|-activate|p1b: Welcome to Jamrock|move: Protect
|move|p1a: In 2 Deep|Parting Shot|p2a: Torkoal
|-unboost|p2a: Torkoal|atk|1
|-unboost|p2a: Torkoal|spa|1
|
|t:|1756404595
|switch|p1a: Move!|Primarina, L50, F|100/100|[from] Parting Shot
|move|p2a: Torkoal|Overheat|p1a: Move!
|-resisted|p1a: Move!
|-crit|p1a: Move!
|-damage|p1a: Move!|49/100
|-unboost|p2a: Torkoal|spa|2
|-enditem|p2a: Torkoal|Eject Pack
|
|t:|1756404600
|switch|p2a: Ursaluna|Ursaluna, L50, M|100/100
|
|-weather|SunnyDay|[upkeep]
|-status|p2a: Ursaluna|brn|[from] item: Flame Orb
|upkeep
|turn|4
|
|t:|1756404614
|switch|p1b: In 2 Deep|Incineroar, L50, M, tera:Ghost|100/100
|-ability|p1b: In 2 Deep|Intimidate|boost
|-unboost|p2a: Ursaluna|atk|1
|-unboost|p2b: Incineroar|atk|1
|move|p2a: Ursaluna|Protect|p2a: Ursaluna
|-singleturn|p2a: Ursaluna|Protect
|move|p2b: Incineroar|Flare Blitz|p1b: In 2 Deep
|-damage|p1b: In 2 Deep|60/100
|-damage|p2b: Incineroar|50/100|[from] Recoil
|move|p1a: Move!|Hyper Voice|p2b: Incineroar|[spread] p2b
|-activate|p2a: Ursaluna|move: Protect
|-damage|p2b: Incineroar|34/100
|
|-weather|SunnyDay|[upkeep]
|-damage|p2a: Ursaluna|95/100 brn|[from] brn
|upkeep
|turn|5
|
|t:|1756404632
|move|p1b: In 2 Deep|Fake Out|p2a: Ursaluna
|-damage|p2a: Ursaluna|87/100 brn
|move|p2b: Incineroar|Flare Blitz|p1a: Move!
|-resisted|p1a: Move!
|-damage|p1a: Move!|26/100
|-damage|p2b: Incineroar|26/100|[from] Recoil
|cant|p2a: Ursaluna|flinch
|move|p1a: Move!|Hyper Voice|p2b: Incineroar|[spread] p2a,p2b
|-supereffective|p2a: Ursaluna
|-crit|p2a: Ursaluna
|-damage|p2a: Ursaluna|32/100 brn
|-damage|p2b: Incineroar|9/100
|
|-weather|SunnyDay|[upkeep]
|-damage|p2a: Ursaluna|26/100 brn|[from] brn
|upkeep
|turn|6
|
|t:|1756404643
|move|p2b: Incineroar|Flare Blitz|p1a: Move!
|-resisted|p1a: Move!
|-damage|p1a: Move!|2/100
|-status|p1a: Move!|brn
|-damage|p2b: Incineroar|2/100|[from] Recoil
|move|p2a: Ursaluna|Headlong Rush|p1b: In 2 Deep
|-damage|p1b: In 2 Deep|0 fnt
|-unboost|p2a: Ursaluna|def|1
|-unboost|p2a: Ursaluna|spd|1
|faint|p1b: In 2 Deep
|move|p1a: Move!|Hyper Voice|p2a: Ursaluna|[spread] p2a,p2b
|-supereffective|p2a: Ursaluna
|-damage|p2a: Ursaluna|0 fnt
|-damage|p2b: Incineroar|0 fnt
|faint|p2a: Ursaluna
|faint|p2b: Incineroar
|
|-weather|SunnyDay|[upkeep]
|-damage|p1a: Move!|0 fnt|[from] brn
|faint|p1a: Move!
|upkeep
|
|t:|1756404651
|switch|p2a: Torkoal|Torkoal, L50, M|100/100
|switch|p1a: Welcome to Jamrock|Sneasler, L50, M|1/100
|switch|p1b: Beautiful|Baxcalibur, L50, M|100/100
|turn|7
|
|t:|1756404657
|move|p1a: Welcome to Jamrock|Close Combat|p2a: Torkoal
|-damage|p2a: Torkoal|55/100
|-unboost|p1a: Welcome to Jamrock|def|1
|-unboost|p1a: Welcome to Jamrock|spd|1
|move|p1b: Beautiful|Glaive Rush|p2a: Torkoal
|-damage|p2a: Torkoal|4/100
|-singlemove|p1b: Beautiful|Glaive Rush|[silent]
|move|p2a: Torkoal|Eruption|p1b: Beautiful|[spread] p1a,p1b
|-damage|p1a: Welcome to Jamrock|0 fnt
|-damage|p1b: Beautiful|94/100
|-ability|p1b: Beautiful|Thermal Exchange|boost
|-boost|p1b: Beautiful|atk|1
|faint|p1a: Welcome to Jamrock
|
|-weather|none
|upkeep
|turn|8
|-message|MrKiran forfeited.
|
|win|swampizzoCARTI
||MrKiran is ready for game 2.
