|j|☆ilikepotato1092
|j|☆fetru
|html|ilikepotato1092fetru    
|uhtml|bestof|Game 1 of a best-of-3
|t:|1782615783
|gametype|doubles
|player|p1|ilikepotato1092|2|1000
|player|p2|fetru|266|1024
|gen|9
|tier|[Gen 9 Champions] VGC 2026 Reg M-B (Bo3)
|rated|
|rule|Species Clause: Limit one of each Pokémon
|rule|Item Clause: Limit 1 of each item
|clearpoke
|poke|p1|Pelipper, L50, F, shiny|
|poke|p1|Blastoise, L50, M|
|poke|p1|Archaludon, L50, F|
|poke|p1|Gengar, L50, F|
|poke|p1|Basculegion, L50, M|
|poke|p1|Gholdengo, L50|
|poke|p2|Hydreigon, L50, M|
|poke|p2|Garchomp, L50, F|
|poke|p2|Metagross, L50|
|poke|p2|Charizard, L50, F|
|poke|p2|Grimmsnarl, L50, M|
|poke|p2|Toxapex, L50, F|
|teampreview|4
|showteam|p1|Pelipper||FocusSash|Drizzle|Hurricane,Protect,WeatherBall,Tailwind|Serious||F|||50|]Blastoise||Blastoisinite|Torrent|WaterSpout,Protect,BodyPress,DragonPulse|Modest||M|||50|]Archaludon||LifeOrb|Stamina|ElectroShot,DracoMeteor,Protect,FlashCannon|Timid||F|||50|]Gengar||Gengarite|CursedBody|ShadowBall,PerishSong,Protect,SludgeBomb|Timid||F|||50|]Basculegion||ChoiceScarf|SwiftSwim|AquaJet,LastRespects,WaveCrash,Waterfall|Adamant||M|||50|]Gholdengo||MetalCoat|GoodasGold|MakeItRain,NastyPlot,Protect,ShadowBall|Timid|||||50|
|showteam|p2|Hydreigon||ChoiceScarf|Levitate|HeatWave,DarkPulse,DracoMeteor,Snarl|Modest||M|||50|]Garchomp||SitrusBerry|RoughSkin|Earthquake,RockSlide,DragonClaw,Protect|Adamant||F|||50|]Metagross||Metagrossite|ClearBody|IronHead,HammerArm,BulletPunch,Protect|Adamant|||||50|]Charizard||CharizarditeY|Blaze|Protect,HeatWave,SolarBeam,WeatherBall|Timid||F|||50|]Grimmsnarl||RoseliBerry|Prankster|FakeOut,FoulPlay,Reflect,PartingShot|Sassy||M|||50|]Toxapex||Leftovers|Regenerator|Infestation,Toxic,BanefulBunker,WideGuard|Bold||F|||50|
|
|t:|1782615846
|teamsize|p1|4
|teamsize|p2|4
|start
|switch|p1a: Gholdengo|Gholdengo, L50|100/100
|switch|p1b: Archaludon|Archaludon, L50, F|100/100
|switch|p2a: Hydreigon|Hydreigon, L50, M|100/100
|switch|p2b: Charizard|Charizard, L50, F|100/100
|turn|1
|
|t:|1782615871
|detailschange|p2b: Charizard|Charizard-Mega-Y, L50, F
|-mega|p2b: Charizard|Charizard|Charizardite Y
|-weather|SunnyDay|[from] ability: Drought|[of] p2b: Charizard
|move|p1a: Gholdengo|Protect|p1a: Gholdengo
|-singleturn|p1a: Gholdengo|Protect
|move|p2a: Hydreigon|Heat Wave|p1b: Archaludon|[spread] p1b
|-activate|p1a: Gholdengo|move: Protect
|-damage|p1b: Archaludon|45/100
|-ability|p1b: Archaludon|Stamina|boost
|-boost|p1b: Archaludon|def|1
|move|p2b: Charizard|Heat Wave|p1b: Archaludon|[spread] p1b
|-activate|p1a: Gholdengo|move: Protect
|-damage|p1b: Archaludon|0 fnt
|faint|p1b: Archaludon
|
|-weather|SunnyDay|[upkeep]
|upkeep
|
|t:|1782615889
|switch|p1b: Pelipper|Pelipper, L50, F, shiny|100/100
|-weather|RainDance|[from] ability: Drizzle|[of] p1b: Pelipper
|turn|2
|
|t:|1782615898
|switch|p2a: Grimmsnarl|Grimmsnarl, L50, M|100/100
|switch|p2b: Garchomp|Garchomp, L50, F|100/100
|move|p1a: Gholdengo|Nasty Plot|p1a: Gholdengo
|-boost|p1a: Gholdengo|spa|2
|move|p1b: Pelipper|Tailwind|p1b: Pelipper
|-sidestart|p1: ilikepotato1092|move: Tailwind
|
|-weather|RainDance|[upkeep]
|upkeep
|turn|3
|
|t:|1782615921
|switch|p1b: Gengar|Gengar, L50, F|100/100
|move|p1a: Gholdengo|Protect|p1a: Gholdengo
|-singleturn|p1a: Gholdengo|Protect
|move|p2a: Grimmsnarl|Fake Out|p1b: Gengar
|-immune|p1b: Gengar
|move|p2b: Garchomp|Earthquake|p1b: Gengar|[spread] p2a,p1b
|-activate|p1a: Gholdengo|move: Protect
|-supereffective|p1b: Gengar|1
|-damage|p2a: Grimmsnarl|60/100
|-damage|p1b: Gengar|0 fnt
|faint|p1b: Gengar
|
|-weather|RainDance|[upkeep]
|upkeep
|
|t:|1782615939
|switch|p1b: Pelipper|Pelipper, L50, F, shiny|100/100
|turn|4
|
|t:|1782615960
|move|p2a: Grimmsnarl|Parting Shot|p1b: Pelipper
|-unboost|p1b: Pelipper|atk|1
|-unboost|p1b: Pelipper|spa|1
|
|t:|1782615965
|switch|p2a: Charizard|Charizard-Mega-Y, L50, F|100/100|[from] Parting Shot
|-weather|SunnyDay|[from] ability: Drought|[of] p2a: Charizard
|move|p1a: Gholdengo|Make It Rain|p2a: Charizard|[spread] p2a,p2b
|-resisted|p2a: Charizard|1
|-damage|p2a: Charizard|49/100
|-damage|p2b: Garchomp|0 fnt
|-unboost|p1a: Gholdengo|spa|2
|faint|p2b: Garchomp
|move|p1b: Pelipper|Weather Ball|p2a: Charizard
|-resisted|p2a: Charizard|1
|-damage|p2a: Charizard|38/100
|
|-weather|SunnyDay|[upkeep]
|upkeep
|
|t:|1782615979
|switch|p2b: Hydreigon|Hydreigon, L50, M|100/100
|turn|5
|
|t:|1782615992
|move|p1a: Gholdengo|Make It Rain|p2a: Charizard|[spread] p2a
|-miss|p1a: Gholdengo|p2b: Hydreigon
|-resisted|p2a: Charizard|1
|-crit|p2a: Charizard
|-damage|p2a: Charizard|0 fnt
|-unboost|p1a: Gholdengo|spa|2
|faint|p2a: Charizard
|move|p2b: Hydreigon|Dark Pulse|p1a: Gholdengo
|-supereffective|p1a: Gholdengo|1
|-damage|p1a: Gholdengo|0 fnt
|faint|p1a: Gholdengo
|move|p1b: Pelipper|Hurricane|p2b: Hydreigon
|-damage|p2b: Hydreigon|72/100
|
|-weather|SunnyDay|[upkeep]
|-sideend|p1: ilikepotato1092|move: Tailwind
|upkeep
|
|t:|1782616006
|switch|p2a: Grimmsnarl|Grimmsnarl, L50, M|60/100
|turn|6
|
|t:|1782616012
|move|p2a: Grimmsnarl|Fake Out|p1b: Pelipper
|-crit|p1b: Pelipper
|-damage|p1b: Pelipper|86/100
|move|p2b: Hydreigon|Dark Pulse|p1b: Pelipper
|-damage|p1b: Pelipper|24/100
|cant|p1b: Pelipper|flinch
|
|-weather|SunnyDay|[upkeep]
|upkeep
|turn|7
|
|t:|1782616021
|move|p2b: Hydreigon|Dark Pulse|p1b: Pelipper
|-damage|p1b: Pelipper|0 fnt
|faint|p1b: Pelipper
|
|win|fetru
||fetru is ready for game 2.
|l|☆ilikepotato1092
|player|p1|
