|j|☆CrystalGem02
|j|☆laufey#1fan
|html|CrystalGem02laufey#1fan    
|uhtml|bestof|Game 2 of a best-of-3
|t:|1755570640
|gametype|doubles
|player|p1|CrystalGem02|valerie|1313
|player|p2|laufey#1fan|cynthia|1391
|gen|9
|tier|[Gen 9] VGC 2025 Reg H (Bo3)
|rated|
|rule|Species Clause: Limit one of each Pokémon
|rule|Item Clause: Limit 1 of each item
|clearpoke
|poke|p1|Incineroar, L50, M|
|poke|p1|Amoonguss, L50, F|
|poke|p1|Ursaluna-Bloodmoon, L50, M|
|poke|p1|Sneasler, L50, F|
|poke|p1|Gholdengo, L50|
|poke|p1|Dragonite, L50, M|
|poke|p2|Garchomp, L50, M|
|poke|p2|Dragonite, L50, M|
|poke|p2|Ninetales-Alola, L50, F|
|poke|p2|Amoonguss, L50, M|
|poke|p2|Kingambit, L50, M|
|poke|p2|Arcanine-Hisui, L50, F|
|teampreview|4
|showteam|p1|Incineroar||SafetyGoggles|Intimidate|FlareBlitz,KnockOff,PartingShot,FakeOut|||M|||50|,,,,,Ghost]Amoonguss||SitrusBerry|Regenerator|Spore,RagePowder,PollenPuff,Protect|||F|||50|,,,,,Psychic]Ursaluna-Bloodmoon||AssaultVest|MindsEye|HyperVoice,BloodMoon,EarthPower,VacuumWave|||M|||50|,,,,,Water]Sneasler||FocusSash|Unburden|CloseCombat,DireClaw,ThroatChop,Protect|||F|||50|,,,,,Stellar]Gholdengo||LifeOrb|GoodasGold|MakeItRain,ShadowBall,NastyPlot,Protect||||||50|,,,,,Water]Dragonite||LoadedDice|Multiscale|ScaleShot,Tailwind,Haze,Protect|||M|||50|,,,,,Fairy
|showteam|p2|Garchomp||LifeOrb|RoughSkin|StompingTantrum,Protect,DragonClaw,Earthquake|||M|||50|,,,,,Fire]Dragonite||LoadedDice|Multiscale|ScaleShot,Haze,IceSpinner,Protect|||M|||50|,,,,,Fairy]Ninetales-Alola||FocusSash|SnowWarning|FreezeDry,Encore,Protect,Blizzard|||F|||50|,,,,,Ghost]Amoonguss||SitrusBerry|Regenerator|PollenPuff,Protect,RagePowder,Spore|||M|||50|,,,,,Psychic]Kingambit||AssaultVest|Defiant|KowtowCleave,LowKick,IronHead,SuckerPunch|||M|||50|,,,,,Flying]Arcanine-Hisui||MirrorHerb|Intimidate|Protect,RockSlide,FlareBlitz,ExtremeSpeed|||F|||50|,,,,,Grass
|inactive|Battle timer is ON: inactive players will automatically lose when time's up. (requested by CrystalGem02)
|
|t:|1755570672
|teamsize|p1|4
|teamsize|p2|4
|start
|switch|p1a: Ursaluna|Ursaluna-Bloodmoon, L50, M|100/100
|switch|p1b: Gholdengo|Gholdengo, L50|100/100
|switch|p2a: Charlie|Arcanine-Hisui, L50, F|100/100
|switch|p2b: JOYBOY|Dragonite, L50, M|100/100
|-ability|p2a: Charlie|Intimidate|boost
|-unboost|p1a: Ursaluna|atk|1
|-unboost|p1b: Gholdengo|atk|1
|turn|1
|
|t:|1755570691
|switch|p1b: Incineroar|Incineroar, L50, M|100/100
|-ability|p1b: Incineroar|Intimidate|boost
|-unboost|p2a: Charlie|atk|1
|-unboost|p2b: JOYBOY|atk|1
|move|p2a: Charlie|Protect|p2a: Charlie
|-singleturn|p2a: Charlie|Protect
|move|p2b: JOYBOY|Scale Shot|p1a: Ursaluna
|-damage|p1a: Ursaluna|93/100
|-damage|p1a: Ursaluna|85/100
|-damage|p1a: Ursaluna|78/100
|-damage|p1a: Ursaluna|71/100
|-hitcount|p1a: Ursaluna|4
|-unboost|p2b: JOYBOY|def|1
|-boost|p2b: JOYBOY|spe|1
|move|p1a: Ursaluna|Earth Power|p2a: Charlie
|-activate|p2a: Charlie|move: Protect
|
|upkeep
|turn|2
|inactive|laufey#1fan has 30 seconds left.
|
|t:|1755570717
|-terastallize|p2a: Charlie|Grass
|move|p2b: JOYBOY|Scale Shot|p1a: Ursaluna
|-damage|p1a: Ursaluna|63/100
|-damage|p1a: Ursaluna|56/100
|-damage|p1a: Ursaluna|47/100
|-damage|p1a: Ursaluna|40/100
|-damage|p1a: Ursaluna|32/100
|-hitcount|p1a: Ursaluna|5
|-unboost|p2b: JOYBOY|def|1
|-boost|p2b: JOYBOY|spe|1
|move|p2a: Charlie|Rock Slide|p1b: Incineroar|[spread] p1a,p1b
|-resisted|p1a: Ursaluna
|-supereffective|p1b: Incineroar
|-damage|p1a: Ursaluna|26/100
|-damage|p1b: Incineroar|67/100
|move|p1b: Incineroar|Knock Off|p2b: JOYBOY
|-damage|p2b: JOYBOY|50/100
|-enditem|p2b: JOYBOY|Loaded Dice|[from] move: Knock Off|[of] p1b: Incineroar
|move|p1a: Ursaluna|Earth Power|p2a: Charlie
|-resisted|p2a: Charlie
|-crit|p2a: Charlie
|-damage|p2a: Charlie|56/100
|
|upkeep
|turn|3
|inactive|CrystalGem02 has 30 seconds left.
|
|t:|1755570745
|switch|p1a: Gholdengo|Gholdengo, L50|100/100
|move|p2b: JOYBOY|Scale Shot|p1a: Gholdengo|[miss]
|-miss|p2b: JOYBOY|p1a: Gholdengo
|move|p2a: Charlie|Rock Slide|p1b: Incineroar|[spread] p1a,p1b
|-resisted|p1a: Gholdengo
|-crit|p1a: Gholdengo
|-supereffective|p1b: Incineroar
|-damage|p1a: Gholdengo|80/100
|-damage|p1b: Incineroar|36/100
|move|p1b: Incineroar|Parting Shot|p2a: Charlie
|-unboost|p2a: Charlie|atk|1
|-unboost|p2a: Charlie|spa|1
|
|t:|1755570758
|switch|p1b: Sneasler|Sneasler, L50, F|100/100|[from] Parting Shot
|
|upkeep
|turn|4
|
|t:|1755570770
|move|p2b: JOYBOY|Protect|p2b: JOYBOY
|-singleturn|p2b: JOYBOY|Protect
|move|p1b: Sneasler|Protect|p1b: Sneasler
|-singleturn|p1b: Sneasler|Protect
|move|p2a: Charlie|Flare Blitz|p1a: Gholdengo
|-supereffective|p1a: Gholdengo
|-damage|p1a: Gholdengo|16/100
|-damage|p2a: Charlie|34/100|[from] Recoil
|move|p1a: Gholdengo|Make It Rain|p2b: JOYBOY|[spread] p2a
|-activate|p2b: JOYBOY|move: Protect
|-damage|p2a: Charlie|0 fnt
|-unboost|p1a: Gholdengo|spa|1
|faint|p2a: Charlie
|-damage|p1a: Gholdengo|6/100|[from] item: Life Orb
|
|upkeep
|
|t:|1755570777
|switch|p2a: Jeffina|Garchomp, L50, M, shiny|100/100
|turn|5
|inactive|CrystalGem02 has 30 seconds left.
|inactive|CrystalGem02 has 20 seconds left.
|inactive|CrystalGem02 has 15 seconds left.
|inactive|CrystalGem02 has 10 seconds left.
|inactive|CrystalGem02 has 5 seconds left.
|
|t:|1755570830
|move|p2b: JOYBOY|Ice Spinner|p1b: Sneasler
|-damage|p1b: Sneasler|63/100
|move|p1b: Sneasler|Dire Claw|p2a: Jeffina
|-resisted|p2a: Jeffina
|-damage|p2a: Jeffina|79/100
|-status|p2a: Jeffina|psn
|-damage|p1b: Sneasler|50/100|[from] ability: Rough Skin|[of] p2a: Jeffina
|move|p2a: Jeffina|Earthquake|p1a: Gholdengo|[spread] p1a,p1b
|-immune|p2b: JOYBOY
|-supereffective|p1a: Gholdengo
|-supereffective|p1b: Sneasler
|-damage|p1a: Gholdengo|0 fnt
|-damage|p1b: Sneasler|0 fnt
|faint|p1a: Gholdengo
|faint|p1b: Sneasler
|-damage|p2a: Jeffina|70/100 psn|[from] item: Life Orb
|
|-damage|p2a: Jeffina|57/100 psn|[from] psn
|upkeep
|
|t:|1755570839
|switch|p1b: Incineroar|Incineroar, L50, M|36/100
|switch|p1a: Ursaluna|Ursaluna-Bloodmoon, L50, M|26/100
|-ability|p1b: Incineroar|Intimidate|boost
|-unboost|p2a: Jeffina|atk|1
|-unboost|p2b: JOYBOY|atk|1
|turn|6
|-message|CrystalGem02 forfeited.
|
|win|laufey#1fan
|raw|CrystalGem02's rating: 1313 → 1297(-16 for losing)
|raw|laufey#1fan's rating: 1391 → 1407(+16 for winning)
