|j|☆Testbericht2
|j|☆Sammy Chung
|html|Testbericht2Sammy Chung    
|uhtml|bestof|Game 2 of a best-of-3
|t:|1754605897
|gametype|doubles
|player|p1|Testbericht2|2|1195
|player|p2|Sammy Chung|preschooler|1376
|gen|9
|tier|[Gen 9] VGC 2025 Reg H (Bo3)
|rated|
|rule|Species Clause: Limit one of each Pokémon
|rule|Item Clause: Limit 1 of each item
|clearpoke
|poke|p1|Sneasler, L50, F|
|poke|p1|Dragapult, L50, M|
|poke|p1|Primarina, L50, M|
|poke|p1|Rillaboom, L50, F|
|poke|p1|Kingambit, L50, M|
|poke|p1|Magmar, L50, F|
|poke|p2|Whimsicott, L50, M|
|poke|p2|Garchomp, L50, F|
|poke|p2|Gholdengo, L50|
|poke|p2|Incineroar, L50, F|
|poke|p2|Sneasler, L50, F|
|poke|p2|Dragonite, L50, M|
|teampreview|4
|showteam|p1|Sneasler||FocusSash|PoisonTouch|CloseCombat,DireClaw,FakeOut,Protect|||F|||50|,,,,,Stellar]Dragapult||ChoiceBand|ClearBody|DragonDarts,TeraBlast,PhantomForce,Uturn|||M|||50|,,,,,Ghost]Primarina||SitrusBerry|LiquidVoice|HyperVoice,Moonblast,Haze,Protect|||M|||50|,,,,,Water]Rillaboom||AssaultVest|GrassySurge|WoodHammer,GrassyGlide,HighHorsepower,FakeOut|||F|||50|,,,,,Fire]Kingambit||BlackGlasses|Defiant|KowtowCleave,SuckerPunch,SwordsDance,Protect|||M|||50|,,,,,Ghost]Magmar||Eviolite|VitalSpirit|Overheat,WillOWisp,FollowMe,Protect|||F|||50|,,,,,Ghost
|showteam|p2|Whimsicott||FocusSash|Prankster|Moonblast,Tailwind,Encore,Protect|||M|||50|,,,,,Ghost]Garchomp||LifeOrb|RoughSkin|Earthquake,DragonClaw,StompingTantrum,Protect|||F|||50|,,,,,Ground]Gholdengo||ChoiceSpecs|GoodasGold|MakeItRain,ShadowBall,Trick,Protect||||||50|,,,,,Steel]Incineroar||AssaultVest|Intimidate|FakeOut,FlareBlitz,KnockOff,Uturn|||F|||50|,,,,,Grass]Sneasler||WhiteHerb|Unburden|FakeOut,DireClaw,CloseCombat,Protect|||F|||50|,,,,,Stellar]Dragonite||ChoiceBand|InnerFocus|ExtremeSpeed,Outrage,IceSpinner,StompingTantrum|||M|||50|,,,,,Normal
|
|t:|1754605924
|teamsize|p1|4
|teamsize|p2|4
|start
|switch|p1a: Dragapult|Dragapult, L50, M|100/100
|switch|p1b: Rillaboom|Rillaboom, L50, F|100/100
|switch|p2a: Whimsicott|Whimsicott, L50, M|100/100
|switch|p2b: Gholdengo|Gholdengo, L50|100/100
|-fieldstart|move: Grassy Terrain|[from] ability: Grassy Surge|[of] p1b: Rillaboom
|turn|1
|
|t:|1754605976
|switch|p1a: Kingambit|Kingambit, L50, M|100/100
|-terastallize|p2a: Whimsicott|Ghost
|move|p2a: Whimsicott|Tailwind|p2a: Whimsicott
|-sidestart|p2: Sammy Chung|move: Tailwind
|move|p2b: Gholdengo|Make It Rain|p1b: Rillaboom|[spread] p1a,p1b
|-resisted|p1a: Kingambit
|-damage|p1a: Kingambit|69/100
|-damage|p1b: Rillaboom|43/100
|-unboost|p2b: Gholdengo|spa|1
|move|p1b: Rillaboom|High Horsepower|p2b: Gholdengo
|-supereffective|p2b: Gholdengo
|-damage|p2b: Gholdengo|17/100
|
|-heal|p2b: Gholdengo|23/100|[from] Grassy Terrain
|-heal|p1b: Rillaboom|49/100|[from] Grassy Terrain
|-heal|p1a: Kingambit|75/100|[from] Grassy Terrain
|upkeep
|turn|2
|
|t:|1754606000
|switch|p2b: Garchomp|Garchomp, L50, F|100/100
|move|p1b: Rillaboom|Grassy Glide|p2b: Garchomp
|-damage|p2b: Garchomp|61/100
|-damage|p1b: Rillaboom|37/100|[from] ability: Rough Skin|[of] p2b: Garchomp
|move|p2a: Whimsicott|Moonblast|p1a: Kingambit
|-damage|p1a: Kingambit|43/100
|move|p1a: Kingambit|Swords Dance|p1a: Kingambit
|-boost|p1a: Kingambit|atk|2
|
|-heal|p2b: Garchomp|67/100|[from] Grassy Terrain
|-heal|p1b: Rillaboom|43/100|[from] Grassy Terrain
|-heal|p1a: Kingambit|49/100|[from] Grassy Terrain
|upkeep
|turn|3
|
|t:|1754606033
|switch|p2a: Sneasler|Sneasler, L50, F|100/100
|move|p2b: Garchomp|Protect|p2b: Garchomp
|-singleturn|p2b: Garchomp|Protect
|move|p1b: Rillaboom|Grassy Glide|p2b: Garchomp
|-activate|p2b: Garchomp|move: Protect
|move|p1a: Kingambit|Sucker Punch||[still]
|-fail|p1a: Kingambit
|
|-heal|p2b: Garchomp|72/100|[from] Grassy Terrain
|-heal|p1b: Rillaboom|49/100|[from] Grassy Terrain
|-heal|p1a: Kingambit|55/100|[from] Grassy Terrain
|upkeep
|turn|4
|
|t:|1754606053
|switch|p2b: Whimsicott|Whimsicott, L50, M, tera:Ghost|100/100
|-terastallize|p1a: Kingambit|Ghost
|move|p1a: Kingambit|Sucker Punch||[still]
|-fail|p1a: Kingambit
|move|p2a: Sneasler|Dire Claw|p1b: Rillaboom
|-supereffective|p1b: Rillaboom
|-damage|p1b: Rillaboom|0 fnt
|faint|p1b: Rillaboom
|
|-heal|p1a: Kingambit|61/100|[from] Grassy Terrain
|-sideend|p2: Sammy Chung|move: Tailwind
|upkeep
|
|t:|1754606071
|switch|p1b: Sneasler|Sneasler, L50, F|100/100
|turn|5
|
|t:|1754606080
|move|p2a: Sneasler|Fake Out||[still]
|-hint|Fake Out only works on your first turn out.
|-fail|p2a: Sneasler
|move|p2b: Whimsicott|Encore|p1a: Kingambit
|-start|p1a: Kingambit|Encore
|move|p1b: Sneasler|Dire Claw|p2b: Whimsicott
|-resisted|p2b: Whimsicott
|-damage|p2b: Whimsicott|67/100
|-status|p2b: Whimsicott|psn|[from] ability: Poison Touch|[of] p1b: Sneasler
|move|p1a: Kingambit|Sucker Punch||[still]
|-fail|p1a: Kingambit
|
|-heal|p2b: Whimsicott|73/100 psn|[from] Grassy Terrain
|-heal|p1a: Kingambit|67/100|[from] Grassy Terrain
|-damage|p2b: Whimsicott|61/100 psn|[from] psn
|-fieldend|move: Grassy Terrain
|upkeep
|turn|6
|
|t:|1754606115
|switch|p1b: Dragapult|Dragapult, L50, M|100/100
|switch|p2b: Gholdengo|Gholdengo, L50|23/100
|move|p1a: Kingambit|Sucker Punch|p2a: Sneasler
|-resisted|p2a: Sneasler
|-damage|p2a: Sneasler|41/100
|move|p2a: Sneasler|Dire Claw|p1a: Kingambit
|-resisted|p1a: Kingambit
|-damage|p1a: Kingambit|50/100
|-status|p1a: Kingambit|psn
|
|-damage|p1a: Kingambit|38/100 psn|[from] psn
|upkeep
|turn|7
|
|t:|1754606153
|move|p2a: Sneasler|Protect|p2a: Sneasler
|-singleturn|p2a: Sneasler|Protect
|move|p1a: Kingambit|Sucker Punch|p2b: Gholdengo
|-supereffective|p2b: Gholdengo
|-damage|p2b: Gholdengo|0 fnt
|faint|p2b: Gholdengo
|move|p1b: Dragapult|Dragon Darts|p2a: Sneasler
|-activate|p2a: Sneasler|move: Protect
|
|-damage|p1a: Kingambit|25/100 psn|[from] psn
|-end|p1a: Kingambit|Encore
|upkeep
|
|t:|1754606158
|switch|p2b: Whimsicott|Whimsicott, L50, M, tera:Ghost|61/100 psn
|turn|8
|
|t:|1754606172
|move|p2a: Sneasler|Fake Out||[still]
|-hint|Fake Out only works on your first turn out.
|-fail|p2a: Sneasler
|move|p2b: Whimsicott|Encore|p1a: Kingambit
|-start|p1a: Kingambit|Encore
|move|p1a: Kingambit|Sucker Punch||[still]
|-fail|p1a: Kingambit
|move|p1b: Dragapult|Dragon Darts|p2b: Whimsicott
|-damage|p2b: Whimsicott|3/100 psn
|-anim|p1b: Dragapult|Dragon Darts|p2a: Sneasler
|-damage|p2a: Sneasler|0 fnt
|faint|p2a: Sneasler
|
|-damage|p2b: Whimsicott|0 fnt|[from] psn
|faint|p2b: Whimsicott
|-damage|p1a: Kingambit|13/100 psn|[from] psn
|upkeep
|
|t:|1754606188
|switch|p2b: Garchomp|Garchomp, L50, F|72/100
|turn|9
|
|t:|1754606193
|move|p1a: Kingambit|Sucker Punch|p2b: Garchomp
|-damage|p2b: Garchomp|0 fnt
|-damage|p1a: Kingambit|1/100 psn|[from] ability: Rough Skin|[of] p2b: Garchomp
|faint|p2b: Garchomp
|
|win|Testbericht2
|raw|Testbericht2's rating: 1195 → 1232(+37 for winning)
|raw|Sammy Chung's rating: 1376 → 1346(-30 for losing)
|l|☆Testbericht2
|player|p1|
