|j|☆annoptan
|j|☆KMMULLER2020
|html|annoptanKMMULLER2020    
|uhtml|bestof|Game 3 of a best-of-3
|t:|1786093129
|gametype|doubles
|player|p1|annoptan|1|1224
|player|p2|KMMULLER2020|nate|1249
|gen|9
|tier|[Gen 9 Champions] VGC 2026 Reg M-B (Bo3)
|rated|
|rule|Species Clause: Limit one of each Pokémon
|rule|Item Clause: Limit 1 of each item
|clearpoke
|poke|p1|Gengar, L50, F|
|poke|p1|Archaludon, L50, M|
|poke|p1|Politoed, L50, F|
|poke|p1|Swampert, L50, F|
|poke|p1|Vivillon-Fancy, L50, M|
|poke|p1|Incineroar, L50, F|
|poke|p2|Gengar, L50, M|
|poke|p2|Politoed, L50, M|
|poke|p2|Incineroar, L50, M|
|poke|p2|Sinistcha, L50|
|poke|p2|Hydreigon, L50, F|
|poke|p2|Aggron, L50, M|
|teampreview|4
|showteam|p1|Gengar||Gengarite|CursedBody|ShadowBall,SludgeBomb,PerishSong,Protect|Modest||F|||50|]Archaludon||Leftovers|Stamina|ElectroShot,DragonPulse,FlashCannon,Protect|Bold||M|||50|]Politoed||SitrusBerry|Drizzle|WeatherBall,Hypnosis,PerishSong,Protect|Calm||F|||50|]Swampert||Swampertite|Torrent|Earthquake,WaveCrash,IcePunch,Protect|Adamant||F|||50|]Vivillon-Fancy||FocusSash|CompoundEyes|Hurricane,SleepPowder,RagePowder,Protect|Timid||M|||50|]Incineroar||PasshoBerry|Intimidate|ThroatChop,FakeOut,PartingShot,Protect|Impish||F|||50|
|showteam|p2|Gengar||Gengarite|CursedBody|Protect,PerishSong,Disable,ShadowBall|Timid||M|||50|]Politoed||Leftovers|Drizzle|Protect,PerishSong,Encore,WeatherBall|Sassy||M|||50|]Incineroar||SitrusBerry|Intimidate|Protect,FakeOut,PartingShot,ThroatChop|Relaxed||M|||50|]Sinistcha||FocusSash|Hospitality|Protect,RagePowder,TrickRoom,MatchaGotcha|Relaxed|||||50|]Hydreigon||LifeOrb|Levitate|Protect,NastyPlot,DragonPulse,DarkPulse|Modest||F|||50|]Aggron||Aggronite|Sturdy|Protect,IronDefense,BodyPress,StoneEdge|Sassy||M|||50|
|inactive|Battle timer is ON: inactive players will automatically lose when time's up. (requested by KMMULLER2020)
|inactive|annoptan has 60 seconds left.
|inactive|KMMULLER2020 has 60 seconds left.
|
|t:|1786093176
|teamsize|p1|4
|teamsize|p2|4
|start
|switch|p1a: Swampert|Swampert, L50, F|100/100
|switch|p1b: Vivillon|Vivillon-Fancy, L50, M|100/100
|switch|p2a: Incineroar|Incineroar, L50, M|100/100
|switch|p2b: Sinistcha|Sinistcha, L50|100/100
|-ability|p2a: Incineroar|Intimidate|boost
|-unboost|p1a: Swampert|atk|1
|-unboost|p1b: Vivillon|atk|1
|turn|1
|
|t:|1786093201
|switch|p1a: Archaludon|Archaludon, L50, M|100/100
|move|p2a: Incineroar|Fake Out|p1b: Vivillon
|-damage|p1b: Vivillon|80/100
|cant|p1b: Vivillon|flinch
|move|p2b: Sinistcha|Trick Room|p2b: Sinistcha
|-fieldstart|move: Trick Room|[of] p2b: Sinistcha
|
|upkeep
|turn|2
|
|t:|1786093219
|move|p1b: Vivillon|Protect|p1b: Vivillon
|-singleturn|p1b: Vivillon|Protect
|move|p2b: Sinistcha|Rage Powder|p2b: Sinistcha
|-singleturn|p2b: Sinistcha|move: Rage Powder
|move|p2a: Incineroar|Parting Shot|p1a: Archaludon
|-unboost|p1a: Archaludon|atk|1
|-unboost|p1a: Archaludon|spa|1
|
|t:|1786093225
|switch|p2a: Gengar|Gengar, L50, M|100/100|[from] Parting Shot
|move|p1a: Archaludon|Flash Cannon|p2b: Sinistcha
|-damage|p2b: Sinistcha|77/100
|
|upkeep
|turn|3
|
|t:|1786093243
|detailschange|p2a: Gengar|Gengar-Mega, L50, M
|-mega|p2a: Gengar|Gengar|Gengarite
|move|p2b: Sinistcha|Rage Powder|p2b: Sinistcha
|-singleturn|p2b: Sinistcha|move: Rage Powder
|move|p1a: Archaludon|Flash Cannon|p2b: Sinistcha
|-damage|p2b: Sinistcha|53/100
|-unboost|p2b: Sinistcha|spd|1
|move|p1b: Vivillon|Sleep Powder|p2b: Sinistcha
|-immune|p2b: Sinistcha
|move|p2a: Gengar|Perish Song|p2a: Gengar
|-start|p1a: Archaludon|perish3|[silent]
|-start|p1b: Vivillon|perish3|[silent]
|-start|p2a: Gengar|perish3|[silent]
|-start|p2b: Sinistcha|perish3|[silent]
|-fieldactivate|move: Perish Song
|
|-start|p2b: Sinistcha|perish3
|-start|p1a: Archaludon|perish3
|-start|p1b: Vivillon|perish3
|-start|p2a: Gengar|perish3
|upkeep
|turn|4
|
|t:|1786093260
|move|p2b: Sinistcha|Rage Powder|p2b: Sinistcha
|-singleturn|p2b: Sinistcha|move: Rage Powder
|move|p1a: Archaludon|Flash Cannon|p2b: Sinistcha
|-damage|p2b: Sinistcha|20/100y
|move|p1b: Vivillon|Hurricane|p2b: Sinistcha
|-supereffective|p2b: Sinistcha|1
|-damage|p2b: Sinistcha|0 fnt
|faint|p2b: Sinistcha
|move|p2a: Gengar|Disable|p1b: Vivillon
|-start|p1b: Vivillon|Disable|Hurricane
|
|-start|p1a: Archaludon|perish2
|-start|p1b: Vivillon|perish2
|-start|p2a: Gengar|perish2
|upkeep
|
|t:|1786093274
|switch|p2b: Incineroar|Incineroar, L50, M|100/100
|-ability|p2b: Incineroar|Intimidate|boost
|-unboost|p1a: Archaludon|atk|1
|-unboost|p1b: Vivillon|atk|1
|turn|5
|inactive|KMMULLER2020 has 30 seconds left.
|inactive|KMMULLER2020 has 20 seconds left.
|
|t:|1786093312
|move|p2b: Incineroar|Protect|p2b: Incineroar
|-singleturn|p2b: Incineroar|Protect
|move|p2a: Gengar|Protect|p2a: Gengar
|-singleturn|p2a: Gengar|Protect
|move|p1a: Archaludon|Flash Cannon|p2a: Gengar
|-activate|p2a: Gengar|move: Protect
|move|p1b: Vivillon|Sleep Powder|p2b: Incineroar
|-activate|p2b: Incineroar|move: Protect
|
|-start|p1a: Archaludon|perish1
|-start|p1b: Vivillon|perish1
|-start|p2a: Gengar|perish1
|-fieldend|move: Trick Room
|upkeep
|turn|6
|
|t:|1786093333
|move|p2a: Gengar|Disable||[still]
|-fail|p2a: Gengar
|move|p1b: Vivillon|Sleep Powder|p2b: Incineroar
|-status|p2b: Incineroar|slp|[from] move: Sleep Powder
|move|p1a: Archaludon|Electro Shot||[still]
|-prepare|p1a: Archaludon|Electro Shot
|-boost|p1a: Archaludon|spa|1
|cant|p2b: Incineroar|slp
|
|-start|p2a: Gengar|perish0
|-start|p1b: Vivillon|perish0
|-start|p1a: Archaludon|perish0
|faint|p2a: Gengar
|faint|p1b: Vivillon
|faint|p1a: Archaludon
|upkeep
|
|t:|1786093347
|switch|p2a: Politoed|Politoed, L50, M|100/100
|switch|p1b: Politoed|Politoed, L50, F|100/100
|switch|p1a: Swampert|Swampert, L50, F|100/100
|-weather|RainDance|[from] ability: Drizzle|[of] p1b: Politoed
|turn|7
|
|t:|1786093364
|detailschange|p1a: Swampert|Swampert-Mega, L50, F
|-mega|p1a: Swampert|Swampert|Swampertite
|move|p1a: Swampert|Wave Crash|p2b: Incineroar
|-supereffective|p2b: Incineroar|1
|-damage|p2b: Incineroar|0 fnt
|faint|p2b: Incineroar
|-damage|p1a: Swampert|62/100|[from] Recoil
|move|p1b: Politoed|Hypnosis|p2a: Politoed
|-status|p2a: Politoed|slp|[from] move: Hypnosis
|cant|p2a: Politoed|slp
|
|-weather|RainDance|[upkeep]
|upkeep
|turn|8
|-message|KMMULLER2020 forfeited.
|
|win|annoptan
|raw|annoptan's rating: 1224 → 1251(+27 for winning)
|raw|KMMULLER2020's rating: 1249 → 1222(-27 for losing)
|c|☆KMMULLER2020|gg
|l|☆annoptan
|player|p1|
