|j|ŌśåBenniOVY
|j|ŌśåGlimme
|html|BenniOVYGlimme    
|uhtml|bestof|Game 2 of a best-of-3
|t:|1782658277
|gametype|doubles
|player|p1|BenniOVY|psychic-gen4|1272
|player|p2|Glimme|li|1320
|gen|9
|tier|[Gen 9 Champions] VGC 2026 Reg M-B (Bo3)
|rated|
|rule|Species Clause: Limit one of each Pok├®mon
|rule|Item Clause: Limit 1 of each item
|clearpoke
|poke|p1|Delphox, L50, F|
|poke|p1|Sneasler, L50, F|
|poke|p1|Incineroar, L50, M|
|poke|p1|Sinistcha, L50|
|poke|p1|Kingambit, L50, M|
|poke|p1|Floette-Eternal, L50, F|
|poke|p2|Charizard, L50, M, shiny|
|poke|p2|Farigiraf, L50, M, shiny|
|poke|p2|Kingambit, L50, M, shiny|
|poke|p2|Sylveon, L50, M, shiny|
|poke|p2|Aerodactyl, L50, M, shiny|
|poke|p2|Garchomp, L50, M, shiny|
|teampreview|4
|showteam|p1|Delphox||Delphoxite|Blaze|HeatWave,Psyshock,NastyPlot,Protect|Timid||F|||50|]Sneasler||WhiteHerb|Unburden|CloseCombat,DireClaw,FakeOut,Protect|Adamant||F|||50|]Incineroar||PasshoBerry|Intimidate|FlareBlitz,DarkestLariat,PartingShot,FakeOut|Impish||M|||50|]Sinistcha||KasibBerry|Hospitality|MatchaGotcha,LifeDew,RagePowder,Protect|Bold|||||50|]Kingambit||BlackGlasses|Defiant|KowtowCleave,SuckerPunch,SwordsDance,Protect|Adamant||M|||50|]Floette-Eternal||Floettite|FlowerVeil|DazzlingGleam,Moonblast,CalmMind,Protect|Modest||F|||50|
|showteam|p2|Charizard||CharizarditeY|SolarPower|Protect,WeatherBall,HeatWave,SolarBeam|Modest||M|||50|]Farigiraf||ExpertBelt|ArmorTail|HelpingHand,TwinBeam,Thunderbolt,TrickRoom|Bold||M|||50|]Kingambit||FocusSash|Defiant|KowtowCleave,SuckerPunch,IronHead,LowKick|Adamant||M|||50|]Sylveon||FairyFeather|Pixilate|Detect,HyperVoice,HyperBeam,QuickAttack|Modest||M|||50|]Aerodactyl||Aerodactylite|Unnerve|IceFang,RockSlide,DualWingbeat,Tailwind|Jolly||M|||50|]Garchomp||LifeOrb|RoughSkin|Protect,RockSlide,DragonClaw,Earthquake|Adamant||M|||50|
|inactive|Battle timer is ON: inactive players will automatically lose when time's up. (requested by Glimme)
|inactive|BenniOVY has 60 seconds left.
|inactive|Glimme has 60 seconds left.
|
|t:|1782658338
|teamsize|p1|4
|teamsize|p2|4
|start
|switch|p1a: Delphox|Delphox, L50, F|100/100
|switch|p1b: Sneasler|Sneasler, L50, F|100/100
|switch|p2a: Farigiraf|Farigiraf, L50, M, shiny|100/100
|switch|p2b: Kingambit|Kingambit, L50, M, shiny|100/100
|turn|1
|
|t:|1782658359
|switch|p2b: Garchomp|Garchomp, L50, M, shiny|100/100
|detailschange|p1a: Delphox|Delphox-Mega, L50, F
|-mega|p1a: Delphox|Delphox|Delphoxite
|move|p1a: Delphox|Heat Wave|p2a: Farigiraf|[spread] p2a,p2b
|-resisted|p2b: Garchomp|1
|-damage|p2a: Farigiraf|61/100
|-damage|p2b: Garchomp|78/100
|-status|p2b: Garchomp|brn
|move|p1b: Sneasler|Close Combat|p2b: Garchomp
|-damage|p2b: Garchomp|28/100 brn
|-unboost|p1b: Sneasler|def|1
|-unboost|p1b: Sneasler|spd|1
|-damage|p1b: Sneasler|87/100|[from] ability: Rough Skin|[of] p2b: Garchomp
|-enditem|p1b: Sneasler|White Herb
|-clearnegativeboost|p1b: Sneasler|[silent]
|move|p2a: Farigiraf|Twin Beam|p1b: Sneasler
|-supereffective|p1b: Sneasler|2
|-damage|p1b: Sneasler|1/100
|-supereffective|p1b: Sneasler|2
|-damage|p1b: Sneasler|0 fnt
|faint|p1b: Sneasler
|-hitcount|p1: Sneasler|2
|
|-damage|p2b: Garchomp|22/100 brn|[from] brn
|upkeep
|
|t:|1782658373
|switch|p1b: Incineroar|Incineroar, L50, M|100/100
|-ability|p1b: Incineroar|Intimidate|boost
|-unboost|p2a: Farigiraf|atk|1
|-unboost|p2b: Garchomp|atk|1
|turn|2
|
|t:|1782658387
|switch|p1b: Sinistcha|Sinistcha, L50|100/100
|move|p1a: Delphox|Heat Wave|p2a: Farigiraf|[spread] p2b
|-miss|p1a: Delphox|p2a: Farigiraf
|-resisted|p2b: Garchomp|1
|-damage|p2b: Garchomp|3/100 brn
|move|p2b: Garchomp|Rock Slide|p1a: Delphox|[spread] p1a,p1b
|-supereffective|p1a: Delphox|1
|-damage|p1a: Delphox|80/100
|-damage|p1b: Sinistcha|93/100
|-damage|p2b: Garchomp|0 fnt|[from] item: Life Orb
|faint|p2b: Garchomp
|move|p2a: Farigiraf|Thunderbolt|p1a: Delphox
|-damage|p1a: Delphox|60/100
|-status|p1a: Delphox|par
|
|upkeep
|
|t:|1782658391
|switch|p2b: Aerodactyl|Aerodactyl, L50, M, shiny|100/100
|-ability|p2b: Aerodactyl|Unnerve
|turn|3
|c|ŌśåBenniOVY|I miss clicked
|c|ŌśåBenniOVY|and that tucked me so bad
|c|ŌśåBenniOVY|fuck me
|c|ŌśåBenniOVY|guck
|c|ŌśåBenniOVY|me
|c|ŌśåGlimme|ufff
|
|t:|1782658414
|switch|p1a: Incineroar|Incineroar, L50, M|100/100
|-ability|p1a: Incineroar|Intimidate|boost
|-unboost|p2a: Farigiraf|atk|1
|-unboost|p2b: Aerodactyl|atk|1
|switch|p2a: Kingambit|Kingambit, L50, M, shiny|100/100
|detailschange|p2b: Aerodactyl|Aerodactyl-Mega, L50, M, shiny
|-mega|p2b: Aerodactyl|Aerodactyl|Aerodactylite
|move|p2b: Aerodactyl|Rock Slide|p1b: Sinistcha|[spread] p1a
|-miss|p2b: Aerodactyl|p1b: Sinistcha
|-supereffective|p1a: Incineroar|1
|-damage|p1a: Incineroar|75/100
|move|p1b: Sinistcha|Matcha Gotcha|p2a: Kingambit|[spread] p2a
|-miss|p1b: Sinistcha|p2b: Aerodactyl
|-resisted|p2a: Kingambit|1
|-damage|p2a: Kingambit|86/100
|-heal|p1b: Sinistcha|100/100|[from] drain|[of] p2a: Kingambit
|
|upkeep
|turn|4
|c|ŌśåBenniOVY|I meant to swap plot
|c|ŌśåBenniOVY|the spra wouldŌĆÖve been bad but playable at lesst
|
|t:|1782658438
|switch|p2b: Farigiraf|Farigiraf, L50, M, shiny|61/100
|move|p2a: Kingambit|Kowtow Cleave|p1b: Sinistcha
|-supereffective|p1b: Sinistcha|1
|-damage|p1b: Sinistcha|24/100
|move|p1b: Sinistcha|Matcha Gotcha|p2b: Farigiraf|[spread] p2b
|-miss|p1b: Sinistcha|p2a: Kingambit
|-damage|p2b: Farigiraf|38/100
|-heal|p1b: Sinistcha|39/100|[from] drain|[of] p2b: Farigiraf
|move|p1a: Incineroar|Flare Blitz|p2a: Kingambit
|-supereffective|p2a: Kingambit|1
|-damage|p2a: Kingambit|3/100
|-status|p2a: Kingambit|brn
|-damage|p1a: Incineroar|51/100|[from] Recoil
|
|-damage|p2a: Kingambit|0 fnt|[from] brn
|faint|p2a: Kingambit
|upkeep
|
|t:|1782658440
|switch|p2a: Aerodactyl|Aerodactyl-Mega, L50, M, shiny|100/100
|turn|5
|inactive|Glimme has 30 seconds left.
|inactive|BenniOVY has 30 seconds left.
|
|t:|1782658473
|move|p2b: Farigiraf|Helping Hand|p2a: Aerodactyl
|-singleturn|p2a: Aerodactyl|Helping Hand|[of] p2b: Farigiraf
|move|p2a: Aerodactyl|Rock Slide|p1b: Sinistcha|[spread] p1a,p1b
|-supereffective|p1a: Incineroar|1
|-crit|p1b: Sinistcha
|-damage|p1a: Incineroar|0 fnt
|-damage|p1b: Sinistcha|0 fnt
|faint|p1a: Incineroar
|faint|p1b: Sinistcha
|
|upkeep
|c|ŌśåGlimme|sorry bro
|c|ŌśåBenniOVY|Bruhhh
|c|ŌśåBenniOVY|fyck me
|c|ŌśåGlimme|i feel bad now
|c|ŌśåBenniOVY|yeh nah it just sucks
|inactive|BenniOVY has 30 seconds left.
|c|ŌśåBenniOVY|the mu is already bad enough so that doesnŌĆÖt help
|c|ŌśåGlimme|i hate this format
|inactive|BenniOVY has 20 seconds left.
|c|ŌśåBenniOVY|not much you can do against rockslide and crits
|inactive|BenniOVY has 15 seconds left.
|-message|BenniOVY forfeited.
|
|win|Glimme
|raw|BenniOVY's rating: 1272 → 1250(-22 for losing)
|raw|Glimme's rating: 1320 → 1337(+17 for winning)
|c|ŌśåGlimme|i think that you have a nice mu i always struggle
|l|ŌśåBenniOVY
|player|p1|
