|j|☆boncuss
|j|☆NoitUK_VGC
|html|boncussNoitUK_VGC    
|uhtml|bestof|Game 1 of a best-of-3
|t:|1783850422
|gametype|doubles
|player|p1|boncuss|wattson|1132
|player|p2|NoitUK_VGC|102|1082
|gen|9
|tier|[Gen 9 Champions] VGC 2026 Reg M-B (Bo3)
|rated|
|rule|Species Clause: Limit one of each Pokémon
|rule|Item Clause: Limit 1 of each item
|clearpoke
|poke|p1|Annihilape, L50, M|
|poke|p1|Grimmsnarl, L50, M|
|poke|p1|Pelipper, L50, F|
|poke|p1|Gholdengo, L50|
|poke|p1|Feraligatr, L50, F|
|poke|p1|Meowscarada, L50, F|
|poke|p2|Archaludon, L50, F|
|poke|p2|Swampert, L50, M|
|poke|p2|Pelipper, L50, F|
|poke|p2|Raichu, L50, F|
|poke|p2|Sableye, L50, M|
|poke|p2|Kingambit, L50, M|
|teampreview|4
|showteam|p1|Annihilape||Leftovers|Defiant|RageFist,DrainPunch,BulkUp,Protect|Careful||M|||50|]Grimmsnarl||LightClay|Prankster|FakeOut,Reflect,LightScreen,PartingShot|Careful||M|||50|]Pelipper||FocusSash|Drizzle|Hurricane,WeatherBall,Tailwind,Protect|Timid||F|||50|]Gholdengo||KasibBerry|GoodasGold|MakeItRain,ShadowBall,Protect,NastyPlot|Modest|||||50|]Feraligatr||Feraligite|SheerForce|Liquidation,DragonDance,DoubleEdge,Protect|Adamant||F|||50|]Meowscarada||ChoiceScarf|Protean|FlowerTrick,TripleAxel,Uturn,ThroatChop|Adamant||F|||50|
|showteam|p2|Archaludon||Leftovers|Stamina|Protect,ElectroShot,FlashCannon,DragonPulse|Modest||F|||50|]Swampert||Swampertite|Torrent|Protect,WaveCrash,Earthquake,IcePunch|Adamant||M|||50|]Pelipper||SitrusBerry|Drizzle|WideGuard,WeatherBall,Hurricane,Tailwind|Bold||F|||50|]Raichu||RaichuniteX|LightningRod|FakeOut,VoltTackle,VoltSwitch,PlayRough|Hasty||F|||50|]Sableye||RoseliBerry|Prankster|Encore,Disable,WillOWisp,RainDance|Relaxed||M|||50|]Kingambit||ChopleBerry|Defiant|KowtowCleave,SuckerPunch,IronHead,LowKick|Adamant||M|||50|
|inactive|Battle timer is ON: inactive players will automatically lose when time's up. (requested by boncuss)
|inactive|boncuss has 60 seconds left.
|inactive|NoitUK_VGC has 60 seconds left.
|inactive|NoitUK_VGC has 30 seconds left.
|inactive|NoitUK_VGC has 20 seconds left.
|
|t:|1783850494
|teamsize|p1|4
|teamsize|p2|4
|start
|switch|p1a: Grimmsnarl|Grimmsnarl, L50, M|100/100
|switch|p1b: Annihilape|Annihilape, L50, M|100/100
|switch|p2a: Sableye|Sableye, L50, M|100/100
|switch|p2b: Swampert|Swampert, L50, M|100/100
|turn|1
|inactive|boncuss has 30 seconds left.
|
|t:|1783850525
|switch|p1b: Meowscarada|Meowscarada, L50, F|100/100
|move|p2b: Swampert|Protect|p2b: Swampert
|-singleturn|p2b: Swampert|Protect
|move|p1a: Grimmsnarl|Fake Out|p2b: Swampert
|-activate|p2b: Swampert|move: Protect
|move|p2a: Sableye|Will-O-Wisp|p1b: Meowscarada
|-hint|Since gen 7, Dark is immune to Prankster moves.
|-immune|p1b: Meowscarada
|
|upkeep
|turn|2
|
|t:|1783850544
|detailschange|p2b: Swampert|Swampert-Mega, L50, M
|-mega|p2b: Swampert|Swampert|Swampertite
|move|p1a: Grimmsnarl|Reflect|p1a: Grimmsnarl
|-sidestart|p1: boncuss|Reflect
|move|p2a: Sableye|Rain Dance|p2a: Sableye
|-weather|RainDance
|move|p1b: Meowscarada|Throat Chop|p2a: Sableye
|-start|p1b: Meowscarada|typechange|Dark|[from] ability: Protean
|-damage|p2a: Sableye|51/100
|-start|p2a: Sableye|Throat Chop|[silent]
|move|p2b: Swampert|Ice Punch|p1b: Meowscarada
|-damage|p1b: Meowscarada|64/100
|-status|p1b: Meowscarada|frz
|
|-weather|RainDance|[upkeep]
|upkeep
|turn|3
|
|t:|1783850565
|switch|p2a: Archaludon|Archaludon, L50, F|100/100
|move|p1a: Grimmsnarl|Parting Shot|p2b: Swampert
|-unboost|p2b: Swampert|atk|1
|-unboost|p2b: Swampert|spa|1
|
|t:|1783850572
|switch|p1a: Feraligatr|Feraligatr, L50, F|100/100|[from] Parting Shot
|cant|p1b: Meowscarada|frz
|move|p2b: Swampert|Wave Crash|p1b: Meowscarada
|-damage|p1b: Meowscarada|0 fnt
|faint|p1b: Meowscarada
|-damage|p2b: Swampert|81/100|[from] Recoil
|
|-weather|RainDance|[upkeep]
|upkeep
|
|t:|1783850582
|switch|p1b: Annihilape|Annihilape, L50, M|100/100
|turn|4
|
|t:|1783850605
|switch|p2a: Sableye|Sableye, L50, M|51/100
|detailschange|p1a: Feraligatr|Feraligatr-Mega, L50, F
|-mega|p1a: Feraligatr|Feraligatr|Feraligite
|move|p2b: Swampert|Wave Crash|p1b: Annihilape
|-damage|p1b: Annihilape|53/100
|-damage|p2b: Swampert|63/100|[from] Recoil
|move|p1a: Feraligatr|Dragon Dance|p1a: Feraligatr
|-boost|p1a: Feraligatr|atk|1
|-boost|p1a: Feraligatr|spe|1
|move|p1b: Annihilape|Bulk Up|p1b: Annihilape
|-boost|p1b: Annihilape|atk|1
|-boost|p1b: Annihilape|def|1
|
|-weather|RainDance|[upkeep]
|-heal|p1b: Annihilape|59/100|[from] item: Leftovers
|upkeep
|turn|5
|
|t:|1783850628
|move|p2a: Sableye|Encore|p1a: Feraligatr
|-start|p1a: Feraligatr|Encore
|move|p2b: Swampert|Wave Crash|p1b: Annihilape
|-damage|p1b: Annihilape|28/100
|-damage|p2b: Swampert|50/100g|[from] Recoil
|move|p1a: Feraligatr|Dragon Dance|p1a: Feraligatr
|-boost|p1a: Feraligatr|atk|1
|-boost|p1a: Feraligatr|spe|1
|move|p1b: Annihilape|Rage Fist|p2a: Sableye
|-damage|p2a: Sableye|0 fnt
|faint|p2a: Sableye
|
|-weather|RainDance|[upkeep]
|-heal|p1b: Annihilape|34/100|[from] item: Leftovers
|upkeep
|
|t:|1783850642
|switch|p2a: Archaludon|Archaludon, L50, F|100/100
|turn|6
|
|t:|1783850650
|move|p1a: Feraligatr|Dragon Dance|p1a: Feraligatr
|-boost|p1a: Feraligatr|atk|1
|-boost|p1a: Feraligatr|spe|1
|move|p2b: Swampert|Wave Crash|p1b: Annihilape
|-damage|p1b: Annihilape|3/100
|-damage|p2b: Swampert|38/100|[from] Recoil
|move|p2a: Archaludon|Electro Shot||[still]
|-prepare|p2a: Archaludon|Electro Shot
|-boost|p2a: Archaludon|spa|1
|-anim|p2a: Archaludon|Electro Shot|p1a: Feraligatr
|-damage|p1a: Feraligatr|25/100
|move|p1b: Annihilape|Drain Punch|p2a: Archaludon
|-supereffective|p2a: Archaludon|1
|-damage|p2a: Archaludon|31/100
|-heal|p1b: Annihilape|34/100|[from] drain|[of] p2a: Archaludon
|-ability|p2a: Archaludon|Stamina|boost
|-boost|p2a: Archaludon|def|1
|
|-weather|none
|-heal|p2a: Archaludon|38/100|[from] item: Leftovers
|-heal|p1b: Annihilape|40/100|[from] item: Leftovers
|upkeep
|turn|7
|inactive|boncuss has 30 seconds left.
|inactive|NoitUK_VGC has 30 seconds left.
|inactive|NoitUK_VGC has 20 seconds left.
|
|t:|1783850686
|move|p1a: Feraligatr|Dragon Dance|p1a: Feraligatr
|-boost|p1a: Feraligatr|atk|1
|-boost|p1a: Feraligatr|spe|1
|move|p2b: Swampert|Wave Crash|p1b: Annihilape
|-damage|p1b: Annihilape|18/100
|-damage|p2b: Swampert|29/100|[from] Recoil
|move|p2a: Archaludon|Dragon Pulse|p1b: Annihilape
|-damage|p1b: Annihilape|0 fnt
|faint|p1b: Annihilape
|
|-heal|p2a: Archaludon|44/100|[from] item: Leftovers
|-end|p1a: Feraligatr|Encore
|upkeep
|
|t:|1783850698
|switch|p1b: Grimmsnarl|Grimmsnarl, L50, M|100/100
|turn|8
|inactive|boncuss has 30 seconds left.
|inactive|boncuss has 20 seconds left.
|
|t:|1783850735
|move|p1b: Grimmsnarl|Light Screen|p1b: Grimmsnarl
|-sidestart|p1: boncuss|move: Light Screen
|move|p1a: Feraligatr|Double-Edge|p2a: Archaludon
|-damage|p2a: Archaludon|0 fnt
|faint|p2a: Archaludon
|-damage|p1a: Feraligatr|7/100|[from] Recoil
|move|p2b: Swampert|Earthquake|p1a: Feraligatr|[spread] p1a,p1b
|-damage|p1a: Feraligatr|0 fnt
|-damage|p1b: Grimmsnarl|74/100
|faint|p1a: Feraligatr
|
|upkeep
|
|t:|1783850745
|switch|p2a: Kingambit|Kingambit, L50, M|100/100
|turn|9
|-message|boncuss forfeited.
|
|win|NoitUK_VGC
||boncuss is ready for game 2.
||NoitUK_VGC is ready for game 2.
|uhtml|next|Next: Game 2 of 3
|l|☆boncuss
|player|p1|
