|j|☆TenkiBD
|j|☆hahadontcare
|html|TenkiBDhahadontcare    
|uhtml|bestof|Game 1 of a best-of-3
|t:|1785012795
|gametype|doubles
|player|p1|TenkiBD|lucas|1203
|player|p2|hahadontcare|unknown|1107
|gen|9
|tier|[Gen 9 Champions] VGC 2026 Reg M-B (Bo3)
|rated|
|rule|Species Clause: Limit one of each Pokémon
|rule|Item Clause: Limit 1 of each item
|clearpoke
|poke|p1|Charizard, L50, M|
|poke|p1|Floette-Eternal, L50, F|
|poke|p1|Garchomp, L50, F|
|poke|p1|Whimsicott, L50, M|
|poke|p1|Basculegion, L50, M|
|poke|p1|Kingambit, L50, M|
|poke|p2|Sinistcha, L50|
|poke|p2|Rotom-Wash, L50|
|poke|p2|Garchomp, L50, M|
|poke|p2|Incineroar, L50, M|
|poke|p2|Zoroark-Hisui, L50, F|
|poke|p2|Lucario, L50, F|
|teampreview|4
|showteam|p1|Charizard||CharizarditeY|Blaze|HeatWave,SolarBeam,WeatherBall,Protect|Modest||M|||50|]Floette-Eternal||Floettite|FlowerVeil|Moonblast,DazzlingGleam,LightofRuin,Protect|Modest||F|||50|]Garchomp||LifeOrb|RoughSkin|DragonClaw,Earthquake,Protect,RockSlide|Jolly||F|||50|]Whimsicott||FocusSash|Prankster|Moonblast,Tailwind,Encore,Protect|Timid||M|||50|]Basculegion||MysticWater|Adaptability|WaveCrash,LastRespects,AquaJet,Protect|Adamant||M|||50|]Kingambit||BlackGlasses|Defiant|KowtowCleave,Protect,SuckerPunch,IronHead|Adamant||M|||50|
|showteam|p2|Sinistcha||Leftovers|Hospitality|MatchaGotcha,RagePowder,StrengthSap,Protect|Sassy|||||50|]Rotom-Wash||SitrusBerry|Levitate|HydroPump,Thunderbolt,WillOWisp,Protect|Modest|||||50|]Garchomp||YacheBerry|RoughSkin|Earthquake,DragonClaw,RockSlide,Protect|Jolly||M|||50|]Incineroar||Charcoal|Intimidate|FlareBlitz,FakeOut,DarkestLariat,SunnyDay|Careful||M|||50|]Zoroark-Hisui||FocusSash|Illusion|Extrasensory,FocusBlast,Poltergeist,FakeTears|Serious||F|||50|]Lucario||Lucarionite|InnerFocus|NastyPlot,AuraSphere,FlashCannon,Protect|Timid||F|||50|
|
|t:|1785012861
|teamsize|p1|4
|teamsize|p2|4
|start
|switch|p1a: Whimsicott|Whimsicott, L50, M|100/100
|switch|p1b: Floette|Floette-Eternal, L50, F|100/100
|switch|p2a: Rotom|Rotom-Wash, L50|100/100
|switch|p2b: Poopario|Lucario, L50, F|100/100
|turn|1
|
|t:|1785012882
|detailschange|p2b: Poopario|Lucario-Mega, L50, F
|-mega|p2b: Poopario|Lucario|Lucarionite
|detailschange|p1b: Floette|Floette-Mega, L50, F
|-mega|p1b: Floette|Floette|Floettite
|-ability|p1b: Floette|Fairy Aura
|move|p1a: Whimsicott|Tailwind|p1a: Whimsicott
|-sidestart|p1: TenkiBD|move: Tailwind
|move|p1b: Floette|Moonblast|p2b: Poopario
|-damage|p2b: Poopario|0 fnt
|faint|p2b: Poopario
|move|p2a: Rotom|Will-O-Wisp|p1a: Whimsicott
|-status|p1a: Whimsicott|brn
|
|-damage|p1a: Whimsicott|94/100 brn|[from] brn
|upkeep
|
|t:|1785012899
|switch|p2b: Incineroar|Incineroar, L50, M|100/100
|-ability|p2b: Incineroar|Intimidate|boost
|-unboost|p1a: Whimsicott|atk|1
|-unboost|p1b: Floette|atk|1
|turn|2
|
|t:|1785012918
|move|p1a: Whimsicott|Protect|p1a: Whimsicott
|-singleturn|p1a: Whimsicott|Protect
|move|p1b: Floette|Protect|p1b: Floette
|-singleturn|p1b: Floette|Protect
|move|p2b: Incineroar|Fake Out|p1a: Whimsicott
|-activate|p1a: Whimsicott|move: Protect
|move|p2a: Rotom|Hydro Pump|p1b: Floette
|-activate|p1b: Floette|move: Protect
|
|-damage|p1a: Whimsicott|88/100 brn|[from] brn
|upkeep
|turn|3
|
|t:|1785012973
|move|p2a: Rotom|Protect|p2a: Rotom
|-singleturn|p2a: Rotom|Protect
|move|p1a: Whimsicott|Moonblast|p2b: Incineroar
|-damage|p2b: Incineroar|65/100
|move|p1b: Floette|Moonblast|p2b: Incineroar
|-damage|p2b: Incineroar|9/100
|move|p2b: Incineroar|Flare Blitz|p1a: Whimsicott
|-supereffective|p1a: Whimsicott|1
|-damage|p1a: Whimsicott|0 fnt
|faint|p1a: Whimsicott
|-damage|p2b: Incineroar|0 fnt|[from] Recoil
|faint|p2b: Incineroar
|
|upkeep
|inactive|Battle timer is ON: inactive players will automatically lose when time's up. (requested by TenkiBD)
|
|t:|1785013010
|switch|p1a: Basculegion|Basculegion, L50, M|100/100
|switch|p2b: Garchomp|Garchomp, L50, M|100/100
|turn|4
|
|t:|1785013027
|move|p2b: Garchomp|Protect|p2b: Garchomp
|-singleturn|p2b: Garchomp|Protect
|move|p1b: Floette|Moonblast|p2a: Rotom
|-damage|p2a: Rotom|28/100
|-enditem|p2a: Rotom|Sitrus Berry|[eat]
|-heal|p2a: Rotom|53/100|[from] item: Sitrus Berry
|move|p1a: Basculegion|Last Respects|p2a: Rotom
|-damage|p2a: Rotom|0 fnt
|faint|p2a: Rotom
|
|-sideend|p1: TenkiBD|move: Tailwind
|upkeep
|turn|5
|
|t:|1785013045
|move|p2b: Garchomp|Earthquake|p1a: Basculegion|[spread] p1a,p1b
|-damage|p1a: Basculegion|47/100
|-damage|p1b: Floette|56/100
|move|p1b: Floette|Moonblast|p2b: Garchomp
|-supereffective|p2b: Garchomp|1
|-crit|p2b: Garchomp
|-damage|p2b: Garchomp|0 fnt
|faint|p2b: Garchomp
|
|win|TenkiBD
||TenkiBD is ready for game 2.
|inactive|hahadontcare has 30 seconds to confirm battle start!
||hahadontcare is ready for game 2.
|uhtml|next|Next: Game 2 of 3
