|j|☆dartsvg
|j|☆EternalSnowman
|html|dartsvgEternalSnowman    
|uhtml|bestof|Game 1 of a best-of-3
|t:|1783267167
|gametype|doubles
|player|p1|dartsvg|#smogonxnpa2024draftee2|
|player|p2|EternalSnowman|#dwcopv|
|gen|9
|tier|[Gen 9 Champions] VGC 2026 Reg M-B (Bo3)
|rule|Species Clause: Limit one of each Pokémon
|rule|Item Clause: Limit 1 of each item
|clearpoke
|poke|p1|Charizard, L50, F|
|poke|p1|Venusaur, L50, M|
|poke|p1|Farigiraf, L50, M|
|poke|p1|Incineroar, L50, F|
|poke|p1|Sylveon, L50, M|
|poke|p1|Garchomp, L50, F|
|poke|p2|Hydreigon, L50, F|
|poke|p2|Arcanine-Hisui, L50, M|
|poke|p2|Tyranitar, L50, M|
|poke|p2|Venusaur, L50, M|
|poke|p2|Corviknight, L50, M|
|poke|p2|Toxapex, L50, F|
|teampreview|4
|showteam|p1|Charizard||CharizarditeY|Blaze|HeatWave,WeatherBall,HelpingHand,Protect|Modest||F|||50|]Venusaur||LifeOrb|Chlorophyll|SolarBeam,SludgeBomb,EarthPower,Protect|Modest||M|||50|]Farigiraf||SitrusBerry|ArmorTail|Psychic,TrickRoom,Thunderbolt,Protect|Calm||M|||50|]Incineroar||Leftovers|Intimidate|FlareBlitz,DarkestLariat,PartingShot,FakeOut|Brave||F|||50|]Sylveon||FairyFeather|Pixilate|HyperVoice,QuickAttack,Yawn,Protect|Quiet||M|||50|]Garchomp||ChoiceScarf|RoughSkin|DragonClaw,StompingTantrum,Earthquake,RockSlide|Adamant||F|||50|
|showteam|p2|Hydreigon||HabanBerry|Levitate|DarkPulse,DracoMeteor,Protect,EarthPower|Timid||F|||50|]Arcanine-Hisui||FocusSash|RockHead|HeadSmash,FlareBlitz,Protect,ExtremeSpeed|Jolly||M|||50|]Tyranitar||Tyranitarite|SandStream|RockSlide,KnockOff,LowKick,Protect|Adamant||M|||50|]Venusaur||Venusaurite|Chlorophyll|GigaDrain,SludgeBomb,EarthPower,Protect|Modest||M|||50|]Corviknight||OccaBerry|MirrorArmor|IronHead,Protect,BraveBird,Tailwind|Adamant||M|||50|]Toxapex||Leftovers|Regenerator|Toxic,BanefulBunker,WideGuard,Infestation|Bold||F|||50|
|inactive|Battle timer is ON: inactive players will automatically lose when time's up. (requested by dartsvg)
|inactiveoff|Battle timer is now OFF.
|c|☆dartsvg|glhf
|c|☆EternalSnowman|glhf
|c|☆dartsvg|can you /publicroom
|c|☆EternalSnowman|we are public
|c|☆dartsvg|oh dope
|j|+qsns
|j| Givrix
|
|t:|1783267272
|teamsize|p1|4
|teamsize|p2|4
|start
|switch|p1a: Sylveon|Sylveon, L50, M|100/100
|switch|p1b: Incineroar|Incineroar, L50, F|100/100
|switch|p2a: Tyranitar|Tyranitar, L50, M|100/100
|switch|p2b: Corviknight|Corviknight, L50, M|100/100
|-weather|Sandstorm|[from] ability: Sand Stream|[of] p2a: Tyranitar
|-ability|p1b: Incineroar|Intimidate|boost
|-unboost|p2a: Tyranitar|atk|1
|-ability|p2b: Corviknight|Mirror Armor
|-unboost|p1b: Incineroar|atk|1
|turn|1
|
|t:|1783267283
|move|p2a: Tyranitar|Protect|p2a: Tyranitar
|-singleturn|p2a: Tyranitar|Protect
|move|p2b: Corviknight|Protect|p2b: Corviknight
|-singleturn|p2b: Corviknight|Protect
|move|p1b: Incineroar|Fake Out|p2a: Tyranitar
|-activate|p2a: Tyranitar|move: Protect
|move|p1a: Sylveon|Yawn|p2b: Corviknight
|-activate|p2b: Corviknight|move: Protect
|
|-weather|Sandstorm|[upkeep]
|-damage|p1b: Incineroar|94/100|[from] Sandstorm
|-damage|p1a: Sylveon|93/100|[from] Sandstorm
|-heal|p1b: Incineroar|100/100|[from] item: Leftovers
|upkeep
|turn|2
|j| val16
|
|t:|1783267301
|move|p2a: Tyranitar|Rock Slide|p1b: Incineroar|[spread] p1a,p1b
|-supereffective|p1b: Incineroar|1
|-damage|p1a: Sylveon|72/100
|-damage|p1b: Incineroar|67/100
|move|p2b: Corviknight|Iron Head|p1a: Sylveon
|-supereffective|p1a: Sylveon|1
|-damage|p1a: Sylveon|6/100
|cant|p1b: Incineroar|flinch
|cant|p1a: Sylveon|flinch
|
|-weather|Sandstorm|[upkeep]
|-damage|p1b: Incineroar|61/100|[from] Sandstorm
|-damage|p1a: Sylveon|1/100|[from] Sandstorm
|-heal|p1b: Incineroar|67/100|[from] item: Leftovers
|upkeep
|turn|3
|
|t:|1783267313
|switch|p1a: Garchomp|Garchomp, L50, F|100/100
|move|p2a: Tyranitar|Rock Slide|p1b: Incineroar|[spread] p1a,p1b
|-resisted|p1a: Garchomp|1
|-supereffective|p1b: Incineroar|1
|-damage|p1a: Garchomp|90/100
|-damage|p1b: Incineroar|30/100
|move|p2b: Corviknight|Brave Bird|p1b: Incineroar
|-damage|p1b: Incineroar|0 fnt
|faint|p1b: Incineroar
|-damage|p2b: Corviknight|90/100|[from] Recoil
|
|-weather|Sandstorm|[upkeep]
|upkeep
|j| kcric
|j| LogIce
|
|t:|1783267321
|switch|p1b: Charizard|Charizard, L50, F|100/100
|turn|4
|
|t:|1783267328
|move|p1b: Charizard|Helping Hand|p1a: Garchomp
|-singleturn|p1a: Garchomp|Helping Hand|[of] p1b: Charizard
|move|p2a: Tyranitar|Protect|p2a: Tyranitar
|-singleturn|p2a: Tyranitar|Protect
|move|p2b: Corviknight|Protect|p2b: Corviknight
|-singleturn|p2b: Corviknight|Protect
|move|p1a: Garchomp|Stomping Tantrum|p2a: Tyranitar
|-activate|p2a: Tyranitar|move: Protect
|
|-weather|Sandstorm|[upkeep]
|-damage|p1b: Charizard|93/100|[from] Sandstorm
|upkeep
|turn|5
|
|t:|1783267342
|switch|p2a: Hydreigon|Hydreigon, L50, F|100/100
|detailschange|p1b: Charizard|Charizard-Mega-Y, L50, F
|-mega|p1b: Charizard|Charizard|Charizardite Y
|-weather|SunnyDay|[from] ability: Drought|[of] p1b: Charizard
|move|p1a: Garchomp|Stomping Tantrum|p2a: Hydreigon
|-immune|p2a: Hydreigon|[from] ability: Levitate
|move|p1b: Charizard|Heat Wave|p2b: Corviknight|[spread] p2a,p2b
|-resisted|p2a: Hydreigon|1
|-supereffective|p2b: Corviknight|1
|-enditem|p2b: Corviknight|Occa Berry|[eat]
|-enditem|p2b: Corviknight|Occa Berry|[weaken]
|-damage|p2a: Hydreigon|62/100
|-damage|p2b: Corviknight|29/100
|move|p2b: Corviknight|Tailwind|p2b: Corviknight
|-sidestart|p2: EternalSnowman|move: Tailwind
|
|-weather|SunnyDay|[upkeep]
|upkeep
|turn|6
|j| Skwovetboi
|-message|dartsvg forfeited.
|
|win|EternalSnowman
||dartsvg is ready for game 2.
||EternalSnowman is ready for game 2.
|uhtml|next|Next: Game 2 of 3
|l| LogIce
|j|+iPetBigfoot
|j| Terekusai
|j| xmarsh
|j|+bagel
|j| slitherwingfan6
|j| Schister
|j| skittycel
|j| elevenzai
|j| Jello1231
|j| glimmeraqua
|j| Raf
|l| Jello1231
|l| glimmeraqua
|l| Givrix
|l| Schister
|j| Givrix
|l| Givrix
|j| ratpacker
|j| Xrn
|l| skittycel
|l| Xrn
|j| AIRedzone
|l| elevenzai
|j| ned04817
|l| ratpacker
|l|+iPetBigfoot
|l| AIRedzone
|l|+bagel
|l| val16
|l| Raf
|l| xmarsh
|l| Skwovetboi
|l| slitherwingfan6
|l| ned04817
|l| Terekusai
|l|☆dartsvg
|player|p1|
|j|+radio free c-side
|l|+radio free c-side
