|j|☆f49 buffchary
|j|☆f81malla
|html|f49 buffcharyf81malla    
|uhtml|bestof|Game 1 of a best-of-3
|t:|1785082728
|gametype|doubles
|player|p1|f49 buffchary|169|
|player|p2|f81malla|grimsley|
|gen|9
|tier|[Gen 9 Champions] VGC 2026 Reg M-B (Bo3)
|rule|Species Clause: Limit one of each Pokémon
|rule|Item Clause: Limit 1 of each item
|clearpoke
|poke|p1|Blaziken, L50, M, shiny|
|poke|p1|Floette-Eternal, L50, F|
|poke|p1|Incineroar, L50, M, shiny|
|poke|p1|Sinistcha-Masterpiece, L50, shiny|
|poke|p1|Kingambit, L50, M, shiny|
|poke|p1|Dragonite, L50, M|
|poke|p2|Mawile, L50, M, shiny|
|poke|p2|Raichu, L50, M|
|poke|p2|Sinistcha, L50|
|poke|p2|Ceruledge, L50, M, shiny|
|poke|p2|Incineroar, L50, F|
|poke|p2|Milotic, L50, F|
|teampreview|4
|showteam|p1|Blaziken||Blazikenite|SpeedBoost|FlareBlitz,CloseCombat,StoneEdge,Detect|Adamant||M|||50|]Floette-Eternal||Floettite|FlowerVeil|DrainingKiss,DazzlingGleam,CalmMind,Protect|Bold||F|||50|]Incineroar||SitrusBerry|Intimidate|FlareBlitz,DarkestLariat,PartingShot,FakeOut|Impish||M|||50|]Sinistcha-Masterpiece||OccaBerry|Hospitality|MatchaGotcha,RagePowder,TrickRoom,Protect|Bold|||||50|]Kingambit||LifeOrb|Defiant|KowtowCleave,SuckerPunch,IronHead,Protect|Adamant||M|||50|]Dragonite||LumBerry|InnerFocus|DragonClaw,AerialAce,LowKick,ExtremeSpeed|Adamant||M|||50|
|showteam|p2|Mawile||Mawilite|HyperCutter|PlayRough,SuckerPunch,SwordsDance,Protect|Adamant||M|||50|]Raichu||RaichuniteY|LightningRod|ZapCannon,FocusBlast,FakeOut,Protect|Timid||M|||50|]Sinistcha||KasibBerry|Hospitality|Protect,RagePowder,MatchaGotcha,LifeDew|Calm|||||50|]Ceruledge||ColburBerry|FlashFire|BulkUp,Protect,ShadowSneak,BitterBlade|Adamant||M|||50|]Incineroar||SitrusBerry|Intimidate|FakeOut,ThroatChop,FlareBlitz,PartingShot|Impish||F|||50|]Milotic||Leftovers|Competitive|MuddyWater,Hypnosis,Coil,Protect|Calm||F|||50|
|inactive|Battle timer is ON: inactive players will automatically lose when time's up. (requested by f81malla)
|j| f27 BuffLucario
|inactive|f49 buffchary has 60 seconds left.
|inactive|f81malla has 60 seconds left.
|
|t:|1785082764
|teamsize|p1|4
|teamsize|p2|4
|start
|switch|p1a: Floette|Floette-Eternal, L50, F|100/100
|switch|p1b: Dragonite|Dragonite, L50, M|100/100
|switch|p2a: Raichu|Raichu, L50, M|100/100
|switch|p2b: Ceruledge|Ceruledge, L50, M, shiny|100/100
|turn|1
|
|t:|1785082774
|switch|p1a: Incineroar|Incineroar, L50, M, shiny|100/100
|-ability|p1a: Incineroar|Intimidate|boost
|-unboost|p2a: Raichu|atk|1
|-unboost|p2b: Ceruledge|atk|1
|detailschange|p2a: Raichu|Raichu-Mega-Y, L50, M
|-mega|p2a: Raichu|Raichu|Raichunite Y
|move|p2a: Raichu|Fake Out|p1b: Dragonite
|-damage|p1b: Dragonite|93/100
|move|p1b: Dragonite|Dragon Claw|p2b: Ceruledge
|-damage|p2b: Ceruledge|49/100
|move|p2b: Ceruledge|Bulk Up|p2b: Ceruledge
|-boost|p2b: Ceruledge|atk|1
|-boost|p2b: Ceruledge|def|1
|
|upkeep
|turn|2
|c| f27 BuffLucario|leer es lava
|c| f27 BuffLucario|xd
|
|t:|1785082798
|switch|p2a: Sinistcha|Sinistcha, L50|100/100
|-heal|p2b: Ceruledge|74/100|[from] ability: Hospitality|[of] p2a: Sinistcha
|move|p1b: Dragonite|Dragon Claw|p2a: Sinistcha
|-damage|p2a: Sinistcha|57/100
|move|p2b: Ceruledge|Bitter Blade|p1b: Dragonite
|-resisted|p1b: Dragonite|1
|-damage|p1b: Dragonite|69/100
|-heal|p2b: Ceruledge|85/100|[from] drain|[of] p1b: Dragonite
|move|p1a: Incineroar|Parting Shot|p2b: Ceruledge
|-unboost|p2b: Ceruledge|atk|1
|-unboost|p2b: Ceruledge|spa|1
|
|t:|1785082808
|switch|p1a: Floette|Floette-Eternal, L50, F|100/100|[from] Parting Shot
|
|upkeep
|turn|3
|
|t:|1785082820
|switch|p2b: Milotic|Milotic, L50, F|100/100
|detailschange|p1a: Floette|Floette-Mega, L50, F
|-mega|p1a: Floette|Floette|Floettite
|-ability|p1a: Floette|Fairy Aura
|move|p1a: Floette|Calm Mind|p1a: Floette
|-boost|p1a: Floette|spa|1
|-boost|p1a: Floette|spd|1
|move|p1b: Dragonite|Dragon Claw|p2a: Sinistcha
|-damage|p2a: Sinistcha|14/100
|move|p2a: Sinistcha|Life Dew||[still]|[spread] p2a,p2b
|-heal|p2a: Sinistcha|39/100
|-fail|p2b: Milotic|heal
|
|upkeep
|turn|4
|inactive|f49 buffchary has 30 seconds left.
|
|t:|1785082849
|switch|p2a: Ceruledge|Ceruledge, L50, M, shiny|85/100
|move|p1a: Floette|Calm Mind|p1a: Floette
|-boost|p1a: Floette|spa|1
|-boost|p1a: Floette|spd|1
|move|p1b: Dragonite|Dragon Claw|p2b: Milotic
|-damage|p2b: Milotic|58/100
|move|p2b: Milotic|Coil|p2b: Milotic
|-boost|p2b: Milotic|atk|1
|-boost|p2b: Milotic|def|1
|-boost|p2b: Milotic|accuracy|1
|
|-heal|p2b: Milotic|64/100|[from] item: Leftovers
|upkeep
|turn|5
|inactive|f81malla has 30 seconds left.
|
|t:|1785082875
|move|p1a: Floette|Dazzling Gleam|p2b: Milotic|[spread] p2a,p2b
|-resisted|p2a: Ceruledge|1
|-damage|p2a: Ceruledge|48/100
|-damage|p2b: Milotic|14/100
|move|p1b: Dragonite|Dragon Claw|p2b: Milotic
|-damage|p2b: Milotic|0 fnt
|faint|p2b: Milotic
|move|p2a: Ceruledge|Bulk Up|p2a: Ceruledge
|-boost|p2a: Ceruledge|atk|1
|-boost|p2a: Ceruledge|def|1
|
|upkeep
|j| WeatherCode76
|
|t:|1785082881
|switch|p2b: Sinistcha|Sinistcha, L50|39/100
|-heal|p2a: Ceruledge|72/100|[from] ability: Hospitality|[of] p2b: Sinistcha
|turn|6
|
|t:|1785082886
|switch|p1b: Incineroar|Incineroar, L50, M, shiny|100/100
|-ability|p1b: Incineroar|Intimidate|boost
|-unboost|p2a: Ceruledge|atk|1
|-unboost|p2b: Sinistcha|atk|1
|move|p1a: Floette|Dazzling Gleam|p2b: Sinistcha|[spread] p2a,p2b
|-resisted|p2a: Ceruledge|1
|-damage|p2a: Ceruledge|29/100
|-damage|p2b: Sinistcha|0 fnt
|faint|p2b: Sinistcha
|move|p2a: Ceruledge|Bulk Up|p2a: Ceruledge
|-boost|p2a: Ceruledge|atk|1
|-boost|p2a: Ceruledge|def|1
|
|upkeep
|
|t:|1785082890
|switch|p2b: Raichu|Raichu-Mega-Y, L50, M|100/100
|turn|7
|j| BygameJorge
|
|t:|1785082910
|move|p1a: Floette|Protect|p1a: Floette
|-singleturn|p1a: Floette|Protect
|move|p2b: Raichu|Fake Out|p1a: Floette
|-activate|p1a: Floette|move: Protect
|move|p2a: Ceruledge|Bitter Blade|p1b: Incineroar
|-resisted|p1b: Incineroar|1
|-damage|p1b: Incineroar|73/100
|-heal|p2a: Ceruledge|44/100|[from] drain|[of] p1b: Incineroar
|move|p1b: Incineroar|Parting Shot|p2a: Ceruledge
|-unboost|p2a: Ceruledge|atk|1
|-unboost|p2a: Ceruledge|spa|1
|
|t:|1785082918
|switch|p1b: Dragonite|Dragonite, L50, M|69/100|[from] Parting Shot
|
|upkeep
|turn|8
|
|t:|1785082926
|move|p2b: Raichu|Zap Cannon|p1b: Dragonite
|-damage|p1b: Dragonite|0 fnt
|faint|p1b: Dragonite
|move|p1a: Floette|Dazzling Gleam|p2a: Ceruledge|[spread] p2a,p2b
|-resisted|p2a: Ceruledge|1
|-damage|p2a: Ceruledge|1/100
|-damage|p2b: Raichu|0 fnt
|faint|p2b: Raichu
|move|p2a: Ceruledge|Bitter Blade|p1a: Floette
|-damage|p1a: Floette|61/100
|-heal|p2a: Ceruledge|19/100|[from] drain|[of] p1a: Floette
|
|upkeep
|
|t:|1785082929
|switch|p1b: Incineroar|Incineroar, L50, M, shiny|73/100
|-ability|p1b: Incineroar|Intimidate|boost
|-unboost|p2a: Ceruledge|atk|1
|turn|9
|
|t:|1785082935
|switch|p1b: Sinistcha|Sinistcha-Masterpiece, L50, shiny|100/100
|-heal|p1a: Floette|86/100|[from] ability: Hospitality|[of] p1b: Sinistcha
|move|p2a: Ceruledge|Protect|p2a: Ceruledge
|-singleturn|p2a: Ceruledge|Protect
|move|p1a: Floette|Dazzling Gleam|p2a: Ceruledge
|-activate|p2a: Ceruledge|move: Protect
|
|upkeep
|turn|10
|inactive|f49 buffchary has 30 seconds left.
|inactive|f49 buffchary has 20 seconds left.
|
|t:|1785082971
|switch|p1b: Incineroar|Incineroar, L50, M, shiny|73/100
|-ability|p1b: Incineroar|Intimidate|boost
|-unboost|p2a: Ceruledge|atk|1
|move|p1a: Floette|Dazzling Gleam|p2a: Ceruledge
|-resisted|p2a: Ceruledge|1
|-damage|p2a: Ceruledge|0 fnt
|faint|p2a: Ceruledge
|
|win|f49 buffchary
||f81malla is ready for game 2.
||f49 buffchary is ready for game 2.
|uhtml|next|Next: Game 2 of 3
|l| BygameJorge
|l| f27 BuffLucario
|l|☆f81malla
|player|p2|
|l|☆f49 buffchary
|player|p1|
|j|☆f49 buffchary
|player|p1|f49 buffchary|169|
