|j|☆vril fur4et
|j|☆klkconklwa
|html|vril fur4etklkconklwa    
|uhtml|bestof|Game 1 of a best-of-3
|t:|1784376097
|gametype|doubles
|player|p1|vril fur4et|li|1210
|player|p2|klkconklwa|1|1245
|gen|9
|tier|[Gen 9 Champions] VGC 2026 Reg M-B (Bo3)
|rated|
|rule|Species Clause: Limit one of each Pokémon
|rule|Item Clause: Limit 1 of each item
|clearpoke
|poke|p1|Mawile, L50, M|
|poke|p1|Rotom-Mow, L50|
|poke|p1|Farigiraf, L50, F|
|poke|p1|Primarina, L50, M|
|poke|p1|Sneasler, L50, F|
|poke|p1|Incineroar, L50, M|
|poke|p2|Charizard, L50, F, shiny|
|poke|p2|Kingambit, L50, M, shiny|
|poke|p2|Incineroar, L50, F, shiny|
|poke|p2|Sylveon, L50, M, shiny|
|poke|p2|Garchomp, L50, F, shiny|
|poke|p2|Aerodactyl, L50, F, shiny|
|teampreview|4
|showteam|p1|Mawile||Mawilite|Intimidate|SuckerPunch,PlayRough,Protect,SwordsDance|Brave||M|||50|]Rotom-Mow||OccaBerry|Levitate|VoltSwitch,LeafStorm,Protect,WillOWisp|Quiet|||||50|]Farigiraf||ColburBerry|ArmorTail|HyperVoice,TrickRoom,Protect,Psychic|Quiet||F|||50|]Primarina||MysticWater|LiquidVoice|PerishSong,HyperVoice,Protect,Moonblast|Modest||M|||50|]Sneasler||FocusSash|PoisonTouch|FakeOut,CloseCombat,DireClaw,Protect|Jolly||F|||50|]Incineroar||SitrusBerry|Intimidate|FlareBlitz,FakeOut,PartingShot,ThroatChop|Careful||M|||50|
|showteam|p2|Charizard||CharizarditeY|Blaze|WeatherBall,HeatWave,SolarBeam,Protect|Modest||F|||50|]Kingambit||FocusSash|Defiant|IronHead,SuckerPunch,KowtowCleave,LowKick|Adamant||M|||50|]Incineroar||SitrusBerry|Intimidate|FlareBlitz,FakeOut,DarkestLariat,PartingShot|Impish||F|||50|]Sylveon||FairyFeather|Pixilate|HyperVoice,QuickAttack,Yawn,Detect|Modest||M|||50|]Garchomp||LifeOrb|RoughSkin|Protect,DragonClaw,Earthquake,StompingTantrum|Jolly||F|||50|]Aerodactyl||Aerodactylite|Unnerve|RockSlide,DualWingbeat,Tailwind,IceFang|Jolly||F|||50|
|inactive|Battle timer is ON: inactive players will automatically lose when time's up. (requested by vril fur4et)
|
|t:|1784376214
|teamsize|p1|4
|teamsize|p2|4
|start
|switch|p1a: Sneasler|Sneasler, L50, F|100/100
|switch|p1b: Farigiraf|Farigiraf, L50, F|100/100
|switch|p2a: Charizard|Charizard, L50, F, shiny|100/100
|switch|p2b: Kingambit|Kingambit, L50, M, shiny|100/100
|turn|1
|inactive|klkconklwa has 30 seconds left.
|inactive|klkconklwa has 20 seconds left.
|inactive|klkconklwa has 15 seconds left.
|inactive|klkconklwa has 10 seconds left.
|
|t:|1784376263
|switch|p2b: Garchomp|Garchomp, L50, F, shiny|100/100
|move|p1a: Sneasler|Fake Out|p2a: Charizard
|-damage|p2a: Charizard|86/100
|-status|p2a: Charizard|psn|[from] ability: Poison Touch|[of] p1a: Sneasler
|cant|p2a: Charizard|flinch
|move|p1b: Farigiraf|Trick Room|p1b: Farigiraf
|-fieldstart|move: Trick Room|[of] p1b: Farigiraf
|
|-damage|p2a: Charizard|74/100 psn|[from] psn
|upkeep
|turn|2
|inactive|klkconklwa has 30 seconds left.
|
|t:|1784376289
|switch|p1a: Primarina|Primarina, L50, M|100/100
|detailschange|p2a: Charizard|Charizard-Mega-Y, L50, F, shiny
|-mega|p2a: Charizard|Charizard|Charizardite Y
|-weather|SunnyDay|[from] ability: Drought|[of] p2a: Charizard
|move|p1b: Farigiraf|Psychic|p2a: Charizard
|-damage|p2a: Charizard|33/100 psn
|move|p2a: Charizard|Heat Wave|p1a: Primarina|[spread] p1a,p1b
|-resisted|p1a: Primarina|1
|-damage|p1a: Primarina|78/100
|-damage|p1b: Farigiraf|32/100
|move|p2b: Garchomp|Earthquake|p1a: Primarina|[spread] p1a,p1b
|-immune|p2a: Charizard
|-damage|p1a: Primarina|17/100
|-damage|p1b: Farigiraf|0 fnt
|faint|p1b: Farigiraf
|-damage|p2b: Garchomp|90/100|[from] item: Life Orb
|
|-weather|SunnyDay|[upkeep]
|-damage|p2a: Charizard|21/100 psn|[from] psn
|upkeep
|
|t:|1784376303
|switch|p1b: Mawile|Mawile, L50, M|100/100
|-ability|p1b: Mawile|Intimidate|boost
|-unboost|p2a: Charizard|atk|1
|-unboost|p2b: Garchomp|atk|1
|turn|3
|
|t:|1784376316
|detailschange|p1b: Mawile|Mawile-Mega, L50, M
|-mega|p1b: Mawile|Mawile|Mawilite
|move|p2a: Charizard|Protect|p2a: Charizard
|-singleturn|p2a: Charizard|Protect
|move|p2b: Garchomp|Protect|p2b: Garchomp
|-singleturn|p2b: Garchomp|Protect
|move|p1b: Mawile|Play Rough|p2b: Garchomp
|-activate|p2b: Garchomp|move: Protect
|move|p1a: Primarina|Hyper Voice|p2b: Garchomp|[spread] 
|-activate|p2a: Charizard|move: Protect
|-activate|p2b: Garchomp|move: Protect
|
|-weather|SunnyDay|[upkeep]
|-damage|p2a: Charizard|9/100 psn|[from] psn
|upkeep
|turn|4
|inactive|klkconklwa has 30 seconds left.
|
|t:|1784376349
|move|p1b: Mawile|Swords Dance|p1b: Mawile
|-boost|p1b: Mawile|atk|2
|move|p1a: Primarina|Hyper Voice|p2a: Charizard|[spread] p2a,p2b
|-supereffective|p2a: Charizard|1
|-damage|p2a: Charizard|0 fnt
|-damage|p2b: Garchomp|65/100
|faint|p2a: Charizard
|move|p2b: Garchomp|Earthquake|p1b: Mawile|[spread] p1a,p1b
|-supereffective|p1b: Mawile|1
|-damage|p1a: Primarina|0 fnt
|-damage|p1b: Mawile|40/100
|faint|p1a: Primarina
|-damage|p2b: Garchomp|55/100|[from] item: Life Orb
|
|-weather|SunnyDay|[upkeep]
|upkeep
|
|t:|1784376364
|switch|p1a: Sneasler|Sneasler, L50, F|100/100
|switch|p2a: Kingambit|Kingambit, L50, M, shiny|100/100
|turn|5
|inactive|klkconklwa has 30 seconds left.
|
|t:|1784376390
|move|p1a: Sneasler|Fake Out|p2a: Kingambit
|-resisted|p2a: Kingambit|1
|-damage|p2a: Kingambit|93/100
|move|p1b: Mawile|Play Rough|p2b: Garchomp
|-supereffective|p2b: Garchomp|1
|-damage|p2b: Garchomp|0 fnt
|-damage|p1b: Mawile|28/100|[from] ability: Rough Skin|[of] p2b: Garchomp
|faint|p2b: Garchomp
|cant|p2a: Kingambit|flinch
|
|-weather|SunnyDay|[upkeep]
|-fieldend|move: Trick Room
|upkeep
|
|t:|1784376397
|switch|p2b: Sylveon|Sylveon, L50, M, shiny|100/100
|turn|6
|
|t:|1784376408
|move|p2a: Kingambit|Sucker Punch|p1b: Mawile
|-resisted|p1b: Mawile|1
|-damage|p1b: Mawile|7/100
|move|p1a: Sneasler|Close Combat|p2a: Kingambit
|-supereffective|p2a: Kingambit|2
|-damage|p2a: Kingambit|0 fnt
|-unboost|p1a: Sneasler|def|1
|-unboost|p1a: Sneasler|spd|1
|faint|p2a: Kingambit
|move|p2b: Sylveon|Hyper Voice|p1a: Sneasler|[spread] p1a,p1b
|-resisted|p1b: Mawile|1
|-damage|p1a: Sneasler|7/100
|-damage|p1b: Mawile|0 fnt
|faint|p1b: Mawile
|
|-weather|none
|upkeep
|turn|7
|
|t:|1784376415
|move|p2b: Sylveon|Quick Attack|p1a: Sneasler
|-damage|p1a: Sneasler|0 fnt
|faint|p1a: Sneasler
|
|win|klkconklwa
||vril fur4et is ready for game 2.
