|j|☆UndeadParadox
|j|☆Davirate
|html|UndeadParadoxDavirate    
|uhtml|bestof|Game 2 of a best-of-3
|t:|1756956651
|gametype|doubles
|player|p1|UndeadParadox|guitarist|1266
|player|p2|Davirate|steven-masters2|1257
|gen|9
|tier|[Gen 9] VGC 2025 Reg H (Bo3)
|rated|
|rule|Species Clause: Limit one of each Pokémon
|rule|Item Clause: Limit 1 of each item
|clearpoke
|poke|p1|Sneasler, L50, F|
|poke|p1|Rillaboom, L50, M|
|poke|p1|Incineroar, L50, F|
|poke|p1|Gholdengo, L50|
|poke|p1|Hydreigon, L50, M|
|poke|p1|Gengar, L50, F|
|poke|p2|Garchomp, L50, M|
|poke|p2|Gholdengo, L50|
|poke|p2|Tyranitar, L50, M|
|poke|p2|Talonflame, L50, F|
|poke|p2|Sinistcha, L50|
|poke|p2|Milotic, L50, M|
|teampreview|4
|showteam|p1|Sneasler||GrassySeed|Unburden|CloseCombat,DireClaw,Acrobatics,Protect|||F|||50|,,,,,Flying]Rillaboom||AssaultVest|GrassySurge|WoodHammer,GrassyGlide,FakeOut,HighHorsepower|||M|||50|,,,,,Fire]Incineroar||SafetyGoggles|Intimidate|FlareBlitz,KnockOff,PartingShot,FakeOut|||F|||50|,,,,,Ghost]Gholdengo||MetalCoat|GoodasGold|Protect,MakeItRain,ShadowBall,NastyPlot||||||50|,,,,,Water]Hydreigon||LifeOrb|Levitate|Flamethrower,DracoMeteor,DarkPulse,Protect|||M|||50|,,,,,Fire]Gengar||FocusSash|CursedBody|ShadowBall,Haze,Taunt,IcyWind|||F|||50|,,,,,Ghost
|showteam|p2|Garchomp||LifeOrb|RoughSkin|Earthquake,DragonClaw,StompingTantrum,Protect|||M|||50|,,,,,Fairy]Gholdengo||ChoiceSpecs|GoodasGold|MakeItRain,ShadowBall,Thunderbolt,PowerGem||||||50|,,,,,Steel]Tyranitar||AssaultVest|SandStream|RockSlide,KnockOff,TeraBlast,LowKick|||M|||50|,,,,,Flying]Talonflame||CovertCloak|GaleWings|BraveBird,WillOWisp,Tailwind,Taunt|||F|||50|,,,,,Grass]Sinistcha||SitrusBerry|Hospitality|MatchaGotcha,StrengthSap,RagePowder,TrickRoom||||||50|,,,,,Water]Milotic||SafetyGoggles|Competitive|Scald,IcyWind,Haze,Protect|||M|||50|,,,,,Dragon
|
|t:|1756956731
|teamsize|p1|4
|teamsize|p2|4
|start
|switch|p1a: Rillaboom|Rillaboom, L50, M|100/100
|switch|p1b: Gholdengo|Gholdengo, L50, shiny|100/100
|switch|p2a: Gholdengo|Gholdengo, L50|100/100
|switch|p2b: Tyranitar|Tyranitar, L50, M|100/100
|-fieldstart|move: Grassy Terrain|[from] ability: Grassy Surge|[of] p1a: Rillaboom
|-weather|Sandstorm|[from] ability: Sand Stream|[of] p2b: Tyranitar
|turn|1
|
|t:|1756956777
|-terastallize|p1b: Gholdengo|Water
|move|p1a: Rillaboom|Fake Out|p2b: Tyranitar
|-resisted|p2b: Tyranitar
|-damage|p2b: Tyranitar|95/100
|move|p2a: Gholdengo|Shadow Ball|p1b: Gholdengo
|-damage|p1b: Gholdengo|34/100
|move|p1b: Gholdengo|Shadow Ball|p2a: Gholdengo
|-supereffective|p2a: Gholdengo
|-damage|p2a: Gholdengo|8/100
|-unboost|p2a: Gholdengo|spd|1
|cant|p2b: Tyranitar|flinch
|
|-weather|Sandstorm|[upkeep]
|-damage|p1b: Gholdengo|28/100|[from] Sandstorm
|-damage|p1a: Rillaboom|95/100|[from] Sandstorm
|-heal|p2a: Gholdengo|14/100|[from] Grassy Terrain
|-heal|p1b: Gholdengo|34/100|[from] Grassy Terrain
|-heal|p1a: Rillaboom|100/100|[from] Grassy Terrain
|-heal|p2b: Tyranitar|100/100|[from] Grassy Terrain
|upkeep
|turn|2
|
|t:|1756956812
|switch|p1b: Incineroar|Incineroar, L50, F, shiny|100/100
|-ability|p1b: Incineroar|Intimidate|boost
|-unboost|p2a: Gholdengo|atk|1
|-unboost|p2b: Tyranitar|atk|1
|switch|p2b: Sinistcha|Sinistcha, L50|100/100
|-heal|p2a: Gholdengo|39/100|[from] ability: Hospitality|[of] p2b: Sinistcha
|move|p2a: Gholdengo|Shadow Ball|p1b: Incineroar
|-resisted|p1b: Incineroar
|-damage|p1b: Incineroar|73/100
|-unboost|p1b: Incineroar|spd|1
|move|p1a: Rillaboom|Wood Hammer|p2b: Sinistcha
|-resisted|p2b: Sinistcha
|-damage|p2b: Sinistcha|69/100
|-damage|p1a: Rillaboom|92/100|[from] Recoil
|
|-weather|Sandstorm|[upkeep]
|-damage|p1a: Rillaboom|86/100|[from] Sandstorm
|-damage|p2b: Sinistcha|63/100|[from] Sandstorm
|-heal|p2a: Gholdengo|45/100|[from] Grassy Terrain
|-heal|p1a: Rillaboom|92/100|[from] Grassy Terrain
|-heal|p1b: Incineroar|79/100|[from] Grassy Terrain
|-heal|p2b: Sinistcha|69/100|[from] Grassy Terrain
|upkeep
|turn|3
|
|t:|1756956891
|move|p2a: Gholdengo|Shadow Ball|p1b: Incineroar
|-resisted|p1b: Incineroar
|-damage|p1b: Incineroar|39/100
|move|p1a: Rillaboom|Wood Hammer|p2a: Gholdengo
|-resisted|p2a: Gholdengo
|-damage|p2a: Gholdengo|0 fnt
|faint|p2a: Gholdengo
|-damage|p1a: Rillaboom|79/100|[from] Recoil
|move|p1b: Incineroar|Knock Off|p2b: Sinistcha
|-supereffective|p2b: Sinistcha
|-crit|p2b: Sinistcha
|-damage|p2b: Sinistcha|0 fnt
|-enditem|p2b: Sinistcha|Sitrus Berry|[from] move: Knock Off|[of] p1b: Incineroar
|faint|p2b: Sinistcha
|
|-weather|Sandstorm|[upkeep]
|-damage|p1a: Rillaboom|73/100|[from] Sandstorm
|-heal|p1a: Rillaboom|79/100|[from] Grassy Terrain
|-heal|p1b: Incineroar|45/100|[from] Grassy Terrain
|upkeep
|
|t:|1756956908
|switch|p2a: Tyranitar|Tyranitar, L50, M|100/100
|switch|p2b: Milotic|Milotic, L50, M, shiny|100/100
|turn|4
|
|t:|1756956923
|switch|p1a: Sneasler|Sneasler, L50, F, shiny|100/100
|-enditem|p1a: Sneasler|Grassy Seed
|-boost|p1a: Sneasler|def|1|[from] item: Grassy Seed
|switch|p1b: Gholdengo|Gholdengo, L50, shiny, tera:Water|34/100
|-terastallize|p2a: Tyranitar|Flying
|move|p2b: Milotic|Protect|p2b: Milotic
|-singleturn|p2b: Milotic|Protect
|move|p2a: Tyranitar|Tera Blast|p1a: Sneasler|[anim] Tera Blast Flying
|-supereffective|p1a: Sneasler
|-damage|p1a: Sneasler|0 fnt
|faint|p1a: Sneasler
|
|-weather|Sandstorm|[upkeep]
|-damage|p1b: Gholdengo|28/100|[from] Sandstorm
|-damage|p2a: Tyranitar|95/100|[from] Sandstorm
|-heal|p1b: Gholdengo|34/100|[from] Grassy Terrain
|upkeep
|
|t:|1756956939
|switch|p1a: Incineroar|Incineroar, L50, F, shiny|45/100
|-ability|p1a: Incineroar|Intimidate|boost
|-unboost|p2a: Tyranitar|atk|1
|-unboost|p2b: Milotic|atk|1
|-ability|p2b: Milotic|Competitive|boost
|-boost|p2b: Milotic|spa|2
|turn|5
|
|t:|1756956976
|move|p1a: Incineroar|Fake Out|p2a: Tyranitar
|-damage|p2a: Tyranitar|83/100
|move|p2b: Milotic|Scald|p1b: Gholdengo
|-resisted|p1b: Gholdengo
|-damage|p1b: Gholdengo|6/100
|move|p1b: Gholdengo|Make It Rain|p2a: Tyranitar|[spread] p2a,p2b
|-resisted|p2b: Milotic
|-damage|p2a: Tyranitar|47/100
|-damage|p2b: Milotic|77/100
|-unboost|p1b: Gholdengo|spa|1
|cant|p2a: Tyranitar|flinch
|
|-weather|none
|-heal|p2b: Milotic|83/100|[from] Grassy Terrain
|-heal|p1b: Gholdengo|12/100|[from] Grassy Terrain
|-heal|p1a: Incineroar|50/100|[from] Grassy Terrain
|-fieldend|move: Grassy Terrain
|upkeep
|turn|6
|
|t:|1756957010
|move|p2b: Milotic|Scald|p1a: Incineroar
|-supereffective|p1a: Incineroar
|-damage|p1a: Incineroar|0 fnt
|faint|p1a: Incineroar
|move|p1b: Gholdengo|Make It Rain|p2b: Milotic|[spread] p2a,p2b
|-resisted|p2b: Milotic
|-damage|p2a: Tyranitar|23/100
|-damage|p2b: Milotic|67/100
|-unboost|p1b: Gholdengo|spa|1
|move|p2a: Tyranitar|Rock Slide|p1b: Gholdengo
|-damage|p1b: Gholdengo|0 fnt
|faint|p1b: Gholdengo
|
|upkeep
|
|t:|1756957019
|switch|p1b: Rillaboom|Rillaboom, L50, M|79/100
|-fieldstart|move: Grassy Terrain|[from] ability: Grassy Surge|[of] p1b: Rillaboom
|turn|7
|
|t:|1756957039
|move|p1b: Rillaboom|Grassy Glide|p2a: Tyranitar
|-resisted|p2a: Tyranitar
|-damage|p2a: Tyranitar|7/100
|move|p2b: Milotic|Scald|p1b: Rillaboom
|-resisted|p1b: Rillaboom
|-damage|p1b: Rillaboom|60/100
|move|p2a: Tyranitar|Tera Blast|p1b: Rillaboom|[anim] Tera Blast Flying
|-supereffective|p1b: Rillaboom
|-damage|p1b: Rillaboom|3/100
|
|-heal|p2b: Milotic|73/100|[from] Grassy Terrain
|-heal|p1b: Rillaboom|9/100|[from] Grassy Terrain
|upkeep
|turn|8
|-message|UndeadParadox forfeited.
|
|win|Davirate
||UndeadParadox is ready for game 3.
