|j|☆felasmiguel
|j|☆WestyLiam
|html|felasmiguelWestyLiam    
|uhtml|bestof|Game 1 of a best-of-3
|t:|1757629130
|gametype|doubles
|player|p1|felasmiguel|chuck|1168
|player|p2|WestyLiam|101|1289
|gen|9
|tier|[Gen 9] VGC 2025 Reg H (Bo3)
|rated|
|rule|Species Clause: Limit one of each Pokémon
|rule|Item Clause: Limit 1 of each item
|clearpoke
|poke|p1|Gliscor, L50, F|
|poke|p1|Breloom, L50, M|
|poke|p1|Talonflame, L50, F|
|poke|p1|Milotic, L50, M|
|poke|p1|Dragapult, L50, F|
|poke|p1|Farigiraf, L50, M|
|poke|p2|Gholdengo, L50|
|poke|p2|Incineroar, L50, F|
|poke|p2|Archaludon, L50, F|
|poke|p2|Pelipper, L50, M|
|poke|p2|Basculegion, L50, M|
|poke|p2|Amoonguss, L50, M|
|teampreview|4
|showteam|p1|Gliscor||ToxicOrb|PoisonHeal|SwordsDance,DualWingbeat,HighHorsepower,Protect|||F|||50|,,,,,Water]Breloom||LoadedDice|Technician|Spore,MachPunch,BulletSeed,Protect|||M|||50|,,,,,Grass]Talonflame||CovertCloak|GaleWings|Tailwind,FlareBlitz,BraveBird,Taunt|||F|||50|,,,,,Flying]Milotic||AdrenalineOrb|Competitive|Scald,IceBeam,Haze,Protect|||M|||50|,,,,,Fairy]Dragapult||ChoiceSpecs|Infiltrator|DracoMeteor,Thunderbolt,ShadowBall,Uturn|||F|||50|,,,,,Ghost]Farigiraf||ThroatSpray|ArmorTail|Imprison,TrickRoom,PsychicNoise,HyperVoice|||M|||50|,,,,,Fire
|showteam|p2|Gholdengo||LifeOrb|GoodasGold|MakeItRain,ShadowBall,NastyPlot,Protect||||||50|,,,,,Water]Incineroar||RockyHelmet|Intimidate|KnockOff,Taunt,PartingShot,FakeOut|||F|||50|,,,,,Ghost]Archaludon||AssaultVest|Stamina|ElectroShot,DragonPulse,FlashCannon,BodyPress|||F|||50|,,,,,Bug]Pelipper||FocusSash|Drizzle|WeatherBall,Hurricane,Tailwind,Protect|||M|||50|,,,,,Ground]Basculegion||ChoiceBand|SwiftSwim|WaveCrash,LastRespects,FlipTurn,AquaJet|||M|||50|,,,,,Water]Amoonguss||SitrusBerry|Regenerator|PollenPuff,Spore,RagePowder,Protect|||M|||50|,,,,,Fairy
|
|t:|1757629173
|teamsize|p1|4
|teamsize|p2|4
|start
|switch|p1a: Talonflame|Talonflame, L50, F|100/100
|switch|p1b: Dragapult|Dragapult, L50, F|100/100
|switch|p2a: Pelipper|Pelipper, L50, M|100/100
|switch|p2b: Basculegion|Basculegion, L50, M|100/100
|-weather|RainDance|[from] ability: Drizzle|[of] p2a: Pelipper
|turn|1
|
|t:|1757629195
|move|p2b: Basculegion|Aqua Jet|p1a: Talonflame
|-supereffective|p1a: Talonflame
|-damage|p1a: Talonflame|0 fnt
|faint|p1a: Talonflame
|move|p1b: Dragapult|Thunderbolt|p2b: Basculegion
|-supereffective|p2b: Basculegion
|-damage|p2b: Basculegion|10/100
|move|p2a: Pelipper|Tailwind|p2a: Pelipper
|-sidestart|p2: WestyLiam|move: Tailwind
|
|-weather|RainDance|[upkeep]
|upkeep
|
|t:|1757629199
|switch|p1a: Breloom|Breloom, L50, M|100/100
|turn|2
|
|t:|1757629216
|switch|p2b: Amoonguss|Amoonguss, L50, M|100/100
|switch|p2a: Archaludon|Archaludon, L50, F|100/100
|move|p1a: Breloom|Protect|p1a: Breloom
|-singleturn|p1a: Breloom|Protect
|move|p1b: Dragapult|Thunderbolt|p2a: Archaludon
|-resisted|p2a: Archaludon
|-damage|p2a: Archaludon|84/100
|-ability|p2a: Archaludon|Stamina|boost
|-boost|p2a: Archaludon|def|1
|
|-weather|RainDance|[upkeep]
|upkeep
|turn|3
|
|t:|1757629237
|-terastallize|p2a: Archaludon|Bug
|move|p2a: Archaludon|Dragon Pulse|p1b: Dragapult
|-supereffective|p1b: Dragapult
|-crit|p1b: Dragapult
|-damage|p1b: Dragapult|0 fnt
|faint|p1b: Dragapult
|move|p1a: Breloom|Spore|p2a: Archaludon
|-status|p2a: Archaludon|slp|[from] move: Spore
|move|p2b: Amoonguss|Pollen Puff|p2a: Archaludon
|-heal|p2a: Archaludon|100/100 slp
|
|-weather|RainDance|[upkeep]
|upkeep
|
|t:|1757629247
|switch|p1b: Gliscor|Gliscor, L50, F|100/100
|turn|4
|
|t:|1757629263
|move|p1b: Gliscor|Protect|p1b: Gliscor
|-singleturn|p1b: Gliscor|Protect
|cant|p2a: Archaludon|slp
|move|p1a: Breloom|Bullet Seed|p2b: Amoonguss
|-resisted|p2b: Amoonguss
|-damage|p2b: Amoonguss|96/100
|-resisted|p2b: Amoonguss
|-damage|p2b: Amoonguss|92/100
|-resisted|p2b: Amoonguss
|-damage|p2b: Amoonguss|87/100
|-resisted|p2b: Amoonguss
|-damage|p2b: Amoonguss|83/100
|-resisted|p2b: Amoonguss
|-damage|p2b: Amoonguss|79/100
|-hitcount|p2b: Amoonguss|5
|move|p2b: Amoonguss|Spore|p1b: Gliscor
|-activate|p1b: Gliscor|move: Protect
|
|-weather|RainDance|[upkeep]
|-sideend|p2: WestyLiam|move: Tailwind
|-status|p1b: Gliscor|tox|[from] item: Toxic Orb
|upkeep
|turn|5
|
|t:|1757629281
|move|p2b: Amoonguss|Protect|p2b: Amoonguss
|-singleturn|p2b: Amoonguss|Protect
|move|p1b: Gliscor|Swords Dance|p1b: Gliscor
|-boost|p1b: Gliscor|atk|2
|move|p1a: Breloom|Bullet Seed|p2b: Amoonguss
|-activate|p2b: Amoonguss|move: Protect
|-curestatus|p2a: Archaludon|slp|[msg]
|move|p2a: Archaludon|Dragon Pulse|p1b: Gliscor
|-damage|p1b: Gliscor|47/100 tox
|
|-weather|none
|-heal|p1b: Gliscor|59/100 tox|[from] ability: Poison Heal
|upkeep
|turn|6
|
|t:|1757629296
|move|p1b: Gliscor|Dual Wingbeat|p2b: Amoonguss
|-supereffective|p2b: Amoonguss
|-damage|p2b: Amoonguss|18/100
|-enditem|p2b: Amoonguss|Sitrus Berry|[eat]
|-heal|p2b: Amoonguss|43/100|[from] item: Sitrus Berry
|-supereffective|p2b: Amoonguss
|-damage|p2b: Amoonguss|0 fnt
|faint|p2b: Amoonguss
|-hitcount|p2: Amoonguss|2
|move|p1a: Breloom|Spore|p2a: Archaludon
|-status|p2a: Archaludon|slp|[from] move: Spore
|cant|p2a: Archaludon|slp
|
|-heal|p1b: Gliscor|71/100 tox|[from] ability: Poison Heal
|upkeep
|
|t:|1757629302
|switch|p2b: Basculegion|Basculegion, L50, M|10/100
|turn|7
|
|t:|1757629326
|switch|p2a: Pelipper|Pelipper, L50, M|100/100
|-weather|RainDance|[from] ability: Drizzle|[of] p2a: Pelipper
|move|p1b: Gliscor|Protect|p1b: Gliscor
|-singleturn|p1b: Gliscor|Protect
|move|p2b: Basculegion|Last Respects|p1a: Breloom
|-damage|p1a: Breloom|0 fnt
|faint|p1a: Breloom
|
|-weather|RainDance|[upkeep]
|-heal|p1b: Gliscor|84/100 tox|[from] ability: Poison Heal
|upkeep
|turn|8
|-message|felasmiguel forfeited.
|
|win|WestyLiam
|l|☆felasmiguel
|player|p1|
||felasmiguel is ready for game 2.
||WestyLiam is ready for game 2.
|uhtml|next|Next: Game 2 of 3
