|j|☆skibidi harraz
|j|☆moth.o
|html|skibidi harrazmoth.o    
|uhtml|bestof|Game 1 of a best-of-3
|t:|1782474560
|gametype|doubles
|player|p1|skibidi harraz|170|1024
|player|p2|moth.o|roxie|1128
|gen|9
|tier|[Gen 9 Champions] VGC 2026 Reg M-B (Bo3)
|rated|
|rule|Species Clause: Limit one of each Pokémon
|rule|Item Clause: Limit 1 of each item
|clearpoke
|poke|p1|Grimmsnarl, L50, M|
|poke|p1|Swampert, L50, M|
|poke|p1|Pelipper, L50, M|
|poke|p1|Archaludon, L50, M|
|poke|p1|Sinistcha, L50|
|poke|p1|Metagross, L50|
|poke|p2|Drampa, L50, M, shiny|
|poke|p2|Farigiraf, L50, M, shiny|
|poke|p2|Sinistcha, L50|
|poke|p2|Staraptor, L50, M|
|poke|p2|Gholdengo, L50|
|poke|p2|Grimmsnarl, L50, M|
|teampreview|4
|showteam|p1|Grimmsnarl||LightClay|Prankster|FoulPlay,PartingShot,Reflect,LightScreen|Calm||M|||50|]Swampert||Swampertite|Damp|WaveCrash,Earthquake,IcePunch,Protect|Adamant||M|||50|]Pelipper||SitrusBerry|Drizzle|Hurricane,WeatherBall,Tailwind,WideGuard|Modest||M|||50|]Archaludon||Leftovers|Stamina|ElectroShot,DragonPulse,FlashCannon,Protect|Modest||M|||50|]Sinistcha||CobaBerry|Hospitality|MatchaGotcha,RagePowder,TrickRoom,Protect|Relaxed|||||50|]Metagross||Metagrossite|ClearBody|IronHead,PsychicFangs,BodyPress,Protect|Jolly|||||50|
|showteam|p2|Drampa||Drampanite|CloudNine|Protect,EarthPower,HyperVoice,CalmMind|Quiet||M|||50|]Farigiraf||MentalHerb|ArmorTail|Protect,Psychic,TrickRoom,HelpingHand|Bold||M|||50|]Sinistcha||SitrusBerry|Hospitality|MatchaGotcha,ShadowBall,RagePowder,TrickRoom|Bold|||||50|]Staraptor||Staraptite|Intimidate|Protect,CloseCombat,BlazeKick,BraveBird|Adamant||M|||50|]Gholdengo||FocusSash|GoodasGold|Protect,NastyPlot,MakeItRain,ShadowBall|Timid|||||50|]Grimmsnarl||LightClay|Prankster|FakeOut,PartingShot,Reflect,LightScreen|Impish||M|||50|
|
|t:|1782474620
|teamsize|p1|4
|teamsize|p2|4
|start
|switch|p1a: Grimmsnarl|Grimmsnarl, L50, M|100/100
|switch|p1b: Metagross|Metagross, L50|100/100
|switch|p2a: Drampa|Drampa, L50, M, shiny|100/100
|switch|p2b: Grimmsnarl|Grimmsnarl, L50, M|100/100
|-ability|p2a: Drampa|Cloud Nine
|turn|1
|
|t:|1782474637
|detailschange|p1b: Metagross|Metagross-Mega, L50
|-mega|p1b: Metagross|Metagross|Metagrossite
|move|p2b: Grimmsnarl|Fake Out|p1b: Metagross
|-resisted|p1b: Metagross|1
|-damage|p1b: Metagross|95/100
|move|p1a: Grimmsnarl|Light Screen|p1a: Grimmsnarl
|-sidestart|p1: skibidi harraz|move: Light Screen
|cant|p1b: Metagross|flinch
|move|p2a: Drampa|Calm Mind|p2a: Drampa
|-boost|p2a: Drampa|spa|1
|-boost|p2a: Drampa|spd|1
|
|upkeep
|turn|2
|
|t:|1782474656
|move|p2b: Grimmsnarl|Parting Shot|p1b: Metagross
|-unboost|p1b: Metagross|atk|1
|-unboost|p1b: Metagross|spa|1
|
|t:|1782474659
|switch|p2b: Gholdengo|Gholdengo, L50|100/100|[from] Parting Shot
|move|p1a: Grimmsnarl|Parting Shot|p2a: Drampa
|-unboost|p2a: Drampa|atk|1
|-unboost|p2a: Drampa|spa|1
|
|t:|1782474668
|switch|p1a: Pelipper|Pelipper, L50, M|100/100|[from] Parting Shot
|-weather|RainDance|[from] ability: Drizzle|[of] p1a: Pelipper
|move|p1b: Metagross|Iron Head|p2b: Gholdengo
|-resisted|p2b: Gholdengo|1
|-damage|p2b: Gholdengo|79/100
|move|p2a: Drampa|Calm Mind|p2a: Drampa
|-boost|p2a: Drampa|spa|1
|-boost|p2a: Drampa|spd|1
|
|-weather|RainDance|[upkeep]
|upkeep
|turn|3
|
|t:|1782474693
|switch|p1a: Grimmsnarl|Grimmsnarl, L50, M|100/100
|move|p2a: Drampa|Protect|p2a: Drampa
|-singleturn|p2a: Drampa|Protect
|move|p1b: Metagross|Body Press|p2a: Drampa
|-activate|p2a: Drampa|move: Protect
|move|p2b: Gholdengo|Nasty Plot|p2b: Gholdengo
|-boost|p2b: Gholdengo|spa|2
|
|-weather|RainDance|[upkeep]
|upkeep
|turn|4
|
|t:|1782474720
|detailschange|p2a: Drampa|Drampa-Mega, L50, M, shiny
|-mega|p2a: Drampa|Drampa|Drampanite
|move|p1b: Metagross|Protect|p1b: Metagross
|-singleturn|p1b: Metagross|Protect
|move|p2b: Gholdengo|Nasty Plot|p2b: Gholdengo
|-boost|p2b: Gholdengo|spa|2
|move|p1a: Grimmsnarl|Foul Play|p2b: Gholdengo
|-supereffective|p2b: Gholdengo|1
|-damage|p2b: Gholdengo|30/100
|move|p2a: Drampa|Hyper Voice|p1b: Metagross|[spread] p1a
|-activate|p1b: Metagross|move: Protect
|-damage|p1a: Grimmsnarl|67/100
|
|-weather|RainDance|[upkeep]
|upkeep
|turn|5
|
|t:|1782474749
|switch|p1b: Pelipper|Pelipper, L50, M|100/100
|move|p2b: Gholdengo|Shadow Ball|p1b: Pelipper
|-damage|p1b: Pelipper|0 fnt
|faint|p1b: Pelipper
|move|p1a: Grimmsnarl|Foul Play|p2b: Gholdengo
|-supereffective|p2b: Gholdengo|1
|-damage|p2b: Gholdengo|0 fnt
|faint|p2b: Gholdengo
|move|p2a: Drampa|Hyper Voice|p1a: Grimmsnarl
|-damage|p1a: Grimmsnarl|18/100
|
|-weather|RainDance|[upkeep]
|upkeep
|
|t:|1782474764
|switch|p2b: Grimmsnarl|Grimmsnarl, L50, M|100/100
|switch|p1b: Metagross|Metagross-Mega, L50|95/100
|turn|6
|
|t:|1782474783
|switch|p1a: Sinistcha|Sinistcha, L50|100/100
|-heal|p1b: Metagross|100/100|[from] ability: Hospitality|[of] p1a: Sinistcha
|move|p1b: Metagross|Protect|p1b: Metagross
|-singleturn|p1b: Metagross|Protect
|move|p2b: Grimmsnarl|Parting Shot|p1b: Metagross
|-activate|p1b: Metagross|move: Protect
|move|p2a: Drampa|Calm Mind|p2a: Drampa
|-boost|p2a: Drampa|spa|1
|-boost|p2a: Drampa|spd|1
|
|-weather|none
|upkeep
|turn|7
|
|t:|1782474809
|move|p1a: Sinistcha|Rage Powder|p1a: Sinistcha
|-singleturn|p1a: Sinistcha|move: Rage Powder
|move|p2b: Grimmsnarl|Reflect|p2b: Grimmsnarl
|-sidestart|p2: moth.o|Reflect
|move|p1b: Metagross|Body Press|p2a: Drampa
|-supereffective|p2a: Drampa|1
|-damage|p2a: Drampa|63/100
|move|p2a: Drampa|Calm Mind|p2a: Drampa
|-boost|p2a: Drampa|spa|1
|-boost|p2a: Drampa|spd|1
|
|upkeep
|turn|8
|
|t:|1782474837
|switch|p1b: Grimmsnarl|Grimmsnarl, L50, M|18/100
|move|p2b: Grimmsnarl|Parting Shot|p1b: Grimmsnarl
|-hint|Since gen 7, Dark is immune to Prankster moves.
|-immune|p1b: Grimmsnarl
|move|p1a: Sinistcha|Matcha Gotcha|p2a: Drampa|[spread] p2a,p2b
|-resisted|p2a: Drampa|1
|-damage|p2a: Drampa|59/100
|-damage|p2b: Grimmsnarl|75/100
|move|p2a: Drampa|Hyper Voice|p1b: Grimmsnarl|[spread] p1b
|-immune|p1a: Sinistcha
|-crit|p1b: Grimmsnarl
|-damage|p1b: Grimmsnarl|0 fnt
|faint|p1b: Grimmsnarl
|
|-sideend|p1: skibidi harraz|move: Light Screen
|upkeep
|
|t:|1782474846
|switch|p1b: Metagross|Metagross-Mega, L50|100/100
|turn|9
|
|t:|1782474861
|move|p1a: Sinistcha|Rage Powder|p1a: Sinistcha
|-singleturn|p1a: Sinistcha|move: Rage Powder
|move|p2b: Grimmsnarl|Parting Shot|p1a: Sinistcha
|-unboost|p1a: Sinistcha|atk|1
|-unboost|p1a: Sinistcha|spa|1
|
|t:|1782474866
|switch|p2b: Sinistcha|Sinistcha, L50|100/100|[from] Parting Shot
|-heal|p2a: Drampa|84/100|[from] ability: Hospitality|[of] p2b: Sinistcha
|move|p1b: Metagross|Body Press|p2a: Drampa
|-supereffective|p2a: Drampa|1
|-damage|p2a: Drampa|48/100
|-ability|p2a: Drampa|Berserk|boost
|-boost|p2a: Drampa|spa|1
|move|p2a: Drampa|Hyper Voice|p1b: Metagross|[spread] p1b
|-immune|p1a: Sinistcha
|-resisted|p1b: Metagross|1
|-damage|p1b: Metagross|42/100
|
|upkeep
|turn|10
|
|t:|1782474883
|move|p2b: Sinistcha|Rage Powder|p2b: Sinistcha
|-singleturn|p2b: Sinistcha|move: Rage Powder
|move|p1b: Metagross|Iron Head|p2b: Sinistcha
|-damage|p2b: Sinistcha|67/100
|move|p2a: Drampa|Hyper Voice|p1b: Metagross|[spread] p1b
|-immune|p1a: Sinistcha
|-resisted|p1b: Metagross|1
|-damage|p1b: Metagross|0 fnt
|faint|p1b: Metagross
|move|p1a: Sinistcha|Trick Room|p1a: Sinistcha
|-fieldstart|move: Trick Room|[of] p1a: Sinistcha
|
|upkeep
|turn|11
|-message|skibidi harraz forfeited.
|
|win|moth.o
|l|☆skibidi harraz
|player|p1|
||skibidi harraz is ready for game 2.
||moth.o is ready for game 2.
|uhtml|next|Next: Game 2 of 3
