|j|☆JusttestingforVGC
|j|☆spellbreakvgc
|html|JusttestingforVGCspellbreakvgc    
|uhtml|bestof|Game 2 of a best-of-3
|t:|1756761962
|gametype|doubles
|player|p1|JusttestingforVGC|steven|1178
|player|p2|spellbreakvgc|lance|1139
|gen|9
|tier|[Gen 9] VGC 2025 Reg H (Bo3)
|rated|
|rule|Species Clause: Limit one of each Pokémon
|rule|Item Clause: Limit 1 of each item
|clearpoke
|poke|p1|Dondozo, L50, M|
|poke|p1|Tatsugiri, L50, F|
|poke|p1|Annihilape, L50, F|
|poke|p1|Morpeko, L50, F|
|poke|p1|Sylveon, L50, M|
|poke|p1|Talonflame, L50, M|
|poke|p2|Charizard, L50, F|
|poke|p2|Torkoal, L50, M|
|poke|p2|Porygon2, L50|
|poke|p2|Incineroar, L50, F|
|poke|p2|Jumpluff, L50, F|
|poke|p2|Ursaluna, L50, M|
|teampreview|4
|showteam|p1|Dondozo||Leftovers|Unaware|Protect,Substitute,OrderUp,WaveCrash|||M|||50|,,,,,Grass]Tatsugiri||ChoiceScarf|Commander|MuddyWater,IcyWind,DracoMeteor,Soak|||F|||50|,,,,,Dragon]Annihilape||SafetyGoggles|Defiant|Uturn,CloseCombat,FinalGambit,Coaching|||F|||50|,,,,,Steel]Morpeko||FocusSash|HungerSwitch|Protect,AuraWheel,FakeOut,BatonPass|||F|||50|,,,,,Electric]Sylveon||ThroatSpray|Pixilate|Detect,HyperVoice,Psychic,MistyTerrain|||M|||50|,,,,,Grass]Talonflame||CovertCloak|GaleWings|Tailwind,BraveBird,WillOWisp,Taunt|||M|||50|,,,,,Dark
|showteam|p2|Charizard||ChoiceSpecs|SolarPower|HeatWave,DragonPulse,WeatherBall,AirSlash|||F|||50|,,,,,Ghost]Torkoal||EjectPack|Drought|Eruption,Overheat,HelpingHand,Protect|||M|||50|,,,,,Fire]Porygon2||Eviolite|Download|TeraBlast,IceBeam,Recover,TrickRoom||||||50|,,,,,Fighting]Incineroar||SitrusBerry|Intimidate|FlareBlitz,KnockOff,FakeOut,PartingShot|||F|||50|,,,,,Ghost]Jumpluff||CovertCloak|Chlorophyll|SleepPowder,SunnyDay,RagePowder,Tailwind|||F|||50|,,,,,Water]Ursaluna||FlameOrb|Guts|HeadlongRush,Facade,Earthquake,Protect|||M|||50|,,,,,Ghost
|inactive|Battle timer is ON: inactive players will automatically lose when time's up. (requested by JusttestingforVGC)
|inactive|JusttestingforVGC has 60 seconds left.
|inactive|JusttestingforVGC has 30 seconds left.
|inactive|JusttestingforVGC has 20 seconds left.
|inactive|JusttestingforVGC has 15 seconds left.
|inactive|JusttestingforVGC has 10 seconds left.
|
|t:|1756762044
|teamsize|p1|4
|teamsize|p2|4
|start
|switch|p1a: Morpeko|Morpeko, L50, F|100/100
|switch|p1b: Talonflame|Talonflame, L50, M|100/100
|switch|p2a: Charizard|Charizard, L50, F, shiny|100/100
|switch|p2b: Torkoal|Torkoal, L50, M|100/100
|-weather|SunnyDay|[from] ability: Drought|[of] p2b: Torkoal
|turn|1
|
|t:|1756762057
|move|p1b: Talonflame|Tailwind|p1b: Talonflame
|-sidestart|p1: JusttestingforVGC|move: Tailwind
|move|p1a: Morpeko|Aura Wheel|p2a: Charizard
|-supereffective|p2a: Charizard
|-damage|p2a: Charizard|0 fnt
|-boost|p1a: Morpeko|spe|1
|faint|p2a: Charizard
|move|p2b: Torkoal|Eruption|p1b: Talonflame|[spread] p1a,p1b
|-resisted|p1b: Talonflame
|-enditem|p1a: Morpeko|Focus Sash
|-damage|p1a: Morpeko|1/100
|-damage|p1b: Talonflame|48/100
|
|-weather|SunnyDay|[upkeep]
|-formechange|p1a: Morpeko|Morpeko-Hangry||[from] ability: Hunger Switch
|upkeep
|
|t:|1756762073
|switch|p2a: Incineroar|Incineroar, L50, F|100/100
|-ability|p2a: Incineroar|Intimidate|boost
|-unboost|p1a: Morpeko|atk|1
|-unboost|p1b: Talonflame|atk|1
|turn|2
|
|t:|1756762091
|move|p1a: Morpeko|Protect|p1a: Morpeko
|-singleturn|p1a: Morpeko|Protect
|move|p2a: Incineroar|Fake Out|p1a: Morpeko
|-activate|p1a: Morpeko|move: Protect
|move|p1b: Talonflame|Brave Bird|p2a: Incineroar
|-damage|p2a: Incineroar|69/100
|-damage|p1b: Talonflame|34/100|[from] Recoil
|move|p2b: Torkoal|Overheat|p1b: Talonflame
|-resisted|p1b: Talonflame
|-damage|p1b: Talonflame|0 fnt
|-unboost|p2b: Torkoal|spa|2
|faint|p1b: Talonflame
|-enditem|p2b: Torkoal|Eject Pack
|
|t:|1756762106
|switch|p2b: Jumpluff|Jumpluff, L50, F|100/100
|
|-weather|SunnyDay|[upkeep]
|-formechange|p1a: Morpeko|Morpeko||[from] ability: Hunger Switch
|upkeep
|
|t:|1756762115
|switch|p1b: Tatsugiri|Tatsugiri, L50, F|100/100
|turn|3
|
|t:|1756762139
|switch|p2b: Torkoal|Torkoal, L50, M|100/100
|-terastallize|p1a: Morpeko|Electric
|move|p1b: Tatsugiri|Soak|p2a: Incineroar
|-start|p2a: Incineroar|typechange|Water
|move|p1a: Morpeko|Aura Wheel|p2a: Incineroar
|-supereffective|p2a: Incineroar
|-damage|p2a: Incineroar|0 fnt
|-boost|p1a: Morpeko|spe|1
|faint|p2a: Incineroar
|
|-weather|SunnyDay|[upkeep]
|upkeep
|
|t:|1756762152
|switch|p2a: Jumpluff|Jumpluff, L50, F|100/100
|turn|4
|inactive|JusttestingforVGC has 30 seconds left.
|
|t:|1756762178
|move|p1a: Morpeko|Aura Wheel|p2b: Torkoal
|-damage|p2b: Torkoal|65/100
|-boost|p1a: Morpeko|spe|1
|move|p1b: Tatsugiri|Soak|p2b: Torkoal
|-start|p2b: Torkoal|typechange|Water
|move|p2a: Jumpluff|Sleep Powder|p1b: Tatsugiri|[miss]
|-miss|p2a: Jumpluff|p1b: Tatsugiri
|move|p2b: Torkoal|Eruption|p1a: Morpeko|[spread] p1a,p1b
|-resisted|p1b: Tatsugiri
|-damage|p1a: Morpeko|0 fnt
|-damage|p1b: Tatsugiri|90/100
|faint|p1a: Morpeko
|
|-weather|SunnyDay|[upkeep]
|-sideend|p1: JusttestingforVGC|move: Tailwind
|upkeep
|
|t:|1756762181
|switch|p1a: Dondozo|Dondozo, L50, M|100/100
|-activate|p1b: Tatsugiri|ability: Commander|[of] p1a: Dondozo
|-boost|p1a: Dondozo|atk|2
|-boost|p1a: Dondozo|spa|2
|-boost|p1a: Dondozo|spe|2
|-boost|p1a: Dondozo|def|2
|-boost|p1a: Dondozo|spd|2
|turn|5
|
|t:|1756762196
|move|p1a: Dondozo|Protect|p1a: Dondozo
|-singleturn|p1a: Dondozo|Protect
|move|p2b: Torkoal|Protect|p2b: Torkoal
|-singleturn|p2b: Torkoal|Protect
|move|p2a: Jumpluff|Sleep Powder|p1a: Dondozo
|-activate|p1a: Dondozo|move: Protect
|
|-weather|none
|upkeep
|turn|6
|
|t:|1756762204
|move|p2a: Jumpluff|Sleep Powder|p1a: Dondozo|[miss]
|-miss|p2a: Jumpluff|p1a: Dondozo
|move|p1a: Dondozo|Order Up|p2a: Jumpluff
|-damage|p2a: Jumpluff|41/100
|-boost|p1a: Dondozo|atk|1
|move|p2b: Torkoal|Overheat|p1a: Dondozo
|-resisted|p1a: Dondozo
|-damage|p1a: Dondozo|92/100
|-unboost|p2b: Torkoal|spa|2
|
|-heal|p1a: Dondozo|98/100|[from] item: Leftovers
|upkeep
|turn|7
|-message|spellbreakvgc forfeited.
|
|win|JusttestingforVGC
