|j|☆stevie.bot
|j|☆NerdConsultant
|html|stevie.botNerdConsultant    
|uhtml|bestof|Game 3 of a best-of-3
|t:|1756146888
|gametype|doubles
|player|p1|stevie.bot|liza|1264
|player|p2|NerdConsultant|roxie|1192
|gen|9
|tier|[Gen 9] VGC 2025 Reg H (Bo3)
|rated|
|rule|Species Clause: Limit one of each Pokémon
|rule|Item Clause: Limit 1 of each item
|clearpoke
|poke|p1|Sneasler, L50, F|
|poke|p1|Dragapult, L50, F|
|poke|p1|Primarina, L50, F|
|poke|p1|Rillaboom, L50, F|
|poke|p1|Kingambit, L50, F|
|poke|p1|Magmar, L50, M|
|poke|p2|Kingambit, L50, M|
|poke|p2|Rillaboom, L50, M|
|poke|p2|Archaludon, L50, F|
|poke|p2|Basculegion, L50, M|
|poke|p2|Electabuzz, L50, M|
|poke|p2|Pelipper, L50, M|
|teampreview|4
|showteam|p1|Sneasler||FocusSash|PoisonTouch|CloseCombat,DireClaw,FakeOut,Protect|||F|||50|,,,,,Stellar]Dragapult||ChoiceBand|ClearBody|DragonDarts,TeraBlast,PhantomForce,Uturn|||F|||50|,,,,,Ghost]Primarina||SitrusBerry|LiquidVoice|HyperVoice,Moonblast,Haze,Protect|||F|||50|,,,,,Water]Rillaboom||AssaultVest|GrassySurge|WoodHammer,GrassyGlide,HighHorsepower,FakeOut|||F|||50|,,,,,Fire]Kingambit||BlackGlasses|Defiant|KowtowCleave,SuckerPunch,SwordsDance,Protect|||F|||50|,,,,,Ghost]Magmar||Eviolite|VitalSpirit|Overheat,WillOWisp,FollowMe,Protect|||M|||50|,,,,,Fairy
|showteam|p2|Kingambit||BlackGlasses|Defiant|KowtowCleave,SwordsDance,SuckerPunch,Protect|||M|||50|,,,,,Dark]Rillaboom||LoadedDice|GrassySurge|HighHorsepower,GrassyGlide,BulletSeed,FakeOut|||M|||50|,,,,,Fire]Archaludon||AssaultVest|Stamina|ElectroShot,BodyPress,DracoMeteor,FlashCannon|||F|||50|,,,,,Bug]Basculegion||ChoiceBand|SwiftSwim|WaveCrash,AquaJet,LastRespects,FlipTurn|||M|||50|,,,,,Grass]Electabuzz||Eviolite|VitalSpirit|Electroweb,Taunt,FollowMe,Protect|||M|||50|,,,,,Ghost]Pelipper||FocusSash|Drizzle|Tailwind,WeatherBall,Hurricane,Protect|||M|||50|,,,,,Ghost
|inactive|Battle timer is ON: inactive players will automatically lose when time's up. (requested by stevie.bot)
|
|t:|1756146920
|teamsize|p1|4
|teamsize|p2|4
|start
|switch|p1a: Kingambit|Kingambit, L50, F|100/100
|switch|p1b: Sneasler|Sneasler, L50, F|100/100
|switch|p2a: Pelipper|Pelipper, L50, M|100/100
|switch|p2b: Rillaboom|Rillaboom, L50, M|100/100
|-fieldstart|move: Grassy Terrain|[from] ability: Grassy Surge|[of] p2b: Rillaboom
|-weather|RainDance|[from] ability: Drizzle|[of] p2a: Pelipper
|turn|1
|
|t:|1756146939
|move|p2b: Rillaboom|Fake Out|p1b: Sneasler
|-damage|p1b: Sneasler|79/100
|cant|p1b: Sneasler|flinch
|move|p2a: Pelipper|Tailwind|p2a: Pelipper
|-sidestart|p2: NerdConsultant|move: Tailwind
|move|p1a: Kingambit|Swords Dance|p1a: Kingambit
|-boost|p1a: Kingambit|atk|2
|
|-weather|RainDance|[upkeep]
|-heal|p1b: Sneasler|84/100|[from] Grassy Terrain
|upkeep
|turn|2
|
|t:|1756146951
|switch|p2a: Archaludon|Archaludon, L50, F|100/100
|move|p1b: Sneasler|Protect|p1b: Sneasler
|-singleturn|p1b: Sneasler|Protect
|move|p2b: Rillaboom|Bullet Seed|p2a: Archaludon
|-resisted|p2a: Archaludon
|-damage|p2a: Archaludon|98/100
|-ability|p2a: Archaludon|Stamina|boost
|-boost|p2a: Archaludon|def|1
|-resisted|p2a: Archaludon
|-damage|p2a: Archaludon|96/100
|-ability|p2a: Archaludon|Stamina|boost
|-boost|p2a: Archaludon|def|1
|-resisted|p2a: Archaludon
|-damage|p2a: Archaludon|95/100
|-ability|p2a: Archaludon|Stamina|boost
|-boost|p2a: Archaludon|def|1
|-resisted|p2a: Archaludon
|-damage|p2a: Archaludon|94/100
|-ability|p2a: Archaludon|Stamina|boost
|-boost|p2a: Archaludon|def|1
|-resisted|p2a: Archaludon
|-damage|p2a: Archaludon|93/100
|-ability|p2a: Archaludon|Stamina|boost
|-boost|p2a: Archaludon|def|1
|-hitcount|p2a: Archaludon|5
|move|p1a: Kingambit|Kowtow Cleave|p2b: Rillaboom
|-damage|p2b: Rillaboom|0 fnt
|faint|p2b: Rillaboom
|
|-weather|RainDance|[upkeep]
|-heal|p2a: Archaludon|99/100|[from] Grassy Terrain
|-heal|p1b: Sneasler|90/100|[from] Grassy Terrain
|upkeep
|
|t:|1756146975
|switch|p2b: Pelipper|Pelipper, L50, M|100/100
|turn|3
|inactive|stevie.bot has 30 seconds left.
|
|t:|1756147004
|-terastallize|p1a: Kingambit|Ghost
|move|p2a: Archaludon|Electro Shot||[still]
|-prepare|p2a: Archaludon|Electro Shot
|-boost|p2a: Archaludon|spa|1
|-anim|p2a: Archaludon|Electro Shot|p1b: Sneasler
|-damage|p1b: Sneasler|15/100
|move|p2b: Pelipper|Hurricane|p1b: Sneasler
|-supereffective|p1b: Sneasler
|-damage|p1b: Sneasler|0 fnt
|faint|p1b: Sneasler
|move|p1a: Kingambit|Kowtow Cleave|p2b: Pelipper
|-enditem|p2b: Pelipper|Focus Sash
|-damage|p2b: Pelipper|1/100
|
|-weather|RainDance|[upkeep]
|-heal|p2a: Archaludon|100/100|[from] Grassy Terrain
|upkeep
|
|t:|1756147022
|switch|p1b: Magmar|Magmar, L50, M, shiny|100/100
|turn|4
|
|t:|1756147038
|move|p2b: Pelipper|Protect|p2b: Pelipper
|-singleturn|p2b: Pelipper|Protect
|move|p1b: Magmar|Protect|p1b: Magmar
|-singleturn|p1b: Magmar|Protect
|move|p1a: Kingambit|Sucker Punch||[still]
|-fail|p1a: Kingambit
|move|p2a: Archaludon|Electro Shot||[still]
|-prepare|p2a: Archaludon|Electro Shot
|-boost|p2a: Archaludon|spa|1
|-anim|p2a: Archaludon|Electro Shot|p1a: Kingambit
|-damage|p1a: Kingambit|32/100
|
|-weather|RainDance|[upkeep]
|-heal|p1a: Kingambit|39/100|[from] Grassy Terrain
|-sideend|p2: NerdConsultant|move: Tailwind
|upkeep
|turn|5
|
|t:|1756147054
|switch|p2b: Basculegion|Basculegion, L50, M|100/100
|move|p1a: Kingambit|Protect|p1a: Kingambit
|-singleturn|p1a: Kingambit|Protect
|move|p2a: Archaludon|Electro Shot||[still]
|-prepare|p2a: Archaludon|Electro Shot
|-boost|p2a: Archaludon|spa|1
|-anim|p2a: Archaludon|Electro Shot|p1a: Kingambit
|-activate|p1a: Kingambit|move: Protect
|move|p1b: Magmar|Overheat|p2b: Basculegion
|-resisted|p2b: Basculegion
|-damage|p2b: Basculegion|86/100
|-unboost|p1b: Magmar|spa|2
|
|-weather|none
|-heal|p2b: Basculegion|92/100|[from] Grassy Terrain
|-heal|p1a: Kingambit|45/100|[from] Grassy Terrain
|-fieldend|move: Grassy Terrain
|upkeep
|turn|6
|inactive|NerdConsultant has 30 seconds left.
|
|t:|1756147081
|switch|p2b: Pelipper|Pelipper, L50, M|1/100
|-weather|RainDance|[from] ability: Drizzle|[of] p2b: Pelipper
|switch|p1b: Rillaboom|Rillaboom, L50, F|100/100
|-fieldstart|move: Grassy Terrain|[from] ability: Grassy Surge|[of] p1b: Rillaboom
|move|p2a: Archaludon|Body Press|p1b: Rillaboom
|-damage|p1b: Rillaboom|12/100
|move|p1a: Kingambit|Kowtow Cleave|p2b: Pelipper
|-damage|p2b: Pelipper|0 fnt
|faint|p2b: Pelipper
|
|-weather|RainDance|[upkeep]
|-heal|p1b: Rillaboom|18/100|[from] Grassy Terrain
|-heal|p1a: Kingambit|51/100|[from] Grassy Terrain
|upkeep
|
|t:|1756147096
|switch|p2b: Basculegion|Basculegion, L50, M|92/100
|turn|7
|
|t:|1756147107
|-terastallize|p2b: Basculegion|Grass
|move|p1b: Rillaboom|Fake Out|p2a: Archaludon
|-resisted|p2a: Archaludon
|-damage|p2a: Archaludon|99/100
|-ability|p2a: Archaludon|Stamina|boost
|-boost|p2a: Archaludon|def|1
|move|p1a: Kingambit|Sucker Punch|p2b: Basculegion
|-damage|p2b: Basculegion|0 fnt
|faint|p2b: Basculegion
|cant|p2a: Archaludon|flinch
|
|-weather|RainDance|[upkeep]
|-heal|p2a: Archaludon|100/100|[from] Grassy Terrain
|-heal|p1b: Rillaboom|24/100|[from] Grassy Terrain
|-heal|p1a: Kingambit|57/100|[from] Grassy Terrain
|upkeep
|turn|8
|
|t:|1756147128
|move|p1a: Kingambit|Protect|p1a: Kingambit
|-singleturn|p1a: Kingambit|Protect
|move|p2a: Archaludon|Electro Shot||[still]
|-prepare|p2a: Archaludon|Electro Shot
|-boost|p2a: Archaludon|spa|1
|-anim|p2a: Archaludon|Electro Shot|p1a: Kingambit
|-activate|p1a: Kingambit|move: Protect
|move|p1b: Rillaboom|High Horsepower|p2a: Archaludon
|-supereffective|p2a: Archaludon
|-damage|p2a: Archaludon|89/100
|
|-weather|RainDance|[upkeep]
|-heal|p2a: Archaludon|95/100|[from] Grassy Terrain
|-heal|p1b: Rillaboom|30/100|[from] Grassy Terrain
|-heal|p1a: Kingambit|63/100|[from] Grassy Terrain
|upkeep
|turn|9
|
|t:|1756147145
|move|p1a: Kingambit|Sucker Punch|p2a: Archaludon
|-damage|p2a: Archaludon|80/100
|move|p2a: Archaludon|Electro Shot||[still]
|-prepare|p2a: Archaludon|Electro Shot
|-boost|p2a: Archaludon|spa|1
|-anim|p2a: Archaludon|Electro Shot|p1a: Kingambit
|-damage|p1a: Kingambit|0 fnt
|faint|p1a: Kingambit
|move|p1b: Rillaboom|High Horsepower|p2a: Archaludon
|-supereffective|p2a: Archaludon
|-damage|p2a: Archaludon|67/100
|
|-weather|RainDance|[upkeep]
|-heal|p2a: Archaludon|74/100|[from] Grassy Terrain
|-heal|p1b: Rillaboom|37/100|[from] Grassy Terrain
|upkeep
|
|t:|1756147154
|switch|p1a: Magmar|Magmar, L50, M, shiny|100/100
|turn|10
|
|t:|1756147163
|move|p1a: Magmar|Will-O-Wisp|p2a: Archaludon
|-status|p2a: Archaludon|brn
|move|p2a: Archaludon|Electro Shot||[still]
|-prepare|p2a: Archaludon|Electro Shot
|-boost|p2a: Archaludon|spa|1
|-anim|p2a: Archaludon|Electro Shot|p1a: Magmar
|-damage|p1a: Magmar|0 fnt
|faint|p1a: Magmar
|move|p1b: Rillaboom|High Horsepower|p2a: Archaludon
|-supereffective|p2a: Archaludon
|-damage|p2a: Archaludon|62/100 brn
|
|-weather|none
|-heal|p2a: Archaludon|68/100 brn|[from] Grassy Terrain
|-heal|p1b: Rillaboom|43/100|[from] Grassy Terrain
|-damage|p2a: Archaludon|62/100 brn|[from] brn
|-fieldend|move: Grassy Terrain
|upkeep
|turn|11
|c|☆stevie.bot|ggs
|
|t:|1756147179
|move|p2a: Archaludon|Draco Meteor|p1b: Rillaboom
|-damage|p1b: Rillaboom|0 fnt
|-unboost|p2a: Archaludon|spa|2
|faint|p1b: Rillaboom
|
|win|NerdConsultant
|raw|stevie.bot's rating: 1264 → 1234(-30 for losing)
|raw|NerdConsultant's rating: 1192 → 1222(+30 for winning)
|c|☆NerdConsultant|ggs
|l|☆stevie.bot
|player|p1|
|c|☆NerdConsultant|you played really well
