|j|☆yeahhhhboiiii
|j|☆DrXJ13
|html|yeahhhhboiiiiDrXJ13    
|uhtml|bestof|Game 2 of a best-of-3
|t:|1757931444
|gametype|doubles
|player|p1|yeahhhhboiiii|101|1189
|player|p2|DrXJ13|2|1214
|gen|9
|tier|[Gen 9] VGC 2025 Reg H (Bo3)
|rated|
|rule|Species Clause: Limit one of each Pokémon
|rule|Item Clause: Limit 1 of each item
|clearpoke
|poke|p1|Dragapult, L50, F|
|poke|p1|Sneasler, L50, F|
|poke|p1|Pelipper, L50, F|
|poke|p1|Archaludon, L50, F|
|poke|p1|Incineroar, L50, M|
|poke|p1|Gholdengo, L50|
|poke|p2|Vivillon, L50, M|
|poke|p2|Garchomp, L50, F|
|poke|p2|Gholdengo, L50|
|poke|p2|Incineroar, L50, F|
|poke|p2|Porygon2, L50|
|poke|p2|Decidueye-Hisui, L50, M|
|teampreview|4
|showteam|p1|Dragapult||ChoiceBand|ClearBody|DragonDarts,PhantomForce,Uturn,TeraBlast|||F|||50|,,,,,Ghost]Sneasler||FocusSash|Unburden|Protect,Coaching,DireClaw,CloseCombat|||F|||50|,,,,,Dark]Pelipper||CovertCloak|Drizzle|MuddyWater,Hurricane,Tailwind,WideGuard|||F|||50|,,,,,Stellar]Archaludon||AssaultVest|Stamina|ElectroShot,BodyPress,DracoMeteor,FlashCannon|||F|||50|,,,,,Grass]Incineroar||SafetyGoggles|Intimidate|FakeOut,PartingShot,FlareBlitz,KnockOff|||M|||50|,,,,,Ghost]Gholdengo||Leftovers|GoodasGold|MakeItRain,ShadowBall,NastyPlot,Protect||||||50|,,,,,Fairy
|showteam|p2|Vivillon||FocusSash|CompoundEyes|Hurricane,SleepPowder,RagePowder,Tailwind|||M|||50|,,,,,Ghost]Garchomp||LifeOrb|RoughSkin|DragonClaw,StompingTantrum,Earthquake,Protect|||F|||50|,,,,,Ground]Gholdengo||ChoiceSpecs|GoodasGold|MakeItRain,ShadowBall,PowerGem,Trick||||||50|,,,,,Steel]Incineroar||AssaultVest|Intimidate|FakeOut,FlareBlitz,KnockOff,Uturn|||F|||50|,,,,,Grass]Porygon2||Eviolite|Download|IceBeam,TeraBlast,Recover,TrickRoom||||||50|,,,,,Fairy]Decidueye-Hisui||ScopeLens|Scrappy|LeafBlade,TripleArrows,Haze,Protect|||M|||50|,,,,,Water
|inactive|Battle timer is ON: inactive players will automatically lose when time's up. (requested by DrXJ13)
|
|t:|1757931472
|teamsize|p1|4
|teamsize|p2|4
|start
|switch|p1a: Pelipper|Pelipper, L50, F|100/100
|switch|p1b: Archaludon|Archaludon, L50, F|100/100
|switch|p2a: Incineroar|Incineroar, L50, F|100/100
|switch|p2b: Porygon2|Porygon2, L50|100/100
|-weather|RainDance|[from] ability: Drizzle|[of] p1a: Pelipper
|-ability|p2a: Incineroar|Intimidate|boost
|-unboost|p1a: Pelipper|atk|1
|-unboost|p1b: Archaludon|atk|1
|-ability|p2b: Porygon2|Download|boost
|-boost|p2b: Porygon2|spa|1
|turn|1
|inactive|DrXJ13 has 30 seconds left.
|inactive|DrXJ13 has 20 seconds left.
|
|t:|1757931510
|move|p1b: Archaludon|Electro Shot||[still]
|-prepare|p1b: Archaludon|Electro Shot
|-boost|p1b: Archaludon|spa|1
|-anim|p1b: Archaludon|Electro Shot|p2b: Porygon2
|-damage|p2b: Porygon2|69/100
|move|p1a: Pelipper|Muddy Water|p2b: Porygon2|[spread] p2a,p2b
|-supereffective|p2a: Incineroar
|-damage|p2a: Incineroar|46/100
|-damage|p2b: Porygon2|41/100
|-unboost|p2b: Porygon2|accuracy|1
|move|p2a: Incineroar|U-turn|p1a: Pelipper
|-resisted|p1a: Pelipper
|-damage|p1a: Pelipper|87/100
|
|t:|1757931521
|switch|p2a: Decidueye|Decidueye-Hisui, L50, M|100/100|[from] U-turn
|move|p2b: Porygon2|Trick Room|p2b: Porygon2
|-fieldstart|move: Trick Room|[of] p2b: Porygon2
|
|-weather|RainDance|[upkeep]
|upkeep
|turn|2
|
|t:|1757931537
|switch|p1a: Incineroar|Incineroar, L50, M|100/100
|-ability|p1a: Incineroar|Intimidate|boost
|-fail|p2a: Decidueye|unboost|Attack|[from] ability: Scrappy|[of] p2a: Decidueye
|-unboost|p2b: Porygon2|atk|1
|switch|p1b: Gholdengo|Gholdengo, L50|100/100
|move|p2b: Porygon2|Ice Beam|p1b: Gholdengo
|-resisted|p1b: Gholdengo
|-damage|p1b: Gholdengo|83/100
|move|p2a: Decidueye|Triple Arrows|p1b: Gholdengo
|-supereffective|p1b: Gholdengo
|-damage|p1b: Gholdengo|5/100
|
|-weather|RainDance|[upkeep]
|-heal|p1b: Gholdengo|11/100|[from] item: Leftovers
|upkeep
|turn|3
|
|t:|1757931559
|switch|p2b: Incineroar|Incineroar, L50, F|46/100
|-ability|p2b: Incineroar|Intimidate|boost
|-unboost|p1a: Incineroar|atk|1
|-unboost|p1b: Gholdengo|atk|1
|move|p2a: Decidueye|Protect|p2a: Decidueye
|-singleturn|p2a: Decidueye|Protect
|move|p1b: Gholdengo|Protect|p1b: Gholdengo
|-singleturn|p1b: Gholdengo|Protect
|move|p1a: Incineroar|Knock Off|p2b: Incineroar
|-resisted|p2b: Incineroar
|-damage|p2b: Incineroar|33/100
|-enditem|p2b: Incineroar|Assault Vest|[from] move: Knock Off|[of] p1a: Incineroar
|
|-weather|RainDance|[upkeep]
|-heal|p1b: Gholdengo|17/100|[from] item: Leftovers
|upkeep
|turn|4
|
|t:|1757931577
|switch|p1b: Pelipper|Pelipper, L50, F|87/100
|move|p2a: Decidueye|Triple Arrows|p1a: Incineroar
|-supereffective|p1a: Incineroar
|-damage|p1a: Incineroar|31/100
|move|p1a: Incineroar|Parting Shot|p2b: Incineroar
|-unboost|p2b: Incineroar|atk|1
|-unboost|p2b: Incineroar|spa|1
|
|t:|1757931588
|switch|p1a: Gholdengo|Gholdengo, L50|17/100|[from] Parting Shot
|move|p2b: Incineroar|Knock Off|p1b: Pelipper
|-crit|p1b: Pelipper
|-damage|p1b: Pelipper|0 fnt
|-enditem|p1b: Pelipper|Covert Cloak|[from] move: Knock Off|[of] p2b: Incineroar
|faint|p1b: Pelipper
|
|-weather|RainDance|[upkeep]
|-heal|p1a: Gholdengo|23/100|[from] item: Leftovers
|upkeep
|
|t:|1757931594
|switch|p1b: Incineroar|Incineroar, L50, M|31/100
|-ability|p1b: Incineroar|Intimidate|boost
|-fail|p2a: Decidueye|unboost|Attack|[from] ability: Scrappy|[of] p2a: Decidueye
|-unboost|p2b: Incineroar|atk|1
|turn|5
|inactive|DrXJ13 has 30 seconds left.
|
|t:|1757931621
|switch|p2b: Gholdengo|Gholdengo, L50|100/100
|-terastallize|p1a: Gholdengo|Fairy
|move|p1b: Incineroar|Fake Out|p2a: Decidueye
|-crit|p2a: Decidueye
|-damage|p2a: Decidueye|82/100
|cant|p2a: Decidueye|flinch
|move|p1a: Gholdengo|Nasty Plot|p1a: Gholdengo
|-boost|p1a: Gholdengo|spa|2
|
|-weather|none
|-heal|p1a: Gholdengo|29/100|[from] item: Leftovers
|-fieldend|move: Trick Room
|upkeep
|turn|6
|
|t:|1757931639
|-terastallize|p2b: Gholdengo|Steel
|move|p2b: Gholdengo|Make It Rain|p1b: Incineroar|[spread] p1a,p1b
|-supereffective|p1a: Gholdengo
|-resisted|p1b: Incineroar
|-damage|p1a: Gholdengo|0 fnt
|-damage|p1b: Incineroar|0 fnt
|-unboost|p2b: Gholdengo|spa|1
|faint|p1a: Gholdengo
|faint|p1b: Incineroar
|move|p2a: Decidueye|Triple Arrows|p1: Gholdengo|[notarget]
|-fail|p2a: Decidueye
|
|upkeep
|
|t:|1757931644
|switch|p1b: Archaludon|Archaludon, L50, F|100/100
|turn|7
|
|t:|1757931653
|switch|p2b: Incineroar|Incineroar, L50, F|33/100
|-ability|p2b: Incineroar|Intimidate|boost
|-unboost|p1b: Archaludon|atk|1
|move|p1b: Archaludon|Draco Meteor|p2a: Decidueye
|-damage|p2a: Decidueye|27/100
|-unboost|p1b: Archaludon|spa|2
|move|p2a: Decidueye|Triple Arrows|p1b: Archaludon
|-supereffective|p1b: Archaludon
|-crit|p1b: Archaludon
|-damage|p1b: Archaludon|0 fnt
|faint|p1b: Archaludon
|
|win|DrXJ13
|raw|yeahhhhboiiii's rating: 1189 → 1166(-23 for losing)
|raw|DrXJ13's rating: 1214 → 1237(+23 for winning)
|l|☆yeahhhhboiiii
|player|p1|
