|j|Ōśåtest220102
|j|Ōśåcrimsonkidd
|html|test220102crimsonkidd    
|uhtml|bestof|Game 3 of a best-of-3
|t:|1757167074
|gametype|doubles
|player|p1|test220102|266|1081
|player|p2|crimsonkidd|lance|1176
|gen|9
|tier|[Gen 9] VGC 2025 Reg H (Bo3)
|rated|
|rule|Species Clause: Limit one of each Pok├®mon
|rule|Item Clause: Limit 1 of each item
|clearpoke
|poke|p1|Milotic, L50, F|
|poke|p1|Gholdengo, L50|
|poke|p1|Whimsicott, L50, M|
|poke|p1|Annihilape, L50, M|
|poke|p1|Ursaluna-Bloodmoon, L50, M|
|poke|p1|Electabuzz, L50, F|
|poke|p2|Tyranitar, L50, F|
|poke|p2|Garchomp, L50, M|
|poke|p2|Amoonguss, L50, M|
|poke|p2|Archaludon, L50, F|
|poke|p2|Milotic, L50, F|
|poke|p2|Dragonite, L50, F|
|teampreview|4
|showteam|p1|Milotic||SitrusBerry|Competitive|Protect,Haze,Imprison,Scald|||F|||50|,,,,,Dragon]Gholdengo||Leftovers|GoodasGold|Protect,NastyPlot,ShadowBall,MakeItRain||||||50|,,,,,Dragon]Whimsicott||CovertCloak|Prankster|Tailwind,Moonblast,Taunt,BeatUp|||M|||50|,,,,,Steel]Annihilape||SafetyGoggles|Defiant|Protect,BulkUp,DrainPunch,RageFist|||M|||50|,,,,,Water]Ursaluna-Bloodmoon||AssaultVest|MindsEye|VacuumWave,EarthPower,HyperVoice,BloodMoon|||M|||50|,,,,,Ghost]Electabuzz||Eviolite|VitalSpirit|Protect,FollowMe,Taunt,Thunderbolt|||F|||50|,,,,,Flying
|showteam|p2|Tyranitar||AssaultVest|SandStream|KnockOff,RockSlide,TeraBlast,LowKick|||F|||50|,,,,,Flying]Garchomp||LifeOrb|SandVeil|Earthquake,SwordsDance,Protect,DragonClaw|||M|||50|,,,,,Ground]Amoonguss||CovertCloak|Regenerator|RagePowder,Spore,PollenPuff,SludgeBomb|||M|||50|,,,,,Water]Archaludon||PowerHerb|Sturdy|ElectroShot,AuraSphere,Protect,FlashCannon|||F|||50|,,,,,Stellar]Milotic||SitrusBerry|Competitive|Scald,IcyWind,Protect,Haze|||F|||50|,,,,,Poison]Dragonite||LoadedDice|Multiscale|ScaleShot,TeraBlast,Protect,Tailwind|||F|||50|,,,,,Flying
|inactive|Battle timer is ON: inactive players will automatically lose when time's up. (requested by test220102)
|inactive|crimsonkidd has 60 seconds left.
|inactive|crimsonkidd has 30 seconds left.
|
|t:|1757167138
|teamsize|p1|4
|teamsize|p2|4
|start
|switch|p1a: Gholdengo|Gholdengo, L50|100/100
|switch|p1b: Electabuzz|Electabuzz, L50, F|100/100
|switch|p2a: Dragonite|Dragonite, L50, F|100/100
|switch|p2b: Milotic|Milotic, L50, F|100/100
|turn|1
|j| szoboslai
|inactive|test220102 has 30 seconds left.
|inactive|crimsonkidd has 30 seconds left.
|
|t:|1757167170
|move|p2b: Milotic|Protect|p2b: Milotic
|-singleturn|p2b: Milotic|Protect
|move|p1b: Electabuzz|Taunt|p2a: Dragonite
|-start|p2a: Dragonite|move: Taunt
|cant|p2a: Dragonite|move: Taunt|Tailwind
|move|p1a: Gholdengo|Nasty Plot|p1a: Gholdengo
|-boost|p1a: Gholdengo|spa|2
|
|upkeep
|turn|2
|
|t:|1757167191
|move|p1b: Electabuzz|Taunt|p2b: Milotic
|-start|p2b: Milotic|move: Taunt
|move|p2a: Dragonite|Scale Shot|p1b: Electabuzz|[miss]
|-miss|p2a: Dragonite|p1b: Electabuzz
|move|p1a: Gholdengo|Nasty Plot|p1a: Gholdengo
|-boost|p1a: Gholdengo|spa|2
|cant|p2b: Milotic|move: Taunt|Haze
|
|upkeep
|turn|3
|c|Ōśåcrimsonkidd|welp
|inactive|crimsonkidd has 30 seconds left.
|
|t:|1757167220
|move|p1b: Electabuzz|Thunderbolt|p2a: Dragonite
|-damage|p2a: Dragonite|83/100
|move|p2a: Dragonite|Scale Shot|p1b: Electabuzz
|-crit|p1b: Electabuzz
|-damage|p1b: Electabuzz|82/100
|-damage|p1b: Electabuzz|70/100
|-damage|p1b: Electabuzz|57/100
|-damage|p1b: Electabuzz|45/100
|-hitcount|p1b: Electabuzz|4
|-unboost|p2a: Dragonite|def|1
|-boost|p2a: Dragonite|spe|1
|move|p1a: Gholdengo|Shadow Ball|p2b: Milotic
|-damage|p2b: Milotic|1/100
|-enditem|p2b: Milotic|Sitrus Berry|[eat]
|-heal|p2b: Milotic|26/100|[from] item: Sitrus Berry
|move|p2b: Milotic|Scald|p1a: Gholdengo
|-damage|p1a: Gholdengo|69/100
|-status|p1a: Gholdengo|brn
|
|-heal|p1a: Gholdengo|75/100 brn|[from] item: Leftovers
|-damage|p1a: Gholdengo|69/100 brn|[from] brn
|-end|p2a: Dragonite|move: Taunt
|upkeep
|turn|4
|c|Ōśåtest220102|doesnt die as you can see
|inactive|test220102 has 30 seconds left.
|inactive|crimsonkidd has 30 seconds left.
|c|Ōśåtest220102|and my ghold is slower than ur dnite even before scaleshot
|inactive|test220102 has 20 seconds left.
|inactive|crimsonkidd has 20 seconds left.
|inactive|crimsonkidd has 15 seconds left.
|inactive|crimsonkidd has 10 seconds left.
|inactive|crimsonkidd has 5 seconds left.
|
|t:|1757167275
|move|p1b: Electabuzz|Follow Me|p1b: Electabuzz
|-singleturn|p1b: Electabuzz|move: Follow Me
|move|p2a: Dragonite|Scale Shot|p1b: Electabuzz|[miss]
|-miss|p2a: Dragonite|p1b: Electabuzz
|move|p1a: Gholdengo|Make It Rain|p2b: Milotic|[spread] p2a,p2b
|-resisted|p2b: Milotic
|-damage|p2a: Dragonite|0 fnt
|-damage|p2b: Milotic|0 fnt
|-unboost|p1a: Gholdengo|spa|1
|faint|p2a: Dragonite
|faint|p2b: Milotic
|
|-heal|p1a: Gholdengo|75/100 brn|[from] item: Leftovers
|-damage|p1a: Gholdengo|69/100 brn|[from] brn
|upkeep
|c|Ōśåtest220102|this one sucks lol
|c|Ōśåcrimsonkidd|of course
|
|t:|1757167289
|switch|p2a: Tyranitar|Tyranitar, L50, F, shiny|100/100
|switch|p2b: Garchomp|Garchomp, L50, M|100/100
|-weather|Sandstorm|[from] ability: Sand Stream|[of] p2a: Tyranitar
|turn|5
|l| szoboslai
|inactive|test220102 has 30 seconds left.
|
|t:|1757167315
|-terastallize|p2a: Tyranitar|Flying
|move|p1a: Gholdengo|Protect|p1a: Gholdengo
|-singleturn|p1a: Gholdengo|Protect
|move|p2b: Garchomp|Earthquake|p1a: Gholdengo|[spread] p1b
|-activate|p1a: Gholdengo|move: Protect
|-immune|p2a: Tyranitar
|-supereffective|p1b: Electabuzz
|-damage|p1b: Electabuzz|0 fnt
|faint|p1b: Electabuzz
|-damage|p2b: Garchomp|91/100|[from] item: Life Orb
|move|p2a: Tyranitar|Knock Off|p1a: Gholdengo
|-activate|p1a: Gholdengo|move: Protect
|
|-weather|Sandstorm|[upkeep]
|-damage|p2a: Tyranitar|94/100|[from] Sandstorm
|-heal|p1a: Gholdengo|75/100 brn|[from] item: Leftovers
|-damage|p1a: Gholdengo|69/100 brn|[from] brn
|upkeep
|
|t:|1757167320
|switch|p1b: Whimsicott|Whimsicott, L50, M|100/100
|turn|6
|
|t:|1757167337
|-terastallize|p1a: Gholdengo|Dragon
|move|p2b: Garchomp|Protect|p2b: Garchomp
|-singleturn|p2b: Garchomp|Protect
|move|p1b: Whimsicott|Tailwind|p1b: Whimsicott
|-sidestart|p1: test220102|move: Tailwind
|move|p1a: Gholdengo|Shadow Ball|p2a: Tyranitar
|-damage|p2a: Tyranitar|27/100
|-unboost|p2a: Tyranitar|spd|1
|move|p2a: Tyranitar|Tera Blast|p1b: Whimsicott|[anim] Tera Blast Flying
|-supereffective|p1b: Whimsicott
|-damage|p1b: Whimsicott|0 fnt
|faint|p1b: Whimsicott
|
|-weather|Sandstorm|[upkeep]
|-damage|p1a: Gholdengo|63/100 brn|[from] Sandstorm
|-damage|p2a: Tyranitar|21/100|[from] Sandstorm
|-heal|p1a: Gholdengo|69/100 brn|[from] item: Leftovers
|-damage|p1a: Gholdengo|63/100 brn|[from] brn
|upkeep
|
|t:|1757167341
|switch|p1b: Annihilape|Annihilape, L50, M|100/100
|turn|7
|c|Ōśåcrimsonkidd|welp
|c|Ōśåcrimsonkidd|i have just been out played this game
|c|Ōśåtest220102|yes indeed
|inactive|crimsonkidd has 30 seconds left.
|
|t:|1757167367
|move|p1b: Annihilape|Drain Punch|p2b: Garchomp
|-damage|p2b: Garchomp|55/100
|move|p1a: Gholdengo|Make It Rain|p2a: Tyranitar|[spread] p2a,p2b
|-damage|p2a: Tyranitar|0 fnt
|-damage|p2b: Garchomp|0 fnt
|-unboost|p1a: Gholdengo|spa|1
|faint|p2a: Tyranitar
|faint|p2b: Garchomp
|
|win|test220102
|raw|test220102's rating: 1081 → 1116(+35 for winning)
|raw|crimsonkidd's rating: 1176 → 1144(-32 for losing)
|c|Ōśåcrimsonkidd|alright
|c|Ōśåtest220102|if buzz died i would have had free switch into whimsicott 1 turn earlier
|c|Ōśåcrimsonkidd|well no need to be rude about it
|c|Ōśåtest220102|how am i being rude lol
|c|Ōśåtest220102|you're just passive aggressive implying that you're more skilled but lost just because of the miss
