|j|☆Its Sushiii
|j|☆yeray402
|html|Its Sushiiiyeray402    
|uhtml|bestof|Game 2 of a best-of-3
|t:|1785341907
|gametype|doubles
|player|p1|Its Sushiii|169|1387
|player|p2|yeray402|1|1373
|gen|9
|tier|[Gen 9 Champions] VGC 2026 Reg M-B (Bo3)
|rated|
|rule|Species Clause: Limit one of each Pokémon
|rule|Item Clause: Limit 1 of each item
|clearpoke
|poke|p1|Staraptor, L50, F|
|poke|p1|Raichu, L50, F|
|poke|p1|Kingambit, L50, F|
|poke|p1|Arcanine-Hisui, L50, M|
|poke|p1|Farigiraf, L50, M|
|poke|p1|Sylveon, L50, F|
|poke|p2|Kingambit, L50, M|
|poke|p2|Aerodactyl, L50, F|
|poke|p2|Charizard, L50, F|
|poke|p2|Sylveon, L50, F|
|poke|p2|Farigiraf, L50, M|
|poke|p2|Garchomp, L50, F|
|teampreview|4
|showteam|p1|Staraptor||Staraptite|Intimidate|BraveBird,CloseCombat,Tailwind,Protect|Jolly||F|||50|]Raichu||RaichuniteY|Static|ZapCannon,FocusBlast,FakeOut,Protect|Timid||F|||50|]Kingambit||LifeOrb|Defiant|KowtowCleave,SuckerPunch,SwordsDance,Protect|Adamant||F|||50|]Arcanine-Hisui||FocusSash|RockHead|FlareBlitz,HeadSmash,ExtremeSpeed,Protect|Jolly||M|||50|]Farigiraf||SitrusBerry|ArmorTail|Psychic,HelpingHand,TrickRoom,Protect|Bold||M|||50|]Sylveon||FairyFeather|Pixilate|HyperVoice,HyperBeam,QuickAttack,Protect|Modest||F|||50|
|showteam|p2|Kingambit||FocusSash|Defiant|LowKick,KowtowCleave,SuckerPunch,IronHead|Adamant||M|||50|]Aerodactyl||Aerodactylite|Unnerve|RockSlide,DualWingbeat,IceFang,Tailwind|Jolly||F|||50|]Charizard||CharizarditeY|Blaze|Protect,HeatWave,WeatherBall,SolarBeam|Modest||F|||50|]Sylveon||FairyFeather|Pixilate|Protect,HyperVoice,HyperBeam,QuickAttack|Modest||F|||50|]Farigiraf||SitrusBerry|ArmorTail|TwinBeam,Thunderbolt,TrickRoom,Roar|Bold||M|||50|]Garchomp||LifeOrb|RoughSkin|Protect,DragonClaw,StompingTantrum,Earthquake|Jolly||F|||50|
|inactive|Battle timer is ON: inactive players will automatically lose when time's up. (requested by Its Sushiii)
|inactive|Its Sushiii has 60 seconds left.
|
|t:|1785341947
|teamsize|p1|4
|teamsize|p2|4
|start
|switch|p1a: Arcanine|Arcanine-Hisui, L50, M|100/100
|switch|p1b: Raichu|Raichu, L50, F|100/100
|switch|p2a: Garchomp|Garchomp, L50, F|100/100
|switch|p2b: Charizard|Charizard, L50, F|100/100
|turn|1
|inactive|Its Sushiii has 30 seconds left.
|
|t:|1785341972
|switch|p2b: Farigiraf|Farigiraf, L50, M|100/100
|detailschange|p1b: Raichu|Raichu-Mega-Y, L50, F
|-mega|p1b: Raichu|Raichu|Raichunite Y
|move|p1b: Raichu|Fake Out||[still]
|cant|p2b: Farigiraf|ability: Armor Tail|Fake Out|[of] p1b: Raichu
|move|p2a: Garchomp|Earthquake|p1a: Arcanine|[spread] p2b,p1a,p1b
|-supereffective|p1a: Arcanine|2
|-supereffective|p1b: Raichu|1
|-damage|p2b: Farigiraf|58/100
|-enditem|p1a: Arcanine|Focus Sash
|-damage|p1a: Arcanine|1/100
|-damage|p1b: Raichu|0 fnt
|faint|p1b: Raichu
|-damage|p2a: Garchomp|90/100|[from] item: Life Orb
|move|p1a: Arcanine|Head Smash|p2b: Farigiraf
|-damage|p2b: Farigiraf|4/100
|-enditem|p2b: Farigiraf|Sitrus Berry|[eat]
|-heal|p2b: Farigiraf|29/100|[from] item: Sitrus Berry
|
|upkeep
|
|t:|1785341994
|switch|p1b: Sylveon|Sylveon, L50, F|100/100
|turn|2
|inactive|yeray402 has 30 seconds left.
|
|t:|1785342021
|move|p2a: Garchomp|Protect|p2a: Garchomp
|-singleturn|p2a: Garchomp|Protect
|move|p1a: Arcanine|Protect|p1a: Arcanine
|-singleturn|p1a: Arcanine|Protect
|move|p1b: Sylveon|Hyper Voice|p2b: Farigiraf|[spread] p2b
|-activate|p2a: Garchomp|move: Protect
|-damage|p2b: Farigiraf|0 fnt
|faint|p2b: Farigiraf
|
|upkeep
|
|t:|1785342029
|switch|p2b: Charizard|Charizard, L50, F|100/100
|turn|3
|inactive|Its Sushiii has 30 seconds left.
|
|t:|1785342064
|detailschange|p2b: Charizard|Charizard-Mega-Y, L50, F
|-mega|p2b: Charizard|Charizard|Charizardite Y
|-weather|SunnyDay|[from] ability: Drought|[of] p2b: Charizard
|move|p1b: Sylveon|Protect|p1b: Sylveon
|-singleturn|p1b: Sylveon|Protect
|move|p2a: Garchomp|Earthquake|p1b: Sylveon|[spread] p1a
|-activate|p1b: Sylveon|move: Protect
|-immune|p2b: Charizard
|-supereffective|p1a: Arcanine|2
|-damage|p1a: Arcanine|0 fnt
|faint|p1a: Arcanine
|-damage|p2a: Garchomp|80/100|[from] item: Life Orb
|move|p2b: Charizard|Weather Ball|p1b: Sylveon
|-activate|p1b: Sylveon|move: Protect
|
|-weather|SunnyDay|[upkeep]
|upkeep
|
|t:|1785342078
|switch|p1a: Farigiraf|Farigiraf, L50, M|100/100
|turn|4
|
|t:|1785342085
|move|p2a: Garchomp|Earthquake|p1a: Farigiraf|[spread] p1a,p1b
|-immune|p2b: Charizard
|-damage|p1a: Farigiraf|61/100
|-damage|p1b: Sylveon|41/100
|-damage|p2a: Garchomp|70/100|[from] item: Life Orb
|move|p2b: Charizard|Weather Ball|p1b: Sylveon
|-damage|p1b: Sylveon|0 fnt
|faint|p1b: Sylveon
|move|p1a: Farigiraf|Trick Room|p1a: Farigiraf
|-fieldstart|move: Trick Room|[of] p1a: Farigiraf
|
|-weather|SunnyDay|[upkeep]
|upkeep
|turn|5
|-message|Its Sushiii forfeited.
|
|win|yeray402
||Its Sushiii is ready for game 3.
|inactive|yeray402 has 30 seconds to confirm battle start!
||yeray402 is ready for game 3.
|uhtml|next|Next: Game 3 of 3
|l|☆yeray402
|player|p2|
