|j|☆Gholden Go Getters
|j|☆EmCouch
|html|Gholden Go GettersEmCouch    
|uhtml|bestof|Game 1 of a best-of-3
|t:|1757178537
|gametype|doubles
|player|p1|Gholden Go Getters|emmet|
|player|p2|EmCouch|265|
|gen|9
|tier|[Gen 9] VGC 2025 Reg H (Bo3)
|rule|Species Clause: Limit one of each Pokémon
|rule|Item Clause: Limit 1 of each item
|clearpoke
|poke|p1|Gholdengo, L50|
|poke|p1|Talonflame, L50, M|
|poke|p1|Garchomp, L50, M|
|poke|p1|Vivillon, L50, M|
|poke|p1|Maushold-Four, L50|
|poke|p1|Tauros-Paldea-Blaze, L50, M|
|poke|p2|Incineroar, L50, M|
|poke|p2|Excadrill, L50, M|
|poke|p2|Archaludon, L50, M|
|poke|p2|Murkrow, L50, M|
|poke|p2|Greninja-*, L50, F|
|poke|p2|Glimmora, L50, M|
|teampreview|4
|showteam|p1|Gholdengo||ChoiceScarf|GoodasGold|MakeItRain,ShadowBall,Thunderbolt,Trick||||||50|,,,,,Steel]Talonflame||SharpBeak|GaleWings|DualWingbeat,Tailwind,WillOWisp,Protect|||M|||50|,,,,,Ghost]Garchomp||ClearAmulet|RoughSkin|DragonClaw,StompingTantrum,SwordsDance,Protect|||M|||50|,,,,,Steel]Vivillon||FocusSash|CompoundEyes|SleepPowder,RagePowder,Hurricane,Protect|||M|||50|,,,,,Ghost]Maushold-Four||WideLens|Technician|PopulationBomb,FollowMe,Taunt,Protect||||||50|,,,,,Grass]Tauros-Paldea-Blaze||SitrusBerry|Intimidate|RagingBull,Protect,CloseCombat,WillOWisp|||M|||50|,,,,,Dragon
|showteam|p2|Incineroar||RockyHelmet|Blaze|FlareBlitz,FakeOut,KnockOff,FireBlast|||M|||50|,,,,,Fire]Excadrill||ChoiceSpecs|SandRush|DrillRun,Earthquake,HoneClaws,RapidSpin|||M|||50|,,,,,Ground]Archaludon||PowerHerb|Stamina|ElectroShot,FlashCannon,BodyPress,IronDefense|||M|||50|,,,,,Water]Murkrow||FocusSash|Insomnia|Tailwind,DoubleEdge,RainDance,DrillPeck|||M|||50|,,,,,Dark]Greninja||EjectPack|Torrent|Counter,Blizzard,Extrasensory,Haze|||F|||50|,,,,,Water]Glimmora||SitrusBerry|ToxicDebris|PowerGem,EarthPower,SpikyShield,MeteorBeam|||M|||50|,,,,,Rock
|
|t:|1757178592
|teamsize|p1|4
|teamsize|p2|4
|start
|switch|p1a: Talonflame|Talonflame, L50, M|100/100
|switch|p1b: Garchomp|Garchomp, L50, M|100/100
|switch|p2a: Archaludon|Archaludon, L50, M|100/100
|switch|p2b: Murkrow|Murkrow, L50, M|100/100
|turn|1
|
|t:|1757178645
|move|p1a: Talonflame|Dual Wingbeat|p2b: Murkrow
|-damage|p2b: Murkrow|53/100
|-damage|p2b: Murkrow|3/100
|-hitcount|p2b: Murkrow|2
|move|p1b: Garchomp|Swords Dance|p1b: Garchomp
|-boost|p1b: Garchomp|atk|2
|move|p2b: Murkrow|Tailwind|p2b: Murkrow
|-sidestart|p2: EmCouch|move: Tailwind
|move|p2a: Archaludon|Electro Shot||[still]
|-prepare|p2a: Archaludon|Electro Shot
|-boost|p2a: Archaludon|spa|1
|-enditem|p2a: Archaludon|Power Herb
|-anim|p2a: Archaludon|Electro Shot|p1a: Talonflame
|-supereffective|p1a: Talonflame
|-damage|p1a: Talonflame|0 fnt
|faint|p1a: Talonflame
|
|upkeep
|
|t:|1757178663
|switch|p1a: Gholdengo|Gholdengo, L50|100/100
|turn|2
|
|t:|1757178676
|-terastallize|p1a: Gholdengo|Steel
|move|p2b: Murkrow|Rain Dance|p2b: Murkrow
|-weather|RainDance
|move|p1a: Gholdengo|Make It Rain|p2b: Murkrow|[spread] p2a,p2b
|-resisted|p2a: Archaludon
|-damage|p2a: Archaludon|61/100
|-damage|p2b: Murkrow|0 fnt
|-unboost|p1a: Gholdengo|spa|1
|-ability|p2a: Archaludon|Stamina|boost
|-boost|p2a: Archaludon|def|1
|faint|p2b: Murkrow
|move|p2a: Archaludon|Iron Defense|p2a: Archaludon
|-boost|p2a: Archaludon|def|2
|move|p1b: Garchomp|Stomping Tantrum|p2a: Archaludon
|-supereffective|p2a: Archaludon
|-damage|p2a: Archaludon|17/100
|-ability|p2a: Archaludon|Stamina|boost
|-boost|p2a: Archaludon|def|1
|
|-weather|RainDance|[upkeep]
|upkeep
|
|t:|1757178696
|switch|p2b: Incineroar|Incineroar, L50, M|100/100
|turn|3
|
|t:|1757178708
|switch|p1a: Tauros|Tauros-Paldea-Blaze, L50, M|100/100
|-ability|p1a: Tauros|Intimidate|boost
|-unboost|p2a: Archaludon|atk|1
|-unboost|p2b: Incineroar|atk|1
|move|p1b: Garchomp|Protect|p1b: Garchomp
|-singleturn|p1b: Garchomp|Protect
|move|p2a: Archaludon|Body Press|p1b: Garchomp
|-activate|p1b: Garchomp|move: Protect
|move|p2b: Incineroar|Flare Blitz|p1a: Tauros
|-resisted|p1a: Tauros
|-damage|p1a: Tauros|90/100
|-damage|p2b: Incineroar|98/100|[from] Recoil
|
|-weather|RainDance|[upkeep]
|upkeep
|turn|4
|
|t:|1757178769
|move|p2b: Incineroar|Fake Out||[still]
|-hint|Fake Out only works on your first turn out.
|-fail|p2b: Incineroar
|move|p2a: Archaludon|Electro Shot||[still]
|-prepare|p2a: Archaludon|Electro Shot
|-boost|p2a: Archaludon|spa|1
|-anim|p2a: Archaludon|Electro Shot|p1b: Garchomp
|-immune|p1b: Garchomp
|move|p1b: Garchomp|Stomping Tantrum|p2a: Archaludon
|-supereffective|p2a: Archaludon
|-damage|p2a: Archaludon|0 fnt
|faint|p2a: Archaludon
|move|p1a: Tauros|Close Combat|p2b: Incineroar
|-supereffective|p2b: Incineroar
|-damage|p2b: Incineroar|16/100
|-unboost|p1a: Tauros|def|1
|-unboost|p1a: Tauros|spd|1
|-damage|p1a: Tauros|74/100|[from] item: Rocky Helmet|[of] p2b: Incineroar
|
|-weather|RainDance|[upkeep]
|-sideend|p2: EmCouch|move: Tailwind
|upkeep
|
|t:|1757178786
|switch|p2a: Glimmora|Glimmora, L50, M|100/100
|turn|5
|
|t:|1757178800
|-terastallize|p2a: Glimmora|Rock
|move|p2a: Glimmora|Spiky Shield|p2a: Glimmora
|-singleturn|p2a: Glimmora|move: Protect
|move|p1b: Garchomp|Stomping Tantrum|p2a: Glimmora
|-activate|p2a: Glimmora|move: Protect
|-damage|p1b: Garchomp|88/100|[from] Spiky Shield|[of] p2a: Glimmora
|move|p1a: Tauros|Close Combat|p2b: Incineroar
|-supereffective|p2b: Incineroar
|-damage|p2b: Incineroar|0 fnt
|-unboost|p1a: Tauros|def|1
|-unboost|p1a: Tauros|spd|1
|-damage|p1a: Tauros|57/100|[from] item: Rocky Helmet|[of] p2b: Incineroar
|faint|p2b: Incineroar
|
|-weather|RainDance|[upkeep]
|upkeep
|turn|6
|
|t:|1757178819
|move|p2a: Glimmora|Spiky Shield|p2a: Glimmora
|-singleturn|p2a: Glimmora|move: Protect
|move|p1b: Garchomp|Stomping Tantrum|p2a: Glimmora
|-activate|p2a: Glimmora|move: Protect
|-damage|p1b: Garchomp|76/100|[from] Spiky Shield|[of] p2a: Glimmora
|move|p1a: Tauros|Close Combat|p2a: Glimmora
|-activate|p2a: Glimmora|move: Protect
|-damage|p1a: Tauros|45/100|[from] Spiky Shield|[of] p2a: Glimmora
|-enditem|p1a: Tauros|Sitrus Berry|[eat]
|-heal|p1a: Tauros|70/100|[from] item: Sitrus Berry
|
|-weather|none
|upkeep
|turn|7
|
|t:|1757178832
|move|p2a: Glimmora|Spiky Shield||[still]
|-fail|p2a: Glimmora
|move|p1b: Garchomp|Stomping Tantrum|p2a: Glimmora
|-supereffective|p2a: Glimmora
|-damage|p2a: Glimmora|0 fnt
|-activate|p2a: Glimmora|ability: Toxic Debris
|-sidestart|p1: Gholden Go Getters|move: Toxic Spikes
|faint|p2a: Glimmora
|
|win|Gholden Go Getters
||Gholden Go Getters is ready for game 2.
|inactive|EmCouch has 30 seconds to confirm battle start!
||EmCouch is ready for game 2.
|uhtml|next|Next: Game 2 of 3
|l|☆EmCouch
|player|p2|
