|j|☆anthonynn
|j|☆Garden Monke
|html|anthonynnGarden Monke    
|uhtml|bestof|Game 2 of a best-of-3
|t:|1785101416
|gametype|doubles
|player|p1|anthonynn|266|1151
|player|p2|Garden Monke|giacomo|1162
|gen|9
|tier|[Gen 9 Champions] VGC 2026 Reg M-B (Bo3)
|rated|
|rule|Species Clause: Limit one of each Pokémon
|rule|Item Clause: Limit 1 of each item
|clearpoke
|poke|p1|Pelipper, L50, F|
|poke|p1|Sableye, L50, F|
|poke|p1|Swampert, L50, M|
|poke|p1|Archaludon, L50, F|
|poke|p1|Sinistcha-Masterpiece, L50|
|poke|p1|Overqwil, L50, M|
|poke|p2|Garchomp, L50, F|
|poke|p2|Venusaur, L50, M|
|poke|p2|Incineroar, L50, M|
|poke|p2|Charizard, L50, M|
|poke|p2|Toxapex, L50, F|
|poke|p2|Annihilape, L50, F|
|teampreview|4
|showteam|p1|Pelipper||SitrusBerry|Drizzle|Tailwind,WideGuard,Hurricane,WeatherBall|Bold||F|||50|]Sableye||MentalHerb|Prankster|RainDance,LightScreen,WillOWisp,Encore|Calm||F|||50|]Swampert||Swampertite|Torrent|WaveCrash,Earthquake,IcePunch,Protect|Adamant||M|||50|]Archaludon||Leftovers|Stamina|ElectroShot,FlashCannon,DragonPulse,Protect|Modest||F|||50|]Sinistcha-Masterpiece||CobaBerry|Hospitality|TrickRoom,MatchaGotcha,RagePowder,Protect|Calm|||||50|]Overqwil||LifeOrb|SwiftSwim|BarbBarrage,PoisonJab,ThroatChop,Protect|Adamant||M|||50|
|showteam|p2|Garchomp||ChoiceScarf|RoughSkin|Earthquake,RockSlide,DragonClaw,StompingTantrum|Adamant||F|||50|]Venusaur||LifeOrb|Chlorophyll|SludgeBomb,SolarBeam,EarthPower,Protect|Modest||M|||50|]Incineroar||SitrusBerry|Intimidate|FakeOut,FlareBlitz,ThroatChop,PartingShot|Impish||M|||50|]Charizard||CharizarditeY|Blaze|HeatWave,WeatherBall,Protect,HelpingHand|Modest||M|||50|]Toxapex||Leftovers|Regenerator|Infestation,Toxic,WideGuard,BanefulBunker|Impish||F|||50|]Annihilape||FocusSash|Defiant|CloseCombat,PhantomForce,RockTomb,Protect|Jolly||F|||50|
|inactive|Battle timer is ON: inactive players will automatically lose when time's up. (requested by Garden Monke)
|
|t:|1785101428
|teamsize|p1|4
|teamsize|p2|4
|start
|switch|p1a: Sableye|Sableye, L50, F|100/100
|switch|p1b: Archaludon|Archaludon, L50, F|100/100
|switch|p2a: Garchomp|Garchomp, L50, F|100/100
|switch|p2b: Venusaur|Venusaur, L50, M|100/100
|turn|1
|inactive|anthonynn has 30 seconds left.
|
|t:|1785101462
|move|p1b: Archaludon|Protect|p1b: Archaludon
|-singleturn|p1b: Archaludon|Protect
|move|p1a: Sableye|Light Screen|p1a: Sableye
|-sidestart|p1: anthonynn|move: Light Screen
|move|p2a: Garchomp|Dragon Claw|p1a: Sableye
|-damage|p1a: Sableye|50/100g
|move|p2b: Venusaur|Earth Power|p1a: Sableye
|-damage|p1a: Sableye|16/100
|-damage|p2b: Venusaur|90/100|[from] item: Life Orb
|
|upkeep
|turn|2
|inactive|anthonynn has 30 seconds left.
|
|t:|1785101493
|switch|p2b: Incineroar|Incineroar, L50, M|100/100
|-ability|p2b: Incineroar|Intimidate|boost
|-unboost|p1a: Sableye|atk|1
|-unboost|p1b: Archaludon|atk|1
|move|p1a: Sableye|Will-O-Wisp|p2a: Garchomp
|-status|p2a: Garchomp|brn
|move|p2a: Garchomp|Dragon Claw|p1a: Sableye
|-damage|p1a: Sableye|0 fnt
|faint|p1a: Sableye
|move|p1b: Archaludon|Dragon Pulse|p2b: Incineroar
|-damage|p2b: Incineroar|58/100
|
|-damage|p2a: Garchomp|93/100 brn|[from] brn
|upkeep
|
|t:|1785101505
|switch|p1a: Pelipper|Pelipper, L50, F|100/100
|-weather|RainDance|[from] ability: Drizzle|[of] p1a: Pelipper
|turn|3
|
|t:|1785101511
|switch|p2a: Venusaur|Venusaur, L50, M|90/100
|switch|p1a: Swampert|Swampert, L50, M|100/100
|move|p1b: Archaludon|Electro Shot||[still]
|-prepare|p1b: Archaludon|Electro Shot
|-boost|p1b: Archaludon|spa|1
|-anim|p1b: Archaludon|Electro Shot|p2b: Incineroar
|-crit|p2b: Incineroar
|-damage|p2b: Incineroar|0 fnt
|faint|p2b: Incineroar
|
|-weather|RainDance|[upkeep]
|upkeep
|
|t:|1785101530
|switch|p2b: Charizard|Charizard, L50, M|100/100
|turn|4
|
|t:|1785101548
|detailschange|p2b: Charizard|Charizard-Mega-Y, L50, M
|-mega|p2b: Charizard|Charizard|Charizardite Y
|-weather|SunnyDay|[from] ability: Drought|[of] p2b: Charizard
|detailschange|p1a: Swampert|Swampert-Mega, L50, M
|-mega|p1a: Swampert|Swampert|Swampertite
|move|p1a: Swampert|Protect|p1a: Swampert
|-singleturn|p1a: Swampert|Protect
|move|p2a: Venusaur|Solar Beam||[still]
|-prepare|p2a: Venusaur|Solar Beam
|-anim|p2a: Venusaur|Solar Beam|p1a: Swampert
|-activate|p1a: Swampert|move: Protect
|move|p2b: Charizard|Weather Ball|p1b: Archaludon
|-damage|p1b: Archaludon|34/100
|-ability|p1b: Archaludon|Stamina|boost
|-boost|p1b: Archaludon|def|1
|move|p1b: Archaludon|Dragon Pulse|p2a: Venusaur
|-damage|p2a: Venusaur|16/100
|
|-weather|SunnyDay|[upkeep]
|-heal|p1b: Archaludon|40/100|[from] item: Leftovers
|upkeep
|turn|5
|
|t:|1785101573
|switch|p2a: Garchomp|Garchomp, L50, F|93/100 brn
|switch|p1b: Pelipper|Pelipper, L50, F|100/100
|-weather|RainDance|[from] ability: Drizzle|[of] p1b: Pelipper
|move|p2b: Charizard|Protect|p2b: Charizard
|-singleturn|p2b: Charizard|Protect
|move|p1a: Swampert|Ice Punch|p2a: Garchomp
|-supereffective|p2a: Garchomp|2
|-damage|p2a: Garchomp|0 fnt
|-damage|p1a: Swampert|87/100|[from] ability: Rough Skin|[of] p2a: Garchomp
|faint|p2a: Garchomp
|
|-weather|RainDance|[upkeep]
|-sideend|p1: anthonynn|move: Light Screen
|upkeep
|
|t:|1785101590
|switch|p2a: Venusaur|Venusaur, L50, M|16/100
|turn|6
|inactive|Garden Monke has 30 seconds left.
|inactive|Garden Monke has 20 seconds left.
|inactive|Garden Monke has 15 seconds left.
|inactive|Garden Monke has 10 seconds left.
|inactive|Garden Monke has 5 seconds left.
|
|t:|1785101645
|move|p1b: Pelipper|Wide Guard|p1b: Pelipper
|-singleturn|p1b: Pelipper|Wide Guard
|move|p1a: Swampert|Ice Punch|p2a: Venusaur
|-supereffective|p2a: Venusaur|1
|-damage|p2a: Venusaur|0 fnt
|faint|p2a: Venusaur
|move|p2b: Charizard|Heat Wave|p1a: Swampert|[spread] 
|-activate|p1a: Swampert|move: Wide Guard
|-activate|p1b: Pelipper|move: Wide Guard
|
|-weather|RainDance|[upkeep]
|upkeep
|turn|7
|-message|Garden Monke forfeited.
|
|win|anthonynn
|raw|anthonynn's rating: 1151 → 1177(+26 for winning)
|raw|Garden Monke's rating: 1162 → 1136(-26 for losing)
