|j|☆song0x00
|j|☆Boyo Mik
|html|song0x00Boyo Mik    
|uhtml|bestof|Game 2 of a best-of-3
|t:|1782569362
|gametype|doubles
|player|p1|song0x00|drayton|1206
|player|p2|Boyo Mik|102|1158
|gen|9
|tier|[Gen 9 Champions] VGC 2026 Reg M-B (Bo3)
|rated|
|rule|Species Clause: Limit one of each Pokémon
|rule|Item Clause: Limit 1 of each item
|clearpoke
|poke|p1|Blaziken, L50, F, shiny|
|poke|p1|Kingambit, L50, F|
|poke|p1|Basculegion, L50, M|
|poke|p1|Ninetales-Alola, L50, F, shiny|
|poke|p1|Gengar, L50, F, shiny|
|poke|p1|Incineroar, L50, F, shiny|
|poke|p2|Pelipper, L50, M|
|poke|p2|Swampert, L50, M|
|poke|p2|Archaludon, L50, F|
|poke|p2|Sinistcha-Masterpiece, L50|
|poke|p2|Grimmsnarl, L50, M|
|poke|p2|Gholdengo, L50|
|teampreview|4
|showteam|p1|Blaziken||Blazikenite|SpeedBoost|CloseCombat,RockSlide,FlareBlitz,Detect|Adamant||F|||50|]Kingambit||LifeOrb|Defiant|KowtowCleave,SuckerPunch,Protect,IronHead|Adamant||F|||50|]Basculegion||FocusSash|Adaptability|Liquidation,LastRespects,AquaJet,Protect|Adamant||M|||50|]Ninetales-Alola||NeverMeltIce|SnowWarning|Blizzard,FreezeDry,Encore,Protect|Timid||F|||50|]Gengar||Gengarite|CursedBody|ShadowBall,Disable,PerishSong,Protect|Modest||F|||50|]Incineroar||PasshoBerry|Intimidate|FakeOut,PartingShot,FlareBlitz,Protect|Relaxed||F|||50|
|showteam|p2|Pelipper||FocusSash|Drizzle|Hurricane,WeatherBall,Tailwind,Protect|Modest||M|||50|]Swampert||Swampertite|Damp|HighHorsepower,WaveCrash,FlipTurn,Protect|Adamant||M|||50|]Archaludon||Leftovers|Stamina|ElectroShot,FlashCannon,DragonPulse,Protect|Calm||F|||50|]Sinistcha-Masterpiece||KasibBerry|Hospitality|LifeDew,TrickRoom,MatchaGotcha,RagePowder|Bold|||||50|]Grimmsnarl||RoseliBerry|Prankster|SpiritBreak,FakeOut,LightScreen,PartingShot|Adamant||M|||50|]Gholdengo||LifeOrb|GoodasGold|ShadowBall,MakeItRain,NastyPlot,Protect|Modest|||||50|
|inactive|Battle timer is ON: inactive players will automatically lose when time's up. (requested by song0x00)
|
|t:|1782569420
|teamsize|p1|4
|teamsize|p2|4
|start
|switch|p1a: Selene|Blaziken, L50, F, shiny|100/100
|switch|p1b: Orpheus|Kingambit, L50, F|100/100
|switch|p2a: Pelipper|Pelipper, L50, M|100/100
|switch|p2b: Swampert|Swampert, L50, M|100/100
|-weather|RainDance|[from] ability: Drizzle|[of] p2a: Pelipper
|turn|1
|inactive|song0x00 has 30 seconds left.
|inactive|song0x00 has 20 seconds left.
|
|t:|1782569460
|switch|p1a: Nyx|Incineroar, L50, F, shiny|100/100
|-ability|p1a: Nyx|Intimidate|boost
|-unboost|p2a: Pelipper|atk|1
|-unboost|p2b: Swampert|atk|1
|detailschange|p2b: Swampert|Swampert-Mega, L50, M
|-mega|p2b: Swampert|Swampert|Swampertite
|move|p1b: Orpheus|Protect|p1b: Orpheus
|-singleturn|p1b: Orpheus|Protect
|move|p2b: Swampert|High Horsepower|p1b: Orpheus
|-activate|p1b: Orpheus|move: Protect
|move|p2a: Pelipper|Weather Ball|p1a: Nyx
|-supereffective|p1a: Nyx|1
|-enditem|p1a: Nyx|Passho Berry|[eat]
|-enditem|p1a: Nyx|Passho Berry|[weaken]
|-damage|p1a: Nyx|38/100
|
|-weather|RainDance|[upkeep]
|upkeep
|turn|2
|inactive|Boyo Mik has 30 seconds left.
|inactive|Boyo Mik has 20 seconds left.
|inactive|Boyo Mik has 15 seconds left.
|inactive|Boyo Mik has 10 seconds left.
|
|t:|1782569505
|switch|p1b: Aya|Ninetales-Alola, L50, F, shiny|100/100
|-weather|Snowscape|[from] ability: Snow Warning|[of] p1b: Aya
|move|p1a: Nyx|Fake Out|p2b: Swampert
|-damage|p2b: Swampert|89/100
|cant|p2b: Swampert|flinch
|move|p2a: Pelipper|Weather Ball|p1a: Nyx
|-resisted|p1a: Nyx|1
|-damage|p1a: Nyx|23/100
|
|-weather|Snowscape|[upkeep]
|upkeep
|turn|3
|inactive|Boyo Mik has 30 seconds left.
|
|t:|1782569532
|move|p2b: Swampert|Protect|p2b: Swampert
|-singleturn|p2b: Swampert|Protect
|move|p1a: Nyx|Protect|p1a: Nyx
|-singleturn|p1a: Nyx|Protect
|move|p1b: Aya|Freeze-Dry|p2b: Swampert
|-activate|p2b: Swampert|move: Protect
|move|p2a: Pelipper|Tailwind|p2a: Pelipper
|-sidestart|p2: Boyo Mik|move: Tailwind
|
|-weather|Snowscape|[upkeep]
|upkeep
|turn|4
|
|t:|1782569555
|switch|p2a: Archaludon|Archaludon, L50, F|100/100
|move|p2b: Swampert|Flip Turn|p1a: Nyx
|-supereffective|p1a: Nyx|1
|-damage|p1a: Nyx|0 fnt
|faint|p1a: Nyx
|
|t:|1782569563
|switch|p2b: Pelipper|Pelipper, L50, M|100/100|[from] Flip Turn
|-weather|RainDance|[from] ability: Drizzle|[of] p2b: Pelipper
|move|p1b: Aya|Freeze-Dry|p2b: Pelipper
|-supereffective|p2b: Pelipper|2
|-enditem|p2b: Pelipper|Focus Sash
|-damage|p2b: Pelipper|1/100
|
|-weather|RainDance|[upkeep]
|upkeep
|
|t:|1782569572
|switch|p1a: Selene|Blaziken, L50, F, shiny|100/100
|turn|5
|inactive|Boyo Mik has 30 seconds left.
|inactive|Boyo Mik has 20 seconds left.
|
|t:|1782569610
|detailschange|p1a: Selene|Blaziken-Mega, L50, F, shiny
|-mega|p1a: Selene|Blaziken|Blazikenite
|move|p1b: Aya|Protect|p1b: Aya
|-singleturn|p1b: Aya|Protect
|move|p1a: Selene|Detect|p1a: Selene
|-singleturn|p1a: Selene|Protect
|move|p2a: Archaludon|Electro Shot||[still]
|-prepare|p2a: Archaludon|Electro Shot
|-boost|p2a: Archaludon|spa|1
|-anim|p2a: Archaludon|Electro Shot|p1b: Aya
|-activate|p1b: Aya|move: Protect
|move|p2b: Pelipper|Weather Ball|p1a: Selene
|-activate|p1a: Selene|move: Protect
|
|-weather|RainDance|[upkeep]
|-ability|p1a: Selene|Speed Boost|boost
|-boost|p1a: Selene|spe|1
|upkeep
|turn|6
|inactive|song0x00 has 30 seconds left.
|inactive|song0x00 has 20 seconds left.
|inactive|song0x00 has 15 seconds left.
|inactive|song0x00 has 10 seconds left.
|
|t:|1782569657
|switch|p1b: Orpheus|Kingambit, L50, F|100/100
|move|p2a: Archaludon|Protect|p2a: Archaludon
|-singleturn|p2a: Archaludon|Protect
|move|p2b: Pelipper|Hurricane|p1a: Selene
|-supereffective|p1a: Selene|1
|-damage|p1a: Selene|0 fnt
|faint|p1a: Selene
|
|-weather|RainDance|[upkeep]
|-sideend|p2: Boyo Mik|move: Tailwind
|upkeep
|
|t:|1782569661
|switch|p1a: Aya|Ninetales-Alola, L50, F, shiny|100/100
|-weather|Snowscape|[from] ability: Snow Warning|[of] p1a: Aya
|turn|7
|
|t:|1782569680
|switch|p2b: Sinistcha|Sinistcha-Masterpiece, L50|100/100
|move|p1a: Aya|Encore|p2a: Archaludon
|-start|p2a: Archaludon|Encore
|move|p2a: Archaludon|Protect|p2a: Archaludon
|-singleturn|p2a: Archaludon|Protect
|move|p1b: Orpheus|Kowtow Cleave|p2b: Sinistcha
|-supereffective|p2b: Sinistcha|1
|-damage|p2b: Sinistcha|7/100
|-damage|p1b: Orpheus|90/100|[from] item: Life Orb
|
|-weather|Snowscape|[upkeep]
|upkeep
|turn|8
|inactive|Boyo Mik has 30 seconds left.
|
|t:|1782569709
|switch|p2a: Pelipper|Pelipper, L50, M|1/100
|-weather|RainDance|[from] ability: Drizzle|[of] p2a: Pelipper
|move|p1a: Aya|Freeze-Dry|p2b: Sinistcha
|-supereffective|p2b: Sinistcha|1
|-crit|p2b: Sinistcha
|-damage|p2b: Sinistcha|0 fnt
|faint|p2b: Sinistcha
|move|p1b: Orpheus|Kowtow Cleave|p2a: Pelipper
|-damage|p2a: Pelipper|0 fnt
|faint|p2a: Pelipper
|-damage|p1b: Orpheus|80/100|[from] item: Life Orb
|
|-weather|RainDance|[upkeep]
|upkeep
|
|t:|1782569721
|switch|p2a: Archaludon|Archaludon, L50, F|100/100
|switch|p2b: Swampert|Swampert-Mega, L50, M|89/100
|turn|9
|
|t:|1782569736
|move|p2b: Swampert|High Horsepower|p1b: Orpheus
|-supereffective|p1b: Orpheus|1
|-damage|p1b: Orpheus|0 fnt
|faint|p1b: Orpheus
|move|p1a: Aya|Freeze-Dry|p2b: Swampert
|-supereffective|p2b: Swampert|2
|-damage|p2b: Swampert|0 fnt
|faint|p2b: Swampert
|move|p2a: Archaludon|Flash Cannon|p1a: Aya
|-supereffective|p1a: Aya|2
|-damage|p1a: Aya|0 fnt
|faint|p1a: Aya
|
|win|Boyo Mik
||song0x00 is ready for game 3.
|inactive|Boyo Mik has 30 seconds to confirm battle start!
||Boyo Mik is ready for game 3.
|uhtml|next|Next: Game 3 of 3
