|j|☆Cage92
|j|☆hexagonfoot
|html|Cage92hexagonfoot    
|uhtml|bestof|Game 2 of a best-of-3
|t:|1756496728
|gametype|doubles
|player|p1|Cage92|bugsy|1185
|player|p2|hexagonfoot|caitlin|1216
|gen|9
|tier|[Gen 9] VGC 2025 Reg H (Bo3)
|rated|
|rule|Species Clause: Limit one of each Pokémon
|rule|Item Clause: Limit 1 of each item
|clearpoke
|poke|p1|Corviknight, L50, M|
|poke|p1|Garchomp, L50, M|
|poke|p1|Tyranitar, L50, M|
|poke|p1|Gholdengo, L50|
|poke|p1|Sneasler, L50, M|
|poke|p1|Incineroar, L50, M|
|poke|p2|Kingambit, L50, M|
|poke|p2|Primarina, L50, M|
|poke|p2|Sneasler, L50, M|
|poke|p2|Magmar, L50, F|
|poke|p2|Rillaboom, L50, F|
|poke|p2|Dragapult, L50, M|
|teampreview|4
|showteam|p1|Corviknight||CovertCloak|MirrorArmor|BraveBird,Taunt,Roost,Tailwind|||M|||50|,,,,,Dragon]Garchomp||ClearAmulet|RoughSkin|Earthquake,DragonClaw,StompingTantrum,Protect|||M|||50|,,,,,Steel]Tyranitar||AssaultVest|SandStream|RockSlide,KnockOff,TeraBlast,LowKick|||M|||50|,,,,,Flying]Gholdengo||LifeOrb|GoodasGold|MakeItRain,ShadowBall,NastyPlot,Protect||||||50|,,,,,Water]Sneasler||WhiteHerb|Unburden|DireClaw,CloseCombat,Coaching,Protect|||M|||50|,,,,,Ghost]Incineroar||SitrusBerry|Intimidate|FlareBlitz,WillOWisp,PartingShot,FakeOut|||M|||50|,,,,,Grass
|showteam|p2|Kingambit||BlackGlasses|Defiant|KowtowCleave,SuckerPunch,SwordsDance,Protect|||M|||50|,,,,,Ghost]Primarina||SitrusBerry|LiquidVoice|HyperVoice,Moonblast,Haze,Protect|||M|||50|,,,,,Water]Sneasler||FocusSash|PoisonTouch|CloseCombat,DireClaw,FakeOut,Protect|||M|||50|,,,,,Stellar]Magmar||Eviolite|VitalSpirit|Overheat,WillOWisp,FollowMe,Protect|||F|||50|,,,,,Ghost]Rillaboom||AssaultVest|GrassySurge|WoodHammer,GrassyGlide,HighHorsepower,FakeOut|||F|||50|,,,,,Fire]Dragapult||ChoiceBand|ClearBody|DragonDarts,PhantomForce,TeraBlast,Uturn|||M|||50|,,,,,Ghost
|inactive|Battle timer is ON: inactive players will automatically lose when time's up. (requested by hexagonfoot)
|inactive|Cage92 has 60 seconds left.
|
|t:|1756496806
|teamsize|p1|4
|teamsize|p2|4
|start
|switch|p1a: Sneasler|Sneasler, L50, M|100/100
|switch|p1b: Garchomp|Garchomp, L50, M|100/100
|switch|p2a: Sneasler|Sneasler, L50, M|100/100
|switch|p2b: Dragapult|Dragapult, L50, M|100/100
|turn|1
|
|t:|1756496825
|-terastallize|p1b: Garchomp|Steel
|move|p2b: Dragapult|Dragon Darts|p1a: Sneasler
|-damage|p1a: Sneasler|42/100
|-anim|p2b: Dragapult|Dragon Darts|p1b: Garchomp
|-resisted|p1b: Garchomp
|-damage|p1b: Garchomp|81/100
|move|p2a: Sneasler|Close Combat|p1b: Garchomp
|-supereffective|p1b: Garchomp
|-damage|p1b: Garchomp|0 fnt
|-unboost|p2a: Sneasler|def|1
|-unboost|p2a: Sneasler|spd|1
|-damage|p2a: Sneasler|88/100|[from] ability: Rough Skin|[of] p1b: Garchomp
|faint|p1b: Garchomp
|move|p1a: Sneasler|Coaching|p1: Garchomp|[notarget]
|-fail|p1a: Sneasler
|
|upkeep
|
|t:|1756496835
|switch|p1b: Gholdengo|Gholdengo, L50|100/100
|turn|2
|inactive|Cage92 has 30 seconds left.
|inactive|hexagonfoot has 30 seconds left.
|
|t:|1756496867
|switch|p2a: Magmar|Magmar, L50, F|100/100
|move|p2b: Dragapult|Dragon Darts|p1a: Sneasler
|-damage|p1a: Sneasler|0 fnt
|-anim|p2b: Dragapult|Dragon Darts|p1b: Gholdengo
|-resisted|p1b: Gholdengo
|-damage|p1b: Gholdengo|80/100
|faint|p1a: Sneasler
|move|p1b: Gholdengo|Nasty Plot|p1b: Gholdengo
|-boost|p1b: Gholdengo|spa|2
|
|upkeep
|
|t:|1756496873
|switch|p1a: Corviknight|Corviknight, L50, M|100/100
|turn|3
|
|t:|1756496892
|move|p2b: Dragapult|Dragon Darts|p1b: Gholdengo
|-resisted|p1b: Gholdengo
|-damage|p1b: Gholdengo|62/100
|-anim|p2b: Dragapult|Dragon Darts|p1a: Corviknight
|-resisted|p1a: Corviknight
|-damage|p1a: Corviknight|83/100
|move|p1b: Gholdengo|Shadow Ball|p2a: Magmar
|-damage|p2a: Magmar|23/100
|-damage|p1b: Gholdengo|52/100|[from] item: Life Orb
|move|p2a: Magmar|Overheat|p1b: Gholdengo
|-supereffective|p1b: Gholdengo
|-crit|p1b: Gholdengo
|-damage|p1b: Gholdengo|0 fnt
|-unboost|p2a: Magmar|spa|2
|faint|p1b: Gholdengo
|move|p1a: Corviknight|Brave Bird|p2a: Magmar
|-damage|p2a: Magmar|0 fnt
|faint|p2a: Magmar
|-damage|p1a: Corviknight|77/100|[from] Recoil
|
|upkeep
|
|t:|1756496902
|switch|p2a: Sneasler|Sneasler, L50, M|88/100
|turn|4
|
|t:|1756496913
|switch|p2b: Rillaboom|Rillaboom, L50, F|100/100
|-fieldstart|move: Grassy Terrain|[from] ability: Grassy Surge|[of] p2b: Rillaboom
|move|p2a: Sneasler|Fake Out|p1a: Corviknight
|-resisted|p1a: Corviknight
|-damage|p1a: Corviknight|70/100
|move|p1a: Corviknight|Brave Bird|p2a: Sneasler
|-supereffective|p2a: Sneasler
|-damage|p2a: Sneasler|0 fnt
|faint|p2a: Sneasler
|-damage|p1a: Corviknight|48/100|[from] Recoil
|
|upkeep
|
|t:|1756496923
|switch|p2a: Dragapult|Dragapult, L50, M|100/100
|turn|5
|
|t:|1756496936
|-terastallize|p2a: Dragapult|Ghost
|move|p2a: Dragapult|Tera Blast|p1a: Corviknight|[anim] Tera Blast Ghost
|-damage|p1a: Corviknight|0 fnt
|faint|p1a: Corviknight
|
|win|hexagonfoot
||hexagonfoot is ready for game 3.
||Cage92 is ready for game 3.
|uhtml|next|Next: Game 3 of 3
