|j|☆don zaloog is real
|j|☆Rotomotopoto
|html|don zaloog is realRotomotopoto    
|uhtml|bestof|Game 3 of a best-of-3
|t:|1756150920
|gametype|doubles
|player|p1|don zaloog is real|collector|1321
|player|p2|Rotomotopoto|cynthia|1302
|gen|9
|tier|[Gen 9] VGC 2025 Reg H (Bo3)
|rated|
|rule|Species Clause: Limit one of each Pokémon
|rule|Item Clause: Limit 1 of each item
|clearpoke
|poke|p1|Rillaboom, L50, M|
|poke|p1|Volcarona, L50, F|
|poke|p1|Kingambit, L50, M|
|poke|p1|Ninetales-Alola, L50, F|
|poke|p1|Basculegion, L50, M|
|poke|p1|Electabuzz, L50, F|
|poke|p2|Archaludon, L50, M|
|poke|p2|Pelipper, L50, M|
|poke|p2|Basculegion, L50, M|
|poke|p2|Maushold-Four, L50|
|poke|p2|Annihilape, L50, F|
|poke|p2|Sinistcha-Masterpiece, L50|
|teampreview|4
|showteam|p1|Rillaboom||AssaultVest|GrassySurge|WoodHammer,GrassyGlide,HighHorsepower,FakeOut|||M|||50|,,,,,Fire]Volcarona||GrassySeed|FlameBody|HeatWave,GigaDrain,QuiverDance,Protect|||F|||50|,,,,,Grass]Kingambit||SafetyGoggles|Defiant|KowtowCleave,SuckerPunch,SwordsDance,Protect|||M|||50|,,,,,Dark]Ninetales-Alola||FocusSash|SnowWarning|Blizzard,Encore,Disable,Protect|||F|||50|,,,,,Ghost]Basculegion||ChoiceScarf|Adaptability|WaveCrash,LastRespects,FlipTurn,AquaJet|||M|||50|,,,,,Dragon]Electabuzz||Eviolite|VitalSpirit|Thunderbolt,FollowMe,Taunt,HelpingHand|||F|||50|,,,,,Fairy
|showteam|p2|Archaludon||AssaultVest|Stamina|ElectroShot,DragonPulse,FlashCannon,BodyPress|||M|||50|,,,,,Grass]Pelipper||FocusSash|Drizzle|WeatherBall,Hurricane,Tailwind,WideGuard|||M|||50|,,,,,Ghost]Basculegion||LifeOrb|SwiftSwim|WaveCrash,FlipTurn,LastRespects,AquaJet|||M|||50|,,,,,Water]Maushold-Four||SafetyGoggles|FriendGuard|SuperFang,BeatUp,Taunt,FollowMe||||||50|,,,,,Ghost]Annihilape||Leftovers|Defiant|RageFist,DrainPunch,BulkUp,Protect|||F|||50|,,,,,Fire]Sinistcha-Masterpiece||SitrusBerry|Hospitality|MatchaGotcha,RagePowder,LifeDew,TrickRoom||||||50|,,,,,Fairy
|
|t:|1756150937
|teamsize|p1|4
|teamsize|p2|4
|start
|switch|p1a: Electabuzz|Electabuzz, L50, F|100/100
|switch|p1b: Kingambit|Kingambit, L50, M|100/100
|switch|p2a: Maushold|Maushold-Four, L50|100/100
|switch|p2b: Annihilape|Annihilape, L50, F|100/100
|turn|1
|
|t:|1756150972
|move|p1a: Electabuzz|Follow Me|p1a: Electabuzz
|-singleturn|p1a: Electabuzz|move: Follow Me
|move|p2a: Maushold|Taunt|p1a: Electabuzz
|-start|p1a: Electabuzz|move: Taunt
|move|p2b: Annihilape|Drain Punch|p1a: Electabuzz
|-damage|p1a: Electabuzz|75/100
|move|p1b: Kingambit|Swords Dance|p1b: Kingambit
|-boost|p1b: Kingambit|atk|2
|
|upkeep
|turn|2
|
|t:|1756150997
|switch|p2b: Archaludon|Archaludon, L50, M, shiny|100/100
|-terastallize|p1b: Kingambit|Dark
|move|p2a: Maushold|Beat Up|p2b: Archaludon
|-damage|p2b: Archaludon|99/100
|-ability|p2b: Archaludon|Stamina|boost
|-boost|p2b: Archaludon|def|1
|-damage|p2b: Archaludon|98/100
|-ability|p2b: Archaludon|Stamina|boost
|-boost|p2b: Archaludon|def|1
|-damage|p2b: Archaludon|97/100
|-ability|p2b: Archaludon|Stamina|boost
|-boost|p2b: Archaludon|def|1
|-damage|p2b: Archaludon|96/100
|-ability|p2b: Archaludon|Stamina|boost
|-boost|p2b: Archaludon|def|1
|-hitcount|p2b: Archaludon|4
|move|p1a: Electabuzz|Thunderbolt|p2a: Maushold
|-damage|p2a: Maushold|66/100
|move|p1b: Kingambit|Kowtow Cleave|p2a: Maushold
|-damage|p2a: Maushold|0 fnt
|faint|p2a: Maushold
|
|upkeep
|
|t:|1756151004
|switch|p2a: Pelipper|Pelipper, L50, M, shiny|100/100
|-weather|RainDance|[from] ability: Drizzle|[of] p2a: Pelipper
|turn|3
|
|t:|1756151038
|move|p1b: Kingambit|Protect|p1b: Kingambit
|-singleturn|p1b: Kingambit|Protect
|move|p1a: Electabuzz|Thunderbolt|p2a: Pelipper
|-supereffective|p2a: Pelipper
|-enditem|p2a: Pelipper|Focus Sash
|-damage|p2a: Pelipper|1/100
|move|p2a: Pelipper|Tailwind|p2a: Pelipper
|-sidestart|p2: Rotomotopoto|move: Tailwind
|move|p2b: Archaludon|Body Press|p1b: Kingambit
|-activate|p1b: Kingambit|move: Protect
|
|-weather|RainDance|[upkeep]
|upkeep
|turn|4
|
|t:|1756151052
|switch|p2a: Annihilape|Annihilape, L50, F|100/100
|move|p1b: Kingambit|Sucker Punch|p2b: Archaludon
|-damage|p2b: Archaludon|69/100
|-ability|p2b: Archaludon|Stamina|boost
|-boost|p2b: Archaludon|def|1
|move|p2b: Archaludon|Body Press|p1b: Kingambit
|-supereffective|p1b: Kingambit
|-damage|p1b: Kingambit|0 fnt
|faint|p1b: Kingambit
|move|p1a: Electabuzz|Thunderbolt|p2a: Annihilape
|-damage|p2a: Annihilape|73/100
|
|-weather|RainDance|[upkeep]
|-heal|p2a: Annihilape|79/100|[from] item: Leftovers
|-end|p1a: Electabuzz|move: Taunt
|upkeep
|
|t:|1756151072
|switch|p1b: Basculegion|Basculegion, L50, M|100/100
|turn|5
|
|t:|1756151080
|switch|p2a: Pelipper|Pelipper, L50, M, shiny|1/100
|switch|p1a: Ninetales|Ninetales-Alola, L50, F|100/100
|-weather|Snowscape|[from] ability: Snow Warning|[of] p1a: Ninetales
|move|p2b: Archaludon|Electro Shot||[still]
|-prepare|p2b: Archaludon|Electro Shot
|-boost|p2b: Archaludon|spa|1
|move|p1b: Basculegion|Last Respects|p2a: Pelipper
|-damage|p2a: Pelipper|0 fnt
|faint|p2a: Pelipper
|
|-weather|Snowscape|[upkeep]
|upkeep
|
|t:|1756151086
|switch|p2a: Annihilape|Annihilape, L50, F|79/100
|turn|6
|
|t:|1756151101
|switch|p1b: Electabuzz|Electabuzz, L50, F|75/100
|-terastallize|p2a: Annihilape|Fire
|move|p1a: Ninetales|Protect|p1a: Ninetales
|-singleturn|p1a: Ninetales|Protect
|move|p2a: Annihilape|Rage Fist|p1a: Ninetales
|-activate|p1a: Ninetales|move: Protect
|move|p2b: Archaludon|Electro Shot|p1b: Electabuzz|[from] lockedmove
|-resisted|p1b: Electabuzz
|-damage|p1b: Electabuzz|56/100
|
|-weather|Snowscape|[upkeep]
|-heal|p2a: Annihilape|85/100|[from] item: Leftovers
|-sideend|p2: Rotomotopoto|move: Tailwind
|upkeep
|turn|7
|
|t:|1756151122
|move|p1b: Electabuzz|Follow Me|p1b: Electabuzz
|-singleturn|p1b: Electabuzz|move: Follow Me
|move|p1a: Ninetales|Encore|p2b: Archaludon
|-start|p2b: Archaludon|Encore
|move|p2a: Annihilape|Rage Fist|p1b: Electabuzz
|-damage|p1b: Electabuzz|22/100
|move|p2b: Archaludon|Electro Shot||[still]
|-prepare|p2b: Archaludon|Electro Shot
|-boost|p2b: Archaludon|spa|1
|
|-weather|Snowscape|[upkeep]
|-heal|p2a: Annihilape|91/100|[from] item: Leftovers
|upkeep
|turn|8
|
|t:|1756151149
|move|p1b: Electabuzz|Follow Me|p1b: Electabuzz
|-singleturn|p1b: Electabuzz|move: Follow Me
|move|p1a: Ninetales|Encore||[still]
|-fail|p1a: Ninetales
|move|p2a: Annihilape|Rage Fist|p1b: Electabuzz
|-crit|p1b: Electabuzz
|-damage|p1b: Electabuzz|0 fnt
|faint|p1b: Electabuzz
|move|p2b: Archaludon|Electro Shot|p1a: Ninetales|[from] lockedmove
|-damage|p1a: Ninetales|10/100
|
|-weather|Snowscape|[upkeep]
|-heal|p2a: Annihilape|98/100|[from] item: Leftovers
|upkeep
|
|t:|1756151155
|switch|p1b: Basculegion|Basculegion, L50, M|100/100
|turn|9
|
|t:|1756151165
|move|p2a: Annihilape|Protect|p2a: Annihilape
|-singleturn|p2a: Annihilape|Protect
|move|p1b: Basculegion|Wave Crash|p2a: Annihilape
|-activate|p2a: Annihilape|move: Protect
|move|p1a: Ninetales|Disable|p2b: Archaludon
|-start|p2b: Archaludon|Disable|Electro Shot
|cant|p2b: Archaludon|Disable|Electro Shot
|
|-weather|none
|-heal|p2a: Annihilape|100/100|[from] item: Leftovers
|-end|p2b: Archaludon|Encore
|upkeep
|turn|10
|
|t:|1756151178
|move|p1b: Basculegion|Wave Crash|p2a: Annihilape
|-supereffective|p2a: Annihilape
|-damage|p2a: Annihilape|0 fnt
|faint|p2a: Annihilape
|-damage|p1b: Basculegion|65/100|[from] Recoil
|move|p1a: Ninetales|Encore|p2b: Archaludon
|-start|p2b: Archaludon|Encore
|cant|p2b: Archaludon|Disable|Electro Shot
|
|upkeep
|turn|11
|
|t:|1756151184
|move|p1b: Basculegion|Wave Crash|p2b: Archaludon
|-resisted|p2b: Archaludon
|-damage|p2b: Archaludon|59/100
|-ability|p2b: Archaludon|Stamina|boost
|-boost|p2b: Archaludon|def|1
|-damage|p1b: Basculegion|62/100|[from] Recoil
|move|p1a: Ninetales|Blizzard|p2b: Archaludon
|-damage|p2b: Archaludon|30/100
|-activate|p2b: Archaludon|move: Struggle
|move|p2b: Archaludon|Struggle|p1a: Ninetales
|-damage|p1a: Ninetales|0 fnt
|faint|p1a: Ninetales
|-damage|p2b: Archaludon|5/100|[from] recoil
|
|upkeep
|turn|12
|
|t:|1756151193
|move|p1b: Basculegion|Wave Crash|p2b: Archaludon
|-resisted|p2b: Archaludon
|-damage|p2b: Archaludon|0 fnt
|faint|p2b: Archaludon
|-damage|p1b: Basculegion|60/100|[from] Recoil
|
|win|don zaloog is real
|raw|don zaloog is real's rating: 1321 → 1340(+19 for winning)
|raw|Rotomotopoto's rating: 1302 → 1283(-19 for losing)
