|j|☆Jboys1970
|j|☆JuanGuerrero09
|html|Jboys1970JuanGuerrero09    
|uhtml|bestof|Game 3 of a best-of-3
|t:|1757239512
|gametype|doubles
|player|p1|Jboys1970|169|1150
|player|p2|JuanGuerrero09|265|1076
|gen|9
|tier|[Gen 9] VGC 2025 Reg H (Bo3)
|rated|
|rule|Species Clause: Limit one of each Pokémon
|rule|Item Clause: Limit 1 of each item
|clearpoke
|poke|p1|Incineroar, L50, M|
|poke|p1|Kingambit, L50, M|
|poke|p1|Dragonite, L50, F|
|poke|p1|Gastrodon, L50, F|
|poke|p1|Sinistcha, L50|
|poke|p1|Electabuzz, L50, M|
|poke|p2|Sneasler, L50, M|
|poke|p2|Indeedee, L50, M|
|poke|p2|Tyranitar, L50, M|
|poke|p2|Excadrill, L50, M|
|poke|p2|Gholdengo, L50|
|poke|p2|Incineroar, L50, M|
|teampreview|4
|showteam|p1|Incineroar||RockyHelmet|Intimidate|FakeOut,KnockOff,PartingShot,FlareBlitz|||M|||50|,,,,,Ghost]Kingambit||BlackGlasses|Defiant|Protect,SuckerPunch,KowtowCleave,SwordsDance|||M|||50|,,,,,Dark]Dragonite||ChoiceBand|Multiscale|IceSpinner,ExtremeSpeed,StompingTantrum,TeraBlast|||F|||50|,,,,,Flying]Gastrodon||SitrusBerry|StormDrain|Protect,IceBeam,EarthPower,MuddyWater|||F|||50|,,,,,Grass]Sinistcha||Leftovers|Hospitality|RagePowder,TrickRoom,MatchaGotcha,LifeDew||||||50|,,,,,Poison]Electabuzz||Eviolite|VitalSpirit|FollowMe,HelpingHand,Taunt,Thunderbolt|||M|||50|,,,,,Water
|showteam|p2|Sneasler||PsychicSeed|Unburden|CloseCombat,DireClaw,ThroatChop,Protect|||M|||50|,,,,,Stellar]Indeedee||ChoiceScarf|PsychicSurge|ExpandingForce,TeraBlast,Trick,Protect|||M|||50|,,,,,Fire]Tyranitar||AssaultVest|SandStream|RockSlide,KnockOff,TeraBlast,LowKick|||M|||50|,,,,,Flying]Excadrill||FocusSash|SandRush|HighHorsepower,Earthquake,IronHead,Protect|||M|||50|,,,,,Ground]Gholdengo||MetalCoat|GoodasGold|ShadowBall,Protect,MakeItRain,NastyPlot||||||50|,,,,,Water]Incineroar||SafetyGoggles|Intimidate|FakeOut,KnockOff,FlareBlitz,PartingShot|||M|||50|,,,,,Ghost
|
|t:|1757239539
|teamsize|p1|4
|teamsize|p2|4
|start
|switch|p1a: Kingambit|Kingambit, L50, M|100/100
|switch|p1b: Sinistcha|Sinistcha, L50|100/100
|switch|p2a: Indeedee|Indeedee, L50, M|100/100
|switch|p2b: Tyranitar|Tyranitar, L50, M|100/100
|-fieldstart|move: Psychic Terrain|[from] ability: Psychic Surge|[of] p2a: Indeedee
|-weather|Sandstorm|[from] ability: Sand Stream|[of] p2b: Tyranitar
|turn|1
|
|t:|1757239571
|switch|p1b: Incineroar|Incineroar, L50, M|100/100
|-ability|p1b: Incineroar|Intimidate|boost
|-unboost|p2a: Indeedee|atk|1
|-unboost|p2b: Tyranitar|atk|1
|-terastallize|p2a: Indeedee|Fire
|-terastallize|p1a: Kingambit|Dark
|move|p2a: Indeedee|Tera Blast|p1a: Kingambit|[anim] Tera Blast Fire
|-damage|p1a: Kingambit|67/100
|move|p2b: Tyranitar|Knock Off|p1b: Incineroar
|-resisted|p1b: Incineroar
|-damage|p1b: Incineroar|84/100
|-damage|p2b: Tyranitar|84/100|[from] item: Rocky Helmet|[of] p1b: Incineroar
|-enditem|p1b: Incineroar|Rocky Helmet|[from] move: Knock Off|[of] p2b: Tyranitar
|move|p1a: Kingambit|Swords Dance|p1a: Kingambit
|-boost|p1a: Kingambit|atk|2
|
|-weather|Sandstorm|[upkeep]
|-damage|p2a: Indeedee|95/100|[from] Sandstorm
|-damage|p1b: Incineroar|78/100|[from] Sandstorm
|-damage|p1a: Kingambit|61/100|[from] Sandstorm
|upkeep
|turn|2
|
|t:|1757239597
|switch|p2a: Excadrill|Excadrill, L50, M|100/100
|move|p1b: Incineroar|Parting Shot|p2b: Tyranitar
|-unboost|p2b: Tyranitar|atk|1
|-unboost|p2b: Tyranitar|spa|1
|
|t:|1757239602
|switch|p1b: Sinistcha|Sinistcha, L50|100/100|[from] Parting Shot
|-heal|p1a: Kingambit|86/100|[from] ability: Hospitality|[of] p1b: Sinistcha
|move|p2b: Tyranitar|Low Kick|p1a: Kingambit
|-supereffective|p1a: Kingambit
|-damage|p1a: Kingambit|59/100
|move|p1a: Kingambit|Kowtow Cleave|p2a: Excadrill
|-enditem|p2a: Excadrill|Focus Sash
|-damage|p2a: Excadrill|1/100
|
|-weather|Sandstorm|[upkeep]
|-damage|p1b: Sinistcha|94/100|[from] Sandstorm
|-damage|p1a: Kingambit|53/100|[from] Sandstorm
|-heal|p1b: Sinistcha|100/100|[from] item: Leftovers
|upkeep
|turn|3
|
|t:|1757239625
|move|p1a: Kingambit|Protect|p1a: Kingambit
|-singleturn|p1a: Kingambit|Protect
|move|p2a: Excadrill|Iron Head|p1b: Sinistcha
|-damage|p1b: Sinistcha|54/100
|move|p2b: Tyranitar|Knock Off|p1b: Sinistcha
|-supereffective|p1b: Sinistcha
|-damage|p1b: Sinistcha|0 fnt
|-enditem|p1b: Sinistcha|Leftovers|[from] move: Knock Off|[of] p2b: Tyranitar
|faint|p1b: Sinistcha
|
|-weather|Sandstorm|[upkeep]
|-damage|p1a: Kingambit|47/100|[from] Sandstorm
|upkeep
|
|t:|1757239637
|switch|p1b: Incineroar|Incineroar, L50, M|78/100
|-ability|p1b: Incineroar|Intimidate|boost
|-unboost|p2a: Excadrill|atk|1
|-unboost|p2b: Tyranitar|atk|1
|turn|4
|
|t:|1757239660
|move|p2a: Excadrill|Protect|p2a: Excadrill
|-singleturn|p2a: Excadrill|Protect
|move|p1b: Incineroar|Knock Off|p2a: Excadrill
|-activate|p2a: Excadrill|move: Protect
|move|p2b: Tyranitar|Low Kick|p1a: Kingambit
|-supereffective|p1a: Kingambit
|-damage|p1a: Kingambit|24/100
|move|p1a: Kingambit|Kowtow Cleave|p2b: Tyranitar
|-resisted|p2b: Tyranitar
|-damage|p2b: Tyranitar|19/100
|
|-weather|Sandstorm|[upkeep]
|-damage|p1b: Incineroar|72/100|[from] Sandstorm
|-damage|p1a: Kingambit|18/100|[from] Sandstorm
|upkeep
|turn|5
|
|t:|1757239678
|move|p1a: Kingambit|Protect|p1a: Kingambit
|-singleturn|p1a: Kingambit|Protect
|move|p2a: Excadrill|High Horsepower|p1b: Incineroar
|-supereffective|p1b: Incineroar
|-damage|p1b: Incineroar|9/100
|move|p1b: Incineroar|Knock Off|p2a: Excadrill
|-damage|p2a: Excadrill|0 fnt
|faint|p2a: Excadrill
|move|p2b: Tyranitar|Low Kick|p1a: Kingambit
|-activate|p1a: Kingambit|move: Protect
|
|-weather|none
|-fieldend|move: Psychic Terrain
|upkeep
|
|t:|1757239690
|switch|p2a: Sneasler|Sneasler, L50, M|100/100
|turn|6
|
|t:|1757239715
|move|p1a: Kingambit|Sucker Punch|p2b: Tyranitar
|-resisted|p2b: Tyranitar
|-damage|p2b: Tyranitar|0 fnt
|faint|p2b: Tyranitar
|move|p2a: Sneasler|Dire Claw|p1a: Kingambit
|-damage|p1a: Kingambit|0 fnt
|faint|p1a: Kingambit
|move|p1b: Incineroar|Flare Blitz|p2a: Sneasler
|-damage|p2a: Sneasler|24/100
|-damage|p1b: Incineroar|0 fnt|[from] Recoil
|faint|p1b: Incineroar
|
|upkeep
|
|t:|1757239725
|switch|p1b: Gastrodon|Gastrodon, L50, F|100/100
|switch|p2b: Indeedee|Indeedee, L50, M, tera:Fire|95/100
|-fieldstart|move: Psychic Terrain|[from] ability: Psychic Surge|[of] p2b: Indeedee
|-enditem|p2a: Sneasler|Psychic Seed
|-boost|p2a: Sneasler|spd|1|[from] item: Psychic Seed
|turn|7
|
|t:|1757239740
|move|p2a: Sneasler|Close Combat|p1b: Gastrodon
|-damage|p1b: Gastrodon|19/100
|-unboost|p2a: Sneasler|def|1
|-unboost|p2a: Sneasler|spd|1
|-enditem|p1b: Gastrodon|Sitrus Berry|[eat]
|-heal|p1b: Gastrodon|44/100|[from] item: Sitrus Berry
|move|p2b: Indeedee|Expanding Force|p1b: Gastrodon
|-damage|p1b: Gastrodon|0 fnt
|faint|p1b: Gastrodon
|
|win|JuanGuerrero09
|raw|Jboys1970's rating: 1150 → 1120(-30 for losing)
|raw|JuanGuerrero09's rating: 1076 → 1111(+35 for winning)
