|j|☆CrazyyBoi
|j|☆P!nkbearz07
|html|CrazyyBoiP!nkbearz07    
|uhtml|bestof|Game 1 of a best-of-3
|t:|1757039975
|gametype|doubles
|player|p1|CrazyyBoi|170|1040
|player|p2|P!nkbearz07|marlon|1076
|gen|9
|tier|[Gen 9] VGC 2025 Reg H (Bo3)
|rated|
|rule|Species Clause: Limit one of each Pokémon
|rule|Item Clause: Limit 1 of each item
|clearpoke
|poke|p1|Maushold-Four, L50|
|poke|p1|Sableye, L50, M|
|poke|p1|Sinistcha, L50|
|poke|p1|Kommo-o, L50, F|
|poke|p1|Incineroar, L50, M|
|poke|p1|Primarina, L50, M|
|poke|p2|Empoleon, L50, F|
|poke|p2|Pelipper, L50, M|
|poke|p2|Ursaluna-Bloodmoon, L50, M|
|poke|p2|Sceptile, L50, M|
|poke|p2|Hydreigon, L50, M|
|poke|p2|Incineroar, L50, M|
|teampreview|4
|showteam|p1|Maushold-Four||WideLens|Technician|Protect,PopulationBomb,Bite,FollowMe||||||50|,,,,,Normal]Sableye||FocusSash|Prankster|FakeOut,Quash,Disable,Encore|||M|||50|,,,,,Grass]Sinistcha||MentalHerb|Hospitality|RagePowder,MatchaGotcha,StrengthSap,Protect||||||50|,,,,,Fire]Kommo-o||ThroatSpray|Overcoat|ClangorousSoul,ClangingScales,Protect,AuraSphere|||F|||50|,,,,,Steel]Incineroar||SafetyGoggles|Intimidate|FakeOut,PartingShot,KnockOff,Taunt|||M|||50|,,,,,Ghost]Primarina||LifeOrb|LiquidVoice|HyperVoice,Moonblast,PerishSong,Protect|||M|||50|,,,,,Dragon
|showteam|p2|Empoleon||CovertCloak|Competitive|WaterPledge,FlashCannon,IcyWind,Protect|||F|||50|,,,,,Bug]Pelipper||ChoiceScarf|Drizzle|Hurricane,MuddyWater,WeatherBall,Tailwind|||M|||50|,,,,,Ghost]Ursaluna-Bloodmoon||AssaultVest|MindsEye|EarthPower,BloodMoon,HyperVoice,VacuumWave|||M|||50|,,,,,Ghost]Sceptile||LumBerry|Unburden|GrassPledge,DragonPulse,VacuumWave,Detect|||M|||50|,,,,,Ghost]Hydreigon||ChoiceSpecs|Levitate|Snarl,DarkPulse,DracoMeteor,TeraBlast|||M|||50|,,,,,Poison]Incineroar||SafetyGoggles|Intimidate|FakeOut,FirePledge,KnockOff,PartingShot|||M|||50|,,,,,Ghost
|inactive|Battle timer is ON: inactive players will automatically lose when time's up. (requested by P!nkbearz07)
|inactive|P!nkbearz07 has 60 seconds left.
|
|t:|1757040008
|teamsize|p1|4
|teamsize|p2|4
|start
|switch|p1a: Sableye|Sableye, L50, M|100/100
|switch|p1b: Kommo-o|Kommo-o, L50, F|100/100
|switch|p2a: Lorb|Pelipper, L50, M, shiny|100/100
|switch|p2b: Nightmare|Hydreigon, L50, M|100/100
|-weather|RainDance|[from] ability: Drizzle|[of] p2a: Lorb
|turn|1
|inactive|CrazyyBoi has 30 seconds left.
|inactive|P!nkbearz07 has 30 seconds left.
|inactive|P!nkbearz07 has 20 seconds left.
|
|t:|1757040047
|switch|p2b: Atlantis|Empoleon, L50, F, shiny|100/100
|-terastallize|p1b: Kommo-o|Steel
|move|p1a: Sableye|Fake Out|p2b: Atlantis
|-resisted|p2b: Atlantis
|-damage|p2b: Atlantis|97/100
|move|p2a: Lorb|Tailwind|p2a: Lorb
|-sidestart|p2: P!nkbearz07|move: Tailwind
|move|p1b: Kommo-o|Clangorous Soul|p1b: Kommo-o
|-boost|p1b: Kommo-o|atk|1
|-boost|p1b: Kommo-o|def|1
|-boost|p1b: Kommo-o|spa|1
|-boost|p1b: Kommo-o|spd|1
|-boost|p1b: Kommo-o|spe|1
|-damage|p1b: Kommo-o|68/100
|-enditem|p1b: Kommo-o|Throat Spray
|-boost|p1b: Kommo-o|spa|1|[from] item: Throat Spray
|
|-weather|RainDance|[upkeep]
|upkeep
|turn|2
|inactive|P!nkbearz07 has 30 seconds left.
|inactive|P!nkbearz07 has 20 seconds left.
|inactive|P!nkbearz07 has 15 seconds left.
|inactive|P!nkbearz07 has 10 seconds left.
|
|t:|1757040094
|switch|p2a: Nightmare|Hydreigon, L50, M|100/100
|move|p1a: Sableye|Quash|p2b: Atlantis
|-activate|p2b: Atlantis|move: Quash
|move|p1b: Kommo-o|Aura Sphere|p2b: Atlantis
|-supereffective|p2b: Atlantis
|-damage|p2b: Atlantis|0 fnt
|faint|p2b: Atlantis
|
|-weather|RainDance|[upkeep]
|upkeep
|
|t:|1757040103
|switch|p2b: Ursa Major|Ursaluna-Bloodmoon, L50, M|100/100
|turn|3
|inactive|P!nkbearz07 has 30 seconds left.
|
|t:|1757040132
|switch|p1a: Sinistcha|Sinistcha, L50|100/100
|-heal|p1b: Kommo-o|92/100|[from] ability: Hospitality|[of] p1a: Sinistcha
|-terastallize|p2b: Ursa Major|Ghost
|move|p1b: Kommo-o|Protect|p1b: Kommo-o
|-singleturn|p1b: Kommo-o|Protect
|move|p2b: Ursa Major|Vacuum Wave|p1b: Kommo-o
|-activate|p1b: Kommo-o|move: Protect
|move|p2a: Nightmare|Snarl|p1a: Sinistcha|[spread] p1a
|-activate|p1b: Kommo-o|move: Protect
|-supereffective|p1a: Sinistcha
|-damage|p1a: Sinistcha|18/100
|-unboost|p1a: Sinistcha|spa|1
|
|-weather|RainDance|[upkeep]
|upkeep
|turn|4
|
|t:|1757040153
|move|p1a: Sinistcha|Rage Powder|p1a: Sinistcha
|-singleturn|p1a: Sinistcha|move: Rage Powder
|move|p2a: Nightmare|Snarl|p1a: Sinistcha|[spread] p1b
|-miss|p2a: Nightmare|p1a: Sinistcha
|-damage|p1b: Kommo-o|72/100
|-unboost|p1b: Kommo-o|spa|1
|move|p1b: Kommo-o|Clanging Scales|p2a: Nightmare|[spread] p2a,p2b
|-supereffective|p2a: Nightmare
|-damage|p2a: Nightmare|0 fnt
|-damage|p2b: Ursa Major|58/100
|faint|p2a: Nightmare
|-unboost|p1b: Kommo-o|def|1
|move|p2b: Ursa Major|Earth Power|p1a: Sinistcha
|-resisted|p1a: Sinistcha
|-crit|p1a: Sinistcha
|-damage|p1a: Sinistcha|0 fnt
|faint|p1a: Sinistcha
|
|-weather|RainDance|[upkeep]
|-sideend|p2: P!nkbearz07|move: Tailwind
|upkeep
|
|t:|1757040173
|switch|p2a: Lorb|Pelipper, L50, M, shiny|100/100
|switch|p1a: Sableye|Sableye, L50, M|100/100
|turn|5
|
|t:|1757040192
|move|p1a: Sableye|Fake Out|p2a: Lorb
|-crit|p2a: Lorb
|-damage|p2a: Lorb|86/100
|cant|p2a: Lorb|flinch
|move|p1b: Kommo-o|Clanging Scales|p2b: Ursa Major|[spread] p2a,p2b
|-damage|p2a: Lorb|0 fnt
|-damage|p2b: Ursa Major|14/100
|faint|p2a: Lorb
|-unboost|p1b: Kommo-o|def|1
|move|p2b: Ursa Major|Earth Power|p1b: Kommo-o
|-supereffective|p1b: Kommo-o
|-damage|p1b: Kommo-o|6/100
|
|-weather|none
|upkeep
|turn|6
|-message|P!nkbearz07 forfeited.
|
|win|CrazyyBoi
