|j|☆EastgermanDominanz
|j|☆dialghite
|html|EastgermanDominanzdialghite    
|uhtml|bestof|Game 1 of a best-of-3
|t:|1756670936
|gametype|doubles
|player|p1|EastgermanDominanz|psychic-gen4|1344
|player|p2|dialghite|volkner|1470
|gen|9
|tier|[Gen 9] VGC 2025 Reg H (Bo3)
|rated|
|rule|Species Clause: Limit one of each Pokémon
|rule|Item Clause: Limit 1 of each item
|clearpoke
|poke|p1|Tyranitar, L50, M|
|poke|p1|Annihilape, L50, M|
|poke|p1|Volcarona, L50, M|
|poke|p1|Sneasler, L50, F|
|poke|p1|Murkrow, L50, F|
|poke|p1|Gholdengo, L50|
|poke|p2|Indeedee, L50, M|
|poke|p2|Sneasler, L50, M|
|poke|p2|Tyranitar, L50, M|
|poke|p2|Excadrill, L50, M|
|poke|p2|Corviknight, L50, M|
|poke|p2|Annihilape, L50, F|
|teampreview|4
|showteam|p1|Tyranitar||AssaultVest|SandStream|RockSlide,KnockOff,TeraBlast,LowKick|||M|||50|,,,,,Flying]Annihilape||SafetyGoggles|Defiant|CloseCombat,RageFist,BulkUp,Protect|||M|||50|,,,,,Water]Volcarona||SitrusBerry|FlameBody|HeatWave,TeraBlast,Protect,QuiverDance|||M|||50|,,,,,Fairy]Sneasler||WhiteHerb|Unburden|FakeOut,CloseCombat,DireClaw,Coaching|||F|||50|,,,,,Dark]Murkrow||Eviolite|Prankster|Tailwind,Haze,FoulPlay,Quash|||F|||50|,,,,,Dark]Gholdengo||LifeOrb|GoodasGold|MakeItRain,ShadowBall,NastyPlot,Protect||||||50|,,,,,Water
|showteam|p2|Indeedee||ChoiceScarf|PsychicSurge|ExpandingForce,TeraBlast,Trick,Protect|||M|||50|,,,,,Psychic]Sneasler||PsychicSeed|Unburden|CloseCombat,DireClaw,ThroatChop,Protect|||M|||50|,,,,,Dark]Tyranitar||AssaultVest|SandStream|RockSlide,KnockOff,TeraBlast,LowKick|||M|||50|,,,,,Flying]Excadrill||FocusSash|SandRush|Earthquake,IronHead,HighHorsepower,Protect|||M|||50|,,,,,Ground]Corviknight||Leftovers|MirrorArmor|BraveBird,Tailwind,Roost,BulkUp|||M|||50|,,,,,Dragon]Annihilape||SafetyGoggles|Defiant|CloseCombat,RageFist,FinalGambit,Taunt|||F|||50|,,,,,Water
|inactive|Battle timer is ON: inactive players will automatically lose when time's up. (requested by dialghite)
|j| asfdiha
|j| birra di ciconia
|inactive|EastgermanDominanz has 60 seconds left.
|inactive|dialghite has 60 seconds left.
|inactive|EastgermanDominanz has 30 seconds left.
|inactive|EastgermanDominanz has 20 seconds left.
|inactive|EastgermanDominanz has 15 seconds left.
|inactive|EastgermanDominanz has 10 seconds left.
|inactive|EastgermanDominanz has 5 seconds left.
|
|t:|1756671028
|teamsize|p1|4
|teamsize|p2|4
|start
|switch|p1a: Tyranitar|Tyranitar, L50, M|100/100
|switch|p1b: Sneasler|Sneasler, L50, F|100/100
|switch|p2a: Tyranitar|Tyranitar, L50, M|100/100
|switch|p2b: Excadrill|Excadrill, L50, M|100/100
|-weather|Sandstorm|[from] ability: Sand Stream|[of] p1a: Tyranitar
|turn|1
|inactive|EastgermanDominanz has 30 seconds left.
|inactive|EastgermanDominanz has 20 seconds left.
|inactive|EastgermanDominanz has 15 seconds left.
|inactive|EastgermanDominanz has 10 seconds left.
|inactive|EastgermanDominanz has 5 seconds left.
|
|t:|1756671079
|-terastallize|p1a: Tyranitar|Flying
|-terastallize|p2a: Tyranitar|Flying
|move|p2b: Excadrill|Earthquake|p1a: Tyranitar|[spread] p1b
|-immune|p2a: Tyranitar
|-immune|p1a: Tyranitar
|-supereffective|p1b: Sneasler
|-damage|p1b: Sneasler|0 fnt
|faint|p1b: Sneasler
|move|p1a: Tyranitar|Rock Slide|p2a: Tyranitar|[spread] p2a,p2b
|-supereffective|p2a: Tyranitar
|-resisted|p2b: Excadrill
|-damage|p2a: Tyranitar|54/100
|-damage|p2b: Excadrill|90/100
|move|p2a: Tyranitar|Rock Slide|p1a: Tyranitar|[miss]
|-miss|p2a: Tyranitar|p1a: Tyranitar
|
|-weather|Sandstorm|[upkeep]
|-damage|p1a: Tyranitar|95/100|[from] Sandstorm
|-damage|p2a: Tyranitar|48/100|[from] Sandstorm
|upkeep
|
|t:|1756671089
|switch|p1b: Annihilape|Annihilape, L50, M|100/100
|turn|2
|inactive|EastgermanDominanz has 30 seconds left.
|inactive|dialghite has 30 seconds left.
|
|t:|1756671117
|switch|p2a: Annihilape|Annihilape, L50, F|100/100
|move|p1b: Annihilape|Protect|p1b: Annihilape
|-singleturn|p1b: Annihilape|Protect
|move|p2b: Excadrill|High Horsepower|p1b: Annihilape
|-activate|p1b: Annihilape|move: Protect
|move|p1a: Tyranitar|Rock Slide|p2a: Annihilape|[spread] p2a,p2b
|-resisted|p2a: Annihilape
|-crit|p2a: Annihilape
|-resisted|p2b: Excadrill
|-damage|p2a: Annihilape|78/100
|-damage|p2b: Excadrill|80/100
|
|-weather|Sandstorm|[upkeep]
|-damage|p1a: Tyranitar|89/100|[from] Sandstorm
|upkeep
|turn|3
|
|t:|1756671130
|move|p2b: Excadrill|Iron Head|p1a: Tyranitar
|-damage|p1a: Tyranitar|54/100
|move|p2a: Annihilape|Rage Fist|p1b: Annihilape
|-supereffective|p1b: Annihilape
|-damage|p1b: Annihilape|16/100
|move|p1b: Annihilape|Close Combat|p2b: Excadrill
|-supereffective|p2b: Excadrill
|-damage|p2b: Excadrill|0 fnt
|-unboost|p1b: Annihilape|def|1
|-unboost|p1b: Annihilape|spd|1
|faint|p2b: Excadrill
|move|p1a: Tyranitar|Tera Blast|p2a: Annihilape|[anim] Tera Blast Flying
|-supereffective|p2a: Annihilape
|-damage|p2a: Annihilape|0 fnt
|faint|p2a: Annihilape
|
|-weather|Sandstorm|[upkeep]
|-damage|p1a: Tyranitar|48/100|[from] Sandstorm
|upkeep
|
|t:|1756671142
|switch|p2a: Sneasler|Sneasler, L50, M|100/100
|switch|p2b: Tyranitar|Tyranitar, L50, M, tera:Flying|48/100
|turn|4
|j| boredinperpetuity
|inactive|EastgermanDominanz has 30 seconds left.
|inactive|dialghite has 30 seconds left.
|
|t:|1756671178
|move|p2a: Sneasler|Dire Claw|p1a: Tyranitar
|-damage|p1a: Tyranitar|14/100
|-status|p1a: Tyranitar|psn
|move|p1b: Annihilape|Rage Fist|p2b: Tyranitar
|-damage|p2b: Tyranitar|16/100
|move|p1a: Tyranitar|Tera Blast|p2a: Sneasler|[anim] Tera Blast Flying
|-supereffective|p2a: Sneasler
|-damage|p2a: Sneasler|0 fnt
|faint|p2a: Sneasler
|move|p2b: Tyranitar|Rock Slide|p1b: Annihilape|[spread] p1a,p1b
|-supereffective|p1a: Tyranitar
|-resisted|p1b: Annihilape
|-damage|p1a: Tyranitar|0 fnt
|-damage|p1b: Annihilape|0 fnt
|faint|p1a: Tyranitar
|faint|p1b: Annihilape
|
|-weather|Sandstorm|[upkeep]
|-damage|p2b: Tyranitar|10/100|[from] Sandstorm
|upkeep
|
|t:|1756671194
|switch|p1b: Gholdengo|Gholdengo, L50|100/100
|turn|5
|
|t:|1756671205
|move|p1b: Gholdengo|Shadow Ball|p2b: Tyranitar
|-damage|p2b: Tyranitar|0 fnt
|faint|p2b: Tyranitar
|-damage|p1b: Gholdengo|91/100|[from] item: Life Orb
|
|win|EastgermanDominanz
