|j|☆TheLeoj
|j|☆balon609
|html|TheLeojbalon609    
|uhtml|bestof|Game 2 of a best-of-3
|t:|1784160351
|gametype|doubles
|player|p1|TheLeoj|102|1142
|player|p2|balon609|policeman-gen4|1159
|gen|9
|tier|[Gen 9 Champions] VGC 2026 Reg M-B (Bo3)
|rated|
|rule|Species Clause: Limit one of each Pokémon
|rule|Item Clause: Limit 1 of each item
|clearpoke
|poke|p1|Politoed, L50, F, shiny|
|poke|p1|Incineroar, L50, F, shiny|
|poke|p1|Gengar, L50, M, shiny|
|poke|p1|Archaludon, L50, M, shiny|
|poke|p1|Swampert, L50, F, shiny|
|poke|p1|Vivillon-Elegant, L50, M, shiny|
|poke|p2|Aerodactyl, L50, M|
|poke|p2|Charizard, L50, M|
|poke|p2|Kingambit, L50, F|
|poke|p2|Sylveon, L50, M|
|poke|p2|Garchomp, L50, F|
|poke|p2|Farigiraf, L50, M|
|teampreview|4
|showteam|p1|Politoed||SitrusBerry|Drizzle|WeatherBall,Encore,PerishSong,Protect|Calm||F|||50|]Incineroar||PasshoBerry|Intimidate|ThroatChop,FakeOut,PartingShot,Protect|Sassy||F|||50|]Gengar||Gengarite|CursedBody|ShadowBall,SludgeBomb,PerishSong,Protect|Timid||M|||50|]Archaludon||Leftovers|Stamina|ElectroShot,FlashCannon,DragonPulse,Protect|Bold||M|||50|]Swampert||Swampertite|Torrent|WaveCrash,Earthquake,IcePunch,Protect|Adamant||F|||50|]Vivillon-Elegant||FocusSash|CompoundEyes|Hurricane,SleepPowder,RagePowder,Protect|Timid||M|||50|
|showteam|p2|Aerodactyl||Aerodactylite|Unnerve|RockSlide,DualWingbeat,IceFang,Tailwind|Jolly||M|||50|]Charizard||CharizarditeY|SolarPower|HeatWave,WeatherBall,SolarBeam,Protect|Modest||M|||50|]Kingambit||FocusSash|Defiant|KowtowCleave,SuckerPunch,IronHead,LowKick|Adamant||F|||50|]Sylveon||FairyFeather|Pixilate|QuickAttack,HyperVoice,HyperBeam,Protect|Modest||M|||50|]Garchomp||LifeOrb|RoughSkin|Earthquake,DragonClaw,StompingTantrum,Protect|Jolly||F|||50|]Farigiraf||SitrusBerry|ArmorTail|TwinBeam,Thunderbolt,GrassKnot,TrickRoom|Bold||M|||50|
|inactive|Battle timer is ON: inactive players will automatically lose when time's up. (requested by TheLeoj)
|inactive|balon609 has 60 seconds left.
|inactive|TheLeoj has 60 seconds left.
|inactive|balon609 has 30 seconds left.
|
|t:|1784160424
|teamsize|p1|4
|teamsize|p2|4
|start
|switch|p1a: Vivillon|Vivillon-Elegant, L50, M, shiny|100/100
|switch|p1b: Politoed|Politoed, L50, F, shiny|100/100
|switch|p2a: Charizard|Charizard, L50, M|100/100
|switch|p2b: Kingambit|Kingambit, L50, F|100/100
|-weather|RainDance|[from] ability: Drizzle|[of] p1b: Politoed
|turn|1
|
|t:|1784160448
|detailschange|p2a: Charizard|Charizard-Mega-Y, L50, M
|-mega|p2a: Charizard|Charizard|Charizardite Y
|-weather|SunnyDay|[from] ability: Drought|[of] p2a: Charizard
|move|p1a: Vivillon|Sleep Powder|p2a: Charizard
|-status|p2a: Charizard|slp|[from] move: Sleep Powder
|cant|p2a: Charizard|slp
|move|p2b: Kingambit|Kowtow Cleave|p1a: Vivillon
|-damage|p1a: Vivillon|8/100
|move|p1b: Politoed|Perish Song|p1b: Politoed
|-start|p1a: Vivillon|perish3|[silent]
|-start|p1b: Politoed|perish3|[silent]
|-start|p2a: Charizard|perish3|[silent]
|-start|p2b: Kingambit|perish3|[silent]
|-fieldactivate|move: Perish Song
|
|-weather|SunnyDay|[upkeep]
|-start|p1a: Vivillon|perish3
|-start|p2a: Charizard|perish3
|-start|p2b: Kingambit|perish3
|-start|p1b: Politoed|perish3
|upkeep
|turn|2
|inactive|balon609 has 30 seconds left.
|
|t:|1784160480
|switch|p2b: Garchomp|Garchomp, L50, F|100/100
|switch|p1b: Gengar|Gengar, L50, M, shiny|100/100
|move|p1a: Vivillon|Sleep Powder|p2b: Garchomp
|-status|p2b: Garchomp|slp|[from] move: Sleep Powder
|cant|p2a: Charizard|slp
|
|-weather|SunnyDay|[upkeep]
|-start|p1a: Vivillon|perish2
|-start|p2a: Charizard|perish2
|upkeep
|turn|3
|inactive|TheLeoj has 30 seconds left.
|l|☆TheLeoj
|inactive|TheLeoj disconnected and has a minute to reconnect!
|player|p1|
|inactive|TheLeoj has 20 seconds left.
|inactive|TheLeoj has 15 seconds left.
|j|☆TheLeoj
|inactive|TheLeoj reconnected and has 15 seconds left.
|player|p1|TheLeoj|102|
|inactive|TheLeoj has 10 seconds left.
|
|t:|1784160530
|switch|p2a: Kingambit|Kingambit, L50, F|100/100
|detailschange|p1b: Gengar|Gengar-Mega, L50, M, shiny
|-mega|p1b: Gengar|Gengar|Gengarite
|move|p1b: Gengar|Protect|p1b: Gengar
|-singleturn|p1b: Gengar|Protect
|move|p1a: Vivillon|Protect|p1a: Vivillon
|-singleturn|p1a: Vivillon|Protect
|cant|p2b: Garchomp|slp
|
|-weather|SunnyDay|[upkeep]
|-start|p1a: Vivillon|perish1
|upkeep
|turn|4
|inactive|TheLeoj has 30 seconds left.
|
|t:|1784160557
|switch|p1b: Politoed|Politoed, L50, F, shiny|100/100
|-weather|RainDance|[from] ability: Drizzle|[of] p1b: Politoed
|switch|p1a: Archaludon|Archaludon, L50, M, shiny|100/100
|move|p2a: Kingambit|Sucker Punch||[still]
|-fail|p2a: Kingambit
|-curestatus|p2b: Garchomp|slp|[msg]
|move|p2b: Garchomp|Dragon Claw|p1a: Archaludon
|-damage|p1a: Archaludon|63/100
|-ability|p1a: Archaludon|Stamina|boost
|-boost|p1a: Archaludon|def|1
|-damage|p2b: Garchomp|90/100|[from] item: Life Orb
|
|-weather|RainDance|[upkeep]
|-heal|p1a: Archaludon|70/100|[from] item: Leftovers
|upkeep
|turn|5
|
|t:|1784160577
|switch|p2a: Charizard|Charizard-Mega-Y, L50, M|100/100 slp
|-weather|SunnyDay|[from] ability: Drought|[of] p2a: Charizard
|move|p2b: Garchomp|Earthquake|p1b: Politoed|[spread] p1a,p1b
|-immune|p2a: Charizard
|-supereffective|p1a: Archaludon|1
|-damage|p1a: Archaludon|26/100
|-damage|p1b: Politoed|56/100
|-ability|p1a: Archaludon|Stamina|boost
|-boost|p1a: Archaludon|def|1
|-damage|p2b: Garchomp|80/100|[from] item: Life Orb
|move|p1a: Archaludon|Dragon Pulse|p2b: Garchomp
|-supereffective|p2b: Garchomp|1
|-damage|p2b: Garchomp|1/100
|move|p1b: Politoed|Perish Song|p1b: Politoed
|-start|p1a: Archaludon|perish3|[silent]
|-start|p1b: Politoed|perish3|[silent]
|-start|p2a: Charizard|perish3|[silent]
|-start|p2b: Garchomp|perish3|[silent]
|-fieldactivate|move: Perish Song
|
|-weather|SunnyDay|[upkeep]
|-heal|p1a: Archaludon|32/100|[from] item: Leftovers
|-start|p2b: Garchomp|perish3
|-start|p2a: Charizard|perish3
|-start|p1a: Archaludon|perish3
|-start|p1b: Politoed|perish3
|upkeep
|turn|6
|inactive|TheLeoj has 30 seconds left.
|inactive|balon609 has 30 seconds left.
|
|t:|1784160607
|switch|p2a: Kingambit|Kingambit, L50, F|100/100
|move|p1a: Archaludon|Protect|p1a: Archaludon
|-singleturn|p1a: Archaludon|Protect
|move|p2b: Garchomp|Earthquake|p1a: Archaludon|[spread] p2a,p1b
|-activate|p1a: Archaludon|move: Protect
|-supereffective|p2a: Kingambit|1
|-crit|p1b: Politoed
|-damage|p2a: Kingambit|15/100
|-damage|p1b: Politoed|0 fnt
|faint|p1b: Politoed
|-damage|p2b: Garchomp|0 fnt|[from] item: Life Orb
|faint|p2b: Garchomp
|
|-weather|SunnyDay|[upkeep]
|-heal|p1a: Archaludon|38/100|[from] item: Leftovers
|-start|p1a: Archaludon|perish2
|upkeep
|
|t:|1784160626
|switch|p2b: Charizard|Charizard-Mega-Y, L50, M|100/100 slp
|switch|p1b: Vivillon|Vivillon-Elegant, L50, M, shiny|8/100
|turn|7
|
|t:|1784160647
|move|p1b: Vivillon|Protect|p1b: Vivillon
|-singleturn|p1b: Vivillon|Protect
|move|p1a: Archaludon|Protect||[still]
|-fail|p1a: Archaludon
|-curestatus|p2b: Charizard|slp|[msg]
|move|p2b: Charizard|Heat Wave|p1a: Archaludon|[spread] p1a
|-activate|p1b: Vivillon|move: Protect
|-damage|p1a: Archaludon|0 fnt
|faint|p1a: Archaludon
|move|p2a: Kingambit|Kowtow Cleave|p1b: Vivillon
|-activate|p1b: Vivillon|move: Protect
|
|-weather|SunnyDay|[upkeep]
|upkeep
|
|t:|1784160657
|switch|p1a: Gengar|Gengar-Mega, L50, M, shiny|100/100
|turn|8
|
|t:|1784160674
|move|p2a: Kingambit|Sucker Punch|p1a: Gengar
|-supereffective|p1a: Gengar|1
|-damage|p1a: Gengar|0 fnt
|faint|p1a: Gengar
|move|p1b: Vivillon|Sleep Powder|p2a: Kingambit
|-status|p2a: Kingambit|slp|[from] move: Sleep Powder
|move|p2b: Charizard|Heat Wave|p1b: Vivillon
|-supereffective|p1b: Vivillon|1
|-damage|p1b: Vivillon|0 fnt
|faint|p1b: Vivillon
|
|win|balon609
