|j|â˜†ReshiramVG
|j|â˜†flameblade_0012
|html|ReshiramVGflameblade_0012    
|uhtml|bestof|Game 2 of a best-of-3
|t:|1786015514
|gametype|doubles
|player|p1|ReshiramVG|hilbert|1134
|player|p2|flameblade_0012|dawn-gen4pt|1212
|gen|9
|tier|[Gen 9 Champions] VGC 2026 Reg M-B (Bo3)
|rated|
|rule|Species Clause: Limit one of each PokÃ©mon
|rule|Item Clause: Limit 1 of each item
|clearpoke
|poke|p1|Incineroar, L50, M|
|poke|p1|Sinistcha-Masterpiece, L50|
|poke|p1|Ceruledge, L50, F|
|poke|p1|Floette-Eternal, L50, F|
|poke|p1|Rotom-Wash, L50|
|poke|p1|Staraptor, L50, F|
|poke|p2|Raichu, L50, M|
|poke|p2|Whimsicott, L50, F|
|poke|p2|Garchomp, L50, F|
|poke|p2|Farigiraf, L50, F|
|poke|p2|Basculegion, L50, M|
|poke|p2|Ceruledge, L50, F|
|teampreview|4
|showteam|p1|Incineroar||SitrusBerry|Intimidate|FlareBlitz,ThroatChop,PartingShot,FakeOut|Impish||M|||50|]Sinistcha-Masterpiece||OccaBerry|Hospitality|Protect,MatchaGotcha,RagePowder,LifeDew|Bold|||||50|]Ceruledge||ColburBerry|FlashFire|Protect,BitterBlade,ShadowSneak,BulkUp|Adamant||F|||50|]Floette-Eternal||Floettite|FlowerVeil|Protect,DazzlingGleam,DrainingKiss,CalmMind|Serious||F|||50|]Rotom-Wash||ChoiceScarf|Levitate|HydroPump,VoltSwitch,Electroweb,WillOWisp|Timid|||||50|]Staraptor||Staraptite|Intimidate|Protect,CloseCombat,BraveBird,Tailwind|Jolly||F|||50|
|showteam|p2|Raichu||RaichuniteY|LightningRod|VoltSwitch,ZapCannon,Protect,FocusBlast|Modest||M|||50|]Whimsicott||FocusSash|Prankster|Tailwind,Moonblast,Protect,Encore|Timid||F|||50|]Garchomp||LifeOrb|RoughSkin|RockSlide,DragonClaw,StompingTantrum,Protect|Adamant||F|||50|]Farigiraf||ColburBerry|ArmorTail|TrickRoom,Psychic,HyperVoice,Protect|Serious||F|||50|]Basculegion||MysticWater|Adaptability|WaveCrash,AquaJet,Protect,LastRespects|Adamant||M|||50|]Ceruledge||Leftovers|FlashFire|BulkUp,BitterBlade,ShadowSneak,ShadowClaw|Adamant||F|||50|
|inactive|Battle timer is ON: inactive players will automatically lose when time's up. (requested by flameblade_0012)
|n|â˜†ReshiramVG|reshiramvg
|c|â˜†ReshiramVG|Glhf
|c|â˜†ReshiramVG|Now i can chat lol
|c|â˜†flameblade_0012|oh ok sick
|c|â˜†flameblade_0012|glhf to u 2
|inactive|ReshiramVG has 60 seconds left.
|inactive|flameblade_0012 has 60 seconds left.
|inactive|ReshiramVG has 30 seconds left.
|
|t:|1786015579
|teamsize|p1|4
|teamsize|p2|4
|start
|switch|p1a: Rotom|Rotom-Wash, L50|100/100
|switch|p1b: Incineroar|Incineroar, L50, M|100/100
|switch|p2a: Raichu|Raichu, L50, M|100/100
|switch|p2b: Whimsicott|Whimsicott, L50, F|100/100
|-ability|p1b: Incineroar|Intimidate|boost
|-unboost|p2a: Raichu|atk|1
|-unboost|p2b: Whimsicott|atk|1
|turn|1
|
|t:|1786015602
|switch|p2b: Farigiraf|Farigiraf, L50, F|100/100
|detailschange|p2a: Raichu|Raichu-Mega-Y, L50, M
|-mega|p2a: Raichu|Raichu|Raichunite Y
|move|p1b: Incineroar|Fake Out||[still]
|cant|p2b: Farigiraf|ability: Armor Tail|Fake Out|[of] p1b: Incineroar
|move|p1a: Rotom|Hydro Pump|p2a: Raichu
|-damage|p2a: Raichu|49/100
|move|p2a: Raichu|Focus Blast|p1b: Incineroar
|-supereffective|p1b: Incineroar|1
|-damage|p1b: Incineroar|3/100
|-enditem|p1b: Incineroar|Sitrus Berry|[eat]
|-heal|p1b: Incineroar|28/100|[from] item: Sitrus Berry
|
|upkeep
|turn|2
|inactive|ReshiramVG has 30 seconds left.
|inactive|ReshiramVG has 20 seconds left.
|
|t:|1786015640
|move|p2a: Raichu|Protect|p2a: Raichu
|-singleturn|p2a: Raichu|Protect
|move|p1a: Rotom|Hydro Pump|p2a: Raichu
|-activate|p2a: Raichu|move: Protect
|move|p1b: Incineroar|Parting Shot|p2b: Farigiraf
|-unboost|p2b: Farigiraf|atk|1
|-unboost|p2b: Farigiraf|spa|1
|
|t:|1786015650
|switch|p1b: Floette|Floette-Eternal, L50, F|100/100|[from] Parting Shot
|move|p2b: Farigiraf|Trick Room|p2b: Farigiraf
|-fieldstart|move: Trick Room|[of] p2b: Farigiraf
|
|upkeep
|turn|3
|inactive|ReshiramVG has 30 seconds left.
|inactive|flameblade_0012 has 30 seconds left.
|inactive|ReshiramVG has 20 seconds left.
|
|t:|1786015687
|detailschange|p1b: Floette|Floette-Mega, L50, F
|-mega|p1b: Floette|Floette|Floettite
|-ability|p1b: Floette|Fairy Aura
|move|p2b: Farigiraf|Hyper Voice|p1a: Rotom|[spread] p1a,p1b
|-damage|p1a: Rotom|81/100
|-damage|p1b: Floette|86/100
|move|p2a: Raichu|Zap Cannon|p1a: Rotom
|-damage|p1a: Rotom|0 fnt
|faint|p1a: Rotom
|move|p1b: Floette|Dazzling Gleam|p2b: Farigiraf|[spread] p2a,p2b
|-damage|p2a: Raichu|0 fnt
|-damage|p2b: Farigiraf|59/100
|faint|p2a: Raichu
|
|upkeep
|inactive|ReshiramVG has 30 seconds left.
|
|t:|1786015718
|switch|p1a: Sinistcha|Sinistcha-Masterpiece, L50|100/100
|switch|p2a: Ceruledge|Ceruledge, L50, F|100/100
|-heal|p1b: Floette|100/100|[from] ability: Hospitality|[of] p1a: Sinistcha
|turn|4
|inactive|flameblade_0012 has 30 seconds left.
|
|t:|1786015743
|move|p1a: Sinistcha|Rage Powder|p1a: Sinistcha
|-singleturn|p1a: Sinistcha|move: Rage Powder
|move|p2b: Farigiraf|Psychic|p1a: Sinistcha
|-damage|p1a: Sinistcha|75/100
|move|p2a: Ceruledge|Bitter Blade|p1a: Sinistcha
|-supereffective|p1a: Sinistcha|1
|-crit|p1a: Sinistcha
|-enditem|p1a: Sinistcha|Occa Berry|[eat]
|-enditem|p1a: Sinistcha|Occa Berry|[weaken]
|-damage|p1a: Sinistcha|27/100
|move|p1b: Floette|Calm Mind|p1b: Floette
|-boost|p1b: Floette|spa|1
|-boost|p1b: Floette|spd|1
|
|upkeep
|turn|5
|inactive|ReshiramVG has 30 seconds left.
|inactive|flameblade_0012 has 30 seconds left.
|inactive|ReshiramVG has 20 seconds left.
|inactive|ReshiramVG has 15 seconds left.
|
|t:|1786015785
|move|p2b: Farigiraf|Psychic|p1a: Sinistcha
|-damage|p1a: Sinistcha|5/100
|move|p1a: Sinistcha|Matcha Gotcha|p2b: Farigiraf|[spread] p2a,p2b
|-resisted|p2a: Ceruledge|1
|-damage|p2a: Ceruledge|86/100
|-heal|p1a: Sinistcha|12/100|[from] drain|[of] p2a: Ceruledge
|-damage|p2b: Farigiraf|33/100
|-heal|p1a: Sinistcha|29/100|[from] drain|[of] p2b: Farigiraf
|move|p2a: Ceruledge|Bitter Blade|p1b: Floette
|-damage|p1b: Floette|54/100
|-heal|p2a: Ceruledge|100/100|[from] drain|[of] p1b: Floette
|move|p1b: Floette|Dazzling Gleam|p2a: Ceruledge|[spread] p2a,p2b
|-resisted|p2a: Ceruledge|1
|-damage|p2a: Ceruledge|68/100
|-damage|p2b: Farigiraf|0 fnt
|faint|p2b: Farigiraf
|
|-heal|p2a: Ceruledge|74/100|[from] item: Leftovers
|upkeep
|
|t:|1786015803
|switch|p2b: Whimsicott|Whimsicott, L50, F|100/100
|turn|6
|inactive|ReshiramVG has 30 seconds left.
|
|t:|1786015832
|move|p1a: Sinistcha|Life Dew|p1a: Sinistcha|[spread] p1a,p1b
|-heal|p1a: Sinistcha|54/100
|-heal|p1b: Floette|79/100
|move|p2a: Ceruledge|Bitter Blade|p1b: Floette
|-damage|p1b: Floette|30/100
|-heal|p2a: Ceruledge|95/100|[from] drain|[of] p1b: Floette
|move|p1b: Floette|Draining Kiss|p2b: Whimsicott
|-damage|p2b: Whimsicott|14/100
|-heal|p1b: Floette|86/100|[from] drain|[of] p2b: Whimsicott
|move|p2b: Whimsicott|Moonblast|p1a: Sinistcha
|-damage|p1a: Sinistcha|5/100
|-unboost|p1a: Sinistcha|spa|1
|
|-heal|p2a: Ceruledge|100/100|[from] item: Leftovers
|-fieldend|move: Trick Room
|upkeep
|turn|7
|inactive|ReshiramVG has 30 seconds left.
|inactive|flameblade_0012 has 30 seconds left.
|inactive|ReshiramVG has 20 seconds left.
|inactive|flameblade_0012 has 20 seconds left.
|inactive|ReshiramVG has 15 seconds left.
|
|t:|1786015875
|move|p2b: Whimsicott|Protect|p2b: Whimsicott
|-singleturn|p2b: Whimsicott|Protect
|move|p1a: Sinistcha|Rage Powder|p1a: Sinistcha
|-singleturn|p1a: Sinistcha|move: Rage Powder
|move|p2a: Ceruledge|Shadow Sneak|p1a: Sinistcha
|-supereffective|p1a: Sinistcha|1
|-damage|p1a: Sinistcha|0 fnt
|faint|p1a: Sinistcha
|move|p1b: Floette|Draining Kiss|p2b: Whimsicott
|-activate|p2b: Whimsicott|move: Protect
|
|upkeep
|
|t:|1786015881
|switch|p1a: Incineroar|Incineroar, L50, M|28/100
|-ability|p1a: Incineroar|Intimidate|boost
|-unboost|p2a: Ceruledge|atk|1
|-unboost|p2b: Whimsicott|atk|1
|turn|8
|inactive|flameblade_0012 has 30 seconds left.
|
|t:|1786015915
|move|p1a: Incineroar|Fake Out|p2b: Whimsicott
|-damage|p2b: Whimsicott|0 fnt
|faint|p2b: Whimsicott
|move|p1b: Floette|Calm Mind|p1b: Floette
|-boost|p1b: Floette|spa|1
|-boost|p1b: Floette|spd|1
|move|p2a: Ceruledge|Bulk Up|p2a: Ceruledge
|-boost|p2a: Ceruledge|atk|1
|-boost|p2a: Ceruledge|def|1
|
|upkeep
|turn|9
|
|t:|1786015932
|move|p1b: Floette|Dazzling Gleam|p2a: Ceruledge
|-resisted|p2a: Ceruledge|1
|-damage|p2a: Ceruledge|45/100
|move|p2a: Ceruledge|Bitter Blade|p1b: Floette
|-damage|p1b: Floette|38/100
|-heal|p2a: Ceruledge|66/100|[from] drain|[of] p1b: Floette
|move|p1a: Incineroar|Throat Chop|p2a: Ceruledge
|-supereffective|p2a: Ceruledge|1
|-damage|p2a: Ceruledge|22/100
|-start|p2a: Ceruledge|Throat Chop|[silent]
|
|-heal|p2a: Ceruledge|28/100|[from] item: Leftovers
|upkeep
|turn|10
|c|â˜†flameblade_0012|ggs
|c|â˜†ReshiramVG|Ggs!
|
|t:|1786015953
|move|p1b: Floette|Dazzling Gleam|p2a: Ceruledge
|-resisted|p2a: Ceruledge|1
|-damage|p2a: Ceruledge|0 fnt
|faint|p2a: Ceruledge
|
|win|ReshiramVG
|raw|ReshiramVG's rating: 1134 → 1165(+31 for winning)
|raw|flameblade_0012's rating: 1212 → 1181(-31 for losing)
