|j|☆Braute
|j|☆Capravolante97
|html|BrauteCapravolante97    
|uhtml|bestof|Game 3 of a best-of-3
|t:|1754304569
|gametype|doubles
|player|p1|Braute|miku-fire|1185
|player|p2|Capravolante97|fantina|1250
|gen|9
|tier|[Gen 9] VGC 2025 Reg H (Bo3)
|rated|
|rule|Species Clause: Limit one of each Pokémon
|rule|Item Clause: Limit 1 of each item
|clearpoke
|poke|p1|Sneasler, L50, M|
|poke|p1|Rillaboom, L50, M|
|poke|p1|Incineroar, L50, F|
|poke|p1|Ninetales-Alola, L50, M|
|poke|p1|Volcarona, L50, F|
|poke|p1|Dragapult, L50, F|
|poke|p2|Maushold-Four, L50|
|poke|p2|Ursaluna-Bloodmoon, L50, M|
|poke|p2|Whimsicott, L50, F|
|poke|p2|Cinderace, L50, M|
|poke|p2|Pelipper, L50, F|
|poke|p2|Archaludon, L50, F|
|teampreview|4
|showteam|p1|Sneasler||GrassySeed|Unburden|FakeOut,DireClaw,CloseCombat,ThroatChop|||M|||50|,,,,,Dark]Rillaboom||AssaultVest|GrassySurge|FakeOut,GrassyGlide,WoodHammer,Uturn|||M|||50|,,,,,Grass]Incineroar||SitrusBerry|Intimidate|FakeOut,KnockOff,FlareBlitz,PartingShot|||F|||50|,,,,,Ghost]Ninetales-Alola||LightClay|SnowWarning|AuroraVeil,Blizzard,Encore,Protect|||M|||50|,,,,,Ghost]Volcarona||Leftovers|FlameBody|FieryDance,GigaDrain,QuiverDance,Protect|||F|||50|,,,,,Grass]Dragapult||LifeOrb|ClearBody|DracoMeteor,ShadowBall,WillOWisp,Uturn|||F|||50|,,,,,Steel
|showteam|p2|Maushold-Four||WideLens|Technician|PopulationBomb,FollowMe,Taunt,Protect||||||50|,,,,,Ghost]Ursaluna-Bloodmoon||LifeOrb|MindsEye|BloodMoon,HyperVoice,EarthPower,Protect|||M|||50|,,,,,Normal]Whimsicott||CovertCloak|Prankster|Tailwind,Moonblast,Encore,LightScreen|||F|||50|,,,,,Fire]Cinderace||ChoiceBand|Libero|PyroBall,SuckerPunch,Uturn,HighJumpKick|||M|||50|,,,,,Ghost]Pelipper||FocusSash|Drizzle|Hurricane,WeatherBall,WideGuard,Protect|||F|||50|,,,,,Stellar]Archaludon||AssaultVest|Stamina|ElectroShot,BodyPress,DracoMeteor,FlashCannon|||F|||50|,,,,,Grass
|inactive|Battle timer is ON: inactive players will automatically lose when time's up. (requested by Braute)
|inactive|Capravolante97 also wants the timer to be on.
|
|t:|1754304589
|teamsize|p1|4
|teamsize|p2|4
|start
|switch|p1a: Rillaboom|Rillaboom, L50, M, shiny|100/100
|switch|p1b: Ninetales|Ninetales-Alola, L50, M|100/100
|switch|p2a: Cinderace|Cinderace, L50, M|100/100
|switch|p2b: Maushold|Maushold-Four, L50|100/100
|-weather|Snowscape|[from] ability: Snow Warning|[of] p1b: Ninetales
|-fieldstart|move: Grassy Terrain|[from] ability: Grassy Surge|[of] p1a: Rillaboom
|turn|1
|inactive|Braute has 30 seconds left.
|inactive|Capravolante97 has 30 seconds left.
|
|t:|1754304621
|move|p1a: Rillaboom|Fake Out|p2b: Maushold
|-damage|p2b: Maushold|80/100
|cant|p2b: Maushold|flinch
|move|p2a: Cinderace|Pyro Ball|p1a: Rillaboom
|-supereffective|p1a: Rillaboom
|-crit|p1a: Rillaboom
|-damage|p1a: Rillaboom|0 fnt
|faint|p1a: Rillaboom
|move|p1b: Ninetales|Aurora Veil|p1b: Ninetales
|-sidestart|p1: Braute|move: Aurora Veil
|
|-weather|Snowscape|[upkeep]
|-heal|p2b: Maushold|86/100|[from] Grassy Terrain
|upkeep
|
|t:|1754304632
|switch|p1a: Volcarona|Volcarona, L50, F, shiny|100/100
|turn|2
|
|t:|1754304637
|move|p2b: Maushold|Taunt|p1a: Volcarona
|-start|p1a: Volcarona|move: Taunt
|move|p2a: Cinderace|Pyro Ball|p1b: Ninetales
|-supereffective|p1b: Ninetales
|-damage|p1b: Ninetales|0 fnt
|faint|p1b: Ninetales
|cant|p1a: Volcarona|move: Taunt|Quiver Dance
|
|-weather|Snowscape|[upkeep]
|-heal|p2b: Maushold|92/100|[from] Grassy Terrain
|upkeep
|
|t:|1754304640
|switch|p1b: Sneasler|Sneasler, L50, M|100/100
|-enditem|p1b: Sneasler|Grassy Seed
|-boost|p1b: Sneasler|def|1|[from] item: Grassy Seed
|turn|3
|
|t:|1754304660
|move|p2b: Maushold|Protect|p2b: Maushold
|-singleturn|p2b: Maushold|Protect
|move|p1b: Sneasler|Fake Out|p2a: Cinderace
|-damage|p2a: Cinderace|76/100
|cant|p2a: Cinderace|flinch
|move|p1a: Volcarona|Fiery Dance|p2b: Maushold
|-activate|p2b: Maushold|move: Protect
|
|-weather|Snowscape|[upkeep]
|-heal|p2b: Maushold|98/100|[from] Grassy Terrain
|-heal|p2a: Cinderace|82/100|[from] Grassy Terrain
|upkeep
|turn|4
|
|t:|1754304678
|switch|p2b: Archaludon|Archaludon, L50, F|100/100
|move|p1b: Sneasler|Dire Claw|p2a: Cinderace
|-damage|p2a: Cinderace|18/100
|-status|p2a: Cinderace|par
|move|p1a: Volcarona|Fiery Dance|p2a: Cinderace
|-resisted|p2a: Cinderace
|-damage|p2a: Cinderace|0 fnt
|faint|p2a: Cinderace
|
|-weather|Snowscape|[upkeep]
|-end|p1a: Volcarona|move: Taunt
|upkeep
|
|t:|1754304689
|switch|p2a: Whimsicott|Whimsicott, L50, F|100/100
|turn|5
|
|t:|1754304703
|move|p2a: Whimsicott|Encore|p1b: Sneasler
|-start|p1b: Sneasler|Encore
|move|p1b: Sneasler|Dire Claw|p2a: Whimsicott
|-supereffective|p2a: Whimsicott
|-damage|p2a: Whimsicott|0 fnt
|faint|p2a: Whimsicott
|move|p1a: Volcarona|Fiery Dance|p2b: Archaludon
|-damage|p2b: Archaludon|68/100
|-boost|p1a: Volcarona|spa|1
|-ability|p2b: Archaludon|Stamina|boost
|-boost|p2b: Archaludon|def|1
|move|p2b: Archaludon|Flash Cannon|p1b: Sneasler
|-damage|p1b: Sneasler|66/100
|
|-weather|none
|-heal|p1b: Sneasler|71/100|[from] Grassy Terrain
|-heal|p2b: Archaludon|74/100|[from] Grassy Terrain
|-fieldend|move: Grassy Terrain
|upkeep
|
|t:|1754304717
|switch|p2a: Maushold|Maushold-Four, L50|98/100
|turn|6
|inactive|Capravolante97 has 30 seconds left.
|
|t:|1754304752
|move|p1b: Sneasler|Dire Claw|p2a: Maushold
|-damage|p2a: Maushold|25/100
|move|p2a: Maushold|Population Bomb|p1a: Volcarona
|-damage|p1a: Volcarona|92/100
|-damage|p1a: Volcarona|82/100
|-crit|p1a: Volcarona
|-damage|p1a: Volcarona|63/100
|-damage|p1a: Volcarona|55/100
|-damage|p1a: Volcarona|46/100
|-damage|p1a: Volcarona|38/100
|-damage|p1a: Volcarona|30/100
|-status|p2a: Maushold|brn|[from] ability: Flame Body|[of] p1a: Volcarona
|-damage|p1a: Volcarona|25/100
|-damage|p1a: Volcarona|22/100
|-damage|p1a: Volcarona|18/100
|-hitcount|p1a: Volcarona|10
|move|p1a: Volcarona|Fiery Dance|p2b: Archaludon
|-damage|p2b: Archaludon|26/100
|-boost|p1a: Volcarona|spa|1
|-ability|p2b: Archaludon|Stamina|boost
|-boost|p2b: Archaludon|def|1
|move|p2b: Archaludon|Draco Meteor|p1a: Volcarona
|-damage|p1a: Volcarona|0 fnt
|-unboost|p2b: Archaludon|spa|2
|faint|p1a: Volcarona
|
|-damage|p2a: Maushold|19/100 brn|[from] brn
|upkeep
|turn|7
|inactive|Capravolante97 has 30 seconds left.
|inactive|Capravolante97 has 20 seconds left.
|inactive|Capravolante97 has 15 seconds left.
|inactive|Capravolante97 has 10 seconds left.
|
|t:|1754304802
|move|p2a: Maushold|Protect|p2a: Maushold
|-singleturn|p2a: Maushold|Protect
|move|p1b: Sneasler|Dire Claw|p2a: Maushold
|-activate|p2a: Maushold|move: Protect
|move|p2b: Archaludon|Body Press|p1b: Sneasler
|-resisted|p1b: Sneasler
|-damage|p1b: Sneasler|51/100
|
|-damage|p2a: Maushold|13/100 brn|[from] brn
|-end|p1b: Sneasler|Encore
|upkeep
|turn|8
|inactive|Capravolante97 has 30 seconds left.
|inactive|Braute has 30 seconds left.
|inactive|Capravolante97 has 20 seconds left.
|
|t:|1754304838
|move|p2a: Maushold|Protect||[still]
|-fail|p2a: Maushold
|move|p1b: Sneasler|Close Combat|p2b: Archaludon
|-supereffective|p2b: Archaludon
|-damage|p2b: Archaludon|0 fnt
|-unboost|p1b: Sneasler|def|1
|-unboost|p1b: Sneasler|spd|1
|faint|p2b: Archaludon
|
|-damage|p2a: Maushold|7/100 brn|[from] brn
|-sideend|p1: Braute|move: Aurora Veil
|upkeep
|turn|9
|
|t:|1754304850
|-terastallize|p2a: Maushold|Ghost
|move|p1b: Sneasler|Dire Claw|p2a: Maushold
|-resisted|p2a: Maushold
|-damage|p2a: Maushold|0 fnt
|faint|p2a: Maushold
|
|win|Braute
|raw|Braute's rating: 1185 → 1215(+30 for winning)
|raw|Capravolante97's rating: 1250 → 1220(-30 for losing)
