|j|☆fudii
|j|☆Church of Chiyu
|html|fudiiChurch of Chiyu    
|uhtml|bestof|Game 3 of a best-of-3
|t:|1757823770
|gametype|doubles
|player|p1|fudii|dahlia|1172
|player|p2|Church of Chiyu|red|1202
|gen|9
|tier|[Gen 9] VGC 2025 Reg H (Bo3)
|rated|
|rule|Species Clause: Limit one of each Pokémon
|rule|Item Clause: Limit 1 of each item
|clearpoke
|poke|p1|Annihilape, L50, F|
|poke|p1|Sinistcha, L50|
|poke|p1|Maushold-Four, L50|
|poke|p1|Klefki, L50, M|
|poke|p1|Ursaluna-Bloodmoon, L50, M|
|poke|p1|Ninetales-Alola, L50, F|
|poke|p2|Rillaboom, L50, F|
|poke|p2|Incineroar, L50, F|
|poke|p2|Basculegion, L50, M|
|poke|p2|Ninetales-Alola, L50, F|
|poke|p2|Gholdengo, L50|
|poke|p2|Kommo-o, L50, F|
|teampreview|4
|showteam|p1|Annihilape||Leftovers|Defiant|Protect,BulkUp,DrainPunch,RageFist|||F|||50|,,,,,Fire]Sinistcha||SitrusBerry|Hospitality|MatchaGotcha,TrickRoom,LifeDew,RagePowder||||||50|,,,,,Water]Maushold-Four||SafetyGoggles|FriendGuard|FollowMe,Taunt,BeatUp,Protect||||||50|,,,,,Ghost]Klefki||LightClay|Prankster|Reflect,LightScreen,MistyTerrain,DazzlingGleam|||M|||50|,,,,,Ghost]Ursaluna-Bloodmoon||AssaultVest|MindsEye|BloodMoon,HyperVoice,EarthPower,VacuumWave|||M|||50|,,,,,Water]Ninetales-Alola||FocusSash|SnowWarning|Protect,Encore,FreezeDry,Blizzard|||F|||50|,,,,,Ghost
|showteam|p2|Rillaboom||AssaultVest|GrassySurge|DrumBeating,GrassyGlide,KnockOff,FakeOut|||F|||50|,,,,,Ghost]Incineroar||SitrusBerry|Intimidate|KnockOff,FlareBlitz,PartingShot,FakeOut|||F|||50|,,,,,Grass]Basculegion||ChoiceScarf|Adaptability|WaveCrash,LastRespects,FlipTurn,TeraBlast|||M|||50|,,,,,Fighting]Ninetales-Alola||FocusSash|SnowWarning|Blizzard,IcyWind,Encore,Protect|||F|||50|,,,,,Ice]Gholdengo||LifeOrb|GoodasGold|MakeItRain,ShadowBall,NastyPlot,Protect||||||50|,,,,,Water]Kommo-o||Leftovers|Overcoat|BodyPress,Flamethrower,IronDefense,Protect|||F|||50|,,,,,Fire
|
|t:|1757823807
|teamsize|p1|4
|teamsize|p2|4
|start
|switch|p1a: Ursaluna|Ursaluna-Bloodmoon, L50, M|100/100
|switch|p1b: Klefki|Klefki, L50, M|100/100
|switch|p2a: Basculegion|Basculegion, L50, M|100/100
|switch|p2b: Ninetales|Ninetales-Alola, L50, F|100/100
|-weather|Snowscape|[from] ability: Snow Warning|[of] p2b: Ninetales
|turn|1
|
|t:|1757823846
|-terastallize|p1a: Ursaluna|Water
|move|p1b: Klefki|Reflect|p1b: Klefki
|-sidestart|p1: fudii|Reflect
|move|p2a: Basculegion|Flip Turn|p1b: Klefki
|-damage|p1b: Klefki|73/100
|
|t:|1757823852
|switch|p2a: Rillaboom|Rillaboom, L50, F|100/100|[from] Flip Turn
|-fieldstart|move: Grassy Terrain|[from] ability: Grassy Surge|[of] p2a: Rillaboom
|move|p2b: Ninetales|Blizzard|p1a: Ursaluna|[spread] p1a,p1b
|-resisted|p1a: Ursaluna
|-resisted|p1b: Klefki
|-damage|p1a: Ursaluna|90/100
|-damage|p1b: Klefki|59/100
|move|p1a: Ursaluna|Hyper Voice|p2b: Ninetales|[spread] p2a,p2b
|-damage|p2a: Rillaboom|71/100
|-damage|p2b: Ninetales|58/100
|
|-weather|Snowscape|[upkeep]
|-heal|p2b: Ninetales|64/100|[from] Grassy Terrain
|-heal|p2a: Rillaboom|77/100|[from] Grassy Terrain
|-heal|p1b: Klefki|65/100|[from] Grassy Terrain
|-heal|p1a: Ursaluna|96/100|[from] Grassy Terrain
|upkeep
|turn|2
|
|t:|1757823890
|switch|p1a: Ninetales|Ninetales-Alola, L50, F, shiny|100/100
|move|p1b: Klefki|Light Screen|p1b: Klefki
|-sidestart|p1: fudii|move: Light Screen
|move|p2b: Ninetales|Encore|p1b: Klefki
|-start|p1b: Klefki|Encore
|move|p2a: Rillaboom|Knock Off|p1a: Ninetales
|-resisted|p1a: Ninetales
|-damage|p1a: Ninetales|91/100
|-enditem|p1a: Ninetales|Focus Sash|[from] move: Knock Off|[of] p2a: Rillaboom
|
|-weather|Snowscape|[upkeep]
|-heal|p2b: Ninetales|70/100|[from] Grassy Terrain
|-heal|p1a: Ninetales|97/100|[from] Grassy Terrain
|-heal|p2a: Rillaboom|83/100|[from] Grassy Terrain
|-heal|p1b: Klefki|71/100|[from] Grassy Terrain
|upkeep
|turn|3
|
|t:|1757823913
|switch|p2a: Gholdengo|Gholdengo, L50|100/100
|move|p1b: Klefki|Light Screen||[still]
|-fail|p1b: Klefki
|move|p1a: Ninetales|Blizzard|p2b: Ninetales|[spread] p2a,p2b
|-resisted|p2a: Gholdengo
|-resisted|p2b: Ninetales
|-crit|p2b: Ninetales
|-damage|p2a: Gholdengo|85/100
|-damage|p2b: Ninetales|43/100
|move|p2b: Ninetales|Icy Wind|p1a: Ninetales|[spread] p1a,p1b
|-resisted|p1a: Ninetales
|-resisted|p1b: Klefki
|-damage|p1a: Ninetales|90/100
|-damage|p1b: Klefki|66/100
|-unboost|p1a: Ninetales|spe|1
|-unboost|p1b: Klefki|spe|1
|
|-weather|Snowscape|[upkeep]
|-heal|p2b: Ninetales|49/100|[from] Grassy Terrain
|-heal|p2a: Gholdengo|90/100|[from] Grassy Terrain
|-heal|p1a: Ninetales|96/100|[from] Grassy Terrain
|-heal|p1b: Klefki|72/100|[from] Grassy Terrain
|upkeep
|turn|4
|
|t:|1757823935
|switch|p2b: Rillaboom|Rillaboom, L50, F|83/100
|switch|p1a: Ursaluna|Ursaluna-Bloodmoon, L50, M, tera:Water|96/100
|move|p1b: Klefki|Light Screen||[still]
|-fail|p1b: Klefki
|move|p2a: Gholdengo|Nasty Plot|p2a: Gholdengo
|-boost|p2a: Gholdengo|spa|2
|
|-weather|Snowscape|[upkeep]
|-heal|p2b: Rillaboom|90/100|[from] Grassy Terrain
|-heal|p2a: Gholdengo|96/100|[from] Grassy Terrain
|-heal|p1a: Ursaluna|100/100|[from] Grassy Terrain
|-heal|p1b: Klefki|79/100|[from] Grassy Terrain
|upkeep
|turn|5
|
|t:|1757823956
|switch|p1a: Ninetales|Ninetales-Alola, L50, F, shiny|96/100
|-terastallize|p2a: Gholdengo|Water
|move|p1b: Klefki|Light Screen||[still]
|-fail|p1b: Klefki
|move|p2b: Rillaboom|Drum Beating|p1a: Ninetales
|-damage|p1a: Ninetales|64/100
|-unboost|p1a: Ninetales|spe|1
|move|p2a: Gholdengo|Make It Rain|p1b: Klefki|[spread] p1a,p1b
|-supereffective|p1a: Ninetales
|-damage|p1a: Ninetales|0 fnt
|-damage|p1b: Klefki|12/100
|-unboost|p2a: Gholdengo|spa|1
|faint|p1a: Ninetales
|-damage|p2a: Gholdengo|87/100|[from] item: Life Orb
|
|-weather|none
|-heal|p2b: Rillaboom|96/100|[from] Grassy Terrain
|-heal|p2a: Gholdengo|93/100|[from] Grassy Terrain
|-heal|p1b: Klefki|18/100|[from] Grassy Terrain
|-end|p1b: Klefki|Encore
|-fieldend|move: Grassy Terrain
|upkeep
|
|t:|1757823975
|switch|p1a: Sinistcha|Sinistcha, L50|100/100
|-heal|p1b: Klefki|43/100|[from] ability: Hospitality|[of] p1a: Sinistcha
|turn|6
|
|t:|1757823997
|move|p2b: Rillaboom|Knock Off|p1a: Sinistcha
|-supereffective|p1a: Sinistcha
|-damage|p1a: Sinistcha|71/100
|-enditem|p1a: Sinistcha|Sitrus Berry|[from] move: Knock Off|[of] p2b: Rillaboom
|move|p2a: Gholdengo|Shadow Ball|p1a: Sinistcha
|-supereffective|p1a: Sinistcha
|-damage|p1a: Sinistcha|0 fnt
|faint|p1a: Sinistcha
|-damage|p2a: Gholdengo|83/100|[from] item: Life Orb
|move|p1b: Klefki|Dazzling Gleam|p2a: Gholdengo|[spread] p2a,p2b
|-damage|p2a: Gholdengo|64/100
|-damage|p2b: Rillaboom|83/100
|
|upkeep
|
|t:|1757824004
|switch|p1a: Ursaluna|Ursaluna-Bloodmoon, L50, M, tera:Water|100/100
|turn|7
|
|t:|1757824015
|move|p1b: Klefki|Misty Terrain|p1b: Klefki
|-fieldstart|move: Misty Terrain
|move|p2b: Rillaboom|Drum Beating|p1a: Ursaluna
|-supereffective|p1a: Ursaluna
|-damage|p1a: Ursaluna|66/100
|-unboost|p1a: Ursaluna|spe|1
|move|p2a: Gholdengo|Make It Rain|p1a: Ursaluna|[spread] p1a,p1b
|-resisted|p1a: Ursaluna
|-damage|p1a: Ursaluna|47/100
|-damage|p1b: Klefki|0 fnt
|-unboost|p2a: Gholdengo|spa|1
|faint|p1b: Klefki
|-damage|p2a: Gholdengo|54/100|[from] item: Life Orb
|move|p1a: Ursaluna|Blood Moon|p2b: Rillaboom
|-damage|p2b: Rillaboom|21/100
|
|upkeep
|turn|8
|
|t:|1757824033
|move|p2b: Rillaboom|Drum Beating|p1a: Ursaluna
|-supereffective|p1a: Ursaluna
|-damage|p1a: Ursaluna|12/100
|-unboost|p1a: Ursaluna|spe|1
|move|p2a: Gholdengo|Shadow Ball|p1a: Ursaluna
|-damage|p1a: Ursaluna|0 fnt
|faint|p1a: Ursaluna
|-damage|p2a: Gholdengo|45/100|[from] item: Life Orb
|
|win|Church of Chiyu
|raw|fudii's rating: 1172 → 1149(-23 for losing)
|raw|Church of Chiyu's rating: 1202 → 1225(+23 for winning)
|l|☆fudii
|player|p1|
