|j|☆VenuDaAscoInRain
|j|☆megaurshifuplease
|html|VenuDaAscoInRainmegaurshifuplease    
|uhtml|bestof|Game 1 of a best-of-3
|t:|1783295239
|gametype|doubles
|player|p1|VenuDaAscoInRain|li|1280
|player|p2|megaurshifuplease|red|1235
|gen|9
|tier|[Gen 9 Champions] VGC 2026 Reg M-B (Bo3)
|rated|
|rule|Species Clause: Limit one of each Pokémon
|rule|Item Clause: Limit 1 of each item
|clearpoke
|poke|p1|Kingambit, L50, F, shiny|
|poke|p1|Charizard, L50, M, shiny|
|poke|p1|Floette-Eternal, L50, F|
|poke|p1|Whimsicott, L50, M|
|poke|p1|Garchomp, L50, F, shiny|
|poke|p1|Basculegion, L50, M|
|poke|p2|Mawile, L50, M|
|poke|p2|Sinistcha-Masterpiece, L50|
|poke|p2|Incineroar, L50, F|
|poke|p2|Grimmsnarl, L50, M|
|poke|p2|Garchomp, L50, M|
|poke|p2|Annihilape, L50, M|
|teampreview|4
|showteam|p1|Kingambit||ChopleBerry|Defiant|KowtowCleave,LowKick,SuckerPunch,Protect|Adamant||F|||50|]Charizard||CharizarditeY|SolarPower|HeatWave,WeatherBall,SolarBeam,Protect|Modest||M|||50|]Floette-Eternal||Floettite|FlowerVeil|Moonblast,DazzlingGleam,LightofRuin,Protect|Timid||F|||50|]Whimsicott||FocusSash|Prankster|Moonblast,Tailwind,Encore,Protect|Timid||M|||50|]Garchomp||LifeOrb|RoughSkin|Earthquake,DragonClaw,RockSlide,Protect|Jolly||F|||50|]Basculegion||MysticWater|Adaptability|WaveCrash,AquaJet,LastRespects,Protect|Adamant||M|||50|
|showteam|p2|Mawile||Mawilite|HyperCutter|PlayRough,SuckerPunch,SwordsDance,Protect|Adamant||M|||50|]Sinistcha-Masterpiece||KasibBerry|Hospitality|LifeDew,TrickRoom,RagePowder,MatchaGotcha|Relaxed|||||50|]Incineroar||PasshoBerry|Intimidate|FakeOut,ThroatChop,FlareBlitz,PartingShot|Adamant||F|||50|]Grimmsnarl||LightClay|Prankster|PartingShot,Reflect,LightScreen,SpiritBreak|Impish||M|||50|]Garchomp||ChoiceScarf|SandVeil|Earthquake,DragonClaw,RockTomb,StompingTantrum|Adamant||M|||50|]Annihilape||SitrusBerry|Defiant|RageFist,DrainPunch,BulkUp,Protect|Adamant||M|||50|
|inactive|Battle timer is ON: inactive players will automatically lose when time's up. (requested by VenuDaAscoInRain)
|inactive|megaurshifuplease also wants the timer to be on.
|inactive|megaurshifuplease has 60 seconds left.
|
|t:|1783295279
|teamsize|p1|4
|teamsize|p2|4
|start
|switch|p1a: Kingambit|Kingambit, L50, F, shiny|100/100
|switch|p1b: Floette|Floette-Eternal, L50, F|100/100
|switch|p2a: Annihilape|Annihilape, L50, M|100/100
|switch|p2b: Grimmsnarl|Grimmsnarl, L50, M|100/100
|turn|1
|
|t:|1783295303
|switch|p1a: Garchomp|Garchomp, L50, F, shiny|100/100
|move|p1b: Floette|Protect|p1b: Floette
|-singleturn|p1b: Floette|Protect
|move|p2b: Grimmsnarl|Parting Shot|p1b: Floette
|-activate|p1b: Floette|move: Protect
|move|p2a: Annihilape|Drain Punch|p1a: Garchomp
|-damage|p1a: Garchomp|62/100
|-damage|p2a: Annihilape|87/100|[from] ability: Rough Skin|[of] p1a: Garchomp
|
|upkeep
|turn|2
|inactive|megaurshifuplease has 30 seconds left.
|
|t:|1783295336
|switch|p1a: Kingambit|Kingambit, L50, F, shiny|100/100
|detailschange|p1b: Floette|Floette-Mega, L50, F
|-mega|p1b: Floette|Floette|Floettite
|-ability|p1b: Floette|Fairy Aura
|move|p2b: Grimmsnarl|Light Screen|p2b: Grimmsnarl
|-sidestart|p2: megaurshifuplease|move: Light Screen
|move|p1b: Floette|Light of Ruin|p2a: Annihilape
|-supereffective|p2a: Annihilape|1
|-damage|p2a: Annihilape|0 fnt
|faint|p2a: Annihilape
|-damage|p1b: Floette|37/100|[from] Recoil
|
|upkeep
|
|t:|1783295348
|switch|p2a: Garchomp|Garchomp, L50, M|100/100
|turn|3
|
|t:|1783295365
|switch|p1b: Charizard|Charizard, L50, M, shiny|100/100
|move|p1a: Kingambit|Protect|p1a: Kingambit
|-singleturn|p1a: Kingambit|Protect
|move|p2a: Garchomp|Earthquake|p1b: Charizard|[spread] p2b
|-activate|p1a: Kingambit|move: Protect
|-immune|p1b: Charizard
|-damage|p2b: Grimmsnarl|53/100
|move|p2b: Grimmsnarl|Spirit Break|p1a: Kingambit
|-activate|p1a: Kingambit|move: Protect
|
|upkeep
|turn|4
|
|t:|1783295383
|switch|p2a: Incineroar|Incineroar, L50, F|100/100
|-ability|p2a: Incineroar|Intimidate|boost
|-unboost|p1a: Kingambit|atk|1
|-ability|p1a: Kingambit|Defiant|boost
|-boost|p1a: Kingambit|atk|2
|-unboost|p1b: Charizard|atk|1
|switch|p1a: Garchomp|Garchomp, L50, F, shiny|62/100
|move|p2b: Grimmsnarl|Parting Shot|p1b: Charizard
|-unboost|p1b: Charizard|atk|1
|-unboost|p1b: Charizard|spa|1
|
|t:|1783295394
|switch|p2b: Garchomp|Garchomp, L50, M|100/100|[from] Parting Shot
|move|p1b: Charizard|Heat Wave|p2a: Incineroar|[spread] p2a
|-miss|p1b: Charizard|p2b: Garchomp
|-resisted|p2a: Incineroar|1
|-damage|p2a: Incineroar|94/100
|
|upkeep
|turn|5
|
|t:|1783295411
|switch|p1b: Kingambit|Kingambit, L50, F, shiny|100/100
|move|p1a: Garchomp|Protect|p1a: Garchomp
|-singleturn|p1a: Garchomp|Protect
|move|p2b: Garchomp|Stomping Tantrum|p1a: Garchomp
|-activate|p1a: Garchomp|move: Protect
|move|p2a: Incineroar|Flare Blitz|p1b: Kingambit
|-supereffective|p1b: Kingambit|1
|-damage|p1b: Kingambit|28/100
|-status|p1b: Kingambit|brn
|-damage|p2a: Incineroar|73/100|[from] Recoil
|
|-damage|p1b: Kingambit|21/100 brn|[from] brn
|upkeep
|turn|6
|inactive|megaurshifuplease has 30 seconds left.
|inactive|megaurshifuplease has 20 seconds left.
|
|t:|1783295451
|switch|p2a: Grimmsnarl|Grimmsnarl, L50, M|53/100
|move|p2b: Garchomp|Stomping Tantrum|p1a: Garchomp
|-damage|p1a: Garchomp|21/100
|-damage|p2b: Garchomp|87/100|[from] ability: Rough Skin|[of] p1a: Garchomp
|move|p1a: Garchomp|Earthquake|p2a: Grimmsnarl|[spread] p1b,p2a,p2b
|-supereffective|p1b: Kingambit|1
|-damage|p1b: Kingambit|0 fnt
|-damage|p2a: Grimmsnarl|6/100
|-damage|p2b: Garchomp|35/100
|faint|p1b: Kingambit
|-damage|p1a: Garchomp|11/100|[from] item: Life Orb
|
|upkeep
|
|t:|1783295460
|switch|p1b: Charizard|Charizard, L50, M, shiny|100/100
|turn|7
|
|t:|1783295482
|switch|p2b: Incineroar|Incineroar, L50, F|73/100
|-ability|p2b: Incineroar|Intimidate|boost
|-unboost|p1a: Garchomp|atk|1
|-unboost|p1b: Charizard|atk|1
|move|p2a: Grimmsnarl|Parting Shot|p1b: Charizard
|-unboost|p1b: Charizard|atk|1
|-unboost|p1b: Charizard|spa|1
|
|t:|1783295488
|switch|p2a: Garchomp|Garchomp, L50, M|35/100|[from] Parting Shot
|move|p1a: Garchomp|Earthquake|p2b: Incineroar|[spread] p2a,p2b
|-immune|p1b: Charizard
|-supereffective|p2b: Incineroar|1
|-damage|p2a: Garchomp|0 fnt
|-damage|p2b: Incineroar|4/100
|faint|p2a: Garchomp
|-damage|p1a: Garchomp|1/100|[from] item: Life Orb
|move|p1b: Charizard|Heat Wave|p2b: Incineroar
|-resisted|p2b: Incineroar|1
|-damage|p2b: Incineroar|0 fnt
|faint|p2b: Incineroar
|
|upkeep
|-message|megaurshifuplease forfeited.
|
|win|VenuDaAscoInRain
||VenuDaAscoInRain is ready for game 2.
|l|☆VenuDaAscoInRain
|player|p1|
