|j|☆terry-torrial
|j|☆Yubay007
|html|terry-torrialYubay007    
|uhtml|bestof|Game 3 of a best-of-3
|t:|1756300478
|gametype|doubles
|player|p1|terry-torrial|170|
|player|p2|Yubay007|cynthia-gen7|
|gen|9
|tier|[Gen 9] VGC 2025 Reg H (Bo3)
|rule|Species Clause: Limit one of each Pokémon
|rule|Item Clause: Limit 1 of each item
|clearpoke
|poke|p1|Incineroar, L50, M|
|poke|p1|Gholdengo, L50|
|poke|p1|Rillaboom, L50, M|
|poke|p1|Sneasler, L50, F|
|poke|p1|Electabuzz, L50, M|
|poke|p1|Dragonite, L50, F|
|poke|p2|Garchomp, L50, M|
|poke|p2|Incineroar, L50, M|
|poke|p2|Kingambit, L50, M|
|poke|p2|Ninetales-Alola, L50, M|
|poke|p2|Dragonite, L50, F|
|poke|p2|Amoonguss, L50, F|
|teampreview|4
|showteam|p1|Incineroar||SafetyGoggles|Intimidate|KnockOff,FlareBlitz,PartingShot,FakeOut|||M|||50|,,,,,Ghost]Gholdengo||LifeOrb|GoodasGold|NastyPlot,MakeItRain,Protect,ShadowBall||||||50|,,,,,Water]Rillaboom||AssaultVest|GrassySurge|WoodHammer,GrassyGlide,FakeOut,HighHorsepower|||M|||50|,,,,,Fire]Sneasler||FocusSash|Unburden|DireClaw,CloseCombat,FakeOut,Coaching|||F|||50|,,,,,Stellar]Electabuzz||Eviolite|VitalSpirit|Thunderbolt,Electroweb,FollowMe,Protect|||M|||50|,,,,,Dragon]Dragonite||LoadedDice|Multiscale|ScaleShot,Tailwind,Haze,Protect|||F|||50|,,,,,Fairy
|showteam|p2|Garchomp||LifeOrb|RoughSkin|StompingTantrum,DragonClaw,Earthquake,Protect|||M|||50|,,,,,Steel]Incineroar||SafetyGoggles|Intimidate|FakeOut,FlareBlitz,KnockOff,PartingShot|||M|||50|,,,,,Ghost]Kingambit||AssaultVest|Defiant|LowKick,IronHead,KowtowCleave,SuckerPunch|||M|||50|,,,,,Flying]Ninetales-Alola||FocusSash|SnowWarning|Protect,Encore,FreezeDry,Blizzard|||M|||50|,,,,,Ice]Dragonite||LumBerry|Multiscale|TeraBlast,LowKick,ExtremeSpeed,Protect|||F|||50|,,,,,Flying]Amoonguss||SitrusBerry|Regenerator|ClearSmog,Spore,RagePowder,PollenPuff|||F|||50|,,,,,Water
|inactive|Battle timer is ON: inactive players will automatically lose when time's up. (requested by Yubay007)
|inactive|Yubay007 has 60 seconds left.
|
|t:|1756300513
|teamsize|p1|4
|teamsize|p2|4
|start
|switch|p1a: Gholdengo|Gholdengo, L50|100/100
|switch|p1b: Electabuzz|Electabuzz, L50, M, shiny|100/100
|switch|p2a: Incineroar|Incineroar, L50, M|100/100
|switch|p2b: Dragonite|Dragonite, L50, F|100/100
|-ability|p2a: Incineroar|Intimidate|boost
|-unboost|p1a: Gholdengo|atk|1
|-unboost|p1b: Electabuzz|atk|1
|turn|1
|inactive|Yubay007 has 30 seconds left.
|inactive|terry-torrial has 30 seconds left.
|
|t:|1756300549
|switch|p2b: Garchomp|Garchomp, L50, M|100/100
|move|p2a: Incineroar|Fake Out|p1b: Electabuzz
|-crit|p1b: Electabuzz
|-damage|p1b: Electabuzz|87/100
|cant|p1b: Electabuzz|flinch
|move|p1a: Gholdengo|Nasty Plot|p1a: Gholdengo
|-boost|p1a: Gholdengo|spa|2
|
|upkeep
|turn|2
|inactive|terry-torrial has 30 seconds left.
|
|t:|1756300580
|-terastallize|p1a: Gholdengo|Water
|move|p2b: Garchomp|Protect|p2b: Garchomp
|-singleturn|p2b: Garchomp|Protect
|move|p1b: Electabuzz|Follow Me|p1b: Electabuzz
|-singleturn|p1b: Electabuzz|move: Follow Me
|move|p1a: Gholdengo|Shadow Ball|p2b: Garchomp
|-activate|p2b: Garchomp|move: Protect
|move|p2a: Incineroar|Knock Off|p1b: Electabuzz
|-damage|p1b: Electabuzz|53/100
|-enditem|p1b: Electabuzz|Eviolite|[from] move: Knock Off|[of] p2a: Incineroar
|
|upkeep
|turn|3
|inactive|Yubay007 has 30 seconds left.
|
|t:|1756300613
|switch|p2a: Dragonite|Dragonite, L50, F|100/100
|move|p1b: Electabuzz|Follow Me|p1b: Electabuzz
|-singleturn|p1b: Electabuzz|move: Follow Me
|move|p2b: Garchomp|Earthquake|p1b: Electabuzz|[spread] p1a,p1b
|-immune|p2a: Dragonite
|-supereffective|p1b: Electabuzz
|-damage|p1a: Gholdengo|48/100
|-damage|p1b: Electabuzz|0 fnt
|faint|p1b: Electabuzz
|-damage|p2b: Garchomp|91/100|[from] item: Life Orb
|move|p1a: Gholdengo|Shadow Ball|p2b: Garchomp
|-damage|p2b: Garchomp|0 fnt
|faint|p2b: Garchomp
|-damage|p1a: Gholdengo|38/100|[from] item: Life Orb
|
|upkeep
|
|t:|1756300629
|switch|p2b: Incineroar|Incineroar, L50, M|100/100
|switch|p1b: Dragonite|Dragonite, L50, F, shiny|100/100
|-ability|p2b: Incineroar|Intimidate|boost
|-unboost|p1a: Gholdengo|atk|1
|-unboost|p1b: Dragonite|atk|1
|turn|4
|inactive|Yubay007 has 30 seconds left.
|inactive|Yubay007 has 20 seconds left.
|inactive|Yubay007 has 15 seconds left.
|inactive|Yubay007 has 10 seconds left.
|
|t:|1756300674
|move|p1a: Gholdengo|Protect|p1a: Gholdengo
|-singleturn|p1a: Gholdengo|Protect
|move|p1b: Dragonite|Protect|p1b: Dragonite
|-singleturn|p1b: Dragonite|Protect
|move|p2b: Incineroar|Fake Out|p1b: Dragonite
|-activate|p1b: Dragonite|move: Protect
|move|p2a: Dragonite|Extreme Speed|p1a: Gholdengo
|-activate|p1a: Gholdengo|move: Protect
|
|upkeep
|turn|5
|inactive|terry-torrial has 30 seconds left.
|inactive|Yubay007 has 30 seconds left.
|
|t:|1756300700
|switch|p2a: Kingambit|Kingambit, L50, M|100/100
|move|p1a: Gholdengo|Make It Rain|p2a: Kingambit|[spread] p2a,p2b
|-resisted|p2a: Kingambit
|-resisted|p2b: Incineroar
|-damage|p2a: Kingambit|63/100
|-damage|p2b: Incineroar|57/100
|-unboost|p1a: Gholdengo|spa|1
|-damage|p1a: Gholdengo|29/100|[from] item: Life Orb
|move|p1b: Dragonite|Scale Shot|p2a: Kingambit
|-resisted|p2a: Kingambit
|-damage|p2a: Kingambit|60/100
|-resisted|p2a: Kingambit
|-damage|p2a: Kingambit|56/100
|-resisted|p2a: Kingambit
|-damage|p2a: Kingambit|53/100
|-resisted|p2a: Kingambit
|-crit|p2a: Kingambit
|-damage|p2a: Kingambit|43/100
|-hitcount|p2a: Kingambit|4
|-unboost|p1b: Dragonite|def|1
|-boost|p1b: Dragonite|spe|1
|move|p2b: Incineroar|Knock Off|p1a: Gholdengo
|-damage|p1a: Gholdengo|0 fnt
|-enditem|p1a: Gholdengo|Life Orb|[from] move: Knock Off|[of] p2b: Incineroar
|faint|p1a: Gholdengo
|
|upkeep
|
|t:|1756300706
|switch|p1a: Sneasler|Sneasler, L50, F, shiny|100/100
|turn|6
|inactive|terry-torrial has 30 seconds left.
|inactive|Yubay007 has 30 seconds left.
|inactive|Yubay007 has 20 seconds left.
|inactive|Yubay007 has 15 seconds left.
|
|t:|1756300748
|move|p2a: Kingambit|Sucker Punch|p1a: Sneasler
|-resisted|p1a: Sneasler
|-damage|p1a: Sneasler|68/100
|move|p1b: Dragonite|Scale Shot|p2a: Kingambit|[miss]
|-miss|p1b: Dragonite|p2a: Kingambit
|move|p1a: Sneasler|Close Combat|p2a: Kingambit
|-supereffective|p2a: Kingambit
|-damage|p2a: Kingambit|0 fnt
|-unboost|p1a: Sneasler|def|1
|-unboost|p1a: Sneasler|spd|1
|faint|p2a: Kingambit
|move|p2b: Incineroar|Knock Off|p1b: Dragonite
|-damage|p1b: Dragonite|69/100
|-enditem|p1b: Dragonite|Loaded Dice|[from] move: Knock Off|[of] p2b: Incineroar
|
|upkeep
|
|t:|1756300761
|switch|p2a: Dragonite|Dragonite, L50, F|100/100
|turn|7
|
|t:|1756300778
|move|p1b: Dragonite|Protect|p1b: Dragonite
|-singleturn|p1b: Dragonite|Protect
|move|p2a: Dragonite|Protect|p2a: Dragonite
|-singleturn|p2a: Dragonite|Protect
|move|p1a: Sneasler|Close Combat|p2b: Incineroar
|-supereffective|p2b: Incineroar
|-damage|p2b: Incineroar|0 fnt
|-unboost|p1a: Sneasler|def|1
|-unboost|p1a: Sneasler|spd|1
|faint|p2b: Incineroar
|
|upkeep
|turn|8
|
|t:|1756300798
|-terastallize|p2a: Dragonite|Flying
|move|p2a: Dragonite|Extreme Speed|p1a: Sneasler
|-damage|p1a: Sneasler|0 fnt
|faint|p1a: Sneasler
|move|p1b: Dragonite|Scale Shot|p2a: Dragonite
|-damage|p2a: Dragonite|95/100
|-damage|p2a: Dragonite|81/100
|-damage|p2a: Dragonite|69/100
|-hitcount|p2a: Dragonite|3
|-unboost|p1b: Dragonite|def|1
|-boost|p1b: Dragonite|spe|1
|
|upkeep
|turn|9
|
|t:|1756300812
|move|p2a: Dragonite|Extreme Speed|p1b: Dragonite
|-damage|p1b: Dragonite|0 fnt
|faint|p1b: Dragonite
|
|win|Yubay007
