|j|☆I HATE DONDOZO-239
|j|☆Pumpkinman
|html|I HATE DONDOZO-239Pumpkinman    
|uhtml|bestof|Game 1 of a best-of-3
|t:|1756932314
|gametype|doubles
|player|p1|I HATE DONDOZO-239|265|1118
|player|p2|Pumpkinman|cyclist-gen4|1125
|gen|9
|tier|[Gen 9] VGC 2025 Reg H (Bo3)
|rated|
|rule|Species Clause: Limit one of each Pokémon
|rule|Item Clause: Limit 1 of each item
|clearpoke
|poke|p1|Mienshao, L50, F|
|poke|p1|Garchomp, L50, F|
|poke|p1|Tyranitar, L50, M|
|poke|p1|Gholdengo, L50|
|poke|p1|Talonflame, L50, F|
|poke|p1|Gallade, L50, M|
|poke|p2|Charizard, L50, F|
|poke|p2|Torkoal, L50, M|
|poke|p2|Porygon2, L50|
|poke|p2|Incineroar, L50, F|
|poke|p2|Jumpluff, L50, M|
|poke|p2|Ursaluna, L50, M|
|teampreview|4
|showteam|p1|Mienshao||FocusSash|InnerFocus|FakeOut,CloseCombat,Coaching,WideGuard|||F|||50|,,,,,Stellar]Garchomp||ClearAmulet|SandVeil|StompingTantrum,DragonClaw,Protect,Earthquake|||F|||50|,,,,,Fire]Tyranitar||AssaultVest|SandStream|TeraBlast,RockSlide,LowKick,KnockOff|||M|||50|,,,,,Flying]Gholdengo||ChoiceSpecs|GoodasGold|Trick,MakeItRain,ShadowBall,Thunderbolt||||||50|,,,,,Steel]Talonflame||CovertCloak|GaleWings|BraveBird,Tailwind,Taunt,WillOWisp|||F|||50|,,,,,Ghost]Gallade||LifeOrb|Sharpness|TrickRoom,Imprison,PsychoCut,SacredSword|||M|||50|,,,,,Grass
|showteam|p2|Charizard||ChoiceSpecs|SolarPower|HeatWave,Overheat,WeatherBall,AirSlash|||F|||50|,,,,,Ghost]Torkoal||EjectPack|Drought|Eruption,Overheat,HelpingHand,Protect|||M|||50|,,,,,Fire]Porygon2||Eviolite|Download|TeraBlast,IceBeam,Recover,TrickRoom||||||50|,,,,,Fighting]Incineroar||SitrusBerry|Intimidate|FlareBlitz,KnockOff,FakeOut,PartingShot|||F|||50|,,,,,Ghost]Jumpluff||CovertCloak|Chlorophyll|SleepPowder,SunnyDay,RagePowder,Tailwind|||M|||50|,,,,,Water]Ursaluna||FlameOrb|Guts|HeadlongRush,Facade,Earthquake,Protect|||M|||50|,,,,,Ghost
|inactive|Battle timer is ON: inactive players will automatically lose when time's up. (requested by Pumpkinman)
|inactive|I HATE DONDOZO-239 has 60 seconds left.
|inactive|Pumpkinman has 60 seconds left.
|
|t:|1756932373
|teamsize|p1|4
|teamsize|p2|4
|start
|switch|p1a: Talonflame|Talonflame, L50, F|100/100
|switch|p1b: Garchomp|Garchomp, L50, F|100/100
|switch|p2a: Porygon2|Porygon2, L50|100/100
|switch|p2b: Charizard|Charizard, L50, F|100/100
|-ability|p2a: Porygon2|Download|boost
|-boost|p2a: Porygon2|spa|1
|turn|1
|inactive|I HATE DONDOZO-239 has 30 seconds left.
|inactive|Pumpkinman has 30 seconds left.
|
|t:|1756932402
|switch|p2b: Ursaluna|Ursaluna, L50, M|100/100
|move|p1a: Talonflame|Brave Bird|p2b: Ursaluna
|-damage|p2b: Ursaluna|65/100
|-damage|p1a: Talonflame|84/100|[from] Recoil
|move|p1b: Garchomp|Dragon Claw|p2b: Ursaluna
|-damage|p2b: Ursaluna|31/100
|move|p2a: Porygon2|Trick Room|p2a: Porygon2
|-fieldstart|move: Trick Room|[of] p2a: Porygon2
|
|-status|p2b: Ursaluna|brn|[from] item: Flame Orb
|upkeep
|turn|2
|j| Arkhept
|inactive|Pumpkinman has 30 seconds left.
|l| Arkhept
|inactive|Pumpkinman has 20 seconds left.
|inactive|Pumpkinman has 15 seconds left.
|
|t:|1756932444
|-terastallize|p1a: Talonflame|Ghost
|move|p1b: Garchomp|Protect|p1b: Garchomp
|-singleturn|p1b: Garchomp|Protect
|move|p2a: Porygon2|Ice Beam|p1b: Garchomp
|-activate|p1b: Garchomp|move: Protect
|move|p2b: Ursaluna|Facade|p1a: Talonflame
|-immune|p1a: Talonflame
|move|p1a: Talonflame|Brave Bird|p2b: Ursaluna
|-damage|p2b: Ursaluna|0 fnt
|faint|p2b: Ursaluna
|-damage|p1a: Talonflame|68/100|[from] Recoil
|
|upkeep
|
|t:|1756932465
|switch|p2b: Torkoal|Torkoal, L50, M|100/100
|-weather|SunnyDay|[from] ability: Drought|[of] p2b: Torkoal
|turn|3
|inactive|Pumpkinman has 30 seconds left.
|
|t:|1756932497
|switch|p1b: Tyranitar|Tyranitar, L50, M|100/100
|-weather|Sandstorm|[from] ability: Sand Stream|[of] p1b: Tyranitar
|move|p2b: Torkoal|Eruption|p1a: Talonflame|[spread] p1a,p1b
|-resisted|p1b: Tyranitar
|-damage|p1a: Talonflame|0 fnt
|-damage|p1b: Tyranitar|91/100
|faint|p1a: Talonflame
|move|p2a: Porygon2|Tera Blast|p1b: Tyranitar
|-resisted|p1b: Tyranitar
|-damage|p1b: Tyranitar|79/100
|
|-weather|Sandstorm|[upkeep]
|-damage|p2b: Torkoal|94/100|[from] Sandstorm
|-damage|p2a: Porygon2|94/100|[from] Sandstorm
|upkeep
|
|t:|1756932511
|switch|p1a: Mienshao|Mienshao, L50, F|100/100
|turn|4
|
|t:|1756932535
|switch|p2b: Charizard|Charizard, L50, F|100/100
|-terastallize|p2a: Porygon2|Fighting
|move|p1a: Mienshao|Fake Out|p2a: Porygon2
|-damage|p2a: Porygon2|84/100
|move|p1b: Tyranitar|Rock Slide|p2a: Porygon2|[spread] p2a,p2b
|-resisted|p2a: Porygon2
|-supereffective|p2b: Charizard
|-damage|p2a: Porygon2|74/100
|-damage|p2b: Charizard|0 fnt
|faint|p2b: Charizard
|cant|p2a: Porygon2|flinch
|
|-weather|Sandstorm|[upkeep]
|-damage|p2a: Porygon2|68/100|[from] Sandstorm
|-damage|p1a: Mienshao|95/100|[from] Sandstorm
|upkeep
|
|t:|1756932542
|switch|p2b: Torkoal|Torkoal, L50, M|94/100
|-weather|SunnyDay|[from] ability: Drought|[of] p2b: Torkoal
|turn|5
|inactive|Pumpkinman has 30 seconds left.
|
|t:|1756932568
|switch|p1b: Garchomp|Garchomp, L50, F|100/100
|move|p1a: Mienshao|Wide Guard|p1a: Mienshao
|-singleturn|p1a: Mienshao|Wide Guard
|move|p2b: Torkoal|Overheat|p1a: Mienshao
|-damage|p1a: Mienshao|0 fnt
|-unboost|p2b: Torkoal|spa|2
|faint|p1a: Mienshao
|move|p2a: Porygon2|Ice Beam|p1b: Garchomp
|-supereffective|p1b: Garchomp
|-damage|p1b: Garchomp|0 fnt
|faint|p1b: Garchomp
|
|-weather|SunnyDay|[upkeep]
|-fieldend|move: Trick Room
|upkeep
|
|t:|1756932579
|switch|p1b: Tyranitar|Tyranitar, L50, M|79/100
|-weather|Sandstorm|[from] ability: Sand Stream|[of] p1b: Tyranitar
|turn|6
|
|t:|1756932603
|move|p1b: Tyranitar|Rock Slide|p2a: Porygon2|[spread] p2a,p2b
|-resisted|p2a: Porygon2
|-supereffective|p2b: Torkoal
|-damage|p2a: Porygon2|58/100
|-damage|p2b: Torkoal|46/100
|move|p2b: Torkoal|Overheat|p1b: Tyranitar
|-resisted|p1b: Tyranitar
|-damage|p1b: Tyranitar|73/100
|-unboost|p2b: Torkoal|spa|2
|cant|p2a: Porygon2|flinch
|
|-weather|Sandstorm|[upkeep]
|-damage|p2a: Porygon2|52/100|[from] Sandstorm
|-damage|p2b: Torkoal|39/100|[from] Sandstorm
|upkeep
|turn|7
|
|t:|1756932618
|move|p2b: Torkoal|Helping Hand|p2a: Porygon2
|-singleturn|p2a: Porygon2|Helping Hand|[of] p2b: Torkoal
|move|p1b: Tyranitar|Rock Slide|p2b: Torkoal|[spread] p2a,p2b
|-resisted|p2a: Porygon2
|-supereffective|p2b: Torkoal
|-damage|p2a: Porygon2|42/100
|-damage|p2b: Torkoal|0 fnt
|faint|p2b: Torkoal
|move|p2a: Porygon2|Tera Blast|p1b: Tyranitar|[anim] Tera Blast Fighting
|-supereffective|p1b: Tyranitar
|-crit|p1b: Tyranitar
|-damage|p1b: Tyranitar|0 fnt
|faint|p1b: Tyranitar
|
|win|Pumpkinman
||I HATE DONDOZO-239 is ready for game 2.
|inactive|Pumpkinman has 30 seconds to confirm battle start!
||Pumpkinman is ready for game 2.
|uhtml|next|Next: Game 2 of 3
