|j|☆IronStandsEternal
|j|☆moicito
|html|IronStandsEternalmoicito    
|uhtml|bestof|Game 3 of a best-of-3
|t:|1756260277
|gametype|doubles
|player|p1|IronStandsEternal|flint|1173
|player|p2|moicito|266|1212
|gen|9
|tier|[Gen 9] VGC 2025 Reg H (Bo3)
|rated|
|rule|Species Clause: Limit one of each Pokémon
|rule|Item Clause: Limit 1 of each item
|clearpoke
|poke|p1|Rillaboom, L50, F|
|poke|p1|Dragonite, L50, F|
|poke|p1|Sneasler, L50, F|
|poke|p1|Ninetales-Alola, L50, M|
|poke|p1|Kingambit, L50, M|
|poke|p1|Magmar, L50, F|
|poke|p2|Kingambit, L50, F|
|poke|p2|Rillaboom, L50, F|
|poke|p2|Electabuzz, L50, M|
|poke|p2|Volcarona, L50, M|
|poke|p2|Sneasler, L50, M|
|poke|p2|Dragonite, L50, M|
|teampreview|4
|showteam|p1|Rillaboom||AssaultVest|GrassySurge|WoodHammer,GrassyGlide,HighHorsepower,FakeOut|||F|||50|,,,,,Fire]Dragonite||LoadedDice|Multiscale|Protect,ScaleShot,LowKick,Haze|||F|||50|,,,,,Fairy]Sneasler||WhiteHerb|Unburden|Protect,DireClaw,CloseCombat,Coaching|||F|||50|,,,,,Ghost]Ninetales-Alola||ChoiceSpecs|SnowWarning|Blizzard,IcyWind,Moonblast,FreezeDry|||M|||50|,,,,,Ghost]Kingambit||SafetyGoggles|Defiant|Protect,KowtowCleave,SuckerPunch,SwordsDance|||M|||50|,,,,,Dark]Magmar||Eviolite|VitalSpirit|Protect,FollowMe,Overheat,WillOWisp|||F|||50|,,,,,Dragon
|showteam|p2|Kingambit||BlackGlasses|Defiant|Protect,KowtowCleave,SuckerPunch,SwordsDance|||F|||50|,,,,,Dark]Rillaboom||AssaultVest|GrassySurge|WoodHammer,GrassyGlide,HighHorsepower,FakeOut|||F|||50|,,,,,Fire]Electabuzz||Eviolite|VitalSpirit|Protect,Thunderbolt,HelpingHand,FollowMe|||M|||50|,,,,,Ghost]Volcarona||CovertCloak|FlameBody|Protect,HeatWave,TeraBlast,QuiverDance|||M|||50|,,,,,Fairy]Sneasler||FocusSash|Unburden|CloseCombat,DireClaw,Coaching,FakeOut|||M|||50|,,,,,Stellar]Dragonite||LoadedDice|Multiscale|ScaleShot,Haze,ExtremeSpeed,Protect|||M|||50|,,,,,Fairy
|inactive|Battle timer is ON: inactive players will automatically lose when time's up. (requested by IronStandsEternal)
|
|t:|1756260316
|teamsize|p1|4
|teamsize|p2|4
|start
|switch|p1a: 90% = 50%|Dragonite, L50, F, shiny|100/100
|switch|p1b: Noah's BFF|Sneasler, L50, F, shiny|100/100
|switch|p2a: Elii|Electabuzz, L50, M, shiny|100/100
|switch|p2b: Volkii|Volcarona, L50, M, shiny|100/100
|turn|1
|inactive|IronStandsEternal has 30 seconds left.
|
|t:|1756260343
|move|p2a: Elii|Follow Me|p2a: Elii
|-singleturn|p2a: Elii|move: Follow Me
|move|p1b: Noah's BFF|Coaching|p1a: 90% = 50%
|-boost|p1a: 90% = 50%|atk|1
|-boost|p1a: 90% = 50%|def|1
|move|p2b: Volkii|Quiver Dance|p2b: Volkii
|-boost|p2b: Volkii|spa|1
|-boost|p2b: Volkii|spd|1
|-boost|p2b: Volkii|spe|1
|move|p1a: 90% = 50%|Scale Shot|p2a: Elii
|-damage|p2a: Elii|84/100
|-damage|p2a: Elii|68/100
|-damage|p2a: Elii|50/100
|-damage|p2a: Elii|32/100
|-hitcount|p2a: Elii|4
|-unboost|p1a: 90% = 50%|def|1
|-boost|p1a: 90% = 50%|spe|1
|
|upkeep
|turn|2
|inactive|IronStandsEternal has 30 seconds left.
|inactive|moicito has 30 seconds left.
|inactive|IronStandsEternal has 20 seconds left.
|inactive|moicito has 20 seconds left.
|inactive|moicito has 15 seconds left.
|
|t:|1756260383
|move|p2a: Elii|Helping Hand|p2b: Volkii
|-singleturn|p2b: Volkii|Helping Hand|[of] p2a: Elii
|move|p2b: Volkii|Heat Wave|p1a: 90% = 50%|[spread] p1a,p1b
|-resisted|p1a: 90% = 50%
|-damage|p1a: 90% = 50%|77/100
|-damage|p1b: Noah's BFF|0 fnt
|faint|p1b: Noah's BFF
|move|p1a: 90% = 50%|Scale Shot|p2a: Elii
|-damage|p2a: Elii|14/100
|-damage|p2a: Elii|0 fnt
|faint|p2a: Elii
|-hitcount|p2: Elii|2
|-unboost|p1a: 90% = 50%|def|1
|-boost|p1a: 90% = 50%|spe|1
|
|upkeep
|
|t:|1756260406
|switch|p1b: Mogmar|Magmar, L50, F, shiny|100/100
|switch|p2a: Snisli|Sneasler, L50, M|100/100
|turn|3
|
|t:|1756260426
|-terastallize|p2b: Volkii|Fairy
|move|p1a: 90% = 50%|Protect|p1a: 90% = 50%
|-singleturn|p1a: 90% = 50%|Protect
|move|p2b: Volkii|Tera Blast|p1a: 90% = 50%|[anim] Tera Blast Fairy
|-activate|p1a: 90% = 50%|move: Protect
|move|p2a: Snisli|Dire Claw|p1b: Mogmar
|-damage|p1b: Mogmar|65/100
|-status|p1b: Mogmar|par
|cant|p1b: Mogmar|par
|
|upkeep
|turn|4
|inactive|IronStandsEternal has 30 seconds left.
|inactive|moicito has 30 seconds left.
|
|t:|1756260457
|move|p1b: Mogmar|Follow Me|p1b: Mogmar
|-singleturn|p1b: Mogmar|move: Follow Me
|move|p1a: 90% = 50%|Haze|p1a: 90% = 50%
|-clearallboost
|move|p2a: Snisli|Dire Claw|p1b: Mogmar
|-damage|p1b: Mogmar|28/100 par
|move|p2b: Volkii|Tera Blast|p1b: Mogmar|[anim] Tera Blast Fairy
|-resisted|p1b: Mogmar
|-damage|p1b: Mogmar|12/100 par
|
|upkeep
|turn|5
|
|t:|1756260473
|-terastallize|p1a: 90% = 50%|Fairy
|cant|p1b: Mogmar|par
|move|p2a: Snisli|Dire Claw|p1b: Mogmar
|-damage|p1b: Mogmar|0 fnt
|faint|p1b: Mogmar
|move|p2b: Volkii|Quiver Dance|p2b: Volkii
|-boost|p2b: Volkii|spa|1
|-boost|p2b: Volkii|spd|1
|-boost|p2b: Volkii|spe|1
|move|p1a: 90% = 50%|Scale Shot|p2a: Snisli
|-damage|p2a: Snisli|75/100
|-damage|p2a: Snisli|50/100
|-damage|p2a: Snisli|24/100
|-damage|p2a: Snisli|0 fnt
|faint|p2a: Snisli
|-hitcount|p2: Snisli|4
|-unboost|p1a: 90% = 50%|def|1
|-boost|p1a: 90% = 50%|spe|1
|
|upkeep
|
|t:|1756260492
|switch|p2a: Dragii|Dragonite, L50, M|100/100
|switch|p1b: Kingambling|Kingambit, L50, M, shiny|100/100
|turn|6
|
|t:|1756260506
|move|p1b: Kingambling|Protect|p1b: Kingambling
|-singleturn|p1b: Kingambling|Protect
|move|p2a: Dragii|Extreme Speed|p1a: 90% = 50%
|-damage|p1a: 90% = 50%|20/100
|move|p2b: Volkii|Heat Wave|p1b: Kingambling|[spread] p1a
|-activate|p1b: Kingambling|move: Protect
|-damage|p1a: 90% = 50%|0 fnt
|faint|p1a: 90% = 50%
|
|upkeep
|turn|7
|
|t:|1756260520
|move|p1b: Kingambling|Sucker Punch|p2b: Volkii
|-resisted|p2b: Volkii
|-damage|p2b: Volkii|76/100
|move|p2b: Volkii|Heat Wave|p1b: Kingambling
|-supereffective|p1b: Kingambling
|-damage|p1b: Kingambling|0 fnt
|faint|p1b: Kingambling
|
|win|moicito
|raw|IronStandsEternal's rating: 1173 → 1151(-22 for losing)
|raw|moicito's rating: 1212 → 1234(+22 for winning)
|l|☆IronStandsEternal
|player|p1|
