|j|☆MR. HEROW
|j|☆Needels
|html|MR. HEROWNeedels    
|uhtml|bestof|Game 2 of a best-of-3
|t:|1756499169
|gametype|doubles
|player|p1|MR. HEROW|266|1000
|player|p2|Needels|eusine|1089
|gen|9
|tier|[Gen 9] VGC 2025 Reg H (Bo3)
|rated|
|rule|Species Clause: Limit one of each Pokémon
|rule|Item Clause: Limit 1 of each item
|clearpoke
|poke|p1|Indeedee-F, L50, F|
|poke|p1|Blastoise, L50, F|
|poke|p1|Garchomp, L50, F|
|poke|p1|Politoed, L50, F|
|poke|p1|Clefairy, L50, F|
|poke|p1|Dragapult, L50, M|
|poke|p2|Charizard, L50, M|
|poke|p2|Torkoal, L50, F|
|poke|p2|Porygon2, L50|
|poke|p2|Incineroar, L50, M|
|poke|p2|Jumpluff, L50, F|
|poke|p2|Ursaluna, L50, M|
|teampreview|4
|showteam|p1|Indeedee-F||MentalHerb|PsychicSurge|Psychic,FollowMe,Protect,HelpingHand|||F|||50|,,,,,Grass]Blastoise||WhiteHerb|RainDish|WaterSpout,Surf,Protect,ShellSmash|||F|||50|,,,,,Grass]Garchomp||ChoiceScarf|RoughSkin|DragonClaw,Earthquake,StompingTantrum,RockSlide|||F|||50|,,,,,Fire]Politoed||DampRock|Drizzle|PerishSong,Protect,IcyWind,WeatherBall|||F|||50|,,,,,Flying]Clefairy||Eviolite|FriendGuard|FollowMe,Protect,AfterYou,HealPulse|||F|||50|,,,,,Steel]Dragapult||ChoiceBand|Infiltrator|DragonDarts,Uturn,DragonClaw,PhantomForce|||M|||50|,,,,,Dragon
|showteam|p2|Charizard||ChoiceSpecs|SolarPower|HeatWave,Overheat,WeatherBall,DragonPulse|||M|||50|,,,,,Ghost]Torkoal||EjectPack|Drought|Eruption,Overheat,HelpingHand,Protect|||F|||50|,,,,,Fire]Porygon2||Eviolite|Download|TeraBlast,IceBeam,Recover,TrickRoom||||||50|,,,,,Fighting]Incineroar||SitrusBerry|Intimidate|FlareBlitz,KnockOff,FakeOut,PartingShot|||M|||50|,,,,,Ghost]Jumpluff||CovertCloak|Chlorophyll|SleepPowder,SunnyDay,RagePowder,Tailwind|||F|||50|,,,,,Water]Ursaluna||FlameOrb|Guts|HeadlongRush,Facade,Earthquake,Protect|||M|||50|,,,,,Ghost
|
|t:|1756499194
|teamsize|p1|4
|teamsize|p2|4
|start
|switch|p1a: Dragapult|Dragapult, L50, M|100/100
|switch|p1b: Indeedee|Indeedee-F, L50, F|100/100
|switch|p2a: Porygon2|Porygon2, L50, shiny|100/100
|switch|p2b: Incineroar|Incineroar, L50, M|100/100
|-ability|p2b: Incineroar|Intimidate|boost
|-unboost|p1a: Dragapult|atk|1
|-unboost|p1b: Indeedee|atk|1
|-fieldstart|move: Psychic Terrain|[from] ability: Psychic Surge|[of] p1b: Indeedee
|-ability|p2a: Porygon2|Download|boost
|-boost|p2a: Porygon2|atk|1
|turn|1
|inactive|Battle timer is ON: inactive players will automatically lose when time's up. (requested by MR. HEROW)
|
|t:|1756499222
|-terastallize|p1a: Dragapult|Dragon
|move|p1b: Indeedee|Helping Hand|p1a: Dragapult
|-singleturn|p1a: Dragapult|Helping Hand|[of] p1b: Indeedee
|move|p1a: Dragapult|Dragon Darts|p2a: Porygon2
|-damage|p2a: Porygon2|66/100
|-anim|p1a: Dragapult|Dragon Darts|p2b: Incineroar
|-damage|p2b: Incineroar|54/100
|move|p2b: Incineroar|Parting Shot|p1a: Dragapult
|-unboost|p1a: Dragapult|atk|1
|-unboost|p1a: Dragapult|spa|1
|
|t:|1756499233
|switch|p2b: Torkoal|Torkoal, L50, F|100/100|[from] Parting Shot
|-weather|SunnyDay|[from] ability: Drought|[of] p2b: Torkoal
|move|p2a: Porygon2|Trick Room|p2a: Porygon2
|-fieldstart|move: Trick Room|[of] p2a: Porygon2
|
|-weather|SunnyDay|[upkeep]
|upkeep
|turn|2
|
|t:|1756499242
|switch|p1a: Politoed|Politoed, L50, F|100/100
|-weather|RainDance|[from] ability: Drizzle|[of] p1a: Politoed
|-terastallize|p2b: Torkoal|Fire
|move|p1b: Indeedee|Protect|p1b: Indeedee
|-singleturn|p1b: Indeedee|Protect
|move|p2b: Torkoal|Eruption|p1b: Indeedee|[spread] p1a
|-activate|p1b: Indeedee|move: Protect
|-resisted|p1a: Politoed
|-damage|p1a: Politoed|90/100
|move|p2a: Porygon2|Ice Beam|p1a: Politoed
|-resisted|p1a: Politoed
|-damage|p1a: Politoed|81/100
|
|-weather|RainDance|[upkeep]
|upkeep
|turn|3
|inactive|Needels has 30 seconds left.
|
|t:|1756499272
|move|p2b: Torkoal|Overheat|p1b: Indeedee
|-damage|p1b: Indeedee|67/100
|-unboost|p2b: Torkoal|spa|2
|-enditem|p2b: Torkoal|Eject Pack
|
|t:|1756499287
|switch|p2b: Incineroar|Incineroar, L50, M|54/100
|-ability|p2b: Incineroar|Intimidate|boost
|-unboost|p1a: Politoed|atk|1
|-unboost|p1b: Indeedee|atk|1
|move|p2a: Porygon2|Tera Blast|p1a: Politoed
|-damage|p1a: Politoed|55/100
|move|p1a: Politoed|Weather Ball|p2b: Incineroar
|-supereffective|p2b: Incineroar
|-damage|p2b: Incineroar|0 fnt
|faint|p2b: Incineroar
|move|p1b: Indeedee|Psychic|p2a: Porygon2
|-damage|p2a: Porygon2|44/100
|
|-weather|RainDance|[upkeep]
|upkeep
|
|t:|1756499298
|switch|p2b: Torkoal|Torkoal, L50, F, tera:Fire|100/100
|-weather|SunnyDay|[from] ability: Drought|[of] p2b: Torkoal
|turn|4
|
|t:|1756499307
|switch|p1a: Blastoise|Blastoise, L50, F|100/100
|move|p1b: Indeedee|Protect|p1b: Indeedee
|-singleturn|p1b: Indeedee|Protect
|move|p2b: Torkoal|Eruption|p1a: Blastoise|[spread] p1a
|-activate|p1b: Indeedee|move: Protect
|-resisted|p1a: Blastoise
|-damage|p1a: Blastoise|56/100
|move|p2a: Porygon2|Ice Beam|p1a: Blastoise
|-resisted|p1a: Blastoise
|-crit|p1a: Blastoise
|-damage|p1a: Blastoise|37/100
|
|-weather|SunnyDay|[upkeep]
|upkeep
|turn|5
|inactive|MR. HEROW has 30 seconds left.
|
|t:|1756499339
|move|p2b: Torkoal|Helping Hand|p2a: Porygon2
|-singleturn|p2a: Porygon2|Helping Hand|[of] p2b: Torkoal
|move|p1a: Blastoise|Protect|p1a: Blastoise
|-singleturn|p1a: Blastoise|Protect
|move|p1b: Indeedee|Follow Me|p1b: Indeedee
|-singleturn|p1b: Indeedee|move: Follow Me
|move|p2a: Porygon2|Tera Blast|p1b: Indeedee
|-damage|p1b: Indeedee|19/100
|
|-weather|SunnyDay|[upkeep]
|-fieldend|move: Trick Room
|-fieldend|move: Psychic Terrain
|upkeep
|turn|6
|
|t:|1756499353
|switch|p1b: Politoed|Politoed, L50, F|55/100
|-weather|RainDance|[from] ability: Drizzle|[of] p1b: Politoed
|switch|p2b: Ursaluna|Ursaluna, L50, M|100/100
|move|p1a: Blastoise|Surf|p2b: Ursaluna|[spread] p1b,p2a,p2b
|-resisted|p1b: Politoed
|-supereffective|p2b: Ursaluna
|-damage|p1b: Politoed|40/100
|-damage|p2a: Porygon2|17/100
|-damage|p2b: Ursaluna|14/100
|move|p2a: Porygon2|Recover|p2a: Porygon2
|-heal|p2a: Porygon2|67/100
|
|-weather|RainDance|[upkeep]
|-heal|p1a: Blastoise|43/100|[from] ability: Rain Dish
|-status|p2b: Ursaluna|brn|[from] item: Flame Orb
|upkeep
|turn|7
|inactive|MR. HEROW has 30 seconds left.
|inactive|Needels has 30 seconds left.
|inactive|Needels has 20 seconds left.
|inactive|Needels has 15 seconds left.
|
|t:|1756499393
|move|p2b: Ursaluna|Protect|p2b: Ursaluna
|-singleturn|p2b: Ursaluna|Protect
|move|p1a: Blastoise|Water Spout|p2a: Porygon2|[spread] p2a
|-activate|p2b: Ursaluna|move: Protect
|-damage|p2a: Porygon2|49/100
|move|p1b: Politoed|Perish Song|p1b: Politoed
|-start|p1a: Blastoise|perish3|[silent]
|-start|p1b: Politoed|perish3|[silent]
|-start|p2a: Porygon2|perish3|[silent]
|-start|p2b: Ursaluna|perish3|[silent]
|-fieldactivate|move: Perish Song
|move|p2a: Porygon2|Tera Blast|p1b: Politoed
|-damage|p1b: Politoed|15/100
|
|-weather|RainDance|[upkeep]
|-heal|p1a: Blastoise|49/100|[from] ability: Rain Dish
|-damage|p2b: Ursaluna|9/100 brn|[from] brn
|-start|p1a: Blastoise|perish3
|-start|p1b: Politoed|perish3
|-start|p2b: Ursaluna|perish3
|-start|p2a: Porygon2|perish3
|upkeep
|turn|8
|inactive|Needels has 30 seconds left.
|
|t:|1756499422
|move|p1b: Politoed|Protect|p1b: Politoed
|-singleturn|p1b: Politoed|Protect
|move|p1a: Blastoise|Water Spout|p2b: Ursaluna|[spread] p2a,p2b
|-supereffective|p2b: Ursaluna
|-damage|p2a: Porygon2|26/100
|-damage|p2b: Ursaluna|0 fnt
|faint|p2b: Ursaluna
|move|p2a: Porygon2|Trick Room|p2a: Porygon2
|-fieldstart|move: Trick Room|[of] p2a: Porygon2
|
|-weather|RainDance|[upkeep]
|-heal|p1a: Blastoise|55/100|[from] ability: Rain Dish
|-start|p2a: Porygon2|perish2
|-start|p1b: Politoed|perish2
|-start|p1a: Blastoise|perish2
|upkeep
|
|t:|1756499428
|switch|p2b: Torkoal|Torkoal, L50, F, tera:Fire|100/100
|-weather|SunnyDay|[from] ability: Drought|[of] p2b: Torkoal
|turn|9
|
|t:|1756499442
|switch|p1b: Indeedee|Indeedee-F, L50, F|19/100
|-fieldstart|move: Psychic Terrain|[from] ability: Psychic Surge|[of] p1b: Indeedee
|move|p1a: Blastoise|Protect|p1a: Blastoise
|-singleturn|p1a: Blastoise|Protect
|move|p2b: Torkoal|Eruption|p1a: Blastoise|[spread] p1b
|-activate|p1a: Blastoise|move: Protect
|-damage|p1b: Indeedee|0 fnt
|faint|p1b: Indeedee
|move|p2a: Porygon2|Tera Blast|p1a: Blastoise
|-activate|p1a: Blastoise|move: Protect
|
|-weather|SunnyDay|[upkeep]
|-start|p2a: Porygon2|perish1
|-start|p1a: Blastoise|perish1
|upkeep
|
|t:|1756499457
|switch|p1b: Politoed|Politoed, L50, F|15/100
|-weather|RainDance|[from] ability: Drizzle|[of] p1b: Politoed
|turn|10
|
|t:|1756499477
|switch|p1a: Dragapult|Dragapult, L50, M, tera:Dragon|100/100
|move|p1b: Politoed|Protect|p1b: Politoed
|-singleturn|p1b: Politoed|Protect
|move|p2b: Torkoal|Eruption|p1b: Politoed|[spread] p1a
|-activate|p1b: Politoed|move: Protect
|-resisted|p1a: Dragapult
|-crit|p1a: Dragapult
|-damage|p1a: Dragapult|70/100
|move|p2a: Porygon2|Tera Blast|p1a: Dragapult
|-damage|p1a: Dragapult|22/100
|
|-weather|RainDance|[upkeep]
|-start|p2a: Porygon2|perish0
|faint|p2a: Porygon2
|upkeep
|turn|11
|inactive|MR. HEROW has 30 seconds left.
|inactive|MR. HEROW has 20 seconds left.
|inactive|MR. HEROW has 15 seconds left.
|inactive|MR. HEROW has 10 seconds left.
|
|t:|1756499525
|move|p1b: Politoed|Protect||[still]
|-fail|p1b: Politoed
|move|p2b: Torkoal|Eruption|p1b: Politoed|[spread] p1a,p1b
|-resisted|p1a: Dragapult
|-resisted|p1b: Politoed
|-damage|p1a: Dragapult|2/100
|-damage|p1b: Politoed|6/100
|move|p1a: Dragapult|Dragon Darts|p2b: Torkoal
|-damage|p2b: Torkoal|64/100
|-anim|p1a: Dragapult|Dragon Darts|p2b: Torkoal
|-damage|p2b: Torkoal|28/100
|
|-weather|RainDance|[upkeep]
|upkeep
|turn|12
|
|t:|1756499539
|move|p2b: Torkoal|Eruption|p1a: Dragapult|[spread] p1a,p1b
|-resisted|p1a: Dragapult
|-resisted|p1b: Politoed
|-damage|p1a: Dragapult|0 fnt
|-damage|p1b: Politoed|3/100
|faint|p1a: Dragapult
|move|p1b: Politoed|Weather Ball|p2b: Torkoal
|-supereffective|p2b: Torkoal
|-damage|p2b: Torkoal|0 fnt
|faint|p2b: Torkoal
|
|win|MR. HEROW
