|j|☆Yei_Lai
|j|☆Kotestplayer
|html|Yei_LaiKotestplayer    
|uhtml|bestof|Game 2 of a best-of-3
|t:|1786194333
|gametype|doubles
|player|p1|Yei_Lai|dawn|
|player|p2|Kotestplayer|266|
|gen|9
|tier|[Gen 9 Champions] VGC 2026 Reg M-B (Bo3)
|rule|Species Clause: Limit one of each Pokémon
|rule|Item Clause: Limit 1 of each item
|clearpoke
|poke|p1|Charizard, L50, M|
|poke|p1|Garchomp, L50, M|
|poke|p1|Whimsicott, L50, M|
|poke|p1|Basculegion, L50, M|
|poke|p1|Floette-Eternal, L50, F|
|poke|p1|Kingambit, L50, F|
|poke|p2|Whimsicott, L50, M|
|poke|p2|Garchomp, L50, M|
|poke|p2|Sylveon, L50, F|
|poke|p2|Gholdengo, L50|
|poke|p2|Gyarados, L50, F|
|poke|p2|Raichu, L50, M|
|teampreview|4
|showteam|p1|Charizard||CharizarditeY|Blaze|HeatWave,SolarBeam,WeatherBall,Protect|Modest||M|||50|]Garchomp||LifeOrb|RoughSkin|DragonClaw,StompingTantrum,RockSlide,Protect|Jolly||M|||50|]Whimsicott||FocusSash|Prankster|Moonblast,Tailwind,Encore,Protect|Timid||M|||50|]Basculegion||MysticWater|Adaptability|WaveCrash,AquaJet,Protect,LastRespects|Adamant||M|||50|]Floette-Eternal||Floettite|FlowerVeil|Moonblast,DazzlingGleam,LightofRuin,Protect|Timid||F|||50|]Kingambit||ChopleBerry|Defiant|KowtowCleave,LowKick,SuckerPunch,IronHead|Adamant||F|||50|
|showteam|p2|Whimsicott||FocusSash|Prankster|Moonblast,Tailwind,Encore,Protect|Timid||M|||50|]Garchomp||LifeOrb|RoughSkin|DragonClaw,StompingTantrum,RockSlide,Protect|Jolly||M|||50|]Sylveon||FairyFeather|Pixilate|HyperVoice,HyperBeam,QuickAttack,Detect|Modest||F|||50|]Gholdengo||SitrusBerry|GoodasGold|MakeItRain,ShadowBall,NastyPlot,Protect|Modest|||||50|]Gyarados||Gyaradosite|Intimidate|Waterfall,IceFang,LashOut,Protect|Adamant||F|||50|]Raichu||RaichuniteY|Static|FakeOut,ZapCannon,FocusBlast,Protect|Timid||M|||50|
|j| Jason0103
|j| 1pat_mud
|j| qaz8787
|j| AllySwitch24
|j| allen40103
|j| dd9261248
|c|☆Yei_Lai|我這邊OK了
|c|☆Kotestplayer|好了👌
|c|☆Yei_Lai|好的，請多多指教
|j| eight-clouds
|
|t:|1786194447
|teamsize|p1|4
|teamsize|p2|4
|start
|switch|p1a: Whimsicott|Whimsicott, L50, M|100/100
|switch|p1b: Basculegion|Basculegion, L50, M|100/100
|switch|p2a: Whimsicott|Whimsicott, L50, M|100/100
|switch|p2b: Raichu|Raichu, L50, M|100/100
|turn|1
|
|t:|1786194484
|switch|p1b: Garchomp|Garchomp, L50, M|100/100
|detailschange|p2b: Raichu|Raichu-Mega-Y, L50, M
|-mega|p2b: Raichu|Raichu|Raichunite Y
|move|p2a: Whimsicott|Tailwind|p2a: Whimsicott
|-sidestart|p2: Kotestplayer|move: Tailwind
|move|p2b: Raichu|Zap Cannon|p1a: Whimsicott
|-resisted|p1a: Whimsicott|1
|-damage|p1a: Whimsicott|40/100
|-status|p1a: Whimsicott|par
|move|p1a: Whimsicott|Moonblast|p2b: Raichu
|-damage|p2b: Raichu|50/100g
|
|upkeep
|turn|2
|
|t:|1786194511
|move|p1a: Whimsicott|Encore|p2a: Whimsicott
|-start|p2a: Whimsicott|Encore
|move|p2a: Whimsicott|Tailwind||[still]
|-fail|p2a: Whimsicott
|move|p2b: Raichu|Zap Cannon|p1a: Whimsicott
|-resisted|p1a: Whimsicott|1
|-damage|p1a: Whimsicott|0 fnt
|faint|p1a: Whimsicott
|move|p1b: Garchomp|Stomping Tantrum|p2b: Raichu
|-supereffective|p2b: Raichu|1
|-damage|p2b: Raichu|0 fnt
|faint|p2b: Raichu
|-damage|p1b: Garchomp|90/100|[from] item: Life Orb
|
|upkeep
|
|t:|1786194530
|switch|p2b: Garchomp|Garchomp, L50, M|100/100
|switch|p1a: Charizard|Charizard, L50, M|100/100
|turn|3
|
|t:|1786194577
|switch|p2a: Gyarados|Gyarados, L50, F|100/100
|-ability|p2a: Gyarados|Intimidate|boost
|-unboost|p1a: Charizard|atk|1
|-unboost|p1b: Garchomp|atk|1
|move|p1a: Charizard|Protect|p1a: Charizard
|-singleturn|p1a: Charizard|Protect
|move|p2b: Garchomp|Dragon Claw|p1b: Garchomp
|-supereffective|p1b: Garchomp|1
|-damage|p1b: Garchomp|0 fnt
|-damage|p2b: Garchomp|87/100|[from] ability: Rough Skin|[of] p1b: Garchomp
|faint|p1b: Garchomp
|-damage|p2b: Garchomp|78/100|[from] item: Life Orb
|
|upkeep
|
|t:|1786194586
|switch|p1b: Basculegion|Basculegion, L50, M|100/100
|turn|4
|
|t:|1786194600
|detailschange|p1a: Charizard|Charizard-Mega-Y, L50, M
|-mega|p1a: Charizard|Charizard|Charizardite Y
|-weather|SunnyDay|[from] ability: Drought|[of] p1a: Charizard
|move|p2b: Garchomp|Rock Slide|p1a: Charizard|[spread] p1a
|-miss|p2b: Garchomp|p1b: Basculegion
|-supereffective|p1a: Charizard|2
|-damage|p1a: Charizard|0 fnt
|faint|p1a: Charizard
|-damage|p2b: Garchomp|68/100|[from] item: Life Orb
|move|p2a: Gyarados|Lash Out|p1b: Basculegion
|-supereffective|p1b: Basculegion|1
|-damage|p1b: Basculegion|42/100
|move|p1b: Basculegion|Last Respects|p2b: Garchomp
|-damage|p2b: Garchomp|0 fnt
|faint|p2b: Garchomp
|
|-weather|SunnyDay|[upkeep]
|-sideend|p2: Kotestplayer|move: Tailwind
|upkeep
|
|t:|1786194619
|switch|p2b: Whimsicott|Whimsicott, L50, M|100/100
|turn|5
|
|t:|1786194625
|move|p2b: Whimsicott|Tailwind|p2b: Whimsicott
|-sidestart|p2: Kotestplayer|move: Tailwind
|move|p2a: Gyarados|Lash Out|p1b: Basculegion
|-supereffective|p1b: Basculegion|1
|-damage|p1b: Basculegion|0 fnt
|faint|p1b: Basculegion
|
|win|Kotestplayer
||Yei_Lai is ready for game 3.
|inactive|Kotestplayer has 30 seconds to confirm battle start!
||Kotestplayer is ready for game 3.
|uhtml|next|Next: Game 3 of 3
|l| eight-clouds
|l|☆Kotestplayer
|player|p2|
|j| YuWei1101
|l| Jason0103
|l| 1pat_mud
|l| AllySwitch24
|l| YuWei1101
|j| Hankk1995
|l| Hankk1995
|j| eight-clouds
|l| eight-clouds
|j| YuWei1101
|j| Hankk1995
