|j|☆poghhk
|j|☆lurkiyo
|html|poghhklurkiyo    
|uhtml|bestof|Game 1 of a best-of-3
|t:|1783292448
|gametype|doubles
|player|p1|poghhk|riley|
|player|p2|lurkiyo|169|
|gen|9
|tier|[Gen 9 Champions] VGC 2026 Reg M-B (Bo3)
|rule|Species Clause: Limit one of each Pokémon
|rule|Item Clause: Limit 1 of each item
|clearpoke
|poke|p1|Froslass, L50, F|
|poke|p1|Kommo-o, L50, M|
|poke|p1|Clefable, L50, F|
|poke|p1|Torterra, L50, M|
|poke|p1|Scizor, L50, F|
|poke|p1|Salazzle, L50, F|
|poke|p2|Pelipper, L50, F|
|poke|p2|Zoroark-Hisui, L50, F|
|poke|p2|Eelektross, L50, M|
|poke|p2|Toxapex, L50, M|
|poke|p2|Corviknight, L50, M|
|poke|p2|Archaludon, L50, M|
|teampreview|4
|showteam|p1|Froslass||Froslassite|SnowCloak|AuroraVeil,Blizzard,Protect,ShadowBall|Timid||F|||50|]Kommo-o||Leftovers|Soundproof|ClangorousSoul,AuraSphere,ClangingScales,Protect|Timid||M|||50|]Clefable||SitrusBerry|Unaware|Protect,Moonblast,FollowMe,Encore|Calm||F|||50|]Torterra||WhiteHerb|ShellArmor|Earthquake,Protect,RockSlide,HeadlongRush|Adamant||M|||50|]Scizor||FocusSash|Technician|BulletPunch,Uturn,BugBite,SwordsDance|Adamant||F|||50|]Salazzle||ExpertBelt|Corrosion|HeatWave,FlareBlitz,SludgeBomb,Protect|Hasty||F|||50|
|showteam|p2|Pelipper||SitrusBerry|Drizzle|Tailwind,Hurricane,WeatherBall,WideGuard|Modest||F|||50|]Zoroark-Hisui||ChoiceScarf|Illusion|BitterMalice,Protect,Taunt,Trick|Timid||F|||50|]Eelektross||Eelektrossite|Levitate|Protect,Thunder,GigaDrain,Flamethrower|Timid||M|||50|]Toxapex||Leftovers|Regenerator|BanefulBunker,Recover,ChillingWater,Haze|Bold||M|||50|]Corviknight||OccaBerry|MirrorArmor|Tailwind,Roost,IronDefense,BodyPress|Calm||M|||50|]Archaludon||ChopleBerry|Stamina|DragonPulse,ElectroShot,FlashCannon,Protect|Timid||M|||50|
|
|t:|1783292682
|teamsize|p1|4
|teamsize|p2|4
|start
|switch|p1a: Torterra|Torterra, L50, M|100/100
|switch|p1b: Clefable|Clefable, L50, F|100/100
|switch|p2a: Pelipper|Pelipper, L50, F|100/100
|switch|p2b: Archaludon|Archaludon, L50, M|100/100
|-weather|RainDance|[from] ability: Drizzle|[of] p2a: Pelipper
|turn|1
|
|t:|1783292717
|move|p1b: Clefable|Follow Me|p1b: Clefable
|-singleturn|p1b: Clefable|move: Follow Me
|move|p2b: Archaludon|Trick|p1b: Clefable
|-activate|p2b: Archaludon|move: Trick|[of] p1b: Clefable
|-item|p1b: Clefable|Choice Scarf|[from] move: Trick
|-item|p2b: Archaludon|Sitrus Berry|[from] move: Trick
|move|p2a: Pelipper|Tailwind|p2a: Pelipper
|-sidestart|p2: lurkiyo|move: Tailwind
|move|p1a: Torterra|Headlong Rush|p2b: Archaludon
|-damage|p2b: Archaludon|0 fnt
|-unboost|p1a: Torterra|def|1
|-unboost|p1a: Torterra|spd|1
|replace|p2b: Zoroark|Zoroark-Hisui, L50, F
|-end|p2b: Zoroark|Illusion
|faint|p2b: Zoroark
|-enditem|p1a: Torterra|White Herb
|-clearnegativeboost|p1a: Torterra|[silent]
|
|-weather|RainDance|[upkeep]
|upkeep
|
|t:|1783292747
|switch|p2b: Archaludon|Archaludon, L50, M|100/100
|turn|2
|
|t:|1783292809
|move|p2b: Archaludon|Protect|p2b: Archaludon
|-singleturn|p2b: Archaludon|Protect
|move|p1b: Clefable|Follow Me|p1b: Clefable
|-singleturn|p1b: Clefable|move: Follow Me
|move|p2a: Pelipper|Hurricane|p1b: Clefable
|-damage|p1b: Clefable|65/100
|move|p1a: Torterra|Headlong Rush|p2b: Archaludon
|-activate|p2b: Archaludon|move: Protect
|
|-weather|RainDance|[upkeep]
|upkeep
|turn|3
|
|t:|1783292866
|move|p2a: Pelipper|Wide Guard|p2a: Pelipper
|-singleturn|p2a: Pelipper|Wide Guard
|move|p1b: Clefable|Follow Me|p1b: Clefable
|-singleturn|p1b: Clefable|move: Follow Me
|move|p2b: Archaludon|Flash Cannon|p1b: Clefable
|-supereffective|p1b: Clefable|1
|-damage|p1b: Clefable|15/100
|-unboost|p1b: Clefable|spd|1
|move|p1a: Torterra|Rock Slide|p2a: Pelipper|[spread] 
|-activate|p2a: Pelipper|move: Wide Guard
|-activate|p2b: Archaludon|move: Wide Guard
|
|-weather|RainDance|[upkeep]
|upkeep
|turn|4
|
|t:|1783293079
|move|p2b: Archaludon|Protect|p2b: Archaludon
|-singleturn|p2b: Archaludon|Protect
|move|p1b: Clefable|Follow Me|p1b: Clefable
|-singleturn|p1b: Clefable|move: Follow Me
|move|p2a: Pelipper|Hurricane|p1b: Clefable
|-damage|p1b: Clefable|0 fnt
|faint|p1b: Clefable
|move|p1a: Torterra|Headlong Rush|p2b: Archaludon
|-activate|p2b: Archaludon|move: Protect
|
|-weather|RainDance|[upkeep]
|-sideend|p2: lurkiyo|move: Tailwind
|upkeep
|
|t:|1783293093
|switch|p1b: Froslass|Froslass, L50, F|100/100
|turn|5
|
|t:|1783293145
|switch|p2a: Eelektross|Eelektross, L50, M|100/100
|move|p1b: Froslass|Protect|p1b: Froslass
|-singleturn|p1b: Froslass|Protect
|move|p2b: Archaludon|Flash Cannon|p1b: Froslass
|-activate|p1b: Froslass|move: Protect
|move|p1a: Torterra|Headlong Rush|p2b: Archaludon
|-supereffective|p2b: Archaludon|1
|-damage|p2b: Archaludon|0 fnt
|-unboost|p1a: Torterra|def|1
|-unboost|p1a: Torterra|spd|1
|faint|p2b: Archaludon
|
|-weather|none
|upkeep
|
|t:|1783293158
|switch|p2b: Pelipper|Pelipper, L50, F|100/100
|-weather|RainDance|[from] ability: Drizzle|[of] p2b: Pelipper
|turn|6
|j| cheesemanzs
|j| Lacks
|l| Lacks
|
|t:|1783293259
|detailschange|p1b: Froslass|Froslass-Mega, L50, F
|-mega|p1b: Froslass|Froslass|Froslassite
|-weather|Snowscape|[from] ability: Snow Warning|[of] p1b: Froslass
|detailschange|p2a: Eelektross|Eelektross-Mega, L50, M
|-mega|p2a: Eelektross|Eelektross|Eelektrossite
|move|p1b: Froslass|Aurora Veil|p1b: Froslass
|-sidestart|p1: poghhk|move: Aurora Veil
|move|p2a: Eelektross|Flamethrower|p1b: Froslass
|-supereffective|p1b: Froslass|1
|-damage|p1b: Froslass|42/100
|move|p2b: Pelipper|Tailwind|p2b: Pelipper
|-sidestart|p2: lurkiyo|move: Tailwind
|move|p1a: Torterra|Rock Slide|p2b: Pelipper|[spread] p2a,p2b
|-supereffective|p2b: Pelipper|1
|-damage|p2a: Eelektross|73/100
|-damage|p2b: Pelipper|60/100
|
|-weather|Snowscape|[upkeep]
|upkeep
|turn|7
|c| cheesemanzs|crazy torterra upscale happening rn
|
|t:|1783293317
|move|p2a: Eelektross|Flamethrower|p1a: Torterra
|-supereffective|p1a: Torterra|1
|-damage|p1a: Torterra|33/100
|-status|p1a: Torterra|brn
|move|p1b: Froslass|Shadow Ball|p2a: Eelektross
|-damage|p2a: Eelektross|24/100
|move|p2b: Pelipper|Weather Ball|p1a: Torterra
|-supereffective|p1a: Torterra|2
|-damage|p1a: Torterra|0 fnt
|faint|p1a: Torterra
|
|-weather|Snowscape|[upkeep]
|upkeep
|
|t:|1783293329
|switch|p1a: Kommo-o|Kommo-o, L50, M|100/100
|turn|8
|
|t:|1783293394
|move|p2a: Eelektross|Protect|p2a: Eelektross
|-singleturn|p2a: Eelektross|Protect
|move|p1b: Froslass|Protect|p1b: Froslass
|-singleturn|p1b: Froslass|Protect
|move|p2b: Pelipper|Weather Ball|p1a: Kommo-o
|-supereffective|p1a: Kommo-o|1
|-damage|p1a: Kommo-o|54/100
|move|p1a: Kommo-o|Clanging Scales|p2b: Pelipper|[spread] p2b
|-activate|p2a: Eelektross|move: Protect
|-damage|p2b: Pelipper|10/100
|-enditem|p2b: Pelipper|Sitrus Berry|[eat]
|-heal|p2b: Pelipper|34/100|[from] item: Sitrus Berry
|-unboost|p1a: Kommo-o|def|1
|
|-weather|Snowscape|[upkeep]
|-heal|p1a: Kommo-o|60/100|[from] item: Leftovers
|upkeep
|turn|9
|j| Pumpkinlord
|l| Pumpkinlord
|l| cheesemanzs
|j| cheesemanzs
|
|t:|1783293490
|move|p1a: Kommo-o|Protect|p1a: Kommo-o
|-singleturn|p1a: Kommo-o|Protect
|move|p2a: Eelektross|Flamethrower|p1b: Froslass
|-supereffective|p1b: Froslass|1
|-damage|p1b: Froslass|0 fnt
|faint|p1b: Froslass
|-ability|p2a: Eelektross|Eelevate|boost
|-boost|p2a: Eelektross|spa|1
|move|p2b: Pelipper|Weather Ball|p1a: Kommo-o
|-activate|p1a: Kommo-o|move: Protect
|
|-weather|Snowscape|[upkeep]
|-heal|p1a: Kommo-o|66/100|[from] item: Leftovers
|-sideend|p2: lurkiyo|move: Tailwind
|upkeep
|turn|10
|
|t:|1783293510
|move|p1a: Kommo-o|Clanging Scales|p2a: Eelektross|[spread] p2a,p2b
|-damage|p2a: Eelektross|0 fnt
|-damage|p2b: Pelipper|0 fnt
|faint|p2a: Eelektross
|faint|p2b: Pelipper
|
|win|poghhk
||lurkiyo is ready for game 2.
||poghhk is ready for game 2.
|uhtml|next|Next: Game 2 of 3
|l| cheesemanzs
|j| Lacks
|l|☆lurkiyo
|player|p2|
|j| cheesemanzs
