|j|☆searows
|j|☆lillyrosethedemon
|html|searowslillyrosethedemon    
|uhtml|bestof|Game 2 of a best-of-3
|t:|1757211470
|gametype|doubles
|player|p1|searows|miku-water|1158
|player|p2|lillyrosethedemon|parasollady|1211
|gen|9
|tier|[Gen 9] VGC 2025 Reg H (Bo3)
|rated|
|rule|Species Clause: Limit one of each Pokémon
|rule|Item Clause: Limit 1 of each item
|clearpoke
|poke|p1|Hydreigon, L50, M|
|poke|p1|Ursaluna, L50, F|
|poke|p1|Porygon2, L50|
|poke|p1|Incineroar, L50, F|
|poke|p1|Amoonguss, L50, M|
|poke|p1|Gholdengo, L50|
|poke|p2|Incineroar, L50, F|
|poke|p2|Ursaluna, L50, M|
|poke|p2|Kilowattrel, L50, F|
|poke|p2|Gholdengo, L50|
|poke|p2|Amoonguss, L50, M|
|poke|p2|Farigiraf, L50, F|
|teampreview|4
|showteam|p1|Hydreigon||SafetyGoggles|Levitate|DracoMeteor,Snarl,Tailwind,Protect|||M|||50|,,,,,Ghost]Ursaluna||FlameOrb|Guts|HeadlongRush,Facade,Earthquake,Protect|||F|||50|,,,,,Ghost]Porygon2||Eviolite|Download|TeraBlast,IceBeam,Recover,TrickRoom||||||50|,,,,,Fighting]Incineroar||SitrusBerry|Intimidate|PartingShot,FlareBlitz,KnockOff,FakeOut|||F|||50|,,,,,Ghost]Amoonguss||RockyHelmet|Regenerator|Spore,RagePowder,PollenPuff,Protect|||M|||50|,,,,,Water]Gholdengo||LifeOrb|GoodasGold|MakeItRain,ShadowBall,NastyPlot,Protect||||||50|,,,,,Water
|showteam|p2|Incineroar||SafetyGoggles|Intimidate|FakeOut,KnockOff,FlareBlitz,PartingShot|||F|||50|,,,,,Ghost]Ursaluna||FlameOrb|Guts|Facade,HeadlongRush,Earthquake,Protect|||M|||50|,,,,,Fairy]Kilowattrel||FocusSash|Competitive|Thunderbolt,AirSlash,Tailwind,Protect|||F|||50|,,,,,Ghost]Gholdengo||LifeOrb|GoodasGold|MakeItRain,ShadowBall,NastyPlot,Protect||||||50|,,,,,Flying]Amoonguss||SitrusBerry|Regenerator|Spore,RagePowder,SludgeBomb,Protect|||M|||50|,,,,,Water]Farigiraf||ThroatSpray|ArmorTail|HyperVoice,Psychic,Protect,TrickRoom|||F|||50|,,,,,Fairy
|
|t:|1757211505
|teamsize|p1|4
|teamsize|p2|4
|start
|switch|p1a: Incineroar|Incineroar, L50, F|100/100
|switch|p1b: Amoonguss|Amoonguss, L50, M|100/100
|switch|p2a: Big Bird|Kilowattrel, L50, F|100/100
|switch|p2b: Incineroar|Incineroar, L50, F|100/100
|-ability|p2b: Incineroar|Intimidate|boost
|-unboost|p1a: Incineroar|atk|1
|-unboost|p1b: Amoonguss|atk|1
|-ability|p1a: Incineroar|Intimidate|boost
|-unboost|p2a: Big Bird|atk|1
|-ability|p2a: Big Bird|Competitive|boost
|-boost|p2a: Big Bird|spa|2
|-unboost|p2b: Incineroar|atk|1
|turn|1
|
|t:|1757211538
|move|p2a: Big Bird|Protect|p2a: Big Bird
|-singleturn|p2a: Big Bird|Protect
|move|p2b: Incineroar|Flare Blitz|p1b: Amoonguss
|-supereffective|p1b: Amoonguss
|-damage|p1b: Amoonguss|53/100
|-damage|p2b: Incineroar|84/100|[from] item: Rocky Helmet|[of] p1b: Amoonguss
|-damage|p2b: Incineroar|67/100|[from] Recoil
|move|p1a: Incineroar|Knock Off|p2b: Incineroar
|-resisted|p2b: Incineroar
|-damage|p2b: Incineroar|55/100
|-enditem|p2b: Incineroar|Safety Goggles|[from] move: Knock Off|[of] p1a: Incineroar
|move|p1b: Amoonguss|Spore|p2b: Incineroar
|-status|p2b: Incineroar|slp|[from] move: Spore
|
|upkeep
|turn|2
|j| officerguppy
|
|t:|1757211567
|switch|p1b: Hydreigon|Hydreigon, L50, M|100/100
|move|p2a: Big Bird|Air Slash|p1b: Hydreigon
|-damage|p1b: Hydreigon|29/100
|cant|p2b: Incineroar|slp
|move|p1a: Incineroar|Knock Off|p2a: Big Bird
|-damage|p2a: Big Bird|52/100
|-enditem|p2a: Big Bird|Focus Sash|[from] move: Knock Off|[of] p1a: Incineroar
|
|upkeep
|turn|3
|l| officerguppy
|
|t:|1757211587
|move|p1b: Hydreigon|Protect|p1b: Hydreigon
|-singleturn|p1b: Hydreigon|Protect
|move|p2a: Big Bird|Air Slash|p1b: Hydreigon
|-activate|p1b: Hydreigon|move: Protect
|-curestatus|p2b: Incineroar|slp|[msg]
|move|p2b: Incineroar|Knock Off|p1a: Incineroar
|-resisted|p1a: Incineroar
|-damage|p1a: Incineroar|90/100
|-enditem|p1a: Incineroar|Sitrus Berry|[from] move: Knock Off|[of] p2b: Incineroar
|move|p1a: Incineroar|Parting Shot|p2b: Incineroar
|-unboost|p2b: Incineroar|atk|1
|-unboost|p2b: Incineroar|spa|1
|j| officerguppy
|
|t:|1757211633
|switch|p1a: Ursaluna|Ursaluna, L50, F|100/100|[from] Parting Shot
|
|-status|p1a: Ursaluna|brn|[from] item: Flame Orb
|upkeep
|turn|4
|j| Mackavxli
|
|t:|1757211655
|move|p2a: Big Bird|Air Slash|p1b: Hydreigon
|-damage|p1b: Hydreigon|0 fnt
|faint|p1b: Hydreigon
|move|p2b: Incineroar|Parting Shot|p1a: Ursaluna
|-unboost|p1a: Ursaluna|atk|1
|-unboost|p1a: Ursaluna|spa|1
|
|t:|1757211662
|switch|p2b: Mr Worldwide|Gholdengo, L50|100/100|[from] Parting Shot
|move|p1a: Ursaluna|Facade|p2a: Big Bird
|-damage|p2a: Big Bird|0 fnt
|faint|p2a: Big Bird
|
|-damage|p1a: Ursaluna|94/100 brn|[from] brn
|upkeep
|
|t:|1757211670
|switch|p2a: Dinko|Ursaluna, L50, M|100/100
|switch|p1b: Incineroar|Incineroar, L50, F|90/100
|-ability|p1b: Incineroar|Intimidate|boost
|-unboost|p2a: Dinko|atk|1
|-unboost|p2b: Mr Worldwide|atk|1
|turn|5
|
|t:|1757211757
|switch|p2a: Incineroar|Incineroar, L50, F|55/100
|-ability|p2a: Incineroar|Intimidate|boost
|-unboost|p1a: Ursaluna|atk|1
|-unboost|p1b: Incineroar|atk|1
|switch|p1a: Amoonguss|Amoonguss, L50, M|86/100
|move|p2b: Mr Worldwide|Protect|p2b: Mr Worldwide
|-singleturn|p2b: Mr Worldwide|Protect
|move|p1b: Incineroar|Knock Off|p2b: Mr Worldwide
|-activate|p2b: Mr Worldwide|move: Protect
|
|upkeep
|turn|6
|l|☆searows
|player|p1|
|j|☆searows
|player|p1|searows|miku-water|
|
|t:|1757211865
|-terastallize|p2b: Mr Worldwide|Flying
|move|p2a: Incineroar|Fake Out|p1a: Amoonguss
|-damage|p1a: Amoonguss|77/100
|-damage|p2a: Incineroar|38/100|[from] item: Rocky Helmet|[of] p1a: Amoonguss
|move|p2b: Mr Worldwide|Nasty Plot|p2b: Mr Worldwide
|-boost|p2b: Mr Worldwide|spa|2
|move|p1b: Incineroar|Knock Off|p2b: Mr Worldwide
|-damage|p2b: Mr Worldwide|72/100
|-enditem|p2b: Mr Worldwide|Life Orb|[from] move: Knock Off|[of] p1b: Incineroar
|cant|p1a: Amoonguss|flinch
|
|upkeep
|turn|7
|
|t:|1757211885
|-terastallize|p1a: Amoonguss|Water
|move|p2b: Mr Worldwide|Shadow Ball|p1a: Amoonguss
|-damage|p1a: Amoonguss|9/100
|move|p2a: Incineroar|Knock Off|p1a: Amoonguss
|-damage|p1a: Amoonguss|0 fnt
|-damage|p2a: Incineroar|22/100|[from] item: Rocky Helmet|[of] p1a: Amoonguss
|-enditem|p1a: Amoonguss|Rocky Helmet|[from] move: Knock Off|[of] p2a: Incineroar
|faint|p1a: Amoonguss
|move|p1b: Incineroar|Parting Shot|p2a: Incineroar
|-unboost|p2a: Incineroar|atk|1
|-unboost|p2a: Incineroar|spa|1
|
|t:|1757211892
|switch|p1b: Ursaluna|Ursaluna, L50, F|94/100 brn|[from] Parting Shot
|
|-damage|p1b: Ursaluna|88/100 brn|[from] brn
|upkeep
|
|t:|1757211893
|switch|p1a: Incineroar|Incineroar, L50, F|90/100
|-ability|p1a: Incineroar|Intimidate|boost
|-unboost|p2a: Incineroar|atk|1
|-unboost|p2b: Mr Worldwide|atk|1
|turn|8
|
|t:|1757211909
|move|p2b: Mr Worldwide|Protect|p2b: Mr Worldwide
|-singleturn|p2b: Mr Worldwide|Protect
|move|p1a: Incineroar|Fake Out|p2a: Incineroar
|-damage|p2a: Incineroar|9/100
|cant|p2a: Incineroar|flinch
|move|p1b: Ursaluna|Facade|p2a: Incineroar
|-damage|p2a: Incineroar|0 fnt
|faint|p2a: Incineroar
|
|-damage|p1b: Ursaluna|82/100 brn|[from] brn
|upkeep
|
|t:|1757211920
|switch|p2a: Dinko|Ursaluna, L50, M|100/100
|turn|9
|
|t:|1757211951
|move|p1b: Ursaluna|Protect|p1b: Ursaluna
|-singleturn|p1b: Ursaluna|Protect
|move|p2b: Mr Worldwide|Make It Rain|p1b: Ursaluna|[spread] p1a
|-activate|p1b: Ursaluna|move: Protect
|-resisted|p1a: Incineroar
|-damage|p1a: Incineroar|57/100
|-unboost|p2b: Mr Worldwide|spa|1
|move|p2a: Dinko|Earthquake|p1b: Ursaluna|[spread] p1a
|-activate|p1b: Ursaluna|move: Protect
|-immune|p2b: Mr Worldwide
|-supereffective|p1a: Incineroar
|-damage|p1a: Incineroar|0 fnt
|faint|p1a: Incineroar
|
|-damage|p1b: Ursaluna|76/100 brn|[from] brn
|-status|p2a: Dinko|brn|[from] item: Flame Orb
|upkeep
|turn|10
|-message|searows forfeited.
|
|win|lillyrosethedemon
|raw|searows's rating: 1158 → 1137(-21 for losing)
|raw|lillyrosethedemon's rating: 1211 → 1232(+21 for winning)
|l| Mackavxli
