|j|☆buf01 NoSoyWekj
|j|☆HumiOficial
|html|buf01 NoSoyWekjHumiOficial    
|uhtml|bestof|Game 1 of a best-of-3
|t:|1756252760
|gametype|doubles
|player|p1|buf01 NoSoyWekj|striker|1127
|player|p2|HumiOficial|hilbert|1039
|gen|9
|tier|[Gen 9] VGC 2025 Reg H (Bo3)
|rated|
|rule|Species Clause: Limit one of each Pokémon
|rule|Item Clause: Limit 1 of each item
|clearpoke
|poke|p1|Sinistcha, L50|
|poke|p1|Ursaluna, L50, M|
|poke|p1|Dragonite, L50, M|
|poke|p1|Archaludon, L50, M|
|poke|p1|Pelipper, L50, F|
|poke|p1|Incineroar, L50, M|
|poke|p2|Gholdengo, L50|
|poke|p2|Dragonite, L50, F|
|poke|p2|Incineroar, L50, F|
|poke|p2|Rillaboom, L50, F|
|poke|p2|Annihilape, L50, F|
|poke|p2|Sneasler, L50, F|
|teampreview|4
|showteam|p1|Sinistcha||SitrusBerry|Hospitality|MatchaGotcha,RagePowder,LifeDew,TrickRoom||||||50|,,,,,Dark]Ursaluna||FlameOrb|Guts|Facade,HeadlongRush,Earthquake,Protect|||M|||50|,,,,,Ghost]Dragonite||LoadedDice|Multiscale|ScaleShot,Tailwind,Haze,Protect|||M|||50|,,,,,Fairy]Archaludon||AssaultVest|Stamina|ElectroShot,BodyPress,DracoMeteor,FlashCannon|||M|||50|,,,,,Bug]Pelipper||FocusSash|Drizzle|Protect,Tailwind,WeatherBall,Hurricane|||F|||50|,,,,,Ghost]Incineroar||SafetyGoggles|Intimidate|PartingShot,FakeOut,KnockOff,FlareBlitz|||M|||50|,,,,,Ghost
|showteam|p2|Gholdengo||LifeOrb|GoodasGold|MakeItRain,ShadowBall,Protect,NastyPlot||||||50|,,,,,Steel]Dragonite||LoadedDice|Multiscale|ScaleShot,Protect,Haze,ExtremeSpeed|||F|||50|,,,,,Fairy]Incineroar||SafetyGoggles|Intimidate|FakeOut,KnockOff,PartingShot,FlareBlitz|||F|||50|,,,,,Ghost]Rillaboom||AssaultVest|GrassySurge|GrassyGlide,FakeOut,WoodHammer,HighHorsepower|||F|||50|,,,,,Fire]Annihilape||SitrusBerry|Defiant|RageFist,CloseCombat,FinalGambit,Protect|||F|||50|,,,,,Fire]Sneasler||FocusSash|Unburden|CloseCombat,DireClaw,Protect,ThroatChop|||F|||50|,,,,,Dark
|inactive|Battle timer is ON: inactive players will automatically lose when time's up. (requested by buf01 NoSoyWekj)
|inactive|HumiOficial has 60 seconds left.
|
|t:|1756252814
|teamsize|p1|4
|teamsize|p2|4
|start
|switch|p1a: Pelipper|Pelipper, L50, F|100/100
|switch|p1b: Dragonite|Dragonite, L50, M, shiny|100/100
|switch|p2a: Annihilape|Annihilape, L50, F|100/100
|switch|p2b: Incineroar|Incineroar, L50, F|100/100
|-weather|RainDance|[from] ability: Drizzle|[of] p1a: Pelipper
|-ability|p2b: Incineroar|Intimidate|boost
|-unboost|p1a: Pelipper|atk|1
|-unboost|p1b: Dragonite|atk|1
|turn|1
|inactive|HumiOficial has 30 seconds left.
|
|t:|1756252841
|switch|p2a: Rillaboom|Rillaboom, L50, F|100/100
|-fieldstart|move: Grassy Terrain|[from] ability: Grassy Surge|[of] p2a: Rillaboom
|switch|p1b: Sinistcha|Sinistcha, L50, shiny|100/100
|move|p1a: Pelipper|Protect|p1a: Pelipper
|-singleturn|p1a: Pelipper|Protect
|move|p2b: Incineroar|Parting Shot|p1b: Sinistcha
|-unboost|p1b: Sinistcha|atk|1
|-unboost|p1b: Sinistcha|spa|1
|inactive|HumiOficial has 30 seconds left.
|
|t:|1756252870
|switch|p2b: Dragonite|Dragonite, L50, F|100/100|[from] Parting Shot
|
|-weather|RainDance|[upkeep]
|upkeep
|turn|2
|inactive|HumiOficial has 30 seconds left.
|
|t:|1756252898
|-terastallize|p1a: Pelipper|Ghost
|move|p2b: Dragonite|Scale Shot|p1b: Sinistcha
|-damage|p1b: Sinistcha|85/100
|-damage|p1b: Sinistcha|70/100
|-damage|p1b: Sinistcha|57/100
|-damage|p1b: Sinistcha|43/100
|-enditem|p1b: Sinistcha|Sitrus Berry|[eat]
|-heal|p1b: Sinistcha|67/100|[from] item: Sitrus Berry
|-hitcount|p1b: Sinistcha|4
|-unboost|p2b: Dragonite|def|1
|-boost|p2b: Dragonite|spe|1
|move|p1a: Pelipper|Hurricane|p2a: Rillaboom
|-supereffective|p2a: Rillaboom
|-damage|p2a: Rillaboom|42/100
|move|p2a: Rillaboom|Wood Hammer|p1a: Pelipper
|-damage|p1a: Pelipper|1/100
|-damage|p2a: Rillaboom|20/100|[from] Recoil
|move|p1b: Sinistcha|Trick Room|p1b: Sinistcha
|-fieldstart|move: Trick Room|[of] p1b: Sinistcha
|
|-weather|RainDance|[upkeep]
|-heal|p1b: Sinistcha|74/100|[from] Grassy Terrain
|-heal|p2a: Rillaboom|26/100|[from] Grassy Terrain
|-heal|p1a: Pelipper|7/100|[from] Grassy Terrain
|upkeep
|turn|3
|inactive|buf01 NoSoyWekj has 30 seconds left.
|inactive|HumiOficial has 30 seconds left.
|inactive|HumiOficial has 20 seconds left.
|inactive|HumiOficial has 15 seconds left.
|inactive|HumiOficial has 10 seconds left.
|inactive|HumiOficial has 5 seconds left.
|
|t:|1756252949
|switch|p2a: Incineroar|Incineroar, L50, F|100/100
|-ability|p2a: Incineroar|Intimidate|boost
|-unboost|p1a: Pelipper|atk|1
|-unboost|p1b: Sinistcha|atk|1
|switch|p1a: Archaludon|Archaludon, L50, M|100/100
|move|p2b: Dragonite|Extreme Speed|p1a: Archaludon
|-resisted|p1a: Archaludon
|-damage|p1a: Archaludon|88/100
|-ability|p1a: Archaludon|Stamina|boost
|-boost|p1a: Archaludon|def|1
|move|p1b: Sinistcha|Matcha Gotcha|p2b: Dragonite|[spread] p2a,p2b
|-resisted|p2a: Incineroar
|-resisted|p2b: Dragonite
|-damage|p2a: Incineroar|93/100
|-heal|p1b: Sinistcha|78/100|[from] drain|[of] p2a: Incineroar
|-damage|p2b: Dragonite|98/100
|-heal|p1b: Sinistcha|79/100|[from] drain|[of] p2b: Dragonite
|
|-weather|RainDance|[upkeep]
|-heal|p2a: Incineroar|99/100|[from] Grassy Terrain
|-heal|p1b: Sinistcha|85/100|[from] Grassy Terrain
|-heal|p1a: Archaludon|94/100|[from] Grassy Terrain
|upkeep
|turn|4
|inactive|HumiOficial has 30 seconds left.
|
|t:|1756252983
|switch|p1b: Pelipper|Pelipper, L50, F, tera:Ghost|7/100
|move|p2a: Incineroar|Fake Out|p1a: Archaludon
|-resisted|p1a: Archaludon
|-damage|p1a: Archaludon|92/100
|-ability|p1a: Archaludon|Stamina|boost
|-boost|p1a: Archaludon|def|1
|cant|p1a: Archaludon|flinch
|move|p2b: Dragonite|Scale Shot|p1a: Archaludon
|-damage|p1a: Archaludon|85/100
|-ability|p1a: Archaludon|Stamina|boost
|-boost|p1a: Archaludon|def|1
|-damage|p1a: Archaludon|81/100
|-ability|p1a: Archaludon|Stamina|boost
|-boost|p1a: Archaludon|def|1
|-damage|p1a: Archaludon|77/100
|-ability|p1a: Archaludon|Stamina|boost
|-boost|p1a: Archaludon|def|1
|-damage|p1a: Archaludon|73/100
|-ability|p1a: Archaludon|Stamina|boost
|-boost|p1a: Archaludon|def|1
|-hitcount|p1a: Archaludon|4
|-unboost|p2b: Dragonite|def|1
|-boost|p2b: Dragonite|spe|1
|
|-weather|RainDance|[upkeep]
|-heal|p2a: Incineroar|100/100|[from] Grassy Terrain
|-heal|p1a: Archaludon|80/100|[from] Grassy Terrain
|-heal|p1b: Pelipper|13/100|[from] Grassy Terrain
|upkeep
|turn|5
|inactive|HumiOficial has 30 seconds left.
|inactive|HumiOficial has 20 seconds left.
|inactive|HumiOficial has 15 seconds left.
|
|t:|1756253027
|move|p2b: Dragonite|Extreme Speed|p1b: Pelipper
|-immune|p1b: Pelipper
|move|p2a: Incineroar|Flare Blitz|p1a: Archaludon
|-damage|p1a: Archaludon|76/100
|-damage|p2a: Incineroar|99/100|[from] Recoil
|move|p1a: Archaludon|Electro Shot||[still]
|-prepare|p1a: Archaludon|Electro Shot
|-boost|p1a: Archaludon|spa|1
|-anim|p1a: Archaludon|Electro Shot|p2a: Incineroar
|-damage|p2a: Incineroar|51/100
|move|p1b: Pelipper|Weather Ball|p2a: Incineroar
|-supereffective|p2a: Incineroar
|-damage|p2a: Incineroar|0 fnt
|faint|p2a: Incineroar
|
|-weather|none
|-heal|p1a: Archaludon|82/100|[from] Grassy Terrain
|-heal|p1b: Pelipper|19/100|[from] Grassy Terrain
|-fieldend|move: Grassy Terrain
|upkeep
|inactive|HumiOficial has 30 seconds left.
|inactive|HumiOficial has 20 seconds left.
|
|t:|1756253063
|switch|p2a: Annihilape|Annihilape, L50, F|100/100
|turn|6
|inactive|HumiOficial has 30 seconds left.
|inactive|HumiOficial has 20 seconds left.
|
|t:|1756253098
|move|p1a: Archaludon|Draco Meteor|p2a: Annihilape
|-damage|p2a: Annihilape|19/100
|-unboost|p1a: Archaludon|spa|2
|-enditem|p2a: Annihilape|Sitrus Berry|[eat]
|-heal|p2a: Annihilape|44/100|[from] item: Sitrus Berry
|move|p1b: Pelipper|Tailwind|p1b: Pelipper
|-sidestart|p1: buf01 NoSoyWekj|move: Tailwind
|move|p2a: Annihilape|Final Gambit|p1a: Archaludon
|-damage|p1a: Archaludon|33/100
|faint|p2a: Annihilape
|move|p2b: Dragonite|Scale Shot|p1b: Pelipper
|-damage|p1b: Pelipper|0 fnt
|faint|p1b: Pelipper
|-hitcount|p1: Pelipper|1
|-unboost|p2b: Dragonite|def|1
|-boost|p2b: Dragonite|spe|1
|
|-fieldend|move: Trick Room
|upkeep
|inactive|HumiOficial has 30 seconds left.
|
|t:|1756253126
|switch|p2a: Rillaboom|Rillaboom, L50, F|26/100
|switch|p1b: Sinistcha|Sinistcha, L50, shiny|85/100
|-fieldstart|move: Grassy Terrain|[from] ability: Grassy Surge|[of] p2a: Rillaboom
|-heal|p1a: Archaludon|58/100|[from] ability: Hospitality|[of] p1b: Sinistcha
|turn|7
|inactive|HumiOficial has 30 seconds left.
|inactive|HumiOficial has 20 seconds left.
|inactive|HumiOficial has 15 seconds left.
|
|t:|1756253171
|move|p1b: Sinistcha|Rage Powder|p1b: Sinistcha
|-singleturn|p1b: Sinistcha|move: Rage Powder
|move|p2b: Dragonite|Scale Shot|p1b: Sinistcha
|-damage|p1b: Sinistcha|70/100
|-damage|p1b: Sinistcha|55/100
|-damage|p1b: Sinistcha|42/100
|-damage|p1b: Sinistcha|28/100
|-hitcount|p1b: Sinistcha|4
|-unboost|p2b: Dragonite|def|1
|-boost|p2b: Dragonite|spe|1
|move|p1a: Archaludon|Draco Meteor|p2b: Dragonite
|-supereffective|p2b: Dragonite
|-damage|p2b: Dragonite|5/100
|-unboost|p1a: Archaludon|spa|2
|move|p2a: Rillaboom|Wood Hammer|p1a: Archaludon
|-resisted|p1a: Archaludon
|-damage|p1a: Archaludon|55/100
|-damage|p2a: Rillaboom|25/100|[from] Recoil
|
|-heal|p1a: Archaludon|61/100|[from] Grassy Terrain
|-heal|p1b: Sinistcha|34/100|[from] Grassy Terrain
|-heal|p2a: Rillaboom|30/100|[from] Grassy Terrain
|upkeep
|turn|8
|inactive|buf01 NoSoyWekj has 30 seconds left.
|inactive|buf01 NoSoyWekj has 20 seconds left.
|
|t:|1756253209
|move|p1b: Sinistcha|Rage Powder|p1b: Sinistcha
|-singleturn|p1b: Sinistcha|move: Rage Powder
|move|p2b: Dragonite|Scale Shot|p1b: Sinistcha
|-damage|p1b: Sinistcha|19/100
|-damage|p1b: Sinistcha|5/100
|-damage|p1b: Sinistcha|0 fnt
|faint|p1b: Sinistcha
|-hitcount|p1: Sinistcha|3
|-unboost|p2b: Dragonite|def|1
|-boost|p2b: Dragonite|spe|1
|move|p1a: Archaludon|Body Press|p2a: Rillaboom
|-damage|p2a: Rillaboom|0 fnt
|faint|p2a: Rillaboom
|
|-heal|p1a: Archaludon|68/100|[from] Grassy Terrain
|upkeep
|
|t:|1756253213
|switch|p1b: Dragonite|Dragonite, L50, M, shiny|100/100
|turn|9
|inactive|HumiOficial has 30 seconds left.
|
|t:|1756253244
|move|p2b: Dragonite|Scale Shot|p1a: Archaludon
|-damage|p1a: Archaludon|65/100
|-damage|p1a: Archaludon|61/100
|-damage|p1a: Archaludon|58/100
|-damage|p1a: Archaludon|55/100
|-damage|p1a: Archaludon|52/100
|-hitcount|p1a: Archaludon|5
|-unboost|p2b: Dragonite|def|1
|-boost|p2b: Dragonite|spe|1
|move|p1b: Dragonite|Scale Shot|p2b: Dragonite
|-supereffective|p2b: Dragonite
|-damage|p2b: Dragonite|0 fnt
|faint|p2b: Dragonite
|-hitcount|p2: Dragonite|1
|
|win|buf01 NoSoyWekj
||buf01 NoSoyWekj is ready for game 2.
|inactive|HumiOficial has 30 seconds to confirm battle start!
||HumiOficial is ready for game 2.
|uhtml|next|Next: Game 2 of 3
