|j|☆daviron1
|j|‽valiantvalerie
|html|daviron1valiantvalerie    
|uhtml|bestof|Game 2 of a best-of-3
|t:|1782189579
|gametype|doubles
|player|p1|daviron1|channeler-gen3|
|player|p2|valiantvalerie|gwynn|
|gen|9
|tier|[Gen 9 Champions] VGC 2026 Reg M-B (Bo3)
|rule|Species Clause: Limit one of each Pokémon
|rule|Item Clause: Limit 1 of each item
|clearpoke
|poke|p1|Kingambit, L50, F|
|poke|p1|Whimsicott, L50, M|
|poke|p1|Basculegion, L50, M|
|poke|p1|Garchomp, L50, F|
|poke|p1|Charizard, L50, M|
|poke|p1|Floette-Eternal, L50, F|
|poke|p2|Froslass, L50, F|
|poke|p2|Gholdengo, L50|
|poke|p2|Lycanroc-Dusk, L50, M|
|poke|p2|Incineroar, L50, F|
|poke|p2|Garchomp, L50, M|
|poke|p2|Staraptor, L50, F|
|teampreview|4
|showteam|p1|Kingambit||BlackGlasses|Defiant|KowtowCleave,SuckerPunch,IronHead,Protect|Adamant||F|||50|]Whimsicott||FocusSash|Prankster|Moonblast,Tailwind,Encore,Protect|Timid||M|||50|]Basculegion||MysticWater|Adaptability|WaveCrash,LastRespects,AquaJet,Protect|Adamant||M|||50|]Garchomp||LifeOrb|RoughSkin|DragonClaw,RockSlide,Earthquake,Protect|Jolly||F|||50|]Charizard||CharizarditeY|Blaze|WeatherBall,HeatWave,SolarBeam,Protect|Modest||M|||50|]Floette-Eternal||Floettite|FlowerVeil|Moonblast,DazzlingGleam,LightofRuin,Protect|Modest||F|||50|
|showteam|p2|Froslass||Froslassite|SnowCloak|Blizzard,ShadowBall,AuroraVeil,Protect|Timid||F|||50|]Gholdengo||MetalCoat|GoodasGold|MakeItRain,ShadowBall,NastyPlot,Protect|Modest|||||50|]Lycanroc-Dusk||FocusSash|ToughClaws|RockSlide,Accelerock,CloseCombat,Protect|Adamant||M|||50|]Incineroar||PasshoBerry|Intimidate|FakeOut,FlareBlitz,ThroatChop,PartingShot|Careful||F|||50|]Garchomp||LifeOrb|RoughSkin|StompingTantrum,DragonClaw,RockSlide,Protect|Jolly||M|||50|]Staraptor||Staraptite|Intimidate|CloseCombat,BraveBird,Roost,Protect|Jolly||F|||50|
|inactive|Battle timer is ON: inactive players will automatically lose when time's up. (requested by daviron1)
|inactive|valiantvalerie also wants the timer to be on.
|inactive|daviron1 has 60 seconds left.
|
|t:|1782189614
|teamsize|p1|4
|teamsize|p2|4
|start
|switch|p1a: GrowingPains|Whimsicott, L50, M|100/100
|switch|p1b: DifferentWorld|Floette-Eternal, L50, F|100/100
|switch|p2a: Froslass|Froslass, L50, F|100/100
|switch|p2b: Incineroar|Incineroar, L50, F|100/100
|-ability|p2b: Incineroar|Intimidate|boost
|-block|p1a: GrowingPains|ability: Flower Veil|[of] p1b: DifferentWorld
|-unboost|p1b: DifferentWorld|atk|1
|turn|1
|
|t:|1782189627
|detailschange|p2a: Froslass|Froslass-Mega, L50, F
|-mega|p2a: Froslass|Froslass|Froslassite
|-weather|Snowscape|[from] ability: Snow Warning|[of] p2a: Froslass
|detailschange|p1b: DifferentWorld|Floette-Mega, L50, F
|-mega|p1b: DifferentWorld|Floette|Floettite
|-ability|p1b: DifferentWorld|Fairy Aura
|move|p1a: GrowingPains|Protect|p1a: GrowingPains
|-singleturn|p1a: GrowingPains|Protect
|move|p2b: Incineroar|Fake Out|p1b: DifferentWorld
|-damage|p1b: DifferentWorld|87/100
|move|p2a: Froslass|Aurora Veil|p2a: Froslass
|-sidestart|p2: valiantvalerie|move: Aurora Veil
|cant|p1b: DifferentWorld|flinch
|
|-weather|Snowscape|[upkeep]
|upkeep
|turn|2
|
|t:|1782189644
|switch|p2a: Gholdengo|Gholdengo, L50|100/100
|move|p1a: GrowingPains|Encore|p2a: Gholdengo
|-immune|p2a: Gholdengo|[from] ability: Good as Gold
|move|p1b: DifferentWorld|Dazzling Gleam|p2a: Gholdengo|[spread] p2a,p2b
|-resisted|p2a: Gholdengo|1
|-damage|p2a: Gholdengo|81/100
|-damage|p2b: Incineroar|74/100
|move|p2b: Incineroar|Flare Blitz|p1a: GrowingPains
|-supereffective|p1a: GrowingPains|1
|-enditem|p1a: GrowingPains|Focus Sash
|-damage|p1a: GrowingPains|1/100
|-damage|p2b: Incineroar|51/100|[from] Recoil
|
|-weather|Snowscape|[upkeep]
|upkeep
|turn|3
|
|t:|1782189656
|move|p1b: DifferentWorld|Protect|p1b: DifferentWorld
|-singleturn|p1b: DifferentWorld|Protect
|move|p1a: GrowingPains|Tailwind|p1a: GrowingPains
|-sidestart|p1: daviron1|move: Tailwind
|move|p2a: Gholdengo|Nasty Plot|p2a: Gholdengo
|-boost|p2a: Gholdengo|spa|2
|move|p2b: Incineroar|Parting Shot|p1b: DifferentWorld
|-activate|p1b: DifferentWorld|move: Protect
|
|-weather|Snowscape|[upkeep]
|upkeep
|turn|4
|
|t:|1782189671
|switch|p1a: FactsOfLife|Basculegion, L50, M|100/100
|move|p1b: DifferentWorld|Light of Ruin|p2b: Incineroar|[miss]
|-miss|p1b: DifferentWorld|p2b: Incineroar
|move|p2a: Gholdengo|Make It Rain|p1a: FactsOfLife|[spread] p1a,p1b
|-resisted|p1a: FactsOfLife|1
|-supereffective|p1b: DifferentWorld|1
|-damage|p1a: FactsOfLife|38/100
|-damage|p1b: DifferentWorld|0 fnt
|-unboost|p2a: Gholdengo|spa|2
|faint|p1b: DifferentWorld
|move|p2b: Incineroar|Parting Shot|p1a: FactsOfLife
|-unboost|p1a: FactsOfLife|atk|1
|-unboost|p1a: FactsOfLife|spa|1
|c|☆daviron1|cooked
|
|t:|1782189681
|switch|p2b: Lycanroc|Lycanroc-Dusk, L50, M|100/100|[from] Parting Shot
|
|-weather|Snowscape|[upkeep]
|upkeep
|
|t:|1782189684
|switch|p1b: StillStanding|Garchomp, L50, F|100/100
|turn|5
|
|t:|1782189711
|switch|p2a: Incineroar|Incineroar, L50, F|51/100
|-ability|p2a: Incineroar|Intimidate|boost
|-unboost|p1a: FactsOfLife|atk|1
|-unboost|p1b: StillStanding|atk|1
|move|p1a: FactsOfLife|Protect|p1a: FactsOfLife
|-singleturn|p1a: FactsOfLife|Protect
|move|p2b: Lycanroc|Protect|p2b: Lycanroc
|-singleturn|p2b: Lycanroc|Protect
|move|p1b: StillStanding|Earthquake|p2b: Lycanroc|[spread] p2a
|-activate|p1a: FactsOfLife|move: Protect
|-activate|p2b: Lycanroc|move: Protect
|-supereffective|p2a: Incineroar|1
|-damage|p2a: Incineroar|10/100
|-damage|p1b: StillStanding|90/100|[from] item: Life Orb
|
|-weather|none
|-sideend|p2: valiantvalerie|move: Aurora Veil
|upkeep
|turn|6
|inactive|valiantvalerie has 30 seconds left.
|inactive|daviron1 has 30 seconds left.
|
|t:|1782189752
|move|p2a: Incineroar|Fake Out|p1b: StillStanding
|-damage|p1b: StillStanding|80/100
|-damage|p2a: Incineroar|0 fnt|[from] ability: Rough Skin|[of] p1b: StillStanding
|faint|p2a: Incineroar
|move|p1a: FactsOfLife|Aqua Jet|p2b: Lycanroc
|-supereffective|p2b: Lycanroc|1
|-crit|p2b: Lycanroc
|-enditem|p2b: Lycanroc|Focus Sash
|-damage|p2b: Lycanroc|1/100
|move|p2b: Lycanroc|Accelerock|p1a: FactsOfLife
|-damage|p1a: FactsOfLife|6/100
|cant|p1b: StillStanding|flinch
|
|-sideend|p1: daviron1|move: Tailwind
|upkeep
|
|t:|1782189762
|switch|p2a: Froslass|Froslass-Mega, L50, F|100/100
|-weather|Snowscape|[from] ability: Snow Warning|[of] p2a: Froslass
|turn|7
|
|t:|1782189777
|move|p1b: StillStanding|Protect|p1b: StillStanding
|-singleturn|p1b: StillStanding|Protect
|move|p2b: Lycanroc|Accelerock|p1a: FactsOfLife
|-damage|p1a: FactsOfLife|0 fnt
|faint|p1a: FactsOfLife
|move|p2a: Froslass|Blizzard|p1b: StillStanding
|-activate|p1b: StillStanding|move: Protect
|
|-weather|Snowscape|[upkeep]
|upkeep
|
|t:|1782189778
|switch|p1a: GrowingPains|Whimsicott, L50, M|1/100
|turn|8
|
|t:|1782189788
|move|p1a: GrowingPains|Tailwind|p1a: GrowingPains
|-sidestart|p1: daviron1|move: Tailwind
|move|p2b: Lycanroc|Accelerock|p1a: GrowingPains
|-damage|p1a: GrowingPains|0 fnt
|faint|p1a: GrowingPains
|move|p1b: StillStanding|Rock Slide|p2b: Lycanroc|[spread] p2a,p2b
|-supereffective|p2a: Froslass|1
|-damage|p2a: Froslass|71/100
|-damage|p2b: Lycanroc|0 fnt
|faint|p2b: Lycanroc
|-damage|p1b: StillStanding|71/100|[from] item: Life Orb
|move|p2a: Froslass|Blizzard|p1b: StillStanding
|-supereffective|p1b: StillStanding|2
|-damage|p1b: StillStanding|0 fnt
|faint|p1b: StillStanding
|
|win|valiantvalerie
|l|☆daviron1
|player|p1|
