|j|☆mikandoer
|j|☆Miss Elysia
|html|mikandoerMiss Elysia    
|uhtml|bestof|Game 1 of a best-of-3
|t:|1782546011
|gametype|doubles
|player|p1|mikandoer|266|1085
|player|p2|Miss Elysia|diantha|1000
|gen|9
|tier|[Gen 9 Champions] VGC 2026 Reg M-B (Bo3)
|rated|
|rule|Species Clause: Limit one of each Pokémon
|rule|Item Clause: Limit 1 of each item
|clearpoke
|poke|p1|Staraptor, L50, M|
|poke|p1|Whimsicott, L50, F|
|poke|p1|Garchomp, L50, F|
|poke|p1|Basculegion, L50, M|
|poke|p1|Kingambit, L50, M|
|poke|p1|Floette-Eternal, L50, F|
|poke|p2|Swampert, L50, M|
|poke|p2|Archaludon, L50, F|
|poke|p2|Klefki, L50, F|
|poke|p2|Sinistcha, L50|
|poke|p2|Annihilape, L50, M|
|poke|p2|Maushold, L50|
|teampreview|4
|showteam|p1|Staraptor||Staraptite|Intimidate|CloseCombat,BraveBird,Protect,Roost|Adamant||M|||50|]Whimsicott||FocusSash|Prankster|Tickle,Moonblast,Tailwind,Encore|Modest||F|||50|]Garchomp||LifeOrb|RoughSkin|Earthquake,RockSlide,Protect,DragonClaw|Jolly||F|||50|]Basculegion||ChoiceScarf|Adaptability|WaveCrash,LastRespects,AquaJet,FlipTurn|Adamant||M|||50|]Kingambit||ChopleBerry|Defiant|IronHead,KowtowCleave,Protect,SuckerPunch|Adamant||M|||50|]Floette-Eternal||Floettite|FlowerVeil|LightofRuin,Moonblast,DazzlingGleam,Protect|Modest||F|||50|
|showteam|p2|Swampert||Swampertite|Damp|WaveCrash,HighHorsepower,IcePunch,Protect|Adamant||M|||50|]Archaludon||Leftovers|Stamina|DragonPulse,ElectroShot,FlashCannon,Protect|Modest||F|||50|]Klefki||OccaBerry|Prankster|RainDance,LightScreen,Reflect,FoulPlay|Bold||F|||50|]Sinistcha||KasibBerry|Hospitality|RagePowder,LifeDew,TrickRoom,MatchaGotcha|Relaxed|||||50|]Annihilape||SitrusBerry|Defiant|RageFist,DrainPunch,BulkUp,Protect|Adamant||M|||50|]Maushold||ChopleBerry|FriendGuard|BeatUp,FollowMe,SuperFang,Protect|Jolly|||||50|
|inactive|Battle timer is ON: inactive players will automatically lose when time's up. (requested by Miss Elysia)
|
|t:|1782546034
|teamsize|p1|4
|teamsize|p2|4
|start
|switch|p1a: Staraptor|Staraptor, L50, M|100/100
|switch|p1b: Whimsicott|Whimsicott, L50, F|100/100
|switch|p2a: Swampert|Swampert, L50, M|100/100
|switch|p2b: Klefki|Klefki, L50, F|100/100
|-ability|p1a: Staraptor|Intimidate|boost
|-unboost|p2a: Swampert|atk|1
|-unboost|p2b: Klefki|atk|1
|turn|1
|inactive|mikandoer has 30 seconds left.
|inactive|Miss Elysia has 30 seconds left.
|
|t:|1782546061
|detailschange|p1a: Staraptor|Staraptor-Mega, L50, M
|-mega|p1a: Staraptor|Staraptor|Staraptite
|detailschange|p2a: Swampert|Swampert-Mega, L50, M
|-mega|p2a: Swampert|Swampert|Swampertite
|move|p1b: Whimsicott|Tickle|p1a: Staraptor
|-boost|p1a: Staraptor|atk|1
|-boost|p1a: Staraptor|def|1
|move|p2b: Klefki|Reflect|p2b: Klefki
|-sidestart|p2: Miss Elysia|Reflect
|move|p1a: Staraptor|Close Combat|p2b: Klefki
|-damage|p2b: Klefki|43/100
|-boost|p1a: Staraptor|def|1
|-boost|p1a: Staraptor|spd|1
|move|p2a: Swampert|Ice Punch|p1a: Staraptor
|-supereffective|p1a: Staraptor|1
|-damage|p1a: Staraptor|79/100
|
|upkeep
|turn|2
|inactive|mikandoer has 30 seconds left.
|inactive|Miss Elysia has 30 seconds left.
|inactive|Miss Elysia has 20 seconds left.
|inactive|Miss Elysia has 15 seconds left.
|inactive|Miss Elysia has 10 seconds left.
|inactive|Miss Elysia has 5 seconds left.
|
|t:|1782546112
|switch|p2b: Sinistcha|Sinistcha, L50|100/100
|move|p1b: Whimsicott|Tickle|p1a: Staraptor
|-boost|p1a: Staraptor|atk|1
|-boost|p1a: Staraptor|def|1
|move|p1a: Staraptor|Close Combat|p2b: Sinistcha
|-immune|p2b: Sinistcha
|move|p2a: Swampert|Ice Punch|p1a: Staraptor
|-supereffective|p1a: Staraptor|1
|-damage|p1a: Staraptor|61/100
|
|upkeep
|turn|3
|
|t:|1782546133
|move|p1b: Whimsicott|Moonblast|p2b: Sinistcha
|-damage|p2b: Sinistcha|62/100
|-unboost|p2b: Sinistcha|spa|1
|move|p1a: Staraptor|Close Combat|p2a: Swampert
|-damage|p2a: Swampert|19/100
|-boost|p1a: Staraptor|def|1
|-boost|p1a: Staraptor|spd|1
|move|p2a: Swampert|Ice Punch|p1a: Staraptor
|-supereffective|p1a: Staraptor|1
|-damage|p1a: Staraptor|47/100
|move|p2b: Sinistcha|Trick Room|p2b: Sinistcha
|-fieldstart|move: Trick Room|[of] p2b: Sinistcha
|
|upkeep
|turn|4
|inactive|Miss Elysia has 30 seconds left.
|
|t:|1782546166
|switch|p2a: Maushold|Maushold, L50|100/100
|move|p2b: Sinistcha|Life Dew||[still]|[spread] p2a,p2b
|-fail|p2a: Maushold|heal
|-heal|p2b: Sinistcha|87/100
|move|p1a: Staraptor|Roost|p1a: Staraptor
|-heal|p1a: Staraptor|97/100
|-singleturn|p1a: Staraptor|move: Roost
|move|p1b: Whimsicott|Moonblast|p2a: Maushold
|-damage|p2a: Maushold|54/100
|
|upkeep
|turn|5
|inactive|mikandoer has 30 seconds left.
|
|t:|1782546192
|move|p2b: Sinistcha|Matcha Gotcha|p1b: Whimsicott|[spread] p1a,p1b
|-resisted|p1a: Staraptor|1
|-resisted|p1b: Whimsicott|1
|-damage|p1a: Staraptor|94/100
|-heal|p2b: Sinistcha|89/100|[from] drain|[of] p1a: Staraptor
|-damage|p1b: Whimsicott|86/100
|-heal|p2b: Sinistcha|94/100|[from] drain|[of] p1b: Whimsicott
|move|p1a: Staraptor|Close Combat|p2a: Maushold
|-supereffective|p2a: Maushold|1
|-enditem|p2a: Maushold|Chople Berry|[eat]
|-enditem|p2a: Maushold|Chople Berry|[weaken]
|-damage|p2a: Maushold|0 fnt
|-boost|p1a: Staraptor|def|1
|-boost|p1a: Staraptor|spd|1
|faint|p2a: Maushold
|move|p1b: Whimsicott|Moonblast|p2b: Sinistcha
|-damage|p2b: Sinistcha|56/100
|
|-sideend|p2: Miss Elysia|Reflect
|upkeep
|
|t:|1782546200
|switch|p2a: Swampert|Swampert-Mega, L50, M|19/100
|turn|6
|-message|Miss Elysia forfeited.
|
|win|mikandoer
