|j|☆espectrometria
|j|☆p1ch1pichi
|html|espectrometriap1ch1pichi    
|uhtml|bestof|Game 2 of a best-of-3
|t:|1784996652
|gametype|doubles
|player|p1|espectrometria|nate|1103
|player|p2|p1ch1pichi|n|1097
|gen|9
|tier|[Gen 9 Champions] VGC 2026 Reg M-B (Bo3)
|rated|
|rule|Species Clause: Limit one of each Pokémon
|rule|Item Clause: Limit 1 of each item
|clearpoke
|poke|p1|Milotic, L50, F|
|poke|p1|Sneasler, L50, F|
|poke|p1|Charizard, L50, F, shiny|
|poke|p1|Garchomp, L50, M|
|poke|p1|Venusaur, L50, M|
|poke|p1|Incineroar, L50, F|
|poke|p2|Blastoise, L50, M, shiny|
|poke|p2|Delphox, L50, M|
|poke|p2|Sneasler, L50, F|
|poke|p2|Incineroar, L50, M|
|poke|p2|Sinistcha, L50|
|poke|p2|Kingambit, L50, F|
|teampreview|4
|showteam|p1|Milotic||Leftovers|Competitive|IceBeam,Scald,Protect,Coil|Modest||F|||50|]Sneasler||SilkScarf|Pressure|CloseCombat,DireClaw,RockSlide,Protect|Naughty||F|||50|]Charizard||CharizarditeY|Blaze|Protect,HeatWave,AirSlash,SolarBeam|Rash||F|||50|]Garchomp||LifeOrb|RoughSkin|DragonClaw,Earthquake,Protect,RockSlide|Jolly||M|||50|]Venusaur||FocusSash|Chlorophyll|Protect,SludgeWave,SleepPowder,EnergyBall|Serious||M|||50|]Incineroar||SitrusBerry|Intimidate|FakeOut,PartingShot,DarkestLariat,FireBlast|Serious||F|||50|
|showteam|p2|Blastoise||Blastoisinite|RainDish|Protect,WaterSpout,DarkPulse,ShellSmash|Modest||M|||50|]Delphox||Delphoxite|Blaze|Protect,HeatWave,Psyshock,NastyPlot|Modest||M|||50|]Sneasler||FocusSash|PoisonTouch|QuickGuard,FakeOut,PoisonJab,CloseCombat|Jolly||F|||50|]Incineroar||SitrusBerry|Intimidate|PartingShot,FakeOut,FlareBlitz,HelpingHand|Careful||M|||50|]Sinistcha||KasibBerry|Hospitality|Protect,MatchaGotcha,RagePowder,TrickRoom|Bold|||||50|]Kingambit||BlackGlasses|Defiant|Protect,KowtowCleave,SuckerPunch,SwordsDance|Adamant||F|||50|
|inactive|Battle timer is ON: inactive players will automatically lose when time's up. (requested by p1ch1pichi)
|
|t:|1784996677
|teamsize|p1|4
|teamsize|p2|4
|start
|switch|p1a: Charizard|Charizard, L50, F, shiny|100/100
|switch|p1b: Venusaur|Venusaur, L50, M|100/100
|switch|p2a: Sneasler|Sneasler, L50, F|100/100
|switch|p2b: Blastoise|Blastoise, L50, M, shiny|100/100
|turn|1
|
|t:|1784996694
|switch|p2b: Sinistcha|Sinistcha, L50|100/100
|detailschange|p1a: Charizard|Charizard-Mega-Y, L50, F, shiny
|-mega|p1a: Charizard|Charizard|Charizardite Y
|-weather|SunnyDay|[from] ability: Drought|[of] p1a: Charizard
|move|p2a: Sneasler|Fake Out|p1b: Venusaur
|-damage|p1b: Venusaur|83/100
|cant|p1b: Venusaur|flinch
|move|p1a: Charizard|Solar Beam||[still]
|-prepare|p1a: Charizard|Solar Beam
|-anim|p1a: Charizard|Solar Beam|p2b: Sinistcha
|-resisted|p2b: Sinistcha|1
|-damage|p2b: Sinistcha|75/100
|
|-weather|SunnyDay|[upkeep]
|upkeep
|turn|2
|inactive|espectrometria has 30 seconds left.
|inactive|p1ch1pichi has 30 seconds left.
|inactive|espectrometria has 20 seconds left.
|inactive|espectrometria has 15 seconds left.
|inactive|espectrometria has 10 seconds left.
|
|t:|1784996744
|switch|p2b: Incineroar|Incineroar, L50, M|100/100
|-ability|p2b: Incineroar|Intimidate|boost
|-unboost|p1a: Charizard|atk|1
|-unboost|p1b: Venusaur|atk|1
|move|p1b: Venusaur|Sleep Powder|p2a: Sneasler
|-status|p2a: Sneasler|slp|[from] move: Sleep Powder
|cant|p2a: Sneasler|slp
|move|p1a: Charizard|Air Slash|p2a: Sneasler
|-supereffective|p2a: Sneasler|1
|-enditem|p2a: Sneasler|Focus Sash
|-damage|p2a: Sneasler|1/100 slp
|
|-weather|SunnyDay|[upkeep]
|upkeep
|turn|3
|
|t:|1784996761
|switch|p1a: Sneasler|Sneasler, L50, F|100/100
|-ability|p1a: Sneasler|Pressure
|move|p1b: Venusaur|Protect|p1b: Venusaur
|-singleturn|p1b: Venusaur|Protect
|cant|p2a: Sneasler|slp
|move|p2b: Incineroar|Flare Blitz|p1b: Venusaur
|-activate|p1b: Venusaur|move: Protect
|
|-weather|SunnyDay|[upkeep]
|upkeep
|turn|4
|inactive|espectrometria has 30 seconds left.
|
|t:|1784996794
|switch|p2a: Sinistcha|Sinistcha, L50|75/100
|move|p1b: Venusaur|Sleep Powder|p2b: Incineroar
|-status|p2b: Incineroar|slp|[from] move: Sleep Powder
|move|p1a: Sneasler|Rock Slide|p2a: Sinistcha|[spread] p2a,p2b
|-supereffective|p2b: Incineroar|1
|-damage|p2a: Sinistcha|60/100
|-damage|p2b: Incineroar|64/100 slp
|cant|p2b: Incineroar|slp
|
|-weather|SunnyDay|[upkeep]
|upkeep
|turn|5
|
|t:|1784996812
|switch|p1b: Garchomp|Garchomp, L50, M|100/100
|move|p1a: Sneasler|Dire Claw|p2a: Sinistcha
|-damage|p2a: Sinistcha|25/100
|-curestatus|p2b: Incineroar|slp|[msg]
|move|p2b: Incineroar|Flare Blitz|p1b: Garchomp
|-resisted|p1b: Garchomp|1
|-damage|p1b: Garchomp|65/100
|-damage|p2b: Incineroar|51/100|[from] ability: Rough Skin|[of] p1b: Garchomp
|-damage|p2b: Incineroar|41/100|[from] Recoil
|-enditem|p2b: Incineroar|Sitrus Berry|[eat]
|-heal|p2b: Incineroar|66/100|[from] item: Sitrus Berry
|move|p2a: Sinistcha|Trick Room|p2a: Sinistcha
|-fieldstart|move: Trick Room|[of] p2a: Sinistcha
|
|-weather|none
|upkeep
|turn|6
|inactive|espectrometria has 30 seconds left.
|inactive|p1ch1pichi has 30 seconds left.
|inactive|espectrometria has 20 seconds left.
|
|t:|1784996850
|switch|p2a: Sneasler|Sneasler, L50, F|1/100 slp
|move|p1b: Garchomp|Protect|p1b: Garchomp
|-singleturn|p1b: Garchomp|Protect
|move|p2b: Incineroar|Parting Shot|p1b: Garchomp
|-activate|p1b: Garchomp|move: Protect
|move|p1a: Sneasler|Rock Slide|p2b: Incineroar|[spread] p2a,p2b
|-resisted|p2a: Sneasler|1
|-supereffective|p2b: Incineroar|1
|-damage|p2a: Sneasler|0 fnt
|-damage|p2b: Incineroar|30/100
|faint|p2a: Sneasler
|
|upkeep
|
|t:|1784996864
|switch|p2a: Blastoise|Blastoise, L50, M, shiny|100/100
|turn|7
|
|t:|1784996881
|switch|p1b: Venusaur|Venusaur, L50, M|83/100
|detailschange|p2a: Blastoise|Blastoise-Mega, L50, M, shiny
|-mega|p2a: Blastoise|Blastoise|Blastoisinite
|move|p2b: Incineroar|Helping Hand|p2a: Blastoise
|-singleturn|p2a: Blastoise|Helping Hand|[of] p2b: Incineroar
|move|p1a: Sneasler|Protect|p1a: Sneasler
|-singleturn|p1a: Sneasler|Protect
|move|p2a: Blastoise|Water Spout|p1b: Venusaur|[spread] p1b
|-activate|p1a: Sneasler|move: Protect
|-resisted|p1b: Venusaur|1
|-damage|p1b: Venusaur|34/100
|
|upkeep
|turn|8
|inactive|espectrometria has 30 seconds left.
|inactive|espectrometria has 20 seconds left.
|inactive|espectrometria has 15 seconds left.
|
|t:|1784996924
|move|p1b: Venusaur|Protect|p1b: Venusaur
|-singleturn|p1b: Venusaur|Protect
|move|p2b: Incineroar|Flare Blitz|p1b: Venusaur
|-activate|p1b: Venusaur|move: Protect
|move|p2a: Blastoise|Shell Smash|p2a: Blastoise
|-unboost|p2a: Blastoise|def|1
|-unboost|p2a: Blastoise|spd|1
|-boost|p2a: Blastoise|atk|2
|-boost|p2a: Blastoise|spa|2
|-boost|p2a: Blastoise|spe|2
|move|p1a: Sneasler|Rock Slide|p2a: Blastoise|[spread] p2a,p2b
|-supereffective|p2b: Incineroar|1
|-damage|p2a: Blastoise|74/100
|-damage|p2b: Incineroar|0 fnt
|faint|p2b: Incineroar
|
|upkeep
|
|t:|1784996937
|switch|p2b: Sinistcha|Sinistcha, L50|25/100
|-heal|p2a: Blastoise|99/100|[from] ability: Hospitality|[of] p2b: Sinistcha
|turn|9
|
|t:|1784996952
|switch|p1b: Garchomp|Garchomp, L50, M|65/100
|move|p2b: Sinistcha|Protect|p2b: Sinistcha
|-singleturn|p2b: Sinistcha|Protect
|move|p1a: Sneasler|Protect|p1a: Sneasler
|-singleturn|p1a: Sneasler|Protect
|move|p2a: Blastoise|Protect||[still]
|-fail|p2a: Blastoise
|
|-fieldend|move: Trick Room
|upkeep
|turn|10
|
|t:|1784996968
|move|p2b: Sinistcha|Rage Powder|p2b: Sinistcha
|-singleturn|p2b: Sinistcha|move: Rage Powder
|move|p2a: Blastoise|Water Spout|p1a: Sneasler|[spread] p1a,p1b
|-damage|p1a: Sneasler|0 fnt
|-damage|p1b: Garchomp|0 fnt
|faint|p1a: Sneasler
|faint|p1b: Garchomp
|
|upkeep
|
|t:|1784996973
|switch|p1a: Charizard|Charizard-Mega-Y, L50, F, shiny|100/100
|switch|p1b: Venusaur|Venusaur, L50, M|34/100
|-weather|SunnyDay|[from] ability: Drought|[of] p1a: Charizard
|turn|11
|
|t:|1784996984
|move|p2b: Sinistcha|Rage Powder|p2b: Sinistcha
|-singleturn|p2b: Sinistcha|move: Rage Powder
|move|p2a: Blastoise|Water Spout|p1b: Venusaur|[spread] p1a,p1b
|-supereffective|p1a: Charizard|1
|-resisted|p1b: Venusaur|1
|-damage|p1a: Charizard|0 fnt
|-damage|p1b: Venusaur|3/100
|faint|p1a: Charizard
|move|p1b: Venusaur|Sleep Powder|p2a: Blastoise
|-status|p2a: Blastoise|slp|[from] move: Sleep Powder
|
|-weather|SunnyDay|[upkeep]
|upkeep
|turn|12
|
|t:|1784996998
|cant|p2a: Blastoise|slp
|move|p1b: Venusaur|Sludge Wave|p2b: Sinistcha|[spread] p2a,p2b
|-damage|p2a: Blastoise|54/100 slp
|-damage|p2b: Sinistcha|0 fnt
|faint|p2b: Sinistcha
|
|-weather|SunnyDay|[upkeep]
|upkeep
|turn|13
|
|t:|1784997008
|cant|p2a: Blastoise|slp
|move|p1b: Venusaur|Energy Ball|p2a: Blastoise
|-supereffective|p2a: Blastoise|1
|-damage|p2a: Blastoise|0 fnt
|faint|p2a: Blastoise
|
|win|espectrometria
||p1ch1pichi is ready for game 3.
||espectrometria is ready for game 3.
|uhtml|next|Next: Game 3 of 3
