|j|☆nicven
|j|☆Gozante
|html|nicvenGozante    
|uhtml|bestof|Game 2 of a best-of-3
|t:|1755916518
|gametype|doubles
|player|p1|nicven|2|1353
|player|p2|Gozante|266|1362
|gen|9
|tier|[Gen 9] VGC 2025 Reg H (Bo3)
|rated|
|rule|Species Clause: Limit one of each Pokémon
|rule|Item Clause: Limit 1 of each item
|clearpoke
|poke|p1|Dragonite, L50, M|
|poke|p1|Incineroar, L50, M|
|poke|p1|Amoonguss, L50, F|
|poke|p1|Porygon2, L50|
|poke|p1|Ursaluna, L50, M|
|poke|p1|Annihilape, L50, M|
|poke|p2|Gholdengo, L50|
|poke|p2|Incineroar, L50, M|
|poke|p2|Porygon2, L50|
|poke|p2|Ursaluna, L50, F|
|poke|p2|Amoonguss, L50, M|
|poke|p2|Hydreigon, L50, M|
|teampreview|4
|showteam|p1|Dragonite||LoadedDice|Multiscale|ScaleShot,ExtremeSpeed,Tailwind,Protect|||M|||50|,,,,,Steel]Incineroar||AssaultVest|Intimidate|FlareBlitz,KnockOff,FakeOut,Uturn|||M|||50|,,,,,Grass]Amoonguss||SitrusBerry|Regenerator|Spore,RagePowder,ClearSmog,PollenPuff|||F|||50|,,,,,Water]Porygon2||Eviolite|Download|TeraBlast,IceBeam,TrickRoom,Recover||||||50|,,,,,Fighting]Ursaluna||FlameOrb|Guts|Facade,Earthquake,HeadlongRush,Protect|||M|||50|,,,,,Ghost]Annihilape||FocusSash|Defiant|CloseCombat,RageFist,Coaching,Taunt|||M|||50|,,,,,Stellar
|showteam|p2|Gholdengo||MetalCoat|GoodasGold|MakeItRain,ShadowBall,NastyPlot,Protect||||||50|,,,,,Water]Incineroar||AssaultVest|Intimidate|FlareBlitz,KnockOff,Uturn,FakeOut|||M|||50|,,,,,Grass]Porygon2||Eviolite|Download|TeraBlast,IceBeam,Recover,TrickRoom||||||50|,,,,,Fighting]Ursaluna||FlameOrb|Guts|Facade,Earthquake,HeadlongRush,Protect|||F|||50|,,,,,Ghost]Amoonguss||SitrusBerry|Regenerator|PollenPuff,RagePowder,Spore,Protect|||M|||50|,,,,,Fairy]Hydreigon||SafetyGoggles|Levitate|Snarl,DracoMeteor,Protect,Tailwind|||M|||50|,,,,,Ghost
|
|t:|1755916598
|teamsize|p1|4
|teamsize|p2|4
|start
|switch|p1a: Annihilape|Annihilape, L50, M|100/100
|switch|p1b: Incineroar|Incineroar, L50, M|100/100
|switch|p2a: Hydreigon|Hydreigon, L50, M|100/100
|switch|p2b: Amoonguss|Amoonguss, L50, M|100/100
|-ability|p1b: Incineroar|Intimidate|boost
|-unboost|p2a: Hydreigon|atk|1
|-unboost|p2b: Amoonguss|atk|1
|turn|1
|
|t:|1755916634
|switch|p2b: Ursaluna|Ursaluna, L50, F|100/100
|move|p2a: Hydreigon|Tailwind|p2a: Hydreigon
|-sidestart|p2: Gozante|move: Tailwind
|move|p1a: Annihilape|Close Combat|p2a: Hydreigon
|-supereffective|p2a: Hydreigon
|-crit|p2a: Hydreigon
|-damage|p2a: Hydreigon|0 fnt
|-unboost|p1a: Annihilape|def|1
|-unboost|p1a: Annihilape|spd|1
|faint|p2a: Hydreigon
|move|p1b: Incineroar|Flare Blitz|p2b: Ursaluna
|-damage|p2b: Ursaluna|57/100
|-damage|p1b: Incineroar|85/100|[from] Recoil
|
|-status|p2b: Ursaluna|brn|[from] item: Flame Orb
|upkeep
|
|t:|1755916650
|switch|p2a: Incineroar|Incineroar, L50, M|100/100
|-ability|p2a: Incineroar|Intimidate|boost
|-unboost|p1a: Annihilape|atk|1
|-ability|p1a: Annihilape|Defiant|boost
|-boost|p1a: Annihilape|atk|2
|-unboost|p1b: Incineroar|atk|1
|turn|2
|
|t:|1755916719
|-terastallize|p2a: Incineroar|Grass
|-terastallize|p1b: Incineroar|Grass
|move|p2b: Ursaluna|Earthquake|p1a: Annihilape|[spread] p2a,p1a,p1b
|-resisted|p2a: Incineroar
|-resisted|p1b: Incineroar
|-damage|p2a: Incineroar|73/100
|-enditem|p1a: Annihilape|Focus Sash
|-damage|p1a: Annihilape|1/100
|-damage|p1b: Incineroar|52/100
|move|p2a: Incineroar|Knock Off|p1a: Annihilape
|-damage|p1a: Annihilape|0 fnt
|faint|p1a: Annihilape
|move|p1b: Incineroar|U-turn|p2a: Incineroar
|-supereffective|p2a: Incineroar
|-damage|p2a: Incineroar|47/100
|
|t:|1755916737
|switch|p1b: Ursaluna|Ursaluna, L50, M|100/100|[from] U-turn
|
|-damage|p2b: Ursaluna|51/100 brn|[from] brn
|-status|p1b: Ursaluna|brn|[from] item: Flame Orb
|upkeep
|
|t:|1755916747
|switch|p1a: Incineroar|Incineroar, L50, M, tera:Grass|52/100
|-ability|p1a: Incineroar|Intimidate|boost
|-unboost|p2a: Incineroar|atk|1
|-unboost|p2b: Ursaluna|atk|1
|turn|3
|
|t:|1755916757
|move|p2b: Ursaluna|Protect|p2b: Ursaluna
|-singleturn|p2b: Ursaluna|Protect
|move|p1a: Incineroar|Fake Out|p2b: Ursaluna
|-activate|p2b: Ursaluna|move: Protect
|move|p2a: Incineroar|Flare Blitz|p1a: Incineroar
|-supereffective|p1a: Incineroar
|-damage|p1a: Incineroar|0 fnt
|faint|p1a: Incineroar
|-damage|p2a: Incineroar|30/100|[from] Recoil
|move|p1b: Ursaluna|Facade|p2a: Incineroar
|-damage|p2a: Incineroar|0 fnt
|faint|p2a: Incineroar
|
|-damage|p2b: Ursaluna|45/100 brn|[from] brn
|-damage|p1b: Ursaluna|95/100 brn|[from] brn
|upkeep
|
|t:|1755916773
|switch|p1a: Porygon2|Porygon2, L50|100/100
|switch|p2a: Amoonguss|Amoonguss, L50, M|100/100
|-ability|p1a: Porygon2|Download|boost
|-boost|p1a: Porygon2|spa|1
|turn|4
|
|t:|1755916809
|move|p2b: Ursaluna|Facade|p1b: Ursaluna
|-damage|p1b: Ursaluna|30/100 brn
|move|p2a: Amoonguss|Spore|p1a: Porygon2
|-status|p1a: Porygon2|slp|[from] move: Spore
|move|p1b: Ursaluna|Facade|p2b: Ursaluna
|-crit|p2b: Ursaluna
|-damage|p2b: Ursaluna|0 fnt
|faint|p2b: Ursaluna
|cant|p1a: Porygon2|slp
|
|-damage|p1b: Ursaluna|24/100 brn|[from] brn
|-sideend|p2: Gozante|move: Tailwind
|upkeep
|turn|5
|c|☆nicven|gg
|-message|Gozante forfeited.
|
|win|nicven
|raw|nicven's rating: 1353 → 1374(+21 for winning)
|raw|Gozante's rating: 1362 → 1341(-21 for losing)
|l|☆Gozante
|player|p2|
