|j|☆saboyita
|j|‽KiraShaMek
|html|saboyitaKiraShaMek    
|uhtml|bestof|Game 1 of a best-of-3
|t:|1756336085
|gametype|doubles
|player|p1|saboyita|grimsley|1092
|player|p2|KiraShaMek|n|1040
|gen|9
|tier|[Gen 9] VGC 2025 Reg H (Bo3)
|rated|
|rule|Species Clause: Limit one of each Pokémon
|rule|Item Clause: Limit 1 of each item
|clearpoke
|poke|p1|Amoonguss, L50, F|
|poke|p1|Hydreigon, L50, M|
|poke|p1|Whimsicott, L50, F|
|poke|p1|Maushold-Four, L50|
|poke|p1|Annihilape, L50, M|
|poke|p1|Ursaluna-Bloodmoon, L50, M|
|poke|p2|Sneasler, L50, F|
|poke|p2|Indeedee, L50, M|
|poke|p2|Ursaluna-Bloodmoon, L50, M|
|poke|p2|Electabuzz, L50, M|
|poke|p2|Incineroar, L50, M|
|poke|p2|Talonflame, L50, M|
|teampreview|4
|showteam|p1|Amoonguss||MentalHerb|Regenerator|ClearSmog,Spore,RagePowder,Protect|||F|||50|,,,,,Water]Hydreigon||ChoiceSpecs|Levitate|Snarl,HeatWave,DarkPulse,DracoMeteor|||M|||50|,,,,,Ghost]Whimsicott||CovertCloak|Prankster|BeatUp,Encore,HelpingHand,Tailwind|||F|||50|,,,,,Dark]Maushold-Four||WideLens|Technician|PopulationBomb,Taunt,FollowMe,Protect||||||50|,,,,,Ghost]Annihilape||Leftovers|Defiant|RageFist,CloseCombat,FinalGambit,Protect|||M|||50|,,,,,Water]Ursaluna-Bloodmoon||LifeOrb|MindsEye|HyperVoice,EarthPower,BloodMoon,Protect|||M|||50|,,,,,Water
|showteam|p2|Sneasler||PsychicSeed|Unburden|CloseCombat,DireClaw,ThroatChop,Protect|||F|||50|,,,,,Dark]Indeedee||FocusSash|PsychicSurge|ExpandingForce,TrickRoom,HelpingHand,Protect|||M|||50|,,,,,Psychic]Ursaluna-Bloodmoon||LifeOrb|MindsEye|BloodMoon,HyperVoice,EarthPower,Protect|||M|||50|,,,,,Normal]Electabuzz||Eviolite|VitalSpirit|Electroweb,FollowMe,Taunt,Protect|||M|||50|,,,,,Dragon]Incineroar||SafetyGoggles|Intimidate|FlareBlitz,KnockOff,PartingShot,FakeOut|||M|||50|,,,,,Ghost]Talonflame||CovertCloak|GaleWings|FlareBlitz,DualWingbeat,WillOWisp,Tailwind|||M|||50|,,,,,Fairy
|inactive|Battle timer is ON: inactive players will automatically lose when time's up. (requested by saboyita)
|inactive|saboyita has 60 seconds left.
|inactive|KiraShaMek has 60 seconds left.
|inactive|saboyita has 30 seconds left.
|
|t:|1756336146
|teamsize|p1|4
|teamsize|p2|4
|start
|switch|p1a: Amoonguss|Amoonguss, L50, F|100/100
|switch|p1b: Hydreigon|Hydreigon, L50, M|100/100
|switch|p2a: Sneasler|Sneasler, L50, F|100/100
|switch|p2b: Indeedee|Indeedee, L50, M|100/100
|-fieldstart|move: Psychic Terrain|[from] ability: Psychic Surge|[of] p2b: Indeedee
|-enditem|p2a: Sneasler|Psychic Seed
|-boost|p2a: Sneasler|spd|1|[from] item: Psychic Seed
|turn|1
|inactive|saboyita has 30 seconds left.
|inactive|KiraShaMek has 30 seconds left.
|inactive|saboyita has 20 seconds left.
|inactive|KiraShaMek has 20 seconds left.
|inactive|saboyita has 15 seconds left.
|
|t:|1756336190
|switch|p1b: Whimsicott|Whimsicott, L50, F|100/100
|-terastallize|p2a: Sneasler|Dark
|-terastallize|p1a: Amoonguss|Water
|move|p2a: Sneasler|Throat Chop|p1b: Whimsicott
|-resisted|p1b: Whimsicott
|-damage|p1b: Whimsicott|75/100
|move|p2b: Indeedee|Expanding Force|p1b: Whimsicott|[spread] p1a,p1b
|-damage|p1a: Amoonguss|59/100
|-damage|p1b: Whimsicott|0 fnt
|faint|p1b: Whimsicott
|move|p1a: Amoonguss|Spore|p2b: Indeedee
|-status|p2b: Indeedee|slp|[from] move: Spore
|
|upkeep
|
|t:|1756336203
|switch|p1b: Maushold|Maushold-Four, L50|100/100
|turn|2
|inactive|KiraShaMek has 30 seconds left.
|
|t:|1756336231
|cant|p2b: Indeedee|slp
|move|p1a: Amoonguss|Rage Powder|p1a: Amoonguss
|-singleturn|p1a: Amoonguss|move: Rage Powder
|move|p2a: Sneasler|Close Combat|p1a: Amoonguss
|-damage|p1a: Amoonguss|0 fnt
|-unboost|p2a: Sneasler|def|1
|-unboost|p2a: Sneasler|spd|1
|faint|p1a: Amoonguss
|move|p1b: Maushold|Population Bomb|p2a: Sneasler
|-damage|p2a: Sneasler|73/100
|-damage|p2a: Sneasler|46/100
|-damage|p2a: Sneasler|14/100
|-damage|p2a: Sneasler|0 fnt
|faint|p2a: Sneasler
|-hitcount|p2: Sneasler|4
|
|upkeep
|
|t:|1756336255
|switch|p2a: Electabuzz|Electabuzz, L50, M|100/100
|switch|p1a: Hydreigon|Hydreigon, L50, M|100/100
|turn|3
|
|t:|1756336278
|move|p1b: Maushold|Population Bomb|p2b: Indeedee
|-damage|p2b: Indeedee|75/100 slp
|-damage|p2b: Indeedee|50/100 slp
|-damage|p2b: Indeedee|26/100 slp
|-damage|p2b: Indeedee|3/100 slp
|-damage|p2b: Indeedee|0 fnt
|faint|p2b: Indeedee
|-hitcount|p2: Indeedee|5
|move|p2a: Electabuzz|Electroweb|p1a: Hydreigon|[spread] p1a,p1b
|-resisted|p1a: Hydreigon
|-damage|p1a: Hydreigon|93/100
|-damage|p1b: Maushold|80/100
|-unboost|p1a: Hydreigon|spe|1
|-unboost|p1b: Maushold|spe|1
|move|p1a: Hydreigon|Snarl|p2a: Electabuzz|[miss]
|-miss|p1a: Hydreigon|p2a: Electabuzz
|
|upkeep
|
|t:|1756336296
|switch|p2b: Ursaluna|Ursaluna-Bloodmoon, L50, M|100/100
|turn|4
|
|t:|1756336307
|move|p2a: Electabuzz|Follow Me|p2a: Electabuzz
|-singleturn|p2a: Electabuzz|move: Follow Me
|move|p1b: Maushold|Population Bomb|p2a: Electabuzz
|-damage|p2a: Electabuzz|89/100
|-damage|p2a: Electabuzz|77/100
|-damage|p2a: Electabuzz|65/100
|-damage|p2a: Electabuzz|53/100
|-damage|p2a: Electabuzz|42/100
|-damage|p2a: Electabuzz|30/100
|-damage|p2a: Electabuzz|18/100
|-damage|p2a: Electabuzz|7/100
|-damage|p2a: Electabuzz|0 fnt
|faint|p2a: Electabuzz
|-hitcount|p2: Electabuzz|9
|move|p2b: Ursaluna|Blood Moon|p1a: Hydreigon
|-damage|p1a: Hydreigon|0 fnt
|faint|p1a: Hydreigon
|-damage|p2b: Ursaluna|91/100|[from] item: Life Orb
|
|upkeep
|turn|5
|inactive|KiraShaMek has 30 seconds left.
|
|t:|1756336334
|move|p2b: Ursaluna|Protect|p2b: Ursaluna
|-singleturn|p2b: Ursaluna|Protect
|move|p1b: Maushold|Population Bomb|p2b: Ursaluna
|-activate|p2b: Ursaluna|move: Protect
|
|-fieldend|move: Psychic Terrain
|upkeep
|turn|6
|
|t:|1756336343
|move|p1b: Maushold|Population Bomb|p2b: Ursaluna
|-damage|p2b: Ursaluna|83/100
|-damage|p2b: Ursaluna|74/100
|-damage|p2b: Ursaluna|66/100
|-damage|p2b: Ursaluna|56/100
|-damage|p2b: Ursaluna|48/100
|-damage|p2b: Ursaluna|38/100
|-damage|p2b: Ursaluna|29/100
|-damage|p2b: Ursaluna|18/100
|-damage|p2b: Ursaluna|9/100
|-damage|p2b: Ursaluna|0 fnt
|faint|p2b: Ursaluna
|-hitcount|p2: Ursaluna|10
|
|win|saboyita
|inactive|saboyita has 30 seconds to confirm battle start!
|inactive|KiraShaMek has 30 seconds to confirm battle start!
||KiraShaMek is ready for game 2.
