|j|☆Sincubii
|j|☆atahualpamaia
|html|Sincubiiatahualpamaia    
|uhtml|bestof|Game 1 of a best-of-3
|t:|1756239051
|gametype|doubles
|player|p1|Sincubii|palmer|1000
|player|p2|atahualpamaia|jogger|1077
|gen|9
|tier|[Gen 9] VGC 2025 Reg H (Bo3)
|rated|
|rule|Species Clause: Limit one of each Pokémon
|rule|Item Clause: Limit 1 of each item
|clearpoke
|poke|p1|Weavile, L50, M|
|poke|p1|Typhlosion-Hisui, L50, M|
|poke|p1|Indeedee, L50, M|
|poke|p1|Hatterene, L50, F|
|poke|p1|Hariyama, L50, M|
|poke|p1|Electabuzz, L50, M|
|poke|p2|Goodra-Hisui, L50, M|
|poke|p2|Sneasler, L50, F|
|poke|p2|Ursaluna-Bloodmoon, L50, M|
|poke|p2|Sinistcha, L50|
|poke|p2|Whimsicott, L50, M|
|poke|p2|Farigiraf, L50, F|
|teampreview|4
|showteam|p1|Weavile||LifeOrb|Pressure|IceSpinner,FakeOut,KnockOff,Protect|||M|||50|,,,,,Stellar]Typhlosion-Hisui||ChoiceScarf|Blaze|Eruption,ShadowBall,HeatWave,BlastBurn|||M|||50|,,,,,Fire]Indeedee||FocusSash|PsychicSurge|ExpandingForce,TrickRoom,Protect,HelpingHand|||M|||50|,,,,,Psychic]Hatterene||MindPlate|MagicBounce|ExpandingForce,DazzlingGleam,MysticalFire,TrickRoom|||F|||50|,,,,,Psychic]Hariyama||SitrusBerry|ThickFat|BellyDrum,BulletPunch,DrainPunch,Detect|||M|||50|,,,,,Fighting]Electabuzz||Eviolite|VitalSpirit|Electroweb,FollowMe,Taunt,Protect|||M|||50|,,,,,Ghost
|showteam|p2|Goodra-Hisui||LifeOrb|Gooey|DragonPulse,Flamethrower,MuddyWater,Protect|||M|||50|,,,,,Ghost]Sneasler||WhiteHerb|Unburden|CloseCombat,DireClaw,ThroatChop,Protect|||F|||50|,,,,,Flying]Ursaluna-Bloodmoon||SitrusBerry|MindsEye|BloodMoon,EarthPower,HyperVoice,Protect|||M|||50|,,,,,Ghost]Sinistcha||Leftovers|Hospitality|MatchaGotcha,ShadowBall,RagePowder,Protect||||||50|,,,,,Water]Whimsicott||FocusSash|Prankster|Moonblast,Encore,Tailwind,Protect|||M|||50|,,,,,Ghost]Farigiraf||ThroatSpray|ArmorTail|HyperVoice,HelpingHand,TrickRoom,Protect|||F|||50|,,,,,Water
|inactive|Battle timer is ON: inactive players will automatically lose when time's up. (requested by atahualpamaia)
|inactive|Sincubii has 60 seconds left.
|inactive|atahualpamaia has 60 seconds left.
|inactive|atahualpamaia has 30 seconds left.
|inactive|atahualpamaia has 20 seconds left.
|inactive|atahualpamaia has 15 seconds left.
|
|t:|1756239127
|teamsize|p1|4
|teamsize|p2|4
|start
|switch|p1a: Hariyama|Hariyama, L50, M|100/100
|switch|p1b: Electabuzz|Electabuzz, L50, M|100/100
|switch|p2a: Sneasler|Sneasler, L50, F|100/100
|switch|p2b: Whimsicott|Whimsicott, L50, M|100/100
|turn|1
|inactive|Sincubii has 30 seconds left.
|inactive|atahualpamaia has 30 seconds left.
|
|t:|1756239153
|switch|p2a: Ursaluna|Ursaluna-Bloodmoon, L50, M|100/100
|move|p2b: Whimsicott|Tailwind|p2b: Whimsicott
|-sidestart|p2: atahualpamaia|move: Tailwind
|move|p1b: Electabuzz|Taunt|p2b: Whimsicott
|-start|p2b: Whimsicott|move: Taunt
|move|p1a: Hariyama|Belly Drum|p1a: Hariyama
|-damage|p1a: Hariyama|50/100
|-setboost|p1a: Hariyama|atk|6|[from] move: Belly Drum
|-enditem|p1a: Hariyama|Sitrus Berry|[eat]
|-heal|p1a: Hariyama|75/100|[from] item: Sitrus Berry
|
|upkeep
|turn|2
|inactive|Sincubii has 30 seconds left.
|inactive|atahualpamaia has 30 seconds left.
|inactive|atahualpamaia has 20 seconds left.
|inactive|atahualpamaia has 15 seconds left.
|inactive|atahualpamaia has 10 seconds left.
|
|t:|1756239201
|-terastallize|p2a: Ursaluna|Ghost
|move|p1b: Electabuzz|Follow Me|p1b: Electabuzz
|-singleturn|p1b: Electabuzz|move: Follow Me
|move|p1a: Hariyama|Bullet Punch|p2b: Whimsicott
|-supereffective|p2b: Whimsicott
|-enditem|p2b: Whimsicott|Focus Sash
|-damage|p2b: Whimsicott|1/100
|move|p2b: Whimsicott|Moonblast|p1b: Electabuzz
|-damage|p1b: Electabuzz|82/100
|-unboost|p1b: Electabuzz|spa|1
|move|p2a: Ursaluna|Earth Power|p1b: Electabuzz
|-supereffective|p1b: Electabuzz
|-damage|p1b: Electabuzz|5/100
|-unboost|p1b: Electabuzz|spd|1
|
|upkeep
|turn|3
|
|t:|1756239223
|move|p2a: Ursaluna|Protect|p2a: Ursaluna
|-singleturn|p2a: Ursaluna|Protect
|move|p1b: Electabuzz|Follow Me|p1b: Electabuzz
|-singleturn|p1b: Electabuzz|move: Follow Me
|move|p1a: Hariyama|Bullet Punch|p2b: Whimsicott
|-supereffective|p2b: Whimsicott
|-damage|p2b: Whimsicott|0 fnt
|faint|p2b: Whimsicott
|
|upkeep
|
|t:|1756239237
|switch|p2b: Goodra|Goodra-Hisui, L50, M|100/100
|turn|4
|
|t:|1756239245
|move|p1a: Hariyama|Detect|p1a: Hariyama
|-singleturn|p1a: Hariyama|Protect
|move|p2b: Goodra|Muddy Water|p1a: Hariyama|[spread] p1b
|-activate|p1a: Hariyama|move: Protect
|-damage|p1b: Electabuzz|0 fnt
|faint|p1b: Electabuzz
|-damage|p2b: Goodra|91/100|[from] item: Life Orb
|move|p2a: Ursaluna|Blood Moon|p1a: Hariyama
|-activate|p1a: Hariyama|move: Protect
|
|-sideend|p2: atahualpamaia|move: Tailwind
|upkeep
|
|t:|1756239254
|switch|p1b: Typhlosion|Typhlosion-Hisui, L50, M|100/100
|turn|5
|
|t:|1756239272
|-terastallize|p1b: Typhlosion|Fire
|move|p1a: Hariyama|Bullet Punch|p2a: Ursaluna
|-damage|p2a: Ursaluna|56/100
|move|p1b: Typhlosion|Eruption|p2b: Goodra|[spread] p2a,p2b
|-damage|p2a: Ursaluna|0 fnt
|-damage|p2b: Goodra|38/100
|faint|p2a: Ursaluna
|move|p2b: Goodra|Dragon Pulse|p1a: Hariyama
|-damage|p1a: Hariyama|16/100
|-damage|p2b: Goodra|29/100|[from] item: Life Orb
|
|upkeep
|
|t:|1756239283
|switch|p2a: Sneasler|Sneasler, L50, F|100/100
|turn|6
|
|t:|1756239293
|move|p2b: Goodra|Protect|p2b: Goodra
|-singleturn|p2b: Goodra|Protect
|move|p1a: Hariyama|Bullet Punch|p2a: Sneasler
|-damage|p2a: Sneasler|0 fnt
|faint|p2a: Sneasler
|move|p1b: Typhlosion|Eruption|p2b: Goodra
|-activate|p2b: Goodra|move: Protect
|
|upkeep
|turn|7
|
|t:|1756239308
|move|p1a: Hariyama|Bullet Punch|p2b: Goodra
|-resisted|p2b: Goodra
|-damage|p2b: Goodra|1/100
|-ability|p2b: Goodra|Gooey
|-unboost|p1a: Hariyama|spe|1
|move|p1b: Typhlosion|Eruption|p2b: Goodra
|-damage|p2b: Goodra|0 fnt
|faint|p2b: Goodra
|
|win|Sincubii
