|j|☆Aeon_Twins
|j|☆parmesanlugubre206
|html|Aeon_Twinsparmesanlugubre206    
|uhtml|bestof|Game 3 of a best-of-3
|t:|1783027485
|gametype|doubles
|player|p1|Aeon_Twins|n|1319
|player|p2|parmesanlugubre206|ethan|1248
|gen|9
|tier|[Gen 9 Champions] VGC 2026 Reg M-B (Bo3)
|rated|
|rule|Species Clause: Limit one of each Pokémon
|rule|Item Clause: Limit 1 of each item
|clearpoke
|poke|p1|Raichu, L50, F|
|poke|p1|Sinistcha, L50|
|poke|p1|Ceruledge, L50, F|
|poke|p1|Milotic, L50, M|
|poke|p1|Incineroar, L50, F|
|poke|p1|Gardevoir, L50, F|
|poke|p2|Raichu, L50, F|
|poke|p2|Aerodactyl, L50, F|
|poke|p2|Gholdengo, L50|
|poke|p2|Tauros-Paldea-Aqua, L50, M|
|poke|p2|Sinistcha, L50|
|poke|p2|Arcanine-Hisui, L50, M|
|teampreview|4
|showteam|p1|Raichu||RaichuniteY|LightningRod|ZapCannon,FocusBlast,FakeOut,Protect|Timid||F|||50|]Sinistcha||KasibBerry|Hospitality|MatchaGotcha,LifeDew,RagePowder,Protect|Relaxed|||||50|]Ceruledge||ColburBerry|FlashFire|BitterBlade,ShadowSneak,BulkUp,Protect|Adamant||F|||50|]Milotic||Leftovers|Competitive|MuddyWater,Coil,Hypnosis,Protect|Calm||M|||50|]Incineroar||SitrusBerry|Intimidate|FlareBlitz,ThroatChop,FakeOut,PartingShot|Impish||F|||50|]Gardevoir||Gardevoirite|Synchronize|HyperVoice,Psyshock,CalmMind,Protect|Timid||F|||50|
|showteam|p2|Raichu||RaichuniteY|LightningRod|ZapCannon,FocusBlast,Substitute,Protect|Timid||F|||50|]Aerodactyl||Aerodactylite|Unnerve|RockSlide,IceFang,Tailwind,Protect|Jolly||F|||50|]Gholdengo||ChoiceScarf|GoodasGold|MakeItRain,FlashCannon,Hex,Trick|Modest|||||50|]Tauros-Paldea-Aqua||WhiteHerb|Intimidate|RagingBull,CloseCombat,AquaJet,Protect|Adamant||M|||50|]Sinistcha||Leftovers|Hospitality|MatchaGotcha,Hex,RagePowder,Protect|Modest|||||50|]Arcanine-Hisui||FocusSash|RockHead|RockSlide,FlareBlitz,ExtremeSpeed,Protect|Adamant||M|||50|
|inactive|Battle timer is ON: inactive players will automatically lose when time's up. (requested by parmesanlugubre206)
|inactive|Aeon_Twins has 60 seconds left.
|
|t:|1783027525
|teamsize|p1|4
|teamsize|p2|4
|start
|switch|p1a: Ceruledge|Ceruledge, L50, F|100/100
|switch|p1b: Raichu|Raichu, L50, F|100/100
|switch|p2a: Raichu|Raichu, L50, F|100/100
|switch|p2b: Sinistcha|Sinistcha, L50|100/100
|turn|1
|inactive|parmesanlugubre206 has 30 seconds left.
|
|t:|1783027554
|move|p2a: Raichu|Protect|p2a: Raichu
|-singleturn|p2a: Raichu|Protect
|move|p2b: Sinistcha|Protect|p2b: Sinistcha
|-singleturn|p2b: Sinistcha|Protect
|move|p1b: Raichu|Fake Out|p2a: Raichu
|-activate|p2a: Raichu|move: Protect
|move|p1a: Ceruledge|Bulk Up|p1a: Ceruledge
|-boost|p1a: Ceruledge|atk|1
|-boost|p1a: Ceruledge|def|1
|
|upkeep
|turn|2
|
|t:|1783027568
|detailschange|p2a: Raichu|Raichu-Mega-Y, L50, F
|-mega|p2a: Raichu|Raichu|Raichunite Y
|move|p1b: Raichu|Protect|p1b: Raichu
|-singleturn|p1b: Raichu|Protect
|move|p2a: Raichu|Substitute|p2a: Raichu
|-start|p2a: Raichu|Substitute
|-damage|p2a: Raichu|75/100
|move|p1a: Ceruledge|Bitter Blade|p2b: Sinistcha
|-supereffective|p2b: Sinistcha|1
|-damage|p2b: Sinistcha|0 fnt
|faint|p2b: Sinistcha
|
|upkeep
|
|t:|1783027572
|switch|p2b: Arcanine|Arcanine-Hisui, L50, M|100/100
|turn|3
|
|t:|1783027589
|detailschange|p1b: Raichu|Raichu-Mega-Y, L50, F
|-mega|p1b: Raichu|Raichu|Raichunite Y
|move|p1a: Ceruledge|Protect|p1a: Ceruledge
|-singleturn|p1a: Ceruledge|Protect
|move|p2b: Arcanine|Extreme Speed|p1b: Raichu
|-damage|p1b: Raichu|60/100
|move|p2a: Raichu|Focus Blast|p1b: Raichu
|-damage|p1b: Raichu|1/100
|move|p1b: Raichu|Focus Blast|p2b: Arcanine
|-supereffective|p2b: Arcanine|1
|-crit|p2b: Arcanine
|-enditem|p2b: Arcanine|Focus Sash
|-damage|p2b: Arcanine|1/100
|
|upkeep
|turn|4
|
|t:|1783027609
|move|p1b: Raichu|Protect|p1b: Raichu
|-singleturn|p1b: Raichu|Protect
|move|p2b: Arcanine|Protect|p2b: Arcanine
|-singleturn|p2b: Arcanine|Protect
|move|p1a: Ceruledge|Shadow Sneak|p2b: Arcanine
|-activate|p2b: Arcanine|move: Protect
|move|p2a: Raichu|Zap Cannon|p1a: Ceruledge
|-damage|p1a: Ceruledge|31/100
|-status|p1a: Ceruledge|par
|
|upkeep
|turn|5
|
|t:|1783027620
|switch|p1b: Incineroar|Incineroar, L50, F|100/100
|-ability|p1b: Incineroar|Intimidate|boost
|-immune|p2a: Raichu
|-unboost|p2b: Arcanine|atk|1
|move|p2b: Arcanine|Extreme Speed|p1b: Incineroar
|-damage|p1b: Incineroar|85/100
|move|p1a: Ceruledge|Shadow Sneak|p2b: Arcanine
|-crit|p2b: Arcanine
|-damage|p2b: Arcanine|0 fnt
|faint|p2b: Arcanine
|move|p2a: Raichu|Zap Cannon|p1a: Ceruledge
|-damage|p1a: Ceruledge|0 fnt
|faint|p1a: Ceruledge
|
|upkeep
|
|t:|1783027631
|switch|p2b: Gholdengo|Gholdengo, L50|100/100
|switch|p1a: Sinistcha|Sinistcha, L50|100/100
|-heal|p1b: Incineroar|100/100|[from] ability: Hospitality|[of] p1a: Sinistcha
|turn|6
|
|t:|1783027638
|move|p1a: Sinistcha|Protect|p1a: Sinistcha
|-singleturn|p1a: Sinistcha|Protect
|move|p2b: Gholdengo|Hex|p1a: Sinistcha
|-activate|p1a: Sinistcha|move: Protect
|move|p2a: Raichu|Zap Cannon|p1a: Sinistcha
|-activate|p1a: Sinistcha|move: Protect
|move|p1b: Incineroar|Flare Blitz|p2b: Gholdengo
|-supereffective|p2b: Gholdengo|1
|-damage|p2b: Gholdengo|0 fnt
|faint|p2b: Gholdengo
|-damage|p1b: Incineroar|73/100|[from] Recoil
|
|upkeep
|turn|7
|-message|parmesanlugubre206 forfeited.
|
|win|Aeon_Twins
