|j|☆Cristante terabug
|j|☆Cage92
|html|Cristante terabugCage92    
|uhtml|bestof|Game 2 of a best-of-3
|t:|1756840388
|gametype|doubles
|player|p1|Cristante terabug|kieran-champion|
|player|p2|Cage92|bugsy|
|gen|9
|tier|[Gen 9] VGC 2025 Reg H (Bo3)
|rule|Species Clause: Limit one of each Pokémon
|rule|Item Clause: Limit 1 of each item
|clearpoke
|poke|p1|Incineroar, L50, M|
|poke|p1|Pelipper, L50, M|
|poke|p1|Archaludon, L50, M|
|poke|p1|Dragonite, L50, M|
|poke|p1|Sinistcha, L50|
|poke|p1|Ursaluna, L50, M|
|poke|p2|Corviknight, L50, M|
|poke|p2|Garchomp, L50, M|
|poke|p2|Tyranitar, L50, M|
|poke|p2|Gholdengo, L50|
|poke|p2|Sneasler, L50, M|
|poke|p2|Incineroar, L50, M|
|teampreview|4
|showteam|p1|Incineroar||SafetyGoggles|Intimidate|FakeOut,PartingShot,KnockOff,Taunt|||M|||50|,,,,,Ghost]Pelipper||FocusSash|Drizzle|Hurricane,MuddyWater,Tailwind,Protect|||M|||50|,,,,,Ghost]Archaludon||AssaultVest|Stamina|ElectroShot,Snarl,FlashCannon,BodyPress|||M|||50|,,,,,Fighting]Dragonite||LoadedDice|Multiscale|ScaleShot,Tailwind,Haze,Protect|||M|||50|,,,,,Fairy]Sinistcha||SitrusBerry|Hospitality|MatchaGotcha,RagePowder,LifeDew,TrickRoom||||||50|,,,,,Dark]Ursaluna||FlameOrb|Guts|Earthquake,Facade,HeadlongRush,Protect|||M|||50|,,,,,Ghost
|showteam|p2|Corviknight||CovertCloak|MirrorArmor|BraveBird,Taunt,Roost,Tailwind|||M|||50|,,,,,Dragon]Garchomp||ClearAmulet|RoughSkin|Earthquake,DragonClaw,StompingTantrum,Protect|||M|||50|,,,,,Steel]Tyranitar||AssaultVest|SandStream|RockSlide,KnockOff,TeraBlast,LowKick|||M|||50|,,,,,Flying]Gholdengo||LifeOrb|GoodasGold|MakeItRain,ShadowBall,NastyPlot,Protect||||||50|,,,,,Flying]Sneasler||WhiteHerb|Unburden|DireClaw,CloseCombat,Coaching,Protect|||M|||50|,,,,,Ghost]Incineroar||SafetyGoggles|Intimidate|FlareBlitz,WillOWisp,PartingShot,FakeOut|||M|||50|,,,,,Ghost
|
|t:|1756840455
|teamsize|p1|4
|teamsize|p2|4
|start
|switch|p1a: De Marinis|Incineroar, L50, M|100/100
|switch|p1b: Paolo|Dragonite, L50, M|100/100
|switch|p2a: Garchomp|Garchomp, L50, M|100/100
|switch|p2b: Sneasler|Sneasler, L50, M|100/100
|-ability|p1a: De Marinis|Intimidate|boost
|-fail|p2a: Garchomp|unboost|[from] item: Clear Amulet|[of] p2a: Garchomp
|-unboost|p2b: Sneasler|atk|1
|-enditem|p2b: Sneasler|White Herb
|-clearnegativeboost|p2b: Sneasler|[silent]
|turn|1
|
|t:|1756840493
|switch|p2a: Corviknight|Corviknight, L50, M, shiny|100/100
|move|p1a: De Marinis|Fake Out|p2a: Corviknight
|-resisted|p2a: Corviknight
|-damage|p2a: Corviknight|95/100
|move|p2b: Sneasler|Dire Claw|p1b: Paolo
|-damage|p1b: Paolo|77/100
|-status|p1b: Paolo|psn
|move|p1b: Paolo|Scale Shot|p2b: Sneasler
|-damage|p2b: Sneasler|79/100
|-damage|p2b: Sneasler|60/100
|-damage|p2b: Sneasler|40/100
|-damage|p2b: Sneasler|21/100
|-damage|p2b: Sneasler|0 fnt
|faint|p2b: Sneasler
|-hitcount|p2: Sneasler|5
|-unboost|p1b: Paolo|def|1
|-boost|p1b: Paolo|spe|1
|
|-damage|p1b: Paolo|65/100 psn|[from] psn
|upkeep
|
|t:|1756840522
|switch|p2b: Garchomp|Garchomp, L50, M|100/100
|turn|2
|
|t:|1756840549
|switch|p1a: Luca|Archaludon, L50, M|100/100
|move|p1b: Paolo|Scale Shot|p1a: Luca
|-damage|p1a: Luca|91/100
|-ability|p1a: Luca|Stamina|boost
|-boost|p1a: Luca|def|1
|-damage|p1a: Luca|84/100
|-ability|p1a: Luca|Stamina|boost
|-boost|p1a: Luca|def|1
|-damage|p1a: Luca|80/100
|-ability|p1a: Luca|Stamina|boost
|-boost|p1a: Luca|def|1
|-damage|p1a: Luca|76/100
|-ability|p1a: Luca|Stamina|boost
|-boost|p1a: Luca|def|1
|-hitcount|p1a: Luca|4
|-unboost|p1b: Paolo|def|1
|-boost|p1b: Paolo|spe|1
|move|p2b: Garchomp|Dragon Claw|p1b: Paolo
|-supereffective|p1b: Paolo
|-damage|p1b: Paolo|0 fnt
|faint|p1b: Paolo
|move|p2a: Corviknight|Tailwind|p2a: Corviknight
|-sidestart|p2: Cage92|move: Tailwind
|
|upkeep
|
|t:|1756840558
|switch|p1b: Olmo|Ursaluna, L50, M|100/100
|turn|3
|
|t:|1756840616
|switch|p2a: Gholdengo|Gholdengo, L50|100/100
|move|p1b: Olmo|Protect|p1b: Olmo
|-singleturn|p1b: Olmo|Protect
|move|p2b: Garchomp|Dragon Claw|p1b: Olmo
|-activate|p1b: Olmo|move: Protect
|move|p1a: Luca|Body Press|p2b: Garchomp
|-damage|p2b: Garchomp|15/100
|-damage|p1a: Luca|64/100|[from] ability: Rough Skin|[of] p2b: Garchomp
|
|-status|p1b: Olmo|brn|[from] item: Flame Orb
|upkeep
|turn|4
|
|t:|1756840645
|move|p2b: Garchomp|Stomping Tantrum|p1b: Olmo
|-damage|p1b: Olmo|69/100 brn
|move|p2a: Gholdengo|Nasty Plot|p2a: Gholdengo
|-boost|p2a: Gholdengo|spa|2
|move|p1a: Luca|Snarl|p2a: Gholdengo|[spread] p2a,p2b
|-supereffective|p2a: Gholdengo
|-damage|p2a: Gholdengo|76/100
|-damage|p2b: Garchomp|0 fnt
|-unboost|p2a: Gholdengo|spa|1
|faint|p2b: Garchomp
|move|p1b: Olmo|Facade|p2a: Gholdengo
|-immune|p2a: Gholdengo
|
|-damage|p1b: Olmo|63/100 brn|[from] brn
|upkeep
|
|t:|1756840650
|switch|p2b: Corviknight|Corviknight, L50, M, shiny|95/100
|turn|5
|
|t:|1756840693
|move|p2a: Gholdengo|Nasty Plot|p2a: Gholdengo
|-boost|p2a: Gholdengo|spa|2
|move|p2b: Corviknight|Brave Bird|p1b: Olmo
|-damage|p1b: Olmo|27/100 brn
|-damage|p2b: Corviknight|83/100|[from] Recoil
|move|p1a: Luca|Snarl|p2a: Gholdengo|[spread] p2a,p2b
|-supereffective|p2a: Gholdengo
|-crit|p2a: Gholdengo
|-damage|p2a: Gholdengo|38/100
|-damage|p2b: Corviknight|70/100
|-unboost|p2a: Gholdengo|spa|1
|move|p1b: Olmo|Headlong Rush|p2a: Gholdengo
|-supereffective|p2a: Gholdengo
|-damage|p2a: Gholdengo|0 fnt
|-unboost|p1b: Olmo|def|1
|-unboost|p1b: Olmo|spd|1
|faint|p2a: Gholdengo
|
|-damage|p1b: Olmo|20/100 brn|[from] brn
|-sideend|p2: Cage92|move: Tailwind
|upkeep
|turn|6
|-message|Cage92 forfeited.
|
|win|Cristante terabug
