|j|☆JasonLoserpants
|j|☆castoriceball
|html|JasonLoserpantscastoriceball    
|uhtml|bestof|Game 1 of a best-of-3
|t:|1783812899
|gametype|doubles
|player|p1|JasonLoserpants|169|1119
|player|p2|castoriceball|miku-flying|1330
|gen|9
|tier|[Gen 9 Champions] VGC 2026 Reg M-B (Bo3)
|rated|
|rule|Species Clause: Limit one of each Pokémon
|rule|Item Clause: Limit 1 of each item
|clearpoke
|poke|p1|Charizard, L50, M|
|poke|p1|Whimsicott, L50, F|
|poke|p1|Garchomp, L50, F|
|poke|p1|Kingambit, L50, F|
|poke|p1|Floette-Eternal, L50, F|
|poke|p1|Incineroar, L50, F|
|poke|p2|Garchomp, L50, F|
|poke|p2|Floette-Eternal, L50, F|
|poke|p2|Talonflame, L50, M|
|poke|p2|Rotom-Wash, L50, shiny|
|poke|p2|Glimmora, L50, F|
|poke|p2|Sinistcha, L50|
|teampreview|4
|showteam|p1|Charizard||CharizarditeY|SolarPower|HeatWave,SolarBeam,WeatherBall,Protect|Modest||M|||50|]Whimsicott||FocusSash|Prankster|Moonblast,Tailwind,Encore,Protect|Timid||F|||50|]Garchomp||LifeOrb|RoughSkin|DragonClaw,Earthquake,RockSlide,Protect|Jolly||F|||50|]Kingambit||OccaBerry|Defiant|KowtowCleave,SuckerPunch,SwordsDance,Protect|Adamant||F|||50|]Floette-Eternal||Floettite|FlowerVeil|DazzlingGleam,DrainingKiss,CalmMind,Protect|Modest||F|||50|]Incineroar||SitrusBerry|Intimidate|FakeOut,FlareBlitz,DarkestLariat,PartingShot|Adamant||F|||50|
|showteam|p2|Garchomp||LifeOrb|RoughSkin|DragonClaw,Earthquake,RockSlide,Protect|Adamant||F|||50|]Floette-Eternal||Floettite|FlowerVeil|Moonblast,DazzlingGleam,LightofRuin,Protect|Modest||F|||50|]Talonflame||SharpBeak|GaleWings|Tailwind,DualWingbeat,QuickGuard,Protect|Jolly||M|||50|]Rotom-Wash||Magnet|Levitate|Thunderbolt,HydroPump,Electroweb,Protect|Modest|||||50|]Glimmora||Glimmoranite|ToxicDebris|PowerGem,SludgeBomb,EarthPower,Protect|Modest||F|||50|]Sinistcha||OccaBerry|Hospitality|TrickRoom,ShadowBall,RagePowder,MatchaGotcha|Calm|||||50|
|inactive|Battle timer is ON: inactive players will automatically lose when time's up. (requested by JasonLoserpants)
|inactive|JasonLoserpants has 60 seconds left.
|inactive|castoriceball has 60 seconds left.
|inactive|JasonLoserpants has 30 seconds left.
|
|t:|1783812960
|teamsize|p1|4
|teamsize|p2|4
|start
|switch|p1a: Incineroar|Incineroar, L50, F|100/100
|switch|p1b: Kingambit|Kingambit, L50, F|100/100
|switch|p2a: BIRDD|Talonflame, L50, M|100/100
|switch|p2b: $70 flutter|Floette-Eternal, L50, F|100/100
|-ability|p1a: Incineroar|Intimidate|boost
|-unboost|p2a: BIRDD|atk|1
|-unboost|p2b: $70 flutter|atk|1
|turn|1
|
|t:|1783812980
|detailschange|p2b: $70 flutter|Floette-Mega, L50, F
|-mega|p2b: $70 flutter|Floette|Floettite
|-ability|p2b: $70 flutter|Fairy Aura
|move|p1b: Kingambit|Protect|p1b: Kingambit
|-singleturn|p1b: Kingambit|Protect
|move|p2a: BIRDD|Quick Guard|p2a: BIRDD
|-singleturn|p2a: BIRDD|Quick Guard
|move|p2b: $70 flutter|Light of Ruin|p1b: Kingambit
|-activate|p1b: Kingambit|move: Protect
|move|p1a: Incineroar|Parting Shot|p2b: $70 flutter
|-unboost|p2b: $70 flutter|atk|1
|-unboost|p2b: $70 flutter|spa|1
|
|t:|1783812984
|switch|p1a: Floette|Floette-Eternal, L50, F|100/100|[from] Parting Shot
|
|upkeep
|turn|2
|
|t:|1783813000
|switch|p1b: Incineroar|Incineroar, L50, F|100/100
|-ability|p1b: Incineroar|Intimidate|boost
|-unboost|p2a: BIRDD|atk|1
|-unboost|p2b: $70 flutter|atk|1
|detailschange|p1a: Floette|Floette-Mega, L50, F
|-mega|p1a: Floette|Floette|Floettite
|-ability|p1a: Floette|Fairy Aura
|move|p2a: BIRDD|Dual Wingbeat|p1a: Floette
|-damage|p1a: Floette|89/100
|-damage|p1a: Floette|78/100
|-hitcount|p1a: Floette|2
|move|p2b: $70 flutter|Light of Ruin|p1a: Floette
|-damage|p1a: Floette|17/100
|-damage|p2b: $70 flutter|65/100|[from] Recoil
|move|p1a: Floette|Calm Mind|p1a: Floette
|-boost|p1a: Floette|spa|1
|-boost|p1a: Floette|spd|1
|
|upkeep
|turn|3
|
|t:|1783813017
|move|p1a: Floette|Protect|p1a: Floette
|-singleturn|p1a: Floette|Protect
|move|p2a: BIRDD|Dual Wingbeat|p1a: Floette
|-activate|p1a: Floette|move: Protect
|move|p2b: $70 flutter|Light of Ruin|p1b: Incineroar
|-damage|p1b: Incineroar|28/100
|-enditem|p1b: Incineroar|Sitrus Berry|[eat]
|-heal|p1b: Incineroar|52/100|[from] item: Sitrus Berry
|-damage|p2b: $70 flutter|19/100|[from] Recoil
|move|p1b: Incineroar|Flare Blitz|p2b: $70 flutter
|-damage|p2b: $70 flutter|0 fnt
|faint|p2b: $70 flutter
|-damage|p1b: Incineroar|48/100|[from] Recoil
|
|upkeep
|
|t:|1783813030
|switch|p2b: Glimmora|Glimmora, L50, F|100/100
|turn|4
|
|t:|1783813048
|switch|p1a: Garchomp|Garchomp, L50, F|100/100
|move|p2a: BIRDD|Dual Wingbeat|p1a: Garchomp
|-damage|p1a: Garchomp|90/100
|-damage|p2a: BIRDD|87/100|[from] ability: Rough Skin|[of] p1a: Garchomp
|-damage|p1a: Garchomp|80/100
|-damage|p2a: BIRDD|75/100|[from] ability: Rough Skin|[of] p1a: Garchomp
|-hitcount|p1a: Garchomp|2
|move|p2b: Glimmora|Earth Power|p1b: Incineroar
|-supereffective|p1b: Incineroar|1
|-damage|p1b: Incineroar|0 fnt
|faint|p1b: Incineroar
|
|upkeep
|
|t:|1783813053
|switch|p1b: Kingambit|Kingambit, L50, F|100/100
|turn|5
|
|t:|1783813068
|switch|p2b: Laundry List|Rotom-Wash, L50, shiny|100/100
|move|p2a: BIRDD|Tailwind|p2a: BIRDD
|-sidestart|p2: castoriceball|move: Tailwind
|move|p1a: Garchomp|Rock Slide|p2b: Laundry List|[spread] p2a,p2b
|-supereffective|p2a: BIRDD|2
|-damage|p2a: BIRDD|0 fnt
|-damage|p2b: Laundry List|73/100
|faint|p2a: BIRDD
|-damage|p1a: Garchomp|70/100|[from] item: Life Orb
|move|p1b: Kingambit|Swords Dance|p1b: Kingambit
|-boost|p1b: Kingambit|atk|2
|
|upkeep
|
|t:|1783813083
|switch|p2a: Glimmora|Glimmora, L50, F|100/100
|turn|6
|inactive|JasonLoserpants has 30 seconds left.
|
|t:|1783813109
|move|p1a: Garchomp|Protect|p1a: Garchomp
|-singleturn|p1a: Garchomp|Protect
|move|p1b: Kingambit|Sucker Punch|p2a: Glimmora
|-damage|p2a: Glimmora|0 fnt
|-activate|p2a: Glimmora|ability: Toxic Debris
|-sidestart|p1: JasonLoserpants|move: Toxic Spikes
|faint|p2a: Glimmora
|move|p2b: Laundry List|Thunderbolt|p1b: Kingambit
|-damage|p1b: Kingambit|46/100
|
|upkeep
|turn|7
|
|t:|1783813121
|move|p1b: Kingambit|Sucker Punch|p2b: Laundry List
|-damage|p2b: Laundry List|0 fnt
|faint|p2b: Laundry List
|
|win|JasonLoserpants
