|j|☆SandroSSB
|j|☆Dike Guard
|html|SandroSSBDike Guard    
|uhtml|bestof|Game 1 of a best-of-3
|t:|1783534024
|gametype|doubles
|player|p1|SandroSSB|brycen|
|player|p2|Dike Guard|101|
|gen|9
|tier|[Gen 9 Champions] VGC 2026 Reg M-B (Bo3)
|rule|Species Clause: Limit one of each Pokémon
|rule|Item Clause: Limit 1 of each item
|clearpoke
|poke|p1|Metagross, L50, shiny|
|poke|p1|Lycanroc-Dusk, L50, F|
|poke|p1|Hydreigon, L50, F|
|poke|p1|Whimsicott, L50, M, shiny|
|poke|p1|Floette-Eternal, L50, F|
|poke|p1|Incineroar, L50, M|
|poke|p2|Incineroar, L50, F|
|poke|p2|Sinistcha, L50|
|poke|p2|Sneasler, L50, M|
|poke|p2|Delphox, L50, F|
|poke|p2|Kingambit, L50, F|
|poke|p2|Blastoise, L50, F|
|teampreview|4
|showteam|p1|Metagross||Metagrossite|ClearBody|IronHead,PsychicFangs,StompingTantrum,Protect|Jolly|||||50|]Lycanroc-Dusk||FocusSash|ToughClaws|RockSlide,Accelerock,CloseCombat,Protect|Adamant||F|||50|]Hydreigon||LifeOrb|Levitate|DarkPulse,DracoMeteor,EarthPower,Protect|Modest||F|||50|]Whimsicott||FairyFeather|Prankster|Moonblast,Tailwind,Encore,Protect|Timid||M|||50|]Floette-Eternal||Floettite|FlowerVeil|Moonblast,DazzlingGleam,LightofRuin,Protect|Modest||F|||50|]Incineroar||SitrusBerry|Intimidate|FakeOut,FlareBlitz,DarkestLariat,PartingShot|Adamant||M|||50|
|showteam|p2|Incineroar||SitrusBerry|Intimidate|FakeOut,FlareBlitz,HelpingHand,PartingShot|Careful||F|||50|]Sinistcha||KasibBerry|Hospitality|MatchaGotcha,TrickRoom,RagePowder,Protect|Bold|||||50|]Sneasler||FocusSash|PoisonTouch|PoisonJab,CloseCombat,QuickGuard,FakeOut|Jolly||M|||50|]Delphox||Delphoxite|Blaze|HeatWave,Psyshock,NastyPlot,Protect|Modest||F|||50|]Kingambit||BlackGlasses|Defiant|KowtowCleave,SuckerPunch,SwordsDance,Protect|Adamant||F|||50|]Blastoise||Blastoisinite|Torrent|WaterSpout,DarkPulse,ShellSmash,Protect|Modest||F|||50|
|c|☆Dike Guard|glhf
|c|☆SandroSSB|glhf
|inactive|Battle timer is ON: inactive players will automatically lose when time's up. (requested by SandroSSB)
|inactive|SandroSSB has 60 seconds left.
|
|t:|1783534092
|teamsize|p1|4
|teamsize|p2|4
|start
|switch|p1a: Whimsicott|Whimsicott, L50, M, shiny|100/100
|switch|p1b: Floette|Floette-Eternal, L50, F|100/100
|switch|p2a: Incineroar|Incineroar, L50, F|100/100
|switch|p2b: Sinistcha|Sinistcha, L50|100/100
|-ability|p2a: Incineroar|Intimidate|boost
|-block|p1a: Whimsicott|ability: Flower Veil|[of] p1b: Floette
|-unboost|p1b: Floette|atk|1
|turn|1
|
|t:|1783534113
|detailschange|p1b: Floette|Floette-Mega, L50, F
|-mega|p1b: Floette|Floette|Floettite
|-ability|p1b: Floette|Fairy Aura
|move|p2a: Incineroar|Fake Out|p1b: Floette
|-damage|p1b: Floette|86/100
|move|p1a: Whimsicott|Moonblast|p2a: Incineroar
|-damage|p2a: Incineroar|53/100
|cant|p1b: Floette|flinch
|move|p2b: Sinistcha|Trick Room|p2b: Sinistcha
|-fieldstart|move: Trick Room|[of] p2b: Sinistcha
|
|upkeep
|turn|2
|
|t:|1783534138
|switch|p2b: Blastoise|Blastoise, L50, F|100/100
|move|p1a: Whimsicott|Protect|p1a: Whimsicott
|-singleturn|p1a: Whimsicott|Protect
|move|p1b: Floette|Protect|p1b: Floette
|-singleturn|p1b: Floette|Protect
|move|p2a: Incineroar|Parting Shot|p1b: Floette
|-activate|p1b: Floette|move: Protect
|
|upkeep
|turn|3
|
|t:|1783534156
|detailschange|p2b: Blastoise|Blastoise-Mega, L50, F
|-mega|p2b: Blastoise|Blastoise|Blastoisinite
|move|p2a: Incineroar|Flare Blitz|p1b: Floette
|-damage|p1b: Floette|21/100
|-damage|p2a: Incineroar|37/100|[from] Recoil
|-enditem|p2a: Incineroar|Sitrus Berry|[eat]
|-heal|p2a: Incineroar|62/100|[from] item: Sitrus Berry
|move|p2b: Blastoise|Water Spout|p1a: Whimsicott|[spread] p1a,p1b
|-resisted|p1a: Whimsicott|1
|-damage|p1a: Whimsicott|43/100
|-damage|p1b: Floette|0 fnt
|faint|p1b: Floette
|move|p1a: Whimsicott|Moonblast|p2b: Blastoise
|-damage|p2b: Blastoise|57/100
|
|upkeep
|
|t:|1783534167
|switch|p1b: Hydreigon|Hydreigon, L50, F|100/100
|turn|4
|inactive|SandroSSB has 30 seconds left.
|inactive|SandroSSB has 20 seconds left.
|inactive|SandroSSB has 15 seconds left.
|inactive|SandroSSB has 10 seconds left.
|inactive|SandroSSB has 5 seconds left.
|
|t:|1783534220
|move|p1a: Whimsicott|Protect|p1a: Whimsicott
|-singleturn|p1a: Whimsicott|Protect
|move|p2a: Incineroar|Parting Shot|p1b: Hydreigon
|-unboost|p1b: Hydreigon|atk|1
|-unboost|p1b: Hydreigon|spa|1
|
|t:|1783534225
|switch|p2a: Sinistcha|Sinistcha, L50|100/100|[from] Parting Shot
|-heal|p2b: Blastoise|81/100|[from] ability: Hospitality|[of] p2a: Sinistcha
|move|p2b: Blastoise|Water Spout|p1a: Whimsicott|[spread] p1b
|-activate|p1a: Whimsicott|move: Protect
|-resisted|p1b: Hydreigon|1
|-damage|p1b: Hydreigon|71/100
|move|p1b: Hydreigon|Dark Pulse|p2b: Blastoise
|-damage|p2b: Blastoise|39/100
|-damage|p1b: Hydreigon|62/100|[from] item: Life Orb
|
|upkeep
|turn|5
|
|t:|1783534244
|move|p1a: Whimsicott|Encore|p2b: Blastoise
|-start|p2b: Blastoise|Encore
|move|p2a: Sinistcha|Matcha Gotcha|p1a: Whimsicott|[spread] p1a,p1b
|-resisted|p1a: Whimsicott|1
|-resisted|p1b: Hydreigon|1
|-damage|p1a: Whimsicott|24/100
|-damage|p1b: Hydreigon|47/100
|-status|p1a: Whimsicott|brn
|-status|p1b: Hydreigon|brn
|move|p2b: Blastoise|Water Spout|p1b: Hydreigon|[spread] p1a,p1b
|-resisted|p1a: Whimsicott|1
|-resisted|p1b: Hydreigon|1
|-damage|p1a: Whimsicott|4/100 brn
|-damage|p1b: Hydreigon|32/100 brn
|move|p1b: Hydreigon|Dark Pulse|p2a: Sinistcha
|-supereffective|p2a: Sinistcha|1
|-damage|p2a: Sinistcha|24/100
|-damage|p1b: Hydreigon|23/100 brn|[from] item: Life Orb
|
|-damage|p1b: Hydreigon|17/100 brn|[from] brn
|-damage|p1a: Whimsicott|0 fnt|[from] brn
|faint|p1a: Whimsicott
|-fieldend|move: Trick Room
|upkeep
|
|t:|1783534260
|switch|p1a: Lycanroc|Lycanroc-Dusk, L50, F|100/100
|turn|6
|
|t:|1783534271
|switch|p2b: Incineroar|Incineroar, L50, F|62/100
|-ability|p2b: Incineroar|Intimidate|boost
|-unboost|p1a: Lycanroc|atk|1
|-unboost|p1b: Hydreigon|atk|1
|move|p2a: Sinistcha|Protect|p2a: Sinistcha
|-singleturn|p2a: Sinistcha|Protect
|move|p1a: Lycanroc|Rock Slide|p2b: Incineroar|[spread] p2b
|-activate|p2a: Sinistcha|move: Protect
|-supereffective|p2b: Incineroar|1
|-damage|p2b: Incineroar|23/100
|move|p1b: Hydreigon|Earth Power|p2b: Incineroar
|-supereffective|p2b: Incineroar|1
|-damage|p2b: Incineroar|0 fnt
|faint|p2b: Incineroar
|-damage|p1b: Hydreigon|7/100 brn|[from] item: Life Orb
|
|-damage|p1b: Hydreigon|1/100 brn|[from] brn
|upkeep
|
|t:|1783534286
|switch|p2b: Sneasler|Sneasler, L50, M|100/100
|turn|7
|
|t:|1783534305
|move|p2b: Sneasler|Fake Out|p1a: Lycanroc
|-resisted|p1a: Lycanroc|1
|-damage|p1a: Lycanroc|88/100
|cant|p1a: Lycanroc|flinch
|move|p1b: Hydreigon|Earth Power|p2b: Sneasler
|-supereffective|p2b: Sneasler|1
|-damage|p2b: Sneasler|20/100y
|-unboost|p2b: Sneasler|spd|1
|-damage|p1b: Hydreigon|0 fnt|[from] item: Life Orb
|faint|p1b: Hydreigon
|move|p2a: Sinistcha|Matcha Gotcha|p1a: Lycanroc
|-supereffective|p1a: Lycanroc|1
|-damage|p1a: Lycanroc|0 fnt
|-heal|p2a: Sinistcha|62/100|[from] drain|[of] p1a: Lycanroc
|faint|p1a: Lycanroc
|
|win|Dike Guard
||SandroSSB is ready for game 2.
||Dike Guard is ready for game 2.
|uhtml|next|Next: Game 2 of 3
