|j|☆CorkscrewRacer
|j|☆ChrismillVGC
|html|CorkscrewRacerChrismillVGC    
|uhtml|bestof|Game 1 of a best-of-3
|t:|1756164177
|gametype|doubles
|player|p1|CorkscrewRacer|266|1000
|player|p2|ChrismillVGC|iris-gen5bw2|1015
|gen|9
|tier|[Gen 9] VGC 2025 Reg H (Bo3)
|rated|
|rule|Species Clause: Limit one of each Pokémon
|rule|Item Clause: Limit 1 of each item
|clearpoke
|poke|p1|Sneasler, L50, F|
|poke|p1|Dragapult, L50, M|
|poke|p1|Dondozo, L50, M|
|poke|p1|Tatsugiri, L50, M|
|poke|p1|Incineroar, L50, M|
|poke|p1|Rillaboom, L50, M|
|poke|p2|Gholdengo, L50|
|poke|p2|Sneasler, L50, M|
|poke|p2|Rillaboom, L50, M|
|poke|p2|Ninetales-Alola, L50, M|
|poke|p2|Arcanine-Hisui, L50, F|
|poke|p2|Dragonite, L50, M|
|teampreview|4
|showteam|p1|Sneasler||GrassySeed|Unburden|DireClaw,CloseCombat,Protect,FakeOut|||F|||50|,,,,,Ghost]Dragapult||ChoiceBand|ClearBody|DragonDarts,Outrage,PhantomForce,Uturn|||M|||50|,,,,,Dragon]Dondozo||Leftovers|Unaware|WaveCrash,HeavySlam,OrderUp,Protect|||M|||50|,,,,,Grass]Tatsugiri||LifeOrb|Commander|DracoMeteor,MuddyWater,IcyWind,Protect|||M|||50|,,,,,Stellar]Incineroar||AssaultVest|Intimidate|FakeOut,FlareBlitz,KnockOff,Uturn|||M|||50|,,,,,Ghost]Rillaboom||MiracleSeed|GrassySurge|GrassyGlide,WoodHammer,FakeOut,Taunt|||M|||50|,,,,,Fire
|showteam|p2|Gholdengo||GrassySeed|GoodasGold|NastyPlot,MakeItRain,ShadowBall,Protect||||||50|,,,,,Water]Sneasler||WhiteHerb|Unburden|CloseCombat,DireClaw,Coaching,Protect|||M|||50|,,,,,Ghost]Rillaboom||AssaultVest|GrassySurge|FakeOut,GrassyGlide,DrumBeating,HighHorsepower|||M|||50|,,,,,Fire]Ninetales-Alola||FocusSash|SnowWarning|Blizzard,IcyWind,Encore,AuroraVeil|||M|||50|,,,,,Ghost]Arcanine-Hisui||ClearAmulet|Intimidate|RockSlide,FlareBlitz,ExtremeSpeed,Protect|||F|||50|,,,,,Water]Dragonite||LoadedDice|Multiscale|ScaleShot,StompingTantrum,Tailwind,Protect|||M|||50|,,,,,Ground
|inactive|Battle timer is ON: inactive players will automatically lose when time's up. (requested by ChrismillVGC)
|j| BLiiNDProdiigy
|inactive|CorkscrewRacer has 60 seconds left.
|inactive|ChrismillVGC has 60 seconds left.
|inactive|CorkscrewRacer has 30 seconds left.
|
|t:|1756164242
|teamsize|p1|4
|teamsize|p2|4
|start
|switch|p1a: Dragapult|Dragapult, L50, M|100/100
|switch|p1b: Dondozo|Dondozo, L50, M|100/100
|switch|p2a: Ninetales|Ninetales-Alola, L50, M, shiny|100/100
|switch|p2b: Rillaboom|Rillaboom, L50, M|100/100
|-weather|Snowscape|[from] ability: Snow Warning|[of] p2a: Ninetales
|-fieldstart|move: Grassy Terrain|[from] ability: Grassy Surge|[of] p2b: Rillaboom
|turn|1
|inactive|CorkscrewRacer has 30 seconds left.
|inactive|CorkscrewRacer has 20 seconds left.
|inactive|CorkscrewRacer has 15 seconds left.
|inactive|CorkscrewRacer has 10 seconds left.
|inactive|CorkscrewRacer has 5 seconds left.
|
|t:|1756164293
|switch|p2b: Arcanine|Arcanine-Hisui, L50, F|100/100
|-ability|p2b: Arcanine|Intimidate|boost
|-fail|p1a: Dragapult|unboost|[from] ability: Clear Body|[of] p1a: Dragapult
|-unboost|p1b: Dondozo|atk|1
|-terastallize|p1b: Dondozo|Grass
|move|p1a: Dragapult|U-turn|p2b: Arcanine
|-resisted|p2b: Arcanine
|-damage|p2b: Arcanine|78/100
|
|t:|1756164302
|switch|p1a: Tatsugiri|Tatsugiri, L50, M|100/100|[from] U-turn
|-activate|p1a: Tatsugiri|ability: Commander|[of] p1b: Dondozo
|-boost|p1b: Dondozo|atk|2
|-boost|p1b: Dondozo|spa|2
|-boost|p1b: Dondozo|spe|2
|-boost|p1b: Dondozo|def|2
|-boost|p1b: Dondozo|spd|2
|move|p2a: Ninetales|Aurora Veil|p2a: Ninetales
|-sidestart|p2: ChrismillVGC|move: Aurora Veil
|move|p1b: Dondozo|Heavy Slam|p2a: Ninetales
|-supereffective|p2a: Ninetales
|-enditem|p2a: Ninetales|Focus Sash
|-damage|p2a: Ninetales|1/100
|
|-weather|Snowscape|[upkeep]
|-heal|p2a: Ninetales|7/100|[from] Grassy Terrain
|-heal|p2b: Arcanine|84/100|[from] Grassy Terrain
|upkeep
|turn|2
|inactive|CorkscrewRacer has 30 seconds left.
|inactive|ChrismillVGC has 30 seconds left.
|inactive|CorkscrewRacer has 20 seconds left.
|
|t:|1756164342
|switch|p2a: Rillaboom|Rillaboom, L50, M|100/100
|move|p1b: Dondozo|Heavy Slam|p2b: Arcanine
|-damage|p2b: Arcanine|67/100
|move|p2b: Arcanine|Rock Slide|p1a: Tatsugiri|[spread] p1b
|-miss|p2b: Arcanine|p1a: Tatsugiri
|-damage|p1b: Dondozo|91/100
|
|-weather|Snowscape|[upkeep]
|-heal|p1b: Dondozo|97/100|[from] Grassy Terrain
|-heal|p1b: Dondozo|100/100|[from] item: Leftovers
|-heal|p2b: Arcanine|72/100|[from] Grassy Terrain
|upkeep
|turn|3
|
|t:|1756164362
|switch|p2a: Gholdengo|Gholdengo, L50|100/100
|-enditem|p2a: Gholdengo|Grassy Seed
|-boost|p2a: Gholdengo|def|1|[from] item: Grassy Seed
|move|p1b: Dondozo|Wave Crash|p2b: Arcanine
|-supereffective|p2b: Arcanine
|-damage|p2b: Arcanine|0 fnt
|faint|p2b: Arcanine
|-damage|p1b: Dondozo|82/100|[from] Recoil
|
|-weather|Snowscape|[upkeep]
|-heal|p1b: Dondozo|89/100|[from] Grassy Terrain
|-heal|p1b: Dondozo|95/100|[from] item: Leftovers
|upkeep
|
|t:|1756164374
|switch|p2b: Rillaboom|Rillaboom, L50, M|100/100
|turn|4
|
|t:|1756164390
|switch|p2b: Ninetales|Ninetales-Alola, L50, M, shiny|7/100
|move|p1b: Dondozo|Wave Crash|p2a: Gholdengo
|-damage|p2a: Gholdengo|47/100
|-damage|p1b: Dondozo|80/100|[from] Recoil
|move|p2a: Gholdengo|Shadow Ball|p1b: Dondozo
|-damage|p1b: Dondozo|57/100
|
|-weather|Snowscape|[upkeep]
|-heal|p2b: Ninetales|13/100|[from] Grassy Terrain
|-heal|p1b: Dondozo|63/100|[from] Grassy Terrain
|-heal|p1b: Dondozo|69/100|[from] item: Leftovers
|-heal|p2a: Gholdengo|54/100|[from] Grassy Terrain
|upkeep
|turn|5
|
|t:|1756164409
|switch|p2b: Rillaboom|Rillaboom, L50, M|100/100
|-terastallize|p2a: Gholdengo|Water
|move|p1b: Dondozo|Heavy Slam|p2b: Rillaboom
|-damage|p2b: Rillaboom|82/100
|move|p2a: Gholdengo|Shadow Ball|p1b: Dondozo
|-damage|p1b: Dondozo|46/100
|
|-weather|none
|-heal|p1b: Dondozo|52/100|[from] Grassy Terrain
|-heal|p1b: Dondozo|58/100|[from] item: Leftovers
|-heal|p2b: Rillaboom|88/100|[from] Grassy Terrain
|-heal|p2a: Gholdengo|60/100|[from] Grassy Terrain
|-sideend|p2: ChrismillVGC|move: Aurora Veil
|-fieldend|move: Grassy Terrain
|upkeep
|turn|6
|
|t:|1756164427
|switch|p2b: Ninetales|Ninetales-Alola, L50, M, shiny|13/100
|-weather|Snowscape|[from] ability: Snow Warning|[of] p2b: Ninetales
|move|p1b: Dondozo|Wave Crash|p2b: Ninetales
|-damage|p2b: Ninetales|0 fnt
|faint|p2b: Ninetales
|-damage|p1b: Dondozo|56/100|[from] Recoil
|move|p2a: Gholdengo|Make It Rain|p1a: Tatsugiri|[spread] p1b
|-miss|p2a: Gholdengo|p1a: Tatsugiri
|-damage|p1b: Dondozo|29/100
|-unboost|p2a: Gholdengo|spa|1
|
|-weather|Snowscape|[upkeep]
|-heal|p1b: Dondozo|35/100|[from] item: Leftovers
|upkeep
|
|t:|1756164442
|switch|p2b: Rillaboom|Rillaboom, L50, M|88/100
|-fieldstart|move: Grassy Terrain|[from] ability: Grassy Surge|[of] p2b: Rillaboom
|turn|7
|-message|ChrismillVGC forfeited.
|
|win|CorkscrewRacer
|l|☆ChrismillVGC
|player|p2|
|raw|CorkscrewRacer's rating: 1000 → 1042(+42 for winning)
|raw|ChrismillVGC's rating: 1015 → 1002(-13 for losing)
|l| BLiiNDProdiigy
