|j|☆akahyden
|j|☆Tedi2002
|html|akahydenTedi2002    
|uhtml|bestof|Game 1 of a best-of-3
|t:|1785513513
|gametype|doubles
|player|p1|akahyden|unknownf|1322
|player|p2|Tedi2002|red|1343
|gen|9
|tier|[Gen 9 Champions] VGC 2026 Reg M-B (Bo3)
|rated|
|rule|Species Clause: Limit one of each Pokémon
|rule|Item Clause: Limit 1 of each item
|clearpoke
|poke|p1|Staraptor, L50, M|
|poke|p1|Milotic, L50, F|
|poke|p1|Tyranitar, L50, M|
|poke|p1|Gholdengo, L50|
|poke|p1|Excadrill, L50, M|
|poke|p1|Sinistcha, L50|
|poke|p2|Raichu, L50, M|
|poke|p2|Blaziken, L50, M|
|poke|p2|Ninetales-Alola, L50, F|
|poke|p2|Incineroar, L50, M|
|poke|p2|Basculegion, L50, M|
|poke|p2|Kingambit, L50, M|
|teampreview|4
|showteam|p1|Staraptor||Staraptite|Intimidate|BraveBird,CloseCombat,Tailwind,Protect|Jolly||M|||50|]Milotic||SitrusBerry|Competitive|Scald,IceBeam,IcyWind,Recover|Modest||F|||50|]Tyranitar||Tyranitarite|SandStream|RockSlide,KnockOff,LowKick,Protect|Adamant||M|||50|]Gholdengo||LifeOrb|GoodasGold|ShadowBall,MakeItRain,NastyPlot,Protect|Modest|||||50|]Excadrill||FocusSash|SandRush|HighHorsepower,IronHead,RockSlide,Protect|Adamant||M|||50|]Sinistcha||ColburBerry|Hospitality|MatchaGotcha,RagePowder,TrickRoom,Protect|Bold|||||50|
|showteam|p2|Raichu||RaichuniteY|LightningRod|ZapCannon,FocusBlast,FakeOut,Protect|Timid||M|||50|]Blaziken||Blazikenite|SpeedBoost|FlareBlitz,CloseCombat,RockSlide,Detect|Adamant||M|||50|]Ninetales-Alola||NeverMeltIce|SnowWarning|Blizzard,FreezeDry,AuroraVeil,Protect|Timid||F|||50|]Incineroar||ChopleBerry|Intimidate|DarkestLariat,FlareBlitz,FakeOut,PartingShot|Adamant||M|||50|]Basculegion||ChoiceScarf|SwiftSwim|WaveCrash,FlipTurn,AquaJet,LastRespects|Jolly||M|||50|]Kingambit||LifeOrb|Defiant|KowtowCleave,SuckerPunch,IronHead,Protect|Adamant||M|||50|
|inactive|Battle timer is ON: inactive players will automatically lose when time's up. (requested by akahyden)
|inactive|Tedi2002 has 60 seconds left.
|
|t:|1785513579
|teamsize|p1|4
|teamsize|p2|4
|start
|switch|p1a: Milotic|Milotic, L50, F|100/100
|switch|p1b: Excadrill|Excadrill, L50, M|100/100
|switch|p2a: Raichu|Raichu, L50, M|100/100
|switch|p2b: Blaziken|Blaziken, L50, M|100/100
|turn|1
|
|t:|1785513602
|detailschange|p2a: Raichu|Raichu-Mega-Y, L50, M
|-mega|p2a: Raichu|Raichu|Raichunite Y
|move|p1b: Excadrill|Protect|p1b: Excadrill
|-singleturn|p1b: Excadrill|Protect
|move|p2b: Blaziken|Detect|p2b: Blaziken
|-singleturn|p2b: Blaziken|Protect
|move|p2a: Raichu|Fake Out|p1b: Excadrill
|-activate|p1b: Excadrill|move: Protect
|move|p1a: Milotic|Icy Wind|p2a: Raichu|[spread] p2a
|-activate|p2b: Blaziken|move: Protect
|-damage|p2a: Raichu|85/100
|-unboost|p2a: Raichu|spe|1
|
|-ability|p2b: Blaziken|Speed Boost|boost
|-boost|p2b: Blaziken|spe|1
|upkeep
|turn|2
|
|t:|1785513621
|switch|p2a: Incineroar|Incineroar, L50, M|100/100
|-ability|p2a: Incineroar|Intimidate|boost
|-unboost|p1a: Milotic|atk|1
|-ability|p1a: Milotic|Competitive|boost
|-boost|p1a: Milotic|spa|2
|-unboost|p1b: Excadrill|atk|1
|switch|p1a: Tyranitar|Tyranitar, L50, M|100/100
|-weather|Sandstorm|[from] ability: Sand Stream|[of] p1a: Tyranitar
|move|p1b: Excadrill|High Horsepower|p2b: Blaziken
|-supereffective|p2b: Blaziken|1
|-damage|p2b: Blaziken|0 fnt
|faint|p2b: Blaziken
|
|-weather|Sandstorm|[upkeep]
|-damage|p2a: Incineroar|93/100|[from] Sandstorm
|upkeep
|
|t:|1785513635
|switch|p2b: Raichu|Raichu-Mega-Y, L50, M|85/100
|turn|3
|
|t:|1785513641
|move|p1b: Excadrill|Protect|p1b: Excadrill
|-singleturn|p1b: Excadrill|Protect
|move|p1a: Tyranitar|Protect|p1a: Tyranitar
|-singleturn|p1a: Tyranitar|Protect
|move|p2a: Incineroar|Fake Out|p1b: Excadrill
|-activate|p1b: Excadrill|move: Protect
|move|p2b: Raichu|Focus Blast|p1a: Tyranitar
|-activate|p1a: Tyranitar|move: Protect
|
|-weather|Sandstorm|[upkeep]
|-damage|p2b: Raichu|79/100|[from] Sandstorm
|-damage|p2a: Incineroar|87/100|[from] Sandstorm
|upkeep
|turn|4
|
|t:|1785513650
|detailschange|p1a: Tyranitar|Tyranitar-Mega, L50, M
|-mega|p1a: Tyranitar|Tyranitar|Tyranitarite
|move|p2b: Raichu|Protect|p2b: Raichu
|-singleturn|p2b: Raichu|Protect
|move|p1b: Excadrill|High Horsepower|p2b: Raichu
|-activate|p2b: Raichu|move: Protect
|move|p1a: Tyranitar|Rock Slide|p2b: Raichu|[spread] p2a
|-activate|p2b: Raichu|move: Protect
|-supereffective|p2a: Incineroar|1
|-damage|p2a: Incineroar|28/100
|move|p2a: Incineroar|Flare Blitz|p1b: Excadrill
|-supereffective|p1b: Excadrill|1
|-enditem|p1b: Excadrill|Focus Sash
|-damage|p1b: Excadrill|1/100
|-damage|p2a: Incineroar|0 fnt|[from] Recoil
|faint|p2a: Incineroar
|
|-weather|Sandstorm|[upkeep]
|-damage|p2b: Raichu|73/100|[from] Sandstorm
|upkeep
|
|t:|1785513653
|switch|p2a: Ninetales|Ninetales-Alola, L50, F|100/100
|-weather|Snowscape|[from] ability: Snow Warning|[of] p2a: Ninetales
|turn|5
|
|t:|1785513667
|switch|p1a: Milotic|Milotic, L50, F|100/100
|move|p1b: Excadrill|Protect|p1b: Excadrill
|-singleturn|p1b: Excadrill|Protect
|move|p2b: Raichu|Focus Blast|p1a: Milotic
|-crit|p1a: Milotic
|-damage|p1a: Milotic|49/100
|-enditem|p1a: Milotic|Sitrus Berry|[eat]
|-heal|p1a: Milotic|74/100|[from] item: Sitrus Berry
|move|p2a: Ninetales|Blizzard|p1b: Excadrill|[spread] p1a
|-activate|p1b: Excadrill|move: Protect
|-resisted|p1a: Milotic|1
|-damage|p1a: Milotic|60/100
|
|-weather|Snowscape|[upkeep]
|upkeep
|turn|6
|
|t:|1785513681
|switch|p1b: Staraptor|Staraptor, L50, M|100/100
|-ability|p1b: Staraptor|Intimidate|boost
|-unboost|p2a: Ninetales|atk|1
|-unboost|p2b: Raichu|atk|1
|move|p2b: Raichu|Protect|p2b: Raichu
|-singleturn|p2b: Raichu|Protect
|move|p2a: Ninetales|Freeze-Dry|p1b: Staraptor
|-supereffective|p1b: Staraptor|1
|-damage|p1b: Staraptor|1/100
|move|p1a: Milotic|Icy Wind|p2b: Raichu|[spread] p2a
|-activate|p2b: Raichu|move: Protect
|-resisted|p2a: Ninetales|1
|-damage|p2a: Ninetales|94/100
|-unboost|p2a: Ninetales|spe|1
|
|-weather|Snowscape|[upkeep]
|upkeep
|turn|7
|
|t:|1785513696
|move|p2b: Raichu|Zap Cannon|p1b: Staraptor
|-supereffective|p1b: Staraptor|1
|-damage|p1b: Staraptor|0 fnt
|faint|p1b: Staraptor
|move|p2a: Ninetales|Freeze-Dry|p1a: Milotic
|-supereffective|p1a: Milotic|1
|-crit|p1a: Milotic
|-damage|p1a: Milotic|0 fnt
|faint|p1a: Milotic
|
|-weather|Snowscape|[upkeep]
|upkeep
|
|t:|1785513700
|switch|p1b: Tyranitar|Tyranitar-Mega, L50, M|100/100
|switch|p1a: Excadrill|Excadrill, L50, M|1/100
|-weather|Sandstorm|[from] ability: Sand Stream|[of] p1b: Tyranitar
|turn|8
|
|t:|1785513717
|move|p2b: Raichu|Protect|p2b: Raichu
|-singleturn|p2b: Raichu|Protect
|move|p1a: Excadrill|Rock Slide|p2a: Ninetales|[spread] p2a
|-activate|p2b: Raichu|move: Protect
|-supereffective|p2a: Ninetales|1
|-damage|p2a: Ninetales|30/100
|move|p1b: Tyranitar|Rock Slide|p2a: Ninetales|[spread] p2a
|-activate|p2b: Raichu|move: Protect
|-supereffective|p2a: Ninetales|1
|-damage|p2a: Ninetales|0 fnt
|faint|p2a: Ninetales
|
|-weather|Sandstorm|[upkeep]
|-damage|p2b: Raichu|67/100|[from] Sandstorm
|upkeep
|turn|9
|
|t:|1785513729
|move|p1a: Excadrill|High Horsepower|p2b: Raichu
|-supereffective|p2b: Raichu|1
|-damage|p2b: Raichu|0 fnt
|faint|p2b: Raichu
|
|win|akahyden
||Tedi2002 is ready for game 2.
||akahyden is ready for game 2.
|uhtml|next|Next: Game 2 of 3
|l|☆Tedi2002
|player|p2|
