|j|☆notsadit
|j|☆washingtongargacha
|html|notsaditwashingtongargacha    
|uhtml|bestof|Game 1 of a best-of-3
|t:|1757201385
|gametype|doubles
|player|p1|notsadit|101|1096
|player|p2|washingtongargacha|169|1099
|gen|9
|tier|[Gen 9] VGC 2025 Reg H (Bo3)
|rated|
|rule|Species Clause: Limit one of each Pokémon
|rule|Item Clause: Limit 1 of each item
|clearpoke
|poke|p1|Indeedee-F, L50, F|
|poke|p1|Hatterene, L50, F|
|poke|p1|Gallade, L50, M|
|poke|p1|Ursaluna, L50, F|
|poke|p1|Lilligant-Hisui, L50, F|
|poke|p1|Torkoal, L50, F|
|poke|p2|Lilligant-Hisui, L50, F|
|poke|p2|Hatterene, L50, F|
|poke|p2|Ursaluna, L50, M|
|poke|p2|Indeedee-F, L50, F|
|poke|p2|Torkoal, L50, M|
|poke|p2|Gallade, L50, M|
|teampreview|4
|showteam|p1|Indeedee-F||PsychicSeed|PsychicSurge|TrickRoom,FollowMe,HelpingHand,DazzlingGleam|||F|||50|,,,,,Fire]Hatterene||LifeOrb|MagicBounce|ExpandingForce,TrickRoom,DazzlingGleam,Protect|||F|||50|,,,,,Psychic]Gallade||ClearAmulet|Sharpness|PsychoCut,TrickRoom,SacredSword,WideGuard|||M|||50|,,,,,Grass]Ursaluna||FlameOrb|Guts|HeadlongRush,Facade,SwordsDance,Protect|||F|||50|,,,,,Ghost]Lilligant-Hisui||FocusSash|Chlorophyll|SolarBlade,SleepPowder,CloseCombat,AfterYou|||F|||50|,,,,,Ghost]Torkoal||FlamePlate|Drought|Eruption,HeatWave,WeatherBall,EarthPower|||F|||50|,,,,,Fire
|showteam|p2|Lilligant-Hisui||FocusSash|Chlorophyll|TripleAxel,AfterYou,CloseCombat,SleepPowder|||F|||50|,,,,,Ghost]Hatterene||CovertCloak|MagicBounce|DazzlingGleam,ExpandingForce,TrickRoom,MysticalFire|||F|||50|,,,,,Fire]Ursaluna||FlameOrb|Guts|Facade,HeadlongRush,Earthquake,Protect|||M|||50|,,,,,Ghost]Indeedee-F||PsychicSeed|PsychicSurge|Psychic,TrickRoom,HelpingHand,FollowMe|||F|||50|,,,,,Dragon]Torkoal||FlamePlate|Drought|Eruption,WeatherBall,HeatWave,Protect|||M|||50|,,,,,Fire]Gallade||ClearAmulet|Sharpness|PsychoCut,SacredSword,TrickRoom,WideGuard|||M|||50|,,,,,Grass
|inactive|Battle timer is ON: inactive players will automatically lose when time's up. (requested by notsadit)
|
|t:|1757201425
|teamsize|p1|4
|teamsize|p2|4
|start
|switch|p1a: Lilligant|Lilligant-Hisui, L50, F|100/100
|switch|p1b: Gallade|Gallade, L50, M|100/100
|switch|p2a: Gallade|Gallade, L50, M|100/100
|switch|p2b: Indeedee|Indeedee-F, L50, F|100/100
|-fieldstart|move: Psychic Terrain|[from] ability: Psychic Surge|[of] p2b: Indeedee
|-enditem|p2b: Indeedee|Psychic Seed
|-boost|p2b: Indeedee|spd|1|[from] item: Psychic Seed
|turn|1
|inactive|notsadit has 30 seconds left.
|inactive|notsadit has 20 seconds left.
|inactive|notsadit has 15 seconds left.
|inactive|notsadit has 10 seconds left.
|inactive|notsadit has 5 seconds left.
|
|t:|1757201478
|move|p2b: Indeedee|Follow Me|p2b: Indeedee
|-singleturn|p2b: Indeedee|move: Follow Me
|move|p1a: Lilligant|After You||[still]
|-fail|p1a: Lilligant
|move|p1b: Gallade|Psycho Cut|p2b: Indeedee
|-resisted|p2b: Indeedee
|-damage|p2b: Indeedee|63/100
|move|p2a: Gallade|Psycho Cut|p1b: Gallade
|-damage|p1b: Gallade|0 fnt
|faint|p1b: Gallade
|
|upkeep
|
|t:|1757201486
|switch|p1b: Torkoal|Torkoal, L50, F|100/100
|-weather|SunnyDay|[from] ability: Drought|[of] p1b: Torkoal
|turn|2
|
|t:|1757201503
|move|p2a: Gallade|Wide Guard|p2a: Gallade
|-singleturn|p2a: Gallade|Wide Guard
|move|p1a: Lilligant|After You|p1b: Torkoal
|-activate|p1b: Torkoal|move: After You
|move|p1b: Torkoal|Weather Ball|p2a: Gallade
|-damage|p2a: Gallade|21/100
|move|p2b: Indeedee|Psychic|p1a: Lilligant
|-supereffective|p1a: Lilligant
|-crit|p1a: Lilligant
|-enditem|p1a: Lilligant|Focus Sash
|-damage|p1a: Lilligant|1/100
|
|-weather|SunnyDay|[upkeep]
|upkeep
|turn|3
|inactive|washingtongargacha has 30 seconds left.
|
|t:|1757201539
|move|p2a: Gallade|Wide Guard|p2a: Gallade
|-singleturn|p2a: Gallade|Wide Guard
|move|p2b: Indeedee|Follow Me|p2b: Indeedee
|-singleturn|p2b: Indeedee|move: Follow Me
|move|p1a: Lilligant|Solar Blade||[still]
|-prepare|p1a: Lilligant|Solar Blade
|-anim|p1a: Lilligant|Solar Blade|p2b: Indeedee
|-damage|p2b: Indeedee|12/100
|move|p1b: Torkoal|Eruption|p2a: Gallade|[spread] 
|-activate|p2a: Gallade|move: Wide Guard
|-activate|p2b: Indeedee|move: Wide Guard
|
|-weather|SunnyDay|[upkeep]
|upkeep
|turn|4
|inactive|washingtongargacha has 30 seconds left.
|inactive|washingtongargacha has 20 seconds left.
|inactive|washingtongargacha has 15 seconds left.
|
|t:|1757201579
|move|p2b: Indeedee|Follow Me|p2b: Indeedee
|-singleturn|p2b: Indeedee|move: Follow Me
|move|p1a: Lilligant|Solar Blade||[still]
|-prepare|p1a: Lilligant|Solar Blade
|-anim|p1a: Lilligant|Solar Blade|p2b: Indeedee
|-damage|p2b: Indeedee|0 fnt
|faint|p2b: Indeedee
|move|p2a: Gallade|Sacred Sword|p1b: Torkoal
|-damage|p1b: Torkoal|48/100
|move|p1b: Torkoal|Eruption|p2a: Gallade
|-damage|p2a: Gallade|0 fnt
|faint|p2a: Gallade
|
|-weather|SunnyDay|[upkeep]
|upkeep
|
|t:|1757201592
|switch|p2a: Torkoal|Torkoal, L50, M|100/100
|switch|p2b: Lilligant|Lilligant-Hisui, L50, F|100/100
|turn|5
|inactive|notsadit has 30 seconds left.
|inactive|notsadit has 20 seconds left.
|inactive|notsadit has 15 seconds left.
|inactive|notsadit has 10 seconds left.
|inactive|notsadit has 5 seconds left.
|
|t:|1757201645
|move|p1a: Lilligant|Close Combat|p2b: Lilligant
|-damage|p2b: Lilligant|23/100
|-unboost|p1a: Lilligant|def|1
|-unboost|p1a: Lilligant|spd|1
|move|p2b: Lilligant|After You|p2a: Torkoal
|-activate|p2a: Torkoal|move: After You
|move|p2a: Torkoal|Eruption|p1b: Torkoal|[spread] p1a,p1b
|-supereffective|p1a: Lilligant
|-crit|p1a: Lilligant
|-resisted|p1b: Torkoal
|-damage|p1a: Lilligant|0 fnt
|-damage|p1b: Torkoal|0 fnt
|faint|p1a: Lilligant
|faint|p1b: Torkoal
|
|-weather|SunnyDay|[upkeep]
|-fieldend|move: Psychic Terrain
|upkeep
|
|t:|1757201653
|switch|p1b: Ursaluna|Ursaluna, L50, F|100/100
|turn|6
|
|t:|1757201673
|move|p1b: Ursaluna|Protect|p1b: Ursaluna
|-singleturn|p1b: Ursaluna|Protect
|move|p2b: Lilligant|Sleep Powder|p1b: Ursaluna
|-activate|p1b: Ursaluna|move: Protect
|move|p2a: Torkoal|Eruption|p1b: Ursaluna
|-activate|p1b: Ursaluna|move: Protect
|
|-weather|none
|-status|p1b: Ursaluna|brn|[from] item: Flame Orb
|upkeep
|turn|7
|inactive|notsadit has 30 seconds left.
|inactive|washingtongargacha has 30 seconds left.
|inactive|washingtongargacha has 20 seconds left.
|inactive|washingtongargacha has 15 seconds left.
|
|t:|1757201717
|-terastallize|p1b: Ursaluna|Ghost
|-terastallize|p2a: Torkoal|Fire
|move|p2b: Lilligant|Sleep Powder|p1b: Ursaluna|[miss]
|-miss|p2b: Lilligant|p1b: Ursaluna
|move|p1b: Ursaluna|Headlong Rush|p2a: Torkoal
|-supereffective|p2a: Torkoal
|-damage|p2a: Torkoal|0 fnt
|-unboost|p1b: Ursaluna|def|1
|-unboost|p1b: Ursaluna|spd|1
|faint|p2a: Torkoal
|
|-damage|p1b: Ursaluna|95/100 brn|[from] brn
|upkeep
|turn|8
|
|t:|1757201731
|move|p2b: Lilligant|Sleep Powder|p1b: Ursaluna|[miss]
|-miss|p2b: Lilligant|p1b: Ursaluna
|move|p1b: Ursaluna|Facade|p2b: Lilligant
|-damage|p2b: Lilligant|0 fnt
|faint|p2b: Lilligant
|
|win|notsadit
