|j|☆We_Are_Toasted
|j|☆chaoticfarmer
|html|We_Are_Toastedchaoticfarmer    
|uhtml|bestof|Game 1 of a best-of-3
|t:|1757126544
|gametype|doubles
|player|p1|We_Are_Toasted|larry|1160
|player|p2|chaoticfarmer|norman|1284
|gen|9
|tier|[Gen 9] VGC 2025 Reg H (Bo3)
|rated|
|rule|Species Clause: Limit one of each Pokémon
|rule|Item Clause: Limit 1 of each item
|clearpoke
|poke|p1|Hydreigon, L50, M|
|poke|p1|Incineroar, L50, M|
|poke|p1|Porygon2, L50|
|poke|p1|Ursaluna, L50, M|
|poke|p1|Amoonguss, L50, F|
|poke|p1|Gholdengo, L50|
|poke|p2|Rillaboom, L50, M|
|poke|p2|Pelipper, L50, F|
|poke|p2|Sneasler, L50, M|
|poke|p2|Cetitan, L50, F|
|poke|p2|Malamar, L50, F|
|poke|p2|Ursaluna-Bloodmoon, L50, M|
|teampreview|4
|showteam|p1|Hydreigon||SafetyGoggles|Levitate|Snarl,DracoMeteor,Tailwind,Protect|||M|||50|,,,,,Ghost]Incineroar||SitrusBerry|Intimidate|FlareBlitz,KnockOff,PartingShot,FakeOut|||M|||50|,,,,,Ghost]Porygon2||Eviolite|Download|TeraBlast,IceBeam,TrickRoom,Recover||||||50|,,,,,Fighting]Ursaluna||FlameOrb|Guts|Facade,HeadlongRush,Earthquake,Protect|||M|||50|,,,,,Ghost]Amoonguss||RockyHelmet|Regenerator|PollenPuff,Spore,RagePowder,Protect|||F|||50|,,,,,Fire]Gholdengo||MetalCoat|GoodasGold|MakeItRain,ShadowBall,NastyPlot,Protect||||||50|,,,,,Water
|showteam|p2|Rillaboom||AssaultVest|GrassySurge|FakeOut,GrassyGlide,WoodHammer,Uturn|||M|||50|,,,,,Fire]Pelipper||FocusSash|Drizzle|Tailwind,Hurricane,Protect,WeatherBall|||F|||50|,,,,,Fairy]Sneasler||GrassySeed|Unburden|CloseCombat,DireClaw,ThroatChop,Protect|||M|||50|,,,,,Dark]Cetitan||LifeOrb|SheerForce|IcicleCrash,Liquidation,IceShard,Protect|||F|||50|,,,,,Water]Malamar||CovertCloak|Contrary|TopsyTurvy,KnockOff,Superpower,TrickRoom|||F|||50|,,,,,Steel]Ursaluna-Bloodmoon||SafetyGoggles|MindsEye|BloodMoon,HyperVoice,EarthPower,Protect|||M|||50|,,,,,Ghost
|inactive|Battle timer is ON: inactive players will automatically lose when time's up. (requested by chaoticfarmer)
|inactive|We_Are_Toasted has 60 seconds left.
|inactive|chaoticfarmer has 60 seconds left.
|inactive|We_Are_Toasted has 30 seconds left.
|inactive|We_Are_Toasted has 20 seconds left.
|inactive|We_Are_Toasted has 15 seconds left.
|
|t:|1757126622
|teamsize|p1|4
|teamsize|p2|4
|start
|switch|p1a: Amoonguss|Amoonguss, L50, F, shiny|100/100
|switch|p1b: Porygon2|Porygon2, L50|100/100
|switch|p2a: Rillaboom|Rillaboom, L50, M|100/100
|switch|p2b: Sneasler|Sneasler, L50, M|100/100
|-fieldstart|move: Grassy Terrain|[from] ability: Grassy Surge|[of] p2a: Rillaboom
|-enditem|p2b: Sneasler|Grassy Seed
|-boost|p2b: Sneasler|def|1|[from] item: Grassy Seed
|-ability|p1b: Porygon2|Download|boost
|-boost|p1b: Porygon2|spa|1
|turn|1
|inactive|We_Are_Toasted has 30 seconds left.
|
|t:|1757126653
|move|p2a: Rillaboom|Fake Out|p1a: Amoonguss
|-damage|p1a: Amoonguss|86/100
|-damage|p2a: Rillaboom|84/100|[from] item: Rocky Helmet|[of] p1a: Amoonguss
|move|p2b: Sneasler|Dire Claw|p1b: Porygon2
|-damage|p1b: Porygon2|70/100
|-status|p1b: Porygon2|par
|cant|p1a: Amoonguss|flinch
|move|p1b: Porygon2|Trick Room|p1b: Porygon2
|-fieldstart|move: Trick Room|[of] p1b: Porygon2
|
|-heal|p1b: Porygon2|77/100 par|[from] Grassy Terrain
|-heal|p1a: Amoonguss|92/100|[from] Grassy Terrain
|-heal|p2a: Rillaboom|90/100|[from] Grassy Terrain
|upkeep
|turn|2
|inactive|We_Are_Toasted has 30 seconds left.
|inactive|chaoticfarmer has 30 seconds left.
|inactive|chaoticfarmer has 20 seconds left.
|inactive|chaoticfarmer has 15 seconds left.
|
|t:|1757126694
|move|p1b: Porygon2|Ice Beam|p2a: Rillaboom
|-supereffective|p2a: Rillaboom
|-damage|p2a: Rillaboom|31/100
|move|p1a: Amoonguss|Spore|p2b: Sneasler
|-status|p2b: Sneasler|slp|[from] move: Spore
|move|p2a: Rillaboom|U-turn|p1a: Amoonguss
|-damage|p1a: Amoonguss|68/100
|-damage|p2a: Rillaboom|14/100|[from] item: Rocky Helmet|[of] p1a: Amoonguss
|
|t:|1757126700
|switch|p2a: Ursaluna|Ursaluna-Bloodmoon, L50, M|100/100|[from] U-turn
|cant|p2b: Sneasler|slp
|
|-heal|p1b: Porygon2|83/100 par|[from] Grassy Terrain
|-heal|p1a: Amoonguss|74/100|[from] Grassy Terrain
|upkeep
|turn|3
|inactive|We_Are_Toasted has 30 seconds left.
|
|t:|1757126731
|-terastallize|p2a: Ursaluna|Ghost
|move|p1b: Porygon2|Tera Blast|p2b: Sneasler
|-damage|p2b: Sneasler|19/100 slp
|move|p1a: Amoonguss|Pollen Puff|p2b: Sneasler
|-resisted|p2b: Sneasler
|-damage|p2b: Sneasler|13/100 slp
|move|p2a: Ursaluna|Blood Moon|p1a: Amoonguss
|-damage|p1a: Amoonguss|17/100
|cant|p2b: Sneasler|slp
|
|-heal|p1b: Porygon2|89/100 par|[from] Grassy Terrain
|-heal|p1a: Amoonguss|23/100|[from] Grassy Terrain
|-heal|p2b: Sneasler|19/100 slp|[from] Grassy Terrain
|upkeep
|turn|4
|inactive|We_Are_Toasted has 30 seconds left.
|inactive|chaoticfarmer has 30 seconds left.
|
|t:|1757126765
|switch|p1a: Ursaluna|Ursaluna, L50, M|100/100
|-curestatus|p2b: Sneasler|slp|[msg]
|move|p2b: Sneasler|Protect|p2b: Sneasler
|-singleturn|p2b: Sneasler|Protect
|cant|p1b: Porygon2|par
|move|p2a: Ursaluna|Hyper Voice|p1b: Porygon2|[spread] p1a,p1b
|-damage|p1a: Ursaluna|60/100
|-damage|p1b: Porygon2|67/100 par
|
|-heal|p1b: Porygon2|73/100 par|[from] Grassy Terrain
|-heal|p1a: Ursaluna|66/100|[from] Grassy Terrain
|-heal|p2b: Sneasler|25/100|[from] Grassy Terrain
|-status|p1a: Ursaluna|brn|[from] item: Flame Orb
|upkeep
|turn|5
|inactive|We_Are_Toasted has 30 seconds left.
|inactive|chaoticfarmer has 30 seconds left.
|inactive|chaoticfarmer has 20 seconds left.
|inactive|chaoticfarmer has 15 seconds left.
|inactive|chaoticfarmer has 10 seconds left.
|
|t:|1757126812
|switch|p2b: Malamar|Malamar, L50, F|100/100
|move|p1b: Porygon2|Tera Blast|p2b: Malamar
|-damage|p2b: Malamar|35/100
|move|p2a: Ursaluna|Blood Moon|p1a: Ursaluna
|-damage|p1a: Ursaluna|0 fnt
|faint|p1a: Ursaluna
|
|-heal|p1b: Porygon2|79/100 par|[from] Grassy Terrain
|-heal|p2b: Malamar|40/100|[from] Grassy Terrain
|-fieldend|move: Trick Room
|-fieldend|move: Grassy Terrain
|upkeep
|
|t:|1757126822
|switch|p1a: Gholdengo|Gholdengo, L50|100/100
|turn|6
|inactive|We_Are_Toasted has 30 seconds left.
|inactive|We_Are_Toasted has 20 seconds left.
|inactive|We_Are_Toasted has 15 seconds left.
|inactive|We_Are_Toasted has 10 seconds left.
|inactive|We_Are_Toasted has 5 seconds left.
|
|t:|1757126875
|-terastallize|p1a: Gholdengo|Water
|move|p2a: Ursaluna|Protect|p2a: Ursaluna
|-singleturn|p2a: Ursaluna|Protect
|move|p1a: Gholdengo|Shadow Ball|p2a: Ursaluna
|-activate|p2a: Ursaluna|move: Protect
|move|p2b: Malamar|Knock Off|p1b: Porygon2
|-damage|p1b: Porygon2|56/100 par
|-enditem|p1b: Porygon2|Eviolite|[from] move: Knock Off|[of] p2b: Malamar
|move|p1b: Porygon2|Tera Blast|p2b: Malamar
|-damage|p2b: Malamar|0 fnt
|faint|p2b: Malamar
|
|upkeep
|
|t:|1757126895
|switch|p2b: Rillaboom|Rillaboom, L50, M|14/100
|-fieldstart|move: Grassy Terrain|[from] ability: Grassy Surge|[of] p2b: Rillaboom
|turn|7
|inactive|We_Are_Toasted has 30 seconds left.
|inactive|We_Are_Toasted has 20 seconds left.
|inactive|We_Are_Toasted has 15 seconds left.
|inactive|We_Are_Toasted has 10 seconds left.
|inactive|We_Are_Toasted has 5 seconds left.
|
|t:|1757126946
|move|p1a: Gholdengo|Protect|p1a: Gholdengo
|-singleturn|p1a: Gholdengo|Protect
|move|p2b: Rillaboom|Fake Out|p1a: Gholdengo
|-activate|p1a: Gholdengo|move: Protect
|move|p2a: Ursaluna|Blood Moon|p1b: Porygon2
|-damage|p1b: Porygon2|0 fnt
|faint|p1b: Porygon2
|
|-heal|p2b: Rillaboom|20/100|[from] Grassy Terrain
|upkeep
|
|t:|1757126949
|switch|p1b: Amoonguss|Amoonguss, L50, F, shiny|57/100
|turn|8
|inactive|chaoticfarmer has 30 seconds left.
|
|t:|1757126979
|move|p2a: Ursaluna|Protect|p2a: Ursaluna
|-singleturn|p2a: Ursaluna|Protect
|move|p2b: Rillaboom|Grassy Glide|p1a: Gholdengo
|-supereffective|p1a: Gholdengo
|-damage|p1a: Gholdengo|33/100
|move|p1a: Gholdengo|Make It Rain|p2b: Rillaboom|[spread] p2b
|-activate|p2a: Ursaluna|move: Protect
|-damage|p2b: Rillaboom|0 fnt
|-unboost|p1a: Gholdengo|spa|1
|faint|p2b: Rillaboom
|move|p1b: Amoonguss|Pollen Puff|p1a: Gholdengo
|-heal|p1a: Gholdengo|83/100
|
|-heal|p1a: Gholdengo|89/100|[from] Grassy Terrain
|-heal|p1b: Amoonguss|63/100|[from] Grassy Terrain
|upkeep
|
|t:|1757126989
|switch|p2b: Sneasler|Sneasler, L50, M|25/100
|turn|9
|
|t:|1757127001
|move|p1a: Gholdengo|Protect|p1a: Gholdengo
|-singleturn|p1a: Gholdengo|Protect
|move|p1b: Amoonguss|Protect|p1b: Amoonguss
|-singleturn|p1b: Amoonguss|Protect
|move|p2b: Sneasler|Dire Claw|p1b: Amoonguss
|-activate|p1b: Amoonguss|move: Protect
|move|p2a: Ursaluna|Earth Power|p1b: Amoonguss
|-activate|p1b: Amoonguss|move: Protect
|
|-heal|p2b: Sneasler|31/100|[from] Grassy Terrain
|-heal|p1a: Gholdengo|95/100|[from] Grassy Terrain
|-heal|p1b: Amoonguss|69/100|[from] Grassy Terrain
|upkeep
|turn|10
|inactive|We_Are_Toasted has 30 seconds left.
|inactive|We_Are_Toasted has 20 seconds left.
|inactive|We_Are_Toasted has 15 seconds left.
|inactive|We_Are_Toasted has 10 seconds left.
|
|t:|1757127051
|move|p1a: Gholdengo|Protect|p1a: Gholdengo
|-singleturn|p1a: Gholdengo|Protect
|move|p2b: Sneasler|Dire Claw|p1a: Gholdengo
|-activate|p1a: Gholdengo|move: Protect
|move|p2a: Ursaluna|Blood Moon|p1a: Gholdengo
|-activate|p1a: Gholdengo|move: Protect
|move|p1b: Amoonguss|Spore|p2b: Sneasler
|-status|p2b: Sneasler|slp|[from] move: Spore
|
|-heal|p2b: Sneasler|37/100 slp|[from] Grassy Terrain
|-heal|p1a: Gholdengo|100/100|[from] Grassy Terrain
|-heal|p1b: Amoonguss|74/100|[from] Grassy Terrain
|upkeep
|turn|11
|inactive|We_Are_Toasted has 30 seconds left.
|
|t:|1757127082
|move|p2a: Ursaluna|Protect|p2a: Ursaluna
|-singleturn|p2a: Ursaluna|Protect
|cant|p2b: Sneasler|slp
|move|p1a: Gholdengo|Nasty Plot|p1a: Gholdengo
|-boost|p1a: Gholdengo|spa|2
|move|p1b: Amoonguss|Pollen Puff|p1a: Gholdengo
|
|-heal|p2b: Sneasler|42/100 slp|[from] Grassy Terrain
|-heal|p1b: Amoonguss|80/100|[from] Grassy Terrain
|-fieldend|move: Grassy Terrain
|upkeep
|turn|12
|
|t:|1757127097
|move|p1b: Amoonguss|Rage Powder|p1b: Amoonguss
|-singleturn|p1b: Amoonguss|move: Rage Powder
|-curestatus|p2b: Sneasler|slp|[msg]
|move|p2b: Sneasler|Dire Claw|p1b: Amoonguss
|-damage|p1b: Amoonguss|39/100
|-damage|p2b: Sneasler|26/100|[from] item: Rocky Helmet|[of] p1b: Amoonguss
|move|p1a: Gholdengo|Shadow Ball|p2a: Ursaluna
|-supereffective|p2a: Ursaluna
|-damage|p2a: Ursaluna|0 fnt
|faint|p2a: Ursaluna
|
|upkeep
|turn|13
|-message|chaoticfarmer forfeited.
|
|win|We_Are_Toasted
|l|☆chaoticfarmer
|player|p2|
||chaoticfarmer is ready for game 2.
