|j|☆fortree21utube
|j|☆Ronansting
|html|fortree21utubeRonansting    
|uhtml|bestof|Game 2 of a best-of-3
|t:|1755171147
|gametype|doubles
|player|p1|fortree21utube|265|1234
|player|p2|Ronansting|baker|1503
|gen|9
|tier|[Gen 9] VGC 2025 Reg H (Bo3)
|rated|
|rule|Species Clause: Limit one of each Pokémon
|rule|Item Clause: Limit 1 of each item
|clearpoke
|poke|p1|Sneasler, L50, M|
|poke|p1|Indeedee, L50, M|
|poke|p1|Ursaluna-Bloodmoon, L50, M|
|poke|p1|Electabuzz, L50, F|
|poke|p1|Incineroar, L50, M|
|poke|p1|Talonflame, L50, M|
|poke|p2|Archaludon, L50, F|
|poke|p2|Pelipper, L50, F|
|poke|p2|Indeedee, L50, M|
|poke|p2|Amoonguss, L50, F|
|poke|p2|Basculegion, L50, M|
|poke|p2|Hydreigon, L50, M|
|teampreview|4
|showteam|p1|Sneasler||PsychicSeed|Unburden|CloseCombat,DireClaw,ThroatChop,Protect|||M|||50|,,,,,Dark]Indeedee||FocusSash|PsychicSurge|ExpandingForce,TrickRoom,HelpingHand,Protect|||M|||50|,,,,,Psychic]Ursaluna-Bloodmoon||LifeOrb|MindsEye|BloodMoon,HyperVoice,EarthPower,Protect|||M|||50|,,,,,Normal]Electabuzz||Eviolite|VitalSpirit|Electroweb,FollowMe,Taunt,Protect|||F|||50|,,,,,Dragon]Incineroar||SafetyGoggles|Intimidate|FlareBlitz,KnockOff,PartingShot,FakeOut|||M|||50|,,,,,Ghost]Talonflame||CovertCloak|GaleWings|FlareBlitz,DualWingbeat,WillOWisp,Tailwind|||M|||50|,,,,,Fairy
|showteam|p2|Archaludon||AssaultVest|Stamina|ElectroShot,DracoMeteor,BodyPress,FlashCannon|||F|||50|,,,,,Grass]Pelipper||FocusSash|Drizzle|WeatherBall,Hurricane,Tailwind,Protect|||F|||50|,,,,,Ghost]Indeedee||ChoiceScarf|PsychicSurge|ExpandingForce,TeraBlast,Trick,DazzlingGleam|||M|||50|,,,,,Ground]Amoonguss||SitrusBerry|Regenerator|Spore,SludgeBomb,Protect,RagePowder|||F|||50|,,,,,Water]Basculegion||ChoiceBand|SwiftSwim|FlipTurn,WaveCrash,LastRespects,AquaJet|||M|||50|,,,,,Poison]Hydreigon||CovertCloak|Levitate|Taunt,Snarl,DracoMeteor,EarthPower|||M|||50|,,,,,Fairy
|
|t:|1755171211
|teamsize|p1|4
|teamsize|p2|4
|start
|switch|p1a: Ursaluna|Ursaluna-Bloodmoon, L50, M|100/100
|switch|p1b: Electabuzz|Electabuzz, L50, F|100/100
|switch|p2a: Schmooner|Amoonguss, L50, F|100/100
|switch|p2b: Empire|Basculegion, L50, M|100/100
|turn|1
|
|t:|1755171228
|-terastallize|p1a: Ursaluna|Normal
|move|p2a: Schmooner|Protect|p2a: Schmooner
|-singleturn|p2a: Schmooner|Protect
|move|p1b: Electabuzz|Taunt|p2a: Schmooner
|-activate|p2a: Schmooner|move: Protect
|move|p2b: Empire|Flip Turn|p1b: Electabuzz
|-damage|p1b: Electabuzz|58/100
|
|t:|1755171236
|switch|p2b: Arching|Archaludon, L50, F|100/100|[from] Flip Turn
|move|p1a: Ursaluna|Blood Moon|p2b: Arching
|-resisted|p2b: Arching
|-crit|p2b: Arching
|-damage|p2b: Arching|28/100
|-ability|p2b: Arching|Stamina|boost
|-boost|p2b: Arching|def|1
|-damage|p1a: Ursaluna|91/100|[from] item: Life Orb
|
|upkeep
|turn|2
|
|t:|1755171269
|move|p2a: Schmooner|Rage Powder|p2a: Schmooner
|-singleturn|p2a: Schmooner|move: Rage Powder
|move|p1b: Electabuzz|Electroweb|p2a: Schmooner|[spread] p2a,p2b
|-resisted|p2a: Schmooner
|-resisted|p2b: Arching
|-damage|p2a: Schmooner|95/100
|-damage|p2b: Arching|23/100
|-unboost|p2a: Schmooner|spe|1
|-unboost|p2b: Arching|spe|1
|-ability|p2b: Arching|Stamina|boost
|-boost|p2b: Arching|def|1
|move|p1a: Ursaluna|Hyper Voice|p2a: Schmooner|[spread] p2a,p2b
|-resisted|p2b: Arching
|-damage|p2a: Schmooner|34/100
|-damage|p2b: Arching|3/100
|-ability|p2b: Arching|Stamina|boost
|-boost|p2b: Arching|def|1
|-enditem|p2a: Schmooner|Sitrus Berry|[eat]
|-heal|p2a: Schmooner|58/100|[from] item: Sitrus Berry
|-damage|p1a: Ursaluna|81/100|[from] item: Life Orb
|move|p2b: Arching|Body Press|p1a: Ursaluna
|-supereffective|p1a: Ursaluna
|-damage|p1a: Ursaluna|0 fnt
|faint|p1a: Ursaluna
|
|upkeep
|
|t:|1755171289
|switch|p1a: Indeedee|Indeedee, L50, M|100/100
|-fieldstart|move: Psychic Terrain|[from] ability: Psychic Surge|[of] p1a: Indeedee
|turn|3
|
|t:|1755171299
|move|p2a: Schmooner|Protect|p2a: Schmooner
|-singleturn|p2a: Schmooner|Protect
|move|p1b: Electabuzz|Electroweb|p2b: Arching|[spread] p2b
|-activate|p2a: Schmooner|move: Protect
|-resisted|p2b: Arching
|-damage|p2b: Arching|0 fnt
|faint|p2b: Arching
|move|p1a: Indeedee|Expanding Force|p2a: Schmooner
|-activate|p2a: Schmooner|move: Protect
|
|upkeep
|
|t:|1755171306
|switch|p2b: Empire|Basculegion, L50, M|100/100
|turn|4
|
|t:|1755171330
|switch|p2a: Smellypper|Pelipper, L50, F|100/100
|-weather|RainDance|[from] ability: Drizzle|[of] p2a: Smellypper
|move|p2b: Empire|Wave Crash|p1b: Electabuzz
|-damage|p1b: Electabuzz|0 fnt
|faint|p1b: Electabuzz
|-damage|p2b: Empire|85/100|[from] Recoil
|move|p1a: Indeedee|Expanding Force|p2b: Empire|[spread] p2a,p2b
|-damage|p2a: Smellypper|9/100
|-damage|p2b: Empire|30/100
|
|-weather|RainDance|[upkeep]
|upkeep
|
|t:|1755171343
|switch|p1b: Sneasler|Sneasler, L50, M|100/100
|-enditem|p1b: Sneasler|Psychic Seed
|-boost|p1b: Sneasler|spd|1|[from] item: Psychic Seed
|turn|5
|
|t:|1755171356
|move|p1b: Sneasler|Dire Claw|p2a: Smellypper
|-damage|p2a: Smellypper|0 fnt
|faint|p2a: Smellypper
|move|p2b: Empire|Wave Crash|p1b: Sneasler
|-damage|p1b: Sneasler|0 fnt
|faint|p1b: Sneasler
|-damage|p2b: Empire|4/100|[from] Recoil
|move|p1a: Indeedee|Expanding Force|p2b: Empire
|-damage|p2b: Empire|0 fnt
|faint|p2b: Empire
|
|-weather|RainDance|[upkeep]
|upkeep
|
|t:|1755171364
|switch|p2b: Schmooner|Amoonguss, L50, F|91/100
|turn|6
|
|t:|1755171371
|move|p2b: Schmooner|Protect|p2b: Schmooner
|-singleturn|p2b: Schmooner|Protect
|move|p1a: Indeedee|Expanding Force|p2b: Schmooner
|-activate|p2b: Schmooner|move: Protect
|
|-weather|RainDance|[upkeep]
|upkeep
|turn|7
|
|t:|1755171378
|-terastallize|p2b: Schmooner|Water
|move|p1a: Indeedee|Expanding Force|p2b: Schmooner
|-damage|p2b: Schmooner|32/100
|move|p2b: Schmooner|Spore|p1a: Indeedee
|-status|p1a: Indeedee|slp|[from] move: Spore
|
|-weather|RainDance|[upkeep]
|-fieldend|move: Psychic Terrain
|upkeep
|turn|8
|
|t:|1755171386
|cant|p1a: Indeedee|slp
|move|p2b: Schmooner|Sludge Bomb|p1a: Indeedee
|-damage|p1a: Indeedee|59/100 slp
|
|-weather|none
|upkeep
|turn|9
|
|t:|1755171392
|cant|p1a: Indeedee|slp
|move|p2b: Schmooner|Sludge Bomb|p1a: Indeedee
|-damage|p1a: Indeedee|19/100 slp
|
|upkeep
|turn|10
|
|t:|1755171397
|cant|p1a: Indeedee|slp
|move|p2b: Schmooner|Sludge Bomb|p1a: Indeedee
|-damage|p1a: Indeedee|0 fnt
|faint|p1a: Indeedee
|
|win|Ronansting
|raw|fortree21utube's rating: 1234 → 1225(-9 for losing)
|raw|Ronansting's rating: 1503 → 1510(+7 for winning)
|l|☆fortree21utube
|player|p1|
|c|☆Ronansting|gg
