|j|☆Bbob415
|j|☆Period Hater
|html|Bbob415Period Hater    
|uhtml|bestof|Game 1 of a best-of-3
|t:|1784406783
|gametype|doubles
|player|p1|Bbob415|102|
|player|p2|Period Hater|hilda|
|gen|9
|tier|[Gen 9 Champions] VGC 2026 Reg M-B (Bo3)
|rule|Species Clause: Limit one of each Pokémon
|rule|Item Clause: Limit 1 of each item
|clearpoke
|poke|p1|Charizard, L50, F|
|poke|p1|Whimsicott, L50, M|
|poke|p1|Basculegion, L50, M|
|poke|p1|Mawile, L50, F|
|poke|p1|Farigiraf, L50, M|
|poke|p1|Garchomp, L50, M|
|poke|p2|Pelipper, L50, F|
|poke|p2|Swampert, L50, M|
|poke|p2|Maushold-Four, L50|
|poke|p2|Archaludon, L50, F|
|poke|p2|Annihilape, L50, M|
|poke|p2|Sinistcha, L50|
|teampreview|4
|showteam|p1|Charizard||CharizarditeY|SolarPower|HeatWave,WeatherBall,SolarBeam,Protect|Timid||F|||50|]Whimsicott||FocusSash|Prankster|Moonblast,Tailwind,Encore,Protect|Timid||M|||50|]Basculegion||SitrusBerry|Adaptability|WaveCrash,AquaJet,LastRespects,Protect|Adamant||M|||50|]Mawile||Mawilite|HyperCutter|PlayRough,IronHead,SuckerPunch,RockSlide|Adamant||F|||50|]Farigiraf||ColburBerry|ArmorTail|HyperVoice,Psychic,HelpingHand,TrickRoom|Relaxed||M|||50|]Garchomp||LifeOrb|RoughSkin|Earthquake,DragonClaw,RockSlide,Protect|Jolly||M|||50|
|showteam|p2|Pelipper||FocusSash|Drizzle|WeatherBall,Hurricane,Tailwind,WideGuard|Modest||F|||50|]Swampert||Swampertite|Torrent|WaveCrash,HighHorsepower,Protect,IcePunch|Adamant||M|||50|]Maushold-Four||ChopleBerry|FriendGuard|BeatUp,Encore,FollowMe,RainDance|Jolly|||||50|]Archaludon||Leftovers|Stamina|ElectroShot,DragonPulse,FlashCannon,Protect|Modest||F|||50|]Annihilape||SitrusBerry|Defiant|DrainPunch,RageFist,BulkUp,Protect|Adamant||M|||50|]Sinistcha||CobaBerry|Hospitality|MatchaGotcha,RagePowder,TrickRoom,Protect|Calm|||||50|
|j| Autin Mago
|c|☆Bbob415|was just sending the links
|j| RunningRad
|j| IHateTheChicken
|j| X2Muz
|j| PolaroidVGC
|j| NorfOrSomething
|
|t:|1784406904
|teamsize|p1|4
|teamsize|p2|4
|start
|switch|p1a: Cheap Trick|Whimsicott, L50, M|100/100
|switch|p1b: Oasis|Garchomp, L50, M|100/100
|switch|p2a: Sinistcha|Sinistcha, L50|100/100
|switch|p2b: Swampert|Swampert, L50, M|100/100
|turn|1
|c| X2Muz|go lunalas!!
|j| Blizz.vg
|
|t:|1784406947
|switch|p2a: Pelipper|Pelipper, L50, F|100/100
|-weather|RainDance|[from] ability: Drizzle|[of] p2a: Pelipper
|detailschange|p2b: Swampert|Swampert-Mega, L50, M
|-mega|p2b: Swampert|Swampert|Swampertite
|move|p1b: Oasis|Protect|p1b: Oasis
|-singleturn|p1b: Oasis|Protect
|move|p2b: Swampert|Ice Punch|p1b: Oasis
|-activate|p1b: Oasis|move: Protect
|move|p1a: Cheap Trick|Moonblast|p2b: Swampert
|-damage|p2b: Swampert|70/100
|
|-weather|RainDance|[upkeep]
|upkeep
|turn|2
|
|t:|1784406995
|switch|p1b: Clash|Basculegion, L50, M|100/100
|move|p2b: Swampert|Protect|p2b: Swampert
|-singleturn|p2b: Swampert|Protect
|move|p1a: Cheap Trick|Encore|p2b: Swampert
|-activate|p2b: Swampert|move: Protect
|move|p2a: Pelipper|Tailwind|p2a: Pelipper
|-sidestart|p2: Period Hater|move: Tailwind
|
|-weather|RainDance|[upkeep]
|upkeep
|turn|3
|
|t:|1784407046
|switch|p2b: Sinistcha|Sinistcha, L50|100/100
|switch|p1b: Oasis|Garchomp, L50, M|100/100
|move|p1a: Cheap Trick|Encore||[still]
|-fail|p1a: Cheap Trick
|move|p2a: Pelipper|Hurricane|p1b: Oasis
|-damage|p1b: Oasis|43/100
|
|-weather|RainDance|[upkeep]
|upkeep
|turn|4
|
|t:|1784407083
|move|p1a: Cheap Trick|Tailwind|p1a: Cheap Trick
|-sidestart|p1: Bbob415|move: Tailwind
|move|p1b: Oasis|Dragon Claw|p2a: Pelipper
|-damage|p2a: Pelipper|29/100
|-damage|p1b: Oasis|33/100|[from] item: Life Orb
|move|p2a: Pelipper|Hurricane|p1a: Cheap Trick
|-supereffective|p1a: Cheap Trick|1
|-enditem|p1a: Cheap Trick|Focus Sash
|-damage|p1a: Cheap Trick|1/100
|move|p2b: Sinistcha|Matcha Gotcha|p1a: Cheap Trick|[spread] p1a,p1b
|-resisted|p1a: Cheap Trick|1
|-crit|p1a: Cheap Trick
|-damage|p1a: Cheap Trick|0 fnt
|-damage|p1b: Oasis|7/100
|faint|p1a: Cheap Trick
|
|-weather|RainDance|[upkeep]
|upkeep
|
|t:|1784407100
|switch|p1a: Clash|Basculegion, L50, M|100/100
|turn|5
|
|t:|1784407125
|move|p1b: Oasis|Protect|p1b: Oasis
|-singleturn|p1b: Oasis|Protect
|move|p1a: Clash|Protect|p1a: Clash
|-singleturn|p1a: Clash|Protect
|move|p2b: Sinistcha|Protect|p2b: Sinistcha
|-singleturn|p2b: Sinistcha|Protect
|move|p2a: Pelipper|Weather Ball|p1b: Oasis
|-activate|p1b: Oasis|move: Protect
|
|-weather|none
|-sideend|p2: Period Hater|move: Tailwind
|upkeep
|turn|6
|
|t:|1784407164
|move|p1b: Oasis|Rock Slide|p2a: Pelipper|[spread] p2a,p2b
|-supereffective|p2a: Pelipper|1
|-damage|p2a: Pelipper|0 fnt
|-damage|p2b: Sinistcha|78/100
|faint|p2a: Pelipper
|-damage|p1b: Oasis|0 fnt|[from] item: Life Orb
|faint|p1b: Oasis
|move|p1a: Clash|Last Respects|p2b: Sinistcha
|-supereffective|p2b: Sinistcha|1
|-damage|p2b: Sinistcha|0 fnt
|faint|p2b: Sinistcha
|
|upkeep
|
|t:|1784407175
|switch|p1b: Magicians Red|Charizard, L50, F|100/100
|switch|p2a: Annihilape|Annihilape, L50, M|100/100
|switch|p2b: Swampert|Swampert-Mega, L50, M|70/100
|turn|7
|
|t:|1784407198
|detailschange|p1b: Magicians Red|Charizard-Mega-Y, L50, F
|-mega|p1b: Magicians Red|Charizard|Charizardite Y
|-weather|SunnyDay|[from] ability: Drought|[of] p1b: Magicians Red
|move|p2a: Annihilape|Protect|p2a: Annihilape
|-singleturn|p2a: Annihilape|Protect
|move|p1b: Magicians Red|Solar Beam||[still]
|-prepare|p1b: Magicians Red|Solar Beam
|-anim|p1b: Magicians Red|Solar Beam|p2b: Swampert
|-supereffective|p2b: Swampert|2
|-crit|p2b: Swampert
|-damage|p2b: Swampert|0 fnt
|faint|p2b: Swampert
|move|p1a: Clash|Last Respects|p2a: Annihilape
|-activate|p2a: Annihilape|move: Protect
|
|-weather|SunnyDay|[upkeep]
|-sideend|p1: Bbob415|move: Tailwind
|upkeep
|turn|8
|l| NorfOrSomething
|
|t:|1784407217
|move|p1b: Magicians Red|Weather Ball|p2a: Annihilape
|-damage|p2a: Annihilape|13/100
|-enditem|p2a: Annihilape|Sitrus Berry|[eat]
|-heal|p2a: Annihilape|38/100|[from] item: Sitrus Berry
|move|p2a: Annihilape|Rage Fist|p1a: Clash
|-supereffective|p1a: Clash|1
|-damage|p1a: Clash|0 fnt
|faint|p1a: Clash
|
|-weather|SunnyDay|[upkeep]
|upkeep
|turn|9
|
|t:|1784407235
|move|p1b: Magicians Red|Weather Ball|p2a: Annihilape
|-damage|p2a: Annihilape|0 fnt
|faint|p2a: Annihilape
|
|win|Bbob415
||Bbob415 is ready for game 2.
||Period Hater is ready for game 2.
|uhtml|next|Next: Game 2 of 3
|l| Autin Mago
|j| Autin Mago
|l| Autin Mago
|l| X2Muz
|j| Autin Mago
|l| Autin Mago
|l| Blizz.vg
|l|☆Period Hater
|player|p2|
|j| Izzywooperstan
|l|☆Bbob415
|player|p1|
|l| PolaroidVGC
