|j|☆Pawah
|j|☆blossoming sklz
|html|Pawahblossoming sklz    
|uhtml|bestof|Game 1 of a best-of-3
|t:|1785453578
|gametype|doubles
|player|p1|Pawah|ethan|1198
|player|p2|blossoming sklz|rocketgruntf|1182
|gen|9
|tier|[Gen 9 Champions] VGC 2026 Reg M-B (Bo3)
|rated|
|rule|Species Clause: Limit one of each Pokémon
|rule|Item Clause: Limit 1 of each item
|clearpoke
|poke|p1|Tyranitar, L50, M|
|poke|p1|Excadrill, L50, M|
|poke|p1|Gholdengo, L50|
|poke|p1|Milotic, L50, F|
|poke|p1|Sinistcha-Masterpiece, L50|
|poke|p1|Staraptor, L50, M|
|poke|p2|Lycanroc-Dusk, L50, F, shiny|
|poke|p2|Froslass, L50, F|
|poke|p2|Scovillain, L50, M|
|poke|p2|Basculegion, L50, M|
|poke|p2|Kingambit, L50, M|
|poke|p2|Sneasler, L50, F|
|teampreview|4
|showteam|p1|Tyranitar||Tyranitarite|SandStream|RockSlide,KnockOff,LowKick,Protect|Jolly||M|||50|]Excadrill||FocusSash|SandRush|HighHorsepower,IronHead,RockSlide,Protect|Adamant||M|||50|]Gholdengo||LifeOrb|GoodasGold|ShadowBall,MakeItRain,NastyPlot,Protect|Modest|||||50|]Milotic||SitrusBerry|Competitive|Scald,IceBeam,IcyWind,Protect|Calm||F|||50|]Sinistcha-Masterpiece||ColburBerry|Hospitality|MatchaGotcha,ShadowBall,RagePowder,Protect|Bold|||||50|]Staraptor||Staraptite|Intimidate|BraveBird,CloseCombat,Tailwind,Protect|Jolly||M|||50|
|showteam|p2|Lycanroc-Dusk||FocusSash|ToughClaws|RockSlide,CloseCombat,Accelerock,Protect|Adamant||F|||50|]Froslass||Froslassite|SnowCloak|Blizzard,ShadowBall,AuroraVeil,Protect|Modest||F|||50|]Scovillain||Scovillainite|Moody|TemperFlare,GigaDrain,RagePowder,Protect|Bold||M|||50|]Basculegion||SitrusBerry|Adaptability|WaveCrash,LastRespects,AquaJet,Protect|Adamant||M|||50|]Kingambit||BlackGlasses|Defiant|KowtowCleave,SuckerPunch,SwordsDance,Protect|Adamant||M|||50|]Sneasler||WhiteHerb|Unburden|CloseCombat,GunkShot,FakeOut,Protect|Adamant||F|||50|
|inactive|Battle timer is ON: inactive players will automatically lose when time's up. (requested by Pawah)
|inactive|blossoming sklz has 60 seconds left.
|
|t:|1785453613
|teamsize|p1|4
|teamsize|p2|4
|start
|switch|p1a: Tyranitar|Tyranitar, L50, M|100/100
|switch|p1b: Gholdengo|Gholdengo, L50|100/100
|switch|p2a: Scovillain|Scovillain, L50, M|100/100
|switch|p2b: Sneasler|Sneasler, L50, F|100/100
|-weather|Sandstorm|[from] ability: Sand Stream|[of] p1a: Tyranitar
|turn|1
|inactive|Pawah has 30 seconds left.
|
|t:|1785453648
|detailschange|p1a: Tyranitar|Tyranitar-Mega, L50, M
|-mega|p1a: Tyranitar|Tyranitar|Tyranitarite
|move|p1b: Gholdengo|Protect|p1b: Gholdengo
|-singleturn|p1b: Gholdengo|Protect
|move|p2b: Sneasler|Fake Out|p1a: Tyranitar
|-resisted|p1a: Tyranitar|1
|-crit|p1a: Tyranitar
|-damage|p1a: Tyranitar|92/100
|cant|p1a: Tyranitar|flinch
|move|p2a: Scovillain|Temper Flare|p1b: Gholdengo
|-activate|p1b: Gholdengo|move: Protect
|
|-weather|Sandstorm|[upkeep]
|-damage|p2b: Sneasler|94/100|[from] Sandstorm
|-damage|p2a: Scovillain|94/100|[from] Sandstorm
|-ability|p2a: Scovillain|Moody|boost
|-boost|p2a: Scovillain|def|2
|-unboost|p2a: Scovillain|atk|1
|upkeep
|turn|2
|inactive|blossoming sklz has 30 seconds left.
|inactive|blossoming sklz has 20 seconds left.
|inactive|blossoming sklz has 15 seconds left.
|
|t:|1785453690
|switch|p1a: Sinistcha|Sinistcha-Masterpiece, L50|100/100
|detailschange|p2a: Scovillain|Scovillain-Mega, L50, M
|-mega|p2a: Scovillain|Scovillain|Scovillainite
|move|p2b: Sneasler|Gunk Shot|p1a: Sinistcha
|-damage|p1a: Sinistcha|57/100
|move|p1b: Gholdengo|Nasty Plot|p1b: Gholdengo
|-boost|p1b: Gholdengo|spa|2
|move|p2a: Scovillain|Temper Flare|p1b: Gholdengo
|-supereffective|p1b: Gholdengo|1
|-damage|p1b: Gholdengo|53/100
|
|-weather|Sandstorm|[upkeep]
|-damage|p2b: Sneasler|88/100|[from] Sandstorm
|-damage|p2a: Scovillain|88/100|[from] Sandstorm
|-damage|p1a: Sinistcha|51/100|[from] Sandstorm
|upkeep
|turn|3
|
|t:|1785453715
|move|p2b: Sneasler|Gunk Shot|p1a: Sinistcha
|-damage|p1a: Sinistcha|6/100
|move|p1b: Gholdengo|Shadow Ball|p2a: Scovillain
|-damage|p2a: Scovillain|0 fnt
|-status|p1b: Gholdengo|brn|[from] ability: Spicy Spray|[of] p2a: Scovillain
|faint|p2a: Scovillain
|-damage|p1b: Gholdengo|44/100 brn|[from] item: Life Orb
|move|p1a: Sinistcha|Shadow Ball|p2b: Sneasler
|-damage|p2b: Sneasler|48/100
|
|-weather|Sandstorm|[upkeep]
|-damage|p2b: Sneasler|42/100|[from] Sandstorm
|-damage|p1a: Sinistcha|1/100|[from] Sandstorm
|-damage|p1b: Gholdengo|38/100 brn|[from] brn
|upkeep
|
|t:|1785453738
|switch|p2a: Kingambit|Kingambit, L50, M|100/100
|turn|4
|inactive|blossoming sklz has 30 seconds left.
|
|t:|1785453768
|move|p2b: Sneasler|Protect|p2b: Sneasler
|-singleturn|p2b: Sneasler|Protect
|move|p1a: Sinistcha|Rage Powder|p1a: Sinistcha
|-singleturn|p1a: Sinistcha|move: Rage Powder
|move|p1b: Gholdengo|Make It Rain|p2b: Sneasler|[spread] p2a
|-activate|p2b: Sneasler|move: Protect
|-resisted|p2a: Kingambit|1
|-damage|p2a: Kingambit|35/100
|-unboost|p1b: Gholdengo|spa|2
|-damage|p1b: Gholdengo|28/100 brn|[from] item: Life Orb
|move|p2a: Kingambit|Kowtow Cleave|p1a: Sinistcha
|-supereffective|p1a: Sinistcha|1
|-enditem|p1a: Sinistcha|Colbur Berry|[eat]
|-enditem|p1a: Sinistcha|Colbur Berry|[weaken]
|-damage|p1a: Sinistcha|0 fnt
|faint|p1a: Sinistcha
|
|-weather|Sandstorm|[upkeep]
|-damage|p2b: Sneasler|36/100|[from] Sandstorm
|-damage|p1b: Gholdengo|23/100 brn|[from] brn
|upkeep
|
|t:|1785453776
|switch|p1a: Milotic|Milotic, L50, F|100/100
|turn|5
|
|t:|1785453795
|move|p1b: Gholdengo|Protect|p1b: Gholdengo
|-singleturn|p1b: Gholdengo|Protect
|move|p2a: Kingambit|Sucker Punch||[still]
|-fail|p2a: Kingambit
|move|p2b: Sneasler|Close Combat|p1a: Milotic
|-damage|p1a: Milotic|41/100
|-unboost|p2b: Sneasler|def|1
|-unboost|p2b: Sneasler|spd|1
|-enditem|p1a: Milotic|Sitrus Berry|[eat]
|-heal|p1a: Milotic|66/100|[from] item: Sitrus Berry
|-enditem|p2b: Sneasler|White Herb
|-clearnegativeboost|p2b: Sneasler|[silent]
|move|p1a: Milotic|Scald|p2a: Kingambit
|-damage|p2a: Kingambit|7/100
|
|-weather|none
|-damage|p1b: Gholdengo|17/100 brn|[from] brn
|upkeep
|turn|6
|
|t:|1785453820
|switch|p1b: Tyranitar|Tyranitar-Mega, L50, M|92/100
|-weather|Sandstorm|[from] ability: Sand Stream|[of] p1b: Tyranitar
|move|p2a: Kingambit|Sucker Punch||[still]
|-fail|p2a: Kingambit
|move|p2b: Sneasler|Close Combat|p1a: Milotic
|-damage|p1a: Milotic|12/100
|-unboost|p2b: Sneasler|def|1
|-unboost|p2b: Sneasler|spd|1
|move|p1a: Milotic|Scald|p2a: Kingambit
|-damage|p2a: Kingambit|0 fnt
|faint|p2a: Kingambit
|
|-weather|Sandstorm|[upkeep]
|-damage|p2b: Sneasler|30/100|[from] Sandstorm
|-damage|p1a: Milotic|6/100|[from] Sandstorm
|upkeep
|
|t:|1785453835
|switch|p2a: Basculegion|Basculegion, L50, M|100/100
|turn|7
|inactive|blossoming sklz has 30 seconds left.
|inactive|blossoming sklz has 20 seconds left.
|
|t:|1785453875
|move|p2b: Sneasler|Close Combat|p1b: Tyranitar
|-supereffective|p1b: Tyranitar|2
|-damage|p1b: Tyranitar|0 fnt
|-unboost|p2b: Sneasler|def|1
|-unboost|p2b: Sneasler|spd|1
|faint|p1b: Tyranitar
|move|p1a: Milotic|Icy Wind|p2a: Basculegion|[spread] p2a,p2b
|-resisted|p2a: Basculegion|1
|-damage|p2a: Basculegion|94/100
|-damage|p2b: Sneasler|3/100
|-unboost|p2a: Basculegion|spe|1
|-unboost|p2b: Sneasler|spe|1
|move|p2a: Basculegion|Last Respects|p1a: Milotic
|-damage|p1a: Milotic|0 fnt
|faint|p1a: Milotic
|
|-weather|Sandstorm|[upkeep]
|-damage|p2b: Sneasler|0 fnt|[from] Sandstorm
|-damage|p2a: Basculegion|89/100|[from] Sandstorm
|faint|p2b: Sneasler
|upkeep
|
|t:|1785453889
|switch|p1b: Gholdengo|Gholdengo, L50|17/100 brn
|turn|8
|
|t:|1785453895
|move|p2a: Basculegion|Protect|p2a: Basculegion
|-singleturn|p2a: Basculegion|Protect
|move|p1b: Gholdengo|Shadow Ball|p2a: Basculegion
|-activate|p2a: Basculegion|move: Protect
|
|-weather|Sandstorm|[upkeep]
|-damage|p2a: Basculegion|83/100|[from] Sandstorm
|-damage|p1b: Gholdengo|11/100 brn|[from] brn
|upkeep
|turn|9
|
|t:|1785453905
|move|p2a: Basculegion|Aqua Jet|p1b: Gholdengo
|-damage|p1b: Gholdengo|0 fnt
|faint|p1b: Gholdengo
|
|win|blossoming sklz
