|j|☆Metaformina500
|j|☆merr123
|html|Metaformina500merr123    
|uhtml|bestof|Game 1 of a best-of-3
|t:|1782546275
|gametype|doubles
|player|p1|Metaformina500|juan|1324
|player|p2|merr123|2|1313
|gen|9
|tier|[Gen 9 Champions] VGC 2026 Reg M-B (Bo3)
|rated|
|rule|Species Clause: Limit one of each Pokémon
|rule|Item Clause: Limit 1 of each item
|clearpoke
|poke|p1|Swampert, L50, F|
|poke|p1|Pelipper, L50, F|
|poke|p1|Archaludon, L50, M|
|poke|p1|Venusaur, L50, M|
|poke|p1|Gholdengo, L50|
|poke|p1|Grimmsnarl, L50, M|
|poke|p2|Sneasler, L50, M|
|poke|p2|Staraptor, L50, F|
|poke|p2|Sinistcha, L50|
|poke|p2|Kingambit, L50, F|
|poke|p2|Excadrill, L50, F|
|poke|p2|Manectric, L50, M|
|teampreview|4
|showteam|p1|Swampert||Swampertite|Torrent|WaveCrash,HighHorsepower,IcePunch,Protect|Adamant||F|||50|]Pelipper||FocusSash|Drizzle|WideGuard,Tailwind,WeatherBall,Hurricane|Modest||F|||50|]Archaludon||Leftovers|Stamina|Protect,FlashCannon,DragonPulse,ElectroShot|Modest||M|||50|]Venusaur||Venusaurite|Chlorophyll|Protect,GigaDrain,SludgeBomb,EarthPower|Modest||M|||50|]Gholdengo||LifeOrb|GoodasGold|Protect,NastyPlot,MakeItRain,ShadowBall|Modest|||||50|]Grimmsnarl||LightClay|Prankster|FoulPlay,LightScreen,FakeOut,PartingShot|Careful||M|||50|
|showteam|p2|Sneasler||FocusSash|PoisonTouch|FakeOut,CloseCombat,DireClaw,Coaching|Adamant||M|||50|]Staraptor||Staraptite|Intimidate|CloseCombat,BraveBird,Tailwind,Protect|Adamant||F|||50|]Sinistcha||SitrusBerry|Hospitality|MatchaGotcha,RagePowder,TrickRoom,Protect|Calm|||||50|]Kingambit||BlackGlasses|Defiant|SwordsDance,KowtowCleave,SuckerPunch,Protect|Adamant||F|||50|]Excadrill||ChoiceScarf|MoldBreaker|Earthquake,IronHead,HighHorsepower,RockSlide|Jolly||F|||50|]Manectric||Manectite|LightningRod|Thunderbolt,Snarl,VoltSwitch,Protect|Timid||M|||50|
|inactive|Battle timer is ON: inactive players will automatically lose when time's up. (requested by merr123)
|inactive|Metaformina500 has 60 seconds left.
|inactive|merr123 has 60 seconds left.
|
|t:|1782546320
|teamsize|p1|4
|teamsize|p2|4
|start
|switch|p1a: Grimmsnarl|Grimmsnarl, L50, M|100/100
|switch|p1b: Gholdengo|Gholdengo, L50|100/100
|switch|p2a: Sneasler|Sneasler, L50, M|100/100
|switch|p2b: Staraptor|Staraptor, L50, F|100/100
|-ability|p2b: Staraptor|Intimidate|boost
|-unboost|p1a: Grimmsnarl|atk|1
|-unboost|p1b: Gholdengo|atk|1
|turn|1
|inactive|merr123 has 30 seconds left.
|inactive|merr123 has 20 seconds left.
|
|t:|1782546356
|switch|p2a: Kingambit|Kingambit, L50, F|100/100
|detailschange|p2b: Staraptor|Staraptor-Mega, L50, F
|-mega|p2b: Staraptor|Staraptor|Staraptite
|move|p1a: Grimmsnarl|Fake Out|p2b: Staraptor
|-damage|p2b: Staraptor|91/100
|cant|p2b: Staraptor|flinch
|move|p1b: Gholdengo|Nasty Plot|p1b: Gholdengo
|-boost|p1b: Gholdengo|spa|2
|
|upkeep
|turn|2
|inactive|Metaformina500 has 30 seconds left.
|
|t:|1782546383
|switch|p1a: Archaludon|Archaludon, L50, M|100/100
|move|p2b: Staraptor|Protect|p2b: Staraptor
|-singleturn|p2b: Staraptor|Protect
|move|p1b: Gholdengo|Shadow Ball|p2b: Staraptor
|-activate|p2b: Staraptor|move: Protect
|move|p2a: Kingambit|Swords Dance|p2a: Kingambit
|-boost|p2a: Kingambit|atk|2
|
|upkeep
|turn|3
|inactive|Metaformina500 has 30 seconds left.
|inactive|Metaformina500 has 20 seconds left.
|inactive|Metaformina500 has 15 seconds left.
|inactive|Metaformina500 has 10 seconds left.
|inactive|Metaformina500 has 5 seconds left.
|
|t:|1782546438
|switch|p2b: Manectric|Manectric, L50, M|100/100
|move|p1b: Gholdengo|Protect|p1b: Gholdengo
|-singleturn|p1b: Gholdengo|Protect
|move|p1a: Archaludon|Protect|p1a: Archaludon
|-singleturn|p1a: Archaludon|Protect
|move|p2a: Kingambit|Kowtow Cleave|p1b: Gholdengo
|-activate|p1b: Gholdengo|move: Protect
|
|upkeep
|turn|4
|inactive|merr123 has 30 seconds left.
|
|t:|1782546472
|move|p2b: Manectric|Snarl|p1b: Gholdengo|[spread] p1a,p1b
|-supereffective|p1b: Gholdengo|1
|-damage|p1a: Archaludon|89/100
|-damage|p1b: Gholdengo|74/100
|-unboost|p1a: Archaludon|spa|1
|-unboost|p1b: Gholdengo|spa|1
|-ability|p1a: Archaludon|Stamina|boost
|-boost|p1a: Archaludon|def|1
|move|p1b: Gholdengo|Shadow Ball|p2b: Manectric
|-damage|p2b: Manectric|0 fnt
|faint|p2b: Manectric
|-damage|p1b: Gholdengo|64/100|[from] item: Life Orb
|move|p1a: Archaludon|Dragon Pulse|p2a: Kingambit
|-resisted|p2a: Kingambit|1
|-damage|p2a: Kingambit|89/100
|move|p2a: Kingambit|Kowtow Cleave|p1a: Archaludon
|-damage|p1a: Archaludon|35/100
|-ability|p1a: Archaludon|Stamina|boost
|-boost|p1a: Archaludon|def|1
|
|-heal|p1a: Archaludon|42/100|[from] item: Leftovers
|upkeep
|
|t:|1782546485
|switch|p2b: Staraptor|Staraptor-Mega, L50, F|91/100
|turn|5
|
|t:|1782546493
|move|p1a: Archaludon|Protect|p1a: Archaludon
|-singleturn|p1a: Archaludon|Protect
|move|p2a: Kingambit|Sucker Punch|p1b: Gholdengo
|-supereffective|p1b: Gholdengo|1
|-damage|p1b: Gholdengo|0 fnt
|faint|p1b: Gholdengo
|move|p2b: Staraptor|Close Combat|p1a: Archaludon
|-activate|p1a: Archaludon|move: Protect
|
|-heal|p1a: Archaludon|48/100|[from] item: Leftovers
|upkeep
|
|t:|1782546515
|switch|p1b: Pelipper|Pelipper, L50, F|100/100
|-weather|RainDance|[from] ability: Drizzle|[of] p1b: Pelipper
|turn|6
|
|t:|1782546540
|move|p1a: Archaludon|Protect||[still]
|-fail|p1a: Archaludon
|move|p2b: Staraptor|Close Combat|p1b: Pelipper
|-resisted|p1b: Pelipper|1
|-damage|p1b: Pelipper|55/100
|-boost|p2b: Staraptor|def|1
|-boost|p2b: Staraptor|spd|1
|move|p1b: Pelipper|Tailwind|p1b: Pelipper
|-sidestart|p1: Metaformina500|move: Tailwind
|move|p2a: Kingambit|Kowtow Cleave|p1b: Pelipper
|-damage|p1b: Pelipper|0 fnt
|faint|p1b: Pelipper
|
|-weather|RainDance|[upkeep]
|-heal|p1a: Archaludon|54/100|[from] item: Leftovers
|upkeep
|
|t:|1782546546
|switch|p1b: Grimmsnarl|Grimmsnarl, L50, M|100/100
|turn|7
|
|t:|1782546559
|move|p1a: Archaludon|Electro Shot||[still]
|-prepare|p1a: Archaludon|Electro Shot
|-boost|p1a: Archaludon|spa|1
|-anim|p1a: Archaludon|Electro Shot|p2b: Staraptor
|-supereffective|p2b: Staraptor|1
|-damage|p2b: Staraptor|27/100
|move|p1b: Grimmsnarl|Foul Play|p2b: Staraptor
|-resisted|p2b: Staraptor|1
|-damage|p2b: Staraptor|6/100
|move|p2b: Staraptor|Close Combat|p1a: Archaludon
|-supereffective|p1a: Archaludon|1
|-damage|p1a: Archaludon|3/100
|-boost|p2b: Staraptor|def|1
|-boost|p2b: Staraptor|spd|1
|-ability|p1a: Archaludon|Stamina|boost
|-boost|p1a: Archaludon|def|1
|move|p2a: Kingambit|Kowtow Cleave|p1a: Archaludon
|-damage|p1a: Archaludon|0 fnt
|faint|p1a: Archaludon
|
|-weather|RainDance|[upkeep]
|upkeep
|turn|8
|-message|Metaformina500 forfeited.
|
|win|merr123
||Metaformina500 is ready for game 2.
|inactive|merr123 has 30 seconds to confirm battle start!
|inactive|merr123 has 20 seconds to confirm battle start!
||merr123 is ready for game 2.
|uhtml|next|Next: Game 2 of 3
|l|☆merr123
|player|p2|
