|j|☆munjah 14
|j|☆Mashuno
|html|munjah 14Mashuno    
|uhtml|bestof|Game 1 of a best-of-3
|t:|1785438638
|gametype|doubles
|player|p1|munjah 14|102|1235
|player|p2|Mashuno|harlequin|1252
|gen|9
|tier|[Gen 9 Champions] VGC 2026 Reg M-B (Bo3)
|rated|
|rule|Species Clause: Limit one of each Pokémon
|rule|Item Clause: Limit 1 of each item
|clearpoke
|poke|p1|Tyranitar, L50, M, shiny|
|poke|p1|Sneasler, L50, M, shiny|
|poke|p1|Rotom-Wash, L50, shiny|
|poke|p1|Arcanine-Hisui, L50, F, shiny|
|poke|p1|Sinistcha-Masterpiece, L50, shiny|
|poke|p1|Staraptor, L50, F, shiny|
|poke|p2|Whimsicott, L50, M|
|poke|p2|Dragonite, L50, M|
|poke|p2|Gholdengo, L50|
|poke|p2|Incineroar, L50, F|
|poke|p2|Clefable, L50, M|
|poke|p2|Sneasler, L50, F|
|teampreview|4
|showteam|p1|Tyranitar||Tyranitarite|SandStream|DragonDance,RockSlide,KnockOff,Protect|Jolly||M|||50|]Sneasler||WhiteHerb|Unburden|FakeOut,CloseCombat,DireClaw,Protect|Jolly||M|||50|]Rotom-Wash||WideLens|Levitate|HydroPump,Thunderbolt,WillOWisp,VoltSwitch|Modest|||||50|]Arcanine-Hisui||FocusSash|RockHead|FlareBlitz,HeadSmash,ExtremeSpeed,Protect|Jolly||F|||50|]Sinistcha-Masterpiece||SitrusBerry|Hospitality|MatchaGotcha,TrickRoom,RagePowder,Protect|Calm|||||50|]Staraptor||Staraptite|Intimidate|CloseCombat,BraveBird,Tailwind,Protect|Jolly||F|||50|
|showteam|p2|Whimsicott||FocusSash|Prankster|Protect,Moonblast,Tailwind,Encore|Timid||M|||50|]Dragonite||Dragoninite|Multiscale|Protect,DragonPulse,Flamethrower,Thunderbolt|Modest||M|||50|]Gholdengo||LifeOrb|GoodasGold|Protect,MakeItRain,ShadowBall,NastyPlot|Timid|||||50|]Incineroar||PasshoBerry|Intimidate|FakeOut,FlareBlitz,ThroatChop,PartingShot|Impish||F|||50|]Clefable||SitrusBerry|Unaware|Moonblast,HealPulse,IcyWind,FollowMe|Calm||M|||50|]Sneasler||WhiteHerb|Unburden|FakeOut,DireClaw,CloseCombat,RockSlide|Jolly||F|||50|
|c|☆Mashuno|gl hf <3
|c|☆munjah 14|gl
|inactive|Battle timer is ON: inactive players will automatically lose when time's up. (requested by munjah 14)
|
|t:|1785438718
|teamsize|p1|4
|teamsize|p2|4
|start
|switch|p1a: Staraptor|Staraptor, L50, F, shiny|100/100
|switch|p1b: Rotom|Rotom-Wash, L50, shiny|100/100
|switch|p2a: Gholdengo|Gholdengo, L50|100/100
|switch|p2b: Sneasler|Sneasler, L50, F|100/100
|-ability|p1a: Staraptor|Intimidate|boost
|-unboost|p2a: Gholdengo|atk|1
|-unboost|p2b: Sneasler|atk|1
|-enditem|p2b: Sneasler|White Herb
|-clearnegativeboost|p2b: Sneasler|[silent]
|turn|1
|inactive|Mashuno has 30 seconds left.
|inactive|Mashuno has 20 seconds left.
|inactive|Mashuno has 15 seconds left.
|inactive|Mashuno has 10 seconds left.
|
|t:|1785438767
|detailschange|p1a: Staraptor|Staraptor-Mega, L50, F, shiny
|-mega|p1a: Staraptor|Staraptor|Staraptite
|move|p2b: Sneasler|Fake Out|p1b: Rotom
|-damage|p1b: Rotom|84/100
|move|p1a: Staraptor|Close Combat|p2b: Sneasler
|-resisted|p2b: Sneasler|1
|-damage|p2b: Sneasler|54/100
|-boost|p1a: Staraptor|def|1
|-boost|p1a: Staraptor|spd|1
|move|p2a: Gholdengo|Nasty Plot|p2a: Gholdengo
|-boost|p2a: Gholdengo|spa|2
|cant|p1b: Rotom|flinch
|
|upkeep
|turn|2
|inactive|Mashuno has 30 seconds left.
|
|t:|1785438800
|move|p2b: Sneasler|Dire Claw|p1a: Staraptor
|-damage|p1a: Staraptor|75/100
|-status|p1a: Staraptor|psn
|move|p1a: Staraptor|Tailwind|p1a: Staraptor
|-sidestart|p1: munjah 14|move: Tailwind
|move|p1b: Rotom|Thunderbolt|p2b: Sneasler
|-damage|p2b: Sneasler|1/100
|-status|p2b: Sneasler|par
|move|p2a: Gholdengo|Make It Rain|p1b: Rotom|[spread] p1a,p1b
|-resisted|p1b: Rotom|2
|-crit|p1b: Rotom
|-damage|p1a: Staraptor|0 fnt
|-damage|p1b: Rotom|42/100
|-unboost|p2a: Gholdengo|spa|2
|faint|p1a: Staraptor
|-damage|p2a: Gholdengo|90/100|[from] item: Life Orb
|
|upkeep
|
|t:|1785438820
|switch|p1a: Sneasler|Sneasler, L50, M, shiny|100/100
|turn|3
|
|t:|1785438836
|move|p2a: Gholdengo|Protect|p2a: Gholdengo
|-singleturn|p2a: Gholdengo|Protect
|move|p1a: Sneasler|Fake Out|p2b: Sneasler
|-damage|p2b: Sneasler|0 fnt
|faint|p2b: Sneasler
|move|p1b: Rotom|Volt Switch|p2a: Gholdengo
|-activate|p2a: Gholdengo|move: Protect
|
|upkeep
|
|t:|1785438853
|switch|p2b: Whimsicott|Whimsicott, L50, M|100/100
|turn|4
|
|t:|1785438867
|move|p2b: Whimsicott|Encore|p1a: Sneasler
|-start|p1a: Sneasler|Encore
|move|p1a: Sneasler|Fake Out||[still]
|-hint|Fake Out only works on your first turn out.
|-fail|p1a: Sneasler
|move|p1b: Rotom|Thunderbolt|p2a: Gholdengo
|-damage|p2a: Gholdengo|47/100
|-status|p2a: Gholdengo|par
|move|p2a: Gholdengo|Nasty Plot|p2a: Gholdengo
|-boost|p2a: Gholdengo|spa|2
|
|upkeep
|turn|5
|
|t:|1785438888
|switch|p1a: Arcanine|Arcanine-Hisui, L50, F, shiny|100/100
|move|p2a: Gholdengo|Protect|p2a: Gholdengo
|-singleturn|p2a: Gholdengo|Protect
|move|p1b: Rotom|Volt Switch|p2b: Whimsicott
|-resisted|p2b: Whimsicott|1
|-damage|p2b: Whimsicott|72/100
|
|t:|1785438896
|switch|p1b: Sneasler|Sneasler, L50, M, shiny|100/100|[from] Volt Switch
|move|p2b: Whimsicott|Moonblast|p1b: Sneasler
|-crit|p1b: Sneasler
|-damage|p1b: Sneasler|33/100
|
|-sideend|p1: munjah 14|move: Tailwind
|upkeep
|turn|6
|
|t:|1785438913
|move|p2b: Whimsicott|Protect|p2b: Whimsicott
|-singleturn|p2b: Whimsicott|Protect
|move|p1b: Sneasler|Fake Out|p2b: Whimsicott
|-activate|p2b: Whimsicott|move: Protect
|move|p1a: Arcanine|Flare Blitz|p2a: Gholdengo
|-supereffective|p2a: Gholdengo|1
|-crit|p2a: Gholdengo
|-damage|p2a: Gholdengo|0 fnt
|faint|p2a: Gholdengo
|
|upkeep
|
|t:|1785438929
|switch|p2a: Dragonite|Dragonite, L50, M|100/100
|turn|7
|inactive|Mashuno has 30 seconds left.
|inactive|Mashuno has 20 seconds left.
|
|t:|1785438967
|detailschange|p2a: Dragonite|Dragonite-Mega, L50, M
|-mega|p2a: Dragonite|Dragonite|Dragoninite
|move|p1a: Arcanine|Extreme Speed|p2a: Dragonite
|-damage|p2a: Dragonite|89/100
|move|p2b: Whimsicott|Encore|p1a: Arcanine
|-start|p1a: Arcanine|Encore
|move|p1b: Sneasler|Dire Claw|p2b: Whimsicott
|-supereffective|p2b: Whimsicott|2
|-damage|p2b: Whimsicott|0 fnt
|faint|p2b: Whimsicott
|move|p2a: Dragonite|Dragon Pulse|p1a: Arcanine
|-damage|p1a: Arcanine|33/100
|
|upkeep
|turn|8
|
|t:|1785438990
|switch|p1a: Rotom|Rotom-Wash, L50, shiny|42/100
|move|p1b: Sneasler|Dire Claw|p2a: Dragonite
|-damage|p2a: Dragonite|53/100
|-status|p2a: Dragonite|slp
|cant|p2a: Dragonite|slp
|
|upkeep
|turn|9
|-message|Mashuno forfeited.
|
|win|munjah 14
||munjah 14 is ready for game 2.
||Mashuno is ready for game 2.
|uhtml|next|Next: Game 2 of 3
|l|☆munjah 14
|player|p1|
