|j|☆ToastedArt
|j|☆Best Unkle Dan
|html|ToastedArtBest Unkle Dan    
|uhtml|bestof|Game 1 of a best-of-3
|t:|1784695638
|gametype|doubles
|player|p1|ToastedArt|clemont|1055
|player|p2|Best Unkle Dan|sailor|1098
|gen|9
|tier|[Gen 9 Champions] VGC 2026 Reg M-B (Bo3)
|rated|
|rule|Species Clause: Limit one of each Pokémon
|rule|Item Clause: Limit 1 of each item
|clearpoke
|poke|p1|Falinks, L50, shiny|
|poke|p1|Incineroar, L50, F|
|poke|p1|Basculegion, L50, M|
|poke|p1|Kingambit, L50, F|
|poke|p1|Sneasler, L50, F|
|poke|p1|Vanilluxe, L50, F, shiny|
|poke|p2|Charizard, L50, M|
|poke|p2|Grimmsnarl, L50, M|
|poke|p2|Pelipper, L50, F|
|poke|p2|Archaludon, L50, M|
|poke|p2|Basculegion, L50, M|
|poke|p2|Venusaur, L50, M|
|teampreview|4
|showteam|p1|Falinks||Falinksite|Defiant|NoRetreat,CloseCombat,RockSlide,Protect|Adamant|||||50|]Incineroar||PasshoBerry|Intimidate|FlareBlitz,ThroatChop,PartingShot,FakeOut|Adamant||F|||50|]Basculegion||SitrusBerry|Adaptability|WaveCrash,LastRespects,AquaJet,Protect|Adamant||M|||50|]Kingambit||LifeOrb|Defiant|KowtowCleave,SuckerPunch,SwordsDance,Protect|Adamant||F|||50|]Sneasler||FocusSash|PoisonTouch|PoisonJab,CloseCombat,FakeOut,Coaching|Jolly||F|||50|]Vanilluxe||ChoiceScarf|SnowWarning|Blizzard,FreezeDry,IcyWind,SheerCold|Modest||F|||50|
|showteam|p2|Charizard||CharizarditeY|SolarPower|Protect,HeatWave,WeatherBall,SolarBeam|Modest||M|||50|]Grimmsnarl||LightClay|Prankster|SpiritBreak,Reflect,LightScreen,PartingShot|Careful||M|||50|]Pelipper||SitrusBerry|Drizzle|Hurricane,WeatherBall,Tailwind,WideGuard|Modest||F|||50|]Archaludon||Leftovers|Stamina|Protect,ElectroShot,DragonPulse,FlashCannon|Timid||M|||50|]Basculegion||ChoiceScarf|Adaptability|FlipTurn,WaveCrash,AquaJet,LastRespects|Jolly||M|||50|]Venusaur||FocusSash|Chlorophyll|Protect,SleepPowder,SludgeBomb,EarthPower|Modest||M|||50|
|inactive|Battle timer is ON: inactive players will automatically lose when time's up. (requested by ToastedArt)
|inactive|ToastedArt has 60 seconds left.
|inactive|ToastedArt has 30 seconds left.
|inactive|ToastedArt has 20 seconds left.
|inactive|ToastedArt has 15 seconds left.
|
|t:|1784695717
|teamsize|p1|4
|teamsize|p2|4
|start
|switch|p1a: Incineroar|Incineroar, L50, F|100/100
|switch|p1b: Sneasler|Sneasler, L50, F|100/100
|switch|p2a: Charizard|Charizard, L50, M|100/100
|switch|p2b: Venusaur|Venusaur, L50, M|100/100
|-ability|p1a: Incineroar|Intimidate|boost
|-unboost|p2a: Charizard|atk|1
|-unboost|p2b: Venusaur|atk|1
|turn|1
|
|t:|1784695727
|detailschange|p2a: Charizard|Charizard-Mega-Y, L50, M
|-mega|p2a: Charizard|Charizard|Charizardite Y
|-weather|SunnyDay|[from] ability: Drought|[of] p2a: Charizard
|move|p1b: Sneasler|Fake Out|p2a: Charizard
|-crit|p2a: Charizard
|-damage|p2a: Charizard|67/100
|-status|p2a: Charizard|psn|[from] ability: Poison Touch|[of] p1b: Sneasler
|move|p1a: Incineroar|Fake Out|p2b: Venusaur
|-damage|p2b: Venusaur|80/100
|cant|p2b: Venusaur|flinch
|cant|p2a: Charizard|flinch
|
|-weather|SunnyDay|[upkeep]
|-damage|p2a: Charizard|55/100 psn|[from] psn
|upkeep
|turn|2
|
|t:|1784695752
|switch|p1a: Vanilluxe|Vanilluxe, L50, F, shiny|100/100
|-weather|Snowscape|[from] ability: Snow Warning|[of] p1a: Vanilluxe
|move|p1b: Sneasler|Poison Jab|p2a: Charizard
|-damage|p2a: Charizard|0 fnt
|faint|p2a: Charizard
|move|p2b: Venusaur|Sleep Powder|p1b: Sneasler
|-status|p1b: Sneasler|slp|[from] move: Sleep Powder
|
|-weather|Snowscape|[upkeep]
|upkeep
|
|t:|1784695761
|switch|p2a: Pelipper|Pelipper, L50, F|100/100
|-weather|RainDance|[from] ability: Drizzle|[of] p2a: Pelipper
|turn|3
|
|t:|1784695770
|switch|p1b: Incineroar|Incineroar, L50, F|100/100
|-ability|p1b: Incineroar|Intimidate|boost
|-unboost|p2a: Pelipper|atk|1
|-unboost|p2b: Venusaur|atk|1
|move|p1a: Vanilluxe|Freeze-Dry|p2a: Pelipper
|-supereffective|p2a: Pelipper|2
|-damage|p2a: Pelipper|0 fnt
|faint|p2a: Pelipper
|move|p2b: Venusaur|Sleep Powder|p1a: Vanilluxe
|-status|p1a: Vanilluxe|slp|[from] move: Sleep Powder
|
|-weather|RainDance|[upkeep]
|upkeep
|
|t:|1784695776
|switch|p2a: Basculegion|Basculegion, L50, M|100/100
|turn|4
|
|t:|1784695785
|switch|p1a: Sneasler|Sneasler, L50, F|100/100 slp
|move|p2a: Basculegion|Wave Crash|p1b: Incineroar
|-supereffective|p1b: Incineroar|1
|-enditem|p1b: Incineroar|Passho Berry|[eat]
|-enditem|p1b: Incineroar|Passho Berry|[weaken]
|-damage|p1b: Incineroar|0 fnt
|faint|p1b: Incineroar
|-damage|p2a: Basculegion|68/100|[from] Recoil
|move|p2b: Venusaur|Earth Power|p1a: Sneasler
|-supereffective|p1a: Sneasler|1
|-damage|p1a: Sneasler|26/100 slp
|
|-weather|RainDance|[upkeep]
|upkeep
|
|t:|1784695796
|switch|p1b: Vanilluxe|Vanilluxe, L50, F, shiny|100/100 slp
|-weather|Snowscape|[from] ability: Snow Warning|[of] p1b: Vanilluxe
|turn|5
|
|t:|1784695817
|cant|p1a: Sneasler|slp
|move|p2a: Basculegion|Wave Crash|p1b: Vanilluxe
|-damage|p1b: Vanilluxe|35/100 slp
|-damage|p2a: Basculegion|52/100|[from] Recoil
|cant|p1b: Vanilluxe|slp
|move|p2b: Venusaur|Earth Power|p1a: Sneasler
|-supereffective|p1a: Sneasler|1
|-damage|p1a: Sneasler|0 fnt
|faint|p1a: Sneasler
|
|-weather|Snowscape|[upkeep]
|upkeep
|
|t:|1784695824
|switch|p1a: Falinks|Falinks, L50, shiny|100/100
|turn|6
|
|t:|1784695831
|detailschange|p1a: Falinks|Falinks-Mega, L50, shiny
|-mega|p1a: Falinks|Falinks|Falinksite
|move|p2a: Basculegion|Wave Crash|p1b: Vanilluxe
|-damage|p1b: Vanilluxe|0 fnt
|faint|p1b: Vanilluxe
|-damage|p2a: Basculegion|43/100|[from] Recoil
|move|p1a: Falinks|No Retreat|p1a: Falinks
|-boost|p1a: Falinks|atk|1
|-boost|p1a: Falinks|def|1
|-boost|p1a: Falinks|spa|1
|-boost|p1a: Falinks|spd|1
|-boost|p1a: Falinks|spe|1
|-start|p1a: Falinks|move: No Retreat
|move|p2b: Venusaur|Sleep Powder|p1a: Falinks
|-status|p1a: Falinks|slp|[from] move: Sleep Powder
|
|-weather|Snowscape|[upkeep]
|upkeep
|turn|7
|
|t:|1784695846
|cant|p1a: Falinks|slp
|move|p2a: Basculegion|Wave Crash|p1a: Falinks
|-damage|p1a: Falinks|54/100 slp
|-damage|p2a: Basculegion|32/100|[from] Recoil
|move|p2b: Venusaur|Sludge Bomb|p1a: Falinks
|-damage|p1a: Falinks|13/100 slp
|
|-weather|Snowscape|[upkeep]
|upkeep
|turn|8
|
|t:|1784695850
|-curestatus|p1a: Falinks|slp|[msg]
|move|p1a: Falinks|Protect|p1a: Falinks
|-singleturn|p1a: Falinks|Protect
|move|p2a: Basculegion|Wave Crash|p1a: Falinks
|-activate|p1a: Falinks|move: Protect
|move|p2b: Venusaur|Sludge Bomb|p1a: Falinks
|-activate|p1a: Falinks|move: Protect
|
|-weather|Snowscape|[upkeep]
|upkeep
|turn|9
|
|t:|1784695857
|move|p2a: Basculegion|Wave Crash|p1a: Falinks
|-damage|p1a: Falinks|0 fnt
|faint|p1a: Falinks
|-damage|p2a: Basculegion|28/100|[from] Recoil
|
|win|Best Unkle Dan
