|j|☆atahualpamaia
|j|☆Sherogenzzz
|html|atahualpamaiaSherogenzzz    
|uhtml|bestof|Game 1 of a best-of-3
|t:|1757029534
|gametype|doubles
|player|p1|atahualpamaia|lucas|1059
|player|p2|Sherogenzzz|266|1043
|gen|9
|tier|[Gen 9] VGC 2025 Reg H (Bo3)
|rated|
|rule|Species Clause: Limit one of each Pokémon
|rule|Item Clause: Limit 1 of each item
|clearpoke
|poke|p1|Dragonite, L50, M|
|poke|p1|Ursaluna-Bloodmoon, L50, M|
|poke|p1|Sneasler, L50, M|
|poke|p1|Braviary, L50, M|
|poke|p1|Whimsicott, L50, F|
|poke|p1|Farigiraf, L50, F|
|poke|p2|Gothitelle, L50, F|
|poke|p2|Amoonguss, L50, M|
|poke|p2|Gallade, L50, M|
|poke|p2|Incineroar, L50, F|
|poke|p2|Baxcalibur, L50, M|
|poke|p2|Ninetales-Alola, L50, M|
|teampreview|4
|showteam|p1|Dragonite||LoadedDice|Multiscale|ScaleShot,IcePunch,StompingTantrum,Protect|||M|||50|,,,,,Steel]Ursaluna-Bloodmoon||SitrusBerry|MindsEye|BloodMoon,EarthPower,HyperVoice,Protect|||M|||50|,,,,,Ghost]Sneasler||WhiteHerb|Unburden|CloseCombat,DireClaw,ThroatChop,Protect|||M|||50|,,,,,Ghost]Braviary||LifeOrb|Defiant|BraveBird,CloseCombat,HelpingHand,Protect|||M|||50|,,,,,Flying]Whimsicott||FocusSash|Prankster|Moonblast,Taunt,Tailwind,Protect|||F|||50|,,,,,Ghost]Farigiraf||ThroatSpray|ArmorTail|HyperVoice,HelpingHand,TrickRoom,Protect|||F|||50|,,,,,Water
|showteam|p2|Gothitelle||Leftovers|ShadowTag|FakeOut,Protect,TrickRoom,Psychic|||F|||50|,,,,,Dark]Amoonguss||SitrusBerry|Regenerator|Protect,PollenPuff,RagePowder,Spore|||M|||50|,,,,,Dark]Gallade||LifeOrb|Sharpness|Protect,SacredSword,SwordsDance,PsychoCut|||M|||50|,,,,,Steel]Incineroar||SafetyGoggles|Intimidate|FakeOut,PartingShot,FlareBlitz,KnockOff|||F|||50|,,,,,Water]Baxcalibur||ClearAmulet|IceBody|Protect,GlaiveRush,IceShard,SwordsDance|||M|||50|,,,,,Steel]Ninetales-Alola||FocusSash|SnowWarning|Protect,AuroraVeil,FoulPlay,Disable|||M|||50|,,,,,Steel
|inactive|Battle timer is ON: inactive players will automatically lose when time's up. (requested by atahualpamaia)
|inactive|atahualpamaia has 60 seconds left.
|inactive|Sherogenzzz has 60 seconds left.
|inactive|atahualpamaia has 30 seconds left.
|inactive|atahualpamaia has 20 seconds left.
|inactive|atahualpamaia has 15 seconds left.
|
|t:|1757029611
|teamsize|p1|4
|teamsize|p2|4
|start
|switch|p1a: Sneasler|Sneasler, L50, M|100/100
|switch|p1b: Whimsicott|Whimsicott, L50, F|100/100
|switch|p2a: Baxcalibur|Baxcalibur, L50, M|100/100
|switch|p2b: Ninetales|Ninetales-Alola, L50, M|100/100
|-weather|Snowscape|[from] ability: Snow Warning|[of] p2b: Ninetales
|turn|1
|inactive|atahualpamaia has 30 seconds left.
|inactive|Sherogenzzz has 30 seconds left.
|inactive|atahualpamaia has 20 seconds left.
|inactive|Sherogenzzz has 20 seconds left.
|inactive|atahualpamaia has 15 seconds left.
|inactive|Sherogenzzz has 15 seconds left.
|inactive|atahualpamaia has 10 seconds left.
|inactive|Sherogenzzz has 10 seconds left.
|inactive|Sherogenzzz has 5 seconds left.
|
|t:|1757029662
|-terastallize|p2b: Ninetales|Steel
|move|p1b: Whimsicott|Taunt|p2b: Ninetales
|-start|p2b: Ninetales|move: Taunt
|move|p1a: Sneasler|Close Combat|p2a: Baxcalibur
|-supereffective|p2a: Baxcalibur
|-damage|p2a: Baxcalibur|24/100
|-unboost|p1a: Sneasler|def|1
|-unboost|p1a: Sneasler|spd|1
|-enditem|p1a: Sneasler|White Herb
|-clearnegativeboost|p1a: Sneasler|[silent]
|move|p2a: Baxcalibur|Swords Dance|p2a: Baxcalibur
|-boost|p2a: Baxcalibur|atk|2
|cant|p2b: Ninetales|move: Taunt|Aurora Veil
|
|-weather|Snowscape|[upkeep]
|-heal|p2a: Baxcalibur|30/100|[from] ability: Ice Body
|upkeep
|turn|2
|inactive|atahualpamaia has 30 seconds left.
|inactive|Sherogenzzz has 30 seconds left.
|
|t:|1757029695
|switch|p2b: Amoonguss|Amoonguss, L50, M|100/100
|move|p2a: Baxcalibur|Protect|p2a: Baxcalibur
|-singleturn|p2a: Baxcalibur|Protect
|move|p1b: Whimsicott|Tailwind|p1b: Whimsicott
|-sidestart|p1: atahualpamaia|move: Tailwind
|move|p1a: Sneasler|Close Combat|p2a: Baxcalibur
|-activate|p2a: Baxcalibur|move: Protect
|
|-weather|Snowscape|[upkeep]
|-heal|p2a: Baxcalibur|36/100|[from] ability: Ice Body
|upkeep
|turn|3
|inactive|atahualpamaia has 30 seconds left.
|
|t:|1757029720
|switch|p1b: Braviary|Braviary, L50, M|100/100
|move|p2b: Amoonguss|Rage Powder|p2b: Amoonguss
|-singleturn|p2b: Amoonguss|move: Rage Powder
|move|p2a: Baxcalibur|Ice Shard|p1b: Braviary
|-supereffective|p1b: Braviary
|-damage|p1b: Braviary|13/100
|move|p1a: Sneasler|Close Combat|p2b: Amoonguss
|-resisted|p2b: Amoonguss
|-damage|p2b: Amoonguss|73/100
|-unboost|p1a: Sneasler|def|1
|-unboost|p1a: Sneasler|spd|1
|
|-weather|Snowscape|[upkeep]
|-heal|p2a: Baxcalibur|42/100|[from] ability: Ice Body
|upkeep
|turn|4
|
|t:|1757029737
|move|p1a: Sneasler|Protect|p1a: Sneasler
|-singleturn|p1a: Sneasler|Protect
|move|p2b: Amoonguss|Rage Powder|p2b: Amoonguss
|-singleturn|p2b: Amoonguss|move: Rage Powder
|move|p2a: Baxcalibur|Ice Shard|p1b: Braviary
|-supereffective|p1b: Braviary
|-damage|p1b: Braviary|0 fnt
|faint|p1b: Braviary
|
|-weather|Snowscape|[upkeep]
|-heal|p2a: Baxcalibur|48/100|[from] ability: Ice Body
|upkeep
|
|t:|1757029750
|switch|p1b: Dragonite|Dragonite, L50, M|100/100
|turn|5
|
|t:|1757029760
|-terastallize|p1b: Dragonite|Steel
|move|p2b: Amoonguss|Rage Powder|p2b: Amoonguss
|-singleturn|p2b: Amoonguss|move: Rage Powder
|move|p2a: Baxcalibur|Ice Shard|p1b: Dragonite
|-resisted|p1b: Dragonite
|-damage|p1b: Dragonite|90/100
|move|p1a: Sneasler|Dire Claw|p2b: Amoonguss
|-damage|p2b: Amoonguss|38/100
|-status|p2b: Amoonguss|par
|-enditem|p2b: Amoonguss|Sitrus Berry|[eat]
|-heal|p2b: Amoonguss|62/100 par|[from] item: Sitrus Berry
|move|p1b: Dragonite|Ice Punch|p2b: Amoonguss
|-supereffective|p2b: Amoonguss
|-damage|p2b: Amoonguss|10/100 par
|
|-weather|none
|-sideend|p1: atahualpamaia|move: Tailwind
|upkeep
|turn|6
|inactive|atahualpamaia has 30 seconds left.
|
|t:|1757029786
|move|p2b: Amoonguss|Rage Powder|p2b: Amoonguss
|-singleturn|p2b: Amoonguss|move: Rage Powder
|move|p1a: Sneasler|Close Combat|p2b: Amoonguss
|-resisted|p2b: Amoonguss
|-damage|p2b: Amoonguss|0 fnt
|-unboost|p1a: Sneasler|def|1
|-unboost|p1a: Sneasler|spd|1
|faint|p2b: Amoonguss
|move|p2a: Baxcalibur|Glaive Rush|p1a: Sneasler
|-damage|p1a: Sneasler|0 fnt
|-singlemove|p2a: Baxcalibur|Glaive Rush|[silent]
|faint|p1a: Sneasler
|move|p1b: Dragonite|Scale Shot|p2a: Baxcalibur
|-supereffective|p2a: Baxcalibur
|-crit|p2a: Baxcalibur
|-damage|p2a: Baxcalibur|0 fnt
|faint|p2a: Baxcalibur
|-hitcount|p2: Baxcalibur|1
|-unboost|p1b: Dragonite|def|1
|-boost|p1b: Dragonite|spe|1
|
|upkeep
|
|t:|1757029802
|switch|p1a: Whimsicott|Whimsicott, L50, F|100/100
|switch|p2a: Gothitelle|Gothitelle, L50, F|100/100
|switch|p2b: Ninetales|Ninetales-Alola, L50, M, tera:Steel|100/100
|-weather|Snowscape|[from] ability: Snow Warning|[of] p2b: Ninetales
|turn|7
|inactive|atahualpamaia has 30 seconds left.
|inactive|atahualpamaia has 20 seconds left.
|
|t:|1757029839
|move|p1a: Whimsicott|Protect|p1a: Whimsicott
|-singleturn|p1a: Whimsicott|Protect
|move|p1b: Dragonite|Protect|p1b: Dragonite
|-singleturn|p1b: Dragonite|Protect
|move|p2a: Gothitelle|Fake Out|p1a: Whimsicott
|-activate|p1a: Whimsicott|move: Protect
|move|p2b: Ninetales|Aurora Veil|p2b: Ninetales
|-sidestart|p2: Sherogenzzz|move: Aurora Veil
|
|-weather|Snowscape|[upkeep]
|upkeep
|turn|8
|
|t:|1757029862
|move|p1b: Dragonite|Stomping Tantrum|p2b: Ninetales
|-supereffective|p2b: Ninetales
|-damage|p2b: Ninetales|52/100
|move|p1a: Whimsicott|Moonblast|p2b: Ninetales
|-resisted|p2b: Ninetales
|-crit|p2b: Ninetales
|-damage|p2b: Ninetales|27/100
|move|p2b: Ninetales|Foul Play|p1b: Dragonite
|-damage|p1b: Dragonite|29/100
|move|p2a: Gothitelle|Trick Room|p2a: Gothitelle
|-fieldstart|move: Trick Room|[of] p2a: Gothitelle
|
|-weather|Snowscape|[upkeep]
|upkeep
|turn|9
|inactive|Sherogenzzz has 30 seconds left.
|
|t:|1757029892
|move|p2b: Ninetales|Protect|p2b: Ninetales
|-singleturn|p2b: Ninetales|Protect
|move|p1b: Dragonite|Protect|p1b: Dragonite
|-singleturn|p1b: Dragonite|Protect
|move|p2a: Gothitelle|Psychic|p1b: Dragonite
|-activate|p1b: Dragonite|move: Protect
|move|p1a: Whimsicott|Moonblast|p2a: Gothitelle
|-damage|p2a: Gothitelle|79/100
|
|-weather|Snowscape|[upkeep]
|-heal|p2a: Gothitelle|85/100|[from] item: Leftovers
|upkeep
|turn|10
|
|t:|1757029917
|move|p2a: Gothitelle|Psychic|p1a: Whimsicott
|-damage|p1a: Whimsicott|52/100
|move|p2b: Ninetales|Foul Play|p1b: Dragonite
|-damage|p1b: Dragonite|0 fnt
|faint|p1b: Dragonite
|move|p1a: Whimsicott|Moonblast|p2a: Gothitelle
|-damage|p2a: Gothitelle|63/100
|
|-weather|Snowscape|[upkeep]
|-heal|p2a: Gothitelle|69/100|[from] item: Leftovers
|upkeep
|turn|11
|
|t:|1757029935
|move|p2a: Gothitelle|Psychic|p1a: Whimsicott
|-damage|p1a: Whimsicott|4/100
|move|p2b: Ninetales|Foul Play|p1a: Whimsicott
|-resisted|p1a: Whimsicott
|-damage|p1a: Whimsicott|0 fnt
|faint|p1a: Whimsicott
|
|win|Sherogenzzz
||atahualpamaia is ready for game 2.
