|j|☆Duyheeee
|j|☆Yankiken
|html|DuyheeeeYankiken    
|uhtml|bestof|Game 2 of a best-of-3
|t:|1756655766
|gametype|doubles
|player|p1|Duyheeee|parasollady|
|player|p2|Yankiken|unknown|
|gen|9
|tier|[Gen 9] VGC 2025 Reg H (Bo3)
|rule|Species Clause: Limit one of each Pokémon
|rule|Item Clause: Limit 1 of each item
|clearpoke
|poke|p1|Indeedee, L50, M|
|poke|p1|Sneasler, L50, F|
|poke|p1|Murkrow, L50, F|
|poke|p1|Ursaluna-Bloodmoon, L50, M|
|poke|p1|Dondozo, L50, M|
|poke|p1|Tatsugiri, L50, F|
|poke|p2|Charizard, L50, F|
|poke|p2|Torkoal, L50, F|
|poke|p2|Porygon2, L50|
|poke|p2|Incineroar, L50, M|
|poke|p2|Jumpluff, L50, F|
|poke|p2|Ursaluna, L50, M|
|teampreview|4
|showteam|p1|Indeedee||FocusSash|PsychicSurge|Imprison,TrickRoom,TeraBlast,ExpandingForce|||M|||50|,,,,,Grass]Sneasler||PsychicSeed|Unburden|Protect,DireClaw,CloseCombat,ThroatChop|||F|||50|,,,,,Dark]Murkrow||Eviolite|Prankster|Quash,FoulPlay,Tailwind,Haze|||F|||50|,,,,,Dark]Ursaluna-Bloodmoon||LifeOrb|MindsEye|HyperVoice,EarthPower,BloodMoon,Protect|||M|||50|,,,,,Normal]Dondozo||Leftovers|Unaware|Protect,OrderUp,WaveCrash,Earthquake|||M|||50|,,,,,Grass]Tatsugiri||ChoiceScarf|Commander|MuddyWater,DragonPulse,DracoMeteor,IcyWind|||F|||50|,,,,,Steel
|showteam|p2|Charizard||ChoiceSpecs|SolarPower|HeatWave,Overheat,WeatherBall,AirSlash|||F|||50|,,,,,Ghost]Torkoal||EjectPack|Drought|Eruption,Overheat,HelpingHand,Protect|||F|||50|,,,,,Fire]Porygon2||Eviolite|Download|IceBeam,TeraBlast,TrickRoom,Recover||||||50|,,,,,Fighting]Incineroar||SitrusBerry|Intimidate|FlareBlitz,KnockOff,FakeOut,PartingShot|||M|||50|,,,,,Ghost]Jumpluff||CovertCloak|Chlorophyll|SleepPowder,SunnyDay,RagePowder,Tailwind|||F|||50|,,,,,Water]Ursaluna||FlameOrb|Guts|HeadlongRush,Facade,Earthquake,Protect|||M|||50|,,,,,Ghost
|inactive|Battle timer is ON: inactive players will automatically lose when time's up. (requested by Yankiken)
|inactive|Yankiken has 60 seconds left.
|
|t:|1756655823
|teamsize|p1|4
|teamsize|p2|4
|start
|switch|p1a: Indeedee|Indeedee, L50, M|100/100
|switch|p1b: Ursaluna|Ursaluna-Bloodmoon, L50, M|100/100
|switch|p2a: Incineroar|Incineroar, L50, M|100/100
|switch|p2b: Ursaluna|Ursaluna, L50, M|100/100
|-fieldstart|move: Psychic Terrain|[from] ability: Psychic Surge|[of] p1a: Indeedee
|-ability|p2a: Incineroar|Intimidate|boost
|-unboost|p1a: Indeedee|atk|1
|-unboost|p1b: Ursaluna|atk|1
|turn|1
|inactive|Duyheeee has 30 seconds left.
|
|t:|1756655849
|-terastallize|p1b: Ursaluna|Normal
|move|p2b: Ursaluna|Protect|p2b: Ursaluna
|-singleturn|p2b: Ursaluna|Protect
|move|p1a: Indeedee|Expanding Force|p2b: Ursaluna|[spread] 
|-activate|p2b: Ursaluna|move: Protect
|-immune|p2a: Incineroar
|move|p2a: Incineroar|Parting Shot|p1b: Ursaluna
|-unboost|p1b: Ursaluna|atk|1
|-unboost|p1b: Ursaluna|spa|1
|
|t:|1756655851
|switch|p2a: Jumpluff|Jumpluff, L50, F|100/100|[from] Parting Shot
|move|p1b: Ursaluna|Earth Power|p2a: Jumpluff
|-immune|p2a: Jumpluff
|
|-status|p2b: Ursaluna|brn|[from] item: Flame Orb
|upkeep
|turn|2
|inactive|Yankiken has 30 seconds left.
|
|t:|1756655878
|move|p2a: Jumpluff|Sleep Powder|p1b: Ursaluna
|-status|p1b: Ursaluna|slp|[from] move: Sleep Powder
|move|p1a: Indeedee|Expanding Force|p2a: Jumpluff|[spread] p2a,p2b
|-damage|p2a: Jumpluff|46/100
|-damage|p2b: Ursaluna|52/100 brn
|cant|p1b: Ursaluna|slp
|move|p2b: Ursaluna|Earthquake|p1b: Ursaluna|[spread] p1a,p1b
|-immune|p2a: Jumpluff
|-enditem|p1a: Indeedee|Focus Sash
|-damage|p1a: Indeedee|1/100
|-damage|p1b: Ursaluna|50/100 slp
|
|-damage|p2b: Ursaluna|46/100 brn|[from] brn
|upkeep
|turn|3
|
|t:|1756655888
|move|p2a: Jumpluff|Tailwind|p2a: Jumpluff
|-sidestart|p2: Yankiken|move: Tailwind
|move|p2b: Ursaluna|Earthquake|p1b: Ursaluna|[spread] p1a,p1b
|-immune|p2a: Jumpluff
|-damage|p1a: Indeedee|0 fnt
|-damage|p1b: Ursaluna|0 fnt
|faint|p1a: Indeedee
|faint|p1b: Ursaluna
|
|-damage|p2b: Ursaluna|40/100 brn|[from] brn
|upkeep
|
|t:|1756655893
|switch|p1a: Tatsugiri|Tatsugiri, L50, F|100/100
|switch|p1b: Dondozo|Dondozo, L50, M|100/100
|-activate|p1a: Tatsugiri|ability: Commander|[of] p1b: Dondozo
|-boost|p1b: Dondozo|atk|2
|-boost|p1b: Dondozo|spa|2
|-boost|p1b: Dondozo|spe|2
|-boost|p1b: Dondozo|def|2
|-boost|p1b: Dondozo|spd|2
|turn|4
|
|t:|1756655902
|switch|p2b: Incineroar|Incineroar, L50, M|100/100
|-ability|p2b: Incineroar|Intimidate|boost
|-unboost|p1a: Tatsugiri|atk|1
|-unboost|p1b: Dondozo|atk|1
|move|p2a: Jumpluff|Sleep Powder|p1b: Dondozo|[miss]
|-miss|p2a: Jumpluff|p1b: Dondozo
|move|p1b: Dondozo|Order Up|p2a: Jumpluff
|-damage|p2a: Jumpluff|7/100
|-boost|p1b: Dondozo|atk|1
|
|upkeep
|turn|5
|
|t:|1756655913
|move|p2a: Jumpluff|Sleep Powder|p1b: Dondozo
|-status|p1b: Dondozo|slp|[from] move: Sleep Powder
|move|p2b: Incineroar|Parting Shot|p1b: Dondozo
|-unboost|p1b: Dondozo|atk|1
|-unboost|p1b: Dondozo|spa|1
|
|t:|1756655915
|switch|p2b: Torkoal|Torkoal, L50, F|100/100|[from] Parting Shot
|-weather|SunnyDay|[from] ability: Drought|[of] p2b: Torkoal
|cant|p1b: Dondozo|slp
|
|-weather|SunnyDay|[upkeep]
|-fieldend|move: Psychic Terrain
|upkeep
|turn|6
|
|t:|1756655922
|switch|p2a: Incineroar|Incineroar, L50, M|100/100
|-ability|p2a: Incineroar|Intimidate|boost
|-unboost|p1a: Tatsugiri|atk|1
|-unboost|p1b: Dondozo|atk|1
|cant|p1b: Dondozo|slp
|move|p2b: Torkoal|Overheat|p1b: Dondozo
|-resisted|p1b: Dondozo
|-damage|p1b: Dondozo|79/100 slp
|-unboost|p2b: Torkoal|spa|2
|-enditem|p2b: Torkoal|Eject Pack
|
|t:|1756655929
|switch|p2b: Jumpluff|Jumpluff, L50, F|7/100
|
|-weather|SunnyDay|[upkeep]
|-heal|p1b: Dondozo|86/100 slp|[from] item: Leftovers
|-sideend|p2: Yankiken|move: Tailwind
|upkeep
|turn|7
|
|t:|1756655934
|move|p2b: Jumpluff|Tailwind|p2b: Jumpluff
|-sidestart|p2: Yankiken|move: Tailwind
|move|p2a: Incineroar|Knock Off|p1b: Dondozo
|-damage|p1b: Dondozo|72/100 slp
|-enditem|p1b: Dondozo|Leftovers|[from] move: Knock Off|[of] p2a: Incineroar
|cant|p1b: Dondozo|slp
|
|-weather|SunnyDay|[upkeep]
|upkeep
|turn|8
|
|t:|1756655938
|switch|p2b: Torkoal|Torkoal, L50, F|100/100
|move|p2a: Incineroar|Parting Shot|p1b: Dondozo
|-unboost|p1b: Dondozo|atk|1
|-unboost|p1b: Dondozo|spa|1
|
|t:|1756655942
|switch|p2a: Jumpluff|Jumpluff, L50, F|7/100|[from] Parting Shot
|-curestatus|p1b: Dondozo|slp|[msg]
|move|p1b: Dondozo|Order Up|p2b: Torkoal
|-damage|p2b: Torkoal|89/100
|-boost|p1b: Dondozo|atk|1
|
|-weather|SunnyDay|[upkeep]
|upkeep
|turn|9
|
|t:|1756655947
|switch|p2b: Incineroar|Incineroar, L50, M|100/100
|-ability|p2b: Incineroar|Intimidate|boost
|-unboost|p1a: Tatsugiri|atk|1
|-unboost|p1b: Dondozo|atk|1
|move|p1b: Dondozo|Protect|p1b: Dondozo
|-singleturn|p1b: Dondozo|Protect
|move|p2a: Jumpluff|Sleep Powder|p1b: Dondozo
|-activate|p1b: Dondozo|move: Protect
|
|-weather|none
|upkeep
|turn|10
|
|t:|1756655955
|move|p2b: Incineroar|Fake Out|p1b: Dondozo
|-damage|p1b: Dondozo|67/100
|move|p2a: Jumpluff|Sleep Powder|p1b: Dondozo
|-status|p1b: Dondozo|slp|[from] move: Sleep Powder
|cant|p1b: Dondozo|slp
|
|-sideend|p2: Yankiken|move: Tailwind
|upkeep
|turn|11
|
|t:|1756655960
|move|p2a: Jumpluff|Tailwind|p2a: Jumpluff
|-sidestart|p2: Yankiken|move: Tailwind
|move|p2b: Incineroar|Parting Shot|p1b: Dondozo
|-unboost|p1b: Dondozo|atk|1
|-unboost|p1b: Dondozo|spa|1
|
|t:|1756655962
|switch|p2b: Ursaluna|Ursaluna, L50, M|40/100 brn|[from] Parting Shot
|-curestatus|p1b: Dondozo|slp|[msg]
|move|p1b: Dondozo|Order Up|p2a: Jumpluff
|-damage|p2a: Jumpluff|0 fnt
|faint|p2a: Jumpluff
|-boost|p1b: Dondozo|atk|1
|
|-damage|p2b: Ursaluna|34/100 brn|[from] brn
|upkeep
|
|t:|1756655967
|switch|p2a: Incineroar|Incineroar, L50, M|100/100
|-ability|p2a: Incineroar|Intimidate|boost
|-unboost|p1a: Tatsugiri|atk|1
|-unboost|p1b: Dondozo|atk|1
|turn|12
|
|t:|1756655979
|switch|p2a: Torkoal|Torkoal, L50, F|89/100
|-weather|SunnyDay|[from] ability: Drought|[of] p2a: Torkoal
|move|p1b: Dondozo|Protect|p1b: Dondozo
|-singleturn|p1b: Dondozo|Protect
|move|p2b: Ursaluna|Facade|p1b: Dondozo
|-activate|p1b: Dondozo|move: Protect
|
|-weather|SunnyDay|[upkeep]
|-damage|p2b: Ursaluna|28/100 brn|[from] brn
|upkeep
|turn|13
|
|t:|1756655988
|move|p2a: Torkoal|Helping Hand|p2b: Ursaluna
|-singleturn|p2b: Ursaluna|Helping Hand|[of] p2a: Torkoal
|move|p2b: Ursaluna|Facade|p1b: Dondozo
|-damage|p1b: Dondozo|9/100
|move|p1b: Dondozo|Earthquake|p2a: Torkoal|[spread] p2a,p2b
|-miss|p1b: Dondozo|p1a: Tatsugiri
|-supereffective|p2a: Torkoal
|-damage|p2a: Torkoal|72/100
|-damage|p2b: Ursaluna|19/100 brn
|
|-weather|SunnyDay|[upkeep]
|-damage|p2b: Ursaluna|14/100 brn|[from] brn
|upkeep
|turn|14
|
|t:|1756656007
|switch|p2b: Incineroar|Incineroar, L50, M|100/100
|-ability|p2b: Incineroar|Intimidate|boost
|-unboost|p1a: Tatsugiri|atk|1
|-unboost|p1b: Dondozo|atk|1
|move|p1b: Dondozo|Earthquake|p2b: Incineroar|[spread] p2a,p2b
|-miss|p1b: Dondozo|p1a: Tatsugiri
|-supereffective|p2a: Torkoal
|-supereffective|p2b: Incineroar
|-damage|p2a: Torkoal|59/100
|-damage|p2b: Incineroar|85/100
|move|p2a: Torkoal|Overheat|p1b: Dondozo
|-resisted|p1b: Dondozo
|-damage|p1b: Dondozo|0 fnt
|-unboost|p2a: Torkoal|spa|2
|faint|p1b: Dondozo
|
|-weather|SunnyDay|[upkeep]
|-sideend|p2: Yankiken|move: Tailwind
|upkeep
|turn|15
|
|t:|1756656021
|move|p2a: Torkoal|Helping Hand|p2b: Incineroar
|-singleturn|p2b: Incineroar|Helping Hand|[of] p2a: Torkoal
|move|p2b: Incineroar|Fake Out|p1a: Tatsugiri
|-damage|p1a: Tatsugiri|65/100
|cant|p1a: Tatsugiri|flinch
|
|-weather|SunnyDay|[upkeep]
|upkeep
|turn|16
|
|t:|1756656027
|-terastallize|p2b: Incineroar|Ghost
|move|p2a: Torkoal|Helping Hand|p2b: Incineroar
|-singleturn|p2b: Incineroar|Helping Hand|[of] p2a: Torkoal
|move|p1a: Tatsugiri|Muddy Water|p2b: Incineroar|[spread] p2b
|-miss|p1a: Tatsugiri|p2a: Torkoal
|-crit|p2b: Incineroar
|-damage|p2b: Incineroar|59/100
|move|p2b: Incineroar|Knock Off|p1a: Tatsugiri
|-damage|p1a: Tatsugiri|0 fnt
|-enditem|p1a: Tatsugiri|Choice Scarf|[from] move: Knock Off|[of] p2b: Incineroar
|faint|p1a: Tatsugiri
|
|win|Yankiken
|c|☆Yankiken|gg
