|j|☆delphigni
|j|☆WashYoButt
|html|delphigniWashYoButt    
|uhtml|bestof|Game 2 of a best-of-3
|t:|1756234236
|gametype|doubles
|player|p1|delphigni|dawn|1077
|player|p2|WashYoButt|ariana|1033
|gen|9
|tier|[Gen 9] VGC 2025 Reg H (Bo3)
|rated|
|rule|Species Clause: Limit one of each Pokémon
|rule|Item Clause: Limit 1 of each item
|clearpoke
|poke|p1|Kommo-o, L50, M|
|poke|p1|Primarina, L50, F|
|poke|p1|Rillaboom, L50, M|
|poke|p1|Electabuzz, L50, M|
|poke|p1|Tyranitar, L50, M|
|poke|p1|Excadrill, L50, F|
|poke|p2|Ribombee, L50, F|
|poke|p2|Hydreigon, L50, M|
|poke|p2|Gholdengo, L50|
|poke|p2|Milotic, L50, F|
|poke|p2|Talonflame, L50, F|
|poke|p2|Sneasler, L50, F|
|teampreview|4
|showteam|p1|Kommo-o||ThroatSpray|Overcoat|ClangingScales,Flamethrower,ClangorousSoul,Protect|||M|||50|,,,,,Fire]Primarina||LifeOrb|LiquidVoice|HyperVoice,Moonblast,Haze,Protect|||F|||50|,,,,,Poison]Rillaboom||MeadowPlate|GrassySurge|WoodHammer,GrassyGlide,FakeOut,Protect|||M|||50|,,,,,Water]Electabuzz||Eviolite|VitalSpirit|FollowMe,Electroweb,HelpingHand,Protect|||M|||50|,,,,,Fairy]Tyranitar||AssaultVest|SandStream|TeraBlast,RockSlide,KnockOff,LowKick|||M|||50|,,,,,Flying]Excadrill||ClearAmulet|SandRush|RockSlide,IronHead,HighHorsepower,Protect|||F|||50|,,,,,Stellar
|showteam|p2|Ribombee||ChoiceSpecs|ShieldDust|Moonblast,Psychic,PollenPuff,EnergyBall|||F|||50|,,,,,Psychic]Hydreigon||AssaultVest|Levitate|Snarl,DragonPulse,EarthPower,DarkPulse|||M|||50|,,,,,Poison]Gholdengo||Leftovers|GoodasGold|Protect,NastyPlot,MakeItRain,ShadowBall||||||50|,,,,,Dragon]Milotic||SitrusBerry|Competitive|Protect,Haze,IceBeam,Scald|||F|||50|,,,,,Grass]Talonflame||CovertCloak|GaleWings|Tailwind,Taunt,FlareBlitz,BraveBird|||F|||50|,,,,,Grass]Sneasler||FocusSash|Unburden|Protect,DireClaw,CloseCombat,ThroatChop|||F|||50|,,,,,Stellar
|inactive|Battle timer is ON: inactive players will automatically lose when time's up. (requested by delphigni)
|inactive|delphigni has 60 seconds left.
|
|t:|1756234289
|teamsize|p1|4
|teamsize|p2|4
|start
|switch|p1a: Perferator|Excadrill, L50, F, shiny|100/100
|switch|p1b: Great S. Shark|Tyranitar, L50, M, shiny|100/100
|switch|p2a: Sneasler|Sneasler, L50, F|100/100
|switch|p2b: Gholdengo|Gholdengo, L50|100/100
|-weather|Sandstorm|[from] ability: Sand Stream|[of] p1b: Great S. Shark
|turn|1
|
|t:|1756234303
|-terastallize|p1b: Great S. Shark|Flying
|move|p1a: Perferator|Protect|p1a: Perferator
|-singleturn|p1a: Perferator|Protect
|move|p2b: Gholdengo|Protect|p2b: Gholdengo
|-singleturn|p2b: Gholdengo|Protect
|move|p2a: Sneasler|Dire Claw|p1b: Great S. Shark
|-damage|p1b: Great S. Shark|62/100
|move|p1b: Great S. Shark|Tera Blast|p2a: Sneasler|[anim] Tera Blast Flying
|-supereffective|p2a: Sneasler
|-enditem|p2a: Sneasler|Focus Sash
|-damage|p2a: Sneasler|1/100
|
|-weather|Sandstorm|[upkeep]
|-damage|p2a: Sneasler|0 fnt|[from] Sandstorm
|-damage|p1b: Great S. Shark|56/100|[from] Sandstorm
|faint|p2a: Sneasler
|upkeep
|
|t:|1756234315
|switch|p2a: Milotic|Milotic, L50, F|100/100
|turn|2
|
|t:|1756234331
|-terastallize|p2b: Gholdengo|Dragon
|move|p1a: Perferator|Rock Slide|p2a: Milotic|[spread] p2a,p2b
|-damage|p2a: Milotic|85/100
|-damage|p2b: Gholdengo|82/100
|move|p2b: Gholdengo|Nasty Plot|p2b: Gholdengo
|-boost|p2b: Gholdengo|spa|2
|cant|p2a: Milotic|flinch
|move|p1b: Great S. Shark|Knock Off|p2b: Gholdengo
|-damage|p2b: Gholdengo|34/100
|-enditem|p2b: Gholdengo|Leftovers|[from] move: Knock Off|[of] p1b: Great S. Shark
|
|-weather|Sandstorm|[upkeep]
|-damage|p2b: Gholdengo|28/100|[from] Sandstorm
|-damage|p2a: Milotic|79/100|[from] Sandstorm
|-damage|p1b: Great S. Shark|50/100|[from] Sandstorm
|upkeep
|turn|3
|
|t:|1756234352
|move|p2b: Gholdengo|Protect|p2b: Gholdengo
|-singleturn|p2b: Gholdengo|Protect
|move|p1a: Perferator|Rock Slide|p2a: Milotic|[spread] p2a
|-activate|p2b: Gholdengo|move: Protect
|-damage|p2a: Milotic|63/100
|move|p2a: Milotic|Scald|p1a: Perferator
|-supereffective|p1a: Perferator
|-damage|p1a: Perferator|30/100
|-status|p1a: Perferator|brn
|move|p1b: Great S. Shark|Knock Off|p2a: Milotic
|-damage|p2a: Milotic|20/100
|-enditem|p2a: Milotic|Sitrus Berry|[from] move: Knock Off|[of] p1b: Great S. Shark
|
|-weather|Sandstorm|[upkeep]
|-damage|p2b: Gholdengo|22/100|[from] Sandstorm
|-damage|p2a: Milotic|14/100|[from] Sandstorm
|-damage|p1b: Great S. Shark|44/100|[from] Sandstorm
|-damage|p1a: Perferator|24/100 brn|[from] brn
|upkeep
|turn|4
|
|t:|1756234375
|move|p1a: Perferator|Iron Head|p2b: Gholdengo
|-damage|p2b: Gholdengo|4/100
|move|p2b: Gholdengo|Make It Rain|p1a: Perferator|[spread] p1a,p1b
|-resisted|p1a: Perferator
|-crit|p1a: Perferator
|-damage|p1a: Perferator|0 fnt
|-damage|p1b: Great S. Shark|0 fnt
|-unboost|p2b: Gholdengo|spa|1
|faint|p1a: Perferator
|faint|p1b: Great S. Shark
|move|p2a: Milotic|Ice Beam|p1: Perferator|[notarget]
|-fail|p2a: Milotic
|
|-weather|Sandstorm|[upkeep]
|-damage|p2b: Gholdengo|0 fnt|[from] Sandstorm
|-damage|p2a: Milotic|8/100|[from] Sandstorm
|faint|p2b: Gholdengo
|upkeep
|
|t:|1756234388
|switch|p1a: Rilleboom|Rillaboom, L50, M, shiny|100/100
|switch|p2b: Hydreigon|Hydreigon, L50, M|100/100
|switch|p1b: Bumblebirb|Electabuzz, L50, M, shiny|100/100
|-fieldstart|move: Grassy Terrain|[from] ability: Grassy Surge|[of] p1a: Rilleboom
|turn|5
|
|t:|1756234397
|move|p2a: Milotic|Protect|p2a: Milotic
|-singleturn|p2a: Milotic|Protect
|move|p1a: Rilleboom|Fake Out|p2b: Hydreigon
|-damage|p2b: Hydreigon|85/100
|cant|p2b: Hydreigon|flinch
|move|p1b: Bumblebirb|Electroweb|p2b: Hydreigon|[spread] p2b
|-activate|p2a: Milotic|move: Protect
|-resisted|p2b: Hydreigon
|-damage|p2b: Hydreigon|81/100
|-unboost|p2b: Hydreigon|spe|1
|
|-weather|none
|-heal|p2a: Milotic|14/100|[from] Grassy Terrain
|upkeep
|turn|6
|
|t:|1756234416
|move|p1b: Bumblebirb|Electroweb|p2b: Hydreigon|[spread] p2a,p2b
|-supereffective|p2a: Milotic
|-resisted|p2b: Hydreigon
|-crit|p2b: Hydreigon
|-damage|p2a: Milotic|0 fnt
|-damage|p2b: Hydreigon|74/100
|-unboost|p2b: Hydreigon|spe|1
|faint|p2a: Milotic
|move|p1a: Rilleboom|Wood Hammer|p2b: Hydreigon
|-resisted|p2b: Hydreigon
|-damage|p2b: Hydreigon|23/100
|-damage|p1a: Rilleboom|84/100|[from] Recoil
|move|p2b: Hydreigon|Dragon Pulse|p1a: Rilleboom
|-damage|p1a: Rilleboom|33/100
|
|-heal|p1a: Rilleboom|39/100|[from] Grassy Terrain
|upkeep
|turn|7
|
|t:|1756234429
|move|p1b: Bumblebirb|Follow Me|p1b: Bumblebirb
|-singleturn|p1b: Bumblebirb|move: Follow Me
|move|p1a: Rilleboom|Wood Hammer|p2b: Hydreigon
|-resisted|p2b: Hydreigon
|-damage|p2b: Hydreigon|0 fnt
|faint|p2b: Hydreigon
|-damage|p1a: Rilleboom|32/100|[from] Recoil
|
|win|delphigni
|raw|delphigni's rating: 1077 → 1102(+25 for winning)
|raw|WashYoButt's rating: 1033 → 1020(-13 for losing)
|l|☆WashYoButt
|player|p2|
