|j|☆skyvald
|j|☆AN555GEL
|html|skyvaldAN555GEL    
|uhtml|bestof|Game 1 of a best-of-3
|t:|1756591306
|gametype|doubles
|player|p1|skyvald|lucas|1161
|player|p2|AN555GEL|169|1230
|gen|9
|tier|[Gen 9] VGC 2025 Reg H (Bo3)
|rated|
|rule|Species Clause: Limit one of each Pokémon
|rule|Item Clause: Limit 1 of each item
|clearpoke
|poke|p1|Baxcalibur, L50, M|
|poke|p1|Primarina, L50, M|
|poke|p1|Meowscarada, L50, M|
|poke|p1|Volcarona, L50, M|
|poke|p1|Hydreigon, L50, F|
|poke|p1|Sneasler, L50, F|
|poke|p2|Dragonite, L50, M|
|poke|p2|Ursaluna, L50, M|
|poke|p2|Archaludon, L50, F|
|poke|p2|Sinistcha-Masterpiece, L50|
|poke|p2|Pelipper, L50, F|
|poke|p2|Gholdengo, L50|
|teampreview|4
|showteam|p1|Baxcalibur||LumBerry|ThermalExchange|GlaiveRush,IceShard,SwordsDance,Protect|||M|||50|,,,,,Water]Primarina||MysticWater|LiquidVoice|HyperVoice,Moonblast,Protect,IcyWind|||M|||50|,,,,,Steel]Meowscarada||ChoiceScarf|Protean|KnockOff,FlowerTrick,Uturn,Trick|||M|||50|,,,,,Ghost]Volcarona||CovertCloak|FlameBody|Flamethrower,StruggleBug,RagePowder,Protect|||M|||50|,,,,,Fairy]Hydreigon||ChopleBerry|Levitate|DracoMeteor,Snarl,Tailwind,Protect|||F|||50|,,,,,Fire]Sneasler||WhiteHerb|Unburden|CloseCombat,DireClaw,Protect,FakeOut|||F|||50|,,,,,Ghost
|showteam|p2|Dragonite||LoadedDice|Multiscale|ScaleShot,Protect,Tailwind,Haze|||M|||50|,,,,,Fairy]Ursaluna||FlameOrb|Guts|Facade,HeadlongRush,Earthquake,Protect|||M|||50|,,,,,Ghost]Archaludon||AssaultVest|Stamina|BodyPress,Snarl,ElectroShot,FlashCannon|||F|||50|,,,,,Fighting]Sinistcha-Masterpiece||SitrusBerry|Hospitality|MatchaGotcha,RagePowder,TrickRoom,LifeDew||||||50|,,,,,Dark]Pelipper||FocusSash|Drizzle|MuddyWater,Hurricane,Tailwind,Protect|||F|||50|,,,,,Ghost]Gholdengo||ChoiceScarf|GoodasGold|MakeItRain,TeraBlast,ShadowBall,Trick||||||50|,,,,,Water
|inactive|Battle timer is ON: inactive players will automatically lose when time's up. (requested by skyvald)
|
|t:|1756591350
|teamsize|p1|4
|teamsize|p2|4
|start
|switch|p1a: Primarina|Primarina, L50, M|100/100
|switch|p1b: Hydreigon|Hydreigon, L50, F|100/100
|switch|p2a: Dragonite|Dragonite, L50, M|100/100
|switch|p2b: Archaludon|Archaludon, L50, F|100/100
|turn|1
|inactive|AN555GEL has 30 seconds left.
|inactive|skyvald has 30 seconds left.
|inactive|AN555GEL has 20 seconds left.
|
|t:|1756591392
|move|p1b: Hydreigon|Snarl|p2a: Dragonite|[spread] p2a,p2b
|-damage|p2a: Dragonite|89/100
|-damage|p2b: Archaludon|87/100
|-unboost|p2a: Dragonite|spa|1
|-unboost|p2b: Archaludon|spa|1
|-ability|p2b: Archaludon|Stamina|boost
|-boost|p2b: Archaludon|def|1
|move|p2a: Dragonite|Tailwind|p2a: Dragonite
|-sidestart|p2: AN555GEL|move: Tailwind
|move|p2b: Archaludon|Snarl|p1a: Primarina|[spread] p1a
|-miss|p2b: Archaludon|p1b: Hydreigon
|-resisted|p1a: Primarina
|-damage|p1a: Primarina|97/100
|-unboost|p1a: Primarina|spa|1
|move|p1a: Primarina|Icy Wind|p2b: Archaludon|[spread] p2a,p2b
|-supereffective|p2a: Dragonite
|-damage|p2a: Dragonite|45/100
|-damage|p2b: Archaludon|81/100
|-unboost|p2a: Dragonite|spe|1
|-unboost|p2b: Archaludon|spe|1
|-ability|p2b: Archaludon|Stamina|boost
|-boost|p2b: Archaludon|def|1
|
|upkeep
|turn|2
|inactive|AN555GEL has 30 seconds left.
|
|t:|1756591419
|switch|p2a: Sinistcha|Sinistcha-Masterpiece, L50|100/100
|-heal|p2b: Archaludon|100/100|[from] ability: Hospitality|[of] p2a: Sinistcha
|move|p1b: Hydreigon|Protect|p1b: Hydreigon
|-singleturn|p1b: Hydreigon|Protect
|move|p2b: Archaludon|Body Press|p1b: Hydreigon
|-activate|p1b: Hydreigon|move: Protect
|move|p1a: Primarina|Icy Wind|p2b: Archaludon|[spread] p2b
|-miss|p1a: Primarina|p2a: Sinistcha
|-damage|p2b: Archaludon|94/100
|-unboost|p2b: Archaludon|spe|1
|-ability|p2b: Archaludon|Stamina|boost
|-boost|p2b: Archaludon|def|1
|
|upkeep
|turn|3
|inactive|skyvald has 30 seconds left.
|
|t:|1756591448
|move|p2a: Sinistcha|Matcha Gotcha|p1a: Primarina|[spread] p1a,p1b
|-supereffective|p1a: Primarina
|-crit|p1a: Primarina
|-resisted|p1b: Hydreigon
|-damage|p1a: Primarina|25/100
|-damage|p1b: Hydreigon|88/100
|move|p1b: Hydreigon|Tailwind|p1b: Hydreigon
|-sidestart|p1: skyvald|move: Tailwind
|move|p1a: Primarina|Moonblast|p2a: Sinistcha
|-damage|p2a: Sinistcha|72/100
|move|p2b: Archaludon|Body Press|p1b: Hydreigon
|-supereffective|p1b: Hydreigon
|-enditem|p1b: Hydreigon|Chople Berry|[eat]
|-enditem|p1b: Hydreigon|Chople Berry|[weaken]
|-damage|p1b: Hydreigon|8/100
|
|upkeep
|turn|4
|inactive|skyvald has 30 seconds left.
|inactive|AN555GEL has 30 seconds left.
|inactive|AN555GEL has 20 seconds left.
|inactive|AN555GEL has 15 seconds left.
|inactive|AN555GEL has 10 seconds left.
|
|t:|1756591493
|move|p1b: Hydreigon|Draco Meteor|p2b: Archaludon
|-damage|p2b: Archaludon|47/100
|-unboost|p1b: Hydreigon|spa|2
|-ability|p2b: Archaludon|Stamina|boost
|-boost|p2b: Archaludon|def|1
|move|p1a: Primarina|Moonblast|p2b: Archaludon
|-damage|p2b: Archaludon|26/100
|-ability|p2b: Archaludon|Stamina|boost
|-boost|p2b: Archaludon|def|1
|move|p2b: Archaludon|Flash Cannon|p1a: Primarina
|-damage|p1a: Primarina|6/100
|move|p2a: Sinistcha|Trick Room|p2a: Sinistcha
|-fieldstart|move: Trick Room|[of] p2a: Sinistcha
|
|-sideend|p2: AN555GEL|move: Tailwind
|upkeep
|turn|5
|
|t:|1756591513
|move|p2b: Archaludon|Snarl|p1a: Primarina|[spread] p1a,p1b
|-resisted|p1a: Primarina
|-resisted|p1b: Hydreigon
|-damage|p1a: Primarina|2/100
|-damage|p1b: Hydreigon|4/100
|-unboost|p1a: Primarina|spa|1
|-unboost|p1b: Hydreigon|spa|1
|move|p2a: Sinistcha|Life Dew|p2a: Sinistcha|[spread] p2a,p2b
|-heal|p2a: Sinistcha|97/100
|-heal|p2b: Archaludon|51/100
|move|p1a: Primarina|Hyper Voice|p2b: Archaludon|[spread] p2a,p2b
|-resisted|p2a: Sinistcha
|-resisted|p2b: Archaludon
|-crit|p2b: Archaludon
|-damage|p2a: Sinistcha|87/100
|-damage|p2b: Archaludon|32/100
|-ability|p2b: Archaludon|Stamina|boost
|-boost|p2b: Archaludon|def|1
|move|p1b: Hydreigon|Snarl|p2b: Archaludon|[spread] p2a,p2b
|-supereffective|p2a: Sinistcha
|-damage|p2a: Sinistcha|72/100
|-damage|p2b: Archaludon|25/100
|-unboost|p2a: Sinistcha|spa|1
|-unboost|p2b: Archaludon|spa|1
|
|upkeep
|turn|6
|
|t:|1756591537
|move|p2b: Archaludon|Body Press|p1a: Primarina
|-resisted|p1a: Primarina
|-damage|p1a: Primarina|0 fnt
|faint|p1a: Primarina
|move|p2a: Sinistcha|Matcha Gotcha|p1b: Hydreigon
|-resisted|p1b: Hydreigon
|-damage|p1b: Hydreigon|0 fnt
|-heal|p2a: Sinistcha|74/100|[from] drain|[of] p1b: Hydreigon
|faint|p1b: Hydreigon
|
|-sideend|p1: skyvald|move: Tailwind
|upkeep
|
|t:|1756591539
|switch|p1a: Sneasler|Sneasler, L50, F|100/100
|switch|p1b: Baxcalibur|Baxcalibur, L50, M|100/100
|turn|7
|
|t:|1756591558
|-terastallize|p2b: Archaludon|Fighting
|move|p1a: Sneasler|Fake Out|p2b: Archaludon
|-damage|p2b: Archaludon|22/100
|cant|p2b: Archaludon|flinch
|move|p2a: Sinistcha|Life Dew|p2a: Sinistcha|[spread] p2a,p2b
|-heal|p2a: Sinistcha|99/100
|-heal|p2b: Archaludon|47/100
|move|p1b: Baxcalibur|Swords Dance|p1b: Baxcalibur
|-boost|p1b: Baxcalibur|atk|2
|
|upkeep
|turn|8
|inactive|AN555GEL has 30 seconds left.
|inactive|AN555GEL has 20 seconds left.
|
|t:|1756591593
|switch|p2a: Dragonite|Dragonite, L50, M|45/100
|move|p1b: Baxcalibur|Protect|p1b: Baxcalibur
|-singleturn|p1b: Baxcalibur|Protect
|move|p2b: Archaludon|Body Press|p1b: Baxcalibur
|-activate|p1b: Baxcalibur|move: Protect
|move|p1a: Sneasler|Dire Claw|p2b: Archaludon
|-damage|p2b: Archaludon|40/100
|-status|p2b: Archaludon|psn
|
|-damage|p2b: Archaludon|28/100 psn|[from] psn
|-fieldend|move: Trick Room
|upkeep
|turn|9
|inactive|skyvald has 30 seconds left.
|inactive|skyvald has 20 seconds left.
|inactive|AN555GEL has 30 seconds left.
|
|t:|1756591631
|-terastallize|p1b: Baxcalibur|Water
|move|p1a: Sneasler|Close Combat|p2b: Archaludon
|-damage|p2b: Archaludon|15/100 psn
|-unboost|p1a: Sneasler|def|1
|-unboost|p1a: Sneasler|spd|1
|-enditem|p1a: Sneasler|White Herb
|-clearnegativeboost|p1a: Sneasler|[silent]
|move|p2a: Dragonite|Tailwind|p2a: Dragonite
|-sidestart|p2: AN555GEL|move: Tailwind
|move|p1b: Baxcalibur|Glaive Rush|p2b: Archaludon
|-damage|p2b: Archaludon|0 fnt
|-singlemove|p1b: Baxcalibur|Glaive Rush|[silent]
|faint|p2b: Archaludon
|
|upkeep
|inactive|AN555GEL has 30 seconds left.
|
|t:|1756591663
|switch|p2b: Sinistcha|Sinistcha-Masterpiece, L50|99/100
|-heal|p2a: Dragonite|70/100|[from] ability: Hospitality|[of] p2b: Sinistcha
|turn|10
|inactive|skyvald has 30 seconds left.
|
|t:|1756591688
|move|p2b: Sinistcha|Rage Powder|p2b: Sinistcha
|-singleturn|p2b: Sinistcha|move: Rage Powder
|move|p1b: Baxcalibur|Ice Shard|p2b: Sinistcha
|-supereffective|p2b: Sinistcha
|-damage|p2b: Sinistcha|17/100
|-enditem|p2b: Sinistcha|Sitrus Berry|[eat]
|-heal|p2b: Sinistcha|42/100|[from] item: Sitrus Berry
|move|p1a: Sneasler|Dire Claw|p2b: Sinistcha
|-damage|p2b: Sinistcha|6/100
|-status|p2b: Sinistcha|par
|move|p2a: Dragonite|Scale Shot|p1a: Sneasler
|-damage|p1a: Sneasler|73/100
|-damage|p1a: Sneasler|48/100
|-damage|p1a: Sneasler|22/100
|-damage|p1a: Sneasler|0 fnt
|faint|p1a: Sneasler
|-hitcount|p1: Sneasler|4
|-unboost|p2a: Dragonite|def|1
|-boost|p2a: Dragonite|spe|1
|
|upkeep
|turn|11
|inactive|AN555GEL has 30 seconds left.
|
|t:|1756591717
|move|p1b: Baxcalibur|Ice Shard|p2a: Dragonite
|-supereffective|p2a: Dragonite
|-damage|p2a: Dragonite|0 fnt
|faint|p2a: Dragonite
|move|p2b: Sinistcha|Trick Room|p2b: Sinistcha
|-fieldstart|move: Trick Room|[of] p2b: Sinistcha
|
|upkeep
|
|t:|1756591720
|switch|p2a: Ursaluna|Ursaluna, L50, M, shiny|100/100
|turn|12
|
|t:|1756591733
|move|p2b: Sinistcha|Rage Powder|p2b: Sinistcha
|-singleturn|p2b: Sinistcha|move: Rage Powder
|move|p1b: Baxcalibur|Ice Shard|p2b: Sinistcha
|-supereffective|p2b: Sinistcha
|-damage|p2b: Sinistcha|0 fnt
|faint|p2b: Sinistcha
|move|p2a: Ursaluna|Facade|p1b: Baxcalibur
|-damage|p1b: Baxcalibur|69/100
|
|-sideend|p2: AN555GEL|move: Tailwind
|-status|p2a: Ursaluna|brn|[from] item: Flame Orb
|upkeep
|turn|13
|c|☆AN555GEL|how is that lizard so bulky
|inactive|AN555GEL has 30 seconds left.
|inactive|AN555GEL has 20 seconds left.
|inactive|AN555GEL has 15 seconds left.
|
|t:|1756591775
|move|p1b: Baxcalibur|Protect|p1b: Baxcalibur
|-singleturn|p1b: Baxcalibur|Protect
|move|p2a: Ursaluna|Facade|p1b: Baxcalibur
|-activate|p1b: Baxcalibur|move: Protect
|
|-damage|p2a: Ursaluna|95/100 brn|[from] brn
|upkeep
|turn|14
|
|t:|1756591779
|move|p1b: Baxcalibur|Ice Shard|p2a: Ursaluna
|-supereffective|p2a: Ursaluna
|-damage|p2a: Ursaluna|20/100 brn
|move|p2a: Ursaluna|Facade|p1b: Baxcalibur
|-damage|p1b: Baxcalibur|0 fnt
|faint|p1b: Baxcalibur
|
|win|AN555GEL
||skyvald is ready for game 2.
||AN555GEL is ready for game 2.
|uhtml|next|Next: Game 2 of 3
