|j|☆SomeKidJon
|j|☆TeyVgc
|html|SomeKidJonTeyVgc    
|uhtml|bestof|Game 1 of a best-of-3
|t:|1783310349
|gametype|doubles
|player|p1|SomeKidJon|scientistf|1220
|player|p2|TeyVgc|rood|1275
|gen|9
|tier|[Gen 9 Champions] VGC 2026 Reg M-B (Bo3)
|rated|
|rule|Species Clause: Limit one of each Pokémon
|rule|Item Clause: Limit 1 of each item
|clearpoke
|poke|p1|Camerupt, L50, F|
|poke|p1|Farigiraf, L50, M|
|poke|p1|Hatterene, L50, F|
|poke|p1|Staraptor, L50, F|
|poke|p1|Lopunny, L50, F|
|poke|p1|Primarina, L50, F|
|poke|p2|Sneasler, L50, F|
|poke|p2|Floette-Eternal, L50, F|
|poke|p2|Sinistcha, L50|
|poke|p2|Incineroar, L50, F|
|poke|p2|Kingambit, L50, F|
|poke|p2|Garchomp, L50, F|
|teampreview|4
|showteam|p1|Camerupt||Cameruptite|SolidRock|Protect,AncientPower,HeatWave,EarthPower|Modest||F|||50|]Farigiraf||SitrusBerry|ArmorTail|DazzlingGleam,Protect,TrickRoom,HelpingHand|Calm||M|||50|]Hatterene||LifeOrb|MagicBounce|Protect,TrickRoom,Psychic,DazzlingGleam|Quiet||F|||50|]Staraptor||ChoiceScarf|Intimidate|FinalGambit,BraveBird,Uturn,DoubleEdge|Adamant||F|||50|]Lopunny||Lopunnite|Klutz|FakeOut,AfterYou,CloseCombat,TripleAxel|Jolly||F|||50|]Primarina||Leftovers|LiquidVoice|HyperVoice,Moonblast,Protect,CalmMind|Modest||F|||50|
|showteam|p2|Sneasler||WhiteHerb|Unburden|CloseCombat,GunkShot,Coaching,FakeOut|Jolly||F|||50|]Floette-Eternal||Floettite|FlowerVeil|CalmMind,Protect,Moonblast,DazzlingGleam|Modest||F|||50|]Sinistcha||ColburBerry|Hospitality|MatchaGotcha,Protect,RagePowder,TrickRoom|Bold|||||50|]Incineroar||SitrusBerry|Intimidate|FakeOut,FlareBlitz,ThroatChop,PartingShot|Impish||F|||50|]Kingambit||ChopleBerry|Defiant|KowtowCleave,SuckerPunch,IronHead,Protect|Adamant||F|||50|]Garchomp||Garchompite|RoughSkin|DragonClaw,Earthquake,SwordsDance,Protect|Adamant||F|||50|
|
|t:|1783310402
|teamsize|p1|4
|teamsize|p2|4
|start
|switch|p1a: Lopunny|Lopunny, L50, F|100/100
|switch|p1b: Staraptor|Staraptor, L50, F|100/100
|switch|p2a: Sneasler|Sneasler, L50, F|100/100
|switch|p2b: Garchomp|Garchomp, L50, F|100/100
|-ability|p1b: Staraptor|Intimidate|boost
|-unboost|p2a: Sneasler|atk|1
|-unboost|p2b: Garchomp|atk|1
|-enditem|p2a: Sneasler|White Herb
|-clearnegativeboost|p2a: Sneasler|[silent]
|turn|1
|
|t:|1783310435
|switch|p2a: Sinistcha|Sinistcha, L50|100/100
|detailschange|p1a: Lopunny|Lopunny-Mega, L50, F
|-mega|p1a: Lopunny|Lopunny|Lopunnite
|move|p2b: Garchomp|Protect|p2b: Garchomp
|-singleturn|p2b: Garchomp|Protect
|move|p1a: Lopunny|Fake Out|p2a: Sinistcha
|-damage|p2a: Sinistcha|82/100
|move|p1b: Staraptor|Brave Bird|p2a: Sinistcha
|-supereffective|p2a: Sinistcha|1
|-damage|p2a: Sinistcha|0 fnt
|faint|p2a: Sinistcha
|-damage|p1b: Staraptor|73/100|[from] Recoil
|
|upkeep
|
|t:|1783310449
|switch|p2a: Sneasler|Sneasler, L50, F|100/100
|turn|2
|
|t:|1783310459
|switch|p1b: Primarina|Primarina, L50, F|100/100
|switch|p2a: Kingambit|Kingambit, L50, F|100/100
|detailschange|p2b: Garchomp|Garchomp-Mega, L50, F
|-mega|p2b: Garchomp|Garchomp|Garchompite
|move|p1a: Lopunny|Triple Axel|p2b: Garchomp
|-supereffective|p2b: Garchomp|2
|-damage|p2b: Garchomp|76/100
|-supereffective|p2b: Garchomp|2
|-damage|p2b: Garchomp|35/100
|-supereffective|p2b: Garchomp|2
|-damage|p2b: Garchomp|0 fnt
|faint|p2b: Garchomp
|-hitcount|p2: Garchomp|3
|
|upkeep
|
|t:|1783310466
|switch|p2b: Sneasler|Sneasler, L50, F|100/100
|turn|3
|
|t:|1783310480
|switch|p1a: Hatterene|Hatterene, L50, F|100/100
|move|p2a: Kingambit|Protect|p2a: Kingambit
|-singleturn|p2a: Kingambit|Protect
|move|p2b: Sneasler|Gunk Shot|p1b: Primarina
|-supereffective|p1b: Primarina|1
|-damage|p1b: Primarina|0 fnt
|faint|p1b: Primarina
|
|upkeep
|
|t:|1783310490
|switch|p1b: Staraptor|Staraptor, L50, F|73/100
|-ability|p1b: Staraptor|Intimidate|boost
|-unboost|p2a: Kingambit|atk|1
|-ability|p2a: Kingambit|Defiant|boost
|-boost|p2a: Kingambit|atk|2
|-unboost|p2b: Sneasler|atk|1
|turn|4
|
|t:|1783310503
|move|p2a: Kingambit|Sucker Punch|p1b: Staraptor
|-damage|p1b: Staraptor|0 fnt
|faint|p1b: Staraptor
|move|p2b: Sneasler|Gunk Shot|p1a: Hatterene
|-supereffective|p1a: Hatterene|1
|-damage|p1a: Hatterene|8/100
|move|p1a: Hatterene|Dazzling Gleam|p2a: Kingambit|[spread] p2a,p2b
|-damage|p2a: Kingambit|56/100
|-damage|p2b: Sneasler|40/100
|-damage|p1a: Hatterene|0 fnt|[from] item: Life Orb
|faint|p1a: Hatterene
|
|upkeep
|
|t:|1783310506
|switch|p1b: Lopunny|Lopunny-Mega, L50, F|100/100
|turn|5
|
|t:|1783310534
|move|p2a: Kingambit|Sucker Punch|p1b: Lopunny
|-resisted|p1b: Lopunny|1
|-damage|p1b: Lopunny|55/100
|move|p1b: Lopunny|Close Combat|p2a: Kingambit
|-supereffective|p2a: Kingambit|2
|-enditem|p2a: Kingambit|Chople Berry|[eat]
|-enditem|p2a: Kingambit|Chople Berry|[weaken]
|-damage|p2a: Kingambit|0 fnt
|-unboost|p1b: Lopunny|def|1
|-unboost|p1b: Lopunny|spd|1
|faint|p2a: Kingambit
|move|p2b: Sneasler|Gunk Shot|p1b: Lopunny
|-damage|p1b: Lopunny|0 fnt
|faint|p1b: Lopunny
|
|win|TeyVgc
