|j|☆Ethan's Bleakmiss
|j|☆nikolasnaiz
|html|Ethan's Bleakmissnikolasnaiz    
|uhtml|bestof|Game 3 of a best-of-3
|t:|1784560216
|gametype|doubles
|player|p1|Ethan's Bleakmiss|unknown|1144
|player|p2|nikolasnaiz|1|1186
|gen|9
|tier|[Gen 9 Champions] VGC 2026 Reg M-B (Bo3)
|rated|
|rule|Species Clause: Limit one of each Pokémon
|rule|Item Clause: Limit 1 of each item
|clearpoke
|poke|p1|Blaziken, L50, M|
|poke|p1|Ninetales-Alola, L50, F|
|poke|p1|Kingambit, L50, F, shiny|
|poke|p1|Basculegion, L50, M, shiny|
|poke|p1|Farigiraf, L50, M, shiny|
|poke|p1|Slowbro, L50, F, shiny|
|poke|p2|Gengar, L50, M|
|poke|p2|Scrafty, L50, F|
|poke|p2|Snorlax, L50, M|
|poke|p2|Incineroar, L50, F|
|poke|p2|Ninetales-Alola, L50, M|
|poke|p2|Dragonite, L50, M|
|teampreview|4
|showteam|p1|Blaziken||Blazikenite|SpeedBoost|CloseCombat,FlareBlitz,StoneEdge,Detect|Adamant||M|||50|]Ninetales-Alola||NeverMeltIce|SnowWarning|Blizzard,FreezeDry,Encore,Protect|Timid||F|||50|]Kingambit||LifeOrb|Defiant|SuckerPunch,KowtowCleave,IronHead,Protect|Brave||F|||50|]Basculegion||ChoiceScarf|Adaptability|WaveCrash,LastRespects,FlipTurn,AquaJet|Adamant||M|||50|]Farigiraf||SitrusBerry|ArmorTail|HyperVoice,Psychic,TrickRoom,HelpingHand|Sassy||M|||50|]Slowbro||Slowbronite|Regenerator|BodyPress,Protect,Scald,Psychic|Quiet||F|||50|
|showteam|p2|Gengar||Gengarite|CursedBody|Protect,PerishSong,SludgeBomb,ShadowBall|Modest||M|||50|]Scrafty||Scraftinite|Intimidate|Protect,CloseCombat,FakeOut,KnockOff|Careful||F|||50|]Snorlax||Leftovers|ThickFat|Protect,DoubleEdge,Yawn,HighHorsepower|Relaxed||M|||50|]Incineroar||SitrusBerry|Intimidate|Protect,FakeOut,FlareBlitz,PartingShot|Relaxed||F|||50|]Ninetales-Alola||FocusSash|SnowWarning|Protect,Encore,Disable,Blizzard|Timid||M|||50|]Dragonite||DragonFang|Multiscale|Protect,DragonClaw,LowKick,ExtremeSpeed|Adamant||M|||50|
|inactive|Battle timer is ON: inactive players will automatically lose when time's up. (requested by Ethan's Bleakmiss)
|inactive|Ethan's Bleakmiss has 60 seconds left.
|inactive|nikolasnaiz has 60 seconds left.
|
|t:|1784560265
|teamsize|p1|4
|teamsize|p2|4
|start
|switch|p1a: Blaziken|Blaziken, L50, M|100/100
|switch|p1b: Basculegion|Basculegion, L50, M, shiny|100/100
|switch|p2a: Ninetales|Ninetales-Alola, L50, M|100/100
|switch|p2b: Dragonite|Dragonite, L50, M|100/100
|-weather|Snowscape|[from] ability: Snow Warning|[of] p2a: Ninetales
|turn|1
|inactive|Ethan's Bleakmiss has 30 seconds left.
|
|t:|1784560299
|switch|p2a: Scrafty|Scrafty, L50, F|100/100
|-ability|p2a: Scrafty|Intimidate|boost
|-unboost|p1a: Blaziken|atk|1
|-unboost|p1b: Basculegion|atk|1
|detailschange|p1a: Blaziken|Blaziken-Mega, L50, M
|-mega|p1a: Blaziken|Blaziken|Blazikenite
|move|p1a: Blaziken|Detect|p1a: Blaziken
|-singleturn|p1a: Blaziken|Protect
|move|p1b: Basculegion|Flip Turn|p2a: Scrafty
|-damage|p2a: Scrafty|74/100
|
|t:|1784560308
|switch|p1b: Kingambit|Kingambit, L50, F, shiny|100/100|[from] Flip Turn
|move|p2b: Dragonite|Dragon Claw|p1a: Blaziken
|-activate|p1a: Blaziken|move: Protect
|
|-weather|Snowscape|[upkeep]
|-ability|p1a: Blaziken|Speed Boost|boost
|-boost|p1a: Blaziken|spe|1
|upkeep
|turn|2
|
|t:|1784560323
|move|p2a: Scrafty|Protect|p2a: Scrafty
|-singleturn|p2a: Scrafty|Protect
|move|p1b: Kingambit|Protect|p1b: Kingambit
|-singleturn|p1b: Kingambit|Protect
|move|p1a: Blaziken|Close Combat|p2a: Scrafty
|-activate|p2a: Scrafty|move: Protect
|move|p2b: Dragonite|Dragon Claw|p1a: Blaziken
|-damage|p1a: Blaziken|25/100
|
|-weather|Snowscape|[upkeep]
|-ability|p1a: Blaziken|Speed Boost|boost
|-boost|p1a: Blaziken|spe|1
|upkeep
|turn|3
|inactive|Ethan's Bleakmiss has 30 seconds left.
|
|t:|1784560355
|switch|p2a: Ninetales|Ninetales-Alola, L50, M|100/100
|switch|p1b: Basculegion|Basculegion, L50, M, shiny|100/100
|move|p1a: Blaziken|Close Combat|p2a: Ninetales
|-damage|p2a: Ninetales|48/100
|-unboost|p1a: Blaziken|def|1
|-unboost|p1a: Blaziken|spd|1
|move|p2b: Dragonite|Dragon Claw|p1a: Blaziken
|-damage|p1a: Blaziken|0 fnt
|faint|p1a: Blaziken
|
|-weather|Snowscape|[upkeep]
|upkeep
|
|t:|1784560376
|switch|p1a: Farigiraf|Farigiraf, L50, M, shiny|100/100
|turn|4
|
|t:|1784560381
|move|p1b: Basculegion|Last Respects|p2b: Dragonite
|-crit|p2b: Dragonite
|-damage|p2b: Dragonite|40/100
|move|p2a: Ninetales|Disable|p1b: Basculegion
|-start|p1b: Basculegion|Disable|Last Respects
|move|p2b: Dragonite|Dragon Claw|p1b: Basculegion
|-damage|p1b: Basculegion|28/100
|move|p1a: Farigiraf|Hyper Voice|p2a: Ninetales|[spread] p2a,p2b
|-damage|p2a: Ninetales|18/100
|-damage|p2b: Dragonite|12/100
|
|-weather|Snowscape|[upkeep]
|upkeep
|turn|5
|
|t:|1784560395
|switch|p1b: Kingambit|Kingambit, L50, F, shiny|100/100
|move|p2a: Ninetales|Blizzard|p1a: Farigiraf|[spread] p1a,p1b
|-resisted|p1b: Kingambit|1
|-damage|p1a: Farigiraf|73/100
|-damage|p1b: Kingambit|85/100
|move|p2b: Dragonite|Low Kick|p1a: Farigiraf
|-damage|p1a: Farigiraf|42/100
|-enditem|p1a: Farigiraf|Sitrus Berry|[eat]
|-heal|p1a: Farigiraf|66/100|[from] item: Sitrus Berry
|move|p1a: Farigiraf|Hyper Voice|p2b: Dragonite|[spread] p2a,p2b
|-damage|p2a: Ninetales|0 fnt
|-damage|p2b: Dragonite|0 fnt
|faint|p2a: Ninetales
|faint|p2b: Dragonite
|
|-weather|none
|upkeep
|
|t:|1784560399
|switch|p2a: Scrafty|Scrafty, L50, F|74/100
|switch|p2b: Snorlax|Snorlax, L50, M|100/100
|-ability|p2a: Scrafty|Intimidate|boost
|-unboost|p1a: Farigiraf|atk|1
|-unboost|p1b: Kingambit|atk|1
|-ability|p1b: Kingambit|Defiant|boost
|-boost|p1b: Kingambit|atk|2
|turn|6
|inactive|Ethan's Bleakmiss has 30 seconds left.
|
|t:|1784560426
|move|p1b: Kingambit|Protect|p1b: Kingambit
|-singleturn|p1b: Kingambit|Protect
|move|p2a: Scrafty|Close Combat|p1b: Kingambit
|-activate|p1b: Kingambit|move: Protect
|move|p2b: Snorlax|Yawn|p1a: Farigiraf
|-start|p1a: Farigiraf|move: Yawn|[of] p2b: Snorlax
|move|p1a: Farigiraf|Trick Room|p1a: Farigiraf
|-fieldstart|move: Trick Room|[of] p1a: Farigiraf
|
|upkeep
|turn|7
|
|t:|1784560441
|move|p2a: Scrafty|Protect|p2a: Scrafty
|-singleturn|p2a: Scrafty|Protect
|move|p2b: Snorlax|Yawn|p1b: Kingambit
|-start|p1b: Kingambit|move: Yawn|[of] p2b: Snorlax
|move|p1b: Kingambit|Iron Head|p2a: Scrafty
|-activate|p2a: Scrafty|move: Protect
|move|p1a: Farigiraf|Hyper Voice|p2b: Snorlax|[spread] p2b
|-activate|p2a: Scrafty|move: Protect
|-damage|p2b: Snorlax|86/100
|
|-heal|p2b: Snorlax|92/100|[from] item: Leftovers
|-end|p1a: Farigiraf|move: Yawn|[silent]
|-status|p1a: Farigiraf|slp
|upkeep
|turn|8
|
|t:|1784560458
|move|p2b: Snorlax|High Horsepower|p1b: Kingambit
|-supereffective|p1b: Kingambit|1
|-damage|p1b: Kingambit|48/100
|move|p1b: Kingambit|Iron Head|p2a: Scrafty
|-damage|p2a: Scrafty|0 fnt
|faint|p2a: Scrafty
|-damage|p1b: Kingambit|39/100|[from] item: Life Orb
|cant|p1a: Farigiraf|slp
|
|-heal|p2b: Snorlax|99/100|[from] item: Leftovers
|-end|p1b: Kingambit|move: Yawn|[silent]
|-status|p1b: Kingambit|slp
|upkeep
|turn|9
|
|t:|1784560473
|move|p2b: Snorlax|High Horsepower|p1b: Kingambit
|-supereffective|p1b: Kingambit|1
|-damage|p1b: Kingambit|3/100 slp
|cant|p1b: Kingambit|slp
|cant|p1a: Farigiraf|slp
|
|-heal|p2b: Snorlax|100/100|[from] item: Leftovers
|upkeep
|turn|10
|
|t:|1784560489
|cant|p1b: Kingambit|slp
|move|p2b: Snorlax|High Horsepower|p1b: Kingambit
|-supereffective|p1b: Kingambit|1
|-damage|p1b: Kingambit|0 fnt
|faint|p1b: Kingambit
|-curestatus|p1a: Farigiraf|slp|[msg]
|move|p1a: Farigiraf|Hyper Voice|p2b: Snorlax
|-damage|p2b: Snorlax|81/100
|
|-heal|p2b: Snorlax|87/100|[from] item: Leftovers
|-fieldend|move: Trick Room
|upkeep
|
|t:|1784560500
|switch|p1b: Basculegion|Basculegion, L50, M, shiny|28/100
|turn|11
|
|t:|1784560506
|move|p1a: Farigiraf|Helping Hand|p1b: Basculegion
|-singleturn|p1b: Basculegion|Helping Hand|[of] p1a: Farigiraf
|move|p2b: Snorlax|Protect|p2b: Snorlax
|-singleturn|p2b: Snorlax|Protect
|move|p1b: Basculegion|Wave Crash|p2b: Snorlax
|-activate|p2b: Snorlax|move: Protect
|
|-heal|p2b: Snorlax|93/100|[from] item: Leftovers
|upkeep
|turn|12
|
|t:|1784560518
|move|p1a: Farigiraf|Helping Hand|p1b: Basculegion
|-singleturn|p1b: Basculegion|Helping Hand|[of] p1a: Farigiraf
|move|p1b: Basculegion|Wave Crash|p2b: Snorlax
|-damage|p2b: Snorlax|8/100
|-damage|p1b: Basculegion|0 fnt|[from] Recoil
|faint|p1b: Basculegion
|move|p2b: Snorlax|Yawn|p1a: Farigiraf
|-start|p1a: Farigiraf|move: Yawn|[of] p2b: Snorlax
|
|-heal|p2b: Snorlax|14/100|[from] item: Leftovers
|upkeep
|turn|13
|
|t:|1784560534
|move|p2b: Snorlax|Protect|p2b: Snorlax
|-singleturn|p2b: Snorlax|Protect
|move|p1a: Farigiraf|Psychic|p2b: Snorlax
|-activate|p2b: Snorlax|move: Protect
|
|-heal|p2b: Snorlax|21/100|[from] item: Leftovers
|-end|p1a: Farigiraf|move: Yawn|[silent]
|-status|p1a: Farigiraf|slp
|upkeep
|turn|14
|
|t:|1784560542
|cant|p1a: Farigiraf|slp
|move|p2b: Snorlax|High Horsepower|p1a: Farigiraf
|-damage|p1a: Farigiraf|45/100 slp
|
|-heal|p2b: Snorlax|27/100|[from] item: Leftovers
|upkeep
|turn|15
|
|t:|1784560549
|cant|p1a: Farigiraf|slp
|move|p2b: Snorlax|High Horsepower|p1a: Farigiraf
|-damage|p1a: Farigiraf|25/100 slp
|
|-heal|p2b: Snorlax|33/100|[from] item: Leftovers
|upkeep
|turn|16
|
|t:|1784560555
|-curestatus|p1a: Farigiraf|slp|[msg]
|move|p1a: Farigiraf|Hyper Voice|p2b: Snorlax
|-damage|p2b: Snorlax|15/100
|move|p2b: Snorlax|Double-Edge|p1a: Farigiraf
|-damage|p1a: Farigiraf|0 fnt
|faint|p1a: Farigiraf
|-damage|p2b: Snorlax|8/100|[from] Recoil
|
|win|nikolasnaiz
|raw|Ethan's Bleakmiss's rating: 1144 → 1122(-22 for losing)
|raw|nikolasnaiz's rating: 1186 → 1208(+22 for winning)
