|j|☆marcosdeltasena31
|j|☆TeyVgc
|html|marcosdeltasena31TeyVgc    
|uhtml|bestof|Game 2 of a best-of-3
|t:|1783219226
|gametype|doubles
|player|p1|marcosdeltasena31|hilbert|1414
|player|p2|TeyVgc|rood|1314
|gen|9
|tier|[Gen 9 Champions] VGC 2026 Reg M-B (Bo3)
|rated|
|rule|Species Clause: Limit one of each Pokémon
|rule|Item Clause: Limit 1 of each item
|clearpoke
|poke|p1|Charizard, L50, M, shiny|
|poke|p1|Floette-Eternal, L50, F|
|poke|p1|Whimsicott, L50, M|
|poke|p1|Garchomp, L50, F|
|poke|p1|Basculegion, L50, M|
|poke|p1|Kingambit, L50, F|
|poke|p2|Excadrill, L50, M|
|poke|p2|Tyranitar, L50, F|
|poke|p2|Staraptor, L50, M|
|poke|p2|Sinistcha, L50|
|poke|p2|Milotic, L50, F|
|poke|p2|Gholdengo, L50|
|teampreview|4
|showteam|p1|Charizard||CharizarditeY|Blaze|HeatWave,WeatherBall,SolarBeam,Protect|Modest||M|||50|]Floette-Eternal||Floettite|FlowerVeil|Moonblast,DazzlingGleam,LightofRuin,Protect|Modest||F|||50|]Whimsicott||FocusSash|Prankster|Moonblast,Tailwind,Encore,Protect|Timid||M|||50|]Garchomp||LifeOrb|RoughSkin|RockSlide,DragonClaw,Earthquake,Protect|Jolly||F|||50|]Basculegion||MysticWater|Adaptability|WaveCrash,LastRespects,AquaJet,Protect|Adamant||M|||50|]Kingambit||ChopleBerry|Defiant|KowtowCleave,LowKick,SuckerPunch,Protect|Adamant||F|||50|
|showteam|p2|Excadrill||FocusSash|SandRush|Earthquake,IronHead,RockSlide,Protect|Adamant||M|||50|]Tyranitar||Tyranitarite|SandStream|RockSlide,KnockOff,DragonDance,Protect|Adamant||F|||50|]Staraptor||Staraptite|Intimidate|BraveBird,CloseCombat,Tailwind,Protect|Jolly||M|||50|]Sinistcha||SitrusBerry|Hospitality|MatchaGotcha,RagePowder,LifeDew,TrickRoom|Calm|||||50|]Milotic||Leftovers|Competitive|Scald,IceBeam,Recover,Protect|Modest||F|||50|]Gholdengo||LifeOrb|GoodasGold|MakeItRain,ShadowBall,NastyPlot,Protect|Modest|||||50|
|inactive|Battle timer is ON: inactive players will automatically lose when time's up. (requested by marcosdeltasena31)
|
|t:|1783219298
|teamsize|p1|4
|teamsize|p2|4
|start
|switch|p1a: Garchomp|Garchomp, L50, F|100/100
|switch|p1b: Whimsicott|Whimsicott, L50, M|100/100
|switch|p2a: Milotic|Milotic, L50, F|100/100
|switch|p2b: Staraptor|Staraptor, L50, M|100/100
|-ability|p2b: Staraptor|Intimidate|boost
|-unboost|p1a: Garchomp|atk|1
|-unboost|p1b: Whimsicott|atk|1
|turn|1
|
|t:|1783219313
|move|p1b: Whimsicott|Moonblast|p2b: Staraptor
|-damage|p2b: Staraptor|48/100
|move|p1a: Garchomp|Rock Slide|p2b: Staraptor|[spread] p2a,p2b
|-supereffective|p2b: Staraptor|1
|-damage|p2a: Milotic|84/100
|-damage|p2b: Staraptor|5/100
|-damage|p1a: Garchomp|90/100|[from] item: Life Orb
|move|p2b: Staraptor|Tailwind|p2b: Staraptor
|-sidestart|p2: TeyVgc|move: Tailwind
|move|p2a: Milotic|Ice Beam|p1a: Garchomp
|-supereffective|p1a: Garchomp|2
|-damage|p1a: Garchomp|0 fnt
|faint|p1a: Garchomp
|
|-heal|p2a: Milotic|90/100|[from] item: Leftovers
|upkeep
|
|t:|1783219324
|switch|p1a: Floette|Floette-Eternal, L50, F|100/100
|turn|2
|
|t:|1783219338
|detailschange|p1a: Floette|Floette-Mega, L50, F
|-mega|p1a: Floette|Floette|Floettite
|-ability|p1a: Floette|Fairy Aura
|move|p2b: Staraptor|Protect|p2b: Staraptor
|-singleturn|p2b: Staraptor|Protect
|move|p1b: Whimsicott|Encore|p2b: Staraptor
|-activate|p2b: Staraptor|move: Protect
|move|p2a: Milotic|Ice Beam|p1b: Whimsicott
|-supereffective|p1b: Whimsicott|1
|-damage|p1b: Whimsicott|16/100
|move|p1a: Floette|Dazzling Gleam|p2a: Milotic|[spread] p2a
|-activate|p2b: Staraptor|move: Protect
|-damage|p2a: Milotic|55/100
|
|-heal|p2a: Milotic|61/100|[from] item: Leftovers
|upkeep
|turn|3
|
|t:|1783219358
|switch|p2b: Tyranitar|Tyranitar, L50, F|100/100
|-weather|Sandstorm|[from] ability: Sand Stream|[of] p2b: Tyranitar
|move|p1a: Floette|Protect|p1a: Floette
|-singleturn|p1a: Floette|Protect
|move|p1b: Whimsicott|Tailwind|p1b: Whimsicott
|-sidestart|p1: marcosdeltasena31|move: Tailwind
|move|p2a: Milotic|Ice Beam|p1b: Whimsicott
|-supereffective|p1b: Whimsicott|1
|-damage|p1b: Whimsicott|0 fnt
|faint|p1b: Whimsicott
|
|-weather|Sandstorm|[upkeep]
|-damage|p1a: Floette|94/100|[from] Sandstorm
|-damage|p2a: Milotic|55/100|[from] Sandstorm
|-heal|p2a: Milotic|61/100|[from] item: Leftovers
|upkeep
|
|t:|1783219362
|switch|p1b: Kingambit|Kingambit, L50, F|100/100
|turn|4
|inactive|TeyVgc has 30 seconds left.
|
|t:|1783219391
|switch|p2b: Staraptor|Staraptor, L50, M|5/100
|-ability|p2b: Staraptor|Intimidate|boost
|-unboost|p1a: Floette|atk|1
|-unboost|p1b: Kingambit|atk|1
|-ability|p1b: Kingambit|Defiant|boost
|-boost|p1b: Kingambit|atk|2
|move|p1a: Floette|Moonblast|p2a: Milotic
|-damage|p2a: Milotic|2/100
|move|p2a: Milotic|Scald|p1a: Floette
|-damage|p1a: Floette|65/100
|move|p1b: Kingambit|Low Kick|p2b: Staraptor
|-damage|p2b: Staraptor|0 fnt
|faint|p2b: Staraptor
|
|-weather|Sandstorm|[upkeep]
|-damage|p1a: Floette|59/100|[from] Sandstorm
|-damage|p2a: Milotic|0 fnt|[from] Sandstorm
|faint|p2a: Milotic
|-sideend|p2: TeyVgc|move: Tailwind
|upkeep
|
|t:|1783219406
|switch|p2b: Tyranitar|Tyranitar, L50, F|100/100
|switch|p2a: Excadrill|Excadrill, L50, M|100/100
|turn|5
|
|t:|1783219425
|move|p2b: Tyranitar|Protect|p2b: Tyranitar
|-singleturn|p2b: Tyranitar|Protect
|move|p1a: Floette|Dazzling Gleam|p2a: Excadrill|[spread] p2a
|-activate|p2b: Tyranitar|move: Protect
|-resisted|p2a: Excadrill|1
|-damage|p2a: Excadrill|67/100
|move|p2a: Excadrill|Iron Head|p1a: Floette
|-supereffective|p1a: Floette|1
|-damage|p1a: Floette|0 fnt
|faint|p1a: Floette
|move|p1b: Kingambit|Kowtow Cleave|p2a: Excadrill
|-damage|p2a: Excadrill|0 fnt
|faint|p2a: Excadrill
|
|-weather|Sandstorm|[upkeep]
|upkeep
|turn|6
|
|t:|1783219437
|detailschange|p2b: Tyranitar|Tyranitar-Mega, L50, F
|-mega|p2b: Tyranitar|Tyranitar|Tyranitarite
|move|p1b: Kingambit|Low Kick|p2b: Tyranitar
|-supereffective|p2b: Tyranitar|2
|-damage|p2b: Tyranitar|0 fnt
|faint|p2b: Tyranitar
|
|win|marcosdeltasena31
|raw|marcosdeltasena31's rating: 1414 → 1428(+14 for winning)
|raw|TeyVgc's rating: 1314 → 1300(-14 for losing)
