|j|☆bassacucina777
|j|☆AnriVGC
|html|bassacucina777AnriVGC    
|uhtml|bestof|Game 2 of a best-of-3
|t:|1756234413
|gametype|doubles
|player|p1|bassacucina777|266|1185
|player|p2|AnriVGC|hilda-masters3|1134
|gen|9
|tier|[Gen 9] VGC 2025 Reg H (Bo3)
|rated|
|rule|Species Clause: Limit one of each Pokémon
|rule|Item Clause: Limit 1 of each item
|clearpoke
|poke|p1|Garchomp, L50, M|
|poke|p1|Jumpluff, L50, M|
|poke|p1|Torkoal, L50, M|
|poke|p1|Dragonite, L50, M|
|poke|p1|Kingambit, L50, M|
|poke|p1|Typhlosion-Hisui, L50, M|
|poke|p2|Gholdengo, L50|
|poke|p2|Sneasler, L50, F|
|poke|p2|Rillaboom, L50, M|
|poke|p2|Dragonite, L50, F|
|poke|p2|Ninetales-Alola, L50, F|
|poke|p2|Arcanine-Hisui, L50, M|
|teampreview|4
|showteam|p1|Garchomp||LifeOrb|RoughSkin|Earthquake,DragonClaw,StompingTantrum,Protect|||M|||50|,,,,,Fire]Jumpluff||CovertCloak|Chlorophyll|LeafStorm,SleepPowder,Encore,Tailwind|||M|||50|,,,,,Water]Torkoal||EjectPack|Drought|Overheat,BurningJealousy,HelpingHand,Protect|||M|||50|,,,,,Flying]Dragonite||LoadedDice|Multiscale|ScaleShot,ExtremeSpeed,Haze,Protect|||M|||50|,,,,,Fairy]Kingambit||AssaultVest|Defiant|IronHead,SuckerPunch,Assurance,LowKick|||M|||50|,,,,,Flying]Typhlosion-Hisui||ChoiceSpecs|Blaze|Eruption,ShadowBall,HeatWave,Overheat|||M|||50|,,,,,Fire
|showteam|p2|Gholdengo||GrassySeed|GoodasGold|NastyPlot,MakeItRain,ShadowBall,Protect||||||50|,,,,,Water]Sneasler||FocusSash|Unburden|CloseCombat,DireClaw,Coaching,FakeOut|||F|||50|,,,,,Ghost]Rillaboom||AssaultVest|GrassySurge|FakeOut,GrassyGlide,DrumBeating,HighHorsepower|||M|||50|,,,,,Fire]Dragonite||LoadedDice|Multiscale|ScaleShot,StompingTantrum,Haze,Protect|||F|||50|,,,,,Steel]Ninetales-Alola||CovertCloak|SnowWarning|IcyWind,Blizzard,Encore,AuroraVeil|||F|||50|,,,,,Water]Arcanine-Hisui||ClearAmulet|Intimidate|RockSlide,FlareBlitz,ExtremeSpeed,Protect|||M|||50|,,,,,Water
|
|t:|1756234458
|teamsize|p1|4
|teamsize|p2|4
|start
|switch|p1a: Kingambit|Kingambit, L50, M|100/100
|switch|p1b: Torkoal|Torkoal, L50, M|100/100
|switch|p2a: Arcanine|Arcanine-Hisui, L50, M|100/100
|switch|p2b: Sneasler|Sneasler, L50, F|100/100
|-ability|p2a: Arcanine|Intimidate|boost
|-unboost|p1a: Kingambit|atk|1
|-ability|p1a: Kingambit|Defiant|boost
|-boost|p1a: Kingambit|atk|2
|-unboost|p1b: Torkoal|atk|1
|-weather|SunnyDay|[from] ability: Drought|[of] p1b: Torkoal
|-enditem|p1b: Torkoal|Eject Pack
|
|t:|1756234478
|switch|p1b: Jumpluff|Jumpluff, L50, M|100/100
|turn|1
|
|t:|1756234508
|switch|p2a: Ninetales|Ninetales-Alola, L50, F|100/100
|-weather|Snowscape|[from] ability: Snow Warning|[of] p2a: Ninetales
|-terastallize|p1a: Kingambit|Flying
|move|p1b: Jumpluff|Tailwind|p1b: Jumpluff
|-sidestart|p1: bassacucina777|move: Tailwind
|move|p1a: Kingambit|Low Kick|p2a: Ninetales
|-damage|p2a: Ninetales|82/100
|move|p2b: Sneasler|Dire Claw|p1b: Jumpluff
|-supereffective|p1b: Jumpluff
|-crit|p1b: Jumpluff
|-damage|p1b: Jumpluff|0 fnt
|faint|p1b: Jumpluff
|
|-weather|Snowscape|[upkeep]
|upkeep
|
|t:|1756234522
|switch|p1b: Torkoal|Torkoal, L50, M|100/100
|-weather|SunnyDay|[from] ability: Drought|[of] p1b: Torkoal
|turn|2
|
|t:|1756234567
|switch|p2a: Dragonite|Dragonite, L50, F|100/100
|move|p1b: Torkoal|Helping Hand|p1a: Kingambit
|-singleturn|p1a: Kingambit|Helping Hand|[of] p1b: Torkoal
|move|p1a: Kingambit|Iron Head|p2a: Dragonite
|-damage|p2a: Dragonite|48/100
|move|p2b: Sneasler|Dire Claw|p1a: Kingambit
|-damage|p1a: Kingambit|67/100
|-status|p1a: Kingambit|psn
|
|-weather|SunnyDay|[upkeep]
|-damage|p1a: Kingambit|55/100 psn|[from] psn
|upkeep
|turn|3
|
|t:|1756234623
|move|p2a: Dragonite|Protect|p2a: Dragonite
|-singleturn|p2a: Dragonite|Protect
|move|p1a: Kingambit|Iron Head|p2b: Sneasler
|-enditem|p2b: Sneasler|Focus Sash
|-damage|p2b: Sneasler|1/100
|move|p2b: Sneasler|Coaching|p2a: Dragonite
|-boost|p2a: Dragonite|atk|1
|-boost|p2a: Dragonite|def|1
|move|p1b: Torkoal|Burning Jealousy|p2a: Dragonite|[spread] p2b
|-activate|p2a: Dragonite|move: Protect
|-damage|p2b: Sneasler|0 fnt
|faint|p2b: Sneasler
|
|-weather|SunnyDay|[upkeep]
|-damage|p1a: Kingambit|43/100 psn|[from] psn
|upkeep
|
|t:|1756234635
|switch|p2b: Ninetales|Ninetales-Alola, L50, F|82/100
|-weather|Snowscape|[from] ability: Snow Warning|[of] p2b: Ninetales
|turn|4
|
|t:|1756234686
|-terastallize|p2b: Ninetales|Water
|move|p1a: Kingambit|Iron Head|p2b: Ninetales
|-resisted|p2b: Ninetales
|-damage|p2b: Ninetales|38/100
|move|p2b: Ninetales|Blizzard|p1a: Kingambit|[spread] p1a,p1b
|-supereffective|p1a: Kingambit
|-resisted|p1b: Torkoal
|-damage|p1a: Kingambit|7/100 psn
|-damage|p1b: Torkoal|83/100
|move|p2a: Dragonite|Scale Shot|p1b: Torkoal
|-damage|p1b: Torkoal|66/100
|-damage|p1b: Torkoal|51/100
|-damage|p1b: Torkoal|35/100
|-damage|p1b: Torkoal|17/100
|-hitcount|p1b: Torkoal|4
|-unboost|p2a: Dragonite|def|1
|-boost|p2a: Dragonite|spe|1
|move|p1b: Torkoal|Burning Jealousy|p2a: Dragonite|[spread] p2a,p2b
|-resisted|p2a: Dragonite
|-resisted|p2b: Ninetales
|-damage|p2a: Dragonite|37/100
|-damage|p2b: Ninetales|29/100
|-status|p2a: Dragonite|brn
|
|-weather|Snowscape|[upkeep]
|-damage|p1a: Kingambit|0 fnt|[from] psn
|faint|p1a: Kingambit
|-damage|p2a: Dragonite|31/100 brn|[from] brn
|-sideend|p1: bassacucina777|move: Tailwind
|upkeep
|
|t:|1756234710
|switch|p1a: Dragonite|Dragonite, L50, M|100/100
|turn|5
|
|t:|1756234769
|switch|p2a: Arcanine|Arcanine-Hisui, L50, M|100/100
|-ability|p2a: Arcanine|Intimidate|boost
|-unboost|p1a: Dragonite|atk|1
|-unboost|p1b: Torkoal|atk|1
|move|p1a: Dragonite|Extreme Speed|p2b: Ninetales
|-damage|p2b: Ninetales|2/100
|move|p2b: Ninetales|Blizzard|p1a: Dragonite|[spread] p1a,p1b
|-supereffective|p1a: Dragonite
|-resisted|p1b: Torkoal
|-damage|p1a: Dragonite|42/100
|-damage|p1b: Torkoal|0 fnt
|faint|p1b: Torkoal
|
|-weather|Snowscape|[upkeep]
|upkeep
|turn|6
|-message|bassacucina777 forfeited.
|
|win|AnriVGC
|raw|bassacucina777's rating: 1185 → 1156(-29 for losing)
|raw|AnriVGC's rating: 1134 → 1163(+29 for winning)
