|j|☆TeyOnTheRox
|j|☆Kuribro
|html|TeyOnTheRoxKuribro    
|uhtml|bestof|Game 2 of a best-of-3
|t:|1757918244
|gametype|doubles
|player|p1|TeyOnTheRox|benga|1325
|player|p2|Kuribro|170|1167
|gen|9
|tier|[Gen 9] VGC 2025 Reg H (Bo3)
|rated|
|rule|Species Clause: Limit one of each Pokémon
|rule|Item Clause: Limit 1 of each item
|clearpoke
|poke|p1|Tyranitar, L50, F|
|poke|p1|Excadrill, L50, F|
|poke|p1|Sneasler, L50, F|
|poke|p1|Indeedee, L50, M|
|poke|p1|Corviknight, L50, M|
|poke|p1|Annihilape, L50, M|
|poke|p2|Pelipper, L50, M|
|poke|p2|Archaludon, L50, F|
|poke|p2|Amoonguss, L50, F|
|poke|p2|Incineroar, L50, F|
|poke|p2|Azumarill, L50, F|
|poke|p2|Porygon2, L50|
|teampreview|4
|showteam|p1|Tyranitar||AssaultVest|SandStream|RockSlide,KnockOff,TeraBlast,LowKick|||F|||50|,,,,,Flying]Excadrill||FocusSash|SandRush|IronHead,HighHorsepower,Earthquake,Protect|||F|||50|,,,,,Stellar]Sneasler||PsychicSeed|Unburden|DireClaw,CloseCombat,ThroatChop,Protect|||F|||50|,,,,,Dark]Indeedee||ChoiceScarf|PsychicSurge|ExpandingForce,TeraBlast,Protect,Trick|||M|||50|,,,,,Psychic]Corviknight||Leftovers|MirrorArmor|BraveBird,BulkUp,Roost,Tailwind|||M|||50|,,,,,Dragon]Annihilape||SafetyGoggles|Defiant|CloseCombat,FinalGambit,RageFist,Taunt|||M|||50|,,,,,Water
|showteam|p2|Pelipper||FocusSash|Drizzle|WeatherBall,Hurricane,Tailwind,Protect|||M|||50|,,,,,Ghost]Archaludon||AssaultVest|Stamina|ElectroShot,DragonPulse,FlashCannon,BodyPress|||F|||50|,,,,,Bug]Amoonguss||CovertCloak|Regenerator|PollenPuff,RagePowder,Spore,Protect|||F|||50|,,,,,Psychic]Incineroar||SafetyGoggles|Intimidate|FakeOut,PartingShot,KnockOff,FlareBlitz|||F|||50|,,,,,Ghost]Azumarill||SitrusBerry|HugePower|AquaJet,PlayRough,BellyDrum,Protect|||F|||50|,,,,,Water]Porygon2||Eviolite|Download|TeraBlast,ShadowBall,TrickRoom,Recover||||||50|,,,,,Fighting
|
|t:|1757918288
|teamsize|p1|4
|teamsize|p2|4
|start
|switch|p1a: Tow Mater|Excadrill, L50, F|100/100
|switch|p1b: Lightnin'|Sneasler, L50, F|100/100
|switch|p2a: Pelipper|Pelipper, L50, M|100/100
|switch|p2b: Azumarill|Azumarill, L50, F|100/100
|-weather|RainDance|[from] ability: Drizzle|[of] p2a: Pelipper
|turn|1
|
|t:|1757918341
|switch|p1b: Doc Hudson|Tyranitar, L50, F, shiny|100/100
|-weather|Sandstorm|[from] ability: Sand Stream|[of] p1b: Doc Hudson
|switch|p2a: Incineroar|Incineroar, L50, F|100/100
|-ability|p2a: Incineroar|Intimidate|boost
|-unboost|p1a: Tow Mater|atk|1
|-unboost|p1b: Doc Hudson|atk|1
|-terastallize|p2b: Azumarill|Water
|move|p1a: Tow Mater|High Horsepower|p2b: Azumarill
|-damage|p2b: Azumarill|65/100
|move|p2b: Azumarill|Play Rough|p1b: Doc Hudson
|-supereffective|p1b: Doc Hudson
|-damage|p1b: Doc Hudson|3/100
|
|-weather|Sandstorm|[upkeep]
|-damage|p2b: Azumarill|59/100|[from] Sandstorm
|upkeep
|turn|2
|
|t:|1757918380
|switch|p1b: Filmore|Indeedee, L50, M, shiny|100/100
|-fieldstart|move: Psychic Terrain|[from] ability: Psychic Surge|[of] p1b: Filmore
|switch|p2a: Porygon2|Porygon2, L50|100/100
|-ability|p2a: Porygon2|Download|boost
|-boost|p2a: Porygon2|atk|1
|-terastallize|p1a: Tow Mater|Stellar
|move|p1a: Tow Mater|High Horsepower|p2b: Azumarill
|-damage|p2b: Azumarill|5/100
|-enditem|p2b: Azumarill|Sitrus Berry|[eat]
|-heal|p2b: Azumarill|30/100|[from] item: Sitrus Berry
|move|p2b: Azumarill|Play Rough|p1a: Tow Mater
|-resisted|p1a: Tow Mater
|-damage|p1a: Tow Mater|57/100
|
|-weather|Sandstorm|[upkeep]
|-damage|p1b: Filmore|95/100|[from] Sandstorm
|-damage|p2a: Porygon2|94/100|[from] Sandstorm
|-damage|p2b: Azumarill|24/100|[from] Sandstorm
|upkeep
|turn|3
|
|t:|1757918421
|switch|p2a: Incineroar|Incineroar, L50, F|100/100
|-ability|p2a: Incineroar|Intimidate|boost
|-unboost|p1a: Tow Mater|atk|1
|-unboost|p1b: Filmore|atk|1
|switch|p2b: Pelipper|Pelipper, L50, M|100/100
|-weather|RainDance|[from] ability: Drizzle|[of] p2b: Pelipper
|move|p1b: Filmore|Expanding Force|p2b: Pelipper|[spread] p2b
|-immune|p2a: Incineroar
|-damage|p2b: Pelipper|1/100
|move|p1a: Tow Mater|Iron Head|p2a: Incineroar
|-resisted|p2a: Incineroar
|-damage|p2a: Incineroar|85/100
|
|-weather|RainDance|[upkeep]
|upkeep
|turn|4
|
|t:|1757918467
|switch|p1b: Doc Hudson|Tyranitar, L50, F, shiny|3/100
|-weather|Sandstorm|[from] ability: Sand Stream|[of] p1b: Doc Hudson
|switch|p2b: Porygon2|Porygon2, L50|94/100
|-ability|p2b: Porygon2|Download|boost
|-boost|p2b: Porygon2|spa|1
|move|p1a: Tow Mater|High Horsepower|p2a: Incineroar
|-supereffective|p2a: Incineroar
|-damage|p2a: Incineroar|29/100
|move|p2a: Incineroar|Knock Off|p1b: Doc Hudson
|-resisted|p1b: Doc Hudson
|-damage|p1b: Doc Hudson|0 fnt
|-enditem|p1b: Doc Hudson|Assault Vest|[from] move: Knock Off|[of] p2a: Incineroar
|faint|p1b: Doc Hudson
|
|-weather|Sandstorm|[upkeep]
|-damage|p2b: Porygon2|88/100|[from] Sandstorm
|upkeep
|
|t:|1757918484
|switch|p1b: Lightnin'|Sneasler, L50, F|100/100
|-enditem|p1b: Lightnin'|Psychic Seed
|-boost|p1b: Lightnin'|spd|1|[from] item: Psychic Seed
|turn|5
|
|t:|1757918507
|switch|p2a: Azumarill|Azumarill, L50, F, tera:Water|24/100
|switch|p2b: Pelipper|Pelipper, L50, M|1/100
|-weather|RainDance|[from] ability: Drizzle|[of] p2b: Pelipper
|move|p1b: Lightnin'|Close Combat|p2b: Pelipper
|-resisted|p2b: Pelipper
|-damage|p2b: Pelipper|0 fnt
|-unboost|p1b: Lightnin'|def|1
|-unboost|p1b: Lightnin'|spd|1
|faint|p2b: Pelipper
|move|p1a: Tow Mater|High Horsepower|p2a: Azumarill
|-damage|p2a: Azumarill|0 fnt
|faint|p2a: Azumarill
|
|-weather|RainDance|[upkeep]
|upkeep
|
|t:|1757918512
|switch|p2b: Porygon2|Porygon2, L50|88/100
|switch|p2a: Incineroar|Incineroar, L50, F|29/100
|-ability|p2a: Incineroar|Intimidate|boost
|-unboost|p1a: Tow Mater|atk|1
|-unboost|p1b: Lightnin'|atk|1
|-ability|p2b: Porygon2|Download|boost
|-boost|p2b: Porygon2|atk|1
|turn|6
|
|t:|1757918545
|move|p1b: Lightnin'|Close Combat|p2a: Incineroar
|-supereffective|p2a: Incineroar
|-damage|p2a: Incineroar|0 fnt
|-unboost|p1b: Lightnin'|def|1
|-unboost|p1b: Lightnin'|spd|1
|faint|p2a: Incineroar
|move|p1a: Tow Mater|High Horsepower|p2b: Porygon2
|-damage|p2b: Porygon2|73/100
|move|p2b: Porygon2|Trick Room|p2b: Porygon2
|-fieldstart|move: Trick Room|[of] p2b: Porygon2
|
|-weather|RainDance|[upkeep]
|-fieldend|move: Psychic Terrain
|upkeep
|turn|7
|
|t:|1757918560
|switch|p1a: Filmore|Indeedee, L50, M, shiny|95/100
|-fieldstart|move: Psychic Terrain|[from] ability: Psychic Surge|[of] p1a: Filmore
|move|p1b: Lightnin'|Protect|p1b: Lightnin'
|-singleturn|p1b: Lightnin'|Protect
|move|p2b: Porygon2|Tera Blast|p1b: Lightnin'
|-activate|p1b: Lightnin'|move: Protect
|
|-weather|RainDance|[upkeep]
|upkeep
|turn|8
|-message|Kuribro forfeited.
|raw|TeyOnTheRox's rating: 1325 → 1336(+11 for winning)
|raw|Kuribro's rating: 1167 → 1153(-14 for losing)
|
|win|TeyOnTheRox
