|j|☆Chelicerate1
|j|☆Gastrosophilipp
|html|Chelicerate1Gastrosophilipp    
|uhtml|bestof|Game 2 of a best-of-3
|t:|1785758125
|gametype|doubles
|player|p1|Chelicerate1|ethan|1302
|player|p2|Gastrosophilipp|juan|1259
|gen|9
|tier|[Gen 9 Champions] VGC 2026 Reg M-B (Bo3)
|rated|
|rule|Species Clause: Limit one of each Pokémon
|rule|Item Clause: Limit 1 of each item
|clearpoke
|poke|p1|Grimmsnarl, L50, M|
|poke|p1|Basculegion, L50, M|
|poke|p1|Charizard, L50, F|
|poke|p1|Pelipper, L50, M|
|poke|p1|Venusaur, L50, M|
|poke|p1|Archaludon, L50, M|
|poke|p2|Sinistcha, L50|
|poke|p2|Incineroar, L50, M|
|poke|p2|Milotic, L50, F|
|poke|p2|Raichu, L50, M|
|poke|p2|Floette-Eternal, L50, F|
|poke|p2|Ceruledge, L50, M|
|teampreview|4
|showteam|p1|Grimmsnarl||LightClay|Prankster|SpiritBreak,PartingShot,Reflect,LightScreen|Sassy||M|||50|]Basculegion||ChoiceScarf|Adaptability|LastRespects,WaveCrash,AquaJet,FlipTurn|Jolly||M|||50|]Charizard||CharizarditeY|Blaze|Protect,HeatWave,WeatherBall,SolarBeam|Modest||F|||50|]Pelipper||SitrusBerry|Drizzle|Hurricane,WeatherBall,Tailwind,WideGuard|Modest||M|||50|]Venusaur||FocusSash|Chlorophyll|SludgeBomb,SleepPowder,EarthPower,Protect|Modest||M|||50|]Archaludon||Leftovers|Stamina|ElectroShot,DragonPulse,FlashCannon,Protect|Calm||M|||50|
|showteam|p2|Sinistcha||KasibBerry|Hospitality|MatchaGotcha,LifeDew,RagePowder,Protect|Relaxed|||||50|]Incineroar||SitrusBerry|Intimidate|FlareBlitz,ThroatChop,FakeOut,PartingShot|Impish||M|||50|]Milotic||Leftovers|Competitive|MuddyWater,Coil,Hypnosis,Protect|Calm||F|||50|]Raichu||RaichuniteY|LightningRod|ZapCannon,FocusBlast,FakeOut,Protect|Timid||M|||50|]Floette-Eternal||Floettite|FlowerVeil|DazzlingGleam,DrainingKiss,CalmMind,Protect|Timid||F|||50|]Ceruledge||FocusSash|FlashFire|BitterBlade,ShadowSneak,BulkUp,Protect|Adamant||M|||50|
|inactive|Battle timer is ON: inactive players will automatically lose when time's up. (requested by Gastrosophilipp)
|inactive|Chelicerate1 also wants the timer to be on.
|inactive|Gastrosophilipp has 60 seconds left.
|
|t:|1785758156
|teamsize|p1|4
|teamsize|p2|4
|start
|switch|p1a: Charizard|Charizard, L50, F|100/100
|switch|p1b: Venusaur|Venusaur, L50, M|100/100
|switch|p2a: Incineroar|Incineroar, L50, M|100/100
|switch|p2b: Ceruledge|Ceruledge, L50, M|100/100
|-ability|p2a: Incineroar|Intimidate|boost
|-unboost|p1a: Charizard|atk|1
|-unboost|p1b: Venusaur|atk|1
|turn|1
|
|t:|1785758178
|switch|p1b: Pelipper|Pelipper, L50, M|100/100
|-weather|RainDance|[from] ability: Drizzle|[of] p1b: Pelipper
|move|p2a: Incineroar|Fake Out|p1b: Pelipper
|-damage|p1b: Pelipper|89/100
|move|p1a: Charizard|Weather Ball|p2b: Ceruledge
|-supereffective|p2b: Ceruledge|1
|-damage|p2b: Ceruledge|23/100
|move|p2b: Ceruledge|Bulk Up|p2b: Ceruledge
|-boost|p2b: Ceruledge|atk|1
|-boost|p2b: Ceruledge|def|1
|
|-weather|RainDance|[upkeep]
|upkeep
|turn|2
|inactive|Gastrosophilipp has 30 seconds left.
|inactive|Gastrosophilipp has 20 seconds left.
|
|t:|1785758218
|move|p2b: Ceruledge|Protect|p2b: Ceruledge
|-singleturn|p2b: Ceruledge|Protect
|move|p1a: Charizard|Weather Ball|p2a: Incineroar
|-supereffective|p2a: Incineroar|1
|-damage|p2a: Incineroar|27/100
|-enditem|p2a: Incineroar|Sitrus Berry|[eat]
|-heal|p2a: Incineroar|52/100|[from] item: Sitrus Berry
|move|p1b: Pelipper|Weather Ball|p2a: Incineroar
|-supereffective|p2a: Incineroar|1
|-damage|p2a: Incineroar|0 fnt
|faint|p2a: Incineroar
|
|-weather|RainDance|[upkeep]
|upkeep
|
|t:|1785758231
|switch|p2a: Raichu|Raichu, L50, M|100/100
|turn|3
|inactive|Chelicerate1 has 30 seconds left.
|inactive|Gastrosophilipp has 30 seconds left.
|inactive|Chelicerate1 has 20 seconds left.
|
|t:|1785758269
|detailschange|p2a: Raichu|Raichu-Mega-Y, L50, M
|-mega|p2a: Raichu|Raichu|Raichunite Y
|detailschange|p1a: Charizard|Charizard-Mega-Y, L50, F
|-mega|p1a: Charizard|Charizard|Charizardite Y
|-weather|SunnyDay|[from] ability: Drought|[of] p1a: Charizard
|move|p2a: Raichu|Fake Out|p1b: Pelipper
|-damage|p1b: Pelipper|80/100
|move|p1a: Charizard|Weather Ball|p2a: Raichu
|-damage|p2a: Raichu|0 fnt
|faint|p2a: Raichu
|move|p2b: Ceruledge|Bulk Up|p2b: Ceruledge
|-boost|p2b: Ceruledge|atk|1
|-boost|p2b: Ceruledge|def|1
|cant|p1b: Pelipper|flinch
|
|-weather|SunnyDay|[upkeep]
|upkeep
|
|t:|1785758283
|switch|p2a: Milotic|Milotic, L50, F|100/100
|turn|4
|
|t:|1785758306
|move|p1a: Charizard|Solar Beam||[still]
|-prepare|p1a: Charizard|Solar Beam
|-anim|p1a: Charizard|Solar Beam|p2a: Milotic
|-supereffective|p2a: Milotic|1
|-damage|p2a: Milotic|34/100
|move|p2b: Ceruledge|Bitter Blade|p1b: Pelipper
|-resisted|p1b: Pelipper|1
|-damage|p1b: Pelipper|12/100
|-heal|p2b: Ceruledge|55/100|[from] drain|[of] p1b: Pelipper
|-enditem|p1b: Pelipper|Sitrus Berry|[eat]
|-heal|p1b: Pelipper|36/100|[from] item: Sitrus Berry
|move|p2a: Milotic|Muddy Water|p1b: Pelipper|[spread] p1a,p1b
|-supereffective|p1a: Charizard|1
|-resisted|p1b: Pelipper|1
|-damage|p1a: Charizard|75/100
|-damage|p1b: Pelipper|28/100
|move|p1b: Pelipper|Hurricane|p2b: Ceruledge
|-damage|p2b: Ceruledge|10/100
|-start|p2b: Ceruledge|confusion
|
|-weather|SunnyDay|[upkeep]
|-heal|p2a: Milotic|40/100|[from] item: Leftovers
|upkeep
|turn|5
|inactive|Gastrosophilipp has 30 seconds left.
|
|t:|1785758338
|move|p2a: Milotic|Protect|p2a: Milotic
|-singleturn|p2a: Milotic|Protect
|move|p1a: Charizard|Solar Beam||[still]
|-prepare|p1a: Charizard|Solar Beam
|-anim|p1a: Charizard|Solar Beam|p2a: Milotic
|-activate|p2a: Milotic|move: Protect
|-activate|p2b: Ceruledge|confusion
|move|p2b: Ceruledge|Bitter Blade|p1a: Charizard
|-resisted|p1a: Charizard|1
|-damage|p1a: Charizard|0 fnt
|-heal|p2b: Ceruledge|46/100|[from] drain|[of] p1a: Charizard
|faint|p1a: Charizard
|move|p1b: Pelipper|Hurricane|p2b: Ceruledge
|-crit|p2b: Ceruledge
|-damage|p2b: Ceruledge|0 fnt
|faint|p2b: Ceruledge
|
|-weather|SunnyDay|[upkeep]
|-heal|p2a: Milotic|46/100|[from] item: Leftovers
|upkeep
|
|t:|1785758356
|switch|p1a: Venusaur|Venusaur, L50, M|100/100
|turn|6
|inactive|Gastrosophilipp has 30 seconds left.
|inactive|Gastrosophilipp has 20 seconds left.
|inactive|Gastrosophilipp has 15 seconds left.
|c|☆Gastrosophilipp|this crit + confusion hurricans in sun hit different but yeah gg
|inactive|Gastrosophilipp has 10 seconds left.
|-message|Gastrosophilipp forfeited.
|
|win|Chelicerate1
|inactive|Chelicerate1 has 30 seconds to confirm battle start!
|inactive|Gastrosophilipp has 30 seconds to confirm battle start!
|inactive|Chelicerate1 has 20 seconds to confirm battle start!
|inactive|Gastrosophilipp has 20 seconds to confirm battle start!
||Gastrosophilipp is ready for game 3.
|inactive|Chelicerate1 has 10 seconds to confirm battle start!
