|j|☆zilongkumo
|j|☆GuacGangster826
|html|zilongkumoGuacGangster826    
|uhtml|bestof|Game 2 of a best-of-3
|t:|1784337500
|gametype|doubles
|player|p1|zilongkumo|volkner|
|player|p2|GuacGangster826|falkner|
|gen|9
|tier|[Gen 9 Champions] VGC 2026 Reg M-B (Bo3)
|rule|Species Clause: Limit one of each Pokémon
|rule|Item Clause: Limit 1 of each item
|clearpoke
|poke|p1|Dragonite, L50, F|
|poke|p1|Blastoise, L50, F|
|poke|p1|Emolga, L50, F|
|poke|p1|Gardevoir, L50, M|
|poke|p1|Snorlax, L50, F|
|poke|p1|Zoroark-Hisui, L50, M|
|poke|p2|Palafin, L50, M|
|poke|p2|Pelipper, L50, M|
|poke|p2|Meganium, L50, F, shiny|
|poke|p2|Basculegion-F, L50, F|
|poke|p2|Castform, L50, M|
|poke|p2|Toxicroak, L50, M|
|teampreview|4
|showteam|p1|Dragonite||ChoiceScarf|InnerFocus|Earthquake,ExtremeSpeed,RockSlide,ThunderPunch|Jolly||F|||50|]Blastoise||Leftovers|RainDish|FlashCannon,WaterSpout,WeatherBall,Protect|Modest||F|||50|]Emolga||Magnet|Static|AirSlash,Thunderbolt,VoltSwitch,LightScreen|Timid||F|||50|]Gardevoir||Gardevoirite|Telepathy|ShadowBall,Thunderbolt,VacuumWave,Moonblast|Timid||M|||50|]Snorlax||SitrusBerry|ThickFat|RockSlide,HeatCrash,BodySlam,Yawn|Adamant||F|||50|]Zoroark-Hisui||ExpertBelt|Illusion|BitterMalice,DarkPulse,Flamethrower,ShadowBall|Timid||M|||50|
|showteam|p2|Palafin||ChoiceScarf|ZerotoHero|FlipTurn,JetPunch,CloseCombat,Protect|Jolly||M|||50|]Pelipper||FocusSash|Drizzle|WeatherBall,Hurricane,WideGuard,Tailwind|Modest||M|||50|]Meganium||Meganiumite|Overgrow|SolarBeam,DazzlingGleam,WeatherBall,Protect|Timid||F|||50|]Basculegion-F||MysticWater|SwiftSwim|WaveCrash,LastRespects,AquaJet,Protect|Adamant||F|||50|]Castform||KingsRock|Forecast|Thunder,Scald,IcyWind,Protect|Timid||M|||50|]Toxicroak||LifeOrb|DrySkin|FakeOut,KnockOff,DrainPunch,Protect|Jolly||M|||50|
|
|t:|1784337513
|teamsize|p1|4
|teamsize|p2|4
|start
|switch|p1a: Dragonite|Dragonite, L50, F|100/100
|switch|p1b: Gardevoir|Gardevoir, L50, M|100/100
|switch|p2a: Arthur|Pelipper, L50, M|100/100
|switch|p2b: Clark|Palafin, L50, M|100/100
|-weather|RainDance|[from] ability: Drizzle|[of] p2a: Arthur
|turn|1
|
|t:|1784337542
|move|p2b: Clark|Flip Turn|p1a: Dragonite
|-resisted|p1a: Dragonite|1
|-damage|p1a: Dragonite|83/100
|
|t:|1784337552
|detailschange|p2b: Clark|Palafin-Hero, L50, M
|switch|p2b: Zatana|Meganium, L50, F, shiny|100/100|[from] Flip Turn
|move|p1a: Dragonite|Rock Slide|p2a: Arthur|[spread] p2a,p2b
|-supereffective|p2a: Arthur|1
|-damage|p2a: Arthur|58/100
|-damage|p2b: Zatana|76/100
|move|p1b: Gardevoir|Shadow Ball|p2a: Arthur
|-damage|p2a: Arthur|0 fnt
|faint|p2a: Arthur
|
|-weather|RainDance|[upkeep]
|upkeep
|
|t:|1784337567
|switch|p2a: Diana|Basculegion-F, L50, F|100/100
|turn|2
|
|t:|1784337574
|detailschange|p2b: Zatana|Meganium-Mega, L50, F, shiny
|-mega|p2b: Zatana|Meganium|Meganiumite
|move|p2a: Diana|Last Respects|p1b: Gardevoir
|-immune|p1b: Gardevoir
|move|p1a: Dragonite|Rock Slide|p2b: Zatana|[spread] p2a,p2b
|-damage|p2a: Diana|72/100
|-damage|p2b: Zatana|56/100
|move|p1b: Gardevoir|Dark Pulse|p2a: Diana
|-supereffective|p2a: Diana|1
|-damage|p2a: Diana|1/100
|move|p2b: Zatana|Dazzling Gleam|p1a: Dragonite|[spread] p1a,p1b
|-supereffective|p1a: Dragonite|1
|-damage|p1a: Dragonite|18/100
|-damage|p1b: Gardevoir|29/100
|replace|p1b: Zoroark|Zoroark-Hisui, L50, M
|-end|p1b: Zoroark|Illusion
|
|-weather|RainDance|[upkeep]
|upkeep
|turn|3
|
|t:|1784337595
|move|p2a: Diana|Protect|p2a: Diana
|-singleturn|p2a: Diana|Protect
|move|p1a: Dragonite|Rock Slide|p2b: Zatana|[spread] p2b
|-activate|p2a: Diana|move: Protect
|-damage|p2b: Zatana|34/100
|move|p1b: Zoroark|Dark Pulse|p2a: Diana
|-activate|p2a: Diana|move: Protect
|move|p2b: Zatana|Dazzling Gleam|p1b: Zoroark|[spread] p1a,p1b
|-supereffective|p1a: Dragonite|1
|-crit|p1a: Dragonite
|-damage|p1a: Dragonite|0 fnt
|-damage|p1b: Zoroark|0 fnt
|faint|p1a: Dragonite
|faint|p1b: Zoroark
|
|-weather|RainDance|[upkeep]
|upkeep
|
|t:|1784337609
|switch|p1b: Gardevoir|Gardevoir, L50, M|100/100
|switch|p1a: Snorlax|Snorlax, L50, F|100/100
|turn|4
|
|t:|1784337624
|move|p2a: Diana|Last Respects|p1b: Gardevoir
|-supereffective|p1b: Gardevoir|1
|-damage|p1b: Gardevoir|0 fnt
|faint|p1b: Gardevoir
|move|p2b: Zatana|Solar Beam||[still]
|-prepare|p2b: Zatana|Solar Beam
|-activate|p2b: Zatana|ability: Mega Sol
|-anim|p2b: Zatana|Solar Beam|p1a: Snorlax
|-damage|p1a: Snorlax|60/100
|move|p1a: Snorlax|Heat Crash|p2b: Zatana
|-supereffective|p2b: Zatana|1
|-damage|p2b: Zatana|14/100
|
|-weather|RainDance|[upkeep]
|upkeep
|turn|5
|
|t:|1784337643
|move|p2a: Diana|Wave Crash|p1a: Snorlax
|-damage|p1a: Snorlax|0 fnt
|faint|p1a: Snorlax
|-damage|p2a: Diana|0 fnt|[from] Recoil
|faint|p2a: Diana
|
|win|GuacGangster826
|c|☆zilongkumo|GG
|l|☆zilongkumo
|player|p1|
