|j|☆thebusinesspiggy2
|j|☆Skwovetboi
|html|thebusinesspiggy2Skwovetboi    
|uhtml|bestof|Game 1 of a best-of-3
|t:|1757729051
|gametype|doubles
|player|p1|thebusinesspiggy2|iris-gen5bw2|
|player|p2|Skwovetboi|turo-ai|
|gen|9
|tier|[Gen 9] VGC 2025 Reg H (Bo3)
|rule|Species Clause: Limit one of each Pokémon
|rule|Item Clause: Limit 1 of each item
|clearpoke
|poke|p1|Electrode, L50|
|poke|p1|Serperior, L50, M|
|poke|p1|Murkrow, L50, F|
|poke|p1|Arcanine-Hisui, L50, M|
|poke|p1|Bisharp, L50, F|
|poke|p1|Baxcalibur, L50, F|
|poke|p2|Altaria, L50, M|
|poke|p2|Chandelure, L50, M|
|poke|p2|Tauros-Paldea-Aqua, L50, M|
|poke|p2|Glimmora, L50, F|
|poke|p2|Arboliva, L50, M|
|poke|p2|Grimmsnarl, L50, M|
|teampreview|4
|showteam|p1|Electrode||CovertCloak|Soundproof|Electroweb,FoulPlay,EerieImpulse,Taunt||||||50|,,,,,Dark]Serperior||ChoiceSpecs|Contrary|LeafStorm,FrenzyPlant,TeraBlast,DragonPulse|||M|||50|,,,,,Stellar]Murkrow||FocusSash|Prankster|Tailwind,FeatherDance,FoulPlay,Quash|||F|||50|,,,,,Ghost]Arcanine-Hisui||SafetyGoggles|Intimidate|FlareBlitz,HeadSmash,RockSlide,Protect|||M|||50|,,,,,Dragon]Bisharp||Eviolite|Defiant|IronHead,ThroatChop,SuckerPunch,Protect|||F|||50|,,,,,Water]Baxcalibur||LifeOrb|ThermalExchange|IcicleCrash,GlaiveRush,HighHorsepower,Protect|||F|||50|,,,,,Steel
|showteam|p2|Altaria||ChoiceBand|CloudNine|BraveBird,DualWingbeat,PlayRough,BreakingSwipe|||M|||50|,,,,,Fairy]Chandelure||ChoiceScarf|Infiltrator|ShadowBall,HeatWave,Flamethrower,Trick|||M|||50|,,,,,Fire]Tauros-Paldea-Aqua||LifeOrb|Intimidate|WaveCrash,CloseCombat,AquaJet,Protect|||M|||50|,,,,,Water]Glimmora||AssaultVest|ToxicDebris|PowerGem,SludgeBomb,EarthPower,MortalSpin|||F|||50|,,,,,Water]Arboliva||Leftovers|SeedSower|LeechSeed,Protect,GigaDrain,StrengthSap|||M|||50|,,,,,Water]Grimmsnarl||LightClay|Prankster|FakeTears,Reflect,LightScreen,FoulPlay|||M|||50|,,,,,Ghost
|c|☆thebusinesspiggy2|glhf
|c|☆Skwovetboi|glhf
|
|t:|1757729090
|teamsize|p1|4
|teamsize|p2|4
|start
|switch|p1a: Dung Defender|Electrode, L50|100/100
|switch|p1b: Mossy|Serperior, L50, M, shiny|100/100
|switch|p2a: Star Dream|Chandelure, L50, M|100/100
|switch|p2b: Heavy Lobster|Tauros-Paldea-Aqua, L50, M|100/100
|-ability|p2b: Heavy Lobster|Intimidate|boost
|-unboost|p1a: Dung Defender|atk|1
|-boost|p1b: Mossy|atk|1
|turn|1
|
|t:|1757729131
|-terastallize|p1b: Mossy|Stellar
|move|p2b: Heavy Lobster|Aqua Jet|p1b: Mossy
|-resisted|p1b: Mossy
|-damage|p1b: Mossy|84/100
|-damage|p2b: Heavy Lobster|91/100|[from] item: Life Orb
|move|p1a: Dung Defender|Electroweb|p2a: Star Dream|[spread] p2a,p2b
|-supereffective|p2b: Heavy Lobster
|-damage|p2a: Star Dream|83/100
|-damage|p2b: Heavy Lobster|51/100
|-unboost|p2a: Star Dream|spe|1
|-unboost|p2b: Heavy Lobster|spe|1
|move|p1b: Mossy|Tera Blast|p2a: Star Dream|[anim] Tera Blast Stellar
|-damage|p2a: Star Dream|13/100
|-boost|p1b: Mossy|atk|1
|-boost|p1b: Mossy|spa|1
|move|p2a: Star Dream|Heat Wave|p1a: Dung Defender|[spread] p1a
|-miss|p2a: Star Dream|p1b: Mossy
|-damage|p1a: Dung Defender|50/100
|
|upkeep
|turn|2
|c|☆thebusinesspiggy2|OH THAT'S BULKY
|c|☆thebusinesspiggy2|OH BUT I MISHED YOU
|c|☆thebusinesspiggy2|WHAT A TURN
|
|t:|1757729166
|switch|p2a: Marx|Grimmsnarl, L50, M|100/100
|move|p2b: Heavy Lobster|Aqua Jet|p1a: Dung Defender
|-damage|p1a: Dung Defender|15/100
|-damage|p2b: Heavy Lobster|41/100|[from] item: Life Orb
|move|p1a: Dung Defender|Electroweb|p2a: Marx|[spread] p2a,p2b
|-supereffective|p2b: Heavy Lobster
|-damage|p2a: Marx|89/100
|-damage|p2b: Heavy Lobster|5/100
|-unboost|p2a: Marx|spe|1
|-unboost|p2b: Heavy Lobster|spe|1
|move|p1b: Mossy|Tera Blast|p2a: Marx|[anim] Tera Blast Stellar
|-damage|p2a: Marx|36/100
|-boost|p1b: Mossy|atk|1
|-boost|p1b: Mossy|spa|1
|
|upkeep
|turn|3
|
|t:|1757729218
|move|p2b: Heavy Lobster|Aqua Jet|p1a: Dung Defender
|-damage|p1a: Dung Defender|0 fnt
|faint|p1a: Dung Defender
|-damage|p2b: Heavy Lobster|0 fnt|[from] item: Life Orb
|faint|p2b: Heavy Lobster
|move|p2a: Marx|Light Screen|p2a: Marx
|-sidestart|p2: Skwovetboi|move: Light Screen
|move|p1b: Mossy|Tera Blast|p2a: Marx|[anim] Tera Blast Stellar
|-damage|p2a: Marx|0 fnt
|-boost|p1b: Mossy|atk|1
|-boost|p1b: Mossy|spa|1
|faint|p2a: Marx
|
|upkeep
|
|t:|1757729227
|switch|p1a: Sheo|Bisharp, L50, F|100/100
|switch|p2b: Star Dream|Chandelure, L50, M|13/100
|switch|p2a: Kracko|Altaria, L50, M|100/100
|-ability|p2a: Kracko|Cloud Nine
|turn|4
|
|t:|1757729243
|move|p1a: Sheo|Sucker Punch||[still]
|-fail|p1a: Sheo
|move|p2b: Star Dream|Trick|p1a: Sheo
|-activate|p2b: Star Dream|move: Trick|[of] p1a: Sheo
|-item|p1a: Sheo|Choice Scarf|[from] move: Trick
|-item|p2b: Star Dream|Eviolite|[from] move: Trick
|move|p1b: Mossy|Tera Blast|p2a: Kracko|[anim] Tera Blast Stellar
|-damage|p2a: Kracko|41/100
|-boost|p1b: Mossy|atk|1
|-boost|p1b: Mossy|spa|1
|move|p2a: Kracko|Dual Wingbeat|p1b: Mossy
|-supereffective|p1b: Mossy
|-damage|p1b: Mossy|35/100
|-supereffective|p1b: Mossy
|-damage|p1b: Mossy|0 fnt
|faint|p1b: Mossy
|-hitcount|p1: Mossy|2
|
|upkeep
|
|t:|1757729250
|switch|p1b: Grimm|Baxcalibur, L50, F|100/100
|turn|5
|
|t:|1757729264
|-terastallize|p2b: Star Dream|Fire
|move|p1a: Sheo|Sucker Punch|p2b: Star Dream
|-damage|p2b: Star Dream|0 fnt
|faint|p2b: Star Dream
|move|p1b: Grimm|Icicle Crash|p2a: Kracko
|-supereffective|p2a: Kracko
|-damage|p2a: Kracko|0 fnt
|faint|p2a: Kracko
|-damage|p1b: Grimm|91/100|[from] item: Life Orb
|
|win|thebusinesspiggy2
||thebusinesspiggy2 is ready for game 2.
||Skwovetboi is ready for game 2.
|uhtml|next|Next: Game 2 of 3
