|j|☆der_capri
|j|☆NoCalcsJustVibes
|html|der_capriNoCalcsJustVibes    
|uhtml|bestof|Game 1 of a best-of-3
|t:|1757925915
|gametype|doubles
|player|p1|der_capri|barry|1172
|player|p2|NoCalcsJustVibes|gambler|1314
|gen|9
|tier|[Gen 9] VGC 2025 Reg H (Bo3)
|rated|
|rule|Species Clause: Limit one of each Pokémon
|rule|Item Clause: Limit 1 of each item
|clearpoke
|poke|p1|Indeedee-F, L50, F|
|poke|p1|Gallade, L50, M|
|poke|p1|Exeggutor, L50, F|
|poke|p1|Ursaluna, L50, F|
|poke|p1|Lilligant-Hisui, L50, F|
|poke|p1|Torkoal, L50, F|
|poke|p2|Pelipper, L50, M|
|poke|p2|Archaludon, L50, M|
|poke|p2|Dragonite, L50, F|
|poke|p2|Sinistcha, L50|
|poke|p2|Ursaluna, L50, F|
|poke|p2|Gholdengo, L50|
|teampreview|4
|showteam|p1|Indeedee-F||PsychicSeed|PsychicSurge|TrickRoom,HelpingHand,DazzlingGleam,FollowMe|||F|||50|,,,,,Fairy]Gallade||ClearAmulet|Sharpness|PsychoCut,SacredSword,TrickRoom,WideGuard|||M|||50|,,,,,Psychic]Exeggutor||TwistedSpoon|Chlorophyll|ExpandingForce,GigaDrain,SkillSwap,Protect|||F|||50|,,,,,Psychic]Ursaluna||FlameOrb|Guts|HeadlongRush,Earthquake,Facade,Protect|||F|||50|,,,,,Ghost]Lilligant-Hisui||FocusSash|Chlorophyll|SolarBlade,CloseCombat,AfterYou,SleepPowder|||F|||50|,,,,,Ghost]Torkoal||EjectPack|Drought|Eruption,Overheat,Protect,EarthPower|||F|||50|,,,,,Fire
|showteam|p2|Pelipper||FocusSash|Drizzle|Hurricane,MuddyWater,Tailwind,Protect|||M|||50|,,,,,Ghost]Archaludon||AssaultVest|Stamina|FlashCannon,BodyPress,ElectroShot,Snarl|||M|||50|,,,,,Fighting]Dragonite||LoadedDice|Multiscale|ScaleShot,Haze,Tailwind,Protect|||F|||50|,,,,,Fairy]Sinistcha||SitrusBerry|Hospitality|MatchaGotcha,RagePowder,TrickRoom,LifeDew||||||50|,,,,,Dark]Ursaluna||FlameOrb|Guts|Facade,HeadlongRush,Earthquake,Protect|||F|||50|,,,,,Ghost]Gholdengo||ChoiceScarf|GoodasGold|MakeItRain,ShadowBall,PowerGem,Trick||||||50|,,,,,Water
|inactive|Battle timer is ON: inactive players will automatically lose when time's up. (requested by NoCalcsJustVibes)
|inactive|der_capri has 60 seconds left.
|inactive|NoCalcsJustVibes has 60 seconds left.
|
|t:|1757925974
|teamsize|p1|4
|teamsize|p2|4
|start
|switch|p1a: Exeggutor|Exeggutor, L50, F|100/100
|switch|p1b: Torkoal|Torkoal, L50, F|100/100
|switch|p2a: Gholdengo|Gholdengo, L50|100/100
|switch|p2b: Archaludon|Archaludon, L50, M|100/100
|-weather|SunnyDay|[from] ability: Drought|[of] p1b: Torkoal
|turn|1
|inactive|der_capri has 30 seconds left.
|inactive|der_capri has 20 seconds left.
|inactive|der_capri has 15 seconds left.
|inactive|der_capri has 10 seconds left.
|inactive|der_capri has 5 seconds left.
|
|t:|1757926024
|switch|p1a: Indeedee|Indeedee-F, L50, F|100/100
|-fieldstart|move: Psychic Terrain|[from] ability: Psychic Surge|[of] p1a: Indeedee
|-enditem|p1a: Indeedee|Psychic Seed
|-boost|p1a: Indeedee|spd|1|[from] item: Psychic Seed
|switch|p2b: Pelipper|Pelipper, L50, M|100/100
|-weather|RainDance|[from] ability: Drizzle|[of] p2b: Pelipper
|-terastallize|p1b: Torkoal|Fire
|move|p2a: Gholdengo|Make It Rain|p1b: Torkoal|[spread] p1a,p1b
|-resisted|p1b: Torkoal
|-damage|p1a: Indeedee|76/100
|-damage|p1b: Torkoal|68/100
|-unboost|p2a: Gholdengo|spa|1
|move|p1b: Torkoal|Overheat|p2a: Gholdengo
|-supereffective|p2a: Gholdengo
|-damage|p2a: Gholdengo|12/100
|-unboost|p1b: Torkoal|spa|2
|-enditem|p1b: Torkoal|Eject Pack
|
|t:|1757926044
|switch|p1b: Exeggutor|Exeggutor, L50, F|100/100
|
|-weather|RainDance|[upkeep]
|upkeep
|turn|2
|
|t:|1757926063
|switch|p2b: Archaludon|Archaludon, L50, M|100/100
|move|p2a: Gholdengo|Make It Rain|p1b: Exeggutor|[spread] p1a,p1b
|-damage|p1a: Indeedee|59/100
|-damage|p1b: Exeggutor|60/100
|-unboost|p2a: Gholdengo|spa|1
|move|p1a: Indeedee|Dazzling Gleam|p2a: Gholdengo|[spread] p2a,p2b
|-resisted|p2a: Gholdengo
|-damage|p2a: Gholdengo|4/100
|-damage|p2b: Archaludon|91/100
|-ability|p2b: Archaludon|Stamina|boost
|-boost|p2b: Archaludon|def|1
|move|p1b: Exeggutor|Expanding Force|p2a: Gholdengo|[spread] p2a,p2b
|-resisted|p2a: Gholdengo
|-resisted|p2b: Archaludon
|-damage|p2a: Gholdengo|0 fnt
|-damage|p2b: Archaludon|67/100
|-ability|p2b: Archaludon|Stamina|boost
|-boost|p2b: Archaludon|def|1
|faint|p2a: Gholdengo
|
|-weather|RainDance|[upkeep]
|upkeep
|
|t:|1757926068
|switch|p2a: Sinistcha|Sinistcha, L50|100/100
|-heal|p2b: Archaludon|92/100|[from] ability: Hospitality|[of] p2a: Sinistcha
|turn|3
|inactive|der_capri has 30 seconds left.
|
|t:|1757926098
|switch|p1a: Torkoal|Torkoal, L50, F, tera:Fire|68/100
|-weather|SunnyDay|[from] ability: Drought|[of] p1a: Torkoal
|move|p1b: Exeggutor|Skill Swap|p2b: Archaludon
|-activate|p1b: Exeggutor|move: Skill Swap|Stamina|Chlorophyll|[of] p2b: Archaludon
|move|p2b: Archaludon|Snarl|p1b: Exeggutor|[spread] p1a,p1b
|-crit|p1a: Torkoal
|-supereffective|p1b: Exeggutor
|-damage|p1a: Torkoal|43/100
|-damage|p1b: Exeggutor|30/100
|-unboost|p1a: Torkoal|spa|1
|-unboost|p1b: Exeggutor|spa|1
|-ability|p1b: Exeggutor|Stamina|boost
|-boost|p1b: Exeggutor|def|1
|move|p2a: Sinistcha|Matcha Gotcha|p1a: Torkoal|[spread] p1a,p1b
|-resisted|p1a: Torkoal
|-resisted|p1b: Exeggutor
|-damage|p1a: Torkoal|25/100
|-damage|p1b: Exeggutor|16/100
|-ability|p1b: Exeggutor|Stamina|boost
|-boost|p1b: Exeggutor|def|1
|
|-weather|SunnyDay|[upkeep]
|upkeep
|turn|4
|inactive|der_capri has 30 seconds left.
|
|t:|1757926129
|switch|p1a: Indeedee|Indeedee-F, L50, F|59/100
|move|p1b: Exeggutor|Protect|p1b: Exeggutor
|-singleturn|p1b: Exeggutor|Protect
|move|p2b: Archaludon|Snarl|p1a: Indeedee|[spread] p1a
|-activate|p1b: Exeggutor|move: Protect
|-supereffective|p1a: Indeedee
|-damage|p1a: Indeedee|39/100
|-unboost|p1a: Indeedee|spa|1
|move|p2a: Sinistcha|Matcha Gotcha|p1a: Indeedee|[spread] 
|-activate|p1b: Exeggutor|move: Protect
|-miss|p2a: Sinistcha|p1a: Indeedee
|
|-weather|SunnyDay|[upkeep]
|upkeep
|turn|5
|inactive|der_capri has 30 seconds left.
|
|t:|1757926157
|move|p2b: Archaludon|Snarl|p1b: Exeggutor|[spread] p1a,p1b
|-supereffective|p1a: Indeedee
|-supereffective|p1b: Exeggutor
|-damage|p1a: Indeedee|19/100
|-damage|p1b: Exeggutor|0 fnt
|-unboost|p1a: Indeedee|spa|1
|faint|p1b: Exeggutor
|move|p2a: Sinistcha|Matcha Gotcha|p1a: Indeedee
|-damage|p1a: Indeedee|0 fnt
|faint|p1a: Indeedee
|
|-weather|SunnyDay|[upkeep]
|-fieldend|move: Psychic Terrain
|upkeep
|
|t:|1757926168
|switch|p1a: Torkoal|Torkoal, L50, F, tera:Fire|25/100
|switch|p1b: Gallade|Gallade, L50, M|100/100
|turn|6
|
|t:|1757926191
|move|p1b: Gallade|Wide Guard|p1b: Gallade
|-singleturn|p1b: Gallade|Wide Guard
|move|p2a: Sinistcha|Rage Powder|p2a: Sinistcha
|-singleturn|p2a: Sinistcha|move: Rage Powder
|move|p2b: Archaludon|Body Press|p1a: Torkoal
|-damage|p1a: Torkoal|0 fnt
|faint|p1a: Torkoal
|
|-weather|SunnyDay|[upkeep]
|upkeep
|turn|7
|-message|der_capri forfeited.
|
|win|NoCalcsJustVibes
|l|☆der_capri
|player|p1|
||der_capri is ready for game 2.
||NoCalcsJustVibes is ready for game 2.
|uhtml|next|Next: Game 2 of 3
|l|☆NoCalcsJustVibes
|player|p2|
