|j|☆BeigeGorilla
|j|☆streetlightking
|html|BeigeGorillastreetlightking    
|uhtml|bestof|Game 3 of a best-of-3
|t:|1755736648
|gametype|doubles
|player|p1|BeigeGorilla|170|1225
|player|p2|streetlightking|morty|1123
|gen|9
|tier|[Gen 9] VGC 2025 Reg H (Bo3)
|rated|
|rule|Species Clause: Limit one of each Pokémon
|rule|Item Clause: Limit 1 of each item
|clearpoke
|poke|p1|Porygon2, L50|
|poke|p1|Incineroar, L50, F|
|poke|p1|Ursaluna, L50, M|
|poke|p1|Jumpluff, L50, M|
|poke|p1|Charizard, L50, F|
|poke|p1|Torkoal, L50, F|
|poke|p2|Dragapult, L50, M|
|poke|p2|Rillaboom, L50, M|
|poke|p2|Kingambit, L50, M|
|poke|p2|Politoed, L50, F|
|poke|p2|Magmar, L50, M|
|poke|p2|Sneasler, L50, M|
|teampreview|4
|showteam|p1|Porygon2||Eviolite|Download|TeraBlast,IceBeam,TrickRoom,Recover||||||50|,,,,,Fighting]Incineroar||SitrusBerry|Intimidate|FakeOut,KnockOff,FlareBlitz,PartingShot|||F|||50|,,,,,Ghost]Ursaluna||FlameOrb|Guts|HeadlongRush,Facade,Protect,Earthquake|||M|||50|,,,,,Ghost]Jumpluff||CovertCloak|Chlorophyll|RagePowder,SunnyDay,Tailwind,SleepPowder|||M|||50|,,,,,Fire]Charizard||ChoiceSpecs|SolarPower|HeatWave,Overheat,WeatherBall,DragonPulse|||F|||50|,,,,,Ghost]Torkoal||EjectPack|Drought|Overheat,Eruption,HelpingHand,Protect|||F|||50|,,,,,Fire
|showteam|p2|Dragapult||ChoiceBand|ClearBody|DragonDarts,Outrage,PhantomForce,Uturn|||M|||50|,,,,,Dragon]Rillaboom||AssaultVest|GrassySurge|WoodHammer,GrassyGlide,HighHorsepower,FakeOut|||M|||50|,,,,,Fire]Kingambit||SafetyGoggles|Defiant|KowtowCleave,SuckerPunch,SwordsDance,Protect|||M|||50|,,,,,Dark]Politoed||MysticWater|Drizzle|WeatherBall,MuddyWater,Haze,Protect|||F|||50|,,,,,Steel]Magmar||Eviolite|VitalSpirit|Overheat,HelpingHand,FollowMe,Protect|||M|||50|,,,,,Ghost]Sneasler||FocusSash|PoisonTouch|CloseCombat,DireClaw,FakeOut,Protect|||M|||50|,,,,,Stellar
|inactive|Battle timer is ON: inactive players will automatically lose when time's up. (requested by streetlightking)
|inactive|BeigeGorilla has 60 seconds left.
|
|t:|1755736688
|teamsize|p1|4
|teamsize|p2|4
|start
|switch|p1a: Porygon2|Porygon2, L50|100/100
|switch|p1b: Incineroar|Incineroar, L50, F|100/100
|switch|p2a: Dragapult|Dragapult, L50, M, shiny|100/100
|switch|p2b: Magmar|Magmar, L50, M, shiny|100/100
|-ability|p1b: Incineroar|Intimidate|boost
|-fail|p2a: Dragapult|unboost|[from] ability: Clear Body|[of] p2a: Dragapult
|-unboost|p2b: Magmar|atk|1
|-ability|p1a: Porygon2|Download|boost
|-boost|p1a: Porygon2|atk|1
|turn|1
|inactive|streetlightking has 30 seconds left.
|
|t:|1755736717
|move|p2a: Dragapult|U-turn|p1b: Incineroar
|-damage|p1b: Incineroar|67/100
|
|t:|1755736720
|switch|p2a: Jimbo|Politoed, L50, F, shiny|100/100|[from] U-turn
|-weather|RainDance|[from] ability: Drizzle|[of] p2a: Jimbo
|move|p2b: Magmar|Overheat|p1a: Porygon2
|-damage|p1a: Porygon2|83/100
|-unboost|p2b: Magmar|spa|2
|move|p1b: Incineroar|Knock Off|p2a: Jimbo
|-damage|p2a: Jimbo|52/100
|-enditem|p2a: Jimbo|Mystic Water|[from] move: Knock Off|[of] p1b: Incineroar
|move|p1a: Porygon2|Trick Room|p1a: Porygon2
|-fieldstart|move: Trick Room|[of] p1a: Porygon2
|
|-weather|RainDance|[upkeep]
|upkeep
|turn|2
|
|t:|1755736743
|move|p2b: Magmar|Helping Hand|p2a: Jimbo
|-singleturn|p2a: Jimbo|Helping Hand|[of] p2b: Magmar
|move|p1a: Porygon2|Tera Blast|p2a: Jimbo
|-damage|p2a: Jimbo|18/100
|move|p1b: Incineroar|Parting Shot|p2a: Jimbo
|-unboost|p2a: Jimbo|atk|1
|-unboost|p2a: Jimbo|spa|1
|
|t:|1755736752
|switch|p1b: Torkoal|Torkoal, L50, F|100/100|[from] Parting Shot
|-weather|SunnyDay|[from] ability: Drought|[of] p1b: Torkoal
|move|p2a: Jimbo|Weather Ball|p1a: Porygon2
|-damage|p1a: Porygon2|55/100
|
|-weather|SunnyDay|[upkeep]
|upkeep
|turn|3
|
|t:|1755736771
|move|p2a: Jimbo|Protect|p2a: Jimbo
|-singleturn|p2a: Jimbo|Protect
|move|p2b: Magmar|Protect|p2b: Magmar
|-singleturn|p2b: Magmar|Protect
|move|p1b: Torkoal|Eruption|p2a: Jimbo|[spread] 
|-activate|p2a: Jimbo|move: Protect
|-activate|p2b: Magmar|move: Protect
|move|p1a: Porygon2|Recover|p1a: Porygon2
|-heal|p1a: Porygon2|100/100
|
|-weather|SunnyDay|[upkeep]
|upkeep
|turn|4
|
|t:|1755736792
|switch|p1a: Ursaluna|Ursaluna, L50, M|100/100
|switch|p2a: Sneasler|Sneasler, L50, M|100/100
|move|p2b: Magmar|Follow Me|p2b: Magmar
|-singleturn|p2b: Magmar|move: Follow Me
|move|p1b: Torkoal|Eruption|p2a: Sneasler|[spread] p2a,p2b
|-resisted|p2b: Magmar
|-damage|p2a: Sneasler|4/100
|-damage|p2b: Magmar|73/100
|
|-weather|SunnyDay|[upkeep]
|-status|p1a: Ursaluna|brn|[from] item: Flame Orb
|upkeep
|turn|5
|inactive|BeigeGorilla has 30 seconds left.
|inactive|streetlightking has 30 seconds left.
|inactive|BeigeGorilla has 20 seconds left.
|
|t:|1755736830
|switch|p1b: Incineroar|Incineroar, L50, F|67/100
|-ability|p1b: Incineroar|Intimidate|boost
|-unboost|p2a: Sneasler|atk|1
|-unboost|p2b: Magmar|atk|1
|move|p1a: Ursaluna|Protect|p1a: Ursaluna
|-singleturn|p1a: Ursaluna|Protect
|move|p2a: Sneasler|Protect|p2a: Sneasler
|-singleturn|p2a: Sneasler|Protect
|move|p2b: Magmar|Overheat|p1a: Ursaluna
|-activate|p1a: Ursaluna|move: Protect
|
|-weather|SunnyDay|[upkeep]
|-damage|p1a: Ursaluna|95/100 brn|[from] brn
|-fieldend|move: Trick Room
|upkeep
|turn|6
|inactive|BeigeGorilla has 30 seconds left.
|inactive|BeigeGorilla has 20 seconds left.
|inactive|BeigeGorilla has 15 seconds left.
|inactive|BeigeGorilla has 10 seconds left.
|
|t:|1755736880
|switch|p2a: Dragapult|Dragapult, L50, M, shiny|100/100
|switch|p2b: Jimbo|Politoed, L50, F, shiny|18/100
|-weather|RainDance|[from] ability: Drizzle|[of] p2b: Jimbo
|move|p1b: Incineroar|Fake Out|p2a: Dragapult
|-immune|p2a: Dragapult
|move|p1a: Ursaluna|Earthquake|p2b: Jimbo|[spread] p1b,p2a,p2b
|-supereffective|p1b: Incineroar
|-damage|p1b: Incineroar|0 fnt
|-damage|p2a: Dragapult|11/100
|-damage|p2b: Jimbo|0 fnt
|faint|p1b: Incineroar
|faint|p2b: Jimbo
|
|-weather|RainDance|[upkeep]
|-damage|p1a: Ursaluna|89/100 brn|[from] brn
|upkeep
|
|t:|1755736898
|switch|p2b: Sneasler|Sneasler, L50, M|4/100
|switch|p1b: Porygon2|Porygon2, L50|100/100
|-ability|p1b: Porygon2|Download|boost
|-boost|p1b: Porygon2|atk|1
|turn|7
|inactive|BeigeGorilla has 30 seconds left.
|inactive|BeigeGorilla has 20 seconds left.
|
|t:|1755736938
|switch|p1a: Torkoal|Torkoal, L50, F|100/100
|-weather|SunnyDay|[from] ability: Drought|[of] p1a: Torkoal
|-terastallize|p2a: Dragapult|Dragon
|move|p2a: Dragapult|Dragon Darts|p1a: Torkoal
|-damage|p1a: Torkoal|63/100
|-anim|p2a: Dragapult|Dragon Darts|p1b: Porygon2
|-crit|p1b: Porygon2
|-damage|p1b: Porygon2|54/100
|move|p2b: Sneasler|Close Combat|p1b: Porygon2
|-supereffective|p1b: Porygon2
|-damage|p1b: Porygon2|0 fnt
|-unboost|p2b: Sneasler|def|1
|-unboost|p2b: Sneasler|spd|1
|faint|p1b: Porygon2
|
|-weather|SunnyDay|[upkeep]
|upkeep
|
|t:|1755736956
|switch|p1b: Ursaluna|Ursaluna, L50, M|89/100 brn
|turn|8
|
|t:|1755736980
|move|p2b: Sneasler|Protect|p2b: Sneasler
|-singleturn|p2b: Sneasler|Protect
|move|p2a: Dragapult|Dragon Darts|p1a: Torkoal
|-damage|p1a: Torkoal|28/100
|-anim|p2a: Dragapult|Dragon Darts|p1b: Ursaluna
|-damage|p1b: Ursaluna|50/100 brn
|move|p1b: Ursaluna|Earthquake|p2b: Sneasler|[spread] p1a,p2a
|-activate|p2b: Sneasler|move: Protect
|-supereffective|p1a: Torkoal
|-crit|p1a: Torkoal
|-damage|p1a: Torkoal|0 fnt
|-damage|p2a: Dragapult|0 fnt
|faint|p1a: Torkoal
|faint|p2a: Dragapult
|
|-weather|SunnyDay|[upkeep]
|-damage|p1b: Ursaluna|44/100 brn|[from] brn
|upkeep
|
|t:|1755737000
|switch|p2a: Magmar|Magmar, L50, M, shiny|73/100
|turn|9
|
|t:|1755737020
|-terastallize|p1b: Ursaluna|Ghost
|move|p2b: Sneasler|Dire Claw|p1b: Ursaluna
|-resisted|p1b: Ursaluna
|-damage|p1b: Ursaluna|27/100 brn
|move|p2a: Magmar|Overheat|p1b: Ursaluna
|-damage|p1b: Ursaluna|0 fnt
|-unboost|p2a: Magmar|spa|2
|faint|p1b: Ursaluna
|
|win|streetlightking
|raw|BeigeGorilla's rating: 1225 → 1193(-32 for losing)
|raw|streetlightking's rating: 1123 → 1155(+32 for winning)
