|j|☆Tinman1025
|j|☆ZaxbysSauce
|html|Tinman1025ZaxbysSauce    
|uhtml|bestof|Game 2 of a best-of-3
|t:|1756242078
|gametype|doubles
|player|p1|Tinman1025|marlon|1116
|player|p2|ZaxbysSauce|burgh|1010
|gen|9
|tier|[Gen 9] VGC 2025 Reg H (Bo3)
|rated|
|rule|Species Clause: Limit one of each Pokémon
|rule|Item Clause: Limit 1 of each item
|clearpoke
|poke|p1|Tyranitar, L50, M|
|poke|p1|Excadrill, L50, M|
|poke|p1|Corviknight, L50, F|
|poke|p1|Indeedee, L50, M|
|poke|p1|Sneasler, L50, M|
|poke|p1|Magmar, L50, M|
|poke|p2|Pelipper, L50, M|
|poke|p2|Basculegion, L50, M|
|poke|p2|Archaludon, L50, M|
|poke|p2|Dragonite, L50, M|
|poke|p2|Farigiraf, L50, F|
|poke|p2|Magmortar, L50, M|
|teampreview|4
|showteam|p1|Tyranitar||AssaultVest|SandStream|RockSlide,KnockOff,TeraBlast,LowKick|||M|||50|,,,,,Flying]Excadrill||FocusSash|SandRush|Protect,Earthquake,IronHead,SwordsDance|||M|||50|,,,,,Ground]Corviknight||PsychicSeed|MirrorArmor|BraveBird,PowerTrip,BulkUp,Roost|||F|||50|,,,,,Water]Indeedee||ChoiceScarf|PsychicSurge|ExpandingForce,TeraBlast,Trick,Protect|||M|||50|,,,,,Psychic]Sneasler||WhiteHerb|Unburden|FakeOut,CloseCombat,DireClaw,Coaching|||M|||50|,,,,,Flying]Magmar||Eviolite|VitalSpirit|HeatWave,FollowMe,HelpingHand,Protect|||M|||50|,,,,,Flying
|showteam|p2|Pelipper||FocusSash|Drizzle|Hurricane,WeatherBall,Tailwind,Protect|||M|||50|,,,,,Ghost]Basculegion||MysticWater|SwiftSwim|Protect,WaveCrash,AquaJet,LastRespects|||M|||50|,,,,,Water]Archaludon||AssaultVest|Stamina|ElectroShot,DragonPulse,FlashCannon,BodyPress|||M|||50|,,,,,Grass]Dragonite||ChoiceBand|InnerFocus|ExtremeSpeed,DragonClaw,AquaJet,AirSlash|||M|||50|,,,,,Normal]Farigiraf||SitrusBerry|ArmorTail|FoulPlay,TrickRoom,HelpingHand,PsychicNoise|||F|||50|,,,,,Fairy]Magmortar||Charcoal|VitalSpirit|Flamethrower,ScorchingSands,FollowMe,Protect|||M|||50|,,,,,Ground
|inactive|Battle timer is ON: inactive players will automatically lose when time's up. (requested by ZaxbysSauce)
|inactive|Tinman1025 has 60 seconds left.
|inactive|ZaxbysSauce has 60 seconds left.
|
|t:|1756242116
|teamsize|p1|4
|teamsize|p2|4
|start
|switch|p1a: Sneasler|Sneasler, L50, M|100/100
|switch|p1b: Corviknight|Corviknight, L50, F|100/100
|switch|p2a: Magmortar|Magmortar, L50, M|100/100
|switch|p2b: Basculegion|Basculegion, L50, M|100/100
|turn|1
|inactive|Tinman1025 has 30 seconds left.
|
|t:|1756242143
|-terastallize|p1b: Corviknight|Water
|move|p1a: Sneasler|Coaching|p1b: Corviknight
|-boost|p1b: Corviknight|atk|1
|-boost|p1b: Corviknight|def|1
|move|p2a: Magmortar|Scorching Sands|p1a: Sneasler
|-supereffective|p1a: Sneasler
|-damage|p1a: Sneasler|33/100
|move|p2b: Basculegion|Wave Crash|p1b: Corviknight
|-resisted|p1b: Corviknight
|-damage|p1b: Corviknight|80/100
|-damage|p2b: Basculegion|93/100|[from] Recoil
|move|p1b: Corviknight|Bulk Up|p1b: Corviknight
|-boost|p1b: Corviknight|atk|1
|-boost|p1b: Corviknight|def|1
|
|upkeep
|turn|2
|inactive|ZaxbysSauce has 30 seconds left.
|inactive|ZaxbysSauce has 20 seconds left.
|inactive|Tinman1025 has 30 seconds left.
|
|t:|1756242188
|move|p2a: Magmortar|Follow Me|p2a: Magmortar
|-singleturn|p2a: Magmortar|move: Follow Me
|move|p2b: Basculegion|Aqua Jet|p1a: Sneasler
|-damage|p1a: Sneasler|0 fnt
|faint|p1a: Sneasler
|move|p1b: Corviknight|Power Trip|p2a: Magmortar
|-damage|p2a: Magmortar|14/100
|
|upkeep
|
|t:|1756242202
|switch|p1a: Indeedee|Indeedee, L50, M|100/100
|-fieldstart|move: Psychic Terrain|[from] ability: Psychic Surge|[of] p1a: Indeedee
|-enditem|p1b: Corviknight|Psychic Seed
|-boost|p1b: Corviknight|spd|1|[from] item: Psychic Seed
|turn|3
|
|t:|1756242219
|move|p2a: Magmortar|Protect|p2a: Magmortar
|-singleturn|p2a: Magmortar|Protect
|move|p2b: Basculegion|Protect|p2b: Basculegion
|-singleturn|p2b: Basculegion|Protect
|move|p1a: Indeedee|Expanding Force|p2b: Basculegion|[spread] 
|-activate|p2a: Magmortar|move: Protect
|-activate|p2b: Basculegion|move: Protect
|move|p1b: Corviknight|Power Trip|p2a: Magmortar
|-activate|p2a: Magmortar|move: Protect
|
|upkeep
|turn|4
|inactive|ZaxbysSauce has 30 seconds left.
|inactive|ZaxbysSauce has 20 seconds left.
|inactive|ZaxbysSauce has 15 seconds left.
|inactive|ZaxbysSauce has 10 seconds left.
|
|t:|1756242268
|-terastallize|p2b: Basculegion|Water
|move|p2a: Magmortar|Follow Me|p2a: Magmortar
|-singleturn|p2a: Magmortar|move: Follow Me
|move|p1a: Indeedee|Expanding Force|p2a: Magmortar|[spread] p2a,p2b
|-damage|p2a: Magmortar|0 fnt
|-damage|p2b: Basculegion|22/100
|faint|p2a: Magmortar
|move|p2b: Basculegion|Wave Crash|p1a: Indeedee
|-damage|p1a: Indeedee|0 fnt
|faint|p1a: Indeedee
|-damage|p2b: Basculegion|0 fnt|[from] Recoil
|faint|p2b: Basculegion
|move|p1b: Corviknight|Power Trip|p2: Magmortar|[notarget]
|-fail|p1b: Corviknight
|
|upkeep
|
|t:|1756242284
|switch|p1a: Tyranitar|Tyranitar, L50, M|100/100
|switch|p2a: Pelipper|Pelipper, L50, M|100/100
|switch|p2b: Archaludon|Archaludon, L50, M|100/100
|-weather|RainDance|[from] ability: Drizzle|[of] p2a: Pelipper
|-weather|Sandstorm|[from] ability: Sand Stream|[of] p1a: Tyranitar
|turn|5
|inactive|ZaxbysSauce has 30 seconds left.
|
|t:|1756242312
|move|p2a: Pelipper|Tailwind|p2a: Pelipper
|-sidestart|p2: ZaxbysSauce|move: Tailwind
|move|p2b: Archaludon|Body Press|p1a: Tyranitar
|-supereffective|p1a: Tyranitar
|-damage|p1a: Tyranitar|24/100
|move|p1b: Corviknight|Bulk Up|p1b: Corviknight
|-boost|p1b: Corviknight|atk|1
|-boost|p1b: Corviknight|def|1
|move|p1a: Tyranitar|Low Kick|p2b: Archaludon
|-supereffective|p2b: Archaludon
|-damage|p2b: Archaludon|58/100
|-ability|p2b: Archaludon|Stamina|boost
|-boost|p2b: Archaludon|def|1
|
|-weather|Sandstorm|[upkeep]
|-damage|p2a: Pelipper|95/100|[from] Sandstorm
|-damage|p1b: Corviknight|74/100|[from] Sandstorm
|upkeep
|turn|6
|inactive|Tinman1025 has 30 seconds left.
|
|t:|1756242338
|move|p2a: Pelipper|Hurricane|p1b: Corviknight
|-damage|p1b: Corviknight|42/100
|move|p2b: Archaludon|Body Press|p1a: Tyranitar
|-supereffective|p1a: Tyranitar
|-damage|p1a: Tyranitar|0 fnt
|faint|p1a: Tyranitar
|move|p1b: Corviknight|Roost|p1b: Corviknight
|-heal|p1b: Corviknight|92/100
|
|-weather|Sandstorm|[upkeep]
|-damage|p2a: Pelipper|89/100|[from] Sandstorm
|-damage|p1b: Corviknight|86/100|[from] Sandstorm
|upkeep
|turn|7
|
|t:|1756242357
|move|p2a: Pelipper|Hurricane|p1b: Corviknight
|-damage|p1b: Corviknight|51/100
|move|p2b: Archaludon|Electro Shot||[still]
|-prepare|p2b: Archaludon|Electro Shot
|-boost|p2b: Archaludon|spa|1
|move|p1b: Corviknight|Power Trip|p2a: Pelipper
|-damage|p2a: Pelipper|0 fnt
|faint|p2a: Pelipper
|
|-weather|Sandstorm|[upkeep]
|-damage|p1b: Corviknight|45/100|[from] Sandstorm
|-fieldend|move: Psychic Terrain
|upkeep
|turn|8
|
|t:|1756242372
|move|p2b: Archaludon|Electro Shot|p1b: Corviknight|[from] lockedmove
|-supereffective|p1b: Corviknight
|-damage|p1b: Corviknight|0 fnt
|faint|p1b: Corviknight
|
|win|ZaxbysSauce
|raw|Tinman1025's rating: 1116 → 1084(-32 for losing)
|raw|ZaxbysSauce's rating: 1010 → 1060(+50 for winning)
|l|☆Tinman1025
|player|p1|
