|j|☆Keeper08
|j|☆Terminator7006
|html|Keeper08Terminator7006    
|uhtml|bestof|Game 1 of a best-of-3
|t:|1757858324
|gametype|doubles
|player|p1|Keeper08|lance|1098
|player|p2|Terminator7006|drayden|1123
|gen|9
|tier|[Gen 9] VGC 2025 Reg H (Bo3)
|rated|
|rule|Species Clause: Limit one of each Pokémon
|rule|Item Clause: Limit 1 of each item
|clearpoke
|poke|p1|Hydreigon, L50, F|
|poke|p1|Rillaboom, L50, M|
|poke|p1|Volcarona, L50, M|
|poke|p1|Klefki, L50, F|
|poke|p1|Archaludon, L50, M|
|poke|p1|Empoleon, L50, F|
|poke|p2|Gholdengo, L50|
|poke|p2|Ninetales-Alola, L50, F|
|poke|p2|Glaceon, L50, F|
|poke|p2|Gyarados, L50, M|
|poke|p2|Dragonite, L50, F|
|poke|p2|Incineroar, L50, M|
|teampreview|4
|showteam|p1|Hydreigon||CovertCloak|Levitate|DracoMeteor,Snarl,Tailwind,DarkPulse|||F|||50|,,,,,Poison]Rillaboom||AssaultVest|GrassySurge|FakeOut,WoodHammer,GrassyGlide,HighHorsepower|||M|||50|,,,,,Ground]Volcarona||SitrusBerry|FlameBody|HeatWave,BugBuzz,QuiverDance,Protect|||M|||50|,,,,,Water]Klefki||LightClay|Prankster|Reflect,LightScreen,DazzlingGleam,ThunderWave|||F|||50|,,,,,Water]Archaludon||Leftovers|Stamina|DracoMeteor,FlashCannon,ElectroShot,BodyPress|||M|||50|,,,,,Fairy]Empoleon||WideLens|Competitive|HydroPump,FlashCannon,IceBeam,IcyWind|||F|||50|,,,,,Flying
|showteam|p2|Gholdengo||LifeOrb|GoodasGold|MakeItRain,ShadowBall,NastyPlot,Protect||||||50|,,,,,Water]Ninetales-Alola||LightClay|SnowWarning|Blizzard,AuroraVeil,Disable,Protect|||F|||50|,,,,,Poison]Glaceon||Leftovers|IceBody|Blizzard,IcyWind,FakeTears,Protect|||F|||50|,,,,,Ice]Gyarados||ChoiceScarf|Moxie|AquaTail,Crunch,IronHead,Earthquake|||M|||50|,,,,,Ground]Dragonite||LoadedDice|Multiscale|ScaleShot,Haze,Tailwind,Protect|||F|||50|,,,,,Fairy]Incineroar||SafetyGoggles|Intimidate|FakeOut,KnockOff,PartingShot,FlareBlitz|||M|||50|,,,,,Ghost
|inactive|Battle timer is ON: inactive players will automatically lose when time's up. (requested by Keeper08)
|inactive|Terminator7006 has 60 seconds left.
|
|t:|1757858390
|teamsize|p1|4
|teamsize|p2|4
|start
|switch|p1a: Klefki|Klefki, L50, F|100/100
|switch|p1b: Empoleon|Empoleon, L50, F|100/100
|switch|p2a: Ninetales|Ninetales-Alola, L50, F|100/100
|switch|p2b: Glaceon|Glaceon, L50, F, shiny|100/100
|-weather|Snowscape|[from] ability: Snow Warning|[of] p2a: Ninetales
|turn|1
|
|t:|1757858409
|move|p1a: Klefki|Light Screen|p1a: Klefki
|-sidestart|p1: Keeper08|move: Light Screen
|move|p2a: Ninetales|Aurora Veil|p2a: Ninetales
|-sidestart|p2: Terminator7006|move: Aurora Veil
|move|p1b: Empoleon|Flash Cannon|p2a: Ninetales
|-supereffective|p2a: Ninetales
|-damage|p2a: Ninetales|0 fnt
|faint|p2a: Ninetales
|move|p2b: Glaceon|Fake Tears|p1b: Empoleon
|-unboost|p1b: Empoleon|spd|2
|-ability|p1b: Empoleon|Competitive|boost
|-boost|p1b: Empoleon|spa|2
|
|-weather|Snowscape|[upkeep]
|upkeep
|inactive|Terminator7006 has 30 seconds left.
|
|t:|1757858438
|switch|p2a: Dragonite|Dragonite, L50, F|100/100
|turn|2
|
|t:|1757858460
|-terastallize|p2b: Glaceon|Ice
|move|p1a: Klefki|Thunder Wave|p2a: Dragonite
|-status|p2a: Dragonite|par
|move|p1b: Empoleon|Flash Cannon|p2b: Glaceon
|-supereffective|p2b: Glaceon
|-damage|p2b: Glaceon|10/100
|move|p2b: Glaceon|Blizzard|p1b: Empoleon|[spread] p1a,p1b
|-resisted|p1a: Klefki
|-resisted|p1b: Empoleon
|-damage|p1a: Klefki|83/100
|-damage|p1b: Empoleon|83/100
|move|p2a: Dragonite|Tailwind|p2a: Dragonite
|-sidestart|p2: Terminator7006|move: Tailwind
|
|-weather|Snowscape|[upkeep]
|-heal|p2b: Glaceon|16/100|[from] ability: Ice Body
|-heal|p2b: Glaceon|21/100|[from] item: Leftovers
|upkeep
|turn|3
|
|t:|1757858481
|move|p1a: Klefki|Reflect|p1a: Klefki
|-sidestart|p1: Keeper08|Reflect
|move|p2b: Glaceon|Icy Wind|p1b: Empoleon|[spread] p1a,p1b
|-resisted|p1a: Klefki
|-resisted|p1b: Empoleon
|-damage|p1a: Klefki|72/100
|-damage|p1b: Empoleon|74/100
|-unboost|p1a: Klefki|spe|1
|-unboost|p1b: Empoleon|spe|1
|-ability|p1b: Empoleon|Competitive|boost
|-boost|p1b: Empoleon|spa|2
|cant|p2a: Dragonite|par
|move|p1b: Empoleon|Icy Wind|p2a: Dragonite|[spread] p2a,p2b
|-supereffective|p2a: Dragonite
|-resisted|p2b: Glaceon
|-damage|p2a: Dragonite|47/100 par
|-damage|p2b: Glaceon|10/100
|-unboost|p2a: Dragonite|spe|1
|-unboost|p2b: Glaceon|spe|1
|
|-weather|Snowscape|[upkeep]
|-heal|p2b: Glaceon|16/100|[from] ability: Ice Body
|-heal|p2b: Glaceon|21/100|[from] item: Leftovers
|upkeep
|turn|4
|
|t:|1757858497
|move|p2b: Glaceon|Icy Wind|p1a: Klefki|[spread] p1a,p1b
|-resisted|p1a: Klefki
|-resisted|p1b: Empoleon
|-damage|p1a: Klefki|61/100
|-damage|p1b: Empoleon|65/100
|-unboost|p1a: Klefki|spe|1
|-unboost|p1b: Empoleon|spe|1
|-ability|p1b: Empoleon|Competitive|boost
|-boost|p1b: Empoleon|spa|2
|move|p2a: Dragonite|Scale Shot|p1b: Empoleon|[miss]
|-miss|p2a: Dragonite|p1b: Empoleon
|move|p1a: Klefki|Dazzling Gleam|p2b: Glaceon|[spread] p2a,p2b
|-supereffective|p2a: Dragonite
|-damage|p2a: Dragonite|22/100 par
|-damage|p2b: Glaceon|10/100
|move|p1b: Empoleon|Flash Cannon|p2b: Glaceon
|-supereffective|p2b: Glaceon
|-damage|p2b: Glaceon|0 fnt
|faint|p2b: Glaceon
|
|-weather|Snowscape|[upkeep]
|upkeep
|
|t:|1757858506
|switch|p2b: Gyarados|Gyarados, L50, M|100/100
|turn|5
|
|t:|1757858524
|move|p1a: Klefki|Thunder Wave|p2b: Gyarados
|-status|p2b: Gyarados|par
|move|p2b: Gyarados|Earthquake|p1a: Klefki|[spread] p1a,p1b
|-immune|p2a: Dragonite
|-supereffective|p1a: Klefki
|-supereffective|p1b: Empoleon
|-damage|p1a: Klefki|24/100
|-damage|p1b: Empoleon|28/100
|cant|p2a: Dragonite|par
|move|p1b: Empoleon|Ice Beam|p2a: Dragonite
|-supereffective|p2a: Dragonite
|-damage|p2a: Dragonite|0 fnt
|faint|p2a: Dragonite
|
|-weather|none
|-sideend|p2: Terminator7006|move: Tailwind
|upkeep
|turn|6
|
|t:|1757858545
|cant|p2b: Gyarados|par
|move|p1a: Klefki|Dazzling Gleam|p2b: Gyarados
|-damage|p2b: Gyarados|82/100 par
|move|p1b: Empoleon|Ice Beam|p2b: Gyarados
|-damage|p2b: Gyarados|0 fnt
|faint|p2b: Gyarados
|
|win|Keeper08
||Keeper08 is ready for game 2.
||Terminator7006 is ready for game 2.
|uhtml|next|Next: Game 2 of 3
|l|☆Keeper08
|player|p1|
