|j|☆pawmifleet
|j|☆Odaatgamblingaware
|html|pawmifleetOdaatgamblingaware    
|uhtml|bestof|Game 2 of a best-of-3
|t:|1784224710
|gametype|doubles
|player|p1|pawmifleet|fisherman-gen4|1169
|player|p2|Odaatgamblingaware|266|1306
|gen|9
|tier|[Gen 9 Champions] VGC 2026 Reg M-B (Bo3)
|rated|
|rule|Species Clause: Limit one of each Pokémon
|rule|Item Clause: Limit 1 of each item
|clearpoke
|poke|p1|Incineroar, L50, M|
|poke|p1|Venusaur, L50, M|
|poke|p1|Charizard, L50, M|
|poke|p1|Garchomp, L50, M|
|poke|p1|Toxapex, L50, M|
|poke|p1|Annihilape, L50, F|
|poke|p2|Kangaskhan, L50, F|
|poke|p2|Farigiraf, L50, F|
|poke|p2|Torkoal, L50, F|
|poke|p2|Hatterene, L50, F|
|poke|p2|Dragonite, L50, M|
|poke|p2|Kingambit, L50, M|
|teampreview|4
|showteam|p1|Incineroar||SitrusBerry|Intimidate|FakeOut,ThroatChop,FlareBlitz,PartingShot|Impish||M|||50|]Venusaur||LifeOrb|Chlorophyll|SolarBeam,SludgeBomb,EarthPower,Protect|Modest||M|||50|]Charizard||CharizarditeY|Blaze|HeatWave,WeatherBall,HelpingHand,Protect|Modest||M|||50|]Garchomp||ChoiceScarf|RoughSkin|DragonClaw,Earthquake,RockSlide,StompingTantrum|Adamant||M|||50|]Toxapex||Leftovers|Regenerator|Infestation,Toxic,BanefulBunker,WideGuard|Bold||M|||50|]Annihilape||FocusSash|Defiant|PhantomForce,CloseCombat,RockTomb,Protect|Jolly||F|||50|
|showteam|p2|Kangaskhan||Kangaskhanite|Scrappy|FakeOut,DoubleEdge,HammerArm,SuckerPunch|Adamant||F|||50|]Farigiraf||SitrusBerry|ArmorTail|TwinBeam,HelpingHand,TrickRoom,Thunderbolt|Relaxed||F|||50|]Torkoal||Charcoal|Drought|Eruption,HeatWave,EarthPower,Protect|Quiet||F|||50|]Hatterene||FocusSash|MagicBounce|Protect,DazzlingGleam,TrickRoom,Psychic|Quiet||F|||50|]Dragonite||LifeOrb|InnerFocus|ThunderPunch,Outrage,Haze,ExtremeSpeed|Brave||M|||50|]Kingambit||OccaBerry|Defiant|IronHead,SuckerPunch,KowtowCleave,BrickBreak|Brave||M|||50|
|inactive|Battle timer is ON: inactive players will automatically lose when time's up. (requested by Odaatgamblingaware)
|
|t:|1784224729
|teamsize|p1|4
|teamsize|p2|4
|start
|switch|p1a: Charizard|Charizard, L50, M|100/100
|switch|p1b: Venusaur|Venusaur, L50, M|100/100
|switch|p2a: Kangaskhan|Kangaskhan, L50, F|100/100
|switch|p2b: Farigiraf|Farigiraf, L50, F|100/100
|turn|1
|
|t:|1784224742
|detailschange|p1a: Charizard|Charizard-Mega-Y, L50, M
|-mega|p1a: Charizard|Charizard|Charizardite Y
|-weather|SunnyDay|[from] ability: Drought|[of] p1a: Charizard
|move|p2a: Kangaskhan|Fake Out|p1a: Charizard
|-damage|p1a: Charizard|84/100
|move|p1b: Venusaur|Solar Beam||[still]
|-prepare|p1b: Venusaur|Solar Beam
|-anim|p1b: Venusaur|Solar Beam|p2a: Kangaskhan
|-damage|p2a: Kangaskhan|25/100
|-damage|p1b: Venusaur|90/100|[from] item: Life Orb
|cant|p1a: Charizard|flinch
|move|p2b: Farigiraf|Trick Room|p2b: Farigiraf
|-fieldstart|move: Trick Room|[of] p2b: Farigiraf
|
|-weather|SunnyDay|[upkeep]
|upkeep
|turn|2
|
|t:|1784224763
|switch|p2b: Torkoal|Torkoal, L50, F|100/100
|detailschange|p2a: Kangaskhan|Kangaskhan-Mega, L50, F
|-mega|p2a: Kangaskhan|Kangaskhan|Kangaskhanite
|move|p2a: Kangaskhan|Double-Edge|p1a: Charizard
|-damage|p1a: Charizard|20/100y
|-damage|p1a: Charizard|4/100
|-hitcount|p1a: Charizard|2
|-damage|p2a: Kangaskhan|3/100|[from] Recoil
|move|p1a: Charizard|Weather Ball|p2b: Torkoal
|-resisted|p2b: Torkoal|1
|-damage|p2b: Torkoal|48/100
|move|p1b: Venusaur|Sludge Bomb|p2a: Kangaskhan
|-damage|p2a: Kangaskhan|0 fnt
|faint|p2a: Kangaskhan
|-damage|p1b: Venusaur|80/100|[from] item: Life Orb
|
|-weather|SunnyDay|[upkeep]
|upkeep
|
|t:|1784224779
|switch|p2a: Hatterene|Hatterene, L50, F|100/100
|turn|3
|
|t:|1784224783
|move|p1b: Venusaur|Protect|p1b: Venusaur
|-singleturn|p1b: Venusaur|Protect
|move|p2b: Torkoal|Heat Wave|p1b: Venusaur|[spread] p1a
|-activate|p1b: Venusaur|move: Protect
|-resisted|p1a: Charizard|1
|-damage|p1a: Charizard|0 fnt
|faint|p1a: Charizard
|move|p2a: Hatterene|Dazzling Gleam|p1b: Venusaur
|-activate|p1b: Venusaur|move: Protect
|
|-weather|SunnyDay|[upkeep]
|upkeep
|
|t:|1784224791
|switch|p1a: Incineroar|Incineroar, L50, M|100/100
|-ability|p1a: Incineroar|Intimidate|boost
|-unboost|p2a: Hatterene|atk|1
|-unboost|p2b: Torkoal|atk|1
|turn|4
|
|t:|1784224800
|switch|p1b: Annihilape|Annihilape, L50, F|100/100
|move|p2b: Torkoal|Heat Wave|p1b: Annihilape|[spread] p1a,p1b
|-resisted|p1a: Incineroar|1
|-damage|p1a: Incineroar|77/100
|-damage|p1b: Annihilape|36/100
|-status|p1b: Annihilape|brn
|move|p2a: Hatterene|Dazzling Gleam|p1a: Incineroar|[spread] p1a,p1b
|-supereffective|p1b: Annihilape|1
|-damage|p1a: Incineroar|49/100
|-damage|p1b: Annihilape|0 fnt
|-enditem|p1a: Incineroar|Sitrus Berry|[eat]
|-heal|p1a: Incineroar|73/100|[from] item: Sitrus Berry
|faint|p1b: Annihilape
|move|p1a: Incineroar|Throat Chop|p2b: Torkoal
|-damage|p2b: Torkoal|22/100
|-start|p2b: Torkoal|Throat Chop|[silent]
|
|-weather|SunnyDay|[upkeep]
|upkeep
|
|t:|1784224814
|switch|p1b: Venusaur|Venusaur, L50, M|80/100
|turn|5
|
|t:|1784224820
|move|p1b: Venusaur|Protect|p1b: Venusaur
|-singleturn|p1b: Venusaur|Protect
|move|p2b: Torkoal|Earth Power|p1a: Incineroar
|-supereffective|p1a: Incineroar|1
|-damage|p1a: Incineroar|28/100
|move|p2a: Hatterene|Dazzling Gleam|p1a: Incineroar|[spread] p1a
|-activate|p1b: Venusaur|move: Protect
|-damage|p1a: Incineroar|0 fnt
|faint|p1a: Incineroar
|
|-weather|none
|-end|p2b: Torkoal|Throat Chop|[silent]
|-fieldend|move: Trick Room
|upkeep
|turn|6
|
|t:|1784224837
|move|p1b: Venusaur|Sludge Bomb|p2a: Hatterene
|-supereffective|p2a: Hatterene|1
|-enditem|p2a: Hatterene|Focus Sash
|-damage|p2a: Hatterene|1/100
|-damage|p1b: Venusaur|71/100|[from] item: Life Orb
|move|p2a: Hatterene|Psychic|p1b: Venusaur
|-supereffective|p1b: Venusaur|1
|-damage|p1b: Venusaur|0 fnt
|faint|p1b: Venusaur
|
|win|Odaatgamblingaware
|raw|pawmifleet's rating: 1169 → 1153(-16 for losing)
|raw|Odaatgamblingaware's rating: 1306 → 1318(+12 for winning)
