|j|☆Secureabag
|j|☆Soraxjm
|html|SecureabagSoraxjm    
|uhtml|bestof|Game 2 of a best-of-3
|t:|1757015309
|gametype|doubles
|player|p1|Secureabag|101|
|player|p2|Soraxjm|steven|
|gen|9
|tier|[Gen 9] VGC 2025 Reg H (Bo3)
|rule|Species Clause: Limit one of each Pokémon
|rule|Item Clause: Limit 1 of each item
|clearpoke
|poke|p1|Ursaluna, L50, F|
|poke|p1|Grimmsnarl, L50, M|
|poke|p1|Incineroar, L50, M|
|poke|p1|Gholdengo, L50|
|poke|p1|Rillaboom, L50, M|
|poke|p1|Gallade, L50, M|
|poke|p2|Gholdengo, L50|
|poke|p2|Ursaluna-Bloodmoon, L50, M|
|poke|p2|Maushold-Four, L50|
|poke|p2|Annihilape, L50, F|
|poke|p2|Dragonite, L50, F|
|poke|p2|Rillaboom, L50, F|
|teampreview|4
|showteam|p1|Ursaluna||FlameOrb|Guts|HeadlongRush,Facade,Earthquake,Protect|||F|||50|,,,,,Ghost]Grimmsnarl||LightClay|Prankster|Reflect,SpiritBreak,LightScreen,ThunderWave|||M|||50|,,,,,Ghost]Incineroar||RockyHelmet|Intimidate|FakeOut,PartingShot,WillOWisp,KnockOff|||M|||50|,,,,,Bug]Gholdengo||LifeOrb|GoodasGold|Protect,MakeItRain,ShadowBall,NastyPlot||||||50|,,,,,Water]Rillaboom||AssaultVest|GrassySurge|FakeOut,WoodHammer,GrassyGlide,HighHorsepower|||M|||50|,,,,,Fire]Gallade||ClearAmulet|Sharpness|PsychoCut,SacredSword,WideGuard,TrickRoom|||M|||50|,,,,,Grass
|showteam|p2|Gholdengo||LifeOrb|GoodasGold|MakeItRain,NastyPlot,ShadowBall,Protect||||||50|,,,,,Water]Ursaluna-Bloodmoon||AssaultVest|MindsEye|BloodMoon,EarthPower,HyperVoice,VacuumWave|||M|||50|,,,,,Water]Maushold-Four||FocusSash|FriendGuard|SuperFang,FollowMe,BeatUp,Protect||||||50|,,,,,Grass]Annihilape||SitrusBerry|Defiant|DrainPunch,BulkUp,RageFist,Protect|||F|||50|,,,,,Fire]Dragonite||LoadedDice|Multiscale|ScaleShot,ExtremeSpeed,Protect,Tailwind|||F|||50|,,,,,Fairy]Rillaboom||MiracleSeed|GrassySurge|WoodHammer,GrassyGlide,HighHorsepower,FakeOut|||F|||50|,,,,,Fire
|inactive|Battle timer is ON: inactive players will automatically lose when time's up. (requested by Secureabag)
|inactive|Secureabag has 60 seconds left.
|
|t:|1757015346
|teamsize|p1|4
|teamsize|p2|4
|start
|switch|p1a: Grimmsnarl|Grimmsnarl, L50, M|100/100
|switch|p1b: Gholdengo|Gholdengo, L50|100/100
|switch|p2a: Clockwork|Gholdengo, L50, shiny|100/100
|switch|p2b: Tough Luck|Rillaboom, L50, F, shiny|100/100
|-fieldstart|move: Grassy Terrain|[from] ability: Grassy Surge|[of] p2b: Tough Luck
|turn|1
|
|t:|1757015363
|-terastallize|p2a: Clockwork|Water
|move|p1a: Grimmsnarl|Light Screen|p1a: Grimmsnarl
|-sidestart|p1: Secureabag|move: Light Screen
|move|p2a: Clockwork|Nasty Plot|p2a: Clockwork
|-boost|p2a: Clockwork|spa|2
|move|p1b: Gholdengo|Shadow Ball|p2a: Clockwork
|-damage|p2a: Clockwork|39/100
|-damage|p1b: Gholdengo|91/100|[from] item: Life Orb
|move|p2b: Tough Luck|Wood Hammer|p1a: Grimmsnarl
|-damage|p1a: Grimmsnarl|0 fnt
|faint|p1a: Grimmsnarl
|-damage|p2b: Tough Luck|67/100|[from] Recoil
|
|-heal|p1b: Gholdengo|97/100|[from] Grassy Terrain
|-heal|p2a: Clockwork|46/100|[from] Grassy Terrain
|-heal|p2b: Tough Luck|73/100|[from] Grassy Terrain
|upkeep
|
|t:|1757015377
|switch|p1a: Rillaboom|Rillaboom, L50, M|100/100
|turn|2
|
|t:|1757015399
|move|p2a: Clockwork|Protect|p2a: Clockwork
|-singleturn|p2a: Clockwork|Protect
|move|p1a: Rillaboom|Grassy Glide|p2a: Clockwork
|-activate|p2a: Clockwork|move: Protect
|move|p1b: Gholdengo|Nasty Plot|p1b: Gholdengo
|-boost|p1b: Gholdengo|spa|2
|move|p2b: Tough Luck|High Horsepower|p1b: Gholdengo
|-supereffective|p1b: Gholdengo
|-damage|p1b: Gholdengo|32/100
|
|-heal|p2a: Clockwork|52/100|[from] Grassy Terrain
|-heal|p1b: Gholdengo|38/100|[from] Grassy Terrain
|-heal|p2b: Tough Luck|79/100|[from] Grassy Terrain
|upkeep
|turn|3
|
|t:|1757015422
|move|p1a: Rillaboom|Grassy Glide|p2a: Clockwork
|-supereffective|p2a: Clockwork
|-damage|p2a: Clockwork|0 fnt
|faint|p2a: Clockwork
|move|p2b: Tough Luck|Grassy Glide|p1b: Gholdengo
|-resisted|p1b: Gholdengo
|-damage|p1b: Gholdengo|12/100
|move|p1b: Gholdengo|Make It Rain|p2b: Tough Luck
|-damage|p2b: Tough Luck|0 fnt
|-unboost|p1b: Gholdengo|spa|1
|faint|p2b: Tough Luck
|-damage|p1b: Gholdengo|3/100|[from] item: Life Orb
|
|-heal|p1b: Gholdengo|9/100|[from] Grassy Terrain
|upkeep
|
|t:|1757015430
|switch|p2a: Mr.Eclectic|Ursaluna-Bloodmoon, L50, M|100/100
|switch|p2b: Sabotage|Annihilape, L50, F, shiny|100/100
|turn|4
|
|t:|1757015455
|move|p1b: Gholdengo|Protect|p1b: Gholdengo
|-singleturn|p1b: Gholdengo|Protect
|move|p1a: Rillaboom|Grassy Glide|p2a: Mr.Eclectic
|-supereffective|p2a: Mr.Eclectic
|-damage|p2a: Mr.Eclectic|42/100
|move|p2a: Mr.Eclectic|Vacuum Wave|p1b: Gholdengo
|-activate|p1b: Gholdengo|move: Protect
|move|p2b: Sabotage|Bulk Up|p2b: Sabotage
|-boost|p2b: Sabotage|atk|1
|-boost|p2b: Sabotage|def|1
|
|-heal|p1b: Gholdengo|15/100|[from] Grassy Terrain
|-heal|p2a: Mr.Eclectic|48/100|[from] Grassy Terrain
|upkeep
|turn|5
|
|t:|1757015473
|move|p1a: Rillaboom|Grassy Glide|p2a: Mr.Eclectic
|-supereffective|p2a: Mr.Eclectic
|-damage|p2a: Mr.Eclectic|0 fnt
|faint|p2a: Mr.Eclectic
|move|p2b: Sabotage|Rage Fist|p1b: Gholdengo
|-supereffective|p1b: Gholdengo
|-damage|p1b: Gholdengo|0 fnt
|faint|p1b: Gholdengo
|
|-fieldend|move: Grassy Terrain
|upkeep
|
|t:|1757015479
|switch|p1b: Ursaluna|Ursaluna, L50, F|100/100
|turn|6
|
|t:|1757015499
|move|p1b: Ursaluna|Protect|p1b: Ursaluna
|-singleturn|p1b: Ursaluna|Protect
|move|p2b: Sabotage|Bulk Up|p2b: Sabotage
|-boost|p2b: Sabotage|atk|1
|-boost|p2b: Sabotage|def|1
|move|p1a: Rillaboom|Wood Hammer|p2b: Sabotage
|-damage|p2b: Sabotage|69/100
|-damage|p1a: Rillaboom|90/100|[from] Recoil
|
|-status|p1b: Ursaluna|brn|[from] item: Flame Orb
|upkeep
|turn|7
|
|t:|1757015516
|-terastallize|p1b: Ursaluna|Ghost
|move|p2b: Sabotage|Protect|p2b: Sabotage
|-singleturn|p2b: Sabotage|Protect
|move|p1a: Rillaboom|Wood Hammer|p2b: Sabotage
|-activate|p2b: Sabotage|move: Protect
|move|p1b: Ursaluna|Headlong Rush|p2b: Sabotage
|-activate|p2b: Sabotage|move: Protect
|
|-damage|p1b: Ursaluna|95/100 brn|[from] brn
|upkeep
|turn|8
|
|t:|1757015522
|move|p1b: Ursaluna|Protect|p1b: Ursaluna
|-singleturn|p1b: Ursaluna|Protect
|move|p2b: Sabotage|Rage Fist|p1b: Ursaluna
|-activate|p1b: Ursaluna|move: Protect
|move|p1a: Rillaboom|Wood Hammer|p2b: Sabotage
|-damage|p2b: Sabotage|42/100
|-enditem|p2b: Sabotage|Sitrus Berry|[eat]
|-heal|p2b: Sabotage|67/100|[from] item: Sitrus Berry
|-damage|p1a: Rillaboom|81/100|[from] Recoil
|
|-damage|p1b: Ursaluna|89/100 brn|[from] brn
|-sideend|p1: Secureabag|move: Light Screen
|upkeep
|turn|9
|
|t:|1757015533
|move|p1b: Ursaluna|Protect|p1b: Ursaluna
|-singleturn|p1b: Ursaluna|Protect
|move|p2b: Sabotage|Rage Fist|p1b: Ursaluna
|-activate|p1b: Ursaluna|move: Protect
|move|p1a: Rillaboom|Wood Hammer|p2b: Sabotage
|-damage|p2b: Sabotage|40/100
|-damage|p1a: Rillaboom|71/100|[from] Recoil
|
|-damage|p1b: Ursaluna|83/100 brn|[from] brn
|upkeep
|turn|10
|
|t:|1757015548
|move|p2b: Sabotage|Rage Fist|p1b: Ursaluna
|-supereffective|p1b: Ursaluna
|-damage|p1b: Ursaluna|0 fnt
|faint|p1b: Ursaluna
|move|p1a: Rillaboom|Wood Hammer|p2b: Sabotage
|-damage|p2b: Sabotage|9/100
|-damage|p1a: Rillaboom|61/100|[from] Recoil
|
|upkeep
|turn|11
|
|t:|1757015556
|move|p2b: Sabotage|Rage Fist|p1a: Rillaboom
|-damage|p1a: Rillaboom|0 fnt
|faint|p1a: Rillaboom
|
|win|Soraxjm
|c|☆Secureabag|Gg
|c|☆Soraxjm|gg
|c|☆Secureabag|we can run it again if u wan
|c|☆Secureabag|Idk what I should do as my TR setter
|c|☆Secureabag|is my only issue
|c|☆Secureabag|rn
|c|☆Soraxjm|sure i be down lemme send the replays to my team
|l|☆Soraxjm
|player|p2|
|l|☆Secureabag
|player|p1|
|j|☆Secureabag
|player|p1|Secureabag|101|
|l|☆Secureabag
|player|p1|
|j|☆Soraxjm
|player|p2|Soraxjm|steven|
