|j|☆muy tonto
|j|☆Preciosa Papaya
|html|muy tontoPreciosa Papaya    
|uhtml|bestof|Game 3 of a best-of-3
|t:|1755476069
|gametype|doubles
|player|p1|muy tonto|265|1120
|player|p2|Preciosa Papaya|iono|1244
|gen|9
|tier|[Gen 9] VGC 2025 Reg H (Bo3)
|rated|
|rule|Species Clause: Limit one of each Pokémon
|rule|Item Clause: Limit 1 of each item
|clearpoke
|poke|p1|Incineroar, L50, M|
|poke|p1|Jumpluff, L50, F|
|poke|p1|Ursaluna, L50, F|
|poke|p1|Typhlosion-Hisui, L50, F|
|poke|p1|Torkoal, L50, M|
|poke|p1|Porygon2, L50|
|poke|p2|Kommo-o, L50, M|
|poke|p2|Electabuzz, L50, F|
|poke|p2|Rillaboom, L50, F|
|poke|p2|Talonflame, L50, M|
|poke|p2|Kingambit, L50, F|
|poke|p2|Ursaluna-Bloodmoon, L50, M|
|teampreview|4
|showteam|p1|Incineroar||SafetyGoggles|Intimidate|FlareBlitz,KnockOff,FakeOut,PartingShot|||M|||50|,,,,,Flying]Jumpluff||CovertCloak|Chlorophyll|SleepPowder,Tailwind,RagePowder,SunnyDay|||F|||50|,,,,,Water]Ursaluna||FlameOrb|Guts|Earthquake,Facade,HeadlongRush,Protect|||F|||50|,,,,,Ghost]Typhlosion-Hisui||ChoiceSpecs|Blaze|Eruption,ShadowBall,HeatWave,TeraBlast|||F|||50|,,,,,Ground]Torkoal||EjectPack|Drought|Eruption,HelpingHand,Overheat,Protect|||M|||50|,,,,,Fire]Porygon2||Eviolite|Download|TeraBlast,Recover,IceBeam,TrickRoom||||||50|,,,,,Fighting
|showteam|p2|Kommo-o||ThroatSpray|Soundproof|ClangingScales,AuraSphere,ClangorousSoul,Protect|||M|||50|,,,,,Steel]Electabuzz||Eviolite|VitalSpirit|Electroweb,Taunt,FollowMe,Protect|||F|||50|,,,,,Ghost]Rillaboom||AssaultVest|GrassySurge|GrassyGlide,WoodHammer,FakeOut,Uturn|||F|||50|,,,,,Fire]Talonflame||CovertCloak|GaleWings|Tailwind,DualWingbeat,WillOWisp,FlareBlitz|||M|||50|,,,,,Grass]Kingambit||BlackGlasses|Defiant|IronHead,SuckerPunch,SwordsDance,Protect|||F|||50|,,,,,Dark]Ursaluna-Bloodmoon||LifeOrb|MindsEye|BloodMoon,HyperVoice,EarthPower,Protect|||M|||50|,,,,,Normal
|inactive|Battle timer is ON: inactive players will automatically lose when time's up. (requested by muy tonto)
|inactive|muy tonto has 60 seconds left.
|
|t:|1755476103
|teamsize|p1|4
|teamsize|p2|4
|start
|switch|p1a: Jumpluff|Jumpluff, L50, F, shiny|100/100
|switch|p1b: Ursaluna|Ursaluna, L50, F|100/100
|switch|p2a: Electabuzz|Electabuzz, L50, F|100/100
|switch|p2b: Kommo-o|Kommo-o, L50, M, shiny|100/100
|turn|1
|
|t:|1755476123
|-terastallize|p1b: Ursaluna|Ghost
|move|p2a: Electabuzz|Follow Me|p2a: Electabuzz
|-singleturn|p2a: Electabuzz|move: Follow Me
|move|p1a: Jumpluff|Tailwind|p1a: Jumpluff
|-sidestart|p1: muy tonto|move: Tailwind
|move|p1b: Ursaluna|Earthquake|p2b: Kommo-o|[spread] p2a,p2b
|-immune|p1a: Jumpluff
|-supereffective|p2a: Electabuzz
|-damage|p2a: Electabuzz|33/100
|-damage|p2b: Kommo-o|56/100
|move|p2b: Kommo-o|Aura Sphere|p1b: Ursaluna
|-immune|p1b: Ursaluna
|
|-status|p1b: Ursaluna|brn|[from] item: Flame Orb
|upkeep
|turn|2
|
|t:|1755476146
|move|p1a: Jumpluff|Sleep Powder|p2b: Kommo-o
|-status|p2b: Kommo-o|slp|[from] move: Sleep Powder
|move|p1b: Ursaluna|Earthquake|p2b: Kommo-o|[spread] p2a,p2b
|-immune|p1a: Jumpluff
|-supereffective|p2a: Electabuzz
|-damage|p2a: Electabuzz|0 fnt
|-damage|p2b: Kommo-o|0 fnt
|faint|p2a: Electabuzz
|faint|p2b: Kommo-o
|
|-damage|p1b: Ursaluna|95/100 brn|[from] brn
|upkeep
|
|t:|1755476150
|switch|p2b: Ursaluna|Ursaluna-Bloodmoon, L50, M|100/100
|switch|p2a: Kingambit|Kingambit, L50, F|100/100
|turn|3
|
|t:|1755476160
|-terastallize|p2a: Kingambit|Dark
|move|p1b: Ursaluna|Protect|p1b: Ursaluna
|-singleturn|p1b: Ursaluna|Protect
|move|p2a: Kingambit|Sucker Punch||[still]
|-fail|p2a: Kingambit
|move|p1a: Jumpluff|Sleep Powder|p2a: Kingambit|[miss]
|-miss|p1a: Jumpluff|p2a: Kingambit
|move|p2b: Ursaluna|Blood Moon|p1a: Jumpluff
|-damage|p1a: Jumpluff|0 fnt
|faint|p1a: Jumpluff
|-damage|p2b: Ursaluna|91/100|[from] item: Life Orb
|
|-damage|p1b: Ursaluna|89/100 brn|[from] brn
|upkeep
|
|t:|1755476174
|switch|p1a: Torkoal|Torkoal, L50, M|100/100
|-weather|SunnyDay|[from] ability: Drought|[of] p1a: Torkoal
|turn|4
|
|t:|1755476196
|switch|p1b: Porygon2|Porygon2, L50|100/100
|-ability|p1b: Porygon2|Download|boost
|-boost|p1b: Porygon2|spa|1
|move|p2b: Ursaluna|Protect|p2b: Ursaluna
|-singleturn|p2b: Ursaluna|Protect
|move|p2a: Kingambit|Protect|p2a: Kingambit
|-singleturn|p2a: Kingambit|Protect
|move|p1a: Torkoal|Protect||[still]
|-fail|p1a: Torkoal
|
|-weather|SunnyDay|[upkeep]
|-sideend|p1: muy tonto|move: Tailwind
|upkeep
|turn|5
|
|t:|1755476217
|move|p1a: Torkoal|Protect|p1a: Torkoal
|-singleturn|p1a: Torkoal|Protect
|move|p2b: Ursaluna|Blood Moon|p1b: Porygon2
|-damage|p1b: Porygon2|33/100
|-damage|p2b: Ursaluna|81/100|[from] item: Life Orb
|move|p2a: Kingambit|Iron Head|p1b: Porygon2
|-damage|p1b: Porygon2|5/100
|move|p1b: Porygon2|Trick Room|p1b: Porygon2
|-fieldstart|move: Trick Room|[of] p1b: Porygon2
|
|-weather|SunnyDay|[upkeep]
|upkeep
|turn|6
|inactive|muy tonto has 30 seconds left.
|
|t:|1755476245
|move|p2a: Kingambit|Sucker Punch|p1a: Torkoal
|-damage|p1a: Torkoal|52/100
|move|p1a: Torkoal|Eruption|p2b: Ursaluna|[spread] p2a,p2b
|-damage|p2a: Kingambit|61/100
|-damage|p2b: Ursaluna|33/100
|move|p1b: Porygon2|Tera Blast|p2a: Kingambit
|-damage|p2a: Kingambit|0 fnt
|faint|p2a: Kingambit
|move|p2b: Ursaluna|Hyper Voice|p1a: Torkoal|[spread] p1a,p1b
|-damage|p1a: Torkoal|0 fnt
|-damage|p1b: Porygon2|0 fnt
|faint|p1a: Torkoal
|faint|p1b: Porygon2
|-damage|p2b: Ursaluna|24/100|[from] item: Life Orb
|
|-weather|SunnyDay|[upkeep]
|upkeep
|
|t:|1755476250
|switch|p1a: Ursaluna|Ursaluna, L50, F, tera:Ghost|89/100 brn
|turn|7
|
|t:|1755476259
|move|p2b: Ursaluna|Protect|p2b: Ursaluna
|-singleturn|p2b: Ursaluna|Protect
|move|p1a: Ursaluna|Facade|p2b: Ursaluna
|-activate|p2b: Ursaluna|move: Protect
|
|-weather|SunnyDay|[upkeep]
|-damage|p1a: Ursaluna|83/100 brn|[from] brn
|upkeep
|turn|8
|
|t:|1755476263
|move|p2b: Ursaluna|Protect||[still]
|-fail|p2b: Ursaluna
|move|p1a: Ursaluna|Facade|p2b: Ursaluna
|-damage|p2b: Ursaluna|0 fnt
|faint|p2b: Ursaluna
|
|win|muy tonto
|raw|muy tonto's rating: 1120 → 1154(+34 for winning)
|raw|Preciosa Papaya's rating: 1244 → 1210(-34 for losing)
|c|☆Preciosa Papaya|Gg
|c|☆muy tonto|gg bro
|c|☆muy tonto|papayita
|c|☆muy tonto|nice name
|l|☆Preciosa Papaya
|player|p2|
