|j|☆indigo dye
|j|☆SurfinSamurott
|html|indigo dyeSurfinSamurott    
|uhtml|bestof|Game 2 of a best-of-3
|t:|1755559787
|gametype|doubles
|player|p1|indigo dye|lady|1260
|player|p2|SurfinSamurott|hassel|1228
|gen|9
|tier|[Gen 9] VGC 2025 Reg H (Bo3)
|rated|
|rule|Species Clause: Limit one of each Pokémon
|rule|Item Clause: Limit 1 of each item
|clearpoke
|poke|p1|Gholdengo, L50|
|poke|p1|Sneasler, L50, M|
|poke|p1|Rillaboom, L50, M|
|poke|p1|Dragonite, L50, F|
|poke|p1|Ninetales-Alola, L50, F|
|poke|p1|Arcanine-Hisui, L50, M|
|poke|p2|Whimsicott, L50, F|
|poke|p2|Typhlosion-Hisui, L50, F|
|poke|p2|Ursaluna-Bloodmoon, L50, M|
|poke|p2|Electabuzz, L50, M|
|poke|p2|Rillaboom, L50, M|
|poke|p2|Sneasler, L50, F|
|teampreview|4
|showteam|p1|Gholdengo||GrassySeed|GoodasGold|NastyPlot,MakeItRain,ShadowBall,Protect||||||50|,,,,,Water]Sneasler||WhiteHerb|Unburden|CloseCombat,DireClaw,Coaching,Protect|||M|||50|,,,,,Ghost]Rillaboom||AssaultVest|GrassySurge|FakeOut,GrassyGlide,DrumBeating,HighHorsepower|||M|||50|,,,,,Fire]Dragonite||LoadedDice|Multiscale|ScaleShot,StompingTantrum,Tailwind,Protect|||F|||50|,,,,,Ground]Ninetales-Alola||FocusSash|SnowWarning|Blizzard,IcyWind,Encore,AuroraVeil|||F|||50|,,,,,Ghost]Arcanine-Hisui||ClearAmulet|Intimidate|RockSlide,FlareBlitz,ExtremeSpeed,Protect|||M|||50|,,,,,Water
|showteam|p2|Whimsicott||FocusSash|Prankster|Moonblast,Tailwind,SunnyDay,Protect|||F|||50|,,,,,Ghost]Typhlosion-Hisui||ChoiceSpecs|Blaze|Eruption,HeatWave,ShadowBall,Overheat|||F|||50|,,,,,Fire]Ursaluna-Bloodmoon||AssaultVest|MindsEye|BloodMoon,EarthPower,HyperVoice,VacuumWave|||M|||50|,,,,,Water]Electabuzz||Eviolite|VitalSpirit|Electroweb,Taunt,FollowMe,Protect|||M|||50|,,,,,Dragon]Rillaboom||MeadowPlate|GrassySurge|WoodHammer,GrassyGlide,HighHorsepower,Protect|||M|||50|,,,,,Grass]Sneasler||GrassySeed|Unburden|CloseCombat,DireClaw,RockSlide,Protect|||F|||50|,,,,,Stellar
|
|t:|1755559802
|teamsize|p1|4
|teamsize|p2|4
|start
|switch|p1a: Dragonite|Dragonite, L50, F|100/100
|switch|p1b: Ninetales|Ninetales-Alola, L50, F|100/100
|switch|p2a: Electabuzz|Electabuzz, L50, M|100/100
|switch|p2b: Typhlosion|Typhlosion-Hisui, L50, F|100/100
|-weather|Snowscape|[from] ability: Snow Warning|[of] p1b: Ninetales
|turn|1
|l|☆indigo dye
|player|p1|
|inactive|Battle timer is ON: inactive players will automatically lose when time's up. (requested by SurfinSamurott)
|j|☆indigo dye
|inactive|indigo dye reconnected and has 80 seconds left.
|player|p1|indigo dye|lady|
|
|t:|1755559856
|switch|p2b: Sneasler|Sneasler, L50, F|100/100
|switch|p1a: Arcanine|Arcanine-Hisui, L50, M|100/100
|-ability|p1a: Arcanine|Intimidate|boost
|-unboost|p2a: Electabuzz|atk|1
|-unboost|p2b: Sneasler|atk|1
|move|p1b: Ninetales|Aurora Veil|p1b: Ninetales
|-sidestart|p1: indigo dye|move: Aurora Veil
|move|p2a: Electabuzz|Electroweb|p1a: Arcanine|[spread] p1a,p1b
|-damage|p1a: Arcanine|88/100
|-damage|p1b: Ninetales|89/100
|-unboost|p1b: Ninetales|spe|1
|
|-weather|Snowscape|[upkeep]
|upkeep
|turn|2
|
|t:|1755559878
|switch|p1b: Dragonite|Dragonite, L50, F|100/100
|-terastallize|p1a: Arcanine|Water
|move|p2b: Sneasler|Protect|p2b: Sneasler
|-singleturn|p2b: Sneasler|Protect
|move|p2a: Electabuzz|Electroweb|p1b: Dragonite|[spread] p1a,p1b
|-supereffective|p1a: Arcanine
|-damage|p1a: Arcanine|65/100
|-damage|p1b: Dragonite|96/100
|-unboost|p1b: Dragonite|spe|1
|move|p1a: Arcanine|Rock Slide|p2b: Sneasler|[spread] p2a
|-activate|p2b: Sneasler|move: Protect
|-damage|p2a: Electabuzz|75/100
|
|-weather|Snowscape|[upkeep]
|upkeep
|turn|3
|inactive|indigo dye has 30 seconds left.
|
|t:|1755559905
|switch|p2b: Rillaboom|Rillaboom, L50, M|100/100
|-fieldstart|move: Grassy Terrain|[from] ability: Grassy Surge|[of] p2b: Rillaboom
|move|p2a: Electabuzz|Protect|p2a: Electabuzz
|-singleturn|p2a: Electabuzz|Protect
|move|p1a: Arcanine|Rock Slide|p2b: Rillaboom|[spread] 
|-activate|p2a: Electabuzz|move: Protect
|-miss|p1a: Arcanine|p2b: Rillaboom
|move|p1b: Dragonite|Scale Shot|p2b: Rillaboom
|-damage|p2b: Rillaboom|85/100
|-damage|p2b: Rillaboom|69/100
|-crit|p2b: Rillaboom
|-damage|p2b: Rillaboom|44/100
|-damage|p2b: Rillaboom|28/100
|-damage|p2b: Rillaboom|12/100
|-hitcount|p2b: Rillaboom|5
|-unboost|p1b: Dragonite|def|1
|-boost|p1b: Dragonite|spe|1
|
|-weather|Snowscape|[upkeep]
|-heal|p2a: Electabuzz|81/100|[from] Grassy Terrain
|-heal|p1a: Arcanine|71/100|[from] Grassy Terrain
|-heal|p2b: Rillaboom|18/100|[from] Grassy Terrain
|upkeep
|turn|4
|
|t:|1755559924
|move|p2a: Electabuzz|Follow Me|p2a: Electabuzz
|-singleturn|p2a: Electabuzz|move: Follow Me
|move|p1a: Arcanine|Extreme Speed|p2a: Electabuzz
|-damage|p2a: Electabuzz|57/100
|move|p1b: Dragonite|Scale Shot|p2a: Electabuzz
|-damage|p2a: Electabuzz|41/100
|-damage|p2a: Electabuzz|26/100
|-damage|p2a: Electabuzz|10/100
|-damage|p2a: Electabuzz|0 fnt
|faint|p2a: Electabuzz
|-hitcount|p2: Electabuzz|4
|-unboost|p1b: Dragonite|def|1
|-boost|p1b: Dragonite|spe|1
|move|p2b: Rillaboom|Wood Hammer|p1a: Arcanine
|-supereffective|p1a: Arcanine
|-damage|p1a: Arcanine|0 fnt
|faint|p1a: Arcanine
|-damage|p2b: Rillaboom|0 fnt|[from] Recoil
|faint|p2b: Rillaboom
|
|-weather|Snowscape|[upkeep]
|upkeep
|
|t:|1755559939
|switch|p2a: Sneasler|Sneasler, L50, F|100/100
|switch|p1a: Ninetales|Ninetales-Alola, L50, F|89/100
|switch|p2b: Typhlosion|Typhlosion-Hisui, L50, F|100/100
|-enditem|p2a: Sneasler|Grassy Seed
|-boost|p2a: Sneasler|def|1|[from] item: Grassy Seed
|turn|5
|
|t:|1755559949
|-terastallize|p2a: Sneasler|Stellar
|move|p2a: Sneasler|Dire Claw|p1b: Dragonite
|-damage|p1b: Dragonite|10/100
|move|p1b: Dragonite|Scale Shot|p2b: Typhlosion
|-damage|p2b: Typhlosion|80/100
|-damage|p2b: Typhlosion|61/100
|-damage|p2b: Typhlosion|42/100
|-damage|p2b: Typhlosion|22/100
|-hitcount|p2b: Typhlosion|4
|-unboost|p1b: Dragonite|def|1
|-boost|p1b: Dragonite|spe|1
|move|p1a: Ninetales|Icy Wind|p2a: Sneasler|[spread] p2a,p2b
|-resisted|p2b: Typhlosion
|-damage|p2a: Sneasler|80/100
|-damage|p2b: Typhlosion|12/100
|-unboost|p2a: Sneasler|spe|1
|-unboost|p2b: Typhlosion|spe|1
|move|p2b: Typhlosion|Eruption|p1b: Dragonite|[spread] p1a,p1b
|-supereffective|p1a: Ninetales
|-resisted|p1b: Dragonite
|-damage|p1a: Ninetales|65/100
|-damage|p1b: Dragonite|5/100
|
|-weather|none
|-heal|p2a: Sneasler|86/100|[from] Grassy Terrain
|-heal|p1a: Ninetales|71/100|[from] Grassy Terrain
|-heal|p2b: Typhlosion|18/100|[from] Grassy Terrain
|-sideend|p1: indigo dye|move: Aurora Veil
|upkeep
|turn|6
|inactive|indigo dye has 30 seconds left.
|
|t:|1755559975
|move|p1b: Dragonite|Stomping Tantrum|p2b: Typhlosion
|-supereffective|p2b: Typhlosion
|-damage|p2b: Typhlosion|0 fnt
|faint|p2b: Typhlosion
|move|p2a: Sneasler|Rock Slide|p1a: Ninetales|[spread] p1a,p1b
|-supereffective|p1a: Ninetales
|-supereffective|p1b: Dragonite
|-damage|p1a: Ninetales|0 fnt
|-damage|p1b: Dragonite|0 fnt
|faint|p1a: Ninetales
|faint|p1b: Dragonite
|
|-heal|p2a: Sneasler|92/100|[from] Grassy Terrain
|upkeep
|
|t:|1755559978
|switch|p1b: Rillaboom|Rillaboom, L50, M|100/100
|turn|7
|
|t:|1755559982
|move|p2a: Sneasler|Protect|p2a: Sneasler
|-singleturn|p2a: Sneasler|Protect
|move|p1b: Rillaboom|High Horsepower|p2a: Sneasler
|-activate|p2a: Sneasler|move: Protect
|
|-heal|p2a: Sneasler|99/100|[from] Grassy Terrain
|-fieldend|move: Grassy Terrain
|upkeep
|turn|8
|
|t:|1755559986
|move|p2a: Sneasler|Dire Claw|p1b: Rillaboom
|-supereffective|p1b: Rillaboom
|-damage|p1b: Rillaboom|4/100
|move|p1b: Rillaboom|High Horsepower|p2a: Sneasler
|-supereffective|p2a: Sneasler
|-crit|p2a: Sneasler
|-damage|p2a: Sneasler|0 fnt
|faint|p2a: Sneasler
|
|win|indigo dye
|raw|indigo dye's rating: 1260 → 1283(+23 for winning)
|raw|SurfinSamurott's rating: 1228 → 1205(-23 for losing)
|l|☆indigo dye
|player|p1|
