|j|☆alexander1111
|j|☆TetheredAvian74
|html|alexander1111TetheredAvian74    
|uhtml|bestof|Game 1 of a best-of-3
|t:|1783992486
|gametype|doubles
|player|p1|alexander1111|preschooler|1265
|player|p2|TetheredAvian74|170|1175
|gen|9
|tier|[Gen 9 Champions] VGC 2026 Reg M-B (Bo3)
|rated|
|rule|Species Clause: Limit one of each Pokémon
|rule|Item Clause: Limit 1 of each item
|clearpoke
|poke|p1|Milotic, L50, F|
|poke|p1|Maushold-Four, L50|
|poke|p1|Charizard, L50, F, shiny|
|poke|p1|Whimsicott, L50, F, shiny|
|poke|p1|Kingambit, L50, M|
|poke|p1|Garchomp, L50, M|
|poke|p2|Tyranitar, L50, F|
|poke|p2|Excadrill, L50, F|
|poke|p2|Glimmora, L50, F|
|poke|p2|Alakazam, L50, F|
|poke|p2|Corviknight, L50, M|
|poke|p2|Steelix, L50, F|
|teampreview|4
|showteam|p1|Milotic||SitrusBerry|Competitive|Scald,IceBeam,HelpingHand,Protect|Modest||F|||50|]Maushold-Four||WideLens|Technician|PopulationBomb,FollowMe,Protect,SunnyDay|Jolly|||||50|]Charizard||CharizarditeY|Blaze|SolarBeam,HeatWave,WeatherBall,Protect|Timid||F|||50|]Whimsicott||FocusSash|Prankster|Tailwind,Moonblast,Protect,Encore|Timid||F|||50|]Kingambit||ChopleBerry|Defiant|KowtowCleave,SuckerPunch,IronHead,LowKick|Adamant||M|||50|]Garchomp||LifeOrb|RoughSkin|RockSlide,Earthquake,DragonClaw,Protect|Jolly||M|||50|
|showteam|p2|Tyranitar||SmoothRock|SandStream|Protect,BodyPress,RockSlide,KnockOff|Impish||F|||50|]Excadrill||KingsRock|SandRush|Earthquake,RapidSpin,RockSlide,Protect|Adamant||F|||50|]Glimmora||ShucaBerry|ToxicDebris|SpikyShield,MortalSpin,StealthRock,SludgeWave|Naive||F|||50|]Alakazam||FocusSash|MagicGuard|NastyPlot,Psychic,EnergyBall,DazzlingGleam|Timid||F|||50|]Corviknight||SitrusBerry|MirrorArmor|BodyPress,IronDefense,Roost,Tailwind|Careful||M|||50|]Steelix||Steelixite|Sturdy|HeavySlam,Earthquake,BodyPress,RockSlide|Brave||F|||50|
|inactive|Battle timer is ON: inactive players will automatically lose when time's up. (requested by TetheredAvian74)
|inactive|alexander1111 has 60 seconds left.
|inactive|alexander1111 has 30 seconds left.
|
|t:|1783992549
|teamsize|p1|4
|teamsize|p2|4
|start
|switch|p1a: Garchomp|Garchomp, L50, M|100/100
|switch|p1b: Charizard|Charizard, L50, F, shiny|100/100
|switch|p2a: Tyranitar|Tyranitar, L50, F|100/100
|switch|p2b: Glimmora|Glimmora, L50, F|100/100
|-weather|Sandstorm|[from] ability: Sand Stream|[of] p2a: Tyranitar
|turn|1
|inactive|alexander1111 has 30 seconds left.
|inactive|alexander1111 has 20 seconds left.
|
|t:|1783992584
|switch|p2a: Alakazam|Alakazam, L50, F|100/100
|move|p1b: Charizard|Protect|p1b: Charizard
|-singleturn|p1b: Charizard|Protect
|move|p1a: Garchomp|Earthquake|p2a: Alakazam|[spread] p2a,p2b
|-activate|p1b: Charizard|move: Protect
|-supereffective|p2b: Glimmora|2
|-enditem|p2b: Glimmora|Shuca Berry|[eat]
|-enditem|p2b: Glimmora|Shuca Berry|[weaken]
|-enditem|p2a: Alakazam|Focus Sash
|-damage|p2a: Alakazam|1/100
|-damage|p2b: Glimmora|0 fnt
|-activate|p2b: Glimmora|ability: Toxic Debris
|-sidestart|p1: alexander1111|move: Toxic Spikes
|faint|p2b: Glimmora
|-damage|p1a: Garchomp|90/100|[from] item: Life Orb
|
|-weather|Sandstorm|[upkeep]
|-damage|p1b: Charizard|93/100|[from] Sandstorm
|upkeep
|
|t:|1783992602
|switch|p2b: Steelix|Steelix, L50, F|100/100
|turn|2
|
|t:|1783992613
|detailschange|p1b: Charizard|Charizard-Mega-Y, L50, F, shiny
|-mega|p1b: Charizard|Charizard|Charizardite Y
|-weather|SunnyDay|[from] ability: Drought|[of] p1b: Charizard
|detailschange|p2b: Steelix|Steelix-Mega, L50, F
|-mega|p2b: Steelix|Steelix|Steelixite
|move|p2a: Alakazam|Dazzling Gleam|p1a: Garchomp|[spread] p1a,p1b
|-supereffective|p1a: Garchomp|1
|-resisted|p1b: Charizard|1
|-damage|p1a: Garchomp|48/100
|-damage|p1b: Charizard|84/100
|move|p1a: Garchomp|Earthquake|p2a: Alakazam|[spread] p2a,p2b
|-immune|p1b: Charizard
|-supereffective|p2b: Steelix|1
|-crit|p2b: Steelix
|-damage|p2a: Alakazam|0 fnt
|-damage|p2b: Steelix|34/100
|faint|p2a: Alakazam
|-damage|p1a: Garchomp|38/100|[from] item: Life Orb
|move|p1b: Charizard|Weather Ball|p2b: Steelix
|-supereffective|p2b: Steelix|1
|-damage|p2b: Steelix|0 fnt
|faint|p2b: Steelix
|
|-weather|SunnyDay|[upkeep]
|upkeep
|
|t:|1783992622
|switch|p2b: Tyranitar|Tyranitar, L50, F|100/100
|-weather|Sandstorm|[from] ability: Sand Stream|[of] p2b: Tyranitar
|turn|3
|
|t:|1783992633
|move|p1a: Garchomp|Earthquake|p2b: Tyranitar|[spread] p2b
|-immune|p1b: Charizard
|-supereffective|p2b: Tyranitar|1
|-damage|p2b: Tyranitar|43/100
|-damage|p1a: Garchomp|28/100|[from] item: Life Orb
|move|p1b: Charizard|Weather Ball|p2b: Tyranitar
|-damage|p2b: Tyranitar|18/100
|move|p2b: Tyranitar|Rock Slide|p1b: Charizard|[spread] p1a,p1b
|-resisted|p1a: Garchomp|1
|-supereffective|p1b: Charizard|2
|-damage|p1a: Garchomp|16/100
|-damage|p1b: Charizard|0 fnt
|faint|p1b: Charizard
|
|-weather|Sandstorm|[upkeep]
|upkeep
|
|t:|1783992639
|switch|p1b: Milotic|Milotic, L50, F|100/100
|-status|p1b: Milotic|psn
|turn|4
|
|t:|1783992650
|move|p2b: Tyranitar|Protect|p2b: Tyranitar
|-singleturn|p2b: Tyranitar|Protect
|move|p1a: Garchomp|Dragon Claw|p2b: Tyranitar
|-activate|p2b: Tyranitar|move: Protect
|move|p1b: Milotic|Scald|p2b: Tyranitar
|-activate|p2b: Tyranitar|move: Protect
|
|-weather|Sandstorm|[upkeep]
|-damage|p1b: Milotic|94/100 psn|[from] Sandstorm
|-damage|p1b: Milotic|81/100 psn|[from] psn
|upkeep
|turn|5
|
|t:|1783992659
|move|p1a: Garchomp|Dragon Claw|p2b: Tyranitar
|-damage|p2b: Tyranitar|0 fnt
|faint|p2b: Tyranitar
|-damage|p1a: Garchomp|6/100|[from] item: Life Orb
|
|win|alexander1111
||alexander1111 is ready for game 2.
||TetheredAvian74 is ready for game 2.
|uhtml|next|Next: Game 2 of 3
