|j|☆Br1_lore
|j|☆juanpapimon
|html|Br1_lorejuanpapimon    
|uhtml|bestof|Game 2 of a best-of-3
|t:|1783614378
|gametype|doubles
|player|p1|Br1_lore|1|1161
|player|p2|juanpapimon|266|1045
|gen|9
|tier|[Gen 9 Champions] VGC 2026 Reg M-B (Bo3)
|rated|
|rule|Species Clause: Limit one of each Pokémon
|rule|Item Clause: Limit 1 of each item
|clearpoke
|poke|p1|Metagross, L50|
|poke|p1|Hydreigon, L50, M|
|poke|p1|Sneasler, L50, F|
|poke|p1|Aerodactyl, L50, F|
|poke|p1|Sylveon, L50, F|
|poke|p1|Maushold-Four, L50|
|poke|p2|Scovillain, L50, F|
|poke|p2|Whimsicott, L50, M|
|poke|p2|Swampert, L50, M|
|poke|p2|Pelipper, L50, F|
|poke|p2|Archaludon, L50, M|
|poke|p2|Farigiraf, L50, M|
|teampreview|4
|showteam|p1|Metagross||Metagrossite|ClearBody|IronHead,PsychicFangs,BodyPress,Protect|Jolly|||||50|]Hydreigon||ChoiceScarf|Levitate|DracoMeteor,EarthPower,HeatWave,DarkPulse|Timid||M|||50|]Sneasler||WhiteHerb|Unburden|CloseCombat,DireClaw,FakeOut,Protect|Adamant||F|||50|]Aerodactyl||Aerodactylite|Unnerve|RockSlide,DualWingbeat,Protect,Tailwind|Jolly||F|||50|]Sylveon||FairyFeather|Pixilate|HyperBeam,HyperVoice,QuickAttack,Detect|Modest||F|||50|]Maushold-Four||ChopleBerry|FriendGuard|SuperFang,FollowMe,Protect,Charm|Jolly|||||50|
|showteam|p2|Scovillain||Scovillainite|Moody|Protect,RagePowder,Flamethrower,GigaDrain|Quiet||F|||50|]Whimsicott||FocusSash|Prankster|Tailwind,Moonblast,LeechSeed,Encore|Calm||M|||50|]Swampert||Swampertite|Torrent|Waterfall,IcePunch,Earthquake,Protect|Adamant||M|||50|]Pelipper||DampRock|Drizzle|WideGuard,IcyWind,Hurricane,WeatherBall|Modest||F|||50|]Archaludon||Leftovers|Stamina|ElectroShot,DracoMeteor,FlashCannon,Protect|Timid||M|||50|]Farigiraf||SitrusBerry|ArmorTail|TrickRoom,HyperVoice,Thunderbolt,Roar|Sassy||M|||50|
|
|t:|1783614444
|teamsize|p1|4
|teamsize|p2|4
|start
|switch|p1a: Maushold|Maushold-Four, L50|100/100
|switch|p1b: Sylveon|Sylveon, L50, F|100/100
|switch|p2a: Pelipper|Pelipper, L50, F|100/100
|switch|p2b: Swampert|Swampert, L50, M|100/100
|-weather|RainDance|[from] ability: Drizzle|[of] p2a: Pelipper
|turn|1
|inactive|Battle timer is ON: inactive players will automatically lose when time's up. (requested by juanpapimon)
|
|t:|1783614473
|move|p2b: Swampert|Protect|p2b: Swampert
|-singleturn|p2b: Swampert|Protect
|move|p1a: Maushold|Super Fang|p2a: Pelipper
|-damage|p2a: Pelipper|50/100g
|move|p1b: Sylveon|Hyper Beam|p2b: Swampert
|-activate|p2b: Swampert|move: Protect
|move|p2a: Pelipper|Hurricane|p1b: Sylveon
|-damage|p1b: Sylveon|72/100
|
|-weather|RainDance|[upkeep]
|upkeep
|turn|2
|inactive|juanpapimon has 30 seconds left.
|
|t:|1783614507
|detailschange|p2b: Swampert|Swampert-Mega, L50, M
|-mega|p2b: Swampert|Swampert|Swampertite
|move|p2b: Swampert|Waterfall|p1b: Sylveon
|-damage|p1b: Sylveon|8/100
|move|p1a: Maushold|Super Fang|p2b: Swampert
|-damage|p2b: Swampert|50/100g
|move|p1b: Sylveon|Hyper Beam|p2a: Pelipper
|-damage|p2a: Pelipper|0 fnt
|-mustrecharge|p1b: Sylveon
|faint|p2a: Pelipper
|
|-weather|RainDance|[upkeep]
|upkeep
|
|t:|1783614524
|switch|p2a: Archaludon|Archaludon, L50, M|100/100
|turn|3
|
|t:|1783614538
|move|p2b: Swampert|Waterfall|p1a: Maushold
|-damage|p1a: Maushold|5/100
|move|p1a: Maushold|Charm|p2b: Swampert
|-unboost|p2b: Swampert|atk|2
|move|p2a: Archaludon|Electro Shot||[still]
|-prepare|p2a: Archaludon|Electro Shot
|-boost|p2a: Archaludon|spa|1
|-anim|p2a: Archaludon|Electro Shot|p1b: Sylveon
|-damage|p1b: Sylveon|0 fnt
|faint|p1b: Sylveon
|
|-weather|RainDance|[upkeep]
|upkeep
|inactive|Br1_lore has 30 seconds left.
|
|t:|1783614573
|switch|p1b: Aerodactyl|Aerodactyl, L50, F|100/100
|-ability|p1b: Aerodactyl|Unnerve
|turn|4
|inactive|juanpapimon has 30 seconds left.
|inactive|juanpapimon has 20 seconds left.
|inactive|juanpapimon has 15 seconds left.
|
|t:|1783614614
|detailschange|p1b: Aerodactyl|Aerodactyl-Mega, L50, F
|-mega|p1b: Aerodactyl|Aerodactyl|Aerodactylite
|move|p2b: Swampert|Protect|p2b: Swampert
|-singleturn|p2b: Swampert|Protect
|move|p1b: Aerodactyl|Dual Wingbeat|p2b: Swampert
|-activate|p2b: Swampert|move: Protect
|move|p1a: Maushold|Super Fang|p2a: Archaludon|[miss]
|-miss|p1a: Maushold|p2a: Archaludon
|move|p2a: Archaludon|Electro Shot||[still]
|-prepare|p2a: Archaludon|Electro Shot
|-boost|p2a: Archaludon|spa|1
|-anim|p2a: Archaludon|Electro Shot|p1b: Aerodactyl
|-supereffective|p1b: Aerodactyl|1
|-crit|p1b: Aerodactyl
|-damage|p1b: Aerodactyl|0 fnt
|faint|p1b: Aerodactyl
|
|-weather|RainDance|[upkeep]
|upkeep
|
|t:|1783614629
|switch|p1b: Hydreigon|Hydreigon, L50, M|100/100
|turn|5
|
|t:|1783614647
|move|p1b: Hydreigon|Earth Power|p2a: Archaludon
|-supereffective|p2a: Archaludon|1
|-damage|p2a: Archaludon|8/100
|-ability|p2a: Archaludon|Stamina|boost
|-boost|p2a: Archaludon|def|1
|move|p2b: Swampert|Ice Punch|p1b: Hydreigon
|-supereffective|p1b: Hydreigon|1
|-damage|p1b: Hydreigon|72/100
|move|p1a: Maushold|Super Fang|p2a: Archaludon
|-damage|p2a: Archaludon|4/100
|-ability|p2a: Archaludon|Stamina|boost
|-boost|p2a: Archaludon|def|1
|move|p2a: Archaludon|Draco Meteor|p1b: Hydreigon
|-supereffective|p1b: Hydreigon|1
|-damage|p1b: Hydreigon|0 fnt
|-unboost|p2a: Archaludon|spa|2
|faint|p1b: Hydreigon
|
|-weather|RainDance|[upkeep]
|-heal|p2a: Archaludon|10/100|[from] item: Leftovers
|upkeep
|turn|6
|inactive|Br1_lore has 30 seconds left.
|-message|Br1_lore forfeited.
|
|win|juanpapimon
||Br1_lore is ready for game 3.
|l|☆juanpapimon
|player|p2|
||juanpapimon is ready for game 3.
|uhtml|next|Next: Game 3 of 3
