|j|☆Soratami
|j|☆TG511
|html|SoratamiTG511    
|uhtml|bestof|Game 1 of a best-of-3
|t:|1757909013
|gametype|doubles
|player|p1|Soratami|ethan|1221
|player|p2|TG511|volkner|1261
|gen|9
|tier|[Gen 9] VGC 2025 Reg H (Bo3)
|rated|
|rule|Species Clause: Limit one of each Pokémon
|rule|Item Clause: Limit 1 of each item
|clearpoke
|poke|p1|Pelipper, L50, M|
|poke|p1|Blastoise, L50, M|
|poke|p1|Dragonite, L50, F|
|poke|p1|Archaludon, L50, F|
|poke|p1|Electabuzz, L50, F|
|poke|p1|Rillaboom, L50, M|
|poke|p2|Dondozo, L50, F|
|poke|p2|Tatsugiri, L50, F|
|poke|p2|Indeedee, L50, M|
|poke|p2|Garchomp, L50, F|
|poke|p2|Gholdengo, L50|
|poke|p2|Murkrow, L50, F|
|teampreview|4
|showteam|p1|Pelipper||FocusSash|Drizzle|Hurricane,Tailwind,WeatherBall,WideGuard|||M|||50|,,,,,Steel]Blastoise||MysticWater|RainDish|HydroPump,ShellSmash,WaterSpout,Protect|||M|||50|,,,,,Water]Dragonite||LoadedDice|Multiscale|ExtremeSpeed,Haze,ScaleShot,Protect|||F|||50|,,,,,Fairy]Archaludon||AssaultVest|Stamina|BodyPress,ElectroShot,DracoMeteor,FlashCannon|||F|||50|,,,,,Grass]Electabuzz||Eviolite|VitalSpirit|FollowMe,ThunderWave,Thunderbolt,Protect|||F|||50|,,,,,Ghost]Rillaboom||MiracleSeed|GrassySurge|FakeOut,GrassyGlide,WoodHammer,HighHorsepower|||M|||50|,,,,,Fire
|showteam|p2|Dondozo||Leftovers|Unaware|OrderUp,Earthquake,WaveCrash,Protect|||F|||50|,,,,,Grass]Tatsugiri||FocusSash|Commander|DracoMeteor,MuddyWater,IcyWind,Protect|||F|||50|,,,,,Stellar]Indeedee||ChoiceScarf|PsychicSurge|ExpandingForce,Trick,AfterYou,HyperVoice|||M|||50|,,,,,Psychic]Garchomp||LifeOrb|RoughSkin|Earthquake,StompingTantrum,DragonClaw,Protect|||F|||50|,,,,,Ground]Gholdengo||ChoiceSpecs|GoodasGold|MakeItRain,ShadowBall,SteelBeam,Thunderbolt||||||50|,,,,,Steel]Murkrow||Eviolite|Prankster|FoulPlay,Tailwind,Quash,Haze|||F|||50|,,,,,Ghost
|inactive|Battle timer is ON: inactive players will automatically lose when time's up. (requested by Soratami)
|inactive|Soratami has 60 seconds left.
|
|t:|1757909048
|teamsize|p1|4
|teamsize|p2|4
|start
|switch|p1a: Pelipper|Pelipper, L50, M|100/100
|switch|p1b: Archaludon|Archaludon, L50, F|100/100
|switch|p2a: Murkrow|Murkrow, L50, F|100/100
|switch|p2b: Garchomp|Garchomp, L50, F|100/100
|-weather|RainDance|[from] ability: Drizzle|[of] p1a: Pelipper
|turn|1
|inactive|Soratami has 30 seconds left.
|
|t:|1757909075
|-terastallize|p1b: Archaludon|Grass
|move|p2a: Murkrow|Tailwind|p2a: Murkrow
|-sidestart|p2: TG511|move: Tailwind
|move|p2b: Garchomp|Dragon Claw|p1a: Pelipper
|-damage|p1a: Pelipper|21/100
|-damage|p2b: Garchomp|91/100|[from] item: Life Orb
|move|p1a: Pelipper|Tailwind|p1a: Pelipper
|-sidestart|p1: Soratami|move: Tailwind
|move|p1b: Archaludon|Electro Shot||[still]
|-prepare|p1b: Archaludon|Electro Shot
|-boost|p1b: Archaludon|spa|1
|-anim|p1b: Archaludon|Electro Shot|p2a: Murkrow
|-supereffective|p2a: Murkrow
|-damage|p2a: Murkrow|0 fnt
|faint|p2a: Murkrow
|
|-weather|RainDance|[upkeep]
|upkeep
|
|t:|1757909083
|switch|p2a: Indeedee|Indeedee, L50, M|100/100
|-fieldstart|move: Psychic Terrain|[from] ability: Psychic Surge|[of] p2a: Indeedee
|turn|2
|
|t:|1757909102
|switch|p1a: Rillaboom|Rillaboom, L50, M|100/100
|-fieldstart|move: Grassy Terrain|[from] ability: Grassy Surge|[of] p1a: Rillaboom
|move|p2a: Indeedee|Trick|p1a: Rillaboom
|-activate|p2a: Indeedee|move: Trick|[of] p1a: Rillaboom
|-item|p1a: Rillaboom|Choice Scarf|[from] move: Trick
|-item|p2a: Indeedee|Miracle Seed|[from] move: Trick
|move|p2b: Garchomp|Dragon Claw|p1b: Archaludon
|-damage|p1b: Archaludon|58/100
|-ability|p1b: Archaludon|Stamina|boost
|-boost|p1b: Archaludon|def|1
|-damage|p2b: Garchomp|81/100|[from] item: Life Orb
|move|p1b: Archaludon|Draco Meteor|p2b: Garchomp
|-supereffective|p2b: Garchomp
|-damage|p2b: Garchomp|0 fnt
|-unboost|p1b: Archaludon|spa|2
|faint|p2b: Garchomp
|
|-weather|RainDance|[upkeep]
|-heal|p1b: Archaludon|64/100|[from] Grassy Terrain
|upkeep
|
|t:|1757909111
|switch|p2b: Gholdengo|Gholdengo, L50|100/100
|turn|3
|
|t:|1757909134
|-terastallize|p2b: Gholdengo|Steel
|move|p1a: Rillaboom|Fake Out|p2a: Indeedee
|-damage|p2a: Indeedee|68/100
|move|p2b: Gholdengo|Make It Rain|p1a: Rillaboom|[spread] p1a,p1b
|-damage|p1a: Rillaboom|0 fnt
|-damage|p1b: Archaludon|0 fnt
|-unboost|p2b: Gholdengo|spa|1
|faint|p1a: Rillaboom
|faint|p1b: Archaludon
|cant|p2a: Indeedee|flinch
|
|-weather|RainDance|[upkeep]
|-heal|p2a: Indeedee|74/100|[from] Grassy Terrain
|upkeep
|
|t:|1757909147
|switch|p1a: Dragonite|Dragonite, L50, F|100/100
|switch|p1b: Pelipper|Pelipper, L50, M|21/100
|turn|4
|
|t:|1757909158
|move|p1b: Pelipper|Wide Guard|p1b: Pelipper
|-singleturn|p1b: Pelipper|Wide Guard
|move|p2b: Gholdengo|Make It Rain|p1b: Pelipper|[spread] 
|-activate|p1a: Dragonite|move: Wide Guard
|-activate|p1b: Pelipper|move: Wide Guard
|move|p2a: Indeedee|Expanding Force|p1a: Dragonite
|-damage|p1a: Dragonite|81/100
|move|p1a: Dragonite|Scale Shot|p2b: Gholdengo
|-resisted|p2b: Gholdengo
|-damage|p2b: Gholdengo|91/100
|-resisted|p2b: Gholdengo
|-damage|p2b: Gholdengo|83/100
|-resisted|p2b: Gholdengo
|-damage|p2b: Gholdengo|75/100
|-resisted|p2b: Gholdengo
|-damage|p2b: Gholdengo|67/100
|-resisted|p2b: Gholdengo
|-damage|p2b: Gholdengo|58/100
|-hitcount|p2b: Gholdengo|5
|-unboost|p1a: Dragonite|def|1
|-boost|p1a: Dragonite|spe|1
|
|-weather|RainDance|[upkeep]
|-heal|p2b: Gholdengo|64/100|[from] Grassy Terrain
|-heal|p2a: Indeedee|80/100|[from] Grassy Terrain
|-sideend|p1: Soratami|move: Tailwind
|-sideend|p2: TG511|move: Tailwind
|upkeep
|turn|5
|inactive|Soratami has 30 seconds left.
|
|t:|1757909187
|move|p1b: Pelipper|Wide Guard|p1b: Pelipper
|-singleturn|p1b: Pelipper|Wide Guard
|move|p1a: Dragonite|Scale Shot|p2a: Indeedee
|-damage|p2a: Indeedee|51/100
|-damage|p2a: Indeedee|20/100
|-damage|p2a: Indeedee|0 fnt
|faint|p2a: Indeedee
|-hitcount|p2: Indeedee|3
|-unboost|p1a: Dragonite|def|1
|-boost|p1a: Dragonite|spe|1
|move|p2b: Gholdengo|Make It Rain|p1a: Dragonite|[spread] 
|-activate|p1a: Dragonite|move: Wide Guard
|-activate|p1b: Pelipper|move: Wide Guard
|
|-weather|none
|-heal|p2b: Gholdengo|70/100|[from] Grassy Terrain
|upkeep
|turn|6
|-message|TG511 forfeited.
|
|win|Soratami
|l|☆TG511
|player|p2|
||TG511 is ready for game 2.
|inactive|Soratami has 30 seconds to confirm battle start!
||Soratami is ready for game 2.
|uhtml|next|Next: Game 2 of 3
