|j|☆tryson69
|j|☆pala97
|html|tryson69pala97    
|uhtml|bestof|Game 1 of a best-of-3
|t:|1783001198
|gametype|doubles
|player|p1|tryson69|crasherwake|1263
|player|p2|pala97|skyla|1169
|gen|9
|tier|[Gen 9 Champions] VGC 2026 Reg M-B (Bo3)
|rated|
|rule|Species Clause: Limit one of each Pokémon
|rule|Item Clause: Limit 1 of each item
|clearpoke
|poke|p1|Tyranitar, L50, M|
|poke|p1|Sinistcha, L50|
|poke|p1|Sneasler, L50, F|
|poke|p1|Garchomp, L50, F|
|poke|p1|Corviknight, L50, F|
|poke|p1|Gholdengo, L50|
|poke|p2|Staraptor, L50, M, shiny|
|poke|p2|Whimsicott, L50, M|
|poke|p2|Incineroar, L50, M|
|poke|p2|Sinistcha, L50|
|poke|p2|Garchomp, L50, F|
|poke|p2|Floette-Eternal, L50, F|
|teampreview|4
|showteam|p1|Tyranitar||Tyranitarite|SandStream|KnockOff,RockSlide,Protect,DragonDance|Adamant||M|||50|]Sinistcha||SitrusBerry|Hospitality|TrickRoom,MatchaGotcha,RagePowder,Protect|Bold|||||50|]Sneasler||WhiteHerb|Unburden|CloseCombat,DireClaw,FakeOut,Protect|Jolly||F|||50|]Garchomp||LifeOrb|RoughSkin|Earthquake,RockSlide,Protect,DragonClaw|Adamant||F|||50|]Corviknight||Leftovers|MirrorArmor|Tailwind,BulkUp,Protect,BraveBird|Careful||F|||50|]Gholdengo||SpellTag|GoodasGold|MakeItRain,NastyPlot,ShadowBall,Protect|Modest|||||50|
|showteam|p2|Staraptor||Staraptite|Intimidate|Protect,CloseCombat,Roost,BraveBird|Jolly||M|||50|]Whimsicott||FocusSash|Prankster|Charm,Tailwind,Moonblast,Encore|Timid||M|||50|]Incineroar||SitrusBerry|Intimidate|FakeOut,FlareBlitz,PartingShot,ThroatChop|Careful||M|||50|]Sinistcha||KasibBerry|Hospitality|Protect,MatchaGotcha,RagePowder,LifeDew|Bold|||||50|]Garchomp||LifeOrb|RoughSkin|Protect,RockSlide,Earthquake,DragonClaw|Jolly||F|||50|]Floette-Eternal||Floettite|FlowerVeil|Protect,CalmMind,DazzlingGleam,Moonblast|Timid||F|||50|
|
|t:|1783001232
|teamsize|p1|4
|teamsize|p2|4
|start
|switch|p1a: Gholdengo|Gholdengo, L50|100/100
|switch|p1b: Corviknight|Corviknight, L50, F|100/100
|switch|p2a: Tommasino|Whimsicott, L50, M|100/100
|switch|p2b: MarlonBrando|Staraptor, L50, M, shiny|100/100
|-ability|p2b: MarlonBrando|Intimidate|boost
|-unboost|p1a: Gholdengo|atk|1
|-ability|p1b: Corviknight|Mirror Armor
|-unboost|p2b: MarlonBrando|atk|1
|turn|1
|
|t:|1783001247
|detailschange|p2b: MarlonBrando|Staraptor-Mega, L50, M, shiny
|-mega|p2b: MarlonBrando|Staraptor|Staraptite
|move|p2a: Tommasino|Charm|p2b: MarlonBrando
|-boost|p2b: MarlonBrando|atk|2
|move|p2b: MarlonBrando|Close Combat|p1b: Corviknight
|-damage|p1b: Corviknight|24/100
|-boost|p2b: MarlonBrando|def|1
|-boost|p2b: MarlonBrando|spd|1
|move|p1a: Gholdengo|Nasty Plot|p1a: Gholdengo
|-boost|p1a: Gholdengo|spa|2
|move|p1b: Corviknight|Brave Bird|p2b: MarlonBrando
|-supereffective|p2b: MarlonBrando|1
|-damage|p2b: MarlonBrando|49/100
|-damage|p1b: Corviknight|9/100|[from] Recoil
|
|-heal|p1b: Corviknight|15/100|[from] item: Leftovers
|upkeep
|turn|2
|inactive|Battle timer is ON: inactive players will automatically lose when time's up. (requested by tryson69)
|
|t:|1783001272
|move|p2b: MarlonBrando|Protect|p2b: MarlonBrando
|-singleturn|p2b: MarlonBrando|Protect
|move|p1b: Corviknight|Protect|p1b: Corviknight
|-singleturn|p1b: Corviknight|Protect
|move|p2a: Tommasino|Moonblast|p1b: Corviknight
|-activate|p1b: Corviknight|move: Protect
|move|p1a: Gholdengo|Shadow Ball|p2b: MarlonBrando
|-activate|p2b: MarlonBrando|move: Protect
|
|-heal|p1b: Corviknight|20/100y|[from] item: Leftovers
|upkeep
|turn|3
|
|t:|1783001283
|switch|p2a: Charles|Sinistcha, L50|100/100
|-heal|p2b: MarlonBrando|74/100|[from] ability: Hospitality|[of] p2a: Charles
|switch|p1b: Sinistcha|Sinistcha, L50|100/100
|move|p2b: MarlonBrando|Close Combat|p1b: Sinistcha
|-immune|p1b: Sinistcha
|move|p1a: Gholdengo|Shadow Ball|p2b: MarlonBrando
|-damage|p2b: MarlonBrando|6/100
|
|upkeep
|turn|4
|
|t:|1783001307
|switch|p2a: Giulio|Incineroar, L50, M|100/100
|-ability|p2a: Giulio|Intimidate|boost
|-unboost|p1a: Gholdengo|atk|1
|-unboost|p1b: Sinistcha|atk|1
|move|p1b: Sinistcha|Protect|p1b: Sinistcha
|-singleturn|p1b: Sinistcha|Protect
|move|p2b: MarlonBrando|Brave Bird|p1b: Sinistcha
|-activate|p1b: Sinistcha|move: Protect
|move|p1a: Gholdengo|Shadow Ball|p2a: Giulio
|-resisted|p2a: Giulio|1
|-crit|p2a: Giulio
|-damage|p2a: Giulio|36/100
|-enditem|p2a: Giulio|Sitrus Berry|[eat]
|-heal|p2a: Giulio|61/100|[from] item: Sitrus Berry
|
|upkeep
|turn|5
|
|t:|1783001322
|switch|p1b: Garchomp|Garchomp, L50, F|100/100
|move|p2b: MarlonBrando|Brave Bird|p1b: Garchomp
|-damage|p1b: Garchomp|35/100
|-damage|p2b: MarlonBrando|0 fnt|[from] ability: Rough Skin|[of] p1b: Garchomp
|faint|p2b: MarlonBrando
|move|p1a: Gholdengo|Shadow Ball|p2a: Giulio
|-resisted|p2a: Giulio|1
|-damage|p2a: Giulio|17/100
|move|p2a: Giulio|Flare Blitz|p1a: Gholdengo
|-supereffective|p1a: Gholdengo|1
|-damage|p1a: Gholdengo|12/100
|-damage|p2a: Giulio|0 fnt|[from] Recoil
|faint|p2a: Giulio
|
|upkeep
|
|t:|1783001335
|switch|p2b: Tommasino|Whimsicott, L50, M|100/100
|switch|p2a: Charles|Sinistcha, L50|100/100
|turn|6
|
|t:|1783001348
|switch|p1b: Sinistcha|Sinistcha, L50|100/100
|-heal|p1a: Gholdengo|37/100|[from] ability: Hospitality|[of] p1b: Sinistcha
|move|p1a: Gholdengo|Protect|p1a: Gholdengo
|-singleturn|p1a: Gholdengo|Protect
|move|p2b: Tommasino|Moonblast|p1a: Gholdengo
|-activate|p1a: Gholdengo|move: Protect
|move|p2a: Charles|Matcha Gotcha|p1b: Sinistcha|[spread] p1b
|-activate|p1a: Gholdengo|move: Protect
|-resisted|p1b: Sinistcha|1
|-damage|p1b: Sinistcha|89/100
|
|upkeep
|turn|7
|
|t:|1783001355
|switch|p1b: Corviknight|Corviknight, L50, F|20/100y
|move|p2b: Tommasino|Moonblast|p1a: Gholdengo
|-resisted|p1a: Gholdengo|1
|-damage|p1a: Gholdengo|20/100y
|move|p1a: Gholdengo|Shadow Ball|p2a: Charles
|-supereffective|p2a: Charles|1
|-enditem|p2a: Charles|Kasib Berry|[eat]
|-enditem|p2a: Charles|Kasib Berry|[weaken]
|-damage|p2a: Charles|0 fnt
|faint|p2a: Charles
|
|-heal|p1b: Corviknight|26/100|[from] item: Leftovers
|upkeep
|turn|8
|
|t:|1783001367
|move|p2b: Tommasino|Moonblast|p1b: Corviknight
|-resisted|p1b: Corviknight|1
|-damage|p1b: Corviknight|15/100
|move|p1a: Gholdengo|Shadow Ball|p2b: Tommasino
|-enditem|p2b: Tommasino|Focus Sash
|-damage|p2b: Tommasino|1/100
|move|p1b: Corviknight|Brave Bird|p2b: Tommasino
|-supereffective|p2b: Tommasino|1
|-damage|p2b: Tommasino|0 fnt
|faint|p2b: Tommasino
|-damage|p1b: Corviknight|14/100|[from] Recoil
|
|win|tryson69
||tryson69 is ready for game 2.
||pala97 is ready for game 2.
|uhtml|next|Next: Game 2 of 3
