|j|☆hi_emyeu
|j|☆JiyeonYuShinSoh
|html|hi_emyeuJiyeonYuShinSoh    
|uhtml|bestof|Game 2 of a best-of-3
|t:|1782314761
|gametype|doubles
|player|p1|hi_emyeu|170|1093
|player|p2|JiyeonYuShinSoh|1|1040
|gen|9
|tier|[Gen 9 Champions] VGC 2026 Reg M-B (Bo3)
|rated|
|rule|Species Clause: Limit one of each Pokémon
|rule|Item Clause: Limit 1 of each item
|clearpoke
|poke|p1|Corviknight, L50, M|
|poke|p1|Tyranitar, L50, F, shiny|
|poke|p1|Rotom-Heat, L50|
|poke|p1|Sceptile, L50, F, shiny|
|poke|p1|Sneasler, L50, M|
|poke|p1|Garchomp, L50, M|
|poke|p2|Toucannon, L50, F|
|poke|p2|Maushold, L50|
|poke|p2|Torkoal, L50, F|
|poke|p2|Camerupt, L50, M|
|poke|p2|Hatterene, L50, F|
|poke|p2|Oranguru, L50, M, shiny|
|teampreview|4
|showteam|p1|Corviknight||SitrusBerry|MirrorArmor|BraveBird,BulkUp,BodyPress,Tailwind|Adamant||M|||50|]Tyranitar||Tyranitarite|SandStream|RockSlide,KnockOff,Protect,LowKick|Adamant||F|||50|]Rotom-Heat||ChoiceScarf|Levitate|Electroweb,Overheat,Discharge,VoltSwitch|Timid|||||50|]Sceptile||Sceptilite|Overgrow|LeafStorm,DragonPulse,Detect,EarthPower|Timid||F|||50|]Sneasler||WhiteHerb|Unburden|FakeOut,DireClaw,Protect,CloseCombat|Adamant||M|||50|]Garchomp||LifeOrb|RoughSkin|RockSlide,Earthquake,DragonClaw,Protect|Jolly||M|||50|
|showteam|p2|Toucannon||ExpertBelt|SkillLink|BulletSeed,RockBlast,BeakBlast,Protect|Adamant||F|||50|]Maushold||ChopleBerry|FriendGuard|SuperFang,FollowMe,Feint,Protect|Relaxed|||||50|]Torkoal||LifeOrb|Drought|Eruption,LavaPlume,Protect,EarthPower|Modest||F|||50|]Camerupt||Cameruptite|MagmaArmor|EarthPower,HeatWave,AncientPower,Protect|Modest||M|||50|]Hatterene||FairyFeather|MagicBounce|TrickRoom,DazzlingGleam,Protect,CalmMind|Relaxed||F|||50|]Oranguru||SitrusBerry|InnerFocus|TrickRoom,Instruct,Extrasensory,Protect|Sassy||M|||50|
|
|t:|1782314771
|teamsize|p1|4
|teamsize|p2|4
|start
|switch|p1a: Sceptile|Sceptile, L50, F, shiny|100/100
|switch|p1b: Rotom|Rotom-Heat, L50|100/100
|switch|p2a: Tuco|Toucannon, L50, F|100/100
|switch|p2b: Lineu|Maushold, L50|100/100
|turn|1
|
|t:|1782314800
|move|p2b: Lineu|Follow Me|p2b: Lineu
|-singleturn|p2b: Lineu|move: Follow Me
|move|p1b: Rotom|Discharge|p2b: Lineu|[spread] p1a,p2a,p2b
|-resisted|p1a: Sceptile|1
|-supereffective|p2a: Tuco|1
|-damage|p1a: Sceptile|84/100
|-damage|p2a: Tuco|54/100
|-damage|p2b: Lineu|66/100
|-status|p2a: Tuco|par
|move|p1a: Sceptile|Dragon Pulse|p2b: Lineu
|-damage|p2b: Lineu|39/100
|move|p2a: Tuco|Rock Blast|p1b: Rotom
|-supereffective|p1b: Rotom|1
|-damage|p1b: Rotom|71/100
|-supereffective|p1b: Rotom|1
|-damage|p1b: Rotom|43/100
|-supereffective|p1b: Rotom|1
|-damage|p1b: Rotom|13/100
|-supereffective|p1b: Rotom|1
|-damage|p1b: Rotom|0 fnt
|faint|p1b: Rotom
|-hitcount|p1: Rotom|4
|
|upkeep
|
|t:|1782314818
|switch|p1b: Tyranitar|Tyranitar, L50, F, shiny|100/100
|-weather|Sandstorm|[from] ability: Sand Stream|[of] p1b: Tyranitar
|turn|2
|
|t:|1782314839
|move|p1a: Sceptile|Dragon Pulse|p2a: Tuco
|-damage|p2a: Tuco|37/100 par
|move|p2b: Lineu|Super Fang|p1b: Tyranitar
|-damage|p1b: Tyranitar|50/100g
|move|p1b: Tyranitar|Rock Slide|p2b: Lineu|[spread] p2a
|-miss|p1b: Tyranitar|p2b: Lineu
|-supereffective|p2a: Tuco|1
|-damage|p2a: Tuco|0 fnt
|faint|p2a: Tuco
|
|-weather|Sandstorm|[upkeep]
|-damage|p1a: Sceptile|78/100|[from] Sandstorm
|-damage|p2b: Lineu|33/100|[from] Sandstorm
|upkeep
|
|t:|1782314853
|switch|p2a: Wonhee|Hatterene, L50, F|100/100
|turn|3
|
|t:|1782314867
|move|p2b: Lineu|Follow Me|p2b: Lineu
|-singleturn|p2b: Lineu|move: Follow Me
|move|p1a: Sceptile|Leaf Storm|p2b: Lineu
|-damage|p2b: Lineu|0 fnt
|-unboost|p1a: Sceptile|spa|2
|faint|p2b: Lineu
|move|p1b: Tyranitar|Knock Off|p2a: Wonhee
|-damage|p2a: Wonhee|59/100
|-enditem|p2a: Wonhee|Fairy Feather|[from] move: Knock Off|[of] p1b: Tyranitar
|move|p2a: Wonhee|Trick Room|p2a: Wonhee
|-fieldstart|move: Trick Room|[of] p2a: Wonhee
|
|-weather|Sandstorm|[upkeep]
|-damage|p2a: Wonhee|53/100|[from] Sandstorm
|-damage|p1a: Sceptile|72/100|[from] Sandstorm
|upkeep
|
|t:|1782314875
|switch|p2b: Luciano|Camerupt, L50, M|100/100
|turn|4
|
|t:|1782314885
|switch|p1a: Sneasler|Sneasler, L50, M|100/100
|detailschange|p2b: Luciano|Camerupt-Mega, L50, M
|-mega|p2b: Luciano|Camerupt|Cameruptite
|move|p1b: Tyranitar|Protect|p1b: Tyranitar
|-singleturn|p1b: Tyranitar|Protect
|move|p2b: Luciano|Heat Wave|p1a: Sneasler|[spread] p1a
|-activate|p1b: Tyranitar|move: Protect
|-damage|p1a: Sneasler|17/100
|move|p2a: Wonhee|Calm Mind|p2a: Wonhee
|-boost|p2a: Wonhee|spa|1
|-boost|p2a: Wonhee|spd|1
|
|-weather|Sandstorm|[upkeep]
|-damage|p2a: Wonhee|46/100|[from] Sandstorm
|-damage|p1a: Sneasler|11/100|[from] Sandstorm
|upkeep
|turn|5
|
|t:|1782314903
|move|p2a: Wonhee|Protect|p2a: Wonhee
|-singleturn|p2a: Wonhee|Protect
|move|p1a: Sneasler|Fake Out|p2b: Luciano
|-damage|p2b: Luciano|83/100
|cant|p2b: Luciano|flinch
|move|p1b: Tyranitar|Rock Slide|p2b: Luciano|[spread] p2b
|-activate|p2a: Wonhee|move: Protect
|-damage|p2b: Luciano|50/100g
|
|-weather|Sandstorm|[upkeep]
|-damage|p2a: Wonhee|40/100|[from] Sandstorm
|-damage|p1a: Sneasler|5/100|[from] Sandstorm
|upkeep
|turn|6
|
|t:|1782314922
|move|p1b: Tyranitar|Protect|p1b: Tyranitar
|-singleturn|p1b: Tyranitar|Protect
|move|p1a: Sneasler|Protect|p1a: Sneasler
|-singleturn|p1a: Sneasler|Protect
|move|p2b: Luciano|Heat Wave|p1a: Sneasler|[spread] 
|-activate|p1a: Sneasler|move: Protect
|-activate|p1b: Tyranitar|move: Protect
|move|p2a: Wonhee|Dazzling Gleam|p1b: Tyranitar|[spread] 
|-activate|p1a: Sneasler|move: Protect
|-activate|p1b: Tyranitar|move: Protect
|
|-weather|none
|upkeep
|turn|7
|
|t:|1782314941
|move|p2b: Luciano|Heat Wave|p1b: Tyranitar|[spread] p1a,p1b
|-resisted|p1b: Tyranitar|1
|-damage|p1a: Sneasler|0 fnt
|-damage|p1b: Tyranitar|21/100
|faint|p1a: Sneasler
|move|p2a: Wonhee|Dazzling Gleam|p1b: Tyranitar
|-supereffective|p1b: Tyranitar|1
|-damage|p1b: Tyranitar|0 fnt
|faint|p1b: Tyranitar
|
|-fieldend|move: Trick Room
|upkeep
|
|t:|1782314951
|switch|p1a: Sceptile|Sceptile, L50, F, shiny|72/100
|turn|8
|
|t:|1782314960
|detailschange|p1a: Sceptile|Sceptile-Mega, L50, F, shiny
|-mega|p1a: Sceptile|Sceptile|Sceptilite
|move|p1a: Sceptile|Earth Power|p2b: Luciano
|-supereffective|p2b: Luciano|1
|-damage|p2b: Luciano|0 fnt
|faint|p2b: Luciano
|move|p2a: Wonhee|Dazzling Gleam|p1a: Sceptile
|-supereffective|p1a: Sceptile|1
|-damage|p1a: Sceptile|0 fnt
|faint|p1a: Sceptile
|
|win|JiyeonYuShinSoh
