|j|☆bruGno
|j|☆aqoursfan1
|html|bruGnoaqoursfan1    
|uhtml|bestof|Game 2 of a best-of-3
|t:|1786135590
|gametype|doubles
|player|p1|bruGno|ash-kalos|1352
|player|p2|aqoursfan1|anabel-gen7|1422
|gen|9
|tier|[Gen 9 Champions] VGC 2026 Reg M-B (Bo3)
|rated|
|rule|Species Clause: Limit one of each Pokémon
|rule|Item Clause: Limit 1 of each item
|clearpoke
|poke|p1|Staraptor, L50, M|
|poke|p1|Arcanine-Hisui, L50, M|
|poke|p1|Kingambit, L50, F|
|poke|p1|Sylveon, L50, M|
|poke|p1|Raichu, L50, F|
|poke|p1|Farigiraf, L50, F|
|poke|p2|Raichu, L50, M|
|poke|p2|Kingambit, L50, F|
|poke|p2|Whimsicott, L50, M|
|poke|p2|Basculegion, L50, M|
|poke|p2|Arcanine-Hisui, L50, F|
|poke|p2|Farigiraf, L50, M|
|teampreview|4
|showteam|p1|Staraptor||Staraptite|Intimidate|DualWingbeat,CloseCombat,Tailwind,Protect|Jolly||M|||50|]Arcanine-Hisui||FocusSash|RockHead|FlareBlitz,HeadSmash,ExtremeSpeed,Protect|Jolly||M|||50|]Kingambit||LifeOrb|Defiant|KowtowCleave,SuckerPunch,SwordsDance,Protect|Adamant||F|||50|]Sylveon||FairyFeather|Pixilate|HyperVoice,HyperBeam,QuickAttack,Detect|Modest||M|||50|]Raichu||RaichuniteY|LightningRod|ZapCannon,FocusBlast,FakeOut,Protect|Timid||F|||50|]Farigiraf||SitrusBerry|ArmorTail|Psychic,HelpingHand,TrickRoom,Protect|Calm||F|||50|
|showteam|p2|Raichu||RaichuniteY|LightningRod|ZapCannon,FocusBlast,FakeOut,Protect|Timid||M|||50|]Kingambit||ChopleBerry|Defiant|KowtowCleave,SuckerPunch,IronHead,Protect|Adamant||F|||50|]Whimsicott||LifeOrb|Prankster|Moonblast,Encore,Tailwind,Protect|Timid||M|||50|]Basculegion||ChoiceScarf|Adaptability|WaveCrash,LastRespects,AquaJet,FlipTurn|Jolly||M|||50|]Arcanine-Hisui||FocusSash|RockHead|FlareBlitz,HeadSmash,ExtremeSpeed,Protect|Adamant||F|||50|]Farigiraf||SitrusBerry|ArmorTail|Psychic,GrassKnot,HelpingHand,TrickRoom|Modest||M|||50|
|inactive|Battle timer is ON: inactive players will automatically lose when time's up. (requested by aqoursfan1)
|inactive|bruGno has 60 seconds left.
|
|t:|1786135645
|teamsize|p1|4
|teamsize|p2|4
|start
|switch|p1a: Raichu|Raichu, L50, F|100/100
|switch|p1b: Farigiraf|Farigiraf, L50, F|100/100
|switch|p2a: Raichu|Raichu, L50, M|100/100
|switch|p2b: Arcanine|Arcanine-Hisui, L50, F|100/100
|turn|1
|
|t:|1786135659
|switch|p2a: Farigiraf|Farigiraf, L50, M|100/100
|detailschange|p1a: Raichu|Raichu-Mega-Y, L50, F
|-mega|p1a: Raichu|Raichu|Raichunite Y
|move|p1a: Raichu|Zap Cannon|p2b: Arcanine
|-damage|p2b: Arcanine|21/100
|-status|p2b: Arcanine|par
|move|p1b: Farigiraf|Psychic|p2b: Arcanine
|-damage|p2b: Arcanine|0 fnt
|faint|p2b: Arcanine
|
|upkeep
|
|t:|1786135668
|switch|p2b: Basculegion|Basculegion, L50, M|100/100
|turn|2
|inactive|bruGno has 30 seconds left.
|
|t:|1786135695
|move|p1a: Raichu|Protect|p1a: Raichu
|-singleturn|p1a: Raichu|Protect
|move|p2b: Basculegion|Wave Crash|p1a: Raichu
|-activate|p1a: Raichu|move: Protect
|move|p2a: Farigiraf|Psychic|p1b: Farigiraf
|-resisted|p1b: Farigiraf|1
|-damage|p1b: Farigiraf|83/100
|-unboost|p1b: Farigiraf|spd|1
|move|p1b: Farigiraf|Trick Room|p1b: Farigiraf
|-fieldstart|move: Trick Room|[of] p1b: Farigiraf
|
|upkeep
|turn|3
|
|t:|1786135710
|switch|p2b: Raichu|Raichu, L50, M|100/100
|move|p1b: Farigiraf|Psychic|p2b: Raichu
|-damage|p2b: Raichu|57/100
|move|p2a: Farigiraf|Grass Knot|p1b: Farigiraf
|-damage|p1b: Farigiraf|50/100g
|move|p1a: Raichu|Zap Cannon|p2b: Raichu
|-ability|p2b: Raichu|Lightning Rod|boost
|-boost|p2b: Raichu|spa|1
|
|upkeep
|turn|4
|inactive|bruGno has 30 seconds left.
|inactive|aqoursfan1 has 30 seconds left.
|inactive|bruGno has 20 seconds left.
|
|t:|1786135753
|switch|p1a: Sylveon|Sylveon, L50, M|100/100
|move|p2b: Raichu|Protect|p2b: Raichu
|-singleturn|p2b: Raichu|Protect
|move|p1b: Farigiraf|Psychic|p2b: Raichu
|-activate|p2b: Raichu|move: Protect
|move|p2a: Farigiraf|Psychic|p1a: Sylveon
|-damage|p1a: Sylveon|68/100
|
|upkeep
|turn|5
|
|t:|1786135769
|detailschange|p2b: Raichu|Raichu-Mega-Y, L50, M
|-mega|p2b: Raichu|Raichu|Raichunite Y
|move|p1b: Farigiraf|Helping Hand|p1a: Sylveon
|-singleturn|p1a: Sylveon|Helping Hand|[of] p1b: Farigiraf
|move|p2a: Farigiraf|Psychic|p1a: Sylveon
|-damage|p1a: Sylveon|40/100
|move|p1a: Sylveon|Hyper Voice|p2b: Raichu|[spread] p2a,p2b
|-damage|p2a: Farigiraf|31/100
|-damage|p2b: Raichu|0 fnt
|-enditem|p2a: Farigiraf|Sitrus Berry|[eat]
|-heal|p2a: Farigiraf|56/100|[from] item: Sitrus Berry
|faint|p2b: Raichu
|
|upkeep
|
|t:|1786135777
|switch|p2b: Basculegion|Basculegion, L50, M|100/100
|turn|6
|
|t:|1786135783
|move|p1b: Farigiraf|Helping Hand|p1a: Sylveon
|-singleturn|p1a: Sylveon|Helping Hand|[of] p1b: Farigiraf
|move|p2a: Farigiraf|Psychic|p1a: Sylveon
|-damage|p1a: Sylveon|10/100
|move|p1a: Sylveon|Hyper Voice|p2b: Basculegion|[spread] p2a,p2b
|-damage|p2a: Farigiraf|0 fnt
|-damage|p2b: Basculegion|11/100
|faint|p2a: Farigiraf
|move|p2b: Basculegion|Wave Crash|p1b: Farigiraf
|-damage|p1b: Farigiraf|0 fnt
|faint|p1b: Farigiraf
|-damage|p2b: Basculegion|0 fnt|[from] Recoil
|faint|p2b: Basculegion
|
|win|bruGno
||aqoursfan1 is ready for game 3.
||bruGno is ready for game 3.
|uhtml|next|Next: Game 3 of 3
|l|☆bruGno
|player|p1|
|l|☆aqoursfan1
|player|p2|
|j|☆bruGno
|player|p1|bruGno|ash-kalos|
