|j|☆jackolascooking
|j|☆lox1sm
|html|jackolascookinglox1sm    
|uhtml|bestof|Game 2 of a best-of-3
|t:|1783359696
|gametype|doubles
|player|p1|jackolascooking|102|1132
|player|p2|lox1sm|veteran|1232
|gen|9
|tier|[Gen 9 Champions] VGC 2026 Reg M-B (Bo3)
|rated|
|rule|Species Clause: Limit one of each Pokémon
|rule|Item Clause: Limit 1 of each item
|clearpoke
|poke|p1|Blastoise, L50, F|
|poke|p1|Farigiraf, L50, M|
|poke|p1|Mawile, L50, F|
|poke|p1|Aurorus, L50, M|
|poke|p1|Sinistcha, L50|
|poke|p1|Staraptor, L50, F|
|poke|p2|Charizard, L50, F|
|poke|p2|Aerodactyl, L50, M|
|poke|p2|Garchomp, L50, M|
|poke|p2|Kingambit, L50, F|
|poke|p2|Farigiraf, L50, F|
|poke|p2|Primarina, L50, F|
|teampreview|4
|showteam|p1|Blastoise||Blastoisinite|RainDish|FakeOut,WaterSpout,AuraSphere,DarkPulse|Quiet||F|||50|]Farigiraf||ColburBerry|ArmorTail|TrickRoom,RainDance,TwinBeam,Thunderbolt|Sassy||M|||50|]Mawile||Mawilite|Intimidate|PlayRough,IronHead,SuckerPunch,Protect|Brave||F|||50|]Aurorus||NeverMeltIce|SnowWarning|FreezeDry,Blizzard,EarthPower,Protect|Quiet||M|||50|]Sinistcha||SitrusBerry|Hospitality|RagePowder,LifeDew,TrickRoom,MatchaGotcha|Relaxed|||||50|]Staraptor||ChoiceScarf|Intimidate|FinalGambit,BraveBird,CloseCombat,Uturn|Adamant||F|||50|
|showteam|p2|Charizard||CharizarditeY|Blaze|HeatWave,WeatherBall,SolarBeam,Protect|Modest||F|||50|]Aerodactyl||Aerodactylite|Unnerve|RockSlide,IceFang,Tailwind,Protect|Jolly||M|||50|]Garchomp||LifeOrb|RoughSkin|DragonClaw,Earthquake,RockSlide,Protect|Jolly||M|||50|]Kingambit||FocusSash|Defiant|KowtowCleave,SuckerPunch,IronHead,LowKick|Adamant||F|||50|]Farigiraf||ExpertBelt|ArmorTail|Psychic,DazzlingGleam,Thunderbolt,TrickRoom|Modest||F|||50|]Primarina||MysticWater|LiquidVoice|HyperVoice,Moonblast,Haze,Protect|Modest||F|||50|
|inactive|Battle timer is ON: inactive players will automatically lose when time's up. (requested by lox1sm)
|
|t:|1783359726
|teamsize|p1|4
|teamsize|p2|4
|start
|switch|p1a: Farigiraf|Farigiraf, L50, M|100/100
|switch|p1b: Staraptor|Staraptor, L50, F|100/100
|switch|p2a: Farigiraf|Farigiraf, L50, F|100/100
|switch|p2b: Kingambit|Kingambit, L50, F|100/100
|-ability|p1b: Staraptor|Intimidate|boost
|-unboost|p2a: Farigiraf|atk|1
|-unboost|p2b: Kingambit|atk|1
|-ability|p2b: Kingambit|Defiant|boost
|-boost|p2b: Kingambit|atk|2
|turn|1
|inactive|lox1sm has 30 seconds left.
|inactive|lox1sm has 20 seconds left.
|inactive|lox1sm has 15 seconds left.
|
|t:|1783359769
|move|p2b: Kingambit|Sucker Punch||[still]
|cant|p1a: Farigiraf|ability: Armor Tail|Sucker Punch|[of] p2b: Kingambit
|move|p1b: Staraptor|Final Gambit|p2b: Kingambit
|-enditem|p2b: Kingambit|Focus Sash
|-damage|p2b: Kingambit|1/100
|faint|p1b: Staraptor
|move|p2a: Farigiraf|Dazzling Gleam|p1a: Farigiraf
|-damage|p1a: Farigiraf|79/100
|move|p1a: Farigiraf|Thunderbolt|p2b: Kingambit
|-damage|p2b: Kingambit|0 fnt
|faint|p2b: Kingambit
|
|upkeep
|
|t:|1783359787
|switch|p1b: Aurorus|Aurorus, L50, M|100/100
|switch|p2b: Charizard|Charizard, L50, F|100/100
|-weather|Snowscape|[from] ability: Snow Warning|[of] p1b: Aurorus
|turn|2
|
|t:|1783359802
|detailschange|p2b: Charizard|Charizard-Mega-Y, L50, F
|-mega|p2b: Charizard|Charizard|Charizardite Y
|-weather|SunnyDay|[from] ability: Drought|[of] p2b: Charizard
|move|p2b: Charizard|Weather Ball|p1a: Farigiraf
|-damage|p1a: Farigiraf|15/100
|move|p2a: Farigiraf|Dazzling Gleam|p1a: Farigiraf|[spread] p1a,p1b
|-damage|p1a: Farigiraf|0 fnt
|-damage|p1b: Aurorus|83/100
|faint|p1a: Farigiraf
|move|p1b: Aurorus|Blizzard|p2a: Farigiraf|[spread] p2a,p2b
|-damage|p2a: Farigiraf|45/100
|-damage|p2b: Charizard|55/100
|
|-weather|SunnyDay|[upkeep]
|upkeep
|
|t:|1783359811
|switch|p1a: Mawile|Mawile, L50, F|100/100
|-ability|p1a: Mawile|Intimidate|boost
|-unboost|p2a: Farigiraf|atk|1
|-unboost|p2b: Charizard|atk|1
|turn|3
|inactive|lox1sm has 30 seconds left.
|
|t:|1783359845
|detailschange|p1a: Mawile|Mawile-Mega, L50, F
|-mega|p1a: Mawile|Mawile|Mawilite
|move|p1a: Mawile|Protect|p1a: Mawile
|-singleturn|p1a: Mawile|Protect
|move|p2b: Charizard|Weather Ball|p1a: Mawile
|-activate|p1a: Mawile|move: Protect
|move|p2a: Farigiraf|Psychic|p1b: Aurorus
|-damage|p1b: Aurorus|45/100
|move|p1b: Aurorus|Blizzard|p2b: Charizard|[spread] p2a,p2b
|-damage|p2a: Farigiraf|0 fnt
|-damage|p2b: Charizard|10/100
|faint|p2a: Farigiraf
|
|-weather|SunnyDay|[upkeep]
|upkeep
|
|t:|1783359849
|switch|p2a: Primarina|Primarina, L50, F|100/100
|turn|4
|
|t:|1783359860
|move|p2b: Charizard|Protect|p2b: Charizard
|-singleturn|p2b: Charizard|Protect
|move|p1a: Mawile|Sucker Punch||[still]
|-fail|p1a: Mawile
|move|p2a: Primarina|Hyper Voice|p1b: Aurorus|[spread] p1a,p1b
|-supereffective|p1b: Aurorus|1
|-damage|p1a: Mawile|71/100
|-damage|p1b: Aurorus|10/100
|move|p1b: Aurorus|Freeze-Dry|p2a: Primarina
|-supereffective|p2a: Primarina|1
|-damage|p2a: Primarina|14/100
|
|-weather|SunnyDay|[upkeep]
|upkeep
|turn|5
|
|t:|1783359872
|move|p2b: Charizard|Protect||[still]
|-fail|p2b: Charizard
|move|p1a: Mawile|Sucker Punch||[still]
|-fail|p1a: Mawile
|move|p2a: Primarina|Hyper Voice|p1a: Mawile|[spread] p1a,p1b
|-supereffective|p1b: Aurorus|1
|-damage|p1a: Mawile|45/100
|-damage|p1b: Aurorus|0 fnt
|faint|p1b: Aurorus
|
|-weather|SunnyDay|[upkeep]
|upkeep
|turn|6
|
|t:|1783359890
|move|p2b: Charizard|Protect|p2b: Charizard
|-singleturn|p2b: Charizard|Protect
|move|p2a: Primarina|Protect|p2a: Primarina
|-singleturn|p2a: Primarina|Protect
|move|p1a: Mawile|Sucker Punch||[still]
|-fail|p1a: Mawile
|
|-weather|none
|upkeep
|turn|7
|
|t:|1783359899
|move|p2b: Charizard|Heat Wave|p1a: Mawile
|-supereffective|p1a: Mawile|1
|-damage|p1a: Mawile|0 fnt
|faint|p1a: Mawile
|
|win|lox1sm
|raw|jackolascooking's rating: 1132 → 1114(-18 for losing)
|raw|lox1sm's rating: 1232 → 1250(+18 for winning)
|l|☆jackolascooking
|player|p1|
