|j|☆Gunho Magika
|j|☆lux raymundi
|html|Gunho Magikalux raymundi    
|uhtml|bestof|Game 1 of a best-of-3
|t:|1782181595
|gametype|doubles
|player|p1|Gunho Magika|riley|1086
|player|p2|lux raymundi|169|1155
|gen|9
|tier|[Gen 9 Champions] VGC 2026 Reg M-B (Bo3)
|rated|
|rule|Species Clause: Limit one of each Pokémon
|rule|Item Clause: Limit 1 of each item
|clearpoke
|poke|p1|Eelektross, L50, M|
|poke|p1|Garchomp, L50, F|
|poke|p1|Whimsicott, L50, F|
|poke|p1|Farigiraf, L50, F|
|poke|p1|Metagross, L50|
|poke|p1|Sneasler, L50, M|
|poke|p2|Pelipper, L50, M|
|poke|p2|Swampert, L50, F|
|poke|p2|Basculegion, L50, M|
|poke|p2|Incineroar, L50, M|
|poke|p2|Floette-Eternal, L50, F|
|poke|p2|Archaludon, L50, F|
|teampreview|4
|showteam|p1|Eelektross||Eelektrossite|Levitate|Thunderbolt,DragonPulse,Flamethrower,Protect|Modest||M|||50|]Garchomp||LifeOrb|RoughSkin|Earthquake,DragonClaw,RockSlide,Protect|Jolly||F|||50|]Whimsicott||FocusSash|Prankster|Moonblast,Tailwind,Encore,Protect|Timid||F|||50|]Farigiraf||SitrusBerry|ArmorTail|GrassKnot,PsychicNoise,Imprison,TrickRoom|Modest||F|||50|]Metagross||Metagrossite|ClearBody|BulletPunch,PsychicFangs,StompingTantrum,Protect|Adamant|||||50|]Sneasler||WhiteHerb|Unburden|DireClaw,CloseCombat,FakeOut,Coaching|Jolly||M|||50|
|showteam|p2|Pelipper||FocusSash|Drizzle|WeatherBall,Tailwind,Hurricane,WideGuard|Modest||M|||50|]Swampert||Swampertite|Torrent|WaveCrash,Earthquake,HighHorsepower,Protect|Adamant||F|||50|]Basculegion||ChoiceScarf|Adaptability|WaveCrash,FlipTurn,LastRespects,AquaJet|Jolly||M|||50|]Incineroar||SitrusBerry|Intimidate|FakeOut,ThroatChop,WillOWisp,PartingShot|Serious||M|||50|]Floette-Eternal||Floettite|FlowerVeil|CalmMind,DrainingKiss,Moonblast,Protect|Modest||F|||50|]Archaludon||Leftovers|Stamina|ElectroShot,DragonPulse,FlashCannon,Protect|Modest||F|||50|
|
|t:|1782181646
|teamsize|p1|4
|teamsize|p2|4
|start
|switch|p1a: Sneasler|Sneasler, L50, M|100/100
|switch|p1b: Eelektross|Eelektross, L50, M|100/100
|switch|p2a: Basculegion|Basculegion, L50, M|100/100
|switch|p2b: Swampert|Swampert, L50, F|100/100
|turn|1
|
|t:|1782181682
|switch|p1b: Garchomp|Garchomp, L50, F|100/100
|detailschange|p2b: Swampert|Swampert-Mega, L50, F
|-mega|p2b: Swampert|Swampert|Swampertite
|move|p1a: Sneasler|Fake Out|p2b: Swampert
|-damage|p2b: Swampert|89/100
|move|p2a: Basculegion|Flip Turn|p1b: Garchomp
|-damage|p1b: Garchomp|58/100
|-damage|p2a: Basculegion|87/100|[from] ability: Rough Skin|[of] p1b: Garchomp
|
|t:|1782181692
|switch|p2a: Pelipper|Pelipper, L50, M|100/100|[from] Flip Turn
|-weather|RainDance|[from] ability: Drizzle|[of] p2a: Pelipper
|cant|p2b: Swampert|flinch
|
|-weather|RainDance|[upkeep]
|upkeep
|turn|2
|
|t:|1782181721
|switch|p1a: Eelektross|Eelektross, L50, M|100/100
|move|p2b: Swampert|Earthquake|p1a: Eelektross|[spread] p1b
|-immune|p2a: Pelipper
|-immune|p1a: Eelektross|[from] ability: Levitate
|-damage|p1b: Garchomp|19/100
|move|p1b: Garchomp|Dragon Claw|p2a: Pelipper
|-damage|p2a: Pelipper|33/100
|-damage|p1b: Garchomp|9/100|[from] item: Life Orb
|move|p2a: Pelipper|Tailwind|p2a: Pelipper
|-sidestart|p2: lux raymundi|move: Tailwind
|
|-weather|RainDance|[upkeep]
|upkeep
|turn|3
|
|t:|1782181744
|detailschange|p1a: Eelektross|Eelektross-Mega, L50, M
|-mega|p1a: Eelektross|Eelektross|Eelektrossite
|move|p1a: Eelektross|Protect|p1a: Eelektross
|-singleturn|p1a: Eelektross|Protect
|move|p2b: Swampert|Wave Crash|p1a: Eelektross
|-activate|p1a: Eelektross|move: Protect
|move|p2a: Pelipper|Weather Ball|p1a: Eelektross
|-activate|p1a: Eelektross|move: Protect
|move|p1b: Garchomp|Rock Slide|p2b: Swampert|[spread] p2a,p2b
|-supereffective|p2a: Pelipper|1
|-resisted|p2b: Swampert|1
|-damage|p2a: Pelipper|0 fnt
|-damage|p2b: Swampert|80/100
|faint|p2a: Pelipper
|-damage|p1b: Garchomp|0 fnt|[from] item: Life Orb
|faint|p1b: Garchomp
|
|-weather|RainDance|[upkeep]
|upkeep
|
|t:|1782181756
|switch|p1b: Whimsicott|Whimsicott, L50, F|100/100
|switch|p2a: Basculegion|Basculegion, L50, M|87/100
|turn|4
|
|t:|1782181787
|switch|p1a: Sneasler|Sneasler, L50, M|100/100
|move|p1b: Whimsicott|Tailwind|p1b: Whimsicott
|-sidestart|p1: Gunho Magika|move: Tailwind
|move|p2a: Basculegion|Flip Turn|p1a: Sneasler
|-damage|p1a: Sneasler|7/100
|
|t:|1782181790
|switch|p2a: Archaludon|Archaludon, L50, F|100/100|[from] Flip Turn
|move|p2b: Swampert|Wave Crash|p1a: Sneasler
|-damage|p1a: Sneasler|0 fnt
|faint|p1a: Sneasler
|-damage|p2b: Swampert|78/100|[from] Recoil
|
|-weather|RainDance|[upkeep]
|upkeep
|
|t:|1782181797
|switch|p1a: Eelektross|Eelektross-Mega, L50, M|100/100
|turn|5
|
|t:|1782181815
|move|p2b: Swampert|Wave Crash|p1b: Whimsicott
|-resisted|p1b: Whimsicott|1
|-damage|p1b: Whimsicott|29/100
|-damage|p2b: Swampert|63/100|[from] Recoil
|move|p1b: Whimsicott|Moonblast|p2b: Swampert
|-damage|p2b: Swampert|38/100
|move|p1a: Eelektross|Dragon Pulse|p2b: Swampert
|-damage|p2b: Swampert|10/100
|move|p2a: Archaludon|Flash Cannon|p1b: Whimsicott
|-supereffective|p1b: Whimsicott|1
|-damage|p1b: Whimsicott|0 fnt
|faint|p1b: Whimsicott
|
|-weather|none
|-sideend|p2: lux raymundi|move: Tailwind
|upkeep
|turn|6
|-message|Gunho Magika forfeited.
|
|win|lux raymundi
