|j|☆GrovyleSSJ
|j|☆testy223345
|html|GrovyleSSJtesty223345    
|uhtml|bestof|Game 1 of a best-of-3
|t:|1782649122
|gametype|doubles
|player|p1|GrovyleSSJ|1|1378
|player|p2|testy223345|1|1316
|gen|9
|tier|[Gen 9 Champions] VGC 2026 Reg M-B (Bo3)
|rated|
|rule|Species Clause: Limit one of each Pokémon
|rule|Item Clause: Limit 1 of each item
|clearpoke
|poke|p1|Gengar, L50, F|
|poke|p1|Incineroar, L50, F|
|poke|p1|Ninetales-Alola, L50, F|
|poke|p1|Snorlax, L50, F|
|poke|p1|Dragonite, L50, M|
|poke|p1|Sneasler, L50, M|
|poke|p2|Sinistcha, L50|
|poke|p2|Incineroar, L50, M|
|poke|p2|Milotic, L50, F|
|poke|p2|Raichu, L50, F|
|poke|p2|Floette-Eternal, L50, F|
|poke|p2|Ceruledge, L50, F|
|teampreview|4
|showteam|p1|Gengar||Gengarite|CursedBody|Protect,PerishSong,SludgeBomb,ShadowBall|Timid||F|||50|]Incineroar||SitrusBerry|Intimidate|FakeOut,PartingShot,FlareBlitz,Protect|Sassy||F|||50|]Ninetales-Alola||NeverMeltIce|SnowWarning|Protect,Encore,Disable,Blizzard|Timid||F|||50|]Snorlax||Leftovers|ThickFat|Protect,Yawn,Encore,HighHorsepower|Relaxed||F|||50|]Dragonite||DragonFang|Multiscale|Protect,LowKick,ExtremeSpeed,DragonClaw|Adamant||M|||50|]Sneasler||WhiteHerb|Unburden|Protect,FakeOut,CloseCombat,DireClaw|Adamant||M|||50|
|showteam|p2|Sinistcha||KasibBerry|Hospitality|MatchaGotcha,LifeDew,RagePowder,Protect|Relaxed|||||50|]Incineroar||SitrusBerry|Intimidate|FlareBlitz,ThroatChop,FakeOut,PartingShot|Impish||M|||50|]Milotic||Leftovers|Competitive|MuddyWater,Coil,Hypnosis,Protect|Calm||F|||50|]Raichu||RaichuniteY|LightningRod|ZapCannon,FocusBlast,FakeOut,Protect|Timid||F|||50|]Floette-Eternal||Floettite|FlowerVeil|DazzlingGleam,DrainingKiss,CalmMind,Protect|Timid||F|||50|]Ceruledge||ColburBerry|FlashFire|BitterBlade,ShadowSneak,BulkUp,Protect|Adamant||F|||50|
|inactive|Battle timer is ON: inactive players will automatically lose when time's up. (requested by GrovyleSSJ)
|inactive|GrovyleSSJ has 60 seconds left.
|inactive|testy223345 has 60 seconds left.
|inactive|GrovyleSSJ has 30 seconds left.
|inactive|GrovyleSSJ has 20 seconds left.
|inactive|GrovyleSSJ has 15 seconds left.
|inactive|GrovyleSSJ has 10 seconds left.
|inactive|GrovyleSSJ has 5 seconds left.
|
|t:|1782649215
|teamsize|p1|4
|teamsize|p2|4
|start
|switch|p1a: Gengar|Gengar, L50, F|100/100
|switch|p1b: Incineroar|Incineroar, L50, F|100/100
|switch|p2a: Milotic|Milotic, L50, F|100/100
|switch|p2b: Raichu|Raichu, L50, F|100/100
|-ability|p1b: Incineroar|Intimidate|boost
|-unboost|p2a: Milotic|atk|1
|-ability|p2a: Milotic|Competitive|boost
|-boost|p2a: Milotic|spa|2
|-unboost|p2b: Raichu|atk|1
|turn|1
|
|t:|1782649234
|switch|p1b: Sneasler|Sneasler, L50, M|100/100
|detailschange|p2b: Raichu|Raichu-Mega-Y, L50, F
|-mega|p2b: Raichu|Raichu|Raichunite Y
|detailschange|p1a: Gengar|Gengar-Mega, L50, F
|-mega|p1a: Gengar|Gengar|Gengarite
|move|p1a: Gengar|Protect|p1a: Gengar
|-singleturn|p1a: Gengar|Protect
|move|p2b: Raichu|Fake Out|p1b: Sneasler
|-damage|p1b: Sneasler|91/100
|move|p2a: Milotic|Hypnosis|p1a: Gengar
|-activate|p1a: Gengar|move: Protect
|
|upkeep
|turn|2
|
|t:|1782649259
|move|p1b: Sneasler|Fake Out|p2b: Raichu
|-damage|p2b: Raichu|78/100
|cant|p2b: Raichu|flinch
|move|p1a: Gengar|Perish Song|p1a: Gengar
|-start|p1a: Gengar|perish3|[silent]
|-start|p1b: Sneasler|perish3|[silent]
|-start|p2a: Milotic|perish3|[silent]
|-start|p2b: Raichu|perish3|[silent]
|-fieldactivate|move: Perish Song
|move|p2a: Milotic|Hypnosis|p1a: Gengar
|-status|p1a: Gengar|slp|[from] move: Hypnosis
|
|-start|p2b: Raichu|perish3
|-start|p1b: Sneasler|perish3
|-start|p1a: Gengar|perish3
|-start|p2a: Milotic|perish3
|upkeep
|turn|3
|inactive|GrovyleSSJ has 30 seconds left.
|inactive|GrovyleSSJ has 20 seconds left.
|inactive|GrovyleSSJ has 15 seconds left.
|
|t:|1782649299
|cant|p1a: Gengar|slp
|move|p2b: Raichu|Zap Cannon|p1a: Gengar
|-damage|p1a: Gengar|28/100 slp
|move|p1b: Sneasler|Dire Claw|p2a: Milotic
|-damage|p2a: Milotic|65/100
|move|p2a: Milotic|Muddy Water|p1b: Sneasler|[spread] p1a,p1b
|-damage|p1a: Gengar|0 fnt
|-damage|p1b: Sneasler|30/100
|faint|p1a: Gengar
|
|-heal|p2a: Milotic|71/100|[from] item: Leftovers
|-start|p2b: Raichu|perish2
|-start|p1b: Sneasler|perish2
|-start|p2a: Milotic|perish2
|upkeep
|
|t:|1782649312
|switch|p1a: Snorlax|Snorlax, L50, F|100/100
|turn|4
|
|t:|1782649334
|switch|p2b: Incineroar|Incineroar, L50, M|100/100
|-ability|p2b: Incineroar|Intimidate|boost
|-unboost|p1a: Snorlax|atk|1
|-unboost|p1b: Sneasler|atk|1
|-enditem|p1b: Sneasler|White Herb
|-clearnegativeboost|p1b: Sneasler|[silent]
|switch|p2a: Ceruledge|Ceruledge, L50, F|100/100
|move|p1a: Snorlax|Protect|p1a: Snorlax
|-singleturn|p1a: Snorlax|Protect
|move|p1b: Sneasler|Dire Claw|p2a: Ceruledge
|-resisted|p2a: Ceruledge|1
|-damage|p2a: Ceruledge|79/100
|-status|p2a: Ceruledge|psn
|
|-damage|p2a: Ceruledge|66/100 psn|[from] psn
|-start|p1b: Sneasler|perish1
|upkeep
|turn|5
|
|t:|1782649358
|switch|p1a: Incineroar|Incineroar, L50, F|100/100
|-ability|p1a: Incineroar|Intimidate|boost
|-unboost|p2a: Ceruledge|atk|1
|-unboost|p2b: Incineroar|atk|1
|move|p1b: Sneasler|Close Combat|p2b: Incineroar
|-supereffective|p2b: Incineroar|1
|-damage|p2b: Incineroar|12/100
|-unboost|p1b: Sneasler|def|1
|-unboost|p1b: Sneasler|spd|1
|-enditem|p2b: Incineroar|Sitrus Berry|[eat]
|-heal|p2b: Incineroar|37/100|[from] item: Sitrus Berry
|move|p2a: Ceruledge|Bulk Up|p2a: Ceruledge
|-boost|p2a: Ceruledge|atk|1
|-boost|p2a: Ceruledge|def|1
|move|p2b: Incineroar|Parting Shot|p1a: Incineroar
|-unboost|p1a: Incineroar|atk|1
|-unboost|p1a: Incineroar|spa|1
|inactive|testy223345 has 30 seconds left.
|
|t:|1782649388
|switch|p2b: Raichu|Raichu-Mega-Y, L50, F|78/100|[from] Parting Shot
|
|-damage|p2a: Ceruledge|54/100 psn|[from] psn
|-start|p1b: Sneasler|perish0
|upkeep
|faint|p1b: Sneasler
|
|t:|1782649405
|switch|p1b: Snorlax|Snorlax, L50, F|100/100
|turn|6
|inactive|GrovyleSSJ has 30 seconds left.
|
|t:|1782649440
|switch|p2a: Incineroar|Incineroar, L50, M|37/100
|-ability|p2a: Incineroar|Intimidate|boost
|-unboost|p1a: Incineroar|atk|1
|-unboost|p1b: Snorlax|atk|1
|move|p2b: Raichu|Protect|p2b: Raichu
|-singleturn|p2b: Raichu|Protect
|move|p1a: Incineroar|Flare Blitz|p2b: Raichu
|-activate|p2b: Raichu|move: Protect
|move|p1b: Snorlax|High Horsepower|p2a: Incineroar
|-supereffective|p2a: Incineroar|1
|-damage|p2a: Incineroar|13/100
|
|upkeep
|turn|7
|
|t:|1782649464
|move|p1a: Incineroar|Protect|p1a: Incineroar
|-singleturn|p1a: Incineroar|Protect
|move|p2a: Incineroar|Fake Out|p1b: Snorlax
|-damage|p1b: Snorlax|93/100
|move|p2b: Raichu|Focus Blast|p1b: Snorlax
|-supereffective|p1b: Snorlax|1
|-damage|p1b: Snorlax|44/100
|cant|p1b: Snorlax|flinch
|
|-heal|p1b: Snorlax|50/100g|[from] item: Leftovers
|upkeep
|turn|8
|
|t:|1782649481
|move|p1b: Snorlax|Protect|p1b: Snorlax
|-singleturn|p1b: Snorlax|Protect
|move|p2b: Raichu|Focus Blast|p1a: Incineroar
|-supereffective|p1a: Incineroar|1
|-damage|p1a: Incineroar|29/100
|-enditem|p1a: Incineroar|Sitrus Berry|[eat]
|-heal|p1a: Incineroar|54/100|[from] item: Sitrus Berry
|move|p2a: Incineroar|Throat Chop|p1b: Snorlax
|-activate|p1b: Snorlax|move: Protect
|move|p1a: Incineroar|Flare Blitz|p2a: Incineroar
|-resisted|p2a: Incineroar|1
|-crit|p2a: Incineroar
|-damage|p2a: Incineroar|0 fnt
|faint|p2a: Incineroar
|-damage|p1a: Incineroar|50/100y|[from] Recoil
|
|-heal|p1b: Snorlax|56/100|[from] item: Leftovers
|upkeep
|
|t:|1782649498
|switch|p2a: Milotic|Milotic, L50, F|71/100
|turn|9
|
|t:|1782649509
|move|p1b: Snorlax|Protect||[still]
|-fail|p1b: Snorlax
|move|p2b: Raichu|Focus Blast|p1b: Snorlax
|-supereffective|p1b: Snorlax|1
|-damage|p1b: Snorlax|1/100
|move|p2a: Milotic|Coil|p2a: Milotic
|-boost|p2a: Milotic|atk|1
|-boost|p2a: Milotic|def|1
|-boost|p2a: Milotic|accuracy|1
|move|p1a: Incineroar|Flare Blitz|p2b: Raichu
|-damage|p2b: Raichu|43/100
|-damage|p1a: Incineroar|40/100|[from] Recoil
|
|-heal|p2a: Milotic|77/100|[from] item: Leftovers
|-heal|p1b: Snorlax|6/100|[from] item: Leftovers
|upkeep
|turn|10
|
|t:|1782649525
|move|p2b: Raichu|Protect|p2b: Raichu
|-singleturn|p2b: Raichu|Protect
|move|p1b: Snorlax|Protect|p1b: Snorlax
|-singleturn|p1b: Snorlax|Protect
|move|p2a: Milotic|Muddy Water|p1b: Snorlax|[spread] p1a
|-activate|p1b: Snorlax|move: Protect
|-supereffective|p1a: Incineroar|1
|-damage|p1a: Incineroar|4/100
|move|p1a: Incineroar|Flare Blitz|p2b: Raichu
|-activate|p2b: Raichu|move: Protect
|
|-heal|p2a: Milotic|83/100|[from] item: Leftovers
|-heal|p1b: Snorlax|12/100|[from] item: Leftovers
|upkeep
|turn|11
|
|t:|1782649540
|move|p2b: Raichu|Focus Blast|p1b: Snorlax
|-supereffective|p1b: Snorlax|1
|-damage|p1b: Snorlax|0 fnt
|faint|p1b: Snorlax
|move|p2a: Milotic|Muddy Water|p1a: Incineroar
|-supereffective|p1a: Incineroar|1
|-damage|p1a: Incineroar|0 fnt
|faint|p1a: Incineroar
|
|win|testy223345
|l|☆testy223345
|player|p2|
||GrovyleSSJ is ready for game 2.
||testy223345 is ready for game 2.
|uhtml|next|Next: Game 2 of 3
