|j|☆Ribombees believer
|j|☆wweewwzz
|html|Ribombees believerwweewwzz    
|uhtml|bestof|Game 2 of a best-of-3
|t:|1755991540
|gametype|doubles
|player|p1|Ribombees believer|skier|1329
|player|p2|wweewwzz|pokekid|1287
|gen|9
|tier|[Gen 9] VGC 2025 Reg H (Bo3)
|rated|
|rule|Species Clause: Limit one of each Pokémon
|rule|Item Clause: Limit 1 of each item
|clearpoke
|poke|p1|Dondozo, L50, F|
|poke|p1|Tatsugiri, L50, F|
|poke|p1|Indeedee, L50, M|
|poke|p1|Dragapult, L50, M|
|poke|p1|Hydreigon, L50, F|
|poke|p1|Ribombee, L50, M|
|poke|p2|Gholdengo, L50|
|poke|p2|Incineroar, L50, F|
|poke|p2|Ursaluna, L50, F|
|poke|p2|Sinistcha, L50|
|poke|p2|Sneasler, L50, M|
|poke|p2|Dragonite, L50, F|
|teampreview|4
|showteam|p1|Dondozo||Leftovers|Unaware|WaveCrash,Earthquake,OrderUp,Protect|||F|||50|,,,,,Grass]Tatsugiri||ChoiceScarf|Commander|MuddyWater,DracoMeteor,DragonPulse,TeraBlast|||F|||50|,,,,,Fairy]Indeedee||FocusSash|PsychicSurge|ExpandingForce,TeraBlast,HyperVoice,Protect|||M|||50|,,,,,Fighting]Dragapult||ChoiceBand|ClearBody|DragonDarts,Outrage,PhantomForce,Uturn|||M|||50|,,,,,Dragon]Hydreigon||AssaultVest|Levitate|EarthPower,Snarl,DarkPulse,DracoMeteor|||F|||50|,,,,,Steel]Ribombee||ChoiceSpecs|ShieldDust|Moonblast,PollenPuff,DazzlingGleam,TeraBlast|||M|||50|,,,,,Ground
|showteam|p2|Gholdengo||LifeOrb|GoodasGold|MakeItRain,ShadowBall,NastyPlot,Protect||||||50|,,,,,Water]Incineroar||AssaultVest|Intimidate|FakeOut,Uturn,KnockOff,FlareBlitz|||F|||50|,,,,,Ghost]Ursaluna||FlameOrb|Guts|Earthquake,Facade,HeadlongRush,Protect|||F|||50|,,,,,Ghost]Sinistcha||SitrusBerry|Hospitality|MatchaGotcha,LifeDew,RagePowder,TrickRoom||||||50|,,,,,Dark]Sneasler||FocusSash|PoisonTouch|DireClaw,CloseCombat,Coaching,Protect|||M|||50|,,,,,Flying]Dragonite||LoadedDice|Multiscale|ScaleShot,Haze,Tailwind,Protect|||F|||50|,,,,,Fairy
|inactive|Battle timer is ON: inactive players will automatically lose when time's up. (requested by wweewwzz)
|inactive|Ribombees believer also wants the timer to be on.
|
|t:|1755991562
|teamsize|p1|4
|teamsize|p2|4
|start
|switch|p1a: Dragapult|Dragapult, L50, M|100/100
|switch|p1b: Indeedee|Indeedee, L50, M|100/100
|switch|p2a: Incineroar|Incineroar, L50, F|100/100
|switch|p2b: Sinistcha|Sinistcha, L50|100/100
|-fieldstart|move: Psychic Terrain|[from] ability: Psychic Surge|[of] p1b: Indeedee
|-ability|p2a: Incineroar|Intimidate|boost
|-fail|p1a: Dragapult|unboost|[from] ability: Clear Body|[of] p1a: Dragapult
|-unboost|p1b: Indeedee|atk|1
|turn|1
|
|t:|1755991576
|-terastallize|p1a: Dragapult|Dragon
|move|p1a: Dragapult|Dragon Darts|p2a: Incineroar
|-crit|p2a: Incineroar
|-damage|p2a: Incineroar|25/100
|-anim|p1a: Dragapult|Dragon Darts|p2b: Sinistcha
|-damage|p2b: Sinistcha|49/100
|-enditem|p2b: Sinistcha|Sitrus Berry|[eat]
|-heal|p2b: Sinistcha|74/100|[from] item: Sitrus Berry
|move|p1b: Indeedee|Expanding Force|p2b: Sinistcha|[spread] p2b
|-immune|p2a: Incineroar
|-damage|p2b: Sinistcha|26/100
|move|p2a: Incineroar|U-turn|p1b: Indeedee
|-supereffective|p1b: Indeedee
|-damage|p1b: Indeedee|17/100
|
|t:|1755991586
|switch|p2a: Ursaluna|Ursaluna, L50, F, shiny|100/100|[from] U-turn
|move|p2b: Sinistcha|Trick Room|p2b: Sinistcha
|-fieldstart|move: Trick Room|[of] p2b: Sinistcha
|
|-status|p2a: Ursaluna|brn|[from] item: Flame Orb
|upkeep
|turn|2
|
|t:|1755991596
|switch|p1b: Dondozo|Dondozo, L50, F|100/100
|switch|p1a: Tatsugiri|Tatsugiri, L50, F|100/100
|-activate|p1a: Tatsugiri|ability: Commander|[of] p1b: Dondozo
|-boost|p1b: Dondozo|atk|2
|-boost|p1b: Dondozo|spa|2
|-boost|p1b: Dondozo|spe|2
|-boost|p1b: Dondozo|def|2
|-boost|p1b: Dondozo|spd|2
|move|p2b: Sinistcha|Life Dew||[still]|[spread] p2a,p2b
|-fail|p2a: Ursaluna|heal
|-heal|p2b: Sinistcha|52/100
|move|p2a: Ursaluna|Earthquake|p1b: Dondozo|[spread] p2b,p1b
|-miss|p2a: Ursaluna|p1a: Tatsugiri
|-resisted|p2b: Sinistcha
|-damage|p2b: Sinistcha|22/100
|-damage|p1b: Dondozo|78/100
|
|-heal|p1b: Dondozo|84/100|[from] item: Leftovers
|-damage|p2a: Ursaluna|94/100 brn|[from] brn
|upkeep
|turn|3
|
|t:|1755991607
|-terastallize|p2a: Ursaluna|Ghost
|move|p2b: Sinistcha|Matcha Gotcha|p1a: Tatsugiri|[spread] p1b
|-miss|p2b: Sinistcha|p1a: Tatsugiri
|-supereffective|p1b: Dondozo
|-damage|p1b: Dondozo|56/100
|-heal|p2b: Sinistcha|40/100|[from] drain|[of] p1b: Dondozo
|move|p2a: Ursaluna|Facade|p1b: Dondozo
|-damage|p1b: Dondozo|8/100
|move|p1b: Dondozo|Wave Crash|p2a: Ursaluna
|-damage|p2a: Ursaluna|17/100 brn
|-damage|p1b: Dondozo|0 fnt|[from] Recoil
|faint|p1b: Dondozo
|
|-damage|p2a: Ursaluna|11/100 brn|[from] brn
|upkeep
|
|t:|1755991620
|switch|p1b: Dragapult|Dragapult, L50, M, tera:Dragon|100/100
|turn|4
|
|t:|1755991629
|move|p2b: Sinistcha|Life Dew|p2b: Sinistcha|[spread] p2a,p2b
|-heal|p2a: Ursaluna|36/100 brn
|-heal|p2b: Sinistcha|66/100
|move|p2a: Ursaluna|Earthquake|p1a: Tatsugiri|[spread] p2b,p1a,p1b
|-resisted|p2b: Sinistcha
|-damage|p2b: Sinistcha|34/100
|-damage|p1a: Tatsugiri|0 fnt
|-damage|p1b: Dragapult|10/100
|faint|p1a: Tatsugiri
|move|p1b: Dragapult|Dragon Darts|p2a: Ursaluna
|-damage|p2a: Ursaluna|0 fnt
|-anim|p1b: Dragapult|Dragon Darts|p2b: Sinistcha
|-damage|p2b: Sinistcha|0 fnt
|faint|p2a: Ursaluna
|faint|p2b: Sinistcha
|
|upkeep
|
|t:|1755991637
|switch|p2b: Gholdengo|Gholdengo, L50|100/100
|switch|p2a: Incineroar|Incineroar, L50, F|25/100
|switch|p1a: Indeedee|Indeedee, L50, M|17/100
|-ability|p2a: Incineroar|Intimidate|boost
|-unboost|p1a: Indeedee|atk|1
|-fail|p1b: Dragapult|unboost|[from] ability: Clear Body|[of] p1b: Dragapult
|turn|5
|
|t:|1755991647
|move|p2a: Incineroar|Flare Blitz|p1a: Indeedee
|-damage|p1a: Indeedee|0 fnt
|faint|p1a: Indeedee
|-damage|p2a: Incineroar|22/100|[from] Recoil
|move|p2b: Gholdengo|Shadow Ball|p1b: Dragapult
|-damage|p1b: Dragapult|0 fnt
|faint|p1b: Dragapult
|-damage|p2b: Gholdengo|91/100|[from] item: Life Orb
|
|win|wweewwzz
|raw|Ribombees believer's rating: 1329 → 1307(-22 for losing)
|raw|wweewwzz's rating: 1287 → 1315(+28 for winning)
