|j|☆Raijin and Tonic
|j|☆Raining in Hoenn
|html|Raijin and TonicRaining in Hoenn    
|uhtml|bestof|Game 2 of a best-of-3
|t:|1757637509
|gametype|doubles
|player|p1|Raijin and Tonic|169|1103
|player|p2|Raining in Hoenn|2|1119
|gen|9
|tier|[Gen 9] VGC 2025 Reg H (Bo3)
|rated|
|rule|Species Clause: Limit one of each Pokémon
|rule|Item Clause: Limit 1 of each item
|clearpoke
|poke|p1|Torkoal, L50, M|
|poke|p1|Jumpluff, L50, F|
|poke|p1|Typhlosion-Hisui, L50, M|
|poke|p1|Kingambit, L50, M|
|poke|p1|Dragonite, L50, M|
|poke|p1|Garchomp, L50, M|
|poke|p2|Rillaboom, L50, M|
|poke|p2|Magmar, L50, M|
|poke|p2|Kingambit, L50, M|
|poke|p2|Ninetales-Alola, L50, F|
|poke|p2|Basculegion, L50, M|
|poke|p2|Sneasler, L50, F|
|teampreview|4
|showteam|p1|Torkoal||EjectPack|Drought|Overheat,BurningJealousy,HelpingHand,Protect|||M|||50|,,,,,Flying]Jumpluff||CovertCloak|Chlorophyll|LeafStorm,SleepPowder,Encore,Tailwind|||F|||50|,,,,,Poison]Typhlosion-Hisui||ChoiceSpecs|Blaze|Eruption,ShadowBall,HeatWave,Overheat|||M|||50|,,,,,Fire]Kingambit||AssaultVest|Defiant|Assurance,IronHead,SuckerPunch,LowKick|||M|||50|,,,,,Flying]Dragonite||LoadedDice|Multiscale|ScaleShot,ExtremeSpeed,IceSpinner,Protect|||M|||50|,,,,,Fairy]Garchomp||LifeOrb|RoughSkin|DragonClaw,StompingTantrum,Earthquake,Protect|||M|||50|,,,,,Fire
|showteam|p2|Rillaboom||AssaultVest|GrassySurge|DrumBeating,GrassyGlide,FakeOut,HighHorsepower|||M|||50|,,,,,Fire]Magmar||Eviolite|VitalSpirit|Overheat,FollowMe,Taunt,Protect|||M|||50|,,,,,Ghost]Kingambit||BlackGlasses|Defiant|KowtowCleave,SuckerPunch,SwordsDance,Protect|||M|||50|,,,,,Fire]Ninetales-Alola||LifeOrb|SnowWarning|Blizzard,FreezeDry,Encore,Protect|||F|||50|,,,,,Ghost]Basculegion||ChoiceScarf|Adaptability|WaveCrash,LastRespects,TeraBlast,FlipTurn|||M|||50|,,,,,Fighting]Sneasler||FocusSash|PoisonTouch|DireClaw,CloseCombat,FakeOut,Protect|||F|||50|,,,,,Ghost
|inactive|Battle timer is ON: inactive players will automatically lose when time's up. (requested by Raijin and Tonic)
|inactive|Raining in Hoenn has 60 seconds left.
|
|t:|1757637569
|teamsize|p1|4
|teamsize|p2|4
|start
|switch|p1a: Jumpluff|Jumpluff, L50, F, shiny|100/100
|switch|p1b: Torkoal|Torkoal, L50, M, shiny|100/100
|switch|p2a: Basculegion|Basculegion, L50, M|100/100
|switch|p2b: Magmar|Magmar, L50, M, shiny|100/100
|-weather|SunnyDay|[from] ability: Drought|[of] p1b: Torkoal
|turn|1
|inactive|Raining in Hoenn has 30 seconds left.
|
|t:|1757637599
|move|p1a: Jumpluff|Tailwind|p1a: Jumpluff
|-sidestart|p1: Raijin and Tonic|move: Tailwind
|move|p2a: Basculegion|Flip Turn|p1b: Torkoal
|-supereffective|p1b: Torkoal
|-damage|p1b: Torkoal|71/100
|
|t:|1757637611
|switch|p2a: Rillaboom|Rillaboom, L50, M|100/100|[from] Flip Turn
|-fieldstart|move: Grassy Terrain|[from] ability: Grassy Surge|[of] p2a: Rillaboom
|move|p2b: Magmar|Overheat|p1a: Jumpluff
|-supereffective|p1a: Jumpluff
|-damage|p1a: Jumpluff|0 fnt
|-unboost|p2b: Magmar|spa|2
|faint|p1a: Jumpluff
|move|p1b: Torkoal|Overheat|p2a: Rillaboom
|-supereffective|p2a: Rillaboom
|-damage|p2a: Rillaboom|0 fnt
|-unboost|p1b: Torkoal|spa|2
|faint|p2a: Rillaboom
|-enditem|p1b: Torkoal|Eject Pack
|
|t:|1757637623
|switch|p1b: Garchomp|Garchomp, L50, M, shiny|100/100
|
|-weather|SunnyDay|[upkeep]
|upkeep
|
|t:|1757637631
|switch|p1a: Kingambit|Kingambit, L50, M, shiny|100/100
|switch|p2a: Basculegion|Basculegion, L50, M|100/100
|turn|2
|inactive|Raining in Hoenn has 30 seconds left.
|inactive|Raijin and Tonic has 30 seconds left.
|
|t:|1757637670
|switch|p2a: Kingambit|Kingambit, L50, M, shiny|100/100
|-terastallize|p1a: Kingambit|Flying
|move|p2b: Magmar|Protect|p2b: Magmar
|-singleturn|p2b: Magmar|Protect
|move|p1a: Kingambit|Sucker Punch||[still]
|-fail|p1a: Kingambit
|move|p1b: Garchomp|Stomping Tantrum|p2b: Magmar
|-activate|p2b: Magmar|move: Protect
|
|-weather|SunnyDay|[upkeep]
|upkeep
|turn|3
|
|t:|1757637694
|move|p2b: Magmar|Follow Me|p2b: Magmar
|-singleturn|p2b: Magmar|move: Follow Me
|move|p1b: Garchomp|Stomping Tantrum|p2b: Magmar
|-supereffective|p2b: Magmar
|-damage|p2b: Magmar|19/100
|-damage|p1b: Garchomp|91/100|[from] item: Life Orb
|move|p1a: Kingambit|Low Kick|p2b: Magmar
|-damage|p2b: Magmar|1/100
|move|p2a: Kingambit|Swords Dance|p2a: Kingambit
|-boost|p2a: Kingambit|atk|2
|
|-weather|SunnyDay|[upkeep]
|-heal|p1b: Garchomp|97/100|[from] Grassy Terrain
|-heal|p2b: Magmar|7/100|[from] Grassy Terrain
|upkeep
|turn|4
|inactive|Raining in Hoenn has 30 seconds left.
|inactive|Raining in Hoenn has 20 seconds left.
|
|t:|1757637731
|switch|p2b: Basculegion|Basculegion, L50, M|100/100
|move|p1b: Garchomp|Protect|p1b: Garchomp
|-singleturn|p1b: Garchomp|Protect
|move|p2a: Kingambit|Sucker Punch||[still]
|-fail|p2a: Kingambit
|move|p1a: Kingambit|Assurance|p2b: Basculegion
|-supereffective|p2b: Basculegion
|-damage|p2b: Basculegion|17/100
|
|-weather|SunnyDay|[upkeep]
|-heal|p1b: Garchomp|100/100|[from] Grassy Terrain
|-heal|p2b: Basculegion|24/100|[from] Grassy Terrain
|-sideend|p1: Raijin and Tonic|move: Tailwind
|upkeep
|turn|5
|inactive|Raining in Hoenn has 30 seconds left.
|
|t:|1757637764
|-terastallize|p2b: Basculegion|Fighting
|move|p1a: Kingambit|Sucker Punch|p2b: Basculegion
|-resisted|p2b: Basculegion
|-damage|p2b: Basculegion|0 fnt
|faint|p2b: Basculegion
|move|p2a: Kingambit|Sucker Punch|p1b: Garchomp
|-damage|p1b: Garchomp|0 fnt
|-damage|p2a: Kingambit|88/100|[from] ability: Rough Skin|[of] p1b: Garchomp
|faint|p1b: Garchomp
|
|-weather|none
|-heal|p2a: Kingambit|94/100|[from] Grassy Terrain
|-fieldend|move: Grassy Terrain
|upkeep
|
|t:|1757637775
|switch|p1b: Torkoal|Torkoal, L50, M, shiny|71/100
|switch|p2b: Magmar|Magmar, L50, M, shiny|7/100
|-weather|SunnyDay|[from] ability: Drought|[of] p1b: Torkoal
|turn|6
|inactive|Raining in Hoenn has 30 seconds left.
|inactive|Raijin and Tonic has 30 seconds left.
|inactive|Raining in Hoenn has 20 seconds left.
|inactive|Raijin and Tonic has 20 seconds left.
|inactive|Raijin and Tonic has 15 seconds left.
|
|t:|1757637827
|move|p1b: Torkoal|Helping Hand|p1a: Kingambit
|-singleturn|p1a: Kingambit|Helping Hand|[of] p1b: Torkoal
|move|p2b: Magmar|Follow Me|p2b: Magmar
|-singleturn|p2b: Magmar|move: Follow Me
|move|p2a: Kingambit|Sucker Punch||[still]
|-fail|p2a: Kingambit
|move|p1a: Kingambit|Low Kick|p2b: Magmar
|-damage|p2b: Magmar|0 fnt
|faint|p2b: Magmar
|
|-weather|SunnyDay|[upkeep]
|upkeep
|turn|7
|
|t:|1757637841
|move|p1a: Kingambit|Sucker Punch|p2a: Kingambit
|-resisted|p2a: Kingambit
|-damage|p2a: Kingambit|80/100
|move|p2a: Kingambit|Sucker Punch||[still]
|-fail|p2a: Kingambit
|move|p1b: Torkoal|Burning Jealousy|p2a: Kingambit
|-supereffective|p2a: Kingambit
|-damage|p2a: Kingambit|7/100
|
|-weather|SunnyDay|[upkeep]
|upkeep
|turn|8
|
|t:|1757637858
|move|p1b: Torkoal|Helping Hand|p1a: Kingambit
|-singleturn|p1a: Kingambit|Helping Hand|[of] p1b: Torkoal
|move|p1a: Kingambit|Sucker Punch|p2a: Kingambit
|-resisted|p2a: Kingambit
|-damage|p2a: Kingambit|0 fnt
|faint|p2a: Kingambit
|
|win|Raijin and Tonic
|raw|Raijin and Tonic's rating: 1103 → 1129(+26 for winning)
|raw|Raining in Hoenn's rating: 1119 → 1093(-26 for losing)
|l|☆Raining in Hoenn
|player|p2|
|l|☆Raijin and Tonic
|player|p1|
|j|☆Raijin and Tonic
|player|p1|Raijin and Tonic|169|
