|j|☆tnasty_2012
|j|☆baggead
|html|tnasty_2012baggead    
|uhtml|bestof|Game 1 of a best-of-3
|t:|1784905040
|gametype|doubles
|player|p1|tnasty_2012|265|
|player|p2|baggead|102|
|gen|9
|tier|[Gen 9 Champions] VGC 2026 Reg M-B (Bo3)
|rule|Species Clause: Limit one of each Pokémon
|rule|Item Clause: Limit 1 of each item
|clearpoke
|poke|p1|Krookodile, L50, M, shiny|
|poke|p1|Victreebel, L50, F, shiny|
|poke|p1|Meowstic, L50, M, shiny|
|poke|p1|Staraptor, L50, F, shiny|
|poke|p1|Kommo-o, L50, M, shiny|
|poke|p1|Snorlax, L50, M, shiny|
|poke|p2|Mawile, L50, M|
|poke|p2|Scizor, L50, F|
|poke|p2|Blastoise, L50, F|
|poke|p2|Raichu-Alola, L50, M|
|poke|p2|Farigiraf, L50, M|
|poke|p2|Runerigus, L50, F|
|teampreview|4
|showteam|p1|Krookodile||ChoiceScarf|Intimidate|Earthquake,Taunt,DragonTail,RockSlide|Adamant||M|||50|]Victreebel||FocusSash|Chlorophyll|GigaDrain,WeatherBall,SunnyDay,SludgeBomb|Timid||F|||50|]Meowstic||Meowsticite|Prankster|FakeOut,PsychicNoise,Protect,SunnyDay|Hasty||M|||50|]Staraptor||Staraptite|Intimidate|CloseCombat,Roost,BraveBird,DoubleEdge|Jolly||F|||50|]Kommo-o||LifeOrb|Overcoat|ClangingScales,ClangorousSoul,AuraSphere,Boomburst|Modest||M|||50|]Snorlax||SitrusBerry|Gluttony|Crunch,Earthquake,FirePunch,Curse|Brave||M|||50|
|showteam|p2|Mawile||Mawilite|HyperCutter|PlayRough,SuckerPunch,KnockOff,Protect|Adamant||M|||50|]Scizor||SitrusBerry|Technician|BulletPunch,KnockOff,SwordsDance,Protect|Adamant||F|||50|]Blastoise||Blastoisinite|Torrent|FakeOut,IronDefense,DarkPulse,IceBeam|Quiet||F|||50|]Raichu-Alola||FocusSash|SurgeSurfer|FakeOut,Electroweb,Psychic,Nuzzle|Hasty||M|||50|]Farigiraf||MentalHerb|ArmorTail|Psychic,PsychUp,TrickRoom,Protect|Relaxed||M|||50|]Runerigus||ColburBerry|WanderingSpirit|BodyPress,WillOWisp,TrickRoom,Protect|Impish||F|||50|
|inactive|Battle timer is ON: inactive players will automatically lose when time's up. (requested by baggead)
|inactiveoff|Battle timer is now OFF.
|c|☆tnasty_2012|gl hf
|c|☆baggead|hf
|
|t:|1784905187
|teamsize|p1|4
|teamsize|p2|4
|start
|switch|p1a: Tick Tock|Krookodile, L50, M, shiny|100/100
|switch|p1b: Avrail|Staraptor, L50, F, shiny|100/100
|switch|p2a: Farigiraf|Farigiraf, L50, M|100/100
|switch|p2b: Blastoise|Blastoise, L50, F|100/100
|-ability|p1a: Tick Tock|Intimidate|boost
|-unboost|p2a: Farigiraf|atk|1
|-unboost|p2b: Blastoise|atk|1
|-ability|p1b: Avrail|Intimidate|boost
|-unboost|p2a: Farigiraf|atk|1
|-unboost|p2b: Blastoise|atk|1
|turn|1
|
|t:|1784905278
|detailschange|p1b: Avrail|Staraptor-Mega, L50, F, shiny
|-mega|p1b: Avrail|Staraptor|Staraptite
|detailschange|p2b: Blastoise|Blastoise-Mega, L50, F
|-mega|p2b: Blastoise|Blastoise|Blastoisinite
|move|p2b: Blastoise|Fake Out|p1a: Tick Tock
|-damage|p1a: Tick Tock|94/100
|cant|p1a: Tick Tock|flinch
|move|p1b: Avrail|Close Combat|p2b: Blastoise
|-damage|p2b: Blastoise|46/100
|-boost|p1b: Avrail|def|1
|-boost|p1b: Avrail|spd|1
|move|p2a: Farigiraf|Trick Room|p2a: Farigiraf
|-fieldstart|move: Trick Room|[of] p2a: Farigiraf
|
|upkeep
|turn|2
|
|t:|1784905317
|move|p2a: Farigiraf|Psychic|p1b: Avrail
|-supereffective|p1b: Avrail|1
|-damage|p1b: Avrail|44/100
|move|p2b: Blastoise|Ice Beam|p1b: Avrail
|-supereffective|p1b: Avrail|1
|-damage|p1b: Avrail|0 fnt
|faint|p1b: Avrail
|move|p1a: Tick Tock|Earthquake|p2a: Farigiraf|[spread] p2a,p2b
|-damage|p2a: Farigiraf|66/100
|-damage|p2b: Blastoise|13/100
|
|upkeep
|
|t:|1784905336
|switch|p1b: Maximus|Meowstic, L50, M, shiny|100/100
|turn|3
|
|t:|1784905366
|move|p1b: Maximus|Fake Out||[still]
|cant|p2a: Farigiraf|ability: Armor Tail|Fake Out|[of] p1b: Maximus
|move|p2a: Farigiraf|Psychic|p1b: Maximus
|-resisted|p1b: Maximus|1
|-damage|p1b: Maximus|81/100
|-unboost|p1b: Maximus|spd|1
|move|p2b: Blastoise|Ice Beam|p1a: Tick Tock
|-supereffective|p1a: Tick Tock|1
|-damage|p1a: Tick Tock|12/100
|move|p1a: Tick Tock|Earthquake|p2a: Farigiraf|[spread] p1b,p2a,p2b
|-damage|p1b: Maximus|29/100
|-damage|p2a: Farigiraf|33/100
|-damage|p2b: Blastoise|0 fnt
|faint|p2b: Blastoise
|
|upkeep
|
|t:|1784905382
|switch|p2b: Scizor|Scizor, L50, F|100/100
|turn|4
|
|t:|1784905409
|move|p1b: Maximus|Sunny Day|p1b: Maximus
|-weather|SunnyDay
|move|p2a: Farigiraf|Psychic|p1b: Maximus
|-resisted|p1b: Maximus|1
|-damage|p1b: Maximus|0 fnt
|faint|p1b: Maximus
|move|p2b: Scizor|Knock Off|p1a: Tick Tock
|-resisted|p1a: Tick Tock|1
|-damage|p1a: Tick Tock|0 fnt
|-enditem|p1a: Tick Tock|Choice Scarf|[from] move: Knock Off|[of] p2b: Scizor
|faint|p1a: Tick Tock
|
|-weather|SunnyDay|[upkeep]
|upkeep
|
|t:|1784905438
|switch|p1a: Mancatcher|Victreebel, L50, F, shiny|100/100
|turn|5
|
|t:|1784905447
|move|p2b: Scizor|Bullet Punch|p1a: Mancatcher
|-damage|p1a: Mancatcher|42/100
|move|p2a: Farigiraf|Psychic|p1a: Mancatcher
|-supereffective|p1a: Mancatcher|1
|-damage|p1a: Mancatcher|0 fnt
|faint|p1a: Mancatcher
|
|win|baggead
||baggead is ready for game 2.
||tnasty_2012 is ready for game 2.
|uhtml|next|Next: Game 2 of 3
