|j|☆BrownBoy711thst
|j|☆Notaplaceofhonor
|html|BrownBoy711thstNotaplaceofhonor    
|uhtml|bestof|Game 2 of a best-of-3
|t:|1757827895
|gametype|doubles
|player|p1|BrownBoy711thst|marlon|1017
|player|p2|Notaplaceofhonor|juan-gen3|1123
|gen|9
|tier|[Gen 9] VGC 2025 Reg H (Bo3)
|rated|
|rule|Species Clause: Limit one of each Pokémon
|rule|Item Clause: Limit 1 of each item
|clearpoke
|poke|p1|Incineroar, L50, F|
|poke|p1|Gliscor, L50, M|
|poke|p1|Bronzong, L50|
|poke|p1|Primarina, L50, F|
|poke|p1|Porygon2, L50|
|poke|p1|Decidueye-Hisui, L50, F|
|poke|p2|Ursaluna, L50, F|
|poke|p2|Incineroar, L50, F|
|poke|p2|Archaludon, L50, F|
|poke|p2|Pelipper, L50, F|
|poke|p2|Basculegion, L50, M|
|poke|p2|Sinistcha, L50|
|teampreview|4
|showteam|p1|Incineroar||SafetyGoggles|Intimidate|FakeOut,KnockOff,Taunt,PartingShot|||F|||50|,,,,,Ghost]Gliscor||ToxicOrb|PoisonHeal|HighHorsepower,IceFang,SwordsDance,Protect|||M|||50|,,,,,Water]Bronzong||MentalHerb|Levitate|BodyPress,Psychic,IronDefense,Protect||||||50|,,,,,Fighting]Primarina||ThroatSpray|LiquidVoice|HyperVoice,Moonblast,IceBeam,Protect|||F|||50|,,,,,Steel]Porygon2||Eviolite|Trace|IceBeam,Thunderbolt,TrickRoom,RainDance||||||50|,,,,,Ghost]Decidueye-Hisui||CovertCloak|Scrappy|TripleArrows,LeafBlade,SunnyDay,Protect|||F|||50|,,,,,Ghost
|showteam|p2|Ursaluna||FlameOrb|Guts|Protect,Facade,Earthquake,HeadlongRush|||F|||50|,,,,,Ghost]Incineroar||SafetyGoggles|Intimidate|Taunt,FakeOut,KnockOff,PartingShot|||F|||50|,,,,,Ghost]Archaludon||AssaultVest|Stamina|ElectroShot,Snarl,DracoMeteor,BodyPress|||F|||50|,,,,,Grass]Pelipper||FocusSash|Drizzle|Hurricane,WeatherBall,Tailwind,Protect|||F|||50|,,,,,Ghost]Basculegion||ChoiceScarf|Adaptability|WaveCrash,LastRespects,FlipTurn,AquaJet|||M|||50|,,,,,Water]Sinistcha||SitrusBerry|Hospitality|MatchaGotcha,TrickRoom,RagePowder,LifeDew||||||50|,,,,,Water
|
|t:|1757827945
|teamsize|p1|4
|teamsize|p2|4
|start
|switch|p1a: Decidueye|Decidueye-Hisui, L50, F|100/100
|switch|p1b: Porygon2|Porygon2, L50|100/100
|switch|p2a: Archaludon|Archaludon, L50, F|100/100
|switch|p2b: Pelipper|Pelipper, L50, F|100/100
|-weather|RainDance|[from] ability: Drizzle|[of] p2b: Pelipper
|-ability|p1b: Porygon2|Drizzle|Trace|[from] ability: Trace|[of] p2b: Pelipper
|turn|1
|
|t:|1757827969
|move|p1a: Decidueye|Protect|p1a: Decidueye
|-singleturn|p1a: Decidueye|Protect
|move|p2b: Pelipper|Hurricane|p1a: Decidueye
|-activate|p1a: Decidueye|move: Protect
|move|p2a: Archaludon|Electro Shot||[still]
|-prepare|p2a: Archaludon|Electro Shot
|-boost|p2a: Archaludon|spa|1
|-anim|p2a: Archaludon|Electro Shot|p1a: Decidueye
|-activate|p1a: Decidueye|move: Protect
|move|p1b: Porygon2|Trick Room|p1b: Porygon2
|-fieldstart|move: Trick Room|[of] p1b: Porygon2
|
|-weather|RainDance|[upkeep]
|upkeep
|turn|2
|
|t:|1757828003
|-terastallize|p2a: Archaludon|Grass
|move|p1a: Decidueye|Sunny Day|p1a: Decidueye
|-weather|SunnyDay
|move|p1b: Porygon2|Thunderbolt|p2b: Pelipper
|-supereffective|p2b: Pelipper
|-enditem|p2b: Pelipper|Focus Sash
|-damage|p2b: Pelipper|1/100
|move|p2a: Archaludon|Draco Meteor|p1a: Decidueye
|-damage|p1a: Decidueye|26/100
|-unboost|p2a: Archaludon|spa|2
|move|p2b: Pelipper|Hurricane|p1a: Decidueye|[miss]
|-miss|p2b: Pelipper|p1a: Decidueye
|
|-weather|SunnyDay|[upkeep]
|upkeep
|turn|3
|
|t:|1757828046
|move|p1a: Decidueye|Triple Arrows|p2b: Pelipper
|-resisted|p2b: Pelipper
|-damage|p2b: Pelipper|0 fnt
|faint|p2b: Pelipper
|move|p1b: Porygon2|Ice Beam|p2a: Archaludon
|-supereffective|p2a: Archaludon
|-damage|p2a: Archaludon|63/100
|-ability|p2a: Archaludon|Stamina|boost
|-boost|p2a: Archaludon|def|1
|move|p2a: Archaludon|Body Press|p1b: Porygon2
|-supereffective|p1b: Porygon2
|-damage|p1b: Porygon2|49/100
|
|-weather|SunnyDay|[upkeep]
|upkeep
|
|t:|1757828059
|switch|p2b: Ursaluna|Ursaluna, L50, F|100/100
|turn|4
|
|t:|1757828096
|switch|p1a: Incineroar|Incineroar, L50, F|100/100
|-ability|p1a: Incineroar|Intimidate|boost
|-unboost|p2a: Archaludon|atk|1
|-unboost|p2b: Ursaluna|atk|1
|-terastallize|p1b: Porygon2|Ghost
|move|p1b: Porygon2|Ice Beam|p2b: Ursaluna
|-supereffective|p2b: Ursaluna
|-damage|p2b: Ursaluna|56/100
|move|p2b: Ursaluna|Facade|p1a: Incineroar
|-damage|p1a: Incineroar|78/100
|move|p2a: Archaludon|Body Press|p1b: Porygon2
|-immune|p1b: Porygon2
|
|-weather|SunnyDay|[upkeep]
|-status|p2b: Ursaluna|brn|[from] item: Flame Orb
|upkeep
|turn|5
|
|t:|1757828134
|move|p2b: Ursaluna|Protect|p2b: Ursaluna
|-singleturn|p2b: Ursaluna|Protect
|move|p1a: Incineroar|Fake Out|p2b: Ursaluna
|-activate|p2b: Ursaluna|move: Protect
|move|p1b: Porygon2|Ice Beam|p2a: Archaludon
|-supereffective|p2a: Archaludon
|-damage|p2a: Archaludon|26/100
|-ability|p2a: Archaludon|Stamina|boost
|-boost|p2a: Archaludon|def|1
|move|p2a: Archaludon|Snarl|p1b: Porygon2|[spread] p1a
|-miss|p2a: Archaludon|p1b: Porygon2
|-resisted|p1a: Incineroar
|-damage|p1a: Incineroar|74/100
|-unboost|p1a: Incineroar|spa|1
|
|-weather|SunnyDay|[upkeep]
|-damage|p2b: Ursaluna|50/100 brn|[from] brn
|-fieldend|move: Trick Room
|upkeep
|turn|6
|
|t:|1757828174
|switch|p1a: Bronzong|Bronzong, L50|100/100
|move|p2a: Archaludon|Draco Meteor|p1b: Porygon2|[miss]
|-miss|p2a: Archaludon|p1b: Porygon2
|move|p2b: Ursaluna|Headlong Rush|p1b: Porygon2
|-damage|p1b: Porygon2|0 fnt
|-unboost|p2b: Ursaluna|def|1
|-unboost|p2b: Ursaluna|spd|1
|faint|p1b: Porygon2
|
|-weather|none
|-damage|p2b: Ursaluna|44/100 brn|[from] brn
|upkeep
|
|t:|1757828185
|switch|p1b: Incineroar|Incineroar, L50, F|74/100
|-ability|p1b: Incineroar|Intimidate|boost
|-unboost|p2a: Archaludon|atk|1
|-unboost|p2b: Ursaluna|atk|1
|turn|7
|
|t:|1757828231
|move|p1b: Incineroar|Fake Out|p2a: Archaludon
|-damage|p2a: Archaludon|22/100
|-ability|p2a: Archaludon|Stamina|boost
|-boost|p2a: Archaludon|def|1
|cant|p2a: Archaludon|flinch
|move|p2b: Ursaluna|Headlong Rush|p1b: Incineroar
|-supereffective|p1b: Incineroar
|-damage|p1b: Incineroar|0 fnt
|-unboost|p2b: Ursaluna|def|1
|-unboost|p2b: Ursaluna|spd|1
|faint|p1b: Incineroar
|move|p1a: Bronzong|Iron Defense|p1a: Bronzong
|-boost|p1a: Bronzong|def|2
|
|-damage|p2b: Ursaluna|38/100 brn|[from] brn
|upkeep
|
|t:|1757828236
|switch|p1b: Decidueye|Decidueye-Hisui, L50, F|26/100
|turn|8
|inactive|Battle timer is ON: inactive players will automatically lose when time's up. (requested by BrownBoy711thst)
|
|t:|1757828305
|switch|p2a: Basculegion|Basculegion, L50, M|100/100
|move|p1b: Decidueye|Protect|p1b: Decidueye
|-singleturn|p1b: Decidueye|Protect
|move|p2b: Ursaluna|Facade|p1b: Decidueye
|-activate|p1b: Decidueye|move: Protect
|move|p1a: Bronzong|Body Press|p2a: Basculegion
|-immune|p2a: Basculegion
|
|-damage|p2b: Ursaluna|32/100 brn|[from] brn
|upkeep
|turn|9
|
|t:|1757828322
|move|p1a: Bronzong|Protect|p1a: Bronzong
|-singleturn|p1a: Bronzong|Protect
|move|p2a: Basculegion|Last Respects|p1a: Bronzong
|-activate|p1a: Bronzong|move: Protect
|move|p2b: Ursaluna|Facade|p1b: Decidueye
|-crit|p1b: Decidueye
|-damage|p1b: Decidueye|0 fnt
|faint|p1b: Decidueye
|
|-damage|p2b: Ursaluna|27/100 brn|[from] brn
|upkeep
|turn|10
|-message|BrownBoy711thst forfeited.
|
|win|Notaplaceofhonor
|l|☆BrownBoy711thst
|player|p1|
||BrownBoy711thst is ready for game 3.
||Notaplaceofhonor is ready for game 3.
|uhtml|next|Next: Game 3 of 3
