|j|☆FunkleVGC
|j|‽mattyj8799
|html|FunkleVGCmattyj8799    
|uhtml|bestof|Game 1 of a best-of-3
|t:|1784212755
|gametype|doubles
|player|p1|FunkleVGC|fisherman-gen4|1158
|player|p2|mattyj8799|byron|1073
|gen|9
|tier|[Gen 9 Champions] VGC 2026 Reg M-B (Bo3)
|rated|
|rule|Species Clause: Limit one of each Pokémon
|rule|Item Clause: Limit 1 of each item
|clearpoke
|poke|p1|Maushold, L50|
|poke|p1|Annihilape, L50, F, shiny|
|poke|p1|Sylveon, L50, F, shiny|
|poke|p1|Aegislash, L50, M, shiny|
|poke|p1|Hydreigon, L50, F|
|poke|p1|Aerodactyl, L50, M|
|poke|p2|Metagross, L50, shiny|
|poke|p2|Sinistcha-Masterpiece, L50|
|poke|p2|Incineroar, L50, F, shiny|
|poke|p2|Sneasler, L50, M|
|poke|p2|Tyranitar, L50, F|
|poke|p2|Staraptor, L50, F|
|teampreview|4
|showteam|p1|Maushold||ChopleBerry|FriendGuard|Protect,BeatUp,SuperFang,FollowMe|Jolly|||||50|]Annihilape||SitrusBerry|Defiant|Protect,BulkUp,DrainPunch,RageFist|Careful||F|||50|]Sylveon||FairyFeather|Pixilate|Protect,HyperVoice,HyperBeam,QuickAttack|Modest||F|||50|]Aegislash||SpellTag|StanceChange|KingsShield,Poltergeist,ShadowSneak,IronHead|Adamant||M|||50|]Hydreigon||ChoiceScarf|Levitate|DarkPulse,Snarl,DracoMeteor,EarthPower|Modest||F|||50|]Aerodactyl||Aerodactylite|Unnerve|WideGuard,RockSlide,DualWingbeat,Tailwind|Jolly||M|||50|
|showteam|p2|Metagross||Metagrossite|ClearBody|Earthquake,BulletPunch,PsychicFangs,Protect|Adamant|||||50|]Sinistcha-Masterpiece||Leftovers|Hospitality|MatchaGotcha,RagePowder,ShadowBall,Protect|Bold|||||50|]Incineroar||SitrusBerry|Intimidate|PartingShot,FakeOut,FlareBlitz,WillOWisp|Careful||F|||50|]Sneasler||WhiteHerb|Unburden|FakeOut,CloseCombat,DireClaw,Coaching|Jolly||M|||50|]Tyranitar||ChopleBerry|SandStream|DragonDance,RockSlide,KnockOff,Protect|Adamant||F|||50|]Staraptor||ChoiceScarf|Intimidate|Uturn,FinalGambit,CloseCombat,BraveBird|Jolly||F|||50|
|inactive|Battle timer is ON: inactive players will automatically lose when time's up. (requested by mattyj8799)
|inactive|FunkleVGC has 60 seconds left.
|inactive|mattyj8799 has 60 seconds left.
|inactive|mattyj8799 has 30 seconds left.
|
|t:|1784212817
|teamsize|p1|4
|teamsize|p2|4
|start
|switch|p1a: Annihilape|Annihilape, L50, F, shiny|100/100
|switch|p1b: Maushold|Maushold, L50|100/100
|switch|p2a: Metagross|Metagross, L50, shiny|100/100
|switch|p2b: Sneasler|Sneasler, L50, M|100/100
|turn|1
|inactive|FunkleVGC has 30 seconds left.
|
|t:|1784212842
|detailschange|p2a: Metagross|Metagross-Mega, L50, shiny
|-mega|p2a: Metagross|Metagross|Metagrossite
|move|p2b: Sneasler|Fake Out|p1b: Maushold
|-damage|p1b: Maushold|83/100
|cant|p1b: Maushold|flinch
|move|p2a: Metagross|Psychic Fangs|p1a: Annihilape
|-supereffective|p1a: Annihilape|1
|-damage|p1a: Annihilape|17/100
|-enditem|p1a: Annihilape|Sitrus Berry|[eat]
|-heal|p1a: Annihilape|42/100|[from] item: Sitrus Berry
|move|p1a: Annihilape|Bulk Up|p1a: Annihilape
|-boost|p1a: Annihilape|atk|1
|-boost|p1a: Annihilape|def|1
|
|upkeep
|turn|2
|inactive|mattyj8799 has 30 seconds left.
|inactive|mattyj8799 has 20 seconds left.
|
|t:|1784212879
|move|p2a: Metagross|Protect|p2a: Metagross
|-singleturn|p2a: Metagross|Protect
|move|p1b: Maushold|Follow Me|p1b: Maushold
|-singleturn|p1b: Maushold|move: Follow Me
|move|p2b: Sneasler|Coaching|p2a: Metagross
|-boost|p2a: Metagross|atk|1
|-boost|p2a: Metagross|def|1
|move|p1a: Annihilape|Rage Fist|p2a: Metagross
|-activate|p2a: Metagross|move: Protect
|
|upkeep
|turn|3
|inactive|FunkleVGC has 30 seconds left.
|
|t:|1784212905
|move|p1a: Annihilape|Protect|p1a: Annihilape
|-singleturn|p1a: Annihilape|Protect
|move|p2b: Sneasler|Close Combat|p1b: Maushold
|-supereffective|p1b: Maushold|1
|-enditem|p1b: Maushold|Chople Berry|[eat]
|-enditem|p1b: Maushold|Chople Berry|[weaken]
|-damage|p1b: Maushold|17/100
|-unboost|p2b: Sneasler|def|1
|-unboost|p2b: Sneasler|spd|1
|-enditem|p2b: Sneasler|White Herb
|-clearnegativeboost|p2b: Sneasler|[silent]
|move|p1b: Maushold|Super Fang|p2a: Metagross
|-damage|p2a: Metagross|50/100y
|move|p2a: Metagross|Psychic Fangs|p1a: Annihilape
|-activate|p1a: Annihilape|move: Protect
|
|upkeep
|turn|4
|
|t:|1784212928
|switch|p1a: Hydreigon|Hydreigon, L50, F|100/100
|move|p1b: Maushold|Protect|p1b: Maushold
|-singleturn|p1b: Maushold|Protect
|move|p2b: Sneasler|Coaching|p2a: Metagross
|-boost|p2a: Metagross|atk|1
|-boost|p2a: Metagross|def|1
|move|p2a: Metagross|Psychic Fangs|p1a: Hydreigon
|-immune|p1a: Hydreigon
|
|upkeep
|turn|5
|
|t:|1784212942
|move|p1b: Maushold|Follow Me|p1b: Maushold
|-singleturn|p1b: Maushold|move: Follow Me
|move|p2a: Metagross|Bullet Punch|p1b: Maushold
|-damage|p1b: Maushold|0 fnt
|faint|p1b: Maushold
|move|p2b: Sneasler|Close Combat|p1a: Hydreigon
|-supereffective|p1a: Hydreigon|1
|-damage|p1a: Hydreigon|0 fnt
|-unboost|p2b: Sneasler|def|1
|-unboost|p2b: Sneasler|spd|1
|faint|p1a: Hydreigon
|
|upkeep
|
|t:|1784212953
|switch|p1a: Sylveon|Sylveon, L50, F, shiny|100/100
|switch|p1b: Annihilape|Annihilape, L50, F, shiny|42/100
|turn|6
|-message|FunkleVGC forfeited.
|
|win|mattyj8799
