|j|☆Olciax34
|j|☆mikewwm8
|html|Olciax34mikewwm8    
|uhtml|bestof|Game 3 of a best-of-3
|t:|1785178000
|gametype|doubles
|player|p1|Olciax34|clair|1286
|player|p2|mikewwm8|265|1315
|gen|9
|tier|[Gen 9 Champions] VGC 2026 Reg M-B (Bo3)
|rated|
|rule|Species Clause: Limit one of each Pokémon
|rule|Item Clause: Limit 1 of each item
|clearpoke
|poke|p1|Incineroar, L50, M|
|poke|p1|Floette-Eternal, L50, F|
|poke|p1|Sinistcha, L50|
|poke|p1|Palafin, L50, F|
|poke|p1|Kingambit, L50, M|
|poke|p1|Raichu, L50, M|
|poke|p2|Tyranitar, L50, F|
|poke|p2|Excadrill, L50, M|
|poke|p2|Milotic, L50, M|
|poke|p2|Sinistcha, L50|
|poke|p2|Staraptor, L50, M|
|poke|p2|Gholdengo, L50|
|teampreview|4
|showteam|p1|Incineroar||SitrusBerry|Intimidate|FakeOut,ThroatChop,FlareBlitz,PartingShot|Careful||M|||50|]Floette-Eternal||Floettite|FlowerVeil|DazzlingGleam,DrainingKiss,CalmMind,Protect|Modest||F|||50|]Sinistcha||KasibBerry|Hospitality|MatchaGotcha,LifeDew,RagePowder,Protect|Calm|||||50|]Palafin||Leftovers|ZerotoHero|BulkUp,JetPunch,DrainPunch,Protect|Adamant||F|||50|]Kingambit||ChopleBerry|Defiant|KowtowCleave,SuckerPunch,IronHead,LowKick|Adamant||M|||50|]Raichu||RaichuniteY|LightningRod|FakeOut,ZapCannon,FocusBlast,Protect|Timid||M|||50|
|showteam|p2|Tyranitar||Tyranitarite|SandStream|KnockOff,RockSlide,LowKick,Protect|Jolly||F|||50|]Excadrill||FocusSash|SandRush|HighHorsepower,IronHead,RockSlide,Protect|Adamant||M|||50|]Milotic||SitrusBerry|Competitive|Scald,IcyWind,IceBeam,Protect|Calm||M|||50|]Sinistcha||ColburBerry|Hospitality|MatchaGotcha,ShadowBall,Protect,RagePowder|Bold|||||50|]Staraptor||Staraptite|Intimidate|CloseCombat,BraveBird,Tailwind,Protect|Jolly||M|||50|]Gholdengo||LifeOrb|GoodasGold|MakeItRain,ShadowBall,NastyPlot,Protect|Modest|||||50|
|inactive|Battle timer is ON: inactive players will automatically lose when time's up. (requested by Olciax34)
|inactive|mikewwm8 has 60 seconds left.
|inactive|mikewwm8 has 30 seconds left.
|
|t:|1785178070
|teamsize|p1|4
|teamsize|p2|4
|start
|switch|p1a: Raichu|Raichu, L50, M|100/100
|switch|p1b: Palafin|Palafin, L50, F|100/100
|switch|p2a: Staraptor|Staraptor, L50, M|100/100
|switch|p2b: Gholdengo|Gholdengo, L50|100/100
|-ability|p2a: Staraptor|Intimidate|boost
|-unboost|p1a: Raichu|atk|1
|-unboost|p1b: Palafin|atk|1
|turn|1
|inactive|Olciax34 has 30 seconds left.
|
|t:|1785178102
|detailschange|p1b: Palafin|Palafin-Hero, L50, F
|switch|p1b: Kingambit|Kingambit, L50, M|100/100
|detailschange|p1a: Raichu|Raichu-Mega-Y, L50, M
|-mega|p1a: Raichu|Raichu|Raichunite Y
|detailschange|p2a: Staraptor|Staraptor-Mega, L50, M
|-mega|p2a: Staraptor|Staraptor|Staraptite
|move|p1a: Raichu|Zap Cannon|p2b: Gholdengo
|-damage|p2b: Gholdengo|34/100
|-status|p2b: Gholdengo|par
|move|p2a: Staraptor|Close Combat|p1b: Kingambit
|-supereffective|p1b: Kingambit|2
|-enditem|p1b: Kingambit|Chople Berry|[eat]
|-enditem|p1b: Kingambit|Chople Berry|[weaken]
|-damage|p1b: Kingambit|20/100y
|-boost|p2a: Staraptor|def|1
|-boost|p2a: Staraptor|spd|1
|cant|p2b: Gholdengo|par
|
|upkeep
|turn|2
|
|t:|1785178122
|move|p2a: Staraptor|Protect|p2a: Staraptor
|-singleturn|p2a: Staraptor|Protect
|move|p1b: Kingambit|Sucker Punch||[still]
|-fail|p1b: Kingambit
|move|p1a: Raichu|Zap Cannon|p2a: Staraptor
|-activate|p2a: Staraptor|move: Protect
|move|p2b: Gholdengo|Make It Rain|p1a: Raichu|[spread] p1a,p1b
|-resisted|p1a: Raichu|1
|-crit|p1a: Raichu
|-resisted|p1b: Kingambit|1
|-damage|p1a: Raichu|37/100
|-damage|p1b: Kingambit|0 fnt
|-unboost|p2b: Gholdengo|spa|2
|faint|p1b: Kingambit
|-damage|p2b: Gholdengo|25/100 par|[from] item: Life Orb
|
|upkeep
|
|t:|1785178137
|switch|p1b: Palafin|Palafin-Hero, L50, F|100/100
|-activate|p1b: Palafin|ability: Zero to Hero
|turn|3
|inactive|Olciax34 has 30 seconds left.
|
|t:|1785178171
|move|p1a: Raichu|Zap Cannon|p2a: Staraptor
|-supereffective|p2a: Staraptor|1
|-damage|p2a: Staraptor|10/100
|-status|p2a: Staraptor|par
|move|p1b: Palafin|Bulk Up|p1b: Palafin
|-boost|p1b: Palafin|atk|1
|-boost|p1b: Palafin|def|1
|move|p2a: Staraptor|Close Combat|p1b: Palafin
|-damage|p1b: Palafin|69/100
|-boost|p2a: Staraptor|def|1
|-boost|p2a: Staraptor|spd|1
|move|p2b: Gholdengo|Shadow Ball|p1a: Raichu
|-damage|p1a: Raichu|1/100
|-damage|p2b: Gholdengo|15/100 par|[from] item: Life Orb
|
|-heal|p1b: Palafin|75/100|[from] item: Leftovers
|upkeep
|turn|4
|
|t:|1785178191
|switch|p1a: Sinistcha|Sinistcha, L50|100/100
|-heal|p1b: Palafin|100/100|[from] ability: Hospitality|[of] p1a: Sinistcha
|switch|p2b: Tyranitar|Tyranitar, L50, F|100/100
|-weather|Sandstorm|[from] ability: Sand Stream|[of] p2b: Tyranitar
|move|p1b: Palafin|Jet Punch|p2a: Staraptor
|-damage|p2a: Staraptor|0 fnt
|faint|p2a: Staraptor
|
|-weather|Sandstorm|[upkeep]
|-damage|p1b: Palafin|94/100|[from] Sandstorm
|-damage|p1a: Sinistcha|93/100|[from] Sandstorm
|-heal|p1b: Palafin|100/100|[from] item: Leftovers
|upkeep
|
|t:|1785178201
|switch|p2a: Excadrill|Excadrill, L50, M|100/100
|turn|5
|
|t:|1785178214
|move|p1a: Sinistcha|Protect|p1a: Sinistcha
|-singleturn|p1a: Sinistcha|Protect
|move|p2a: Excadrill|Iron Head|p1a: Sinistcha
|-activate|p1a: Sinistcha|move: Protect
|move|p1b: Palafin|Drain Punch|p2a: Excadrill
|-supereffective|p2a: Excadrill|1
|-enditem|p2a: Excadrill|Focus Sash
|-damage|p2a: Excadrill|1/100
|move|p2b: Tyranitar|Rock Slide|p1b: Palafin|[spread] p1b
|-activate|p1a: Sinistcha|move: Protect
|-damage|p1b: Palafin|82/100
|
|-weather|Sandstorm|[upkeep]
|-damage|p1b: Palafin|76/100|[from] Sandstorm
|-damage|p1a: Sinistcha|87/100|[from] Sandstorm
|-heal|p1b: Palafin|82/100|[from] item: Leftovers
|upkeep
|turn|6
|-message|mikewwm8 forfeited.
|
|win|Olciax34
|raw|Olciax34's rating: 1286 → 1313(+27 for winning)
|raw|mikewwm8's rating: 1315 → 1293(-22 for losing)
|l|☆mikewwm8
|player|p2|
