|j|☆blueperseu
|j|☆emptinessmach
|html|blueperseuemptinessmach    
|uhtml|bestof|Game 2 of a best-of-3
|t:|1756861533
|gametype|doubles
|player|p1|blueperseu|sabrina|1124
|player|p2|emptinessmach|red|1076
|gen|9
|tier|[Gen 9] VGC 2025 Reg H (Bo3)
|rated|
|rule|Species Clause: Limit one of each Pokémon
|rule|Item Clause: Limit 1 of each item
|clearpoke
|poke|p1|Porygon2, L50|
|poke|p1|Primarina, L50, M|
|poke|p1|Ursaluna, L50, F|
|poke|p1|Indeedee-F, L50, F|
|poke|p1|Armarouge, L50, M|
|poke|p1|Amoonguss, L50, F|
|poke|p2|Porygon2, L50|
|poke|p2|Incineroar, L50, F|
|poke|p2|Garchomp, L50, M|
|poke|p2|Gholdengo, L50|
|poke|p2|Amoonguss, L50, F|
|poke|p2|Sneasler, L50, M|
|teampreview|4
|showteam|p1|Porygon2||Eviolite|Download|TrickRoom,IceBeam,TeraBlast,Protect||||||50|,,,,,Flying]Primarina||LifeOrb|LiquidVoice|HyperVoice,EnergyBall,Moonblast,Protect|||M|||50|,,,,,Poison]Ursaluna||FlameOrb|Guts|Facade,Earthquake,HeadlongRush,Protect|||F|||50|,,,,,Ghost]Indeedee-F||SafetyGoggles|PsychicSurge|Psychic,Protect,FollowMe,HelpingHand|||F|||50|,,,,,Fairy]Armarouge||TwistedSpoon|FlashFire|TrickRoom,ExpandingForce,ArmorCannon,Protect|||M|||50|,,,,,Grass]Amoonguss||SitrusBerry|Regenerator|Spore,PollenPuff,RagePowder,Protect|||F|||50|,,,,,Grass
|showteam|p2|Porygon2||Eviolite|Download|TeraBlast,IceBeam,Recover,TrickRoom||||||50|,,,,,Ground]Incineroar||SafetyGoggles|Intimidate|FlareBlitz,KnockOff,FakeOut,PartingShot|||F|||50|,,,,,Ghost]Garchomp||ClearAmulet|RoughSkin|Earthquake,Protect,StompingTantrum,DragonClaw|||M|||50|,,,,,Fire]Gholdengo||LifeOrb|GoodasGold|Protect,NastyPlot,MakeItRain,ShadowBall||||||50|,,,,,Water]Amoonguss||SitrusBerry|Regenerator|Spore,RagePowder,Protect,PollenPuff|||F|||50|,,,,,Fairy]Sneasler||FocusSash|PoisonTouch|DireClaw,CloseCombat,Coaching,Protect|||M|||50|,,,,,Flying
|inactive|Battle timer is ON: inactive players will automatically lose when time's up. (requested by blueperseu)
|
|t:|1756861549
|teamsize|p1|4
|teamsize|p2|4
|start
|switch|p1a: Indeedee|Indeedee-F, L50, F|100/100
|switch|p1b: Armarouge|Armarouge, L50, M|100/100
|switch|p2a: Sneasler|Sneasler, L50, M|100/100
|switch|p2b: Porygon2|Porygon2, L50|100/100
|-fieldstart|move: Psychic Terrain|[from] ability: Psychic Surge|[of] p1a: Indeedee
|-ability|p2b: Porygon2|Download|boost
|-boost|p2b: Porygon2|atk|1
|turn|1
|inactive|blueperseu has 30 seconds left.
|
|t:|1756861574
|switch|p2a: Incineroar|Incineroar, L50, F|100/100
|-ability|p2a: Incineroar|Intimidate|boost
|-unboost|p1a: Indeedee|atk|1
|-unboost|p1b: Armarouge|atk|1
|move|p1a: Indeedee|Follow Me|p1a: Indeedee
|-singleturn|p1a: Indeedee|move: Follow Me
|move|p1b: Armarouge|Expanding Force|p2b: Porygon2|[spread] p2b
|-immune|p2a: Incineroar
|-damage|p2b: Porygon2|55/100
|move|p2b: Porygon2|Tera Blast|p1a: Indeedee
|-damage|p1a: Indeedee|71/100
|
|upkeep
|turn|2
|
|t:|1756861597
|switch|p1b: Ursaluna|Ursaluna, L50, F|100/100
|move|p1a: Indeedee|Follow Me|p1a: Indeedee
|-singleturn|p1a: Indeedee|move: Follow Me
|move|p2a: Incineroar|Knock Off|p1a: Indeedee
|-supereffective|p1a: Indeedee
|-damage|p1a: Indeedee|0 fnt
|-enditem|p1a: Indeedee|Safety Goggles|[from] move: Knock Off|[of] p2a: Incineroar
|faint|p1a: Indeedee
|move|p2b: Porygon2|Recover|p2b: Porygon2
|-heal|p2b: Porygon2|100/100
|
|-status|p1b: Ursaluna|brn|[from] item: Flame Orb
|upkeep
|
|t:|1756861609
|switch|p1a: Armarouge|Armarouge, L50, M|100/100
|turn|3
|inactive|blueperseu has 30 seconds left.
|
|t:|1756861639
|-terastallize|p1a: Armarouge|Grass
|move|p1a: Armarouge|Expanding Force|p2a: Incineroar|[spread] p2b
|-immune|p2a: Incineroar
|-damage|p2b: Porygon2|50/100
|move|p2a: Incineroar|Knock Off|p1b: Ursaluna
|-damage|p1b: Ursaluna|70/100 brn
|-enditem|p1b: Ursaluna|Flame Orb|[from] move: Knock Off|[of] p2a: Incineroar
|move|p2b: Porygon2|Ice Beam|p1b: Ursaluna
|-supereffective|p1b: Ursaluna
|-damage|p1b: Ursaluna|26/100 brn
|move|p1b: Ursaluna|Earthquake|p2a: Incineroar|[spread] p1a,p2a,p2b
|-resisted|p1a: Armarouge
|-supereffective|p2a: Incineroar
|-damage|p1a: Armarouge|68/100
|-damage|p2a: Incineroar|0 fnt
|-damage|p2b: Porygon2|11/100
|faint|p2a: Incineroar
|
|-damage|p1b: Ursaluna|20/100 brn|[from] brn
|upkeep
|
|t:|1756861658
|switch|p2a: Sneasler|Sneasler, L50, M|100/100
|turn|4
|
|t:|1756861681
|move|p2a: Sneasler|Dire Claw|p1a: Armarouge
|-supereffective|p1a: Armarouge
|-damage|p1a: Armarouge|0 fnt
|faint|p1a: Armarouge
|move|p2b: Porygon2|Ice Beam|p1b: Ursaluna
|-supereffective|p1b: Ursaluna
|-damage|p1b: Ursaluna|0 fnt
|faint|p1b: Ursaluna
|
|upkeep
|
|t:|1756861686
|switch|p1b: Primarina|Primarina, L50, M|100/100
|turn|5
|
|t:|1756861692
|move|p2a: Sneasler|Dire Claw|p1b: Primarina
|-supereffective|p1b: Primarina
|-damage|p1b: Primarina|0 fnt
|faint|p1b: Primarina
|
|win|emptinessmach
|raw|blueperseu's rating: 1124 → 1096(-28 for losing)
|raw|emptinessmach's rating: 1076 → 1109(+33 for winning)
|c|☆blueperseu|gg
|l|☆blueperseu
|player|p1|
