|j|☆Dnoal17
|j|☆Pawah
|html|Dnoal17Pawah    
|uhtml|bestof|Game 3 of a best-of-3
|t:|1756844193
|gametype|doubles
|player|p1|Dnoal17|bellelba|1061
|player|p2|Pawah|ethan|1225
|gen|9
|tier|[Gen 9] VGC 2025 Reg H (Bo3)
|rated|
|rule|Species Clause: Limit one of each Pokémon
|rule|Item Clause: Limit 1 of each item
|clearpoke
|poke|p1|Amoonguss, L50, F|
|poke|p1|Ursaluna, L50, F|
|poke|p1|Indeedee-F, L50, F|
|poke|p1|Hatterene, L50, F|
|poke|p1|Torkoal, L50, F|
|poke|p1|Dusclops, L50, M|
|poke|p2|Ursaluna, L50, M|
|poke|p2|Sinistcha, L50|
|poke|p2|Pelipper, L50, M|
|poke|p2|Archaludon, L50, F|
|poke|p2|Gholdengo, L50|
|poke|p2|Dragonite, L50, M|
|teampreview|4
|showteam|p1|Amoonguss||SitrusBerry|Regenerator|Spore,RagePowder,PollenPuff,Protect|||F|||50|,,,,,Water]Ursaluna||FlameOrb|Guts|HeadlongRush,Facade,SwordsDance,Protect|||F|||50|,,,,,Normal]Indeedee-F||PsychicSeed|PsychicSurge|Psychic,FollowMe,HelpingHand,TrickRoom|||F|||50|,,,,,Fairy]Hatterene||Leftovers|MagicBounce|CalmMind,DrainingKiss,PsychicNoise,MysticalFire|||F|||50|,,,,,Water]Torkoal||Charcoal|Drought|Eruption,HeatWave,EarthPower,Protect|||F|||50|,,,,,Fire]Dusclops||Eviolite|Pressure|Taunt,Disable,Poltergeist,TrickRoom|||M|||50|,,,,,Dark
|showteam|p2|Ursaluna||FlameOrb|Guts|HeadlongRush,Facade,Protect,Earthquake|||M|||50|,,,,,Ghost]Sinistcha||SitrusBerry|Hospitality|RagePowder,TrickRoom,LifeDew,MatchaGotcha||||||50|,,,,,Dark]Pelipper||FocusSash|Drizzle|Hurricane,Protect,WeatherBall,WideGuard|||M|||50|,,,,,Ghost]Archaludon||AssaultVest|Stamina|ElectroShot,FlashCannon,BodyPress,DracoMeteor|||F|||50|,,,,,Bug]Gholdengo||LifeOrb|GoodasGold|MakeItRain,ShadowBall,NastyPlot,Protect||||||50|,,,,,Water]Dragonite||LoadedDice|Multiscale|Protect,ScaleShot,Tailwind,Haze|||M|||50|,,,,,Fairy
|inactive|Battle timer is ON: inactive players will automatically lose when time's up. (requested by Dnoal17)
|inactive|Pawah also wants the timer to be on.
|inactive|Dnoal17 has 60 seconds left.
|
|t:|1756844247
|teamsize|p1|4
|teamsize|p2|4
|start
|switch|p1a: Torkoal|Torkoal, L50, F|100/100
|switch|p1b: Indeedee|Indeedee-F, L50, F|100/100
|switch|p2a: Ursaluna|Ursaluna, L50, M|100/100
|switch|p2b: Gholdengo|Gholdengo, L50|100/100
|-fieldstart|move: Psychic Terrain|[from] ability: Psychic Surge|[of] p1b: Indeedee
|-enditem|p1b: Indeedee|Psychic Seed
|-boost|p1b: Indeedee|spd|1|[from] item: Psychic Seed
|-weather|SunnyDay|[from] ability: Drought|[of] p1a: Torkoal
|turn|1
|
|t:|1756844268
|switch|p2b: Pelipper|Pelipper, L50, M|100/100
|-weather|RainDance|[from] ability: Drizzle|[of] p2b: Pelipper
|-terastallize|p1a: Torkoal|Fire
|move|p1b: Indeedee|Follow Me|p1b: Indeedee
|-singleturn|p1b: Indeedee|move: Follow Me
|move|p2a: Ursaluna|Headlong Rush|p1b: Indeedee
|-damage|p1b: Indeedee|30/100
|-unboost|p2a: Ursaluna|def|1
|-unboost|p2a: Ursaluna|spd|1
|move|p1a: Torkoal|Heat Wave|p2a: Ursaluna|[spread] p2a,p2b
|-resisted|p2b: Pelipper
|-damage|p2a: Ursaluna|69/100
|-damage|p2b: Pelipper|77/100
|
|-weather|RainDance|[upkeep]
|-status|p2a: Ursaluna|brn|[from] item: Flame Orb
|upkeep
|turn|2
|inactive|Dnoal17 has 30 seconds left.
|inactive|Pawah has 30 seconds left.
|
|t:|1756844301
|move|p1a: Torkoal|Protect|p1a: Torkoal
|-singleturn|p1a: Torkoal|Protect
|move|p2b: Pelipper|Weather Ball|p1b: Indeedee
|-damage|p1b: Indeedee|0 fnt
|faint|p1b: Indeedee
|move|p2a: Ursaluna|Headlong Rush|p1a: Torkoal
|-activate|p1a: Torkoal|move: Protect
|
|-weather|RainDance|[upkeep]
|-damage|p2a: Ursaluna|64/100 brn|[from] brn
|upkeep
|
|t:|1756844313
|switch|p1b: Amoonguss|Amoonguss, L50, F|100/100
|turn|3
|
|t:|1756844332
|move|p2b: Pelipper|Wide Guard|p2b: Pelipper
|-singleturn|p2b: Pelipper|Wide Guard
|move|p1b: Amoonguss|Rage Powder|p1b: Amoonguss
|-singleturn|p1b: Amoonguss|move: Rage Powder
|move|p2a: Ursaluna|Earthquake|p1a: Torkoal|[spread] p1a,p1b
|-activate|p2b: Pelipper|move: Wide Guard
|-supereffective|p1a: Torkoal
|-damage|p1a: Torkoal|12/100
|-damage|p1b: Amoonguss|28/100
|-enditem|p1b: Amoonguss|Sitrus Berry|[eat]
|-heal|p1b: Amoonguss|53/100|[from] item: Sitrus Berry
|move|p1a: Torkoal|Eruption|p2b: Pelipper|[spread] 
|-activate|p2a: Ursaluna|move: Wide Guard
|-activate|p2b: Pelipper|move: Wide Guard
|
|-weather|RainDance|[upkeep]
|-damage|p2a: Ursaluna|58/100 brn|[from] brn
|upkeep
|turn|4
|
|t:|1756844352
|switch|p1a: Ursaluna|Ursaluna, L50, F|100/100
|move|p2b: Pelipper|Hurricane|p1b: Amoonguss
|-supereffective|p1b: Amoonguss
|-damage|p1b: Amoonguss|0 fnt
|faint|p1b: Amoonguss
|move|p2a: Ursaluna|Facade|p1a: Ursaluna
|-damage|p1a: Ursaluna|11/100
|
|-weather|RainDance|[upkeep]
|-damage|p2a: Ursaluna|52/100 brn|[from] brn
|-status|p1a: Ursaluna|brn|[from] item: Flame Orb
|upkeep
|
|t:|1756844357
|switch|p1b: Torkoal|Torkoal, L50, F, tera:Fire|12/100
|-weather|SunnyDay|[from] ability: Drought|[of] p1b: Torkoal
|turn|5
|
|t:|1756844368
|move|p2b: Pelipper|Weather Ball|p1a: Ursaluna
|-crit|p1a: Ursaluna
|-damage|p1a: Ursaluna|0 fnt
|faint|p1a: Ursaluna
|move|p2a: Ursaluna|Earthquake|p1b: Torkoal|[spread] p1b
|-immune|p2b: Pelipper
|-supereffective|p1b: Torkoal
|-damage|p1b: Torkoal|0 fnt
|faint|p1b: Torkoal
|
|win|Pawah
|raw|Dnoal17's rating: 1061 → 1050(-11 for losing)
|raw|Pawah's rating: 1225 → 1239(+14 for winning)
|c|☆Pawah|ggs
