|j|☆DanielSantosgg
|j|☆MrPhoenixGC
|html|DanielSantosggMrPhoenixGC    
|uhtml|bestof|Game 3 of a best-of-3
|t:|1783205928
|gametype|doubles
|player|p1|DanielSantosgg|skier|1068
|player|p2|MrPhoenixGC|steven|1140
|gen|9
|tier|[Gen 9 Champions] VGC 2026 Reg M-B (Bo3)
|rated|
|rule|Species Clause: Limit one of each Pokémon
|rule|Item Clause: Limit 1 of each item
|clearpoke
|poke|p1|Sylveon, L50, M, shiny|
|poke|p1|Incineroar, L50, M, shiny|
|poke|p1|Aerodactyl, L50, M|
|poke|p1|Charizard, L50, F, shiny|
|poke|p1|Metagross, L50, shiny|
|poke|p1|Garchomp, L50, F|
|poke|p2|Aerodactyl, L50, M|
|poke|p2|Garchomp, L50, F|
|poke|p2|Kingambit, L50, M|
|poke|p2|Charizard, L50, F|
|poke|p2|Sylveon, L50, M|
|poke|p2|Farigiraf, L50, M|
|teampreview|4
|showteam|p1|Sylveon||FairyFeather|Pixilate|HyperBeam,Detect,HyperVoice,QuickAttack|Modest||M|||50|]Incineroar||SitrusBerry|Intimidate|FlareBlitz,DarkestLariat,FakeOut,PartingShot|Careful||M|||50|]Aerodactyl||FocusSash|Unnerve|Protect,Tailwind,RockSlide,DualWingbeat|Jolly||M|||50|]Charizard||CharizarditeY|Blaze|SolarBeam,HeatWave,Protect,WeatherBall|Modest||F|||50|]Metagross||Metagrossite|ClearBody|BulletPunch,BodyPress,PsychicFangs,Protect|Adamant|||||50|]Garchomp||LifeOrb|RoughSkin|DragonClaw,Earthquake,Protect,RockSlide|Jolly||F|||50|
|showteam|p2|Aerodactyl||Aerodactylite|Unnerve|IceFang,RockSlide,Tailwind,DualWingbeat|Jolly||M|||50|]Garchomp||LifeOrb|RoughSkin|DragonClaw,StompingTantrum,Earthquake,Protect|Jolly||F|||50|]Kingambit||FocusSash|Defiant|SuckerPunch,KowtowCleave,IronHead,LowKick|Adamant||M|||50|]Charizard||CharizarditeY|SolarPower|Protect,WeatherBall,HeatWave,SolarBeam|Modest||F|||50|]Sylveon||FairyFeather|Pixilate|Protect,HyperVoice,HyperBeam,QuickAttack|Modest||M|||50|]Farigiraf||SitrusBerry|ArmorTail|TrickRoom,Thunderbolt,Roar,TwinBeam|Bold||M|||50|
|inactive|Battle timer is ON: inactive players will automatically lose when time's up. (requested by DanielSantosgg)
|
|t:|1783205955
|teamsize|p1|4
|teamsize|p2|4
|start
|switch|p1a: Aerodactyl|Aerodactyl, L50, M|100/100
|switch|p1b: Incineroar|Incineroar, L50, M, shiny|100/100
|switch|p2a: Farigiraf|Farigiraf, L50, M|100/100
|switch|p2b: Kingambit|Kingambit, L50, M|100/100
|-ability|p1a: Aerodactyl|Unnerve
|-ability|p1b: Incineroar|Intimidate|boost
|-unboost|p2a: Farigiraf|atk|1
|-unboost|p2b: Kingambit|atk|1
|-ability|p2b: Kingambit|Defiant|boost
|-boost|p2b: Kingambit|atk|2
|turn|1
|inactive|DanielSantosgg has 30 seconds left.
|
|t:|1783205986
|move|p1a: Aerodactyl|Rock Slide|p2b: Kingambit|[spread] p2a,p2b
|-resisted|p2b: Kingambit|1
|-damage|p2a: Farigiraf|79/100
|-damage|p2b: Kingambit|88/100
|move|p2b: Kingambit|Iron Head|p1a: Aerodactyl
|-supereffective|p1a: Aerodactyl|1
|-enditem|p1a: Aerodactyl|Focus Sash
|-damage|p1a: Aerodactyl|1/100
|move|p1b: Incineroar|Flare Blitz|p2b: Kingambit
|-supereffective|p2b: Kingambit|1
|-damage|p2b: Kingambit|8/100
|-damage|p1b: Incineroar|77/100|[from] Recoil
|cant|p2a: Farigiraf|flinch
|
|upkeep
|turn|2
|inactive|DanielSantosgg has 30 seconds left.
|inactive|MrPhoenixGC has 30 seconds left.
|inactive|DanielSantosgg has 20 seconds left.
|inactive|MrPhoenixGC has 20 seconds left.
|inactive|DanielSantosgg has 15 seconds left.
|inactive|MrPhoenixGC has 15 seconds left.
|inactive|MrPhoenixGC has 10 seconds left.
|inactive|MrPhoenixGC has 5 seconds left.
|
|t:|1783206036
|switch|p2a: Sylveon|Sylveon, L50, M|100/100
|move|p1a: Aerodactyl|Protect|p1a: Aerodactyl
|-singleturn|p1a: Aerodactyl|Protect
|move|p2b: Kingambit|Sucker Punch||[still]
|-fail|p2b: Kingambit
|move|p1b: Incineroar|Flare Blitz|p2b: Kingambit
|-supereffective|p2b: Kingambit|1
|-damage|p2b: Kingambit|0 fnt
|faint|p2b: Kingambit
|-damage|p1b: Incineroar|74/100|[from] Recoil
|
|upkeep
|
|t:|1783206049
|switch|p2b: Aerodactyl|Aerodactyl, L50, M|100/100
|-ability|p2b: Aerodactyl|Unnerve
|turn|3
|
|t:|1783206071
|detailschange|p2b: Aerodactyl|Aerodactyl-Mega, L50, M
|-mega|p2b: Aerodactyl|Aerodactyl|Aerodactylite
|move|p2b: Aerodactyl|Tailwind|p2b: Aerodactyl
|-sidestart|p2: MrPhoenixGC|move: Tailwind
|move|p1a: Aerodactyl|Tailwind|p1a: Aerodactyl
|-sidestart|p1: DanielSantosgg|move: Tailwind
|move|p2a: Sylveon|Hyper Voice|p1b: Incineroar|[spread] p1a,p1b
|-damage|p1a: Aerodactyl|0 fnt
|-damage|p1b: Incineroar|39/100
|-enditem|p1b: Incineroar|Sitrus Berry|[eat]
|-heal|p1b: Incineroar|63/100|[from] item: Sitrus Berry
|faint|p1a: Aerodactyl
|move|p1b: Incineroar|Parting Shot|p2a: Sylveon
|-unboost|p2a: Sylveon|atk|1
|-unboost|p2a: Sylveon|spa|1
|
|t:|1783206086
|switch|p1b: ?|Sylveon, L50, M, shiny|100/100|[from] Parting Shot
|
|upkeep
|
|t:|1783206092
|switch|p1a: Incineroar|Incineroar, L50, M, shiny|63/100
|-ability|p1a: Incineroar|Intimidate|boost
|-unboost|p2a: Sylveon|atk|1
|-unboost|p2b: Aerodactyl|atk|1
|turn|4
|
|t:|1783206114
|switch|p2b: Farigiraf|Farigiraf, L50, M|79/100
|move|p2a: Sylveon|Protect|p2a: Sylveon
|-singleturn|p2a: Sylveon|Protect
|move|p1a: Incineroar|Fake Out||[still]
|cant|p2b: Farigiraf|ability: Armor Tail|Fake Out|[of] p1a: Incineroar
|move|p1b: ?|Hyper Beam|p2b: Farigiraf
|-damage|p2b: Farigiraf|0 fnt
|-mustrecharge|p1b: ?
|faint|p2b: Farigiraf
|
|upkeep
|
|t:|1783206124
|switch|p2b: Aerodactyl|Aerodactyl-Mega, L50, M|100/100
|turn|5
|
|t:|1783206144
|move|p2b: Aerodactyl|Rock Slide|p1b: ?|[spread] p1a,p1b
|-supereffective|p1a: Incineroar|1
|-damage|p1a: Incineroar|22/100
|-damage|p1b: ?|69/100
|cant|p1b: ?|recharge
|move|p2a: Sylveon|Hyper Voice|p1b: ?|[spread] p1a,p1b
|-damage|p1a: Incineroar|0 fnt
|-damage|p1b: ?|43/100
|faint|p1a: Incineroar
|
|upkeep
|
|t:|1783206159
|switch|p1a: Metagross|Metagross, L50, shiny|100/100
|turn|6
|inactive|MrPhoenixGC has 30 seconds left.
|inactive|MrPhoenixGC has 20 seconds left.
|
|t:|1783206198
|detailschange|p1a: Metagross|Metagross-Mega, L50, shiny
|-mega|p1a: Metagross|Metagross|Metagrossite
|move|p1a: Metagross|Bullet Punch|p2a: Sylveon
|-supereffective|p2a: Sylveon|1
|-damage|p2a: Sylveon|32/100
|move|p2b: Aerodactyl|Rock Slide|p1a: Metagross|[spread] p1a,p1b
|-resisted|p1a: Metagross|1
|-damage|p1a: Metagross|91/100
|-damage|p1b: ?|12/100
|move|p2a: Sylveon|Hyper Beam|p1b: ?
|-crit|p1b: ?
|-damage|p1b: ?|0 fnt
|-mustrecharge|p2a: Sylveon
|faint|p1b: ?
|
|-sideend|p1: DanielSantosgg|move: Tailwind
|-sideend|p2: MrPhoenixGC|move: Tailwind
|upkeep
|turn|7
|inactive|MrPhoenixGC has 30 seconds left.
|inactive|MrPhoenixGC has 20 seconds left.
|inactive|MrPhoenixGC has 15 seconds left.
|
|t:|1783206242
|move|p1a: Metagross|Bullet Punch|p2a: Sylveon
|-supereffective|p2a: Sylveon|1
|-damage|p2a: Sylveon|0 fnt
|faint|p2a: Sylveon
|move|p2b: Aerodactyl|Ice Fang|p1a: Metagross
|-resisted|p1a: Metagross|1
|-damage|p1a: Metagross|80/100
|
|upkeep
|turn|8
|
|t:|1783206255
|move|p1a: Metagross|Bullet Punch|p2b: Aerodactyl
|-supereffective|p2b: Aerodactyl|1
|-damage|p2b: Aerodactyl|25/100
|move|p2b: Aerodactyl|Dual Wingbeat|p1a: Metagross
|-resisted|p1a: Metagross|1
|-damage|p1a: Metagross|70/100
|-resisted|p1a: Metagross|1
|-damage|p1a: Metagross|61/100
|-hitcount|p1a: Metagross|2
|
|upkeep
|turn|9
|
|t:|1783206268
|move|p1a: Metagross|Bullet Punch|p2b: Aerodactyl
|-supereffective|p2b: Aerodactyl|1
|-damage|p2b: Aerodactyl|0 fnt
|faint|p2b: Aerodactyl
|
|win|DanielSantosgg
|raw|DanielSantosgg's rating: 1068 → 1104(+36 for winning)
|raw|MrPhoenixGC's rating: 1140 → 1110(-30 for losing)
|c|☆DanielSantosgg|Cosa loca
|l|☆DanielSantosgg
|player|p1|
