|j|☆Caballero plateado
|j|☆field25
|html|Caballero plateadofield25    
|uhtml|bestof|Game 1 of a best-of-3
|t:|1785505935
|gametype|doubles
|player|p1|Caballero plateado|265|1000
|player|p2|field25|2|1023
|gen|9
|tier|[Gen 9 Champions] VGC 2026 Reg M-B (Bo3)
|rated|
|rule|Species Clause: Limit one of each Pokémon
|rule|Item Clause: Limit 1 of each item
|clearpoke
|poke|p1|Dragonite, L50, M|
|poke|p1|Sylveon, L50, M|
|poke|p1|Slowking, L50, F|
|poke|p1|Crabominable, L50, F|
|poke|p1|Vileplume, L50, M|
|poke|p1|Torkoal, L50, F|
|poke|p2|Tyranitar, L50, F|
|poke|p2|Grimmsnarl, L50, M|
|poke|p2|Delphox, L50, F|
|poke|p2|Corviknight, L50, M|
|poke|p2|Sneasler, L50, F|
|poke|p2|Rotom-Wash, L50|
|teampreview|4
|showteam|p1|Dragonite||LumBerry|InnerFocus|RockTomb,LowKick,Tailwind,ExtremeSpeed|Adamant||M|||50|]Sylveon||FairyFeather|Pixilate|HyperVoice,HelpingHand,Detect,Moonblast|Calm||M|||50|]Slowking||SitrusBerry|Oblivious|ChillyReception,TrickRoom,Blizzard,Scald|Rash||F|||50|]Crabominable||Crabominite|HyperCutter|IceHammer,MachPunch,Protect,DrainPunch|Adamant||F|||50|]Vileplume||FocusSash|Chlorophyll|AfterYou,SludgeBomb,GigaDrain,StrengthSap|Hasty||M|||50|]Torkoal||Charcoal|Drought|Eruption,WeatherBall,Protect,EarthPower|Quiet||F|||50|
|showteam|p2|Tyranitar||Tyranitarite|SandStream|Protect,DragonDance,RockSlide,IcePunch|Adamant||F|||50|]Grimmsnarl||LightClay|Prankster|SpiritBreak,LightScreen,Reflect,PartingShot|Careful||M|||50|]Delphox||Delphoxite|Blaze|Protect,HeatWave,Psychic,NastyPlot|Timid||F|||50|]Corviknight||SitrusBerry|MirrorArmor|Protect,Tailwind,IronHead,BraveBird|Impish||M|||50|]Sneasler||WhiteHerb|Unburden|FakeOut,CloseCombat,DireClaw,Coaching|Adamant||F|||50|]Rotom-Wash||Leftovers|Levitate|Protect,WillOWisp,Thunderbolt,HydroPump|Calm|||||50|
|inactive|Battle timer is ON: inactive players will automatically lose when time's up. (requested by field25)
|inactive|Caballero plateado has 60 seconds left.
|inactive|field25 has 60 seconds left.
|
|t:|1785505997
|teamsize|p1|4
|teamsize|p2|4
|start
|switch|p1a: Slowking|Slowking, L50, F|100/100
|switch|p1b: Torkoal|Torkoal, L50, F|100/100
|switch|p2a: Rotom|Rotom-Wash, L50|100/100
|switch|p2b: Sneasler|Sneasler, L50, F|100/100
|-weather|SunnyDay|[from] ability: Drought|[of] p1b: Torkoal
|turn|1
|
|t:|1785506021
|move|p1b: Torkoal|Protect|p1b: Torkoal
|-singleturn|p1b: Torkoal|Protect
|move|p2b: Sneasler|Fake Out|p1a: Slowking
|-damage|p1a: Slowking|86/100
|move|p2a: Rotom|Thunderbolt|p1a: Slowking
|-supereffective|p1a: Slowking|1
|-damage|p1a: Slowking|32/100
|-enditem|p1a: Slowking|Sitrus Berry|[eat]
|-heal|p1a: Slowking|56/100|[from] item: Sitrus Berry
|cant|p1a: Slowking|flinch
|
|-weather|SunnyDay|[upkeep]
|upkeep
|turn|2
|inactive|Caballero plateado has 30 seconds left.
|inactive|field25 has 30 seconds left.
|
|t:|1785506052
|move|p2b: Sneasler|Dire Claw|p1a: Slowking
|-damage|p1a: Slowking|16/100
|-status|p1a: Slowking|psn
|move|p2a: Rotom|Thunderbolt|p1a: Slowking
|-supereffective|p1a: Slowking|1
|-damage|p1a: Slowking|0 fnt
|faint|p1a: Slowking
|move|p1b: Torkoal|Eruption|p2a: Rotom|[spread] p2a,p2b
|-resisted|p2a: Rotom|1
|-damage|p2a: Rotom|59/100
|-damage|p2b: Sneasler|0 fnt
|faint|p2b: Sneasler
|
|-weather|SunnyDay|[upkeep]
|-heal|p2a: Rotom|65/100|[from] item: Leftovers
|upkeep
|
|t:|1785506076
|switch|p2b: Grimmsnarl|Grimmsnarl, L50, M|100/100
|switch|p1a: Dragonite|Dragonite, L50, M|100/100
|turn|3
|inactive|Caballero plateado has 30 seconds left.
|
|t:|1785506108
|move|p1b: Torkoal|Protect|p1b: Torkoal
|-singleturn|p1b: Torkoal|Protect
|move|p2b: Grimmsnarl|Light Screen|p2b: Grimmsnarl
|-sidestart|p2: field25|move: Light Screen
|move|p1a: Dragonite|Rock Tomb|p2a: Rotom
|-damage|p2a: Rotom|43/100
|-unboost|p2a: Rotom|spe|1
|move|p2a: Rotom|Thunderbolt|p1b: Torkoal
|-activate|p1b: Torkoal|move: Protect
|
|-weather|SunnyDay|[upkeep]
|-heal|p2a: Rotom|49/100|[from] item: Leftovers
|upkeep
|turn|4
|inactive|Caballero plateado has 30 seconds left.
|
|t:|1785506141
|move|p2b: Grimmsnarl|Reflect|p2b: Grimmsnarl
|-sidestart|p2: field25|Reflect
|move|p1a: Dragonite|Low Kick|p2b: Grimmsnarl
|-damage|p2b: Grimmsnarl|74/100
|move|p2a: Rotom|Thunderbolt|p1a: Dragonite
|-damage|p1a: Dragonite|64/100
|-status|p1a: Dragonite|par
|-enditem|p1a: Dragonite|Lum Berry|[eat]
|-curestatus|p1a: Dragonite|par|[msg]
|move|p1b: Torkoal|Eruption|p2a: Rotom|[spread] p2a,p2b
|-resisted|p2a: Rotom|1
|-damage|p2a: Rotom|25/100
|-damage|p2b: Grimmsnarl|28/100
|
|-weather|SunnyDay|[upkeep]
|-heal|p2a: Rotom|31/100|[from] item: Leftovers
|upkeep
|turn|5
|inactive|Caballero plateado has 30 seconds left.
|
|t:|1785506172
|move|p1a: Dragonite|Extreme Speed|p2b: Grimmsnarl
|-damage|p2b: Grimmsnarl|3/100
|move|p2b: Grimmsnarl|Parting Shot|p1b: Torkoal
|-unboost|p1b: Torkoal|atk|1
|-unboost|p1b: Torkoal|spa|1
|
|t:|1785506177
|switch|p2b: Tyranitar|Tyranitar, L50, F|100/100|[from] Parting Shot
|-weather|Sandstorm|[from] ability: Sand Stream|[of] p2b: Tyranitar
|move|p2a: Rotom|Will-O-Wisp|p1a: Dragonite
|-status|p1a: Dragonite|brn
|move|p1b: Torkoal|Weather Ball|p2a: Rotom
|-damage|p2a: Rotom|20/100y
|
|-weather|Sandstorm|[upkeep]
|-damage|p1a: Dragonite|58/100 brn|[from] Sandstorm
|-damage|p2a: Rotom|14/100|[from] Sandstorm
|-damage|p1b: Torkoal|93/100|[from] Sandstorm
|-heal|p2a: Rotom|20/100y|[from] item: Leftovers
|-damage|p1a: Dragonite|52/100 brn|[from] brn
|upkeep
|turn|6
|inactive|Caballero plateado has 30 seconds left.
|
|t:|1785506205
|move|p1a: Dragonite|Low Kick|p2b: Tyranitar
|-supereffective|p2b: Tyranitar|2
|-damage|p2b: Tyranitar|52/100
|move|p2b: Tyranitar|Dragon Dance|p2b: Tyranitar
|-boost|p2b: Tyranitar|atk|1
|-boost|p2b: Tyranitar|spe|1
|move|p2a: Rotom|Hydro Pump|p1b: Torkoal|[miss]
|-miss|p2a: Rotom|p1b: Torkoal
|move|p1b: Torkoal|Earth Power|p2b: Tyranitar
|-supereffective|p2b: Tyranitar|1
|-damage|p2b: Tyranitar|36/100
|-unboost|p2b: Tyranitar|spd|1
|
|-weather|Sandstorm|[upkeep]
|-damage|p1a: Dragonite|46/100 brn|[from] Sandstorm
|-damage|p2a: Rotom|14/100|[from] Sandstorm
|-damage|p1b: Torkoal|87/100|[from] Sandstorm
|-heal|p2a: Rotom|20/100y|[from] item: Leftovers
|-damage|p1a: Dragonite|40/100 brn|[from] brn
|upkeep
|turn|7
|inactive|Caballero plateado has 30 seconds left.
|
|t:|1785506235
|detailschange|p2b: Tyranitar|Tyranitar-Mega, L50, F
|-mega|p2b: Tyranitar|Tyranitar|Tyranitarite
|move|p1b: Torkoal|Protect|p1b: Torkoal
|-singleturn|p1b: Torkoal|Protect
|move|p2b: Tyranitar|Rock Slide|p1b: Torkoal|[spread] p1a
|-activate|p1b: Torkoal|move: Protect
|-supereffective|p1a: Dragonite|1
|-damage|p1a: Dragonite|0 fnt
|faint|p1a: Dragonite
|move|p2a: Rotom|Hydro Pump|p1b: Torkoal
|-activate|p1b: Torkoal|move: Protect
|
|-weather|Sandstorm|[upkeep]
|-damage|p2a: Rotom|14/100|[from] Sandstorm
|-damage|p1b: Torkoal|81/100|[from] Sandstorm
|-heal|p2a: Rotom|20/100y|[from] item: Leftovers
|upkeep
|
|t:|1785506255
|switch|p1a: Crabominable|Crabominable, L50, F|100/100
|turn|8
|
|t:|1785506273
|detailschange|p1a: Crabominable|Crabominable-Mega, L50, F
|-mega|p1a: Crabominable|Crabominable|Crabominite
|move|p1a: Crabominable|Mach Punch|p2b: Tyranitar
|-supereffective|p2b: Tyranitar|2
|-damage|p2b: Tyranitar|0 fnt
|faint|p2b: Tyranitar
|move|p2a: Rotom|Hydro Pump|p1b: Torkoal|[miss]
|-miss|p2a: Rotom|p1b: Torkoal
|move|p1b: Torkoal|Eruption|p2a: Rotom
|-resisted|p2a: Rotom|1
|-damage|p2a: Rotom|7/100
|
|-weather|Sandstorm|[upkeep]
|-damage|p2a: Rotom|1/100|[from] Sandstorm
|-damage|p1a: Crabominable|94/100|[from] Sandstorm
|-damage|p1b: Torkoal|75/100|[from] Sandstorm
|-heal|p2a: Rotom|7/100|[from] item: Leftovers
|upkeep
|-message|field25 forfeited.
|
|win|Caballero plateado
||field25 is ready for game 2.
|inactive|Caballero plateado has 30 seconds to confirm battle start!
