|j|☆orbwair
|j|☆RosieAndJim
|html|orbwairRosieAndJim    
|uhtml|bestof|Game 2 of a best-of-3
|t:|1756221105
|gametype|doubles
|player|p1|orbwair|hexmaniac-gen6|1028
|player|p2|RosieAndJim|1|1074
|gen|9
|tier|[Gen 9] VGC 2025 Reg H (Bo3)
|rated|
|rule|Species Clause: Limit one of each Pokémon
|rule|Item Clause: Limit 1 of each item
|clearpoke
|poke|p1|Talonflame, L50, M|
|poke|p1|Sylveon, L50, F|
|poke|p1|Amoonguss, L50, F|
|poke|p1|Sneasler, L50, M|
|poke|p1|Garchomp, L50, F|
|poke|p1|Incineroar, L50, F|
|poke|p2|Inteleon, L50, M|
|poke|p2|Archaludon, L50, F|
|poke|p2|Garchomp, L50, F|
|poke|p2|Incineroar, L50, F|
|poke|p2|Pelipper, L50, F|
|poke|p2|Talonflame, L50, M|
|teampreview|4
|showteam|p1|Talonflame||CovertCloak|GaleWings|DualWingbeat,FlareBlitz,Tailwind,Taunt|||M|||50|,,,,,Fairy]Sylveon||ThroatSpray|Pixilate|HyperVoice,HelpingHand,Protect,TeraBlast|||F|||50|,,,,,Grass]Amoonguss||RockyHelmet|Regenerator|PollenPuff,RagePowder,Protect,Spore|||F|||50|,,,,,Water]Sneasler||FocusSash|Unburden|Acrobatics,CloseCombat,DireClaw,Protect|||M|||50|,,,,,Dark]Garchomp||ClearAmulet|RoughSkin|DragonClaw,Earthquake,StompingTantrum,Protect|||F|||50|,,,,,Ground]Incineroar||AssaultVest|Intimidate|FakeOut,FlareBlitz,KnockOff,Snarl|||F|||50|,,,,,Grass
|showteam|p2|Inteleon||ChoiceSpecs|Sniper|SnipeShot,Scald,ShadowBall,FlipTurn|||M|||50|,,,,,Water]Archaludon||AssaultVest|Stamina|ElectroShot,DragonPulse,BodyPress,Snarl|||F|||50|,,,,,Grass]Garchomp||LifeOrb|RoughSkin|Earthquake,DragonClaw,StompingTantrum,Protect|||F|||50|,,,,,Ground]Incineroar||SafetyGoggles|Intimidate|FlareBlitz,KnockOff,PartingShot,FakeOut|||F|||50|,,,,,Ghost]Pelipper||FocusSash|Drizzle|WeatherBall,Hurricane,Tailwind,Protect|||F|||50|,,,,,Stellar]Talonflame||CovertCloak|GaleWings|BraveBird,Tailwind,Taunt,RainDance|||M|||50|,,,,,Flying
|j| thewanderer55
|
|t:|1756221123
|teamsize|p1|4
|teamsize|p2|4
|start
|switch|p1a: Small Child|Incineroar, L50, F|100/100
|switch|p1b: Coke Zero|Talonflame, L50, M|100/100
|switch|p2a: Talonflame|Talonflame, L50, M|100/100
|switch|p2b: Garchomp|Garchomp, L50, F|100/100
|-ability|p1a: Small Child|Intimidate|boost
|-unboost|p2a: Talonflame|atk|1
|-unboost|p2b: Garchomp|atk|1
|turn|1
|c|☆orbwair|speed tie talon flame yippeee
|
|t:|1756221160
|switch|p2a: Archaludon|Archaludon, L50, F|100/100
|move|p1b: Coke Zero|Taunt|p2a: Archaludon
|-start|p2a: Archaludon|move: Taunt
|move|p2b: Garchomp|Stomping Tantrum|p1a: Small Child
|-supereffective|p1a: Small Child
|-damage|p1a: Small Child|30/100
|-damage|p2b: Garchomp|91/100|[from] item: Life Orb
|move|p1a: Small Child|Knock Off|p2b: Garchomp
|-damage|p2b: Garchomp|40/100
|-damage|p1a: Small Child|17/100|[from] ability: Rough Skin|[of] p2b: Garchomp
|-enditem|p2b: Garchomp|Life Orb|[from] move: Knock Off|[of] p1a: Small Child
|
|upkeep
|turn|2
|
|t:|1756221208
|move|p1b: Coke Zero|Tailwind|p1b: Coke Zero
|-sidestart|p1: orbwair|move: Tailwind
|move|p2b: Garchomp|Stomping Tantrum|p1a: Small Child
|-supereffective|p1a: Small Child
|-damage|p1a: Small Child|0 fnt
|faint|p1a: Small Child
|move|p2a: Archaludon|Electro Shot||[still]
|-prepare|p2a: Archaludon|Electro Shot
|-boost|p2a: Archaludon|spa|1
|
|upkeep
|c|☆orbwair|damn outsped even after tailwind
|
|t:|1756221224
|switch|p1a: OORRRREEEOOOOOOOO|Sneasler, L50, M, shiny|100/100
|turn|3
|
|t:|1756221243
|-terastallize|p1b: Coke Zero|Fairy
|move|p1a: OORRRREEEOOOOOOOO|Protect|p1a: OORRRREEEOOOOOOOO
|-singleturn|p1a: OORRRREEEOOOOOOOO|Protect
|move|p1b: Coke Zero|Flare Blitz|p2a: Archaludon
|-damage|p2a: Archaludon|66/100
|-ability|p2a: Archaludon|Stamina|boost
|-boost|p2a: Archaludon|def|1
|-damage|p1b: Coke Zero|86/100|[from] Recoil
|move|p2b: Garchomp|Dragon Claw|p1b: Coke Zero
|-immune|p1b: Coke Zero
|move|p2a: Archaludon|Electro Shot|p1b: Coke Zero|[from] lockedmove
|-damage|p1b: Coke Zero|0 fnt
|faint|p1b: Coke Zero
|
|-end|p2a: Archaludon|move: Taunt
|upkeep
|
|t:|1756221288
|switch|p1b: Kana|Sylveon, L50, F|100/100
|turn|4
|
|t:|1756221319
|-terastallize|p2a: Archaludon|Grass
|move|p1a: OORRRREEEOOOOOOOO|Close Combat|p2a: Archaludon
|-damage|p2a: Archaludon|33/100
|-unboost|p1a: OORRRREEEOOOOOOOO|def|1
|-unboost|p1a: OORRRREEEOOOOOOOO|spd|1
|-ability|p2a: Archaludon|Stamina|boost
|-boost|p2a: Archaludon|def|1
|move|p2b: Garchomp|Stomping Tantrum|p1b: Kana
|-damage|p1b: Kana|32/100
|move|p1b: Kana|Hyper Voice|p2b: Garchomp|[spread] p2a,p2b
|-supereffective|p2b: Garchomp
|-damage|p2a: Archaludon|11/100
|-damage|p2b: Garchomp|0 fnt
|-ability|p2a: Archaludon|Stamina|boost
|-boost|p2a: Archaludon|def|1
|faint|p2b: Garchomp
|-enditem|p1b: Kana|Throat Spray
|-boost|p1b: Kana|spa|1|[from] item: Throat Spray
|move|p2a: Archaludon|Snarl|p1a: OORRRREEEOOOOOOOO|[spread] p1a,p1b
|-resisted|p1a: OORRRREEEOOOOOOOO
|-resisted|p1b: Kana
|-damage|p1a: OORRRREEEOOOOOOOO|82/100
|-damage|p1b: Kana|27/100
|-unboost|p1a: OORRRREEEOOOOOOOO|spa|1
|-unboost|p1b: Kana|spa|1
|
|upkeep
|
|t:|1756221342
|switch|p2b: Talonflame|Talonflame, L50, M|100/100
|turn|5
|
|t:|1756221370
|move|p2b: Talonflame|Brave Bird|p1a: OORRRREEEOOOOOOOO
|-supereffective|p1a: OORRRREEEOOOOOOOO
|-damage|p1a: OORRRREEEOOOOOOOO|0 fnt
|faint|p1a: OORRRREEEOOOOOOOO
|-damage|p2b: Talonflame|74/100|[from] Recoil
|move|p1b: Kana|Hyper Voice|p2a: Archaludon|[spread] p2a,p2b
|-resisted|p2b: Talonflame
|-damage|p2a: Archaludon|0 fnt
|-damage|p2b: Talonflame|50/100
|faint|p2a: Archaludon
|
|-sideend|p1: orbwair|move: Tailwind
|upkeep
|
|t:|1756221381
|switch|p2a: Pelipper|Pelipper, L50, F|100/100
|-weather|RainDance|[from] ability: Drizzle|[of] p2a: Pelipper
|turn|6
|c|☆orbwair|wp gg
|
|t:|1756221391
|move|p1b: Kana|Protect|p1b: Kana
|-singleturn|p1b: Kana|Protect
|move|p2b: Talonflame|Brave Bird|p1b: Kana
|-activate|p1b: Kana|move: Protect
|move|p2a: Pelipper|Weather Ball|p1b: Kana
|-activate|p1b: Kana|move: Protect
|
|-weather|RainDance|[upkeep]
|upkeep
|turn|7
|c|☆RosieAndJim|GGs
|
|t:|1756221402
|move|p2b: Talonflame|Brave Bird|p1b: Kana
|-damage|p1b: Kana|0 fnt
|faint|p1b: Kana
|-damage|p2b: Talonflame|38/100|[from] Recoil
|
|win|RosieAndJim
|raw|orbwair's rating: 1028 → 1016(-12 for losing)
|raw|RosieAndJim's rating: 1074 → 1099(+25 for winning)
