|j|☆broadfoal
|j|☆lets buy packs
|html|broadfoallets buy packs    
|uhtml|bestof|Game 1 of a best-of-3
|t:|1783895484
|gametype|doubles
|player|p1|broadfoal|101|1032
|player|p2|lets buy packs|red-masters3|1129
|gen|9
|tier|[Gen 9 Champions] VGC 2026 Reg M-B (Bo3)
|rated|
|rule|Species Clause: Limit one of each Pokémon
|rule|Item Clause: Limit 1 of each item
|clearpoke
|poke|p1|Staraptor, L50, M|
|poke|p1|Farigiraf, L50, F|
|poke|p1|Basculegion, L50, M|
|poke|p1|Raichu, L50, M|
|poke|p1|Whimsicott, L50, F|
|poke|p1|Metagross, L50|
|poke|p2|Farigiraf, L50, M|
|poke|p2|Incineroar, L50, M|
|poke|p2|Gardevoir, L50, M, shiny|
|poke|p2|Torkoal, L50, F|
|poke|p2|Mudsdale, L50, F|
|poke|p2|Vivillon-Marine, L50, F|
|teampreview|4
|showteam|p1|Staraptor||Staraptite|Intimidate|CloseCombat,Protect,BraveBird,Tailwind|Jolly||M|||50|]Farigiraf||SitrusBerry|ArmorTail|ExpandingForce,Protect,DazzlingGleam,TrickRoom|Modest||F|||50|]Basculegion||LifeOrb|Adaptability|AquaJet,WaveCrash,Outrage,ShadowBall|Hasty||M|||50|]Raichu||RaichuniteX|Static|VoltTackle,FakeOut,Nuzzle,DrainPunch|Jolly||M|||50|]Whimsicott||FocusSash|Prankster|Tailwind,Charm,Moonblast,Taunt|Hasty||F|||50|]Metagross||Metagrossite|ClearBody|IcePunch,IronHead,ZenHeadbutt,BulletPunch|Brave|||||50|
|showteam|p2|Farigiraf||ColburBerry|ArmorTail|Psychic,Thunderbolt,TrickRoom,Protect|Sassy||M|||50|]Incineroar||BlackGlasses|Intimidate|FakeOut,PartingShot,FlareBlitz,DarkestLariat|Adamant||M|||50|]Gardevoir||Gardevoirite|Telepathy|HyperVoice,Psychic,TrickRoom,Protect|Quiet||M|||50|]Torkoal||Charcoal|Drought|Eruption,Flamethrower,SolarBeam,Protect|Quiet||F|||50|]Mudsdale||LifeOrb|InnerFocus|Earthquake,HighHorsepower,RockSlide,HeavySlam|Brave||F|||50|]Vivillon-Marine||FocusSash|CompoundEyes|Hurricane,RagePowder,SleepPowder,Protect|Timid||F|||50|
|inactive|Battle timer is ON: inactive players will automatically lose when time's up. (requested by lets buy packs)
|
|t:|1783895506
|teamsize|p1|4
|teamsize|p2|4
|start
|switch|p1a: Farigiraf|Farigiraf, L50, F|100/100
|switch|p1b: Staraptor|Staraptor, L50, M|100/100
|switch|p2a: Incineroar|Incineroar, L50, M|100/100
|switch|p2b: Farigiraf|Farigiraf, L50, M|100/100
|-ability|p1b: Staraptor|Intimidate|boost
|-unboost|p2a: Incineroar|atk|1
|-unboost|p2b: Farigiraf|atk|1
|-ability|p2a: Incineroar|Intimidate|boost
|-unboost|p1a: Farigiraf|atk|1
|-unboost|p1b: Staraptor|atk|1
|turn|1
|
|t:|1783895526
|detailschange|p1b: Staraptor|Staraptor-Mega, L50, M
|-mega|p1b: Staraptor|Staraptor|Staraptite
|move|p1b: Staraptor|Close Combat|p2a: Incineroar
|-supereffective|p2a: Incineroar|1
|-damage|p2a: Incineroar|13/100
|-boost|p1b: Staraptor|def|1
|-boost|p1b: Staraptor|spd|1
|move|p2a: Incineroar|Flare Blitz|p1b: Staraptor
|-damage|p1b: Staraptor|70/100
|-damage|p2a: Incineroar|5/100|[from] Recoil
|move|p1a: Farigiraf|Dazzling Gleam|p2a: Incineroar|[spread] p2a,p2b
|-damage|p2a: Incineroar|0 fnt
|-damage|p2b: Farigiraf|82/100
|faint|p2a: Incineroar
|move|p2b: Farigiraf|Psychic|p1b: Staraptor
|-supereffective|p1b: Staraptor|1
|-damage|p1b: Staraptor|16/100
|
|upkeep
|
|t:|1783895538
|switch|p2a: Gardevoir|Gardevoir, L50, M, shiny|100/100
|turn|2
|
|t:|1783895549
|detailschange|p2a: Gardevoir|Gardevoir-Mega, L50, M, shiny
|-mega|p2a: Gardevoir|Gardevoir|Gardevoirite
|move|p1b: Staraptor|Protect|p1b: Staraptor
|-singleturn|p1b: Staraptor|Protect
|move|p2a: Gardevoir|Hyper Voice|p1b: Staraptor|[spread] p1a
|-activate|p1b: Staraptor|move: Protect
|-damage|p1a: Farigiraf|51/100
|move|p1a: Farigiraf|Dazzling Gleam|p2a: Gardevoir|[spread] p2a,p2b
|-crit|p2a: Gardevoir
|-damage|p2a: Gardevoir|77/100
|-damage|p2b: Farigiraf|65/100
|move|p2b: Farigiraf|Trick Room|p2b: Farigiraf
|-fieldstart|move: Trick Room|[of] p2b: Farigiraf
|
|upkeep
|turn|3
|
|t:|1783895566
|move|p2b: Farigiraf|Thunderbolt|p1a: Farigiraf
|-damage|p1a: Farigiraf|29/100
|-enditem|p1a: Farigiraf|Sitrus Berry|[eat]
|-heal|p1a: Farigiraf|53/100|[from] item: Sitrus Berry
|move|p2a: Gardevoir|Hyper Voice|p1b: Staraptor|[spread] p1a,p1b
|-supereffective|p1b: Staraptor|1
|-damage|p1a: Farigiraf|1/100
|-damage|p1b: Staraptor|0 fnt
|faint|p1b: Staraptor
|move|p1a: Farigiraf|Trick Room|p1a: Farigiraf
|-fieldend|move: Trick Room
|
|upkeep
|
|t:|1783895569
|switch|p1b: Whimsicott|Whimsicott, L50, F|100/100
|turn|4
|
|t:|1783895579
|move|p1a: Farigiraf|Protect|p1a: Farigiraf
|-singleturn|p1a: Farigiraf|Protect
|move|p1b: Whimsicott|Moonblast|p2a: Gardevoir
|-crit|p2a: Gardevoir
|-damage|p2a: Gardevoir|38/100
|-unboost|p2a: Gardevoir|spa|1
|move|p2a: Gardevoir|Hyper Voice|p1a: Farigiraf|[spread] p1b
|-activate|p1a: Farigiraf|move: Protect
|-damage|p1b: Whimsicott|45/100
|move|p2b: Farigiraf|Trick Room|p2b: Farigiraf
|-fieldstart|move: Trick Room|[of] p2b: Farigiraf
|
|upkeep
|turn|5
|
|t:|1783895587
|switch|p2b: Mudsdale|Mudsdale, L50, F|100/100
|move|p2a: Gardevoir|Hyper Voice|p1a: Farigiraf|[spread] p1a,p1b
|-damage|p1a: Farigiraf|0 fnt
|-damage|p1b: Whimsicott|0 fnt
|faint|p1a: Farigiraf
|faint|p1b: Whimsicott
|
|upkeep
|-message|broadfoal forfeited.
|
|win|lets buy packs
