|j|☆UndeadParadox
|j|☆2lico
|html|UndeadParadox2lico    
|uhtml|bestof|Game 2 of a best-of-3
|t:|1756790677
|gametype|doubles
|player|p1|UndeadParadox|guitarist|1272
|player|p2|2lico|mrstone|1346
|gen|9
|tier|[Gen 9] VGC 2025 Reg H (Bo3)
|rated|
|rule|Species Clause: Limit one of each Pokémon
|rule|Item Clause: Limit 1 of each item
|clearpoke
|poke|p1|Sneasler, L50, F|
|poke|p1|Rillaboom, L50, M|
|poke|p1|Incineroar, L50, F|
|poke|p1|Gholdengo, L50|
|poke|p1|Hydreigon, L50, F|
|poke|p1|Gengar, L50, M|
|poke|p2|Excadrill, L50, F|
|poke|p2|Tyranitar, L50, M|
|poke|p2|Sneasler, L50, F|
|poke|p2|Indeedee, L50, M|
|poke|p2|Corviknight, L50, M|
|poke|p2|Annihilape, L50, M|
|teampreview|4
|showteam|p1|Sneasler||GrassySeed|Unburden|CloseCombat,DireClaw,Acrobatics,Protect|||F|||50|,,,,,Flying]Rillaboom||AssaultVest|GrassySurge|WoodHammer,GrassyGlide,FakeOut,HighHorsepower|||M|||50|,,,,,Fire]Incineroar||SafetyGoggles|Intimidate|FlareBlitz,KnockOff,PartingShot,FakeOut|||F|||50|,,,,,Ghost]Gholdengo||MetalCoat|GoodasGold|Protect,MakeItRain,ShadowBall,NastyPlot||||||50|,,,,,Water]Hydreigon||LifeOrb|Levitate|Flamethrower,DracoMeteor,DarkPulse,Protect|||F|||50|,,,,,Fire]Gengar||FocusSash|CursedBody|ShadowBall,Haze,Taunt,IcyWind|||M|||50|,,,,,Ghost
|showteam|p2|Excadrill||FocusSash|SandRush|IronHead,HighHorsepower,Earthquake,Protect|||F|||50|,,,,,Stellar]Tyranitar||AssaultVest|SandStream|RockSlide,KnockOff,TeraBlast,LowKick|||M|||50|,,,,,Flying]Sneasler||PsychicSeed|Unburden|DireClaw,CloseCombat,ThroatChop,Protect|||F|||50|,,,,,Dark]Indeedee||ChoiceScarf|PsychicSurge|ExpandingForce,TeraBlast,Protect,Trick|||M|||50|,,,,,Psychic]Corviknight||Leftovers|MirrorArmor|BraveBird,BulkUp,Roost,Tailwind|||M|||50|,,,,,Dragon]Annihilape||SafetyGoggles|Defiant|CloseCombat,FinalGambit,RageFist,Taunt|||M|||50|,,,,,Water
|
|t:|1756790705
|teamsize|p1|4
|teamsize|p2|4
|start
|switch|p1a: Sneasler|Sneasler, L50, F, shiny|100/100
|switch|p1b: Rillaboom|Rillaboom, L50, M|100/100
|switch|p2a: Corviknight|Corviknight, L50, M|100/100
|switch|p2b: Tyranitar|Tyranitar, L50, M, shiny|100/100
|-fieldstart|move: Grassy Terrain|[from] ability: Grassy Surge|[of] p1b: Rillaboom
|-enditem|p1a: Sneasler|Grassy Seed
|-boost|p1a: Sneasler|def|1|[from] item: Grassy Seed
|-weather|Sandstorm|[from] ability: Sand Stream|[of] p2b: Tyranitar
|turn|1
|
|t:|1756790749
|switch|p1b: Gholdengo|Gholdengo, L50, shiny|100/100
|-terastallize|p1a: Sneasler|Flying
|-terastallize|p2b: Tyranitar|Flying
|move|p1a: Sneasler|Close Combat|p2b: Tyranitar
|-resisted|p2b: Tyranitar
|-damage|p2b: Tyranitar|73/100
|-unboost|p1a: Sneasler|def|1
|-unboost|p1a: Sneasler|spd|1
|move|p2b: Tyranitar|Tera Blast|p1b: Gholdengo|[anim] Tera Blast Flying
|-resisted|p1b: Gholdengo
|-damage|p1b: Gholdengo|77/100
|move|p2a: Corviknight|Tailwind|p2a: Corviknight
|-sidestart|p2: 2lico|move: Tailwind
|
|-weather|Sandstorm|[upkeep]
|-damage|p1a: Sneasler|95/100|[from] Sandstorm
|-damage|p2b: Tyranitar|67/100|[from] Sandstorm
|-heal|p1b: Gholdengo|83/100|[from] Grassy Terrain
|upkeep
|turn|2
|
|t:|1756790771
|move|p1b: Gholdengo|Protect|p1b: Gholdengo
|-singleturn|p1b: Gholdengo|Protect
|move|p1a: Sneasler|Acrobatics|p2b: Tyranitar
|-damage|p2b: Tyranitar|17/100
|move|p2b: Tyranitar|Knock Off|p1b: Gholdengo
|-activate|p1b: Gholdengo|move: Protect
|move|p2a: Corviknight|Brave Bird|p1a: Sneasler
|-damage|p1a: Sneasler|2/100
|-damage|p2a: Corviknight|77/100|[from] Recoil
|
|-weather|Sandstorm|[upkeep]
|-damage|p1a: Sneasler|0 fnt|[from] Sandstorm
|-damage|p2b: Tyranitar|11/100|[from] Sandstorm
|faint|p1a: Sneasler
|-heal|p2a: Corviknight|83/100|[from] item: Leftovers
|-heal|p1b: Gholdengo|89/100|[from] Grassy Terrain
|upkeep
|
|t:|1756790786
|switch|p1a: Rillaboom|Rillaboom, L50, M|100/100
|turn|3
|
|t:|1756790821
|switch|p2b: Sneasler|Sneasler, L50, F, shiny|100/100
|move|p1a: Rillaboom|Fake Out|p2b: Sneasler
|-damage|p2b: Sneasler|79/100
|move|p2a: Corviknight|Brave Bird|p1b: Gholdengo
|-resisted|p1b: Gholdengo
|-damage|p1b: Gholdengo|59/100
|-damage|p2a: Corviknight|75/100|[from] Recoil
|move|p1b: Gholdengo|Nasty Plot|p1b: Gholdengo
|-boost|p1b: Gholdengo|spa|2
|
|-weather|Sandstorm|[upkeep]
|-damage|p2b: Sneasler|73/100|[from] Sandstorm
|-damage|p1a: Rillaboom|95/100|[from] Sandstorm
|-heal|p2b: Sneasler|79/100|[from] Grassy Terrain
|-heal|p2a: Corviknight|80/100|[from] item: Leftovers
|-heal|p1b: Gholdengo|65/100|[from] Grassy Terrain
|-heal|p1a: Rillaboom|100/100|[from] Grassy Terrain
|upkeep
|turn|4
|
|t:|1756790863
|move|p1b: Gholdengo|Protect|p1b: Gholdengo
|-singleturn|p1b: Gholdengo|Protect
|move|p2b: Sneasler|Close Combat|p1a: Rillaboom
|-damage|p1a: Rillaboom|29/100
|-unboost|p2b: Sneasler|def|1
|-unboost|p2b: Sneasler|spd|1
|move|p2a: Corviknight|Brave Bird|p1a: Rillaboom
|-supereffective|p1a: Rillaboom
|-crit|p1a: Rillaboom
|-damage|p1a: Rillaboom|0 fnt
|faint|p1a: Rillaboom
|-damage|p2a: Corviknight|71/100|[from] Recoil
|
|-weather|Sandstorm|[upkeep]
|-damage|p2b: Sneasler|73/100|[from] Sandstorm
|-heal|p2b: Sneasler|79/100|[from] Grassy Terrain
|-heal|p2a: Corviknight|77/100|[from] item: Leftovers
|-heal|p1b: Gholdengo|71/100|[from] Grassy Terrain
|-sideend|p2: 2lico|move: Tailwind
|upkeep
|
|t:|1756790872
|switch|p1a: Incineroar|Incineroar, L50, F, shiny|100/100
|-ability|p1a: Incineroar|Intimidate|boost
|-ability|p2a: Corviknight|Mirror Armor
|-unboost|p1a: Incineroar|atk|1
|-unboost|p2b: Sneasler|atk|1
|turn|5
|
|t:|1756790918
|switch|p2b: Indeedee|Indeedee, L50, M, shiny|100/100
|-fieldstart|move: Psychic Terrain|[from] ability: Psychic Surge|[of] p2b: Indeedee
|move|p1b: Gholdengo|Make It Rain|p2b: Indeedee|[spread] p2a,p2b
|-resisted|p2a: Corviknight
|-damage|p2a: Corviknight|22/100
|-damage|p2b: Indeedee|0 fnt
|-unboost|p1b: Gholdengo|spa|1
|faint|p2b: Indeedee
|move|p1a: Incineroar|Flare Blitz|p2a: Corviknight
|-supereffective|p2a: Corviknight
|-damage|p2a: Corviknight|0 fnt
|faint|p2a: Corviknight
|-damage|p1a: Incineroar|94/100|[from] Recoil
|
|-weather|none
|upkeep
|
|t:|1756790929
|switch|p2b: Tyranitar|Tyranitar, L50, M, shiny, tera:Flying|11/100
|switch|p2a: Sneasler|Sneasler, L50, F, shiny|79/100
|-weather|Sandstorm|[from] ability: Sand Stream|[of] p2b: Tyranitar
|-enditem|p2a: Sneasler|Psychic Seed
|-boost|p2a: Sneasler|spd|1|[from] item: Psychic Seed
|turn|6
|
|t:|1756790952
|move|p2a: Sneasler|Throat Chop|p1b: Gholdengo
|-supereffective|p1b: Gholdengo
|-damage|p1b: Gholdengo|0 fnt
|faint|p1b: Gholdengo
|move|p2b: Tyranitar|Rock Slide|p1a: Incineroar
|-supereffective|p1a: Incineroar
|-crit|p1a: Incineroar
|-damage|p1a: Incineroar|0 fnt
|faint|p1a: Incineroar
|
|win|2lico
||UndeadParadox is ready for game 3.
||2lico is ready for game 3.
|uhtml|next|Next: Game 3 of 3
|l|☆2lico
|player|p2|
