|j|☆nillythekid
|j|☆rsgbfdgbg
|html|nillythekidrsgbfdgbg    
|uhtml|bestof|Game 2 of a best-of-3
|t:|1782565423
|gametype|doubles
|player|p1|nillythekid|hiker-gen4|1000
|player|p2|rsgbfdgbg|266|1000
|gen|9
|tier|[Gen 9 Champions] VGC 2026 Reg M-B (Bo3)
|rated|
|rule|Species Clause: Limit one of each Pokémon
|rule|Item Clause: Limit 1 of each item
|clearpoke
|poke|p1|Sinistcha, L50|
|poke|p1|Incineroar, L50, M|
|poke|p1|Milotic, L50, M|
|poke|p1|Raichu, L50, M|
|poke|p1|Floette-Eternal, L50, F|
|poke|p1|Ceruledge, L50, M|
|poke|p2|Clefable, L50, F|
|poke|p2|Swampert, L50, M|
|poke|p2|Pelipper, L50, F|
|poke|p2|Kingambit, L50, M|
|poke|p2|Sneasler, L50, F|
|poke|p2|Dragapult, L50, M|
|teampreview|4
|showteam|p1|Sinistcha||KasibBerry|Hospitality|MatchaGotcha,LifeDew,RagePowder,Protect|Relaxed|||||50|]Incineroar||SitrusBerry|Intimidate|FlareBlitz,ThroatChop,FakeOut,PartingShot|Impish||M|||50|]Milotic||Leftovers|Competitive|MuddyWater,Coil,Hypnosis,Protect|Calm||M|||50|]Raichu||RaichuniteY|LightningRod|ZapCannon,FocusBlast,FakeOut,Protect|Timid||M|||50|]Floette-Eternal||Floettite|FlowerVeil|DazzlingGleam,DrainingKiss,CalmMind,Protect|Timid||F|||50|]Ceruledge||ColburBerry|FlashFire|BitterBlade,ShadowSneak,BulkUp,Protect|Adamant||M|||50|
|showteam|p2|Clefable||SitrusBerry|Unaware|FollowMe,Moonblast,PsychUp,SkillSwap|Modest||F|||50|]Swampert||Swampertite|Torrent|Protect,HighHorsepower,WaveCrash,IcePunch|Adamant||M|||50|]Pelipper||FocusSash|Drizzle|Hurricane,Tailwind,WeatherBall,Protect|Serious||F|||50|]Kingambit||BlackGlasses|Defiant|KowtowCleave,SuckerPunch,IronHead,Protect|Adamant||M|||50|]Sneasler||WhiteHerb|Unburden|Protect,FakeOut,DireClaw,CloseCombat|Jolly||F|||50|]Dragapult||LifeOrb|ClearBody|DracoMeteor,Protect,ShadowBall,Flamethrower|Timid||M|||50|
|inactive|Battle timer is ON: inactive players will automatically lose when time's up. (requested by rsgbfdgbg)
|j| zannara
|inactive|nillythekid has 60 seconds left.
|
|t:|1782565455
|teamsize|p1|4
|teamsize|p2|4
|start
|switch|p1a: Raichu|Raichu, L50, M|100/100
|switch|p1b: Sinistcha|Sinistcha, L50|100/100
|switch|p2a: Sneasler|Sneasler, L50, F|100/100
|switch|p2b: Kingambit|Kingambit, L50, M|100/100
|turn|1
|inactive|nillythekid has 30 seconds left.
|inactive|rsgbfdgbg has 30 seconds left.
|
|t:|1782565485
|switch|p2b: Swampert|Swampert, L50, M|100/100
|move|p1a: Raichu|Protect|p1a: Raichu
|-singleturn|p1a: Raichu|Protect
|move|p1b: Sinistcha|Protect|p1b: Sinistcha
|-singleturn|p1b: Sinistcha|Protect
|move|p2a: Sneasler|Close Combat|p1a: Raichu
|-activate|p1a: Raichu|move: Protect
|
|upkeep
|turn|2
|
|t:|1782565513
|switch|p1a: Incineroar|Incineroar, L50, M|100/100
|-ability|p1a: Incineroar|Intimidate|boost
|-unboost|p2a: Sneasler|atk|1
|-unboost|p2b: Swampert|atk|1
|-enditem|p2a: Sneasler|White Herb
|-clearnegativeboost|p2a: Sneasler|[silent]
|detailschange|p2b: Swampert|Swampert-Mega, L50, M
|-mega|p2b: Swampert|Swampert|Swampertite
|move|p2a: Sneasler|Protect|p2a: Sneasler
|-singleturn|p2a: Sneasler|Protect
|move|p2b: Swampert|Wave Crash|p1a: Incineroar
|-supereffective|p1a: Incineroar|1
|-damage|p1a: Incineroar|31/100
|-enditem|p1a: Incineroar|Sitrus Berry|[eat]
|-heal|p1a: Incineroar|56/100|[from] item: Sitrus Berry
|-damage|p2b: Swampert|77/100|[from] Recoil
|move|p1b: Sinistcha|Matcha Gotcha|p2b: Swampert|[spread] p2b
|-activate|p2a: Sneasler|move: Protect
|-supereffective|p2b: Swampert|2
|-damage|p2b: Swampert|0 fnt
|faint|p2b: Swampert
|
|upkeep
|
|t:|1782565523
|switch|p2b: Pelipper|Pelipper, L50, F|100/100
|-weather|RainDance|[from] ability: Drizzle|[of] p2b: Pelipper
|turn|3
|
|t:|1782565541
|move|p1a: Incineroar|Fake Out|p2a: Sneasler
|-damage|p2a: Sneasler|82/100
|cant|p2a: Sneasler|flinch
|move|p2b: Pelipper|Tailwind|p2b: Pelipper
|-sidestart|p2: rsgbfdgbg|move: Tailwind
|move|p1b: Sinistcha|Matcha Gotcha|p2b: Pelipper|[spread] p2a,p2b
|-resisted|p2a: Sneasler|1
|-damage|p2a: Sneasler|65/100
|-damage|p2b: Pelipper|54/100
|
|-weather|RainDance|[upkeep]
|upkeep
|turn|4
|l| zannara
|j| zannara
|l| zannara
|
|t:|1782565561
|switch|p1a: Milotic|Milotic, L50, M|100/100
|move|p2a: Sneasler|Dire Claw|p1b: Sinistcha
|-damage|p1b: Sinistcha|64/100
|move|p2b: Pelipper|Weather Ball|p1a: Milotic
|-resisted|p1a: Milotic|1
|-damage|p1a: Milotic|80/100
|move|p1b: Sinistcha|Life Dew|p1b: Sinistcha|[spread] p1a,p1b
|-heal|p1a: Milotic|100/100
|-heal|p1b: Sinistcha|89/100
|
|-weather|RainDance|[upkeep]
|upkeep
|turn|5
|j| zannara
|
|t:|1782565586
|move|p2a: Sneasler|Dire Claw|p1a: Milotic
|-damage|p1a: Milotic|65/100
|move|p2b: Pelipper|Hurricane|p1a: Milotic
|-damage|p1a: Milotic|33/100
|move|p1a: Milotic|Coil|p1a: Milotic
|-boost|p1a: Milotic|atk|1
|-boost|p1a: Milotic|def|1
|-boost|p1a: Milotic|accuracy|1
|move|p1b: Sinistcha|Matcha Gotcha|p2a: Sneasler|[spread] p2a,p2b
|-resisted|p2a: Sneasler|1
|-damage|p2a: Sneasler|47/100
|-heal|p1b: Sinistcha|97/100|[from] drain|[of] p2a: Sneasler
|-damage|p2b: Pelipper|11/100
|-heal|p1b: Sinistcha|100/100|[from] drain|[of] p2b: Pelipper
|-status|p2b: Pelipper|brn
|
|-weather|RainDance|[upkeep]
|-heal|p1a: Milotic|39/100|[from] item: Leftovers
|-damage|p2b: Pelipper|5/100 brn|[from] brn
|upkeep
|turn|6
|l| zannara
|j| zannara
|
|t:|1782565607
|switch|p2b: Kingambit|Kingambit, L50, M|100/100
|move|p1b: Sinistcha|Rage Powder|p1b: Sinistcha
|-singleturn|p1b: Sinistcha|move: Rage Powder
|move|p2a: Sneasler|Dire Claw|p1b: Sinistcha
|-damage|p1b: Sinistcha|62/100
|-status|p1b: Sinistcha|psn
|move|p1a: Milotic|Muddy Water|p2a: Sneasler|[spread] p2a,p2b
|-damage|p2a: Sneasler|2/100
|-damage|p2b: Kingambit|63/100
|-unboost|p2a: Sneasler|accuracy|1
|-unboost|p2b: Kingambit|accuracy|1
|-ability|p2b: Kingambit|Defiant|boost
|-boost|p2b: Kingambit|atk|2
|
|-weather|RainDance|[upkeep]
|-heal|p1a: Milotic|45/100|[from] item: Leftovers
|-damage|p1b: Sinistcha|50/100g psn|[from] psn
|-sideend|p2: rsgbfdgbg|move: Tailwind
|upkeep
|turn|7
|inactive|nillythekid has 30 seconds left.
|
|t:|1782565633
|move|p1b: Sinistcha|Rage Powder|p1b: Sinistcha
|-singleturn|p1b: Sinistcha|move: Rage Powder
|move|p2a: Sneasler|Close Combat|p1b: Sinistcha
|-immune|p1b: Sinistcha
|move|p1a: Milotic|Muddy Water|p2a: Sneasler|[spread] p2a,p2b
|-damage|p2a: Sneasler|0 fnt
|-damage|p2b: Kingambit|27/100
|faint|p2a: Sneasler
|move|p2b: Kingambit|Kowtow Cleave|p1b: Sinistcha
|-supereffective|p1b: Sinistcha|1
|-damage|p1b: Sinistcha|0 fnt
|faint|p1b: Sinistcha
|
|-weather|none
|-heal|p1a: Milotic|50/100g|[from] item: Leftovers
|upkeep
|-message|rsgbfdgbg forfeited.
|
|win|nillythekid
|raw|nillythekid's rating: 1000 → 1040(+40 for winning)
|raw|rsgbfdgbg's rating: 1000 → 1000(+0 for losing)
|l|☆rsgbfdgbg
|player|p2|
