|j|☆rodry3
|j|☆TheGamerVGC0020
|html|rodry3TheGamerVGC0020    
|uhtml|bestof|Game 2 of a best-of-3
|t:|1783602110
|gametype|doubles
|player|p1|rodry3|roxie|1166
|player|p2|TheGamerVGC0020|boarder|1204
|gen|9
|tier|[Gen 9 Champions] VGC 2026 Reg M-B (Bo3)
|rated|
|rule|Species Clause: Limit one of each Pokémon
|rule|Item Clause: Limit 1 of each item
|clearpoke
|poke|p1|Charizard, L50, F|
|poke|p1|Sneasler, L50, M|
|poke|p1|Incineroar, L50, M|
|poke|p1|Sinistcha, L50|
|poke|p1|Milotic, L50, F|
|poke|p1|Chimecho, L50, M|
|poke|p2|Charizard, L50, F|
|poke|p2|Venusaur, L50, F|
|poke|p2|Mamoswine, L50, F|
|poke|p2|Garchomp, L50, M|
|poke|p2|Sylveon, L50, M|
|poke|p2|Incineroar, L50, M|
|teampreview|4
|showteam|p1|Charizard||CharizarditeX|Blaze|FlareBlitz,DragonClaw,DragonDance,Protect|Adamant||F|||50|]Sneasler||FocusSash|Unburden|FakeOut,CloseCombat,DireClaw,Protect|Naive||M|||50|]Incineroar||SitrusBerry|Intimidate|FakeOut,PartingShot,HelpingHand,FlareBlitz|Careful||M|||50|]Sinistcha||ColburBerry|Hospitality|MatchaGotcha,RagePowder,TrickRoom,Protect|Relaxed|||||50|]Milotic||Leftovers|Competitive|MuddyWater,Coil,Hypnosis,Protect|Calm||F|||50|]Chimecho||Chimechite|Levitate|FlashCannon,Psychic,CalmMind,Protect|Modest||M|||50|
|showteam|p2|Charizard||CharizarditeY|Blaze|HeatWave,WeatherBall,HelpingHand,Protect|Modest||F|||50|]Venusaur||LifeOrb|Chlorophyll|SolarBeam,SludgeBomb,EarthPower,Protect|Modest||F|||50|]Mamoswine||FocusSash|Oblivious|HighHorsepower,RockTomb,IceShard,Protect|Jolly||F|||50|]Garchomp||ChoiceScarf|RoughSkin|Earthquake,DragonClaw,RockSlide,IronHead|Adamant||M|||50|]Sylveon||FairyFeather|Pixilate|HyperVoice,QuickAttack,Yawn,Detect|Modest||M|||50|]Incineroar||SitrusBerry|Intimidate|FakeOut,FlareBlitz,DarkestLariat,PartingShot|Impish||M|||50|
|inactive|Battle timer is ON: inactive players will automatically lose when time's up. (requested by rodry3)
|inactive|rodry3 has 60 seconds left.
|
|t:|1783602156
|teamsize|p1|4
|teamsize|p2|4
|start
|switch|p1a: Incineroar|Incineroar, L50, M|100/100
|switch|p1b: Milotic|Milotic, L50, F|100/100
|switch|p2a: Mamoswine|Mamoswine, L50, F|100/100
|switch|p2b: Charizard|Charizard, L50, F|100/100
|-ability|p1a: Incineroar|Intimidate|boost
|-fail|p2a: Mamoswine|unboost|Attack|[from] ability: Oblivious|[of] p2a: Mamoswine
|-unboost|p2b: Charizard|atk|1
|turn|1
|
|t:|1783602176
|detailschange|p2b: Charizard|Charizard-Mega-Y, L50, F
|-mega|p2b: Charizard|Charizard|Charizardite Y
|-weather|SunnyDay|[from] ability: Drought|[of] p2b: Charizard
|move|p2a: Mamoswine|Protect|p2a: Mamoswine
|-singleturn|p2a: Mamoswine|Protect
|move|p1a: Incineroar|Fake Out|p2a: Mamoswine
|-activate|p2a: Mamoswine|move: Protect
|move|p2b: Charizard|Heat Wave|p1b: Milotic|[spread] p1a,p1b
|-resisted|p1a: Incineroar|1
|-resisted|p1b: Milotic|1
|-damage|p1a: Incineroar|76/100
|-damage|p1b: Milotic|78/100
|move|p1b: Milotic|Muddy Water|p2b: Charizard|[spread] p2b
|-activate|p2a: Mamoswine|move: Protect
|-supereffective|p2b: Charizard|1
|-damage|p2b: Charizard|78/100
|
|-weather|SunnyDay|[upkeep]
|-heal|p1b: Milotic|84/100|[from] item: Leftovers
|upkeep
|turn|2
|inactive|rodry3 has 30 seconds left.
|inactive|rodry3 has 20 seconds left.
|
|t:|1783602211
|move|p2a: Mamoswine|High Horsepower|p1a: Incineroar
|-supereffective|p1a: Incineroar|1
|-damage|p1a: Incineroar|0 fnt
|faint|p1a: Incineroar
|move|p2b: Charizard|Weather Ball|p1b: Milotic
|-resisted|p1b: Milotic|1
|-damage|p1b: Milotic|53/100
|move|p1b: Milotic|Muddy Water|p2b: Charizard|[spread] p2a,p2b
|-supereffective|p2a: Mamoswine|1
|-supereffective|p2b: Charizard|1
|-damage|p2a: Mamoswine|67/100
|-damage|p2b: Charizard|57/100
|-unboost|p2b: Charizard|accuracy|1
|
|-weather|SunnyDay|[upkeep]
|-heal|p1b: Milotic|59/100|[from] item: Leftovers
|upkeep
|
|t:|1783602220
|switch|p1a: Sneasler|Sneasler, L50, M|100/100
|turn|3
|
|t:|1783602234
|move|p1a: Sneasler|Fake Out|p2b: Charizard
|-damage|p2b: Charizard|42/100
|move|p2a: Mamoswine|Ice Shard|p1a: Sneasler
|-damage|p1a: Sneasler|62/100
|cant|p2b: Charizard|flinch
|move|p1b: Milotic|Muddy Water|p2a: Mamoswine|[spread] p2b
|-miss|p1b: Milotic|p2a: Mamoswine
|-supereffective|p2b: Charizard|1
|-damage|p2b: Charizard|20/100y
|
|-weather|SunnyDay|[upkeep]
|-heal|p1b: Milotic|65/100|[from] item: Leftovers
|upkeep
|turn|4
|inactive|TheGamerVGC0020 has 30 seconds left.
|inactive|TheGamerVGC0020 has 20 seconds left.
|
|t:|1783602271
|move|p2a: Mamoswine|Protect|p2a: Mamoswine
|-singleturn|p2a: Mamoswine|Protect
|move|p1a: Sneasler|Close Combat|p2a: Mamoswine
|-activate|p2a: Mamoswine|move: Protect
|move|p2b: Charizard|Weather Ball|p1a: Sneasler|[miss]
|-miss|p2b: Charizard|p1a: Sneasler
|move|p1b: Milotic|Muddy Water|p2b: Charizard|[spread] p2b
|-activate|p2a: Mamoswine|move: Protect
|-supereffective|p2b: Charizard|1
|-damage|p2b: Charizard|0 fnt
|faint|p2b: Charizard
|
|-weather|SunnyDay|[upkeep]
|-heal|p1b: Milotic|71/100|[from] item: Leftovers
|upkeep
|
|t:|1783602277
|switch|p2b: Sylveon|Sylveon, L50, M|100/100
|turn|5
|
|t:|1783602289
|switch|p2a: Incineroar|Incineroar, L50, M|100/100
|-ability|p2a: Incineroar|Intimidate|boost
|-unboost|p1a: Sneasler|atk|1
|-unboost|p1b: Milotic|atk|1
|-ability|p1b: Milotic|Competitive|boost
|-boost|p1b: Milotic|spa|2
|move|p1a: Sneasler|Protect|p1a: Sneasler
|-singleturn|p1a: Sneasler|Protect
|move|p1b: Milotic|Muddy Water|p2b: Sylveon|[spread] p2a,p2b
|-supereffective|p2a: Incineroar|1
|-damage|p2a: Incineroar|60/100
|-damage|p2b: Sylveon|84/100
|-unboost|p2a: Incineroar|accuracy|1
|-unboost|p2b: Sylveon|accuracy|1
|move|p2b: Sylveon|Yawn|p1b: Milotic
|-start|p1b: Milotic|move: Yawn|[of] p2b: Sylveon
|
|-weather|none
|-heal|p1b: Milotic|77/100|[from] item: Leftovers
|upkeep
|turn|6
|
|t:|1783602304
|switch|p1a: Charizard|Charizard, L50, F|100/100
|move|p2a: Incineroar|Fake Out|p1b: Milotic|[miss]
|-miss|p2a: Incineroar|p1b: Milotic
|move|p1b: Milotic|Muddy Water|p2b: Sylveon|[spread] p2a,p2b
|-supereffective|p2a: Incineroar|1
|-crit|p2a: Incineroar
|-damage|p2a: Incineroar|0 fnt
|-damage|p2b: Sylveon|53/100
|-unboost|p2b: Sylveon|accuracy|1
|faint|p2a: Incineroar
|move|p2b: Sylveon|Hyper Voice|p1b: Milotic|[spread] p1b
|-miss|p2b: Sylveon|p1a: Charizard
|-crit|p1b: Milotic
|-damage|p1b: Milotic|34/100
|
|-heal|p1b: Milotic|40/100|[from] item: Leftovers
|-end|p1b: Milotic|move: Yawn|[silent]
|-status|p1b: Milotic|slp
|upkeep
|
|t:|1783602307
|switch|p2a: Mamoswine|Mamoswine, L50, F|67/100
|turn|7
|
|t:|1783602330
|detailschange|p1a: Charizard|Charizard-Mega-X, L50, F
|-mega|p1a: Charizard|Charizard|Charizardite X
|move|p2a: Mamoswine|Rock Tomb|p1a: Charizard
|-supereffective|p1a: Charizard|1
|-damage|p1a: Charizard|62/100
|-unboost|p1a: Charizard|spe|1
|cant|p1b: Milotic|slp
|move|p1a: Charizard|Flare Blitz|p2a: Mamoswine
|-supereffective|p2a: Mamoswine|1
|-damage|p2a: Mamoswine|0 fnt
|faint|p2a: Mamoswine
|-damage|p1a: Charizard|39/100|[from] Recoil
|move|p2b: Sylveon|Hyper Voice|p1b: Milotic|[spread] p1b
|-miss|p2b: Sylveon|p1a: Charizard
|-damage|p1b: Milotic|11/100 slp
|
|-heal|p1b: Milotic|17/100 slp|[from] item: Leftovers
|upkeep
|turn|8
|-message|TheGamerVGC0020 forfeited.
|
|win|rodry3
||TheGamerVGC0020 is ready for game 3.
||rodry3 is ready for game 3.
|uhtml|next|Next: Game 3 of 3
|l|☆TheGamerVGC0020
|player|p2|
