|j|☆AbacusStabacus
|j|☆playrornds
|html|AbacusStabacusplayrornds    
|uhtml|bestof|Game 3 of a best-of-3
|t:|1757191181
|gametype|doubles
|player|p1|AbacusStabacus|102|1142
|player|p2|playrornds|giovanni-gen1rb|1162
|gen|9
|tier|[Gen 9] VGC 2025 Reg H (Bo3)
|rated|
|rule|Species Clause: Limit one of each Pokémon
|rule|Item Clause: Limit 1 of each item
|clearpoke
|poke|p1|Kingambit, L50, F|
|poke|p1|Overqwil, L50, F|
|poke|p1|Archaludon, L50, M|
|poke|p1|Rillaboom, L50, F|
|poke|p1|Pelipper, L50, M|
|poke|p1|Primarina, L50, M|
|poke|p2|Ursaluna, L50, F|
|poke|p2|Charizard, L50, F|
|poke|p2|Torkoal, L50, F|
|poke|p2|Jumpluff, L50, M|
|poke|p2|Incineroar, L50, M|
|poke|p2|Porygon2, L50|
|teampreview|4
|showteam|p1|Kingambit||LifeOrb|Defiant|SwordsDance,KowtowCleave,SuckerPunch,Protect|||F|||50|,,,,,Dark]Overqwil||ChoiceBand|SwiftSwim|AquaJet,Crunch,Waterfall,PoisonJab|||F|||50|,,,,,Water]Archaludon||AssaultVest|Stamina|BodyPress,DracoMeteor,ElectroShot,SteelBeam|||M|||50|,,,,,Electric]Rillaboom||SitrusBerry|GrassySurge|FakeOut,BrickBreak,GrassyGlide,WoodHammer|||F|||50|,,,,,Water]Pelipper||CovertCloak|Drizzle|MuddyWater,Hurricane,Tailwind,Protect|||M|||50|,,,,,Ground]Primarina||ThroatSpray|LiquidVoice|HyperVoice,Haze,DazzlingGleam,Encore|||M|||50|,,,,,Steel
|showteam|p2|Ursaluna||FlameOrb|Guts|HeadlongRush,Facade,Earthquake,Protect|||F|||50|,,,,,Ghost]Charizard||ChoiceSpecs|SolarPower|HeatWave,Overheat,WeatherBall,AirSlash|||F|||50|,,,,,Ghost]Torkoal||EjectPack|Drought|Eruption,Overheat,HelpingHand,Protect|||F|||50|,,,,,Fire]Jumpluff||CovertCloak|Chlorophyll|SleepPowder,SunnyDay,RagePowder,Tailwind|||M|||50|,,,,,Water]Incineroar||SitrusBerry|Intimidate|FlareBlitz,KnockOff,FakeOut,PartingShot|||M|||50|,,,,,Ghost]Porygon2||Eviolite|Download|TeraBlast,IceBeam,Recover,TrickRoom||||||50|,,,,,Fighting
|inactive|Battle timer is ON: inactive players will automatically lose when time's up. (requested by playrornds)
|inactive|playrornds has 60 seconds left.
|
|t:|1757191216
|teamsize|p1|4
|teamsize|p2|4
|start
|switch|p1a: Rillaboom|Rillaboom, L50, F|100/100
|switch|p1b: Primarina|Primarina, L50, M|100/100
|switch|p2a: Incineroar|Incineroar, L50, M|100/100
|switch|p2b: Porygon2|Porygon2, L50|100/100
|-ability|p2a: Incineroar|Intimidate|boost
|-unboost|p1a: Rillaboom|atk|1
|-unboost|p1b: Primarina|atk|1
|-fieldstart|move: Grassy Terrain|[from] ability: Grassy Surge|[of] p1a: Rillaboom
|-ability|p2b: Porygon2|Download|boost
|-boost|p2b: Porygon2|atk|1
|turn|1
|inactive|playrornds has 30 seconds left.
|inactive|playrornds has 20 seconds left.
|inactive|playrornds has 15 seconds left.
|inactive|playrornds has 10 seconds left.
|inactive|playrornds has 5 seconds left.
|
|t:|1757191267
|move|p2a: Incineroar|Fake Out|p1b: Primarina
|-damage|p1b: Primarina|86/100
|move|p1a: Rillaboom|Fake Out|p2b: Porygon2
|-crit|p2b: Porygon2
|-damage|p2b: Porygon2|86/100
|cant|p1b: Primarina|flinch
|cant|p2b: Porygon2|flinch
|
|-heal|p2b: Porygon2|92/100|[from] Grassy Terrain
|-heal|p1b: Primarina|91/100|[from] Grassy Terrain
|upkeep
|turn|2
|inactive|AbacusStabacus has 30 seconds left.
|inactive|playrornds has 30 seconds left.
|inactive|playrornds has 20 seconds left.
|
|t:|1757191302
|move|p2a: Incineroar|Parting Shot|p1b: Primarina
|-unboost|p1b: Primarina|atk|1
|-unboost|p1b: Primarina|spa|1
|
|t:|1757191305
|switch|p2a: Torkoal|Torkoal, L50, F, shiny|100/100|[from] Parting Shot
|-weather|SunnyDay|[from] ability: Drought|[of] p2a: Torkoal
|move|p1a: Rillaboom|Wood Hammer|p2b: Porygon2
|-damage|p2b: Porygon2|55/100
|-damage|p1a: Rillaboom|89/100|[from] Recoil
|move|p1b: Primarina|Hyper Voice|p2a: Torkoal|[spread] p2a,p2b
|-supereffective|p2a: Torkoal
|-damage|p2a: Torkoal|63/100
|-damage|p2b: Porygon2|46/100
|-enditem|p1b: Primarina|Throat Spray
|-boost|p1b: Primarina|spa|1|[from] item: Throat Spray
|move|p2b: Porygon2|Trick Room|p2b: Porygon2
|-fieldstart|move: Trick Room|[of] p2b: Porygon2
|
|-weather|SunnyDay|[upkeep]
|-heal|p2a: Torkoal|69/100|[from] Grassy Terrain
|-heal|p1b: Primarina|97/100|[from] Grassy Terrain
|-heal|p2b: Porygon2|53/100|[from] Grassy Terrain
|-heal|p1a: Rillaboom|95/100|[from] Grassy Terrain
|upkeep
|turn|3
|inactive|playrornds has 30 seconds left.
|
|t:|1757191338
|switch|p1a: Pelipper|Pelipper, L50, M|100/100
|-weather|RainDance|[from] ability: Drizzle|[of] p1a: Pelipper
|move|p2a: Torkoal|Overheat|p1a: Pelipper
|-resisted|p1a: Pelipper
|-damage|p1a: Pelipper|82/100
|-unboost|p2a: Torkoal|spa|2
|-enditem|p2a: Torkoal|Eject Pack
|
|t:|1757191347
|switch|p2a: Incineroar|Incineroar, L50, M|100/100
|-ability|p2a: Incineroar|Intimidate|boost
|-unboost|p1a: Pelipper|atk|1
|-unboost|p1b: Primarina|atk|1
|move|p1b: Primarina|Hyper Voice|p2a: Incineroar|[spread] p2a,p2b
|-supereffective|p2a: Incineroar
|-crit|p2b: Porygon2
|-damage|p2a: Incineroar|0 fnt
|-damage|p2b: Porygon2|0 fnt
|faint|p2a: Incineroar
|faint|p2b: Porygon2
|
|-weather|RainDance|[upkeep]
|-heal|p1b: Primarina|100/100|[from] Grassy Terrain
|upkeep
|
|t:|1757191350
|switch|p2b: Torkoal|Torkoal, L50, F, shiny|69/100
|switch|p2a: Ursaluna|Ursaluna, L50, F, shiny|100/100
|-weather|SunnyDay|[from] ability: Drought|[of] p2b: Torkoal
|turn|4
|inactive|playrornds has 30 seconds left.
|inactive|playrornds has 20 seconds left.
|inactive|playrornds has 15 seconds left.
|
|t:|1757191393
|switch|p1a: Rillaboom|Rillaboom, L50, F|95/100
|-terastallize|p2a: Ursaluna|Ghost
|move|p2b: Torkoal|Protect|p2b: Torkoal
|-singleturn|p2b: Torkoal|Protect
|move|p1b: Primarina|Hyper Voice|p2b: Torkoal|[spread] p2a
|-activate|p2b: Torkoal|move: Protect
|-damage|p2a: Ursaluna|82/100
|move|p2a: Ursaluna|Facade|p1a: Rillaboom
|-damage|p1a: Rillaboom|56/100
|
|-weather|SunnyDay|[upkeep]
|-heal|p2b: Torkoal|76/100|[from] Grassy Terrain
|-heal|p2a: Ursaluna|87/100|[from] Grassy Terrain
|-heal|p1a: Rillaboom|61/100|[from] Grassy Terrain
|-status|p2a: Ursaluna|brn|[from] item: Flame Orb
|upkeep
|turn|5
|inactive|playrornds has 30 seconds left.
|inactive|playrornds has 20 seconds left.
|inactive|playrornds has 15 seconds left.
|
|t:|1757191437
|switch|p1b: Pelipper|Pelipper, L50, M|82/100
|-weather|RainDance|[from] ability: Drizzle|[of] p1b: Pelipper
|move|p2b: Torkoal|Protect|p2b: Torkoal
|-singleturn|p2b: Torkoal|Protect
|move|p1a: Rillaboom|Fake Out|p2b: Torkoal
|-activate|p2b: Torkoal|move: Protect
|move|p2a: Ursaluna|Facade|p1a: Rillaboom
|-damage|p1a: Rillaboom|0 fnt
|faint|p1a: Rillaboom
|
|-weather|RainDance|[upkeep]
|-heal|p2b: Torkoal|82/100|[from] Grassy Terrain
|-heal|p2a: Ursaluna|93/100 brn|[from] Grassy Terrain
|-damage|p2a: Ursaluna|87/100 brn|[from] brn
|-fieldend|move: Grassy Terrain
|upkeep
|
|t:|1757191442
|switch|p1a: Primarina|Primarina, L50, M|100/100
|turn|6
|
|t:|1757191458
|move|p2b: Torkoal|Overheat|p1b: Pelipper
|-resisted|p1b: Pelipper
|-damage|p1b: Pelipper|62/100
|-unboost|p2b: Torkoal|spa|2
|move|p1a: Primarina|Hyper Voice|p2b: Torkoal|[spread] p2a,p2b
|-supereffective|p2b: Torkoal
|-damage|p2a: Ursaluna|32/100 brn
|-damage|p2b: Torkoal|0 fnt
|faint|p2b: Torkoal
|move|p1b: Pelipper|Muddy Water|p2a: Ursaluna
|-damage|p2a: Ursaluna|0 fnt
|faint|p2a: Ursaluna
|
|win|AbacusStabacus
|raw|AbacusStabacus's rating: 1142 → 1168(+26 for winning)
|raw|playrornds's rating: 1162 → 1136(-26 for losing)
|c|☆playrornds|gg
