|j|☆icemonggs
|j|☆thegreatestnone
|html|icemonggsthegreatestnone    
|uhtml|bestof|Game 1 of a best-of-3
|t:|1784999704
|gametype|doubles
|player|p1|icemonggs|cilan|1082
|player|p2|thegreatestnone|170|1265
|gen|9
|tier|[Gen 9 Champions] VGC 2026 Reg M-B (Bo3)
|rated|
|rule|Species Clause: Limit one of each Pokémon
|rule|Item Clause: Limit 1 of each item
|clearpoke
|poke|p1|Dragonite, L50, F, shiny|
|poke|p1|Toxapex, L50, M, shiny|
|poke|p1|Sneasler, L50, F|
|poke|p1|Kingambit, L50, F, shiny|
|poke|p1|Charizard, L50, F, shiny|
|poke|p1|Froslass, L50, F, shiny|
|poke|p2|Staraptor, L50, F|
|poke|p2|Vanilluxe, L50, M|
|poke|p2|Farigiraf, L50, F|
|poke|p2|Blastoise, L50, F|
|poke|p2|Kingambit, L50, M|
|poke|p2|Camerupt, L50, F|
|teampreview|4
|showteam|p1|Dragonite||LifeOrb|InnerFocus|DragonClaw,ExtremeSpeed,LowKick,Protect|Adamant||F|||50|]Toxapex||Leftovers|Regenerator|Infestation,Toxic,WideGuard,BanefulBunker|Bold||M|||50|]Sneasler||FocusSash|PoisonTouch|CloseCombat,PoisonJab,FakeOut,Protect|Jolly||F|||50|]Kingambit||BlackGlasses|Defiant|KowtowCleave,SwordsDance,SuckerPunch,Protect|Adamant||F|||50|]Charizard||CharizarditeY|Blaze|HeatWave,WeatherBall,SolarBeam,Protect|Modest||F|||50|]Froslass||Froslassite|CursedBody|Blizzard,ShadowBall,AuroraVeil,Protect|Modest||F|||50|
|showteam|p2|Staraptor||ChoiceScarf|Intimidate|FinalGambit,BraveBird,CloseCombat,Uturn|Jolly||F|||50|]Vanilluxe||NeverMeltIce|SnowWarning|Blizzard,FreezeDry,Protect,IceShard|Quiet||M|||50|]Farigiraf||SitrusBerry|ArmorTail|PsychicFangs,HyperVoice,HelpingHand,TrickRoom|Relaxed||F|||50|]Blastoise||Blastoisinite|RainDish|FakeOut,WaterSpout,AuraSphere,DarkPulse|Quiet||F|||50|]Kingambit||LifeOrb|Defiant|KowtowCleave,IronHead,Protect,SuckerPunch|Brave||M|||50|]Camerupt||Cameruptite|SolidRock|HeatWave,EarthPower,Protect,AncientPower|Quiet||F|||50|
|
|t:|1784999771
|teamsize|p1|4
|teamsize|p2|4
|start
|switch|p1a: Froslass|Froslass, L50, F, shiny|100/100
|switch|p1b: Dragonite|Dragonite, L50, F, shiny|100/100
|switch|p2a: Farigiraf|Farigiraf, L50, F|100/100
|switch|p2b: Blastoise|Blastoise, L50, F|100/100
|turn|1
|
|t:|1784999781
|detailschange|p1a: Froslass|Froslass-Mega, L50, F, shiny
|-mega|p1a: Froslass|Froslass|Froslassite
|-weather|Snowscape|[from] ability: Snow Warning|[of] p1a: Froslass
|move|p2b: Blastoise|Fake Out|p1b: Dragonite
|-damage|p1b: Dragonite|91/100
|move|p1a: Froslass|Aurora Veil|p1a: Froslass
|-sidestart|p1: icemonggs|move: Aurora Veil
|move|p1b: Dragonite|Dragon Claw|p2b: Blastoise
|-damage|p2b: Blastoise|38/100
|-damage|p1b: Dragonite|82/100|[from] item: Life Orb
|move|p2a: Farigiraf|Trick Room|p2a: Farigiraf
|-fieldstart|move: Trick Room|[of] p2a: Farigiraf
|
|-weather|Snowscape|[upkeep]
|upkeep
|turn|2
|
|t:|1784999801
|move|p2a: Farigiraf|Helping Hand|p2b: Blastoise
|-singleturn|p2b: Blastoise|Helping Hand|[of] p2a: Farigiraf
|move|p2b: Blastoise|Dark Pulse|p1a: Froslass
|-supereffective|p1a: Froslass|1
|-damage|p1a: Froslass|50/100g
|move|p1b: Dragonite|Dragon Claw|p2a: Farigiraf
|-damage|p2a: Farigiraf|50/100g
|-damage|p1b: Dragonite|72/100|[from] item: Life Orb
|move|p1a: Froslass|Blizzard|p2a: Farigiraf|[spread] p2a,p2b
|-resisted|p2b: Blastoise|1
|-damage|p2a: Farigiraf|12/100
|-damage|p2b: Blastoise|18/100
|-status|p2a: Farigiraf|frz
|-enditem|p2a: Farigiraf|Sitrus Berry|[eat]
|-heal|p2a: Farigiraf|37/100 frz|[from] item: Sitrus Berry
|
|-weather|Snowscape|[upkeep]
|upkeep
|turn|3
|
|t:|1784999827
|-curestatus|p2a: Farigiraf|frz|[msg]
|move|p2a: Farigiraf|Helping Hand|p2b: Blastoise
|-singleturn|p2b: Blastoise|Helping Hand|[of] p2a: Farigiraf
|move|p2b: Blastoise|Dark Pulse|p1a: Froslass
|-supereffective|p1a: Froslass|1
|-damage|p1a: Froslass|1/100
|move|p1b: Dragonite|Dragon Claw|p2a: Farigiraf
|-damage|p2a: Farigiraf|0 fnt
|faint|p2a: Farigiraf
|-damage|p1b: Dragonite|62/100|[from] item: Life Orb
|move|p1a: Froslass|Blizzard|p2b: Blastoise
|-resisted|p2b: Blastoise|1
|-damage|p2b: Blastoise|0 fnt
|faint|p2b: Blastoise
|
|-weather|Snowscape|[upkeep]
|upkeep
|
|t:|1784999832
|switch|p2a: Kingambit|Kingambit, L50, M|100/100
|switch|p2b: Camerupt|Camerupt, L50, F|100/100
|turn|4
|
|t:|1784999853
|detailschange|p2b: Camerupt|Camerupt-Mega, L50, F
|-mega|p2b: Camerupt|Camerupt|Cameruptite
|move|p1b: Dragonite|Extreme Speed|p2b: Camerupt
|-damage|p2b: Camerupt|59/100
|-damage|p1b: Dragonite|53/100|[from] item: Life Orb
|move|p2b: Camerupt|Heat Wave|p1a: Froslass|[spread] p1a,p1b
|-supereffective|p1a: Froslass|1
|-resisted|p1b: Dragonite|1
|-damage|p1a: Froslass|0 fnt
|-damage|p1b: Dragonite|37/100
|faint|p1a: Froslass
|move|p2a: Kingambit|Kowtow Cleave|p1b: Dragonite
|-damage|p1b: Dragonite|0 fnt
|faint|p1b: Dragonite
|-damage|p2a: Kingambit|90/100|[from] item: Life Orb
|
|-weather|Snowscape|[upkeep]
|upkeep
|
|t:|1784999857
|switch|p1b: Kingambit|Kingambit, L50, F, shiny|100/100
|switch|p1a: Toxapex|Toxapex, L50, M, shiny|100/100
|turn|5
|
|t:|1784999875
|move|p1b: Kingambit|Protect|p1b: Kingambit
|-singleturn|p1b: Kingambit|Protect
|move|p2b: Camerupt|Earth Power|p1b: Kingambit
|-activate|p1b: Kingambit|move: Protect
|move|p1a: Toxapex|Infestation|p2b: Camerupt
|-resisted|p2b: Camerupt|1
|-damage|p2b: Camerupt|58/100
|-activate|p2b: Camerupt|move: Infestation|[of] p1a: Toxapex
|move|p2a: Kingambit|Kowtow Cleave|p1a: Toxapex
|-damage|p1a: Toxapex|73/100
|-damage|p2a: Kingambit|80/100|[from] item: Life Orb
|
|-weather|none
|-heal|p1a: Toxapex|78/100|[from] item: Leftovers
|-damage|p2b: Camerupt|45/100|[from] move: Infestation|[partiallytrapped]
|-sideend|p1: icemonggs|move: Aurora Veil
|-fieldend|move: Trick Room
|upkeep
|turn|6
|
|t:|1784999887
|move|p1b: Kingambit|Kowtow Cleave|p2b: Camerupt
|-damage|p2b: Camerupt|0 fnt
|faint|p2b: Camerupt
|move|p2a: Kingambit|Kowtow Cleave|p1a: Toxapex
|-damage|p1a: Toxapex|34/100
|-damage|p2a: Kingambit|71/100|[from] item: Life Orb
|move|p1a: Toxapex|Infestation|p2a: Kingambit
|-damage|p2a: Kingambit|67/100
|-activate|p2a: Kingambit|move: Infestation|[of] p1a: Toxapex
|
|-heal|p1a: Toxapex|40/100|[from] item: Leftovers
|-damage|p2a: Kingambit|55/100|[from] move: Infestation|[partiallytrapped]
|upkeep
|turn|7
|
|t:|1784999896
|move|p1b: Kingambit|Swords Dance|p1b: Kingambit
|-boost|p1b: Kingambit|atk|2
|move|p2a: Kingambit|Kowtow Cleave|p1a: Toxapex
|-damage|p1a: Toxapex|0 fnt
|faint|p1a: Toxapex
|-damage|p2a: Kingambit|45/100|[from] item: Life Orb
|
|-end|p2a: Kingambit|Infestation|[partiallytrapped]|[silent]
|upkeep
|turn|8
|
|t:|1784999899
|move|p1b: Kingambit|Kowtow Cleave|p2a: Kingambit
|-resisted|p2a: Kingambit|1
|-damage|p2a: Kingambit|0 fnt
|faint|p2a: Kingambit
|
|win|icemonggs
||icemonggs is ready for game 2.
||thegreatestnone is ready for game 2.
|uhtml|next|Next: Game 2 of 3
