|j|☆Koraidonkoalition
|j|☆HEDGEHOGMEOW
|html|KoraidonkoalitionHEDGEHOGMEOW    
|uhtml|bestof|Game 2 of a best-of-3
|t:|1785127667
|gametype|doubles
|player|p1|Koraidonkoalition|colress|1196
|player|p2|HEDGEHOGMEOW|266|1174
|gen|9
|tier|[Gen 9 Champions] VGC 2026 Reg M-B (Bo3)
|rated|
|rule|Species Clause: Limit one of each Pokémon
|rule|Item Clause: Limit 1 of each item
|clearpoke
|poke|p1|Tyranitar, L50, M|
|poke|p1|Excadrill, L50, M|
|poke|p1|Milotic, L50, F|
|poke|p1|Sinistcha, L50|
|poke|p1|Staraptor, L50, M|
|poke|p1|Gholdengo, L50|
|poke|p2|Raichu, L50, F|
|poke|p2|Maushold-Four, L50|
|poke|p2|Farigiraf, L50, M|
|poke|p2|Sylveon, L50, F|
|poke|p2|Kingambit, L50, F|
|poke|p2|Camerupt, L50, M|
|teampreview|4
|showteam|p1|Tyranitar||Tyranitarite|SandStream|KnockOff,RockSlide,LowKick,Protect|Jolly||M|||50|]Excadrill||FocusSash|SandRush|Earthquake,IronHead,RockSlide,Protect|Adamant||M|||50|]Milotic||SitrusBerry|Competitive|Scald,IcyWind,Haze,Protect|Calm||F|||50|]Sinistcha||ColburBerry|Hospitality|MatchaGotcha,ShadowBall,Protect,RagePowder|Bold|||||50|]Staraptor||Staraptite|Intimidate|CloseCombat,BraveBird,Tailwind,Protect|Jolly||M|||50|]Gholdengo||LifeOrb|GoodasGold|MakeItRain,ShadowBall,NastyPlot,Protect|Modest|||||50|
|showteam|p2|Raichu||RaichuniteY|LightningRod|FakeOut,ZapCannon,FocusBlast,Protect|Timid||F|||50|]Maushold-Four||WideLens|Technician|PopulationBomb,Taunt,FollowMe,Protect|Jolly|||||50|]Farigiraf||SitrusBerry|ArmorTail|Psychic,TrickRoom,Protect,SkillSwap|Relaxed||M|||50|]Sylveon||FairyFeather|Pixilate|Detect,QuickAttack,HyperVoice,HyperBeam|Quiet||F|||50|]Kingambit||ChopleBerry|Defiant|SuckerPunch,KowtowCleave,IronHead,LowKick|Brave||F|||50|]Camerupt||Cameruptite|SolidRock|AncientPower,EarthPower,HeatWave,Protect|Quiet||M|||50|
|inactive|Battle timer is ON: inactive players will automatically lose when time's up. (requested by HEDGEHOGMEOW)
|
|t:|1785127688
|teamsize|p1|4
|teamsize|p2|4
|start
|switch|p1a: Sinistcha|Sinistcha, L50|100/100
|switch|p1b: Staraptor|Staraptor, L50, M|100/100
|switch|p2a: Raichu|Raichu, L50, F|100/100
|switch|p2b: Maushold|Maushold-Four, L50|100/100
|-ability|p1b: Staraptor|Intimidate|boost
|-unboost|p2a: Raichu|atk|1
|-unboost|p2b: Maushold|atk|1
|turn|1
|
|t:|1785127708
|detailschange|p2a: Raichu|Raichu-Mega-Y, L50, F
|-mega|p2a: Raichu|Raichu|Raichunite Y
|move|p1b: Staraptor|Protect|p1b: Staraptor
|-singleturn|p1b: Staraptor|Protect
|move|p1a: Sinistcha|Protect|p1a: Sinistcha
|-singleturn|p1a: Sinistcha|Protect
|move|p2a: Raichu|Fake Out|p1b: Staraptor
|-activate|p1b: Staraptor|move: Protect
|move|p2b: Maushold|Taunt|p1a: Sinistcha
|-activate|p1a: Sinistcha|move: Protect
|
|upkeep
|turn|2
|inactive|HEDGEHOGMEOW has 30 seconds left.
|inactive|HEDGEHOGMEOW has 20 seconds left.
|inactive|HEDGEHOGMEOW has 15 seconds left.
|
|t:|1785127749
|move|p2a: Raichu|Protect|p2a: Raichu
|-singleturn|p2a: Raichu|Protect
|move|p1a: Sinistcha|Rage Powder|p1a: Sinistcha
|-singleturn|p1a: Sinistcha|move: Rage Powder
|move|p2b: Maushold|Taunt|p1a: Sinistcha
|-start|p1a: Sinistcha|move: Taunt
|move|p1b: Staraptor|Tailwind|p1b: Staraptor
|-sidestart|p1: Koraidonkoalition|move: Tailwind
|
|upkeep
|turn|3
|
|t:|1785127770
|switch|p1a: Excadrill|Excadrill, L50, M|100/100
|switch|p2b: Farigiraf|Farigiraf, L50, M|100/100
|move|p1b: Staraptor|Protect|p1b: Staraptor
|-singleturn|p1b: Staraptor|Protect
|move|p2a: Raichu|Zap Cannon|p1b: Staraptor
|-activate|p1b: Staraptor|move: Protect
|
|upkeep
|turn|4
|inactive|HEDGEHOGMEOW has 30 seconds left.
|
|t:|1785127805
|switch|p2a: Maushold|Maushold-Four, L50|100/100
|detailschange|p1b: Staraptor|Staraptor-Mega, L50, M
|-mega|p1b: Staraptor|Staraptor|Staraptite
|move|p1b: Staraptor|Close Combat|p2b: Farigiraf
|-damage|p2b: Farigiraf|60/100
|-boost|p1b: Staraptor|def|1
|-boost|p1b: Staraptor|spd|1
|move|p1a: Excadrill|Earthquake|p2a: Maushold|[spread] p2a,p2b
|-immune|p1b: Staraptor
|-damage|p2a: Maushold|28/100
|-damage|p2b: Farigiraf|28/100
|-enditem|p2b: Farigiraf|Sitrus Berry|[eat]
|-heal|p2b: Farigiraf|53/100|[from] item: Sitrus Berry
|move|p2b: Farigiraf|Trick Room|p2b: Farigiraf
|-fieldstart|move: Trick Room|[of] p2b: Farigiraf
|
|upkeep
|turn|5
|inactive|HEDGEHOGMEOW has 30 seconds left.
|
|t:|1785127837
|switch|p1a: Sinistcha|Sinistcha, L50|100/100
|move|p1b: Staraptor|Protect|p1b: Staraptor
|-singleturn|p1b: Staraptor|Protect
|move|p2b: Farigiraf|Psychic|p1a: Sinistcha
|-damage|p1a: Sinistcha|67/100
|move|p2a: Maushold|Population Bomb|p1a: Sinistcha
|-immune|p1a: Sinistcha
|
|-sideend|p1: Koraidonkoalition|move: Tailwind
|upkeep
|turn|6
|inactive|HEDGEHOGMEOW has 30 seconds left.
|
|t:|1785127863
|move|p2a: Maushold|Protect|p2a: Maushold
|-singleturn|p2a: Maushold|Protect
|move|p1a: Sinistcha|Rage Powder|p1a: Sinistcha
|-singleturn|p1a: Sinistcha|move: Rage Powder
|move|p2b: Farigiraf|Psychic|p1a: Sinistcha
|-crit|p1a: Sinistcha
|-damage|p1a: Sinistcha|10/100
|move|p1b: Staraptor|Close Combat|p2b: Farigiraf
|-damage|p2b: Farigiraf|8/100
|-boost|p1b: Staraptor|def|1
|-boost|p1b: Staraptor|spd|1
|
|upkeep
|turn|7
|
|t:|1785127887
|switch|p1a: Tyranitar|Tyranitar, L50, M|100/100
|-weather|Sandstorm|[from] ability: Sand Stream|[of] p1a: Tyranitar
|switch|p2a: Raichu|Raichu-Mega-Y, L50, F|100/100
|move|p2b: Farigiraf|Psychic|p1a: Tyranitar
|-immune|p1a: Tyranitar
|move|p1b: Staraptor|Close Combat|p2a: Raichu
|-damage|p2a: Raichu|0 fnt
|-boost|p1b: Staraptor|def|1
|-boost|p1b: Staraptor|spd|1
|faint|p2a: Raichu
|
|-weather|Sandstorm|[upkeep]
|-damage|p2b: Farigiraf|2/100|[from] Sandstorm
|-damage|p1b: Staraptor|94/100|[from] Sandstorm
|upkeep
|-message|HEDGEHOGMEOW forfeited.
|
|win|Koraidonkoalition
