|j|☆dabaroniandcheese
|j|☆dengonumber1fan
|html|dabaroniandcheesedengonumber1fan    
|uhtml|bestof|Game 3 of a best-of-3
|t:|1756521182
|gametype|doubles
|player|p1|dabaroniandcheese|fantina|1343
|player|p2|dengonumber1fan|benga|1322
|gen|9
|tier|[Gen 9] VGC 2025 Reg H (Bo3)
|rated|
|rule|Species Clause: Limit one of each Pokémon
|rule|Item Clause: Limit 1 of each item
|clearpoke
|poke|p1|Ninetales-Alola, L50, M|
|poke|p1|Rillaboom, L50, M|
|poke|p1|Magmar, L50, F|
|poke|p1|Sneasler, L50, F|
|poke|p1|Kingambit, L50, M|
|poke|p1|Basculegion, L50, M|
|poke|p2|Incineroar, L50, M|
|poke|p2|Amoonguss, L50, F|
|poke|p2|Gholdengo, L50|
|poke|p2|Porygon2, L50|
|poke|p2|Ursaluna, L50, M|
|poke|p2|Hydreigon, L50, M|
|teampreview|4
|showteam|p1|Ninetales-Alola||LifeOrb|SnowWarning|Blizzard,FreezeDry,Encore,Protect|||M|||50|,,,,,Ghost]Rillaboom||AssaultVest|GrassySurge|WoodHammer,FakeOut,Uturn,GrassyGlide|||M|||50|,,,,,Ghost]Magmar||Eviolite|VitalSpirit|Protect,HeatWave,WillOWisp,FollowMe|||F|||50|,,,,,Ghost]Sneasler||FocusSash|PoisonTouch|FakeOut,DireClaw,CloseCombat,Protect|||F|||50|,,,,,Ghost]Kingambit||BlackGlasses|Defiant|KowtowCleave,SwordsDance,SuckerPunch,Protect|||M|||50|,,,,,Fire]Basculegion||ChoiceScarf|Adaptability|WaveCrash,FlipTurn,TeraBlast,LastRespects|||M|||50|,,,,,Fighting
|showteam|p2|Incineroar||AssaultVest|Intimidate|FlareBlitz,KnockOff,Uturn,FakeOut|||M|||50|,,,,,Ghost]Amoonguss||SitrusBerry|Regenerator|Spore,RagePowder,PollenPuff,Protect|||F|||50|,,,,,Fairy]Gholdengo||LifeOrb|GoodasGold|MakeItRain,ShadowBall,NastyPlot,Protect||||||50|,,,,,Water]Porygon2||Eviolite|Download|TeraBlast,IceBeam,Recover,TrickRoom||||||50|,,,,,Fighting]Ursaluna||FlameOrb|Guts|Facade,HeadlongRush,Earthquake,Protect|||M|||50|,,,,,Ghost]Hydreigon||ChopleBerry|Levitate|Snarl,DracoMeteor,Tailwind,Protect|||M|||50|,,,,,Steel
|inactive|Battle timer is ON: inactive players will automatically lose when time's up. (requested by dabaroniandcheese)
|inactive|dengonumber1fan also wants the timer to be on.
|c|☆dabaroniandcheese|gg!
|c|☆dengonumber1fan|p2 is a fatass
|c|☆dabaroniandcheese|truly is i love that dfuck
|inactive|dabaroniandcheese has 60 seconds left.
|inactive|dengonumber1fan has 60 seconds left.
|
|t:|1756521222
|teamsize|p1|4
|teamsize|p2|4
|start
|switch|p1a: Magmar|Magmar, L50, F|100/100
|switch|p1b: Kingambit|Kingambit, L50, M|100/100
|switch|p2a: Porygon2|Porygon2, L50|100/100
|switch|p2b: Ursaluna|Ursaluna, L50, M|100/100
|-ability|p2a: Porygon2|Download|boost
|-boost|p2a: Porygon2|spa|1
|turn|1
|
|t:|1756521241
|-terastallize|p1a: Magmar|Ghost
|-terastallize|p2a: Porygon2|Fighting
|move|p1a: Magmar|Follow Me|p1a: Magmar
|-singleturn|p1a: Magmar|move: Follow Me
|move|p1b: Kingambit|Swords Dance|p1b: Kingambit
|-boost|p1b: Kingambit|atk|2
|move|p2b: Ursaluna|Earthquake|p1a: Magmar|[spread] p2a,p1a,p1b
|-supereffective|p1b: Kingambit
|-damage|p2a: Porygon2|69/100
|-damage|p1a: Magmar|67/100
|-damage|p1b: Kingambit|30/100
|move|p2a: Porygon2|Tera Blast|p1a: Magmar|[anim] Tera Blast Fighting
|-immune|p1a: Magmar
|
|-status|p2b: Ursaluna|brn|[from] item: Flame Orb
|upkeep
|turn|2
|inactive|dengonumber1fan has 30 seconds left.
|inactive|dengonumber1fan has 20 seconds left.
|
|t:|1756521281
|move|p1b: Kingambit|Protect|p1b: Kingambit
|-singleturn|p1b: Kingambit|Protect
|move|p1a: Magmar|Will-O-Wisp|p2a: Porygon2
|-status|p2a: Porygon2|brn
|move|p2b: Ursaluna|Earthquake|p1b: Kingambit|[spread] p2a,p1a
|-activate|p1b: Kingambit|move: Protect
|-damage|p2a: Porygon2|23/100 brn
|-damage|p1a: Magmar|20/100
|move|p2a: Porygon2|Recover|p2a: Porygon2
|-heal|p2a: Porygon2|73/100 brn
|
|-damage|p2b: Ursaluna|95/100 brn|[from] brn
|-damage|p2a: Porygon2|67/100 brn|[from] brn
|upkeep
|turn|3
|inactive|dengonumber1fan has 30 seconds left.
|
|t:|1756521306
|switch|p1a: Rillaboom|Rillaboom, L50, M|100/100
|-fieldstart|move: Grassy Terrain|[from] ability: Grassy Surge|[of] p1a: Rillaboom
|move|p1b: Kingambit|Protect||[still]
|-fail|p1b: Kingambit
|move|p2b: Ursaluna|Protect|p2b: Ursaluna
|-singleturn|p2b: Ursaluna|Protect
|move|p2a: Porygon2|Tera Blast|p1b: Kingambit|[anim] Tera Blast Fighting
|-supereffective|p1b: Kingambit
|-damage|p1b: Kingambit|0 fnt
|faint|p1b: Kingambit
|
|-heal|p2b: Ursaluna|100/100 brn|[from] Grassy Terrain
|-heal|p2a: Porygon2|73/100 brn|[from] Grassy Terrain
|-damage|p2b: Ursaluna|95/100 brn|[from] brn
|-damage|p2a: Porygon2|67/100 brn|[from] brn
|upkeep
|c|☆dabaroniandcheese|wait whoopd
|
|t:|1756521317
|switch|p1b: Sneasler|Sneasler, L50, F|100/100
|turn|4
|
|t:|1756521332
|switch|p2b: Gholdengo|Gholdengo, L50|100/100
|switch|p2a: Incineroar|Incineroar, L50, M|100/100
|-ability|p2a: Incineroar|Intimidate|boost
|-unboost|p1a: Rillaboom|atk|1
|-unboost|p1b: Sneasler|atk|1
|move|p1a: Rillaboom|Fake Out|p2a: Incineroar
|-damage|p2a: Incineroar|91/100
|move|p1b: Sneasler|Close Combat|p2b: Gholdengo
|-immune|p2b: Gholdengo
|
|-heal|p2a: Incineroar|97/100|[from] Grassy Terrain
|upkeep
|turn|5
|
|t:|1756521350
|move|p1b: Sneasler|Protect|p1b: Sneasler
|-singleturn|p1b: Sneasler|Protect
|move|p2a: Incineroar|Fake Out|p1b: Sneasler
|-activate|p1b: Sneasler|move: Protect
|move|p1a: Rillaboom|U-turn|p2b: Gholdengo
|-resisted|p2b: Gholdengo
|-damage|p2b: Gholdengo|97/100
|
|t:|1756521353
|switch|p1a: Magmar|Magmar, L50, F, tera:Ghost|20/100|[from] U-turn
|move|p2b: Gholdengo|Nasty Plot|p2b: Gholdengo
|-boost|p2b: Gholdengo|spa|2
|
|-heal|p1a: Magmar|26/100|[from] Grassy Terrain
|-heal|p2a: Incineroar|100/100|[from] Grassy Terrain
|-heal|p2b: Gholdengo|100/100|[from] Grassy Terrain
|upkeep
|turn|6
|
|t:|1756521373
|switch|p2a: Porygon2|Porygon2, L50, tera:Fighting|67/100 brn
|-ability|p2a: Porygon2|Download|boost
|-boost|p2a: Porygon2|atk|1
|move|p1b: Sneasler|Close Combat|p2a: Porygon2
|-damage|p2a: Porygon2|42/100 brn
|-unboost|p1b: Sneasler|def|1
|-unboost|p1b: Sneasler|spd|1
|move|p1a: Magmar|Heat Wave|p2a: Porygon2|[spread] p2a,p2b
|-supereffective|p2b: Gholdengo
|-damage|p2a: Porygon2|27/100 brn
|-damage|p2b: Gholdengo|53/100
|move|p2b: Gholdengo|Make It Rain|p1b: Sneasler|[spread] p1a,p1b
|-crit|p1b: Sneasler
|-damage|p1a: Magmar|0 fnt
|-enditem|p1b: Sneasler|Focus Sash
|-damage|p1b: Sneasler|1/100
|-unboost|p2b: Gholdengo|spa|1
|faint|p1a: Magmar
|-damage|p2b: Gholdengo|43/100|[from] item: Life Orb
|
|-heal|p1b: Sneasler|7/100|[from] Grassy Terrain
|-heal|p2b: Gholdengo|49/100|[from] Grassy Terrain
|-heal|p2a: Porygon2|33/100 brn|[from] Grassy Terrain
|-damage|p2a: Porygon2|27/100 brn|[from] brn
|upkeep
|
|t:|1756521383
|switch|p1a: Rillaboom|Rillaboom, L50, M|100/100
|turn|7
|
|t:|1756521392
|move|p2b: Gholdengo|Protect|p2b: Gholdengo
|-singleturn|p2b: Gholdengo|Protect
|move|p1b: Sneasler|Close Combat|p2a: Porygon2
|-damage|p2a: Porygon2|0 fnt
|-unboost|p1b: Sneasler|def|1
|-unboost|p1b: Sneasler|spd|1
|faint|p2a: Porygon2
|move|p1a: Rillaboom|Wood Hammer|p2b: Gholdengo
|-activate|p2b: Gholdengo|move: Protect
|
|-heal|p1b: Sneasler|13/100|[from] Grassy Terrain
|-heal|p2b: Gholdengo|55/100|[from] Grassy Terrain
|-fieldend|move: Grassy Terrain
|upkeep
|
|t:|1756521398
|switch|p2a: Incineroar|Incineroar, L50, M|100/100
|-ability|p2a: Incineroar|Intimidate|boost
|-unboost|p1a: Rillaboom|atk|1
|-unboost|p1b: Sneasler|atk|1
|turn|8
|
|t:|1756521411
|move|p2a: Incineroar|Fake Out|p1a: Rillaboom
|-damage|p1a: Rillaboom|89/100
|move|p1b: Sneasler|Close Combat|p2a: Incineroar
|-supereffective|p2a: Incineroar
|-damage|p2a: Incineroar|41/100
|-unboost|p1b: Sneasler|def|1
|-unboost|p1b: Sneasler|spd|1
|-status|p2a: Incineroar|psn|[from] ability: Poison Touch|[of] p1b: Sneasler
|cant|p1a: Rillaboom|flinch
|move|p2b: Gholdengo|Make It Rain|p1a: Rillaboom|[spread] p1a,p1b
|-damage|p1a: Rillaboom|12/100
|-damage|p1b: Sneasler|0 fnt
|-unboost|p2b: Gholdengo|spa|1
|faint|p1b: Sneasler
|-damage|p2b: Gholdengo|45/100|[from] item: Life Orb
|
|-damage|p2a: Incineroar|29/100 psn|[from] psn
|upkeep
|turn|9
|c|☆dabaroniandcheese|gg wp
|
|t:|1756521430
|move|p1a: Rillaboom|Wood Hammer|p2b: Gholdengo
|-resisted|p2b: Gholdengo
|-damage|p2b: Gholdengo|27/100
|-damage|p1a: Rillaboom|6/100|[from] Recoil
|move|p2a: Incineroar|Knock Off|p1a: Rillaboom
|-damage|p1a: Rillaboom|0 fnt
|-enditem|p1a: Rillaboom|Assault Vest|[from] move: Knock Off|[of] p2a: Incineroar
|faint|p1a: Rillaboom
|
|win|dengonumber1fan
|raw|dabaroniandcheese's rating: 1343 → 1322(-21 for losing)
|raw|dengonumber1fan's rating: 1322 → 1343(+21 for winning)
|l|☆dabaroniandcheese
|player|p1|
|c|☆dengonumber1fan|ggs
