|j|☆Prepucio Santos
|j|☆NotAfrog123
|html|Prepucio SantosNotAfrog123    
|uhtml|bestof|Game 1 of a best-of-3
|t:|1784207984
|gametype|doubles
|player|p1|Prepucio Santos|striker|1331
|player|p2|NotAfrog123|102|1341
|gen|9
|tier|[Gen 9 Champions] VGC 2026 Reg M-B (Bo3)
|rated|
|rule|Species Clause: Limit one of each Pokémon
|rule|Item Clause: Limit 1 of each item
|clearpoke
|poke|p1|Venusaur, L50, M|
|poke|p1|Pelipper, L50, M|
|poke|p1|Grimmsnarl, L50, M|
|poke|p1|Archaludon, L50, F|
|poke|p1|Swampert, L50, M|
|poke|p1|Sinistcha-Masterpiece, L50, shiny|
|poke|p2|Raichu, L50, F|
|poke|p2|Kingambit, L50, M, shiny|
|poke|p2|Ceruledge, L50, M|
|poke|p2|Whimsicott, L50, M, shiny|
|poke|p2|Staraptor, L50, F, shiny|
|poke|p2|Mamoswine, L50, M|
|teampreview|4
|showteam|p1|Venusaur||Venusaurite|Chlorophyll|SludgeBomb,EarthPower,GigaDrain,Protect|Modest||M|||50|]Pelipper||FocusSash|Drizzle|Hurricane,WeatherBall,WideGuard,Tailwind|Modest||M|||50|]Grimmsnarl||LightClay|Prankster|SpiritBreak,Reflect,LightScreen,PartingShot|Sassy||M|||50|]Archaludon||Leftovers|Stamina|DragonPulse,FlashCannon,ElectroShot,Protect|Calm||F|||50|]Swampert||Swampertite|Torrent|WaveCrash,Earthquake,IcePunch,Protect|Adamant||M|||50|]Sinistcha-Masterpiece||SitrusBerry|Hospitality|MatchaGotcha,LifeDew,RagePowder,TrickRoom|Bold|||||50|
|showteam|p2|Raichu||RaichuniteY|LightningRod|Protect,ZapCannon,FocusBlast,FakeOut|Timid||F|||50|]Kingambit||BlackGlasses|Defiant|KowtowCleave,SuckerPunch,IronHead,Protect|Adamant||M|||50|]Ceruledge||ColburBerry|FlashFire|Protect,BitterBlade,ShadowSneak,BulkUp|Adamant||M|||50|]Whimsicott||FocusSash|Prankster|Moonblast,Tailwind,Encore,Charm|Timid||M|||50|]Staraptor||Staraptite|Intimidate|Protect,CloseCombat,BraveBird,Roost|Jolly||F|||50|]Mamoswine||LifeOrb|Oblivious|Protect,IcicleCrash,HighHorsepower,IceShard|Jolly||M|||50|
|inactive|Battle timer is ON: inactive players will automatically lose when time's up. (requested by Prepucio Santos)
|inactive|NotAfrog123 has 60 seconds left.
|
|t:|1784208075
|teamsize|p1|4
|teamsize|p2|4
|start
|switch|p1a: Grimmsnarl|Grimmsnarl, L50, M|100/100
|switch|p1b: Swampert|Swampert, L50, M|100/100
|switch|p2a: Whimsicott|Whimsicott, L50, M, shiny|100/100
|switch|p2b: Clova|Staraptor, L50, F, shiny|100/100
|-ability|p2b: Clova|Intimidate|boost
|-unboost|p1a: Grimmsnarl|atk|1
|-unboost|p1b: Swampert|atk|1
|turn|1
|inactive|Prepucio Santos has 30 seconds left.
|inactive|NotAfrog123 has 30 seconds left.
|inactive|Prepucio Santos has 20 seconds left.
|inactive|Prepucio Santos has 15 seconds left.
|
|t:|1784208116
|detailschange|p2b: Clova|Staraptor-Mega, L50, F, shiny
|-mega|p2b: Clova|Staraptor|Staraptite
|detailschange|p1b: Swampert|Swampert-Mega, L50, M
|-mega|p1b: Swampert|Swampert|Swampertite
|move|p2a: Whimsicott|Charm|p2b: Clova
|-boost|p2b: Clova|atk|2
|move|p1a: Grimmsnarl|Reflect|p1a: Grimmsnarl
|-sidestart|p1: Prepucio Santos|Reflect
|move|p2b: Clova|Close Combat|p1b: Swampert
|-damage|p1b: Swampert|26/100
|-boost|p2b: Clova|def|1
|-boost|p2b: Clova|spd|1
|move|p1b: Swampert|Wave Crash|p2b: Clova
|-damage|p2b: Clova|65/100
|-damage|p1b: Swampert|16/100|[from] Recoil
|
|upkeep
|turn|2
|inactive|NotAfrog123 has 30 seconds left.
|
|t:|1784208142
|move|p2a: Whimsicott|Tailwind|p2a: Whimsicott
|-sidestart|p2: NotAfrog123|move: Tailwind
|move|p1a: Grimmsnarl|Parting Shot|p2a: Whimsicott
|-unboost|p2a: Whimsicott|atk|1
|-unboost|p2a: Whimsicott|spa|1
|
|t:|1784208144
|switch|p1a: Pelipper|Pelipper, L50, M|100/100|[from] Parting Shot
|-weather|RainDance|[from] ability: Drizzle|[of] p1a: Pelipper
|move|p2b: Clova|Close Combat|p1b: Swampert
|-damage|p1b: Swampert|0 fnt
|-boost|p2b: Clova|def|1
|-boost|p2b: Clova|spd|1
|faint|p1b: Swampert
|
|-weather|RainDance|[upkeep]
|upkeep
|
|t:|1784208147
|switch|p1b: Archaludon|Archaludon, L50, F|100/100
|turn|3
|inactive|NotAfrog123 has 30 seconds left.
|
|t:|1784208174
|move|p1b: Archaludon|Protect|p1b: Archaludon
|-singleturn|p1b: Archaludon|Protect
|move|p2a: Whimsicott|Charm|p2b: Clova
|-boost|p2b: Clova|atk|2
|move|p2b: Clova|Roost|p2b: Clova
|-heal|p2b: Clova|100/100
|-singleturn|p2b: Clova|move: Roost
|move|p1a: Pelipper|Hurricane|p2b: Clova
|-supereffective|p2b: Clova|1
|-damage|p2b: Clova|37/100
|
|-weather|RainDance|[upkeep]
|upkeep
|turn|4
|inactive|NotAfrog123 has 30 seconds left.
|
|t:|1784208199
|move|p2b: Clova|Protect|p2b: Clova
|-singleturn|p2b: Clova|Protect
|move|p2a: Whimsicott|Encore|p1b: Archaludon
|-start|p1b: Archaludon|Encore
|move|p1b: Archaludon|Protect||[still]
|-fail|p1b: Archaludon
|move|p1a: Pelipper|Hurricane|p2b: Clova
|-activate|p2b: Clova|move: Protect
|
|-weather|RainDance|[upkeep]
|upkeep
|turn|5
|
|t:|1784208217
|switch|p1b: Grimmsnarl|Grimmsnarl, L50, M|100/100
|move|p2a: Whimsicott|Moonblast|p1a: Pelipper
|-damage|p1a: Pelipper|57/100
|move|p2b: Clova|Brave Bird|p1a: Pelipper
|-damage|p1a: Pelipper|0 fnt
|faint|p1a: Pelipper
|-damage|p2b: Clova|21/100|[from] Recoil
|
|-weather|RainDance|[upkeep]
|-sideend|p2: NotAfrog123|move: Tailwind
|upkeep
|
|t:|1784208219
|switch|p1a: Archaludon|Archaludon, L50, F|100/100
|turn|6
|
|t:|1784208240
|move|p2a: Whimsicott|Tailwind|p2a: Whimsicott
|-sidestart|p2: NotAfrog123|move: Tailwind
|move|p2b: Clova|Roost|p2b: Clova
|-heal|p2b: Clova|71/100
|-singleturn|p2b: Clova|move: Roost
|move|p1a: Archaludon|Electro Shot||[still]
|-prepare|p1a: Archaludon|Electro Shot
|-boost|p1a: Archaludon|spa|1
|-anim|p1a: Archaludon|Electro Shot|p2b: Clova
|-damage|p2b: Clova|37/100
|move|p1b: Grimmsnarl|Spirit Break|p2b: Clova
|-supereffective|p2b: Clova|1
|-damage|p2b: Clova|5/100
|-boost|p2b: Clova|spa|1
|
|-weather|none
|upkeep
|turn|7
|inactive|NotAfrog123 has 30 seconds left.
|
|t:|1784208272
|move|p2a: Whimsicott|Moonblast|p1a: Archaludon
|-damage|p1a: Archaludon|80/100
|-ability|p1a: Archaludon|Stamina|boost
|-boost|p1a: Archaludon|def|1
|move|p2b: Clova|Close Combat|p1b: Grimmsnarl
|-damage|p1b: Grimmsnarl|0 fnt
|-boost|p2b: Clova|def|1
|-boost|p2b: Clova|spd|1
|faint|p1b: Grimmsnarl
|move|p1a: Archaludon|Dragon Pulse|p2b: Clova
|-damage|p2b: Clova|0 fnt
|faint|p2b: Clova
|
|-heal|p1a: Archaludon|86/100|[from] item: Leftovers
|upkeep
|
|t:|1784208287
|switch|p2b: Manny|Mamoswine, L50, M|100/100
|turn|8
|
|t:|1784208299
|switch|p2a: Punkture II|Kingambit, L50, M, shiny|100/100
|move|p2b: Manny|Protect|p2b: Manny
|-singleturn|p2b: Manny|Protect
|move|p1a: Archaludon|Flash Cannon|p2b: Manny
|-activate|p2b: Manny|move: Protect
|
|-heal|p1a: Archaludon|92/100|[from] item: Leftovers
|-sideend|p1: Prepucio Santos|Reflect
|upkeep
|turn|9
|
|t:|1784208312
|move|p2b: Manny|High Horsepower|p1a: Archaludon
|-supereffective|p1a: Archaludon|1
|-damage|p1a: Archaludon|35/100
|-ability|p1a: Archaludon|Stamina|boost
|-boost|p1a: Archaludon|def|1
|-damage|p2b: Manny|90/100|[from] item: Life Orb
|move|p2a: Punkture II|Kowtow Cleave|p1a: Archaludon
|-damage|p1a: Archaludon|12/100
|-ability|p1a: Archaludon|Stamina|boost
|-boost|p1a: Archaludon|def|1
|move|p1a: Archaludon|Flash Cannon|p2b: Manny
|-supereffective|p2b: Manny|1
|-damage|p2b: Manny|0 fnt
|faint|p2b: Manny
|
|-heal|p1a: Archaludon|18/100|[from] item: Leftovers
|-sideend|p2: NotAfrog123|move: Tailwind
|upkeep
|
|t:|1784208326
|switch|p2b: Whimsicott|Whimsicott, L50, M, shiny|100/100
|turn|10
|
|t:|1784208337
|move|p2b: Whimsicott|Moonblast|p1a: Archaludon
|-damage|p1a: Archaludon|0 fnt
|faint|p1a: Archaludon
|
|win|NotAfrog123
||NotAfrog123 is ready for game 2.
||Prepucio Santos is ready for game 2.
|uhtml|next|Next: Game 2 of 3
