|j|☆b7blastoise
|j|☆int shadowbtl
|html|b7blastoiseint shadowbtl    
|uhtml|bestof|Game 1 of a best-of-3
|t:|1784502209
|gametype|doubles
|player|p1|b7blastoise|lance|
|player|p2|int shadowbtl|266|
|gen|9
|tier|[Gen 9 Champions] VGC 2026 Reg M-B (Bo3)
|rule|Species Clause: Limit one of each Pokémon
|rule|Item Clause: Limit 1 of each item
|clearpoke
|poke|p1|Staraptor, L50, F|
|poke|p1|Maushold-Four, L50|
|poke|p1|Basculegion, L50, M|
|poke|p1|Delphox, L50, M|
|poke|p1|Ninetales-Alola, L50, M|
|poke|p1|Kingambit, L50, F|
|poke|p2|Blaziken, L50, F|
|poke|p2|Aerodactyl, L50, M|
|poke|p2|Kingambit, L50, F|
|poke|p2|Basculegion, L50, M|
|poke|p2|Sylveon, L50, F|
|poke|p2|Torkoal, L50, F|
|teampreview|4
|showteam|p1|Staraptor||Staraptite|Intimidate|Protect,Tailwind,CloseCombat,BraveBird|Adamant||F|||50|]Maushold-Four||FocusSash|FriendGuard|Protect,SuperFang,FollowMe,Encore|Jolly|||||50|]Basculegion||ChoiceScarf|Adaptability|WaveCrash,FlipTurn,AquaJet,LastRespects|Jolly||M|||50|]Delphox||Delphoxite|Blaze|Protect,Substitute,HeatWave,Psyshock|Timid||M|||50|]Ninetales-Alola||NeverMeltIce|SnowWarning|Protect,IcyWind,Blizzard,FreezeDry|Timid||M|||50|]Kingambit||BlackGlasses|Defiant|Protect,IronHead,SuckerPunch,KowtowCleave|Adamant||F|||50|
|showteam|p2|Blaziken||Blazikenite|SpeedBoost|FlareBlitz,CloseCombat,Protect,RockSlide|Adamant||F|||50|]Aerodactyl||Aerodactylite|Unnerve|RockSlide,DualWingbeat,IceFang,Tailwind|Jolly||M|||50|]Kingambit||LifeOrb|Defiant|KowtowCleave,Protect,IronHead,SuckerPunch|Adamant||F|||50|]Basculegion||FocusSash|Adaptability|Liquidation,Protect,LastRespects,AquaJet|Adamant||M|||50|]Sylveon||FairyFeather|Pixilate|HyperVoice,Moonblast,QuickAttack,Protect|Modest||F|||50|]Torkoal||Leftovers|Drought|BurningJealousy,WeatherBall,Protect,Yawn|Relaxed||F|||50|
|inactive|Battle timer is ON: inactive players will automatically lose when time's up. (requested by int shadowbtl)
|
|t:|1784502307
|teamsize|p1|4
|teamsize|p2|4
|start
|switch|p1a: Delphox|Delphox, L50, M|100/100
|switch|p1b: Basculegion|Basculegion, L50, M|100/100
|switch|p2a: Kingambit|Kingambit, L50, F|100/100
|switch|p2b: Basculegion|Basculegion, L50, M|100/100
|turn|1
|inactive|b7blastoise has 30 seconds left.
|inactive|int shadowbtl has 30 seconds left.
|inactive|b7blastoise has 20 seconds left.
|inactive|b7blastoise has 15 seconds left.
|
|t:|1784502347
|switch|p1b: Maushold|Maushold-Four, L50|100/100
|switch|p1a: Staraptor|Staraptor, L50, F|100/100
|-ability|p1a: Staraptor|Intimidate|boost
|-unboost|p2a: Kingambit|atk|1
|-ability|p2a: Kingambit|Defiant|boost
|-boost|p2a: Kingambit|atk|2
|-unboost|p2b: Basculegion|atk|1
|move|p2a: Kingambit|Sucker Punch||[still]
|-fail|p2a: Kingambit
|move|p2b: Basculegion|Liquidation|p1a: Staraptor
|-damage|p1a: Staraptor|61/100
|
|upkeep
|turn|2
|inactive|b7blastoise has 30 seconds left.
|inactive|int shadowbtl has 30 seconds left.
|
|t:|1784502378
|switch|p2a: Torkoal|Torkoal, L50, F|100/100
|-weather|SunnyDay|[from] ability: Drought|[of] p2a: Torkoal
|move|p1b: Maushold|Protect|p1b: Maushold
|-singleturn|p1b: Maushold|Protect
|move|p1a: Staraptor|Protect|p1a: Staraptor
|-singleturn|p1a: Staraptor|Protect
|move|p2b: Basculegion|Liquidation|p1a: Staraptor
|-activate|p1a: Staraptor|move: Protect
|
|-weather|SunnyDay|[upkeep]
|upkeep
|turn|3
|
|t:|1784502401
|switch|p2b: Kingambit|Kingambit, L50, F|100/100
|detailschange|p1a: Staraptor|Staraptor-Mega, L50, F
|-mega|p1a: Staraptor|Staraptor|Staraptite
|move|p1b: Maushold|Follow Me|p1b: Maushold
|-singleturn|p1b: Maushold|move: Follow Me
|move|p1a: Staraptor|Close Combat|p2a: Torkoal
|-damage|p2a: Torkoal|53/100
|-boost|p1a: Staraptor|def|1
|-boost|p1a: Staraptor|spd|1
|move|p2a: Torkoal|Yawn|p1b: Maushold
|-start|p1b: Maushold|move: Yawn|[of] p2a: Torkoal
|
|-weather|SunnyDay|[upkeep]
|-heal|p2a: Torkoal|59/100|[from] item: Leftovers
|upkeep
|turn|4
|
|t:|1784502425
|switch|p1b: Basculegion|Basculegion, L50, M|100/100
|switch|p2b: Basculegion|Basculegion, L50, M|100/100
|move|p1a: Staraptor|Close Combat|p2a: Torkoal
|-damage|p2a: Torkoal|9/100
|-boost|p1a: Staraptor|def|1
|-boost|p1a: Staraptor|spd|1
|move|p2a: Torkoal|Burning Jealousy|p1a: Staraptor|[spread] p1a,p1b
|-resisted|p1b: Basculegion|1
|-damage|p1a: Staraptor|48/100
|-damage|p1b: Basculegion|85/100
|-status|p1a: Staraptor|brn
|
|-weather|SunnyDay|[upkeep]
|-heal|p2a: Torkoal|15/100|[from] item: Leftovers
|-damage|p1a: Staraptor|41/100 brn|[from] brn
|upkeep
|turn|5
|inactive|int shadowbtl has 30 seconds left.
|inactive|int shadowbtl has 20 seconds left.
|inactive|int shadowbtl has 15 seconds left.
|
|t:|1784502466
|move|p1a: Staraptor|Protect|p1a: Staraptor
|-singleturn|p1a: Staraptor|Protect
|move|p2b: Basculegion|Protect|p2b: Basculegion
|-singleturn|p2b: Basculegion|Protect
|move|p1b: Basculegion|Flip Turn|p2a: Torkoal
|-supereffective|p2a: Torkoal|1
|-damage|p2a: Torkoal|0 fnt
|faint|p2a: Torkoal
|
|t:|1784502474
|switch|p1b: Maushold|Maushold-Four, L50|100/100|[from] Flip Turn
|
|-weather|SunnyDay|[upkeep]
|-damage|p1a: Staraptor|35/100 brn|[from] brn
|upkeep
|
|t:|1784502480
|switch|p2a: Aerodactyl|Aerodactyl, L50, M|100/100
|-ability|p2a: Aerodactyl|Unnerve
|turn|6
|
|t:|1784502499
|switch|p2b: Kingambit|Kingambit, L50, F|100/100
|detailschange|p2a: Aerodactyl|Aerodactyl-Mega, L50, M
|-mega|p2a: Aerodactyl|Aerodactyl|Aerodactylite
|move|p2a: Aerodactyl|Tailwind|p2a: Aerodactyl
|-sidestart|p2: int shadowbtl|move: Tailwind
|move|p1b: Maushold|Encore||[still]
|-fail|p1b: Maushold
|move|p1a: Staraptor|Close Combat|p2a: Aerodactyl
|-damage|p2a: Aerodactyl|57/100
|-boost|p1a: Staraptor|def|1
|-boost|p1a: Staraptor|spd|1
|
|-weather|none
|-damage|p1a: Staraptor|29/100 brn|[from] brn
|upkeep
|turn|7
|
|t:|1784502523
|move|p1b: Maushold|Protect|p1b: Maushold
|-singleturn|p1b: Maushold|Protect
|move|p2b: Kingambit|Protect|p2b: Kingambit
|-singleturn|p2b: Kingambit|Protect
|move|p2a: Aerodactyl|Dual Wingbeat|p1b: Maushold
|-activate|p1b: Maushold|move: Protect
|move|p1a: Staraptor|Close Combat|p2b: Kingambit
|-activate|p2b: Kingambit|move: Protect
|
|-damage|p1a: Staraptor|23/100 brn|[from] brn
|upkeep
|turn|8
|
|t:|1784502543
|switch|p2b: Basculegion|Basculegion, L50, M|100/100
|move|p1b: Maushold|Follow Me|p1b: Maushold
|-singleturn|p1b: Maushold|move: Follow Me
|move|p2a: Aerodactyl|Dual Wingbeat|p1b: Maushold|[miss]
|-miss|p2a: Aerodactyl|p1b: Maushold
|move|p1a: Staraptor|Tailwind|p1a: Staraptor
|-sidestart|p1: b7blastoise|move: Tailwind
|
|-damage|p1a: Staraptor|17/100 brn|[from] brn
|upkeep
|turn|9
|inactive|int shadowbtl has 30 seconds left.
|
|t:|1784502570
|move|p2a: Aerodactyl|Rock Slide|p1b: Maushold|[spread] p1a,p1b
|-damage|p1a: Staraptor|10/100 brn
|-damage|p1b: Maushold|64/100
|move|p1b: Maushold|Super Fang|p2a: Aerodactyl
|-damage|p2a: Aerodactyl|28/100
|cant|p1a: Staraptor|flinch
|move|p2b: Basculegion|Liquidation|p1a: Staraptor
|-damage|p1a: Staraptor|0 fnt
|faint|p1a: Staraptor
|
|-sideend|p2: int shadowbtl|move: Tailwind
|upkeep
|
|t:|1784502582
|switch|p1a: Basculegion|Basculegion, L50, M|85/100
|turn|10
|
|t:|1784502596
|move|p1a: Basculegion|Wave Crash|p2a: Aerodactyl
|-supereffective|p2a: Aerodactyl|1
|-damage|p2a: Aerodactyl|0 fnt
|faint|p2a: Aerodactyl
|-damage|p1a: Basculegion|77/100|[from] Recoil
|move|p1b: Maushold|Encore|p2b: Basculegion
|-start|p2b: Basculegion|Encore
|move|p2b: Basculegion|Liquidation|p1b: Maushold
|-damage|p1b: Maushold|0 fnt
|faint|p1b: Maushold
|
|upkeep
|
|t:|1784502606
|switch|p2a: Kingambit|Kingambit, L50, F|100/100
|switch|p1b: Delphox|Delphox, L50, M|100/100
|turn|11
|
|t:|1784502616
|move|p2a: Kingambit|Sucker Punch|p1a: Basculegion
|-supereffective|p1a: Basculegion|1
|-damage|p1a: Basculegion|0 fnt
|faint|p1a: Basculegion
|-damage|p2a: Kingambit|90/100|[from] item: Life Orb
|move|p1b: Delphox|Substitute|p1b: Delphox
|-start|p1b: Delphox|Substitute
|-damage|p1b: Delphox|75/100
|move|p2b: Basculegion|Liquidation|p1b: Delphox
|-supereffective|p1b: Delphox|1
|-end|p1b: Delphox|Substitute
|
|-sideend|p1: b7blastoise|move: Tailwind
|upkeep
|turn|12
|-message|b7blastoise forfeited.
|
|win|int shadowbtl
||int shadowbtl is ready for game 2.
||b7blastoise is ready for game 2.
|uhtml|next|Next: Game 2 of 3
|l|☆b7blastoise
|player|p1|
