|j|☆leonsunp
|j|☆dfdfdfgdfdt
|html|leonsunpdfdfdfgdfdt    
|uhtml|bestof|Game 1 of a best-of-3
|t:|1756333700
|gametype|doubles
|player|p1|leonsunp|colress|1166
|player|p2|dfdfdfgdfdt|1|1189
|gen|9
|tier|[Gen 9] VGC 2025 Reg H (Bo3)
|rated|
|rule|Species Clause: Limit one of each Pokémon
|rule|Item Clause: Limit 1 of each item
|clearpoke
|poke|p1|Sneasler, L50, M|
|poke|p1|Rillaboom, L50, M|
|poke|p1|Kingambit, L50, M|
|poke|p1|Kilowattrel, L50, F|
|poke|p1|Salamence, L50, F|
|poke|p1|Volcarona, L50, M|
|poke|p2|Sneasler, L50, M|
|poke|p2|Dragapult, L50, F|
|poke|p2|Primarina, L50, F|
|poke|p2|Rillaboom, L50, F|
|poke|p2|Kingambit, L50, F|
|poke|p2|Magmar, L50, F|
|teampreview|4
|showteam|p1|Sneasler||WhiteHerb|Unburden|CloseCombat,DireClaw,Coaching,Protect|||M|||50|,,,,,Stellar]Rillaboom||AssaultVest|GrassySurge|WoodHammer,GrassyGlide,HighHorsepower,FakeOut|||M|||50|,,,,,Water]Kingambit||BlackGlasses|Defiant|KowtowCleave,SuckerPunch,SwordsDance,Protect|||M|||50|,,,,,Dark]Kilowattrel||FocusSash|Competitive|Thunderbolt,AirSlash,Electroweb,Protect|||F|||50|,,,,,Electric]Salamence||SafetyGoggles|Intimidate|DualWingbeat,DracoMeteor,Tailwind,Protect|||F|||50|,,,,,Fire]Volcarona||Leftovers|FlameBody|HeatWave,GigaDrain,QuiverDance,Protect|||M|||50|,,,,,Grass
|showteam|p2|Sneasler||FocusSash|PoisonTouch|CloseCombat,DireClaw,FakeOut,Protect|||M|||50|,,,,,Stellar]Dragapult||ChoiceBand|ClearBody|DragonDarts,TeraBlast,PhantomForce,Uturn|||F|||50|,,,,,Ghost]Primarina||SitrusBerry|LiquidVoice|HyperVoice,Moonblast,Haze,Protect|||F|||50|,,,,,Water]Rillaboom||AssaultVest|GrassySurge|WoodHammer,GrassyGlide,HighHorsepower,FakeOut|||F|||50|,,,,,Fire]Kingambit||BlackGlasses|Defiant|KowtowCleave,SuckerPunch,SwordsDance,Protect|||F|||50|,,,,,Ghost]Magmar||Eviolite|VitalSpirit|Overheat,WillOWisp,FollowMe,Protect|||F|||50|,,,,,Ghost
|inactive|Battle timer is ON: inactive players will automatically lose when time's up. (requested by leonsunp)
|inactive|leonsunp has 60 seconds left.
|inactive|dfdfdfgdfdt has 60 seconds left.
|inactive|leonsunp has 30 seconds left.
|
|t:|1756333768
|teamsize|p1|4
|teamsize|p2|4
|start
|switch|p1a: Sneasler|Sneasler, L50, M|100/100
|switch|p1b: Kingambit|Kingambit, L50, M|100/100
|switch|p2a: Magmar|Magmar, L50, F|100/100
|switch|p2b: Kingambit|Kingambit, L50, F|100/100
|turn|1
|
|t:|1756333790
|move|p1a: Sneasler|Protect|p1a: Sneasler
|-singleturn|p1a: Sneasler|Protect
|move|p2b: Kingambit|Protect|p2b: Kingambit
|-singleturn|p2b: Kingambit|Protect
|move|p2a: Magmar|Will-O-Wisp|p1b: Kingambit
|-status|p1b: Kingambit|brn
|move|p1b: Kingambit|Swords Dance|p1b: Kingambit
|-boost|p1b: Kingambit|atk|2
|
|-damage|p1b: Kingambit|95/100 brn|[from] brn
|upkeep
|turn|2
|inactive|dfdfdfgdfdt has 30 seconds left.
|
|t:|1756333816
|-terastallize|p1b: Kingambit|Dark
|move|p2a: Magmar|Follow Me|p2a: Magmar
|-singleturn|p2a: Magmar|move: Follow Me
|move|p1a: Sneasler|Close Combat|p2a: Magmar
|-damage|p2a: Magmar|41/100
|-unboost|p1a: Sneasler|def|1
|-unboost|p1a: Sneasler|spd|1
|-enditem|p1a: Sneasler|White Herb
|-clearnegativeboost|p1a: Sneasler|[silent]
|move|p2b: Kingambit|Swords Dance|p2b: Kingambit
|-boost|p2b: Kingambit|atk|2
|move|p1b: Kingambit|Kowtow Cleave|p2a: Magmar
|-damage|p2a: Magmar|0 fnt
|faint|p2a: Magmar
|
|-damage|p1b: Kingambit|89/100 brn|[from] brn
|upkeep
|
|t:|1756333836
|switch|p2a: Sneasler|Sneasler, L50, M|100/100
|turn|3
|
|t:|1756333859
|-terastallize|p2b: Kingambit|Ghost
|move|p1a: Sneasler|Protect|p1a: Sneasler
|-singleturn|p1a: Sneasler|Protect
|move|p1b: Kingambit|Protect|p1b: Kingambit
|-singleturn|p1b: Kingambit|Protect
|move|p2a: Sneasler|Close Combat|p1b: Kingambit
|-activate|p1b: Kingambit|move: Protect
|move|p2b: Kingambit|Swords Dance|p2b: Kingambit
|-boost|p2b: Kingambit|atk|2
|
|-damage|p1b: Kingambit|83/100 brn|[from] brn
|upkeep
|turn|4
|inactive|dfdfdfgdfdt has 30 seconds left.
|
|t:|1756333893
|move|p1a: Sneasler|Dire Claw|p2a: Sneasler
|-resisted|p2a: Sneasler
|-damage|p2a: Sneasler|64/100
|move|p2a: Sneasler|Close Combat|p1b: Kingambit
|-supereffective|p1b: Kingambit
|-damage|p1b: Kingambit|0 fnt
|-unboost|p2a: Sneasler|def|1
|-unboost|p2a: Sneasler|spd|1
|faint|p1b: Kingambit
|move|p2b: Kingambit|Kowtow Cleave|p1a: Sneasler
|-resisted|p1a: Sneasler
|-damage|p1a: Sneasler|0 fnt
|faint|p1a: Sneasler
|
|upkeep
|
|t:|1756333905
|switch|p1a: Rillaboom|Rillaboom, L50, M|100/100
|switch|p1b: Kilowattrel|Kilowattrel, L50, F|100/100
|-fieldstart|move: Grassy Terrain|[from] ability: Grassy Surge|[of] p1a: Rillaboom
|turn|5
|
|t:|1756333919
|move|p1b: Kilowattrel|Air Slash|p2a: Sneasler
|-supereffective|p2a: Sneasler
|-damage|p2a: Sneasler|0 fnt
|faint|p2a: Sneasler
|move|p1a: Rillaboom|Wood Hammer|p2b: Kingambit
|-damage|p2b: Kingambit|35/100
|-damage|p1a: Rillaboom|79/100|[from] Recoil
|move|p2b: Kingambit|Kowtow Cleave|p1a: Rillaboom
|-damage|p1a: Rillaboom|0 fnt
|faint|p1a: Rillaboom
|
|-heal|p2b: Kingambit|41/100|[from] Grassy Terrain
|upkeep
|
|t:|1756333931
|switch|p2a: Dragapult|Dragapult, L50, F|100/100
|turn|6
|-message|leonsunp forfeited.
|
|win|dfdfdfgdfdt
|l|☆leonsunp
|player|p1|
||dfdfdfgdfdt is ready for game 2.
||leonsunp is ready for game 2.
|uhtml|next|Next: Game 2 of 3
