|j|☆SixHeroes
|j|☆xdi8723
|html|SixHeroesxdi8723    
|uhtml|bestof|Game 3 of a best-of-3
|t:|1757158770
|gametype|doubles
|player|p1|SixHeroes|1|1052
|player|p2|xdi8723|veteran|1066
|gen|9
|tier|[Gen 9] VGC 2025 Reg H (Bo3)
|rated|
|rule|Species Clause: Limit one of each Pokémon
|rule|Item Clause: Limit 1 of each item
|clearpoke
|poke|p1|Talonflame, L50, M|
|poke|p1|Farigiraf, L50, F|
|poke|p1|Garchomp, L50, M|
|poke|p1|Hydreigon, L50, M|
|poke|p1|Rotom-Wash, L50|
|poke|p1|Hariyama, L50, M|
|poke|p2|Gholdengo, L50|
|poke|p2|Amoonguss, L50, M|
|poke|p2|Incineroar, L50, F|
|poke|p2|Kommo-o, L50, F|
|poke|p2|Ninetales-Alola, L50, F|
|poke|p2|Dragonite, L50, M|
|teampreview|4
|showteam|p1|Talonflame||SharpBeak|GaleWings|DualWingbeat,Tailwind,FlareBlitz,Taunt|||M|||50|,,,,,Ghost]Farigiraf||ThroatSpray|ArmorTail|HyperVoice,ExpandingForce,TrickRoom,Imprison|||F|||50|,,,,,Dark]Garchomp||LifeOrb|SandVeil|ScaleShot,StompingTantrum,Earthquake,Protect|||M|||50|,,,,,Ground]Hydreigon||ScopeLens|Levitate|DarkPulse,HeatWave,DragonPulse,FocusEnergy|||M|||50|,,,,,Fire]Rotom-Wash||ChoiceSpecs|Levitate|VoltSwitch,ShadowBall,HydroPump,Discharge||||||50|,,,,,Ghost]Hariyama||AssaultVest|ThickFat|KnockOff,CloseCombat,UpperHand,FakeOut|||M|||50|,,,,,Dark
|showteam|p2|Gholdengo||ChoiceSpecs|GoodasGold|MakeItRain,ShadowBall,Trick,FocusBlast||||||50|,,,,,Steel]Amoonguss||RockyHelmet|Regenerator|Protect,RagePowder,Spore,PollenPuff|||M|||50|,,,,,Fairy]Incineroar||SafetyGoggles|Intimidate|FakeOut,FlareBlitz,KnockOff,PartingShot|||F|||50|,,,,,Ghost]Kommo-o||ThroatSpray|Soundproof|Protect,ClangingScales,Flamethrower,ClangorousSoul|||F|||50|,,,,,Fire]Ninetales-Alola||FocusSash|SnowWarning|Protect,Blizzard,FreezeDry,Encore|||F|||50|,,,,,Ice]Dragonite||AssaultVest|Multiscale|ExtremeSpeed,TeraBlast,IceSpinner,StompingTantrum|||M|||50|,,,,,Flying
|inactive|Battle timer is ON: inactive players will automatically lose when time's up. (requested by SixHeroes)
|
|t:|1757158802
|teamsize|p1|4
|teamsize|p2|4
|start
|switch|p1a: Talonflame|Talonflame, L50, M|100/100
|switch|p1b: Garchomp|Garchomp, L50, M|100/100
|switch|p2a: Dragonite|Dragonite, L50, M|100/100
|switch|p2b: Incineroar|Incineroar, L50, F|100/100
|-ability|p2b: Incineroar|Intimidate|boost
|-unboost|p1a: Talonflame|atk|1
|-unboost|p1b: Garchomp|atk|1
|turn|1
|l|☆xdi8723
|inactive|xdi8723 disconnected and has a minute to reconnect!
|player|p2|
|inactive|SixHeroes has 30 seconds left.
|inactive|xdi8723 has 30 seconds left.
|j|☆xdi8723
|inactive|xdi8723 reconnected and has 30 seconds left.
|player|p2|xdi8723|veteran|
|inactive|xdi8723 has 20 seconds left.
|
|t:|1757158839
|-terastallize|p1b: Garchomp|Ground
|-terastallize|p2a: Dragonite|Flying
|move|p2b: Incineroar|Fake Out|p1a: Talonflame
|-damage|p1a: Talonflame|84/100
|cant|p1a: Talonflame|flinch
|move|p1b: Garchomp|Scale Shot|p2a: Dragonite
|-damage|p2a: Dragonite|94/100
|-damage|p2a: Dragonite|81/100
|-damage|p2a: Dragonite|70/100
|-damage|p2a: Dragonite|58/100
|-hitcount|p2a: Dragonite|4
|-unboost|p1b: Garchomp|def|1
|-boost|p1b: Garchomp|spe|1
|-damage|p1b: Garchomp|91/100|[from] item: Life Orb
|move|p2a: Dragonite|Ice Spinner|p1b: Garchomp
|-supereffective|p1b: Garchomp
|-damage|p1b: Garchomp|0 fnt
|faint|p1b: Garchomp
|
|upkeep
|
|t:|1757158861
|switch|p1b: Rotom|Rotom-Wash, L50|100/100
|turn|2
|inactive|xdi8723 has 30 seconds left.
|inactive|xdi8723 has 20 seconds left.
|
|t:|1757158900
|switch|p2a: Kommo-o|Kommo-o, L50, F|100/100
|move|p1a: Talonflame|Tailwind|p1a: Talonflame
|-sidestart|p1: SixHeroes|move: Tailwind
|move|p1b: Rotom|Hydro Pump|p2b: Incineroar
|-supereffective|p2b: Incineroar
|-damage|p2b: Incineroar|0 fnt
|faint|p2b: Incineroar
|
|upkeep
|
|t:|1757158912
|switch|p2b: Dragonite|Dragonite, L50, M, tera:Flying|58/100
|turn|3
|
|t:|1757158926
|move|p1a: Talonflame|Dual Wingbeat|p2a: Kommo-o
|-supereffective|p2a: Kommo-o
|-damage|p2a: Kommo-o|77/100
|-supereffective|p2a: Kommo-o
|-damage|p2a: Kommo-o|54/100
|-hitcount|p2a: Kommo-o|2
|move|p1b: Rotom|Hydro Pump|p2b: Dragonite
|-damage|p2b: Dragonite|13/100
|move|p2a: Kommo-o|Clangorous Soul|p2a: Kommo-o
|-boost|p2a: Kommo-o|atk|1
|-boost|p2a: Kommo-o|def|1
|-boost|p2a: Kommo-o|spa|1
|-boost|p2a: Kommo-o|spd|1
|-boost|p2a: Kommo-o|spe|1
|-damage|p2a: Kommo-o|21/100
|-enditem|p2a: Kommo-o|Throat Spray
|-boost|p2a: Kommo-o|spa|1|[from] item: Throat Spray
|move|p2b: Dragonite|Tera Blast|p1b: Rotom|[anim] Tera Blast Flying
|-resisted|p1b: Rotom
|-damage|p1b: Rotom|61/100
|
|upkeep
|turn|4
|inactive|xdi8723 has 30 seconds left.
|inactive|xdi8723 has 20 seconds left.
|
|t:|1757158963
|move|p2a: Kommo-o|Protect|p2a: Kommo-o
|-singleturn|p2a: Kommo-o|Protect
|move|p1a: Talonflame|Dual Wingbeat|p2a: Kommo-o
|-activate|p2a: Kommo-o|move: Protect
|move|p1b: Rotom|Hydro Pump|p2b: Dragonite|[miss]
|-miss|p1b: Rotom|p2b: Dragonite
|move|p2b: Dragonite|Ice Spinner|p1a: Talonflame
|-damage|p1a: Talonflame|40/100
|
|upkeep
|turn|5
|inactive|xdi8723 has 30 seconds left.
|inactive|xdi8723 has 20 seconds left.
|
|t:|1757159001
|switch|p2a: Gholdengo|Gholdengo, L50|100/100
|move|p2b: Dragonite|Extreme Speed|p1a: Talonflame
|-damage|p1a: Talonflame|0 fnt
|faint|p1a: Talonflame
|move|p1b: Rotom|Hydro Pump|p2b: Dragonite
|-damage|p2b: Dragonite|0 fnt
|faint|p2b: Dragonite
|
|-sideend|p1: SixHeroes|move: Tailwind
|upkeep
|
|t:|1757159013
|switch|p1a: Farigiraf|Farigiraf, L50, F|100/100
|switch|p2b: Kommo-o|Kommo-o, L50, F|21/100
|turn|6
|
|t:|1757159034
|move|p1b: Rotom|Hydro Pump|p2b: Kommo-o
|-resisted|p2b: Kommo-o
|-damage|p2b: Kommo-o|0 fnt
|faint|p2b: Kommo-o
|move|p2a: Gholdengo|Make It Rain|p1a: Farigiraf|[spread] p1a,p1b
|-resisted|p1b: Rotom
|-damage|p1a: Farigiraf|37/100
|-damage|p1b: Rotom|36/100
|-unboost|p2a: Gholdengo|spa|1
|move|p1a: Farigiraf|Expanding Force|p2a: Gholdengo
|-resisted|p2a: Gholdengo
|-damage|p2a: Gholdengo|78/100
|
|upkeep
|turn|7
|
|t:|1757159052
|move|p1b: Rotom|Hydro Pump|p2a: Gholdengo|[miss]
|-miss|p1b: Rotom|p2a: Gholdengo
|move|p2a: Gholdengo|Make It Rain|p1b: Rotom|[spread] p1a,p1b
|-resisted|p1b: Rotom
|-damage|p1a: Farigiraf|0 fnt
|-damage|p1b: Rotom|21/100
|-unboost|p2a: Gholdengo|spa|1
|faint|p1a: Farigiraf
|
|upkeep
|turn|8
|
|t:|1757159063
|move|p1b: Rotom|Hydro Pump|p2a: Gholdengo
|-damage|p2a: Gholdengo|0 fnt
|faint|p2a: Gholdengo
|
|win|SixHeroes
|raw|SixHeroes's rating: 1052 → 1085(+33 for winning)
|raw|xdi8723's rating: 1066 → 1045(-21 for losing)
