|j|☆washingtongargacha
|j|☆jerryboy109
|html|washingtongargachajerryboy109    
|uhtml|bestof|Game 2 of a best-of-3
|t:|1756997148
|gametype|doubles
|player|p1|washingtongargacha|2|1178
|player|p2|jerryboy109|pokekid|1077
|gen|9
|tier|[Gen 9] VGC 2025 Reg H (Bo3)
|rated|
|rule|Species Clause: Limit one of each Pokémon
|rule|Item Clause: Limit 1 of each item
|clearpoke
|poke|p1|Talonflame, L50, M|
|poke|p1|Gholdengo, L50|
|poke|p1|Dragonite, L50, F|
|poke|p1|Archaludon, L50, M|
|poke|p1|Tyranitar, L50, M|
|poke|p1|Garchomp, L50, M|
|poke|p2|Baxcalibur, L50, M|
|poke|p2|Pelipper, L50, M|
|poke|p2|Rillaboom, L50, M|
|poke|p2|Incineroar, L50, F|
|poke|p2|Whimsicott, L50, M|
|poke|p2|Gholdengo, L50|
|teampreview|4
|showteam|p1|Talonflame||CovertCloak|GaleWings|Tailwind,BraveBird,Taunt,WillOWisp|||M|||50|,,,,,Ghost]Gholdengo||ChoiceSpecs|GoodasGold|MakeItRain,SteelBeam,ShadowBall,PowerGem||||||50|,,,,,Steel]Dragonite||LoadedDice|Multiscale|ScaleShot,IceSpinner,Haze,Protect|||F|||50|,,,,,Steel]Archaludon||PowerHerb|Sturdy|FlashCannon,ElectroShot,DracoMeteor,Protect|||M|||50|,,,,,Flying]Tyranitar||AssaultVest|SandStream|KnockOff,RockSlide,TeraBlast,LowKick|||M|||50|,,,,,Flying]Garchomp||LifeOrb|RoughSkin|DragonClaw,StompingTantrum,Earthquake,Protect|||M|||50|,,,,,Steel
|showteam|p2|Baxcalibur||SitrusBerry|ThermalExchange|DragonDance,Protect,GlaiveRush,IcicleCrash|||M|||50|,,,,,Fire]Pelipper||FocusSash|Drizzle|WeatherBall,Hurricane,Protect,Tailwind|||M|||50|,,,,,Flying]Rillaboom||AssaultVest|GrassySurge|GrassyGlide,WoodHammer,FakeOut,BrickBreak|||M|||50|,,,,,Grass]Incineroar||RockyHelmet|Intimidate|Protect,KnockOff,FakeOut,WillOWisp|||F|||50|,,,,,Ghost]Whimsicott||LightClay|Prankster|Protect,Tailwind,LightScreen,Moonblast|||M|||50|,,,,,Grass]Gholdengo||LifeOrb|GoodasGold|ThunderWave,MakeItRain,Protect,ShadowBall||||||50|,,,,,Flying
|
|t:|1756997176
|teamsize|p1|4
|teamsize|p2|4
|start
|switch|p1a: Tyranitar|Tyranitar, L50, M|100/100
|switch|p1b: Garchomp|Garchomp, L50, M|100/100
|switch|p2a: Incineroar|Incineroar, L50, F|100/100
|switch|p2b: Whimsicott|Whimsicott, L50, M|100/100
|-weather|Sandstorm|[from] ability: Sand Stream|[of] p1a: Tyranitar
|-ability|p2a: Incineroar|Intimidate|boost
|-unboost|p1a: Tyranitar|atk|1
|-unboost|p1b: Garchomp|atk|1
|turn|1
|
|t:|1756997217
|switch|p1a: Dragonite|Dragonite, L50, F|100/100
|move|p2b: Whimsicott|Tailwind|p2b: Whimsicott
|-sidestart|p2: jerryboy109|move: Tailwind
|move|p1b: Garchomp|Earthquake|p2b: Whimsicott|[spread] p2a,p2b
|-immune|p1a: Dragonite
|-supereffective|p2a: Incineroar
|-resisted|p2b: Whimsicott
|-damage|p2a: Incineroar|52/100
|-damage|p2b: Whimsicott|83/100
|-damage|p1b: Garchomp|91/100|[from] item: Life Orb
|move|p2a: Incineroar|Will-O-Wisp|p1a: Dragonite|[miss]
|-miss|p2a: Incineroar|p1a: Dragonite
|
|-weather|Sandstorm|[upkeep]
|-damage|p2b: Whimsicott|77/100|[from] Sandstorm
|-damage|p2a: Incineroar|46/100|[from] Sandstorm
|-damage|p1a: Dragonite|95/100|[from] Sandstorm
|upkeep
|turn|2
|
|t:|1756997252
|switch|p1b: Tyranitar|Tyranitar, L50, M|100/100
|switch|p2a: Rillaboom|Rillaboom, L50, M|100/100
|-fieldstart|move: Grassy Terrain|[from] ability: Grassy Surge|[of] p2a: Rillaboom
|move|p2b: Whimsicott|Protect|p2b: Whimsicott
|-singleturn|p2b: Whimsicott|Protect
|move|p1a: Dragonite|Protect||[still]
|-fail|p1a: Dragonite
|
|-weather|Sandstorm|[upkeep]
|-damage|p2b: Whimsicott|71/100|[from] Sandstorm
|-damage|p2a: Rillaboom|95/100|[from] Sandstorm
|-damage|p1a: Dragonite|89/100|[from] Sandstorm
|-heal|p2b: Whimsicott|77/100|[from] Grassy Terrain
|-heal|p2a: Rillaboom|100/100|[from] Grassy Terrain
|upkeep
|turn|3
|
|t:|1756997284
|-terastallize|p1b: Tyranitar|Flying
|move|p2a: Rillaboom|Fake Out|p1a: Dragonite
|-damage|p1a: Dragonite|72/100
|move|p2b: Whimsicott|Light Screen|p2b: Whimsicott
|-sidestart|p2: jerryboy109|move: Light Screen
|cant|p1a: Dragonite|flinch
|move|p1b: Tyranitar|Tera Blast|p2a: Rillaboom|[anim] Tera Blast Flying
|-supereffective|p2a: Rillaboom
|-damage|p2a: Rillaboom|15/100
|
|-weather|Sandstorm|[upkeep]
|-damage|p2b: Whimsicott|71/100|[from] Sandstorm
|-damage|p2a: Rillaboom|9/100|[from] Sandstorm
|-damage|p1a: Dragonite|66/100|[from] Sandstorm
|-damage|p1b: Tyranitar|95/100|[from] Sandstorm
|-heal|p2b: Whimsicott|77/100|[from] Grassy Terrain
|-heal|p2a: Rillaboom|15/100|[from] Grassy Terrain
|upkeep
|turn|4
|
|t:|1756997304
|move|p2a: Rillaboom|Grassy Glide|p1a: Dragonite
|-resisted|p1a: Dragonite
|-damage|p1a: Dragonite|56/100
|move|p2b: Whimsicott|Moonblast|p1a: Dragonite
|-supereffective|p1a: Dragonite
|-crit|p1a: Dragonite
|-damage|p1a: Dragonite|0 fnt
|faint|p1a: Dragonite
|move|p1b: Tyranitar|Tera Blast|p2b: Whimsicott|[anim] Tera Blast Flying
|-supereffective|p2b: Whimsicott
|-damage|p2b: Whimsicott|0 fnt
|faint|p2b: Whimsicott
|
|-weather|Sandstorm|[upkeep]
|-damage|p2a: Rillaboom|9/100|[from] Sandstorm
|-damage|p1b: Tyranitar|89/100|[from] Sandstorm
|-heal|p2a: Rillaboom|15/100|[from] Grassy Terrain
|-sideend|p2: jerryboy109|move: Tailwind
|upkeep
|
|t:|1756997327
|switch|p2b: Incineroar|Incineroar, L50, F|46/100
|switch|p1a: Archaludon|Archaludon, L50, M|100/100
|-ability|p2b: Incineroar|Intimidate|boost
|-unboost|p1a: Archaludon|atk|1
|-unboost|p1b: Tyranitar|atk|1
|turn|5
|
|t:|1756997343
|move|p2b: Incineroar|Fake Out|p1b: Tyranitar
|-damage|p1b: Tyranitar|79/100
|move|p1a: Archaludon|Electro Shot||[still]
|-prepare|p1a: Archaludon|Electro Shot
|-boost|p1a: Archaludon|spa|1
|-enditem|p1a: Archaludon|Power Herb
|-anim|p1a: Archaludon|Electro Shot|p2b: Incineroar
|-damage|p2b: Incineroar|4/100
|cant|p1b: Tyranitar|flinch
|move|p2a: Rillaboom|Wood Hammer|p1b: Tyranitar
|-resisted|p1b: Tyranitar
|-damage|p1b: Tyranitar|43/100
|-damage|p2a: Rillaboom|4/100|[from] Recoil
|
|-weather|none
|-heal|p2a: Rillaboom|9/100|[from] Grassy Terrain
|-heal|p2b: Incineroar|10/100|[from] Grassy Terrain
|upkeep
|turn|6
|
|t:|1756997374
|move|p2a: Rillaboom|Grassy Glide|p1b: Tyranitar
|-resisted|p1b: Tyranitar
|-damage|p1b: Tyranitar|26/100
|move|p1a: Archaludon|Flash Cannon|p2a: Rillaboom
|-damage|p2a: Rillaboom|0 fnt
|faint|p2a: Rillaboom
|move|p1b: Tyranitar|Tera Blast|p2b: Incineroar|[anim] Tera Blast Flying
|-damage|p2b: Incineroar|0 fnt
|faint|p2b: Incineroar
|
|-fieldend|move: Grassy Terrain
|upkeep
|
|t:|1756997384
|switch|p2b: Gholdengo|Gholdengo, L50|100/100
|turn|7
|
|t:|1756997407
|move|p1a: Archaludon|Draco Meteor|p2b: Gholdengo
|-resisted|p2b: Gholdengo
|-damage|p2b: Gholdengo|64/100
|-unboost|p1a: Archaludon|spa|2
|move|p2b: Gholdengo|Shadow Ball|p1b: Tyranitar
|-damage|p1b: Tyranitar|0 fnt
|faint|p1b: Tyranitar
|-damage|p2b: Gholdengo|54/100|[from] item: Life Orb
|
|upkeep
|
|t:|1756997417
|switch|p1b: Garchomp|Garchomp, L50, M|91/100
|turn|8
|
|t:|1756997426
|-terastallize|p2b: Gholdengo|Flying
|move|p1b: Garchomp|Protect|p1b: Garchomp
|-singleturn|p1b: Garchomp|Protect
|move|p1a: Archaludon|Draco Meteor|p2b: Gholdengo
|-damage|p2b: Gholdengo|21/100
|-unboost|p1a: Archaludon|spa|2
|move|p2b: Gholdengo|Shadow Ball|p1b: Garchomp
|-activate|p1b: Garchomp|move: Protect
|
|upkeep
|turn|9
|
|t:|1756997441
|move|p1b: Garchomp|Dragon Claw|p2b: Gholdengo
|-damage|p2b: Gholdengo|0 fnt
|faint|p2b: Gholdengo
|-damage|p1b: Garchomp|81/100|[from] item: Life Orb
|
|win|washingtongargacha
