|j|☆kemaho
|j|☆Spasio
|html|kemahoSpasio    
|uhtml|bestof|Game 2 of a best-of-3
|t:|1755201552
|gametype|doubles
|player|p1|kemaho|clerk|1214
|player|p2|Spasio|101|1215
|gen|9
|tier|[Gen 9] VGC 2025 Reg H (Bo3)
|rated|
|rule|Species Clause: Limit one of each Pokémon
|rule|Item Clause: Limit 1 of each item
|clearpoke
|poke|p1|Sneasler, L50, M|
|poke|p1|Samurott-Hisui, L50, F|
|poke|p1|Ninetales-Alola, L50, M|
|poke|p1|Gholdengo, L50|
|poke|p1|Dragonite, L50, F|
|poke|p1|Magmar, L50, F|
|poke|p2|Gholdengo, L50|
|poke|p2|Sneasler, L50, M|
|poke|p2|Rillaboom, L50, M|
|poke|p2|Dragonite, L50, F|
|poke|p2|Ninetales-Alola, L50, M|
|poke|p2|Arcanine-Hisui, L50, F|
|teampreview|4
|showteam|p1|Sneasler||FocusSash|PoisonTouch|DireClaw,CloseCombat,Coaching,FakeOut|||M|||50|,,,,,Ghost]Samurott-Hisui||AssaultVest|Sharpness|AquaCutter,KnockOff,SacredSword,SuckerPunch|||F|||50|,,,,,Ghost]Ninetales-Alola||CovertCloak|SnowWarning|Blizzard,FreezeDry,IcyWind,AuroraVeil|||M|||50|,,,,,Water]Gholdengo||MetalCoat|GoodasGold|MakeItRain,ShadowBall,NastyPlot,Protect||||||50|,,,,,Dragon]Dragonite||LoadedDice|Multiscale|ExtremeSpeed,Haze,ScaleShot,Protect|||F|||50|,,,,,Fairy]Magmar||Eviolite|VitalSpirit|HeatWave,WillOWisp,FollowMe,Protect|||F|||50|,,,,,Ghost
|showteam|p2|Gholdengo||GrassySeed|GoodasGold|NastyPlot,MakeItRain,ShadowBall,Protect||||||50|,,,,,Water]Sneasler||WhiteHerb|Unburden|CloseCombat,DireClaw,Coaching,Protect|||M|||50|,,,,,Ghost]Rillaboom||AssaultVest|GrassySurge|FakeOut,GrassyGlide,DrumBeating,HighHorsepower|||M|||50|,,,,,Fire]Dragonite||LoadedDice|Multiscale|ScaleShot,StompingTantrum,Tailwind,Protect|||F|||50|,,,,,Ground]Ninetales-Alola||FocusSash|SnowWarning|Blizzard,IcyWind,Encore,AuroraVeil|||M|||50|,,,,,Ghost]Arcanine-Hisui||ClearAmulet|Intimidate|RockSlide,FlareBlitz,ExtremeSpeed,Protect|||F|||50|,,,,,Water
|inactive|Battle timer is ON: inactive players will automatically lose when time's up. (requested by Spasio)
|
|t:|1755201581
|teamsize|p1|4
|teamsize|p2|4
|start
|switch|p1a: Sneasler|Sneasler, L50, M|100/100
|switch|p1b: Samurott|Samurott-Hisui, L50, F|100/100
|switch|p2a: Gholdengo|Gholdengo, L50|100/100
|switch|p2b: Rillaboom|Rillaboom, L50, M|100/100
|-fieldstart|move: Grassy Terrain|[from] ability: Grassy Surge|[of] p2b: Rillaboom
|-enditem|p2a: Gholdengo|Grassy Seed
|-boost|p2a: Gholdengo|def|1|[from] item: Grassy Seed
|turn|1
|
|t:|1755201598
|move|p1a: Sneasler|Fake Out|p2b: Rillaboom
|-crit|p2b: Rillaboom
|-damage|p2b: Rillaboom|79/100
|cant|p2b: Rillaboom|flinch
|move|p2a: Gholdengo|Nasty Plot|p2a: Gholdengo
|-boost|p2a: Gholdengo|spa|2
|move|p1b: Samurott|Knock Off|p2a: Gholdengo
|-supereffective|p2a: Gholdengo
|-damage|p2a: Gholdengo|57/100
|
|-heal|p2b: Rillaboom|85/100|[from] Grassy Terrain
|-heal|p2a: Gholdengo|63/100|[from] Grassy Terrain
|upkeep
|turn|2
|inactive|kemaho has 30 seconds left.
|
|t:|1755201630
|-terastallize|p2a: Gholdengo|Water
|-terastallize|p1b: Samurott|Ghost
|move|p2b: Rillaboom|Grassy Glide|p1a: Sneasler
|-resisted|p1a: Sneasler
|-damage|p1a: Sneasler|71/100
|move|p1a: Sneasler|Dire Claw|p2b: Rillaboom
|-supereffective|p2b: Rillaboom
|-damage|p2b: Rillaboom|0 fnt
|faint|p2b: Rillaboom
|move|p2a: Gholdengo|Make It Rain|p1a: Sneasler|[spread] p1a,p1b
|-damage|p1a: Sneasler|0 fnt
|-damage|p1b: Samurott|31/100
|-unboost|p2a: Gholdengo|spa|1
|faint|p1a: Sneasler
|move|p1b: Samurott|Knock Off|p2a: Gholdengo
|-damage|p2a: Gholdengo|42/100
|
|-heal|p2a: Gholdengo|48/100|[from] Grassy Terrain
|-heal|p1b: Samurott|37/100|[from] Grassy Terrain
|upkeep
|
|t:|1755201648
|switch|p1a: Ninetales|Ninetales-Alola, L50, M|100/100
|switch|p2b: Ninetales|Ninetales-Alola, L50, M|100/100
|-weather|Snowscape|[from] ability: Snow Warning|[of] p1a: Ninetales
|turn|3
|
|t:|1755201669
|move|p2b: Ninetales|Icy Wind|p1b: Samurott|[spread] p1a,p1b
|-resisted|p1a: Ninetales
|-damage|p1a: Ninetales|92/100
|-damage|p1b: Samurott|24/100
|-unboost|p1b: Samurott|spe|1
|move|p1a: Ninetales|Freeze-Dry|p2a: Gholdengo
|-supereffective|p2a: Gholdengo
|-damage|p2a: Gholdengo|0 fnt
|faint|p2a: Gholdengo
|move|p1b: Samurott|Aqua Cutter|p2b: Ninetales
|-damage|p2b: Ninetales|50/100
|
|-weather|Snowscape|[upkeep]
|-heal|p1a: Ninetales|98/100|[from] Grassy Terrain
|-heal|p2b: Ninetales|56/100|[from] Grassy Terrain
|-heal|p1b: Samurott|30/100|[from] Grassy Terrain
|upkeep
|
|t:|1755201677
|switch|p2a: Arcanine|Arcanine-Hisui, L50, F|100/100
|-ability|p2a: Arcanine|Intimidate|boost
|-unboost|p1a: Ninetales|atk|1
|-unboost|p1b: Samurott|atk|1
|turn|4
|inactive|kemaho has 30 seconds left.
|inactive|kemaho has 20 seconds left.
|inactive|kemaho has 15 seconds left.
|inactive|kemaho has 10 seconds left.
|inactive|kemaho has 5 seconds left.
|
|t:|1755201729
|move|p1b: Samurott|Sucker Punch|p2b: Ninetales
|-resisted|p2b: Ninetales
|-damage|p2b: Ninetales|46/100
|move|p1a: Ninetales|Aurora Veil|p1a: Ninetales
|-sidestart|p1: kemaho|move: Aurora Veil
|move|p2b: Ninetales|Blizzard|p1a: Ninetales|[spread] p1a,p1b
|-resisted|p1a: Ninetales
|-damage|p1a: Ninetales|85/100
|-damage|p1b: Samurott|12/100
|move|p2a: Arcanine|Flare Blitz|p1a: Ninetales
|-supereffective|p1a: Ninetales
|-damage|p1a: Ninetales|10/100
|-damage|p2a: Arcanine|78/100|[from] Recoil
|
|-weather|Snowscape|[upkeep]
|-heal|p1a: Ninetales|16/100|[from] Grassy Terrain
|-heal|p2b: Ninetales|52/100|[from] Grassy Terrain
|-heal|p2a: Arcanine|84/100|[from] Grassy Terrain
|-heal|p1b: Samurott|18/100|[from] Grassy Terrain
|upkeep
|turn|5
|
|t:|1755201751
|move|p1b: Samurott|Sucker Punch||[still]
|-fail|p1b: Samurott
|move|p1a: Ninetales|Blizzard|p2a: Arcanine|[spread] p2a,p2b
|-resisted|p2a: Arcanine
|-crit|p2a: Arcanine
|-resisted|p2b: Ninetales
|-damage|p2a: Arcanine|55/100
|-damage|p2b: Ninetales|34/100
|move|p2b: Ninetales|Encore|p1a: Ninetales
|-start|p1a: Ninetales|Encore
|move|p2a: Arcanine|Rock Slide|p1a: Ninetales|[spread] p1a,p1b
|-supereffective|p1a: Ninetales
|-damage|p1a: Ninetales|0 fnt
|-damage|p1b: Samurott|0 fnt
|faint|p1a: Ninetales
|faint|p1b: Samurott
|
|-weather|Snowscape|[upkeep]
|-heal|p2b: Ninetales|40/100|[from] Grassy Terrain
|-heal|p2a: Arcanine|61/100|[from] Grassy Terrain
|-fieldend|move: Grassy Terrain
|upkeep
|
|t:|1755201760
|switch|p1b: Dragonite|Dragonite, L50, F|100/100
|turn|6
|
|t:|1755201774
|move|p1b: Dragonite|Extreme Speed|p2b: Ninetales
|-damage|p2b: Ninetales|8/100
|move|p2b: Ninetales|Icy Wind|p1b: Dragonite
|-supereffective|p1b: Dragonite
|-damage|p1b: Dragonite|69/100
|-unboost|p1b: Dragonite|spe|1
|move|p2a: Arcanine|Rock Slide|p1b: Dragonite
|-supereffective|p1b: Dragonite
|-damage|p1b: Dragonite|18/100
|
|-weather|Snowscape|[upkeep]
|upkeep
|turn|7
|inactive|Spasio has 30 seconds left.
|
|t:|1755201799
|move|p2a: Arcanine|Extreme Speed|p1b: Dragonite
|-damage|p1b: Dragonite|0 fnt
|faint|p1b: Dragonite
|
|win|Spasio
|raw|kemaho's rating: 1214 → 1189(-25 for losing)
|raw|Spasio's rating: 1215 → 1240(+25 for winning)
|l|☆Spasio
|player|p2|
