|j|â˜†tizio20
|j|â˜†Gottkomplexe
|html|tizio20Gottkomplexe    
|uhtml|bestof|Game 3 of a best-of-3
|t:|1785355574
|gametype|doubles
|player|p1|tizio20|169|
|player|p2|Gottkomplexe|ilima|
|gen|9
|tier|[Gen 9 Champions] VGC 2026 Reg M-B (Bo3)
|rule|Species Clause: Limit one of each PokÃ©mon
|rule|Item Clause: Limit 1 of each item
|clearpoke
|poke|p1|Blastoise, L50, F|
|poke|p1|Delphox, L50, F|
|poke|p1|Incineroar, L50, F|
|poke|p1|Sneasler, L50, M|
|poke|p1|Sinistcha, L50|
|poke|p1|Kingambit, L50, M|
|poke|p2|Staraptor, L50, M|
|poke|p2|Charizard, L50, M|
|poke|p2|Glimmora, L50, M|
|poke|p2|Whimsicott, L50, F|
|poke|p2|Basculegion, L50, M|
|poke|p2|Garchomp, L50, M|
|teampreview|4
|showteam|p1|Blastoise||Blastoisinite|RainDish|WaterSpout,DarkPulse,ShellSmash,Protect|Modest||F|||50|]Delphox||Delphoxite|Blaze|HeatWave,Psyshock,NastyPlot,Protect|Modest||F|||50|]Incineroar||SitrusBerry|Intimidate|FakeOut,FlareBlitz,HelpingHand,PartingShot|Careful||F|||50|]Sneasler||FocusSash|PoisonTouch|PoisonJab,CloseCombat,FakeOut,QuickGuard|Jolly||M|||50|]Sinistcha||KasibBerry|Hospitality|MatchaGotcha,RagePowder,TrickRoom,Protect|Bold|||||50|]Kingambit||BlackGlasses|Defiant|KowtowCleave,SuckerPunch,SwordsDance,Protect|Adamant||M|||50|
|showteam|p2|Staraptor||Staraptite|Intimidate|DualWingbeat,CloseCombat,Tailwind,Protect|Jolly||M|||50|]Charizard||CharizarditeY|Blaze|HeatWave,SolarBeam,WeatherBall,Protect|Modest||M|||50|]Glimmora||FocusSash|ToxicDebris|PowerGem,SludgeBomb,EarthPower,SpikyShield|Modest||M|||50|]Whimsicott||LifeOrb|Prankster|Moonblast,Encore,Tailwind,Protect|Modest||F|||50|]Basculegion||ChoiceScarf|Adaptability|WaveCrash,LastRespects,AquaJet,FlipTurn|Jolly||M|||50|]Garchomp||SitrusBerry|RoughSkin|Earthquake,RockSlide,PoisonJab,Protect|Adamant||M|||50|
|inactive|Battle timer is ON: inactive players will automatically lose when time's up. (requested by Gottkomplexe)
|c|â˜†Gottkomplexe|i was 100% the sucker goes against zard
|c|â˜†Gottkomplexe|chomp*
|c|â˜†Gottkomplexe|I just didnÂ´t want to lose like this xD
|inactive|tizio20 has 60 seconds left.
|inactive|Gottkomplexe has 60 seconds left.
|c|â˜†tizio20|ahhahaha
|c|â˜†tizio20|I clicked sucker on chomp in like 2 sec
|inactive|Gottkomplexe has 30 seconds left.
|inactive|Gottkomplexe has 20 seconds left.
|inactive|Gottkomplexe has 15 seconds left.
|
|t:|1785355654
|teamsize|p1|4
|teamsize|p2|4
|start
|switch|p1a: Delphox|Delphox, L50, F|100/100
|switch|p1b: Incineroar|Incineroar, L50, F|100/100
|switch|p2a: Glimmora|Glimmora, L50, M|100/100
|switch|p2b: Charizard|Charizard, L50, M|100/100
|-ability|p1b: Incineroar|Intimidate|boost
|-unboost|p2a: Glimmora|atk|1
|-unboost|p2b: Charizard|atk|1
|turn|1
|
|t:|1785355678
|switch|p2b: Whimsicott|Whimsicott, L50, F|100/100
|detailschange|p1a: Delphox|Delphox-Mega, L50, F
|-mega|p1a: Delphox|Delphox|Delphoxite
|move|p1a: Delphox|Nasty Plot|p1a: Delphox
|-boost|p1a: Delphox|spa|2
|move|p2a: Glimmora|Power Gem|p1a: Delphox
|-supereffective|p1a: Delphox|1
|-damage|p1a: Delphox|23/100
|move|p1b: Incineroar|Parting Shot|p2b: Whimsicott
|-unboost|p2b: Whimsicott|atk|1
|-unboost|p2b: Whimsicott|spa|1
|
|t:|1785355688
|switch|p1b: Sinistcha|Sinistcha, L50|100/100|[from] Parting Shot
|-heal|p1a: Delphox|48/100|[from] ability: Hospitality|[of] p1b: Sinistcha
|
|upkeep
|turn|2
|c|â˜†tizio20|you are having me bro
|
|t:|1785355715
|switch|p1a: Kingambit|Kingambit, L50, M|100/100
|move|p2b: Whimsicott|Encore|p1a: Kingambit
|-hint|Since gen 7, Dark is immune to Prankster moves.
|-immune|p1a: Kingambit
|move|p2a: Glimmora|Power Gem|p1b: Sinistcha
|-damage|p1b: Sinistcha|54/100
|move|p1b: Sinistcha|Matcha Gotcha|p2a: Glimmora|[spread] p2a,p2b
|-resisted|p2b: Whimsicott|1
|-damage|p2a: Glimmora|69/100
|-heal|p1b: Sinistcha|68/100|[from] drain|[of] p2a: Glimmora
|-damage|p2b: Whimsicott|81/100
|-heal|p1b: Sinistcha|76/100|[from] drain|[of] p2b: Whimsicott
|-status|p2a: Glimmora|brn
|
|-damage|p2a: Glimmora|63/100 brn|[from] brn
|upkeep
|turn|3
|c|â˜†Gottkomplexe|all the time
|c|â˜†Gottkomplexe|I am the mind game master (forget the end of G2)
|c|â˜†tizio20|yeah
|c|â˜†tizio20|you play great
|inactive|tizio20 has 30 seconds left.
|inactive|Gottkomplexe has 30 seconds left.
|inactive|Gottkomplexe has 20 seconds left.
|
|t:|1785355751
|switch|p2a: Charizard|Charizard, L50, M|100/100
|move|p2b: Whimsicott|Encore|p1b: Sinistcha
|-start|p1b: Sinistcha|Encore
|move|p1b: Sinistcha|Matcha Gotcha|p2b: Whimsicott|[spread] p2a,p2b
|-resisted|p2a: Charizard|2
|-resisted|p2b: Whimsicott|1
|-damage|p2a: Charizard|92/100
|-heal|p1b: Sinistcha|80/100|[from] drain|[of] p2a: Charizard
|-damage|p2b: Whimsicott|62/100
|-heal|p1b: Sinistcha|88/100|[from] drain|[of] p2b: Whimsicott
|move|p1a: Kingambit|Swords Dance|p1a: Kingambit
|-boost|p1a: Kingambit|atk|2
|
|upkeep
|turn|4
|c|â˜†Gottkomplexe|the problem is you play great too
|c|â˜†Gottkomplexe|:(
|inactive|Gottkomplexe has 30 seconds left.
|
|t:|1785355781
|switch|p1b: Incineroar|Incineroar, L50, F|100/100
|-ability|p1b: Incineroar|Intimidate|boost
|-unboost|p2a: Charizard|atk|1
|-unboost|p2b: Whimsicott|atk|1
|move|p2a: Charizard|Protect|p2a: Charizard
|-singleturn|p2a: Charizard|Protect
|move|p1a: Kingambit|Protect|p1a: Kingambit
|-singleturn|p1a: Kingambit|Protect
|move|p2b: Whimsicott|Moonblast|p1a: Kingambit
|-activate|p1a: Kingambit|move: Protect
|
|upkeep
|turn|5
|j| Vividedenne
|c|â˜†tizio20|thx, at least is funny to play with someone who plays goof
|c|â˜†tizio20|good
|inactive|Gottkomplexe has 30 seconds left.
|c|â˜†Gottkomplexe|apropros great player
|c|â˜†Gottkomplexe|hello viiv
|inactive|Gottkomplexe has 20 seconds left.
|c|â˜†tizio20|hallo
|inactive|Gottkomplexe has 15 seconds left.
|inactive|Gottkomplexe has 10 seconds left.
|inactive|Gottkomplexe has 5 seconds left.
|c| Vividedenne|Hello
|
|t:|1785355833
|switch|p2b: Garchomp|Garchomp, L50, M|100/100
|switch|p2a: Glimmora|Glimmora, L50, M|63/100 brn
|move|p1b: Incineroar|Fake Out|p2a: Glimmora
|-resisted|p2a: Glimmora|1
|-damage|p2a: Glimmora|57/100 brn
|-activate|p2a: Glimmora|ability: Toxic Debris
|-sidestart|p1: tizio20|move: Toxic Spikes
|move|p1a: Kingambit|Kowtow Cleave|p2a: Glimmora
|-damage|p2a: Glimmora|0 fnt
|-activate|p2a: Glimmora|ability: Toxic Debris
|-sidestart|p1: tizio20|move: Toxic Spikes
|faint|p2a: Glimmora
|
|upkeep
|c| Vividedenne|Hf
|inactive|Gottkomplexe has 30 seconds left.
|
|t:|1785355868
|switch|p2a: Charizard|Charizard, L50, M|92/100
|turn|6
|
|t:|1785355873
|detailschange|p2a: Charizard|Charizard-Mega-Y, L50, M
|-mega|p2a: Charizard|Charizard|Charizardite Y
|-weather|SunnyDay|[from] ability: Drought|[of] p2a: Charizard
|move|p1a: Kingambit|Protect|p1a: Kingambit
|-singleturn|p1a: Kingambit|Protect
|move|p2a: Charizard|Heat Wave|p1b: Incineroar|[spread] p1b
|-activate|p1a: Kingambit|move: Protect
|-resisted|p1b: Incineroar|1
|-damage|p1b: Incineroar|76/100
|move|p2b: Garchomp|Earthquake|p1a: Kingambit|[spread] p1b
|-activate|p1a: Kingambit|move: Protect
|-immune|p2a: Charizard
|-supereffective|p1b: Incineroar|1
|-damage|p1b: Incineroar|4/100
|-enditem|p1b: Incineroar|Sitrus Berry|[eat]
|-heal|p1b: Incineroar|29/100|[from] item: Sitrus Berry
|move|p1b: Incineroar|Parting Shot|p2b: Garchomp
|-unboost|p2b: Garchomp|atk|1
|-unboost|p2b: Garchomp|spa|1
|
|t:|1785355896
|switch|p1b: Delphox|Delphox-Mega, L50, F|48/100|[from] Parting Shot
|
|-weather|SunnyDay|[upkeep]
|upkeep
|turn|7
|
|t:|1785355914
|switch|p2b: Whimsicott|Whimsicott, L50, F|62/100
|move|p2a: Charizard|Protect|p2a: Charizard
|-singleturn|p2a: Charizard|Protect
|move|p1a: Kingambit|Sucker Punch||[still]
|-fail|p1a: Kingambit
|move|p1b: Delphox|Psyshock|p2b: Whimsicott
|-damage|p2b: Whimsicott|5/100
|
|-weather|SunnyDay|[upkeep]
|upkeep
|turn|8
|inactive|Gottkomplexe has 30 seconds left.
|
|t:|1785355947
|switch|p2a: Garchomp|Garchomp, L50, M|100/100
|move|p2b: Whimsicott|Encore|p1b: Delphox
|-start|p1b: Delphox|Encore
|move|p1a: Kingambit|Sucker Punch||[still]
|-fail|p1a: Kingambit
|move|p1b: Delphox|Psyshock|p2b: Whimsicott
|-damage|p2b: Whimsicott|0 fnt
|faint|p2b: Whimsicott
|
|-weather|SunnyDay|[upkeep]
|upkeep
|c|â˜†Gottkomplexe|i missklickt hahahaha
|
|t:|1785355954
|switch|p2b: Charizard|Charizard-Mega-Y, L50, M|92/100
|turn|9
|c|â˜†tizio20|nooo hahaha
|c|â˜†tizio20|rip bro
|inactive|Gottkomplexe has 30 seconds left.
|c|â˜†tizio20|is still playable
|
|t:|1785355988
|move|p2b: Charizard|Protect|p2b: Charizard
|-singleturn|p2b: Charizard|Protect
|move|p1a: Kingambit|Protect|p1a: Kingambit
|-singleturn|p1a: Kingambit|Protect
|move|p1b: Delphox|Psyshock|p2b: Charizard
|-activate|p2b: Charizard|move: Protect
|move|p2a: Garchomp|Earthquake|p1b: Delphox|[spread] 
|-activate|p2b: Charizard|move: Protect
|-activate|p1a: Kingambit|move: Protect
|-immune|p1b: Delphox|[from] ability: Levitate
|
|-weather|SunnyDay|[upkeep]
|upkeep
|turn|10
|
|t:|1785356003
|move|p2b: Charizard|Protect||[still]
|-fail|p2b: Charizard
|move|p1a: Kingambit|Sucker Punch||[still]
|-fail|p1a: Kingambit
|move|p1b: Delphox|Psyshock|p2b: Charizard
|-damage|p2b: Charizard|42/100
|move|p2a: Garchomp|Rock Slide|p1b: Delphox|[spread] p1a,p1b
|-resisted|p1a: Kingambit|1
|-supereffective|p1b: Delphox|1
|-damage|p1a: Kingambit|93/100
|-damage|p1b: Delphox|2/100
|
|-weather|none
|-end|p1b: Delphox|Encore
|upkeep
|turn|11
|c|â˜†Gottkomplexe|i hate this bulky garchomp
|
|t:|1785356023
|move|p1a: Kingambit|Sucker Punch|p2b: Charizard
|-damage|p2b: Charizard|0 fnt
|faint|p2b: Charizard
|move|p1b: Delphox|Psyshock|p2a: Garchomp
|-damage|p2a: Garchomp|63/100
|move|p2a: Garchomp|Rock Slide|p1b: Delphox|[spread] p1a,p1b
|-resisted|p1a: Kingambit|1
|-supereffective|p1b: Delphox|1
|-damage|p1a: Kingambit|86/100
|-damage|p1b: Delphox|0 fnt
|faint|p1b: Delphox
|
|upkeep
|
|t:|1785356030
|switch|p1b: Incineroar|Incineroar, L50, F|29/100
|-status|p1b: Incineroar|tox
|-ability|p1b: Incineroar|Intimidate|boost
|-unboost|p2a: Garchomp|atk|1
|turn|12
|
|t:|1785356034
|move|p2a: Garchomp|Protect|p2a: Garchomp
|-singleturn|p2a: Garchomp|Protect
|move|p1b: Incineroar|Fake Out|p2a: Garchomp
|-activate|p2a: Garchomp|move: Protect
|move|p1a: Kingambit|Swords Dance|p1a: Kingambit
|-boost|p1a: Kingambit|atk|2
|
|-damage|p1b: Incineroar|23/100 tox|[from] psn
|upkeep
|turn|13
|
|t:|1785356045
|move|p2a: Garchomp|Protect|p2a: Garchomp
|-singleturn|p2a: Garchomp|Protect
|move|p1a: Kingambit|Sucker Punch||[still]
|-fail|p1a: Kingambit
|move|p1b: Incineroar|Parting Shot|p2a: Garchomp
|-activate|p2a: Garchomp|move: Protect
|
|-damage|p1b: Incineroar|11/100 tox|[from] psn
|upkeep
|turn|14
|
|t:|1785356050
|move|p1a: Kingambit|Sucker Punch|p2a: Garchomp
|-damage|p2a: Garchomp|0 fnt
|-damage|p1a: Kingambit|74/100|[from] ability: Rough Skin|[of] p2a: Garchomp
|faint|p2a: Garchomp
|
|win|tizio20
|c|â˜†Gottkomplexe|gg
|c|â˜†tizio20|gg
|c| Vividedenne|Ggwp
|c|â˜†Gottkomplexe|tailwind would end up huge
|c|â˜†tizio20|yeah
|c| Vividedenne|Go in Ur next rounds
|c|â˜†tizio20|I was scared of it
|c| Vividedenne|Gl*
|l| Vividedenne
|c|â˜†tizio20|you reported the match wrong
|l|â˜†Gottkomplexe
|player|p2|
|j|â˜†Gottkomplexe
|player|p2|Gottkomplexe|ilima|
|c|â˜†Gottkomplexe|omg
|c|â˜†Gottkomplexe|sorry
|c|â˜†Gottkomplexe|haha
|j| Vividedenne
|l| Vividedenne
