|j|☆alexander1111
|j|☆TheMMalt
|html|alexander1111TheMMalt    
|uhtml|bestof|Game 1 of a best-of-3
|t:|1783818353
|gametype|doubles
|player|p1|alexander1111|preschooler|1151
|player|p2|TheMMalt|doctor|1236
|gen|9
|tier|[Gen 9 Champions] VGC 2026 Reg M-B (Bo3)
|rated|
|rule|Species Clause: Limit one of each Pokémon
|rule|Item Clause: Limit 1 of each item
|clearpoke
|poke|p1|Milotic, L50, F|
|poke|p1|Maushold-Four, L50|
|poke|p1|Charizard, L50, M, shiny|
|poke|p1|Whimsicott, L50, M, shiny|
|poke|p1|Kingambit, L50, M|
|poke|p1|Garchomp, L50, F|
|poke|p2|Pyroar, L50, M|
|poke|p2|Torkoal, L50, F|
|poke|p2|Farigiraf, L50, M|
|poke|p2|Scrafty, L50, F|
|poke|p2|Sneasler, L50, F, shiny|
|poke|p2|Kingambit, L50, F|
|teampreview|4
|showteam|p1|Milotic||SitrusBerry|Competitive|Scald,IceBeam,HelpingHand,Protect|Modest||F|||50|]Maushold-Four||WideLens|Technician|PopulationBomb,FollowMe,Protect,SunnyDay|Jolly|||||50|]Charizard||CharizarditeY|Blaze|SolarBeam,HeatWave,WeatherBall,Protect|Timid||M|||50|]Whimsicott||FocusSash|Prankster|Tailwind,Moonblast,Protect,Encore|Timid||M|||50|]Kingambit||ChopleBerry|Defiant|KowtowCleave,SuckerPunch,IronHead,LowKick|Adamant||M|||50|]Garchomp||LifeOrb|RoughSkin|RockSlide,Earthquake,DragonClaw,Protect|Jolly||F|||50|
|showteam|p2|Pyroar||Pyroarite|Unnerve|HeatWave,Overheat,Flamethrower,Protect|Timid||M|||50|]Torkoal||Leftovers|Drought|HeatWave,Yawn,HelpingHand,Protect|Bold||F|||50|]Farigiraf||SitrusBerry|ArmorTail|Protect,Thunderbolt,TrickRoom,Psychic|Relaxed||M|||50|]Scrafty||Scraftinite|Intimidate|FakeOut,IcePunch,DrainPunch,KnockOff|Adamant||F|||50|]Sneasler||LifeOrb|PoisonTouch|PoisonJab,RockSlide,CloseCombat,Protect|Adamant||F|||50|]Kingambit||FocusSash|Defiant|Protect,SuckerPunch,LowKick,KowtowCleave|Adamant||F|||50|
|
|t:|1783818389
|teamsize|p1|4
|teamsize|p2|4
|start
|switch|p1a: Garchomp|Garchomp, L50, F|100/100
|switch|p1b: Milotic|Milotic, L50, F|100/100
|switch|p2a: Sneasler|Sneasler, L50, F, shiny|100/100
|switch|p2b: Pyroar|Pyroar, L50, M|100/100
|-ability|p2b: Pyroar|Unnerve
|turn|1
|
|t:|1783818411
|move|p2b: Pyroar|Protect|p2b: Pyroar
|-singleturn|p2b: Pyroar|Protect
|move|p2a: Sneasler|Close Combat|p1b: Milotic
|-damage|p1b: Milotic|16/100
|-unboost|p2a: Sneasler|def|1
|-unboost|p2a: Sneasler|spd|1
|-damage|p2a: Sneasler|90/100|[from] item: Life Orb
|move|p1a: Garchomp|Earthquake|p2a: Sneasler|[spread] p1b,p2a
|-activate|p2b: Pyroar|move: Protect
|-supereffective|p2a: Sneasler|1
|-damage|p1b: Milotic|0 fnt
|-damage|p2a: Sneasler|0 fnt
|faint|p1b: Milotic
|faint|p2a: Sneasler
|-damage|p1a: Garchomp|90/100|[from] item: Life Orb
|
|upkeep
|
|t:|1783818425
|switch|p2a: Torkoal|Torkoal, L50, F|100/100
|switch|p1b: Charizard|Charizard, L50, M, shiny|100/100
|-weather|SunnyDay|[from] ability: Drought|[of] p2a: Torkoal
|turn|2
|
|t:|1783818441
|detailschange|p2b: Pyroar|Pyroar-Mega, L50, M
|-mega|p2b: Pyroar|Pyroar|Pyroarite
|detailschange|p1b: Charizard|Charizard-Mega-Y, L50, M, shiny
|-mega|p1b: Charizard|Charizard|Charizardite Y
|move|p2a: Torkoal|Helping Hand|p2b: Pyroar
|-singleturn|p2b: Pyroar|Helping Hand|[of] p2a: Torkoal
|move|p2b: Pyroar|Overheat|p1a: Garchomp
|-resisted|p1a: Garchomp|1
|-damage|p1a: Garchomp|0 fnt
|-unboost|p2b: Pyroar|spa|2
|faint|p1a: Garchomp
|move|p1b: Charizard|Weather Ball|p2a: Torkoal
|-resisted|p2a: Torkoal|1
|-damage|p2a: Torkoal|37/100
|
|-weather|SunnyDay|[upkeep]
|-heal|p2a: Torkoal|44/100|[from] item: Leftovers
|upkeep
|
|t:|1783818455
|switch|p1a: Kingambit|Kingambit, L50, M|100/100
|turn|3
|
|t:|1783818483
|move|p2a: Torkoal|Helping Hand|p2b: Pyroar
|-singleturn|p2b: Pyroar|Helping Hand|[of] p2a: Torkoal
|move|p1a: Kingambit|Sucker Punch|p2b: Pyroar
|-damage|p2b: Pyroar|47/100
|move|p2b: Pyroar|Heat Wave|p1a: Kingambit|[spread] p1b
|-miss|p2b: Pyroar|p1a: Kingambit
|-resisted|p1b: Charizard|1
|-damage|p1b: Charizard|69/100
|move|p1b: Charizard|Heat Wave|p2b: Pyroar|[spread] p2a,p2b
|-resisted|p2a: Torkoal|1
|-resisted|p2b: Pyroar|1
|-damage|p2a: Torkoal|1/100
|-damage|p2b: Pyroar|7/100
|
|-weather|SunnyDay|[upkeep]
|-heal|p2a: Torkoal|6/100|[from] item: Leftovers
|upkeep
|turn|4
|
|t:|1783818506
|move|p1a: Kingambit|Sucker Punch|p2b: Pyroar
|-damage|p2b: Pyroar|0 fnt
|faint|p2b: Pyroar
|move|p1b: Charizard|Heat Wave|p2a: Torkoal
|-resisted|p2a: Torkoal|1
|-damage|p2a: Torkoal|0 fnt
|faint|p2a: Torkoal
|
|-weather|SunnyDay|[upkeep]
|upkeep
|
|t:|1783818507
|switch|p2b: Kingambit|Kingambit, L50, F|100/100
|turn|5
|
|t:|1783818513
|move|p2b: Kingambit|Sucker Punch|p1b: Charizard
|-damage|p1b: Charizard|16/100
|move|p1b: Charizard|Weather Ball|p2b: Kingambit
|-supereffective|p2b: Kingambit|1
|-enditem|p2b: Kingambit|Focus Sash
|-damage|p2b: Kingambit|1/100
|move|p1a: Kingambit|Low Kick|p2b: Kingambit
|-supereffective|p2b: Kingambit|2
|-damage|p2b: Kingambit|0 fnt
|faint|p2b: Kingambit
|
|win|alexander1111
||TheMMalt is ready for game 2.
||alexander1111 is ready for game 2.
|uhtml|next|Next: Game 2 of 3
|l|☆TheMMalt
|player|p2|
