|j|☆Sasori07
|j|☆sturmkitten69
|html|Sasori07sturmkitten69    
|uhtml|bestof|Game 3 of a best-of-3
|t:|1782441330
|gametype|doubles
|player|p1|Sasori07|volkner|1187
|player|p2|sturmkitten69|fisherman-gen4|1166
|gen|9
|tier|[Gen 9 Champions] VGC 2026 Reg M-B (Bo3)
|rated|
|rule|Species Clause: Limit one of each Pokémon
|rule|Item Clause: Limit 1 of each item
|clearpoke
|poke|p1|Talonflame, L50, M|
|poke|p1|Rotom-Wash, L50|
|poke|p1|Froslass, L50, F|
|poke|p1|Glimmora, L50, M|
|poke|p1|Kingambit, L50, F|
|poke|p1|Garchomp, L50, F|
|poke|p2|Whimsicott, L50, F|
|poke|p2|Torkoal, L50, M|
|poke|p2|Farigiraf, L50, F, shiny|
|poke|p2|Charizard, L50, F|
|poke|p2|Kingambit, L50, F|
|poke|p2|Garchomp, L50, F|
|teampreview|4
|showteam|p1|Talonflame|||GaleWings|Acrobatics,Tailwind,FlareBlitz,Protect|Jolly||M|||50|]Rotom-Wash||Magnet|Levitate|Thunderbolt,HydroPump,WillOWisp,Protect|Modest|||||50|]Froslass||Froslassite|SnowCloak|Blizzard,ShadowBall,AuroraVeil,Protect|Timid||F|||50|]Glimmora||Glimmoranite|ToxicDebris|PowerGem,SludgeBomb,EarthPower,SpikyShield|Timid||M|||50|]Kingambit||ChopleBerry|Defiant|KowtowCleave,SuckerPunch,LowKick,Protect|Adamant||F|||50|]Garchomp||LumBerry|RoughSkin|DragonClaw,Earthquake,SwordsDance,Protect|Jolly||F|||50|
|showteam|p2|Whimsicott||FocusSash|Prankster|Encore,Moonblast,Protect,Tailwind|Modest||F|||50|]Torkoal||Charcoal|Drought|Eruption,EarthPower,Protect,HeatWave|Modest||M|||50|]Farigiraf||ColburBerry|ArmorTail|Psychic,Thunderbolt,HelpingHand,TrickRoom|Bold||F|||50|]Charizard||CharizarditeY|Blaze|HeatWave,SolarBeam,WeatherBall,Protect|Modest||F|||50|]Kingambit||BlackGlasses|Defiant|KowtowCleave,SuckerPunch,Protect,IronHead|Adamant||F|||50|]Garchomp||LifeOrb|SandVeil|RockSlide,Earthquake,Protect,DragonClaw|Adamant||F|||50|
|
|t:|1782441362
|teamsize|p1|4
|teamsize|p2|4
|start
|switch|p1a: Kingambit|Kingambit, L50, F|100/100
|switch|p1b: Froslass|Froslass, L50, F|100/100
|switch|p2a: Whimsicott|Whimsicott, L50, F|100/100
|switch|p2b: Charizard|Charizard, L50, F|100/100
|turn|1
|
|t:|1782441396
|switch|p1a: Glimmora|Glimmora, L50, M|100/100
|detailschange|p1b: Froslass|Froslass-Mega, L50, F
|-mega|p1b: Froslass|Froslass|Froslassite
|-weather|Snowscape|[from] ability: Snow Warning|[of] p1b: Froslass
|detailschange|p2b: Charizard|Charizard-Mega-Y, L50, F
|-mega|p2b: Charizard|Charizard|Charizardite Y
|-weather|SunnyDay|[from] ability: Drought|[of] p2b: Charizard
|move|p1b: Froslass|Protect|p1b: Froslass
|-singleturn|p1b: Froslass|Protect
|move|p2a: Whimsicott|Tailwind|p2a: Whimsicott
|-sidestart|p2: sturmkitten69|move: Tailwind
|move|p2b: Charizard|Heat Wave|p1a: Glimmora|[spread] p1a
|-activate|p1b: Froslass|move: Protect
|-resisted|p1a: Glimmora|1
|-damage|p1a: Glimmora|59/100
|
|-weather|SunnyDay|[upkeep]
|upkeep
|turn|2
|
|t:|1782441428
|switch|p1b: Rotom|Rotom-Wash, L50|100/100
|move|p2a: Whimsicott|Moonblast|p1a: Glimmora
|-resisted|p1a: Glimmora|1
|-damage|p1a: Glimmora|35/100
|move|p2b: Charizard|Heat Wave|p1b: Rotom|[spread] p1a,p1b
|-resisted|p1a: Glimmora|1
|-resisted|p1b: Rotom|1
|-damage|p1a: Glimmora|0 fnt
|-damage|p1b: Rotom|67/100
|faint|p1a: Glimmora
|
|-weather|SunnyDay|[upkeep]
|upkeep
|
|t:|1782441437
|switch|p1a: Froslass|Froslass-Mega, L50, F|100/100
|-weather|Snowscape|[from] ability: Snow Warning|[of] p1a: Froslass
|turn|3
|
|t:|1782441445
|switch|p2b: Torkoal|Torkoal, L50, M|100/100
|-weather|SunnyDay|[from] ability: Drought|[of] p2b: Torkoal
|move|p2a: Whimsicott|Moonblast|p1b: Rotom
|-damage|p1b: Rotom|27/100
|move|p1a: Froslass|Blizzard|p2b: Torkoal|[spread] p2b
|-miss|p1a: Froslass|p2a: Whimsicott
|-resisted|p2b: Torkoal|1
|-damage|p2b: Torkoal|71/100
|move|p1b: Rotom|Thunderbolt|p2a: Whimsicott
|-resisted|p2a: Whimsicott|1
|-damage|p2a: Whimsicott|59/100
|
|-weather|SunnyDay|[upkeep]
|upkeep
|turn|4
|
|t:|1782441468
|move|p2a: Whimsicott|Moonblast|p1b: Rotom
|-damage|p1b: Rotom|0 fnt
|faint|p1b: Rotom
|move|p1a: Froslass|Blizzard|p2b: Torkoal|[spread] p2a,p2b
|-supereffective|p2a: Whimsicott|1
|-resisted|p2b: Torkoal|1
|-damage|p2a: Whimsicott|0 fnt
|-damage|p2b: Torkoal|42/100
|faint|p2a: Whimsicott
|move|p2b: Torkoal|Heat Wave|p1a: Froslass|[miss]
|-miss|p2b: Torkoal|p1a: Froslass
|
|-weather|SunnyDay|[upkeep]
|-sideend|p2: sturmkitten69|move: Tailwind
|upkeep
|
|t:|1782441484
|switch|p2a: Farigiraf|Farigiraf, L50, F, shiny|100/100
|switch|p1b: Kingambit|Kingambit, L50, F|100/100
|turn|5
|
|t:|1782441491
|move|p2b: Torkoal|Protect|p2b: Torkoal
|-singleturn|p2b: Torkoal|Protect
|move|p1a: Froslass|Shadow Ball|p2b: Torkoal
|-activate|p2b: Torkoal|move: Protect
|move|p1b: Kingambit|Kowtow Cleave|p2a: Farigiraf
|-supereffective|p2a: Farigiraf|1
|-enditem|p2a: Farigiraf|Colbur Berry|[eat]
|-enditem|p2a: Farigiraf|Colbur Berry|[weaken]
|-damage|p2a: Farigiraf|59/100
|move|p2a: Farigiraf|Trick Room|p2a: Farigiraf
|-fieldstart|move: Trick Room|[of] p2a: Farigiraf
|
|-weather|SunnyDay|[upkeep]
|upkeep
|turn|6
|
|t:|1782441504
|move|p2a: Farigiraf|Helping Hand|p2b: Torkoal
|-singleturn|p2b: Torkoal|Helping Hand|[of] p2a: Farigiraf
|move|p1b: Kingambit|Protect|p1b: Kingambit
|-singleturn|p1b: Kingambit|Protect
|move|p1a: Froslass|Protect|p1a: Froslass
|-singleturn|p1a: Froslass|Protect
|move|p2b: Torkoal|Eruption|p1a: Froslass|[spread] 
|-activate|p1a: Froslass|move: Protect
|-activate|p1b: Kingambit|move: Protect
|
|-weather|SunnyDay|[upkeep]
|upkeep
|turn|7
|
|t:|1782441520
|move|p2a: Farigiraf|Helping Hand|p2b: Torkoal
|-singleturn|p2b: Torkoal|Helping Hand|[of] p2a: Farigiraf
|move|p2b: Torkoal|Heat Wave|p1b: Kingambit|[spread] p1a,p1b
|-supereffective|p1a: Froslass|1
|-supereffective|p1b: Kingambit|1
|-damage|p1a: Froslass|0 fnt
|-damage|p1b: Kingambit|0 fnt
|faint|p1a: Froslass
|faint|p1b: Kingambit
|
|win|sturmkitten69
|raw|Sasori07's rating: 1187 → 1160(-27 for losing)
|raw|sturmkitten69's rating: 1166 → 1193(+27 for winning)
|c|☆sturmkitten69|gg
|l|☆Sasori07
|player|p1|
