|j|☆Its andreas tbh
|j|☆tearamizuu
|html|Its andreas tbhtearamizuu    
|uhtml|bestof|Game 2 of a best-of-3
|t:|1783765707
|gametype|doubles
|player|p1|Its andreas tbh|265|
|player|p2|tearamizuu|flannery|
|gen|9
|tier|[Gen 9 Champions] VGC 2026 Reg M-B (Bo3)
|rule|Species Clause: Limit one of each Pokémon
|rule|Item Clause: Limit 1 of each item
|clearpoke
|poke|p1|Klefki, L50, M|
|poke|p1|Abomasnow, L50, F|
|poke|p1|Sinistcha, L50|
|poke|p1|Oranguru, L50, F|
|poke|p1|Rampardos, L50, F|
|poke|p1|Politoed, L50, M|
|poke|p2|Farigiraf, L50, M|
|poke|p2|Houndoom, L50, F|
|poke|p2|Overqwil, L50, M|
|poke|p2|Drampa, L50, M|
|poke|p2|Whimsicott, L50, F|
|poke|p2|Chesnaught, L50, F|
|teampreview|4
|showteam|p1|Klefki||LightClay|Prankster|LightScreen,Reflect,RainDance,DazzlingGleam|Calm||M|||50|]Abomasnow||Abomasite|SnowWarning|Blizzard,GigaDrain,EarthPower,Protect|Quiet||F|||50|]Sinistcha||SitrusBerry|Hospitality|MatchaGotcha,LifeDew,Protect,TrickRoom|Relaxed|||||50|]Oranguru||MentalHerb|InnerFocus|TrickRoom,Instruct,Protect,Taunt|Calm||F|||50|]Rampardos||LifeOrb|SheerForce|RockSlide,Crunch,IronHead,Protect|Brave||F|||50|]Politoed||MysticWater|Drizzle|MuddyWater,WeatherBall,IceBeam,Protect|Quiet||M|||50|
|showteam|p2|Farigiraf||SitrusBerry|ArmorTail|HelpingHand,Imprison,PsychicFangs,TrickRoom|Adamant||M|||50|]Houndoom||Houndoominite|FlashFire|Protect,HeatWave,Taunt,SolarBeam|Timid||F|||50|]Overqwil||ShucaBerry|PoisonPoint|PoisonJab,Protect,Crunch,Liquidation|Adamant||M|||50|]Drampa||Drampanite|CloudNine|Protect,EarthPower,HydroPump,DracoMeteor|Quiet||M|||50|]Whimsicott||FocusSash|Prankster|GrassyTerrain,EnergyBall,Protect,SunnyDay|Modest||F|||50|]Chesnaught||Leftovers|Bulletproof|Roar,BrickBreak,WideGuard,GrassyGlide|Adamant||F|||50|
|inactive|Battle timer is ON: inactive players will automatically lose when time's up. (requested by tearamizuu)
|inactive|tearamizuu has 60 seconds left.
|
|t:|1783765767
|teamsize|p1|4
|teamsize|p2|4
|start
|switch|p1a: Abomasnow|Abomasnow, L50, F|100/100
|switch|p1b: Oranguru|Oranguru, L50, F|100/100
|switch|p2a: Chesnaught|Chesnaught, L50, F|100/100
|switch|p2b: Farigiraf|Farigiraf, L50, M|100/100
|-weather|Snowscape|[from] ability: Snow Warning|[of] p1a: Abomasnow
|turn|1
|c|☆Its andreas tbh|Adamant farig???
|inactive|Its andreas tbh has 30 seconds left.
|inactive|tearamizuu has 30 seconds left.
|inactive|tearamizuu has 20 seconds left.
|inactive|tearamizuu has 15 seconds left.
|inactive|tearamizuu has 10 seconds left.
|
|t:|1783765817
|detailschange|p1a: Abomasnow|Abomasnow-Mega, L50, F
|-mega|p1a: Abomasnow|Abomasnow|Abomasite
|move|p2a: Chesnaught|Wide Guard|p2a: Chesnaught
|-singleturn|p2a: Chesnaught|Wide Guard
|move|p1b: Oranguru|Taunt|p2b: Farigiraf
|-start|p2b: Farigiraf|move: Taunt
|cant|p2b: Farigiraf|move: Taunt|Imprison
|move|p1a: Abomasnow|Blizzard|p2a: Chesnaught|[spread] 
|-activate|p2a: Chesnaught|move: Wide Guard
|-activate|p2b: Farigiraf|move: Wide Guard
|
|-weather|Snowscape|[upkeep]
|upkeep
|turn|2
|
|t:|1783765846
|switch|p2b: Houndoom|Houndoom, L50, F|100/100
|move|p1b: Oranguru|Taunt|p2a: Chesnaught
|-start|p2a: Chesnaught|move: Taunt
|move|p1a: Abomasnow|Blizzard|p2a: Chesnaught|[spread] p2a,p2b
|-supereffective|p2a: Chesnaught|1
|-resisted|p2b: Houndoom|1
|-damage|p2a: Chesnaught|8/100
|-damage|p2b: Houndoom|69/100
|cant|p2a: Chesnaught|move: Taunt|Roar
|
|-weather|Snowscape|[upkeep]
|-heal|p2a: Chesnaught|13/100|[from] item: Leftovers
|upkeep
|turn|3
|inactive|tearamizuu has 30 seconds left.
|inactive|tearamizuu has 20 seconds left.
|inactive|tearamizuu has 15 seconds left.
|inactive|tearamizuu has 10 seconds left.
|inactive|tearamizuu has 5 seconds left.
|
|t:|1783765901
|switch|p2a: Farigiraf|Farigiraf, L50, M|100/100
|move|p1a: Abomasnow|Protect|p1a: Abomasnow
|-singleturn|p1a: Abomasnow|Protect
|move|p2b: Houndoom|Taunt|p1b: Oranguru
|-start|p1b: Oranguru|move: Taunt
|-enditem|p1b: Oranguru|Mental Herb
|-end|p1b: Oranguru|move: Taunt
|move|p1b: Oranguru|Trick Room|p1b: Oranguru
|-fieldstart|move: Trick Room|[of] p1b: Oranguru
|
|-weather|Snowscape|[upkeep]
|upkeep
|turn|4
|
|t:|1783765925
|move|p2b: Houndoom|Protect|p2b: Houndoom
|-singleturn|p2b: Houndoom|Protect
|move|p1a: Abomasnow|Earth Power|p2b: Houndoom
|-activate|p2b: Houndoom|move: Protect
|move|p1b: Oranguru|Taunt|p2a: Farigiraf
|-start|p2a: Farigiraf|move: Taunt
|cant|p2a: Farigiraf|move: Taunt|Trick Room
|
|-weather|Snowscape|[upkeep]
|upkeep
|turn|5
|c|☆tearamizuu|bro wtf
|c|☆tearamizuu|are we speed tying?
|c|☆tearamizuu|vno way
|inactive|tearamizuu has 30 seconds left.
|
|t:|1783765958
|switch|p2a: Drampa|Drampa, L50, M|100/100
|-ability|p2a: Drampa|Cloud Nine
|switch|p2b: Chesnaught|Chesnaught, L50, F|13/100
|move|p1a: Abomasnow|Earth Power|p2b: Chesnaught
|-resisted|p2b: Chesnaught|1
|-damage|p2b: Chesnaught|0 fnt
|faint|p2b: Chesnaught
|move|p1b: Oranguru|Instruct|p1a: Abomasnow
|-singleturn|p1a: Abomasnow|move: Instruct|[of] p1b: Oranguru
|move|p1a: Abomasnow|Earth Power|p2a: Drampa
|-damage|p2a: Drampa|62/100
|
|-weather|none
|upkeep
|
|t:|1783765962
|switch|p2b: Farigiraf|Farigiraf, L50, M|100/100
|turn|6
|c|☆Its andreas tbh|Trick room always goes last
|
|t:|1783765987
|detailschange|p2a: Drampa|Drampa-Mega, L50, M
|-mega|p2a: Drampa|Drampa|Drampanite
|move|p2b: Farigiraf|Helping Hand|p2a: Drampa
|-singleturn|p2a: Drampa|Helping Hand|[of] p2b: Farigiraf
|move|p1a: Abomasnow|Blizzard|p2a: Drampa|[spread] p2a,p2b
|-supereffective|p2a: Drampa|1
|-damage|p2a: Drampa|0 fnt
|-damage|p2b: Farigiraf|57/100
|faint|p2a: Drampa
|move|p1b: Oranguru|Taunt|p2b: Farigiraf
|-start|p2b: Farigiraf|move: Taunt
|
|upkeep
|
|t:|1783765993
|switch|p2a: Houndoom|Houndoom, L50, F|69/100
|turn|7
|inactive|Its andreas tbh has 30 seconds left.
|
|t:|1783766024
|switch|p1a: Politoed|Politoed, L50, M|100/100
|-weather|RainDance|[from] ability: Drizzle|[of] p1a: Politoed
|move|p2a: Houndoom|Protect|p2a: Houndoom
|-singleturn|p2a: Houndoom|Protect
|move|p2b: Farigiraf|Psychic Fangs|p1a: Politoed
|-damage|p1a: Politoed|64/100
|move|p1b: Oranguru|Taunt|p2a: Houndoom
|-activate|p2a: Houndoom|move: Protect
|
|-weather|RainDance|[upkeep]
|-fieldend|move: Trick Room
|upkeep
|turn|8
|-message|tearamizuu forfeited.
|
|win|Its andreas tbh
|l|☆tearamizuu
|player|p2|
|j|☆tearamizuu
|player|p2|tearamizuu|flannery|
|c|☆Its andreas tbh|ggs
