|j|☆RauSakura
|j|☆NJBDarkrai
|html|RauSakuraNJBDarkrai    
|uhtml|bestof|Game 1 of a best-of-3
|t:|1786010946
|gametype|doubles
|player|p1|RauSakura|#rausakura|
|player|p2|NJBDarkrai|170|
|gen|9
|tier|[Gen 9 Champions] VGC 2026 Reg M-B (Bo3)
|rule|Species Clause: Limit one of each Pokémon
|rule|Item Clause: Limit 1 of each item
|clearpoke
|poke|p1|Staraptor, L50, M|
|poke|p1|Arcanine-Hisui, L50, M|
|poke|p1|Kingambit, L50, M|
|poke|p1|Sylveon, L50, M|
|poke|p1|Raichu, L50, F|
|poke|p1|Farigiraf, L50, M|
|poke|p2|Gengar, L50, F|
|poke|p2|Vivillon-Pokeball, L50, M|
|poke|p2|Incineroar, L50, F|
|poke|p2|Swampert, L50, M|
|poke|p2|Archaludon, L50, M|
|poke|p2|Politoed, L50, F|
|teampreview|4
|showteam|p1|Staraptor||Staraptite|Intimidate|DualWingbeat,CloseCombat,Tailwind,Protect|Jolly||M|||50|]Arcanine-Hisui||FocusSash|RockHead|FlareBlitz,HeadSmash,ExtremeSpeed,Protect|Jolly||M|||50|]Kingambit||LifeOrb|Defiant|KowtowCleave,SuckerPunch,SwordsDance,Protect|Adamant||M|||50|]Sylveon||FairyFeather|Pixilate|HyperVoice,HyperBeam,QuickAttack,Detect|Modest||M|||50|]Raichu||RaichuniteY|LightningRod|ZapCannon,FocusBlast,FakeOut,Protect|Timid||F|||50|]Farigiraf||SitrusBerry|ArmorTail|Psychic,HelpingHand,TrickRoom,Protect|Calm||M|||50|
|showteam|p2|Gengar||Gengarite|CursedBody|ShadowBall,SludgeBomb,PerishSong,Protect|Timid||F|||50|]Vivillon-Pokeball||FocusSash|CompoundEyes|SleepPowder,RagePowder,Hurricane,Protect|Timid||M|||50|]Incineroar||PasshoBerry|Intimidate|FakeOut,ThroatChop,PartingShot,Protect|Sassy||F|||50|]Swampert||Swampertite|Damp|WaveCrash,Earthquake,IcePunch,Protect|Adamant||M|||50|]Archaludon||Leftovers|Stamina|FlashCannon,DragonPulse,ElectroShot,Protect|Modest||M|||50|]Politoed||SitrusBerry|Drizzle|WeatherBall,PerishSong,Encore,Protect|Calm||F|||50|
|c|☆RauSakura|glhf
|j| SamTabner
|c|☆NJBDarkrai|glhf!
|l| SamTabner
|j| Mawilemann
|
|t:|1786011108
|teamsize|p1|4
|teamsize|p2|4
|start
|switch|p1a: Staraptor|Staraptor, L50, M|100/100
|switch|p1b: Farigiraf|Farigiraf, L50, M|100/100
|switch|p2a: FÖR FORT|Swampert, L50, M|100/100
|switch|p2b: BLOMSTERTID|Vivillon-Pokeball, L50, M|100/100
|-ability|p1a: Staraptor|Intimidate|boost
|-unboost|p2a: FÖR FORT|atk|1
|-unboost|p2b: BLOMSTERTID|atk|1
|turn|1
|j| SamTabner
|
|t:|1786011151
|switch|p2b: NUMMER ETT|Archaludon, L50, M|100/100
|detailschange|p1a: Staraptor|Staraptor-Mega, L50, M
|-mega|p1a: Staraptor|Staraptor|Staraptite
|detailschange|p2a: FÖR FORT|Swampert-Mega, L50, M
|-mega|p2a: FÖR FORT|Swampert|Swampertite
|move|p1a: Staraptor|Dual Wingbeat|p2b: NUMMER ETT
|-resisted|p2b: NUMMER ETT|1
|-damage|p2b: NUMMER ETT|91/100
|-ability|p2b: NUMMER ETT|Stamina|boost
|-boost|p2b: NUMMER ETT|def|1
|-resisted|p2b: NUMMER ETT|1
|-damage|p2b: NUMMER ETT|86/100
|-ability|p2b: NUMMER ETT|Stamina|boost
|-boost|p2b: NUMMER ETT|def|1
|-hitcount|p2b: NUMMER ETT|2
|move|p2a: FÖR FORT|Ice Punch|p1a: Staraptor
|-supereffective|p1a: Staraptor|1
|-damage|p1a: Staraptor|57/100
|move|p1b: Farigiraf|Trick Room|p1b: Farigiraf
|-fieldstart|move: Trick Room|[of] p1b: Farigiraf
|
|-heal|p2b: NUMMER ETT|92/100|[from] item: Leftovers
|upkeep
|turn|2
|
|t:|1786011215
|switch|p1b: Sylveon|Sylveon, L50, M|100/100
|switch|p2a: Som En Stjärna|Politoed, L50, F|100/100
|-weather|RainDance|[from] ability: Drizzle|[of] p2a: Som En Stjärna
|switch|p1a: Kingambit|Kingambit, L50, M|100/100
|move|p2b: NUMMER ETT|Electro Shot||[still]
|-prepare|p2b: NUMMER ETT|Electro Shot
|-boost|p2b: NUMMER ETT|spa|1
|-anim|p2b: NUMMER ETT|Electro Shot|p1a: Kingambit
|-damage|p1a: Kingambit|37/100
|
|-weather|RainDance|[upkeep]
|-heal|p2b: NUMMER ETT|98/100|[from] item: Leftovers
|upkeep
|turn|3
|
|t:|1786011233
|move|p2b: NUMMER ETT|Protect|p2b: NUMMER ETT
|-singleturn|p2b: NUMMER ETT|Protect
|move|p1a: Kingambit|Kowtow Cleave|p2a: Som En Stjärna
|-damage|p2a: Som En Stjärna|38/100
|-enditem|p2a: Som En Stjärna|Sitrus Berry|[eat]
|-heal|p2a: Som En Stjärna|63/100|[from] item: Sitrus Berry
|-damage|p1a: Kingambit|28/100|[from] item: Life Orb
|move|p2a: Som En Stjärna|Weather Ball|p1a: Kingambit
|-damage|p1a: Kingambit|0 fnt
|faint|p1a: Kingambit
|move|p1b: Sylveon|Hyper Voice|p2b: NUMMER ETT|[spread] p2a
|-activate|p2b: NUMMER ETT|move: Protect
|-damage|p2a: Som En Stjärna|26/100
|
|-weather|RainDance|[upkeep]
|-heal|p2b: NUMMER ETT|100/100|[from] item: Leftovers
|upkeep
|j| Keith Jones
|
|t:|1786011250
|switch|p1a: Farigiraf|Farigiraf, L50, M|100/100
|turn|4
|
|t:|1786011289
|switch|p2b: BLOMSTERTID|Vivillon-Pokeball, L50, M|100/100
|move|p1a: Farigiraf|Helping Hand|p1b: Sylveon
|-singleturn|p1b: Sylveon|Helping Hand|[of] p1a: Farigiraf
|move|p2a: Som En Stjärna|Encore|p1a: Farigiraf
|-start|p1a: Farigiraf|Encore
|move|p1b: Sylveon|Hyper Voice|p2b: BLOMSTERTID|[spread] p2a,p2b
|-damage|p2a: Som En Stjärna|0 fnt
|-enditem|p2b: BLOMSTERTID|Focus Sash
|-damage|p2b: BLOMSTERTID|1/100
|faint|p2a: Som En Stjärna
|
|-weather|RainDance|[upkeep]
|upkeep
|
|t:|1786011297
|switch|p2a: NUMMER ETT|Archaludon, L50, M|100/100
|turn|5
|
|t:|1786011309
|move|p1a: Farigiraf|Helping Hand|p1b: Sylveon
|-singleturn|p1b: Sylveon|Helping Hand|[of] p1a: Farigiraf
|move|p2b: BLOMSTERTID|Protect|p2b: BLOMSTERTID
|-singleturn|p2b: BLOMSTERTID|Protect
|move|p1b: Sylveon|Hyper Voice|p2a: NUMMER ETT|[spread] p2a
|-activate|p2b: BLOMSTERTID|move: Protect
|-damage|p2a: NUMMER ETT|32/100
|-ability|p2a: NUMMER ETT|Stamina|boost
|-boost|p2a: NUMMER ETT|def|1
|move|p2a: NUMMER ETT|Electro Shot||[still]
|-prepare|p2a: NUMMER ETT|Electro Shot
|-boost|p2a: NUMMER ETT|spa|1
|-anim|p2a: NUMMER ETT|Electro Shot|p1a: Farigiraf
|-damage|p1a: Farigiraf|56/100
|
|-weather|RainDance|[upkeep]
|-heal|p2a: NUMMER ETT|38/100|[from] item: Leftovers
|-fieldend|move: Trick Room
|upkeep
|turn|6
|
|t:|1786011329
|move|p1a: Farigiraf|Helping Hand|p1b: Sylveon
|-singleturn|p1b: Sylveon|Helping Hand|[of] p1a: Farigiraf
|move|p1b: Sylveon|Quick Attack|p2b: BLOMSTERTID
|-crit|p2b: BLOMSTERTID
|-damage|p2b: BLOMSTERTID|0 fnt
|faint|p2b: BLOMSTERTID
|move|p2a: NUMMER ETT|Electro Shot||[still]
|-prepare|p2a: NUMMER ETT|Electro Shot
|-boost|p2a: NUMMER ETT|spa|1
|-anim|p2a: NUMMER ETT|Electro Shot|p1a: Farigiraf
|-damage|p1a: Farigiraf|0 fnt
|faint|p1a: Farigiraf
|
|-weather|none
|-heal|p2a: NUMMER ETT|44/100|[from] item: Leftovers
|upkeep
|l| Keith Jones
|
|t:|1786011340
|switch|p2b: FÖR FORT|Swampert-Mega, L50, M|100/100
|switch|p1a: Staraptor|Staraptor-Mega, L50, M|57/100
|turn|7
|
|t:|1786011369
|move|p1a: Staraptor|Tailwind|p1a: Staraptor
|-sidestart|p1: RauSakura|move: Tailwind
|move|p1b: Sylveon|Hyper Beam|p2b: FÖR FORT
|-damage|p2b: FÖR FORT|3/100
|-mustrecharge|p1b: Sylveon
|move|p2b: FÖR FORT|Ice Punch|p1a: Staraptor
|-supereffective|p1a: Staraptor|1
|-damage|p1a: Staraptor|0 fnt
|faint|p1a: Staraptor
|move|p2a: NUMMER ETT|Flash Cannon|p1b: Sylveon
|-supereffective|p1b: Sylveon|1
|-damage|p1b: Sylveon|0 fnt
|faint|p1b: Sylveon
|
|win|NJBDarkrai
||NJBDarkrai is ready for game 2.
||RauSakura is ready for game 2.
|uhtml|next|Next: Game 2 of 3
|j| shitmonleevgc
|l| Mawilemann
|l| SamTabner
|l| shitmonleevgc
|l|☆RauSakura
|player|p1|
