|j|☆Yusuf3000
|j|☆KingK0opa
|html|Yusuf3000KingK0opa    
|uhtml|bestof|Game 2 of a best-of-3
|t:|1784746441
|gametype|doubles
|player|p1|Yusuf3000|waiter-gen4|
|player|p2|KingK0opa|bugsy|
|gen|9
|tier|[Gen 9 Champions] VGC 2026 Reg M-B (Bo3)
|rule|Species Clause: Limit one of each Pokémon
|rule|Item Clause: Limit 1 of each item
|clearpoke
|poke|p1|Blaziken, L50, F|
|poke|p1|Kingambit, L50, M|
|poke|p1|Basculegion, L50, M|
|poke|p1|Venusaur, L50, M|
|poke|p1|Lycanroc-Dusk, L50, F|
|poke|p1|Ninetales-Alola, L50, M|
|poke|p2|Chimecho, L50, F|
|poke|p2|Mudsdale, L50, F|
|poke|p2|Farigiraf, L50, F|
|poke|p2|Vivillon, L50, F|
|poke|p2|Vanilluxe, L50, M|
|poke|p2|Scrafty, L50, F|
|teampreview|4
|showteam|p1|Blaziken||Blazikenite|SpeedBoost|FlareBlitz,CloseCombat,Protect,RockSlide|Adamant||F|||50|]Kingambit||LifeOrb|Defiant|KowtowCleave,Protect,IronHead,SuckerPunch|Adamant||M|||50|]Basculegion||ChoiceScarf|Adaptability|WaveCrash,FlipTurn,LastRespects,AquaJet|Jolly||M|||50|]Venusaur||Venusaurite|Chlorophyll|SleepPowder,LeafStorm,SludgeBomb,Protect|Modest||M|||50|]Lycanroc-Dusk||FocusSash|ToughClaws|RockSlide,Accelerock,CloseCombat,Protect|Jolly||F|||50|]Ninetales-Alola||NeverMeltIce|SnowWarning|FreezeDry,Blizzard,Protect,Encore|Timid||M|||50|
|showteam|p2|Chimecho||Chimechite|Levitate|Psychic,FlashCannon,CalmMind,TrickRoom|Quiet||F|||50|]Mudsdale||LifeOrb|InnerFocus|Earthquake,HighHorsepower,RockSlide,HeavySlam|Brave||F|||50|]Farigiraf||SitrusBerry|ArmorTail|PsychicNoise,Thunderbolt,TrickRoom,Protect|Relaxed||F|||50|]Vivillon||FocusSash|CompoundEyes|Hurricane,SleepPowder,RagePowder,Protect|Timid||F|||50|]Vanilluxe||NeverMeltIce|SnowWarning|Blizzard,FreezeDry,IceShard,Protect|Quiet||M|||50|]Scrafty||Scraftinite|Intimidate|FakeOut,CloseCombat,Crunch,IronHead|Brave||F|||50|
|inactive|Battle timer is ON: inactive players will automatically lose when time's up. (requested by KingK0opa)
|inactive|KingK0opa has 60 seconds left.
|
|t:|1784746491
|teamsize|p1|4
|teamsize|p2|4
|start
|switch|p1a: Kingambit|Kingambit, L50, M|100/100
|switch|p1b: Lycanroc|Lycanroc-Dusk, L50, F|100/100
|switch|p2a: Chimecho|Chimecho, L50, F|100/100
|switch|p2b: Vivillon|Vivillon, L50, F|100/100
|turn|1
|inactive|Yusuf3000 has 30 seconds left.
|
|t:|1784746516
|detailschange|p2a: Chimecho|Chimecho-Mega, L50, F
|-mega|p2a: Chimecho|Chimecho|Chimechite
|move|p1b: Lycanroc|Close Combat|p2a: Chimecho
|-damage|p2a: Chimecho|56/100
|-unboost|p1b: Lycanroc|def|1
|-unboost|p1b: Lycanroc|spd|1
|move|p2b: Vivillon|Sleep Powder|p1a: Kingambit
|-status|p1a: Kingambit|slp|[from] move: Sleep Powder
|cant|p1a: Kingambit|slp
|move|p2a: Chimecho|Trick Room|p2a: Chimecho
|-fieldstart|move: Trick Room|[of] p2a: Chimecho
|
|upkeep
|turn|2
|
|t:|1784746534
|switch|p2a: Mudsdale|Mudsdale, L50, F|100/100
|-curestatus|p1a: Kingambit|slp|[msg]
|move|p1a: Kingambit|Kowtow Cleave|p2a: Mudsdale
|-damage|p2a: Mudsdale|32/100
|-damage|p1a: Kingambit|90/100|[from] item: Life Orb
|move|p2b: Vivillon|Sleep Powder|p1b: Lycanroc
|-status|p1b: Lycanroc|slp|[from] move: Sleep Powder
|cant|p1b: Lycanroc|slp
|
|upkeep
|turn|3
|
|t:|1784746554
|move|p2b: Vivillon|Rage Powder|p2b: Vivillon
|-singleturn|p2b: Vivillon|move: Rage Powder
|move|p1a: Kingambit|Sucker Punch||[still]
|-fail|p1a: Kingambit
|move|p2a: Mudsdale|Earthquake|p1a: Kingambit|[spread] p1a,p1b
|-immune|p2b: Vivillon
|-supereffective|p1a: Kingambit|1
|-supereffective|p1b: Lycanroc|1
|-damage|p1a: Kingambit|7/100
|-enditem|p1b: Lycanroc|Focus Sash
|-damage|p1b: Lycanroc|1/100 slp
|-damage|p2a: Mudsdale|23/100|[from] item: Life Orb
|cant|p1b: Lycanroc|slp
|
|upkeep
|turn|4
|
|t:|1784746566
|move|p1a: Kingambit|Protect|p1a: Kingambit
|-singleturn|p1a: Kingambit|Protect
|-curestatus|p1b: Lycanroc|slp|[msg]
|move|p1b: Lycanroc|Protect|p1b: Lycanroc
|-singleturn|p1b: Lycanroc|Protect
|move|p2b: Vivillon|Rage Powder|p2b: Vivillon
|-singleturn|p2b: Vivillon|move: Rage Powder
|move|p2a: Mudsdale|Earthquake|p1b: Lycanroc|[spread] 
|-activate|p1a: Kingambit|move: Protect
|-activate|p1b: Lycanroc|move: Protect
|-immune|p2b: Vivillon
|
|upkeep
|turn|5
|
|t:|1784746574
|switch|p1a: Basculegion|Basculegion, L50, M|100/100
|move|p2b: Vivillon|Rage Powder|p2b: Vivillon
|-singleturn|p2b: Vivillon|move: Rage Powder
|move|p1b: Lycanroc|Accelerock|p2b: Vivillon
|-supereffective|p2b: Vivillon|2
|-enditem|p2b: Vivillon|Focus Sash
|-damage|p2b: Vivillon|1/100
|move|p2a: Mudsdale|Earthquake|p1a: Basculegion|[spread] p1a,p1b
|-immune|p2b: Vivillon
|-supereffective|p1b: Lycanroc|1
|-damage|p1a: Basculegion|31/100
|-damage|p1b: Lycanroc|0 fnt
|faint|p1b: Lycanroc
|-damage|p2a: Mudsdale|13/100|[from] item: Life Orb
|
|-fieldend|move: Trick Room
|upkeep
|
|t:|1784746587
|switch|p1b: Venusaur|Venusaur, L50, M|100/100
|turn|6
|
|t:|1784746601
|detailschange|p1b: Venusaur|Venusaur-Mega, L50, M
|-mega|p1b: Venusaur|Venusaur|Venusaurite
|move|p1a: Basculegion|Flip Turn|p2b: Vivillon
|-damage|p2b: Vivillon|0 fnt
|faint|p2b: Vivillon
|
|t:|1784746606
|switch|p1a: Kingambit|Kingambit, L50, M|7/100|[from] Flip Turn
|move|p1b: Venusaur|Sludge Bomb|p2a: Mudsdale
|-resisted|p2a: Mudsdale|1
|-damage|p2a: Mudsdale|0 fnt
|faint|p2a: Mudsdale
|
|upkeep
|
|t:|1784746609
|switch|p2b: Scrafty|Scrafty, L50, F|100/100
|switch|p2a: Chimecho|Chimecho-Mega, L50, F|56/100
|-ability|p2b: Scrafty|Intimidate|boost
|-unboost|p1a: Kingambit|atk|1
|-ability|p1a: Kingambit|Defiant|boost
|-boost|p1a: Kingambit|atk|2
|-unboost|p1b: Venusaur|atk|1
|turn|7
|
|t:|1784746620
|move|p2b: Scrafty|Fake Out|p1a: Kingambit
|-resisted|p1a: Kingambit|1
|-damage|p1a: Kingambit|2/100
|move|p1b: Venusaur|Sleep Powder|p2a: Chimecho
|-status|p2a: Chimecho|slp|[from] move: Sleep Powder
|cant|p1a: Kingambit|flinch
|cant|p2a: Chimecho|slp
|
|upkeep
|turn|8
|
|t:|1784746638
|move|p1b: Venusaur|Sleep Powder|p2b: Scrafty
|-status|p2b: Scrafty|slp|[from] move: Sleep Powder
|move|p1a: Kingambit|Kowtow Cleave|p2a: Chimecho
|-supereffective|p2a: Chimecho|1
|-damage|p2a: Chimecho|0 fnt
|faint|p2a: Chimecho
|-damage|p1a: Kingambit|0 fnt|[from] item: Life Orb
|faint|p1a: Kingambit
|cant|p2b: Scrafty|slp
|
|upkeep
|
|t:|1784746642
|switch|p1a: Basculegion|Basculegion, L50, M|31/100
|turn|9
|
|t:|1784746645
|move|p1a: Basculegion|Wave Crash|p2b: Scrafty
|-damage|p2b: Scrafty|31/100 slp
|-damage|p1a: Basculegion|11/100|[from] Recoil
|move|p1b: Venusaur|Sludge Bomb|p2b: Scrafty
|-damage|p2b: Scrafty|0 fnt
|faint|p2b: Scrafty
|
|win|Yusuf3000
||Yusuf3000 is ready for game 3.
||KingK0opa is ready for game 3.
|uhtml|next|Next: Game 3 of 3
