|j|☆Lorido
|j|☆Ninjacoox
|html|LoridoNinjacoox    
|uhtml|bestof|Game 2 of a best-of-3
|t:|1785093433
|gametype|doubles
|player|p1|Lorido|169|1284
|player|p2|Ninjacoox|2|1206
|gen|9
|tier|[Gen 9 Champions] VGC 2026 Reg M-B (Bo3)
|rated|
|rule|Species Clause: Limit one of each Pokémon
|rule|Item Clause: Limit 1 of each item
|clearpoke
|poke|p1|Aerodactyl, L50, M|
|poke|p1|Kingambit, L50, F|
|poke|p1|Sylveon, L50, M|
|poke|p1|Charizard, L50, F|
|poke|p1|Garchomp, L50, F|
|poke|p1|Farigiraf, L50, M|
|poke|p2|Glimmora, L50, F|
|poke|p2|Ninetales-Alola, L50, F|
|poke|p2|Talonflame, L50, F|
|poke|p2|Basculegion, L50, M|
|poke|p2|Kommo-o, L50, F|
|poke|p2|Kingambit, L50, F|
|teampreview|4
|showteam|p1|Aerodactyl||Aerodactylite|Unnerve|RockSlide,DualWingbeat,IceFang,Tailwind|Jolly||M|||50|]Kingambit||BlackGlasses|Defiant|KowtowCleave,IronHead,SuckerPunch,Protect|Adamant||F|||50|]Sylveon||FairyFeather|Pixilate|HyperVoice,QuickAttack,HyperBeam,Detect|Modest||M|||50|]Charizard||CharizarditeY|Blaze|HeatWave,WeatherBall,SolarBeam,Protect|Modest||F|||50|]Garchomp||LifeOrb|RoughSkin|DragonClaw,Earthquake,RockSlide,Protect|Jolly||F|||50|]Farigiraf||SitrusBerry|ArmorTail|TwinBeam,Thunderbolt,TrickRoom,HelpingHand|Relaxed||M|||50|
|showteam|p2|Glimmora||Glimmoranite|ToxicDebris|PowerGem,SludgeBomb,EarthPower,SpikyShield|Modest||F|||50|]Ninetales-Alola||NeverMeltIce|SnowWarning|Blizzard,FreezeDry,AuroraVeil,Protect|Timid||F|||50|]Talonflame||SharpBeak|GaleWings|DualWingbeat,FlareBlitz,Tailwind,QuickGuard|Jolly||F|||50|]Basculegion||ChoiceScarf|Adaptability|WaveCrash,AquaJet,FlipTurn,LastRespects|Jolly||M|||50|]Kommo-o||LifeOrb|Soundproof|ClangingScales,DracoMeteor,AuraSphere,Protect|Modest||F|||50|]Kingambit||FocusSash|Defiant|SuckerPunch,KowtowCleave,IronHead,LowKick|Adamant||F|||50|
|inactive|Battle timer is ON: inactive players will automatically lose when time's up. (requested by Lorido)
|
|t:|1785093449
|teamsize|p1|4
|teamsize|p2|4
|start
|switch|p1a: Aerodactyl|Aerodactyl, L50, M|100/100
|switch|p1b: Garchomp|Garchomp, L50, F|100/100
|switch|p2a: Kingambit|Kingambit, L50, F|100/100
|switch|p2b: Glimmora|Glimmora, L50, F|100/100
|-ability|p1a: Aerodactyl|Unnerve
|turn|1
|
|t:|1785093468
|detailschange|p1a: Aerodactyl|Aerodactyl-Mega, L50, M
|-mega|p1a: Aerodactyl|Aerodactyl|Aerodactylite
|move|p2b: Glimmora|Spiky Shield|p2b: Glimmora
|-singleturn|p2b: Glimmora|move: Protect
|move|p1a: Aerodactyl|Rock Slide|p2a: Kingambit|[spread] p2a
|-activate|p2b: Glimmora|move: Protect
|-resisted|p2a: Kingambit|1
|-damage|p2a: Kingambit|88/100
|move|p1b: Garchomp|Earthquake|p2a: Kingambit|[spread] p2a
|-activate|p2b: Glimmora|move: Protect
|-immune|p1a: Aerodactyl
|-supereffective|p2a: Kingambit|1
|-damage|p2a: Kingambit|0 fnt
|faint|p2a: Kingambit
|-damage|p1b: Garchomp|90/100|[from] item: Life Orb
|
|upkeep
|
|t:|1785093481
|switch|p2a: Basculegion|Basculegion, L50, M|100/100
|turn|2
|inactive|Lorido has 30 seconds left.
|inactive|Ninjacoox has 30 seconds left.
|j| monkeychese
|l| monkeychese
|inactive|Lorido has 20 seconds left.
|j| monkeychese
|
|t:|1785093519
|switch|p1a: Charizard|Charizard, L50, F|100/100
|switch|p2b: Talonflame|Talonflame, L50, F|100/100
|move|p2a: Basculegion|Wave Crash|p1a: Charizard
|-supereffective|p1a: Charizard|1
|-damage|p1a: Charizard|0 fnt
|faint|p1a: Charizard
|-damage|p2a: Basculegion|70/100|[from] Recoil
|move|p1b: Garchomp|Earthquake|p2a: Basculegion|[spread] p2a
|-immune|p2b: Talonflame
|-damage|p2a: Basculegion|4/100
|-damage|p1b: Garchomp|80/100|[from] item: Life Orb
|
|upkeep
|
|t:|1785093526
|switch|p1a: Sylveon|Sylveon, L50, M|100/100
|turn|3
|
|t:|1785093536
|move|p2b: Talonflame|Quick Guard|p2b: Talonflame
|-singleturn|p2b: Talonflame|Quick Guard
|move|p1a: Sylveon|Quick Attack|p2a: Basculegion
|-activate|p2a: Basculegion|move: Quick Guard
|move|p2a: Basculegion|Wave Crash|p1b: Garchomp
|-damage|p1b: Garchomp|3/100
|-damage|p2a: Basculegion|0 fnt|[from] ability: Rough Skin|[of] p1b: Garchomp
|faint|p2a: Basculegion
|move|p1b: Garchomp|Earthquake|p2b: Talonflame|[spread] p1a
|-immune|p2b: Talonflame
|-damage|p1a: Sylveon|52/100
|-damage|p1b: Garchomp|0 fnt|[from] item: Life Orb
|faint|p1b: Garchomp
|
|upkeep
|
|t:|1785093549
|switch|p1b: Aerodactyl|Aerodactyl-Mega, L50, M|100/100
|switch|p2a: Glimmora|Glimmora, L50, F|100/100
|turn|4
|
|t:|1785093567
|detailschange|p2a: Glimmora|Glimmora-Mega, L50, F
|-mega|p2a: Glimmora|Glimmora|Glimmoranite
|move|p2b: Talonflame|Tailwind|p2b: Talonflame
|-sidestart|p2: Ninjacoox|move: Tailwind
|move|p2a: Glimmora|Power Gem|p1b: Aerodactyl
|-supereffective|p1b: Aerodactyl|1
|-damage|p1b: Aerodactyl|0 fnt
|faint|p1b: Aerodactyl
|move|p1a: Sylveon|Hyper Voice|p2a: Glimmora|[spread] p2a,p2b
|-resisted|p2a: Glimmora|1
|-resisted|p2b: Talonflame|1
|-damage|p2a: Glimmora|73/100
|-damage|p2b: Talonflame|69/100
|
|upkeep
|turn|5
|
|t:|1785093579
|move|p2b: Talonflame|Quick Guard|p2b: Talonflame
|-singleturn|p2b: Talonflame|Quick Guard
|move|p2a: Glimmora|Sludge Bomb|p1a: Sylveon
|-supereffective|p1a: Sylveon|1
|-damage|p1a: Sylveon|0 fnt
|faint|p1a: Sylveon
|
|win|Ninjacoox
|raw|Lorido's rating: 1284 → 1253(-31 for losing)
|raw|Ninjacoox's rating: 1206 → 1237(+31 for winning)
|l|☆Lorido
|player|p1|
