|j|☆melon storme
|j|☆rokotroko
|html|melon stormerokotroko    
|uhtml|bestof|Game 1 of a best-of-3
|t:|1785881582
|gametype|doubles
|player|p1|melon storme|kieran-masters|1145
|player|p2|rokotroko|170|1123
|gen|9
|tier|[Gen 9 Champions] VGC 2026 Reg M-B (Bo3)
|rated|
|rule|Species Clause: Limit one of each Pokémon
|rule|Item Clause: Limit 1 of each item
|clearpoke
|poke|p1|Pyroar, L50, F|
|poke|p1|Aerodactyl, L50, M|
|poke|p1|Torkoal, L50, M|
|poke|p1|Vileplume, L50, M|
|poke|p1|Farigiraf, L50, F, shiny|
|poke|p1|Mawile, L50, F|
|poke|p2|Aerodactyl, L50, F|
|poke|p2|Tyranitar, L50, F|
|poke|p2|Whimsicott, L50, F|
|poke|p2|Dragapult, L50, M|
|poke|p2|Sylveon, L50, M|
|poke|p2|Metagross, L50|
|teampreview|4
|showteam|p1|Pyroar||Pyroarite|Rivalry|Taunt,HeatWave,Overheat,Protect|Timid||F|||50|]Aerodactyl||SitrusBerry|Unnerve|RockSlide,Tailwind,WideGuard,DualWingbeat|Jolly||M|||50|]Torkoal||Charcoal|Drought|Eruption,HeatWave,SolarBeam,Protect|Quiet||M|||50|]Vileplume||FocusSash|Chlorophyll|EnergyBall,SludgeBomb,AfterYou,SleepPowder|Timid||M|||50|]Farigiraf||Leftovers|ArmorTail|HyperVoice,Psychic,Protect,TrickRoom|Relaxed||F|||50|]Mawile||Mawilite|Intimidate|IronHead,PlayRough,SwordsDance,SuckerPunch|Sassy||F|||50|
|showteam|p2|Aerodactyl||Aerodactylite|Unnerve|RockSlide,IceFang,DualWingbeat,Protect|Jolly||F|||50|]Tyranitar||ChoiceScarf|SandStream|RockSlide,KnockOff,LowKick,HighHorsepower|Jolly||F|||50|]Whimsicott||FocusSash|Prankster|Encore,Tailwind,EnergyBall,Moonblast|Timid||F|||50|]Dragapult||LifeOrb|ClearBody|Protect,SuckerPunch,DragonDarts,PhantomForce|Jolly||M|||50|]Sylveon||FairyFeather|Pixilate|HyperBeam,QuickAttack,HyperVoice,Detect|Modest||M|||50|]Metagross||Metagrossite|ClearBody|Protect,IronHead,PsychicFangs,ThunderPunch|Adamant|||||50|
|inactive|Battle timer is ON: inactive players will automatically lose when time's up. (requested by rokotroko)
|inactive|rokotroko has 60 seconds left.
|
|t:|1785881652
|teamsize|p1|4
|teamsize|p2|4
|start
|switch|p1a: Can of Soup|Farigiraf, L50, F, shiny|100/100
|switch|p1b: Mahrukasha|Aerodactyl, L50, M|100/100
|switch|p2a: Metagross|Metagross, L50|100/100
|switch|p2b: Tyranitar|Tyranitar, L50, F|100/100
|-ability|p1b: Mahrukasha|Unnerve
|-weather|Sandstorm|[from] ability: Sand Stream|[of] p2b: Tyranitar
|turn|1
|inactive|melon storme has 30 seconds left.
|inactive|melon storme has 20 seconds left.
|
|t:|1785881688
|detailschange|p2a: Metagross|Metagross-Mega, L50
|-mega|p2a: Metagross|Metagross|Metagrossite
|move|p1a: Can of Soup|Protect|p1a: Can of Soup
|-singleturn|p1a: Can of Soup|Protect
|move|p1b: Mahrukasha|Rock Slide|p2a: Metagross|[spread] p2a
|-miss|p1b: Mahrukasha|p2b: Tyranitar
|-resisted|p2a: Metagross|1
|-damage|p2a: Metagross|91/100
|move|p2b: Tyranitar|Knock Off|p1a: Can of Soup
|-activate|p1a: Can of Soup|move: Protect
|move|p2a: Metagross|Iron Head|p1a: Can of Soup
|-activate|p1a: Can of Soup|move: Protect
|
|-weather|Sandstorm|[upkeep]
|-damage|p1a: Can of Soup|93/100|[from] Sandstorm
|-heal|p1a: Can of Soup|100/100|[from] item: Leftovers
|upkeep
|turn|2
|inactive|rokotroko has 30 seconds left.
|
|t:|1785881714
|switch|p1b: Groblodyte|Mawile, L50, F|100/100
|-ability|p1b: Groblodyte|Intimidate|boost
|-unboost|p2a: Metagross|atk|1
|-unboost|p2b: Tyranitar|atk|1
|move|p2b: Tyranitar|Knock Off|p1a: Can of Soup
|-supereffective|p1a: Can of Soup|1
|-damage|p1a: Can of Soup|43/100
|-enditem|p1a: Can of Soup|Leftovers|[from] move: Knock Off|[of] p2b: Tyranitar
|move|p2a: Metagross|Iron Head|p1a: Can of Soup
|-damage|p1a: Can of Soup|10/100
|move|p1a: Can of Soup|Trick Room|p1a: Can of Soup
|-fieldstart|move: Trick Room|[of] p1a: Can of Soup
|
|-weather|Sandstorm|[upkeep]
|-damage|p1a: Can of Soup|4/100|[from] Sandstorm
|upkeep
|turn|3
|
|t:|1785881733
|switch|p2b: Sylveon|Sylveon, L50, M|100/100
|detailschange|p1b: Groblodyte|Mawile-Mega, L50, F
|-mega|p1b: Groblodyte|Mawile|Mawilite
|move|p2a: Metagross|Protect|p2a: Metagross
|-singleturn|p2a: Metagross|Protect
|move|p1b: Groblodyte|Iron Head|p2b: Sylveon
|-supereffective|p2b: Sylveon|1
|-damage|p2b: Sylveon|0 fnt
|faint|p2b: Sylveon
|move|p1a: Can of Soup|Hyper Voice|p2a: Metagross
|-activate|p2a: Metagross|move: Protect
|
|-weather|Sandstorm|[upkeep]
|-damage|p1a: Can of Soup|0 fnt|[from] Sandstorm
|faint|p1a: Can of Soup
|upkeep
|
|t:|1785881751
|switch|p1a: Ghengas Khan|Torkoal, L50, M|100/100
|switch|p2b: Dragapult|Dragapult, L50, M|100/100
|-weather|SunnyDay|[from] ability: Drought|[of] p1a: Ghengas Khan
|turn|4
|
|t:|1785881765
|move|p2b: Dragapult|Sucker Punch|p1b: Groblodyte
|-resisted|p1b: Groblodyte|1
|-damage|p1b: Groblodyte|85/100
|-damage|p2b: Dragapult|90/100|[from] item: Life Orb
|move|p1a: Ghengas Khan|Eruption|p2a: Metagross|[spread] p2a,p2b
|-supereffective|p2a: Metagross|1
|-resisted|p2b: Dragapult|1
|-damage|p2a: Metagross|0 fnt
|-damage|p2b: Dragapult|29/100
|faint|p2a: Metagross
|move|p1b: Groblodyte|Iron Head|p2b: Dragapult
|-damage|p2b: Dragapult|0 fnt
|faint|p2b: Dragapult
|
|-weather|SunnyDay|[upkeep]
|upkeep
|
|t:|1785881778
|switch|p2b: Tyranitar|Tyranitar, L50, F|100/100
|-weather|Sandstorm|[from] ability: Sand Stream|[of] p2b: Tyranitar
|turn|5
|
|t:|1785881783
|switch|p1a: Mahrukasha|Aerodactyl, L50, M|100/100
|-ability|p1a: Mahrukasha|Unnerve
|move|p1b: Groblodyte|Iron Head|p2b: Tyranitar
|-supereffective|p2b: Tyranitar|1
|-damage|p2b: Tyranitar|0 fnt
|faint|p2b: Tyranitar
|
|win|melon storme
||melon storme is ready for game 2.
||rokotroko is ready for game 2.
|uhtml|next|Next: Game 2 of 3
|l|☆rokotroko
|player|p2|
