|j|☆Ribombees believer
|j|☆Mirokart 8 Deluxe
|html|Ribombees believerMirokart 8 Deluxe    
|uhtml|bestof|Game 2 of a best-of-3
|t:|1757690949
|gametype|doubles
|player|p1|Ribombees believer|skier|1477
|player|p2|Mirokart 8 Deluxe|169|1429
|gen|9
|tier|[Gen 9] VGC 2025 Reg H (Bo3)
|rated|
|rule|Species Clause: Limit one of each Pokémon
|rule|Item Clause: Limit 1 of each item
|clearpoke
|poke|p1|Dondozo, L50, F|
|poke|p1|Tatsugiri, L50, M|
|poke|p1|Indeedee, L50, M|
|poke|p1|Dragapult, L50, F|
|poke|p1|Ribombee, L50, M|
|poke|p1|Gholdengo, L50|
|poke|p2|Rillaboom, L50, M|
|poke|p2|Kingambit, L50, M|
|poke|p2|Dragapult, L50, M|
|poke|p2|Sneasler, L50, F|
|poke|p2|Primarina, L50, F|
|poke|p2|Electabuzz, L50, F|
|teampreview|4
|showteam|p1|Dondozo||Leftovers|Unaware|WaveCrash,Earthquake,OrderUp,Protect|||F|||50|,,,,,Grass]Tatsugiri||ChoiceScarf|Commander|MuddyWater,DracoMeteor,DragonPulse,TeraBlast|||M|||50|,,,,,Fairy]Indeedee||FocusSash|PsychicSurge|ExpandingForce,TeraBlast,HyperVoice,Protect|||M|||50|,,,,,Fighting]Dragapult||ChoiceBand|ClearBody|DragonDarts,Outrage,PhantomForce,Uturn|||F|||50|,,,,,Dragon]Ribombee||ChoiceSpecs|ShieldDust|Moonblast,PollenPuff,DazzlingGleam,TeraBlast|||M|||50|,,,,,Ground]Gholdengo||LifeOrb|GoodasGold|MakeItRain,ShadowBall,Thunderbolt,Protect||||||50|,,,,,Water
|showteam|p2|Rillaboom||AssaultVest|GrassySurge|FakeOut,GrassyGlide,WoodHammer,HighHorsepower|||M|||50|,,,,,Fire]Kingambit||SafetyGoggles|Defiant|KowtowCleave,SuckerPunch,SwordsDance,Protect|||M|||50|,,,,,Ghost]Dragapult||ChoiceBand|ClearBody|DragonDarts,Outrage,Uturn,PhantomForce|||M|||50|,,,,,Dragon]Sneasler||FocusSash|Unburden|DireClaw,CloseCombat,FakeOut,Protect|||F|||50|,,,,,Stellar]Primarina||ThroatSpray|LiquidVoice|HyperVoice,Moonblast,Haze,Protect|||F|||50|,,,,,Poison]Electabuzz||Eviolite|VitalSpirit|FollowMe,Taunt,Electroweb,Protect|||F|||50|,,,,,Fairy
|inactive|Battle timer is ON: inactive players will automatically lose when time's up. (requested by Ribombees believer)
|
|t:|1757690968
|teamsize|p1|4
|teamsize|p2|4
|start
|switch|p1a: Main Character|Ribombee, L50, M|100/100
|switch|p1b: Gholdengo|Gholdengo, L50|100/100
|switch|p2a: Primarina|Primarina, L50, F|100/100
|switch|p2b: Electabuzz|Electabuzz, L50, F|100/100
|turn|1
|
|t:|1757690989
|move|p2b: Electabuzz|Protect|p2b: Electabuzz
|-singleturn|p2b: Electabuzz|Protect
|move|p2a: Primarina|Protect|p2a: Primarina
|-singleturn|p2a: Primarina|Protect
|move|p1a: Main Character|Moonblast|p2b: Electabuzz
|-activate|p2b: Electabuzz|move: Protect
|move|p1b: Gholdengo|Shadow Ball|p2b: Electabuzz
|-activate|p2b: Electabuzz|move: Protect
|
|upkeep
|turn|2
|
|t:|1757691007
|move|p1a: Main Character|Moonblast|p2b: Electabuzz
|-damage|p2b: Electabuzz|56/100
|-unboost|p2b: Electabuzz|spa|1
|move|p2b: Electabuzz|Electroweb|p1b: Gholdengo|[spread] p1a,p1b
|-damage|p1a: Main Character|87/100
|-damage|p1b: Gholdengo|92/100
|-unboost|p1b: Gholdengo|spe|1
|move|p2a: Primarina|Hyper Voice|p1a: Main Character|[spread] p1a,p1b
|-damage|p1a: Main Character|25/100
|-damage|p1b: Gholdengo|55/100
|-enditem|p2a: Primarina|Throat Spray
|-boost|p2a: Primarina|spa|1|[from] item: Throat Spray
|move|p1b: Gholdengo|Make It Rain|p2b: Electabuzz|[spread] p2a,p2b
|-resisted|p2b: Electabuzz
|-damage|p2a: Primarina|50/100
|-damage|p2b: Electabuzz|34/100
|-unboost|p1b: Gholdengo|spa|1
|-damage|p1b: Gholdengo|45/100|[from] item: Life Orb
|
|upkeep
|turn|3
|inactive|Mirokart 8 Deluxe has 30 seconds left.
|inactive|Mirokart 8 Deluxe has 20 seconds left.
|
|t:|1757691042
|-terastallize|p2a: Primarina|Poison
|move|p2b: Electabuzz|Protect|p2b: Electabuzz
|-singleturn|p2b: Electabuzz|Protect
|move|p1a: Main Character|Moonblast|p2a: Primarina
|-resisted|p2a: Primarina
|-damage|p2a: Primarina|25/100
|move|p2a: Primarina|Hyper Voice|p1b: Gholdengo|[spread] p1a,p1b
|-crit|p1b: Gholdengo
|-damage|p1a: Main Character|0 fnt
|-damage|p1b: Gholdengo|0 fnt
|faint|p1a: Main Character
|faint|p1b: Gholdengo
|
|upkeep
|
|t:|1757691052
|switch|p1a: ilaunchmybro|Dragapult, L50, F|100/100
|switch|p1b: Indeedee|Indeedee, L50, M|100/100
|-fieldstart|move: Psychic Terrain|[from] ability: Psychic Surge|[of] p1b: Indeedee
|turn|4
|
|t:|1757691070
|switch|p2a: Rillaboom|Rillaboom, L50, M|100/100
|-fieldstart|move: Grassy Terrain|[from] ability: Grassy Surge|[of] p2a: Rillaboom
|move|p2b: Electabuzz|Follow Me|p2b: Electabuzz
|-singleturn|p2b: Electabuzz|move: Follow Me
|move|p1a: ilaunchmybro|Dragon Darts|p2b: Electabuzz
|-damage|p2b: Electabuzz|0 fnt
|faint|p2b: Electabuzz
|move|p1b: Indeedee|Expanding Force|p2a: Rillaboom
|-damage|p2a: Rillaboom|73/100
|
|-heal|p2a: Rillaboom|79/100|[from] Grassy Terrain
|upkeep
|
|t:|1757691083
|switch|p2b: Sneasler|Sneasler, L50, F|100/100
|turn|5
|
|t:|1757691096
|move|p1b: Indeedee|Protect|p1b: Indeedee
|-singleturn|p1b: Indeedee|Protect
|move|p1a: ilaunchmybro|Dragon Darts|p2b: Sneasler
|-damage|p2b: Sneasler|35/100
|-anim|p1a: ilaunchmybro|Dragon Darts|p2a: Rillaboom
|-damage|p2a: Rillaboom|38/100
|move|p2b: Sneasler|Dire Claw|p1a: ilaunchmybro
|-resisted|p1a: ilaunchmybro
|-damage|p1a: ilaunchmybro|71/100
|move|p2a: Rillaboom|High Horsepower|p1a: ilaunchmybro
|-damage|p1a: ilaunchmybro|24/100
|
|-heal|p1a: ilaunchmybro|30/100|[from] Grassy Terrain
|-heal|p2b: Sneasler|41/100|[from] Grassy Terrain
|-heal|p2a: Rillaboom|44/100|[from] Grassy Terrain
|upkeep
|turn|6
|
|t:|1757691115
|move|p2a: Rillaboom|Grassy Glide|p1a: ilaunchmybro
|-resisted|p1a: ilaunchmybro
|-damage|p1a: ilaunchmybro|5/100
|move|p1a: ilaunchmybro|Dragon Darts|p2a: Rillaboom
|-damage|p2a: Rillaboom|8/100
|-anim|p1a: ilaunchmybro|Dragon Darts|p2b: Sneasler
|-damage|p2b: Sneasler|0 fnt
|faint|p2b: Sneasler
|move|p1b: Indeedee|Hyper Voice|p2a: Rillaboom
|-damage|p2a: Rillaboom|0 fnt
|faint|p2a: Rillaboom
|
|-heal|p1a: ilaunchmybro|11/100|[from] Grassy Terrain
|upkeep
|
|t:|1757691119
|switch|p2b: Primarina|Primarina, L50, F, tera:Poison|25/100
|turn|7
|
|t:|1757691131
|move|p1a: ilaunchmybro|Dragon Darts|p2b: Primarina
|-damage|p2b: Primarina|0 fnt
|faint|p2b: Primarina
|
|win|Ribombees believer
||Mirokart 8 Deluxe is ready for game 3.
|inactive|Ribombees believer has 30 seconds to confirm battle start!
||Ribombees believer is ready for game 3.
|uhtml|next|Next: Game 3 of 3
