|j|☆Awammy
|j|☆PROTROLLAX
|html|AwammyPROTROLLAX    
|uhtml|bestof|Game 1 of a best-of-3
|t:|1782648108
|gametype|doubles
|player|p1|Awammy|colress|1076
|player|p2|PROTROLLAX|lance|1020
|gen|9
|tier|[Gen 9 Champions] VGC 2026 Reg M-B (Bo3)
|rated|
|rule|Species Clause: Limit one of each Pokémon
|rule|Item Clause: Limit 1 of each item
|clearpoke
|poke|p1|Pelipper, L50, F|
|poke|p1|Swampert, L50, F|
|poke|p1|Grimmsnarl, L50, M, shiny|
|poke|p1|Archaludon, L50, M, shiny|
|poke|p1|Mawile, L50, F, shiny|
|poke|p1|Glimmora, L50, M, shiny|
|poke|p2|Swampert, L50, F|
|poke|p2|Pelipper, L50, F|
|poke|p2|Archaludon, L50, F|
|poke|p2|Sinistcha, L50|
|poke|p2|Metagross, L50|
|poke|p2|Cofagrigus, L50, F|
|teampreview|4
|showteam|p1|Pelipper||DampRock|Drizzle|WeatherBall,Hurricane,Tailwind,Protect|Modest||F|||50|]Swampert||Swampertite|Damp|WaveCrash,Earthquake,Protect,IcePunch|Adamant||F|||50|]Grimmsnarl||LightClay|Prankster|FoulPlay,PartingShot,Reflect,LightScreen|Bold||M|||50|]Archaludon||Leftovers|Stamina|ElectroShot,DracoMeteor,AuraSphere,Protect|Modest||M|||50|]Mawile||Mawilite|Intimidate|PlayRough,SuckerPunch,Protect,IronHead|Brave||F|||50|]Glimmora||FocusSash|ToxicDebris|PowerGem,SludgeBomb,SpikyShield,EnergyBall|Timid||M|||50|
|showteam|p2|Swampert||Swampertite|Damp|Earthquake,WaveCrash,IcePunch,Protect|Jolly||F|||50|]Pelipper||FocusSash|Drizzle|Hurricane,WideGuard,Protect,MuddyWater|Bold||F|||50|]Archaludon||Leftovers|Stamina|Protect,ElectroShot,DracoMeteor,AuraSphere|Modest||F|||50|]Sinistcha||SitrusBerry|Hospitality|MatchaGotcha,LifeDew,RagePowder,Protect|Relaxed|||||50|]Metagross||Metagrossite|ClearBody|PsychicFangs,IronHead,BulletPunch,Protect|Jolly|||||50|]Cofagrigus||ColburBerry|Mummy|ShadowBall,AllySwitch,Protect,DestinyBond|Bold||F|||50|
|c|☆PROTROLLAX|Meeooow
|c|☆PROTROLLAX|Colress hurry up
|inactive|Battle timer is ON: inactive players will automatically lose when time's up. (requested by PROTROLLAX)
|inactive|Awammy has 60 seconds left.
|
|t:|1782648229
|teamsize|p1|4
|teamsize|p2|4
|start
|switch|p1a: Grimmsnarl|Grimmsnarl, L50, M, shiny|100/100
|switch|p1b: Pelipper|Pelipper, L50, F|100/100
|switch|p2a: Swampert|Swampert, L50, F|100/100
|switch|p2b: Metagross|Metagross, L50|100/100
|-weather|RainDance|[from] ability: Drizzle|[of] p1b: Pelipper
|turn|1
|inactiveoff|Battle timer is now OFF.
|inactive|Battle timer is ON: inactive players will automatically lose when time's up. (requested by Awammy)
|
|t:|1782648266
|switch|p1b: Archaludon|Archaludon, L50, M, shiny|100/100
|detailschange|p2a: Swampert|Swampert-Mega, L50, F
|-mega|p2a: Swampert|Swampert|Swampertite
|move|p2b: Metagross|Bullet Punch|p1a: Grimmsnarl
|-supereffective|p1a: Grimmsnarl|1
|-crit|p1a: Grimmsnarl
|-damage|p1a: Grimmsnarl|34/100
|move|p1a: Grimmsnarl|Reflect|p1a: Grimmsnarl
|-sidestart|p1: Awammy|Reflect
|move|p2a: Swampert|Wave Crash|p1a: Grimmsnarl
|-damage|p1a: Grimmsnarl|0 fnt
|faint|p1a: Grimmsnarl
|-damage|p2a: Swampert|87/100|[from] Recoil
|
|-weather|RainDance|[upkeep]
|upkeep
|
|t:|1782648282
|switch|p1a: Swampert|Swampert, L50, F|100/100
|turn|2
|
|t:|1782648294
|switch|p2b: Pelipper|Pelipper, L50, F|100/100
|detailschange|p1a: Swampert|Swampert-Mega, L50, F
|-mega|p1a: Swampert|Swampert|Swampertite
|move|p2a: Swampert|Earthquake|p1a: Swampert|[spread] p1a,p1b
|-immune|p2b: Pelipper
|-supereffective|p1b: Archaludon|1
|-damage|p1a: Swampert|75/100
|-damage|p1b: Archaludon|58/100
|-ability|p1b: Archaludon|Stamina|boost
|-boost|p1b: Archaludon|def|1
|move|p1a: Swampert|Wave Crash|p2a: Swampert
|-damage|p2a: Swampert|0 fnt
|faint|p2a: Swampert
|-damage|p1a: Swampert|50/100y|[from] Recoil
|move|p1b: Archaludon|Electro Shot||[still]
|-prepare|p1b: Archaludon|Electro Shot
|-boost|p1b: Archaludon|spa|1
|-anim|p1b: Archaludon|Electro Shot|p2b: Pelipper
|-supereffective|p2b: Pelipper|2
|-enditem|p2b: Pelipper|Focus Sash
|-damage|p2b: Pelipper|1/100
|
|-weather|RainDance|[upkeep]
|-heal|p1b: Archaludon|64/100|[from] item: Leftovers
|upkeep
|inactive|PROTROLLAX has 30 seconds left.
|
|t:|1782648320
|switch|p2a: Archaludon|Archaludon, L50, F|100/100
|turn|3
|
|t:|1782648341
|move|p2b: Pelipper|Wide Guard|p2b: Pelipper
|-singleturn|p2b: Pelipper|Wide Guard
|move|p1a: Swampert|Wave Crash|p2b: Pelipper
|-resisted|p2b: Pelipper|1
|-damage|p2b: Pelipper|0 fnt
|faint|p2b: Pelipper
|-damage|p1a: Swampert|49/100|[from] Recoil
|move|p1b: Archaludon|Draco Meteor|p2a: Archaludon
|-crit|p2a: Archaludon
|-damage|p2a: Archaludon|0 fnt
|-unboost|p1b: Archaludon|spa|2
|faint|p2a: Archaludon
|
|-weather|RainDance|[upkeep]
|-heal|p1b: Archaludon|70/100|[from] item: Leftovers
|upkeep
|
|t:|1782648354
|switch|p2a: Metagross|Metagross, L50|100/100
|turn|4
|
|t:|1782648363
|move|p1b: Archaludon|Protect|p1b: Archaludon
|-singleturn|p1b: Archaludon|Protect
|move|p1a: Swampert|Earthquake|p2a: Metagross|[spread] p2a
|-activate|p1b: Archaludon|move: Protect
|-supereffective|p2a: Metagross|1
|-damage|p2a: Metagross|22/100
|move|p2a: Metagross|Psychic Fangs|p1a: Swampert
|-sideend|p1: Awammy|Reflect
|-damage|p1a: Swampert|14/100
|
|-weather|RainDance|[upkeep]
|-heal|p1b: Archaludon|77/100|[from] item: Leftovers
|upkeep
|turn|5
|
|t:|1782648374
|move|p2a: Metagross|Bullet Punch|p1a: Swampert
|-resisted|p1a: Swampert|1
|-damage|p1a: Swampert|5/100
|move|p1a: Swampert|Wave Crash|p2a: Metagross
|-damage|p2a: Metagross|0 fnt
|faint|p2a: Metagross
|-damage|p1a: Swampert|0 fnt|[from] Recoil
|faint|p1a: Swampert
|
|win|Awammy
