|j|☆Calabria_Fan
|j|☆Bergmann VGC
|html|Calabria_FanBergmann VGC    
|uhtml|bestof|Game 2 of a best-of-3
|t:|1755530852
|gametype|doubles
|player|p1|Calabria_Fan|266|1219
|player|p2|Bergmann VGC|roark|1231
|gen|9
|tier|[Gen 9] VGC 2025 Reg H (Bo3)
|rated|
|rule|Species Clause: Limit one of each Pokémon
|rule|Item Clause: Limit 1 of each item
|clearpoke
|poke|p1|Sinistcha, L50|
|poke|p1|Incineroar, L50, F|
|poke|p1|Pelipper, L50, F|
|poke|p1|Ursaluna, L50, M|
|poke|p1|Archaludon, L50, F|
|poke|p1|Dragonite, L50, M|
|poke|p2|Charizard, L50, F|
|poke|p2|Torkoal, L50, M|
|poke|p2|Porygon2, L50|
|poke|p2|Incineroar, L50, M|
|poke|p2|Jumpluff, L50, M|
|poke|p2|Ursaluna, L50, F|
|teampreview|4
|showteam|p1|Sinistcha||SitrusBerry|Hospitality|MatchaGotcha,LifeDew,RagePowder,TrickRoom||||||50|,,,,,Dark]Incineroar||SafetyGoggles|Intimidate|FlareBlitz,KnockOff,PartingShot,FakeOut|||F|||50|,,,,,Ghost]Pelipper||FocusSash|Drizzle|WeatherBall,Hurricane,Tailwind,Protect|||F|||50|,,,,,Ghost]Ursaluna||FlameOrb|Guts|Facade,HeadlongRush,Earthquake,Protect|||M|||50|,,,,,Ghost]Archaludon||AssaultVest|Stamina|FlashCannon,BodyPress,ElectroShot,DracoMeteor|||F|||50|,,,,,Bug]Dragonite||LoadedDice|Multiscale|ScaleShot,Tailwind,Haze,Protect|||M|||50|,,,,,Fairy
|showteam|p2|Charizard||ChoiceSpecs|SolarPower|HeatWave,Overheat,WeatherBall,AirSlash|||F|||50|,,,,,Ghost]Torkoal||EjectPack|Drought|Eruption,Overheat,HelpingHand,Protect|||M|||50|,,,,,Fire]Porygon2||Eviolite|Download|TeraBlast,IceBeam,Recover,TrickRoom||||||50|,,,,,Fighting]Incineroar||SafetyGoggles|Intimidate|FlareBlitz,KnockOff,FakeOut,PartingShot|||M|||50|,,,,,Ghost]Jumpluff||CovertCloak|Chlorophyll|SleepPowder,SunnyDay,RagePowder,Tailwind|||M|||50|,,,,,Water]Ursaluna||FlameOrb|Guts|HeadlongRush,Facade,Earthquake,Protect|||F|||50|,,,,,Ghost
|inactive|Battle timer is ON: inactive players will automatically lose when time's up. (requested by Bergmann VGC)
|
|t:|1755530910
|teamsize|p1|4
|teamsize|p2|4
|start
|switch|p1a: Incineroar|Incineroar, L50, F|100/100
|switch|p1b: Dragonite|Dragonite, L50, M|100/100
|switch|p2a: Ryo|Torkoal, L50, M|100/100
|switch|p2b: Jumpluff|Jumpluff, L50, M|100/100
|-ability|p1a: Incineroar|Intimidate|boost
|-unboost|p2a: Ryo|atk|1
|-unboost|p2b: Jumpluff|atk|1
|-weather|SunnyDay|[from] ability: Drought|[of] p2a: Ryo
|-enditem|p2a: Ryo|Eject Pack
|
|t:|1755530921
|switch|p2a: Incineroar|Incineroar, L50, M|100/100
|-ability|p2a: Incineroar|Intimidate|boost
|-unboost|p1a: Incineroar|atk|1
|-unboost|p1b: Dragonite|atk|1
|turn|1
|
|t:|1755530944
|move|p1b: Dragonite|Protect|p1b: Dragonite
|-singleturn|p1b: Dragonite|Protect
|move|p2a: Incineroar|Fake Out|p1a: Incineroar
|-damage|p1a: Incineroar|90/100
|move|p2b: Jumpluff|Sleep Powder|p1b: Dragonite
|-activate|p1b: Dragonite|move: Protect
|cant|p1a: Incineroar|flinch
|
|-weather|SunnyDay|[upkeep]
|upkeep
|turn|2
|inactive|Calabria_Fan has 30 seconds left.
|inactive|Bergmann VGC has 30 seconds left.
|inactive|Calabria_Fan has 20 seconds left.
|inactive|Bergmann VGC has 20 seconds left.
|inactive|Calabria_Fan has 15 seconds left.
|inactive|Bergmann VGC has 15 seconds left.
|inactive|Calabria_Fan has 10 seconds left.
|
|t:|1755530992
|move|p2b: Jumpluff|Tailwind|p2b: Jumpluff
|-sidestart|p2: Bergmann VGC|move: Tailwind
|move|p2a: Incineroar|Knock Off|p1b: Dragonite
|-damage|p1b: Dragonite|74/100
|-enditem|p1b: Dragonite|Loaded Dice|[from] move: Knock Off|[of] p2a: Incineroar
|move|p1b: Dragonite|Tailwind|p1b: Dragonite
|-sidestart|p1: Calabria_Fan|move: Tailwind
|move|p1a: Incineroar|Parting Shot|p2a: Incineroar
|-unboost|p2a: Incineroar|atk|1
|-unboost|p2a: Incineroar|spa|1
|
|t:|1755531003
|switch|p1a: Ursaluna|Ursaluna, L50, M|100/100|[from] Parting Shot
|
|-weather|SunnyDay|[upkeep]
|-status|p1a: Ursaluna|brn|[from] item: Flame Orb
|upkeep
|turn|3
|inactive|Calabria_Fan has 30 seconds left.
|inactive|Bergmann VGC has 30 seconds left.
|inactive|Bergmann VGC has 20 seconds left.
|
|t:|1755531039
|move|p1b: Dragonite|Protect|p1b: Dragonite
|-singleturn|p1b: Dragonite|Protect
|move|p2b: Jumpluff|Rage Powder|p2b: Jumpluff
|-singleturn|p2b: Jumpluff|move: Rage Powder
|move|p2a: Incineroar|Parting Shot|p1a: Ursaluna
|-unboost|p1a: Ursaluna|atk|1
|-unboost|p1a: Ursaluna|spa|1
|
|t:|1755531046
|switch|p2a: Charizard|Charizard, L50, F, shiny|100/100|[from] Parting Shot
|move|p1a: Ursaluna|Facade|p2b: Jumpluff
|-damage|p2b: Jumpluff|0 fnt
|faint|p2b: Jumpluff
|
|-weather|SunnyDay|[upkeep]
|-damage|p2a: Charizard|88/100|[from] ability: Solar Power|[of] p2a: Charizard
|-damage|p1a: Ursaluna|95/100 brn|[from] brn
|upkeep
|
|t:|1755531052
|switch|p2b: Incineroar|Incineroar, L50, M|100/100
|-ability|p2b: Incineroar|Intimidate|boost
|-unboost|p1a: Ursaluna|atk|1
|-unboost|p1b: Dragonite|atk|1
|turn|4
|inactive|Calabria_Fan has 30 seconds left.
|inactive|Calabria_Fan has 20 seconds left.
|inactive|Calabria_Fan has 15 seconds left.
|
|t:|1755531094
|switch|p1b: Incineroar|Incineroar, L50, F|90/100
|-ability|p1b: Incineroar|Intimidate|boost
|-unboost|p2a: Charizard|atk|1
|-unboost|p2b: Incineroar|atk|1
|switch|p2b: Ryo|Torkoal, L50, M|100/100
|switch|p1a: Pelipper|Pelipper, L50, F|100/100
|-weather|RainDance|[from] ability: Drizzle|[of] p1a: Pelipper
|move|p2a: Charizard|Heat Wave|p1b: Incineroar|[spread] p1a,p1b
|-resisted|p1a: Pelipper
|-resisted|p1b: Incineroar
|-damage|p1a: Pelipper|79/100
|-damage|p1b: Incineroar|78/100
|
|-weather|RainDance|[upkeep]
|upkeep
|turn|5
|inactive|Calabria_Fan has 30 seconds left.
|inactive|Bergmann VGC has 30 seconds left.
|inactive|Calabria_Fan has 20 seconds left.
|inactive|Bergmann VGC has 20 seconds left.
|inactive|Bergmann VGC has 15 seconds left.
|
|t:|1755531135
|switch|p2a: Incineroar|Incineroar, L50, M|100/100
|-ability|p2a: Incineroar|Intimidate|boost
|-unboost|p1a: Pelipper|atk|1
|-unboost|p1b: Incineroar|atk|1
|move|p2b: Ryo|Protect|p2b: Ryo
|-singleturn|p2b: Ryo|Protect
|move|p1a: Pelipper|Weather Ball|p2a: Incineroar
|-supereffective|p2a: Incineroar
|-damage|p2a: Incineroar|0 fnt
|faint|p2a: Incineroar
|move|p1b: Incineroar|Parting Shot|p2b: Ryo
|-activate|p2b: Ryo|move: Protect
|
|-weather|RainDance|[upkeep]
|-sideend|p1: Calabria_Fan|move: Tailwind
|-sideend|p2: Bergmann VGC|move: Tailwind
|upkeep
|
|t:|1755531144
|switch|p2a: Charizard|Charizard, L50, F, shiny|88/100
|turn|6
|inactive|Calabria_Fan has 30 seconds left.
|
|t:|1755531169
|move|p1a: Pelipper|Protect|p1a: Pelipper
|-singleturn|p1a: Pelipper|Protect
|move|p2a: Charizard|Air Slash|p1a: Pelipper
|-activate|p1a: Pelipper|move: Protect
|move|p1b: Incineroar|Parting Shot|p2a: Charizard
|-unboost|p2a: Charizard|atk|1
|-unboost|p2a: Charizard|spa|1
|
|t:|1755531175
|switch|p1b: Dragonite|Dragonite, L50, M|74/100|[from] Parting Shot
|move|p2b: Ryo|Overheat|p1b: Dragonite
|-resisted|p1b: Dragonite
|-damage|p1b: Dragonite|59/100
|-unboost|p2b: Ryo|spa|2
|
|-weather|RainDance|[upkeep]
|upkeep
|turn|7
|-message|Bergmann VGC forfeited.
|
|win|Calabria_Fan
|raw|Calabria_Fan's rating: 1219 → 1245(+26 for winning)
|raw|Bergmann VGC's rating: 1231 → 1205(-26 for losing)
