|j|☆bartcr0987
|j|☆ShuroroA
|html|bartcr0987ShuroroA    
|uhtml|bestof|Game 1 of a best-of-3
|t:|1756487714
|gametype|doubles
|player|p1|bartcr0987|lance|
|player|p2|ShuroroA|101|
|gen|9
|tier|[Gen 9] VGC 2025 Reg H (Bo3)
|rule|Species Clause: Limit one of each Pokémon
|rule|Item Clause: Limit 1 of each item
|clearpoke
|poke|p1|Kingambit, L50, M|
|poke|p1|Electabuzz, L50, M|
|poke|p1|Sneasler, L50, M|
|poke|p1|Ursaluna-Bloodmoon, L50, M|
|poke|p1|Dragonite, L50, M|
|poke|p1|Rillaboom, L50, F|
|poke|p2|Dragonite, L50, M|
|poke|p2|Clefable, L50, F|
|poke|p2|Dondozo, L50, F|
|poke|p2|Annihilape, L50, F|
|poke|p2|Kingambit, L50, F|
|poke|p2|Tatsugiri, L50, M|
|teampreview|4
|showteam|p1|Kingambit||DreadPlate|Defiant|KowtowCleave,SuckerPunch,SwordsDance,Protect|||M|||50|,,,,,Dark]Electabuzz||Eviolite|VitalSpirit|Electroweb,FollowMe,Taunt,Protect|||M|||50|,,,,,Fairy]Sneasler||FocusSash|Unburden|CloseCombat,DireClaw,FakeOut,Protect|||M|||50|,,,,,Stellar]Ursaluna-Bloodmoon||LifeOrb|MindsEye|BloodMoon,HyperVoice,EarthPower,Protect|||M|||50|,,,,,Ghost]Dragonite||LoadedDice|Multiscale|ScaleShot,Haze,Protect,Tailwind|||M|||50|,,,,,Fairy]Rillaboom||AssaultVest|GrassySurge|FakeOut,GrassyGlide,WoodHammer,HighHorsepower|||F|||50|,,,,,Fire
|showteam|p2|Dragonite||AssaultVest|InnerFocus|StompingTantrum,ExtremeSpeed,IceSpinner,TeraBlast|||M|||50|,,,,,Flying]Clefable||SafetyGoggles|Unaware|Moonblast,Protect,HelpingHand,FollowMe|||F|||50|,,,,,Steel]Dondozo||Leftovers|Unaware|Earthquake,WaveCrash,Protect,OrderUp|||F|||50|,,,,,Grass]Annihilape||ChoiceScarf|Defiant|FinalGambit,CloseCombat,Coaching,Uturn|||F|||50|,,,,,Grass]Kingambit||BlackGlasses|Defiant|Protect,SuckerPunch,IronHead,KowtowCleave|||F|||50|,,,,,Dark]Tatsugiri||FocusSash|Commander|DracoMeteor,Protect,Taunt,MuddyWater|||M|||50|,,,,,Steel
|inactive|Battle timer is ON: inactive players will automatically lose when time's up. (requested by bartcr0987)
|inactive|ShuroroA has 60 seconds left.
|
|t:|1756487800
|teamsize|p1|4
|teamsize|p2|4
|start
|switch|p1a: Sneasler|Sneasler, L50, M, shiny|100/100
|switch|p1b: Dragonite|Dragonite, L50, M|100/100
|switch|p2a: Kingambit|Kingambit, L50, F|100/100
|switch|p2b: Clefable|Clefable, L50, F|100/100
|turn|1
|inactive|ShuroroA has 30 seconds left.
|inactive|ShuroroA has 20 seconds left.
|inactive|ShuroroA has 15 seconds left.
|inactive|ShuroroA has 10 seconds left.
|
|t:|1756487849
|switch|p2b: Annihilape|Annihilape, L50, F|100/100
|move|p2a: Kingambit|Protect|p2a: Kingambit
|-singleturn|p2a: Kingambit|Protect
|move|p1a: Sneasler|Dire Claw|p2b: Annihilape
|-resisted|p2b: Annihilape
|-damage|p2b: Annihilape|80/100
|move|p1b: Dragonite|Tailwind|p1b: Dragonite
|-sidestart|p1: bartcr0987|move: Tailwind
|
|upkeep
|turn|2
|inactive|bartcr0987 has 30 seconds left.
|inactive|ShuroroA has 30 seconds left.
|inactive|ShuroroA has 20 seconds left.
|
|t:|1756487889
|switch|p2a: Clefable|Clefable, L50, F|100/100
|move|p1a: Sneasler|Close Combat|p2a: Clefable
|-resisted|p2a: Clefable
|-damage|p2a: Clefable|78/100
|-unboost|p1a: Sneasler|def|1
|-unboost|p1a: Sneasler|spd|1
|move|p2b: Annihilape|Close Combat|p1a: Sneasler
|-resisted|p1a: Sneasler
|-damage|p1a: Sneasler|39/100
|-unboost|p2b: Annihilape|def|1
|-unboost|p2b: Annihilape|spd|1
|move|p1b: Dragonite|Scale Shot|p2a: Clefable
|-immune|p2a: Clefable
|
|upkeep
|turn|3
|inactive|bartcr0987 has 30 seconds left.
|inactive|bartcr0987 has 20 seconds left.
|
|t:|1756487927
|switch|p1b: Ursaluna|Ursaluna-Bloodmoon, L50, M|100/100
|move|p2a: Clefable|Protect|p2a: Clefable
|-singleturn|p2a: Clefable|Protect
|move|p1a: Sneasler|Dire Claw|p2a: Clefable
|-activate|p2a: Clefable|move: Protect
|move|p2b: Annihilape|Close Combat|p1a: Sneasler
|-resisted|p1a: Sneasler
|-damage|p1a: Sneasler|0 fnt
|-unboost|p2b: Annihilape|def|1
|-unboost|p2b: Annihilape|spd|1
|faint|p1a: Sneasler
|
|upkeep
|
|t:|1756487934
|switch|p1a: Dragonite|Dragonite, L50, M|100/100
|turn|4
|inactive|bartcr0987 has 30 seconds left.
|inactive|ShuroroA has 30 seconds left.
|inactive|bartcr0987 has 20 seconds left.
|inactive|ShuroroA has 20 seconds left.
|inactive|bartcr0987 has 15 seconds left.
|inactive|ShuroroA has 15 seconds left.
|inactive|bartcr0987 has 10 seconds left.
|inactive|ShuroroA has 10 seconds left.
|
|t:|1756487980
|switch|p2a: Kingambit|Kingambit, L50, F|100/100
|-terastallize|p1b: Ursaluna|Ghost
|move|p2b: Annihilape|Close Combat|p1a: Dragonite
|-resisted|p1a: Dragonite
|-damage|p1a: Dragonite|90/100
|-unboost|p2b: Annihilape|def|1
|-unboost|p2b: Annihilape|spd|1
|move|p1b: Ursaluna|Blood Moon|p2a: Kingambit
|-resisted|p2a: Kingambit
|-damage|p2a: Kingambit|50/100
|-damage|p1b: Ursaluna|91/100|[from] item: Life Orb
|move|p1a: Dragonite|Scale Shot|p2b: Annihilape
|-damage|p2b: Annihilape|45/100
|-damage|p2b: Annihilape|10/100
|-damage|p2b: Annihilape|0 fnt
|faint|p2b: Annihilape
|-hitcount|p2: Annihilape|3
|-unboost|p1a: Dragonite|def|1
|-boost|p1a: Dragonite|spe|1
|
|-sideend|p1: bartcr0987|move: Tailwind
|upkeep
|
|t:|1756487997
|switch|p2b: Clefable|Clefable, L50, F|78/100
|turn|5
|inactive|bartcr0987 has 30 seconds left.
|inactive|ShuroroA has 30 seconds left.
|inactive|bartcr0987 has 20 seconds left.
|inactive|ShuroroA has 20 seconds left.
|
|t:|1756488036
|-terastallize|p2b: Clefable|Steel
|move|p1b: Ursaluna|Protect|p1b: Ursaluna
|-singleturn|p1b: Ursaluna|Protect
|move|p2a: Kingambit|Protect|p2a: Kingambit
|-singleturn|p2a: Kingambit|Protect
|move|p1a: Dragonite|Scale Shot|p2a: Kingambit
|-activate|p2a: Kingambit|move: Protect
|move|p2b: Clefable|Moonblast|p1a: Dragonite
|-supereffective|p1a: Dragonite
|-crit|p1a: Dragonite
|-damage|p1a: Dragonite|4/100
|
|upkeep
|turn|6
|inactive|bartcr0987 has 30 seconds left.
|
|t:|1756488063
|move|p2b: Clefable|Follow Me|p2b: Clefable
|-singleturn|p2b: Clefable|move: Follow Me
|move|p2a: Kingambit|Sucker Punch|p1b: Ursaluna
|-supereffective|p1b: Ursaluna
|-damage|p1b: Ursaluna|2/100
|move|p1a: Dragonite|Tailwind|p1a: Dragonite
|-sidestart|p1: bartcr0987|move: Tailwind
|move|p1b: Ursaluna|Earth Power|p2b: Clefable
|-supereffective|p2b: Clefable
|-damage|p2b: Clefable|0 fnt
|faint|p2b: Clefable
|-damage|p1b: Ursaluna|0 fnt|[from] item: Life Orb
|faint|p1b: Ursaluna
|
|upkeep
|
|t:|1756488072
|switch|p1b: Kingambit|Kingambit, L50, M, shiny|100/100
|switch|p2b: Dragonite|Dragonite, L50, M|100/100
|turn|7
|inactive|ShuroroA has 30 seconds left.
|
|t:|1756488106
|move|p1a: Dragonite|Protect|p1a: Dragonite
|-singleturn|p1a: Dragonite|Protect
|move|p2a: Kingambit|Sucker Punch||[still]
|-fail|p2a: Kingambit
|move|p1b: Kingambit|Swords Dance|p1b: Kingambit
|-boost|p1b: Kingambit|atk|2
|move|p2b: Dragonite|Stomping Tantrum|p1b: Kingambit
|-supereffective|p1b: Kingambit
|-damage|p1b: Kingambit|63/100
|
|upkeep
|turn|8
|inactive|bartcr0987 has 30 seconds left.
|inactive|ShuroroA has 30 seconds left.
|inactive|bartcr0987 has 20 seconds left.
|inactive|ShuroroA has 20 seconds left.
|inactive|bartcr0987 has 15 seconds left.
|inactive|ShuroroA has 15 seconds left.
|
|t:|1756488151
|move|p1a: Dragonite|Tailwind||[still]
|-fail|p1a: Dragonite
|move|p1b: Kingambit|Kowtow Cleave|p2a: Kingambit
|-resisted|p2a: Kingambit
|-crit|p2a: Kingambit
|-damage|p2a: Kingambit|0 fnt
|faint|p2a: Kingambit
|move|p2b: Dragonite|Stomping Tantrum|p1b: Kingambit
|-supereffective|p1b: Kingambit
|-damage|p1b: Kingambit|24/100
|
|upkeep
|turn|9
|
|t:|1756488164
|move|p2b: Dragonite|Extreme Speed|p1a: Dragonite
|-damage|p1a: Dragonite|0 fnt
|faint|p1a: Dragonite
|move|p1b: Kingambit|Kowtow Cleave|p2b: Dragonite
|-damage|p2b: Dragonite|0 fnt
|faint|p2b: Dragonite
|
|win|bartcr0987
||bartcr0987 is ready for game 2.
||ShuroroA is ready for game 2.
|uhtml|next|Next: Game 2 of 3
|l|☆ShuroroA
|player|p2|
