|j|☆UmamusumeDerby
|j|☆Vicentefc2
|html|UmamusumeDerbyVicentefc2    
|uhtml|bestof|Game 2 of a best-of-3
|t:|1757809918
|gametype|doubles
|player|p1|UmamusumeDerby|bugcatcher-gen4dp|1206
|player|p2|Vicentefc2|hilbert|1294
|gen|9
|tier|[Gen 9] VGC 2025 Reg H (Bo3)
|rated|
|rule|Species Clause: Limit one of each Pokémon
|rule|Item Clause: Limit 1 of each item
|clearpoke
|poke|p1|Ninetales-Alola, L50, M|
|poke|p1|Archaludon, L50, F|
|poke|p1|Dragapult, L50, F|
|poke|p1|Sneasler, L50, M|
|poke|p1|Incineroar, L50, M|
|poke|p1|Rillaboom, L50, F|
|poke|p2|Rillaboom, L50, M|
|poke|p2|Annihilape, L50, M|
|poke|p2|Politoed, L50, M|
|poke|p2|Murkrow, L50, M|
|poke|p2|Archaludon, L50, M|
|poke|p2|Maushold, L50|
|teampreview|4
|showteam|p1|Ninetales-Alola||CovertCloak|SnowWarning|IcyWind,AuroraVeil,Blizzard,FreezeDry|||M|||50|,,,,,Water]Archaludon||PowerHerb|Sturdy|ElectroShot,DracoMeteor,Thunderbolt,Protect|||F|||50|,,,,,Electric]Dragapult||ChoiceBand|ClearBody|DragonDarts,Outrage,PhantomForce,Uturn|||F|||50|,,,,,Dragon]Sneasler||FocusSash|PoisonTouch|FakeOut,DireClaw,CloseCombat,Protect|||M|||50|,,,,,Ghost]Incineroar||SafetyGoggles|Intimidate|FlareBlitz,KnockOff,Uturn,FakeOut|||M|||50|,,,,,Bug]Rillaboom||AssaultVest|GrassySurge|WoodHammer,FakeOut,HighHorsepower,GrassyGlide|||F|||50|,,,,,Ghost
|showteam|p2|Rillaboom||AssaultVest|GrassySurge|WoodHammer,GrassyGlide,Uturn,FakeOut|||M|||50|,,,,,Fire]Annihilape||SafetyGoggles|Defiant|DrainPunch,RageFist,BulkUp,Protect|||M|||50|,,,,,Fire]Politoed||LifeOrb|Drizzle|WeatherBall,IceBeam,EarthPower,Protect|||M|||50|,,,,,Grass]Murkrow||Eviolite|Prankster|FoulPlay,Taunt,Haze,Tailwind|||M|||50|,,,,,Steel]Archaludon||PowerHerb|Sturdy|ElectroShot,DracoMeteor,FlashCannon,Protect|||M|||50|,,,,,Electric]Maushold||FocusSash|Technician|PopulationBomb,BeatUp,FollowMe,Protect||||||50|,,,,,Ghost
|inactive|Battle timer is ON: inactive players will automatically lose when time's up. (requested by UmamusumeDerby)
|
|t:|1757809968
|teamsize|p1|4
|teamsize|p2|4
|start
|switch|p1a: Dragapult|Dragapult, L50, F|100/100
|switch|p1b: Sneasler|Sneasler, L50, M|100/100
|switch|p2a: edgar|Murkrow, L50, M|100/100
|switch|p2b: rocky|Annihilape, L50, M|100/100
|turn|1
|inactive|UmamusumeDerby has 30 seconds left.
|
|t:|1757809998
|-terastallize|p1a: Dragapult|Dragon
|move|p1b: Sneasler|Fake Out|p2a: edgar
|-damage|p2a: edgar|83/100
|cant|p2a: edgar|flinch
|move|p1a: Dragapult|Outrage|p2b: rocky
|-damage|p2b: rocky|0 fnt
|faint|p2b: rocky
|
|upkeep
|
|t:|1757810007
|switch|p2b: megadramon|Archaludon, L50, M|100/100
|turn|2
|
|t:|1757810019
|move|p2b: megadramon|Protect|p2b: megadramon
|-singleturn|p2b: megadramon|Protect
|move|p1a: Dragapult|Outrage|p2b: megadramon|[from] lockedmove
|-activate|p2b: megadramon|move: Protect
|-start|p1a: Dragapult|confusion|[fatigue]
|move|p1b: Sneasler|Close Combat|p2b: megadramon
|-activate|p2b: megadramon|move: Protect
|move|p2a: edgar|Foul Play|p1b: Sneasler
|-resisted|p1b: Sneasler
|-damage|p1b: Sneasler|59/100
|
|upkeep
|turn|3
|
|t:|1757810031
|-activate|p1a: Dragapult|confusion
|-damage|p1a: Dragapult|80/100|[from] confusion
|move|p1b: Sneasler|Close Combat|p2b: megadramon
|-supereffective|p2b: megadramon
|-ability|p2b: megadramon|Sturdy
|-damage|p2b: megadramon|1/100
|-unboost|p1b: Sneasler|def|1
|-unboost|p1b: Sneasler|spd|1
|move|p2b: megadramon|Electro Shot||[still]
|-prepare|p2b: megadramon|Electro Shot
|-boost|p2b: megadramon|spa|1
|-enditem|p2b: megadramon|Power Herb
|-anim|p2b: megadramon|Electro Shot|p1b: Sneasler
|-damage|p1b: Sneasler|0 fnt
|faint|p1b: Sneasler
|move|p2a: edgar|Foul Play|p1a: Dragapult
|-damage|p1a: Dragapult|17/100
|
|upkeep
|
|t:|1757810038
|switch|p1b: Archaludon|Archaludon, L50, F, shiny|100/100
|turn|4
|
|t:|1757810053
|switch|p1a: Ninetales|Ninetales-Alola, L50, M|100/100
|-weather|Snowscape|[from] ability: Snow Warning|[of] p1a: Ninetales
|move|p2b: megadramon|Protect|p2b: megadramon
|-singleturn|p2b: megadramon|Protect
|move|p2a: edgar|Tailwind|p2a: edgar
|-sidestart|p2: Vicentefc2|move: Tailwind
|move|p1b: Archaludon|Electro Shot||[still]
|-prepare|p1b: Archaludon|Electro Shot
|-boost|p1b: Archaludon|spa|1
|-enditem|p1b: Archaludon|Power Herb
|-anim|p1b: Archaludon|Electro Shot|p2b: megadramon
|-activate|p2b: megadramon|move: Protect
|
|-weather|Snowscape|[upkeep]
|upkeep
|turn|5
|inactive|Vicentefc2 has 30 seconds left.
|inactive|Vicentefc2 has 20 seconds left.
|
|t:|1757810092
|-terastallize|p2a: edgar|Steel
|move|p2b: megadramon|Flash Cannon|p1a: Ninetales
|-supereffective|p1a: Ninetales
|-damage|p1a: Ninetales|0 fnt
|faint|p1a: Ninetales
|move|p2a: edgar|Foul Play|p1b: Archaludon
|-damage|p1b: Archaludon|78/100
|move|p1b: Archaludon|Thunderbolt|p2b: megadramon
|-resisted|p2b: megadramon
|-damage|p2b: megadramon|0 fnt
|faint|p2b: megadramon
|
|-weather|Snowscape|[upkeep]
|upkeep
|
|t:|1757810100
|switch|p1a: Dragapult|Dragapult, L50, F, tera:Dragon|17/100
|switch|p2b: gamabunta|Politoed, L50, M, shiny|100/100
|-weather|RainDance|[from] ability: Drizzle|[of] p2b: gamabunta
|turn|6
|
|t:|1757810110
|move|p1b: Archaludon|Protect|p1b: Archaludon
|-singleturn|p1b: Archaludon|Protect
|move|p2a: edgar|Foul Play|p1a: Dragapult
|-damage|p1a: Dragapult|0 fnt
|faint|p1a: Dragapult
|move|p2b: gamabunta|Earth Power|p1b: Archaludon
|-activate|p1b: Archaludon|move: Protect
|
|-weather|RainDance|[upkeep]
|upkeep
|turn|7
|-message|UmamusumeDerby forfeited.
|
|win|Vicentefc2
||UmamusumeDerby is ready for game 3.
||Vicentefc2 is ready for game 3.
|uhtml|next|Next: Game 3 of 3
|l|☆Vicentefc2
|player|p2|
|l|☆UmamusumeDerby
|player|p1|
