|j|☆angusgrind13
|j|☆FencingMaster13
|html|angusgrind13FencingMaster13    
|uhtml|bestof|Game 1 of a best-of-3
|t:|1784784999
|gametype|doubles
|player|p1|angusgrind13|steven|1000
|player|p2|FencingMaster13|1|1000
|gen|9
|tier|[Gen 9 Champions] VGC 2026 Reg M-B (Bo3)
|rated|
|rule|Species Clause: Limit one of each Pokémon
|rule|Item Clause: Limit 1 of each item
|clearpoke
|poke|p1|Primarina, L50, F|
|poke|p1|Kingambit, L50, M|
|poke|p1|Froslass, L50, F|
|poke|p1|Sneasler, L50, F|
|poke|p1|Lycanroc-Dusk, L50, F|
|poke|p1|Dragonite, L50, M|
|poke|p2|Archaludon, L50, M, shiny|
|poke|p2|Sylveon, L50, M, shiny|
|poke|p2|Pelipper, L50, M, shiny|
|poke|p2|Swampert, L50, M|
|poke|p2|Sinistcha-Masterpiece, L50, shiny|
|poke|p2|Sableye, L50, M, shiny|
|teampreview|4
|showteam|p1|Primarina||LifeOrb|LiquidVoice|HyperVoice,Moonblast,Haze,Protect|Modest||F|||50|]Kingambit||BlackGlasses|Defiant|KowtowCleave,SuckerPunch,SwordsDance,Protect|Adamant||M|||50|]Froslass||Froslassite|CursedBody|Blizzard,ShadowBall,AuroraVeil,Protect|Timid||F|||50|]Sneasler||WhiteHerb|Unburden|GunkShot,CloseCombat,FakeOut,Protect|Adamant||F|||50|]Lycanroc-Dusk||FocusSash|ToughClaws|RockSlide,Accelerock,CloseCombat,Protect|Adamant||F|||50|]Dragonite||Dragoninite|Multiscale|DragonPulse,Flamethrower,Tailwind,Protect|Modest||M|||50|
|showteam|p2|Archaludon||Leftovers|Stamina|ElectroShot,FlashCannon,DragonPulse,Protect|Modest||M|||50|]Sylveon||LifeOrb|Pixilate|HyperVoice,HyperBeam,QuickAttack,Protect|Timid||M|||50|]Pelipper||FocusSash|Drizzle|Hurricane,WeatherBall,Tailwind,Protect|Timid||M|||50|]Swampert||Swampertite|Damp|WaveCrash,Earthquake,IcePunch,Protect|Adamant||M|||50|]Sinistcha-Masterpiece||KasibBerry|Hospitality|MatchaGotcha,RagePowder,TrickRoom,Protect|Relaxed|||||50|]Sableye||LightClay|Prankster|Quash,RainDance,Reflect,LightScreen|Sassy||M|||50|
|inactive|Battle timer is ON: inactive players will automatically lose when time's up. (requested by FencingMaster13)
|inactive|angusgrind13 has 60 seconds left.
|inactive|FencingMaster13 has 60 seconds left.
|
|t:|1784785051
|teamsize|p1|4
|teamsize|p2|4
|start
|switch|p1a: Froslass|Froslass, L50, F|100/100
|switch|p1b: Sneasler|Sneasler, L50, F|100/100
|switch|p2a: Swampert|Swampert, L50, M|100/100
|switch|p2b: Sableye|Sableye, L50, M, shiny|100/100
|turn|1
|
|t:|1784785069
|detailschange|p1a: Froslass|Froslass-Mega, L50, F
|-mega|p1a: Froslass|Froslass|Froslassite
|-weather|Snowscape|[from] ability: Snow Warning|[of] p1a: Froslass
|detailschange|p2a: Swampert|Swampert-Mega, L50, M
|-mega|p2a: Swampert|Swampert|Swampertite
|move|p2a: Swampert|Protect|p2a: Swampert
|-singleturn|p2a: Swampert|Protect
|move|p1b: Sneasler|Fake Out|p2a: Swampert
|-activate|p2a: Swampert|move: Protect
|move|p2b: Sableye|Light Screen|p2b: Sableye
|-sidestart|p2: FencingMaster13|move: Light Screen
|move|p1a: Froslass|Blizzard|p2b: Sableye|[spread] p2b
|-activate|p2a: Swampert|move: Protect
|-damage|p2b: Sableye|69/100
|
|-weather|Snowscape|[upkeep]
|upkeep
|turn|2
|
|t:|1784785089
|move|p2b: Sableye|Rain Dance|p2b: Sableye
|-weather|RainDance
|move|p2a: Swampert|Earthquake|p1b: Sneasler|[spread] p2b,p1a,p1b
|-supereffective|p1b: Sneasler|1
|-damage|p2b: Sableye|7/100
|-damage|p1a: Froslass|23/100
|-damage|p1b: Sneasler|0 fnt
|faint|p1b: Sneasler
|move|p1a: Froslass|Shadow Ball|p2a: Swampert
|-damage|p2a: Swampert|74/100
|-unboost|p2a: Swampert|spd|1
|
|-weather|RainDance|[upkeep]
|upkeep
|
|t:|1784785099
|switch|p1b: Kingambit|Kingambit, L50, M|100/100
|turn|3
|
|t:|1784785105
|switch|p1a: Lycanroc|Lycanroc-Dusk, L50, F|100/100
|move|p1b: Kingambit|Sucker Punch|p2a: Swampert
|-damage|p2a: Swampert|24/100
|move|p2b: Sableye|Reflect|p2b: Sableye
|-sidestart|p2: FencingMaster13|Reflect
|move|p2a: Swampert|Earthquake|p1a: Lycanroc|[spread] p2b,p1a,p1b
|-supereffective|p1a: Lycanroc|1
|-supereffective|p1b: Kingambit|1
|-damage|p2b: Sableye|0 fnt
|-enditem|p1a: Lycanroc|Focus Sash
|-damage|p1a: Lycanroc|1/100
|-damage|p1b: Kingambit|34/100
|faint|p2b: Sableye
|
|-weather|RainDance|[upkeep]
|upkeep
|
|t:|1784785130
|switch|p2b: Archaludon|Archaludon, L50, M, shiny|100/100
|turn|4
|
|t:|1784785147
|move|p2a: Swampert|Protect|p2a: Swampert
|-singleturn|p2a: Swampert|Protect
|move|p1a: Lycanroc|Protect|p1a: Lycanroc
|-singleturn|p1a: Lycanroc|Protect
|move|p1b: Kingambit|Sucker Punch||[still]
|-fail|p1b: Kingambit
|move|p2b: Archaludon|Electro Shot||[still]
|-prepare|p2b: Archaludon|Electro Shot
|-boost|p2b: Archaludon|spa|1
|-anim|p2b: Archaludon|Electro Shot|p1a: Lycanroc
|-activate|p1a: Lycanroc|move: Protect
|
|-weather|RainDance|[upkeep]
|upkeep
|turn|5
|inactive|FencingMaster13 has 30 seconds left.
|inactive|angusgrind13 has 30 seconds left.
|inactive|FencingMaster13 has 20 seconds left.
|inactive|FencingMaster13 has 15 seconds left.
|
|t:|1784785192
|switch|p2a: Pelipper|Pelipper, L50, M, shiny|100/100
|move|p1a: Lycanroc|Accelerock|p2a: Pelipper
|-supereffective|p2a: Pelipper|1
|-damage|p2a: Pelipper|56/100
|move|p1b: Kingambit|Sucker Punch|p2b: Archaludon
|-damage|p2b: Archaludon|70/100
|-ability|p2b: Archaludon|Stamina|boost
|-boost|p2b: Archaludon|def|1
|move|p2b: Archaludon|Flash Cannon|p1a: Lycanroc
|-supereffective|p1a: Lycanroc|1
|-damage|p1a: Lycanroc|0 fnt
|faint|p1a: Lycanroc
|
|-weather|RainDance|[upkeep]
|-heal|p2b: Archaludon|76/100|[from] item: Leftovers
|upkeep
|
|t:|1784785199
|switch|p1a: Froslass|Froslass-Mega, L50, F|23/100
|-weather|Snowscape|[from] ability: Snow Warning|[of] p1a: Froslass
|turn|6
|
|t:|1784785217
|move|p2a: Pelipper|Protect|p2a: Pelipper
|-singleturn|p2a: Pelipper|Protect
|move|p1a: Froslass|Blizzard|p2b: Archaludon|[spread] p2b
|-activate|p2a: Pelipper|move: Protect
|-damage|p2b: Archaludon|29/100
|-ability|p2b: Archaludon|Stamina|boost
|-boost|p2b: Archaludon|def|1
|move|p2b: Archaludon|Flash Cannon|p1a: Froslass
|-supereffective|p1a: Froslass|1
|-damage|p1a: Froslass|0 fnt
|faint|p1a: Froslass
|move|p1b: Kingambit|Swords Dance|p1b: Kingambit
|-boost|p1b: Kingambit|atk|2
|
|-weather|Snowscape|[upkeep]
|-heal|p2b: Archaludon|35/100|[from] item: Leftovers
|upkeep
|turn|7
|inactive|FencingMaster13 has 30 seconds left.
|inactive|FencingMaster13 has 20 seconds left.
|
|t:|1784785255
|move|p1b: Kingambit|Sucker Punch|p2b: Archaludon
|-damage|p2b: Archaludon|5/100
|-ability|p2b: Archaludon|Stamina|boost
|-boost|p2b: Archaludon|def|1
|move|p2b: Archaludon|Dragon Pulse|p1b: Kingambit
|-resisted|p1b: Kingambit|1
|-damage|p1b: Kingambit|0 fnt
|faint|p1b: Kingambit
|
|win|FencingMaster13
