|j|☆WestyLiam's House
|j|☆Capravolante97
|html|WestyLiam's HouseCapravolante97    
|uhtml|bestof|Game 3 of a best-of-3
|t:|1783609642
|gametype|doubles
|player|p1|WestyLiam's House|iris-gen5bw2|1244
|player|p2|Capravolante97|fantina|1349
|gen|9
|tier|[Gen 9 Champions] VGC 2026 Reg M-B (Bo3)
|rated|
|rule|Species Clause: Limit one of each Pokémon
|rule|Item Clause: Limit 1 of each item
|clearpoke
|poke|p1|Charizard, L50, F|
|poke|p1|Venusaur, L50, M|
|poke|p1|Farigiraf, L50, M|
|poke|p1|Mawile, L50, F|
|poke|p1|Incineroar, L50, F|
|poke|p1|Garchomp, L50, M|
|poke|p2|Malamar, L50, F|
|poke|p2|Sneasler, L50, M|
|poke|p2|Sylveon, L50, M|
|poke|p2|Farigiraf, L50, M|
|poke|p2|Whimsicott, L50, F|
|poke|p2|Basculegion, L50, M|
|teampreview|4
|showteam|p1|Charizard||CharizarditeY|Blaze|HeatWave,WeatherBall,HelpingHand,Protect|Modest||F|||50|]Venusaur||LifeOrb|Chlorophyll|LeafStorm,SludgeBomb,EarthPower,Protect|Modest||M|||50|]Farigiraf||SitrusBerry|ArmorTail|TrickRoom,Thunderbolt,Psychic,HelpingHand|Sassy||M|||50|]Mawile||Mawilite|HyperCutter|PlayRough,RockSlide,SuckerPunch,Protect|Adamant||F|||50|]Incineroar||Leftovers|Intimidate|FakeOut,FlareBlitz,ThroatChop,PartingShot|Impish||F|||50|]Garchomp||ChoiceScarf|RoughSkin|Earthquake,DragonClaw,RockSlide,StompingTantrum|Adamant||M|||50|
|showteam|p2|Malamar||Malamarite|Contrary|Superpower,KnockOff,TrickRoom,Protect|Adamant||F|||50|]Sneasler||WhiteHerb|Unburden|CloseCombat,DireClaw,FakeOut,RockTomb|Jolly||M|||50|]Sylveon||FairyFeather|Pixilate|HyperVoice,HyperBeam,Detect,QuickAttack|Modest||M|||50|]Farigiraf||SitrusBerry|ArmorTail|Thunderbolt,TwinBeam,HelpingHand,TrickRoom|Bold||M|||50|]Whimsicott||FocusSash|Prankster|FakeTears,Tailwind,Protect,Moonblast|Timid||F|||50|]Basculegion||ChoiceScarf|Adaptability|FlipTurn,WaveCrash,LastRespects,AquaJet|Adamant||M|||50|
|inactive|Battle timer is ON: inactive players will automatically lose when time's up. (requested by WestyLiam's House)
|inactive|Capravolante97 also wants the timer to be on.
|inactive|WestyLiam's House has 60 seconds left.
|inactive|Capravolante97 has 60 seconds left.
|
|t:|1783609691
|teamsize|p1|4
|teamsize|p2|4
|start
|switch|p1a: Charizard|Charizard, L50, F|100/100
|switch|p1b: Venusaur|Venusaur, L50, M|100/100
|switch|p2a: Sylveon|Sylveon, L50, M|100/100
|switch|p2b: Malamar|Malamar, L50, F|100/100
|turn|1
|inactive|Capravolante97 has 30 seconds left.
|inactive|Capravolante97 has 20 seconds left.
|
|t:|1783609731
|switch|p2a: Sneasler|Sneasler, L50, M|100/100
|detailschange|p1a: Charizard|Charizard-Mega-Y, L50, F
|-mega|p1a: Charizard|Charizard|Charizardite Y
|-weather|SunnyDay|[from] ability: Drought|[of] p1a: Charizard
|detailschange|p2b: Malamar|Malamar-Mega, L50, F
|-mega|p2b: Malamar|Malamar|Malamarite
|move|p2b: Malamar|Protect|p2b: Malamar
|-singleturn|p2b: Malamar|Protect
|move|p1b: Venusaur|Sludge Bomb|p2b: Malamar
|-activate|p2b: Malamar|move: Protect
|move|p1a: Charizard|Weather Ball|p2b: Malamar
|-activate|p2b: Malamar|move: Protect
|
|-weather|SunnyDay|[upkeep]
|upkeep
|turn|2
|inactive|Capravolante97 has 30 seconds left.
|inactive|Capravolante97 has 20 seconds left.
|inactive|Capravolante97 has 15 seconds left.
|inactive|Capravolante97 has 10 seconds left.
|
|t:|1783609777
|move|p1b: Venusaur|Earth Power|p2a: Sneasler
|-supereffective|p2a: Sneasler|1
|-damage|p2a: Sneasler|0 fnt
|faint|p2a: Sneasler
|-damage|p1b: Venusaur|90/100|[from] item: Life Orb
|move|p1a: Charizard|Heat Wave|p2b: Malamar
|-damage|p2b: Malamar|27/100
|-status|p2b: Malamar|brn
|move|p2b: Malamar|Knock Off|p1b: Venusaur
|-crit|p1b: Venusaur
|-damage|p1b: Venusaur|38/100
|-enditem|p1b: Venusaur|Life Orb|[from] move: Knock Off|[of] p2b: Malamar
|
|-weather|SunnyDay|[upkeep]
|-damage|p2b: Malamar|21/100 brn|[from] brn
|upkeep
|
|t:|1783609788
|switch|p2a: Farigiraf|Farigiraf, L50, M|100/100
|turn|3
|
|t:|1783609805
|switch|p2b: Sylveon|Sylveon, L50, M|100/100
|move|p1b: Venusaur|Leaf Storm|p2a: Farigiraf
|-damage|p2a: Farigiraf|45/100
|-unboost|p1b: Venusaur|spa|2
|-enditem|p2a: Farigiraf|Sitrus Berry|[eat]
|-heal|p2a: Farigiraf|70/100|[from] item: Sitrus Berry
|move|p1a: Charizard|Heat Wave|p2b: Sylveon|[spread] p2a,p2b
|-damage|p2a: Farigiraf|7/100
|-damage|p2b: Sylveon|52/100
|move|p2a: Farigiraf|Trick Room|p2a: Farigiraf
|-fieldstart|move: Trick Room|[of] p2a: Farigiraf
|
|-weather|SunnyDay|[upkeep]
|upkeep
|turn|4
|
|t:|1783609820
|switch|p1b: Incineroar|Incineroar, L50, F|100/100
|-ability|p1b: Incineroar|Intimidate|boost
|-unboost|p2a: Farigiraf|atk|1
|-unboost|p2b: Sylveon|atk|1
|move|p2a: Farigiraf|Thunderbolt|p1a: Charizard
|-supereffective|p1a: Charizard|1
|-damage|p1a: Charizard|62/100
|-status|p1a: Charizard|par
|move|p1a: Charizard|Heat Wave|p2a: Farigiraf|[spread] p2a,p2b
|-crit|p2a: Farigiraf
|-damage|p2a: Farigiraf|0 fnt
|-damage|p2b: Sylveon|2/100
|faint|p2a: Farigiraf
|move|p2b: Sylveon|Hyper Voice|p1a: Charizard|[spread] p1a,p1b
|-resisted|p1a: Charizard|1
|-crit|p1a: Charizard
|-damage|p1a: Charizard|26/100 par
|-damage|p1b: Incineroar|59/100
|
|-weather|SunnyDay|[upkeep]
|-heal|p1b: Incineroar|65/100|[from] item: Leftovers
|upkeep
|
|t:|1783609836
|switch|p2a: Malamar|Malamar-Mega, L50, F|21/100 brn
|turn|5
|
|t:|1783609855
|move|p2b: Sylveon|Detect|p2b: Sylveon
|-singleturn|p2b: Sylveon|Protect
|cant|p1a: Charizard|par
|move|p1b: Incineroar|Flare Blitz|p2a: Malamar
|-damage|p2a: Malamar|0 fnt
|faint|p2a: Malamar
|-damage|p1b: Incineroar|58/100|[from] Recoil
|
|-weather|none
|-heal|p1b: Incineroar|64/100|[from] item: Leftovers
|upkeep
|turn|6
|
|t:|1783609870
|move|p1a: Charizard|Weather Ball|p2b: Sylveon
|-damage|p2b: Sylveon|0 fnt
|faint|p2b: Sylveon
|
|win|WestyLiam's House
|raw|WestyLiam's House's rating: 1244 → 1276(+32 for winning)
|raw|Capravolante97's rating: 1349 → 1323(-26 for losing)
|l|☆Capravolante97
|player|p2|
