|j|☆Rugss
|j|☆Dr.Agonite805
|html|RugssDr.Agonite805    
|uhtml|bestof|Game 2 of a best-of-3
|t:|1784840139
|gametype|doubles
|player|p1|Rugss|101|1150
|player|p2|Dr.Agonite805|265|1251
|gen|9
|tier|[Gen 9 Champions] VGC 2026 Reg M-B (Bo3)
|rated|
|rule|Species Clause: Limit one of each Pokémon
|rule|Item Clause: Limit 1 of each item
|clearpoke
|poke|p1|Raichu, L50, M, shiny|
|poke|p1|Sinistcha, L50, shiny|
|poke|p1|Gholdengo, L50|
|poke|p1|Basculegion, L50, M|
|poke|p1|Staraptor, L50, M, shiny|
|poke|p1|Milotic, L50, F, shiny|
|poke|p2|Whimsicott, L50, M, shiny|
|poke|p2|Rotom-Heat, L50|
|poke|p2|Garchomp, L50, F, shiny|
|poke|p2|Kingambit, L50, F, shiny|
|poke|p2|Sneasler, L50, F|
|poke|p2|Froslass, L50, F|
|teampreview|4
|showteam|p1|Raichu||RaichuniteY|LightningRod|ZapCannon,FocusBlast,FakeOut,Protect|Timid||M|||50|]Sinistcha||KasibBerry|Hospitality|MatchaGotcha,RagePowder,ShadowBall,Protect|Bold|||||50|]Gholdengo||LifeOrb|GoodasGold|ShadowBall,MakeItRain,NastyPlot,Protect|Modest|||||50|]Basculegion||MysticWater|Adaptability|WaveCrash,LastRespects,Protect,AquaJet|Adamant||M|||50|]Staraptor||Staraptite|Intimidate|CloseCombat,BraveBird,Tailwind,Protect|Jolly||M|||50|]Milotic||Leftovers|Competitive|Scald,IcyWind,Haze,Protect|Calm||F|||50|
|showteam|p2|Whimsicott||FocusSash|Prankster|Moonblast,Tailwind,Encore,Protect|Timid||M|||50|]Rotom-Heat||LifeOrb|Levitate|Overheat,Thunderbolt,VoltSwitch,Protect|Timid|||||50|]Garchomp||SitrusBerry|RoughSkin|DragonClaw,Earthquake,RockSlide,Protect|Jolly||F|||50|]Kingambit||ChopleBerry|Defiant|KowtowCleave,SuckerPunch,IronHead,Protect|Adamant||F|||50|]Sneasler||WhiteHerb|Unburden|FakeOut,DireClaw,CloseCombat,Protect|Jolly||F|||50|]Froslass||Froslassite|SnowCloak|Blizzard,ShadowBall,AuroraVeil,Protect|Modest||F|||50|
|
|t:|1784840182
|teamsize|p1|4
|teamsize|p2|4
|start
|switch|p1a: Raichu|Raichu, L50, M, shiny|100/100
|switch|p1b: Gholdengo|Gholdengo, L50|100/100
|switch|p2a: Merius|Whimsicott, L50, M, shiny|100/100
|switch|p2b: Forninho|Rotom-Heat, L50|100/100
|turn|1
|
|t:|1784840237
|switch|p1b: Milotic|Milotic, L50, F, shiny|100/100
|detailschange|p1a: Raichu|Raichu-Mega-Y, L50, M, shiny
|-mega|p1a: Raichu|Raichu|Raichunite Y
|move|p2a: Merius|Protect|p2a: Merius
|-singleturn|p2a: Merius|Protect
|move|p1a: Raichu|Zap Cannon|p2a: Merius
|-activate|p2a: Merius|move: Protect
|move|p2b: Forninho|Overheat|p1b: Milotic
|-resisted|p1b: Milotic|1
|-damage|p1b: Milotic|74/100
|-unboost|p2b: Forninho|spa|2
|-damage|p2b: Forninho|90/100|[from] item: Life Orb
|
|-heal|p1b: Milotic|80/100|[from] item: Leftovers
|upkeep
|turn|2
|
|t:|1784840287
|move|p1a: Raichu|Protect|p1a: Raichu
|-singleturn|p1a: Raichu|Protect
|move|p2a: Merius|Encore|p1a: Raichu
|-activate|p1a: Raichu|move: Protect
|move|p2b: Forninho|Volt Switch|p1b: Milotic
|-supereffective|p1b: Milotic|1
|-damage|p1b: Milotic|54/100
|-damage|p2b: Forninho|81/100|[from] item: Life Orb
|
|t:|1784840289
|switch|p2b: Tralalero|Garchomp, L50, F, shiny|100/100|[from] Volt Switch
|move|p1b: Milotic|Scald|p2b: Tralalero
|-damage|p2b: Tralalero|69/100
|-status|p2b: Tralalero|brn
|
|-heal|p1b: Milotic|60/100|[from] item: Leftovers
|-damage|p2b: Tralalero|63/100 brn|[from] brn
|upkeep
|turn|3
|
|t:|1784840318
|switch|p1a: Basculegion|Basculegion, L50, M|100/100
|move|p2a: Merius|Encore||[still]
|-fail|p2a: Merius
|move|p2b: Tralalero|Dragon Claw|p1b: Milotic
|-damage|p1b: Milotic|42/100
|move|p1b: Milotic|Scald|p2b: Tralalero
|-damage|p2b: Tralalero|28/100 brn
|-enditem|p2b: Tralalero|Sitrus Berry|[eat]
|-heal|p2b: Tralalero|53/100 brn|[from] item: Sitrus Berry
|
|-heal|p1b: Milotic|47/100|[from] item: Leftovers
|-damage|p2b: Tralalero|47/100 brn|[from] brn
|upkeep
|turn|4
|
|t:|1784840346
|move|p2a: Merius|Protect|p2a: Merius
|-singleturn|p2a: Merius|Protect
|move|p2b: Tralalero|Earthquake|p1a: Basculegion|[spread] p1a,p1b
|-activate|p2a: Merius|move: Protect
|-damage|p1a: Basculegion|78/100
|-damage|p1b: Milotic|28/100
|move|p1b: Milotic|Icy Wind|p2a: Merius|[spread] p2b
|-activate|p2a: Merius|move: Protect
|-supereffective|p2b: Tralalero|2
|-damage|p2b: Tralalero|6/100 brn
|-unboost|p2b: Tralalero|spe|1
|move|p1a: Basculegion|Last Respects|p2a: Merius
|-activate|p2a: Merius|move: Protect
|
|-heal|p1b: Milotic|34/100|[from] item: Leftovers
|-damage|p2b: Tralalero|1/100 brn|[from] brn
|upkeep
|turn|5
|
|t:|1784840383
|move|p2a: Merius|Moonblast|p1b: Milotic
|-damage|p1b: Milotic|11/100
|move|p1b: Milotic|Icy Wind|p2b: Tralalero|[spread] p2a,p2b
|-supereffective|p2a: Merius|1
|-crit|p2a: Merius
|-supereffective|p2b: Tralalero|2
|-damage|p2a: Merius|47/100
|-damage|p2b: Tralalero|0 fnt
|-unboost|p2a: Merius|spe|1
|faint|p2b: Tralalero
|move|p1a: Basculegion|Wave Crash|p2a: Merius
|-resisted|p2a: Merius|1
|-damage|p2a: Merius|0 fnt
|faint|p2a: Merius
|-damage|p1a: Basculegion|68/100|[from] Recoil
|
|-heal|p1b: Milotic|17/100|[from] item: Leftovers
|upkeep
|
|t:|1784840390
|switch|p2a: Forninho|Rotom-Heat, L50|81/100
|switch|p2b: Froslass|Froslass, L50, F|100/100
|turn|6
|
|t:|1784840427
|detailschange|p2b: Froslass|Froslass-Mega, L50, F
|-mega|p2b: Froslass|Froslass|Froslassite
|-weather|Snowscape|[from] ability: Snow Warning|[of] p2b: Froslass
|move|p1a: Basculegion|Protect|p1a: Basculegion
|-singleturn|p1a: Basculegion|Protect
|move|p2b: Froslass|Shadow Ball|p1b: Milotic
|-damage|p1b: Milotic|0 fnt
|faint|p1b: Milotic
|move|p2a: Forninho|Thunderbolt|p1a: Basculegion
|-activate|p1a: Basculegion|move: Protect
|
|-weather|Snowscape|[upkeep]
|upkeep
|
|t:|1784840445
|switch|p1b: Raichu|Raichu-Mega-Y, L50, M, shiny|100/100
|turn|7
|
|t:|1784840509
|move|p2a: Forninho|Protect|p2a: Forninho
|-singleturn|p2a: Forninho|Protect
|move|p1b: Raichu|Zap Cannon|p2b: Froslass
|-damage|p2b: Froslass|35/100
|-status|p2b: Froslass|par
|move|p1a: Basculegion|Last Respects|p2a: Forninho
|-activate|p2a: Forninho|move: Protect
|cant|p2b: Froslass|par
|
|-weather|Snowscape|[upkeep]
|upkeep
|turn|8
|
|t:|1784840571
|move|p1a: Basculegion|Aqua Jet|p2a: Forninho
|-supereffective|p2a: Forninho|1
|-damage|p2a: Forninho|12/100
|move|p1b: Raichu|Focus Blast|p2a: Forninho
|-damage|p2a: Forninho|0 fnt
|faint|p2a: Forninho
|move|p2b: Froslass|Blizzard|p1b: Raichu|[spread] p1a,p1b
|-resisted|p1a: Basculegion|1
|-damage|p1a: Basculegion|44/100
|-damage|p1b: Raichu|34/100
|
|-weather|Snowscape|[upkeep]
|upkeep
|turn|9
|-message|Dr.Agonite805 forfeited.
|
|win|Rugss
|l|☆Dr.Agonite805
|player|p2|
||Dr.Agonite805 is ready for game 3.
