|j|☆darthmorton
|j|☆DrissVG
|html|darthmortonDrissVG    
|uhtml|bestof|Game 3 of a best-of-3
|t:|1754673170
|gametype|doubles
|player|p1|darthmorton|ingo|1255
|player|p2|DrissVG|102|1252
|gen|9
|tier|[Gen 9] VGC 2025 Reg H (Bo3)
|rated|
|rule|Species Clause: Limit one of each Pokémon
|rule|Item Clause: Limit 1 of each item
|clearpoke
|poke|p1|Porygon2, L50|
|poke|p1|Incineroar, L50, M|
|poke|p1|Ursaluna, L50, M|
|poke|p1|Amoonguss, L50, F|
|poke|p1|Kilowattrel, L50, M|
|poke|p1|Gholdengo, L50|
|poke|p2|Rillaboom, L50, F|
|poke|p2|Magmar, L50, M|
|poke|p2|Kingambit, L50, F|
|poke|p2|Ninetales-Alola, L50, M|
|poke|p2|Basculegion, L50, M|
|poke|p2|Sneasler, L50, F|
|teampreview|4
|showteam|p1|Porygon2||Eviolite|Download|TeraBlast,IceBeam,Recover,TrickRoom||||||50|,,,,,Fighting]Incineroar||SafetyGoggles|Intimidate|FlareBlitz,KnockOff,FakeOut,PartingShot|||M|||50|,,,,,Ghost]Ursaluna||FlameOrb|Guts|HeadlongRush,Facade,Earthquake,Protect|||M|||50|,,,,,Ghost]Amoonguss||CovertCloak|Regenerator|Spore,SludgeBomb,RagePowder,PollenPuff|||F|||50|,,,,,Water]Kilowattrel||FocusSash|Competitive|Thunderbolt,AirSlash,Tailwind,Protect|||M|||50|,,,,,Ghost]Gholdengo||LifeOrb|GoodasGold|MakeItRain,ShadowBall,NastyPlot,Protect||||||50|,,,,,Dragon
|showteam|p2|Rillaboom||AssaultVest|GrassySurge|WoodHammer,GrassyGlide,FakeOut,Uturn|||F|||50|,,,,,Fire]Magmar||Eviolite|VitalSpirit|HeatWave,FollowMe,Taunt,Protect|||M|||50|,,,,,Ghost]Kingambit||BlackGlasses|Defiant|KowtowCleave,SuckerPunch,SwordsDance,Protect|||F|||50|,,,,,Fire]Ninetales-Alola||LifeOrb|SnowWarning|Blizzard,IcyWind,Encore,Protect|||M|||50|,,,,,Ghost]Basculegion||ChoiceScarf|Adaptability|WaveCrash,LastRespects,FlipTurn,TeraBlast|||M|||50|,,,,,Fighting]Sneasler||FocusSash|PoisonTouch|CloseCombat,DireClaw,FakeOut,Protect|||F|||50|,,,,,Ghost
|inactive|Battle timer is ON: inactive players will automatically lose when time's up. (requested by darthmorton)
|inactive|darthmorton has 60 seconds left.
|
|t:|1754673213
|teamsize|p1|4
|teamsize|p2|4
|start
|switch|p1a: Gholdengo|Gholdengo, L50|100/100
|switch|p1b: Porygon2|Porygon2, L50|100/100
|switch|p2a: Magmar|Magmar, L50, M|100/100
|switch|p2b: Kingambit|Kingambit, L50, F|100/100
|-ability|p1b: Porygon2|Download|boost
|-boost|p1b: Porygon2|spa|1
|turn|1
|inactive|DrissVG has 30 seconds left.
|
|t:|1754673243
|-terastallize|p1b: Porygon2|Fighting
|-terastallize|p2b: Kingambit|Fire
|move|p1a: Gholdengo|Nasty Plot|p1a: Gholdengo
|-boost|p1a: Gholdengo|spa|2
|move|p2a: Magmar|Taunt|p1b: Porygon2
|-start|p1b: Porygon2|move: Taunt
|move|p1b: Porygon2|Tera Blast|p2b: Kingambit|[anim] Tera Blast Fighting
|-damage|p2b: Kingambit|45/100
|move|p2b: Kingambit|Swords Dance|p2b: Kingambit
|-boost|p2b: Kingambit|atk|2
|
|upkeep
|turn|2
|inactive|darthmorton has 30 seconds left.
|
|t:|1754673273
|move|p1a: Gholdengo|Protect|p1a: Gholdengo
|-singleturn|p1a: Gholdengo|Protect
|move|p2a: Magmar|Follow Me|p2a: Magmar
|-singleturn|p2a: Magmar|move: Follow Me
|move|p2b: Kingambit|Sucker Punch||[still]
|-fail|p2b: Kingambit
|move|p1b: Porygon2|Tera Blast|p2a: Magmar|[anim] Tera Blast Fighting
|-damage|p2a: Magmar|55/100
|
|upkeep
|turn|3
|
|t:|1754673286
|switch|p1a: Amoonguss|Amoonguss, L50, F, shiny|100/100
|move|p2a: Magmar|Follow Me|p2a: Magmar
|-singleturn|p2a: Magmar|move: Follow Me
|move|p2b: Kingambit|Sucker Punch||[still]
|-fail|p2b: Kingambit
|move|p1b: Porygon2|Tera Blast|p2a: Magmar|[anim] Tera Blast Fighting
|-damage|p2a: Magmar|8/100
|
|-end|p1b: Porygon2|move: Taunt
|upkeep
|turn|4
|inactive|darthmorton has 30 seconds left.
|inactive|darthmorton has 20 seconds left.
|inactive|darthmorton has 15 seconds left.
|inactive|darthmorton has 10 seconds left.
|inactive|darthmorton has 5 seconds left.
|
|t:|1754673339
|move|p2a: Magmar|Heat Wave|p1b: Porygon2|[spread] p1a,p1b
|-supereffective|p1a: Amoonguss
|-damage|p1a: Amoonguss|60/100
|-damage|p1b: Porygon2|85/100
|move|p1b: Porygon2|Tera Blast|p2b: Kingambit|[anim] Tera Blast Fighting
|-damage|p2b: Kingambit|0 fnt
|faint|p2b: Kingambit
|move|p1a: Amoonguss|Pollen Puff|p1b: Porygon2
|-heal|p1b: Porygon2|100/100
|
|upkeep
|
|t:|1754673349
|switch|p2b: Sneasler|Sneasler, L50, F|100/100
|turn|5
|inactive|darthmorton has 30 seconds left.
|
|t:|1754673383
|switch|p1b: Gholdengo|Gholdengo, L50|100/100
|move|p2a: Magmar|Protect|p2a: Magmar
|-singleturn|p2a: Magmar|Protect
|move|p2b: Sneasler|Dire Claw|p1b: Gholdengo
|-immune|p1b: Gholdengo
|move|p1a: Amoonguss|Sludge Bomb|p2b: Sneasler
|-resisted|p2b: Sneasler
|-damage|p2b: Sneasler|81/100
|
|upkeep
|turn|6
|
|t:|1754673397
|move|p1a: Amoonguss|Rage Powder|p1a: Amoonguss
|-singleturn|p1a: Amoonguss|move: Rage Powder
|move|p2b: Sneasler|Dire Claw|p1a: Amoonguss
|-damage|p1a: Amoonguss|27/100
|move|p1b: Gholdengo|Make It Rain|p2a: Magmar|[spread] p2a,p2b
|-resisted|p2a: Magmar
|-damage|p2a: Magmar|0 fnt
|-damage|p2b: Sneasler|13/100
|-unboost|p1b: Gholdengo|spa|1
|faint|p2a: Magmar
|-damage|p1b: Gholdengo|91/100|[from] item: Life Orb
|
|upkeep
|
|t:|1754673408
|switch|p2a: Rillaboom|Rillaboom, L50, F|100/100
|-fieldstart|move: Grassy Terrain|[from] ability: Grassy Surge|[of] p2a: Rillaboom
|turn|7
|
|t:|1754673423
|switch|p1a: Porygon2|Porygon2, L50, tera:Fighting|100/100
|-ability|p1a: Porygon2|Download|boost
|-boost|p1a: Porygon2|atk|1
|move|p2b: Sneasler|Close Combat|p1a: Porygon2
|-damage|p1a: Porygon2|58/100
|-unboost|p2b: Sneasler|def|1
|-unboost|p2b: Sneasler|spd|1
|-status|p1a: Porygon2|psn|[from] ability: Poison Touch|[of] p2b: Sneasler
|move|p1b: Gholdengo|Nasty Plot|p1b: Gholdengo
|-boost|p1b: Gholdengo|spa|2
|move|p2a: Rillaboom|Wood Hammer|p1b: Gholdengo
|-resisted|p1b: Gholdengo
|-damage|p1b: Gholdengo|54/100
|-damage|p2a: Rillaboom|89/100|[from] Recoil
|
|-heal|p2b: Sneasler|19/100|[from] Grassy Terrain
|-heal|p1b: Gholdengo|60/100|[from] Grassy Terrain
|-heal|p2a: Rillaboom|95/100|[from] Grassy Terrain
|-heal|p1a: Porygon2|64/100 psn|[from] Grassy Terrain
|-damage|p1a: Porygon2|52/100 psn|[from] psn
|upkeep
|turn|8
|inactive|DrissVG has 30 seconds left.
|inactive|DrissVG has 20 seconds left.
|inactive|DrissVG has 15 seconds left.
|inactive|DrissVG has 10 seconds left.
|inactive|DrissVG has 5 seconds left.
|
|t:|1754673478
|switch|p1a: Amoonguss|Amoonguss, L50, F, shiny|60/100
|move|p2b: Sneasler|Close Combat|p1a: Amoonguss
|-resisted|p1a: Amoonguss
|-damage|p1a: Amoonguss|34/100
|-unboost|p2b: Sneasler|def|1
|-unboost|p2b: Sneasler|spd|1
|move|p1b: Gholdengo|Make It Rain|p2b: Sneasler|[spread] p2a,p2b
|-damage|p2a: Rillaboom|43/100
|-damage|p2b: Sneasler|0 fnt
|-unboost|p1b: Gholdengo|spa|1
|faint|p2b: Sneasler
|-damage|p1b: Gholdengo|50/100|[from] item: Life Orb
|move|p2a: Rillaboom|Wood Hammer|p1a: Amoonguss
|-resisted|p1a: Amoonguss
|-damage|p1a: Amoonguss|19/100
|-damage|p2a: Rillaboom|38/100|[from] Recoil
|
|-heal|p1b: Gholdengo|57/100|[from] Grassy Terrain
|-heal|p2a: Rillaboom|44/100|[from] Grassy Terrain
|-heal|p1a: Amoonguss|25/100|[from] Grassy Terrain
|upkeep
|turn|9
|inactive|DrissVG has 30 seconds left.
|inactive|DrissVG has 20 seconds left.
|inactive|DrissVG has 15 seconds left.
|inactive|DrissVG has 10 seconds left.
|-message|DrissVG forfeited.
|raw|darthmorton's rating: 1255 → 1280(+25 for winning)
|raw|DrissVG's rating: 1252 → 1227(-25 for losing)
|
|win|darthmorton
