|j|☆ThisIsAnOutsider
|j|☆liv&large27
|html|ThisIsAnOutsiderliv&large27    
|uhtml|bestof|Game 1 of a best-of-3
|t:|1757699895
|gametype|doubles
|player|p1|ThisIsAnOutsider|1|1270
|player|p2|liv&large27|n|1325
|gen|9
|tier|[Gen 9] VGC 2025 Reg H (Bo3)
|rated|
|rule|Species Clause: Limit one of each Pokémon
|rule|Item Clause: Limit 1 of each item
|clearpoke
|poke|p1|Ninetales-Alola, L50, F|
|poke|p1|Annihilape, L50, M|
|poke|p1|Magmar, L50, M|
|poke|p1|Dragonite, L50, M|
|poke|p1|Gholdengo, L50|
|poke|p1|Ursaluna-Bloodmoon, L50, M|
|poke|p2|Blastoise, L50, F|
|poke|p2|Sneasler, L50, M|
|poke|p2|Whimsicott, L50, M|
|poke|p2|Ursaluna, L50, M|
|poke|p2|Dragonite, L50, M|
|poke|p2|Annihilape, L50, F|
|teampreview|4
|showteam|p1|Ninetales-Alola||LightClay|SnowWarning|Blizzard,IcyWind,AuroraVeil,Encore|||F|||50|,,,,,Ghost]Annihilape||SafetyGoggles|Defiant|RageFist,DrainPunch,BulkUp,Protect|||M|||50|,,,,,Fire]Magmar||Eviolite|FlameBody|Flamethrower,ClearSmog,FollowMe,Protect|||M|||50|,,,,,Grass]Dragonite||LoadedDice|Multiscale|ScaleShot,ExtremeSpeed,IceSpinner,Protect|||M|||50|,,,,,Steel]Gholdengo||Leftovers|GoodasGold|MakeItRain,ShadowBall,NastyPlot,Protect||||||50|,,,,,Dragon]Ursaluna-Bloodmoon||LifeOrb|MindsEye|HyperVoice,BloodMoon,EarthPower,Protect|||M|||50|,,,,,Normal
|showteam|p2|Blastoise||ChoiceSpecs|Torrent|WaterSpout,MuddyWater,IceBeam,WaterPledge|||F|||50|,,,,,Water]Sneasler||LifeOrb|PoisonTouch|FakeOut,DireClaw,CloseCombat,ThroatChop|||M|||50|,,,,,Stellar]Whimsicott||FocusSash|Prankster|TrickRoom,Moonblast,Encore,Tailwind|||M|||50|,,,,,Ghost]Ursaluna||FlameOrb|Guts|Facade,Earthquake,Protect,HeadlongRush|||M|||50|,,,,,Ghost]Dragonite||AssaultVest|InnerFocus|DragonClaw,TeraBlast,ExtremeSpeed,FirePunch|||M|||50|,,,,,Flying]Annihilape||SafetyGoggles|Defiant|RageFist,FinalGambit,CloseCombat,Coaching|||F|||50|,,,,,Water
|inactive|Battle timer is ON: inactive players will automatically lose when time's up. (requested by ThisIsAnOutsider)
|
|t:|1757699930
|teamsize|p1|4
|teamsize|p2|4
|start
|switch|p1a: Ninetales|Ninetales-Alola, L50, F, shiny|100/100
|switch|p1b: Annihilape|Annihilape, L50, M, shiny|100/100
|switch|p2a: Annihilape|Annihilape, L50, F|100/100
|switch|p2b: Whimsicott|Whimsicott, L50, M|100/100
|-weather|Snowscape|[from] ability: Snow Warning|[of] p1a: Ninetales
|turn|1
|
|t:|1757699953
|move|p1a: Ninetales|Aurora Veil|p1a: Ninetales
|-sidestart|p1: ThisIsAnOutsider|move: Aurora Veil
|move|p2a: Annihilape|Final Gambit|p1a: Ninetales
|-damage|p1a: Ninetales|0 fnt
|faint|p2a: Annihilape
|faint|p1a: Ninetales
|move|p1b: Annihilape|Rage Fist|p2b: Whimsicott
|-damage|p2b: Whimsicott|77/100
|move|p2b: Whimsicott|Trick Room|p2b: Whimsicott
|-fieldstart|move: Trick Room|[of] p2b: Whimsicott
|
|-weather|Snowscape|[upkeep]
|upkeep
|inactive|liv&large27 has 30 seconds left.
|
|t:|1757699982
|switch|p2a: Ursaluna|Ursaluna, L50, M|100/100
|switch|p1a: Gholdengo|Gholdengo, L50, shiny|100/100
|turn|2
|
|t:|1757699991
|switch|p2b: Blastoise|Blastoise, L50, F|100/100
|move|p2a: Ursaluna|Headlong Rush|p1a: Gholdengo
|-supereffective|p1a: Gholdengo
|-damage|p1a: Gholdengo|4/100
|-unboost|p2a: Ursaluna|def|1
|-unboost|p2a: Ursaluna|spd|1
|move|p1a: Gholdengo|Make It Rain|p2a: Ursaluna|[spread] p2a,p2b
|-resisted|p2b: Blastoise
|-damage|p2a: Ursaluna|45/100
|-damage|p2b: Blastoise|83/100
|-unboost|p1a: Gholdengo|spa|1
|move|p1b: Annihilape|Drain Punch|p2a: Ursaluna
|-supereffective|p2a: Ursaluna
|-damage|p2a: Ursaluna|0 fnt
|faint|p2a: Ursaluna
|
|-weather|Snowscape|[upkeep]
|-heal|p1a: Gholdengo|10/100|[from] item: Leftovers
|upkeep
|
|t:|1757699997
|switch|p2a: Whimsicott|Whimsicott, L50, M|77/100
|turn|3
|
|t:|1757700012
|switch|p1a: Dragonite|Dragonite, L50, M, shiny|100/100
|-terastallize|p2b: Blastoise|Water
|move|p2b: Blastoise|Water Spout|p1b: Annihilape|[spread] p1a,p1b
|-resisted|p1a: Dragonite
|-damage|p1a: Dragonite|89/100
|-damage|p1b: Annihilape|59/100
|move|p2a: Whimsicott|Moonblast|p1b: Annihilape
|-supereffective|p1b: Annihilape
|-damage|p1b: Annihilape|16/100
|move|p1b: Annihilape|Rage Fist|p2b: Blastoise
|-damage|p2b: Blastoise|27/100
|
|-weather|Snowscape|[upkeep]
|upkeep
|turn|4
|
|t:|1757700033
|-terastallize|p1b: Annihilape|Fire
|move|p1a: Dragonite|Extreme Speed|p2b: Blastoise
|-damage|p2b: Blastoise|0 fnt
|faint|p2b: Blastoise
|move|p2a: Whimsicott|Moonblast|p1a: Dragonite
|-supereffective|p1a: Dragonite
|-damage|p1a: Dragonite|40/100
|-unboost|p1a: Dragonite|spa|1
|move|p1b: Annihilape|Rage Fist|p2a: Whimsicott
|-damage|p2a: Whimsicott|5/100
|
|-weather|Snowscape|[upkeep]
|upkeep
|turn|5
|-message|liv&large27 forfeited.
|
|win|ThisIsAnOutsider
||liv&large27 is ready for game 2.
||ThisIsAnOutsider is ready for game 2.
|uhtml|next|Next: Game 2 of 3
