|j|☆ilkrosirjs
|j|‽bub5g
|html|ilkrosirjsbub5g    
|uhtml|bestof|Game 2 of a best-of-3
|t:|1783367344
|gametype|doubles
|player|p1|ilkrosirjs|lady|
|player|p2|bub5g|2|
|gen|9
|tier|[Gen 9 Champions] VGC 2026 Reg M-B (Bo3)
|rule|Species Clause: Limit one of each Pokémon
|rule|Item Clause: Limit 1 of each item
|clearpoke
|poke|p1|Floette-Eternal, L50, F|
|poke|p1|Blaziken, L50, M|
|poke|p1|Whimsicott, L50, M|
|poke|p1|Basculegion, L50, M|
|poke|p1|Farigiraf, L50, F|
|poke|p1|Hydreigon, L50, F|
|poke|p2|Floette-Eternal, L50, F|
|poke|p2|Charizard, L50, F|
|poke|p2|Kingambit, L50, M|
|poke|p2|Whimsicott, L50, F|
|poke|p2|Basculegion, L50, M|
|poke|p2|Garchomp, L50, F|
|teampreview|4
|showteam|p1|Floette-Eternal||Floettite|FlowerVeil|LightofRuin,Moonblast,DazzlingGleam,Protect|Timid||F|||50|]Blaziken||Blazikenite|SpeedBoost|FlareBlitz,CloseCombat,RockSlide,Protect|Adamant||M|||50|]Whimsicott||FocusSash|Prankster|Moonblast,Tailwind,Encore,Protect|Timid||M|||50|]Basculegion||LifeOrb|Adaptability|WaveCrash,LastRespects,AquaJet,Protect|Jolly||M|||50|]Farigiraf||SitrusBerry|ArmorTail|TwinBeam,HyperVoice,HelpingHand,Roar|Modest||F|||50|]Hydreigon||ChoiceScarf|Levitate|DarkPulse,DracoMeteor,EarthPower,Snarl|Timid||F|||50|
|showteam|p2|Floette-Eternal||Floettite|FlowerVeil|LightofRuin,Moonblast,DazzlingGleam,Protect|Timid||F|||50|]Charizard||CharizarditeY|Blaze|SolarBeam,HeatWave,WeatherBall,Protect|Modest||F|||50|]Kingambit||BlackGlasses|Defiant|IronHead,Protect,KowtowCleave,SuckerPunch|Adamant||M|||50|]Whimsicott||FocusSash|Prankster|Moonblast,Tailwind,Encore,Protect|Timid||F|||50|]Basculegion||MysticWater|Adaptability|WaveCrash,Protect,LastRespects,AquaJet|Adamant||M|||50|]Garchomp||LifeOrb|RoughSkin|Earthquake,RockSlide,Protect,DragonClaw|Jolly||F|||50|
|
|t:|1783367375
|teamsize|p1|4
|teamsize|p2|4
|start
|switch|p1a: Blaziken|Blaziken, L50, M|100/100
|switch|p1b: Whimsicott|Whimsicott, L50, M|100/100
|switch|p2a: Whimsicott|Whimsicott, L50, F|100/100
|switch|p2b: Garchomp|Garchomp, L50, F|100/100
|turn|1
|
|t:|1783367398
|detailschange|p1a: Blaziken|Blaziken-Mega, L50, M
|-mega|p1a: Blaziken|Blaziken|Blazikenite
|move|p2a: Whimsicott|Tailwind|p2a: Whimsicott
|-sidestart|p2: bub5g|move: Tailwind
|move|p1b: Whimsicott|Tailwind|p1b: Whimsicott
|-sidestart|p1: ilkrosirjs|move: Tailwind
|move|p2b: Garchomp|Earthquake|p1a: Blaziken|[spread] p2a,p1a,p1b
|-resisted|p2a: Whimsicott|1
|-supereffective|p1a: Blaziken|1
|-resisted|p1b: Whimsicott|1
|-damage|p2a: Whimsicott|69/100
|-damage|p1a: Blaziken|0 fnt
|-damage|p1b: Whimsicott|59/100
|faint|p1a: Blaziken
|-damage|p2b: Garchomp|90/100|[from] item: Life Orb
|
|upkeep
|c|☆ilkrosirjs|its faster??
|
|t:|1783367415
|switch|p1a: Hydreigon|Hydreigon, L50, F|100/100
|turn|2
|
|t:|1783367427
|switch|p1a: Basculegion|Basculegion, L50, M|100/100
|move|p2a: Whimsicott|Encore|p1b: Whimsicott
|-start|p1b: Whimsicott|Encore
|move|p1b: Whimsicott|Tailwind||[still]
|-fail|p1b: Whimsicott
|move|p2b: Garchomp|Rock Slide|p1b: Whimsicott|[spread] p1a,p1b
|-damage|p1a: Basculegion|64/100
|-damage|p1b: Whimsicott|18/100
|-damage|p2b: Garchomp|80/100|[from] item: Life Orb
|
|upkeep
|turn|3
|
|t:|1783367443
|move|p2b: Garchomp|Protect|p2b: Garchomp
|-singleturn|p2b: Garchomp|Protect
|move|p1b: Whimsicott|Tailwind||[still]
|-fail|p1b: Whimsicott
|move|p2a: Whimsicott|Moonblast|p1a: Basculegion
|-damage|p1a: Basculegion|36/100
|move|p1a: Basculegion|Last Respects|p2b: Garchomp
|-activate|p2b: Garchomp|move: Protect
|
|upkeep
|turn|4
|
|t:|1783367463
|switch|p1b: Hydreigon|Hydreigon, L50, F|100/100
|move|p1a: Basculegion|Protect|p1a: Basculegion
|-singleturn|p1a: Basculegion|Protect
|move|p2a: Whimsicott|Moonblast|p1a: Basculegion
|-activate|p1a: Basculegion|move: Protect
|move|p2b: Garchomp|Earthquake|p1b: Hydreigon|[spread] p2a
|-activate|p1a: Basculegion|move: Protect
|-immune|p1b: Hydreigon|[from] ability: Levitate
|-resisted|p2a: Whimsicott|1
|-damage|p2a: Whimsicott|40/100
|-damage|p2b: Garchomp|70/100|[from] item: Life Orb
|
|-sideend|p2: bub5g|move: Tailwind
|-sideend|p1: ilkrosirjs|move: Tailwind
|upkeep
|turn|5
|
|t:|1783367499
|switch|p1a: Whimsicott|Whimsicott, L50, M|18/100
|move|p2a: Whimsicott|Encore||[still]
|-fail|p2a: Whimsicott
|move|p1b: Hydreigon|Draco Meteor|p2b: Garchomp
|-supereffective|p2b: Garchomp|1
|-damage|p2b: Garchomp|0 fnt
|-unboost|p1b: Hydreigon|spa|2
|faint|p2b: Garchomp
|
|upkeep
|
|t:|1783367505
|switch|p2b: Basculegion|Basculegion, L50, M|100/100
|turn|6
|
|t:|1783367520
|move|p1a: Whimsicott|Tailwind|p1a: Whimsicott
|-sidestart|p1: ilkrosirjs|move: Tailwind
|move|p2a: Whimsicott|Tailwind|p2a: Whimsicott
|-sidestart|p2: bub5g|move: Tailwind
|move|p1b: Hydreigon|Draco Meteor|p2b: Basculegion
|-damage|p2b: Basculegion|70/100
|-unboost|p1b: Hydreigon|spa|2
|move|p2b: Basculegion|Last Respects|p1a: Whimsicott
|-damage|p1a: Whimsicott|0 fnt
|faint|p1a: Whimsicott
|
|upkeep
|
|t:|1783367533
|switch|p1a: Basculegion|Basculegion, L50, M|36/100
|turn|7
|
|t:|1783367552
|move|p1b: Hydreigon|Draco Meteor|p2a: Whimsicott
|-immune|p2a: Whimsicott
|move|p2a: Whimsicott|Moonblast|p1b: Hydreigon
|-supereffective|p1b: Hydreigon|2
|-damage|p1b: Hydreigon|0 fnt
|faint|p1b: Hydreigon
|move|p1a: Basculegion|Last Respects|p2b: Basculegion
|-supereffective|p2b: Basculegion|1
|-damage|p2b: Basculegion|0 fnt
|faint|p2b: Basculegion
|-damage|p1a: Basculegion|26/100|[from] item: Life Orb
|
|upkeep
|
|t:|1783367557
|switch|p2b: Charizard|Charizard, L50, F|100/100
|turn|8
|
|t:|1783367570
|detailschange|p2b: Charizard|Charizard-Mega-Y, L50, F
|-mega|p2b: Charizard|Charizard|Charizardite Y
|-weather|SunnyDay|[from] ability: Drought|[of] p2b: Charizard
|move|p2a: Whimsicott|Moonblast|p1a: Basculegion
|-damage|p1a: Basculegion|0 fnt
|faint|p1a: Basculegion
|
|win|bub5g
|l|☆ilkrosirjs
|player|p1|
