|j|☆CTM_Charion
|j|☆sergiovj
|html|CTM_Charionsergiovj    
|uhtml|bestof|Game 3 of a best-of-3
|t:|1782419237
|gametype|doubles
|player|p1|CTM_Charion|chase|
|player|p2|sergiovj|266|
|gen|9
|tier|[Gen 9 Champions] VGC 2026 Reg M-B (Bo3)
|rule|Species Clause: Limit one of each Pokémon
|rule|Item Clause: Limit 1 of each item
|clearpoke
|poke|p1|Staraptor, L50, M|
|poke|p1|Maushold-Four, L50|
|poke|p1|Delphox, L50, F|
|poke|p1|Sinistcha, L50|
|poke|p1|Annihilape, L50, M|
|poke|p1|Whimsicott, L50, M|
|poke|p2|Hydreigon, L50, M|
|poke|p2|Garchomp, L50, F|
|poke|p2|Metagross, L50|
|poke|p2|Charizard, L50, F|
|poke|p2|Grimmsnarl, L50, M|
|poke|p2|Toxapex, L50, F|
|teampreview|4
|showteam|p1|Staraptor||Staraptite|Intimidate|DualWingbeat,CloseCombat,Tailwind,Protect|Jolly||M|||50|]Maushold-Four||ChopleBerry|FriendGuard|SuperFang,FollowMe,BeatUp,Protect|Jolly|||||50|]Delphox||Delphoxite|Blaze|HeatWave,Psychic,NastyPlot,Protect|Timid||F|||50|]Sinistcha||CobaBerry|Hospitality|MatchaGotcha,LifeDew,RagePowder,Protect|Bold|||||50|]Annihilape||Leftovers|Defiant|RageFist,DrainPunch,BulkUp,Protect|Jolly||M|||50|]Whimsicott||FocusSash|Prankster|Moonblast,Tailwind,SunnyDay,Protect|Timid||M|||50|
|showteam|p2|Hydreigon||ChoiceScarf|Levitate|HeatWave,DarkPulse,DracoMeteor,Snarl|Modest||M|||50|]Garchomp||SitrusBerry|RoughSkin|Earthquake,RockSlide,DragonClaw,Protect|Adamant||F|||50|]Metagross||Metagrossite|ClearBody|IronHead,HammerArm,BulletPunch,Protect|Adamant|||||50|]Charizard||CharizarditeY|Blaze|Protect,HeatWave,SolarBeam,WeatherBall|Timid||F|||50|]Grimmsnarl||RoseliBerry|Prankster|FakeOut,FoulPlay,Reflect,PartingShot|Sassy||M|||50|]Toxapex||Leftovers|Regenerator|Infestation,Toxic,BanefulBunker,WideGuard|Bold||F|||50|
|
|t:|1782419291
|teamsize|p1|4
|teamsize|p2|4
|start
|switch|p1a: Annihilape|Annihilape, L50, M|100/100
|switch|p1b: Maushold|Maushold-Four, L50|100/100
|switch|p2a: Charizard|Charizard, L50, F|100/100
|switch|p2b: Toxapex|Toxapex, L50, F|100/100
|turn|1
|
|t:|1782419310
|detailschange|p2a: Charizard|Charizard-Mega-Y, L50, F
|-mega|p2a: Charizard|Charizard|Charizardite Y
|-weather|SunnyDay|[from] ability: Drought|[of] p2a: Charizard
|move|p1b: Maushold|Super Fang|p2a: Charizard|[miss]
|-miss|p1b: Maushold|p2a: Charizard
|move|p2a: Charizard|Weather Ball|p1b: Maushold
|-crit|p1b: Maushold
|-damage|p1b: Maushold|0 fnt
|faint|p1b: Maushold
|move|p1a: Annihilape|Bulk Up|p1a: Annihilape
|-boost|p1a: Annihilape|atk|1
|-boost|p1a: Annihilape|def|1
|move|p2b: Toxapex|Toxic|p1a: Annihilape
|-status|p1a: Annihilape|tox
|
|-weather|SunnyDay|[upkeep]
|-damage|p1a: Annihilape|93/100 tox|[from] psn
|upkeep
|
|t:|1782419324
|switch|p1b: Delphox|Delphox, L50, F|100/100
|turn|2
|
|t:|1782419348
|switch|p2b: Grimmsnarl|Grimmsnarl, L50, M|100/100
|detailschange|p1b: Delphox|Delphox-Mega, L50, F
|-mega|p1b: Delphox|Delphox|Delphoxite
|move|p1b: Delphox|Nasty Plot|p1b: Delphox
|-boost|p1b: Delphox|spa|2
|move|p2a: Charizard|Weather Ball|p1a: Annihilape
|-damage|p1a: Annihilape|14/100 tox
|move|p1a: Annihilape|Rage Fist|p2a: Charizard
|-damage|p2a: Charizard|38/100
|
|-weather|SunnyDay|[upkeep]
|-heal|p1a: Annihilape|20/100y tox|[from] item: Leftovers
|-damage|p1a: Annihilape|8/100 tox|[from] psn
|upkeep
|turn|3
|
|t:|1782419374
|move|p2b: Grimmsnarl|Fake Out|p1b: Delphox
|-damage|p1b: Delphox|84/100
|cant|p1b: Delphox|flinch
|move|p2a: Charizard|Weather Ball|p1a: Annihilape
|-damage|p1a: Annihilape|0 fnt
|faint|p1a: Annihilape
|
|-weather|SunnyDay|[upkeep]
|upkeep
|
|t:|1782419381
|switch|p1a: Sinistcha|Sinistcha, L50|100/100
|-heal|p1b: Delphox|100/100|[from] ability: Hospitality|[of] p1a: Sinistcha
|turn|4
|
|t:|1782419401
|move|p2a: Charizard|Protect|p2a: Charizard
|-singleturn|p2a: Charizard|Protect
|move|p2b: Grimmsnarl|Parting Shot|p1b: Delphox
|-unboost|p1b: Delphox|atk|1
|-unboost|p1b: Delphox|spa|1
|
|t:|1782419405
|switch|p2b: Garchomp|Garchomp, L50, F|100/100|[from] Parting Shot
|move|p1b: Delphox|Heat Wave|p2a: Charizard|[spread] p2b
|-activate|p2a: Charizard|move: Protect
|-resisted|p2b: Garchomp|1
|-damage|p2b: Garchomp|57/100
|move|p1a: Sinistcha|Matcha Gotcha|p2b: Garchomp|[spread] 
|-activate|p2a: Charizard|move: Protect
|-miss|p1a: Sinistcha|p2b: Garchomp
|
|-weather|SunnyDay|[upkeep]
|upkeep
|turn|5
|
|t:|1782419430
|move|p1a: Sinistcha|Protect|p1a: Sinistcha
|-singleturn|p1a: Sinistcha|Protect
|move|p1b: Delphox|Psychic|p2b: Garchomp
|-damage|p2b: Garchomp|0 fnt
|faint|p2b: Garchomp
|move|p2a: Charizard|Weather Ball|p1a: Sinistcha
|-activate|p1a: Sinistcha|move: Protect
|
|-weather|none
|upkeep
|
|t:|1782419441
|switch|p2b: Grimmsnarl|Grimmsnarl, L50, M|100/100
|turn|6
|
|t:|1782419453
|move|p1a: Sinistcha|Protect||[still]
|-fail|p1a: Sinistcha
|move|p2b: Grimmsnarl|Fake Out|p1b: Delphox
|-damage|p1b: Delphox|82/100
|cant|p1b: Delphox|flinch
|move|p2a: Charizard|Heat Wave|p1a: Sinistcha|[spread] p1a,p1b
|-supereffective|p1a: Sinistcha|1
|-resisted|p1b: Delphox|1
|-damage|p1a: Sinistcha|28/100
|-damage|p1b: Delphox|65/100
|
|upkeep
|turn|7
|
|t:|1782419480
|move|p2b: Grimmsnarl|Parting Shot|p1b: Delphox
|-unboost|p1b: Delphox|atk|1
|-unboost|p1b: Delphox|spa|1
|
|t:|1782419484
|switch|p2b: Toxapex|Toxapex, L50, F|100/100|[from] Parting Shot
|move|p1b: Delphox|Psychic|p2a: Charizard
|-damage|p2a: Charizard|0 fnt
|faint|p2a: Charizard
|move|p1a: Sinistcha|Life Dew|p1a: Sinistcha|[spread] p1a,p1b
|-heal|p1a: Sinistcha|53/100
|-heal|p1b: Delphox|90/100
|
|upkeep
|
|t:|1782419492
|switch|p2a: Grimmsnarl|Grimmsnarl, L50, M|100/100
|turn|8
|
|t:|1782419512
|move|p1b: Delphox|Protect|p1b: Delphox
|-singleturn|p1b: Delphox|Protect
|move|p2a: Grimmsnarl|Fake Out|p1b: Delphox
|-activate|p1b: Delphox|move: Protect
|move|p1a: Sinistcha|Matcha Gotcha|p2b: Toxapex|[spread] p2a,p2b
|-damage|p2a: Grimmsnarl|79/100
|-heal|p1a: Sinistcha|65/100|[from] drain|[of] p2a: Grimmsnarl
|-damage|p2b: Toxapex|80/100
|-heal|p1a: Sinistcha|74/100|[from] drain|[of] p2b: Toxapex
|move|p2b: Toxapex|Toxic|p1a: Sinistcha
|-status|p1a: Sinistcha|tox
|
|-heal|p2b: Toxapex|85/100|[from] item: Leftovers
|-damage|p1a: Sinistcha|67/100 tox|[from] psn
|upkeep
|turn|9
|
|t:|1782419536
|move|p2a: Grimmsnarl|Parting Shot|p1b: Delphox
|-unboost|p1b: Delphox|atk|1
|-unboost|p1b: Delphox|spa|1
|move|p1b: Delphox|Psychic|p2b: Toxapex
|-supereffective|p2b: Toxapex|1
|-damage|p2b: Toxapex|28/100
|move|p1a: Sinistcha|Matcha Gotcha|p2a: Grimmsnarl|[spread] p2a,p2b
|-crit|p2a: Grimmsnarl
|-damage|p2a: Grimmsnarl|44/100
|-heal|p1a: Sinistcha|87/100 tox|[from] drain|[of] p2a: Grimmsnarl
|-damage|p2b: Toxapex|9/100
|-heal|p1a: Sinistcha|96/100 tox|[from] drain|[of] p2b: Toxapex
|-status|p2a: Grimmsnarl|brn
|move|p2b: Toxapex|Toxic|p1b: Delphox
|-status|p1b: Delphox|tox
|
|-heal|p2b: Toxapex|15/100|[from] item: Leftovers
|-damage|p1b: Delphox|84/100 tox|[from] psn
|-damage|p1a: Sinistcha|83/100 tox|[from] psn
|-damage|p2a: Grimmsnarl|38/100 brn|[from] brn
|upkeep
|turn|10
|
|t:|1782419564
|move|p2b: Toxapex|Wide Guard|p2b: Toxapex
|-singleturn|p2b: Toxapex|Wide Guard
|move|p1b: Delphox|Heat Wave|p2a: Grimmsnarl|[spread] 
|-activate|p2a: Grimmsnarl|move: Wide Guard
|-activate|p2b: Toxapex|move: Wide Guard
|move|p1a: Sinistcha|Matcha Gotcha|p2b: Toxapex|[spread] 
|-activate|p2a: Grimmsnarl|move: Wide Guard
|-activate|p2b: Toxapex|move: Wide Guard
|move|p2a: Grimmsnarl|Foul Play|p1b: Delphox
|-supereffective|p1b: Delphox|1
|-damage|p1b: Delphox|70/100 tox
|
|-heal|p2b: Toxapex|21/100|[from] item: Leftovers
|-damage|p1b: Delphox|58/100 tox|[from] psn
|-damage|p1a: Sinistcha|65/100 tox|[from] psn
|-damage|p2a: Grimmsnarl|32/100 brn|[from] brn
|upkeep
|turn|11
|
|t:|1782419597
|move|p2b: Toxapex|Baneful Bunker||[still]
|-fail|p2b: Toxapex
|move|p2a: Grimmsnarl|Parting Shot|p1b: Delphox
|-unboost|p1b: Delphox|atk|1
|-unboost|p1b: Delphox|spa|1
|move|p1b: Delphox|Psychic|p2b: Toxapex
|-supereffective|p2b: Toxapex|1
|-damage|p2b: Toxapex|0 fnt
|faint|p2b: Toxapex
|move|p1a: Sinistcha|Matcha Gotcha|p2a: Grimmsnarl
|-damage|p2a: Grimmsnarl|2/100 brn
|-heal|p1a: Sinistcha|82/100 tox|[from] drain|[of] p2a: Grimmsnarl
|
|-damage|p1b: Delphox|40/100 tox|[from] psn
|-damage|p1a: Sinistcha|57/100 tox|[from] psn
|-damage|p2a: Grimmsnarl|0 fnt|[from] brn
|faint|p2a: Grimmsnarl
|
|win|CTM_Charion
|c|☆sergiovj|GG!
|c|☆CTM_Charion|gg
|c|☆sergiovj|Pasas las repes tú?
