|j|☆lolgz
|j|☆pokeplaygg
|html|lolgzpokeplaygg    
|uhtml|bestof|Game 1 of a best-of-3
|t:|1782439125
|gametype|doubles
|player|p1|lolgz|dawn|1227
|player|p2|pokeplaygg|169|1418
|gen|9
|tier|[Gen 9 Champions] VGC 2026 Reg M-B (Bo3)
|rated|
|rule|Species Clause: Limit one of each Pokémon
|rule|Item Clause: Limit 1 of each item
|clearpoke
|poke|p1|Mawile, L50, M|
|poke|p1|Sneasler, L50, M|
|poke|p1|Farigiraf, L50, M|
|poke|p1|Ampharos, L50, M|
|poke|p1|Vileplume, L50, F|
|poke|p1|Torkoal, L50, M|
|poke|p2|Pelipper, L50, F|
|poke|p2|Archaludon, L50, M|
|poke|p2|Swampert, L50, M|
|poke|p2|Sinistcha, L50|
|poke|p2|Venusaur, L50, F|
|poke|p2|Aerodactyl, L50, F|
|teampreview|4
|showteam|p1|Mawile||Mawilite|HyperCutter|PlayRough,SuckerPunch,SwordsDance,Protect|Serious||M|||50|]Sneasler||IronBall|PoisonTouch|FakeOut,DireClaw,CloseCombat,RockTomb|Brave||M|||50|]Farigiraf||SitrusBerry|ArmorTail|TrickRoom,Thunderbolt,Psychic,HelpingHand|Relaxed||M|||50|]Ampharos||Ampharosite|Static|Thunderbolt,DragonPulse,Protect,FocusBlast|Brave||M|||50|]Vileplume||FocusSash|Chlorophyll|SleepPowder,SludgeBomb,EnergyBall,AfterYou|Timid||F|||50|]Torkoal||Charcoal|Drought|Eruption,WeatherBall,EarthPower,Protect|Quiet||M|||50|
|showteam|p2|Pelipper||LifeOrb|Drizzle|Protect,Hurricane,MuddyWater,Tailwind|Modest||F|||50|]Archaludon||Leftovers|Stamina|Protect,ElectroShot,DracoMeteor,FlashCannon|Modest||M|||50|]Swampert||Swampertite|Torrent|Protect,WaveCrash,Earthquake,IcePunch|Adamant||M|||50|]Sinistcha||BrightPowder|Hospitality|TrickRoom,LifeDew,MatchaGotcha,RagePowder|Bold|||||50|]Venusaur||Venusaurite|Chlorophyll|Protect,SleepPowder,SludgeBomb,EarthPower|Modest||F|||50|]Aerodactyl||FocusSash|Unnerve|Protect,Tailwind,RockSlide,DualWingbeat|Jolly||F|||50|
|inactive|Battle timer is ON: inactive players will automatically lose when time's up. (requested by lolgz)
|inactive|pokeplaygg has 60 seconds left.
|
|t:|1782439178
|teamsize|p1|4
|teamsize|p2|4
|start
|switch|p1a: Farigiraf|Farigiraf, L50, M|100/100
|switch|p1b: Sneasler|Sneasler, L50, M|100/100
|switch|p2a: Venusaur|Venusaur, L50, F|100/100
|switch|p2b: Swampert|Swampert, L50, M|100/100
|turn|1
|
|t:|1782439202
|detailschange|p2b: Swampert|Swampert-Mega, L50, M
|-mega|p2b: Swampert|Swampert|Swampertite
|move|p1b: Sneasler|Fake Out|p2b: Swampert
|-damage|p2b: Swampert|85/100
|-status|p2b: Swampert|psn|[from] ability: Poison Touch|[of] p1b: Sneasler
|cant|p2b: Swampert|flinch
|move|p2a: Venusaur|Sleep Powder|p1a: Farigiraf|[miss]
|-miss|p2a: Venusaur|p1a: Farigiraf
|move|p1a: Farigiraf|Trick Room|p1a: Farigiraf
|-fieldstart|move: Trick Room|[of] p1a: Farigiraf
|
|-damage|p2b: Swampert|73/100 psn|[from] psn
|upkeep
|turn|2
|
|t:|1782439222
|switch|p2a: Sinistcha|Sinistcha, L50|100/100
|-heal|p2b: Swampert|98/100 psn|[from] ability: Hospitality|[of] p2a: Sinistcha
|move|p1b: Sneasler|Dire Claw|p2a: Sinistcha
|-damage|p2a: Sinistcha|69/100
|-status|p2a: Sinistcha|psn
|move|p1a: Farigiraf|Psychic|p2a: Sinistcha
|-damage|p2a: Sinistcha|31/100 psn
|move|p2b: Swampert|Earthquake|p1b: Sneasler|[spread] p2a,p1a,p1b
|-resisted|p2a: Sinistcha|1
|-crit|p2a: Sinistcha
|-supereffective|p1b: Sneasler|1
|-damage|p2a: Sinistcha|6/100 psn
|-damage|p1a: Farigiraf|64/100
|-damage|p1b: Sneasler|0 fnt
|faint|p1b: Sneasler
|
|-damage|p2a: Sinistcha|0 fnt|[from] psn
|faint|p2a: Sinistcha
|-damage|p2b: Swampert|85/100 psn|[from] psn
|upkeep
|
|t:|1782439244
|switch|p2a: Venusaur|Venusaur, L50, F|100/100
|switch|p1b: Ampharos|Ampharos, L50, M|100/100
|turn|3
|
|t:|1782439261
|detailschange|p1b: Ampharos|Ampharos-Mega, L50, M
|-mega|p1b: Ampharos|Ampharos|Ampharosite
|-ability|p1b: Ampharos|Mold Breaker
|move|p2a: Venusaur|Protect|p2a: Venusaur
|-singleturn|p2a: Venusaur|Protect
|move|p1b: Ampharos|Dragon Pulse|p2b: Swampert
|-damage|p2b: Swampert|40/100 psn
|move|p1a: Farigiraf|Psychic|p2b: Swampert
|-damage|p2b: Swampert|6/100 psn
|-unboost|p2b: Swampert|spd|1
|move|p2b: Swampert|Earthquake|p1b: Ampharos|[spread] p1a,p1b
|-activate|p2a: Venusaur|move: Protect
|-supereffective|p1b: Ampharos|1
|-damage|p1a: Farigiraf|29/100
|-damage|p1b: Ampharos|19/100
|-enditem|p1a: Farigiraf|Sitrus Berry|[eat]
|-heal|p1a: Farigiraf|54/100|[from] item: Sitrus Berry
|
|-damage|p2b: Swampert|0 fnt|[from] psn
|faint|p2b: Swampert
|upkeep
|
|t:|1782439279
|switch|p2b: Pelipper|Pelipper, L50, F|100/100
|-weather|RainDance|[from] ability: Drizzle|[of] p2b: Pelipper
|turn|4
|inactive|pokeplaygg has 30 seconds left.
|inactive|pokeplaygg has 20 seconds left.
|inactive|pokeplaygg has 15 seconds left.
|
|t:|1782439322
|move|p2b: Pelipper|Protect|p2b: Pelipper
|-singleturn|p2b: Pelipper|Protect
|move|p1b: Ampharos|Dragon Pulse|p2a: Venusaur
|-damage|p2a: Venusaur|47/100
|move|p1a: Farigiraf|Psychic|p2a: Venusaur
|-supereffective|p2a: Venusaur|1
|-damage|p2a: Venusaur|0 fnt
|faint|p2a: Venusaur
|
|-weather|RainDance|[upkeep]
|upkeep
|turn|5
|-message|pokeplaygg forfeited.
|
|win|lolgz
