|j|☆DominicVGC07
|j|☆partigiano jonny
|html|DominicVGC07partigiano jonny    
|uhtml|bestof|Game 2 of a best-of-3
|t:|1756823915
|gametype|doubles
|player|p1|DominicVGC07|ghetsis|1468
|player|p2|partigiano jonny|volkner|1541
|gen|9
|tier|[Gen 9] VGC 2025 Reg H (Bo3)
|rated|
|rule|Species Clause: Limit one of each Pokémon
|rule|Item Clause: Limit 1 of each item
|clearpoke
|poke|p1|Kingambit, L50, M|
|poke|p1|Sneasler, L50, F|
|poke|p1|Rillaboom, L50, M|
|poke|p1|Dragonite, L50, M|
|poke|p1|Volcarona, L50, F|
|poke|p1|Electabuzz, L50, F|
|poke|p2|Whimsicott, L50, M|
|poke|p2|Corviknight, L50, F|
|poke|p2|Indeedee, L50, M|
|poke|p2|Sneasler, L50, F|
|poke|p2|Ursaluna-Bloodmoon, L50, M|
|poke|p2|Archaludon, L50, F|
|teampreview|4
|showteam|p1|Kingambit||BlackGlasses|Defiant|KowtowCleave,SuckerPunch,SwordsDance,Protect|||M|||50|,,,,,Dark]Sneasler||FocusSash|Unburden|FakeOut,CloseCombat,DireClaw,Coaching|||F|||50|,,,,,Stellar]Rillaboom||AssaultVest|GrassySurge|FakeOut,WoodHammer,GrassyGlide,HighHorsepower|||M|||50|,,,,,Fire]Dragonite||LoadedDice|Multiscale|ScaleShot,ExtremeSpeed,Haze,Protect|||M|||50|,,,,,Steel]Volcarona||Leftovers|FlameBody|HeatWave,TeraBlast,QuiverDance,Protect|||F|||50|,,,,,Fairy]Electabuzz||Eviolite|VitalSpirit|Electroweb,FollowMe,Taunt,Protect|||F|||50|,,,,,Dragon
|showteam|p2|Whimsicott||CovertCloak|Prankster|Moonblast,Taunt,Tailwind,FakeTears|||M|||50|,,,,,Water]Corviknight||Leftovers|MirrorArmor|BraveBird,BulkUp,Tailwind,Roost|||F|||50|,,,,,Dragon]Indeedee||FocusSash|PsychicSurge|ExpandingForce,TeraBlast,Imprison,TrickRoom|||M|||50|,,,,,Psychic]Sneasler||PsychicSeed|Unburden|CloseCombat,DireClaw,ThroatChop,Protect|||F|||50|,,,,,Dark]Ursaluna-Bloodmoon||LifeOrb|MindsEye|HyperVoice,BloodMoon,EarthPower,Protect|||M|||50|,,,,,Normal]Archaludon||PowerHerb|Stalwart|ElectroShot,DragonPulse,Thunderbolt,Protect|||F|||50|,,,,,Electric
|inactive|Battle timer is ON: inactive players will automatically lose when time's up. (requested by partigiano jonny)
|inactive|DominicVGC07 has 60 seconds left.
|
|t:|1756823964
|teamsize|p1|4
|teamsize|p2|4
|start
|switch|p1a: Firemoth|Volcarona, L50, F|100/100
|switch|p1b: 1000volt|Electabuzz, L50, F|100/100
|switch|p2a: Whimsicott|Whimsicott, L50, M|100/100
|switch|p2b: Ursaluna|Ursaluna-Bloodmoon, L50, M|100/100
|turn|1
|
|t:|1756823983
|-terastallize|p2b: Ursaluna|Normal
|move|p1b: 1000volt|Follow Me|p1b: 1000volt
|-singleturn|p1b: 1000volt|move: Follow Me
|move|p2a: Whimsicott|Taunt|p1b: 1000volt
|-start|p1b: 1000volt|move: Taunt
|move|p1a: Firemoth|Quiver Dance|p1a: Firemoth
|-boost|p1a: Firemoth|spa|1
|-boost|p1a: Firemoth|spd|1
|-boost|p1a: Firemoth|spe|1
|move|p2b: Ursaluna|Hyper Voice|p1a: Firemoth|[spread] p1a,p1b
|-damage|p1a: Firemoth|58/100
|-damage|p1b: 1000volt|52/100
|-damage|p2b: Ursaluna|91/100|[from] item: Life Orb
|
|-heal|p1a: Firemoth|64/100|[from] item: Leftovers
|upkeep
|turn|2
|
|t:|1756823996
|move|p1a: Firemoth|Protect|p1a: Firemoth
|-singleturn|p1a: Firemoth|Protect
|move|p2a: Whimsicott|Tailwind|p2a: Whimsicott
|-sidestart|p2: partigiano jonny|move: Tailwind
|move|p2b: Ursaluna|Earth Power|p1b: 1000volt
|-supereffective|p1b: 1000volt
|-damage|p1b: 1000volt|0 fnt
|faint|p1b: 1000volt
|-damage|p2b: Ursaluna|81/100|[from] item: Life Orb
|
|-heal|p1a: Firemoth|70/100|[from] item: Leftovers
|upkeep
|
|t:|1756824006
|switch|p1b: Kong|Rillaboom, L50, M|100/100
|-fieldstart|move: Grassy Terrain|[from] ability: Grassy Surge|[of] p1b: Kong
|turn|3
|
|t:|1756824016
|move|p2b: Ursaluna|Protect|p2b: Ursaluna
|-singleturn|p2b: Ursaluna|Protect
|move|p2a: Whimsicott|Taunt|p1a: Firemoth
|-start|p1a: Firemoth|move: Taunt
|move|p1a: Firemoth|Heat Wave|p2a: Whimsicott|[spread] 
|-activate|p2b: Ursaluna|move: Protect
|-miss|p1a: Firemoth|p2a: Whimsicott
|move|p1b: Kong|Wood Hammer|p2b: Ursaluna
|-activate|p2b: Ursaluna|move: Protect
|
|-heal|p2b: Ursaluna|87/100|[from] Grassy Terrain
|-heal|p1a: Firemoth|77/100|[from] Grassy Terrain
|-heal|p1a: Firemoth|83/100|[from] item: Leftovers
|upkeep
|turn|4
|
|t:|1756824031
|move|p2a: Whimsicott|Fake Tears|p1a: Firemoth
|-unboost|p1a: Firemoth|spd|2
|move|p2b: Ursaluna|Blood Moon|p1a: Firemoth
|-damage|p1a: Firemoth|0 fnt
|faint|p1a: Firemoth
|-damage|p2b: Ursaluna|78/100|[from] item: Life Orb
|move|p1b: Kong|Wood Hammer|p2b: Ursaluna
|-damage|p2b: Ursaluna|15/100
|-damage|p1b: Kong|81/100|[from] Recoil
|
|-heal|p2b: Ursaluna|21/100|[from] Grassy Terrain
|-heal|p1b: Kong|87/100|[from] Grassy Terrain
|upkeep
|
|t:|1756824036
|switch|p1a: Skydragon|Dragonite, L50, M|100/100
|turn|5
|inactive|DominicVGC07 has 30 seconds left.
|inactive|DominicVGC07 has 20 seconds left.
|inactive|DominicVGC07 has 15 seconds left.
|
|t:|1756824081
|move|p1a: Skydragon|Protect|p1a: Skydragon
|-singleturn|p1a: Skydragon|Protect
|move|p2a: Whimsicott|Moonblast|p1a: Skydragon
|-activate|p1a: Skydragon|move: Protect
|move|p2b: Ursaluna|Hyper Voice|p1b: Kong|[spread] p1b
|-activate|p1a: Skydragon|move: Protect
|-damage|p1b: Kong|37/100
|-damage|p2b: Ursaluna|12/100|[from] item: Life Orb
|move|p1b: Kong|Wood Hammer|p2a: Whimsicott
|-resisted|p2a: Whimsicott
|-damage|p2a: Whimsicott|51/100
|-damage|p1b: Kong|24/100|[from] Recoil
|
|-heal|p2a: Whimsicott|57/100|[from] Grassy Terrain
|-heal|p2b: Ursaluna|17/100|[from] Grassy Terrain
|-heal|p1b: Kong|30/100|[from] Grassy Terrain
|-sideend|p2: partigiano jonny|move: Tailwind
|upkeep
|turn|6
|
|t:|1756824099
|move|p1a: Skydragon|Extreme Speed|p2b: Ursaluna
|-damage|p2b: Ursaluna|0 fnt
|faint|p2b: Ursaluna
|move|p2a: Whimsicott|Moonblast|p1a: Skydragon
|-supereffective|p1a: Skydragon
|-damage|p1a: Skydragon|71/100
|move|p1b: Kong|Wood Hammer|p2a: Whimsicott
|-resisted|p2a: Whimsicott
|-damage|p2a: Whimsicott|0 fnt
|faint|p2a: Whimsicott
|-damage|p1b: Kong|15/100|[from] Recoil
|
|-heal|p1b: Kong|21/100|[from] Grassy Terrain
|upkeep
|
|t:|1756824105
|switch|p2a: Corviknight|Corviknight, L50, F|100/100
|switch|p2b: Sneasler|Sneasler, L50, F|100/100
|turn|7
|inactive|DominicVGC07 has 30 seconds left.
|inactive|DominicVGC07 has 20 seconds left.
|inactive|DominicVGC07 has 15 seconds left.
|
|t:|1756824148
|-terastallize|p1a: Skydragon|Steel
|move|p1a: Skydragon|Extreme Speed|p2b: Sneasler
|-damage|p2b: Sneasler|54/100
|move|p1b: Kong|Grassy Glide|p2b: Sneasler
|-resisted|p2b: Sneasler
|-damage|p2b: Sneasler|24/100
|move|p2b: Sneasler|Dire Claw|p1b: Kong
|-supereffective|p1b: Kong
|-damage|p1b: Kong|0 fnt
|faint|p1b: Kong
|move|p2a: Corviknight|Brave Bird|p1a: Skydragon
|-resisted|p1a: Skydragon
|-damage|p1a: Skydragon|50/100
|-damage|p2a: Corviknight|95/100|[from] Recoil
|
|-heal|p2b: Sneasler|30/100|[from] Grassy Terrain
|-heal|p1a: Skydragon|56/100|[from] Grassy Terrain
|-heal|p2a: Corviknight|100/100|[from] item: Leftovers
|-fieldend|move: Grassy Terrain
|upkeep
|turn|8
|
|t:|1756824167
|move|p2b: Sneasler|Protect|p2b: Sneasler
|-singleturn|p2b: Sneasler|Protect
|move|p1a: Skydragon|Extreme Speed|p2b: Sneasler
|-activate|p2b: Sneasler|move: Protect
|move|p2a: Corviknight|Bulk Up|p2a: Corviknight
|-boost|p2a: Corviknight|atk|1
|-boost|p2a: Corviknight|def|1
|
|upkeep
|turn|9
|
|t:|1756824173
|move|p1a: Skydragon|Extreme Speed|p2b: Sneasler
|-damage|p2b: Sneasler|0 fnt
|faint|p2b: Sneasler
|move|p2a: Corviknight|Brave Bird|p1a: Skydragon
|-resisted|p1a: Skydragon
|-damage|p1a: Skydragon|26/100
|-damage|p2a: Corviknight|93/100|[from] Recoil
|
|-heal|p2a: Corviknight|99/100|[from] item: Leftovers
|upkeep
|turn|10
|
|t:|1756824177
|move|p1a: Skydragon|Scale Shot|p2a: Corviknight
|-resisted|p2a: Corviknight
|-damage|p2a: Corviknight|95/100
|-resisted|p2a: Corviknight
|-damage|p2a: Corviknight|92/100
|-resisted|p2a: Corviknight
|-damage|p2a: Corviknight|88/100
|-resisted|p2a: Corviknight
|-damage|p2a: Corviknight|85/100
|-hitcount|p2a: Corviknight|4
|-unboost|p1a: Skydragon|def|1
|-boost|p1a: Skydragon|spe|1
|move|p2a: Corviknight|Brave Bird|p1a: Skydragon
|-resisted|p1a: Skydragon
|-damage|p1a: Skydragon|0 fnt
|faint|p1a: Skydragon
|-damage|p2a: Corviknight|78/100|[from] Recoil
|
|win|partigiano jonny
