|j|☆2BStellar
|j|☆erz123456
|html|2BStellarerz123456    
|uhtml|bestof|Game 1 of a best-of-3
|t:|1783734620
|gametype|doubles
|player|p1|2BStellar|hilbert-wonderlauncher|1112
|player|p2|erz123456|101|1079
|gen|9
|tier|[Gen 9 Champions] VGC 2026 Reg M-B (Bo3)
|rated|
|rule|Species Clause: Limit one of each Pokémon
|rule|Item Clause: Limit 1 of each item
|clearpoke
|poke|p1|Pelipper, L50, M|
|poke|p1|Swampert, L50, M|
|poke|p1|Sinistcha, L50|
|poke|p1|Incineroar, L50, F|
|poke|p1|Ninetales-Alola, L50, F|
|poke|p1|Gengar, L50, F|
|poke|p2|Sneasler, L50, M|
|poke|p2|Blastoise, L50, M|
|poke|p2|Pelipper, L50, M|
|poke|p2|Sinistcha, L50|
|poke|p2|Kingambit, L50, F|
|poke|p2|Archaludon, L50, F|
|teampreview|4
|showteam|p1|Pelipper||SharpBeak|Drizzle|Protect,Tailwind,WideGuard,Hurricane|Modest||M|||50|]Swampert||Swampertite|Torrent|Protect,RockSlide,HighHorsepower,WaveCrash|Adamant||M|||50|]Sinistcha||KasibBerry|Hospitality|Protect,TrickRoom,RagePowder,MatchaGotcha|Bold|||||50|]Incineroar||SitrusBerry|Intimidate|Protect,FakeOut,PartingShot,FlareBlitz|Sassy||F|||50|]Ninetales-Alola||FocusSash|SnowWarning|Protect,Encore,RainDance,FreezeDry|Timid||F|||50|]Gengar||Gengarite|CursedBody|Protect,Disable,PerishSong,ShadowBall|Timid||F|||50|
|showteam|p2|Sneasler||WhiteHerb|Unburden|FakeOut,DireClaw,CloseCombat,RockTomb|Jolly||M|||50|]Blastoise||Blastoisinite|RainDish|WaterSpout,IceBeam,ShellSmash,Protect|Modest||M|||50|]Pelipper||FocusSash|Drizzle|Tailwind,HelpingHand,MuddyWater,Hurricane|Modest||M|||50|]Sinistcha||SitrusBerry|Hospitality|MatchaGotcha,ShadowBall,TrickRoom,RagePowder|Calm|||||50|]Kingambit||ChopleBerry|Defiant|KowtowCleave,IronHead,SuckerPunch,Protect|Adamant||F|||50|]Archaludon||Leftovers|Stamina|ElectroShot,FlashCannon,DragonPulse,Protect|Modest||F|||50|
|inactive|Battle timer is ON: inactive players will automatically lose when time's up. (requested by erz123456)
|
|t:|1783734669
|teamsize|p1|4
|teamsize|p2|4
|start
|switch|p1a: Ninetales|Ninetales-Alola, L50, F|100/100
|switch|p1b: Sinistcha|Sinistcha, L50|100/100
|switch|p2a: Sneasler|Sneasler, L50, M|100/100
|switch|p2b: Kingambit|Kingambit, L50, F|100/100
|-weather|Snowscape|[from] ability: Snow Warning|[of] p1a: Ninetales
|turn|1
|inactive|2BStellar has 30 seconds left.
|inactive|2BStellar has 20 seconds left.
|
|t:|1783734707
|switch|p1a: Pelipper|Pelipper, L50, M|100/100
|-weather|RainDance|[from] ability: Drizzle|[of] p1a: Pelipper
|move|p1b: Sinistcha|Protect|p1b: Sinistcha
|-singleturn|p1b: Sinistcha|Protect
|move|p2a: Sneasler|Fake Out|p1a: Pelipper
|-damage|p1a: Pelipper|82/100
|move|p2b: Kingambit|Kowtow Cleave|p1b: Sinistcha
|-activate|p1b: Sinistcha|move: Protect
|
|-weather|RainDance|[upkeep]
|upkeep
|turn|2
|inactive|2BStellar has 30 seconds left.
|inactive|erz123456 has 30 seconds left.
|
|t:|1783734740
|move|p1b: Sinistcha|Rage Powder|p1b: Sinistcha
|-singleturn|p1b: Sinistcha|move: Rage Powder
|move|p2a: Sneasler|Rock Tomb|p1b: Sinistcha
|-damage|p1b: Sinistcha|84/100
|-unboost|p1b: Sinistcha|spe|1
|move|p1a: Pelipper|Hurricane|p2a: Sneasler
|-supereffective|p2a: Sneasler|1
|-damage|p2a: Sneasler|0 fnt
|faint|p2a: Sneasler
|move|p2b: Kingambit|Kowtow Cleave|p1b: Sinistcha
|-supereffective|p1b: Sinistcha|1
|-damage|p1b: Sinistcha|13/100
|
|-weather|RainDance|[upkeep]
|upkeep
|
|t:|1783734751
|switch|p2a: Blastoise|Blastoise, L50, M|100/100
|turn|3
|inactive|2BStellar has 30 seconds left.
|
|t:|1783734787
|detailschange|p2a: Blastoise|Blastoise-Mega, L50, M
|-mega|p2a: Blastoise|Blastoise|Blastoisinite
|move|p1a: Pelipper|Wide Guard|p1a: Pelipper
|-singleturn|p1a: Pelipper|Wide Guard
|move|p2a: Blastoise|Water Spout|p1a: Pelipper|[spread] 
|-activate|p1a: Pelipper|move: Wide Guard
|-activate|p1b: Sinistcha|move: Wide Guard
|move|p2b: Kingambit|Kowtow Cleave|p1b: Sinistcha
|-supereffective|p1b: Sinistcha|1
|-damage|p1b: Sinistcha|0 fnt
|faint|p1b: Sinistcha
|
|-weather|RainDance|[upkeep]
|upkeep
|inactive|2BStellar has 30 seconds left.
|
|t:|1783734818
|switch|p1b: Swampert|Swampert, L50, M|100/100
|turn|4
|inactive|erz123456 has 30 seconds left.
|inactive|2BStellar has 30 seconds left.
|inactive|erz123456 has 20 seconds left.
|inactive|erz123456 has 15 seconds left.
|inactive|2BStellar has 20 seconds left.
|inactive|erz123456 has 10 seconds left.
|
|t:|1783734867
|switch|p2b: Sinistcha|Sinistcha, L50|100/100
|detailschange|p1b: Swampert|Swampert-Mega, L50, M
|-mega|p1b: Swampert|Swampert|Swampertite
|move|p1a: Pelipper|Wide Guard|p1a: Pelipper
|-singleturn|p1a: Pelipper|Wide Guard
|move|p1b: Swampert|High Horsepower|p2b: Sinistcha
|-resisted|p2b: Sinistcha|1
|-damage|p2b: Sinistcha|73/100
|move|p2a: Blastoise|Water Spout|p1b: Swampert|[spread] 
|-activate|p1a: Pelipper|move: Wide Guard
|-activate|p1b: Swampert|move: Wide Guard
|
|-weather|RainDance|[upkeep]
|upkeep
|turn|5
|inactive|erz123456 has 30 seconds left.
|
|t:|1783734895
|move|p1b: Swampert|High Horsepower|p2a: Blastoise
|-damage|p2a: Blastoise|35/100
|move|p2a: Blastoise|Ice Beam|p1a: Pelipper
|-damage|p1a: Pelipper|20/100r
|move|p1a: Pelipper|Hurricane|p2a: Blastoise
|-damage|p2a: Blastoise|0 fnt
|faint|p2a: Blastoise
|move|p2b: Sinistcha|Matcha Gotcha|p1a: Pelipper|[spread] p1a,p1b
|-supereffective|p1b: Swampert|2
|-damage|p1a: Pelipper|0 fnt
|-heal|p2b: Sinistcha|80/100|[from] drain|[of] p1a: Pelipper
|-damage|p1b: Swampert|12/100
|-heal|p2b: Sinistcha|100/100|[from] drain|[of] p1b: Swampert
|faint|p1a: Pelipper
|
|-weather|none
|upkeep
|
|t:|1783734910
|switch|p2a: Kingambit|Kingambit, L50, F|100/100
|switch|p1a: Ninetales|Ninetales-Alola, L50, F|100/100
|-weather|Snowscape|[from] ability: Snow Warning|[of] p1a: Ninetales
|turn|6
|inactive|2BStellar has 30 seconds left.
|
|t:|1783734943
|move|p1b: Swampert|Protect|p1b: Swampert
|-singleturn|p1b: Swampert|Protect
|move|p2a: Kingambit|Sucker Punch||[still]
|-fail|p2a: Kingambit
|move|p1a: Ninetales|Freeze-Dry|p2b: Sinistcha
|-supereffective|p2b: Sinistcha|1
|-damage|p2b: Sinistcha|56/100
|move|p2b: Sinistcha|Trick Room|p2b: Sinistcha
|-fieldstart|move: Trick Room|[of] p2b: Sinistcha
|
|-weather|Snowscape|[upkeep]
|upkeep
|turn|7
|inactive|2BStellar has 30 seconds left.
|inactive|2BStellar has 20 seconds left.
|
|t:|1783734981
|move|p2a: Kingambit|Iron Head|p1a: Ninetales
|-supereffective|p1a: Ninetales|2
|-enditem|p1a: Ninetales|Focus Sash
|-damage|p1a: Ninetales|1/100
|move|p2b: Sinistcha|Shadow Ball|p1b: Swampert
|-crit|p1b: Swampert
|-damage|p1b: Swampert|0 fnt
|faint|p1b: Swampert
|move|p1a: Ninetales|Freeze-Dry|p2b: Sinistcha
|-supereffective|p2b: Sinistcha|1
|-damage|p2b: Sinistcha|17/100
|-enditem|p2b: Sinistcha|Sitrus Berry|[eat]
|-heal|p2b: Sinistcha|42/100|[from] item: Sitrus Berry
|
|-weather|Snowscape|[upkeep]
|upkeep
|turn|8
|-message|2BStellar forfeited.
|
|win|erz123456
||2BStellar is ready for game 2.
||erz123456 is ready for game 2.
|uhtml|next|Next: Game 2 of 3
