|j|☆jjayy09
|j|☆sladewilson75
|html|jjayy09sladewilson75    
|uhtml|bestof|Game 2 of a best-of-3
|t:|1783489960
|gametype|doubles
|player|p1|jjayy09|169|1104
|player|p2|sladewilson75|skier|1045
|gen|9
|tier|[Gen 9 Champions] VGC 2026 Reg M-B (Bo3)
|rated|
|rule|Species Clause: Limit one of each Pokémon
|rule|Item Clause: Limit 1 of each item
|clearpoke
|poke|p1|Charizard, L50, M|
|poke|p1|Metagross, L50|
|poke|p1|Aerodactyl, L50, F|
|poke|p1|Garchomp, L50, M|
|poke|p1|Sylveon, L50, F|
|poke|p1|Hydreigon, L50, M|
|poke|p2|Swampert, L50, F|
|poke|p2|Sableye, L50, M|
|poke|p2|Annihilape, L50, F|
|poke|p2|Archaludon, L50, F|
|poke|p2|Meganium, L50, F|
|poke|p2|Politoed, L50, M|
|teampreview|4
|showteam|p1|Charizard||CharizarditeY|Blaze|HeatWave,WeatherBall,SolarBeam,Protect|Modest||M|||50|]Metagross||Metagrossite|ClearBody|MeteorMash,BulletPunch,BodyPress,Protect|Adamant|||||50|]Aerodactyl||FocusSash|Unnerve|RockSlide,Tailwind,WideGuard,Protect|Jolly||F|||50|]Garchomp||LifeOrb|RoughSkin|DragonClaw,Earthquake,RockSlide,Protect|Jolly||M|||50|]Sylveon||FairyFeather|Pixilate|HyperVoice,HyperBeam,Yawn,Detect|Modest||F|||50|]Hydreigon||ChoiceScarf|Levitate|HeatWave,DarkPulse,DracoMeteor,Snarl|Modest||M|||50|
|showteam|p2|Swampert||Swampertite|Damp|Earthquake,WaveCrash,Protect,IcePunch|Adamant||F|||50|]Sableye||LightClay|Prankster|FakeOut,LightScreen,Reflect,RainDance|Relaxed||M|||50|]Annihilape||SitrusBerry|Defiant|RageFist,DrainPunch,BulkUp,Protect|Jolly||F|||50|]Archaludon||Leftovers|Stamina|ElectroShot,FlashCannon,DragonPulse,Protect|Modest||F|||50|]Meganium||Meganiumite|LeafGuard|SolarBeam,WeatherBall,DazzlingGleam,Protect|Modest||F|||50|]Politoed||ChoiceScarf|Drizzle|MuddyWater,WeatherBall,Psychic,IcyWind|Timid||M|||50|
|inactive|Battle timer is ON: inactive players will automatically lose when time's up. (requested by sladewilson75)
|l|☆sladewilson75
|inactive|sladewilson75 disconnected and has a minute to reconnect!
|player|p2|
|j|☆sladewilson75
|inactive|sladewilson75 reconnected and has 80 seconds left.
|player|p2|sladewilson75|skier|
|inactive|jjayy09 has 60 seconds left.
|inactive|sladewilson75 has 60 seconds left.
|
|t:|1783490021
|teamsize|p1|4
|teamsize|p2|4
|start
|switch|p1a: Aerodactyl|Aerodactyl, L50, F|100/100
|switch|p1b: Sylveon|Sylveon, L50, F|100/100
|switch|p2a: Sableye|Sableye, L50, M|100/100
|switch|p2b: Swampert|Swampert, L50, F|100/100
|-ability|p1a: Aerodactyl|Unnerve
|turn|1
|inactive|sladewilson75 has 30 seconds left.
|
|t:|1783490046
|switch|p1b: Hydreigon|Hydreigon, L50, M|100/100
|detailschange|p2b: Swampert|Swampert-Mega, L50, F
|-mega|p2b: Swampert|Swampert|Swampertite
|move|p2a: Sableye|Rain Dance|p2a: Sableye
|-weather|RainDance
|move|p2b: Swampert|Wave Crash|p1b: Hydreigon
|-resisted|p1b: Hydreigon|1
|-damage|p1b: Hydreigon|36/100
|-damage|p2b: Swampert|80/100|[from] Recoil
|move|p1a: Aerodactyl|Tailwind|p1a: Aerodactyl
|-sidestart|p1: jjayy09|move: Tailwind
|
|-weather|RainDance|[upkeep]
|upkeep
|turn|2
|inactive|sladewilson75 has 30 seconds left.
|inactive|sladewilson75 has 20 seconds left.
|
|t:|1783490083
|move|p2a: Sableye|Light Screen|p2a: Sableye
|-sidestart|p2: sladewilson75|move: Light Screen
|move|p1b: Hydreigon|Draco Meteor|p2b: Swampert
|-damage|p2b: Swampert|42/100
|-unboost|p1b: Hydreigon|spa|2
|move|p1a: Aerodactyl|Rock Slide|p2a: Sableye|[spread] p2a,p2b
|-resisted|p2b: Swampert|1
|-damage|p2a: Sableye|72/100
|-damage|p2b: Swampert|31/100
|move|p2b: Swampert|Ice Punch|p1b: Hydreigon
|-supereffective|p1b: Hydreigon|1
|-damage|p1b: Hydreigon|0 fnt
|faint|p1b: Hydreigon
|
|-weather|RainDance|[upkeep]
|upkeep
|
|t:|1783490099
|switch|p1b: Sylveon|Sylveon, L50, F|100/100
|turn|3
|inactive|sladewilson75 has 30 seconds left.
|
|t:|1783490124
|switch|p2b: Archaludon|Archaludon, L50, F|100/100
|move|p2a: Sableye|Reflect|p2a: Sableye
|-sidestart|p2: sladewilson75|Reflect
|move|p1a: Aerodactyl|Rock Slide|p2b: Archaludon|[spread] p2a,p2b
|-resisted|p2b: Archaludon|1
|-damage|p2a: Sableye|53/100
|-damage|p2b: Archaludon|93/100
|-ability|p2b: Archaludon|Stamina|boost
|-boost|p2b: Archaludon|def|1
|move|p1b: Sylveon|Hyper Voice|p2b: Archaludon|[spread] p2a,p2b
|-supereffective|p2a: Sableye|1
|-damage|p2a: Sableye|0 fnt
|-damage|p2b: Archaludon|55/100
|-ability|p2b: Archaludon|Stamina|boost
|-boost|p2b: Archaludon|def|1
|faint|p2a: Sableye
|
|-weather|RainDance|[upkeep]
|-heal|p2b: Archaludon|61/100|[from] item: Leftovers
|upkeep
|
|t:|1783490145
|switch|p2a: Swampert|Swampert-Mega, L50, F|31/100
|turn|4
|
|t:|1783490153
|move|p2a: Swampert|Protect|p2a: Swampert
|-singleturn|p2a: Swampert|Protect
|move|p1a: Aerodactyl|Rock Slide|p2a: Swampert|[spread] p2b
|-activate|p2a: Swampert|move: Protect
|-resisted|p2b: Archaludon|1
|-damage|p2b: Archaludon|58/100
|-ability|p2b: Archaludon|Stamina|boost
|-boost|p2b: Archaludon|def|1
|move|p1b: Sylveon|Hyper Voice|p2a: Swampert|[spread] p2b
|-activate|p2a: Swampert|move: Protect
|-damage|p2b: Archaludon|23/100
|-ability|p2b: Archaludon|Stamina|boost
|-boost|p2b: Archaludon|def|1
|move|p2b: Archaludon|Electro Shot||[still]
|-prepare|p2b: Archaludon|Electro Shot
|-boost|p2b: Archaludon|spa|1
|-anim|p2b: Archaludon|Electro Shot|p1a: Aerodactyl
|-supereffective|p1a: Aerodactyl|1
|-enditem|p1a: Aerodactyl|Focus Sash
|-damage|p1a: Aerodactyl|1/100
|
|-weather|RainDance|[upkeep]
|-heal|p2b: Archaludon|29/100|[from] item: Leftovers
|-sideend|p1: jjayy09|move: Tailwind
|upkeep
|turn|5
|inactive|sladewilson75 has 30 seconds left.
|inactive|sladewilson75 has 20 seconds left.
|
|t:|1783490192
|move|p1a: Aerodactyl|Protect|p1a: Aerodactyl
|-singleturn|p1a: Aerodactyl|Protect
|move|p2a: Swampert|Ice Punch|p1a: Aerodactyl
|-activate|p1a: Aerodactyl|move: Protect
|move|p2b: Archaludon|Electro Shot||[still]
|-prepare|p2b: Archaludon|Electro Shot
|-boost|p2b: Archaludon|spa|1
|-anim|p2b: Archaludon|Electro Shot|p1b: Sylveon
|-damage|p1b: Sylveon|32/100
|move|p1b: Sylveon|Hyper Voice|p2b: Archaludon|[spread] p2a,p2b
|-damage|p2a: Swampert|6/100
|-damage|p2b: Archaludon|0 fnt
|faint|p2b: Archaludon
|
|-weather|none
|upkeep
|
|t:|1783490206
|switch|p2b: Politoed|Politoed, L50, M|100/100
|-weather|RainDance|[from] ability: Drizzle|[of] p2b: Politoed
|turn|6
|inactive|sladewilson75 has 30 seconds left.
|inactive|sladewilson75 has 20 seconds left.
|
|t:|1783490245
|move|p1b: Sylveon|Detect|p1b: Sylveon
|-singleturn|p1b: Sylveon|Protect
|move|p2a: Swampert|Ice Punch|p1b: Sylveon
|-activate|p1b: Sylveon|move: Protect
|move|p2b: Politoed|Icy Wind|p1b: Sylveon|[spread] 
|-activate|p1b: Sylveon|move: Protect
|-miss|p2b: Politoed|p1a: Aerodactyl
|move|p1a: Aerodactyl|Tailwind|p1a: Aerodactyl
|-sidestart|p1: jjayy09|move: Tailwind
|
|-weather|RainDance|[upkeep]
|upkeep
|turn|7
|
|t:|1783490259
|move|p1a: Aerodactyl|Rock Slide|p2a: Swampert|[spread] p2b
|-miss|p1a: Aerodactyl|p2a: Swampert
|-damage|p2b: Politoed|79/100
|move|p2a: Swampert|Ice Punch|p1b: Sylveon
|-damage|p1b: Sylveon|0 fnt
|faint|p1b: Sylveon
|move|p2b: Politoed|Icy Wind|p1a: Aerodactyl
|-supereffective|p1a: Aerodactyl|1
|-damage|p1a: Aerodactyl|0 fnt
|faint|p1a: Aerodactyl
|
|-weather|RainDance|[upkeep]
|upkeep
|inactive|jjayy09 has 30 seconds left.
|
|t:|1783490290
|switch|p1b: Charizard|Charizard, L50, M|100/100
|turn|8
|
|t:|1783490303
|detailschange|p1b: Charizard|Charizard-Mega-Y, L50, M
|-mega|p1b: Charizard|Charizard|Charizardite Y
|-weather|SunnyDay|[from] ability: Drought|[of] p1b: Charizard
|move|p2a: Swampert|Protect|p2a: Swampert
|-singleturn|p2a: Swampert|Protect
|move|p1b: Charizard|Heat Wave|p2b: Politoed|[spread] 
|-activate|p2a: Swampert|move: Protect
|-miss|p1b: Charizard|p2b: Politoed
|move|p2b: Politoed|Icy Wind|p1b: Charizard
|-damage|p1b: Charizard|87/100
|-unboost|p1b: Charizard|spe|1
|
|-weather|SunnyDay|[upkeep]
|upkeep
|turn|9
|
|t:|1783490323
|move|p2a: Swampert|Protect|p2a: Swampert
|-singleturn|p2a: Swampert|Protect
|move|p2b: Politoed|Icy Wind|p1b: Charizard
|-damage|p1b: Charizard|75/100
|-unboost|p1b: Charizard|spe|1
|move|p1b: Charizard|Heat Wave|p2a: Swampert|[spread] p2b
|-activate|p2a: Swampert|move: Protect
|-resisted|p2b: Politoed|1
|-damage|p2b: Politoed|58/100
|
|-weather|SunnyDay|[upkeep]
|-sideend|p2: sladewilson75|move: Light Screen
|-sideend|p1: jjayy09|move: Tailwind
|upkeep
|turn|10
|
|t:|1783490338
|move|p2b: Politoed|Icy Wind|p1b: Charizard
|-damage|p1b: Charizard|62/100
|-unboost|p1b: Charizard|spe|1
|move|p2a: Swampert|Wave Crash|p1b: Charizard
|-supereffective|p1b: Charizard|1
|-damage|p1b: Charizard|0 fnt
|faint|p1b: Charizard
|-damage|p2a: Swampert|0 fnt|[from] Recoil
|faint|p2a: Swampert
|
|win|sladewilson75
|raw|jjayy09's rating: 1104 → 1075(-29 for losing)
|raw|sladewilson75's rating: 1045 → 1084(+39 for winning)
|l|☆jjayy09
|player|p1|
