|j|☆tailmyroom
|j|☆Vuultur
|html|tailmyroomVuultur    
|uhtml|bestof|Game 2 of a best-of-3
|t:|1756208325
|gametype|doubles
|player|p1|tailmyroom|scientist-gen4dp|1186
|player|p2|Vuultur|hilbert-wonderlauncher|1177
|gen|9
|tier|[Gen 9] VGC 2025 Reg H (Bo3)
|rated|
|rule|Species Clause: Limit one of each Pokémon
|rule|Item Clause: Limit 1 of each item
|clearpoke
|poke|p1|Gholdengo, L50|
|poke|p1|Sneasler, L50, M|
|poke|p1|Rillaboom, L50, F|
|poke|p1|Dragonite, L50, F|
|poke|p1|Ninetales-Alola, L50, M|
|poke|p1|Arcanine-Hisui, L50, M|
|poke|p2|Pelipper, L50, F|
|poke|p2|Archaludon, L50, M|
|poke|p2|Annihilape, L50, F|
|poke|p2|Maushold, L50|
|poke|p2|Rillaboom, L50, F|
|poke|p2|Basculegion, L50, M|
|teampreview|4
|showteam|p1|Gholdengo||GrassySeed|GoodasGold|NastyPlot,MakeItRain,ShadowBall,Protect||||||50|,,,,,Water]Sneasler||WhiteHerb|Unburden|CloseCombat,DireClaw,Coaching,Protect|||M|||50|,,,,,Ghost]Rillaboom||AssaultVest|GrassySurge|FakeOut,GrassyGlide,DrumBeating,HighHorsepower|||F|||50|,,,,,Fire]Dragonite||LoadedDice|Multiscale|ScaleShot,StompingTantrum,Tailwind,Protect|||F|||50|,,,,,Ground]Ninetales-Alola||FocusSash|SnowWarning|Blizzard,IcyWind,Encore,AuroraVeil|||M|||50|,,,,,Ghost]Arcanine-Hisui||ClearAmulet|Intimidate|RockSlide,FlareBlitz,ExtremeSpeed,Protect|||M|||50|,,,,,Water
|showteam|p2|Pelipper||FocusSash|Drizzle|WeatherBall,Hurricane,Protect,Tailwind|||F|||50|,,,,,Ghost]Archaludon||AssaultVest|Stamina|ElectroShot,DracoMeteor,FlashCannon,BodyPress|||M|||50|,,,,,Grass]Annihilape||SafetyGoggles|Defiant|RageFist,DrainPunch,BulkUp,Protect|||F|||50|,,,,,Fire]Maushold||SitrusBerry|FriendGuard|BeatUp,FollowMe,Taunt,Protect||||||50|,,,,,Ghost]Rillaboom||MiracleSeed|GrassySurge|FakeOut,GrassyGlide,WoodHammer,Uturn|||F|||50|,,,,,Fire]Basculegion||ChoiceBand|SwiftSwim|WaveCrash,AquaJet,LastRespects,FlipTurn|||M|||50|,,,,,Water
|
|t:|1756208348
|teamsize|p1|4
|teamsize|p2|4
|start
|switch|p1a: Sneasler|Sneasler, L50, M|100/100
|switch|p1b: Dragonite|Dragonite, L50, F|100/100
|switch|p2a: Maushold|Maushold, L50|100/100
|switch|p2b: Annihilape|Annihilape, L50, F|100/100
|turn|1
|
|t:|1756208379
|-terastallize|p2a: Maushold|Ghost
|move|p1a: Sneasler|Coaching|p1b: Dragonite
|-boost|p1b: Dragonite|atk|1
|-boost|p1b: Dragonite|def|1
|move|p1b: Dragonite|Scale Shot|p2a: Maushold
|-damage|p2a: Maushold|77/100
|-damage|p2a: Maushold|54/100
|-damage|p2a: Maushold|32/100
|-enditem|p2a: Maushold|Sitrus Berry|[eat]
|-heal|p2a: Maushold|57/100|[from] item: Sitrus Berry
|-damage|p2a: Maushold|34/100
|-damage|p2a: Maushold|10/100
|-hitcount|p2a: Maushold|5
|-unboost|p1b: Dragonite|def|1
|-boost|p1b: Dragonite|spe|1
|move|p2a: Maushold|Beat Up|p2b: Annihilape
|-damage|p2b: Annihilape|98/100
|-damage|p2b: Annihilape|96/100
|-damage|p2b: Annihilape|94/100
|-damage|p2b: Annihilape|92/100
|-hitcount|p2b: Annihilape|4
|move|p2b: Annihilape|Rage Fist|p1a: Sneasler
|-damage|p1a: Sneasler|0 fnt
|faint|p1a: Sneasler
|
|upkeep
|
|t:|1756208410
|switch|p1a: Ninetales|Ninetales-Alola, L50, M|100/100
|-weather|Snowscape|[from] ability: Snow Warning|[of] p1a: Ninetales
|turn|2
|
|t:|1756208416
|move|p2a: Maushold|Follow Me|p2a: Maushold
|-singleturn|p2a: Maushold|move: Follow Me
|move|p1b: Dragonite|Tailwind|p1b: Dragonite
|-sidestart|p1: tailmyroom|move: Tailwind
|move|p1a: Ninetales|Blizzard|p2b: Annihilape|[spread] p2a,p2b
|-damage|p2a: Maushold|0 fnt
|-damage|p2b: Annihilape|76/100
|faint|p2a: Maushold
|move|p2b: Annihilape|Rage Fist|p1b: Dragonite
|-damage|p1b: Dragonite|29/100
|
|-weather|Snowscape|[upkeep]
|upkeep
|inactive|Battle timer is ON: inactive players will automatically lose when time's up. (requested by tailmyroom)
|
|t:|1756208466
|switch|p2a: Basculegion|Basculegion, L50, M|100/100
|turn|3
|inactive|tailmyroom has 30 seconds left.
|inactive|tailmyroom has 20 seconds left.
|inactive|tailmyroom has 15 seconds left.
|
|t:|1756208507
|switch|p1a: Gholdengo|Gholdengo, L50|100/100
|switch|p2b: Pelipper|Pelipper, L50, F|100/100
|-weather|RainDance|[from] ability: Drizzle|[of] p2b: Pelipper
|move|p1b: Dragonite|Protect|p1b: Dragonite
|-singleturn|p1b: Dragonite|Protect
|move|p2a: Basculegion|Last Respects|p1b: Dragonite
|-activate|p1b: Dragonite|move: Protect
|
|-weather|RainDance|[upkeep]
|upkeep
|turn|4
|inactive|tailmyroom has 30 seconds left.
|inactive|Vuultur has 30 seconds left.
|inactive|tailmyroom has 20 seconds left.
|inactive|tailmyroom has 15 seconds left.
|
|t:|1756208549
|move|p1b: Dragonite|Scale Shot|p2a: Basculegion
|-damage|p2a: Basculegion|71/100
|-damage|p2a: Basculegion|43/100
|-damage|p2a: Basculegion|14/100
|-damage|p2a: Basculegion|0 fnt
|faint|p2a: Basculegion
|-hitcount|p2: Basculegion|4
|-unboost|p1b: Dragonite|def|1
|-boost|p1b: Dragonite|spe|1
|move|p1a: Gholdengo|Shadow Ball|p2b: Pelipper
|-damage|p2b: Pelipper|34/100
|move|p2b: Pelipper|Tailwind|p2b: Pelipper
|-sidestart|p2: Vuultur|move: Tailwind
|
|-weather|RainDance|[upkeep]
|upkeep
|
|t:|1756208564
|switch|p2a: Annihilape|Annihilape, L50, F|76/100
|turn|5
|inactive|tailmyroom has 30 seconds left.
|inactive|Vuultur has 30 seconds left.
|inactive|tailmyroom has 20 seconds left.
|
|t:|1756208602
|move|p2b: Pelipper|Protect|p2b: Pelipper
|-singleturn|p2b: Pelipper|Protect
|move|p1b: Dragonite|Scale Shot|p2b: Pelipper
|-activate|p2b: Pelipper|move: Protect
|move|p1a: Gholdengo|Shadow Ball|p2a: Annihilape
|-supereffective|p2a: Annihilape
|-damage|p2a: Annihilape|17/100
|move|p2a: Annihilape|Rage Fist|p1a: Gholdengo
|-supereffective|p1a: Gholdengo
|-damage|p1a: Gholdengo|0 fnt
|faint|p1a: Gholdengo
|
|-weather|RainDance|[upkeep]
|-sideend|p1: tailmyroom|move: Tailwind
|upkeep
|
|t:|1756208612
|switch|p1a: Ninetales|Ninetales-Alola, L50, M|100/100
|-weather|Snowscape|[from] ability: Snow Warning|[of] p1a: Ninetales
|turn|6
|
|t:|1756208630
|move|p1b: Dragonite|Tailwind|p1b: Dragonite
|-sidestart|p1: tailmyroom|move: Tailwind
|move|p1a: Ninetales|Blizzard|p2a: Annihilape|[spread] p2a,p2b
|-damage|p2a: Annihilape|0 fnt
|-damage|p2b: Pelipper|0 fnt
|faint|p2a: Annihilape
|faint|p2b: Pelipper
|
|win|tailmyroom
|raw|tailmyroom's rating: 1186 → 1210(+24 for winning)
|raw|Vuultur's rating: 1177 → 1153(-24 for losing)
