|j|☆Diogopg28
|j|☆Parid08
|html|Diogopg28Parid08    
|uhtml|bestof|Game 3 of a best-of-3
|t:|1785351014
|gametype|doubles
|player|p1|Diogopg28|169|1000
|player|p2|Parid08|lucas|1040
|gen|9
|tier|[Gen 9 Champions] VGC 2026 Reg M-B (Bo3)
|rated|
|rule|Species Clause: Limit one of each Pokémon
|rule|Item Clause: Limit 1 of each item
|clearpoke
|poke|p1|Froslass, L50, F, shiny|
|poke|p1|Incineroar, L50, M, shiny|
|poke|p1|Kingambit, L50, F, shiny|
|poke|p1|Vivillon-Marine, L50, M|
|poke|p1|Lucario, L50, M, shiny|
|poke|p1|Lycanroc-Dusk, L50, F|
|poke|p2|Kingambit, L50, F|
|poke|p2|Whimsicott, L50, M|
|poke|p2|Basculegion, L50, M|
|poke|p2|Garchomp, L50, F|
|poke|p2|Charizard, L50, F|
|poke|p2|Floette-Eternal, L50, F|
|teampreview|4
|showteam|p1|Froslass||Froslassite|CursedBody|Protect,Blizzard,AuroraVeil,ShadowBall|Timid||F|||50|]Incineroar||Leftovers|Intimidate|FlareBlitz,PartingShot,DarkestLariat,FakeOut|Impish||M|||50|]Kingambit||BlackGlasses|Defiant|SuckerPunch,KowtowCleave,IronHead,Protect|Bashful||F|||50|]Vivillon-Marine||OccaBerry|CompoundEyes|Protect,SleepPowder,Hurricane,Tailwind|Timid||M|||50|]Lucario||Lucarionite|InnerFocus|DrainPunch,StoneEdge,MeteorMash,Detect|Jolly||M|||50|]Lycanroc-Dusk||FocusSash|ToughClaws|Protect,Accelerock,RockSlide,CloseCombat|Jolly||F|||50|
|showteam|p2|Kingambit||BlackGlasses|Defiant|KowtowCleave,SuckerPunch,LowKick,Protect|Adamant||F|||50|]Whimsicott||FocusSash|Prankster|Moonblast,Tailwind,Encore,Protect|Timid||M|||50|]Basculegion||MysticWater|Adaptability|WaveCrash,LastRespects,AquaJet,Protect|Adamant||M|||50|]Garchomp||LifeOrb|RoughSkin|DragonClaw,RockSlide,Earthquake,Protect|Jolly||F|||50|]Charizard||CharizarditeY|Blaze|WeatherBall,HeatWave,SolarBeam,Protect|Modest||F|||50|]Floette-Eternal||Floettite|FlowerVeil|Moonblast,DazzlingGleam,LightofRuin,Protect|Timid||F|||50|
|inactive|Battle timer is ON: inactive players will automatically lose when time's up. (requested by Diogopg28)
|inactive|Parid08 also wants the timer to be on.
|
|t:|1785351043
|teamsize|p1|4
|teamsize|p2|4
|start
|switch|p1a: Lycanroc|Lycanroc-Dusk, L50, F|100/100
|switch|p1b: Vivillon|Vivillon-Marine, L50, M|100/100
|switch|p2a: Charizard|Charizard, L50, F|100/100
|switch|p2b: Whimsicott|Whimsicott, L50, M|100/100
|turn|1
|inactive|Parid08 has 30 seconds left.
|inactive|Parid08 has 20 seconds left.
|
|t:|1785351079
|switch|p2a: Garchomp|Garchomp, L50, F|100/100
|move|p2b: Whimsicott|Tailwind|p2b: Whimsicott
|-sidestart|p2: Parid08|move: Tailwind
|move|p1a: Lycanroc|Accelerock|p2a: Garchomp
|-resisted|p2a: Garchomp|1
|-damage|p2a: Garchomp|87/100
|-damage|p1a: Lycanroc|87/100|[from] ability: Rough Skin|[of] p2a: Garchomp
|move|p1b: Vivillon|Tailwind|p1b: Vivillon
|-sidestart|p1: Diogopg28|move: Tailwind
|
|upkeep
|turn|2
|
|t:|1785351095
|move|p1a: Lycanroc|Protect|p1a: Lycanroc
|-singleturn|p1a: Lycanroc|Protect
|move|p2b: Whimsicott|Moonblast|p1a: Lycanroc
|-activate|p1a: Lycanroc|move: Protect
|move|p2a: Garchomp|Rock Slide|p1b: Vivillon|[spread] p1b
|-activate|p1a: Lycanroc|move: Protect
|-supereffective|p1b: Vivillon|2
|-damage|p1b: Vivillon|0 fnt
|faint|p1b: Vivillon
|-damage|p2a: Garchomp|77/100|[from] item: Life Orb
|
|upkeep
|
|t:|1785351107
|switch|p1b: Incineroar|Incineroar, L50, M, shiny|100/100
|-ability|p1b: Incineroar|Intimidate|boost
|-unboost|p2a: Garchomp|atk|1
|-unboost|p2b: Whimsicott|atk|1
|turn|3
|
|t:|1785351116
|move|p2b: Whimsicott|Protect|p2b: Whimsicott
|-singleturn|p2b: Whimsicott|Protect
|move|p1b: Incineroar|Fake Out|p2a: Garchomp
|-damage|p2a: Garchomp|67/100
|-damage|p1b: Incineroar|87/100|[from] ability: Rough Skin|[of] p2a: Garchomp
|move|p1a: Lycanroc|Close Combat|p2a: Garchomp
|-damage|p2a: Garchomp|18/100
|-unboost|p1a: Lycanroc|def|1
|-unboost|p1a: Lycanroc|spd|1
|-damage|p1a: Lycanroc|75/100|[from] ability: Rough Skin|[of] p2a: Garchomp
|cant|p2a: Garchomp|flinch
|
|-heal|p1b: Incineroar|93/100|[from] item: Leftovers
|upkeep
|turn|4
|
|t:|1785351140
|switch|p2b: Charizard|Charizard, L50, F|100/100
|move|p1a: Lycanroc|Accelerock|p2a: Garchomp
|-resisted|p2a: Garchomp|1
|-damage|p2a: Garchomp|5/100
|-damage|p1a: Lycanroc|62/100|[from] ability: Rough Skin|[of] p2a: Garchomp
|move|p2a: Garchomp|Earthquake|p1b: Incineroar|[spread] p1a,p1b
|-immune|p2b: Charizard
|-supereffective|p1a: Lycanroc|1
|-supereffective|p1b: Incineroar|1
|-damage|p1a: Lycanroc|0 fnt
|-damage|p1b: Incineroar|46/100
|faint|p1a: Lycanroc
|-damage|p2a: Garchomp|0 fnt|[from] item: Life Orb
|faint|p2a: Garchomp
|move|p1b: Incineroar|Parting Shot|p2b: Charizard
|-unboost|p2b: Charizard|atk|1
|-unboost|p2b: Charizard|spa|1
|
|t:|1785351157
|switch|p1b: Lucario|Lucario, L50, M, shiny|100/100|[from] Parting Shot
|
|-sideend|p2: Parid08|move: Tailwind
|-sideend|p1: Diogopg28|move: Tailwind
|upkeep
|
|t:|1785351161
|switch|p1a: Incineroar|Incineroar, L50, M, shiny|46/100
|switch|p2a: Whimsicott|Whimsicott, L50, M|100/100
|-ability|p1a: Incineroar|Intimidate|boost
|-unboost|p2a: Whimsicott|atk|1
|-unboost|p2b: Charizard|atk|1
|turn|5
|
|t:|1785351184
|detailschange|p1b: Lucario|Lucario-Mega, L50, M, shiny
|-mega|p1b: Lucario|Lucario|Lucarionite
|move|p2a: Whimsicott|Protect|p2a: Whimsicott
|-singleturn|p2a: Whimsicott|Protect
|move|p2b: Charizard|Protect|p2b: Charizard
|-singleturn|p2b: Charizard|Protect
|move|p1a: Incineroar|Fake Out|p2b: Charizard
|-activate|p2b: Charizard|move: Protect
|move|p1b: Lucario|Stone Edge|p2b: Charizard
|-activate|p2b: Charizard|move: Protect
|
|-heal|p1a: Incineroar|51/100|[from] item: Leftovers
|upkeep
|turn|6
|
|t:|1785351201
|detailschange|p2b: Charizard|Charizard-Mega-Y, L50, F
|-mega|p2b: Charizard|Charizard|Charizardite Y
|-weather|SunnyDay|[from] ability: Drought|[of] p2b: Charizard
|move|p2a: Whimsicott|Tailwind|p2a: Whimsicott
|-sidestart|p2: Parid08|move: Tailwind
|move|p2b: Charizard|Weather Ball|p1b: Lucario
|-supereffective|p1b: Lucario|1
|-damage|p1b: Lucario|0 fnt
|faint|p1b: Lucario
|move|p1a: Incineroar|Flare Blitz|p2a: Whimsicott
|-supereffective|p2a: Whimsicott|1
|-enditem|p2a: Whimsicott|Focus Sash
|-damage|p2a: Whimsicott|1/100
|-damage|p1a: Incineroar|29/100|[from] Recoil
|
|-weather|SunnyDay|[upkeep]
|-heal|p1a: Incineroar|35/100|[from] item: Leftovers
|upkeep
|turn|7
|-message|Diogopg28 forfeited.
|
|win|Parid08
|raw|Diogopg28's rating: 1000 → 1000(+0 for losing)
|raw|Parid08's rating: 1040 → 1070(+30 for winning)
|l|☆Diogopg28
|player|p1|
