|j|☆FabioVelho
|j|☆cartulo
|html|FabioVelhocartulo    
|uhtml|bestof|Game 1 of a best-of-3
|t:|1782327156
|gametype|doubles
|player|p1|FabioVelho|sage|
|player|p2|cartulo|blue|
|gen|9
|tier|[Gen 9 Champions] VGC 2026 Reg M-B (Bo3)
|rule|Species Clause: Limit one of each Pokémon
|rule|Item Clause: Limit 1 of each item
|clearpoke
|poke|p1|Metagross, L50|
|poke|p1|Kommo-o, L50, M|
|poke|p1|Sylveon, L50, F|
|poke|p1|Aerodactyl, L50, F|
|poke|p1|Incineroar, L50, M|
|poke|p1|Milotic, L50, F|
|poke|p2|Torkoal, L50, F|
|poke|p2|Oranguru, L50, M|
|poke|p2|Sinistcha, L50|
|poke|p2|Golurk, L50|
|poke|p2|Trevenant, L50, F|
|poke|p2|Snorlax, L50, F, shiny|
|teampreview|4
|showteam|p1|Metagross||Metagrossite|ClearBody|IronHead,PsychicFangs,StompingTantrum,Protect|Adamant|||||50|]Kommo-o||Leftovers|Soundproof|ClangingScales,AuraSphere,ClangorousSoul,Protect|Modest||M|||50|]Sylveon||FairyFeather|Pixilate|HyperVoice,HyperBeam,QuickAttack,Detect|Modest||F|||50|]Aerodactyl||Aerodactylite|Unnerve|RockSlide,DualWingbeat,Tailwind,Protect|Jolly||F|||50|]Incineroar||PasshoBerry|Intimidate|FlareBlitz,ThroatChop,PartingShot,FakeOut|Careful||M|||50|]Milotic||SitrusBerry|Competitive|Scald,IcyWind,LifeDew,Protect|Modest||F|||50|
|showteam|p2|Torkoal||Charcoal|Drought|Eruption,HeatWave,EarthPower,Protect|Quiet||F|||50|]Oranguru||MentalHerb|InnerFocus|Psychic,Instruct,TrickRoom,SkillSwap|Relaxed||M|||50|]Sinistcha||OccaBerry|Hospitality|MatchaGotcha,RagePowder,LifeDew,TrickRoom|Bold|||||50|]Golurk||Golurkite|IronFist|Poltergeist,RockSlide,PsychUp,Protect|Brave|||||50|]Trevenant||FocusSash|Frisk|HornLeech,RockSlide,PsychUp,TrickRoom|Brave||F|||50|]Snorlax||SitrusBerry|ThickFat|BodySlam,HammerArm,BellyDrum,Protect|Brave||F|||50|
|inactive|Battle timer is ON: inactive players will automatically lose when time's up. (requested by cartulo)
|
|t:|1782327170
|teamsize|p1|4
|teamsize|p2|4
|start
|switch|p1a: Sylveon|Sylveon, L50, F|100/100
|switch|p1b: Milotic|Milotic, L50, F|100/100
|switch|p2a: Sagazinha UwU|Snorlax, L50, F, shiny|100/100
|switch|p2b: Trevenant|Trevenant, L50, F|100/100
|-item|p1a: Sylveon|Fairy Feather|[from] ability: Frisk|[of] p2b: Trevenant
|-item|p1b: Milotic|Sitrus Berry|[from] ability: Frisk|[of] p2b: Trevenant
|turn|1
|
|t:|1782327178
|move|p1b: Milotic|Scald|p2a: Sagazinha UwU
|-damage|p2a: Sagazinha UwU|81/100
|-status|p2a: Sagazinha UwU|brn
|move|p1a: Sylveon|Hyper Voice|p2a: Sagazinha UwU|[spread] p2a,p2b
|-crit|p2a: Sagazinha UwU
|-damage|p2a: Sagazinha UwU|40/100 brn
|-damage|p2b: Trevenant|49/100
|-enditem|p2a: Sagazinha UwU|Sitrus Berry|[eat]
|-heal|p2a: Sagazinha UwU|65/100 brn|[from] item: Sitrus Berry
|move|p2a: Sagazinha UwU|Belly Drum|p2a: Sagazinha UwU
|-damage|p2a: Sagazinha UwU|15/100 brn
|-setboost|p2a: Sagazinha UwU|atk|6|[from] move: Belly Drum
|move|p2b: Trevenant|Trick Room|p2b: Trevenant
|-fieldstart|move: Trick Room|[of] p2b: Trevenant
|
|-damage|p2a: Sagazinha UwU|9/100 brn|[from] brn
|upkeep
|turn|2
|
|t:|1782327198
|move|p1b: Milotic|Protect|p1b: Milotic
|-singleturn|p1b: Milotic|Protect
|move|p2a: Sagazinha UwU|Body Slam|p1a: Sylveon
|-damage|p1a: Sylveon|5/100
|move|p2b: Trevenant|Psych Up|p2a: Sagazinha UwU
|-copyboost|p2b: Trevenant|p2a: Sagazinha UwU|[from] move: Psych Up
|move|p1a: Sylveon|Hyper Voice|p2b: Trevenant|[spread] p2a,p2b
|-damage|p2a: Sagazinha UwU|0 fnt
|-damage|p2b: Trevenant|2/100
|faint|p2a: Sagazinha UwU
|
|upkeep
|
|t:|1782327206
|switch|p2a: Oranguru|Oranguru, L50, M|100/100
|turn|3
|inactive|FabioVelho has 30 seconds left.
|
|t:|1782327231
|switch|p1b: Incineroar|Incineroar, L50, M|100/100
|-ability|p1b: Incineroar|Intimidate|boost
|-fail|p2a: Oranguru|unboost|Attack|[from] ability: Inner Focus|[of] p2a: Oranguru
|-unboost|p2b: Trevenant|atk|1
|move|p1a: Sylveon|Detect|p1a: Sylveon
|-singleturn|p1a: Sylveon|Protect
|move|p2b: Trevenant|Horn Leech|p1b: Incineroar
|-resisted|p1b: Incineroar|1
|-damage|p1b: Incineroar|39/100
|-heal|p2b: Trevenant|34/100|[from] drain|[of] p1b: Incineroar
|move|p2a: Oranguru|Instruct|p2b: Trevenant
|-singleturn|p2b: Trevenant|move: Instruct|[of] p2a: Oranguru
|move|p2b: Trevenant|Horn Leech|p1b: Incineroar
|-resisted|p1b: Incineroar|1
|-damage|p1b: Incineroar|0 fnt
|-heal|p2b: Trevenant|55/100|[from] drain|[of] p1b: Incineroar
|faint|p1b: Incineroar
|
|upkeep
|
|t:|1782327249
|switch|p1b: Metagross|Metagross, L50|100/100
|turn|4
|
|t:|1782327260
|detailschange|p1b: Metagross|Metagross-Mega, L50
|-mega|p1b: Metagross|Metagross|Metagrossite
|move|p2b: Trevenant|Horn Leech|p1a: Sylveon
|-damage|p1a: Sylveon|0 fnt
|-heal|p2b: Trevenant|58/100|[from] drain|[of] p1a: Sylveon
|faint|p1a: Sylveon
|move|p2a: Oranguru|Instruct|p2b: Trevenant
|-singleturn|p2b: Trevenant|move: Instruct|[of] p2a: Oranguru
|move|p2b: Trevenant|Horn Leech|p1b: Metagross
|-resisted|p1b: Metagross|1
|-damage|p1b: Metagross|43/100
|-heal|p2b: Trevenant|81/100|[from] drain|[of] p1b: Metagross
|move|p1b: Metagross|Iron Head|p2b: Trevenant
|-damage|p2b: Trevenant|8/100
|
|upkeep
|
|t:|1782327276
|switch|p1a: Milotic|Milotic, L50, F|100/100
|turn|5
|
|t:|1782327282
|move|p1a: Milotic|Protect|p1a: Milotic
|-singleturn|p1a: Milotic|Protect
|move|p1b: Metagross|Protect|p1b: Metagross
|-singleturn|p1b: Metagross|Protect
|move|p2b: Trevenant|Horn Leech|p1b: Metagross
|-activate|p1b: Metagross|move: Protect
|move|p2a: Oranguru|Instruct|p2b: Trevenant
|-singleturn|p2b: Trevenant|move: Instruct|[of] p2a: Oranguru
|move|p2b: Trevenant|Horn Leech|p1b: Metagross
|-activate|p1b: Metagross|move: Protect
|
|-fieldend|move: Trick Room
|upkeep
|turn|6
|
|t:|1782327299
|move|p1b: Metagross|Iron Head|p2a: Oranguru
|-damage|p2a: Oranguru|49/100
|move|p1a: Milotic|Icy Wind|p2a: Oranguru|[spread] p2a,p2b
|-supereffective|p2b: Trevenant|1
|-damage|p2a: Oranguru|41/100
|-damage|p2b: Trevenant|0 fnt
|-unboost|p2a: Oranguru|spe|1
|faint|p2b: Trevenant
|move|p2a: Oranguru|Trick Room|p2a: Oranguru
|-fieldstart|move: Trick Room|[of] p2a: Oranguru
|
|upkeep
|
|t:|1782327305
|switch|p2b: Golurk|Golurk, L50|100/100
|turn|7
|
|t:|1782327314
|detailschange|p2b: Golurk|Golurk-Mega, L50
|-mega|p2b: Golurk|Golurk|Golurkite
|move|p1b: Metagross|Protect|p1b: Metagross
|-singleturn|p1b: Metagross|Protect
|move|p2a: Oranguru|Instruct||[still]
|-fail|p2a: Oranguru
|move|p2b: Golurk|Poltergeist|p1a: Milotic
|-activate|p1a: Milotic|move: Poltergeist|Sitrus Berry
|-damage|p1a: Milotic|29/100
|-enditem|p1a: Milotic|Sitrus Berry|[eat]
|-heal|p1a: Milotic|54/100|[from] item: Sitrus Berry
|move|p1a: Milotic|Scald|p2b: Golurk
|-supereffective|p2b: Golurk|1
|-damage|p2b: Golurk|43/100
|
|upkeep
|turn|8
|
|t:|1782327333
|move|p1a: Milotic|Protect|p1a: Milotic
|-singleturn|p1a: Milotic|Protect
|move|p2a: Oranguru|Instruct|p2b: Golurk
|-singleturn|p2b: Golurk|move: Instruct|[of] p2a: Oranguru
|move|p2b: Golurk|Poltergeist||[still]
|-fail|p2b: Golurk
|move|p2b: Golurk|Poltergeist|p1b: Metagross
|-activate|p1b: Metagross|move: Poltergeist|Metagrossite
|-supereffective|p1b: Metagross|1
|-damage|p1b: Metagross|0 fnt
|faint|p1b: Metagross
|
|upkeep
|turn|9
|
|t:|1782327354
|move|p2a: Oranguru|Psychic|p1a: Milotic
|-damage|p1a: Milotic|33/100
|move|p2b: Golurk|Poltergeist||[still]
|-fail|p2b: Golurk
|move|p1a: Milotic|Scald|p2b: Golurk
|-supereffective|p2b: Golurk|1
|-damage|p2b: Golurk|0 fnt
|faint|p2b: Golurk
|
|upkeep
|turn|10
|
|t:|1782327365
|move|p2a: Oranguru|Psychic|p1a: Milotic
|-damage|p1a: Milotic|10/100
|move|p1a: Milotic|Life Dew|p1a: Milotic
|-heal|p1a: Milotic|35/100
|
|-fieldend|move: Trick Room
|upkeep
|turn|11
|
|t:|1782327373
|move|p1a: Milotic|Scald|p2a: Oranguru
|-damage|p2a: Oranguru|15/100
|move|p2a: Oranguru|Skill Swap|p1a: Milotic
|-activate|p2a: Oranguru|Skill Swap|Competitive|Inner Focus|[of] p1a: Milotic
|
|upkeep
|turn|12
|
|t:|1782327381
|move|p1a: Milotic|Scald|p2a: Oranguru
|-damage|p2a: Oranguru|0 fnt
|faint|p2a: Oranguru
|
|win|FabioVelho
