|j|☆SMB
|j|☆mikebosc
|html|SMBmikebosc    
|uhtml|bestof|Game 1 of a best-of-3
|t:|1785661105
|gametype|doubles
|player|p1|SMB|#dpl8ducks|
|player|p2|mikebosc|169|
|gen|9
|tier|[Gen 9 Champions] VGC 2026 Reg M-B (Bo3)
|rule|Species Clause: Limit one of each Pokémon
|rule|Item Clause: Limit 1 of each item
|clearpoke
|poke|p1|Charizard, L50, F|
|poke|p1|Archaludon, L50, F|
|poke|p1|Grimmsnarl, L50, M|
|poke|p1|Basculegion, L50, M|
|poke|p1|Venusaur, L50, F|
|poke|p1|Pelipper, L50, M|
|poke|p2|Staraptor, L50, M|
|poke|p2|Garchomp, L50, M|
|poke|p2|Whimsicott, L50, M|
|poke|p2|Delphox, L50, M|
|poke|p2|Glimmora, L50, M|
|poke|p2|Kingambit, L50, M|
|teampreview|4
|showteam|p1|Charizard||CharizarditeY|Blaze|HeatWave,WeatherBall,SolarBeam,Protect|Modest||F|||50|]Archaludon||Leftovers|Stamina|FlashCannon,DragonPulse,ElectroShot,Protect|Calm||F|||50|]Grimmsnarl||LightClay|Prankster|SpiritBreak,Reflect,LightScreen,PartingShot|Sassy||M|||50|]Basculegion||ChoiceScarf|Adaptability|WaveCrash,AquaJet,LastRespects,FlipTurn|Jolly||M|||50|]Venusaur||FocusSash|Chlorophyll|SludgeBomb,EarthPower,SleepPowder,Protect|Modest||F|||50|]Pelipper||SitrusBerry|Drizzle|WeatherBall,Hurricane,Tailwind,WideGuard|Modest||M|||50|
|showteam|p2|Staraptor||Staraptite|Intimidate|Protect,Roost,CloseCombat,BraveBird|Jolly||M|||50|]Garchomp||LifeOrb|RoughSkin|Protect,RockSlide,Earthquake,DragonClaw|Jolly||M|||50|]Whimsicott||OccaBerry|Prankster|Moonblast,Tailwind,Charm,LightScreen|Timid||M|||50|]Delphox||Delphoxite|Magician|Protect,Psychic,HeatWave,Substitute|Timid||M|||50|]Glimmora||FocusSash|ToxicDebris|SpikyShield,SludgeBomb,EarthPower,PowerGem|Timid||M|||50|]Kingambit||ChopleBerry|Defiant|SuckerPunch,LowKick,IronHead,KowtowCleave|Adamant||M|||50|
|c|☆SMB|glhf
|c|☆mikebosc|u2
|c|☆mikebosc|we have to put the ots on discord?
|c|☆SMB|i don't know
|j| qqcantabalarana
|c|☆mikebosc|because we can see it on sd
|c|☆mikebosc|i think we can go
|c|☆SMB|yeah I thought you meant for tracking pruposes but for us is fine
|l| qqcantabalarana
|inactive|Battle timer is ON: inactive players will automatically lose when time's up. (requested by SMB)
|j| qqcantabalarana
|j| Squacqueronevgc
|inactive|mikebosc has 60 seconds left.
|
|t:|1785661268
|teamsize|p1|4
|teamsize|p2|4
|start
|switch|p1a: Charizard|Charizard, L50, F|100/100
|switch|p1b: Venusaur|Venusaur, L50, F|100/100
|switch|p2a: Whimsicott|Whimsicott, L50, M|100/100
|switch|p2b: Glimmora|Glimmora, L50, M|100/100
|turn|1
|inactive|SMB has 30 seconds left.
|inactive|mikebosc has 30 seconds left.
|inactive|mikebosc has 20 seconds left.
|inactive|mikebosc has 15 seconds left.
|inactive|mikebosc has 10 seconds left.
|
|t:|1785661317
|detailschange|p1a: Charizard|Charizard-Mega-Y, L50, F
|-mega|p1a: Charizard|Charizard|Charizardite Y
|-weather|SunnyDay|[from] ability: Drought|[of] p1a: Charizard
|move|p1a: Charizard|Protect|p1a: Charizard
|-singleturn|p1a: Charizard|Protect
|move|p2a: Whimsicott|Light Screen|p2a: Whimsicott
|-sidestart|p2: mikebosc|move: Light Screen
|move|p1b: Venusaur|Sleep Powder|p2b: Glimmora
|-status|p2b: Glimmora|slp|[from] move: Sleep Powder
|cant|p2b: Glimmora|slp
|
|-weather|SunnyDay|[upkeep]
|upkeep
|turn|2
|l| qqcantabalarana
|
|t:|1785661337
|switch|p1a: Archaludon|Archaludon, L50, F|100/100
|move|p2a: Whimsicott|Tailwind|p2a: Whimsicott
|-sidestart|p2: mikebosc|move: Tailwind
|cant|p2b: Glimmora|slp
|move|p1b: Venusaur|Earth Power|p2b: Glimmora
|-supereffective|p2b: Glimmora|2
|-damage|p2b: Glimmora|2/100 slp
|-unboost|p2b: Glimmora|spd|1
|
|-weather|SunnyDay|[upkeep]
|upkeep
|turn|3
|j| qqcantabalarana
|inactive|mikebosc has 30 seconds left.
|
|t:|1785661370
|move|p2a: Whimsicott|Moonblast|p1b: Venusaur
|-resisted|p1b: Venusaur|1
|-damage|p1b: Venusaur|82/100
|-curestatus|p2b: Glimmora|slp|[msg]
|move|p2b: Glimmora|Sludge Bomb|p1b: Venusaur
|-crit|p1b: Venusaur
|-damage|p1b: Venusaur|0 fnt
|faint|p1b: Venusaur
|move|p1a: Archaludon|Dragon Pulse|p2b: Glimmora
|-damage|p2b: Glimmora|0 fnt
|faint|p2b: Glimmora
|
|-weather|SunnyDay|[upkeep]
|upkeep
|j| visamastercard
|
|t:|1785661393
|switch|p2b: Staraptor|Staraptor, L50, M|100/100
|switch|p1b: Pelipper|Pelipper, L50, M|100/100
|-ability|p2b: Staraptor|Intimidate|boost
|-unboost|p1a: Archaludon|atk|1
|-unboost|p1b: Pelipper|atk|1
|-weather|RainDance|[from] ability: Drizzle|[of] p1b: Pelipper
|turn|4
|
|t:|1785661416
|detailschange|p2b: Staraptor|Staraptor-Mega, L50, M
|-mega|p2b: Staraptor|Staraptor|Staraptite
|move|p1a: Archaludon|Protect|p1a: Archaludon
|-singleturn|p1a: Archaludon|Protect
|move|p2a: Whimsicott|Moonblast|p1b: Pelipper
|-damage|p1b: Pelipper|60/100
|move|p2b: Staraptor|Close Combat|p1a: Archaludon
|-activate|p1a: Archaludon|move: Protect
|move|p1b: Pelipper|Hurricane|p2b: Staraptor
|-supereffective|p2b: Staraptor|1
|-damage|p2b: Staraptor|42/100
|
|-weather|RainDance|[upkeep]
|upkeep
|turn|5
|inactive|SMB has 30 seconds left.
|inactive|mikebosc has 30 seconds left.
|inactive|SMB has 20 seconds left.
|
|t:|1785661454
|move|p2a: Whimsicott|Charm|p2b: Staraptor
|-boost|p2b: Staraptor|atk|2
|move|p2b: Staraptor|Close Combat|p1a: Archaludon
|-supereffective|p1a: Archaludon|1
|-damage|p1a: Archaludon|0 fnt
|-boost|p2b: Staraptor|def|1
|-boost|p2b: Staraptor|spd|1
|faint|p1a: Archaludon
|move|p1b: Pelipper|Hurricane|p2b: Staraptor
|-supereffective|p2b: Staraptor|1
|-damage|p2b: Staraptor|3/100
|
|-weather|RainDance|[upkeep]
|-sideend|p2: mikebosc|move: Light Screen
|-sideend|p2: mikebosc|move: Tailwind
|upkeep
|
|t:|1785661468
|switch|p1a: Charizard|Charizard-Mega-Y, L50, F|100/100
|-weather|SunnyDay|[from] ability: Drought|[of] p1a: Charizard
|turn|6
|inactive|SMB has 30 seconds left.
|inactive|mikebosc has 30 seconds left.
|
|t:|1785661502
|move|p2b: Staraptor|Protect|p2b: Staraptor
|-singleturn|p2b: Staraptor|Protect
|move|p2a: Whimsicott|Light Screen|p2a: Whimsicott
|-sidestart|p2: mikebosc|move: Light Screen
|move|p1a: Charizard|Heat Wave|p2b: Staraptor|[spread] p2a
|-activate|p2b: Staraptor|move: Protect
|-supereffective|p2a: Whimsicott|1
|-enditem|p2a: Whimsicott|Occa Berry|[eat]
|-enditem|p2a: Whimsicott|Occa Berry|[weaken]
|-damage|p2a: Whimsicott|42/100
|move|p1b: Pelipper|Weather Ball|p2b: Staraptor
|-activate|p2b: Staraptor|move: Protect
|
|-weather|SunnyDay|[upkeep]
|upkeep
|turn|7
|inactive|mikebosc has 30 seconds left.
|inactive|mikebosc has 20 seconds left.
|inactive|mikebosc has 15 seconds left.
|
|t:|1785661547
|move|p1a: Charizard|Protect|p1a: Charizard
|-singleturn|p1a: Charizard|Protect
|move|p2a: Whimsicott|Tailwind|p2a: Whimsicott
|-sidestart|p2: mikebosc|move: Tailwind
|move|p2b: Staraptor|Roost|p2b: Staraptor
|-heal|p2b: Staraptor|53/100
|-singleturn|p2b: Staraptor|move: Roost
|move|p1b: Pelipper|Weather Ball|p2b: Staraptor
|-damage|p2b: Staraptor|34/100
|
|-weather|SunnyDay|[upkeep]
|upkeep
|turn|8
|
|t:|1785661563
|move|p1a: Charizard|Protect||[still]
|-fail|p1a: Charizard
|move|p2a: Whimsicott|Moonblast|p1b: Pelipper
|-damage|p1b: Pelipper|16/100
|-enditem|p1b: Pelipper|Sitrus Berry|[eat]
|-heal|p1b: Pelipper|40/100|[from] item: Sitrus Berry
|move|p2b: Staraptor|Brave Bird|p1a: Charizard
|-damage|p1a: Charizard|0 fnt
|faint|p1a: Charizard
|-damage|p2b: Staraptor|4/100|[from] Recoil
|move|p1b: Pelipper|Hurricane|p2b: Staraptor
|-supereffective|p2b: Staraptor|1
|-damage|p2b: Staraptor|0 fnt
|faint|p2b: Staraptor
|
|-weather|SunnyDay|[upkeep]
|upkeep
|
|t:|1785661576
|switch|p2b: Kingambit|Kingambit, L50, M|100/100
|turn|9
|
|t:|1785661587
|move|p2a: Whimsicott|Moonblast|p1b: Pelipper
|-damage|p1b: Pelipper|1/100
|move|p2b: Kingambit|Kowtow Cleave|p1b: Pelipper
|-damage|p1b: Pelipper|0 fnt
|faint|p1b: Pelipper
|
|win|mikebosc
||SMB is ready for game 2.
||mikebosc is ready for game 2.
|uhtml|next|Next: Game 2 of 3
|l| visamastercard
|j| edo ghira
|l| qqcantabalarana
|l|☆SMB
|player|p1|
|l| Squacqueronevgc
|l| edo ghira
