|j|☆yeetawheat
|j|☆Chaotic Raos
|html|yeetawheatChaotic Raos    
|uhtml|bestof|Game 1 of a best-of-3
|t:|1756254668
|gametype|doubles
|player|p1|yeetawheat|102|
|player|p2|Chaotic Raos|bellelba|
|gen|9
|tier|[Gen 9] VGC 2025 Reg H (Bo3)
|rule|Species Clause: Limit one of each Pokémon
|rule|Item Clause: Limit 1 of each item
|clearpoke
|poke|p1|Annihilape, L50, F|
|poke|p1|Rillaboom, L50, M|
|poke|p1|Incineroar, L50, M|
|poke|p1|Whimsicott, L50, F|
|poke|p1|Primarina, L50, F|
|poke|p1|Maushold, L50|
|poke|p2|Archaludon, L50, F|
|poke|p2|Basculegion, L50, M|
|poke|p2|Pelipper, L50, F|
|poke|p2|Incineroar, L50, M|
|poke|p2|Maushold, L50|
|poke|p2|Sinistcha, L50|
|teampreview|4
|showteam|p1|Annihilape||CovertCloak|Defiant|BulkUp,DrainPunch,RageFist,Protect|||F|||50|,,,,,Fire]Rillaboom||ChoiceBand|GrassySurge|HighHorsepower,WoodHammer,Uturn,GrassyGlide|||M|||50|,,,,,Grass]Incineroar||SitrusBerry|Intimidate|FakeOut,FlareBlitz,KnockOff,PartingShot|||M|||50|,,,,,Water]Whimsicott||FocusSash|Prankster|Protect,Tailwind,BeatUp,LightScreen|||F|||50|,,,,,Ghost]Primarina||MysticWater|LiquidVoice|HyperVoice,Moonblast,DazzlingGleam,Protect|||F|||50|,,,,,Poison]Maushold||WideLens|Technician|PopulationBomb,FollowMe,Encore,Protect||||||50|,,,,,Normal
|showteam|p2|Archaludon||AssaultVest|Stamina|ElectroShot,DragonPulse,FlashCannon,BodyPress|||F|||50|,,,,,Fairy]Basculegion||MysticWater|SwiftSwim|Protect,WaveCrash,AquaJet,LastRespects|||M|||50|,,,,,Water]Pelipper||FocusSash|Drizzle|Hurricane,WeatherBall,Tailwind,Protect|||F|||50|,,,,,Ghost]Incineroar||SafetyGoggles|Intimidate|FakeOut,FlareBlitz,KnockOff,PartingShot|||M|||50|,,,,,Ghost]Maushold||WideLens|Technician|PopulationBomb,FollowMe,Taunt,Protect||||||50|,,,,,Grass]Sinistcha||RockyHelmet|Hospitality|MatchaGotcha,RagePowder,StrengthSap,Protect||||||50|,,,,,Water
|inactive|Battle timer is ON: inactive players will automatically lose when time's up. (requested by yeetawheat)
|inactiveoff|Battle timer is now OFF.
|c|☆yeetawheat|glhf
|c|☆Chaotic Raos|GLHF!
|
|t:|1756254727
|teamsize|p1|4
|teamsize|p2|4
|start
|switch|p1a: Whimsicott|Whimsicott, L50, F|100/100
|switch|p1b: Annihilape|Annihilape, L50, F|100/100
|switch|p2a: Surfin' Bird|Pelipper, L50, F|100/100
|switch|p2b: Them|Maushold, L50|100/100
|-weather|RainDance|[from] ability: Drizzle|[of] p2a: Surfin' Bird
|turn|1
|
|t:|1756254760
|move|p2b: Them|Follow Me|p2b: Them
|-singleturn|p2b: Them|move: Follow Me
|move|p1a: Whimsicott|Tailwind|p1a: Whimsicott
|-sidestart|p1: yeetawheat|move: Tailwind
|move|p1b: Annihilape|Bulk Up|p1b: Annihilape
|-boost|p1b: Annihilape|atk|1
|-boost|p1b: Annihilape|def|1
|move|p2a: Surfin' Bird|Tailwind|p2a: Surfin' Bird
|-sidestart|p2: Chaotic Raos|move: Tailwind
|
|-weather|RainDance|[upkeep]
|upkeep
|turn|2
|
|t:|1756254786
|-terastallize|p1b: Annihilape|Fire
|move|p2a: Surfin' Bird|Protect|p2a: Surfin' Bird
|-singleturn|p2a: Surfin' Bird|Protect
|move|p1a: Whimsicott|Light Screen|p1a: Whimsicott
|-sidestart|p1: yeetawheat|move: Light Screen
|move|p2b: Them|Population Bomb|p1a: Whimsicott
|-damage|p1a: Whimsicott|84/100
|-damage|p1a: Whimsicott|69/100
|-damage|p1a: Whimsicott|51/100
|-damage|p1a: Whimsicott|36/100
|-damage|p1a: Whimsicott|20/100
|-damage|p1a: Whimsicott|3/100
|-damage|p1a: Whimsicott|0 fnt
|faint|p1a: Whimsicott
|-hitcount|p1: Whimsicott|7
|move|p1b: Annihilape|Drain Punch|p2b: Them
|-supereffective|p2b: Them
|-damage|p2b: Them|0 fnt
|faint|p2b: Them
|
|-weather|RainDance|[upkeep]
|upkeep
|
|t:|1756254808
|switch|p1a: Rillaboom|Rillaboom, L50, M|100/100
|switch|p2b: Mackinac|Archaludon, L50, F|100/100
|-fieldstart|move: Grassy Terrain|[from] ability: Grassy Surge|[of] p1a: Rillaboom
|turn|3
|
|t:|1756254832
|-terastallize|p2a: Surfin' Bird|Ghost
|move|p1a: Rillaboom|Grassy Glide|p2a: Surfin' Bird
|-damage|p2a: Surfin' Bird|17/100
|move|p1b: Annihilape|Rage Fist|p2a: Surfin' Bird
|-supereffective|p2a: Surfin' Bird
|-damage|p2a: Surfin' Bird|0 fnt
|faint|p2a: Surfin' Bird
|move|p2b: Mackinac|Electro Shot||[still]
|-prepare|p2b: Mackinac|Electro Shot
|-boost|p2b: Mackinac|spa|1
|-anim|p2b: Mackinac|Electro Shot|p1b: Annihilape
|-crit|p1b: Annihilape
|-damage|p1b: Annihilape|11/100
|
|-weather|RainDance|[upkeep]
|-heal|p1b: Annihilape|17/100|[from] Grassy Terrain
|upkeep
|
|t:|1756254847
|switch|p2a: Salmon Run|Basculegion, L50, M|100/100
|turn|4
|
|t:|1756254863
|switch|p1b: Primarina|Primarina, L50, F|100/100
|move|p2a: Salmon Run|Protect|p2a: Salmon Run
|-singleturn|p2a: Salmon Run|Protect
|move|p1a: Rillaboom|Grassy Glide|p2a: Salmon Run
|-activate|p2a: Salmon Run|move: Protect
|move|p2b: Mackinac|Electro Shot||[still]
|-prepare|p2b: Mackinac|Electro Shot
|-boost|p2b: Mackinac|spa|1
|-anim|p2b: Mackinac|Electro Shot|p1a: Rillaboom
|-resisted|p1a: Rillaboom
|-damage|p1a: Rillaboom|68/100
|
|-weather|RainDance|[upkeep]
|-heal|p1a: Rillaboom|74/100|[from] Grassy Terrain
|-sideend|p2: Chaotic Raos|move: Tailwind
|-sideend|p1: yeetawheat|move: Tailwind
|upkeep
|turn|5
|
|t:|1756254890
|move|p2a: Salmon Run|Aqua Jet|p1b: Primarina
|-resisted|p1b: Primarina
|-damage|p1b: Primarina|77/100
|move|p1a: Rillaboom|Grassy Glide|p2a: Salmon Run
|-supereffective|p2a: Salmon Run
|-damage|p2a: Salmon Run|0 fnt
|faint|p2a: Salmon Run
|move|p1b: Primarina|Moonblast|p2b: Mackinac
|-damage|p2b: Mackinac|72/100
|-ability|p2b: Mackinac|Stamina|boost
|-boost|p2b: Mackinac|def|1
|move|p2b: Mackinac|Electro Shot||[still]
|-prepare|p2b: Mackinac|Electro Shot
|-boost|p2b: Mackinac|spa|1
|-anim|p2b: Mackinac|Electro Shot|p1b: Primarina
|-supereffective|p1b: Primarina
|-damage|p1b: Primarina|0 fnt
|faint|p1b: Primarina
|
|-weather|none
|-heal|p1a: Rillaboom|79/100|[from] Grassy Terrain
|-heal|p2b: Mackinac|78/100|[from] Grassy Terrain
|upkeep
|
|t:|1756254893
|switch|p1b: Annihilape|Annihilape, L50, F, tera:Fire|17/100
|turn|6
|
|t:|1756254935
|move|p1a: Rillaboom|Grassy Glide|p2b: Mackinac
|-resisted|p2b: Mackinac
|-damage|p2b: Mackinac|70/100
|-ability|p2b: Mackinac|Stamina|boost
|-boost|p2b: Mackinac|def|1
|move|p1b: Annihilape|Drain Punch|p2b: Mackinac
|-supereffective|p2b: Mackinac
|-damage|p2b: Mackinac|48/100
|-heal|p1b: Annihilape|28/100|[from] drain|[of] p2b: Mackinac
|-ability|p2b: Mackinac|Stamina|boost
|-boost|p2b: Mackinac|def|1
|move|p2b: Mackinac|Dragon Pulse|p1b: Annihilape
|-damage|p1b: Annihilape|0 fnt
|faint|p1b: Annihilape
|
|-heal|p1a: Rillaboom|85/100|[from] Grassy Terrain
|-heal|p2b: Mackinac|54/100|[from] Grassy Terrain
|-sideend|p1: yeetawheat|move: Light Screen
|upkeep
|turn|7
|
|t:|1756254954
|move|p1a: Rillaboom|Grassy Glide|p2b: Mackinac
|-resisted|p2b: Mackinac
|-damage|p2b: Mackinac|50/100
|-ability|p2b: Mackinac|Stamina|boost
|-boost|p2b: Mackinac|def|1
|move|p2b: Mackinac|Dragon Pulse|p1a: Rillaboom
|-damage|p1a: Rillaboom|0 fnt
|faint|p1a: Rillaboom
|
|win|Chaotic Raos
||yeetawheat is ready for game 2.
||Chaotic Raos is ready for game 2.
|uhtml|next|Next: Game 2 of 3
