|j|☆DewosZz
|j|☆r4ka
|html|DewosZzr4ka    
|uhtml|bestof|Game 2 of a best-of-3
|t:|1757174460
|gametype|doubles
|player|p1|DewosZz|266|1241
|player|p2|r4ka|101|1273
|gen|9
|tier|[Gen 9] VGC 2025 Reg H (Bo3)
|rated|
|rule|Species Clause: Limit one of each Pokémon
|rule|Item Clause: Limit 1 of each item
|clearpoke
|poke|p1|Annihilape, L50, F|
|poke|p1|Sinistcha, L50|
|poke|p1|Maushold-Four, L50|
|poke|p1|Klefki, L50, M|
|poke|p1|Ursaluna-Bloodmoon, L50, M|
|poke|p1|Ninetales-Alola, L50, F|
|poke|p2|Rillaboom, L50, M|
|poke|p2|Dragonite, L50, F|
|poke|p2|Sneasler, L50, M|
|poke|p2|Kingambit, L50, F|
|poke|p2|Electabuzz, L50, M|
|poke|p2|Volcarona, L50, F|
|teampreview|4
|showteam|p1|Annihilape||Leftovers|Defiant|Protect,BulkUp,DrainPunch,RageFist|||F|||50|,,,,,Fire]Sinistcha||SitrusBerry|Hospitality|MatchaGotcha,TrickRoom,LifeDew,RagePowder||||||50|,,,,,Water]Maushold-Four||SafetyGoggles|FriendGuard|FollowMe,Taunt,BeatUp,Protect||||||50|,,,,,Ghost]Klefki||LightClay|Prankster|Reflect,LightScreen,MistyTerrain,DazzlingGleam|||M|||50|,,,,,Ghost]Ursaluna-Bloodmoon||AssaultVest|MindsEye|BloodMoon,HyperVoice,EarthPower,VacuumWave|||M|||50|,,,,,Water]Ninetales-Alola||FocusSash|SnowWarning|Protect,Encore,FreezeDry,Blizzard|||F|||50|,,,,,Ghost
|showteam|p2|Rillaboom||AssaultVest|GrassySurge|FakeOut,HighHorsepower,WoodHammer,GrassyGlide|||M|||50|,,,,,Fire]Dragonite||LoadedDice|Multiscale|ExtremeSpeed,ScaleShot,Protect,Haze|||F|||50|,,,,,Steel]Sneasler||FocusSash|PoisonTouch|DireClaw,CloseCombat,FakeOut,Coaching|||M|||50|,,,,,Stellar]Kingambit||BlackGlasses|Defiant|KowtowCleave,SuckerPunch,SwordsDance,Protect|||F|||50|,,,,,Ghost]Electabuzz||Eviolite|VitalSpirit|Thunderbolt,Taunt,Protect,FollowMe|||M|||50|,,,,,Ghost]Volcarona||Leftovers|FlameBody|HeatWave,TeraBlast,QuiverDance,Protect|||F|||50|,,,,,Fairy
|
|t:|1757174468
|teamsize|p1|4
|teamsize|p2|4
|start
|switch|p1a: Klefki|Klefki, L50, M|100/100
|switch|p1b: Annihilape|Annihilape, L50, F, shiny|100/100
|switch|p2a: Sneasler|Sneasler, L50, M|100/100
|switch|p2b: Volcarona|Volcarona, L50, F|100/100
|turn|1
|
|t:|1757174488
|-terastallize|p1b: Annihilape|Fire
|move|p2a: Sneasler|Fake Out|p1a: Klefki
|-resisted|p1a: Klefki
|-damage|p1a: Klefki|92/100
|cant|p1a: Klefki|flinch
|move|p1b: Annihilape|Bulk Up|p1b: Annihilape
|-boost|p1b: Annihilape|atk|1
|-boost|p1b: Annihilape|def|1
|move|p2b: Volcarona|Quiver Dance|p2b: Volcarona
|-boost|p2b: Volcarona|spa|1
|-boost|p2b: Volcarona|spd|1
|-boost|p2b: Volcarona|spe|1
|
|upkeep
|turn|2
|
|t:|1757174509
|move|p1b: Annihilape|Protect|p1b: Annihilape
|-singleturn|p1b: Annihilape|Protect
|move|p1a: Klefki|Light Screen|p1a: Klefki
|-sidestart|p1: DewosZz|move: Light Screen
|move|p2b: Volcarona|Heat Wave|p1a: Klefki|[spread] p1a
|-activate|p1b: Annihilape|move: Protect
|-supereffective|p1a: Klefki
|-damage|p1a: Klefki|33/100
|move|p2a: Sneasler|Dire Claw|p1b: Annihilape
|-activate|p1b: Annihilape|move: Protect
|
|upkeep
|turn|3
|
|t:|1757174521
|move|p1a: Klefki|Misty Terrain|p1a: Klefki
|-fieldstart|move: Misty Terrain
|move|p2b: Volcarona|Quiver Dance|p2b: Volcarona
|-boost|p2b: Volcarona|spa|1
|-boost|p2b: Volcarona|spd|1
|-boost|p2b: Volcarona|spe|1
|move|p2a: Sneasler|Dire Claw|p1b: Annihilape
|-damage|p1b: Annihilape|73/100
|move|p1b: Annihilape|Rage Fist|p2b: Volcarona
|-crit|p2b: Volcarona
|-damage|p2b: Volcarona|3/100
|
|-heal|p2b: Volcarona|9/100|[from] item: Leftovers
|-heal|p1b: Annihilape|79/100|[from] item: Leftovers
|upkeep
|turn|4
|
|t:|1757174549
|move|p1a: Klefki|Reflect|p1a: Klefki
|-sidestart|p1: DewosZz|Reflect
|move|p2b: Volcarona|Heat Wave|p1a: Klefki|[spread] p1a,p1b
|-supereffective|p1a: Klefki
|-resisted|p1b: Annihilape
|-damage|p1a: Klefki|0 fnt
|-damage|p1b: Annihilape|59/100
|faint|p1a: Klefki
|move|p2a: Sneasler|Close Combat|p1b: Annihilape
|-damage|p1b: Annihilape|29/100
|-unboost|p2a: Sneasler|def|1
|-unboost|p2a: Sneasler|spd|1
|move|p1b: Annihilape|Rage Fist|p2b: Volcarona
|-damage|p2b: Volcarona|0 fnt
|faint|p2b: Volcarona
|
|-heal|p1b: Annihilape|35/100|[from] item: Leftovers
|upkeep
|
|t:|1757174564
|switch|p2b: Kingambit|Kingambit, L50, F, shiny|100/100
|switch|p1a: Sinistcha|Sinistcha, L50|100/100
|-heal|p1b: Annihilape|60/100|[from] ability: Hospitality|[of] p1a: Sinistcha
|turn|5
|
|t:|1757174593
|switch|p1a: Maushold|Maushold-Four, L50|100/100
|-terastallize|p2b: Kingambit|Ghost
|move|p2a: Sneasler|Coaching|p2b: Kingambit
|-boost|p2b: Kingambit|atk|1
|-boost|p2b: Kingambit|def|1
|move|p1b: Annihilape|Drain Punch|p2b: Kingambit
|-immune|p2b: Kingambit
|move|p2b: Kingambit|Kowtow Cleave|p1b: Annihilape
|-damage|p1b: Annihilape|31/100
|
|-heal|p1b: Annihilape|38/100|[from] item: Leftovers
|upkeep
|turn|6
|
|t:|1757174609
|move|p2b: Kingambit|Protect|p2b: Kingambit
|-singleturn|p2b: Kingambit|Protect
|move|p1a: Maushold|Follow Me|p1a: Maushold
|-singleturn|p1a: Maushold|move: Follow Me
|move|p2a: Sneasler|Close Combat|p1a: Maushold
|-supereffective|p1a: Maushold
|-damage|p1a: Maushold|2/100
|-unboost|p2a: Sneasler|def|1
|-unboost|p2a: Sneasler|spd|1
|move|p1b: Annihilape|Rage Fist|p2b: Kingambit
|-activate|p2b: Kingambit|move: Protect
|
|-heal|p1b: Annihilape|44/100|[from] item: Leftovers
|upkeep
|turn|7
|
|t:|1757174641
|switch|p2b: Rillaboom|Rillaboom, L50, M|100/100
|-fieldstart|move: Grassy Terrain|[from] ability: Grassy Surge|[of] p2b: Rillaboom
|move|p1a: Maushold|Follow Me|p1a: Maushold
|-singleturn|p1a: Maushold|move: Follow Me
|move|p2a: Sneasler|Dire Claw|p1a: Maushold
|-damage|p1a: Maushold|0 fnt
|faint|p1a: Maushold
|move|p1b: Annihilape|Rage Fist|p2b: Rillaboom
|-damage|p2b: Rillaboom|0 fnt
|faint|p2b: Rillaboom
|
|-heal|p1b: Annihilape|50/100|[from] Grassy Terrain
|-heal|p1b: Annihilape|56/100|[from] item: Leftovers
|upkeep
|
|t:|1757174656
|switch|p1a: Sinistcha|Sinistcha, L50|100/100
|switch|p2b: Kingambit|Kingambit, L50, F, shiny, tera:Ghost|100/100
|-heal|p1b: Annihilape|81/100|[from] ability: Hospitality|[of] p1a: Sinistcha
|turn|8
|
|t:|1757174663
|move|p1a: Sinistcha|Rage Powder|p1a: Sinistcha
|-singleturn|p1a: Sinistcha|move: Rage Powder
|move|p2a: Sneasler|Dire Claw|p1a: Sinistcha
|-damage|p1a: Sinistcha|80/100
|-status|p1a: Sinistcha|slp
|move|p1b: Annihilape|Rage Fist|p2b: Kingambit
|-supereffective|p2b: Kingambit
|-damage|p2b: Kingambit|0 fnt
|faint|p2b: Kingambit
|
|-heal|p1b: Annihilape|88/100|[from] Grassy Terrain
|-heal|p1b: Annihilape|94/100|[from] item: Leftovers
|-heal|p1a: Sinistcha|86/100 slp|[from] Grassy Terrain
|upkeep
|turn|9
|
|t:|1757174677
|move|p1b: Annihilape|Protect|p1b: Annihilape
|-singleturn|p1b: Annihilape|Protect
|move|p2a: Sneasler|Dire Claw|p1b: Annihilape
|-activate|p1b: Annihilape|move: Protect
|cant|p1a: Sinistcha|slp
|
|-heal|p1b: Annihilape|99/100|[from] Grassy Terrain
|-heal|p1b: Annihilape|100/100|[from] item: Leftovers
|-heal|p1a: Sinistcha|93/100 slp|[from] Grassy Terrain
|-sideend|p1: DewosZz|move: Light Screen
|upkeep
|turn|10
|
|t:|1757174683
|move|p2a: Sneasler|Dire Claw|p1b: Annihilape
|-damage|p1b: Annihilape|81/100
|-status|p1b: Annihilape|slp
|cant|p1b: Annihilape|slp
|-curestatus|p1a: Sinistcha|slp|[msg]
|move|p1a: Sinistcha|Matcha Gotcha|p2a: Sneasler|[miss]
|-miss|p1a: Sinistcha|p2a: Sneasler
|
|-heal|p1b: Annihilape|88/100 slp|[from] Grassy Terrain
|-heal|p1b: Annihilape|94/100 slp|[from] item: Leftovers
|-heal|p1a: Sinistcha|99/100|[from] Grassy Terrain
|upkeep
|turn|11
|
|t:|1757174696
|move|p2a: Sneasler|Close Combat|p1b: Annihilape
|-damage|p1b: Annihilape|63/100 slp
|-unboost|p2a: Sneasler|def|1
|-unboost|p2a: Sneasler|spd|1
|cant|p1b: Annihilape|slp
|move|p1a: Sinistcha|Matcha Gotcha|p2a: Sneasler
|-resisted|p2a: Sneasler
|-damage|p2a: Sneasler|31/100
|-heal|p1a: Sinistcha|100/100|[from] drain|[of] p2a: Sneasler
|
|-heal|p2a: Sneasler|37/100|[from] Grassy Terrain
|-heal|p1b: Annihilape|69/100 slp|[from] Grassy Terrain
|-heal|p1b: Annihilape|75/100 slp|[from] item: Leftovers
|-sideend|p1: DewosZz|Reflect
|-fieldend|move: Grassy Terrain
|upkeep
|turn|12
|
|t:|1757174710
|move|p2a: Sneasler|Close Combat|p1b: Annihilape
|-damage|p1b: Annihilape|28/100 slp
|-unboost|p2a: Sneasler|def|1
|-unboost|p2a: Sneasler|spd|1
|-curestatus|p1b: Annihilape|slp|[msg]
|move|p1b: Annihilape|Drain Punch|p2a: Sneasler
|-resisted|p2a: Sneasler
|-damage|p2a: Sneasler|0 fnt
|-heal|p1b: Annihilape|42/100|[from] drain|[of] p2a: Sneasler
|faint|p2a: Sneasler
|
|win|DewosZz
|raw|DewosZz's rating: 1241 → 1268(+27 for winning)
|raw|r4ka's rating: 1273 → 1246(-27 for losing)
