|j|☆Chknadobovgc
|j|☆malo maalez
|html|Chknadobovgcmalo maalez    
|uhtml|bestof|Game 2 of a best-of-3
|t:|1756682311
|gametype|doubles
|player|p1|Chknadobovgc|265|1236
|player|p2|malo maalez|steven|1207
|gen|9
|tier|[Gen 9] VGC 2025 Reg H (Bo3)
|rated|
|rule|Species Clause: Limit one of each Pokémon
|rule|Item Clause: Limit 1 of each item
|clearpoke
|poke|p1|Indeedee, L50, M|
|poke|p1|Sneasler, L50, F|
|poke|p1|Excadrill, L50, M|
|poke|p1|Annihilape, L50, M|
|poke|p1|Corviknight, L50, F|
|poke|p1|Tyranitar, L50, M|
|poke|p2|Sneasler, L50, F|
|poke|p2|Kingambit, L50, F|
|poke|p2|Dragonite, L50, F|
|poke|p2|Rillaboom, L50, M|
|poke|p2|Volcarona, L50, F|
|poke|p2|Electabuzz, L50, F|
|teampreview|4
|showteam|p1|Indeedee||ChoiceScarf|PsychicSurge|ExpandingForce,TeraBlast,Trick,Protect|||M|||50|,,,,,Psychic]Sneasler||PsychicSeed|Unburden|CloseCombat,DireClaw,ThroatChop,Protect|||F|||50|,,,,,Dark]Excadrill||FocusSash|SandRush|Earthquake,IronHead,HighHorsepower,Protect|||M|||50|,,,,,Stellar]Annihilape||SafetyGoggles|Defiant|CloseCombat,RageFist,Taunt,FinalGambit|||M|||50|,,,,,Water]Corviknight||Leftovers|MirrorArmor|BraveBird,Tailwind,BulkUp,Roost|||F|||50|,,,,,Dragon]Tyranitar||AssaultVest|SandStream|RockSlide,KnockOff,LowKick,TeraBlast|||M|||50|,,,,,Flying
|showteam|p2|Sneasler||FocusSash|PoisonTouch|FakeOut,Coaching,CloseCombat,DireClaw|||F|||50|,,,,,Ghost]Kingambit||BlackGlasses|Defiant|KowtowCleave,SuckerPunch,SwordsDance,Protect|||F|||50|,,,,,Dark]Dragonite||LoadedDice|Multiscale|Protect,Haze,ScaleShot,ExtremeSpeed|||F|||50|,,,,,Fairy]Rillaboom||AssaultVest|GrassySurge|FakeOut,GrassyGlide,WoodHammer,HighHorsepower|||M|||50|,,,,,Fire]Volcarona||Leftovers|FlameBody|QuiverDance,Protect,TeraBlast,HeatWave|||F|||50|,,,,,Fairy]Electabuzz||Eviolite|VitalSpirit|Electroweb,FollowMe,Taunt,Protect|||F|||50|,,,,,Ghost
|
|t:|1756682329
|teamsize|p1|4
|teamsize|p2|4
|start
|switch|p1a: Indeedee|Indeedee, L50, M|100/100
|switch|p1b: Sneasler|Sneasler, L50, F, shiny|100/100
|switch|p2a: ImitadoraVoy|Volcarona, L50, F|100/100
|switch|p2b: Quien es esta|Rillaboom, L50, M, shiny|100/100
|-fieldstart|move: Psychic Terrain|[from] ability: Psychic Surge|[of] p1a: Indeedee
|-enditem|p1b: Sneasler|Psychic Seed
|-boost|p1b: Sneasler|spd|1|[from] item: Psychic Seed
|-fieldstart|move: Grassy Terrain|[from] ability: Grassy Surge|[of] p2b: Quien es esta
|turn|1
|inactive|Battle timer is ON: inactive players will automatically lose when time's up. (requested by Chknadobovgc)
|
|t:|1756682345
|move|p2b: Quien es esta|Fake Out|p1b: Sneasler
|-damage|p1b: Sneasler|79/100
|cant|p1b: Sneasler|flinch
|move|p1a: Indeedee|Trick|p2a: ImitadoraVoy
|-activate|p1a: Indeedee|move: Trick|[of] p2a: ImitadoraVoy
|-item|p2a: ImitadoraVoy|Choice Scarf|[from] move: Trick
|-item|p1a: Indeedee|Leftovers|[from] move: Trick
|move|p2a: ImitadoraVoy|Quiver Dance|p2a: ImitadoraVoy
|-boost|p2a: ImitadoraVoy|spa|1
|-boost|p2a: ImitadoraVoy|spd|1
|-boost|p2a: ImitadoraVoy|spe|1
|
|-heal|p1b: Sneasler|84/100|[from] Grassy Terrain
|upkeep
|turn|2
|
|t:|1756682360
|switch|p2a: Tell Me|Sneasler, L50, F|100/100
|switch|p1a: Annihilape|Annihilape, L50, M, shiny|100/100
|switch|p2b: A Su Lugar|Electabuzz, L50, F, shiny|100/100
|move|p1b: Sneasler|Dire Claw|p2b: A Su Lugar
|-damage|p2b: A Su Lugar|67/100
|
|-heal|p1b: Sneasler|90/100|[from] Grassy Terrain
|-heal|p2b: A Su Lugar|73/100|[from] Grassy Terrain
|upkeep
|turn|3
|
|t:|1756682380
|switch|p1a: Corviknight|Corviknight, L50, F, shiny|100/100
|switch|p2b: Quien es esta|Rillaboom, L50, M, shiny|100/100
|move|p1b: Sneasler|Dire Claw|p2b: Quien es esta
|-supereffective|p2b: Quien es esta
|-damage|p2b: Quien es esta|19/100
|-status|p2b: Quien es esta|slp
|move|p2a: Tell Me|Coaching|p2b: Quien es esta
|-boost|p2b: Quien es esta|atk|1
|-boost|p2b: Quien es esta|def|1
|
|-heal|p1b: Sneasler|96/100|[from] Grassy Terrain
|-heal|p2b: Quien es esta|25/100 slp|[from] Grassy Terrain
|upkeep
|turn|4
|
|t:|1756682397
|switch|p2b: ImitadoraVoy|Volcarona, L50, F|100/100
|move|p1b: Sneasler|Dire Claw|p2a: Tell Me
|-resisted|p2a: Tell Me
|-damage|p2a: Tell Me|58/100
|move|p2a: Tell Me|Coaching|p2b: ImitadoraVoy
|-boost|p2b: ImitadoraVoy|atk|1
|-boost|p2b: ImitadoraVoy|def|1
|move|p1a: Corviknight|Bulk Up|p1a: Corviknight
|-boost|p1a: Corviknight|atk|1
|-boost|p1a: Corviknight|def|1
|
|-heal|p1b: Sneasler|100/100|[from] Grassy Terrain
|-heal|p2a: Tell Me|64/100|[from] Grassy Terrain
|upkeep
|turn|5
|inactive|Chknadobovgc has 30 seconds left.
|inactive|Chknadobovgc has 20 seconds left.
|
|t:|1756682435
|-terastallize|p1a: Corviknight|Dragon
|move|p1b: Sneasler|Dire Claw|p2b: ImitadoraVoy
|-damage|p2b: ImitadoraVoy|57/100
|-status|p2b: ImitadoraVoy|par
|move|p2a: Tell Me|Close Combat|p1b: Sneasler
|-resisted|p1b: Sneasler
|-damage|p1b: Sneasler|48/100
|-unboost|p2a: Tell Me|def|1
|-unboost|p2a: Tell Me|spd|1
|move|p2b: ImitadoraVoy|Heat Wave|p1a: Corviknight|[spread] p1a,p1b
|-resisted|p1a: Corviknight
|-damage|p1a: Corviknight|83/100
|-damage|p1b: Sneasler|9/100
|-status|p1a: Corviknight|brn
|move|p1a: Corviknight|Tailwind|p1a: Corviknight
|-sidestart|p1: Chknadobovgc|move: Tailwind
|
|-heal|p1b: Sneasler|15/100|[from] Grassy Terrain
|-heal|p2a: Tell Me|70/100|[from] Grassy Terrain
|-heal|p1a: Corviknight|89/100 brn|[from] Grassy Terrain
|-heal|p1a: Corviknight|95/100 brn|[from] item: Leftovers
|-heal|p2b: ImitadoraVoy|64/100 par|[from] Grassy Terrain
|-damage|p1a: Corviknight|89/100 brn|[from] brn
|-fieldend|move: Grassy Terrain
|upkeep
|turn|6
|inactive|malo maalez has 30 seconds left.
|
|t:|1756682469
|switch|p2b: A Su Lugar|Electabuzz, L50, F, shiny|73/100
|move|p1b: Sneasler|Dire Claw|p2a: Tell Me
|-resisted|p2a: Tell Me
|-damage|p2a: Tell Me|16/100
|move|p2a: Tell Me|Dire Claw|p1b: Sneasler
|-resisted|p1b: Sneasler
|-damage|p1b: Sneasler|0 fnt
|faint|p1b: Sneasler
|move|p1a: Corviknight|Bulk Up|p1a: Corviknight
|-boost|p1a: Corviknight|atk|1
|-boost|p1a: Corviknight|def|1
|
|-heal|p1a: Corviknight|95/100 brn|[from] item: Leftovers
|-damage|p1a: Corviknight|89/100 brn|[from] brn
|upkeep
|
|t:|1756682477
|switch|p1b: Indeedee|Indeedee, L50, M|100/100
|-fieldstart|move: Psychic Terrain|[from] ability: Psychic Surge|[of] p1b: Indeedee
|turn|7
|
|t:|1756682495
|switch|p2a: Quien es esta|Rillaboom, L50, M, shiny|25/100 slp
|-fieldstart|move: Grassy Terrain|[from] ability: Grassy Surge|[of] p2a: Quien es esta
|move|p1b: Indeedee|Expanding Force|p2a: Quien es esta
|-damage|p2a: Quien es esta|0 fnt
|faint|p2a: Quien es esta
|move|p1a: Corviknight|Brave Bird|p2b: A Su Lugar
|-resisted|p2b: A Su Lugar
|-damage|p2b: A Su Lugar|56/100
|-damage|p1a: Corviknight|84/100 brn|[from] Recoil
|move|p2b: A Su Lugar|Electroweb|p1a: Corviknight|[spread] p1a,p1b
|-resisted|p1a: Corviknight
|-damage|p1a: Corviknight|78/100 brn
|-damage|p1b: Indeedee|82/100
|-ability|p1a: Corviknight|Mirror Armor
|-unboost|p2b: A Su Lugar|spe|1
|-unboost|p1b: Indeedee|spe|1
|
|-heal|p1b: Indeedee|88/100|[from] Grassy Terrain
|-heal|p1b: Indeedee|94/100|[from] item: Leftovers
|-heal|p1a: Corviknight|84/100 brn|[from] Grassy Terrain
|-heal|p1a: Corviknight|90/100 brn|[from] item: Leftovers
|-heal|p2b: A Su Lugar|62/100|[from] Grassy Terrain
|-damage|p1a: Corviknight|84/100 brn|[from] brn
|upkeep
|
|t:|1756682507
|switch|p2a: ImitadoraVoy|Volcarona, L50, F|64/100 par
|turn|8
|inactive|Chknadobovgc has 30 seconds left.
|
|t:|1756682534
|-terastallize|p2a: ImitadoraVoy|Fairy
|move|p2b: A Su Lugar|Follow Me|p2b: A Su Lugar
|-singleturn|p2b: A Su Lugar|move: Follow Me
|move|p1b: Indeedee|Expanding Force|p2b: A Su Lugar
|-damage|p2b: A Su Lugar|32/100
|move|p1a: Corviknight|Brave Bird|p2b: A Su Lugar
|-resisted|p2b: A Su Lugar
|-damage|p2b: A Su Lugar|16/100
|-damage|p1a: Corviknight|79/100 brn|[from] Recoil
|move|p2a: ImitadoraVoy|Tera Blast|p1a: Corviknight|[anim] Tera Blast Fairy
|-supereffective|p1a: Corviknight
|-damage|p1a: Corviknight|3/100 brn
|
|-heal|p1b: Indeedee|99/100|[from] Grassy Terrain
|-heal|p1b: Indeedee|100/100|[from] item: Leftovers
|-heal|p1a: Corviknight|9/100 brn|[from] Grassy Terrain
|-heal|p1a: Corviknight|15/100 brn|[from] item: Leftovers
|-heal|p2a: ImitadoraVoy|70/100 par|[from] Grassy Terrain
|-heal|p2b: A Su Lugar|22/100|[from] Grassy Terrain
|-damage|p1a: Corviknight|9/100 brn|[from] brn
|-sideend|p1: Chknadobovgc|move: Tailwind
|upkeep
|turn|9
|
|t:|1756682553
|move|p2b: A Su Lugar|Follow Me|p2b: A Su Lugar
|-singleturn|p2b: A Su Lugar|move: Follow Me
|move|p2a: ImitadoraVoy|Tera Blast|p1a: Corviknight|[anim] Tera Blast Fairy
|-supereffective|p1a: Corviknight
|-damage|p1a: Corviknight|0 fnt
|faint|p1a: Corviknight
|move|p1b: Indeedee|Expanding Force|p2b: A Su Lugar
|-damage|p2b: A Su Lugar|0 fnt
|faint|p2b: A Su Lugar
|
|-heal|p2a: ImitadoraVoy|76/100 par|[from] Grassy Terrain
|upkeep
|
|t:|1756682557
|switch|p2b: Tell Me|Sneasler, L50, F|16/100
|switch|p1a: Annihilape|Annihilape, L50, M, shiny|100/100
|turn|10
|
|t:|1756682584
|move|p2b: Tell Me|Dire Claw|p1b: Indeedee
|-damage|p1b: Indeedee|20/100
|move|p1a: Annihilape|Final Gambit|p2a: ImitadoraVoy
|-damage|p2a: ImitadoraVoy|0 fnt
|faint|p1a: Annihilape
|faint|p2a: ImitadoraVoy
|move|p1b: Indeedee|Expanding Force|p2b: Tell Me
|-supereffective|p2b: Tell Me
|-damage|p2b: Tell Me|0 fnt
|faint|p2b: Tell Me
|
|win|Chknadobovgc
|raw|Chknadobovgc's rating: 1236 → 1259(+23 for winning)
|raw|malo maalez's rating: 1207 → 1184(-23 for losing)
|l|☆malo maalez
|player|p2|
|l|☆Chknadobovgc
|player|p1|
|j|☆Chknadobovgc
|player|p1|Chknadobovgc|265|
