|j|☆sorecruiser
|j|☆Lukato47
|html|sorecruiserLukato47    
|uhtml|bestof|Game 2 of a best-of-3
|t:|1757638557
|gametype|doubles
|player|p1|sorecruiser|furisodegirl-black|1151
|player|p2|Lukato47|dancer|1000
|gen|9
|tier|[Gen 9] VGC 2025 Reg H (Bo3)
|rated|
|rule|Species Clause: Limit one of each Pokémon
|rule|Item Clause: Limit 1 of each item
|clearpoke
|poke|p1|Gholdengo, L50|
|poke|p1|Whimsicott, L50, F|
|poke|p1|Sneasler, L50, M|
|poke|p1|Rillaboom, L50, M|
|poke|p1|Hydreigon, L50, F|
|poke|p1|Magmar, L50, M|
|poke|p2|Ursaluna-Bloodmoon, L50, M|
|poke|p2|Gholdengo, L50|
|poke|p2|Dragonite, L50, M|
|poke|p2|Sneasler, L50, M|
|poke|p2|Incineroar, L50, F|
|poke|p2|Amoonguss, L50, M|
|teampreview|4
|showteam|p1|Gholdengo||MetalCoat|GoodasGold|MakeItRain,ShadowBall,NastyPlot,Protect||||||50|,,,,,Water]Whimsicott||CovertCloak|Prankster|Tailwind,Encore,SunnyDay,Moonblast|||F|||50|,,,,,Dark]Sneasler||WhiteHerb|Unburden|DireClaw,CloseCombat,ThroatChop,Protect|||M|||50|,,,,,Dark]Rillaboom||AssaultVest|GrassySurge|GrassyGlide,WoodHammer,HighHorsepower,FakeOut|||M|||50|,,,,,Fire]Hydreigon||ChoiceSpecs|Levitate|DarkPulse,DracoMeteor,Snarl,HeatWave|||F|||50|,,,,,Fairy]Magmar||Eviolite|VitalSpirit|FollowMe,HeatWave,Taunt,Protect|||M|||50|,,,,,Ghost
|showteam|p2|Ursaluna-Bloodmoon||AssaultVest|MindsEye|BloodMoon,EarthPower,VacuumWave,HyperVoice|||M|||50|,,,,,Water]Gholdengo||LifeOrb|GoodasGold|Protect,MakeItRain,ShadowBall,NastyPlot||||||50|,,,,,Water]Dragonite||LoadedDice|Multiscale|ScaleShot,Tailwind,Haze,Protect|||M|||50|,,,,,Fairy]Sneasler||FocusSash|Unburden|Protect,DireClaw,CloseCombat,ThroatChop|||M|||50|,,,,,Stellar]Incineroar||SafetyGoggles|Intimidate|KnockOff,PartingShot,FlareBlitz,FakeOut|||F|||50|,,,,,Ghost]Amoonguss||SitrusBerry|Regenerator|RagePowder,Spore,PollenPuff,Protect|||M|||50|,,,,,Psychic
|inactive|Battle timer is ON: inactive players will automatically lose when time's up. (requested by Lukato47)
|
|t:|1757638620
|teamsize|p1|4
|teamsize|p2|4
|start
|switch|p1a: Hydreigon|Hydreigon, L50, F|100/100
|switch|p1b: Rillaboom|Rillaboom, L50, M|100/100
|switch|p2a: Incineroar|Incineroar, L50, F|100/100
|switch|p2b: Ursaluna|Ursaluna-Bloodmoon, L50, M|100/100
|-fieldstart|move: Grassy Terrain|[from] ability: Grassy Surge|[of] p1b: Rillaboom
|-ability|p2a: Incineroar|Intimidate|boost
|-unboost|p1a: Hydreigon|atk|1
|-unboost|p1b: Rillaboom|atk|1
|turn|1
|inactive|Lukato47 has 30 seconds left.
|inactive|Lukato47 has 20 seconds left.
|
|t:|1757638660
|-terastallize|p2a: Incineroar|Ghost
|move|p1b: Rillaboom|Fake Out|p2b: Ursaluna
|-damage|p2b: Ursaluna|94/100
|move|p2a: Incineroar|Fake Out|p1a: Hydreigon
|-damage|p1a: Hydreigon|87/100
|cant|p1a: Hydreigon|flinch
|cant|p2b: Ursaluna|flinch
|
|-heal|p2b: Ursaluna|99/100|[from] Grassy Terrain
|upkeep
|turn|2
|inactive|Lukato47 has 30 seconds left.
|inactive|sorecruiser has 30 seconds left.
|inactive|Lukato47 has 20 seconds left.
|inactive|Lukato47 has 15 seconds left.
|
|t:|1757638703
|-terastallize|p1b: Rillaboom|Fire
|move|p1a: Hydreigon|Snarl|p2a: Incineroar|[spread] p2a,p2b
|-supereffective|p2a: Incineroar
|-damage|p2a: Incineroar|40/100
|-damage|p2b: Ursaluna|78/100
|-unboost|p2a: Incineroar|spa|1
|-unboost|p2b: Ursaluna|spa|1
|move|p1b: Rillaboom|Wood Hammer|p2b: Ursaluna
|-supereffective|p2b: Ursaluna
|-damage|p2b: Ursaluna|0 fnt
|faint|p2b: Ursaluna
|-damage|p1b: Rillaboom|75/100|[from] Recoil
|move|p2a: Incineroar|Parting Shot|p1a: Hydreigon
|-unboost|p1a: Hydreigon|atk|1
|-unboost|p1a: Hydreigon|spa|1
|
|t:|1757638722
|switch|p2a: Sneasler|Sneasler, L50, M|100/100|[from] Parting Shot
|
|-heal|p1b: Rillaboom|81/100|[from] Grassy Terrain
|upkeep
|
|t:|1757638727
|switch|p2b: Incineroar|Incineroar, L50, F, tera:Ghost|40/100
|-ability|p2b: Incineroar|Intimidate|boost
|-unboost|p1a: Hydreigon|atk|1
|-unboost|p1b: Rillaboom|atk|1
|turn|3
|inactive|Lukato47 has 30 seconds left.
|
|t:|1757638761
|switch|p1a: Whimsicott|Whimsicott, L50, F|100/100
|move|p1b: Rillaboom|Grassy Glide|p2a: Sneasler
|-resisted|p2a: Sneasler
|-damage|p2a: Sneasler|85/100
|move|p2a: Sneasler|Close Combat|p1b: Rillaboom
|-damage|p1b: Rillaboom|20/100
|-unboost|p2a: Sneasler|def|1
|-unboost|p2a: Sneasler|spd|1
|move|p2b: Incineroar|Knock Off|p1a: Whimsicott
|-resisted|p1a: Whimsicott
|-damage|p1a: Whimsicott|77/100
|-enditem|p1a: Whimsicott|Covert Cloak|[from] move: Knock Off|[of] p2b: Incineroar
|
|-heal|p2a: Sneasler|91/100|[from] Grassy Terrain
|-heal|p1a: Whimsicott|83/100|[from] Grassy Terrain
|-heal|p1b: Rillaboom|26/100|[from] Grassy Terrain
|-heal|p2b: Incineroar|46/100|[from] Grassy Terrain
|upkeep
|turn|4
|inactive|sorecruiser has 30 seconds left.
|inactive|Lukato47 has 30 seconds left.
|
|t:|1757638795
|switch|p2b: Dragonite|Dragonite, L50, M|100/100
|move|p1a: Whimsicott|Tailwind|p1a: Whimsicott
|-sidestart|p1: sorecruiser|move: Tailwind
|move|p1b: Rillaboom|High Horsepower|p2a: Sneasler
|-supereffective|p2a: Sneasler
|-damage|p2a: Sneasler|6/100
|move|p2a: Sneasler|Dire Claw|p1a: Whimsicott
|-supereffective|p1a: Whimsicott
|-damage|p1a: Whimsicott|0 fnt
|faint|p1a: Whimsicott
|
|-heal|p1b: Rillaboom|31/100|[from] Grassy Terrain
|-heal|p2a: Sneasler|11/100|[from] Grassy Terrain
|upkeep
|
|t:|1757638807
|switch|p1a: Hydreigon|Hydreigon, L50, F|87/100
|turn|5
|inactive|Lukato47 has 30 seconds left.
|
|t:|1757638855
|switch|p1b: Sneasler|Sneasler, L50, M|100/100
|move|p2a: Sneasler|Protect|p2a: Sneasler
|-singleturn|p2a: Sneasler|Protect
|move|p1a: Hydreigon|Draco Meteor|p2b: Dragonite
|-supereffective|p2b: Dragonite
|-damage|p2b: Dragonite|0 fnt
|-unboost|p1a: Hydreigon|spa|2
|faint|p2b: Dragonite
|
|-heal|p2a: Sneasler|17/100|[from] Grassy Terrain
|-fieldend|move: Grassy Terrain
|upkeep
|
|t:|1757638866
|switch|p2b: Incineroar|Incineroar, L50, F, tera:Ghost|46/100
|-ability|p2b: Incineroar|Intimidate|boost
|-unboost|p1a: Hydreigon|atk|1
|-unboost|p1b: Sneasler|atk|1
|-enditem|p1b: Sneasler|White Herb
|-clearnegativeboost|p1b: Sneasler|[silent]
|turn|6
|inactive|Lukato47 has 30 seconds left.
|
|t:|1757638891
|move|p2b: Incineroar|Fake Out|p1b: Sneasler
|-damage|p1b: Sneasler|84/100
|cant|p1b: Sneasler|flinch
|move|p1a: Hydreigon|Draco Meteor|p2a: Sneasler
|-damage|p2a: Sneasler|0 fnt
|-unboost|p1a: Hydreigon|spa|2
|faint|p2a: Sneasler
|
|upkeep
|turn|7
|c|☆Lukato47|gg
|c|☆sorecruiser|gg
|c|☆Lukato47|ghlf
|c|☆Lukato47|or something
|-message|Lukato47 forfeited.
|
|win|sorecruiser
|raw|sorecruiser's rating: 1151 → 1166(+15 for winning)
|raw|Lukato47's rating: 1000 → 1000(+0 for losing)
|l|☆Lukato47
|player|p2|
