|j|☆ChrisRappa
|j|☆eltsurito
|html|ChrisRappaeltsurito    
|uhtml|bestof|Game 1 of a best-of-3
|t:|1757204549
|gametype|doubles
|player|p1|ChrisRappa|steven|1162
|player|p2|eltsurito|265|1067
|gen|9
|tier|[Gen 9] VGC 2025 Reg H (Bo3)
|rated|
|rule|Species Clause: Limit one of each Pokémon
|rule|Item Clause: Limit 1 of each item
|clearpoke
|poke|p1|Incineroar, L50, F|
|poke|p1|Sneasler, L50, M|
|poke|p1|Archaludon, L50, M|
|poke|p1|Garchomp, L50, M|
|poke|p1|Corviknight, L50, F|
|poke|p1|Amoonguss, L50, M|
|poke|p2|Sneasler, L50, M|
|poke|p2|Indeedee, L50, M|
|poke|p2|Volcarona, L50, F|
|poke|p2|Ursaluna-Bloodmoon, L50, M|
|poke|p2|Annihilape, L50, M|
|poke|p2|Tyranitar, L50, M|
|teampreview|4
|showteam|p1|Incineroar||AssaultVest|Intimidate|KnockOff,FlareBlitz,FakeOut,Uturn|||F|||50|,,,,,Ghost]Sneasler||FocusSash|PoisonTouch|DireClaw,CloseCombat,FakeOut,Coaching|||M|||50|,,,,,Stellar]Archaludon||PowerHerb|Stamina|Protect,DracoMeteor,FlashCannon,ElectroShot|||M|||50|,,,,,Dragon]Garchomp||LifeOrb|RoughSkin|Protect,Earthquake,DragonClaw,StompingTantrum|||M|||50|,,,,,Ground]Corviknight||SitrusBerry|MirrorArmor|BraveBird,Tailwind,Roost,Taunt|||F|||50|,,,,,Fire]Amoonguss||RockyHelmet|Regenerator|Protect,RagePowder,Spore,SludgeBomb|||M|||50|,,,,,Water
|showteam|p2|Sneasler||PsychicSeed|Unburden|CloseCombat,DireClaw,ThroatChop,Protect|||M|||50|,,,,,Dark]Indeedee||ChoiceScarf|PsychicSurge|ExpandingForce,TeraBlast,Trick,Protect|||M|||50|,,,,,Psychic]Volcarona||SitrusBerry|FlameBody|Overheat,StruggleBug,RagePowder,Tailwind|||F|||50|,,,,,Grass]Ursaluna-Bloodmoon||LifeOrb|MindsEye|BloodMoon,HyperVoice,EarthPower,Protect|||M|||50|,,,,,Normal]Annihilape||SafetyGoggles|Defiant|CloseCombat,RageFist,Taunt,FinalGambit|||M|||50|,,,,,Fairy]Tyranitar||AssaultVest|SandStream|RockSlide,KnockOff,TeraBlast,LowKick|||M|||50|,,,,,Flying
|inactive|Battle timer is ON: inactive players will automatically lose when time's up. (requested by eltsurito)
|inactive|ChrisRappa also wants the timer to be on.
|inactive|ChrisRappa has 60 seconds left.
|inactive|eltsurito has 60 seconds left.
|j| Trestkon
|inactive|eltsurito has 30 seconds left.
|inactive|eltsurito has 20 seconds left.
|inactive|eltsurito has 15 seconds left.
|inactive|eltsurito has 10 seconds left.
|inactive|eltsurito has 5 seconds left.
|
|t:|1757204636
|teamsize|p1|4
|teamsize|p2|4
|start
|switch|p1a: Garchomp|Garchomp, L50, M|100/100
|switch|p1b: Incineroar|Incineroar, L50, F|100/100
|switch|p2a: Volcarona|Volcarona, L50, F|100/100
|switch|p2b: Annihilape|Annihilape, L50, M|100/100
|-ability|p1b: Incineroar|Intimidate|boost
|-unboost|p2a: Volcarona|atk|1
|-unboost|p2b: Annihilape|atk|1
|-ability|p2b: Annihilape|Defiant|boost
|-boost|p2b: Annihilape|atk|2
|turn|1
|inactive|ChrisRappa has 30 seconds left.
|inactive|eltsurito has 30 seconds left.
|inactive|ChrisRappa has 20 seconds left.
|inactive|eltsurito has 20 seconds left.
|inactive|ChrisRappa has 15 seconds left.
|inactive|eltsurito has 15 seconds left.
|inactive|eltsurito has 10 seconds left.
|inactive|ChrisRappa has 10 seconds left.
|
|t:|1757204689
|move|p1a: Garchomp|Dragon Claw|p2a: Volcarona
|-damage|p2a: Volcarona|33/100
|-enditem|p2a: Volcarona|Sitrus Berry|[eat]
|-heal|p2a: Volcarona|58/100|[from] item: Sitrus Berry
|-damage|p1a: Garchomp|91/100|[from] item: Life Orb
|move|p2a: Volcarona|Overheat|p1a: Garchomp
|-resisted|p1a: Garchomp
|-damage|p1a: Garchomp|56/100
|-unboost|p2a: Volcarona|spa|2
|move|p2b: Annihilape|Close Combat|p1b: Incineroar
|-supereffective|p1b: Incineroar
|-damage|p1b: Incineroar|0 fnt
|-unboost|p2b: Annihilape|def|1
|-unboost|p2b: Annihilape|spd|1
|faint|p1b: Incineroar
|
|upkeep
|
|t:|1757204708
|switch|p1b: Archaludon|Archaludon, L50, M|100/100
|turn|2
|inactive|ChrisRappa has 30 seconds left.
|inactive|eltsurito has 30 seconds left.
|
|t:|1757204742
|move|p1a: Garchomp|Dragon Claw|p2a: Volcarona
|-damage|p2a: Volcarona|0 fnt
|faint|p2a: Volcarona
|-damage|p1a: Garchomp|46/100|[from] item: Life Orb
|move|p2b: Annihilape|Close Combat|p1b: Archaludon
|-supereffective|p1b: Archaludon
|-crit|p1b: Archaludon
|-damage|p1b: Archaludon|0 fnt
|-unboost|p2b: Annihilape|def|1
|-unboost|p2b: Annihilape|spd|1
|faint|p1b: Archaludon
|
|upkeep
|l| Trestkon
|inactive|eltsurito has 30 seconds left.
|
|t:|1757204769
|switch|p2a: Tyranitar|Tyranitar, L50, M|100/100
|switch|p1b: Corviknight|Corviknight, L50, F|100/100
|-weather|Sandstorm|[from] ability: Sand Stream|[of] p2a: Tyranitar
|turn|3
|inactive|ChrisRappa has 30 seconds left.
|inactive|eltsurito has 30 seconds left.
|inactive|eltsurito has 20 seconds left.
|
|t:|1757204807
|-terastallize|p1a: Garchomp|Ground
|-terastallize|p2a: Tyranitar|Flying
|move|p1a: Garchomp|Earthquake|p2a: Tyranitar|[spread] p2b
|-immune|p1b: Corviknight
|-immune|p2a: Tyranitar
|-damage|p2b: Annihilape|0 fnt
|faint|p2b: Annihilape
|-damage|p1a: Garchomp|37/100|[from] item: Life Orb
|move|p2a: Tyranitar|Rock Slide|p1a: Garchomp|[spread] p1a,p1b
|-resisted|p1a: Garchomp
|-damage|p1a: Garchomp|22/100
|-damage|p1b: Corviknight|74/100
|move|p1b: Corviknight|Brave Bird|p2a: Tyranitar
|-damage|p2a: Tyranitar|70/100
|-damage|p1b: Corviknight|65/100|[from] Recoil
|
|-weather|Sandstorm|[upkeep]
|-damage|p2a: Tyranitar|64/100|[from] Sandstorm
|upkeep
|
|t:|1757204825
|switch|p2b: Sneasler|Sneasler, L50, M|100/100
|turn|4
|inactive|eltsurito has 30 seconds left.
|inactive|eltsurito has 20 seconds left.
|inactive|eltsurito has 15 seconds left.
|inactive|eltsurito has 10 seconds left.
|
|t:|1757204874
|move|p1a: Garchomp|Protect|p1a: Garchomp
|-singleturn|p1a: Garchomp|Protect
|move|p2b: Sneasler|Throat Chop|p1b: Corviknight
|-damage|p1b: Corviknight|40/100
|-start|p1b: Corviknight|Throat Chop|[silent]
|-enditem|p1b: Corviknight|Sitrus Berry|[eat]
|-heal|p1b: Corviknight|65/100|[from] item: Sitrus Berry
|move|p2a: Tyranitar|Rock Slide|p1a: Garchomp|[spread] p1b
|-activate|p1a: Garchomp|move: Protect
|-damage|p1b: Corviknight|39/100
|move|p1b: Corviknight|Tailwind|p1b: Corviknight
|-sidestart|p1: ChrisRappa|move: Tailwind
|
|-weather|Sandstorm|[upkeep]
|-damage|p2b: Sneasler|95/100|[from] Sandstorm
|-damage|p2a: Tyranitar|58/100|[from] Sandstorm
|upkeep
|turn|5
|inactive|ChrisRappa has 30 seconds left.
|inactive|eltsurito has 30 seconds left.
|
|t:|1757204910
|move|p1a: Garchomp|Stomping Tantrum|p2b: Sneasler
|-supereffective|p2b: Sneasler
|-damage|p2b: Sneasler|0 fnt
|faint|p2b: Sneasler
|-damage|p1a: Garchomp|12/100|[from] item: Life Orb
|move|p1b: Corviknight|Roost|p1b: Corviknight
|-heal|p1b: Corviknight|89/100
|-singleturn|p1b: Corviknight|move: Roost
|move|p2a: Tyranitar|Rock Slide|p1a: Garchomp|[spread] p1a
|-miss|p2a: Tyranitar|p1b: Corviknight
|-resisted|p1a: Garchomp
|-damage|p1a: Garchomp|0 fnt
|faint|p1a: Garchomp
|
|-weather|Sandstorm|[upkeep]
|-damage|p2a: Tyranitar|53/100|[from] Sandstorm
|-end|p1b: Corviknight|Throat Chop|[silent]
|upkeep
|turn|6
|inactive|eltsurito has 30 seconds left.
|inactive|eltsurito has 20 seconds left.
|inactive|eltsurito has 15 seconds left.
|inactive|eltsurito has 10 seconds left.
|inactive|eltsurito has 5 seconds left.
|
|t:|1757204961
|move|p1b: Corviknight|Brave Bird|p2a: Tyranitar
|-damage|p2a: Tyranitar|21/100
|-damage|p1b: Corviknight|79/100|[from] Recoil
|move|p2a: Tyranitar|Rock Slide|p1b: Corviknight
|-damage|p1b: Corviknight|45/100
|
|-weather|Sandstorm|[upkeep]
|-damage|p2a: Tyranitar|15/100|[from] Sandstorm
|upkeep
|turn|7
|
|t:|1757204974
|move|p1b: Corviknight|Roost|p1b: Corviknight
|-heal|p1b: Corviknight|95/100
|-singleturn|p1b: Corviknight|move: Roost
|move|p2a: Tyranitar|Rock Slide|p1b: Corviknight
|-resisted|p1b: Corviknight
|-crit|p1b: Corviknight
|-damage|p1b: Corviknight|67/100
|
|-weather|none
|-sideend|p1: ChrisRappa|move: Tailwind
|upkeep
|turn|8
|
|t:|1757204990
|move|p2a: Tyranitar|Tera Blast|p1b: Corviknight|[anim] Tera Blast Flying
|-resisted|p1b: Corviknight
|-damage|p1b: Corviknight|47/100
|move|p1b: Corviknight|Brave Bird|p2a: Tyranitar
|-damage|p2a: Tyranitar|0 fnt
|faint|p2a: Tyranitar
|-damage|p1b: Corviknight|43/100|[from] Recoil
|
|win|ChrisRappa
