|j|☆new mental
|j|☆jc1701
|html|new mentaljc1701    
|uhtml|bestof|Game 2 of a best-of-3
|t:|1783677399
|gametype|doubles
|player|p1|new mental|volkner|1235
|player|p2|jc1701|266|1141
|gen|9
|tier|[Gen 9 Champions] VGC 2026 Reg M-B (Bo3)
|rated|
|rule|Species Clause: Limit one of each Pokémon
|rule|Item Clause: Limit 1 of each item
|clearpoke
|poke|p1|Charizard, L50, F|
|poke|p1|Kingambit, L50, M|
|poke|p1|Sylveon, L50, F|
|poke|p1|Garchomp, L50, M|
|poke|p1|Aerodactyl, L50, F|
|poke|p1|Farigiraf, L50, F|
|poke|p2|Swampert, L50, M|
|poke|p2|Pelipper, L50, M|
|poke|p2|Archaludon, L50, F|
|poke|p2|Grimmsnarl, L50, M|
|poke|p2|Venusaur, L50, M|
|poke|p2|Basculegion, L50, M|
|teampreview|4
|showteam|p1|Charizard||CharizarditeY|SolarPower|Protect,HeatWave,SolarBeam,WeatherBall|Modest||F|||50|]Kingambit||FocusSash|Defiant|IronHead,SuckerPunch,KowtowCleave,LowKick|Adamant||M|||50|]Sylveon||FairyFeather|Pixilate|Detect,HyperVoice,HyperBeam,QuickAttack|Modest||F|||50|]Garchomp||LifeOrb|RoughSkin|Protect,DragonClaw,Earthquake,RockSlide|Jolly||M|||50|]Aerodactyl||Aerodactylite|Unnerve|IceFang,RockSlide,Tailwind,DualWingbeat|Jolly||F|||50|]Farigiraf||SitrusBerry|ArmorTail|TrickRoom,Psychic,Thunderbolt,Roar|Bold||F|||50|
|showteam|p2|Swampert||Swampertite|Torrent|WaveCrash,Earthquake,IcePunch,Protect|Adamant||M|||50|]Pelipper||LifeOrb|Drizzle|WeatherBall,Tailwind,Protect,Hurricane|Modest||M|||50|]Archaludon||Leftovers|Stamina|DragonPulse,FlashCannon,ElectroShot,Protect|Modest||F|||50|]Grimmsnarl||LightClay|Prankster|LightScreen,Reflect,PartingShot,SpiritBreak|Careful||M|||50|]Venusaur||Venusaurite|Chlorophyll|EnergyBall,SludgeBomb,Protect,LeechSeed|Modest||M|||50|]Basculegion||ChoiceScarf|Adaptability|WaveCrash,AquaJet,LastRespects,FlipTurn|Jolly||M|||50|
|inactive|Battle timer is ON: inactive players will automatically lose when time's up. (requested by jc1701)
|
|t:|1783677434
|teamsize|p1|4
|teamsize|p2|4
|start
|switch|p1a: Kingambit|Kingambit, L50, M|100/100
|switch|p1b: Farigiraf|Farigiraf, L50, F|100/100
|switch|p2a: Jose Luis|Pelipper, L50, M|100/100
|switch|p2b: CBUM|Swampert, L50, M|100/100
|-weather|RainDance|[from] ability: Drizzle|[of] p2a: Jose Luis
|turn|1
|inactive|new mental has 30 seconds left.
|
|t:|1783677464
|detailschange|p2b: CBUM|Swampert-Mega, L50, M
|-mega|p2b: CBUM|Swampert|Swampertite
|move|p2b: CBUM|Earthquake|p1a: Kingambit|[spread] p1a,p1b
|-immune|p2a: Jose Luis
|-supereffective|p1a: Kingambit|1
|-damage|p1a: Kingambit|15/100
|-damage|p1b: Farigiraf|65/100
|move|p2a: Jose Luis|Weather Ball|p1a: Kingambit
|-damage|p1a: Kingambit|0 fnt
|faint|p1a: Kingambit
|-damage|p2a: Jose Luis|90/100|[from] item: Life Orb
|move|p1b: Farigiraf|Trick Room|p1b: Farigiraf
|-fieldstart|move: Trick Room|[of] p1b: Farigiraf
|
|-weather|RainDance|[upkeep]
|upkeep
|
|t:|1783677484
|switch|p1a: Sylveon|Sylveon, L50, F|100/100
|turn|2
|
|t:|1783677500
|move|p2b: CBUM|Protect|p2b: CBUM
|-singleturn|p2b: CBUM|Protect
|move|p1b: Farigiraf|Thunderbolt|p2a: Jose Luis
|-supereffective|p2a: Jose Luis|2
|-damage|p2a: Jose Luis|0 fnt
|faint|p2a: Jose Luis
|move|p1a: Sylveon|Hyper Beam|p2b: CBUM
|-activate|p2b: CBUM|move: Protect
|
|-weather|RainDance|[upkeep]
|upkeep
|
|t:|1783677509
|switch|p2a: torres kio|Archaludon, L50, F|100/100
|turn|3
|
|t:|1783677519
|move|p1a: Sylveon|Hyper Beam|p2b: CBUM
|-damage|p2b: CBUM|5/100
|-mustrecharge|p1a: Sylveon
|move|p2a: torres kio|Flash Cannon|p1a: Sylveon
|-supereffective|p1a: Sylveon|1
|-damage|p1a: Sylveon|38/100
|-unboost|p1a: Sylveon|spd|1
|move|p2b: CBUM|Wave Crash|p1b: Farigiraf
|-damage|p1b: Farigiraf|0 fnt
|faint|p1b: Farigiraf
|-damage|p2b: CBUM|0 fnt|[from] Recoil
|faint|p2b: CBUM
|
|-weather|RainDance|[upkeep]
|upkeep
|
|t:|1783677531
|switch|p1b: Charizard|Charizard, L50, F|100/100
|switch|p2b: Atunaco FC|Basculegion, L50, M|100/100
|turn|4
|
|t:|1783677540
|detailschange|p1b: Charizard|Charizard-Mega-Y, L50, F
|-mega|p1b: Charizard|Charizard|Charizardite Y
|-weather|SunnyDay|[from] ability: Drought|[of] p1b: Charizard
|cant|p1a: Sylveon|recharge
|move|p2a: torres kio|Dragon Pulse|p1b: Charizard
|-damage|p1b: Charizard|67/100
|move|p1b: Charizard|Solar Beam||[still]
|-prepare|p1b: Charizard|Solar Beam
|-anim|p1b: Charizard|Solar Beam|p2b: Atunaco FC
|-supereffective|p2b: Atunaco FC|1
|-damage|p2b: Atunaco FC|0 fnt
|faint|p2b: Atunaco FC
|
|-weather|SunnyDay|[upkeep]
|upkeep
|turn|5
|-message|jc1701 forfeited.
|
|win|new mental
|raw|new mental's rating: 1235 → 1253(+18 for winning)
|raw|jc1701's rating: 1141 → 1123(-18 for losing)
|l|☆jc1701
|player|p2|
