|j|☆new mental
|j|☆NemoAK
|html|new mentalNemoAK    
|uhtml|bestof|Game 2 of a best-of-3
|t:|1784373251
|gametype|doubles
|player|p1|new mental|volkner|1219
|player|p2|NemoAK|102|1232
|gen|9
|tier|[Gen 9 Champions] VGC 2026 Reg M-B (Bo3)
|rated|
|rule|Species Clause: Limit one of each Pokémon
|rule|Item Clause: Limit 1 of each item
|clearpoke
|poke|p1|Charizard, L50, M|
|poke|p1|Kingambit, L50, F|
|poke|p1|Sylveon, L50, F|
|poke|p1|Garchomp, L50, F|
|poke|p1|Aerodactyl, L50, F|
|poke|p1|Farigiraf, L50, F|
|poke|p2|Charizard, L50, M|
|poke|p2|Whimsicott, L50, M|
|poke|p2|Basculegion, L50, M|
|poke|p2|Farigiraf, L50, M|
|poke|p2|Garchomp, L50, M|
|poke|p2|Kingambit, L50, M|
|teampreview|4
|showteam|p1|Charizard||CharizarditeY|SolarPower|Protect,HeatWave,SolarBeam,WeatherBall|Modest||M|||50|]Kingambit||FocusSash|Defiant|IronHead,SuckerPunch,KowtowCleave,LowKick|Adamant||F|||50|]Sylveon||FairyFeather|Pixilate|Detect,HyperVoice,HyperBeam,QuickAttack|Modest||F|||50|]Garchomp||LifeOrb|RoughSkin|Protect,DragonClaw,Earthquake,RockSlide|Jolly||F|||50|]Aerodactyl||Aerodactylite|Unnerve|IceFang,RockSlide,Tailwind,DualWingbeat|Jolly||F|||50|]Farigiraf||SitrusBerry|ArmorTail|TrickRoom,Psychic,Thunderbolt,Roar|Bold||F|||50|
|showteam|p2|Charizard||CharizarditeY|Blaze|HeatWave,WeatherBall,SolarBeam,Protect|Modest||M|||50|]Whimsicott||MentalHerb|Prankster|Moonblast,Tailwind,Protect,Encore|Timid||M|||50|]Basculegion||ChoiceScarf|Adaptability|LastRespects,WaveCrash,AquaJet,FlipTurn|Adamant||M|||50|]Farigiraf||SitrusBerry|ArmorTail|Psychic,HyperVoice,TrickRoom,HelpingHand|Quiet||M|||50|]Garchomp||LifeOrb|RoughSkin|Earthquake,RockSlide,ScaleShot,Protect|Jolly||M|||50|]Kingambit||FocusSash|Defiant|LowKick,SuckerPunch,IronHead,KowtowCleave|Brave||M|||50|
|inactive|Battle timer is ON: inactive players will automatically lose when time's up. (requested by NemoAK)
|
|t:|1784373274
|teamsize|p1|4
|teamsize|p2|4
|start
|switch|p1a: Aerodactyl|Aerodactyl, L50, F|100/100
|switch|p1b: Kingambit|Kingambit, L50, F|100/100
|switch|p2a: Dracarys|Charizard, L50, M|100/100
|switch|p2b: Toothless|Garchomp, L50, M|100/100
|-ability|p1a: Aerodactyl|Unnerve
|turn|1
|inactive|NemoAK has 30 seconds left.
|inactive|NemoAK has 20 seconds left.
|inactive|NemoAK has 15 seconds left.
|inactive|NemoAK has 10 seconds left.
|
|t:|1784373320
|detailschange|p1a: Aerodactyl|Aerodactyl-Mega, L50, F
|-mega|p1a: Aerodactyl|Aerodactyl|Aerodactylite
|detailschange|p2a: Dracarys|Charizard-Mega-Y, L50, M
|-mega|p2a: Dracarys|Charizard|Charizardite Y
|-weather|SunnyDay|[from] ability: Drought|[of] p2a: Dracarys
|move|p1a: Aerodactyl|Ice Fang|p2b: Toothless
|-supereffective|p2b: Toothless|2
|-damage|p2b: Toothless|0 fnt
|-damage|p1a: Aerodactyl|87/100|[from] ability: Rough Skin|[of] p2b: Toothless
|faint|p2b: Toothless
|move|p2a: Dracarys|Heat Wave|p1a: Aerodactyl|[spread] p1b
|-miss|p2a: Dracarys|p1a: Aerodactyl
|-supereffective|p1b: Kingambit|1
|-enditem|p1b: Kingambit|Focus Sash
|-damage|p1b: Kingambit|1/100
|move|p1b: Kingambit|Kowtow Cleave|p2a: Dracarys
|-damage|p2a: Dracarys|50/100g
|
|-weather|SunnyDay|[upkeep]
|upkeep
|
|t:|1784373333
|switch|p2b: 6”3|Farigiraf, L50, M|100/100
|turn|2
|
|t:|1784373352
|switch|p1b: Farigiraf|Farigiraf, L50, F|100/100
|move|p1a: Aerodactyl|Rock Slide|p2a: Dracarys|[spread] p2a,p2b
|-supereffective|p2a: Dracarys|2
|-damage|p2a: Dracarys|0 fnt
|-damage|p2b: 6”3|75/100
|faint|p2a: Dracarys
|cant|p2b: 6”3|flinch
|
|-weather|SunnyDay|[upkeep]
|upkeep
|
|t:|1784373357
|switch|p2a: Checkmate|Kingambit, L50, M|100/100
|turn|3
|inactive|new mental has 30 seconds left.
|inactive|new mental has 20 seconds left.
|inactive|new mental has 15 seconds left.
|
|t:|1784373399
|move|p1a: Aerodactyl|Rock Slide|p2b: 6”3|[spread] p2a,p2b
|-resisted|p2a: Checkmate|1
|-damage|p2a: Checkmate|88/100
|-damage|p2b: 6”3|52/100
|move|p1b: Farigiraf|Psychic|p2b: 6”3
|-resisted|p2b: 6”3|1
|-damage|p2b: 6”3|38/100
|-enditem|p2b: 6”3|Sitrus Berry|[eat]
|-heal|p2b: 6”3|63/100|[from] item: Sitrus Berry
|move|p2a: Checkmate|Kowtow Cleave|p1b: Farigiraf
|-supereffective|p1b: Farigiraf|1
|-damage|p1b: Farigiraf|20/100r
|-enditem|p1b: Farigiraf|Sitrus Berry|[eat]
|-heal|p1b: Farigiraf|45/100|[from] item: Sitrus Berry
|move|p2b: 6”3|Trick Room|p2b: 6”3
|-fieldstart|move: Trick Room|[of] p2b: 6”3
|
|-weather|SunnyDay|[upkeep]
|upkeep
|turn|4
|
|t:|1784373418
|move|p2a: Checkmate|Kowtow Cleave|p1b: Farigiraf
|-supereffective|p1b: Farigiraf|1
|-damage|p1b: Farigiraf|0 fnt
|faint|p1b: Farigiraf
|move|p2b: 6”3|Psychic|p1a: Aerodactyl
|-damage|p1a: Aerodactyl|45/100
|move|p1a: Aerodactyl|Rock Slide|p2b: 6”3|[spread] p2a,p2b
|-resisted|p2a: Checkmate|1
|-damage|p2a: Checkmate|77/100
|-damage|p2b: 6”3|37/100
|
|-weather|SunnyDay|[upkeep]
|upkeep
|
|t:|1784373430
|switch|p1b: Kingambit|Kingambit, L50, F|1/100
|turn|5
|
|t:|1784373439
|move|p2a: Checkmate|Iron Head|p1b: Kingambit
|-resisted|p1b: Kingambit|1
|-damage|p1b: Kingambit|0 fnt
|faint|p1b: Kingambit
|move|p2b: 6”3|Psychic|p1a: Aerodactyl
|-damage|p1a: Aerodactyl|7/100
|move|p1a: Aerodactyl|Rock Slide|p2b: 6”3|[spread] p2a,p2b
|-resisted|p2a: Checkmate|1
|-damage|p2a: Checkmate|65/100
|-damage|p2b: 6”3|13/100
|
|-weather|none
|upkeep
|
|t:|1784373449
|switch|p1b: Sylveon|Sylveon, L50, F|100/100
|turn|6
|
|t:|1784373453
|move|p1b: Sylveon|Detect|p1b: Sylveon
|-singleturn|p1b: Sylveon|Protect
|move|p2a: Checkmate|Iron Head|p1b: Sylveon
|-activate|p1b: Sylveon|move: Protect
|move|p2b: 6”3|Hyper Voice|p1a: Aerodactyl|[spread] p1a
|-activate|p1b: Sylveon|move: Protect
|-resisted|p1a: Aerodactyl|1
|-damage|p1a: Aerodactyl|0 fnt
|faint|p1a: Aerodactyl
|
|upkeep
|turn|7
|
|t:|1784373459
|move|p2b: 6”3|Helping Hand|p2a: Checkmate
|-singleturn|p2a: Checkmate|Helping Hand|[of] p2b: 6”3
|move|p1b: Sylveon|Detect||[still]
|-fail|p1b: Sylveon
|move|p2a: Checkmate|Iron Head|p1b: Sylveon
|-supereffective|p1b: Sylveon|1
|-damage|p1b: Sylveon|0 fnt
|faint|p1b: Sylveon
|
|win|NemoAK
|raw|new mental's rating: 1219 → 1195(-24 for losing)
|raw|NemoAK's rating: 1232 → 1256(+24 for winning)
