|j|☆Larchete
|j|☆T-block
|html|LarcheteT-block    
|uhtml|bestof|Game 3 of a best-of-3
|t:|1756678956
|gametype|doubles
|player|p1|Larchete|101|1494
|player|p2|T-block|170|1420
|gen|9
|tier|[Gen 9] VGC 2025 Reg H (Bo3)
|rated|
|rule|Species Clause: Limit one of each Pokémon
|rule|Item Clause: Limit 1 of each item
|clearpoke
|poke|p1|Armarouge, L50, F|
|poke|p1|Indeedee-F, L50, F|
|poke|p1|Talonflame, L50, M|
|poke|p1|Tatsugiri, L50, F|
|poke|p1|Maushold, L50|
|poke|p1|Dondozo, L50, M|
|poke|p2|Rillaboom, L50, M|
|poke|p2|Ninetales-Alola, L50, M|
|poke|p2|Gholdengo, L50|
|poke|p2|Garchomp, L50, F|
|poke|p2|Incineroar, L50, M|
|poke|p2|Dragonite, L50, M|
|teampreview|4
|showteam|p1|Armarouge||PowerHerb|FlashFire|TrickRoom,MeteorBeam,HeatWave,ExpandingForce|||F|||50|,,,,,Psychic]Indeedee-F||PsychicSeed|PsychicSurge|FollowMe,Psychic,HelpingHand,TrickRoom|||F|||50|,,,,,Grass]Talonflame||LifeOrb|GaleWings|BraveBird,FlareBlitz,Protect,Tailwind|||M|||50|,,,,,Stellar]Tatsugiri||ChoiceSpecs|Commander|MuddyWater,IcyWind,TeraBlast,DracoMeteor|||F|||50|,,,,,Poison]Maushold||WideLens|Technician|Protect,HelpingHand,PopulationBomb,FollowMe||||||50|,,,,,Normal]Dondozo||Leftovers|Unaware|Protect,WaveCrash,Earthquake,OrderUp|||M|||50|,,,,,Grass
|showteam|p2|Rillaboom||AssaultVest|GrassySurge|GrassyGlide,WoodHammer,FakeOut,HighHorsepower|||M|||50|,,,,,Fire]Ninetales-Alola||FocusSash|SnowWarning|Blizzard,IcyWind,Encore,AuroraVeil|||M|||50|,,,,,Ghost]Gholdengo||GrassySeed|GoodasGold|NastyPlot,MakeItRain,ShadowBall,Protect||||||50|,,,,,Water]Garchomp||LifeOrb|RoughSkin|StompingTantrum,RockSlide,DragonClaw,Protect|||F|||50|,,,,,Fire]Incineroar||SitrusBerry|Intimidate|FlareBlitz,KnockOff,FakeOut,PartingShot|||M|||50|,,,,,Water]Dragonite||LoadedDice|Multiscale|ScaleShot,Haze,Tailwind,Protect|||M|||50|,,,,,Fairy
|
|t:|1756678984
|teamsize|p1|4
|teamsize|p2|4
|start
|switch|p1a: Armarouge|Armarouge, L50, F|100/100
|switch|p1b: Indeedee|Indeedee-F, L50, F|100/100
|switch|p2a: Incineroar|Incineroar, L50, M|100/100
|switch|p2b: Dragonite|Dragonite, L50, M|100/100
|-fieldstart|move: Psychic Terrain|[from] ability: Psychic Surge|[of] p1b: Indeedee
|-enditem|p1b: Indeedee|Psychic Seed
|-boost|p1b: Indeedee|spd|1|[from] item: Psychic Seed
|-ability|p2a: Incineroar|Intimidate|boost
|-unboost|p1a: Armarouge|atk|1
|-unboost|p1b: Indeedee|atk|1
|turn|1
|
|t:|1756679017
|move|p2b: Dragonite|Scale Shot|p1a: Armarouge
|-damage|p1a: Armarouge|86/100
|-damage|p1a: Armarouge|72/100
|-damage|p1a: Armarouge|58/100
|-damage|p1a: Armarouge|44/100
|-hitcount|p1a: Armarouge|4
|-unboost|p2b: Dragonite|def|1
|-boost|p2b: Dragonite|spe|1
|move|p1b: Indeedee|Psychic|p2b: Dragonite
|-damage|p2b: Dragonite|81/100
|move|p2a: Incineroar|Parting Shot|p1a: Armarouge
|-unboost|p1a: Armarouge|atk|1
|-unboost|p1a: Armarouge|spa|1
|
|t:|1756679032
|switch|p2a: Rillaboom|Rillaboom, L50, M|100/100|[from] Parting Shot
|-fieldstart|move: Grassy Terrain|[from] ability: Grassy Surge|[of] p2a: Rillaboom
|move|p1a: Armarouge|Meteor Beam||[still]
|-prepare|p1a: Armarouge|Meteor Beam
|-boost|p1a: Armarouge|spa|1
|-enditem|p1a: Armarouge|Power Herb
|-anim|p1a: Armarouge|Meteor Beam|p2b: Dragonite
|-supereffective|p2b: Dragonite
|-damage|p2b: Dragonite|0 fnt
|faint|p2b: Dragonite
|
|-heal|p1a: Armarouge|50/100|[from] Grassy Terrain
|upkeep
|
|t:|1756679047
|switch|p2b: Incineroar|Incineroar, L50, M|100/100
|-ability|p2b: Incineroar|Intimidate|boost
|-unboost|p1a: Armarouge|atk|1
|-unboost|p1b: Indeedee|atk|1
|turn|2
|
|t:|1756679079
|move|p1b: Indeedee|Follow Me|p1b: Indeedee
|-singleturn|p1b: Indeedee|move: Follow Me
|move|p2a: Rillaboom|Wood Hammer|p1b: Indeedee
|-damage|p1b: Indeedee|24/100
|-damage|p2a: Rillaboom|78/100|[from] Recoil
|move|p2b: Incineroar|Knock Off|p1b: Indeedee
|-supereffective|p1b: Indeedee
|-crit|p1b: Indeedee
|-damage|p1b: Indeedee|0 fnt
|faint|p1b: Indeedee
|move|p1a: Armarouge|Heat Wave|p2b: Incineroar|[spread] p2a,p2b
|-supereffective|p2a: Rillaboom
|-resisted|p2b: Incineroar
|-damage|p2a: Rillaboom|23/100
|-damage|p2b: Incineroar|85/100
|
|-heal|p2a: Rillaboom|29/100|[from] Grassy Terrain
|-heal|p2b: Incineroar|91/100|[from] Grassy Terrain
|-heal|p1a: Armarouge|56/100|[from] Grassy Terrain
|upkeep
|
|t:|1756679098
|switch|p1b: Pesce piccolo|Tatsugiri, L50, F|100/100
|turn|3
|inactive|Battle timer is ON: inactive players will automatically lose when time's up. (requested by Larchete)
|
|t:|1756679134
|-terastallize|p2b: Incineroar|Water
|-terastallize|p1b: Pesce piccolo|Poison
|move|p2a: Rillaboom|Wood Hammer|p1b: Pesce piccolo
|-resisted|p1b: Pesce piccolo
|-damage|p1b: Pesce piccolo|44/100
|-damage|p2a: Rillaboom|14/100|[from] Recoil
|move|p2b: Incineroar|Knock Off|p1a: Armarouge
|-supereffective|p1a: Armarouge
|-damage|p1a: Armarouge|0 fnt
|faint|p1a: Armarouge
|move|p1b: Pesce piccolo|Draco Meteor|p2b: Incineroar
|-damage|p2b: Incineroar|0 fnt
|-unboost|p1b: Pesce piccolo|spa|2
|faint|p2b: Incineroar
|
|-heal|p2a: Rillaboom|20/100|[from] Grassy Terrain
|-heal|p1b: Pesce piccolo|50/100|[from] Grassy Terrain
|upkeep
|
|t:|1756679146
|switch|p2b: Gholdengo|Gholdengo, L50|100/100
|switch|p1a: Uccello di fuoco|Talonflame, L50, M|100/100
|-enditem|p2b: Gholdengo|Grassy Seed
|-boost|p2b: Gholdengo|def|1|[from] item: Grassy Seed
|turn|4
|
|t:|1756679159
|move|p1a: Uccello di fuoco|Tailwind|p1a: Uccello di fuoco
|-sidestart|p1: Larchete|move: Tailwind
|move|p1b: Pesce piccolo|Draco Meteor|p2a: Rillaboom
|-damage|p2a: Rillaboom|0 fnt
|-unboost|p1b: Pesce piccolo|spa|2
|faint|p2a: Rillaboom
|move|p2b: Gholdengo|Shadow Ball|p1a: Uccello di fuoco
|-damage|p1a: Uccello di fuoco|40/100
|-unboost|p1a: Uccello di fuoco|spd|1
|
|-heal|p1b: Pesce piccolo|55/100|[from] Grassy Terrain
|upkeep
|turn|5
|
|t:|1756679171
|move|p1a: Uccello di fuoco|Flare Blitz|p2b: Gholdengo
|-supereffective|p2b: Gholdengo
|-damage|p2b: Gholdengo|18/100
|-damage|p1a: Uccello di fuoco|6/100|[from] Recoil
|-damage|p1a: Uccello di fuoco|0 fnt|[from] item: Life Orb
|faint|p1a: Uccello di fuoco
|move|p1b: Pesce piccolo|Draco Meteor|p2b: Gholdengo
|-resisted|p2b: Gholdengo
|-damage|p2b: Gholdengo|1/100
|-unboost|p1b: Pesce piccolo|spa|2
|move|p2b: Gholdengo|Shadow Ball|p1b: Pesce piccolo
|-damage|p1b: Pesce piccolo|6/100
|-unboost|p1b: Pesce piccolo|spd|1
|
|-heal|p1b: Pesce piccolo|12/100|[from] Grassy Terrain
|-heal|p2b: Gholdengo|7/100|[from] Grassy Terrain
|-fieldend|move: Grassy Terrain
|upkeep
|turn|6
|
|t:|1756679193
|move|p2b: Gholdengo|Protect|p2b: Gholdengo
|-singleturn|p2b: Gholdengo|Protect
|move|p1b: Pesce piccolo|Draco Meteor|p2b: Gholdengo
|-activate|p2b: Gholdengo|move: Protect
|
|upkeep
|turn|7
|
|t:|1756679199
|move|p1b: Pesce piccolo|Draco Meteor|p2b: Gholdengo
|-resisted|p2b: Gholdengo
|-damage|p2b: Gholdengo|0 fnt
|faint|p2b: Gholdengo
|
|win|Larchete
|raw|Larchete's rating: 1494 → 1510(+16 for winning)
|raw|T-block's rating: 1420 → 1404(-16 for losing)
