|j|â˜†Psyxzz4
|j|â˜†WasIsLossMitFenha
|html|Psyxzz4WasIsLossMitFenha    
|uhtml|bestof|Game 2 of a best-of-3
|t:|1782612497
|gametype|doubles
|player|p1|Psyxzz4|cynthia|
|player|p2|WasIsLossMitFenha|swimmer|
|gen|9
|tier|[Gen 9 Champions] VGC 2026 Reg M-B (Bo3)
|rule|Species Clause: Limit one of each PokÃ©mon
|rule|Item Clause: Limit 1 of each item
|clearpoke
|poke|p1|Swampert, L50, M|
|poke|p1|Pelipper, L50, M|
|poke|p1|Archaludon, L50, M|
|poke|p1|Sinistcha, L50|
|poke|p1|Sneasler, L50, M|
|poke|p1|Basculegion, L50, M|
|poke|p2|Swampert, L50, F|
|poke|p2|Basculegion, L50, M|
|poke|p2|Pelipper, L50, M|
|poke|p2|Dragonite, L50, M|
|poke|p2|Sinistcha, L50|
|poke|p2|Incineroar, L50, M|
|teampreview|4
|showteam|p1|Swampert||Swampertite|Torrent|Earthquake,WaveCrash,Protect,IcePunch|Adamant||M|||50|]Pelipper||FocusSash|Drizzle|Hurricane,WeatherBall,Tailwind,Protect|Modest||M|||50|]Archaludon||Leftovers|Stamina|FlashCannon,ElectroShot,DracoMeteor,Protect|Modest||M|||50|]Sinistcha||KasibBerry|Hospitality|MatchaGotcha,RagePowder,TrickRoom,Protect|Bold|||||50|]Sneasler||WhiteHerb|Unburden|FakeOut,CloseCombat,DireClaw,Feint|Adamant||M|||50|]Basculegion||ChoiceScarf|Adaptability|FlipTurn,AquaJet,WaveCrash,LastRespects|Jolly||M|||50|
|showteam|p2|Swampert||Swampertite|Damp|Earthquake,FlipTurn,WaveCrash,IcePunch|Adamant||F|||50|]Basculegion||MysticWater|SwiftSwim|AquaJet,FlipTurn,WaveCrash,LastRespects|Jolly||M|||50|]Pelipper||FocusSash|KeenEye|Tailwind,Hurricane,MuddyWater,WeatherBall|Modest||M|||50|]Dragonite||Dragoninite|Multiscale|DracoMeteor,ExtremeSpeed,Hurricane,IceBeam|Serious||M|||50|]Sinistcha||Leftovers|Hospitality|MatchaGotcha,LifeDew,RagePowder,Protect|Calm|||||50|]Incineroar|||Blaze|FakeOut,FlareBlitz,PartingShot,DarkestLariat|Adamant||M|||50|
|j| 777pepe777
|c|â˜†WasIsLossMitFenha|coooomo te fuite a equivocar tanto hijo pordiooo
|l| 777pepe777
|j| 777pepe777
|
|t:|1782612598
|teamsize|p1|4
|teamsize|p2|4
|start
|switch|p1a: Chino|Sneasler, L50, M|100/100
|switch|p1b: Sergio|Basculegion, L50, M|100/100
|switch|p2a: Swampert|Swampert, L50, F|100/100
|switch|p2b: Basculegion|Basculegion, L50, M|100/100
|turn|1
|j| pain2007
|l| pain2007
|
|t:|1782612683
|switch|p2b: Dragonite|Dragonite, L50, M|100/100
|move|p1b: Sergio|Flip Turn|p2a: Swampert
|-damage|p2a: Swampert|60/100
|
|t:|1782612695
|switch|p1b: Brit|Sinistcha, L50|100/100|[from] Flip Turn
|move|p1a: Chino|Close Combat|p2a: Swampert
|-damage|p2a: Swampert|0 fnt
|-unboost|p1a: Chino|def|1
|-unboost|p1a: Chino|spd|1
|faint|p2a: Swampert
|-enditem|p1a: Chino|White Herb
|-clearnegativeboost|p1a: Chino|[silent]
|
|upkeep
|
|t:|1782612706
|switch|p2a: Sinistcha|Sinistcha, L50|100/100
|turn|2
|
|t:|1782612822
|switch|p1a: Simon Duarte|Archaludon, L50, M|100/100
|detailschange|p2b: Dragonite|Dragonite-Mega, L50, M
|-mega|p2b: Dragonite|Dragonite|Dragoninite
|move|p1b: Brit|Rage Powder|p1b: Brit
|-singleturn|p1b: Brit|move: Rage Powder
|move|p2b: Dragonite|Hurricane|p1b: Brit
|-supereffective|p1b: Brit|1
|-damage|p1b: Brit|0 fnt
|faint|p1b: Brit
|move|p2a: Sinistcha|Matcha Gotcha|p1a: Simon Duarte
|-resisted|p1a: Simon Duarte|2
|-damage|p1a: Simon Duarte|91/100
|-ability|p1a: Simon Duarte|Stamina|boost
|-boost|p1a: Simon Duarte|def|1
|
|-heal|p1a: Simon Duarte|97/100|[from] item: Leftovers
|upkeep
|
|t:|1782612834
|switch|p1b: Chino|Sneasler, L50, M|100/100
|turn|3
|
|t:|1782612924
|move|p1b: Chino|Fake Out|p2b: Dragonite
|-damage|p2b: Dragonite|92/100
|move|p2a: Sinistcha|Rage Powder|p2a: Sinistcha
|-singleturn|p2a: Sinistcha|move: Rage Powder
|cant|p2b: Dragonite|flinch
|move|p1a: Simon Duarte|Flash Cannon|p2a: Sinistcha
|-damage|p2a: Sinistcha|64/100
|
|-heal|p1a: Simon Duarte|100/100|[from] item: Leftovers
|-heal|p2a: Sinistcha|70/100|[from] item: Leftovers
|upkeep
|turn|4
|j| Shemages
|l| Shemages
|
|t:|1782612977
|move|p1b: Chino|Dire Claw|p2b: Dragonite
|-crit|p2b: Dragonite
|-damage|p2b: Dragonite|21/100
|move|p2b: Dragonite|Draco Meteor|p1a: Simon Duarte
|-damage|p1a: Simon Duarte|26/100
|-unboost|p2b: Dragonite|spa|2
|-ability|p1a: Simon Duarte|Stamina|boost
|-boost|p1a: Simon Duarte|def|1
|move|p1a: Simon Duarte|Draco Meteor|p2b: Dragonite
|-supereffective|p2b: Dragonite|1
|-damage|p2b: Dragonite|0 fnt
|-unboost|p1a: Simon Duarte|spa|2
|faint|p2b: Dragonite
|move|p2a: Sinistcha|Matcha Gotcha|p1b: Chino|[spread] p1a
|-miss|p2a: Sinistcha|p1b: Chino
|-resisted|p1a: Simon Duarte|2
|-damage|p1a: Simon Duarte|19/100
|-heal|p2a: Sinistcha|74/100|[from] drain|[of] p1a: Simon Duarte
|-status|p1a: Simon Duarte|brn
|-ability|p1a: Simon Duarte|Stamina|boost
|-boost|p1a: Simon Duarte|def|1
|
|-heal|p1a: Simon Duarte|25/100 brn|[from] item: Leftovers
|-heal|p2a: Sinistcha|80/100|[from] item: Leftovers
|-damage|p1a: Simon Duarte|19/100 brn|[from] brn
|upkeep
|
|t:|1782612984
|switch|p2b: Basculegion|Basculegion, L50, M|100/100
|turn|5
|
|t:|1782613024
|move|p1b: Chino|Dire Claw|p2a: Sinistcha
|-damage|p2a: Sinistcha|35/100
|move|p2b: Basculegion|Wave Crash|p1b: Chino
|-damage|p1b: Chino|0 fnt
|faint|p1b: Chino
|-damage|p2b: Basculegion|73/100|[from] Recoil
|move|p1a: Simon Duarte|Draco Meteor|p2a: Sinistcha|[miss]
|-miss|p1a: Simon Duarte|p2a: Sinistcha
|move|p2a: Sinistcha|Matcha Gotcha|p1a: Simon Duarte
|-resisted|p1a: Simon Duarte|2
|-damage|p1a: Simon Duarte|12/100 brn
|-heal|p2a: Sinistcha|40/100|[from] drain|[of] p1a: Simon Duarte
|-ability|p1a: Simon Duarte|Stamina|boost
|-boost|p1a: Simon Duarte|def|1
|
|-heal|p1a: Simon Duarte|18/100 brn|[from] item: Leftovers
|-heal|p2a: Sinistcha|46/100|[from] item: Leftovers
|-damage|p1a: Simon Duarte|12/100 brn|[from] brn
|upkeep
|
|t:|1782613035
|switch|p1b: Sergio|Basculegion, L50, M|100/100
|turn|6
|l| 777pepe777
|
|t:|1782613168
|move|p2a: Sinistcha|Rage Powder|p2a: Sinistcha
|-singleturn|p2a: Sinistcha|move: Rage Powder
|move|p1b: Sergio|Last Respects|p2a: Sinistcha
|-supereffective|p2a: Sinistcha|1
|-damage|p2a: Sinistcha|0 fnt
|faint|p2a: Sinistcha
|move|p2b: Basculegion|Last Respects|p1b: Sergio
|-supereffective|p1b: Sergio|1
|-damage|p1b: Sergio|0 fnt
|faint|p1b: Sergio
|move|p1a: Simon Duarte|Draco Meteor|p2b: Basculegion
|-damage|p2b: Basculegion|38/100
|-unboost|p1a: Simon Duarte|spa|2
|
|-heal|p1a: Simon Duarte|18/100 brn|[from] item: Leftovers
|-damage|p1a: Simon Duarte|12/100 brn|[from] brn
|upkeep
|turn|7
|
|t:|1782613197
|move|p2b: Basculegion|Last Respects|p1a: Simon Duarte
|-damage|p1a: Simon Duarte|0 fnt
|faint|p1a: Simon Duarte
|
|win|WasIsLossMitFenha
||Psyxzz4 is ready for game 3.
|inactive|WasIsLossMitFenha has 30 seconds to confirm battle start!
||WasIsLossMitFenha is ready for game 3.
|uhtml|next|Next: Game 3 of 3
|j| 777pepe777
|l| 777pepe777
|j| frangorem
|l|â˜†WasIsLossMitFenha
|player|p2|
