|j|☆aleixrock
|j|☆ToastedArt
|html|aleixrockToastedArt    
|uhtml|bestof|Game 2 of a best-of-3
|t:|1785369995
|gametype|doubles
|player|p1|aleixrock|1|1180
|player|p2|ToastedArt|iris|1078
|gen|9
|tier|[Gen 9 Champions] VGC 2026 Reg M-B (Bo3)
|rated|
|rule|Species Clause: Limit one of each Pokémon
|rule|Item Clause: Limit 1 of each item
|clearpoke
|poke|p1|Gengar, L50, F|
|poke|p1|Kingambit, L50, F|
|poke|p1|Annihilape, L50, M|
|poke|p1|Ninetales-Alola, L50, F|
|poke|p1|Incineroar, L50, M|
|poke|p1|Dragonite, L50, F|
|poke|p2|Staraptor, L50, F|
|poke|p2|Gholdengo, L50|
|poke|p2|Sinistcha, L50|
|poke|p2|Grimmsnarl, L50, M|
|poke|p2|Raichu, L50, M|
|poke|p2|Incineroar, L50, F|
|teampreview|4
|showteam|p1|Gengar||Gengarite|CursedBody|Protect,PerishSong,ShadowBall,SludgeBomb|Modest||F|||50|]Kingambit||ChopleBerry|Defiant|Protect,SuckerPunch,IronHead,KowtowCleave|Adamant||F|||50|]Annihilape||ChoiceScarf|Defiant|IcePunch,CloseCombat,RockTomb,PhantomForce|Jolly||M|||50|]Ninetales-Alola||FocusSash|SnowWarning|Protect,Encore,Blizzard,FreezeDry|Timid||F|||50|]Incineroar||SitrusBerry|Intimidate|Protect,FakeOut,PartingShot,FlareBlitz|Impish||M|||50|]Dragonite||DragonFang|Multiscale|Protect,ExtremeSpeed,LowKick,DragonClaw|Adamant||F|||50|
|showteam|p2|Staraptor||Staraptite|Intimidate|CloseCombat,BraveBird,Tailwind,Protect|Jolly||F|||50|]Gholdengo||Leftovers|GoodasGold|MakeItRain,ShadowBall,NastyPlot,Protect|Modest|||||50|]Sinistcha||KasibBerry|Hospitality|MatchaGotcha,RagePowder,TrickRoom,LifeDew|Calm|||||50|]Grimmsnarl||LightClay|Prankster|Reflect,LightScreen,PartingShot,FakeTears|Calm||M|||50|]Raichu||RaichuniteX|LightningRod|VoltTackle,Charm,FakeTears,VoltSwitch|Jolly||M|||50|]Incineroar||SitrusBerry|Intimidate|FlareBlitz,PartingShot,FakeOut,Roar|Impish||F|||50|
|inactive|Battle timer is ON: inactive players will automatically lose when time's up. (requested by ToastedArt)
|
|t:|1785370023
|teamsize|p1|4
|teamsize|p2|4
|start
|switch|p1a: Incineroar|Incineroar, L50, M|100/100
|switch|p1b: Gengar|Gengar, L50, F|100/100
|switch|p2a: Staraptor|Staraptor, L50, F|100/100
|switch|p2b: Gholdengo|Gholdengo, L50|100/100
|-ability|p2a: Staraptor|Intimidate|boost
|-unboost|p1a: Incineroar|atk|1
|-unboost|p1b: Gengar|atk|1
|-ability|p1a: Incineroar|Intimidate|boost
|-unboost|p2a: Staraptor|atk|1
|-unboost|p2b: Gholdengo|atk|1
|turn|1
|inactive|aleixrock has 30 seconds left.
|
|t:|1785370048
|detailschange|p2a: Staraptor|Staraptor-Mega, L50, F
|-mega|p2a: Staraptor|Staraptor|Staraptite
|detailschange|p1b: Gengar|Gengar-Mega, L50, F
|-mega|p1b: Gengar|Gengar|Gengarite
|move|p1b: Gengar|Protect|p1b: Gengar
|-singleturn|p1b: Gengar|Protect
|move|p2b: Gholdengo|Protect|p2b: Gholdengo
|-singleturn|p2b: Gholdengo|Protect
|move|p2a: Staraptor|Tailwind|p2a: Staraptor
|-sidestart|p2: ToastedArt|move: Tailwind
|move|p1a: Incineroar|Flare Blitz|p2b: Gholdengo
|-activate|p2b: Gholdengo|move: Protect
|
|upkeep
|turn|2
|
|t:|1785370069
|move|p2a: Staraptor|Close Combat|p1a: Incineroar
|-supereffective|p1a: Incineroar|1
|-damage|p1a: Incineroar|33/100
|-boost|p2a: Staraptor|def|1
|-boost|p2a: Staraptor|spd|1
|-enditem|p1a: Incineroar|Sitrus Berry|[eat]
|-heal|p1a: Incineroar|58/100|[from] item: Sitrus Berry
|move|p2b: Gholdengo|Shadow Ball|p1b: Gengar
|-supereffective|p1b: Gengar|1
|-damage|p1b: Gengar|1/100
|move|p1b: Gengar|Shadow Ball|p2b: Gholdengo
|-supereffective|p2b: Gholdengo|1
|-damage|p2b: Gholdengo|0 fnt
|faint|p2b: Gholdengo
|move|p1a: Incineroar|Flare Blitz|p2a: Staraptor
|-damage|p2a: Staraptor|75/100
|-damage|p1a: Incineroar|51/100|[from] Recoil
|
|upkeep
|
|t:|1785370084
|switch|p2b: Sinistcha|Sinistcha, L50|100/100
|-heal|p2a: Staraptor|100/100|[from] ability: Hospitality|[of] p2b: Sinistcha
|turn|3
|
|t:|1785370089
|move|p1b: Gengar|Protect|p1b: Gengar
|-singleturn|p1b: Gengar|Protect
|move|p2a: Staraptor|Close Combat|p1a: Incineroar
|-supereffective|p1a: Incineroar|1
|-damage|p1a: Incineroar|0 fnt
|-boost|p2a: Staraptor|def|1
|-boost|p2a: Staraptor|spd|1
|faint|p1a: Incineroar
|move|p2b: Sinistcha|Matcha Gotcha|p1b: Gengar
|-activate|p1b: Gengar|move: Protect
|
|upkeep
|
|t:|1785370095
|switch|p1a: Ninetales|Ninetales-Alola, L50, F|100/100
|-weather|Snowscape|[from] ability: Snow Warning|[of] p1a: Ninetales
|turn|4
|
|t:|1785370105
|switch|p1b: Kingambit|Kingambit, L50, F|100/100
|move|p1a: Ninetales|Protect|p1a: Ninetales
|-singleturn|p1a: Ninetales|Protect
|move|p2a: Staraptor|Close Combat|p1a: Ninetales
|-activate|p1a: Ninetales|move: Protect
|move|p2b: Sinistcha|Matcha Gotcha|p1b: Kingambit|[spread] p1b
|-activate|p1a: Ninetales|move: Protect
|-resisted|p1b: Kingambit|1
|-damage|p1b: Kingambit|88/100
|
|-weather|Snowscape|[upkeep]
|-sideend|p2: ToastedArt|move: Tailwind
|upkeep
|turn|5
|
|t:|1785370126
|switch|p1b: Gengar|Gengar-Mega, L50, F|1/100
|move|p2a: Staraptor|Close Combat|p1a: Ninetales
|-damage|p1a: Ninetales|55/100
|-boost|p2a: Staraptor|def|1
|-boost|p2a: Staraptor|spd|1
|move|p1a: Ninetales|Blizzard|p2b: Sinistcha|[spread] p2a,p2b
|-supereffective|p2a: Staraptor|1
|-supereffective|p2b: Sinistcha|1
|-damage|p2a: Staraptor|69/100
|-damage|p2b: Sinistcha|46/100
|move|p2b: Sinistcha|Matcha Gotcha|p1a: Ninetales|[spread] p1a,p1b
|-resisted|p1b: Gengar|1
|-damage|p1a: Ninetales|27/100
|-heal|p2b: Sinistcha|57/100|[from] drain|[of] p1a: Ninetales
|-damage|p1b: Gengar|0 fnt
|-heal|p2b: Sinistcha|58/100|[from] drain|[of] p1b: Gengar
|faint|p1b: Gengar
|
|-weather|Snowscape|[upkeep]
|upkeep
|
|t:|1785370136
|switch|p1b: Kingambit|Kingambit, L50, F|88/100
|turn|6
|
|t:|1785370142
|move|p2a: Staraptor|Close Combat|p1b: Kingambit
|-supereffective|p1b: Kingambit|2
|-enditem|p1b: Kingambit|Chople Berry|[eat]
|-enditem|p1b: Kingambit|Chople Berry|[weaken]
|-damage|p1b: Kingambit|25/100
|-boost|p2a: Staraptor|def|1
|-boost|p2a: Staraptor|spd|1
|move|p1a: Ninetales|Blizzard|p2a: Staraptor|[spread] p2a,p2b
|-supereffective|p2a: Staraptor|1
|-supereffective|p2b: Sinistcha|1
|-damage|p2a: Staraptor|45/100
|-damage|p2b: Sinistcha|5/100
|move|p2b: Sinistcha|Matcha Gotcha|p1b: Kingambit|[spread] p1a,p1b
|-resisted|p1b: Kingambit|1
|-damage|p1a: Ninetales|0 fnt
|-heal|p2b: Sinistcha|16/100|[from] drain|[of] p1a: Ninetales
|-damage|p1b: Kingambit|14/100
|-heal|p2b: Sinistcha|23/100|[from] drain|[of] p1b: Kingambit
|faint|p1a: Ninetales
|move|p1b: Kingambit|Iron Head|p2a: Staraptor
|-damage|p2a: Staraptor|28/100
|
|-weather|Snowscape|[upkeep]
|upkeep
|turn|7
|
|t:|1785370149
|move|p1b: Kingambit|Sucker Punch|p2a: Staraptor
|-resisted|p2a: Staraptor|1
|-damage|p2a: Staraptor|21/100
|move|p2a: Staraptor|Close Combat|p1b: Kingambit
|-supereffective|p1b: Kingambit|2
|-damage|p1b: Kingambit|0 fnt
|-boost|p2a: Staraptor|def|1
|-boost|p2a: Staraptor|spd|1
|faint|p1b: Kingambit
|
|win|ToastedArt
