|j|☆sleepykittybun
|j|☆farangjake
|html|sleepykittybunfarangjake    
|uhtml|bestof|Game 1 of a best-of-3
|t:|1783189483
|gametype|doubles
|player|p1|sleepykittybun|candice|
|player|p2|farangjake|hilbert|
|gen|9
|tier|[Gen 9 Champions] VGC 2026 Reg M-B (Bo3)
|rule|Species Clause: Limit one of each Pokémon
|rule|Item Clause: Limit 1 of each item
|clearpoke
|poke|p1|Delphox, L50, M, shiny|
|poke|p1|Torkoal, L50, F|
|poke|p1|Venusaur, L50, M|
|poke|p1|Garchomp, L50, F|
|poke|p1|Klefki, L50, F|
|poke|p1|Rotom-Wash, L50|
|poke|p2|Charizard, L50, F|
|poke|p2|Whimsicott, L50, M|
|poke|p2|Basculegion, L50, M|
|poke|p2|Garchomp, L50, F|
|poke|p2|Sylveon, L50, M, shiny|
|poke|p2|Farigiraf, L50, M|
|teampreview|4
|showteam|p1|Delphox||Delphoxite|Blaze|HeatWave,Psyshock,NastyPlot,Protect|Timid||M|||50|]Torkoal||Charcoal|Drought|Eruption,HelpingHand,Protect,WeatherBall|Quiet||F|||50|]Venusaur||Venusaurite|Chlorophyll|GigaDrain,SludgeBomb,EarthPower,Protect|Modest||M|||50|]Garchomp||LifeOrb|RoughSkin|Earthquake,DragonClaw,RockSlide,Protect|Jolly||F|||50|]Klefki||LightClay|Prankster|TrickRoom,SunnyDay,LightScreen,Reflect|Bold||F|||50|]Rotom-Wash||Leftovers|Levitate|Thunderbolt,HydroPump,Electroweb,WillOWisp|Calm|||||50|
|showteam|p2|Charizard||CharizarditeY|Blaze|SolarBeam,Overheat,HeatWave,Protect|Timid||F|||50|]Whimsicott||FocusSash|Prankster|Moonblast,SunnyDay,Encore,Tailwind|Timid||M|||50|]Basculegion||ChoiceScarf|Adaptability|WaveCrash,LastRespects,FlipTurn,AquaJet|Jolly||M|||50|]Garchomp||Garchompite|RoughSkin|DragonClaw,Earthquake,Protect,RockSlide|Jolly||F|||50|]Sylveon||FairyFeather|Pixilate|QuickAttack,HyperVoice,HyperBeam,Protect|Bold||M|||50|]Farigiraf||SitrusBerry|ArmorTail|TwinBeam,Protect,TrickRoom,HelpingHand|Bold||M|||50|
|inactive|Battle timer is ON: inactive players will automatically lose when time's up. (requested by farangjake)
|inactive|sleepykittybun has 60 seconds left.
|inactive|farangjake has 60 seconds left.
|
|t:|1783189569
|teamsize|p1|4
|teamsize|p2|4
|start
|switch|p1a: Klefki|Klefki, L50, F|100/100
|switch|p1b: Garchomp|Garchomp, L50, F|100/100
|switch|p2a: Garchomp|Garchomp, L50, F|100/100
|switch|p2b: Whimsicott|Whimsicott, L50, M|100/100
|turn|1
|inactive|sleepykittybun has 30 seconds left.
|
|t:|1783189600
|switch|p2a: Farigiraf|Farigiraf, L50, M|100/100
|move|p1b: Garchomp|Protect|p1b: Garchomp
|-singleturn|p1b: Garchomp|Protect
|move|p2b: Whimsicott|Moonblast|p1b: Garchomp
|-activate|p1b: Garchomp|move: Protect
|move|p1a: Klefki|Trick Room|p1a: Klefki
|-fieldstart|move: Trick Room|[of] p1a: Klefki
|
|upkeep
|turn|2
|inactive|sleepykittybun has 30 seconds left.
|
|t:|1783189632
|switch|p1b: Torkoal|Torkoal, L50, F|100/100
|-weather|SunnyDay|[from] ability: Drought|[of] p1b: Torkoal
|move|p2a: Farigiraf|Helping Hand|p2b: Whimsicott
|-singleturn|p2b: Whimsicott|Helping Hand|[of] p2a: Farigiraf
|move|p1a: Klefki|Light Screen|p1a: Klefki
|-sidestart|p1: sleepykittybun|move: Light Screen
|move|p2b: Whimsicott|Moonblast|p1b: Torkoal
|-resisted|p1b: Torkoal|1
|-damage|p1b: Torkoal|75/100
|
|-weather|SunnyDay|[upkeep]
|upkeep
|turn|3
|inactive|sleepykittybun has 30 seconds left.
|
|t:|1783189661
|switch|p1a: Venusaur|Venusaur, L50, M|100/100
|move|p2b: Whimsicott|Encore||[still]
|-fail|p2b: Whimsicott
|move|p1b: Torkoal|Eruption|p2a: Farigiraf|[spread] p2a,p2b
|-supereffective|p2b: Whimsicott|1
|-damage|p2a: Farigiraf|45/100
|-enditem|p2b: Whimsicott|Focus Sash
|-damage|p2b: Whimsicott|1/100
|-enditem|p2a: Farigiraf|Sitrus Berry|[eat]
|-heal|p2a: Farigiraf|70/100|[from] item: Sitrus Berry
|move|p2a: Farigiraf|Twin Beam|p1b: Torkoal
|-damage|p1b: Torkoal|62/100
|-damage|p1b: Torkoal|48/100
|-hitcount|p1b: Torkoal|2
|
|-weather|SunnyDay|[upkeep]
|upkeep
|turn|4
|inactive|sleepykittybun has 30 seconds left.
|inactive|farangjake has 30 seconds left.
|
|t:|1783189691
|move|p1a: Venusaur|Protect|p1a: Venusaur
|-singleturn|p1a: Venusaur|Protect
|move|p2b: Whimsicott|Encore|p1b: Torkoal
|-start|p1b: Torkoal|Encore
|move|p1b: Torkoal|Eruption|p2a: Farigiraf|[spread] p2a,p2b
|-supereffective|p2b: Whimsicott|1
|-damage|p2a: Farigiraf|31/100
|-damage|p2b: Whimsicott|0 fnt
|faint|p2b: Whimsicott
|move|p2a: Farigiraf|Twin Beam|p1a: Venusaur
|-activate|p1a: Venusaur|move: Protect
|
|-weather|SunnyDay|[upkeep]
|upkeep
|
|t:|1783189697
|switch|p2b: Garchomp|Garchomp, L50, F|100/100
|turn|5
|inactive|sleepykittybun has 30 seconds left.
|
|t:|1783189724
|switch|p1a: Klefki|Klefki, L50, F|100/100
|detailschange|p2b: Garchomp|Garchomp-Mega, L50, F
|-mega|p2b: Garchomp|Garchomp|Garchompite
|move|p2a: Farigiraf|Helping Hand|p2b: Garchomp
|-singleturn|p2b: Garchomp|Helping Hand|[of] p2a: Farigiraf
|move|p1b: Torkoal|Eruption|p2b: Garchomp|[spread] p2a,p2b
|-resisted|p2b: Garchomp|1
|-damage|p2a: Farigiraf|0 fnt
|-damage|p2b: Garchomp|79/100
|faint|p2a: Farigiraf
|move|p2b: Garchomp|Earthquake|p1b: Torkoal|[spread] p1a,p1b
|-supereffective|p1a: Klefki|1
|-supereffective|p1b: Torkoal|1
|-damage|p1a: Klefki|0 fnt
|-damage|p1b: Torkoal|0 fnt
|faint|p1a: Klefki
|faint|p1b: Torkoal
|
|-weather|SunnyDay|[upkeep]
|-fieldend|move: Trick Room
|upkeep
|
|t:|1783189740
|switch|p1a: Garchomp|Garchomp, L50, F|100/100
|switch|p2a: Basculegion|Basculegion, L50, M|100/100
|switch|p1b: Venusaur|Venusaur, L50, M|100/100
|turn|6
|
|t:|1783189763
|detailschange|p1b: Venusaur|Venusaur-Mega, L50, M
|-mega|p1b: Venusaur|Venusaur|Venusaurite
|move|p2a: Basculegion|Last Respects|p1b: Venusaur
|-damage|p1b: Venusaur|33/100
|move|p1a: Garchomp|Dragon Claw|p2b: Garchomp
|-supereffective|p2b: Garchomp|1
|-damage|p2b: Garchomp|0 fnt
|faint|p2b: Garchomp
|-damage|p1a: Garchomp|90/100|[from] item: Life Orb
|move|p1b: Venusaur|Giga Drain|p2a: Basculegion
|-supereffective|p2a: Basculegion|1
|-damage|p2a: Basculegion|4/100
|-heal|p1b: Venusaur|83/100|[from] drain|[of] p2a: Basculegion
|
|-weather|none
|upkeep
|turn|7
|-message|farangjake forfeited.
|
|win|sleepykittybun
||farangjake is ready for game 2.
||sleepykittybun is ready for game 2.
|uhtml|next|Next: Game 2 of 3
|l|☆sleepykittybun
|player|p1|
