|j|â˜†N0PE2050
|j|â˜†GettingWickedBlow
|html|N0PE2050GettingWickedBlow    
|uhtml|bestof|Game 3 of a best-of-3
|t:|1784771489
|gametype|doubles
|player|p1|N0PE2050|doctor|1148
|player|p2|GettingWickedBlow|n|1114
|gen|9
|tier|[Gen 9 Champions] VGC 2026 Reg M-B (Bo3)
|rated|
|rule|Species Clause: Limit one of each PokÃ©mon
|rule|Item Clause: Limit 1 of each item
|clearpoke
|poke|p1|Zoroark-Hisui, L50, F|
|poke|p1|Tyranitar, L50, M|
|poke|p1|Whimsicott, L50, F|
|poke|p1|Charizard, L50, F|
|poke|p1|Greninja, L50, F|
|poke|p1|Archaludon, L50, F|
|poke|p2|Venusaur, L50, M|
|poke|p2|Charizard, L50, M|
|poke|p2|Garchomp, L50, M|
|poke|p2|Annihilape, L50, F|
|poke|p2|Incineroar, L50, M|
|poke|p2|Toxapex, L50, M|
|teampreview|4
|showteam|p1|Zoroark-Hisui||FocusSash|Illusion|Snowscape,RainDance,BitterMalice,IcyWind|Timid||F|||50|]Tyranitar||ChopleBerry|SandStream|RockSlide,Superpower,KnockOff,Protect|Impish||M|||50|]Whimsicott||KebiaBerry|Prankster|Tailwind,SunnyDay,Moonblast,Encore|Timid||F|||50|]Charizard||CharizarditeY|SolarPower|HeatWave,WeatherBall,SolarBeam,Protect|Timid||F|||50|]Greninja||Greninjite|Protean|WeatherBall,SludgeWave,DarkPulse,Protect|Modest||F|||50|]Archaludon||Leftovers|Stamina|ElectroShot,DracoMeteor,FlashCannon,Protect|Calm||F|||50|
|showteam|p2|Venusaur||LifeOrb|Chlorophyll|SolarBeam,SludgeBomb,EarthPower,Protect|Modest||M|||50|]Charizard||CharizarditeY|Blaze|HeatWave,WeatherBall,HelpingHand,Protect|Modest||M|||50|]Garchomp||ChoiceScarf|RoughSkin|DragonClaw,Earthquake,RockSlide,StompingTantrum|Adamant||M|||50|]Annihilape||FocusSash|Defiant|PhantomForce,CloseCombat,RockTomb,Protect|Jolly||F|||50|]Incineroar||SitrusBerry|Intimidate|FakeOut,ThroatChop,FlareBlitz,PartingShot|Impish||M|||50|]Toxapex||Leftovers|Regenerator|Infestation,Toxic,BanefulBunker,WideGuard|Impish||M|||50|
|inactive|Battle timer is ON: inactive players will automatically lose when time's up. (requested by GettingWickedBlow)
|
|t:|1784771519
|teamsize|p1|4
|teamsize|p2|4
|start
|switch|p1a: THE BRIDGE|Archaludon, L50, F|100/100
|switch|p1b: Whimsicott|Whimsicott, L50, F|100/100
|switch|p2a: Garchomp|Garchomp, L50, M|100/100
|switch|p2b: Incineroar|Incineroar, L50, M|100/100
|-ability|p2b: Incineroar|Intimidate|boost
|-unboost|p1a: THE BRIDGE|atk|1
|-unboost|p1b: Whimsicott|atk|1
|turn|1
|inactive|GettingWickedBlow has 30 seconds left.
|
|t:|1784771545
|switch|p2b: Charizard|Charizard, L50, M|100/100
|move|p1b: Whimsicott|Tailwind|p1b: Whimsicott
|-sidestart|p1: N0PE2050|move: Tailwind
|move|p2a: Garchomp|Earthquake|p1a: THE BRIDGE|[spread] p1a,p1b
|-immune|p2b: Charizard
|-supereffective|p1a: THE BRIDGE|1
|-resisted|p1b: Whimsicott|1
|-damage|p1a: THE BRIDGE|34/100
|-damage|p1b: Whimsicott|74/100
|-ability|p1a: THE BRIDGE|Stamina|boost
|-boost|p1a: THE BRIDGE|def|1
|move|p1a: THE BRIDGE|Draco Meteor|p2a: Garchomp
|-supereffective|p2a: Garchomp|1
|-damage|p2a: Garchomp|0 fnt
|-unboost|p1a: THE BRIDGE|spa|2
|faint|p2a: Garchomp
|
|-heal|p1a: THE BRIDGE|40/100|[from] item: Leftovers
|upkeep
|
|t:|1784771561
|switch|p2a: Toxapex|Toxapex, L50, M|100/100
|turn|2
|inactive|N0PE2050 has 30 seconds left.
|
|t:|1784771587
|switch|p2b: Incineroar|Incineroar, L50, M|100/100
|-ability|p2b: Incineroar|Intimidate|boost
|-unboost|p1a: THE BRIDGE|atk|1
|-unboost|p1b: Whimsicott|atk|1
|move|p1a: THE BRIDGE|Protect|p1a: THE BRIDGE
|-singleturn|p1a: THE BRIDGE|Protect
|move|p1b: Whimsicott|Moonblast|p2a: Toxapex
|-resisted|p2a: Toxapex|1
|-damage|p2a: Toxapex|90/100
|move|p2a: Toxapex|Infestation|p1a: THE BRIDGE
|-activate|p1a: THE BRIDGE|move: Protect
|
|-heal|p1a: THE BRIDGE|46/100|[from] item: Leftovers
|-heal|p2a: Toxapex|96/100|[from] item: Leftovers
|upkeep
|turn|3
|inactive|N0PE2050 has 30 seconds left.
|
|t:|1784771613
|switch|p1a: Mr. X|Charizard, L50, F|100/100
|move|p1b: Whimsicott|Encore|p2a: Toxapex
|-start|p2a: Toxapex|Encore
|move|p2b: Incineroar|Parting Shot|p1a: Mr. X
|-unboost|p1a: Mr. X|atk|1
|-unboost|p1a: Mr. X|spa|1
|
|t:|1784771621
|switch|p2b: Charizard|Charizard, L50, M|100/100|[from] Parting Shot
|move|p2a: Toxapex|Infestation|p1a: Mr. X
|-resisted|p1a: Mr. X|2
|-damage|p1a: Mr. X|99/100
|-activate|p1a: Mr. X|move: Infestation|[of] p2a: Toxapex
|
|-heal|p2a: Toxapex|100/100|[from] item: Leftovers
|-damage|p1a: Mr. X|87/100|[from] move: Infestation|[partiallytrapped]
|upkeep
|turn|4
|inactive|N0PE2050 has 30 seconds left.
|inactive|N0PE2050 has 20 seconds left.
|inactive|N0PE2050 has 15 seconds left.
|
|t:|1784771662
|detailschange|p1a: Mr. X|Charizard-Mega-Y, L50, F
|-mega|p1a: Mr. X|Charizard|Charizardite Y
|-weather|SunnyDay|[from] ability: Drought|[of] p1a: Mr. X
|move|p1a: Mr. X|Protect|p1a: Mr. X
|-singleturn|p1a: Mr. X|Protect
|move|p1b: Whimsicott|Moonblast|p2b: Charizard
|-resisted|p2b: Charizard|1
|-damage|p2b: Charizard|85/100
|-unboost|p2b: Charizard|spa|1
|move|p2b: Charizard|Heat Wave|p1a: Mr. X|[spread] p1b
|-activate|p1a: Mr. X|move: Protect
|-supereffective|p1b: Whimsicott|1
|-damage|p1b: Whimsicott|10/100
|move|p2a: Toxapex|Infestation|p1b: Whimsicott
|-damage|p1b: Whimsicott|6/100
|-activate|p1b: Whimsicott|move: Infestation|[of] p2a: Toxapex
|
|-weather|SunnyDay|[upkeep]
|-damage|p1b: Whimsicott|0 fnt|[from] move: Infestation|[partiallytrapped]
|faint|p1b: Whimsicott
|-damage|p1a: Mr. X|75/100|[from] move: Infestation|[partiallytrapped]
|-sideend|p1: N0PE2050|move: Tailwind
|upkeep
|
|t:|1784771683
|switch|p1b: THE BRIDGE|Archaludon, L50, F|46/100
|turn|5
|
|t:|1784771699
|switch|p1b: Tyranitar|Tyranitar, L50, M|100/100
|-weather|Sandstorm|[from] ability: Sand Stream|[of] p1b: Tyranitar
|move|p2b: Charizard|Protect|p2b: Charizard
|-singleturn|p2b: Charizard|Protect
|move|p1a: Mr. X|Weather Ball|p2b: Charizard
|-activate|p2b: Charizard|move: Protect
|move|p2a: Toxapex|Infestation|p1b: Tyranitar
|-supereffective|p1b: Tyranitar|1
|-damage|p1b: Tyranitar|96/100
|-activate|p1b: Tyranitar|move: Infestation|[of] p2a: Toxapex
|
|-weather|Sandstorm|[upkeep]
|-damage|p1a: Mr. X|69/100|[from] Sandstorm
|-damage|p2b: Charizard|79/100|[from] Sandstorm
|-damage|p2a: Toxapex|94/100|[from] Sandstorm
|-heal|p2a: Toxapex|100/100|[from] item: Leftovers
|-damage|p1a: Mr. X|57/100|[from] move: Infestation|[partiallytrapped]
|-damage|p1b: Tyranitar|84/100|[from] move: Infestation|[partiallytrapped]
|-end|p2a: Toxapex|Encore
|upkeep
|turn|6
|inactive|N0PE2050 has 30 seconds left.
|inactive|GettingWickedBlow has 30 seconds left.
|inactive|N0PE2050 has 20 seconds left.
|inactive|N0PE2050 has 15 seconds left.
|inactive|GettingWickedBlow has 20 seconds left.
|
|t:|1784771740
|switch|p2b: Incineroar|Incineroar, L50, M|100/100
|-ability|p2b: Incineroar|Intimidate|boost
|-unboost|p1a: Mr. X|atk|1
|-unboost|p1b: Tyranitar|atk|1
|move|p2a: Toxapex|Baneful Bunker|p2a: Toxapex
|-singleturn|p2a: Toxapex|move: Protect
|move|p1a: Mr. X|Heat Wave|p2b: Incineroar|[spread] p2b
|-activate|p2a: Toxapex|move: Protect
|-resisted|p2b: Incineroar|1
|-damage|p2b: Incineroar|87/100
|move|p1b: Tyranitar|Rock Slide|p2a: Toxapex|[spread] p2b
|-activate|p2a: Toxapex|move: Protect
|-supereffective|p2b: Incineroar|1
|-damage|p2b: Incineroar|60/100
|
|-weather|Sandstorm|[upkeep]
|-damage|p1a: Mr. X|51/100|[from] Sandstorm
|-damage|p2b: Incineroar|54/100|[from] Sandstorm
|-damage|p2a: Toxapex|94/100|[from] Sandstorm
|-heal|p2a: Toxapex|100/100|[from] item: Leftovers
|-damage|p1a: Mr. X|39/100|[from] move: Infestation|[partiallytrapped]
|-damage|p1b: Tyranitar|71/100|[from] move: Infestation|[partiallytrapped]
|upkeep
|turn|7
|inactive|N0PE2050 has 30 seconds left.
|
|t:|1784771774
|move|p2b: Incineroar|Fake Out|p1b: Tyranitar
|-resisted|p1b: Tyranitar|1
|-damage|p1b: Tyranitar|68/100
|move|p1a: Mr. X|Weather Ball|p2b: Incineroar
|-supereffective|p2b: Incineroar|1
|-damage|p2b: Incineroar|7/100
|-enditem|p2b: Incineroar|Sitrus Berry|[eat]
|-heal|p2b: Incineroar|32/100|[from] item: Sitrus Berry
|cant|p1b: Tyranitar|flinch
|move|p2a: Toxapex|Toxic|p1b: Tyranitar
|-status|p1b: Tyranitar|tox
|
|-weather|Sandstorm|[upkeep]
|-damage|p1a: Mr. X|33/100|[from] Sandstorm
|-damage|p2b: Incineroar|26/100|[from] Sandstorm
|-damage|p2a: Toxapex|94/100|[from] Sandstorm
|-heal|p2a: Toxapex|100/100|[from] item: Leftovers
|-damage|p1b: Tyranitar|62/100 tox|[from] psn
|-damage|p1a: Mr. X|21/100|[from] move: Infestation|[partiallytrapped]
|-damage|p1b: Tyranitar|49/100 tox|[from] move: Infestation|[partiallytrapped]
|upkeep
|turn|8
|inactive|N0PE2050 has 30 seconds left.
|
|t:|1784771800
|move|p2a: Toxapex|Baneful Bunker|p2a: Toxapex
|-singleturn|p2a: Toxapex|move: Protect
|move|p1a: Mr. X|Weather Ball|p2b: Incineroar
|-supereffective|p2b: Incineroar|1
|-damage|p2b: Incineroar|0 fnt
|faint|p2b: Incineroar
|move|p1b: Tyranitar|Rock Slide|p2a: Toxapex
|-activate|p2a: Toxapex|move: Protect
|
|-weather|Sandstorm|[upkeep]
|-damage|p1a: Mr. X|15/100|[from] Sandstorm
|-damage|p2a: Toxapex|94/100|[from] Sandstorm
|-heal|p2a: Toxapex|100/100|[from] item: Leftovers
|-damage|p1b: Tyranitar|37/100 tox|[from] psn
|-end|p1a: Mr. X|Infestation|[partiallytrapped]
|-damage|p1b: Tyranitar|24/100 tox|[from] move: Infestation|[partiallytrapped]
|upkeep
|
|t:|1784771809
|switch|p2b: Charizard|Charizard, L50, M|79/100
|turn|9
|inactive|N0PE2050 has 30 seconds left.
|
|t:|1784771843
|detailschange|p2b: Charizard|Charizard-Mega-Y, L50, M
|-mega|p2b: Charizard|Charizard|Charizardite Y
|-weather|SunnyDay|[from] ability: Drought|[of] p2b: Charizard
|move|p1b: Tyranitar|Protect|p1b: Tyranitar
|-singleturn|p1b: Tyranitar|Protect
|move|p2a: Toxapex|Wide Guard|p2a: Toxapex
|-singleturn|p2a: Toxapex|Wide Guard
|move|p1a: Mr. X|Solar Beam||[still]
|-prepare|p1a: Mr. X|Solar Beam
|-anim|p1a: Mr. X|Solar Beam|p2a: Toxapex
|-damage|p2a: Toxapex|74/100
|move|p2b: Charizard|Heat Wave|p1a: Mr. X|[spread] p1a
|-activate|p1b: Tyranitar|move: Protect
|-resisted|p1a: Mr. X|1
|-damage|p1a: Mr. X|0 fnt
|faint|p1a: Mr. X
|
|-weather|SunnyDay|[upkeep]
|-heal|p2a: Toxapex|80/100|[from] item: Leftovers
|-damage|p1b: Tyranitar|6/100 tox|[from] psn
|-end|p1b: Tyranitar|Infestation|[partiallytrapped]
|upkeep
|
|t:|1784771861
|switch|p1a: THE BRIDGE|Archaludon, L50, F|46/100
|turn|10
|
|t:|1784771877
|move|p1a: THE BRIDGE|Protect|p1a: THE BRIDGE
|-singleturn|p1a: THE BRIDGE|Protect
|move|p2b: Charizard|Heat Wave|p1a: THE BRIDGE|[spread] p1b
|-activate|p1a: THE BRIDGE|move: Protect
|-resisted|p1b: Tyranitar|1
|-damage|p1b: Tyranitar|0 fnt
|faint|p1b: Tyranitar
|move|p2a: Toxapex|Infestation|p1a: THE BRIDGE
|-activate|p1a: THE BRIDGE|move: Protect
|
|-weather|SunnyDay|[upkeep]
|-heal|p1a: THE BRIDGE|52/100|[from] item: Leftovers
|-heal|p2a: Toxapex|85/100|[from] item: Leftovers
|upkeep
|turn|11
|
|t:|1784771890
|move|p2b: Charizard|Weather Ball|p1a: THE BRIDGE
|-damage|p1a: THE BRIDGE|0 fnt
|faint|p1a: THE BRIDGE
|
|win|GettingWickedBlow
|raw|N0PE2050's rating: 1148 → 1121(-27 for losing)
|raw|GettingWickedBlow's rating: 1114 → 1141(+27 for winning)
