|j|☆Olciax34
|j|☆Frakub
|html|Olciax34Frakub    
|uhtml|bestof|Game 2 of a best-of-3
|t:|1784748454
|gametype|doubles
|player|p1|Olciax34|clair|1338
|player|p2|Frakub|acetrainer-gen4dp|1258
|gen|9
|tier|[Gen 9 Champions] VGC 2026 Reg M-B (Bo3)
|rated|
|rule|Species Clause: Limit one of each Pokémon
|rule|Item Clause: Limit 1 of each item
|clearpoke
|poke|p1|Charizard, L50, M|
|poke|p1|Whimsicott, L50, F|
|poke|p1|Garchomp, L50, F|
|poke|p1|Basculegion, L50, M|
|poke|p1|Floette-Eternal, L50, F|
|poke|p1|Kingambit, L50, F|
|poke|p2|Mawile, L50, M|
|poke|p2|Farigiraf, L50, F|
|poke|p2|Torkoal, L50, M|
|poke|p2|Incineroar, L50, F|
|poke|p2|Gallade, L50, M|
|poke|p2|Vivillon, L50, M|
|teampreview|4
|showteam|p1|Charizard||CharizarditeY|SolarPower|HeatWave,WeatherBall,SolarBeam,Protect|Modest||M|||50|]Whimsicott||FocusSash|Prankster|Moonblast,Tailwind,Encore,Protect|Timid||F|||50|]Garchomp||LifeOrb|RoughSkin|Earthquake,DragonClaw,RockSlide,Protect|Jolly||F|||50|]Basculegion||ChoiceScarf|Adaptability|WaveCrash,FlipTurn,LastRespects,AquaJet|Jolly||M|||50|]Floette-Eternal||Floettite|FlowerVeil|DrainingKiss,Moonblast,CalmMind,Protect|Modest||F|||50|]Kingambit||ChopleBerry|Defiant|KowtowCleave,SuckerPunch,IronHead,LowKick|Adamant||F|||50|
|showteam|p2|Mawile||Mawilite|HyperCutter|PlayRough,SuckerPunch,RockSlide,Protect|Brave||M|||50|]Farigiraf||SitrusBerry|ArmorTail|Psychic,Thunderbolt,TrickRoom,Protect|Quiet||F|||50|]Torkoal||Charcoal|Drought|Eruption,WeatherBall,HelpingHand,Protect|Quiet||M|||50|]Incineroar||LifeOrb|Intimidate|FlareBlitz,DarkestLariat,CloseCombat,FakeOut|Brave||F|||50|]Gallade||IronBall|Sharpness|SacredSword,PsychoCut,LeafBlade,TrickRoom|Brave||M|||50|]Vivillon||FocusSash|CompoundEyes|Hurricane,SleepPowder,RagePowder,Protect|Timid||M|||50|
|inactive|Battle timer is ON: inactive players will automatically lose when time's up. (requested by Frakub)
|
|t:|1784748468
|teamsize|p1|4
|teamsize|p2|4
|start
|switch|p1a: Floette|Floette-Eternal, L50, F|100/100
|switch|p1b: Basculegion|Basculegion, L50, M|100/100
|switch|p2a: Farigiraf|Farigiraf, L50, F|100/100
|switch|p2b: Incineroar|Incineroar, L50, F|100/100
|-ability|p2b: Incineroar|Intimidate|boost
|-unboost|p1a: Floette|atk|1
|-unboost|p1b: Basculegion|atk|1
|turn|1
|
|t:|1784748484
|detailschange|p1a: Floette|Floette-Mega, L50, F
|-mega|p1a: Floette|Floette|Floettite
|-ability|p1a: Floette|Fairy Aura
|move|p2b: Incineroar|Fake Out|p1a: Floette
|-damage|p1a: Floette|83/100
|-damage|p2b: Incineroar|90/100|[from] item: Life Orb
|move|p1b: Basculegion|Wave Crash|p2b: Incineroar
|-supereffective|p2b: Incineroar|1
|-damage|p2b: Incineroar|0 fnt
|faint|p2b: Incineroar
|-damage|p1b: Basculegion|69/100|[from] Recoil
|cant|p1a: Floette|flinch
|move|p2a: Farigiraf|Trick Room|p2a: Farigiraf
|-fieldstart|move: Trick Room|[of] p2a: Farigiraf
|
|upkeep
|
|t:|1784748496
|switch|p2b: Torkoal|Torkoal, L50, M|100/100
|-weather|SunnyDay|[from] ability: Drought|[of] p2b: Torkoal
|turn|2
|
|t:|1784748508
|move|p2b: Torkoal|Eruption|p1a: Floette|[spread] p1a,p1b
|-resisted|p1b: Basculegion|1
|-damage|p1a: Floette|17/100
|-damage|p1b: Basculegion|15/100
|move|p2a: Farigiraf|Thunderbolt|p1b: Basculegion
|-supereffective|p1b: Basculegion|1
|-damage|p1b: Basculegion|0 fnt
|faint|p1b: Basculegion
|move|p1a: Floette|Draining Kiss|p2a: Farigiraf
|-crit|p2a: Farigiraf
|-damage|p2a: Farigiraf|43/100
|-heal|p1a: Floette|74/100|[from] drain|[of] p2a: Farigiraf
|-enditem|p2a: Farigiraf|Sitrus Berry|[eat]
|-heal|p2a: Farigiraf|68/100|[from] item: Sitrus Berry
|
|-weather|SunnyDay|[upkeep]
|upkeep
|
|t:|1784748526
|switch|p1b: Garchomp|Garchomp, L50, F|100/100
|turn|3
|
|t:|1784748545
|move|p1a: Floette|Protect|p1a: Floette
|-singleturn|p1a: Floette|Protect
|move|p2b: Torkoal|Eruption|p1b: Garchomp|[spread] p1b
|-activate|p1a: Floette|move: Protect
|-resisted|p1b: Garchomp|1
|-damage|p1b: Garchomp|56/100
|move|p2a: Farigiraf|Psychic|p1a: Floette
|-activate|p1a: Floette|move: Protect
|move|p1b: Garchomp|Earthquake|p2b: Torkoal|[spread] p2a,p2b
|-activate|p1a: Floette|move: Protect
|-supereffective|p2b: Torkoal|1
|-damage|p2a: Farigiraf|19/100
|-damage|p2b: Torkoal|20/100y
|-damage|p1b: Garchomp|46/100|[from] item: Life Orb
|
|-weather|SunnyDay|[upkeep]
|upkeep
|turn|4
|
|t:|1784748569
|move|p1b: Garchomp|Protect|p1b: Garchomp
|-singleturn|p1b: Garchomp|Protect
|move|p2b: Torkoal|Weather Ball|p1a: Floette
|-damage|p1a: Floette|16/100
|move|p2a: Farigiraf|Psychic|p1a: Floette
|-damage|p1a: Floette|0 fnt
|faint|p1a: Floette
|
|-weather|SunnyDay|[upkeep]
|upkeep
|
|t:|1784748578
|switch|p1a: Charizard|Charizard, L50, M|100/100
|turn|5
|
|t:|1784748599
|move|p2b: Torkoal|Weather Ball|p1a: Charizard
|-resisted|p1a: Charizard|1
|-damage|p1a: Charizard|51/100
|move|p2a: Farigiraf|Thunderbolt|p1a: Charizard
|-supereffective|p1a: Charizard|1
|-damage|p1a: Charizard|0 fnt
|faint|p1a: Charizard
|move|p1b: Garchomp|Earthquake|p2b: Torkoal|[spread] p2a,p2b
|-supereffective|p2b: Torkoal|1
|-damage|p2a: Farigiraf|0 fnt
|-damage|p2b: Torkoal|0 fnt
|faint|p2a: Farigiraf
|faint|p2b: Torkoal
|-damage|p1b: Garchomp|36/100|[from] item: Life Orb
|
|-weather|SunnyDay|[upkeep]
|-fieldend|move: Trick Room
|upkeep
|
|t:|1784748604
|switch|p2b: Mawile|Mawile, L50, M|100/100
|turn|6
|
|t:|1784748615
|detailschange|p2b: Mawile|Mawile-Mega, L50, M
|-mega|p2b: Mawile|Mawile|Mawilite
|move|p2b: Mawile|Sucker Punch|p1b: Garchomp
|-damage|p1b: Garchomp|0 fnt
|-damage|p2b: Mawile|87/100|[from] ability: Rough Skin|[of] p1b: Garchomp
|faint|p1b: Garchomp
|
|win|Frakub
|raw|Olciax34's rating: 1338 → 1313(-25 for losing)
|raw|Frakub's rating: 1258 → 1289(+31 for winning)
|l|☆Olciax34
|player|p1|
