|j|☆Bruthathechosen
|j|☆Lukarioks
|html|BruthathechosenLukarioks    
|uhtml|bestof|Game 2 of a best-of-3
|t:|1756584417
|gametype|doubles
|player|p1|Bruthathechosen|lady-gen4|1102
|player|p2|Lukarioks|169|1000
|gen|9
|tier|[Gen 9] VGC 2025 Reg H (Bo3)
|rated|
|rule|Species Clause: Limit one of each Pokémon
|rule|Item Clause: Limit 1 of each item
|clearpoke
|poke|p1|Annihilape, L50, M|
|poke|p1|Maushold, L50|
|poke|p1|Incineroar, L50, M|
|poke|p1|Sinistcha-Masterpiece, L50|
|poke|p1|Inteleon, L50, M|
|poke|p1|Hydreigon, L50, M|
|poke|p2|Tyranitar, L50, F|
|poke|p2|Garchomp, L50, F|
|poke|p2|Skeledirge, L50, F|
|poke|p2|Volcarona, L50, M|
|poke|p2|Dondozo, L50, F|
|poke|p2|Tatsugiri, L50, M|
|teampreview|4
|showteam|p1|Annihilape||Leftovers|Defiant|BulkUp,RageFist,DrainPunch,Protect|||M|||50|,,,,,Fire]Maushold||SafetyGoggles|FriendGuard|Taunt,BeatUp,FollowMe,Protect||||||50|,,,,,Ghost]Incineroar||AssaultVest|Intimidate|FakeOut,FlareBlitz,KnockOff,Uturn|||M|||50|,,,,,Grass]Sinistcha-Masterpiece||RockyHelmet|Hospitality|MatchaGotcha,RagePowder,StrengthSap,Protect||||||50|,,,,,Water]Inteleon||FocusSash|Torrent|MuddyWater,IceBeam,Uturn,Protect|||M|||50|,,,,,Ghost]Hydreigon||SitrusBerry|Levitate|Snarl,DracoMeteor,Tailwind,Protect|||M|||50|,,,,,Ghost
|showteam|p2|Tyranitar||ClearAmulet|SandStream|RockSlide,KnockOff,TeraBlast,DragonDance|||F|||50|,,,,,Flying]Garchomp||LifeOrb|SandVeil|Earthquake,BreakingSwipe,Liquidation,StompingTantrum|||F|||50|,,,,,Water]Skeledirge||ThroatSpray|Unaware|TorchSong,AlluringVoice,ShadowBall,Snarl|||F|||50|,,,,,Fairy]Volcarona||IapapaBerry|FlameBody|HeatWave,BugBuzz,RagePowder,QuiverDance|||M|||50|,,,,,Grass]Dondozo||Leftovers|Unaware|OrderUp,WaveCrash,Waterfall,Substitute|||F|||50|,,,,,Steel]Tatsugiri||ChoiceScarf|Commander|DracoMeteor,MuddyWater,HydroPump,IcyWind|||M|||50|,,,,,Dragon
|inactive|Battle timer is ON: inactive players will automatically lose when time's up. (requested by Lukarioks)
|
|t:|1756584429
|teamsize|p1|4
|teamsize|p2|4
|start
|switch|p1a: Annihilape|Annihilape, L50, M|100/100
|switch|p1b: Maushold|Maushold, L50|100/100
|switch|p2a: Tyranitar|Tyranitar, L50, F|100/100
|switch|p2b: Garchomp|Garchomp, L50, F|100/100
|-weather|Sandstorm|[from] ability: Sand Stream|[of] p2a: Tyranitar
|turn|1
|inactive|Bruthathechosen has 30 seconds left.
|
|t:|1756584460
|-terastallize|p2a: Tyranitar|Flying
|move|p1b: Maushold|Taunt|p2a: Tyranitar
|-start|p2a: Tyranitar|move: Taunt
|move|p2b: Garchomp|Earthquake|p1a: Annihilape|[spread] p1a,p1b
|-immune|p2a: Tyranitar
|-damage|p1a: Annihilape|55/100
|-damage|p1b: Maushold|43/100
|-damage|p2b: Garchomp|90/100|[from] item: Life Orb
|move|p1a: Annihilape|Bulk Up|p1a: Annihilape
|-boost|p1a: Annihilape|atk|1
|-boost|p1a: Annihilape|def|1
|move|p2a: Tyranitar|Tera Blast|p1a: Annihilape|[anim] Tera Blast Flying
|-supereffective|p1a: Annihilape
|-damage|p1a: Annihilape|5/100
|
|-weather|Sandstorm|[upkeep]
|-damage|p1a: Annihilape|0 fnt|[from] Sandstorm
|-damage|p2a: Tyranitar|94/100|[from] Sandstorm
|faint|p1a: Annihilape
|upkeep
|
|t:|1756584476
|switch|p1a: Incineroar|Incineroar, L50, M|100/100
|-ability|p1a: Incineroar|Intimidate|boost
|-fail|p2a: Tyranitar|unboost|[from] item: Clear Amulet|[of] p2a: Tyranitar
|-unboost|p2b: Garchomp|atk|1
|turn|2
|
|t:|1756584494
|switch|p2a: Dondozo|Dondozo, L50, F|100/100
|-terastallize|p1a: Incineroar|Grass
|move|p1b: Maushold|Protect|p1b: Maushold
|-singleturn|p1b: Maushold|Protect
|move|p2b: Garchomp|Breaking Swipe|p1a: Incineroar|[spread] p1a
|-activate|p1b: Maushold|move: Protect
|-damage|p1a: Incineroar|86/100
|-unboost|p1a: Incineroar|atk|1
|-damage|p2b: Garchomp|80/100|[from] item: Life Orb
|move|p1a: Incineroar|Knock Off|p2a: Dondozo
|-damage|p2a: Dondozo|73/100
|-enditem|p2a: Dondozo|Leftovers|[from] move: Knock Off|[of] p1a: Incineroar
|
|-weather|Sandstorm|[upkeep]
|-damage|p1a: Incineroar|80/100|[from] Sandstorm
|-damage|p2a: Dondozo|67/100|[from] Sandstorm
|upkeep
|turn|3
|inactive|Bruthathechosen has 30 seconds left.
|
|t:|1756584520
|switch|p2b: Tatsugiri|Tatsugiri, L50, M|100/100
|-activate|p2b: Tatsugiri|ability: Commander|[of] p2a: Dondozo
|-boost|p2a: Dondozo|atk|2
|-boost|p2a: Dondozo|spa|2
|-boost|p2a: Dondozo|spe|2
|-boost|p2a: Dondozo|def|2
|-boost|p2a: Dondozo|spd|2
|move|p1b: Maushold|Taunt|p2a: Dondozo
|-start|p2a: Dondozo|move: Taunt
|move|p2a: Dondozo|Order Up|p1b: Maushold
|-damage|p1b: Maushold|0 fnt
|faint|p1b: Maushold
|-boost|p2a: Dondozo|atk|1
|move|p1a: Incineroar|U-turn|p2b: Tatsugiri|[miss]
|-miss|p1a: Incineroar|p2b: Tatsugiri
|
|-weather|Sandstorm|[upkeep]
|-damage|p2b: Tatsugiri|95/100|[from] Sandstorm
|-damage|p2a: Dondozo|61/100|[from] Sandstorm
|-damage|p1a: Incineroar|74/100|[from] Sandstorm
|upkeep
|
|t:|1756584534
|switch|p1b: Sinistcha|Sinistcha-Masterpiece, L50|100/100
|-heal|p1a: Incineroar|99/100|[from] ability: Hospitality|[of] p1b: Sinistcha
|turn|4
|
|t:|1756584553
|move|p2a: Dondozo|Order Up|p1a: Incineroar
|-crit|p1a: Incineroar
|-damage|p1a: Incineroar|12/100
|-boost|p2a: Dondozo|atk|1
|move|p1b: Sinistcha|Matcha Gotcha|p2a: Dondozo|[spread] p2a
|-miss|p1b: Sinistcha|p2b: Tatsugiri
|-supereffective|p2a: Dondozo
|-damage|p2a: Dondozo|37/100
|move|p1a: Incineroar|Knock Off|p2a: Dondozo
|-damage|p2a: Dondozo|27/100
|
|-weather|Sandstorm|[upkeep]
|-damage|p2b: Tatsugiri|89/100|[from] Sandstorm
|-damage|p2a: Dondozo|20/100|[from] Sandstorm
|-damage|p1b: Sinistcha|94/100|[from] Sandstorm
|-damage|p1a: Incineroar|6/100|[from] Sandstorm
|upkeep
|turn|5
|
|t:|1756584567
|move|p2a: Dondozo|Order Up|p1b: Sinistcha
|-damage|p1b: Sinistcha|20/100
|-boost|p2a: Dondozo|atk|1
|move|p1b: Sinistcha|Matcha Gotcha|p2a: Dondozo|[spread] p2a
|-miss|p1b: Sinistcha|p2b: Tatsugiri
|-supereffective|p2a: Dondozo
|-damage|p2a: Dondozo|0 fnt
|-heal|p1b: Sinistcha|37/100|[from] drain|[of] p2a: Dondozo
|faint|p2a: Dondozo
|move|p1a: Incineroar|Knock Off|p2b: Tatsugiri
|-damage|p2b: Tatsugiri|28/100
|-enditem|p2b: Tatsugiri|Choice Scarf|[from] move: Knock Off|[of] p1a: Incineroar
|
|-weather|none
|upkeep
|-message|Bruthathechosen forfeited.
|
|win|Lukarioks
||Bruthathechosen is ready for game 3.
|inactive|Lukarioks has 30 seconds to confirm battle start!
||Lukarioks is ready for game 3.
|uhtml|next|Next: Game 3 of 3
