|j|☆Slim Shady LPVGC
|j|☆KingDom1992
|html|Slim Shady LPVGCKingDom1992    
|uhtml|bestof|Game 2 of a best-of-3
|t:|1756677128
|gametype|doubles
|player|p1|Slim Shady LPVGC|cynthia|1148
|player|p2|KingDom1992|brock|1224
|gen|9
|tier|[Gen 9] VGC 2025 Reg H (Bo3)
|rated|
|rule|Species Clause: Limit one of each Pokémon
|rule|Item Clause: Limit 1 of each item
|clearpoke
|poke|p1|Whimsicott, L50, F|
|poke|p1|Dragapult, L50, M|
|poke|p1|Gholdengo, L50|
|poke|p1|Sneasler, L50, F|
|poke|p1|Hydreigon, L50, M|
|poke|p1|Amoonguss, L50, F|
|poke|p2|Gholdengo, L50|
|poke|p2|Sneasler, L50, F|
|poke|p2|Incineroar, L50, M|
|poke|p2|Amoonguss, L50, F|
|poke|p2|Dragonite, L50, F|
|poke|p2|Ursaluna-Bloodmoon, L50, M|
|teampreview|4
|showteam|p1|Whimsicott||CovertCloak|Prankster|Moonblast,Tailwind,Encore,FakeTears|||F|||50|,,,,,Dark]Dragapult||ChoiceBand|ClearBody|DragonDarts,PhantomForce,SuckerPunch,Uturn|||M|||50|,,,,,Dragon]Gholdengo||MetalCoat|GoodasGold|Protect,MakeItRain,ShadowBall,NastyPlot||||||50|,,,,,Steel]Sneasler||WhiteHerb|Unburden|Protect,DireClaw,CloseCombat,FakeOut|||F|||50|,,,,,Stellar]Hydreigon||LifeOrb|Levitate|Protect,DracoMeteor,DarkPulse,EarthPower|||M|||50|,,,,,Ghost]Amoonguss||MentalHerb|Regenerator|Protect,RagePowder,PollenPuff,Spore|||F|||50|,,,,,Water
|showteam|p2|Gholdengo||LifeOrb|GoodasGold|MakeItRain,ShadowBall,NastyPlot,Protect||||||50|,,,,,Water]Sneasler||FocusSash|PoisonTouch|FakeOut,CloseCombat,DireClaw,Protect|||F|||50|,,,,,Stellar]Incineroar||SafetyGoggles|Intimidate|FakeOut,FlareBlitz,KnockOff,PartingShot|||M|||50|,,,,,Ghost]Amoonguss||SitrusBerry|Regenerator|Spore,RagePowder,PollenPuff,Protect|||F|||50|,,,,,Water]Dragonite||LoadedDice|Multiscale|ScaleShot,Haze,Tailwind,ExtremeSpeed|||F|||50|,,,,,Fairy]Ursaluna-Bloodmoon||AssaultVest|MindsEye|HyperVoice,BloodMoon,EarthPower,VacuumWave|||M|||50|,,,,,Normal
|inactive|Battle timer is ON: inactive players will automatically lose when time's up. (requested by Slim Shady LPVGC)
|
|t:|1756677144
|teamsize|p1|4
|teamsize|p2|4
|start
|switch|p1a: Whimsicott|Whimsicott, L50, F|100/100
|switch|p1b: Dragapult|Dragapult, L50, M|100/100
|switch|p2a: Sneasler|Sneasler, L50, F, shiny|100/100
|switch|p2b: Ursaluna|Ursaluna-Bloodmoon, L50, M|100/100
|turn|1
|inactive|Slim Shady LPVGC has 30 seconds left.
|inactive|KingDom1992 has 30 seconds left.
|inactive|Slim Shady LPVGC has 20 seconds left.
|inactive|KingDom1992 has 20 seconds left.
|inactive|Slim Shady LPVGC has 15 seconds left.
|inactive|KingDom1992 has 15 seconds left.
|inactive|Slim Shady LPVGC has 10 seconds left.
|
|t:|1756677190
|move|p1a: Whimsicott|Tailwind|p1a: Whimsicott
|-sidestart|p1: Slim Shady LPVGC|move: Tailwind
|move|p1b: Dragapult|U-turn|p2a: Sneasler
|-resisted|p2a: Sneasler
|-damage|p2a: Sneasler|86/100
|
|t:|1756677199
|switch|p1b: Gholdengo|Gholdengo, L50|100/100|[from] U-turn
|move|p2a: Sneasler|Dire Claw|p1a: Whimsicott
|-supereffective|p1a: Whimsicott
|-damage|p1a: Whimsicott|0 fnt
|faint|p1a: Whimsicott
|move|p2b: Ursaluna|Blood Moon|p1b: Gholdengo
|-resisted|p1b: Gholdengo
|-damage|p1b: Gholdengo|60/100
|
|upkeep
|inactive|Slim Shady LPVGC has 30 seconds left.
|
|t:|1756677224
|switch|p1a: Dragapult|Dragapult, L50, M|100/100
|turn|2
|
|t:|1756677242
|switch|p2a: Incineroar|Incineroar, L50, M, shiny|100/100
|-ability|p2a: Incineroar|Intimidate|boost
|-fail|p1a: Dragapult|unboost|[from] ability: Clear Body|[of] p1a: Dragapult
|-unboost|p1b: Gholdengo|atk|1
|-terastallize|p1a: Dragapult|Dragon
|move|p1a: Dragapult|Dragon Darts|p2a: Incineroar
|-damage|p2a: Incineroar|45/100
|-anim|p1a: Dragapult|Dragon Darts|p2b: Ursaluna
|-damage|p2b: Ursaluna|53/100
|move|p1b: Gholdengo|Make It Rain|p2a: Incineroar|[spread] p2a,p2b
|-resisted|p2a: Incineroar
|-damage|p2a: Incineroar|23/100
|-damage|p2b: Ursaluna|11/100
|-unboost|p1b: Gholdengo|spa|1
|move|p2b: Ursaluna|Earth Power|p1b: Gholdengo
|-supereffective|p1b: Gholdengo
|-damage|p1b: Gholdengo|0 fnt
|faint|p1b: Gholdengo
|
|upkeep
|
|t:|1756677261
|switch|p1b: Hydreigon|Hydreigon, L50, M|100/100
|turn|3
|
|t:|1756677277
|move|p2a: Incineroar|Fake Out|p1a: Dragapult
|-damage|p1a: Dragapult|86/100
|move|p2b: Ursaluna|Vacuum Wave|p1b: Hydreigon
|-supereffective|p1b: Hydreigon
|-damage|p1b: Hydreigon|66/100
|cant|p1a: Dragapult|flinch
|move|p1b: Hydreigon|Earth Power|p2b: Ursaluna
|-damage|p2b: Ursaluna|0 fnt
|faint|p2b: Ursaluna
|-damage|p1b: Hydreigon|56/100|[from] item: Life Orb
|
|upkeep
|
|t:|1756677290
|switch|p2b: Sneasler|Sneasler, L50, F, shiny|86/100
|turn|4
|
|t:|1756677309
|move|p2b: Sneasler|Fake Out|p1a: Dragapult
|-crit|p1a: Dragapult
|-damage|p1a: Dragapult|59/100
|cant|p1a: Dragapult|flinch
|move|p1b: Hydreigon|Earth Power|p2b: Sneasler
|-supereffective|p2b: Sneasler
|-damage|p2b: Sneasler|0 fnt
|faint|p2b: Sneasler
|-damage|p1b: Hydreigon|47/100|[from] item: Life Orb
|move|p2a: Incineroar|Parting Shot|p1b: Hydreigon
|-unboost|p1b: Hydreigon|atk|1
|-unboost|p1b: Hydreigon|spa|1
|
|t:|1756677322
|switch|p2a: Gholdengo|Gholdengo, L50|100/100|[from] Parting Shot
|
|-sideend|p1: Slim Shady LPVGC|move: Tailwind
|upkeep
|
|t:|1756677328
|switch|p2b: Incineroar|Incineroar, L50, M, shiny|23/100
|-ability|p2b: Incineroar|Intimidate|boost
|-fail|p1a: Dragapult|unboost|[from] ability: Clear Body|[of] p1a: Dragapult
|-unboost|p1b: Hydreigon|atk|1
|turn|5
|inactive|Slim Shady LPVGC has 30 seconds left.
|inactive|Slim Shady LPVGC has 20 seconds left.
|
|t:|1756677365
|-terastallize|p2a: Gholdengo|Water
|move|p1b: Hydreigon|Protect|p1b: Hydreigon
|-singleturn|p1b: Hydreigon|Protect
|move|p2b: Incineroar|Fake Out|p1a: Dragapult
|-damage|p1a: Dragapult|44/100
|cant|p1a: Dragapult|flinch
|move|p2a: Gholdengo|Shadow Ball|p1a: Dragapult
|-damage|p1a: Dragapult|0 fnt
|faint|p1a: Dragapult
|-damage|p2a: Gholdengo|91/100|[from] item: Life Orb
|
|upkeep
|turn|6
|
|t:|1756677382
|move|p1b: Hydreigon|Draco Meteor|p2a: Gholdengo
|-damage|p2a: Gholdengo|19/100
|-unboost|p1b: Hydreigon|spa|2
|-damage|p1b: Hydreigon|37/100|[from] item: Life Orb
|move|p2a: Gholdengo|Make It Rain|p1b: Hydreigon
|-damage|p1b: Hydreigon|0 fnt
|-unboost|p2a: Gholdengo|spa|1
|faint|p1b: Hydreigon
|-damage|p2a: Gholdengo|9/100|[from] item: Life Orb
|
|win|KingDom1992
|raw|Slim Shady LPVGC's rating: 1148 → 1128(-20 for losing)
|raw|KingDom1992's rating: 1224 → 1244(+20 for winning)
|c|☆Slim Shady LPVGC|Wp
|l|☆Slim Shady LPVGC
|player|p1|
