|j|☆GS Barnabe
|j|☆champions-rl-fizix
|html|GS Barnabechampions-rl-fizix    
|uhtml|bestof|Game 1 of a best-of-3
|t:|1785848153
|gametype|doubles
|player|p1|GS Barnabe|barry|1230
|player|p2|champions-rl-fizix|1|1123
|gen|9
|tier|[Gen 9 Champions] VGC 2026 Reg M-B (Bo3)
|rated|
|rule|Species Clause: Limit one of each Pokémon
|rule|Item Clause: Limit 1 of each item
|clearpoke
|poke|p1|Clefable, L50, M|
|poke|p1|Tyranitar, L50, F|
|poke|p1|Garchomp, L50, F|
|poke|p1|Gholdengo, L50|
|poke|p1|Rotom-Wash, L50|
|poke|p1|Aerodactyl, L50, M|
|poke|p2|Blaziken, L50, F|
|poke|p2|Garchomp, L50, F|
|poke|p2|Houndstone, L50, M|
|poke|p2|Hydreigon, L50, F|
|poke|p2|Metagross, L50|
|poke|p2|Trevenant, L50, M|
|teampreview|4
|showteam|p1|Clefable||SitrusBerry|Unaware|Moonblast,FollowMe,HealPulse,Protect|Bold||M|||50|]Tyranitar||ChoiceScarf|SandStream|RockSlide,KnockOff,IcePunch,Superpower|Jolly||F|||50|]Garchomp||Garchompite|SandVeil|DracoMeteor,EarthPower,PowerGem,Protect|Modest||F|||50|]Gholdengo||LifeOrb|GoodasGold|MakeItRain,ShadowBall,NastyPlot,Protect|Modest|||||50|]Rotom-Wash||Leftovers|Levitate|HydroPump,VoltSwitch,WillOWisp,Protect|Calm|||||50|]Aerodactyl||Aerodactylite|RockHead|RockSlide,DualWingbeat,Tailwind,Protect|Jolly||M|||50|
|showteam|p2|Blaziken||FocusSash|SpeedBoost|Protect,Detect,HeatWave,CloseCombat|Timid||F|||50|]Garchomp||LifeOrb|RoughSkin|ScaleShot,StompingTantrum,Earthquake,RockTomb|Jolly||F|||50|]Houndstone||KasibBerry|SandRush|LastRespects,WillOWisp,ShadowSneak,PsychicFangs|Adamant||M|||50|]Hydreigon||HabanBerry|Levitate|DracoMeteor,EarthPower,Snarl,DarkPulse|Modest||F|||50|]Metagross||Metagrossite|ClearBody|MeteorMash,Protect,BodyPress,PsychicFangs|Jolly|||||50|]Trevenant||SitrusBerry|Harvest|TrickRoom,LeechSeed,Poltergeist,Protect|Careful||M|||50|
|inactive|Battle timer is ON: inactive players will automatically lose when time's up. (requested by champions-rl-fizix)
|inactive|GS Barnabe has 60 seconds left.
|
|t:|1785848210
|teamsize|p1|4
|teamsize|p2|4
|start
|switch|p1a: Tyranitar|Tyranitar, L50, F|100/100
|switch|p1b: Rotom|Rotom-Wash, L50|100/100
|switch|p2a: Blaziken|Blaziken, L50, F|100/100
|switch|p2b: Metagross|Metagross, L50|100/100
|-weather|Sandstorm|[from] ability: Sand Stream|[of] p1a: Tyranitar
|turn|1
|
|t:|1785848234
|switch|p1a: Clefable|Clefable, L50, M|100/100
|detailschange|p2b: Metagross|Metagross-Mega, L50
|-mega|p2b: Metagross|Metagross|Metagrossite
|move|p2b: Metagross|Psychic Fangs|p1b: Rotom
|-damage|p1b: Rotom|26/100
|move|p2a: Blaziken|Close Combat|p1a: Clefable
|-resisted|p1a: Clefable|1
|-damage|p1a: Clefable|82/100
|-unboost|p2a: Blaziken|def|1
|-unboost|p2a: Blaziken|spd|1
|move|p1b: Rotom|Will-O-Wisp|p2b: Metagross
|-status|p2b: Metagross|brn
|
|-weather|Sandstorm|[upkeep]
|-damage|p2a: Blaziken|94/100|[from] Sandstorm
|-damage|p1b: Rotom|21/100|[from] Sandstorm
|-damage|p1a: Clefable|76/100|[from] Sandstorm
|-heal|p1b: Rotom|26/100|[from] item: Leftovers
|-damage|p2b: Metagross|93/100 brn|[from] brn
|-ability|p2a: Blaziken|Speed Boost|boost
|-boost|p2a: Blaziken|spe|1
|upkeep
|turn|2
|inactive|GS Barnabe has 30 seconds left.
|inactive|GS Barnabe has 20 seconds left.
|inactive|GS Barnabe has 15 seconds left.
|
|t:|1785848276
|move|p1a: Clefable|Protect|p1a: Clefable
|-singleturn|p1a: Clefable|Protect
|move|p2a: Blaziken|Heat Wave|p1a: Clefable|[spread] p1b
|-activate|p1a: Clefable|move: Protect
|-resisted|p1b: Rotom|1
|-damage|p1b: Rotom|11/100
|move|p2b: Metagross|Meteor Mash|p1a: Clefable
|-activate|p1a: Clefable|move: Protect
|move|p1b: Rotom|Hydro Pump|p2a: Blaziken
|-supereffective|p2a: Blaziken|1
|-damage|p2a: Blaziken|0 fnt
|faint|p2a: Blaziken
|
|-weather|Sandstorm|[upkeep]
|-damage|p1b: Rotom|5/100|[from] Sandstorm
|-damage|p1a: Clefable|70/100|[from] Sandstorm
|-heal|p1b: Rotom|11/100|[from] item: Leftovers
|-damage|p2b: Metagross|87/100 brn|[from] brn
|upkeep
|
|t:|1785848276
|switch|p2a: Hydreigon|Hydreigon, L50, F|100/100
|turn|3
|inactive|GS Barnabe has 30 seconds left.
|inactive|GS Barnabe has 20 seconds left.
|inactive|GS Barnabe has 15 seconds left.
|
|t:|1785848321
|move|p2b: Metagross|Psychic Fangs|p1b: Rotom
|-crit|p1b: Rotom
|-damage|p1b: Rotom|0 fnt
|faint|p1b: Rotom
|move|p2a: Hydreigon|Snarl|p1a: Clefable
|-resisted|p1a: Clefable|1
|-damage|p1a: Clefable|56/100
|-unboost|p1a: Clefable|spa|1
|move|p1a: Clefable|Moonblast|p2a: Hydreigon
|-supereffective|p2a: Hydreigon|2
|-damage|p2a: Hydreigon|10/100
|
|-weather|Sandstorm|[upkeep]
|-damage|p2a: Hydreigon|5/100|[from] Sandstorm
|-damage|p1a: Clefable|50/100g|[from] Sandstorm
|-damage|p2b: Metagross|81/100 brn|[from] brn
|upkeep
|
|t:|1785848336
|switch|p1b: Tyranitar|Tyranitar, L50, F|100/100
|turn|4
|
|t:|1785848352
|move|p1b: Tyranitar|Knock Off|p2b: Metagross
|-supereffective|p2b: Metagross|1
|-damage|p2b: Metagross|29/100 brn
|move|p2b: Metagross|Meteor Mash|p1a: Clefable
|-supereffective|p1a: Clefable|1
|-damage|p1a: Clefable|0 fnt
|faint|p1a: Clefable
|move|p2a: Hydreigon|Earth Power|p1b: Tyranitar
|-supereffective|p1b: Tyranitar|1
|-damage|p1b: Tyranitar|57/100
|
|-weather|Sandstorm|[upkeep]
|-damage|p2a: Hydreigon|0 fnt|[from] Sandstorm
|faint|p2a: Hydreigon
|-damage|p2b: Metagross|23/100 brn|[from] brn
|upkeep
|
|t:|1785848365
|switch|p2a: Garchomp|Garchomp, L50, F|100/100
|switch|p1a: Garchomp|Garchomp, L50, F|100/100
|turn|5
|
|t:|1785848387
|detailschange|p1a: Garchomp|Garchomp-Mega, L50, F
|-mega|p1a: Garchomp|Garchomp|Garchompite
|move|p1b: Tyranitar|Knock Off|p2b: Metagross
|-supereffective|p2b: Metagross|1
|-damage|p2b: Metagross|0 fnt
|faint|p2b: Metagross
|move|p2a: Garchomp|Scale Shot|p1a: Garchomp
|-supereffective|p1a: Garchomp|1
|-damage|p1a: Garchomp|70/100
|-supereffective|p1a: Garchomp|1
|-damage|p1a: Garchomp|45/100
|-supereffective|p1a: Garchomp|1
|-damage|p1a: Garchomp|16/100
|-supereffective|p1a: Garchomp|1
|-damage|p1a: Garchomp|0 fnt
|faint|p1a: Garchomp
|-hitcount|p1: Garchomp|4
|-unboost|p2a: Garchomp|def|1
|-boost|p2a: Garchomp|spe|1
|-damage|p2a: Garchomp|90/100|[from] item: Life Orb
|
|-weather|none
|upkeep
|turn|6
|
|t:|1785848407
|move|p2a: Garchomp|Stomping Tantrum|p1b: Tyranitar
|-supereffective|p1b: Tyranitar|1
|-damage|p1b: Tyranitar|0 fnt
|faint|p1b: Tyranitar
|-damage|p2a: Garchomp|80/100|[from] item: Life Orb
|
|win|champions-rl-fizix
||champions-rl-fizix is ready for game 2.
|inactive|GS Barnabe has 30 seconds to confirm battle start!
|l|☆champions-rl-fizix
|player|p2|
|j|☆champions-rl-fizix
|player|p2|champions-rl-fizix|1|
