|j|☆plujaivent
|j|☆MakeIt(C)RAIn
|html|plujaiventMakeIt(C)RAIn    
|uhtml|bestof|Game 2 of a best-of-3
|t:|1756991248
|gametype|doubles
|player|p1|plujaivent|hiker-gen4|1047
|player|p2|MakeIt(C)RAIn|elesa|1098
|gen|9
|tier|[Gen 9] VGC 2025 Reg H (Bo3)
|rated|
|rule|Species Clause: Limit one of each Pokémon
|rule|Item Clause: Limit 1 of each item
|clearpoke
|poke|p1|Archaludon, L50, M|
|poke|p1|Pelipper, L50, F|
|poke|p1|Basculegion, L50, M|
|poke|p1|Amoonguss, L50, M|
|poke|p1|Gholdengo, L50|
|poke|p1|Incineroar, L50, M|
|poke|p2|Whimsicott, L50, M|
|poke|p2|Archaludon, L50, F|
|poke|p2|Pelipper, L50, F|
|poke|p2|Basculegion, L50, M|
|poke|p2|Annihilape, L50, F|
|poke|p2|Sinistcha, L50|
|teampreview|4
|showteam|p1|Archaludon||AssaultVest|Stamina|DragonPulse,ElectroShot,FlashCannon,BodyPress|||M|||50|,,,,,Bug]Pelipper||FocusSash|Drizzle|WeatherBall,Hurricane,Tailwind,Protect|||F|||50|,,,,,Ground]Basculegion||ChoiceBand|SwiftSwim|WaveCrash,LastRespects,AquaJet,FlipTurn|||M|||50|,,,,,Water]Amoonguss||SitrusBerry|Regenerator|PollenPuff,Spore,RagePowder,Protect|||M|||50|,,,,,Fairy]Gholdengo||LifeOrb|GoodasGold|MakeItRain,ShadowBall,NastyPlot,Protect||||||50|,,,,,Water]Incineroar||RockyHelmet|Intimidate|KnockOff,Taunt,PartingShot,FakeOut|||M|||50|,,,,,Ghost
|showteam|p2|Whimsicott||FocusSash|Prankster|BeatUp,LightScreen,Endeavor,Tailwind|||M|||50|,,,,,Dark]Archaludon||AssaultVest|Stamina|BodyPress,ElectroShot,DragonPulse,Snarl|||F|||50|,,,,,Grass]Pelipper||LifeOrb|Drizzle|WeatherBall,Hurricane,WideGuard,Tailwind|||F|||50|,,,,,Grass]Basculegion||ChoiceScarf|SwiftSwim|LastRespects,FlipTurn,AquaJet,WaveCrash|||M|||50|,,,,,Water]Annihilape||Leftovers|Defiant|DrainPunch,RageFist,Taunt,Protect|||F|||50|,,,,,Dark]Sinistcha||SitrusBerry|Hospitality|MatchaGotcha,RagePowder,TrickRoom,LifeDew||||||50|,,,,,Water
|inactive|Battle timer is ON: inactive players will automatically lose when time's up. (requested by MakeIt(C)RAIn)
|
|t:|1756991267
|teamsize|p1|4
|teamsize|p2|4
|start
|switch|p1a: Pelipper|Pelipper, L50, F|100/100
|switch|p1b: Archaludon|Archaludon, L50, M|100/100
|switch|p2a: Annihilape|Annihilape, L50, F, shiny|100/100
|switch|p2b: Whimsicott|Whimsicott, L50, M, shiny|100/100
|-weather|RainDance|[from] ability: Drizzle|[of] p1a: Pelipper
|turn|1
|inactive|MakeIt(C)RAIn has 30 seconds left.
|inactive|MakeIt(C)RAIn has 20 seconds left.
|
|t:|1756991304
|switch|p2a: Archaludon|Archaludon, L50, F|100/100
|move|p2b: Whimsicott|Light Screen|p2b: Whimsicott
|-sidestart|p2: MakeIt(C)RAIn|move: Light Screen
|move|p1a: Pelipper|Weather Ball|p2a: Archaludon
|-resisted|p2a: Archaludon
|-damage|p2a: Archaludon|85/100
|-ability|p2a: Archaludon|Stamina|boost
|-boost|p2a: Archaludon|def|1
|move|p1b: Archaludon|Electro Shot||[still]
|-prepare|p1b: Archaludon|Electro Shot
|-boost|p1b: Archaludon|spa|1
|-anim|p1b: Archaludon|Electro Shot|p2a: Archaludon
|-resisted|p2a: Archaludon
|-damage|p2a: Archaludon|70/100
|-ability|p2a: Archaludon|Stamina|boost
|-boost|p2a: Archaludon|def|1
|
|-weather|RainDance|[upkeep]
|upkeep
|turn|2
|inactive|MakeIt(C)RAIn has 30 seconds left.
|
|t:|1756991330
|move|p2b: Whimsicott|Tailwind|p2b: Whimsicott
|-sidestart|p2: MakeIt(C)RAIn|move: Tailwind
|move|p2a: Archaludon|Snarl|p1a: Pelipper|[spread] p1a,p1b
|-damage|p1a: Pelipper|76/100
|-damage|p1b: Archaludon|89/100
|-unboost|p1a: Pelipper|spa|1
|-unboost|p1b: Archaludon|spa|1
|-ability|p1b: Archaludon|Stamina|boost
|-boost|p1b: Archaludon|def|1
|move|p1a: Pelipper|Tailwind|p1a: Pelipper
|-sidestart|p1: plujaivent|move: Tailwind
|move|p1b: Archaludon|Electro Shot||[still]
|-prepare|p1b: Archaludon|Electro Shot
|-boost|p1b: Archaludon|spa|1
|-anim|p1b: Archaludon|Electro Shot|p2b: Whimsicott
|-resisted|p2b: Whimsicott
|-damage|p2b: Whimsicott|72/100
|
|-weather|RainDance|[upkeep]
|upkeep
|turn|3
|inactive|MakeIt(C)RAIn has 30 seconds left.
|
|t:|1756991364
|-terastallize|p2a: Archaludon|Grass
|move|p2b: Whimsicott|Endeavor|p1b: Archaludon
|-damage|p1b: Archaludon|59/100
|-ability|p1b: Archaludon|Stamina|boost
|-boost|p1b: Archaludon|def|1
|move|p1a: Pelipper|Hurricane|p2b: Whimsicott
|-supereffective|p2b: Whimsicott
|-damage|p2b: Whimsicott|24/100
|move|p1b: Archaludon|Dragon Pulse|p2a: Archaludon
|-damage|p2a: Archaludon|39/100
|-ability|p2a: Archaludon|Stamina|boost
|-boost|p2a: Archaludon|def|1
|move|p2a: Archaludon|Electro Shot||[still]
|-prepare|p2a: Archaludon|Electro Shot
|-boost|p2a: Archaludon|spa|1
|-anim|p2a: Archaludon|Electro Shot|p1a: Pelipper
|-supereffective|p1a: Pelipper
|-damage|p1a: Pelipper|0 fnt
|faint|p1a: Pelipper
|
|-weather|RainDance|[upkeep]
|upkeep
|
|t:|1756991387
|switch|p1a: Basculegion|Basculegion, L50, M|100/100
|turn|4
|inactive|plujaivent has 30 seconds left.
|
|t:|1756991412
|-terastallize|p1a: Basculegion|Water
|move|p1a: Basculegion|Aqua Jet|p2b: Whimsicott
|-resisted|p2b: Whimsicott
|-damage|p2b: Whimsicott|0 fnt
|faint|p2b: Whimsicott
|move|p1b: Archaludon|Dragon Pulse|p2a: Archaludon
|-damage|p2a: Archaludon|6/100
|-ability|p2a: Archaludon|Stamina|boost
|-boost|p2a: Archaludon|def|1
|move|p2a: Archaludon|Dragon Pulse|p1b: Archaludon
|-damage|p1b: Archaludon|6/100
|-ability|p1b: Archaludon|Stamina|boost
|-boost|p1b: Archaludon|def|1
|
|-weather|RainDance|[upkeep]
|upkeep
|inactive|MakeIt(C)RAIn has 30 seconds left.
|inactive|MakeIt(C)RAIn has 20 seconds left.
|
|t:|1756991450
|switch|p2b: Annihilape|Annihilape, L50, F, shiny|100/100
|turn|5
|
|t:|1756991472
|switch|p1b: Amoonguss|Amoonguss, L50, M|100/100
|move|p1a: Basculegion|Aqua Jet|p2a: Archaludon
|-resisted|p2a: Archaludon
|-damage|p2a: Archaludon|0 fnt
|faint|p2a: Archaludon
|move|p2b: Annihilape|Drain Punch|p1b: Amoonguss
|-resisted|p1b: Amoonguss
|-damage|p1b: Amoonguss|89/100
|
|-weather|none
|-sideend|p2: MakeIt(C)RAIn|move: Light Screen
|-sideend|p2: MakeIt(C)RAIn|move: Tailwind
|-sideend|p1: plujaivent|move: Tailwind
|upkeep
|
|t:|1756991479
|switch|p2a: Basculegion|Basculegion, L50, M|100/100
|turn|6
|inactive|MakeIt(C)RAIn has 30 seconds left.
|inactive|MakeIt(C)RAIn has 20 seconds left.
|
|t:|1756991515
|switch|p1a: Archaludon|Archaludon, L50, M|6/100
|move|p2a: Basculegion|Last Respects|p1a: Archaludon
|-damage|p1a: Archaludon|0 fnt
|faint|p1a: Archaludon
|move|p2b: Annihilape|Taunt|p1b: Amoonguss
|-start|p1b: Amoonguss|move: Taunt
|cant|p1b: Amoonguss|move: Taunt|Spore
|
|upkeep
|
|t:|1756991524
|switch|p1a: Basculegion|Basculegion, L50, M, tera:Water|100/100
|turn|7
|
|t:|1756991537
|move|p2b: Annihilape|Protect|p2b: Annihilape
|-singleturn|p2b: Annihilape|Protect
|move|p2a: Basculegion|Last Respects|p1a: Basculegion
|-damage|p1a: Basculegion|29/100
|move|p1a: Basculegion|Last Respects|p2b: Annihilape
|-activate|p2b: Annihilape|move: Protect
|move|p1b: Amoonguss|Pollen Puff|p1a: Basculegion
|-heal|p1a: Basculegion|79/100
|
|upkeep
|turn|8
|inactive|MakeIt(C)RAIn has 30 seconds left.
|
|t:|1756991565
|move|p2a: Basculegion|Last Respects|p1b: Amoonguss
|-damage|p1b: Amoonguss|32/100
|-enditem|p1b: Amoonguss|Sitrus Berry|[eat]
|-heal|p1b: Amoonguss|56/100|[from] item: Sitrus Berry
|move|p1a: Basculegion|Last Respects|p2b: Annihilape
|-supereffective|p2b: Annihilape
|-damage|p2b: Annihilape|0 fnt
|faint|p2b: Annihilape
|move|p1b: Amoonguss|Pollen Puff|p1a: Basculegion
|-heal|p1a: Basculegion|100/100
|
|-end|p1b: Amoonguss|move: Taunt
|upkeep
|turn|9
|
|t:|1756991584
|move|p1b: Amoonguss|Rage Powder|p1b: Amoonguss
|-singleturn|p1b: Amoonguss|move: Rage Powder
|move|p2a: Basculegion|Last Respects|p1b: Amoonguss
|-damage|p1b: Amoonguss|0 fnt
|faint|p1b: Amoonguss
|move|p1a: Basculegion|Last Respects|p2a: Basculegion
|-supereffective|p2a: Basculegion
|-damage|p2a: Basculegion|0 fnt
|faint|p2a: Basculegion
|
|win|plujaivent
||plujaivent is ready for game 3.
||MakeIt(C)RAIn is ready for game 3.
|uhtml|next|Next: Game 3 of 3
|l|☆MakeIt(C)RAIn
|player|p2|
