|j|☆dipiisabum
|j|☆52Bomboclat
|html|dipiisabum52Bomboclat    
|uhtml|bestof|Game 3 of a best-of-3
|t:|1785220939
|gametype|doubles
|player|p1|dipiisabum|266|
|player|p2|52Bomboclat|hiker-gen4|
|gen|9
|tier|[Gen 9 Champions] VGC 2026 Reg M-B (Bo3)
|rule|Species Clause: Limit one of each Pokémon
|rule|Item Clause: Limit 1 of each item
|clearpoke
|poke|p1|Raichu, L50, M, shiny|
|poke|p1|Corviknight, L50, M|
|poke|p1|Glimmora, L50, F|
|poke|p1|Venusaur, L50, F|
|poke|p1|Kingambit, L50, M, shiny|
|poke|p1|Charizard, L50, F, shiny|
|poke|p2|Morpeko, L50, F, shiny|
|poke|p2|Clefable, L50, F, shiny|
|poke|p2|Garchomp, L50, M|
|poke|p2|Gengar, L50, M, shiny|
|poke|p2|Slowbro-Galar, L50, M|
|poke|p2|Rotom-Heat, L50|
|teampreview|4
|showteam|p1|Raichu||ShucaBerry|LightningRod|VoltSwitch,FakeOut,Nuzzle,HelpingHand|Modest||M|||50|]Corviknight||OccaBerry|MirrorArmor|IronDefense,BodyPress,Protect,IronHead|Careful||M|||50|]Glimmora||Leftovers|ToxicDebris|SpikyShield,Spikes,MortalSpin,SludgeBomb|Modest||F|||50|]Venusaur||KingsRock|Chlorophyll|SleepPowder,EarthPower,GigaDrain,Protect|Modest||F|||50|]Kingambit||BlackGlasses|Defiant|Protect,KowtowCleave,SuckerPunch,IronHead|Adamant||M|||50|]Charizard||CharizarditeY|Blaze|HeatWave,WeatherBall,Protect,SolarBeam|Modest||F|||50|
|showteam|p2|Morpeko||BlackGlasses|HungerSwitch|PartingShot,FakeOut,AuraWheel,Protect|Adamant||F|||50|]Clefable||Clefablite|Unaware|FollowMe,HelpingHand,Moonblast,Protect|Calm||F|||50|]Garchomp||LifeOrb|RoughSkin|RockSlide,DragonClaw,Protect,Bulldoze|Adamant||M|||50|]Gengar||Gengarite|CursedBody|PerishSong,ShadowBall,Protect,FocusBlast|Modest||M|||50|]Slowbro-Galar||QuickClaw|QuickDraw|ShellSideArm,Psychic,Protect,SlackOff|Sassy||M|||50|]Rotom-Heat||ChoiceScarf|Levitate|Overheat,Protect,Thunderbolt,NastyPlot|Modest|||||50|
|j| Picky_Cough
|j| blockything
|j| dragongoggl
|
|t:|1785221075
|teamsize|p1|4
|teamsize|p2|4
|start
|switch|p1a: Tera|Charizard, L50, F, shiny|100/100
|switch|p1b: Cornelle|Corviknight, L50, M|100/100
|switch|p2a: Bomboclat 1|Gengar, L50, M, shiny|100/100
|switch|p2b: Bomboclat 2|Morpeko, L50, F, shiny|100/100
|turn|1
|
|t:|1785221105
|detailschange|p1a: Tera|Charizard-Mega-Y, L50, F, shiny
|-mega|p1a: Tera|Charizard|Charizardite Y
|-weather|SunnyDay|[from] ability: Drought|[of] p1a: Tera
|detailschange|p2a: Bomboclat 1|Gengar-Mega, L50, M, shiny
|-mega|p2a: Bomboclat 1|Gengar|Gengarite
|move|p2b: Bomboclat 2|Fake Out|p1a: Tera
|-damage|p1a: Tera|84/100
|move|p2a: Bomboclat 1|Perish Song|p2a: Bomboclat 1
|-start|p1a: Tera|perish3|[silent]
|-start|p1b: Cornelle|perish3|[silent]
|-start|p2a: Bomboclat 1|perish3|[silent]
|-start|p2b: Bomboclat 2|perish3|[silent]
|-fieldactivate|move: Perish Song
|cant|p1a: Tera|flinch
|move|p1b: Cornelle|Iron Defense|p1b: Cornelle
|-boost|p1b: Cornelle|def|2
|
|-weather|SunnyDay|[upkeep]
|-start|p2a: Bomboclat 1|perish3
|-start|p1a: Tera|perish3
|-start|p2b: Bomboclat 2|perish3
|-start|p1b: Cornelle|perish3
|-formechange|p2b: Bomboclat 2|Morpeko-Hangry|
|upkeep
|turn|2
|
|t:|1785221163
|move|p2a: Bomboclat 1|Protect|p2a: Bomboclat 1
|-singleturn|p2a: Bomboclat 1|Protect
|move|p1a: Tera|Heat Wave|p2a: Bomboclat 1|[spread] p2b
|-activate|p2a: Bomboclat 1|move: Protect
|-crit|p2b: Bomboclat 2
|-damage|p2b: Bomboclat 2|0 fnt
|faint|p2b: Bomboclat 2
|move|p1b: Cornelle|Iron Head|p2a: Bomboclat 1
|-activate|p2a: Bomboclat 1|move: Protect
|
|-weather|SunnyDay|[upkeep]
|-start|p2a: Bomboclat 1|perish2
|-start|p1a: Tera|perish2
|-start|p1b: Cornelle|perish2
|upkeep
|
|t:|1785221178
|switch|p2b: 🧒🏿|Rotom-Heat, L50|100/100
|turn|3
|
|t:|1785221194
|move|p2b: 🧒🏿|Thunderbolt|p1a: Tera
|-supereffective|p1a: Tera|1
|-damage|p1a: Tera|0 fnt
|faint|p1a: Tera
|move|p2a: Bomboclat 1|Shadow Ball|p1b: Cornelle
|-damage|p1b: Cornelle|58/100
|move|p1b: Cornelle|Iron Defense|p1b: Cornelle
|-boost|p1b: Cornelle|def|2
|
|-weather|SunnyDay|[upkeep]
|-start|p2a: Bomboclat 1|perish1
|-start|p1b: Cornelle|perish1
|upkeep
|
|t:|1785221215
|switch|p1a: Wang|Kingambit, L50, M, shiny|100/100
|turn|4
|
|t:|1785221281
|switch|p2a: Jim|Garchomp, L50, M|100/100
|move|p2b: 🧒🏿|Thunderbolt|p1a: Wang
|-damage|p1a: Wang|65/100
|move|p1b: Cornelle|Iron Defense|p1b: Cornelle
|-boost|p1b: Cornelle|def|2
|move|p1a: Wang|Kowtow Cleave|p2b: 🧒🏿
|-damage|p2b: 🧒🏿|32/100
|
|-weather|SunnyDay|[upkeep]
|-start|p1b: Cornelle|perish0
|upkeep
|faint|p1b: Cornelle
|
|t:|1785221300
|switch|p1b: Gloria|Glimmora, L50, F|100/100
|turn|5
|
|t:|1785221348
|move|p1a: Wang|Sucker Punch|p2a: Jim
|-damage|p2a: Jim|51/100
|-damage|p1a: Wang|53/100|[from] ability: Rough Skin|[of] p2a: Jim
|move|p2b: 🧒🏿|Thunderbolt|p1b: Gloria
|-damage|p1b: Gloria|60/100
|move|p2a: Jim|Bulldoze|p1a: Wang|[spread] p1a,p1b
|-immune|p2b: 🧒🏿|[from] ability: Levitate
|-supereffective|p1a: Wang|1
|-supereffective|p1b: Gloria|2
|-damage|p1a: Wang|0 fnt
|-damage|p1b: Gloria|0 fnt
|-activate|p1b: Gloria|ability: Toxic Debris
|-sidestart|p2: 52Bomboclat|move: Toxic Spikes
|faint|p1a: Wang
|faint|p1b: Gloria
|-damage|p2a: Jim|41/100|[from] item: Life Orb
|
|win|52Bomboclat
