|j|☆Phish With A PH
|j|☆CretaceousDraconid
|html|Phish With A PHCretaceousDraconid    
|uhtml|bestof|Game 2 of a best-of-3
|t:|1757830422
|gametype|doubles
|player|p1|Phish With A PH|wallace|1159
|player|p2|CretaceousDraconid|zinnia-masters|1139
|gen|9
|tier|[Gen 9] VGC 2025 Reg H (Bo3)
|rated|
|rule|Species Clause: Limit one of each Pokémon
|rule|Item Clause: Limit 1 of each item
|clearpoke
|poke|p1|Sinistcha-Masterpiece, L50|
|poke|p1|Primarina, L50, F|
|poke|p1|Incineroar, L50, F|
|poke|p1|Porygon2, L50|
|poke|p1|Gliscor, L50, M|
|poke|p1|Archaludon, L50, M|
|poke|p2|Whimsicott, L50, F|
|poke|p2|Incineroar, L50, M|
|poke|p2|Salamence, L50, F|
|poke|p2|Garchomp, L50, M|
|poke|p2|Sneasler, L50, M|
|poke|p2|Ninetales-Alola, L50, F|
|teampreview|4
|showteam|p1|Sinistcha-Masterpiece||MentalHerb|Hospitality|MatchaGotcha,ShadowBall,RagePowder,Protect||||||50|,,,,,Water]Primarina||AssaultVest|LiquidVoice|HyperVoice,Moonblast,IcyWind,Psychic|||F|||50|,,,,,Water]Incineroar||SafetyGoggles|Intimidate|KnockOff,FakeOut,PartingShot,Protect|||F|||50|,,,,,Ghost]Porygon2||Eviolite|Download|TeraBlast,IceBeam,TrickRoom,Protect||||||50|,,,,,Fighting]Gliscor||ToxicOrb|PoisonHeal|HighHorsepower,Tailwind,SwordsDance,Protect|||M|||50|,,,,,Water]Archaludon||PowerHerb|Stamina|BodyPress,ElectroShot,Snarl,Protect|||M|||50|,,,,,Grass
|showteam|p2|Whimsicott||CovertCloak|Prankster|Tailwind,Moonblast,Encore,Taunt|||F|||50|,,,,,Water]Incineroar||SafetyGoggles|Intimidate|FakeOut,Taunt,PartingShot,KnockOff|||M|||50|,,,,,Ghost]Salamence||ChoiceSpecs|Intimidate|Hurricane,HeatWave,DracoMeteor,HydroPump|||F|||50|,,,,,Fire]Garchomp||LoadedDice|RoughSkin|StompingTantrum,Earthquake,ScaleShot,Protect|||M|||50|,,,,,Ghost]Sneasler||FocusSash|PoisonTouch|DireClaw,CloseCombat,Coaching,Protect|||M|||50|,,,,,Fairy]Ninetales-Alola||NeverMeltIce|SnowWarning|FreezeDry,Blizzard,AuroraVeil,Protect|||F|||50|,,,,,Ghost
|
|t:|1757830447
|teamsize|p1|4
|teamsize|p2|4
|start
|switch|p1a: Gliscor|Gliscor, L50, M|100/100
|switch|p1b: Incineroar|Incineroar, L50, F|100/100
|switch|p2a: TheFuckYouGuy|Sneasler, L50, M|100/100
|switch|p2b: Incineroar|Incineroar, L50, M|100/100
|-ability|p2b: Incineroar|Intimidate|boost
|-unboost|p1a: Gliscor|atk|1
|-unboost|p1b: Incineroar|atk|1
|-ability|p1b: Incineroar|Intimidate|boost
|-unboost|p2a: TheFuckYouGuy|atk|1
|-unboost|p2b: Incineroar|atk|1
|turn|1
|
|t:|1757830469
|switch|p1b: Archaludon|Archaludon, L50, M|100/100
|move|p1a: Gliscor|Protect|p1a: Gliscor
|-singleturn|p1a: Gliscor|Protect
|move|p2b: Incineroar|Fake Out|p1b: Archaludon
|-resisted|p1b: Archaludon
|-damage|p1b: Archaludon|97/100
|-ability|p1b: Archaludon|Stamina|boost
|-boost|p1b: Archaludon|def|1
|move|p2a: TheFuckYouGuy|Close Combat|p1b: Archaludon
|-supereffective|p1b: Archaludon
|-damage|p1b: Archaludon|49/100
|-unboost|p2a: TheFuckYouGuy|def|1
|-unboost|p2a: TheFuckYouGuy|spd|1
|-ability|p1b: Archaludon|Stamina|boost
|-boost|p1b: Archaludon|def|1
|
|-status|p1a: Gliscor|tox|[from] item: Toxic Orb
|upkeep
|turn|2
|
|t:|1757830497
|switch|p2a: Garchomp|Garchomp, L50, M|100/100
|move|p1b: Archaludon|Protect|p1b: Archaludon
|-singleturn|p1b: Archaludon|Protect
|move|p2b: Incineroar|Taunt|p1a: Gliscor
|-start|p1a: Gliscor|move: Taunt
|cant|p1a: Gliscor|move: Taunt|Tailwind
|
|upkeep
|turn|3
|
|t:|1757830531
|switch|p1a: Incineroar|Incineroar, L50, F|100/100
|-ability|p1a: Incineroar|Intimidate|boost
|-unboost|p2a: Garchomp|atk|1
|-unboost|p2b: Incineroar|atk|1
|move|p2a: Garchomp|Stomping Tantrum|p1b: Archaludon
|-supereffective|p1b: Archaludon
|-damage|p1b: Archaludon|24/100
|-ability|p1b: Archaludon|Stamina|boost
|-boost|p1b: Archaludon|def|1
|move|p1b: Archaludon|Body Press|p2b: Incineroar
|-supereffective|p2b: Incineroar
|-damage|p2b: Incineroar|0 fnt
|faint|p2b: Incineroar
|
|upkeep
|
|t:|1757830538
|switch|p2b: Ninetales|Ninetales-Alola, L50, F|100/100
|-weather|Snowscape|[from] ability: Snow Warning|[of] p2b: Ninetales
|turn|4
|
|t:|1757830550
|-terastallize|p2b: Ninetales|Ghost
|move|p2a: Garchomp|Protect|p2a: Garchomp
|-singleturn|p2a: Garchomp|Protect
|move|p1a: Incineroar|Fake Out|p2a: Garchomp
|-activate|p2a: Garchomp|move: Protect
|move|p2b: Ninetales|Blizzard|p1b: Archaludon|[spread] p1a,p1b
|-resisted|p1a: Incineroar
|-damage|p1a: Incineroar|90/100
|-damage|p1b: Archaludon|0 fnt
|faint|p1b: Archaludon
|
|-weather|Snowscape|[upkeep]
|upkeep
|
|t:|1757830554
|switch|p1b: Porygon2|Porygon2, L50|100/100
|-ability|p1b: Porygon2|Download|boost
|-boost|p1b: Porygon2|atk|1
|turn|5
|
|t:|1757830563
|switch|p2a: TheFuckYouGuy|Sneasler, L50, M|100/100
|move|p1a: Incineroar|Protect|p1a: Incineroar
|-singleturn|p1a: Incineroar|Protect
|move|p2b: Ninetales|Blizzard|p1a: Incineroar|[spread] p1b
|-activate|p1a: Incineroar|move: Protect
|-damage|p1b: Porygon2|86/100
|move|p1b: Porygon2|Trick Room|p1b: Porygon2
|-fieldstart|move: Trick Room|[of] p1b: Porygon2
|
|-weather|Snowscape|[upkeep]
|upkeep
|turn|6
|
|t:|1757830598
|move|p1b: Porygon2|Ice Beam|p2b: Ninetales
|-damage|p2b: Ninetales|79/100
|move|p1a: Incineroar|Knock Off|p2b: Ninetales
|-supereffective|p2b: Ninetales
|-damage|p2b: Ninetales|0 fnt
|-enditem|p2b: Ninetales|Never-Melt Ice|[from] move: Knock Off|[of] p1a: Incineroar
|faint|p2b: Ninetales
|move|p2a: TheFuckYouGuy|Dire Claw|p1b: Porygon2
|-damage|p1b: Porygon2|58/100
|-status|p1b: Porygon2|par
|
|-weather|Snowscape|[upkeep]
|upkeep
|
|t:|1757830608
|switch|p2b: Garchomp|Garchomp, L50, M|100/100
|turn|7
|
|t:|1757830624
|switch|p1a: Gliscor|Gliscor, L50, M|100/100 tox
|cant|p1b: Porygon2|par
|move|p2b: Garchomp|Stomping Tantrum|p1a: Gliscor
|-immune|p1a: Gliscor
|move|p2a: TheFuckYouGuy|Coaching|p2b: Garchomp
|-boost|p2b: Garchomp|atk|1
|-boost|p2b: Garchomp|def|1
|
|-weather|Snowscape|[upkeep]
|upkeep
|turn|8
|
|t:|1757830650
|move|p2b: Garchomp|Protect|p2b: Garchomp
|-singleturn|p2b: Garchomp|Protect
|move|p1b: Porygon2|Tera Blast|p2a: TheFuckYouGuy
|-damage|p2a: TheFuckYouGuy|61/100
|move|p1a: Gliscor|High Horsepower|p2a: TheFuckYouGuy
|-supereffective|p2a: TheFuckYouGuy
|-damage|p2a: TheFuckYouGuy|0 fnt
|faint|p2a: TheFuckYouGuy
|
|-weather|none
|upkeep
|turn|9
|
|t:|1757830666
|move|p2b: Garchomp|Protect|p2b: Garchomp
|-singleturn|p2b: Garchomp|Protect
|move|p1b: Porygon2|Ice Beam|p2b: Garchomp
|-activate|p2b: Garchomp|move: Protect
|move|p1a: Gliscor|Tailwind|p1a: Gliscor
|-sidestart|p1: Phish With A PH|move: Tailwind
|
|-fieldend|move: Trick Room
|upkeep
|turn|10
|
|t:|1757830675
|move|p1a: Gliscor|High Horsepower|p2b: Garchomp
|-damage|p2b: Garchomp|75/100
|-damage|p1a: Gliscor|88/100 tox|[from] ability: Rough Skin|[of] p2b: Garchomp
|move|p2b: Garchomp|Scale Shot|p1b: Porygon2
|-damage|p1b: Porygon2|43/100 par
|-damage|p1b: Porygon2|27/100 par
|-damage|p1b: Porygon2|13/100 par
|-damage|p1b: Porygon2|0 fnt
|faint|p1b: Porygon2
|-hitcount|p1: Porygon2|4
|-unboost|p2b: Garchomp|def|1
|-boost|p2b: Garchomp|spe|1
|
|-heal|p1a: Gliscor|100/100 tox|[from] ability: Poison Heal
|upkeep
|
|t:|1757830682
|switch|p1b: Incineroar|Incineroar, L50, F|90/100
|-ability|p1b: Incineroar|Intimidate|boost
|-unboost|p2b: Garchomp|atk|1
|turn|11
|
|t:|1757830688
|move|p2b: Garchomp|Protect|p2b: Garchomp
|-singleturn|p2b: Garchomp|Protect
|move|p1b: Incineroar|Fake Out|p2b: Garchomp
|-activate|p2b: Garchomp|move: Protect
|move|p1a: Gliscor|Swords Dance|p1a: Gliscor
|-boost|p1a: Gliscor|atk|2
|
|upkeep
|turn|12
|
|t:|1757830696
|move|p2b: Garchomp|Scale Shot|p1a: Gliscor
|-damage|p1a: Gliscor|87/100 tox
|-crit|p1a: Gliscor
|-damage|p1a: Gliscor|71/100 tox
|-damage|p1a: Gliscor|59/100 tox
|-damage|p1a: Gliscor|47/100 tox
|-crit|p1a: Gliscor
|-damage|p1a: Gliscor|29/100 tox
|-hitcount|p1a: Gliscor|5
|-unboost|p2b: Garchomp|def|1
|-boost|p2b: Garchomp|spe|1
|move|p1a: Gliscor|High Horsepower|p2b: Garchomp
|-damage|p2b: Garchomp|0 fnt
|-damage|p1a: Gliscor|17/100 tox|[from] ability: Rough Skin|[of] p2b: Garchomp
|faint|p2b: Garchomp
|
|win|Phish With A PH
||CretaceousDraconid is ready for game 3.
|inactive|Phish With A PH has 30 seconds to confirm battle start!
||Phish With A PH is ready for game 3.
|uhtml|next|Next: Game 3 of 3
|l|☆Phish With A PH
|player|p1|
