|j|‽CaratroncoSun
|j|☆Ganondorth
|html|CaratroncoSunGanondorth    
|uhtml|bestof|Game 2 of a best-of-3
|t:|1784278565
|gametype|doubles
|player|p1|CaratroncoSun|juan|1376
|player|p2|Ganondorth|101|1321
|gen|9
|tier|[Gen 9 Champions] VGC 2026 Reg M-B (Bo3)
|rated|
|rule|Species Clause: Limit one of each Pokémon
|rule|Item Clause: Limit 1 of each item
|clearpoke
|poke|p1|Charizard, L50, F, shiny|
|poke|p1|Venusaur, L50, M, shiny|
|poke|p1|Whimsicott, L50, F, shiny|
|poke|p1|Basculegion, L50, M|
|poke|p1|Tyranitar, L50, M|
|poke|p1|Mamoswine, L50, F|
|poke|p2|Sableye, L50, M|
|poke|p2|Archaludon, L50, F|
|poke|p2|Swampert, L50, M|
|poke|p2|Venusaur, L50, M|
|poke|p2|Gholdengo, L50|
|poke|p2|Pelipper, L50, F|
|teampreview|4
|showteam|p1|Charizard||CharizarditeY|Blaze|Protect,SolarBeam,HeatWave,AirSlash|Modest||F|||50|]Venusaur||WideLens|Chlorophyll|Protect,GigaDrain,EarthPower,SleepPowder|Modest||M|||50|]Whimsicott||FocusSash|Prankster|Protect,Moonblast,Tailwind,Encore|Timid||F|||50|]Basculegion||MysticWater|Adaptability|Protect,AquaJet,WaveCrash,LastRespects|Adamant||M|||50|]Tyranitar||Tyranitarite|SandStream|Protect,RockSlide,KnockOff,LowKick|Adamant||M|||50|]Mamoswine||LifeOrb|Oblivious|Protect,HighHorsepower,RockSlide,IceShard|Adamant||F|||50|
|showteam|p2|Sableye||RoseliBerry|Prankster|Reflect,LightScreen,RainDance,FoulPlay|Relaxed||M|||50|]Archaludon||Leftovers|Stamina|ElectroShot,FlashCannon,DragonPulse,Protect|Modest||F|||50|]Swampert||Swampertite|Torrent|HighHorsepower,RockSlide,WaveCrash,Protect|Adamant||M|||50|]Venusaur||Venusaurite|Chlorophyll|GigaDrain,SludgeBomb,EarthPower,Protect|Modest||M|||50|]Gholdengo||LifeOrb|GoodasGold|MakeItRain,ShadowBall,NastyPlot,Protect|Timid|||||50|]Pelipper||FocusSash|Drizzle|Tailwind,WeatherBall,WideGuard,Hurricane|Modest||F|||50|
|
|t:|1784278602
|teamsize|p1|4
|teamsize|p2|4
|start
|switch|p1a: Mamoswine|Mamoswine, L50, F|100/100
|switch|p1b: Venusaur|Venusaur, L50, M, shiny|100/100
|switch|p2a: Venusaur|Venusaur, L50, M|100/100
|switch|p2b: Gholdengo|Gholdengo, L50|100/100
|turn|1
|
|t:|1784278622
|detailschange|p2a: Venusaur|Venusaur-Mega, L50, M
|-mega|p2a: Venusaur|Venusaur|Venusaurite
|move|p1a: Mamoswine|Protect|p1a: Mamoswine
|-singleturn|p1a: Mamoswine|Protect
|move|p2b: Gholdengo|Make It Rain|p1a: Mamoswine|[spread] p1b
|-activate|p1a: Mamoswine|move: Protect
|-damage|p1b: Venusaur|38/100
|-unboost|p2b: Gholdengo|spa|2
|-damage|p2b: Gholdengo|90/100|[from] item: Life Orb
|move|p1b: Venusaur|Earth Power|p2b: Gholdengo
|-supereffective|p2b: Gholdengo|1
|-damage|p2b: Gholdengo|30/100
|move|p2a: Venusaur|Giga Drain|p1a: Mamoswine
|-activate|p1a: Mamoswine|move: Protect
|
|upkeep
|turn|2
|
|t:|1784278645
|switch|p2b: Sableye|Sableye, L50, M|100/100
|switch|p1a: Charizard|Charizard, L50, F, shiny|100/100
|move|p1b: Venusaur|Protect|p1b: Venusaur
|-singleturn|p1b: Venusaur|Protect
|move|p2a: Venusaur|Protect||[still]
|-fail|p2a: Venusaur
|
|upkeep
|turn|3
|
|t:|1784278662
|detailschange|p1a: Charizard|Charizard-Mega-Y, L50, F, shiny
|-mega|p1a: Charizard|Charizard|Charizardite Y
|-weather|SunnyDay|[from] ability: Drought|[of] p1a: Charizard
|move|p2b: Sableye|Rain Dance|p2b: Sableye
|-weather|RainDance
|move|p1a: Charizard|Air Slash|p2a: Venusaur
|-supereffective|p2a: Venusaur|1
|-damage|p2a: Venusaur|26/100
|move|p1b: Venusaur|Sleep Powder|p2b: Sableye
|-status|p2b: Sableye|slp|[from] move: Sleep Powder
|move|p2a: Venusaur|Sludge Bomb|p1b: Venusaur
|-damage|p1b: Venusaur|0 fnt
|faint|p1b: Venusaur
|
|-weather|RainDance|[upkeep]
|upkeep
|
|t:|1784278684
|switch|p1b: Whimsicott|Whimsicott, L50, F, shiny|100/100
|turn|4
|
|t:|1784278694
|switch|p2a: Archaludon|Archaludon, L50, F|100/100
|cant|p2b: Sableye|slp
|move|p1b: Whimsicott|Moonblast|p2b: Sableye
|-supereffective|p2b: Sableye|1
|-enditem|p2b: Sableye|Roseli Berry|[eat]
|-enditem|p2b: Sableye|Roseli Berry|[weaken]
|-damage|p2b: Sableye|52/100 slp
|move|p1a: Charizard|Air Slash|p2a: Archaludon
|-resisted|p2a: Archaludon|1
|-damage|p2a: Archaludon|76/100
|-ability|p2a: Archaludon|Stamina|boost
|-boost|p2a: Archaludon|def|1
|
|-weather|RainDance|[upkeep]
|-heal|p2a: Archaludon|82/100|[from] item: Leftovers
|upkeep
|turn|5
|
|t:|1784278715
|switch|p1a: Mamoswine|Mamoswine, L50, F|100/100
|-curestatus|p2b: Sableye|slp|[msg]
|move|p2b: Sableye|Light Screen|p2b: Sableye
|-sidestart|p2: Ganondorth|move: Light Screen
|move|p1b: Whimsicott|Moonblast|p2b: Sableye
|-supereffective|p2b: Sableye|1
|-damage|p2b: Sableye|0 fnt
|faint|p2b: Sableye
|move|p2a: Archaludon|Flash Cannon|p1a: Mamoswine
|-supereffective|p1a: Mamoswine|1
|-damage|p1a: Mamoswine|0 fnt
|faint|p1a: Mamoswine
|
|-weather|RainDance|[upkeep]
|-heal|p2a: Archaludon|88/100|[from] item: Leftovers
|upkeep
|
|t:|1784278731
|switch|p1a: Charizard|Charizard-Mega-Y, L50, F, shiny|100/100
|switch|p2b: Venusaur|Venusaur-Mega, L50, M|26/100
|-weather|SunnyDay|[from] ability: Drought|[of] p1a: Charizard
|turn|6
|
|t:|1784278747
|move|p1b: Whimsicott|Encore|p2a: Archaludon
|-start|p2a: Archaludon|Encore
|move|p1a: Charizard|Heat Wave|p2b: Venusaur|[spread] p2b
|-miss|p1a: Charizard|p2a: Archaludon
|-supereffective|p2b: Venusaur|1
|-damage|p2b: Venusaur|0 fnt
|faint|p2b: Venusaur
|move|p2a: Archaludon|Flash Cannon|p1b: Whimsicott
|-supereffective|p1b: Whimsicott|1
|-enditem|p1b: Whimsicott|Focus Sash
|-damage|p1b: Whimsicott|1/100
|
|-weather|SunnyDay|[upkeep]
|-heal|p2a: Archaludon|94/100|[from] item: Leftovers
|upkeep
|
|t:|1784278760
|switch|p2b: Gholdengo|Gholdengo, L50|30/100
|turn|7
|
|t:|1784278771
|move|p1b: Whimsicott|Tailwind|p1b: Whimsicott
|-sidestart|p1: CaratroncoSun|move: Tailwind
|move|p1a: Charizard|Heat Wave|p2b: Gholdengo|[spread] p2a,p2b
|-supereffective|p2b: Gholdengo|1
|-damage|p2a: Archaludon|49/100
|-damage|p2b: Gholdengo|0 fnt
|-status|p2a: Archaludon|brn
|-ability|p2a: Archaludon|Stamina|boost
|-boost|p2a: Archaludon|def|1
|faint|p2b: Gholdengo
|move|p2a: Archaludon|Flash Cannon|p1a: Charizard
|-resisted|p1a: Charizard|1
|-damage|p1a: Charizard|81/100
|
|-weather|SunnyDay|[upkeep]
|-heal|p2a: Archaludon|55/100 brn|[from] item: Leftovers
|-damage|p2a: Archaludon|49/100 brn|[from] brn
|upkeep
|turn|8
|-message|Ganondorth forfeited.
|
|win|CaratroncoSun
