|j|Ōśåcamala64
|j|ŌśåAthenaStrive9
|html|camala64AthenaStrive9    
|uhtml|bestof|Game 1 of a best-of-3
|t:|1757781364
|gametype|doubles
|player|p1|camala64|265|
|player|p2|AthenaStrive9|nancy|
|gen|9
|tier|[Gen 9] VGC 2025 Reg H (Bo3)
|rule|Species Clause: Limit one of each Pok├®mon
|rule|Item Clause: Limit 1 of each item
|clearpoke
|poke|p1|Kommo-o, L50, M|
|poke|p1|Sinistcha, L50|
|poke|p1|Incineroar, L50, F|
|poke|p1|Sneasler, L50, M|
|poke|p1|Ursaluna, L50, M|
|poke|p1|Kilowattrel, L50, M|
|poke|p2|Hydreigon, L50, M|
|poke|p2|Sneasler, L50, F|
|poke|p2|Araquanid, L50, F|
|poke|p2|Indeedee, L50, M|
|poke|p2|Dragonite, L50, F|
|poke|p2|Gholdengo, L50|
|teampreview|4
|showteam|p1|Kommo-o||ThroatSpray|Soundproof|Flamethrower,ClangingScales,ClangorousSoul,Protect|||M|||50|,,,,,Fire]Sinistcha||SitrusBerry|Hospitality|ShadowBall,RagePowder,LifeDew,TrickRoom||||||50|,,,,,Fairy]Incineroar||SafetyGoggles|Intimidate|FakeOut,KnockOff,PartingShot,FlareBlitz|||F|||50|,,,,,Water]Sneasler||WhiteHerb|Unburden|DireClaw,CloseCombat,FakeOut,Protect|||M|||50|,,,,,Stellar]Ursaluna||FlameOrb|Guts|HeadlongRush,Facade,Earthquake,Protect|||M|||50|,,,,,Ghost]Kilowattrel||FocusSash|Competitive|Thunderbolt,AirSlash,Tailwind,Protect|||M|||50|,,,,,Ghost
|showteam|p2|Hydreigon||LifeOrb|Levitate|Protect,DarkPulse,DracoMeteor,Snarl|||M|||50|,,,,,Poison]Sneasler||PsychicSeed|Unburden|Protect,CloseCombat,DireClaw,Coaching|||F|||50|,,,,,Ghost]Araquanid||MysticWater|WaterBubble|Protect,Liquidation,LeechLife,WideGuard|||F|||50|,,,,,Water]Indeedee||ChoiceScarf|PsychicSurge|ExpandingForce,TeraBlast,AfterYou,Trick|||M|||50|,,,,,Psychic]Dragonite||LoadedDice|Multiscale|Protect,ScaleShot,Tailwind,Haze|||F|||50|,,,,,Fairy]Gholdengo||MetalCoat|GoodasGold|Protect,MakeItRain,ShadowBall,NastyPlot||||||50|,,,,,Water
|c|Ōśåcamala64|Glhf
|c|ŌśåAthenaStrive9|idk how to feel about the changes to my team
|c|ŌśåAthenaStrive9|u2
|j| Culley
|
|t:|1757781432
|teamsize|p1|4
|teamsize|p2|4
|start
|switch|p1a: Ursaluna|Ursaluna, L50, M, shiny|100/100
|switch|p1b: Incineroar|Incineroar, L50, F, shiny|100/100
|switch|p2a: Indeedee|Indeedee, L50, M|100/100
|switch|p2b: Sneasler|Sneasler, L50, F|100/100
|-fieldstart|move: Psychic Terrain|[from] ability: Psychic Surge|[of] p2a: Indeedee
|-enditem|p2b: Sneasler|Psychic Seed
|-boost|p2b: Sneasler|spd|1|[from] item: Psychic Seed
|-ability|p1b: Incineroar|Intimidate|boost
|-unboost|p2a: Indeedee|atk|1
|-unboost|p2b: Sneasler|atk|1
|turn|1
|j| camdeeni
|c| camdeeni|Hello
|c|Ōśåcamala64|After you over protect
|c|Ōśåcamala64|Is a tech
|c|ŌśåAthenaStrive9|idk it's a scarf set
|c|ŌśåAthenaStrive9|So I figured why not fast spider
|c|ŌśåAthenaStrive9|if need be
|
|t:|1757781487
|switch|p2a: Araquanid|Araquanid, L50, F|100/100
|move|p1a: Ursaluna|Protect|p1a: Ursaluna
|-singleturn|p1a: Ursaluna|Protect
|move|p2b: Sneasler|Coaching|p2a: Araquanid
|-boost|p2a: Araquanid|atk|1
|-boost|p2a: Araquanid|def|1
|move|p1b: Incineroar|Parting Shot|p2a: Araquanid
|-unboost|p2a: Araquanid|atk|1
|-unboost|p2a: Araquanid|spa|1
|
|t:|1757781499
|switch|p1b: Sinistcha|Sinistcha, L50, shiny|100/100|[from] Parting Shot
|
|-status|p1a: Ursaluna|brn|[from] item: Flame Orb
|upkeep
|turn|2
|l| camdeeni
|
|t:|1757781561
|-terastallize|p1a: Ursaluna|Ghost
|move|p2a: Araquanid|Protect|p2a: Araquanid
|-singleturn|p2a: Araquanid|Protect
|move|p2b: Sneasler|Coaching|p2a: Araquanid
|-boost|p2a: Araquanid|atk|1
|-boost|p2a: Araquanid|def|1
|move|p1a: Ursaluna|Earthquake|p2a: Araquanid|[spread] p1b,p2b
|-activate|p2a: Araquanid|move: Protect
|-resisted|p1b: Sinistcha
|-supereffective|p2b: Sneasler
|-damage|p1b: Sinistcha|73/100
|-damage|p2b: Sneasler|0 fnt
|faint|p2b: Sneasler
|move|p1b: Sinistcha|Trick Room|p1b: Sinistcha
|-fieldstart|move: Trick Room|[of] p1b: Sinistcha
|
|-damage|p1a: Ursaluna|95/100 brn|[from] brn
|upkeep
|c|ŌśåAthenaStrive9|I forgot I am no longer sash
|j| 21Kieran
|
|t:|1757781575
|switch|p2b: Dragonite|Dragonite, L50, F|100/100
|turn|3
|c| 21Kieran|goob
|c| 21Kieran|no p2 fake tem
|c|ŌśåAthenaStrive9|p2 did nothing for me
|
|t:|1757781610
|switch|p1a: Incineroar|Incineroar, L50, F, shiny|100/100
|-ability|p1a: Incineroar|Intimidate|boost
|-unboost|p2a: Araquanid|atk|1
|-unboost|p2b: Dragonite|atk|1
|move|p2a: Araquanid|Liquidation|p1a: Incineroar
|-supereffective|p1a: Incineroar
|-damage|p1a: Incineroar|0 fnt
|faint|p1a: Incineroar
|move|p1b: Sinistcha|Shadow Ball|p2b: Dragonite
|-damage|p2b: Dragonite|83/100
|-unboost|p2b: Dragonite|spd|1
|move|p2b: Dragonite|Scale Shot|p1b: Sinistcha
|-damage|p1b: Sinistcha|63/100
|-damage|p1b: Sinistcha|53/100
|-damage|p1b: Sinistcha|44/100
|-enditem|p1b: Sinistcha|Sitrus Berry|[eat]
|-heal|p1b: Sinistcha|69/100|[from] item: Sitrus Berry
|-damage|p1b: Sinistcha|58/100
|-damage|p1b: Sinistcha|48/100
|-hitcount|p1b: Sinistcha|5
|-unboost|p2b: Dragonite|def|1
|-boost|p2b: Dragonite|spe|1
|
|upkeep
|c| 21Kieran|i meant camala lol
|
|t:|1757781632
|switch|p1a: Ursaluna|Ursaluna, L50, M, shiny, tera:Ghost|95/100 brn
|turn|4
|
|t:|1757781669
|move|p2b: Dragonite|Protect|p2b: Dragonite
|-singleturn|p2b: Dragonite|Protect
|move|p2a: Araquanid|Liquidation|p1a: Ursaluna
|-damage|p1a: Ursaluna|44/100 brn
|move|p1b: Sinistcha|Life Dew|p1b: Sinistcha|[spread] p1a,p1b
|-heal|p1a: Ursaluna|70/100 brn
|-heal|p1b: Sinistcha|73/100
|move|p1a: Ursaluna|Facade|p2a: Araquanid
|-damage|p2a: Araquanid|43/100
|
|-damage|p1a: Ursaluna|64/100 brn|[from] brn
|upkeep
|turn|5
|
|t:|1757781686
|move|p1b: Sinistcha|Rage Powder|p1b: Sinistcha
|-singleturn|p1b: Sinistcha|move: Rage Powder
|move|p2a: Araquanid|Liquidation|p1b: Sinistcha
|-resisted|p1b: Sinistcha
|-damage|p1b: Sinistcha|41/100
|move|p1a: Ursaluna|Facade|p2b: Dragonite
|-damage|p2b: Dragonite|0 fnt
|faint|p2b: Dragonite
|
|-damage|p1a: Ursaluna|58/100 brn|[from] brn
|-fieldend|move: Psychic Terrain
|upkeep
|j| camdeeni
|
|t:|1757781696
|switch|p2b: Indeedee|Indeedee, L50, M|100/100
|-fieldstart|move: Psychic Terrain|[from] ability: Psychic Surge|[of] p2b: Indeedee
|turn|6
|
|t:|1757781703
|move|p1b: Sinistcha|Rage Powder|p1b: Sinistcha
|-singleturn|p1b: Sinistcha|move: Rage Powder
|move|p2a: Araquanid|Liquidation|p1b: Sinistcha
|-resisted|p1b: Sinistcha
|-damage|p1b: Sinistcha|11/100
|move|p1a: Ursaluna|Facade|p2b: Indeedee
|-damage|p2b: Indeedee|0 fnt
|faint|p2b: Indeedee
|
|-damage|p1a: Ursaluna|52/100 brn|[from] brn
|-fieldend|move: Trick Room
|upkeep
|turn|7
|-message|AthenaStrive9 forfeited.
|
|win|camala64
|l|ŌśåAthenaStrive9
|player|p2|
||AthenaStrive9 is ready for game 2.
||camala64 is ready for game 2.
|uhtml|next|Next: Game 2 of 3
|l| Culley
|l| camdeeni
