|j|☆anivgc
|j|☆OhNoValentine
|html|anivgcOhNoValentine    
|uhtml|bestof|Game 1 of a best-of-3
|t:|1756829284
|gametype|doubles
|player|p1|anivgc|dawn|1302
|player|p2|OhNoValentine|2|1219
|gen|9
|tier|[Gen 9] VGC 2025 Reg H (Bo3)
|rated|
|rule|Species Clause: Limit one of each Pokémon
|rule|Item Clause: Limit 1 of each item
|clearpoke
|poke|p1|Garchomp, L50, M|
|poke|p1|Tyranitar, L50, M|
|poke|p1|Gholdengo, L50|
|poke|p1|Sneasler, L50, F|
|poke|p1|Incineroar, L50, M|
|poke|p1|Corviknight, L50, M|
|poke|p2|Talonflame, L50, F|
|poke|p2|Rillaboom, L50, F|
|poke|p2|Primarina, L50, F|
|poke|p2|Sneasler, L50, M|
|poke|p2|Dragonite, L50, M|
|poke|p2|Gholdengo, L50|
|teampreview|4
|showteam|p1|Garchomp||ClearAmulet|RoughSkin|Earthquake,DragonClaw,StompingTantrum,Protect|||M|||50|,,,,,Steel]Tyranitar||AssaultVest|SandStream|RockSlide,KnockOff,TeraBlast,LowKick|||M|||50|,,,,,Flying]Gholdengo||LifeOrb|GoodasGold|MakeItRain,ShadowBall,NastyPlot,Protect||||||50|,,,,,Water]Sneasler||WhiteHerb|Unburden|DireClaw,CloseCombat,Coaching,Protect|||F|||50|,,,,,Ghost]Incineroar||SitrusBerry|Intimidate|FlareBlitz,WillOWisp,PartingShot,FakeOut|||M|||50|,,,,,Grass]Corviknight||CovertCloak|MirrorArmor|BraveBird,Taunt,Roost,Tailwind|||M|||50|,,,,,Dragon
|showteam|p2|Talonflame||CovertCloak|GaleWings|BraveBird,Tailwind,WillOWisp,Taunt|||F|||50|,,,,,Flying]Rillaboom||AssaultVest|GrassySurge|FakeOut,WoodHammer,Uturn,GrassyGlide|||F|||50|,,,,,Fire]Primarina||ThroatSpray|LiquidVoice|HyperVoice,Haze,Moonblast,Protect|||F|||50|,,,,,Steel]Sneasler||GrassySeed|Unburden|Protect,CloseCombat,DireClaw,ThroatChop|||M|||50|,,,,,Dark]Dragonite||ChoiceBand|InnerFocus|ExtremeSpeed,Outrage,IceSpinner,StompingTantrum|||M|||50|,,,,,Normal]Gholdengo||ChoiceSpecs|GoodasGold|ShadowBall,MakeItRain,PowerGem,Trick||||||50|,,,,,Steel
|
|t:|1756829347
|teamsize|p1|4
|teamsize|p2|4
|start
|switch|p1a: Gholdengo|Gholdengo, L50|100/100
|switch|p1b: Incineroar|Incineroar, L50, M|100/100
|switch|p2a: Talonflame|Talonflame, L50, F|100/100
|switch|p2b: Primarina|Primarina, L50, F|100/100
|-ability|p1b: Incineroar|Intimidate|boost
|-unboost|p2a: Talonflame|atk|1
|-unboost|p2b: Primarina|atk|1
|turn|1
|
|t:|1756829357
|switch|p2a: Sneasler|Sneasler, L50, M|100/100
|move|p1b: Incineroar|Fake Out|p2b: Primarina
|-damage|p2b: Primarina|87/100
|move|p1a: Gholdengo|Nasty Plot|p1a: Gholdengo
|-boost|p1a: Gholdengo|spa|2
|cant|p2b: Primarina|flinch
|
|upkeep
|turn|2
|
|t:|1756829379
|move|p1a: Gholdengo|Protect|p1a: Gholdengo
|-singleturn|p1a: Gholdengo|Protect
|move|p2a: Sneasler|Close Combat|p1b: Incineroar
|-supereffective|p1b: Incineroar
|-damage|p1b: Incineroar|0 fnt
|-unboost|p2a: Sneasler|def|1
|-unboost|p2a: Sneasler|spd|1
|faint|p1b: Incineroar
|move|p2b: Primarina|Haze|p2b: Primarina
|-clearallboost
|
|upkeep
|
|t:|1756829388
|switch|p1b: Corviknight|Corviknight, L50, M|100/100
|turn|3
|
|t:|1756829396
|-terastallize|p2a: Sneasler|Dark
|move|p2a: Sneasler|Throat Chop|p1a: Gholdengo
|-supereffective|p1a: Gholdengo
|-damage|p1a: Gholdengo|6/100
|-start|p1a: Gholdengo|Throat Chop|[silent]
|move|p1a: Gholdengo|Make It Rain|p2a: Sneasler|[spread] p2a,p2b
|-damage|p2a: Sneasler|19/100
|-damage|p2b: Primarina|41/100
|-unboost|p1a: Gholdengo|spa|1
|-damage|p1a: Gholdengo|0 fnt|[from] item: Life Orb
|faint|p1a: Gholdengo
|move|p1b: Corviknight|Tailwind|p1b: Corviknight
|-sidestart|p1: anivgc|move: Tailwind
|move|p2b: Primarina|Moonblast|p1b: Corviknight
|-resisted|p1b: Corviknight
|-damage|p1b: Corviknight|78/100
|
|upkeep
|
|t:|1756829403
|switch|p1a: Tyranitar|Tyranitar, L50, M|100/100
|-weather|Sandstorm|[from] ability: Sand Stream|[of] p1a: Tyranitar
|turn|4
|
|t:|1756829429
|switch|p2b: Rillaboom|Rillaboom, L50, F|100/100
|-fieldstart|move: Grassy Terrain|[from] ability: Grassy Surge|[of] p2b: Rillaboom
|-enditem|p2a: Sneasler|Grassy Seed
|-boost|p2a: Sneasler|def|1|[from] item: Grassy Seed
|-terastallize|p1a: Tyranitar|Flying
|move|p2a: Sneasler|Protect|p2a: Sneasler
|-singleturn|p2a: Sneasler|Protect
|move|p1a: Tyranitar|Tera Blast|p2b: Rillaboom|[anim] Tera Blast Flying
|-supereffective|p2b: Rillaboom
|-damage|p2b: Rillaboom|28/100
|move|p1b: Corviknight|Brave Bird|p2a: Sneasler
|-activate|p2a: Sneasler|move: Protect
|
|-weather|Sandstorm|[upkeep]
|-damage|p2a: Sneasler|13/100|[from] Sandstorm
|-damage|p1a: Tyranitar|94/100|[from] Sandstorm
|-damage|p2b: Rillaboom|22/100|[from] Sandstorm
|-heal|p2a: Sneasler|19/100|[from] Grassy Terrain
|-heal|p2b: Rillaboom|28/100|[from] Grassy Terrain
|upkeep
|turn|5
|
|t:|1756829447
|move|p2b: Rillaboom|Fake Out|p1a: Tyranitar
|-damage|p1a: Tyranitar|83/100
|move|p2a: Sneasler|Dire Claw|p1a: Tyranitar
|-damage|p1a: Tyranitar|46/100
|-status|p1a: Tyranitar|psn
|cant|p1a: Tyranitar|flinch
|move|p1b: Corviknight|Brave Bird|p2a: Sneasler
|-damage|p2a: Sneasler|0 fnt
|faint|p2a: Sneasler
|-damage|p1b: Corviknight|73/100|[from] Recoil
|
|-weather|Sandstorm|[upkeep]
|-damage|p1a: Tyranitar|40/100 psn|[from] Sandstorm
|-damage|p2b: Rillaboom|22/100|[from] Sandstorm
|-heal|p2b: Rillaboom|28/100|[from] Grassy Terrain
|-damage|p1a: Tyranitar|28/100 psn|[from] psn
|upkeep
|
|t:|1756829458
|switch|p2a: Primarina|Primarina, L50, F|41/100
|turn|6
|
|t:|1756829465
|move|p2a: Primarina|Protect|p2a: Primarina
|-singleturn|p2a: Primarina|Protect
|move|p2b: Rillaboom|Grassy Glide|p1a: Tyranitar
|-resisted|p1a: Tyranitar
|-damage|p1a: Tyranitar|14/100 psn
|move|p1a: Tyranitar|Tera Blast|p2a: Primarina|[anim] Tera Blast Flying
|-activate|p2a: Primarina|move: Protect
|move|p1b: Corviknight|Brave Bird|p2b: Rillaboom
|-supereffective|p2b: Rillaboom
|-damage|p2b: Rillaboom|0 fnt
|faint|p2b: Rillaboom
|-damage|p1b: Corviknight|64/100|[from] Recoil
|
|-weather|Sandstorm|[upkeep]
|-damage|p1a: Tyranitar|7/100 psn|[from] Sandstorm
|-damage|p2a: Primarina|35/100|[from] Sandstorm
|-heal|p2a: Primarina|41/100|[from] Grassy Terrain
|-damage|p1a: Tyranitar|0 fnt|[from] psn
|faint|p1a: Tyranitar
|-sideend|p1: anivgc|move: Tailwind
|upkeep
|
|t:|1756829475
|switch|p2b: Talonflame|Talonflame, L50, F|100/100
|turn|7
|
|t:|1756829479
|move|p2b: Talonflame|Will-O-Wisp|p1b: Corviknight
|-status|p1b: Corviknight|brn
|move|p1b: Corviknight|Brave Bird|p2a: Primarina
|-damage|p2a: Primarina|15/100
|-damage|p1b: Corviknight|56/100 brn|[from] Recoil
|move|p2a: Primarina|Hyper Voice|p1b: Corviknight
|-damage|p1b: Corviknight|18/100 brn
|-enditem|p2a: Primarina|Throat Spray
|-boost|p2a: Primarina|spa|1|[from] item: Throat Spray
|
|-weather|Sandstorm|[upkeep]
|-damage|p2b: Talonflame|95/100|[from] Sandstorm
|-damage|p2a: Primarina|9/100|[from] Sandstorm
|-heal|p2a: Primarina|15/100|[from] Grassy Terrain
|-damage|p1b: Corviknight|12/100 brn|[from] brn
|upkeep
|turn|8
|-message|anivgc forfeited.
|
|win|OhNoValentine
