|j|☆leejit
|j|☆fhdhshs
|html|leejitfhdhshs    
|uhtml|bestof|Game 1 of a best-of-3
|t:|1784827318
|gametype|doubles
|player|p1|leejit|170|1142
|player|p2|fhdhshs|1|1028
|gen|9
|tier|[Gen 9 Champions] VGC 2026 Reg M-B (Bo3)
|rated|
|rule|Species Clause: Limit one of each Pokémon
|rule|Item Clause: Limit 1 of each item
|clearpoke
|poke|p1|Tyranitar, L50, F|
|poke|p1|Excadrill, L50, M|
|poke|p1|Milotic, L50, M|
|poke|p1|Gholdengo, L50|
|poke|p1|Sinistcha, L50|
|poke|p1|Staraptor, L50, F|
|poke|p2|Malamar, L50, M|
|poke|p2|Gholdengo, L50|
|poke|p2|Palafin, L50, M|
|poke|p2|Ditto, L50|
|poke|p2|Quaquaval, L50, F|
|poke|p2|Meowscarada, L50, F|
|teampreview|4
|showteam|p1|Tyranitar||Tyranitarite|SandStream|KnockOff,RockSlide,HighHorsepower,Protect|Jolly||F|||50|]Excadrill||FocusSash|SandRush|HighHorsepower,IronHead,RockSlide,Protect|Jolly||M|||50|]Milotic||SitrusBerry|Competitive|Scald,IcyWind,Haze,Protect|Calm||M|||50|]Gholdengo||LifeOrb|GoodasGold|MakeItRain,ShadowBall,NastyPlot,Protect|Modest|||||50|]Sinistcha||ColburBerry|Hospitality|MatchaGotcha,ShadowBall,Protect,RagePowder|Bold|||||50|]Staraptor||Staraptite|Intimidate|CloseCombat,BraveBird,Tailwind,Protect|Jolly||F|||50|
|showteam|p2|Malamar||Malamarite|Contrary|Superpower,KnockOff,PsychoCut,Protect|Jolly||M|||50|]Gholdengo||LifeOrb|GoodasGold|MakeItRain,NastyPlot,Recover,ShadowBall|Timid|||||50|]Palafin||SitrusBerry|ZerotoHero|DrainPunch,FlipTurn,JetPunch,Acrobatics|Jolly||M|||50|]Ditto||Leftovers|Imposter|Transform|Bold|||||50|]Quaquaval||ExpertBelt|Moxie|AquaStep,BrickBreak,Roost,Detect|Jolly||F|||50|]Meowscarada||FocusSash|Protean|NastyPlot,ToxicSpikes,GigaDrain,DarkPulse|Timid||F|||50|
|
|t:|1784827390
|teamsize|p1|4
|teamsize|p2|4
|start
|switch|p1a: Staraptor|Staraptor, L50, F|100/100
|switch|p1b: Gholdengo|Gholdengo, L50|100/100
|switch|p2a: Palafin|Palafin, L50, M|100/100
|switch|p2b: Meowscarada|Meowscarada, L50, F|100/100
|-ability|p1a: Staraptor|Intimidate|boost
|-unboost|p2a: Palafin|atk|1
|-unboost|p2b: Meowscarada|atk|1
|turn|1
|
|t:|1784827427
|detailschange|p1a: Staraptor|Staraptor-Mega, L50, F
|-mega|p1a: Staraptor|Staraptor|Staraptite
|move|p2b: Meowscarada|Toxic Spikes|p1a: Staraptor
|-start|p2b: Meowscarada|typechange|Poison|[from] ability: Protean
|-sidestart|p1: leejit|move: Toxic Spikes
|move|p1a: Staraptor|Close Combat|p2b: Meowscarada
|-resisted|p2b: Meowscarada|1
|-damage|p2b: Meowscarada|58/100
|-boost|p1a: Staraptor|def|1
|-boost|p1a: Staraptor|spd|1
|move|p2a: Palafin|Flip Turn|p1b: Gholdengo
|-damage|p1b: Gholdengo|88/100
|
|t:|1784827440
|detailschange|p2a: Palafin|Palafin-Hero, L50, M
|switch|p2a: Ditto|Ditto, L50|100/100|[from] Flip Turn
|-transform|p2a: Ditto|p1b: Gholdengo|[from] ability: Imposter
|move|p1b: Gholdengo|Make It Rain|p2a: Ditto|[spread] p2a,p2b
|-resisted|p2a: Ditto|1
|-damage|p2a: Ditto|72/100
|-damage|p2b: Meowscarada|0 fnt
|-unboost|p1b: Gholdengo|spa|2
|faint|p2b: Meowscarada
|-damage|p1b: Gholdengo|78/100|[from] item: Life Orb
|
|-heal|p2a: Ditto|78/100|[from] item: Leftovers
|upkeep
|
|t:|1784827456
|switch|p2b: Palafin|Palafin-Hero, L50, M|100/100
|-activate|p2b: Palafin|ability: Zero to Hero
|turn|2
|
|t:|1784827479
|move|p2b: Palafin|Jet Punch|p1a: Staraptor
|-damage|p1a: Staraptor|77/100
|move|p1a: Staraptor|Tailwind|p1a: Staraptor
|-sidestart|p1: leejit|move: Tailwind
|move|p1b: Gholdengo|Shadow Ball|p2a: Ditto
|-supereffective|p2a: Ditto|1
|-damage|p2a: Ditto|17/100
|-damage|p1b: Gholdengo|69/100|[from] item: Life Orb
|move|p2a: Ditto|Nasty Plot|p2a: Ditto
|-boost|p2a: Ditto|spa|2
|
|-heal|p2a: Ditto|23/100|[from] item: Leftovers
|upkeep
|turn|3
|
|t:|1784827500
|move|p2a: Ditto|Protect|p2a: Ditto
|-singleturn|p2a: Ditto|Protect
|move|p2b: Palafin|Jet Punch|p1b: Gholdengo
|-damage|p1b: Gholdengo|35/100
|move|p1a: Staraptor|Close Combat|p2b: Palafin
|-damage|p2b: Palafin|42/100
|-boost|p1a: Staraptor|def|1
|-boost|p1a: Staraptor|spd|1
|-enditem|p2b: Palafin|Sitrus Berry|[eat]
|-heal|p2b: Palafin|67/100|[from] item: Sitrus Berry
|move|p1b: Gholdengo|Shadow Ball|p2a: Ditto
|-activate|p2a: Ditto|move: Protect
|
|-heal|p2a: Ditto|29/100|[from] item: Leftovers
|upkeep
|turn|4
|
|t:|1784827540
|move|p1a: Staraptor|Close Combat|p2b: Palafin
|-damage|p2b: Palafin|4/100
|-boost|p1a: Staraptor|def|1
|-boost|p1a: Staraptor|spd|1
|move|p1b: Gholdengo|Shadow Ball|p2a: Ditto
|-supereffective|p2a: Ditto|1
|-damage|p2a: Ditto|0 fnt
|faint|p2a: Ditto
|-damage|p1b: Gholdengo|25/100|[from] item: Life Orb
|move|p2b: Palafin|Acrobatics|p1a: Staraptor
|-supereffective|p1a: Staraptor|1
|-damage|p1a: Staraptor|44/100
|
|upkeep
|
|t:|1784827552
|switch|p2a: Malamar|Malamar, L50, M|100/100
|turn|5
|
|t:|1784827564
|switch|p1b: Sinistcha|Sinistcha, L50|100/100
|-status|p1b: Sinistcha|psn
|-heal|p1a: Staraptor|69/100|[from] ability: Hospitality|[of] p1b: Sinistcha
|detailschange|p2a: Malamar|Malamar-Mega, L50, M
|-mega|p2a: Malamar|Malamar|Malamarite
|move|p2b: Palafin|Jet Punch|p1a: Staraptor
|-damage|p1a: Staraptor|54/100
|move|p1a: Staraptor|Close Combat|p2b: Palafin
|-damage|p2b: Palafin|0 fnt
|-boost|p1a: Staraptor|def|1
|-boost|p1a: Staraptor|spd|1
|faint|p2b: Palafin
|move|p2a: Malamar|Knock Off|p1b: Sinistcha
|-supereffective|p1b: Sinistcha|1
|-enditem|p1b: Sinistcha|Colbur Berry|[eat]
|-enditem|p1b: Sinistcha|Colbur Berry|[weaken]
|-damage|p1b: Sinistcha|65/100 psn
|
|-damage|p1b: Sinistcha|53/100 psn|[from] psn
|-sideend|p1: leejit|move: Tailwind
|upkeep
|turn|6
|
|t:|1784827586
|move|p1b: Sinistcha|Rage Powder|p1b: Sinistcha
|-singleturn|p1b: Sinistcha|move: Rage Powder
|move|p1a: Staraptor|Close Combat|p2a: Malamar
|-damage|p2a: Malamar|27/100
|-boost|p1a: Staraptor|def|1
|-boost|p1a: Staraptor|spd|1
|move|p2a: Malamar|Psycho Cut|p1b: Sinistcha
|-damage|p1b: Sinistcha|28/100 psn
|
|-damage|p1b: Sinistcha|16/100 psn|[from] psn
|upkeep
|turn|7
|
|t:|1784827597
|move|p1b: Sinistcha|Rage Powder|p1b: Sinistcha
|-singleturn|p1b: Sinistcha|move: Rage Powder
|move|p1a: Staraptor|Close Combat|p2a: Malamar
|-damage|p2a: Malamar|0 fnt
|-boost|p1a: Staraptor|def|1
|-boost|p1a: Staraptor|spd|1
|faint|p2a: Malamar
|
|win|leejit
