|j|☆nice_flop
|j|☆cm3112
|html|nice_flopcm3112    
|uhtml|bestof|Game 1 of a best-of-3
|t:|1757935926
|gametype|doubles
|player|p1|nice_flop|266|1354
|player|p2|cm3112|2|1420
|gen|9
|tier|[Gen 9] VGC 2025 Reg H (Bo3)
|rated|
|rule|Species Clause: Limit one of each Pokémon
|rule|Item Clause: Limit 1 of each item
|clearpoke
|poke|p1|Malamar, L50, M|
|poke|p1|Rillaboom, L50, M|
|poke|p1|Incineroar, L50, M|
|poke|p1|Primarina, L50, M|
|poke|p1|Pelipper, L50, F|
|poke|p1|Archaludon, L50, M|
|poke|p2|Archaludon, L50, M|
|poke|p2|Maushold-Four, L50|
|poke|p2|Pelipper, L50, M|
|poke|p2|Basculegion, L50, M|
|poke|p2|Incineroar, L50, F|
|poke|p2|Dragonite, L50, F|
|teampreview|4
|showteam|p1|Malamar||SitrusBerry|Contrary|Protect,TopsyTurvy,KnockOff,Superpower|||M|||50|,,,,,Ghost]Rillaboom||MiracleSeed|GrassySurge|Protect,FakeOut,GrassyGlide,WoodHammer|||M|||50|,,,,,Grass]Incineroar||SafetyGoggles|Intimidate|PartingShot,FakeOut,KnockOff,FlareBlitz|||M|||50|,,,,,Ghost]Primarina||Leftovers|LiquidVoice|Protect,TeraBlast,Moonblast,HyperVoice|||M|||50|,,,,,Steel]Pelipper||FocusSash|Drizzle|Protect,Tailwind,WeatherBall,Hurricane|||F|||50|,,,,,Ghost]Archaludon||AssaultVest|Stamina|BodyPress,ElectroShot,FlashCannon,DracoMeteor|||M|||50|,,,,,Fairy
|showteam|p2|Archaludon||AssaultVest|Stamina|Snarl,ElectroShot,DracoMeteor,BodyPress|||M|||50|,,,,,Fairy]Maushold-Four||WideLens|Technician|PopulationBomb,Taunt,FollowMe,Protect||||||50|,,,,,Ghost]Pelipper||FocusSash|Drizzle|MuddyWater,Hurricane,WideGuard,Protect|||M|||50|,,,,,Grass]Basculegion||ChoiceBand|SwiftSwim|WaveCrash,FlipTurn,AquaJet,LastRespects|||M|||50|,,,,,Grass]Incineroar||SafetyGoggles|Intimidate|FakeOut,PartingShot,KnockOff,WillOWisp|||F|||50|,,,,,Bug]Dragonite||LoadedDice|InnerFocus|ScaleShot,Tailwind,Haze,Protect|||F|||50|,,,,,Dark
|inactive|Battle timer is ON: inactive players will automatically lose when time's up. (requested by nice_flop)
|inactive|cm3112 has 60 seconds left.
|
|t:|1757935976
|teamsize|p1|4
|teamsize|p2|4
|start
|switch|p1a: Incineroar|Incineroar, L50, M|100/100
|switch|p1b: Malamar|Malamar, L50, M|100/100
|switch|p2a: Dragonite|Dragonite, L50, F|100/100
|switch|p2b: Archaludon|Archaludon, L50, M|100/100
|-ability|p1a: Incineroar|Intimidate|boost
|-fail|p2a: Dragonite|unboost|Attack|[from] ability: Inner Focus|[of] p2a: Dragonite
|-unboost|p2b: Archaludon|atk|1
|turn|1
|inactive|nice_flop has 30 seconds left.
|inactive|cm3112 has 30 seconds left.
|
|t:|1757936008
|move|p2a: Dragonite|Scale Shot|p1a: Incineroar
|-damage|p1a: Incineroar|86/100
|-damage|p1a: Incineroar|72/100
|-damage|p1a: Incineroar|59/100
|-damage|p1a: Incineroar|45/100
|-damage|p1a: Incineroar|29/100
|-hitcount|p1a: Incineroar|5
|-unboost|p2a: Dragonite|def|1
|-boost|p2a: Dragonite|spe|1
|move|p1b: Malamar|Superpower|p2a: Dragonite
|-resisted|p2a: Dragonite
|-damage|p2a: Dragonite|80/100
|-boost|p1b: Malamar|atk|1
|-boost|p1b: Malamar|def|1
|move|p2b: Archaludon|Body Press|p1a: Incineroar
|-supereffective|p1a: Incineroar
|-damage|p1a: Incineroar|0 fnt
|faint|p1a: Incineroar
|
|upkeep
|
|t:|1757936028
|switch|p1a: Archaludon|Archaludon, L50, M|100/100
|turn|2
|inactive|cm3112 has 30 seconds left.
|
|t:|1757936059
|-terastallize|p2b: Archaludon|Fairy
|move|p2a: Dragonite|Tailwind|p2a: Dragonite
|-sidestart|p2: cm3112|move: Tailwind
|move|p2b: Archaludon|Snarl|p1a: Archaludon|[spread] p1a,p1b
|-damage|p1a: Archaludon|90/100
|-damage|p1b: Malamar|88/100
|-unboost|p1a: Archaludon|spa|1
|-boost|p1b: Malamar|spa|1
|-ability|p1a: Archaludon|Stamina|boost
|-boost|p1a: Archaludon|def|1
|move|p1b: Malamar|Knock Off|p2a: Dragonite
|-damage|p2a: Dragonite|6/100
|-enditem|p2a: Dragonite|Loaded Dice|[from] move: Knock Off|[of] p1b: Malamar
|move|p1a: Archaludon|Draco Meteor|p2b: Archaludon
|-immune|p2b: Archaludon
|
|upkeep
|turn|3
|inactive|nice_flop has 30 seconds left.
|inactive|cm3112 has 30 seconds left.
|inactive|cm3112 has 20 seconds left.
|inactive|nice_flop has 20 seconds left.
|inactive|cm3112 has 15 seconds left.
|inactive|nice_flop has 15 seconds left.
|
|t:|1757936106
|switch|p2a: Pelipper|Pelipper, L50, M|100/100
|-weather|RainDance|[from] ability: Drizzle|[of] p2a: Pelipper
|move|p2b: Archaludon|Electro Shot||[still]
|-prepare|p2b: Archaludon|Electro Shot
|-boost|p2b: Archaludon|spa|1
|-anim|p2b: Archaludon|Electro Shot|p1b: Malamar
|-damage|p1b: Malamar|27/100
|-enditem|p1b: Malamar|Sitrus Berry|[eat]
|-heal|p1b: Malamar|52/100|[from] item: Sitrus Berry
|move|p1b: Malamar|Superpower|p2a: Pelipper
|-resisted|p2a: Pelipper
|-damage|p2a: Pelipper|75/100
|-boost|p1b: Malamar|atk|1
|-boost|p1b: Malamar|def|1
|move|p1a: Archaludon|Flash Cannon|p2a: Pelipper
|-resisted|p2a: Pelipper
|-damage|p2a: Pelipper|50/100
|-unboost|p2a: Pelipper|spd|1
|
|-weather|RainDance|[upkeep]
|upkeep
|turn|4
|inactive|nice_flop has 30 seconds left.
|inactive|nice_flop has 20 seconds left.
|inactive|cm3112 has 30 seconds left.
|
|t:|1757936145
|move|p1b: Malamar|Protect|p1b: Malamar
|-singleturn|p1b: Malamar|Protect
|move|p2a: Pelipper|Hurricane|p1b: Malamar
|-activate|p1b: Malamar|move: Protect
|move|p2b: Archaludon|Snarl|p1b: Malamar|[spread] p1a
|-activate|p1b: Malamar|move: Protect
|-damage|p1a: Archaludon|73/100
|-unboost|p1a: Archaludon|spa|1
|-ability|p1a: Archaludon|Stamina|boost
|-boost|p1a: Archaludon|def|1
|move|p1a: Archaludon|Electro Shot||[still]
|-prepare|p1a: Archaludon|Electro Shot
|-boost|p1a: Archaludon|spa|1
|-anim|p1a: Archaludon|Electro Shot|p2a: Pelipper
|-supereffective|p2a: Pelipper
|-damage|p2a: Pelipper|0 fnt
|faint|p2a: Pelipper
|
|-weather|RainDance|[upkeep]
|upkeep
|
|t:|1757936167
|switch|p2a: Maushold|Maushold-Four, L50|100/100
|turn|5
|
|t:|1757936188
|move|p2a: Maushold|Protect|p2a: Maushold
|-singleturn|p2a: Maushold|Protect
|move|p2b: Archaludon|Electro Shot||[still]
|-prepare|p2b: Archaludon|Electro Shot
|-boost|p2b: Archaludon|spa|1
|-anim|p2b: Archaludon|Electro Shot|p1b: Malamar
|-damage|p1b: Malamar|0 fnt
|faint|p1b: Malamar
|move|p1a: Archaludon|Body Press|p2a: Maushold
|-activate|p2a: Maushold|move: Protect
|
|-weather|RainDance|[upkeep]
|-sideend|p2: cm3112|move: Tailwind
|upkeep
|
|t:|1757936201
|switch|p1b: Rillaboom|Rillaboom, L50, M|100/100
|-fieldstart|move: Grassy Terrain|[from] ability: Grassy Surge|[of] p1b: Rillaboom
|turn|6
|inactive|nice_flop has 30 seconds left.
|
|t:|1757936228
|-terastallize|p1a: Archaludon|Fairy
|move|p1b: Rillaboom|Fake Out|p2a: Maushold
|-damage|p2a: Maushold|74/100
|cant|p2a: Maushold|flinch
|move|p1a: Archaludon|Electro Shot||[still]
|-prepare|p1a: Archaludon|Electro Shot
|-boost|p1a: Archaludon|spa|1
|-anim|p1a: Archaludon|Electro Shot|p2a: Maushold
|-damage|p2a: Maushold|3/100
|move|p2b: Archaludon|Snarl|p1b: Rillaboom|[spread] p1a,p1b
|-resisted|p1a: Archaludon
|-damage|p1a: Archaludon|62/100
|-damage|p1b: Rillaboom|66/100
|-unboost|p1a: Archaludon|spa|1
|-unboost|p1b: Rillaboom|spa|1
|-ability|p1a: Archaludon|Stamina|boost
|-boost|p1a: Archaludon|def|1
|
|-weather|RainDance|[upkeep]
|-heal|p2a: Maushold|9/100|[from] Grassy Terrain
|-heal|p1b: Rillaboom|72/100|[from] Grassy Terrain
|-heal|p1a: Archaludon|69/100|[from] Grassy Terrain
|upkeep
|turn|7
|inactive|nice_flop has 30 seconds left.
|inactive|cm3112 has 30 seconds left.
|inactive|nice_flop has 20 seconds left.
|
|t:|1757936263
|move|p1b: Rillaboom|Grassy Glide|p2a: Maushold
|-damage|p2a: Maushold|0 fnt
|faint|p2a: Maushold
|move|p1a: Archaludon|Electro Shot||[still]
|-prepare|p1a: Archaludon|Electro Shot
|-boost|p1a: Archaludon|spa|1
|-anim|p1a: Archaludon|Electro Shot|p2b: Archaludon
|-damage|p2b: Archaludon|64/100
|-ability|p2b: Archaludon|Stamina|boost
|-boost|p2b: Archaludon|def|1
|move|p2b: Archaludon|Electro Shot||[still]
|-prepare|p2b: Archaludon|Electro Shot
|-boost|p2b: Archaludon|spa|1
|-anim|p2b: Archaludon|Electro Shot|p1a: Archaludon
|-damage|p1a: Archaludon|0 fnt
|faint|p1a: Archaludon
|
|-weather|none
|-heal|p1b: Rillaboom|78/100|[from] Grassy Terrain
|-heal|p2b: Archaludon|70/100|[from] Grassy Terrain
|upkeep
|
|t:|1757936266
|switch|p2a: Dragonite|Dragonite, L50, F|6/100
|turn|8
|
|t:|1757936286
|move|p1b: Rillaboom|Grassy Glide|p2a: Dragonite
|-resisted|p2a: Dragonite
|-damage|p2a: Dragonite|0 fnt
|faint|p2a: Dragonite
|move|p2b: Archaludon|Body Press|p1b: Rillaboom
|-damage|p1b: Rillaboom|44/100
|
|-heal|p1b: Rillaboom|50/100|[from] Grassy Terrain
|-heal|p2b: Archaludon|76/100|[from] Grassy Terrain
|upkeep
|turn|9
|
|t:|1757936298
|move|p1b: Rillaboom|Wood Hammer|p2b: Archaludon
|-damage|p2b: Archaludon|24/100
|-ability|p2b: Archaludon|Stamina|boost
|-boost|p2b: Archaludon|def|1
|-damage|p1b: Rillaboom|33/100|[from] Recoil
|move|p2b: Archaludon|Draco Meteor|p1b: Rillaboom
|-damage|p1b: Rillaboom|0 fnt
|-unboost|p2b: Archaludon|spa|2
|faint|p1b: Rillaboom
|
|win|cm3112
||cm3112 is ready for game 2.
||nice_flop is ready for game 2.
|uhtml|next|Next: Game 2 of 3
