|j|☆JvmRdDCmp
|j|☆king_gmbh
|html|JvmRdDCmpking_gmbh    
|uhtml|bestof|Game 2 of a best-of-3
|t:|1757776374
|gametype|doubles
|player|p1|JvmRdDCmp|2|1064
|player|p2|king_gmbh|101|1053
|gen|9
|tier|[Gen 9] VGC 2025 Reg H (Bo3)
|rated|
|rule|Species Clause: Limit one of each Pokémon
|rule|Item Clause: Limit 1 of each item
|clearpoke
|poke|p1|Sinistcha, L50|
|poke|p1|Primarina, L50, M|
|poke|p1|Gholdengo, L50|
|poke|p1|Kommo-o, L50, M|
|poke|p1|Pincurchin, L50, M|
|poke|p1|Arcanine-Hisui, L50, M|
|poke|p2|Weezing-Galar, L50, F|
|poke|p2|Toedscruel, L50, M|
|poke|p2|Pawmot, L50, F|
|poke|p2|Corviknight, L50, F|
|poke|p2|Garchomp, L50, M|
|poke|p2|Typhlosion-Hisui, L50, M|
|teampreview|4
|showteam|p1|Sinistcha||SitrusBerry|Hospitality|ShadowBall,StrengthSap,Protect,MatchaGotcha||||||50|,,,,,Steel]Primarina||ThroatSpray|LiquidVoice|HyperVoice,Moonblast,PerishSong,Protect|||M|||50|,,,,,Ghost]Gholdengo||ChoiceSpecs|GoodasGold|MakeItRain,ShadowBall,Trick,Protect||||||50|,,,,,Steel]Kommo-o||CovertCloak|Soundproof|ClangingScales,ClangorousSoul,AuraSphere,Protect|||M|||50|,,,,,Poison]Pincurchin||SafetyGoggles|LightningRod|Thunderbolt,Scald,Protect,RainDance|||M|||50|,,,,,Water]Arcanine-Hisui||ClearAmulet|RockHead|FlareBlitz,HeadSmash,Protect,ExtremeSpeed|||M|||50|,,,,,Bug
|showteam|p2|Weezing-Galar||ChoiceSpecs|NeutralizingGas|SludgeBomb,DazzlingGleam,Flamethrower,StrangeSteam|||F|||50|,,,,,Fire]Toedscruel||CovertCloak|MyceliumMight|Spore,RagePowder,EarthPower,AcidSpray|||M|||50|,,,,,Water]Pawmot||FocusSash|NaturalCure|CloseCombat,DoubleShock,Protect,FakeOut|||F|||50|,,,,,Electric]Corviknight||SitrusBerry|MirrorArmor|Roost,Tailwind,BraveBird,Protect|||F|||50|,,,,,Dragon]Garchomp||LifeOrb|RoughSkin|Earthquake,StompingTantrum,DragonClaw,Protect|||M|||50|,,,,,Ground]Typhlosion-Hisui||ChoiceScarf|Blaze|Eruption,HeatWave,ShadowBall,SleepTalk|||M|||50|,,,,,Fire
|inactive|Battle timer is ON: inactive players will automatically lose when time's up. (requested by king_gmbh)
|
|t:|1757776390
|teamsize|p1|4
|teamsize|p2|4
|start
|switch|p1a: Arcanine|Arcanine-Hisui, L50, M|100/100
|switch|p1b: Kommo-o|Kommo-o, L50, M|100/100
|switch|p2a: Weezing|Weezing-Galar, L50, F|100/100
|switch|p2b: Toedscruel|Toedscruel, L50, M, shiny|100/100
|-ability|p2a: Weezing|Neutralizing Gas
|turn|1
|inactive|JvmRdDCmp has 30 seconds left.
|inactive|JvmRdDCmp has 20 seconds left.
|inactive|JvmRdDCmp has 15 seconds left.
|inactive|JvmRdDCmp has 10 seconds left.
|inactive|JvmRdDCmp has 5 seconds left.
|
|t:|1757776442
|move|p2b: Toedscruel|Spore|p1a: Arcanine
|-status|p1a: Arcanine|slp|[from] move: Spore
|cant|p1a: Arcanine|slp
|move|p1b: Kommo-o|Aura Sphere|p2b: Toedscruel
|-damage|p2b: Toedscruel|67/100
|move|p2a: Weezing|Strange Steam|p1b: Kommo-o
|-supereffective|p1b: Kommo-o
|-damage|p1b: Kommo-o|0 fnt
|faint|p1b: Kommo-o
|
|upkeep
|
|t:|1757776451
|switch|p1b: Sinistcha|Sinistcha, L50|100/100
|turn|2
|inactive|JvmRdDCmp has 30 seconds left.
|
|t:|1757776478
|-end|p2a: Weezing|ability: Neutralizing Gas
|switch|p2a: Corviknight|Corviknight, L50, F, shiny|100/100
|move|p2b: Toedscruel|Earth Power|p1a: Arcanine
|-supereffective|p1a: Arcanine
|-damage|p1a: Arcanine|0 fnt
|faint|p1a: Arcanine
|move|p1b: Sinistcha|Matcha Gotcha|p2a: Corviknight|[spread] p2a
|-miss|p1b: Sinistcha|p2b: Toedscruel
|-resisted|p2a: Corviknight
|-damage|p2a: Corviknight|93/100
|
|upkeep
|
|t:|1757776485
|switch|p1a: Primarina|Primarina, L50, M|100/100
|turn|3
|
|t:|1757776500
|move|p1a: Primarina|Protect|p1a: Primarina
|-singleturn|p1a: Primarina|Protect
|move|p2a: Corviknight|Tailwind|p2a: Corviknight
|-sidestart|p2: king_gmbh|move: Tailwind
|move|p1b: Sinistcha|Matcha Gotcha|p2a: Corviknight|[spread] p2a,p2b
|-resisted|p2a: Corviknight
|-damage|p2a: Corviknight|86/100
|-damage|p2b: Toedscruel|40/100
|move|p2b: Toedscruel|Spore|p1a: Primarina
|-activate|p1a: Primarina|move: Protect
|
|upkeep
|turn|4
|
|t:|1757776522
|-terastallize|p1b: Sinistcha|Steel
|move|p1a: Primarina|Protect||[still]
|-fail|p1a: Primarina
|move|p2b: Toedscruel|Acid Spray|p1a: Primarina
|-supereffective|p1a: Primarina
|-damage|p1a: Primarina|84/100
|-unboost|p1a: Primarina|spd|2
|move|p2a: Corviknight|Brave Bird|p1b: Sinistcha
|-resisted|p1b: Sinistcha
|-damage|p1b: Sinistcha|80/100
|-damage|p2a: Corviknight|80/100|[from] Recoil
|move|p1b: Sinistcha|Matcha Gotcha|p2a: Corviknight|[spread] p2a,p2b
|-resisted|p2a: Corviknight
|-damage|p2a: Corviknight|74/100
|-heal|p1b: Sinistcha|84/100|[from] drain|[of] p2a: Corviknight
|-damage|p2b: Toedscruel|14/100
|-heal|p1b: Sinistcha|98/100|[from] drain|[of] p2b: Toedscruel
|-status|p2a: Corviknight|brn
|
|-damage|p2a: Corviknight|68/100 brn|[from] brn
|upkeep
|turn|5
|inactive|JvmRdDCmp has 30 seconds left.
|inactive|king_gmbh has 30 seconds left.
|
|t:|1757776555
|switch|p2a: Weezing|Weezing-Galar, L50, F|100/100
|-ability|p2a: Weezing|Neutralizing Gas
|move|p1b: Sinistcha|Protect|p1b: Sinistcha
|-singleturn|p1b: Sinistcha|Protect
|move|p2b: Toedscruel|Earth Power|p1b: Sinistcha
|-activate|p1b: Sinistcha|move: Protect
|move|p1a: Primarina|Hyper Voice|p2b: Toedscruel|[spread] p2a,p2b
|-damage|p2a: Weezing|69/100
|-damage|p2b: Toedscruel|0 fnt
|faint|p2b: Toedscruel
|-enditem|p1a: Primarina|Throat Spray
|-boost|p1a: Primarina|spa|1|[from] item: Throat Spray
|
|upkeep
|
|t:|1757776565
|switch|p2b: Garchomp|Garchomp, L50, M|100/100
|turn|6
|
|t:|1757776578
|-terastallize|p2b: Garchomp|Ground
|move|p2b: Garchomp|Stomping Tantrum|p1b: Sinistcha
|-supereffective|p1b: Sinistcha
|-damage|p1b: Sinistcha|0 fnt
|faint|p1b: Sinistcha
|-damage|p2b: Garchomp|91/100|[from] item: Life Orb
|move|p2a: Weezing|Sludge Bomb|p1a: Primarina
|-supereffective|p1a: Primarina
|-damage|p1a: Primarina|0 fnt
|faint|p1a: Primarina
|
|win|king_gmbh
||JvmRdDCmp is ready for game 3.
||king_gmbh is ready for game 3.
|uhtml|next|Next: Game 3 of 3
