|j|☆hola99999
|j|☆bancomat 2
|html|hola99999bancomat 2    
|uhtml|bestof|Game 2 of a best-of-3
|t:|1783346283
|gametype|doubles
|player|p1|hola99999|102|1000
|player|p2|bancomat 2|volkner|1069
|gen|9
|tier|[Gen 9 Champions] VGC 2026 Reg M-B (Bo3)
|rated|
|rule|Species Clause: Limit one of each Pokémon
|rule|Item Clause: Limit 1 of each item
|clearpoke
|poke|p1|Staraptor, L50, M|
|poke|p1|Sinistcha, L50|
|poke|p1|Garchomp, L50, M|
|poke|p1|Floette-Eternal, L50, F|
|poke|p1|Whimsicott, L50, F|
|poke|p1|Aegislash, L50, F|
|poke|p2|Kingambit, L50, M, shiny|
|poke|p2|Charizard, L50, M, shiny|
|poke|p2|Floette-Eternal, L50, F|
|poke|p2|Whimsicott, L50, F|
|poke|p2|Garchomp, L50, F, shiny|
|poke|p2|Basculegion, L50, M|
|teampreview|4
|showteam|p1|Staraptor||Staraptite|Intimidate|BraveBird,Protect,Roost,CloseCombat|Jolly||M|||50|]Sinistcha||KasibBerry|Hospitality|MatchaGotcha,Protect,RagePowder,StrengthSap|Bold|||||50|]Garchomp||ChoiceScarf|RoughSkin|StompingTantrum,Earthquake,DragonClaw,RockTomb|Adamant||M|||50|]Floette-Eternal||Floettite|FlowerVeil|Moonblast,DazzlingGleam,Protect,LightofRuin|Modest||F|||50|]Whimsicott||SitrusBerry|Prankster|Moonblast,Tailwind,Tickle,LightScreen|Bold||F|||50|]Aegislash||ColburBerry|StanceChange|IronHead,KingsShield,Poltergeist,ShadowSneak|Careful||F|||50|
|showteam|p2|Kingambit||BlackGlasses|Defiant|KowtowCleave,SuckerPunch,LowKick,Protect|Adamant||M|||50|]Charizard||CharizarditeY|SolarPower|HeatWave,WeatherBall,SolarBeam,Protect|Modest||M|||50|]Floette-Eternal||Floettite|FlowerVeil|Moonblast,DazzlingGleam,LightofRuin,Protect|Timid||F|||50|]Whimsicott||FocusSash|Prankster|Moonblast,Tailwind,Encore,Protect|Timid||F|||50|]Garchomp||LifeOrb|RoughSkin|Earthquake,DragonClaw,RockSlide,Protect|Jolly||F|||50|]Basculegion||MysticWater|Adaptability|WaveCrash,AquaJet,LastRespects,Protect|Adamant||M|||50|
|inactive|Battle timer is ON: inactive players will automatically lose when time's up. (requested by hola99999)
|
|t:|1783346312
|teamsize|p1|4
|teamsize|p2|4
|start
|switch|p1a: Whimsicott|Whimsicott, L50, F|100/100
|switch|p1b: Floette|Floette-Eternal, L50, F|100/100
|switch|p2a: Whimsicott|Whimsicott, L50, F|100/100
|switch|p2b: Floette|Floette-Eternal, L50, F|100/100
|turn|1
|inactive|hola99999 has 30 seconds left.
|
|t:|1783346338
|detailschange|p2b: Floette|Floette-Mega, L50, F
|-mega|p2b: Floette|Floette|Floettite
|-ability|p2b: Floette|Fairy Aura
|detailschange|p1b: Floette|Floette-Mega, L50, F
|-mega|p1b: Floette|Floette|Floettite
|-ability|p1b: Floette|Fairy Aura
|move|p1a: Whimsicott|Tailwind|p1a: Whimsicott
|-sidestart|p1: hola99999|move: Tailwind
|move|p1b: Floette|Dazzling Gleam|p2a: Whimsicott|[spread] p2a,p2b
|-damage|p2a: Whimsicott|18/100
|-damage|p2b: Floette|60/100
|move|p2a: Whimsicott|Moonblast|p1b: Floette
|-damage|p1b: Floette|66/100
|move|p2b: Floette|Light of Ruin|p1b: Floette
|-damage|p1b: Floette|0 fnt
|faint|p1b: Floette
|-damage|p2b: Floette|19/100|[from] Recoil
|
|upkeep
|
|t:|1783346355
|switch|p1b: Aegislash|Aegislash, L50, F|100/100
|turn|2
|
|t:|1783346363
|switch|p2b: Kingambit|Kingambit, L50, M, shiny|100/100
|move|p2a: Whimsicott|Tailwind|p2a: Whimsicott
|-sidestart|p2: bancomat 2|move: Tailwind
|-formechange|p1b: Aegislash|Aegislash-Blade|
|move|p1b: Aegislash|Shadow Sneak|p2a: Whimsicott
|-damage|p2a: Whimsicott|0 fnt
|faint|p2a: Whimsicott
|move|p1a: Whimsicott|Moonblast|p2b: Kingambit
|-damage|p2b: Kingambit|73/100
|
|upkeep
|
|t:|1783346373
|switch|p2a: Garchomp|Garchomp, L50, F, shiny|100/100
|turn|3
|
|t:|1783346391
|move|p2a: Garchomp|Protect|p2a: Garchomp
|-singleturn|p2a: Garchomp|Protect
|-formechange|p1b: Aegislash|Aegislash|
|move|p1b: Aegislash|King's Shield|p1b: Aegislash
|-singleturn|p1b: Aegislash|Protect
|move|p1a: Whimsicott|Tickle|p2a: Garchomp
|-activate|p2a: Garchomp|move: Protect
|move|p2b: Kingambit|Kowtow Cleave|p1a: Whimsicott
|-resisted|p1a: Whimsicott|1
|-damage|p1a: Whimsicott|73/100
|
|upkeep
|turn|4
|inactive|bancomat 2 has 30 seconds left.
|
|t:|1783346423
|move|p2b: Kingambit|Protect|p2b: Kingambit
|-singleturn|p2b: Kingambit|Protect
|move|p1a: Whimsicott|Tickle|p2a: Garchomp
|-unboost|p2a: Garchomp|atk|1
|-unboost|p2a: Garchomp|def|1
|move|p2a: Garchomp|Earthquake|p1a: Whimsicott|[spread] p1a,p1b
|-activate|p2b: Kingambit|move: Protect
|-resisted|p1a: Whimsicott|1
|-supereffective|p1b: Aegislash|1
|-damage|p1a: Whimsicott|60/100
|-damage|p1b: Aegislash|36/100
|-damage|p2a: Garchomp|90/100|[from] item: Life Orb
|-formechange|p1b: Aegislash|Aegislash-Blade|
|move|p1b: Aegislash|Poltergeist|p2a: Garchomp
|-activate|p2a: Garchomp|move: Poltergeist|Life Orb
|-damage|p2a: Garchomp|7/100
|
|-sideend|p1: hola99999|move: Tailwind
|upkeep
|turn|5
|
|t:|1783346447
|move|p2b: Kingambit|Sucker Punch|p1b: Aegislash
|-supereffective|p1b: Aegislash|1
|-enditem|p1b: Aegislash|Colbur Berry|[eat]
|-enditem|p1b: Aegislash|Colbur Berry|[weaken]
|-damage|p1b: Aegislash|0 fnt
|faint|p1b: Aegislash
|move|p1a: Whimsicott|Tailwind|p1a: Whimsicott
|-sidestart|p1: hola99999|move: Tailwind
|move|p2a: Garchomp|Rock Slide|p1a: Whimsicott
|-damage|p1a: Whimsicott|41/100
|-enditem|p1a: Whimsicott|Sitrus Berry|[eat]
|-heal|p1a: Whimsicott|66/100|[from] item: Sitrus Berry
|-damage|p2a: Garchomp|0 fnt|[from] item: Life Orb
|faint|p2a: Garchomp
|
|-sideend|p2: bancomat 2|move: Tailwind
|upkeep
|
|t:|1783346456
|switch|p2a: Floette|Floette-Mega, L50, F|19/100
|switch|p1b: Garchomp|Garchomp, L50, M|100/100
|-ability|p2a: Floette|Fairy Aura
|turn|6
|-message|bancomat 2 forfeited.
|
|win|hola99999
|raw|hola99999's rating: 1000 → 1050(+50 for winning)
|raw|bancomat 2's rating: 1093 → 1063(-30 for losing)
