|j|☆xdi8723
|j|☆Invoker Kuzan
|html|xdi8723Invoker Kuzan    
|uhtml|bestof|Game 2 of a best-of-3
|t:|1756246093
|gametype|doubles
|player|p1|xdi8723|2|1146
|player|p2|Invoker Kuzan|marnie-masters3|1084
|gen|9
|tier|[Gen 9] VGC 2025 Reg H (Bo3)
|rated|
|rule|Species Clause: Limit one of each Pokémon
|rule|Item Clause: Limit 1 of each item
|clearpoke
|poke|p1|Gholdengo, L50|
|poke|p1|Amoonguss, L50, F|
|poke|p1|Incineroar, L50, M|
|poke|p1|Kommo-o, L50, F|
|poke|p1|Ninetales-Alola, L50, M|
|poke|p1|Dragonite, L50, M|
|poke|p2|Indeedee-F, L50, F|
|poke|p2|Hatterene, L50, F|
|poke|p2|Gallade, L50, M|
|poke|p2|Ursaluna, L50, M|
|poke|p2|Lilligant-Hisui, L50, F|
|poke|p2|Torkoal, L50, M|
|teampreview|4
|showteam|p1|Gholdengo||ChoiceSpecs|GoodasGold|MakeItRain,ShadowBall,Trick,FocusBlast||||||50|,,,,,Steel]Amoonguss||RockyHelmet|Regenerator|Protect,RagePowder,Spore,PollenPuff|||F|||50|,,,,,Fairy]Incineroar||SafetyGoggles|Intimidate|FakeOut,FlareBlitz,KnockOff,PartingShot|||M|||50|,,,,,Ghost]Kommo-o||ThroatSpray|Soundproof|Protect,ClangingScales,Flamethrower,ClangorousSoul|||F|||50|,,,,,Fire]Ninetales-Alola||FocusSash|SnowWarning|Protect,Blizzard,FreezeDry,Encore|||M|||50|,,,,,Ice]Dragonite||AssaultVest|Multiscale|ExtremeSpeed,TeraBlast,IceSpinner,StompingTantrum|||M|||50|,,,,,Flying
|showteam|p2|Indeedee-F||PsychicSeed|PsychicSurge|TrickRoom,FollowMe,HelpingHand,DazzlingGleam|||F|||50|,,,,,Fire]Hatterene||LifeOrb|MagicBounce|ExpandingForce,TrickRoom,DazzlingGleam,Protect|||F|||50|,,,,,Psychic]Gallade||ClearAmulet|Sharpness|PsychoCut,TrickRoom,SacredSword,WideGuard|||M|||50|,,,,,Grass]Ursaluna||FlameOrb|Guts|HeadlongRush,Facade,SwordsDance,Protect|||M|||50|,,,,,Ghost]Lilligant-Hisui||FocusSash|Chlorophyll|SolarBlade,SleepPowder,CloseCombat,AfterYou|||F|||50|,,,,,Ghost]Torkoal||ChoiceSpecs|Drought|Eruption,HeatWave,WeatherBall,EarthPower|||M|||50|,,,,,Fire
|inactive|Battle timer is ON: inactive players will automatically lose when time's up. (requested by Invoker Kuzan)
|inactive|xdi8723 has 60 seconds left.
|
|t:|1756246134
|teamsize|p1|4
|teamsize|p2|4
|start
|switch|p1a: Dragonite|Dragonite, L50, M|100/100
|switch|p1b: Incineroar|Incineroar, L50, M|100/100
|switch|p2a: Indeedee|Indeedee-F, L50, F, shiny|100/100
|switch|p2b: Gallade|Gallade, L50, M, shiny|100/100
|-ability|p1b: Incineroar|Intimidate|boost
|-unboost|p2a: Indeedee|atk|1
|-fail|p2b: Gallade|unboost|[from] item: Clear Amulet|[of] p2b: Gallade
|-fieldstart|move: Psychic Terrain|[from] ability: Psychic Surge|[of] p2a: Indeedee
|-enditem|p2a: Indeedee|Psychic Seed
|-boost|p2a: Indeedee|spd|1|[from] item: Psychic Seed
|turn|1
|inactive|Invoker Kuzan has 30 seconds left.
|
|t:|1756246166
|move|p1b: Incineroar|Fake Out|p2b: Gallade
|-activate|p2b: Gallade|move: Psychic Terrain
|move|p1a: Dragonite|Ice Spinner|p2a: Indeedee
|-damage|p2a: Indeedee|69/100
|-fieldend|move: Psychic Terrain
|move|p2b: Gallade|Sacred Sword|p1b: Incineroar
|-supereffective|p1b: Incineroar
|-damage|p1b: Incineroar|0 fnt
|faint|p1b: Incineroar
|move|p2a: Indeedee|Trick Room|p2a: Indeedee
|-fieldstart|move: Trick Room|[of] p2a: Indeedee
|
|upkeep
|
|t:|1756246176
|switch|p1b: Manolo|Amoonguss, L50, F|100/100
|turn|2
|
|t:|1756246196
|switch|p2a: Torkoal|Torkoal, L50, M, shiny|100/100
|-weather|SunnyDay|[from] ability: Drought|[of] p2a: Torkoal
|-terastallize|p2b: Gallade|Grass
|move|p1a: Dragonite|Extreme Speed|p2a: Torkoal
|-damage|p2a: Torkoal|77/100
|move|p1b: Manolo|Spore|p2b: Gallade
|-immune|p2b: Gallade
|move|p2b: Gallade|Psycho Cut|p1b: Manolo
|-supereffective|p1b: Manolo
|-damage|p1b: Manolo|10/100
|
|-weather|SunnyDay|[upkeep]
|upkeep
|turn|3
|
|t:|1756246219
|switch|p2b: Indeedee|Indeedee-F, L50, F, shiny|69/100
|-fieldstart|move: Psychic Terrain|[from] ability: Psychic Surge|[of] p2b: Indeedee
|-terastallize|p1a: Dragonite|Flying
|move|p1b: Manolo|Protect|p1b: Manolo
|-singleturn|p1b: Manolo|Protect
|move|p2a: Torkoal|Eruption|p1b: Manolo|[spread] p1a
|-activate|p1b: Manolo|move: Protect
|-damage|p1a: Dragonite|73/100
|move|p1a: Dragonite|Tera Blast|p2b: Indeedee|[anim] Tera Blast Flying
|-damage|p2b: Indeedee|10/100
|
|-weather|SunnyDay|[upkeep]
|upkeep
|turn|4
|inactive|xdi8723 has 30 seconds left.
|inactive|xdi8723 has 20 seconds left.
|inactive|xdi8723 has 15 seconds left.
|inactive|xdi8723 has 10 seconds left.
|inactive|xdi8723 has 5 seconds left.
|
|t:|1756246271
|move|p2b: Indeedee|Helping Hand|p2a: Torkoal
|-singleturn|p2a: Torkoal|Helping Hand|[of] p2b: Indeedee
|move|p2a: Torkoal|Eruption|p1a: Dragonite|[spread] p1a,p1b
|-supereffective|p1b: Manolo
|-damage|p1a: Dragonite|0 fnt
|-damage|p1b: Manolo|0 fnt
|faint|p1a: Dragonite
|faint|p1b: Manolo
|
|-weather|SunnyDay|[upkeep]
|upkeep
|inactive|xdi8723 has 30 seconds left.
|inactive|xdi8723 has 20 seconds left.
|
|t:|1756246307
|switch|p1b: Ninetales|Ninetales-Alola, L50, M|100/100
|-weather|Snowscape|[from] ability: Snow Warning|[of] p1b: Ninetales
|turn|5
|
|t:|1756246329
|move|p2a: Torkoal|Eruption|p1b: Ninetales
|-supereffective|p1b: Ninetales
|-enditem|p1b: Ninetales|Focus Sash
|-damage|p1b: Ninetales|1/100
|move|p2b: Indeedee|Dazzling Gleam|p1b: Ninetales
|-damage|p1b: Ninetales|0 fnt
|faint|p1b: Ninetales
|
|win|Invoker Kuzan
|raw|xdi8723's rating: 1146 → 1117(-29 for losing)
|raw|Invoker Kuzan's rating: 1084 → 1116(+32 for winning)
