|j|☆Allat78
|j|☆Mashuno
|html|Allat78Mashuno    
|uhtml|bestof|Game 2 of a best-of-3
|t:|1784307039
|gametype|doubles
|player|p1|Allat78|hilbert-wonderlauncher|1172
|player|p2|Mashuno|harlequin|1194
|gen|9
|tier|[Gen 9 Champions] VGC 2026 Reg M-B (Bo3)
|rated|
|rule|Species Clause: Limit one of each Pokémon
|rule|Item Clause: Limit 1 of each item
|clearpoke
|poke|p1|Kommo-o, L50, F|
|poke|p1|Sinistcha, L50|
|poke|p1|Hydreigon, L50, M|
|poke|p1|Ditto, L50|
|poke|p1|Incineroar, L50, M|
|poke|p1|Kangaskhan, L50, F|
|poke|p2|Pelipper, L50, M|
|poke|p2|Archaludon, L50, M|
|poke|p2|Blastoise, L50, F|
|poke|p2|Sinistcha, L50|
|poke|p2|Sableye, L50, F|
|poke|p2|Sneasler, L50, F|
|teampreview|4
|showteam|p1|Kommo-o||DragonFang|Bulletproof|ClangingScales,AuraSphere,ClangorousSoul,Protect|Modest||F|||50|]Sinistcha||OccaBerry|Hospitality|MatchaGotcha,LifeDew,Protect,RagePowder|Bold|||||50|]Hydreigon||ChoiceScarf|Levitate|DracoMeteor,DarkPulse,Snarl,EarthPower|Timid||M|||50|]Ditto||LifeOrb|Imposter|Transform|Timid|||||50|]Incineroar||ChopleBerry|Intimidate|FlareBlitz,ThroatChop,FakeOut,PartingShot|Adamant||M|||50|]Kangaskhan||Kangaskhanite|Scrappy|FakeOut,DoubleEdge,SuckerPunch,Protect|Jolly||F|||50|
|showteam|p2|Pelipper||FocusSash|Drizzle|WeatherBall,Hurricane,Tailwind,RainDance|Modest||M|||50|]Archaludon||Leftovers|Stamina|Protect,DracoMeteor,FlashCannon,ElectroShot|Modest||M|||50|]Blastoise||Blastoisinite|RainDish|Protect,FakeOut,WaterSpout,DarkPulse|Modest||F|||50|]Sinistcha||SitrusBerry|Hospitality|MatchaGotcha,RagePowder,LifeDew,TrickRoom|Bold|||||50|]Sableye||LightClay|Prankster|FoulPlay,LightScreen,Reflect,RainDance|Impish||F|||50|]Sneasler||WhiteHerb|Unburden|FakeOut,DireClaw,CloseCombat,RockSlide|Jolly||F|||50|
|c|☆Mashuno|man, your team is VERY scary
|c|☆Allat78|thanks,Yours too jajaja
|
|t:|1784307131
|teamsize|p1|4
|teamsize|p2|4
|start
|switch|p1a: Kommo-o|Kommo-o, L50, F|100/100
|switch|p1b: Kangaskhan|Kangaskhan, L50, F|100/100
|switch|p2a: Dai News|Pelipper, L50, M|100/100
|switch|p2b: Kocho|Sneasler, L50, F|100/100
|-weather|RainDance|[from] ability: Drizzle|[of] p2a: Dai News
|turn|1
|
|t:|1784307171
|detailschange|p1b: Kangaskhan|Kangaskhan-Mega, L50, F
|-mega|p1b: Kangaskhan|Kangaskhan|Kangaskhanite
|move|p2b: Kocho|Fake Out|p1b: Kangaskhan
|-damage|p1b: Kangaskhan|86/100
|cant|p1b: Kangaskhan|flinch
|move|p1a: Kommo-o|Clangorous Soul|p1a: Kommo-o
|-boost|p1a: Kommo-o|atk|1
|-boost|p1a: Kommo-o|def|1
|-boost|p1a: Kommo-o|spa|1
|-boost|p1a: Kommo-o|spd|1
|-boost|p1a: Kommo-o|spe|1
|-damage|p1a: Kommo-o|67/100
|move|p2a: Dai News|Tailwind|p2a: Dai News
|-sidestart|p2: Mashuno|move: Tailwind
|
|-weather|RainDance|[upkeep]
|upkeep
|turn|2
|
|t:|1784307226
|switch|p1b: Sinistcha|Sinistcha, L50|100/100
|-heal|p1a: Kommo-o|92/100|[from] ability: Hospitality|[of] p1b: Sinistcha
|move|p1a: Kommo-o|Protect|p1a: Kommo-o
|-singleturn|p1a: Kommo-o|Protect
|move|p2b: Kocho|Close Combat|p1b: Sinistcha
|-immune|p1b: Sinistcha
|move|p2a: Dai News|Hurricane|p1a: Kommo-o
|-activate|p1a: Kommo-o|move: Protect
|
|-weather|RainDance|[upkeep]
|upkeep
|turn|3
|
|t:|1784307249
|switch|p2a: Iroh|Sinistcha, L50|100/100
|move|p1b: Sinistcha|Rage Powder|p1b: Sinistcha
|-singleturn|p1b: Sinistcha|move: Rage Powder
|move|p2b: Kocho|Dire Claw|p1b: Sinistcha
|-damage|p1b: Sinistcha|69/100
|-status|p1b: Sinistcha|par
|move|p1a: Kommo-o|Clanging Scales|p2a: Iroh|[spread] p2a,p2b
|-damage|p2a: Iroh|24/100
|-damage|p2b: Kocho|3/100
|-enditem|p2a: Iroh|Sitrus Berry|[eat]
|-heal|p2a: Iroh|48/100|[from] item: Sitrus Berry
|-unboost|p1a: Kommo-o|def|1
|
|-weather|RainDance|[upkeep]
|upkeep
|turn|4
|
|t:|1784307283
|move|p1b: Sinistcha|Rage Powder|p1b: Sinistcha
|-singleturn|p1b: Sinistcha|move: Rage Powder
|move|p2b: Kocho|Rock Slide|p1b: Sinistcha|[spread] p1a,p1b
|-resisted|p1a: Kommo-o|1
|-crit|p1a: Kommo-o
|-damage|p1a: Kommo-o|78/100
|-damage|p1b: Sinistcha|55/100 par
|move|p1a: Kommo-o|Clanging Scales|p2a: Iroh|[spread] p2a,p2b
|-damage|p2a: Iroh|0 fnt
|-damage|p2b: Kocho|0 fnt
|faint|p2a: Iroh
|faint|p2b: Kocho
|-unboost|p1a: Kommo-o|def|1
|
|-weather|RainDance|[upkeep]
|-sideend|p2: Mashuno|move: Tailwind
|upkeep
|
|t:|1784307297
|switch|p2b: Dai News|Pelipper, L50, M|100/100
|switch|p2a: Blastoise|Blastoise, L50, F|100/100
|turn|5
|
|t:|1784307311
|move|p1a: Kommo-o|Protect|p1a: Kommo-o
|-singleturn|p1a: Kommo-o|Protect
|move|p2a: Blastoise|Fake Out|p1a: Kommo-o
|-activate|p1a: Kommo-o|move: Protect
|move|p2b: Dai News|Hurricane|p1b: Sinistcha
|-supereffective|p1b: Sinistcha|1
|-damage|p1b: Sinistcha|0 fnt
|faint|p1b: Sinistcha
|
|-weather|none
|upkeep
|
|t:|1784307326
|switch|p1b: Kangaskhan|Kangaskhan-Mega, L50, F|86/100
|turn|6
|
|t:|1784307345
|detailschange|p2a: Blastoise|Blastoise-Mega, L50, F
|-mega|p2a: Blastoise|Blastoise|Blastoisinite
|move|p1b: Kangaskhan|Fake Out|p2b: Dai News
|-damage|p2b: Dai News|77/100
|-damage|p2b: Dai News|72/100
|-hitcount|p2b: Dai News|2
|move|p1a: Kommo-o|Clanging Scales|p2a: Blastoise|[spread] p2a,p2b
|-damage|p2a: Blastoise|35/100
|-damage|p2b: Dai News|0 fnt
|faint|p2b: Dai News
|-unboost|p1a: Kommo-o|def|1
|move|p2a: Blastoise|Dark Pulse|p1a: Kommo-o
|-resisted|p1a: Kommo-o|1
|-damage|p1a: Kommo-o|60/100
|
|upkeep
|turn|7
|c|☆Mashuno|ggs
|-message|Mashuno forfeited.
|
|win|Allat78
||Allat78 is ready for game 3.
||Mashuno is ready for game 3.
|uhtml|next|Next: Game 3 of 3
|l|☆Allat78
|player|p1|
