|j|☆romanicus
|j|☆epic17x
|html|romanicusepic17x    
|uhtml|bestof|Game 2 of a best-of-3
|t:|1756408973
|gametype|doubles
|player|p1|romanicus|169|1211
|player|p2|epic17x|steven|1324
|gen|9
|tier|[Gen 9] VGC 2025 Reg H (Bo3)
|rated|
|rule|Species Clause: Limit one of each Pokémon
|rule|Item Clause: Limit 1 of each item
|clearpoke
|poke|p1|Volcarona, L50, M|
|poke|p1|Electabuzz, L50, M|
|poke|p1|Sneasler, L50, M|
|poke|p1|Dragonite, L50, M|
|poke|p1|Rillaboom, L50, M|
|poke|p1|Kingambit, L50, M|
|poke|p2|Ninetales-Alola, L50, F|
|poke|p2|Garchomp, L50, M|
|poke|p2|Kingambit, L50, F|
|poke|p2|Sneasler, L50, F|
|poke|p2|Magmar, L50, M|
|poke|p2|Metagross, L50|
|teampreview|4
|showteam|p1|Volcarona||Leftovers|FlameBody|HeatWave,TeraBlast,QuiverDance,Protect|||M|||50|,,,,,Fairy]Electabuzz||Eviolite|VitalSpirit|Thunderbolt,Taunt,FollowMe,Protect|||M|||50|,,,,,Fairy]Sneasler||FocusSash|Unburden|DireClaw,CloseCombat,Coaching,FakeOut|||M|||50|,,,,,Stellar]Dragonite||LoadedDice|Multiscale|ScaleShot,ExtremeSpeed,Haze,Protect|||M|||50|,,,,,Steel]Rillaboom||AssaultVest|GrassySurge|WoodHammer,GrassyGlide,FakeOut,Uturn|||M|||50|,,,,,Fire]Kingambit||BlackGlasses|Defiant|KowtowCleave,SuckerPunch,SwordsDance,Protect|||M|||50|,,,,,Dark
|showteam|p2|Ninetales-Alola||NeverMeltIce|SnowWarning|Blizzard,FreezeDry,AuroraVeil,Protect|||F|||50|,,,,,Ice]Garchomp||LifeOrb|RoughSkin|Earthquake,StompingTantrum,DragonClaw,Protect|||M|||50|,,,,,Steel]Kingambit||BlackGlasses|Defiant|KowtowCleave,SwordsDance,SuckerPunch,Protect|||F|||50|,,,,,Flying]Sneasler||FocusSash|PoisonTouch|Coaching,CloseCombat,DireClaw,FakeOut|||F|||50|,,,,,Flying]Magmar||Eviolite|VitalSpirit|Protect,HeatWave,WillOWisp,FollowMe|||M|||50|,,,,,Ghost]Metagross||AssaultVest|ClearBody|HeavySlam,PsychicFangs,BulletPunch,StompingTantrum||||||50|,,,,,Water
|inactive|Battle timer is ON: inactive players will automatically lose when time's up. (requested by epic17x)
|inactive|romanicus has 60 seconds left.
|
|t:|1756409021
|teamsize|p1|4
|teamsize|p2|4
|start
|switch|p1a: Dragonite|Dragonite, L50, M|100/100
|switch|p1b: Rillaboom|Rillaboom, L50, M|100/100
|switch|p2a: Sneasler|Sneasler, L50, F|100/100
|switch|p2b: Garchomp|Garchomp, L50, M|100/100
|-fieldstart|move: Grassy Terrain|[from] ability: Grassy Surge|[of] p1b: Rillaboom
|turn|1
|inactive|romanicus has 30 seconds left.
|inactive|romanicus has 20 seconds left.
|inactive|romanicus has 15 seconds left.
|inactive|romanicus has 10 seconds left.
|
|t:|1756409070
|move|p2a: Sneasler|Fake Out|p1a: Dragonite
|-damage|p1a: Dragonite|94/100
|move|p1b: Rillaboom|Fake Out|p2b: Garchomp
|-damage|p2b: Garchomp|87/100
|-damage|p1b: Rillaboom|88/100|[from] ability: Rough Skin|[of] p2b: Garchomp
|cant|p2b: Garchomp|flinch
|cant|p1a: Dragonite|flinch
|
|-heal|p2b: Garchomp|93/100|[from] Grassy Terrain
|-heal|p1b: Rillaboom|94/100|[from] Grassy Terrain
|upkeep
|turn|2
|inactive|romanicus has 30 seconds left.
|inactive|romanicus has 20 seconds left.
|
|t:|1756409109
|move|p1a: Dragonite|Protect|p1a: Dragonite
|-singleturn|p1a: Dragonite|Protect
|move|p2a: Sneasler|Close Combat|p1a: Dragonite
|-activate|p1a: Dragonite|move: Protect
|move|p2b: Garchomp|Dragon Claw|p1a: Dragonite
|-activate|p1a: Dragonite|move: Protect
|move|p1b: Rillaboom|Wood Hammer|p2b: Garchomp
|-damage|p2b: Garchomp|20/100
|-damage|p1b: Rillaboom|82/100|[from] ability: Rough Skin|[of] p2b: Garchomp
|-damage|p1b: Rillaboom|60/100|[from] Recoil
|
|-heal|p2b: Garchomp|25/100|[from] Grassy Terrain
|-heal|p1b: Rillaboom|66/100|[from] Grassy Terrain
|upkeep
|turn|3
|inactive|romanicus has 30 seconds left.
|
|t:|1756409142
|move|p2b: Garchomp|Protect|p2b: Garchomp
|-singleturn|p2b: Garchomp|Protect
|move|p1b: Rillaboom|Grassy Glide|p2b: Garchomp
|-activate|p2b: Garchomp|move: Protect
|move|p2a: Sneasler|Close Combat|p2b: Garchomp
|-activate|p2b: Garchomp|move: Protect
|move|p1a: Dragonite|Scale Shot|p2a: Sneasler
|-damage|p2a: Sneasler|73/100
|-damage|p2a: Sneasler|48/100
|-damage|p2a: Sneasler|24/100
|-damage|p2a: Sneasler|0 fnt
|faint|p2a: Sneasler
|-hitcount|p2: Sneasler|4
|-unboost|p1a: Dragonite|def|1
|-boost|p1a: Dragonite|spe|1
|
|-heal|p2b: Garchomp|31/100|[from] Grassy Terrain
|-heal|p1b: Rillaboom|72/100|[from] Grassy Terrain
|upkeep
|
|t:|1756409152
|switch|p2a: Ninetales|Ninetales-Alola, L50, F|100/100
|-weather|Snowscape|[from] ability: Snow Warning|[of] p2a: Ninetales
|turn|4
|inactive|romanicus has 30 seconds left.
|
|t:|1756409186
|-terastallize|p1a: Dragonite|Steel
|-terastallize|p2b: Garchomp|Steel
|move|p1a: Dragonite|Extreme Speed|p2a: Ninetales
|-damage|p2a: Ninetales|72/100
|move|p1b: Rillaboom|Grassy Glide|p2b: Garchomp
|-resisted|p2b: Garchomp
|-damage|p2b: Garchomp|14/100
|-damage|p1b: Rillaboom|59/100|[from] ability: Rough Skin|[of] p2b: Garchomp
|move|p2a: Ninetales|Aurora Veil|p2a: Ninetales
|-sidestart|p2: epic17x|move: Aurora Veil
|move|p2b: Garchomp|Dragon Claw|p1b: Rillaboom
|-damage|p1b: Rillaboom|7/100
|-damage|p2b: Garchomp|4/100|[from] item: Life Orb
|
|-weather|Snowscape|[upkeep]
|-heal|p2a: Ninetales|78/100|[from] Grassy Terrain
|-heal|p1a: Dragonite|99/100|[from] Grassy Terrain
|-heal|p2b: Garchomp|10/100|[from] Grassy Terrain
|-heal|p1b: Rillaboom|13/100|[from] Grassy Terrain
|upkeep
|turn|5
|inactive|romanicus has 30 seconds left.
|inactive|romanicus has 20 seconds left.
|
|t:|1756409225
|move|p2b: Garchomp|Protect|p2b: Garchomp
|-singleturn|p2b: Garchomp|Protect
|move|p1b: Rillaboom|Grassy Glide|p2a: Ninetales
|-damage|p2a: Ninetales|55/100
|move|p2a: Ninetales|Blizzard|p1b: Rillaboom|[spread] p1a,p1b
|-resisted|p1a: Dragonite
|-supereffective|p1b: Rillaboom
|-damage|p1a: Dragonite|81/100
|-damage|p1b: Rillaboom|0 fnt
|faint|p1b: Rillaboom
|move|p1a: Dragonite|Scale Shot|p2b: Garchomp
|-activate|p2b: Garchomp|move: Protect
|
|-weather|Snowscape|[upkeep]
|-heal|p2a: Ninetales|61/100|[from] Grassy Terrain
|-heal|p1a: Dragonite|87/100|[from] Grassy Terrain
|-heal|p2b: Garchomp|16/100|[from] Grassy Terrain
|-fieldend|move: Grassy Terrain
|upkeep
|
|t:|1756409245
|switch|p1b: Sneasler|Sneasler, L50, M|100/100
|turn|6
|
|t:|1756409267
|switch|p2b: Metagross|Metagross, L50|100/100
|move|p2a: Ninetales|Protect|p2a: Ninetales
|-singleturn|p2a: Ninetales|Protect
|move|p1b: Sneasler|Fake Out|p2a: Ninetales
|-activate|p2a: Ninetales|move: Protect
|move|p1a: Dragonite|Scale Shot|p2b: Metagross
|-resisted|p2b: Metagross
|-damage|p2b: Metagross|97/100
|-resisted|p2b: Metagross
|-damage|p2b: Metagross|94/100
|-resisted|p2b: Metagross
|-damage|p2b: Metagross|90/100
|-resisted|p2b: Metagross
|-damage|p2b: Metagross|86/100
|-hitcount|p2b: Metagross|4
|-unboost|p1a: Dragonite|def|1
|-boost|p1a: Dragonite|spe|1
|
|-weather|Snowscape|[upkeep]
|upkeep
|turn|7
|inactive|romanicus has 30 seconds left.
|inactive|romanicus has 20 seconds left.
|inactive|romanicus has 15 seconds left.
|
|t:|1756409308
|move|p1a: Dragonite|Haze|p1a: Dragonite
|-clearallboost
|move|p1b: Sneasler|Dire Claw|p2a: Ninetales
|-supereffective|p2a: Ninetales
|-damage|p2a: Ninetales|1/100
|move|p2a: Ninetales|Blizzard|p1a: Dragonite|[spread] p1a,p1b
|-resisted|p1a: Dragonite
|-damage|p1a: Dragonite|71/100
|-damage|p1b: Sneasler|47/100
|-status|p1a: Dragonite|frz
|move|p2b: Metagross|Stomping Tantrum|p1a: Dragonite
|-supereffective|p1a: Dragonite
|-damage|p1a: Dragonite|13/100 frz
|
|-weather|Snowscape|[upkeep]
|upkeep
|turn|8
|inactive|romanicus has 30 seconds left.
|
|t:|1756409337
|switch|p1a: Electabuzz|Electabuzz, L50, M|100/100
|move|p2a: Ninetales|Protect|p2a: Ninetales
|-singleturn|p2a: Ninetales|Protect
|move|p1b: Sneasler|Close Combat|p2b: Metagross
|-damage|p2b: Metagross|53/100
|-unboost|p1b: Sneasler|def|1
|-unboost|p1b: Sneasler|spd|1
|move|p2b: Metagross|Stomping Tantrum|p1b: Sneasler
|-supereffective|p1b: Sneasler
|-damage|p1b: Sneasler|0 fnt
|faint|p1b: Sneasler
|
|-weather|none
|-sideend|p2: epic17x|move: Aurora Veil
|upkeep
|
|t:|1756409350
|switch|p1b: Dragonite|Dragonite, L50, M, tera:Steel|13/100 frz
|turn|9
|
|t:|1756409365
|cant|p1b: Dragonite|frz
|move|p2a: Ninetales|Blizzard|p1a: Electabuzz|[spread] p1b
|-miss|p2a: Ninetales|p1a: Electabuzz
|-resisted|p1b: Dragonite
|-damage|p1b: Dragonite|0 fnt
|faint|p1b: Dragonite
|move|p1a: Electabuzz|Thunderbolt|p2b: Metagross
|-damage|p2b: Metagross|32/100
|move|p2b: Metagross|Stomping Tantrum|p1a: Electabuzz
|-supereffective|p1a: Electabuzz
|-damage|p1a: Electabuzz|61/100
|
|upkeep
|turn|10
|-message|romanicus forfeited.
|
|win|epic17x
|raw|romanicus's rating: 1211 → 1194(-17 for losing)
|raw|epic17x's rating: 1324 → 1338(+14 for winning)
|l|☆romanicus
|player|p1|
