|j|☆ole book
|j|☆davi_valk
|html|ole bookdavi_valk    
|uhtml|bestof|Game 2 of a best-of-3
|t:|1785690660
|gametype|doubles
|player|p1|ole book|ballguy|1153
|player|p2|davi_valk|ethan|1055
|gen|9
|tier|[Gen 9 Champions] VGC 2026 Reg M-B (Bo3)
|rated|
|rule|Species Clause: Limit one of each Pokémon
|rule|Item Clause: Limit 1 of each item
|clearpoke
|poke|p1|Sneasler, L50, F|
|poke|p1|Sinistcha, L50|
|poke|p1|Incineroar, L50, F|
|poke|p1|Kingambit, L50, F|
|poke|p1|Delphox, L50, F|
|poke|p1|Blastoise, L50, F|
|poke|p2|Tyranitar, L50, F, shiny|
|poke|p2|Corviknight, L50, M, shiny|
|poke|p2|Garchomp, L50, M|
|poke|p2|Sinistcha, L50|
|poke|p2|Sylveon, L50, M, shiny|
|poke|p2|Raichu, L50, M|
|teampreview|4
|showteam|p1|Sneasler||FocusSash|PoisonTouch|FakeOut,CloseCombat,PoisonJab,QuickGuard|Jolly||F|||50|]Sinistcha||OccaBerry|Hospitality|MatchaGotcha,RagePowder,TrickRoom,Protect|Bold|||||50|]Incineroar||SitrusBerry|Intimidate|FakeOut,FlareBlitz,ThroatChop,PartingShot|Careful||F|||50|]Kingambit||LifeOrb|Defiant|KowtowCleave,SuckerPunch,SwordsDance,Protect|Adamant||F|||50|]Delphox||Delphoxite|Blaze|HeatWave,Psychic,NastyPlot,Protect|Timid||F|||50|]Blastoise||Blastoisinite|RainDish|WaterSpout,DarkPulse,ShellSmash,Protect|Modest||F|||50|
|showteam|p2|Tyranitar||ChoiceScarf|SandStream|IcePunch,KnockOff,LowKick,RockSlide|Jolly||F|||50|]Corviknight||LifeOrb|MirrorArmor|BraveBird,IronHead,Protect,Tailwind|Adamant||M|||50|]Garchomp||Garchompite|SandVeil|DracoMeteor,EarthPower,PowerGem,Protect|Modest||M|||50|]Sinistcha||Leftovers|Hospitality|MatchaGotcha,Protect,ShadowBall,RagePowder|Bold|||||50|]Sylveon||FairyFeather|Pixilate|Detect,HyperBeam,HyperVoice,QuickAttack|Modest||M|||50|]Raichu||RaichuniteY|LightningRod|FakeOut,Encore,FocusBlast,ZapCannon|Timid||M|||50|
|inactive|Battle timer is ON: inactive players will automatically lose when time's up. (requested by davi_valk)
|inactive|davi_valk has 60 seconds left.
|
|t:|1785690693
|teamsize|p1|4
|teamsize|p2|4
|start
|switch|p1a: Blastoise|Blastoise, L50, F|100/100
|switch|p1b: Incineroar|Incineroar, L50, F|100/100
|switch|p2a: Sinistcha|Sinistcha, L50|100/100
|switch|p2b: Raichu|Raichu, L50, M|100/100
|-ability|p1b: Incineroar|Intimidate|boost
|-unboost|p2a: Sinistcha|atk|1
|-unboost|p2b: Raichu|atk|1
|turn|1
|inactive|ole book has 30 seconds left.
|
|t:|1785690727
|switch|p1a: Sinistcha|Sinistcha, L50|100/100
|detailschange|p2b: Raichu|Raichu-Mega-Y, L50, M
|-mega|p2b: Raichu|Raichu|Raichunite Y
|move|p2b: Raichu|Fake Out|p1b: Incineroar
|-damage|p1b: Incineroar|94/100
|move|p2a: Sinistcha|Rage Powder|p2a: Sinistcha
|-singleturn|p2a: Sinistcha|move: Rage Powder
|cant|p1b: Incineroar|flinch
|
|upkeep
|turn|2
|
|t:|1785690750
|switch|p2b: Corviknight|Corviknight, L50, M, shiny|100/100
|move|p1a: Sinistcha|Rage Powder|p1a: Sinistcha
|-singleturn|p1a: Sinistcha|move: Rage Powder
|move|p1b: Incineroar|Flare Blitz|p2a: Sinistcha
|-supereffective|p2a: Sinistcha|1
|-damage|p2a: Sinistcha|28/100
|-damage|p1b: Incineroar|73/100|[from] Recoil
|move|p2a: Sinistcha|Shadow Ball|p1a: Sinistcha
|-supereffective|p1a: Sinistcha|1
|-damage|p1a: Sinistcha|29/100
|
|-heal|p2a: Sinistcha|35/100|[from] item: Leftovers
|upkeep
|turn|3
|
|t:|1785690770
|switch|p2a: Tyranitar|Tyranitar, L50, F, shiny|100/100
|-weather|Sandstorm|[from] ability: Sand Stream|[of] p2a: Tyranitar
|switch|p1a: Blastoise|Blastoise, L50, F|100/100
|move|p1b: Incineroar|Flare Blitz|p2a: Tyranitar
|-resisted|p2a: Tyranitar|1
|-damage|p2a: Tyranitar|78/100
|-damage|p1b: Incineroar|67/100|[from] Recoil
|move|p2b: Corviknight|Tailwind|p2b: Corviknight
|-sidestart|p2: davi_valk|move: Tailwind
|
|-weather|Sandstorm|[upkeep]
|-damage|p1a: Blastoise|94/100|[from] Sandstorm
|-damage|p1b: Incineroar|61/100|[from] Sandstorm
|upkeep
|turn|4
|inactive|davi_valk has 30 seconds left.
|
|t:|1785690805
|switch|p1b: Sneasler|Sneasler, L50, F|100/100
|detailschange|p1a: Blastoise|Blastoise-Mega, L50, F
|-mega|p1a: Blastoise|Blastoise|Blastoisinite
|move|p1a: Blastoise|Protect|p1a: Blastoise
|-singleturn|p1a: Blastoise|Protect
|move|p2a: Tyranitar|Low Kick|p1a: Blastoise
|-activate|p1a: Blastoise|move: Protect
|move|p2b: Corviknight|Brave Bird|p1a: Blastoise
|-activate|p1a: Blastoise|move: Protect
|
|-weather|Sandstorm|[upkeep]
|-damage|p1b: Sneasler|94/100|[from] Sandstorm
|-damage|p1a: Blastoise|88/100|[from] Sandstorm
|upkeep
|turn|5
|
|t:|1785690827
|move|p1b: Sneasler|Fake Out|p2a: Tyranitar
|-resisted|p2a: Tyranitar|1
|-damage|p2a: Tyranitar|72/100
|-status|p2a: Tyranitar|psn|[from] ability: Poison Touch|[of] p1b: Sneasler
|cant|p2a: Tyranitar|flinch
|move|p2b: Corviknight|Brave Bird|p1a: Blastoise
|-damage|p1a: Blastoise|25/100
|-damage|p2b: Corviknight|82/100|[from] Recoil
|-damage|p2b: Corviknight|73/100|[from] item: Life Orb
|move|p1a: Blastoise|Shell Smash|p1a: Blastoise
|-unboost|p1a: Blastoise|def|1
|-unboost|p1a: Blastoise|spd|1
|-boost|p1a: Blastoise|atk|2
|-boost|p1a: Blastoise|spa|2
|-boost|p1a: Blastoise|spe|2
|
|-weather|Sandstorm|[upkeep]
|-damage|p1a: Blastoise|19/100|[from] Sandstorm
|-damage|p1b: Sneasler|88/100|[from] Sandstorm
|-damage|p2a: Tyranitar|60/100 psn|[from] psn
|upkeep
|turn|6
|inactive|davi_valk has 30 seconds left.
|
|t:|1785690855
|switch|p1b: Sinistcha|Sinistcha, L50|29/100
|-heal|p1a: Blastoise|44/100|[from] ability: Hospitality|[of] p1b: Sinistcha
|move|p1a: Blastoise|Protect|p1a: Blastoise
|-singleturn|p1a: Blastoise|Protect
|move|p2b: Corviknight|Protect|p2b: Corviknight
|-singleturn|p2b: Corviknight|Protect
|move|p2a: Tyranitar|Low Kick|p1a: Blastoise
|-activate|p1a: Blastoise|move: Protect
|
|-weather|Sandstorm|[upkeep]
|-damage|p1a: Blastoise|38/100|[from] Sandstorm
|-damage|p1b: Sinistcha|23/100|[from] Sandstorm
|-damage|p2a: Tyranitar|48/100 psn|[from] psn
|-sideend|p2: davi_valk|move: Tailwind
|upkeep
|turn|7
|inactive|ole book has 30 seconds left.
|inactive|davi_valk has 30 seconds left.
|
|t:|1785690889
|switch|p2a: Sinistcha|Sinistcha, L50|35/100
|-heal|p2b: Corviknight|97/100|[from] ability: Hospitality|[of] p2a: Sinistcha
|move|p1b: Sinistcha|Rage Powder|p1b: Sinistcha
|-singleturn|p1b: Sinistcha|move: Rage Powder
|move|p1a: Blastoise|Water Spout|p2b: Corviknight|[spread] p2a,p2b
|-resisted|p2a: Sinistcha|1
|-damage|p2a: Sinistcha|6/100
|-damage|p2b: Corviknight|45/100
|move|p2b: Corviknight|Tailwind|p2b: Corviknight
|-sidestart|p2: davi_valk|move: Tailwind
|
|-weather|none
|-heal|p2a: Sinistcha|12/100|[from] item: Leftovers
|upkeep
|turn|8
|inactive|davi_valk has 30 seconds left.
|
|t:|1785690915
|move|p1b: Sinistcha|Rage Powder|p1b: Sinistcha
|-singleturn|p1b: Sinistcha|move: Rage Powder
|move|p1a: Blastoise|Water Spout|p2a: Sinistcha|[spread] p2a,p2b
|-resisted|p2a: Sinistcha|1
|-damage|p2a: Sinistcha|0 fnt
|-damage|p2b: Corviknight|0 fnt
|faint|p2a: Sinistcha
|faint|p2b: Corviknight
|
|upkeep
|
|t:|1785690924
|switch|p2b: Tyranitar|Tyranitar, L50, F, shiny|48/100 psn
|switch|p2a: Raichu|Raichu-Mega-Y, L50, M|100/100
|-weather|Sandstorm|[from] ability: Sand Stream|[of] p2b: Tyranitar
|turn|9
|
|t:|1785690936
|switch|p1b: Incineroar|Incineroar, L50, F|61/100
|-ability|p1b: Incineroar|Intimidate|boost
|-unboost|p2a: Raichu|atk|1
|-unboost|p2b: Tyranitar|atk|1
|move|p1a: Blastoise|Protect|p1a: Blastoise
|-singleturn|p1a: Blastoise|Protect
|move|p2a: Raichu|Fake Out|p1a: Blastoise
|-activate|p1a: Blastoise|move: Protect
|move|p2b: Tyranitar|Rock Slide|p1a: Blastoise|[spread] p1b
|-activate|p1a: Blastoise|move: Protect
|-supereffective|p1b: Incineroar|1
|-damage|p1b: Incineroar|18/100
|-enditem|p1b: Incineroar|Sitrus Berry|[eat]
|-heal|p1b: Incineroar|43/100|[from] item: Sitrus Berry
|
|-weather|Sandstorm|[upkeep]
|-damage|p2a: Raichu|93/100|[from] Sandstorm
|-damage|p1a: Blastoise|32/100|[from] Sandstorm
|-damage|p1b: Incineroar|37/100|[from] Sandstorm
|-damage|p2b: Tyranitar|36/100 psn|[from] psn
|upkeep
|turn|10
|inactive|davi_valk has 30 seconds left.
|
|t:|1785690962
|move|p1b: Incineroar|Fake Out|p2b: Tyranitar
|-resisted|p2b: Tyranitar|1
|-damage|p2b: Tyranitar|32/100 psn
|move|p2a: Raichu|Encore|p1a: Blastoise
|-start|p1a: Blastoise|Encore
|move|p1a: Blastoise|Protect||[still]
|-fail|p1a: Blastoise
|cant|p2b: Tyranitar|flinch
|
|-weather|Sandstorm|[upkeep]
|-damage|p2a: Raichu|87/100|[from] Sandstorm
|-damage|p1a: Blastoise|26/100|[from] Sandstorm
|-damage|p1b: Incineroar|31/100|[from] Sandstorm
|-damage|p2b: Tyranitar|20/100r psn|[from] psn
|-sideend|p2: davi_valk|move: Tailwind
|upkeep
|turn|11
|
|t:|1785690981
|switch|p1b: Sinistcha|Sinistcha, L50|23/100
|-heal|p1a: Blastoise|51/100|[from] ability: Hospitality|[of] p1b: Sinistcha
|move|p1a: Blastoise|Protect|p1a: Blastoise
|-singleturn|p1a: Blastoise|Protect
|move|p2a: Raichu|Focus Blast|p1b: Sinistcha
|-immune|p1b: Sinistcha
|move|p2b: Tyranitar|Rock Slide|p1a: Blastoise|[spread] p1b
|-activate|p1a: Blastoise|move: Protect
|-damage|p1b: Sinistcha|7/100
|
|-weather|Sandstorm|[upkeep]
|-damage|p1a: Blastoise|46/100|[from] Sandstorm
|-damage|p2a: Raichu|81/100|[from] Sandstorm
|-damage|p1b: Sinistcha|1/100|[from] Sandstorm
|-damage|p2b: Tyranitar|8/100 psn|[from] psn
|upkeep
|turn|12
|inactive|davi_valk has 30 seconds left.
|
|t:|1785691013
|switch|p1b: Incineroar|Incineroar, L50, F|31/100
|-ability|p1b: Incineroar|Intimidate|boost
|-unboost|p2a: Raichu|atk|1
|-unboost|p2b: Tyranitar|atk|1
|move|p1a: Blastoise|Protect|p1a: Blastoise
|-singleturn|p1a: Blastoise|Protect
|move|p2a: Raichu|Zap Cannon|p1a: Blastoise
|-activate|p1a: Blastoise|move: Protect
|move|p2b: Tyranitar|Rock Slide|p1b: Incineroar|[spread] 
|-activate|p1a: Blastoise|move: Protect
|-miss|p2b: Tyranitar|p1b: Incineroar
|
|-weather|Sandstorm|[upkeep]
|-damage|p1a: Blastoise|40/100|[from] Sandstorm
|-damage|p2a: Raichu|75/100|[from] Sandstorm
|-damage|p1b: Incineroar|25/100|[from] Sandstorm
|-damage|p2b: Tyranitar|0 fnt|[from] psn
|faint|p2b: Tyranitar
|-end|p1a: Blastoise|Encore
|upkeep
|turn|13
|
|t:|1785691034
|move|p1a: Blastoise|Protect||[still]
|-fail|p1a: Blastoise
|move|p1b: Incineroar|Fake Out|p2a: Raichu
|-damage|p2a: Raichu|59/100
|cant|p2a: Raichu|flinch
|
|-weather|none
|upkeep
|turn|14
|
|t:|1785691044
|switch|p1b: Sinistcha|Sinistcha, L50|1/100
|-heal|p1a: Blastoise|65/100|[from] ability: Hospitality|[of] p1b: Sinistcha
|move|p1a: Blastoise|Water Spout|p2a: Raichu
|-damage|p2a: Raichu|0 fnt
|faint|p2a: Raichu
|
|win|ole book
