|j|☆new mental
|j|☆Parmesanlugubre206
|html|new mentalParmesanlugubre206    
|uhtml|bestof|Game 2 of a best-of-3
|t:|1784298999
|gametype|doubles
|player|p1|new mental|volkner|1268
|player|p2|Parmesanlugubre206|ethan|1317
|gen|9
|tier|[Gen 9 Champions] VGC 2026 Reg M-B (Bo3)
|rated|
|rule|Species Clause: Limit one of each Pokémon
|rule|Item Clause: Limit 1 of each item
|clearpoke
|poke|p1|Incineroar, L50, F|
|poke|p1|Maushold, L50|
|poke|p1|Sinistcha, L50|
|poke|p1|Sneasler, L50, F|
|poke|p1|Blastoise, L50, F|
|poke|p1|Delphox, L50, M|
|poke|p2|Pelipper, L50, F|
|poke|p2|Archaludon, L50, F|
|poke|p2|Alakazam, L50, F|
|poke|p2|Swampert, L50, M|
|poke|p2|Annihilape, L50, M|
|poke|p2|Tsareena, L50, F|
|teampreview|4
|showteam|p1|Incineroar||SitrusBerry|Intimidate|FakeOut,FlareBlitz,DarkestLariat,PartingShot|Impish||F|||50|]Maushold||ChopleBerry|FriendGuard|SuperFang,FollowMe,Protect,Feint|Impish|||||50|]Sinistcha||OccaBerry|Hospitality|MatchaGotcha,LifeDew,RagePowder,Protect|Bold|||||50|]Sneasler||FocusSash|PoisonTouch|FakeOut,CloseCombat,DireClaw,QuickGuard|Jolly||F|||50|]Blastoise||Blastoisinite|Torrent|WaterSpout,DarkPulse,ShellSmash,Protect|Modest||F|||50|]Delphox||Delphoxite|Blaze|HeatWave,Psychic,NastyPlot,Protect|Timid||M|||50|
|showteam|p2|Pelipper||LifeOrb|Drizzle|WeatherBall,Hurricane,Tailwind,WideGuard|Modest||F|||50|]Archaludon||Leftovers|Stamina|ElectroShot,Snarl,DragonPulse,Protect|Modest||F|||50|]Alakazam||Alakazite|InnerFocus|Psychic,RainDance,SpeedSwap,FocusBlast|Timid||F|||50|]Swampert||Swampertite|Torrent|WaveCrash,Earthquake,IcePunch,Protect|Adamant||M|||50|]Annihilape||FocusSash|Defiant|CloseCombat,PhantomForce,RockTomb,Protect|Jolly||M|||50|]Tsareena||ChoiceScarf|QueenlyMajesty|TropKick,KnockOff,LowKick,Uturn|Jolly||F|||50|
|inactive|Battle timer is ON: inactive players will automatically lose when time's up. (requested by Parmesanlugubre206)
|j| norrale
|
|t:|1784299026
|teamsize|p1|4
|teamsize|p2|4
|start
|switch|p1a: Maushold|Maushold, L50|100/100
|switch|p1b: Blastoise|Blastoise, L50, F|100/100
|switch|p2a: Swampert|Swampert, L50, M|100/100
|switch|p2b: Pelipper|Pelipper, L50, F|100/100
|-weather|RainDance|[from] ability: Drizzle|[of] p2b: Pelipper
|turn|1
|
|t:|1784299033
|detailschange|p1b: Blastoise|Blastoise-Mega, L50, F
|-mega|p1b: Blastoise|Blastoise|Blastoisinite
|detailschange|p2a: Swampert|Swampert-Mega, L50, M
|-mega|p2a: Swampert|Swampert|Swampertite
|move|p1a: Maushold|Follow Me|p1a: Maushold
|-singleturn|p1a: Maushold|move: Follow Me
|move|p2a: Swampert|Earthquake|p1b: Blastoise|[spread] p1a,p1b
|-immune|p2b: Pelipper
|-damage|p1a: Maushold|55/100
|-damage|p1b: Blastoise|66/100
|move|p1b: Blastoise|Shell Smash|p1b: Blastoise
|-unboost|p1b: Blastoise|def|1
|-unboost|p1b: Blastoise|spd|1
|-boost|p1b: Blastoise|atk|2
|-boost|p1b: Blastoise|spa|2
|-boost|p1b: Blastoise|spe|2
|move|p2b: Pelipper|Tailwind|p2b: Pelipper
|-sidestart|p2: Parmesanlugubre206|move: Tailwind
|
|-weather|RainDance|[upkeep]
|upkeep
|turn|2
|inactive|new mental has 30 seconds left.
|inactive|new mental has 20 seconds left.
|inactive|new mental has 15 seconds left.
|inactive|new mental has 10 seconds left.
|
|t:|1784299079
|move|p1a: Maushold|Follow Me|p1a: Maushold
|-singleturn|p1a: Maushold|move: Follow Me
|move|p2a: Swampert|Earthquake|p1b: Blastoise|[spread] p1a,p1b
|-immune|p2b: Pelipper
|-damage|p1a: Maushold|6/100
|-damage|p1b: Blastoise|12/100
|move|p1b: Blastoise|Dark Pulse|p2b: Pelipper
|-damage|p2b: Pelipper|0 fnt
|faint|p2b: Pelipper
|
|-weather|RainDance|[upkeep]
|upkeep
|
|t:|1784299096
|switch|p2b: Annihilape|Annihilape, L50, M|100/100
|turn|3
|inactive|new mental has 30 seconds left.
|
|t:|1784299123
|switch|p1a: Sinistcha|Sinistcha, L50|100/100
|-heal|p1b: Blastoise|37/100|[from] ability: Hospitality|[of] p1a: Sinistcha
|move|p1b: Blastoise|Protect|p1b: Blastoise
|-singleturn|p1b: Blastoise|Protect
|move|p2a: Swampert|Ice Punch|p1a: Sinistcha
|-supereffective|p1a: Sinistcha|1
|-damage|p1a: Sinistcha|41/100
|move|p2b: Annihilape|Phantom Force||[still]
|-prepare|p2b: Annihilape|Phantom Force
|
|-weather|RainDance|[upkeep]
|upkeep
|turn|4
|inactive|new mental has 30 seconds left.
|
|t:|1784299150
|switch|p1a: Maushold|Maushold, L50|6/100
|move|p2a: Swampert|Earthquake|p1b: Blastoise|[spread] p1a,p1b
|-miss|p2a: Swampert|p2b: Annihilape
|-damage|p1a: Maushold|0 fnt
|-damage|p1b: Blastoise|0 fnt
|faint|p1a: Maushold
|faint|p1b: Blastoise
|move|p2b: Annihilape|Phantom Force|p1: Maushold|[from] lockedmove|[notarget]
|-fail|p2b: Annihilape
|
|-weather|RainDance|[upkeep]
|-sideend|p2: Parmesanlugubre206|move: Tailwind
|upkeep
|
|t:|1784299161
|switch|p1a: Sinistcha|Sinistcha, L50|41/100
|switch|p1b: Sneasler|Sneasler, L50, F|100/100
|turn|5
|
|t:|1784299167
|move|p1b: Sneasler|Fake Out|p2a: Swampert
|-damage|p2a: Swampert|87/100
|cant|p2a: Swampert|flinch
|move|p2b: Annihilape|Phantom Force||[still]
|-prepare|p2b: Annihilape|Phantom Force
|move|p1a: Sinistcha|Matcha Gotcha|p2b: Annihilape|[spread] p2a
|-miss|p1a: Sinistcha|p2b: Annihilape
|-supereffective|p2a: Swampert|2
|-damage|p2a: Swampert|0 fnt
|-heal|p1a: Sinistcha|85/100|[from] drain|[of] p2a: Swampert
|faint|p2a: Swampert
|
|-weather|none
|upkeep
|
|t:|1784299169
|switch|p2a: Alakazam|Alakazam, L50, F|100/100
|turn|6
|inactive|new mental has 30 seconds left.
|
|t:|1784299202
|move|p1a: Sinistcha|Rage Powder|p1a: Sinistcha
|-singleturn|p1a: Sinistcha|move: Rage Powder
|move|p2a: Alakazam|Psychic|p1a: Sinistcha
|-damage|p1a: Sinistcha|41/100
|move|p1b: Sneasler|Dire Claw|p2a: Alakazam
|-damage|p2a: Alakazam|0 fnt
|faint|p2a: Alakazam
|move|p2b: Annihilape|Phantom Force|p1a: Sinistcha|[from] lockedmove
|-supereffective|p1a: Sinistcha|1
|-damage|p1a: Sinistcha|0 fnt
|faint|p1a: Sinistcha
|
|upkeep
|turn|7
|
|t:|1784299216
|move|p1b: Sneasler|Dire Claw|p2b: Annihilape
|-resisted|p2b: Annihilape|1
|-damage|p2b: Annihilape|77/100
|move|p2b: Annihilape|Rock Tomb|p1b: Sneasler
|-resisted|p1b: Sneasler|1
|-damage|p1b: Sneasler|83/100
|-unboost|p1b: Sneasler|spe|1
|
|upkeep
|turn|8
|
|t:|1784299225
|move|p2b: Annihilape|Phantom Force||[still]
|-prepare|p2b: Annihilape|Phantom Force
|move|p1b: Sneasler|Dire Claw|p2b: Annihilape|[miss]
|-miss|p1b: Sneasler|p2b: Annihilape
|
|upkeep
|turn|9
|
|t:|1784299229
|move|p2b: Annihilape|Phantom Force|p1b: Sneasler|[from] lockedmove
|-damage|p1b: Sneasler|15/100
|move|p1b: Sneasler|Dire Claw|p2b: Annihilape
|-resisted|p2b: Annihilape|1
|-damage|p2b: Annihilape|51/100
|-status|p2b: Annihilape|par
|
|upkeep
|turn|10
|
|t:|1784299249
|move|p1b: Sneasler|Dire Claw|p2b: Annihilape
|-resisted|p2b: Annihilape|1
|-damage|p2b: Annihilape|26/100 par
|move|p2b: Annihilape|Close Combat|p1b: Sneasler
|-resisted|p1b: Sneasler|1
|-damage|p1b: Sneasler|0 fnt
|-unboost|p2b: Annihilape|def|1
|-unboost|p2b: Annihilape|spd|1
|faint|p1b: Sneasler
|
|win|Parmesanlugubre206
|raw|new mental's rating: 1268 → 1247(-21 for losing)
|raw|Parmesanlugubre206's rating: 1317 → 1334(+17 for winning)
