|j|☆fili53
|j|☆JaviChicaino
|html|fili53JaviChicaino    
|uhtml|bestof|Game 2 of a best-of-3
|t:|1756465225
|gametype|doubles
|player|p1|fili53|cress|1207
|player|p2|JaviChicaino|drayden|1312
|gen|9
|tier|[Gen 9] VGC 2025 Reg H (Bo3)
|rated|
|rule|Species Clause: Limit one of each Pokémon
|rule|Item Clause: Limit 1 of each item
|clearpoke
|poke|p1|Arcanine-Hisui, L50, M|
|poke|p1|Rillaboom, L50, M|
|poke|p1|Clefable, L50, F|
|poke|p1|Inteleon, L50, M|
|poke|p1|Sneasler, L50, F|
|poke|p1|Dragapult, L50, F|
|poke|p2|Electabuzz, L50, M|
|poke|p2|Kingambit, L50, M|
|poke|p2|Rillaboom, L50, M|
|poke|p2|Sneasler, L50, M|
|poke|p2|Volcarona, L50, F|
|poke|p2|Dragonite, L50, M|
|teampreview|4
|showteam|p1|Arcanine-Hisui||ClearAmulet|Intimidate|FlareBlitz,RockSlide,ExtremeSpeed,Protect|||M|||50|,,,,,Water]Rillaboom||AssaultVest|GrassySurge|WoodHammer,GrassyGlide,HighHorsepower,FakeOut|||M|||50|,,,,,Fire]Clefable||SafetyGoggles|Unaware|Moonblast,FollowMe,HelpingHand,Protect|||F|||50|,,,,,Poison]Inteleon||RazorClaw|Sniper|SnipeShot,IceBeam,Taunt,Protect|||M|||50|,,,,,Water]Sneasler||FocusSash|Unburden|CloseCombat,DireClaw,FakeOut,Protect|||F|||50|,,,,,Stellar]Dragapult||ChoiceBand|ClearBody|DragonDarts,Outrage,PhantomForce,Uturn|||F|||50|,,,,,Dragon
|showteam|p2|Electabuzz||Eviolite|VitalSpirit|FollowMe,Taunt,Thunderbolt,Protect|||M|||50|,,,,,Ghost]Kingambit||BlackGlasses|Defiant|KowtowCleave,SuckerPunch,SwordsDance,Protect|||M|||50|,,,,,Dark]Rillaboom||AssaultVest|GrassySurge|FakeOut,WoodHammer,GrassyGlide,HighHorsepower|||M|||50|,,,,,Fire]Sneasler||FocusSash|PoisonTouch|DireClaw,CloseCombat,FakeOut,Coaching|||M|||50|,,,,,Stellar]Volcarona||Leftovers|FlameBody|HeatWave,GigaDrain,QuiverDance,Protect|||F|||50|,,,,,Grass]Dragonite||LoadedDice|Multiscale|ScaleShot,ExtremeSpeed,Haze,Protect|||M|||50|,,,,,Fairy
|
|t:|1756465255
|teamsize|p1|4
|teamsize|p2|4
|start
|switch|p1a: Inteleon|Inteleon, L50, M|100/100
|switch|p1b: Clefable|Clefable, L50, F|100/100
|switch|p2a: Volcarona|Volcarona, L50, F|100/100
|switch|p2b: Sneasler|Sneasler, L50, M, shiny|100/100
|turn|1
|
|t:|1756465288
|switch|p1a: Arcanine|Arcanine-Hisui, L50, M|100/100
|-ability|p1a: Arcanine|Intimidate|boost
|-unboost|p2a: Volcarona|atk|1
|-unboost|p2b: Sneasler|atk|1
|switch|p1b: Sneasler|Sneasler, L50, F|100/100
|move|p2b: Sneasler|Fake Out|p1a: Arcanine
|-resisted|p1a: Arcanine
|-damage|p1a: Arcanine|95/100
|-status|p1a: Arcanine|psn|[from] ability: Poison Touch|[of] p2b: Sneasler
|move|p2a: Volcarona|Quiver Dance|p2a: Volcarona
|-boost|p2a: Volcarona|spa|1
|-boost|p2a: Volcarona|spd|1
|-boost|p2a: Volcarona|spe|1
|
|-damage|p1a: Arcanine|83/100 psn|[from] psn
|upkeep
|turn|2
|
|t:|1756465321
|switch|p2b: Electabuzz|Electabuzz, L50, M|100/100
|move|p2a: Volcarona|Protect|p2a: Volcarona
|-singleturn|p2a: Volcarona|Protect
|move|p1b: Sneasler|Fake Out|p2b: Electabuzz
|-damage|p2b: Electabuzz|89/100
|move|p1a: Arcanine|Flare Blitz|p2a: Volcarona
|-activate|p2a: Volcarona|move: Protect
|
|-damage|p1a: Arcanine|71/100 psn|[from] psn
|upkeep
|turn|3
|
|t:|1756465338
|move|p2b: Electabuzz|Follow Me|p2b: Electabuzz
|-singleturn|p2b: Electabuzz|move: Follow Me
|move|p2a: Volcarona|Heat Wave|p1a: Arcanine|[spread] p1a,p1b
|-resisted|p1a: Arcanine
|-damage|p1a: Arcanine|58/100 psn
|-damage|p1b: Sneasler|29/100
|move|p1b: Sneasler|Close Combat|p2b: Electabuzz
|-damage|p2b: Electabuzz|42/100
|-unboost|p1b: Sneasler|def|1
|-unboost|p1b: Sneasler|spd|1
|move|p1a: Arcanine|Rock Slide|p2b: Electabuzz|[spread] p2a,p2b
|-supereffective|p2a: Volcarona
|-damage|p2a: Volcarona|0 fnt
|-damage|p2b: Electabuzz|24/100
|faint|p2a: Volcarona
|
|-damage|p1a: Arcanine|46/100 psn|[from] psn
|upkeep
|
|t:|1756465377
|switch|p2a: Sneasler|Sneasler, L50, M, shiny|100/100
|turn|4
|
|t:|1756465388
|switch|p1a: Clefable|Clefable, L50, F|100/100
|move|p1b: Sneasler|Protect|p1b: Sneasler
|-singleturn|p1b: Sneasler|Protect
|move|p2a: Sneasler|Fake Out|p1a: Clefable
|-damage|p1a: Clefable|88/100
|-status|p1a: Clefable|psn|[from] ability: Poison Touch|[of] p2a: Sneasler
|move|p2b: Electabuzz|Thunderbolt|p1b: Sneasler
|-activate|p1b: Sneasler|move: Protect
|
|-damage|p1a: Clefable|76/100 psn|[from] psn
|upkeep
|turn|5
|
|t:|1756465411
|-terastallize|p1a: Clefable|Poison
|move|p1b: Sneasler|Dire Claw|p2b: Electabuzz
|-damage|p2b: Electabuzz|0 fnt
|faint|p2b: Electabuzz
|move|p2a: Sneasler|Dire Claw|p1a: Clefable
|-resisted|p1a: Clefable
|-damage|p1a: Clefable|57/100 psn
|move|p1a: Clefable|Moonblast|p2a: Sneasler
|-damage|p2a: Sneasler|58/100
|
|-damage|p1a: Clefable|45/100 psn|[from] psn
|upkeep
|
|t:|1756465414
|switch|p2b: Kingambit|Kingambit, L50, M|100/100
|turn|6
|
|t:|1756465432
|move|p2b: Kingambit|Protect|p2b: Kingambit
|-singleturn|p2b: Kingambit|Protect
|move|p1a: Clefable|Follow Me|p1a: Clefable
|-singleturn|p1a: Clefable|move: Follow Me
|move|p1b: Sneasler|Close Combat|p2b: Kingambit
|-activate|p2b: Kingambit|move: Protect
|move|p2a: Sneasler|Coaching|p2b: Kingambit
|-boost|p2b: Kingambit|atk|1
|-boost|p2b: Kingambit|def|1
|
|-damage|p1a: Clefable|33/100 psn|[from] psn
|upkeep
|turn|7
|
|t:|1756465453
|-terastallize|p2b: Kingambit|Dark
|move|p1a: Clefable|Helping Hand|p1b: Sneasler
|-singleturn|p1b: Sneasler|Helping Hand|[of] p1a: Clefable
|move|p2a: Sneasler|Dire Claw|p1b: Sneasler
|-resisted|p1b: Sneasler
|-damage|p1b: Sneasler|0 fnt
|faint|p1b: Sneasler
|move|p2b: Kingambit|Kowtow Cleave|p1a: Clefable
|-damage|p1a: Clefable|0 fnt
|faint|p1a: Clefable
|
|upkeep
|
|t:|1756465463
|switch|p1b: Inteleon|Inteleon, L50, M|100/100
|switch|p1a: Arcanine|Arcanine-Hisui, L50, M|46/100 psn
|-ability|p1a: Arcanine|Intimidate|boost
|-unboost|p2a: Sneasler|atk|1
|-unboost|p2b: Kingambit|atk|1
|-ability|p2b: Kingambit|Defiant|boost
|-boost|p2b: Kingambit|atk|2
|turn|8
|
|t:|1756465484
|move|p1a: Arcanine|Protect|p1a: Arcanine
|-singleturn|p1a: Arcanine|Protect
|move|p2b: Kingambit|Sucker Punch|p1b: Inteleon
|-damage|p1b: Inteleon|0 fnt
|faint|p1b: Inteleon
|move|p2a: Sneasler|Close Combat|p1a: Arcanine
|-activate|p1a: Arcanine|move: Protect
|
|-damage|p1a: Arcanine|34/100 psn|[from] psn
|upkeep
|turn|9
|-message|fili53 forfeited.
|
|win|JaviChicaino
|raw|fili53's rating: 1207 → 1189(-18 for losing)
|raw|JaviChicaino's rating: 1312 → 1326(+14 for winning)
|l|☆fili53
|player|p1|
|l|☆JaviChicaino
|player|p2|
|j|☆fili53
|player|p1|fili53|cress|
