|j|☆ProtoZeroYT
|j|☆inadomi
|html|ProtoZeroYTinadomi    
|uhtml|bestof|Game 2 of a best-of-3
|t:|1757138724
|gametype|doubles
|player|p1|ProtoZeroYT|miku-flying|1096
|player|p2|inadomi|lady-gen4|1136
|gen|9
|tier|[Gen 9] VGC 2025 Reg H (Bo3)
|rated|
|rule|Species Clause: Limit one of each Pokémon
|rule|Item Clause: Limit 1 of each item
|clearpoke
|poke|p1|Sneasler, L50, F|
|poke|p1|Indeedee, L50, M|
|poke|p1|Volcarona, L50, M|
|poke|p1|Ursaluna-Bloodmoon, L50, M|
|poke|p1|Annihilape, L50, F|
|poke|p1|Tyranitar, L50, M|
|poke|p2|Indeedee, L50, M|
|poke|p2|Drifblim, L50, M|
|poke|p2|Volcarona, L50, F|
|poke|p2|Kommo-o, L50, M|
|poke|p2|Toxtricity, L50, M|
|poke|p2|Hydreigon, L50, M|
|teampreview|4
|showteam|p1|Sneasler||PsychicSeed|Unburden|CloseCombat,DireClaw,ThroatChop,Protect|||F|||50|,,,,,Dark]Indeedee||ChoiceScarf|PsychicSurge|ExpandingForce,TeraBlast,Trick,Protect|||M|||50|,,,,,Psychic]Volcarona||SitrusBerry|FlameBody|Overheat,StruggleBug,RagePowder,Tailwind|||M|||50|,,,,,Grass]Ursaluna-Bloodmoon||LifeOrb|MindsEye|BloodMoon,HyperVoice,EarthPower,Protect|||M|||50|,,,,,Normal]Annihilape||SafetyGoggles|Defiant|CloseCombat,RageFist,Taunt,FinalGambit|||F|||50|,,,,,Fairy]Tyranitar||AssaultVest|SandStream|RockSlide,KnockOff,TeraBlast,LowKick|||M|||50|,,,,,Flying
|showteam|p2|Indeedee||FocusSash|PsychicSurge|ExpandingForce,TeraBlast,Imprison,TrickRoom|||M|||50|,,,,,Ground]Drifblim||PsychicSeed|Unburden|Acrobatics,WillOWisp,StrengthSap,Tailwind|||M|||50|,,,,,Flying]Volcarona||LifeOrb|FlameBody|BugBuzz,HeatWave,TeraBlast,GigaDrain|||F|||50|,,,,,Fairy]Kommo-o||Leftovers|Soundproof|BodyPress,Flamethrower,IronDefense,Protect|||M|||50|,,,,,Fire]Toxtricity||ChoiceSpecs|PunkRock|Overdrive,SludgeBomb,Boomburst,VoltSwitch|||M|||50|,,,,,Normal]Hydreigon||AssaultVest|Levitate|DarkPulse,DracoMeteor,FlashCannon,Snarl|||M|||50|,,,,,Ghost
|inactive|Battle timer is ON: inactive players will automatically lose when time's up. (requested by inadomi)
|inactive|ProtoZeroYT has 60 seconds left.
|
|t:|1757138755
|teamsize|p1|4
|teamsize|p2|4
|start
|switch|p1a: Volcarona|Volcarona, L50, M|100/100
|switch|p1b: Tyranitar|Tyranitar, L50, M|100/100
|switch|p2a: Indeedee|Indeedee, L50, M|100/100
|switch|p2b: Drifblim|Drifblim, L50, M|100/100
|-fieldstart|move: Psychic Terrain|[from] ability: Psychic Surge|[of] p2a: Indeedee
|-enditem|p2b: Drifblim|Psychic Seed
|-boost|p2b: Drifblim|spd|1|[from] item: Psychic Seed
|-weather|Sandstorm|[from] ability: Sand Stream|[of] p1b: Tyranitar
|turn|1
|inactive|ProtoZeroYT has 30 seconds left.
|
|t:|1757138782
|switch|p2a: Hydreigon|Hydreigon, L50, M|100/100
|move|p2b: Drifblim|Tailwind|p2b: Drifblim
|-sidestart|p2: inadomi|move: Tailwind
|move|p1a: Volcarona|Tailwind|p1a: Volcarona
|-sidestart|p1: ProtoZeroYT|move: Tailwind
|move|p1b: Tyranitar|Knock Off|p2a: Hydreigon
|-resisted|p2a: Hydreigon
|-damage|p2a: Hydreigon|71/100
|-enditem|p2a: Hydreigon|Assault Vest|[from] move: Knock Off|[of] p1b: Tyranitar
|
|-weather|Sandstorm|[upkeep]
|-damage|p2b: Drifblim|94/100|[from] Sandstorm
|-damage|p1a: Volcarona|94/100|[from] Sandstorm
|-damage|p2a: Hydreigon|65/100|[from] Sandstorm
|upkeep
|turn|2
|inactive|ProtoZeroYT has 30 seconds left.
|inactive|inadomi has 30 seconds left.
|
|t:|1757138812
|-terastallize|p2b: Drifblim|Flying
|move|p2b: Drifblim|Acrobatics|p1a: Volcarona
|-supereffective|p1a: Volcarona
|-damage|p1a: Volcarona|0 fnt
|-status|p2b: Drifblim|brn|[from] ability: Flame Body|[of] p1a: Volcarona
|faint|p1a: Volcarona
|move|p2a: Hydreigon|Snarl|p1b: Tyranitar
|-resisted|p1b: Tyranitar
|-damage|p1b: Tyranitar|95/100
|-unboost|p1b: Tyranitar|spa|1
|move|p1b: Tyranitar|Low Kick|p2a: Hydreigon
|-supereffective|p2a: Hydreigon
|-damage|p2a: Hydreigon|0 fnt
|faint|p2a: Hydreigon
|
|-weather|Sandstorm|[upkeep]
|-damage|p2b: Drifblim|88/100 brn|[from] Sandstorm
|-damage|p2b: Drifblim|82/100 brn|[from] brn
|upkeep
|
|t:|1757138836
|switch|p1a: Ursaluna|Ursaluna-Bloodmoon, L50, M|100/100
|switch|p2a: Kommo-o|Kommo-o, L50, M|100/100
|turn|3
|inactive|ProtoZeroYT has 30 seconds left.
|inactive|ProtoZeroYT has 20 seconds left.
|
|t:|1757138874
|-terastallize|p1a: Ursaluna|Normal
|move|p2b: Drifblim|Strength Sap|p1b: Tyranitar
|-unboost|p1b: Tyranitar|atk|1
|-heal|p2b: Drifblim|100/100 brn
|move|p2a: Kommo-o|Iron Defense|p2a: Kommo-o
|-boost|p2a: Kommo-o|def|2
|move|p1b: Tyranitar|Knock Off|p2b: Drifblim
|-damage|p2b: Drifblim|71/100 brn
|move|p1a: Ursaluna|Blood Moon|p2a: Kommo-o
|-damage|p2a: Kommo-o|0 fnt
|faint|p2a: Kommo-o
|-damage|p1a: Ursaluna|91/100|[from] item: Life Orb
|
|-weather|Sandstorm|[upkeep]
|-damage|p2b: Drifblim|64/100 brn|[from] Sandstorm
|-damage|p1a: Ursaluna|85/100|[from] Sandstorm
|-damage|p2b: Drifblim|58/100 brn|[from] brn
|upkeep
|
|t:|1757138892
|switch|p2a: Indeedee|Indeedee, L50, M|100/100
|turn|4
|
|t:|1757138910
|move|p2b: Drifblim|Strength Sap|p1b: Tyranitar
|-unboost|p1b: Tyranitar|atk|1
|-heal|p2b: Drifblim|100/100 brn
|move|p2a: Indeedee|Expanding Force|p1b: Tyranitar|[spread] p1a
|-immune|p1b: Tyranitar
|-damage|p1a: Ursaluna|21/100
|move|p1b: Tyranitar|Rock Slide|p2a: Indeedee|[spread] p2a,p2b
|-supereffective|p2b: Drifblim
|-damage|p2a: Indeedee|66/100
|-damage|p2b: Drifblim|66/100 brn
|move|p1a: Ursaluna|Hyper Voice|p2b: Drifblim|[spread] p2a,p2b
|-damage|p2a: Indeedee|0 fnt
|-damage|p2b: Drifblim|23/100 brn
|faint|p2a: Indeedee
|-damage|p1a: Ursaluna|12/100|[from] item: Life Orb
|
|-weather|Sandstorm|[upkeep]
|-damage|p2b: Drifblim|17/100 brn|[from] Sandstorm
|-damage|p1a: Ursaluna|6/100|[from] Sandstorm
|-damage|p2b: Drifblim|11/100 brn|[from] brn
|-sideend|p1: ProtoZeroYT|move: Tailwind
|-sideend|p2: inadomi|move: Tailwind
|upkeep
|turn|5
|c|☆inadomi|gg
|-message|inadomi forfeited.
|
|win|ProtoZeroYT
|raw|ProtoZeroYT's rating: 1096 → 1125(+29 for winning)
|raw|inadomi's rating: 1136 → 1108(-28 for losing)
|l|☆inadomi
|player|p2|
|c|☆ProtoZeroYT|gg
