|j|☆acemphd
|j|☆Fireb7798
|html|acemphdFireb7798    
|uhtml|bestof|Game 2 of a best-of-3
|t:|1785099379
|gametype|doubles
|player|p1|acemphd|fisherman-gen4|1163
|player|p2|Fireb7798|shauntal|1176
|gen|9
|tier|[Gen 9 Champions] VGC 2026 Reg M-B (Bo3)
|rated|
|rule|Species Clause: Limit one of each Pokémon
|rule|Item Clause: Limit 1 of each item
|clearpoke
|poke|p1|Corviknight, L50, F|
|poke|p1|Ceruledge, L50, F|
|poke|p1|Tyranitar, L50, M|
|poke|p1|Garchomp, L50, F|
|poke|p1|Milotic, L50, M|
|poke|p1|Sinistcha, L50|
|poke|p2|Beedrill, L50, F|
|poke|p2|Incineroar, L50, F|
|poke|p2|Garchomp, L50, M|
|poke|p2|Sylveon, L50, M|
|poke|p2|Farigiraf, L50, M|
|poke|p2|Meowscarada, L50, M|
|teampreview|4
|showteam|p1|Corviknight||LifeOrb|MirrorArmor|BraveBird,IronHead,Tailwind,Protect|Jolly||F|||50|]Ceruledge||ColburBerry|FlashFire|BitterBlade,ShadowSneak,BulkUp,Protect|Adamant||F|||50|]Tyranitar||ChoiceScarf|SandStream|IcePunch,RockSlide,KnockOff,LowKick|Jolly||M|||50|]Garchomp||Garchompite|RoughSkin|DracoMeteor,EarthPower,PowerGem,Protect|Modest||F|||50|]Milotic||Leftovers|Competitive|IcyWind,Scald,Haze,Protect|Bold||M|||50|]Sinistcha||KasibBerry|Hospitality|MatchaGotcha,RagePowder,TrickRoom,Protect|Bold|||||50|
|showteam|p2|Beedrill||Beedrillite|Swarm|PoisonJab,Uturn,Protect,StringShot|Jolly||F|||50|]Incineroar||Charcoal|Intimidate|FakeOut,HelpingHand,FlareBlitz,PartingShot|Brave||F|||50|]Garchomp||LifeOrb|RoughSkin|DragonClaw,StompingTantrum,RockSlide,Protect|Jolly||M|||50|]Sylveon||FairyFeather|Pixilate|HyperVoice,HyperBeam,QuickAttack,Detect|Modest||M|||50|]Farigiraf||SitrusBerry|ArmorTail|Psychic,TrickRoom,Protect,Imprison|Calm||M|||50|]Meowscarada||ChoiceScarf|Protean|FlowerTrick,KnockOff,TripleAxel,LowKick|Adamant||M|||50|
|
|t:|1785099454
|teamsize|p1|4
|teamsize|p2|4
|start
|switch|p1a: Milotic|Milotic, L50, M|100/100
|switch|p1b: Corviknight|Corviknight, L50, F|100/100
|switch|p2a: Meowscarada|Meowscarada, L50, M|100/100
|switch|p2b: Beedrill|Beedrill, L50, F|100/100
|turn|1
|
|t:|1785099479
|detailschange|p2b: Beedrill|Beedrill-Mega, L50, F
|-mega|p2b: Beedrill|Beedrill|Beedrillite
|move|p2a: Meowscarada|Knock Off|p1b: Corviknight
|-start|p2a: Meowscarada|typechange|Dark|[from] ability: Protean
|-damage|p1b: Corviknight|55/100
|-enditem|p1b: Corviknight|Life Orb|[from] move: Knock Off|[of] p2a: Meowscarada
|move|p2b: Beedrill|U-turn|p1a: Milotic
|-damage|p1a: Milotic|62/100
|
|t:|1785099485
|switch|p2b: Garchomp|Garchomp, L50, M|100/100|[from] U-turn
|move|p1b: Corviknight|Brave Bird|p2a: Meowscarada
|-damage|p2a: Meowscarada|30/100
|-damage|p1b: Corviknight|36/100|[from] Recoil
|move|p1a: Milotic|Icy Wind|p2b: Garchomp|[spread] p2a,p2b
|-supereffective|p2b: Garchomp|2
|-damage|p2a: Meowscarada|15/100
|-damage|p2b: Garchomp|55/100
|-unboost|p2a: Meowscarada|spe|1
|-unboost|p2b: Garchomp|spe|1
|
|-heal|p1a: Milotic|68/100|[from] item: Leftovers
|upkeep
|turn|2
|
|t:|1785099519
|move|p1b: Corviknight|Protect|p1b: Corviknight
|-singleturn|p1b: Corviknight|Protect
|move|p2b: Garchomp|Protect|p2b: Garchomp
|-singleturn|p2b: Garchomp|Protect
|move|p2a: Meowscarada|Knock Off|p1a: Milotic
|-damage|p1a: Milotic|27/100
|-enditem|p1a: Milotic|Leftovers|[from] move: Knock Off|[of] p2a: Meowscarada
|move|p1a: Milotic|Icy Wind|p2a: Meowscarada|[spread] p2a
|-activate|p2b: Garchomp|move: Protect
|-damage|p2a: Meowscarada|1/100
|-unboost|p2a: Meowscarada|spe|1
|
|upkeep
|turn|3
|
|t:|1785099557
|switch|p2b: Incineroar|Incineroar, L50, F|100/100
|-ability|p2b: Incineroar|Intimidate|boost
|-unboost|p1a: Milotic|atk|1
|-ability|p1a: Milotic|Competitive|boost
|-boost|p1a: Milotic|spa|2
|-ability|p1b: Corviknight|Mirror Armor
|-unboost|p2b: Incineroar|atk|1
|move|p1b: Corviknight|Brave Bird|p2b: Incineroar
|-damage|p2b: Incineroar|57/100
|-damage|p1b: Corviknight|20/100y|[from] Recoil
|move|p2a: Meowscarada|Knock Off|p1a: Milotic
|-damage|p1a: Milotic|2/100
|move|p1a: Milotic|Icy Wind|p2a: Meowscarada|[spread] p2a,p2b
|-resisted|p2b: Incineroar|1
|-damage|p2a: Meowscarada|0 fnt
|-damage|p2b: Incineroar|50/100y
|-unboost|p2b: Incineroar|spe|1
|faint|p2a: Meowscarada
|
|upkeep
|
|t:|1785099576
|switch|p2a: Garchomp|Garchomp, L50, M|55/100
|turn|4
|
|t:|1785099586
|move|p1b: Corviknight|Protect|p1b: Corviknight
|-singleturn|p1b: Corviknight|Protect
|move|p1a: Milotic|Protect|p1a: Milotic
|-singleturn|p1a: Milotic|Protect
|move|p2b: Incineroar|Fake Out|p1b: Corviknight
|-activate|p1b: Corviknight|move: Protect
|move|p2a: Garchomp|Rock Slide|p1b: Corviknight|[spread] 
|-activate|p1a: Milotic|move: Protect
|-activate|p1b: Corviknight|move: Protect
|
|upkeep
|turn|5
|
|t:|1785099598
|move|p2b: Incineroar|Helping Hand|p2a: Garchomp
|-singleturn|p2a: Garchomp|Helping Hand|[of] p2b: Incineroar
|move|p2a: Garchomp|Rock Slide|p1b: Corviknight|[spread] p1a,p1b
|-damage|p1a: Milotic|0 fnt
|-damage|p1b: Corviknight|0 fnt
|faint|p1a: Milotic
|faint|p1b: Corviknight
|-damage|p2a: Garchomp|46/100|[from] item: Life Orb
|
|upkeep
|
|t:|1785099608
|switch|p1b: Tyranitar|Tyranitar, L50, M|100/100
|switch|p1a: Ceruledge|Ceruledge, L50, F|100/100
|-weather|Sandstorm|[from] ability: Sand Stream|[of] p1b: Tyranitar
|turn|6
|
|t:|1785099618
|move|p2a: Garchomp|Protect|p2a: Garchomp
|-singleturn|p2a: Garchomp|Protect
|move|p1b: Tyranitar|Ice Punch|p2a: Garchomp
|-activate|p2a: Garchomp|move: Protect
|move|p1a: Ceruledge|Bulk Up|p1a: Ceruledge
|-boost|p1a: Ceruledge|atk|1
|-boost|p1a: Ceruledge|def|1
|move|p2b: Incineroar|Parting Shot|p1a: Ceruledge
|-unboost|p1a: Ceruledge|atk|1
|-unboost|p1a: Ceruledge|spa|1
|
|t:|1785099625
|switch|p2b: Beedrill|Beedrill-Mega, L50, F|100/100|[from] Parting Shot
|
|-weather|Sandstorm|[upkeep]
|-damage|p2b: Beedrill|94/100|[from] Sandstorm
|-damage|p1a: Ceruledge|93/100|[from] Sandstorm
|upkeep
|turn|7
|
|t:|1785099648
|switch|p2a: Incineroar|Incineroar, L50, F|50/100y
|-ability|p2a: Incineroar|Intimidate|boost
|-unboost|p1a: Ceruledge|atk|1
|-unboost|p1b: Tyranitar|atk|1
|move|p2b: Beedrill|U-turn|p1b: Tyranitar
|-supereffective|p1b: Tyranitar|1
|-damage|p1b: Tyranitar|0 fnt
|faint|p1b: Tyranitar
|
|t:|1785099655
|switch|p2b: Garchomp|Garchomp, L50, M|46/100|[from] U-turn
|move|p1a: Ceruledge|Bitter Blade|p2b: Garchomp
|-resisted|p2b: Garchomp|1
|-damage|p2b: Garchomp|29/100
|-heal|p1a: Ceruledge|100/100|[from] drain|[of] p2b: Garchomp
|-damage|p1a: Ceruledge|87/100|[from] ability: Rough Skin|[of] p2b: Garchomp
|
|-weather|Sandstorm|[upkeep]
|-damage|p1a: Ceruledge|81/100|[from] Sandstorm
|-damage|p2a: Incineroar|44/100|[from] Sandstorm
|upkeep
|turn|8
|c|☆acemphd|wtf beedrill is crackd
|-message|acemphd forfeited.
|
|win|Fireb7798
|raw|acemphd's rating: 1163 → 1139(-24 for losing)
|raw|Fireb7798's rating: 1176 → 1200(+24 for winning)
|c|☆Fireb7798|Gg
|c|☆acemphd|gg
|l|☆acemphd
|player|p1|
