|j|☆Naya314
|j|☆katkraydel
|html|Naya314katkraydel    
|uhtml|bestof|Game 3 of a best-of-3
|t:|1782688532
|gametype|doubles
|player|p1|Naya314|candice|1192
|player|p2|katkraydel|lebanne|1267
|gen|9
|tier|[Gen 9 Champions] VGC 2026 Reg M-B (Bo3)
|rated|
|rule|Species Clause: Limit one of each Pokémon
|rule|Item Clause: Limit 1 of each item
|clearpoke
|poke|p1|Ninetales-Alola, L50, M|
|poke|p1|Blastoise, L50, M|
|poke|p1|Sinistcha, L50|
|poke|p1|Sneasler, L50, F|
|poke|p1|Incineroar, L50, M|
|poke|p1|Delphox, L50, M|
|poke|p2|Torkoal, L50, M, shiny|
|poke|p2|Farigiraf, L50, F, shiny|
|poke|p2|Sylveon, L50, M, shiny|
|poke|p2|Kingambit, L50, M|
|poke|p2|Appletun, L50, F, shiny|
|poke|p2|Kangaskhan, L50, F|
|teampreview|4
|showteam|p1|Ninetales-Alola||LightClay|SnowWarning|Blizzard,IcyWind,AuroraVeil,Protect|Timid||M|||50|]Blastoise||Blastoisinite|RainDish|WaterSpout,DarkPulse,ShellSmash,Protect|Modest||M|||50|]Sinistcha||KasibBerry|Hospitality|MatchaGotcha,RagePowder,TrickRoom,Protect|Bold|||||50|]Sneasler||FocusSash|Unburden|CloseCombat,DireClaw,FakeOut,QuickGuard|Jolly||F|||50|]Incineroar||SitrusBerry|Intimidate|FlareBlitz,ThroatChop,FakeOut,PartingShot|Adamant||M|||50|]Delphox||Delphoxite|Blaze|HeatWave,Psyshock,NastyPlot,Protect|Timid||M|||50|
|showteam|p2|Torkoal||Charcoal|Drought|Eruption,HeatWave,WeatherBall,Protect|Quiet||M|||50|]Farigiraf||SitrusBerry|ArmorTail|HyperVoice,Psychic,TrickRoom,Protect|Relaxed||F|||50|]Sylveon||LifeOrb|Pixilate|HyperVoice,HyperBeam,QuickAttack,Protect|Quiet||M|||50|]Kingambit||OccaBerry|Defiant|KowtowCleave,SuckerPunch,LowKick,IronHead|Brave||M|||50|]Appletun||HabanBerry|ThickFat|AppleAcid,DragonPulse,Recover,Protect|Sassy||F|||50|]Kangaskhan||Kangaskhanite|Scrappy|FakeOut,DoubleEdge,DrainPunch,SuckerPunch|Adamant||F|||50|
|inactive|Battle timer is ON: inactive players will automatically lose when time's up. (requested by Naya314)
|inactive|katkraydel has 60 seconds left.
|
|t:|1782688585
|teamsize|p1|4
|teamsize|p2|4
|start
|switch|p1a: Sneasler|Sneasler, L50, F|100/100
|switch|p1b: Ninetales|Ninetales-Alola, L50, M|100/100
|switch|p2a: Jumpsuit|Farigiraf, L50, F, shiny|100/100
|switch|p2b: Lipslap|Kangaskhan, L50, F|100/100
|-weather|Snowscape|[from] ability: Snow Warning|[of] p1b: Ninetales
|turn|1
|inactive|Naya314 has 30 seconds left.
|
|t:|1782688612
|detailschange|p2b: Lipslap|Kangaskhan-Mega, L50, F
|-mega|p2b: Lipslap|Kangaskhan|Kangaskhanite
|move|p1a: Sneasler|Close Combat|p2b: Lipslap
|-supereffective|p2b: Lipslap|1
|-damage|p2b: Lipslap|0 fnt
|-unboost|p1a: Sneasler|def|1
|-unboost|p1a: Sneasler|spd|1
|faint|p2b: Lipslap
|move|p1b: Ninetales|Aurora Veil|p1b: Ninetales
|-sidestart|p1: Naya314|move: Aurora Veil
|move|p2a: Jumpsuit|Trick Room|p2a: Jumpsuit
|-fieldstart|move: Trick Room|[of] p2a: Jumpsuit
|
|-weather|Snowscape|[upkeep]
|upkeep
|
|t:|1782688633
|switch|p2b: Porcelain|Kingambit, L50, M|100/100
|turn|2
|
|t:|1782688648
|move|p2b: Porcelain|Kowtow Cleave|p1a: Sneasler
|-resisted|p1a: Sneasler|1
|-damage|p1a: Sneasler|54/100
|move|p2a: Jumpsuit|Psychic|p1a: Sneasler
|-supereffective|p1a: Sneasler|2
|-damage|p1a: Sneasler|0 fnt
|faint|p1a: Sneasler
|move|p1b: Ninetales|Blizzard|p2b: Porcelain|[spread] p2a,p2b
|-resisted|p2b: Porcelain|1
|-damage|p2a: Jumpsuit|77/100
|-damage|p2b: Porcelain|88/100
|
|-weather|Snowscape|[upkeep]
|upkeep
|
|t:|1782688664
|switch|p1a: Blastoise|Blastoise, L50, M|100/100
|turn|3
|inactive|katkraydel has 30 seconds left.
|inactive|katkraydel has 20 seconds left.
|
|t:|1782688703
|switch|p1b: Sinistcha|Sinistcha, L50|100/100
|move|p1a: Blastoise|Protect|p1a: Blastoise
|-singleturn|p1a: Blastoise|Protect
|move|p2b: Porcelain|Iron Head|p1b: Sinistcha
|-damage|p1b: Sinistcha|77/100
|move|p2a: Jumpsuit|Psychic|p1a: Blastoise
|-activate|p1a: Blastoise|move: Protect
|
|-weather|Snowscape|[upkeep]
|upkeep
|turn|4
|
|t:|1782688726
|detailschange|p1a: Blastoise|Blastoise-Mega, L50, M
|-mega|p1a: Blastoise|Blastoise|Blastoisinite
|move|p1b: Sinistcha|Rage Powder|p1b: Sinistcha
|-singleturn|p1b: Sinistcha|move: Rage Powder
|move|p2b: Porcelain|Kowtow Cleave|p1b: Sinistcha
|-supereffective|p1b: Sinistcha|1
|-damage|p1b: Sinistcha|32/100
|move|p2a: Jumpsuit|Psychic|p1b: Sinistcha
|-damage|p1b: Sinistcha|7/100
|move|p1a: Blastoise|Dark Pulse|p2a: Jumpsuit
|-supereffective|p2a: Jumpsuit|1
|-damage|p2a: Jumpsuit|0 fnt
|faint|p2a: Jumpsuit
|
|-weather|Snowscape|[upkeep]
|upkeep
|
|t:|1782688730
|switch|p2a: WILDFLOWER|Appletun, L50, F, shiny|100/100
|turn|5
|
|t:|1782688748
|move|p1b: Sinistcha|Protect|p1b: Sinistcha
|-singleturn|p1b: Sinistcha|Protect
|move|p1a: Blastoise|Protect|p1a: Blastoise
|-singleturn|p1a: Blastoise|Protect
|move|p2b: Porcelain|Sucker Punch||[still]
|-fail|p2b: Porcelain
|move|p2a: WILDFLOWER|Apple Acid|p1a: Blastoise
|-activate|p1a: Blastoise|move: Protect
|
|-weather|none
|-fieldend|move: Trick Room
|upkeep
|turn|6
|inactive|Naya314 has 30 seconds left.
|
|t:|1782688774
|move|p1b: Sinistcha|Rage Powder|p1b: Sinistcha
|-singleturn|p1b: Sinistcha|move: Rage Powder
|move|p1a: Blastoise|Water Spout|p2a: WILDFLOWER|[spread] p2a,p2b
|-resisted|p2a: WILDFLOWER|2
|-damage|p2a: WILDFLOWER|87/100
|-damage|p2b: Porcelain|22/100
|move|p2b: Porcelain|Kowtow Cleave|p1b: Sinistcha
|-supereffective|p1b: Sinistcha|1
|-damage|p1b: Sinistcha|0 fnt
|faint|p1b: Sinistcha
|move|p2a: WILDFLOWER|Apple Acid|p1a: Blastoise
|-supereffective|p1a: Blastoise|1
|-damage|p1a: Blastoise|52/100
|-unboost|p1a: Blastoise|spd|1
|
|upkeep
|
|t:|1782688787
|switch|p1b: Ninetales|Ninetales-Alola, L50, M|100/100
|-weather|Snowscape|[from] ability: Snow Warning|[of] p1b: Ninetales
|turn|7
|
|t:|1782688799
|move|p1b: Ninetales|Blizzard|p2b: Porcelain|[spread] p2a,p2b
|-supereffective|p2a: WILDFLOWER|2
|-resisted|p2b: Porcelain|1
|-damage|p2a: WILDFLOWER|57/100
|-damage|p2b: Porcelain|11/100
|move|p1a: Blastoise|Water Spout|p2b: Porcelain|[spread] p2a,p2b
|-resisted|p2a: WILDFLOWER|2
|-damage|p2a: WILDFLOWER|51/100
|-damage|p2b: Porcelain|0 fnt
|faint|p2b: Porcelain
|move|p2a: WILDFLOWER|Apple Acid|p1a: Blastoise
|-supereffective|p1a: Blastoise|1
|-damage|p1a: Blastoise|0 fnt
|faint|p1a: Blastoise
|
|-weather|Snowscape|[upkeep]
|upkeep
|turn|8
|
|t:|1782688816
|move|p2a: WILDFLOWER|Protect|p2a: WILDFLOWER
|-singleturn|p2a: WILDFLOWER|Protect
|move|p1b: Ninetales|Blizzard|p2a: WILDFLOWER
|-activate|p2a: WILDFLOWER|move: Protect
|
|-weather|Snowscape|[upkeep]
|-sideend|p1: Naya314|move: Aurora Veil
|upkeep
|turn|9
|inactive|katkraydel has 30 seconds left.
|
|t:|1782688845
|move|p1b: Ninetales|Blizzard|p2a: WILDFLOWER
|-supereffective|p2a: WILDFLOWER|2
|-damage|p2a: WILDFLOWER|7/100
|move|p2a: WILDFLOWER|Recover|p2a: WILDFLOWER
|-heal|p2a: WILDFLOWER|57/100
|
|-weather|Snowscape|[upkeep]
|upkeep
|turn|10
|
|t:|1782688854
|move|p2a: WILDFLOWER|Protect|p2a: WILDFLOWER
|-singleturn|p2a: WILDFLOWER|Protect
|move|p1b: Ninetales|Aurora Veil|p1b: Ninetales
|-sidestart|p1: Naya314|move: Aurora Veil
|
|-weather|Snowscape|[upkeep]
|upkeep
|turn|11
|
|t:|1782688864
|move|p1b: Ninetales|Icy Wind|p2a: WILDFLOWER
|-supereffective|p2a: WILDFLOWER|2
|-damage|p2a: WILDFLOWER|35/100
|-unboost|p2a: WILDFLOWER|spe|1
|move|p2a: WILDFLOWER|Recover|p2a: WILDFLOWER
|-heal|p2a: WILDFLOWER|85/100
|
|-weather|none
|upkeep
|turn|12
|
|t:|1782688876
|move|p1b: Ninetales|Icy Wind|p2a: WILDFLOWER
|-supereffective|p2a: WILDFLOWER|2
|-damage|p2a: WILDFLOWER|61/100
|-unboost|p2a: WILDFLOWER|spe|1
|move|p2a: WILDFLOWER|Apple Acid|p1b: Ninetales
|-damage|p1b: Ninetales|78/100
|-unboost|p1b: Ninetales|spd|1
|
|upkeep
|turn|13
|
|t:|1782688888
|move|p2a: WILDFLOWER|Protect|p2a: WILDFLOWER
|-singleturn|p2a: WILDFLOWER|Protect
|move|p1b: Ninetales|Blizzard|p2a: WILDFLOWER
|-activate|p2a: WILDFLOWER|move: Protect
|
|upkeep
|turn|14
|
|t:|1782688895
|move|p1b: Ninetales|Protect|p1b: Ninetales
|-singleturn|p1b: Ninetales|Protect
|move|p2a: WILDFLOWER|Recover|p2a: WILDFLOWER
|-heal|p2a: WILDFLOWER|100/100
|
|upkeep
|turn|15
|
|t:|1782688902
|move|p1b: Ninetales|Blizzard|p2a: WILDFLOWER
|-supereffective|p2a: WILDFLOWER|2
|-damage|p2a: WILDFLOWER|53/100
|move|p2a: WILDFLOWER|Apple Acid|p1b: Ninetales
|-damage|p1b: Ninetales|45/100
|-unboost|p1b: Ninetales|spd|1
|
|upkeep
|turn|16
|
|t:|1782688911
|move|p1b: Ninetales|Icy Wind|p2a: WILDFLOWER
|-supereffective|p2a: WILDFLOWER|2
|-damage|p2a: WILDFLOWER|31/100
|-unboost|p2a: WILDFLOWER|spe|1
|move|p2a: WILDFLOWER|Recover|p2a: WILDFLOWER
|-heal|p2a: WILDFLOWER|82/100
|
|upkeep
|turn|17
|
|t:|1782688919
|move|p1b: Ninetales|Protect|p1b: Ninetales
|-singleturn|p1b: Ninetales|Protect
|move|p2a: WILDFLOWER|Protect||[still]
|-fail|p2a: WILDFLOWER
|
|-sideend|p1: Naya314|move: Aurora Veil
|upkeep
|turn|18
|
|t:|1782688928
|move|p1b: Ninetales|Icy Wind|p2a: WILDFLOWER
|-supereffective|p2a: WILDFLOWER|2
|-damage|p2a: WILDFLOWER|58/100
|-unboost|p2a: WILDFLOWER|spe|1
|move|p2a: WILDFLOWER|Apple Acid|p1b: Ninetales
|-damage|p1b: Ninetales|0 fnt
|faint|p1b: Ninetales
|
|win|katkraydel
|raw|Naya314's rating: 1192 → 1172(-20 for losing)
|raw|katkraydel's rating: 1267 → 1287(+20 for winning)
