|j|☆none0279
|j|☆Cyberman152
|html|none0279Cyberman152    
|uhtml|bestof|Game 2 of a best-of-3
|t:|1755010435
|gametype|doubles
|player|p1|none0279|cynthia-gen4|1202
|player|p2|Cyberman152|1|1336
|gen|9
|tier|[Gen 9] VGC 2025 Reg H (Bo3)
|rated|
|rule|Species Clause: Limit one of each Pokémon
|rule|Item Clause: Limit 1 of each item
|clearpoke
|poke|p1|Hatterene, L50, F|
|poke|p1|Indeedee-F, L50, F|
|poke|p1|Torkoal, L50, F|
|poke|p1|Gallade, L50, M|
|poke|p1|Ursaluna, L50, F|
|poke|p1|Maushold-Four, L50|
|poke|p2|Archaludon, L50, M|
|poke|p2|Pelipper, L50, M|
|poke|p2|Basculegion, L50, M|
|poke|p2|Incineroar, L50, M|
|poke|p2|Rillaboom, L50, M|
|poke|p2|Volcarona, L50, F|
|teampreview|4
|showteam|p1|Hatterene||LifeOrb|MagicBounce|ExpandingForce,DazzlingGleam,MysticalFire,TrickRoom|||F|||50|,,,,,Fire]Indeedee-F||SafetyGoggles|PsychicSurge|FollowMe,HelpingHand,Psychic,TrickRoom|||F|||50|,,,,,Fairy]Torkoal||ChoiceSpecs|Drought|Eruption,WeatherBall,ClearSmog,EarthPower|||F|||50|,,,,,Fire]Gallade||ClearAmulet|Sharpness|PsychoCut,SacredSword,TrickRoom,WideGuard|||M|||50|,,,,,Fire]Ursaluna||FlameOrb|Guts|Facade,HeadlongRush,Protect,ShadowClaw|||F|||50|,,,,,Ghost]Maushold-Four||WideLens|Technician|PopulationBomb,FollowMe,Taunt,Protect||||||50|,,,,,Grass
|showteam|p2|Archaludon||AssaultVest|Stamina|FlashCannon,DragonPulse,ElectroShot,BodyPress|||M|||50|,,,,,Bug]Pelipper||FocusSash|Drizzle|WeatherBall,Hurricane,Tailwind,Protect|||M|||50|,,,,,Stellar]Basculegion||ChoiceBand|SwiftSwim|WaveCrash,FlipTurn,AquaJet,LastRespects|||M|||50|,,,,,Grass]Incineroar||SafetyGoggles|Intimidate|KnockOff,FakeOut,Taunt,PartingShot|||M|||50|,,,,,Ghost]Rillaboom||LoadedDice|GrassySurge|BulletSeed,GrassyGlide,FakeOut,Protect|||M|||50|,,,,,Fire]Volcarona||GrassySeed|FlameBody|FieryDance,TeraBlast,QuiverDance,Protect|||F|||50|,,,,,Fairy
|inactive|Battle timer is ON: inactive players will automatically lose when time's up. (requested by none0279)
|l|☆Cyberman152
|inactive|Cyberman152 disconnected and has a minute to reconnect!
|player|p2|
|j|☆Cyberman152
|inactive|Cyberman152 reconnected and has 60 seconds left.
|player|p2|Cyberman152|1|
|
|t:|1755010472
|teamsize|p1|4
|teamsize|p2|4
|start
|switch|p1a: Gallade|Gallade, L50, M|100/100
|switch|p1b: Indeedee|Indeedee-F, L50, F|100/100
|switch|p2a: Incineroar|Incineroar, L50, M, shiny|100/100
|switch|p2b: Basculegion|Basculegion, L50, M, shiny|100/100
|-ability|p2a: Incineroar|Intimidate|boost
|-fail|p1a: Gallade|unboost|[from] item: Clear Amulet|[of] p1a: Gallade
|-unboost|p1b: Indeedee|atk|1
|-fieldstart|move: Psychic Terrain|[from] ability: Psychic Surge|[of] p1b: Indeedee
|turn|1
|
|t:|1755010488
|move|p1b: Indeedee|Follow Me|p1b: Indeedee
|-singleturn|p1b: Indeedee|move: Follow Me
|move|p2b: Basculegion|Flip Turn|p1b: Indeedee
|-damage|p1b: Indeedee|55/100
|
|t:|1755010495
|switch|p2b: Rillaboom|Rillaboom, L50, M, shiny|100/100|[from] Flip Turn
|-fieldstart|move: Grassy Terrain|[from] ability: Grassy Surge|[of] p2b: Rillaboom
|move|p2a: Incineroar|Parting Shot|p1b: Indeedee
|-unboost|p1b: Indeedee|atk|1
|-unboost|p1b: Indeedee|spa|1
|
|t:|1755010503
|switch|p2a: Basculegion|Basculegion, L50, M, shiny|100/100|[from] Parting Shot
|move|p1a: Gallade|Trick Room|p1a: Gallade
|-fieldstart|move: Trick Room|[of] p1a: Gallade
|
|-heal|p1b: Indeedee|61/100|[from] Grassy Terrain
|upkeep
|turn|2
|
|t:|1755010520
|move|p1b: Indeedee|Follow Me|p1b: Indeedee
|-singleturn|p1b: Indeedee|move: Follow Me
|move|p1a: Gallade|Sacred Sword|p2b: Rillaboom
|-damage|p2b: Rillaboom|37/100
|move|p2a: Basculegion|Wave Crash|p1b: Indeedee
|-damage|p1b: Indeedee|0 fnt
|faint|p1b: Indeedee
|-damage|p2a: Basculegion|83/100|[from] Recoil
|move|p2b: Rillaboom|Bullet Seed|p1a: Gallade
|-damage|p1a: Gallade|76/100
|-damage|p1a: Gallade|54/100
|-damage|p1a: Gallade|32/100
|-damage|p1a: Gallade|8/100
|-hitcount|p1a: Gallade|4
|
|-heal|p1a: Gallade|14/100|[from] Grassy Terrain
|-heal|p2a: Basculegion|89/100|[from] Grassy Terrain
|-heal|p2b: Rillaboom|43/100|[from] Grassy Terrain
|upkeep
|
|t:|1755010536
|switch|p1b: Hatterene|Hatterene, L50, F|100/100
|turn|3
|inactive|none0279 has 30 seconds left.
|
|t:|1755010562
|switch|p2a: Incineroar|Incineroar, L50, M, shiny|100/100
|-ability|p2a: Incineroar|Intimidate|boost
|-fail|p1a: Gallade|unboost|[from] item: Clear Amulet|[of] p1a: Gallade
|-unboost|p1b: Hatterene|atk|1
|move|p2b: Rillaboom|Grassy Glide|p1a: Gallade
|-damage|p1a: Gallade|0 fnt
|faint|p1a: Gallade
|move|p1b: Hatterene|Expanding Force|p2a: Incineroar
|-immune|p2a: Incineroar
|
|-heal|p2b: Rillaboom|49/100|[from] Grassy Terrain
|upkeep
|
|t:|1755010568
|switch|p1a: Torkoal|Torkoal, L50, F|100/100
|-weather|SunnyDay|[from] ability: Drought|[of] p1a: Torkoal
|turn|4
|
|t:|1755010583
|switch|p2b: Pelipper|Pelipper, L50, M, shiny|100/100
|-weather|RainDance|[from] ability: Drizzle|[of] p2b: Pelipper
|move|p2a: Incineroar|Fake Out|p1a: Torkoal
|-damage|p1a: Torkoal|93/100
|cant|p1a: Torkoal|flinch
|move|p1b: Hatterene|Mystical Fire|p2b: Pelipper
|-resisted|p2b: Pelipper
|-damage|p2b: Pelipper|84/100
|-unboost|p2b: Pelipper|spa|1
|-damage|p1b: Hatterene|91/100|[from] item: Life Orb
|
|-weather|RainDance|[upkeep]
|-heal|p1a: Torkoal|99/100|[from] Grassy Terrain
|-heal|p1b: Hatterene|97/100|[from] Grassy Terrain
|upkeep
|turn|5
|
|t:|1755010600
|move|p2b: Pelipper|Protect|p2b: Pelipper
|-singleturn|p2b: Pelipper|Protect
|move|p1a: Torkoal|Earth Power|p2a: Incineroar
|-supereffective|p2a: Incineroar
|-damage|p2a: Incineroar|35/100
|move|p1b: Hatterene|Dazzling Gleam|p2b: Pelipper|[spread] p2a
|-activate|p2b: Pelipper|move: Protect
|-damage|p2a: Incineroar|0 fnt
|faint|p2a: Incineroar
|-damage|p1b: Hatterene|87/100|[from] item: Life Orb
|
|-weather|RainDance|[upkeep]
|-heal|p1a: Torkoal|100/100|[from] Grassy Terrain
|-heal|p1b: Hatterene|93/100|[from] Grassy Terrain
|-fieldend|move: Trick Room
|-fieldend|move: Grassy Terrain
|upkeep
|
|t:|1755010602
|switch|p2a: Basculegion|Basculegion, L50, M, shiny|89/100
|turn|6
|
|t:|1755010615
|move|p2a: Basculegion|Wave Crash|p1b: Hatterene
|-damage|p1b: Hatterene|0 fnt
|faint|p1b: Hatterene
|-damage|p2a: Basculegion|65/100|[from] Recoil
|move|p2b: Pelipper|Weather Ball|p1a: Torkoal
|-supereffective|p1a: Torkoal
|-damage|p1a: Torkoal|0 fnt
|faint|p1a: Torkoal
|
|win|Cyberman152
|raw|none0279's rating: 1202 → 1186(-16 for losing)
|raw|Cyberman152's rating: 1336 → 1349(+13 for winning)
|l|☆none0279
|player|p1|
