|j|☆javitebe
|j|☆1OO% Jesus
|html|javitebe1OO% Jesus    
|uhtml|bestof|Game 3 of a best-of-3
|t:|1782487103
|gametype|doubles
|player|p1|javitebe|brycenman|
|player|p2|1OO% Jesus|lillie-z|
|gen|9
|tier|[Gen 9 Champions] VGC 2026 Reg M-B (Bo3)
|rule|Species Clause: Limit one of each Pokémon
|rule|Item Clause: Limit 1 of each item
|clearpoke
|poke|p1|Hydreigon, L50, F, shiny|
|poke|p1|Tyranitar, L50, F|
|poke|p1|Aegislash, L50, M|
|poke|p1|Aerodactyl, L50, M|
|poke|p1|Metagross, L50, shiny|
|poke|p1|Sneasler, L50, M|
|poke|p2|Charizard, L50, M|
|poke|p2|Whimsicott, L50, F|
|poke|p2|Garchomp, L50, M|
|poke|p2|Basculegion, L50, M|
|poke|p2|Kingambit, L50, F|
|poke|p2|Floette-Eternal, L50, F|
|teampreview|4
|showteam|p1|Hydreigon||LifeOrb|Levitate|DracoMeteor,DarkPulse,HeatWave,Protect|Modest||F|||50|]Tyranitar||Tyranitarite|SandStream|Protect,RockSlide,Superpower,KnockOff|Adamant||F|||50|]Aegislash||MetalCoat|StanceChange|KingsShield,ShadowBall,FlashCannon,SteelBeam|Modest||M|||50|]Aerodactyl||FocusSash|RockHead|Tailwind,Protect,RockSlide,WideGuard|Jolly||M|||50|]Metagross||Metagrossite|ClearBody|Protect,MeteorMash,BulletPunch,PsychicFangs|Jolly|||||50|]Sneasler||WhiteHerb|Unburden|FakeOut,DireClaw,CloseCombat,Coaching|Jolly||M|||50|
|showteam|p2|Charizard||CharizarditeY|Blaze|HeatWave,WeatherBall,SolarBeam,Protect|Modest||M|||50|]Whimsicott||FocusSash|Prankster|Moonblast,Tailwind,Encore,Protect|Timid||F|||50|]Garchomp||LifeOrb|RoughSkin|Earthquake,DragonClaw,RockSlide,Protect|Jolly||M|||50|]Basculegion||MysticWater|Adaptability|WaveCrash,LastRespects,AquaJet,Protect|Adamant||M|||50|]Kingambit||ChopleBerry|Defiant|KowtowCleave,SuckerPunch,IronHead,LowKick|Adamant||F|||50|]Floette-Eternal||Floettite|FlowerVeil|DazzlingGleam,Moonblast,LightofRuin,Protect|Timid||F|||50|
|inactive|Battle timer is ON: inactive players will automatically lose when time's up. (requested by javitebe)
|inactive|1OO% Jesus has 60 seconds left.
|inactive|1OO% Jesus has 30 seconds left.
|inactive|1OO% Jesus has 20 seconds left.
|inactive|1OO% Jesus has 15 seconds left.
|
|t:|1782487181
|teamsize|p1|4
|teamsize|p2|4
|start
|switch|p1a: Tyranitar|Tyranitar, L50, F|100/100
|switch|p1b: Sneasler|Sneasler, L50, M|100/100
|switch|p2a: Kingambit|Kingambit, L50, F|100/100
|switch|p2b: Basculegion|Basculegion, L50, M|100/100
|-weather|Sandstorm|[from] ability: Sand Stream|[of] p1a: Tyranitar
|turn|1
|inactive|javitebe has 30 seconds left.
|inactive|1OO% Jesus has 30 seconds left.
|inactive|javitebe has 20 seconds left.
|inactive|javitebe has 15 seconds left.
|inactive|javitebe has 10 seconds left.
|inactive|1OO% Jesus has 20 seconds left.
|inactive|javitebe has 5 seconds left.
|inactive|1OO% Jesus has 15 seconds left.
|inactive|1OO% Jesus has 10 seconds left.
|inactive|1OO% Jesus has 5 seconds left.
|
|t:|1782487243
|switch|p2a: Charizard|Charizard, L50, M|100/100
|detailschange|p1a: Tyranitar|Tyranitar-Mega, L50, F
|-mega|p1a: Tyranitar|Tyranitar|Tyranitarite
|move|p1b: Sneasler|Coaching|p1a: Tyranitar
|-boost|p1a: Tyranitar|atk|1
|-boost|p1a: Tyranitar|def|1
|move|p2b: Basculegion|Wave Crash|p1a: Tyranitar
|-supereffective|p1a: Tyranitar|1
|-damage|p1a: Tyranitar|14/100
|-damage|p2b: Basculegion|72/100|[from] Recoil
|move|p1a: Tyranitar|Knock Off|p2b: Basculegion
|-supereffective|p2b: Basculegion|1
|-damage|p2b: Basculegion|0 fnt
|-enditem|p2b: Basculegion|Mystic Water|[from] move: Knock Off|[of] p1a: Tyranitar
|faint|p2b: Basculegion
|
|-weather|Sandstorm|[upkeep]
|-damage|p1b: Sneasler|94/100|[from] Sandstorm
|-damage|p2a: Charizard|94/100|[from] Sandstorm
|upkeep
|inactive|1OO% Jesus has 30 seconds left.
|inactive|1OO% Jesus has 20 seconds left.
|
|t:|1782487280
|switch|p2b: Whimsicott|Whimsicott, L50, F|100/100
|turn|2
|inactive|javitebe has 30 seconds left.
|
|t:|1782487306
|switch|p1b: Aerodactyl|Aerodactyl, L50, M|100/100
|detailschange|p2a: Charizard|Charizard-Mega-Y, L50, M
|-mega|p2a: Charizard|Charizard|Charizardite Y
|-weather|SunnyDay|[from] ability: Drought|[of] p2a: Charizard
|move|p1a: Tyranitar|Protect|p1a: Tyranitar
|-singleturn|p1a: Tyranitar|Protect
|move|p2b: Whimsicott|Tailwind|p2b: Whimsicott
|-sidestart|p2: 1OO% Jesus|move: Tailwind
|move|p2a: Charizard|Heat Wave|p1b: Aerodactyl|[spread] p1b
|-activate|p1a: Tyranitar|move: Protect
|-resisted|p1b: Aerodactyl|1
|-damage|p1b: Aerodactyl|58/100
|
|-weather|SunnyDay|[upkeep]
|upkeep
|turn|3
|inactive|javitebe has 30 seconds left.
|inactive|1OO% Jesus has 30 seconds left.
|inactive|javitebe has 20 seconds left.
|
|t:|1782487343
|switch|p1a: Sneasler|Sneasler, L50, M|94/100
|move|p1b: Aerodactyl|Wide Guard|p1b: Aerodactyl
|-singleturn|p1b: Aerodactyl|Wide Guard
|move|p2b: Whimsicott|Moonblast|p1a: Sneasler
|-damage|p1a: Sneasler|47/100
|move|p2a: Charizard|Solar Beam||[still]
|-prepare|p2a: Charizard|Solar Beam
|-anim|p2a: Charizard|Solar Beam|p1b: Aerodactyl
|-damage|p1b: Aerodactyl|0 fnt
|faint|p1b: Aerodactyl
|
|-weather|SunnyDay|[upkeep]
|upkeep
|
|t:|1782487360
|switch|p1b: Tyranitar|Tyranitar-Mega, L50, F|14/100
|-weather|Sandstorm|[from] ability: Sand Stream|[of] p1b: Tyranitar
|turn|4
|inactive|javitebe has 30 seconds left.
|inactive|1OO% Jesus has 30 seconds left.
|inactive|javitebe has 20 seconds left.
|
|t:|1782487397
|switch|p1b: Hydreigon|Hydreigon, L50, F, shiny|100/100
|move|p2b: Whimsicott|Protect|p2b: Whimsicott
|-singleturn|p2b: Whimsicott|Protect
|move|p2a: Charizard|Protect|p2a: Charizard
|-singleturn|p2a: Charizard|Protect
|move|p1a: Sneasler|Fake Out|p2b: Whimsicott
|-activate|p2b: Whimsicott|move: Protect
|
|-weather|Sandstorm|[upkeep]
|-damage|p2b: Whimsicott|94/100|[from] Sandstorm
|-damage|p2a: Charizard|88/100|[from] Sandstorm
|-damage|p1a: Sneasler|41/100|[from] Sandstorm
|-damage|p1b: Hydreigon|94/100|[from] Sandstorm
|upkeep
|turn|5
|
|t:|1782487413
|move|p1b: Hydreigon|Protect|p1b: Hydreigon
|-singleturn|p1b: Hydreigon|Protect
|move|p2b: Whimsicott|Moonblast|p1b: Hydreigon
|-activate|p1b: Hydreigon|move: Protect
|move|p2a: Charizard|Heat Wave|p1a: Sneasler|[spread] p1a
|-activate|p1b: Hydreigon|move: Protect
|-damage|p1a: Sneasler|0 fnt
|faint|p1a: Sneasler
|
|-weather|Sandstorm|[upkeep]
|-damage|p2b: Whimsicott|88/100|[from] Sandstorm
|-damage|p2a: Charizard|82/100|[from] Sandstorm
|-damage|p1b: Hydreigon|88/100|[from] Sandstorm
|-sideend|p2: 1OO% Jesus|move: Tailwind
|upkeep
|
|t:|1782487420
|switch|p1a: Tyranitar|Tyranitar-Mega, L50, F|14/100
|turn|6
|
|t:|1782487439
|move|p2b: Whimsicott|Moonblast|p1b: Hydreigon
|-supereffective|p1b: Hydreigon|2
|-damage|p1b: Hydreigon|0 fnt
|faint|p1b: Hydreigon
|move|p2a: Charizard|Weather Ball|p1a: Tyranitar
|-damage|p1a: Tyranitar|0 fnt
|faint|p1a: Tyranitar
|
|win|1OO% Jesus
|c|☆1OO% Jesus|GG
|c|☆javitebe|gg
|c|☆javitebe|pones tu las repes en el discord?
