|j|☆Awammy
|j|☆Braixen coxuda
|html|AwammyBraixen coxuda    
|uhtml|bestof|Game 2 of a best-of-3
|t:|1757776158
|gametype|doubles
|player|p1|Awammy|colress|
|player|p2|Braixen coxuda|caitlin|
|gen|9
|tier|[Gen 9] VGC 2025 Reg H (Bo3)
|rule|Species Clause: Limit one of each Pokémon
|rule|Item Clause: Limit 1 of each item
|clearpoke
|poke|p1|Rillaboom, L50, M|
|poke|p1|Kingambit, L50, F|
|poke|p1|Pelipper, L50, M|
|poke|p1|Archaludon, L50, M|
|poke|p1|Basculegion, L50, M|
|poke|p1|Amoonguss, L50, M|
|poke|p2|Rillaboom, L50, M|
|poke|p2|Ursaluna-Bloodmoon, L50, M|
|poke|p2|Basculegion, L50, M|
|poke|p2|Murkrow, L50, M|
|poke|p2|Pelipper, L50, F|
|poke|p2|Archaludon, L50, M|
|teampreview|4
|showteam|p1|Rillaboom||LoadedDice|GrassySurge|FakeOut,GrassyGlide,BulletSeed,Taunt|||M|||50|,,,,,Fire]Kingambit||SafetyGoggles|Defiant|KowtowCleave,SuckerPunch,SwordsDance,Protect|||F|||50|,,,,,Dark]Pelipper||FocusSash|Drizzle|Hurricane,WeatherBall,Tailwind,Protect|||M|||50|,,,,,Ground]Archaludon||AssaultVest|Stamina|ElectroShot,DragonPulse,FlashCannon,BodyPress|||M|||50|,,,,,Fairy]Basculegion||LifeOrb|SwiftSwim|WaveCrash,AquaJet,Protect,LastRespects|||M|||50|,,,,,Water]Amoonguss||SitrusBerry|Regenerator|Protect,Spore,RagePowder,PollenPuff|||M|||50|,,,,,Water
|showteam|p2|Rillaboom||MiracleSeed|GrassySurge|WoodHammer,GrassyGlide,Taunt,FakeOut|||M|||50|,,,,,Fire]Ursaluna-Bloodmoon||LifeOrb|MindsEye|HyperVoice,Protect,BloodMoon,EarthPower|||M|||50|,,,,,Normal]Basculegion||ChoiceBand|SwiftSwim|FlipTurn,WaveCrash,AquaJet,LastRespects|||M|||50|,,,,,Grass]Murkrow||Eviolite|Prankster|Tailwind,Haze,FoulPlay,RainDance|||M|||50|,,,,,Ghost]Pelipper||FocusSash|Drizzle|Hurricane,WeatherBall,Protect,WideGuard|||F|||50|,,,,,Stellar]Archaludon||AssaultVest|Stamina|BodyPress,ElectroShot,FlashCannon,DragonPulse|||M|||50|,,,,,Bug
|inactive|Battle timer is ON: inactive players will automatically lose when time's up. (requested by Braixen coxuda)
|inactive|Awammy also wants the timer to be on.
|inactive|Awammy has 60 seconds left.
|inactive|Awammy has 30 seconds left.
|inactive|Awammy has 20 seconds left.
|inactive|Awammy has 15 seconds left.
|inactive|Awammy has 10 seconds left.
|inactive|Awammy has 5 seconds left.
|
|t:|1757776246
|teamsize|p1|4
|teamsize|p2|4
|start
|switch|p1a: Rillaboom|Rillaboom, L50, M|100/100
|switch|p1b: Kingambit|Kingambit, L50, F, shiny|100/100
|switch|p2a: Murkrow|Murkrow, L50, M|100/100
|switch|p2b: Ursaluna|Ursaluna-Bloodmoon, L50, M|100/100
|-fieldstart|move: Grassy Terrain|[from] ability: Grassy Surge|[of] p1a: Rillaboom
|turn|1
|
|t:|1757776267
|-terastallize|p2b: Ursaluna|Normal
|move|p1a: Rillaboom|Fake Out|p2b: Ursaluna
|-damage|p2b: Ursaluna|89/100
|move|p2a: Murkrow|Foul Play|p1a: Rillaboom
|-damage|p1a: Rillaboom|47/100
|cant|p2b: Ursaluna|flinch
|move|p1b: Kingambit|Swords Dance|p1b: Kingambit
|-boost|p1b: Kingambit|atk|2
|
|-heal|p1a: Rillaboom|54/100|[from] Grassy Terrain
|-heal|p2b: Ursaluna|95/100|[from] Grassy Terrain
|upkeep
|turn|2
|inactive|Awammy has 30 seconds left.
|inactive|Awammy has 20 seconds left.
|inactive|Awammy has 15 seconds left.
|inactive|Awammy has 10 seconds left.
|inactive|Awammy has 5 seconds left.
|
|t:|1757776319
|-terastallize|p1b: Kingambit|Dark
|move|p2a: Murkrow|Haze|p2a: Murkrow
|-clearallboost
|move|p1b: Kingambit|Sucker Punch|p2b: Ursaluna
|-damage|p2b: Ursaluna|47/100
|move|p1a: Rillaboom|Bullet Seed|p2b: Ursaluna
|-damage|p2b: Ursaluna|34/100
|-damage|p2b: Ursaluna|19/100
|-damage|p2b: Ursaluna|4/100
|-damage|p2b: Ursaluna|0 fnt
|faint|p2b: Ursaluna
|-hitcount|p2: Ursaluna|4
|
|-heal|p1a: Rillaboom|60/100|[from] Grassy Terrain
|upkeep
|
|t:|1757776334
|switch|p2b: Gendo|Archaludon, L50, M|100/100
|turn|3
|
|t:|1757776356
|move|p1a: Rillaboom|Taunt|p2a: Murkrow
|-start|p2a: Murkrow|move: Taunt
|move|p2a: Murkrow|Foul Play|p1b: Kingambit
|-resisted|p1b: Kingambit
|-damage|p1b: Kingambit|79/100
|move|p2b: Gendo|Body Press|p1b: Kingambit
|-supereffective|p1b: Kingambit
|-damage|p1b: Kingambit|43/100
|move|p1b: Kingambit|Swords Dance|p1b: Kingambit
|-boost|p1b: Kingambit|atk|2
|
|-heal|p1a: Rillaboom|66/100|[from] Grassy Terrain
|-heal|p1b: Kingambit|49/100|[from] Grassy Terrain
|upkeep
|turn|4
|inactive|Awammy has 30 seconds left.
|inactive|Awammy has 20 seconds left.
|inactive|Awammy has 15 seconds left.
|inactive|Awammy has 10 seconds left.
|
|t:|1757776404
|switch|p1a: Archaludon|Archaludon, L50, M, shiny|100/100
|move|p1b: Kingambit|Sucker Punch|p2b: Gendo
|-damage|p2b: Gendo|26/100
|-ability|p2b: Gendo|Stamina|boost
|-boost|p2b: Gendo|def|1
|move|p2a: Murkrow|Foul Play|p1b: Kingambit
|-resisted|p1b: Kingambit
|-damage|p1b: Kingambit|8/100
|move|p2b: Gendo|Body Press|p1b: Kingambit
|-supereffective|p1b: Kingambit
|-damage|p1b: Kingambit|0 fnt
|faint|p1b: Kingambit
|
|-heal|p2b: Gendo|32/100|[from] Grassy Terrain
|upkeep
|
|t:|1757776422
|switch|p1b: Rillaboom|Rillaboom, L50, M|66/100
|turn|5
|inactive|Awammy has 30 seconds left.
|inactive|Awammy has 20 seconds left.
|inactive|Awammy has 15 seconds left.
|
|t:|1757776462
|switch|p2b: Nobunaga|Basculegion, L50, M, shiny|100/100
|move|p1b: Rillaboom|Grassy Glide|p2b: Nobunaga
|-supereffective|p2b: Nobunaga
|-crit|p2b: Nobunaga
|-damage|p2b: Nobunaga|0 fnt
|faint|p2b: Nobunaga
|move|p1a: Archaludon|Dragon Pulse|p2a: Murkrow
|-damage|p2a: Murkrow|56/100
|move|p2a: Murkrow|Foul Play|p1b: Rillaboom
|-damage|p1b: Rillaboom|19/100
|
|-heal|p1b: Rillaboom|25/100|[from] Grassy Terrain
|-end|p2a: Murkrow|move: Taunt
|-fieldend|move: Grassy Terrain
|upkeep
|
|t:|1757776470
|switch|p2b: Gendo|Archaludon, L50, M|32/100
|turn|6
|inactive|Awammy has 30 seconds left.
|
|t:|1757776496
|switch|p1b: Pelipper|Pelipper, L50, M, shiny|100/100
|-weather|RainDance|[from] ability: Drizzle|[of] p1b: Pelipper
|move|p2a: Murkrow|Tailwind|p2a: Murkrow
|-sidestart|p2: Braixen coxuda|move: Tailwind
|move|p2b: Gendo|Body Press|p1b: Pelipper
|-resisted|p1b: Pelipper
|-damage|p1b: Pelipper|86/100
|move|p1a: Archaludon|Electro Shot||[still]
|-prepare|p1a: Archaludon|Electro Shot
|-boost|p1a: Archaludon|spa|1
|-anim|p1a: Archaludon|Electro Shot|p2a: Murkrow
|-supereffective|p2a: Murkrow
|-damage|p2a: Murkrow|0 fnt
|faint|p2a: Murkrow
|
|-weather|RainDance|[upkeep]
|upkeep
|turn|7
|-message|Braixen coxuda forfeited.
|
|win|Awammy
