|j|☆andiom123
|j|☆tsteelerfan
|html|andiom123tsteelerfan    
|uhtml|bestof|Game 1 of a best-of-3
|t:|1784778448
|gametype|doubles
|player|p1|andiom123|red|1158
|player|p2|tsteelerfan|2|1010
|gen|9
|tier|[Gen 9 Champions] VGC 2026 Reg M-B (Bo3)
|rated|
|rule|Species Clause: Limit one of each Pokémon
|rule|Item Clause: Limit 1 of each item
|clearpoke
|poke|p1|Incineroar, L50, F|
|poke|p1|Farigiraf, L50, M|
|poke|p1|Sylveon, L50, M|
|poke|p1|Torkoal, L50, F|
|poke|p1|Kangaskhan, L50, F|
|poke|p1|Mudsdale, L50, M|
|poke|p2|Blaziken, L50, M|
|poke|p2|Sinistcha, L50|
|poke|p2|Rampardos, L50, F|
|poke|p2|Ninetales-Alola, L50, M|
|poke|p2|Metagross, L50|
|poke|p2|Dragonite, L50, F|
|teampreview|4
|showteam|p1|Incineroar||MuscleBand|Intimidate|ThroatChop,FlareBlitz,FakeOut,PartingShot|Brave||F|||50|]Farigiraf||SitrusBerry|ArmorTail|FoulPlay,PsychicNoise,TrickRoom,HelpingHand|Relaxed||M|||50|]Sylveon||FairyFeather|Pixilate|HyperVoice,HyperBeam,Yawn,Detect|Modest||M|||50|]Torkoal||Charcoal|Drought|Eruption,EarthPower,Flamethrower,Protect|Quiet||F|||50|]Kangaskhan||Kangaskhanite|Scrappy|DoubleEdge,FakeOut,IcePunch,HammerArm|Brave||F|||50|]Mudsdale||LifeOrb|InnerFocus|HighHorsepower,Earthquake,RockSlide,HeavySlam|Brave||M|||50|
|showteam|p2|Blaziken||Blazikenite|SpeedBoost|SwordsDance,FlareBlitz,Protect,BatonPass|Jolly||M|||50|]Sinistcha||Leftovers|Hospitality|RagePowder,MatchaGotcha,Protect,LifeDew|Calm|||||50|]Rampardos||LifeOrb|SheerForce|HeadSmash,RockSlide,Protect,FirePunch|Jolly||F|||50|]Ninetales-Alola||FocusSash|SnowWarning|AuroraVeil,Blizzard,Moonblast,Protect|Timid||M|||50|]Metagross||Metagrossite|ClearBody|Protect,BulletPunch,ZenHeadbutt,IronHead|Jolly|||||50|]Dragonite||RoseliBerry|Multiscale|DragonClaw,Blizzard,ExtremeSpeed,Protect|Naive||F|||50|
|inactive|Battle timer is ON: inactive players will automatically lose when time's up. (requested by tsteelerfan)
|
|t:|1784778505
|teamsize|p1|4
|teamsize|p2|4
|start
|switch|p1a: Farigiraf|Farigiraf, L50, M|100/100
|switch|p1b: Kangaskhan|Kangaskhan, L50, F|100/100
|switch|p2a: Rampardos|Rampardos, L50, F|100/100
|switch|p2b: Blaziken|Blaziken, L50, M|100/100
|turn|1
|inactive|tsteelerfan has 30 seconds left.
|
|t:|1784778538
|detailschange|p1b: Kangaskhan|Kangaskhan-Mega, L50, F
|-mega|p1b: Kangaskhan|Kangaskhan|Kangaskhanite
|move|p1b: Kangaskhan|Fake Out|p2a: Rampardos
|-resisted|p2a: Rampardos|1
|-damage|p2a: Rampardos|85/100
|-resisted|p2a: Rampardos|1
|-damage|p2a: Rampardos|82/100
|-hitcount|p2a: Rampardos|2
|move|p2b: Blaziken|Swords Dance|p2b: Blaziken
|-boost|p2b: Blaziken|atk|2
|cant|p2a: Rampardos|flinch
|move|p1a: Farigiraf|Trick Room|p1a: Farigiraf
|-fieldstart|move: Trick Room|[of] p1a: Farigiraf
|
|-ability|p2b: Blaziken|Speed Boost|boost
|-boost|p2b: Blaziken|spe|1
|upkeep
|turn|2
|inactive|andiom123 has 30 seconds left.
|inactive|tsteelerfan has 30 seconds left.
|
|t:|1784778571
|detailschange|p2b: Blaziken|Blaziken-Mega, L50, M
|-mega|p2b: Blaziken|Blaziken|Blazikenite
|move|p1a: Farigiraf|Foul Play|p2a: Rampardos
|-damage|p2a: Rampardos|40/100
|move|p1b: Kangaskhan|Double-Edge|p2b: Blaziken
|-damage|p2b: Blaziken|18/100
|-damage|p2b: Blaziken|0 fnt
|faint|p2b: Blaziken
|-hitcount|p2: Blaziken|2
|-damage|p1b: Kangaskhan|73/100|[from] Recoil
|move|p2a: Rampardos|Rock Slide|p1b: Kangaskhan|[spread] p1a,p1b
|-damage|p1a: Farigiraf|58/100
|-damage|p1b: Kangaskhan|27/100
|
|upkeep
|
|t:|1784778584
|switch|p2b: Ninetales|Ninetales-Alola, L50, M|100/100
|-weather|Snowscape|[from] ability: Snow Warning|[of] p2b: Ninetales
|turn|3
|
|t:|1784778606
|switch|p1a: Torkoal|Torkoal, L50, F|100/100
|-weather|SunnyDay|[from] ability: Drought|[of] p1a: Torkoal
|move|p2a: Rampardos|Protect|p2a: Rampardos
|-singleturn|p2a: Rampardos|Protect
|move|p1b: Kangaskhan|Double-Edge|p2a: Rampardos
|-activate|p2a: Rampardos|move: Protect
|move|p2b: Ninetales|Aurora Veil||[still]
|-fail|p2b: Ninetales
|
|-weather|SunnyDay|[upkeep]
|upkeep
|turn|4
|
|t:|1784778624
|switch|p2a: Metagross|Metagross, L50|100/100
|move|p2b: Ninetales|Protect|p2b: Ninetales
|-singleturn|p2b: Ninetales|Protect
|move|p1a: Torkoal|Eruption|p2b: Ninetales|[spread] p2a
|-activate|p2b: Ninetales|move: Protect
|-supereffective|p2a: Metagross|1
|-damage|p2a: Metagross|0 fnt
|faint|p2a: Metagross
|move|p1b: Kangaskhan|Double-Edge|p2b: Ninetales
|-activate|p2b: Ninetales|move: Protect
|
|-weather|SunnyDay|[upkeep]
|upkeep
|
|t:|1784778634
|switch|p2a: Rampardos|Rampardos, L50, F|40/100
|turn|5
|
|t:|1784778647
|move|p1a: Torkoal|Eruption|p2a: Rampardos|[spread] p2a,p2b
|-resisted|p2a: Rampardos|1
|-supereffective|p2b: Ninetales|1
|-crit|p2b: Ninetales
|-damage|p2a: Rampardos|0 fnt
|-enditem|p2b: Ninetales|Focus Sash
|-damage|p2b: Ninetales|1/100
|faint|p2a: Rampardos
|move|p1b: Kangaskhan|Double-Edge|p2b: Ninetales
|-damage|p2b: Ninetales|0 fnt
|faint|p2b: Ninetales
|-damage|p1b: Kangaskhan|27/100|[from] Recoil
|
|win|andiom123
||tsteelerfan is ready for game 2.
||andiom123 is ready for game 2.
|uhtml|next|Next: Game 2 of 3
|l|☆tsteelerfan
|player|p2|
