|j|☆KlNGSALMON
|j|☆Gentlefish
|html|KlNGSALMONGentlefish    
|uhtml|bestof|Game 2 of a best-of-3
|t:|1756399036
|gametype|doubles
|player|p1|KlNGSALMON|265|1281
|player|p2|Gentlefish|burglar-gen1rb|1188
|gen|9
|tier|[Gen 9] VGC 2025 Reg H (Bo3)
|rated|
|rule|Species Clause: Limit one of each Pokémon
|rule|Item Clause: Limit 1 of each item
|clearpoke
|poke|p1|Sneasler, L50, F|
|poke|p1|Tyranitar, L50, F|
|poke|p1|Indeedee, L50, M|
|poke|p1|Excadrill, L50, F|
|poke|p1|Corviknight, L50, F|
|poke|p1|Sinistcha, L50|
|poke|p2|Garchomp, L50, M|
|poke|p2|Weezing-Galar, L50, M|
|poke|p2|Archaludon, L50, F|
|poke|p2|Gholdengo, L50|
|poke|p2|Talonflame, L50, F|
|poke|p2|Annihilape, L50, F|
|teampreview|4
|showteam|p1|Sneasler||WhiteHerb|Unburden|CloseCombat,DireClaw,Coaching,FakeOut|||F|||50|,,,,,Flying]Tyranitar||AssaultVest|SandStream|RockSlide,KnockOff,LowKick,TeraBlast|||F|||50|,,,,,Flying]Indeedee||ChoiceScarf|PsychicSurge|ExpandingForce,TeraBlast,Protect,Trick|||M|||50|,,,,,Psychic]Excadrill||FocusSash|SandRush|Protect,Earthquake,IronHead,SwordsDance|||F|||50|,,,,,Ground]Corviknight||PsychicSeed|MirrorArmor|Protect,BraveBird,BulkUp,Roost|||F|||50|,,,,,Fire]Sinistcha||SitrusBerry|Heatproof|MatchaGotcha,RagePowder,TrickRoom,StrengthSap||||||50|,,,,,Dark
|showteam|p2|Garchomp||LifeOrb|RoughSkin|DragonClaw,Earthquake,StompingTantrum,Protect|||M|||50|,,,,,Ground]Weezing-Galar||FocusSash|NeutralizingGas|Protect,SludgeBomb,Taunt,StrangeSteam|||M|||50|,,,,,Flying]Archaludon||PowerHerb|Sturdy|ElectroShot,Thunderbolt,DracoMeteor,Protect|||F|||50|,,,,,Electric]Gholdengo||ChoiceSpecs|GoodasGold|ShadowBall,DazzlingGleam,PowerGem,MakeItRain||||||50|,,,,,Fairy]Talonflame||CovertCloak|GaleWings|Tailwind,DualWingbeat,Taunt,FlareBlitz|||F|||50|,,,,,Stellar]Annihilape||AssaultVest|Defiant|CloseCombat,RageFist,FinalGambit,IcePunch|||F|||50|,,,,,Grass
|
|t:|1756399119
|teamsize|p1|4
|teamsize|p2|4
|start
|switch|p1a: Tyranitar|Tyranitar, L50, F, shiny|100/100
|switch|p1b: Sinistcha|Sinistcha, L50|100/100
|switch|p2a: Talonflame|Talonflame, L50, F|100/100
|switch|p2b: Gholdengo|Gholdengo, L50|100/100
|-weather|Sandstorm|[from] ability: Sand Stream|[of] p1a: Tyranitar
|turn|1
|
|t:|1756399156
|switch|p2a: Annihilape|Annihilape, L50, F|100/100
|switch|p1b: Corviknight|Corviknight, L50, F, shiny|100/100
|move|p2b: Gholdengo|Shadow Ball|p1b: Corviknight
|-damage|p1b: Corviknight|37/100
|-ability|p1b: Corviknight|Mirror Armor
|-unboost|p2b: Gholdengo|spd|1
|move|p1a: Tyranitar|Rock Slide|p2a: Annihilape|[spread] p2a,p2b
|-resisted|p2a: Annihilape
|-resisted|p2b: Gholdengo
|-damage|p2a: Annihilape|82/100
|-damage|p2b: Gholdengo|82/100
|
|-weather|Sandstorm|[upkeep]
|-damage|p2a: Annihilape|76/100|[from] Sandstorm
|upkeep
|turn|2
|
|t:|1756399194
|-terastallize|p1a: Tyranitar|Flying
|move|p2a: Annihilape|Rage Fist|p1b: Corviknight
|-damage|p1b: Corviknight|7/100
|move|p2b: Gholdengo|Shadow Ball|p1a: Tyranitar
|-damage|p1a: Tyranitar|66/100
|move|p1b: Corviknight|Brave Bird|p2a: Annihilape
|-supereffective|p2a: Annihilape
|-damage|p2a: Annihilape|0 fnt
|faint|p2a: Annihilape
|-damage|p1b: Corviknight|0 fnt|[from] Recoil
|faint|p1b: Corviknight
|move|p1a: Tyranitar|Knock Off|p2b: Gholdengo
|-supereffective|p2b: Gholdengo
|-damage|p2b: Gholdengo|0 fnt
|-enditem|p2b: Gholdengo|Choice Specs|[from] move: Knock Off|[of] p1a: Tyranitar
|faint|p2b: Gholdengo
|
|-weather|Sandstorm|[upkeep]
|-damage|p1a: Tyranitar|60/100|[from] Sandstorm
|upkeep
|
|t:|1756399219
|switch|p2a: Archaludon|Archaludon, L50, F|100/100
|switch|p2b: Talonflame|Talonflame, L50, F|100/100
|switch|p1b: Excadrill|Excadrill, L50, F, shiny|100/100
|turn|3
|
|t:|1756399270
|switch|p1a: Sinistcha|Sinistcha, L50|100/100
|-terastallize|p2a: Archaludon|Electric
|move|p2b: Talonflame|Tailwind|p2b: Talonflame
|-sidestart|p2: Gentlefish|move: Tailwind
|move|p1b: Excadrill|Earthquake|p2a: Archaludon|[spread] p1a,p2a
|-immune|p2b: Talonflame
|-resisted|p1a: Sinistcha
|-supereffective|p2a: Archaludon
|-damage|p1a: Sinistcha|86/100
|-damage|p2a: Archaludon|38/100
|move|p2a: Archaludon|Electro Shot||[still]
|-prepare|p2a: Archaludon|Electro Shot
|-boost|p2a: Archaludon|spa|1
|-enditem|p2a: Archaludon|Power Herb
|-anim|p2a: Archaludon|Electro Shot|p1a: Sinistcha
|-resisted|p1a: Sinistcha
|-damage|p1a: Sinistcha|29/100
|-enditem|p1a: Sinistcha|Sitrus Berry|[eat]
|-heal|p1a: Sinistcha|54/100|[from] item: Sitrus Berry
|
|-weather|Sandstorm|[upkeep]
|-damage|p2b: Talonflame|95/100|[from] Sandstorm
|-damage|p2a: Archaludon|32/100|[from] Sandstorm
|-damage|p1a: Sinistcha|48/100|[from] Sandstorm
|upkeep
|turn|4
|
|t:|1756399311
|move|p2a: Archaludon|Protect|p2a: Archaludon
|-singleturn|p2a: Archaludon|Protect
|move|p2b: Talonflame|Flare Blitz|p1a: Sinistcha
|-supereffective|p1a: Sinistcha
|-damage|p1a: Sinistcha|11/100
|-status|p1a: Sinistcha|brn
|-damage|p2b: Talonflame|82/100|[from] Recoil
|move|p1b: Excadrill|Earthquake|p2b: Talonflame|[spread] p1a
|-activate|p2a: Archaludon|move: Protect
|-immune|p2b: Talonflame
|-resisted|p1a: Sinistcha
|-damage|p1a: Sinistcha|0 fnt
|faint|p1a: Sinistcha
|
|-weather|Sandstorm|[upkeep]
|-damage|p2b: Talonflame|76/100|[from] Sandstorm
|-damage|p2a: Archaludon|26/100|[from] Sandstorm
|upkeep
|
|t:|1756399328
|switch|p1a: Tyranitar|Tyranitar, L50, F, shiny, tera:Flying|60/100
|turn|5
|
|t:|1756399341
|move|p2b: Talonflame|Flare Blitz|p1b: Excadrill
|-supereffective|p1b: Excadrill
|-enditem|p1b: Excadrill|Focus Sash
|-damage|p1b: Excadrill|1/100
|-damage|p2b: Talonflame|36/100|[from] Recoil
|move|p1b: Excadrill|Earthquake|p2a: Archaludon|[spread] p2a
|-immune|p1a: Tyranitar
|-immune|p2b: Talonflame
|-supereffective|p2a: Archaludon
|-damage|p2a: Archaludon|0 fnt
|faint|p2a: Archaludon
|move|p1a: Tyranitar|Rock Slide|p2b: Talonflame
|-supereffective|p2b: Talonflame
|-damage|p2b: Talonflame|0 fnt
|faint|p2b: Talonflame
|
|win|KlNGSALMON
|raw|KlNGSALMON's rating: 1281 → 1299(+18 for winning)
|raw|Gentlefish's rating: 1188 → 1170(-18 for losing)
|l|☆KlNGSALMON
|player|p1|
