|j|☆umbreoffxd
|j|☆sig.kire
|html|umbreoffxdsig.kire    
|uhtml|bestof|Game 2 of a best-of-3
|t:|1757822588
|gametype|doubles
|player|p1|umbreoffxd|ingo-hisui|1125
|player|p2|sig.kire|sailor|1115
|gen|9
|tier|[Gen 9] VGC 2025 Reg H (Bo3)
|rated|
|rule|Species Clause: Limit one of each Pokémon
|rule|Item Clause: Limit 1 of each item
|clearpoke
|poke|p1|Baxcalibur, L50, F|
|poke|p1|Rillaboom, L50, M|
|poke|p1|Whimsicott, L50, F|
|poke|p1|Gholdengo, L50|
|poke|p1|Magmar, L50, M|
|poke|p1|Sneasler, L50, M|
|poke|p2|Corviknight, L50, F|
|poke|p2|Garchomp, L50, F|
|poke|p2|Tyranitar, L50, F|
|poke|p2|Volcarona, L50, M|
|poke|p2|Indeedee, L50, M|
|poke|p2|Sneasler, L50, F|
|teampreview|4
|showteam|p1|Baxcalibur||LoadedDice|ThermalExchange|Protect,IceShard,ScaleShot,IcicleSpear|||F|||50|,,,,,Poison]Rillaboom||AssaultVest|GrassySurge|FakeOut,GrassyGlide,WoodHammer,HighHorsepower|||M|||50|,,,,,Fire]Whimsicott||CovertCloak|Prankster|Moonblast,Encore,Tailwind,FakeTears|||F|||50|,,,,,Steel]Gholdengo||MetalCoat|GoodasGold|MakeItRain,ShadowBall,NastyPlot,Protect||||||50|,,,,,Water]Magmar||Eviolite|VitalSpirit|WillOWisp,Overheat,FollowMe,Protect|||M|||50|,,,,,Electric]Sneasler||FocusSash|Unburden|Coaching,DireClaw,CloseCombat,Protect|||M|||50|,,,,,Stellar
|showteam|p2|Corviknight||SitrusBerry|MirrorArmor|BraveBird,BodyPress,BulkUp,Roost|||F|||50|,,,,,Fire]Garchomp||LifeOrb|RoughSkin|DragonClaw,StompingTantrum,Earthquake,Protect|||F|||50|,,,,,Ground]Tyranitar||AssaultVest|SandStream|RockSlide,KnockOff,TeraBlast,LowKick|||F|||50|,,,,,Flying]Volcarona||SafetyGoggles|FlameBody|Overheat,Protect,RagePowder,Tailwind|||M|||50|,,,,,Fairy]Indeedee||ChoiceScarf|PsychicSurge|ExpandingForce,HelpingHand,Trick,TrickRoom|||M|||50|,,,,,Psychic]Sneasler||PsychicSeed|Unburden|DireClaw,CloseCombat,ThroatChop,Protect|||F|||50|,,,,,Dark
|inactive|Battle timer is ON: inactive players will automatically lose when time's up. (requested by umbreoffxd)
|
|t:|1757822608
|teamsize|p1|4
|teamsize|p2|4
|start
|switch|p1a: Rambo|Rillaboom, L50, M|100/100
|switch|p1b: Mythra|Sneasler, L50, M, shiny|100/100
|switch|p2a: Volcarona|Volcarona, L50, M|100/100
|switch|p2b: Sneasler|Sneasler, L50, F|100/100
|-fieldstart|move: Grassy Terrain|[from] ability: Grassy Surge|[of] p1a: Rambo
|turn|1
|
|t:|1757822629
|move|p2b: Sneasler|Dire Claw|p1b: Mythra
|-resisted|p1b: Mythra
|-damage|p1b: Mythra|64/100
|move|p1b: Mythra|Dire Claw|p2a: Volcarona
|-damage|p2a: Volcarona|55/100
|-status|p2a: Volcarona|par
|move|p1a: Rambo|High Horsepower|p2b: Sneasler
|-supereffective|p2b: Sneasler
|-damage|p2b: Sneasler|0 fnt
|faint|p2b: Sneasler
|move|p2a: Volcarona|Overheat|p1a: Rambo
|-supereffective|p1a: Rambo
|-damage|p1a: Rambo|18/100
|-unboost|p2a: Volcarona|spa|2
|
|-heal|p1b: Mythra|70/100|[from] Grassy Terrain
|-heal|p1a: Rambo|24/100|[from] Grassy Terrain
|-heal|p2a: Volcarona|61/100 par|[from] Grassy Terrain
|upkeep
|
|t:|1757822640
|switch|p2b: Indeedee|Indeedee, L50, M|100/100
|-fieldstart|move: Psychic Terrain|[from] ability: Psychic Surge|[of] p2b: Indeedee
|turn|2
|
|t:|1757822649
|switch|p1a: The Chosen One|Gholdengo, L50|100/100
|move|p1b: Mythra|Protect|p1b: Mythra
|-singleturn|p1b: Mythra|Protect
|move|p2b: Indeedee|Expanding Force|p1a: The Chosen One|[spread] p1a
|-activate|p1b: Mythra|move: Protect
|-resisted|p1a: The Chosen One
|-damage|p1a: The Chosen One|73/100
|move|p2a: Volcarona|Tailwind|p2a: Volcarona
|-sidestart|p2: sig.kire|move: Tailwind
|
|upkeep
|turn|3
|inactive|umbreoffxd has 30 seconds left.
|
|t:|1757822675
|switch|p1a: Rambo|Rillaboom, L50, M|24/100
|-fieldstart|move: Grassy Terrain|[from] ability: Grassy Surge|[of] p1a: Rambo
|-terastallize|p2b: Indeedee|Psychic
|move|p2b: Indeedee|Expanding Force|p1a: Rambo
|-damage|p1a: Rambo|0 fnt
|faint|p1a: Rambo
|move|p1b: Mythra|Dire Claw|p2b: Indeedee
|-damage|p2b: Indeedee|3/100
|move|p2a: Volcarona|Overheat|p1b: Mythra
|-damage|p1b: Mythra|32/100
|-unboost|p2a: Volcarona|spa|2
|
|-heal|p2b: Indeedee|9/100|[from] Grassy Terrain
|-heal|p1b: Mythra|38/100|[from] Grassy Terrain
|-heal|p2a: Volcarona|68/100 par|[from] Grassy Terrain
|upkeep
|
|t:|1757822685
|switch|p1a: Tate McRae|Whimsicott, L50, F, shiny|100/100
|turn|4
|
|t:|1757822692
|switch|p2b: Corviknight|Corviknight, L50, F|100/100
|move|p1b: Mythra|Protect|p1b: Mythra
|-singleturn|p1b: Mythra|Protect
|move|p1a: Tate McRae|Moonblast|p2b: Corviknight
|-resisted|p2b: Corviknight
|-damage|p2b: Corviknight|89/100
|cant|p2a: Volcarona|par
|
|-heal|p1b: Mythra|44/100|[from] Grassy Terrain
|-heal|p2a: Volcarona|74/100 par|[from] Grassy Terrain
|upkeep
|turn|5
|
|t:|1757822704
|move|p1a: Tate McRae|Tailwind|p1a: Tate McRae
|-sidestart|p1: umbreoffxd|move: Tailwind
|move|p1b: Mythra|Close Combat|p2b: Corviknight
|-damage|p2b: Corviknight|36/100
|-unboost|p1b: Mythra|def|1
|-unboost|p1b: Mythra|spd|1
|-enditem|p2b: Corviknight|Sitrus Berry|[eat]
|-heal|p2b: Corviknight|61/100|[from] item: Sitrus Berry
|move|p2b: Corviknight|Brave Bird|p1b: Mythra
|-supereffective|p1b: Mythra
|-damage|p1b: Mythra|0 fnt
|faint|p1b: Mythra
|-damage|p2b: Corviknight|50/100|[from] Recoil
|cant|p2a: Volcarona|par
|
|-heal|p2a: Volcarona|80/100 par|[from] Grassy Terrain
|-sideend|p2: sig.kire|move: Tailwind
|upkeep
|
|t:|1757822709
|switch|p1b: The Chosen One|Gholdengo, L50|73/100
|turn|6
|
|t:|1757822719
|move|p1a: Tate McRae|Fake Tears|p2b: Corviknight
|-ability|p2b: Corviknight|Mirror Armor
|-unboost|p1a: Tate McRae|spd|2
|move|p1b: The Chosen One|Shadow Ball|p2b: Corviknight
|-damage|p2b: Corviknight|15/100
|move|p2b: Corviknight|Roost|p2b: Corviknight
|-heal|p2b: Corviknight|65/100
|-singleturn|p2b: Corviknight|move: Roost
|cant|p2a: Volcarona|par
|
|-heal|p1b: The Chosen One|79/100|[from] Grassy Terrain
|-heal|p2b: Corviknight|71/100|[from] Grassy Terrain
|-heal|p2a: Volcarona|86/100 par|[from] Grassy Terrain
|upkeep
|turn|7
|
|t:|1757822730
|-terastallize|p1b: The Chosen One|Water
|move|p1a: Tate McRae|Encore|p2b: Corviknight
|-start|p2b: Corviknight|Encore
|move|p1b: The Chosen One|Nasty Plot|p1b: The Chosen One
|-boost|p1b: The Chosen One|spa|2
|move|p2b: Corviknight|Roost|p2b: Corviknight
|-heal|p2b: Corviknight|100/100
|-singleturn|p2b: Corviknight|move: Roost
|move|p2a: Volcarona|Tailwind|p2a: Volcarona
|-sidestart|p2: sig.kire|move: Tailwind
|
|-heal|p1b: The Chosen One|85/100|[from] Grassy Terrain
|-heal|p2a: Volcarona|93/100 par|[from] Grassy Terrain
|-fieldend|move: Grassy Terrain
|upkeep
|turn|8
|
|t:|1757822740
|switch|p2b: Indeedee|Indeedee, L50, M, tera:Psychic|9/100
|-fieldstart|move: Psychic Terrain|[from] ability: Psychic Surge|[of] p2b: Indeedee
|move|p1a: Tate McRae|Encore|p2a: Volcarona
|-activate|p2a: Volcarona|move: Psychic Terrain
|move|p1b: The Chosen One|Shadow Ball|p2b: Indeedee
|-supereffective|p2b: Indeedee
|-damage|p2b: Indeedee|0 fnt
|faint|p2b: Indeedee
|move|p2a: Volcarona|Overheat|p1b: The Chosen One|[miss]
|-miss|p2a: Volcarona|p1b: The Chosen One
|
|-sideend|p1: umbreoffxd|move: Tailwind
|upkeep
|
|t:|1757822747
|switch|p2b: Corviknight|Corviknight, L50, F|100/100
|turn|9
|
|t:|1757822761
|move|p2a: Volcarona|Rage Powder|p2a: Volcarona
|-singleturn|p2a: Volcarona|move: Rage Powder
|move|p1a: Tate McRae|Fake Tears|p2a: Volcarona
|-activate|p2a: Volcarona|move: Psychic Terrain
|move|p2b: Corviknight|Brave Bird|p1b: The Chosen One
|-damage|p1b: The Chosen One|38/100
|-damage|p2b: Corviknight|87/100|[from] Recoil
|move|p1b: The Chosen One|Shadow Ball|p2a: Volcarona
|-damage|p2a: Volcarona|21/100 par
|
|upkeep
|turn|10
|
|t:|1757822776
|move|p1b: The Chosen One|Protect|p1b: The Chosen One
|-singleturn|p1b: The Chosen One|Protect
|cant|p2a: Volcarona|par
|move|p1a: Tate McRae|Tailwind|p1a: Tate McRae
|-sidestart|p1: umbreoffxd|move: Tailwind
|move|p2b: Corviknight|Brave Bird|p1a: Tate McRae
|-supereffective|p1a: Tate McRae
|-damage|p1a: Tate McRae|0 fnt
|faint|p1a: Tate McRae
|-damage|p2b: Corviknight|60/100|[from] Recoil
|
|-sideend|p2: sig.kire|move: Tailwind
|upkeep
|turn|11
|
|t:|1757822782
|move|p2a: Volcarona|Rage Powder|p2a: Volcarona
|-singleturn|p2a: Volcarona|move: Rage Powder
|move|p1b: The Chosen One|Shadow Ball|p2a: Volcarona
|-damage|p2a: Volcarona|0 fnt
|faint|p2a: Volcarona
|move|p2b: Corviknight|Brave Bird|p1b: The Chosen One
|-damage|p1b: The Chosen One|0 fnt
|faint|p1b: The Chosen One
|-damage|p2b: Corviknight|49/100|[from] Recoil
|
|win|sig.kire
||umbreoffxd is ready for game 3.
||sig.kire is ready for game 3.
|uhtml|next|Next: Game 3 of 3
