|j|☆IshtarVGC26
|j|☆Llama_Llord
|html|IshtarVGC26Llama_Llord    
|uhtml|bestof|Game 1 of a best-of-3
|t:|1756885478
|gametype|doubles
|player|p1|IshtarVGC26|juan|1196
|player|p2|Llama_Llord|1|1189
|gen|9
|tier|[Gen 9] VGC 2025 Reg H (Bo3)
|rated|
|rule|Species Clause: Limit one of each Pokémon
|rule|Item Clause: Limit 1 of each item
|clearpoke
|poke|p1|Tyranitar, L50, F|
|poke|p1|Excadrill, L50, M|
|poke|p1|Sinistcha-Masterpiece, L50|
|poke|p1|Primarina, L50, M|
|poke|p1|Volcarona, L50, M|
|poke|p1|Braviary, L50, M|
|poke|p2|Talonflame, L50, F|
|poke|p2|Garchomp, L50, F|
|poke|p2|Gholdengo, L50|
|poke|p2|Tyranitar, L50, M|
|poke|p2|Amoonguss, L50, F|
|poke|p2|Milotic, L50, M|
|teampreview|4
|showteam|p1|Tyranitar||AssaultVest|SandStream|RockSlide,KnockOff,TeraBlast,BrickBreak|||F|||50|,,,,,Flying]Excadrill||FocusSash|SandRush|Protect,DrillRun,Earthquake,IronHead|||M|||50|,,,,,Dragon]Sinistcha-Masterpiece||RockyHelmet|Hospitality|LifeDew,RagePowder,MatchaGotcha,TrickRoom||||||50|,,,,,Water]Primarina||ThroatSpray|LiquidVoice|Protect,HyperVoice,Moonblast,Haze|||M|||50|,,,,,Water]Volcarona||SitrusBerry|FlameBody|Protect,FieryDance,GigaDrain,QuiverDance|||M|||50|,,,,,Dragon]Braviary||SafetyGoggles|Defiant|Protect,BraveBird,CloseCombat,Tailwind|||M|||50|,,,,,Ghost
|showteam|p2|Talonflame||CovertCloak|GaleWings|Tailwind,BraveBird,WillOWisp,Taunt|||F|||50|,,,,,Grass]Garchomp||LifeOrb|RoughSkin|Earthquake,DragonClaw,StompingTantrum,Protect|||F|||50|,,,,,Fairy]Gholdengo||ChoiceSpecs|GoodasGold|MakeItRain,ShadowBall,Thunderbolt,PowerGem||||||50|,,,,,Steel]Tyranitar||AssaultVest|SandStream|RockSlide,KnockOff,TeraBlast,LowKick|||M|||50|,,,,,Flying]Amoonguss||SitrusBerry|Regenerator|PollenPuff,Spore,RagePowder,Protect|||F|||50|,,,,,Water]Milotic||SafetyGoggles|Competitive|Scald,IcyWind,Haze,Protect|||M|||50|,,,,,Dragon
|inactive|Battle timer is ON: inactive players will automatically lose when time's up. (requested by Llama_Llord)
|inactive|IshtarVGC26 has 60 seconds left.
|inactive|Llama_Llord has 60 seconds left.
|inactive|Llama_Llord has 30 seconds left.
|
|t:|1756885546
|teamsize|p1|4
|teamsize|p2|4
|start
|switch|p1a: Primarina|Primarina, L50, M|100/100
|switch|p1b: Braviary|Braviary, L50, M|100/100
|switch|p2a: Talonflame|Talonflame, L50, F|100/100
|switch|p2b: Garchomp|Garchomp, L50, F|100/100
|turn|1
|inactive|IshtarVGC26 has 30 seconds left.
|inactive|Llama_Llord has 30 seconds left.
|
|t:|1756885574
|switch|p2b: Amoonguss|Amoonguss, L50, F|100/100
|move|p2a: Talonflame|Tailwind|p2a: Talonflame
|-sidestart|p2: Llama_Llord|move: Tailwind
|move|p1b: Braviary|Tailwind|p1b: Braviary
|-sidestart|p1: IshtarVGC26|move: Tailwind
|move|p1a: Primarina|Hyper Voice|p2a: Talonflame|[spread] p2a,p2b
|-supereffective|p2a: Talonflame
|-resisted|p2b: Amoonguss
|-damage|p2a: Talonflame|3/100
|-damage|p2b: Amoonguss|85/100
|-enditem|p1a: Primarina|Throat Spray
|-boost|p1a: Primarina|spa|1|[from] item: Throat Spray
|
|upkeep
|turn|2
|
|t:|1756885593
|move|p2a: Talonflame|Will-O-Wisp|p1b: Braviary
|-status|p1b: Braviary|brn
|move|p1b: Braviary|Brave Bird|p2b: Amoonguss
|-supereffective|p2b: Amoonguss
|-damage|p2b: Amoonguss|37/100
|-enditem|p2b: Amoonguss|Sitrus Berry|[eat]
|-heal|p2b: Amoonguss|62/100|[from] item: Sitrus Berry
|-damage|p1b: Braviary|80/100 brn|[from] Recoil
|move|p1a: Primarina|Hyper Voice|p2a: Talonflame|[spread] p2a,p2b
|-supereffective|p2a: Talonflame
|-resisted|p2b: Amoonguss
|-damage|p2a: Talonflame|0 fnt
|-damage|p2b: Amoonguss|40/100
|faint|p2a: Talonflame
|move|p2b: Amoonguss|Spore|p1a: Primarina
|-status|p1a: Primarina|slp|[from] move: Spore
|
|-damage|p1b: Braviary|75/100 brn|[from] brn
|upkeep
|
|t:|1756885606
|switch|p2a: Gholdengo|Gholdengo, L50|100/100
|turn|3
|
|t:|1756885618
|switch|p2b: Garchomp|Garchomp, L50, F|100/100
|-terastallize|p1a: Primarina|Water
|move|p2a: Gholdengo|Make It Rain|p1a: Primarina|[spread] p1a,p1b
|-resisted|p1a: Primarina
|-damage|p1a: Primarina|72/100 slp
|-damage|p1b: Braviary|0 fnt
|-unboost|p2a: Gholdengo|spa|1
|faint|p1b: Braviary
|cant|p1a: Primarina|slp
|
|upkeep
|
|t:|1756885636
|switch|p1b: Volcarona|Volcarona, L50, M|100/100
|turn|4
|inactive|Llama_Llord has 30 seconds left.
|inactive|Llama_Llord has 20 seconds left.
|
|t:|1756885672
|switch|p2a: Amoonguss|Amoonguss, L50, F|73/100
|-terastallize|p2b: Garchomp|Fairy
|move|p2b: Garchomp|Stomping Tantrum|p1b: Volcarona
|-damage|p1b: Volcarona|34/100
|-enditem|p1b: Volcarona|Sitrus Berry|[eat]
|-heal|p1b: Volcarona|59/100|[from] item: Sitrus Berry
|-damage|p2b: Garchomp|91/100|[from] item: Life Orb
|move|p1b: Volcarona|Quiver Dance|p1b: Volcarona
|-boost|p1b: Volcarona|spa|1
|-boost|p1b: Volcarona|spd|1
|-boost|p1b: Volcarona|spe|1
|-curestatus|p1a: Primarina|slp|[msg]
|move|p1a: Primarina|Moonblast|p2b: Garchomp
|-damage|p2b: Garchomp|2/100
|
|-sideend|p2: Llama_Llord|move: Tailwind
|-sideend|p1: IshtarVGC26|move: Tailwind
|upkeep
|turn|5
|inactive|IshtarVGC26 has 30 seconds left.
|inactive|Llama_Llord has 30 seconds left.
|
|t:|1756885707
|move|p2b: Garchomp|Protect|p2b: Garchomp
|-singleturn|p2b: Garchomp|Protect
|move|p2a: Amoonguss|Protect|p2a: Amoonguss
|-singleturn|p2a: Amoonguss|Protect
|move|p1b: Volcarona|Fiery Dance|p2a: Amoonguss
|-activate|p2a: Amoonguss|move: Protect
|move|p1a: Primarina|Hyper Voice|p2a: Amoonguss|[spread] 
|-activate|p2a: Amoonguss|move: Protect
|-activate|p2b: Garchomp|move: Protect
|
|upkeep
|turn|6
|inactive|IshtarVGC26 has 30 seconds left.
|
|t:|1756885735
|move|p2a: Amoonguss|Rage Powder|p2a: Amoonguss
|-singleturn|p2a: Amoonguss|move: Rage Powder
|move|p1b: Volcarona|Fiery Dance|p2a: Amoonguss
|-supereffective|p2a: Amoonguss
|-damage|p2a: Amoonguss|0 fnt
|-boost|p1b: Volcarona|spa|1
|faint|p2a: Amoonguss
|move|p2b: Garchomp|Stomping Tantrum|p1b: Volcarona
|-damage|p1b: Volcarona|0 fnt
|faint|p1b: Volcarona
|-damage|p2b: Garchomp|0 fnt|[from] item: Life Orb
|faint|p2b: Garchomp
|move|p1a: Primarina|Hyper Voice|p2: Amoonguss|[notarget]
|-fail|p1a: Primarina
|
|upkeep
|
|t:|1756885749
|switch|p2b: Gholdengo|Gholdengo, L50|100/100
|switch|p1b: Sinistcha|Sinistcha-Masterpiece, L50|100/100
|-heal|p1a: Primarina|97/100|[from] ability: Hospitality|[of] p1b: Sinistcha
|turn|7
|
|t:|1756885762
|move|p1a: Primarina|Protect|p1a: Primarina
|-singleturn|p1a: Primarina|Protect
|move|p2b: Gholdengo|Thunderbolt|p1a: Primarina
|-activate|p1a: Primarina|move: Protect
|move|p1b: Sinistcha|Trick Room|p1b: Sinistcha
|-fieldstart|move: Trick Room|[of] p1b: Sinistcha
|
|upkeep
|turn|8
|
|t:|1756885773
|move|p1b: Sinistcha|Rage Powder|p1b: Sinistcha
|-singleturn|p1b: Sinistcha|move: Rage Powder
|move|p1a: Primarina|Hyper Voice|p2b: Gholdengo
|-damage|p2b: Gholdengo|0 fnt
|faint|p2b: Gholdengo
|
|win|IshtarVGC26
