|j|‽Sushi Bum
|j|☆thisisaladderteam
|html|Sushi Bumthisisaladderteam    
|uhtml|bestof|Game 2 of a best-of-3
|t:|1782454874
|gametype|doubles
|player|p1|Sushi Bum|beni-ninja|1103
|player|p2|thisisaladderteam|guzma|1185
|gen|9
|tier|[Gen 9 Champions] VGC 2026 Reg M-B (Bo3)
|rated|
|rule|Species Clause: Limit one of each Pokémon
|rule|Item Clause: Limit 1 of each item
|clearpoke
|poke|p1|Talonflame, L50, F|
|poke|p1|Grimmsnarl, L50, M|
|poke|p1|Raichu, L50, M|
|poke|p1|Maushold-Four, L50|
|poke|p1|Venusaur, L50, M|
|poke|p1|Mamoswine, L50, M|
|poke|p2|Sceptile, L50, M, shiny|
|poke|p2|Rotom-Heat, L50, shiny|
|poke|p2|Toxapex, L50, M, shiny|
|poke|p2|Incineroar, L50, F, shiny|
|poke|p2|Garchomp, L50, F|
|poke|p2|Gholdengo, L50|
|teampreview|4
|showteam|p1|Talonflame||SharpBeak|GaleWings|BraveBird,Taunt,Tailwind,UpperHand|Adamant||F|||50|]Grimmsnarl||LightClay|Prankster|PartingShot,SpiritBreak,LightScreen,Reflect|Adamant||M|||50|]Raichu||RaichuniteY|LightningRod|ZapCannon,GrassKnot,FocusBlast,Protect|Timid||M|||50|]Maushold-Four||KingsRock|FriendGuard|FollowMe,PopulationBomb,Crunch,Protect|Jolly|||||50|]Venusaur||LifeOrb|Chlorophyll|SludgeBomb,SleepPowder,GigaDrain,EarthPower|Timid||M|||50|]Mamoswine||FocusSash|Oblivious|StompingTantrum,IceShard,IcicleCrash,Protect|Jolly||M|||50|
|showteam|p2|Sceptile||Sceptilite|Overgrow|Detect,EnergyBall,DragonPulse,EarthPower|Timid||M|||50|]Rotom-Heat||ChoiceScarf|Levitate|Discharge,Electroweb,Overheat,WillOWisp|Timid|||||50|]Toxapex||Leftovers|Regenerator|BanefulBunker,Infestation,Toxic,WideGuard|Bold||M|||50|]Incineroar||SitrusBerry|Intimidate|FakeOut,PartingShot,ThroatChop,FlareBlitz|Careful||F|||50|]Garchomp||LifeOrb|RoughSkin|Protect,RockSlide,Earthquake,DragonClaw|Jolly||F|||50|]Gholdengo||KasibBerry|GoodasGold|Protect,NastyPlot,ShadowBall,MakeItRain|Modest|||||50|
|inactive|Battle timer is ON: inactive players will automatically lose when time's up. (requested by thisisaladderteam)
|inactive|Sushi Bum has 60 seconds left.
|
|t:|1782454905
|teamsize|p1|4
|teamsize|p2|4
|start
|switch|p1a: Talonflame|Talonflame, L50, F|100/100
|switch|p1b: Raichu|Raichu, L50, M|100/100
|switch|p2a: Incineroar|Incineroar, L50, F, shiny|100/100
|switch|p2b: Rotom|Rotom-Heat, L50, shiny|100/100
|-ability|p2a: Incineroar|Intimidate|boost
|-unboost|p1a: Talonflame|atk|1
|-unboost|p1b: Raichu|atk|1
|turn|1
|
|t:|1782454922
|switch|p2a: Gholdengo|Gholdengo, L50|100/100
|detailschange|p1b: Raichu|Raichu-Mega-Y, L50, M
|-mega|p1b: Raichu|Raichu|Raichunite Y
|move|p1a: Talonflame|Upper Hand||[still]
|-fail|p1a: Talonflame
|move|p2b: Rotom|Overheat|p1b: Raichu
|-damage|p1b: Raichu|13/100
|-unboost|p2b: Rotom|spa|2
|move|p1b: Raichu|Focus Blast|p2b: Rotom
|-damage|p2b: Rotom|34/100
|
|upkeep
|turn|2
|
|t:|1782454941
|switch|p2b: Incineroar|Incineroar, L50, F, shiny|100/100
|-ability|p2b: Incineroar|Intimidate|boost
|-unboost|p1a: Talonflame|atk|1
|-unboost|p1b: Raichu|atk|1
|move|p1a: Talonflame|Tailwind|p1a: Talonflame
|-sidestart|p1: Sushi Bum|move: Tailwind
|move|p1b: Raichu|Zap Cannon|p2a: Gholdengo
|-damage|p2a: Gholdengo|12/100
|-status|p2a: Gholdengo|par
|move|p2a: Gholdengo|Shadow Ball|p1b: Raichu
|-damage|p1b: Raichu|0 fnt
|faint|p1b: Raichu
|
|upkeep
|inactive|Sushi Bum has 30 seconds left.
|inactive|Sushi Bum has 20 seconds left.
|inactive|Sushi Bum has 15 seconds left.
|inactive|Sushi Bum has 10 seconds left.
|
|t:|1782454990
|switch|p1b: Venusaur|Venusaur, L50, M|100/100
|turn|3
|
|t:|1782455002
|move|p1a: Talonflame|Brave Bird|p2a: Gholdengo
|-resisted|p2a: Gholdengo|1
|-damage|p2a: Gholdengo|0 fnt
|faint|p2a: Gholdengo
|-damage|p1a: Talonflame|95/100|[from] Recoil
|move|p1b: Venusaur|Sleep Powder|p2b: Incineroar|[miss]
|-miss|p1b: Venusaur|p2b: Incineroar
|move|p2b: Incineroar|Throat Chop|p1a: Talonflame
|-crit|p1a: Talonflame
|-damage|p1a: Talonflame|20/100y
|-start|p1a: Talonflame|Throat Chop|[silent]
|
|upkeep
|
|t:|1782455014
|switch|p2a: Sceptile|Sceptile, L50, M, shiny|100/100
|turn|4
|
|t:|1782455027
|detailschange|p2a: Sceptile|Sceptile-Mega, L50, M, shiny
|-mega|p2a: Sceptile|Sceptile|Sceptilite
|move|p2a: Sceptile|Detect|p2a: Sceptile
|-singleturn|p2a: Sceptile|Protect
|move|p1a: Talonflame|Brave Bird|p2b: Incineroar
|-damage|p2b: Incineroar|73/100
|-damage|p1a: Talonflame|8/100|[from] Recoil
|move|p1b: Venusaur|Sludge Bomb|p2a: Sceptile
|-activate|p2a: Sceptile|move: Protect
|move|p2b: Incineroar|Parting Shot|p1b: Venusaur
|-unboost|p1b: Venusaur|atk|1
|-unboost|p1b: Venusaur|spa|1
|
|t:|1782455038
|switch|p2b: Rotom|Rotom-Heat, L50, shiny|34/100|[from] Parting Shot
|
|-end|p1a: Talonflame|Throat Chop|[silent]
|upkeep
|turn|5
|
|t:|1782455052
|switch|p1a: Mamoswine|Mamoswine, L50, M|100/100
|switch|p2a: Incineroar|Incineroar, L50, F, shiny|73/100
|-ability|p2a: Incineroar|Intimidate|boost
|-fail|p1a: Mamoswine|unboost|Attack|[from] ability: Oblivious|[of] p1a: Mamoswine
|-unboost|p1b: Venusaur|atk|1
|move|p1b: Venusaur|Sludge Bomb|p2a: Incineroar
|-damage|p2a: Incineroar|45/100
|-enditem|p2a: Incineroar|Sitrus Berry|[eat]
|-heal|p2a: Incineroar|70/100|[from] item: Sitrus Berry
|-damage|p1b: Venusaur|90/100|[from] item: Life Orb
|move|p2b: Rotom|Electroweb|p1b: Venusaur|[spread] p1b
|-immune|p1a: Mamoswine
|-resisted|p1b: Venusaur|1
|-crit|p1b: Venusaur
|-damage|p1b: Venusaur|74/100
|-unboost|p1b: Venusaur|spe|1
|
|-sideend|p1: Sushi Bum|move: Tailwind
|upkeep
|turn|6
|inactive|thisisaladderteam has 30 seconds left.
|
|t:|1782455079
|switch|p2b: Sceptile|Sceptile-Mega, L50, M, shiny|100/100
|switch|p1b: Talonflame|Talonflame, L50, F|8/100
|move|p1a: Mamoswine|Protect|p1a: Mamoswine
|-singleturn|p1a: Mamoswine|Protect
|move|p2a: Incineroar|Fake Out|p1a: Mamoswine
|-activate|p1a: Mamoswine|move: Protect
|
|upkeep
|turn|7
|inactive|Sushi Bum has 30 seconds left.
|inactive|Sushi Bum has 20 seconds left.
|
|t:|1782455115
|move|p2b: Sceptile|Detect|p2b: Sceptile
|-singleturn|p2b: Sceptile|Protect
|move|p1a: Mamoswine|Ice Shard|p2b: Sceptile
|-activate|p2b: Sceptile|move: Protect
|move|p1b: Talonflame|Tailwind|p1b: Talonflame
|-sidestart|p1: Sushi Bum|move: Tailwind
|move|p2a: Incineroar|Parting Shot|p1a: Mamoswine
|-unboost|p1a: Mamoswine|atk|1
|-unboost|p1a: Mamoswine|spa|1
|
|t:|1782455118
|switch|p2a: Rotom|Rotom-Heat, L50, shiny|34/100|[from] Parting Shot
|
|upkeep
|turn|8
|
|t:|1782455127
|switch|p1b: Venusaur|Venusaur, L50, M|74/100
|switch|p2b: Incineroar|Incineroar, L50, F, shiny|70/100
|-ability|p2b: Incineroar|Intimidate|boost
|-fail|p1a: Mamoswine|unboost|Attack|[from] ability: Oblivious|[of] p1a: Mamoswine
|-unboost|p1b: Venusaur|atk|1
|move|p1a: Mamoswine|Icicle Crash|p2a: Rotom
|-resisted|p2a: Rotom|1
|-damage|p2a: Rotom|16/100
|move|p2a: Rotom|Overheat|p1a: Mamoswine
|-supereffective|p1a: Mamoswine|1
|-enditem|p1a: Mamoswine|Focus Sash
|-damage|p1a: Mamoswine|1/100
|-unboost|p2a: Rotom|spa|2
|
|upkeep
|turn|9
|
|t:|1782455151
|move|p2b: Incineroar|Fake Out|p1b: Venusaur
|-damage|p1b: Venusaur|59/100
|move|p1a: Mamoswine|Stomping Tantrum|p2b: Incineroar
|-supereffective|p2b: Incineroar|1
|-damage|p2b: Incineroar|25/100
|cant|p1b: Venusaur|flinch
|move|p2a: Rotom|Overheat|p1b: Venusaur
|-supereffective|p1b: Venusaur|1
|-damage|p1b: Venusaur|0 fnt
|-unboost|p2a: Rotom|spa|2
|faint|p1b: Venusaur
|
|upkeep
|
|t:|1782455173
|switch|p1b: Talonflame|Talonflame, L50, F|8/100
|turn|10
|
|t:|1782455184
|switch|p2b: Sceptile|Sceptile-Mega, L50, M, shiny|100/100
|move|p1b: Talonflame|Brave Bird|p2a: Rotom
|-resisted|p2a: Rotom|1
|-damage|p2a: Rotom|0 fnt
|faint|p2a: Rotom
|-damage|p1b: Talonflame|3/100|[from] Recoil
|move|p1a: Mamoswine|Stomping Tantrum|p2b: Sceptile
|-resisted|p2b: Sceptile|1
|-damage|p2b: Sceptile|79/100
|
|-sideend|p1: Sushi Bum|move: Tailwind
|upkeep
|
|t:|1782455193
|switch|p2a: Incineroar|Incineroar, L50, F, shiny|25/100
|-ability|p2a: Incineroar|Intimidate|boost
|-fail|p1a: Mamoswine|unboost|Attack|[from] ability: Oblivious|[of] p1a: Mamoswine
|-unboost|p1b: Talonflame|atk|1
|turn|11
|inactive|thisisaladderteam has 30 seconds left.
|
|t:|1782455221
|move|p2b: Sceptile|Detect|p2b: Sceptile
|-singleturn|p2b: Sceptile|Protect
|move|p1b: Talonflame|Upper Hand||[still]
|-fail|p1b: Talonflame
|move|p1a: Mamoswine|Stomping Tantrum|p2a: Incineroar
|-supereffective|p2a: Incineroar|1
|-damage|p2a: Incineroar|0 fnt
|faint|p2a: Incineroar
|
|upkeep
|turn|12
|
|t:|1782455237
|move|p1a: Mamoswine|Ice Shard|p2b: Sceptile
|-supereffective|p2b: Sceptile|2
|-damage|p2b: Sceptile|0 fnt
|faint|p2b: Sceptile
|
|win|Sushi Bum
|raw|Sushi Bum's rating: 1103 → 1134(+31 for winning)
|raw|thisisaladderteam's rating: 1185 → 1154(-31 for losing)
