|j|☆GrovyleSSJ
|j|☆taengerine
|html|GrovyleSSJtaengerine    
|uhtml|bestof|Game 3 of a best-of-3
|t:|1782596871
|gametype|doubles
|player|p1|GrovyleSSJ|1|1227
|player|p2|taengerine|lady|1324
|gen|9
|tier|[Gen 9 Champions] VGC 2026 Reg M-B (Bo3)
|rated|
|rule|Species Clause: Limit one of each Pokémon
|rule|Item Clause: Limit 1 of each item
|clearpoke
|poke|p1|Gengar, L50, M|
|poke|p1|Incineroar, L50, M|
|poke|p1|Ninetales-Alola, L50, M|
|poke|p1|Dragonite, L50, M|
|poke|p1|Snorlax, L50, M|
|poke|p1|Sneasler, L50, M|
|poke|p2|Mawile, L50, F|
|poke|p2|Farigiraf, L50, M|
|poke|p2|Sinistcha, L50|
|poke|p2|Garchomp, L50, F|
|poke|p2|Incineroar, L50, M|
|poke|p2|Delphox, L50, M|
|teampreview|4
|showteam|p1|Gengar||Gengarite|CursedBody|Protect,PerishSong,SludgeBomb,ShadowBall|Timid||M|||50|]Incineroar||PasshoBerry|Intimidate|FakeOut,PartingShot,FlareBlitz,Protect|Sassy||M|||50|]Ninetales-Alola||FocusSash|SnowWarning|Protect,Encore,Disable,Blizzard|Timid||M|||50|]Dragonite||DragonFang|Multiscale|Protect,LowKick,ExtremeSpeed,DragonClaw|Adamant||M|||50|]Snorlax||Leftovers|ThickFat|Protect,Yawn,Encore,ThunderPunch|Relaxed||M|||50|]Sneasler||WhiteHerb|Unburden|Protect,FakeOut,CloseCombat,DireClaw|Adamant||M|||50|
|showteam|p2|Mawile||Mawilite|HyperCutter|PlayRough,SwordsDance,SuckerPunch,Protect|Brave||F|||50|]Farigiraf||SitrusBerry|ArmorTail|Psychic,HelpingHand,TrickRoom,Thunderbolt|Quiet||M|||50|]Sinistcha||OccaBerry|Hospitality|MatchaGotcha,RagePowder,LifeDew,Protect|Bold|||||50|]Garchomp||LifeOrb|RoughSkin|StompingTantrum,RockSlide,DragonClaw,Protect|Adamant||F|||50|]Incineroar||PasshoBerry|Intimidate|FlareBlitz,FakeOut,ThroatChop,PartingShot|Careful||M|||50|]Delphox||Delphoxite|Blaze|HeatWave,Psychic,NastyPlot,Protect|Timid||M|||50|
|inactive|Battle timer is ON: inactive players will automatically lose when time's up. (requested by taengerine)
|
|t:|1782596895
|teamsize|p1|4
|teamsize|p2|4
|start
|switch|p1a: Gengar|Gengar, L50, M|100/100
|switch|p1b: Snorlax|Snorlax, L50, M|100/100
|switch|p2a: Incineroar|Incineroar, L50, M|100/100
|switch|p2b: Delphox|Delphox, L50, M|100/100
|-ability|p2a: Incineroar|Intimidate|boost
|-unboost|p1a: Gengar|atk|1
|-unboost|p1b: Snorlax|atk|1
|turn|1
|
|t:|1782596904
|switch|p1b: Incineroar|Incineroar, L50, M|100/100
|-ability|p1b: Incineroar|Intimidate|boost
|-unboost|p2a: Incineroar|atk|1
|-unboost|p2b: Delphox|atk|1
|detailschange|p2b: Delphox|Delphox-Mega, L50, M
|-mega|p2b: Delphox|Delphox|Delphoxite
|detailschange|p1a: Gengar|Gengar-Mega, L50, M
|-mega|p1a: Gengar|Gengar|Gengarite
|move|p1a: Gengar|Protect|p1a: Gengar
|-singleturn|p1a: Gengar|Protect
|move|p2a: Incineroar|Fake Out|p1b: Incineroar
|-damage|p1b: Incineroar|94/100
|move|p2b: Delphox|Nasty Plot|p2b: Delphox
|-boost|p2b: Delphox|spa|2
|
|upkeep
|turn|2
|
|t:|1782596918
|move|p1b: Incineroar|Fake Out|p2b: Delphox
|-damage|p2b: Delphox|85/100
|cant|p2b: Delphox|flinch
|move|p1a: Gengar|Perish Song|p1a: Gengar
|-start|p1a: Gengar|perish3|[silent]
|-start|p1b: Incineroar|perish3|[silent]
|-start|p2a: Incineroar|perish3|[silent]
|-start|p2b: Delphox|perish3|[silent]
|-fieldactivate|move: Perish Song
|move|p2a: Incineroar|Throat Chop|p1b: Incineroar
|-resisted|p1b: Incineroar|1
|-damage|p1b: Incineroar|85/100
|-start|p1b: Incineroar|Throat Chop|[silent]
|
|-start|p2b: Delphox|perish3
|-start|p1a: Gengar|perish3
|-start|p2a: Incineroar|perish3
|-start|p1b: Incineroar|perish3
|upkeep
|turn|3
|inactive|GrovyleSSJ has 30 seconds left.
|inactive|GrovyleSSJ has 20 seconds left.
|inactive|GrovyleSSJ has 15 seconds left.
|inactive|GrovyleSSJ has 10 seconds left.
|inactive|GrovyleSSJ has 5 seconds left.
|
|t:|1782596969
|switch|p1b: Dragonite|Dragonite, L50, M|100/100
|move|p1a: Gengar|Protect|p1a: Gengar
|-singleturn|p1a: Gengar|Protect
|move|p2b: Delphox|Psychic|p1a: Gengar
|-activate|p1a: Gengar|move: Protect
|move|p2a: Incineroar|Throat Chop|p1a: Gengar
|-activate|p1a: Gengar|move: Protect
|
|-start|p2b: Delphox|perish2
|-start|p1a: Gengar|perish2
|-start|p2a: Incineroar|perish2
|upkeep
|turn|4
|
|t:|1782596989
|switch|p1a: Incineroar|Incineroar, L50, M|85/100
|-ability|p1a: Incineroar|Intimidate|boost
|-unboost|p2a: Incineroar|atk|1
|-unboost|p2b: Delphox|atk|1
|move|p2b: Delphox|Psychic|p1a: Incineroar
|-immune|p1a: Incineroar
|move|p1b: Dragonite|Dragon Claw|p2b: Delphox
|-damage|p2b: Delphox|20/100y
|move|p2a: Incineroar|Parting Shot|p1a: Incineroar
|-unboost|p1a: Incineroar|atk|1
|-unboost|p1a: Incineroar|spa|1
|
|t:|1782596999
|switch|p2a: Sinistcha|Sinistcha, L50|100/100|[from] Parting Shot
|-heal|p2b: Delphox|45/100|[from] ability: Hospitality|[of] p2a: Sinistcha
|
|-start|p2b: Delphox|perish1
|upkeep
|turn|5
|inactive|GrovyleSSJ has 30 seconds left.
|
|t:|1782597029
|switch|p1b: Snorlax|Snorlax, L50, M|100/100
|move|p2a: Sinistcha|Rage Powder|p2a: Sinistcha
|-singleturn|p2a: Sinistcha|move: Rage Powder
|move|p2b: Delphox|Heat Wave|p1b: Snorlax|[spread] p1a,p1b
|-resisted|p1a: Incineroar|1
|-damage|p1a: Incineroar|52/100
|-damage|p1b: Snorlax|74/100
|move|p1a: Incineroar|Parting Shot|p2a: Sinistcha
|-unboost|p2a: Sinistcha|atk|1
|-unboost|p2a: Sinistcha|spa|1
|
|t:|1782597043
|switch|p1a: Gengar|Gengar-Mega, L50, M|100/100|[from] Parting Shot
|
|-heal|p1b: Snorlax|80/100|[from] item: Leftovers
|-start|p2b: Delphox|perish0
|upkeep
|faint|p2b: Delphox
|
|t:|1782597052
|switch|p2b: Garchomp|Garchomp, L50, F|100/100
|turn|6
|
|t:|1782597069
|switch|p1b: Incineroar|Incineroar, L50, M|52/100
|-ability|p1b: Incineroar|Intimidate|boost
|-unboost|p2a: Sinistcha|atk|1
|-unboost|p2b: Garchomp|atk|1
|move|p1a: Gengar|Protect|p1a: Gengar
|-singleturn|p1a: Gengar|Protect
|move|p2a: Sinistcha|Rage Powder|p2a: Sinistcha
|-singleturn|p2a: Sinistcha|move: Rage Powder
|move|p2b: Garchomp|Stomping Tantrum|p1b: Incineroar
|-supereffective|p1b: Incineroar|1
|-damage|p1b: Incineroar|0 fnt
|faint|p1b: Incineroar
|-damage|p2b: Garchomp|90/100|[from] item: Life Orb
|
|upkeep
|
|t:|1782597085
|switch|p1b: Snorlax|Snorlax, L50, M|80/100
|turn|7
|inactive|taengerine has 30 seconds left.
|
|t:|1782597116
|move|p2a: Sinistcha|Rage Powder|p2a: Sinistcha
|-singleturn|p2a: Sinistcha|move: Rage Powder
|move|p1a: Gengar|Perish Song|p1a: Gengar
|-start|p1a: Gengar|perish3|[silent]
|-start|p1b: Snorlax|perish3|[silent]
|-start|p2a: Sinistcha|perish3|[silent]
|-start|p2b: Garchomp|perish3|[silent]
|-fieldactivate|move: Perish Song
|move|p2b: Garchomp|Dragon Claw|p1a: Gengar
|-damage|p1a: Gengar|58/100
|-damage|p2b: Garchomp|80/100|[from] item: Life Orb
|move|p1b: Snorlax|Yawn|p2a: Sinistcha
|-start|p2a: Sinistcha|move: Yawn|[of] p1b: Snorlax
|
|-heal|p1b: Snorlax|86/100|[from] item: Leftovers
|-start|p1a: Gengar|perish3
|-start|p2b: Garchomp|perish3
|-start|p2a: Sinistcha|perish3
|-start|p1b: Snorlax|perish3
|upkeep
|turn|8
|
|t:|1782597138
|switch|p2a: Incineroar|Incineroar, L50, M|100/100
|-ability|p2a: Incineroar|Intimidate|boost
|-unboost|p1a: Gengar|atk|1
|-unboost|p1b: Snorlax|atk|1
|move|p1a: Gengar|Protect|p1a: Gengar
|-singleturn|p1a: Gengar|Protect
|move|p2b: Garchomp|Protect|p2b: Garchomp
|-singleturn|p2b: Garchomp|Protect
|move|p1b: Snorlax|Yawn|p2b: Garchomp
|-activate|p2b: Garchomp|move: Protect
|
|-heal|p1b: Snorlax|92/100|[from] item: Leftovers
|-start|p1a: Gengar|perish2
|-start|p2b: Garchomp|perish2
|-start|p1b: Snorlax|perish2
|upkeep
|turn|9
|inactive|GrovyleSSJ has 30 seconds left.
|inactive|GrovyleSSJ has 20 seconds left.
|inactive|GrovyleSSJ has 15 seconds left.
|
|t:|1782597180
|switch|p1a: Dragonite|Dragonite, L50, M|100/100
|move|p2a: Incineroar|Fake Out|p1b: Snorlax
|-damage|p1b: Snorlax|85/100
|move|p2b: Garchomp|Stomping Tantrum|p1a: Dragonite
|-immune|p1a: Dragonite
|cant|p1b: Snorlax|flinch
|
|-heal|p1b: Snorlax|91/100|[from] item: Leftovers
|-start|p2b: Garchomp|perish1
|-start|p1b: Snorlax|perish1
|upkeep
|turn|10
|inactive|GrovyleSSJ has 30 seconds left.
|
|t:|1782597209
|switch|p2b: Sinistcha|Sinistcha, L50|100/100
|switch|p1b: Gengar|Gengar-Mega, L50, M|58/100
|move|p1a: Dragonite|Dragon Claw|p2b: Sinistcha
|-damage|p2b: Sinistcha|57/100
|move|p2a: Incineroar|Throat Chop|p1b: Gengar
|-supereffective|p1b: Gengar|1
|-damage|p1b: Gengar|0 fnt
|faint|p1b: Gengar
|
|upkeep
|
|t:|1782597218
|switch|p1b: Snorlax|Snorlax, L50, M|91/100
|turn|11
|
|t:|1782597231
|move|p1a: Dragonite|Dragon Claw|p2b: Sinistcha
|-damage|p2b: Sinistcha|15/100
|move|p2b: Sinistcha|Life Dew||[still]|[spread] p2a,p2b
|-fail|p2a: Incineroar|heal
|-heal|p2b: Sinistcha|41/100
|move|p2a: Incineroar|Flare Blitz|p1a: Dragonite
|-resisted|p1a: Dragonite|1
|-damage|p1a: Dragonite|90/100
|-damage|p2a: Incineroar|97/100|[from] Recoil
|move|p1b: Snorlax|Yawn|p2a: Incineroar
|-start|p2a: Incineroar|move: Yawn|[of] p1b: Snorlax
|
|-heal|p1b: Snorlax|97/100|[from] item: Leftovers
|upkeep
|turn|12
|
|t:|1782597251
|switch|p2a: Garchomp|Garchomp, L50, F|80/100
|move|p1a: Dragonite|Protect|p1a: Dragonite
|-singleturn|p1a: Dragonite|Protect
|move|p2b: Sinistcha|Protect|p2b: Sinistcha
|-singleturn|p2b: Sinistcha|Protect
|move|p1b: Snorlax|Yawn|p2a: Garchomp
|-start|p2a: Garchomp|move: Yawn|[of] p1b: Snorlax
|
|-heal|p1b: Snorlax|100/100|[from] item: Leftovers
|upkeep
|turn|13
|
|t:|1782597262
|switch|p2a: Incineroar|Incineroar, L50, M|97/100
|-ability|p2a: Incineroar|Intimidate|boost
|-unboost|p1a: Dragonite|atk|1
|-unboost|p1b: Snorlax|atk|1
|move|p1a: Dragonite|Low Kick|p2a: Incineroar
|-supereffective|p2a: Incineroar|1
|-damage|p2a: Incineroar|61/100
|move|p2b: Sinistcha|Life Dew|p2b: Sinistcha|[spread] p2a,p2b
|-heal|p2a: Incineroar|86/100
|-heal|p2b: Sinistcha|66/100
|move|p1b: Snorlax|Yawn|p2b: Sinistcha
|-start|p2b: Sinistcha|move: Yawn|[of] p1b: Snorlax
|
|upkeep
|turn|14
|
|t:|1782597283
|switch|p2b: Garchomp|Garchomp, L50, F|80/100
|move|p2a: Incineroar|Fake Out|p1a: Dragonite
|-damage|p1a: Dragonite|81/100
|cant|p1a: Dragonite|flinch
|move|p1b: Snorlax|Yawn|p2b: Garchomp
|-start|p2b: Garchomp|move: Yawn|[of] p1b: Snorlax
|
|upkeep
|turn|15
|
|t:|1782597294
|switch|p2b: Sinistcha|Sinistcha, L50|66/100
|-heal|p2a: Incineroar|100/100|[from] ability: Hospitality|[of] p2b: Sinistcha
|move|p1a: Dragonite|Protect|p1a: Dragonite
|-singleturn|p1a: Dragonite|Protect
|move|p2a: Incineroar|Parting Shot|p1a: Dragonite
|-activate|p1a: Dragonite|move: Protect
|move|p1b: Snorlax|Yawn|p2a: Incineroar
|-start|p2a: Incineroar|move: Yawn|[of] p1b: Snorlax
|
|upkeep
|turn|16
|
|t:|1782597314
|move|p1a: Dragonite|Dragon Claw|p2a: Incineroar
|-crit|p2a: Incineroar
|-damage|p2a: Incineroar|26/100
|move|p2b: Sinistcha|Matcha Gotcha|p1b: Snorlax|[spread] p1a,p1b
|-resisted|p1a: Dragonite|2
|-damage|p1a: Dragonite|76/100
|-heal|p2b: Sinistcha|69/100|[from] drain|[of] p1a: Dragonite
|-damage|p1b: Snorlax|85/100
|-heal|p2b: Sinistcha|80/100|[from] drain|[of] p1b: Snorlax
|move|p2a: Incineroar|Parting Shot|p1a: Dragonite
|-unboost|p1a: Dragonite|atk|1
|-unboost|p1a: Dragonite|spa|1
|
|t:|1782597326
|switch|p2a: Garchomp|Garchomp, L50, F|80/100|[from] Parting Shot
|move|p1b: Snorlax|Encore|p2b: Sinistcha
|-start|p2b: Sinistcha|Encore
|
|-heal|p1b: Snorlax|91/100|[from] item: Leftovers
|upkeep
|turn|17
|
|t:|1782597342
|move|p2a: Garchomp|Protect|p2a: Garchomp
|-singleturn|p2a: Garchomp|Protect
|move|p1a: Dragonite|Dragon Claw|p2a: Garchomp
|-activate|p2a: Garchomp|move: Protect
|move|p2b: Sinistcha|Matcha Gotcha|p1a: Dragonite|[spread] p1a,p1b
|-resisted|p1a: Dragonite|2
|-damage|p1a: Dragonite|71/100
|-heal|p2b: Sinistcha|83/100|[from] drain|[of] p1a: Dragonite
|-damage|p1b: Snorlax|77/100
|-heal|p2b: Sinistcha|93/100|[from] drain|[of] p1b: Snorlax
|move|p1b: Snorlax|Yawn|p2a: Garchomp
|-activate|p2a: Garchomp|move: Protect
|
|-heal|p1b: Snorlax|83/100|[from] item: Leftovers
|upkeep
|turn|18
|
|t:|1782597351
|move|p2a: Garchomp|Dragon Claw|p1a: Dragonite
|-supereffective|p1a: Dragonite|1
|-damage|p1a: Dragonite|0 fnt
|faint|p1a: Dragonite
|-damage|p2a: Garchomp|71/100|[from] item: Life Orb
|move|p2b: Sinistcha|Matcha Gotcha|p1b: Snorlax
|-damage|p1b: Snorlax|64/100
|-heal|p2b: Sinistcha|100/100|[from] drain|[of] p1b: Snorlax
|move|p1b: Snorlax|Yawn|p2a: Garchomp
|-start|p2a: Garchomp|move: Yawn|[of] p1b: Snorlax
|
|-heal|p1b: Snorlax|70/100|[from] item: Leftovers
|upkeep
|turn|19
|c|☆GrovyleSSJ|gg
|c|☆taengerine|gg
|
|t:|1782597366
|switch|p2a: Incineroar|Incineroar, L50, M|26/100
|-ability|p2a: Incineroar|Intimidate|boost
|-unboost|p1b: Snorlax|atk|1
|move|p2b: Sinistcha|Matcha Gotcha|p1b: Snorlax|[miss]
|-miss|p2b: Sinistcha|p1b: Snorlax
|move|p1b: Snorlax|Yawn|p2b: Sinistcha
|-start|p2b: Sinistcha|move: Yawn|[of] p1b: Snorlax
|
|-heal|p1b: Snorlax|76/100|[from] item: Leftovers
|-end|p2b: Sinistcha|Encore
|upkeep
|turn|20
|
|t:|1782597379
|switch|p2b: Garchomp|Garchomp, L50, F|71/100
|move|p1b: Snorlax|Protect|p1b: Snorlax
|-singleturn|p1b: Snorlax|Protect
|move|p2a: Incineroar|Throat Chop|p1b: Snorlax
|-activate|p1b: Snorlax|move: Protect
|
|-heal|p1b: Snorlax|82/100|[from] item: Leftovers
|upkeep
|turn|21
|
|t:|1782597385
|move|p2b: Garchomp|Dragon Claw|p1b: Snorlax
|-damage|p1b: Snorlax|46/100
|-damage|p2b: Garchomp|61/100|[from] item: Life Orb
|move|p2a: Incineroar|Throat Chop|p1b: Snorlax
|-damage|p1b: Snorlax|27/100
|-start|p1b: Snorlax|Throat Chop|[silent]
|move|p1b: Snorlax|Yawn|p2b: Garchomp
|-start|p2b: Garchomp|move: Yawn|[of] p1b: Snorlax
|
|-heal|p1b: Snorlax|33/100|[from] item: Leftovers
|upkeep
|turn|22
|
|t:|1782597399
|switch|p2b: Sinistcha|Sinistcha, L50|100/100
|-heal|p2a: Incineroar|51/100|[from] ability: Hospitality|[of] p2b: Sinistcha
|move|p1b: Snorlax|Protect|p1b: Snorlax
|-singleturn|p1b: Snorlax|Protect
|move|p2a: Incineroar|Throat Chop|p1b: Snorlax
|-activate|p1b: Snorlax|move: Protect
|
|-heal|p1b: Snorlax|39/100|[from] item: Leftovers
|-end|p1b: Snorlax|Throat Chop|[silent]
|upkeep
|turn|23
|
|t:|1782597404
|move|p2b: Sinistcha|Matcha Gotcha|p1b: Snorlax
|-damage|p1b: Snorlax|19/100
|-status|p1b: Snorlax|brn
|move|p2a: Incineroar|Throat Chop|p1b: Snorlax
|-damage|p1b: Snorlax|1/100 brn
|-start|p1b: Snorlax|Throat Chop|[silent]
|move|p1b: Snorlax|Yawn|p2a: Incineroar
|-start|p2a: Incineroar|move: Yawn|[of] p1b: Snorlax
|
|-heal|p1b: Snorlax|6/100 brn|[from] item: Leftovers
|-damage|p1b: Snorlax|1/100 brn|[from] brn
|upkeep
|turn|24
|
|t:|1782597412
|move|p2b: Sinistcha|Matcha Gotcha|p1b: Snorlax
|-damage|p1b: Snorlax|0 fnt
|faint|p1b: Snorlax
|
|win|taengerine
|raw|GrovyleSSJ's rating: 1227 → 1209(-18 for losing)
|raw|taengerine's rating: 1324 → 1339(+15 for winning)
|l|☆GrovyleSSJ
|player|p1|
