|j|☆SeymoursLeftToeVGC
|j|‽Sushi Bum
|html|SeymoursLeftToeVGCSushi Bum    
|uhtml|bestof|Game 1 of a best-of-3
|t:|1782258141
|gametype|doubles
|player|p1|SeymoursLeftToeVGC|marlon|1100
|player|p2|Sushi Bum|beni-ninja|1105
|gen|9
|tier|[Gen 9 Champions] VGC 2026 Reg M-B (Bo3)
|rated|
|rule|Species Clause: Limit one of each Pokémon
|rule|Item Clause: Limit 1 of each item
|clearpoke
|poke|p1|Whimsicott, L50, M, shiny|
|poke|p1|Typhlosion-Hisui, L50, F, shiny|
|poke|p1|Farigiraf, L50, F|
|poke|p1|Sceptile, L50, F, shiny|
|poke|p1|Rotom-Wash, L50, shiny|
|poke|p1|Tyranitar, L50, M, shiny|
|poke|p2|Talonflame, L50, M|
|poke|p2|Grimmsnarl, L50, M|
|poke|p2|Raichu, L50, M|
|poke|p2|Maushold-Four, L50|
|poke|p2|Venusaur, L50, M|
|poke|p2|Sableye, L50, M|
|teampreview|4
|showteam|p1|Whimsicott||FocusSash|Prankster|Moonblast,FakeTears,SunnyDay,Tailwind|Modest||M|||50|]Typhlosion-Hisui||Charcoal|Blaze|Eruption,Protect,ShadowBall,HeatWave|Modest||F|||50|]Farigiraf||LifeOrb|ArmorTail|HyperVoice,TwinBeam,Protect,HelpingHand|Modest||F|||50|]Sceptile||Sceptilite|Overgrow|FrenzyPlant,DragonPulse,Protect,GigaDrain|Timid||F|||50|]Rotom-Wash||ChoiceScarf|Levitate|HydroPump,Discharge,VoltSwitch,Electroweb|Timid|||||50|]Tyranitar||Tyranitarite|SandStream|RockSlide,KnockOff,Protect,DragonDance|Adamant||M|||50|
|showteam|p2|Talonflame||SharpBeak|GaleWings|BraveBird,Taunt,Tailwind,UpperHand|Adamant||M|||50|]Grimmsnarl||LightClay|Prankster|PartingShot,SpiritBreak,LightScreen,Reflect|Adamant||M|||50|]Raichu||RaichuniteY|LightningRod|ZapCannon,GrassKnot,FocusBlast,Protect|Timid||M|||50|]Maushold-Four||KingsRock|FriendGuard|FollowMe,PopulationBomb,Crunch,Protect|Jolly|||||50|]Venusaur||LifeOrb|Chlorophyll|SludgeBomb,SleepPowder,GigaDrain,EarthPower|Timid||M|||50|]Sableye||FocusSash|Prankster|Quash,RainDance,Gravity,FoulPlay|Adamant||M|||50|
|inactive|Battle timer is ON: inactive players will automatically lose when time's up. (requested by SeymoursLeftToeVGC)
|inactive|SeymoursLeftToeVGC has 60 seconds left.
|inactive|SeymoursLeftToeVGC has 30 seconds left.
|inactive|SeymoursLeftToeVGC has 20 seconds left.
|
|t:|1782258212
|teamsize|p1|4
|teamsize|p2|4
|start
|switch|p1a: Whimsicott|Whimsicott, L50, M, shiny|100/100
|switch|p1b: Typhlosion|Typhlosion-Hisui, L50, F, shiny|100/100
|switch|p2a: Talonflame|Talonflame, L50, M|100/100
|switch|p2b: Raichu|Raichu, L50, M|100/100
|turn|1
|inactive|SeymoursLeftToeVGC has 30 seconds left.
|
|t:|1782258243
|detailschange|p2b: Raichu|Raichu-Mega-Y, L50, M
|-mega|p2b: Raichu|Raichu|Raichunite Y
|move|p1b: Typhlosion|Protect|p1b: Typhlosion
|-singleturn|p1b: Typhlosion|Protect
|move|p2a: Talonflame|Brave Bird|p1a: Whimsicott
|-supereffective|p1a: Whimsicott|1
|-enditem|p1a: Whimsicott|Focus Sash
|-damage|p1a: Whimsicott|1/100
|-damage|p2a: Talonflame|70/100|[from] Recoil
|move|p1a: Whimsicott|Tailwind|p1a: Whimsicott
|-sidestart|p1: SeymoursLeftToeVGC|move: Tailwind
|move|p2b: Raichu|Zap Cannon|p1b: Typhlosion
|-activate|p1b: Typhlosion|move: Protect
|
|upkeep
|turn|2
|
|t:|1782258263
|switch|p1a: Farigiraf|Farigiraf, L50, F|100/100
|move|p2b: Raichu|Protect|p2b: Raichu
|-singleturn|p2b: Raichu|Protect
|move|p1b: Typhlosion|Eruption|p2b: Raichu|[spread] p2a
|-activate|p2b: Raichu|move: Protect
|-resisted|p2a: Talonflame|1
|-damage|p2a: Talonflame|17/100
|move|p2a: Talonflame|Tailwind|p2a: Talonflame
|-sidestart|p2: Sushi Bum|move: Tailwind
|
|upkeep
|turn|3
|
|t:|1782258277
|move|p1a: Farigiraf|Helping Hand|p1b: Typhlosion
|-singleturn|p1b: Typhlosion|Helping Hand|[of] p1a: Farigiraf
|move|p2b: Raichu|Zap Cannon|p1a: Farigiraf
|-damage|p1a: Farigiraf|4/100
|-status|p1a: Farigiraf|par
|move|p2a: Talonflame|Taunt|p1a: Farigiraf
|-start|p1a: Farigiraf|move: Taunt
|move|p1b: Typhlosion|Eruption|p2a: Talonflame|[spread] p2a,p2b
|-resisted|p2a: Talonflame|1
|-damage|p2a: Talonflame|0 fnt
|-damage|p2b: Raichu|0 fnt
|faint|p2a: Talonflame
|faint|p2b: Raichu
|
|upkeep
|
|t:|1782258280
|switch|p2b: Grimmsnarl|Grimmsnarl, L50, M|100/100
|switch|p2a: Venusaur|Venusaur, L50, M|100/100
|turn|4
|
|t:|1782258297
|move|p2a: Venusaur|Earth Power|p1b: Typhlosion
|-supereffective|p1b: Typhlosion|1
|-damage|p1b: Typhlosion|18/100
|-damage|p2a: Venusaur|90/100|[from] item: Life Orb
|move|p1b: Typhlosion|Eruption|p2a: Venusaur|[spread] p2a,p2b
|-supereffective|p2a: Venusaur|1
|-damage|p2a: Venusaur|46/100
|-damage|p2b: Grimmsnarl|77/100
|move|p2b: Grimmsnarl|Spirit Break|p1b: Typhlosion
|-resisted|p1b: Typhlosion|1
|-damage|p1b: Typhlosion|0 fnt
|faint|p1b: Typhlosion
|cant|p1a: Farigiraf|par
|
|-sideend|p1: SeymoursLeftToeVGC|move: Tailwind
|upkeep
|
|t:|1782258310
|switch|p1b: Tyranitar|Tyranitar, L50, M, shiny|100/100
|-weather|Sandstorm|[from] ability: Sand Stream|[of] p1b: Tyranitar
|turn|5
|inactive|SeymoursLeftToeVGC has 30 seconds left.
|inactive|SeymoursLeftToeVGC has 20 seconds left.
|inactive|SeymoursLeftToeVGC has 15 seconds left.
|inactive|SeymoursLeftToeVGC has 10 seconds left.
|
|t:|1782258360
|detailschange|p1b: Tyranitar|Tyranitar-Mega, L50, M, shiny
|-mega|p1b: Tyranitar|Tyranitar|Tyranitarite
|move|p2a: Venusaur|Giga Drain|p1b: Tyranitar
|-supereffective|p1b: Tyranitar|1
|-damage|p1b: Tyranitar|58/100
|-heal|p2a: Venusaur|70/100|[from] drain|[of] p1b: Tyranitar
|-damage|p2a: Venusaur|60/100|[from] item: Life Orb
|move|p2b: Grimmsnarl|Spirit Break|p1b: Tyranitar
|-supereffective|p1b: Tyranitar|1
|-damage|p1b: Tyranitar|2/100
|-unboost|p1b: Tyranitar|spa|1
|move|p1b: Tyranitar|Rock Slide|p2a: Venusaur|[spread] p2b
|-miss|p1b: Tyranitar|p2a: Venusaur
|-damage|p2b: Grimmsnarl|31/100
|move|p1a: Farigiraf|Hyper Voice|p2b: Grimmsnarl|[spread] p2a,p2b
|-damage|p2a: Venusaur|12/100
|-damage|p2b: Grimmsnarl|0 fnt
|faint|p2b: Grimmsnarl
|-damage|p1a: Farigiraf|0 fnt|[from] item: Life Orb
|faint|p1a: Farigiraf
|
|-weather|Sandstorm|[upkeep]
|-damage|p2a: Venusaur|7/100|[from] Sandstorm
|-sideend|p2: Sushi Bum|move: Tailwind
|upkeep
|-message|Sushi Bum forfeited.
|
|win|SeymoursLeftToeVGC
