|j|☆Chirpin' Chatots
|j|☆ChronoZer0
|html|Chirpin' ChatotsChronoZer0    
|uhtml|bestof|Game 1 of a best-of-3
|t:|1784246777
|gametype|doubles
|player|p1|Chirpin' Chatots|169|
|player|p2|ChronoZer0|cynthia-gen4|
|gen|9
|tier|[Gen 9 Champions] VGC 2026 Reg M-B (Bo3)
|rule|Species Clause: Limit one of each Pokémon
|rule|Item Clause: Limit 1 of each item
|clearpoke
|poke|p1|Dragonite, L50, M, shiny|
|poke|p1|Audino, L50, M, shiny|
|poke|p1|Jolteon, L50, F|
|poke|p1|Farigiraf, L50, F|
|poke|p1|Samurott-Hisui, L50, M|
|poke|p1|Klefki, L50, M, shiny|
|poke|p2|Charizard, L50, M, shiny|
|poke|p2|Aerodactyl, L50, F, shiny|
|poke|p2|Sylveon, L50, F, shiny|
|poke|p2|Heliolisk, L50, F, shiny|
|poke|p2|Mamoswine, L50, M, shiny|
|poke|p2|Sneasler, L50, F, shiny|
|teampreview|4
|showteam|p1|Dragonite||Dragoninite|Multiscale|ScaleShot,RockSlide,HelpingHand,IronHead|Adamant||M|||50|]Audino||SitrusBerry|Regenerator|AllySwitch,IcyWind,LifeDew,HelpingHand|Bold||M|||50|]Jolteon||ChoiceScarf|VoltAbsorb|HyperBeam,Thunderbolt,VoltSwitch,WeatherBall|Modest||F|||50|]Farigiraf||LifeOrb|ArmorTail|TrickRoom,AllySwitch,TwinBeam,HelpingHand|Quiet||F|||50|]Samurott-Hisui||ChopleBerry|Sharpness|ThroatChop,SacredSword,Detect,AerialAce|Naughty||M|||50|]Klefki||IronBall|Prankster|Switcheroo,SunnyDay,SteelBeam,Psychic|Calm||M|||50|
|showteam|p2|Charizard||CharizarditeY|Blaze|WeatherBall,DragonPulse,Protect,HeatWave|Timid||M|||50|]Aerodactyl||FocusSash|Unnerve|RockSlide,Tailwind,Protect,IceFang|Jolly||F|||50|]Sylveon||FairyFeather|Pixilate|HyperVoice,HyperBeam,QuickAttack,Detect|Modest||F|||50|]Heliolisk||SitrusBerry|DrySkin|WeatherBall,Thunderbolt,Protect,DragonPulse|Timid||F|||50|]Mamoswine||LifeOrb|Oblivious|IceShard,IcicleCrash,Protect,HighHorsepower|Adamant||M|||50|]Sneasler||WhiteHerb|Unburden|DireClaw,CloseCombat,Protect,FakeOut|Adamant||F|||50|
|c|☆Chirpin' Chatots|GL
|
|t:|1784246838
|teamsize|p1|4
|teamsize|p2|4
|start
|switch|p1a: Fast & Furri-ous|Jolteon, L50, F|100/100
|switch|p1b: Goodnite-Mega|Dragonite, L50, M, shiny|100/100
|switch|p2a: Charizard|Charizard, L50, M, shiny|100/100
|switch|p2b: Aerodactyl|Aerodactyl, L50, F, shiny|100/100
|-ability|p2b: Aerodactyl|Unnerve
|turn|1
|
|t:|1784246871
|detailschange|p2a: Charizard|Charizard-Mega-Y, L50, M, shiny
|-mega|p2a: Charizard|Charizard|Charizardite Y
|-weather|SunnyDay|[from] ability: Drought|[of] p2a: Charizard
|detailschange|p1b: Goodnite-Mega|Dragonite-Mega, L50, M, shiny
|-mega|p1b: Goodnite-Mega|Dragonite|Dragoninite
|move|p1b: Goodnite-Mega|Helping Hand|p1a: Fast & Furri-ous
|-singleturn|p1a: Fast & Furri-ous|Helping Hand|[of] p1b: Goodnite-Mega
|move|p1a: Fast & Furri-ous|Volt Switch|p2a: Charizard
|-supereffective|p2a: Charizard|1
|-damage|p2a: Charizard|0 fnt
|faint|p2a: Charizard
|
|t:|1784246882
|switch|p1a: But WHY?|Audino, L50, M, shiny|100/100|[from] Volt Switch
|move|p2b: Aerodactyl|Tailwind|p2b: Aerodactyl
|-sidestart|p2: ChronoZer0|move: Tailwind
|
|-weather|SunnyDay|[upkeep]
|upkeep
|
|t:|1784246906
|switch|p2a: Mamoswine|Mamoswine, L50, M, shiny|100/100
|turn|2
|
|t:|1784246925
|move|p1a: But WHY?|Ally Switch|p1a: But WHY?
|swap|p1a: But WHY?|1|[from] move: Ally Switch
|move|p2b: Aerodactyl|Rock Slide|p1a: Goodnite-Mega|[spread] p1a,p1b
|-supereffective|p1a: Goodnite-Mega|1
|-damage|p1a: Goodnite-Mega|79/100
|-damage|p1b: But WHY?|82/100
|move|p2a: Mamoswine|Icicle Crash|p1b: But WHY?
|-damage|p1b: But WHY?|34/100
|-damage|p2a: Mamoswine|90/100|[from] item: Life Orb
|cant|p1a: Goodnite-Mega|flinch
|
|-weather|SunnyDay|[upkeep]
|upkeep
|turn|3
|
|t:|1784246971
|move|p2b: Aerodactyl|Ice Fang|p1b: But WHY?
|-damage|p1b: But WHY?|20/100y
|move|p2a: Mamoswine|Icicle Crash|p1a: Goodnite-Mega
|-supereffective|p1a: Goodnite-Mega|2
|-crit|p1a: Goodnite-Mega
|-damage|p1a: Goodnite-Mega|0 fnt
|faint|p1a: Goodnite-Mega
|-damage|p2a: Mamoswine|80/100|[from] item: Life Orb
|move|p1b: But WHY?|Life Dew|p1b: But WHY?
|-heal|p1b: But WHY?|45/100
|
|-weather|SunnyDay|[upkeep]
|upkeep
|
|t:|1784246990
|switch|p1a: Keldeo-Temu|Samurott-Hisui, L50, M|100/100
|turn|4
|
|t:|1784247021
|move|p1a: Keldeo-Temu|Detect|p1a: Keldeo-Temu
|-singleturn|p1a: Keldeo-Temu|Protect
|move|p2b: Aerodactyl|Rock Slide|p1a: Keldeo-Temu|[spread] p1b
|-activate|p1a: Keldeo-Temu|move: Protect
|-damage|p1b: But WHY?|26/100
|move|p2a: Mamoswine|High Horsepower|p1a: Keldeo-Temu
|-activate|p1a: Keldeo-Temu|move: Protect
|cant|p1b: But WHY?|flinch
|
|-weather|SunnyDay|[upkeep]
|-sideend|p2: ChronoZer0|move: Tailwind
|upkeep
|turn|5
|
|t:|1784247049
|move|p2b: Aerodactyl|Rock Slide|p1a: Keldeo-Temu|[spread] p1a,p1b
|-damage|p1a: Keldeo-Temu|68/100
|-damage|p1b: But WHY?|9/100
|move|p1a: Keldeo-Temu|Sacred Sword|p2a: Mamoswine
|-supereffective|p2a: Mamoswine|1
|-damage|p2a: Mamoswine|0 fnt
|faint|p2a: Mamoswine
|move|p1b: But WHY?|Life Dew|p1b: But WHY?|[spread] p1a,p1b
|-heal|p1a: Keldeo-Temu|93/100
|-heal|p1b: But WHY?|34/100
|
|-weather|none
|upkeep
|
|t:|1784247064
|switch|p2a: Sylveon|Sylveon, L50, F, shiny|100/100
|turn|6
|
|t:|1784247103
|move|p1b: But WHY?|Helping Hand|p1a: Keldeo-Temu
|-singleturn|p1a: Keldeo-Temu|Helping Hand|[of] p1b: But WHY?
|move|p2b: Aerodactyl|Protect|p2b: Aerodactyl
|-singleturn|p2b: Aerodactyl|Protect
|move|p1a: Keldeo-Temu|Throat Chop|p2a: Sylveon
|-resisted|p2a: Sylveon|1
|-damage|p2a: Sylveon|66/100
|-start|p2a: Sylveon|Throat Chop|[silent]
|cant|p2a: Sylveon|move: Throat Chop
|
|upkeep
|turn|7
|
|t:|1784247123
|move|p2a: Sylveon|Detect|p2a: Sylveon
|-singleturn|p2a: Sylveon|Protect
|move|p2b: Aerodactyl|Rock Slide|p1b: But WHY?|[spread] p1a,p1b
|-damage|p1a: Keldeo-Temu|63/100
|-damage|p1b: But WHY?|17/100
|cant|p1a: Keldeo-Temu|flinch
|move|p1b: But WHY?|Life Dew|p1b: But WHY?|[spread] p1a,p1b
|-heal|p1a: Keldeo-Temu|88/100
|-heal|p1b: But WHY?|42/100
|
|-end|p2a: Sylveon|Throat Chop|[silent]
|upkeep
|turn|8
|
|t:|1784247161
|move|p1b: But WHY?|Helping Hand|p1a: Keldeo-Temu
|-singleturn|p1a: Keldeo-Temu|Helping Hand|[of] p1b: But WHY?
|move|p2b: Aerodactyl|Ice Fang|p1b: But WHY?
|-damage|p1b: But WHY?|29/100
|move|p1a: Keldeo-Temu|Aerial Ace|p2a: Sylveon
|-damage|p2a: Sylveon|22/100
|move|p2a: Sylveon|Hyper Beam|p1a: Keldeo-Temu
|-supereffective|p1a: Keldeo-Temu|1
|-damage|p1a: Keldeo-Temu|0 fnt
|-mustrecharge|p2a: Sylveon
|faint|p1a: Keldeo-Temu
|
|upkeep
|c|☆Chirpin' Chatots|tanky ass sylveon
|
|t:|1784247174
|switch|p1a: Fast & Furri-ous|Jolteon, L50, F|100/100
|turn|9
|
|t:|1784247217
|move|p2b: Aerodactyl|Protect|p2b: Aerodactyl
|-singleturn|p2b: Aerodactyl|Protect
|move|p1a: Fast & Furri-ous|Thunderbolt|p2b: Aerodactyl
|-activate|p2b: Aerodactyl|move: Protect
|cant|p2a: Sylveon|recharge
|move|p1b: But WHY?|Icy Wind|p2a: Sylveon|[spread] p2a
|-activate|p2b: Aerodactyl|move: Protect
|-crit|p2a: Sylveon
|-damage|p2a: Sylveon|15/100
|-unboost|p2a: Sylveon|spe|1
|
|upkeep
|turn|10
|
|t:|1784247238
|move|p1b: But WHY?|Ally Switch|p1b: But WHY?
|swap|p1b: But WHY?|0|[from] move: Ally Switch
|move|p1b: Fast & Furri-ous|Thunderbolt|p2b: Aerodactyl
|-supereffective|p2b: Aerodactyl|1
|-enditem|p2b: Aerodactyl|Focus Sash
|-damage|p2b: Aerodactyl|1/100
|move|p2b: Aerodactyl|Rock Slide|p1a: But WHY?|[spread] p1a,p1b
|-damage|p1a: But WHY?|10/100
|-damage|p1b: Fast & Furri-ous|54/100
|move|p2a: Sylveon|Hyper Voice|p1b: Fast & Furri-ous|[spread] p1a,p1b
|-damage|p1a: But WHY?|0 fnt
|-damage|p1b: Fast & Furri-ous|0 fnt
|faint|p1a: But WHY?
|faint|p1b: Fast & Furri-ous
|
|win|ChronoZer0
|inactive|Chirpin' Chatots has 30 seconds to confirm battle start!
|inactive|ChronoZer0 has 30 seconds to confirm battle start!
|c|☆Chirpin' Chatots|GG
