|j|☆WhiteBookVGC
|j|☆noexperiencesorry
|html|WhiteBookVGCnoexperiencesorry    
|uhtml|bestof|Game 3 of a best-of-3
|t:|1756757169
|gametype|doubles
|player|p1|WhiteBookVGC|lyra|1077
|player|p2|noexperiencesorry|170|1111
|gen|9
|tier|[Gen 9] VGC 2025 Reg H (Bo3)
|rated|
|rule|Species Clause: Limit one of each Pokémon
|rule|Item Clause: Limit 1 of each item
|clearpoke
|poke|p1|Archaludon, L50, F|
|poke|p1|Incineroar, L50, M|
|poke|p1|Pelipper, L50, F|
|poke|p1|Amoonguss, L50, M|
|poke|p1|Basculegion, L50, M|
|poke|p1|Gholdengo, L50|
|poke|p2|Whimsicott, L50, F|
|poke|p2|Dragonite, L50, M|
|poke|p2|Rillaboom, L50, M|
|poke|p2|Ursaluna-Bloodmoon, L50, M|
|poke|p2|Electabuzz, L50, F|
|poke|p2|Volcarona, L50, M|
|teampreview|4
|showteam|p1|Archaludon||AssaultVest|Stamina|DragonPulse,FlashCannon,ElectroShot,BodyPress|||F|||50|,,,,,Fairy]Incineroar||SafetyGoggles|Intimidate|KnockOff,FlareBlitz,PartingShot,FakeOut|||M|||50|,,,,,Ghost]Pelipper||FocusSash|Drizzle|MuddyWater,Hurricane,Tailwind,Protect|||F|||50|,,,,,Grass]Amoonguss||SitrusBerry|Regenerator|Spore,RagePowder,PollenPuff,Protect|||M|||50|,,,,,Water]Basculegion||ChoiceScarf|Adaptability|AquaJet,WaveCrash,LastRespects,FlipTurn|||M|||50|,,,,,Water]Gholdengo||LifeOrb|GoodasGold|MakeItRain,ShadowBall,NastyPlot,Protect||||||50|,,,,,Dragon
|showteam|p2|Whimsicott||CovertCloak|Prankster|Moonblast,Encore,Tailwind,SunnyDay|||F|||50|,,,,,Ghost]Dragonite||LoadedDice|Multiscale|ScaleShot,ExtremeSpeed,Haze,Protect|||M|||50|,,,,,Fairy]Rillaboom||AssaultVest|GrassySurge|FakeOut,GrassyGlide,WoodHammer,Uturn|||M|||50|,,,,,Fire]Ursaluna-Bloodmoon||LifeOrb|MindsEye|Protect,HyperVoice,EarthPower,BloodMoon|||M|||50|,,,,,Normal]Electabuzz||Eviolite|VitalSpirit|Electroweb,Taunt,Protect,FollowMe|||F|||50|,,,,,Ghost]Volcarona||Leftovers|FlameBody|HeatWave,TeraBlast,QuiverDance,Protect|||M|||50|,,,,,Fairy
|
|t:|1756757244
|teamsize|p1|4
|teamsize|p2|4
|start
|switch|p1a: Basculegion|Basculegion, L50, M, shiny|100/100
|switch|p1b: Archaludon|Archaludon, L50, F, shiny|100/100
|switch|p2a: Electabuzz|Electabuzz, L50, F|100/100
|switch|p2b: Ursaluna|Ursaluna-Bloodmoon, L50, M|100/100
|turn|1
|
|t:|1756757292
|switch|p1b: Pelipper|Pelipper, L50, F, shiny|100/100
|-weather|RainDance|[from] ability: Drizzle|[of] p1b: Pelipper
|-terastallize|p1a: Basculegion|Water
|move|p2b: Ursaluna|Protect|p2b: Ursaluna
|-singleturn|p2b: Ursaluna|Protect
|move|p1a: Basculegion|Wave Crash|p2a: Electabuzz
|-damage|p2a: Electabuzz|0 fnt
|faint|p2a: Electabuzz
|-damage|p1a: Basculegion|72/100|[from] Recoil
|
|-weather|RainDance|[upkeep]
|upkeep
|
|t:|1756757305
|switch|p2a: Whimsicott|Whimsicott, L50, F|100/100
|turn|2
|inactive|Battle timer is ON: inactive players will automatically lose when time's up. (requested by noexperiencesorry)
|
|t:|1756757343
|switch|p1a: Archaludon|Archaludon, L50, F, shiny|100/100
|-terastallize|p2b: Ursaluna|Normal
|move|p2a: Whimsicott|Sunny Day|p2a: Whimsicott
|-weather|SunnyDay
|move|p1b: Pelipper|Tailwind|p1b: Pelipper
|-sidestart|p1: WhiteBookVGC|move: Tailwind
|move|p2b: Ursaluna|Hyper Voice|p1b: Pelipper|[spread] p1a,p1b
|-resisted|p1a: Archaludon
|-damage|p1a: Archaludon|79/100
|-enditem|p1b: Pelipper|Focus Sash
|-damage|p1b: Pelipper|1/100
|-ability|p1a: Archaludon|Stamina|boost
|-boost|p1a: Archaludon|def|1
|-damage|p2b: Ursaluna|91/100|[from] item: Life Orb
|
|-weather|SunnyDay|[upkeep]
|upkeep
|turn|3
|inactive|WhiteBookVGC has 30 seconds left.
|
|t:|1756757370
|switch|p1b: Incineroar|Incineroar, L50, M, shiny|100/100
|-ability|p1b: Incineroar|Intimidate|boost
|-unboost|p2a: Whimsicott|atk|1
|-unboost|p2b: Ursaluna|atk|1
|move|p2a: Whimsicott|Tailwind|p2a: Whimsicott
|-sidestart|p2: noexperiencesorry|move: Tailwind
|move|p1a: Archaludon|Flash Cannon|p2a: Whimsicott
|-supereffective|p2a: Whimsicott
|-damage|p2a: Whimsicott|0 fnt
|faint|p2a: Whimsicott
|move|p2b: Ursaluna|Earth Power|p1a: Archaludon
|-supereffective|p1a: Archaludon
|-damage|p1a: Archaludon|0 fnt
|faint|p1a: Archaludon
|-damage|p2b: Ursaluna|81/100|[from] item: Life Orb
|
|-weather|SunnyDay|[upkeep]
|upkeep
|c|☆noexperiencesorry|gg
|
|t:|1756757393
|switch|p2a: Volcarona|Volcarona, L50, M|100/100
|switch|p1a: Basculegion|Basculegion, L50, M, shiny, tera:Water|72/100
|turn|4
|
|t:|1756757416
|move|p1b: Incineroar|Fake Out|p2a: Volcarona
|-damage|p2a: Volcarona|88/100
|move|p1a: Basculegion|Flip Turn|p2b: Ursaluna
|-damage|p2b: Ursaluna|65/100
|
|t:|1756757420
|switch|p1a: Pelipper|Pelipper, L50, F, shiny|1/100|[from] Flip Turn
|-weather|RainDance|[from] ability: Drizzle|[of] p1a: Pelipper
|cant|p2a: Volcarona|flinch
|move|p2b: Ursaluna|Blood Moon|p1a: Pelipper
|-damage|p1a: Pelipper|0 fnt
|faint|p1a: Pelipper
|-damage|p2b: Ursaluna|55/100|[from] item: Life Orb
|
|-weather|RainDance|[upkeep]
|-heal|p2a: Volcarona|94/100|[from] item: Leftovers
|upkeep
|
|t:|1756757433
|switch|p1a: Basculegion|Basculegion, L50, M, shiny, tera:Water|72/100
|turn|5
|inactive|WhiteBookVGC has 30 seconds left.
|inactive|WhiteBookVGC has 20 seconds left.
|inactive|WhiteBookVGC has 15 seconds left.
|
|t:|1756757478
|move|p2b: Ursaluna|Protect|p2b: Ursaluna
|-singleturn|p2b: Ursaluna|Protect
|move|p1a: Basculegion|Aqua Jet|p2b: Ursaluna
|-activate|p2b: Ursaluna|move: Protect
|move|p2a: Volcarona|Quiver Dance|p2a: Volcarona
|-boost|p2a: Volcarona|spa|1
|-boost|p2a: Volcarona|spd|1
|-boost|p2a: Volcarona|spe|1
|move|p1b: Incineroar|Knock Off|p2b: Ursaluna
|-activate|p2b: Ursaluna|move: Protect
|
|-weather|RainDance|[upkeep]
|-heal|p2a: Volcarona|99/100|[from] item: Leftovers
|-sideend|p1: WhiteBookVGC|move: Tailwind
|upkeep
|turn|6
|
|t:|1756757501
|move|p1a: Basculegion|Aqua Jet|p2b: Ursaluna
|-damage|p2b: Ursaluna|15/100
|move|p2a: Volcarona|Tera Blast|p1a: Basculegion
|-damage|p1a: Basculegion|22/100
|move|p2b: Ursaluna|Hyper Voice|p1a: Basculegion|[spread] p1a,p1b
|-damage|p1a: Basculegion|0 fnt
|-damage|p1b: Incineroar|49/100
|faint|p1a: Basculegion
|-damage|p2b: Ursaluna|5/100|[from] item: Life Orb
|move|p1b: Incineroar|Knock Off|p2b: Ursaluna
|-damage|p2b: Ursaluna|0 fnt
|-enditem|p2b: Ursaluna|Life Orb|[from] move: Knock Off|[of] p1b: Incineroar
|faint|p2b: Ursaluna
|
|-weather|RainDance|[upkeep]
|-heal|p2a: Volcarona|100/100|[from] item: Leftovers
|-sideend|p2: noexperiencesorry|move: Tailwind
|upkeep
|turn|7
|
|t:|1756757514
|move|p2a: Volcarona|Quiver Dance|p2a: Volcarona
|-boost|p2a: Volcarona|spa|1
|-boost|p2a: Volcarona|spd|1
|-boost|p2a: Volcarona|spe|1
|move|p1b: Incineroar|Knock Off|p2a: Volcarona
|-damage|p2a: Volcarona|61/100
|-enditem|p2a: Volcarona|Leftovers|[from] move: Knock Off|[of] p1b: Incineroar
|
|-weather|RainDance|[upkeep]
|upkeep
|turn|8
|
|t:|1756757529
|move|p2a: Volcarona|Tera Blast|p1b: Incineroar
|-damage|p1b: Incineroar|10/100
|move|p1b: Incineroar|Parting Shot|p2a: Volcarona
|-unboost|p2a: Volcarona|atk|1
|-unboost|p2a: Volcarona|spa|1
|
|-weather|none
|upkeep
|turn|9
|
|t:|1756757535
|move|p2a: Volcarona|Tera Blast|p1b: Incineroar
|-damage|p1b: Incineroar|0 fnt
|faint|p1b: Incineroar
|
|win|noexperiencesorry
|raw|WhiteBookVGC's rating: 1077 → 1058(-19 for losing)
|raw|noexperiencesorry's rating: 1111 → 1134(+23 for winning)
|l|☆noexperiencesorry
|player|p2|
