|j|☆Karissel
|j|☆plsbringregi
|html|Karisselplsbringregi    
|uhtml|bestof|Game 1 of a best-of-3
|t:|1784681352
|gametype|doubles
|player|p1|Karissel|burgh-masters|1353
|player|p2|plsbringregi|265|1338
|gen|9
|tier|[Gen 9 Champions] VGC 2026 Reg M-B (Bo3)
|rated|
|rule|Species Clause: Limit one of each Pokémon
|rule|Item Clause: Limit 1 of each item
|clearpoke
|poke|p1|Charizard, L50, F|
|poke|p1|Glimmora, L50, F|
|poke|p1|Whimsicott, L50, F|
|poke|p1|Ninetales-Alola, L50, M|
|poke|p1|Kingambit, L50, F|
|poke|p1|Kommo-o, L50, M|
|poke|p2|Kleavor, L50, M|
|poke|p2|Gholdengo, L50|
|poke|p2|Venusaur, L50, M|
|poke|p2|Talonflame, L50, F|
|poke|p2|Sylveon, L50, M|
|poke|p2|Dragonite, L50, M|
|teampreview|4
|showteam|p1|Charizard||CharizarditeY|Blaze|HeatWave,WeatherBall,SolarBeam,Protect|Modest||F|||50|]Glimmora||Glimmoranite|ToxicDebris|SludgeBomb,PowerGem,EarthPower,SpikyShield|Modest||F|||50|]Whimsicott||FocusSash|Prankster|Moonblast,Tailwind,Encore,Protect|Timid||F|||50|]Ninetales-Alola||NeverMeltIce|SnowWarning|Blizzard,FreezeDry,Disable,Protect|Timid||M|||50|]Kingambit||BlackGlasses|Defiant|KowtowCleave,SuckerPunch,IronHead,Protect|Adamant||F|||50|]Kommo-o||LifeOrb|Overcoat|AuraSphere,VacuumWave,ClangingScales,Protect|Modest||M|||50|
|showteam|p2|Kleavor||FocusSash|Sharpness|StoneAxe,XScissor,CloseCombat,Protect|Jolly||M|||50|]Gholdengo||ChoiceScarf|GoodasGold|ShadowBall,MakeItRain,PowerGem,Trick|Modest|||||50|]Venusaur||Venusaurite|Overgrow|GigaDrain,SludgeBomb,EarthPower,Protect|Modest||M|||50|]Talonflame||SharpBeak|GaleWings|BraveBird,FlareBlitz,Tailwind,Protect|Jolly||F|||50|]Sylveon||FairyFeather|Pixilate|HyperVoice,HyperBeam,QuickAttack,Detect|Modest||M|||50|]Dragonite||LifeOrb|InnerFocus|DragonClaw,ExtremeSpeed,LowKick,Protect|Adamant||M|||50|
|inactive|Battle timer is ON: inactive players will automatically lose when time's up. (requested by Karissel)
|inactive|Karissel has 60 seconds left.
|inactive|plsbringregi has 60 seconds left.
|inactive|plsbringregi has 30 seconds left.
|inactive|plsbringregi has 20 seconds left.
|inactive|plsbringregi has 15 seconds left.
|inactive|plsbringregi has 10 seconds left.
|inactive|plsbringregi has 5 seconds left.
|
|t:|1784681442
|teamsize|p1|4
|teamsize|p2|4
|start
|switch|p1a: Jacob|Glimmora, L50, F|100/100
|switch|p1b: Whimsicott|Whimsicott, L50, F|100/100
|switch|p2a: Kleavor|Kleavor, L50, M|100/100
|switch|p2b: Gholdengo|Gholdengo, L50|100/100
|turn|1
|inactive|Karissel has 30 seconds left.
|
|t:|1784681475
|detailschange|p1a: Jacob|Glimmora-Mega, L50, F
|-mega|p1a: Jacob|Glimmora|Glimmoranite
|move|p1a: Jacob|Spiky Shield|p1a: Jacob
|-singleturn|p1a: Jacob|move: Protect
|move|p1b: Whimsicott|Tailwind|p1b: Whimsicott
|-sidestart|p1: Karissel|move: Tailwind
|move|p2b: Gholdengo|Make It Rain|p1b: Whimsicott|[spread] p1b
|-activate|p1a: Jacob|move: Protect
|-supereffective|p1b: Whimsicott|1
|-enditem|p1b: Whimsicott|Focus Sash
|-damage|p1b: Whimsicott|1/100
|-unboost|p2b: Gholdengo|spa|2
|move|p2a: Kleavor|Stone Axe|p1b: Whimsicott
|-damage|p1b: Whimsicott|0 fnt
|-sidestart|p1: Karissel|move: Stealth Rock
|faint|p1b: Whimsicott
|
|upkeep
|
|t:|1784681483
|switch|p1b: Kommo-o|Kommo-o, L50, M|100/100
|-damage|p1b: Kommo-o|94/100|[from] Stealth Rock
|turn|2
|
|t:|1784681504
|switch|p2b: Venusaur|Venusaur, L50, M|100/100
|move|p2a: Kleavor|Protect|p2a: Kleavor
|-singleturn|p2a: Kleavor|Protect
|move|p1a: Jacob|Earth Power|p2b: Venusaur
|-damage|p2b: Venusaur|62/100
|move|p1b: Kommo-o|Clanging Scales|p2b: Venusaur|[spread] p2b
|-activate|p2a: Kleavor|move: Protect
|-damage|p2b: Venusaur|16/100
|-unboost|p1b: Kommo-o|def|1
|-damage|p1b: Kommo-o|84/100|[from] item: Life Orb
|
|upkeep
|turn|3
|
|t:|1784681527
|move|p2b: Venusaur|Protect|p2b: Venusaur
|-singleturn|p2b: Venusaur|Protect
|move|p1a: Jacob|Earth Power|p2a: Kleavor
|-damage|p2a: Kleavor|40/100
|move|p1b: Kommo-o|Clanging Scales|p2b: Venusaur|[spread] p2a
|-activate|p2b: Venusaur|move: Protect
|-damage|p2a: Kleavor|0 fnt
|faint|p2a: Kleavor
|-unboost|p1b: Kommo-o|def|1
|-damage|p1b: Kommo-o|74/100|[from] item: Life Orb
|
|upkeep
|
|t:|1784681533
|switch|p2a: Talonflame|Talonflame, L50, F|100/100
|turn|4
|
|t:|1784681548
|switch|p2b: Gholdengo|Gholdengo, L50|100/100
|move|p2a: Talonflame|Protect|p2a: Talonflame
|-singleturn|p2a: Talonflame|Protect
|move|p1b: Kommo-o|Vacuum Wave|p2a: Talonflame
|-activate|p2a: Talonflame|move: Protect
|move|p1a: Jacob|Power Gem|p2a: Talonflame
|-activate|p2a: Talonflame|move: Protect
|
|-sideend|p1: Karissel|move: Tailwind
|upkeep
|turn|5
|
|t:|1784681564
|switch|p1b: Kingambit|Kingambit, L50, F|100/100
|-damage|p1b: Kingambit|93/100|[from] Stealth Rock
|move|p1a: Jacob|Spiky Shield|p1a: Jacob
|-singleturn|p1a: Jacob|move: Protect
|move|p2a: Talonflame|Brave Bird|p1b: Kingambit
|-resisted|p1b: Kingambit|1
|-damage|p1b: Kingambit|72/100
|-damage|p2a: Talonflame|90/100|[from] Recoil
|move|p2b: Gholdengo|Make It Rain|p1a: Jacob|[spread] p1b
|-activate|p1a: Jacob|move: Protect
|-resisted|p1b: Kingambit|1
|-damage|p1b: Kingambit|46/100
|-unboost|p2b: Gholdengo|spa|2
|
|upkeep
|turn|6
|inactive|plsbringregi has 30 seconds left.
|inactive|plsbringregi has 20 seconds left.
|inactive|plsbringregi has 15 seconds left.
|
|t:|1784681607
|switch|p2b: Venusaur|Venusaur, L50, M|16/100
|move|p1b: Kingambit|Protect|p1b: Kingambit
|-singleturn|p1b: Kingambit|Protect
|move|p2a: Talonflame|Flare Blitz|p1b: Kingambit
|-activate|p1b: Kingambit|move: Protect
|move|p1a: Jacob|Power Gem|p2a: Talonflame
|-supereffective|p2a: Talonflame|2
|-damage|p2a: Talonflame|0 fnt
|faint|p2a: Talonflame
|
|upkeep
|
|t:|1784681611
|switch|p2a: Gholdengo|Gholdengo, L50|100/100
|turn|7
|-message|plsbringregi forfeited.
|
|win|Karissel
||plsbringregi is ready for game 2.
||Karissel is ready for game 2.
|uhtml|next|Next: Game 2 of 3
