|j|☆Damipro21
|j|☆TenkiBD
|html|Damipro21TenkiBD    
|uhtml|bestof|Game 3 of a best-of-3
|t:|1785009819
|gametype|doubles
|player|p1|Damipro21|lucas|1134
|player|p2|TenkiBD|lucas|1158
|gen|9
|tier|[Gen 9 Champions] VGC 2026 Reg M-B (Bo3)
|rated|
|rule|Species Clause: Limit one of each Pokémon
|rule|Item Clause: Limit 1 of each item
|clearpoke
|poke|p1|Gengar, L50, F|
|poke|p1|Swampert, L50, F|
|poke|p1|Incineroar, L50, F|
|poke|p1|Politoed, L50, M|
|poke|p1|Archaludon, L50, M|
|poke|p1|Vivillon, L50, F|
|poke|p2|Charizard, L50, F|
|poke|p2|Floette-Eternal, L50, F|
|poke|p2|Garchomp, L50, M|
|poke|p2|Whimsicott, L50, F|
|poke|p2|Basculegion, L50, M|
|poke|p2|Kingambit, L50, F|
|teampreview|4
|showteam|p1|Gengar||Gengarite|CursedBody|ShadowBall,PerishSong,SludgeBomb,Protect|Timid||F|||50|]Swampert||Swampertite|Torrent|WaveCrash,Earthquake,IcePunch,Protect|Adamant||F|||50|]Incineroar||PasshoBerry|Intimidate|ThroatChop,PartingShot,FakeOut,Protect|Sassy||F|||50|]Politoed||SitrusBerry|Drizzle|WeatherBall,PerishSong,Encore,Protect|Calm||M|||50|]Archaludon||Leftovers|Stamina|DragonPulse,FlashCannon,ElectroShot,Protect|Bold||M|||50|]Vivillon||FocusSash|CompoundEyes|Hurricane,SleepPowder,RagePowder,Protect|Timid||F|||50|
|showteam|p2|Charizard||CharizarditeY|Blaze|HeatWave,SolarBeam,WeatherBall,Protect|Modest||F|||50|]Floette-Eternal||Floettite|FlowerVeil|Moonblast,DazzlingGleam,LightofRuin,Protect|Modest||F|||50|]Garchomp||LifeOrb|RoughSkin|DragonClaw,Earthquake,Protect,RockSlide|Jolly||M|||50|]Whimsicott||FocusSash|Prankster|Moonblast,Tailwind,Encore,Protect|Timid||F|||50|]Basculegion||MysticWater|Adaptability|WaveCrash,LastRespects,AquaJet,Protect|Adamant||M|||50|]Kingambit||BlackGlasses|Defiant|KowtowCleave,Protect,SuckerPunch,IronHead|Adamant||F|||50|
|inactive|Battle timer is ON: inactive players will automatically lose when time's up. (requested by Damipro21)
|inactive|TenkiBD has 60 seconds left.
|
|t:|1785009881
|teamsize|p1|4
|teamsize|p2|4
|start
|switch|p1a: Swampert|Swampert, L50, F|100/100
|switch|p1b: Vivillon|Vivillon, L50, F|100/100
|switch|p2a: Whimsicott|Whimsicott, L50, F|100/100
|switch|p2b: Kingambit|Kingambit, L50, F|100/100
|turn|1
|inactive|TenkiBD has 30 seconds left.
|
|t:|1785009911
|detailschange|p1a: Swampert|Swampert-Mega, L50, F
|-mega|p1a: Swampert|Swampert|Swampertite
|move|p2b: Kingambit|Sucker Punch||[still]
|-fail|p2b: Kingambit
|move|p2a: Whimsicott|Moonblast|p1b: Vivillon
|-damage|p1b: Vivillon|33/100
|move|p1b: Vivillon|Sleep Powder|p2b: Kingambit|[miss]
|-miss|p1b: Vivillon|p2b: Kingambit
|move|p1a: Swampert|Ice Punch|p2a: Whimsicott
|-supereffective|p2a: Whimsicott|1
|-crit|p2a: Whimsicott
|-enditem|p2a: Whimsicott|Focus Sash
|-damage|p2a: Whimsicott|1/100
|
|upkeep
|turn|2
|inactive|Damipro21 has 30 seconds left.
|
|t:|1785009940
|move|p2a: Whimsicott|Protect|p2a: Whimsicott
|-singleturn|p2a: Whimsicott|Protect
|move|p2b: Kingambit|Protect|p2b: Kingambit
|-singleturn|p2b: Kingambit|Protect
|move|p1b: Vivillon|Sleep Powder|p2b: Kingambit
|-activate|p2b: Kingambit|move: Protect
|move|p1a: Swampert|Earthquake|p2b: Kingambit|[spread] 
|-activate|p2a: Whimsicott|move: Protect
|-activate|p2b: Kingambit|move: Protect
|-immune|p1b: Vivillon
|
|upkeep
|turn|3
|inactive|TenkiBD has 30 seconds left.
|inactive|Damipro21 has 30 seconds left.
|inactive|TenkiBD has 20 seconds left.
|inactive|TenkiBD has 15 seconds left.
|inactive|TenkiBD has 10 seconds left.
|
|t:|1785009985
|move|p1b: Vivillon|Protect|p1b: Vivillon
|-singleturn|p1b: Vivillon|Protect
|move|p2a: Whimsicott|Moonblast|p1b: Vivillon
|-activate|p1b: Vivillon|move: Protect
|move|p1a: Swampert|Earthquake|p2a: Whimsicott|[spread] p2a,p2b
|-activate|p1b: Vivillon|move: Protect
|-resisted|p2a: Whimsicott|1
|-crit|p2a: Whimsicott
|-supereffective|p2b: Kingambit|1
|-damage|p2a: Whimsicott|0 fnt
|-damage|p2b: Kingambit|27/100
|faint|p2a: Whimsicott
|move|p2b: Kingambit|Kowtow Cleave|p1a: Swampert
|-damage|p1a: Swampert|48/100
|
|upkeep
|
|t:|1785009992
|switch|p2a: Basculegion|Basculegion, L50, M|100/100
|turn|4
|inactive|TenkiBD has 30 seconds left.
|
|t:|1785010020
|move|p1b: Vivillon|Rage Powder|p1b: Vivillon
|-singleturn|p1b: Vivillon|move: Rage Powder
|move|p2a: Basculegion|Aqua Jet|p1b: Vivillon
|-crit|p1b: Vivillon
|-damage|p1b: Vivillon|0 fnt
|faint|p1b: Vivillon
|move|p2b: Kingambit|Sucker Punch|p1a: Swampert
|-damage|p1a: Swampert|2/100
|move|p1a: Swampert|Earthquake|p2b: Kingambit|[spread] p2a,p2b
|-supereffective|p2b: Kingambit|1
|-damage|p2a: Basculegion|37/100
|-damage|p2b: Kingambit|0 fnt
|faint|p2b: Kingambit
|
|upkeep
|
|t:|1785010032
|switch|p1b: Archaludon|Archaludon, L50, M|100/100
|switch|p2b: Charizard|Charizard, L50, F|100/100
|turn|5
|
|t:|1785010044
|move|p2b: Charizard|Protect|p2b: Charizard
|-singleturn|p2b: Charizard|Protect
|move|p1a: Swampert|Protect|p1a: Swampert
|-singleturn|p1a: Swampert|Protect
|move|p2a: Basculegion|Protect|p2a: Basculegion
|-singleturn|p2a: Basculegion|Protect
|move|p1b: Archaludon|Protect||[still]
|-fail|p1b: Archaludon
|
|upkeep
|turn|6
|inactive|Damipro21 has 30 seconds left.
|inactive|TenkiBD has 30 seconds left.
|
|t:|1785010075
|detailschange|p2b: Charizard|Charizard-Mega-Y, L50, F
|-mega|p2b: Charizard|Charizard|Charizardite Y
|-weather|SunnyDay|[from] ability: Drought|[of] p2b: Charizard
|move|p2b: Charizard|Heat Wave|p1a: Swampert|[spread] p1a,p1b
|-resisted|p1a: Swampert|1
|-damage|p1a: Swampert|0 fnt
|-damage|p1b: Archaludon|40/100
|-status|p1b: Archaludon|brn
|-ability|p1b: Archaludon|Stamina|boost
|-boost|p1b: Archaludon|def|1
|faint|p1a: Swampert
|move|p2a: Basculegion|Last Respects|p1b: Archaludon
|-damage|p1b: Archaludon|0 fnt
|faint|p1b: Archaludon
|
|-weather|SunnyDay|[upkeep]
|upkeep
|-message|Damipro21 forfeited.
|
|win|TenkiBD
|raw|Damipro21's rating: 1134 → 1111(-23 for losing)
|raw|TenkiBD's rating: 1158 → 1181(+23 for winning)
