|j|☆owbd
|j|☆leg pres
|html|owbdleg pres    
|uhtml|bestof|Game 3 of a best-of-3
|t:|1756714597
|gametype|doubles
|player|p1|owbd|cynthia-gen4|1142
|player|p2|leg pres|cyclist|1101
|gen|9
|tier|[Gen 9] VGC 2025 Reg H (Bo3)
|rated|
|rule|Species Clause: Limit one of each Pokémon
|rule|Item Clause: Limit 1 of each item
|clearpoke
|poke|p1|Gholdengo, L50|
|poke|p1|Incineroar, L50, M|
|poke|p1|Ursaluna-Bloodmoon, L50, M|
|poke|p1|Indeedee, L50, M|
|poke|p1|Sneasler, L50, F|
|poke|p1|Murkrow, L50, F|
|poke|p2|Porygon2, L50|
|poke|p2|Hydreigon, L50, M|
|poke|p2|Incineroar, L50, M|
|poke|p2|Ursaluna, L50, M|
|poke|p2|Amoonguss, L50, F|
|poke|p2|Gholdengo, L50|
|teampreview|4
|showteam|p1|Gholdengo||ChoiceSpecs|GoodasGold|MakeItRain,ShadowBall,Thunderbolt,Trick||||||50|,,,,,Steel]Incineroar||SafetyGoggles|Intimidate|FlareBlitz,PartingShot,FakeOut,KnockOff|||M|||50|,,,,,Ghost]Ursaluna-Bloodmoon||AssaultVest|MindsEye|BloodMoon,EarthPower,HyperVoice,Moonblast|||M|||50|,,,,,Normal]Indeedee||FocusSash|PsychicSurge|ExpandingForce,Protect,TrickRoom,Imprison|||M|||50|,,,,,Psychic]Sneasler||PsychicSeed|Unburden|CloseCombat,DireClaw,FakeOut,ThroatChop|||F|||50|,,,,,Stellar]Murkrow||CovertCloak|Prankster|FoulPlay,Haze,SunnyDay,Tailwind|||F|||50|,,,,,Dark
|showteam|p2|Porygon2||Eviolite|Download|TeraBlast,IceBeam,TrickRoom,Recover||||||50|,,,,,Fighting]Hydreigon||SafetyGoggles|Levitate|Snarl,DracoMeteor,Tailwind,Protect|||M|||50|,,,,,Ghost]Incineroar||SitrusBerry|Intimidate|FlareBlitz,KnockOff,PartingShot,FakeOut|||M|||50|,,,,,Grass]Ursaluna||FlameOrb|Guts|Facade,HeadlongRush,Earthquake,Protect|||M|||50|,,,,,Ghost]Amoonguss||CovertCloak|Regenerator|PollenPuff,Spore,RagePowder,Protect|||F|||50|,,,,,Fire]Gholdengo||MetalCoat|GoodasGold|MakeItRain,ShadowBall,NastyPlot,Protect||||||50|,,,,,Flying
|
|t:|1756714608
|teamsize|p1|4
|teamsize|p2|4
|start
|switch|p1a: Sneasler|Sneasler, L50, F|100/100
|switch|p1b: Indeedee|Indeedee, L50, M|100/100
|switch|p2a: Incineroar|Incineroar, L50, M, shiny|100/100
|switch|p2b: Porygon2|Porygon2, L50, shiny|100/100
|-fieldstart|move: Psychic Terrain|[from] ability: Psychic Surge|[of] p1b: Indeedee
|-enditem|p1a: Sneasler|Psychic Seed
|-boost|p1a: Sneasler|spd|1|[from] item: Psychic Seed
|-ability|p2a: Incineroar|Intimidate|boost
|-unboost|p1a: Sneasler|atk|1
|-unboost|p1b: Indeedee|atk|1
|-ability|p2b: Porygon2|Download|boost
|-boost|p2b: Porygon2|atk|1
|turn|1
|
|t:|1756714645
|-terastallize|p1a: Sneasler|Stellar
|-terastallize|p2a: Incineroar|Grass
|move|p1a: Sneasler|Close Combat|p2a: Incineroar
|-damage|p2a: Incineroar|48/100
|-unboost|p1a: Sneasler|def|1
|-unboost|p1a: Sneasler|spd|1
|-enditem|p2a: Incineroar|Sitrus Berry|[eat]
|-heal|p2a: Incineroar|73/100|[from] item: Sitrus Berry
|move|p1b: Indeedee|Imprison|p1b: Indeedee
|-start|p1b: Indeedee|move: Imprison
|move|p2a: Incineroar|Parting Shot|p1a: Sneasler
|-unboost|p1a: Sneasler|atk|1
|-unboost|p1a: Sneasler|spa|1
|
|t:|1756714658
|switch|p2a: Hydreigon|Hydreigon, L50, M, shiny|100/100|[from] Parting Shot
|cant|p2b: Porygon2|move: Imprison|Trick Room
|
|upkeep
|turn|2
|
|t:|1756714669
|switch|p2b: Incineroar|Incineroar, L50, M, shiny, tera:Grass|73/100
|-ability|p2b: Incineroar|Intimidate|boost
|-unboost|p1a: Sneasler|atk|1
|-unboost|p1b: Indeedee|atk|1
|move|p1a: Sneasler|Dire Claw|p2a: Hydreigon
|-damage|p2a: Hydreigon|73/100
|move|p2a: Hydreigon|Tailwind|p2a: Hydreigon
|-sidestart|p2: leg pres|move: Tailwind
|move|p1b: Indeedee|Expanding Force|p2a: Hydreigon|[spread] p2b
|-immune|p2a: Hydreigon
|-damage|p2b: Incineroar|21/100
|
|upkeep
|turn|3
|
|t:|1756714684
|move|p2a: Hydreigon|Snarl|p1b: Indeedee|[spread] p1a
|-miss|p2a: Hydreigon|p1b: Indeedee
|-resisted|p1a: Sneasler
|-damage|p1a: Sneasler|88/100
|-unboost|p1a: Sneasler|spa|1
|move|p1a: Sneasler|Dire Claw|p2a: Hydreigon
|-damage|p2a: Hydreigon|54/100
|move|p2b: Incineroar|Parting Shot|p1b: Indeedee
|-unboost|p1b: Indeedee|atk|1
|-unboost|p1b: Indeedee|spa|1
|
|t:|1756714692
|switch|p2b: Ursaluna|Ursaluna, L50, M|100/100|[from] Parting Shot
|move|p1b: Indeedee|Expanding Force|p2a: Hydreigon|[spread] p2b
|-immune|p2a: Hydreigon
|-damage|p2b: Ursaluna|67/100
|
|-status|p2b: Ursaluna|brn|[from] item: Flame Orb
|upkeep
|turn|4
|
|t:|1756714714
|switch|p2b: Incineroar|Incineroar, L50, M, shiny, tera:Grass|21/100
|-ability|p2b: Incineroar|Intimidate|boost
|-unboost|p1a: Sneasler|atk|1
|-unboost|p1b: Indeedee|atk|1
|move|p2a: Hydreigon|Snarl|p1b: Indeedee|[spread] p1a,p1b
|-resisted|p1a: Sneasler
|-supereffective|p1b: Indeedee
|-damage|p1a: Sneasler|75/100
|-damage|p1b: Indeedee|43/100
|-unboost|p1a: Sneasler|spa|1
|-unboost|p1b: Indeedee|spa|1
|move|p1a: Sneasler|Dire Claw|p2a: Hydreigon
|-damage|p2a: Hydreigon|37/100
|-status|p2a: Hydreigon|slp
|move|p1b: Indeedee|Expanding Force|p2b: Incineroar|[spread] p2b
|-immune|p2a: Hydreigon
|-damage|p2b: Incineroar|0 fnt
|faint|p2b: Incineroar
|
|upkeep
|
|t:|1756714721
|switch|p2b: Ursaluna|Ursaluna, L50, M|67/100 brn
|turn|5
|
|t:|1756714740
|cant|p2a: Hydreigon|slp
|move|p1a: Sneasler|Close Combat|p2b: Ursaluna
|-supereffective|p2b: Ursaluna
|-damage|p2b: Ursaluna|34/100 brn
|-unboost|p1a: Sneasler|def|1
|-unboost|p1a: Sneasler|spd|1
|move|p1b: Indeedee|Expanding Force|p2a: Hydreigon|[spread] p2b
|-immune|p2a: Hydreigon
|-damage|p2b: Ursaluna|9/100 brn
|move|p2b: Ursaluna|Earthquake|p1a: Sneasler|[spread] p1a,p1b
|-immune|p2a: Hydreigon|[from] ability: Levitate
|-supereffective|p1a: Sneasler
|-damage|p1a: Sneasler|0 fnt
|-damage|p1b: Indeedee|0 fnt
|faint|p1a: Sneasler
|faint|p1b: Indeedee
|
|-damage|p2b: Ursaluna|3/100 brn|[from] brn
|-sideend|p2: leg pres|move: Tailwind
|-fieldend|move: Psychic Terrain
|upkeep
|
|t:|1756714760
|switch|p1b: Incineroar|Incineroar, L50, M, shiny|100/100
|switch|p1a: Gholdengo|Gholdengo, L50|100/100
|-ability|p1b: Incineroar|Intimidate|boost
|-unboost|p2a: Hydreigon|atk|1
|-unboost|p2b: Ursaluna|atk|1
|turn|6
|
|t:|1756714774
|switch|p2b: Porygon2|Porygon2, L50, shiny|100/100
|-ability|p2b: Porygon2|Download|boost
|-boost|p2b: Porygon2|spa|1
|-curestatus|p2a: Hydreigon|slp|[msg]
|move|p2a: Hydreigon|Protect|p2a: Hydreigon
|-singleturn|p2a: Hydreigon|Protect
|move|p1b: Incineroar|Fake Out|p2a: Hydreigon
|-activate|p2a: Hydreigon|move: Protect
|move|p1a: Gholdengo|Make It Rain|p2a: Hydreigon|[spread] p2b
|-activate|p2a: Hydreigon|move: Protect
|-damage|p2b: Porygon2|59/100
|-unboost|p1a: Gholdengo|spa|1
|
|upkeep
|turn|7
|l|☆leg pres
|player|p2|
|j|☆leg pres
|player|p2|leg pres|cyclist|
|
|t:|1756714825
|move|p2a: Hydreigon|Snarl|p1b: Incineroar|[spread] p1a,p1b
|-supereffective|p1a: Gholdengo
|-resisted|p1b: Incineroar
|-damage|p1a: Gholdengo|59/100
|-damage|p1b: Incineroar|93/100
|-unboost|p1a: Gholdengo|spa|1
|-unboost|p1b: Incineroar|spa|1
|move|p1a: Gholdengo|Make It Rain|p2a: Hydreigon|[spread] p2a,p2b
|-damage|p2a: Hydreigon|1/100
|-damage|p2b: Porygon2|35/100
|-unboost|p1a: Gholdengo|spa|1
|move|p1b: Incineroar|Knock Off|p2b: Porygon2
|-damage|p2b: Porygon2|7/100
|-enditem|p2b: Porygon2|Eviolite|[from] move: Knock Off|[of] p1b: Incineroar
|move|p2b: Porygon2|Trick Room|p2b: Porygon2
|-fieldstart|move: Trick Room|[of] p2b: Porygon2
|
|upkeep
|turn|8
|
|t:|1756714846
|move|p1b: Incineroar|Parting Shot|p2a: Hydreigon
|-unboost|p2a: Hydreigon|atk|1
|-unboost|p2a: Hydreigon|spa|1
|move|p2b: Porygon2|Recover|p2b: Porygon2
|-heal|p2b: Porygon2|57/100
|move|p1a: Gholdengo|Make It Rain|p2b: Porygon2|[spread] p2a,p2b
|-damage|p2a: Hydreigon|0 fnt
|-damage|p2b: Porygon2|31/100
|-unboost|p1a: Gholdengo|spa|1
|faint|p2a: Hydreigon
|
|upkeep
|
|t:|1756714852
|switch|p2a: Ursaluna|Ursaluna, L50, M|3/100 brn
|turn|9
|
|t:|1756714863
|move|p2a: Ursaluna|Earthquake|p1a: Gholdengo|[spread] p2b,p1a,p1b
|-supereffective|p1a: Gholdengo
|-supereffective|p1b: Incineroar
|-damage|p2b: Porygon2|0 fnt
|-damage|p1a: Gholdengo|0 fnt
|-damage|p1b: Incineroar|0 fnt
|faint|p2b: Porygon2
|faint|p1a: Gholdengo
|faint|p1b: Incineroar
|
|win|leg pres
|raw|owbd's rating: 1142 → 1114(-28 for losing)
|raw|leg pres's rating: 1101 → 1129(+28 for winning)
