|j|☆BakingSoda+Lemon
|j|☆geardox
|html|BakingSoda+Lemongeardox    
|uhtml|bestof|Game 2 of a best-of-3
|t:|1756340380
|gametype|doubles
|player|p1|BakingSoda+Lemon|artist-gen4|1158
|player|p2|geardox|cyclist|1158
|gen|9
|tier|[Gen 9] VGC 2025 Reg H (Bo3)
|rated|
|rule|Species Clause: Limit one of each Pokémon
|rule|Item Clause: Limit 1 of each item
|clearpoke
|poke|p1|Dragonite, L50, M|
|poke|p1|Milotic, L50, F|
|poke|p1|Whimsicott, L50, M|
|poke|p1|Delphox, L50, M|
|poke|p1|Indeedee-F, L50, F|
|poke|p1|Gholdengo, L50|
|poke|p2|Sneasler, L50, M|
|poke|p2|Garchomp, L50, M|
|poke|p2|Corviknight, L50, F|
|poke|p2|Archaludon, L50, M|
|poke|p2|Amoonguss, L50, F|
|poke|p2|Incineroar, L50, F|
|teampreview|4
|showteam|p1|Dragonite||LoadedDice|Multiscale|ScaleShot,Haze,Protect,StompingTantrum|||M|||50|,,,,,Fairy]Milotic||ChoiceSpecs|Competitive|IceBeam,Scald,FlipTurn,DragonPulse|||F|||50|,,,,,Dragon]Whimsicott||CovertCloak|Prankster|Moonblast,Taunt,Tailwind,SunnyDay|||M|||50|,,,,,Fire]Delphox||FocusSash|Blaze|ExpandingForce,Flamethrower,Protect,ScorchingSands|||M|||50|,,,,,Psychic]Indeedee-F||PsychicSeed|PsychicSurge|FollowMe,Imprison,TrickRoom,HelpingHand|||F|||50|,,,,,Water]Gholdengo||LifeOrb|GoodasGold|MakeItRain,NastyPlot,Protect,ShadowBall||||||50|,,,,,Water
|showteam|p2|Sneasler||FocusSash|Unburden|DireClaw,CloseCombat,FakeOut,Coaching|||M|||50|,,,,,Ghost]Garchomp||LifeOrb|RoughSkin|Protect,Earthquake,DragonClaw,StompingTantrum|||M|||50|,,,,,Ground]Corviknight||SitrusBerry|MirrorArmor|BraveBird,Tailwind,Roost,Taunt|||F|||50|,,,,,Fire]Archaludon||PowerHerb|Stamina|Protect,DracoMeteor,FlashCannon,ElectroShot|||M|||50|,,,,,Dragon]Amoonguss||RockyHelmet|Regenerator|ClearSmog,RagePowder,Spore,PollenPuff|||F|||50|,,,,,Water]Incineroar||AssaultVest|Intimidate|KnockOff,FlareBlitz,FakeOut,PartingShot|||F|||50|,,,,,Ghost
|inactive|Battle timer is ON: inactive players will automatically lose when time's up. (requested by BakingSoda+Lemon)
|inactive|geardox has 60 seconds left.
|
|t:|1756340410
|teamsize|p1|4
|teamsize|p2|4
|start
|switch|p1a: Dragonite|Dragonite, L50, M|100/100
|switch|p1b: Whimsicott|Whimsicott, L50, M|100/100
|switch|p2a: Big Mo|Archaludon, L50, M|100/100
|switch|p2b: Stinky Pete|Garchomp, L50, M|100/100
|turn|1
|inactive|BakingSoda+Lemon has 30 seconds left.
|inactive|geardox has 30 seconds left.
|
|t:|1756340442
|switch|p2b: Riku|Sneasler, L50, M|100/100
|move|p1b: Whimsicott|Tailwind|p1b: Whimsicott
|-sidestart|p1: BakingSoda+Lemon|move: Tailwind
|move|p1a: Dragonite|Scale Shot|p2b: Riku
|-damage|p2b: Riku|75/100
|-damage|p2b: Riku|50/100
|-damage|p2b: Riku|23/100
|-damage|p2b: Riku|0 fnt
|faint|p2b: Riku
|-hitcount|p2: Riku|4
|-unboost|p1a: Dragonite|def|1
|-boost|p1a: Dragonite|spe|1
|move|p2a: Big Mo|Electro Shot||[still]
|-prepare|p2a: Big Mo|Electro Shot
|-boost|p2a: Big Mo|spa|1
|-enditem|p2a: Big Mo|Power Herb
|-anim|p2a: Big Mo|Electro Shot|p1a: Dragonite
|-damage|p1a: Dragonite|66/100
|
|upkeep
|
|t:|1756340461
|switch|p2b: Stinky Pete|Garchomp, L50, M|100/100
|turn|2
|
|t:|1756340481
|move|p1a: Dragonite|Protect|p1a: Dragonite
|-singleturn|p1a: Dragonite|Protect
|move|p2b: Stinky Pete|Protect|p2b: Stinky Pete
|-singleturn|p2b: Stinky Pete|Protect
|move|p1b: Whimsicott|Moonblast|p2b: Stinky Pete
|-activate|p2b: Stinky Pete|move: Protect
|move|p2a: Big Mo|Flash Cannon|p1b: Whimsicott
|-supereffective|p1b: Whimsicott
|-damage|p1b: Whimsicott|0 fnt
|faint|p1b: Whimsicott
|
|upkeep
|
|t:|1756340493
|switch|p1b: Milotic|Milotic, L50, F|100/100
|turn|3
|
|t:|1756340504
|switch|p2b: Chica|Corviknight, L50, F|100/100
|move|p2a: Big Mo|Protect|p2a: Big Mo
|-singleturn|p2a: Big Mo|Protect
|move|p1a: Dragonite|Haze|p1a: Dragonite
|-clearallboost
|move|p1b: Milotic|Ice Beam|p2b: Chica
|-crit|p2b: Chica
|-damage|p2b: Chica|62/100
|
|upkeep
|turn|4
|
|t:|1756340525
|switch|p2a: Stinky Pete|Garchomp, L50, M|100/100
|move|p1a: Dragonite|Stomping Tantrum|p2a: Stinky Pete
|-damage|p2a: Stinky Pete|72/100
|-damage|p1a: Dragonite|54/100|[from] ability: Rough Skin|[of] p2a: Stinky Pete
|move|p1b: Milotic|Ice Beam|p2a: Stinky Pete
|-supereffective|p2a: Stinky Pete
|-damage|p2a: Stinky Pete|0 fnt
|faint|p2a: Stinky Pete
|move|p2b: Chica|Tailwind|p2b: Chica
|-sidestart|p2: geardox|move: Tailwind
|
|-sideend|p1: BakingSoda+Lemon|move: Tailwind
|upkeep
|
|t:|1756340538
|switch|p2a: Big Mo|Archaludon, L50, M|100/100
|turn|5
|inactive|geardox has 30 seconds left.
|
|t:|1756340565
|move|p2a: Big Mo|Flash Cannon|p1a: Dragonite
|-damage|p1a: Dragonite|15/100
|move|p2b: Chica|Brave Bird|p1b: Milotic
|-damage|p1b: Milotic|66/100
|-damage|p2b: Chica|52/100|[from] Recoil
|move|p1a: Dragonite|Scale Shot|p2b: Chica
|-resisted|p2b: Chica
|-damage|p2b: Chica|47/100
|-enditem|p2b: Chica|Sitrus Berry|[eat]
|-heal|p2b: Chica|72/100|[from] item: Sitrus Berry
|-resisted|p2b: Chica
|-damage|p2b: Chica|65/100
|-resisted|p2b: Chica
|-damage|p2b: Chica|59/100
|-resisted|p2b: Chica
|-damage|p2b: Chica|53/100
|-hitcount|p2b: Chica|4
|-unboost|p1a: Dragonite|def|1
|-boost|p1a: Dragonite|spe|1
|move|p1b: Milotic|Ice Beam|p2b: Chica
|-damage|p2b: Chica|27/100
|
|upkeep
|turn|6
|inactive|geardox has 30 seconds left.
|
|t:|1756340592
|move|p2a: Big Mo|Draco Meteor|p1b: Milotic
|-damage|p1b: Milotic|15/100
|-unboost|p2a: Big Mo|spa|2
|move|p2b: Chica|Roost|p2b: Chica
|-heal|p2b: Chica|77/100
|-singleturn|p2b: Chica|move: Roost
|move|p1a: Dragonite|Scale Shot|p2b: Chica
|-resisted|p2b: Chica
|-damage|p2b: Chica|72/100
|-resisted|p2b: Chica
|-damage|p2b: Chica|65/100
|-resisted|p2b: Chica
|-damage|p2b: Chica|59/100
|-resisted|p2b: Chica
|-damage|p2b: Chica|53/100
|-hitcount|p2b: Chica|4
|-unboost|p1a: Dragonite|def|1
|-boost|p1a: Dragonite|spe|1
|move|p1b: Milotic|Ice Beam|p2b: Chica
|-resisted|p2b: Chica
|-damage|p2b: Chica|41/100
|
|upkeep
|turn|7
|inactive|BakingSoda+Lemon has 30 seconds left.
|
|t:|1756340618
|move|p2a: Big Mo|Protect|p2a: Big Mo
|-singleturn|p2a: Big Mo|Protect
|move|p1a: Dragonite|Stomping Tantrum|p2a: Big Mo
|-activate|p2a: Big Mo|move: Protect
|move|p2b: Chica|Roost|p2b: Chica
|-heal|p2b: Chica|91/100
|-singleturn|p2b: Chica|move: Roost
|move|p1b: Milotic|Ice Beam|p2a: Big Mo
|-activate|p2a: Big Mo|move: Protect
|
|-sideend|p2: geardox|move: Tailwind
|upkeep
|turn|8
|
|t:|1756340633
|move|p2a: Big Mo|Protect|p2a: Big Mo
|-singleturn|p2a: Big Mo|Protect
|move|p1a: Dragonite|Stomping Tantrum|p2a: Big Mo
|-activate|p2a: Big Mo|move: Protect
|move|p1b: Milotic|Ice Beam|p2a: Big Mo
|-activate|p2a: Big Mo|move: Protect
|move|p2b: Chica|Brave Bird|p1a: Dragonite
|-damage|p1a: Dragonite|0 fnt
|faint|p1a: Dragonite
|-damage|p2b: Chica|87/100|[from] Recoil
|
|upkeep
|
|t:|1756340637
|switch|p1a: Gholdengo|Gholdengo, L50|100/100
|turn|9
|inactive|BakingSoda+Lemon has 30 seconds left.
|
|t:|1756340668
|move|p2a: Big Mo|Flash Cannon|p1b: Milotic
|-resisted|p1b: Milotic
|-damage|p1b: Milotic|7/100
|move|p1a: Gholdengo|Nasty Plot|p1a: Gholdengo
|-boost|p1a: Gholdengo|spa|2
|move|p1b: Milotic|Ice Beam|p2a: Big Mo
|-damage|p2a: Big Mo|55/100
|-ability|p2a: Big Mo|Stamina|boost
|-boost|p2a: Big Mo|def|1
|move|p2b: Chica|Brave Bird|p1a: Gholdengo
|-resisted|p1a: Gholdengo
|-damage|p1a: Gholdengo|79/100
|-damage|p2b: Chica|80/100|[from] Recoil
|
|upkeep
|turn|10
|
|t:|1756340693
|move|p2a: Big Mo|Flash Cannon|p1b: Milotic
|-resisted|p1b: Milotic
|-crit|p1b: Milotic
|-damage|p1b: Milotic|0 fnt
|faint|p1b: Milotic
|move|p1a: Gholdengo|Shadow Ball|p2b: Chica
|-damage|p2b: Chica|0 fnt
|faint|p2b: Chica
|-damage|p1a: Gholdengo|69/100|[from] item: Life Orb
|
|upkeep
|turn|11
|
|t:|1756340711
|move|p2a: Big Mo|Electro Shot||[still]
|-prepare|p2a: Big Mo|Electro Shot
|-boost|p2a: Big Mo|spa|1
|move|p1a: Gholdengo|Shadow Ball|p2a: Big Mo
|-damage|p2a: Big Mo|0 fnt
|faint|p2a: Big Mo
|-damage|p1a: Gholdengo|59/100|[from] item: Life Orb
|
|win|BakingSoda+Lemon
|raw|BakingSoda+Lemon's rating: 1158 → 1183(+25 for winning)
|raw|geardox's rating: 1158 → 1133(-25 for losing)
