|j|☆Qicide
|j|☆Clementine1997
|html|QicideClementine1997    
|uhtml|bestof|Game 2 of a best-of-3
|t:|1756238450
|gametype|doubles
|player|p1|Qicide|red|1272
|player|p2|Clementine1997|clair|1142
|gen|9
|tier|[Gen 9] VGC 2025 Reg H (Bo3)
|rated|
|rule|Species Clause: Limit one of each Pokémon
|rule|Item Clause: Limit 1 of each item
|clearpoke
|poke|p1|Porygon2, L50|
|poke|p1|Incineroar, L50, F|
|poke|p1|Ursaluna, L50, F|
|poke|p1|Jumpluff, L50, F|
|poke|p1|Charizard, L50, M|
|poke|p1|Torkoal, L50, F|
|poke|p2|Whimsicott, L50, M|
|poke|p2|Ursaluna-Bloodmoon, L50, M|
|poke|p2|Incineroar, L50, F|
|poke|p2|Rillaboom, L50, F|
|poke|p2|Kingambit, L50, M|
|poke|p2|Primarina, L50, M|
|teampreview|4
|showteam|p1|Porygon2||Eviolite|Download|TeraBlast,IceBeam,TrickRoom,Recover||||||50|,,,,,Fighting]Incineroar||SitrusBerry|Intimidate|FakeOut,KnockOff,FlareBlitz,PartingShot|||F|||50|,,,,,Ghost]Ursaluna||FlameOrb|Guts|HeadlongRush,Facade,Earthquake,Protect|||F|||50|,,,,,Ghost]Jumpluff||CovertCloak|Chlorophyll|RagePowder,PollenPuff,Tailwind,SleepPowder|||F|||50|,,,,,Water]Charizard||ChoiceSpecs|SolarPower|HeatWave,Overheat,WeatherBall,DragonPulse|||M|||50|,,,,,Ghost]Torkoal||EjectPack|Drought|Overheat,Eruption,HelpingHand,Protect|||F|||50|,,,,,Fire
|showteam|p2|Whimsicott||FocusSash|Prankster|Moonblast,Encore,Tailwind,Taunt|||M|||50|,,,,,Fire]Ursaluna-Bloodmoon||LifeOrb|MindsEye|BloodMoon,EarthPower,VacuumWave,Protect|||M|||50|,,,,,Ghost]Incineroar||SitrusBerry|Intimidate|KnockOff,PartingShot,FlareBlitz,FakeOut|||F|||50|,,,,,Grass]Rillaboom||AssaultVest|GrassySurge|GrassyGlide,HighHorsepower,FakeOut,Uturn|||F|||50|,,,,,Fire]Kingambit||SafetyGoggles|Defiant|SuckerPunch,IronHead,SwordsDance,Protect|||M|||50|,,,,,Flying]Primarina||ThroatSpray|LiquidVoice|HyperVoice,Moonblast,Haze,Protect|||M|||50|,,,,,Grass
|inactive|Battle timer is ON: inactive players will automatically lose when time's up. (requested by Qicide)
|
|t:|1756238476
|teamsize|p1|4
|teamsize|p2|4
|start
|switch|p1a: Jumpluff|Jumpluff, L50, F|100/100
|switch|p1b: Charizard|Charizard, L50, M, shiny|100/100
|switch|p2a: Whimsicott|Whimsicott, L50, M, shiny|100/100
|switch|p2b: Ursaluna|Ursaluna-Bloodmoon, L50, M|100/100
|turn|1
|
|t:|1756238490
|-terastallize|p2a: Whimsicott|Fire
|move|p2b: Ursaluna|Protect|p2b: Ursaluna
|-singleturn|p2b: Ursaluna|Protect
|move|p1a: Jumpluff|Rage Powder|p1a: Jumpluff
|-singleturn|p1a: Jumpluff|move: Rage Powder
|move|p2a: Whimsicott|Taunt|p1a: Jumpluff
|-start|p1a: Jumpluff|move: Taunt
|move|p1b: Charizard|Heat Wave|p2a: Whimsicott|[spread] p2a
|-activate|p2b: Ursaluna|move: Protect
|-resisted|p2a: Whimsicott
|-damage|p2a: Whimsicott|65/100
|
|upkeep
|turn|2
|
|t:|1756238505
|switch|p1a: Ursaluna|Ursaluna, L50, F|100/100
|switch|p1b: Torkoal|Torkoal, L50, F|100/100
|-weather|SunnyDay|[from] ability: Drought|[of] p1b: Torkoal
|move|p2a: Whimsicott|Tailwind|p2a: Whimsicott
|-sidestart|p2: Clementine1997|move: Tailwind
|move|p2b: Ursaluna|Blood Moon|p1b: Torkoal
|-damage|p1b: Torkoal|0 fnt
|faint|p1b: Torkoal
|-damage|p2b: Ursaluna|91/100|[from] item: Life Orb
|
|-weather|SunnyDay|[upkeep]
|-status|p1a: Ursaluna|brn|[from] item: Flame Orb
|upkeep
|
|t:|1756238516
|switch|p1b: Charizard|Charizard, L50, M, shiny|100/100
|turn|3
|
|t:|1756238533
|move|p2b: Ursaluna|Protect|p2b: Ursaluna
|-singleturn|p2b: Ursaluna|Protect
|move|p2a: Whimsicott|Taunt|p1a: Ursaluna
|-start|p1a: Ursaluna|move: Taunt
|move|p1b: Charizard|Heat Wave|p2b: Ursaluna|[spread] p2a
|-activate|p2b: Ursaluna|move: Protect
|-resisted|p2a: Whimsicott
|-damage|p2a: Whimsicott|0 fnt
|faint|p2a: Whimsicott
|move|p1a: Ursaluna|Earthquake|p2b: Ursaluna|[spread] 
|-activate|p2b: Ursaluna|move: Protect
|-immune|p1b: Charizard
|
|-weather|SunnyDay|[upkeep]
|-damage|p1b: Charizard|88/100|[from] ability: Solar Power|[of] p1b: Charizard
|-damage|p1a: Ursaluna|95/100 brn|[from] brn
|upkeep
|
|t:|1756238541
|switch|p2a: Incineroar|Incineroar, L50, F, shiny|100/100
|-ability|p2a: Incineroar|Intimidate|boost
|-unboost|p1a: Ursaluna|atk|1
|-unboost|p1b: Charizard|atk|1
|turn|4
|
|t:|1756238565
|switch|p1b: Jumpluff|Jumpluff, L50, F|100/100
|-terastallize|p1a: Ursaluna|Ghost
|move|p2a: Incineroar|Fake Out|p1b: Jumpluff
|-damage|p1b: Jumpluff|83/100
|move|p2b: Ursaluna|Blood Moon|p1a: Ursaluna
|-damage|p1a: Ursaluna|0 fnt
|faint|p1a: Ursaluna
|-damage|p2b: Ursaluna|81/100|[from] item: Life Orb
|
|-weather|SunnyDay|[upkeep]
|upkeep
|
|t:|1756238575
|switch|p1a: Charizard|Charizard, L50, M, shiny|88/100
|turn|5
|
|t:|1756238598
|move|p2b: Ursaluna|Protect|p2b: Ursaluna
|-singleturn|p2b: Ursaluna|Protect
|move|p1b: Jumpluff|Sleep Powder|p2a: Incineroar
|-status|p2a: Incineroar|slp|[from] move: Sleep Powder
|cant|p2a: Incineroar|slp
|move|p1a: Charizard|Heat Wave|p2b: Ursaluna|[spread] p2a
|-activate|p2b: Ursaluna|move: Protect
|-resisted|p2a: Incineroar
|-damage|p2a: Incineroar|48/100 slp
|-enditem|p2a: Incineroar|Sitrus Berry|[eat]
|-heal|p2a: Incineroar|73/100 slp|[from] item: Sitrus Berry
|
|-weather|SunnyDay|[upkeep]
|-damage|p1a: Charizard|76/100|[from] ability: Solar Power|[of] p1a: Charizard
|-sideend|p2: Clementine1997|move: Tailwind
|upkeep
|turn|6
|
|t:|1756238609
|move|p2b: Ursaluna|Vacuum Wave|p1a: Charizard
|-resisted|p1a: Charizard
|-damage|p1a: Charizard|63/100
|-damage|p2b: Ursaluna|72/100|[from] item: Life Orb
|move|p1b: Jumpluff|Sleep Powder|p2b: Ursaluna
|-status|p2b: Ursaluna|slp|[from] move: Sleep Powder
|move|p1a: Charizard|Heat Wave|p2b: Ursaluna|[spread] p2a,p2b
|-resisted|p2a: Incineroar
|-damage|p2a: Incineroar|19/100 slp
|-damage|p2b: Ursaluna|0 fnt
|faint|p2b: Ursaluna
|cant|p2a: Incineroar|slp
|
|-weather|none
|upkeep
|
|t:|1756238612
|switch|p2b: Kingambit|Kingambit, L50, M, shiny|100/100
|turn|7
|
|t:|1756238627
|move|p2b: Kingambit|Sucker Punch|p1a: Charizard
|-damage|p1a: Charizard|3/100
|move|p1b: Jumpluff|Pollen Puff|p1a: Charizard
|-heal|p1a: Charizard|53/100
|move|p1a: Charizard|Heat Wave|p2a: Incineroar|[spread] p2a,p2b
|-resisted|p2a: Incineroar
|-supereffective|p2b: Kingambit
|-damage|p2a: Incineroar|0 fnt
|-damage|p2b: Kingambit|0 fnt
|faint|p2a: Incineroar
|faint|p2b: Kingambit
|
|win|Qicide
||Clementine1997 is ready for game 3.
