|j|☆RaikuDraco
|j|☆medwar
|html|RaikuDracomedwar    
|uhtml|bestof|Game 1 of a best-of-3
|t:|1756880406
|gametype|doubles
|player|p1|RaikuDraco|drake-gen3|1147
|player|p2|medwar|dawn|1128
|gen|9
|tier|[Gen 9] VGC 2025 Reg H (Bo3)
|rated|
|rule|Species Clause: Limit one of each Pokémon
|rule|Item Clause: Limit 1 of each item
|clearpoke
|poke|p1|Archaludon, L50, F|
|poke|p1|Sinistcha-Masterpiece, L50|
|poke|p1|Dragonite, L50, F|
|poke|p1|Pelipper, L50, M|
|poke|p1|Ursaluna, L50, F|
|poke|p1|Gholdengo, L50|
|poke|p2|Sneasler, L50, M|
|poke|p2|Indeedee, L50, M|
|poke|p2|Tyranitar, L50, M|
|poke|p2|Ursaluna-Bloodmoon, L50, M|
|poke|p2|Volcarona, L50, M|
|poke|p2|Gholdengo, L50|
|teampreview|4
|showteam|p1|Archaludon||AssaultVest|Stamina|BodyPress,Snarl,ElectroShot,FlashCannon|||F|||50|,,,,,Fighting]Sinistcha-Masterpiece||SitrusBerry|Hospitality|MatchaGotcha,RagePowder,TrickRoom,LifeDew||||||50|,,,,,Dark]Dragonite||LoadedDice|Multiscale|ScaleShot,Protect,Tailwind,Haze|||F|||50|,,,,,Steel]Pelipper||FocusSash|Drizzle|WeatherBall,Hurricane,Tailwind,Protect|||M|||50|,,,,,Ground]Ursaluna||FlameOrb|Guts|Facade,HeadlongRush,Earthquake,Protect|||F|||50|,,,,,Ghost]Gholdengo||ChoiceScarf|GoodasGold|MakeItRain,TeraBlast,ShadowBall,Trick||||||50|,,,,,Water
|showteam|p2|Sneasler||PsychicSeed|Unburden|CloseCombat,DireClaw,Protect,ThroatChop|||M|||50|,,,,,Dark]Indeedee||ChoiceScarf|PsychicSurge|DazzlingGleam,ExpandingForce,ShadowBall,Trick|||M|||50|,,,,,Psychic]Tyranitar||AssaultVest|SandStream|TeraBlast,KnockOff,RockSlide,LowKick|||M|||50|,,,,,Flying]Ursaluna-Bloodmoon||LifeOrb|MindsEye|BloodMoon,HyperVoice,EarthPower,Protect|||M|||50|,,,,,Water]Volcarona||SitrusBerry|FlameBody|RagePowder,Tailwind,GigaDrain,HeatWave|||M|||50|,,,,,Grass]Gholdengo||Leftovers|GoodasGold|MakeItRain,ShadowBall,Protect,NastyPlot||||||50|,,,,,Water
|inactive|Battle timer is ON: inactive players will automatically lose when time's up. (requested by RaikuDraco)
|inactive|RaikuDraco has 60 seconds left.
|inactive|medwar has 60 seconds left.
|inactive|RaikuDraco has 30 seconds left.
|inactive|RaikuDraco has 20 seconds left.
|inactive|RaikuDraco has 15 seconds left.
|inactive|RaikuDraco has 10 seconds left.
|
|t:|1756880493
|teamsize|p1|4
|teamsize|p2|4
|start
|switch|p1a: Pelipper|Pelipper, L50, M|100/100
|switch|p1b: Archaludon|Archaludon, L50, F|100/100
|switch|p2a: Indeedee|Indeedee, L50, M|100/100
|switch|p2b: Sneasler|Sneasler, L50, M, shiny|100/100
|-fieldstart|move: Psychic Terrain|[from] ability: Psychic Surge|[of] p2a: Indeedee
|-enditem|p2b: Sneasler|Psychic Seed
|-boost|p2b: Sneasler|spd|1|[from] item: Psychic Seed
|-weather|RainDance|[from] ability: Drizzle|[of] p1a: Pelipper
|turn|1
|inactive|RaikuDraco has 30 seconds left.
|inactive|RaikuDraco has 20 seconds left.
|inactive|RaikuDraco has 15 seconds left.
|inactive|RaikuDraco has 10 seconds left.
|
|t:|1756880539
|switch|p2b: Tyranitar|Tyranitar, L50, M, shiny|100/100
|-weather|Sandstorm|[from] ability: Sand Stream|[of] p2b: Tyranitar
|move|p2a: Indeedee|Trick|p1b: Archaludon
|-activate|p2a: Indeedee|move: Trick|[of] p1b: Archaludon
|-item|p1b: Archaludon|Choice Scarf|[from] move: Trick
|-item|p2a: Indeedee|Assault Vest|[from] move: Trick
|move|p1b: Archaludon|Electro Shot||[still]
|-prepare|p1b: Archaludon|Electro Shot
|-boost|p1b: Archaludon|spa|1
|move|p1a: Pelipper|Tailwind|p1a: Pelipper
|-sidestart|p1: RaikuDraco|move: Tailwind
|
|-weather|Sandstorm|[upkeep]
|-damage|p1a: Pelipper|95/100|[from] Sandstorm
|-damage|p2a: Indeedee|95/100|[from] Sandstorm
|upkeep
|turn|2
|inactive|RaikuDraco has 30 seconds left.
|inactive|RaikuDraco has 20 seconds left.
|inactive|RaikuDraco has 15 seconds left.
|
|t:|1756880583
|switch|p1a: Dragonite|Dragonite, L50, F|100/100
|move|p1b: Archaludon|Electro Shot|p2b: Tyranitar|[from] lockedmove
|-damage|p2b: Tyranitar|76/100
|move|p2a: Indeedee|Expanding Force|p1a: Dragonite|[spread] p1a,p1b
|-resisted|p1b: Archaludon
|-damage|p1a: Dragonite|72/100
|-damage|p1b: Archaludon|70/100
|-ability|p1b: Archaludon|Stamina|boost
|-boost|p1b: Archaludon|def|1
|move|p2b: Tyranitar|Rock Slide|p1b: Archaludon|[spread] p1a
|-miss|p2b: Tyranitar|p1b: Archaludon
|-supereffective|p1a: Dragonite
|-damage|p1a: Dragonite|17/100
|
|-weather|Sandstorm|[upkeep]
|-damage|p1a: Dragonite|11/100|[from] Sandstorm
|-damage|p2a: Indeedee|89/100|[from] Sandstorm
|upkeep
|turn|3
|inactive|RaikuDraco has 30 seconds left.
|inactive|RaikuDraco has 20 seconds left.
|inactive|RaikuDraco has 15 seconds left.
|
|t:|1756880624
|switch|p1a: Pelipper|Pelipper, L50, M|95/100
|-weather|RainDance|[from] ability: Drizzle|[of] p1a: Pelipper
|move|p1b: Archaludon|Electro Shot||[still]
|-prepare|p1b: Archaludon|Electro Shot
|-boost|p1b: Archaludon|spa|1
|-anim|p1b: Archaludon|Electro Shot|p2a: Indeedee
|-damage|p2a: Indeedee|25/100
|move|p2a: Indeedee|Expanding Force|p1b: Archaludon|[spread] p1a,p1b
|-resisted|p1b: Archaludon
|-damage|p1a: Pelipper|0 fnt
|-damage|p1b: Archaludon|40/100
|-ability|p1b: Archaludon|Stamina|boost
|-boost|p1b: Archaludon|def|1
|faint|p1a: Pelipper
|move|p2b: Tyranitar|Rock Slide|p1b: Archaludon
|-resisted|p1b: Archaludon
|-damage|p1b: Archaludon|34/100
|-ability|p1b: Archaludon|Stamina|boost
|-boost|p1b: Archaludon|def|1
|
|-weather|RainDance|[upkeep]
|upkeep
|
|t:|1756880642
|switch|p1a: Sinistcha|Sinistcha-Masterpiece, L50|100/100
|-heal|p1b: Archaludon|59/100|[from] ability: Hospitality|[of] p1a: Sinistcha
|turn|4
|
|t:|1756880664
|switch|p2b: Gholdengo|Gholdengo, L50|100/100
|move|p1b: Archaludon|Electro Shot||[still]
|-prepare|p1b: Archaludon|Electro Shot
|-boost|p1b: Archaludon|spa|1
|-anim|p1b: Archaludon|Electro Shot|p2a: Indeedee
|-crit|p2a: Indeedee
|-damage|p2a: Indeedee|0 fnt
|faint|p2a: Indeedee
|move|p1a: Sinistcha|Matcha Gotcha|p2b: Gholdengo
|-resisted|p2b: Gholdengo
|-damage|p2b: Gholdengo|83/100
|
|-weather|RainDance|[upkeep]
|-heal|p2b: Gholdengo|89/100|[from] item: Leftovers
|-sideend|p1: RaikuDraco|move: Tailwind
|upkeep
|
|t:|1756880678
|switch|p2a: Tyranitar|Tyranitar, L50, M, shiny|76/100
|-weather|Sandstorm|[from] ability: Sand Stream|[of] p2a: Tyranitar
|turn|5
|inactive|RaikuDraco has 30 seconds left.
|inactive|RaikuDraco has 20 seconds left.
|
|t:|1756880717
|-terastallize|p1a: Sinistcha|Dark
|move|p1b: Archaludon|Electro Shot||[still]
|-prepare|p1b: Archaludon|Electro Shot
|-boost|p1b: Archaludon|spa|1
|move|p2a: Tyranitar|Low Kick|p1b: Archaludon
|-supereffective|p1b: Archaludon
|-damage|p1b: Archaludon|47/100
|-ability|p1b: Archaludon|Stamina|boost
|-boost|p1b: Archaludon|def|1
|move|p2b: Gholdengo|Shadow Ball|p1a: Sinistcha
|-resisted|p1a: Sinistcha
|-damage|p1a: Sinistcha|78/100
|move|p1a: Sinistcha|Life Dew|p1a: Sinistcha|[spread] p1a,p1b
|-heal|p1a: Sinistcha|100/100
|-heal|p1b: Archaludon|72/100
|
|-weather|Sandstorm|[upkeep]
|-damage|p1a: Sinistcha|94/100|[from] Sandstorm
|-heal|p2b: Gholdengo|95/100|[from] item: Leftovers
|-fieldend|move: Psychic Terrain
|upkeep
|turn|6
|inactive|RaikuDraco has 30 seconds left.
|
|t:|1756880752
|move|p2b: Gholdengo|Protect|p2b: Gholdengo
|-singleturn|p2b: Gholdengo|Protect
|move|p1a: Sinistcha|Rage Powder|p1a: Sinistcha
|-singleturn|p1a: Sinistcha|move: Rage Powder
|move|p1b: Archaludon|Electro Shot|p2b: Gholdengo|[from] lockedmove
|-activate|p2b: Gholdengo|move: Protect
|move|p2a: Tyranitar|Low Kick|p1a: Sinistcha
|-supereffective|p1a: Sinistcha
|-damage|p1a: Sinistcha|83/100
|
|-weather|Sandstorm|[upkeep]
|-damage|p1a: Sinistcha|77/100|[from] Sandstorm
|-heal|p2b: Gholdengo|100/100|[from] item: Leftovers
|upkeep
|turn|7
|inactive|RaikuDraco has 30 seconds left.
|inactive|RaikuDraco has 20 seconds left.
|
|t:|1756880787
|move|p1b: Archaludon|Electro Shot||[still]
|-prepare|p1b: Archaludon|Electro Shot
|-boost|p1b: Archaludon|spa|1
|move|p2a: Tyranitar|Rock Slide|p1a: Sinistcha|[spread] p1b
|-miss|p2a: Tyranitar|p1a: Sinistcha
|-resisted|p1b: Archaludon
|-damage|p1b: Archaludon|69/100
|-ability|p1b: Archaludon|Stamina|boost
|-boost|p1b: Archaludon|def|1
|move|p2b: Gholdengo|Nasty Plot|p2b: Gholdengo
|-boost|p2b: Gholdengo|spa|2
|move|p1a: Sinistcha|Matcha Gotcha|p2a: Tyranitar|[spread] p2a,p2b
|-supereffective|p2a: Tyranitar
|-resisted|p2b: Gholdengo
|-damage|p2a: Tyranitar|58/100
|-heal|p1a: Sinistcha|86/100|[from] drain|[of] p2a: Tyranitar
|-damage|p2b: Gholdengo|89/100
|-heal|p1a: Sinistcha|92/100|[from] drain|[of] p2b: Gholdengo
|
|-weather|Sandstorm|[upkeep]
|-damage|p1a: Sinistcha|85/100|[from] Sandstorm
|-heal|p2b: Gholdengo|95/100|[from] item: Leftovers
|upkeep
|turn|8
|inactive|RaikuDraco has 30 seconds left.
|inactive|medwar has 30 seconds left.
|inactive|RaikuDraco has 20 seconds left.
|
|t:|1756880823
|move|p2b: Gholdengo|Protect|p2b: Gholdengo
|-singleturn|p2b: Gholdengo|Protect
|move|p1b: Archaludon|Electro Shot|p2a: Tyranitar|[from] lockedmove
|-damage|p2a: Tyranitar|10/100
|move|p2a: Tyranitar|Knock Off|p1a: Sinistcha
|-resisted|p1a: Sinistcha
|-damage|p1a: Sinistcha|67/100
|-enditem|p1a: Sinistcha|Sitrus Berry|[from] move: Knock Off|[of] p2a: Tyranitar
|move|p1a: Sinistcha|Life Dew|p1a: Sinistcha|[spread] p1a,p1b
|-heal|p1a: Sinistcha|92/100
|-heal|p1b: Archaludon|94/100
|
|-weather|Sandstorm|[upkeep]
|-damage|p1a: Sinistcha|86/100|[from] Sandstorm
|-heal|p2b: Gholdengo|100/100|[from] item: Leftovers
|upkeep
|turn|9
|inactive|RaikuDraco has 30 seconds left.
|
|t:|1756880855
|switch|p2a: Sneasler|Sneasler, L50, M, shiny|100/100
|move|p1b: Archaludon|Electro Shot||[still]
|-prepare|p1b: Archaludon|Electro Shot
|-boost|p1b: Archaludon|spa|1
|move|p2b: Gholdengo|Nasty Plot|p2b: Gholdengo
|-boost|p2b: Gholdengo|spa|2
|move|p1a: Sinistcha|Matcha Gotcha|p2a: Sneasler|[spread] p2a,p2b
|-resisted|p2a: Sneasler
|-resisted|p2b: Gholdengo
|-damage|p2a: Sneasler|84/100
|-heal|p1a: Sinistcha|93/100|[from] drain|[of] p2a: Sneasler
|-damage|p2b: Gholdengo|87/100
|-heal|p1a: Sinistcha|99/100|[from] drain|[of] p2b: Gholdengo
|-status|p2b: Gholdengo|brn
|
|-weather|none
|-heal|p2b: Gholdengo|93/100 brn|[from] item: Leftovers
|-damage|p2b: Gholdengo|87/100 brn|[from] brn
|upkeep
|turn|10
|inactive|RaikuDraco has 30 seconds left.
|inactive|RaikuDraco has 20 seconds left.
|inactive|RaikuDraco has 15 seconds left.
|
|t:|1756880895
|switch|p1a: Dragonite|Dragonite, L50, F|11/100
|move|p2a: Sneasler|Protect|p2a: Sneasler
|-singleturn|p2a: Sneasler|Protect
|move|p2b: Gholdengo|Protect|p2b: Gholdengo
|-singleturn|p2b: Gholdengo|Protect
|move|p1b: Archaludon|Electro Shot|p2a: Sneasler|[from] lockedmove
|-activate|p2a: Sneasler|move: Protect
|
|-heal|p2b: Gholdengo|93/100 brn|[from] item: Leftovers
|-damage|p2b: Gholdengo|87/100 brn|[from] brn
|upkeep
|turn|11
|inactive|medwar has 30 seconds left.
|
|t:|1756880922
|move|p2a: Sneasler|Close Combat|p1a: Dragonite
|-resisted|p1a: Dragonite
|-damage|p1a: Dragonite|0 fnt
|-unboost|p2a: Sneasler|def|1
|-unboost|p2a: Sneasler|spd|1
|faint|p1a: Dragonite
|move|p1b: Archaludon|Electro Shot||[still]
|-prepare|p1b: Archaludon|Electro Shot
|-boost|p1b: Archaludon|spa|0
|move|p2b: Gholdengo|Shadow Ball|p1b: Archaludon
|-damage|p1b: Archaludon|0 fnt
|faint|p1b: Archaludon
|
|-heal|p2b: Gholdengo|93/100 brn|[from] item: Leftovers
|-damage|p2b: Gholdengo|87/100 brn|[from] brn
|upkeep
|inactive|RaikuDraco has 30 seconds left.
|
|t:|1756880936
|switch|p1a: Sinistcha|Sinistcha-Masterpiece, L50, tera:Dark|99/100
|turn|12
|inactive|RaikuDraco has 25 seconds left this turn.
|inactive|RaikuDraco has 20 seconds left.
|
|t:|1756880943
|move|p2a: Sneasler|Close Combat|p1a: Sinistcha
|-supereffective|p1a: Sinistcha
|-damage|p1a: Sinistcha|0 fnt
|-unboost|p2a: Sneasler|def|1
|-unboost|p2a: Sneasler|spd|1
|faint|p1a: Sinistcha
|
|win|medwar
||RaikuDraco is ready for game 2.
||medwar is ready for game 2.
|uhtml|next|Next: Game 2 of 3
|l|☆medwar
|player|p2|
