|j|☆Moon7777
|j|☆IngeVGC
|html|Moon7777IngeVGC    
|uhtml|bestof|Game 2 of a best-of-3
|t:|1755902613
|gametype|doubles
|player|p1|Moon7777|266|1351
|player|p2|IngeVGC|fisherman-gen4|1317
|gen|9
|tier|[Gen 9] VGC 2025 Reg H (Bo3)
|rated|
|rule|Species Clause: Limit one of each Pokémon
|rule|Item Clause: Limit 1 of each item
|clearpoke
|poke|p1|Excadrill, L50, F|
|poke|p1|Indeedee, L50, M|
|poke|p1|Sneasler, L50, F|
|poke|p1|Tyranitar, L50, M|
|poke|p1|Maushold, L50|
|poke|p1|Annihilape, L50, M|
|poke|p2|Kingambit, L50, F|
|poke|p2|Rillaboom, L50, M|
|poke|p2|Electabuzz, L50, M|
|poke|p2|Volcarona, L50, F|
|poke|p2|Sneasler, L50, F|
|poke|p2|Dragonite, L50, F|
|teampreview|4
|showteam|p1|Excadrill||FocusSash|SandRush|Earthquake,HighHorsepower,IronHead,Protect|||F|||50|,,,,,Ground]Indeedee||ChoiceScarf|PsychicSurge|ExpandingForce,Trick,DazzlingGleam,TeraBlast|||M|||50|,,,,,Psychic]Sneasler||PsychicSeed|Unburden|CloseCombat,DireClaw,ThroatChop,Protect|||F|||50|,,,,,Dark]Tyranitar||AssaultVest|SandStream|KnockOff,LowKick,TeraBlast,RockSlide|||M|||50|,,,,,Flying]Maushold||SafetyGoggles|FriendGuard|Taunt,FollowMe,BeatUp,Protect||||||50|,,,,,Ghost]Annihilape||SitrusBerry|Defiant|BulkUp,DrainPunch,Protect,RageFist|||M|||50|,,,,,Dragon
|showteam|p2|Kingambit||BlackGlasses|Defiant|Protect,KowtowCleave,SuckerPunch,SwordsDance|||F|||50|,,,,,Dark]Rillaboom||AssaultVest|GrassySurge|WoodHammer,GrassyGlide,HighHorsepower,FakeOut|||M|||50|,,,,,Fire]Electabuzz||Eviolite|VitalSpirit|Protect,Thunderbolt,HelpingHand,FollowMe|||M|||50|,,,,,Ghost]Volcarona||CovertCloak|FlameBody|Protect,HeatWave,TeraBlast,QuiverDance|||F|||50|,,,,,Fairy]Sneasler||FocusSash|Unburden|CloseCombat,DireClaw,Coaching,FakeOut|||F|||50|,,,,,Stellar]Dragonite||LoadedDice|Multiscale|ScaleShot,Haze,ExtremeSpeed,Protect|||F|||50|,,,,,Fairy
|
|t:|1755902635
|teamsize|p1|4
|teamsize|p2|4
|start
|switch|p1a: Excadrill|Excadrill, L50, F|100/100
|switch|p1b: Tyranitar|Tyranitar, L50, M|100/100
|switch|p2a: Vanessa|Sneasler, L50, F|100/100
|switch|p2b: Cassie|Dragonite, L50, F|100/100
|-weather|Sandstorm|[from] ability: Sand Stream|[of] p1b: Tyranitar
|turn|1
|
|t:|1755902646
|switch|p1b: Indeedee|Indeedee, L50, M|100/100
|-fieldstart|move: Psychic Terrain|[from] ability: Psychic Surge|[of] p1b: Indeedee
|move|p2b: Cassie|Extreme Speed|p1a: Excadrill
|-activate|p1a: Excadrill|move: Psychic Terrain
|move|p1a: Excadrill|High Horsepower|p2a: Vanessa
|-supereffective|p2a: Vanessa
|-enditem|p2a: Vanessa|Focus Sash
|-damage|p2a: Vanessa|1/100
|move|p2a: Vanessa|Close Combat|p1a: Excadrill
|-supereffective|p1a: Excadrill
|-enditem|p1a: Excadrill|Focus Sash
|-damage|p1a: Excadrill|1/100
|-unboost|p2a: Vanessa|def|1
|-unboost|p2a: Vanessa|spd|1
|
|-weather|Sandstorm|[upkeep]
|-damage|p2a: Vanessa|0 fnt|[from] Sandstorm
|-damage|p1b: Indeedee|95/100|[from] Sandstorm
|-damage|p2b: Cassie|95/100|[from] Sandstorm
|faint|p2a: Vanessa
|upkeep
|
|t:|1755902650
|switch|p2a: Kerchak|Rillaboom, L50, M|100/100
|-fieldstart|move: Grassy Terrain|[from] ability: Grassy Surge|[of] p2a: Kerchak
|turn|2
|
|t:|1755902680
|switch|p1b: Sneasler|Sneasler, L50, F|100/100
|switch|p2a: Nobunaga|Kingambit, L50, F, shiny|100/100
|move|p1a: Excadrill|Protect|p1a: Excadrill
|-singleturn|p1a: Excadrill|Protect
|move|p2b: Cassie|Scale Shot|p1b: Sneasler
|-damage|p1b: Sneasler|78/100
|-damage|p1b: Sneasler|51/100
|-damage|p1b: Sneasler|25/100
|-damage|p1b: Sneasler|2/100
|-hitcount|p1b: Sneasler|4
|-unboost|p2b: Cassie|def|1
|-boost|p2b: Cassie|spe|1
|
|-weather|Sandstorm|[upkeep]
|-damage|p2b: Cassie|89/100|[from] Sandstorm
|-damage|p1b: Sneasler|0 fnt|[from] Sandstorm
|faint|p1b: Sneasler
|-heal|p1a: Excadrill|7/100|[from] Grassy Terrain
|upkeep
|
|t:|1755902687
|switch|p1b: Indeedee|Indeedee, L50, M|95/100
|-fieldstart|move: Psychic Terrain|[from] ability: Psychic Surge|[of] p1b: Indeedee
|turn|3
|
|t:|1755902697
|switch|p1a: Tyranitar|Tyranitar, L50, M|100/100
|switch|p2a: Kerchak|Rillaboom, L50, M|100/100
|-fieldstart|move: Grassy Terrain|[from] ability: Grassy Surge|[of] p2a: Kerchak
|move|p2b: Cassie|Extreme Speed|p1a: Tyranitar
|-resisted|p1a: Tyranitar
|-damage|p1a: Tyranitar|89/100
|move|p1b: Indeedee|Dazzling Gleam|p2b: Cassie|[spread] p2a,p2b
|-supereffective|p2b: Cassie
|-damage|p2a: Kerchak|85/100
|-damage|p2b: Cassie|47/100
|
|-weather|Sandstorm|[upkeep]
|-damage|p1b: Indeedee|89/100|[from] Sandstorm
|-damage|p2b: Cassie|41/100|[from] Sandstorm
|-damage|p2a: Kerchak|79/100|[from] Sandstorm
|-heal|p1b: Indeedee|95/100|[from] Grassy Terrain
|-heal|p2a: Kerchak|85/100|[from] Grassy Terrain
|-heal|p1a: Tyranitar|95/100|[from] Grassy Terrain
|upkeep
|turn|4
|
|t:|1755902726
|-terastallize|p1a: Tyranitar|Flying
|move|p2a: Kerchak|Fake Out|p1b: Indeedee
|-damage|p1b: Indeedee|65/100
|cant|p1b: Indeedee|flinch
|move|p2b: Cassie|Scale Shot|p1a: Tyranitar|[miss]
|-miss|p2b: Cassie|p1a: Tyranitar
|move|p1a: Tyranitar|Tera Blast|p2b: Cassie|[anim] Tera Blast Flying
|-damage|p2b: Cassie|0 fnt
|faint|p2b: Cassie
|
|-weather|Sandstorm|[upkeep]
|-damage|p1b: Indeedee|59/100|[from] Sandstorm
|-damage|p2a: Kerchak|79/100|[from] Sandstorm
|-damage|p1a: Tyranitar|89/100|[from] Sandstorm
|-heal|p1b: Indeedee|65/100|[from] Grassy Terrain
|-heal|p2a: Kerchak|85/100|[from] Grassy Terrain
|upkeep
|
|t:|1755902735
|switch|p2b: Nobunaga|Kingambit, L50, F, shiny|100/100
|turn|5
|
|t:|1755902750
|switch|p1b: Excadrill|Excadrill, L50, F|7/100
|-terastallize|p2b: Nobunaga|Dark
|move|p2a: Kerchak|High Horsepower|p1b: Excadrill
|-supereffective|p1b: Excadrill
|-damage|p1b: Excadrill|0 fnt
|faint|p1b: Excadrill
|move|p2b: Nobunaga|Swords Dance|p2b: Nobunaga
|-boost|p2b: Nobunaga|atk|2
|move|p1a: Tyranitar|Tera Blast|p2a: Kerchak|[anim] Tera Blast Flying
|-supereffective|p2a: Kerchak
|-damage|p2a: Kerchak|12/100
|
|-weather|none
|-heal|p2a: Kerchak|17/100|[from] Grassy Terrain
|upkeep
|
|t:|1755902766
|switch|p1b: Indeedee|Indeedee, L50, M|65/100
|-fieldstart|move: Psychic Terrain|[from] ability: Psychic Surge|[of] p1b: Indeedee
|turn|6
|
|t:|1755902791
|move|p1b: Indeedee|Tera Blast|p2a: Kerchak
|-crit|p2a: Kerchak
|-damage|p2a: Kerchak|0 fnt
|faint|p2a: Kerchak
|move|p2b: Nobunaga|Kowtow Cleave|p1a: Tyranitar
|-damage|p1a: Tyranitar|0 fnt
|faint|p1a: Tyranitar
|
|upkeep
|turn|7
|
|t:|1755902800
|move|p1b: Indeedee|Tera Blast|p2b: Nobunaga
|-damage|p2b: Nobunaga|64/100
|move|p2b: Nobunaga|Kowtow Cleave|p1b: Indeedee
|-supereffective|p1b: Indeedee
|-damage|p1b: Indeedee|0 fnt
|faint|p1b: Indeedee
|
|win|IngeVGC
|raw|Moon7777's rating: 1351 → 1329(-22 for losing)
|raw|IngeVGC's rating: 1317 → 1339(+22 for winning)
|l|☆Moon7777
|player|p1|
