|j|☆chimbuotza
|j|☆x-demon18
|html|chimbuotzax-demon18    
|uhtml|bestof|Game 2 of a best-of-3
|t:|1784127083
|gametype|doubles
|player|p1|chimbuotza|170|1266
|player|p2|x-demon18|lucas|1232
|gen|9
|tier|[Gen 9 Champions] VGC 2026 Reg M-B (Bo3)
|rated|
|rule|Species Clause: Limit one of each Pokémon
|rule|Item Clause: Limit 1 of each item
|clearpoke
|poke|p1|Blaziken, L50, M, shiny|
|poke|p1|Venusaur, L50, F|
|poke|p1|Kingambit, L50, M, shiny|
|poke|p1|Basculegion, L50, M, shiny|
|poke|p1|Ninetales-Alola, L50, F, shiny|
|poke|p1|Lycanroc-Dusk, L50, F|
|poke|p2|Incineroar, L50, F|
|poke|p2|Rotom-Wash, L50|
|poke|p2|Venusaur, L50, F|
|poke|p2|Garchomp, L50, M|
|poke|p2|Corviknight, L50, F|
|poke|p2|Sylveon, L50, F|
|teampreview|4
|showteam|p1|Blaziken||Blazikenite|SpeedBoost|CloseCombat,StoneEdge,FlareBlitz,Detect|Adamant||M|||50|]Venusaur||Venusaurite|Overgrow|SludgeBomb,Protect,EarthPower,GigaDrain|Modest||F|||50|]Kingambit||LifeOrb|Defiant|KowtowCleave,SuckerPunch,Protect,IronHead|Adamant||M|||50|]Basculegion||ChoiceScarf|Adaptability|WaveCrash,LastRespects,AquaJet,FlipTurn|Jolly||M|||50|]Ninetales-Alola||NeverMeltIce|SnowWarning|Blizzard,FreezeDry,Encore,Protect|Timid||F|||50|]Lycanroc-Dusk||FocusSash|ToughClaws|Accelerock,RockSlide,CloseCombat,Protect|Adamant||F|||50|
|showteam|p2|Incineroar||ExpertBelt|Intimidate|FakeOut,TemperFlare,ThroatChop,PartingShot|Adamant||F|||50|]Rotom-Wash||SitrusBerry|Levitate|HydroPump,Electroweb,WillOWisp,VoltSwitch|Calm|||||50|]Venusaur||Venusaurite|Chlorophyll|GigaDrain,SludgeBomb,EarthPower,Protect|Modest||F|||50|]Garchomp||LifeOrb|RoughSkin|RockSlide,DragonClaw,StompingTantrum,Protect|Jolly||M|||50|]Corviknight||OccaBerry|MirrorArmor|Tailwind,BraveBird,IronHead,BodyPress|Careful||F|||50|]Sylveon||FairyFeather|Pixilate|HyperVoice,QuickAttack,Yawn,Detect|Modest||F|||50|
|inactive|Battle timer is ON: inactive players will automatically lose when time's up. (requested by chimbuotza)
|inactive|chimbuotza has 60 seconds left.
|inactive|x-demon18 has 60 seconds left.
|
|t:|1784127120
|teamsize|p1|4
|teamsize|p2|4
|start
|switch|p1a: my way|Blaziken, L50, M, shiny|100/100
|switch|p1b: The Cure|Ninetales-Alola, L50, F, shiny|100/100
|switch|p2a: Griffith|Corviknight, L50, F|100/100
|switch|p2b: Wolverine|Incineroar, L50, F|100/100
|-weather|Snowscape|[from] ability: Snow Warning|[of] p1b: The Cure
|-ability|p2b: Wolverine|Intimidate|boost
|-unboost|p1a: my way|atk|1
|-unboost|p1b: The Cure|atk|1
|turn|1
|inactive|x-demon18 has 30 seconds left.
|
|t:|1784127148
|detailschange|p1a: my way|Blaziken-Mega, L50, M, shiny
|-mega|p1a: my way|Blaziken|Blazikenite
|move|p1b: The Cure|Blizzard|p2b: Wolverine|[spread] p2a,p2b
|-resisted|p2b: Wolverine|1
|-damage|p2a: Griffith|71/100
|-damage|p2b: Wolverine|84/100
|move|p1a: my way|Close Combat|p2b: Wolverine
|-supereffective|p2b: Wolverine|1
|-damage|p2b: Wolverine|0 fnt
|-unboost|p1a: my way|def|1
|-unboost|p1a: my way|spd|1
|faint|p2b: Wolverine
|move|p2a: Griffith|Tailwind|p2a: Griffith
|-sidestart|p2: x-demon18|move: Tailwind
|
|-weather|Snowscape|[upkeep]
|-ability|p1a: my way|Speed Boost|boost
|-boost|p1a: my way|spe|1
|upkeep
|inactive|x-demon18 has 30 seconds left.
|
|t:|1784127174
|switch|p2b: Berserk|Garchomp, L50, M|100/100
|turn|2
|
|t:|1784127182
|switch|p1b: less|Basculegion, L50, M, shiny|100/100
|move|p1a: my way|Detect|p1a: my way
|-singleturn|p1a: my way|Protect
|move|p2b: Berserk|Stomping Tantrum|p1a: my way
|-activate|p1a: my way|move: Protect
|move|p2a: Griffith|Iron Head|p1b: less
|-resisted|p1b: less|1
|-damage|p1b: less|80/100
|
|-weather|Snowscape|[upkeep]
|-ability|p1a: my way|Speed Boost|boost
|-boost|p1a: my way|spe|1
|upkeep
|turn|3
|
|t:|1784127205
|switch|p1a: The Cure|Ninetales-Alola, L50, F, shiny|100/100
|move|p2b: Berserk|Dragon Claw|p1b: less
|-damage|p1b: less|15/100
|-damage|p2b: Berserk|90/100|[from] item: Life Orb
|move|p1b: less|Flip Turn|p2a: Griffith
|-damage|p2a: Griffith|41/100
|
|t:|1784127214
|switch|p1b: my way|Blaziken-Mega, L50, M, shiny|100/100|[from] Flip Turn
|move|p2a: Griffith|Brave Bird|p1a: The Cure
|-damage|p1a: The Cure|57/100
|-damage|p2a: Griffith|29/100|[from] Recoil
|
|-weather|Snowscape|[upkeep]
|upkeep
|turn|4
|
|t:|1784127230
|move|p1a: The Cure|Protect|p1a: The Cure
|-singleturn|p1a: The Cure|Protect
|move|p1b: my way|Detect|p1b: my way
|-singleturn|p1b: my way|Protect
|move|p2b: Berserk|Stomping Tantrum|p1b: my way
|-activate|p1b: my way|move: Protect
|move|p2a: Griffith|Iron Head|p1a: The Cure
|-activate|p1a: The Cure|move: Protect
|
|-weather|Snowscape|[upkeep]
|-sideend|p2: x-demon18|move: Tailwind
|-ability|p1b: my way|Speed Boost|boost
|-boost|p1b: my way|spe|1
|upkeep
|turn|5
|
|t:|1784127251
|move|p1b: my way|Flare Blitz|p2a: Griffith
|-supereffective|p2a: Griffith|1
|-enditem|p2a: Griffith|Occa Berry|[eat]
|-enditem|p2a: Griffith|Occa Berry|[weaken]
|-damage|p2a: Griffith|0 fnt
|faint|p2a: Griffith
|-damage|p1b: my way|88/100|[from] Recoil
|move|p1a: The Cure|Blizzard|p2b: Berserk
|-supereffective|p2b: Berserk|2
|-damage|p2b: Berserk|0 fnt
|faint|p2b: Berserk
|
|-weather|none
|-ability|p1b: my way|Speed Boost|boost
|-boost|p1b: my way|spe|1
|upkeep
|
|t:|1784127266
|switch|p2b: Yggdrasil|Venusaur, L50, F|100/100
|turn|6
|
|t:|1784127271
|detailschange|p2b: Yggdrasil|Venusaur-Mega, L50, F
|-mega|p2b: Yggdrasil|Venusaur|Venusaurite
|move|p1b: my way|Flare Blitz|p2b: Yggdrasil
|-supereffective|p2b: Yggdrasil|1
|-damage|p2b: Yggdrasil|34/100
|-damage|p1b: my way|62/100|[from] Recoil
|move|p1a: The Cure|Freeze-Dry|p2b: Yggdrasil
|-supereffective|p2b: Yggdrasil|1
|-damage|p2b: Yggdrasil|8/100
|move|p2b: Yggdrasil|Sludge Bomb|p1a: The Cure
|-supereffective|p1a: The Cure|1
|-crit|p1a: The Cure
|-damage|p1a: The Cure|0 fnt
|faint|p1a: The Cure
|
|-ability|p1b: my way|Speed Boost|boost
|-boost|p1b: my way|spe|1
|upkeep
|
|t:|1784127276
|switch|p1a: Lycanroc|Lycanroc-Dusk, L50, F|100/100
|turn|7
|
|t:|1784127290
|move|p1a: Lycanroc|Accelerock|p2b: Yggdrasil
|-damage|p2b: Yggdrasil|0 fnt
|faint|p2b: Yggdrasil
|
|win|chimbuotza
||chimbuotza is ready for game 3.
