|j|☆eriksp
|j|☆bman3111
|html|erikspbman3111    
|uhtml|bestof|Game 3 of a best-of-3
|t:|1783135946
|gametype|doubles
|player|p1|eriksp|cynthia-masters4|
|player|p2|bman3111|elesa-masters|
|gen|9
|tier|[Gen 9 Champions] VGC 2026 Reg M-B (Bo3)
|rule|Species Clause: Limit one of each Pokémon
|rule|Item Clause: Limit 1 of each item
|clearpoke
|poke|p1|Floette-Eternal, L50, F|
|poke|p1|Charizard, L50, F|
|poke|p1|Whimsicott, L50, F|
|poke|p1|Garchomp, L50, F|
|poke|p1|Basculegion, L50, M|
|poke|p1|Kingambit, L50, M|
|poke|p2|Incineroar, L50, F|
|poke|p2|Politoed, L50, F|
|poke|p2|Sinistcha, L50|
|poke|p2|Archaludon, L50, M|
|poke|p2|Sableye, L50, M|
|poke|p2|Gengar, L50, F|
|teampreview|4
|showteam|p1|Floette-Eternal||Floettite|FlowerVeil|Moonblast,DazzlingGleam,LightofRuin,Protect|Modest||F|||50|]Charizard||CharizarditeY|Blaze|HeatWave,WeatherBall,SolarBeam,Protect|Timid||F|||50|]Whimsicott||FocusSash|Prankster|Moonblast,Tailwind,Encore,Protect|Timid||F|||50|]Garchomp||LifeOrb|RoughSkin|DragonClaw,Earthquake,Protect,RockSlide|Jolly||F|||50|]Basculegion||MysticWater|Adaptability|WaveCrash,LastRespects,AquaJet,Protect|Adamant||M|||50|]Kingambit||ChopleBerry|Defiant|KowtowCleave,IronHead,SuckerPunch,LowKick|Adamant||M|||50|
|showteam|p2|Incineroar||ShucaBerry|Intimidate|FakeOut,ThroatChop,PartingShot,Protect|Careful||F|||50|]Politoed||SitrusBerry|Drizzle|MuddyWater,WeatherBall,IcyWind,Protect|Bold||F|||50|]Sinistcha||KasibBerry|Hospitality|MatchaGotcha,RagePowder,LifeDew,Protect|Calm|||||50|]Archaludon||Leftovers|Stamina|ElectroShot,DragonPulse,FlashCannon,Protect|Calm||M|||50|]Sableye||LightClay|Prankster|Reflect,LightScreen,RainDance,Encore|Calm||M|||50|]Gengar||Gengarite|CursedBody|ShadowBall,PerishSong,Disable,Protect|Timid||F|||50|
|inactive|Battle timer is ON: inactive players will automatically lose when time's up. (requested by bman3111)
|c|☆bman3111|u can c my messages now right?
|c|☆eriksp|yea
|c|☆bman3111|can u c my messages from b4?
|c|☆eriksp|i had a line into this i just forgot
|c|☆eriksp|yes
|c|☆bman3111|o ok
|inactive|eriksp has 60 seconds left.
|inactive|bman3111 has 60 seconds left.
|inactive|eriksp has 30 seconds left.
|inactive|eriksp has 20 seconds left.
|inactive|eriksp has 15 seconds left.
|
|t:|1783136026
|teamsize|p1|4
|teamsize|p2|4
|start
|switch|p1a: Garchomp|Garchomp, L50, F|100/100
|switch|p1b: Basculegion|Basculegion, L50, M|100/100
|switch|p2a: Gengar|Gengar, L50, F|100/100
|switch|p2b: Sableye|Sableye, L50, M|100/100
|turn|1
|c|☆bman3111|im gonna try smth ur probably not gonna c
|inactive|eriksp has 30 seconds left.
|
|t:|1783136052
|switch|p1b: Charizard|Charizard, L50, F|100/100
|switch|p2b: Incineroar|Incineroar, L50, F|100/100
|-ability|p2b: Incineroar|Intimidate|boost
|-unboost|p1a: Garchomp|atk|1
|-unboost|p1b: Charizard|atk|1
|detailschange|p2a: Gengar|Gengar-Mega, L50, F
|-mega|p2a: Gengar|Gengar|Gengarite
|move|p2a: Gengar|Protect|p2a: Gengar
|-singleturn|p2a: Gengar|Protect
|move|p1a: Garchomp|Earthquake|p2b: Incineroar|[spread] p2b
|-activate|p2a: Gengar|move: Protect
|-immune|p1b: Charizard
|-supereffective|p2b: Incineroar|1
|-enditem|p2b: Incineroar|Shuca Berry|[eat]
|-enditem|p2b: Incineroar|Shuca Berry|[weaken]
|-damage|p2b: Incineroar|72/100
|-damage|p1a: Garchomp|90/100|[from] item: Life Orb
|
|upkeep
|turn|2
|
|t:|1783136075
|detailschange|p1b: Charizard|Charizard-Mega-Y, L50, F
|-mega|p1b: Charizard|Charizard|Charizardite Y
|-weather|SunnyDay|[from] ability: Drought|[of] p1b: Charizard
|move|p2b: Incineroar|Fake Out|p1b: Charizard
|-damage|p1b: Charizard|89/100
|move|p2a: Gengar|Perish Song|p2a: Gengar
|-start|p1a: Garchomp|perish3|[silent]
|-start|p1b: Charizard|perish3|[silent]
|-start|p2a: Gengar|perish3|[silent]
|-start|p2b: Incineroar|perish3|[silent]
|-fieldactivate|move: Perish Song
|move|p1a: Garchomp|Earthquake|p2a: Gengar|[spread] p2a,p2b
|-immune|p1b: Charizard
|-supereffective|p2a: Gengar|1
|-supereffective|p2b: Incineroar|1
|-damage|p2a: Gengar|25/100
|-damage|p2b: Incineroar|13/100
|-damage|p1a: Garchomp|80/100|[from] item: Life Orb
|cant|p1b: Charizard|flinch
|
|-weather|SunnyDay|[upkeep]
|-start|p2a: Gengar|perish3
|-start|p1a: Garchomp|perish3
|-start|p1b: Charizard|perish3
|-start|p2b: Incineroar|perish3
|upkeep
|turn|3
|c|☆bman3111|wow that did way too much
|c|☆bman3111|fuck i forgot lorb exists
|inactive|bman3111 has 30 seconds left.
|inactive|bman3111 has 20 seconds left.
|
|t:|1783136122
|switch|p2a: Sableye|Sableye, L50, M|100/100
|move|p2b: Incineroar|Protect|p2b: Incineroar
|-singleturn|p2b: Incineroar|Protect
|move|p1a: Garchomp|Earthquake|p2a: Sableye|[spread] p2a
|-activate|p2b: Incineroar|move: Protect
|-immune|p1b: Charizard
|-damage|p2a: Sableye|54/100
|-damage|p1a: Garchomp|70/100|[from] item: Life Orb
|move|p1b: Charizard|Weather Ball|p2b: Incineroar
|-activate|p2b: Incineroar|move: Protect
|
|-weather|SunnyDay|[upkeep]
|-start|p1a: Garchomp|perish2
|-start|p1b: Charizard|perish2
|-start|p2b: Incineroar|perish2
|upkeep
|turn|4
|
|t:|1783136145
|switch|p1a: Kingambit|Kingambit, L50, M|100/100
|switch|p1b: Basculegion|Basculegion, L50, M|100/100
|move|p2a: Sableye|Reflect|p2a: Sableye
|-sidestart|p2: bman3111|Reflect
|move|p2b: Incineroar|Throat Chop|p1b: Basculegion
|-supereffective|p1b: Basculegion|1
|-damage|p1b: Basculegion|29/100
|-start|p1b: Basculegion|Throat Chop|[silent]
|
|-weather|SunnyDay|[upkeep]
|-start|p2b: Incineroar|perish1
|upkeep
|turn|5
|
|t:|1783136160
|move|p1b: Basculegion|Aqua Jet|p2b: Incineroar
|-supereffective|p2b: Incineroar|1
|-damage|p2b: Incineroar|0 fnt
|faint|p2b: Incineroar
|move|p2a: Sableye|Light Screen|p2a: Sableye
|-sidestart|p2: bman3111|move: Light Screen
|move|p1a: Kingambit|Kowtow Cleave|p2a: Sableye
|-damage|p2a: Sableye|8/100
|
|-weather|SunnyDay|[upkeep]
|-end|p1b: Basculegion|Throat Chop|[silent]
|upkeep
|
|t:|1783136179
|switch|p2b: Gengar|Gengar-Mega, L50, F|25/100
|turn|6
|
|t:|1783136188
|switch|p2a: Archaludon|Archaludon, L50, M|100/100
|move|p1b: Basculegion|Aqua Jet|p2a: Archaludon
|-resisted|p2a: Archaludon|1
|-damage|p2a: Archaludon|96/100
|-ability|p2a: Archaludon|Stamina|boost
|-boost|p2a: Archaludon|def|1
|move|p2b: Gengar|Disable|p1a: Kingambit
|-start|p1a: Kingambit|Disable|Kowtow Cleave
|cant|p1a: Kingambit|Disable|Kowtow Cleave
|
|-weather|none
|-heal|p2a: Archaludon|100/100|[from] item: Leftovers
|upkeep
|turn|7
|
|t:|1783136207
|move|p2b: Gengar|Protect|p2b: Gengar
|-singleturn|p2b: Gengar|Protect
|move|p1b: Basculegion|Wave Crash|p2b: Gengar
|-activate|p2b: Gengar|move: Protect
|move|p2a: Archaludon|Dragon Pulse|p1b: Basculegion
|-damage|p1b: Basculegion|0 fnt
|faint|p1b: Basculegion
|move|p1a: Kingambit|Low Kick|p2a: Archaludon
|-supereffective|p2a: Archaludon|1
|-damage|p2a: Archaludon|80/100
|-ability|p2a: Archaludon|Stamina|boost
|-boost|p2a: Archaludon|def|1
|
|-heal|p2a: Archaludon|86/100|[from] item: Leftovers
|upkeep
|
|t:|1783136224
|switch|p1b: Garchomp|Garchomp, L50, F|70/100
|turn|8
|c|☆bman3111|gg
|c|☆eriksp|wait i forgot about shadow tag
|c|☆eriksp|i might be dumb
|c|☆bman3111|it doesnt matter
|c|☆bman3111|i think
|c|☆eriksp|this was always zard
|c|☆eriksp|now i lose
|c|☆bman3111|o wait maybe
|inactive|eriksp has 30 seconds left.
|inactive|eriksp has 20 seconds left.
|
|t:|1783136261
|move|p2b: Gengar|Shadow Ball|p1b: Garchomp
|-damage|p1b: Garchomp|21/100
|move|p1b: Garchomp|Dragon Claw|p2a: Archaludon
|-damage|p2a: Archaludon|71/100
|-ability|p2a: Archaludon|Stamina|boost
|-boost|p2a: Archaludon|def|1
|-damage|p1b: Garchomp|11/100|[from] item: Life Orb
|move|p2a: Archaludon|Dragon Pulse|p1b: Garchomp
|-supereffective|p1b: Garchomp|1
|-damage|p1b: Garchomp|0 fnt
|faint|p1b: Garchomp
|move|p1a: Kingambit|Iron Head|p2b: Gengar
|-damage|p2b: Gengar|0 fnt
|faint|p2b: Gengar
|
|-heal|p2a: Archaludon|78/100|[from] item: Leftovers
|upkeep
|c|☆bman3111|i dont think ur seeing this line anyway
|c|☆bman3111|i think ur seeing exclusively g1
|
|t:|1783136282
|switch|p2b: Sableye|Sableye, L50, M|8/100
|switch|p1b: Charizard|Charizard-Mega-Y, L50, F|89/100
|-weather|SunnyDay|[from] ability: Drought|[of] p1b: Charizard
|turn|9
|c|☆bman3111|but yea ur right i win now
|
|t:|1783136295
|move|p2b: Sableye|Rain Dance|p2b: Sableye
|-weather|RainDance
|move|p1b: Charizard|Weather Ball|p2a: Archaludon
|-resisted|p2a: Archaludon|1
|-damage|p2a: Archaludon|60/100
|-ability|p2a: Archaludon|Stamina|boost
|-boost|p2a: Archaludon|def|1
|move|p2a: Archaludon|Electro Shot||[still]
|-prepare|p2a: Archaludon|Electro Shot
|-boost|p2a: Archaludon|spa|1
|-anim|p2a: Archaludon|Electro Shot|p1b: Charizard
|-supereffective|p1b: Charizard|1
|-damage|p1b: Charizard|0 fnt
|faint|p1b: Charizard
|move|p1a: Kingambit|Low Kick|p2a: Archaludon
|-supereffective|p2a: Archaludon|1
|-damage|p2a: Archaludon|50/100y
|-ability|p2a: Archaludon|Stamina|boost
|-boost|p2a: Archaludon|def|1
|
|-weather|RainDance|[upkeep]
|-heal|p2a: Archaludon|56/100|[from] item: Leftovers
|-end|p1a: Kingambit|Disable
|upkeep
|turn|10
|c|☆eriksp|i choked
|c|☆bman3111|gg
|c|☆eriksp|anyways
|-message|eriksp forfeited.
|
|win|bman3111
