|j|☆PaquitoelBollito
|j|☆melikebunny
|html|PaquitoelBollitomelikebunny    
|uhtml|bestof|Game 2 of a best-of-3
|t:|1786127781
|gametype|doubles
|player|p1|PaquitoelBollito|102|1114
|player|p2|melikebunny|barry|1140
|gen|9
|tier|[Gen 9 Champions] VGC 2026 Reg M-B (Bo3)
|rated|
|rule|Species Clause: Limit one of each Pokémon
|rule|Item Clause: Limit 1 of each item
|clearpoke
|poke|p1|Froslass, L50, F|
|poke|p1|Scovillain, L50, M|
|poke|p1|Kingambit, L50, F|
|poke|p1|Sneasler, L50, M|
|poke|p1|Basculegion, L50, M|
|poke|p1|Lycanroc-Dusk, L50, M|
|poke|p2|Ceruledge, L50, M|
|poke|p2|Venusaur, L50, F|
|poke|p2|Kangaskhan, L50, F|
|poke|p2|Milotic, L50, M|
|poke|p2|Tyranitar, L50, F|
|poke|p2|Excadrill, L50, F|
|teampreview|4
|showteam|p1|Froslass||Froslassite|CursedBody|Protect,Blizzard,AuroraVeil,ShadowBall|Modest||F|||50|]Scovillain||Scovillainite|Moody|Protect,Overheat,GigaDrain,RagePowder|Modest||M|||50|]Kingambit||BlackGlasses|Defiant|Protect,KowtowCleave,SwordsDance,SuckerPunch|Adamant||F|||50|]Sneasler||WhiteHerb|Unburden|FakeOut,GunkShot,CloseCombat,Protect|Adamant||M|||50|]Basculegion||SitrusBerry|Adaptability|Protect,LastRespects,WaveCrash,AquaJet|Adamant||M|||50|]Lycanroc-Dusk||FocusSash|ToughClaws|Protect,Accelerock,RockSlide,CloseCombat|Adamant||M|||50|
|showteam|p2|Ceruledge||Leftovers|FlashFire|BitterBlade,Poltergeist,SwordsDance,Protect|Adamant||M|||50|]Venusaur||Venusaurite|Chlorophyll|SludgeBomb,EnergyBall,WeatherBall,Protect|Modest||F|||50|]Kangaskhan||Kangaskhanite|Scrappy|FakeOut,DoubleEdge,SuckerPunch,DrainPunch|Adamant||F|||50|]Milotic||RindoBerry|Competitive|MuddyWater,Hypnosis,Coil,Protect|Bold||M|||50|]Tyranitar||ChoiceScarf|SandStream|RockSlide,KnockOff,LowKick,IcePunch|Adamant||F|||50|]Excadrill||FocusSash|SandRush|RockSlide,IronHead,HighHorsepower,Protect|Adamant||F|||50|
|inactive|Battle timer is ON: inactive players will automatically lose when time's up. (requested by PaquitoelBollito)
|inactive|PaquitoelBollito has 60 seconds left.
|
|t:|1786127835
|teamsize|p1|4
|teamsize|p2|4
|start
|switch|p1a: Scovillain|Scovillain, L50, M|100/100
|switch|p1b: Kingambit|Kingambit, L50, F|100/100
|switch|p2a: Ceruledge|Ceruledge, L50, M|100/100
|switch|p2b: Venusaur|Venusaur, L50, F|100/100
|turn|1
|inactive|PaquitoelBollito has 30 seconds left.
|
|t:|1786127865
|detailschange|p2b: Venusaur|Venusaur-Mega, L50, F
|-mega|p2b: Venusaur|Venusaur|Venusaurite
|detailschange|p1a: Scovillain|Scovillain-Mega, L50, M
|-mega|p1a: Scovillain|Scovillain|Scovillainite
|move|p1b: Kingambit|Protect|p1b: Kingambit
|-singleturn|p1b: Kingambit|Protect
|move|p2a: Ceruledge|Swords Dance|p2a: Ceruledge
|-boost|p2a: Ceruledge|atk|2
|move|p2b: Venusaur|Sludge Bomb|p1a: Scovillain
|-supereffective|p1a: Scovillain|1
|-damage|p1a: Scovillain|4/100
|-status|p2b: Venusaur|brn|[from] ability: Spicy Spray|[of] p1a: Scovillain
|move|p1a: Scovillain|Overheat|p2b: Venusaur
|-supereffective|p2b: Venusaur|1
|-damage|p2b: Venusaur|42/100 brn
|-unboost|p1a: Scovillain|spa|2
|
|-damage|p2b: Venusaur|36/100 brn|[from] brn
|upkeep
|turn|2
|inactive|PaquitoelBollito has 30 seconds left.
|
|t:|1786127893
|move|p1a: Scovillain|Protect|p1a: Scovillain
|-singleturn|p1a: Scovillain|Protect
|move|p1b: Kingambit|Sucker Punch||[still]
|-fail|p1b: Kingambit
|move|p2a: Ceruledge|Swords Dance|p2a: Ceruledge
|-boost|p2a: Ceruledge|atk|2
|move|p2b: Venusaur|Energy Ball|p1a: Scovillain
|-activate|p1a: Scovillain|move: Protect
|
|-damage|p2b: Venusaur|30/100 brn|[from] brn
|upkeep
|turn|3
|
|t:|1786127917
|move|p1a: Scovillain|Rage Powder|p1a: Scovillain
|-singleturn|p1a: Scovillain|move: Rage Powder
|move|p1b: Kingambit|Sucker Punch|p2b: Venusaur
|-damage|p2b: Venusaur|0 fnt
|faint|p2b: Venusaur
|move|p2a: Ceruledge|Bitter Blade|p1a: Scovillain
|-damage|p1a: Scovillain|0 fnt
|-immune|p2a: Ceruledge
|faint|p1a: Scovillain
|
|upkeep
|
|t:|1786127928
|switch|p2b: Tyranitar|Tyranitar, L50, F|100/100
|switch|p1a: Lycanroc|Lycanroc-Dusk, L50, M|100/100
|-weather|Sandstorm|[from] ability: Sand Stream|[of] p2b: Tyranitar
|turn|4
|
|t:|1786127942
|move|p1b: Kingambit|Sucker Punch|p2a: Ceruledge
|-supereffective|p2a: Ceruledge|1
|-damage|p2a: Ceruledge|0 fnt
|faint|p2a: Ceruledge
|move|p2b: Tyranitar|Knock Off|p1a: Lycanroc
|-damage|p1a: Lycanroc|1/100
|-enditem|p1a: Lycanroc|Focus Sash|[from] move: Knock Off|[of] p2b: Tyranitar
|move|p1a: Lycanroc|Close Combat|p2b: Tyranitar
|-supereffective|p2b: Tyranitar|2
|-damage|p2b: Tyranitar|0 fnt
|-unboost|p1a: Lycanroc|def|1
|-unboost|p1a: Lycanroc|spd|1
|faint|p2b: Tyranitar
|
|-weather|Sandstorm|[upkeep]
|upkeep
|
|t:|1786127955
|switch|p2b: Excadrill|Excadrill, L50, F|100/100
|turn|5
|
|t:|1786127963
|move|p1a: Lycanroc|Accelerock|p2b: Excadrill
|-resisted|p2b: Excadrill|2
|-damage|p2b: Excadrill|90/100
|move|p1b: Kingambit|Sucker Punch|p2b: Excadrill
|-crit|p2b: Excadrill
|-damage|p2b: Excadrill|0 fnt
|faint|p2b: Excadrill
|
|win|PaquitoelBollito
