|j|☆uscorp
|j|☆eviovulpix
|html|uscorpeviovulpix    
|uhtml|bestof|Game 2 of a best-of-3
|t:|1783462144
|gametype|doubles
|player|p1|uscorp|hiker-gen4|
|player|p2|eviovulpix|169|
|gen|9
|tier|[Gen 9 Champions] VGC 2026 Reg M-B (Bo3)
|rule|Species Clause: Limit one of each Pokémon
|rule|Item Clause: Limit 1 of each item
|clearpoke
|poke|p1|Blastoise, L50, F|
|poke|p1|Floette-Eternal, L50, F|
|poke|p1|Incineroar, L50, M|
|poke|p1|Sinistcha-Masterpiece, L50|
|poke|p1|Sneasler, L50, F|
|poke|p1|Kingambit, L50, F|
|poke|p2|Raichu, L50, F|
|poke|p2|Mawile, L50, F|
|poke|p2|Sinistcha, L50|
|poke|p2|Ceruledge, L50, F|
|poke|p2|Milotic, L50, F|
|poke|p2|Incineroar, L50, F|
|teampreview|4
|showteam|p1|Blastoise||Blastoisinite|RainDish|ShellSmash,DarkPulse,WaterSpout,Protect|Timid||F|||50|]Floette-Eternal||Floettite|FlowerVeil|DrainingKiss,DazzlingGleam,CalmMind,Protect|Modest||F|||50|]Incineroar||SitrusBerry|Intimidate|FlareBlitz,PartingShot,HelpingHand,FakeOut|Impish||M|||50|]Sinistcha-Masterpiece||OccaBerry|Hospitality|TrickRoom,MatchaGotcha,RagePowder,Protect|Bold|||||50|]Sneasler||FocusSash|PoisonTouch|PoisonJab,CloseCombat,Coaching,FakeOut|Jolly||F|||50|]Kingambit||BlackGlasses|Defiant|SuckerPunch,KowtowCleave,SwordsDance,Protect|Adamant||F|||50|
|showteam|p2|Raichu||RaichuniteY|LightningRod|ZapCannon,FocusBlast,FakeOut,Protect|Timid||F|||50|]Mawile||Mawilite|HyperCutter|PlayRough,SuckerPunch,SwordsDance,Protect|Adamant||F|||50|]Sinistcha||KasibBerry|Hospitality|MatchaGotcha,LifeDew,RagePowder,Protect|Bold|||||50|]Ceruledge||ColburBerry|FlashFire|BitterBlade,ShadowSneak,BulkUp,Protect|Adamant||F|||50|]Milotic||Leftovers|Competitive|MuddyWater,Coil,Hypnosis,Protect|Calm||F|||50|]Incineroar||SitrusBerry|Intimidate|FlareBlitz,ThroatChop,FakeOut,PartingShot|Impish||F|||50|
|j| exessvgc
|
|t:|1783462180
|teamsize|p1|4
|teamsize|p2|4
|start
|switch|p1a: Astyd|Floette-Eternal, L50, F|100/100
|switch|p1b: Alastor|Sneasler, L50, F|100/100
|switch|p2a: Incineroar|Incineroar, L50, F|100/100
|switch|p2b: Raichu|Raichu, L50, F|100/100
|-ability|p2a: Incineroar|Intimidate|boost
|-unboost|p1a: Astyd|atk|1
|-unboost|p1b: Alastor|atk|1
|turn|1
|
|t:|1783462198
|switch|p1b: Arthas|Incineroar, L50, M|100/100
|-ability|p1b: Arthas|Intimidate|boost
|-unboost|p2a: Incineroar|atk|1
|-unboost|p2b: Raichu|atk|1
|detailschange|p2b: Raichu|Raichu-Mega-Y, L50, F
|-mega|p2b: Raichu|Raichu|Raichunite Y
|move|p1a: Astyd|Protect|p1a: Astyd
|-singleturn|p1a: Astyd|Protect
|move|p2b: Raichu|Fake Out|p1b: Arthas
|-damage|p1b: Arthas|95/100
|move|p2a: Incineroar|Fake Out|p1a: Astyd
|-activate|p1a: Astyd|move: Protect
|
|upkeep
|turn|2
|l| exessvgc
|
|t:|1783462218
|detailschange|p1a: Astyd|Floette-Mega, L50, F
|-mega|p1a: Astyd|Floette|Floettite
|-ability|p1a: Astyd|Fairy Aura
|move|p1b: Arthas|Fake Out|p2a: Incineroar
|-damage|p2a: Incineroar|92/100
|move|p2b: Raichu|Zap Cannon|p1a: Astyd
|-damage|p1a: Astyd|58/100
|-status|p1a: Astyd|par
|cant|p2a: Incineroar|flinch
|move|p1a: Astyd|Calm Mind|p1a: Astyd
|-boost|p1a: Astyd|spa|1
|-boost|p1a: Astyd|spd|1
|
|upkeep
|turn|3
|j| exessvgc
|l| exessvgc
|
|t:|1783462236
|move|p1a: Astyd|Protect|p1a: Astyd
|-singleturn|p1a: Astyd|Protect
|move|p2b: Raichu|Zap Cannon|p1a: Astyd
|-activate|p1a: Astyd|move: Protect
|move|p1b: Arthas|Parting Shot|p2b: Raichu
|-unboost|p2b: Raichu|atk|1
|-unboost|p2b: Raichu|spa|1
|j| exessvgc
|
|t:|1783462243
|switch|p1b: Ylenia|Sinistcha-Masterpiece, L50|100/100|[from] Parting Shot
|-heal|p1a: Astyd|83/100 par|[from] ability: Hospitality|[of] p1b: Ylenia
|move|p2a: Incineroar|Throat Chop|p1b: Ylenia
|-supereffective|p1b: Ylenia|1
|-damage|p1b: Ylenia|66/100
|-start|p1b: Ylenia|Throat Chop|[silent]
|
|upkeep
|turn|4
|l| exessvgc
|
|t:|1783462263
|move|p2b: Raichu|Zap Cannon|p1b: Ylenia
|-resisted|p1b: Ylenia|1
|-damage|p1b: Ylenia|46/100
|-status|p1b: Ylenia|par
|move|p2a: Incineroar|Flare Blitz|p1b: Ylenia
|-supereffective|p1b: Ylenia|1
|-enditem|p1b: Ylenia|Occa Berry|[eat]
|-enditem|p1b: Ylenia|Occa Berry|[weaken]
|-damage|p1b: Ylenia|22/100 par
|-damage|p2a: Incineroar|85/100|[from] Recoil
|move|p1a: Astyd|Calm Mind|p1a: Astyd
|-boost|p1a: Astyd|spa|1
|-boost|p1a: Astyd|spd|1
|move|p1b: Ylenia|Trick Room|p1b: Ylenia
|-fieldstart|move: Trick Room|[of] p1b: Ylenia
|
|-end|p1b: Ylenia|Throat Chop|[silent]
|upkeep
|turn|5
|j| exessvgc
|l| exessvgc
|j| exessvgc
|
|t:|1783462288
|switch|p1b: Arthas|Incineroar, L50, M|95/100
|-ability|p1b: Arthas|Intimidate|boost
|-unboost|p2a: Incineroar|atk|1
|-unboost|p2b: Raichu|atk|1
|move|p1a: Astyd|Dazzling Gleam|p2a: Incineroar|[spread] p2a,p2b
|-crit|p2b: Raichu
|-damage|p2a: Incineroar|0 fnt
|-damage|p2b: Raichu|0 fnt
|faint|p2a: Incineroar
|faint|p2b: Raichu
|
|upkeep
|
|t:|1783462295
|switch|p2a: Sinistcha|Sinistcha, L50|100/100
|switch|p2b: Milotic|Milotic, L50, F|100/100
|turn|6
|
|t:|1783462305
|move|p1b: Arthas|Helping Hand|p1a: Astyd
|-singleturn|p1a: Astyd|Helping Hand|[of] p1b: Arthas
|move|p2a: Sinistcha|Protect|p2a: Sinistcha
|-singleturn|p2a: Sinistcha|Protect
|move|p2b: Milotic|Protect|p2b: Milotic
|-singleturn|p2b: Milotic|Protect
|move|p1a: Astyd|Dazzling Gleam|p2b: Milotic|[spread] 
|-activate|p2a: Sinistcha|move: Protect
|-activate|p2b: Milotic|move: Protect
|
|upkeep
|turn|7
|
|t:|1783462318
|move|p1b: Arthas|Helping Hand|p1a: Astyd
|-singleturn|p1a: Astyd|Helping Hand|[of] p1b: Arthas
|move|p2a: Sinistcha|Rage Powder|p2a: Sinistcha
|-singleturn|p2a: Sinistcha|move: Rage Powder
|move|p1a: Astyd|Dazzling Gleam|p2b: Milotic|[spread] p2a,p2b
|-crit|p2a: Sinistcha
|-damage|p2a: Sinistcha|0 fnt
|-damage|p2b: Milotic|0 fnt
|faint|p2a: Sinistcha
|faint|p2b: Milotic
|
|win|uscorp
||eviovulpix is ready for game 3.
||uscorp is ready for game 3.
|uhtml|next|Next: Game 3 of 3
|l| exessvgc
