|j|☆jvpv7
|j|☆SHOMA_WIN
|html|jvpv7SHOMA_WIN    
|uhtml|bestof|Game 2 of a best-of-3
|t:|1782392139
|gametype|doubles
|player|p1|jvpv7|rosa|1238
|player|p2|SHOMA_WIN|scientist|1314
|gen|9
|tier|[Gen 9 Champions] VGC 2026 Reg M-B (Bo3)
|rated|
|rule|Species Clause: Limit one of each Pokémon
|rule|Item Clause: Limit 1 of each item
|clearpoke
|poke|p1|Whimsicott, L50, M|
|poke|p1|Staraptor, L50, M|
|poke|p1|Sinistcha, L50|
|poke|p1|Garchomp, L50, M|
|poke|p1|Sneasler, L50, M|
|poke|p1|Kingambit, L50, M|
|poke|p2|Aerodactyl, L50, F|
|poke|p2|Garchomp, L50, M|
|poke|p2|Kingambit, L50, M|
|poke|p2|Charizard, L50, M|
|poke|p2|Sylveon, L50, F|
|poke|p2|Farigiraf, L50, F|
|teampreview|4
|showteam|p1|Whimsicott||FocusSash|Prankster|Charm,Moonblast,Tailwind,Encore|Bold||M|||50|]Staraptor||Staraptite|Intimidate|DualWingbeat,CloseCombat,Protect,Roost|Adamant||M|||50|]Sinistcha||SitrusBerry|Hospitality|MatchaGotcha,ShadowBall,RagePowder,LifeDew|Bold|||||50|]Garchomp||LifeOrb|RoughSkin|Earthquake,RockSlide,DragonClaw,Protect|Jolly||M|||50|]Sneasler||WhiteHerb|Unburden|CloseCombat,FakeOut,DireClaw,Protect|Adamant||M|||50|]Kingambit||BlackGlasses|Defiant|SuckerPunch,KowtowCleave,IronHead,Protect|Adamant||M|||50|
|showteam|p2|Aerodactyl||Aerodactylite|Unnerve|IceFang,RockSlide,Tailwind,DualWingbeat|Jolly||F|||50|]Garchomp||LifeOrb|RoughSkin|DragonClaw,StompingTantrum,Earthquake,Protect|Jolly||M|||50|]Kingambit||FocusSash|Defiant|SuckerPunch,KowtowCleave,IronHead,LowKick|Adamant||M|||50|]Charizard||CharizarditeY|Blaze|Protect,WeatherBall,HeatWave,SolarBeam|Modest||M|||50|]Sylveon||FairyFeather|Pixilate|Protect,HyperVoice,HyperBeam,QuickAttack|Modest||F|||50|]Farigiraf||SitrusBerry|ArmorTail|TrickRoom,Thunderbolt,Roar,TwinBeam|Bold||F|||50|
|
|t:|1782392168
|teamsize|p1|4
|teamsize|p2|4
|start
|switch|p1a: Staraptor|Staraptor, L50, M|100/100
|switch|p1b: Whimsicott|Whimsicott, L50, M|100/100
|switch|p2a: Sylveon|Sylveon, L50, F|100/100
|switch|p2b: Aerodactyl|Aerodactyl, L50, F|100/100
|-ability|p2b: Aerodactyl|Unnerve
|-ability|p1a: Staraptor|Intimidate|boost
|-unboost|p2a: Sylveon|atk|1
|-unboost|p2b: Aerodactyl|atk|1
|turn|1
|
|t:|1782392189
|detailschange|p2b: Aerodactyl|Aerodactyl-Mega, L50, F
|-mega|p2b: Aerodactyl|Aerodactyl|Aerodactylite
|detailschange|p1a: Staraptor|Staraptor-Mega, L50, M
|-mega|p1a: Staraptor|Staraptor|Staraptite
|move|p1a: Staraptor|Protect|p1a: Staraptor
|-singleturn|p1a: Staraptor|Protect
|move|p1b: Whimsicott|Tailwind|p1b: Whimsicott
|-sidestart|p1: jvpv7|move: Tailwind
|move|p2b: Aerodactyl|Tailwind|p2b: Aerodactyl
|-sidestart|p2: SHOMA_WIN|move: Tailwind
|move|p2a: Sylveon|Hyper Voice|p1b: Whimsicott|[spread] p1b
|-activate|p1a: Staraptor|move: Protect
|-damage|p1b: Whimsicott|34/100
|
|upkeep
|turn|2
|inactive|Battle timer is ON: inactive players will automatically lose when time's up. (requested by jvpv7)
|
|t:|1782392220
|move|p1b: Whimsicott|Encore|p2b: Aerodactyl
|-start|p2b: Aerodactyl|Encore
|move|p2b: Aerodactyl|Tailwind||[still]
|-fail|p2b: Aerodactyl
|move|p1a: Staraptor|Close Combat|p2b: Aerodactyl
|-damage|p2b: Aerodactyl|19/100
|-boost|p1a: Staraptor|def|1
|-boost|p1a: Staraptor|spd|1
|move|p2a: Sylveon|Hyper Voice|p1b: Whimsicott|[spread] p1a,p1b
|-supereffective|p1a: Staraptor|1
|-damage|p1a: Staraptor|25/100
|-damage|p1b: Whimsicott|0 fnt
|faint|p1b: Whimsicott
|
|upkeep
|
|t:|1782392233
|switch|p1b: Sneasler|Sneasler, L50, M|100/100
|turn|3
|inactive|SHOMA_WIN has 30 seconds left.
|
|t:|1782392266
|switch|p2b: Kingambit|Kingambit, L50, M|100/100
|move|p1b: Sneasler|Fake Out|p2b: Kingambit
|-resisted|p2b: Kingambit|1
|-damage|p2b: Kingambit|93/100
|move|p1a: Staraptor|Close Combat|p2b: Kingambit
|-supereffective|p2b: Kingambit|2
|-damage|p2b: Kingambit|0 fnt
|-boost|p1a: Staraptor|def|1
|-boost|p1a: Staraptor|spd|1
|faint|p2b: Kingambit
|move|p2a: Sylveon|Hyper Voice|p1a: Staraptor|[spread] p1a,p1b
|-supereffective|p1a: Staraptor|1
|-damage|p1a: Staraptor|0 fnt
|-damage|p1b: Sneasler|30/100
|faint|p1a: Staraptor
|
|upkeep
|
|t:|1782392280
|switch|p1a: Garchomp|Garchomp, L50, M|100/100
|switch|p2b: Garchomp|Garchomp, L50, M|100/100
|turn|4
|
|t:|1782392289
|move|p1b: Sneasler|Dire Claw|p2a: Sylveon
|-supereffective|p2a: Sylveon|1
|-damage|p2a: Sylveon|0 fnt
|faint|p2a: Sylveon
|move|p2b: Garchomp|Dragon Claw|p1b: Sneasler
|-damage|p1b: Sneasler|0 fnt
|faint|p1b: Sneasler
|-damage|p2b: Garchomp|90/100|[from] item: Life Orb
|move|p1a: Garchomp|Dragon Claw|p2b: Garchomp
|-supereffective|p2b: Garchomp|1
|-damage|p2b: Garchomp|0 fnt
|-damage|p1a: Garchomp|87/100|[from] ability: Rough Skin|[of] p2b: Garchomp
|faint|p2b: Garchomp
|-damage|p1a: Garchomp|77/100|[from] item: Life Orb
|
|-sideend|p1: jvpv7|move: Tailwind
|-sideend|p2: SHOMA_WIN|move: Tailwind
|upkeep
|
|t:|1782392295
|switch|p2b: Aerodactyl|Aerodactyl-Mega, L50, F|19/100
|turn|5
|
|t:|1782392307
|move|p2b: Aerodactyl|Ice Fang|p1a: Garchomp
|-supereffective|p1a: Garchomp|2
|-damage|p1a: Garchomp|0 fnt
|-damage|p2b: Aerodactyl|7/100|[from] ability: Rough Skin|[of] p1a: Garchomp
|faint|p1a: Garchomp
|
|win|SHOMA_WIN
