|j|☆ahamedsan34
|j|☆FLINTT1
|html|ahamedsan34FLINTT1    
|uhtml|bestof|Game 2 of a best-of-3
|t:|1757784953
|gametype|doubles
|player|p1|ahamedsan34|dawn|1032
|player|p2|FLINTT1|flint|1088
|gen|9
|tier|[Gen 9] VGC 2025 Reg H (Bo3)
|rated|
|rule|Species Clause: Limit one of each Pokémon
|rule|Item Clause: Limit 1 of each item
|clearpoke
|poke|p1|Indeedee-F, L50, F|
|poke|p1|Hatterene, L50, F|
|poke|p1|Metagross, L50|
|poke|p1|Ursaluna, L50, F|
|poke|p1|Whimsicott, L50, F|
|poke|p1|Archaludon, L50, F|
|poke|p2|Tyranitar, L50, F|
|poke|p2|Incineroar, L50, F|
|poke|p2|Dragonite, L50, M|
|poke|p2|Excadrill, L50, F|
|poke|p2|Indeedee-F, L50, F|
|poke|p2|Hatterene, L50, F|
|teampreview|4
|showteam|p1|Indeedee-F||MentalHerb|PsychicSurge|FollowMe,Psychic,HelpingHand,FakeOut|||F|||50|,,,,,Psychic]Hatterene||LifeOrb|MagicBounce|TrickRoom,ExpandingForce,MysticalFire,Protect|||F|||50|,,,,,Psychic]Metagross||ChoiceBand|ClearBody|PsychicFangs,KnockOff,HeavySlam,HammerArm||||||50|,,,,,Steel]Ursaluna||FlameOrb|Guts|Earthquake,HeadlongRush,HammerArm,Facade|||F|||50|,,,,,Ground]Whimsicott|||Prankster|SunnyDay,Tailwind,Encore,BeatUp|||F|||50|,,,,,Grass]Archaludon||AssaultVest|Stamina|BodyPress,DragonPulse,ElectroShot,HoneClaws|||F|||50|,,,,,Steel
|showteam|p2|Tyranitar||ClearAmulet|SandStream|RockSlide,LowKick,TeraBlast,KnockOff|||F|||50|,,,,,Flying]Incineroar||SitrusBerry|Intimidate|FakeOut,FlareBlitz,KnockOff,PartingShot|||F|||50|,,,,,Grass]Dragonite||LoadedDice|InnerFocus|Protect,ScaleShot,Haze,TeraBlast|||M|||50|,,,,,Flying]Excadrill||FocusSash|SandRush|Protect,SwordsDance,Earthquake,IronHead|||F|||50|,,,,,Flying]Indeedee-F||PsychicSeed|PsychicSurge|FollowMe,Psychic,HelpingHand,TrickRoom|||F|||50|,,,,,Water]Hatterene||TwistedSpoon|MagicBounce|DazzlingGleam,TrickRoom,ExpandingForce,Protect|||F|||50|,,,,,Psychic
|
|t:|1757784986
|teamsize|p1|4
|teamsize|p2|4
|start
|switch|p1a: Whimsicott|Whimsicott, L50, F|100/100
|switch|p1b: Metagross|Metagross, L50|100/100
|switch|p2a: Tyranitar|Tyranitar, L50, F|100/100
|switch|p2b: Hatterene|Hatterene, L50, F|100/100
|-weather|Sandstorm|[from] ability: Sand Stream|[of] p2a: Tyranitar
|turn|1
|
|t:|1757785016
|switch|p2b: Incineroar|Incineroar, L50, F|100/100
|-ability|p2b: Incineroar|Intimidate|boost
|-unboost|p1a: Whimsicott|atk|1
|-fail|p1b: Metagross|unboost|[from] ability: Clear Body|[of] p1b: Metagross
|-terastallize|p1b: Metagross|Steel
|move|p1a: Whimsicott|Encore|p2b: Incineroar
|-hint|Since gen 7, Dark is immune to Prankster moves.
|-immune|p2b: Incineroar
|move|p2a: Tyranitar|Knock Off|p1b: Metagross
|-damage|p1b: Metagross|57/100
|-enditem|p1b: Metagross|Choice Band|[from] move: Knock Off|[of] p2a: Tyranitar
|move|p1b: Metagross|Hammer Arm|p2a: Tyranitar|[miss]
|-miss|p1b: Metagross|p2a: Tyranitar
|
|-weather|Sandstorm|[upkeep]
|-damage|p1a: Whimsicott|95/100|[from] Sandstorm
|-damage|p2b: Incineroar|95/100|[from] Sandstorm
|upkeep
|turn|2
|
|t:|1757785042
|move|p2b: Incineroar|Fake Out|p1b: Metagross
|-resisted|p1b: Metagross
|-damage|p1b: Metagross|53/100
|move|p1a: Whimsicott|Sunny Day|p1a: Whimsicott
|-weather|SunnyDay
|move|p2a: Tyranitar|Low Kick|p1b: Metagross
|-supereffective|p1b: Metagross
|-damage|p1b: Metagross|0 fnt
|faint|p1b: Metagross
|
|-weather|SunnyDay|[upkeep]
|upkeep
|
|t:|1757785050
|switch|p1b: Archaludon|Archaludon, L50, F|100/100
|turn|3
|inactive|Battle timer is ON: inactive players will automatically lose when time's up. (requested by ahamedsan34)
|
|t:|1757785069
|switch|p2a: Hatterene|Hatterene, L50, F|100/100
|move|p1b: Archaludon|Body Press|p2a: Hatterene
|-resisted|p2a: Hatterene
|-damage|p2a: Hatterene|95/100
|move|p1a: Whimsicott|Beat Up|p1b: Archaludon
|-damage|p1b: Archaludon|99/100
|-ability|p1b: Archaludon|Stamina|boost
|-boost|p1b: Archaludon|def|1
|-damage|p1b: Archaludon|98/100
|-ability|p1b: Archaludon|Stamina|boost
|-boost|p1b: Archaludon|def|1
|-damage|p1b: Archaludon|97/100
|-ability|p1b: Archaludon|Stamina|boost
|-boost|p1b: Archaludon|def|1
|-hitcount|p1b: Archaludon|3
|move|p2b: Incineroar|Flare Blitz|p1a: Whimsicott
|-supereffective|p1a: Whimsicott
|-damage|p1a: Whimsicott|0 fnt
|faint|p1a: Whimsicott
|-damage|p2b: Incineroar|69/100|[from] Recoil
|
|-weather|SunnyDay|[upkeep]
|upkeep
|
|t:|1757785075
|switch|p1a: Ursaluna|Ursaluna, L50, F|100/100
|turn|4
|inactive|FLINTT1 has 30 seconds left.
|inactive|FLINTT1 has 20 seconds left.
|inactive|FLINTT1 has 15 seconds left.
|
|t:|1757785119
|move|p1b: Archaludon|Body Press|p2b: Incineroar
|-supereffective|p2b: Incineroar
|-damage|p2b: Incineroar|0 fnt
|faint|p2b: Incineroar
|move|p1a: Ursaluna|Earthquake|p2a: Hatterene|[spread] p1b,p2a
|-supereffective|p1b: Archaludon
|-damage|p1b: Archaludon|67/100
|-damage|p2a: Hatterene|46/100
|-ability|p1b: Archaludon|Stamina|boost
|-boost|p1b: Archaludon|def|1
|move|p2a: Hatterene|Dazzling Gleam|p1b: Archaludon|[spread] p1a,p1b
|-crit|p1b: Archaludon
|-damage|p1a: Ursaluna|69/100
|-damage|p1b: Archaludon|12/100
|-ability|p1b: Archaludon|Stamina|boost
|-boost|p1b: Archaludon|def|1
|
|-weather|SunnyDay|[upkeep]
|-status|p1a: Ursaluna|brn|[from] item: Flame Orb
|upkeep
|
|t:|1757785137
|switch|p2b: Excadrill|Excadrill, L50, F|100/100
|turn|5
|
|t:|1757785149
|move|p2a: Hatterene|Protect|p2a: Hatterene
|-singleturn|p2a: Hatterene|Protect
|move|p1b: Archaludon|Body Press|p2b: Excadrill
|-supereffective|p2b: Excadrill
|-enditem|p2b: Excadrill|Focus Sash
|-damage|p2b: Excadrill|1/100
|move|p2b: Excadrill|Earthquake|p1b: Archaludon|[spread] p1a,p1b
|-activate|p2a: Hatterene|move: Protect
|-supereffective|p1b: Archaludon
|-damage|p1a: Ursaluna|36/100 brn
|-damage|p1b: Archaludon|0 fnt
|faint|p1b: Archaludon
|move|p1a: Ursaluna|Facade|p2a: Hatterene
|-activate|p2a: Hatterene|move: Protect
|
|-weather|SunnyDay|[upkeep]
|-damage|p1a: Ursaluna|30/100 brn|[from] brn
|upkeep
|turn|6
|
|t:|1757785171
|move|p2b: Excadrill|Iron Head|p1a: Ursaluna
|-damage|p1a: Ursaluna|0 fnt
|faint|p1a: Ursaluna
|
|win|FLINTT1
||FLINTT1 is ready for game 3.
|inactive|ahamedsan34 has 30 seconds to confirm battle start!
||ahamedsan34 is ready for game 3.
|uhtml|next|Next: Game 3 of 3
