|j|☆sweetlysunny
|j|☆new mental
|html|sweetlysunnynew mental    
|uhtml|bestof|Game 1 of a best-of-3
|t:|1783883512
|gametype|doubles
|player|p1|sweetlysunny|serena|1153
|player|p2|new mental|volkner|1203
|gen|9
|tier|[Gen 9 Champions] VGC 2026 Reg M-B (Bo3)
|rated|
|rule|Species Clause: Limit one of each Pokémon
|rule|Item Clause: Limit 1 of each item
|clearpoke
|poke|p1|Torkoal, L50, M|
|poke|p1|Pyroar, L50, F|
|poke|p1|Vileplume, L50, F|
|poke|p1|Scrafty, L50, M|
|poke|p1|Farigiraf, L50, F|
|poke|p1|Sylveon, L50, M|
|poke|p2|Charizard, L50, F|
|poke|p2|Kingambit, L50, M|
|poke|p2|Sylveon, L50, F|
|poke|p2|Garchomp, L50, F|
|poke|p2|Aerodactyl, L50, F|
|poke|p2|Farigiraf, L50, F|
|teampreview|4
|showteam|p1|Torkoal||Charcoal|Drought|HeatWave,Eruption,HelpingHand,Protect|Quiet||M|||50|]Pyroar||Pyroarite|Unnerve|HeatWave,Overheat,ScorchingSands,Protect|Timid||F|||50|]Vileplume||FocusSash|Chlorophyll|EnergyBall,SludgeBomb,SleepPowder,AfterYou|Timid||F|||50|]Scrafty||Scraftinite|Intimidate|FakeOut,CloseCombat,PoisonJab,KnockOff|Brave||M|||50|]Farigiraf||SitrusBerry|ArmorTail|HyperVoice,Psychic,HelpingHand,TrickRoom|Bold||F|||50|]Sylveon||FairyFeather|Pixilate|HyperVoice,HyperBeam,QuickAttack,Protect|Quiet||M|||50|
|showteam|p2|Charizard||CharizarditeY|SolarPower|Protect,HeatWave,SolarBeam,WeatherBall|Modest||F|||50|]Kingambit||FocusSash|Defiant|IronHead,SuckerPunch,KowtowCleave,LowKick|Adamant||M|||50|]Sylveon||FairyFeather|Pixilate|Detect,HyperVoice,HyperBeam,QuickAttack|Modest||F|||50|]Garchomp||LifeOrb|RoughSkin|Protect,DragonClaw,Earthquake,RockSlide|Jolly||F|||50|]Aerodactyl||Aerodactylite|Unnerve|IceFang,RockSlide,Tailwind,DualWingbeat|Jolly||F|||50|]Farigiraf||SitrusBerry|ArmorTail|TrickRoom,Psychic,Thunderbolt,Roar|Bold||F|||50|
|inactive|Battle timer is ON: inactive players will automatically lose when time's up. (requested by sweetlysunny)
|inactive|new mental has 60 seconds left.
|
|t:|1783883557
|teamsize|p1|4
|teamsize|p2|4
|start
|switch|p1a: Farigiraf|Farigiraf, L50, F|100/100
|switch|p1b: Scrafty|Scrafty, L50, M|100/100
|switch|p2a: Charizard|Charizard, L50, F|100/100
|switch|p2b: Garchomp|Garchomp, L50, F|100/100
|-ability|p1b: Scrafty|Intimidate|boost
|-unboost|p2a: Charizard|atk|1
|-unboost|p2b: Garchomp|atk|1
|turn|1
|inactive|sweetlysunny has 30 seconds left.
|
|t:|1783883585
|switch|p2b: Sylveon|Sylveon, L50, F|100/100
|detailschange|p2a: Charizard|Charizard-Mega-Y, L50, F
|-mega|p2a: Charizard|Charizard|Charizardite Y
|-weather|SunnyDay|[from] ability: Drought|[of] p2a: Charizard
|detailschange|p1b: Scrafty|Scrafty-Mega, L50, M
|-mega|p1b: Scrafty|Scrafty|Scraftinite
|-ability|p1b: Scrafty|Intimidate|boost
|-unboost|p2a: Charizard|atk|1
|-unboost|p2b: Sylveon|atk|1
|move|p1b: Scrafty|Fake Out|p2b: Sylveon
|-damage|p2b: Sylveon|83/100
|move|p2a: Charizard|Heat Wave|p1b: Scrafty|[spread] p1a,p1b
|-crit|p1a: Farigiraf
|-damage|p1a: Farigiraf|10/100
|-damage|p1b: Scrafty|54/100
|-enditem|p1a: Farigiraf|Sitrus Berry|[eat]
|-heal|p1a: Farigiraf|35/100|[from] item: Sitrus Berry
|move|p1a: Farigiraf|Trick Room|p1a: Farigiraf
|-fieldstart|move: Trick Room|[of] p1a: Farigiraf
|
|-weather|SunnyDay|[upkeep]
|upkeep
|turn|2
|inactive|new mental has 30 seconds left.
|inactive|new mental has 20 seconds left.
|
|t:|1783883622
|move|p2b: Sylveon|Detect|p2b: Sylveon
|-singleturn|p2b: Sylveon|Protect
|move|p1b: Scrafty|Poison Jab|p2a: Charizard
|-crit|p2a: Charizard
|-damage|p2a: Charizard|51/100
|move|p1a: Farigiraf|Psychic|p2a: Charizard
|-damage|p2a: Charizard|23/100
|move|p2a: Charizard|Heat Wave|p1b: Scrafty|[spread] p1a,p1b
|-damage|p1a: Farigiraf|0 fnt
|-damage|p1b: Scrafty|6/100
|faint|p1a: Farigiraf
|
|-weather|SunnyDay|[upkeep]
|upkeep
|
|t:|1783883630
|switch|p1a: Torkoal|Torkoal, L50, M|100/100
|turn|3
|
|t:|1783883643
|move|p2b: Sylveon|Quick Attack|p1b: Scrafty
|-supereffective|p1b: Scrafty|2
|-damage|p1b: Scrafty|0 fnt
|faint|p1b: Scrafty
|move|p1a: Torkoal|Eruption|p2a: Charizard|[spread] p2a,p2b
|-resisted|p2a: Charizard|1
|-damage|p2a: Charizard|0 fnt
|-damage|p2b: Sylveon|12/100
|faint|p2a: Charizard
|
|-weather|SunnyDay|[upkeep]
|upkeep
|
|t:|1783883652
|switch|p1b: Sylveon|Sylveon, L50, M|100/100
|switch|p2a: Garchomp|Garchomp, L50, F|100/100
|turn|4
|
|t:|1783883662
|move|p2b: Sylveon|Detect|p2b: Sylveon
|-singleturn|p2b: Sylveon|Protect
|move|p2a: Garchomp|Protect|p2a: Garchomp
|-singleturn|p2a: Garchomp|Protect
|move|p1a: Torkoal|Eruption|p2b: Sylveon|[spread] 
|-activate|p2a: Garchomp|move: Protect
|-activate|p2b: Sylveon|move: Protect
|move|p1b: Sylveon|Hyper Voice|p2b: Sylveon|[spread] 
|-activate|p2a: Garchomp|move: Protect
|-activate|p2b: Sylveon|move: Protect
|
|-weather|SunnyDay|[upkeep]
|upkeep
|turn|5
|
|t:|1783883674
|switch|p2a: Kingambit|Kingambit, L50, M|100/100
|move|p2b: Sylveon|Quick Attack|p1b: Sylveon
|-damage|p1b: Sylveon|89/100
|move|p1a: Torkoal|Eruption|p2b: Sylveon|[spread] p2a,p2b
|-supereffective|p2a: Kingambit|1
|-enditem|p2a: Kingambit|Focus Sash
|-damage|p2a: Kingambit|1/100
|-damage|p2b: Sylveon|0 fnt
|faint|p2b: Sylveon
|move|p1b: Sylveon|Hyper Voice|p2a: Kingambit
|-damage|p2a: Kingambit|0 fnt
|faint|p2a: Kingambit
|
|-weather|none
|-fieldend|move: Trick Room
|upkeep
|
|t:|1783883678
|switch|p2b: Garchomp|Garchomp, L50, F|100/100
|turn|6
|
|t:|1783883689
|move|p1a: Torkoal|Helping Hand|p1b: Sylveon
|-singleturn|p1b: Sylveon|Helping Hand|[of] p1a: Torkoal
|move|p2b: Garchomp|Earthquake|p1b: Sylveon|[spread] p1a,p1b
|-supereffective|p1a: Torkoal|1
|-damage|p1a: Torkoal|19/100
|-damage|p1b: Sylveon|24/100
|-damage|p2b: Garchomp|90/100|[from] item: Life Orb
|move|p1b: Sylveon|Hyper Voice|p2b: Garchomp
|-supereffective|p2b: Garchomp|1
|-damage|p2b: Garchomp|0 fnt
|faint|p2b: Garchomp
|
|win|sweetlysunny
||new mental is ready for game 2.
||sweetlysunny is ready for game 2.
|uhtml|next|Next: Game 2 of 3
|l|☆sweetlysunny
|player|p1|
