|j|☆BobElephant
|j|☆omegaxxxx
|html|BobElephantomegaxxxx    
|uhtml|bestof|Game 1 of a best-of-3
|t:|1784398905
|gametype|doubles
|player|p1|BobElephant|lucas|
|player|p2|omegaxxxx|unknownf|
|gen|9
|tier|[Gen 9 Champions] VGC 2026 Reg M-B (Bo3)
|rule|Species Clause: Limit one of each Pokémon
|rule|Item Clause: Limit 1 of each item
|clearpoke
|poke|p1|Mawile, L50, F|
|poke|p1|Tauros-Paldea-Combat, L50, M|
|poke|p1|Talonflame, L50, F|
|poke|p1|Clefable, L50, F|
|poke|p1|Malamar, L50, M|
|poke|p1|Dragonite, L50, F|
|poke|p2|Politoed, L50, F|
|poke|p2|Mawile, L50, F|
|poke|p2|Mimikyu, L50, F|
|poke|p2|Annihilape, L50, M, shiny|
|poke|p2|Dragonite, L50, M, shiny|
|poke|p2|Maushold, L50, shiny|
|teampreview|4
|showteam|p1|Mawile||Mawilite|HyperCutter|PlayRough,IronHead,RockSlide,Protect|Adamant||F|||50|]Tauros-Paldea-Combat||LifeOrb|Intimidate|HighHorsepower,RockSlide,CloseCombat,Protect|Adamant||M|||50|]Talonflame||MentalHerb|GaleWings|DualWingbeat,QuickGuard,RainDance,Tailwind|Jolly||F|||50|]Clefable||SitrusBerry|Unaware|FollowMe,HelpingHand,Moonblast,Protect|Calm||F|||50|]Malamar||RoseliBerry|Contrary|Superpower,Protect,KnockOff,TrickRoom|Relaxed||M|||50|]Dragonite||Dragoninite|InnerFocus|Hurricane,DragonPulse,Protect,ExtremeSpeed|Hasty||F|||50|
|showteam|p2|Politoed||Leftovers|Drizzle|WeatherBall,HelpingHand,IcyWind,Protect|Timid||F|||50|]Mawile||Mawilite|Intimidate|PlayRough,SuckerPunch,IronHead,Protect|Adamant||F|||50|]Mimikyu||MentalHerb|Disguise|ShadowSneak,PlayRough,TrickRoom,WillOWisp|Sassy||F|||50|]Annihilape||SitrusBerry|Defiant|RageFist,DrainPunch,BulkUp,Protect|Careful||M|||50|]Dragonite||Dragoninite|Multiscale|Thunder,Hurricane,DragonPulse,Tailwind|Modest||M|||50|]Maushold||FocusSash|FriendGuard|FollowMe,Feint,BeatUp,Protect|Timid|||||50|
|inactive|Battle timer is ON: inactive players will automatically lose when time's up. (requested by BobElephant)
|inactive|BobElephant has 60 seconds left.
|inactive|omegaxxxx has 60 seconds left.
|inactive|BobElephant has 30 seconds left.
|inactive|omegaxxxx has 30 seconds left.
|
|t:|1784398970
|teamsize|p1|4
|teamsize|p2|4
|start
|switch|p1a: Dragonite|Dragonite, L50, F|100/100
|switch|p1b: Tauros|Tauros-Paldea-Combat, L50, M|100/100
|switch|p2a: Annihilape|Annihilape, L50, M, shiny|100/100
|switch|p2b: Mimikyu|Mimikyu, L50, F|100/100
|-ability|p1b: Tauros|Intimidate|boost
|-unboost|p2a: Annihilape|atk|1
|-ability|p2a: Annihilape|Defiant|boost
|-boost|p2a: Annihilape|atk|2
|-unboost|p2b: Mimikyu|atk|1
|turn|1
|inactive|BobElephant has 30 seconds left.
|inactive|BobElephant has 20 seconds left.
|inactive|BobElephant has 15 seconds left.
|inactive|BobElephant has 10 seconds left.
|
|t:|1784399019
|switch|p1b: Clefable|Clefable, L50, F|100/100
|detailschange|p1a: Dragonite|Dragonite-Mega, L50, F
|-mega|p1a: Dragonite|Dragonite|Dragoninite
|move|p2a: Annihilape|Protect|p2a: Annihilape
|-singleturn|p2a: Annihilape|Protect
|move|p1a: Dragonite|Hurricane|p2b: Mimikyu
|-activate|p2b: Mimikyu|ability: Disguise
|-damage|p2b: Mimikyu|100/100
|-start|p2b: Mimikyu|confusion
|detailschange|p2b: Mimikyu|Mimikyu-Busted, L50, F
|-damage|p2b: Mimikyu|87/100|[from] pokemon: Mimikyu-Busted
|-activate|p2b: Mimikyu|confusion
|move|p2b: Mimikyu|Trick Room|p2b: Mimikyu
|-fieldstart|move: Trick Room|[of] p2b: Mimikyu
|
|upkeep
|turn|2
|
|t:|1784399033
|move|p1b: Clefable|Follow Me|p1b: Clefable
|-singleturn|p1b: Clefable|move: Follow Me
|-activate|p2b: Mimikyu|confusion
|-damage|p2b: Mimikyu|80/100|[from] confusion
|move|p2a: Annihilape|Bulk Up|p2a: Annihilape
|-boost|p2a: Annihilape|atk|1
|-boost|p2a: Annihilape|def|1
|move|p1a: Dragonite|Hurricane|p2a: Annihilape
|-supereffective|p2a: Annihilape|1
|-damage|p2a: Annihilape|15/100
|-start|p2a: Annihilape|confusion
|-enditem|p2a: Annihilape|Sitrus Berry|[eat]
|-heal|p2a: Annihilape|40/100|[from] item: Sitrus Berry
|
|upkeep
|turn|3
|
|t:|1784399051
|switch|p2b: Maushold|Maushold, L50, shiny|100/100
|move|p1a: Dragonite|Protect|p1a: Dragonite
|-singleturn|p1a: Dragonite|Protect
|move|p1b: Clefable|Moonblast|p2a: Annihilape
|-supereffective|p2a: Annihilape|1
|-damage|p2a: Annihilape|4/100
|-activate|p2a: Annihilape|confusion
|move|p2a: Annihilape|Rage Fist|p1b: Clefable
|-damage|p1b: Clefable|39/100
|-enditem|p1b: Clefable|Sitrus Berry|[eat]
|-heal|p1b: Clefable|63/100|[from] item: Sitrus Berry
|
|upkeep
|turn|4
|inactive|BobElephant has 30 seconds left.
|inactive|BobElephant has 20 seconds left.
|inactive|BobElephant has 15 seconds left.
|
|t:|1784399092
|switch|p1a: Tauros|Tauros-Paldea-Combat, L50, M|100/100
|-ability|p1a: Tauros|Intimidate|boost
|-unboost|p2a: Annihilape|atk|1
|-ability|p2a: Annihilape|Defiant|boost
|-boost|p2a: Annihilape|atk|2
|-unboost|p2b: Maushold|atk|1
|move|p2b: Maushold|Follow Me|p2b: Maushold
|-singleturn|p2b: Maushold|move: Follow Me
|move|p1b: Clefable|Moonblast|p2b: Maushold
|-damage|p2b: Maushold|61/100
|-end|p2a: Annihilape|confusion
|move|p2a: Annihilape|Rage Fist|p1b: Clefable
|-damage|p1b: Clefable|0 fnt
|faint|p1b: Clefable
|
|upkeep
|
|t:|1784399102
|switch|p1b: Malamar|Malamar, L50, M|100/100
|turn|5
|
|t:|1784399117
|move|p1a: Tauros|Protect|p1a: Tauros
|-singleturn|p1a: Tauros|Protect
|move|p2b: Maushold|Follow Me|p2b: Maushold
|-singleturn|p2b: Maushold|move: Follow Me
|move|p1b: Malamar|Superpower|p2b: Maushold
|-supereffective|p2b: Maushold|1
|-damage|p2b: Maushold|0 fnt
|-boost|p1b: Malamar|atk|1
|-boost|p1b: Malamar|def|1
|faint|p2b: Maushold
|move|p2a: Annihilape|Drain Punch|p1b: Malamar
|-damage|p1b: Malamar|62/100
|-heal|p2a: Annihilape|21/100|[from] drain|[of] p1b: Malamar
|
|-fieldend|move: Trick Room
|upkeep
|
|t:|1784399127
|switch|p2b: Mawile|Mawile, L50, F|100/100
|-ability|p2b: Mawile|Intimidate|boost
|-unboost|p1a: Tauros|atk|1
|-boost|p1b: Malamar|atk|1
|turn|6
|inactive|BobElephant has 30 seconds left.
|inactive|BobElephant has 20 seconds left.
|
|t:|1784399164
|detailschange|p2b: Mawile|Mawile-Mega, L50, F
|-mega|p2b: Mawile|Mawile|Mawilite
|move|p2a: Annihilape|Protect|p2a: Annihilape
|-singleturn|p2a: Annihilape|Protect
|move|p1a: Tauros|High Horsepower|p2b: Mawile
|-supereffective|p2b: Mawile|1
|-damage|p2b: Mawile|40/100
|-damage|p1a: Tauros|90/100|[from] item: Life Orb
|move|p1b: Malamar|Knock Off|p2a: Annihilape
|-activate|p2a: Annihilape|move: Protect
|move|p2b: Mawile|Play Rough|p1a: Tauros
|-supereffective|p1a: Tauros|1
|-damage|p1a: Tauros|0 fnt
|faint|p1a: Tauros
|
|upkeep
|
|t:|1784399167
|switch|p1a: Dragonite|Dragonite-Mega, L50, F|100/100
|turn|7
|
|t:|1784399188
|move|p2b: Mawile|Sucker Punch|p1a: Dragonite
|-damage|p1a: Dragonite|75/100
|move|p1a: Dragonite|Dragon Pulse|p2a: Annihilape
|-damage|p2a: Annihilape|0 fnt
|faint|p2a: Annihilape
|move|p1b: Malamar|Superpower|p2b: Mawile
|-damage|p2b: Mawile|0 fnt
|-boost|p1b: Malamar|atk|1
|-boost|p1b: Malamar|def|1
|faint|p2b: Mawile
|
|upkeep
|
|t:|1784399193
|switch|p2b: Mimikyu|Mimikyu-Busted, L50, F|80/100
|turn|8
|
|t:|1784399198
|move|p1a: Dragonite|Hurricane|p2b: Mimikyu|[miss]
|-miss|p1a: Dragonite|p2b: Mimikyu
|move|p2b: Mimikyu|Play Rough|p1a: Dragonite
|-supereffective|p1a: Dragonite|1
|-damage|p1a: Dragonite|12/100
|move|p1b: Malamar|Knock Off|p2b: Mimikyu
|-damage|p2b: Mimikyu|0 fnt
|-enditem|p2b: Mimikyu|Mental Herb|[from] move: Knock Off|[of] p1b: Malamar
|faint|p2b: Mimikyu
|
|win|BobElephant
||BobElephant is ready for game 2.
