|j|☆esotico
|j|☆serbol03
|html|esoticoserbol03    
|uhtml|bestof|Game 2 of a best-of-3
|t:|1756397771
|gametype|doubles
|player|p1|esotico|burgh|1120
|player|p2|serbol03|169|1227
|gen|9
|tier|[Gen 9] VGC 2025 Reg H (Bo3)
|rated|
|rule|Species Clause: Limit one of each Pokémon
|rule|Item Clause: Limit 1 of each item
|clearpoke
|poke|p1|Rillaboom, L50, F|
|poke|p1|Gholdengo, L50|
|poke|p1|Sneasler, L50, M|
|poke|p1|Amoonguss, L50, F|
|poke|p1|Incineroar, L50, M|
|poke|p1|Porygon2, L50|
|poke|p2|Ursaluna-Bloodmoon, L50, M|
|poke|p2|Rillaboom, L50, F|
|poke|p2|Primarina, L50, F|
|poke|p2|Whimsicott, L50, F|
|poke|p2|Incineroar, L50, F|
|poke|p2|Hydreigon, L50, F|
|teampreview|4
|showteam|p1|Rillaboom||AssaultVest|GrassySurge|FakeOut,GrassyGlide,WoodHammer,Uturn|||F|||50|,,,,,Fire]Gholdengo||GrassySeed|GoodasGold|MakeItRain,ShadowBall,NastyPlot,Protect||||||50|,,,,,Water]Sneasler||FocusSash|Unburden|DireClaw,CloseCombat,FakeOut,Protect|||M|||50|,,,,,Stellar]Amoonguss||RockyHelmet|Regenerator|Spore,SludgeBomb,RagePowder,Protect|||F|||50|,,,,,Fairy]Incineroar||SafetyGoggles|Intimidate|FakeOut,KnockOff,PartingShot,WillOWisp|||M|||50|,,,,,Ghost]Porygon2||Eviolite|Download|TeraBlast,IceBeam,Recover,TrickRoom||||||50|,,,,,Flying
|showteam|p2|Ursaluna-Bloodmoon||LifeOrb|MindsEye|BloodMoon,HyperVoice,EarthPower,Protect|||M|||50|,,,,,Normal]Rillaboom||AssaultVest|GrassySurge|FakeOut,WoodHammer,GrassyGlide,HighHorsepower|||F|||50|,,,,,Fire]Primarina||ThroatSpray|LiquidVoice|HyperVoice,Moonblast,Haze,Protect|||F|||50|,,,,,Grass]Whimsicott||CovertCloak|Prankster|Moonblast,Tailwind,Encore,Taunt|||F|||50|,,,,,Water]Incineroar||SafetyGoggles|Intimidate|FlareBlitz,KnockOff,FakeOut,PartingShot|||F|||50|,,,,,Ghost]Hydreigon||ChoiceSpecs|Levitate|DracoMeteor,DarkPulse,HeatWave,EarthPower|||F|||50|,,,,,Ghost
|inactive|Battle timer is ON: inactive players will automatically lose when time's up. (requested by esotico)
|inactive|esotico has 60 seconds left.
|inactive|serbol03 has 60 seconds left.
|
|t:|1756397807
|teamsize|p1|4
|teamsize|p2|4
|start
|switch|p1a: Rillaboom|Rillaboom, L50, F|100/100
|switch|p1b: Gholdengo|Gholdengo, L50|100/100
|switch|p2a: Hydreigon|Hydreigon, L50, F|100/100
|switch|p2b: Rillaboom|Rillaboom, L50, F|100/100
|-fieldstart|move: Grassy Terrain|[from] ability: Grassy Surge|[of] p1a: Rillaboom
|-enditem|p1b: Gholdengo|Grassy Seed
|-boost|p1b: Gholdengo|def|1|[from] item: Grassy Seed
|turn|1
|inactive|serbol03 has 30 seconds left.
|
|t:|1756397841
|-terastallize|p1b: Gholdengo|Water
|move|p1a: Rillaboom|Fake Out|p2b: Rillaboom
|-damage|p2b: Rillaboom|90/100
|move|p2a: Hydreigon|Earth Power|p1b: Gholdengo
|-damage|p1b: Gholdengo|55/100
|move|p1b: Gholdengo|Nasty Plot|p1b: Gholdengo
|-boost|p1b: Gholdengo|spa|2
|cant|p2b: Rillaboom|flinch
|
|-heal|p1b: Gholdengo|61/100|[from] Grassy Terrain
|-heal|p2b: Rillaboom|96/100|[from] Grassy Terrain
|upkeep
|turn|2
|
|t:|1756397859
|switch|p2a: Incineroar|Incineroar, L50, F|100/100
|-ability|p2a: Incineroar|Intimidate|boost
|-unboost|p1a: Rillaboom|atk|1
|-unboost|p1b: Gholdengo|atk|1
|move|p1b: Gholdengo|Protect|p1b: Gholdengo
|-singleturn|p1b: Gholdengo|Protect
|move|p1a: Rillaboom|U-turn|p2b: Rillaboom
|-supereffective|p2b: Rillaboom
|-damage|p2b: Rillaboom|68/100
|
|t:|1756397870
|switch|p1a: Sneasler|Sneasler, L50, M|100/100|[from] U-turn
|move|p2b: Rillaboom|Wood Hammer|p1b: Gholdengo
|-activate|p1b: Gholdengo|move: Protect
|
|-heal|p1b: Gholdengo|66/100|[from] Grassy Terrain
|-heal|p2b: Rillaboom|74/100|[from] Grassy Terrain
|upkeep
|turn|3
|
|t:|1756397884
|move|p1a: Sneasler|Fake Out|p2a: Incineroar
|-damage|p2a: Incineroar|88/100
|cant|p2a: Incineroar|flinch
|move|p1b: Gholdengo|Make It Rain|p2a: Incineroar|[spread] p2a,p2b
|-resisted|p2a: Incineroar
|-damage|p2a: Incineroar|43/100
|-damage|p2b: Rillaboom|20/100
|-unboost|p1b: Gholdengo|spa|1
|move|p2b: Rillaboom|Wood Hammer|p1b: Gholdengo
|-supereffective|p1b: Gholdengo
|-damage|p1b: Gholdengo|0 fnt
|faint|p1b: Gholdengo
|-damage|p2b: Rillaboom|0 fnt|[from] Recoil
|faint|p2b: Rillaboom
|
|-heal|p2a: Incineroar|49/100|[from] Grassy Terrain
|upkeep
|
|t:|1756397900
|switch|p1b: Amoonguss|Amoonguss, L50, F, shiny|100/100
|switch|p2b: Hydreigon|Hydreigon, L50, F|100/100
|turn|4
|inactive|serbol03 has 30 seconds left.
|
|t:|1756397926
|-terastallize|p2b: Hydreigon|Ghost
|move|p1a: Sneasler|Close Combat|p2a: Incineroar
|-supereffective|p2a: Incineroar
|-crit|p2a: Incineroar
|-damage|p2a: Incineroar|0 fnt
|-unboost|p1a: Sneasler|def|1
|-unboost|p1a: Sneasler|spd|1
|faint|p2a: Incineroar
|move|p2b: Hydreigon|Heat Wave|p1a: Sneasler|[spread] p1a,p1b
|-supereffective|p1b: Amoonguss
|-crit|p1b: Amoonguss
|-damage|p1a: Sneasler|18/100
|-damage|p1b: Amoonguss|0 fnt
|-status|p1a: Sneasler|brn
|faint|p1b: Amoonguss
|
|-heal|p1a: Sneasler|24/100 brn|[from] Grassy Terrain
|-damage|p1a: Sneasler|18/100 brn|[from] brn
|upkeep
|c|☆esotico|go play lottery pls
|c|☆serbol03|true
|inactive|esotico has 30 seconds left.
|c|☆esotico|we share the prize
|c|☆serbol03|xd
|
|t:|1756397960
|switch|p2a: Ursaluna|Ursaluna-Bloodmoon, L50, M|100/100
|switch|p1b: Rillaboom|Rillaboom, L50, F|100/100
|turn|5
|
|t:|1756397979
|move|p1a: Sneasler|Dire Claw|p2b: Hydreigon
|-resisted|p2b: Hydreigon
|-damage|p2b: Hydreigon|89/100
|move|p2b: Hydreigon|Heat Wave|p1b: Rillaboom|[spread] p1a,p1b
|-supereffective|p1b: Rillaboom
|-damage|p1a: Sneasler|0 fnt
|-damage|p1b: Rillaboom|48/100
|faint|p1a: Sneasler
|move|p1b: Rillaboom|Wood Hammer|p2a: Ursaluna
|-supereffective|p2a: Ursaluna
|-damage|p2a: Ursaluna|0 fnt
|faint|p2a: Ursaluna
|-damage|p1b: Rillaboom|18/100|[from] Recoil
|
|-heal|p1b: Rillaboom|24/100|[from] Grassy Terrain
|-fieldend|move: Grassy Terrain
|upkeep
|turn|6
|
|t:|1756397993
|move|p2b: Hydreigon|Heat Wave|p1b: Rillaboom
|-supereffective|p1b: Rillaboom
|-damage|p1b: Rillaboom|0 fnt
|faint|p1b: Rillaboom
|
|win|serbol03
