|j|☆bdude
|j|☆battle sim trainer
|html|bdudebattle sim trainer    
|uhtml|bestof|Game 2 of a best-of-3
|t:|1783706052
|gametype|doubles
|player|p1|bdude|ghetsis-gen5bw|1259
|player|p2|battle sim trainer|turo|1142
|gen|9
|tier|[Gen 9 Champions] VGC 2026 Reg M-B (Bo3)
|rated|
|rule|Species Clause: Limit one of each Pokémon
|rule|Item Clause: Limit 1 of each item
|clearpoke
|poke|p1|Sinistcha, L50|
|poke|p1|Incineroar, L50, F|
|poke|p1|Milotic, L50, M|
|poke|p1|Raichu, L50, F|
|poke|p1|Ceruledge, L50, F|
|poke|p1|Floette-Eternal, L50, F|
|poke|p2|Swampert, L50, M|
|poke|p2|Pelipper, L50, F|
|poke|p2|Archaludon, L50, M|
|poke|p2|Grimmsnarl, L50, M|
|poke|p2|Sinistcha, L50|
|poke|p2|Gallade, L50, M|
|teampreview|4
|showteam|p1|Sinistcha||KasibBerry|Hospitality|MatchaGotcha,LifeDew,RagePowder,Protect|Relaxed|||||50|]Incineroar||SitrusBerry|Intimidate|FlareBlitz,ThroatChop,FakeOut,PartingShot|Impish||F|||50|]Milotic||Leftovers|Competitive|MuddyWater,Coil,Hypnosis,Protect|Calm||M|||50|]Raichu||RaichuniteY|LightningRod|ZapCannon,FocusBlast,Protect,FakeOut|Timid||F|||50|]Ceruledge||ColburBerry|FlashFire|BitterBlade,ShadowSneak,BulkUp,Protect|Adamant||F|||50|]Floette-Eternal||Floettite|FlowerVeil|DrainingKiss,CalmMind,DazzlingGleam,Protect|Timid||F|||50|
|showteam|p2|Swampert||Swampertite|Damp|WaveCrash,Earthquake,IcePunch,Protect|Adamant||M|||50|]Pelipper||SitrusBerry|Drizzle|Hurricane,WeatherBall,Tailwind,Protect|Modest||F|||50|]Archaludon||Leftovers|Stamina|ElectroShot,DragonPulse,FlashCannon,Protect|Modest||M|||50|]Grimmsnarl||LightClay|Prankster|SpiritBreak,Reflect,LightScreen,PartingShot|Careful||M|||50|]Sinistcha||CobaBerry|Hospitality|LifeDew,MatchaGotcha,TrickRoom,RagePowder|Bold|||||50|]Gallade||Galladite|Sharpness|SwordsDance,PsychoCut,CloseCombat,HealPulse|Jolly||M|||50|
|inactive|Battle timer is ON: inactive players will automatically lose when time's up. (requested by bdude)
|c|☆battle sim trainer|I'm up all night to get lucky
|c|☆bdude|._.
|inactive|bdude has 60 seconds left.
|inactive|battle sim trainer has 60 seconds left.
|
|t:|1783706104
|teamsize|p1|4
|teamsize|p2|4
|start
|switch|p1a: Milotic|Milotic, L50, M|100/100
|switch|p1b: Raichu|Raichu, L50, F|100/100
|switch|p2a: Swampert|Swampert, L50, M|100/100
|switch|p2b: Gallade|Gallade, L50, M|100/100
|turn|1
|
|t:|1783706123
|detailschange|p1b: Raichu|Raichu-Mega-Y, L50, F
|-mega|p1b: Raichu|Raichu|Raichunite Y
|detailschange|p2a: Swampert|Swampert-Mega, L50, M
|-mega|p2a: Swampert|Swampert|Swampertite
|move|p1b: Raichu|Fake Out|p2a: Swampert
|-damage|p2a: Swampert|92/100
|move|p2b: Gallade|Swords Dance|p2b: Gallade
|-boost|p2b: Gallade|atk|2
|cant|p2a: Swampert|flinch
|move|p1a: Milotic|Coil|p1a: Milotic
|-boost|p1a: Milotic|atk|1
|-boost|p1a: Milotic|def|1
|-boost|p1a: Milotic|accuracy|1
|
|upkeep
|turn|2
|inactive|battle sim trainer has 30 seconds left.
|
|t:|1783706148
|move|p1b: Raichu|Zap Cannon|p2b: Gallade
|-damage|p2b: Gallade|36/100
|-status|p2b: Gallade|par
|move|p2a: Swampert|Wave Crash|p1b: Raichu
|-damage|p1b: Raichu|0 fnt
|faint|p1b: Raichu
|-damage|p2a: Swampert|67/100|[from] Recoil
|move|p1a: Milotic|Hypnosis||[still]
|-fail|p1a: Milotic
|move|p2b: Gallade|Psycho Cut|p1a: Milotic
|-damage|p1a: Milotic|37/100
|
|-heal|p1a: Milotic|43/100|[from] item: Leftovers
|upkeep
|
|t:|1783706160
|switch|p1b: Sinistcha|Sinistcha, L50|100/100
|-heal|p1a: Milotic|68/100|[from] ability: Hospitality|[of] p1b: Sinistcha
|turn|3
|
|t:|1783706181
|switch|p2a: Sinistcha|Sinistcha, L50|100/100
|-heal|p2b: Gallade|60/100 par|[from] ability: Hospitality|[of] p2a: Sinistcha
|switch|p1b: Incineroar|Incineroar, L50, F|100/100
|-ability|p1b: Incineroar|Intimidate|boost
|-unboost|p2a: Sinistcha|atk|1
|-unboost|p2b: Gallade|atk|1
|move|p1a: Milotic|Protect|p1a: Milotic
|-singleturn|p1a: Milotic|Protect
|cant|p2b: Gallade|par
|
|-heal|p1a: Milotic|74/100|[from] item: Leftovers
|upkeep
|turn|4
|
|t:|1783706202
|move|p1b: Incineroar|Fake Out|p2b: Gallade
|-damage|p2b: Gallade|45/100 par
|move|p1a: Milotic|Coil|p1a: Milotic
|-boost|p1a: Milotic|atk|1
|-boost|p1a: Milotic|def|1
|-boost|p1a: Milotic|accuracy|1
|move|p2a: Sinistcha|Matcha Gotcha|p1b: Incineroar|[spread] p1a,p1b
|-supereffective|p1a: Milotic|1
|-resisted|p1b: Incineroar|1
|-damage|p1a: Milotic|49/100
|-damage|p1b: Incineroar|89/100
|cant|p2b: Gallade|flinch
|
|-heal|p1a: Milotic|55/100|[from] item: Leftovers
|upkeep
|turn|5
|
|t:|1783706223
|move|p1a: Milotic|Protect|p1a: Milotic
|-singleturn|p1a: Milotic|Protect
|move|p2a: Sinistcha|Matcha Gotcha|p1a: Milotic|[spread] p1b
|-activate|p1a: Milotic|move: Protect
|-resisted|p1b: Incineroar|1
|-damage|p1b: Incineroar|80/100
|move|p1b: Incineroar|Flare Blitz|p2a: Sinistcha
|-supereffective|p2a: Sinistcha|1
|-damage|p2a: Sinistcha|29/100
|-status|p2a: Sinistcha|brn
|-damage|p1b: Incineroar|59/100|[from] Recoil
|move|p2b: Gallade|Psycho Cut|p1a: Milotic
|-activate|p1a: Milotic|move: Protect
|
|-heal|p1a: Milotic|61/100|[from] item: Leftovers
|-damage|p2a: Sinistcha|23/100 brn|[from] brn
|upkeep
|turn|6
|
|t:|1783706239
|switch|p1b: Sinistcha|Sinistcha, L50|100/100
|-heal|p1a: Milotic|86/100|[from] ability: Hospitality|[of] p1b: Sinistcha
|move|p1a: Milotic|Muddy Water|p2a: Sinistcha|[spread] p2a,p2b
|-resisted|p2a: Sinistcha|1
|-damage|p2a: Sinistcha|11/100 brn
|-damage|p2b: Gallade|23/100 par
|-unboost|p2a: Sinistcha|accuracy|1
|move|p2a: Sinistcha|Matcha Gotcha|p1b: Sinistcha|[spread] p1b
|-miss|p2a: Sinistcha|p1a: Milotic
|-resisted|p1b: Sinistcha|1
|-damage|p1b: Sinistcha|89/100
|-heal|p2a: Sinistcha|16/100 brn|[from] drain|[of] p1b: Sinistcha
|move|p2b: Gallade|Close Combat|p1b: Sinistcha
|-immune|p1b: Sinistcha
|
|-heal|p1a: Milotic|92/100|[from] item: Leftovers
|-damage|p2a: Sinistcha|10/100 brn|[from] brn
|upkeep
|turn|7
|inactive|battle sim trainer has 30 seconds left.
|
|t:|1783706268
|switch|p2a: Pelipper|Pelipper, L50, F|100/100
|-weather|RainDance|[from] ability: Drizzle|[of] p2a: Pelipper
|move|p1a: Milotic|Muddy Water|p2b: Gallade|[spread] p2a,p2b
|-resisted|p2a: Pelipper|1
|-damage|p2a: Pelipper|80/100
|-damage|p2b: Gallade|0 fnt
|-unboost|p2a: Pelipper|accuracy|1
|faint|p2b: Gallade
|move|p1b: Sinistcha|Life Dew|p1b: Sinistcha|[spread] p1a,p1b
|-heal|p1a: Milotic|100/100
|-heal|p1b: Sinistcha|100/100
|
|-weather|RainDance|[upkeep]
|upkeep
|inactive|battle sim trainer has 30 seconds left.
|
|t:|1783706298
|switch|p2b: Swampert|Swampert-Mega, L50, M|67/100
|turn|8
|
|t:|1783706318
|move|p1a: Milotic|Protect|p1a: Milotic
|-singleturn|p1a: Milotic|Protect
|move|p2b: Swampert|Ice Punch|p1b: Sinistcha
|-supereffective|p1b: Sinistcha|1
|-damage|p1b: Sinistcha|48/100
|-status|p1b: Sinistcha|frz
|move|p2a: Pelipper|Hurricane|p1b: Sinistcha
|-supereffective|p1b: Sinistcha|1
|-damage|p1b: Sinistcha|0 fnt
|faint|p1b: Sinistcha
|
|-weather|RainDance|[upkeep]
|upkeep
|
|t:|1783706330
|switch|p1b: Incineroar|Incineroar, L50, F|59/100
|-ability|p1b: Incineroar|Intimidate|boost
|-unboost|p2a: Pelipper|atk|1
|-unboost|p2b: Swampert|atk|1
|turn|9
|
|t:|1783706348
|move|p1b: Incineroar|Fake Out|p2a: Pelipper
|-damage|p2a: Pelipper|69/100
|move|p2b: Swampert|Earthquake|p1b: Incineroar|[spread] p1a,p1b
|-immune|p2a: Pelipper
|-crit|p1a: Milotic
|-supereffective|p1b: Incineroar|1
|-crit|p1b: Incineroar
|-damage|p1a: Milotic|33/100
|-damage|p1b: Incineroar|0 fnt
|faint|p1b: Incineroar
|move|p1a: Milotic|Hypnosis|p2a: Pelipper
|-status|p2a: Pelipper|slp|[from] move: Hypnosis
|cant|p2a: Pelipper|slp
|
|-weather|RainDance|[upkeep]
|-heal|p1a: Milotic|39/100|[from] item: Leftovers
|upkeep
|turn|10
|inactive|battle sim trainer has 30 seconds left.
|
|t:|1783706373
|move|p2b: Swampert|Wave Crash|p1a: Milotic
|-resisted|p1a: Milotic|1
|-damage|p1a: Milotic|17/100
|-damage|p2b: Swampert|59/100|[from] Recoil
|move|p1a: Milotic|Hypnosis|p2b: Swampert
|-status|p2b: Swampert|slp|[from] move: Hypnosis
|cant|p2a: Pelipper|slp
|
|-weather|RainDance|[upkeep]
|-heal|p1a: Milotic|23/100|[from] item: Leftovers
|upkeep
|turn|11
|
|t:|1783706387
|cant|p2b: Swampert|slp
|move|p1a: Milotic|Coil|p1a: Milotic
|-boost|p1a: Milotic|atk|1
|-boost|p1a: Milotic|def|1
|-boost|p1a: Milotic|accuracy|1
|-curestatus|p2a: Pelipper|slp|[msg]
|move|p2a: Pelipper|Hurricane|p1a: Milotic
|-damage|p1a: Milotic|0 fnt
|faint|p1a: Milotic
|
|win|battle sim trainer
|raw|bdude's rating: 1259 → 1226(-33 for losing)
|raw|battle sim trainer's rating: 1142 → 1175(+33 for winning)
|l|☆bdude
|player|p1|
