|j|☆dambro222
|j|☆red gate 0
|html|dambro222red gate 0    
|uhtml|bestof|Game 2 of a best-of-3
|t:|1756710740
|gametype|doubles
|player|p1|dambro222|169|1214
|player|p2|red gate 0|n|1186
|gen|9
|tier|[Gen 9] VGC 2025 Reg H (Bo3)
|rated|
|rule|Species Clause: Limit one of each Pokémon
|rule|Item Clause: Limit 1 of each item
|clearpoke
|poke|p1|Dragonite, L50, M|
|poke|p1|Volcarona, L50, F|
|poke|p1|Sneasler, L50, M|
|poke|p1|Rillaboom, L50, M|
|poke|p1|Electabuzz, L50, M|
|poke|p1|Kingambit, L50, M|
|poke|p2|Sneasler, L50, M|
|poke|p2|Gholdengo, L50|
|poke|p2|Ninetales-Alola, L50, F|
|poke|p2|Arcanine-Hisui, L50, M|
|poke|p2|Amoonguss, L50, F|
|poke|p2|Rillaboom, L50, M|
|teampreview|4
|showteam|p1|Dragonite||LoadedDice|Multiscale|ScaleShot,ExtremeSpeed,Haze,Protect|||M|||50|,,,,,Fairy]Volcarona||CovertCloak|FlameBody|HeatWave,TeraBlast,QuiverDance,Protect|||F|||50|,,,,,Fairy]Sneasler||FocusSash|Unburden|CloseCombat,DireClaw,RockSlide,Protect|||M|||50|,,,,,Stellar]Rillaboom||AssaultVest|GrassySurge|WoodHammer,GrassyGlide,HighHorsepower,FakeOut|||M|||50|,,,,,Water]Electabuzz||Eviolite|VitalSpirit|Electroweb,FollowMe,Taunt,Protect|||M|||50|,,,,,Ghost]Kingambit||BlackGlasses|Defiant|KowtowCleave,SuckerPunch,SwordsDance,Protect|||M|||50|,,,,,Dark
|showteam|p2|Sneasler||FocusSash|PoisonTouch|DireClaw,CloseCombat,FakeOut,Protect|||M|||50|,,,,,Stellar]Gholdengo||GrassySeed|GoodasGold|MakeItRain,ShadowBall,NastyPlot,Protect||||||50|,,,,,Water]Ninetales-Alola||LightClay|SnowWarning|IcyWind,FreezeDry,AuroraVeil,Protect|||F|||50|,,,,,Ghost]Arcanine-Hisui||ClearAmulet|Intimidate|FlareBlitz,RockSlide,ExtremeSpeed,Protect|||M|||50|,,,,,Ghost]Amoonguss||SitrusBerry|Regenerator|ClearSmog,PollenPuff,Spore,RagePowder|||F|||50|,,,,,Water]Rillaboom||AssaultVest|GrassySurge|WoodHammer,GrassyGlide,HighHorsepower,FakeOut|||M|||50|,,,,,Fire
|inactive|Battle timer is ON: inactive players will automatically lose when time's up. (requested by dambro222)
|inactive|red gate 0 also wants the timer to be on.
|inactive|dambro222 has 60 seconds left.
|
|t:|1756710792
|teamsize|p1|4
|teamsize|p2|4
|start
|switch|p1a: Electabuzz|Electabuzz, L50, M|100/100
|switch|p1b: Kingambit|Kingambit, L50, M, shiny|100/100
|switch|p2a: Arcanine|Arcanine-Hisui, L50, M|100/100
|switch|p2b: Sneasler|Sneasler, L50, M, shiny|100/100
|-ability|p2a: Arcanine|Intimidate|boost
|-unboost|p1a: Electabuzz|atk|1
|-unboost|p1b: Kingambit|atk|1
|-ability|p1b: Kingambit|Defiant|boost
|-boost|p1b: Kingambit|atk|2
|turn|1
|
|t:|1756710809
|switch|p2a: Ninetales|Ninetales-Alola, L50, F, shiny|100/100
|-weather|Snowscape|[from] ability: Snow Warning|[of] p2a: Ninetales
|move|p1a: Electabuzz|Protect|p1a: Electabuzz
|-singleturn|p1a: Electabuzz|Protect
|move|p1b: Kingambit|Protect|p1b: Kingambit
|-singleturn|p1b: Kingambit|Protect
|move|p2b: Sneasler|Fake Out|p1a: Electabuzz
|-activate|p1a: Electabuzz|move: Protect
|
|-weather|Snowscape|[upkeep]
|upkeep
|turn|2
|inactive|dambro222 has 30 seconds left.
|
|t:|1756710841
|move|p1a: Electabuzz|Follow Me|p1a: Electabuzz
|-singleturn|p1a: Electabuzz|move: Follow Me
|move|p2b: Sneasler|Dire Claw|p1a: Electabuzz
|-damage|p1a: Electabuzz|68/100
|-status|p1a: Electabuzz|psn|[from] ability: Poison Touch|[of] p2b: Sneasler
|move|p2a: Ninetales|Aurora Veil|p2a: Ninetales
|-sidestart|p2: red gate 0|move: Aurora Veil
|move|p1b: Kingambit|Swords Dance|p1b: Kingambit
|-boost|p1b: Kingambit|atk|2
|
|-weather|Snowscape|[upkeep]
|-damage|p1a: Electabuzz|56/100 psn|[from] psn
|upkeep
|turn|3
|
|t:|1756710862
|move|p1b: Kingambit|Protect|p1b: Kingambit
|-singleturn|p1b: Kingambit|Protect
|move|p2b: Sneasler|Close Combat|p1b: Kingambit
|-activate|p1b: Kingambit|move: Protect
|move|p2a: Ninetales|Freeze-Dry|p1a: Electabuzz
|-damage|p1a: Electabuzz|35/100 psn
|move|p1a: Electabuzz|Electroweb|p2b: Sneasler|[spread] p2a
|-miss|p1a: Electabuzz|p2b: Sneasler
|-damage|p2a: Ninetales|89/100
|-unboost|p2a: Ninetales|spe|1
|
|-weather|Snowscape|[upkeep]
|-damage|p1a: Electabuzz|23/100 psn|[from] psn
|upkeep
|turn|4
|
|t:|1756710882
|-terastallize|p1b: Kingambit|Dark
|move|p2b: Sneasler|Protect|p2b: Sneasler
|-singleturn|p2b: Sneasler|Protect
|move|p1b: Kingambit|Sucker Punch|p2a: Ninetales
|-resisted|p2a: Ninetales
|-damage|p2a: Ninetales|34/100
|move|p1a: Electabuzz|Electroweb|p2b: Sneasler|[spread] p2a
|-activate|p2b: Sneasler|move: Protect
|-damage|p2a: Ninetales|23/100
|-unboost|p2a: Ninetales|spe|1
|move|p2a: Ninetales|Freeze-Dry|p1a: Electabuzz
|-damage|p1a: Electabuzz|0 fnt
|faint|p1a: Electabuzz
|
|-weather|Snowscape|[upkeep]
|upkeep
|
|t:|1756710898
|switch|p1a: Sneasler|Sneasler, L50, M|100/100
|turn|5
|
|t:|1756710917
|switch|p2b: Arcanine|Arcanine-Hisui, L50, M|100/100
|-ability|p2b: Arcanine|Intimidate|boost
|-unboost|p1a: Sneasler|atk|1
|-unboost|p1b: Kingambit|atk|1
|-ability|p1b: Kingambit|Defiant|boost
|-boost|p1b: Kingambit|atk|2
|switch|p2a: Gholdengo|Gholdengo, L50|100/100
|move|p1b: Kingambit|Sucker Punch||[still]
|-fail|p1b: Kingambit
|move|p1a: Sneasler|Dire Claw|p2b: Arcanine
|-resisted|p2b: Arcanine
|-damage|p2b: Arcanine|90/100
|-status|p2b: Arcanine|par
|
|-weather|none
|upkeep
|turn|6
|inactive|dambro222 has 30 seconds left.
|inactive|red gate 0 has 30 seconds left.
|
|t:|1756710947
|move|p1b: Kingambit|Sucker Punch|p2b: Arcanine
|-damage|p2b: Arcanine|0 fnt
|faint|p2b: Arcanine
|move|p1a: Sneasler|Close Combat|p2a: Gholdengo
|-immune|p2a: Gholdengo
|move|p2a: Gholdengo|Nasty Plot|p2a: Gholdengo
|-boost|p2a: Gholdengo|spa|2
|
|upkeep
|
|t:|1756710958
|switch|p2b: Sneasler|Sneasler, L50, M, shiny|100/100
|turn|7
|
|t:|1756710970
|move|p1a: Sneasler|Protect|p1a: Sneasler
|-singleturn|p1a: Sneasler|Protect
|move|p1b: Kingambit|Protect|p1b: Kingambit
|-singleturn|p1b: Kingambit|Protect
|move|p2b: Sneasler|Fake Out|p1a: Sneasler
|-activate|p1a: Sneasler|move: Protect
|move|p2a: Gholdengo|Nasty Plot|p2a: Gholdengo
|-boost|p2a: Gholdengo|spa|2
|
|upkeep
|turn|8
|inactive|dambro222 has 30 seconds left.
|
|t:|1756710998
|-terastallize|p2b: Sneasler|Stellar
|move|p2a: Gholdengo|Protect|p2a: Gholdengo
|-singleturn|p2a: Gholdengo|Protect
|move|p1b: Kingambit|Sucker Punch||[still]
|-fail|p1b: Kingambit
|move|p1a: Sneasler|Rock Slide|p2a: Gholdengo|[spread] p2b
|-activate|p2a: Gholdengo|move: Protect
|-resisted|p2b: Sneasler
|-damage|p2b: Sneasler|93/100
|move|p2b: Sneasler|Close Combat|p1b: Kingambit
|-supereffective|p1b: Kingambit
|-damage|p1b: Kingambit|0 fnt
|-unboost|p2b: Sneasler|def|1
|-unboost|p2b: Sneasler|spd|1
|faint|p1b: Kingambit
|
|upkeep
|
|t:|1756711010
|switch|p1b: Volcarona|Volcarona, L50, F|100/100
|turn|9
|
|t:|1756711026
|move|p1b: Volcarona|Protect|p1b: Volcarona
|-singleturn|p1b: Volcarona|Protect
|move|p1a: Sneasler|Rock Slide|p2a: Gholdengo|[spread] p2a
|-miss|p1a: Sneasler|p2b: Sneasler
|-resisted|p2a: Gholdengo
|-damage|p2a: Gholdengo|96/100
|move|p2b: Sneasler|Dire Claw|p1a: Sneasler
|-resisted|p1a: Sneasler
|-damage|p1a: Sneasler|50/100
|cant|p2a: Gholdengo|flinch
|
|-sideend|p2: red gate 0|move: Aurora Veil
|upkeep
|turn|10
|
|t:|1756711042
|move|p2b: Sneasler|Dire Claw|p1b: Volcarona
|-damage|p1b: Volcarona|46/100
|move|p1a: Sneasler|Rock Slide|p2b: Sneasler|[spread] p2a,p2b
|-resisted|p2a: Gholdengo
|-resisted|p2b: Sneasler
|-damage|p2a: Gholdengo|89/100
|-damage|p2b: Sneasler|77/100
|move|p1b: Volcarona|Heat Wave|p2a: Gholdengo|[spread] p2a,p2b
|-supereffective|p2a: Gholdengo
|-damage|p2a: Gholdengo|14/100
|-damage|p2b: Sneasler|1/100
|move|p2a: Gholdengo|Make It Rain|p1a: Sneasler|[spread] p1a,p1b
|-resisted|p1b: Volcarona
|-damage|p1a: Sneasler|0 fnt
|-damage|p1b: Volcarona|0 fnt
|-unboost|p2a: Gholdengo|spa|1
|faint|p1a: Sneasler
|faint|p1b: Volcarona
|
|win|red gate 0
|raw|dambro222's rating: 1214 → 1187(-27 for losing)
|raw|red gate 0's rating: 1186 → 1213(+27 for winning)
