|j|☆GuacGangster826
|j|☆pwndnoob1
|html|GuacGangster826pwndnoob1    
|uhtml|bestof|Game 2 of a best-of-3
|t:|1785266369
|gametype|doubles
|player|p1|GuacGangster826|ingo|
|player|p2|pwndnoob1|chuck|
|gen|9
|tier|[Gen 9 Champions] VGC 2026 Reg M-B (Bo3)
|rule|Species Clause: Limit one of each Pokémon
|rule|Item Clause: Limit 1 of each item
|clearpoke
|poke|p1|Pyroar, L50, F, shiny|
|poke|p1|Sableye, L50, M, shiny|
|poke|p1|Scrafty, L50, M, shiny|
|poke|p1|Raichu, L50, F, shiny|
|poke|p1|Ninetales, L50, M, shiny|
|poke|p1|Gallade, L50, M, shiny|
|poke|p2|Basculegion, L50, M|
|poke|p2|Sneasler, L50, M|
|poke|p2|Scrafty, L50, F|
|poke|p2|Noivern, L50, M|
|poke|p2|Wyrdeer, L50, M|
|poke|p2|Alcremie, L50, F|
|teampreview|4
|showteam|p1|Pyroar||Pyroarite|Unnerve|HeatWave,HyperVoice,WillOWisp,Protect|Timid||F|||50|]Sableye||FocusSash|Prankster|Reflect,SunnyDay,Quash,Protect|Bold||M|||50|]Scrafty||SitrusBerry|Intimidate|FakeOut,KnockOff,HelpingHand,Protect|Careful||M|||50|]Raichu||KingsRock|Static|Electroweb,Endeavor,Nuzzle,FakeOut|Hasty||F|||50|]Ninetales||SmoothRock|Drought|WeatherBall,Encore,WillOWisp,Protect|Calm||M|||50|]Gallade||LifeOrb|Sharpness|PsychoCut,SacredSword,LeafBlade,Protect|Jolly||M|||50|
|showteam|p2|Basculegion||ChoiceScarf|Adaptability|LastRespects,WaveCrash,FlipTurn,AquaJet|Adamant||M|||50|]Sneasler||FocusSash|Unburden|CloseCombat,Acrobatics,FakeOut,RainDance|Jolly||M|||50|]Scrafty||Scraftinite|Intimidate|Detect,DrainPunch,IronHead,FakeOut|Careful||F|||50|]Noivern||MentalHerb|Frisk|Tailwind,Protect,AirSlash,DracoMeteor|Calm||M|||50|]Wyrdeer||LifeOrb|Intimidate|TrickRoom,Earthquake,Protect,HighHorsepower|Careful||M|||50|]Alcremie||SitrusBerry|AromaVeil|Decorate,DazzlingGleam,Protect,HelpingHand|Calm||F|||50|
|
|t:|1785266422
|teamsize|p1|4
|teamsize|p2|4
|start
|switch|p1a: Gallade|Gallade, L50, M, shiny|100/100
|switch|p1b: Scrafty|Scrafty, L50, M, shiny|100/100
|switch|p2a: Noivern|Noivern, L50, M|100/100
|switch|p2b: Sneasler|Sneasler, L50, M|100/100
|-item|p1a: Gallade|Life Orb|[from] ability: Frisk|[of] p2a: Noivern
|-item|p1b: Scrafty|Sitrus Berry|[from] ability: Frisk|[of] p2a: Noivern
|-ability|p1b: Scrafty|Intimidate|boost
|-unboost|p2a: Noivern|atk|1
|-unboost|p2b: Sneasler|atk|1
|turn|1
|
|t:|1785266454
|move|p2b: Sneasler|Fake Out|p1b: Scrafty
|-damage|p1b: Scrafty|91/100
|cant|p1b: Scrafty|flinch
|move|p2a: Noivern|Tailwind|p2a: Noivern
|-sidestart|p2: pwndnoob1|move: Tailwind
|move|p1a: Gallade|Psycho Cut|p2b: Sneasler
|-supereffective|p2b: Sneasler|2
|-enditem|p2b: Sneasler|Focus Sash
|-damage|p2b: Sneasler|1/100
|-damage|p1a: Gallade|90/100|[from] item: Life Orb
|
|upkeep
|turn|2
|
|t:|1785266486
|move|p1a: Gallade|Protect|p1a: Gallade
|-singleturn|p1a: Gallade|Protect
|move|p2b: Sneasler|Acrobatics|p1a: Gallade
|-activate|p1a: Gallade|move: Protect
|move|p2a: Noivern|Air Slash|p1b: Scrafty
|-supereffective|p1b: Scrafty|1
|-damage|p1b: Scrafty|56/100
|move|p1b: Scrafty|Knock Off|p2a: Noivern
|-damage|p2a: Noivern|67/100
|-enditem|p2a: Noivern|Mental Herb|[from] move: Knock Off|[of] p1b: Scrafty
|
|upkeep
|turn|3
|
|t:|1785266524
|switch|p1a: Raichu|Raichu, L50, F, shiny|100/100
|move|p1b: Scrafty|Protect|p1b: Scrafty
|-singleturn|p1b: Scrafty|Protect
|move|p2b: Sneasler|Acrobatics|p1b: Scrafty
|-activate|p1b: Scrafty|move: Protect
|move|p2a: Noivern|Air Slash|p1a: Raichu
|-resisted|p1a: Raichu|1
|-damage|p1a: Raichu|83/100
|
|upkeep
|turn|4
|
|t:|1785266549
|switch|p2b: Scrafty|Scrafty, L50, F|100/100
|-ability|p2b: Scrafty|Intimidate|boost
|-unboost|p1a: Raichu|atk|1
|-unboost|p1b: Scrafty|atk|1
|move|p2a: Noivern|Protect|p2a: Noivern
|-singleturn|p2a: Noivern|Protect
|move|p1a: Raichu|Electroweb|p2a: Noivern|[spread] p2b
|-activate|p2a: Noivern|move: Protect
|-damage|p2b: Scrafty|90/100
|-unboost|p2b: Scrafty|spe|1
|move|p1b: Scrafty|Knock Off|p2b: Scrafty
|-resisted|p2b: Scrafty|2
|-crit|p2b: Scrafty
|-damage|p2b: Scrafty|83/100
|
|-sideend|p2: pwndnoob1|move: Tailwind
|upkeep
|turn|5
|
|t:|1785266611
|switch|p1b: Gallade|Gallade, L50, M, shiny|90/100
|move|p1a: Raichu|Nuzzle|p2b: Scrafty
|-damage|p2b: Scrafty|79/100
|-status|p2b: Scrafty|par
|move|p2a: Noivern|Tailwind|p2a: Noivern
|-sidestart|p2: pwndnoob1|move: Tailwind
|move|p2b: Scrafty|Drain Punch|p1a: Raichu
|-damage|p1a: Raichu|36/100
|-heal|p2b: Scrafty|100/100 par|[from] drain|[of] p1a: Raichu
|
|upkeep
|turn|6
|
|t:|1785266651
|detailschange|p2b: Scrafty|Scrafty-Mega, L50, F
|-mega|p2b: Scrafty|Scrafty|Scraftinite
|-ability|p2b: Scrafty|Intimidate|boost
|-unboost|p1a: Raichu|atk|1
|-unboost|p1b: Gallade|atk|1
|move|p2b: Scrafty|Detect|p2b: Scrafty
|-singleturn|p2b: Scrafty|Protect
|move|p2a: Noivern|Draco Meteor|p1a: Raichu
|-damage|p1a: Raichu|0 fnt
|-unboost|p2a: Noivern|spa|2
|faint|p1a: Raichu
|move|p1b: Gallade|Sacred Sword|p2b: Scrafty
|-activate|p2b: Scrafty|move: Protect
|
|upkeep
|
|t:|1785266670
|switch|p1a: Pyroar|Pyroar, L50, F, shiny|100/100
|-ability|p1a: Pyroar|Unnerve
|turn|7
|
|t:|1785266712
|switch|p1a: Scrafty|Scrafty, L50, M, shiny|56/100
|-ability|p1a: Scrafty|Intimidate|boost
|-unboost|p2a: Noivern|atk|1
|-unboost|p2b: Scrafty|atk|1
|move|p2a: Noivern|Protect|p2a: Noivern
|-singleturn|p2a: Noivern|Protect
|move|p1b: Gallade|Psycho Cut|p2a: Noivern
|-activate|p2a: Noivern|move: Protect
|cant|p2b: Scrafty|par
|
|upkeep
|turn|8
|
|t:|1785266743
|switch|p2b: Basculegion|Basculegion, L50, M|100/100
|move|p1a: Scrafty|Fake Out|p2b: Basculegion
|-immune|p2b: Basculegion
|move|p2a: Noivern|Air Slash|p1a: Scrafty
|-supereffective|p1a: Scrafty|1
|-damage|p1a: Scrafty|37/100
|-enditem|p1a: Scrafty|Sitrus Berry|[eat]
|-heal|p1a: Scrafty|62/100|[from] item: Sitrus Berry
|move|p1b: Gallade|Psycho Cut|p2a: Noivern
|-damage|p2a: Noivern|19/100
|-damage|p1b: Gallade|80/100|[from] item: Life Orb
|
|-sideend|p2: pwndnoob1|move: Tailwind
|upkeep
|turn|9
|
|t:|1785266789
|move|p2b: Basculegion|Flip Turn|p1a: Scrafty
|-damage|p1a: Scrafty|26/100
|
|t:|1785266796
|switch|p2b: Scrafty|Scrafty-Mega, L50, F|100/100 par|[from] Flip Turn
|-ability|p2b: Scrafty|Intimidate|boost
|-unboost|p1a: Scrafty|atk|1
|-unboost|p1b: Gallade|atk|1
|move|p2a: Noivern|Tailwind|p2a: Noivern
|-sidestart|p2: pwndnoob1|move: Tailwind
|move|p1b: Gallade|Leaf Blade|p2b: Scrafty
|-damage|p2b: Scrafty|75/100 par
|-damage|p1b: Gallade|71/100|[from] item: Life Orb
|move|p1a: Scrafty|Knock Off|p2b: Scrafty
|-resisted|p2b: Scrafty|2
|-damage|p2b: Scrafty|72/100 par
|
|upkeep
|turn|10
|
|t:|1785266824
|switch|p2a: Sneasler|Sneasler, L50, M|1/100
|move|p2b: Scrafty|Fake Out|p1b: Gallade
|-damage|p1b: Gallade|49/100
|cant|p1b: Gallade|flinch
|move|p1a: Scrafty|Knock Off|p2a: Sneasler
|-resisted|p2a: Sneasler|1
|-damage|p2a: Sneasler|0 fnt
|faint|p2a: Sneasler
|
|upkeep
|
|t:|1785266836
|switch|p2a: Noivern|Noivern, L50, M|19/100
|-item|p1b: Gallade|Life Orb|[from] ability: Frisk|[of] p2a: Noivern
|turn|11
|
|t:|1785266869
|move|p2a: Noivern|Air Slash|p1b: Gallade
|-supereffective|p1b: Gallade|1
|-damage|p1b: Gallade|0 fnt
|faint|p1b: Gallade
|move|p2b: Scrafty|Drain Punch|p1a: Scrafty
|-supereffective|p1a: Scrafty|1
|-damage|p1a: Scrafty|0 fnt
|-heal|p2b: Scrafty|85/100 par|[from] drain|[of] p1a: Scrafty
|faint|p1a: Scrafty
|
|upkeep
|
|t:|1785266880
|switch|p1a: Pyroar|Pyroar, L50, F, shiny|100/100
|-ability|p1a: Pyroar|Unnerve
|turn|12
|
|t:|1785266890
|detailschange|p1a: Pyroar|Pyroar-Mega, L50, F, shiny
|-mega|p1a: Pyroar|Pyroar|Pyroarite
|move|p2a: Noivern|Draco Meteor|p1a: Pyroar
|-damage|p1a: Pyroar|54/100
|-unboost|p2a: Noivern|spa|2
|move|p1a: Pyroar|Heat Wave|p2a: Noivern|[spread] p2a,p2b
|-resisted|p2a: Noivern|1
|-damage|p2a: Noivern|1/100
|-damage|p2b: Scrafty|55/100 par
|move|p2b: Scrafty|Drain Punch|p1a: Pyroar
|-supereffective|p1a: Pyroar|1
|-damage|p1a: Pyroar|0 fnt
|-heal|p2b: Scrafty|86/100 par|[from] drain|[of] p1a: Pyroar
|faint|p1a: Pyroar
|
|win|pwndnoob1
|c|☆pwndnoob1|ggs, my bad for being lazy about setting up
|c|☆pwndnoob1|gl next
|l|☆GuacGangster826
|player|p1|
|l|☆pwndnoob1
|player|p2|
