|j|☆KingNoahC17
|j|☆b00mer8556
|html|KingNoahC17b00mer8556    
|uhtml|bestof|Game 2 of a best-of-3
|t:|1757744845
|gametype|doubles
|player|p1|KingNoahC17|170|1157
|player|p2|b00mer8556|169|1178
|gen|9
|tier|[Gen 9] VGC 2025 Reg H (Bo3)
|rated|
|rule|Species Clause: Limit one of each Pokémon
|rule|Item Clause: Limit 1 of each item
|clearpoke
|poke|p1|Dragonite, L50, M|
|poke|p1|Volcarona, L50, M|
|poke|p1|Annihilape, L50, M|
|poke|p1|Ninetales-Alola, L50, M|
|poke|p1|Ursaluna-Bloodmoon, L50, M|
|poke|p1|Electabuzz, L50, M|
|poke|p2|Slaking, L50, F|
|poke|p2|Weezing, L50, M|
|poke|p2|Tatsugiri-Droopy, L50, F|
|poke|p2|Dondozo, L50, F|
|poke|p2|Kilowattrel, L50, M|
|poke|p2|Mamoswine, L50, M|
|teampreview|4
|showteam|p1|Dragonite||LoadedDice|Multiscale|ScaleShot,Tailwind,Haze,Protect|||M|||50|,,,,,Fairy]Volcarona||CovertCloak|FlameBody|QuiverDance,Protect,HeatWave,TeraBlast|||M|||50|,,,,,Fairy]Annihilape||SafetyGoggles|Defiant|RageFist,DrainPunch,BulkUp,Protect|||M|||50|,,,,,Fire]Ninetales-Alola||FocusSash|SnowWarning|Blizzard,IcicleSpear,Encore,AuroraVeil|||M|||50|,,,,,Ghost]Ursaluna-Bloodmoon||LifeOrb|MindsEye|EarthPower,BloodMoon,HyperVoice,Protect|||M|||50|,,,,,Normal]Electabuzz||Eviolite|VitalSpirit|FollowMe,Protect,Taunt,Electroweb|||M|||50|,,,,,Ghost
|showteam|p2|Slaking||LifeOrb|Truant|Protect,DoubleEdge,HighHorsepower,SuckerPunch|||F|||50|,,,,,Ghost]Weezing||CovertCloak|NeutralizingGas|Protect,ToxicSpikes,WillOWisp,SludgeBomb|||M|||50|,,,,,Fairy]Tatsugiri-Droopy||AssaultVest|Commander|MuddyWater,DracoMeteor,IcyWind,MirrorCoat|||F|||50|,,,,,Steel]Dondozo||Leftovers|Unaware|Protect,Substitute,WaveCrash,Earthquake|||F|||50|,,,,,Ground]Kilowattrel||ChoiceSpecs|Competitive|VoltSwitch,Discharge,AirSlash,Thunderbolt|||M|||50|,,,,,Ghost]Mamoswine||FocusSash|Oblivious|Protect,Earthquake,IceShard,IcicleCrash|||M|||50|,,,,,Ghost
|inactive|Battle timer is ON: inactive players will automatically lose when time's up. (requested by KingNoahC17)
|inactive|KingNoahC17 has 60 seconds left.
|
|t:|1757744877
|teamsize|p1|4
|teamsize|p2|4
|start
|switch|p1a: Elegance|Ninetales-Alola, L50, M|100/100
|switch|p1b: Butoh|Volcarona, L50, M|100/100
|switch|p2a: Weezing|Weezing, L50, M|100/100
|switch|p2b: Slaking|Slaking, L50, F|100/100
|-ability|p2a: Weezing|Neutralizing Gas
|turn|1
|
|t:|1757744901
|move|p1a: Elegance|Blizzard|p2b: Slaking|[spread] p2b
|-miss|p1a: Elegance|p2a: Weezing
|-damage|p2b: Slaking|63/100
|move|p2b: Slaking|Double-Edge|p1a: Elegance
|-enditem|p1a: Elegance|Focus Sash
|-damage|p1a: Elegance|1/100
|-damage|p2b: Slaking|41/100|[from] Recoil
|-damage|p2b: Slaking|32/100|[from] item: Life Orb
|move|p1b: Butoh|Heat Wave|p2b: Slaking|[spread] p2a,p2b
|-damage|p2a: Weezing|66/100
|-damage|p2b: Slaking|0 fnt
|faint|p2b: Slaking
|move|p2a: Weezing|Toxic Spikes|p1b: Butoh
|-sidestart|p1: KingNoahC17|move: Toxic Spikes
|
|upkeep
|
|t:|1757744914
|switch|p2b: Mamoswine|Mamoswine, L50, M|100/100
|turn|2
|
|t:|1757744925
|-terastallize|p2b: Mamoswine|Ghost
|move|p2a: Weezing|Protect|p2a: Weezing
|-singleturn|p2a: Weezing|Protect
|move|p1a: Elegance|Blizzard|p2b: Mamoswine|[spread] 
|-activate|p2a: Weezing|move: Protect
|-miss|p1a: Elegance|p2b: Mamoswine
|move|p1b: Butoh|Quiver Dance|p1b: Butoh
|-boost|p1b: Butoh|spa|1
|-boost|p1b: Butoh|spd|1
|-boost|p1b: Butoh|spe|1
|move|p2b: Mamoswine|Earthquake|p1a: Elegance|[spread] p1a,p1b
|-activate|p2a: Weezing|move: Protect
|-damage|p1a: Elegance|0 fnt
|-damage|p1b: Butoh|47/100
|faint|p1a: Elegance
|
|upkeep
|
|t:|1757744939
|switch|p1a: My Boi|Dragonite, L50, M|100/100
|turn|3
|
|t:|1757744954
|move|p2b: Mamoswine|Protect|p2b: Mamoswine
|-singleturn|p2b: Mamoswine|Protect
|move|p1b: Butoh|Heat Wave|p2b: Mamoswine|[spread] p2a
|-activate|p2b: Mamoswine|move: Protect
|-damage|p2a: Weezing|17/100
|move|p1a: My Boi|Scale Shot|p2b: Mamoswine
|-activate|p2b: Mamoswine|move: Protect
|move|p2a: Weezing|Will-O-Wisp|p1a: My Boi
|-status|p1a: My Boi|brn
|
|-damage|p1a: My Boi|95/100 brn|[from] brn
|upkeep
|turn|4
|
|t:|1757744973
|move|p2b: Mamoswine|Ice Shard|p1a: My Boi
|-supereffective|p1a: My Boi
|-damage|p1a: My Boi|0 fnt
|faint|p1a: My Boi
|move|p1b: Butoh|Heat Wave|p2a: Weezing|[spread] p2a,p2b
|-damage|p2a: Weezing|0 fnt
|-damage|p2b: Mamoswine|21/100
|faint|p2a: Weezing
|-end|p2a: Weezing|ability: Neutralizing Gas
|
|upkeep
|
|t:|1757744979
|switch|p1a: O7 Freddy|Ursaluna-Bloodmoon, L50, M|100/100
|switch|p2a: Kilowattrel|Kilowattrel, L50, M|100/100
|-status|p1a: O7 Freddy|psn
|turn|5
|
|t:|1757744996
|-terastallize|p1a: O7 Freddy|Normal
|move|p2b: Mamoswine|Protect|p2b: Mamoswine
|-singleturn|p2b: Mamoswine|Protect
|move|p1b: Butoh|Heat Wave|p2a: Kilowattrel|[spread] p2a
|-activate|p2b: Mamoswine|move: Protect
|-damage|p2a: Kilowattrel|0 fnt
|faint|p2a: Kilowattrel
|move|p1a: O7 Freddy|Hyper Voice|p2b: Mamoswine
|-activate|p2b: Mamoswine|move: Protect
|
|-damage|p1a: O7 Freddy|88/100 psn|[from] psn
|upkeep
|turn|6
|
|t:|1757745008
|move|p2b: Mamoswine|Ice Shard|p1b: Butoh
|-resisted|p1b: Butoh
|-damage|p1b: Butoh|33/100
|move|p1b: Butoh|Heat Wave|p2b: Mamoswine
|-damage|p2b: Mamoswine|0 fnt
|faint|p2b: Mamoswine
|
|win|KingNoahC17
||b00mer8556 is ready for game 3.
||KingNoahC17 is ready for game 3.
|uhtml|next|Next: Game 3 of 3
|l|☆b00mer8556
|player|p2|
|l|☆KingNoahC17
|player|p1|
