|j|☆KodeBeast0526
|j|☆B0mb3r6969
|html|KodeBeast0526B0mb3r6969    
|uhtml|bestof|Game 1 of a best-of-3
|t:|1784346337
|gametype|doubles
|player|p1|KodeBeast0526|sailor|1188
|player|p2|B0mb3r6969|cynthia-gen4|1065
|gen|9
|tier|[Gen 9 Champions] VGC 2026 Reg M-B (Bo3)
|rated|
|rule|Species Clause: Limit one of each Pokémon
|rule|Item Clause: Limit 1 of each item
|clearpoke
|poke|p1|Aerodactyl, L50, M|
|poke|p1|Kingambit, L50, M|
|poke|p1|Sylveon, L50, M|
|poke|p1|Garchomp, L50, M|
|poke|p1|Charizard, L50, M|
|poke|p1|Farigiraf, L50, F, shiny|
|poke|p2|Kingambit, L50, M|
|poke|p2|Heliolisk, L50, M|
|poke|p2|Delphox, L50, F|
|poke|p2|Swampert, L50, F|
|poke|p2|Staraptor, L50, F|
|poke|p2|Meowstic, L50, M|
|teampreview|4
|showteam|p1|Aerodactyl||Aerodactylite|Unnerve|RockSlide,IceFang,Tailwind,WideGuard|Jolly||M|||50|]Kingambit||FocusSash|Defiant|KowtowCleave,SuckerPunch,IronHead,LowKick|Adamant||M|||50|]Sylveon||FairyFeather|Pixilate|Detect,HyperVoice,HyperBeam,QuickAttack|Modest||M|||50|]Garchomp||LifeOrb|RoughSkin|Earthquake,DragonClaw,StompingTantrum,Protect|Jolly||M|||50|]Charizard||CharizarditeY|Blaze|Protect,HeatWave,SolarBeam,WeatherBall|Modest||M|||50|]Farigiraf||SitrusBerry|ArmorTail|Thunderbolt,PsychicNoise,TrickRoom,HelpingHand|Bold||F|||50|
|showteam|p2|Kingambit||ExpertBelt|Defiant|Protect,FoulPlay,IronHead,SuckerPunch|Brave||M|||50|]Heliolisk||ChoiceScarf|DrySkin|GrassKnot,Thunderbolt,VoltSwitch,Electrify|Timid||M|||50|]Delphox||Delphoxite|Blaze|Protect,ExpandingForce,NastyPlot,HeatWave|Timid||F|||50|]Swampert||Swampertite|Damp|HighHorsepower,IcePunch,Liquidation,PoisonJab|Adamant||F|||50|]Staraptor||Staraptite|Intimidate|CloseCombat,Roost,BraveBird,Protect|Adamant||F|||50|]Meowstic||ScopeLens|Prankster|Reflect,Charm,ExpandingForce,PsychicTerrain|Bold||M|||50|
|inactive|Battle timer is ON: inactive players will automatically lose when time's up. (requested by B0mb3r6969)
|
|t:|1784346364
|teamsize|p1|4
|teamsize|p2|4
|start
|switch|p1a: Farigiraf|Farigiraf, L50, F, shiny|100/100
|switch|p1b: Kingambit|Kingambit, L50, M|100/100
|switch|p2a: Staraptor|Staraptor, L50, F|100/100
|switch|p2b: Kingambit|Kingambit, L50, M|100/100
|-ability|p2a: Staraptor|Intimidate|boost
|-unboost|p1a: Farigiraf|atk|1
|-unboost|p1b: Kingambit|atk|1
|-ability|p1b: Kingambit|Defiant|boost
|-boost|p1b: Kingambit|atk|2
|turn|1
|
|t:|1784346384
|detailschange|p2a: Staraptor|Staraptor-Mega, L50, F
|-mega|p2a: Staraptor|Staraptor|Staraptite
|move|p2a: Staraptor|Close Combat|p1b: Kingambit
|-supereffective|p1b: Kingambit|2
|-enditem|p1b: Kingambit|Focus Sash
|-damage|p1b: Kingambit|1/100
|-boost|p2a: Staraptor|def|1
|-boost|p2a: Staraptor|spd|1
|move|p1b: Kingambit|Low Kick|p2b: Kingambit
|-supereffective|p2b: Kingambit|2
|-damage|p2b: Kingambit|0 fnt
|faint|p2b: Kingambit
|move|p1a: Farigiraf|Trick Room|p1a: Farigiraf
|-fieldstart|move: Trick Room|[of] p1a: Farigiraf
|
|upkeep
|
|t:|1784346399
|switch|p2b: Meowstic|Meowstic, L50, M|100/100
|turn|2
|
|t:|1784346410
|move|p2b: Meowstic|Psychic Terrain|p2b: Meowstic
|-fieldstart|move: Psychic Terrain
|move|p1a: Farigiraf|Psychic Noise|p2a: Staraptor
|-supereffective|p2a: Staraptor|1
|-damage|p2a: Staraptor|54/100
|-start|p2a: Staraptor|move: Heal Block
|move|p1b: Kingambit|Kowtow Cleave|p2b: Meowstic
|-supereffective|p2b: Meowstic|1
|-damage|p2b: Meowstic|0 fnt
|faint|p2b: Meowstic
|move|p2a: Staraptor|Close Combat|p1b: Kingambit
|-supereffective|p1b: Kingambit|2
|-damage|p1b: Kingambit|0 fnt
|-boost|p2a: Staraptor|def|1
|-boost|p2a: Staraptor|spd|1
|faint|p1b: Kingambit
|
|upkeep
|
|t:|1784346427
|switch|p1b: Sylveon|Sylveon, L50, M|100/100
|switch|p2b: Delphox|Delphox, L50, F|100/100
|turn|3
|inactive|KodeBeast0526 has 30 seconds left.
|
|t:|1784346453
|move|p2a: Staraptor|Protect|p2a: Staraptor
|-singleturn|p2a: Staraptor|Protect
|move|p1a: Farigiraf|Thunderbolt|p2b: Delphox
|-damage|p2b: Delphox|71/100
|move|p1b: Sylveon|Hyper Beam|p2b: Delphox
|-resisted|p2b: Delphox|1
|-crit|p2b: Delphox
|-damage|p2b: Delphox|0 fnt
|-mustrecharge|p1b: Sylveon
|faint|p2b: Delphox
|
|-end|p2a: Staraptor|move: Heal Block
|upkeep
|turn|4
|inactive|B0mb3r6969 has 30 seconds left.
|inactive|B0mb3r6969 has 20 seconds left.
|inactive|B0mb3r6969 has 15 seconds left.
|inactive|B0mb3r6969 has 10 seconds left.
|inactive|B0mb3r6969 has 5 seconds left.
|
|t:|1784346508
|move|p1a: Farigiraf|Psychic Noise|p2a: Staraptor
|-supereffective|p2a: Staraptor|1
|-damage|p2a: Staraptor|21/100
|-start|p2a: Staraptor|move: Heal Block
|cant|p1b: Sylveon|recharge
|move|p2a: Staraptor|Close Combat|p1a: Farigiraf
|-damage|p1a: Farigiraf|49/100
|-boost|p2a: Staraptor|def|1
|-boost|p2a: Staraptor|spd|1
|-enditem|p1a: Farigiraf|Sitrus Berry|[eat]
|-heal|p1a: Farigiraf|74/100|[from] item: Sitrus Berry
|
|upkeep
|turn|5
|inactive|B0mb3r6969 has 30 seconds left.
|inactive|B0mb3r6969 has 20 seconds left.
|inactive|B0mb3r6969 has 15 seconds left.
|inactive|B0mb3r6969 has 10 seconds left.
|inactive|B0mb3r6969 has 5 seconds left.
|
|t:|1784346563
|move|p1a: Farigiraf|Helping Hand|p1b: Sylveon
|-singleturn|p1b: Sylveon|Helping Hand|[of] p1a: Farigiraf
|move|p1b: Sylveon|Hyper Voice|p2a: Staraptor
|-supereffective|p2a: Staraptor|1
|-damage|p2a: Staraptor|0 fnt
|faint|p2a: Staraptor
|
|win|KodeBeast0526
