|j|☆pikatrod
|j|☆jonas.weevil
|html|pikatrodjonas.weevil    
|uhtml|bestof|Game 2 of a best-of-3
|t:|1784579212
|gametype|doubles
|player|p1|pikatrod|1|1425
|player|p2|jonas.weevil|170|1412
|gen|9
|tier|[Gen 9 Champions] VGC 2026 Reg M-B (Bo3)
|rated|
|rule|Species Clause: Limit one of each Pokémon
|rule|Item Clause: Limit 1 of each item
|clearpoke
|poke|p1|Kingambit, L50, F|
|poke|p1|Charizard, L50, M|
|poke|p1|Aerodactyl, L50, M|
|poke|p1|Farigiraf, L50, F|
|poke|p1|Garchomp, L50, M|
|poke|p1|Sylveon, L50, F|
|poke|p2|Torkoal, L50, M, shiny|
|poke|p2|Venusaur, L50, M|
|poke|p2|Pyroar, L50, F, shiny|
|poke|p2|Scrafty, L50, M|
|poke|p2|Sylveon, L50, M, shiny|
|poke|p2|Farigiraf, L50, M|
|teampreview|4
|showteam|p1|Kingambit||FocusSash|Defiant|KowtowCleave,IronHead,SuckerPunch,LowKick|Adamant||F|||50|]Charizard||CharizarditeY|Blaze|HeatWave,SolarBeam,WeatherBall,Protect|Modest||M|||50|]Aerodactyl||Aerodactylite|Unnerve|RockSlide,DualWingbeat,IceFang,Tailwind|Jolly||M|||50|]Farigiraf||SitrusBerry|ArmorTail|TwinBeam,Thunderbolt,TrickRoom,Roar|Bold||F|||50|]Garchomp||LifeOrb|RoughSkin|Earthquake,DragonClaw,StompingTantrum,Protect|Jolly||M|||50|]Sylveon||FairyFeather|Pixilate|HyperVoice,HyperBeam,QuickAttack,Protect|Modest||F|||50|
|showteam|p2|Torkoal||Charcoal|Drought|Eruption,WeatherBall,HelpingHand,Protect|Quiet||M|||50|]Venusaur||FocusSash|Chlorophyll|LeafStorm,SludgeBomb,SleepPowder,Protect|Modest||M|||50|]Pyroar||Pyroarite|Unnerve|Overheat,HeatWave,SolarBeam,Protect|Timid||F|||50|]Scrafty||Scraftinite|Intimidate|CloseCombat,KnockOff,StoneEdge,FakeOut|Brave||M|||50|]Sylveon||LifeOrb|Pixilate|HyperVoice,HyperBeam,QuickAttack,Detect|Quiet||M|||50|]Farigiraf||SitrusBerry|ArmorTail|Psychic,Thunderbolt,HelpingHand,TrickRoom|Relaxed||M|||50|
|
|t:|1784579252
|teamsize|p1|4
|teamsize|p2|4
|start
|switch|p1a: Garchomp|Garchomp, L50, M|100/100
|switch|p1b: Charizard|Charizard, L50, M|100/100
|switch|p2a: Scrafty|Scrafty, L50, M|100/100
|switch|p2b: Stasi|Farigiraf, L50, M|100/100
|-ability|p2a: Scrafty|Intimidate|boost
|-unboost|p1a: Garchomp|atk|1
|-unboost|p1b: Charizard|atk|1
|turn|1
|
|t:|1784579289
|switch|p1a: Farigiraf|Farigiraf, L50, F|100/100
|detailschange|p1b: Charizard|Charizard-Mega-Y, L50, M
|-mega|p1b: Charizard|Charizard|Charizardite Y
|-weather|SunnyDay|[from] ability: Drought|[of] p1b: Charizard
|detailschange|p2a: Scrafty|Scrafty-Mega, L50, M
|-mega|p2a: Scrafty|Scrafty|Scraftinite
|-ability|p2a: Scrafty|Intimidate|boost
|-unboost|p1a: Farigiraf|atk|1
|-unboost|p1b: Charizard|atk|1
|move|p2a: Scrafty|Fake Out||[still]
|cant|p1a: Farigiraf|ability: Armor Tail|Fake Out|[of] p2a: Scrafty
|move|p1b: Charizard|Heat Wave|p2a: Scrafty|[spread] p2a,p2b
|-damage|p2a: Scrafty|47/100
|-damage|p2b: Stasi|46/100
|-enditem|p2b: Stasi|Sitrus Berry|[eat]
|-heal|p2b: Stasi|71/100|[from] item: Sitrus Berry
|move|p2b: Stasi|Trick Room|p2b: Stasi
|-fieldstart|move: Trick Room|[of] p2b: Stasi
|
|-weather|SunnyDay|[upkeep]
|upkeep
|turn|2
|
|t:|1784579325
|move|p2a: Scrafty|Stone Edge|p1b: Charizard
|-supereffective|p1b: Charizard|2
|-damage|p1b: Charizard|0 fnt
|faint|p1b: Charizard
|move|p2b: Stasi|Trick Room|p2b: Stasi
|-fieldend|move: Trick Room
|move|p1a: Farigiraf|Trick Room|p1a: Farigiraf
|-fieldstart|move: Trick Room|[of] p1a: Farigiraf
|
|-weather|SunnyDay|[upkeep]
|upkeep
|
|t:|1784579331
|switch|p1b: Sylveon|Sylveon, L50, F|100/100
|turn|3
|
|t:|1784579350
|move|p2b: Stasi|Helping Hand|p2a: Scrafty
|-singleturn|p2a: Scrafty|Helping Hand|[of] p2b: Stasi
|move|p2a: Scrafty|Knock Off|p1a: Farigiraf
|-supereffective|p1a: Farigiraf|1
|-damage|p1a: Farigiraf|0 fnt
|-enditem|p1a: Farigiraf|Sitrus Berry|[from] move: Knock Off|[of] p2a: Scrafty
|faint|p1a: Farigiraf
|move|p1b: Sylveon|Hyper Voice|p2b: Stasi|[spread] p2a,p2b
|-supereffective|p2a: Scrafty|2
|-damage|p2a: Scrafty|0 fnt
|-damage|p2b: Stasi|28/100
|faint|p2a: Scrafty
|
|-weather|SunnyDay|[upkeep]
|upkeep
|inactive|Battle timer is ON: inactive players will automatically lose when time's up. (requested by pikatrod)
|
|t:|1784579377
|switch|p2a: Björk|Sylveon, L50, M, shiny|100/100
|switch|p1a: Garchomp|Garchomp, L50, M|100/100
|turn|4
|
|t:|1784579385
|move|p2b: Stasi|Helping Hand|p2a: Björk
|-singleturn|p2a: Björk|Helping Hand|[of] p2b: Stasi
|move|p1a: Garchomp|Protect|p1a: Garchomp
|-singleturn|p1a: Garchomp|Protect
|move|p2a: Björk|Hyper Voice|p1b: Sylveon|[spread] p1b
|-activate|p1a: Garchomp|move: Protect
|-damage|p1b: Sylveon|42/100
|-damage|p2a: Björk|90/100|[from] item: Life Orb
|move|p1b: Sylveon|Hyper Beam|p2a: Björk|[miss]
|-miss|p1b: Sylveon|p2a: Björk
|
|-weather|SunnyDay|[upkeep]
|upkeep
|turn|5
|c|☆pikatrod|ggs
|
|t:|1784579402
|move|p2b: Stasi|Helping Hand|p2a: Björk
|-singleturn|p2a: Björk|Helping Hand|[of] p2b: Stasi
|move|p1a: Garchomp|Protect||[still]
|-fail|p1a: Garchomp
|move|p2a: Björk|Hyper Voice|p1a: Garchomp|[spread] p1a,p1b
|-supereffective|p1a: Garchomp|1
|-damage|p1a: Garchomp|0 fnt
|-damage|p1b: Sylveon|0 fnt
|faint|p1a: Garchomp
|faint|p1b: Sylveon
|-damage|p2a: Björk|80/100|[from] item: Life Orb
|
|win|jonas.weevil
|raw|pikatrod's rating: 1425 → 1404(-21 for losing)
|raw|jonas.weevil's rating: 1412 → 1433(+21 for winning)
