|j|☆eklyst
|j|☆x5414
|html|eklystx5414    
|uhtml|bestof|Game 1 of a best-of-3
|t:|1782452343
|gametype|doubles
|player|p1|eklyst|pokemaniac|1188
|player|p2|x5414|102|1320
|gen|9
|tier|[Gen 9 Champions] VGC 2026 Reg M-B (Bo3)
|rated|
|rule|Species Clause: Limit one of each Pokémon
|rule|Item Clause: Limit 1 of each item
|clearpoke
|poke|p1|Metagross, L50|
|poke|p1|Annihilape, L50, M|
|poke|p1|Garchomp, L50, F|
|poke|p1|Whimsicott, L50, M|
|poke|p1|Arcanine-Hisui, L50, M|
|poke|p1|Kingambit, L50, F|
|poke|p2|Pelipper, L50, M|
|poke|p2|Basculegion, L50, M|
|poke|p2|Incineroar, L50, F|
|poke|p2|Raichu, L50, M|
|poke|p2|Scizor, L50, F|
|poke|p2|Sinistcha, L50|
|teampreview|4
|showteam|p1|Metagross||Metagrossite|ClearBody|BulletPunch,PsychicFangs,IronHead,Protect|Adamant|||||50|]Annihilape||Leftovers|Defiant|RageFist,DrainPunch,BulkUp,Protect|Adamant||M|||50|]Garchomp||LifeOrb|RoughSkin|RockSlide,StompingTantrum,DragonClaw,Protect|Jolly||F|||50|]Whimsicott||FocusSash|Prankster|Moonblast,Tailwind,Encore,BeatUp|Timid||M|||50|]Arcanine-Hisui||ChoiceScarf|RockHead|HeadSmash,FlareBlitz,RockSlide,ExtremeSpeed|Adamant||M|||50|]Kingambit||BlackGlasses|Defiant|KowtowCleave,SuckerPunch,SwordsDance,Protect|Brave||F|||50|
|showteam|p2|Pelipper||FocusSash|Drizzle|Hurricane,Tailwind,WeatherBall,Protect|Timid||M|||50|]Basculegion||ChoiceScarf|Adaptability|FlipTurn,LastRespects,WaveCrash,AquaJet|Jolly||M|||50|]Incineroar||SitrusBerry|Intimidate|FlareBlitz,PartingShot,FakeOut,DarkestLariat|Relaxed||F|||50|]Raichu||RaichuniteY|LightningRod|Encore,FocusBlast,ZapCannon,Protect|Timid||M|||50|]Scizor||Leftovers|Technician|Curse,Protect,BugBite,BulletPunch|Adamant||F|||50|]Sinistcha||OccaBerry|Hospitality|MatchaGotcha,RagePowder,TrickRoom,LifeDew|Sassy|||||50|
|inactive|Battle timer is ON: inactive players will automatically lose when time's up. (requested by eklyst)
|inactive|eklyst has 60 seconds left.
|
|t:|1782452393
|teamsize|p1|4
|teamsize|p2|4
|start
|switch|p1a: Whimsicott|Whimsicott, L50, M|100/100
|switch|p1b: Annihilape|Annihilape, L50, M|100/100
|switch|p2a: Basculegion|Basculegion, L50, M|100/100
|switch|p2b: Scizor|Scizor, L50, F|100/100
|turn|1
|
|t:|1782452411
|move|p1a: Whimsicott|Tailwind|p1a: Whimsicott
|-sidestart|p1: eklyst|move: Tailwind
|move|p2b: Scizor|Bullet Punch|p1a: Whimsicott
|-supereffective|p1a: Whimsicott|1
|-enditem|p1a: Whimsicott|Focus Sash
|-damage|p1a: Whimsicott|1/100
|move|p1b: Annihilape|Bulk Up|p1b: Annihilape
|-boost|p1b: Annihilape|atk|1
|-boost|p1b: Annihilape|def|1
|move|p2a: Basculegion|Wave Crash|p1b: Annihilape
|-damage|p1b: Annihilape|48/100
|-damage|p2a: Basculegion|82/100|[from] Recoil
|
|-heal|p1b: Annihilape|54/100|[from] item: Leftovers
|upkeep
|turn|2
|
|t:|1782452433
|switch|p2b: Incineroar|Incineroar, L50, F|100/100
|-ability|p2b: Incineroar|Intimidate|boost
|-unboost|p1a: Whimsicott|atk|1
|-unboost|p1b: Annihilape|atk|1
|-ability|p1b: Annihilape|Defiant|boost
|-boost|p1b: Annihilape|atk|2
|move|p1a: Whimsicott|Beat Up|p2a: Basculegion
|-supereffective|p2a: Basculegion|1
|-damage|p2a: Basculegion|78/100
|-supereffective|p2a: Basculegion|1
|-damage|p2a: Basculegion|73/100
|-supereffective|p2a: Basculegion|1
|-damage|p2a: Basculegion|68/100
|-supereffective|p2a: Basculegion|1
|-damage|p2a: Basculegion|63/100
|-hitcount|p2a: Basculegion|4
|move|p1b: Annihilape|Rage Fist|p2a: Basculegion
|-supereffective|p2a: Basculegion|1
|-damage|p2a: Basculegion|0 fnt
|faint|p2a: Basculegion
|
|-heal|p1b: Annihilape|60/100|[from] item: Leftovers
|upkeep
|
|t:|1782452449
|switch|p2a: Scizor|Scizor, L50, F|100/100
|turn|3
|
|t:|1782452461
|switch|p1a: Garchomp|Garchomp, L50, F|100/100
|move|p2b: Incineroar|Fake Out|p1a: Garchomp
|-damage|p1a: Garchomp|89/100
|-damage|p2b: Incineroar|87/100|[from] ability: Rough Skin|[of] p1a: Garchomp
|move|p1b: Annihilape|Drain Punch|p2b: Incineroar
|-supereffective|p2b: Incineroar|1
|-damage|p2b: Incineroar|0 fnt
|-heal|p1b: Annihilape|100/100|[from] drain|[of] p2b: Incineroar
|faint|p2b: Incineroar
|move|p2a: Scizor|Curse|p2a: Scizor
|-unboost|p2a: Scizor|spe|1
|-boost|p2a: Scizor|atk|1
|-boost|p2a: Scizor|def|1
|
|upkeep
|
|t:|1782452465
|switch|p2b: Raichu|Raichu, L50, M|100/100
|turn|4
|
|t:|1782452480
|move|p2b: Raichu|Protect|p2b: Raichu
|-singleturn|p2b: Raichu|Protect
|move|p2a: Scizor|Protect|p2a: Scizor
|-singleturn|p2a: Scizor|Protect
|move|p1a: Garchomp|Stomping Tantrum|p2b: Raichu
|-activate|p2b: Raichu|move: Protect
|move|p1b: Annihilape|Drain Punch|p2a: Scizor
|-activate|p2a: Scizor|move: Protect
|
|-sideend|p1: eklyst|move: Tailwind
|upkeep
|turn|5
|
|t:|1782452490
|detailschange|p2b: Raichu|Raichu-Mega-Y, L50, M
|-mega|p2b: Raichu|Raichu|Raichunite Y
|move|p2a: Scizor|Bullet Punch|p1b: Annihilape
|-damage|p1b: Annihilape|65/100
|move|p2b: Raichu|Zap Cannon|p1b: Annihilape
|-damage|p1b: Annihilape|0 fnt
|faint|p1b: Annihilape
|move|p1a: Garchomp|Stomping Tantrum|p2b: Raichu
|-supereffective|p2b: Raichu|1
|-damage|p2b: Raichu|0 fnt
|faint|p2b: Raichu
|-damage|p1a: Garchomp|79/100|[from] item: Life Orb
|
|upkeep
|
|t:|1782452508
|switch|p1b: Kingambit|Kingambit, L50, F|100/100
|turn|6
|
|t:|1782452515
|move|p1a: Garchomp|Stomping Tantrum|p2a: Scizor
|-damage|p2a: Scizor|63/100
|-damage|p1a: Garchomp|69/100|[from] item: Life Orb
|move|p1b: Kingambit|Swords Dance|p1b: Kingambit
|-boost|p1b: Kingambit|atk|2
|move|p2a: Scizor|Bug Bite|p1b: Kingambit
|-damage|p1b: Kingambit|41/100
|
|-heal|p2a: Scizor|70/100|[from] item: Leftovers
|upkeep
|turn|7
|
|t:|1782452533
|move|p2a: Scizor|Protect|p2a: Scizor
|-singleturn|p2a: Scizor|Protect
|move|p1b: Kingambit|Sucker Punch||[still]
|-fail|p1b: Kingambit
|move|p1a: Garchomp|Stomping Tantrum|p2a: Scizor
|-activate|p2a: Scizor|move: Protect
|
|-heal|p2a: Scizor|76/100|[from] item: Leftovers
|upkeep
|turn|8
|
|t:|1782452542
|move|p1b: Kingambit|Sucker Punch||[still]
|-fail|p1b: Kingambit
|move|p1a: Garchomp|Stomping Tantrum|p2a: Scizor
|-damage|p2a: Scizor|43/100
|-damage|p1a: Garchomp|60/100|[from] item: Life Orb
|move|p2a: Scizor|Curse|p2a: Scizor
|-unboost|p2a: Scizor|spe|1
|-boost|p2a: Scizor|atk|1
|-boost|p2a: Scizor|def|1
|
|-heal|p2a: Scizor|49/100|[from] item: Leftovers
|upkeep
|turn|9
|
|t:|1782452554
|move|p1b: Kingambit|Sucker Punch|p2a: Scizor
|-damage|p2a: Scizor|2/100
|move|p1a: Garchomp|Stomping Tantrum|p2a: Scizor
|-damage|p2a: Scizor|0 fnt
|faint|p2a: Scizor
|-damage|p1a: Garchomp|50/100g|[from] item: Life Orb
|
|win|eklyst
||x5414 is ready for game 2.
||eklyst is ready for game 2.
|uhtml|next|Next: Game 2 of 3
