|j|‽Timondolo2
|j|☆bleepbopboop
|html|Timondolo2bleepbopboop    
|uhtml|bestof|Game 3 of a best-of-3
|t:|1756506631
|gametype|doubles
|player|p1|Timondolo2|lucas|1030
|player|p2|bleepbopboop|ethan|1000
|gen|9
|tier|[Gen 9] VGC 2025 Reg H (Bo3)
|rated|
|rule|Species Clause: Limit one of each Pokémon
|rule|Item Clause: Limit 1 of each item
|clearpoke
|poke|p1|Arcanine, L50, F|
|poke|p1|Ninetales-Alola, L50, F|
|poke|p1|Gholdengo, L50|
|poke|p1|Dragonite, L50, M|
|poke|p1|Primarina, L50, F|
|poke|p1|Decidueye-Hisui, L50, M|
|poke|p2|Kingambit, L50, F|
|poke|p2|Garchomp, L50, F|
|poke|p2|Dragonite, L50, M|
|poke|p2|Typhlosion-Hisui, L50, M|
|poke|p2|Jumpluff, L50, F|
|poke|p2|Torkoal, L50, M|
|teampreview|4
|showteam|p1|Arcanine||MirrorHerb|Intimidate|FlareBlitz,ExtremeSpeed,WillOWisp,Protect|||F|||50|,,,,,Normal]Ninetales-Alola||FocusSash|SnowWarning|AuroraVeil,Blizzard,IcyWind,Protect|||F|||50|,,,,,Ghost]Gholdengo||Leftovers|GoodasGold|MakeItRain,ShadowBall,NastyPlot,Protect||||||50|,,,,,Water]Dragonite||LoadedDice|Multiscale|ScaleShot,ExtremeSpeed,Tailwind,Protect|||M|||50|,,,,,Steel]Primarina||ChoiceSpecs|LiquidVoice|HyperVoice,Moonblast,DazzlingGleam,Haze|||F|||50|,,,,,Poison]Decidueye-Hisui||AssaultVest|Scrappy|TripleArrows,LeafBlade,BraveBird,Uturn|||M|||50|,,,,,Ghost
|showteam|p2|Kingambit||AssaultVest|Defiant|IronHead,SuckerPunch,Assurance,LowKick|||F|||50|,,,,,Flying]Garchomp||LifeOrb|RoughSkin|DragonClaw,StompingTantrum,Earthquake,Protect|||F|||50|,,,,,Fire]Dragonite||LoadedDice|Multiscale|ScaleShot,ExtremeSpeed,IceSpinner,Protect|||M|||50|,,,,,Fairy]Typhlosion-Hisui||ChoiceSpecs|Blaze|Eruption,HeatWave,ShadowBall,Overheat|||M|||50|,,,,,Fire]Jumpluff||CovertCloak|Chlorophyll|LeafStorm,SleepPowder,Encore,Tailwind|||F|||50|,,,,,Poison]Torkoal||EjectPack|Drought|Overheat,BurningJealousy,HelpingHand,Protect|||M|||50|,,,,,Flying
|inactive|Battle timer is ON: inactive players will automatically lose when time's up. (requested by bleepbopboop)
|inactive|Timondolo2 has 60 seconds left.
|
|t:|1756506670
|teamsize|p1|4
|teamsize|p2|4
|start
|switch|p1a: Dragonite|Dragonite, L50, M, shiny|100/100
|switch|p1b: Gholdengo|Gholdengo, L50|100/100
|switch|p2a: Jumpluff|Jumpluff, L50, F, shiny|100/100
|switch|p2b: Garchomp|Garchomp, L50, F, shiny|100/100
|turn|1
|inactive|Timondolo2 has 30 seconds left.
|
|t:|1756506705
|switch|p1a: Arcanine|Arcanine, L50, F, shiny|100/100
|-ability|p1a: Arcanine|Intimidate|boost
|-unboost|p2a: Jumpluff|atk|1
|-unboost|p2b: Garchomp|atk|1
|-terastallize|p1b: Gholdengo|Water
|move|p2a: Jumpluff|Sleep Powder|p1a: Arcanine
|-status|p1a: Arcanine|slp|[from] move: Sleep Powder
|move|p2b: Garchomp|Earthquake|p1b: Gholdengo|[spread] p1a,p1b
|-immune|p2a: Jumpluff
|-supereffective|p1a: Arcanine
|-damage|p1a: Arcanine|20/100 slp
|-damage|p1b: Gholdengo|67/100
|-damage|p2b: Garchomp|91/100|[from] item: Life Orb
|move|p1b: Gholdengo|Make It Rain|p2a: Jumpluff|[spread] p2a,p2b
|-damage|p2a: Jumpluff|56/100
|-damage|p2b: Garchomp|45/100
|-unboost|p1b: Gholdengo|spa|1
|
|-heal|p1b: Gholdengo|73/100|[from] item: Leftovers
|upkeep
|turn|2
|inactive|Timondolo2 has 30 seconds left.
|inactive|bleepbopboop has 30 seconds left.
|inactive|Timondolo2 has 20 seconds left.
|inactive|Timondolo2 has 15 seconds left.
|inactive|Timondolo2 has 10 seconds left.
|
|t:|1756506752
|switch|p1a: Dragonite|Dragonite, L50, M, shiny|100/100
|move|p1b: Gholdengo|Protect|p1b: Gholdengo
|-singleturn|p1b: Gholdengo|Protect
|move|p2a: Jumpluff|Leaf Storm|p1b: Gholdengo
|-activate|p1b: Gholdengo|move: Protect
|move|p2b: Garchomp|Earthquake|p1b: Gholdengo|[spread] 
|-activate|p1b: Gholdengo|move: Protect
|-immune|p2a: Jumpluff
|-immune|p1a: Dragonite
|
|-heal|p1b: Gholdengo|80/100|[from] item: Leftovers
|upkeep
|turn|3
|
|t:|1756506774
|move|p2a: Jumpluff|Leaf Storm|p1b: Gholdengo
|-supereffective|p1b: Gholdengo
|-damage|p1b: Gholdengo|20/100
|-unboost|p2a: Jumpluff|spa|2
|move|p2b: Garchomp|Dragon Claw|p1a: Dragonite
|-supereffective|p1a: Dragonite
|-damage|p1a: Dragonite|56/100
|-damage|p2b: Garchomp|35/100|[from] item: Life Orb
|move|p1a: Dragonite|Scale Shot|p2b: Garchomp
|-supereffective|p2b: Garchomp
|-damage|p2b: Garchomp|9/100
|-supereffective|p2b: Garchomp
|-damage|p2b: Garchomp|0 fnt
|faint|p2b: Garchomp
|-hitcount|p2: Garchomp|2
|-unboost|p1a: Dragonite|def|1
|-boost|p1a: Dragonite|spe|1
|move|p1b: Gholdengo|Make It Rain|p2a: Jumpluff
|-damage|p2a: Jumpluff|15/100
|-unboost|p1b: Gholdengo|spa|1
|
|-heal|p1b: Gholdengo|27/100|[from] item: Leftovers
|upkeep
|
|t:|1756506796
|switch|p2b: Torkoal|Torkoal, L50, M, shiny|100/100
|-weather|SunnyDay|[from] ability: Drought|[of] p2b: Torkoal
|turn|4
|
|t:|1756506814
|switch|p1b: Arcanine|Arcanine, L50, F, shiny|20/100 slp
|-ability|p1b: Arcanine|Intimidate|boost
|-unboost|p2a: Jumpluff|atk|1
|-unboost|p2b: Torkoal|atk|1
|-enditem|p2b: Torkoal|Eject Pack
|
|t:|1756506826
|switch|p2b: Typhlosion|Typhlosion-Hisui, L50, M, shiny|100/100
|move|p2a: Jumpluff|Sleep Powder|p1a: Dragonite
|-status|p1a: Dragonite|slp|[from] move: Sleep Powder
|cant|p1a: Dragonite|slp
|
|-weather|SunnyDay|[upkeep]
|upkeep
|turn|5
|
|t:|1756506850
|-terastallize|p2b: Typhlosion|Fire
|cant|p1b: Arcanine|slp
|move|p2a: Jumpluff|Tailwind|p2a: Jumpluff
|-sidestart|p2: bleepbopboop|move: Tailwind
|move|p2b: Typhlosion|Eruption|p1b: Arcanine|[spread] p1a,p1b
|-resisted|p1a: Dragonite
|-resisted|p1b: Arcanine
|-damage|p1a: Dragonite|0 fnt
|-damage|p1b: Arcanine|0 fnt
|faint|p1a: Dragonite
|faint|p1b: Arcanine
|
|-weather|SunnyDay|[upkeep]
|upkeep
|
|t:|1756506861
|switch|p1b: Gholdengo|Gholdengo, L50, tera:Water|27/100
|switch|p1a: Primarina|Primarina, L50, F, shiny|100/100
|turn|6
|
|t:|1756506882
|move|p2a: Jumpluff|Sleep Powder|p1a: Primarina
|-status|p1a: Primarina|slp|[from] move: Sleep Powder
|move|p2b: Typhlosion|Eruption|p1b: Gholdengo|[spread] p1a,p1b
|-resisted|p1a: Primarina
|-resisted|p1b: Gholdengo
|-damage|p1a: Primarina|30/100 slp
|-damage|p1b: Gholdengo|0 fnt
|faint|p1b: Gholdengo
|cant|p1a: Primarina|slp
|
|-weather|SunnyDay|[upkeep]
|upkeep
|turn|7
|
|t:|1756506894
|move|p2a: Jumpluff|Leaf Storm|p1a: Primarina
|-supereffective|p1a: Primarina
|-damage|p1a: Primarina|2/100 slp
|-unboost|p2a: Jumpluff|spa|2
|move|p2b: Typhlosion|Eruption|p1a: Primarina
|-resisted|p1a: Primarina
|-damage|p1a: Primarina|0 fnt
|faint|p1a: Primarina
|
|win|bleepbopboop
|raw|Timondolo2's rating: 1030 → 1014(-16 for losing)
|raw|bleepbopboop's rating: 1000 → 1043(+43 for winning)
|l|‽Timondolo2
|player|p1|
