|j|☆drake naye
|j|☆BobElephant
|html|drake nayeBobElephant    
|uhtml|bestof|Game 2 of a best-of-3
|t:|1784397357
|gametype|doubles
|player|p1|drake naye|265|
|player|p2|BobElephant|lucas|
|gen|9
|tier|[Gen 9 Champions] VGC 2026 Reg M-B (Bo3)
|rule|Species Clause: Limit one of each Pokémon
|rule|Item Clause: Limit 1 of each item
|clearpoke
|poke|p1|Chesnaught, L50, M, shiny|
|poke|p1|Hawlucha, L50, M|
|poke|p1|Vileplume, L50, M|
|poke|p1|Snorlax, L50, M, shiny|
|poke|p1|Ninetales, L50, M, shiny|
|poke|p1|Gholdengo, L50|
|poke|p2|Mawile, L50, F|
|poke|p2|Tauros-Paldea-Combat, L50, M|
|poke|p2|Talonflame, L50, M|
|poke|p2|Clefable, L50, M|
|poke|p2|Malamar, L50, F|
|poke|p2|Dragonite, L50, F|
|teampreview|4
|showteam|p1|Chesnaught||Chesnaughtite|Overgrow|BellyDrum,CloseCombat,FocusPunch,GrassyGlide|Adamant||M|||50|]Hawlucha||Hawluchanite|Limber|HighJumpKick,Protect,Entrainment,FocusPunch|Jolly||M|||50|]Vileplume||FocusSash|Chlorophyll|SleepPowder,Moonblast,SludgeBomb,Toxic|Modest||M|||50|]Snorlax||SitrusBerry|Immunity|Fissure,Earthquake,Belch,GunkShot|Brave||M|||50|]Ninetales||Charcoal|Drought|WillOWisp,HeatWave,WeatherBall,SolarBeam|Timid||M|||50|]Gholdengo||LifeOrb|GoodasGold|MakeItRain,Protect,ShadowBall,NastyPlot|Timid|||||50|
|showteam|p2|Mawile||Mawilite|HyperCutter|PlayRough,IronHead,RockSlide,Protect|Adamant||F|||50|]Tauros-Paldea-Combat||LifeOrb|Intimidate|HighHorsepower,RockSlide,CloseCombat,Protect|Adamant||M|||50|]Talonflame||MentalHerb|GaleWings|DualWingbeat,QuickGuard,RainDance,Tailwind|Jolly||M|||50|]Clefable||SitrusBerry|Unaware|FollowMe,HelpingHand,Moonblast,Protect|Calm||M|||50|]Malamar||RoseliBerry|Contrary|Superpower,Protect,KnockOff,TrickRoom|Relaxed||F|||50|]Dragonite||Dragoninite|InnerFocus|Hurricane,DragonPulse,Protect,ExtremeSpeed|Hasty||F|||50|
|inactive|Battle timer is ON: inactive players will automatically lose when time's up. (requested by BobElephant)
|
|t:|1784397380
|teamsize|p1|4
|teamsize|p2|4
|start
|switch|p1a: Ninetales|Ninetales, L50, M, shiny|100/100
|switch|p1b: Vileplume|Vileplume, L50, M|100/100
|switch|p2a: Tauros|Tauros-Paldea-Combat, L50, M|100/100
|switch|p2b: Malamar|Malamar, L50, F|100/100
|-weather|SunnyDay|[from] ability: Drought|[of] p1a: Ninetales
|-ability|p2a: Tauros|Intimidate|boost
|-unboost|p1a: Ninetales|atk|1
|-unboost|p1b: Vileplume|atk|1
|turn|1
|inactive|drake naye has 30 seconds left.
|inactive|BobElephant has 30 seconds left.
|inactive|drake naye has 20 seconds left.
|inactive|drake naye has 15 seconds left.
|inactive|drake naye has 10 seconds left.
|
|t:|1784397426
|move|p1b: Vileplume|Sleep Powder|p2a: Tauros
|-status|p2a: Tauros|slp|[from] move: Sleep Powder
|move|p1a: Ninetales|Will-O-Wisp|p2b: Malamar
|-status|p2b: Malamar|brn
|cant|p2a: Tauros|slp
|move|p2b: Malamar|Trick Room|p2b: Malamar
|-fieldstart|move: Trick Room|[of] p2b: Malamar
|
|-weather|SunnyDay|[upkeep]
|-damage|p2b: Malamar|93/100 brn|[from] brn
|upkeep
|turn|2
|inactive|drake naye has 30 seconds left.
|inactive|BobElephant has 30 seconds left.
|inactive|drake naye has 20 seconds left.
|inactive|drake naye has 15 seconds left.
|inactive|drake naye has 10 seconds left.
|inactive|drake naye has 5 seconds left.
|inactive|BobElephant has 20 seconds left.
|inactive|BobElephant has 15 seconds left.
|
|t:|1784397492
|switch|p2b: Clefable|Clefable, L50, M|100/100
|cant|p2a: Tauros|slp
|move|p1a: Ninetales|Heat Wave|p2a: Tauros|[spread] p2a,p2b
|-damage|p2a: Tauros|37/100 slp
|-damage|p2b: Clefable|68/100
|move|p1b: Vileplume|Moonblast|p2a: Tauros
|-supereffective|p2a: Tauros|1
|-damage|p2a: Tauros|0 fnt
|faint|p2a: Tauros
|
|-weather|SunnyDay|[upkeep]
|upkeep
|
|t:|1784397497
|switch|p2a: Dragonite|Dragonite, L50, F|100/100
|turn|3
|
|t:|1784397514
|detailschange|p2a: Dragonite|Dragonite-Mega, L50, F
|-mega|p2a: Dragonite|Dragonite|Dragoninite
|move|p2b: Clefable|Follow Me|p2b: Clefable
|-singleturn|p2b: Clefable|move: Follow Me
|move|p1a: Ninetales|Will-O-Wisp|p2b: Clefable
|-status|p2b: Clefable|brn
|move|p2a: Dragonite|Dragon Pulse|p1b: Vileplume
|-damage|p1b: Vileplume|38/100
|move|p1b: Vileplume|Sleep Powder||[still]
|-fail|p1b: Vileplume
|
|-weather|SunnyDay|[upkeep]
|-damage|p2b: Clefable|62/100 brn|[from] brn
|upkeep
|turn|4
|inactive|drake naye has 30 seconds left.
|inactive|BobElephant has 30 seconds left.
|
|t:|1784397547
|move|p2b: Clefable|Follow Me|p2b: Clefable
|-singleturn|p2b: Clefable|move: Follow Me
|move|p2a: Dragonite|Dragon Pulse|p1b: Vileplume
|-damage|p1b: Vileplume|0 fnt
|faint|p1b: Vileplume
|move|p1a: Ninetales|Heat Wave|p2a: Dragonite|[spread] p2a,p2b
|-resisted|p2a: Dragonite|1
|-damage|p2a: Dragonite|88/100
|-damage|p2b: Clefable|26/100 brn
|-enditem|p2b: Clefable|Sitrus Berry|[eat]
|-heal|p2b: Clefable|50/100g brn|[from] item: Sitrus Berry
|
|-weather|SunnyDay|[upkeep]
|-damage|p2b: Clefable|45/100 brn|[from] brn
|upkeep
|
|t:|1784397562
|switch|p1b: Gholdengo|Gholdengo, L50|100/100
|turn|5
|
|t:|1784397568
|move|p2b: Clefable|Protect|p2b: Clefable
|-singleturn|p2b: Clefable|Protect
|move|p1b: Gholdengo|Make It Rain|p2a: Dragonite|[spread] p2a
|-activate|p2b: Clefable|move: Protect
|-damage|p2a: Dragonite|36/100
|-unboost|p1b: Gholdengo|spa|2
|-damage|p1b: Gholdengo|90/100|[from] item: Life Orb
|move|p1a: Ninetales|Heat Wave|p2a: Dragonite|[spread] 
|-activate|p2b: Clefable|move: Protect
|-miss|p1a: Ninetales|p2a: Dragonite
|move|p2a: Dragonite|Dragon Pulse|p1a: Ninetales
|-damage|p1a: Ninetales|41/100
|
|-weather|none
|-damage|p2b: Clefable|39/100 brn|[from] brn
|-fieldend|move: Trick Room
|upkeep
|turn|6
|inactive|BobElephant has 30 seconds left.
|
|t:|1784397599
|move|p2b: Clefable|Helping Hand|p2a: Dragonite
|-singleturn|p2a: Dragonite|Helping Hand|[of] p2b: Clefable
|move|p2a: Dragonite|Extreme Speed|p1a: Ninetales
|-damage|p1a: Ninetales|0 fnt
|faint|p1a: Ninetales
|move|p1b: Gholdengo|Make It Rain|p2b: Clefable|[spread] p2a,p2b
|-supereffective|p2b: Clefable|1
|-damage|p2a: Dragonite|7/100
|-damage|p2b: Clefable|0 fnt
|-unboost|p1b: Gholdengo|spa|2
|faint|p2b: Clefable
|-damage|p1b: Gholdengo|80/100|[from] item: Life Orb
|
|upkeep
|
|t:|1784397612
|switch|p1a: Chesnaught|Chesnaught, L50, M, shiny|100/100
|switch|p2b: Malamar|Malamar, L50, F|93/100 brn
|turn|7
|
|t:|1784397626
|detailschange|p1a: Chesnaught|Chesnaught-Mega, L50, M, shiny
|-mega|p1a: Chesnaught|Chesnaught|Chesnaughtite
|move|p2a: Dragonite|Hurricane|p1a: Chesnaught
|-supereffective|p1a: Chesnaught|2
|-damage|p1a: Chesnaught|0 fnt
|faint|p1a: Chesnaught
|move|p1b: Gholdengo|Make It Rain|p2a: Dragonite|[spread] p2a,p2b
|-damage|p2a: Dragonite|0 fnt
|-damage|p2b: Malamar|70/100 brn
|-unboost|p1b: Gholdengo|spa|2
|faint|p2a: Dragonite
|-damage|p1b: Gholdengo|70/100|[from] item: Life Orb
|move|p2b: Malamar|Knock Off|p1b: Gholdengo
|-supereffective|p1b: Gholdengo|1
|-crit|p1b: Gholdengo
|-damage|p1b: Gholdengo|17/100
|-enditem|p1b: Gholdengo|Life Orb|[from] move: Knock Off|[of] p2b: Malamar
|
|-damage|p2b: Malamar|64/100 brn|[from] brn
|upkeep
|turn|8
|
|t:|1784397649
|move|p1b: Gholdengo|Protect|p1b: Gholdengo
|-singleturn|p1b: Gholdengo|Protect
|move|p2b: Malamar|Knock Off|p1b: Gholdengo
|-activate|p1b: Gholdengo|move: Protect
|
|-damage|p2b: Malamar|58/100 brn|[from] brn
|upkeep
|turn|9
|
|t:|1784397671
|move|p1b: Gholdengo|Protect|p1b: Gholdengo
|-singleturn|p1b: Gholdengo|Protect
|move|p2b: Malamar|Knock Off|p1b: Gholdengo
|-activate|p1b: Gholdengo|move: Protect
|
|-damage|p2b: Malamar|52/100 brn|[from] brn
|upkeep
|turn|10
|
|t:|1784397684
|move|p1b: Gholdengo|Protect||[still]
|-fail|p1b: Gholdengo
|move|p2b: Malamar|Knock Off|p1b: Gholdengo
|-supereffective|p1b: Gholdengo|1
|-damage|p1b: Gholdengo|0 fnt
|faint|p1b: Gholdengo
|
|win|BobElephant
