|j|☆fumomarlboro
|j|☆ParadoxPerry
|html|fumomarlboroParadoxPerry    
|uhtml|bestof|Game 1 of a best-of-3
|t:|1756520310
|gametype|doubles
|player|p1|fumomarlboro|169|1268
|player|p2|ParadoxPerry|guitarist|1161
|gen|9
|tier|[Gen 9] VGC 2025 Reg H (Bo3)
|rated|
|rule|Species Clause: Limit one of each Pokémon
|rule|Item Clause: Limit 1 of each item
|clearpoke
|poke|p1|Archaludon, L50, F|
|poke|p1|Dragonite, L50, F|
|poke|p1|Pelipper, L50, F|
|poke|p1|Ursaluna, L50, M|
|poke|p1|Sinistcha, L50|
|poke|p1|Gholdengo, L50|
|poke|p2|Gallade, L50, M|
|poke|p2|Exeggutor, L50, F|
|poke|p2|Zoroark-Hisui, L50, F|
|poke|p2|Ursaluna, L50, F|
|poke|p2|Torkoal, L50, M|
|poke|p2|Indeedee-F, L50, F|
|teampreview|4
|showteam|p1|Archaludon||AssaultVest|Stamina|FlashCannon,BodyPress,ElectroShot,Snarl|||F|||50|,,,,,Fighting]Dragonite||LoadedDice|Multiscale|ScaleShot,Tailwind,Haze,Protect|||F|||50|,,,,,Fairy]Pelipper||FocusSash|Drizzle|MuddyWater,Hurricane,Tailwind,Protect|||F|||50|,,,,,Ghost]Ursaluna||FlameOrb|Guts|Facade,HeadlongRush,Earthquake,Protect|||M|||50|,,,,,Ghost]Sinistcha||SitrusBerry|Hospitality|MatchaGotcha,LifeDew,RagePowder,TrickRoom||||||50|,,,,,Dark]Gholdengo||ChoiceScarf|GoodasGold|MakeItRain,ShadowBall,Trick,Protect||||||50|,,,,,Flying
|showteam|p2|Gallade||ClearAmulet|Sharpness|PsychoCut,TrickRoom,WideGuard,SacredSword|||M|||50|,,,,,Fire]Exeggutor||FocusSash|Chlorophyll|TrickRoom,ExpandingForce,EnergyBall,SleepPowder|||F|||50|,,,,,Psychic]Zoroark-Hisui||ChoiceSpecs|Illusion|HyperVoice,Flamethrower,ShadowBall,HyperBeam|||F|||50|,,,,,Normal]Ursaluna||FlameOrb|Guts|Facade,Protect,Earthquake,HeadlongRush|||F|||50|,,,,,Ghost]Torkoal||Charcoal|Drought|Eruption,ClearSmog,Protect,WeatherBall|||M|||50|,,,,,Fire]Indeedee-F||PsychicSeed|PsychicSurge|TrickRoom,Psychic,FollowMe,HelpingHand|||F|||50|,,,,,Grass
|inactive|Battle timer is ON: inactive players will automatically lose when time's up. (requested by fumomarlboro)
|
|t:|1756520342
|teamsize|p1|4
|teamsize|p2|4
|start
|switch|p1a: Dragonite|Dragonite, L50, F|100/100
|switch|p1b: Gholdengo|Gholdengo, L50|100/100
|switch|p2a: Croissant|Indeedee-F, L50, F|100/100
|switch|p2b: Exterminate|Exeggutor, L50, F|100/100
|-fieldstart|move: Psychic Terrain|[from] ability: Psychic Surge|[of] p2a: Croissant
|-enditem|p2a: Croissant|Psychic Seed
|-boost|p2a: Croissant|spd|1|[from] item: Psychic Seed
|turn|1
|
|t:|1756520364
|-terastallize|p2b: Exterminate|Psychic
|move|p1a: Dragonite|Protect|p1a: Dragonite
|-singleturn|p1a: Dragonite|Protect
|move|p2a: Croissant|Follow Me|p2a: Croissant
|-singleturn|p2a: Croissant|move: Follow Me
|move|p1b: Gholdengo|Trick|p2a: Croissant
|-activate|p1b: Gholdengo|move: Trick|[of] p2a: Croissant
|-item|p2a: Croissant|Choice Scarf|[from] move: Trick
|-enditem|p1b: Gholdengo|Choice Scarf|[silent]|[from] move: Trick
|move|p2b: Exterminate|Expanding Force|p1b: Gholdengo|[spread] p1b
|-activate|p1a: Dragonite|move: Protect
|-resisted|p1b: Gholdengo
|-damage|p1b: Gholdengo|47/100
|
|upkeep
|turn|2
|
|t:|1756520388
|move|p1b: Gholdengo|Protect|p1b: Gholdengo
|-singleturn|p1b: Gholdengo|Protect
|move|p2a: Croissant|Follow Me|p2a: Croissant
|-singleturn|p2a: Croissant|move: Follow Me
|move|p1a: Dragonite|Scale Shot|p2a: Croissant
|-damage|p2a: Croissant|87/100
|-damage|p2a: Croissant|73/100
|-damage|p2a: Croissant|59/100
|-damage|p2a: Croissant|45/100
|-hitcount|p2a: Croissant|4
|-unboost|p1a: Dragonite|def|1
|-boost|p1a: Dragonite|spe|1
|move|p2b: Exterminate|Expanding Force|p1a: Dragonite|[spread] p1a
|-activate|p1b: Gholdengo|move: Protect
|-damage|p1a: Dragonite|54/100
|
|upkeep
|turn|3
|
|t:|1756520407
|move|p2a: Croissant|Follow Me|p2a: Croissant
|-singleturn|p2a: Croissant|move: Follow Me
|move|p1a: Dragonite|Tailwind|p1a: Dragonite
|-sidestart|p1: fumomarlboro|move: Tailwind
|move|p1b: Gholdengo|Make It Rain|p2b: Exterminate|[spread] p2a,p2b
|-damage|p2a: Croissant|14/100
|-damage|p2b: Exterminate|30/100
|-unboost|p1b: Gholdengo|spa|1
|move|p2b: Exterminate|Expanding Force|p1b: Gholdengo|[spread] p1a,p1b
|-resisted|p1b: Gholdengo
|-damage|p1a: Dragonite|0 fnt
|-damage|p1b: Gholdengo|0 fnt
|faint|p1a: Dragonite
|faint|p1b: Gholdengo
|
|upkeep
|
|t:|1756520415
|switch|p1b: Ursaluna|Ursaluna, L50, M|100/100
|switch|p1a: Pelipper|Pelipper, L50, F|100/100
|-weather|RainDance|[from] ability: Drizzle|[of] p1a: Pelipper
|turn|4
|
|t:|1756520431
|move|p2a: Croissant|Follow Me|p2a: Croissant
|-singleturn|p2a: Croissant|move: Follow Me
|move|p1a: Pelipper|Muddy Water|p2a: Croissant|[spread] p2a,p2b
|-damage|p2a: Croissant|0 fnt
|-damage|p2b: Exterminate|0 fnt
|faint|p2a: Croissant
|faint|p2b: Exterminate
|move|p1b: Ursaluna|Earthquake|p1a: Pelipper
|-immune|p1a: Pelipper
|
|-weather|RainDance|[upkeep]
|-status|p1b: Ursaluna|brn|[from] item: Flame Orb
|upkeep
|
|t:|1756520440
|switch|p2b: Steady|Torkoal, L50, M|100/100
|switch|p2a: Steady|Torkoal, L50, M|100/100
|-weather|SunnyDay|[from] ability: Drought|[of] p2a: Steady
|turn|5
|inactive|fumomarlboro has 30 seconds left.
|
|t:|1756520468
|move|p2a: Steady|Protect|p2a: Steady
|-singleturn|p2a: Steady|Protect
|move|p1a: Pelipper|Muddy Water|p2a: Steady|[spread] p2b
|-activate|p2a: Steady|move: Protect
|-damage|p2b: Steady|68/100
|replace|p2b: Gotcha|Zoroark-Hisui, L50, F
|-end|p2b: Gotcha|Illusion
|move|p1b: Ursaluna|Earthquake|p2b: Gotcha|[spread] p2b
|-activate|p2a: Steady|move: Protect
|-immune|p1a: Pelipper
|-damage|p2b: Gotcha|0 fnt
|faint|p2b: Gotcha
|
|-weather|SunnyDay|[upkeep]
|-damage|p1b: Ursaluna|95/100 brn|[from] brn
|-fieldend|move: Psychic Terrain
|upkeep
|turn|6
|
|t:|1756520485
|move|p1a: Pelipper|Muddy Water|p2a: Steady|[miss]
|-miss|p1a: Pelipper|p2a: Steady
|move|p1b: Ursaluna|Headlong Rush|p2a: Steady
|-supereffective|p2a: Steady
|-damage|p2a: Steady|0 fnt
|-unboost|p1b: Ursaluna|def|1
|-unboost|p1b: Ursaluna|spd|1
|faint|p2a: Steady
|
|win|fumomarlboro
||fumomarlboro is ready for game 2.
||ParadoxPerry is ready for game 2.
|uhtml|next|Next: Game 2 of 3
|l|☆ParadoxPerry
|player|p2|
