|j|☆Dragonaris
|j|☆homerj71
|html|Dragonarishomerj71    
|uhtml|bestof|Game 3 of a best-of-3
|t:|1783168226
|gametype|doubles
|player|p1|Dragonaris|265|1137
|player|p2|homerj71|169|1243
|gen|9
|tier|[Gen 9 Champions] VGC 2026 Reg M-B (Bo3)
|rated|
|rule|Species Clause: Limit one of each Pokémon
|rule|Item Clause: Limit 1 of each item
|clearpoke
|poke|p1|Gengar, L50, M|
|poke|p1|Garchomp, L50, F|
|poke|p1|Charizard, L50, M|
|poke|p1|Archaludon, L50, F|
|poke|p1|Pelipper, L50, M|
|poke|p1|Whimsicott, L50, F|
|poke|p2|Delphox, L50, F|
|poke|p2|Sneasler, L50, F|
|poke|p2|Floette-Eternal, L50, F|
|poke|p2|Incineroar, L50, F|
|poke|p2|Kingambit, L50, F|
|poke|p2|Sinistcha, L50|
|teampreview|4
|showteam|p1|Gengar||Gengarite|CursedBody|FocusBlast,SludgeWave,ShadowBall,Thunder|Modest||M|||50|]Garchomp||SitrusBerry|SandVeil|DragonClaw,Earthquake,RockSlide,IronHead|Jolly||F|||50|]Charizard||CharizarditeY|Blaze|HeatWave,SolarBeam,DragonPulse,Hurricane|Modest||M|||50|]Archaludon||Leftovers|Stamina|DracoMeteor,ElectroShot,FlashCannon,Protect|Bold||F|||50|]Pelipper||FocusSash|Drizzle|WeatherBall,Roost,Hurricane,Tailwind|Bold||M|||50|]Whimsicott||LumBerry|Prankster|Tailwind,Encore,DazzlingGleam,GigaDrain|Bold||F|||50|
|showteam|p2|Delphox||Delphoxite|Blaze|Protect,Psyshock,HeatWave,NastyPlot|Timid||F|||50|]Sneasler||FocusSash|PoisonTouch|QuickGuard,CloseCombat,FakeOut,DireClaw|Jolly||F|||50|]Floette-Eternal||Floettite|FlowerVeil|Protect,DazzlingGleam,CalmMind,Moonblast|Timid||F|||50|]Incineroar||SitrusBerry|Intimidate|ThroatChop,FlareBlitz,PartingShot,FakeOut|Impish||F|||50|]Kingambit||BlackGlasses|Defiant|Protect,KowtowCleave,SuckerPunch,SwordsDance|Adamant||F|||50|]Sinistcha||KasibBerry|Hospitality|Protect,TrickRoom,MatchaGotcha,RagePowder|Relaxed|||||50|
|inactive|Battle timer is ON: inactive players will automatically lose when time's up. (requested by homerj71)
|inactive|Dragonaris has 60 seconds left.
|
|t:|1783168274
|teamsize|p1|4
|teamsize|p2|4
|start
|switch|p1a: Charizard|Charizard, L50, M|100/100
|switch|p1b: Garchomp|Garchomp, L50, F|100/100
|switch|p2a: Delphox|Delphox, L50, F|100/100
|switch|p2b: Sneasler|Sneasler, L50, F|100/100
|turn|1
|inactive|Dragonaris has 30 seconds left.
|inactive|Dragonaris has 20 seconds left.
|
|t:|1783168311
|switch|p2b: Incineroar|Incineroar, L50, F|100/100
|-ability|p2b: Incineroar|Intimidate|boost
|-unboost|p1a: Charizard|atk|1
|-unboost|p1b: Garchomp|atk|1
|switch|p1b: Pelipper|Pelipper, L50, M|100/100
|-weather|RainDance|[from] ability: Drizzle|[of] p1b: Pelipper
|detailschange|p2a: Delphox|Delphox-Mega, L50, F
|-mega|p2a: Delphox|Delphox|Delphoxite
|move|p2a: Delphox|Nasty Plot|p2a: Delphox
|-boost|p2a: Delphox|spa|2
|move|p1a: Charizard|Hurricane|p2b: Incineroar
|-damage|p2b: Incineroar|47/100
|-enditem|p2b: Incineroar|Sitrus Berry|[eat]
|-heal|p2b: Incineroar|72/100|[from] item: Sitrus Berry
|
|-weather|RainDance|[upkeep]
|upkeep
|turn|2
|inactive|Dragonaris has 30 seconds left.
|inactive|Dragonaris has 20 seconds left.
|inactive|Dragonaris has 15 seconds left.
|inactive|Dragonaris has 10 seconds left.
|
|t:|1783168356
|move|p2b: Incineroar|Fake Out|p1b: Pelipper
|-damage|p1b: Pelipper|91/100
|move|p2a: Delphox|Psyshock|p1a: Charizard
|-damage|p1a: Charizard|0 fnt
|faint|p1a: Charizard
|cant|p1b: Pelipper|flinch
|
|-weather|RainDance|[upkeep]
|upkeep
|
|t:|1783168363
|switch|p1a: Garchomp|Garchomp, L50, F|100/100
|turn|3
|
|t:|1783168371
|move|p2a: Delphox|Protect|p2a: Delphox
|-singleturn|p2a: Delphox|Protect
|move|p1a: Garchomp|Rock Slide|p2a: Delphox|[spread] p2b
|-activate|p2a: Delphox|move: Protect
|-supereffective|p2b: Incineroar|1
|-damage|p2b: Incineroar|44/100
|move|p1b: Pelipper|Weather Ball|p2a: Delphox
|-activate|p2a: Delphox|move: Protect
|cant|p2b: Incineroar|flinch
|
|-weather|RainDance|[upkeep]
|upkeep
|turn|4
|inactive|homerj71 has 30 seconds left.
|inactive|homerj71 has 20 seconds left.
|
|t:|1783168408
|switch|p2a: Sneasler|Sneasler, L50, F|100/100
|switch|p2b: Sinistcha|Sinistcha, L50|100/100
|move|p1a: Garchomp|Rock Slide|p2a: Sneasler|[spread] p2a,p2b
|-resisted|p2a: Sneasler|1
|-damage|p2a: Sneasler|82/100
|-damage|p2b: Sinistcha|85/100
|move|p1b: Pelipper|Weather Ball|p2a: Sneasler
|-damage|p2a: Sneasler|14/100
|
|-weather|RainDance|[upkeep]
|upkeep
|turn|5
|inactive|Dragonaris has 30 seconds left.
|
|t:|1783168436
|move|p2a: Sneasler|Fake Out|p1b: Pelipper
|-damage|p1b: Pelipper|80/100
|move|p1a: Garchomp|Earthquake|p2b: Sinistcha|[spread] p2a,p2b
|-immune|p1b: Pelipper
|-supereffective|p2a: Sneasler|1
|-resisted|p2b: Sinistcha|1
|-damage|p2a: Sneasler|0 fnt
|-damage|p2b: Sinistcha|69/100
|faint|p2a: Sneasler
|cant|p1b: Pelipper|flinch
|move|p2b: Sinistcha|Matcha Gotcha|p1b: Pelipper|[spread] p1b
|-miss|p2b: Sinistcha|p1a: Garchomp
|-damage|p1b: Pelipper|47/100
|-heal|p2b: Sinistcha|84/100|[from] drain|[of] p1b: Pelipper
|
|-weather|none
|upkeep
|
|t:|1783168449
|switch|p2a: Incineroar|Incineroar, L50, F|44/100
|-ability|p2a: Incineroar|Intimidate|boost
|-unboost|p1a: Garchomp|atk|1
|-unboost|p1b: Pelipper|atk|1
|turn|6
|
|t:|1783168464
|switch|p1a: Archaludon|Archaludon, L50, F|100/100
|switch|p2b: Delphox|Delphox-Mega, L50, F|100/100
|move|p2a: Incineroar|Fake Out|p1a: Archaludon
|-resisted|p1a: Archaludon|1
|-damage|p1a: Archaludon|96/100
|-ability|p1a: Archaludon|Stamina|boost
|-boost|p1a: Archaludon|def|1
|move|p1b: Pelipper|Roost|p1b: Pelipper
|-heal|p1b: Pelipper|97/100
|-singleturn|p1b: Pelipper|move: Roost
|
|-heal|p1a: Archaludon|100/100|[from] item: Leftovers
|upkeep
|turn|7
|
|t:|1783168486
|switch|p1b: Garchomp|Garchomp, L50, F|100/100
|move|p1a: Archaludon|Protect|p1a: Archaludon
|-singleturn|p1a: Archaludon|Protect
|move|p2b: Delphox|Nasty Plot|p2b: Delphox
|-boost|p2b: Delphox|spa|2
|move|p2a: Incineroar|Parting Shot|p1a: Archaludon
|-activate|p1a: Archaludon|move: Protect
|
|upkeep
|turn|8
|inactive|Dragonaris has 30 seconds left.
|
|t:|1783168520
|switch|p1b: Pelipper|Pelipper, L50, M|97/100
|-weather|RainDance|[from] ability: Drizzle|[of] p1b: Pelipper
|switch|p2a: Sinistcha|Sinistcha, L50|84/100
|move|p2b: Delphox|Protect|p2b: Delphox
|-singleturn|p2b: Delphox|Protect
|move|p1a: Archaludon|Electro Shot||[still]
|-prepare|p1a: Archaludon|Electro Shot
|-boost|p1a: Archaludon|spa|1
|-anim|p1a: Archaludon|Electro Shot|p2a: Sinistcha
|-resisted|p2a: Sinistcha|1
|-damage|p2a: Sinistcha|54/100
|
|-weather|RainDance|[upkeep]
|upkeep
|turn|9
|inactive|Dragonaris has 30 seconds left.
|inactive|Dragonaris has 20 seconds left.
|
|t:|1783168560
|move|p2a: Sinistcha|Rage Powder|p2a: Sinistcha
|-singleturn|p2a: Sinistcha|move: Rage Powder
|move|p2b: Delphox|Psyshock|p1b: Pelipper
|-damage|p1b: Pelipper|25/100
|move|p1a: Archaludon|Draco Meteor|p2a: Sinistcha
|-damage|p2a: Sinistcha|0 fnt
|-unboost|p1a: Archaludon|spa|2
|faint|p2a: Sinistcha
|move|p1b: Pelipper|Hurricane|p2b: Delphox
|-damage|p2b: Delphox|64/100
|
|-weather|RainDance|[upkeep]
|upkeep
|
|t:|1783168567
|switch|p2a: Incineroar|Incineroar, L50, F|44/100
|-ability|p2a: Incineroar|Intimidate|boost
|-unboost|p1a: Archaludon|atk|1
|-unboost|p1b: Pelipper|atk|1
|turn|10
|inactive|Dragonaris has 30 seconds left.
|
|t:|1783168600
|switch|p1a: Garchomp|Garchomp, L50, F|100/100
|move|p2a: Incineroar|Fake Out|p1b: Pelipper
|-damage|p1b: Pelipper|16/100
|move|p2b: Delphox|Psyshock|p1a: Garchomp
|-damage|p1a: Garchomp|8/100
|-enditem|p1a: Garchomp|Sitrus Berry|[eat]
|-heal|p1a: Garchomp|33/100|[from] item: Sitrus Berry
|cant|p1b: Pelipper|flinch
|
|-weather|RainDance|[upkeep]
|upkeep
|turn|11
|
|t:|1783168616
|move|p2b: Delphox|Psyshock|p1a: Garchomp
|-damage|p1a: Garchomp|0 fnt
|faint|p1a: Garchomp
|move|p1b: Pelipper|Weather Ball|p2a: Incineroar
|-supereffective|p2a: Incineroar|1
|-damage|p2a: Incineroar|0 fnt
|faint|p2a: Incineroar
|
|-weather|RainDance|[upkeep]
|upkeep
|
|t:|1783168622
|switch|p1a: Archaludon|Archaludon, L50, F|100/100
|turn|12
|
|t:|1783168637
|move|p2b: Delphox|Protect|p2b: Delphox
|-singleturn|p2b: Delphox|Protect
|move|p1a: Archaludon|Electro Shot||[still]
|-prepare|p1a: Archaludon|Electro Shot
|-boost|p1a: Archaludon|spa|1
|-anim|p1a: Archaludon|Electro Shot|p2b: Delphox
|-activate|p2b: Delphox|move: Protect
|move|p1b: Pelipper|Tailwind|p1b: Pelipper
|-sidestart|p1: Dragonaris|move: Tailwind
|
|-weather|none
|upkeep
|turn|13
|
|t:|1783168661
|move|p1a: Archaludon|Electro Shot||[still]
|-prepare|p1a: Archaludon|Electro Shot
|-boost|p1a: Archaludon|spa|1
|move|p2b: Delphox|Heat Wave|p1b: Pelipper|[spread] p1a,p1b
|-resisted|p1b: Pelipper|1
|-damage|p1a: Archaludon|0 fnt
|-damage|p1b: Pelipper|0 fnt
|faint|p1a: Archaludon
|faint|p1b: Pelipper
|
|win|homerj71
|raw|Dragonaris's rating: 1137 → 1119(-18 for losing)
|raw|homerj71's rating: 1243 → 1261(+18 for winning)
