|j|☆palle synchro
|j|☆SOADVGC
|html|palle synchroSOADVGC    
|uhtml|bestof|Game 1 of a best-of-3
|t:|1757092846
|gametype|doubles
|player|p1|palle synchro|volkner|1393
|player|p2|SOADVGC|roxie|1278
|gen|9
|tier|[Gen 9] VGC 2025 Reg H (Bo3)
|rated|
|rule|Species Clause: Limit one of each Pokémon
|rule|Item Clause: Limit 1 of each item
|clearpoke
|poke|p1|Whimsicott, L50, F|
|poke|p1|Arcanine-Hisui, L50, M|
|poke|p1|Indeedee, L50, M|
|poke|p1|Sneasler, L50, M|
|poke|p1|Ursaluna-Bloodmoon, L50, M|
|poke|p1|Archaludon, L50, F|
|poke|p2|Ursaluna-Bloodmoon, L50, M|
|poke|p2|Incineroar, L50, M|
|poke|p2|Amoonguss, L50, F|
|poke|p2|Gallade, L50, M|
|poke|p2|Archaludon, L50, M|
|poke|p2|Dragonite, L50, F|
|teampreview|4
|showteam|p1|Whimsicott||CovertCloak|Prankster|Moonblast,Taunt,Tailwind,FakeTears|||F|||50|,,,,,Water]Arcanine-Hisui||ClearAmulet|Intimidate|RockSlide,FlareBlitz,ExtremeSpeed,Protect|||M|||50|,,,,,Ghost]Indeedee||FocusSash|PsychicSurge|ExpandingForce,TeraBlast,Imprison,TrickRoom|||M|||50|,,,,,Psychic]Sneasler||PsychicSeed|Unburden|CloseCombat,DireClaw,ThroatChop,Protect|||M|||50|,,,,,Dark]Ursaluna-Bloodmoon||LifeOrb|MindsEye|HyperVoice,BloodMoon,EarthPower,Protect|||M|||50|,,,,,Normal]Archaludon||PowerHerb|Stalwart|ElectroShot,DragonPulse,Thunderbolt,Protect|||F|||50|,,,,,Electric
|showteam|p2|Ursaluna-Bloodmoon||LifeOrb|MindsEye|HyperVoice,BloodMoon,EarthPower,Protect|||M|||50|,,,,,Normal]Incineroar||SafetyGoggles|Intimidate|FakeOut,PartingShot,FlareBlitz,KnockOff|||M|||50|,,,,,Ghost]Amoonguss||SitrusBerry|Regenerator|RagePowder,Spore,PollenPuff,ClearSmog|||F|||50|,,,,,Water]Gallade||ClearAmulet|Sharpness|PsychoCut,SacredSword,Protect,TrickRoom|||M|||50|,,,,,Steel]Archaludon||PowerHerb|Stalwart|ElectroShot,Thunderbolt,DragonPulse,Protect|||M|||50|,,,,,Electric]Dragonite||LoadedDice|Multiscale|ScaleShot,TeraBlast,Tailwind,Protect|||F|||50|,,,,,Fairy
|inactive|Battle timer is ON: inactive players will automatically lose when time's up. (requested by SOADVGC)
|inactive|SOADVGC has 60 seconds left.
|inactive|SOADVGC has 30 seconds left.
|
|t:|1757092908
|teamsize|p1|4
|teamsize|p2|4
|start
|switch|p1a: Whimsicott|Whimsicott, L50, F|100/100
|switch|p1b: Ursaluna|Ursaluna-Bloodmoon, L50, M|100/100
|switch|p2a: Dragonite|Dragonite, L50, F|100/100
|switch|p2b: Amoonguss|Amoonguss, L50, F|100/100
|turn|1
|
|t:|1757092926
|-terastallize|p1b: Ursaluna|Normal
|move|p1a: Whimsicott|Taunt|p2a: Dragonite
|-start|p2a: Dragonite|move: Taunt
|cant|p2a: Dragonite|move: Taunt|Tailwind
|move|p1b: Ursaluna|Hyper Voice|p2a: Dragonite|[spread] p2a,p2b
|-damage|p2a: Dragonite|70/100
|-damage|p2b: Amoonguss|49/100
|-enditem|p2b: Amoonguss|Sitrus Berry|[eat]
|-heal|p2b: Amoonguss|74/100|[from] item: Sitrus Berry
|-damage|p1b: Ursaluna|91/100|[from] item: Life Orb
|move|p2b: Amoonguss|Spore|p1b: Ursaluna
|-status|p1b: Ursaluna|slp|[from] move: Spore
|
|upkeep
|turn|2
|
|t:|1757092938
|switch|p2b: Ursaluna|Ursaluna-Bloodmoon, L50, M|100/100
|cant|p1b: Ursaluna|slp
|move|p1a: Whimsicott|Moonblast|p2a: Dragonite
|-supereffective|p2a: Dragonite
|-damage|p2a: Dragonite|19/100
|move|p2a: Dragonite|Scale Shot|p1b: Ursaluna
|-damage|p1b: Ursaluna|78/100 slp
|-damage|p1b: Ursaluna|66/100 slp
|-damage|p1b: Ursaluna|53/100 slp
|-damage|p1b: Ursaluna|40/100 slp
|-damage|p1b: Ursaluna|26/100 slp
|-hitcount|p1b: Ursaluna|5
|-unboost|p2a: Dragonite|def|1
|-boost|p2a: Dragonite|spe|1
|
|upkeep
|turn|3
|
|t:|1757092956
|-terastallize|p2a: Dragonite|Fairy
|move|p2a: Dragonite|Tera Blast|p1a: Whimsicott|[anim] Tera Blast Fairy
|-damage|p1a: Whimsicott|42/100
|move|p1a: Whimsicott|Moonblast|p2a: Dragonite
|-damage|p2a: Dragonite|0 fnt
|faint|p2a: Dragonite
|cant|p1b: Ursaluna|slp
|move|p2b: Ursaluna|Hyper Voice|p1b: Ursaluna|[spread] p1a,p1b
|-damage|p1a: Whimsicott|0 fnt
|-damage|p1b: Ursaluna|0 fnt
|faint|p1a: Whimsicott
|faint|p1b: Ursaluna
|-damage|p2b: Ursaluna|91/100|[from] item: Life Orb
|
|upkeep
|
|t:|1757092968
|switch|p1a: Sneasler|Sneasler, L50, M|100/100
|switch|p2a: Amoonguss|Amoonguss, L50, F|100/100
|switch|p1b: Indeedee|Indeedee, L50, M|100/100
|-fieldstart|move: Psychic Terrain|[from] ability: Psychic Surge|[of] p1b: Indeedee
|-enditem|p1a: Sneasler|Psychic Seed
|-boost|p1a: Sneasler|spd|1|[from] item: Psychic Seed
|turn|4
|inactive|palle synchro has 30 seconds left.
|
|t:|1757092995
|move|p2a: Amoonguss|Rage Powder|p2a: Amoonguss
|-singleturn|p2a: Amoonguss|move: Rage Powder
|move|p1a: Sneasler|Throat Chop|p2a: Amoonguss
|-damage|p2a: Amoonguss|76/100
|-start|p2a: Amoonguss|Throat Chop|[silent]
|move|p1b: Indeedee|Expanding Force|p2a: Amoonguss|[spread] p2a,p2b
|-supereffective|p2a: Amoonguss
|-damage|p2a: Amoonguss|0 fnt
|-damage|p2b: Ursaluna|24/100
|faint|p2a: Amoonguss
|move|p2b: Ursaluna|Hyper Voice|p1b: Indeedee|[spread] p1a,p1b
|-crit|p1b: Indeedee
|-damage|p1a: Sneasler|53/100
|-enditem|p1b: Indeedee|Focus Sash
|-damage|p1b: Indeedee|1/100
|-damage|p2b: Ursaluna|14/100|[from] item: Life Orb
|
|upkeep
|
|t:|1757093004
|switch|p2a: Gallade|Gallade, L50, M|100/100
|turn|5
|inactive|SOADVGC has 30 seconds left.
|
|t:|1757093031
|move|p2b: Ursaluna|Protect|p2b: Ursaluna
|-singleturn|p2b: Ursaluna|Protect
|move|p1a: Sneasler|Dire Claw|p2a: Gallade
|-damage|p2a: Gallade|27/100
|-status|p2a: Gallade|par
|move|p1b: Indeedee|Tera Blast|p2a: Gallade
|-damage|p2a: Gallade|0 fnt
|faint|p2a: Gallade
|
|upkeep
|turn|6
|-message|SOADVGC forfeited.
|
|win|palle synchro
