|j|☆red1998poke
|j|☆vaishnav2050
|html|red1998pokevaishnav2050    
|uhtml|bestof|Game 2 of a best-of-3
|t:|1784400318
|gametype|doubles
|player|p1|red1998poke|169|1000
|player|p2|vaishnav2050|2|1000
|gen|9
|tier|[Gen 9 Champions] VGC 2026 Reg M-B (Bo3)
|rated|
|rule|Species Clause: Limit one of each Pokémon
|rule|Item Clause: Limit 1 of each item
|clearpoke
|poke|p1|Sneasler, L50, F|
|poke|p1|Espathra, L50, F|
|poke|p1|Basculegion, L50, M|
|poke|p1|Pelipper, L50, M|
|poke|p1|Swampert, L50, M|
|poke|p1|Scovillain, L50, M|
|poke|p2|Whimsicott, L50, F|
|poke|p2|Incineroar, L50, M|
|poke|p2|Dragapult, L50, F|
|poke|p2|Metagross, L50|
|poke|p2|Meowscarada, L50, M|
|poke|p2|Blaziken, L50, M|
|teampreview|4
|showteam|p1|Sneasler||PayapaBerry|PoisonTouch|FakeOut,Coaching,GunkShot,CloseCombat|Jolly||F|||50|]Espathra||FocusSash|SpeedBoost|CalmMind,BatonPass,LuminaCrash,Protect|Serious||F|||50|]Basculegion||ChoiceScarf|Adaptability|WaveCrash,AquaJet,LastRespects,FlipTurn|Adamant||M|||50|]Pelipper||DampRock|Drizzle|RainDance,Hurricane,WeatherBall,Protect|Bold||M|||50|]Swampert||Swampertite|Damp|Protect,WaveCrash,IcePunch,HighHorsepower|Adamant||M|||50|]Scovillain||Scovillainite|Moody|Protect,Flamethrower,GigaDrain,LeechSeed|Calm||M|||50|
|showteam|p2|Whimsicott||FocusSash|Prankster|Moonblast,Tailwind,Encore,Protect|Timid||F|||50|]Incineroar||SitrusBerry|Intimidate|FlareBlitz,FakeOut,PartingShot,ThroatChop|Careful||M|||50|]Dragapult||LifeOrb|ClearBody|DragonDarts,PhantomForce,PsychicFangs,Protect|Jolly||F|||50|]Metagross||Metagrossite|ClearBody|PsychicFangs,Protect,IronHead,BodyPress|Jolly|||||50|]Meowscarada||ChoiceScarf|Protean|FlowerTrick,TripleAxel,KnockOff,Uturn|Jolly||M|||50|]Blaziken||Blazikenite|SpeedBoost|CloseCombat,FlareBlitz,RockSlide,Detect|Adamant||M|||50|
|
|t:|1784400358
|teamsize|p1|4
|teamsize|p2|4
|start
|switch|p1a: Pelipper|Pelipper, L50, M|100/100
|switch|p1b: Swampert|Swampert, L50, M|100/100
|switch|p2a: Whimsicott|Whimsicott, L50, F|100/100
|switch|p2b: Incineroar|Incineroar, L50, M|100/100
|-weather|RainDance|[from] ability: Drizzle|[of] p1a: Pelipper
|-ability|p2b: Incineroar|Intimidate|boost
|-unboost|p1a: Pelipper|atk|1
|-unboost|p1b: Swampert|atk|1
|turn|1
|inactive|Battle timer is ON: inactive players will automatically lose when time's up. (requested by vaishnav2050)
|
|t:|1784400378
|detailschange|p1b: Swampert|Swampert-Mega, L50, M
|-mega|p1b: Swampert|Swampert|Swampertite
|move|p2b: Incineroar|Fake Out|p1a: Pelipper
|-damage|p1a: Pelipper|91/100
|move|p2a: Whimsicott|Tailwind|p2a: Whimsicott
|-sidestart|p2: vaishnav2050|move: Tailwind
|move|p1b: Swampert|Ice Punch|p2a: Whimsicott
|-supereffective|p2a: Whimsicott|1
|-damage|p2a: Whimsicott|32/100
|cant|p1a: Pelipper|flinch
|
|-weather|RainDance|[upkeep]
|upkeep
|turn|2
|inactive|red1998poke has 30 seconds left.
|inactive|vaishnav2050 has 30 seconds left.
|inactive|red1998poke has 20 seconds left.
|inactive|red1998poke has 15 seconds left.
|inactive|vaishnav2050 has 20 seconds left.
|inactive|red1998poke has 10 seconds left.
|inactive|vaishnav2050 has 15 seconds left.
|inactive|red1998poke has 5 seconds left.
|inactive|vaishnav2050 has 10 seconds left.
|inactive|vaishnav2050 has 5 seconds left.
|
|t:|1784400438
|switch|p1a: Sneasler|Sneasler, L50, F|100/100
|move|p2a: Whimsicott|Moonblast|p1a: Sneasler
|-damage|p1a: Sneasler|54/100
|move|p1b: Swampert|Wave Crash|p2a: Whimsicott
|-resisted|p2a: Whimsicott|1
|-damage|p2a: Whimsicott|0 fnt
|faint|p2a: Whimsicott
|-damage|p1b: Swampert|91/100|[from] Recoil
|move|p2b: Incineroar|Flare Blitz|p1b: Swampert
|-resisted|p1b: Swampert|1
|-damage|p1b: Swampert|80/100
|-damage|p2b: Incineroar|97/100|[from] Recoil
|
|-weather|RainDance|[upkeep]
|upkeep
|
|t:|1784400442
|switch|p2a: Metagross|Metagross, L50|100/100
|turn|3
|inactive|red1998poke has 30 seconds left.
|inactive|red1998poke has 20 seconds left.
|
|t:|1784400481
|detailschange|p2a: Metagross|Metagross-Mega, L50
|-mega|p2a: Metagross|Metagross|Metagrossite
|move|p1a: Sneasler|Fake Out|p2a: Metagross
|-resisted|p2a: Metagross|1
|-damage|p2a: Metagross|94/100
|cant|p2a: Metagross|flinch
|move|p1b: Swampert|Ice Punch|p2b: Incineroar
|-resisted|p2b: Incineroar|1
|-damage|p2b: Incineroar|88/100
|move|p2b: Incineroar|Throat Chop|p1b: Swampert
|-damage|p1b: Swampert|51/100
|-start|p1b: Swampert|Throat Chop|[silent]
|
|-weather|RainDance|[upkeep]
|upkeep
|turn|4
|inactive|vaishnav2050 has 30 seconds left.
|
|t:|1784400510
|switch|p1a: Pelipper|Pelipper, L50, M|91/100
|switch|p2b: Dragapult|Dragapult, L50, F|100/100
|move|p1b: Swampert|Protect|p1b: Swampert
|-singleturn|p1b: Swampert|Protect
|move|p2a: Metagross|Psychic Fangs|p1a: Pelipper
|-damage|p1a: Pelipper|37/100
|
|-weather|RainDance|[upkeep]
|-end|p1b: Swampert|Throat Chop|[silent]
|-sideend|p2: vaishnav2050|move: Tailwind
|upkeep
|turn|5
|
|t:|1784400534
|move|p1b: Swampert|Wave Crash|p2a: Metagross
|-crit|p2a: Metagross
|-damage|p2a: Metagross|0 fnt
|faint|p2a: Metagross
|-damage|p1b: Swampert|23/100|[from] Recoil
|move|p2b: Dragapult|Phantom Force||[still]
|-prepare|p2b: Dragapult|Phantom Force
|move|p1a: Pelipper|Weather Ball|p2b: Dragapult|[miss]
|-miss|p1a: Pelipper|p2b: Dragapult
|
|-weather|RainDance|[upkeep]
|upkeep
|
|t:|1784400542
|switch|p2a: Incineroar|Incineroar, L50, M|88/100
|-ability|p2a: Incineroar|Intimidate|boost
|-unboost|p1a: Pelipper|atk|1
|-unboost|p1b: Swampert|atk|1
|turn|6
|inactive|red1998poke has 30 seconds left.
|
|t:|1784400572
|switch|p1b: Sneasler|Sneasler, L50, F|54/100
|move|p2a: Incineroar|Fake Out|p1b: Sneasler
|-damage|p1b: Sneasler|36/100
|move|p2b: Dragapult|Phantom Force|p1a: Pelipper|[from] lockedmove
|-damage|p1a: Pelipper|0 fnt
|faint|p1a: Pelipper
|-damage|p2b: Dragapult|90/100|[from] item: Life Orb
|
|-weather|RainDance|[upkeep]
|upkeep
|
|t:|1784400581
|switch|p1a: Swampert|Swampert-Mega, L50, M|23/100
|turn|7
|inactive|red1998poke has 30 seconds left.
|inactive|vaishnav2050 has 30 seconds left.
|inactive|vaishnav2050 has 20 seconds left.
|inactive|vaishnav2050 has 15 seconds left.
|inactive|vaishnav2050 has 10 seconds left.
|
|t:|1784400627
|move|p1a: Swampert|Wave Crash|p2a: Incineroar
|-supereffective|p2a: Incineroar|1
|-damage|p2a: Incineroar|0 fnt
|faint|p2a: Incineroar
|-damage|p1a: Swampert|0 fnt|[from] Recoil
|faint|p1a: Swampert
|move|p2b: Dragapult|Dragon Darts|p1b: Sneasler
|-damage|p1b: Sneasler|0 fnt
|faint|p1b: Sneasler
|-damage|p2b: Dragapult|80/100|[from] item: Life Orb
|
|-weather|RainDance|[upkeep]
|upkeep
|l|☆red1998poke
|inactive|red1998poke disconnected and has a minute to reconnect!
|player|p1|
|j|☆red1998poke
|inactive|red1998poke reconnected and has 40 seconds left.
|player|p1|red1998poke|169|
|
|t:|1784400651
|switch|p1a: Basculegion|Basculegion, L50, M|100/100
|turn|8
|
|t:|1784400664
|move|p2b: Dragapult|Phantom Force||[still]
|-prepare|p2b: Dragapult|Phantom Force
|move|p1a: Basculegion|Last Respects|p2b: Dragapult|[miss]
|-miss|p1a: Basculegion|p2b: Dragapult
|
|-weather|none
|upkeep
|turn|9
|
|t:|1784400668
|move|p2b: Dragapult|Phantom Force|p1a: Basculegion|[from] lockedmove
|-supereffective|p1a: Basculegion|1
|-damage|p1a: Basculegion|0 fnt
|faint|p1a: Basculegion
|-damage|p2b: Dragapult|70/100|[from] item: Life Orb
|
|win|vaishnav2050
|inactive|red1998poke has 30 seconds to confirm battle start!
|inactive|vaishnav2050 has 30 seconds to confirm battle start!
