|j|☆sbhaga34
|j|☆Lightoz IV
|html|sbhaga34Lightoz IV    
|uhtml|bestof|Game 1 of a best-of-3
|t:|1784562654
|gametype|doubles
|player|p1|sbhaga34|hugh|1369
|player|p2|Lightoz IV|blue-gen2|1437
|gen|9
|tier|[Gen 9 Champions] VGC 2026 Reg M-B (Bo3)
|rated|
|rule|Species Clause: Limit one of each Pokémon
|rule|Item Clause: Limit 1 of each item
|clearpoke
|poke|p1|Excadrill, L50, F|
|poke|p1|Tyranitar, L50, F|
|poke|p1|Corviknight, L50, F|
|poke|p1|Rotom-Wash, L50|
|poke|p1|Chandelure, L50, F|
|poke|p1|Scovillain, L50, F|
|poke|p2|Raichu, L50, M|
|poke|p2|Kingambit, L50, M, shiny|
|poke|p2|Basculegion, L50, M|
|poke|p2|Aerodactyl, L50, M|
|poke|p2|Farigiraf, L50, M|
|poke|p2|Sylveon, L50, F, shiny|
|teampreview|4
|showteam|p1|Excadrill||FocusSash|SandRush|Earthquake,IronHead,SwordsDance,Protect|Adamant||F|||50|]Tyranitar||Tyranitarite|SandStream|RockSlide,KnockOff,LowKick,Protect|Adamant||F|||50|]Corviknight||SharpBeak|MirrorArmor|BraveBird,Tailwind,BulkUp,Roost|Careful||F|||50|]Rotom-Wash||ChoiceScarf|Levitate|VoltSwitch,Thunderbolt,Electroweb,HydroPump|Timid|||||50|]Chandelure||ShucaBerry|FlashFire|HeatWave,ShadowBall,TrickRoom,Protect|Modest||F|||50|]Scovillain||Scovillainite|Chlorophyll|RagePowder,Overheat,GigaDrain,Protect|Calm||F|||50|
|showteam|p2|Raichu||RaichuniteY|LightningRod|ZapCannon,FocusBlast,FakeOut,Protect|Timid||M|||50|]Kingambit||FocusSash|Defiant|KowtowCleave,SuckerPunch,IronHead,LowKick|Adamant||M|||50|]Basculegion||MysticWater|Adaptability|LastRespects,WaveCrash,AquaJet,Protect|Adamant||M|||50|]Aerodactyl||Aerodactylite|Unnerve|RockSlide,DualWingbeat,Tailwind,IceFang|Jolly||M|||50|]Farigiraf||SitrusBerry|ArmorTail|Psychic,Thunderbolt,TrickRoom,Protect|Bold||M|||50|]Sylveon||FairyFeather|Pixilate|HyperVoice,HyperBeam,QuickAttack,Detect|Modest||F|||50|
|inactive|Battle timer is ON: inactive players will automatically lose when time's up. (requested by Lightoz IV)
|
|t:|1784562705
|teamsize|p1|4
|teamsize|p2|4
|start
|switch|p1a: Scovillain|Scovillain, L50, F|100/100
|switch|p1b: Excadrill|Excadrill, L50, F|100/100
|switch|p2a: Kingambit|Kingambit, L50, M, shiny|100/100
|switch|p2b: Basculegion|Basculegion, L50, M|100/100
|turn|1
|
|t:|1784562725
|detailschange|p1a: Scovillain|Scovillain-Mega, L50, F
|-mega|p1a: Scovillain|Scovillain|Scovillainite
|move|p1b: Excadrill|Protect|p1b: Excadrill
|-singleturn|p1b: Excadrill|Protect
|move|p2b: Basculegion|Wave Crash|p1b: Excadrill
|-activate|p1b: Excadrill|move: Protect
|move|p2a: Kingambit|Kowtow Cleave|p1b: Excadrill
|-activate|p1b: Excadrill|move: Protect
|move|p1a: Scovillain|Overheat|p2a: Kingambit|[miss]
|-miss|p1a: Scovillain|p2a: Kingambit
|
|upkeep
|turn|2
|
|t:|1784562743
|move|p1a: Scovillain|Rage Powder|p1a: Scovillain
|-singleturn|p1a: Scovillain|move: Rage Powder
|move|p1b: Excadrill|Swords Dance|p1b: Excadrill
|-boost|p1b: Excadrill|atk|2
|move|p2b: Basculegion|Wave Crash|p1a: Scovillain
|-damage|p1a: Scovillain|3/100
|-status|p2b: Basculegion|brn|[from] ability: Spicy Spray|[of] p1a: Scovillain
|-damage|p2b: Basculegion|73/100 brn|[from] Recoil
|move|p2a: Kingambit|Kowtow Cleave|p1a: Scovillain
|-damage|p1a: Scovillain|0 fnt
|-status|p2a: Kingambit|brn|[from] ability: Spicy Spray|[of] p1a: Scovillain
|faint|p1a: Scovillain
|
|-damage|p2b: Basculegion|67/100 brn|[from] brn
|-damage|p2a: Kingambit|93/100 brn|[from] brn
|upkeep
|
|t:|1784562758
|switch|p1a: Tyranitar|Tyranitar, L50, F|100/100
|-weather|Sandstorm|[from] ability: Sand Stream|[of] p1a: Tyranitar
|turn|3
|
|t:|1784562765
|switch|p1a: Rotom|Rotom-Wash, L50|100/100
|move|p2b: Basculegion|Aqua Jet|p1b: Excadrill
|-supereffective|p1b: Excadrill|1
|-damage|p1b: Excadrill|51/100
|move|p2a: Kingambit|Sucker Punch|p1b: Excadrill
|-damage|p1b: Excadrill|22/100
|move|p1b: Excadrill|Earthquake|p2b: Basculegion|[spread] p2a,p2b
|-immune|p1a: Rotom|[from] ability: Levitate
|-supereffective|p2a: Kingambit|1
|-damage|p2a: Kingambit|0 fnt
|-damage|p2b: Basculegion|0 fnt
|faint|p2a: Kingambit
|faint|p2b: Basculegion
|
|-weather|Sandstorm|[upkeep]
|-damage|p1a: Rotom|94/100|[from] Sandstorm
|upkeep
|
|t:|1784562772
|switch|p2b: Raichu|Raichu, L50, M|100/100
|switch|p2a: Sylveon|Sylveon, L50, F, shiny|100/100
|turn|4
|
|t:|1784562786
|move|p1b: Excadrill|Protect|p1b: Excadrill
|-singleturn|p1b: Excadrill|Protect
|move|p2b: Raichu|Fake Out|p1b: Excadrill
|-activate|p1b: Excadrill|move: Protect
|move|p1a: Rotom|Hydro Pump|p2a: Sylveon|[miss]
|-miss|p1a: Rotom|p2a: Sylveon
|move|p2a: Sylveon|Hyper Voice|p1b: Excadrill|[spread] p1a
|-activate|p1b: Excadrill|move: Protect
|-damage|p1a: Rotom|48/100
|
|-weather|Sandstorm|[upkeep]
|-damage|p1a: Rotom|42/100|[from] Sandstorm
|-damage|p2b: Raichu|93/100|[from] Sandstorm
|-damage|p2a: Sylveon|93/100|[from] Sandstorm
|upkeep
|turn|5
|
|t:|1784562801
|move|p2b: Raichu|Protect|p2b: Raichu
|-singleturn|p2b: Raichu|Protect
|move|p1b: Excadrill|Earthquake|p2a: Sylveon|[spread] p2a
|-activate|p2b: Raichu|move: Protect
|-immune|p1a: Rotom|[from] ability: Levitate
|-crit|p2a: Sylveon
|-damage|p2a: Sylveon|0 fnt
|faint|p2a: Sylveon
|move|p1a: Rotom|Hydro Pump|p2b: Raichu
|-activate|p2b: Raichu|move: Protect
|
|-weather|Sandstorm|[upkeep]
|-damage|p1a: Rotom|36/100|[from] Sandstorm
|-damage|p2b: Raichu|87/100|[from] Sandstorm
|upkeep
|turn|6
|-message|Lightoz IV forfeited.
|
|win|sbhaga34
