|j|☆Awammy
|j|☆JoJoel&Jesus
|html|AwammyJoJoel&Jesus    
|uhtml|bestof|Game 3 of a best-of-3
|t:|1782568631
|gametype|doubles
|player|p1|Awammy|colress|1000
|player|p2|JoJoel&Jesus|roughneck-gen4|1007
|gen|9
|tier|[Gen 9 Champions] VGC 2026 Reg M-B (Bo3)
|rated|
|rule|Species Clause: Limit one of each Pokémon
|rule|Item Clause: Limit 1 of each item
|clearpoke
|poke|p1|Mawile, L50, F|
|poke|p1|Staraptor, L50, F|
|poke|p1|Torkoal, L50, F|
|poke|p1|Farigiraf, L50, M|
|poke|p1|Mudsdale, L50, F|
|poke|p1|Abomasnow, L50, M|
|poke|p2|Farigiraf, L50, F|
|poke|p2|Garchomp, L50, M|
|poke|p2|Grimmsnarl, L50, M|
|poke|p2|Gholdengo, L50|
|poke|p2|Kangaskhan, L50, F|
|poke|p2|Charizard, L50, M|
|teampreview|4
|showteam|p1|Mawile||Mawilite|Intimidate|PlayRough,RockSlide,SuckerPunch,Protect|Brave||F|||50|]Staraptor||ChoiceScarf|Intimidate|FinalGambit,BraveBird,CloseCombat,Uturn|Jolly||F|||50|]Torkoal||Charcoal|Drought|Eruption,WeatherBall,SolarBeam,Protect|Quiet||F|||50|]Farigiraf||SitrusBerry|ArmorTail|Psychic,Thunderbolt,TrickRoom,HelpingHand|Sassy||M|||50|]Mudsdale||LifeOrb|InnerFocus|HighHorsepower,RockSlide,HeavySlam,Protect|Brave||F|||50|]Abomasnow||Abomasite|SnowWarning|Blizzard,EnergyBall,EarthPower,Protect|Quiet||M|||50|
|showteam|p2|Farigiraf||Leftovers|ArmorTail|HelpingHand,Roar,TrickRoom,TwinBeam|Bold||F|||50|]Garchomp||SitrusBerry|RoughSkin|SwordsDance,Earthquake,DragonClaw,RockSlide|Adamant||M|||50|]Grimmsnarl||LightClay|Prankster|Reflect,LightScreen,PartingShot,SpiritBreak|Bold||M|||50|]Gholdengo||LifeOrb|GoodasGold|MakeItRain,ShadowBall,Thunderbolt,Protect|Modest|||||50|]Kangaskhan||SilkScarf|Scrappy|DoubleEdge,FakeOut,IcePunch,HammerArm|Adamant||F|||50|]Charizard||CharizarditeX|Blaze|BrutalSwing,FlareBlitz,BrickBreak,Protect|Brave||M|||50|
|inactive|Battle timer is ON: inactive players will automatically lose when time's up. (requested by JoJoel&Jesus)
|
|t:|1782568669
|teamsize|p1|4
|teamsize|p2|4
|start
|switch|p1a: Staraptor|Staraptor, L50, F|100/100
|switch|p1b: Farigiraf|Farigiraf, L50, M|100/100
|switch|p2a: Kangaskhan|Kangaskhan, L50, F|100/100
|switch|p2b: Guts|Farigiraf, L50, F|100/100
|-ability|p1a: Staraptor|Intimidate|boost
|-fail|p2a: Kangaskhan|unboost|Attack|[from] ability: Scrappy|[of] p2a: Kangaskhan
|-unboost|p2b: Guts|atk|1
|turn|1
|
|t:|1782568687
|switch|p2a: Nika|Gholdengo, L50|100/100
|move|p1b: Farigiraf|Helping Hand|p1a: Staraptor
|-singleturn|p1a: Staraptor|Helping Hand|[of] p1b: Farigiraf
|move|p1a: Staraptor|U-turn|p2b: Guts
|-supereffective|p2b: Guts|1
|-damage|p2b: Guts|50/100g
|
|t:|1782568705
|switch|p1a: Mudsdale|Mudsdale, L50, F|100/100|[from] U-turn
|move|p2b: Guts|Twin Beam|p1a: Mudsdale
|-damage|p1a: Mudsdale|83/100
|-damage|p1a: Mudsdale|67/100
|-hitcount|p1a: Mudsdale|2
|
|-heal|p2b: Guts|56/100|[from] item: Leftovers
|upkeep
|turn|2
|
|t:|1782568720
|switch|p2b: Kangaskhan|Kangaskhan, L50, F|100/100
|move|p1a: Mudsdale|Protect|p1a: Mudsdale
|-singleturn|p1a: Mudsdale|Protect
|move|p2a: Nika|Make It Rain|p1b: Farigiraf|[spread] p1b
|-activate|p1a: Mudsdale|move: Protect
|-damage|p1b: Farigiraf|46/100
|-unboost|p2a: Nika|spa|2
|-enditem|p1b: Farigiraf|Sitrus Berry|[eat]
|-heal|p1b: Farigiraf|71/100|[from] item: Sitrus Berry
|-damage|p2a: Nika|90/100|[from] item: Life Orb
|move|p1b: Farigiraf|Trick Room|p1b: Farigiraf
|-fieldstart|move: Trick Room|[of] p1b: Farigiraf
|
|upkeep
|turn|3
|
|t:|1782568744
|switch|p1b: Mawile|Mawile, L50, F|100/100
|-ability|p1b: Mawile|Intimidate|boost
|-unboost|p2a: Nika|atk|1
|-fail|p2b: Kangaskhan|unboost|Attack|[from] ability: Scrappy|[of] p2b: Kangaskhan
|switch|p2a: Guts|Farigiraf, L50, F|56/100
|move|p1a: Mudsdale|High Horsepower|p2a: Guts
|-damage|p2a: Guts|2/100
|-damage|p1a: Mudsdale|57/100|[from] item: Life Orb
|move|p2b: Kangaskhan|Ice Punch|p1a: Mudsdale
|-supereffective|p1a: Mudsdale|1
|-damage|p1a: Mudsdale|19/100
|
|-heal|p2a: Guts|8/100|[from] item: Leftovers
|upkeep
|turn|4
|
|t:|1782568765
|detailschange|p1b: Mawile|Mawile-Mega, L50, F
|-mega|p1b: Mawile|Mawile|Mawilite
|move|p2a: Guts|Helping Hand|p2b: Kangaskhan
|-singleturn|p2b: Kangaskhan|Helping Hand|[of] p2a: Guts
|move|p1a: Mudsdale|Rock Slide|p2a: Guts|[spread] p2a,p2b
|-damage|p2a: Guts|0 fnt
|-damage|p2b: Kangaskhan|72/100
|faint|p2a: Guts
|-damage|p1a: Mudsdale|9/100|[from] item: Life Orb
|move|p1b: Mawile|Play Rough|p2b: Kangaskhan
|-damage|p2b: Kangaskhan|0 fnt
|faint|p2b: Kangaskhan
|
|upkeep
|
|t:|1782568778
|switch|p2a: Eva-8|Garchomp, L50, M|100/100
|switch|p2b: Nika|Gholdengo, L50|90/100
|turn|5
|
|t:|1782568786
|move|p1a: Mudsdale|High Horsepower|p2b: Nika|[miss]
|-miss|p1a: Mudsdale|p2b: Nika
|move|p1b: Mawile|Play Rough|p2a: Eva-8
|-supereffective|p2a: Eva-8|1
|-damage|p2a: Eva-8|0 fnt
|-damage|p1b: Mawile|87/100|[from] ability: Rough Skin|[of] p2a: Eva-8
|faint|p2a: Eva-8
|move|p2b: Nika|Make It Rain|p1a: Mudsdale|[spread] p1a,p1b
|-damage|p1a: Mudsdale|0 fnt
|-damage|p1b: Mawile|1/100
|-unboost|p2b: Nika|spa|2
|faint|p1a: Mudsdale
|-damage|p2b: Nika|80/100|[from] item: Life Orb
|
|upkeep
|
|t:|1782568803
|switch|p1a: Farigiraf|Farigiraf, L50, M|71/100
|turn|6
|
|t:|1782568818
|move|p2b: Nika|Protect|p2b: Nika
|-singleturn|p2b: Nika|Protect
|move|p1b: Mawile|Sucker Punch||[still]
|-fail|p1b: Mawile
|move|p1a: Farigiraf|Thunderbolt|p2b: Nika
|-activate|p2b: Nika|move: Protect
|
|-fieldend|move: Trick Room
|upkeep
|turn|7
|
|t:|1782568824
|move|p1b: Mawile|Sucker Punch|p2b: Nika
|-supereffective|p2b: Nika|1
|-damage|p2b: Nika|0 fnt
|faint|p2b: Nika
|
|win|Awammy
|raw|Awammy's rating: 1000 → 1041(+41 for winning)
|raw|JoJoel&Jesus's rating: 1007 → 1000(-7 for losing)
