|j|☆Vgc4200
|j|☆chawieeee
|html|Vgc4200chawieeee    
|uhtml|bestof|Game 2 of a best-of-3
|t:|1756191065
|gametype|doubles
|player|p1|Vgc4200|silver|1051
|player|p2|chawieeee|2|1089
|gen|9
|tier|[Gen 9] VGC 2025 Reg H (Bo3)
|rated|
|rule|Species Clause: Limit one of each Pokémon
|rule|Item Clause: Limit 1 of each item
|clearpoke
|poke|p1|Pelipper, L50, F|
|poke|p1|Comfey, L50, M|
|poke|p1|Annihilape, L50, M|
|poke|p1|Archaludon, L50, M|
|poke|p1|Electabuzz, L50, F|
|poke|p1|Ursaluna-Bloodmoon, L50, M|
|poke|p2|Tinkaton, L50, F|
|poke|p2|Ursaluna-Bloodmoon, L50, M|
|poke|p2|Volcarona, L50, F|
|poke|p2|Tauros-Paldea-Aqua, L50, M|
|poke|p2|Rillaboom, L50, F|
|poke|p2|Clefairy, L50, F|
|teampreview|4
|showteam|p1|Pelipper||FocusSash|Drizzle|Hurricane,Uturn,Tailwind,Protect|||F|||50|,,,,,Ghost]Comfey||MentalHerb|Triage|TrickRoom,FloralHealing,DrainingKiss,Protect|||M|||50|,,,,,Steel]Annihilape||WeaknessPolicy|Defiant|DrainPunch,RageFist,BulkUp,Protect|||M|||50|,,,,,Fire]Archaludon||AssaultVest|Stamina|DragonPulse,Snarl,BodyPress,ElectroShot|||M|||50|,,,,,Grass]Electabuzz||Eviolite|VitalSpirit|FollowMe,Electroweb,Taunt,Protect|||F|||50|,,,,,Ghost]Ursaluna-Bloodmoon||ThroatSpray|MindsEye|BloodMoon,HyperVoice,Protect,EarthPower|||M|||50|,,,,,Normal
|showteam|p2|Tinkaton||SafetyGoggles|MoldBreaker|FakeOut,ThunderWave,Encore,RockSlide|||F|||50|,,,,,Water]Ursaluna-Bloodmoon||LifeOrb|MindsEye|BloodMoon,EarthPower,HyperVoice,Protect|||M|||50|,,,,,Ghost]Volcarona||Leftovers|FlameBody|GigaDrain,QuiverDance,HeatWave,Protect|||F|||50|,,,,,Dragon]Tauros-Paldea-Aqua||UtilityUmbrella|Intimidate|CloseCombat,Protect,AquaJet,WaveCrash|||M|||50|,,,,,Stellar]Rillaboom||AssaultVest|GrassySurge|FakeOut,Uturn,WoodHammer,GrassyGlide|||F|||50|,,,,,Fire]Clefairy||Eviolite|FriendGuard|FollowMe,Protect,Moonblast,AfterYou|||F|||50|,,,,,Steel
|
|t:|1756191099
|teamsize|p1|4
|teamsize|p2|4
|start
|switch|p1a: Pelipper|Pelipper, L50, F|100/100
|switch|p1b: Electabuzz|Electabuzz, L50, F|100/100
|switch|p2a: Tinkaton|Tinkaton, L50, F|100/100
|switch|p2b: Volcarona|Volcarona, L50, F|100/100
|-ability|p2a: Tinkaton|Mold Breaker
|-weather|RainDance|[from] ability: Drizzle|[of] p1a: Pelipper
|turn|1
|
|t:|1756191123
|-terastallize|p1b: Electabuzz|Ghost
|-terastallize|p2b: Volcarona|Dragon
|move|p2a: Tinkaton|Thunder Wave|p1a: Pelipper
|-status|p1a: Pelipper|par
|move|p1b: Electabuzz|Electroweb|p2b: Volcarona|[spread] p2a,p2b
|-resisted|p2b: Volcarona
|-damage|p2a: Tinkaton|91/100
|-damage|p2b: Volcarona|96/100
|-unboost|p2a: Tinkaton|spe|1
|-unboost|p2b: Volcarona|spe|1
|move|p2b: Volcarona|Quiver Dance|p2b: Volcarona
|-boost|p2b: Volcarona|spa|1
|-boost|p2b: Volcarona|spd|1
|-boost|p2b: Volcarona|spe|1
|move|p1a: Pelipper|Tailwind|p1a: Pelipper
|-sidestart|p1: Vgc4200|move: Tailwind
|
|-weather|RainDance|[upkeep]
|-heal|p2b: Volcarona|100/100|[from] item: Leftovers
|upkeep
|turn|2
|
|t:|1756191193
|move|p1b: Electabuzz|Taunt|p2b: Volcarona
|-start|p2b: Volcarona|move: Taunt
|cant|p2b: Volcarona|move: Taunt|Quiver Dance
|move|p1a: Pelipper|Hurricane|p2b: Volcarona
|-damage|p2b: Volcarona|80/100
|move|p2a: Tinkaton|Thunder Wave|p1b: Electabuzz
|-status|p1b: Electabuzz|par
|
|-weather|RainDance|[upkeep]
|-heal|p2b: Volcarona|86/100|[from] item: Leftovers
|upkeep
|turn|3
|
|t:|1756191220
|move|p1b: Electabuzz|Electroweb|p2a: Tinkaton|[spread] p2a,p2b
|-resisted|p2b: Volcarona
|-damage|p2a: Tinkaton|81/100
|-damage|p2b: Volcarona|83/100
|-unboost|p2a: Tinkaton|spe|1
|-unboost|p2b: Volcarona|spe|1
|move|p1a: Pelipper|Hurricane|p2b: Volcarona
|-damage|p2b: Volcarona|62/100
|-start|p2b: Volcarona|confusion
|-activate|p2b: Volcarona|confusion
|-damage|p2b: Volcarona|57/100|[from] confusion
|move|p2a: Tinkaton|Rock Slide|p1b: Electabuzz|[spread] p1a,p1b
|-supereffective|p1a: Pelipper
|-damage|p1a: Pelipper|77/100 par
|-damage|p1b: Electabuzz|91/100 par
|
|-weather|RainDance|[upkeep]
|-heal|p2b: Volcarona|64/100|[from] item: Leftovers
|upkeep
|turn|4
|
|t:|1756191241
|switch|p2a: Rillaboom|Rillaboom, L50, F|100/100
|-fieldstart|move: Grassy Terrain|[from] ability: Grassy Surge|[of] p2a: Rillaboom
|move|p1b: Electabuzz|Electroweb|p2b: Volcarona|[spread] p2a,p2b
|-resisted|p2a: Rillaboom
|-resisted|p2b: Volcarona
|-damage|p2a: Rillaboom|97/100
|-damage|p2b: Volcarona|60/100
|-unboost|p2a: Rillaboom|spe|1
|-unboost|p2b: Volcarona|spe|1
|move|p1a: Pelipper|U-turn|p2b: Volcarona
|-damage|p2b: Volcarona|52/100
|
|t:|1756191255
|switch|p1a: Annihilape|Annihilape, L50, M|100/100|[from] U-turn
|-end|p2b: Volcarona|confusion
|move|p2b: Volcarona|Giga Drain|p1a: Annihilape
|-damage|p1a: Annihilape|63/100
|-heal|p2b: Volcarona|73/100|[from] drain|[of] p1a: Annihilape
|
|-weather|RainDance|[upkeep]
|-heal|p1a: Annihilape|69/100|[from] Grassy Terrain
|-heal|p1b: Electabuzz|97/100 par|[from] Grassy Terrain
|-heal|p2a: Rillaboom|100/100|[from] Grassy Terrain
|-heal|p2b: Volcarona|80/100|[from] Grassy Terrain
|-heal|p2b: Volcarona|86/100|[from] item: Leftovers
|-end|p2b: Volcarona|move: Taunt
|-sideend|p1: Vgc4200|move: Tailwind
|upkeep
|turn|5
|
|t:|1756191293
|switch|p2a: Tinkaton|Tinkaton, L50, F|81/100
|-ability|p2a: Tinkaton|Mold Breaker
|move|p1a: Annihilape|Protect|p1a: Annihilape
|-singleturn|p1a: Annihilape|Protect
|move|p2b: Volcarona|Protect|p2b: Volcarona
|-singleturn|p2b: Volcarona|Protect
|move|p1b: Electabuzz|Electroweb|p2a: Tinkaton|[spread] p2a
|-activate|p2b: Volcarona|move: Protect
|-damage|p2a: Tinkaton|70/100
|-unboost|p2a: Tinkaton|spe|1
|
|-weather|none
|-heal|p1a: Annihilape|75/100|[from] Grassy Terrain
|-heal|p2a: Tinkaton|76/100|[from] Grassy Terrain
|-heal|p1b: Electabuzz|100/100 par|[from] Grassy Terrain
|-heal|p2b: Volcarona|92/100|[from] Grassy Terrain
|-heal|p2b: Volcarona|98/100|[from] item: Leftovers
|upkeep
|turn|6
|
|t:|1756191317
|move|p1b: Electabuzz|Follow Me|p1b: Electabuzz
|-singleturn|p1b: Electabuzz|move: Follow Me
|move|p1a: Annihilape|Rage Fist|p2b: Volcarona
|-damage|p2b: Volcarona|44/100
|move|p2a: Tinkaton|Thunder Wave|p1b: Electabuzz
|-fail|p1b: Electabuzz|par
|move|p2b: Volcarona|Giga Drain|p1b: Electabuzz
|-damage|p1b: Electabuzz|66/100 par
|-heal|p2b: Volcarona|58/100|[from] drain|[of] p1b: Electabuzz
|
|-heal|p1a: Annihilape|81/100|[from] Grassy Terrain
|-heal|p2a: Tinkaton|82/100|[from] Grassy Terrain
|-heal|p1b: Electabuzz|72/100 par|[from] Grassy Terrain
|-heal|p2b: Volcarona|64/100|[from] Grassy Terrain
|-heal|p2b: Volcarona|70/100|[from] item: Leftovers
|upkeep
|turn|7
|
|t:|1756191342
|switch|p2a: Ursaluna|Ursaluna-Bloodmoon, L50, M|100/100
|move|p2b: Volcarona|Protect|p2b: Volcarona
|-singleturn|p2b: Volcarona|Protect
|cant|p1b: Electabuzz|par
|move|p1a: Annihilape|Rage Fist|p2b: Volcarona
|-activate|p2b: Volcarona|move: Protect
|
|-heal|p1a: Annihilape|87/100|[from] Grassy Terrain
|-heal|p1b: Electabuzz|78/100 par|[from] Grassy Terrain
|-heal|p2b: Volcarona|77/100|[from] Grassy Terrain
|-heal|p2b: Volcarona|83/100|[from] item: Leftovers
|upkeep
|turn|8
|
|t:|1756191369
|move|p1b: Electabuzz|Follow Me|p1b: Electabuzz
|-singleturn|p1b: Electabuzz|move: Follow Me
|move|p1a: Annihilape|Drain Punch|p2a: Ursaluna
|-supereffective|p2a: Ursaluna
|-damage|p2a: Ursaluna|56/100
|-heal|p1a: Annihilape|100/100|[from] drain|[of] p2a: Ursaluna
|move|p2a: Ursaluna|Blood Moon|p1b: Electabuzz
|-damage|p1b: Electabuzz|0 fnt
|faint|p1b: Electabuzz
|-damage|p2a: Ursaluna|46/100|[from] item: Life Orb
|move|p2b: Volcarona|Giga Drain|p1a: Annihilape
|-damage|p1a: Annihilape|64/100
|-heal|p2b: Volcarona|100/100|[from] drain|[of] p1a: Annihilape
|
|-heal|p1a: Annihilape|70/100|[from] Grassy Terrain
|-heal|p2a: Ursaluna|52/100|[from] Grassy Terrain
|-fieldend|move: Grassy Terrain
|upkeep
|
|t:|1756191381
|switch|p1b: Comfey|Comfey, L50, M|100/100
|turn|9
|
|t:|1756191404
|switch|p2a: Tinkaton|Tinkaton, L50, F|82/100
|-ability|p2a: Tinkaton|Mold Breaker
|move|p1b: Comfey|Floral Healing|p1a: Annihilape
|-heal|p1a: Annihilape|100/100
|move|p1a: Annihilape|Rage Fist|p2b: Volcarona
|-damage|p2b: Volcarona|28/100
|move|p2b: Volcarona|Heat Wave|p1b: Comfey|[spread] p1a,p1b
|-damage|p1a: Annihilape|57/100
|-damage|p1b: Comfey|48/100
|
|-heal|p2b: Volcarona|34/100|[from] item: Leftovers
|upkeep
|turn|10
|
|t:|1756191430
|switch|p2b: Rillaboom|Rillaboom, L50, F|100/100
|-fieldstart|move: Grassy Terrain|[from] ability: Grassy Surge|[of] p2b: Rillaboom
|move|p1b: Comfey|Protect|p1b: Comfey
|-singleturn|p1b: Comfey|Protect
|move|p2a: Tinkaton|Thunder Wave|p1a: Annihilape
|-status|p1a: Annihilape|par
|move|p1a: Annihilape|Rage Fist|p2b: Rillaboom
|-damage|p2b: Rillaboom|10/100
|
|-heal|p2a: Tinkaton|88/100|[from] Grassy Terrain
|-heal|p2b: Rillaboom|16/100|[from] Grassy Terrain
|-heal|p1b: Comfey|53/100|[from] Grassy Terrain
|-heal|p1a: Annihilape|63/100 par|[from] Grassy Terrain
|upkeep
|turn|11
|
|t:|1756191468
|move|p1b: Comfey|Floral Healing|p1a: Annihilape
|-heal|p1a: Annihilape|100/100 par
|move|p2a: Tinkaton|Encore|p1b: Comfey
|-start|p1b: Comfey|Encore
|-enditem|p1b: Comfey|Mental Herb
|-end|p1b: Comfey|Encore
|move|p2b: Rillaboom|Wood Hammer|p1a: Annihilape
|-damage|p1a: Annihilape|24/100 par
|-damage|p2b: Rillaboom|0 fnt|[from] Recoil
|faint|p2b: Rillaboom
|move|p1a: Annihilape|Rage Fist|p2a: Tinkaton
|-damage|p2a: Tinkaton|0 fnt
|faint|p2a: Tinkaton
|
|-heal|p1b: Comfey|59/100|[from] Grassy Terrain
|-heal|p1a: Annihilape|30/100 par|[from] Grassy Terrain
|upkeep
|
|t:|1756191483
|switch|p2a: Volcarona|Volcarona, L50, F, tera:Dragon|34/100
|switch|p2b: Ursaluna|Ursaluna-Bloodmoon, L50, M|52/100
|turn|12
|
|t:|1756191496
|move|p1b: Comfey|Floral Healing|p1a: Annihilape
|-heal|p1a: Annihilape|97/100 par
|move|p2a: Volcarona|Quiver Dance|p2a: Volcarona
|-boost|p2a: Volcarona|spa|1
|-boost|p2a: Volcarona|spd|1
|-boost|p2a: Volcarona|spe|1
|move|p2b: Ursaluna|Blood Moon|p1a: Annihilape
|-damage|p1a: Annihilape|16/100 par
|-damage|p2b: Ursaluna|42/100|[from] item: Life Orb
|cant|p1a: Annihilape|par
|
|-heal|p2a: Volcarona|41/100|[from] Grassy Terrain
|-heal|p2a: Volcarona|47/100|[from] item: Leftovers
|-heal|p1b: Comfey|65/100|[from] Grassy Terrain
|-heal|p2b: Ursaluna|48/100|[from] Grassy Terrain
|-heal|p1a: Annihilape|22/100 par|[from] Grassy Terrain
|upkeep
|turn|13
|
|t:|1756191524
|move|p1b: Comfey|Floral Healing|p1a: Annihilape
|-heal|p1a: Annihilape|88/100 par
|move|p2a: Volcarona|Giga Drain|p1a: Annihilape
|-damage|p1a: Annihilape|52/100 par
|-heal|p2a: Volcarona|67/100|[from] drain|[of] p1a: Annihilape
|move|p2b: Ursaluna|Hyper Voice|p1b: Comfey|[spread] p1a,p1b
|-crit|p1b: Comfey
|-damage|p1a: Annihilape|14/100 par
|-damage|p1b: Comfey|0 fnt
|faint|p1b: Comfey
|-damage|p2b: Ursaluna|39/100|[from] item: Life Orb
|move|p1a: Annihilape|Drain Punch|p2b: Ursaluna
|-supereffective|p2b: Ursaluna
|-damage|p2b: Ursaluna|0 fnt
|-heal|p1a: Annihilape|33/100 par|[from] drain|[of] p2b: Ursaluna
|faint|p2b: Ursaluna
|
|-heal|p2a: Volcarona|73/100|[from] Grassy Terrain
|-heal|p2a: Volcarona|80/100|[from] item: Leftovers
|-heal|p1a: Annihilape|39/100 par|[from] Grassy Terrain
|upkeep
|
|t:|1756191540
|switch|p1b: Pelipper|Pelipper, L50, F|77/100 par
|-weather|RainDance|[from] ability: Drizzle|[of] p1b: Pelipper
|turn|14
|
|t:|1756191552
|move|p2a: Volcarona|Giga Drain|p1a: Annihilape
|-damage|p1a: Annihilape|2/100 par
|-heal|p2a: Volcarona|100/100|[from] drain|[of] p1a: Annihilape
|cant|p1b: Pelipper|par
|move|p1a: Annihilape|Rage Fist|p2a: Volcarona
|-damage|p2a: Volcarona|0 fnt
|faint|p2a: Volcarona
|
|win|Vgc4200
||chawieeee is ready for game 3.
|l|☆Vgc4200
|player|p1|
|inactive|Vgc4200 has 30 seconds to confirm battle start!
|j|☆Vgc4200
|player|p1|Vgc4200|silver|
