|j|☆Grogguu
|j|☆threeloaf
|html|Grogguuthreeloaf    
|uhtml|bestof|Game 3 of a best-of-3
|t:|1756522716
|gametype|doubles
|player|p1|Grogguu|zinzolin|1170
|player|p2|threeloaf|266|1000
|gen|9
|tier|[Gen 9] VGC 2025 Reg H (Bo3)
|rated|
|rule|Species Clause: Limit one of each Pokémon
|rule|Item Clause: Limit 1 of each item
|clearpoke
|poke|p1|Volcarona, L50, F|
|poke|p1|Tyranitar, L50, F|
|poke|p1|Rillaboom, L50, M|
|poke|p1|Primarina, L50, F|
|poke|p1|Sneasler, L50, F|
|poke|p1|Dragonite, L50, M|
|poke|p2|Clefairy, L50, F|
|poke|p2|Archaludon, L50, M|
|poke|p2|Pelipper, L50, M|
|poke|p2|Rillaboom, L50, F|
|poke|p2|Maushold, L50|
|poke|p2|Basculegion, L50, M|
|teampreview|4
|showteam|p1|Volcarona||GrassySeed|FlameBody|QuiverDance,HeatWave,GigaDrain,Protect|||F|||50|,,,,,Fairy]Tyranitar||FocusSash|SandStream|RockSlide,KnockOff,TeraBlast,Protect|||F|||50|,,,,,Flying]Rillaboom||AssaultVest|GrassySurge|KnockOff,Uturn,GrassyGlide,FakeOut|||M|||50|,,,,,Grass]Primarina||SitrusBerry|LiquidVoice|HyperVoice,Moonblast,Haze,Protect|||F|||50|,,,,,Poison]Sneasler||WhiteHerb|Unburden|DireClaw,FakeOut,Protect,CloseCombat|||F|||50|,,,,,Dark]Dragonite||ClearAmulet|Multiscale|Tailwind,ScaleShot,StompingTantrum,Protect|||M|||50|,,,,,Fairy
|showteam|p2|Clefairy||Eviolite|FriendGuard|FollowMe,Protect,AfterYou,HelpingHand|||F|||50|,,,,,Grass]Archaludon||AssaultVest|Stamina|FlashCannon,DragonPulse,ElectroShot,BodyPress|||M|||50|,,,,,Bug]Pelipper||FocusSash|Drizzle|Tailwind,WideGuard,WeatherBall,Hurricane|||M|||50|,,,,,Ghost]Rillaboom||LoadedDice|GrassySurge|FakeOut,Protect,BulletSeed,GrassyGlide|||F|||50|,,,,,Grass]Maushold||WideLens|Technician|FollowMe,Protect,PopulationBomb,Feint||||||50|,,,,,Ghost]Basculegion||ChoiceBand|SwiftSwim|LastRespects,AquaJet,WaveCrash,FlipTurn|||M|||50|,,,,,Grass
|inactive|Battle timer is ON: inactive players will automatically lose when time's up. (requested by threeloaf)
|inactive|Grogguu has 60 seconds left.
|
|t:|1756522762
|teamsize|p1|4
|teamsize|p2|4
|start
|switch|p1a: Sneasler|Sneasler, L50, F|100/100
|switch|p1b: Volcarona|Volcarona, L50, F|100/100
|switch|p2a: Archaludon|Archaludon, L50, M|100/100
|switch|p2b: Maushold|Maushold, L50|100/100
|turn|1
|inactive|Grogguu has 30 seconds left.
|
|t:|1756522792
|switch|p2b: Pelipper|Pelipper, L50, M|100/100
|-weather|RainDance|[from] ability: Drizzle|[of] p2b: Pelipper
|move|p1a: Sneasler|Close Combat|p2a: Archaludon
|-supereffective|p2a: Archaludon
|-damage|p2a: Archaludon|8/100
|-unboost|p1a: Sneasler|def|1
|-unboost|p1a: Sneasler|spd|1
|-ability|p2a: Archaludon|Stamina|boost
|-boost|p2a: Archaludon|def|1
|-enditem|p1a: Sneasler|White Herb
|-clearnegativeboost|p1a: Sneasler|[silent]
|move|p1b: Volcarona|Quiver Dance|p1b: Volcarona
|-boost|p1b: Volcarona|spa|1
|-boost|p1b: Volcarona|spd|1
|-boost|p1b: Volcarona|spe|1
|move|p2a: Archaludon|Electro Shot||[still]
|-prepare|p2a: Archaludon|Electro Shot
|-boost|p2a: Archaludon|spa|1
|-anim|p2a: Archaludon|Electro Shot|p1b: Volcarona
|-damage|p1b: Volcarona|65/100
|
|-weather|RainDance|[upkeep]
|upkeep
|turn|2
|inactive|threeloaf has 30 seconds left.
|
|t:|1756522818
|switch|p1a: Tyranitar|Tyranitar, L50, F|100/100
|-weather|Sandstorm|[from] ability: Sand Stream|[of] p1a: Tyranitar
|move|p1b: Volcarona|Heat Wave|p2b: Pelipper|[spread] p2a,p2b
|-resisted|p2b: Pelipper
|-damage|p2a: Archaludon|0 fnt
|-damage|p2b: Pelipper|54/100
|faint|p2a: Archaludon
|move|p2b: Pelipper|Weather Ball|p1b: Volcarona
|-supereffective|p1b: Volcarona
|-damage|p1b: Volcarona|0 fnt
|faint|p1b: Volcarona
|
|-weather|Sandstorm|[upkeep]
|-damage|p2b: Pelipper|48/100|[from] Sandstorm
|upkeep
|
|t:|1756522838
|switch|p1b: Dragonite|Dragonite, L50, M|100/100
|switch|p2a: Maushold|Maushold, L50|100/100
|turn|3
|
|t:|1756522850
|switch|p2b: Basculegion|Basculegion, L50, M|100/100
|move|p2a: Maushold|Population Bomb|p1b: Dragonite
|-damage|p1b: Dragonite|95/100
|-damage|p1b: Dragonite|84/100
|-damage|p1b: Dragonite|74/100
|-damage|p1b: Dragonite|64/100
|-damage|p1b: Dragonite|53/100
|-damage|p1b: Dragonite|42/100
|-damage|p1b: Dragonite|32/100
|-damage|p1b: Dragonite|20/100
|-damage|p1b: Dragonite|9/100
|-damage|p1b: Dragonite|0 fnt
|faint|p1b: Dragonite
|-hitcount|p1: Dragonite|10
|move|p1a: Tyranitar|Rock Slide|p2b: Basculegion|[spread] p2a,p2b
|-damage|p2a: Maushold|50/100
|-damage|p2b: Basculegion|58/100
|
|-weather|Sandstorm|[upkeep]
|-damage|p2a: Maushold|44/100|[from] Sandstorm
|-damage|p2b: Basculegion|52/100|[from] Sandstorm
|upkeep
|
|t:|1756522856
|switch|p1b: Sneasler|Sneasler, L50, F|100/100
|turn|4
|
|t:|1756522874
|switch|p2a: Pelipper|Pelipper, L50, M|48/100
|-weather|RainDance|[from] ability: Drizzle|[of] p2a: Pelipper
|-terastallize|p1a: Tyranitar|Flying
|move|p2b: Basculegion|Wave Crash|p1b: Sneasler
|-damage|p1b: Sneasler|0 fnt
|faint|p1b: Sneasler
|-damage|p2b: Basculegion|25/100|[from] Recoil
|move|p1a: Tyranitar|Tera Blast|p2b: Basculegion|[anim] Tera Blast Flying
|-damage|p2b: Basculegion|0 fnt
|faint|p2b: Basculegion
|
|-weather|RainDance|[upkeep]
|upkeep
|
|t:|1756522882
|switch|p2b: Maushold|Maushold, L50|44/100
|turn|5
|
|t:|1756522898
|move|p2b: Maushold|Population Bomb|p1a: Tyranitar
|-damage|p1a: Tyranitar|90/100
|-damage|p1a: Tyranitar|80/100
|-damage|p1a: Tyranitar|70/100
|-damage|p1a: Tyranitar|59/100
|-damage|p1a: Tyranitar|48/100
|-damage|p1a: Tyranitar|38/100
|-damage|p1a: Tyranitar|28/100
|-damage|p1a: Tyranitar|18/100
|-damage|p1a: Tyranitar|8/100
|-damage|p1a: Tyranitar|0 fnt
|faint|p1a: Tyranitar
|-hitcount|p1: Tyranitar|10
|
|win|threeloaf
|raw|Grogguu's rating: 1170 → 1134(-36 for losing)
|raw|threeloaf's rating: 1000 → 1058(+58 for winning)
