|j|☆LeCehlou
|j|☆Bellbottoms
|html|LeCehlouBellbottoms    
|uhtml|bestof|Game 1 of a best-of-3
|t:|1757665433
|gametype|doubles
|player|p1|LeCehlou|rocker-gen3|1534
|player|p2|Bellbottoms|pokemonbreederf-gen4|1476
|gen|9
|tier|[Gen 9] VGC 2025 Reg H (Bo3)
|rated|
|rule|Species Clause: Limit one of each Pokémon
|rule|Item Clause: Limit 1 of each item
|clearpoke
|poke|p1|Whimsicott, L50, M|
|poke|p1|Ursaluna-Bloodmoon, L50, M|
|poke|p1|Archaludon, L50, F|
|poke|p1|Typhlosion-Hisui, L50, F|
|poke|p1|Indeedee-F, L50, F|
|poke|p1|Gallade, L50, M|
|poke|p2|Gholdengo, L50|
|poke|p2|Rillaboom, L50, M|
|poke|p2|Arcanine-Hisui, L50, F|
|poke|p2|Sneasler, L50, M|
|poke|p2|Dragonite, L50, F|
|poke|p2|Ninetales-Alola, L50, F|
|teampreview|4
|showteam|p1|Whimsicott||CovertCloak|Prankster|Tailwind,Moonblast,Encore,SunnyDay|||M|||50|,,,,,Steel]Ursaluna-Bloodmoon||LifeOrb|MindsEye|EarthPower,BloodMoon,HyperVoice,Protect|||M|||50|,,,,,Normal]Archaludon||PowerHerb|Sturdy|ElectroShot,FlashCannon,Protect,DracoMeteor|||F|||50|,,,,,Stellar]Typhlosion-Hisui||ChoiceSpecs|Blaze|Eruption,HeatWave,ShadowBall,Overheat|||F|||50|,,,,,Fire]Indeedee-F||SafetyGoggles|PsychicSurge|TrickRoom,FollowMe,Imprison,Psychic|||F|||50|,,,,,Fairy]Gallade||ClearAmulet|Sharpness|TrickRoom,PsychoCut,SacredSword,WideGuard|||M|||50|,,,,,Grass
|showteam|p2|Gholdengo||GrassySeed|GoodasGold|MakeItRain,NastyPlot,ShadowBall,Protect||||||50|,,,,,Water]Rillaboom||AssaultVest|GrassySurge|DrumBeating,GrassyGlide,FakeOut,HighHorsepower|||M|||50|,,,,,Fire]Arcanine-Hisui||ClearAmulet|Intimidate|RockSlide,FlareBlitz,ExtremeSpeed,Protect|||F|||50|,,,,,Water]Sneasler||WhiteHerb|Unburden|CloseCombat,DireClaw,Coaching,Protect|||M|||50|,,,,,Ghost]Dragonite||LoadedDice|Multiscale|ScaleShot,StompingTantrum,Protect,Tailwind|||F|||50|,,,,,Ground]Ninetales-Alola||FocusSash|SnowWarning|Blizzard,IcyWind,AuroraVeil,Encore|||F|||50|,,,,,Ghost
|
|t:|1757665472
|teamsize|p1|4
|teamsize|p2|4
|start
|switch|p1a: Whimsicott|Whimsicott, L50, M|100/100
|switch|p1b: Archaludon|Archaludon, L50, F|100/100
|switch|p2a: Nice Nature|Sneasler, L50, M|100/100
|switch|p2b: AgnesTachyon|Dragonite, L50, F, shiny|100/100
|turn|1
|
|t:|1757665489
|-terastallize|p1b: Archaludon|Stellar
|-terastallize|p2b: AgnesTachyon|Ground
|move|p2a: Nice Nature|Dire Claw|p1a: Whimsicott
|-supereffective|p1a: Whimsicott
|-damage|p1a: Whimsicott|0 fnt
|faint|p1a: Whimsicott
|move|p1b: Archaludon|Draco Meteor|p2b: AgnesTachyon
|-crit|p2b: AgnesTachyon
|-damage|p2b: AgnesTachyon|29/100
|-unboost|p1b: Archaludon|spa|2
|move|p2b: AgnesTachyon|Stomping Tantrum|p1b: Archaludon
|-supereffective|p1b: Archaludon
|-damage|p1b: Archaludon|19/100
|
|upkeep
|
|t:|1757665500
|switch|p1a: Indeedee|Indeedee-F, L50, F|100/100
|-fieldstart|move: Psychic Terrain|[from] ability: Psychic Surge|[of] p1a: Indeedee
|turn|2
|
|t:|1757665507
|switch|p2b: Grass Wonder|Rillaboom, L50, M|100/100
|-fieldstart|move: Grassy Terrain|[from] ability: Grassy Surge|[of] p2b: Grass Wonder
|move|p2a: Nice Nature|Protect|p2a: Nice Nature
|-singleturn|p2a: Nice Nature|Protect
|move|p1b: Archaludon|Flash Cannon|p2b: Grass Wonder
|-damage|p2b: Grass Wonder|73/100
|move|p1a: Indeedee|Trick Room|p1a: Indeedee
|-fieldstart|move: Trick Room|[of] p1a: Indeedee
|
|-heal|p1b: Archaludon|25/100|[from] Grassy Terrain
|-heal|p2b: Grass Wonder|79/100|[from] Grassy Terrain
|upkeep
|turn|3
|
|t:|1757665538
|switch|p1b: Ursaluna|Ursaluna-Bloodmoon, L50, M|100/100
|switch|p2a: Maruzensky|Arcanine-Hisui, L50, F|100/100
|-ability|p2a: Maruzensky|Intimidate|boost
|-unboost|p1a: Indeedee|atk|1
|-unboost|p1b: Ursaluna|atk|1
|move|p2b: Grass Wonder|Fake Out|p1a: Indeedee
|-damage|p1a: Indeedee|89/100
|cant|p1a: Indeedee|flinch
|
|-heal|p1a: Indeedee|95/100|[from] Grassy Terrain
|-heal|p2b: Grass Wonder|85/100|[from] Grassy Terrain
|upkeep
|turn|4
|
|t:|1757665555
|move|p2a: Maruzensky|Extreme Speed|p1b: Ursaluna
|-damage|p1b: Ursaluna|81/100
|move|p1b: Ursaluna|Blood Moon|p2b: Grass Wonder
|-damage|p2b: Grass Wonder|0 fnt
|faint|p2b: Grass Wonder
|-damage|p1b: Ursaluna|72/100|[from] item: Life Orb
|move|p1a: Indeedee|Psychic|p2a: Maruzensky
|-damage|p2a: Maruzensky|63/100
|
|-heal|p1b: Ursaluna|78/100|[from] Grassy Terrain
|-heal|p1a: Indeedee|100/100|[from] Grassy Terrain
|-heal|p2a: Maruzensky|69/100|[from] Grassy Terrain
|upkeep
|
|t:|1757665563
|switch|p2b: Nice Nature|Sneasler, L50, M|100/100
|turn|5
|
|t:|1757665575
|switch|p2b: AgnesTachyon|Dragonite, L50, F, shiny, tera:Ground|29/100
|move|p2a: Maruzensky|Protect|p2a: Maruzensky
|-singleturn|p2a: Maruzensky|Protect
|move|p1b: Ursaluna|Earth Power|p2a: Maruzensky
|-activate|p2a: Maruzensky|move: Protect
|move|p1a: Indeedee|Psychic|p2b: AgnesTachyon
|-damage|p2b: AgnesTachyon|0 fnt
|faint|p2b: AgnesTachyon
|
|-heal|p1b: Ursaluna|84/100|[from] Grassy Terrain
|-heal|p2a: Maruzensky|75/100|[from] Grassy Terrain
|upkeep
|
|t:|1757665582
|switch|p2b: Nice Nature|Sneasler, L50, M|100/100
|turn|6
|
|t:|1757665587
|move|p2a: Maruzensky|Protect||[still]
|-fail|p2a: Maruzensky
|move|p2b: Nice Nature|Protect|p2b: Nice Nature
|-singleturn|p2b: Nice Nature|Protect
|move|p1b: Ursaluna|Earth Power|p2a: Maruzensky
|-supereffective|p2a: Maruzensky
|-damage|p2a: Maruzensky|0 fnt
|faint|p2a: Maruzensky
|-damage|p1b: Ursaluna|74/100|[from] item: Life Orb
|move|p1a: Indeedee|Psychic|p2b: Nice Nature
|-activate|p2b: Nice Nature|move: Protect
|
|-heal|p1b: Ursaluna|80/100|[from] Grassy Terrain
|-fieldend|move: Trick Room
|-fieldend|move: Grassy Terrain
|upkeep
|turn|7
|-message|Bellbottoms forfeited.
|
|win|LeCehlou
||LeCehlou is ready for game 2.
||Bellbottoms is ready for game 2.
|uhtml|next|Next: Game 2 of 3
|l|☆Bellbottoms
|player|p2|
