|j|☆dracojackson
|j|☆RelentlessRogue
|html|dracojacksonRelentlessRogue    
|uhtml|bestof|Game 3 of a best-of-3
|t:|1756343145
|gametype|doubles
|player|p1|dracojackson|hilbert|
|player|p2|RelentlessRogue|ethan|
|gen|9
|tier|[Gen 9] VGC 2025 Reg H (Bo3)
|rule|Species Clause: Limit one of each Pokémon
|rule|Item Clause: Limit 1 of each item
|clearpoke
|poke|p1|Magmar, L50, F|
|poke|p1|Kingambit, L50, F|
|poke|p1|Rillaboom, L50, F|
|poke|p1|Basculegion, L50, M|
|poke|p1|Sneasler, L50, M|
|poke|p1|Ninetales-Alola, L50, F|
|poke|p2|Archaludon, L50, M|
|poke|p2|Pelipper, L50, M|
|poke|p2|Basculegion, L50, M|
|poke|p2|Rillaboom, L50, M|
|poke|p2|Incineroar, L50, F|
|poke|p2|Amoonguss, L50, F|
|teampreview|4
|showteam|p1|Magmar||Eviolite|VitalSpirit|Protect,HeatWave,Taunt,FollowMe|||F|||50|,,,,,Ghost]Kingambit||BlackGlasses|Defiant|Protect,KowtowCleave,SuckerPunch,SwordsDance|||F|||50|,,,,,Fire]Rillaboom||AssaultVest|GrassySurge|WoodHammer,GrassyGlide,Uturn,FakeOut|||F|||50|,,,,,Grass]Basculegion||ChoiceScarf|Adaptability|WaveCrash,LastRespects,TeraBlast,FlipTurn|||M|||50|,,,,,Fairy]Sneasler||FocusSash|PoisonTouch|Protect,DireClaw,CloseCombat,FakeOut|||M|||50|,,,,,Stellar]Ninetales-Alola||LifeOrb|SnowWarning|Protect,Blizzard,FreezeDry,Encore|||F|||50|,,,,,Ghost
|showteam|p2|Archaludon||AssaultVest|Stamina|FlashCannon,DracoMeteor,ElectroShot,BodyPress|||M|||50|,,,,,Fairy]Pelipper||FocusSash|Drizzle|WeatherBall,Hurricane,Tailwind,Protect|||M|||50|,,,,,Ghost]Basculegion||ChoiceBand|SwiftSwim|WaveCrash,LastRespects,FlipTurn,AquaJet|||M|||50|,,,,,Grass]Rillaboom||LoadedDice|GrassySurge|BulletSeed,GrassyGlide,FakeOut,HighHorsepower|||M|||50|,,,,,Fire]Incineroar||SafetyGoggles|Intimidate|FlareBlitz,KnockOff,FakeOut,PartingShot|||F|||50|,,,,,Ghost]Amoonguss||SitrusBerry|Regenerator|SludgeBomb,PollenPuff,Spore,RagePowder|||F|||50|,,,,,Water
|inactive|Battle timer is ON: inactive players will automatically lose when time's up. (requested by RelentlessRogue)
|inactive|dracojackson has 60 seconds left.
|
|t:|1756343189
|teamsize|p1|4
|teamsize|p2|4
|start
|switch|p1a: Sneasler|Sneasler, L50, M|100/100
|switch|p1b: Kingambit|Kingambit, L50, F|100/100
|switch|p2a: Rillaboom|Rillaboom, L50, M|100/100
|switch|p2b: Archaludon|Archaludon, L50, M|100/100
|-fieldstart|move: Grassy Terrain|[from] ability: Grassy Surge|[of] p2a: Rillaboom
|turn|1
|inactive|RelentlessRogue has 30 seconds left.
|inactive|RelentlessRogue has 20 seconds left.
|inactive|RelentlessRogue has 15 seconds left.
|
|t:|1756343233
|move|p1a: Sneasler|Fake Out|p2a: Rillaboom
|-damage|p2a: Rillaboom|88/100
|cant|p2a: Rillaboom|flinch
|move|p2b: Archaludon|Body Press|p1b: Kingambit
|-supereffective|p1b: Kingambit
|-damage|p1b: Kingambit|21/100
|move|p1b: Kingambit|Swords Dance|p1b: Kingambit
|-boost|p1b: Kingambit|atk|2
|
|-heal|p2a: Rillaboom|94/100|[from] Grassy Terrain
|-heal|p1b: Kingambit|27/100|[from] Grassy Terrain
|upkeep
|turn|2
|inactive|RelentlessRogue has 30 seconds left.
|inactive|dracojackson has 30 seconds left.
|inactive|RelentlessRogue has 20 seconds left.
|inactive|dracojackson has 20 seconds left.
|inactive|RelentlessRogue has 15 seconds left.
|inactive|dracojackson has 15 seconds left.
|inactive|RelentlessRogue has 10 seconds left.
|inactive|dracojackson has 10 seconds left.
|inactive|dracojackson has 5 seconds left.
|
|t:|1756343289
|-terastallize|p1a: Sneasler|Stellar
|move|p1b: Kingambit|Protect|p1b: Kingambit
|-singleturn|p1b: Kingambit|Protect
|move|p2a: Rillaboom|Grassy Glide|p2b: Archaludon
|-resisted|p2b: Archaludon
|-damage|p2b: Archaludon|94/100
|-ability|p2b: Archaludon|Stamina|boost
|-boost|p2b: Archaludon|def|1
|move|p1a: Sneasler|Close Combat|p2b: Archaludon
|-supereffective|p2b: Archaludon
|-damage|p2b: Archaludon|22/100
|-unboost|p1a: Sneasler|def|1
|-unboost|p1a: Sneasler|spd|1
|-ability|p2b: Archaludon|Stamina|boost
|-boost|p2b: Archaludon|def|1
|move|p2b: Archaludon|Flash Cannon|p1a: Sneasler
|-damage|p1a: Sneasler|25/100
|
|-heal|p1a: Sneasler|31/100|[from] Grassy Terrain
|-heal|p2a: Rillaboom|99/100|[from] Grassy Terrain
|-heal|p2b: Archaludon|28/100|[from] Grassy Terrain
|-heal|p1b: Kingambit|33/100|[from] Grassy Terrain
|upkeep
|turn|3
|inactive|dracojackson has 30 seconds left.
|
|t:|1756343323
|switch|p1b: Magmar|Magmar, L50, F, shiny|100/100
|-terastallize|p2b: Archaludon|Fairy
|move|p1a: Sneasler|Protect|p1a: Sneasler
|-singleturn|p1a: Sneasler|Protect
|move|p2a: Rillaboom|Grassy Glide|p1a: Sneasler
|-activate|p1a: Sneasler|move: Protect
|move|p2b: Archaludon|Body Press|p1b: Magmar
|-damage|p1b: Magmar|57/100
|
|-heal|p1a: Sneasler|37/100|[from] Grassy Terrain
|-heal|p2a: Rillaboom|100/100|[from] Grassy Terrain
|-heal|p2b: Archaludon|34/100|[from] Grassy Terrain
|-heal|p1b: Magmar|63/100|[from] Grassy Terrain
|upkeep
|turn|4
|
|t:|1756343334
|switch|p2b: Incineroar|Incineroar, L50, F|100/100
|-ability|p2b: Incineroar|Intimidate|boost
|-unboost|p1a: Sneasler|atk|1
|-unboost|p1b: Magmar|atk|1
|move|p1b: Magmar|Follow Me|p1b: Magmar
|-singleturn|p1b: Magmar|move: Follow Me
|move|p1a: Sneasler|Dire Claw|p2a: Rillaboom
|-supereffective|p2a: Rillaboom
|-damage|p2a: Rillaboom|29/100
|-status|p2a: Rillaboom|slp
|cant|p2a: Rillaboom|slp
|
|-heal|p1a: Sneasler|42/100|[from] Grassy Terrain
|-heal|p2a: Rillaboom|35/100 slp|[from] Grassy Terrain
|-heal|p1b: Magmar|69/100|[from] Grassy Terrain
|upkeep
|turn|5
|
|t:|1756343354
|move|p1a: Sneasler|Dire Claw|p2a: Rillaboom
|-supereffective|p2a: Rillaboom
|-damage|p2a: Rillaboom|0 fnt
|faint|p2a: Rillaboom
|move|p1b: Magmar|Heat Wave|p2b: Incineroar
|-resisted|p2b: Incineroar
|-damage|p2b: Incineroar|86/100
|move|p2b: Incineroar|Knock Off|p1b: Magmar
|-damage|p1b: Magmar|34/100
|-enditem|p1b: Magmar|Eviolite|[from] move: Knock Off|[of] p2b: Incineroar
|
|-heal|p1a: Sneasler|48/100|[from] Grassy Terrain
|-heal|p1b: Magmar|39/100|[from] Grassy Terrain
|-heal|p2b: Incineroar|92/100|[from] Grassy Terrain
|-fieldend|move: Grassy Terrain
|upkeep
|
|t:|1756343359
|switch|p2a: Pelipper|Pelipper, L50, M|100/100
|-weather|RainDance|[from] ability: Drizzle|[of] p2a: Pelipper
|turn|6
|
|t:|1756343374
|switch|p1b: Ninetales|Ninetales-Alola, L50, F, shiny|100/100
|-weather|Snowscape|[from] ability: Snow Warning|[of] p1b: Ninetales
|move|p1a: Sneasler|Close Combat|p2b: Incineroar
|-supereffective|p2b: Incineroar
|-damage|p2b: Incineroar|7/100
|-unboost|p1a: Sneasler|def|1
|-unboost|p1a: Sneasler|spd|1
|move|p2a: Pelipper|Tailwind|p2a: Pelipper
|-sidestart|p2: RelentlessRogue|move: Tailwind
|move|p2b: Incineroar|Parting Shot|p1a: Sneasler
|-unboost|p1a: Sneasler|atk|1
|-unboost|p1a: Sneasler|spa|1
|
|t:|1756343386
|switch|p2b: Archaludon|Archaludon, L50, M, tera:Fairy|34/100|[from] Parting Shot
|
|-weather|Snowscape|[upkeep]
|upkeep
|turn|7
|
|t:|1756343402
|switch|p1b: Magmar|Magmar, L50, F, shiny|39/100
|move|p2a: Pelipper|Weather Ball|p1a: Sneasler
|-damage|p1a: Sneasler|0 fnt
|faint|p1a: Sneasler
|move|p2b: Archaludon|Flash Cannon|p1b: Magmar
|-resisted|p1b: Magmar
|-crit|p1b: Magmar
|-damage|p1b: Magmar|14/100
|
|-weather|Snowscape|[upkeep]
|upkeep
|
|t:|1756343409
|switch|p1a: Ninetales|Ninetales-Alola, L50, F, shiny|100/100
|turn|8
|inactive|RelentlessRogue has 30 seconds left.
|inactive|dracojackson has 30 seconds left.
|inactive|RelentlessRogue has 20 seconds left.
|inactive|RelentlessRogue has 15 seconds left.
|inactive|RelentlessRogue has 10 seconds left.
|
|t:|1756343458
|switch|p2a: Incineroar|Incineroar, L50, F|7/100
|-ability|p2a: Incineroar|Intimidate|boost
|-unboost|p1a: Ninetales|atk|1
|-unboost|p1b: Magmar|atk|1
|move|p1b: Magmar|Follow Me|p1b: Magmar
|-singleturn|p1b: Magmar|move: Follow Me
|move|p2b: Archaludon|Body Press|p1b: Magmar
|-damage|p1b: Magmar|0 fnt
|faint|p1b: Magmar
|move|p1a: Ninetales|Blizzard|p2b: Archaludon|[spread] p2a,p2b
|-resisted|p2a: Incineroar
|-damage|p2a: Incineroar|0 fnt
|-damage|p2b: Archaludon|2/100
|-ability|p2b: Archaludon|Stamina|boost
|-boost|p2b: Archaludon|def|1
|faint|p2a: Incineroar
|-damage|p1a: Ninetales|91/100|[from] item: Life Orb
|
|-weather|Snowscape|[upkeep]
|upkeep
|
|t:|1756343468
|switch|p1b: Kingambit|Kingambit, L50, F|33/100
|switch|p2a: Pelipper|Pelipper, L50, M|100/100
|-weather|RainDance|[from] ability: Drizzle|[of] p2a: Pelipper
|turn|9
|
|t:|1756343487
|move|p1a: Ninetales|Protect|p1a: Ninetales
|-singleturn|p1a: Ninetales|Protect
|move|p1b: Kingambit|Protect|p1b: Kingambit
|-singleturn|p1b: Kingambit|Protect
|move|p2a: Pelipper|Weather Ball|p1a: Ninetales
|-activate|p1a: Ninetales|move: Protect
|move|p2b: Archaludon|Body Press|p1b: Kingambit
|-activate|p1b: Kingambit|move: Protect
|
|-weather|RainDance|[upkeep]
|-sideend|p2: RelentlessRogue|move: Tailwind
|upkeep
|turn|10
|
|t:|1756343509
|move|p1b: Kingambit|Sucker Punch|p2b: Archaludon
|-resisted|p2b: Archaludon
|-damage|p2b: Archaludon|0 fnt
|faint|p2b: Archaludon
|move|p1a: Ninetales|Freeze-Dry|p2a: Pelipper
|-supereffective|p2a: Pelipper
|-enditem|p2a: Pelipper|Focus Sash
|-damage|p2a: Pelipper|1/100
|-damage|p1a: Ninetales|82/100|[from] item: Life Orb
|move|p2a: Pelipper|Weather Ball|p1b: Kingambit
|-damage|p1b: Kingambit|0 fnt
|faint|p1b: Kingambit
|
|-weather|RainDance|[upkeep]
|upkeep
|turn|11
|
|t:|1756343513
|move|p1a: Ninetales|Freeze-Dry|p2a: Pelipper
|-supereffective|p2a: Pelipper
|-damage|p2a: Pelipper|0 fnt
|faint|p2a: Pelipper
|-damage|p1a: Ninetales|72/100|[from] item: Life Orb
|
|win|dracojackson
|c|☆RelentlessRogue|ggwp
|c|☆dracojackson|Ggwp
|c|☆RelentlessRogue|wasn't sure if Weather Ball Ice would KO Magmar
|c|☆dracojackson|I was ab to ask
|c|☆RelentlessRogue|I'm guessing no but I'm gonna calc it rn
|c|☆dracojackson|No eviolite tho
|c|☆RelentlessRogue|252 SpA Pelipper Weather Ball (100 BP Ice) vs. 252 HP  / 4 SpD Magmar in Snow: 26-31 (15.1 - 18%) -- possible 6HKO So if you're no SpDef then yes
|c|☆dracojackson|I’m 252 hp/ 28+ spdef
|c|☆RelentlessRogue|252 SpA Pelipper Weather Ball (100 BP Ice) vs. 252 HP  / 28+ SpD Magmar in Snow: 23-28 (13.3 - 16.2%) -- possible 7HKO
|c|☆RelentlessRogue|And you were at 13% I think
|c|☆RelentlessRogue|damn
|c|☆dracojackson|Ye just enough
|c|☆RelentlessRogue|14%
|c|☆RelentlessRogue|So maybe a roll idk, damn that's rough
|c|☆RelentlessRogue|about as close a set as you can have I think
|c|☆dracojackson|In ur favor fs
|c|☆dracojackson|on the roll
|c|☆RelentlessRogue|true true
|c|☆dracojackson|so now u know to just swing
|c|☆RelentlessRogue|^^^^^
|c|☆dracojackson|for future mus
|c|☆RelentlessRogue|I gotta trust this bird more lol
|c|☆dracojackson|U should it’s goated
|c|☆dracojackson|U got replays???
|c|☆RelentlessRogue|yeah I got em
|c|☆dracojackson|Words bet bet
|c|☆dracojackson|Ty for the set!
|c|☆RelentlessRogue|ty vm! It was good stuff!
|c|☆dracojackson|o7
|l|☆dracojackson
|player|p1|
