|j|☆ttsui234
|j|☆luckycricket0326
|html|ttsui234luckycricket0326    
|uhtml|bestof|Game 1 of a best-of-3
|t:|1785334659
|gametype|doubles
|player|p1|ttsui234|266|
|player|p2|luckycricket0326|102|
|gen|9
|tier|[Gen 9 Champions] VGC 2026 Reg M-B (Bo3)
|rule|Species Clause: Limit one of each Pokémon
|rule|Item Clause: Limit 1 of each item
|clearpoke
|poke|p1|Charizard, L50, F|
|poke|p1|Basculegion, L50, M|
|poke|p1|Kingambit, L50, M, shiny|
|poke|p1|Ninetales-Alola, L50, M|
|poke|p1|Kommo-o, L50, M|
|poke|p1|Whimsicott, L50, M|
|poke|p2|Blastoise, L50, M|
|poke|p2|Delphox, L50, F|
|poke|p2|Sneasler, L50, F|
|poke|p2|Sinistcha, L50|
|poke|p2|Incineroar, L50, M|
|poke|p2|Kingambit, L50, F|
|teampreview|4
|showteam|p1|Charizard||CharizarditeY|Blaze|HeatWave,WeatherBall,SolarBeam,Protect|Modest||F|||50|]Basculegion||ChoiceScarf|Adaptability|LastRespects,WaveCrash,AquaJet,FlipTurn|Jolly||M|||50|]Kingambit||ChopleBerry|Defiant|KowtowCleave,IronHead,SuckerPunch,Protect|Adamant||M|||50|]Ninetales-Alola||NeverMeltIce|SnowWarning|Blizzard,FreezeDry,Encore,Protect|Timid||M|||50|]Kommo-o||LifeOrb|Overcoat|AuraSphere,ClangingScales,VacuumWave,Protect|Modest||M|||50|]Whimsicott||FocusSash|Prankster|Tailwind,Moonblast,Encore,Protect|Timid||M|||50|
|showteam|p2|Blastoise||Blastoisinite|RainDish|WaterSpout,DarkPulse,ShellSmash,Protect|Modest||M|||50|]Delphox||Delphoxite|Blaze|HeatWave,Psychic,NastyPlot,Protect|Timid||F|||50|]Sneasler||FocusSash|PoisonTouch|FakeOut,CloseCombat,PoisonJab,QuickGuard|Jolly||F|||50|]Sinistcha||KasibBerry|Hospitality|MatchaGotcha,LifeDew,RagePowder,Protect|Bold|||||50|]Incineroar||SitrusBerry|Intimidate|FakeOut,FlareBlitz,HelpingHand,PartingShot|Impish||M|||50|]Kingambit||LifeOrb|Defiant|KowtowCleave,SuckerPunch,SwordsDance,Protect|Adamant||F|||50|
|inactive|Battle timer is ON: inactive players will automatically lose when time's up. (requested by luckycricket0326)
|
|t:|1785334690
|teamsize|p1|4
|teamsize|p2|4
|start
|switch|p1a: Kommo-o|Kommo-o, L50, M|100/100
|switch|p1b: Basculegion|Basculegion, L50, M|100/100
|switch|p2a: Delphox|Delphox, L50, F|100/100
|switch|p2b: Sneasler|Sneasler, L50, F|100/100
|turn|1
|inactive|ttsui234 has 30 seconds left.
|inactive|luckycricket0326 has 30 seconds left.
|inactive|ttsui234 has 20 seconds left.
|inactive|ttsui234 has 15 seconds left.
|
|t:|1785334735
|switch|p2b: Kingambit|Kingambit, L50, F|100/100
|move|p2a: Delphox|Protect|p2a: Delphox
|-singleturn|p2a: Delphox|Protect
|move|p1b: Basculegion|Flip Turn|p2b: Kingambit
|-damage|p2b: Kingambit|71/100
|
|t:|1785334742
|switch|p1b: Charizard|Charizard, L50, F|100/100|[from] Flip Turn
|move|p1a: Kommo-o|Clanging Scales|p2b: Kingambit|[spread] p2b
|-activate|p2a: Delphox|move: Protect
|-resisted|p2b: Kingambit|1
|-damage|p2b: Kingambit|48/100
|-unboost|p1a: Kommo-o|def|1
|-damage|p1a: Kommo-o|90/100|[from] item: Life Orb
|
|upkeep
|turn|2
|inactive|luckycricket0326 has 30 seconds left.
|inactive|luckycricket0326 has 20 seconds left.
|inactive|luckycricket0326 has 15 seconds left.
|
|t:|1785334784
|switch|p1a: Whimsicott|Whimsicott, L50, M|100/100
|switch|p2b: Sneasler|Sneasler, L50, F|100/100
|detailschange|p2a: Delphox|Delphox-Mega, L50, F
|-mega|p2a: Delphox|Delphox|Delphoxite
|detailschange|p1b: Charizard|Charizard-Mega-Y, L50, F
|-mega|p1b: Charizard|Charizard|Charizardite Y
|-weather|SunnyDay|[from] ability: Drought|[of] p1b: Charizard
|move|p2a: Delphox|Psychic|p1a: Whimsicott
|-damage|p1a: Whimsicott|30/100
|move|p1b: Charizard|Heat Wave|p2b: Sneasler|[spread] p2a,p2b
|-resisted|p2a: Delphox|1
|-crit|p2a: Delphox
|-damage|p2a: Delphox|54/100
|-damage|p2b: Sneasler|6/100
|
|-weather|SunnyDay|[upkeep]
|upkeep
|turn|3
|inactive|luckycricket0326 has 30 seconds left.
|
|t:|1785334813
|move|p1a: Whimsicott|Protect|p1a: Whimsicott
|-singleturn|p1a: Whimsicott|Protect
|move|p2b: Sneasler|Fake Out|p1b: Charizard
|-damage|p1b: Charizard|85/100
|move|p2a: Delphox|Nasty Plot|p2a: Delphox
|-boost|p2a: Delphox|spa|2
|cant|p1b: Charizard|flinch
|
|-weather|SunnyDay|[upkeep]
|upkeep
|turn|4
|
|t:|1785334828
|move|p2b: Sneasler|Quick Guard|p2b: Sneasler
|-singleturn|p2b: Sneasler|Quick Guard
|move|p1a: Whimsicott|Tailwind|p1a: Whimsicott
|-sidestart|p1: ttsui234|move: Tailwind
|move|p1b: Charizard|Heat Wave|p2a: Delphox|[spread] p2a,p2b
|-resisted|p2a: Delphox|1
|-damage|p2a: Delphox|25/100
|-damage|p2b: Sneasler|0 fnt
|faint|p2b: Sneasler
|move|p2a: Delphox|Psychic|p1b: Charizard
|-damage|p1b: Charizard|2/100
|
|-weather|SunnyDay|[upkeep]
|upkeep
|
|t:|1785334842
|switch|p2b: Sinistcha|Sinistcha, L50|100/100
|-heal|p2a: Delphox|50/100g|[from] ability: Hospitality|[of] p2b: Sinistcha
|turn|5
|
|t:|1785334862
|move|p2b: Sinistcha|Rage Powder|p2b: Sinistcha
|-singleturn|p2b: Sinistcha|move: Rage Powder
|move|p1a: Whimsicott|Moonblast|p2b: Sinistcha
|-damage|p2b: Sinistcha|69/100
|move|p1b: Charizard|Heat Wave|p2b: Sinistcha|[spread] p2a,p2b
|-resisted|p2a: Delphox|1
|-supereffective|p2b: Sinistcha|1
|-damage|p2a: Delphox|25/100
|-damage|p2b: Sinistcha|0 fnt
|faint|p2b: Sinistcha
|move|p2a: Delphox|Heat Wave|p1a: Whimsicott|[spread] p1a,p1b
|-supereffective|p1a: Whimsicott|1
|-resisted|p1b: Charizard|1
|-damage|p1a: Whimsicott|0 fnt
|-damage|p1b: Charizard|0 fnt
|faint|p1a: Whimsicott
|faint|p1b: Charizard
|
|-weather|SunnyDay|[upkeep]
|upkeep
|
|t:|1785334879
|switch|p1a: Kommo-o|Kommo-o, L50, M|90/100
|switch|p1b: Basculegion|Basculegion, L50, M|100/100
|switch|p2b: Kingambit|Kingambit, L50, F|48/100
|turn|6
|
|t:|1785334900
|move|p2a: Delphox|Protect|p2a: Delphox
|-singleturn|p2a: Delphox|Protect
|move|p2b: Kingambit|Protect|p2b: Kingambit
|-singleturn|p2b: Kingambit|Protect
|move|p1b: Basculegion|Aqua Jet|p2a: Delphox
|-activate|p2a: Delphox|move: Protect
|move|p1a: Kommo-o|Vacuum Wave|p2a: Delphox
|-activate|p2a: Delphox|move: Protect
|
|-weather|none
|upkeep
|turn|7
|
|t:|1785334918
|move|p1b: Basculegion|Aqua Jet|p2a: Delphox
|-supereffective|p2a: Delphox|1
|-damage|p2a: Delphox|0 fnt
|faint|p2a: Delphox
|move|p1a: Kommo-o|Vacuum Wave|p2b: Kingambit
|-supereffective|p2b: Kingambit|2
|-damage|p2b: Kingambit|0 fnt
|faint|p2b: Kingambit
|-damage|p1a: Kommo-o|80/100|[from] item: Life Orb
|
|win|ttsui234
||ttsui234 is ready for game 2.
|inactive|luckycricket0326 has 30 seconds to confirm battle start!
|inactive|luckycricket0326 has 20 seconds to confirm battle start!
||luckycricket0326 is ready for game 2.
|uhtml|next|Next: Game 2 of 3
