|j|☆fluffym1n
|j|☆Voltage Gaming101
|html|fluffym1nVoltage Gaming101    
|uhtml|bestof|Game 2 of a best-of-3
|t:|1757114067
|gametype|doubles
|player|p1|fluffym1n|lucas-gen4pt|
|player|p2|Voltage Gaming101|red|
|gen|9
|tier|[Gen 9] VGC 2025 Reg H (Bo3)
|rule|Species Clause: Limit one of each Pokémon
|rule|Item Clause: Limit 1 of each item
|clearpoke
|poke|p1|Archaludon, L50, M|
|poke|p1|Pelipper, L50, F|
|poke|p1|Incineroar, L50, M|
|poke|p1|Basculegion, L50, M|
|poke|p1|Gholdengo, L50|
|poke|p1|Sneasler, L50, M|
|poke|p2|Tyranitar, L50, M|
|poke|p2|Houndstone, L50, F|
|poke|p2|Gholdengo, L50|
|poke|p2|Garchomp, L50, M|
|poke|p2|Incineroar, L50, F|
|poke|p2|Amoonguss, L50, M|
|teampreview|4
|showteam|p1|Archaludon||AssaultVest|Stamina|DracoMeteor,FlashCannon,ElectroShot,BodyPress|||M|||50|,,,,,Grass]Pelipper||FocusSash|Drizzle|Hurricane,Tailwind,WeatherBall,Protect|||F|||50|,,,,,Ghost]Incineroar||SafetyGoggles|Intimidate|FakeOut,KnockOff,FlareBlitz,PartingShot|||M|||50|,,,,,Ghost]Basculegion||MysticWater|SwiftSwim|WaveCrash,LastRespects,AquaJet,Protect|||M|||50|,,,,,Water]Gholdengo||MetalCoat|GoodasGold|MakeItRain,ShadowBall,NastyPlot,Protect||||||50|,,,,,Water]Sneasler||WhiteHerb|Unburden|FakeOut,CloseCombat,DireClaw,Protect|||M|||50|,,,,,Flying
|showteam|p2|Tyranitar||AssaultVest|SandStream|RockSlide,KnockOff,LowKick,TeraBlast|||M|||50|,,,,,Flying]Houndstone||SpellTag|SandRush|LastRespects,ShadowSneak,PlayRough,FireFang|||F|||50|,,,,,Ghost]Gholdengo||LifeOrb|GoodasGold|MakeItRain,ShadowBall,NastyPlot,Protect||||||50|,,,,,Water]Garchomp||LoadedDice|RoughSkin|ScaleShot,Earthquake,SwordsDance,Protect|||M|||50|,,,,,Fire]Incineroar||SafetyGoggles|Intimidate|FakeOut,KnockOff,FlareBlitz,PartingShot|||F|||50|,,,,,Water]Amoonguss||SitrusBerry|Regenerator|Spore,RagePowder,PollenPuff,Protect|||M|||50|,,,,,Water
|
|t:|1757114099
|teamsize|p1|4
|teamsize|p2|4
|start
|switch|p1a: Incineroar|Incineroar, L50, M|100/100
|switch|p1b: Final Lesson|Archaludon, L50, M|100/100
|switch|p2a: Incineroar|Incineroar, L50, F, shiny|100/100
|switch|p2b: Tyranitar|Tyranitar, L50, M, shiny|100/100
|-ability|p1a: Incineroar|Intimidate|boost
|-unboost|p2a: Incineroar|atk|1
|-unboost|p2b: Tyranitar|atk|1
|-weather|Sandstorm|[from] ability: Sand Stream|[of] p2b: Tyranitar
|-ability|p2a: Incineroar|Intimidate|boost
|-unboost|p1a: Incineroar|atk|1
|-unboost|p1b: Final Lesson|atk|1
|turn|1
|
|t:|1757114118
|switch|p2b: Amoonguss|Amoonguss, L50, M, shiny|100/100
|move|p1a: Incineroar|Fake Out|p2a: Incineroar
|-damage|p2a: Incineroar|94/100
|cant|p2a: Incineroar|flinch
|move|p1b: Final Lesson|Body Press|p2b: Amoonguss
|-resisted|p2b: Amoonguss
|-damage|p2b: Amoonguss|91/100
|
|-weather|Sandstorm|[upkeep]
|-damage|p2b: Amoonguss|85/100|[from] Sandstorm
|upkeep
|turn|2
|
|t:|1757114171
|-terastallize|p1b: Final Lesson|Grass
|move|p1b: Final Lesson|Draco Meteor|p2b: Amoonguss
|-damage|p2b: Amoonguss|23/100
|-unboost|p1b: Final Lesson|spa|2
|-enditem|p2b: Amoonguss|Sitrus Berry|[eat]
|-heal|p2b: Amoonguss|48/100|[from] item: Sitrus Berry
|move|p1a: Incineroar|Parting Shot|p2a: Incineroar
|-unboost|p2a: Incineroar|atk|1
|-unboost|p2a: Incineroar|spa|1
|
|t:|1757114183
|switch|p1a: Basculegion|Basculegion, L50, M|100/100|[from] Parting Shot
|move|p2a: Incineroar|Parting Shot|p1a: Basculegion
|-unboost|p1a: Basculegion|atk|1
|-unboost|p1a: Basculegion|spa|1
|
|t:|1757114190
|switch|p2a: Garchomp|Garchomp, L50, M, shiny|100/100|[from] Parting Shot
|move|p2b: Amoonguss|Spore|p1b: Final Lesson
|-immune|p1b: Final Lesson
|
|-weather|Sandstorm|[upkeep]
|-damage|p1a: Basculegion|94/100|[from] Sandstorm
|-damage|p1b: Final Lesson|94/100|[from] Sandstorm
|-damage|p2b: Amoonguss|42/100|[from] Sandstorm
|upkeep
|turn|3
|
|t:|1757114224
|switch|p1b: Latrine|Pelipper, L50, F|100/100
|-weather|RainDance|[from] ability: Drizzle|[of] p1b: Latrine
|-terastallize|p2a: Garchomp|Fire
|move|p2a: Garchomp|Protect|p2a: Garchomp
|-singleturn|p2a: Garchomp|Protect
|move|p1a: Basculegion|Wave Crash|p2b: Amoonguss
|-resisted|p2b: Amoonguss
|-damage|p2b: Amoonguss|12/100
|-damage|p1a: Basculegion|83/100|[from] Recoil
|move|p2b: Amoonguss|Spore|p1a: Basculegion
|-status|p1a: Basculegion|slp|[from] move: Spore
|
|-weather|RainDance|[upkeep]
|upkeep
|turn|4
|
|t:|1757114247
|switch|p2a: Tyranitar|Tyranitar, L50, M, shiny|100/100
|-weather|Sandstorm|[from] ability: Sand Stream|[of] p2a: Tyranitar
|switch|p2b: Incineroar|Incineroar, L50, F, shiny|94/100
|-ability|p2b: Incineroar|Intimidate|boost
|-unboost|p1a: Basculegion|atk|1
|-unboost|p1b: Latrine|atk|1
|cant|p1a: Basculegion|slp
|move|p1b: Latrine|Weather Ball|p2a: Tyranitar
|-damage|p2a: Tyranitar|88/100
|
|-weather|Sandstorm|[upkeep]
|-damage|p1a: Basculegion|77/100 slp|[from] Sandstorm
|-damage|p1b: Latrine|95/100|[from] Sandstorm
|upkeep
|turn|5
|
|t:|1757114280
|switch|p1a: Incineroar|Incineroar, L50, M|100/100
|-ability|p1a: Incineroar|Intimidate|boost
|-unboost|p2a: Tyranitar|atk|1
|-unboost|p2b: Incineroar|atk|1
|move|p1b: Latrine|Weather Ball|p2b: Incineroar
|-supereffective|p2b: Incineroar
|-damage|p2b: Incineroar|38/100
|move|p2b: Incineroar|Parting Shot|p1a: Incineroar
|-unboost|p1a: Incineroar|atk|1
|-unboost|p1a: Incineroar|spa|1
|
|t:|1757114293
|switch|p2b: Garchomp|Garchomp, L50, M, shiny, tera:Fire|100/100|[from] Parting Shot
|move|p2a: Tyranitar|Knock Off|p1a: Incineroar
|-resisted|p1a: Incineroar
|-damage|p1a: Incineroar|83/100
|-enditem|p1a: Incineroar|Safety Goggles|[from] move: Knock Off|[of] p2a: Tyranitar
|
|-weather|Sandstorm|[upkeep]
|-damage|p2b: Garchomp|94/100|[from] Sandstorm
|-damage|p1b: Latrine|89/100|[from] Sandstorm
|-damage|p1a: Incineroar|77/100|[from] Sandstorm
|upkeep
|turn|6
|
|t:|1757114322
|switch|p2b: Amoonguss|Amoonguss, L50, M, shiny|45/100
|switch|p2a: Incineroar|Incineroar, L50, F, shiny|38/100
|-ability|p2a: Incineroar|Intimidate|boost
|-unboost|p1a: Incineroar|atk|1
|-unboost|p1b: Latrine|atk|1
|move|p1a: Incineroar|Fake Out|p2a: Incineroar
|-damage|p2a: Incineroar|33/100
|move|p1b: Latrine|Weather Ball|p2b: Amoonguss
|-damage|p2b: Amoonguss|18/100
|
|-weather|Sandstorm|[upkeep]
|-damage|p1b: Latrine|83/100|[from] Sandstorm
|-damage|p1a: Incineroar|71/100|[from] Sandstorm
|-damage|p2b: Amoonguss|12/100|[from] Sandstorm
|upkeep
|turn|7
|
|t:|1757114341
|switch|p2b: Tyranitar|Tyranitar, L50, M, shiny|88/100
|move|p2a: Incineroar|Fake Out|p1b: Latrine
|-damage|p1b: Latrine|65/100
|cant|p1b: Latrine|flinch
|move|p1a: Incineroar|Flare Blitz|p2b: Tyranitar
|-resisted|p2b: Tyranitar
|-damage|p2b: Tyranitar|80/100
|-damage|p1a: Incineroar|68/100|[from] Recoil
|
|-weather|Sandstorm|[upkeep]
|-damage|p1b: Latrine|59/100|[from] Sandstorm
|-damage|p1a: Incineroar|62/100|[from] Sandstorm
|upkeep
|turn|8
|
|t:|1757114356
|switch|p1b: Final Lesson|Archaludon, L50, M, tera:Grass|94/100
|move|p1a: Incineroar|Parting Shot|p2b: Tyranitar
|-unboost|p2b: Tyranitar|atk|1
|-unboost|p2b: Tyranitar|spa|1
|
|t:|1757114364
|switch|p1a: Basculegion|Basculegion, L50, M|77/100 slp|[from] Parting Shot
|move|p2a: Incineroar|Knock Off|p1a: Basculegion
|-supereffective|p1a: Basculegion
|-damage|p1a: Basculegion|0 fnt
|-enditem|p1a: Basculegion|Mystic Water|[from] move: Knock Off|[of] p2a: Incineroar
|faint|p1a: Basculegion
|move|p2b: Tyranitar|Rock Slide|p1b: Final Lesson
|-damage|p1b: Final Lesson|72/100
|-ability|p1b: Final Lesson|Stamina|boost
|-boost|p1b: Final Lesson|def|1
|
|-weather|none
|upkeep
|
|t:|1757114371
|switch|p1a: Latrine|Pelipper, L50, F|59/100
|-weather|RainDance|[from] ability: Drizzle|[of] p1a: Latrine
|turn|9
|
|t:|1757114381
|switch|p2b: Amoonguss|Amoonguss, L50, M, shiny|45/100
|move|p1a: Latrine|Weather Ball|p2a: Incineroar
|-supereffective|p2a: Incineroar
|-damage|p2a: Incineroar|0 fnt
|faint|p2a: Incineroar
|move|p1b: Final Lesson|Electro Shot||[still]
|-prepare|p1b: Final Lesson|Electro Shot
|-boost|p1b: Final Lesson|spa|1
|-anim|p1b: Final Lesson|Electro Shot|p2b: Amoonguss
|-resisted|p2b: Amoonguss
|-damage|p2b: Amoonguss|13/100
|
|-weather|RainDance|[upkeep]
|upkeep
|
|t:|1757114385
|switch|p2a: Tyranitar|Tyranitar, L50, M, shiny|80/100
|-weather|Sandstorm|[from] ability: Sand Stream|[of] p2a: Tyranitar
|turn|10
|
|t:|1757114399
|move|p1a: Latrine|Weather Ball|p2b: Amoonguss
|-damage|p2b: Amoonguss|0 fnt
|faint|p2b: Amoonguss
|move|p1b: Final Lesson|Body Press|p2a: Tyranitar
|-supereffective|p2a: Tyranitar
|-damage|p2a: Tyranitar|0 fnt
|faint|p2a: Tyranitar
|
|-weather|Sandstorm|[upkeep]
|-damage|p1a: Latrine|53/100|[from] Sandstorm
|-damage|p1b: Final Lesson|66/100|[from] Sandstorm
|upkeep
|
|t:|1757114402
|switch|p2b: Garchomp|Garchomp, L50, M, shiny, tera:Fire|94/100
|turn|11
|
|t:|1757114442
|switch|p1a: Incineroar|Incineroar, L50, M|62/100
|-ability|p1a: Incineroar|Intimidate|boost
|-unboost|p2b: Garchomp|atk|1
|move|p2b: Garchomp|Swords Dance|p2b: Garchomp
|-boost|p2b: Garchomp|atk|2
|move|p1b: Final Lesson|Draco Meteor|p2b: Garchomp
|-damage|p2b: Garchomp|0 fnt
|-unboost|p1b: Final Lesson|spa|2
|faint|p2b: Garchomp
|
|win|fluffym1n
|l|☆fluffym1n
|player|p1|
