|j|☆mdfdtrccvt
|j|☆nomikidvgc
|html|mdfdtrccvtnomikidvgc    
|uhtml|bestof|Game 1 of a best-of-3
|t:|1782401714
|gametype|doubles
|player|p1|mdfdtrccvt|169|1044
|player|p2|nomikidvgc|169|1000
|gen|9
|tier|[Gen 9 Champions] VGC 2026 Reg M-B (Bo3)
|rated|
|rule|Species Clause: Limit one of each Pokémon
|rule|Item Clause: Limit 1 of each item
|clearpoke
|poke|p1|Staraptor, L50, M|
|poke|p1|Maushold-Four, L50|
|poke|p1|Garchomp, L50, F|
|poke|p1|Whimsicott, L50, F|
|poke|p1|Rotom-Heat, L50|
|poke|p1|Glimmora, L50, M|
|poke|p2|Charizard, L50, M|
|poke|p2|Garchomp, L50, M|
|poke|p2|Whimsicott, L50, M|
|poke|p2|Basculegion, L50, M|
|poke|p2|Kingambit, L50, F|
|poke|p2|Floette-Eternal, L50, F|
|teampreview|4
|showteam|p1|Staraptor||Staraptite|Intimidate|Protect,BraveBird,Roost,CloseCombat|Jolly||M|||50|]Maushold-Four||WideLens|Technician|Protect,FollowMe,PopulationBomb,Feint|Jolly|||||50|]Garchomp||LifeOrb|RoughSkin|Protect,DragonClaw,Earthquake,RockSlide|Jolly||F|||50|]Whimsicott||CobaBerry|Prankster|Moonblast,Tailwind,Encore,Charm|Bold||F|||50|]Rotom-Heat||ChoiceScarf|Levitate|Electroweb,Overheat,VoltSwitch,WillOWisp|Timid|||||50|]Glimmora||FocusSash|ToxicDebris|SpikyShield,EarthPower,PowerGem,SludgeBomb|Timid||M|||50|
|showteam|p2|Charizard||CharizarditeY|Blaze|HeatWave,SolarBeam,WeatherBall,Protect|Modest||M|||50|]Garchomp||SitrusBerry|RoughSkin|DragonClaw,Earthquake,RockSlide,PoisonJab|Jolly||M|||50|]Whimsicott||FocusSash|Prankster|Moonblast,Tailwind,Encore,Protect|Timid||M|||50|]Basculegion||LifeOrb|Adaptability|WaveCrash,AquaJet,Protect,LastRespects|Adamant||M|||50|]Kingambit||BlackGlasses|Defiant|KowtowCleave,SuckerPunch,IronHead,Protect|Adamant||F|||50|]Floette-Eternal||Floettite|FlowerVeil|Moonblast,DazzlingGleam,LightofRuin,Protect|Timid||F|||50|
|inactive|Battle timer is ON: inactive players will automatically lose when time's up. (requested by nomikidvgc)
|inactive|mdfdtrccvt has 60 seconds left.
|inactive|mdfdtrccvt has 30 seconds left.
|inactive|mdfdtrccvt has 20 seconds left.
|inactive|mdfdtrccvt has 15 seconds left.
|
|t:|1782401794
|teamsize|p1|4
|teamsize|p2|4
|start
|switch|p1a: Rotom|Rotom-Heat, L50|100/100
|switch|p1b: Glimmora|Glimmora, L50, M|100/100
|switch|p2a: Floette|Floette-Eternal, L50, F|100/100
|switch|p2b: Whimsicott|Whimsicott, L50, M|100/100
|turn|1
|
|t:|1782401817
|detailschange|p2a: Floette|Floette-Mega, L50, F
|-mega|p2a: Floette|Floette|Floettite
|-ability|p2a: Floette|Fairy Aura
|move|p2a: Floette|Protect|p2a: Floette
|-singleturn|p2a: Floette|Protect
|move|p1a: Rotom|Volt Switch|p2a: Floette
|-activate|p2a: Floette|move: Protect
|move|p2b: Whimsicott|Moonblast|p1b: Glimmora
|-resisted|p1b: Glimmora|1
|-damage|p1b: Glimmora|69/100
|move|p1b: Glimmora|Sludge Bomb|p2b: Whimsicott
|-supereffective|p2b: Whimsicott|2
|-crit|p2b: Whimsicott
|-enditem|p2b: Whimsicott|Focus Sash
|-damage|p2b: Whimsicott|1/100
|
|upkeep
|turn|2
|inactive|mdfdtrccvt has 30 seconds left.
|
|t:|1782401844
|switch|p2a: Garchomp|Garchomp, L50, M|100/100
|move|p1b: Glimmora|Spiky Shield|p1b: Glimmora
|-singleturn|p1b: Glimmora|move: Protect
|move|p2b: Whimsicott|Tailwind|p2b: Whimsicott
|-sidestart|p2: nomikidvgc|move: Tailwind
|move|p1a: Rotom|Volt Switch|p2b: Whimsicott
|-resisted|p2b: Whimsicott|1
|-crit|p2b: Whimsicott
|-damage|p2b: Whimsicott|0 fnt
|faint|p2b: Whimsicott
|
|t:|1782401858
|switch|p1a: Staraptor|Staraptor, L50, M|100/100|[from] Volt Switch
|-ability|p1a: Staraptor|Intimidate|boost
|-unboost|p2a: Garchomp|atk|1
|
|upkeep
|
|t:|1782401860
|switch|p2b: Floette|Floette-Mega, L50, F|100/100
|-ability|p2b: Floette|Fairy Aura
|turn|3
|
|t:|1782401880
|switch|p1a: Rotom|Rotom-Heat, L50|100/100
|move|p2b: Floette|Moonblast|p1a: Rotom
|-resisted|p1a: Rotom|1
|-damage|p1a: Rotom|48/100
|move|p2a: Garchomp|Earthquake|p1b: Glimmora|[spread] p2b,p1b
|-immune|p1a: Rotom|[from] ability: Levitate
|-supereffective|p1b: Glimmora|2
|-damage|p2b: Floette|72/100
|-damage|p1b: Glimmora|0 fnt
|-activate|p1b: Glimmora|ability: Toxic Debris
|-sidestart|p2: nomikidvgc|move: Toxic Spikes
|faint|p1b: Glimmora
|
|upkeep
|
|t:|1782401893
|switch|p1b: Whimsicott|Whimsicott, L50, F|100/100
|turn|4
|inactive|mdfdtrccvt has 30 seconds left.
|
|t:|1782401921
|move|p1b: Whimsicott|Encore|p2a: Garchomp
|-start|p2a: Garchomp|Encore
|move|p2a: Garchomp|Earthquake|p1a: Rotom|[spread] p2b,p1b
|-immune|p1a: Rotom|[from] ability: Levitate
|-resisted|p1b: Whimsicott|1
|-damage|p2b: Floette|40/100
|-damage|p1b: Whimsicott|90/100
|move|p2b: Floette|Moonblast|p1a: Rotom
|-resisted|p1a: Rotom|1
|-damage|p1a: Rotom|0 fnt
|faint|p1a: Rotom
|
|upkeep
|
|t:|1782401933
|switch|p1a: Staraptor|Staraptor, L50, M|100/100
|-ability|p1a: Staraptor|Intimidate|boost
|-unboost|p2a: Garchomp|atk|1
|-unboost|p2b: Floette|atk|1
|turn|5
|
|t:|1782401940
|switch|p2a: Basculegion|Basculegion, L50, M|100/100
|-status|p2a: Basculegion|psn
|move|p1a: Staraptor|Protect|p1a: Staraptor
|-singleturn|p1a: Staraptor|Protect
|move|p2b: Floette|Light of Ruin|p1a: Staraptor
|-activate|p1a: Staraptor|move: Protect
|move|p1b: Whimsicott|Moonblast|p2b: Floette
|-damage|p2b: Floette|7/100
|
|-damage|p2a: Basculegion|87/100 psn|[from] psn
|-sideend|p2: nomikidvgc|move: Tailwind
|upkeep
|turn|6
|inactive|mdfdtrccvt has 30 seconds left.
|inactive|mdfdtrccvt has 20 seconds left.
|
|t:|1782401975
|move|p2b: Floette|Protect|p2b: Floette
|-singleturn|p2b: Floette|Protect
|move|p1b: Whimsicott|Tailwind|p1b: Whimsicott
|-sidestart|p1: mdfdtrccvt|move: Tailwind
|move|p1a: Staraptor|Close Combat|p2b: Floette
|-activate|p2b: Floette|move: Protect
|move|p2a: Basculegion|Last Respects|p1b: Whimsicott
|-damage|p1b: Whimsicott|17/100
|-damage|p2a: Basculegion|77/100 psn|[from] item: Life Orb
|
|-damage|p2a: Basculegion|65/100 psn|[from] psn
|upkeep
|turn|7
|inactive|mdfdtrccvt has 30 seconds left.
|
|t:|1782402001
|move|p1b: Whimsicott|Charm|p1a: Staraptor
|-unboost|p1a: Staraptor|atk|2
|move|p2a: Basculegion|Aqua Jet|p1b: Whimsicott
|-resisted|p1b: Whimsicott|1
|-damage|p1b: Whimsicott|1/100
|-damage|p2a: Basculegion|55/100 psn|[from] item: Life Orb
|move|p1a: Staraptor|Close Combat|p2b: Floette
|-resisted|p2b: Floette|1
|-crit|p2b: Floette
|-damage|p2b: Floette|0 fnt
|-unboost|p1a: Staraptor|def|1
|-unboost|p1a: Staraptor|spd|1
|faint|p2b: Floette
|
|-damage|p2a: Basculegion|43/100 psn|[from] psn
|upkeep
|
|t:|1782402009
|switch|p2b: Garchomp|Garchomp, L50, M|100/100
|-status|p2b: Garchomp|psn
|turn|8
|inactive|mdfdtrccvt has 30 seconds left.
|
|t:|1782402042
|detailschange|p1a: Staraptor|Staraptor-Mega, L50, M
|-mega|p1a: Staraptor|Staraptor|Staraptite
|move|p1b: Whimsicott|Charm|p2a: Basculegion
|-unboost|p2a: Basculegion|atk|2
|move|p2a: Basculegion|Aqua Jet|p1b: Whimsicott
|-resisted|p1b: Whimsicott|1
|-damage|p1b: Whimsicott|0 fnt
|faint|p1b: Whimsicott
|-damage|p2a: Basculegion|33/100 psn|[from] item: Life Orb
|move|p1a: Staraptor|Close Combat|p2b: Garchomp
|-damage|p2b: Garchomp|71/100 psn
|-boost|p1a: Staraptor|def|1
|-boost|p1a: Staraptor|spd|1
|-damage|p1a: Staraptor|87/100|[from] ability: Rough Skin|[of] p2b: Garchomp
|move|p2b: Garchomp|Dragon Claw|p1a: Staraptor
|-damage|p1a: Staraptor|53/100
|
|-damage|p2b: Garchomp|59/100 psn|[from] psn
|-damage|p2a: Basculegion|21/100 psn|[from] psn
|upkeep
|turn|9
|inactive|mdfdtrccvt has 30 seconds left.
|
|t:|1782402067
|move|p2a: Basculegion|Aqua Jet|p1a: Staraptor
|-damage|p1a: Staraptor|38/100
|-damage|p2a: Basculegion|11/100 psn|[from] item: Life Orb
|move|p1a: Staraptor|Roost|p1a: Staraptor
|-heal|p1a: Staraptor|88/100
|-singleturn|p1a: Staraptor|move: Roost
|move|p2b: Garchomp|Dragon Claw|p1a: Staraptor
|-damage|p1a: Staraptor|54/100
|
|-damage|p2b: Garchomp|47/100 psn|[from] psn
|-damage|p2a: Basculegion|0 fnt|[from] psn
|faint|p2a: Basculegion
|-sideend|p1: mdfdtrccvt|move: Tailwind
|upkeep
|-enditem|p2b: Garchomp|Sitrus Berry|[eat]
|-heal|p2b: Garchomp|72/100 psn|[from] item: Sitrus Berry
|turn|10
|
|t:|1782402089
|move|p1a: Staraptor|Roost|p1a: Staraptor
|-heal|p1a: Staraptor|100/100
|-singleturn|p1a: Staraptor|move: Roost
|move|p2b: Garchomp|Dragon Claw|p1a: Staraptor
|-damage|p1a: Staraptor|63/100
|
|-damage|p2b: Garchomp|60/100 psn|[from] psn
|upkeep
|turn|11
|
|t:|1782402098
|move|p1a: Staraptor|Protect|p1a: Staraptor
|-singleturn|p1a: Staraptor|Protect
|move|p2b: Garchomp|Dragon Claw|p1a: Staraptor
|-activate|p1a: Staraptor|move: Protect
|
|-damage|p2b: Garchomp|47/100 psn|[from] psn
|upkeep
|turn|12
|
|t:|1782402106
|move|p1a: Staraptor|Roost|p1a: Staraptor
|-heal|p1a: Staraptor|100/100
|-singleturn|p1a: Staraptor|move: Roost
|move|p2b: Garchomp|Dragon Claw|p1a: Staraptor
|-damage|p1a: Staraptor|63/100
|
|-damage|p2b: Garchomp|35/100 psn|[from] psn
|upkeep
|turn|13
|
|t:|1782402119
|move|p1a: Staraptor|Protect|p1a: Staraptor
|-singleturn|p1a: Staraptor|Protect
|move|p2b: Garchomp|Dragon Claw|p1a: Staraptor
|-activate|p1a: Staraptor|move: Protect
|
|-damage|p2b: Garchomp|23/100 psn|[from] psn
|upkeep
|turn|14
|
|t:|1782402126
|move|p1a: Staraptor|Roost|p1a: Staraptor
|-heal|p1a: Staraptor|100/100
|-singleturn|p1a: Staraptor|move: Roost
|move|p2b: Garchomp|Dragon Claw|p1a: Staraptor
|-damage|p1a: Staraptor|65/100
|
|-damage|p2b: Garchomp|11/100 psn|[from] psn
|upkeep
|turn|15
|-message|nomikidvgc forfeited.
|
|win|mdfdtrccvt
