|j|☆quinn2
|j|☆zevenit
|html|quinn2zevenit    
|uhtml|bestof|Game 2 of a best-of-3
|t:|1757915326
|gametype|doubles
|player|p1|quinn2|170|1136
|player|p2|zevenit|266|1075
|gen|9
|tier|[Gen 9] VGC 2025 Reg H (Bo3)
|rated|
|rule|Species Clause: Limit one of each Pokémon
|rule|Item Clause: Limit 1 of each item
|clearpoke
|poke|p1|Golduck, L50, F|
|poke|p1|Flamigo, L50, M|
|poke|p1|Dragapult, L50, M|
|poke|p1|Electabuzz, L50, M|
|poke|p1|Typhlosion-Hisui, L50, F|
|poke|p1|Weavile, L50, M|
|poke|p2|Electabuzz, L50, M|
|poke|p2|Kingambit, L50, F|
|poke|p2|Volcarona, L50, F|
|poke|p2|Dragonite, L50, F|
|poke|p2|Sneasler, L50, M|
|poke|p2|Rillaboom, L50, M|
|teampreview|4
|showteam|p1|Golduck||FocusSash|CloudNine|IcyWind,Encore,Disable,Protect|||F|||50|,,,,,Grass]Flamigo||CovertCloak|Scrappy|CloseCombat,BraveBird,WideGuard,Protect|||M|||50|,,,,,Fighting]Dragapult||ChoiceBand|ClearBody|DragonDarts,TeraBlast,PhantomForce,Uturn|||M|||50|,,,,,Ghost]Electabuzz||Eviolite|VitalSpirit|ThunderWave,FollowMe,Taunt,Protect|||M|||50|,,,,,Dark]Typhlosion-Hisui||Charcoal|Blaze|Eruption,Overheat,InfernalParade,Protect|||F|||50|,,,,,Fire]Weavile||LifeOrb|Pickpocket|KnockOff,TripleAxel,HoneClaws,Protect|||M|||50|,,,,,Ghost
|showteam|p2|Electabuzz||Eviolite|VitalSpirit|FollowMe,Thunderbolt,Taunt,Protect|||M|||50|,,,,,Ghost]Kingambit||BlackGlasses|Defiant|KowtowCleave,SuckerPunch,SwordsDance,Protect|||F|||50|,,,,,Dark]Volcarona||Leftovers|FlameBody|HeatWave,TeraBlast,QuiverDance,Protect|||F|||50|,,,,,Fairy]Dragonite||LoadedDice|Multiscale|ScaleShot,ExtremeSpeed,Haze,Protect|||F|||50|,,,,,Fairy]Sneasler||FocusSash|Unburden|DireClaw,CloseCombat,Coaching,FakeOut|||M|||50|,,,,,Stellar]Rillaboom||AssaultVest|GrassySurge|FakeOut,WoodHammer,GrassyGlide,HighHorsepower|||M|||50|,,,,,Fire
|
|t:|1757915355
|teamsize|p1|4
|teamsize|p2|4
|start
|switch|p1a: Electabuzz|Electabuzz, L50, M|100/100
|switch|p1b: Typhlosion|Typhlosion-Hisui, L50, F|100/100
|switch|p2a: Sneasler|Sneasler, L50, M|100/100
|switch|p2b: Dragonite|Dragonite, L50, F|100/100
|turn|1
|
|t:|1757915382
|move|p1a: Electabuzz|Protect|p1a: Electabuzz
|-singleturn|p1a: Electabuzz|Protect
|move|p2a: Sneasler|Coaching|p2b: Dragonite
|-boost|p2b: Dragonite|atk|1
|-boost|p2b: Dragonite|def|1
|move|p1b: Typhlosion|Infernal Parade|p2a: Sneasler
|-damage|p2a: Sneasler|56/100
|move|p2b: Dragonite|Scale Shot|p1a: Electabuzz
|-activate|p1a: Electabuzz|move: Protect
|
|upkeep
|turn|2
|
|t:|1757915408
|move|p1b: Typhlosion|Protect|p1b: Typhlosion
|-singleturn|p1b: Typhlosion|Protect
|move|p2b: Dragonite|Protect|p2b: Dragonite
|-singleturn|p2b: Dragonite|Protect
|move|p2a: Sneasler|Dire Claw|p1a: Electabuzz
|-damage|p1a: Electabuzz|63/100
|move|p1a: Electabuzz|Thunder Wave|p2b: Dragonite
|-activate|p2b: Dragonite|move: Protect
|
|upkeep
|turn|3
|
|t:|1757915437
|move|p2b: Dragonite|Extreme Speed|p1a: Electabuzz
|-damage|p1a: Electabuzz|20/100
|move|p2a: Sneasler|Close Combat|p1a: Electabuzz
|-damage|p1a: Electabuzz|0 fnt
|-unboost|p2a: Sneasler|def|1
|-unboost|p2a: Sneasler|spd|1
|faint|p1a: Electabuzz
|move|p1b: Typhlosion|Eruption|p2b: Dragonite|[spread] p2a,p2b
|-resisted|p2b: Dragonite
|-damage|p2a: Sneasler|0 fnt
|-damage|p2b: Dragonite|83/100
|faint|p2a: Sneasler
|
|upkeep
|
|t:|1757915452
|switch|p2a: Electabuzz|Electabuzz, L50, M|100/100
|switch|p1a: Dragapult|Dragapult, L50, M|100/100
|turn|4
|
|t:|1757915490
|-terastallize|p1b: Typhlosion|Fire
|move|p2a: Electabuzz|Follow Me|p2a: Electabuzz
|-singleturn|p2a: Electabuzz|move: Follow Me
|move|p1a: Dragapult|Dragon Darts|p2a: Electabuzz
|-damage|p2a: Electabuzz|67/100
|-anim|p1a: Dragapult|Dragon Darts|p2a: Electabuzz
|-damage|p2a: Electabuzz|38/100
|move|p1b: Typhlosion|Eruption|p2a: Electabuzz|[spread] p2a,p2b
|-resisted|p2b: Dragonite
|-damage|p2a: Electabuzz|0 fnt
|-damage|p2b: Dragonite|36/100
|faint|p2a: Electabuzz
|move|p2b: Dragonite|Scale Shot|p1a: Dragapult
|-supereffective|p1a: Dragapult
|-damage|p1a: Dragapult|42/100
|-supereffective|p1a: Dragapult
|-damage|p1a: Dragapult|0 fnt
|faint|p1a: Dragapult
|-hitcount|p1: Dragapult|2
|-unboost|p2b: Dragonite|def|1
|-boost|p2b: Dragonite|spe|1
|
|upkeep
|
|t:|1757915502
|switch|p1a: Flamigo|Flamigo, L50, M|100/100
|switch|p2a: Rillaboom|Rillaboom, L50, M|100/100
|-fieldstart|move: Grassy Terrain|[from] ability: Grassy Surge|[of] p2a: Rillaboom
|turn|5
|
|t:|1757915547
|move|p1b: Typhlosion|Protect|p1b: Typhlosion
|-singleturn|p1b: Typhlosion|Protect
|move|p1a: Flamigo|Protect|p1a: Flamigo
|-singleturn|p1a: Flamigo|Protect
|move|p2a: Rillaboom|Fake Out|p1b: Typhlosion
|-activate|p1b: Typhlosion|move: Protect
|move|p2b: Dragonite|Scale Shot|p1a: Flamigo
|-activate|p1a: Flamigo|move: Protect
|
|upkeep
|turn|6
|
|t:|1757915572
|-terastallize|p2a: Rillaboom|Fire
|move|p2b: Dragonite|Scale Shot|p1a: Flamigo
|-damage|p1a: Flamigo|68/100
|-damage|p1a: Flamigo|35/100
|-damage|p1a: Flamigo|0 fnt
|faint|p1a: Flamigo
|-hitcount|p1: Flamigo|3
|-unboost|p2b: Dragonite|def|1
|-boost|p2b: Dragonite|spe|1
|move|p1b: Typhlosion|Eruption|p2a: Rillaboom|[spread] p2a,p2b
|-resisted|p2a: Rillaboom
|-resisted|p2b: Dragonite
|-crit|p2b: Dragonite
|-damage|p2a: Rillaboom|70/100
|-damage|p2b: Dragonite|0 fnt
|faint|p2b: Dragonite
|move|p2a: Rillaboom|High Horsepower|p1b: Typhlosion
|-supereffective|p1b: Typhlosion
|-damage|p1b: Typhlosion|9/100
|
|-heal|p1b: Typhlosion|15/100|[from] Grassy Terrain
|-heal|p2a: Rillaboom|76/100|[from] Grassy Terrain
|upkeep
|turn|7
|
|t:|1757915591
|move|p2a: Rillaboom|Grassy Glide|p1b: Typhlosion
|-resisted|p1b: Typhlosion
|-damage|p1b: Typhlosion|0 fnt
|faint|p1b: Typhlosion
|
|win|zevenit
||quinn2 is ready for game 3.
|inactive|zevenit has 30 seconds to confirm battle start!
||zevenit is ready for game 3.
|uhtml|next|Next: Game 3 of 3
|l|☆quinn2
|player|p1|
|l|☆zevenit
|player|p2|
