|j|☆Fedemitra9
|j|☆Slackermaru
|html|Fedemitra9Slackermaru    
|uhtml|bestof|Game 3 of a best-of-3
|t:|1755780184
|gametype|doubles
|player|p1|Fedemitra9|hiker-gen4|1279
|player|p2|Slackermaru|workerice|1357
|gen|9
|tier|[Gen 9] VGC 2025 Reg H (Bo3)
|rated|
|rule|Species Clause: Limit one of each Pokémon
|rule|Item Clause: Limit 1 of each item
|clearpoke
|poke|p1|Garchomp, L50, M|
|poke|p1|Jumpluff, L50, M|
|poke|p1|Torkoal, L50, M|
|poke|p1|Dragonite, L50, M|
|poke|p1|Kingambit, L50, M|
|poke|p1|Typhlosion-Hisui, L50, M|
|poke|p2|Incineroar, L50, M|
|poke|p2|Amoonguss, L50, F|
|poke|p2|Ursaluna-Bloodmoon, L50, M|
|poke|p2|Sneasler, L50, M|
|poke|p2|Gholdengo, L50|
|poke|p2|Dragonite, L50, M|
|teampreview|4
|showteam|p1|Garchomp||LifeOrb|RoughSkin|DragonClaw,StompingTantrum,Earthquake,Protect|||M|||50|,,,,,Fire]Jumpluff||CovertCloak|Chlorophyll|LeafStorm,SleepPowder,Encore,Tailwind|||M|||50|,,,,,Poison]Torkoal||EjectPack|Drought|Overheat,BurningJealousy,HelpingHand,Protect|||M|||50|,,,,,Flying]Dragonite||LoadedDice|Multiscale|ExtremeSpeed,ScaleShot,IceSpinner,Protect|||M|||50|,,,,,Fairy]Kingambit||AssaultVest|Defiant|Assurance,SuckerPunch,IronHead,LowKick|||M|||50|,,,,,Flying]Typhlosion-Hisui||ChoiceSpecs|Blaze|Eruption,ShadowBall,HeatWave,Overheat|||M|||50|,,,,,Fire
|showteam|p2|Incineroar||SafetyGoggles|Intimidate|FlareBlitz,KnockOff,PartingShot,FakeOut|||M|||50|,,,,,Ghost]Amoonguss||SitrusBerry|Regenerator|Spore,RagePowder,SludgeBomb,Protect|||F|||50|,,,,,Water]Ursaluna-Bloodmoon||AssaultVest|MindsEye|HyperVoice,BloodMoon,EarthPower,VacuumWave|||M|||50|,,,,,Ghost]Sneasler||FocusSash|Unburden|CloseCombat,DireClaw,ThroatChop,Protect|||M|||50|,,,,,Stellar]Gholdengo||LifeOrb|GoodasGold|MakeItRain,ShadowBall,NastyPlot,Protect||||||50|,,,,,Steel]Dragonite||LoadedDice|Multiscale|ScaleShot,Tailwind,Haze,Protect|||M|||50|,,,,,Fairy
|inactive|Battle timer is ON: inactive players will automatically lose when time's up. (requested by Fedemitra9)
|inactive|Fedemitra9 has 60 seconds left.
|inactive|Fedemitra9 has 30 seconds left.
|
|t:|1755780256
|teamsize|p1|4
|teamsize|p2|4
|start
|switch|p1a: Jumpluff|Jumpluff, L50, M, shiny|100/100
|switch|p1b: Torkoal|Torkoal, L50, M, shiny|100/100
|switch|p2a: Ursaluna|Ursaluna-Bloodmoon, L50, M|100/100
|switch|p2b: Amoonguss|Amoonguss, L50, F, shiny|100/100
|-weather|SunnyDay|[from] ability: Drought|[of] p1b: Torkoal
|turn|1
|
|t:|1755780272
|switch|p2a: Incineroar|Incineroar, L50, M, shiny|100/100
|-ability|p2a: Incineroar|Intimidate|boost
|-unboost|p1a: Jumpluff|atk|1
|-unboost|p1b: Torkoal|atk|1
|-enditem|p1b: Torkoal|Eject Pack
|
|t:|1755780278
|switch|p1b: Garchomp|Garchomp, L50, M, shiny|100/100
|move|p1a: Jumpluff|Sleep Powder|p2a: Incineroar
|-activate|p2a: Incineroar|item: Safety Goggles|Sleep Powder
|move|p2b: Amoonguss|Spore|p1b: Garchomp
|-status|p1b: Garchomp|slp|[from] move: Spore
|
|-weather|SunnyDay|[upkeep]
|upkeep
|turn|2
|inactive|Fedemitra9 has 30 seconds left.
|inactive|Fedemitra9 has 20 seconds left.
|inactive|Fedemitra9 has 15 seconds left.
|inactive|Fedemitra9 has 10 seconds left.
|
|t:|1755780326
|switch|p1a: Torkoal|Torkoal, L50, M, shiny|100/100
|cant|p1b: Garchomp|slp
|move|p2a: Incineroar|Knock Off|p1a: Torkoal
|-damage|p1a: Torkoal|76/100
|move|p2b: Amoonguss|Sludge Bomb|p1a: Torkoal
|-damage|p1a: Torkoal|39/100
|-status|p1a: Torkoal|psn
|
|-weather|SunnyDay|[upkeep]
|-damage|p1a: Torkoal|27/100 psn|[from] psn
|upkeep
|turn|3
|
|t:|1755780349
|switch|p2a: Dragonite|Dragonite, L50, M, shiny|100/100
|cant|p1b: Garchomp|slp
|move|p1a: Torkoal|Overheat|p2b: Amoonguss
|-supereffective|p2b: Amoonguss
|-damage|p2b: Amoonguss|0 fnt
|-unboost|p1a: Torkoal|spa|2
|faint|p2b: Amoonguss
|
|-weather|SunnyDay|[upkeep]
|-damage|p1a: Torkoal|15/100 psn|[from] psn
|upkeep
|
|t:|1755780360
|switch|p2b: Ursaluna|Ursaluna-Bloodmoon, L50, M|100/100
|turn|4
|
|t:|1755780378
|-curestatus|p1b: Garchomp|slp|[msg]
|move|p1b: Garchomp|Protect|p1b: Garchomp
|-singleturn|p1b: Garchomp|Protect
|move|p2a: Dragonite|Scale Shot|p1b: Garchomp
|-activate|p1b: Garchomp|move: Protect
|move|p2b: Ursaluna|Hyper Voice|p1a: Torkoal|[spread] p1a
|-activate|p1b: Garchomp|move: Protect
|-damage|p1a: Torkoal|0 fnt
|faint|p1a: Torkoal
|
|-weather|SunnyDay|[upkeep]
|upkeep
|
|t:|1755780399
|switch|p1a: Typhlosion|Typhlosion-Hisui, L50, M, shiny|100/100
|turn|5
|inactive|Fedemitra9 has 30 seconds left.
|inactive|Fedemitra9 has 20 seconds left.
|
|t:|1755780438
|switch|p2b: Incineroar|Incineroar, L50, M, shiny|100/100
|-ability|p2b: Incineroar|Intimidate|boost
|-unboost|p1a: Typhlosion|atk|1
|-unboost|p1b: Garchomp|atk|1
|move|p2a: Dragonite|Protect|p2a: Dragonite
|-singleturn|p2a: Dragonite|Protect
|move|p1b: Garchomp|Stomping Tantrum|p2a: Dragonite
|-activate|p2a: Dragonite|move: Protect
|move|p1a: Typhlosion|Eruption|p2b: Incineroar|[spread] p2b
|-activate|p2a: Dragonite|move: Protect
|-resisted|p2b: Incineroar
|-damage|p2b: Incineroar|45/100
|
|-weather|none
|upkeep
|turn|6
|inactive|Fedemitra9 has 30 seconds left.
|
|t:|1755780467
|-terastallize|p1b: Garchomp|Fire
|move|p2b: Incineroar|Fake Out|p1b: Garchomp
|-damage|p1b: Garchomp|86/100
|-damage|p2b: Incineroar|32/100|[from] ability: Rough Skin|[of] p1b: Garchomp
|cant|p1b: Garchomp|flinch
|move|p1a: Typhlosion|Eruption|p2a: Dragonite|[spread] p2a,p2b
|-resisted|p2a: Dragonite
|-resisted|p2b: Incineroar
|-damage|p2a: Dragonite|81/100
|-damage|p2b: Incineroar|0 fnt
|faint|p2b: Incineroar
|move|p2a: Dragonite|Scale Shot|p1a: Typhlosion
|-damage|p1a: Typhlosion|78/100
|-damage|p1a: Typhlosion|56/100
|-damage|p1a: Typhlosion|33/100
|-damage|p1a: Typhlosion|11/100
|-damage|p1a: Typhlosion|0 fnt
|faint|p1a: Typhlosion
|-hitcount|p1: Typhlosion|5
|-unboost|p2a: Dragonite|def|1
|-boost|p2a: Dragonite|spe|1
|
|upkeep
|
|t:|1755780487
|switch|p1a: Jumpluff|Jumpluff, L50, M, shiny|100/100
|switch|p2b: Ursaluna|Ursaluna-Bloodmoon, L50, M|100/100
|turn|7
|inactive|Fedemitra9 has 30 seconds left.
|inactive|Fedemitra9 has 20 seconds left.
|inactive|Fedemitra9 has 15 seconds left.
|inactive|Fedemitra9 has 10 seconds left.
|
|t:|1755780536
|-terastallize|p2a: Dragonite|Fairy
|move|p2a: Dragonite|Scale Shot|p1a: Jumpluff
|-damage|p1a: Jumpluff|81/100
|-damage|p1a: Jumpluff|61/100
|-damage|p1a: Jumpluff|42/100
|-damage|p1a: Jumpluff|21/100
|-hitcount|p1a: Jumpluff|4
|-unboost|p2a: Dragonite|def|1
|-boost|p2a: Dragonite|spe|1
|move|p1a: Jumpluff|Sleep Powder|p2b: Ursaluna
|-status|p2b: Ursaluna|slp|[from] move: Sleep Powder
|move|p1b: Garchomp|Dragon Claw|p2a: Dragonite
|-immune|p2a: Dragonite
|cant|p2b: Ursaluna|slp
|
|upkeep
|turn|8
|
|t:|1755780560
|move|p2a: Dragonite|Scale Shot|p1a: Jumpluff|[miss]
|-miss|p2a: Dragonite|p1a: Jumpluff
|move|p1a: Jumpluff|Sleep Powder|p2a: Dragonite
|-status|p2a: Dragonite|slp|[from] move: Sleep Powder
|move|p1b: Garchomp|Stomping Tantrum|p2a: Dragonite
|-damage|p2a: Dragonite|0 fnt
|faint|p2a: Dragonite
|-damage|p1b: Garchomp|77/100|[from] item: Life Orb
|cant|p2b: Ursaluna|slp
|
|upkeep
|turn|9
|
|t:|1755780578
|move|p1a: Jumpluff|Leaf Storm|p2b: Ursaluna
|-supereffective|p2b: Ursaluna
|-damage|p2b: Ursaluna|62/100 slp
|-unboost|p1a: Jumpluff|spa|2
|move|p1b: Garchomp|Dragon Claw|p2b: Ursaluna
|-damage|p2b: Ursaluna|35/100 slp
|-damage|p1b: Garchomp|67/100|[from] item: Life Orb
|cant|p2b: Ursaluna|slp
|
|upkeep
|turn|10
|
|t:|1755780595
|move|p1a: Jumpluff|Leaf Storm|p2b: Ursaluna|[miss]
|-miss|p1a: Jumpluff|p2b: Ursaluna
|move|p1b: Garchomp|Dragon Claw|p2b: Ursaluna
|-damage|p2b: Ursaluna|6/100 slp
|-damage|p1b: Garchomp|57/100|[from] item: Life Orb
|-curestatus|p2b: Ursaluna|slp|[msg]
|move|p2b: Ursaluna|Hyper Voice|p1b: Garchomp|[spread] p1a,p1b
|-damage|p1a: Jumpluff|0 fnt
|-damage|p1b: Garchomp|16/100
|faint|p1a: Jumpluff
|
|upkeep
|turn|11
|
|t:|1755780614
|move|p2b: Ursaluna|Vacuum Wave|p1b: Garchomp
|-damage|p1b: Garchomp|0 fnt
|faint|p1b: Garchomp
|
|win|Slackermaru
|raw|Fedemitra9's rating: 1279 → 1260(-19 for losing)
|raw|Slackermaru's rating: 1357 → 1373(+16 for winning)
|l|☆Fedemitra9
|player|p1|
