|j|☆Irongiant9214
|j|☆godoftoasty
|html|Irongiant9214godoftoasty    
|uhtml|bestof|Game 1 of a best-of-3
|t:|1784690808
|gametype|doubles
|player|p1|Irongiant9214|101|1192
|player|p2|godoftoasty|102|1137
|gen|9
|tier|[Gen 9 Champions] VGC 2026 Reg M-B (Bo3)
|rated|
|rule|Species Clause: Limit one of each Pokémon
|rule|Item Clause: Limit 1 of each item
|clearpoke
|poke|p1|Charizard, L50, M, shiny|
|poke|p1|Garchomp, L50, M, shiny|
|poke|p1|Incineroar, L50, F, shiny|
|poke|p1|Venusaur, L50, F, shiny|
|poke|p1|Toxapex, L50, M|
|poke|p1|Sylveon, L50, M|
|poke|p2|Gengar, L50, M, shiny|
|poke|p2|Incineroar, L50, F|
|poke|p2|Garchomp, L50, F|
|poke|p2|Ninetales-Alola, L50, F|
|poke|p2|Blaziken, L50, F|
|poke|p2|Rotom-Wash, L50, shiny|
|teampreview|4
|showteam|p1|Charizard||CharizarditeY|SolarPower|WeatherBall,HeatWave,AncientPower,Protect|Modest||M|||50|]Garchomp||ChoiceScarf|RoughSkin|RockSlide,DragonClaw,Earthquake,StompingTantrum|Adamant||M|||50|]Incineroar||SitrusBerry|Intimidate|FlareBlitz,FakeOut,DarkestLariat,PartingShot|Impish||F|||50|]Venusaur||LifeOrb|Chlorophyll|SludgeBomb,LeafStorm,EarthPower,Protect|Modest||F|||50|]Toxapex||Leftovers|Regenerator|Infestation,Toxic,WideGuard,BanefulBunker|Bold||M|||50|]Sylveon||FairyFeather|Pixilate|HyperVoice,QuickAttack,Yawn,Detect|Modest||M|||50|
|showteam|p2|Gengar||Gengarite|CursedBody|ShadowBall,SludgeBomb,PerishSong,Protect|Timid||M|||50|]Incineroar||SitrusBerry|Intimidate|FakeOut,PartingShot,Protect,FlareBlitz|Impish||F|||50|]Garchomp||LifeOrb|RoughSkin|DragonClaw,StompingTantrum,RockSlide,Protect|Jolly||F|||50|]Ninetales-Alola||FocusSash|SnowWarning|Blizzard,Encore,Disable,Protect|Timid||F|||50|]Blaziken||Blazikenite|SpeedBoost|FlareBlitz,CloseCombat,KnockOff,Detect|Adamant||F|||50|]Rotom-Wash||Leftovers|Levitate|HydroPump,VoltSwitch,WillOWisp,Protect|Bold|||||50|
|
|t:|1784690866
|teamsize|p1|4
|teamsize|p2|4
|start
|switch|p1a: Charizard|Charizard, L50, M, shiny|100/100
|switch|p1b: Toxapex|Toxapex, L50, M|100/100
|switch|p2a: Incineroar|Incineroar, L50, F|100/100
|switch|p2b: Gengar|Gengar, L50, M, shiny|100/100
|-ability|p2a: Incineroar|Intimidate|boost
|-unboost|p1a: Charizard|atk|1
|-unboost|p1b: Toxapex|atk|1
|turn|1
|
|t:|1784690901
|switch|p1b: Garchomp|Garchomp, L50, M, shiny|100/100
|detailschange|p2b: Gengar|Gengar-Mega, L50, M, shiny
|-mega|p2b: Gengar|Gengar|Gengarite
|detailschange|p1a: Charizard|Charizard-Mega-Y, L50, M, shiny
|-mega|p1a: Charizard|Charizard|Charizardite Y
|-weather|SunnyDay|[from] ability: Drought|[of] p1a: Charizard
|move|p2a: Incineroar|Fake Out|p1a: Charizard
|-damage|p1a: Charizard|89/100
|move|p2b: Gengar|Perish Song|p2b: Gengar
|-start|p1a: Charizard|perish3|[silent]
|-start|p1b: Garchomp|perish3|[silent]
|-start|p2a: Incineroar|perish3|[silent]
|-start|p2b: Gengar|perish3|[silent]
|-fieldactivate|move: Perish Song
|cant|p1a: Charizard|flinch
|
|-weather|SunnyDay|[upkeep]
|-start|p1b: Garchomp|perish3
|-start|p2b: Gengar|perish3
|-start|p1a: Charizard|perish3
|-start|p2a: Incineroar|perish3
|upkeep
|turn|2
|
|t:|1784690926
|move|p2b: Gengar|Protect|p2b: Gengar
|-singleturn|p2b: Gengar|Protect
|move|p2a: Incineroar|Protect|p2a: Incineroar
|-singleturn|p2a: Incineroar|Protect
|move|p1b: Garchomp|Earthquake|p2a: Incineroar|[spread] 
|-activate|p2a: Incineroar|move: Protect
|-activate|p2b: Gengar|move: Protect
|-immune|p1a: Charizard
|move|p1a: Charizard|Heat Wave|p2b: Gengar|[spread] 
|-activate|p2a: Incineroar|move: Protect
|-activate|p2b: Gengar|move: Protect
|
|-weather|SunnyDay|[upkeep]
|-start|p1b: Garchomp|perish2
|-start|p2b: Gengar|perish2
|-start|p1a: Charizard|perish2
|-start|p2a: Incineroar|perish2
|upkeep
|turn|3
|
|t:|1784690957
|switch|p2b: Ninetales|Ninetales-Alola, L50, F|100/100
|-weather|Snowscape|[from] ability: Snow Warning|[of] p2b: Ninetales
|move|p1b: Garchomp|Earthquake|p2a: Incineroar|[spread] p2a,p2b
|-immune|p1a: Charizard
|-supereffective|p2a: Incineroar|1
|-damage|p2a: Incineroar|34/100
|-damage|p2b: Ninetales|63/100
|-enditem|p2a: Incineroar|Sitrus Berry|[eat]
|-heal|p2a: Incineroar|59/100|[from] item: Sitrus Berry
|move|p1a: Charizard|Weather Ball|p2b: Ninetales
|-resisted|p2b: Ninetales|1
|-crit|p2b: Ninetales
|-damage|p2b: Ninetales|35/100
|move|p2a: Incineroar|Parting Shot|p1b: Garchomp
|-unboost|p1b: Garchomp|atk|1
|-unboost|p1b: Garchomp|spa|1
|
|t:|1784690974
|switch|p2a: Gengar|Gengar-Mega, L50, M, shiny|100/100|[from] Parting Shot
|
|-weather|Snowscape|[upkeep]
|-start|p1b: Garchomp|perish1
|-start|p1a: Charizard|perish1
|upkeep
|turn|4
|
|t:|1784690995
|move|p2a: Gengar|Protect|p2a: Gengar
|-singleturn|p2a: Gengar|Protect
|move|p2b: Ninetales|Protect|p2b: Ninetales
|-singleturn|p2b: Ninetales|Protect
|move|p1b: Garchomp|Earthquake|p2a: Gengar|[spread] 
|-activate|p2a: Gengar|move: Protect
|-activate|p2b: Ninetales|move: Protect
|-immune|p1a: Charizard
|move|p1a: Charizard|Heat Wave|p2b: Ninetales|[spread] 
|-activate|p2a: Gengar|move: Protect
|-activate|p2b: Ninetales|move: Protect
|
|-weather|Snowscape|[upkeep]
|-start|p1b: Garchomp|perish0
|-start|p1a: Charizard|perish0
|faint|p1b: Garchomp
|faint|p1a: Charizard
|upkeep
|
|t:|1784690997
|switch|p1b: Incineroar|Incineroar, L50, F, shiny|100/100
|switch|p1a: Toxapex|Toxapex, L50, M|100/100
|-ability|p1b: Incineroar|Intimidate|boost
|-unboost|p2a: Gengar|atk|1
|-unboost|p2b: Ninetales|atk|1
|turn|5
|
|t:|1784691012
|switch|p2b: Incineroar|Incineroar, L50, F|59/100
|-ability|p2b: Incineroar|Intimidate|boost
|-unboost|p1a: Toxapex|atk|1
|-unboost|p1b: Incineroar|atk|1
|move|p1b: Incineroar|Fake Out|p2b: Incineroar
|-damage|p2b: Incineroar|53/100
|move|p2a: Gengar|Perish Song|p2a: Gengar
|-start|p1a: Toxapex|perish3|[silent]
|-start|p1b: Incineroar|perish3|[silent]
|-start|p2a: Gengar|perish3|[silent]
|-start|p2b: Incineroar|perish3|[silent]
|-fieldactivate|move: Perish Song
|move|p1a: Toxapex|Infestation|p2a: Gengar
|-resisted|p2a: Gengar|2
|-damage|p2a: Gengar|99/100
|-activate|p2a: Gengar|move: Infestation|[of] p1a: Toxapex
|
|-weather|Snowscape|[upkeep]
|-damage|p2a: Gengar|87/100|[from] move: Infestation|[partiallytrapped]
|-start|p2a: Gengar|perish3
|-start|p2b: Incineroar|perish3
|-start|p1b: Incineroar|perish3
|-start|p1a: Toxapex|perish3
|upkeep
|turn|6
|
|t:|1784691026
|switch|p2a: Ninetales|Ninetales-Alola, L50, F|35/100
|move|p2b: Incineroar|Fake Out|p1a: Toxapex
|-damage|p1a: Toxapex|92/100
|move|p1b: Incineroar|Darkest Lariat|p2a: Ninetales
|-resisted|p2a: Ninetales|1
|-damage|p2a: Ninetales|25/100
|cant|p1a: Toxapex|flinch
|
|-weather|Snowscape|[upkeep]
|-heal|p1a: Toxapex|98/100|[from] item: Leftovers
|-start|p1b: Incineroar|perish2
|-start|p2b: Incineroar|perish2
|-start|p1a: Toxapex|perish2
|upkeep
|turn|7
|
|t:|1784691042
|switch|p2b: Gengar|Gengar-Mega, L50, M, shiny|87/100
|move|p2a: Ninetales|Disable|p1a: Toxapex
|-start|p1a: Toxapex|Disable|Infestation
|move|p1b: Incineroar|Flare Blitz|p2a: Ninetales
|-supereffective|p2a: Ninetales|1
|-damage|p2a: Ninetales|0 fnt
|faint|p2a: Ninetales
|-damage|p1b: Incineroar|93/100|[from] Recoil
|cant|p1a: Toxapex|Disable|Infestation
|
|-weather|none
|-heal|p1a: Toxapex|100/100|[from] item: Leftovers
|-start|p1b: Incineroar|perish1
|-start|p1a: Toxapex|perish1
|upkeep
|
|t:|1784691045
|switch|p2a: Incineroar|Incineroar, L50, F|53/100
|-ability|p2a: Incineroar|Intimidate|boost
|-unboost|p1a: Toxapex|atk|1
|-unboost|p1b: Incineroar|atk|1
|turn|8
|-message|Irongiant9214 forfeited.
|
|win|godoftoasty
||Irongiant9214 is ready for game 2.
||godoftoasty is ready for game 2.
|uhtml|next|Next: Game 2 of 3
|l|☆godoftoasty
|player|p2|
