|j|☆TheRealKenKaniff
|j|☆Andrewx98
|html|TheRealKenKaniffAndrewx98    
|uhtml|bestof|Game 1 of a best-of-3
|t:|1757914637
|gametype|doubles
|player|p1|TheRealKenKaniff|cynthia|1117
|player|p2|Andrewx98|youngster-gen4dp|1062
|gen|9
|tier|[Gen 9] VGC 2025 Reg H (Bo3)
|rated|
|rule|Species Clause: Limit one of each Pokémon
|rule|Item Clause: Limit 1 of each item
|clearpoke
|poke|p1|Sneasler, L50, M|
|poke|p1|Indeedee, L50, M|
|poke|p1|Volcarona, L50, M|
|poke|p1|Ursaluna-Bloodmoon, L50, M|
|poke|p1|Annihilape, L50, M|
|poke|p1|Tyranitar, L50, M|
|poke|p2|Slowking, L50, F|
|poke|p2|Toxicroak, L50, F|
|poke|p2|Kingdra, L50, M|
|poke|p2|Malamar, L50, F|
|poke|p2|Pelipper, L50, M|
|poke|p2|Ursaluna, L50, M|
|teampreview|4
|showteam|p1|Sneasler||PsychicSeed|Unburden|CloseCombat,DireClaw,ThroatChop,Protect|||M|||50|,,,,,Dark]Indeedee||ChoiceScarf|PsychicSurge|ExpandingForce,TeraBlast,Trick,Protect|||M|||50|,,,,,Psychic]Volcarona||SitrusBerry|FlameBody|Overheat,StruggleBug,RagePowder,Tailwind|||M|||50|,,,,,Grass]Ursaluna-Bloodmoon||LifeOrb|MindsEye|BloodMoon,HyperVoice,EarthPower,Protect|||M|||50|,,,,,Normal]Annihilape||SafetyGoggles|Defiant|CloseCombat,RageFist,Taunt,FinalGambit|||M|||50|,,,,,Fairy]Tyranitar||AssaultVest|SandStream|RockSlide,KnockOff,TeraBlast,LowKick|||M|||50|,,,,,Flying
|showteam|p2|Slowking||RockyHelmet|Oblivious|Surf,TrickRoom,ExpandingForce,Protect|||F|||50|,,,,,Grass]Toxicroak||ClearAmulet|DrySkin|PoisonJab,CloseCombat,FakeOut,SuckerPunch|||F|||50|,,,,,Dark]Kingdra||ChoiceSpecs|SwiftSwim|TeraBlast,FlipTurn,WeatherBall,DracoMeteor|||M|||50|,,,,,Fairy]Malamar||MentalHerb|Contrary|KnockOff,Superpower,TrickRoom,Taunt|||F|||50|,,,,,Fighting]Pelipper||SafetyGoggles|Drizzle|WideGuard,Hurricane,RainDance,WeatherBall|||M|||50|,,,,,Water]Ursaluna||FlameOrb|Guts|HeadlongRush,Earthquake,Protect,Facade|||M|||50|,,,,,Ghost
|inactive|Battle timer is ON: inactive players will automatically lose when time's up. (requested by TheRealKenKaniff)
|inactive|TheRealKenKaniff has 60 seconds left.
|inactive|Andrewx98 has 60 seconds left.
|
|t:|1757914676
|teamsize|p1|4
|teamsize|p2|4
|start
|switch|p1a: Volcarona|Volcarona, L50, M|100/100
|switch|p1b: Tyranitar|Tyranitar, L50, M|100/100
|switch|p2a: Slowking|Slowking, L50, F|100/100
|switch|p2b: Toxicroak|Toxicroak, L50, F|100/100
|-weather|Sandstorm|[from] ability: Sand Stream|[of] p1b: Tyranitar
|turn|1
|inactive|TheRealKenKaniff has 30 seconds left.
|inactive|Andrewx98 has 30 seconds left.
|inactive|Andrewx98 has 20 seconds left.
|
|t:|1757914713
|switch|p1a: Indeedee|Indeedee, L50, M|100/100
|-fieldstart|move: Psychic Terrain|[from] ability: Psychic Surge|[of] p1a: Indeedee
|-terastallize|p1b: Tyranitar|Flying
|move|p2b: Toxicroak|Fake Out|p1b: Tyranitar
|-hint|Psychic Terrain doesn't affect Pokémon immune to Ground.
|-damage|p1b: Tyranitar|89/100
|cant|p1b: Tyranitar|flinch
|move|p2a: Slowking|Trick Room|p2a: Slowking
|-fieldstart|move: Trick Room|[of] p2a: Slowking
|
|-weather|Sandstorm|[upkeep]
|-damage|p2a: Slowking|95/100|[from] Sandstorm
|-damage|p2b: Toxicroak|95/100|[from] Sandstorm
|-damage|p1b: Tyranitar|84/100|[from] Sandstorm
|-damage|p1a: Indeedee|95/100|[from] Sandstorm
|upkeep
|turn|2
|inactive|Andrewx98 has 30 seconds left.
|inactive|Andrewx98 has 20 seconds left.
|inactive|Andrewx98 has 15 seconds left.
|inactive|Andrewx98 has 10 seconds left.
|inactive|Andrewx98 has 5 seconds left.
|
|t:|1757914766
|switch|p2a: Pelipper|Pelipper, L50, M|100/100
|-weather|RainDance|[from] ability: Drizzle|[of] p2a: Pelipper
|move|p2b: Toxicroak|Close Combat|p1a: Indeedee
|-crit|p1a: Indeedee
|-damage|p1a: Indeedee|0 fnt
|-unboost|p2b: Toxicroak|def|1
|-unboost|p2b: Toxicroak|spd|1
|faint|p1a: Indeedee
|move|p1b: Tyranitar|Tera Blast|p2b: Toxicroak|[anim] Tera Blast Flying
|-supereffective|p2b: Toxicroak
|-damage|p2b: Toxicroak|0 fnt
|faint|p2b: Toxicroak
|
|-weather|RainDance|[upkeep]
|upkeep
|
|t:|1757914784
|switch|p2b: Ursaluna|Ursaluna, L50, M|100/100
|switch|p1a: Volcarona|Volcarona, L50, M|100/100
|turn|3
|
|t:|1757914807
|move|p2b: Ursaluna|Protect|p2b: Ursaluna
|-singleturn|p2b: Ursaluna|Protect
|move|p1a: Volcarona|Rage Powder|p1a: Volcarona
|-singleturn|p1a: Volcarona|move: Rage Powder
|move|p2a: Pelipper|Weather Ball|p1a: Volcarona
|-supereffective|p1a: Volcarona
|-damage|p1a: Volcarona|0 fnt
|faint|p1a: Volcarona
|move|p1b: Tyranitar|Knock Off|p2a: Pelipper
|-damage|p2a: Pelipper|43/100
|-enditem|p2a: Pelipper|Safety Goggles|[from] move: Knock Off|[of] p1b: Tyranitar
|
|-weather|RainDance|[upkeep]
|-status|p2b: Ursaluna|brn|[from] item: Flame Orb
|upkeep
|
|t:|1757914814
|switch|p1a: Sneasler|Sneasler, L50, M|100/100
|-enditem|p1a: Sneasler|Psychic Seed
|-boost|p1a: Sneasler|spd|1|[from] item: Psychic Seed
|turn|4
|inactive|TheRealKenKaniff has 30 seconds left.
|
|t:|1757914846
|move|p2b: Ursaluna|Facade|p1b: Tyranitar
|-crit|p1b: Tyranitar
|-damage|p1b: Tyranitar|0 fnt
|faint|p1b: Tyranitar
|move|p2a: Pelipper|Hurricane|p1a: Sneasler
|-supereffective|p1a: Sneasler
|-damage|p1a: Sneasler|30/100
|move|p1a: Sneasler|Throat Chop|p2b: Ursaluna
|-damage|p2b: Ursaluna|79/100 brn
|-start|p2b: Ursaluna|Throat Chop|[silent]
|
|-weather|RainDance|[upkeep]
|-damage|p2b: Ursaluna|73/100 brn|[from] brn
|upkeep
|turn|5
|
|t:|1757914863
|move|p1a: Sneasler|Protect|p1a: Sneasler
|-singleturn|p1a: Sneasler|Protect
|move|p2b: Ursaluna|Earthquake|p1a: Sneasler|[spread] 
|-activate|p1a: Sneasler|move: Protect
|-immune|p2a: Pelipper
|move|p2a: Pelipper|Hurricane|p1a: Sneasler
|-activate|p1a: Sneasler|move: Protect
|
|-weather|RainDance|[upkeep]
|-damage|p2b: Ursaluna|68/100 brn|[from] brn
|-end|p2b: Ursaluna|Throat Chop|[silent]
|-fieldend|move: Trick Room
|-fieldend|move: Psychic Terrain
|upkeep
|turn|6
|
|t:|1757914880
|-terastallize|p2b: Ursaluna|Ghost
|move|p1a: Sneasler|Protect||[still]
|-fail|p1a: Sneasler
|move|p2a: Pelipper|Hurricane|p1a: Sneasler
|-supereffective|p1a: Sneasler
|-damage|p1a: Sneasler|0 fnt
|faint|p1a: Sneasler
|
|win|Andrewx98
|inactive|TheRealKenKaniff has 30 seconds to confirm battle start!
|inactive|Andrewx98 has 30 seconds to confirm battle start!
||TheRealKenKaniff is ready for game 2.
|inactive|Andrewx98 has 20 seconds to confirm battle start!
||Andrewx98 is ready for game 2.
|uhtml|next|Next: Game 2 of 3
