|j|☆PaniniWeenie
|j|☆fsucia
|html|PaniniWeeniefsucia    
|uhtml|bestof|Game 1 of a best-of-3
|t:|1756229525
|gametype|doubles
|player|p1|PaniniWeenie|170|1349
|player|p2|fsucia|266|1351
|gen|9
|tier|[Gen 9] VGC 2025 Reg H (Bo3)
|rated|
|rule|Species Clause: Limit one of each Pokémon
|rule|Item Clause: Limit 1 of each item
|clearpoke
|poke|p1|Sneasler, L50, M|
|poke|p1|Volcarona, L50, F|
|poke|p1|Dragonite, L50, F|
|poke|p1|Rillaboom, L50, F|
|poke|p1|Electabuzz, L50, M|
|poke|p1|Kingambit, L50, M|
|poke|p2|Incineroar, L50, F|
|poke|p2|Dragonite, L50, M|
|poke|p2|Amoonguss, L50, M|
|poke|p2|Gholdengo, L50|
|poke|p2|Ursaluna, L50, M|
|poke|p2|Annihilape, L50, F|
|teampreview|4
|showteam|p1|Sneasler||FocusSash|Unburden|DireClaw,CloseCombat,FakeOut,Coaching|||M|||50|,,,,,Ghost]Volcarona||Leftovers|FlameBody|HeatWave,QuiverDance,Protect,TeraBlast|||F|||50|,,,,,Fairy]Dragonite||LoadedDice|Multiscale|ScaleShot,ExtremeSpeed,Haze,Protect|||F|||50|,,,,,Steel]Rillaboom||AssaultVest|GrassySurge|WoodHammer,GrassyGlide,HighHorsepower,FakeOut|||F|||50|,,,,,Fire]Electabuzz||Eviolite|VitalSpirit|FollowMe,Thunderbolt,Taunt,Protect|||M|||50|,,,,,Fairy]Kingambit||BlackGlasses|Defiant|KowtowCleave,SuckerPunch,SwordsDance,Protect|||M|||50|,,,,,Dark
|showteam|p2|Incineroar||SafetyGoggles|Intimidate|FakeOut,KnockOff,FlareBlitz,PartingShot|||F|||50|,,,,,Water]Dragonite||LoadedDice|Multiscale|Protect,Tailwind,Haze,ScaleShot|||M|||50|,,,,,Steel]Amoonguss||SitrusBerry|Regenerator|RagePowder,Spore,PollenPuff,Protect|||M|||50|,,,,,Water]Gholdengo||LifeOrb|GoodasGold|Protect,NastyPlot,ShadowBall,MakeItRain||||||50|,,,,,Water]Ursaluna||FlameOrb|Guts|Protect,HeadlongRush,Earthquake,Facade|||M|||50|,,,,,Ghost]Annihilape||FocusSash|Defiant|Taunt,RageFist,Protect,CloseCombat|||F|||50|,,,,,Fire
|inactive|Battle timer is ON: inactive players will automatically lose when time's up. (requested by PaniniWeenie)
|
|t:|1756229569
|teamsize|p1|4
|teamsize|p2|4
|start
|switch|p1a: Sneasler|Sneasler, L50, M|100/100
|switch|p1b: Kingambit|Kingambit, L50, M|100/100
|switch|p2a: Dragonite|Dragonite, L50, M|100/100
|switch|p2b: Ursaluna|Ursaluna, L50, M|100/100
|turn|1
|
|t:|1756229579
|-terastallize|p1b: Kingambit|Dark
|move|p2b: Ursaluna|Protect|p2b: Ursaluna
|-singleturn|p2b: Ursaluna|Protect
|move|p1a: Sneasler|Fake Out|p2a: Dragonite
|-damage|p2a: Dragonite|93/100
|cant|p2a: Dragonite|flinch
|move|p1b: Kingambit|Swords Dance|p1b: Kingambit
|-boost|p1b: Kingambit|atk|2
|
|-status|p2b: Ursaluna|brn|[from] item: Flame Orb
|upkeep
|turn|2
|inactive|PaniniWeenie has 30 seconds left.
|inactive|fsucia has 30 seconds left.
|
|t:|1756229609
|switch|p2b: Annihilape|Annihilape, L50, F|100/100
|move|p1b: Kingambit|Sucker Punch||[still]
|-fail|p1b: Kingambit
|move|p1a: Sneasler|Dire Claw|p2a: Dragonite
|-damage|p2a: Dragonite|45/100
|move|p2a: Dragonite|Scale Shot|p1a: Sneasler
|-damage|p1a: Sneasler|75/100
|-damage|p1a: Sneasler|48/100
|-damage|p1a: Sneasler|25/100
|-crit|p1a: Sneasler
|-damage|p1a: Sneasler|0 fnt
|faint|p1a: Sneasler
|-hitcount|p1: Sneasler|4
|-unboost|p2a: Dragonite|def|1
|-boost|p2a: Dragonite|spe|1
|
|upkeep
|
|t:|1756229627
|switch|p1a: Volcarona|Volcarona, L50, F|100/100
|turn|3
|
|t:|1756229637
|move|p1b: Kingambit|Sucker Punch||[still]
|-fail|p1b: Kingambit
|move|p2a: Dragonite|Haze|p2a: Dragonite
|-clearallboost
|move|p1a: Volcarona|Quiver Dance|p1a: Volcarona
|-boost|p1a: Volcarona|spa|1
|-boost|p1a: Volcarona|spd|1
|-boost|p1a: Volcarona|spe|1
|move|p2b: Annihilape|Taunt|p1a: Volcarona
|-start|p1a: Volcarona|move: Taunt
|
|upkeep
|turn|4
|inactive|PaniniWeenie has 30 seconds left.
|
|t:|1756229667
|move|p1b: Kingambit|Sucker Punch||[still]
|-fail|p1b: Kingambit
|move|p1a: Volcarona|Heat Wave|p2b: Annihilape|[spread] p2a,p2b
|-resisted|p2a: Dragonite
|-damage|p2a: Dragonite|19/100
|-damage|p2b: Annihilape|47/100
|move|p2b: Annihilape|Taunt|p1b: Kingambit
|-start|p1b: Kingambit|move: Taunt
|move|p2a: Dragonite|Tailwind|p2a: Dragonite
|-sidestart|p2: fsucia|move: Tailwind
|
|upkeep
|turn|5
|
|t:|1756229684
|move|p1b: Kingambit|Sucker Punch|p2b: Annihilape
|-damage|p2b: Annihilape|0 fnt
|faint|p2b: Annihilape
|move|p2a: Dragonite|Scale Shot|p1a: Volcarona
|-damage|p1a: Volcarona|80/100
|-damage|p1a: Volcarona|62/100
|-damage|p1a: Volcarona|45/100
|-damage|p1a: Volcarona|28/100
|-damage|p1a: Volcarona|10/100
|-hitcount|p1a: Volcarona|5
|-unboost|p2a: Dragonite|def|1
|-boost|p2a: Dragonite|spe|1
|move|p1a: Volcarona|Heat Wave|p2a: Dragonite|[miss]
|-miss|p1a: Volcarona|p2a: Dragonite
|
|-heal|p1a: Volcarona|17/100|[from] item: Leftovers
|upkeep
|
|t:|1756229698
|switch|p2b: Ursaluna|Ursaluna, L50, M|100/100 brn
|turn|6
|
|t:|1756229710
|switch|p1a: Rillaboom|Rillaboom, L50, F|100/100
|-fieldstart|move: Grassy Terrain|[from] ability: Grassy Surge|[of] p1a: Rillaboom
|move|p1b: Kingambit|Sucker Punch|p2b: Ursaluna
|-damage|p2b: Ursaluna|47/100 brn
|move|p2a: Dragonite|Scale Shot|p1b: Kingambit
|-damage|p1b: Kingambit|89/100
|-damage|p1b: Kingambit|78/100
|-damage|p1b: Kingambit|68/100
|-damage|p1b: Kingambit|57/100
|-damage|p1b: Kingambit|45/100
|-hitcount|p1b: Kingambit|5
|-unboost|p2a: Dragonite|def|1
|-boost|p2a: Dragonite|spe|1
|move|p2b: Ursaluna|Earthquake|p1a: Rillaboom|[spread] p1a,p1b
|-immune|p2a: Dragonite
|-resisted|p1a: Rillaboom
|-damage|p1a: Rillaboom|84/100
|-damage|p1b: Kingambit|22/100
|
|-heal|p2b: Ursaluna|53/100 brn|[from] Grassy Terrain
|-heal|p1a: Rillaboom|91/100|[from] Grassy Terrain
|-heal|p1b: Kingambit|28/100|[from] Grassy Terrain
|-damage|p2b: Ursaluna|47/100 brn|[from] brn
|upkeep
|turn|7
|inactive|PaniniWeenie has 30 seconds left.
|
|t:|1756229740
|switch|p2a: Gholdengo|Gholdengo, L50|100/100
|move|p2b: Ursaluna|Protect|p2b: Ursaluna
|-singleturn|p2b: Ursaluna|Protect
|move|p1a: Rillaboom|Grassy Glide|p2a: Gholdengo
|-resisted|p2a: Gholdengo
|-damage|p2a: Gholdengo|82/100
|move|p1b: Kingambit|Sucker Punch||[still]
|-fail|p1b: Kingambit
|
|-heal|p2a: Gholdengo|88/100|[from] Grassy Terrain
|-heal|p2b: Ursaluna|53/100 brn|[from] Grassy Terrain
|-heal|p1a: Rillaboom|97/100|[from] Grassy Terrain
|-heal|p1b: Kingambit|33/100|[from] Grassy Terrain
|-damage|p2b: Ursaluna|47/100 brn|[from] brn
|-end|p1b: Kingambit|move: Taunt
|-sideend|p2: fsucia|move: Tailwind
|upkeep
|turn|8
|inactive|fsucia has 30 seconds left.
|
|t:|1756229772
|move|p1b: Kingambit|Protect|p1b: Kingambit
|-singleturn|p1b: Kingambit|Protect
|move|p2a: Gholdengo|Make It Rain|p1b: Kingambit|[spread] p1a
|-activate|p1b: Kingambit|move: Protect
|-damage|p1a: Rillaboom|52/100
|-unboost|p2a: Gholdengo|spa|1
|-damage|p2a: Gholdengo|78/100|[from] item: Life Orb
|move|p1a: Rillaboom|High Horsepower|p2a: Gholdengo
|-supereffective|p2a: Gholdengo
|-damage|p2a: Gholdengo|8/100
|move|p2b: Ursaluna|Facade|p1a: Rillaboom
|-damage|p1a: Rillaboom|0 fnt
|faint|p1a: Rillaboom
|
|-heal|p2a: Gholdengo|14/100|[from] Grassy Terrain
|-heal|p2b: Ursaluna|53/100 brn|[from] Grassy Terrain
|-heal|p1b: Kingambit|39/100|[from] Grassy Terrain
|-damage|p2b: Ursaluna|47/100 brn|[from] brn
|upkeep
|
|t:|1756229786
|switch|p1a: Volcarona|Volcarona, L50, F|17/100
|turn|9
|
|t:|1756229798
|move|p2a: Gholdengo|Protect|p2a: Gholdengo
|-singleturn|p2a: Gholdengo|Protect
|move|p1b: Kingambit|Sucker Punch|p2b: Ursaluna
|-damage|p2b: Ursaluna|0 fnt
|faint|p2b: Ursaluna
|move|p1a: Volcarona|Heat Wave|p2a: Gholdengo
|-activate|p2a: Gholdengo|move: Protect
|
|-heal|p2a: Gholdengo|20/100|[from] Grassy Terrain
|-heal|p1a: Volcarona|23/100|[from] Grassy Terrain
|-heal|p1a: Volcarona|29/100|[from] item: Leftovers
|-heal|p1b: Kingambit|45/100|[from] Grassy Terrain
|upkeep
|
|t:|1756229802
|switch|p2b: Dragonite|Dragonite, L50, M|19/100
|turn|10
|
|t:|1756229817
|-terastallize|p2a: Gholdengo|Water
|move|p1b: Kingambit|Sucker Punch|p2a: Gholdengo
|-damage|p2a: Gholdengo|0 fnt
|faint|p2a: Gholdengo
|move|p1a: Volcarona|Tera Blast|p2b: Dragonite
|-damage|p2b: Dragonite|0 fnt
|faint|p2b: Dragonite
|
|win|PaniniWeenie
