|j|☆Frisk Azzy
|j|☆LittleSunLight
|html|Frisk AzzyLittleSunLight    
|uhtml|bestof|Game 1 of a best-of-3
|t:|1783892799
|gametype|doubles
|player|p1|Frisk Azzy|riley|
|player|p2|LittleSunLight|beauty|
|gen|9
|tier|[Gen 9 Champions] VGC 2026 Reg M-B (Bo3)
|rule|Species Clause: Limit one of each Pokémon
|rule|Item Clause: Limit 1 of each item
|clearpoke
|poke|p1|Charizard, L50, M, shiny|
|poke|p1|Venusaur, L50, M|
|poke|p1|Whimsicott, L50, M|
|poke|p1|Luxray, L50, M, shiny|
|poke|p1|Aegislash, L50, M|
|poke|p1|Garchomp, L50, F, shiny|
|poke|p2|Dragonite, L50, F, shiny|
|poke|p2|Froslass, L50, F|
|poke|p2|Sneasler, L50, M|
|poke|p2|Arcanine-Hisui, L50, M|
|poke|p2|Basculegion, L50, M|
|poke|p2|Kingambit, L50, F|
|teampreview|4
|showteam|p1|Charizard||CharizarditeY|SolarPower|HeatWave,Protect,SolarBeam,AirSlash|Timid||M|||50|]Venusaur||LifeOrb|Chlorophyll|GigaDrain,SludgeBomb,Protect,EarthPower|Modest||M|||50|]Whimsicott||FocusSash|Prankster|Moonblast,Tailwind,Taunt,SunnyDay|Timid||M|||50|]Luxray||SitrusBerry|Intimidate|Crunch,WildCharge,Protect,VoltSwitch|Sassy||M|||50|]Aegislash||SpellTag|StanceChange|IronHead,KingsShield,WideGuard,ShadowSneak|Adamant||M|||50|]Garchomp||YacheBerry|RoughSkin|DragonClaw,Protect,Earthquake,RockSlide|Jolly||F|||50|
|showteam|p2|Dragonite||Dragoninite|Multiscale|Protect,Tailwind,DragonPulse,Flamethrower|Modest||F|||50|]Froslass||Froslassite|CursedBody|Protect,Blizzard,ShadowBall,AuroraVeil|Timid||F|||50|]Sneasler||WhiteHerb|Unburden|Protect,CloseCombat,DireClaw,FakeOut|Jolly||M|||50|]Arcanine-Hisui||FocusSash|RockHead|FlareBlitz,HeadSmash,RockSlide,ExtremeSpeed|Jolly||M|||50|]Basculegion||LifeOrb|Adaptability|Protect,WaveCrash,AquaJet,LastRespects|Adamant||M|||50|]Kingambit||ChopleBerry|Defiant|Protect,KowtowCleave,IronHead,SuckerPunch|Adamant||F|||50|
|c|☆Frisk Azzy|Glhf
|c|☆LittleSunLight|glhf
|inactive|Battle timer is ON: inactive players will automatically lose when time's up. (requested by LittleSunLight)
|
|t:|1783892869
|teamsize|p1|4
|teamsize|p2|4
|start
|switch|p1a: Bow|Garchomp, L50, F, shiny|100/100
|switch|p1b: Dr While|Whimsicott, L50, M|100/100
|switch|p2a: Helix!|Dragonite, L50, F, shiny|100/100
|switch|p2b: Mochi|Sneasler, L50, M|100/100
|turn|1
|
|t:|1783892892
|move|p1a: Bow|Protect|p1a: Bow
|-singleturn|p1a: Bow|Protect
|move|p2b: Mochi|Fake Out|p1a: Bow
|-activate|p1a: Bow|move: Protect
|move|p1b: Dr While|Taunt|p2a: Helix!
|-start|p2a: Helix!|move: Taunt
|cant|p2a: Helix!|move: Taunt|Tailwind
|
|upkeep
|turn|2
|inactive|LittleSunLight has 30 seconds left.
|
|t:|1783892925
|switch|p1a: Hexcalibern|Aegislash, L50, M|100/100
|move|p2b: Mochi|Dire Claw|p1b: Dr While
|-supereffective|p1b: Dr While|2
|-enditem|p1b: Dr While|Focus Sash
|-damage|p1b: Dr While|1/100
|-status|p1b: Dr While|psn
|move|p1b: Dr While|Moonblast|p2a: Helix!
|-supereffective|p2a: Helix!|1
|-damage|p2a: Helix!|67/100
|move|p2a: Helix!|Dragon Pulse|p1a: Hexcalibern
|-resisted|p1a: Hexcalibern|1
|-damage|p1a: Hexcalibern|86/100
|
|-damage|p1b: Dr While|0 fnt|[from] psn
|faint|p1b: Dr While
|upkeep
|
|t:|1783892944
|switch|p1b: Bow|Garchomp, L50, F, shiny|100/100
|turn|3
|inactive|LittleSunLight has 30 seconds left.
|inactive|LittleSunLight has 20 seconds left.
|inactive|LittleSunLight has 15 seconds left.
|inactive|LittleSunLight has 10 seconds left.
|inactive|LittleSunLight has 5 seconds left.
|
|t:|1783892997
|move|p1a: Hexcalibern|King's Shield|p1a: Hexcalibern
|-singleturn|p1a: Hexcalibern|Protect
|move|p2b: Mochi|Close Combat|p1b: Bow
|-damage|p1b: Bow|39/100
|-unboost|p2b: Mochi|def|1
|-unboost|p2b: Mochi|spd|1
|-damage|p2b: Mochi|87/100|[from] ability: Rough Skin|[of] p1b: Bow
|-enditem|p2b: Mochi|White Herb
|-clearnegativeboost|p2b: Mochi|[silent]
|move|p1b: Bow|Dragon Claw|p2a: Helix!
|-supereffective|p2a: Helix!|1
|-damage|p2a: Helix!|0 fnt
|faint|p2a: Helix!
|
|upkeep
|
|t:|1783893021
|switch|p2a: Elssssa|Froslass, L50, F|100/100
|turn|4
|
|t:|1783893045
|switch|p1b: Dragonoid|Charizard, L50, M, shiny|100/100
|detailschange|p2a: Elssssa|Froslass-Mega, L50, F
|-mega|p2a: Elssssa|Froslass|Froslassite
|-weather|Snowscape|[from] ability: Snow Warning|[of] p2a: Elssssa
|-formechange|p1a: Hexcalibern|Aegislash-Blade|
|move|p1a: Hexcalibern|Shadow Sneak|p2a: Elssssa
|-supereffective|p2a: Elssssa|1
|-damage|p2a: Elssssa|42/100
|move|p2b: Mochi|Close Combat|p1b: Dragonoid
|-resisted|p1b: Dragonoid|1
|-damage|p1b: Dragonoid|56/100
|-unboost|p2b: Mochi|def|1
|-unboost|p2b: Mochi|spd|1
|move|p2a: Elssssa|Shadow Ball|p1a: Hexcalibern
|-supereffective|p1a: Hexcalibern|1
|-damage|p1a: Hexcalibern|0 fnt
|faint|p1a: Hexcalibern
|
|-weather|Snowscape|[upkeep]
|upkeep
|
|t:|1783893050
|switch|p1a: Bow|Garchomp, L50, F, shiny|39/100
|turn|5
|inactive|LittleSunLight has 30 seconds left.
|inactive|LittleSunLight has 20 seconds left.
|inactive|LittleSunLight has 15 seconds left.
|
|t:|1783893093
|detailschange|p1b: Dragonoid|Charizard-Mega-Y, L50, M, shiny
|-mega|p1b: Dragonoid|Charizard|Charizardite Y
|-weather|SunnyDay|[from] ability: Drought|[of] p1b: Dragonoid
|move|p1a: Bow|Protect|p1a: Bow
|-singleturn|p1a: Bow|Protect
|move|p2b: Mochi|Close Combat|p1b: Dragonoid
|-resisted|p1b: Dragonoid|1
|-damage|p1b: Dragonoid|7/100
|-unboost|p2b: Mochi|def|1
|-unboost|p2b: Mochi|spd|1
|move|p2a: Elssssa|Shadow Ball|p1a: Bow
|-activate|p1a: Bow|move: Protect
|move|p1b: Dragonoid|Heat Wave|p2a: Elssssa|[spread] p2a
|-miss|p1b: Dragonoid|p2b: Mochi
|-supereffective|p2a: Elssssa|1
|-damage|p2a: Elssssa|0 fnt
|faint|p2a: Elssssa
|
|-weather|SunnyDay|[upkeep]
|upkeep
|
|t:|1783893111
|switch|p2a: Frisk|Arcanine-Hisui, L50, M|100/100
|turn|6
|inactive|LittleSunLight has 30 seconds left.
|inactive|LittleSunLight has 20 seconds left.
|
|t:|1783893147
|move|p1b: Dragonoid|Protect|p1b: Dragonoid
|-singleturn|p1b: Dragonoid|Protect
|move|p2a: Frisk|Extreme Speed|p1b: Dragonoid
|-activate|p1b: Dragonoid|move: Protect
|move|p2b: Mochi|Close Combat|p1a: Bow
|-damage|p1a: Bow|0 fnt
|-unboost|p2b: Mochi|def|1
|-unboost|p2b: Mochi|spd|1
|-damage|p2b: Mochi|75/100|[from] ability: Rough Skin|[of] p1a: Bow
|faint|p1a: Bow
|
|-weather|SunnyDay|[upkeep]
|upkeep
|turn|7
|
|t:|1783893166
|move|p2a: Frisk|Extreme Speed|p1b: Dragonoid
|-damage|p1b: Dragonoid|0 fnt
|faint|p1b: Dragonoid
|
|win|LittleSunLight
|c|☆Frisk Azzy|Ggwp
|inactive|Frisk Azzy has 30 seconds to confirm battle start!
|inactive|LittleSunLight has 30 seconds to confirm battle start!
