|j|☆flaminanmol
|j|☆dele123
|html|flaminanmoldele123    
|uhtml|bestof|Game 1 of a best-of-3
|t:|1783690884
|gametype|doubles
|player|p1|flaminanmol|red|1144
|player|p2|dele123|1|1129
|gen|9
|tier|[Gen 9 Champions] VGC 2026 Reg M-B (Bo3)
|rated|
|rule|Species Clause: Limit one of each Pokémon
|rule|Item Clause: Limit 1 of each item
|clearpoke
|poke|p1|Sneasler, L50, F|
|poke|p1|Whimsicott, L50, F|
|poke|p1|Incineroar, L50, F|
|poke|p1|Staraptor, L50, M|
|poke|p1|Garchomp, L50, M|
|poke|p1|Farigiraf, L50, M|
|poke|p2|Scolipede, L50, M|
|poke|p2|Raichu, L50, M|
|poke|p2|Ceruledge, L50, M|
|poke|p2|Milotic, L50, M|
|poke|p2|Sinistcha, L50|
|poke|p2|Weavile, L50, F|
|teampreview|4
|showteam|p1|Sneasler||FocusSash|Unburden|DireClaw,CloseCombat,FakeOut,Protect|Adamant||F|||50|]Whimsicott||MentalHerb|Prankster|Tailwind,Protect,Moonblast,Charm|Timid||F|||50|]Incineroar||SitrusBerry|Intimidate|FakeOut,FlareBlitz,DarkestLariat,PartingShot|Brave||F|||50|]Staraptor||Staraptite|Intimidate|CloseCombat,BraveBird,Protect,Roost|Adamant||M|||50|]Garchomp||ChoiceScarf|RoughSkin|DragonClaw,Earthquake,Outrage,RockSlide|Adamant||M|||50|]Farigiraf||SilkScarf|ArmorTail|HyperVoice,TrickRoom,HelpingHand,Protect|Quiet||M|||50|
|showteam|p2|Scolipede||Scolipite|SpeedBoost|LeechLife,PoisonJab,SwordsDance,Protect|Jolly||M|||50|]Raichu||RaichuniteY|LightningRod|ZapCannon,FakeOut,FocusBlast,Protect|Timid||M|||50|]Ceruledge||ColburBerry|FlashFire|BitterBlade,ShadowSneak,BulkUp,Protect|Adamant||M|||50|]Milotic||Leftovers|Competitive|Coil,MuddyWater,Protect,Hypnosis|Calm||M|||50|]Sinistcha||KasibBerry|Hospitality|MatchaGotcha,LifeDew,Protect,RagePowder|Relaxed|||||50|]Weavile||FocusSash|Pickpocket|KnockOff,TripleAxel,LowKick,FakeOut|Jolly||F|||50|
|inactive|Battle timer is ON: inactive players will automatically lose when time's up. (requested by dele123)
|
|t:|1783690981
|teamsize|p1|4
|teamsize|p2|4
|start
|switch|p1a: Whimsicott|Whimsicott, L50, F|100/100
|switch|p1b: Staraptor|Staraptor, L50, M|100/100
|switch|p2a: Weavile|Weavile, L50, F|100/100
|switch|p2b: Raichu|Raichu, L50, M|100/100
|-ability|p1b: Staraptor|Intimidate|boost
|-unboost|p2a: Weavile|atk|1
|-unboost|p2b: Raichu|atk|1
|turn|1
|
|t:|1783691004
|detailschange|p2b: Raichu|Raichu-Mega-Y, L50, M
|-mega|p2b: Raichu|Raichu|Raichunite Y
|detailschange|p1b: Staraptor|Staraptor-Mega, L50, M
|-mega|p1b: Staraptor|Staraptor|Staraptite
|move|p1a: Whimsicott|Protect|p1a: Whimsicott
|-singleturn|p1a: Whimsicott|Protect
|move|p1b: Staraptor|Protect|p1b: Staraptor
|-singleturn|p1b: Staraptor|Protect
|move|p2a: Weavile|Triple Axel|p1a: Whimsicott
|-activate|p1a: Whimsicott|move: Protect
|move|p2b: Raichu|Zap Cannon|p1b: Staraptor
|-activate|p1b: Staraptor|move: Protect
|
|upkeep
|turn|2
|
|t:|1783691023
|move|p1a: Whimsicott|Charm|p1b: Staraptor
|-boost|p1b: Staraptor|atk|2
|move|p2a: Weavile|Triple Axel|p1a: Whimsicott
|-supereffective|p1a: Whimsicott|1
|-damage|p1a: Whimsicott|80/100
|-supereffective|p1a: Whimsicott|1
|-damage|p1a: Whimsicott|36/100
|-supereffective|p1a: Whimsicott|1
|-damage|p1a: Whimsicott|0 fnt
|faint|p1a: Whimsicott
|-hitcount|p1: Whimsicott|3
|move|p2b: Raichu|Zap Cannon|p1b: Staraptor
|-supereffective|p1b: Staraptor|1
|-damage|p1b: Staraptor|0 fnt
|faint|p1b: Staraptor
|
|upkeep
|inactive|flaminanmol has 30 seconds left.
|
|t:|1783691050
|switch|p1a: Garchomp|Garchomp, L50, M|100/100
|switch|p1b: Sneasler|Sneasler, L50, F|100/100
|turn|3
|
|t:|1783691072
|switch|p2a: Milotic|Milotic, L50, M|100/100
|move|p2b: Raichu|Protect|p2b: Raichu
|-singleturn|p2b: Raichu|Protect
|move|p1b: Sneasler|Fake Out|p2a: Milotic
|-damage|p2a: Milotic|85/100
|move|p1a: Garchomp|Earthquake|p2b: Raichu|[spread] p1b,p2a
|-activate|p2b: Raichu|move: Protect
|-supereffective|p1b: Sneasler|1
|-enditem|p1b: Sneasler|Focus Sash
|-damage|p1b: Sneasler|1/100
|-damage|p2a: Milotic|43/100
|
|-heal|p2a: Milotic|49/100|[from] item: Leftovers
|upkeep
|turn|4
|inactive|dele123 has 30 seconds left.
|
|t:|1783691101
|switch|p2b: Weavile|Weavile, L50, F|100/100
|move|p1b: Sneasler|Protect|p1b: Sneasler
|-singleturn|p1b: Sneasler|Protect
|move|p2a: Milotic|Protect|p2a: Milotic
|-singleturn|p2a: Milotic|Protect
|move|p1a: Garchomp|Earthquake|p2a: Milotic|[spread] p2b
|-activate|p1b: Sneasler|move: Protect
|-activate|p2a: Milotic|move: Protect
|-damage|p2b: Weavile|24/100
|
|-heal|p2a: Milotic|55/100|[from] item: Leftovers
|upkeep
|turn|5
|
|t:|1783691121
|move|p2b: Weavile|Fake Out|p1b: Sneasler
|-damage|p1b: Sneasler|0 fnt
|faint|p1b: Sneasler
|move|p1a: Garchomp|Earthquake|p2b: Weavile|[spread] p2a,p2b
|-damage|p2a: Milotic|12/100
|-damage|p2b: Weavile|0 fnt
|faint|p2b: Weavile
|move|p2a: Milotic|Coil|p2a: Milotic
|-boost|p2a: Milotic|atk|1
|-boost|p2a: Milotic|def|1
|-boost|p2a: Milotic|accuracy|1
|
|-heal|p2a: Milotic|18/100|[from] item: Leftovers
|upkeep
|
|t:|1783691131
|switch|p2b: Ceruledge|Ceruledge, L50, M|100/100
|turn|6
|
|t:|1783691139
|move|p2a: Milotic|Protect|p2a: Milotic
|-singleturn|p2a: Milotic|Protect
|move|p1a: Garchomp|Earthquake|p2b: Ceruledge|[spread] p2b
|-activate|p2a: Milotic|move: Protect
|-supereffective|p2b: Ceruledge|1
|-damage|p2b: Ceruledge|6/100
|move|p2b: Ceruledge|Bulk Up|p2b: Ceruledge
|-boost|p2b: Ceruledge|atk|1
|-boost|p2b: Ceruledge|def|1
|
|-heal|p2a: Milotic|24/100|[from] item: Leftovers
|upkeep
|turn|7
|inactive|dele123 has 30 seconds left.
|inactive|dele123 has 20 seconds left.
|inactive|dele123 has 15 seconds left.
|
|t:|1783691180
|move|p2a: Milotic|Protect||[still]
|-fail|p2a: Milotic
|move|p1a: Garchomp|Earthquake|p2b: Ceruledge|[spread] p2a,p2b
|-crit|p2a: Milotic
|-supereffective|p2b: Ceruledge|1
|-damage|p2a: Milotic|0 fnt
|-damage|p2b: Ceruledge|0 fnt
|faint|p2a: Milotic
|faint|p2b: Ceruledge
|
|upkeep
|
|t:|1783691187
|switch|p2b: Raichu|Raichu-Mega-Y, L50, M|100/100
|turn|8
|
|t:|1783691192
|move|p2b: Raichu|Fake Out|p1a: Garchomp
|-crit|p1a: Garchomp
|-damage|p1a: Garchomp|85/100
|-damage|p2b: Raichu|88/100|[from] ability: Rough Skin|[of] p1a: Garchomp
|cant|p1a: Garchomp|flinch
|
|upkeep
|turn|9
|
|t:|1783691200
|move|p1a: Garchomp|Earthquake|p2b: Raichu
|-supereffective|p2b: Raichu|1
|-damage|p2b: Raichu|0 fnt
|faint|p2b: Raichu
|
|win|flaminanmol
||dele123 is ready for game 2.
|l|☆dele123
|player|p2|
