|j|☆marcel72
|j|☆sorecruiser
|html|marcel72sorecruiser    
|uhtml|bestof|Game 2 of a best-of-3
|t:|1756486867
|gametype|doubles
|player|p1|marcel72|170|1085
|player|p2|sorecruiser|furisodegirl-black|1000
|gen|9
|tier|[Gen 9] VGC 2025 Reg H (Bo3)
|rated|
|rule|Species Clause: Limit one of each Pokémon
|rule|Item Clause: Limit 1 of each item
|clearpoke
|poke|p1|Ursaluna, L50, M|
|poke|p1|Vivillon-Polar, L50, F|
|poke|p1|Porygon2, L50|
|poke|p1|Annihilape, L50, F|
|poke|p1|Tinkaton, L50, F|
|poke|p1|Dragonite, L50, M|
|poke|p2|Whimsicott, L50, F|
|poke|p2|Primarina, L50, M|
|poke|p2|Sneasler, L50, M|
|poke|p2|Indeedee, L50, M|
|poke|p2|Ursaluna-Bloodmoon, L50, M|
|poke|p2|Arcanine-Hisui, L50, M|
|teampreview|4
|showteam|p1|Ursaluna||FlameOrb|Guts|Facade,Earthquake,HeadlongRush,Protect|||M|||50|,,,,,Ghost]Vivillon-Polar||FocusSash|CompoundEyes|Hurricane,SleepPowder,RagePowder,Tailwind|||F|||50|,,,,,Ghost]Porygon2||Eviolite|Download|TeraBlast,IceBeam,Recover,TrickRoom||||||50|,,,,,Fighting]Annihilape||ChestoBerry|Defiant|DrainPunch,RageFist,BulkUp,Protect|||F|||50|,,,,,Fire]Tinkaton||AssaultVest|OwnTempo|FakeOut,GigatonHammer,PlayRough,KnockOff|||F|||50|,,,,,Water]Dragonite||LoadedDice|InnerFocus|ScaleShot,Tailwind,IceSpinner,Protect|||M|||50|,,,,,Fairy
|showteam|p2|Whimsicott||CovertCloak|Prankster|Tailwind,Encore,SunnyDay,Moonblast|||F|||50|,,,,,Water]Primarina||SitrusBerry|LiquidVoice|HyperVoice,Moonblast,Haze,Protect|||M|||50|,,,,,Poison]Sneasler||PsychicSeed|Unburden|DireClaw,CloseCombat,ThroatChop,Protect|||M|||50|,,,,,Dark]Indeedee||FocusSash|PsychicSurge|ExpandingForce,TeraBlast,Protect,TrickRoom|||M|||50|,,,,,Fighting]Ursaluna-Bloodmoon||LifeOrb|MindsEye|BloodMoon,EarthPower,HyperVoice,Protect|||M|||50|,,,,,Normal]Arcanine-Hisui||ChoiceBand|Intimidate|FlareBlitz,ExtremeSpeed,CloseCombat,RockSlide|||M|||50|,,,,,Grass
|inactive|Battle timer is ON: inactive players will automatically lose when time's up. (requested by sorecruiser)
|
|t:|1756486924
|teamsize|p1|4
|teamsize|p2|4
|start
|switch|p1a: Porygon2|Porygon2, L50, shiny|100/100
|switch|p1b: Vivillon|Vivillon-Polar, L50, F, shiny|100/100
|switch|p2a: Sneasler|Sneasler, L50, M|100/100
|switch|p2b: Indeedee|Indeedee, L50, M|100/100
|-fieldstart|move: Psychic Terrain|[from] ability: Psychic Surge|[of] p2b: Indeedee
|-enditem|p2a: Sneasler|Psychic Seed
|-boost|p2a: Sneasler|spd|1|[from] item: Psychic Seed
|-ability|p1a: Porygon2|Download|boost
|-boost|p1a: Porygon2|atk|1
|turn|1
|inactive|marcel72 has 30 seconds left.
|inactive|sorecruiser has 30 seconds left.
|inactive|marcel72 has 20 seconds left.
|inactive|marcel72 has 15 seconds left.
|
|t:|1756486965
|move|p1b: Vivillon|Rage Powder|p1b: Vivillon
|-singleturn|p1b: Vivillon|move: Rage Powder
|move|p2a: Sneasler|Dire Claw|p1b: Vivillon
|-damage|p1b: Vivillon|15/100
|move|p2b: Indeedee|Trick Room|p2b: Indeedee
|-fieldstart|move: Trick Room|[of] p2b: Indeedee
|move|p1a: Porygon2|Trick Room|p1a: Porygon2
|-fieldend|move: Trick Room
|
|upkeep
|turn|2
|inactive|sorecruiser has 30 seconds left.
|inactive|marcel72 has 30 seconds left.
|inactive|sorecruiser has 20 seconds left.
|inactive|sorecruiser has 15 seconds left.
|inactive|sorecruiser has 10 seconds left.
|
|t:|1756487012
|-terastallize|p2b: Indeedee|Fighting
|move|p2a: Sneasler|Close Combat|p1a: Porygon2
|-supereffective|p1a: Porygon2
|-damage|p1a: Porygon2|21/100
|-unboost|p2a: Sneasler|def|1
|-unboost|p2a: Sneasler|spd|1
|move|p2b: Indeedee|Tera Blast|p1a: Porygon2|[anim] Tera Blast Fighting
|-supereffective|p1a: Porygon2
|-damage|p1a: Porygon2|0 fnt
|faint|p1a: Porygon2
|move|p1b: Vivillon|Sleep Powder|p2b: Indeedee
|-status|p2b: Indeedee|slp|[from] move: Sleep Powder
|
|upkeep
|
|t:|1756487029
|switch|p1a: Ursaluna|Ursaluna, L50, M|100/100
|turn|3
|
|t:|1756487052
|move|p1b: Vivillon|Rage Powder|p1b: Vivillon
|-singleturn|p1b: Vivillon|move: Rage Powder
|move|p2a: Sneasler|Dire Claw|p1b: Vivillon
|-damage|p1b: Vivillon|0 fnt
|faint|p1b: Vivillon
|cant|p2b: Indeedee|slp
|move|p1a: Ursaluna|Earthquake|p2a: Sneasler|[spread] p2a,p2b
|-supereffective|p2a: Sneasler
|-crit|p2a: Sneasler
|-damage|p2a: Sneasler|0 fnt
|-damage|p2b: Indeedee|13/100 slp
|faint|p2a: Sneasler
|
|-status|p1a: Ursaluna|brn|[from] item: Flame Orb
|upkeep
|
|t:|1756487064
|switch|p2a: Primarina|Primarina, L50, M|100/100
|switch|p1b: Annihilape|Annihilape, L50, F|100/100
|turn|4
|inactive|marcel72 has 30 seconds left.
|
|t:|1756487096
|-terastallize|p1a: Ursaluna|Ghost
|move|p1b: Annihilape|Protect|p1b: Annihilape
|-singleturn|p1b: Annihilape|Protect
|move|p2a: Primarina|Protect|p2a: Primarina
|-singleturn|p2a: Primarina|Protect
|cant|p2b: Indeedee|slp
|move|p1a: Ursaluna|Facade|p2a: Primarina
|-activate|p2a: Primarina|move: Protect
|
|-damage|p1a: Ursaluna|94/100 brn|[from] brn
|upkeep
|turn|5
|inactive|marcel72 has 30 seconds left.
|inactive|marcel72 has 20 seconds left.
|
|t:|1756487134
|-curestatus|p2b: Indeedee|slp|[msg]
|move|p2b: Indeedee|Expanding Force|p1a: Ursaluna|[spread] p1a,p1b
|-supereffective|p1b: Annihilape
|-damage|p1a: Ursaluna|45/100 brn
|-damage|p1b: Annihilape|14/100
|move|p1b: Annihilape|Rage Fist|p2a: Primarina
|-damage|p2a: Primarina|53/100
|move|p2a: Primarina|Moonblast|p1b: Annihilape
|-supereffective|p1b: Annihilape
|-damage|p1b: Annihilape|0 fnt
|faint|p1b: Annihilape
|move|p1a: Ursaluna|Facade|p2a: Primarina
|-damage|p2a: Primarina|0 fnt
|faint|p2a: Primarina
|
|-damage|p1a: Ursaluna|39/100 brn|[from] brn
|-fieldend|move: Psychic Terrain
|upkeep
|
|t:|1756487147
|switch|p2a: Ursaluna|Ursaluna-Bloodmoon, L50, M|100/100
|turn|6
|
|t:|1756487155
|move|p2b: Indeedee|Expanding Force|p1a: Ursaluna
|-damage|p1a: Ursaluna|6/100 brn
|move|p2a: Ursaluna|Blood Moon|p1a: Ursaluna
|-damage|p1a: Ursaluna|0 fnt
|faint|p1a: Ursaluna
|-damage|p2a: Ursaluna|91/100|[from] item: Life Orb
|
|win|sorecruiser
||marcel72 is ready for game 3.
||marcel72 is ready for game 3.
||marcel72 is ready for game 3.
|inactive|sorecruiser has 29 seconds to confirm battle start!
||sorecruiser is ready for game 3.
|uhtml|next|Next: Game 3 of 3
