|j|☆30YrOldOPMEnjoyer
|j|☆jaymoo
|html|30YrOldOPMEnjoyerjaymoo    
|uhtml|bestof|Game 3 of a best-of-3
|t:|1783906832
|gametype|doubles
|player|p1|30YrOldOPMEnjoyer|101|
|player|p2|jaymoo|schoolkid-gen4|
|gen|9
|tier|[Gen 9 Champions] VGC 2026 Reg M-B (Bo3)
|rule|Species Clause: Limit one of each Pokémon
|rule|Item Clause: Limit 1 of each item
|clearpoke
|poke|p1|Tyranitar, L50, M|
|poke|p1|Excadrill, L50, M|
|poke|p1|Garchomp, L50, F|
|poke|p1|Sableye, L50, F|
|poke|p1|Glimmora, L50, F|
|poke|p1|Hydreigon, L50, F|
|poke|p2|Froslass, L50, F|
|poke|p2|Scrafty, L50, M|
|poke|p2|Azumarill, L50, F|
|poke|p2|Scovillain, L50, M|
|poke|p2|Rotom-Wash, L50|
|poke|p2|Sneasler, L50, M|
|teampreview|4
|showteam|p1|Tyranitar||Tyranitarite|SandStream|KnockOff,LowKick,Protect,RockTomb|Adamant||M|||50|]Excadrill||FocusSash|MoldBreaker|Earthquake,IronHead,RockSlide,Protect|Adamant||M|||50|]Garchomp||LifeOrb|SandVeil|DragonClaw,Earthquake,Protect,RockSlide|Jolly||F|||50|]Sableye||Leftovers|Prankster|Safeguard,FoulPlay,LightScreen,WillOWisp|Calm||F|||50|]Glimmora||Glimmoranite|ToxicDebris|PowerGem,SludgeBomb,SpikyShield,EarthPower|Timid||F|||50|]Hydreigon||ChoiceScarf|Levitate|DarkPulse,DracoMeteor,HeatWave,Snarl|Timid||F|||50|
|showteam|p2|Froslass||Froslassite|SnowCloak|Blizzard,ShadowBall,IceShard,Protect|Naive||F|||50|]Scrafty||SitrusBerry|Intimidate|FakeOut,DrainPunch,IcePunch,KnockOff|Adamant||M|||50|]Azumarill||LifeOrb|HugePower|Liquidation,PlayRough,IceSpinner,AquaJet|Adamant||F|||50|]Scovillain||Scovillainite|Insomnia|Flamethrower,GigaDrain,Protect,RagePowder|Bold||M|||50|]Rotom-Wash||ChoiceScarf|Levitate|HydroPump,Thunderbolt,Trick,WillOWisp|Modest|||||50|]Sneasler||ShucaBerry|Pressure|FakeOut,CloseCombat,DireClaw,Protect|Adamant||M|||50|
|inactive|Battle timer is ON: inactive players will automatically lose when time's up. (requested by 30YrOldOPMEnjoyer)
|inactive|jaymoo has 60 seconds left.
|
|t:|1783906982
|teamsize|p1|4
|teamsize|p2|4
|start
|switch|p1a: Tyranitar|Tyranitar, L50, M|100/100
|switch|p1b: Sableye|Sableye, L50, F|100/100
|switch|p2a: Rotom|Rotom-Wash, L50|100/100
|switch|p2b: Azumarill|Azumarill, L50, F|100/100
|-weather|Sandstorm|[from] ability: Sand Stream|[of] p1a: Tyranitar
|turn|1
|
|t:|1783907001
|switch|p2b: Scrafty|Scrafty, L50, M|100/100
|-ability|p2b: Scrafty|Intimidate|boost
|-unboost|p1a: Tyranitar|atk|1
|-unboost|p1b: Sableye|atk|1
|detailschange|p1a: Tyranitar|Tyranitar-Mega, L50, M
|-mega|p1a: Tyranitar|Tyranitar|Tyranitarite
|move|p1a: Tyranitar|Protect|p1a: Tyranitar
|-singleturn|p1a: Tyranitar|Protect
|move|p1b: Sableye|Will-O-Wisp|p2b: Scrafty
|-hint|Since gen 7, Dark is immune to Prankster moves.
|-immune|p2b: Scrafty
|move|p2a: Rotom|Trick|p1b: Sableye
|-activate|p2a: Rotom|move: Trick|[of] p1b: Sableye
|-item|p1b: Sableye|Choice Scarf|[from] move: Trick
|-item|p2a: Rotom|Leftovers|[from] move: Trick
|
|-weather|Sandstorm|[upkeep]
|-damage|p2a: Rotom|94/100|[from] Sandstorm
|-damage|p1b: Sableye|94/100|[from] Sandstorm
|-damage|p2b: Scrafty|94/100|[from] Sandstorm
|-heal|p2a: Rotom|100/100|[from] item: Leftovers
|upkeep
|turn|2
|inactive|30YrOldOPMEnjoyer has 30 seconds left.
|inactive|jaymoo has 30 seconds left.
|inactive|30YrOldOPMEnjoyer has 20 seconds left.
|inactive|30YrOldOPMEnjoyer has 15 seconds left.
|inactive|30YrOldOPMEnjoyer has 10 seconds left.
|
|t:|1783907050
|move|p1b: Sableye|Will-O-Wisp|p2a: Rotom
|-status|p2a: Rotom|brn
|move|p2a: Rotom|Will-O-Wisp|p1a: Tyranitar
|-status|p1a: Tyranitar|brn
|move|p1a: Tyranitar|Knock Off|p2b: Scrafty
|-resisted|p2b: Scrafty|2
|-damage|p2b: Scrafty|88/100
|-enditem|p2b: Scrafty|Sitrus Berry|[from] move: Knock Off|[of] p1a: Tyranitar
|move|p2b: Scrafty|Drain Punch|p1a: Tyranitar
|-supereffective|p1a: Tyranitar|2
|-damage|p1a: Tyranitar|11/100 brn
|-heal|p2b: Scrafty|100/100|[from] drain|[of] p1a: Tyranitar
|
|-weather|Sandstorm|[upkeep]
|-damage|p2a: Rotom|94/100 brn|[from] Sandstorm
|-damage|p1b: Sableye|88/100|[from] Sandstorm
|-damage|p2b: Scrafty|94/100|[from] Sandstorm
|-heal|p2a: Rotom|100/100 brn|[from] item: Leftovers
|-damage|p2a: Rotom|94/100 brn|[from] brn
|-damage|p1a: Tyranitar|5/100 brn|[from] brn
|upkeep
|turn|3
|
|t:|1783907073
|switch|p1b: Excadrill|Excadrill, L50, M|100/100
|-ability|p1b: Excadrill|Mold Breaker
|move|p1a: Tyranitar|Protect|p1a: Tyranitar
|-singleturn|p1a: Tyranitar|Protect
|move|p2a: Rotom|Hydro Pump|p1b: Excadrill|[miss]
|-miss|p2a: Rotom|p1b: Excadrill
|move|p2b: Scrafty|Knock Off|p1b: Excadrill
|-damage|p1b: Excadrill|40/100
|-enditem|p1b: Excadrill|Focus Sash|[from] move: Knock Off|[of] p2b: Scrafty
|
|-weather|Sandstorm|[upkeep]
|-damage|p2a: Rotom|88/100 brn|[from] Sandstorm
|-damage|p2b: Scrafty|88/100|[from] Sandstorm
|-heal|p2a: Rotom|94/100 brn|[from] item: Leftovers
|-damage|p2a: Rotom|88/100 brn|[from] brn
|-damage|p1a: Tyranitar|0 fnt|[from] brn
|faint|p1a: Tyranitar
|upkeep
|
|t:|1783907082
|switch|p1a: Hydreigon|Hydreigon, L50, F|100/100
|turn|4
|inactive|jaymoo has 30 seconds left.
|inactive|jaymoo has 20 seconds left.
|inactive|jaymoo has 15 seconds left.
|inactive|jaymoo has 10 seconds left.
|inactive|jaymoo has 5 seconds left.
|
|t:|1783907134
|move|p1a: Hydreigon|Draco Meteor|p2a: Rotom
|-damage|p2a: Rotom|15/100 brn
|-unboost|p1a: Hydreigon|spa|2
|move|p1b: Excadrill|Iron Head|p2b: Scrafty
|-damage|p2b: Scrafty|48/100
|move|p2a: Rotom|Hydro Pump|p1b: Excadrill
|-supereffective|p1b: Excadrill|1
|-damage|p1b: Excadrill|0 fnt
|faint|p1b: Excadrill
|move|p2b: Scrafty|Drain Punch|p1a: Hydreigon
|-supereffective|p1a: Hydreigon|1
|-damage|p1a: Hydreigon|18/100
|-heal|p2b: Scrafty|88/100|[from] drain|[of] p1a: Hydreigon
|
|-weather|Sandstorm|[upkeep]
|-damage|p1a: Hydreigon|12/100|[from] Sandstorm
|-damage|p2a: Rotom|10/100 brn|[from] Sandstorm
|-damage|p2b: Scrafty|82/100|[from] Sandstorm
|-heal|p2a: Rotom|15/100 brn|[from] item: Leftovers
|-damage|p2a: Rotom|10/100 brn|[from] brn
|upkeep
|
|t:|1783907142
|switch|p1b: Sableye|Sableye, L50, F|88/100
|turn|5
|c|☆30YrOldOPMEnjoyer|gg
|c|☆jaymoo|ggs!
|
|t:|1783907160
|move|p1a: Hydreigon|Draco Meteor|p2a: Rotom
|-damage|p2a: Rotom|0 fnt
|-unboost|p1a: Hydreigon|spa|2
|faint|p2a: Rotom
|move|p1b: Sableye|Foul Play|p2b: Scrafty
|-resisted|p2b: Scrafty|2
|-damage|p2b: Scrafty|73/100
|move|p2b: Scrafty|Drain Punch|p1a: Hydreigon
|-supereffective|p1a: Hydreigon|1
|-damage|p1a: Hydreigon|0 fnt
|-heal|p2b: Scrafty|80/100|[from] drain|[of] p1a: Hydreigon
|faint|p1a: Hydreigon
|
|-weather|none
|upkeep
|
|t:|1783907164
|switch|p2a: Froslass|Froslass, L50, F|100/100
|turn|6
|
|t:|1783907169
|detailschange|p2a: Froslass|Froslass-Mega, L50, F
|-mega|p2a: Froslass|Froslass|Froslassite
|-weather|Snowscape|[from] ability: Snow Warning|[of] p2a: Froslass
|move|p2a: Froslass|Blizzard|p1b: Sableye
|-damage|p1b: Sableye|28/100
|move|p1b: Sableye|Foul Play|p2a: Froslass
|-supereffective|p2a: Froslass|1
|-damage|p2a: Froslass|40/100
|move|p2b: Scrafty|Knock Off|p1b: Sableye
|-damage|p1b: Sableye|0 fnt
|-enditem|p1b: Sableye|Choice Scarf|[from] move: Knock Off|[of] p2b: Scrafty
|faint|p1b: Sableye
|
|win|jaymoo
|l|☆30YrOldOPMEnjoyer
|player|p1|
