|j|☆MR. HEROW
|j|☆Needels
|html|MR. HEROWNeedels    
|uhtml|bestof|Game 3 of a best-of-3
|t:|1756499552
|gametype|doubles
|player|p1|MR. HEROW|266|1000
|player|p2|Needels|eusine|1089
|gen|9
|tier|[Gen 9] VGC 2025 Reg H (Bo3)
|rated|
|rule|Species Clause: Limit one of each Pokémon
|rule|Item Clause: Limit 1 of each item
|clearpoke
|poke|p1|Indeedee-F, L50, F|
|poke|p1|Blastoise, L50, F|
|poke|p1|Garchomp, L50, F|
|poke|p1|Politoed, L50, F|
|poke|p1|Clefairy, L50, F|
|poke|p1|Dragapult, L50, M|
|poke|p2|Charizard, L50, M|
|poke|p2|Torkoal, L50, F|
|poke|p2|Porygon2, L50|
|poke|p2|Incineroar, L50, M|
|poke|p2|Jumpluff, L50, F|
|poke|p2|Ursaluna, L50, M|
|teampreview|4
|showteam|p1|Indeedee-F||MentalHerb|PsychicSurge|Psychic,FollowMe,Protect,HelpingHand|||F|||50|,,,,,Grass]Blastoise||WhiteHerb|RainDish|WaterSpout,Surf,Protect,ShellSmash|||F|||50|,,,,,Grass]Garchomp||ChoiceScarf|RoughSkin|DragonClaw,Earthquake,StompingTantrum,RockSlide|||F|||50|,,,,,Fire]Politoed||DampRock|Drizzle|PerishSong,Protect,IcyWind,WeatherBall|||F|||50|,,,,,Flying]Clefairy||Eviolite|FriendGuard|FollowMe,Protect,AfterYou,HealPulse|||F|||50|,,,,,Steel]Dragapult||ChoiceBand|Infiltrator|DragonDarts,Uturn,DragonClaw,PhantomForce|||M|||50|,,,,,Dragon
|showteam|p2|Charizard||ChoiceSpecs|SolarPower|HeatWave,Overheat,WeatherBall,DragonPulse|||M|||50|,,,,,Ghost]Torkoal||EjectPack|Drought|Eruption,Overheat,HelpingHand,Protect|||F|||50|,,,,,Fire]Porygon2||Eviolite|Download|TeraBlast,IceBeam,Recover,TrickRoom||||||50|,,,,,Fighting]Incineroar||SitrusBerry|Intimidate|FlareBlitz,KnockOff,FakeOut,PartingShot|||M|||50|,,,,,Ghost]Jumpluff||CovertCloak|Chlorophyll|SleepPowder,SunnyDay,RagePowder,Tailwind|||F|||50|,,,,,Water]Ursaluna||FlameOrb|Guts|HeadlongRush,Facade,Earthquake,Protect|||M|||50|,,,,,Ghost
|
|t:|1756499574
|teamsize|p1|4
|teamsize|p2|4
|start
|switch|p1a: Dragapult|Dragapult, L50, M|100/100
|switch|p1b: Clefairy|Clefairy, L50, F|100/100
|switch|p2a: Jumpluff|Jumpluff, L50, F, shiny|100/100
|switch|p2b: Charizard|Charizard, L50, M, shiny|100/100
|turn|1
|
|t:|1756499607
|switch|p2b: Porygon2|Porygon2, L50, shiny|100/100
|-ability|p2b: Porygon2|Download|boost
|-boost|p2b: Porygon2|atk|1
|-terastallize|p1a: Dragapult|Dragon
|move|p1b: Clefairy|Follow Me|p1b: Clefairy
|-singleturn|p1b: Clefairy|move: Follow Me
|move|p1a: Dragapult|Dragon Darts|p2b: Porygon2
|-damage|p2b: Porygon2|66/100
|-anim|p1a: Dragapult|Dragon Darts|p2a: Jumpluff
|-damage|p2a: Jumpluff|44/100
|move|p2a: Jumpluff|Tailwind|p2a: Jumpluff
|-sidestart|p2: Needels|move: Tailwind
|
|upkeep
|turn|2
|j| dunknut3
|l| dunknut3
|
|t:|1756499642
|switch|p2a: Ursaluna|Ursaluna, L50, M|100/100
|move|p1b: Clefairy|Follow Me|p1b: Clefairy
|-singleturn|p1b: Clefairy|move: Follow Me
|move|p1a: Dragapult|Dragon Darts|p2b: Porygon2
|-crit|p2b: Porygon2
|-damage|p2b: Porygon2|14/100
|-anim|p1a: Dragapult|Dragon Darts|p2a: Ursaluna
|-damage|p2a: Ursaluna|65/100
|move|p2b: Porygon2|Ice Beam|p1b: Clefairy
|-damage|p1b: Clefairy|78/100
|
|-status|p2a: Ursaluna|brn|[from] item: Flame Orb
|upkeep
|turn|3
|
|t:|1756499675
|move|p1b: Clefairy|Follow Me|p1b: Clefairy
|-singleturn|p1b: Clefairy|move: Follow Me
|move|p1a: Dragapult|Dragon Darts|p2b: Porygon2
|-damage|p2b: Porygon2|0 fnt
|-anim|p1a: Dragapult|Dragon Darts|p2a: Ursaluna
|-damage|p2a: Ursaluna|30/100 brn
|faint|p2b: Porygon2
|move|p2a: Ursaluna|Earthquake|p1b: Clefairy|[spread] p1a,p1b
|-damage|p1a: Dragapult|32/100
|-damage|p1b: Clefairy|16/100
|
|-damage|p2a: Ursaluna|24/100 brn|[from] brn
|upkeep
|
|t:|1756499686
|switch|p2b: Charizard|Charizard, L50, M, shiny|100/100
|turn|4
|inactive|Battle timer is ON: inactive players will automatically lose when time's up. (requested by MR. HEROW)
|
|t:|1756499707
|switch|p1a: Blastoise|Blastoise, L50, F|100/100
|switch|p2a: Jumpluff|Jumpluff, L50, F, shiny|44/100
|move|p1b: Clefairy|Protect|p1b: Clefairy
|-singleturn|p1b: Clefairy|Protect
|move|p2b: Charizard|Heat Wave|p1a: Blastoise|[spread] p1a
|-activate|p1b: Clefairy|move: Protect
|-resisted|p1a: Blastoise
|-damage|p1a: Blastoise|85/100
|
|-sideend|p2: Needels|move: Tailwind
|upkeep
|turn|5
|inactive|Needels has 30 seconds left.
|
|t:|1756499734
|-terastallize|p2b: Charizard|Ghost
|move|p1b: Clefairy|Follow Me|p1b: Clefairy
|-singleturn|p1b: Clefairy|move: Follow Me
|move|p2a: Jumpluff|Sunny Day|p2a: Jumpluff
|-weather|SunnyDay
|move|p2b: Charizard|Heat Wave|p1a: Blastoise|[spread] p1a,p1b
|-resisted|p1a: Blastoise
|-damage|p1a: Blastoise|48/100
|-damage|p1b: Clefairy|0 fnt
|faint|p1b: Clefairy
|move|p1a: Blastoise|Water Spout|p2a: Jumpluff|[spread] p2a,p2b
|-resisted|p2a: Jumpluff
|-damage|p2a: Jumpluff|39/100
|-damage|p2b: Charizard|86/100
|
|-weather|SunnyDay|[upkeep]
|-damage|p2b: Charizard|74/100|[from] ability: Solar Power|[of] p2b: Charizard
|upkeep
|
|t:|1756499751
|switch|p1b: Garchomp|Garchomp, L50, F|100/100
|turn|6
|
|t:|1756499772
|move|p2a: Jumpluff|Sleep Powder|p1b: Garchomp
|-status|p1b: Garchomp|slp|[from] move: Sleep Powder
|cant|p1b: Garchomp|slp
|move|p2b: Charizard|Heat Wave|p1b: Garchomp|[spread] p1a,p1b
|-resisted|p1a: Blastoise
|-resisted|p1b: Garchomp
|-damage|p1a: Blastoise|0 fnt
|-damage|p1b: Garchomp|44/100 slp
|faint|p1a: Blastoise
|
|-weather|SunnyDay|[upkeep]
|-damage|p2b: Charizard|61/100|[from] ability: Solar Power|[of] p2b: Charizard
|upkeep
|
|t:|1756499780
|switch|p1a: Dragapult|Dragapult, L50, M, tera:Dragon|32/100
|turn|7
|
|t:|1756499787
|move|p2a: Jumpluff|Tailwind|p2a: Jumpluff
|-sidestart|p2: Needels|move: Tailwind
|move|p2b: Charizard|Heat Wave|p1b: Garchomp|[spread] p1a,p1b
|-resisted|p1a: Dragapult
|-resisted|p1b: Garchomp
|-damage|p1a: Dragapult|0 fnt
|-damage|p1b: Garchomp|0 fnt
|faint|p1a: Dragapult
|faint|p1b: Garchomp
|
|win|Needels
|raw|MR. HEROW's rating: 1000 → 1000(+0 for losing)
|raw|Needels's rating: 1089 → 1109(+20 for winning)
|l|☆MR. HEROW
|player|p1|
