|j|☆Dah_tobster
|j|☆Sedrav
|html|Dah_tobsterSedrav    
|uhtml|bestof|Game 2 of a best-of-3
|t:|1756953762
|gametype|doubles
|player|p1|Dah_tobster|169|1056
|player|p2|Sedrav|265|1137
|gen|9
|tier|[Gen 9] VGC 2025 Reg H (Bo3)
|rated|
|rule|Species Clause: Limit one of each Pokémon
|rule|Item Clause: Limit 1 of each item
|clearpoke
|poke|p1|Grimmsnarl, L50, M|
|poke|p1|Dragonite, L50, M|
|poke|p1|Gholdengo, L50|
|poke|p1|Annihilape, L50, M|
|poke|p1|Maushold-Four, L50|
|poke|p1|Rillaboom, L50, F|
|poke|p2|Garchomp, L50, F|
|poke|p2|Talonflame, L50, F|
|poke|p2|Gholdengo, L50|
|poke|p2|Tyranitar, L50, M|
|poke|p2|Amoonguss, L50, M|
|poke|p2|Milotic, L50, F|
|teampreview|4
|showteam|p1|Grimmsnarl||LightClay|Prankster|SpiritBreak,Reflect,LightScreen,ThunderWave|||M|||50|,,,,,Steel]Dragonite||LoadedDice|Multiscale|ScaleShot,ExtremeSpeed,Tailwind,Protect|||M|||50|,,,,,Steel]Gholdengo||LifeOrb|GoodasGold|MakeItRain,NastyPlot,ShadowBall,Protect||||||50|,,,,,Water]Annihilape||Leftovers|Defiant|RageFist,DrainPunch,BulkUp,Protect|||M|||50|,,,,,Fire]Maushold-Four||FocusSash|FriendGuard|SuperFang,FollowMe,BeatUp,Protect||||||50|,,,,,Ghost]Rillaboom||AssaultVest|GrassySurge|FakeOut,WoodHammer,HighHorsepower,GrassyGlide|||F|||50|,,,,,Fire
|showteam|p2|Garchomp||LifeOrb|RoughSkin|DragonClaw,StompingTantrum,Earthquake,Protect|||F|||50|,,,,,Fairy]Talonflame||CovertCloak|GaleWings|BraveBird,Tailwind,WillOWisp,Taunt|||F|||50|,,,,,Grass]Gholdengo||MetalCoat|GoodasGold|MakeItRain,ShadowBall,NastyPlot,Protect||||||50|,,,,,Flying]Tyranitar||AssaultVest|SandStream|RockSlide,KnockOff,LowKick,TeraBlast|||M|||50|,,,,,Flying]Amoonguss||SitrusBerry|Regenerator|Spore,RagePowder,PollenPuff,Protect|||M|||50|,,,,,Water]Milotic||SafetyGoggles|Competitive|Scald,IcyWind,Haze,Protect|||F|||50|,,,,,Dragon
|inactive|Battle timer is ON: inactive players will automatically lose when time's up. (requested by Dah_tobster)
|inactive|Sedrav has 60 seconds left.
|
|t:|1756953796
|teamsize|p1|4
|teamsize|p2|4
|start
|switch|p1a: Annihilape|Annihilape, L50, M|100/100
|switch|p1b: Maushold|Maushold-Four, L50|100/100
|switch|p2a: Garchomp|Garchomp, L50, F|100/100
|switch|p2b: Talonflame|Talonflame, L50, F|100/100
|turn|1
|inactive|Dah_tobster has 30 seconds left.
|inactive|Sedrav has 30 seconds left.
|
|t:|1756953829
|-terastallize|p1a: Annihilape|Fire
|move|p2b: Talonflame|Tailwind|p2b: Talonflame
|-sidestart|p2: Sedrav|move: Tailwind
|move|p2a: Garchomp|Earthquake|p1b: Maushold|[spread] p1a,p1b
|-immune|p2b: Talonflame
|-supereffective|p1a: Annihilape
|-damage|p1a: Annihilape|24/100
|-damage|p1b: Maushold|26/100
|-damage|p2a: Garchomp|91/100|[from] item: Life Orb
|move|p1b: Maushold|Beat Up|p1a: Annihilape
|-damage|p1a: Annihilape|22/100
|-damage|p1a: Annihilape|20/100
|-damage|p1a: Annihilape|19/100
|-damage|p1a: Annihilape|17/100
|-hitcount|p1a: Annihilape|4
|move|p1a: Annihilape|Rage Fist|p2b: Talonflame
|-damage|p2b: Talonflame|0 fnt
|faint|p2b: Talonflame
|
|-heal|p1a: Annihilape|23/100|[from] item: Leftovers
|upkeep
|inactive|Sedrav has 30 seconds left.
|
|t:|1756953855
|switch|p2b: Tyranitar|Tyranitar, L50, M|100/100
|-weather|Sandstorm|[from] ability: Sand Stream|[of] p2b: Tyranitar
|turn|2
|inactive|Dah_tobster has 30 seconds left.
|inactive|Dah_tobster has 20 seconds left.
|
|t:|1756953894
|switch|p1a: Rillaboom|Rillaboom, L50, F|100/100
|-fieldstart|move: Grassy Terrain|[from] ability: Grassy Surge|[of] p1a: Rillaboom
|move|p1b: Maushold|Protect|p1b: Maushold
|-singleturn|p1b: Maushold|Protect
|move|p2a: Garchomp|Stomping Tantrum|p1a: Rillaboom
|-resisted|p1a: Rillaboom
|-damage|p1a: Rillaboom|82/100
|-damage|p2a: Garchomp|81/100|[from] item: Life Orb
|move|p2b: Tyranitar|Knock Off|p1b: Maushold
|-activate|p1b: Maushold|move: Protect
|
|-weather|Sandstorm|[upkeep]
|-damage|p1b: Maushold|20/100|[from] Sandstorm
|-damage|p1a: Rillaboom|76/100|[from] Sandstorm
|-heal|p2a: Garchomp|87/100|[from] Grassy Terrain
|-heal|p1b: Maushold|26/100|[from] Grassy Terrain
|-heal|p1a: Rillaboom|82/100|[from] Grassy Terrain
|upkeep
|turn|3
|inactive|Dah_tobster has 30 seconds left.
|inactive|Sedrav has 30 seconds left.
|inactive|Sedrav has 20 seconds left.
|inactive|Sedrav has 15 seconds left.
|inactive|Sedrav has 10 seconds left.
|inactive|Sedrav has 5 seconds left.
|
|t:|1756953945
|-terastallize|p2b: Tyranitar|Flying
|move|p1b: Maushold|Follow Me|p1b: Maushold
|-singleturn|p1b: Maushold|move: Follow Me
|move|p2a: Garchomp|Stomping Tantrum|p1b: Maushold
|-damage|p1b: Maushold|0 fnt
|faint|p1b: Maushold
|-damage|p2a: Garchomp|77/100|[from] item: Life Orb
|move|p2b: Tyranitar|Knock Off|p1a: Rillaboom
|-damage|p1a: Rillaboom|36/100
|-enditem|p1a: Rillaboom|Assault Vest|[from] move: Knock Off|[of] p2b: Tyranitar
|move|p1a: Rillaboom|Wood Hammer|p2a: Garchomp
|-damage|p2a: Garchomp|0 fnt
|-damage|p1a: Rillaboom|24/100|[from] ability: Rough Skin|[of] p2a: Garchomp
|faint|p2a: Garchomp
|-damage|p1a: Rillaboom|1/100|[from] Recoil
|
|-weather|Sandstorm|[upkeep]
|-damage|p2b: Tyranitar|95/100|[from] Sandstorm
|-damage|p1a: Rillaboom|0 fnt|[from] Sandstorm
|faint|p1a: Rillaboom
|upkeep
|
|t:|1756953966
|switch|p1b: Gholdengo|Gholdengo, L50|100/100
|switch|p2a: Gholdengo|Gholdengo, L50|100/100
|switch|p1a: Annihilape|Annihilape, L50, M, tera:Fire|23/100
|turn|4
|
|t:|1756953990
|move|p1b: Gholdengo|Protect|p1b: Gholdengo
|-singleturn|p1b: Gholdengo|Protect
|move|p1a: Annihilape|Protect|p1a: Annihilape
|-singleturn|p1a: Annihilape|Protect
|move|p2a: Gholdengo|Shadow Ball|p1a: Annihilape
|-activate|p1a: Annihilape|move: Protect
|move|p2b: Tyranitar|Knock Off|p1b: Gholdengo
|-activate|p1b: Gholdengo|move: Protect
|
|-weather|Sandstorm|[upkeep]
|-damage|p2b: Tyranitar|89/100|[from] Sandstorm
|-damage|p1a: Annihilape|17/100|[from] Sandstorm
|-heal|p1a: Annihilape|23/100|[from] Grassy Terrain
|-heal|p1a: Annihilape|29/100|[from] item: Leftovers
|-sideend|p2: Sedrav|move: Tailwind
|upkeep
|turn|5
|inactive|Dah_tobster has 30 seconds left.
|inactive|Sedrav has 30 seconds left.
|
|t:|1756954021
|move|p2a: Gholdengo|Shadow Ball|p1a: Annihilape
|-damage|p1a: Annihilape|0 fnt
|faint|p1a: Annihilape
|move|p1b: Gholdengo|Shadow Ball|p2a: Gholdengo
|-supereffective|p2a: Gholdengo
|-damage|p2a: Gholdengo|0 fnt
|faint|p2a: Gholdengo
|-damage|p1b: Gholdengo|91/100|[from] item: Life Orb
|move|p2b: Tyranitar|Knock Off|p1b: Gholdengo
|-supereffective|p1b: Gholdengo
|-damage|p1b: Gholdengo|1/100
|-enditem|p1b: Gholdengo|Life Orb|[from] move: Knock Off|[of] p2b: Tyranitar
|
|-weather|Sandstorm|[upkeep]
|-damage|p2b: Tyranitar|83/100|[from] Sandstorm
|-heal|p1b: Gholdengo|7/100|[from] Grassy Terrain
|upkeep
|turn|6
|
|t:|1756954038
|move|p1b: Gholdengo|Make It Rain|p2b: Tyranitar
|-damage|p2b: Tyranitar|47/100
|-unboost|p1b: Gholdengo|spa|1
|move|p2b: Tyranitar|Knock Off|p1b: Gholdengo
|-supereffective|p1b: Gholdengo
|-damage|p1b: Gholdengo|0 fnt
|faint|p1b: Gholdengo
|
|win|Sedrav
|raw|Dah_tobster's rating: 1056 → 1042(-14 for losing)
|raw|Sedrav's rating: 1137 → 1156(+19 for winning)
