|j|☆G3N13
|j|☆MarzipanTheFirst
|html|G3N13MarzipanTheFirst    
|uhtml|bestof|Game 1 of a best-of-3
|t:|1785080782
|gametype|doubles
|player|p1|G3N13|n|
|player|p2|MarzipanTheFirst|wallace|
|gen|9
|tier|[Gen 9 Champions] VGC 2026 Reg M-B (Bo3)
|rule|Species Clause: Limit one of each Pokémon
|rule|Item Clause: Limit 1 of each item
|clearpoke
|poke|p1|Hydreigon, L50, M|
|poke|p1|Ninetales-Alola, L50, F|
|poke|p1|Sinistcha, L50|
|poke|p1|Raichu, L50, M|
|poke|p1|Floette-Eternal, L50, F|
|poke|p1|Mamoswine, L50, M|
|poke|p2|Dragalge, L50, M|
|poke|p2|Mamoswine, L50, M|
|poke|p2|Aerodactyl, L50, M|
|poke|p2|Lopunny, L50, F|
|poke|p2|Kingambit, L50, F|
|poke|p2|Sinistcha-Masterpiece, L50|
|teampreview|4
|showteam|p1|Hydreigon||HabanBerry|Levitate|DracoMeteor,DarkPulse,Tailwind,Protect|Timid||M|||50|]Ninetales-Alola||FocusSash|SnowWarning|AuroraVeil,Blizzard,FreezeDry,Protect|Timid||F|||50|]Sinistcha||SitrusBerry|Hospitality|MatchaGotcha,RagePowder,TrickRoom,Protect|Relaxed|||||50|]Raichu||RaichuniteY|LightningRod|FakeOut,FocusBlast,ZapCannon,Protect|Hasty||M|||50|]Floette-Eternal||Floettite|FlowerVeil|DrainingKiss,DazzlingGleam,Protect,CalmMind|Timid||F|||50|]Mamoswine||LifeOrb|Oblivious|Earthquake,RockSlide,IcicleCrash,IceShard|Jolly||M|||50|
|showteam|p2|Dragalge||Dragalgite|Adaptability|DracoMeteor,FlipTurn,SludgeBomb,Protect|Modest||M|||50|]Mamoswine||LifeOrb|Oblivious|IceShard,HighHorsepower,IcicleCrash,Protect|Adamant||M|||50|]Aerodactyl||FocusSash|Unnerve|RockSlide,DualWingbeat,Tailwind,Protect|Jolly||M|||50|]Lopunny||Lopunnite|CuteCharm|CloseCombat,TripleAxel,Pounce,FakeOut|Jolly||F|||50|]Kingambit||BlackGlasses|Defiant|KowtowCleave,SuckerPunch,IronHead,Protect|Adamant||F|||50|]Sinistcha-Masterpiece||ColburBerry|Hospitality|MatchaGotcha,RagePowder,TrickRoom,Protect|Bold|||||50|
|c|☆MarzipanTheFirst|No protect on mamo is crazy
|
|t:|1785080820
|teamsize|p1|4
|teamsize|p2|4
|start
|switch|p1a: Hydreigon|Hydreigon, L50, M|100/100
|switch|p1b: Mamoswine|Mamoswine, L50, M|100/100
|switch|p2a: Aerodactyl|Aerodactyl, L50, M|100/100
|switch|p2b: Kingambit|Kingambit, L50, F|100/100
|-ability|p2a: Aerodactyl|Unnerve
|turn|1
|
|t:|1785080853
|move|p2b: Kingambit|Sucker Punch|p1b: Mamoswine
|-damage|p1b: Mamoswine|41/100
|move|p2a: Aerodactyl|Tailwind|p2a: Aerodactyl
|-sidestart|p2: MarzipanTheFirst|move: Tailwind
|move|p1a: Hydreigon|Tailwind|p1a: Hydreigon
|-sidestart|p1: G3N13|move: Tailwind
|move|p1b: Mamoswine|Earthquake|p2b: Kingambit|[spread] p2b
|-immune|p1a: Hydreigon|[from] ability: Levitate
|-immune|p2a: Aerodactyl
|-supereffective|p2b: Kingambit|1
|-damage|p2b: Kingambit|28/100
|-damage|p1b: Mamoswine|32/100|[from] item: Life Orb
|
|upkeep
|turn|2
|
|t:|1785080879
|switch|p2a: Mamoswine|Mamoswine, L50, M|100/100
|switch|p1b: Raichu|Raichu, L50, M|100/100
|move|p1a: Hydreigon|Dark Pulse|p2b: Kingambit
|-resisted|p2b: Kingambit|1
|-damage|p2b: Kingambit|7/100
|move|p2b: Kingambit|Iron Head|p1b: Raichu
|-resisted|p1b: Raichu|1
|-damage|p1b: Raichu|48/100
|
|upkeep
|turn|3
|
|t:|1785080905
|move|p2a: Mamoswine|Protect|p2a: Mamoswine
|-singleturn|p2a: Mamoswine|Protect
|move|p2b: Kingambit|Protect|p2b: Kingambit
|-singleturn|p2b: Kingambit|Protect
|move|p1b: Raichu|Fake Out|p2a: Mamoswine
|-activate|p2a: Mamoswine|move: Protect
|move|p1a: Hydreigon|Dark Pulse|p2b: Kingambit
|-activate|p2b: Kingambit|move: Protect
|
|upkeep
|turn|4
|
|t:|1785080929
|move|p1b: Raichu|Protect|p1b: Raichu
|-singleturn|p1b: Raichu|Protect
|move|p2a: Mamoswine|Ice Shard|p1b: Raichu
|-activate|p1b: Raichu|move: Protect
|move|p1a: Hydreigon|Draco Meteor|p2a: Mamoswine|[miss]
|-miss|p1a: Hydreigon|p2a: Mamoswine
|move|p2b: Kingambit|Iron Head|p1a: Hydreigon
|-damage|p1a: Hydreigon|46/100
|
|-sideend|p2: MarzipanTheFirst|move: Tailwind
|-sideend|p1: G3N13|move: Tailwind
|upkeep
|turn|5
|
|t:|1785080954
|switch|p1b: Ninetales|Ninetales-Alola, L50, F|100/100
|-weather|Snowscape|[from] ability: Snow Warning|[of] p1b: Ninetales
|move|p2a: Mamoswine|Ice Shard|p1a: Hydreigon
|-supereffective|p1a: Hydreigon|1
|-damage|p1a: Hydreigon|0 fnt
|faint|p1a: Hydreigon
|-damage|p2a: Mamoswine|90/100|[from] item: Life Orb
|move|p2b: Kingambit|Sucker Punch||[still]
|-fail|p2b: Kingambit
|
|-weather|Snowscape|[upkeep]
|upkeep
|
|t:|1785080963
|switch|p1a: Mamoswine|Mamoswine, L50, M|32/100
|turn|6
|
|t:|1785080977
|move|p2a: Mamoswine|Protect|p2a: Mamoswine
|-singleturn|p2a: Mamoswine|Protect
|move|p1a: Mamoswine|Ice Shard|p2b: Kingambit
|-resisted|p2b: Kingambit|1
|-damage|p2b: Kingambit|0 fnt
|faint|p2b: Kingambit
|-damage|p1a: Mamoswine|22/100|[from] item: Life Orb
|move|p1b: Ninetales|Blizzard|p2a: Mamoswine
|-activate|p2a: Mamoswine|move: Protect
|
|-weather|Snowscape|[upkeep]
|upkeep
|
|t:|1785080989
|switch|p2b: Dragalge|Dragalge, L50, M|100/100
|turn|7
|
|t:|1785080999
|move|p2a: Mamoswine|Ice Shard|p1a: Mamoswine
|-damage|p1a: Mamoswine|0 fnt
|faint|p1a: Mamoswine
|-damage|p2a: Mamoswine|80/100|[from] item: Life Orb
|move|p1b: Ninetales|Blizzard|p2b: Dragalge|[spread] p2a,p2b
|-supereffective|p2b: Dragalge|1
|-damage|p2a: Mamoswine|40/100
|-damage|p2b: Dragalge|33/100
|move|p2b: Dragalge|Sludge Bomb|p1b: Ninetales
|-supereffective|p1b: Ninetales|1
|-enditem|p1b: Ninetales|Focus Sash
|-damage|p1b: Ninetales|1/100
|-status|p1b: Ninetales|psn
|
|-weather|Snowscape|[upkeep]
|-damage|p1b: Ninetales|0 fnt|[from] psn
|faint|p1b: Ninetales
|upkeep
|
|t:|1785081003
|switch|p1b: Raichu|Raichu, L50, M|48/100
|turn|8
|
|t:|1785081020
|switch|p2b: Aerodactyl|Aerodactyl, L50, M|100/100
|-ability|p2b: Aerodactyl|Unnerve
|detailschange|p1b: Raichu|Raichu-Mega-Y, L50, M
|-mega|p1b: Raichu|Raichu|Raichunite Y
|move|p2a: Mamoswine|Protect|p2a: Mamoswine
|-singleturn|p2a: Mamoswine|Protect
|move|p1b: Raichu|Focus Blast|p2a: Mamoswine
|-activate|p2a: Mamoswine|move: Protect
|
|-weather|Snowscape|[upkeep]
|upkeep
|turn|9
|
|t:|1785081033
|move|p2a: Mamoswine|Ice Shard|p1b: Raichu
|-damage|p1b: Raichu|0 fnt
|faint|p1b: Raichu
|-damage|p2a: Mamoswine|30/100|[from] item: Life Orb
|
|win|MarzipanTheFirst
||G3N13 is ready for game 2.
||MarzipanTheFirst is ready for game 2.
|uhtml|next|Next: Game 2 of 3
