|j|☆Slothpk
|j|☆lettitripppp
|html|Slothpklettitripppp    
|uhtml|bestof|Game 1 of a best-of-3
|t:|1785782464
|gametype|doubles
|player|p1|Slothpk|1|1174
|player|p2|lettitripppp|lucas|1245
|gen|9
|tier|[Gen 9 Champions] VGC 2026 Reg M-B (Bo3)
|rated|
|rule|Species Clause: Limit one of each Pokémon
|rule|Item Clause: Limit 1 of each item
|clearpoke
|poke|p1|Garchomp, L50, M|
|poke|p1|Milotic, L50, M|
|poke|p1|Scizor, L50, M|
|poke|p1|Sinistcha-Masterpiece, L50|
|poke|p1|Whimsicott, L50, F|
|poke|p1|Weavile, L50, M|
|poke|p2|Charizard, L50, F|
|poke|p2|Floette-Eternal, L50, F|
|poke|p2|Basculegion, L50, M|
|poke|p2|Whimsicott, L50, M, shiny|
|poke|p2|Garchomp, L50, M|
|poke|p2|Kingambit, L50, F, shiny|
|teampreview|4
|showteam|p1|Garchomp||Garchompite|RoughSkin|EarthPower,DracoMeteor,Protect,PowerGem|Modest||M|||50|]Milotic||Leftovers|Competitive|IcyWind,Scald,LifeDew,LightScreen|Modest||M|||50|]Scizor||Scizorite|Technician|SwordsDance,BulletPunch,Roost,BugBite|Adamant||M|||50|]Sinistcha-Masterpiece||SitrusBerry|Hospitality|RagePowder,Protect,TrickRoom,MatchaGotcha|Bold|||||50|]Whimsicott||FocusSash|Prankster|Tailwind,Encore,Protect,Moonblast|Timid||F|||50|]Weavile||WideLens|Pressure|FakeOut,KnockOff,TripleAxel,Protect|Jolly||M|||50|
|showteam|p2|Charizard||CharizarditeY|Blaze|WeatherBall,SolarBeam,HeatWave,Protect|Modest||F|||50|]Floette-Eternal||Floettite|Symbiosis|DazzlingGleam,LightofRuin,Moonblast,Protect|Modest||F|||50|]Basculegion||MysticWater|Adaptability|LastRespects,WaveCrash,AquaJet,Protect|Adamant||M|||50|]Whimsicott||FocusSash|Prankster|Moonblast,Tailwind,Encore,Protect|Timid||M|||50|]Garchomp||LifeOrb|RoughSkin|StompingTantrum,DragonClaw,RockSlide,Protect|Jolly||M|||50|]Kingambit||ChopleBerry|Defiant|KowtowCleave,SuckerPunch,IronHead,LowKick|Adamant||F|||50|
|inactive|Battle timer is ON: inactive players will automatically lose when time's up. (requested by lettitripppp)
|inactive|Slothpk has 60 seconds left.
|inactive|lettitripppp has 60 seconds left.
|
|t:|1785782495
|teamsize|p1|4
|teamsize|p2|4
|start
|switch|p1a: Garchomp|Garchomp, L50, M|100/100
|switch|p1b: Whimsicott|Whimsicott, L50, F|100/100
|switch|p2a: LETS GO AGAIN|Whimsicott, L50, M, shiny|100/100
|switch|p2b: GHOSTWAVE|Basculegion, L50, M|100/100
|turn|1
|inactive|Slothpk has 30 seconds left.
|inactive|Slothpk has 20 seconds left.
|
|t:|1785782534
|move|p2a: LETS GO AGAIN|Moonblast|p1b: Whimsicott
|-damage|p1b: Whimsicott|40/100
|move|p1b: Whimsicott|Moonblast|p2b: GHOSTWAVE
|-damage|p2b: GHOSTWAVE|61/100
|move|p1a: Garchomp|Draco Meteor|p2b: GHOSTWAVE
|-damage|p2b: GHOSTWAVE|0 fnt
|-unboost|p1a: Garchomp|spa|2
|faint|p2b: GHOSTWAVE
|
|upkeep
|
|t:|1785782550
|switch|p2b: AGNI|Charizard, L50, F|100/100
|turn|2
|inactive|Slothpk has 30 seconds left.
|
|t:|1785782585
|switch|p1a: Milotic|Milotic, L50, M|100/100
|detailschange|p2b: AGNI|Charizard-Mega-Y, L50, F
|-mega|p2b: AGNI|Charizard|Charizardite Y
|-weather|SunnyDay|[from] ability: Drought|[of] p2b: AGNI
|move|p2a: LETS GO AGAIN|Tailwind|p2a: LETS GO AGAIN
|-sidestart|p2: lettitripppp|move: Tailwind
|move|p1b: Whimsicott|Tailwind|p1b: Whimsicott
|-sidestart|p1: Slothpk|move: Tailwind
|move|p2b: AGNI|Heat Wave|p1a: Milotic|[spread] p1a,p1b
|-resisted|p1a: Milotic|1
|-supereffective|p1b: Whimsicott|1
|-crit|p1b: Whimsicott
|-damage|p1a: Milotic|76/100
|-damage|p1b: Whimsicott|0 fnt
|faint|p1b: Whimsicott
|
|-weather|SunnyDay|[upkeep]
|-heal|p1a: Milotic|82/100|[from] item: Leftovers
|upkeep
|
|t:|1785782596
|switch|p1b: Garchomp|Garchomp, L50, M|100/100
|turn|3
|
|t:|1785782607
|detailschange|p1b: Garchomp|Garchomp-Mega, L50, M
|-mega|p1b: Garchomp|Garchomp|Garchompite
|move|p1b: Garchomp|Protect|p1b: Garchomp
|-singleturn|p1b: Garchomp|Protect
|move|p2a: LETS GO AGAIN|Moonblast|p1b: Garchomp
|-activate|p1b: Garchomp|move: Protect
|move|p2b: AGNI|Solar Beam||[still]
|-prepare|p2b: AGNI|Solar Beam
|-anim|p2b: AGNI|Solar Beam|p1b: Garchomp
|-activate|p1b: Garchomp|move: Protect
|move|p1a: Milotic|Light Screen|p1a: Milotic
|-sidestart|p1: Slothpk|move: Light Screen
|
|-weather|SunnyDay|[upkeep]
|-heal|p1a: Milotic|88/100|[from] item: Leftovers
|upkeep
|turn|4
|inactive|Slothpk has 30 seconds left.
|inactive|Slothpk has 20 seconds left.
|inactive|Slothpk has 15 seconds left.
|inactive|Slothpk has 10 seconds left.
|
|t:|1785782656
|switch|p2b: GENERAL BLADUS|Kingambit, L50, F, shiny|100/100
|switch|p1b: Scizor|Scizor, L50, M|100/100
|move|p2a: LETS GO AGAIN|Protect|p2a: LETS GO AGAIN
|-singleturn|p2a: LETS GO AGAIN|Protect
|move|p1a: Milotic|Icy Wind|p2b: GENERAL BLADUS|[spread] p2b
|-activate|p2a: LETS GO AGAIN|move: Protect
|-resisted|p2b: GENERAL BLADUS|1
|-damage|p2b: GENERAL BLADUS|94/100
|-unboost|p2b: GENERAL BLADUS|spe|1
|-ability|p2b: GENERAL BLADUS|Defiant|boost
|-boost|p2b: GENERAL BLADUS|atk|2
|
|-weather|SunnyDay|[upkeep]
|-heal|p1a: Milotic|94/100|[from] item: Leftovers
|upkeep
|turn|5
|inactive|Slothpk has 30 seconds left.
|inactive|lettitripppp has 30 seconds left.
|inactive|Slothpk has 20 seconds left.
|
|t:|1785782696
|move|p2a: LETS GO AGAIN|Encore|p1a: Milotic
|-start|p1a: Milotic|Encore
|move|p1b: Scizor|Bullet Punch|p2a: LETS GO AGAIN
|-supereffective|p2a: LETS GO AGAIN|1
|-damage|p2a: LETS GO AGAIN|15/100
|move|p1a: Milotic|Icy Wind|p2b: GENERAL BLADUS|[spread] p2a,p2b
|-supereffective|p2a: LETS GO AGAIN|1
|-resisted|p2b: GENERAL BLADUS|1
|-damage|p2a: LETS GO AGAIN|0 fnt
|-damage|p2b: GENERAL BLADUS|88/100
|-unboost|p2b: GENERAL BLADUS|spe|1
|-ability|p2b: GENERAL BLADUS|Defiant|boost
|-boost|p2b: GENERAL BLADUS|atk|2
|faint|p2a: LETS GO AGAIN
|move|p2b: GENERAL BLADUS|Kowtow Cleave|p1b: Scizor
|-damage|p1b: Scizor|0 fnt
|faint|p1b: Scizor
|
|-weather|SunnyDay|[upkeep]
|-heal|p1a: Milotic|100/100|[from] item: Leftovers
|-sideend|p2: lettitripppp|move: Tailwind
|-sideend|p1: Slothpk|move: Tailwind
|upkeep
|
|t:|1785782711
|switch|p2a: AGNI|Charizard-Mega-Y, L50, F|100/100
|switch|p1b: Garchomp|Garchomp-Mega, L50, M|100/100
|turn|6
|
|t:|1785782725
|move|p2b: GENERAL BLADUS|Sucker Punch|p1b: Garchomp
|-damage|p1b: Garchomp|12/100
|move|p2a: AGNI|Solar Beam||[still]
|-prepare|p2a: AGNI|Solar Beam
|-anim|p2a: AGNI|Solar Beam|p1b: Garchomp
|-damage|p1b: Garchomp|0 fnt
|faint|p1b: Garchomp
|move|p1a: Milotic|Icy Wind|p2b: GENERAL BLADUS|[spread] p2a,p2b
|-resisted|p2b: GENERAL BLADUS|1
|-damage|p2a: AGNI|91/100
|-damage|p2b: GENERAL BLADUS|82/100
|-unboost|p2a: AGNI|spe|1
|-unboost|p2b: GENERAL BLADUS|spe|1
|-ability|p2b: GENERAL BLADUS|Defiant|boost
|-boost|p2b: GENERAL BLADUS|atk|2
|
|-weather|none
|upkeep
|turn|7
|
|t:|1785782737
|move|p1a: Milotic|Icy Wind|p2a: AGNI|[spread] p2a,p2b
|-resisted|p2b: GENERAL BLADUS|1
|-crit|p2b: GENERAL BLADUS
|-damage|p2a: AGNI|82/100
|-damage|p2b: GENERAL BLADUS|74/100
|-unboost|p2a: AGNI|spe|1
|-unboost|p2b: GENERAL BLADUS|spe|1
|-boost|p2b: GENERAL BLADUS|atk|0
|move|p2a: AGNI|Heat Wave|p1a: Milotic
|-resisted|p1a: Milotic|1
|-damage|p1a: Milotic|86/100
|move|p2b: GENERAL BLADUS|Kowtow Cleave|p1a: Milotic
|-damage|p1a: Milotic|0 fnt
|faint|p1a: Milotic
|
|win|lettitripppp
||Slothpk is ready for game 2.
|inactive|lettitripppp has 30 seconds to confirm battle start!
