|j|☆tuckered out1
|j|☆owbd
|html|tuckered out1owbd    
|uhtml|bestof|Game 1 of a best-of-3
|t:|1757662025
|gametype|doubles
|player|p1|tuckered out1|gentleman-gen4|1028
|player|p2|owbd|cynthia-gen4|1101
|gen|9
|tier|[Gen 9] VGC 2025 Reg H (Bo3)
|rated|
|rule|Species Clause: Limit one of each Pokémon
|rule|Item Clause: Limit 1 of each item
|clearpoke
|poke|p1|Gyarados, L50, F|
|poke|p1|Pachirisu, L50, F|
|poke|p1|Gothitelle, L50, F|
|poke|p1|Gardevoir, L50, M|
|poke|p1|Garchomp, L50, F|
|poke|p1|Talonflame, L50, F|
|poke|p2|Gholdengo, L50|
|poke|p2|Milotic, L50, F|
|poke|p2|Rillaboom, L50, F|
|poke|p2|Incineroar, L50, F|
|poke|p2|Volcarona, L50, F|
|poke|p2|Dragonite, L50, M|
|teampreview|4
|showteam|p1|Gyarados||MysticWater|Intimidate|DragonDance,Waterfall,Earthquake,Protect|||F|||50|,,,,,Water]Pachirisu||SitrusBerry|VoltAbsorb|Nuzzle,FollowMe,SuperFang,Protect|||F|||50|,,,,,Electric]Gothitelle||Leftovers|ShadowTag|Psyshock,ThunderWave,Tickle,Protect|||F|||50|,,,,,Psychic]Gardevoir||ChoiceScarf|Telepathy|DazzlingGleam,Psychic,Moonblast,Trick|||M|||50|,,,,,Psychic]Garchomp||FocusSash|RoughSkin|Earthquake,DragonClaw,RockSlide,Protect|||F|||50|,,,,,Dragon]Talonflame||LifeOrb|GaleWings|BraveBird,Overheat,Taunt,Tailwind|||F|||50|,,,,,Fire
|showteam|p2|Gholdengo||LifeOrb|GoodasGold|NastyPlot,MakeItRain,ShadowBall,Protect||||||50|,,,,,Steel]Milotic||SitrusBerry|Competitive|Scald,IceBeam,Protect,Haze|||F|||50|,,,,,Fairy]Rillaboom||AssaultVest|GrassySurge|FakeOut,GrassyGlide,WoodHammer,Uturn|||F|||50|,,,,,Fire]Incineroar||SafetyGoggles|Intimidate|FlareBlitz,FakeOut,KnockOff,PartingShot|||F|||50|,,,,,Ghost]Volcarona||Leftovers|FlameBody|HeatWave,FieryDance,QuiverDance,Protect|||F|||50|,,,,,Grass]Dragonite||LoadedDice|Multiscale|ScaleShot,ExtremeSpeed,Protect,Tailwind|||M|||50|,,,,,Normal
|inactive|Battle timer is ON: inactive players will automatically lose when time's up. (requested by tuckered out1)
|inactive|owbd has 60 seconds left.
|inactive|tuckered out1 has 60 seconds left.
|inactive|owbd has 30 seconds left.
|
|t:|1757662089
|teamsize|p1|4
|teamsize|p2|4
|start
|switch|p1a: Talonflame|Talonflame, L50, F|100/100
|switch|p1b: Pachirisu|Pachirisu, L50, F|100/100
|switch|p2a: Dragonite|Dragonite, L50, M|100/100
|switch|p2b: Gholdengo|Gholdengo, L50|100/100
|turn|1
|
|t:|1757662104
|move|p1a: Talonflame|Overheat|p2b: Gholdengo
|-supereffective|p2b: Gholdengo
|-damage|p2b: Gholdengo|0 fnt
|-unboost|p1a: Talonflame|spa|2
|faint|p2b: Gholdengo
|-damage|p1a: Talonflame|91/100|[from] item: Life Orb
|move|p1b: Pachirisu|Nuzzle|p2a: Dragonite
|-damage|p2a: Dragonite|99/100
|-status|p2a: Dragonite|par
|move|p2a: Dragonite|Scale Shot|p1a: Talonflame
|-damage|p1a: Talonflame|69/100
|-damage|p1a: Talonflame|48/100
|-crit|p1a: Talonflame
|-damage|p1a: Talonflame|16/100
|-damage|p1a: Talonflame|0 fnt
|faint|p1a: Talonflame
|-hitcount|p1: Talonflame|4
|-unboost|p2a: Dragonite|def|1
|-boost|p2a: Dragonite|spe|1
|
|upkeep
|inactive|owbd has 30 seconds left.
|
|t:|1757662132
|switch|p1a: Garchomp|Garchomp, L50, F|100/100
|switch|p2b: Volcarona|Volcarona, L50, F|100/100
|turn|2
|
|t:|1757662142
|move|p1a: Garchomp|Rock Slide|p2b: Volcarona|[spread] p2a,p2b
|-supereffective|p2a: Dragonite
|-supereffective|p2b: Volcarona
|-damage|p2a: Dragonite|41/100 par
|-damage|p2b: Volcarona|30/100
|move|p2b: Volcarona|Quiver Dance|p2b: Volcarona
|-boost|p2b: Volcarona|spa|1
|-boost|p2b: Volcarona|spd|1
|-boost|p2b: Volcarona|spe|1
|move|p1b: Pachirisu|Nuzzle|p2b: Volcarona
|-damage|p2b: Volcarona|26/100
|-status|p2b: Volcarona|par
|-status|p1b: Pachirisu|brn|[from] ability: Flame Body|[of] p2b: Volcarona
|move|p2a: Dragonite|Scale Shot|p1a: Garchomp
|-supereffective|p1a: Garchomp
|-damage|p1a: Garchomp|71/100
|-supereffective|p1a: Garchomp
|-damage|p1a: Garchomp|44/100
|-supereffective|p1a: Garchomp
|-damage|p1a: Garchomp|15/100
|-supereffective|p1a: Garchomp
|-damage|p1a: Garchomp|0 fnt
|faint|p1a: Garchomp
|-hitcount|p1: Garchomp|4
|-unboost|p2a: Dragonite|def|1
|-boost|p2a: Dragonite|spe|1
|
|-heal|p2b: Volcarona|32/100 par|[from] item: Leftovers
|-damage|p1b: Pachirisu|95/100 brn|[from] brn
|upkeep
|
|t:|1757662146
|switch|p1a: Gyarados|Gyarados, L50, F|100/100
|-ability|p1a: Gyarados|Intimidate|boost
|-unboost|p2a: Dragonite|atk|1
|-unboost|p2b: Volcarona|atk|1
|turn|3
|inactive|owbd has 30 seconds left.
|inactive|owbd has 20 seconds left.
|
|t:|1757662182
|-terastallize|p1a: Gyarados|Water
|move|p1b: Pachirisu|Follow Me|p1b: Pachirisu
|-singleturn|p1b: Pachirisu|move: Follow Me
|move|p1a: Gyarados|Waterfall|p2a: Dragonite
|-resisted|p2a: Dragonite
|-damage|p2a: Dragonite|0 fnt
|faint|p2a: Dragonite
|move|p2b: Volcarona|Heat Wave|p1a: Gyarados|[spread] p1a,p1b
|-resisted|p1a: Gyarados
|-damage|p1a: Gyarados|75/100
|-damage|p1b: Pachirisu|44/100 brn
|-enditem|p1b: Pachirisu|Sitrus Berry|[eat]
|-heal|p1b: Pachirisu|69/100 brn|[from] item: Sitrus Berry
|
|-heal|p2b: Volcarona|39/100 par|[from] item: Leftovers
|-damage|p1b: Pachirisu|63/100 brn|[from] brn
|upkeep
|
|t:|1757662197
|switch|p2a: Incineroar|Incineroar, L50, F|100/100
|-ability|p2a: Incineroar|Intimidate|boost
|-unboost|p1a: Gyarados|atk|1
|-unboost|p1b: Pachirisu|atk|1
|turn|4
|
|t:|1757662204
|move|p1a: Gyarados|Protect|p1a: Gyarados
|-singleturn|p1a: Gyarados|Protect
|move|p1b: Pachirisu|Protect|p1b: Pachirisu
|-singleturn|p1b: Pachirisu|Protect
|move|p2a: Incineroar|Fake Out|p1a: Gyarados
|-activate|p1a: Gyarados|move: Protect
|move|p2b: Volcarona|Heat Wave|p1b: Pachirisu|[spread] 
|-activate|p1a: Gyarados|move: Protect
|-activate|p1b: Pachirisu|move: Protect
|
|-heal|p2b: Volcarona|45/100 par|[from] item: Leftovers
|-damage|p1b: Pachirisu|57/100 brn|[from] brn
|upkeep
|turn|5
|inactive|owbd has 30 seconds left.
|
|t:|1757662237
|-terastallize|p2a: Incineroar|Ghost
|move|p1b: Pachirisu|Follow Me|p1b: Pachirisu
|-singleturn|p1b: Pachirisu|move: Follow Me
|move|p1a: Gyarados|Waterfall|p2b: Volcarona
|-supereffective|p2b: Volcarona
|-damage|p2b: Volcarona|0 fnt
|faint|p2b: Volcarona
|move|p2a: Incineroar|Knock Off|p1b: Pachirisu
|-damage|p1b: Pachirisu|31/100 brn
|
|-damage|p1b: Pachirisu|25/100 brn|[from] brn
|upkeep
|turn|6
|
|t:|1757662254
|move|p1a: Gyarados|Waterfall|p2a: Incineroar
|-damage|p2a: Incineroar|57/100
|move|p1b: Pachirisu|Nuzzle|p2a: Incineroar
|-damage|p2a: Incineroar|55/100
|-status|p2a: Incineroar|par
|move|p2a: Incineroar|Flare Blitz|p1b: Pachirisu
|-damage|p1b: Pachirisu|0 fnt
|faint|p1b: Pachirisu
|-damage|p2a: Incineroar|49/100 par|[from] Recoil
|
|upkeep
|turn|7
|
|t:|1757662267
|move|p1a: Gyarados|Waterfall|p2a: Incineroar
|-damage|p2a: Incineroar|8/100 par
|move|p2a: Incineroar|Knock Off|p1a: Gyarados
|-damage|p1a: Gyarados|24/100
|-enditem|p1a: Gyarados|Mystic Water|[from] move: Knock Off|[of] p2a: Incineroar
|
|upkeep
|turn|8
|
|t:|1757662276
|move|p1a: Gyarados|Waterfall|p2a: Incineroar
|-damage|p2a: Incineroar|0 fnt
|faint|p2a: Incineroar
|
|win|tuckered out1
||owbd is ready for game 2.
||tuckered out1 is ready for game 2.
|uhtml|next|Next: Game 2 of 3
