|j|☆nachoconpicodgallo
|j|☆urii.166
|html|nachoconpicodgallourii.166    
|uhtml|bestof|Game 3 of a best-of-3
|t:|1786068597
|gametype|doubles
|player|p1|nachoconpicodgallo|guitarist|1135
|player|p2|urii.166|102|1145
|gen|9
|tier|[Gen 9 Champions] VGC 2026 Reg M-B (Bo3)
|rated|
|rule|Species Clause: Limit one of each Pokémon
|rule|Item Clause: Limit 1 of each item
|clearpoke
|poke|p1|Gengar, L50, M, shiny|
|poke|p1|Ninetales-Alola, L50, F, shiny|
|poke|p1|Incineroar, L50, F|
|poke|p1|Scovillain, L50, F|
|poke|p1|Lycanroc-Dusk, L50, M|
|poke|p1|Dragonite, L50, F|
|poke|p2|Basculegion, L50, M|
|poke|p2|Archaludon, L50, M|
|poke|p2|Dragonite, L50, F, shiny|
|poke|p2|Whimsicott, L50, M, shiny|
|poke|p2|Scizor, L50, F, shiny|
|poke|p2|Pelipper, L50, F|
|teampreview|4
|showteam|p1|Gengar||Gengarite|CursedBody|ShadowBall,SludgeBomb,Substitute,Protect|Modest||M|||50|]Ninetales-Alola||ChoiceScarf|SnowWarning|Blizzard,FreezeDry,IcyWind,Encore|Timid||F|||50|]Incineroar||SitrusBerry|Intimidate|PartingShot,FlareBlitz,ThroatChop,FakeOut|Impish||F|||50|]Scovillain||Scovillainite|Moody|Overheat,GigaDrain,RagePowder,Protect|Bold||F|||50|]Lycanroc-Dusk||FocusSash|ToughClaws|RockSlide,CloseCombat,Accelerock,Protect|Adamant||M|||50|]Dragonite||LifeOrb|InnerFocus|DragonClaw,ExtremeSpeed,Superpower,Protect|Adamant||F|||50|
|showteam|p2|Basculegion||ChoiceScarf|Adaptability|AquaJet,LastRespects,FlipTurn,WaveCrash|Jolly||M|||50|]Archaludon||ChopleBerry|Stamina|AuraSphere,DragonPulse,FlashCannon,ElectroShot|Timid||M|||50|]Dragonite||Dragoninite|Multiscale|DracoMeteor,WeatherBall,Hurricane,Protect|Modest||F|||50|]Whimsicott||Leftovers|Prankster|Tailwind,LeechSeed,Moonblast,GigaDrain|Modest||M|||50|]Scizor||Scizorite|Technician|BugBite,BulletPunch,Protect,CloseCombat|Adamant||F|||50|]Pelipper||FocusSash|Drizzle|WeatherBall,Tailwind,Hurricane,WideGuard|Modest||F|||50|
|inactive|Battle timer is ON: inactive players will automatically lose when time's up. (requested by nachoconpicodgallo)
|j| porygon peo
|
|t:|1786068622
|teamsize|p1|4
|teamsize|p2|4
|start
|switch|p1a: Gengar|Gengar, L50, M, shiny|100/100
|switch|p1b: Incineroar|Incineroar, L50, F|100/100
|switch|p2a: Scizor|Scizor, L50, F, shiny|100/100
|switch|p2b: Basculegion|Basculegion, L50, M|100/100
|-ability|p1b: Incineroar|Intimidate|boost
|-unboost|p2a: Scizor|atk|1
|-unboost|p2b: Basculegion|atk|1
|turn|1
|
|t:|1786068651
|detailschange|p1a: Gengar|Gengar-Mega, L50, M, shiny
|-mega|p1a: Gengar|Gengar|Gengarite
|detailschange|p2a: Scizor|Scizor-Mega, L50, F, shiny
|-mega|p2a: Scizor|Scizor|Scizorite
|move|p1b: Incineroar|Fake Out|p2a: Scizor
|-resisted|p2a: Scizor|1
|-damage|p2a: Scizor|96/100
|move|p2b: Basculegion|Flip Turn|p1b: Incineroar
|-supereffective|p1b: Incineroar|1
|-damage|p1b: Incineroar|62/100
|
|t:|1786068660
|switch|p2b: Pelipper|Pelipper, L50, F|100/100|[from] Flip Turn
|-weather|RainDance|[from] ability: Drizzle|[of] p2b: Pelipper
|move|p1a: Gengar|Shadow Ball|p2b: Pelipper
|-damage|p2b: Pelipper|32/100
|-unboost|p2b: Pelipper|spd|1
|cant|p2a: Scizor|flinch
|
|-weather|RainDance|[upkeep]
|upkeep
|turn|2
|
|t:|1786068672
|move|p1a: Gengar|Sludge Bomb|p2b: Pelipper
|-damage|p2b: Pelipper|0 fnt
|faint|p2b: Pelipper
|move|p2a: Scizor|Close Combat|p1b: Incineroar
|-supereffective|p1b: Incineroar|1
|-damage|p1b: Incineroar|8/100
|-unboost|p2a: Scizor|def|1
|-unboost|p2a: Scizor|spd|1
|-enditem|p1b: Incineroar|Sitrus Berry|[eat]
|-heal|p1b: Incineroar|33/100|[from] item: Sitrus Berry
|move|p1b: Incineroar|Parting Shot|p2a: Scizor
|-unboost|p2a: Scizor|atk|1
|-unboost|p2a: Scizor|spa|1
|
|t:|1786068683
|switch|p1b: Ninetales|Ninetales-Alola, L50, F, shiny|100/100|[from] Parting Shot
|-weather|Snowscape|[from] ability: Snow Warning|[of] p1b: Ninetales
|
|-weather|Snowscape|[upkeep]
|upkeep
|
|t:|1786068690
|switch|p2b: Archaludon|Archaludon, L50, M|100/100
|turn|3
|
|t:|1786068705
|switch|p1b: Incineroar|Incineroar, L50, F|33/100
|-ability|p1b: Incineroar|Intimidate|boost
|-unboost|p2a: Scizor|atk|1
|-unboost|p2b: Archaludon|atk|1
|move|p2a: Scizor|Bullet Punch|p1b: Incineroar
|-resisted|p1b: Incineroar|1
|-damage|p1b: Incineroar|27/100
|move|p1a: Gengar|Shadow Ball|p2b: Archaludon
|-damage|p2b: Archaludon|18/100
|-ability|p2b: Archaludon|Stamina|boost
|-boost|p2b: Archaludon|def|1
|move|p2b: Archaludon|Flash Cannon|p1b: Incineroar
|-resisted|p1b: Incineroar|1
|-damage|p1b: Incineroar|11/100
|
|-weather|Snowscape|[upkeep]
|upkeep
|turn|4
|c|☆urii.166|gg wp
|
|t:|1786068726
|move|p1b: Incineroar|Fake Out|p2a: Scizor
|-resisted|p2a: Scizor|1
|-damage|p2a: Scizor|89/100
|cant|p2a: Scizor|flinch
|move|p1a: Gengar|Shadow Ball|p2b: Archaludon
|-damage|p2b: Archaludon|0 fnt
|faint|p2b: Archaludon
|
|-weather|Snowscape|[upkeep]
|upkeep
|
|t:|1786068733
|switch|p2b: Basculegion|Basculegion, L50, M|100/100
|turn|5
|
|t:|1786068739
|move|p1a: Gengar|Protect|p1a: Gengar
|-singleturn|p1a: Gengar|Protect
|move|p2a: Scizor|Bullet Punch|p1a: Gengar
|-activate|p1a: Gengar|move: Protect
|move|p2b: Basculegion|Last Respects|p1a: Gengar
|-activate|p1a: Gengar|move: Protect
|move|p1b: Incineroar|Flare Blitz|p2a: Scizor
|-supereffective|p2a: Scizor|2
|-damage|p2a: Scizor|0 fnt
|faint|p2a: Scizor
|-damage|p1b: Incineroar|0 fnt|[from] Recoil
|faint|p1b: Incineroar
|
|-weather|Snowscape|[upkeep]
|upkeep
|
|t:|1786068746
|switch|p1b: Ninetales|Ninetales-Alola, L50, F, shiny|100/100
|turn|6
|
|t:|1786068750
|move|p1b: Ninetales|Icy Wind|p2b: Basculegion
|-resisted|p2b: Basculegion|1
|-damage|p2b: Basculegion|87/100
|-unboost|p2b: Basculegion|spe|1
|move|p1a: Gengar|Shadow Ball|p2b: Basculegion
|-supereffective|p2b: Basculegion|1
|-damage|p2b: Basculegion|0 fnt
|faint|p2b: Basculegion
|
|win|nachoconpicodgallo
|raw|nachoconpicodgallo's rating: 1135 → 1161(+26 for winning)
|raw|urii.166's rating: 1145 → 1119(-26 for losing)
