|j|☆caverna1
|j|☆lolgz
|html|caverna1lolgz    
|uhtml|bestof|Game 1 of a best-of-3
|t:|1783071587
|gametype|doubles
|player|p1|caverna1|boarder|1000
|player|p2|lolgz|dawn|1118
|gen|9
|tier|[Gen 9 Champions] VGC 2026 Reg M-B (Bo3)
|rated|
|rule|Species Clause: Limit one of each Pokémon
|rule|Item Clause: Limit 1 of each item
|clearpoke
|poke|p1|Sceptile, L50, F|
|poke|p1|Aerodactyl, L50, F|
|poke|p1|Gholdengo, L50|
|poke|p1|Rotom-Heat, L50|
|poke|p1|Basculegion, L50, M|
|poke|p1|Eelektross, L50, M|
|poke|p2|Scrafty, L50, M|
|poke|p2|Vivillon, L50, M|
|poke|p2|Incineroar, L50, F|
|poke|p2|Sinistcha, L50|
|poke|p2|Raichu, L50, F|
|poke|p2|Delphox, L50, M|
|teampreview|4
|showteam|p1|Sceptile||Sceptilite|Overgrow|EarthPower,EnergyBall,VacuumWave,Protect|Modest||F|||50|]Aerodactyl||FocusSash|Unnerve|Tailwind,Earthquake,RockSlide,DualWingbeat|Jolly||F|||50|]Gholdengo||SitrusBerry|GoodasGold|Protect,NastyPlot,ShadowBall,MakeItRain|Modest|||||50|]Rotom-Heat||LifeOrb|Levitate|Protect,Discharge,Overheat,VoltSwitch|Timid|||||50|]Basculegion||ChoiceScarf|Adaptability|Soak,LastRespects,WaveCrash,AquaJet|Jolly||M|||50|]Eelektross||Eelektrossite|Levitate|SupercellSlam,DragonClaw,Protect,Coil|Adamant||M|||50|
|showteam|p2|Scrafty||Scraftinite|Intimidate|DrainPunch,KnockOff,Protect,DragonDance|Jolly||M|||50|]Vivillon||ChoiceScarf|CompoundEyes|SleepPowder,Hurricane,RagePowder,Tailwind|Timid||M|||50|]Incineroar||PasshoBerry|Intimidate|PartingShot,FakeOut,ThroatChop,FlareBlitz|Careful||F|||50|]Sinistcha||KasibBerry|Hospitality|MatchaGotcha,RagePowder,LifeDew,Protect|Serious|||||50|]Raichu||FocusSash|Static|FakeOut,Electroweb,Endeavor,UpperHand|Timid||F|||50|]Delphox||Delphoxite|Blaze|HeatWave,Psychic,Protect,NastyPlot|Timid||M|||50|
|inactive|Battle timer is ON: inactive players will automatically lose when time's up. (requested by lolgz)
|inactive|caverna1 also wants the timer to be on.
|inactive|caverna1 has 60 seconds left.
|inactive|lolgz has 60 seconds left.
|
|t:|1783071647
|teamsize|p1|4
|teamsize|p2|4
|start
|switch|p1a: Sceptile|Sceptile, L50, F|100/100
|switch|p1b: Rotom|Rotom-Heat, L50|100/100
|switch|p2a: Vivillon|Vivillon, L50, M|100/100
|switch|p2b: Scrafty|Scrafty, L50, M|100/100
|-ability|p2b: Scrafty|Intimidate|boost
|-unboost|p1a: Sceptile|atk|1
|-unboost|p1b: Rotom|atk|1
|turn|1
|inactive|caverna1 has 30 seconds left.
|inactive|lolgz has 30 seconds left.
|inactive|caverna1 has 20 seconds left.
|inactive|lolgz has 20 seconds left.
|inactive|caverna1 has 15 seconds left.
|inactive|lolgz has 15 seconds left.
|inactive|caverna1 has 10 seconds left.
|inactive|lolgz has 10 seconds left.
|inactive|lolgz has 5 seconds left.
|
|t:|1783071701
|detailschange|p1a: Sceptile|Sceptile-Mega, L50, F
|-mega|p1a: Sceptile|Sceptile|Sceptilite
|detailschange|p2b: Scrafty|Scrafty-Mega, L50, M
|-mega|p2b: Scrafty|Scrafty|Scraftinite
|-ability|p2b: Scrafty|Intimidate|boost
|-unboost|p1a: Sceptile|atk|1
|-unboost|p1b: Rotom|atk|1
|move|p2a: Vivillon|Sleep Powder|p1b: Rotom
|-status|p1b: Rotom|slp|[from] move: Sleep Powder
|move|p1a: Sceptile|Energy Ball|p2b: Scrafty
|-damage|p2b: Scrafty|50/100y
|cant|p1b: Rotom|slp
|move|p2b: Scrafty|Dragon Dance|p2b: Scrafty
|-boost|p2b: Scrafty|atk|1
|-boost|p2b: Scrafty|spe|1
|
|upkeep
|turn|2
|inactive|caverna1 has 30 seconds left.
|
|t:|1783071732
|switch|p2a: Incineroar|Incineroar, L50, F|100/100
|-ability|p2a: Incineroar|Intimidate|boost
|-unboost|p1a: Sceptile|atk|1
|-unboost|p1b: Rotom|atk|1
|move|p2b: Scrafty|Protect|p2b: Scrafty
|-singleturn|p2b: Scrafty|Protect
|move|p1a: Sceptile|Vacuum Wave|p2b: Scrafty
|-activate|p2b: Scrafty|move: Protect
|cant|p1b: Rotom|slp
|
|upkeep
|turn|3
|inactive|caverna1 has 30 seconds left.
|inactive|caverna1 has 20 seconds left.
|
|t:|1783071767
|move|p1a: Sceptile|Protect|p1a: Sceptile
|-singleturn|p1a: Sceptile|Protect
|-curestatus|p1b: Rotom|slp|[msg]
|move|p1b: Rotom|Protect|p1b: Rotom
|-singleturn|p1b: Rotom|Protect
|move|p2a: Incineroar|Fake Out|p1a: Sceptile
|-activate|p1a: Sceptile|move: Protect
|move|p2b: Scrafty|Dragon Dance|p2b: Scrafty
|-boost|p2b: Scrafty|atk|1
|-boost|p2b: Scrafty|spe|1
|
|upkeep
|turn|4
|
|t:|1783071792
|move|p2b: Scrafty|Protect|p2b: Scrafty
|-singleturn|p2b: Scrafty|Protect
|move|p1a: Sceptile|Vacuum Wave|p2b: Scrafty
|-activate|p2b: Scrafty|move: Protect
|move|p1b: Rotom|Discharge|p2b: Scrafty|[spread] p2a
|-activate|p2b: Scrafty|move: Protect
|-ability|p1a: Sceptile|Lightning Rod|boost
|-boost|p1a: Sceptile|spa|1
|-damage|p2a: Incineroar|72/100
|-damage|p1b: Rotom|90/100|[from] item: Life Orb
|move|p2a: Incineroar|Parting Shot|p1a: Sceptile
|-unboost|p1a: Sceptile|atk|1
|-unboost|p1a: Sceptile|spa|1
|
|t:|1783071808
|switch|p2a: Raichu|Raichu, L50, F|100/100|[from] Parting Shot
|
|upkeep
|turn|5
|
|t:|1783071831
|move|p1a: Sceptile|Protect|p1a: Sceptile
|-singleturn|p1a: Sceptile|Protect
|move|p2a: Raichu|Fake Out|p1a: Sceptile
|-activate|p1a: Sceptile|move: Protect
|move|p2b: Scrafty|Drain Punch|p1b: Rotom
|-damage|p1b: Rotom|9/100
|-heal|p2b: Scrafty|81/100|[from] drain|[of] p1b: Rotom
|move|p1b: Rotom|Overheat|p2b: Scrafty|[miss]
|-miss|p1b: Rotom|p2b: Scrafty
|
|upkeep
|turn|6
|inactive|caverna1 has 30 seconds left.
|inactive|lolgz has 30 seconds left.
|
|t:|1783071863
|switch|p2a: Incineroar|Incineroar, L50, F|72/100
|-ability|p2a: Incineroar|Intimidate|boost
|-unboost|p1a: Sceptile|atk|1
|-unboost|p1b: Rotom|atk|1
|move|p2b: Scrafty|Drain Punch|p1a: Sceptile
|-damage|p1a: Sceptile|8/100
|-heal|p2b: Scrafty|100/100|[from] drain|[of] p1a: Sceptile
|move|p1a: Sceptile|Earth Power|p2a: Incineroar
|-supereffective|p2a: Incineroar|1
|-damage|p2a: Incineroar|21/100
|move|p1b: Rotom|Discharge|p2a: Incineroar|[spread] p2a,p2b
|-ability|p1a: Sceptile|Lightning Rod|boost
|-boost|p1a: Sceptile|spa|1
|-damage|p2a: Incineroar|0 fnt
|-damage|p2b: Scrafty|67/100
|faint|p2a: Incineroar
|-damage|p1b: Rotom|0 fnt|[from] item: Life Orb
|faint|p1b: Rotom
|
|upkeep
|inactive|caverna1 has 30 seconds left.
|
|t:|1783071892
|switch|p1b: Aerodactyl|Aerodactyl, L50, F|100/100
|switch|p2a: Vivillon|Vivillon, L50, M|100/100
|-ability|p1b: Aerodactyl|Unnerve
|turn|7
|inactive|caverna1 has 30 seconds left.
|
|t:|1783071920
|move|p1a: Sceptile|Vacuum Wave|p2b: Scrafty
|-supereffective|p2b: Scrafty|1
|-damage|p2b: Scrafty|25/100
|move|p2b: Scrafty|Drain Punch|p1a: Sceptile
|-damage|p1a: Sceptile|0 fnt
|-heal|p2b: Scrafty|29/100|[from] drain|[of] p1a: Sceptile
|faint|p1a: Sceptile
|move|p2a: Vivillon|Sleep Powder|p1b: Aerodactyl
|-status|p1b: Aerodactyl|slp|[from] move: Sleep Powder
|cant|p1b: Aerodactyl|slp
|
|upkeep
|
|t:|1783071931
|switch|p1a: Basculegion|Basculegion, L50, M|100/100
|turn|8
|inactive|caverna1 has 30 seconds left.
|inactive|caverna1 has 20 seconds left.
|inactive|caverna1 has 15 seconds left.
|
|t:|1783071973
|move|p2b: Scrafty|Protect|p2b: Scrafty
|-singleturn|p2b: Scrafty|Protect
|move|p1a: Basculegion|Aqua Jet|p2b: Scrafty
|-activate|p2b: Scrafty|move: Protect
|move|p2a: Vivillon|Sleep Powder|p1a: Basculegion
|-status|p1a: Basculegion|slp|[from] move: Sleep Powder
|cant|p1b: Aerodactyl|slp
|
|upkeep
|turn|9
|
|t:|1783071996
|switch|p2a: Raichu|Raichu, L50, F|100/100
|cant|p1a: Basculegion|slp
|move|p2b: Scrafty|Drain Punch|p1b: Aerodactyl
|-enditem|p1b: Aerodactyl|Focus Sash
|-damage|p1b: Aerodactyl|1/100 slp
|-heal|p2b: Scrafty|75/100|[from] drain|[of] p1b: Aerodactyl
|-curestatus|p1b: Aerodactyl|slp|[msg]
|move|p1b: Aerodactyl|Rock Slide|p2b: Scrafty|[spread] p2a,p2b
|-resisted|p2b: Scrafty|1
|-damage|p2a: Raichu|59/100
|-damage|p2b: Scrafty|65/100
|
|upkeep
|turn|10
|
|t:|1783072016
|move|p2a: Raichu|Fake Out|p1b: Aerodactyl
|-resisted|p1b: Aerodactyl|1
|-damage|p1b: Aerodactyl|0 fnt
|faint|p1b: Aerodactyl
|cant|p1a: Basculegion|slp
|move|p2b: Scrafty|Knock Off|p1a: Basculegion
|-supereffective|p1a: Basculegion|1
|-damage|p1a: Basculegion|0 fnt
|-enditem|p1a: Basculegion|Choice Scarf|[from] move: Knock Off|[of] p2b: Scrafty
|faint|p1a: Basculegion
|
|win|lolgz
