|j|☆xxx520
|j|☆sbhaga34
|html|xxx520sbhaga34    
|uhtml|bestof|Game 1 of a best-of-3
|t:|1784253764
|gametype|doubles
|player|p1|xxx520|2|1165
|player|p2|sbhaga34|hugh|1268
|gen|9
|tier|[Gen 9 Champions] VGC 2026 Reg M-B (Bo3)
|rated|
|rule|Species Clause: Limit one of each Pokémon
|rule|Item Clause: Limit 1 of each item
|clearpoke
|poke|p1|Torkoal, L50, F|
|poke|p1|Farigiraf, L50, F|
|poke|p1|Charizard, L50, M|
|poke|p1|Incineroar, L50, M|
|poke|p1|Venusaur, L50, F|
|poke|p1|Mudsdale, L50, M|
|poke|p2|Excadrill, L50, F|
|poke|p2|Tyranitar, L50, F|
|poke|p2|Corviknight, L50, M|
|poke|p2|Rotom-Wash, L50|
|poke|p2|Chandelure, L50, F|
|poke|p2|Clefable, L50, M|
|teampreview|4
|showteam|p1|Torkoal||Charcoal|Drought|EarthPower,Protect,Eruption,HeatWave|Quiet||F|||50|]Farigiraf||SitrusBerry|ArmorTail|TrickRoom,Thunderbolt,HelpingHand,Protect|Sassy||F|||50|]Charizard||CharizarditeY|SolarPower|HeatWave,Protect,AirSlash,SolarBeam|Timid||M|||50|]Incineroar||WhiteHerb|Intimidate|FakeOut,FlareBlitz,PartingShot,DarkestLariat|Brave||M|||50|]Venusaur||FocusSash|Chlorophyll|EarthPower,SleepPowder,Protect,SludgeBomb|Modest||F|||50|]Mudsdale||WideLens|InnerFocus|Curse,RockSlide,HighHorsepower,Protect|Brave||M|||50|
|showteam|p2|Excadrill||FocusSash|SandRush|Earthquake,IronHead,SwordsDance,Protect|Adamant||F|||50|]Tyranitar||Tyranitarite|SandStream|RockSlide,KnockOff,LowKick,Protect|Adamant||F|||50|]Corviknight||SharpBeak|MirrorArmor|BraveBird,Tailwind,BulkUp,Roost|Careful||M|||50|]Rotom-Wash||ChoiceScarf|Levitate|VoltSwitch,Thunderbolt,Electroweb,HydroPump|Timid|||||50|]Chandelure||ShucaBerry|FlashFire|HeatWave,ShadowBall,TrickRoom,Protect|Modest||F|||50|]Clefable||Clefablite|MagicGuard|FollowMe,Moonblast,HealPulse,Protect|Modest||M|||50|
|inactive|Battle timer is ON: inactive players will automatically lose when time's up. (requested by xxx520)
|inactive|sbhaga34 has 60 seconds left.
|
|t:|1784253812
|teamsize|p1|4
|teamsize|p2|4
|start
|switch|p1a: Charizard|Charizard, L50, M|100/100
|switch|p1b: Venusaur|Venusaur, L50, F|100/100
|switch|p2a: Rotom|Rotom-Wash, L50|100/100
|switch|p2b: Corviknight|Corviknight, L50, M|100/100
|turn|1
|
|t:|1784253828
|switch|p2b: Chandelure|Chandelure, L50, F|100/100
|detailschange|p1a: Charizard|Charizard-Mega-Y, L50, M
|-mega|p1a: Charizard|Charizard|Charizardite Y
|-weather|SunnyDay|[from] ability: Drought|[of] p1a: Charizard
|move|p1b: Venusaur|Sleep Powder|p2a: Rotom
|-status|p2a: Rotom|slp|[from] move: Sleep Powder
|cant|p2a: Rotom|slp
|move|p1a: Charizard|Heat Wave|p2b: Chandelure|[spread] p2a
|-start|p2b: Chandelure|ability: Flash Fire
|-resisted|p2a: Rotom|1
|-damage|p2a: Rotom|65/100 slp
|
|-weather|SunnyDay|[upkeep]
|upkeep
|turn|2
|
|t:|1784253853
|move|p1b: Venusaur|Sleep Powder|p2b: Chandelure|[miss]
|-miss|p1b: Venusaur|p2b: Chandelure
|-curestatus|p2a: Rotom|slp|[msg]
|move|p2a: Rotom|Volt Switch|p1a: Charizard
|-supereffective|p1a: Charizard|1
|-damage|p1a: Charizard|44/100
|
|t:|1784253860
|switch|p2a: Tyranitar|Tyranitar, L50, F|100/100|[from] Volt Switch
|-weather|Sandstorm|[from] ability: Sand Stream|[of] p2a: Tyranitar
|move|p1a: Charizard|Air Slash|p2b: Chandelure
|-damage|p2b: Chandelure|44/100
|move|p2b: Chandelure|Heat Wave|p1a: Charizard|[spread] p1a,p1b
|-resisted|p1a: Charizard|1
|-supereffective|p1b: Venusaur|1
|-damage|p1a: Charizard|15/100
|-enditem|p1b: Venusaur|Focus Sash
|-damage|p1b: Venusaur|1/100
|
|-weather|Sandstorm|[upkeep]
|-damage|p1a: Charizard|9/100|[from] Sandstorm
|-damage|p1b: Venusaur|0 fnt|[from] Sandstorm
|-damage|p2b: Chandelure|38/100|[from] Sandstorm
|faint|p1b: Venusaur
|upkeep
|
|t:|1784253878
|switch|p1b: Incineroar|Incineroar, L50, M|100/100
|-ability|p1b: Incineroar|Intimidate|boost
|-unboost|p2a: Tyranitar|atk|1
|-unboost|p2b: Chandelure|atk|1
|turn|3
|
|t:|1784253898
|-end|p2b: Chandelure|ability: Flash Fire|[silent]
|switch|p2b: Rotom|Rotom-Wash, L50|65/100
|move|p1b: Incineroar|Fake Out|p2a: Tyranitar
|-resisted|p2a: Tyranitar|1
|-damage|p2a: Tyranitar|94/100
|move|p1a: Charizard|Air Slash|p2b: Rotom
|-resisted|p2b: Rotom|1
|-damage|p2b: Rotom|40/100
|cant|p2a: Tyranitar|flinch
|
|-weather|Sandstorm|[upkeep]
|-damage|p2b: Rotom|35/100|[from] Sandstorm
|-damage|p1a: Charizard|3/100|[from] Sandstorm
|-damage|p1b: Incineroar|94/100|[from] Sandstorm
|upkeep
|turn|4
|
|t:|1784253916
|switch|p1b: Farigiraf|Farigiraf, L50, F|100/100
|move|p1a: Charizard|Protect|p1a: Charizard
|-singleturn|p1a: Charizard|Protect
|move|p2b: Rotom|Volt Switch|p1a: Charizard
|-activate|p1a: Charizard|move: Protect
|move|p2a: Tyranitar|Rock Slide|p1b: Farigiraf|[spread] p1b
|-activate|p1a: Charizard|move: Protect
|-damage|p1b: Farigiraf|85/100
|
|-weather|Sandstorm|[upkeep]
|-damage|p2b: Rotom|29/100|[from] Sandstorm
|-damage|p1a: Charizard|0 fnt|[from] Sandstorm
|-damage|p1b: Farigiraf|78/100|[from] Sandstorm
|faint|p1a: Charizard
|upkeep
|
|t:|1784253932
|switch|p1a: Incineroar|Incineroar, L50, M|94/100
|-ability|p1a: Incineroar|Intimidate|boost
|-unboost|p2a: Tyranitar|atk|1
|-unboost|p2b: Rotom|atk|1
|turn|5
|
|t:|1784253951
|switch|p2a: Chandelure|Chandelure, L50, F|38/100
|move|p1a: Incineroar|Fake Out|p2a: Chandelure
|-immune|p2a: Chandelure
|move|p2b: Rotom|Volt Switch|p1a: Incineroar
|-damage|p1a: Incineroar|69/100
|
|t:|1784253958
|switch|p2b: Tyranitar|Tyranitar, L50, F|94/100|[from] Volt Switch
|move|p1b: Farigiraf|Thunderbolt|p2b: Tyranitar
|-damage|p2b: Tyranitar|82/100
|
|-weather|Sandstorm|[upkeep]
|-damage|p2a: Chandelure|32/100|[from] Sandstorm
|-damage|p1b: Farigiraf|72/100|[from] Sandstorm
|-damage|p1a: Incineroar|63/100|[from] Sandstorm
|upkeep
|turn|6
|
|t:|1784253971
|move|p2a: Chandelure|Heat Wave|p1a: Incineroar|[spread] p1a,p1b
|-resisted|p1a: Incineroar|1
|-crit|p1b: Farigiraf
|-damage|p1a: Incineroar|44/100
|-damage|p1b: Farigiraf|12/100
|-enditem|p1b: Farigiraf|Sitrus Berry|[eat]
|-heal|p1b: Farigiraf|37/100|[from] item: Sitrus Berry
|move|p2b: Tyranitar|Rock Slide|p1b: Farigiraf|[spread] p1a,p1b
|-supereffective|p1a: Incineroar|1
|-damage|p1a: Incineroar|0 fnt
|-damage|p1b: Farigiraf|14/100
|faint|p1a: Incineroar
|move|p1b: Farigiraf|Thunderbolt|p2b: Tyranitar
|-damage|p2b: Tyranitar|68/100
|
|-weather|none
|upkeep
|turn|7
|
|t:|1784253988
|detailschange|p2b: Tyranitar|Tyranitar-Mega, L50, F
|-mega|p2b: Tyranitar|Tyranitar|Tyranitarite
|-weather|Sandstorm|[from] ability: Sand Stream|[of] p2b: Tyranitar
|move|p2b: Tyranitar|Knock Off|p1b: Farigiraf
|-supereffective|p1b: Farigiraf|1
|-crit|p1b: Farigiraf
|-damage|p1b: Farigiraf|0 fnt
|faint|p1b: Farigiraf
|
|win|sbhaga34
