|j|☆BeatrizPinzon64
|j|☆Fubuu
|html|BeatrizPinzon64Fubuu    
|uhtml|bestof|Game 1 of a best-of-3
|t:|1782433506
|gametype|doubles
|player|p1|BeatrizPinzon64|clerkf|1138
|player|p2|Fubuu|265|1099
|gen|9
|tier|[Gen 9 Champions] VGC 2026 Reg M-B (Bo3)
|rated|
|rule|Species Clause: Limit one of each Pokémon
|rule|Item Clause: Limit 1 of each item
|clearpoke
|poke|p1|Metagross, L50|
|poke|p1|Floette-Eternal, L50, F|
|poke|p1|Whimsicott, L50, M|
|poke|p1|Garchomp, L50, F|
|poke|p1|Kingambit, L50, M|
|poke|p1|Sneasler, L50, F|
|poke|p2|Eelektross, L50, F|
|poke|p2|Sableye, L50, M|
|poke|p2|Pelipper, L50, M|
|poke|p2|Mamoswine, L50, M|
|poke|p2|Kingambit, L50, M|
|poke|p2|Araquanid, L50, M|
|teampreview|4
|showteam|p1|Metagross||Metagrossite|ClearBody|IcePunch,IronHead,PsychicFangs,Protect|Jolly|||||50|]Floette-Eternal||Floettite|FlowerVeil|LightofRuin,Moonblast,DazzlingGleam,Protect|Timid||F|||50|]Whimsicott||FocusSash|Prankster|Moonblast,Tailwind,EnergyBall,Encore|Timid||M|||50|]Garchomp||LifeOrb|RoughSkin|DragonClaw,RockTomb,StompingTantrum,Protect|Jolly||F|||50|]Kingambit||ChopleBerry|Defiant|SuckerPunch,KowtowCleave,IronHead,Protect|Adamant||M|||50|]Sneasler||WhiteHerb|Unburden|CloseCombat,DireClaw,FakeOut,Protect|Jolly||F|||50|
|showteam|p2|Eelektross||Eelektrossite|Levitate|CloseCombat,GigaDrain,Thunder,Protect|Modest||F|||50|]Sableye||MentalHerb|Prankster|RainDance,Encore,DazzlingGleam,Quash|Calm||M|||50|]Pelipper||ExpertBelt|Drizzle|Hurricane,WeatherBall,Protect,Tailwind|Modest||M|||50|]Mamoswine||FocusSash|Oblivious|IcicleSpear,HighHorsepower,Earthquake,Protect|Adamant||M|||50|]Kingambit||ChopleBerry|Defiant|LowKick,IronHead,KowtowCleave,Protect|Adamant||M|||50|]Araquanid||MysticWater|WaterBubble|Liquidation,LeechLife,StickyWeb,Protect|Adamant||M|||50|
|
|t:|1782433540
|teamsize|p1|4
|teamsize|p2|4
|start
|switch|p1a: Floette|Floette-Eternal, L50, F|100/100
|switch|p1b: Sneasler|Sneasler, L50, F|100/100
|switch|p2a: Pelipper|Pelipper, L50, M|100/100
|switch|p2b: Mamoswine|Mamoswine, L50, M|100/100
|-weather|RainDance|[from] ability: Drizzle|[of] p2a: Pelipper
|turn|1
|inactive|Battle timer is ON: inactive players will automatically lose when time's up. (requested by Fubuu)
|inactive|BeatrizPinzon64 has 60 seconds left.
|
|t:|1782433572
|detailschange|p1a: Floette|Floette-Mega, L50, F
|-mega|p1a: Floette|Floette|Floettite
|-ability|p1a: Floette|Fairy Aura
|move|p2b: Mamoswine|Protect|p2b: Mamoswine
|-singleturn|p2b: Mamoswine|Protect
|move|p2a: Pelipper|Protect|p2a: Pelipper
|-singleturn|p2a: Pelipper|Protect
|move|p1b: Sneasler|Fake Out|p2a: Pelipper
|-activate|p2a: Pelipper|move: Protect
|move|p1a: Floette|Dazzling Gleam|p2b: Mamoswine|[spread] 
|-activate|p2a: Pelipper|move: Protect
|-activate|p2b: Mamoswine|move: Protect
|
|-weather|RainDance|[upkeep]
|upkeep
|turn|2
|j| ShinyRayquaza387
|l| ShinyRayquaza387
|
|t:|1782433593
|move|p1b: Sneasler|Close Combat|p2b: Mamoswine
|-supereffective|p2b: Mamoswine|1
|-enditem|p2b: Mamoswine|Focus Sash
|-damage|p2b: Mamoswine|1/100
|-unboost|p1b: Sneasler|def|1
|-unboost|p1b: Sneasler|spd|1
|-enditem|p1b: Sneasler|White Herb
|-clearnegativeboost|p1b: Sneasler|[silent]
|move|p1a: Floette|Light of Ruin|p2a: Pelipper
|-damage|p2a: Pelipper|0 fnt
|faint|p2a: Pelipper
|-damage|p1a: Floette|53/100|[from] Recoil
|move|p2b: Mamoswine|High Horsepower|p1b: Sneasler
|-supereffective|p1b: Sneasler|1
|-damage|p1b: Sneasler|0 fnt
|faint|p1b: Sneasler
|
|-weather|RainDance|[upkeep]
|upkeep
|
|t:|1782433611
|switch|p1b: Garchomp|Garchomp, L50, F|100/100
|switch|p2a: Araquanid|Araquanid, L50, M|100/100
|turn|3
|inactive|BeatrizPinzon64 has 30 seconds left.
|
|t:|1782433644
|move|p1b: Garchomp|Dragon Claw|p2a: Araquanid
|-damage|p2a: Araquanid|41/100
|-damage|p1b: Garchomp|90/100|[from] item: Life Orb
|move|p1a: Floette|Dazzling Gleam|p2b: Mamoswine|[spread] p2a,p2b
|-damage|p2a: Araquanid|2/100
|-damage|p2b: Mamoswine|0 fnt
|faint|p2b: Mamoswine
|move|p2a: Araquanid|Liquidation|p1a: Floette
|-damage|p1a: Floette|0 fnt
|faint|p1a: Floette
|
|-weather|RainDance|[upkeep]
|upkeep
|
|t:|1782433655
|switch|p1a: Kingambit|Kingambit, L50, M|100/100
|switch|p2b: Eelektross|Eelektross, L50, F|100/100
|turn|4
|
|t:|1782433678
|detailschange|p2b: Eelektross|Eelektross-Mega, L50, F
|-mega|p2b: Eelektross|Eelektross|Eelektrossite
|move|p1a: Kingambit|Sucker Punch|p2b: Eelektross
|-damage|p2b: Eelektross|60/100
|move|p1b: Garchomp|Dragon Claw|p2b: Eelektross
|-damage|p2b: Eelektross|11/100
|-damage|p1b: Garchomp|80/100|[from] item: Life Orb
|move|p2b: Eelektross|Thunder|p1a: Kingambit
|-damage|p1a: Kingambit|34/100
|move|p2a: Araquanid|Liquidation|p1a: Kingambit
|-damage|p1a: Kingambit|0 fnt
|faint|p1a: Kingambit
|
|-weather|RainDance|[upkeep]
|upkeep
|turn|5
|
|t:|1782433696
|move|p1b: Garchomp|Dragon Claw|p2a: Araquanid
|-damage|p2a: Araquanid|0 fnt
|faint|p2a: Araquanid
|-damage|p1b: Garchomp|71/100|[from] item: Life Orb
|move|p2b: Eelektross|Giga Drain|p1b: Garchomp
|-damage|p1b: Garchomp|42/100
|-heal|p2b: Eelektross|28/100|[from] drain|[of] p1b: Garchomp
|
|-weather|none
|upkeep
|turn|6
|
|t:|1782433706
|move|p1b: Garchomp|Dragon Claw|p2b: Eelektross
|-damage|p2b: Eelektross|0 fnt
|faint|p2b: Eelektross
|-damage|p1b: Garchomp|32/100|[from] item: Life Orb
|
|win|BeatrizPinzon64
||Fubuu is ready for game 2.
||BeatrizPinzon64 is ready for game 2.
|uhtml|next|Next: Game 2 of 3
|l|☆Fubuu
|player|p2|
