|j|☆Darkan33
|j|☆Jamstiffer
|html|Darkan33Jamstiffer    
|uhtml|bestof|Game 2 of a best-of-3
|t:|1756396155
|gametype|doubles
|player|p1|Darkan33|veteran|1086
|player|p2|Jamstiffer|steven|1088
|gen|9
|tier|[Gen 9] VGC 2025 Reg H (Bo3)
|rated|
|rule|Species Clause: Limit one of each Pokémon
|rule|Item Clause: Limit 1 of each item
|clearpoke
|poke|p1|Kingdra, L50, M|
|poke|p1|Pelipper, L50, M|
|poke|p1|Garchomp, L50, F|
|poke|p1|Breloom, L50, F|
|poke|p1|Archaludon, L50, F|
|poke|p1|Grimmsnarl, L50, M|
|poke|p2|Tyranitar, L50, F|
|poke|p2|Excadrill, L50, F|
|poke|p2|Gholdengo, L50|
|poke|p2|Volcarona, L50, F|
|poke|p2|Gastrodon, L50, M|
|poke|p2|Rillaboom, L50, F|
|teampreview|4
|showteam|p1|Kingdra||LifeOrb|SwiftSwim|MuddyWater,DracoMeteor,Hurricane,Protect|||M|||50|,,,,,Stellar]Pelipper||CovertCloak|Drizzle|WeatherBall,Hurricane,WideGuard,Tailwind|||M|||50|,,,,,Ghost]Garchomp||LoadedDice|RoughSkin|ScaleShot,Protect,StompingTantrum,Earthquake|||F|||50|,,,,,Steel]Breloom||FocusSash|Technician|MachPunch,BulletSeed,Spore,Protect|||F|||50|,,,,,Steel]Archaludon||AssaultVest|Stamina|BodyPress,FlashCannon,ElectroShot,DragonPulse|||F|||50|,,,,,Grass]Grimmsnarl||LightClay|Prankster|LightScreen,Reflect,SpiritBreak,ThunderWave|||M|||50|,,,,,Ghost
|showteam|p2|Tyranitar||AssaultVest|SandStream|RockSlide,KnockOff,TeraBlast,LowKick|||F|||50|,,,,,Flying]Excadrill||FocusSash|SandRush|HighHorsepower,Earthquake,IronHead,Protect|||F|||50|,,,,,Stellar]Gholdengo||LifeOrb|GoodasGold|MakeItRain,ShadowBall,NastyPlot,Protect||||||50|,,,,,Water]Volcarona||CovertCloak|FlameBody|RagePowder,FieryDance,StruggleBug,Tailwind|||F|||50|,,,,,Grass]Gastrodon||Leftovers|StormDrain|Yawn,IceBeam,EarthPower,Protect|||M|||50|,,,,,Poison]Rillaboom||MiracleSeed|GrassySurge|FakeOut,GrassyGlide,WoodHammer,HighHorsepower|||F|||50|,,,,,Fire
|inactive|Battle timer is ON: inactive players will automatically lose when time's up. (requested by Jamstiffer)
|inactiveoff|Battle timer is now OFF.
|inactive|Battle timer is ON: inactive players will automatically lose when time's up. (requested by Darkan33)
|inactive|Jamstiffer has 30 seconds left.
|
|t:|1756396202
|teamsize|p1|4
|teamsize|p2|4
|start
|switch|p1a: Garchomp|Garchomp, L50, F|100/100
|switch|p1b: Breloom|Breloom, L50, F, shiny|100/100
|switch|p2a: Gastrodon|Gastrodon, L50, M|100/100
|switch|p2b: Gholdengo|Gholdengo, L50|100/100
|turn|1
|
|t:|1756396221
|-terastallize|p2a: Gastrodon|Poison
|move|p1a: Garchomp|Scale Shot|p2a: Gastrodon
|-damage|p2a: Gastrodon|89/100
|-damage|p2a: Gastrodon|79/100
|-damage|p2a: Gastrodon|67/100
|-damage|p2a: Gastrodon|56/100
|-damage|p2a: Gastrodon|45/100
|-hitcount|p2a: Gastrodon|5
|-unboost|p1a: Garchomp|def|1
|-boost|p1a: Garchomp|spe|1
|move|p1b: Breloom|Spore|p2b: Gholdengo
|-immune|p2b: Gholdengo|[from] ability: Good as Gold
|move|p2b: Gholdengo|Nasty Plot|p2b: Gholdengo
|-boost|p2b: Gholdengo|spa|2
|move|p2a: Gastrodon|Ice Beam|p1a: Garchomp
|-supereffective|p1a: Garchomp
|-damage|p1a: Garchomp|18/100
|-status|p1a: Garchomp|frz
|
|-heal|p2a: Gastrodon|51/100|[from] item: Leftovers
|upkeep
|turn|2
|inactive|Darkan33 has 30 seconds left.
|inactive|Jamstiffer has 30 seconds left.
|inactive|Darkan33 has 20 seconds left.
|
|t:|1756396259
|switch|p2a: Rillaboom|Rillaboom, L50, F|100/100
|-fieldstart|move: Grassy Terrain|[from] ability: Grassy Surge|[of] p2a: Rillaboom
|move|p1b: Breloom|Protect|p1b: Breloom
|-singleturn|p1b: Breloom|Protect
|cant|p1a: Garchomp|frz
|move|p2b: Gholdengo|Make It Rain|p1a: Garchomp|[spread] p1a
|-activate|p1b: Breloom|move: Protect
|-damage|p1a: Garchomp|0 fnt
|-unboost|p2b: Gholdengo|spa|1
|faint|p1a: Garchomp
|-damage|p2b: Gholdengo|91/100|[from] item: Life Orb
|
|-heal|p2b: Gholdengo|97/100|[from] Grassy Terrain
|upkeep
|
|t:|1756396271
|switch|p1a: Pelipper|Pelipper, L50, M, shiny|100/100
|-weather|RainDance|[from] ability: Drizzle|[of] p1a: Pelipper
|turn|3
|inactive|Darkan33 has 30 seconds left.
|
|t:|1756396301
|switch|p1b: Archaludon|Archaludon, L50, F|100/100
|-terastallize|p1a: Pelipper|Ghost
|move|p2a: Rillaboom|Fake Out|p1b: Archaludon
|-resisted|p1b: Archaludon
|-damage|p1b: Archaludon|95/100
|-ability|p1b: Archaludon|Stamina|boost
|-boost|p1b: Archaludon|def|1
|move|p2b: Gholdengo|Shadow Ball|p1a: Pelipper
|-supereffective|p1a: Pelipper
|-damage|p1a: Pelipper|0 fnt
|faint|p1a: Pelipper
|-damage|p2b: Gholdengo|87/100|[from] item: Life Orb
|
|-weather|RainDance|[upkeep]
|-heal|p2b: Gholdengo|93/100|[from] Grassy Terrain
|-heal|p1b: Archaludon|100/100|[from] Grassy Terrain
|upkeep
|
|t:|1756396311
|switch|p1a: Breloom|Breloom, L50, F, shiny|100/100
|turn|4
|
|t:|1756396328
|move|p2b: Gholdengo|Protect|p2b: Gholdengo
|-singleturn|p2b: Gholdengo|Protect
|move|p2a: Rillaboom|Grassy Glide|p1a: Breloom
|-resisted|p1a: Breloom
|-damage|p1a: Breloom|68/100
|move|p1a: Breloom|Bullet Seed|p1b: Archaludon
|-resisted|p1b: Archaludon
|-damage|p1b: Archaludon|97/100
|-ability|p1b: Archaludon|Stamina|boost
|-boost|p1b: Archaludon|def|1
|-resisted|p1b: Archaludon
|-damage|p1b: Archaludon|95/100
|-ability|p1b: Archaludon|Stamina|boost
|-boost|p1b: Archaludon|def|1
|-resisted|p1b: Archaludon
|-damage|p1b: Archaludon|93/100
|-ability|p1b: Archaludon|Stamina|boost
|-boost|p1b: Archaludon|def|1
|-resisted|p1b: Archaludon
|-damage|p1b: Archaludon|92/100
|-ability|p1b: Archaludon|Stamina|boost
|-boost|p1b: Archaludon|def|1
|-resisted|p1b: Archaludon
|-damage|p1b: Archaludon|91/100
|-ability|p1b: Archaludon|Stamina|boost
|-boost|p1b: Archaludon|def|1
|-hitcount|p1b: Archaludon|5
|move|p1b: Archaludon|Electro Shot||[still]
|-prepare|p1b: Archaludon|Electro Shot
|-boost|p1b: Archaludon|spa|1
|-anim|p1b: Archaludon|Electro Shot|p2b: Gholdengo
|-activate|p2b: Gholdengo|move: Protect
|
|-weather|RainDance|[upkeep]
|-heal|p1a: Breloom|74/100|[from] Grassy Terrain
|-heal|p2b: Gholdengo|99/100|[from] Grassy Terrain
|-heal|p1b: Archaludon|97/100|[from] Grassy Terrain
|upkeep
|turn|5
|inactive|Darkan33 has 30 seconds left.
|
|t:|1756396356
|switch|p2b: Tyranitar|Tyranitar, L50, F|100/100
|-weather|Sandstorm|[from] ability: Sand Stream|[of] p2b: Tyranitar
|move|p1a: Breloom|Mach Punch|p2a: Rillaboom
|-damage|p2a: Rillaboom|68/100
|move|p2a: Rillaboom|Wood Hammer|p1a: Breloom
|-resisted|p1a: Breloom
|-damage|p1a: Breloom|0 fnt
|faint|p1a: Breloom
|-damage|p2a: Rillaboom|50/100|[from] Recoil
|move|p1b: Archaludon|Dragon Pulse|p2b: Tyranitar
|-damage|p2b: Tyranitar|78/100
|
|-weather|Sandstorm|[upkeep]
|-damage|p2a: Rillaboom|45/100|[from] Sandstorm
|-heal|p2a: Rillaboom|50/100|[from] Grassy Terrain
|-heal|p1b: Archaludon|100/100|[from] Grassy Terrain
|-heal|p2b: Tyranitar|84/100|[from] Grassy Terrain
|upkeep
|turn|6
|
|t:|1756396379
|move|p2a: Rillaboom|High Horsepower|p1b: Archaludon
|-supereffective|p1b: Archaludon
|-damage|p1b: Archaludon|89/100
|move|p1b: Archaludon|Body Press|p2b: Tyranitar
|-supereffective|p2b: Tyranitar
|-damage|p2b: Tyranitar|0 fnt
|faint|p2b: Tyranitar
|
|-weather|Sandstorm|[upkeep]
|-damage|p2a: Rillaboom|45/100|[from] Sandstorm
|-heal|p2a: Rillaboom|50/100|[from] Grassy Terrain
|-heal|p1b: Archaludon|95/100|[from] Grassy Terrain
|-fieldend|move: Grassy Terrain
|upkeep
|
|t:|1756396385
|switch|p2b: Gastrodon|Gastrodon, L50, M, tera:Poison|51/100
|turn|7
|
|t:|1756396396
|move|p2a: Rillaboom|High Horsepower|p1b: Archaludon
|-supereffective|p1b: Archaludon
|-crit|p1b: Archaludon
|-damage|p1b: Archaludon|23/100
|move|p1b: Archaludon|Dragon Pulse|p2b: Gastrodon
|-damage|p2b: Gastrodon|0 fnt
|faint|p2b: Gastrodon
|
|-weather|Sandstorm|[upkeep]
|-damage|p2a: Rillaboom|45/100|[from] Sandstorm
|upkeep
|
|t:|1756396401
|switch|p2b: Gholdengo|Gholdengo, L50|99/100
|turn|8
|c|☆Jamstiffer|gg
|inactive|Darkan33 has 30 seconds left.
|
|t:|1756396433
|move|p2b: Gholdengo|Shadow Ball|p1b: Archaludon
|-damage|p1b: Archaludon|0 fnt
|faint|p1b: Archaludon
|-damage|p2b: Gholdengo|89/100|[from] item: Life Orb
|
|win|Jamstiffer
||Jamstiffer is ready for game 3.
|inactive|Darkan33 has 30 seconds to confirm battle start!
