|j|☆disobedient_vgc
|j|☆mazelu01
|html|disobedient_vgcmazelu01    
|uhtml|bestof|Game 1 of a best-of-3
|t:|1786031630
|gametype|doubles
|player|p1|disobedient_vgc|leon|1083
|player|p2|mazelu01|2|1055
|gen|9
|tier|[Gen 9 Champions] VGC 2026 Reg M-B (Bo3)
|rated|
|rule|Species Clause: Limit one of each Pokémon
|rule|Item Clause: Limit 1 of each item
|clearpoke
|poke|p1|Gengar, L50, M|
|poke|p1|Incineroar, L50, M, shiny|
|poke|p1|Vivillon-Sandstorm, L50, F|
|poke|p1|Politoed, L50, F|
|poke|p1|Archaludon, L50, F, shiny|
|poke|p1|Swampert, L50, M, shiny|
|poke|p2|Staraptor, L50, F|
|poke|p2|Delphox, L50, F|
|poke|p2|Whimsicott, L50, F|
|poke|p2|Glimmora, L50, F|
|poke|p2|Garchomp, L50, M|
|poke|p2|Kingambit, L50, M|
|teampreview|4
|showteam|p1|Gengar||Gengarite|CursedBody|Protect,PerishSong,ShadowBall,SludgeBomb|Timid||M|||50|]Incineroar||PasshoBerry|Intimidate|FakeOut,Protect,PartingShot,ThroatChop|Sassy||M|||50|]Vivillon-Sandstorm||FocusSash|FriendGuard|Protect,RagePowder,SleepPowder,Hurricane|Timid||F|||50|]Politoed||SitrusBerry|Drizzle|Protect,PerishSong,Encore,WeatherBall|Calm||F|||50|]Archaludon||Leftovers|Stamina|Protect,ElectroShot,DragonPulse,FlashCannon|Calm||F|||50|]Swampert||Swampertite|Torrent|Protect,WaveCrash,Earthquake,IcePunch|Adamant||M|||50|
|showteam|p2|Staraptor||Staraptite|Intimidate|BraveBird,CloseCombat,Roost,Protect|Jolly||F|||50|]Delphox||Delphoxite|Blaze|HeatWave,Psychic,Encore,Protect|Timid||F|||50|]Whimsicott||OccaBerry|Prankster|Moonblast,Tailwind,Charm,LightScreen|Timid||F|||50|]Glimmora||FocusSash|ToxicDebris|PowerGem,SludgeBomb,EarthPower,SpikyShield|Timid||F|||50|]Garchomp||LifeOrb|RoughSkin|DragonClaw,Earthquake,RockSlide,Protect|Jolly||M|||50|]Kingambit||ChopleBerry|Defiant|KowtowCleave,IronHead,SuckerPunch,LowKick|Adamant||M|||50|
|j| weird alttt
|inactive|Battle timer is ON: inactive players will automatically lose when time's up. (requested by mazelu01)
|inactive|disobedient_vgc has 60 seconds left.
|inactive|disobedient_vgc has 30 seconds left.
|
|t:|1786031767
|teamsize|p1|4
|teamsize|p2|4
|start
|switch|p1a: Politoed|Politoed, L50, F|100/100
|switch|p1b: Swampert|Swampert, L50, M, shiny|100/100
|switch|p2a: Whimsicott|Whimsicott, L50, F|100/100
|switch|p2b: Staraptor|Staraptor, L50, F|100/100
|-ability|p2b: Staraptor|Intimidate|boost
|-unboost|p1a: Politoed|atk|1
|-unboost|p1b: Swampert|atk|1
|-weather|RainDance|[from] ability: Drizzle|[of] p1a: Politoed
|turn|1
|inactive|disobedient_vgc has 30 seconds left.
|inactive|mazelu01 has 30 seconds left.
|
|t:|1786031798
|detailschange|p2b: Staraptor|Staraptor-Mega, L50, F
|-mega|p2b: Staraptor|Staraptor|Staraptite
|detailschange|p1b: Swampert|Swampert-Mega, L50, M, shiny
|-mega|p1b: Swampert|Swampert|Swampertite
|move|p2a: Whimsicott|Charm|p2b: Staraptor
|-boost|p2b: Staraptor|atk|2
|move|p1b: Swampert|Wave Crash|p2b: Staraptor
|-damage|p2b: Staraptor|22/100
|-damage|p1b: Swampert|75/100|[from] Recoil
|move|p2b: Staraptor|Close Combat|p1b: Swampert
|-damage|p1b: Swampert|0 fnt
|-boost|p2b: Staraptor|def|1
|-boost|p2b: Staraptor|spd|1
|faint|p1b: Swampert
|move|p1a: Politoed|Weather Ball|p2b: Staraptor
|-damage|p2b: Staraptor|0 fnt
|faint|p2b: Staraptor
|
|-weather|RainDance|[upkeep]
|upkeep
|
|t:|1786031819
|switch|p2b: Kingambit|Kingambit, L50, M|100/100
|switch|p1b: Archaludon|Archaludon, L50, F, shiny|100/100
|turn|2
|inactive|disobedient_vgc has 30 seconds left.
|inactive|disobedient_vgc has 20 seconds left.
|
|t:|1786031859
|switch|p2b: Garchomp|Garchomp, L50, M|100/100
|move|p2a: Whimsicott|Light Screen|p2a: Whimsicott
|-sidestart|p2: mazelu01|move: Light Screen
|move|p1b: Archaludon|Electro Shot||[still]
|-prepare|p1b: Archaludon|Electro Shot
|-boost|p1b: Archaludon|spa|1
|-anim|p1b: Archaludon|Electro Shot|p2b: Garchomp
|-immune|p2b: Garchomp
|move|p1a: Politoed|Weather Ball|p2b: Garchomp
|-damage|p2b: Garchomp|62/100
|
|-weather|RainDance|[upkeep]
|upkeep
|turn|3
|inactive|disobedient_vgc has 30 seconds left.
|
|t:|1786031884
|switch|p1a: Incineroar|Incineroar, L50, M, shiny|100/100
|-ability|p1a: Incineroar|Intimidate|boost
|-unboost|p2a: Whimsicott|atk|1
|-unboost|p2b: Garchomp|atk|1
|move|p2a: Whimsicott|Tailwind|p2a: Whimsicott
|-sidestart|p2: mazelu01|move: Tailwind
|move|p2b: Garchomp|Earthquake|p1a: Incineroar|[spread] p2a,p1a,p1b
|-resisted|p2a: Whimsicott|1
|-supereffective|p1a: Incineroar|1
|-supereffective|p1b: Archaludon|1
|-damage|p2a: Whimsicott|77/100
|-damage|p1a: Incineroar|44/100
|-damage|p1b: Archaludon|52/100
|-ability|p1b: Archaludon|Stamina|boost
|-boost|p1b: Archaludon|def|1
|-damage|p2b: Garchomp|52/100|[from] item: Life Orb
|move|p1b: Archaludon|Dragon Pulse|p2b: Garchomp
|-supereffective|p2b: Garchomp|1
|-damage|p2b: Garchomp|0 fnt
|faint|p2b: Garchomp
|
|-weather|RainDance|[upkeep]
|-heal|p1b: Archaludon|58/100|[from] item: Leftovers
|upkeep
|
|t:|1786031901
|switch|p2b: Kingambit|Kingambit, L50, M|100/100
|turn|4
|
|t:|1786031912
|move|p1a: Incineroar|Fake Out|p2b: Kingambit
|-resisted|p2b: Kingambit|1
|-damage|p2b: Kingambit|96/100
|move|p2a: Whimsicott|Moonblast|p1a: Incineroar
|-damage|p1a: Incineroar|21/100
|cant|p2b: Kingambit|flinch
|move|p1b: Archaludon|Flash Cannon|p2a: Whimsicott
|-supereffective|p2a: Whimsicott|1
|-damage|p2a: Whimsicott|0 fnt
|faint|p2a: Whimsicott
|
|-weather|RainDance|[upkeep]
|-heal|p1b: Archaludon|64/100|[from] item: Leftovers
|upkeep
|turn|5
|
|t:|1786031930
|move|p1b: Archaludon|Protect|p1b: Archaludon
|-singleturn|p1b: Archaludon|Protect
|move|p2b: Kingambit|Low Kick|p1b: Archaludon
|-activate|p1b: Archaludon|move: Protect
|move|p1a: Incineroar|Throat Chop|p2b: Kingambit
|-resisted|p2b: Kingambit|1
|-damage|p2b: Kingambit|84/100
|-start|p2b: Kingambit|Throat Chop|[silent]
|
|-weather|none
|-heal|p1b: Archaludon|70/100|[from] item: Leftovers
|upkeep
|turn|6
|inactive|disobedient_vgc has 30 seconds left.
|inactive|disobedient_vgc has 20 seconds left.
|inactive|disobedient_vgc has 15 seconds left.
|
|t:|1786031973
|switch|p1a: Politoed|Politoed, L50, F|100/100
|-weather|RainDance|[from] ability: Drizzle|[of] p1a: Politoed
|move|p2b: Kingambit|Low Kick|p1b: Archaludon
|-supereffective|p1b: Archaludon|1
|-damage|p1b: Archaludon|39/100
|-ability|p1b: Archaludon|Stamina|boost
|-boost|p1b: Archaludon|def|1
|move|p1b: Archaludon|Electro Shot||[still]
|-prepare|p1b: Archaludon|Electro Shot
|-boost|p1b: Archaludon|spa|1
|-anim|p1b: Archaludon|Electro Shot|p2b: Kingambit
|-damage|p2b: Kingambit|38/100
|
|-weather|RainDance|[upkeep]
|-heal|p1b: Archaludon|45/100|[from] item: Leftovers
|-end|p2b: Kingambit|Throat Chop|[silent]
|-sideend|p2: mazelu01|move: Light Screen
|-sideend|p2: mazelu01|move: Tailwind
|upkeep
|turn|7
|inactive|mazelu01 has 30 seconds left.
|inactive|mazelu01 has 20 seconds left.
|inactive|mazelu01 has 15 seconds left.
|inactive|mazelu01 has 10 seconds left.
|inactive|mazelu01 has 5 seconds left.
|
|t:|1786032023
|move|p1b: Archaludon|Protect|p1b: Archaludon
|-singleturn|p1b: Archaludon|Protect
|move|p2b: Kingambit|Sucker Punch|p1a: Politoed
|-damage|p1a: Politoed|64/100
|move|p1a: Politoed|Weather Ball|p2b: Kingambit
|-damage|p2b: Kingambit|0 fnt
|faint|p2b: Kingambit
|
|win|disobedient_vgc
|inactive|disobedient_vgc has 30 seconds to confirm battle start!
|inactive|mazelu01 has 30 seconds to confirm battle start!
|l|☆mazelu01
|player|p2|
|inactive|disobedient_vgc has 20 seconds to confirm battle start!
|inactive|mazelu01 has 20 seconds to confirm battle start!
||disobedient_vgc is ready for game 2.
|inactive|mazelu01 has 10 seconds to confirm battle start!
||mazelu01 is ready for game 2.
|uhtml|next|Next: Game 2 of 3
|l|☆disobedient_vgc
|player|p1|
