|j|☆Jojo_Z.ro1015
|j|☆Areaavi
|html|Jojo_Z.ro1015Areaavi    
|uhtml|bestof|Game 3 of a best-of-3
|t:|1785396059
|gametype|doubles
|player|p1|Jojo_Z.ro1015|cynthia-gen4|1047
|player|p2|Areaavi|1|1053
|gen|9
|tier|[Gen 9 Champions] VGC 2026 Reg M-B (Bo3)
|rated|
|rule|Species Clause: Limit one of each Pokémon
|rule|Item Clause: Limit 1 of each item
|clearpoke
|poke|p1|Sceptile, L50, M, shiny|
|poke|p1|Jolteon, L50, M|
|poke|p1|Staraptor, L50, M, shiny|
|poke|p1|Talonflame, L50, M, shiny|
|poke|p1|Sinistcha-Masterpiece, L50|
|poke|p1|Garchomp, L50, M, shiny|
|poke|p2|Dragalge, L50, F|
|poke|p2|Whimsicott, L50, M|
|poke|p2|Incineroar, L50, F|
|poke|p2|Corviknight, L50, F|
|poke|p2|Kingambit, L50, M|
|poke|p2|Rotom-Heat, L50|
|teampreview|4
|showteam|p1|Sceptile||Sceptilite|Unburden|DragonPulse,EnergyBall,Detect,EarthPower|Modest||M|||50|]Jolteon||ChoiceScarf|VoltAbsorb|Protect,Discharge,AlluringVoice,Thunderbolt|Timid||M|||50|]Staraptor||Staraptite|Intimidate|CloseCombat,BraveBird,Tailwind,Roost|Adamant||M|||50|]Talonflame|||GaleWings|Tailwind,Acrobatics,BlazeKick,Protect|Jolly||M|||50|]Sinistcha-Masterpiece||SitrusBerry|Hospitality|StrengthSap,MatchaGotcha,RagePowder,LifeDew|Bold|||||50|]Garchomp||YacheBerry|RoughSkin|DragonClaw,SwordsDance,FireFang,Earthquake|Jolly||M|||50|
|showteam|p2|Dragalge||Dragalgite|Adaptability|SludgeBomb,DracoMeteor,Thunderbolt,Protect|Modest||F|||50|]Whimsicott||FocusSash|Prankster|Tailwind,TrickRoom,Moonblast,Encore|Timid||M|||50|]Incineroar||SitrusBerry|Intimidate|FakeOut,PartingShot,FlareBlitz,CloseCombat|Adamant||F|||50|]Corviknight||Leftovers|MirrorArmor|BraveBird,BulkUp,Roost,Protect|Impish||F|||50|]Kingambit||LifeOrb|Defiant|KowtowCleave,LowKick,SuckerPunch,Protect|Adamant||M|||50|]Rotom-Heat||ChoiceScarf|Levitate|Overheat,Thunderbolt,WillOWisp,VoltSwitch|Modest|||||50|
|inactive|Battle timer is ON: inactive players will automatically lose when time's up. (requested by Jojo_Z.ro1015)
|
|t:|1785396087
|teamsize|p1|4
|teamsize|p2|4
|start
|switch|p1a: Jolteon|Jolteon, L50, M|100/100
|switch|p1b: Sceptile|Sceptile, L50, M, shiny|100/100
|switch|p2a: Corviknight|Corviknight, L50, F|100/100
|switch|p2b: Rotom|Rotom-Heat, L50|100/100
|turn|1
|inactive|Areaavi has 30 seconds left.
|
|t:|1785396112
|detailschange|p1b: Sceptile|Sceptile-Mega, L50, M, shiny
|-mega|p1b: Sceptile|Sceptile|Sceptilite
|move|p2a: Corviknight|Protect|p2a: Corviknight
|-singleturn|p2a: Corviknight|Protect
|move|p1a: Jolteon|Discharge|p2b: Rotom|[spread] p2b
|-activate|p2a: Corviknight|move: Protect
|-ability|p1b: Sceptile|Lightning Rod|boost
|-boost|p1b: Sceptile|spa|1
|-resisted|p2b: Rotom|1
|-damage|p2b: Rotom|82/100
|move|p1b: Sceptile|Dragon Pulse|p2b: Rotom
|-damage|p2b: Rotom|0 fnt
|faint|p2b: Rotom
|
|upkeep
|
|t:|1785396129
|switch|p2b: Dragalge|Dragalge, L50, F|100/100
|turn|2
|
|t:|1785396140
|detailschange|p2b: Dragalge|Dragalge-Mega, L50, F
|-mega|p2b: Dragalge|Dragalge|Dragalgite
|move|p1a: Jolteon|Discharge|p2b: Dragalge|[spread] p2a,p2b
|-ability|p1b: Sceptile|Lightning Rod|boost
|-boost|p1b: Sceptile|spa|1
|-supereffective|p2a: Corviknight|1
|-resisted|p2b: Dragalge|1
|-damage|p2a: Corviknight|50/100g
|-damage|p2b: Dragalge|91/100
|-status|p2a: Corviknight|par
|move|p1b: Sceptile|Dragon Pulse|p2b: Dragalge
|-supereffective|p2b: Dragalge|1
|-damage|p2b: Dragalge|0 fnt
|faint|p2b: Dragalge
|move|p2a: Corviknight|Brave Bird|p1b: Sceptile
|-supereffective|p1b: Sceptile|1
|-damage|p1b: Sceptile|0 fnt
|faint|p1b: Sceptile
|-damage|p2a: Corviknight|26/100 par|[from] Recoil
|
|-heal|p2a: Corviknight|32/100 par|[from] item: Leftovers
|upkeep
|
|t:|1785396160
|switch|p1b: Garchomp|Garchomp, L50, M, shiny|100/100
|switch|p2b: Whimsicott|Whimsicott, L50, M|100/100
|turn|3
|
|t:|1785396178
|move|p2a: Corviknight|Protect|p2a: Corviknight
|-singleturn|p2a: Corviknight|Protect
|move|p1a: Jolteon|Discharge|p2a: Corviknight|[spread] p2b
|-activate|p2a: Corviknight|move: Protect
|-immune|p1b: Garchomp
|-resisted|p2b: Whimsicott|1
|-damage|p2b: Whimsicott|76/100
|move|p1b: Garchomp|Fire Fang|p2b: Whimsicott
|-supereffective|p2b: Whimsicott|1
|-damage|p2b: Whimsicott|5/100
|move|p2b: Whimsicott|Trick Room|p2b: Whimsicott
|-fieldstart|move: Trick Room|[of] p2b: Whimsicott
|
|-heal|p2a: Corviknight|38/100 par|[from] item: Leftovers
|upkeep
|turn|4
|inactive|Areaavi has 30 seconds left.
|
|t:|1785396204
|move|p2a: Corviknight|Roost|p2a: Corviknight
|-heal|p2a: Corviknight|88/100 par
|-singleturn|p2a: Corviknight|move: Roost
|move|p1b: Garchomp|Fire Fang|p2b: Whimsicott
|-supereffective|p2b: Whimsicott|1
|-damage|p2b: Whimsicott|0 fnt
|faint|p2b: Whimsicott
|move|p1a: Jolteon|Discharge|p2a: Corviknight|[spread] p2a
|-immune|p1b: Garchomp
|-damage|p2a: Corviknight|61/100 par
|
|-heal|p2a: Corviknight|67/100 par|[from] item: Leftovers
|upkeep
|turn|5
|
|t:|1785396225
|move|p2a: Corviknight|Bulk Up|p2a: Corviknight
|-boost|p2a: Corviknight|atk|1
|-boost|p2a: Corviknight|def|1
|move|p1b: Garchomp|Fire Fang|p2a: Corviknight
|-supereffective|p2a: Corviknight|1
|-damage|p2a: Corviknight|45/100 par
|move|p1a: Jolteon|Discharge|p2a: Corviknight|[spread] p2a
|-immune|p1b: Garchomp
|-supereffective|p2a: Corviknight|1
|-damage|p2a: Corviknight|0 fnt
|faint|p2a: Corviknight
|
|win|Jojo_Z.ro1015
|raw|Jojo_Z.ro1015's rating: 1047 → 1081(+34 for winning)
|raw|Areaavi's rating: 1053 → 1035(-18 for losing)
|l|☆Jojo_Z.ro1015
|player|p1|
|l|☆Areaavi
|player|p2|
|j|☆Jojo_Z.ro1015
|player|p1|Jojo_Z.ro1015|cynthia-gen4|
