|j|☆Chukimori
|j|☆James Ferraro
|html|ChukimoriJames Ferraro    
|uhtml|bestof|Game 2 of a best-of-3
|t:|1782216074
|gametype|doubles
|player|p1|Chukimori|gambler|1156
|player|p2|James Ferraro|veteranf|1164
|gen|9
|tier|[Gen 9 Champions] VGC 2026 Reg M-B (Bo3)
|rated|
|rule|Species Clause: Limit one of each Pokémon
|rule|Item Clause: Limit 1 of each item
|clearpoke
|poke|p1|Annihilape, L50, M|
|poke|p1|Metagross, L50|
|poke|p1|Whimsicott, L50, F|
|poke|p1|Basculegion, L50, M|
|poke|p1|Charizard, L50, F|
|poke|p1|Hydreigon, L50, M|
|poke|p2|Basculegion, L50, M|
|poke|p2|Kingambit, L50, F|
|poke|p2|Sneasler, L50, M|
|poke|p2|Incineroar, L50, F|
|poke|p2|Sinistcha, L50|
|poke|p2|Floette-Eternal, L50, F|
|teampreview|4
|showteam|p1|Annihilape||SpellTag|Defiant|RageFist,Taunt,CloseCombat,Protect|Jolly||M|||50|]Metagross||Metagrossite|ClearBody|Protect,PsychicFangs,IronHead,RockSlide|Jolly|||||50|]Whimsicott||FocusSash|Prankster|BeatUp,Tailwind,Protect,Moonblast|Timid||F|||50|]Basculegion||LifeOrb|Adaptability|WaveCrash,LastRespects,Protect,AquaJet|Adamant||M|||50|]Charizard||CharizarditeY|Blaze|Protect,HeatWave,WeatherBall,SolarBeam|Modest||F|||50|]Hydreigon||ChoiceScarf|Levitate|DracoMeteor,Snarl,HeatWave,DarkPulse|Modest||M|||50|
|showteam|p2|Basculegion||ChoiceScarf|Adaptability|LastRespects,WaveCrash,FlipTurn,AquaJet|Adamant||M|||50|]Kingambit||BlackGlasses|Defiant|KowtowCleave,SuckerPunch,SwordsDance,Protect|Adamant||F|||50|]Sneasler||FocusSash|PoisonTouch|CloseCombat,DireClaw,FakeOut,Protect|Jolly||M|||50|]Incineroar||SitrusBerry|Intimidate|FlareBlitz,ThroatChop,FakeOut,PartingShot|Impish||F|||50|]Sinistcha||KasibBerry|Hospitality|MatchaGotcha,LifeDew,RagePowder,Protect|Relaxed|||||50|]Floette-Eternal||Floettite|FlowerVeil|DazzlingGleam,DrainingKiss,CalmMind,Protect|Timid||F|||50|
|inactive|Battle timer is ON: inactive players will automatically lose when time's up. (requested by James Ferraro)
|inactive|James Ferraro has 60 seconds left.
|
|t:|1782216119
|teamsize|p1|4
|teamsize|p2|4
|start
|switch|p1a: Annihilape|Annihilape, L50, M|100/100
|switch|p1b: Metagross|Metagross, L50|100/100
|switch|p2a: Basculegion|Basculegion, L50, M|100/100
|switch|p2b: Floette|Floette-Eternal, L50, F|100/100
|turn|1
|inactive|Chukimori has 30 seconds left.
|inactive|James Ferraro has 30 seconds left.
|
|t:|1782216157
|switch|p1a: Whimsicott|Whimsicott, L50, F|100/100
|detailschange|p1b: Metagross|Metagross-Mega, L50
|-mega|p1b: Metagross|Metagross|Metagrossite
|move|p2b: Floette|Protect|p2b: Floette
|-singleturn|p2b: Floette|Protect
|move|p2a: Basculegion|Flip Turn|p1a: Whimsicott
|-resisted|p1a: Whimsicott|1
|-damage|p1a: Whimsicott|69/100
|
|t:|1782216166
|switch|p2a: Incineroar|Incineroar, L50, F|100/100|[from] Flip Turn
|-ability|p2a: Incineroar|Intimidate|boost
|-unboost|p1a: Whimsicott|atk|1
|-unboost|p1b: Metagross|atk|1
|move|p1b: Metagross|Iron Head|p2b: Floette
|-activate|p2b: Floette|move: Protect
|
|upkeep
|turn|2
|
|t:|1782216183
|detailschange|p2b: Floette|Floette-Mega, L50, F
|-mega|p2b: Floette|Floette|Floettite
|-ability|p2b: Floette|Fairy Aura
|move|p1a: Whimsicott|Tailwind|p1a: Whimsicott
|-sidestart|p1: Chukimori|move: Tailwind
|move|p1b: Metagross|Iron Head|p2b: Floette
|-supereffective|p2b: Floette|1
|-damage|p2b: Floette|17/100
|move|p2b: Floette|Calm Mind|p2b: Floette
|-boost|p2b: Floette|spa|1
|-boost|p2b: Floette|spd|1
|move|p2a: Incineroar|Flare Blitz|p1a: Whimsicott
|-supereffective|p1a: Whimsicott|1
|-damage|p1a: Whimsicott|0 fnt
|faint|p1a: Whimsicott
|-damage|p2a: Incineroar|84/100|[from] Recoil
|
|upkeep
|inactive|Chukimori has 30 seconds left.
|
|t:|1782216212
|switch|p1a: Basculegion|Basculegion, L50, M|100/100
|turn|3
|
|t:|1782216218
|switch|p2a: Sinistcha|Sinistcha, L50|100/100
|-heal|p2b: Floette|42/100|[from] ability: Hospitality|[of] p2a: Sinistcha
|move|p2b: Floette|Protect|p2b: Floette
|-singleturn|p2b: Floette|Protect
|move|p1b: Metagross|Iron Head|p2b: Floette
|-activate|p2b: Floette|move: Protect
|move|p1a: Basculegion|Wave Crash|p2a: Sinistcha
|-resisted|p2a: Sinistcha|1
|-damage|p2a: Sinistcha|57/100
|-damage|p1a: Basculegion|87/100|[from] Recoil
|-damage|p1a: Basculegion|77/100|[from] item: Life Orb
|
|upkeep
|turn|4
|
|t:|1782216233
|move|p1b: Metagross|Protect|p1b: Metagross
|-singleturn|p1b: Metagross|Protect
|move|p2a: Sinistcha|Rage Powder|p2a: Sinistcha
|-singleturn|p2a: Sinistcha|move: Rage Powder
|move|p1a: Basculegion|Last Respects|p2a: Sinistcha
|-supereffective|p2a: Sinistcha|1
|-enditem|p2a: Sinistcha|Kasib Berry|[eat]
|-enditem|p2a: Sinistcha|Kasib Berry|[weaken]
|-damage|p2a: Sinistcha|0 fnt
|faint|p2a: Sinistcha
|-damage|p1a: Basculegion|68/100|[from] item: Life Orb
|move|p2b: Floette|Draining Kiss|p1a: Basculegion
|-damage|p1a: Basculegion|7/100
|-heal|p2b: Floette|100/100|[from] drain|[of] p1a: Basculegion
|
|upkeep
|
|t:|1782216246
|switch|p2a: Incineroar|Incineroar, L50, F|84/100
|-ability|p2a: Incineroar|Intimidate|boost
|-unboost|p1a: Basculegion|atk|1
|-unboost|p1b: Metagross|atk|1
|turn|5
|
|t:|1782216265
|switch|p1b: Annihilape|Annihilape, L50, M|100/100
|move|p2b: Floette|Protect|p2b: Floette
|-singleturn|p2b: Floette|Protect
|move|p1a: Basculegion|Wave Crash|p2a: Incineroar
|-supereffective|p2a: Incineroar|1
|-damage|p2a: Incineroar|0 fnt
|faint|p2a: Incineroar
|-damage|p1a: Basculegion|0 fnt|[from] Recoil
|faint|p1a: Basculegion
|
|-sideend|p1: Chukimori|move: Tailwind
|upkeep
|
|t:|1782216273
|switch|p1a: Metagross|Metagross-Mega, L50|100/100
|switch|p2a: Basculegion|Basculegion, L50, M|100/100
|turn|6
|inactive|Chukimori has 30 seconds left.
|
|t:|1782216300
|move|p2a: Basculegion|Last Respects|p1a: Metagross
|-supereffective|p1a: Metagross|1
|-damage|p1a: Metagross|0 fnt
|faint|p1a: Metagross
|move|p2b: Floette|Dazzling Gleam|p1b: Annihilape
|-supereffective|p1b: Annihilape|1
|-damage|p1b: Annihilape|0 fnt
|faint|p1b: Annihilape
|
|win|James Ferraro
||Chukimori is ready for game 3.
||James Ferraro is ready for game 3.
|uhtml|next|Next: Game 3 of 3
|l|☆Chukimori
|player|p1|
