|j|☆naibot2814
|j|☆GGGriffon
|html|naibot2814GGGriffon    
|uhtml|bestof|Game 2 of a best-of-3
|t:|1756387173
|gametype|doubles
|player|p1|naibot2814|ghetsis|1094
|player|p2|GGGriffon|ninjaboy|1142
|gen|9
|tier|[Gen 9] VGC 2025 Reg H (Bo3)
|rated|
|rule|Species Clause: Limit one of each Pokémon
|rule|Item Clause: Limit 1 of each item
|clearpoke
|poke|p1|Gholdengo, L50|
|poke|p1|Pelipper, L50, M|
|poke|p1|Archaludon, L50, M|
|poke|p1|Amoonguss, L50, M|
|poke|p1|Incineroar, L50, M|
|poke|p1|Dragonite, L50, M|
|poke|p2|Vespiquen, L50, F|
|poke|p2|Ursaluna, L50, M|
|poke|p2|Indeedee-F, L50, F|
|poke|p2|Hatterene, L50, F|
|poke|p2|Torkoal, L50, M|
|poke|p2|Lilligant-Hisui, L50, F|
|teampreview|4
|showteam|p1|Gholdengo||LifeOrb|GoodasGold|MakeItRain,NastyPlot,Protect,ShadowBall||||||50|,,,,,Fairy]Pelipper||FocusSash|Drizzle|Hurricane,MuddyWater,WeatherBall,Tailwind|||M|||50|,,,,,Water]Archaludon||AssaultVest|Stamina|BodyPress,ElectroShot,FlashCannon,DragonPulse|||M|||50|,,,,,Grass]Amoonguss||CovertCloak|Regenerator|PollenPuff,RagePowder,Spore,SludgeBomb|||M|||50|,,,,,Fairy]Incineroar||MirrorHerb|Intimidate|FlareBlitz,FakeOut,PartingShot,KnockOff|||M|||50|,,,,,Ghost]Dragonite||LoadedDice|Multiscale|ScaleShot,ExtremeSpeed,Haze,Tailwind|||M|||50|,,,,,Fairy
|showteam|p2|Vespiquen||PsychicSeed|Unnerve|PollenPuff,PowerGem,DestinyBond,SunnyDay|||F|||50|,,,,,Rock]Ursaluna||FlameOrb|Guts|Facade,Earthquake,SwordsDance,Protect|||M|||50|,,,,,Ghost]Indeedee-F||RockyHelmet|PsychicSurge|Psychic,TrickRoom,FollowMe,HelpingHand|||F|||50|,,,,,Flying]Hatterene||LifeOrb|MagicBounce|ExpandingForce,DazzlingGleam,TrickRoom,Protect|||F|||50|,,,,,Steel]Torkoal||ChoiceSpecs|Drought|Eruption,HeatWave,WeatherBall,EarthPower|||M|||50|,,,,,Fire]Lilligant-Hisui||FocusSash|Chlorophyll|CloseCombat,LeafBlade,AfterYou,Protect|||F|||50|,,,,,Stellar
|
|t:|1756387224
|teamsize|p1|4
|teamsize|p2|4
|start
|switch|p1a: Gholdengo|Gholdengo, L50|100/100
|switch|p1b: Incineroar|Incineroar, L50, M|100/100
|switch|p2a: Indeedee|Indeedee-F, L50, F, shiny|100/100
|switch|p2b: Ursaluna|Ursaluna, L50, M, shiny|100/100
|-ability|p1b: Incineroar|Intimidate|boost
|-unboost|p2a: Indeedee|atk|1
|-unboost|p2b: Ursaluna|atk|1
|-fieldstart|move: Psychic Terrain|[from] ability: Psychic Surge|[of] p2a: Indeedee
|turn|1
|inactive|Battle timer is ON: inactive players will automatically lose when time's up. (requested by GGGriffon)
|inactive|naibot2814 has 60 seconds left.
|
|t:|1756387258
|-terastallize|p2a: Indeedee|Flying
|move|p1a: Gholdengo|Make It Rain|p2b: Ursaluna|[spread] p2a,p2b
|-damage|p2a: Indeedee|47/100
|-damage|p2b: Ursaluna|48/100
|-unboost|p1a: Gholdengo|spa|1
|-damage|p1a: Gholdengo|91/100|[from] item: Life Orb
|move|p1b: Incineroar|Parting Shot|p2a: Indeedee
|-unboost|p2a: Indeedee|atk|1
|-unboost|p2a: Indeedee|spa|1
|
|t:|1756387263
|switch|p1b: Pelipper|Pelipper, L50, M|100/100|[from] Parting Shot
|-weather|RainDance|[from] ability: Drizzle|[of] p1b: Pelipper
|move|p2b: Ursaluna|Swords Dance|p2b: Ursaluna
|-boost|p2b: Ursaluna|atk|2
|move|p2a: Indeedee|Trick Room|p2a: Indeedee
|-fieldstart|move: Trick Room|[of] p2a: Indeedee
|
|-weather|RainDance|[upkeep]
|-status|p2b: Ursaluna|brn|[from] item: Flame Orb
|upkeep
|turn|2
|
|t:|1756387284
|switch|p2a: Vespiquen|Vespiquen, L50, F, shiny|100/100
|-ability|p2a: Vespiquen|Unnerve
|-enditem|p2a: Vespiquen|Psychic Seed
|-boost|p2a: Vespiquen|spd|1|[from] item: Psychic Seed
|switch|p1a: Incineroar|Incineroar, L50, M|100/100
|-ability|p1a: Incineroar|Intimidate|boost
|-unboost|p2a: Vespiquen|atk|1
|-unboost|p2b: Ursaluna|atk|1
|move|p2b: Ursaluna|Protect|p2b: Ursaluna
|-singleturn|p2b: Ursaluna|Protect
|move|p1b: Pelipper|Muddy Water|p2b: Ursaluna|[spread] p2a
|-activate|p2b: Ursaluna|move: Protect
|-damage|p2a: Vespiquen|74/100
|
|-weather|RainDance|[upkeep]
|-damage|p2b: Ursaluna|42/100 brn|[from] brn
|upkeep
|turn|3
|inactive|naibot2814 has 30 seconds left.
|inactive|GGGriffon has 30 seconds left.
|
|t:|1756387313
|move|p1a: Incineroar|Fake Out|p2b: Ursaluna
|-activate|p2b: Ursaluna|move: Psychic Terrain
|move|p2a: Vespiquen|Sunny Day|p2a: Vespiquen
|-weather|SunnyDay
|move|p2b: Ursaluna|Earthquake|p1a: Incineroar|[spread] p1a
|-immune|p2a: Vespiquen
|-immune|p1b: Pelipper
|-supereffective|p1a: Incineroar
|-damage|p1a: Incineroar|0 fnt
|faint|p1a: Incineroar
|move|p1b: Pelipper|Muddy Water|p2a: Vespiquen|[spread] p2a,p2b
|-supereffective|p2b: Ursaluna
|-damage|p2a: Vespiquen|65/100
|-damage|p2b: Ursaluna|20/100 brn
|
|-weather|SunnyDay|[upkeep]
|-damage|p2b: Ursaluna|14/100 brn|[from] brn
|upkeep
|
|t:|1756387327
|switch|p1a: Amoonguss|Amoonguss, L50, M|100/100
|turn|4
|
|t:|1756387334
|switch|p1b: Gholdengo|Gholdengo, L50|91/100
|move|p2a: Vespiquen|Pollen Puff|p2b: Ursaluna
|-heal|p2b: Ursaluna|64/100 brn
|move|p2b: Ursaluna|Facade|p1b: Gholdengo
|-immune|p1b: Gholdengo
|move|p1a: Amoonguss|Spore|p2a: Vespiquen
|-status|p2a: Vespiquen|slp|[from] move: Spore
|
|-weather|SunnyDay|[upkeep]
|-damage|p2b: Ursaluna|58/100 brn|[from] brn
|upkeep
|turn|5
|inactive|GGGriffon has 30 seconds left.
|
|t:|1756387360
|move|p1a: Amoonguss|Rage Powder|p1a: Amoonguss
|-singleturn|p1a: Amoonguss|move: Rage Powder
|cant|p2a: Vespiquen|slp
|move|p2b: Ursaluna|Swords Dance|p2b: Ursaluna
|-boost|p2b: Ursaluna|atk|2
|move|p1b: Gholdengo|Nasty Plot|p1b: Gholdengo
|-boost|p1b: Gholdengo|spa|2
|
|-weather|SunnyDay|[upkeep]
|-damage|p2b: Ursaluna|51/100 brn|[from] brn
|-fieldend|move: Trick Room
|-fieldend|move: Psychic Terrain
|upkeep
|turn|6
|
|t:|1756387376
|switch|p1a: Pelipper|Pelipper, L50, M|100/100
|-weather|RainDance|[from] ability: Drizzle|[of] p1a: Pelipper
|move|p2b: Ursaluna|Protect|p2b: Ursaluna
|-singleturn|p2b: Ursaluna|Protect
|move|p1b: Gholdengo|Make It Rain|p2b: Ursaluna|[spread] p2a
|-activate|p2b: Ursaluna|move: Protect
|-damage|p2a: Vespiquen|0 fnt
|-unboost|p1b: Gholdengo|spa|1
|faint|p2a: Vespiquen
|-damage|p1b: Gholdengo|81/100|[from] item: Life Orb
|
|-weather|RainDance|[upkeep]
|-damage|p2b: Ursaluna|45/100 brn|[from] brn
|upkeep
|
|t:|1756387392
|switch|p2a: Torkoal|Torkoal, L50, M, shiny|100/100
|-weather|SunnyDay|[from] ability: Drought|[of] p2a: Torkoal
|turn|7
|
|t:|1756387417
|switch|p1a: Amoonguss|Amoonguss, L50, M|100/100
|move|p1b: Gholdengo|Protect|p1b: Gholdengo
|-singleturn|p1b: Gholdengo|Protect
|move|p2b: Ursaluna|Facade|p1a: Amoonguss
|-damage|p1a: Amoonguss|0 fnt
|faint|p1a: Amoonguss
|move|p2a: Torkoal|Weather Ball|p1b: Gholdengo
|-activate|p1b: Gholdengo|move: Protect
|
|-weather|SunnyDay|[upkeep]
|-damage|p2b: Ursaluna|39/100 brn|[from] brn
|upkeep
|
|t:|1756387429
|switch|p1a: Pelipper|Pelipper, L50, M|100/100
|-weather|RainDance|[from] ability: Drizzle|[of] p1a: Pelipper
|turn|8
|
|t:|1756387438
|move|p2b: Ursaluna|Protect|p2b: Ursaluna
|-singleturn|p2b: Ursaluna|Protect
|move|p1a: Pelipper|Weather Ball|p2a: Torkoal
|-supereffective|p2a: Torkoal
|-damage|p2a: Torkoal|0 fnt
|faint|p2a: Torkoal
|move|p1b: Gholdengo|Make It Rain|p2b: Ursaluna
|-activate|p2b: Ursaluna|move: Protect
|
|-weather|RainDance|[upkeep]
|-damage|p2b: Ursaluna|33/100 brn|[from] brn
|upkeep
|
|t:|1756387444
|switch|p2a: Indeedee|Indeedee-F, L50, F, shiny, tera:Flying|47/100
|-fieldstart|move: Psychic Terrain|[from] ability: Psychic Surge|[of] p2a: Indeedee
|turn|9
|
|t:|1756387450
|move|p2a: Indeedee|Follow Me|p2a: Indeedee
|-singleturn|p2a: Indeedee|move: Follow Me
|move|p1a: Pelipper|Weather Ball|p2a: Indeedee
|-damage|p2a: Indeedee|0 fnt
|faint|p2a: Indeedee
|move|p1b: Gholdengo|Make It Rain|p2b: Ursaluna
|-damage|p2b: Ursaluna|0 fnt
|-unboost|p1b: Gholdengo|spa|1
|faint|p2b: Ursaluna
|-damage|p1b: Gholdengo|71/100|[from] item: Life Orb
|
|win|naibot2814
|raw|naibot2814's rating: 1094 → 1123(+29 for winning)
|raw|GGGriffon's rating: 1142 → 1114(-28 for losing)
|l|☆GGGriffon
|player|p2|
