|j|☆WolfeWithTheGlicky
|j|☆IndianCrackCoffee
|html|WolfeWithTheGlickyIndianCrackCoffee    
|uhtml|bestof|Game 3 of a best-of-3
|t:|1756487110
|gametype|doubles
|player|p1|WolfeWithTheGlicky|boarder|1135
|player|p2|IndianCrackCoffee|brendan-masters|1048
|gen|9
|tier|[Gen 9] VGC 2025 Reg H (Bo3)
|rated|
|rule|Species Clause: Limit one of each Pokémon
|rule|Item Clause: Limit 1 of each item
|clearpoke
|poke|p1|Annihilape, L50, F|
|poke|p1|Primarina, L50, M|
|poke|p1|Sneasler, L50, M|
|poke|p1|Rillaboom, L50, M|
|poke|p1|Archaludon, L50, F|
|poke|p1|Volcarona, L50, M|
|poke|p2|Dragonite, L50, F|
|poke|p2|Ursaluna-Bloodmoon, L50, M|
|poke|p2|Archaludon, L50, M|
|poke|p2|Whimsicott, L50, M|
|poke|p2|Gholdengo, L50|
|poke|p2|Incineroar, L50, F|
|teampreview|4
|showteam|p1|Annihilape||AssaultVest|Defiant|RageFist,CloseCombat,DrainPunch,FinalGambit|||F|||50|,,,,,Water]Primarina||SitrusBerry|LiquidVoice|HyperVoice,Moonblast,Haze,Protect|||M|||50|,,,,,Poison]Sneasler||GrassySeed|Unburden|DireClaw,CloseCombat,Coaching,Protect|||M|||50|,,,,,Ghost]Rillaboom||ChoiceBand|GrassySurge|GrassyGlide,WoodHammer,HighHorsepower,Uturn|||M|||50|,,,,,Grass]Archaludon||PowerHerb|Sturdy|DragonPulse,ElectroShot,FlashCannon,Protect|||F|||50|,,,,,Electric]Volcarona||CovertCloak|FlameBody|StruggleBug,Overheat,WillOWisp,RagePowder|||M|||50|,,,,,Dragon
|showteam|p2|Dragonite||LoadedDice|Multiscale|ScaleShot,ExtremeSpeed,IceSpinner,Protect|||F|||50|,,,,,Fairy]Ursaluna-Bloodmoon||AssaultVest|MindsEye|BloodMoon,HyperVoice,EarthPower,VacuumWave|||M|||50|,,,,,Water]Archaludon||PowerHerb|Sturdy|ElectroShot,FlashCannon,DracoMeteor,Protect|||M|||50|,,,,,Stellar]Whimsicott||CovertCloak|Prankster|FakeTears,Tailwind,Encore,Moonblast|||M|||50|,,,,,Poison]Gholdengo||ChoiceSpecs|GoodasGold|MakeItRain,ShadowBall,PowerGem,SteelBeam||||||50|,,,,,Steel]Incineroar||MirrorHerb|Intimidate|FakeOut,PartingShot,KnockOff,FlareBlitz|||F|||50|,,,,,Ghost
|
|t:|1756487128
|teamsize|p1|4
|teamsize|p2|4
|start
|switch|p1a: Volcarona|Volcarona, L50, M|100/100
|switch|p1b: Sneasler|Sneasler, L50, M|100/100
|switch|p2a: Dragonite|Dragonite, L50, F|100/100
|switch|p2b: Incineroar|Incineroar, L50, F|100/100
|-ability|p2b: Incineroar|Intimidate|boost
|-unboost|p1a: Volcarona|atk|1
|-unboost|p1b: Sneasler|atk|1
|turn|1
|
|t:|1756487146
|switch|p1b: Annihilape|Annihilape, L50, F|100/100
|move|p2a: Dragonite|Protect|p2a: Dragonite
|-singleturn|p2a: Dragonite|Protect
|move|p1a: Volcarona|Will-O-Wisp|p2a: Dragonite
|-activate|p2a: Dragonite|move: Protect
|move|p2b: Incineroar|Parting Shot|p1a: Volcarona
|-unboost|p1a: Volcarona|atk|1
|-unboost|p1a: Volcarona|spa|1
|
|t:|1756487157
|switch|p2b: Whimsicott|Whimsicott, L50, M|100/100|[from] Parting Shot
|
|upkeep
|turn|2
|
|t:|1756487169
|switch|p2a: Gholdengo|Gholdengo, L50|100/100
|move|p2b: Whimsicott|Encore|p1a: Volcarona
|-start|p1a: Volcarona|Encore
|move|p1a: Volcarona|Will-O-Wisp|p2a: Gholdengo
|-immune|p2a: Gholdengo|[from] ability: Good as Gold
|move|p1b: Annihilape|Rage Fist|p2b: Whimsicott
|-damage|p2b: Whimsicott|74/100
|
|upkeep
|turn|3
|
|t:|1756487199
|switch|p1a: Rillaboom|Rillaboom, L50, M|100/100
|-fieldstart|move: Grassy Terrain|[from] ability: Grassy Surge|[of] p1a: Rillaboom
|-terastallize|p1b: Annihilape|Water
|-terastallize|p2a: Gholdengo|Steel
|move|p2b: Whimsicott|Fake Tears|p1b: Annihilape
|-unboost|p1b: Annihilape|spd|2
|-ability|p1b: Annihilape|Defiant|boost
|-boost|p1b: Annihilape|atk|2
|move|p1b: Annihilape|Rage Fist|p2a: Gholdengo
|-damage|p2a: Gholdengo|56/100
|move|p2a: Gholdengo|Make It Rain|p1b: Annihilape|[spread] p1a,p1b
|-resisted|p1b: Annihilape
|-damage|p1a: Rillaboom|0 fnt
|-damage|p1b: Annihilape|35/100
|-unboost|p2a: Gholdengo|spa|1
|faint|p1a: Rillaboom
|
|-heal|p2b: Whimsicott|80/100|[from] Grassy Terrain
|-heal|p1b: Annihilape|41/100|[from] Grassy Terrain
|-heal|p2a: Gholdengo|62/100|[from] Grassy Terrain
|upkeep
|
|t:|1756487220
|switch|p1a: Sneasler|Sneasler, L50, M|100/100
|-enditem|p1a: Sneasler|Grassy Seed
|-boost|p1a: Sneasler|def|1|[from] item: Grassy Seed
|turn|4
|
|t:|1756487232
|move|p2b: Whimsicott|Tailwind|p2b: Whimsicott
|-sidestart|p2: IndianCrackCoffee|move: Tailwind
|move|p1a: Sneasler|Close Combat|p2a: Gholdengo
|-supereffective|p2a: Gholdengo
|-damage|p2a: Gholdengo|0 fnt
|-unboost|p1a: Sneasler|def|1
|-unboost|p1a: Sneasler|spd|1
|faint|p2a: Gholdengo
|move|p1b: Annihilape|Rage Fist|p2b: Whimsicott
|-damage|p2b: Whimsicott|0 fnt
|faint|p2b: Whimsicott
|
|-heal|p1b: Annihilape|47/100|[from] Grassy Terrain
|upkeep
|
|t:|1756487245
|switch|p2b: Dragonite|Dragonite, L50, F|100/100
|switch|p2a: Incineroar|Incineroar, L50, F|100/100
|-ability|p2a: Incineroar|Intimidate|boost
|-unboost|p1a: Sneasler|atk|1
|-unboost|p1b: Annihilape|atk|1
|-ability|p1b: Annihilape|Defiant|boost
|-boost|p1b: Annihilape|atk|2
|-enditem|p2a: Incineroar|Mirror Herb
|-boost|p2a: Incineroar|atk|2|[from] item: Mirror Herb
|turn|5
|
|t:|1756487260
|move|p1a: Sneasler|Protect|p1a: Sneasler
|-singleturn|p1a: Sneasler|Protect
|move|p2a: Incineroar|Fake Out|p1a: Sneasler
|-activate|p1a: Sneasler|move: Protect
|move|p2b: Dragonite|Scale Shot|p1b: Annihilape|[miss]
|-miss|p2b: Dragonite|p1b: Annihilape
|move|p1b: Annihilape|Drain Punch|p2a: Incineroar
|-supereffective|p2a: Incineroar
|-damage|p2a: Incineroar|0 fnt
|-heal|p1b: Annihilape|94/100|[from] drain|[of] p2a: Incineroar
|faint|p2a: Incineroar
|
|-heal|p1b: Annihilape|99/100|[from] Grassy Terrain
|upkeep
|turn|6
|
|t:|1756487285
|move|p1a: Sneasler|Dire Claw|p2b: Dragonite
|-damage|p2b: Dragonite|82/100
|-status|p2b: Dragonite|psn
|move|p2b: Dragonite|Scale Shot|p1b: Annihilape
|-damage|p1b: Annihilape|84/100
|-damage|p1b: Annihilape|71/100
|-damage|p1b: Annihilape|56/100
|-damage|p1b: Annihilape|41/100
|-hitcount|p1b: Annihilape|4
|-unboost|p2b: Dragonite|def|1
|-boost|p2b: Dragonite|spe|1
|move|p1b: Annihilape|Rage Fist|p2b: Dragonite
|-damage|p2b: Dragonite|0 fnt
|faint|p2b: Dragonite
|
|win|WolfeWithTheGlicky
|raw|WolfeWithTheGlicky's rating: 1135 → 1154(+19 for winning)
|raw|IndianCrackCoffee's rating: 1048 → 1035(-13 for losing)
