|j|☆Killtoosad
|j|☆takeshivgc-test
|html|Killtoosadtakeshivgc-test    
|uhtml|bestof|Game 3 of a best-of-3
|t:|1756949649
|gametype|doubles
|player|p1|Killtoosad|170|
|player|p2|takeshivgc-test|sabrina|
|gen|9
|tier|[Gen 9] VGC 2025 Reg H (Bo3)
|rule|Species Clause: Limit one of each Pokémon
|rule|Item Clause: Limit 1 of each item
|clearpoke
|poke|p1|Illumise, L50, F|
|poke|p1|Gholdengo, L50|
|poke|p1|Dragonite, L50, F|
|poke|p1|Incineroar, L50, M|
|poke|p1|Primarina, L50, F|
|poke|p1|Tyranitar, L50, F|
|poke|p2|Armarouge, L50, F|
|poke|p2|Indeedee-F, L50, F|
|poke|p2|Torkoal, L50, F|
|poke|p2|Gallade, L50, M|
|poke|p2|Ursaluna, L50, M|
|poke|p2|Hatterene, L50, F|
|teampreview|4
|showteam|p1|Illumise||CovertCloak|Prankster|Protect,Infestation,Tailwind,FakeTears|||F|||50|,,,,,Dark]Gholdengo||Leftovers|GoodasGold|Protect,MakeItRain,ShadowBall,NastyPlot||||||50|,,,,,Water]Dragonite||ChoiceBand|InnerFocus|ExtremeSpeed,Outrage,AerialAce,StompingTantrum|||F|||50|,,,,,Normal]Incineroar||AssaultVest|Intimidate|FlareBlitz,KnockOff,Uturn,FakeOut|||M|||50|,,,,,Dragon]Primarina||LifeOrb|LiquidVoice|Protect,HyperVoice,Moonblast,PerishSong|||F|||50|,,,,,Steel]Tyranitar||ClearAmulet|SandStream|RockSlide,KnockOff,Protect,HighHorsepower|||F|||50|,,,,,Grass
|showteam|p2|Armarouge||PowerHerb|FlashFire|ArmorCannon,ExpandingForce,TrickRoom,MeteorBeam|||F|||50|,,,,,Grass]Indeedee-F||PsychicSeed|PsychicSurge|Psychic,HelpingHand,TrickRoom,FollowMe|||F|||50|,,,,,Fairy]Torkoal||Charcoal|Drought|Eruption,Protect,WeatherBall,HeatWave|||F|||50|,,,,,Fire]Gallade||ClearAmulet|Sharpness|PsychoCut,SacredSword,TrickRoom,WideGuard|||M|||50|,,,,,Fire]Ursaluna||FlameOrb|Guts|Facade,HeadlongRush,Earthquake,Protect|||M|||50|,,,,,Ghost]Hatterene||LifeOrb|MagicBounce|ExpandingForce,DazzlingGleam,TrickRoom,MysticalFire|||F|||50|,,,,,Fire
|
|t:|1756949689
|teamsize|p1|4
|teamsize|p2|4
|start
|switch|p1a: Tyranitar|Tyranitar, L50, F|100/100
|switch|p1b: Primarina|Primarina, L50, F|100/100
|switch|p2a: Indeedee|Indeedee-F, L50, F|100/100
|switch|p2b: Gallade|Gallade, L50, M, shiny|100/100
|-weather|Sandstorm|[from] ability: Sand Stream|[of] p1a: Tyranitar
|-fieldstart|move: Psychic Terrain|[from] ability: Psychic Surge|[of] p2a: Indeedee
|-enditem|p2a: Indeedee|Psychic Seed
|-boost|p2a: Indeedee|spd|1|[from] item: Psychic Seed
|turn|1
|
|t:|1756949722
|-terastallize|p2b: Gallade|Fire
|move|p2b: Gallade|Wide Guard|p2b: Gallade
|-singleturn|p2b: Gallade|Wide Guard
|move|p1a: Tyranitar|Knock Off|p2b: Gallade
|-damage|p2b: Gallade|28/100
|-enditem|p2b: Gallade|Clear Amulet|[from] move: Knock Off|[of] p1a: Tyranitar
|move|p1b: Primarina|Hyper Voice|p2b: Gallade|[spread] 
|-activate|p2a: Indeedee|move: Wide Guard
|-activate|p2b: Gallade|move: Wide Guard
|move|p2a: Indeedee|Trick Room|p2a: Indeedee
|-fieldstart|move: Trick Room|[of] p2a: Indeedee
|
|-weather|Sandstorm|[upkeep]
|-damage|p2a: Indeedee|94/100|[from] Sandstorm
|-damage|p1b: Primarina|94/100|[from] Sandstorm
|-damage|p2b: Gallade|22/100|[from] Sandstorm
|upkeep
|turn|2
|
|t:|1756949754
|move|p2b: Gallade|Wide Guard|p2b: Gallade
|-singleturn|p2b: Gallade|Wide Guard
|move|p2a: Indeedee|Psychic|p1b: Primarina
|-damage|p1b: Primarina|60/100
|move|p1b: Primarina|Hyper Voice|p2b: Gallade|[spread] 
|-activate|p2a: Indeedee|move: Wide Guard
|-activate|p2b: Gallade|move: Wide Guard
|move|p1a: Tyranitar|Knock Off|p2a: Indeedee
|-supereffective|p2a: Indeedee
|-damage|p2a: Indeedee|25/100
|
|-weather|Sandstorm|[upkeep]
|-damage|p2a: Indeedee|19/100|[from] Sandstorm
|-damage|p1b: Primarina|54/100|[from] Sandstorm
|-damage|p2b: Gallade|16/100|[from] Sandstorm
|upkeep
|turn|3
|
|t:|1756949782
|-terastallize|p1b: Primarina|Steel
|move|p2b: Gallade|Wide Guard|p2b: Gallade
|-singleturn|p2b: Gallade|Wide Guard
|move|p2a: Indeedee|Psychic|p1b: Primarina
|-resisted|p1b: Primarina
|-damage|p1b: Primarina|37/100
|move|p1b: Primarina|Hyper Voice|p2a: Indeedee|[spread] 
|-activate|p2a: Indeedee|move: Wide Guard
|-activate|p2b: Gallade|move: Wide Guard
|move|p1a: Tyranitar|High Horsepower|p2b: Gallade
|-supereffective|p2b: Gallade
|-damage|p2b: Gallade|0 fnt
|faint|p2b: Gallade
|
|-weather|Sandstorm|[upkeep]
|-damage|p2a: Indeedee|13/100|[from] Sandstorm
|upkeep
|
|t:|1756949799
|switch|p2b: Ursaluna|Ursaluna, L50, M|100/100
|turn|4
|
|t:|1756949821
|move|p2a: Indeedee|Helping Hand|p2b: Ursaluna
|-singleturn|p2b: Ursaluna|Helping Hand|[of] p2a: Indeedee
|move|p2b: Ursaluna|Earthquake|p1b: Primarina|[spread] p2a,p1a,p1b
|-supereffective|p1a: Tyranitar
|-supereffective|p1b: Primarina
|-damage|p2a: Indeedee|0 fnt
|-damage|p1a: Tyranitar|0 fnt
|-damage|p1b: Primarina|0 fnt
|faint|p2a: Indeedee
|faint|p1a: Tyranitar
|faint|p1b: Primarina
|
|-weather|Sandstorm|[upkeep]
|-status|p2b: Ursaluna|brn|[from] item: Flame Orb
|upkeep
|
|t:|1756949832
|switch|p2a: Hatterene|Hatterene, L50, F, shiny|100/100
|switch|p1b: Gholdengo|Gholdengo, L50|100/100
|switch|p1a: Dragonite|Dragonite, L50, F|100/100
|turn|5
|
|t:|1756949870
|move|p2a: Hatterene|Dazzling Gleam|p1a: Dragonite|[spread] p1a,p1b
|-supereffective|p1a: Dragonite
|-resisted|p1b: Gholdengo
|-damage|p1a: Dragonite|12/100
|-damage|p1b: Gholdengo|78/100
|-damage|p2a: Hatterene|91/100|[from] item: Life Orb
|move|p2b: Ursaluna|Facade|p1a: Dragonite
|-damage|p1a: Dragonite|0 fnt
|faint|p1a: Dragonite
|move|p1b: Gholdengo|Nasty Plot|p1b: Gholdengo
|-boost|p1b: Gholdengo|spa|2
|
|-weather|none
|-heal|p1b: Gholdengo|84/100|[from] item: Leftovers
|-damage|p2b: Ursaluna|95/100 brn|[from] brn
|-fieldend|move: Trick Room
|-fieldend|move: Psychic Terrain
|upkeep
|turn|6
|
|t:|1756949887
|move|p1b: Gholdengo|Make It Rain|p2b: Ursaluna|[spread] p2a,p2b
|-supereffective|p2a: Hatterene
|-damage|p2a: Hatterene|0 fnt
|-damage|p2b: Ursaluna|0 fnt
|-unboost|p1b: Gholdengo|spa|1
|faint|p2a: Hatterene
|faint|p2b: Ursaluna
|
|win|Killtoosad
|l|☆takeshivgc-test
|player|p2|
