|j|☆SuperManMuscle
|j|☆srTerror
|html|SuperManMusclesrTerror    
|uhtml|bestof|Game 1 of a best-of-3
|t:|1785880450
|gametype|doubles
|player|p1|SuperManMuscle|roughneck-gen4|1159
|player|p2|srTerror|169|1175
|gen|9
|tier|[Gen 9 Champions] VGC 2026 Reg M-B (Bo3)
|rated|
|rule|Species Clause: Limit one of each Pokémon
|rule|Item Clause: Limit 1 of each item
|clearpoke
|poke|p1|Staraptor, L50, F, shiny|
|poke|p1|Garchomp, L50, M, shiny|
|poke|p1|Whimsicott, L50, F, shiny|
|poke|p1|Delphox, L50, M|
|poke|p1|Glimmora, L50, F, shiny|
|poke|p1|Kingambit, L50, M, shiny|
|poke|p2|Dragonite, L50, M|
|poke|p2|Milotic, L50, M|
|poke|p2|Sneasler, L50, F|
|poke|p2|Charizard, L50, F|
|poke|p2|Gholdengo, L50|
|poke|p2|Whimsicott, L50, F|
|teampreview|4
|showteam|p1|Staraptor||Staraptite|Intimidate|Protect,Roost,CloseCombat,BraveBird|Jolly||F|||50|]Garchomp||LifeOrb|RoughSkin|Protect,RockSlide,Earthquake,DragonClaw|Jolly||M|||50|]Whimsicott||OccaBerry|Prankster|Moonblast,Tailwind,Charm,Encore|Timid||F|||50|]Delphox||Delphoxite|Magician|Protect,Psychic,HeatWave,Encore|Timid||M|||50|]Glimmora||FocusSash|ToxicDebris|SpikyShield,EarthPower,PowerGem,SludgeBomb|Timid||F|||50|]Kingambit||ChopleBerry|Defiant|Protect,IronHead,SuckerPunch,LowKick|Adamant||M|||50|
|showteam|p2|Dragonite||LifeOrb|InnerFocus|Protect,DragonClaw,ExtremeSpeed,LowKick|Adamant||M|||50|]Milotic||Leftovers|Competitive|Scald,IceBeam,Recover,Protect|Modest||M|||50|]Sneasler||WhiteHerb|Unburden|GunkShot,FakeOut,CloseCombat,Coaching|Adamant||F|||50|]Charizard||CharizarditeY|Blaze|Protect,HeatWave,WeatherBall,SolarBeam|Modest||F|||50|]Gholdengo||FocusSash|GoodasGold|Protect,ShadowBall,PowerGem,MakeItRain|Modest|||||50|]Whimsicott||FairyFeather|Prankster|Protect,Moonblast,Encore,Tailwind|Timid||F|||50|
|inactive|Battle timer is ON: inactive players will automatically lose when time's up. (requested by SuperManMuscle)
|inactive|SuperManMuscle has 60 seconds left.
|inactive|srTerror has 60 seconds left.
|
|t:|1785880502
|teamsize|p1|4
|teamsize|p2|4
|start
|switch|p1a: Whimsicott|Whimsicott, L50, F, shiny|100/100
|switch|p1b: Glimmora|Glimmora, L50, F, shiny|100/100
|switch|p2a: Sneasler|Sneasler, L50, F|100/100
|switch|p2b: Whimsicott|Whimsicott, L50, F|100/100
|turn|1
|inactive|srTerror has 30 seconds left.
|
|t:|1785880533
|move|p2b: Whimsicott|Tailwind|p2b: Whimsicott
|-sidestart|p2: srTerror|move: Tailwind
|move|p1a: Whimsicott|Tailwind|p1a: Whimsicott
|-sidestart|p1: SuperManMuscle|move: Tailwind
|move|p2a: Sneasler|Close Combat|p1b: Glimmora
|-damage|p1b: Glimmora|32/100
|-unboost|p2a: Sneasler|def|1
|-unboost|p2a: Sneasler|spd|1
|-activate|p1b: Glimmora|ability: Toxic Debris
|-sidestart|p2: srTerror|move: Toxic Spikes
|-enditem|p2a: Sneasler|White Herb
|-clearnegativeboost|p2a: Sneasler|[silent]
|move|p1b: Glimmora|Sludge Bomb|p2b: Whimsicott
|-supereffective|p2b: Whimsicott|2
|-damage|p2b: Whimsicott|0 fnt
|faint|p2b: Whimsicott
|
|upkeep
|
|t:|1785880549
|switch|p2b: Charizard|Charizard, L50, F|100/100
|turn|2
|inactive|srTerror has 30 seconds left.
|
|t:|1785880576
|switch|p1a: Garchomp|Garchomp, L50, M, shiny|100/100
|detailschange|p2b: Charizard|Charizard-Mega-Y, L50, F
|-mega|p2b: Charizard|Charizard|Charizardite Y
|-weather|SunnyDay|[from] ability: Drought|[of] p2b: Charizard
|move|p1b: Glimmora|Spiky Shield|p1b: Glimmora
|-singleturn|p1b: Glimmora|move: Protect
|move|p2a: Sneasler|Close Combat|p1b: Glimmora
|-activate|p1b: Glimmora|move: Protect
|-damage|p2a: Sneasler|87/100|[from] Spiky Shield|[of] p1b: Glimmora
|move|p2b: Charizard|Heat Wave|p1b: Glimmora|[spread] p1a
|-activate|p1b: Glimmora|move: Protect
|-resisted|p1a: Garchomp|1
|-damage|p1a: Garchomp|67/100
|-status|p1a: Garchomp|brn
|
|-weather|SunnyDay|[upkeep]
|-damage|p1a: Garchomp|61/100 brn|[from] brn
|upkeep
|turn|3
|inactive|SuperManMuscle has 30 seconds left.
|inactive|srTerror has 30 seconds left.
|inactive|srTerror has 20 seconds left.
|inactive|srTerror has 15 seconds left.
|inactive|srTerror has 10 seconds left.
|
|t:|1785880621
|switch|p1b: Whimsicott|Whimsicott, L50, F, shiny|100/100
|move|p2a: Sneasler|Close Combat|p1b: Whimsicott
|-resisted|p1b: Whimsicott|1
|-damage|p1b: Whimsicott|55/100
|-unboost|p2a: Sneasler|def|1
|-unboost|p2a: Sneasler|spd|1
|move|p1a: Garchomp|Rock Slide|p2b: Charizard|[spread] p2a
|-miss|p1a: Garchomp|p2b: Charizard
|-resisted|p2a: Sneasler|1
|-damage|p2a: Sneasler|77/100
|-damage|p1a: Garchomp|51/100 brn|[from] item: Life Orb
|move|p2b: Charizard|Weather Ball|p1a: Garchomp
|-resisted|p1a: Garchomp|1
|-damage|p1a: Garchomp|4/100 brn
|
|-weather|SunnyDay|[upkeep]
|-damage|p1a: Garchomp|0 fnt|[from] brn
|faint|p1a: Garchomp
|upkeep
|
|t:|1785880640
|switch|p1a: Staraptor|Staraptor, L50, F, shiny|100/100
|-ability|p1a: Staraptor|Intimidate|boost
|-unboost|p2a: Sneasler|atk|1
|-unboost|p2b: Charizard|atk|1
|turn|4
|
|t:|1785880662
|detailschange|p1a: Staraptor|Staraptor-Mega, L50, F, shiny
|-mega|p1a: Staraptor|Staraptor|Staraptite
|move|p1a: Staraptor|Protect|p1a: Staraptor
|-singleturn|p1a: Staraptor|Protect
|move|p1b: Whimsicott|Encore|p2a: Sneasler
|-start|p2a: Sneasler|Encore
|move|p2a: Sneasler|Close Combat|p1a: Staraptor
|-activate|p1a: Staraptor|move: Protect
|move|p2b: Charizard|Heat Wave|p1b: Whimsicott|[spread] 
|-activate|p1a: Staraptor|move: Protect
|-miss|p2b: Charizard|p1b: Whimsicott
|
|-weather|SunnyDay|[upkeep]
|-sideend|p2: srTerror|move: Tailwind
|-sideend|p1: SuperManMuscle|move: Tailwind
|upkeep
|turn|5
|inactive|SuperManMuscle has 30 seconds left.
|inactive|srTerror has 30 seconds left.
|
|t:|1785880692
|move|p2a: Sneasler|Close Combat|p1b: Whimsicott
|-resisted|p1b: Whimsicott|1
|-damage|p1b: Whimsicott|29/100
|-unboost|p2a: Sneasler|def|1
|-unboost|p2a: Sneasler|spd|1
|move|p1b: Whimsicott|Moonblast|p2b: Charizard
|-resisted|p2b: Charizard|1
|-damage|p2b: Charizard|84/100
|move|p1a: Staraptor|Close Combat|p2a: Sneasler
|-resisted|p2a: Sneasler|1
|-damage|p2a: Sneasler|4/100
|-boost|p1a: Staraptor|def|1
|-boost|p1a: Staraptor|spd|1
|move|p2b: Charizard|Heat Wave|p1a: Staraptor|[spread] p1a,p1b
|-supereffective|p1b: Whimsicott|1
|-enditem|p1b: Whimsicott|Occa Berry|[eat]
|-enditem|p1b: Whimsicott|Occa Berry|[weaken]
|-damage|p1a: Staraptor|47/100
|-damage|p1b: Whimsicott|0 fnt
|faint|p1b: Whimsicott
|
|-weather|SunnyDay|[upkeep]
|upkeep
|
|t:|1785880709
|switch|p1b: Glimmora|Glimmora, L50, F, shiny|32/100
|turn|6
|
|t:|1785880732
|move|p1b: Glimmora|Spiky Shield|p1b: Glimmora
|-singleturn|p1b: Glimmora|move: Protect
|move|p2a: Sneasler|Close Combat|p1b: Glimmora
|-activate|p1b: Glimmora|move: Protect
|-damage|p2a: Sneasler|0 fnt|[from] Spiky Shield|[of] p1b: Glimmora
|faint|p2a: Sneasler
|move|p1a: Staraptor|Brave Bird|p2b: Charizard
|-damage|p2b: Charizard|25/100
|-damage|p1a: Staraptor|25/100|[from] Recoil
|move|p2b: Charizard|Heat Wave|p1a: Staraptor|[spread] p1a
|-activate|p1b: Glimmora|move: Protect
|-damage|p1a: Staraptor|0 fnt
|faint|p1a: Staraptor
|
|-weather|none
|upkeep
|
|t:|1785880745
|switch|p2a: Milotic|Milotic, L50, M|100/100
|-status|p2a: Milotic|psn
|turn|7
|
|t:|1785880751
|move|p1b: Glimmora|Power Gem|p2b: Charizard
|-supereffective|p2b: Charizard|2
|-damage|p2b: Charizard|0 fnt
|faint|p2b: Charizard
|move|p2a: Milotic|Scald|p1b: Glimmora
|-supereffective|p1b: Glimmora|1
|-damage|p1b: Glimmora|0 fnt
|faint|p1b: Glimmora
|
|win|srTerror
||SuperManMuscle is ready for game 2.
||srTerror is ready for game 2.
|uhtml|next|Next: Game 2 of 3
|l|☆SuperManMuscle
|player|p1|
