|j|☆mightycleaveingtou
|j|☆jonen
|html|mightycleaveingtoujonen    
|uhtml|bestof|Game 3 of a best-of-3
|t:|1756904870
|gametype|doubles
|player|p1|mightycleaveingtou|morty|
|player|p2|jonen|ruinmaniac-gen3|
|gen|9
|tier|[Gen 9] VGC 2025 Reg H (Bo3)
|rule|Species Clause: Limit one of each Pokémon
|rule|Item Clause: Limit 1 of each item
|clearpoke
|poke|p1|Gliscor, L50, M|
|poke|p1|Sneasler, L50, F|
|poke|p1|Primarina, L50, F|
|poke|p1|Archaludon, L50, M|
|poke|p1|Pelipper, L50, M|
|poke|p1|Rillaboom, L50, M|
|poke|p2|Garchomp, L50, M|
|poke|p2|Weezing-Galar, L50, M|
|poke|p2|Archaludon, L50, F|
|poke|p2|Gholdengo, L50|
|poke|p2|Talonflame, L50, F|
|poke|p2|Annihilape, L50, M|
|teampreview|4
|showteam|p1|Gliscor||ToxicOrb|PoisonHeal|DualWingbeat,HighHorsepower,Crabhammer,Protect|||M|||50|,,,,,Water]Sneasler||FocusSash|PoisonTouch|Protect,ThroatChop,CloseCombat,DireClaw|||F|||50|,,,,,Stellar]Primarina||Leftovers|LiquidVoice|HyperVoice,DazzlingGleam,CalmMind,Protect|||F|||50|,,,,,Steel]Archaludon||AssaultVest|Stamina|DragonPulse,ElectroShot,FlashCannon,BodyPress|||M|||50|,,,,,Electric]Pelipper||CovertCloak|Drizzle|Tailwind,Hurricane,WeatherBall,Protect|||M|||50|,,,,,Ghost]Rillaboom||MiracleSeed|GrassySurge|FakeOut,WoodHammer,Protect,GrassyGlide|||M|||50|,,,,,Grass
|showteam|p2|Garchomp||LifeOrb|RoughSkin|DragonClaw,Earthquake,StompingTantrum,Protect|||M|||50|,,,,,Ground]Weezing-Galar||FocusSash|NeutralizingGas|Protect,SludgeBomb,Taunt,StrangeSteam|||M|||50|,,,,,Flying]Archaludon||PowerHerb|Sturdy|ElectroShot,Thunderbolt,DracoMeteor,Protect|||F|||50|,,,,,Electric]Gholdengo||ChoiceSpecs|GoodasGold|ShadowBall,DazzlingGleam,PowerGem,MakeItRain||||||50|,,,,,Fairy]Talonflame||CovertCloak|GaleWings|Tailwind,DualWingbeat,UpperHand,FlareBlitz|||F|||50|,,,,,Fairy]Annihilape||AssaultVest|Defiant|CloseCombat,RageFist,FinalGambit,IcePunch|||M|||50|,,,,,Grass
|inactive|Battle timer is ON: inactive players will automatically lose when time's up. (requested by mightycleaveingtou)
|
|t:|1756904885
|teamsize|p1|4
|teamsize|p2|4
|start
|switch|p1a: "ICanFixHer"|Sneasler, L50, F|100/100
|switch|p1b: TheBrooklynBridge|Archaludon, L50, M|100/100
|switch|p2a: Talonflame|Talonflame, L50, F|100/100
|switch|p2b: Archaludon|Archaludon, L50, F|100/100
|turn|1
|inactive|mightycleaveingtou has 30 seconds left.
|inactive|jonen has 30 seconds left.
|
|t:|1756904918
|switch|p1a: GovernmentDrone|Pelipper, L50, M, shiny|100/100
|-weather|RainDance|[from] ability: Drizzle|[of] p1a: GovernmentDrone
|-terastallize|p2b: Archaludon|Electric
|move|p2a: Talonflame|Dual Wingbeat|p1a: GovernmentDrone
|-damage|p1a: GovernmentDrone|80/100
|-damage|p1a: GovernmentDrone|61/100
|-hitcount|p1a: GovernmentDrone|2
|move|p2b: Archaludon|Electro Shot||[still]
|-prepare|p2b: Archaludon|Electro Shot
|-boost|p2b: Archaludon|spa|1
|-anim|p2b: Archaludon|Electro Shot|p1b: TheBrooklynBridge
|-resisted|p1b: TheBrooklynBridge
|-damage|p1b: TheBrooklynBridge|57/100
|-ability|p1b: TheBrooklynBridge|Stamina|boost
|-boost|p1b: TheBrooklynBridge|def|1
|move|p1b: TheBrooklynBridge|Electro Shot||[still]
|-prepare|p1b: TheBrooklynBridge|Electro Shot
|-boost|p1b: TheBrooklynBridge|spa|1
|-anim|p1b: TheBrooklynBridge|Electro Shot|p2a: Talonflame
|-supereffective|p2a: Talonflame
|-damage|p2a: Talonflame|0 fnt
|faint|p2a: Talonflame
|
|-weather|RainDance|[upkeep]
|upkeep
|
|t:|1756904930
|switch|p2a: Annihilape|Annihilape, L50, M|100/100
|turn|2
|inactive|mightycleaveingtou has 30 seconds left.
|inactive|mightycleaveingtou has 20 seconds left.
|inactive|jonen has 30 seconds left.
|
|t:|1756904978
|switch|p1b: "ICanFixHer"|Sneasler, L50, F|100/100
|move|p1a: GovernmentDrone|Protect|p1a: GovernmentDrone
|-singleturn|p1a: GovernmentDrone|Protect
|move|p2a: Annihilape|Close Combat|p1b: "ICanFixHer"
|-resisted|p1b: "ICanFixHer"
|-damage|p1b: "ICanFixHer"|52/100
|-unboost|p2a: Annihilape|def|1
|-unboost|p2a: Annihilape|spd|1
|move|p2b: Archaludon|Electro Shot||[still]
|-prepare|p2b: Archaludon|Electro Shot
|-boost|p2b: Archaludon|spa|1
|-anim|p2b: Archaludon|Electro Shot|p1b: "ICanFixHer"
|-damage|p1b: "ICanFixHer"|0 fnt
|faint|p1b: "ICanFixHer"
|
|-weather|RainDance|[upkeep]
|upkeep
|
|t:|1756904993
|switch|p1b: SatanLovesU<3|Gliscor, L50, M|100/100
|turn|3
|
|t:|1756905010
|switch|p1a: TheBrooklynBridge|Archaludon, L50, M|57/100
|move|p1b: SatanLovesU<3|Dual Wingbeat|p2a: Annihilape
|-supereffective|p2a: Annihilape
|-damage|p2a: Annihilape|43/100
|-supereffective|p2a: Annihilape
|-damage|p2a: Annihilape|0 fnt
|faint|p2a: Annihilape
|-hitcount|p2: Annihilape|2
|move|p2b: Archaludon|Electro Shot||[still]
|-prepare|p2b: Archaludon|Electro Shot
|-boost|p2b: Archaludon|spa|1
|-anim|p2b: Archaludon|Electro Shot|p1a: TheBrooklynBridge
|-resisted|p1a: TheBrooklynBridge
|-damage|p1a: TheBrooklynBridge|0 fnt
|faint|p1a: TheBrooklynBridge
|
|-weather|RainDance|[upkeep]
|-status|p1b: SatanLovesU<3|tox|[from] item: Toxic Orb
|upkeep
|
|t:|1756905026
|switch|p2a: Weezing|Weezing-Galar, L50, M|100/100
|switch|p1a: GovernmentDrone|Pelipper, L50, M, shiny|61/100
|-ability|p2a: Weezing|Neutralizing Gas
|turn|4
|
|t:|1756905038
|move|p1a: GovernmentDrone|Protect|p1a: GovernmentDrone
|-singleturn|p1a: GovernmentDrone|Protect
|move|p1b: SatanLovesU<3|High Horsepower|p2b: Archaludon
|-supereffective|p2b: Archaludon
|-damage|p2b: Archaludon|34/100
|move|p2b: Archaludon|Draco Meteor|p1b: SatanLovesU<3
|-damage|p1b: SatanLovesU<3|0 fnt
|-unboost|p2b: Archaludon|spa|2
|faint|p1b: SatanLovesU<3
|move|p2a: Weezing|Sludge Bomb|p1a: GovernmentDrone
|-activate|p1a: GovernmentDrone|move: Protect
|
|-weather|RainDance|[upkeep]
|upkeep
|turn|5
|
|t:|1756905049
|move|p2b: Archaludon|Electro Shot||[still]
|-prepare|p2b: Archaludon|Electro Shot
|-boost|p2b: Archaludon|spa|1
|-anim|p2b: Archaludon|Electro Shot|p1a: GovernmentDrone
|-supereffective|p1a: GovernmentDrone
|-damage|p1a: GovernmentDrone|0 fnt
|faint|p1a: GovernmentDrone
|
|win|jonen
