|j|☆Fedemitra9
|j|☆Zero_blazeVGC
|html|Fedemitra9Zero_blazeVGC    
|uhtml|bestof|Game 3 of a best-of-3
|t:|1755875968
|gametype|doubles
|player|p1|Fedemitra9|hiker-gen4|1353
|player|p2|Zero_blazeVGC|alder|1302
|gen|9
|tier|[Gen 9] VGC 2025 Reg H (Bo3)
|rated|
|rule|Species Clause: Limit one of each Pokémon
|rule|Item Clause: Limit 1 of each item
|clearpoke
|poke|p1|Ursaluna, L50, F|
|poke|p1|Kilowattrel, L50, F|
|poke|p1|Gholdengo, L50|
|poke|p1|Incineroar, L50, F|
|poke|p1|Amoonguss, L50, M|
|poke|p1|Porygon2, L50|
|poke|p2|Gholdengo, L50|
|poke|p2|Pelipper, L50, M|
|poke|p2|Basculegion, L50, M|
|poke|p2|Amoonguss, L50, F|
|poke|p2|Archaludon, L50, M|
|poke|p2|Incineroar, L50, M|
|teampreview|4
|showteam|p1|Ursaluna||FlameOrb|Guts|Facade,HeadlongRush,Earthquake,Protect|||F|||50|,,,,,Fairy]Kilowattrel||FocusSash|Competitive|Thunderbolt,AirSlash,Tailwind,Protect|||F|||50|,,,,,Ghost]Gholdengo||LifeOrb|GoodasGold|MakeItRain,ShadowBall,NastyPlot,Protect||||||50|,,,,,Flying]Incineroar||AssaultVest|Intimidate|KnockOff,FlareBlitz,Uturn,FakeOut|||F|||50|,,,,,Grass]Amoonguss||SitrusBerry|Regenerator|Spore,RagePowder,SludgeBomb,Protect|||M|||50|,,,,,Water]Porygon2||Eviolite|Download|TeraBlast,IceBeam,Recover,TrickRoom||||||50|,,,,,Fighting
|showteam|p2|Gholdengo||LifeOrb|GoodasGold|Protect,NastyPlot,MakeItRain,ShadowBall||||||50|,,,,,Water]Pelipper||FocusSash|Drizzle|Protect,Tailwind,WeatherBall,Hurricane|||M|||50|,,,,,Stellar]Basculegion||ChoiceBand|SwiftSwim|AquaJet,WaveCrash,FlipTurn,LastRespects|||M|||50|,,,,,Fairy]Amoonguss||SitrusBerry|Regenerator|PollenPuff,Spore,RagePowder,Protect|||F|||50|,,,,,Fairy]Archaludon||AssaultVest|Stamina|ElectroShot,Snarl,FlashCannon,BodyPress|||M|||50|,,,,,Bug]Incineroar||SafetyGoggles|Intimidate|FakeOut,KnockOff,PartingShot,Taunt|||M|||50|,,,,,Ghost
|inactive|Battle timer is ON: inactive players will automatically lose when time's up. (requested by Fedemitra9)
|inactive|Fedemitra9 has 60 seconds left.
|inactive|Zero_blazeVGC has 60 seconds left.
|
|t:|1755876021
|teamsize|p1|4
|teamsize|p2|4
|start
|switch|p1a: Kilowattrel|Kilowattrel, L50, F|100/100
|switch|p1b: Amoonguss|Amoonguss, L50, M, shiny|100/100
|switch|p2a: Omega|Gholdengo, L50|100/100
|switch|p2b: Berry Delite|Pelipper, L50, M|100/100
|-weather|RainDance|[from] ability: Drizzle|[of] p2b: Berry Delite
|turn|1
|inactive|Fedemitra9 has 30 seconds left.
|inactive|Fedemitra9 has 20 seconds left.
|inactive|Zero_blazeVGC has 30 seconds left.
|inactive|Fedemitra9 has 15 seconds left.
|inactive|Fedemitra9 has 10 seconds left.
|
|t:|1755876068
|move|p1a: Kilowattrel|Tailwind|p1a: Kilowattrel
|-sidestart|p1: Fedemitra9|move: Tailwind
|move|p2a: Omega|Nasty Plot|p2a: Omega
|-boost|p2a: Omega|spa|2
|move|p2b: Berry Delite|Tailwind|p2b: Berry Delite
|-sidestart|p2: Zero_blazeVGC|move: Tailwind
|move|p1b: Amoonguss|Spore|p2b: Berry Delite
|-status|p2b: Berry Delite|slp|[from] move: Spore
|
|-weather|RainDance|[upkeep]
|upkeep
|turn|2
|inactive|Zero_blazeVGC has 30 seconds left.
|
|t:|1755876101
|move|p1a: Kilowattrel|Thunderbolt|p2a: Omega
|-damage|p2a: Omega|49/100
|move|p2a: Omega|Nasty Plot|p2a: Omega
|-boost|p2a: Omega|spa|2
|cant|p2b: Berry Delite|slp
|move|p1b: Amoonguss|Sludge Bomb|p2b: Berry Delite
|-damage|p2b: Berry Delite|53/100 slp
|
|-weather|RainDance|[upkeep]
|upkeep
|turn|3
|inactive|Fedemitra9 has 30 seconds left.
|inactive|Zero_blazeVGC has 30 seconds left.
|
|t:|1755876134
|switch|p2b: Benadryl|Amoonguss, L50, F|100/100
|move|p2a: Omega|Protect|p2a: Omega
|-singleturn|p2a: Omega|Protect
|move|p1a: Kilowattrel|Thunderbolt|p2a: Omega
|-activate|p2a: Omega|move: Protect
|move|p1b: Amoonguss|Spore|p2b: Benadryl
|-immune|p2b: Benadryl
|
|-weather|RainDance|[upkeep]
|upkeep
|turn|4
|inactive|Fedemitra9 has 30 seconds left.
|inactive|Zero_blazeVGC has 30 seconds left.
|
|t:|1755876168
|move|p2b: Benadryl|Rage Powder|p2b: Benadryl
|-singleturn|p2b: Benadryl|move: Rage Powder
|move|p1a: Kilowattrel|Thunderbolt|p2b: Benadryl
|-resisted|p2b: Benadryl
|-damage|p2b: Benadryl|86/100
|move|p2a: Omega|Make It Rain|p1b: Amoonguss|[spread] p1a,p1b
|-resisted|p1a: Kilowattrel
|-enditem|p1a: Kilowattrel|Focus Sash
|-damage|p1a: Kilowattrel|1/100
|-damage|p1b: Amoonguss|0 fnt
|-unboost|p2a: Omega|spa|1
|faint|p1b: Amoonguss
|-damage|p2a: Omega|39/100|[from] item: Life Orb
|
|-weather|RainDance|[upkeep]
|-sideend|p2: Zero_blazeVGC|move: Tailwind
|-sideend|p1: Fedemitra9|move: Tailwind
|upkeep
|
|t:|1755876185
|switch|p1b: Ursaluna|Ursaluna, L50, F|100/100
|turn|5
|
|t:|1755876206
|move|p1a: Kilowattrel|Protect|p1a: Kilowattrel
|-singleturn|p1a: Kilowattrel|Protect
|move|p2a: Omega|Protect|p2a: Omega
|-singleturn|p2a: Omega|Protect
|move|p1b: Ursaluna|Protect|p1b: Ursaluna
|-singleturn|p1b: Ursaluna|Protect
|move|p2b: Benadryl|Spore|p1b: Ursaluna
|-activate|p1b: Ursaluna|move: Protect
|
|-weather|none
|-status|p1b: Ursaluna|brn|[from] item: Flame Orb
|upkeep
|turn|6
|inactive|Zero_blazeVGC has 30 seconds left.
|inactive|Zero_blazeVGC has 20 seconds left.
|
|t:|1755876242
|switch|p2a: Berry Delite|Pelipper, L50, M|53/100 slp
|-weather|RainDance|[from] ability: Drizzle|[of] p2a: Berry Delite
|move|p1a: Kilowattrel|Tailwind|p1a: Kilowattrel
|-sidestart|p1: Fedemitra9|move: Tailwind
|move|p1b: Ursaluna|Earthquake|p2a: Berry Delite|[spread] p2b
|-immune|p1a: Kilowattrel
|-immune|p2a: Berry Delite
|-damage|p2b: Benadryl|24/100
|-enditem|p2b: Benadryl|Sitrus Berry|[eat]
|-heal|p2b: Benadryl|49/100|[from] item: Sitrus Berry
|move|p2b: Benadryl|Spore|p1a: Kilowattrel
|-status|p1a: Kilowattrel|slp|[from] move: Spore
|
|-weather|RainDance|[upkeep]
|-damage|p1b: Ursaluna|95/100 brn|[from] brn
|upkeep
|turn|7
|inactive|Fedemitra9 has 30 seconds left.
|inactive|Zero_blazeVGC has 30 seconds left.
|inactive|Fedemitra9 has 20 seconds left.
|inactive|Zero_blazeVGC has 20 seconds left.
|inactive|Fedemitra9 has 15 seconds left.
|inactive|Zero_blazeVGC has 15 seconds left.
|inactive|Zero_blazeVGC has 10 seconds left.
|
|t:|1755876292
|switch|p1a: Gholdengo|Gholdengo, L50|100/100
|move|p1b: Ursaluna|Facade|p2a: Berry Delite
|-damage|p2a: Berry Delite|0 fnt
|faint|p2a: Berry Delite
|move|p2b: Benadryl|Pollen Puff|p2: Berry Delite|[notarget]
|-fail|p2b: Benadryl
|
|-weather|RainDance|[upkeep]
|-damage|p1b: Ursaluna|89/100 brn|[from] brn
|upkeep
|inactive|Zero_blazeVGC has 30 seconds left.
|
|t:|1755876324
|switch|p2a: Oogie Boogie|Basculegion, L50, M|100/100
|turn|8
|inactive|Fedemitra9 has 30 seconds left.
|inactive|Zero_blazeVGC has 30 seconds left.
|inactive|Fedemitra9 has 20 seconds left.
|inactive|Fedemitra9 has 15 seconds left.
|inactive|Fedemitra9 has 10 seconds left.
|
|t:|1755876374
|move|p1b: Ursaluna|Protect|p1b: Ursaluna
|-singleturn|p1b: Ursaluna|Protect
|move|p2b: Benadryl|Rage Powder|p2b: Benadryl
|-singleturn|p2b: Benadryl|move: Rage Powder
|move|p1a: Gholdengo|Nasty Plot|p1a: Gholdengo
|-boost|p1a: Gholdengo|spa|2
|move|p2a: Oogie Boogie|Wave Crash|p1a: Gholdengo
|-damage|p1a: Gholdengo|0 fnt
|faint|p1a: Gholdengo
|-damage|p2a: Oogie Boogie|72/100|[from] Recoil
|
|-weather|RainDance|[upkeep]
|-damage|p1b: Ursaluna|83/100 brn|[from] brn
|upkeep
|
|t:|1755876389
|switch|p1a: Kilowattrel|Kilowattrel, L50, F|1/100 slp
|turn|9
|
|t:|1755876402
|-terastallize|p1b: Ursaluna|Fairy
|cant|p1a: Kilowattrel|slp
|move|p2a: Oogie Boogie|Wave Crash|p1b: Ursaluna
|-damage|p1b: Ursaluna|0 fnt
|faint|p1b: Ursaluna
|-damage|p2a: Oogie Boogie|43/100|[from] Recoil
|move|p2b: Benadryl|Pollen Puff|p1a: Kilowattrel
|-resisted|p1a: Kilowattrel
|-damage|p1a: Kilowattrel|0 fnt
|faint|p1a: Kilowattrel
|
|win|Zero_blazeVGC
|raw|Fedemitra9's rating: 1353 → 1330(-23 for losing)
|raw|Zero_blazeVGC's rating: 1302 → 1325(+23 for winning)
