|j|☆caevz027
|j|☆satandagiii2005
|html|caevz027satandagiii2005    
|uhtml|bestof|Game 1 of a best-of-3
|t:|1784320487
|gametype|doubles
|player|p1|caevz027|170|1181
|player|p2|satandagiii2005|byron|1159
|gen|9
|tier|[Gen 9 Champions] VGC 2026 Reg M-B (Bo3)
|rated|
|rule|Species Clause: Limit one of each Pokémon
|rule|Item Clause: Limit 1 of each item
|clearpoke
|poke|p1|Maushold-Four, L50|
|poke|p1|Annihilape, L50, M|
|poke|p1|Samurott-Hisui, L50, F|
|poke|p1|Glimmora, L50, M|
|poke|p1|Froslass, L50, F|
|poke|p1|Talonflame, L50, F|
|poke|p2|Venusaur, L50, F|
|poke|p2|Grimmsnarl, L50, M|
|poke|p2|Pelipper, L50, F|
|poke|p2|Archaludon, L50, F|
|poke|p2|Swampert, L50, F|
|poke|p2|Hydreigon, L50, F|
|teampreview|4
|showteam|p1|Maushold-Four||ChopleBerry|FriendGuard|FollowMe,Protect,BeatUp,SuperFang|Jolly|||||50|]Annihilape||Leftovers|Defiant|DrainPunch,RageFist,BulkUp,Protect|Adamant||M|||50|]Samurott-Hisui||LifeOrb|Sharpness|CeaselessEdge,RazorShell,SacredSword,Protect|Jolly||F|||50|]Glimmora||FocusSash|ToxicDebris|EarthPower,PowerGem,SludgeBomb,SpikyShield|Timid||M|||50|]Froslass||Froslassite|SnowCloak|Blizzard,ShadowBall,AuroraVeil,Protect|Timid||F|||50|]Talonflame|||GaleWings|Acrobatics,Tailwind,Protect,WillOWisp|Jolly||F|||50|
|showteam|p2|Venusaur||Venusaurite|Chlorophyll|Protect,GigaDrain,EarthPower,SludgeBomb|Modest||F|||50|]Grimmsnarl||LightClay|Prankster|SpiritBreak,Reflect,LightScreen,PartingShot|Careful||M|||50|]Pelipper||SitrusBerry|Drizzle|WeatherBall,Hurricane,Tailwind,WideGuard|Modest||F|||50|]Archaludon||Leftovers|Stamina|Protect,ElectroShot,DragonPulse,FlashCannon|Calm||F|||50|]Swampert||Swampertite|Torrent|Protect,WaveCrash,Earthquake,IcePunch|Adamant||F|||50|]Hydreigon||ChoiceScarf|Levitate|DarkPulse,Snarl,DracoMeteor,Uturn|Timid||F|||50|
|inactive|Battle timer is ON: inactive players will automatically lose when time's up. (requested by caevz027)
|inactive|satandagiii2005 has 60 seconds left.
|
|t:|1784320559
|teamsize|p1|4
|teamsize|p2|4
|start
|switch|p1a: Annihilape|Annihilape, L50, M|100/100
|switch|p1b: Samurott|Samurott-Hisui, L50, F|100/100
|switch|p2a: Grimmsnarl|Grimmsnarl, L50, M|100/100
|switch|p2b: Swampert|Swampert, L50, F|100/100
|turn|1
|inactive|caevz027 has 30 seconds left.
|inactive|satandagiii2005 has 30 seconds left.
|
|t:|1784320585
|switch|p1a: Froslass|Froslass, L50, F|100/100
|detailschange|p2b: Swampert|Swampert-Mega, L50, F
|-mega|p2b: Swampert|Swampert|Swampertite
|move|p2a: Grimmsnarl|Parting Shot|p1b: Samurott
|-hint|Since gen 7, Dark is immune to Prankster moves.
|-immune|p1b: Samurott
|move|p1b: Samurott|Ceaseless Edge|p2b: Swampert
|-damage|p2b: Swampert|46/100
|-sidestart|p2: satandagiii2005|Spikes
|-damage|p1b: Samurott|90/100|[from] item: Life Orb
|move|p2b: Swampert|Wave Crash|p1a: Froslass
|-damage|p1a: Froslass|0 fnt
|faint|p1a: Froslass
|-damage|p2b: Swampert|20/100y|[from] Recoil
|
|upkeep
|
|t:|1784320601
|switch|p1a: Maushold|Maushold-Four, L50|100/100
|turn|2
|
|t:|1784320607
|switch|p2b: Hydreigon|Hydreigon, L50, F|100/100
|move|p1a: Maushold|Protect|p1a: Maushold
|-singleturn|p1a: Maushold|Protect
|move|p2a: Grimmsnarl|Reflect|p2a: Grimmsnarl
|-sidestart|p2: satandagiii2005|Reflect
|move|p1b: Samurott|Razor Shell|p2a: Grimmsnarl
|-damage|p2a: Grimmsnarl|46/100
|-unboost|p2a: Grimmsnarl|def|1
|-damage|p1b: Samurott|80/100|[from] item: Life Orb
|
|upkeep
|turn|3
|
|t:|1784320620
|move|p1a: Maushold|Follow Me|p1a: Maushold
|-singleturn|p1a: Maushold|move: Follow Me
|move|p2b: Hydreigon|Dark Pulse|p1a: Maushold
|-damage|p1a: Maushold|53/100
|move|p1b: Samurott|Sacred Sword|p2b: Hydreigon
|-supereffective|p2b: Hydreigon|1
|-damage|p2b: Hydreigon|24/100
|-damage|p1b: Samurott|71/100|[from] item: Life Orb
|move|p2a: Grimmsnarl|Spirit Break|p1a: Maushold
|-damage|p1a: Maushold|9/100
|-unboost|p1a: Maushold|spa|1
|
|upkeep
|turn|4
|
|t:|1784320646
|switch|p2b: Pelipper|Pelipper, L50, F|100/100
|-weather|RainDance|[from] ability: Drizzle|[of] p2b: Pelipper
|move|p1a: Maushold|Protect|p1a: Maushold
|-singleturn|p1a: Maushold|Protect
|move|p1b: Samurott|Razor Shell|p2a: Grimmsnarl
|-damage|p2a: Grimmsnarl|0 fnt
|faint|p2a: Grimmsnarl
|-damage|p1b: Samurott|61/100|[from] item: Life Orb
|
|-weather|RainDance|[upkeep]
|upkeep
|
|t:|1784320657
|switch|p2a: Swampert|Swampert-Mega, L50, F|20/100y
|-damage|p2a: Swampert|7/100|[from] Spikes
|turn|5
|
|t:|1784320675
|move|p1a: Maushold|Follow Me|p1a: Maushold
|-singleturn|p1a: Maushold|move: Follow Me
|move|p2a: Swampert|Earthquake|p1a: Maushold|[spread] p1a,p1b
|-immune|p2b: Pelipper
|-damage|p1a: Maushold|0 fnt
|-damage|p1b: Samurott|16/100
|faint|p1a: Maushold
|move|p1b: Samurott|Ceaseless Edge|p2a: Swampert
|-damage|p2a: Swampert|0 fnt
|-sidestart|p2: satandagiii2005|Spikes
|faint|p2a: Swampert
|-damage|p1b: Samurott|6/100|[from] item: Life Orb
|move|p2b: Pelipper|Hurricane|p1b: Samurott
|-damage|p1b: Samurott|0 fnt
|faint|p1b: Samurott
|
|-weather|RainDance|[upkeep]
|upkeep
|-message|caevz027 forfeited.
|
|win|satandagiii2005
|l|☆caevz027
|player|p1|
||satandagiii2005 is ready for game 2.
||caevz027 is ready for game 2.
|uhtml|next|Next: Game 2 of 3
