|j|☆note2610
|j|☆Harry Koekenpan
|html|note2610Harry Koekenpan    
|uhtml|bestof|Game 2 of a best-of-3
|t:|1756306358
|gametype|doubles
|player|p1|note2610|n|
|player|p2|Harry Koekenpan|1|
|gen|9
|tier|[Gen 9] VGC 2025 Reg H (Bo3)
|rule|Species Clause: Limit one of each Pokémon
|rule|Item Clause: Limit 1 of each item
|clearpoke
|poke|p1|Indeedee-F, L50, F|
|poke|p1|Ursaluna, L50, M|
|poke|p1|Torkoal, L50, F|
|poke|p1|Lilligant-Hisui, L50, F|
|poke|p1|Hatterene, L50, F|
|poke|p1|Farigiraf, L50, M|
|poke|p2|Toedscruel, L50, F|
|poke|p2|Weezing-Galar, L50, F|
|poke|p2|Garchomp, L50, F|
|poke|p2|Kilowattrel, L50, M|
|poke|p2|Typhlosion-Hisui, L50, F|
|poke|p2|Conkeldurr, L50, F|
|teampreview|4
|showteam|p1|Indeedee-F||MentalHerb|PsychicSurge|FollowMe,TrickRoom,HelpingHand,DazzlingGleam|||F|||50|,,,,,Steel]Ursaluna||FlameOrb|Guts|Facade,HeadlongRush,Earthquake,Protect|||M|||50|,,,,,Ghost]Torkoal||ChoiceSpecs|Drought|Eruption,HeatWave,EarthPower,SolarBeam|||F|||50|,,,,,Fire]Lilligant-Hisui||FocusSash|Chlorophyll|AfterYou,HelpingHand,LeafBlade,AxeKick|||F|||50|,,,,,Ghost]Hatterene||LifeOrb|MagicBounce|MysticalFire,ExpandingForce,Protect,DazzlingGleam|||F|||50|,,,,,Fire]Farigiraf||ThroatSpray|ArmorTail|TrickRoom,HyperVoice,FoulPlay,HelpingHand|||M|||50|,,,,,Fairy
|showteam|p2|Toedscruel||CovertCloak|MyceliumMight|Spore,RagePowder,AcidSpray,EarthPower|||F|||50|,,,,,Water]Weezing-Galar||ChoiceSpecs|NeutralizingGas|DazzlingGleam,SludgeBomb,StrangeSteam,TeraBlast|||F|||50|,,,,,Water]Garchomp||LifeOrb|RoughSkin|Protect,Earthquake,DragonClaw,StompingTantrum|||F|||50|,,,,,Ground]Kilowattrel||FocusSash|Competitive|Discharge,AirSlash,Tailwind,Protect|||M|||50|,,,,,Ghost]Typhlosion-Hisui||ChoiceScarf|Blaze|Eruption,HeatWave,ShadowBall,SleepTalk|||F|||50|,,,,,Fire]Conkeldurr||AssaultVest|IronFist|MachPunch,DrainPunch,KnockOff,IcePunch|||F|||50|,,,,,Grass
|inactive|Battle timer is ON: inactive players will automatically lose when time's up. (requested by note2610)
|
|t:|1756306382
|teamsize|p1|4
|teamsize|p2|4
|start
|switch|p1a: Indeedee|Indeedee-F, L50, F|100/100
|switch|p1b: Hatterene|Hatterene, L50, F|100/100
|switch|p2a: Garchomp|Garchomp, L50, F|100/100
|switch|p2b: Typhlosion|Typhlosion-Hisui, L50, F|100/100
|-fieldstart|move: Psychic Terrain|[from] ability: Psychic Surge|[of] p1a: Indeedee
|turn|1
|inactive|Harry Koekenpan has 30 seconds left.
|inactive|note2610 has 30 seconds left.
|inactive|Harry Koekenpan has 20 seconds left.
|inactive|note2610 has 20 seconds left.
|inactive|Harry Koekenpan has 15 seconds left.
|inactive|Harry Koekenpan has 10 seconds left.
|
|t:|1756306428
|-terastallize|p2b: Typhlosion|Fire
|move|p1b: Hatterene|Protect|p1b: Hatterene
|-singleturn|p1b: Hatterene|Protect
|move|p2b: Typhlosion|Eruption|p1a: Indeedee|[spread] p1a
|-activate|p1b: Hatterene|move: Protect
|-damage|p1a: Indeedee|33/100
|move|p2a: Garchomp|Stomping Tantrum|p1b: Hatterene
|-activate|p1b: Hatterene|move: Protect
|move|p1a: Indeedee|Trick Room|p1a: Indeedee
|-fieldstart|move: Trick Room|[of] p1a: Indeedee
|
|upkeep
|turn|2
|inactive|Harry Koekenpan has 30 seconds left.
|inactive|Harry Koekenpan has 20 seconds left.
|inactive|Harry Koekenpan has 15 seconds left.
|
|t:|1756306472
|move|p1a: Indeedee|Helping Hand|p1b: Hatterene
|-singleturn|p1b: Hatterene|Helping Hand|[of] p1a: Indeedee
|move|p2a: Garchomp|Protect|p2a: Garchomp
|-singleturn|p2a: Garchomp|Protect
|move|p1b: Hatterene|Expanding Force|p2a: Garchomp|[spread] p2b
|-activate|p2a: Garchomp|move: Protect
|-damage|p2b: Typhlosion|0 fnt
|faint|p2b: Typhlosion
|-damage|p1b: Hatterene|91/100|[from] item: Life Orb
|
|upkeep
|
|t:|1756306487
|switch|p2b: Kilowattrel|Kilowattrel, L50, M|100/100
|turn|3
|
|t:|1756306512
|switch|p2a: Conkeldurr|Conkeldurr, L50, F|100/100
|move|p1a: Indeedee|Helping Hand|p1b: Hatterene
|-singleturn|p1b: Hatterene|Helping Hand|[of] p1a: Indeedee
|move|p2b: Kilowattrel|Protect|p2b: Kilowattrel
|-singleturn|p2b: Kilowattrel|Protect
|move|p1b: Hatterene|Expanding Force|p2b: Kilowattrel|[spread] p2a
|-activate|p2b: Kilowattrel|move: Protect
|-supereffective|p2a: Conkeldurr
|-damage|p2a: Conkeldurr|0 fnt
|faint|p2a: Conkeldurr
|-damage|p1b: Hatterene|81/100|[from] item: Life Orb
|
|upkeep
|
|t:|1756306524
|switch|p2a: Garchomp|Garchomp, L50, F|100/100
|turn|4
|
|t:|1756306537
|move|p1a: Indeedee|Helping Hand|p1b: Hatterene
|-singleturn|p1b: Hatterene|Helping Hand|[of] p1a: Indeedee
|move|p2a: Garchomp|Protect|p2a: Garchomp
|-singleturn|p2a: Garchomp|Protect
|move|p1b: Hatterene|Expanding Force|p2a: Garchomp|[spread] p2b
|-activate|p2a: Garchomp|move: Protect
|-enditem|p2b: Kilowattrel|Focus Sash
|-damage|p2b: Kilowattrel|1/100
|-damage|p1b: Hatterene|71/100|[from] item: Life Orb
|move|p2b: Kilowattrel|Discharge|p1b: Hatterene|[spread] p1a,p1b
|-activate|p2a: Garchomp|move: Protect
|-damage|p1a: Indeedee|10/100
|-damage|p1b: Hatterene|44/100
|
|upkeep
|turn|5
|
|t:|1756306561
|move|p1a: Indeedee|Helping Hand|p1b: Hatterene
|-singleturn|p1b: Hatterene|Helping Hand|[of] p1a: Indeedee
|move|p2a: Garchomp|Protect||[still]
|-fail|p2a: Garchomp
|move|p2b: Kilowattrel|Protect|p2b: Kilowattrel
|-singleturn|p2b: Kilowattrel|Protect
|move|p1b: Hatterene|Expanding Force|p2a: Garchomp|[spread] p2a
|-activate|p2b: Kilowattrel|move: Protect
|-damage|p2a: Garchomp|0 fnt
|faint|p2a: Garchomp
|-damage|p1b: Hatterene|34/100|[from] item: Life Orb
|
|-fieldend|move: Trick Room
|-fieldend|move: Psychic Terrain
|upkeep
|turn|6
|
|t:|1756306577
|move|p1a: Indeedee|Follow Me|p1a: Indeedee
|-singleturn|p1a: Indeedee|move: Follow Me
|move|p2b: Kilowattrel|Discharge|p1b: Hatterene|[spread] p1a,p1b
|-damage|p1a: Indeedee|0 fnt
|-damage|p1b: Hatterene|4/100
|-status|p1b: Hatterene|par
|faint|p1a: Indeedee
|move|p1b: Hatterene|Mystical Fire|p2b: Kilowattrel
|-damage|p2b: Kilowattrel|0 fnt
|faint|p2b: Kilowattrel
|-damage|p1b: Hatterene|0 fnt|[from] item: Life Orb
|faint|p1b: Hatterene
|
|win|note2610
