|j|☆BerryCekodok
|j|☆Cage92
|html|BerryCekodokCage92    
|uhtml|bestof|Game 2 of a best-of-3
|t:|1756643026
|gametype|doubles
|player|p1|BerryCekodok|pokefan|1054
|player|p2|Cage92|bugsy|1142
|gen|9
|tier|[Gen 9] VGC 2025 Reg H (Bo3)
|rated|
|rule|Species Clause: Limit one of each Pokémon
|rule|Item Clause: Limit 1 of each item
|clearpoke
|poke|p1|Ursaluna, L50, M|
|poke|p1|Gholdengo, L50|
|poke|p1|Flamigo, L50, M|
|poke|p1|Porygon2, L50|
|poke|p1|Amoonguss, L50, M|
|poke|p1|Incineroar, L50, F|
|poke|p2|Corviknight, L50, M|
|poke|p2|Garchomp, L50, M|
|poke|p2|Tyranitar, L50, M|
|poke|p2|Gholdengo, L50|
|poke|p2|Sneasler, L50, M|
|poke|p2|Incineroar, L50, M|
|teampreview|4
|showteam|p1|Ursaluna||FlameOrb|Guts|Facade,HeadlongRush,Earthquake,Protect|||M|||50|,,,,,Ghost]Gholdengo||LifeOrb|GoodasGold|MakeItRain,ShadowBall,Protect,NastyPlot||||||50|,,,,,Steel]Flamigo||FocusSash|Scrappy|CloseCombat,DualWingbeat,Detect,WideGuard|||M|||50|,,,,,Stellar]Porygon2||Eviolite|Download|TeraBlast,IceBeam,TrickRoom,Recover||||||50|,,,,,Fighting]Amoonguss||SitrusBerry|Regenerator|PollenPuff,ClearSmog,Spore,RagePowder|||M|||50|,,,,,Water]Incineroar||SafetyGoggles|Intimidate|FlareBlitz,KnockOff,FakeOut,PartingShot|||F|||50|,,,,,Grass
|showteam|p2|Corviknight||CovertCloak|MirrorArmor|BraveBird,Taunt,Roost,Tailwind|||M|||50|,,,,,Dragon]Garchomp||ClearAmulet|RoughSkin|Earthquake,DragonClaw,StompingTantrum,Protect|||M|||50|,,,,,Steel]Tyranitar||AssaultVest|SandStream|RockSlide,KnockOff,TeraBlast,LowKick|||M|||50|,,,,,Flying]Gholdengo||LifeOrb|GoodasGold|MakeItRain,ShadowBall,NastyPlot,Protect||||||50|,,,,,Water]Sneasler||WhiteHerb|Unburden|DireClaw,CloseCombat,Coaching,Protect|||M|||50|,,,,,Ghost]Incineroar||SitrusBerry|Intimidate|FlareBlitz,WillOWisp,PartingShot,FakeOut|||M|||50|,,,,,Grass
|
|t:|1756643063
|teamsize|p1|4
|teamsize|p2|4
|start
|switch|p1a: Squishy|Porygon2, L50|100/100
|switch|p1b: Hunter|Incineroar, L50, F|100/100
|switch|p2a: Corviknight|Corviknight, L50, M|100/100
|switch|p2b: Garchomp|Garchomp, L50, M|100/100
|-ability|p1a: Squishy|Download|boost
|-boost|p1a: Squishy|spa|1
|-ability|p1b: Hunter|Intimidate|boost
|-ability|p2a: Corviknight|Mirror Armor
|-unboost|p1b: Hunter|atk|1
|-fail|p2b: Garchomp|unboost|[from] item: Clear Amulet|[of] p2b: Garchomp
|turn|1
|
|t:|1756643096
|switch|p1a: Bearfoot|Ursaluna, L50, M|100/100
|-terastallize|p2b: Garchomp|Steel
|move|p1b: Hunter|Fake Out|p2b: Garchomp
|-resisted|p2b: Garchomp
|-damage|p2b: Garchomp|97/100
|-damage|p1b: Hunter|88/100|[from] ability: Rough Skin|[of] p2b: Garchomp
|cant|p2b: Garchomp|flinch
|move|p2a: Corviknight|Taunt|p1a: Bearfoot
|-start|p1a: Bearfoot|move: Taunt
|
|-status|p1a: Bearfoot|brn|[from] item: Flame Orb
|upkeep
|turn|2
|
|t:|1756643133
|switch|p2a: Incineroar|Incineroar, L50, M|100/100
|-ability|p2a: Incineroar|Intimidate|boost
|-unboost|p1a: Bearfoot|atk|1
|-unboost|p1b: Hunter|atk|1
|move|p2b: Garchomp|Protect|p2b: Garchomp
|-singleturn|p2b: Garchomp|Protect
|move|p1b: Hunter|Flare Blitz|p2a: Incineroar
|-resisted|p2a: Incineroar
|-crit|p2a: Incineroar
|-damage|p2a: Incineroar|68/100
|-damage|p1b: Hunter|78/100|[from] Recoil
|move|p1a: Bearfoot|Headlong Rush|p2b: Garchomp
|-activate|p2b: Garchomp|move: Protect
|
|-damage|p1a: Bearfoot|95/100 brn|[from] brn
|upkeep
|turn|3
|
|t:|1756643191
|switch|p2b: Corviknight|Corviknight, L50, M|100/100
|switch|p1b: Sus|Amoonguss, L50, M|100/100
|move|p2a: Incineroar|Parting Shot|p1a: Bearfoot
|-unboost|p1a: Bearfoot|atk|1
|-unboost|p1a: Bearfoot|spa|1
|
|t:|1756643199
|switch|p2a: Garchomp|Garchomp, L50, M, tera:Steel|97/100|[from] Parting Shot
|move|p1a: Bearfoot|Earthquake|p2a: Garchomp|[spread] p1b,p2a
|-immune|p2b: Corviknight
|-supereffective|p2a: Garchomp
|-damage|p1b: Sus|70/100
|-damage|p2a: Garchomp|25/100
|
|-damage|p1a: Bearfoot|89/100 brn|[from] brn
|-end|p1a: Bearfoot|move: Taunt
|upkeep
|turn|4
|
|t:|1756643250
|move|p2a: Garchomp|Earthquake|p1a: Bearfoot|[spread] p1a,p1b
|-immune|p2b: Corviknight
|-damage|p1a: Bearfoot|58/100 brn
|-damage|p1b: Sus|34/100
|-enditem|p1b: Sus|Sitrus Berry|[eat]
|-heal|p1b: Sus|59/100|[from] item: Sitrus Berry
|move|p2b: Corviknight|Brave Bird|p1b: Sus
|-supereffective|p1b: Sus
|-damage|p1b: Sus|0 fnt
|faint|p1b: Sus
|-damage|p2b: Corviknight|79/100|[from] Recoil
|move|p1a: Bearfoot|Headlong Rush|p2a: Garchomp
|-supereffective|p2a: Garchomp
|-damage|p2a: Garchomp|0 fnt
|-unboost|p1a: Bearfoot|def|1
|-unboost|p1a: Bearfoot|spd|1
|-damage|p1a: Bearfoot|46/100 brn|[from] ability: Rough Skin|[of] p2a: Garchomp
|faint|p2a: Garchomp
|
|-damage|p1a: Bearfoot|40/100 brn|[from] brn
|upkeep
|
|t:|1756643267
|switch|p2a: Incineroar|Incineroar, L50, M|68/100
|switch|p1b: Hunter|Incineroar, L50, F|78/100
|-ability|p2a: Incineroar|Intimidate|boost
|-unboost|p1a: Bearfoot|atk|1
|-unboost|p1b: Hunter|atk|1
|-ability|p1b: Hunter|Intimidate|boost
|-unboost|p2a: Incineroar|atk|1
|-ability|p2b: Corviknight|Mirror Armor
|-unboost|p1b: Hunter|atk|1
|turn|5
|
|t:|1756643278
|switch|p1a: Squishy|Porygon2, L50|100/100
|-ability|p1a: Squishy|Download|boost
|-boost|p1a: Squishy|atk|1
|move|p2a: Incineroar|Fake Out|p1b: Hunter
|-damage|p1b: Hunter|71/100
|move|p2b: Corviknight|Brave Bird|p1a: Squishy
|-damage|p1a: Squishy|74/100
|-damage|p2b: Corviknight|71/100|[from] Recoil
|cant|p1b: Hunter|flinch
|
|upkeep
|turn|6
|
|t:|1756643292
|-terastallize|p1a: Squishy|Fighting
|move|p2b: Corviknight|Taunt|p1a: Squishy
|-start|p1a: Squishy|move: Taunt
|move|p2a: Incineroar|Flare Blitz|p1a: Squishy
|-damage|p1a: Squishy|55/100
|-damage|p2a: Incineroar|62/100|[from] Recoil
|move|p1a: Squishy|Tera Blast|p2a: Incineroar|[anim] Tera Blast Fighting
|-supereffective|p2a: Incineroar
|-damage|p2a: Incineroar|8/100
|-enditem|p2a: Incineroar|Sitrus Berry|[eat]
|-heal|p2a: Incineroar|33/100|[from] item: Sitrus Berry
|move|p1b: Hunter|Flare Blitz|p2b: Corviknight
|-supereffective|p2b: Corviknight
|-crit|p2b: Corviknight
|-damage|p2b: Corviknight|0 fnt
|faint|p2b: Corviknight
|-damage|p1b: Hunter|48/100|[from] Recoil
|
|upkeep
|
|t:|1756643306
|switch|p2b: Gholdengo|Gholdengo, L50|100/100
|turn|7
|
|t:|1756643332
|move|p2b: Gholdengo|Shadow Ball|p1b: Hunter
|-resisted|p1b: Hunter
|-damage|p1b: Hunter|26/100
|-unboost|p1b: Hunter|spd|1
|-damage|p2b: Gholdengo|91/100|[from] item: Life Orb
|move|p2a: Incineroar|Flare Blitz|p1b: Hunter
|-resisted|p1b: Hunter
|-damage|p1b: Hunter|12/100
|-damage|p2a: Incineroar|29/100|[from] Recoil
|move|p1a: Squishy|Tera Blast|p2a: Incineroar|[anim] Tera Blast Fighting
|-supereffective|p2a: Incineroar
|-crit|p2a: Incineroar
|-damage|p2a: Incineroar|0 fnt
|faint|p2a: Incineroar
|move|p1b: Hunter|Flare Blitz|p1a: Squishy
|-damage|p1a: Squishy|39/100
|-damage|p1b: Hunter|7/100|[from] Recoil
|
|upkeep
|turn|8
|
|t:|1756643364
|switch|p1b: Bearfoot|Ursaluna, L50, M|40/100 brn
|move|p2b: Gholdengo|Shadow Ball|p1b: Bearfoot
|-immune|p1b: Bearfoot
|move|p1a: Squishy|Ice Beam|p2b: Gholdengo
|-resisted|p2b: Gholdengo
|-damage|p2b: Gholdengo|77/100
|
|-damage|p1b: Bearfoot|34/100 brn|[from] brn
|-end|p1a: Squishy|move: Taunt
|upkeep
|turn|9
|
|t:|1756643379
|move|p2b: Gholdengo|Make It Rain|p1b: Bearfoot|[spread] p1a,p1b
|-crit|p1a: Squishy
|-damage|p1a: Squishy|0 fnt
|-damage|p1b: Bearfoot|0 fnt
|-unboost|p2b: Gholdengo|spa|1
|faint|p1a: Squishy
|faint|p1b: Bearfoot
|-damage|p2b: Gholdengo|68/100|[from] item: Life Orb
|
|upkeep
|
|t:|1756643384
|switch|p1b: Hunter|Incineroar, L50, F|7/100
|-ability|p1b: Hunter|Intimidate|boost
|-unboost|p2b: Gholdengo|atk|1
|turn|10
|
|t:|1756643393
|move|p2b: Gholdengo|Make It Rain|p1b: Hunter
|-resisted|p1b: Hunter
|-damage|p1b: Hunter|0 fnt
|-unboost|p2b: Gholdengo|spa|1
|faint|p1b: Hunter
|-damage|p2b: Gholdengo|58/100|[from] item: Life Orb
|
|win|Cage92
|raw|BerryCekodok's rating: 1054 → 1040(-14 for losing)
|raw|Cage92's rating: 1142 → 1161(+19 for winning)
|l|☆BerryCekodok
|player|p1|
