|j|☆LorGhez
|j|☆the doctor rock
|html|LorGhezthe doctor rock    
|uhtml|bestof|Game 2 of a best-of-3
|t:|1783449415
|gametype|doubles
|player|p1|LorGhez|101|1132
|player|p2|the doctor rock|marlon|1092
|gen|9
|tier|[Gen 9 Champions] VGC 2026 Reg M-B (Bo3)
|rated|
|rule|Species Clause: Limit one of each Pokémon
|rule|Item Clause: Limit 1 of each item
|clearpoke
|poke|p1|Venusaur, L50, F|
|poke|p1|Incineroar, L50, M|
|poke|p1|Primarina, L50, F|
|poke|p1|Aerodactyl, L50, M|
|poke|p1|Kingambit, L50, F|
|poke|p1|Farigiraf, L50, F|
|poke|p2|Malamar, L50, F|
|poke|p2|Sylveon, L50, F|
|poke|p2|Grimmsnarl, L50, M|
|poke|p2|Sinistcha, L50|
|poke|p2|Rotom-Wash, L50|
|poke|p2|Arcanine-Hisui, L50, M|
|teampreview|4
|showteam|p1|Venusaur||Venusaurite|Chlorophyll|Protect,GigaDrain,SludgeBomb,EarthPower|Modest||F|||50|]Incineroar||Charcoal|Intimidate|FakeOut,PartingShot,CloseCombat,FlareBlitz|Adamant||M|||50|]Primarina||LifeOrb|LiquidVoice|Protect,CalmMind,HyperVoice,Moonblast|Modest||F|||50|]Aerodactyl||Aerodactylite|Unnerve|DualWingbeat,Tailwind,RockSlide,IceFang|Adamant||M|||50|]Kingambit||BlackGlasses|Defiant|Protect,SuckerPunch,KowtowCleave,IronHead|Adamant||F|||50|]Farigiraf||ColburBerry|ArmorTail|TwinBeam,TrickRoom,Thunderbolt,HelpingHand|Sassy||F|||50|
|showteam|p2|Malamar||Malamarite|Contrary|KnockOff,PsychoCut,Superpower,Protect|Adamant||F|||50|]Sylveon||FairyFeather|Pixilate|HyperVoice,QuickAttack,Yawn,Detect|Modest||F|||50|]Grimmsnarl||RoseliBerry|Prankster|FoulPlay,FakeTears,Taunt,PartingShot|Bold||M|||50|]Sinistcha||SitrusBerry|Hospitality|MatchaGotcha,LifeDew,RagePowder,TrickRoom|Bold|||||50|]Rotom-Wash||ChoiceScarf|Levitate|VoltSwitch,Thunderbolt,Electroweb,HydroPump|Timid|||||50|]Arcanine-Hisui||LifeOrb|RockHead|FlareBlitz,RockSlide,ExtremeSpeed,Protect|Jolly||M|||50|
|inactive|Battle timer is ON: inactive players will automatically lose when time's up. (requested by the doctor rock)
|inactive|LorGhez has 60 seconds left.
|inactive|LorGhez has 30 seconds left.
|
|t:|1783449479
|teamsize|p1|4
|teamsize|p2|4
|start
|switch|p1a: Aerodactyl|Aerodactyl, L50, M|100/100
|switch|p1b: Primarina|Primarina, L50, F|100/100
|switch|p2a: Malamar|Malamar, L50, F|100/100
|switch|p2b: Grimmsnarl|Grimmsnarl, L50, M|100/100
|-ability|p1a: Aerodactyl|Unnerve
|turn|1
|
|t:|1783449504
|detailschange|p1a: Aerodactyl|Aerodactyl-Mega, L50, M
|-mega|p1a: Aerodactyl|Aerodactyl|Aerodactylite
|detailschange|p2a: Malamar|Malamar-Mega, L50, F
|-mega|p2a: Malamar|Malamar|Malamarite
|move|p2b: Grimmsnarl|Fake Tears|p2a: Malamar
|-boost|p2a: Malamar|spd|2
|move|p1a: Aerodactyl|Tailwind|p1a: Aerodactyl
|-sidestart|p1: LorGhez|move: Tailwind
|move|p1b: Primarina|Calm Mind|p1b: Primarina
|-boost|p1b: Primarina|spa|1
|-boost|p1b: Primarina|spd|1
|move|p2a: Malamar|Superpower|p1a: Aerodactyl
|-damage|p1a: Aerodactyl|50/100g
|-boost|p2a: Malamar|atk|1
|-boost|p2a: Malamar|def|1
|
|upkeep
|turn|2
|
|t:|1783449523
|move|p2b: Grimmsnarl|Fake Tears|p2a: Malamar
|-boost|p2a: Malamar|spd|2
|move|p1a: Aerodactyl|Dual Wingbeat|p2a: Malamar
|-damage|p2a: Malamar|77/100
|-damage|p2a: Malamar|55/100
|-hitcount|p2a: Malamar|2
|move|p1b: Primarina|Moonblast|p2a: Malamar
|-supereffective|p2a: Malamar|1
|-damage|p2a: Malamar|7/100
|-damage|p1b: Primarina|90/100|[from] item: Life Orb
|move|p2a: Malamar|Superpower|p1a: Aerodactyl
|-damage|p1a: Aerodactyl|0 fnt
|-boost|p2a: Malamar|atk|1
|-boost|p2a: Malamar|def|1
|faint|p1a: Aerodactyl
|
|upkeep
|
|t:|1783449538
|switch|p1a: Incineroar|Incineroar, L50, M|100/100
|-ability|p1a: Incineroar|Intimidate|boost
|-boost|p2a: Malamar|atk|1
|-unboost|p2b: Grimmsnarl|atk|1
|turn|3
|
|t:|1783449544
|move|p2a: Malamar|Protect|p2a: Malamar
|-singleturn|p2a: Malamar|Protect
|move|p1a: Incineroar|Fake Out|p2b: Grimmsnarl
|-damage|p2b: Grimmsnarl|88/100
|cant|p2b: Grimmsnarl|flinch
|move|p1b: Primarina|Hyper Voice|p2b: Grimmsnarl|[spread] p2b
|-activate|p2a: Malamar|move: Protect
|-damage|p2b: Grimmsnarl|22/100
|-damage|p1b: Primarina|81/100|[from] item: Life Orb
|
|upkeep
|turn|4
|inactive|LorGhez has 30 seconds left.
|
|t:|1783449574
|switch|p1a: Kingambit|Kingambit, L50, F|100/100
|move|p2b: Grimmsnarl|Parting Shot|p1b: Primarina
|-unboost|p1b: Primarina|atk|1
|-unboost|p1b: Primarina|spa|1
|
|t:|1783449579
|switch|p2b: Sinistcha|Sinistcha, L50|100/100|[from] Parting Shot
|-heal|p2a: Malamar|32/100|[from] ability: Hospitality|[of] p2b: Sinistcha
|move|p1b: Primarina|Hyper Voice|p2a: Malamar|[spread] p2a,p2b
|-resisted|p2b: Sinistcha|1
|-damage|p2a: Malamar|21/100
|-damage|p2b: Sinistcha|82/100
|-damage|p1b: Primarina|71/100|[from] item: Life Orb
|move|p2a: Malamar|Superpower|p1a: Kingambit
|-supereffective|p1a: Kingambit|2
|-damage|p1a: Kingambit|0 fnt
|-boost|p2a: Malamar|atk|1
|-boost|p2a: Malamar|def|1
|faint|p1a: Kingambit
|
|-sideend|p1: LorGhez|move: Tailwind
|upkeep
|inactive|LorGhez has 30 seconds left.
|inactive|LorGhez has 20 seconds left.
|inactive|LorGhez has 15 seconds left.
|inactive|LorGhez has 10 seconds left.
|inactive|LorGhez has 5 seconds left.
|
|t:|1783449634
|switch|p1a: Incineroar|Incineroar, L50, M|100/100
|-ability|p1a: Incineroar|Intimidate|boost
|-boost|p2a: Malamar|atk|1
|-unboost|p2b: Sinistcha|atk|1
|turn|5
|inactive|LorGhez has 30 seconds left.
|inactive|the doctor rock has 30 seconds left.
|
|t:|1783449666
|move|p2a: Malamar|Protect|p2a: Malamar
|-singleturn|p2a: Malamar|Protect
|move|p2b: Sinistcha|Life Dew|p2b: Sinistcha|[spread] p2a,p2b
|-heal|p2a: Malamar|46/100
|-heal|p2b: Sinistcha|100/100
|move|p1b: Primarina|Calm Mind|p1b: Primarina
|-boost|p1b: Primarina|spa|1
|-boost|p1b: Primarina|spd|1
|move|p1a: Incineroar|Flare Blitz|p2b: Sinistcha
|-supereffective|p2b: Sinistcha|1
|-damage|p2b: Sinistcha|0 fnt
|faint|p2b: Sinistcha
|-damage|p1a: Incineroar|69/100|[from] Recoil
|
|upkeep
|
|t:|1783449677
|switch|p2b: Rotom|Rotom-Wash, L50|100/100
|turn|6
|
|t:|1783449684
|move|p2b: Rotom|Hydro Pump|p1a: Incineroar
|-supereffective|p1a: Incineroar|1
|-damage|p1a: Incineroar|0 fnt
|faint|p1a: Incineroar
|move|p2a: Malamar|Psycho Cut|p1b: Primarina
|-damage|p1b: Primarina|0 fnt
|faint|p1b: Primarina
|
|win|the doctor rock
|raw|LorGhez's rating: 1132 → 1104(-28 for losing)
|raw|the doctor rock's rating: 1092 → 1121(+29 for winning)
|l|☆the doctor rock
|player|p2|
