|j|☆RICHARDHAVOC
|j|☆Money03
|html|RICHARDHAVOCMoney03    
|uhtml|bestof|Game 1 of a best-of-3
|t:|1757192688
|gametype|doubles
|player|p1|RICHARDHAVOC|2|1355
|player|p2|Money03|wattson|1345
|gen|9
|tier|[Gen 9] VGC 2025 Reg H (Bo3)
|rated|
|rule|Species Clause: Limit one of each Pokémon
|rule|Item Clause: Limit 1 of each item
|clearpoke
|poke|p1|Talonflame, L50, M|
|poke|p1|Garchomp, L50, M|
|poke|p1|Gholdengo, L50|
|poke|p1|Incineroar, L50, M|
|poke|p1|Sinistcha-Masterpiece, L50|
|poke|p1|Dragonite, L50, M|
|poke|p2|Arcanine-Hisui, L50, M|
|poke|p2|Rillaboom, L50, M|
|poke|p2|Dragonite, L50, M|
|poke|p2|Sneasler, L50, F|
|poke|p2|Ninetales-Alola, L50, F|
|poke|p2|Gholdengo, L50|
|teampreview|4
|showteam|p1|Talonflame||CovertCloak|GaleWings|Tailwind,WillOWisp,BraveBird,Taunt|||M|||50|,,,,,Flying]Garchomp||ClearAmulet|RoughSkin|Earthquake,StompingTantrum,DragonClaw,Protect|||M|||50|,,,,,Ground]Gholdengo||ChoiceSpecs|GoodasGold|MakeItRain,ShadowBall,Trick,Protect||||||50|,,,,,Flying]Incineroar||SafetyGoggles|Intimidate|FakeOut,FlareBlitz,KnockOff,PartingShot|||M|||50|,,,,,Ghost]Sinistcha-Masterpiece||SitrusBerry|Hospitality|MatchaGotcha,RagePowder,TrickRoom,StrengthSap||||||50|,,,,,Water]Dragonite||ChoiceBand|InnerFocus|ExtremeSpeed,IceSpinner,Outrage,LowKick|||M|||50|,,,,,Normal
|showteam|p2|Arcanine-Hisui||ClearAmulet|Intimidate|FlareBlitz,RockSlide,ExtremeSpeed,Protect|||M|||50|,,,,,Water]Rillaboom||AssaultVest|GrassySurge|DrumBeating,GrassyGlide,HighHorsepower,FakeOut|||M|||50|,,,,,Fire]Dragonite||LoadedDice|Multiscale|ScaleShot,StompingTantrum,Tailwind,Protect|||M|||50|,,,,,Ground]Sneasler||WhiteHerb|Unburden|DireClaw,CloseCombat,Coaching,Protect|||F|||50|,,,,,Ghost]Ninetales-Alola||FocusSash|SnowWarning|Blizzard,Encore,IcyWind,AuroraVeil|||F|||50|,,,,,Ghost]Gholdengo||GrassySeed|GoodasGold|MakeItRain,ShadowBall,NastyPlot,Protect||||||50|,,,,,Water
|inactive|Battle timer is ON: inactive players will automatically lose when time's up. (requested by Money03)
|inactive|RICHARDHAVOC has 60 seconds left.
|inactive|Money03 has 60 seconds left.
|inactive|Money03 has 30 seconds left.
|
|t:|1757192787
|teamsize|p1|4
|teamsize|p2|4
|start
|switch|p1a: Talonflame|Talonflame, L50, M, shiny|100/100
|switch|p1b: Gholdengo|Gholdengo, L50, shiny|100/100
|switch|p2a: Ninetales|Ninetales-Alola, L50, F|100/100
|switch|p2b: Arcanine|Arcanine-Hisui, L50, M|100/100
|-weather|Snowscape|[from] ability: Snow Warning|[of] p2a: Ninetales
|-ability|p2b: Arcanine|Intimidate|boost
|-unboost|p1a: Talonflame|atk|1
|-unboost|p1b: Gholdengo|atk|1
|turn|1
|inactive|Money03 has 30 seconds left.
|inactive|Money03 has 20 seconds left.
|inactive|Money03 has 15 seconds left.
|inactive|Money03 has 10 seconds left.
|
|t:|1757192835
|-terastallize|p2b: Arcanine|Water
|move|p1a: Talonflame|Tailwind|p1a: Talonflame
|-sidestart|p1: RICHARDHAVOC|move: Tailwind
|move|p1b: Gholdengo|Make It Rain|p2a: Ninetales|[spread] p2a,p2b
|-supereffective|p2a: Ninetales
|-resisted|p2b: Arcanine
|-enditem|p2a: Ninetales|Focus Sash
|-damage|p2a: Ninetales|1/100
|-damage|p2b: Arcanine|54/100
|-unboost|p1b: Gholdengo|spa|1
|move|p2a: Ninetales|Aurora Veil|p2a: Ninetales
|-sidestart|p2: Money03|move: Aurora Veil
|move|p2b: Arcanine|Flare Blitz|p1b: Gholdengo
|-supereffective|p1b: Gholdengo
|-damage|p1b: Gholdengo|0 fnt
|faint|p1b: Gholdengo
|-damage|p2b: Arcanine|23/100|[from] Recoil
|
|-weather|Snowscape|[upkeep]
|upkeep
|
|t:|1757192858
|switch|p1b: Garchomp|Garchomp, L50, M, shiny|100/100
|turn|2
|
|t:|1757192882
|switch|p2a: Rillaboom|Rillaboom, L50, M|100/100
|-fieldstart|move: Grassy Terrain|[from] ability: Grassy Surge|[of] p2a: Rillaboom
|switch|p2b: Dragonite|Dragonite, L50, M|100/100
|move|p1a: Talonflame|Brave Bird|p2b: Dragonite
|-crit|p2b: Dragonite
|-damage|p2b: Dragonite|65/100
|-damage|p1a: Talonflame|88/100|[from] Recoil
|move|p1b: Garchomp|Earthquake|p2b: Dragonite|[spread] p2a
|-immune|p1a: Talonflame
|-immune|p2b: Dragonite
|-resisted|p2a: Rillaboom
|-damage|p2a: Rillaboom|94/100
|
|-weather|Snowscape|[upkeep]
|-heal|p2a: Rillaboom|99/100|[from] Grassy Terrain
|upkeep
|turn|3
|
|t:|1757192903
|move|p1b: Garchomp|Protect|p1b: Garchomp
|-singleturn|p1b: Garchomp|Protect
|move|p2a: Rillaboom|Fake Out|p1b: Garchomp
|-activate|p1b: Garchomp|move: Protect
|move|p1a: Talonflame|Will-O-Wisp|p2b: Dragonite
|-status|p2b: Dragonite|brn
|move|p2b: Dragonite|Tailwind|p2b: Dragonite
|-sidestart|p2: Money03|move: Tailwind
|
|-weather|Snowscape|[upkeep]
|-heal|p2a: Rillaboom|100/100|[from] Grassy Terrain
|-damage|p2b: Dragonite|59/100 brn|[from] brn
|upkeep
|turn|4
|inactive|Money03 has 30 seconds left.
|inactive|Money03 has 20 seconds left.
|
|t:|1757192942
|move|p1a: Talonflame|Will-O-Wisp|p2a: Rillaboom
|-status|p2a: Rillaboom|brn
|move|p1b: Garchomp|Dragon Claw|p2b: Dragonite
|-supereffective|p2b: Dragonite
|-damage|p2b: Dragonite|0 fnt
|faint|p2b: Dragonite
|move|p2a: Rillaboom|Drum Beating|p1b: Garchomp
|-damage|p1b: Garchomp|78/100
|
|-weather|Snowscape|[upkeep]
|-heal|p1b: Garchomp|84/100|[from] Grassy Terrain
|-damage|p2a: Rillaboom|94/100 brn|[from] brn
|-sideend|p1: RICHARDHAVOC|move: Tailwind
|upkeep
|
|t:|1757192959
|switch|p2b: Arcanine|Arcanine-Hisui, L50, M, tera:Water|23/100
|-ability|p2b: Arcanine|Intimidate|boost
|-unboost|p1a: Talonflame|atk|1
|-fail|p1b: Garchomp|unboost|[from] item: Clear Amulet|[of] p1b: Garchomp
|turn|5
|inactive|Money03 has 30 seconds left.
|
|t:|1757192992
|switch|p2a: Ninetales|Ninetales-Alola, L50, F|1/100
|move|p2b: Arcanine|Rock Slide|p1b: Garchomp|[spread] p1a,p1b
|-supereffective|p1a: Talonflame
|-resisted|p1b: Garchomp
|-damage|p1a: Talonflame|0 fnt
|-damage|p1b: Garchomp|69/100
|faint|p1a: Talonflame
|move|p1b: Garchomp|Dragon Claw|p2b: Arcanine
|-damage|p2b: Arcanine|0 fnt
|faint|p2b: Arcanine
|
|-weather|none
|-heal|p2a: Ninetales|7/100|[from] Grassy Terrain
|-heal|p1b: Garchomp|75/100|[from] Grassy Terrain
|-sideend|p2: Money03|move: Aurora Veil
|upkeep
|
|t:|1757193007
|switch|p1a: Dragonite|Dragonite, L50, M|100/100
|switch|p2b: Rillaboom|Rillaboom, L50, M|94/100 brn
|turn|6
|inactive|Money03 has 30 seconds left.
|
|t:|1757193042
|move|p1a: Dragonite|Extreme Speed|p2a: Ninetales
|-damage|p2a: Ninetales|0 fnt
|faint|p2a: Ninetales
|move|p2b: Rillaboom|Drum Beating|p1a: Dragonite
|-resisted|p1a: Dragonite
|-damage|p1a: Dragonite|94/100
|-unboost|p1a: Dragonite|spe|1
|move|p1b: Garchomp|Dragon Claw|p2b: Rillaboom
|-crit|p2b: Rillaboom
|-damage|p2b: Rillaboom|28/100 brn
|
|-heal|p2b: Rillaboom|34/100 brn|[from] Grassy Terrain
|-heal|p1b: Garchomp|81/100|[from] Grassy Terrain
|-damage|p2b: Rillaboom|28/100 brn|[from] brn
|-sideend|p2: Money03|move: Tailwind
|-fieldend|move: Grassy Terrain
|upkeep
|turn|7
|-message|Money03 forfeited.
|
|win|RICHARDHAVOC
||Money03 is ready for game 2.
|inactive|RICHARDHAVOC has 30 seconds to confirm battle start!
||RICHARDHAVOC is ready for game 2.
|uhtml|next|Next: Game 2 of 3
|l|☆RICHARDHAVOC
|player|p1|
