|j|☆tmdd01
|j|☆tirion
|html|tmdd01tirion    
|uhtml|bestof|Game 2 of a best-of-3
|t:|1782448838
|gametype|doubles
|player|p1|tmdd01|cynthia-masters4|1133
|player|p2|tirion|169|1040
|gen|9
|tier|[Gen 9 Champions] VGC 2026 Reg M-B (Bo3)
|rated|
|rule|Species Clause: Limit one of each Pokémon
|rule|Item Clause: Limit 1 of each item
|clearpoke
|poke|p1|Floette-Eternal, L50, F|
|poke|p1|Charizard, L50, F|
|poke|p1|Whimsicott, L50, M|
|poke|p1|Garchomp, L50, M|
|poke|p1|Basculegion, L50, M|
|poke|p1|Kingambit, L50, F|
|poke|p2|Blastoise, L50, F|
|poke|p2|Archaludon, L50, M|
|poke|p2|Sinistcha, L50|
|poke|p2|Politoed, L50, F|
|poke|p2|Scizor, L50, M|
|poke|p2|Farigiraf, L50, F|
|teampreview|4
|showteam|p1|Floette-Eternal||Floettite|FlowerVeil|Moonblast,DazzlingGleam,LightofRuin,Protect|Modest||F|||50|]Charizard||CharizarditeY|Blaze|HeatWave,WeatherBall,SolarBeam,Protect|Timid||F|||50|]Whimsicott||FocusSash|Prankster|Moonblast,Tailwind,Encore,Protect|Timid||M|||50|]Garchomp||LifeOrb|RoughSkin|DragonClaw,Earthquake,Protect,RockSlide|Jolly||M|||50|]Basculegion||MysticWater|Adaptability|WaveCrash,LastRespects,AquaJet,Protect|Adamant||M|||50|]Kingambit||ChopleBerry|Defiant|KowtowCleave,IronHead,SuckerPunch,LowKick|Adamant||F|||50|
|showteam|p2|Blastoise||Blastoisinite|RainDish|WaterSpout,AuraSphere,DarkPulse,FakeOut|Quiet||F|||50|]Archaludon||Leftovers|Stamina|ElectroShot,AuraSphere,FlashCannon,Protect|Bold||M|||50|]Sinistcha||ColburBerry|Hospitality|MatchaGotcha,RagePowder,TrickRoom,LifeDew|Sassy|||||50|]Politoed||MysticWater|Drizzle|ChillingWater,IceBeam,WeatherBall,HelpingHand|Bold||F|||50|]Scizor||Scizorite|Technician|BugBite,BulletPunch,KnockOff,SwordsDance|Brave||M|||50|]Farigiraf||SitrusBerry|ArmorTail|TwinBeam,TrickRoom,RainDance,Protect|Relaxed||F|||50|
|
|t:|1782448880
|teamsize|p1|4
|teamsize|p2|4
|start
|switch|p1a: Charizard|Charizard, L50, F|100/100
|switch|p1b: Kingambit|Kingambit, L50, F|100/100
|switch|p2a: Politoed|Politoed, L50, F|100/100
|switch|p2b: Farigiraf|Farigiraf, L50, F|100/100
|-weather|RainDance|[from] ability: Drizzle|[of] p2a: Politoed
|turn|1
|inactive|Battle timer is ON: inactive players will automatically lose when time's up. (requested by tmdd01)
|
|t:|1782448928
|detailschange|p1a: Charizard|Charizard-Mega-Y, L50, F
|-mega|p1a: Charizard|Charizard|Charizardite Y
|-weather|SunnyDay|[from] ability: Drought|[of] p1a: Charizard
|move|p1a: Charizard|Heat Wave|p2a: Politoed|[spread] p2a,p2b
|-resisted|p2a: Politoed|1
|-damage|p2a: Politoed|75/100
|-damage|p2b: Farigiraf|47/100
|-enditem|p2b: Farigiraf|Sitrus Berry|[eat]
|-heal|p2b: Farigiraf|71/100|[from] item: Sitrus Berry
|move|p2a: Politoed|Chilling Water|p1b: Kingambit
|-damage|p1b: Kingambit|90/100
|-unboost|p1b: Kingambit|atk|1
|-ability|p1b: Kingambit|Defiant|boost
|-boost|p1b: Kingambit|atk|2
|move|p2b: Farigiraf|Rain Dance|p2b: Farigiraf
|-weather|RainDance
|move|p1b: Kingambit|Kowtow Cleave|p2b: Farigiraf
|-supereffective|p2b: Farigiraf|1
|-damage|p2b: Farigiraf|0 fnt
|faint|p2b: Farigiraf
|
|-weather|RainDance|[upkeep]
|upkeep
|
|t:|1782448946
|switch|p2b: Blastoise|Blastoise, L50, F|100/100
|turn|2
|
|t:|1782448971
|switch|p1a: Basculegion|Basculegion, L50, M|100/100
|detailschange|p2b: Blastoise|Blastoise-Mega, L50, F
|-mega|p2b: Blastoise|Blastoise|Blastoisinite
|move|p1b: Kingambit|Sucker Punch|p2b: Blastoise
|-damage|p2b: Blastoise|44/100
|move|p2a: Politoed|Weather Ball|p1a: Basculegion
|-resisted|p1a: Basculegion|1
|-damage|p1a: Basculegion|64/100
|move|p2b: Blastoise|Water Spout|p1a: Basculegion|[spread] p1a,p1b
|-resisted|p1a: Basculegion|1
|-damage|p1a: Basculegion|37/100
|-damage|p1b: Kingambit|49/100
|
|-weather|RainDance|[upkeep]
|upkeep
|turn|3
|inactive|tirion has 30 seconds left.
|
|t:|1782448998
|switch|p2b: Scizor|Scizor, L50, M|100/100
|move|p1b: Kingambit|Sucker Punch||[still]
|-fail|p1b: Kingambit
|move|p1a: Basculegion|Wave Crash|p2b: Scizor
|-damage|p2b: Scizor|0 fnt
|faint|p2b: Scizor
|-damage|p1a: Basculegion|8/100|[from] Recoil
|move|p2a: Politoed|Weather Ball|p1b: Kingambit
|-damage|p1b: Kingambit|0 fnt
|faint|p1b: Kingambit
|
|-weather|RainDance|[upkeep]
|upkeep
|
|t:|1782449012
|switch|p2b: Blastoise|Blastoise-Mega, L50, F|44/100
|switch|p1b: Charizard|Charizard-Mega-Y, L50, F|100/100
|-weather|SunnyDay|[from] ability: Drought|[of] p1b: Charizard
|turn|4
|c|☆tirion|gg
|
|t:|1782449036
|move|p1b: Charizard|Protect|p1b: Charizard
|-singleturn|p1b: Charizard|Protect
|move|p1a: Basculegion|Protect|p1a: Basculegion
|-singleturn|p1a: Basculegion|Protect
|move|p2a: Politoed|Chilling Water|p1a: Basculegion
|-activate|p1a: Basculegion|move: Protect
|move|p2b: Blastoise|Water Spout|p1a: Basculegion|[spread] 
|-activate|p1a: Basculegion|move: Protect
|-activate|p1b: Charizard|move: Protect
|
|-weather|SunnyDay|[upkeep]
|upkeep
|turn|5
|
|t:|1782449051
|move|p1b: Charizard|Solar Beam||[still]
|-prepare|p1b: Charizard|Solar Beam
|-anim|p1b: Charizard|Solar Beam|p2b: Blastoise
|-supereffective|p2b: Blastoise|1
|-damage|p2b: Blastoise|0 fnt
|faint|p2b: Blastoise
|move|p1a: Basculegion|Last Respects|p2a: Politoed
|-damage|p2a: Politoed|23/100
|move|p2a: Politoed|Chilling Water|p1a: Basculegion
|-resisted|p1a: Basculegion|1
|-damage|p1a: Basculegion|3/100
|-unboost|p1a: Basculegion|atk|1
|
|-weather|SunnyDay|[upkeep]
|upkeep
|turn|6
|-message|tirion forfeited.
|
|win|tmdd01
|raw|tmdd01's rating: 1133 → 1151(+18 for winning)
|raw|tirion's rating: 1040 → 1028(-12 for losing)
|l|☆tirion
|player|p2|
