|j|☆Im_Neutro
|j|☆elmono11
|html|Im_Neutroelmono11    
|uhtml|bestof|Game 1 of a best-of-3
|t:|1783869824
|gametype|doubles
|player|p1|Im_Neutro|noland|1081
|player|p2|elmono11|101|1054
|gen|9
|tier|[Gen 9 Champions] VGC 2026 Reg M-B (Bo3)
|rated|
|rule|Species Clause: Limit one of each Pokémon
|rule|Item Clause: Limit 1 of each item
|clearpoke
|poke|p1|Gengar, L50, F|
|poke|p1|Kingambit, L50, F|
|poke|p1|Incineroar, L50, F|
|poke|p1|Sinistcha, L50|
|poke|p1|Toxapex, L50, F|
|poke|p1|Kommo-o, L50, F|
|poke|p2|Blaziken, L50, F|
|poke|p2|Venusaur, L50, F|
|poke|p2|Ninetales-Alola, L50, M|
|poke|p2|Lycanroc-Dusk, L50, M|
|poke|p2|Kingambit, L50, M|
|poke|p2|Basculegion, L50, M|
|teampreview|4
|showteam|p1|Gengar||Gengarite|CursedBody|PerishSong,Protect,ShadowBall,Disable|Timid||F|||50|]Kingambit||BlackGlasses|Defiant|KowtowCleave,IronHead,SuckerPunch,Protect|Brave||F|||50|]Incineroar||PasshoBerry|Intimidate|FlareBlitz,FakeOut,PartingShot,Protect|Relaxed||F|||50|]Sinistcha||ColburBerry|Hospitality|MatchaGotcha,RagePowder,Protect,LifeDew|Bold|||||50|]Toxapex||SitrusBerry|Regenerator|BanefulBunker,Infestation,Toxic,Recover|Bold||F|||50|]Kommo-o||Leftovers|Soundproof|ClangorousSoul,ClangingScales,AuraSphere,Protect|Modest||F|||50|
|showteam|p2|Blaziken||Blazikenite|SpeedBoost|CloseCombat,FlareBlitz,StoneEdge,Detect|Adamant||F|||50|]Venusaur||Venusaurite|Chlorophyll|GigaDrain,SludgeBomb,EarthPower,Protect|Modest||F|||50|]Ninetales-Alola||NeverMeltIce|SnowWarning|Blizzard,FreezeDry,Encore,Protect|Timid||M|||50|]Lycanroc-Dusk||FocusSash|ToughClaws|Accelerock,RockSlide,CloseCombat,Protect|Adamant||M|||50|]Kingambit||LifeOrb|Defiant|KowtowCleave,SuckerPunch,IronHead,Protect|Adamant||M|||50|]Basculegion||ChoiceScarf|Adaptability|WaveCrash,LastRespects,FlipTurn,AquaJet|Jolly||M|||50|
|inactive|Battle timer is ON: inactive players will automatically lose when time's up. (requested by Im_Neutro)
|inactive|elmono11 has 60 seconds left.
|
|t:|1783869861
|teamsize|p1|4
|teamsize|p2|4
|start
|switch|p1a: Gengar|Gengar, L50, F|100/100
|switch|p1b: Incineroar|Incineroar, L50, F|100/100
|switch|p2a: Blaziken|Blaziken, L50, F|100/100
|switch|p2b: Ninetales|Ninetales-Alola, L50, M|100/100
|-weather|Snowscape|[from] ability: Snow Warning|[of] p2b: Ninetales
|-ability|p1b: Incineroar|Intimidate|boost
|-unboost|p2a: Blaziken|atk|1
|-unboost|p2b: Ninetales|atk|1
|turn|1
|inactive|Im_Neutro has 30 seconds left.
|inactive|elmono11 has 30 seconds left.
|inactive|Im_Neutro has 20 seconds left.
|inactive|Im_Neutro has 15 seconds left.
|
|t:|1783869902
|switch|p2b: Basculegion|Basculegion, L50, M|100/100
|detailschange|p1a: Gengar|Gengar-Mega, L50, F
|-mega|p1a: Gengar|Gengar|Gengarite
|detailschange|p2a: Blaziken|Blaziken-Mega, L50, F
|-mega|p2a: Blaziken|Blaziken|Blazikenite
|move|p1b: Incineroar|Fake Out|p2b: Basculegion
|-immune|p2b: Basculegion
|move|p1a: Gengar|Perish Song|p1a: Gengar
|-start|p1a: Gengar|perish3|[silent]
|-start|p1b: Incineroar|perish3|[silent]
|-start|p2a: Blaziken|perish3|[silent]
|-start|p2b: Basculegion|perish3|[silent]
|-fieldactivate|move: Perish Song
|move|p2a: Blaziken|Close Combat|p1b: Incineroar
|-supereffective|p1b: Incineroar|1
|-damage|p1b: Incineroar|28/100
|-unboost|p2a: Blaziken|def|1
|-unboost|p2a: Blaziken|spd|1
|
|-weather|Snowscape|[upkeep]
|-start|p2b: Basculegion|perish3
|-start|p1a: Gengar|perish3
|-start|p2a: Blaziken|perish3
|-start|p1b: Incineroar|perish3
|-ability|p2a: Blaziken|Speed Boost|boost
|-boost|p2a: Blaziken|spe|1
|upkeep
|turn|2
|
|t:|1783869918
|switch|p1b: Toxapex|Toxapex, L50, F|100/100
|move|p1a: Gengar|Protect|p1a: Gengar
|-singleturn|p1a: Gengar|Protect
|move|p2a: Blaziken|Flare Blitz|p1a: Gengar
|-activate|p1a: Gengar|move: Protect
|move|p2b: Basculegion|Wave Crash|p1b: Toxapex
|-resisted|p1b: Toxapex|1
|-damage|p1b: Toxapex|77/100
|-damage|p2b: Basculegion|93/100|[from] Recoil
|
|-weather|Snowscape|[upkeep]
|-start|p2a: Blaziken|perish2
|-start|p2b: Basculegion|perish2
|-start|p1a: Gengar|perish2
|-ability|p2a: Blaziken|Speed Boost|boost
|-boost|p2a: Blaziken|spe|1
|upkeep
|turn|3
|inactive|elmono11 has 30 seconds left.
|
|t:|1783869951
|switch|p1a: Incineroar|Incineroar, L50, F|28/100
|-ability|p1a: Incineroar|Intimidate|boost
|-unboost|p2a: Blaziken|atk|1
|-unboost|p2b: Basculegion|atk|1
|move|p2a: Blaziken|Flare Blitz|p1a: Incineroar
|-resisted|p1a: Incineroar|1
|-damage|p1a: Incineroar|15/100
|-damage|p2a: Blaziken|94/100|[from] Recoil
|move|p2b: Basculegion|Wave Crash|p1a: Incineroar
|-supereffective|p1a: Incineroar|1
|-enditem|p1a: Incineroar|Passho Berry|[eat]
|-enditem|p1a: Incineroar|Passho Berry|[weaken]
|-damage|p1a: Incineroar|0 fnt
|faint|p1a: Incineroar
|-damage|p2b: Basculegion|88/100|[from] Recoil
|move|p1b: Toxapex|Infestation|p2a: Blaziken
|-resisted|p2a: Blaziken|2
|-damage|p2a: Blaziken|93/100
|-activate|p2a: Blaziken|move: Infestation|[of] p1b: Toxapex
|
|-weather|Snowscape|[upkeep]
|-damage|p2a: Blaziken|81/100|[from] move: Infestation|[partiallytrapped]
|-start|p2a: Blaziken|perish1
|-start|p2b: Basculegion|perish1
|-ability|p2a: Blaziken|Speed Boost|boost
|-boost|p2a: Blaziken|spe|1
|upkeep
|inactive|Im_Neutro has 30 seconds left.
|
|t:|1783869984
|switch|p1a: Kingambit|Kingambit, L50, F|100/100
|turn|4
|
|t:|1783870007
|switch|p2b: Kingambit|Kingambit, L50, M|100/100
|move|p1a: Kingambit|Protect|p1a: Kingambit
|-singleturn|p1a: Kingambit|Protect
|move|p2a: Blaziken|Close Combat|p1a: Kingambit
|-activate|p1a: Kingambit|move: Protect
|move|p1b: Toxapex|Toxic|p2b: Kingambit
|-immune|p2b: Kingambit
|
|-weather|Snowscape|[upkeep]
|-damage|p2a: Blaziken|69/100|[from] move: Infestation|[partiallytrapped]
|-start|p2a: Blaziken|perish0
|faint|p2a: Blaziken
|upkeep
|
|t:|1783870016
|switch|p2a: Ninetales|Ninetales-Alola, L50, M|100/100
|turn|5
|
|t:|1783870021
|move|p2a: Ninetales|Encore|p1a: Kingambit
|-start|p1a: Kingambit|Encore
|move|p1a: Kingambit|Protect||[still]
|-fail|p1a: Kingambit
|move|p2b: Kingambit|Kowtow Cleave|p1a: Kingambit
|-resisted|p1a: Kingambit|1
|-damage|p1a: Kingambit|77/100
|-damage|p2b: Kingambit|90/100|[from] item: Life Orb
|move|p1b: Toxapex|Infestation|p2b: Kingambit
|-damage|p2b: Kingambit|86/100
|-activate|p2b: Kingambit|move: Infestation|[of] p1b: Toxapex
|
|-weather|none
|-damage|p2b: Kingambit|74/100|[from] move: Infestation|[partiallytrapped]
|upkeep
|turn|6
|
|t:|1783870030
|switch|p1a: Gengar|Gengar-Mega, L50, F|100/100
|move|p2a: Ninetales|Freeze-Dry|p1b: Toxapex
|-supereffective|p1b: Toxapex|1
|-damage|p1b: Toxapex|26/100
|-enditem|p1b: Toxapex|Sitrus Berry|[eat]
|-heal|p1b: Toxapex|51/100|[from] item: Sitrus Berry
|move|p2b: Kingambit|Kowtow Cleave|p1a: Gengar
|-supereffective|p1a: Gengar|1
|-damage|p1a: Gengar|0 fnt
|faint|p1a: Gengar
|-damage|p2b: Kingambit|65/100|[from] item: Life Orb
|move|p1b: Toxapex|Toxic|p2a: Ninetales
|-status|p2a: Ninetales|tox
|
|-damage|p2a: Ninetales|94/100 tox|[from] psn
|-damage|p2b: Kingambit|53/100|[from] move: Infestation|[partiallytrapped]
|upkeep
|
|t:|1783870033
|switch|p1a: Kingambit|Kingambit, L50, F|77/100
|turn|7
|
|t:|1783870052
|switch|p2a: Basculegion|Basculegion, L50, M|88/100
|move|p2b: Kingambit|Kowtow Cleave|p1a: Kingambit
|-resisted|p1a: Kingambit|1
|-damage|p1a: Kingambit|53/100
|-damage|p2b: Kingambit|43/100|[from] item: Life Orb
|move|p1a: Kingambit|Iron Head|p2a: Basculegion
|-resisted|p2a: Basculegion|1
|-damage|p2a: Basculegion|59/100
|move|p1b: Toxapex|Recover|p1b: Toxapex
|-heal|p1b: Toxapex|100/100
|
|-damage|p2b: Kingambit|31/100|[from] move: Infestation|[partiallytrapped]
|upkeep
|turn|8
|
|t:|1783870069
|move|p2a: Basculegion|Aqua Jet|p1a: Kingambit
|-crit|p1a: Kingambit
|-damage|p1a: Kingambit|25/100
|move|p1a: Kingambit|Sucker Punch||[still]
|-fail|p1a: Kingambit
|move|p2b: Kingambit|Kowtow Cleave|p1a: Kingambit
|-resisted|p1a: Kingambit|1
|-damage|p1a: Kingambit|1/100
|-damage|p2b: Kingambit|21/100|[from] item: Life Orb
|move|p1b: Toxapex|Infestation|p2a: Basculegion
|-resisted|p2a: Basculegion|1
|-damage|p2a: Basculegion|57/100
|-activate|p2a: Basculegion|move: Infestation|[of] p1b: Toxapex
|
|-damage|p2a: Basculegion|45/100|[from] move: Infestation|[partiallytrapped]
|-damage|p2b: Kingambit|9/100|[from] move: Infestation|[partiallytrapped]
|upkeep
|turn|9
|
|t:|1783870081
|move|p2a: Basculegion|Aqua Jet|p1a: Kingambit
|-damage|p1a: Kingambit|0 fnt
|faint|p1a: Kingambit
|move|p2b: Kingambit|Kowtow Cleave|p1b: Toxapex
|-damage|p1b: Toxapex|59/100
|-damage|p2b: Kingambit|0 fnt|[from] item: Life Orb
|faint|p2b: Kingambit
|move|p1b: Toxapex|Toxic|p2a: Basculegion
|-status|p2a: Basculegion|tox
|
|-damage|p2a: Basculegion|39/100 tox|[from] psn
|-damage|p2a: Basculegion|27/100 tox|[from] move: Infestation|[partiallytrapped]
|upkeep
|
|t:|1783870086
|switch|p2b: Ninetales|Ninetales-Alola, L50, M|94/100 tox
|-weather|Snowscape|[from] ability: Snow Warning|[of] p2b: Ninetales
|turn|10
|
|t:|1783870102
|move|p1b: Toxapex|Baneful Bunker|p1b: Toxapex
|-singleturn|p1b: Toxapex|move: Protect
|move|p2a: Basculegion|Aqua Jet|p1b: Toxapex
|-activate|p1b: Toxapex|move: Protect
|move|p2b: Ninetales|Freeze-Dry|p1b: Toxapex
|-activate|p1b: Toxapex|move: Protect
|
|-weather|Snowscape|[upkeep]
|-damage|p2a: Basculegion|14/100 tox|[from] psn
|-damage|p2b: Ninetales|88/100 tox|[from] psn
|-damage|p2a: Basculegion|2/100 tox|[from] move: Infestation|[partiallytrapped]
|upkeep
|turn|11
|
|t:|1783870105
|move|p2a: Basculegion|Aqua Jet|p1b: Toxapex
|-resisted|p1b: Toxapex|1
|-damage|p1b: Toxapex|51/100
|move|p2b: Ninetales|Freeze-Dry|p1b: Toxapex
|-supereffective|p1b: Toxapex|1
|-damage|p1b: Toxapex|1/100
|move|p1b: Toxapex|Recover|p1b: Toxapex
|-heal|p1b: Toxapex|50/100g
|
|-weather|Snowscape|[upkeep]
|-damage|p2a: Basculegion|0 fnt|[from] psn
|faint|p2a: Basculegion
|-damage|p2b: Ninetales|76/100 tox|[from] psn
|upkeep
|turn|12
|
|t:|1783870109
|move|p1b: Toxapex|Baneful Bunker|p1b: Toxapex
|-singleturn|p1b: Toxapex|move: Protect
|move|p2b: Ninetales|Freeze-Dry|p1b: Toxapex
|-activate|p1b: Toxapex|move: Protect
|
|-weather|Snowscape|[upkeep]
|-damage|p2b: Ninetales|58/100 tox|[from] psn
|upkeep
|turn|13
|
|t:|1783870113
|move|p2b: Ninetales|Freeze-Dry|p1b: Toxapex
|-supereffective|p1b: Toxapex|1
|-damage|p1b: Toxapex|0 fnt
|faint|p1b: Toxapex
|
|win|elmono11
