|j|☆Govek314
|j|☆SGambler
|html|Govek314SGambler    
|uhtml|bestof|Game 1 of a best-of-3
|t:|1757039995
|gametype|doubles
|player|p1|Govek314|265|1112
|player|p2|SGambler|266|1000
|gen|9
|tier|[Gen 9] VGC 2025 Reg H (Bo3)
|rated|
|rule|Species Clause: Limit one of each Pokémon
|rule|Item Clause: Limit 1 of each item
|clearpoke
|poke|p1|Flamigo, L50, M|
|poke|p1|Garchomp, L50, F|
|poke|p1|Tyranitar, L50, F|
|poke|p1|Milotic, L50, M|
|poke|p1|Indeedee, L50, M|
|poke|p1|Gholdengo, L50|
|poke|p2|Slowking, L50, M|
|poke|p2|Indeedee-F, L50, F|
|poke|p2|Glaceon, L50, M|
|poke|p2|Ursaluna, L50, F|
|poke|p2|Amoonguss, L50, F|
|poke|p2|Rillaboom, L50, F|
|teampreview|4
|showteam|p1|Flamigo||FocusSash|Scrappy|CloseCombat,Protect,DualWingbeat,Tailwind|||M|||50|,,,,,Ghost]Garchomp||LifeOrb|RoughSkin|Protect,StompingTantrum,Earthquake,DragonClaw|||F|||50|,,,,,Steel]Tyranitar||AssaultVest|SandStream|RockSlide,KnockOff,LowKick,TeraBlast|||F|||50|,,,,,Flying]Milotic||SafetyGoggles|Competitive|Scald,IcyWind,Haze,Protect|||M|||50|,,,,,Dragon]Indeedee||ChoiceScarf|PsychicSurge|ExpandingForce,TeraBlast,Protect,Trick|||M|||50|,,,,,Psychic]Gholdengo||IronPlate|GoodasGold|MakeItRain,ShadowBall,NastyPlot,Protect||||||50|,,,,,Flying
|showteam|p2|Slowking||SafetyGoggles|Regenerator|ChillyReception,TrickRoom,Scald,ExpandingForce|||M|||50|,,,,,Dark]Indeedee-F||PsychicSeed|PsychicSurge|TrickRoom,FollowMe,HelpingHand,Psychic|||F|||50|,,,,,Grass]Glaceon||Leftovers|IceBody|FreezeDry,Substitute,Blizzard,Protect|||M|||50|,,,,,Water]Ursaluna||FlameOrb|Guts|Facade,Earthquake,HeadlongRush,Protect|||F|||50|,,,,,Ghost]Amoonguss||MentalHerb|Regenerator|Spore,RagePowder,PollenPuff,SludgeBomb|||F|||50|,,,,,Water]Rillaboom||AssaultVest|GrassySurge|HighHorsepower,Uturn,GrassyGlide,FakeOut|||F|||50|,,,,,Fire
|
|t:|1757040072
|teamsize|p1|4
|teamsize|p2|4
|start
|switch|p1a: Flamigo|Flamigo, L50, M|100/100
|switch|p1b: Garchomp|Garchomp, L50, F|100/100
|switch|p2a: Slowking|Slowking, L50, M|100/100
|switch|p2b: Indeedee|Indeedee-F, L50, F|100/100
|-fieldstart|move: Psychic Terrain|[from] ability: Psychic Surge|[of] p2b: Indeedee
|-enditem|p2b: Indeedee|Psychic Seed
|-boost|p2b: Indeedee|spd|1|[from] item: Psychic Seed
|turn|1
|
|t:|1757040112
|move|p2b: Indeedee|Follow Me|p2b: Indeedee
|-singleturn|p2b: Indeedee|move: Follow Me
|move|p1b: Garchomp|Earthquake|p2b: Indeedee|[spread] p2a,p2b
|-immune|p1a: Flamigo
|-crit|p2b: Indeedee
|-damage|p2a: Slowking|52/100
|-damage|p2b: Indeedee|24/100
|-damage|p1b: Garchomp|91/100|[from] item: Life Orb
|move|p1a: Flamigo|Dual Wingbeat|p2b: Indeedee
|-damage|p2b: Indeedee|4/100
|-damage|p2b: Indeedee|0 fnt
|faint|p2b: Indeedee
|-hitcount|p2: Indeedee|2
|move|p2a: Slowking|Trick Room|p2a: Slowking
|-fieldstart|move: Trick Room|[of] p2a: Slowking
|
|upkeep
|
|t:|1757040128
|switch|p2b: Glaceon|Glaceon, L50, M|100/100
|turn|2
|
|t:|1757040152
|-terastallize|p1b: Garchomp|Steel
|move|p1a: Flamigo|Protect|p1a: Flamigo
|-singleturn|p1a: Flamigo|Protect
|-prepare|p2a: Slowking|Chilly Reception|[premajor]
|move|p2a: Slowking|Chilly Reception|p2a: Slowking
|-weather|Snowscape
|
|t:|1757040160
|switch|p2a: Rillaboom|Rillaboom, L50, F|100/100|[from] Chilly Reception
|-fieldstart|move: Grassy Terrain|[from] ability: Grassy Surge|[of] p2a: Rillaboom
|move|p2b: Glaceon|Blizzard|p1a: Flamigo|[spread] p1b
|-activate|p1a: Flamigo|move: Protect
|-resisted|p1b: Garchomp
|-crit|p1b: Garchomp
|-damage|p1b: Garchomp|53/100
|move|p1b: Garchomp|Earthquake|p2b: Glaceon|[spread] p2a,p2b
|-activate|p1a: Flamigo|move: Protect
|-resisted|p2a: Rillaboom
|-damage|p2a: Rillaboom|89/100
|-damage|p2b: Glaceon|84/100
|-damage|p1b: Garchomp|43/100|[from] item: Life Orb
|
|-weather|Snowscape|[upkeep]
|-heal|p2b: Glaceon|89/100|[from] ability: Ice Body
|-heal|p2b: Glaceon|95/100|[from] Grassy Terrain
|-heal|p2b: Glaceon|100/100|[from] item: Leftovers
|-heal|p2a: Rillaboom|95/100|[from] Grassy Terrain
|-heal|p1b: Garchomp|49/100|[from] Grassy Terrain
|upkeep
|turn|3
|
|t:|1757040193
|switch|p1a: Gholdengo|Gholdengo, L50|100/100
|move|p1b: Garchomp|Protect|p1b: Garchomp
|-singleturn|p1b: Garchomp|Protect
|move|p2a: Rillaboom|Fake Out|p1a: Gholdengo
|-immune|p1a: Gholdengo
|move|p2b: Glaceon|Blizzard|p1b: Garchomp|[spread] p1a
|-activate|p1b: Garchomp|move: Protect
|-resisted|p1a: Gholdengo
|-damage|p1a: Gholdengo|75/100
|
|-weather|Snowscape|[upkeep]
|-heal|p2a: Rillaboom|100/100|[from] Grassy Terrain
|-heal|p1a: Gholdengo|81/100|[from] Grassy Terrain
|-heal|p1b: Garchomp|55/100|[from] Grassy Terrain
|upkeep
|turn|4
|
|t:|1757040231
|switch|p1b: Tyranitar|Tyranitar, L50, F|100/100
|-weather|Sandstorm|[from] ability: Sand Stream|[of] p1b: Tyranitar
|move|p1a: Gholdengo|Protect|p1a: Gholdengo
|-singleturn|p1a: Gholdengo|Protect
|move|p2b: Glaceon|Substitute|p2b: Glaceon
|-start|p2b: Glaceon|Substitute
|-damage|p2b: Glaceon|75/100
|move|p2a: Rillaboom|High Horsepower|p1a: Gholdengo
|-activate|p1a: Gholdengo|move: Protect
|
|-weather|Sandstorm|[upkeep]
|-damage|p2b: Glaceon|70/100|[from] Sandstorm
|-damage|p2a: Rillaboom|95/100|[from] Sandstorm
|-heal|p2b: Glaceon|75/100|[from] Grassy Terrain
|-heal|p2b: Glaceon|81/100|[from] item: Leftovers
|-heal|p2a: Rillaboom|100/100|[from] Grassy Terrain
|-heal|p1a: Gholdengo|87/100|[from] Grassy Terrain
|upkeep
|turn|5
|
|t:|1757040263
|move|p2b: Glaceon|Blizzard|p1b: Tyranitar|[spread] p1a
|-miss|p2b: Glaceon|p1b: Tyranitar
|-resisted|p1a: Gholdengo
|-damage|p1a: Gholdengo|59/100
|move|p1b: Tyranitar|Rock Slide|p2b: Glaceon|[spread] p2a,p2b
|-supereffective|p2b: Glaceon
|-end|p2b: Glaceon|Substitute
|-damage|p2a: Rillaboom|72/100
|cant|p2a: Rillaboom|flinch
|move|p1a: Gholdengo|Nasty Plot|p1a: Gholdengo
|-boost|p1a: Gholdengo|spa|2
|
|-weather|Sandstorm|[upkeep]
|-damage|p2b: Glaceon|75/100|[from] Sandstorm
|-damage|p2a: Rillaboom|66/100|[from] Sandstorm
|-heal|p2b: Glaceon|81/100|[from] Grassy Terrain
|-heal|p2b: Glaceon|87/100|[from] item: Leftovers
|-heal|p2a: Rillaboom|72/100|[from] Grassy Terrain
|-heal|p1a: Gholdengo|66/100|[from] Grassy Terrain
|-fieldend|move: Trick Room
|upkeep
|turn|6
|
|t:|1757040300
|move|p2a: Rillaboom|Grassy Glide|p1b: Tyranitar
|-supereffective|p1b: Tyranitar
|-damage|p1b: Tyranitar|33/100
|move|p1a: Gholdengo|Make It Rain|p2b: Glaceon|[spread] p2a,p2b
|-supereffective|p2b: Glaceon
|-damage|p2a: Rillaboom|0 fnt
|-damage|p2b: Glaceon|0 fnt
|-unboost|p1a: Gholdengo|spa|1
|faint|p2a: Rillaboom
|faint|p2b: Glaceon
|move|p1b: Tyranitar|Rock Slide|p2: Rillaboom|[notarget]
|-fail|p1b: Tyranitar
|
|-weather|Sandstorm|[upkeep]
|-heal|p1a: Gholdengo|72/100|[from] Grassy Terrain
|-heal|p1b: Tyranitar|39/100|[from] Grassy Terrain
|-fieldend|move: Grassy Terrain
|upkeep
|
|t:|1757040318
|switch|p2b: Slowking|Slowking, L50, M|86/100
|turn|7
|
|t:|1757040324
|move|p1a: Gholdengo|Make It Rain|p2b: Slowking
|-resisted|p2b: Slowking
|-damage|p2b: Slowking|36/100
|-unboost|p1a: Gholdengo|spa|1
|move|p1b: Tyranitar|Knock Off|p2b: Slowking
|-supereffective|p2b: Slowking
|-damage|p2b: Slowking|0 fnt
|-enditem|p2b: Slowking|Safety Goggles|[from] move: Knock Off|[of] p1b: Tyranitar
|faint|p2b: Slowking
|
|win|Govek314
|inactive|Govek314 has 30 seconds to confirm battle start!
|inactive|SGambler has 30 seconds to confirm battle start!
|l|☆SGambler
|player|p2|
||Govek314 is ready for game 2.
|raw|Govek314's rating: 1112 → 1129(+17 for winning)
|raw|SGambler's rating: 1000 → 1000(+0 for losing)
|l|☆Govek314
|player|p1|
|j|☆Govek314
|player|p1|Govek314|265|
