|j|☆I love bo3
|j|☆BenBen84
|html|I love bo3BenBen84    
|uhtml|bestof|Game 2 of a best-of-3
|t:|1785514323
|gametype|doubles
|player|p1|I love bo3|dawn|
|player|p2|BenBen84|unknown|
|gen|9
|tier|[Gen 9 Champions] VGC 2026 Reg M-B (Bo3)
|rule|Species Clause: Limit one of each Pokémon
|rule|Item Clause: Limit 1 of each item
|clearpoke
|poke|p1|Staraptor, L50, M, shiny|
|poke|p1|Charizard, L50, M, shiny|
|poke|p1|Garchomp, L50, M, shiny|
|poke|p1|Gholdengo, L50|
|poke|p1|Whimsicott, L50, F, shiny|
|poke|p1|Rotom-Wash, L50|
|poke|p2|Delphox, L50, F, shiny|
|poke|p2|Floette-Eternal, L50, F|
|poke|p2|Incineroar, L50, F, shiny|
|poke|p2|Sinistcha, L50, shiny|
|poke|p2|Sneasler, L50, F, shiny|
|poke|p2|Kingambit, L50, F, shiny|
|teampreview|4
|showteam|p1|Staraptor||Staraptite|Intimidate|CloseCombat,BraveBird,Roost,Protect|Jolly||M|||50|]Charizard||CharizarditeY|Blaze|WeatherBall,HeatWave,SolarBeam,Protect|Modest||M|||50|]Garchomp||LifeOrb|RoughSkin|Earthquake,DragonClaw,RockSlide,Protect|Jolly||M|||50|]Gholdengo||SpellTag|GoodasGold|MakeItRain,ShadowBall,NastyPlot,Protect|Modest|||||50|]Whimsicott||FocusSash|Prankster|Moonblast,Charm,Tailwind,Protect|Timid||F|||50|]Rotom-Wash||ChoiceScarf|Levitate|HydroPump,VoltSwitch,Electroweb,WillOWisp|Timid|||||50|
|showteam|p2|Delphox||Delphoxite|Blaze|HeatWave,Psyshock,NastyPlot,Protect|Timid||F|||50|]Floette-Eternal||Floettite|FlowerVeil|DazzlingGleam,DrainingKiss,CalmMind,Protect|Timid||F|||50|]Incineroar||SitrusBerry|Intimidate|FlareBlitz,HelpingHand,PartingShot,FakeOut|Impish||F|||50|]Sinistcha||OccaBerry|Hospitality|MatchaGotcha,TrickRoom,RagePowder,Protect|Bold|||||50|]Sneasler||FocusSash|PoisonTouch|DireClaw,CloseCombat,FakeOut,QuickGuard|Jolly||F|||50|]Kingambit||BlackGlasses|Defiant|KowtowCleave,SuckerPunch,SwordsDance,Protect|Adamant||F|||50|
|
|t:|1785514349
|teamsize|p1|4
|teamsize|p2|4
|start
|switch|p1a: Charizard|Charizard, L50, M, shiny|100/100
|switch|p1b: Rotom|Rotom-Wash, L50|100/100
|switch|p2a: Delphox|Delphox, L50, F, shiny|100/100
|switch|p2b: Sneasler|Sneasler, L50, F, shiny|100/100
|turn|1
|
|t:|1785514362
|detailschange|p2a: Delphox|Delphox-Mega, L50, F, shiny
|-mega|p2a: Delphox|Delphox|Delphoxite
|detailschange|p1a: Charizard|Charizard-Mega-Y, L50, M, shiny
|-mega|p1a: Charizard|Charizard|Charizardite Y
|-weather|SunnyDay|[from] ability: Drought|[of] p1a: Charizard
|move|p2b: Sneasler|Fake Out|p1b: Rotom
|-damage|p1b: Rotom|82/100
|-status|p1b: Rotom|psn|[from] ability: Poison Touch|[of] p2b: Sneasler
|cant|p1b: Rotom|flinch
|move|p2a: Delphox|Nasty Plot|p2a: Delphox
|-boost|p2a: Delphox|spa|2
|move|p1a: Charizard|Heat Wave|p2b: Sneasler|[spread] p2a,p2b
|-resisted|p2a: Delphox|1
|-damage|p2a: Delphox|74/100
|-damage|p2b: Sneasler|11/100
|
|-weather|SunnyDay|[upkeep]
|-damage|p1b: Rotom|70/100 psn|[from] psn
|upkeep
|turn|2
|
|t:|1785514399
|switch|p2b: Incineroar|Incineroar, L50, F, shiny|100/100
|-ability|p2b: Incineroar|Intimidate|boost
|-unboost|p1a: Charizard|atk|1
|-unboost|p1b: Rotom|atk|1
|switch|p1a: Whimsicott|Whimsicott, L50, F, shiny|100/100
|move|p2a: Delphox|Protect|p2a: Delphox
|-singleturn|p2a: Delphox|Protect
|move|p1b: Rotom|Volt Switch|p2b: Incineroar
|-damage|p2b: Incineroar|73/100
|
|t:|1785514408
|switch|p1b: Garchomp|Garchomp, L50, M, shiny|100/100|[from] Volt Switch
|
|-weather|SunnyDay|[upkeep]
|upkeep
|turn|3
|
|t:|1785514439
|move|p2b: Incineroar|Fake Out|p1a: Whimsicott
|-damage|p1a: Whimsicott|84/100
|cant|p1a: Whimsicott|flinch
|move|p2a: Delphox|Heat Wave|p1b: Garchomp|[spread] p1a,p1b
|-supereffective|p1a: Whimsicott|1
|-resisted|p1b: Garchomp|1
|-damage|p1a: Whimsicott|0 fnt
|-damage|p1b: Garchomp|33/100
|-status|p1b: Garchomp|brn
|faint|p1a: Whimsicott
|move|p1b: Garchomp|Rock Slide|p2a: Delphox|[spread] p2a,p2b
|-supereffective|p2a: Delphox|1
|-supereffective|p2b: Incineroar|1
|-damage|p2a: Delphox|38/100
|-damage|p2b: Incineroar|53/100
|-damage|p1b: Garchomp|23/100 brn|[from] item: Life Orb
|
|-weather|SunnyDay|[upkeep]
|-damage|p1b: Garchomp|17/100 brn|[from] brn
|upkeep
|c|☆BenBen84|喔我賽
|c|☆I love bo3|哇
|c|☆I love bo3|我以為你想抓雙保
|
|t:|1785514480
|switch|p1a: Rotom|Rotom-Wash, L50|70/100 psn
|turn|4
|c|☆BenBen84|我火狐一定要動阿
|c|☆BenBen84|不然會卡死
|
|t:|1785514526
|switch|p2b: Sinistcha|Sinistcha, L50, shiny|100/100
|-heal|p2a: Delphox|63/100|[from] ability: Hospitality|[of] p2b: Sinistcha
|move|p2a: Delphox|Protect|p2a: Delphox
|-singleturn|p2a: Delphox|Protect
|move|p1a: Rotom|Electroweb|p2b: Sinistcha|[spread] 
|-activate|p2a: Delphox|move: Protect
|-miss|p1a: Rotom|p2b: Sinistcha
|move|p1b: Garchomp|Rock Slide|p2a: Delphox|[spread] 
|-activate|p2a: Delphox|move: Protect
|-miss|p1b: Garchomp|p2b: Sinistcha
|
|-weather|SunnyDay|[upkeep]
|-damage|p1a: Rotom|58/100 psn|[from] psn
|-damage|p1b: Garchomp|12/100 brn|[from] brn
|upkeep
|turn|5
|c|☆I love bo3|WTF
|c|☆I love bo3|沒差但太會閃了吧
|
|t:|1785514560
|move|p1a: Rotom|Electroweb|p2a: Delphox|[spread] p2a,p2b
|-resisted|p2b: Sinistcha|1
|-damage|p2a: Delphox|48/100
|-damage|p2b: Sinistcha|92/100
|-unboost|p2a: Delphox|spe|1
|-unboost|p2b: Sinistcha|spe|1
|move|p1b: Garchomp|Rock Slide|p2b: Sinistcha|[spread] p2a,p2b
|-supereffective|p2a: Delphox|1
|-damage|p2a: Delphox|15/100
|-damage|p2b: Sinistcha|82/100
|-damage|p1b: Garchomp|2/100 brn|[from] item: Life Orb
|move|p2a: Delphox|Heat Wave|p1b: Garchomp|[spread] p1a,p1b
|-resisted|p1a: Rotom|1
|-resisted|p1b: Garchomp|1
|-damage|p1a: Rotom|0 fnt
|-damage|p1b: Garchomp|0 fnt
|faint|p1a: Rotom
|faint|p1b: Garchomp
|cant|p2b: Sinistcha|flinch
|
|-weather|none
|upkeep
|
|t:|1785514572
|switch|p1b: Charizard|Charizard-Mega-Y, L50, M, shiny|100/100
|-weather|SunnyDay|[from] ability: Drought|[of] p1b: Charizard
|turn|6
|
|t:|1785514592
|switch|p2a: Incineroar|Incineroar, L50, F, shiny|53/100
|-ability|p2a: Incineroar|Intimidate|boost
|-unboost|p1b: Charizard|atk|1
|move|p2b: Sinistcha|Protect|p2b: Sinistcha
|-singleturn|p2b: Sinistcha|Protect
|move|p1b: Charizard|Heat Wave|p2b: Sinistcha|[spread] p2a
|-activate|p2b: Sinistcha|move: Protect
|-resisted|p2a: Incineroar|1
|-damage|p2a: Incineroar|25/100
|-enditem|p2a: Incineroar|Sitrus Berry|[eat]
|-heal|p2a: Incineroar|50/100g|[from] item: Sitrus Berry
|
|-weather|SunnyDay|[upkeep]
|upkeep
|turn|7
|
|t:|1785514631
|switch|p2b: Delphox|Delphox-Mega, L50, F, shiny|15/100
|move|p2a: Incineroar|Fake Out|p1b: Charizard
|-damage|p1b: Charizard|88/100
|cant|p1b: Charizard|flinch
|
|-weather|SunnyDay|[upkeep]
|upkeep
|turn|8
|
|t:|1785514641
|move|p2a: Incineroar|Helping Hand|p2b: Delphox
|-singleturn|p2b: Delphox|Helping Hand|[of] p2a: Incineroar
|move|p2b: Delphox|Psyshock|p1b: Charizard
|-damage|p1b: Charizard|16/100
|move|p1b: Charizard|Heat Wave|p2a: Incineroar|[spread] p2a,p2b
|-resisted|p2a: Incineroar|1
|-resisted|p2b: Delphox|1
|-damage|p2a: Incineroar|23/100
|-damage|p2b: Delphox|0 fnt
|faint|p2b: Delphox
|
|-weather|SunnyDay|[upkeep]
|upkeep
|
|t:|1785514652
|switch|p2b: Sneasler|Sneasler, L50, F, shiny|11/100
|turn|9
|
|t:|1785514659
|move|p2a: Incineroar|Helping Hand|p2b: Sneasler
|-singleturn|p2b: Sneasler|Helping Hand|[of] p2a: Incineroar
|move|p2b: Sneasler|Dire Claw|p1b: Charizard
|-damage|p1b: Charizard|0 fnt
|faint|p1b: Charizard
|
|win|BenBen84
|l|☆I love bo3
|player|p1|
