|j|☆Jonny5134
|j|☆clarocojones
|html|Jonny5134clarocojones    
|uhtml|bestof|Game 1 of a best-of-3
|t:|1785429461
|gametype|doubles
|player|p1|Jonny5134|102|1052
|player|p2|clarocojones|striker|1040
|gen|9
|tier|[Gen 9 Champions] VGC 2026 Reg M-B (Bo3)
|rated|
|rule|Species Clause: Limit one of each Pokémon
|rule|Item Clause: Limit 1 of each item
|clearpoke
|poke|p1|Whimsicott, L50, M|
|poke|p1|Glimmora, L50, M|
|poke|p1|Staraptor, L50, F|
|poke|p1|Garchomp, L50, M|
|poke|p1|Delphox, L50, M|
|poke|p1|Hydreigon, L50, F|
|poke|p2|Incineroar, L50, F, shiny|
|poke|p2|Floette-Eternal, L50, F|
|poke|p2|Sinistcha-Masterpiece, L50, shiny|
|poke|p2|Kommo-o, L50, M|
|poke|p2|Kingambit, L50, M, shiny|
|poke|p2|Aerodactyl, L50, M|
|teampreview|4
|showteam|p1|Whimsicott||OccaBerry|Prankster|Tailwind,Moonblast,Charm,LightScreen|Timid||M|||50|]Glimmora||FocusSash|ToxicDebris|PowerGem,SludgeBomb,EarthPower,SpikyShield|Modest||M|||50|]Staraptor||Staraptite|Intimidate|BraveBird,CloseCombat,Roost,Protect|Jolly||F|||50|]Garchomp||LifeOrb|RoughSkin|Earthquake,DragonClaw,RockSlide,Protect|Jolly||M|||50|]Delphox||Delphoxite|Blaze|HeatWave,Psychic,Substitute,Protect|Timid||M|||50|]Hydreigon||ChoiceScarf|Levitate|DracoMeteor,DarkPulse,Snarl,EarthPower|Modest||F|||50|
|showteam|p2|Incineroar||SitrusBerry|Intimidate|FakeOut,PartingShot,ThroatChop,FlareBlitz|Careful||F|||50|]Floette-Eternal||Floettite|FlowerVeil|Moonblast,DazzlingGleam,CalmMind,Protect|Modest||F|||50|]Sinistcha-Masterpiece||ColburBerry|Hospitality|MatchaGotcha,LifeDew,RagePowder,TrickRoom|Bold|||||50|]Kommo-o||Leftovers|Overcoat|ClangingScales,AuraSphere,ClangorousSoul,Protect|Modest||M|||50|]Kingambit||FocusSash|Defiant|KowtowCleave,SuckerPunch,IronHead,Protect|Adamant||M|||50|]Aerodactyl||Aerodactylite|Unnerve|Protect,RockSlide,Tailwind,DualWingbeat|Jolly||M|||50|
|inactive|Battle timer is ON: inactive players will automatically lose when time's up. (requested by Jonny5134)
|inactive|Jonny5134 has 60 seconds left.
|inactive|clarocojones has 60 seconds left.
|inactive|clarocojones has 30 seconds left.
|inactive|clarocojones has 20 seconds left.
|
|t:|1785429532
|teamsize|p1|4
|teamsize|p2|4
|start
|switch|p1a: Whimsicott|Whimsicott, L50, M|100/100
|switch|p1b: Glimmora|Glimmora, L50, M|100/100
|switch|p2a: Aerodactyl|Aerodactyl, L50, M|100/100
|switch|p2b: Felicidad|Floette-Eternal, L50, F|100/100
|-ability|p2a: Aerodactyl|Unnerve
|turn|1
|inactive|Jonny5134 has 30 seconds left.
|inactive|clarocojones has 30 seconds left.
|
|t:|1785429560
|switch|p2b: Kingambit|Kingambit, L50, M, shiny|100/100
|move|p1a: Whimsicott|Tailwind|p1a: Whimsicott
|-sidestart|p1: Jonny5134|move: Tailwind
|move|p1b: Glimmora|Power Gem|p2a: Aerodactyl
|-supereffective|p2a: Aerodactyl|1
|-damage|p2a: Aerodactyl|0 fnt
|faint|p2a: Aerodactyl
|
|upkeep
|
|t:|1785429571
|switch|p2a: Felicidad|Floette-Eternal, L50, F|100/100
|turn|2
|
|t:|1785429591
|detailschange|p2a: Felicidad|Floette-Mega, L50, F
|-mega|p2a: Felicidad|Floette|Floettite
|-ability|p2a: Felicidad|Fairy Aura
|move|p1a: Whimsicott|Moonblast|p2b: Kingambit
|-damage|p2b: Kingambit|59/100
|move|p1b: Glimmora|Earth Power|p2b: Kingambit
|-supereffective|p2b: Kingambit|1
|-damage|p2b: Kingambit|0 fnt
|faint|p2b: Kingambit
|move|p2a: Felicidad|Calm Mind|p2a: Felicidad
|-boost|p2a: Felicidad|spa|1
|-boost|p2a: Felicidad|spd|1
|
|upkeep
|
|t:|1785429598
|switch|p2b: DON JULIO|Sinistcha-Masterpiece, L50, shiny|100/100
|turn|3
|
|t:|1785429616
|move|p1a: Whimsicott|Light Screen|p1a: Whimsicott
|-sidestart|p1: Jonny5134|move: Light Screen
|move|p1b: Glimmora|Sludge Bomb|p2a: Felicidad
|-supereffective|p2a: Felicidad|1
|-damage|p2a: Felicidad|53/100
|move|p2a: Felicidad|Calm Mind|p2a: Felicidad
|-boost|p2a: Felicidad|spa|1
|-boost|p2a: Felicidad|spd|1
|move|p2b: DON JULIO|Trick Room|p2b: DON JULIO
|-fieldstart|move: Trick Room|[of] p2b: DON JULIO
|
|upkeep
|turn|4
|inactive|Jonny5134 has 30 seconds left.
|
|t:|1785429646
|move|p1b: Glimmora|Spiky Shield|p1b: Glimmora
|-singleturn|p1b: Glimmora|move: Protect
|move|p2b: DON JULIO|Rage Powder|p2b: DON JULIO
|-singleturn|p2b: DON JULIO|move: Rage Powder
|move|p2a: Felicidad|Dazzling Gleam|p1b: Glimmora|[spread] p1a
|-activate|p1b: Glimmora|move: Protect
|-damage|p1a: Whimsicott|5/100
|move|p1a: Whimsicott|Moonblast|p2a: Felicidad
|-damage|p2a: Felicidad|41/100
|
|-sideend|p1: Jonny5134|move: Tailwind
|upkeep
|turn|5
|inactive|Jonny5134 has 30 seconds left.
|
|t:|1785429675
|move|p2b: DON JULIO|Rage Powder|p2b: DON JULIO
|-singleturn|p2b: DON JULIO|move: Rage Powder
|move|p2a: Felicidad|Dazzling Gleam|p1a: Whimsicott|[spread] p1a,p1b
|-resisted|p1b: Glimmora|1
|-damage|p1a: Whimsicott|0 fnt
|-damage|p1b: Glimmora|54/100
|faint|p1a: Whimsicott
|move|p1b: Glimmora|Sludge Bomb|p2b: DON JULIO
|-damage|p2b: DON JULIO|47/100
|
|upkeep
|inactive|Jonny5134 has 30 seconds left.
|
|t:|1785429704
|switch|p1a: Staraptor|Staraptor, L50, F|100/100
|-ability|p1a: Staraptor|Intimidate|boost
|-unboost|p2a: Felicidad|atk|1
|-unboost|p2b: DON JULIO|atk|1
|turn|6
|
|t:|1785429716
|move|p2b: DON JULIO|Life Dew|p2b: DON JULIO|[spread] p2a,p2b
|-heal|p2a: Felicidad|66/100
|-heal|p2b: DON JULIO|72/100
|move|p2a: Felicidad|Moonblast|p1a: Staraptor
|-damage|p1a: Staraptor|0 fnt
|faint|p1a: Staraptor
|move|p1b: Glimmora|Sludge Bomb|p2a: Felicidad
|-supereffective|p2a: Felicidad|1
|-damage|p2a: Felicidad|29/100
|-status|p2a: Felicidad|psn
|
|-damage|p2a: Felicidad|17/100 psn|[from] psn
|upkeep
|
|t:|1785429725
|switch|p1a: Garchomp|Garchomp, L50, M|100/100
|turn|7
|
|t:|1785429742
|move|p1b: Glimmora|Spiky Shield|p1b: Glimmora
|-singleturn|p1b: Glimmora|move: Protect
|move|p1a: Garchomp|Protect|p1a: Garchomp
|-singleturn|p1a: Garchomp|Protect
|move|p2b: DON JULIO|Life Dew|p2b: DON JULIO|[spread] p2a,p2b
|-heal|p2a: Felicidad|42/100 psn
|-heal|p2b: DON JULIO|97/100
|move|p2a: Felicidad|Dazzling Gleam|p1a: Garchomp|[spread] 
|-activate|p1a: Garchomp|move: Protect
|-activate|p1b: Glimmora|move: Protect
|
|-damage|p2a: Felicidad|30/100 psn|[from] psn
|-sideend|p1: Jonny5134|move: Light Screen
|-fieldend|move: Trick Room
|upkeep
|turn|8
|inactive|Jonny5134 has 30 seconds left.
|
|t:|1785429768
|move|p2b: DON JULIO|Rage Powder|p2b: DON JULIO
|-singleturn|p2b: DON JULIO|move: Rage Powder
|move|p1a: Garchomp|Dragon Claw|p2b: DON JULIO
|-damage|p2b: DON JULIO|50/100g
|-damage|p1a: Garchomp|90/100|[from] item: Life Orb
|move|p1b: Glimmora|Sludge Bomb|p2b: DON JULIO
|-damage|p2b: DON JULIO|4/100
|move|p2a: Felicidad|Dazzling Gleam|p1b: Glimmora|[spread] p1a,p1b
|-supereffective|p1a: Garchomp|1
|-resisted|p1b: Glimmora|1
|-damage|p1a: Garchomp|0 fnt
|-damage|p1b: Glimmora|0 fnt
|faint|p1a: Garchomp
|faint|p1b: Glimmora
|
|win|clarocojones
||clarocojones is ready for game 2.
|inactive|Jonny5134 has 30 seconds to confirm battle start!
||Jonny5134 is ready for game 2.
|uhtml|next|Next: Game 2 of 3
