|j|☆master 792
|j|☆Funky0
|html|master 792Funky0    
|uhtml|bestof|Game 2 of a best-of-3
|t:|1784084454
|gametype|doubles
|player|p1|master 792|red|1119
|player|p2|Funky0|170|1066
|gen|9
|tier|[Gen 9 Champions] VGC 2026 Reg M-B (Bo3)
|rated|
|rule|Species Clause: Limit one of each Pokémon
|rule|Item Clause: Limit 1 of each item
|clearpoke
|poke|p1|Metagross, L50, shiny|
|poke|p1|Incineroar, L50, M|
|poke|p1|Sinistcha, L50, shiny|
|poke|p1|Floette-Eternal, L50, F|
|poke|p1|Politoed, L50, M|
|poke|p1|Maushold, L50|
|poke|p2|Incineroar, L50, F|
|poke|p2|Gengar, L50, F|
|poke|p2|Archaludon, L50, M|
|poke|p2|Pelipper, L50, F|
|poke|p2|Swampert, L50, F|
|poke|p2|Sneasler, L50, M|
|teampreview|4
|showteam|p1|Metagross||Metagrossite|ClearBody|IronDefense,BodyPress,PsychicFangs,Protect|Impish|||||50|]Incineroar||PasshoBerry|Intimidate|FakeOut,FlareBlitz,PartingShot,DarkestLariat|Adamant||M|||50|]Sinistcha||SitrusBerry|Hospitality|MatchaGotcha,TrickRoom,RagePowder,LifeDew|Calm|||||50|]Floette-Eternal||Floettite|FlowerVeil|Moonblast,DazzlingGleam,CalmMind,Protect|Modest||F|||50|]Politoed||Leftovers|Drizzle|WeatherBall,PerishSong,IceBeam,Protect|Bold||M|||50|]Maushold||ChopleBerry|FriendGuard|Taunt,FollowMe,SuperFang,Protect|Careful|||||50|
|showteam|p2|Incineroar||MentalHerb|Intimidate|FakeOut,PartingShot,FlareBlitz,Crunch|Careful||F|||50|]Gengar||Gengarite|CursedBody|ShadowBall,SludgeBomb,Protect,DazzlingGleam|Timid||F|||50|]Archaludon||Leftovers|Sturdy|DragonPulse,ElectroShot,Protect,DragonTail|Naive||M|||50|]Pelipper||WideLens|Drizzle|MuddyWater,Hurricane,Protect,Tailwind|Bold||F|||50|]Swampert||Swampertite|Torrent|Earthquake,FlipTurn,Protect,RockSlide|Adamant||F|||50|]Sneasler||LifeOrb|PoisonTouch|CloseCombat,DireClaw,Protect,FakeOut|Jolly||M|||50|
|
|t:|1784084480
|teamsize|p1|4
|teamsize|p2|4
|start
|switch|p1a: Metagross|Metagross, L50, shiny|100/100
|switch|p1b: Maushold|Maushold, L50|100/100
|switch|p2a: Pelipper|Pelipper, L50, F|100/100
|switch|p2b: Swampert|Swampert, L50, F|100/100
|-weather|RainDance|[from] ability: Drizzle|[of] p2a: Pelipper
|turn|1
|
|t:|1784084490
|detailschange|p2b: Swampert|Swampert-Mega, L50, F
|-mega|p2b: Swampert|Swampert|Swampertite
|detailschange|p1a: Metagross|Metagross-Mega, L50, shiny
|-mega|p1a: Metagross|Metagross|Metagrossite
|move|p1b: Maushold|Follow Me|p1b: Maushold
|-singleturn|p1b: Maushold|move: Follow Me
|move|p2b: Swampert|Earthquake|p1a: Metagross|[spread] p1a,p1b
|-immune|p2a: Pelipper
|-supereffective|p1a: Metagross|1
|-damage|p1a: Metagross|61/100
|-damage|p1b: Maushold|53/100
|move|p1a: Metagross|Iron Defense|p1a: Metagross
|-boost|p1a: Metagross|def|2
|move|p2a: Pelipper|Muddy Water|p1a: Metagross|[spread] p1a,p1b
|-damage|p1a: Metagross|43/100
|-damage|p1b: Maushold|17/100
|-unboost|p1b: Maushold|accuracy|1
|
|-weather|RainDance|[upkeep]
|upkeep
|turn|2
|
|t:|1784084519
|switch|p1b: Sinistcha|Sinistcha, L50, shiny|100/100
|-heal|p1a: Metagross|67/100|[from] ability: Hospitality|[of] p1b: Sinistcha
|move|p1a: Metagross|Protect|p1a: Metagross
|-singleturn|p1a: Metagross|Protect
|move|p2b: Swampert|Earthquake|p1b: Sinistcha|[spread] p1b
|-activate|p1a: Metagross|move: Protect
|-immune|p2a: Pelipper
|-resisted|p1b: Sinistcha|1
|-damage|p1b: Sinistcha|78/100
|move|p2a: Pelipper|Muddy Water|p1b: Sinistcha|[spread] p1b
|-activate|p1a: Metagross|move: Protect
|-resisted|p1b: Sinistcha|1
|-damage|p1b: Sinistcha|62/100
|-unboost|p1b: Sinistcha|accuracy|1
|
|-weather|RainDance|[upkeep]
|upkeep
|turn|3
|
|t:|1784084544
|move|p2b: Swampert|Protect|p2b: Swampert
|-singleturn|p2b: Swampert|Protect
|move|p1a: Metagross|Body Press|p2b: Swampert
|-activate|p2b: Swampert|move: Protect
|move|p2a: Pelipper|Tailwind|p2a: Pelipper
|-sidestart|p2: Funky0|move: Tailwind
|move|p1b: Sinistcha|Trick Room|p1b: Sinistcha
|-fieldstart|move: Trick Room|[of] p1b: Sinistcha
|
|-weather|RainDance|[upkeep]
|upkeep
|turn|4
|
|t:|1784084564
|move|p1b: Sinistcha|Matcha Gotcha|p2b: Swampert|[spread] p2a
|-miss|p1b: Sinistcha|p2b: Swampert
|-damage|p2a: Pelipper|63/100
|-heal|p1b: Sinistcha|79/100|[from] drain|[of] p2a: Pelipper
|-status|p2a: Pelipper|brn
|move|p1a: Metagross|Psychic Fangs|p2a: Pelipper
|-damage|p2a: Pelipper|25/100 brn
|move|p2a: Pelipper|Hurricane|p1b: Sinistcha
|-supereffective|p1b: Sinistcha|1
|-damage|p1b: Sinistcha|8/100
|-enditem|p1b: Sinistcha|Sitrus Berry|[eat]
|-heal|p1b: Sinistcha|33/100|[from] item: Sitrus Berry
|move|p2b: Swampert|Earthquake|p1a: Metagross|[spread] p1a,p1b
|-immune|p2a: Pelipper
|-supereffective|p1a: Metagross|1
|-resisted|p1b: Sinistcha|1
|-damage|p1a: Metagross|41/100
|-damage|p1b: Sinistcha|12/100
|
|-weather|RainDance|[upkeep]
|-damage|p2a: Pelipper|19/100 brn|[from] brn
|upkeep
|turn|5
|
|t:|1784084596
|switch|p2a: Archaludon|Archaludon, L50, M|100/100
|move|p2b: Swampert|Protect|p2b: Swampert
|-singleturn|p2b: Swampert|Protect
|move|p1b: Sinistcha|Life Dew|p1b: Sinistcha|[spread] p1a,p1b
|-heal|p1a: Metagross|66/100
|-heal|p1b: Sinistcha|37/100
|move|p1a: Metagross|Psychic Fangs|p2a: Archaludon
|-resisted|p2a: Archaludon|1
|-damage|p2a: Archaludon|78/100
|
|-weather|none
|-heal|p2a: Archaludon|84/100|[from] item: Leftovers
|upkeep
|turn|6
|
|t:|1784084629
|move|p2b: Swampert|Protect||[still]
|-fail|p2b: Swampert
|move|p1b: Sinistcha|Matcha Gotcha|p2a: Archaludon|[spread] p2b
|-miss|p1b: Sinistcha|p2a: Archaludon
|-supereffective|p2b: Swampert|2
|-damage|p2b: Swampert|11/100
|-heal|p1b: Sinistcha|81/100|[from] drain|[of] p2b: Swampert
|move|p1a: Metagross|Body Press|p2a: Archaludon
|-supereffective|p2a: Archaludon|1
|-damage|p2a: Archaludon|0 fnt
|faint|p2a: Archaludon
|
|-sideend|p2: Funky0|move: Tailwind
|upkeep
|
|t:|1784084644
|switch|p2a: Sneasler|Sneasler, L50, M|100/100
|turn|7
|
|t:|1784084655
|switch|p2b: Pelipper|Pelipper, L50, F|19/100 brn
|-weather|RainDance|[from] ability: Drizzle|[of] p2b: Pelipper
|move|p1a: Metagross|Protect|p1a: Metagross
|-singleturn|p1a: Metagross|Protect
|move|p2a: Sneasler|Fake Out|p1a: Metagross
|-activate|p1a: Metagross|move: Protect
|move|p1b: Sinistcha|Life Dew|p1b: Sinistcha|[spread] p1a,p1b
|-heal|p1a: Metagross|91/100
|-heal|p1b: Sinistcha|100/100
|
|-weather|RainDance|[upkeep]
|-damage|p2b: Pelipper|13/100 brn|[from] brn
|-fieldend|move: Trick Room
|upkeep
|turn|8
|-message|Funky0 forfeited.
|raw|master 792's rating: 1119 → 1140(+21 for winning)
|raw|Funky0's rating: 1066 → 1049(-17 for losing)
|
|win|master 792
|l|☆Funky0
|player|p2|
