|j|☆C0ozer
|j|☆Bolsa_25
|html|C0ozerBolsa_25    
|uhtml|bestof|Game 1 of a best-of-3
|t:|1757089172
|gametype|doubles
|player|p1|C0ozer|2|1027
|player|p2|Bolsa_25|psychicf|1046
|gen|9
|tier|[Gen 9] VGC 2025 Reg H (Bo3)
|rated|
|rule|Species Clause: Limit one of each Pokémon
|rule|Item Clause: Limit 1 of each item
|clearpoke
|poke|p1|Ursaluna-Bloodmoon, L50, M|
|poke|p1|Gholdengo, L50|
|poke|p1|Dragonite, L50, M|
|poke|p1|Sneasler, L50, F|
|poke|p1|Incineroar, L50, M|
|poke|p1|Amoonguss, L50, M|
|poke|p2|Gholdengo, L50|
|poke|p2|Magmar, L50, F|
|poke|p2|Dragonite, L50, M|
|poke|p2|Rillaboom, L50, M|
|poke|p2|Annihilape, L50, M|
|poke|p2|Sylveon, L50, M|
|teampreview|4
|showteam|p1|Ursaluna-Bloodmoon||AssaultVest|MindsEye|BloodMoon,EarthPower,VacuumWave,HyperVoice|||M|||50|,,,,,Water]Gholdengo||LifeOrb|GoodasGold|Protect,MakeItRain,ShadowBall,NastyPlot||||||50|,,,,,Water]Dragonite||LoadedDice|Multiscale|ScaleShot,Tailwind,Haze,Protect|||M|||50|,,,,,Fairy]Sneasler||FocusSash|Unburden|Protect,DireClaw,CloseCombat,ThroatChop|||F|||50|,,,,,Stellar]Incineroar||SafetyGoggles|Intimidate|KnockOff,PartingShot,FlareBlitz,FakeOut|||M|||50|,,,,,Ghost]Amoonguss||SitrusBerry|Regenerator|RagePowder,Spore,PollenPuff,Protect|||M|||50|,,,,,Water
|showteam|p2|Gholdengo||LifeOrb|GoodasGold|Protect,NastyPlot,MakeItRain,ShadowBall||||||50|,,,,,Water]Magmar||Eviolite|VitalSpirit|Taunt,WillOWisp,FollowMe,HeatWave|||F|||50|,,,,,Ghost]Dragonite||LoadedDice|Multiscale|Protect,Haze,Tailwind,ScaleShot|||M|||50|,,,,,Fairy]Rillaboom||AssaultVest|GrassySurge|FakeOut,GrassyGlide,WoodHammer,HighHorsepower|||M|||50|,,,,,Fire]Annihilape||SafetyGoggles|Defiant|Protect,BulkUp,RageFist,DrainPunch|||M|||50|,,,,,Steel]Sylveon||ThroatSpray|Pixilate|TeraBlast,HyperBeam,Protect,BabyDollEyes|||M|||50|,,,,,Water
|inactive|Battle timer is ON: inactive players will automatically lose when time's up. (requested by Bolsa_25)
|inactive|C0ozer also wants the timer to be on.
|inactive|Bolsa_25 has 60 seconds left.
|
|t:|1757089206
|teamsize|p1|4
|teamsize|p2|4
|start
|switch|p1a: Dragonite|Dragonite, L50, M, shiny|100/100
|switch|p1b: Incineroar|Incineroar, L50, M, shiny|100/100
|switch|p2a: Annihilape|Annihilape, L50, M|100/100
|switch|p2b: Dragonite|Dragonite, L50, M|100/100
|-ability|p1b: Incineroar|Intimidate|boost
|-unboost|p2a: Annihilape|atk|1
|-ability|p2a: Annihilape|Defiant|boost
|-boost|p2a: Annihilape|atk|2
|-unboost|p2b: Dragonite|atk|1
|turn|1
|
|t:|1757089225
|move|p1b: Incineroar|Fake Out|p2b: Dragonite
|-damage|p2b: Dragonite|94/100
|cant|p2b: Dragonite|flinch
|move|p2a: Annihilape|Drain Punch|p1b: Incineroar
|-supereffective|p1b: Incineroar
|-damage|p1b: Incineroar|4/100
|move|p1a: Dragonite|Tailwind|p1a: Dragonite
|-sidestart|p1: C0ozer|move: Tailwind
|
|upkeep
|turn|2
|
|t:|1757089245
|-terastallize|p1a: Dragonite|Fairy
|-terastallize|p2b: Dragonite|Fairy
|move|p1a: Dragonite|Scale Shot|p2b: Dragonite
|-immune|p2b: Dragonite
|move|p1b: Incineroar|Knock Off|p2a: Annihilape
|-damage|p2a: Annihilape|58/100
|-enditem|p2a: Annihilape|Safety Goggles|[from] move: Knock Off|[of] p1b: Incineroar
|move|p2b: Dragonite|Tailwind|p2b: Dragonite
|-sidestart|p2: Bolsa_25|move: Tailwind
|move|p2a: Annihilape|Rage Fist|p1a: Dragonite
|-damage|p1a: Dragonite|64/100
|
|upkeep
|turn|3
|
|t:|1757089263
|move|p2b: Dragonite|Scale Shot|p1b: Incineroar
|-damage|p1b: Incineroar|0 fnt
|faint|p1b: Incineroar
|-hitcount|p1: Incineroar|1
|-unboost|p2b: Dragonite|def|1
|-boost|p2b: Dragonite|spe|1
|move|p2a: Annihilape|Rage Fist|p1a: Dragonite
|-damage|p1a: Dragonite|0 fnt
|faint|p1a: Dragonite
|
|upkeep
|
|t:|1757089275
|switch|p1a: Gholdengo|Gholdengo, L50, shiny|100/100
|switch|p1b: Ursaluna|Ursaluna-Bloodmoon, L50, M|100/100
|turn|4
|
|t:|1757089290
|move|p2b: Dragonite|Scale Shot|p1b: Ursaluna
|-damage|p1b: Ursaluna|93/100
|-damage|p1b: Ursaluna|86/100
|-damage|p1b: Ursaluna|80/100
|-damage|p1b: Ursaluna|72/100
|-damage|p1b: Ursaluna|65/100
|-hitcount|p1b: Ursaluna|5
|-unboost|p2b: Dragonite|def|1
|-boost|p2b: Dragonite|spe|1
|move|p1a: Gholdengo|Shadow Ball|p2a: Annihilape
|-supereffective|p2a: Annihilape
|-damage|p2a: Annihilape|0 fnt
|faint|p2a: Annihilape
|-damage|p1a: Gholdengo|91/100|[from] item: Life Orb
|move|p1b: Ursaluna|Blood Moon|p2b: Dragonite
|-damage|p2b: Dragonite|19/100
|
|-sideend|p1: C0ozer|move: Tailwind
|upkeep
|
|t:|1757089298
|switch|p2a: Rillaboom|Rillaboom, L50, M|100/100
|-fieldstart|move: Grassy Terrain|[from] ability: Grassy Surge|[of] p2a: Rillaboom
|turn|5
|
|t:|1757089322
|move|p2b: Dragonite|Protect|p2b: Dragonite
|-singleturn|p2b: Dragonite|Protect
|move|p2a: Rillaboom|Wood Hammer|p1b: Ursaluna
|-supereffective|p1b: Ursaluna
|-damage|p1b: Ursaluna|0 fnt
|faint|p1b: Ursaluna
|-damage|p2a: Rillaboom|78/100|[from] Recoil
|move|p1a: Gholdengo|Make It Rain|p2a: Rillaboom|[spread] p2a
|-activate|p2b: Dragonite|move: Protect
|-damage|p2a: Rillaboom|32/100
|-unboost|p1a: Gholdengo|spa|1
|-damage|p1a: Gholdengo|82/100|[from] item: Life Orb
|
|-heal|p2b: Dragonite|25/100|[from] Grassy Terrain
|-heal|p2a: Rillaboom|39/100|[from] Grassy Terrain
|-heal|p1a: Gholdengo|88/100|[from] Grassy Terrain
|-sideend|p2: Bolsa_25|move: Tailwind
|upkeep
|turn|6
|
|t:|1757089339
|move|p2b: Dragonite|Tailwind|p2b: Dragonite
|-sidestart|p2: Bolsa_25|move: Tailwind
|move|p2a: Rillaboom|High Horsepower|p1a: Gholdengo
|-supereffective|p1a: Gholdengo
|-damage|p1a: Gholdengo|14/100
|move|p1a: Gholdengo|Shadow Ball|p2a: Rillaboom
|-damage|p2a: Rillaboom|12/100
|-damage|p1a: Gholdengo|4/100|[from] item: Life Orb
|
|-heal|p2b: Dragonite|31/100|[from] Grassy Terrain
|-heal|p2a: Rillaboom|18/100|[from] Grassy Terrain
|-heal|p1a: Gholdengo|11/100|[from] Grassy Terrain
|upkeep
|turn|7
|-message|C0ozer forfeited.
|
|win|Bolsa_25
|l|☆C0ozer
|player|p1|
||C0ozer is ready for game 2.
||Bolsa_25 is ready for game 2.
|uhtml|next|Next: Game 2 of 3
