|j|☆XXX_AMONGUS_XXX69
|j|☆KChiefs7
|html|XXX_AMONGUS_XXX69KChiefs7    
|uhtml|bestof|Game 1 of a best-of-3
|t:|1756825754
|gametype|doubles
|player|p1|XXX_AMONGUS_XXX69|lady-gen6oras|1081
|player|p2|KChiefs7|swimmer-gen4|1047
|gen|9
|tier|[Gen 9] VGC 2025 Reg H (Bo3)
|rated|
|rule|Species Clause: Limit one of each Pokémon
|rule|Item Clause: Limit 1 of each item
|clearpoke
|poke|p1|Ursaluna, L50, M|
|poke|p1|Amoonguss, L50, F|
|poke|p1|Porygon2, L50|
|poke|p1|Incineroar, L50, F|
|poke|p1|Gholdengo, L50|
|poke|p1|Annihilape, L50, M|
|poke|p2|Ursaluna, L50, M|
|poke|p2|Gholdengo, L50|
|poke|p2|Flamigo, L50, M|
|poke|p2|Amoonguss, L50, M|
|poke|p2|Porygon2, L50|
|poke|p2|Incineroar, L50, F|
|teampreview|4
|showteam|p1|Ursaluna||FlameOrb|Guts|Facade,HeadlongRush,SwordsDance,Protect|||M|||50|,,,,,Flying]Amoonguss||CovertCloak|Regenerator|RagePowder,ClearSmog,PollenPuff,Spore|||F|||50|,,,,,Electric]Porygon2||Eviolite|Download|Recover,TeraBlast,IceBeam,TrickRoom||||||50|,,,,,Fighting]Incineroar||AssaultVest|Intimidate|Uturn,FlareBlitz,KnockOff,FakeOut|||F|||50|,,,,,Grass]Gholdengo||LifeOrb|GoodasGold|MakeItRain,ShadowBall,NastyPlot,Protect||||||50|,,,,,Dragon]Annihilape||SafetyGoggles|Defiant|DrainPunch,RageFist,BulkUp,Protect|||M|||50|,,,,,Water
|showteam|p2|Ursaluna||FlameOrb|Guts|Facade,HeadlongRush,Earthquake,Protect|||M|||50|,,,,,Ghost]Gholdengo||LifeOrb|GoodasGold|MakeItRain,ShadowBall,NastyPlot,Protect||||||50|,,,,,Water]Flamigo||FocusSash|Scrappy|Detect,CloseCombat,WideGuard,DualWingbeat|||M|||50|,,,,,Ghost]Amoonguss||CovertCloak|Regenerator|RagePowder,Spore,PollenPuff,ClearSmog|||M|||50|,,,,,Fairy]Porygon2||Eviolite|Download|TeraBlast,IceBeam,Recover,TrickRoom||||||50|,,,,,Fighting]Incineroar||SafetyGoggles|Intimidate|FlareBlitz,KnockOff,FakeOut,PartingShot|||F|||50|,,,,,Ghost
|inactive|Battle timer is ON: inactive players will automatically lose when time's up. (requested by KChiefs7)
|inactive|XXX_AMONGUS_XXX69 has 60 seconds left.
|inactive|KChiefs7 has 60 seconds left.
|inactive|XXX_AMONGUS_XXX69 has 30 seconds left.
|inactive|XXX_AMONGUS_XXX69 has 20 seconds left.
|
|t:|1756825825
|teamsize|p1|4
|teamsize|p2|4
|start
|switch|p1a: Incineroar|Incineroar, L50, F|100/100
|switch|p1b: Annihilape|Annihilape, L50, M|100/100
|switch|p2a: Flamigo|Flamigo, L50, M|100/100
|switch|p2b: Amoonguss|Amoonguss, L50, M|100/100
|-ability|p1a: Incineroar|Intimidate|boost
|-fail|p2a: Flamigo|unboost|Attack|[from] ability: Scrappy|[of] p2a: Flamigo
|-unboost|p2b: Amoonguss|atk|1
|turn|1
|inactive|XXX_AMONGUS_XXX69 has 30 seconds left.
|inactive|KChiefs7 has 30 seconds left.
|inactive|XXX_AMONGUS_XXX69 has 20 seconds left.
|inactive|KChiefs7 has 20 seconds left.
|inactive|XXX_AMONGUS_XXX69 has 15 seconds left.
|inactive|KChiefs7 has 15 seconds left.
|inactive|XXX_AMONGUS_XXX69 has 10 seconds left.
|inactive|KChiefs7 has 10 seconds left.
|inactive|KChiefs7 has 5 seconds left.
|
|t:|1756825875
|-terastallize|p2a: Flamigo|Ghost
|move|p1b: Annihilape|Bulk Up|p1b: Annihilape
|-boost|p1b: Annihilape|atk|1
|-boost|p1b: Annihilape|def|1
|move|p2a: Flamigo|Dual Wingbeat|p1b: Annihilape
|-supereffective|p1b: Annihilape
|-damage|p1b: Annihilape|68/100
|-supereffective|p1b: Annihilape
|-damage|p1b: Annihilape|39/100
|-hitcount|p1b: Annihilape|2
|move|p1a: Incineroar|Knock Off|p2b: Amoonguss
|-damage|p2b: Amoonguss|66/100
|-enditem|p2b: Amoonguss|Covert Cloak|[from] move: Knock Off|[of] p1a: Incineroar
|move|p2b: Amoonguss|Spore|p1a: Incineroar
|-status|p1a: Incineroar|slp|[from] move: Spore
|
|upkeep
|turn|2
|inactive|XXX_AMONGUS_XXX69 has 30 seconds left.
|inactive|KChiefs7 has 30 seconds left.
|
|t:|1756825904
|switch|p2b: Ursaluna|Ursaluna, L50, M|100/100
|move|p1b: Annihilape|Rage Fist|p2a: Flamigo
|-supereffective|p2a: Flamigo
|-enditem|p2a: Flamigo|Focus Sash
|-damage|p2a: Flamigo|1/100
|move|p2a: Flamigo|Dual Wingbeat|p1b: Annihilape
|-supereffective|p1b: Annihilape
|-damage|p1b: Annihilape|9/100
|-supereffective|p1b: Annihilape
|-damage|p1b: Annihilape|0 fnt
|faint|p1b: Annihilape
|-hitcount|p1: Annihilape|2
|cant|p1a: Incineroar|slp
|
|-status|p2b: Ursaluna|brn|[from] item: Flame Orb
|upkeep
|
|t:|1756825924
|switch|p1b: Porygon2|Porygon2, L50|100/100
|-ability|p1b: Porygon2|Download|boost
|-boost|p1b: Porygon2|spa|1
|turn|3
|
|t:|1756825940
|move|p2b: Ursaluna|Protect|p2b: Ursaluna
|-singleturn|p2b: Ursaluna|Protect
|move|p2a: Flamigo|Close Combat|p1a: Incineroar
|-supereffective|p1a: Incineroar
|-damage|p1a: Incineroar|0 fnt
|-unboost|p2a: Flamigo|def|1
|-unboost|p2a: Flamigo|spd|1
|faint|p1a: Incineroar
|move|p1b: Porygon2|Ice Beam|p2b: Ursaluna
|-activate|p2b: Ursaluna|move: Protect
|
|-damage|p2b: Ursaluna|95/100 brn|[from] brn
|upkeep
|
|t:|1756825944
|switch|p1a: Ursaluna|Ursaluna, L50, M|100/100
|turn|4
|
|t:|1756825958
|switch|p2b: Porygon2|Porygon2, L50|100/100
|-ability|p2b: Porygon2|Download|boost
|-boost|p2b: Porygon2|spa|1
|move|p2a: Flamigo|Close Combat|p1b: Porygon2
|-supereffective|p1b: Porygon2
|-damage|p1b: Porygon2|28/100
|-unboost|p2a: Flamigo|def|1
|-unboost|p2a: Flamigo|spd|1
|move|p1b: Porygon2|Ice Beam|p2a: Flamigo
|-crit|p2a: Flamigo
|-damage|p2a: Flamigo|0 fnt
|faint|p2a: Flamigo
|move|p1a: Ursaluna|Headlong Rush|p2b: Porygon2
|-damage|p2b: Porygon2|57/100
|-unboost|p1a: Ursaluna|def|1
|-unboost|p1a: Ursaluna|spd|1
|
|-status|p1a: Ursaluna|brn|[from] item: Flame Orb
|upkeep
|
|t:|1756825977
|switch|p2a: Amoonguss|Amoonguss, L50, M|99/100
|turn|5
|
|t:|1756825996
|move|p2a: Amoonguss|Rage Powder|p2a: Amoonguss
|-singleturn|p2a: Amoonguss|move: Rage Powder
|move|p1b: Porygon2|Ice Beam|p2a: Amoonguss
|-supereffective|p2a: Amoonguss
|-damage|p2a: Amoonguss|37/100
|move|p1a: Ursaluna|Facade|p2a: Amoonguss
|-damage|p2a: Amoonguss|0 fnt
|faint|p2a: Amoonguss
|move|p2b: Porygon2|Trick Room|p2b: Porygon2
|-fieldstart|move: Trick Room|[of] p2b: Porygon2
|
|-damage|p1a: Ursaluna|95/100 brn|[from] brn
|upkeep
|
|t:|1756826004
|switch|p2a: Ursaluna|Ursaluna, L50, M|95/100 brn
|turn|6
|
|t:|1756826028
|move|p2a: Ursaluna|Protect|p2a: Ursaluna
|-singleturn|p2a: Ursaluna|Protect
|move|p1a: Ursaluna|Facade|p2a: Ursaluna
|-activate|p2a: Ursaluna|move: Protect
|move|p1b: Porygon2|Ice Beam|p2a: Ursaluna
|-activate|p2a: Ursaluna|move: Protect
|move|p2b: Porygon2|Ice Beam|p1b: Porygon2
|-damage|p1b: Porygon2|0 fnt
|faint|p1b: Porygon2
|
|-damage|p2a: Ursaluna|89/100 brn|[from] brn
|-damage|p1a: Ursaluna|89/100 brn|[from] brn
|upkeep
|turn|7
|
|t:|1756826048
|move|p2a: Ursaluna|Facade|p1a: Ursaluna
|-damage|p1a: Ursaluna|0 fnt
|faint|p1a: Ursaluna
|
|win|KChiefs7
||KChiefs7 is ready for game 2.
||XXX_AMONGUS_XXX69 is ready for game 2.
|uhtml|next|Next: Game 2 of 3
