|j|☆shrithegreat
|j|☆bobsparents
|html|shrithegreatbobsparents    
|uhtml|bestof|Game 2 of a best-of-3
|t:|1784332557
|gametype|doubles
|player|p1|shrithegreat|265|1128
|player|p2|bobsparents|cynthia|1128
|gen|9
|tier|[Gen 9 Champions] VGC 2026 Reg M-B (Bo3)
|rated|
|rule|Species Clause: Limit one of each Pokémon
|rule|Item Clause: Limit 1 of each item
|clearpoke
|poke|p1|Gengar, L50, M|
|poke|p1|Politoed, L50, M|
|poke|p1|Floette-Eternal, L50, F|
|poke|p1|Palafin, L50, F|
|poke|p1|Incineroar, L50, M|
|poke|p1|Sinistcha, L50|
|poke|p2|Kangaskhan, L50, F|
|poke|p2|Farigiraf, L50, M|
|poke|p2|Chandelure, L50, M|
|poke|p2|Avalugg-Hisui, L50, F|
|poke|p2|Decidueye-Hisui, L50, F|
|poke|p2|Kingambit, L50, F|
|teampreview|4
|showteam|p1|Gengar||Gengarite|CursedBody|Protect,PerishSong,Disable,ShadowBall|Modest||M|||50|]Politoed||SitrusBerry|Drizzle|Protect,PerishSong,WeatherBall,Encore|Calm||M|||50|]Floette-Eternal||Floettite|Symbiosis|Protect,CalmMind,Moonblast,DrainingKiss|Timid||F|||50|]Palafin||MysticWater|ZerotoHero|Protect,JetPunch,WaveCrash,CloseCombat|Adamant||F|||50|]Incineroar||PasshoBerry|Intimidate|Protect,FakeOut,DarkestLariat,PartingShot|Adamant||M|||50|]Sinistcha||ColburBerry|Hospitality|Protect,RagePowder,MatchaGotcha,TrickRoom|Calm|||||50|
|showteam|p2|Kangaskhan||Kangaskhanite|Scrappy|DoubleEdge,HammerArm,IcePunch,FakeOut|Brave||F|||50|]Farigiraf||SitrusBerry|ArmorTail|PsychicNoise,Thunderbolt,TrickRoom,Protect|Quiet||M|||50|]Chandelure||FocusSash|FlashFire|HeatWave,ShadowBall,TrickRoom,Protect|Quiet||M|||50|]Avalugg-Hisui||WideLens|Sturdy|RockSlide,MountainGale,BodyPress,WideGuard|Brave||F|||50|]Decidueye-Hisui||LifeOrb|Scrappy|CloseCombat,LeafBlade,BraveBird,Protect|Brave||F|||50|]Kingambit||BlackGlasses|Defiant|KowtowCleave,IronHead,SuckerPunch,SwordsDance|Brave||F|||50|
|inactive|Battle timer is ON: inactive players will automatically lose when time's up. (requested by shrithegreat)
|
|t:|1784332582
|teamsize|p1|4
|teamsize|p2|4
|start
|switch|p1a: Gengar|Gengar, L50, M|100/100
|switch|p1b: Sinistcha|Sinistcha, L50|100/100
|switch|p2a: Kangaskhan|Kangaskhan, L50, F|100/100
|switch|p2b: Decidueye|Decidueye-Hisui, L50, F|100/100
|turn|1
|
|t:|1784332606
|detailschange|p1a: Gengar|Gengar-Mega, L50, M
|-mega|p1a: Gengar|Gengar|Gengarite
|move|p1a: Gengar|Protect|p1a: Gengar
|-singleturn|p1a: Gengar|Protect
|move|p1b: Sinistcha|Protect|p1b: Sinistcha
|-singleturn|p1b: Sinistcha|Protect
|move|p2a: Kangaskhan|Fake Out|p1a: Gengar
|-activate|p1a: Gengar|move: Protect
|move|p2b: Decidueye|Brave Bird|p1b: Sinistcha
|-activate|p1b: Sinistcha|move: Protect
|
|upkeep
|turn|2
|inactive|bobsparents has 30 seconds left.
|inactive|bobsparents has 20 seconds left.
|inactive|bobsparents has 15 seconds left.
|
|t:|1784332649
|move|p1b: Sinistcha|Rage Powder|p1b: Sinistcha
|-singleturn|p1b: Sinistcha|move: Rage Powder
|move|p1a: Gengar|Disable|p2b: Decidueye
|-start|p2b: Decidueye|Disable|Brave Bird
|move|p2a: Kangaskhan|Double-Edge|p1b: Sinistcha
|-crit|p1b: Sinistcha
|-damage|p1b: Sinistcha|23/100
|-damage|p2a: Kangaskhan|78/100|[from] Recoil
|cant|p2b: Decidueye|Disable|Brave Bird
|
|upkeep
|turn|3
|inactive|bobsparents has 30 seconds left.
|inactive|bobsparents has 20 seconds left.
|
|t:|1784332686
|move|p1b: Sinistcha|Rage Powder|p1b: Sinistcha
|-singleturn|p1b: Sinistcha|move: Rage Powder
|move|p1a: Gengar|Perish Song|p1a: Gengar
|-start|p1a: Gengar|perish3|[silent]
|-start|p1b: Sinistcha|perish3|[silent]
|-start|p2a: Kangaskhan|perish3|[silent]
|-start|p2b: Decidueye|perish3|[silent]
|-fieldactivate|move: Perish Song
|move|p2a: Kangaskhan|Hammer Arm|p1b: Sinistcha
|-damage|p1b: Sinistcha|0 fnt
|-unboost|p2a: Kangaskhan|spe|1
|faint|p1b: Sinistcha
|move|p2b: Decidueye|Close Combat|p1a: Gengar
|-resisted|p1a: Gengar|1
|-crit|p1a: Gengar
|-damage|p1a: Gengar|20/100y
|-unboost|p2b: Decidueye|def|1
|-unboost|p2b: Decidueye|spd|1
|-damage|p2b: Decidueye|90/100|[from] item: Life Orb
|
|-start|p1a: Gengar|perish3
|-start|p2b: Decidueye|perish3
|-start|p2a: Kangaskhan|perish3
|upkeep
|
|t:|1784332704
|switch|p1b: Incineroar|Incineroar, L50, M|100/100
|-ability|p1b: Incineroar|Intimidate|boost
|-fail|p2a: Kangaskhan|unboost|Attack|[from] ability: Scrappy|[of] p2a: Kangaskhan
|-fail|p2b: Decidueye|unboost|Attack|[from] ability: Scrappy|[of] p2b: Decidueye
|turn|4
|
|t:|1784332724
|move|p1a: Gengar|Protect|p1a: Gengar
|-singleturn|p1a: Gengar|Protect
|move|p1b: Incineroar|Protect|p1b: Incineroar
|-singleturn|p1b: Incineroar|Protect
|move|p2b: Decidueye|Leaf Blade|p1a: Gengar
|-activate|p1a: Gengar|move: Protect
|move|p2a: Kangaskhan|Double-Edge|p1a: Gengar
|-activate|p1a: Gengar|move: Protect
|
|-start|p1a: Gengar|perish2
|-start|p2b: Decidueye|perish2
|-start|p2a: Kangaskhan|perish2
|upkeep
|turn|5
|inactive|bobsparents has 30 seconds left.
|inactive|bobsparents has 20 seconds left.
|inactive|bobsparents has 15 seconds left.
|inactive|bobsparents has 10 seconds left.
|
|t:|1784332771
|switch|p1a: Palafin|Palafin, L50, F|100/100
|detailschange|p2a: Kangaskhan|Kangaskhan-Mega, L50, F
|-mega|p2a: Kangaskhan|Kangaskhan|Kangaskhanite
|move|p1b: Incineroar|Parting Shot|p2a: Kangaskhan
|-unboost|p2a: Kangaskhan|atk|1
|-unboost|p2a: Kangaskhan|spa|1
|
|t:|1784332780
|switch|p1b: Gengar|Gengar-Mega, L50, M|20/100y|[from] Parting Shot
|move|p2b: Decidueye|Leaf Blade|p1a: Palafin
|-supereffective|p1a: Palafin|1
|-damage|p1a: Palafin|0 fnt
|faint|p1a: Palafin
|-damage|p2b: Decidueye|80/100|[from] item: Life Orb
|move|p2a: Kangaskhan|Hammer Arm|p1b: Gengar
|-immune|p1b: Gengar
|
|-end|p2b: Decidueye|Disable
|-start|p2b: Decidueye|perish1
|-start|p2a: Kangaskhan|perish1
|upkeep
|
|t:|1784332794
|switch|p1a: Incineroar|Incineroar, L50, M|100/100
|-ability|p1a: Incineroar|Intimidate|boost
|-unboost|p2a: Kangaskhan|atk|1
|-fail|p2b: Decidueye|unboost|Attack|[from] ability: Scrappy|[of] p2b: Decidueye
|turn|6
|
|t:|1784332807
|move|p1b: Gengar|Protect|p1b: Gengar
|-singleturn|p1b: Gengar|Protect
|move|p1a: Incineroar|Protect|p1a: Incineroar
|-singleturn|p1a: Incineroar|Protect
|move|p2b: Decidueye|Close Combat|p1a: Incineroar
|-activate|p1a: Incineroar|move: Protect
|move|p2a: Kangaskhan|Double-Edge|p1b: Gengar
|-activate|p1b: Gengar|move: Protect
|
|-start|p2b: Decidueye|perish0
|-start|p2a: Kangaskhan|perish0
|faint|p2b: Decidueye
|faint|p2a: Kangaskhan
|upkeep
|
|t:|1784332812
|switch|p2a: Kingambit|Kingambit, L50, F|100/100
|switch|p2b: Chandelure|Chandelure, L50, M|100/100
|turn|7
|inactive|shrithegreat has 30 seconds left.
|inactive|bobsparents has 30 seconds left.
|
|t:|1784332845
|move|p1b: Gengar|Shadow Ball|p2b: Chandelure
|-supereffective|p2b: Chandelure|1
|-enditem|p2b: Chandelure|Focus Sash
|-damage|p2b: Chandelure|1/100
|move|p1a: Incineroar|Darkest Lariat|p2b: Chandelure
|-supereffective|p2b: Chandelure|1
|-crit|p2b: Chandelure
|-damage|p2b: Chandelure|0 fnt
|faint|p2b: Chandelure
|move|p2a: Kingambit|Swords Dance|p2a: Kingambit
|-boost|p2a: Kingambit|atk|2
|
|upkeep
|turn|8
|
|t:|1784332864
|move|p1b: Gengar|Disable|p2a: Kingambit
|-start|p2a: Kingambit|Disable|Swords Dance
|move|p1a: Incineroar|Darkest Lariat|p2a: Kingambit
|-resisted|p2a: Kingambit|1
|-damage|p2a: Kingambit|87/100
|move|p2a: Kingambit|Kowtow Cleave|p1a: Incineroar
|-resisted|p1a: Incineroar|1
|-damage|p1a: Incineroar|46/100
|
|upkeep
|turn|9
|
|t:|1784332877
|move|p1b: Gengar|Shadow Ball|p2a: Kingambit
|-resisted|p2a: Kingambit|1
|-damage|p2a: Kingambit|64/100
|-unboost|p2a: Kingambit|spd|1
|-ability|p2a: Kingambit|Defiant|boost
|-boost|p2a: Kingambit|atk|2
|move|p1a: Incineroar|Darkest Lariat|p2a: Kingambit
|-resisted|p2a: Kingambit|1
|-damage|p2a: Kingambit|51/100
|move|p2a: Kingambit|Kowtow Cleave|p1a: Incineroar
|-resisted|p1a: Incineroar|1
|-damage|p1a: Incineroar|0 fnt
|faint|p1a: Incineroar
|
|upkeep
|turn|10
|
|t:|1784332890
|move|p1b: Gengar|Shadow Ball|p2a: Kingambit
|-resisted|p2a: Kingambit|1
|-damage|p2a: Kingambit|17/100
|move|p2a: Kingambit|Kowtow Cleave|p1b: Gengar
|-supereffective|p1b: Gengar|1
|-crit|p1b: Gengar
|-damage|p1b: Gengar|0 fnt
|faint|p1b: Gengar
|
|win|bobsparents
|raw|shrithegreat's rating: 1128 → 1103(-25 for losing)
|raw|bobsparents's rating: 1128 → 1153(+25 for winning)
