|j|☆sergio23perez
|j|☆Bujero A subir
|html|sergio23perezBujero A subir    
|uhtml|bestof|Game 1 of a best-of-3
|t:|1756493737
|gametype|doubles
|player|p1|sergio23perez|266|1141
|player|p2|Bujero A subir|acetrainercouple|1098
|gen|9
|tier|[Gen 9] VGC 2025 Reg H (Bo3)
|rated|
|rule|Species Clause: Limit one of each Pokémon
|rule|Item Clause: Limit 1 of each item
|clearpoke
|poke|p1|Jumpluff, L50, M|
|poke|p1|Charizard, L50, F|
|poke|p1|Porygon2, L50|
|poke|p1|Torkoal, L50, F|
|poke|p1|Incineroar, L50, M|
|poke|p1|Ursaluna, L50, M|
|poke|p2|Rillaboom, L50, M|
|poke|p2|Kingambit, L50, M|
|poke|p2|Sneasler, L50, M|
|poke|p2|Electabuzz, L50, M|
|poke|p2|Dragonite, L50, M|
|poke|p2|Volcarona, L50, F|
|teampreview|4
|showteam|p1|Jumpluff||CovertCloak|Chlorophyll|SleepPowder,SunnyDay,Tailwind,RagePowder|||M|||50|,,,,,Water]Charizard||ChoiceSpecs|SolarPower|AirSlash,HeatWave,Overheat,WeatherBall|||F|||50|,,,,,Ghost]Porygon2||Eviolite|Download|TeraBlast,IceBeam,Recover,TrickRoom||||||50|,,,,,Fighting]Torkoal||EjectPack|Drought|HelpingHand,Eruption,Overheat,Protect|||F|||50|,,,,,Fire]Incineroar||SafetyGoggles|Intimidate|FakeOut,PartingShot,FlareBlitz,KnockOff|||M|||50|,,,,,Ghost]Ursaluna||FlameOrb|Guts|HeadlongRush,Facade,Earthquake,Protect|||M|||50|,,,,,Ghost
|showteam|p2|Rillaboom||AssaultVest|GrassySurge|FakeOut,WoodHammer,HighHorsepower,GrassyGlide|||M|||50|,,,,,Fire]Kingambit||BlackGlasses|Defiant|KowtowCleave,SuckerPunch,SwordsDance,Protect|||M|||50|,,,,,Dark]Sneasler||GrassySeed|Unburden|CloseCombat,DireClaw,Protect,Coaching|||M|||50|,,,,,Stellar]Electabuzz||Eviolite|VitalSpirit|Electroweb,Taunt,FollowMe,Protect|||M|||50|,,,,,Dragon]Dragonite||LoadedDice|Multiscale|ScaleShot,Tailwind,Protect,Haze|||M|||50|,,,,,Fairy]Volcarona||CovertCloak|FlameBody|QuiverDance,TeraBlast,HeatWave,Protect|||F|||50|,,,,,Fairy
|inactive|Battle timer is ON: inactive players will automatically lose when time's up. (requested by sergio23perez)
|inactive|Bujero A subir has 60 seconds left.
|
|t:|1756493776
|teamsize|p1|4
|teamsize|p2|4
|start
|switch|p1a: Jumpluff|Jumpluff, L50, M|100/100
|switch|p1b: Torkoal|Torkoal, L50, F|100/100
|switch|p2a: Dragonite|Dragonite, L50, M, shiny|100/100
|switch|p2b: Electabuzz|Electabuzz, L50, M, shiny|100/100
|-weather|SunnyDay|[from] ability: Drought|[of] p1b: Torkoal
|turn|1
|inactive|Bujero A subir has 30 seconds left.
|inactive|Bujero A subir has 20 seconds left.
|
|t:|1756493811
|move|p2b: Electabuzz|Follow Me|p2b: Electabuzz
|-singleturn|p2b: Electabuzz|move: Follow Me
|move|p1a: Jumpluff|Tailwind|p1a: Jumpluff
|-sidestart|p1: sergio23perez|move: Tailwind
|move|p2a: Dragonite|Scale Shot|p1a: Jumpluff
|-damage|p1a: Jumpluff|81/100
|-damage|p1a: Jumpluff|63/100
|-damage|p1a: Jumpluff|45/100
|-damage|p1a: Jumpluff|28/100
|-damage|p1a: Jumpluff|8/100
|-hitcount|p1a: Jumpluff|5
|-unboost|p2a: Dragonite|def|1
|-boost|p2a: Dragonite|spe|1
|move|p1b: Torkoal|Overheat|p2b: Electabuzz
|-damage|p2b: Electabuzz|30/100
|-unboost|p1b: Torkoal|spa|2
|-enditem|p1b: Torkoal|Eject Pack
|
|t:|1756493818
|switch|p1b: Ursaluna|Ursaluna, L50, M|100/100
|
|-weather|SunnyDay|[upkeep]
|-status|p1b: Ursaluna|brn|[from] item: Flame Orb
|upkeep
|turn|2
|
|t:|1756493829
|switch|p1a: Torkoal|Torkoal, L50, F|100/100
|move|p2b: Electabuzz|Follow Me|p2b: Electabuzz
|-singleturn|p2b: Electabuzz|move: Follow Me
|move|p1b: Ursaluna|Facade|p2b: Electabuzz
|-damage|p2b: Electabuzz|0 fnt
|faint|p2b: Electabuzz
|move|p2a: Dragonite|Scale Shot|p1a: Torkoal
|-damage|p1a: Torkoal|88/100
|-damage|p1a: Torkoal|76/100
|-damage|p1a: Torkoal|64/100
|-damage|p1a: Torkoal|52/100
|-damage|p1a: Torkoal|41/100
|-hitcount|p1a: Torkoal|5
|-unboost|p2a: Dragonite|def|1
|-boost|p2a: Dragonite|spe|1
|
|-weather|SunnyDay|[upkeep]
|-damage|p1b: Ursaluna|94/100 brn|[from] brn
|upkeep
|inactive|Bujero A subir has 30 seconds left.
|
|t:|1756493857
|switch|p2b: Rillaboom|Rillaboom, L50, M, shiny|100/100
|-fieldstart|move: Grassy Terrain|[from] ability: Grassy Surge|[of] p2b: Rillaboom
|turn|3
|
|t:|1756493877
|-terastallize|p1b: Ursaluna|Ghost
|-terastallize|p2b: Rillaboom|Fire
|move|p2b: Rillaboom|Grassy Glide|p1b: Ursaluna
|-damage|p1b: Ursaluna|63/100 brn
|move|p2a: Dragonite|Scale Shot|p1b: Ursaluna|[miss]
|-miss|p2a: Dragonite|p1b: Ursaluna
|move|p1b: Ursaluna|Facade|p2a: Dragonite
|-damage|p2a: Dragonite|0 fnt
|faint|p2a: Dragonite
|move|p1a: Torkoal|Overheat|p2b: Rillaboom|[miss]
|-miss|p1a: Torkoal|p2b: Rillaboom
|
|-weather|SunnyDay|[upkeep]
|-heal|p1b: Ursaluna|69/100 brn|[from] Grassy Terrain
|-heal|p1a: Torkoal|47/100|[from] Grassy Terrain
|-damage|p1b: Ursaluna|63/100 brn|[from] brn
|upkeep
|
|t:|1756493889
|switch|p2a: Sneasler|Sneasler, L50, M, shiny|100/100
|-enditem|p2a: Sneasler|Grassy Seed
|-boost|p2a: Sneasler|def|1|[from] item: Grassy Seed
|turn|4
|
|t:|1756493909
|move|p2b: Rillaboom|Grassy Glide|p1b: Ursaluna
|-damage|p1b: Ursaluna|34/100 brn
|move|p2a: Sneasler|Coaching|p2b: Rillaboom
|-boost|p2b: Rillaboom|atk|1
|-boost|p2b: Rillaboom|def|1
|move|p1b: Ursaluna|Facade|p2b: Rillaboom
|-damage|p2b: Rillaboom|25/100
|move|p1a: Torkoal|Overheat|p2a: Sneasler
|-damage|p2a: Sneasler|0 fnt
|-unboost|p1a: Torkoal|spa|2
|faint|p2a: Sneasler
|
|-weather|SunnyDay|[upkeep]
|-heal|p1b: Ursaluna|40/100 brn|[from] Grassy Terrain
|-heal|p2b: Rillaboom|31/100|[from] Grassy Terrain
|-heal|p1a: Torkoal|53/100|[from] Grassy Terrain
|-damage|p1b: Ursaluna|34/100 brn|[from] brn
|-sideend|p1: sergio23perez|move: Tailwind
|upkeep
|turn|5
|inactive|Bujero A subir has 30 seconds left.
|inactive|Bujero A subir has 20 seconds left.
|
|t:|1756493948
|switch|p1a: Jumpluff|Jumpluff, L50, M|8/100
|move|p1b: Ursaluna|Protect|p1b: Ursaluna
|-singleturn|p1b: Ursaluna|Protect
|move|p2b: Rillaboom|Grassy Glide|p1b: Ursaluna
|-activate|p1b: Ursaluna|move: Protect
|
|-weather|none
|-heal|p2b: Rillaboom|37/100|[from] Grassy Terrain
|-heal|p1b: Ursaluna|40/100 brn|[from] Grassy Terrain
|-damage|p1b: Ursaluna|34/100 brn|[from] brn
|upkeep
|turn|6
|
|t:|1756493969
|move|p1a: Jumpluff|Rage Powder|p1a: Jumpluff
|-singleturn|p1a: Jumpluff|move: Rage Powder
|move|p2b: Rillaboom|Grassy Glide|p1a: Jumpluff
|-resisted|p1a: Jumpluff
|-crit|p1a: Jumpluff
|-damage|p1a: Jumpluff|0 fnt
|faint|p1a: Jumpluff
|move|p1b: Ursaluna|Facade|p2b: Rillaboom
|-damage|p2b: Rillaboom|0 fnt
|faint|p2b: Rillaboom
|
|win|sergio23perez
||Bujero A subir is ready for game 2.
||sergio23perez is ready for game 2.
|uhtml|next|Next: Game 2 of 3
|l|☆Bujero A subir
|player|p2|
|j|☆Bujero A subir
|player|p2|Bujero A subir|acetrainercouple|
