|j|☆sebasbd04
|j|☆starlight74
|html|sebasbd04starlight74    
|uhtml|bestof|Game 1 of a best-of-3
|t:|1784085328
|gametype|doubles
|player|p1|sebasbd04|giovanni|1179
|player|p2|starlight74|anabel-gen7|1429
|gen|9
|tier|[Gen 9 Champions] VGC 2026 Reg M-B (Bo3)
|rated|
|rule|Species Clause: Limit one of each Pokémon
|rule|Item Clause: Limit 1 of each item
|clearpoke
|poke|p1|Garchomp, L50, F|
|poke|p1|Venusaur, L50, M|
|poke|p1|Incineroar, L50, F|
|poke|p1|Charizard, L50, F|
|poke|p1|Toxapex, L50, F|
|poke|p1|Annihilape, L50, M|
|poke|p2|Froslass, L50, F|
|poke|p2|Dragonite, L50, M|
|poke|p2|Sneasler, L50, M|
|poke|p2|Kingambit, L50, F|
|poke|p2|Blaziken, L50, M|
|poke|p2|Rotom-Wash, L50|
|teampreview|4
|showteam|p1|Garchomp||ChoiceScarf|RoughSkin|Earthquake,RockSlide,DragonClaw,StompingTantrum|Adamant||F|||50|]Venusaur||LifeOrb|Chlorophyll|SludgeBomb,SolarBeam,EarthPower,Protect|Modest||M|||50|]Incineroar||SitrusBerry|Intimidate|FakeOut,FlareBlitz,ThroatChop,PartingShot|Impish||F|||50|]Charizard||CharizarditeY|Blaze|HeatWave,WeatherBall,Protect,HelpingHand|Modest||F|||50|]Toxapex||Leftovers|Regenerator|Infestation,Toxic,WideGuard,BanefulBunker|Impish||F|||50|]Annihilape||FocusSash|Defiant|CloseCombat,PhantomForce,RockTomb,Protect|Jolly||M|||50|
|showteam|p2|Froslass||Froslassite|CursedBody|Blizzard,ShadowBall,AuroraVeil,Protect|Timid||F|||50|]Dragonite||LifeOrb|InnerFocus|DragonClaw,ExtremeSpeed,LowKick,Protect|Adamant||M|||50|]Sneasler||FocusSash|PoisonTouch|CloseCombat,PoisonJab,FakeOut,Protect|Jolly||M|||50|]Kingambit||BlackGlasses|Defiant|KowtowCleave,IronHead,SuckerPunch,Protect|Adamant||F|||50|]Blaziken||Blazikenite|SpeedBoost|CloseCombat,FlareBlitz,RockSlide,Protect|Adamant||M|||50|]Rotom-Wash||ChoiceScarf|Levitate|Thunderbolt,VoltSwitch,HydroPump,Trick|Timid|||||50|
|inactive|Battle timer is ON: inactive players will automatically lose when time's up. (requested by starlight74)
|inactive|sebasbd04 has 60 seconds left.
|inactive|sebasbd04 has 30 seconds left.
|inactive|sebasbd04 has 20 seconds left.
|inactive|sebasbd04 has 15 seconds left.
|
|t:|1784085408
|teamsize|p1|4
|teamsize|p2|4
|start
|switch|p1a: Charizard|Charizard, L50, F|100/100
|switch|p1b: Venusaur|Venusaur, L50, M|100/100
|switch|p2a: Rotom|Rotom-Wash, L50|100/100
|switch|p2b: Froslass|Froslass, L50, F|100/100
|turn|1
|inactive|starlight74 has 30 seconds left.
|inactive|starlight74 has 20 seconds left.
|inactive|starlight74 has 15 seconds left.
|inactive|starlight74 has 10 seconds left.
|inactive|starlight74 has 5 seconds left.
|
|t:|1784085459
|switch|p1b: Toxapex|Toxapex, L50, F|100/100
|move|p2b: Froslass|Protect|p2b: Froslass
|-singleturn|p2b: Froslass|Protect
|move|p1a: Charizard|Protect|p1a: Charizard
|-singleturn|p1a: Charizard|Protect
|move|p2a: Rotom|Hydro Pump|p1b: Toxapex
|-resisted|p1b: Toxapex|1
|-damage|p1b: Toxapex|82/100
|
|-heal|p1b: Toxapex|87/100|[from] item: Leftovers
|upkeep
|turn|2
|inactive|sebasbd04 has 30 seconds left.
|inactive|sebasbd04 has 20 seconds left.
|inactive|sebasbd04 has 15 seconds left.
|
|t:|1784085501
|switch|p2b: Dragonite|Dragonite, L50, M|100/100
|detailschange|p1a: Charizard|Charizard-Mega-Y, L50, F
|-mega|p1a: Charizard|Charizard|Charizardite Y
|-weather|SunnyDay|[from] ability: Drought|[of] p1a: Charizard
|move|p2a: Rotom|Hydro Pump|p1a: Charizard
|-supereffective|p1a: Charizard|1
|-damage|p1a: Charizard|52/100
|move|p1a: Charizard|Heat Wave|p2a: Rotom|[spread] p2a,p2b
|-resisted|p2a: Rotom|1
|-resisted|p2b: Dragonite|1
|-damage|p2a: Rotom|62/100
|-damage|p2b: Dragonite|74/100
|-status|p2b: Dragonite|brn
|move|p1b: Toxapex|Toxic|p2a: Rotom
|-status|p2a: Rotom|tox
|
|-weather|SunnyDay|[upkeep]
|-heal|p1b: Toxapex|93/100|[from] item: Leftovers
|-damage|p2a: Rotom|56/100 tox|[from] psn
|-damage|p2b: Dragonite|68/100 brn|[from] brn
|upkeep
|turn|3
|inactive|sebasbd04 has 30 seconds left.
|inactive|sebasbd04 has 20 seconds left.
|
|t:|1784085538
|switch|p1a: Garchomp|Garchomp, L50, F|100/100
|move|p2b: Dragonite|Extreme Speed|p1a: Garchomp
|-damage|p1a: Garchomp|79/100
|-damage|p2b: Dragonite|56/100 brn|[from] ability: Rough Skin|[of] p1a: Garchomp
|-damage|p2b: Dragonite|46/100 brn|[from] item: Life Orb
|move|p2a: Rotom|Hydro Pump|p1a: Garchomp
|-damage|p1a: Garchomp|53/100
|move|p1b: Toxapex|Infestation|p2a: Rotom
|-damage|p2a: Rotom|52/100 tox
|-activate|p2a: Rotom|move: Infestation|[of] p1b: Toxapex
|
|-weather|SunnyDay|[upkeep]
|-heal|p1b: Toxapex|99/100|[from] item: Leftovers
|-damage|p2a: Rotom|41/100 tox|[from] psn
|-damage|p2b: Dragonite|40/100 brn|[from] brn
|-damage|p2a: Rotom|29/100 tox|[from] move: Infestation|[partiallytrapped]
|upkeep
|turn|4
|inactive|sebasbd04 has 30 seconds left.
|
|t:|1784085568
|move|p2b: Dragonite|Protect|p2b: Dragonite
|-singleturn|p2b: Dragonite|Protect
|move|p1a: Garchomp|Rock Slide|p2a: Rotom|[spread] p2a
|-activate|p2b: Dragonite|move: Protect
|-damage|p2a: Rotom|3/100 tox
|move|p2a: Rotom|Hydro Pump|p1a: Garchomp
|-damage|p1a: Garchomp|25/100
|move|p1b: Toxapex|Infestation|p2b: Dragonite
|-activate|p2b: Dragonite|move: Protect
|
|-weather|SunnyDay|[upkeep]
|-heal|p1b: Toxapex|100/100|[from] item: Leftovers
|-damage|p2a: Rotom|0 fnt|[from] psn
|faint|p2a: Rotom
|-damage|p2b: Dragonite|34/100 brn|[from] brn
|upkeep
|
|t:|1784085580
|switch|p2a: Froslass|Froslass, L50, F|100/100
|turn|5
|
|t:|1784085596
|switch|p2b: Kingambit|Kingambit, L50, F|100/100
|move|p1a: Garchomp|Rock Slide|p2b: Kingambit|[spread] p2a,p2b
|-supereffective|p2a: Froslass|1
|-resisted|p2b: Kingambit|1
|-damage|p2a: Froslass|52/100
|-damage|p2b: Kingambit|92/100
|-start|p1a: Garchomp|Disable|Rock Slide|[from] ability: Cursed Body|[of] p2a: Froslass
|move|p2a: Froslass|Shadow Ball|p1a: Garchomp
|-damage|p1a: Garchomp|0 fnt
|faint|p1a: Garchomp
|move|p1b: Toxapex|Toxic|p2a: Froslass
|-status|p2a: Froslass|tox
|
|-weather|SunnyDay|[upkeep]
|-damage|p2a: Froslass|46/100 tox|[from] psn
|upkeep
|
|t:|1784085612
|switch|p1a: Venusaur|Venusaur, L50, M|100/100
|turn|6
|
|t:|1784085618
|move|p1a: Venusaur|Protect|p1a: Venusaur
|-singleturn|p1a: Venusaur|Protect
|move|p2a: Froslass|Protect|p2a: Froslass
|-singleturn|p2a: Froslass|Protect
|move|p2b: Kingambit|Kowtow Cleave|p1a: Venusaur
|-activate|p1a: Venusaur|move: Protect
|move|p1b: Toxapex|Infestation|p2a: Froslass
|-activate|p2a: Froslass|move: Protect
|
|-weather|none
|-damage|p2a: Froslass|34/100 tox|[from] psn
|upkeep
|turn|7
|inactive|sebasbd04 has 30 seconds left.
|
|t:|1784085644
|switch|p1a: Charizard|Charizard-Mega-Y, L50, F|52/100
|-weather|SunnyDay|[from] ability: Drought|[of] p1a: Charizard
|detailschange|p2a: Froslass|Froslass-Mega, L50, F
|-mega|p2a: Froslass|Froslass|Froslassite
|-weather|Snowscape|[from] ability: Snow Warning|[of] p2a: Froslass
|move|p2b: Kingambit|Sucker Punch||[still]
|-fail|p2b: Kingambit
|move|p2a: Froslass|Blizzard|p1a: Charizard|[spread] p1a,p1b
|-resisted|p1b: Toxapex|1
|-damage|p1a: Charizard|18/100
|-damage|p1b: Toxapex|85/100
|move|p1b: Toxapex|Infestation|p2a: Froslass
|-resisted|p2a: Froslass|1
|-damage|p2a: Froslass|33/100 tox
|-activate|p2a: Froslass|move: Infestation|[of] p1b: Toxapex
|
|-weather|Snowscape|[upkeep]
|-heal|p1b: Toxapex|91/100|[from] item: Leftovers
|-damage|p2a: Froslass|15/100 tox|[from] psn
|-damage|p2a: Froslass|3/100 tox|[from] move: Infestation|[partiallytrapped]
|upkeep
|turn|8
|inactive|sebasbd04 has 30 seconds left.
|
|t:|1784085669
|switch|p2a: Dragonite|Dragonite, L50, M|34/100 brn
|switch|p1a: Venusaur|Venusaur, L50, M|100/100
|move|p1b: Toxapex|Wide Guard|p1b: Toxapex
|-singleturn|p1b: Toxapex|Wide Guard
|move|p2b: Kingambit|Kowtow Cleave|p1b: Toxapex
|-damage|p1b: Toxapex|48/100
|
|-weather|Snowscape|[upkeep]
|-heal|p1b: Toxapex|54/100|[from] item: Leftovers
|-damage|p2a: Dragonite|28/100 brn|[from] brn
|upkeep
|turn|9
|
|t:|1784085690
|move|p2b: Kingambit|Protect|p2b: Kingambit
|-singleturn|p2b: Kingambit|Protect
|move|p1b: Toxapex|Baneful Bunker|p1b: Toxapex
|-singleturn|p1b: Toxapex|move: Protect
|move|p1a: Venusaur|Earth Power|p2b: Kingambit
|-activate|p2b: Kingambit|move: Protect
|move|p2a: Dragonite|Dragon Claw|p1a: Venusaur
|-damage|p1a: Venusaur|66/100
|-damage|p2a: Dragonite|18/100 brn|[from] item: Life Orb
|
|-weather|Snowscape|[upkeep]
|-heal|p1b: Toxapex|59/100|[from] item: Leftovers
|-damage|p2a: Dragonite|12/100 brn|[from] brn
|upkeep
|turn|10
|
|t:|1784085711
|move|p2a: Dragonite|Extreme Speed|p1a: Venusaur
|-damage|p1a: Venusaur|42/100
|-damage|p2a: Dragonite|3/100 brn|[from] item: Life Orb
|move|p2b: Kingambit|Sucker Punch|p1a: Venusaur
|-damage|p1a: Venusaur|0 fnt
|faint|p1a: Venusaur
|move|p1b: Toxapex|Infestation|p2a: Dragonite
|-resisted|p2a: Dragonite|1
|-damage|p2a: Dragonite|2/100 brn
|-activate|p2a: Dragonite|move: Infestation|[of] p1b: Toxapex
|
|-weather|Snowscape|[upkeep]
|-heal|p1b: Toxapex|65/100|[from] item: Leftovers
|-damage|p2a: Dragonite|0 fnt|[from] brn
|faint|p2a: Dragonite
|upkeep
|
|t:|1784085726
|switch|p1a: Charizard|Charizard-Mega-Y, L50, F|18/100
|switch|p2a: Froslass|Froslass-Mega, L50, F|3/100 tox
|-weather|SunnyDay|[from] ability: Drought|[of] p1a: Charizard
|turn|11
|
|t:|1784085743
|move|p1a: Charizard|Protect|p1a: Charizard
|-singleturn|p1a: Charizard|Protect
|move|p2a: Froslass|Shadow Ball|p1a: Charizard
|-activate|p1a: Charizard|move: Protect
|move|p2b: Kingambit|Kowtow Cleave|p1b: Toxapex
|-crit|p1b: Toxapex
|-damage|p1b: Toxapex|7/100
|move|p1b: Toxapex|Infestation|p2b: Kingambit
|-damage|p2b: Kingambit|89/100
|-activate|p2b: Kingambit|move: Infestation|[of] p1b: Toxapex
|
|-weather|SunnyDay|[upkeep]
|-heal|p1b: Toxapex|13/100|[from] item: Leftovers
|-damage|p2a: Froslass|0 fnt|[from] psn
|faint|p2a: Froslass
|-damage|p2b: Kingambit|77/100|[from] move: Infestation|[partiallytrapped]
|upkeep
|turn|12
|inactive|sebasbd04 has 30 seconds left.
|
|t:|1784085772
|move|p1a: Charizard|Helping Hand|p1b: Toxapex
|-singleturn|p1b: Toxapex|Helping Hand|[of] p1a: Charizard
|move|p2b: Kingambit|Kowtow Cleave|p1a: Charizard
|-damage|p1a: Charizard|0 fnt
|faint|p1a: Charizard
|move|p1b: Toxapex|Infestation|p2b: Kingambit
|-damage|p2b: Kingambit|73/100
|
|-weather|SunnyDay|[upkeep]
|-heal|p1b: Toxapex|19/100|[from] item: Leftovers
|-damage|p2b: Kingambit|61/100|[from] move: Infestation|[partiallytrapped]
|upkeep
|turn|13
|
|t:|1784085778
|move|p1b: Toxapex|Baneful Bunker|p1b: Toxapex
|-singleturn|p1b: Toxapex|move: Protect
|move|p2b: Kingambit|Kowtow Cleave|p1b: Toxapex
|-activate|p1b: Toxapex|move: Protect
|
|-weather|SunnyDay|[upkeep]
|-heal|p1b: Toxapex|24/100|[from] item: Leftovers
|-damage|p2b: Kingambit|49/100|[from] move: Infestation|[partiallytrapped]
|upkeep
|turn|14
|
|t:|1784085790
|move|p2b: Kingambit|Kowtow Cleave|p1b: Toxapex
|-damage|p1b: Toxapex|0 fnt
|faint|p1b: Toxapex
|
|win|starlight74
