|j|☆Doomnik
|j|☆White meth
|html|DoomnikWhite meth    
|uhtml|bestof|Game 3 of a best-of-3
|t:|1786035982
|gametype|doubles
|player|p1|Doomnik|volkner|
|player|p2|White meth|dawn|
|gen|9
|tier|[Gen 9 Champions] VGC 2026 Reg M-B (Bo3)
|rule|Species Clause: Limit one of each Pokémon
|rule|Item Clause: Limit 1 of each item
|clearpoke
|poke|p1|Tyranitar, L50, M|
|poke|p1|Staraptor, L50, M|
|poke|p1|Gholdengo, L50|
|poke|p1|Excadrill, L50, M|
|poke|p1|Sinistcha, L50|
|poke|p1|Milotic, L50, M|
|poke|p2|Kingambit, L50, F|
|poke|p2|Ninetales-Alola, L50, F|
|poke|p2|Incineroar, L50, F|
|poke|p2|Dragonite, L50, F|
|poke|p2|Sneasler, L50, F|
|poke|p2|Gengar, L50, M|
|teampreview|4
|showteam|p1|Tyranitar||Tyranitarite|SandStream|KnockOff,RockSlide,Protect,LowKick|Jolly||M|||50|]Staraptor||Staraptite|Intimidate|DualWingbeat,CloseCombat,Protect,Tailwind|Jolly||M|||50|]Gholdengo||LifeOrb|GoodasGold|MakeItRain,NastyPlot,Protect,ShadowBall|Timid|||||50|]Excadrill||FocusSash|SandRush|HighHorsepower,IronHead,RockSlide,Protect|Adamant||M|||50|]Sinistcha||SitrusBerry|Hospitality|MatchaGotcha,RagePowder,ShadowBall,Protect|Calm|||||50|]Milotic||Leftovers|Competitive|Scald,IcyWind,Protect,IceBeam|Modest||M|||50|
|showteam|p2|Kingambit||BlackGlasses|Defiant|KowtowCleave,SuckerPunch,LowKick,Protect|Adamant||F|||50|]Ninetales-Alola||ChoiceScarf|SnowWarning|Blizzard,FreezeDry,IcyWind,Encore|Timid||F|||50|]Incineroar||SitrusBerry|Intimidate|FlareBlitz,ThroatChop,FakeOut,PartingShot|Impish||F|||50|]Dragonite||LifeOrb|InnerFocus|DragonClaw,Superpower,ExtremeSpeed,Protect|Adamant||F|||50|]Sneasler||FocusSash|Unburden|CloseCombat,DireClaw,RockSlide,Protect|Adamant||F|||50|]Gengar||Gengarite|CursedBody|SludgeBomb,ShadowBall,Substitute,Protect|Modest||M|||50|
|inactive|Battle timer is ON: inactive players will automatically lose when time's up. (requested by Doomnik)
|j| crudo de fava
|j| CiccioCT29
|l| crudo de fava
|j| crudo de fava
|j| Sela133VII
|inactive|Doomnik has 60 seconds left.
|inactive|White meth has 60 seconds left.
|j| Shmon
|inactive|Doomnik has 30 seconds left.
|inactive|White meth has 30 seconds left.
|inactive|White meth has 20 seconds left.
|inactive|White meth has 15 seconds left.
|inactive|White meth has 10 seconds left.
|inactive|White meth has 5 seconds left.
|
|t:|1786036070
|teamsize|p1|4
|teamsize|p2|4
|start
|switch|p1a: Sinistcha|Sinistcha, L50|100/100
|switch|p1b: Gholdengo|Gholdengo, L50|100/100
|switch|p2a: Gengar|Gengar, L50, M|100/100
|switch|p2b: Sneasler|Sneasler, L50, F|100/100
|turn|1
|inactive|White meth has 30 seconds left.
|j| BouncyJoltik
|inactive|White meth has 20 seconds left.
|
|t:|1786036107
|detailschange|p2a: Gengar|Gengar-Mega, L50, M
|-mega|p2a: Gengar|Gengar|Gengarite
|move|p2a: Gengar|Substitute|p2a: Gengar
|-start|p2a: Gengar|Substitute
|-damage|p2a: Gengar|75/100
|move|p2b: Sneasler|Dire Claw|p1a: Sinistcha
|-damage|p1a: Sinistcha|61/100
|move|p1b: Gholdengo|Nasty Plot|p1b: Gholdengo
|-boost|p1b: Gholdengo|spa|2
|move|p1a: Sinistcha|Shadow Ball|p2a: Gengar
|-supereffective|p2a: Gengar|1
|-end|p2a: Gengar|Substitute
|
|upkeep
|turn|2
|inactive|Doomnik has 30 seconds left.
|inactive|White meth has 30 seconds left.
|inactive|White meth has 20 seconds left.
|inactive|White meth has 15 seconds left.
|inactive|White meth has 10 seconds left.
|
|t:|1786036154
|switch|p2b: Incineroar|Incineroar, L50, F|100/100
|-ability|p2b: Incineroar|Intimidate|boost
|-unboost|p1a: Sinistcha|atk|1
|-unboost|p1b: Gholdengo|atk|1
|move|p2a: Gengar|Protect|p2a: Gengar
|-singleturn|p2a: Gengar|Protect
|move|p1a: Sinistcha|Rage Powder|p1a: Sinistcha
|-singleturn|p1a: Sinistcha|move: Rage Powder
|move|p1b: Gholdengo|Shadow Ball|p2a: Gengar
|-activate|p2a: Gengar|move: Protect
|
|upkeep
|turn|3
|inactive|White meth has 30 seconds left.
|inactive|Doomnik has 30 seconds left.
|
|t:|1786036190
|move|p1b: Gholdengo|Protect|p1b: Gholdengo
|-singleturn|p1b: Gholdengo|Protect
|move|p1a: Sinistcha|Rage Powder|p1a: Sinistcha
|-singleturn|p1a: Sinistcha|move: Rage Powder
|move|p2a: Gengar|Substitute|p2a: Gengar
|-start|p2a: Gengar|Substitute
|-damage|p2a: Gengar|50/100g
|move|p2b: Incineroar|Flare Blitz|p1a: Sinistcha
|-supereffective|p1a: Sinistcha|1
|-damage|p1a: Sinistcha|0 fnt
|faint|p1a: Sinistcha
|-damage|p2b: Incineroar|82/100|[from] Recoil
|
|upkeep
|
|t:|1786036193
|switch|p1a: Staraptor|Staraptor, L50, M|100/100
|-ability|p1a: Staraptor|Intimidate|boost
|-immune|p2a: Gengar
|-unboost|p2b: Incineroar|atk|1
|turn|4
|inactive|Doomnik has 30 seconds left.
|inactive|White meth has 30 seconds left.
|
|t:|1786036227
|switch|p1b: Milotic|Milotic, L50, M|100/100
|switch|p2b: Ninetales|Ninetales-Alola, L50, F|100/100
|-weather|Snowscape|[from] ability: Snow Warning|[of] p2b: Ninetales
|detailschange|p1a: Staraptor|Staraptor-Mega, L50, M
|-mega|p1a: Staraptor|Staraptor|Staraptite
|move|p2a: Gengar|Shadow Ball|p1b: Milotic
|-damage|p1b: Milotic|60/100
|move|p1a: Staraptor|Tailwind|p1a: Staraptor
|-sidestart|p1: Doomnik|move: Tailwind
|
|-weather|Snowscape|[upkeep]
|-heal|p1b: Milotic|66/100|[from] item: Leftovers
|upkeep
|turn|5
|inactive|Doomnik has 30 seconds left.
|inactive|White meth has 30 seconds left.
|inactive|White meth has 20 seconds left.
|inactive|Doomnik has 20 seconds left.
|inactive|White meth has 15 seconds left.
|inactive|White meth has 10 seconds left.
|
|t:|1786036272
|move|p2a: Gengar|Protect|p2a: Gengar
|-singleturn|p2a: Gengar|Protect
|move|p1a: Staraptor|Dual Wingbeat|p2a: Gengar
|-activate|p2a: Gengar|move: Protect
|move|p2b: Ninetales|Blizzard|p1a: Staraptor|[spread] p1a,p1b
|-supereffective|p1a: Staraptor|1
|-resisted|p1b: Milotic|1
|-damage|p1a: Staraptor|30/100
|-damage|p1b: Milotic|55/100
|move|p1b: Milotic|Scald|p2a: Gengar
|-activate|p2a: Gengar|move: Protect
|
|-weather|Snowscape|[upkeep]
|-heal|p1b: Milotic|61/100|[from] item: Leftovers
|upkeep
|turn|6
|inactive|Doomnik has 30 seconds left.
|
|t:|1786036299
|move|p1a: Staraptor|Protect|p1a: Staraptor
|-singleturn|p1a: Staraptor|Protect
|move|p2b: Ninetales|Blizzard|p1b: Milotic|[spread] p1b
|-activate|p1a: Staraptor|move: Protect
|-resisted|p1b: Milotic|1
|-damage|p1b: Milotic|50/100y
|move|p1b: Milotic|Scald|p2b: Ninetales
|-damage|p2b: Ninetales|62/100
|move|p2a: Gengar|Sludge Bomb|p1b: Milotic
|-damage|p1b: Milotic|7/100
|-status|p1b: Milotic|psn
|
|-weather|Snowscape|[upkeep]
|-heal|p1b: Milotic|13/100 psn|[from] item: Leftovers
|-damage|p1b: Milotic|1/100 psn|[from] psn
|upkeep
|turn|7
|
|t:|1786036314
|move|p2a: Gengar|Protect|p2a: Gengar
|-singleturn|p2a: Gengar|Protect
|move|p1a: Staraptor|Close Combat|p2b: Ninetales
|-damage|p2b: Ninetales|3/100
|-boost|p1a: Staraptor|def|1
|-boost|p1a: Staraptor|spd|1
|move|p2b: Ninetales|Blizzard|p1b: Milotic|[spread] p1a,p1b
|-supereffective|p1a: Staraptor|1
|-resisted|p1b: Milotic|1
|-damage|p1a: Staraptor|0 fnt
|-damage|p1b: Milotic|0 fnt
|faint|p1a: Staraptor
|faint|p1b: Milotic
|
|-weather|Snowscape|[upkeep]
|-sideend|p1: Doomnik|move: Tailwind
|upkeep
|l| crudo de fava
|
|t:|1786036324
|switch|p1b: Gholdengo|Gholdengo, L50|100/100
|turn|8
|c|☆Doomnik|ggs
|
|t:|1786036329
|move|p2b: Ninetales|Blizzard|p1b: Gholdengo
|-resisted|p1b: Gholdengo|1
|-damage|p1b: Gholdengo|80/100
|-status|p1b: Gholdengo|frz
|move|p2a: Gengar|Shadow Ball|p1b: Gholdengo
|-supereffective|p1b: Gholdengo|1
|-damage|p1b: Gholdengo|0 fnt
|faint|p1b: Gholdengo
|
|win|White meth
|j| crudo de fava
|c|☆White meth|ggs
|l| crudo de fava
|l| CiccioCT29
|l| Sela133VII
|l| Shmon
|l| BouncyJoltik
