|j|☆strawhatronin
|j|☆Nicepoo
|html|strawhatroninNicepoo    
|uhtml|bestof|Game 2 of a best-of-3
|t:|1783714475
|gametype|doubles
|player|p1|strawhatronin|morty|1034
|player|p2|Nicepoo|169|1021
|gen|9
|tier|[Gen 9 Champions] VGC 2026 Reg M-B (Bo3)
|rated|
|rule|Species Clause: Limit one of each Pokémon
|rule|Item Clause: Limit 1 of each item
|clearpoke
|poke|p1|Pelipper, L50, M|
|poke|p1|Gengar, L50, M|
|poke|p1|Incineroar, L50, F|
|poke|p1|Archaludon, L50, F|
|poke|p1|Maushold, L50|
|poke|p1|Raichu, L50, F|
|poke|p2|Mawile, L50, M|
|poke|p2|Rotom-Wash, L50|
|poke|p2|Overqwil, L50, M|
|poke|p2|Scizor, L50, F|
|poke|p2|Sableye, L50, F|
|poke|p2|Blastoise, L50, F|
|teampreview|4
|showteam|p1|Pelipper||FocusSash|Drizzle|WideGuard,Tailwind,WeatherBall,Hurricane|Timid||M|||50|]Gengar||Gengarite|CursedBody|Protect,PerishSong,ShadowBall,SludgeBomb|Timid||M|||50|]Incineroar||SitrusBerry|Intimidate|Protect,FakeOut,PartingShot,FlareBlitz|Adamant||F|||50|]Archaludon||Leftovers|Stamina|Protect,ElectroShot,FlashCannon,DragonPulse|Modest||F|||50|]Maushold||ChopleBerry|FriendGuard|Protect,FollowMe,BeatUp,SuperFang|Jolly|||||50|]Raichu||RaichuniteX|Static|Protect,FakeOut,VoltSwitch,RisingVoltage|Timid||F|||50|
|showteam|p2|Mawile||Mawilite|Intimidate|SuckerPunch,PlayRough,IronHead,Protect|Adamant||M|||50|]Rotom-Wash||LifeOrb|Levitate|HydroPump,Thunderbolt,VoltSwitch,ThunderWave|Modest|||||50|]Overqwil||Leftovers|SwiftSwim|BarbBarrage,ThroatChop,AquaJet,Protect|Adamant||M|||50|]Scizor||OccaBerry|Technician|BulletPunch,BugBite,Trailblaze,Tailwind|Impish||F|||50|]Sableye||SitrusBerry|Prankster|Quash,FakeOut,KnockOff,RainDance|Careful||F|||50|]Blastoise||Blastoisinite|RainDish|AuraSphere,FlipTurn,WaterSpout,FakeOut|Quiet||F|||50|
|inactive|Battle timer is ON: inactive players will automatically lose when time's up. (requested by strawhatronin)
|inactive|Nicepoo has 60 seconds left.
|
|t:|1783714514
|teamsize|p1|4
|teamsize|p2|4
|start
|switch|p1a: Gengar|Gengar, L50, M|100/100
|switch|p1b: Incineroar|Incineroar, L50, F|100/100
|switch|p2a: Blastoise|Blastoise, L50, F|100/100
|switch|p2b: Overqwil|Overqwil, L50, M|100/100
|-ability|p1b: Incineroar|Intimidate|boost
|-unboost|p2a: Blastoise|atk|1
|-unboost|p2b: Overqwil|atk|1
|turn|1
|inactive|Nicepoo has 30 seconds left.
|
|t:|1783714543
|detailschange|p1a: Gengar|Gengar-Mega, L50, M
|-mega|p1a: Gengar|Gengar|Gengarite
|detailschange|p2a: Blastoise|Blastoise-Mega, L50, F
|-mega|p2a: Blastoise|Blastoise|Blastoisinite
|move|p1b: Incineroar|Fake Out|p2b: Overqwil
|-damage|p2b: Overqwil|85/100
|move|p1a: Gengar|Perish Song|p1a: Gengar
|-start|p1a: Gengar|perish3|[silent]
|-start|p1b: Incineroar|perish3|[silent]
|-start|p2a: Blastoise|perish3|[silent]
|-start|p2b: Overqwil|perish3|[silent]
|-fieldactivate|move: Perish Song
|cant|p2b: Overqwil|flinch
|move|p2a: Blastoise|Aura Sphere|p1b: Incineroar
|-supereffective|p1b: Incineroar|1
|-damage|p1b: Incineroar|22/100
|-enditem|p1b: Incineroar|Sitrus Berry|[eat]
|-heal|p1b: Incineroar|47/100|[from] item: Sitrus Berry
|
|-heal|p2b: Overqwil|91/100|[from] item: Leftovers
|-start|p1a: Gengar|perish3
|-start|p2b: Overqwil|perish3
|-start|p2a: Blastoise|perish3
|-start|p1b: Incineroar|perish3
|upkeep
|turn|2
|inactive|strawhatronin has 30 seconds left.
|inactive|Nicepoo has 30 seconds left.
|
|t:|1783714577
|move|p1a: Gengar|Protect|p1a: Gengar
|-singleturn|p1a: Gengar|Protect
|move|p1b: Incineroar|Protect|p1b: Incineroar
|-singleturn|p1b: Incineroar|Protect
|move|p2b: Overqwil|Barb Barrage|p1b: Incineroar
|-activate|p1b: Incineroar|move: Protect
|move|p2a: Blastoise|Water Spout|p1a: Gengar|[spread] 
|-activate|p1a: Gengar|move: Protect
|-activate|p1b: Incineroar|move: Protect
|
|-heal|p2b: Overqwil|98/100|[from] item: Leftovers
|-start|p1a: Gengar|perish2
|-start|p2b: Overqwil|perish2
|-start|p2a: Blastoise|perish2
|-start|p1b: Incineroar|perish2
|upkeep
|turn|3
|inactive|strawhatronin has 30 seconds left.
|
|t:|1783714604
|switch|p1a: Archaludon|Archaludon, L50, F|100/100
|move|p2b: Overqwil|Barb Barrage|p1b: Incineroar
|-damage|p1b: Incineroar|26/100
|move|p2a: Blastoise|Water Spout|p1b: Incineroar|[spread] p1a,p1b
|-resisted|p1a: Archaludon|1
|-supereffective|p1b: Incineroar|1
|-damage|p1a: Archaludon|60/100
|-damage|p1b: Incineroar|0 fnt
|-ability|p1a: Archaludon|Stamina|boost
|-boost|p1a: Archaludon|def|1
|faint|p1b: Incineroar
|
|-heal|p2b: Overqwil|100/100|[from] item: Leftovers
|-heal|p1a: Archaludon|67/100|[from] item: Leftovers
|-start|p2b: Overqwil|perish1
|-start|p2a: Blastoise|perish1
|upkeep
|
|t:|1783714622
|switch|p1b: Gengar|Gengar-Mega, L50, M|100/100
|turn|4
|
|t:|1783714631
|move|p1b: Gengar|Protect|p1b: Gengar
|-singleturn|p1b: Gengar|Protect
|move|p1a: Archaludon|Protect|p1a: Archaludon
|-singleturn|p1a: Archaludon|Protect
|move|p2b: Overqwil|Throat Chop|p1b: Gengar
|-activate|p1b: Gengar|move: Protect
|move|p2a: Blastoise|Aura Sphere|p1a: Archaludon
|-activate|p1a: Archaludon|move: Protect
|
|-heal|p1a: Archaludon|73/100|[from] item: Leftovers
|-start|p2b: Overqwil|perish0
|-start|p2a: Blastoise|perish0
|faint|p2b: Overqwil
|faint|p2a: Blastoise
|upkeep
|
|t:|1783714644
|switch|p2b: Scizor|Scizor, L50, F|100/100
|switch|p2a: Rotom|Rotom-Wash, L50|100/100
|turn|5
|
|t:|1783714661
|switch|p1b: Pelipper|Pelipper, L50, M|100/100
|-weather|RainDance|[from] ability: Drizzle|[of] p1b: Pelipper
|move|p2b: Scizor|Bullet Punch|p1b: Pelipper
|-resisted|p1b: Pelipper|1
|-damage|p1b: Pelipper|81/100
|move|p1a: Archaludon|Electro Shot||[still]
|-prepare|p1a: Archaludon|Electro Shot
|-boost|p1a: Archaludon|spa|1
|-anim|p1a: Archaludon|Electro Shot|p2a: Rotom
|-damage|p2a: Rotom|20/100r
|move|p2a: Rotom|Hydro Pump|p1a: Archaludon
|-resisted|p1a: Archaludon|1
|-damage|p1a: Archaludon|12/100
|-ability|p1a: Archaludon|Stamina|boost
|-boost|p1a: Archaludon|def|1
|-damage|p2a: Rotom|10/100|[from] item: Life Orb
|
|-weather|RainDance|[upkeep]
|-heal|p1a: Archaludon|18/100|[from] item: Leftovers
|upkeep
|turn|6
|inactive|strawhatronin has 30 seconds left.
|
|t:|1783714688
|move|p1a: Archaludon|Protect|p1a: Archaludon
|-singleturn|p1a: Archaludon|Protect
|move|p1b: Pelipper|Tailwind|p1b: Pelipper
|-sidestart|p1: strawhatronin|move: Tailwind
|move|p2a: Rotom|Thunderbolt|p1b: Pelipper
|-supereffective|p1b: Pelipper|2
|-damage|p1b: Pelipper|0 fnt
|faint|p1b: Pelipper
|-damage|p2a: Rotom|1/100|[from] item: Life Orb
|move|p2b: Scizor|Bug Bite|p1a: Archaludon
|-activate|p1a: Archaludon|move: Protect
|
|-weather|RainDance|[upkeep]
|-heal|p1a: Archaludon|24/100|[from] item: Leftovers
|upkeep
|
|t:|1783714703
|switch|p1b: Gengar|Gengar-Mega, L50, M|100/100
|turn|7
|
|t:|1783714717
|move|p2b: Scizor|Bullet Punch|p1b: Gengar
|-crit|p1b: Gengar
|-damage|p1b: Gengar|53/100
|move|p1b: Gengar|Shadow Ball|p2b: Scizor
|-damage|p2b: Scizor|41/100
|move|p1a: Archaludon|Electro Shot||[still]
|-prepare|p1a: Archaludon|Electro Shot
|-boost|p1a: Archaludon|spa|1
|-anim|p1a: Archaludon|Electro Shot|p2b: Scizor
|-damage|p2b: Scizor|0 fnt
|faint|p2b: Scizor
|move|p2a: Rotom|Hydro Pump|p1a: Archaludon
|-resisted|p1a: Archaludon|1
|-damage|p1a: Archaludon|0 fnt
|faint|p1a: Archaludon
|-damage|p2a: Rotom|0 fnt|[from] item: Life Orb
|faint|p2a: Rotom
|
|win|strawhatronin
|raw|strawhatronin's rating: 1034 → 1068(+34 for winning)
|raw|Nicepoo's rating: 1021 → 1008(-13 for losing)
|l|☆Nicepoo
|player|p2|
