|j|☆henr220410
|j|☆FunkleVGC
|html|henr220410FunkleVGC    
|uhtml|bestof|Game 3 of a best-of-3
|t:|1784301429
|gametype|doubles
|player|p1|henr220410|blue|1000
|player|p2|FunkleVGC|fisherman-gen4|1063
|gen|9
|tier|[Gen 9 Champions] VGC 2026 Reg M-B (Bo3)
|rated|
|rule|Species Clause: Limit one of each Pokémon
|rule|Item Clause: Limit 1 of each item
|clearpoke
|poke|p1|Swampert, L50, M|
|poke|p1|Annihilape, L50, F|
|poke|p1|Corviknight, L50, M|
|poke|p1|Armarouge, L50, F|
|poke|p1|Farigiraf, L50, F|
|poke|p1|Eelektross, L50, M|
|poke|p2|Froslass, L50, F, shiny|
|poke|p2|Scovillain, L50, M, shiny|
|poke|p2|Lycanroc-Dusk, L50, M, shiny|
|poke|p2|Kingambit, L50, M, shiny|
|poke|p2|Basculegion, L50, M, shiny|
|poke|p2|Sneasler, L50, F, shiny|
|teampreview|4
|showteam|p1|Swampert||Swampertite|Damp|WaveCrash,Earthquake,Protect,IcePunch|Adamant||M|||50|]Annihilape||Leftovers|Defiant|BulkUp,DrainPunch,RageFist,Taunt|Careful||F|||50|]Corviknight||OccaBerry|Pressure|IronDefense,BodyPress,Roost,BraveBird|Impish||M|||50|]Armarouge||FocusSash|WeakArmor|ExpandingForce,PsychicTerrain,Protect,ArmorCannon|Quiet||F|||50|]Farigiraf||SitrusBerry|ArmorTail|TrickRoom,ExpandingForce,Thunderbolt,Protect|Bold||F|||50|]Eelektross||Eelektrossite|Levitate|Thunderbolt,Flamethrower,GrassKnot,Protect|Quiet||M|||50|
|showteam|p2|Froslass||Froslassite|CursedBody|Blizzard,ShadowBall,AuroraVeil,Protect|Modest||F|||50|]Scovillain||Scovillainite|Moody|Flamethrower,GigaDrain,RagePowder,Protect|Bold||M|||50|]Lycanroc-Dusk||FocusSash|ToughClaws|RockSlide,CloseCombat,Accelerock,Protect|Adamant||M|||50|]Kingambit||LifeOrb|Defiant|KowtowCleave,SuckerPunch,SwordsDance,Protect|Adamant||M|||50|]Basculegion||SitrusBerry|Adaptability|WaveCrash,LastRespects,AquaJet,Protect|Adamant||M|||50|]Sneasler||WhiteHerb|Unburden|GunkShot,CloseCombat,FakeOut,Protect|Adamant||F|||50|
|inactive|Battle timer is ON: inactive players will automatically lose when time's up. (requested by henr220410)
|inactive|henr220410 has 60 seconds left.
|inactive|FunkleVGC has 60 seconds left.
|
|t:|1784301480
|teamsize|p1|4
|teamsize|p2|4
|start
|switch|p1a: Corviknight|Corviknight, L50, M|100/100
|switch|p1b: Annihilape|Annihilape, L50, F|100/100
|switch|p2a: Scovillain|Scovillain, L50, M, shiny|100/100
|switch|p2b: Kingambit|Kingambit, L50, M, shiny|100/100
|-ability|p1a: Corviknight|Pressure
|turn|1
|inactive|henr220410 has 30 seconds left.
|
|t:|1784301507
|detailschange|p2a: Scovillain|Scovillain-Mega, L50, M, shiny
|-mega|p2a: Scovillain|Scovillain|Scovillainite
|move|p2a: Scovillain|Rage Powder|p2a: Scovillain
|-singleturn|p2a: Scovillain|move: Rage Powder
|move|p1b: Annihilape|Bulk Up|p1b: Annihilape
|-boost|p1b: Annihilape|atk|1
|-boost|p1b: Annihilape|def|1
|move|p1a: Corviknight|Iron Defense|p1a: Corviknight
|-boost|p1a: Corviknight|def|2
|move|p2b: Kingambit|Swords Dance|p2b: Kingambit
|-boost|p2b: Kingambit|atk|2
|
|upkeep
|turn|2
|inactive|henr220410 has 30 seconds left.
|
|t:|1784301541
|move|p2a: Scovillain|Rage Powder|p2a: Scovillain
|-singleturn|p2a: Scovillain|move: Rage Powder
|move|p1b: Annihilape|Taunt|p2a: Scovillain
|-start|p2a: Scovillain|move: Taunt
|move|p1a: Corviknight|Body Press|p2a: Scovillain
|-crit|p2a: Scovillain
|-damage|p2a: Scovillain|24/100
|-status|p1a: Corviknight|brn|[from] ability: Spicy Spray|[of] p2a: Scovillain
|move|p2b: Kingambit|Kowtow Cleave|p1b: Annihilape
|-damage|p1b: Annihilape|11/100
|-damage|p2b: Kingambit|90/100|[from] item: Life Orb
|
|-heal|p1b: Annihilape|17/100|[from] item: Leftovers
|-damage|p1a: Corviknight|94/100 brn|[from] brn
|upkeep
|turn|3
|inactive|henr220410 has 30 seconds left.
|
|t:|1784301570
|move|p2b: Kingambit|Sucker Punch|p1b: Annihilape
|-damage|p1b: Annihilape|0 fnt
|faint|p1b: Annihilape
|-damage|p2b: Kingambit|80/100|[from] item: Life Orb
|move|p2a: Scovillain|Flamethrower|p1a: Corviknight
|-supereffective|p1a: Corviknight|1
|-enditem|p1a: Corviknight|Occa Berry|[eat]
|-enditem|p1a: Corviknight|Occa Berry|[weaken]
|-damage|p1a: Corviknight|56/100 brn
|move|p1a: Corviknight|Body Press|p2a: Scovillain
|-damage|p2a: Scovillain|1/100
|
|-damage|p1a: Corviknight|50/100g brn|[from] brn
|upkeep
|
|t:|1784301586
|switch|p1b: Eelektross|Eelektross, L50, M|100/100
|turn|4
|
|t:|1784301599
|switch|p1a: Farigiraf|Farigiraf, L50, F|100/100
|detailschange|p1b: Eelektross|Eelektross-Mega, L50, M
|-mega|p1b: Eelektross|Eelektross|Eelektrossite
|move|p2b: Kingambit|Sucker Punch||[still]
|cant|p1a: Farigiraf|ability: Armor Tail|Sucker Punch|[of] p2b: Kingambit
|move|p2a: Scovillain|Flamethrower|p1a: Farigiraf
|-damage|p1a: Farigiraf|63/100
|move|p1b: Eelektross|Flamethrower|p2b: Kingambit
|-supereffective|p2b: Kingambit|1
|-damage|p2b: Kingambit|13/100
|
|upkeep
|turn|5
|
|t:|1784301620
|move|p2b: Kingambit|Protect|p2b: Kingambit
|-singleturn|p2b: Kingambit|Protect
|move|p2a: Scovillain|Flamethrower|p1a: Farigiraf
|-damage|p1a: Farigiraf|25/100
|-enditem|p1a: Farigiraf|Sitrus Berry|[eat]
|-heal|p1a: Farigiraf|50/100g|[from] item: Sitrus Berry
|move|p1b: Eelektross|Flamethrower|p2b: Kingambit
|-activate|p2b: Kingambit|move: Protect
|move|p1a: Farigiraf|Thunderbolt|p2a: Scovillain
|-resisted|p2a: Scovillain|1
|-damage|p2a: Scovillain|0 fnt
|-status|p1a: Farigiraf|brn|[from] ability: Spicy Spray|[of] p2a: Scovillain
|faint|p2a: Scovillain
|
|-damage|p1a: Farigiraf|44/100 brn|[from] brn
|upkeep
|
|t:|1784301638
|switch|p2a: Basculegion|Basculegion, L50, M, shiny|100/100
|turn|6
|
|t:|1784301650
|move|p2a: Basculegion|Protect|p2a: Basculegion
|-singleturn|p2a: Basculegion|Protect
|move|p1b: Eelektross|Flamethrower|p2b: Kingambit
|-supereffective|p2b: Kingambit|1
|-damage|p2b: Kingambit|0 fnt
|faint|p2b: Kingambit
|-ability|p1b: Eelektross|Eelevate|boost
|-boost|p1b: Eelektross|spa|1
|move|p1a: Farigiraf|Trick Room|p1a: Farigiraf
|-fieldstart|move: Trick Room|[of] p1a: Farigiraf
|
|-damage|p1a: Farigiraf|38/100 brn|[from] brn
|upkeep
|
|t:|1784301661
|switch|p2b: Sneasler|Sneasler, L50, F, shiny|100/100
|turn|7
|
|t:|1784301680
|move|p2b: Sneasler|Protect|p2b: Sneasler
|-singleturn|p2b: Sneasler|Protect
|move|p1a: Farigiraf|Expanding Force|p2b: Sneasler
|-activate|p2b: Sneasler|move: Protect
|move|p1b: Eelektross|Thunderbolt|p2a: Basculegion
|-supereffective|p2a: Basculegion|1
|-crit|p2a: Basculegion
|-damage|p2a: Basculegion|0 fnt
|faint|p2a: Basculegion
|-ability|p1b: Eelektross|Eelevate|boost
|-boost|p1b: Eelektross|spa|1
|
|-damage|p1a: Farigiraf|32/100 brn|[from] brn
|upkeep
|turn|8
|-message|FunkleVGC forfeited.
|
|win|henr220410
|raw|henr220410's rating: 1000 → 1047(+47 for winning)
|raw|FunkleVGC's rating: 1063 → 1040(-23 for losing)
