|j|☆spruzzovgc
|j|☆lildrewq
|html|spruzzovgclildrewq    
|uhtml|bestof|Game 3 of a best-of-3
|t:|1754133651
|gametype|doubles
|player|p1|spruzzovgc|1|1188
|player|p2|lildrewq|266|1175
|gen|9
|tier|[Gen 9] VGC 2025 Reg H (Bo3)
|rated|
|rule|Species Clause: Limit one of each Pokémon
|rule|Item Clause: Limit 1 of each item
|clearpoke
|poke|p1|Pelipper, L50, M|
|poke|p1|Archaludon, L50, F|
|poke|p1|Amoonguss, L50, F|
|poke|p1|Basculegion, L50, M|
|poke|p1|Gholdengo, L50|
|poke|p1|Sneasler, L50, M|
|poke|p2|Gholdengo, L50|
|poke|p2|Garchomp, L50, M|
|poke|p2|Hydreigon, L50, F|
|poke|p2|Amoonguss, L50, F|
|poke|p2|Incineroar, L50, F|
|poke|p2|Sneasler, L50, F|
|teampreview|4
|showteam|p1|Pelipper||CovertCloak|Drizzle|WeatherBall,Hurricane,Tailwind,WideGuard|||M|||50|,,,,,Steel]Archaludon||AssaultVest|Stamina|FlashCannon,DracoMeteor,BodyPress,ElectroShot|||F|||50|,,,,,Grass]Amoonguss||SitrusBerry|Regenerator|Spore,PollenPuff,ClearSmog,RagePowder|||F|||50|,,,,,Dark]Basculegion||ChoiceBand|SwiftSwim|WaveCrash,LastRespects,FlipTurn,AquaJet|||M|||50|,,,,,Water]Gholdengo||LifeOrb|GoodasGold|MakeItRain,ShadowBall,NastyPlot,Protect||||||50|,,,,,Steel]Sneasler||FocusSash|PoisonTouch|DireClaw,CloseCombat,FakeOut,Protect|||M|||50|,,,,,Stellar
|showteam|p2|Gholdengo||MetalCoat|GoodasGold|MakeItRain,ShadowBall,NastyPlot,Protect||||||50|,,,,,Water]Garchomp||LifeOrb|RoughSkin|Earthquake,DragonClaw,Protect,StompingTantrum|||M|||50|,,,,,Fire]Hydreigon||SafetyGoggles|Levitate|DragonPulse,Snarl,Protect,Tailwind|||F|||50|,,,,,Ghost]Amoonguss||CovertCloak|Regenerator|PollenPuff,Spore,RagePowder,Protect|||F|||50|,,,,,Fairy]Incineroar||AssaultVest|Intimidate|FlareBlitz,KnockOff,Uturn,FakeOut|||F|||50|,,,,,Grass]Sneasler||FocusSash|Unburden|CloseCombat,DireClaw,ThroatChop,Protect|||F|||50|,,,,,Ghost
|inactive|Battle timer is ON: inactive players will automatically lose when time's up. (requested by spruzzovgc)
|
|t:|1754133665
|teamsize|p1|4
|teamsize|p2|4
|start
|switch|p1a: Archaludon|Archaludon, L50, F, shiny|100/100
|switch|p1b: Pelipper|Pelipper, L50, M, shiny|100/100
|switch|p2a: Hydreigon|Hydreigon, L50, F|100/100
|switch|p2b: Sneasler|Sneasler, L50, F|100/100
|-weather|RainDance|[from] ability: Drizzle|[of] p1b: Pelipper
|turn|1
|
|t:|1754133678
|move|p2b: Sneasler|Close Combat|p1a: Archaludon
|-supereffective|p1a: Archaludon
|-damage|p1a: Archaludon|10/100
|-unboost|p2b: Sneasler|def|1
|-unboost|p2b: Sneasler|spd|1
|-ability|p1a: Archaludon|Stamina|boost
|-boost|p1a: Archaludon|def|1
|move|p2a: Hydreigon|Dragon Pulse|p1a: Archaludon
|-damage|p1a: Archaludon|0 fnt
|faint|p1a: Archaludon
|move|p1b: Pelipper|Tailwind|p1b: Pelipper
|-sidestart|p1: spruzzovgc|move: Tailwind
|
|-weather|RainDance|[upkeep]
|upkeep
|
|t:|1754133690
|switch|p1a: Basculegion|Basculegion, L50, M, shiny|100/100
|turn|2
|
|t:|1754133706
|move|p2b: Sneasler|Protect|p2b: Sneasler
|-singleturn|p2b: Sneasler|Protect
|move|p2a: Hydreigon|Protect|p2a: Hydreigon
|-singleturn|p2a: Hydreigon|Protect
|move|p1a: Basculegion|Flip Turn|p2a: Hydreigon
|-activate|p2a: Hydreigon|move: Protect
|move|p1b: Pelipper|Hurricane|p2b: Sneasler
|-activate|p2b: Sneasler|move: Protect
|
|-weather|RainDance|[upkeep]
|upkeep
|turn|3
|
|t:|1754133723
|move|p1a: Basculegion|Flip Turn|p2a: Hydreigon
|-resisted|p2a: Hydreigon
|-damage|p2a: Hydreigon|61/100
|
|t:|1754133726
|switch|p1a: Sneasler|Sneasler, L50, M|100/100|[from] Flip Turn
|move|p1b: Pelipper|Hurricane|p2a: Hydreigon
|-damage|p2a: Hydreigon|14/100
|-start|p2a: Hydreigon|confusion
|move|p2b: Sneasler|Dire Claw|p1b: Pelipper
|-damage|p1b: Pelipper|54/100
|-activate|p2a: Hydreigon|confusion
|move|p2a: Hydreigon|Dragon Pulse|p1b: Pelipper
|-damage|p1b: Pelipper|0 fnt
|faint|p1b: Pelipper
|
|-weather|RainDance|[upkeep]
|upkeep
|
|t:|1754133739
|switch|p1b: Basculegion|Basculegion, L50, M, shiny|100/100
|turn|4
|
|t:|1754133755
|move|p2b: Sneasler|Protect|p2b: Sneasler
|-singleturn|p2b: Sneasler|Protect
|move|p1b: Basculegion|Last Respects|p2a: Hydreigon
|-resisted|p2a: Hydreigon
|-crit|p2a: Hydreigon
|-damage|p2a: Hydreigon|0 fnt
|faint|p2a: Hydreigon
|move|p1a: Sneasler|Dire Claw|p2b: Sneasler
|-activate|p2b: Sneasler|move: Protect
|
|-weather|RainDance|[upkeep]
|-sideend|p1: spruzzovgc|move: Tailwind
|upkeep
|
|t:|1754133764
|switch|p2a: Amoonguss|Amoonguss, L50, F|100/100
|turn|5
|
|t:|1754133771
|move|p2a: Amoonguss|Rage Powder|p2a: Amoonguss
|-singleturn|p2a: Amoonguss|move: Rage Powder
|move|p1b: Basculegion|Last Respects|p2a: Amoonguss
|-damage|p2a: Amoonguss|0 fnt
|faint|p2a: Amoonguss
|move|p1a: Sneasler|Dire Claw|p2b: Sneasler
|-resisted|p2b: Sneasler
|-damage|p2b: Sneasler|49/100
|-status|p2b: Sneasler|par
|move|p2b: Sneasler|Throat Chop|p1b: Basculegion
|-supereffective|p1b: Basculegion
|-damage|p1b: Basculegion|32/100
|-start|p1b: Basculegion|Throat Chop|[silent]
|
|-weather|none
|upkeep
|
|t:|1754133784
|switch|p2a: Garchomp|Garchomp, L50, M|100/100
|turn|6
|
|t:|1754133797
|move|p2b: Sneasler|Protect|p2b: Sneasler
|-singleturn|p2b: Sneasler|Protect
|move|p1a: Sneasler|Dire Claw|p2a: Garchomp
|-resisted|p2a: Garchomp
|-damage|p2a: Garchomp|79/100
|-status|p2a: Garchomp|psn
|-damage|p1a: Sneasler|88/100|[from] ability: Rough Skin|[of] p2a: Garchomp
|move|p2a: Garchomp|Earthquake|p1b: Basculegion|[spread] p1a,p1b
|-activate|p2b: Sneasler|move: Protect
|-supereffective|p1a: Sneasler
|-damage|p1a: Sneasler|0 fnt
|-damage|p1b: Basculegion|0 fnt
|faint|p1a: Sneasler
|faint|p1b: Basculegion
|-damage|p2a: Garchomp|70/100 psn|[from] item: Life Orb
|
|win|lildrewq
|raw|spruzzovgc's rating: 1188 → 1162(-26 for losing)
|raw|lildrewq's rating: 1175 → 1201(+26 for winning)
|l|☆spruzzovgc
|player|p1|
|l|☆lildrewq
|player|p2|
|j|☆lildrewq
|player|p2|lildrewq|266|
