|j|☆fwiefisch
|j|☆Brutalandathebozz
|html|fwiefischBrutalandathebozz    
|uhtml|bestof|Game 3 of a best-of-3
|t:|1756113033
|gametype|doubles
|player|p1|fwiefisch|teamrocket|1199
|player|p2|Brutalandathebozz|169|1200
|gen|9
|tier|[Gen 9] VGC 2025 Reg H (Bo3)
|rated|
|rule|Species Clause: Limit one of each Pokémon
|rule|Item Clause: Limit 1 of each item
|clearpoke
|poke|p1|Rillaboom, L50, M|
|poke|p1|Sneasler, L50, M|
|poke|p1|Clefable, L50, M|
|poke|p1|Murkrow, L50, M|
|poke|p1|Volcarona, L50, M|
|poke|p1|Dragapult, L50, M|
|poke|p2|Salamence, L50, F|
|poke|p2|Sneasler, L50, F|
|poke|p2|Kingambit, L50, M|
|poke|p2|Primarina, L50, F|
|poke|p2|Electabuzz, L50, M|
|poke|p2|Rillaboom, L50, M|
|teampreview|4
|showteam|p1|Rillaboom||AssaultVest|GrassySurge|FakeOut,HighHorsepower,WoodHammer,GrassyGlide|||M|||50|,,,,,Fire]Sneasler||FocusSash|PoisonTouch|DireClaw,CloseCombat,FakeOut,Protect|||M|||50|,,,,,Stellar]Clefable||CovertCloak|Unaware|Moonblast,FollowMe,HelpingHand,Protect|||M|||50|,,,,,Steel]Murkrow||Eviolite|Prankster|Tailwind,Taunt,FoulPlay,Haze|||M|||50|,,,,,Ghost]Volcarona||Leftovers|FlameBody|FieryDance,TeraBlast,QuiverDance,Protect|||M|||50|,,,,,Ground]Dragapult||ChoiceBand|ClearBody|DragonDarts,DragonClaw,PhantomForce,Uturn|||M|||50|,,,,,Dragon
|showteam|p2|Salamence||LifeOrb|Intimidate|DualWingbeat,DracoMeteor,Protect,Tailwind|||F|||50|,,,,,Stellar]Sneasler||FocusSash|PoisonTouch|FakeOut,CloseCombat,DireClaw,Protect|||F|||50|,,,,,Ghost]Kingambit||BlackGlasses|Defiant|KowtowCleave,SuckerPunch,Protect,SwordsDance|||M|||50|,,,,,Dark]Primarina||SitrusBerry|LiquidVoice|HyperVoice,Moonblast,Protect,Haze|||F|||50|,,,,,Poison]Electabuzz||Eviolite|VitalSpirit|Protect,Taunt,FollowMe,Electroweb|||M|||50|,,,,,Ghost]Rillaboom||AssaultVest|GrassySurge|WoodHammer,GrassyGlide,FakeOut,HighHorsepower|||M|||50|,,,,,Fire
|j| yeetest123
|inactive|Battle timer is ON: inactive players will automatically lose when time's up. (requested by fwiefisch)
|
|t:|1756113080
|teamsize|p1|4
|teamsize|p2|4
|start
|switch|p1a: Sneasler|Sneasler, L50, M|100/100
|switch|p1b: Volcarona|Volcarona, L50, M|100/100
|switch|p2a: Salamence|Salamence, L50, F|100/100
|switch|p2b: Kingambit|Kingambit, L50, M|100/100
|-ability|p2a: Salamence|Intimidate|boost
|-unboost|p1a: Sneasler|atk|1
|-unboost|p1b: Volcarona|atk|1
|turn|1
|inactive|Brutalandathebozz has 30 seconds left.
|
|t:|1756113108
|switch|p2b: Primarina|Primarina, L50, F|100/100
|move|p1a: Sneasler|Fake Out|p2a: Salamence
|-damage|p2a: Salamence|91/100
|-status|p2a: Salamence|psn|[from] ability: Poison Touch|[of] p1a: Sneasler
|cant|p2a: Salamence|flinch
|move|p1b: Volcarona|Quiver Dance|p1b: Volcarona
|-boost|p1b: Volcarona|spa|1
|-boost|p1b: Volcarona|spd|1
|-boost|p1b: Volcarona|spe|1
|
|-damage|p2a: Salamence|79/100 psn|[from] psn
|upkeep
|turn|2
|l|☆fwiefisch
|inactive|fwiefisch disconnected and has a minute to reconnect!
|player|p1|
|
|t:|1756113130
|switch|p1a: Rillaboom|Rillaboom, L50, M|100/100
|-fieldstart|move: Grassy Terrain|[from] ability: Grassy Surge|[of] p1a: Rillaboom
|-terastallize|p2b: Primarina|Poison
|move|p1b: Volcarona|Protect|p1b: Volcarona
|-singleturn|p1b: Volcarona|Protect
|move|p2a: Salamence|Dual Wingbeat|p1a: Rillaboom
|-supereffective|p1a: Rillaboom
|-damage|p1a: Rillaboom|55/100
|-supereffective|p1a: Rillaboom
|-damage|p1a: Rillaboom|10/100
|-hitcount|p1a: Rillaboom|2
|-damage|p2a: Salamence|70/100 psn|[from] item: Life Orb
|move|p2b: Primarina|Hyper Voice|p1a: Rillaboom|[spread] p1a
|-activate|p1b: Volcarona|move: Protect
|-resisted|p1a: Rillaboom
|-damage|p1a: Rillaboom|0 fnt
|faint|p1a: Rillaboom
|
|-damage|p2a: Salamence|58/100 psn|[from] psn
|upkeep
|j|☆fwiefisch
|inactive|fwiefisch reconnected and has 45 seconds left.
|player|p1|fwiefisch|teamrocket|
|
|t:|1756113150
|switch|p1a: Sneasler|Sneasler, L50, M|100/100
|turn|3
|
|t:|1756113173
|switch|p2a: Electabuzz|Electabuzz, L50, M|100/100
|move|p1a: Sneasler|Fake Out|p2a: Electabuzz
|-damage|p2a: Electabuzz|88/100
|move|p1b: Volcarona|Fiery Dance|p2b: Primarina
|-damage|p2b: Primarina|49/100
|-boost|p1b: Volcarona|spa|1
|-enditem|p2b: Primarina|Sitrus Berry|[eat]
|-heal|p2b: Primarina|74/100|[from] item: Sitrus Berry
|move|p2b: Primarina|Haze|p2b: Primarina
|-clearallboost
|
|-heal|p2a: Electabuzz|94/100|[from] Grassy Terrain
|-heal|p2b: Primarina|80/100|[from] Grassy Terrain
|upkeep
|turn|4
|
|t:|1756113195
|-terastallize|p1b: Volcarona|Ground
|move|p1a: Sneasler|Dire Claw|p2a: Electabuzz
|-damage|p2a: Electabuzz|54/100
|move|p2a: Electabuzz|Taunt|p1b: Volcarona
|-start|p1b: Volcarona|move: Taunt
|move|p1b: Volcarona|Tera Blast|p2a: Electabuzz|[anim] Tera Blast Ground
|-supereffective|p2a: Electabuzz
|-damage|p2a: Electabuzz|0 fnt
|faint|p2a: Electabuzz
|move|p2b: Primarina|Hyper Voice|p1a: Sneasler|[spread] p1a,p1b
|-supereffective|p1b: Volcarona
|-crit|p1b: Volcarona
|-damage|p1a: Sneasler|54/100
|-damage|p1b: Volcarona|16/100
|
|-heal|p1a: Sneasler|59/100|[from] Grassy Terrain
|-heal|p1b: Volcarona|22/100|[from] Grassy Terrain
|-heal|p1b: Volcarona|29/100|[from] item: Leftovers
|-heal|p2b: Primarina|86/100|[from] Grassy Terrain
|upkeep
|
|t:|1756113213
|switch|p2a: Salamence|Salamence, L50, F|58/100 psn
|-ability|p2a: Salamence|Intimidate|boost
|-unboost|p1a: Sneasler|atk|1
|-unboost|p1b: Volcarona|atk|1
|turn|5
|
|t:|1756113228
|switch|p1b: Clefable|Clefable, L50, M|100/100
|move|p1a: Sneasler|Dire Claw|p2a: Salamence
|-damage|p2a: Salamence|34/100 psn
|move|p2a: Salamence|Tailwind|p2a: Salamence
|-sidestart|p2: Brutalandathebozz|move: Tailwind
|move|p2b: Primarina|Hyper Voice|p1a: Sneasler|[spread] p1a,p1b
|-damage|p1a: Sneasler|18/100
|-damage|p1b: Clefable|74/100
|
|-heal|p2b: Primarina|91/100|[from] Grassy Terrain
|-heal|p1a: Sneasler|24/100|[from] Grassy Terrain
|-heal|p1b: Clefable|80/100|[from] Grassy Terrain
|-damage|p2a: Salamence|22/100 psn|[from] psn
|upkeep
|turn|6
|
|t:|1756113245
|switch|p2a: Kingambit|Kingambit, L50, M|100/100
|move|p1a: Sneasler|Protect|p1a: Sneasler
|-singleturn|p1a: Sneasler|Protect
|move|p1b: Clefable|Protect|p1b: Clefable
|-singleturn|p1b: Clefable|Protect
|move|p2b: Primarina|Hyper Voice|p1a: Sneasler|[spread] 
|-activate|p1a: Sneasler|move: Protect
|-activate|p1b: Clefable|move: Protect
|
|-heal|p2b: Primarina|97/100|[from] Grassy Terrain
|-heal|p1a: Sneasler|30/100|[from] Grassy Terrain
|-heal|p1b: Clefable|86/100|[from] Grassy Terrain
|-fieldend|move: Grassy Terrain
|upkeep
|turn|7
|
|t:|1756113264
|move|p1b: Clefable|Follow Me|p1b: Clefable
|-singleturn|p1b: Clefable|move: Follow Me
|move|p2b: Primarina|Hyper Voice|p1b: Clefable|[spread] p1a,p1b
|-damage|p1a: Sneasler|0 fnt
|-damage|p1b: Clefable|59/100
|faint|p1a: Sneasler
|move|p2a: Kingambit|Kowtow Cleave|p1b: Clefable
|-resisted|p1b: Clefable
|-damage|p1b: Clefable|35/100
|
|upkeep
|
|t:|1756113273
|switch|p1a: Volcarona|Volcarona, L50, M, tera:Ground|29/100
|turn|8
|
|t:|1756113288
|move|p1a: Volcarona|Protect|p1a: Volcarona
|-singleturn|p1a: Volcarona|Protect
|move|p1b: Clefable|Protect|p1b: Clefable
|-singleturn|p1b: Clefable|Protect
|move|p2b: Primarina|Hyper Voice|p1b: Clefable|[spread] 
|-activate|p1a: Volcarona|move: Protect
|-activate|p1b: Clefable|move: Protect
|move|p2a: Kingambit|Swords Dance|p2a: Kingambit
|-boost|p2a: Kingambit|atk|2
|
|-heal|p1a: Volcarona|35/100|[from] item: Leftovers
|-sideend|p2: Brutalandathebozz|move: Tailwind
|upkeep
|turn|9
|
|t:|1756113302
|move|p1b: Clefable|Follow Me|p1b: Clefable
|-singleturn|p1b: Clefable|move: Follow Me
|move|p1a: Volcarona|Tera Blast|p2b: Primarina|[anim] Tera Blast Ground
|-supereffective|p2b: Primarina
|-damage|p2b: Primarina|17/100
|move|p2b: Primarina|Hyper Voice|p1b: Clefable|[spread] p1a,p1b
|-supereffective|p1a: Volcarona
|-crit|p1b: Clefable
|-damage|p1a: Volcarona|0 fnt
|-damage|p1b: Clefable|0 fnt
|faint|p1a: Volcarona
|faint|p1b: Clefable
|
|win|Brutalandathebozz
|raw|fwiefisch's rating: 1199 → 1174(-25 for losing)
|raw|Brutalandathebozz's rating: 1200 → 1225(+25 for winning)
|l|☆fwiefisch
|player|p1|
|l| yeetest123
