|j|☆viatles
|j|☆G33KY
|html|viatlesG33KY    
|uhtml|bestof|Game 2 of a best-of-3
|t:|1757022257
|gametype|doubles
|player|p1|viatles|hiker|1000
|player|p2|G33KY|265|1086
|gen|9
|tier|[Gen 9] VGC 2025 Reg H (Bo3)
|rated|
|rule|Species Clause: Limit one of each Pokémon
|rule|Item Clause: Limit 1 of each item
|clearpoke
|poke|p1|Serperior, L50, F|
|poke|p1|Grimmsnarl, L50, M|
|poke|p1|Empoleon, L50, F|
|poke|p1|Garchomp, L50, M|
|poke|p1|Araquanid, L50, M|
|poke|p1|Garganacl, L50, M|
|poke|p2|Politoed, L50, F|
|poke|p2|Gothitelle, L50, M|
|poke|p2|Kingdra, L50, M|
|poke|p2|Archaludon, L50, F|
|poke|p2|Amoonguss, L50, F|
|poke|p2|Incineroar, L50, F|
|teampreview|4
|showteam|p1|Serperior||CovertCloak|Contrary|Protect,LeafStorm,TeraBlast,GrassPledge|||F|||50|,,,,,Stellar]Grimmsnarl||LightClay|Prankster|LightScreen,Reflect,SpiritBreak,ThunderWave|||M|||50|,,,,,Ghost]Empoleon||ChopleBerry|Competitive|WaterPledge,FlashCannon,Haze,Protect|||F|||50|,,,,,Grass]Garchomp||LoadedDice|RoughSkin|ScaleShot,Earthquake,IronHead,Protect|||M|||50|,,,,,Steel]Araquanid||SafetyGoggles|WaterBubble|WideGuard,Protect,Liquidation,Infestation|||M|||50|,,,,,Grass]Garganacl||Leftovers|PurifyingSalt|SaltCure,Recover,Protect,ThunderPunch|||M|||50|,,,,,Water
|showteam|p2|Politoed||Leftovers|Drizzle|Protect,WeatherBall,Encore,PerishSong|||F|||50|,,,,,Grass]Gothitelle||SitrusBerry|ShadowTag|Protect,Psychic,FakeOut,TrickRoom|||M|||50|,,,,,Dark]Kingdra||LifeOrb|SwiftSwim|Protect,DracoMeteor,WeatherBall,MuddyWater|||M|||50|,,,,,Stellar]Archaludon||PowerHerb|Sturdy|Protect,ElectroShot,FlashCannon,DragonPulse|||F|||50|,,,,,Electric]Amoonguss||EjectButton|Regenerator|Protect,RagePowder,Spore,PollenPuff|||F|||50|,,,,,Fairy]Incineroar||SafetyGoggles|Intimidate|FakeOut,KnockOff,PartingShot,Protect|||F|||50|,,,,,Ghost
|inactive|Battle timer is ON: inactive players will automatically lose when time's up. (requested by G33KY)
|c|☆viatles|try amoongus redirection with toad
|c|☆viatles|if the opponent doesn't have spread damage amoongus guarantess the song
|inactive|viatles has 60 seconds left.
|c|☆G33KY|Doesn’t do me good against that Empoleon
|c|☆viatles|bridge
|c|☆G33KY|w/o singing that penguin walls my team
|c|☆G33KY|except archaludon
|inactive|viatles has 30 seconds left.
|
|t:|1757022319
|teamsize|p1|4
|teamsize|p2|4
|start
|switch|p1a: Grimmsnarl|Grimmsnarl, L50, M|100/100
|switch|p1b: Garganacl|Garganacl, L50, M|100/100
|switch|p2a: Politoed|Politoed, L50, F|100/100
|switch|p2b: Kingdra|Kingdra, L50, M|100/100
|-weather|RainDance|[from] ability: Drizzle|[of] p2a: Politoed
|turn|1
|inactive|G33KY has 30 seconds left.
|
|t:|1757022347
|switch|p2b: Gothitelle|Gothitelle, L50, M|100/100
|move|p1a: Grimmsnarl|Thunder Wave|p2b: Gothitelle
|-status|p2b: Gothitelle|par
|move|p2a: Politoed|Perish Song|p2a: Politoed
|-start|p1a: Grimmsnarl|perish3|[silent]
|-start|p1b: Garganacl|perish3|[silent]
|-start|p2a: Politoed|perish3|[silent]
|-start|p2b: Gothitelle|perish3|[silent]
|-fieldactivate|move: Perish Song
|move|p1b: Garganacl|Salt Cure|p2b: Gothitelle
|-damage|p2b: Gothitelle|87/100 par
|-start|p2b: Gothitelle|Salt Cure
|
|-weather|RainDance|[upkeep]
|-damage|p2b: Gothitelle|75/100 par|[from] Salt Cure
|-start|p2a: Politoed|perish3
|-start|p1a: Grimmsnarl|perish3
|-start|p1b: Garganacl|perish3
|-start|p2b: Gothitelle|perish3
|upkeep
|turn|2
|inactive|viatles has 30 seconds left.
|inactive|G33KY has 30 seconds left.
|inactive|G33KY has 20 seconds left.
|inactive|G33KY has 15 seconds left.
|inactive|G33KY has 10 seconds left.
|inactive|G33KY has 5 seconds left.
|
|t:|1757022402
|move|p2a: Politoed|Protect|p2a: Politoed
|-singleturn|p2a: Politoed|Protect
|move|p2b: Gothitelle|Protect|p2b: Gothitelle
|-singleturn|p2b: Gothitelle|Protect
|move|p1a: Grimmsnarl|Light Screen|p1a: Grimmsnarl
|-sidestart|p1: viatles|move: Light Screen
|move|p1b: Garganacl|Thunder Punch|p2b: Gothitelle
|-activate|p2b: Gothitelle|move: Protect
|
|-weather|RainDance|[upkeep]
|-damage|p2b: Gothitelle|62/100 par|[from] Salt Cure
|-start|p2a: Politoed|perish2
|-start|p1a: Grimmsnarl|perish2
|-start|p1b: Garganacl|perish2
|-start|p2b: Gothitelle|perish2
|upkeep
|turn|3
|inactive|viatles has 30 seconds left.
|
|t:|1757022430
|move|p2b: Gothitelle|Protect|p2b: Gothitelle
|-singleturn|p2b: Gothitelle|Protect
|move|p2a: Politoed|Encore|p1a: Grimmsnarl
|-start|p1a: Grimmsnarl|Encore
|move|p1a: Grimmsnarl|Light Screen||[still]
|-fail|p1a: Grimmsnarl
|move|p1b: Garganacl|Thunder Punch|p2a: Politoed
|-supereffective|p2a: Politoed
|-damage|p2a: Politoed|61/100
|
|-weather|RainDance|[upkeep]
|-heal|p2a: Politoed|67/100|[from] item: Leftovers
|-damage|p2b: Gothitelle|50/100 par|[from] Salt Cure
|-start|p2a: Politoed|perish1
|-start|p1a: Grimmsnarl|perish1
|-start|p1b: Garganacl|perish1
|-start|p2b: Gothitelle|perish1
|upkeep
|-enditem|p2b: Gothitelle|Sitrus Berry|[eat]
|-heal|p2b: Gothitelle|75/100 par|[from] item: Sitrus Berry
|turn|4
|inactive|G33KY has 30 seconds left.
|inactive|G33KY has 20 seconds left.
|
|t:|1757022469
|switch|p2a: Archaludon|Archaludon, L50, F|100/100
|switch|p2b: Kingdra|Kingdra, L50, M|100/100
|move|p1a: Grimmsnarl|Light Screen||[still]
|-fail|p1a: Grimmsnarl
|move|p1b: Garganacl|Salt Cure|p2a: Archaludon
|-resisted|p2a: Archaludon
|-damage|p2a: Archaludon|94/100
|-start|p2a: Archaludon|Salt Cure
|
|-weather|RainDance|[upkeep]
|-damage|p2a: Archaludon|70/100|[from] Salt Cure
|-start|p1a: Grimmsnarl|perish0
|-start|p1b: Garganacl|perish0
|faint|p1a: Grimmsnarl
|faint|p1b: Garganacl
|upkeep
|
|t:|1757022484
|switch|p1a: Empoleon|Empoleon, L50, F|100/100
|switch|p1b: Serperior|Serperior, L50, F|100/100
|turn|5
|c|☆G33KY|lol “perish now”
|c|☆viatles|yeh lol
|inactive|viatles has 30 seconds left.
|inactive|G33KY has 30 seconds left.
|inactive|viatles has 20 seconds left.
|
|t:|1757022521
|switch|p2a: Gothitelle|Gothitelle, L50, M|75/100 par
|move|p2b: Kingdra|Protect|p2b: Kingdra
|-singleturn|p2b: Kingdra|Protect
|move|p1b: Serperior|Leaf Storm|p2b: Kingdra
|-activate|p2b: Kingdra|move: Protect
|move|p1a: Empoleon|Water Pledge|p2a: Gothitelle
|-damage|p2a: Gothitelle|34/100 par
|
|-weather|none
|upkeep
|turn|6
|c|☆viatles|also i would suggest fake out with goth instead of gambling on double protect
|inactive|viatles has 30 seconds left.
|inactive|G33KY has 30 seconds left.
|
|t:|1757022551
|switch|p2b: Politoed|Politoed, L50, F|67/100
|-weather|RainDance|[from] ability: Drizzle|[of] p2b: Politoed
|move|p2a: Gothitelle|Fake Out|p1b: Serperior
|-damage|p1b: Serperior|93/100
|move|p1b: Serperior|Leaf Storm|p2b: Politoed
|-supereffective|p2b: Politoed
|-damage|p2b: Politoed|0 fnt
|-boost|p1b: Serperior|spa|2
|faint|p2b: Politoed
|move|p1a: Empoleon|Flash Cannon|p2a: Gothitelle
|-damage|p2a: Gothitelle|8/100 par
|
|-weather|RainDance|[upkeep]
|upkeep
|c|☆G33KY|I forgot the covert cloak
|inactive|G33KY has 30 seconds left.
|c|☆G33KY|Also I meant to fake out that one turn I misclicked
|inactive|G33KY has 20 seconds left.
|c|☆viatles|ah
|
|t:|1757022589
|switch|p2b: Kingdra|Kingdra, L50, M|100/100
|turn|7
|
|t:|1757022607
|-terastallize|p2b: Kingdra|Stellar
|move|p2b: Kingdra|Draco Meteor|p1b: Serperior
|-damage|p1b: Serperior|11/100
|-unboost|p2b: Kingdra|spa|2
|-damage|p2b: Kingdra|91/100|[from] item: Life Orb
|move|p1b: Serperior|Grass Pledge|p2b: Kingdra
|-waiting|p1b: Serperior|p1a: Empoleon
|move|p1a: Empoleon|Water Pledge|p2b: Kingdra|[from] move: Grass Pledge
|-combine
|-damage|p2b: Kingdra|12/100
|-sidestart|p2: G33KY|Grass Pledge
|move|p2a: Gothitelle|Psychic|p1b: Serperior
|-damage|p1b: Serperior|0 fnt
|faint|p1b: Serperior
|
|-weather|RainDance|[upkeep]
|upkeep
|turn|8
|inactive|G33KY has 30 seconds left.
|inactive|G33KY has 20 seconds left.
|inactive|G33KY has 15 seconds left.
|
|t:|1757022648
|move|p1a: Empoleon|Flash Cannon|p2a: Gothitelle
|-damage|p2a: Gothitelle|0 fnt
|faint|p2a: Gothitelle
|move|p2b: Kingdra|Draco Meteor|p1a: Empoleon
|-resisted|p1a: Empoleon
|-damage|p1a: Empoleon|89/100
|-unboost|p2b: Kingdra|spa|2
|-damage|p2b: Kingdra|2/100|[from] item: Life Orb
|
|-weather|RainDance|[upkeep]
|upkeep
|
|t:|1757022655
|switch|p2a: Archaludon|Archaludon, L50, F|70/100
|turn|9
|
|t:|1757022664
|-terastallize|p1a: Empoleon|Grass
|move|p2b: Kingdra|Protect|p2b: Kingdra
|-singleturn|p2b: Kingdra|Protect
|move|p2a: Archaludon|Protect|p2a: Archaludon
|-singleturn|p2a: Archaludon|Protect
|move|p1a: Empoleon|Flash Cannon|p2a: Archaludon
|-activate|p2a: Archaludon|move: Protect
|
|-weather|RainDance|[upkeep]
|-sideend|p1: viatles|move: Light Screen
|upkeep
|turn|10
|
|t:|1757022683
|move|p1a: Empoleon|Flash Cannon|p2a: Archaludon
|-resisted|p2a: Archaludon
|-damage|p2a: Archaludon|42/100
|move|p2b: Kingdra|Muddy Water|p1a: Empoleon|[miss]
|-miss|p2b: Kingdra|p1a: Empoleon
|move|p2a: Archaludon|Dragon Pulse|p1a: Empoleon
|-damage|p1a: Empoleon|50/100
|
|-weather|none
|-sideend|p2: G33KY|Grass Pledge
|upkeep
|turn|11
|
|t:|1757022706
|move|p2a: Archaludon|Dragon Pulse|p1a: Empoleon
|-damage|p1a: Empoleon|10/100
|move|p2b: Kingdra|Draco Meteor|p1a: Empoleon
|-damage|p1a: Empoleon|0 fnt
|-unboost|p2b: Kingdra|spa|2
|faint|p1a: Empoleon
|-damage|p2b: Kingdra|0 fnt|[from] item: Life Orb
|faint|p2b: Kingdra
|
|win|G33KY
