|j|☆angusgrind13
|j|☆johnnyboythegreat
|html|angusgrind13johnnyboythegreat    
|uhtml|bestof|Game 2 of a best-of-3
|t:|1784821760
|gametype|doubles
|player|p1|angusgrind13|steven|1194
|player|p2|johnnyboythegreat|veteran|1071
|gen|9
|tier|[Gen 9 Champions] VGC 2026 Reg M-B (Bo3)
|rated|
|rule|Species Clause: Limit one of each Pokémon
|rule|Item Clause: Limit 1 of each item
|clearpoke
|poke|p1|Primarina, L50, F|
|poke|p1|Kingambit, L50, M|
|poke|p1|Froslass, L50, F|
|poke|p1|Sneasler, L50, F|
|poke|p1|Lycanroc-Dusk, L50, F|
|poke|p1|Dragonite, L50, M|
|poke|p2|Raichu, L50, M, shiny|
|poke|p2|Dragonite, L50, F|
|poke|p2|Incineroar, L50, F|
|poke|p2|Grimmsnarl, L50, M, shiny|
|poke|p2|Primarina, L50, M, shiny|
|poke|p2|Gholdengo, L50|
|teampreview|4
|showteam|p1|Primarina||LifeOrb|LiquidVoice|HyperVoice,Moonblast,Haze,Protect|Modest||F|||50|]Kingambit||BlackGlasses|Defiant|KowtowCleave,SuckerPunch,SwordsDance,Protect|Adamant||M|||50|]Froslass||Froslassite|CursedBody|Blizzard,ShadowBall,AuroraVeil,Protect|Timid||F|||50|]Sneasler||WhiteHerb|Unburden|GunkShot,CloseCombat,FakeOut,Protect|Adamant||F|||50|]Lycanroc-Dusk||FocusSash|ToughClaws|RockSlide,Accelerock,CloseCombat,Protect|Adamant||F|||50|]Dragonite||Dragoninite|Multiscale|DragonPulse,Flamethrower,Tailwind,Protect|Modest||M|||50|
|showteam|p2|Raichu||RaichuniteY|LightningRod|ZapCannon,Protect,FocusBlast,AlluringVoice|Timid||M|||50|]Dragonite||DragonFang|Multiscale|DragonClaw,ExtremeSpeed,Protect,Tailwind|Adamant||F|||50|]Incineroar||SitrusBerry|Intimidate|FakeOut,PartingShot,FlareBlitz,ThroatChop|Adamant||F|||50|]Grimmsnarl||LightClay|Prankster|Reflect,LightScreen,SpiritBreak,FoulPlay|Impish||M|||50|]Primarina||MysticWater|LiquidVoice|HyperVoice,Protect,Moonblast,IceBeam|Modest||M|||50|]Gholdengo||MetalCoat|GoodasGold|MakeItRain,NastyPlot,Protect,ShadowBall|Modest|||||50|
|inactive|Battle timer is ON: inactive players will automatically lose when time's up. (requested by angusgrind13)
|
|t:|1784821790
|teamsize|p1|4
|teamsize|p2|4
|start
|switch|p1a: Froslass|Froslass, L50, F|100/100
|switch|p1b: Sneasler|Sneasler, L50, F|100/100
|switch|p2a: Gholdengo|Gholdengo, L50|100/100
|switch|p2b: Primarina|Primarina, L50, M, shiny|100/100
|turn|1
|inactive|johnnyboythegreat has 30 seconds left.
|
|t:|1784821817
|detailschange|p1a: Froslass|Froslass-Mega, L50, F
|-mega|p1a: Froslass|Froslass|Froslassite
|-weather|Snowscape|[from] ability: Snow Warning|[of] p1a: Froslass
|move|p1a: Froslass|Shadow Ball|p2a: Gholdengo
|-supereffective|p2a: Gholdengo|1
|-damage|p2a: Gholdengo|8/100
|move|p1b: Sneasler|Gunk Shot|p2b: Primarina
|-supereffective|p2b: Primarina|1
|-damage|p2b: Primarina|0 fnt
|faint|p2b: Primarina
|move|p2a: Gholdengo|Make It Rain|p1b: Sneasler|[spread] p1a,p1b
|-supereffective|p1a: Froslass|1
|-damage|p1a: Froslass|0 fnt
|-damage|p1b: Sneasler|24/100
|-unboost|p2a: Gholdengo|spa|2
|faint|p1a: Froslass
|
|-weather|Snowscape|[upkeep]
|upkeep
|
|t:|1784821834
|switch|p1a: Primarina|Primarina, L50, F|100/100
|switch|p2b: Raichu|Raichu, L50, M, shiny|100/100
|turn|2
|inactive|angusgrind13 has 30 seconds left.
|
|t:|1784821866
|switch|p1a: Kingambit|Kingambit, L50, M|100/100
|detailschange|p2b: Raichu|Raichu-Mega-Y, L50, M, shiny
|-mega|p2b: Raichu|Raichu|Raichunite Y
|move|p2a: Gholdengo|Protect|p2a: Gholdengo
|-singleturn|p2a: Gholdengo|Protect
|move|p2b: Raichu|Zap Cannon|p1b: Sneasler
|-damage|p1b: Sneasler|0 fnt
|faint|p1b: Sneasler
|
|-weather|Snowscape|[upkeep]
|upkeep
|
|t:|1784821873
|switch|p1b: Primarina|Primarina, L50, F|100/100
|turn|3
|
|t:|1784821893
|move|p1b: Primarina|Protect|p1b: Primarina
|-singleturn|p1b: Primarina|Protect
|move|p1a: Kingambit|Sucker Punch|p2b: Raichu
|-damage|p2b: Raichu|0 fnt
|faint|p2b: Raichu
|move|p2a: Gholdengo|Shadow Ball|p1b: Primarina
|-activate|p1b: Primarina|move: Protect
|
|-weather|Snowscape|[upkeep]
|upkeep
|
|t:|1784821901
|switch|p2b: Incineroar|Incineroar, L50, F|100/100
|-ability|p2b: Incineroar|Intimidate|boost
|-unboost|p1a: Kingambit|atk|1
|-ability|p1a: Kingambit|Defiant|boost
|-boost|p1a: Kingambit|atk|2
|-unboost|p1b: Primarina|atk|1
|turn|4
|
|t:|1784821914
|move|p2b: Incineroar|Fake Out|p1b: Primarina
|-damage|p1b: Primarina|77/100
|move|p1a: Kingambit|Sucker Punch|p2a: Gholdengo
|-supereffective|p2a: Gholdengo|1
|-damage|p2a: Gholdengo|0 fnt
|faint|p2a: Gholdengo
|cant|p1b: Primarina|flinch
|
|-weather|Snowscape|[upkeep]
|upkeep
|turn|5
|
|t:|1784821928
|move|p1a: Kingambit|Sucker Punch|p2b: Incineroar
|-resisted|p2b: Incineroar|1
|-damage|p2b: Incineroar|61/100
|move|p1b: Primarina|Hyper Voice|p2b: Incineroar
|-supereffective|p2b: Incineroar|1
|-damage|p2b: Incineroar|0 fnt
|faint|p2b: Incineroar
|-damage|p1b: Primarina|68/100|[from] item: Life Orb
|
|win|angusgrind13
|raw|angusgrind13's rating: 1194 → 1211(+17 for winning)
|raw|johnnyboythegreat's rating: 1071 → 1057(-14 for losing)
