|j|☆myshirtisdirty
|j|☆blaoh123
|html|myshirtisdirtyblaoh123    
|uhtml|bestof|Game 1 of a best-of-3
|t:|1757909394
|gametype|doubles
|player|p1|myshirtisdirty|1|
|player|p2|blaoh123|akari|
|gen|9
|tier|[Gen 9] VGC 2025 Reg H (Bo3)
|rule|Species Clause: Limit one of each Pokémon
|rule|Item Clause: Limit 1 of each item
|clearpoke
|poke|p1|Indeedee-F, L50, F|
|poke|p1|Gallade, L50, M|
|poke|p1|Ursaluna, L50, F|
|poke|p1|Torkoal, L50, M|
|poke|p1|Hatterene, L50, F|
|poke|p1|Lilligant-Hisui, L50, F|
|poke|p2|Archaludon, L50, F|
|poke|p2|Pelipper, L50, M|
|poke|p2|Basculegion, L50, M|
|poke|p2|Ursaluna-Bloodmoon, L50, M|
|poke|p2|Whimsicott, L50, F|
|poke|p2|Incineroar, L50, F|
|teampreview|4
|showteam|p1|Indeedee-F||SafetyGoggles|PsychicSurge|DazzlingGleam,HelpingHand,TrickRoom,FollowMe|||F|||50|,,,,,Fairy]Gallade||ClearAmulet|Sharpness|PsychoCut,SacredSword,TrickRoom,WideGuard|||M|||50|,,,,,Steel]Ursaluna||FlameOrb|Guts|Facade,Earthquake,HeadlongRush,Protect|||F|||50|,,,,,Ghost]Torkoal||ChoiceSpecs|Drought|WeatherBall,HeatWave,Eruption,EarthPower|||M|||50|,,,,,Grass]Hatterene||LifeOrb|MagicBounce|ExpandingForce,DazzlingGleam,MysticalFire,TrickRoom|||F|||50|,,,,,Water]Lilligant-Hisui||FocusSash|Chlorophyll|SleepPowder,AfterYou,CloseCombat,SolarBlade|||F|||50|,,,,,Ghost
|showteam|p2|Archaludon||AssaultVest|Stamina|ElectroShot,BodyPress,FlashCannon,DracoMeteor|||F|||50|,,,,,Grass]Pelipper||FocusSash|Drizzle|Hurricane,WeatherBall,WideGuard,Surf|||M|||50|,,,,,Ghost]Basculegion||ChoiceScarf|Adaptability|WaveCrash,LastRespects,FlipTurn,IceFang|||M|||50|,,,,,Grass]Ursaluna-Bloodmoon||LifeOrb|MindsEye|BloodMoon,HyperVoice,EarthPower,Protect|||M|||50|,,,,,Normal]Whimsicott||CovertCloak|Prankster|Tailwind,Encore,TrickRoom,Moonblast|||F|||50|,,,,,Water]Incineroar||ChopleBerry|Intimidate|FakeOut,KnockOff,FlareBlitz,PartingShot|||F|||50|,,,,,Flying
|c|☆myshirtisdirty|yoo
|c|☆myshirtisdirty|im so high right now
|c|☆myshirtisdirty|i was so fucking confused when i saw my team on both sides
|inactive|Battle timer is ON: inactive players will automatically lose when time's up. (requested by blaoh123)
|c|☆myshirtisdirty|but thanks for the games
|
|t:|1757909460
|teamsize|p1|4
|teamsize|p2|4
|start
|switch|p1a: Indeedee|Indeedee-F, L50, F|100/100
|switch|p1b: Gallade|Gallade, L50, M, shiny|100/100
|switch|p2a: Whimsicott|Whimsicott, L50, F|100/100
|switch|p2b: Basculegion|Basculegion, L50, M|100/100
|-fieldstart|move: Psychic Terrain|[from] ability: Psychic Surge|[of] p1a: Indeedee
|turn|1
|inactive|blaoh123 has 30 seconds left.
|
|t:|1757909486
|move|p1a: Indeedee|Follow Me|p1a: Indeedee
|-singleturn|p1a: Indeedee|move: Follow Me
|move|p2b: Basculegion|Flip Turn|p1a: Indeedee
|-crit|p1a: Indeedee
|-damage|p1a: Indeedee|38/100
|
|t:|1757909489
|switch|p2b: Pelipper|Pelipper, L50, M|100/100|[from] Flip Turn
|-weather|RainDance|[from] ability: Drizzle|[of] p2b: Pelipper
|move|p2a: Whimsicott|Trick Room|p2a: Whimsicott
|-fieldstart|move: Trick Room|[of] p2a: Whimsicott
|move|p1b: Gallade|Trick Room|p1b: Gallade
|-fieldend|move: Trick Room
|
|-weather|RainDance|[upkeep]
|upkeep
|turn|2
|
|t:|1757909510
|move|p1a: Indeedee|Follow Me|p1a: Indeedee
|-singleturn|p1a: Indeedee|move: Follow Me
|move|p2b: Pelipper|Hurricane|p1a: Indeedee
|-damage|p1a: Indeedee|0 fnt
|faint|p1a: Indeedee
|move|p1b: Gallade|Psycho Cut|p2a: Whimsicott
|-damage|p2a: Whimsicott|5/100
|move|p2a: Whimsicott|Trick Room|p2a: Whimsicott
|-fieldstart|move: Trick Room|[of] p2a: Whimsicott
|
|-weather|RainDance|[upkeep]
|upkeep
|
|t:|1757909520
|switch|p1a: Hatterene|Hatterene, L50, F|100/100
|turn|3
|
|t:|1757909530
|move|p2b: Pelipper|Wide Guard|p2b: Pelipper
|-singleturn|p2b: Pelipper|Wide Guard
|move|p1a: Hatterene|Mystical Fire|p2a: Whimsicott
|-supereffective|p2a: Whimsicott
|-damage|p2a: Whimsicott|0 fnt
|faint|p2a: Whimsicott
|-damage|p1a: Hatterene|91/100|[from] item: Life Orb
|move|p1b: Gallade|Psycho Cut|p2b: Pelipper
|-damage|p2b: Pelipper|8/100
|
|-weather|RainDance|[upkeep]
|upkeep
|
|t:|1757909534
|switch|p2a: Archaludon|Archaludon, L50, F|100/100
|turn|4
|
|t:|1757909549
|-terastallize|p2a: Archaludon|Grass
|move|p2b: Pelipper|Wide Guard|p2b: Pelipper
|-singleturn|p2b: Pelipper|Wide Guard
|move|p1a: Hatterene|Expanding Force|p2b: Pelipper|[spread] 
|-activate|p2a: Archaludon|move: Wide Guard
|-activate|p2b: Pelipper|move: Wide Guard
|move|p1b: Gallade|Sacred Sword|p2a: Archaludon
|-damage|p2a: Archaludon|50/100
|-ability|p2a: Archaludon|Stamina|boost
|-boost|p2a: Archaludon|def|1
|move|p2a: Archaludon|Flash Cannon|p1a: Hatterene
|-supereffective|p1a: Hatterene
|-damage|p1a: Hatterene|14/100
|
|-weather|RainDance|[upkeep]
|upkeep
|turn|5
|inactive|myshirtisdirty has 30 seconds left.
|
|t:|1757909576
|move|p2b: Pelipper|Wide Guard|p2b: Pelipper
|-singleturn|p2b: Pelipper|Wide Guard
|move|p1a: Hatterene|Mystical Fire|p2b: Pelipper
|-resisted|p2b: Pelipper
|-damage|p2b: Pelipper|0 fnt
|faint|p2b: Pelipper
|-damage|p1a: Hatterene|4/100|[from] item: Life Orb
|move|p1b: Gallade|Psycho Cut|p2a: Archaludon
|-damage|p2a: Archaludon|16/100
|-ability|p2a: Archaludon|Stamina|boost
|-boost|p2a: Archaludon|def|1
|move|p2a: Archaludon|Electro Shot||[still]
|-prepare|p2a: Archaludon|Electro Shot
|-boost|p2a: Archaludon|spa|1
|-anim|p2a: Archaludon|Electro Shot|p1a: Hatterene
|-damage|p1a: Hatterene|0 fnt
|faint|p1a: Hatterene
|
|-weather|none
|-fieldend|move: Psychic Terrain
|upkeep
|
|t:|1757909590
|switch|p1a: Ursaluna|Ursaluna, L50, F|100/100
|switch|p2b: Basculegion|Basculegion, L50, M|100/100
|turn|6
|inactive|myshirtisdirty has 30 seconds left.
|inactive|myshirtisdirty has 20 seconds left.
|inactive|myshirtisdirty has 15 seconds left.
|inactive|myshirtisdirty has 10 seconds left.
|inactive|myshirtisdirty has 5 seconds left.
|
|t:|1757909641
|-terastallize|p1a: Ursaluna|Ghost
|move|p1a: Ursaluna|Headlong Rush|p2b: Basculegion
|-damage|p2b: Basculegion|6/100
|-unboost|p1a: Ursaluna|def|1
|-unboost|p1a: Ursaluna|spd|1
|move|p1b: Gallade|Sacred Sword|p2a: Archaludon
|-damage|p2a: Archaludon|0 fnt
|faint|p2a: Archaludon
|move|p2b: Basculegion|Wave Crash|p1b: Gallade
|-damage|p1b: Gallade|0 fnt
|faint|p1b: Gallade
|-damage|p2b: Basculegion|0 fnt|[from] Recoil
|faint|p2b: Basculegion
|
|win|myshirtisdirty
||blaoh123 is ready for game 2.
|inactive|myshirtisdirty has 30 seconds to confirm battle start!
|l|☆blaoh123
|player|p2|
||myshirtisdirty is ready for game 2.
|uhtml|next|Next: Game 2 of 3
|l|☆myshirtisdirty
|player|p1|
|j|☆myshirtisdirty
|player|p1|myshirtisdirty|1|
