|j|☆horsecargo
|j|☆LPTesting1
|html|horsecargoLPTesting1    
|uhtml|bestof|Game 1 of a best-of-3
|t:|1756589478
|gametype|doubles
|player|p1|horsecargo|101|1070
|player|p2|LPTesting1|gentleman-gen4|1055
|gen|9
|tier|[Gen 9] VGC 2025 Reg H (Bo3)
|rated|
|rule|Species Clause: Limit one of each Pokémon
|rule|Item Clause: Limit 1 of each item
|clearpoke
|poke|p1|Primarina, L50, F|
|poke|p1|Sneasler, L50, F|
|poke|p1|Rillaboom, L50, F|
|poke|p1|Electabuzz, L50, M|
|poke|p1|Arcanine-Hisui, L50, F|
|poke|p1|Whimsicott, L50, F|
|poke|p2|Maushold, L50|
|poke|p2|Annihilape, L50, M|
|poke|p2|Sinistcha, L50|
|poke|p2|Pelipper, L50, F|
|poke|p2|Archaludon, L50, M|
|poke|p2|Incineroar, L50, M|
|teampreview|4
|showteam|p1|Primarina||ThroatSpray|LiquidVoice|HyperVoice,Moonblast,Haze,Protect|||F|||50|,,,,,Poison]Sneasler||GrassySeed|Unburden|DireClaw,CloseCombat,Protect,ThroatChop|||F|||50|,,,,,Dark]Rillaboom||AssaultVest|GrassySurge|FakeOut,GrassyGlide,WoodHammer,HighHorsepower|||F|||50|,,,,,Fire]Electabuzz||Eviolite|VitalSpirit|FollowMe,HelpingHand,Protect,Thunderbolt|||M|||50|,,,,,Ghost]Arcanine-Hisui||ChoiceBand|Intimidate|FlareBlitz,CloseCombat,ExtremeSpeed,RockSlide|||F|||50|,,,,,Grass]Whimsicott||FocusSash|Prankster|Tailwind,Encore,SunnyDay,Moonblast|||F|||50|,,,,,Ghost
|showteam|p2|Maushold||SafetyGoggles|FriendGuard|BeatUp,Taunt,FollowMe,Protect||||||50|,,,,,Ghost]Annihilape||Leftovers|Defiant|RageFist,DrainPunch,BulkUp,Protect|||M|||50|,,,,,Grass]Sinistcha||RockyHelmet|Hospitality|MatchaGotcha,LifeDew,TrickRoom,RagePowder||||||50|,,,,,Water]Pelipper||FocusSash|Drizzle|WeatherBall,Hurricane,Tailwind,WideGuard|||F|||50|,,,,,Ghost]Archaludon||AssaultVest|Stamina|ElectroShot,DragonPulse,FlashCannon,BodyPress|||M|||50|,,,,,Grass]Incineroar||SitrusBerry|Intimidate|FlareBlitz,KnockOff,PartingShot,FakeOut|||M|||50|,,,,,Grass
|inactive|Battle timer is ON: inactive players will automatically lose when time's up. (requested by horsecargo)
|
|t:|1756589546
|teamsize|p1|4
|teamsize|p2|4
|start
|switch|p1a: Whimsicott|Whimsicott, L50, F|100/100
|switch|p1b: Electabuzz|Electabuzz, L50, M|100/100
|switch|p2a: Pelipper|Pelipper, L50, F|100/100
|switch|p2b: Archaludon|Archaludon, L50, M|100/100
|-weather|RainDance|[from] ability: Drizzle|[of] p2a: Pelipper
|turn|1
|inactive|horsecargo has 30 seconds left.
|inactive|LPTesting1 has 30 seconds left.
|inactive|horsecargo has 20 seconds left.
|inactive|horsecargo has 15 seconds left.
|
|t:|1756589589
|move|p1b: Electabuzz|Follow Me|p1b: Electabuzz
|-singleturn|p1b: Electabuzz|move: Follow Me
|move|p1a: Whimsicott|Tailwind|p1a: Whimsicott
|-sidestart|p1: horsecargo|move: Tailwind
|move|p2b: Archaludon|Dragon Pulse|p1b: Electabuzz
|-damage|p1b: Electabuzz|67/100
|move|p2a: Pelipper|Tailwind|p2a: Pelipper
|-sidestart|p2: LPTesting1|move: Tailwind
|
|-weather|RainDance|[upkeep]
|upkeep
|turn|2
|
|t:|1756589611
|switch|p2a: Incineroar|Incineroar, L50, M|100/100
|-ability|p2a: Incineroar|Intimidate|boost
|-unboost|p1a: Whimsicott|atk|1
|-unboost|p1b: Electabuzz|atk|1
|move|p1a: Whimsicott|Sunny Day|p1a: Whimsicott
|-weather|SunnyDay
|move|p1b: Electabuzz|Thunderbolt|p2a: Incineroar
|-damage|p2a: Incineroar|73/100
|move|p2b: Archaludon|Flash Cannon|p1a: Whimsicott
|-supereffective|p1a: Whimsicott
|-enditem|p1a: Whimsicott|Focus Sash
|-damage|p1a: Whimsicott|1/100
|
|-weather|SunnyDay|[upkeep]
|upkeep
|turn|3
|
|t:|1756589634
|switch|p1a: Arcanine|Arcanine-Hisui, L50, F|100/100
|-ability|p1a: Arcanine|Intimidate|boost
|-unboost|p2a: Incineroar|atk|1
|-unboost|p2b: Archaludon|atk|1
|move|p1b: Electabuzz|Protect|p1b: Electabuzz
|-singleturn|p1b: Electabuzz|Protect
|move|p2a: Incineroar|Fake Out|p1a: Arcanine
|-resisted|p1a: Arcanine
|-damage|p1a: Arcanine|96/100
|move|p2b: Archaludon|Dragon Pulse|p1b: Electabuzz
|-activate|p1b: Electabuzz|move: Protect
|
|-weather|SunnyDay|[upkeep]
|upkeep
|turn|4
|inactive|LPTesting1 has 30 seconds left.
|inactive|horsecargo has 30 seconds left.
|
|t:|1756589673
|switch|p2a: Pelipper|Pelipper, L50, F|100/100
|-weather|RainDance|[from] ability: Drizzle|[of] p2a: Pelipper
|move|p1b: Electabuzz|Follow Me|p1b: Electabuzz
|-singleturn|p1b: Electabuzz|move: Follow Me
|move|p1a: Arcanine|Close Combat|p2b: Archaludon
|-supereffective|p2b: Archaludon
|-damage|p2b: Archaludon|23/100
|-unboost|p1a: Arcanine|def|1
|-unboost|p1a: Arcanine|spd|1
|-ability|p2b: Archaludon|Stamina|boost
|-boost|p2b: Archaludon|def|1
|move|p2b: Archaludon|Electro Shot||[still]
|-prepare|p2b: Archaludon|Electro Shot
|-boost|p2b: Archaludon|spa|1
|-anim|p2b: Archaludon|Electro Shot|p1b: Electabuzz
|-resisted|p1b: Electabuzz
|-damage|p1b: Electabuzz|41/100
|
|-weather|RainDance|[upkeep]
|-sideend|p2: LPTesting1|move: Tailwind
|-sideend|p1: horsecargo|move: Tailwind
|upkeep
|turn|5
|inactive|horsecargo has 30 seconds left.
|inactive|LPTesting1 has 30 seconds left.
|inactive|LPTesting1 has 20 seconds left.
|inactive|LPTesting1 has 15 seconds left.
|inactive|LPTesting1 has 10 seconds left.
|inactive|LPTesting1 has 5 seconds left.
|
|t:|1756589726
|switch|p2a: Sinistcha|Sinistcha, L50|100/100
|-heal|p2b: Archaludon|48/100|[from] ability: Hospitality|[of] p2a: Sinistcha
|-terastallize|p2b: Archaludon|Grass
|move|p1a: Arcanine|Close Combat|p2b: Archaludon
|-damage|p2b: Archaludon|21/100
|-unboost|p1a: Arcanine|def|1
|-unboost|p1a: Arcanine|spd|1
|-ability|p2b: Archaludon|Stamina|boost
|-boost|p2b: Archaludon|def|1
|move|p1b: Electabuzz|Thunderbolt|p2a: Sinistcha
|-resisted|p2a: Sinistcha
|-damage|p2a: Sinistcha|85/100
|move|p2b: Archaludon|Body Press|p1a: Arcanine
|-supereffective|p1a: Arcanine
|-damage|p1a: Arcanine|0 fnt
|faint|p1a: Arcanine
|
|-weather|RainDance|[upkeep]
|upkeep
|
|t:|1756589744
|switch|p1a: Whimsicott|Whimsicott, L50, F|1/100
|turn|6
|
|t:|1756589766
|switch|p2b: Incineroar|Incineroar, L50, M|73/100
|-ability|p2b: Incineroar|Intimidate|boost
|-unboost|p1a: Whimsicott|atk|1
|-unboost|p1b: Electabuzz|atk|1
|move|p1b: Electabuzz|Follow Me|p1b: Electabuzz
|-singleturn|p1b: Electabuzz|move: Follow Me
|move|p1a: Whimsicott|Sunny Day|p1a: Whimsicott
|-weather|SunnyDay
|move|p2a: Sinistcha|Matcha Gotcha|p1a: Whimsicott|[spread] p1a,p1b
|-resisted|p1a: Whimsicott
|-damage|p1a: Whimsicott|0 fnt
|-heal|p2a: Sinistcha|85/100|[from] drain|[of] p1a: Whimsicott
|-damage|p1b: Electabuzz|21/100
|-heal|p2a: Sinistcha|95/100|[from] drain|[of] p1b: Electabuzz
|faint|p1a: Whimsicott
|
|-weather|SunnyDay|[upkeep]
|upkeep
|
|t:|1756589781
|switch|p1a: Rillaboom|Rillaboom, L50, F|100/100
|-fieldstart|move: Grassy Terrain|[from] ability: Grassy Surge|[of] p1a: Rillaboom
|turn|7
|inactive|LPTesting1 has 30 seconds left.
|
|t:|1756589815
|switch|p2b: Archaludon|Archaludon, L50, M, tera:Grass|21/100
|move|p1b: Electabuzz|Helping Hand|p1a: Rillaboom
|-singleturn|p1a: Rillaboom|Helping Hand|[of] p1b: Electabuzz
|move|p1a: Rillaboom|High Horsepower|p2b: Archaludon
|-resisted|p2b: Archaludon
|-damage|p2b: Archaludon|3/100
|-ability|p2b: Archaludon|Stamina|boost
|-boost|p2b: Archaludon|def|1
|move|p2a: Sinistcha|Matcha Gotcha|p1a: Rillaboom|[spread] p1a,p1b
|-resisted|p1a: Rillaboom
|-damage|p1a: Rillaboom|88/100
|-heal|p2a: Sinistcha|100/100|[from] drain|[of] p1a: Rillaboom
|-damage|p1b: Electabuzz|0 fnt
|faint|p1b: Electabuzz
|
|-weather|SunnyDay|[upkeep]
|-heal|p1a: Rillaboom|94/100|[from] Grassy Terrain
|-heal|p2b: Archaludon|9/100|[from] Grassy Terrain
|upkeep
|turn|8
|inactive|LPTesting1 has 30 seconds left.
|
|t:|1756589847
|switch|p2b: Incineroar|Incineroar, L50, M|73/100
|-ability|p2b: Incineroar|Intimidate|boost
|-unboost|p1a: Rillaboom|atk|1
|move|p1a: Rillaboom|Wood Hammer|p2b: Incineroar
|-resisted|p2b: Incineroar
|-damage|p2b: Incineroar|48/100
|-enditem|p2b: Incineroar|Sitrus Berry|[eat]
|-heal|p2b: Incineroar|73/100|[from] item: Sitrus Berry
|-damage|p1a: Rillaboom|86/100|[from] Recoil
|move|p2a: Sinistcha|Life Dew||[still]|[spread] p2a,p2b
|-fail|p2a: Sinistcha|heal
|-heal|p2b: Incineroar|98/100
|
|-weather|SunnyDay|[upkeep]
|-heal|p1a: Rillaboom|92/100|[from] Grassy Terrain
|-heal|p2b: Incineroar|100/100|[from] Grassy Terrain
|upkeep
|turn|9
|inactive|LPTesting1 has 30 seconds left.
|
|t:|1756589873
|move|p1a: Rillaboom|High Horsepower|p2b: Incineroar
|-supereffective|p2b: Incineroar
|-damage|p2b: Incineroar|60/100
|move|p2b: Incineroar|Flare Blitz|p1a: Rillaboom
|-supereffective|p1a: Rillaboom
|-damage|p1a: Rillaboom|0 fnt
|faint|p1a: Rillaboom
|-damage|p2b: Incineroar|29/100|[from] Recoil
|
|win|LPTesting1
||horsecargo is ready for game 2.
|inactive|LPTesting1 has 30 seconds to confirm battle start!
