|j|☆gabriaut7
|j|☆Rumato
|html|gabriaut7Rumato    
|uhtml|bestof|Game 1 of a best-of-3
|t:|1757682363
|gametype|doubles
|player|p1|gabriaut7|265|1192
|player|p2|Rumato|102|1094
|gen|9
|tier|[Gen 9] VGC 2025 Reg H (Bo3)
|rated|
|rule|Species Clause: Limit one of each Pokémon
|rule|Item Clause: Limit 1 of each item
|clearpoke
|poke|p1|Archaludon, L50, M|
|poke|p1|Dragonite, L50, M|
|poke|p1|Pelipper, L50, F|
|poke|p1|Ursaluna, L50, M|
|poke|p1|Sinistcha, L50|
|poke|p1|Gholdengo, L50|
|poke|p2|Weezing, L50, M|
|poke|p2|Slaking, L50, F|
|poke|p2|Rillaboom, L50, M|
|poke|p2|Amoonguss, L50, F|
|poke|p2|Typhlosion-Hisui, L50, M|
|poke|p2|Kleavor, L50, M|
|teampreview|4
|showteam|p1|Archaludon||AssaultVest|Stamina|FlashCannon,BodyPress,ElectroShot,Snarl|||M|||50|,,,,,Fighting]Dragonite||LoadedDice|Multiscale|ScaleShot,Tailwind,Haze,Protect|||M|||50|,,,,,Fairy]Pelipper||FocusSash|Drizzle|MuddyWater,Hurricane,Tailwind,Protect|||F|||50|,,,,,Ghost]Ursaluna||FlameOrb|Guts|Facade,HeadlongRush,Earthquake,Protect|||M|||50|,,,,,Ghost]Sinistcha||SitrusBerry|Hospitality|MatchaGotcha,LifeDew,RagePowder,TrickRoom||||||50|,,,,,Dark]Gholdengo||ChoiceScarf|GoodasGold|MakeItRain,ShadowBall,Trick,Protect||||||50|,,,,,Flying
|showteam|p2|Weezing||Leftovers|NeutralizingGas|Protect,PoisonGas,SludgeBomb,HeatWave|||M|||50|,,,,,Dark]Slaking||CovertCloak|Truant|BodySlam,KnockOff,Yawn,DrainPunch|||F|||50|,,,,,Ghost]Rillaboom||AssaultVest|GrassySurge|FakeOut,Uturn,GrassyGlide,WoodHammer|||M|||50|,,,,,Fire]Amoonguss||SitrusBerry|Regenerator|Spore,Protect,RagePowder,SludgeBomb|||F|||50|,,,,,Water]Typhlosion-Hisui||ChoiceSpecs|Blaze|Eruption,TeraBlast,HeatWave,ShadowBall|||M|||50|,,,,,Fighting]Kleavor||ClearAmulet|Sharpness|NightSlash,XScissor,Tailwind,StoneAxe|||M|||50|,,,,,Water
|inactive|Battle timer is ON: inactive players will automatically lose when time's up. (requested by Rumato)
|inactive|Rumato has 60 seconds left.
|
|t:|1757682412
|teamsize|p1|4
|teamsize|p2|4
|start
|switch|p1a: Archaludon|Archaludon, L50, M|100/100
|switch|p1b: Pelipper|Pelipper, L50, F|100/100
|switch|p2a: Weezing|Weezing, L50, M|100/100
|switch|p2b: Typhlosion|Typhlosion-Hisui, L50, M|100/100
|-ability|p2a: Weezing|Neutralizing Gas
|turn|1
|inactive|gabriaut7 has 30 seconds left.
|
|t:|1757682441
|-terastallize|p2b: Typhlosion|Fighting
|move|p2b: Typhlosion|Tera Blast|p1a: Archaludon|[anim] Tera Blast Fighting
|-supereffective|p1a: Archaludon
|-damage|p1a: Archaludon|15/100
|move|p1b: Pelipper|Muddy Water|p2a: Weezing|[spread] p2a,p2b
|-damage|p2a: Weezing|74/100
|-damage|p2b: Typhlosion|60/100
|move|p1a: Archaludon|Snarl|p2b: Typhlosion|[spread] p2a,p2b
|-resisted|p2b: Typhlosion
|-crit|p2b: Typhlosion
|-damage|p2a: Weezing|62/100
|-damage|p2b: Typhlosion|49/100
|-unboost|p2a: Weezing|spa|1
|-unboost|p2b: Typhlosion|spa|1
|move|p2a: Weezing|Poison Gas|p1b: Pelipper|[spread] 
|-miss|p2a: Weezing|p1b: Pelipper
|-immune|p1a: Archaludon
|
|-heal|p2a: Weezing|67/100|[from] item: Leftovers
|upkeep
|turn|2
|inactive|gabriaut7 has 30 seconds left.
|
|t:|1757682472
|switch|p2b: Rillaboom|Rillaboom, L50, M|100/100
|switch|p1a: Dragonite|Dragonite, L50, M|100/100
|move|p1b: Pelipper|Muddy Water|p2a: Weezing|[spread] p2a,p2b
|-resisted|p2b: Rillaboom
|-crit|p2b: Rillaboom
|-damage|p2a: Weezing|39/100
|-damage|p2b: Rillaboom|81/100
|-unboost|p2a: Weezing|accuracy|1
|move|p2a: Weezing|Poison Gas|p1b: Pelipper|[spread] p1a
|-miss|p2a: Weezing|p1b: Pelipper
|-status|p1a: Dragonite|psn
|
|-heal|p2a: Weezing|45/100|[from] item: Leftovers
|-damage|p1a: Dragonite|89/100 psn|[from] psn
|upkeep
|turn|3
|
|t:|1757682496
|move|p1a: Dragonite|Protect|p1a: Dragonite
|-singleturn|p1a: Dragonite|Protect
|move|p1b: Pelipper|Protect|p1b: Pelipper
|-singleturn|p1b: Pelipper|Protect
|move|p2b: Rillaboom|Fake Out|p1a: Dragonite
|-activate|p1a: Dragonite|move: Protect
|move|p2a: Weezing|Sludge Bomb|p1b: Pelipper
|-activate|p1b: Pelipper|move: Protect
|
|-heal|p2a: Weezing|51/100|[from] item: Leftovers
|-damage|p1a: Dragonite|77/100 psn|[from] psn
|upkeep
|turn|4
|
|t:|1757682519
|move|p2a: Weezing|Protect|p2a: Weezing
|-singleturn|p2a: Weezing|Protect
|move|p1a: Dragonite|Scale Shot|p2a: Weezing
|-activate|p2a: Weezing|move: Protect
|move|p1b: Pelipper|Tailwind|p1b: Pelipper
|-sidestart|p1: gabriaut7|move: Tailwind
|move|p2b: Rillaboom|U-turn|p1b: Pelipper
|-resisted|p1b: Pelipper
|-damage|p1b: Pelipper|84/100
|
|t:|1757682528
|switch|p2b: Kleavor|Kleavor, L50, M|100/100|[from] U-turn
|
|-heal|p2a: Weezing|57/100|[from] item: Leftovers
|-damage|p1a: Dragonite|65/100 psn|[from] psn
|upkeep
|turn|5
|
|t:|1757682546
|move|p1a: Dragonite|Scale Shot|p2b: Kleavor
|-damage|p2b: Kleavor|86/100
|-crit|p2b: Kleavor
|-damage|p2b: Kleavor|63/100
|-damage|p2b: Kleavor|46/100
|-damage|p2b: Kleavor|31/100
|-damage|p2b: Kleavor|16/100
|-hitcount|p2b: Kleavor|5
|-unboost|p1a: Dragonite|def|1
|-boost|p1a: Dragonite|spe|1
|move|p1b: Pelipper|Muddy Water|p2a: Weezing|[spread] p2a,p2b
|-supereffective|p2b: Kleavor
|-damage|p2a: Weezing|27/100
|-damage|p2b: Kleavor|0 fnt
|faint|p2b: Kleavor
|move|p2a: Weezing|Sludge Bomb|p1b: Pelipper
|-damage|p1b: Pelipper|52/100
|
|-heal|p2a: Weezing|33/100|[from] item: Leftovers
|-damage|p1a: Dragonite|53/100 psn|[from] psn
|upkeep
|
|t:|1757682567
|switch|p2b: Rillaboom|Rillaboom, L50, M|81/100
|turn|6
|
|t:|1757682574
|move|p1a: Dragonite|Scale Shot|p2a: Weezing
|-damage|p2a: Weezing|21/100
|-damage|p2a: Weezing|9/100
|-damage|p2a: Weezing|0 fnt
|faint|p2a: Weezing
|-end|p2a: Weezing|ability: Neutralizing Gas
|-weather|RainDance|[from] ability: Drizzle|[of] p1b: Pelipper
|-fieldstart|move: Grassy Terrain|[from] ability: Grassy Surge|[of] p2b: Rillaboom
|-hitcount|p2: Weezing|3
|-unboost|p1a: Dragonite|def|1
|-boost|p1a: Dragonite|spe|1
|move|p2b: Rillaboom|Grassy Glide|p1b: Pelipper
|-damage|p1b: Pelipper|3/100
|move|p1b: Pelipper|Muddy Water|p2b: Rillaboom
|-resisted|p2b: Rillaboom
|-crit|p2b: Rillaboom
|-damage|p2b: Rillaboom|42/100
|
|-weather|RainDance|[upkeep]
|-heal|p2b: Rillaboom|47/100|[from] Grassy Terrain
|-damage|p1a: Dragonite|41/100 psn|[from] psn
|upkeep
|
|t:|1757682594
|switch|p2a: Typhlosion|Typhlosion-Hisui, L50, M, tera:Fighting|49/100
|turn|7
|
|t:|1757682610
|move|p1b: Pelipper|Protect|p1b: Pelipper
|-singleturn|p1b: Pelipper|Protect
|move|p2b: Rillaboom|Grassy Glide|p1a: Dragonite
|-resisted|p1a: Dragonite
|-damage|p1a: Dragonite|18/100 psn
|move|p1a: Dragonite|Scale Shot|p2a: Typhlosion
|-damage|p2a: Typhlosion|29/100
|-damage|p2a: Typhlosion|9/100
|-damage|p2a: Typhlosion|0 fnt
|faint|p2a: Typhlosion
|-hitcount|p2: Typhlosion|3
|-unboost|p1a: Dragonite|def|1
|-boost|p1a: Dragonite|spe|1
|
|-weather|RainDance|[upkeep]
|-heal|p2b: Rillaboom|53/100|[from] Grassy Terrain
|-damage|p1a: Dragonite|6/100 psn|[from] psn
|-sideend|p1: gabriaut7|move: Tailwind
|upkeep
|turn|8
|
|t:|1757682630
|move|p2b: Rillaboom|Grassy Glide|p1b: Pelipper
|-damage|p1b: Pelipper|0 fnt
|faint|p1b: Pelipper
|move|p1a: Dragonite|Scale Shot|p2b: Rillaboom
|-damage|p2b: Rillaboom|39/100
|-damage|p2b: Rillaboom|26/100
|-damage|p2b: Rillaboom|12/100
|-damage|p2b: Rillaboom|0 fnt
|faint|p2b: Rillaboom
|-hitcount|p2: Rillaboom|4
|
|win|gabriaut7
||gabriaut7 is ready for game 2.
|inactive|Rumato has 30 seconds to confirm battle start!
||Rumato is ready for game 2.
|uhtml|next|Next: Game 2 of 3
|l|☆gabriaut7
|player|p1|
