|j|☆lux raymundi
|j|☆natuzer0
|html|lux raymundinatuzer0    
|uhtml|bestof|Game 2 of a best-of-3
|t:|1783105939
|gametype|doubles
|player|p1|lux raymundi|2|1121
|player|p2|natuzer0|birdkeeper-gen4dp|1182
|gen|9
|tier|[Gen 9 Champions] VGC 2026 Reg M-B (Bo3)
|rated|
|rule|Species Clause: Limit one of each Pokémon
|rule|Item Clause: Limit 1 of each item
|clearpoke
|poke|p1|Venusaur, L50, F|
|poke|p1|Grimmsnarl, L50, M|
|poke|p1|Pelipper, L50, F|
|poke|p1|Archaludon, L50, F|
|poke|p1|Swampert, L50, M|
|poke|p1|Hydreigon, L50, F|
|poke|p2|Staraptor, L50, M|
|poke|p2|Raichu, L50, F|
|poke|p2|Gholdengo, L50|
|poke|p2|Basculegion, L50, M|
|poke|p2|Grimmsnarl, L50, M|
|poke|p2|Sinistcha, L50|
|teampreview|4
|showteam|p1|Venusaur||Venusaurite|Chlorophyll|Protect,SludgeBomb,GigaDrain,EarthPower|Modest||F|||50|]Grimmsnarl||LightClay|Prankster|SpiritBreak,Reflect,LightScreen,PartingShot|Careful||M|||50|]Pelipper||SitrusBerry|Drizzle|Hurricane,WeatherBall,Tailwind,WideGuard|Bold||F|||50|]Archaludon||Leftovers|Stamina|ElectroShot,DragonPulse,FlashCannon,Protect|Modest||F|||50|]Swampert||Swampertite|Torrent|Protect,WaveCrash,Earthquake,IcePunch|Adamant||M|||50|]Hydreigon||ChoiceScarf|Levitate|DarkPulse,Snarl,DracoMeteor,Uturn|Timid||F|||50|
|showteam|p2|Staraptor||Staraptite|Intimidate|CloseCombat,BraveBird,Roost,Protect|Jolly||M|||50|]Raichu||RaichuniteY|LightningRod|ZapCannon,FocusBlast,FakeOut,Protect|Timid||F|||50|]Gholdengo||LifeOrb|GoodasGold|MakeItRain,ShadowBall,NastyPlot,Protect|Timid|||||50|]Basculegion||ChoiceScarf|Adaptability|WaveCrash,LastRespects,AquaJet,FlipTurn|Jolly||M|||50|]Grimmsnarl||LightClay|Prankster|SpiritBreak,LightScreen,FakeOut,PartingShot|Careful||M|||50|]Sinistcha||SitrusBerry|Hospitality|MatchaGotcha,TrickRoom,RagePowder,LifeDew|Bold|||||50|
|inactive|Battle timer is ON: inactive players will automatically lose when time's up. (requested by natuzer0)
|
|t:|1783105970
|teamsize|p1|4
|teamsize|p2|4
|start
|switch|p1a: Grimmsnarl|Grimmsnarl, L50, M|100/100
|switch|p1b: Pelipper|Pelipper, L50, F|100/100
|switch|p2a: Raichu|Raichu, L50, F|100/100
|switch|p2b: Sinistcha|Sinistcha, L50|100/100
|-weather|RainDance|[from] ability: Drizzle|[of] p1b: Pelipper
|turn|1
|
|t:|1783105993
|switch|p1b: Archaludon|Archaludon, L50, F|100/100
|switch|p2b: Grimmsnarl|Grimmsnarl, L50, M|100/100
|detailschange|p2a: Raichu|Raichu-Mega-Y, L50, F
|-mega|p2a: Raichu|Raichu|Raichunite Y
|move|p1a: Grimmsnarl|Light Screen|p1a: Grimmsnarl
|-sidestart|p1: lux raymundi|move: Light Screen
|move|p2a: Raichu|Zap Cannon|p1b: Archaludon
|-resisted|p1b: Archaludon|1
|-damage|p1b: Archaludon|79/100
|-status|p1b: Archaludon|par
|-ability|p1b: Archaludon|Stamina|boost
|-boost|p1b: Archaludon|def|1
|
|-weather|RainDance|[upkeep]
|-heal|p1b: Archaludon|85/100 par|[from] item: Leftovers
|upkeep
|turn|2
|
|t:|1783106015
|move|p2b: Grimmsnarl|Fake Out|p1a: Grimmsnarl
|-damage|p1a: Grimmsnarl|88/100
|cant|p1a: Grimmsnarl|flinch
|move|p2a: Raichu|Focus Blast|p1a: Grimmsnarl
|-damage|p1a: Grimmsnarl|62/100
|move|p1b: Archaludon|Electro Shot||[still]
|-prepare|p1b: Archaludon|Electro Shot
|-boost|p1b: Archaludon|spa|1
|-anim|p1b: Archaludon|Electro Shot|p2b: Grimmsnarl
|-damage|p2b: Grimmsnarl|37/100
|
|-weather|RainDance|[upkeep]
|-heal|p1b: Archaludon|91/100 par|[from] item: Leftovers
|upkeep
|turn|3
|
|t:|1783106039
|move|p2b: Grimmsnarl|Parting Shot|p1b: Archaludon
|-unboost|p1b: Archaludon|atk|1
|-unboost|p1b: Archaludon|spa|1
|
|t:|1783106044
|switch|p2b: Sinistcha|Sinistcha, L50|100/100|[from] Parting Shot
|move|p1a: Grimmsnarl|Parting Shot|p2a: Raichu
|-unboost|p2a: Raichu|atk|1
|-unboost|p2a: Raichu|spa|1
|
|t:|1783106050
|switch|p1a: Swampert|Swampert, L50, M|100/100|[from] Parting Shot
|move|p2a: Raichu|Focus Blast|p1a: Swampert
|-crit|p1a: Swampert
|-damage|p1a: Swampert|45/100
|-unboost|p1a: Swampert|spd|1
|move|p1b: Archaludon|Electro Shot||[still]
|-prepare|p1b: Archaludon|Electro Shot
|-boost|p1b: Archaludon|spa|1
|-anim|p1b: Archaludon|Electro Shot|p2b: Sinistcha
|-resisted|p2b: Sinistcha|1
|-crit|p2b: Sinistcha
|-damage|p2b: Sinistcha|50/100y
|-enditem|p2b: Sinistcha|Sitrus Berry|[eat]
|-heal|p2b: Sinistcha|74/100|[from] item: Sitrus Berry
|
|-weather|RainDance|[upkeep]
|-heal|p1b: Archaludon|97/100 par|[from] item: Leftovers
|upkeep
|turn|4
|inactive|natuzer0 has 30 seconds left.
|inactive|natuzer0 has 20 seconds left.
|inactive|natuzer0 has 15 seconds left.
|
|t:|1783106092
|detailschange|p1a: Swampert|Swampert-Mega, L50, M
|-mega|p1a: Swampert|Swampert|Swampertite
|move|p2b: Sinistcha|Rage Powder|p2b: Sinistcha
|-singleturn|p2b: Sinistcha|move: Rage Powder
|move|p1a: Swampert|Ice Punch|p2b: Sinistcha
|-supereffective|p2b: Sinistcha|1
|-damage|p2b: Sinistcha|32/100
|move|p2a: Raichu|Focus Blast|p1a: Swampert
|-damage|p1a: Swampert|21/100
|cant|p1b: Archaludon|par
|
|-weather|RainDance|[upkeep]
|-heal|p1b: Archaludon|100/100 par|[from] item: Leftovers
|upkeep
|turn|5
|
|t:|1783106109
|switch|p2b: Grimmsnarl|Grimmsnarl, L50, M|37/100
|move|p2a: Raichu|Protect|p2a: Raichu
|-singleturn|p2a: Raichu|Protect
|move|p1b: Archaludon|Protect|p1b: Archaludon
|-singleturn|p1b: Archaludon|Protect
|move|p1a: Swampert|Earthquake|p2a: Raichu|[spread] p2b
|-activate|p1b: Archaludon|move: Protect
|-activate|p2a: Raichu|move: Protect
|-damage|p2b: Grimmsnarl|0 fnt
|faint|p2b: Grimmsnarl
|
|-weather|none
|upkeep
|
|t:|1783106121
|switch|p2b: Sinistcha|Sinistcha, L50|32/100
|turn|6
|
|t:|1783106140
|switch|p1a: Pelipper|Pelipper, L50, F|100/100
|-weather|RainDance|[from] ability: Drizzle|[of] p1a: Pelipper
|move|p2a: Raichu|Zap Cannon|p1b: Archaludon
|-resisted|p1b: Archaludon|1
|-damage|p1b: Archaludon|84/100 par
|-ability|p1b: Archaludon|Stamina|boost
|-boost|p1b: Archaludon|def|1
|move|p2b: Sinistcha|Life Dew||[still]|[spread] p2a,p2b
|-fail|p2a: Raichu|heal
|-heal|p2b: Sinistcha|57/100
|move|p1b: Archaludon|Electro Shot||[still]
|-prepare|p1b: Archaludon|Electro Shot
|-boost|p1b: Archaludon|spa|1
|-anim|p1b: Archaludon|Electro Shot|p2b: Sinistcha
|-resisted|p2b: Sinistcha|1
|-damage|p2b: Sinistcha|10/100
|
|-weather|RainDance|[upkeep]
|-heal|p1b: Archaludon|90/100 par|[from] item: Leftovers
|upkeep
|turn|7
|inactive|natuzer0 has 30 seconds left.
|
|t:|1783106171
|switch|p1a: Grimmsnarl|Grimmsnarl, L50, M|62/100
|move|p2a: Raichu|Focus Blast|p1a: Grimmsnarl
|-damage|p1a: Grimmsnarl|46/100
|move|p2b: Sinistcha|Matcha Gotcha|p1b: Archaludon|[spread] p1a,p1b
|-resisted|p1b: Archaludon|2
|-damage|p1a: Grimmsnarl|32/100
|-heal|p2b: Sinistcha|18/100|[from] drain|[of] p1a: Grimmsnarl
|-damage|p1b: Archaludon|86/100 par
|-heal|p2b: Sinistcha|20/100y|[from] drain|[of] p1b: Archaludon
|-ability|p1b: Archaludon|Stamina|boost
|-boost|p1b: Archaludon|def|1
|move|p1b: Archaludon|Dragon Pulse|p2a: Raichu
|-damage|p2a: Raichu|0 fnt
|faint|p2a: Raichu
|
|-weather|RainDance|[upkeep]
|-heal|p1b: Archaludon|92/100 par|[from] item: Leftovers
|upkeep
|
|t:|1783106189
|switch|p2a: Basculegion|Basculegion, L50, M|100/100
|turn|8
|
|t:|1783106207
|move|p1a: Grimmsnarl|Reflect|p1a: Grimmsnarl
|-sidestart|p1: lux raymundi|Reflect
|move|p2a: Basculegion|Last Respects|p1b: Archaludon
|-damage|p1b: Archaludon|76/100 par
|-ability|p1b: Archaludon|Stamina|boost
|-boost|p1b: Archaludon|def|1
|move|p2b: Sinistcha|Life Dew||[still]|[spread] p2a,p2b
|-fail|p2a: Basculegion|heal
|-heal|p2b: Sinistcha|46/100
|move|p1b: Archaludon|Electro Shot||[still]
|-prepare|p1b: Archaludon|Electro Shot
|-boost|p1b: Archaludon|spa|1
|-anim|p1b: Archaludon|Electro Shot|p2b: Sinistcha
|-resisted|p2b: Sinistcha|1
|-damage|p2b: Sinistcha|0 fnt
|faint|p2b: Sinistcha
|
|-weather|RainDance|[upkeep]
|-heal|p1b: Archaludon|82/100 par|[from] item: Leftovers
|-sideend|p1: lux raymundi|move: Light Screen
|upkeep
|turn|9
|-message|natuzer0 forfeited.
|
|win|lux raymundi
