|j|☆trudley7
|j|☆viatles
|html|trudley7viatles    
|uhtml|bestof|Game 2 of a best-of-3
|t:|1756284317
|gametype|doubles
|player|p1|trudley7|clown|1000
|player|p2|viatles|hiker|1000
|gen|9
|tier|[Gen 9] VGC 2025 Reg H (Bo3)
|rated|
|rule|Species Clause: Limit one of each Pokémon
|rule|Item Clause: Limit 1 of each item
|clearpoke
|poke|p1|Hatterene, L50, F|
|poke|p1|Dondozo, L50, M|
|poke|p1|Tatsugiri, L50, M|
|poke|p1|Pelipper, L50, F|
|poke|p1|Archaludon, L50, F|
|poke|p1|Scrafty, L50, F|
|poke|p2|Oricorio-Sensu, L50, F|
|poke|p2|Volcarona, L50, F|
|poke|p2|Sylveon, L50, M|
|poke|p2|Murkrow, L50, M|
|poke|p2|Dragapult, L50, M|
|poke|p2|Baxcalibur, L50, F|
|teampreview|4
|showteam|p1|Hatterene||MentalHerb|Healer|TrickRoom,HealPulse,DarkPulse,Psychic|||F|||50|,,,,,Ghost]Dondozo||LifeOrb|Oblivious|Earthquake,OrderUp,RockSlide,Protect|||M|||50|,,,,,Dragon]Tatsugiri||FocusSash|Commander|Protect,HydroPump,DracoMeteor,HelpingHand|||M|||50|,,,,,Dragon]Pelipper||Leftovers|Drizzle|Tailwind,WeatherBall,Protect,Hurricane|||F|||50|,,,,,Water]Archaludon||ChoiceSpecs|Stamina|FlashCannon,ElectroShot,DracoMeteor,BodyPress|||F|||50|,,,,,Electric]Scrafty||ChoiceBand|Moxie|HighJumpKick,Crunch,Protect,BrickBreak|||F|||50|,,,,,Dark
|showteam|p2|Oricorio-Sensu||FocusSash|Dancer|QuiverDance,BatonPass,RevelationDance,Protect|||F|||50|,,,,,Fighting]Volcarona||SitrusBerry|FlameBody|QuiverDance,GigaDrain,FieryDance,Protect|||F|||50|,,,,,Grass]Sylveon||ChoiceScarf|Pixilate|HyperVoice,TeraBlast,StoredPower,SleepTalk|||M|||50|,,,,,Ground]Murkrow||Eviolite|Prankster|Tailwind,FoulPlay,Haze,FeatherDance|||M|||50|,,,,,Dark]Dragapult||CovertCloak|ClearBody|DragonCheer,DragonDarts,Protect,PhantomForce|||M|||50|,,,,,Stellar]Baxcalibur||LoadedDice|ThermalExchange|IcicleSpear,ScaleShot,GlaiveRush,Protect|||F|||50|,,,,,Grass
|c|☆trudley7|gr
|inactive|Battle timer is ON: inactive players will automatically lose when time's up. (requested by viatles)
|c|☆viatles|gg
|inactive|trudley7 has 60 seconds left.
|
|t:|1756284362
|teamsize|p1|4
|teamsize|p2|4
|start
|switch|p1a: Pelipper|Pelipper, L50, F|100/100
|switch|p1b: Archaludon|Archaludon, L50, F|100/100
|switch|p2a: Oricorio|Oricorio-Sensu, L50, F|100/100
|switch|p2b: Volcarona|Volcarona, L50, F|100/100
|-weather|RainDance|[from] ability: Drizzle|[of] p1a: Pelipper
|turn|1
|inactive|trudley7 has 30 seconds left.
|
|t:|1756284391
|move|p2a: Oricorio|Revelation Dance|p1b: Archaludon
|-damage|p1b: Archaludon|40/100
|-ability|p1b: Archaludon|Stamina|boost
|-boost|p1b: Archaludon|def|1
|move|p2b: Volcarona|Fiery Dance|p1b: Archaludon
|-damage|p1b: Archaludon|11/100
|-boost|p2b: Volcarona|spa|1
|-ability|p1b: Archaludon|Stamina|boost
|-boost|p1b: Archaludon|def|1
|-activate|p2a: Oricorio|ability: Dancer
|move|p2a: Oricorio|Fiery Dance|p1b: Archaludon|[from] ability: Dancer
|-damage|p1b: Archaludon|0 fnt
|-boost|p2a: Oricorio|spa|1
|faint|p1b: Archaludon
|move|p1a: Pelipper|Hurricane|p2b: Volcarona
|-supereffective|p2b: Volcarona
|-damage|p2b: Volcarona|24/100
|-enditem|p2b: Volcarona|Sitrus Berry|[eat]
|-heal|p2b: Volcarona|49/100|[from] item: Sitrus Berry
|
|-weather|RainDance|[upkeep]
|upkeep
|
|t:|1756284405
|switch|p1b: Dondozo|Dondozo, L50, M|100/100
|turn|2
|inactive|viatles has 30 seconds left.
|
|t:|1756284433
|switch|p2b: Murkrow|Murkrow, L50, M|100/100
|move|p2a: Oricorio|Revelation Dance|p1b: Dondozo
|-damage|p1b: Dondozo|48/100
|move|p1a: Pelipper|Hurricane|p2b: Murkrow
|-damage|p2b: Murkrow|57/100
|-start|p2b: Murkrow|confusion
|move|p1b: Dondozo|Rock Slide|p2a: Oricorio|[spread] p2a,p2b
|-supereffective|p2a: Oricorio
|-supereffective|p2b: Murkrow
|-damage|p2a: Oricorio|35/100
|-damage|p2b: Murkrow|12/100
|-damage|p1b: Dondozo|38/100|[from] item: Life Orb
|
|-weather|RainDance|[upkeep]
|upkeep
|turn|3
|inactive|viatles has 30 seconds left.
|
|t:|1756284460
|-activate|p2b: Murkrow|confusion
|-damage|p2b: Murkrow|2/100|[from] confusion
|move|p2a: Oricorio|Revelation Dance|p1a: Pelipper
|-damage|p1a: Pelipper|10/100
|move|p1a: Pelipper|Tailwind|p1a: Pelipper
|-sidestart|p1: trudley7|move: Tailwind
|move|p1b: Dondozo|Rock Slide|p2b: Murkrow|[spread] p2a,p2b
|-supereffective|p2a: Oricorio
|-supereffective|p2b: Murkrow
|-damage|p2a: Oricorio|0 fnt
|-damage|p2b: Murkrow|0 fnt
|faint|p2a: Oricorio
|faint|p2b: Murkrow
|-damage|p1b: Dondozo|28/100|[from] item: Life Orb
|
|-weather|RainDance|[upkeep]
|-heal|p1a: Pelipper|16/100|[from] item: Leftovers
|upkeep
|
|t:|1756284476
|switch|p2a: Volcarona|Volcarona, L50, F|49/100
|switch|p2b: Dragapult|Dragapult, L50, M|100/100
|turn|4
|
|t:|1756284491
|move|p2a: Volcarona|Protect|p2a: Volcarona
|-singleturn|p2a: Volcarona|Protect
|move|p2b: Dragapult|Dragon Darts|p1a: Pelipper
|-damage|p1a: Pelipper|0 fnt
|-anim|p2b: Dragapult|Dragon Darts|p1b: Dondozo
|-damage|p1b: Dondozo|13/100
|faint|p1a: Pelipper
|move|p1b: Dondozo|Order Up|p2b: Dragapult
|-supereffective|p2b: Dragapult
|-damage|p2b: Dragapult|23/100
|-damage|p1b: Dondozo|3/100|[from] item: Life Orb
|
|-weather|RainDance|[upkeep]
|upkeep
|
|t:|1756284502
|switch|p1a: Hatterene|Hatterene, L50, F, shiny|100/100
|turn|5
|inactive|viatles has 30 seconds left.
|
|t:|1756284533
|-terastallize|p2a: Volcarona|Grass
|-terastallize|p1a: Hatterene|Ghost
|move|p2b: Dragapult|Protect|p2b: Dragapult
|-singleturn|p2b: Dragapult|Protect
|move|p1b: Dondozo|Protect|p1b: Dondozo
|-singleturn|p1b: Dondozo|Protect
|move|p2a: Volcarona|Giga Drain|p1a: Hatterene
|-damage|p1a: Hatterene|53/100
|-heal|p2a: Volcarona|65/100|[from] drain|[of] p1a: Hatterene
|move|p1a: Hatterene|Heal Pulse|p1b: Dondozo
|-activate|p1b: Dondozo|move: Protect
|
|-weather|none
|upkeep
|turn|6
|inactive|trudley7 has 30 seconds left.
|inactive|viatles has 30 seconds left.
|inactive|trudley7 has 20 seconds left.
|inactive|viatles has 20 seconds left.
|inactive|trudley7 has 15 seconds left.
|inactive|trudley7 has 10 seconds left.
|inactive|viatles has 15 seconds left.
|
|t:|1756284579
|move|p2a: Volcarona|Protect|p2a: Volcarona
|-singleturn|p2a: Volcarona|Protect
|move|p2b: Dragapult|Dragon Darts|p1a: Hatterene
|-damage|p1a: Hatterene|25/100
|-anim|p2b: Dragapult|Dragon Darts|p1b: Dondozo
|-damage|p1b: Dondozo|0 fnt
|faint|p1b: Dondozo
|move|p1a: Hatterene|Dark Pulse|p2a: Volcarona
|-activate|p2a: Volcarona|move: Protect
|
|-sideend|p1: trudley7|move: Tailwind
|upkeep
|turn|7
|c|☆trudley7|dang ggs
|c|☆viatles|ggs
|
|t:|1756284599
|move|p2b: Dragapult|Phantom Force||[still]
|-prepare|p2b: Dragapult|Phantom Force
|move|p2a: Volcarona|Fiery Dance|p1a: Hatterene
|-damage|p1a: Hatterene|0 fnt
|-boost|p2a: Volcarona|spa|1
|faint|p1a: Hatterene
|
|win|viatles
|raw|trudley7's rating: 1000 → 1000(+0 for losing)
|raw|viatles's rating: 1000 → 1040(+40 for winning)
|l|☆trudley7
|player|p1|
