|j|☆lazarett
|j|☆robby w
|html|lazarettrobby w    
|uhtml|bestof|Game 2 of a best-of-3
|t:|1756652993
|gametype|doubles
|player|p1|lazarett|riley|1244
|player|p2|robby w|pokefan-gen4|1312
|gen|9
|tier|[Gen 9] VGC 2025 Reg H (Bo3)
|rated|
|rule|Species Clause: Limit one of each Pokémon
|rule|Item Clause: Limit 1 of each item
|clearpoke
|poke|p1|Ninetales-Alola, L50, F|
|poke|p1|Arcanine-Hisui, L50, M|
|poke|p1|Dragonite, L50, F|
|poke|p1|Ursaluna-Bloodmoon, L50, M|
|poke|p1|Gholdengo, L50|
|poke|p1|Kingambit, L50, F|
|poke|p2|Dondozo, L50, F|
|poke|p2|Tatsugiri, L50, F|
|poke|p2|Sneasler, L50, M|
|poke|p2|Indeedee, L50, M|
|poke|p2|Whimsicott, L50, F|
|poke|p2|Hydreigon, L50, F|
|teampreview|4
|showteam|p1|Ninetales-Alola||FocusSash|SnowWarning|Blizzard,IcyWind,AuroraVeil,Protect|||F|||50|,,,,,Ghost]Arcanine-Hisui||ClearAmulet|Intimidate|ExtremeSpeed,FlareBlitz,RockSlide,Protect|||M|||50|,,,,,Water]Dragonite||LoadedDice|Multiscale|ScaleShot,IceSpinner,Tailwind,Protect|||F|||50|,,,,,Steel]Ursaluna-Bloodmoon||AssaultVest|MindsEye|VacuumWave,BloodMoon,HyperVoice,EarthPower|||M|||50|,,,,,Water]Gholdengo||MetalCoat|GoodasGold|MakeItRain,ShadowBall,NastyPlot,Protect||||||50|,,,,,Dragon]Kingambit||BlackGlasses|Defiant|SuckerPunch,KowtowCleave,SwordsDance,Protect|||F|||50|,,,,,Dark
|showteam|p2|Dondozo||Leftovers|Unaware|Protect,WaveCrash,Earthquake,OrderUp|||F|||50|,,,,,Grass]Tatsugiri||ChoiceScarf|Commander|DragonPulse,IcyWind,DracoMeteor,MuddyWater|||F|||50|,,,,,Stellar]Sneasler||PsychicSeed|Unburden|DireClaw,CloseCombat,Protect,ThroatChop|||M|||50|,,,,,Dark]Indeedee||FocusSash|PsychicSurge|DazzlingGleam,HelpingHand,ExpandingForce,Protect|||M|||50|,,,,,Fairy]Whimsicott||CovertCloak|Prankster|Tailwind,Moonblast,Encore,SunnyDay|||F|||50|,,,,,Dark]Hydreigon||ChoiceSpecs|Levitate|HeatWave,Snarl,DarkPulse,DracoMeteor|||F|||50|,,,,,Steel
|inactive|Battle timer is ON: inactive players will automatically lose when time's up. (requested by robby w)
|inactive|lazarett has 60 seconds left.
|inactive|lazarett has 30 seconds left.
|inactive|lazarett has 20 seconds left.
|
|t:|1756653077
|teamsize|p1|4
|teamsize|p2|4
|start
|switch|p1a: Dragonite|Dragonite, L50, F|100/100
|switch|p1b: Arcanine|Arcanine-Hisui, L50, M|100/100
|switch|p2a: Dondozo|Dondozo, L50, F, shiny|100/100
|switch|p2b: Sneasler|Sneasler, L50, M|100/100
|-ability|p1b: Arcanine|Intimidate|boost
|-unboost|p2a: Dondozo|atk|1
|-unboost|p2b: Sneasler|atk|1
|turn|1
|inactive|robby w has 30 seconds left.
|
|t:|1756653110
|switch|p1b: Gholdengo|Gholdengo, L50|100/100
|switch|p2a: Indeedee|Indeedee, L50, M|100/100
|-fieldstart|move: Psychic Terrain|[from] ability: Psychic Surge|[of] p2a: Indeedee
|-enditem|p2b: Sneasler|Psychic Seed
|-boost|p2b: Sneasler|spd|1|[from] item: Psychic Seed
|move|p2b: Sneasler|Close Combat|p1b: Gholdengo
|-immune|p1b: Gholdengo
|move|p1a: Dragonite|Scale Shot|p2a: Indeedee
|-damage|p2a: Indeedee|71/100
|-damage|p2a: Indeedee|42/100
|-damage|p2a: Indeedee|11/100
|-damage|p2a: Indeedee|0 fnt
|faint|p2a: Indeedee
|-hitcount|p2: Indeedee|4
|-unboost|p1a: Dragonite|def|1
|-boost|p1a: Dragonite|spe|1
|
|upkeep
|
|t:|1756653129
|switch|p2a: Dondozo|Dondozo, L50, F, shiny|100/100
|turn|2
|
|t:|1756653138
|move|p1a: Dragonite|Protect|p1a: Dragonite
|-singleturn|p1a: Dragonite|Protect
|move|p1b: Gholdengo|Protect|p1b: Gholdengo
|-singleturn|p1b: Gholdengo|Protect
|move|p2a: Dondozo|Protect|p2a: Dondozo
|-singleturn|p2a: Dondozo|Protect
|move|p2b: Sneasler|Dire Claw|p1a: Dragonite
|-activate|p1a: Dragonite|move: Protect
|
|upkeep
|turn|3
|inactive|lazarett has 30 seconds left.
|
|t:|1756653170
|switch|p2b: Tatsugiri|Tatsugiri, L50, F|100/100
|-activate|p2b: Tatsugiri|ability: Commander|[of] p2a: Dondozo
|-boost|p2a: Dondozo|atk|2
|-boost|p2a: Dondozo|spa|2
|-boost|p2a: Dondozo|spe|2
|-boost|p2a: Dondozo|def|2
|-boost|p2a: Dondozo|spd|2
|move|p1a: Dragonite|Scale Shot|p2a: Dondozo
|-damage|p2a: Dondozo|95/100
|-damage|p2a: Dondozo|89/100
|-damage|p2a: Dondozo|84/100
|-damage|p2a: Dondozo|78/100
|-hitcount|p2a: Dondozo|4
|-unboost|p1a: Dragonite|def|1
|-boost|p1a: Dragonite|spe|1
|move|p2a: Dondozo|Wave Crash|p1b: Gholdengo
|-damage|p1b: Gholdengo|0 fnt
|faint|p1b: Gholdengo
|-damage|p2a: Dondozo|51/100|[from] Recoil
|
|-heal|p2a: Dondozo|57/100|[from] item: Leftovers
|upkeep
|
|t:|1756653193
|switch|p1b: Il Brasiliano|Ursaluna-Bloodmoon, L50, M|100/100
|turn|4
|
|t:|1756653211
|-terastallize|p1b: Il Brasiliano|Water
|move|p1a: Dragonite|Tailwind|p1a: Dragonite
|-sidestart|p1: lazarett|move: Tailwind
|move|p2a: Dondozo|Wave Crash|p1b: Il Brasiliano
|-resisted|p1b: Il Brasiliano
|-damage|p1b: Il Brasiliano|54/100
|-damage|p2a: Dondozo|43/100|[from] Recoil
|move|p1b: Il Brasiliano|Blood Moon|p2a: Dondozo
|-damage|p2a: Dondozo|1/100
|
|-heal|p2a: Dondozo|7/100|[from] item: Leftovers
|upkeep
|turn|5
|
|t:|1756653234
|move|p2a: Dondozo|Protect|p2a: Dondozo
|-singleturn|p2a: Dondozo|Protect
|move|p1a: Dragonite|Scale Shot|p2a: Dondozo
|-activate|p2a: Dondozo|move: Protect
|move|p1b: Il Brasiliano|Hyper Voice|p2b: Tatsugiri|[spread] 
|-miss|p1b: Il Brasiliano|p2b: Tatsugiri
|-activate|p2a: Dondozo|move: Protect
|
|-heal|p2a: Dondozo|13/100|[from] item: Leftovers
|-fieldend|move: Psychic Terrain
|upkeep
|turn|6
|
|t:|1756653253
|move|p2a: Dondozo|Protect||[still]
|-fail|p2a: Dondozo
|move|p1a: Dragonite|Scale Shot|p2a: Dondozo
|-damage|p2a: Dondozo|8/100
|-damage|p2a: Dondozo|2/100
|-damage|p2a: Dondozo|0 fnt
|faint|p2a: Dondozo
|-hitcount|p2: Dondozo|3
|-unboost|p1a: Dragonite|def|1
|-boost|p1a: Dragonite|spe|1
|move|p1b: Il Brasiliano|Blood Moon|p2b: Tatsugiri
|-damage|p2b: Tatsugiri|0 fnt
|faint|p2b: Tatsugiri
|
|upkeep
|-message|robby w forfeited.
|
|win|lazarett
||robby w is ready for game 3.
||lazarett is ready for game 3.
|uhtml|next|Next: Game 3 of 3
