|j|☆Philip9804
|j|☆engdeutsch
|html|Philip9804engdeutsch    
|uhtml|bestof|Game 1 of a best-of-3
|t:|1785329571
|gametype|doubles
|player|p1|Philip9804|may-masters3|1075
|player|p2|engdeutsch|youngcouple|1000
|gen|9
|tier|[Gen 9 Champions] VGC 2026 Reg M-B (Bo3)
|rated|
|rule|Species Clause: Limit one of each Pokémon
|rule|Item Clause: Limit 1 of each item
|clearpoke
|poke|p1|Charizard, L50, M, shiny|
|poke|p1|Staraptor, L50, M, shiny|
|poke|p1|Ninetales-Alola, L50, F, shiny|
|poke|p1|Kingambit, L50, F, shiny|
|poke|p1|Whimsicott, L50, F, shiny|
|poke|p1|Garchomp, L50, F, shiny|
|poke|p2|Gholdengo, L50, shiny|
|poke|p2|Farigiraf, L50, M, shiny|
|poke|p2|Incineroar, L50, M, shiny|
|poke|p2|Decidueye, L50, M, shiny|
|poke|p2|Staraptor, L50, F, shiny|
|poke|p2|Ampharos, L50, M, shiny|
|teampreview|4
|showteam|p1|Charizard||CharizarditeY|Blaze|HeatWave,WeatherBall,SolarBeam,Protect|Modest||M|||50|]Staraptor||Staraptite|Intimidate|BraveBird,CloseCombat,Roost,Protect|Jolly||M|||50|]Ninetales-Alola||FocusSash|SnowWarning|Blizzard,FreezeDry,Roar,Protect|Timid||F|||50|]Kingambit||BlackGlasses|Defiant|KowtowCleave,SuckerPunch,IronHead,Protect|Adamant||F|||50|]Whimsicott||FairyFeather|Prankster|Moonblast,Tailwind,SunnyDay,Charm|Timid||F|||50|]Garchomp||LifeOrb|RoughSkin|StompingTantrum,DragonClaw,RockSlide,Protect|Jolly||F|||50|
|showteam|p2|Gholdengo||ChoiceScarf|GoodasGold|MakeItRain,ShadowBall,NastyPlot,Fling|Modest|||||50|]Farigiraf||SitrusBerry|ArmorTail|TrickRoom,HyperVoice,HelpingHand,Psychic|Sassy||M|||50|]Incineroar||FocusSash|Intimidate|DarkestLariat,FakeOut,FlareBlitz,PartingShot|Adamant||M|||50|]Decidueye||LifeOrb|Overgrow|Protect,BraveBird,LeafBlade,Poltergeist|Brave||M|||50|]Staraptor||Staraptite|Intimidate|BraveBird,FinalGambit,CloseCombat,Uturn|Jolly||F|||50|]Ampharos||Ampharosite|Static|Thunderbolt,DragonPulse,Protect,FocusBlast|Quiet||M|||50|
|inactive|Battle timer is ON: inactive players will automatically lose when time's up. (requested by Philip9804)
|inactive|Philip9804 has 60 seconds left.
|
|t:|1785329611
|teamsize|p1|4
|teamsize|p2|4
|start
|switch|p1a: Kingambit|Kingambit, L50, F, shiny|100/100
|switch|p1b: Charizard|Charizard, L50, M, shiny|100/100
|switch|p2a: Staraptor|Staraptor, L50, F, shiny|100/100
|switch|p2b: Farigiraf|Farigiraf, L50, M, shiny|100/100
|-ability|p2a: Staraptor|Intimidate|boost
|-unboost|p1a: Kingambit|atk|1
|-ability|p1a: Kingambit|Defiant|boost
|-boost|p1a: Kingambit|atk|2
|-unboost|p1b: Charizard|atk|1
|turn|1
|inactive|Philip9804 has 30 seconds left.
|inactive|engdeutsch has 30 seconds left.
|inactive|Philip9804 has 20 seconds left.
|inactive|Philip9804 has 15 seconds left.
|
|t:|1785329656
|detailschange|p2a: Staraptor|Staraptor-Mega, L50, F, shiny
|-mega|p2a: Staraptor|Staraptor|Staraptite
|detailschange|p1b: Charizard|Charizard-Mega-Y, L50, M, shiny
|-mega|p1b: Charizard|Charizard|Charizardite Y
|-weather|SunnyDay|[from] ability: Drought|[of] p1b: Charizard
|move|p2a: Staraptor|Close Combat|p1a: Kingambit
|-supereffective|p1a: Kingambit|2
|-damage|p1a: Kingambit|0 fnt
|-boost|p2a: Staraptor|def|1
|-boost|p2a: Staraptor|spd|1
|faint|p1a: Kingambit
|move|p1b: Charizard|Weather Ball|p2a: Staraptor
|-damage|p2a: Staraptor|34/100
|move|p2b: Farigiraf|Hyper Voice|p1b: Charizard
|-damage|p1b: Charizard|65/100
|
|-weather|SunnyDay|[upkeep]
|upkeep
|
|t:|1785329669
|switch|p1a: Ninetales|Ninetales-Alola, L50, F, shiny|100/100
|-weather|Snowscape|[from] ability: Snow Warning|[of] p1a: Ninetales
|turn|2
|inactive|Philip9804 has 30 seconds left.
|inactive|engdeutsch has 30 seconds left.
|
|t:|1785329697
|switch|p1b: Garchomp|Garchomp, L50, F, shiny|100/100
|move|p2b: Farigiraf|Helping Hand|p2a: Staraptor
|-singleturn|p2a: Staraptor|Helping Hand|[of] p2b: Farigiraf
|move|p2a: Staraptor|Close Combat|p1a: Ninetales
|-damage|p1a: Ninetales|20/100y
|-boost|p2a: Staraptor|def|1
|-boost|p2a: Staraptor|spd|1
|move|p1a: Ninetales|Roar|p2b: Farigiraf
|drag|p2b: Gholdengo|Gholdengo, L50, shiny|100/100
|
|-weather|Snowscape|[upkeep]
|upkeep
|turn|3
|inactive|engdeutsch has 30 seconds left.
|
|t:|1785329723
|move|p1a: Ninetales|Protect|p1a: Ninetales
|-singleturn|p1a: Ninetales|Protect
|move|p2a: Staraptor|Close Combat|p1b: Garchomp
|-damage|p1b: Garchomp|47/100
|-boost|p2a: Staraptor|def|1
|-boost|p2a: Staraptor|spd|1
|-damage|p2a: Staraptor|21/100|[from] ability: Rough Skin|[of] p1b: Garchomp
|move|p1b: Garchomp|Stomping Tantrum|p2b: Gholdengo
|-supereffective|p2b: Gholdengo|1
|-damage|p2b: Gholdengo|0 fnt
|faint|p2b: Gholdengo
|-damage|p1b: Garchomp|37/100|[from] item: Life Orb
|
|-weather|Snowscape|[upkeep]
|upkeep
|
|t:|1785329741
|switch|p2b: Farigiraf|Farigiraf, L50, M, shiny|100/100
|turn|4
|
|t:|1785329762
|move|p2a: Staraptor|Close Combat|p1a: Ninetales
|-damage|p1a: Ninetales|0 fnt
|-boost|p2a: Staraptor|def|1
|-boost|p2a: Staraptor|spd|1
|faint|p1a: Ninetales
|move|p1b: Garchomp|Dragon Claw|p2a: Staraptor
|-damage|p2a: Staraptor|3/100
|-damage|p1b: Garchomp|27/100|[from] item: Life Orb
|move|p2b: Farigiraf|Hyper Voice|p1b: Garchomp
|-damage|p1b: Garchomp|0 fnt
|faint|p1b: Garchomp
|
|-weather|Snowscape|[upkeep]
|upkeep
|
|t:|1785329771
|switch|p1a: Charizard|Charizard-Mega-Y, L50, M, shiny|65/100
|-weather|SunnyDay|[from] ability: Drought|[of] p1a: Charizard
|turn|5
|
|t:|1785329784
|move|p2b: Farigiraf|Helping Hand|p2a: Staraptor
|-singleturn|p2a: Staraptor|Helping Hand|[of] p2b: Farigiraf
|move|p2a: Staraptor|Brave Bird|p1a: Charizard
|-damage|p1a: Charizard|0 fnt
|faint|p1a: Charizard
|-damage|p2a: Staraptor|0 fnt|[from] Recoil
|faint|p2a: Staraptor
|
|win|engdeutsch
