|j|☆meikh_neiht
|j|☆blaze7989
|html|meikh_neihtblaze7989    
|uhtml|bestof|Game 1 of a best-of-3
|t:|1785617748
|gametype|doubles
|player|p1|meikh_neiht|lucas|1282
|player|p2|blaze7989|#smogonxnpa2026draftee2|1207
|gen|9
|tier|[Gen 9 Champions] VGC 2026 Reg M-B (Bo3)
|rated|
|rule|Species Clause: Limit one of each Pokémon
|rule|Item Clause: Limit 1 of each item
|clearpoke
|poke|p1|Staraptor, L50, F|
|poke|p1|Sinistcha, L50|
|poke|p1|Maushold, L50|
|poke|p1|Kingambit, L50, F|
|poke|p1|Sneasler, L50, M|
|poke|p1|Delphox, L50, M|
|poke|p2|Gengar, L50, M|
|poke|p2|Staraptor, L50, F|
|poke|p2|Grimmsnarl, L50, M|
|poke|p2|Politoed, L50, M|
|poke|p2|Samurott-Hisui, L50, M|
|poke|p2|Sylveon, L50, M|
|teampreview|4
|showteam|p1|Staraptor||Staraptite|Intimidate|CloseCombat,BraveBird,Roost,Protect|Adamant||F|||50|]Sinistcha||SitrusBerry|Hospitality|RagePowder,MatchaGotcha,Protect,LifeDew|Calm|||||50|]Maushold||LumBerry|FriendGuard|Encore,Charm,FollowMe,Protect|Timid|||||50|]Kingambit||BlackGlasses|Defiant|KowtowCleave,SuckerPunch,SwordsDance,Protect|Adamant||F|||50|]Sneasler||WhiteHerb|Unburden|CloseCombat,DireClaw,FakeOut,Feint|Jolly||M|||50|]Delphox||Delphoxite|Blaze|HeatWave,Psyshock,NastyPlot,Protect|Timid||M|||50|
|showteam|p2|Gengar||Gengarite|CursedBody|ShadowBall,SludgeBomb,WillOWisp,Protect|Timid||M|||50|]Staraptor||Staraptite|Intimidate|CloseCombat,BraveBird,Tailwind,Protect|Jolly||F|||50|]Grimmsnarl||RoseliBerry|Prankster|SpiritBreak,FakeTears,PartingShot,FakeOut|Bold||M|||50|]Politoed||LifeOrb|Drizzle|WeatherBall,MuddyWater,IceBeam,Protect|Modest||M|||50|]Samurott-Hisui||ChoiceScarf|Sharpness|AquaCutter,NightSlash,SacredSword,FlipTurn|Jolly||M|||50|]Sylveon||FairyFeather|CuteCharm|HyperVoice,HyperBeam,Yawn,Protect|Modest||M|||50|
|inactive|Battle timer is ON: inactive players will automatically lose when time's up. (requested by blaze7989)
|
|t:|1785617802
|teamsize|p1|4
|teamsize|p2|4
|start
|switch|p1a: Attendant of God|Maushold, L50|100/100
|switch|p1b: Leg of God|Delphox, L50, M|100/100
|switch|p2a: Gengar|Gengar, L50, M|100/100
|switch|p2b: Samurott|Samurott-Hisui, L50, M|100/100
|turn|1
|inactive|blaze7989 has 30 seconds left.
|inactive|blaze7989 has 20 seconds left.
|
|t:|1785617837
|detailschange|p2a: Gengar|Gengar-Mega, L50, M
|-mega|p2a: Gengar|Gengar|Gengarite
|detailschange|p1b: Leg of God|Delphox-Mega, L50, M
|-mega|p1b: Leg of God|Delphox|Delphoxite
|move|p1b: Leg of God|Protect|p1b: Leg of God
|-singleturn|p1b: Leg of God|Protect
|move|p2b: Samurott|Flip Turn|p1b: Leg of God
|-activate|p1b: Leg of God|move: Protect
|move|p2a: Gengar|Sludge Bomb|p1b: Leg of God
|-activate|p1b: Leg of God|move: Protect
|move|p1a: Attendant of God|Charm|p2b: Samurott
|-unboost|p2b: Samurott|atk|2
|
|upkeep
|turn|2
|
|t:|1785617849
|move|p1a: Attendant of God|Follow Me|p1a: Attendant of God
|-singleturn|p1a: Attendant of God|move: Follow Me
|move|p2b: Samurott|Flip Turn|p1a: Attendant of God
|-damage|p1a: Attendant of God|81/100
|
|t:|1785617861
|switch|p2b: Staraptor|Staraptor, L50, F|100/100|[from] Flip Turn
|-ability|p2b: Staraptor|Intimidate|boost
|-unboost|p1a: Attendant of God|atk|1
|-unboost|p1b: Leg of God|atk|1
|move|p1b: Leg of God|Nasty Plot|p1b: Leg of God
|-boost|p1b: Leg of God|spa|2
|move|p2a: Gengar|Sludge Bomb|p1a: Attendant of God
|-damage|p1a: Attendant of God|3/100
|
|upkeep
|turn|3
|
|t:|1785617873
|move|p2a: Gengar|Protect|p2a: Gengar
|-singleturn|p2a: Gengar|Protect
|move|p1a: Attendant of God|Follow Me|p1a: Attendant of God
|-singleturn|p1a: Attendant of God|move: Follow Me
|move|p1b: Leg of God|Heat Wave|p2b: Staraptor|[spread] 
|-activate|p2a: Gengar|move: Protect
|-miss|p1b: Leg of God|p2b: Staraptor
|move|p2b: Staraptor|Tailwind|p2b: Staraptor
|-sidestart|p2: blaze7989|move: Tailwind
|
|upkeep
|turn|4
|
|t:|1785617888
|switch|p2b: Politoed|Politoed, L50, M|100/100
|-weather|RainDance|[from] ability: Drizzle|[of] p2b: Politoed
|move|p1a: Attendant of God|Follow Me|p1a: Attendant of God
|-singleturn|p1a: Attendant of God|move: Follow Me
|move|p2a: Gengar|Sludge Bomb|p1a: Attendant of God
|-damage|p1a: Attendant of God|0 fnt
|faint|p1a: Attendant of God
|move|p1b: Leg of God|Heat Wave|p2a: Gengar|[spread] p2a,p2b
|-resisted|p2b: Politoed|1
|-damage|p2a: Gengar|51/100
|-damage|p2b: Politoed|82/100
|
|-weather|RainDance|[upkeep]
|upkeep
|
|t:|1785617901
|switch|p1a: Thief of God|Sneasler, L50, M|100/100
|turn|5
|inactive|blaze7989 has 30 seconds left.
|
|t:|1785617928
|move|p1a: Thief of God|Fake Out|p2b: Politoed
|-damage|p2b: Politoed|66/100
|move|p2a: Gengar|Shadow Ball|p1b: Leg of God
|-supereffective|p1b: Leg of God|1
|-damage|p1b: Leg of God|16/100
|cant|p2b: Politoed|flinch
|move|p1b: Leg of God|Psyshock|p2a: Gengar
|-supereffective|p2a: Gengar|1
|-damage|p2a: Gengar|0 fnt
|faint|p2a: Gengar
|
|-weather|RainDance|[upkeep]
|upkeep
|
|t:|1785617942
|switch|p2a: Samurott|Samurott-Hisui, L50, M|100/100
|turn|6
|
|t:|1785617946
|move|p1b: Leg of God|Protect|p1b: Leg of God
|-singleturn|p1b: Leg of God|Protect
|move|p2a: Samurott|Flip Turn|p1a: Thief of God
|-damage|p1a: Thief of God|35/100
|
|t:|1785617949
|switch|p2a: Staraptor|Staraptor, L50, F|100/100|[from] Flip Turn
|-ability|p2a: Staraptor|Intimidate|boost
|-unboost|p1a: Thief of God|atk|1
|-unboost|p1b: Leg of God|atk|1
|-enditem|p1a: Thief of God|White Herb
|-clearnegativeboost|p1a: Thief of God|[silent]
|move|p1a: Thief of God|Close Combat|p2a: Staraptor
|-damage|p2a: Staraptor|26/100
|-unboost|p1a: Thief of God|def|1
|-unboost|p1a: Thief of God|spd|1
|move|p2b: Politoed|Muddy Water|p1a: Thief of God|[spread] p1a
|-activate|p1b: Leg of God|move: Protect
|-damage|p1a: Thief of God|0 fnt
|faint|p1a: Thief of God
|-damage|p2b: Politoed|56/100|[from] item: Life Orb
|
|-weather|RainDance|[upkeep]
|-sideend|p2: blaze7989|move: Tailwind
|upkeep
|
|t:|1785617958
|switch|p1a: Blade of God|Kingambit, L50, F|100/100
|turn|7
|inactive|blaze7989 has 30 seconds left.
|inactive|blaze7989 has 20 seconds left.
|inactive|blaze7989 has 15 seconds left.
|
|t:|1785618003
|move|p2a: Staraptor|Protect|p2a: Staraptor
|-singleturn|p2a: Staraptor|Protect
|move|p1a: Blade of God|Sucker Punch||[still]
|-fail|p1a: Blade of God
|move|p1b: Leg of God|Psyshock|p2b: Politoed
|-damage|p2b: Politoed|0 fnt
|faint|p2b: Politoed
|
|-weather|RainDance|[upkeep]
|upkeep
|
|t:|1785618005
|switch|p2b: Samurott|Samurott-Hisui, L50, M|100/100
|turn|8
|
|t:|1785618017
|move|p2b: Samurott|Sacred Sword|p1b: Leg of God
|-resisted|p1b: Leg of God|1
|-damage|p1b: Leg of God|0 fnt
|faint|p1b: Leg of God
|move|p2a: Staraptor|Close Combat|p1a: Blade of God
|-supereffective|p1a: Blade of God|2
|-damage|p1a: Blade of God|0 fnt
|-unboost|p2a: Staraptor|def|1
|-unboost|p2a: Staraptor|spd|1
|faint|p1a: Blade of God
|
|win|blaze7989
||blaze7989 is ready for game 2.
||meikh_neiht is ready for game 2.
|uhtml|next|Next: Game 2 of 3
|l|☆blaze7989
|player|p2|
