|j|☆Ferran Tiburon
|j|☆v_meili
|html|Ferran Tiburonv_meili    
|uhtml|bestof|Game 2 of a best-of-3
|t:|1783200020
|gametype|doubles
|player|p1|Ferran Tiburon|265|1181
|player|p2|v_meili|elesa|1072
|gen|9
|tier|[Gen 9 Champions] VGC 2026 Reg M-B (Bo3)
|rated|
|rule|Species Clause: Limit one of each Pokémon
|rule|Item Clause: Limit 1 of each item
|clearpoke
|poke|p1|Charizard, L50, M|
|poke|p1|Kingambit, L50, F|
|poke|p1|Sylveon, L50, F|
|poke|p1|Garchomp, L50, M|
|poke|p1|Aerodactyl, L50, F|
|poke|p1|Farigiraf, L50, F|
|poke|p2|Pelipper, L50, M|
|poke|p2|Archaludon, L50, F|
|poke|p2|Basculegion, L50, M|
|poke|p2|Grimmsnarl, L50, M|
|poke|p2|Metagross, L50|
|poke|p2|Scovillain, L50, F|
|teampreview|4
|showteam|p1|Charizard||CharizarditeY|SolarPower|Protect,HeatWave,SolarBeam,WeatherBall|Modest||M|||50|]Kingambit||FocusSash|Defiant|IronHead,SuckerPunch,KowtowCleave,LowKick|Adamant||F|||50|]Sylveon||FairyFeather|Pixilate|Detect,HyperVoice,HyperBeam,QuickAttack|Modest||F|||50|]Garchomp||LifeOrb|RoughSkin|Protect,DragonClaw,Earthquake,StompingTantrum|Jolly||M|||50|]Aerodactyl||Aerodactylite|Unnerve|IceFang,RockSlide,Tailwind,DualWingbeat|Jolly||F|||50|]Farigiraf||SitrusBerry|ArmorTail|TrickRoom,Psychic,Thunderbolt,Roar|Bold||F|||50|
|showteam|p2|Pelipper||FocusSash|Drizzle|WeatherBall,Protect,Tailwind,Hurricane|Timid||M|||50|]Archaludon||Leftovers|Stamina|FlashCannon,DragonPulse,Protect,ElectroShot|Calm||F|||50|]Basculegion||LifeOrb|SwiftSwim|Protect,WaveCrash,AquaJet,LastRespects|Jolly||M|||50|]Grimmsnarl||LightClay|Prankster|Reflect,LightScreen,PartingShot,SpiritBreak|Careful||M|||50|]Metagross||Metagrossite|ClearBody|BulletPunch,RockTomb,BrickBreak,Protect|Jolly|||||50|]Scovillain||Scovillainite|Moody|Protect,RagePowder,GigaDrain,LeechSeed|Bold||F|||50|
|inactive|Battle timer is ON: inactive players will automatically lose when time's up. (requested by Ferran Tiburon)
|inactive|v_meili has 60 seconds left.
|
|t:|1783200063
|teamsize|p1|4
|teamsize|p2|4
|start
|switch|p1a: Sylveon|Sylveon, L50, F|100/100
|switch|p1b: Farigiraf|Farigiraf, L50, F|100/100
|switch|p2a: Grimmsnarl|Grimmsnarl, L50, M|100/100
|switch|p2b: Metagross|Metagross, L50|100/100
|turn|1
|
|t:|1783200082
|detailschange|p2b: Metagross|Metagross-Mega, L50
|-mega|p2b: Metagross|Metagross|Metagrossite
|move|p2a: Grimmsnarl|Light Screen|p2a: Grimmsnarl
|-sidestart|p2: v_meili|move: Light Screen
|move|p2b: Metagross|Brick Break|p1b: Farigiraf
|-damage|p1b: Farigiraf|70/100
|move|p1a: Sylveon|Hyper Voice|p2b: Metagross|[spread] p2a,p2b
|-supereffective|p2a: Grimmsnarl|1
|-resisted|p2b: Metagross|1
|-damage|p2a: Grimmsnarl|46/100
|-damage|p2b: Metagross|82/100
|move|p1b: Farigiraf|Trick Room|p1b: Farigiraf
|-fieldstart|move: Trick Room|[of] p1b: Farigiraf
|
|upkeep
|turn|2
|
|t:|1783200099
|move|p2a: Grimmsnarl|Spirit Break|p1a: Sylveon
|-damage|p1a: Sylveon|62/100
|-unboost|p1a: Sylveon|spa|1
|move|p1b: Farigiraf|Thunderbolt|p2b: Metagross
|-damage|p2b: Metagross|66/100
|move|p1a: Sylveon|Hyper Voice|p2b: Metagross|[spread] p2a,p2b
|-supereffective|p2a: Grimmsnarl|1
|-resisted|p2b: Metagross|1
|-damage|p2a: Grimmsnarl|6/100
|-damage|p2b: Metagross|54/100
|move|p2b: Metagross|Brick Break|p1b: Farigiraf
|-damage|p1b: Farigiraf|43/100
|-enditem|p1b: Farigiraf|Sitrus Berry|[eat]
|-heal|p1b: Farigiraf|68/100|[from] item: Sitrus Berry
|
|upkeep
|turn|3
|
|t:|1783200123
|switch|p1a: Kingambit|Kingambit, L50, F|100/100
|move|p1b: Farigiraf|Thunderbolt|p2b: Metagross
|-damage|p2b: Metagross|39/100
|-status|p2b: Metagross|par
|move|p2a: Grimmsnarl|Spirit Break|p1b: Farigiraf
|-damage|p1b: Farigiraf|45/100
|-unboost|p1b: Farigiraf|spa|1
|move|p2b: Metagross|Brick Break|p1b: Farigiraf
|-crit|p1b: Farigiraf
|-damage|p1b: Farigiraf|0 fnt
|faint|p1b: Farigiraf
|
|upkeep
|inactive|Ferran Tiburon has 30 seconds left.
|inactive|Ferran Tiburon has 20 seconds left.
|inactive|Ferran Tiburon has 15 seconds left.
|
|t:|1783200167
|switch|p1b: Sylveon|Sylveon, L50, F|62/100
|turn|4
|
|t:|1783200186
|move|p2a: Grimmsnarl|Reflect|p2a: Grimmsnarl
|-sidestart|p2: v_meili|Reflect
|move|p2b: Metagross|Brick Break|p1a: Kingambit
|-supereffective|p1a: Kingambit|2
|-enditem|p1a: Kingambit|Focus Sash
|-damage|p1a: Kingambit|1/100
|move|p1b: Sylveon|Hyper Voice|p2b: Metagross|[spread] p2a,p2b
|-supereffective|p2a: Grimmsnarl|1
|-resisted|p2b: Metagross|1
|-damage|p2a: Grimmsnarl|0 fnt
|-damage|p2b: Metagross|23/100 par
|faint|p2a: Grimmsnarl
|move|p1a: Kingambit|Kowtow Cleave|p2b: Metagross
|-supereffective|p2b: Metagross|1
|-damage|p2b: Metagross|0 fnt
|faint|p2b: Metagross
|
|upkeep
|
|t:|1783200193
|switch|p2a: Basculegion|Basculegion, L50, M|100/100
|switch|p2b: Pelipper|Pelipper, L50, M|100/100
|-weather|RainDance|[from] ability: Drizzle|[of] p2b: Pelipper
|turn|5
|
|t:|1783200212
|move|p2b: Pelipper|Protect|p2b: Pelipper
|-singleturn|p2b: Pelipper|Protect
|move|p2a: Basculegion|Protect|p2a: Basculegion
|-singleturn|p2a: Basculegion|Protect
|move|p1b: Sylveon|Hyper Voice|p2b: Pelipper|[spread] 
|-activate|p2a: Basculegion|move: Protect
|-activate|p2b: Pelipper|move: Protect
|move|p1a: Kingambit|Kowtow Cleave|p2b: Pelipper
|-activate|p2b: Pelipper|move: Protect
|
|-weather|RainDance|[upkeep]
|-fieldend|move: Trick Room
|upkeep
|turn|6
|inactive|v_meili has 30 seconds left.
|
|t:|1783200239
|move|p2a: Basculegion|Aqua Jet|p1a: Kingambit
|-damage|p1a: Kingambit|0 fnt
|faint|p1a: Kingambit
|-damage|p2a: Basculegion|90/100|[from] item: Life Orb
|move|p2b: Pelipper|Tailwind|p2b: Pelipper
|-sidestart|p2: v_meili|move: Tailwind
|move|p1b: Sylveon|Hyper Voice|p2a: Basculegion|[spread] p2a,p2b
|-damage|p2a: Basculegion|53/100
|-damage|p2b: Pelipper|46/100
|
|-weather|RainDance|[upkeep]
|upkeep
|
|t:|1783200247
|switch|p1a: Charizard|Charizard, L50, M|100/100
|turn|7
|
|t:|1783200263
|detailschange|p1a: Charizard|Charizard-Mega-Y, L50, M
|-mega|p1a: Charizard|Charizard|Charizardite Y
|-weather|SunnyDay|[from] ability: Drought|[of] p1a: Charizard
|move|p2a: Basculegion|Last Respects|p1b: Sylveon
|-damage|p1b: Sylveon|0 fnt
|faint|p1b: Sylveon
|-damage|p2a: Basculegion|44/100|[from] item: Life Orb
|move|p2b: Pelipper|Hurricane|p1a: Charizard|[miss]
|-miss|p2b: Pelipper|p1a: Charizard
|move|p1a: Charizard|Solar Beam||[still]
|-prepare|p1a: Charizard|Solar Beam
|-anim|p1a: Charizard|Solar Beam|p2a: Basculegion
|-supereffective|p2a: Basculegion|1
|-damage|p2a: Basculegion|0 fnt
|faint|p2a: Basculegion
|
|-weather|SunnyDay|[upkeep]
|upkeep
|turn|8
|
|t:|1783200279
|move|p2b: Pelipper|Hurricane|p1a: Charizard|[miss]
|-miss|p2b: Pelipper|p1a: Charizard
|move|p1a: Charizard|Solar Beam||[still]
|-prepare|p1a: Charizard|Solar Beam
|-anim|p1a: Charizard|Solar Beam|p2b: Pelipper
|-damage|p2b: Pelipper|0 fnt
|faint|p2b: Pelipper
|
|win|Ferran Tiburon
||v_meili is ready for game 3.
||Ferran Tiburon is ready for game 3.
|uhtml|next|Next: Game 3 of 3
|l|☆v_meili
|player|p2|
