|j|☆SuperNovaKush
|j|☆king_slayer_98
|html|SuperNovaKushking_slayer_98    
|uhtml|bestof|Game 2 of a best-of-3
|t:|1785516324
|gametype|doubles
|player|p1|SuperNovaKush|red|
|player|p2|king_slayer_98|shadowtriad|
|gen|9
|tier|[Gen 9 Champions] VGC 2026 Reg M-B (Bo3)
|rule|Species Clause: Limit one of each Pokémon
|rule|Item Clause: Limit 1 of each item
|clearpoke
|poke|p1|Hydreigon, L50, M|
|poke|p1|Primarina, L50, M|
|poke|p1|Corviknight, L50, M|
|poke|p1|Kangaskhan, L50, F|
|poke|p1|Delphox, L50, M|
|poke|p1|Venusaur, L50, F|
|poke|p2|Pidgeot, L50, F|
|poke|p2|Avalugg-Hisui, L50, F|
|poke|p2|Diggersby, L50, F|
|poke|p2|Tauros-Paldea-Aqua, L50, M|
|poke|p2|Gourgeist, L50, M|
|poke|p2|Simisear, L50, F|
|teampreview|4
|showteam|p1|Hydreigon||ChoiceScarf|Levitate|Snarl,DarkPulse,HeatWave,DracoMeteor|Modest||M|||50|]Primarina||LifeOrb|LiquidVoice|HyperVoice,Moonblast,CalmMind,Protect|Modest||M|||50|]Corviknight||SitrusBerry|MirrorArmor|Tailwind,IronHead,BodyPress,IronDefense|Bold||M|||50|]Kangaskhan||SilkScarf|Scrappy|FakeOut,LastResort|Adamant||F|||50|]Delphox||Delphoxite|Magician|HeatWave,Psychic,NastyPlot,Protect|Timid||M|||50|]Venusaur||Venusaurite|Chlorophyll|LeafStorm,Earthquake,SludgeBomb,Protect|Modest||F|||50|
|showteam|p2|Pidgeot||Pidgeotite|KeenEye|HyperBeam,Hurricane,Tailwind,Protect|Timid||F|||50|]Avalugg-Hisui||WideLens|Sturdy|MountainGale,RockSlide,WideGuard,BodyPress|Adamant||F|||50|]Diggersby||LifeOrb|HugePower|Earthquake,IcePunch,Protect,QuickAttack|Adamant||F|||50|]Tauros-Paldea-Aqua||ExpertBelt|Intimidate|WildCharge,RagingBull,CloseCombat,Protect|Adamant||M|||50|]Gourgeist||OccaBerry|Pickup|Poltergeist,PowerWhip,TrickRoom,ShadowSneak|Brave||M|||50|]Simisear||Charcoal|Blaze|Protect,HeatWave,GrassKnot,FakeOut|Modest||F|||50|
|
|t:|1785516379
|teamsize|p1|4
|teamsize|p2|4
|start
|switch|p1a: Hydreigon|Hydreigon, L50, M|100/100
|switch|p1b: Delphox|Delphox, L50, M|100/100
|switch|p2a: Simisear|Simisear, L50, F|100/100
|switch|p2b: Gourgeist|Gourgeist, L50, M|100/100
|turn|1
|
|t:|1785516439
|detailschange|p1b: Delphox|Delphox-Mega, L50, M
|-mega|p1b: Delphox|Delphox|Delphoxite
|move|p1b: Delphox|Protect|p1b: Delphox
|-singleturn|p1b: Delphox|Protect
|move|p2a: Simisear|Fake Out|p1a: Hydreigon
|-damage|p1a: Hydreigon|89/100
|cant|p1a: Hydreigon|flinch
|move|p2b: Gourgeist|Trick Room|p2b: Gourgeist
|-fieldstart|move: Trick Room|[of] p2b: Gourgeist
|
|upkeep
|turn|2
|
|t:|1785516453
|switch|p1b: Primarina|Primarina, L50, M|100/100
|move|p2b: Gourgeist|Poltergeist|p1b: Primarina
|-activate|p1b: Primarina|move: Poltergeist|Life Orb
|-damage|p1b: Primarina|51/100
|move|p2a: Simisear|Heat Wave|p1b: Primarina|[spread] p1a,p1b
|-resisted|p1a: Hydreigon|1
|-resisted|p1b: Primarina|1
|-damage|p1a: Hydreigon|66/100
|-damage|p1b: Primarina|34/100
|move|p1a: Hydreigon|Snarl|p2a: Simisear|[spread] p2a,p2b
|-supereffective|p2b: Gourgeist|1
|-damage|p2a: Simisear|68/100
|-damage|p2b: Gourgeist|50/100y
|-unboost|p2a: Simisear|spa|1
|-unboost|p2b: Gourgeist|spa|1
|
|upkeep
|turn|3
|
|t:|1785516474
|move|p1b: Primarina|Protect|p1b: Primarina
|-singleturn|p1b: Primarina|Protect
|move|p2a: Simisear|Protect|p2a: Simisear
|-singleturn|p2a: Simisear|Protect
|move|p2b: Gourgeist|Power Whip|p1b: Primarina
|-activate|p1b: Primarina|move: Protect
|move|p1a: Hydreigon|Snarl|p2a: Simisear|[spread] p2b
|-activate|p2a: Simisear|move: Protect
|-supereffective|p2b: Gourgeist|1
|-damage|p2b: Gourgeist|0 fnt
|faint|p2b: Gourgeist
|
|upkeep
|
|t:|1785516491
|switch|p2b: Avalugg|Avalugg-Hisui, L50, F|100/100
|turn|4
|
|t:|1785516519
|switch|p1b: Kangaskhan|Kangaskhan, L50, F|100/100
|move|p2b: Avalugg|Rock Slide|p1a: Hydreigon|[spread] p1a,p1b
|-damage|p1a: Hydreigon|27/100
|-damage|p1b: Kangaskhan|66/100
|move|p2a: Simisear|Grass Knot|p1b: Kangaskhan
|-damage|p1b: Kangaskhan|48/100
|move|p1a: Hydreigon|Snarl|p2b: Avalugg|[spread] p2a,p2b
|-damage|p2a: Simisear|33/100
|-damage|p2b: Avalugg|51/100
|-unboost|p2a: Simisear|spa|1
|-unboost|p2b: Avalugg|spa|1
|
|upkeep
|turn|5
|
|t:|1785516536
|move|p1b: Kangaskhan|Fake Out|p2b: Avalugg
|-resisted|p2b: Avalugg|1
|-damage|p2b: Avalugg|46/100
|cant|p2b: Avalugg|flinch
|move|p2a: Simisear|Heat Wave|p1a: Hydreigon|[spread] p1a,p1b
|-resisted|p1a: Hydreigon|1
|-damage|p1a: Hydreigon|15/100
|-damage|p1b: Kangaskhan|29/100
|move|p1a: Hydreigon|Snarl|p2a: Simisear|[spread] p2a,p2b
|-damage|p2a: Simisear|1/100
|-damage|p2b: Avalugg|0 fnt
|-unboost|p2a: Simisear|spa|1
|faint|p2b: Avalugg
|
|-fieldend|move: Trick Room
|upkeep
|
|t:|1785516551
|switch|p2b: Diggersby|Diggersby, L50, F|100/100
|turn|6
|
|t:|1785516568
|move|p2a: Simisear|Protect|p2a: Simisear
|-singleturn|p2a: Simisear|Protect
|move|p2b: Diggersby|Quick Attack|p1b: Kangaskhan
|-damage|p1b: Kangaskhan|0 fnt
|faint|p1b: Kangaskhan
|-damage|p2b: Diggersby|90/100|[from] item: Life Orb
|move|p1a: Hydreigon|Snarl|p2b: Diggersby|[spread] p2b
|-activate|p2a: Simisear|move: Protect
|-damage|p2b: Diggersby|63/100
|-unboost|p2b: Diggersby|spa|1
|
|upkeep
|
|t:|1785516582
|switch|p1b: Delphox|Delphox-Mega, L50, M|100/100
|turn|7
|
|t:|1785516589
|move|p2b: Diggersby|Quick Attack|p1a: Hydreigon
|-damage|p1a: Hydreigon|0 fnt
|faint|p1a: Hydreigon
|-damage|p2b: Diggersby|53/100|[from] item: Life Orb
|move|p1b: Delphox|Psychic|p2b: Diggersby
|-damage|p2b: Diggersby|0 fnt
|faint|p2b: Diggersby
|move|p2a: Simisear|Heat Wave|p1b: Delphox
|-resisted|p1b: Delphox|1
|-damage|p1b: Delphox|85/100
|
|upkeep
|
|t:|1785516599
|switch|p1a: Primarina|Primarina, L50, M|34/100
|turn|8
|
|t:|1785516605
|move|p1b: Delphox|Psychic|p2a: Simisear
|-crit|p2a: Simisear
|-damage|p2a: Simisear|0 fnt
|faint|p2a: Simisear
|
|win|SuperNovaKush
|c|☆SuperNovaKush|ggs
