|j|☆Tangermon
|j|☆luckycricket0326
|html|Tangermonluckycricket0326    
|uhtml|bestof|Game 1 of a best-of-3
|t:|1785162350
|gametype|doubles
|player|p1|Tangermon|hilbert-wonderlauncher|1131
|player|p2|luckycricket0326|169|1045
|gen|9
|tier|[Gen 9 Champions] VGC 2026 Reg M-B (Bo3)
|rated|
|rule|Species Clause: Limit one of each Pokémon
|rule|Item Clause: Limit 1 of each item
|clearpoke
|poke|p1|Mr. Rime, L50, F|
|poke|p1|Floette-Eternal, L50, F|
|poke|p1|Raichu, L50, M|
|poke|p1|Incineroar, L50, M|
|poke|p1|Ceruledge, L50, F|
|poke|p1|Sinistcha, L50|
|poke|p2|Vivillon-High Plains, L50, M|
|poke|p2|Raichu, L50, M|
|poke|p2|Farigiraf, L50, F|
|poke|p2|Vanilluxe, L50, M|
|poke|p2|Garchomp, L50, M|
|poke|p2|Camerupt, L50, F|
|teampreview|4
|showteam|p1|Mr. Rime||FocusSash|ScreenCleaner|FreezeDry,Protect,SheerCold,RolePlay|Timid||F|||50|]Floette-Eternal||Floettite|FlowerVeil|DrainingKiss,DazzlingGleam,CalmMind,Protect|Timid||F|||50|]Raichu||RaichuniteY|LightningRod|FakeOut,ZapCannon,FocusBlast,Protect|Jolly||M|||50|]Incineroar||SitrusBerry|Intimidate|FakeOut,FlareBlitz,PartingShot,DarkestLariat|Impish||M|||50|]Ceruledge||ColburBerry|FlashFire|BitterBlade,ShadowSneak,Protect,BulkUp|Adamant||F|||50|]Sinistcha||KasibBerry|Hospitality|MatchaGotcha,RagePowder,TrickRoom,Protect|Bold|||||50|
|showteam|p2|Vivillon-High Plains||FocusSash|CompoundEyes|SleepPowder,Hurricane,RagePowder,Protect|Timid||M|||50|]Raichu||RaichuniteY|LightningRod|ZapCannon,FocusBlast,FakeOut,Protect|Timid||M|||50|]Farigiraf||ColburBerry|ArmorTail|PsychicFangs,Thunderbolt,TrickRoom,HelpingHand|Bold||F|||50|]Vanilluxe||NeverMeltIce|SnowWarning|Blizzard,FreezeDry,Protect,IceShard|Quiet||M|||50|]Garchomp||LifeOrb|RoughSkin|DragonClaw,Earthquake,RockSlide,Protect|Jolly||M|||50|]Camerupt||Cameruptite|SolidRock|HeatWave,EarthPower,Protect,AncientPower|Quiet||F|||50|
|inactive|Battle timer is ON: inactive players will automatically lose when time's up. (requested by Tangermon)
|inactive|Tangermon has 60 seconds left.
|
|t:|1785162390
|teamsize|p1|4
|teamsize|p2|4
|start
|switch|p1a: Ceruledge|Ceruledge, L50, F|100/100
|switch|p1b: Floette|Floette-Eternal, L50, F|100/100
|switch|p2a: Raichu|Raichu, L50, M|100/100
|switch|p2b: Farigiraf|Farigiraf, L50, F|100/100
|turn|1
|
|t:|1785162412
|detailschange|p1b: Floette|Floette-Mega, L50, F
|-mega|p1b: Floette|Floette|Floettite
|-ability|p1b: Floette|Fairy Aura
|move|p2a: Raichu|Fake Out|p1b: Floette
|-damage|p1b: Floette|91/100
|cant|p1b: Floette|flinch
|move|p1a: Ceruledge|Bulk Up|p1a: Ceruledge
|-boost|p1a: Ceruledge|atk|1
|-boost|p1a: Ceruledge|def|1
|move|p2b: Farigiraf|Trick Room|p2b: Farigiraf
|-fieldstart|move: Trick Room|[of] p2b: Farigiraf
|
|upkeep
|turn|2
|inactive|Tangermon has 30 seconds left.
|inactive|luckycricket0326 has 30 seconds left.
|
|t:|1785162447
|switch|p2b: Camerupt|Camerupt, L50, F|100/100
|move|p1b: Floette|Protect|p1b: Floette
|-singleturn|p1b: Floette|Protect
|move|p2a: Raichu|Protect|p2a: Raichu
|-singleturn|p2a: Raichu|Protect
|move|p1a: Ceruledge|Bitter Blade|p2b: Camerupt
|-resisted|p2b: Camerupt|1
|-damage|p2b: Camerupt|53/100
|
|upkeep
|turn|3
|
|t:|1785162468
|switch|p2a: Vanilluxe|Vanilluxe, L50, M|100/100
|-weather|Snowscape|[from] ability: Snow Warning|[of] p2a: Vanilluxe
|detailschange|p2b: Camerupt|Camerupt-Mega, L50, F
|-mega|p2b: Camerupt|Camerupt|Cameruptite
|move|p1a: Ceruledge|Protect|p1a: Ceruledge
|-singleturn|p1a: Ceruledge|Protect
|move|p2b: Camerupt|Earth Power|p1a: Ceruledge
|-activate|p1a: Ceruledge|move: Protect
|move|p1b: Floette|Dazzling Gleam|p2a: Vanilluxe|[spread] p2a,p2b
|-resisted|p2b: Camerupt|1
|-crit|p2b: Camerupt
|-damage|p2a: Vanilluxe|62/100
|-damage|p2b: Camerupt|23/100
|
|-weather|Snowscape|[upkeep]
|upkeep
|turn|4
|inactive|Tangermon has 30 seconds left.
|inactive|Tangermon has 20 seconds left.
|
|t:|1785162504
|switch|p2a: Farigiraf|Farigiraf, L50, F|100/100
|switch|p1a: Sinistcha|Sinistcha, L50|100/100
|-heal|p1b: Floette|100/100|[from] ability: Hospitality|[of] p1a: Sinistcha
|move|p2b: Camerupt|Earth Power|p1a: Sinistcha
|-resisted|p1a: Sinistcha|1
|-damage|p1a: Sinistcha|62/100
|move|p1b: Floette|Calm Mind|p1b: Floette
|-boost|p1b: Floette|spa|1
|-boost|p1b: Floette|spd|1
|
|-weather|Snowscape|[upkeep]
|upkeep
|turn|5
|
|t:|1785162525
|move|p2a: Farigiraf|Helping Hand|p2b: Camerupt
|-singleturn|p2b: Camerupt|Helping Hand|[of] p2a: Farigiraf
|move|p1a: Sinistcha|Protect|p1a: Sinistcha
|-singleturn|p1a: Sinistcha|Protect
|move|p2b: Camerupt|Heat Wave|p1a: Sinistcha|[spread] p1b
|-activate|p1a: Sinistcha|move: Protect
|-damage|p1b: Floette|55/100
|move|p1b: Floette|Dazzling Gleam|p2a: Farigiraf|[spread] p2a,p2b
|-resisted|p2b: Camerupt|1
|-damage|p2a: Farigiraf|39/100
|-damage|p2b: Camerupt|0 fnt
|faint|p2b: Camerupt
|
|-weather|Snowscape|[upkeep]
|-fieldend|move: Trick Room
|upkeep
|
|t:|1785162539
|switch|p2b: Raichu|Raichu, L50, M|100/100
|turn|6
|
|t:|1785162557
|switch|p1a: Ceruledge|Ceruledge, L50, F|100/100
|move|p1b: Floette|Protect|p1b: Floette
|-singleturn|p1b: Floette|Protect
|move|p2b: Raichu|Zap Cannon|p1b: Floette
|-activate|p1b: Floette|move: Protect
|move|p2a: Farigiraf|Thunderbolt|p2b: Raichu
|-activate|p2b: Raichu|ability: Lightning Rod
|-ability|p2b: Raichu|Lightning Rod|boost
|-boost|p2b: Raichu|spa|1
|
|-weather|Snowscape|[upkeep]
|upkeep
|turn|7
|
|t:|1785162577
|move|p2b: Raichu|Zap Cannon|p1b: Floette
|-damage|p1b: Floette|18/100
|-status|p1b: Floette|par
|move|p1a: Ceruledge|Bitter Blade|p2b: Raichu
|-damage|p2b: Raichu|1/100
|move|p2a: Farigiraf|Psychic Fangs|p1a: Ceruledge
|-damage|p1a: Ceruledge|72/100
|move|p1b: Floette|Draining Kiss|p2a: Farigiraf
|-damage|p2a: Farigiraf|0 fnt
|-heal|p1b: Floette|56/100 par|[from] drain|[of] p2a: Farigiraf
|faint|p2a: Farigiraf
|
|-weather|none
|upkeep
|
|t:|1785162589
|switch|p2a: Vanilluxe|Vanilluxe, L50, M|62/100
|-weather|Snowscape|[from] ability: Snow Warning|[of] p2a: Vanilluxe
|turn|8
|
|t:|1785162598
|switch|p1a: Sinistcha|Sinistcha, L50|62/100
|-heal|p1b: Floette|81/100 par|[from] ability: Hospitality|[of] p1a: Sinistcha
|move|p2b: Raichu|Zap Cannon|p1a: Sinistcha|[miss]
|-miss|p2b: Raichu|p1a: Sinistcha
|move|p2a: Vanilluxe|Blizzard|p1a: Sinistcha|[spread] p1a,p1b
|-supereffective|p1a: Sinistcha|1
|-damage|p1a: Sinistcha|0 fnt
|-damage|p1b: Floette|54/100 par
|faint|p1a: Sinistcha
|cant|p1b: Floette|par
|
|-weather|Snowscape|[upkeep]
|upkeep
|
|t:|1785162612
|switch|p1a: Ceruledge|Ceruledge, L50, F|72/100
|turn|9
|
|t:|1785162618
|move|p2b: Raichu|Protect|p2b: Raichu
|-singleturn|p2b: Raichu|Protect
|move|p1a: Ceruledge|Shadow Sneak|p2b: Raichu
|-activate|p2b: Raichu|move: Protect
|move|p2a: Vanilluxe|Blizzard|p1b: Floette|[spread] p1a,p1b
|-resisted|p1a: Ceruledge|1
|-damage|p1a: Ceruledge|48/100
|-damage|p1b: Floette|27/100 par
|move|p1b: Floette|Draining Kiss|p2a: Vanilluxe
|-damage|p2a: Vanilluxe|12/100
|-heal|p1b: Floette|66/100 par|[from] drain|[of] p2a: Vanilluxe
|
|-weather|Snowscape|[upkeep]
|upkeep
|turn|10
|
|t:|1785162636
|move|p1a: Ceruledge|Shadow Sneak|p2b: Raichu
|-damage|p2b: Raichu|0 fnt
|faint|p2b: Raichu
|move|p2a: Vanilluxe|Blizzard|p1b: Floette|[spread] p1a,p1b
|-resisted|p1a: Ceruledge|1
|-damage|p1a: Ceruledge|22/100
|-damage|p1b: Floette|40/100 par
|move|p1b: Floette|Draining Kiss|p2a: Vanilluxe
|-damage|p2a: Vanilluxe|0 fnt
|-heal|p1b: Floette|50/100g par|[from] drain|[of] p2a: Vanilluxe
|faint|p2a: Vanilluxe
|
|win|Tangermon
|inactive|Tangermon has 30 seconds to confirm battle start!
|inactive|luckycricket0326 has 30 seconds to confirm battle start!
||Tangermon is ready for game 2.
||luckycricket0326 is ready for game 2.
|uhtml|next|Next: Game 2 of 3
|l|☆Tangermon
|player|p1|
