|j|☆NightshadeAI
|j|☆EpiclyEpicGamerW
|html|NightshadeAIEpiclyEpicGamerW    
|uhtml|bestof|Game 3 of a best-of-3
|t:|1783557740
|gametype|doubles
|player|p1|NightshadeAI|265|1113
|player|p2|EpiclyEpicGamerW|red-masters|1185
|gen|9
|tier|[Gen 9 Champions] VGC 2026 Reg M-B (Bo3)
|rated|
|rule|Species Clause: Limit one of each Pokémon
|rule|Item Clause: Limit 1 of each item
|clearpoke
|poke|p1|Whimsicott, L50, M|
|poke|p1|Charizard, L50, F|
|poke|p1|Basculegion, L50, M|
|poke|p1|Garchomp, L50, F|
|poke|p1|Floette-Eternal, L50, F|
|poke|p1|Kingambit, L50, F|
|poke|p2|Charizard, L50, F|
|poke|p2|Venusaur, L50, F|
|poke|p2|Garchomp, L50, M|
|poke|p2|Milotic, L50, M|
|poke|p2|Kingambit, L50, F|
|poke|p2|Aerodactyl, L50, F|
|teampreview|4
|showteam|p1|Whimsicott||FocusSash|Prankster|Moonblast,Tailwind,Encore,Protect|Timid||M|||50|]Charizard||CharizarditeY|Blaze|WeatherBall,SolarBeam,HeatWave,Protect|Modest||F|||50|]Basculegion||MysticWater|Adaptability|LastRespects,WaveCrash,AquaJet,Protect|Adamant||M|||50|]Garchomp||LifeOrb|RoughSkin|DragonClaw,Earthquake,RockSlide,Protect|Adamant||F|||50|]Floette-Eternal||Floettite|FlowerVeil|DazzlingGleam,LightofRuin,Moonblast,Protect|Modest||F|||50|]Kingambit||ChopleBerry|Defiant|KowtowCleave,SuckerPunch,IronHead,LowKick|Adamant||F|||50|
|showteam|p2|Charizard||CharizarditeY|Blaze|WeatherBall,HeatWave,SolarBeam,Protect|Modest||F|||50|]Venusaur||LifeOrb|Chlorophyll|LeafStorm,SludgeBomb,EarthPower,Protect|Modest||F|||50|]Garchomp||SitrusBerry|RoughSkin|DragonClaw,Earthquake,RockSlide,Protect|Adamant||M|||50|]Milotic||Leftovers|Competitive|Scald,IcyWind,Haze,Protect|Modest||M|||50|]Kingambit||FocusSash|Defiant|KowtowCleave,SuckerPunch,LowKick,Protect|Jolly||F|||50|]Aerodactyl||Aerodactylite|Unnerve|RockSlide,IceFang,Tailwind,WideGuard|Jolly||F|||50|
|inactive|Battle timer is ON: inactive players will automatically lose when time's up. (requested by NightshadeAI)
|inactive|EpiclyEpicGamerW also wants the timer to be on.
|
|t:|1783557766
|teamsize|p1|4
|teamsize|p2|4
|start
|switch|p1a: Basculegion|Basculegion, L50, M|100/100
|switch|p1b: Whimsicott|Whimsicott, L50, M|100/100
|switch|p2a: Milotic|Milotic, L50, M|100/100
|switch|p2b: Venusaur|Venusaur, L50, F|100/100
|turn|1
|
|t:|1783557772
|move|p1b: Whimsicott|Tailwind|p1b: Whimsicott
|-sidestart|p1: NightshadeAI|move: Tailwind
|move|p1a: Basculegion|Wave Crash|p2a: Milotic
|-resisted|p2a: Milotic|1
|-damage|p2a: Milotic|56/100
|-damage|p1a: Basculegion|86/100|[from] Recoil
|move|p2b: Venusaur|Sludge Bomb|p1b: Whimsicott
|-supereffective|p1b: Whimsicott|2
|-enditem|p1b: Whimsicott|Focus Sash
|-damage|p1b: Whimsicott|1/100
|-status|p1b: Whimsicott|psn
|-damage|p2b: Venusaur|90/100|[from] item: Life Orb
|move|p2a: Milotic|Icy Wind|p1a: Basculegion|[spread] p1a,p1b
|-resisted|p1a: Basculegion|1
|-supereffective|p1b: Whimsicott|1
|-damage|p1a: Basculegion|79/100
|-damage|p1b: Whimsicott|0 fnt
|-unboost|p1a: Basculegion|spe|1
|faint|p1b: Whimsicott
|
|-heal|p2a: Milotic|62/100|[from] item: Leftovers
|upkeep
|
|t:|1783557772
|switch|p1b: Garchomp|Garchomp, L50, F|100/100
|turn|2
|inactive|EpiclyEpicGamerW has 30 seconds left.
|inactive|EpiclyEpicGamerW has 20 seconds left.
|
|t:|1783557810
|switch|p2b: Kingambit|Kingambit, L50, F|100/100
|move|p2a: Milotic|Protect|p2a: Milotic
|-singleturn|p2a: Milotic|Protect
|move|p1b: Garchomp|Earthquake|p2b: Kingambit|[spread] p1a,p2b
|-activate|p2a: Milotic|move: Protect
|-supereffective|p2b: Kingambit|1
|-damage|p1a: Basculegion|10/100
|-enditem|p2b: Kingambit|Focus Sash
|-damage|p2b: Kingambit|1/100
|-damage|p1b: Garchomp|90/100|[from] item: Life Orb
|move|p1a: Basculegion|Last Respects|p2b: Kingambit
|-resisted|p2b: Kingambit|1
|-damage|p2b: Kingambit|0 fnt
|faint|p2b: Kingambit
|
|-heal|p2a: Milotic|68/100|[from] item: Leftovers
|upkeep
|
|t:|1783557816
|switch|p2b: Venusaur|Venusaur, L50, F|90/100
|turn|3
|
|t:|1783557831
|move|p2b: Venusaur|Protect|p2b: Venusaur
|-singleturn|p2b: Venusaur|Protect
|move|p1b: Garchomp|Earthquake|p2b: Venusaur|[spread] p1a,p2a
|-activate|p2b: Venusaur|move: Protect
|-damage|p1a: Basculegion|0 fnt
|-damage|p2a: Milotic|17/100
|faint|p1a: Basculegion
|-damage|p1b: Garchomp|80/100|[from] item: Life Orb
|move|p2a: Milotic|Icy Wind|p1b: Garchomp
|-supereffective|p1b: Garchomp|2
|-damage|p1b: Garchomp|15/100
|-unboost|p1b: Garchomp|spe|1
|
|-heal|p2a: Milotic|23/100|[from] item: Leftovers
|upkeep
|
|t:|1783557831
|switch|p1a: Floette|Floette-Eternal, L50, F|100/100
|turn|4
|inactive|EpiclyEpicGamerW has 30 seconds left.
|
|t:|1783557860
|detailschange|p1a: Floette|Floette-Mega, L50, F
|-mega|p1a: Floette|Floette|Floettite
|-ability|p1a: Floette|Fairy Aura
|move|p2a: Milotic|Protect|p2a: Milotic
|-singleturn|p2a: Milotic|Protect
|move|p1a: Floette|Dazzling Gleam|p2b: Venusaur|[spread] p2b
|-activate|p2a: Milotic|move: Protect
|-resisted|p2b: Venusaur|1
|-damage|p2b: Venusaur|59/100
|move|p1b: Garchomp|Rock Slide|p2b: Venusaur|[spread] p2b
|-activate|p2a: Milotic|move: Protect
|-damage|p2b: Venusaur|21/100
|-damage|p1b: Garchomp|6/100|[from] item: Life Orb
|move|p2b: Venusaur|Sludge Bomb|p1a: Floette
|-supereffective|p1a: Floette|1
|-crit|p1a: Floette
|-damage|p1a: Floette|0 fnt
|faint|p1a: Floette
|-damage|p2b: Venusaur|11/100|[from] item: Life Orb
|
|-heal|p2a: Milotic|29/100|[from] item: Leftovers
|-sideend|p1: NightshadeAI|move: Tailwind
|upkeep
|turn|5
|
|t:|1783557882
|move|p2b: Venusaur|Sludge Bomb|p1b: Garchomp
|-resisted|p1b: Garchomp|1
|-damage|p1b: Garchomp|0 fnt
|faint|p1b: Garchomp
|-damage|p2b: Venusaur|1/100|[from] item: Life Orb
|
|win|EpiclyEpicGamerW
|raw|NightshadeAI's rating: 1113 → 1093(-20 for losing)
|raw|EpiclyEpicGamerW's rating: 1185 → 1205(+20 for winning)
