|j|☆MrGardnHose
|j|☆extraspider
|html|MrGardnHoseextraspider    
|uhtml|bestof|Game 2 of a best-of-3
|t:|1782407471
|gametype|doubles
|player|p1|MrGardnHose|jasmine-masters2|1122
|player|p2|extraspider|caitlin|1074
|gen|9
|tier|[Gen 9 Champions] VGC 2026 Reg M-B (Bo3)
|rated|
|rule|Species Clause: Limit one of each Pokémon
|rule|Item Clause: Limit 1 of each item
|clearpoke
|poke|p1|Whimsicott, L50, F|
|poke|p1|Swampert, L50, F|
|poke|p1|Pelipper, L50, M|
|poke|p1|Archaludon, L50, F|
|poke|p1|Basculegion, L50, M|
|poke|p1|Floette-Eternal, L50, F|
|poke|p2|Grimmsnarl, L50, M|
|poke|p2|Staraptor, L50, M|
|poke|p2|Raichu, L50, M|
|poke|p2|Metagross, L50|
|poke|p2|Sinistcha, L50|
|poke|p2|Arcanine-Hisui, L50, F|
|teampreview|4
|showteam|p1|Whimsicott||CobaBerry|Prankster|Moonblast,Tailwind,Encore,Protect|Bold||F|||50|]Swampert||Swampertite|Torrent|WaveCrash,Earthquake,IcePunch,Protect|Adamant||F|||50|]Pelipper||LifeOrb|Drizzle|WeatherBall,Hurricane,Tailwind,Protect|Modest||M|||50|]Archaludon||Leftovers|Stamina|DracoMeteor,FlashCannon,ElectroShot,Protect|Modest||F|||50|]Basculegion||FocusSash|Adaptability|Liquidation,LastRespects,AquaJet,Protect|Adamant||M|||50|]Floette-Eternal||Floettite|FlowerVeil|Moonblast,DazzlingGleam,LightofRuin,Protect|Modest||F|||50|
|showteam|p2|Grimmsnarl||FairyFeather|Prankster|PartingShot,FakeOut,SpiritBreak,ScaryFace|Serious||M|||50|]Staraptor||Staraptite|Intimidate|CloseCombat,DualWingbeat,Protect,Roost|Adamant||M|||50|]Raichu||RaichuniteX|LightningRod|RisingVoltage,Protect,Encore,Electroweb|Serious||M|||50|]Metagross||Metagrossite|ClearBody|BulletPunch,PsychicFangs,IronHead,Protect|Serious|||||50|]Sinistcha||FocusSash|Hospitality|LifeDew,MatchaGotcha,StrengthSap,RagePowder|Serious|||||50|]Arcanine-Hisui||ChopleBerry|Intimidate|HeadSmash,FlareBlitz,ExtremeSpeed,Protect|Serious||F|||50|
|inactive|Battle timer is ON: inactive players will automatically lose when time's up. (requested by extraspider)
|inactive|extraspider has 60 seconds left.
|inactive|MrGardnHose has 60 seconds left.
|
|t:|1782407512
|teamsize|p1|4
|teamsize|p2|4
|start
|switch|p1a: Whimsicott|Whimsicott, L50, F|100/100
|switch|p1b: Archaludon|Archaludon, L50, F|100/100
|switch|p2a: Sinistcha|Sinistcha, L50|100/100
|switch|p2b: Staraptor|Staraptor, L50, M|100/100
|-ability|p2b: Staraptor|Intimidate|boost
|-unboost|p1a: Whimsicott|atk|1
|-unboost|p1b: Archaludon|atk|1
|turn|1
|
|t:|1782407535
|detailschange|p2b: Staraptor|Staraptor-Mega, L50, M
|-mega|p2b: Staraptor|Staraptor|Staraptite
|move|p1b: Archaludon|Protect|p1b: Archaludon
|-singleturn|p1b: Archaludon|Protect
|move|p1a: Whimsicott|Moonblast|p2b: Staraptor
|-supereffective|p2b: Staraptor|1
|-damage|p2b: Staraptor|40/100
|move|p2b: Staraptor|Close Combat|p1b: Archaludon
|-activate|p1b: Archaludon|move: Protect
|move|p2a: Sinistcha|Strength Sap|p2b: Staraptor
|-boost|p2b: Staraptor|atk|1
|
|upkeep
|turn|2
|
|t:|1782407554
|switch|p1b: Pelipper|Pelipper, L50, M|100/100
|-weather|RainDance|[from] ability: Drizzle|[of] p1b: Pelipper
|move|p2b: Staraptor|Protect|p2b: Staraptor
|-singleturn|p2b: Staraptor|Protect
|move|p1a: Whimsicott|Encore|p2a: Sinistcha
|-start|p2a: Sinistcha|Encore
|move|p2a: Sinistcha|Strength Sap|p1b: Pelipper
|-unboost|p1b: Pelipper|atk|1
|
|-weather|RainDance|[upkeep]
|upkeep
|turn|3
|inactive|extraspider has 30 seconds left.
|
|t:|1782407581
|switch|p2a: Grimmsnarl|Grimmsnarl, L50, M|100/100
|move|p1a: Whimsicott|Tailwind|p1a: Whimsicott
|-sidestart|p1: MrGardnHose|move: Tailwind
|move|p1b: Pelipper|Weather Ball|p2b: Staraptor
|-damage|p2b: Staraptor|0 fnt
|faint|p2b: Staraptor
|-damage|p1b: Pelipper|90/100|[from] item: Life Orb
|
|-weather|RainDance|[upkeep]
|upkeep
|
|t:|1782407594
|switch|p2b: Sinistcha|Sinistcha, L50|100/100
|turn|4
|
|t:|1782407607
|move|p1a: Whimsicott|Moonblast|p2b: Sinistcha
|-damage|p2b: Sinistcha|69/100
|move|p1b: Pelipper|Hurricane|p2b: Sinistcha
|-supereffective|p2b: Sinistcha|1
|-damage|p2b: Sinistcha|0 fnt
|faint|p2b: Sinistcha
|-damage|p1b: Pelipper|81/100|[from] item: Life Orb
|move|p2a: Grimmsnarl|Spirit Break|p1a: Whimsicott
|-damage|p1a: Whimsicott|67/100
|-unboost|p1a: Whimsicott|spa|1
|
|-weather|RainDance|[upkeep]
|upkeep
|
|t:|1782407617
|switch|p2b: Arcanine|Arcanine-Hisui, L50, F|100/100
|-ability|p2b: Arcanine|Intimidate|boost
|-unboost|p1a: Whimsicott|atk|1
|-unboost|p1b: Pelipper|atk|1
|turn|5
|
|t:|1782407630
|move|p2a: Grimmsnarl|Scary Face|p1b: Pelipper
|-unboost|p1b: Pelipper|spe|2
|move|p1a: Whimsicott|Moonblast|p2a: Grimmsnarl
|-supereffective|p2a: Grimmsnarl|1
|-damage|p2a: Grimmsnarl|60/100
|move|p2b: Arcanine|Head Smash|p1b: Pelipper
|-supereffective|p1b: Pelipper|1
|-damage|p1b: Pelipper|0 fnt
|faint|p1b: Pelipper
|-damage|p2b: Arcanine|64/100|[from] Recoil
|
|-weather|RainDance|[upkeep]
|upkeep
|
|t:|1782407637
|switch|p1b: Swampert|Swampert, L50, F|100/100
|turn|6
|
|t:|1782407658
|detailschange|p1b: Swampert|Swampert-Mega, L50, F
|-mega|p1b: Swampert|Swampert|Swampertite
|move|p1a: Whimsicott|Encore|p2b: Arcanine
|-start|p2b: Arcanine|Encore
|move|p2a: Grimmsnarl|Parting Shot|p1b: Swampert
|-unboost|p1b: Swampert|atk|1
|-unboost|p1b: Swampert|spa|1
|move|p1b: Swampert|Earthquake|p2a: Grimmsnarl|[spread] p1a,p2a,p2b
|-resisted|p1a: Whimsicott|1
|-supereffective|p2b: Arcanine|2
|-damage|p1a: Whimsicott|52/100
|-damage|p2a: Grimmsnarl|28/100
|-damage|p2b: Arcanine|0 fnt
|faint|p2b: Arcanine
|
|-weather|none
|-sideend|p1: MrGardnHose|move: Tailwind
|upkeep
|turn|7
|-message|extraspider forfeited.
|raw|MrGardnHose's rating: 1122 → 1144(+22 for winning)
|raw|extraspider's rating: 1074 → 1056(-18 for losing)
|
|win|MrGardnHose
