|j|☆f0xy363
|j|☆zpoogi
|html|f0xy363zpoogi    
|uhtml|bestof|Game 2 of a best-of-3
|t:|1756874005
|gametype|doubles
|player|p1|f0xy363|170|1144
|player|p2|zpoogi|az|1119
|gen|9
|tier|[Gen 9] VGC 2025 Reg H (Bo3)
|rated|
|rule|Species Clause: Limit one of each Pokémon
|rule|Item Clause: Limit 1 of each item
|clearpoke
|poke|p1|Gholdengo, L50|
|poke|p1|Incineroar, L50, F|
|poke|p1|Flamigo, L50, F|
|poke|p1|Ursaluna, L50, M|
|poke|p1|Porygon2, L50|
|poke|p1|Amoonguss, L50, M|
|poke|p2|Weezing-Galar, L50, F|
|poke|p2|Toedscruel, L50, F|
|poke|p2|Slaking, L50, M|
|poke|p2|Kilowattrel, L50, F|
|poke|p2|Annihilape, L50, F|
|poke|p2|Garchomp, L50, M|
|teampreview|4
|showteam|p1|Gholdengo||LifeOrb|GoodasGold|MakeItRain,ShadowBall,NastyPlot,Protect||||||50|,,,,,Dragon]Incineroar||SafetyGoggles|Intimidate|KnockOff,FlareBlitz,PartingShot,FakeOut|||F|||50|,,,,,Grass]Flamigo||FocusSash|Scrappy|CloseCombat,BraveBird,WideGuard,Protect|||F|||50|,,,,,Ghost]Ursaluna||FlameOrb|Guts|Facade,HeadlongRush,Earthquake,Protect|||M|||50|,,,,,Normal]Porygon2||Eviolite|Download|TeraBlast,IceBeam,TrickRoom,Recover||||||50|,,,,,Fighting]Amoonguss||MentalHerb|Regenerator|Spore,RagePowder,PollenPuff,SludgeBomb|||M|||50|,,,,,Water
|showteam|p2|Weezing-Galar||LifeOrb|NeutralizingGas|DazzlingGleam,SludgeBomb,Protect,Flamethrower|||F|||50|,,,,,Fire]Toedscruel||CovertCloak|MyceliumMight|Spore,EarthPower,AcidSpray,RagePowder|||F|||50|,,,,,Water]Slaking||ChoiceBand|Truant|GigaImpact,KnockOff,DrainPunch,HighHorsepower|||M|||50|,,,,,Ghost]Kilowattrel||FocusSash|Competitive|AirSlash,Thunderbolt,Tailwind,Protect|||F|||50|,,,,,Ghost]Annihilape||ChoiceScarf|Defiant|Coaching,FinalGambit,Uturn,ShadowClaw|||F|||50|,,,,,Fighting]Garchomp||LoadedDice|RoughSkin|ScaleShot,StompingTantrum,Earthquake,Protect|||M|||50|,,,,,Fairy
|inactive|Battle timer is ON: inactive players will automatically lose when time's up. (requested by zpoogi)
|
|t:|1756874030
|teamsize|p1|4
|teamsize|p2|4
|start
|switch|p1a: Incineroar|Incineroar, L50, F|100/100
|switch|p1b: Flamigo|Flamigo, L50, F|100/100
|switch|p2a: Slaking|Slaking, L50, M|100/100
|switch|p2b: Annihilape|Annihilape, L50, F|100/100
|-ability|p1a: Incineroar|Intimidate|boost
|-unboost|p2a: Slaking|atk|1
|-unboost|p2b: Annihilape|atk|1
|-ability|p2b: Annihilape|Defiant|boost
|-boost|p2b: Annihilape|atk|2
|turn|1
|inactive|f0xy363 has 30 seconds left.
|
|t:|1756874057
|-terastallize|p2a: Slaking|Ghost
|move|p2b: Annihilape|Coaching|p2a: Slaking
|-boost|p2a: Slaking|atk|1
|-boost|p2a: Slaking|def|1
|move|p2a: Slaking|Giga Impact|p1a: Incineroar
|-damage|p1a: Incineroar|0 fnt
|-mustrecharge|p2a: Slaking
|faint|p1a: Incineroar
|move|p1b: Flamigo|Brave Bird|p2b: Annihilape
|-supereffective|p2b: Annihilape
|-damage|p2b: Annihilape|0 fnt
|faint|p2b: Annihilape
|-damage|p1b: Flamigo|55/100|[from] Recoil
|
|upkeep
|
|t:|1756874068
|switch|p2b: Kilowattrel|Kilowattrel, L50, F|100/100
|switch|p1a: Porygon2|Porygon2, L50|100/100
|-ability|p1a: Porygon2|Download|boost
|-boost|p1a: Porygon2|spa|1
|turn|2
|
|t:|1756874080
|move|p2b: Kilowattrel|Thunderbolt|p1b: Flamigo
|-supereffective|p1b: Flamigo
|-damage|p1b: Flamigo|0 fnt
|faint|p1b: Flamigo
|cant|p2a: Slaking|recharge
|move|p1a: Porygon2|Trick Room|p1a: Porygon2
|-fieldstart|move: Trick Room|[of] p1a: Porygon2
|
|upkeep
|
|t:|1756874083
|switch|p1b: Ursaluna|Ursaluna, L50, M|100/100
|turn|3
|
|t:|1756874108
|move|p1b: Ursaluna|Protect|p1b: Ursaluna
|-singleturn|p1b: Ursaluna|Protect
|move|p2b: Kilowattrel|Protect|p2b: Kilowattrel
|-singleturn|p2b: Kilowattrel|Protect
|move|p1a: Porygon2|Ice Beam|p2b: Kilowattrel
|-activate|p2b: Kilowattrel|move: Protect
|move|p2a: Slaking|Giga Impact|p1b: Ursaluna
|-activate|p1b: Ursaluna|move: Protect
|
|-status|p1b: Ursaluna|brn|[from] item: Flame Orb
|upkeep
|turn|4
|
|t:|1756874118
|switch|p2b: Weezing|Weezing-Galar, L50, F|100/100
|-ability|p2b: Weezing|Neutralizing Gas
|move|p1b: Ursaluna|Facade|p2a: Slaking
|-immune|p2a: Slaking
|move|p1a: Porygon2|Ice Beam|p2b: Weezing
|-damage|p2b: Weezing|39/100
|move|p2a: Slaking|Giga Impact|p1b: Ursaluna
|-damage|p1b: Ursaluna|0 fnt
|-mustrecharge|p2a: Slaking
|faint|p1b: Ursaluna
|
|upkeep
|turn|5
|
|t:|1756874140
|move|p2b: Weezing|Protect|p2b: Weezing
|-singleturn|p2b: Weezing|Protect
|move|p1a: Porygon2|Ice Beam|p2b: Weezing
|-activate|p2b: Weezing|move: Protect
|cant|p2a: Slaking|recharge
|
|upkeep
|turn|6
|j| caramelpainn
|
|t:|1756874148
|move|p1a: Porygon2|Ice Beam|p2b: Weezing
|-damage|p2b: Weezing|0 fnt
|faint|p2b: Weezing
|-end|p2b: Weezing|ability: Neutralizing Gas
|-ability|p1a: Porygon2|Download|boost
|-boost|p1a: Porygon2|spa|1
|move|p2a: Slaking|Giga Impact|p1a: Porygon2
|-damage|p1a: Porygon2|14/100
|-mustrecharge|p2a: Slaking
|
|-fieldend|move: Trick Room
|upkeep
|
|t:|1756874158
|switch|p2b: Kilowattrel|Kilowattrel, L50, F|100/100
|turn|7
|
|t:|1756874170
|move|p2b: Kilowattrel|Thunderbolt|p1a: Porygon2
|-damage|p1a: Porygon2|0 fnt
|faint|p1a: Porygon2
|
|win|zpoogi
|raw|f0xy363's rating: 1144 → 1117(-27 for losing)
|raw|zpoogi's rating: 1119 → 1146(+27 for winning)
|l|☆f0xy363
|player|p1|
