|j|☆MidoMidori
|j|☆MatteoMabl
|html|MidoMidoriMatteoMabl    
|uhtml|bestof|Game 2 of a best-of-3
|t:|1756215612
|gametype|doubles
|player|p1|MidoMidori|roxanne-gen6|1264
|player|p2|MatteoMabl|101|1148
|gen|9
|tier|[Gen 9] VGC 2025 Reg H (Bo3)
|rated|
|rule|Species Clause: Limit one of each Pokémon
|rule|Item Clause: Limit 1 of each item
|clearpoke
|poke|p1|Sneasler, L50, M|
|poke|p1|Indeedee, L50, M|
|poke|p1|Volcarona, L50, M|
|poke|p1|Ursaluna-Bloodmoon, L50, M|
|poke|p1|Annihilape, L50, M|
|poke|p1|Tyranitar, L50, M|
|poke|p2|Indeedee, L50, M|
|poke|p2|Talonflame, L50, M|
|poke|p2|Ursaluna-Bloodmoon, L50, M|
|poke|p2|Sneasler, L50, M|
|poke|p2|Chandelure, L50, F|
|poke|p2|Electabuzz, L50, F|
|teampreview|4
|showteam|p1|Sneasler||PsychicSeed|Unburden|CloseCombat,DireClaw,ThroatChop,Protect|||M|||50|,,,,,Dark]Indeedee||ChoiceScarf|PsychicSurge|ExpandingForce,TeraBlast,Trick,Protect|||M|||50|,,,,,Psychic]Volcarona||SitrusBerry|FlameBody|Overheat,StruggleBug,RagePowder,Tailwind|||M|||50|,,,,,Grass]Ursaluna-Bloodmoon||LifeOrb|MindsEye|BloodMoon,HyperVoice,EarthPower,Protect|||M|||50|,,,,,Normal]Annihilape||SafetyGoggles|Defiant|CloseCombat,RageFist,Taunt,FinalGambit|||M|||50|,,,,,Fairy]Tyranitar||AssaultVest|SandStream|RockSlide,KnockOff,TeraBlast,LowKick|||M|||50|,,,,,Flying
|showteam|p2|Indeedee||FocusSash|PsychicSurge|ExpandingForce,Protect,HelpingHand,TrickRoom|||M|||50|,,,,,Psychic]Talonflame||CovertCloak|GaleWings|DualWingbeat,FlareBlitz,Tailwind,WillOWisp|||M|||50|,,,,,Stellar]Ursaluna-Bloodmoon||LifeOrb|MindsEye|BloodMoon,HyperVoice,EarthPower,Protect|||M|||50|,,,,,Normal]Sneasler||PsychicSeed|Unburden|DireClaw,CloseCombat,ThroatChop,Protect|||M|||50|,,,,,Dark]Chandelure||Charcoal|FlashFire|HeatWave,ShadowBall,Haze,TrickRoom|||F|||50|,,,,,Grass]Electabuzz||Eviolite|VitalSpirit|Electroweb,Protect,Taunt,FollowMe|||F|||50|,,,,,Fairy
|
|t:|1756215659
|teamsize|p1|4
|teamsize|p2|4
|start
|switch|p1a: Volcarona|Volcarona, L50, M|100/100
|switch|p1b: Ursaluna|Ursaluna-Bloodmoon, L50, M|100/100
|switch|p2a: Talonflame|Talonflame, L50, M|100/100
|switch|p2b: Chandelure|Chandelure, L50, F|100/100
|turn|1
|inactive|Battle timer is ON: inactive players will automatically lose when time's up. (requested by MatteoMabl)
|inactive|MatteoMabl has 60 seconds left.
|
|t:|1756215699
|-terastallize|p1b: Ursaluna|Normal
|move|p2a: Talonflame|Tailwind|p2a: Talonflame
|-sidestart|p2: MatteoMabl|move: Tailwind
|move|p2b: Chandelure|Heat Wave|p1b: Ursaluna|[spread] p1a,p1b
|-damage|p1a: Volcarona|49/100
|-damage|p1b: Ursaluna|27/100
|-enditem|p1a: Volcarona|Sitrus Berry|[eat]
|-heal|p1a: Volcarona|74/100|[from] item: Sitrus Berry
|move|p1a: Volcarona|Tailwind|p1a: Volcarona
|-sidestart|p1: MidoMidori|move: Tailwind
|move|p1b: Ursaluna|Blood Moon|p2b: Chandelure
|-damage|p2b: Chandelure|0 fnt
|faint|p2b: Chandelure
|-damage|p1b: Ursaluna|18/100|[from] item: Life Orb
|
|upkeep
|
|t:|1756215720
|switch|p2b: Indeedee|Indeedee, L50, M|100/100
|-fieldstart|move: Psychic Terrain|[from] ability: Psychic Surge|[of] p2b: Indeedee
|turn|2
|inactive|MatteoMabl has 30 seconds left.
|
|t:|1756215750
|switch|p1b: Indeedee|Indeedee, L50, M|100/100
|move|p2a: Talonflame|Flare Blitz|p1a: Volcarona
|-damage|p1a: Volcarona|12/100
|-damage|p2a: Talonflame|76/100|[from] Recoil
|move|p1a: Volcarona|Overheat|p2b: Indeedee
|-damage|p2b: Indeedee|14/100
|-unboost|p1a: Volcarona|spa|2
|move|p2b: Indeedee|Expanding Force|p1b: Indeedee|[spread] p1a,p1b
|-resisted|p1b: Indeedee
|-damage|p1a: Volcarona|0 fnt
|-damage|p1b: Indeedee|63/100
|faint|p1a: Volcarona
|
|upkeep
|
|t:|1756215755
|switch|p1a: Sneasler|Sneasler, L50, M|100/100
|-enditem|p1a: Sneasler|Psychic Seed
|-boost|p1a: Sneasler|spd|1|[from] item: Psychic Seed
|turn|3
|inactive|MatteoMabl has 30 seconds left.
|
|t:|1756215782
|move|p2b: Indeedee|Protect|p2b: Indeedee
|-singleturn|p2b: Indeedee|Protect
|move|p1a: Sneasler|Dire Claw|p2a: Talonflame
|-damage|p2a: Talonflame|6/100
|move|p1b: Indeedee|Expanding Force|p2a: Talonflame|[spread] p2a
|-activate|p2b: Indeedee|move: Protect
|-damage|p2a: Talonflame|0 fnt
|faint|p2a: Talonflame
|
|upkeep
|
|t:|1756215792
|switch|p2a: Sneasler|Sneasler, L50, M|100/100
|-enditem|p2a: Sneasler|Psychic Seed
|-boost|p2a: Sneasler|spd|1|[from] item: Psychic Seed
|turn|4
|inactive|MatteoMabl has 30 seconds left.
|
|t:|1756215824
|-terastallize|p2a: Sneasler|Dark
|move|p2a: Sneasler|Dire Claw|p1a: Sneasler
|-resisted|p1a: Sneasler
|-damage|p1a: Sneasler|64/100
|move|p1a: Sneasler|Dire Claw|p2b: Indeedee
|-damage|p2b: Indeedee|0 fnt
|faint|p2b: Indeedee
|move|p1b: Indeedee|Expanding Force|p2a: Sneasler
|-immune|p2a: Sneasler
|
|-sideend|p2: MatteoMabl|move: Tailwind
|-sideend|p1: MidoMidori|move: Tailwind
|upkeep
|turn|5
|
|t:|1756215848
|switch|p1b: Ursaluna|Ursaluna-Bloodmoon, L50, M, tera:Normal|18/100
|move|p1a: Sneasler|Protect|p1a: Sneasler
|-singleturn|p1a: Sneasler|Protect
|move|p2a: Sneasler|Dire Claw|p1a: Sneasler
|-activate|p1a: Sneasler|move: Protect
|
|upkeep
|turn|6
|
|t:|1756215870
|move|p2a: Sneasler|Dire Claw|p1a: Sneasler
|-resisted|p1a: Sneasler
|-damage|p1a: Sneasler|31/100
|move|p1a: Sneasler|Close Combat|p2a: Sneasler
|-supereffective|p2a: Sneasler
|-damage|p2a: Sneasler|0 fnt
|-unboost|p1a: Sneasler|def|1
|-unboost|p1a: Sneasler|spd|1
|faint|p2a: Sneasler
|
|win|MidoMidori
|raw|MidoMidori's rating: 1264 → 1281(+17 for winning)
|raw|MatteoMabl's rating: 1148 → 1131(-17 for losing)
|l|☆MatteoMabl
|player|p2|
