|j|☆Joaquu_
|j|☆lennydobleele
|html|Joaquu_lennydobleele    
|uhtml|bestof|Game 3 of a best-of-3
|t:|1785900748
|gametype|doubles
|player|p1|Joaquu_|169|
|player|p2|lennydobleele|1|
|gen|9
|tier|[Gen 9 Champions] VGC 2026 Reg M-B (Bo3)
|rule|Species Clause: Limit one of each Pokémon
|rule|Item Clause: Limit 1 of each item
|clearpoke
|poke|p1|Raichu, L50, F|
|poke|p1|Typhlosion-Hisui, L50, M|
|poke|p1|Aerodactyl, L50, M|
|poke|p1|Ninetales, L50, M|
|poke|p1|Sneasler, L50, F|
|poke|p1|Tsareena, L50, F|
|poke|p2|Sylveon, L50, F|
|poke|p2|Basculegion, L50, M|
|poke|p2|Charizard, L50, F|
|poke|p2|Kingambit, L50, M|
|poke|p2|Whimsicott, L50, F|
|poke|p2|Sinistcha-Masterpiece, L50|
|teampreview|4
|showteam|p1|Raichu||RaichuniteY|LightningRod|FakeTears,NastyPlot,ZapCannon,FocusBlast|Timid||F|||50|]Typhlosion-Hisui||ChoiceScarf|Frisk|Eruption,Flamethrower,ShadowBall,Extrasensory|Modest||M|||50|]Aerodactyl||Aerodactylite|Unnerve|RockSlide,Tailwind,IceFang,WideGuard|Jolly||M|||50|]Ninetales||LifeOrb|Drought|Flamethrower,EnergyBall,HelpingHand,Protect|Modest||M|||50|]Sneasler||FocusSash|PoisonTouch|PoisonJab,CloseCombat,Protect,FakeOut|Jolly||F|||50|]Tsareena||WideLens|QueenlyMajesty|PowerWhip,TripleAxel,HelpingHand,Protect|Careful||F|||50|
|showteam|p2|Sylveon||FairyFeather|Pixilate|Detect,HyperVoice,HyperBeam,QuickAttack|Sassy||F|||50|]Basculegion||MysticWater|Adaptability|AquaJet,LastRespects,Protect,Liquidation|Adamant||M|||50|]Charizard||CharizarditeY|SolarPower|HeatWave,SolarBeam,Protect,WeatherBall|Timid||F|||50|]Kingambit||ChopleBerry|Defiant|LowKick,IronHead,Protect,NightSlash|Adamant||M|||50|]Whimsicott||FocusSash|Prankster|Moonblast,Tailwind,Protect,Encore|Bold||F|||50|]Sinistcha-Masterpiece||Leftovers|Hospitality|MatchaGotcha,Protect,TrickRoom,PsychUp|Relaxed|||||50|
|
|t:|1785900811
|teamsize|p1|4
|teamsize|p2|4
|start
|switch|p1a: Sneasler|Sneasler, L50, F|100/100
|switch|p1b: Raichu|Raichu, L50, F|100/100
|switch|p2a: Whimsicott|Whimsicott, L50, F|100/100
|switch|p2b: Charizard|Charizard, L50, F|100/100
|turn|1
|
|t:|1785900874
|detailschange|p1b: Raichu|Raichu-Mega-Y, L50, F
|-mega|p1b: Raichu|Raichu|Raichunite Y
|move|p2b: Charizard|Protect|p2b: Charizard
|-singleturn|p2b: Charizard|Protect
|move|p1a: Sneasler|Fake Out|p2b: Charizard
|-activate|p2b: Charizard|move: Protect
|move|p2a: Whimsicott|Tailwind|p2a: Whimsicott
|-sidestart|p2: lennydobleele|move: Tailwind
|move|p1b: Raichu|Nasty Plot|p1b: Raichu
|-boost|p1b: Raichu|spa|2
|
|upkeep
|turn|2
|
|t:|1785900908
|detailschange|p2b: Charizard|Charizard-Mega-Y, L50, F
|-mega|p2b: Charizard|Charizard|Charizardite Y
|-weather|SunnyDay|[from] ability: Drought|[of] p2b: Charizard
|move|p2b: Charizard|Heat Wave|p1a: Sneasler|[spread] p1a,p1b
|-damage|p1a: Sneasler|11/100
|-damage|p1b: Raichu|1/100
|move|p2a: Whimsicott|Moonblast|p1b: Raichu
|-damage|p1b: Raichu|0 fnt
|faint|p1b: Raichu
|move|p1a: Sneasler|Poison Jab|p2b: Charizard
|-damage|p2b: Charizard|35/100
|-status|p2b: Charizard|psn
|
|-weather|SunnyDay|[upkeep]
|-damage|p2b: Charizard|23/100 psn|[from] psn
|upkeep
|
|t:|1785900922
|switch|p1b: Tsareena|Tsareena, L50, F|100/100
|turn|3
|
|t:|1785900935
|move|p1a: Sneasler|Protect|p1a: Sneasler
|-singleturn|p1a: Sneasler|Protect
|move|p1b: Tsareena|Protect|p1b: Tsareena
|-singleturn|p1b: Tsareena|Protect
|move|p2b: Charizard|Heat Wave|p1b: Tsareena|[spread] 
|-activate|p1a: Sneasler|move: Protect
|-activate|p1b: Tsareena|move: Protect
|move|p2a: Whimsicott|Moonblast|p1b: Tsareena
|-activate|p1b: Tsareena|move: Protect
|
|-weather|SunnyDay|[upkeep]
|-damage|p2b: Charizard|10/100 psn|[from] psn
|upkeep
|turn|4
|
|t:|1785900963
|move|p1b: Tsareena|Protect|p1b: Tsareena
|-singleturn|p1b: Tsareena|Protect
|move|p2a: Whimsicott|Encore||[still]
|cant|p1b: Tsareena|ability: Queenly Majesty|Encore|[of] p2a: Whimsicott
|move|p2b: Charizard|Heat Wave|p1a: Sneasler|[spread] p1a
|-activate|p1b: Tsareena|move: Protect
|-damage|p1a: Sneasler|0 fnt
|faint|p1a: Sneasler
|
|-weather|SunnyDay|[upkeep]
|-damage|p2b: Charizard|0 fnt|[from] psn
|faint|p2b: Charizard
|-sideend|p2: lennydobleele|move: Tailwind
|upkeep
|
|t:|1785900978
|switch|p1a: Typhlosion|Typhlosion-Hisui, L50, M|100/100
|switch|p2b: Kingambit|Kingambit, L50, M|100/100
|-item|p2a: Whimsicott|Focus Sash|[from] ability: Frisk|[of] p1a: Typhlosion
|-item|p2b: Kingambit|Chople Berry|[from] ability: Frisk|[of] p1a: Typhlosion
|turn|5
|
|t:|1785900993
|move|p1b: Tsareena|Helping Hand|p1a: Typhlosion
|-singleturn|p1a: Typhlosion|Helping Hand|[of] p1b: Tsareena
|move|p2a: Whimsicott|Tailwind|p2a: Whimsicott
|-sidestart|p2: lennydobleele|move: Tailwind
|move|p1a: Typhlosion|Eruption|p2b: Kingambit|[spread] p2a,p2b
|-supereffective|p2a: Whimsicott|1
|-supereffective|p2b: Kingambit|1
|-enditem|p2a: Whimsicott|Focus Sash
|-damage|p2a: Whimsicott|1/100
|-damage|p2b: Kingambit|0 fnt
|faint|p2b: Kingambit
|
|-weather|SunnyDay|[upkeep]
|upkeep
|
|t:|1785901006
|switch|p2b: Basculegion|Basculegion, L50, M|100/100
|turn|6
|
|t:|1785901047
|move|p2a: Whimsicott|Protect|p2a: Whimsicott
|-singleturn|p2a: Whimsicott|Protect
|move|p1a: Typhlosion|Eruption|p2b: Basculegion|[spread] p2b
|-activate|p2a: Whimsicott|move: Protect
|-resisted|p2b: Basculegion|1
|-damage|p2b: Basculegion|59/100
|move|p2b: Basculegion|Last Respects|p1a: Typhlosion
|-supereffective|p1a: Typhlosion|1
|-damage|p1a: Typhlosion|0 fnt
|faint|p1a: Typhlosion
|move|p1b: Tsareena|Power Whip|p2b: Basculegion
|-supereffective|p2b: Basculegion|1
|-damage|p2b: Basculegion|0 fnt
|faint|p2b: Basculegion
|
|-weather|none
|upkeep
|turn|7
|
|t:|1785901068
|move|p2a: Whimsicott|Moonblast|p1b: Tsareena
|-damage|p1b: Tsareena|77/100
|move|p1b: Tsareena|Triple Axel|p2a: Whimsicott
|-supereffective|p2a: Whimsicott|1
|-damage|p2a: Whimsicott|0 fnt
|faint|p2a: Whimsicott
|-hitcount|p2: Whimsicott|1
|
|win|Joaquu_
