|j|☆Prepucio Perez
|j|☆pokemonalpha.es
|html|Prepucio Perezpokemonalpha.es    
|uhtml|bestof|Game 1 of a best-of-3
|t:|1783095220
|gametype|doubles
|player|p1|Prepucio Perez|striker|
|player|p2|pokemonalpha.es|lebanne|
|gen|9
|tier|[Gen 9 Champions] VGC 2026 Reg M-B (Bo3)
|rule|Species Clause: Limit one of each Pokémon
|rule|Item Clause: Limit 1 of each item
|clearpoke
|poke|p1|Gardevoir, L50, M|
|poke|p1|Aerodactyl, L50, M|
|poke|p1|Garchomp, L50, M|
|poke|p1|Gholdengo, L50|
|poke|p1|Maushold-Four, L50|
|poke|p1|Kingambit, L50, M|
|poke|p2|Sneasler, L50, M|
|poke|p2|Scovillain, L50, F|
|poke|p2|Kingambit, L50, M|
|poke|p2|Toxapex, L50, F|
|poke|p2|Snorlax, L50, M|
|poke|p2|Basculegion, L50, M|
|teampreview|4
|showteam|p1|Gardevoir||Gardevoirite|Telepathy|HyperVoice,Psyshock,CalmMind,Protect|Modest||M|||50|]Aerodactyl||FocusSash|RockHead|DualWingbeat,RockSlide,Tailwind,Protect|Jolly||M|||50|]Garchomp||LifeOrb|RoughSkin|DragonClaw,Earthquake,StompingTantrum,Protect|Jolly||M|||50|]Gholdengo||MetalCoat|GoodasGold|MakeItRain,ShadowBall,NastyPlot,Protect|Modest|||||50|]Maushold-Four||WideLens|FriendGuard|FollowMe,Encore,PopulationBomb,Protect|Jolly|||||50|]Kingambit||ChopleBerry|Defiant|KowtowCleave,SuckerPunch,LowKick,Protect|Adamant||M|||50|
|showteam|p2|Sneasler||WhiteHerb|Unburden|CloseCombat,GunkShot,FakeOut,Protect|Jolly||M|||50|]Scovillain||Scovillainite|Moody|Overheat,RagePowder,LeechSeed,Protect|Calm||F|||50|]Kingambit||ChopleBerry|Defiant|KowtowCleave,SuckerPunch,LowKick,Protect|Adamant||M|||50|]Toxapex||Leftovers|Regenerator|Infestation,WideGuard,Recover,Protect|Bold||F|||50|]Snorlax||SitrusBerry|ThickFat|DoubleEdge,Yawn,Fissure,Protect|Relaxed||M|||50|]Basculegion||ChoiceScarf|Adaptability|WaveCrash,LastRespects,FlipTurn,AquaJet|Jolly||M|||50|
|j| maxibeasm
|j| Jmf_vgc_92
|c|☆pokemonalpha.es|cuando estés dale timer
|
|t:|1783095356
|teamsize|p1|4
|teamsize|p2|4
|start
|switch|p1a: Aerodactyl|Aerodactyl, L50, M|100/100
|switch|p1b: Garchomp|Garchomp, L50, M|100/100
|switch|p2a: Scovillain|Scovillain, L50, F|100/100
|switch|p2b: Snorlax|Snorlax, L50, M|100/100
|turn|1
|inactive|Battle timer is ON: inactive players will automatically lose when time's up. (requested by Prepucio Perez)
|inactive|Prepucio Perez has 60 seconds left.
|inactive|pokemonalpha.es has 60 seconds left.
|
|t:|1783095427
|move|p2a: Scovillain|Protect|p2a: Scovillain
|-singleturn|p2a: Scovillain|Protect
|move|p2b: Snorlax|Protect|p2b: Snorlax
|-singleturn|p2b: Snorlax|Protect
|move|p1a: Aerodactyl|Rock Slide|p2b: Snorlax|[spread] 
|-activate|p2a: Scovillain|move: Protect
|-activate|p2b: Snorlax|move: Protect
|move|p1b: Garchomp|Earthquake|p2a: Scovillain|[spread] 
|-activate|p2a: Scovillain|move: Protect
|-activate|p2b: Snorlax|move: Protect
|-immune|p1a: Aerodactyl
|
|-ability|p2a: Scovillain|Moody|boost
|-boost|p2a: Scovillain|spa|2
|-unboost|p2a: Scovillain|spe|1
|upkeep
|turn|2
|
|t:|1783095445
|detailschange|p2a: Scovillain|Scovillain-Mega, L50, F
|-mega|p2a: Scovillain|Scovillain|Scovillainite
|move|p1a: Aerodactyl|Rock Slide|p2b: Snorlax|[spread] p2a,p2b
|-supereffective|p2a: Scovillain|1
|-damage|p2a: Scovillain|51/100
|-damage|p2b: Snorlax|83/100
|-status|p1a: Aerodactyl|brn|[from] ability: Spicy Spray|[of] p2a: Scovillain
|move|p1b: Garchomp|Earthquake|p2a: Scovillain|[spread] p2a,p2b
|-immune|p1a: Aerodactyl
|-damage|p2a: Scovillain|1/100
|-damage|p2b: Snorlax|52/100
|-status|p1b: Garchomp|brn|[from] ability: Spicy Spray|[of] p2a: Scovillain
|-damage|p1b: Garchomp|90/100 brn|[from] item: Life Orb
|cant|p2a: Scovillain|flinch
|move|p2b: Snorlax|Double-Edge|p1b: Garchomp
|-damage|p1b: Garchomp|42/100 brn
|-damage|p2b: Snorlax|40/100|[from] ability: Rough Skin|[of] p1b: Garchomp
|-enditem|p2b: Snorlax|Sitrus Berry|[eat]
|-heal|p2b: Snorlax|64/100|[from] item: Sitrus Berry
|-damage|p2b: Snorlax|53/100|[from] Recoil
|
|-damage|p1a: Aerodactyl|94/100 brn|[from] brn
|-damage|p1b: Garchomp|36/100 brn|[from] brn
|upkeep
|turn|3
|inactive|Prepucio Perez has 30 seconds left.
|inactive|pokemonalpha.es has 30 seconds left.
|
|t:|1783095476
|move|p2a: Scovillain|Protect|p2a: Scovillain
|-singleturn|p2a: Scovillain|Protect
|move|p1a: Aerodactyl|Rock Slide|p2a: Scovillain|[spread] p2b
|-activate|p2a: Scovillain|move: Protect
|-damage|p2b: Snorlax|46/100
|move|p1b: Garchomp|Earthquake|p2b: Snorlax|[spread] p2b
|-activate|p2a: Scovillain|move: Protect
|-immune|p1a: Aerodactyl
|-damage|p2b: Snorlax|29/100
|-damage|p1b: Garchomp|26/100 brn|[from] item: Life Orb
|move|p2b: Snorlax|Double-Edge|p1b: Garchomp
|-damage|p1b: Garchomp|0 fnt
|-damage|p2b: Snorlax|17/100|[from] ability: Rough Skin|[of] p1b: Garchomp
|faint|p1b: Garchomp
|-damage|p2b: Snorlax|11/100|[from] Recoil
|
|-damage|p1a: Aerodactyl|88/100 brn|[from] brn
|upkeep
|
|t:|1783095482
|switch|p1b: Gardevoir|Gardevoir, L50, M|100/100
|turn|4
|
|t:|1783095503
|detailschange|p1b: Gardevoir|Gardevoir-Mega, L50, M
|-mega|p1b: Gardevoir|Gardevoir|Gardevoirite
|move|p1a: Aerodactyl|Rock Slide|p2a: Scovillain|[spread] p2a,p2b
|-supereffective|p2a: Scovillain|1
|-damage|p2a: Scovillain|0 fnt
|-damage|p2b: Snorlax|3/100
|faint|p2a: Scovillain
|move|p1b: Gardevoir|Calm Mind|p1b: Gardevoir
|-boost|p1b: Gardevoir|spa|1
|-boost|p1b: Gardevoir|spd|1
|move|p2b: Snorlax|Double-Edge|p1b: Gardevoir
|-damage|p1b: Gardevoir|41/100
|-damage|p2b: Snorlax|0 fnt|[from] Recoil
|faint|p2b: Snorlax
|
|-damage|p1a: Aerodactyl|82/100 brn|[from] brn
|upkeep
|
|t:|1783095512
|switch|p2a: Toxapex|Toxapex, L50, F|100/100
|switch|p2b: Basculegion|Basculegion, L50, M|100/100
|turn|5
|
|t:|1783095524
|move|p1b: Gardevoir|Protect|p1b: Gardevoir
|-singleturn|p1b: Gardevoir|Protect
|move|p2a: Toxapex|Protect|p2a: Toxapex
|-singleturn|p2a: Toxapex|Protect
|move|p2b: Basculegion|Last Respects|p1a: Aerodactyl
|-damage|p1a: Aerodactyl|0 fnt
|faint|p1a: Aerodactyl
|
|upkeep
|
|t:|1783095530
|switch|p1a: Kingambit|Kingambit, L50, M|100/100
|turn|6
|
|t:|1783095541
|move|p1a: Kingambit|Sucker Punch|p2b: Basculegion
|-supereffective|p2b: Basculegion|1
|-damage|p2b: Basculegion|1/100
|move|p2b: Basculegion|Last Respects|p1b: Gardevoir
|-supereffective|p1b: Gardevoir|1
|-damage|p1b: Gardevoir|0 fnt
|faint|p1b: Gardevoir
|move|p2a: Toxapex|Infestation|p1a: Kingambit
|-damage|p1a: Kingambit|96/100
|-activate|p1a: Kingambit|move: Infestation|[of] p2a: Toxapex
|
|-damage|p1a: Kingambit|84/100|[from] move: Infestation|[partiallytrapped]
|upkeep
|turn|7
|
|t:|1783095554
|move|p1a: Kingambit|Sucker Punch|p2b: Basculegion
|-supereffective|p2b: Basculegion|1
|-damage|p2b: Basculegion|0 fnt
|faint|p2b: Basculegion
|move|p2a: Toxapex|Infestation|p1a: Kingambit
|-damage|p1a: Kingambit|81/100
|
|-damage|p1a: Kingambit|69/100|[from] move: Infestation|[partiallytrapped]
|upkeep
|turn|8
|
|t:|1783095558
|move|p1a: Kingambit|Kowtow Cleave|p2a: Toxapex
|-damage|p2a: Toxapex|63/100
|move|p2a: Toxapex|Infestation|p1a: Kingambit
|-damage|p1a: Kingambit|65/100
|
|-heal|p2a: Toxapex|69/100|[from] item: Leftovers
|-damage|p1a: Kingambit|53/100|[from] move: Infestation|[partiallytrapped]
|upkeep
|turn|9
|
|t:|1783095562
|move|p2a: Toxapex|Protect|p2a: Toxapex
|-singleturn|p2a: Toxapex|Protect
|move|p1a: Kingambit|Kowtow Cleave|p2a: Toxapex
|-activate|p2a: Toxapex|move: Protect
|
|-heal|p2a: Toxapex|75/100|[from] item: Leftovers
|-damage|p1a: Kingambit|41/100|[from] move: Infestation|[partiallytrapped]
|upkeep
|turn|10
|
|t:|1783095566
|move|p1a: Kingambit|Kowtow Cleave|p2a: Toxapex
|-damage|p2a: Toxapex|40/100
|move|p2a: Toxapex|Recover|p2a: Toxapex
|-heal|p2a: Toxapex|90/100
|
|-heal|p2a: Toxapex|96/100|[from] item: Leftovers
|-damage|p1a: Kingambit|29/100|[from] move: Infestation|[partiallytrapped]
|upkeep
|turn|11
|
|t:|1783095570
|move|p2a: Toxapex|Protect|p2a: Toxapex
|-singleturn|p2a: Toxapex|Protect
|move|p1a: Kingambit|Kowtow Cleave|p2a: Toxapex
|-activate|p2a: Toxapex|move: Protect
|
|-heal|p2a: Toxapex|100/100|[from] item: Leftovers
|-end|p1a: Kingambit|Infestation|[partiallytrapped]
|upkeep
|turn|12
|-message|Prepucio Perez forfeited.
|
|win|pokemonalpha.es
||Prepucio Perez is ready for game 2.
||pokemonalpha.es is ready for game 2.
|uhtml|next|Next: Game 2 of 3
|l| Jmf_vgc_92
|j| Jmf_vgc_92
|l| Jmf_vgc_92
