|j|☆Invoker Kuzan
|j|☆oranges8306624
|html|Invoker Kuzanoranges8306624    
|uhtml|bestof|Game 1 of a best-of-3
|t:|1756247081
|gametype|doubles
|player|p1|Invoker Kuzan|marnie-masters3|1116
|player|p2|oranges8306624|101|1018
|gen|9
|tier|[Gen 9] VGC 2025 Reg H (Bo3)
|rated|
|rule|Species Clause: Limit one of each Pokémon
|rule|Item Clause: Limit 1 of each item
|clearpoke
|poke|p1|Indeedee-F, L50, F|
|poke|p1|Hatterene, L50, F|
|poke|p1|Gallade, L50, M|
|poke|p1|Ursaluna, L50, M|
|poke|p1|Lilligant-Hisui, L50, F|
|poke|p1|Torkoal, L50, M|
|poke|p2|Whimsicott, L50, F|
|poke|p2|Politoed, L50, M|
|poke|p2|Ampharos, L50, F|
|poke|p2|Corviknight, L50, F|
|poke|p2|Kingdra, L50, F|
|poke|p2|Annihilape, L50, M|
|teampreview|4
|showteam|p1|Indeedee-F||PsychicSeed|PsychicSurge|TrickRoom,FollowMe,HelpingHand,DazzlingGleam|||F|||50|,,,,,Fire]Hatterene||LifeOrb|MagicBounce|ExpandingForce,TrickRoom,DazzlingGleam,Protect|||F|||50|,,,,,Psychic]Gallade||ClearAmulet|Sharpness|PsychoCut,TrickRoom,SacredSword,WideGuard|||M|||50|,,,,,Grass]Ursaluna||FlameOrb|Guts|HeadlongRush,Facade,SwordsDance,Protect|||M|||50|,,,,,Ghost]Lilligant-Hisui||FocusSash|Chlorophyll|SolarBlade,SleepPowder,CloseCombat,AfterYou|||F|||50|,,,,,Ghost]Torkoal||ChoiceSpecs|Drought|Eruption,HeatWave,WeatherBall,EarthPower|||M|||50|,,,,,Fire
|showteam|p2|Whimsicott||FocusSash|Prankster|Moonblast,Tailwind,Taunt,Protect|||F|||50|,,,,,Grass]Politoed||DampRock|Drizzle|EarthPower,IcyWind,WeatherBall,Protect|||M|||50|,,,,,Grass]Ampharos||SafetyGoggles|Static|ElectricTerrain,Thunder,DazzlingGleam,Protect|||F|||50|,,,,,Electric]Corviknight||RockyHelmet|MirrorArmor|BodyPress,BraveBird,Uturn,Protect|||F|||50|,,,,,Flying]Kingdra||LifeOrb|SwiftSwim|IceBeam,DragonPulse,WeatherBall,Protect|||F|||50|,,,,,Stellar]Annihilape||FistPlate|Defiant|CloseCombat,DrainPunch,ShadowClaw,Protect|||M|||50|,,,,,Dark
|inactive|Battle timer is ON: inactive players will automatically lose when time's up. (requested by Invoker Kuzan)
|
|t:|1756247116
|teamsize|p1|4
|teamsize|p2|4
|start
|switch|p1a: Indeedee|Indeedee-F, L50, F, shiny|100/100
|switch|p1b: Gallade|Gallade, L50, M, shiny|100/100
|switch|p2a: Ampharos|Ampharos, L50, F|100/100
|switch|p2b: Annihilape|Annihilape, L50, M|100/100
|-fieldstart|move: Psychic Terrain|[from] ability: Psychic Surge|[of] p1a: Indeedee
|-enditem|p1a: Indeedee|Psychic Seed
|-boost|p1a: Indeedee|spd|1|[from] item: Psychic Seed
|turn|1
|inactive|Invoker Kuzan has 30 seconds left.
|inactive|Invoker Kuzan has 20 seconds left.
|inactive|Invoker Kuzan has 15 seconds left.
|inactive|Invoker Kuzan has 10 seconds left.
|
|t:|1756247164
|move|p1a: Indeedee|Follow Me|p1a: Indeedee
|-singleturn|p1a: Indeedee|move: Follow Me
|move|p2b: Annihilape|Shadow Claw|p1a: Indeedee
|-immune|p1a: Indeedee
|move|p2a: Ampharos|Electric Terrain|p2a: Ampharos
|-fieldstart|move: Electric Terrain
|move|p1b: Gallade|Trick Room|p1b: Gallade
|-fieldstart|move: Trick Room|[of] p1b: Gallade
|
|upkeep
|turn|2
|inactive|Invoker Kuzan has 30 seconds left.
|inactive|oranges8306624 has 30 seconds left.
|inactive|oranges8306624 has 20 seconds left.
|
|t:|1756247204
|move|p1a: Indeedee|Follow Me|p1a: Indeedee
|-singleturn|p1a: Indeedee|move: Follow Me
|move|p2a: Ampharos|Thunder|p1a: Indeedee
|-damage|p1a: Indeedee|62/100
|move|p1b: Gallade|Psycho Cut|p2b: Annihilape
|-supereffective|p2b: Annihilape
|-damage|p2b: Annihilape|0 fnt
|faint|p2b: Annihilape
|
|upkeep
|
|t:|1756247212
|switch|p2b: Kingdra|Kingdra, L50, F|100/100
|turn|3
|
|t:|1756247228
|move|p1a: Indeedee|Helping Hand|p1b: Gallade
|-singleturn|p1b: Gallade|Helping Hand|[of] p1a: Indeedee
|move|p2a: Ampharos|Thunder|p1a: Indeedee
|-crit|p1a: Indeedee
|-damage|p1a: Indeedee|0 fnt
|faint|p1a: Indeedee
|move|p1b: Gallade|Sacred Sword|p2b: Kingdra
|-damage|p2b: Kingdra|0 fnt
|faint|p2b: Kingdra
|
|upkeep
|inactive|oranges8306624 has 30 seconds left.
|
|t:|1756247259
|switch|p1a: Torkoal|Torkoal, L50, M, shiny|100/100
|switch|p2b: Politoed|Politoed, L50, M|100/100
|-weather|SunnyDay|[from] ability: Drought|[of] p1a: Torkoal
|-weather|RainDance|[from] ability: Drizzle|[of] p2b: Politoed
|turn|4
|inactive|Invoker Kuzan has 30 seconds left.
|
|t:|1756247286
|switch|p1a: Hatterene|Hatterene, L50, F, shiny|100/100
|move|p2a: Ampharos|Thunder|p1b: Gallade
|-damage|p1b: Gallade|46/100
|move|p2b: Politoed|Weather Ball|p1a: Hatterene
|-damage|p1a: Hatterene|25/100
|move|p1b: Gallade|Sacred Sword|p2a: Ampharos
|-damage|p2a: Ampharos|24/100
|-status|p1b: Gallade|par|[from] ability: Static|[of] p2a: Ampharos
|
|-weather|RainDance|[upkeep]
|upkeep
|turn|5
|
|t:|1756247313
|move|p2a: Ampharos|Protect|p2a: Ampharos
|-singleturn|p2a: Ampharos|Protect
|move|p2b: Politoed|Protect|p2b: Politoed
|-singleturn|p2b: Politoed|Protect
|move|p1a: Hatterene|Dazzling Gleam|p2b: Politoed|[spread] 
|-activate|p2a: Ampharos|move: Protect
|-activate|p2b: Politoed|move: Protect
|move|p1b: Gallade|Sacred Sword|p2b: Politoed
|-activate|p2b: Politoed|move: Protect
|
|-weather|RainDance|[upkeep]
|-fieldend|move: Trick Room
|-fieldend|move: Electric Terrain
|upkeep
|turn|6
|
|t:|1756247330
|switch|p1b: Torkoal|Torkoal, L50, M, shiny|100/100
|-weather|SunnyDay|[from] ability: Drought|[of] p1b: Torkoal
|move|p2b: Politoed|Weather Ball|p1a: Hatterene
|-crit|p1a: Hatterene
|-damage|p1a: Hatterene|0 fnt
|faint|p1a: Hatterene
|move|p2a: Ampharos|Thunder|p1b: Torkoal|[miss]
|-miss|p2a: Ampharos|p1b: Torkoal
|
|-weather|SunnyDay|[upkeep]
|upkeep
|
|t:|1756247335
|switch|p1a: Gallade|Gallade, L50, M, shiny|46/100 par
|turn|7
|inactive|oranges8306624 has 30 seconds left.
|inactive|oranges8306624 has 20 seconds left.
|inactive|oranges8306624 has 15 seconds left.
|
|t:|1756247375
|-terastallize|p1b: Torkoal|Fire
|move|p2b: Politoed|Earth Power|p1b: Torkoal
|-supereffective|p1b: Torkoal
|-damage|p1b: Torkoal|25/100
|move|p2a: Ampharos|Dazzling Gleam|p1a: Gallade|[spread] p1a,p1b
|-supereffective|p1a: Gallade
|-resisted|p1b: Torkoal
|-damage|p1a: Gallade|15/100 par
|-damage|p1b: Torkoal|12/100
|move|p1b: Torkoal|Heat Wave|p2a: Ampharos|[spread] p2a,p2b
|-resisted|p2b: Politoed
|-damage|p2a: Ampharos|0 fnt
|-damage|p2b: Politoed|61/100
|faint|p2a: Ampharos
|cant|p1a: Gallade|par
|
|-weather|SunnyDay|[upkeep]
|upkeep
|turn|8
|
|t:|1756247393
|move|p2b: Politoed|Weather Ball|p1a: Gallade
|-damage|p1a: Gallade|0 fnt
|faint|p1a: Gallade
|move|p1b: Torkoal|Heat Wave|p2b: Politoed
|-resisted|p2b: Politoed
|-damage|p2b: Politoed|9/100
|
|-weather|SunnyDay|[upkeep]
|upkeep
|turn|9
|
|t:|1756247397
|move|p2b: Politoed|Earth Power|p1b: Torkoal
|-supereffective|p1b: Torkoal
|-damage|p1b: Torkoal|0 fnt
|faint|p1b: Torkoal
|
|win|oranges8306624
||oranges8306624 is ready for game 2.
||Invoker Kuzan is ready for game 2.
|uhtml|next|Next: Game 2 of 3
