|j|☆saboyita
|j|☆freudianbreath
|html|saboyitafreudianbreath    
|uhtml|bestof|Game 1 of a best-of-3
|t:|1756419871
|gametype|doubles
|player|p1|saboyita|grimsley|1127
|player|p2|freudianbreath|1|1067
|gen|9
|tier|[Gen 9] VGC 2025 Reg H (Bo3)
|rated|
|rule|Species Clause: Limit one of each Pokémon
|rule|Item Clause: Limit 1 of each item
|clearpoke
|poke|p1|Amoonguss, L50, M|
|poke|p1|Hydreigon, L50, F|
|poke|p1|Whimsicott, L50, M|
|poke|p1|Maushold-Four, L50|
|poke|p1|Annihilape, L50, M|
|poke|p1|Ursaluna-Bloodmoon, L50, M|
|poke|p2|Rillaboom, L50, F|
|poke|p2|Gholdengo, L50|
|poke|p2|Amoonguss, L50, M|
|poke|p2|Sneasler, L50, F|
|poke|p2|Incineroar, L50, F|
|poke|p2|Pelipper, L50, M|
|teampreview|4
|showteam|p1|Amoonguss||MentalHerb|Regenerator|ClearSmog,Spore,RagePowder,Protect|||M|||50|,,,,,Water]Hydreigon||ChoiceSpecs|Levitate|Snarl,HeatWave,DarkPulse,DracoMeteor|||F|||50|,,,,,Ghost]Whimsicott||CovertCloak|Prankster|BeatUp,Encore,HelpingHand,Tailwind|||M|||50|,,,,,Dark]Maushold-Four||WideLens|Technician|PopulationBomb,Taunt,FollowMe,Protect||||||50|,,,,,Ghost]Annihilape||Leftovers|Defiant|RageFist,CloseCombat,FinalGambit,Protect|||M|||50|,,,,,Fire]Ursaluna-Bloodmoon||LifeOrb|MindsEye|HyperVoice,EarthPower,BloodMoon,Protect|||M|||50|,,,,,Water
|showteam|p2|Rillaboom||AssaultVest|GrassySurge|WoodHammer,GrassyGlide,FakeOut,HighHorsepower|||F|||50|,,,,,Fire]Gholdengo||ChoiceSpecs|GoodasGold|MakeItRain,ShadowBall,PowerGem,Thunder||||||50|,,,,,Steel]Amoonguss||RockyHelmet|Regenerator|PollenPuff,Spore,RagePowder,ClearSmog|||M|||50|,,,,,Fairy]Sneasler||GrassySeed|Unburden|FakeOut,CloseCombat,ThroatChop,Protect|||F|||50|,,,,,Dark]Incineroar||SafetyGoggles|Intimidate|FakeOut,KnockOff,WillOWisp,PartingShot|||F|||50|,,,,,Ghost]Pelipper||FocusSash|Drizzle|Hurricane,WeatherBall,Tailwind,Protect|||M|||50|,,,,,Stellar
|inactive|Battle timer is ON: inactive players will automatically lose when time's up. (requested by saboyita)
|inactive|saboyita has 60 seconds left.
|inactive|freudianbreath has 60 seconds left.
|inactive|saboyita has 30 seconds left.
|inactive|freudianbreath has 30 seconds left.
|inactive|freudianbreath has 20 seconds left.
|inactive|saboyita has 20 seconds left.
|inactive|freudianbreath has 15 seconds left.
|inactive|saboyita has 15 seconds left.
|inactive|freudianbreath has 10 seconds left.
|inactive|saboyita has 10 seconds left.
|inactive|freudianbreath has 5 seconds left.
|
|t:|1756419960
|teamsize|p1|4
|teamsize|p2|4
|start
|switch|p1a: Amoonguss|Amoonguss, L50, M|100/100
|switch|p1b: Ursaluna|Ursaluna-Bloodmoon, L50, M|100/100
|switch|p2a: Pelipper|Pelipper, L50, M|100/100
|switch|p2b: Amoonguss|Amoonguss, L50, M|100/100
|-weather|RainDance|[from] ability: Drizzle|[of] p2a: Pelipper
|turn|1
|inactive|saboyita has 30 seconds left.
|inactive|freudianbreath has 30 seconds left.
|inactive|saboyita has 20 seconds left.
|inactive|freudianbreath has 20 seconds left.
|inactive|freudianbreath has 15 seconds left.
|inactive|freudianbreath has 10 seconds left.
|inactive|saboyita has 15 seconds left.
|inactive|freudianbreath has 5 seconds left.
|
|t:|1756420014
|switch|p1a: Maushold|Maushold-Four, L50|100/100
|-terastallize|p1b: Ursaluna|Water
|move|p2a: Pelipper|Tailwind|p2a: Pelipper
|-sidestart|p2: freudianbreath|move: Tailwind
|move|p2b: Amoonguss|Clear Smog|p1a: Maushold
|-damage|p1a: Maushold|78/100
|-clearboost|p1a: Maushold
|move|p1b: Ursaluna|Blood Moon|p2b: Amoonguss
|-damage|p2b: Amoonguss|10/100
|-damage|p1b: Ursaluna|91/100|[from] item: Life Orb
|
|-weather|RainDance|[upkeep]
|upkeep
|turn|2
|inactive|saboyita has 30 seconds left.
|inactive|freudianbreath has 30 seconds left.
|inactive|freudianbreath has 20 seconds left.
|inactive|freudianbreath has 15 seconds left.
|inactive|freudianbreath has 10 seconds left.
|inactive|freudianbreath has 5 seconds left.
|
|t:|1756420064
|switch|p2a: Rillaboom|Rillaboom, L50, F|100/100
|-fieldstart|move: Grassy Terrain|[from] ability: Grassy Surge|[of] p2a: Rillaboom
|move|p2b: Amoonguss|Rage Powder|p2b: Amoonguss
|-singleturn|p2b: Amoonguss|move: Rage Powder
|move|p1a: Maushold|Population Bomb|p2b: Amoonguss
|-damage|p2b: Amoonguss|1/100
|-damage|p1a: Maushold|62/100|[from] item: Rocky Helmet|[of] p2b: Amoonguss
|-damage|p2b: Amoonguss|0 fnt
|-damage|p1a: Maushold|45/100|[from] item: Rocky Helmet|[of] p2b: Amoonguss
|faint|p2b: Amoonguss
|-hitcount|p2: Amoonguss|2
|move|p1b: Ursaluna|Earth Power|p2a: Rillaboom
|-resisted|p2a: Rillaboom
|-damage|p2a: Rillaboom|77/100
|-unboost|p2a: Rillaboom|spd|1
|-damage|p1b: Ursaluna|81/100|[from] item: Life Orb
|
|-weather|RainDance|[upkeep]
|-heal|p2a: Rillaboom|83/100|[from] Grassy Terrain
|-heal|p1a: Maushold|51/100|[from] Grassy Terrain
|-heal|p1b: Ursaluna|88/100|[from] Grassy Terrain
|upkeep
|inactive|freudianbreath has 30 seconds left.
|
|t:|1756420094
|switch|p2b: Gholdengo|Gholdengo, L50|100/100
|turn|3
|
|t:|1756420118
|move|p1a: Maushold|Protect|p1a: Maushold
|-singleturn|p1a: Maushold|Protect
|move|p1b: Ursaluna|Protect|p1b: Ursaluna
|-singleturn|p1b: Ursaluna|Protect
|move|p2a: Rillaboom|Fake Out|p1b: Ursaluna
|-activate|p1b: Ursaluna|move: Protect
|move|p2b: Gholdengo|Thunder|p1a: Maushold
|-activate|p1a: Maushold|move: Protect
|
|-weather|RainDance|[upkeep]
|-heal|p2a: Rillaboom|88/100|[from] Grassy Terrain
|-heal|p1a: Maushold|57/100|[from] Grassy Terrain
|-heal|p1b: Ursaluna|94/100|[from] Grassy Terrain
|upkeep
|turn|4
|inactive|freudianbreath has 30 seconds left.
|inactive|saboyita has 30 seconds left.
|
|t:|1756420148
|switch|p1b: Amoonguss|Amoonguss, L50, M|100/100
|move|p2b: Gholdengo|Thunder|p1a: Maushold
|-damage|p1a: Maushold|0 fnt
|faint|p1a: Maushold
|move|p2a: Rillaboom|Wood Hammer|p1b: Amoonguss
|-resisted|p1b: Amoonguss
|-damage|p1b: Amoonguss|81/100
|-damage|p2a: Rillaboom|82/100|[from] Recoil
|
|-weather|RainDance|[upkeep]
|-heal|p2a: Rillaboom|87/100|[from] Grassy Terrain
|-heal|p1b: Amoonguss|87/100|[from] Grassy Terrain
|-sideend|p2: freudianbreath|move: Tailwind
|upkeep
|
|t:|1756420162
|switch|p1a: Hydreigon|Hydreigon, L50, F|100/100
|turn|5
|inactive|freudianbreath has 30 seconds left.
|inactive|freudianbreath has 20 seconds left.
|inactive|freudianbreath has 15 seconds left.
|
|t:|1756420203
|-terastallize|p2b: Gholdengo|Steel
|move|p1a: Hydreigon|Snarl|p2a: Rillaboom|[spread] p2a,p2b
|-damage|p2a: Rillaboom|51/100
|-damage|p2b: Gholdengo|60/100
|-unboost|p2a: Rillaboom|spa|1
|-unboost|p2b: Gholdengo|spa|1
|move|p2b: Gholdengo|Thunder|p1b: Amoonguss
|-resisted|p1b: Amoonguss
|-damage|p1b: Amoonguss|72/100
|move|p2a: Rillaboom|High Horsepower|p1b: Amoonguss
|-damage|p1b: Amoonguss|42/100
|move|p1b: Amoonguss|Spore|p2b: Gholdengo
|-immune|p2b: Gholdengo|[from] ability: Good as Gold
|
|-weather|none
|-heal|p2b: Gholdengo|66/100|[from] Grassy Terrain
|-heal|p2a: Rillaboom|57/100|[from] Grassy Terrain
|-heal|p1b: Amoonguss|48/100|[from] Grassy Terrain
|upkeep
|turn|6
|inactive|saboyita has 30 seconds left.
|inactive|freudianbreath has 30 seconds left.
|inactive|saboyita has 20 seconds left.
|inactive|freudianbreath has 20 seconds left.
|inactive|saboyita has 15 seconds left.
|inactive|freudianbreath has 15 seconds left.
|inactive|freudianbreath has 10 seconds left.
|inactive|freudianbreath has 5 seconds left.
|
|t:|1756420254
|switch|p2a: Pelipper|Pelipper, L50, M|100/100
|-weather|RainDance|[from] ability: Drizzle|[of] p2a: Pelipper
|move|p1a: Hydreigon|Snarl|p2a: Pelipper|[spread] p2a,p2b
|-damage|p2a: Pelipper|40/100
|-damage|p2b: Gholdengo|24/100
|-unboost|p2a: Pelipper|spa|1
|-unboost|p2b: Gholdengo|spa|1
|move|p2b: Gholdengo|Thunder|p1a: Hydreigon
|-resisted|p1a: Hydreigon
|-damage|p1a: Hydreigon|82/100
|-status|p1a: Hydreigon|par
|move|p1b: Amoonguss|Spore|p2b: Gholdengo
|-immune|p2b: Gholdengo|[from] ability: Good as Gold
|
|-weather|RainDance|[upkeep]
|-heal|p2b: Gholdengo|30/100|[from] Grassy Terrain
|-heal|p1b: Amoonguss|53/100|[from] Grassy Terrain
|-fieldend|move: Grassy Terrain
|upkeep
|turn|7
|inactive|freudianbreath has 30 seconds left.
|inactive|freudianbreath has 20 seconds left.
|
|t:|1756420294
|switch|p2b: Rillaboom|Rillaboom, L50, F|57/100
|-fieldstart|move: Grassy Terrain|[from] ability: Grassy Surge|[of] p2b: Rillaboom
|move|p1b: Amoonguss|Rage Powder|p1b: Amoonguss
|-singleturn|p1b: Amoonguss|move: Rage Powder
|move|p2a: Pelipper|Hurricane|p1b: Amoonguss
|-supereffective|p1b: Amoonguss
|-damage|p1b: Amoonguss|5/100
|cant|p1a: Hydreigon|par
|
|-weather|RainDance|[upkeep]
|-heal|p2b: Rillaboom|63/100|[from] Grassy Terrain
|-heal|p1b: Amoonguss|10/100|[from] Grassy Terrain
|upkeep
|turn|8
|
|t:|1756420319
|switch|p1a: Ursaluna|Ursaluna-Bloodmoon, L50, M, tera:Water|94/100
|move|p2b: Rillaboom|Fake Out|p1b: Amoonguss
|-damage|p1b: Amoonguss|0 fnt
|faint|p1b: Amoonguss
|move|p2a: Pelipper|Hurricane|p1a: Ursaluna
|-damage|p1a: Ursaluna|58/100
|
|-weather|RainDance|[upkeep]
|-heal|p2b: Rillaboom|69/100|[from] Grassy Terrain
|-heal|p1a: Ursaluna|64/100|[from] Grassy Terrain
|upkeep
|
|t:|1756420326
|switch|p1b: Hydreigon|Hydreigon, L50, F|82/100 par
|turn|9
|inactive|freudianbreath has 30 seconds left.
|inactive|freudianbreath has 20 seconds left.
|inactive|freudianbreath has 15 seconds left.
|
|t:|1756420368
|move|p2a: Pelipper|Hurricane|p1b: Hydreigon
|-damage|p1b: Hydreigon|46/100 par
|move|p2b: Rillaboom|Wood Hammer|p1a: Ursaluna
|-supereffective|p1a: Ursaluna
|-damage|p1a: Ursaluna|0 fnt
|faint|p1a: Ursaluna
|-damage|p2b: Rillaboom|47/100|[from] Recoil
|move|p1b: Hydreigon|Snarl|p2b: Rillaboom|[spread] p2a,p2b
|-damage|p2a: Pelipper|0 fnt
|-damage|p2b: Rillaboom|25/100
|-unboost|p2b: Rillaboom|spa|1
|faint|p2a: Pelipper
|
|-weather|RainDance|[upkeep]
|-heal|p2b: Rillaboom|31/100|[from] Grassy Terrain
|upkeep
|
|t:|1756420380
|switch|p2a: Gholdengo|Gholdengo, L50, tera:Steel|30/100
|turn|10
|
|t:|1756420395
|move|p2a: Gholdengo|Make It Rain|p1b: Hydreigon
|-damage|p1b: Hydreigon|0 fnt
|-unboost|p2a: Gholdengo|spa|1
|faint|p1b: Hydreigon
|
|win|freudianbreath
