|j|☆Escanor_CS
|j|☆sparshjha
|html|Escanor_CSsparshjha    
|uhtml|bestof|Game 2 of a best-of-3
|t:|1784403245
|gametype|doubles
|player|p1|Escanor_CS|101|1266
|player|p2|sparshjha|1|1158
|gen|9
|tier|[Gen 9 Champions] VGC 2026 Reg M-B (Bo3)
|rated|
|rule|Species Clause: Limit one of each Pokémon
|rule|Item Clause: Limit 1 of each item
|clearpoke
|poke|p1|Staraptor, L50, M|
|poke|p1|Torkoal, L50, M|
|poke|p1|Farigiraf, L50, F|
|poke|p1|Grimmsnarl, L50, M|
|poke|p1|Ceruledge, L50, F|
|poke|p1|Meganium, L50, F|
|poke|p2|Charizard, L50, M|
|poke|p2|Aerodactyl, L50, F|
|poke|p2|Incineroar, L50, M|
|poke|p2|Garchomp, L50, M|
|poke|p2|Sylveon, L50, F|
|poke|p2|Kingambit, L50, M|
|teampreview|4
|showteam|p1|Staraptor||Staraptite|Intimidate|CloseCombat,BraveBird,Roost,Protect|Jolly||M|||50|]Torkoal||Charcoal|Drought|Eruption,HeatWave,EarthPower,Protect|Quiet||M|||50|]Farigiraf||SitrusBerry|ArmorTail|Psychic,Thunderbolt,TrickRoom,Protect|Bold||F|||50|]Grimmsnarl||LightClay|Prankster|SpiritBreak,Reflect,LightScreen,PartingShot|Careful||M|||50|]Ceruledge||ColburBerry|FlashFire|BitterBlade,ShadowSneak,BulkUp,Protect|Adamant||F|||50|]Meganium||Meganiumite|Overgrow|DazzlingGleam,SolarBeam,WeatherBall,Protect|Quiet||F|||50|
|showteam|p2|Charizard||CharizarditeY|Blaze|HeatWave,SolarBeam,WeatherBall,Protect|Timid||M|||50|]Aerodactyl||Aerodactylite|Unnerve|RockSlide,WideGuard,IceFang,Tailwind|Timid||F|||50|]Incineroar||SitrusBerry|Intimidate|FakeOut,FlareBlitz,PartingShot,DarkestLariat|Relaxed||M|||50|]Garchomp||LifeOrb|RoughSkin|Earthquake,DragonClaw,StompingTantrum,Protect|Jolly||M|||50|]Sylveon||FairyFeather|Pixilate|HyperVoice,HyperBeam,QuickAttack,Detect|Modest||F|||50|]Kingambit||FocusSash|Defiant|KowtowCleave,IronHead,SuckerPunch,LowKick|Lonely||M|||50|
|inactive|Battle timer is ON: inactive players will automatically lose when time's up. (requested by sparshjha)
|inactive|Escanor_CS has 60 seconds left.
|
|t:|1784403290
|teamsize|p1|4
|teamsize|p2|4
|start
|switch|p1a: Meganium|Meganium, L50, F|100/100
|switch|p1b: Farigiraf|Farigiraf, L50, F|100/100
|switch|p2a: Sylveon|Sylveon, L50, F|100/100
|switch|p2b: Aerodactyl|Aerodactyl, L50, F|100/100
|-ability|p2b: Aerodactyl|Unnerve
|turn|1
|
|t:|1784403311
|detailschange|p2b: Aerodactyl|Aerodactyl-Mega, L50, F
|-mega|p2b: Aerodactyl|Aerodactyl|Aerodactylite
|detailschange|p1a: Meganium|Meganium-Mega, L50, F
|-mega|p1a: Meganium|Meganium|Meganiumite
|move|p2b: Aerodactyl|Rock Slide|p1b: Farigiraf|[spread] p1a,p1b
|-damage|p1a: Meganium|78/100
|-damage|p1b: Farigiraf|80/100
|move|p2a: Sylveon|Hyper Voice|p1a: Meganium|[spread] p1a,p1b
|-damage|p1a: Meganium|35/100
|-damage|p1b: Farigiraf|41/100
|-enditem|p1b: Farigiraf|Sitrus Berry|[eat]
|-heal|p1b: Farigiraf|66/100|[from] item: Sitrus Berry
|move|p1a: Meganium|Solar Beam||[still]
|-prepare|p1a: Meganium|Solar Beam
|-activate|p1a: Meganium|ability: Mega Sol
|-anim|p1a: Meganium|Solar Beam|p2b: Aerodactyl
|-crit|p2b: Aerodactyl
|-damage|p2b: Aerodactyl|0 fnt
|faint|p2b: Aerodactyl
|move|p1b: Farigiraf|Trick Room|p1b: Farigiraf
|-fieldstart|move: Trick Room|[of] p1b: Farigiraf
|
|upkeep
|inactive|sparshjha has 30 seconds left.
|
|t:|1784403343
|switch|p2b: Kingambit|Kingambit, L50, M|100/100
|turn|2
|
|t:|1784403353
|move|p1b: Farigiraf|Thunderbolt|p2b: Kingambit
|-damage|p2b: Kingambit|74/100
|move|p1a: Meganium|Weather Ball|p2b: Kingambit
|-supereffective|p2b: Kingambit|1
|-damage|p2b: Kingambit|0 fnt
|faint|p2b: Kingambit
|move|p2a: Sylveon|Hyper Voice|p1a: Meganium|[spread] p1a,p1b
|-damage|p1a: Meganium|0 fnt
|-damage|p1b: Farigiraf|29/100
|faint|p1a: Meganium
|
|upkeep
|
|t:|1784403368
|switch|p1a: Torkoal|Torkoal, L50, M|100/100
|switch|p2b: Garchomp|Garchomp, L50, M|100/100
|-weather|SunnyDay|[from] ability: Drought|[of] p1a: Torkoal
|turn|3
|
|t:|1784403381
|move|p1a: Torkoal|Protect|p1a: Torkoal
|-singleturn|p1a: Torkoal|Protect
|move|p2a: Sylveon|Detect|p2a: Sylveon
|-singleturn|p2a: Sylveon|Protect
|move|p1b: Farigiraf|Psychic|p2b: Garchomp
|-damage|p2b: Garchomp|62/100
|move|p2b: Garchomp|Earthquake|p1a: Torkoal|[spread] p1b
|-activate|p2a: Sylveon|move: Protect
|-activate|p1a: Torkoal|move: Protect
|-damage|p1b: Farigiraf|0 fnt
|faint|p1b: Farigiraf
|-damage|p2b: Garchomp|52/100|[from] item: Life Orb
|
|-weather|SunnyDay|[upkeep]
|upkeep
|
|t:|1784403391
|switch|p1b: Ceruledge|Ceruledge, L50, F|100/100
|turn|4
|
|t:|1784403403
|move|p2a: Sylveon|Detect|p2a: Sylveon
|-singleturn|p2a: Sylveon|Protect
|move|p1a: Torkoal|Eruption|p2b: Garchomp|[spread] p2b
|-activate|p2a: Sylveon|move: Protect
|-resisted|p2b: Garchomp|1
|-damage|p2b: Garchomp|8/100
|move|p1b: Ceruledge|Bitter Blade|p2b: Garchomp
|-resisted|p2b: Garchomp|1
|-damage|p2b: Garchomp|0 fnt
|-damage|p1b: Ceruledge|87/100|[from] ability: Rough Skin|[of] p2b: Garchomp
|faint|p2b: Garchomp
|
|-weather|SunnyDay|[upkeep]
|upkeep
|turn|5
|
|t:|1784403414
|move|p1a: Torkoal|Eruption|p2a: Sylveon
|-damage|p2a: Sylveon|16/100
|move|p2a: Sylveon|Hyper Beam|p1a: Torkoal
|-resisted|p1a: Torkoal|1
|-damage|p1a: Torkoal|29/100
|-mustrecharge|p2a: Sylveon
|move|p1b: Ceruledge|Bitter Blade|p2a: Sylveon
|-damage|p2a: Sylveon|0 fnt
|-heal|p1b: Ceruledge|96/100|[from] drain|[of] p2a: Sylveon
|faint|p2a: Sylveon
|
|win|Escanor_CS
||sparshjha is ready for game 3.
||Escanor_CS is ready for game 3.
|uhtml|next|Next: Game 3 of 3
|l|☆sparshjha
|player|p2|
|l|☆Escanor_CS
|player|p1|
|j|☆Escanor_CS
|player|p1|Escanor_CS|101|
