|j|☆Tyrae
|j|☆gonnatortureyou
|html|Tyraegonnatortureyou    
|uhtml|bestof|Game 2 of a best-of-3
|t:|1756327054
|gametype|doubles
|player|p1|Tyrae|ethan|1021
|player|p2|gonnatortureyou|170|1091
|gen|9
|tier|[Gen 9] VGC 2025 Reg H (Bo3)
|rated|
|rule|Species Clause: Limit one of each Pokémon
|rule|Item Clause: Limit 1 of each item
|clearpoke
|poke|p1|Talonflame, L50, F|
|poke|p1|Rillaboom, L50, M|
|poke|p1|Ursaluna-Bloodmoon, L50, M|
|poke|p1|Primarina, L50, F|
|poke|p1|Kingambit, L50, M|
|poke|p1|Dragonite, L50, M|
|poke|p2|Indeedee, L50, M|
|poke|p2|Sneasler, L50, F|
|poke|p2|Excadrill, L50, M|
|poke|p2|Magmar, L50, M|
|poke|p2|Tyranitar, L50, M|
|poke|p2|Kommo-o, L50, F|
|teampreview|4
|showteam|p1|Talonflame||CovertCloak|GaleWings|BraveBird,FlareBlitz,Tailwind,Taunt|||F|||50|,,,,,Flying]Rillaboom||AssaultVest|GrassySurge|GrassyGlide,WoodHammer,FakeOut,Uturn|||M|||50|,,,,,Fire]Ursaluna-Bloodmoon||LifeOrb|MindsEye|BloodMoon,HyperVoice,EarthPower,Protect|||M|||50|,,,,,Normal]Primarina||ThroatSpray|LiquidVoice|HyperVoice,Moonblast,Haze,Protect|||F|||50|,,,,,Poison]Kingambit||BlackGlasses|Defiant|KowtowCleave,SuckerPunch,SwordsDance,Protect|||M|||50|,,,,,Dark]Dragonite||LoadedDice|Multiscale|ScaleShot,ExtremeSpeed,TeraBlast,Protect|||M|||50|,,,,,Ground
|showteam|p2|Indeedee||ChoiceScarf|PsychicSurge|ExpandingForce,TeraBlast,Trick,Protect|||M|||50|,,,,,Psychic]Sneasler||PsychicSeed|Unburden|Protect,CloseCombat,DireClaw,ThroatChop|||F|||50|,,,,,Dark]Excadrill||FocusSash|SandRush|Earthquake,IronHead,SwordsDance,Protect|||M|||50|,,,,,Ground]Magmar||Eviolite|VitalSpirit|HeatWave,FollowMe,HelpingHand,Protect|||M|||50|,,,,,Flying]Tyranitar||AssaultVest|SandStream|RockSlide,KnockOff,LowKick,TeraBlast|||M|||50|,,,,,Flying]Kommo-o||ThroatSpray|Overcoat|ClangorousSoul,ClangingScales,Flamethrower,Protect|||F|||50|,,,,,Steel
|inactive|Battle timer is ON: inactive players will automatically lose when time's up. (requested by gonnatortureyou)
|
|t:|1756327076
|teamsize|p1|4
|teamsize|p2|4
|start
|switch|p1a: Rillaboom|Rillaboom, L50, M|100/100
|switch|p1b: Dragonite|Dragonite, L50, M|100/100
|switch|p2a: Tyranitar|Tyranitar, L50, M|100/100
|switch|p2b: Magmar|Magmar, L50, M|100/100
|-fieldstart|move: Grassy Terrain|[from] ability: Grassy Surge|[of] p1a: Rillaboom
|-weather|Sandstorm|[from] ability: Sand Stream|[of] p2a: Tyranitar
|turn|1
|inactive|Tyrae has 30 seconds left.
|inactive|Tyrae has 20 seconds left.
|
|t:|1756327116
|-terastallize|p1b: Dragonite|Ground
|-terastallize|p2a: Tyranitar|Flying
|move|p1a: Rillaboom|Fake Out|p2a: Tyranitar
|-damage|p2a: Tyranitar|91/100
|move|p1b: Dragonite|Tera Blast|p2b: Magmar|[anim] Tera Blast Ground
|-supereffective|p2b: Magmar
|-damage|p2b: Magmar|26/100
|move|p2b: Magmar|Heat Wave|p1b: Dragonite|[spread] p1a,p1b
|-supereffective|p1a: Rillaboom
|-damage|p1a: Rillaboom|67/100
|-damage|p1b: Dragonite|88/100
|cant|p2a: Tyranitar|flinch
|
|-weather|Sandstorm|[upkeep]
|-damage|p2b: Magmar|20/100|[from] Sandstorm
|-damage|p1a: Rillaboom|61/100|[from] Sandstorm
|-damage|p2a: Tyranitar|85/100|[from] Sandstorm
|-heal|p1b: Dragonite|94/100|[from] Grassy Terrain
|-heal|p2b: Magmar|26/100|[from] Grassy Terrain
|-heal|p1a: Rillaboom|67/100|[from] Grassy Terrain
|upkeep
|turn|2
|inactive|Tyrae has 30 seconds left.
|inactive|gonnatortureyou has 30 seconds left.
|inactive|Tyrae has 20 seconds left.
|inactive|Tyrae has 15 seconds left.
|inactive|Tyrae has 10 seconds left.
|
|t:|1756327162
|move|p2b: Magmar|Follow Me|p2b: Magmar
|-singleturn|p2b: Magmar|move: Follow Me
|move|p1b: Dragonite|Scale Shot|p2b: Magmar
|-damage|p2b: Magmar|14/100
|-damage|p2b: Magmar|3/100
|-damage|p2b: Magmar|0 fnt
|faint|p2b: Magmar
|-hitcount|p2: Magmar|3
|-unboost|p1b: Dragonite|def|1
|-boost|p1b: Dragonite|spe|1
|move|p1a: Rillaboom|U-turn|p2a: Tyranitar
|-resisted|p2a: Tyranitar
|-damage|p2a: Tyranitar|76/100
|
|t:|1756327176
|switch|p1a: Ursaluna|Ursaluna-Bloodmoon, L50, M|100/100|[from] U-turn
|move|p2a: Tyranitar|Tera Blast|p1a: Ursaluna|[anim] Tera Blast Flying
|-crit|p1a: Ursaluna
|-damage|p1a: Ursaluna|48/100
|
|-weather|Sandstorm|[upkeep]
|-damage|p2a: Tyranitar|70/100|[from] Sandstorm
|-heal|p1b: Dragonite|99/100|[from] Grassy Terrain
|-heal|p1a: Ursaluna|53/100|[from] Grassy Terrain
|upkeep
|
|t:|1756327187
|switch|p2b: Excadrill|Excadrill, L50, M|100/100
|turn|3
|
|t:|1756327209
|switch|p1a: Talonflame|Talonflame, L50, F|100/100
|move|p2b: Excadrill|Earthquake|p1a: Talonflame|[spread] p1b
|-immune|p2a: Tyranitar
|-immune|p1a: Talonflame
|-damage|p1b: Dragonite|65/100
|move|p1b: Dragonite|Scale Shot|p2a: Tyranitar
|-damage|p2a: Tyranitar|58/100
|-damage|p2a: Tyranitar|46/100
|-damage|p2a: Tyranitar|35/100
|-damage|p2a: Tyranitar|24/100
|-damage|p2a: Tyranitar|12/100
|-hitcount|p2a: Tyranitar|5
|-unboost|p1b: Dragonite|def|1
|-boost|p1b: Dragonite|spe|1
|move|p2a: Tyranitar|Low Kick|p1a: Talonflame
|-resisted|p1a: Talonflame
|-damage|p1a: Talonflame|89/100
|
|-weather|Sandstorm|[upkeep]
|-damage|p1a: Talonflame|83/100|[from] Sandstorm
|-damage|p2a: Tyranitar|6/100|[from] Sandstorm
|-heal|p1b: Dragonite|71/100|[from] Grassy Terrain
|upkeep
|turn|4
|inactive|Tyrae has 30 seconds left.
|inactive|Tyrae has 20 seconds left.
|
|t:|1756327249
|switch|p2a: Kommo-o|Kommo-o, L50, F|100/100
|move|p1b: Dragonite|Extreme Speed|p2a: Kommo-o
|-damage|p2a: Kommo-o|72/100
|move|p2b: Excadrill|Iron Head|p1b: Dragonite
|-damage|p1b: Dragonite|0 fnt
|faint|p1b: Dragonite
|move|p1a: Talonflame|Tailwind|p1a: Talonflame
|-sidestart|p1: Tyrae|move: Tailwind
|
|-weather|Sandstorm|[upkeep]
|-damage|p1a: Talonflame|77/100|[from] Sandstorm
|-heal|p2a: Kommo-o|78/100|[from] Grassy Terrain
|upkeep
|
|t:|1756327262
|switch|p1b: Ursaluna|Ursaluna-Bloodmoon, L50, M|53/100
|turn|5
|
|t:|1756327278
|move|p1a: Talonflame|Brave Bird|p2b: Excadrill
|-resisted|p2b: Excadrill
|-damage|p2b: Excadrill|68/100
|-damage|p1a: Talonflame|64/100|[from] Recoil
|move|p2b: Excadrill|Iron Head|p1a: Talonflame
|-resisted|p1a: Talonflame
|-damage|p1a: Talonflame|30/100
|move|p1b: Ursaluna|Blood Moon|p2a: Kommo-o
|-damage|p2a: Kommo-o|0 fnt
|faint|p2a: Kommo-o
|-damage|p1b: Ursaluna|44/100|[from] item: Life Orb
|
|-weather|none
|-heal|p2b: Excadrill|74/100|[from] Grassy Terrain
|-heal|p1b: Ursaluna|50/100|[from] Grassy Terrain
|-fieldend|move: Grassy Terrain
|upkeep
|
|t:|1756327290
|switch|p2a: Tyranitar|Tyranitar, L50, M, tera:Flying|6/100
|-weather|Sandstorm|[from] ability: Sand Stream|[of] p2a: Tyranitar
|turn|6
|
|t:|1756327303
|move|p1a: Talonflame|Brave Bird|p2b: Excadrill
|-resisted|p2b: Excadrill
|-damage|p2b: Excadrill|42/100
|-damage|p1a: Talonflame|17/100|[from] Recoil
|move|p2b: Excadrill|Iron Head|p1b: Ursaluna
|-damage|p1b: Ursaluna|12/100
|move|p1b: Ursaluna|Hyper Voice|p2a: Tyranitar|[spread] p2a,p2b
|-resisted|p2b: Excadrill
|-damage|p2a: Tyranitar|0 fnt
|-damage|p2b: Excadrill|12/100
|faint|p2a: Tyranitar
|-damage|p1b: Ursaluna|2/100|[from] item: Life Orb
|
|-weather|Sandstorm|[upkeep]
|-damage|p1a: Talonflame|11/100|[from] Sandstorm
|upkeep
|turn|7
|
|t:|1756327324
|move|p2b: Excadrill|Protect|p2b: Excadrill
|-singleturn|p2b: Excadrill|Protect
|move|p1a: Talonflame|Brave Bird|p2b: Excadrill
|-activate|p2b: Excadrill|move: Protect
|move|p1b: Ursaluna|Hyper Voice|p2b: Excadrill
|-activate|p2b: Excadrill|move: Protect
|
|-weather|Sandstorm|[upkeep]
|-damage|p1a: Talonflame|5/100|[from] Sandstorm
|-sideend|p1: Tyrae|move: Tailwind
|upkeep
|turn|8
|
|t:|1756327337
|move|p2b: Excadrill|Protect|p2b: Excadrill
|-singleturn|p2b: Excadrill|Protect
|move|p1b: Ursaluna|Protect|p1b: Ursaluna
|-singleturn|p1b: Ursaluna|Protect
|move|p1a: Talonflame|Brave Bird|p2b: Excadrill
|-activate|p2b: Excadrill|move: Protect
|
|-weather|Sandstorm|[upkeep]
|-damage|p1a: Talonflame|0 fnt|[from] Sandstorm
|faint|p1a: Talonflame
|upkeep
|
|t:|1756327347
|switch|p1a: Rillaboom|Rillaboom, L50, M|67/100
|-fieldstart|move: Grassy Terrain|[from] ability: Grassy Surge|[of] p1a: Rillaboom
|turn|9
|
|t:|1756327356
|move|p1a: Rillaboom|Grassy Glide|p2b: Excadrill
|-damage|p2b: Excadrill|0 fnt
|faint|p2b: Excadrill
|
|win|Tyrae
||gonnatortureyou is ready for game 3.
||Tyrae is ready for game 3.
|uhtml|next|Next: Game 3 of 3
|l|☆Tyrae
|player|p1|
