|j|☆ThomasTheLamb
|j|☆Slafyx
|html|ThomasTheLambSlafyx    
|uhtml|bestof|Game 1 of a best-of-3
|t:|1783527926
|gametype|doubles
|player|p1|ThomasTheLamb|170|1191
|player|p2|Slafyx|steven|1157
|gen|9
|tier|[Gen 9 Champions] VGC 2026 Reg M-B (Bo3)
|rated|
|rule|Species Clause: Limit one of each Pokémon
|rule|Item Clause: Limit 1 of each item
|clearpoke
|poke|p1|Charizard, L50, F|
|poke|p1|Sylveon, L50, F|
|poke|p1|Kingambit, L50, F|
|poke|p1|Basculegion, L50, M|
|poke|p1|Garchomp, L50, M|
|poke|p1|Aerodactyl, L50, M|
|poke|p2|Gengar, L50, F, shiny|
|poke|p2|Swampert, L50, F, shiny|
|poke|p2|Incineroar, L50, M, shiny|
|poke|p2|Politoed, L50, M, shiny|
|poke|p2|Archaludon, L50, F, shiny|
|poke|p2|Vivillon-Elegant, L50, M, shiny|
|teampreview|4
|showteam|p1|Charizard||CharizarditeY|Blaze|HeatWave,SolarBeam,WeatherBall,Protect|Timid||F|||50|]Sylveon||FairyFeather|Pixilate|Detect,HyperVoice,Yawn,QuickAttack|Sassy||F|||50|]Kingambit||ChopleBerry|Defiant|SuckerPunch,KowtowCleave,LowKick,IronHead|Adamant||F|||50|]Basculegion||FocusSash|Adaptability|Protect,LastRespects,AquaJet,Liquidation|Adamant||M|||50|]Garchomp||SitrusBerry|RoughSkin|RockTomb,Earthquake,DragonClaw,Protect|Jolly||M|||50|]Aerodactyl||Aerodactylite|Unnerve|Tailwind,DualWingbeat,RockSlide,WideGuard|Jolly||M|||50|
|showteam|p2|Gengar||Gengarite|CursedBody|ShadowBall,SludgeBomb,PerishSong,Protect|Timid||F|||50|]Swampert||Swampertite|Damp|WaveCrash,Earthquake,IcePunch,Protect|Adamant||F|||50|]Incineroar||PasshoBerry|Intimidate|FakeOut,ThroatChop,PartingShot,Protect|Sassy||M|||50|]Politoed||SitrusBerry|Drizzle|WeatherBall,Encore,PerishSong,Protect|Calm||M|||50|]Archaludon||Leftovers|Stamina|DragonPulse,FlashCannon,ElectroShot,Protect|Bold||F|||50|]Vivillon-Elegant||FocusSash|CompoundEyes|Hurricane,SleepPowder,RagePowder,Protect|Timid||M|||50|
|inactive|Battle timer is ON: inactive players will automatically lose when time's up. (requested by Slafyx)
|inactive|ThomasTheLamb has 60 seconds left.
|inactive|ThomasTheLamb has 30 seconds left.
|inactive|ThomasTheLamb has 20 seconds left.
|inactive|ThomasTheLamb has 15 seconds left.
|inactive|ThomasTheLamb has 10 seconds left.
|
|t:|1783528008
|teamsize|p1|4
|teamsize|p2|4
|start
|switch|p1a: Kingambit|Kingambit, L50, F|100/100
|switch|p1b: Charizard|Charizard, L50, F|100/100
|switch|p2a: Swampert|Swampert, L50, F, shiny|100/100
|switch|p2b: Vivillon|Vivillon-Elegant, L50, M, shiny|100/100
|turn|1
|inactive|ThomasTheLamb has 30 seconds left.
|inactive|ThomasTheLamb has 20 seconds left.
|
|t:|1783528044
|detailschange|p2a: Swampert|Swampert-Mega, L50, F, shiny
|-mega|p2a: Swampert|Swampert|Swampertite
|move|p1b: Charizard|Protect|p1b: Charizard
|-singleturn|p1b: Charizard|Protect
|move|p2b: Vivillon|Sleep Powder|p1b: Charizard
|-activate|p1b: Charizard|move: Protect
|move|p2a: Swampert|Earthquake|p1a: Kingambit|[spread] p1a
|-activate|p1b: Charizard|move: Protect
|-immune|p2b: Vivillon
|-supereffective|p1a: Kingambit|1
|-damage|p1a: Kingambit|33/100
|move|p1a: Kingambit|Kowtow Cleave|p2a: Swampert
|-damage|p2a: Swampert|53/100
|
|upkeep
|turn|2
|inactive|ThomasTheLamb has 30 seconds left.
|inactive|ThomasTheLamb has 20 seconds left.
|
|t:|1783528080
|detailschange|p1b: Charizard|Charizard-Mega-Y, L50, F
|-mega|p1b: Charizard|Charizard|Charizardite Y
|-weather|SunnyDay|[from] ability: Drought|[of] p1b: Charizard
|move|p1b: Charizard|Solar Beam||[still]
|-prepare|p1b: Charizard|Solar Beam
|-anim|p1b: Charizard|Solar Beam|p2a: Swampert
|-supereffective|p2a: Swampert|2
|-damage|p2a: Swampert|0 fnt
|faint|p2a: Swampert
|move|p2b: Vivillon|Sleep Powder|p1b: Charizard
|-status|p1b: Charizard|slp|[from] move: Sleep Powder
|move|p1a: Kingambit|Kowtow Cleave|p2b: Vivillon
|-enditem|p2b: Vivillon|Focus Sash
|-damage|p2b: Vivillon|1/100
|
|-weather|SunnyDay|[upkeep]
|upkeep
|
|t:|1783528090
|switch|p2a: Archaludon|Archaludon, L50, F, shiny|100/100
|turn|3
|
|t:|1783528102
|switch|p2b: Politoed|Politoed, L50, M, shiny|100/100
|-weather|RainDance|[from] ability: Drizzle|[of] p2b: Politoed
|cant|p1b: Charizard|slp
|move|p2a: Archaludon|Electro Shot||[still]
|-prepare|p2a: Archaludon|Electro Shot
|-boost|p2a: Archaludon|spa|1
|-anim|p2a: Archaludon|Electro Shot|p1b: Charizard
|-supereffective|p1b: Charizard|1
|-damage|p1b: Charizard|0 fnt
|faint|p1b: Charizard
|move|p1a: Kingambit|Low Kick|p2a: Archaludon
|-supereffective|p2a: Archaludon|1
|-damage|p2a: Archaludon|58/100
|-ability|p2a: Archaludon|Stamina|boost
|-boost|p2a: Archaludon|def|1
|
|-weather|RainDance|[upkeep]
|-heal|p2a: Archaludon|64/100|[from] item: Leftovers
|upkeep
|
|t:|1783528111
|switch|p1b: Garchomp|Garchomp, L50, M|100/100
|turn|4
|
|t:|1783528122
|move|p1a: Kingambit|Sucker Punch|p2a: Archaludon
|-damage|p2a: Archaludon|47/100
|-ability|p2a: Archaludon|Stamina|boost
|-boost|p2a: Archaludon|def|1
|move|p1b: Garchomp|Earthquake|p2b: Politoed|[spread] p1a,p2a,p2b
|-supereffective|p1a: Kingambit|1
|-supereffective|p2a: Archaludon|1
|-damage|p1a: Kingambit|0 fnt
|-damage|p2a: Archaludon|19/100
|-damage|p2b: Politoed|61/100
|-ability|p2a: Archaludon|Stamina|boost
|-boost|p2a: Archaludon|def|1
|faint|p1a: Kingambit
|move|p2a: Archaludon|Dragon Pulse|p1b: Garchomp
|-supereffective|p1b: Garchomp|1
|-damage|p1b: Garchomp|0 fnt
|faint|p1b: Garchomp
|move|p2b: Politoed|Weather Ball|p1: Kingambit|[notarget]
|-fail|p2b: Politoed
|
|-weather|RainDance|[upkeep]
|-heal|p2a: Archaludon|25/100|[from] item: Leftovers
|upkeep
|
|t:|1783528135
|switch|p1b: Sylveon|Sylveon, L50, F|100/100
|turn|5
|
|t:|1783528151
|move|p2a: Archaludon|Flash Cannon|p1b: Sylveon
|-supereffective|p1b: Sylveon|1
|-damage|p1b: Sylveon|42/100
|move|p2b: Politoed|Perish Song|p2b: Politoed
|-start|p1b: Sylveon|perish3|[silent]
|-start|p2a: Archaludon|perish3|[silent]
|-start|p2b: Politoed|perish3|[silent]
|-fieldactivate|move: Perish Song
|move|p1b: Sylveon|Hyper Voice|p2b: Politoed|[spread] p2a,p2b
|-damage|p2a: Archaludon|0 fnt
|-damage|p2b: Politoed|34/100
|-enditem|p2b: Politoed|Sitrus Berry|[eat]
|-heal|p2b: Politoed|58/100|[from] item: Sitrus Berry
|faint|p2a: Archaludon
|
|-weather|RainDance|[upkeep]
|-start|p2b: Politoed|perish3
|-start|p1b: Sylveon|perish3
|upkeep
|
|t:|1783528158
|switch|p2a: Vivillon|Vivillon-Elegant, L50, M, shiny|1/100
|turn|6
|
|t:|1783528171
|move|p2a: Vivillon|Protect|p2a: Vivillon
|-singleturn|p2a: Vivillon|Protect
|move|p2b: Politoed|Protect|p2b: Politoed
|-singleturn|p2b: Politoed|Protect
|move|p1b: Sylveon|Hyper Voice|p2a: Vivillon|[spread] 
|-activate|p2a: Vivillon|move: Protect
|-activate|p2b: Politoed|move: Protect
|
|-weather|RainDance|[upkeep]
|-start|p2b: Politoed|perish2
|-start|p1b: Sylveon|perish2
|upkeep
|turn|7
|
|t:|1783528179
|move|p2a: Vivillon|Sleep Powder|p1b: Sylveon
|-status|p1b: Sylveon|slp|[from] move: Sleep Powder
|move|p2b: Politoed|Weather Ball|p1b: Sylveon
|-damage|p1b: Sylveon|15/100 slp
|cant|p1b: Sylveon|slp
|
|-weather|none
|-start|p2b: Politoed|perish1
|-start|p1b: Sylveon|perish1
|upkeep
|turn|8
|
|t:|1783528189
|move|p2a: Vivillon|Protect|p2a: Vivillon
|-singleturn|p2a: Vivillon|Protect
|move|p2b: Politoed|Protect|p2b: Politoed
|-singleturn|p2b: Politoed|Protect
|-curestatus|p1b: Sylveon|slp|[msg]
|move|p1b: Sylveon|Hyper Voice|p2b: Politoed|[spread] 
|-activate|p2a: Vivillon|move: Protect
|-activate|p2b: Politoed|move: Protect
|
|-start|p2b: Politoed|perish0
|-start|p1b: Sylveon|perish0
|faint|p2b: Politoed
|faint|p1b: Sylveon
|
|win|Slafyx
