|j|☆FastForwardMyGame
|j|☆i still have it
|html|FastForwardMyGamei still have it    
|uhtml|bestof|Game 2 of a best-of-3
|t:|1757812915
|gametype|doubles
|player|p1|FastForwardMyGame|cyclist|1115
|player|p2|i still have it|169|1195
|gen|9
|tier|[Gen 9] VGC 2025 Reg H (Bo3)
|rated|
|rule|Species Clause: Limit one of each Pokémon
|rule|Item Clause: Limit 1 of each item
|clearpoke
|poke|p1|Hatterene, L50, F|
|poke|p1|Sunflora, L50, F|
|poke|p1|Indeedee-F, L50, F|
|poke|p1|Torkoal, L50, M|
|poke|p1|Gallade, L50, M|
|poke|p1|Ursaluna, L50, M|
|poke|p2|Sneasler, L50, F|
|poke|p2|Rillaboom, L50, M|
|poke|p2|Kingambit, L50, F|
|poke|p2|Incineroar, L50, F|
|poke|p2|Ninetales-Alola, L50, F|
|poke|p2|Dondozo, L50, F|
|teampreview|4
|showteam|p1|Hatterene||CovertCloak|MagicBounce|TrickRoom,ExpandingForce,DazzlingGleam,Protect|||F|||50|,,,,,Water]Sunflora||LifeOrb|SolarPower|EarthPower,WeatherBall,EnergyBall,Protect|||F|||50|,,,,,Fire]Indeedee-F||EjectButton|PsychicSurge|FollowMe,HelpingHand,TrickRoom,TeraBlast|||F|||50|,,,,,Dark]Torkoal||EjectPack|Drought|Eruption,HelpingHand,SunnyDay,Overheat|||M|||50|,,,,,Grass]Gallade||PsychicSeed|Sharpness|TrickRoom,SacredSword,PsychoCut,WideGuard|||M|||50|,,,,,Fire]Ursaluna||FlameOrb|Guts|Facade,HeadlongRush,Protect,Crunch|||M|||50|,,,,,Ghost
|showteam|p2|Sneasler||FocusSash|PoisonTouch|CloseCombat,DireClaw,Coaching,Protect|||F|||50|,,,,,Stellar]Rillaboom||AssaultVest|GrassySurge|WoodHammer,HighHorsepower,FakeOut,GrassyGlide|||M|||50|,,,,,Fire]Kingambit||DreadPlate|Defiant|KowtowCleave,SwordsDance,SuckerPunch,Protect|||F|||50|,,,,,Dark]Incineroar||SafetyGoggles|Intimidate|FlareBlitz,KnockOff,FakeOut,PartingShot|||F|||50|,,,,,Ghost]Ninetales-Alola||CovertCloak|SnowWarning|Blizzard,AuroraVeil,FreezeDry,Protect|||F|||50|,,,,,Ghost]Dondozo||Leftovers|Unaware|WaveCrash,Fissure,Yawn,Protect|||F|||50|,,,,,Poison
|inactive|Battle timer is ON: inactive players will automatically lose when time's up. (requested by FastForwardMyGame)
|inactive|FastForwardMyGame has 60 seconds left.
|inactive|FastForwardMyGame has 30 seconds left.
|inactive|FastForwardMyGame has 20 seconds left.
|
|t:|1757812989
|teamsize|p1|4
|teamsize|p2|4
|start
|switch|p1a: Anger|Torkoal, L50, M|100/100
|switch|p1b: Goatllade|Gallade, L50, M, shiny|100/100
|switch|p2a: Sneasler|Sneasler, L50, F|100/100
|switch|p2b: Dondozo|Dondozo, L50, F|100/100
|-weather|SunnyDay|[from] ability: Drought|[of] p1a: Anger
|turn|1
|l|☆i still have it
|inactive|i still have it disconnected and has a minute to reconnect!
|player|p2|
|inactive|i still have it has 30 seconds left.
|inactive|i still have it has 20 seconds left.
|inactive|i still have it has 15 seconds left.
|j|☆i still have it
|inactive|i still have it reconnected and has 15 seconds left.
|player|p2|i still have it|169|
|inactive|i still have it has 10 seconds left.
|inactiveoff|Battle timer is now OFF.
|
|t:|1757813040
|move|p2a: Sneasler|Coaching|p2b: Dondozo
|-boost|p2b: Dondozo|atk|1
|-boost|p2b: Dondozo|def|1
|move|p2b: Dondozo|Yawn|p1b: Goatllade
|-start|p1b: Goatllade|move: Yawn|[of] p2b: Dondozo
|move|p1a: Anger|Overheat|p2a: Sneasler
|-enditem|p2a: Sneasler|Focus Sash
|-damage|p2a: Sneasler|1/100
|-unboost|p1a: Anger|spa|2
|-enditem|p1a: Anger|Eject Pack
|inactive|Battle timer is ON: inactive players will automatically lose when time's up. (requested by i still have it)
|
|t:|1757813051
|switch|p1a: Ancient|Ursaluna, L50, M|100/100
|move|p1b: Goatllade|Trick Room|p1b: Goatllade
|-fieldstart|move: Trick Room|[of] p1b: Goatllade
|
|-weather|SunnyDay|[upkeep]
|-status|p1a: Ancient|brn|[from] item: Flame Orb
|upkeep
|turn|2
|inactive|FastForwardMyGame has 30 seconds left.
|inactive|FastForwardMyGame has 20 seconds left.
|
|t:|1757813088
|switch|p1b: Anger|Torkoal, L50, M|100/100
|switch|p2a: Incineroar|Incineroar, L50, F|100/100
|-ability|p2a: Incineroar|Intimidate|boost
|-unboost|p1a: Ancient|atk|1
|-unboost|p1b: Anger|atk|1
|move|p1a: Ancient|Facade|p2b: Dondozo
|-damage|p2b: Dondozo|49/100
|move|p2b: Dondozo|Wave Crash|p1a: Ancient
|-supereffective|p1a: Ancient
|-damage|p1a: Ancient|54/100 brn
|-damage|p2b: Dondozo|36/100|[from] Recoil
|
|-weather|SunnyDay|[upkeep]
|-heal|p2b: Dondozo|43/100|[from] item: Leftovers
|-damage|p1a: Ancient|48/100 brn|[from] brn
|upkeep
|turn|3
|inactive|FastForwardMyGame has 30 seconds left.
|inactive|i still have it has 30 seconds left.
|inactive|i still have it has 20 seconds left.
|
|t:|1757813126
|-terastallize|p1a: Ancient|Ghost
|move|p1b: Anger|Helping Hand|p1a: Ancient
|-singleturn|p1a: Ancient|Helping Hand|[of] p1b: Anger
|move|p1a: Ancient|Headlong Rush|p2a: Incineroar
|-supereffective|p2a: Incineroar
|-damage|p2a: Incineroar|0 fnt
|-unboost|p1a: Ancient|def|1
|-unboost|p1a: Ancient|spd|1
|faint|p2a: Incineroar
|move|p2b: Dondozo|Wave Crash|p1a: Ancient
|-damage|p1a: Ancient|24/100 brn
|-damage|p2b: Dondozo|36/100|[from] Recoil
|
|-weather|SunnyDay|[upkeep]
|-heal|p2b: Dondozo|42/100|[from] item: Leftovers
|-damage|p1a: Ancient|18/100 brn|[from] brn
|upkeep
|
|t:|1757813144
|switch|p2a: Rillaboom|Rillaboom, L50, M|100/100
|-fieldstart|move: Grassy Terrain|[from] ability: Grassy Surge|[of] p2a: Rillaboom
|turn|4
|
|t:|1757813157
|-terastallize|p2a: Rillaboom|Fire
|move|p2a: Rillaboom|Grassy Glide|p1a: Ancient
|-damage|p1a: Ancient|0 fnt
|faint|p1a: Ancient
|move|p1b: Anger|Eruption|p2b: Dondozo|[spread] p2a,p2b
|-resisted|p2a: Rillaboom
|-resisted|p2b: Dondozo
|-damage|p2a: Rillaboom|76/100
|-damage|p2b: Dondozo|17/100
|move|p2b: Dondozo|Yawn|p1b: Anger
|-start|p1b: Anger|move: Yawn|[of] p2b: Dondozo
|
|-weather|SunnyDay|[upkeep]
|-heal|p2b: Dondozo|23/100|[from] Grassy Terrain
|-heal|p2b: Dondozo|29/100|[from] item: Leftovers
|-heal|p2a: Rillaboom|82/100|[from] Grassy Terrain
|upkeep
|
|t:|1757813172
|switch|p1a: Goatflora|Sunflora, L50, F|100/100
|turn|5
|
|t:|1757813184
|switch|p1b: Goatllade|Gallade, L50, M, shiny|100/100
|move|p2b: Dondozo|Protect|p2b: Dondozo
|-singleturn|p2b: Dondozo|Protect
|move|p1a: Goatflora|Earth Power|p2a: Rillaboom
|-supereffective|p2a: Rillaboom
|-damage|p2a: Rillaboom|0 fnt
|faint|p2a: Rillaboom
|-damage|p1a: Goatflora|91/100|[from] item: Life Orb
|
|-weather|none
|-heal|p1a: Goatflora|97/100|[from] Grassy Terrain
|-heal|p2b: Dondozo|35/100|[from] Grassy Terrain
|-heal|p2b: Dondozo|42/100|[from] item: Leftovers
|-fieldend|move: Trick Room
|upkeep
|
|t:|1757813188
|switch|p2a: Sneasler|Sneasler, L50, F|1/100
|turn|6
|inactive|FastForwardMyGame has 30 seconds left.
|inactive|FastForwardMyGame has 20 seconds left.
|inactive|FastForwardMyGame has 15 seconds left.
|
|t:|1757813228
|switch|p1a: Anger|Torkoal, L50, M|100/100
|-weather|SunnyDay|[from] ability: Drought|[of] p1a: Anger
|move|p2a: Sneasler|Dire Claw|p1a: Anger
|-damage|p1a: Anger|68/100
|-status|p1a: Anger|slp
|move|p2b: Dondozo|Yawn|p1b: Goatllade
|-start|p1b: Goatllade|move: Yawn|[of] p2b: Dondozo
|move|p1b: Goatllade|Trick Room|p1b: Goatllade
|-fieldstart|move: Trick Room|[of] p1b: Goatllade
|
|-weather|SunnyDay|[upkeep]
|-heal|p1a: Anger|74/100 slp|[from] Grassy Terrain
|-heal|p2b: Dondozo|48/100|[from] Grassy Terrain
|-heal|p2b: Dondozo|54/100|[from] item: Leftovers
|-heal|p2a: Sneasler|7/100|[from] Grassy Terrain
|upkeep
|turn|7
|inactive|FastForwardMyGame has 30 seconds left.
|inactive|FastForwardMyGame has 20 seconds left.
|inactive|FastForwardMyGame has 15 seconds left.
|
|t:|1757813269
|cant|p1a: Anger|slp
|move|p2b: Dondozo|Wave Crash|p1a: Anger
|-supereffective|p1a: Anger
|-damage|p1a: Anger|26/100 slp
|-damage|p2b: Dondozo|43/100|[from] Recoil
|move|p1b: Goatllade|Sacred Sword|p2b: Dondozo
|-damage|p2b: Dondozo|0 fnt
|faint|p2b: Dondozo
|move|p2a: Sneasler|Dire Claw|p1b: Goatllade
|-damage|p1b: Goatllade|41/100
|-status|p1b: Goatllade|par
|
|-weather|SunnyDay|[upkeep]
|-heal|p1a: Anger|33/100 slp|[from] Grassy Terrain
|-heal|p1b: Goatllade|47/100 par|[from] Grassy Terrain
|-heal|p2a: Sneasler|13/100|[from] Grassy Terrain
|-end|p1b: Goatllade|move: Yawn|[silent]
|upkeep
|turn|8
|
|t:|1757813291
|-curestatus|p1a: Anger|slp|[msg]
|move|p1a: Anger|Eruption|p2a: Sneasler
|-damage|p2a: Sneasler|0 fnt
|faint|p2a: Sneasler
|
|win|FastForwardMyGame
||FastForwardMyGame is ready for game 3.
||i still have it is ready for game 3.
|uhtml|next|Next: Game 3 of 3
