|j|☆GS Barnabe
|j|☆Assassinator.dr
|html|GS BarnabeAssassinator.dr    
|uhtml|bestof|Game 1 of a best-of-3
|t:|1785953877
|gametype|doubles
|player|p1|GS Barnabe|1|1151
|player|p2|Assassinator.dr|youngster-gen4dp|1196
|gen|9
|tier|[Gen 9 Champions] VGC 2026 Reg M-B (Bo3)
|rated|
|rule|Species Clause: Limit one of each Pokémon
|rule|Item Clause: Limit 1 of each item
|clearpoke
|poke|p1|Clefable, L50, F|
|poke|p1|Tyranitar, L50, F|
|poke|p1|Garchomp, L50, F|
|poke|p1|Gholdengo, L50|
|poke|p1|Rotom-Wash, L50|
|poke|p1|Aerodactyl, L50, M|
|poke|p2|Kangaskhan, L50, F|
|poke|p2|Swampert, L50, F|
|poke|p2|Beedrill, L50, M|
|poke|p2|Pelipper, L50, F|
|poke|p2|Sableye, L50, M|
|poke|p2|Sylveon, L50, M|
|teampreview|4
|showteam|p1|Clefable||SitrusBerry|Unaware|Moonblast,FollowMe,HealPulse,Protect|Bold||F|||50|]Tyranitar||ChoiceScarf|SandStream|RockSlide,KnockOff,IcePunch,Superpower|Jolly||F|||50|]Garchomp||Garchompite|SandVeil|DracoMeteor,EarthPower,PowerGem,Protect|Modest||F|||50|]Gholdengo||LifeOrb|GoodasGold|MakeItRain,ShadowBall,NastyPlot,Protect|Modest|||||50|]Rotom-Wash||Leftovers|Levitate|HydroPump,VoltSwitch,WillOWisp,Protect|Calm|||||50|]Aerodactyl||Aerodactylite|RockHead|RockSlide,DualWingbeat,Tailwind,Protect|Jolly||M|||50|
|showteam|p2|Kangaskhan||SilkScarf|Scrappy|FakeOut,LastResort|Adamant||F|||50|]Swampert||Swampertite|Torrent|Protect,WaveCrash,Earthquake,IcePunch|Adamant||F|||50|]Beedrill||Beedrillite|Sniper|Protect,PoisonJab,DrillRun,Uturn|Adamant||M|||50|]Pelipper||SharpBeak|Drizzle|WideGuard,Tailwind,WeatherBall,Hurricane|Modest||F|||50|]Sableye||FocusSash|Prankster|Quash,FoulPlay,RainDance,WillOWisp|Careful||M|||50|]Sylveon||LifeOrb|Pixilate|HyperVoice,HyperBeam,Protect,QuickAttack|Quiet||M|||50|
|c|☆Assassinator.dr|gl
|
|t:|1785953942
|teamsize|p1|4
|teamsize|p2|4
|start
|switch|p1a: Aerodactyl|Aerodactyl, L50, M|100/100
|switch|p1b: Rotom|Rotom-Wash, L50|100/100
|switch|p2a: Kangaskhan|Kangaskhan, L50, F|100/100
|switch|p2b: Sylveon|Sylveon, L50, M|100/100
|turn|1
|
|t:|1785953961
|move|p1a: Aerodactyl|Protect|p1a: Aerodactyl
|-singleturn|p1a: Aerodactyl|Protect
|move|p2a: Kangaskhan|Fake Out|p1a: Aerodactyl
|-activate|p1a: Aerodactyl|move: Protect
|move|p1b: Rotom|Will-O-Wisp|p2a: Kangaskhan|[miss]
|-miss|p1b: Rotom|p2a: Kangaskhan
|move|p2b: Sylveon|Hyper Voice|p1a: Aerodactyl|[spread] p1b
|-activate|p1a: Aerodactyl|move: Protect
|-damage|p1b: Rotom|47/100
|-damage|p2b: Sylveon|90/100|[from] item: Life Orb
|
|-heal|p1b: Rotom|53/100|[from] item: Leftovers
|upkeep
|turn|2
|
|t:|1785953987
|detailschange|p1a: Aerodactyl|Aerodactyl-Mega, L50, M
|-mega|p1a: Aerodactyl|Aerodactyl|Aerodactylite
|move|p1b: Rotom|Protect|p1b: Rotom
|-singleturn|p1b: Rotom|Protect
|move|p1a: Aerodactyl|Rock Slide|p2a: Kangaskhan|[spread] p2a,p2b
|-damage|p2a: Kangaskhan|69/100
|-damage|p2b: Sylveon|55/100
|move|p2a: Kangaskhan|Last Resort|p1b: Rotom
|-activate|p1b: Rotom|move: Protect
|move|p2b: Sylveon|Hyper Beam|p1a: Aerodactyl
|-crit|p1a: Aerodactyl
|-damage|p1a: Aerodactyl|0 fnt
|-mustrecharge|p2b: Sylveon
|faint|p1a: Aerodactyl
|-damage|p2b: Sylveon|45/100|[from] item: Life Orb
|
|-heal|p1b: Rotom|58/100|[from] item: Leftovers
|upkeep
|
|t:|1785954011
|switch|p1a: Gholdengo|Gholdengo, L50|100/100
|turn|3
|
|t:|1785954022
|move|p1b: Rotom|Volt Switch|p2a: Kangaskhan
|-damage|p2a: Kangaskhan|43/100
|
|t:|1785954025
|switch|p1b: Tyranitar|Tyranitar, L50, F|100/100|[from] Volt Switch
|-weather|Sandstorm|[from] ability: Sand Stream|[of] p1b: Tyranitar
|move|p1a: Gholdengo|Make It Rain|p2b: Sylveon|[spread] p2b
|-miss|p1a: Gholdengo|p2a: Kangaskhan
|-supereffective|p2b: Sylveon|1
|-damage|p2b: Sylveon|0 fnt
|-unboost|p1a: Gholdengo|spa|2
|faint|p2b: Sylveon
|-damage|p1a: Gholdengo|90/100|[from] item: Life Orb
|move|p2a: Kangaskhan|Last Resort|p1b: Tyranitar
|-resisted|p1b: Tyranitar|1
|-damage|p1b: Tyranitar|64/100
|
|-weather|Sandstorm|[upkeep]
|-damage|p2a: Kangaskhan|37/100|[from] Sandstorm
|upkeep
|
|t:|1785954051
|switch|p2b: Swampert|Swampert, L50, F|100/100
|turn|4
|
|t:|1785954074
|switch|p1a: Rotom|Rotom-Wash, L50|58/100
|switch|p2a: Pelipper|Pelipper, L50, F|100/100
|-weather|RainDance|[from] ability: Drizzle|[of] p2a: Pelipper
|detailschange|p2b: Swampert|Swampert-Mega, L50, F
|-mega|p2b: Swampert|Swampert|Swampertite
|move|p2b: Swampert|Earthquake|p1a: Rotom|[spread] p1b
|-immune|p2a: Pelipper
|-immune|p1a: Rotom|[from] ability: Levitate
|-supereffective|p1b: Tyranitar|1
|-damage|p1b: Tyranitar|0 fnt
|faint|p1b: Tyranitar
|
|-weather|RainDance|[upkeep]
|-heal|p1a: Rotom|64/100|[from] item: Leftovers
|upkeep
|
|t:|1785954088
|switch|p1b: Gholdengo|Gholdengo, L50|90/100
|turn|5
|
|t:|1785954103
|switch|p2a: Kangaskhan|Kangaskhan, L50, F|37/100
|move|p1b: Gholdengo|Protect|p1b: Gholdengo
|-singleturn|p1b: Gholdengo|Protect
|move|p2b: Swampert|Wave Crash|p1a: Rotom
|-resisted|p1a: Rotom|1
|-damage|p1a: Rotom|3/100
|-damage|p2b: Swampert|82/100|[from] Recoil
|move|p1a: Rotom|Will-O-Wisp|p2b: Swampert
|-status|p2b: Swampert|brn
|
|-weather|RainDance|[upkeep]
|-heal|p1a: Rotom|8/100|[from] item: Leftovers
|-damage|p2b: Swampert|76/100 brn|[from] brn
|upkeep
|turn|6
|
|t:|1785954140
|move|p2a: Kangaskhan|Fake Out|p1b: Gholdengo
|-resisted|p1b: Gholdengo|1
|-damage|p1b: Gholdengo|82/100
|move|p2b: Swampert|Wave Crash|p1b: Gholdengo
|-damage|p1b: Gholdengo|39/100
|-damage|p2b: Swampert|62/100 brn|[from] Recoil
|move|p1a: Rotom|Hydro Pump|p2b: Swampert
|-damage|p2b: Swampert|12/100 brn
|cant|p1b: Gholdengo|flinch
|
|-weather|RainDance|[upkeep]
|-heal|p1a: Rotom|14/100|[from] item: Leftovers
|-damage|p2b: Swampert|6/100 brn|[from] brn
|upkeep
|turn|7
|
|t:|1785954177
|move|p1b: Gholdengo|Protect|p1b: Gholdengo
|-singleturn|p1b: Gholdengo|Protect
|move|p2b: Swampert|Wave Crash|p1b: Gholdengo
|-activate|p1b: Gholdengo|move: Protect
|move|p1a: Rotom|Volt Switch|p2a: Kangaskhan
|-damage|p2a: Kangaskhan|12/100
|move|p2a: Kangaskhan|Last Resort|p1a: Rotom
|-damage|p1a: Rotom|0 fnt
|faint|p1a: Rotom
|
|-weather|RainDance|[upkeep]
|-damage|p2b: Swampert|1/100 brn|[from] brn
|upkeep
|turn|8
|
|t:|1785954197
|move|p1b: Gholdengo|Protect||[still]
|-fail|p1b: Gholdengo
|move|p2b: Swampert|Earthquake|p1b: Gholdengo|[spread] p2a,p1b
|-supereffective|p1b: Gholdengo|1
|-crit|p1b: Gholdengo
|-damage|p2a: Kangaskhan|0 fnt
|-damage|p1b: Gholdengo|0 fnt
|faint|p2a: Kangaskhan
|faint|p1b: Gholdengo
|
|win|Assassinator.dr
