|j|☆OssiGT
|j|☆FreezyPop439
|html|OssiGTFreezyPop439    
|uhtml|bestof|Game 1 of a best-of-3
|t:|1784633243
|gametype|doubles
|player|p1|OssiGT|hilbert-wonderlauncher|1287
|player|p2|FreezyPop439|collector|1373
|gen|9
|tier|[Gen 9 Champions] VGC 2026 Reg M-B (Bo3)
|rated|
|rule|Species Clause: Limit one of each Pokémon
|rule|Item Clause: Limit 1 of each item
|clearpoke
|poke|p1|Raichu, L50, F|
|poke|p1|Mawile, L50, M|
|poke|p1|Sinistcha, L50|
|poke|p1|Ceruledge, L50, F|
|poke|p1|Milotic, L50, M|
|poke|p1|Incineroar, L50, M|
|poke|p2|Raichu, L50, M|
|poke|p2|Gyarados, L50, F|
|poke|p2|Mamoswine, L50, M|
|poke|p2|Ceruledge, L50, M|
|poke|p2|Clefable, L50, F|
|poke|p2|Kingambit, L50, F|
|teampreview|4
|showteam|p1|Raichu||RaichuniteY|LightningRod|ZapCannon,FocusBlast,FakeOut,Protect|Timid||F|||50|]Mawile||Mawilite|HyperCutter|PlayRough,SuckerPunch,SwordsDance,Protect|Adamant||M|||50|]Sinistcha||KasibBerry|Hospitality|MatchaGotcha,LifeDew,RagePowder,Protect|Relaxed|||||50|]Ceruledge||ColburBerry|FlashFire|BitterBlade,ShadowSneak,BulkUp,Protect|Adamant||F|||50|]Milotic||Leftovers|Competitive|MuddyWater,Coil,Hypnosis,Protect|Calm||M|||50|]Incineroar||SitrusBerry|Intimidate|FlareBlitz,ThroatChop,FakeOut,PartingShot|Impish||M|||50|
|showteam|p2|Raichu||RaichuniteY|LightningRod|ZapCannon,FocusBlast,FakeOut,Protect|Timid||M|||50|]Gyarados||Gyaradosite|Intimidate|Waterfall,PowerWhip,DragonDance,Protect|Adamant||F|||50|]Mamoswine||LifeOrb|Oblivious|HighHorsepower,IceShard,IcicleCrash,Protect|Jolly||M|||50|]Ceruledge||ColburBerry|FlashFire|BitterBlade,ShadowSneak,BulkUp,Protect|Adamant||M|||50|]Clefable||SitrusBerry|Unaware|Moonblast,FollowMe,HelpingHand,Protect|Bold||F|||50|]Kingambit||FocusSash|Defiant|IronHead,KowtowCleave,SuckerPunch,LowKick|Adamant||F|||50|
|inactive|Battle timer is ON: inactive players will automatically lose when time's up. (requested by OssiGT)
|inactive|FreezyPop439 has 60 seconds left.
|
|t:|1784633330
|teamsize|p1|4
|teamsize|p2|4
|start
|switch|p1a: Milotic|Milotic, L50, M|100/100
|switch|p1b: Raichu|Raichu, L50, F|100/100
|switch|p2a: Raichu|Raichu, L50, M|100/100
|switch|p2b: Mamoswine|Mamoswine, L50, M|100/100
|turn|1
|inactive|FreezyPop439 has 30 seconds left.
|
|t:|1784633364
|detailschange|p2a: Raichu|Raichu-Mega-Y, L50, M
|-mega|p2a: Raichu|Raichu|Raichunite Y
|move|p2a: Raichu|Fake Out|p1b: Raichu
|-damage|p1b: Raichu|86/100
|cant|p1b: Raichu|flinch
|move|p2b: Mamoswine|High Horsepower|p1a: Milotic
|-damage|p1a: Milotic|41/100
|-damage|p2b: Mamoswine|90/100|[from] item: Life Orb
|move|p1a: Milotic|Coil|p1a: Milotic
|-boost|p1a: Milotic|atk|1
|-boost|p1a: Milotic|def|1
|-boost|p1a: Milotic|accuracy|1
|
|-heal|p1a: Milotic|47/100|[from] item: Leftovers
|upkeep
|turn|2
|inactive|FreezyPop439 has 30 seconds left.
|inactive|FreezyPop439 has 20 seconds left.
|inactive|FreezyPop439 has 15 seconds left.
|
|t:|1784633407
|detailschange|p1b: Raichu|Raichu-Mega-Y, L50, F
|-mega|p1b: Raichu|Raichu|Raichunite Y
|move|p2a: Raichu|Protect|p2a: Raichu
|-singleturn|p2a: Raichu|Protect
|move|p1a: Milotic|Protect|p1a: Milotic
|-singleturn|p1a: Milotic|Protect
|move|p1b: Raichu|Focus Blast|p2b: Mamoswine
|-supereffective|p2b: Mamoswine|1
|-damage|p2b: Mamoswine|0 fnt
|faint|p2b: Mamoswine
|
|-heal|p1a: Milotic|53/100|[from] item: Leftovers
|upkeep
|
|t:|1784633421
|switch|p2b: Clefable|Clefable, L50, F|100/100
|turn|3
|
|t:|1784633435
|move|p2b: Clefable|Follow Me|p2b: Clefable
|-singleturn|p2b: Clefable|move: Follow Me
|move|p1b: Raichu|Focus Blast|p2b: Clefable
|-resisted|p2b: Clefable|1
|-damage|p2b: Clefable|82/100
|move|p2a: Raichu|Zap Cannon|p1a: Milotic
|-supereffective|p1a: Milotic|1
|-damage|p1a: Milotic|0 fnt
|faint|p1a: Milotic
|
|upkeep
|
|t:|1784633437
|switch|p1a: Ceruledge|Ceruledge, L50, F|100/100
|turn|4
|inactive|FreezyPop439 has 30 seconds left.
|
|t:|1784633471
|move|p2b: Clefable|Follow Me|p2b: Clefable
|-singleturn|p2b: Clefable|move: Follow Me
|move|p1b: Raichu|Zap Cannon|p2b: Clefable
|-damage|p2b: Clefable|32/100
|-status|p2b: Clefable|par
|-enditem|p2b: Clefable|Sitrus Berry|[eat]
|-heal|p2b: Clefable|56/100 par|[from] item: Sitrus Berry
|move|p2a: Raichu|Zap Cannon|p1a: Ceruledge
|-damage|p1a: Ceruledge|33/100
|-status|p1a: Ceruledge|par
|cant|p1a: Ceruledge|par
|
|upkeep
|turn|5
|
|t:|1784633495
|switch|p1a: Sinistcha|Sinistcha, L50|100/100
|-heal|p1b: Raichu|100/100|[from] ability: Hospitality|[of] p1a: Sinistcha
|move|p2b: Clefable|Follow Me|p2b: Clefable
|-singleturn|p2b: Clefable|move: Follow Me
|move|p1b: Raichu|Zap Cannon|p2b: Clefable
|-damage|p2b: Clefable|1/100 par
|move|p2a: Raichu|Focus Blast|p1b: Raichu
|-damage|p1b: Raichu|43/100
|
|upkeep
|turn|6
|
|t:|1784633513
|move|p2b: Clefable|Helping Hand|p2a: Raichu
|-singleturn|p2a: Raichu|Helping Hand|[of] p2b: Clefable
|move|p1b: Raichu|Protect|p1b: Raichu
|-singleturn|p1b: Raichu|Protect
|move|p2a: Raichu|Zap Cannon|p1a: Sinistcha
|-resisted|p1a: Sinistcha|1
|-damage|p1a: Sinistcha|58/100
|-status|p1a: Sinistcha|par
|move|p1a: Sinistcha|Matcha Gotcha|p2b: Clefable|[spread] p2a,p2b
|-damage|p2a: Raichu|66/100
|-heal|p1a: Sinistcha|74/100 par|[from] drain|[of] p2a: Raichu
|-damage|p2b: Clefable|0 fnt
|-heal|p1a: Sinistcha|74/100 par|[from] drain|[of] p2b: Clefable
|faint|p2b: Clefable
|
|upkeep
|
|t:|1784633523
|switch|p2b: Kingambit|Kingambit, L50, F|100/100
|turn|7
|
|t:|1784633547
|move|p1a: Sinistcha|Rage Powder|p1a: Sinistcha
|-singleturn|p1a: Sinistcha|move: Rage Powder
|move|p1b: Raichu|Focus Blast|p2b: Kingambit
|-supereffective|p2b: Kingambit|2
|-enditem|p2b: Kingambit|Focus Sash
|-damage|p2b: Kingambit|1/100
|move|p2a: Raichu|Focus Blast|p1a: Sinistcha
|-immune|p1a: Sinistcha
|move|p2b: Kingambit|Kowtow Cleave|p1a: Sinistcha
|-supereffective|p1a: Sinistcha|1
|-damage|p1a: Sinistcha|0 fnt
|faint|p1a: Sinistcha
|
|upkeep
|
|t:|1784633551
|switch|p1a: Ceruledge|Ceruledge, L50, F|33/100 par
|turn|8
|
|t:|1784633576
|move|p2b: Kingambit|Sucker Punch|p1a: Ceruledge
|-supereffective|p1a: Ceruledge|1
|-enditem|p1a: Ceruledge|Colbur Berry|[eat]
|-enditem|p1a: Ceruledge|Colbur Berry|[weaken]
|-damage|p1a: Ceruledge|0 fnt
|faint|p1a: Ceruledge
|move|p1b: Raichu|Focus Blast|p2a: Raichu
|-damage|p2a: Raichu|11/100
|move|p2a: Raichu|Focus Blast|p1b: Raichu
|-damage|p1b: Raichu|0 fnt
|faint|p1b: Raichu
|
|win|FreezyPop439
