|j|☆a9106174
|j|☆huanyu0.0
|html|a9106174huanyu0.0    
|uhtml|bestof|Game 1 of a best-of-3
|t:|1785158604
|gametype|doubles
|player|p1|a9106174|101|1180
|player|p2|huanyu0.0|169|1208
|gen|9
|tier|[Gen 9 Champions] VGC 2026 Reg M-B (Bo3)
|rated|
|rule|Species Clause: Limit one of each Pokémon
|rule|Item Clause: Limit 1 of each item
|clearpoke
|poke|p1|Garchomp, L50, F|
|poke|p1|Talonflame, L50, M|
|poke|p1|Oranguru, L50, F|
|poke|p1|Floette-Eternal, L50, F|
|poke|p1|Basculegion, L50, M|
|poke|p1|Eelektross, L50, F|
|poke|p2|Staraptor, L50, F|
|poke|p2|Tyranitar, L50, M|
|poke|p2|Excadrill, L50, M|
|poke|p2|Gholdengo, L50|
|poke|p2|Milotic, L50, M|
|poke|p2|Sinistcha, L50|
|teampreview|4
|showteam|p1|Garchomp||ChoiceScarf|RoughSkin|RockTomb,Earthquake,StompingTantrum,DragonClaw|Adamant||F|||50|]Talonflame||FocusSash|GaleWings|Tailwind,QuickGuard,DualWingbeat,FlareBlitz|Jolly||M|||50|]Oranguru||ColburBerry|Telepathy|FoulPlay,TrickRoom,Encore,Instruct|Calm||F|||50|]Floette-Eternal||Floettite|FlowerVeil|LightofRuin,Moonblast,DazzlingGleam,Protect|Modest||F|||50|]Basculegion||LifeOrb|Adaptability|LastRespects,WaveCrash,AquaJet,Protect|Adamant||M|||50|]Eelektross||Eelektrossite|Levitate|Discharge,Thunderbolt,GigaDrain,Protect|Timid||F|||50|
|showteam|p2|Staraptor||Staraptite|Intimidate|CloseCombat,BraveBird,Tailwind,Protect|Jolly||F|||50|]Tyranitar||Tyranitarite|SandStream|RockSlide,KnockOff,LowKick,Protect|Adamant||M|||50|]Excadrill||FocusSash|SandRush|IronHead,HighHorsepower,RockSlide,Protect|Adamant||M|||50|]Gholdengo||LifeOrb|GoodasGold|MakeItRain,ShadowBall,NastyPlot,Protect|Modest|||||50|]Milotic||SitrusBerry|Competitive|Scald,IceBeam,IcyWind,Protect|Modest||M|||50|]Sinistcha||ColburBerry|Hospitality|MatchaGotcha,RagePowder,TrickRoom,Protect|Calm|||||50|
|inactive|Battle timer is ON: inactive players will automatically lose when time's up. (requested by huanyu0.0)
|inactive|huanyu0.0 has 60 seconds left.
|
|t:|1785158646
|teamsize|p1|4
|teamsize|p2|4
|start
|switch|p1a: Talonflame|Talonflame, L50, M|100/100
|switch|p1b: Floette|Floette-Eternal, L50, F|100/100
|switch|p2a: Tyranitar|Tyranitar, L50, M|100/100
|switch|p2b: Excadrill|Excadrill, L50, M|100/100
|-weather|Sandstorm|[from] ability: Sand Stream|[of] p2a: Tyranitar
|turn|1
|inactive|a9106174 has 30 seconds left.
|inactive|huanyu0.0 has 30 seconds left.
|inactive|a9106174 has 20 seconds left.
|
|t:|1785158683
|detailschange|p1b: Floette|Floette-Mega, L50, F
|-mega|p1b: Floette|Floette|Floettite
|-ability|p1b: Floette|Fairy Aura
|detailschange|p2a: Tyranitar|Tyranitar-Mega, L50, M
|-mega|p2a: Tyranitar|Tyranitar|Tyranitarite
|move|p1a: Talonflame|Tailwind|p1a: Talonflame
|-sidestart|p1: a9106174|move: Tailwind
|move|p1b: Floette|Light of Ruin|p2a: Tyranitar
|-supereffective|p2a: Tyranitar|1
|-damage|p2a: Tyranitar|0 fnt
|faint|p2a: Tyranitar
|-damage|p1b: Floette|45/100|[from] Recoil
|move|p2b: Excadrill|Iron Head|p1b: Floette
|-supereffective|p1b: Floette|1
|-damage|p1b: Floette|0 fnt
|faint|p1b: Floette
|
|-weather|Sandstorm|[upkeep]
|-damage|p1a: Talonflame|94/100|[from] Sandstorm
|upkeep
|
|t:|1785158705
|switch|p1b: Basculegion|Basculegion, L50, M|100/100
|switch|p2a: Staraptor|Staraptor, L50, F|100/100
|-ability|p2a: Staraptor|Intimidate|boost
|-unboost|p1a: Talonflame|atk|1
|-unboost|p1b: Basculegion|atk|1
|turn|2
|
|t:|1785158727
|switch|p2b: Sinistcha|Sinistcha, L50|100/100
|move|p1a: Talonflame|Flare Blitz|p2b: Sinistcha
|-supereffective|p2b: Sinistcha|1
|-damage|p2b: Sinistcha|47/100
|-damage|p1a: Talonflame|74/100|[from] Recoil
|move|p1b: Basculegion|Wave Crash|p2b: Sinistcha
|-resisted|p2b: Sinistcha|1
|-damage|p2b: Sinistcha|20/100r
|-damage|p1b: Basculegion|92/100|[from] Recoil
|-damage|p1b: Basculegion|82/100|[from] item: Life Orb
|move|p2a: Staraptor|Brave Bird|p1b: Basculegion
|-damage|p1b: Basculegion|22/100
|-damage|p2a: Staraptor|76/100|[from] Recoil
|
|-weather|Sandstorm|[upkeep]
|-damage|p1a: Talonflame|69/100|[from] Sandstorm
|-damage|p1b: Basculegion|16/100|[from] Sandstorm
|-damage|p2a: Staraptor|70/100|[from] Sandstorm
|-damage|p2b: Sinistcha|14/100|[from] Sandstorm
|upkeep
|turn|3
|inactive|a9106174 has 30 seconds left.
|inactive|a9106174 has 20 seconds left.
|
|t:|1785158766
|switch|p1b: Garchomp|Garchomp, L50, F|100/100
|move|p2b: Sinistcha|Rage Powder|p2b: Sinistcha
|-singleturn|p2b: Sinistcha|move: Rage Powder
|move|p1a: Talonflame|Flare Blitz|p2b: Sinistcha
|-supereffective|p2b: Sinistcha|1
|-damage|p2b: Sinistcha|0 fnt
|faint|p2b: Sinistcha
|-damage|p1a: Talonflame|63/100|[from] Recoil
|move|p2a: Staraptor|Tailwind|p2a: Staraptor
|-sidestart|p2: huanyu0.0|move: Tailwind
|
|-weather|Sandstorm|[upkeep]
|-damage|p1a: Talonflame|58/100|[from] Sandstorm
|-damage|p2a: Staraptor|64/100|[from] Sandstorm
|upkeep
|
|t:|1785158778
|switch|p2b: Excadrill|Excadrill, L50, M|100/100
|turn|4
|inactive|a9106174 has 30 seconds left.
|
|t:|1785158809
|move|p2b: Excadrill|Rock Slide|p1a: Talonflame|[spread] p1a,p1b
|-supereffective|p1a: Talonflame|2
|-resisted|p1b: Garchomp|1
|-damage|p1a: Talonflame|0 fnt
|-damage|p1b: Garchomp|89/100
|faint|p1a: Talonflame
|move|p1b: Garchomp|Rock Tomb|p2a: Staraptor
|-supereffective|p2a: Staraptor|1
|-damage|p2a: Staraptor|7/100
|-unboost|p2a: Staraptor|spe|1
|move|p2a: Staraptor|Brave Bird|p1b: Garchomp
|-damage|p1b: Garchomp|38/100
|-damage|p2a: Staraptor|0 fnt|[from] ability: Rough Skin|[of] p1b: Garchomp
|faint|p2a: Staraptor
|
|-weather|Sandstorm|[upkeep]
|-sideend|p1: a9106174|move: Tailwind
|upkeep
|
|t:|1785158824
|switch|p1a: Basculegion|Basculegion, L50, M|16/100
|turn|5
|
|t:|1785158840
|move|p1a: Basculegion|Aqua Jet|p2b: Excadrill
|-supereffective|p2b: Excadrill|1
|-damage|p2b: Excadrill|13/100
|-damage|p1a: Basculegion|6/100|[from] item: Life Orb
|move|p2b: Excadrill|Rock Slide|p1a: Basculegion|[spread] p1a,p1b
|-resisted|p1b: Garchomp|1
|-damage|p1a: Basculegion|0 fnt
|-damage|p1b: Garchomp|27/100
|faint|p1a: Basculegion
|cant|p1b: Garchomp|flinch
|
|-weather|none
|upkeep
|turn|6
|
|t:|1785158852
|move|p2b: Excadrill|Iron Head|p1b: Garchomp
|-damage|p1b: Garchomp|0 fnt
|-damage|p2b: Excadrill|1/100|[from] ability: Rough Skin|[of] p1b: Garchomp
|faint|p1b: Garchomp
|
|win|huanyu0.0
||huanyu0.0 is ready for game 2.
|inactive|a9106174 has 30 seconds to confirm battle start!
||a9106174 is ready for game 2.
|uhtml|next|Next: Game 2 of 3
|l|☆a9106174
|player|p1|
