|j|☆Orichalcum25
|j|☆Clementine1997
|html|Orichalcum25Clementine1997    
|uhtml|bestof|Game 2 of a best-of-3
|t:|1757720334
|gametype|doubles
|player|p1|Orichalcum25|molayne|1000
|player|p2|Clementine1997|clair|1073
|gen|9
|tier|[Gen 9] VGC 2025 Reg H (Bo3)
|rated|
|rule|Species Clause: Limit one of each Pokémon
|rule|Item Clause: Limit 1 of each item
|clearpoke
|poke|p1|Gholdengo, L50|
|poke|p1|Dragonite, L50, M|
|poke|p1|Sneasler, L50, M|
|poke|p1|Rillaboom, L50, F|
|poke|p1|Ursaluna, L50, F|
|poke|p1|Porygon2, L50|
|poke|p2|Politoed, L50, F|
|poke|p2|Whimsicott, L50, M|
|poke|p2|Primarina, L50, F|
|poke|p2|Ursaluna-Bloodmoon, L50, M|
|poke|p2|Rillaboom, L50, M|
|poke|p2|Farigiraf, L50, M|
|teampreview|4
|showteam|p1|Gholdengo||LifeOrb|GoodasGold|MakeItRain,ShadowBall,NastyPlot,Protect||||||50|,,,,,Water]Dragonite||LoadedDice|Multiscale|ScaleShot,StompingTantrum,Tailwind,Protect|||M|||50|,,,,,Fairy]Sneasler||FocusSash|Unburden|DireClaw,CloseCombat,Coaching,Protect|||M|||50|,,,,,Ghost]Rillaboom||AssaultVest|GrassySurge|GrassyGlide,WoodHammer,FakeOut,HighHorsepower|||F|||50|,,,,,Fire]Ursaluna||FlameOrb|Guts|Facade,Protect,HeadlongRush,Earthquake|||F|||50|,,,,,Ghost]Porygon2||Eviolite|Download|TeraBlast,IceBeam,TrickRoom,Recover||||||50|,,,,,Fighting
|showteam|p2|Politoed||EjectPack|Drizzle|WeatherBall,Encore,HelpingHand,Protect|||F|||50|,,,,,Grass]Whimsicott||FocusSash|Prankster|Moonblast,Taunt,TrickRoom,Tailwind|||M|||50|,,,,,Ghost]Primarina||ThroatSpray|LiquidVoice|HyperVoice,Moonblast,Haze,Protect|||F|||50|,,,,,Steel]Ursaluna-Bloodmoon||LifeOrb|MindsEye|BloodMoon,EarthPower,HyperVoice,Protect|||M|||50|,,,,,Ghost]Rillaboom||AssaultVest|GrassySurge|GrassyGlide,Uturn,HighHorsepower,FakeOut|||M|||50|,,,,,Fire]Farigiraf||SitrusBerry|ArmorTail|FoulPlay,TrickRoom,Imprison,Protect|||M|||50|,,,,,Normal
|inactive|Battle timer is ON: inactive players will automatically lose when time's up. (requested by Clementine1997)
|inactive|Orichalcum25 has 60 seconds left.
|
|t:|1757720373
|teamsize|p1|4
|teamsize|p2|4
|start
|switch|p1a: Schmoney|Gholdengo, L50|100/100
|switch|p1b: Dargon|Dragonite, L50, M|100/100
|switch|p2a: Whimsicott|Whimsicott, L50, M, shiny|100/100
|switch|p2b: Ursaluna|Ursaluna-Bloodmoon, L50, M|100/100
|turn|1
|inactive|Orichalcum25 has 30 seconds left.
|
|t:|1757720402
|move|p2a: Whimsicott|Tailwind|p2a: Whimsicott
|-sidestart|p2: Clementine1997|move: Tailwind
|move|p2b: Ursaluna|Blood Moon|p1a: Schmoney
|-resisted|p1a: Schmoney
|-damage|p1a: Schmoney|42/100
|-damage|p2b: Ursaluna|91/100|[from] item: Life Orb
|move|p1a: Schmoney|Make It Rain|p2b: Ursaluna|[spread] p2a,p2b
|-supereffective|p2a: Whimsicott
|-enditem|p2a: Whimsicott|Focus Sash
|-damage|p2a: Whimsicott|1/100
|-damage|p2b: Ursaluna|10/100
|-unboost|p1a: Schmoney|spa|1
|-damage|p1a: Schmoney|32/100|[from] item: Life Orb
|move|p1b: Dargon|Scale Shot|p2b: Ursaluna
|-damage|p2b: Ursaluna|0 fnt
|faint|p2b: Ursaluna
|-hitcount|p2: Ursaluna|1
|-unboost|p1b: Dargon|def|1
|-boost|p1b: Dargon|spe|1
|
|upkeep
|
|t:|1757720415
|switch|p2b: Primarina|Primarina, L50, F, shiny|100/100
|turn|2
|inactive|Orichalcum25 has 30 seconds left.
|
|t:|1757720441
|move|p2a: Whimsicott|Moonblast|p1b: Dargon
|-supereffective|p1b: Dargon
|-damage|p1b: Dargon|65/100
|move|p1b: Dargon|Tailwind|p1b: Dargon
|-sidestart|p1: Orichalcum25|move: Tailwind
|move|p1a: Schmoney|Make It Rain|p2a: Whimsicott|[spread] p2a,p2b
|-supereffective|p2a: Whimsicott
|-crit|p2a: Whimsicott
|-damage|p2a: Whimsicott|0 fnt
|-damage|p2b: Primarina|61/100
|-unboost|p1a: Schmoney|spa|1
|faint|p2a: Whimsicott
|-damage|p1a: Schmoney|22/100|[from] item: Life Orb
|move|p2b: Primarina|Hyper Voice|p1b: Dargon|[spread] p1a,p1b
|-resisted|p1b: Dargon
|-damage|p1a: Schmoney|0 fnt
|-damage|p1b: Dargon|45/100
|faint|p1a: Schmoney
|-enditem|p2b: Primarina|Throat Spray
|-boost|p2b: Primarina|spa|1|[from] item: Throat Spray
|
|upkeep
|
|t:|1757720461
|switch|p2a: Rillaboom|Rillaboom, L50, M, shiny|100/100
|switch|p1a: Gambling|Sneasler, L50, M|100/100
|-fieldstart|move: Grassy Terrain|[from] ability: Grassy Surge|[of] p2a: Rillaboom
|turn|3
|inactive|Orichalcum25 has 30 seconds left.
|
|t:|1757720495
|-terastallize|p2b: Primarina|Steel
|move|p1b: Dargon|Scale Shot|p2a: Rillaboom
|-damage|p2a: Rillaboom|87/100
|-damage|p2a: Rillaboom|73/100
|-damage|p2a: Rillaboom|58/100
|-damage|p2a: Rillaboom|44/100
|-damage|p2a: Rillaboom|31/100
|-hitcount|p2a: Rillaboom|5
|-unboost|p1b: Dargon|def|1
|-boost|p1b: Dargon|spe|1
|move|p1a: Gambling|Dire Claw|p2b: Primarina
|-immune|p2b: Primarina
|move|p2a: Rillaboom|High Horsepower|p1a: Gambling
|-supereffective|p1a: Gambling
|-crit|p1a: Gambling
|-enditem|p1a: Gambling|Focus Sash
|-damage|p1a: Gambling|1/100
|move|p2b: Primarina|Moonblast|p1b: Dargon
|-supereffective|p1b: Dargon
|-damage|p1b: Dargon|0 fnt
|faint|p1b: Dargon
|
|-heal|p1a: Gambling|7/100|[from] Grassy Terrain
|-heal|p2a: Rillaboom|37/100|[from] Grassy Terrain
|-heal|p2b: Primarina|67/100|[from] Grassy Terrain
|upkeep
|
|t:|1757720517
|switch|p1b: Vine Boom|Rillaboom, L50, F|100/100
|turn|4
|
|t:|1757720541
|move|p1b: Vine Boom|Fake Out|p2b: Primarina
|-resisted|p2b: Primarina
|-crit|p2b: Primarina
|-damage|p2b: Primarina|56/100
|move|p2a: Rillaboom|Grassy Glide|p1a: Gambling
|-resisted|p1a: Gambling
|-damage|p1a: Gambling|0 fnt
|faint|p1a: Gambling
|cant|p2b: Primarina|flinch
|
|-heal|p2a: Rillaboom|43/100|[from] Grassy Terrain
|-heal|p2b: Primarina|62/100|[from] Grassy Terrain
|-sideend|p2: Clementine1997|move: Tailwind
|upkeep
|turn|5
|
|t:|1757720558
|move|p1b: Vine Boom|High Horsepower|p2b: Primarina
|-supereffective|p2b: Primarina
|-damage|p2b: Primarina|0 fnt
|faint|p2b: Primarina
|move|p2a: Rillaboom|U-turn|p1b: Vine Boom
|-supereffective|p1b: Vine Boom
|-damage|p1b: Vine Boom|55/100
|
|-heal|p1b: Vine Boom|61/100|[from] Grassy Terrain
|-heal|p2a: Rillaboom|48/100|[from] Grassy Terrain
|-sideend|p1: Orichalcum25|move: Tailwind
|upkeep
|turn|6
|
|t:|1757720574
|move|p1b: Vine Boom|High Horsepower|p2a: Rillaboom
|-resisted|p2a: Rillaboom
|-damage|p2a: Rillaboom|34/100
|move|p2a: Rillaboom|U-turn|p1b: Vine Boom
|-supereffective|p1b: Vine Boom
|-damage|p1b: Vine Boom|16/100
|
|-heal|p1b: Vine Boom|22/100|[from] Grassy Terrain
|-heal|p2a: Rillaboom|40/100|[from] Grassy Terrain
|upkeep
|turn|7
|
|t:|1757720586
|move|p1b: Vine Boom|Wood Hammer|p2a: Rillaboom
|-resisted|p2a: Rillaboom
|-damage|p2a: Rillaboom|4/100
|-damage|p1b: Vine Boom|11/100|[from] Recoil
|move|p2a: Rillaboom|U-turn|p1b: Vine Boom
|-supereffective|p1b: Vine Boom
|-damage|p1b: Vine Boom|0 fnt
|faint|p1b: Vine Boom
|
|win|Clementine1997
|raw|Orichalcum25's rating: 1000 → 1000(+0 for losing)
|raw|Clementine1997's rating: 1073 → 1096(+23 for winning)
|l|☆Clementine1997
|player|p2|
