|j|☆Greenwl
|j|☆AN555GEL
|html|GreenwlAN555GEL    
|uhtml|bestof|Game 1 of a best-of-3
|t:|1756247707
|gametype|doubles
|player|p1|Greenwl|1|1046
|player|p2|AN555GEL|170|1174
|gen|9
|tier|[Gen 9] VGC 2025 Reg H (Bo3)
|rated|
|rule|Species Clause: Limit one of each Pokémon
|rule|Item Clause: Limit 1 of each item
|clearpoke
|poke|p1|Farigiraf, L50, M|
|poke|p1|Rillaboom, L50, M|
|poke|p1|Ursaluna-Bloodmoon, L50, M|
|poke|p1|Dragapult, L50, M|
|poke|p1|Annihilape, L50, M|
|poke|p1|Amoonguss, L50, M|
|poke|p2|Archaludon, L50, M|
|poke|p2|Basculegion, L50, M|
|poke|p2|Pelipper, L50, M|
|poke|p2|Incineroar, L50, M|
|poke|p2|Clefable, L50, M|
|poke|p2|Gholdengo, L50|
|teampreview|4
|showteam|p1|Farigiraf||GrassySeed|ArmorTail|TrickRoom,Protect,HelpingHand,TwinBeam|||M|||50|,,,,,Water]Rillaboom||AssaultVest|GrassySurge|FakeOut,Uturn,WoodHammer,GrassyGlide|||M|||50|,,,,,Poison]Ursaluna-Bloodmoon||LifeOrb|MindsEye|Protect,BloodMoon,HyperVoice,EarthPower|||M|||50|,,,,,Normal]Dragapult||ChoiceBand|Infiltrator|TeraBlast,PhantomForce,DragonDarts,Uturn|||M|||50|,,,,,Ghost]Annihilape||ChoiceScarf|VitalSpirit|CloseCombat,ShadowClaw,Uturn,FinalGambit|||M|||50|,,,,,Fire]Amoonguss||SitrusBerry|Regenerator|Protect,Spore,RagePowder,SludgeBomb|||M|||50|,,,,,Water
|showteam|p2|Archaludon||AssaultVest|Stamina|ElectroShot,BodyPress,DragonPulse,Snarl|||M|||50|,,,,,Grass]Basculegion||ChoiceBand|SwiftSwim|AquaJet,WaveCrash,FlipTurn,LastRespects|||M|||50|,,,,,Water]Pelipper||FocusSash|Drizzle|WeatherBall,Hurricane,Tailwind,Protect|||M|||50|,,,,,Ghost]Incineroar||SitrusBerry|Intimidate|FakeOut,KnockOff,Taunt,PartingShot|||M|||50|,,,,,Ghost]Clefable||SafetyGoggles|Unaware|Moonblast,FollowMe,Protect,LifeDew|||M|||50|,,,,,Water]Gholdengo||LifeOrb|GoodasGold|MakeItRain,NastyPlot,ShadowBall,Protect||||||50|,,,,,Water
|
|t:|1756247758
|teamsize|p1|4
|teamsize|p2|4
|start
|switch|p1a: Annihilape|Annihilape, L50, M|100/100
|switch|p1b: Rillaboom|Rillaboom, L50, M|100/100
|switch|p2a: Pelipper|Pelipper, L50, M, shiny|100/100
|switch|p2b: Basculegion|Basculegion, L50, M|100/100
|-weather|RainDance|[from] ability: Drizzle|[of] p2a: Pelipper
|-fieldstart|move: Grassy Terrain|[from] ability: Grassy Surge|[of] p1b: Rillaboom
|turn|1
|inactive|Battle timer is ON: inactive players will automatically lose when time's up. (requested by Greenwl)
|inactive|Greenwl has 60 seconds left.
|inactive|AN555GEL has 60 seconds left.
|
|t:|1756247790
|-terastallize|p1b: Rillaboom|Poison
|move|p2a: Pelipper|Protect|p2a: Pelipper
|-singleturn|p2a: Pelipper|Protect
|move|p1b: Rillaboom|Grassy Glide|p2b: Basculegion
|-supereffective|p2b: Basculegion
|-damage|p2b: Basculegion|10/100
|move|p2b: Basculegion|Flip Turn|p1a: Annihilape
|-damage|p1a: Annihilape|28/100
|
|t:|1756247799
|switch|p2b: Archaludon|Archaludon, L50, M|100/100|[from] Flip Turn
|move|p1a: Annihilape|U-turn|p2a: Pelipper
|-activate|p2a: Pelipper|move: Protect
|
|-weather|RainDance|[upkeep]
|-heal|p1a: Annihilape|34/100|[from] Grassy Terrain
|upkeep
|turn|2
|
|t:|1756247812
|switch|p1a: Dragapult|Dragapult, L50, M|100/100
|switch|p2a: Clefable|Clefable, L50, M|100/100
|move|p2b: Archaludon|Electro Shot||[still]
|-prepare|p2b: Archaludon|Electro Shot
|-boost|p2b: Archaludon|spa|1
|-anim|p2b: Archaludon|Electro Shot|p1b: Rillaboom
|-damage|p1b: Rillaboom|53/100
|move|p1b: Rillaboom|Wood Hammer|p2a: Clefable
|-damage|p2a: Clefable|32/100
|-damage|p1b: Rillaboom|30/100|[from] Recoil
|
|-weather|RainDance|[upkeep]
|-heal|p1b: Rillaboom|36/100|[from] Grassy Terrain
|-heal|p2a: Clefable|38/100|[from] Grassy Terrain
|upkeep
|turn|3
|
|t:|1756247833
|move|p1b: Rillaboom|Grassy Glide|p2a: Clefable
|-damage|p2a: Clefable|5/100
|move|p1a: Dragapult|U-turn|p2a: Clefable
|-resisted|p2a: Clefable
|-damage|p2a: Clefable|0 fnt
|faint|p2a: Clefable
|
|t:|1756247840
|switch|p1a: Annihilape|Annihilape, L50, M|34/100|[from] U-turn
|move|p2b: Archaludon|Electro Shot||[still]
|-prepare|p2b: Archaludon|Electro Shot
|-boost|p2b: Archaludon|spa|1
|-anim|p2b: Archaludon|Electro Shot|p1b: Rillaboom
|-damage|p1b: Rillaboom|0 fnt
|faint|p1b: Rillaboom
|
|-weather|RainDance|[upkeep]
|-heal|p1a: Annihilape|40/100|[from] Grassy Terrain
|upkeep
|
|t:|1756247851
|switch|p1b: Dragapult|Dragapult, L50, M|100/100
|switch|p2a: Basculegion|Basculegion, L50, M|10/100
|turn|4
|
|t:|1756247876
|switch|p1b: Ursaluna|Ursaluna-Bloodmoon, L50, M|100/100
|move|p2a: Basculegion|Flip Turn|p1a: Annihilape
|-damage|p1a: Annihilape|0 fnt
|faint|p1a: Annihilape
|
|t:|1756247881
|switch|p2a: Pelipper|Pelipper, L50, M, shiny|100/100|[from] Flip Turn
|move|p2b: Archaludon|Dragon Pulse|p1b: Ursaluna
|-crit|p1b: Ursaluna
|-damage|p1b: Ursaluna|0 fnt
|faint|p1b: Ursaluna
|
|-weather|RainDance|[upkeep]
|upkeep
|
|t:|1756247884
|switch|p1b: Dragapult|Dragapult, L50, M|100/100
|turn|5
|-message|Greenwl forfeited.
|
|win|AN555GEL
||Greenwl is ready for game 2.
||AN555GEL is ready for game 2.
|uhtml|next|Next: Game 2 of 3
