|j|☆Taiyoa
|j|☆Bunny+X goaty
|html|TaiyoaBunny+X goaty    
|uhtml|bestof|Game 1 of a best-of-3
|t:|1785176284
|gametype|doubles
|player|p1|Taiyoa|2|
|player|p2|Bunny+X goaty|dawn|
|gen|9
|tier|[Gen 9 Champions] VGC 2026 Reg M-B (Bo3)
|rule|Species Clause: Limit one of each Pokémon
|rule|Item Clause: Limit 1 of each item
|clearpoke
|poke|p1|Ampharos, L50, F|
|poke|p1|Scrafty, L50, M|
|poke|p1|Hatterene, L50, F, shiny|
|poke|p1|Farigiraf, L50, M, shiny|
|poke|p1|Crabominable, L50, M|
|poke|p1|Kingambit, L50, M, shiny|
|poke|p2|Ampharos, L50, M|
|poke|p2|Slowking-Galar, L50, M|
|poke|p2|Ninetales-Alola, L50, M|
|poke|p2|Incineroar, L50, F|
|poke|p2|Jolteon, L50, M|
|poke|p2|Whimsicott, L50, M|
|teampreview|4
|showteam|p1|Ampharos||Ampharosite|Static|DragonPulse,Protect,VoltSwitch,Discharge|Quiet||F|||50|]Scrafty||RoseliBerry|Intimidate|FakeOut,SwordsDance,CloseCombat,KnockOff|Sassy||M|||50|]Hatterene||SitrusBerry|MagicBounce|TrickRoom,Protect,Psychic,DazzlingGleam|Relaxed||F|||50|]Farigiraf||MentalHerb|ArmorTail|TrickRoom,HelpingHand,GrassKnot,LightScreen|Bold||M|||50|]Crabominable||Crabominite|HyperCutter|DrainPunch,IcePunch,MachPunch,CloseCombat|Brave||M|||50|]Kingambit||FocusSash|Defiant|IronHead,SuckerPunch,Protect,KowtowCleave|Brave||M|||50|
|showteam|p2|Ampharos||Ampharosite|Static|Discharge,DragonPulse,VoltSwitch,Protect|Timid||M|||50|]Slowking-Galar||SitrusBerry|Regenerator|TrickRoom,SludgeBomb,ChillyReception,Disable|Sassy||M|||50|]Ninetales-Alola||FocusSash|SnowWarning|AuroraVeil,DazzlingGleam,Encore,Protect|Timid||M|||50|]Incineroar||ChopleBerry|Intimidate|FlareBlitz,PartingShot,FakeOut,CloseCombat|Adamant||F|||50|]Jolteon||ShucaBerry|VoltAbsorb|Discharge,VoltSwitch,Electroweb,Detect|Timid||M|||50|]Whimsicott||MiracleSeed|Prankster|Tailwind,GrassKnot,Protect,Moonblast|Modest||M|||50|
|inactive|Battle timer is ON: inactive players will automatically lose when time's up. (requested by Taiyoa)
|inactive|Taiyoa has 60 seconds left.
|
|t:|1785176333
|teamsize|p1|4
|teamsize|p2|4
|start
|switch|p1a: Farigiraf|Farigiraf, L50, M, shiny|100/100
|switch|p1b: Hatterene|Hatterene, L50, F, shiny|100/100
|switch|p2a: Incineroar|Incineroar, L50, F|100/100
|switch|p2b: Slowking|Slowking-Galar, L50, M|100/100
|-ability|p2a: Incineroar|Intimidate|boost
|-unboost|p1a: Farigiraf|atk|1
|-unboost|p1b: Hatterene|atk|1
|turn|1
|inactive|Bunny+X goaty has 30 seconds left.
|
|t:|1785176359
|move|p2a: Incineroar|Parting Shot|p1b: Hatterene
|move|p1b: Hatterene|Parting Shot|p2a: Incineroar|[from] ability: Magic Bounce
|-unboost|p2a: Incineroar|atk|1
|-unboost|p2a: Incineroar|spa|1
|
|t:|1785176374
|switch|p1b: Crabominable|Crabominable, L50, M|100/100|[from] Parting Shot
|move|p2b: Slowking|Disable||[still]
|-fail|p2b: Slowking
|move|p1a: Farigiraf|Trick Room|p1a: Farigiraf
|-fieldstart|move: Trick Room|[of] p1a: Farigiraf
|
|upkeep
|turn|2
|inactive|Taiyoa has 30 seconds left.
|
|t:|1785176401
|switch|p1b: Hatterene|Hatterene, L50, F, shiny|100/100
|move|p2b: Slowking|Sludge Bomb|p1b: Hatterene
|-supereffective|p1b: Hatterene|1
|-damage|p1b: Hatterene|30/100
|-status|p1b: Hatterene|psn
|-enditem|p1b: Hatterene|Sitrus Berry|[eat]
|-heal|p1b: Hatterene|55/100 psn|[from] item: Sitrus Berry
|move|p1a: Farigiraf|Light Screen|p1a: Farigiraf
|-sidestart|p1: Taiyoa|move: Light Screen
|move|p2a: Incineroar|Flare Blitz|p1b: Hatterene
|-damage|p1b: Hatterene|20/100y psn
|-damage|p2a: Incineroar|90/100|[from] Recoil
|
|-damage|p1b: Hatterene|8/100 psn|[from] psn
|upkeep
|turn|3
|
|t:|1785176422
|move|p1a: Farigiraf|Helping Hand|p1b: Hatterene
|-singleturn|p1b: Hatterene|Helping Hand|[of] p1a: Farigiraf
|move|p1b: Hatterene|Psychic|p2b: Slowking
|-damage|p2b: Slowking|56/100
|-prepare|p2b: Slowking|Chilly Reception|[premajor]
|move|p2b: Slowking|Chilly Reception|p2b: Slowking
|-weather|Snowscape
|
|t:|1785176431
|-heal|p2b: Slowking|90/100|[from] ability: Regenerator|[silent]
|switch|p2b: Ampharos|Ampharos, L50, M|100/100|[from] Chilly Reception
|move|p2a: Incineroar|Parting Shot|p1a: Farigiraf
|-unboost|p1a: Farigiraf|atk|1
|-unboost|p1a: Farigiraf|spa|1
|
|t:|1785176438
|switch|p2a: Slowking|Slowking-Galar, L50, M|90/100|[from] Parting Shot
|
|-weather|Snowscape|[upkeep]
|-damage|p1b: Hatterene|0 fnt|[from] psn
|faint|p1b: Hatterene
|upkeep
|
|t:|1785176442
|switch|p1b: Crabominable|Crabominable, L50, M|100/100
|turn|4
|
|t:|1785176467
|detailschange|p1b: Crabominable|Crabominable-Mega, L50, M
|-mega|p1b: Crabominable|Crabominable|Crabominite
|move|p1a: Farigiraf|Helping Hand|p1b: Crabominable
|-singleturn|p1b: Crabominable|Helping Hand|[of] p1a: Farigiraf
|move|p2b: Ampharos|Protect|p2b: Ampharos
|-singleturn|p2b: Ampharos|Protect
|-prepare|p2a: Slowking|Chilly Reception|[premajor]
|move|p2a: Slowking|Chilly Reception|p2a: Slowking
|
|t:|1785176474
|-heal|p2a: Slowking|100/100|[from] ability: Regenerator|[silent]
|switch|p2a: Incineroar|Incineroar, L50, F|90/100|[from] Chilly Reception
|-ability|p2a: Incineroar|Intimidate|boost
|-unboost|p1a: Farigiraf|atk|1
|-unboost|p1b: Crabominable|atk|1
|move|p1b: Crabominable|Ice Punch|p2a: Incineroar
|-resisted|p2a: Incineroar|1
|-damage|p2a: Incineroar|66/100
|
|-weather|Snowscape|[upkeep]
|upkeep
|turn|5
|inactive|Bunny+X goaty has 30 seconds left.
|
|t:|1785176503
|switch|p1a: Kingambit|Kingambit, L50, M, shiny|100/100
|detailschange|p2b: Ampharos|Ampharos-Mega, L50, M
|-mega|p2b: Ampharos|Ampharos|Ampharosite
|-ability|p2b: Ampharos|Mold Breaker
|move|p1b: Crabominable|Ice Punch|p2b: Ampharos
|-supereffective|p2b: Ampharos|1
|-crit|p2b: Ampharos
|-damage|p2b: Ampharos|0 fnt
|faint|p2b: Ampharos
|move|p2a: Incineroar|Flare Blitz|p1b: Crabominable
|-supereffective|p1b: Crabominable|1
|-damage|p1b: Crabominable|38/100
|-damage|p2a: Incineroar|45/100|[from] Recoil
|
|-weather|Snowscape|[upkeep]
|-fieldend|move: Trick Room
|upkeep
|
|t:|1785176514
|switch|p2b: Ninetales|Ninetales-Alola, L50, M|100/100
|turn|6
|
|t:|1785176520
|switch|p1b: Farigiraf|Farigiraf, L50, M, shiny|100/100
|move|p2b: Ninetales|Dazzling Gleam|p1b: Farigiraf|[spread] p1a,p1b
|-damage|p1a: Kingambit|88/100
|-damage|p1b: Farigiraf|88/100
|move|p2a: Incineroar|Flare Blitz|p1a: Kingambit
|-supereffective|p1a: Kingambit|1
|-damage|p1a: Kingambit|1/100
|-damage|p2a: Incineroar|17/100|[from] Recoil
|move|p1a: Kingambit|Iron Head|p2b: Ninetales
|-supereffective|p2b: Ninetales|2
|-enditem|p2b: Ninetales|Focus Sash
|-damage|p2b: Ninetales|1/100
|
|-weather|Snowscape|[upkeep]
|-sideend|p1: Taiyoa|move: Light Screen
|upkeep
|turn|7
|inactive|Bunny+X goaty has 30 seconds left.
|inactive|Bunny+X goaty has 20 seconds left.
|inactive|Bunny+X goaty has 15 seconds left.
|
|t:|1785176562
|move|p2b: Ninetales|Protect|p2b: Ninetales
|-singleturn|p2b: Ninetales|Protect
|move|p1a: Kingambit|Sucker Punch||[still]
|-fail|p1a: Kingambit
|move|p2a: Incineroar|Flare Blitz|p1a: Kingambit
|-supereffective|p1a: Kingambit|1
|-damage|p1a: Kingambit|0 fnt
|faint|p1a: Kingambit
|-damage|p2a: Incineroar|16/100|[from] Recoil
|move|p1b: Farigiraf|Trick Room|p1b: Farigiraf
|-fieldstart|move: Trick Room|[of] p1b: Farigiraf
|
|-weather|none
|upkeep
|
|t:|1785176569
|switch|p1a: Crabominable|Crabominable-Mega, L50, M|38/100
|turn|8
|
|t:|1785176577
|move|p1a: Crabominable|Mach Punch|p2a: Incineroar
|-supereffective|p2a: Incineroar|1
|-enditem|p2a: Incineroar|Chople Berry|[eat]
|-enditem|p2a: Incineroar|Chople Berry|[weaken]
|-damage|p2a: Incineroar|0 fnt
|faint|p2a: Incineroar
|move|p1b: Farigiraf|Grass Knot|p2b: Ninetales
|-damage|p2b: Ninetales|0 fnt
|faint|p2b: Ninetales
|
|upkeep
|
|t:|1785176584
|switch|p2a: Slowking|Slowking-Galar, L50, M|100/100
|turn|9
|
|t:|1785176604
|move|p1b: Farigiraf|Helping Hand|p1a: Crabominable
|-singleturn|p1a: Crabominable|Helping Hand|[of] p1b: Farigiraf
|move|p2a: Slowking|Sludge Bomb|p1a: Crabominable
|-damage|p1a: Crabominable|11/100
|move|p1a: Crabominable|Ice Punch|p2a: Slowking
|-damage|p2a: Slowking|17/100
|-enditem|p2a: Slowking|Sitrus Berry|[eat]
|-heal|p2a: Slowking|42/100|[from] item: Sitrus Berry
|
|upkeep
|turn|10
|
|t:|1785176618
|move|p1a: Crabominable|Mach Punch|p2a: Slowking
|-resisted|p2a: Slowking|2
|-damage|p2a: Slowking|35/100
|move|p2a: Slowking|Sludge Bomb|p1a: Crabominable
|-damage|p1a: Crabominable|0 fnt
|faint|p1a: Crabominable
|move|p1b: Farigiraf|Grass Knot|p2a: Slowking
|-resisted|p2a: Slowking|1
|-damage|p2a: Slowking|29/100
|
|upkeep
|turn|11
|
|t:|1785176631
|move|p2a: Slowking|Sludge Bomb|p1b: Farigiraf
|-damage|p1b: Farigiraf|53/100
|move|p1b: Farigiraf|Light Screen|p1b: Farigiraf
|-sidestart|p1: Taiyoa|move: Light Screen
|
|-fieldend|move: Trick Room
|upkeep
|turn|12
|
|t:|1785176636
|move|p1b: Farigiraf|Grass Knot|p2a: Slowking
|-resisted|p2a: Slowking|1
|-crit|p2a: Slowking
|-damage|p2a: Slowking|18/100
|move|p2a: Slowking|Sludge Bomb|p1b: Farigiraf
|-damage|p1b: Farigiraf|33/100
|
|upkeep
|turn|13
|
|t:|1785176643
|move|p1b: Farigiraf|Grass Knot|p2a: Slowking
|-resisted|p2a: Slowking|1
|-damage|p2a: Slowking|11/100
|move|p2a: Slowking|Sludge Bomb|p1b: Farigiraf
|-damage|p1b: Farigiraf|11/100
|
|upkeep
|turn|14
|
|t:|1785176650
|move|p1b: Farigiraf|Grass Knot|p2a: Slowking
|-resisted|p2a: Slowking|1
|-damage|p2a: Slowking|5/100
|move|p2a: Slowking|Sludge Bomb|p1b: Farigiraf
|-damage|p1b: Farigiraf|0 fnt
|faint|p1b: Farigiraf
|
|win|Bunny+X goaty
||Taiyoa is ready for game 2.
||Bunny+X goaty is ready for game 2.
|uhtml|next|Next: Game 2 of 3
|j| tedidn
