|j|☆natsukivgc
|j|☆jotikun
|html|natsukivgcjotikun    
|uhtml|bestof|Game 3 of a best-of-3
|t:|1786021312
|gametype|doubles
|player|p1|natsukivgc|101|
|player|p2|jotikun|depotagent|
|gen|9
|tier|[Gen 9 Champions] VGC 2026 Reg M-B (Bo3)
|rule|Species Clause: Limit one of each Pokémon
|rule|Item Clause: Limit 1 of each item
|clearpoke
|poke|p1|Hydreigon, L50, M|
|poke|p1|Garchomp, L50, M|
|poke|p1|Metagross, L50|
|poke|p1|Charizard, L50, F|
|poke|p1|Grimmsnarl, L50, M|
|poke|p1|Toxapex, L50, M|
|poke|p2|Gengar, L50, M|
|poke|p2|Archaludon, L50, F|
|poke|p2|Politoed, L50, M|
|poke|p2|Sinistcha-Masterpiece, L50|
|poke|p2|Incineroar, L50, F|
|poke|p2|Froslass, L50, F|
|teampreview|4
|showteam|p1|Hydreigon||ChoiceScarf|Levitate|HeatWave,DarkPulse,DracoMeteor,Snarl|Modest||M|||50|]Garchomp||SitrusBerry|RoughSkin|Earthquake,RockSlide,DragonClaw,Protect|Adamant||M|||50|]Metagross||Metagrossite|ClearBody|IronHead,HammerArm,BulletPunch,Protect|Adamant|||||50|]Charizard||CharizarditeY|Blaze|Protect,HeatWave,SolarBeam,WeatherBall|Timid||F|||50|]Grimmsnarl||RoseliBerry|Prankster|FakeOut,FoulPlay,Reflect,PartingShot|Sassy||M|||50|]Toxapex||Leftovers|Regenerator|Infestation,Toxic,BanefulBunker,WideGuard|Bold||M|||50|
|showteam|p2|Gengar||Gengarite|CursedBody|ShadowBall,SludgeBomb,PerishSong,Protect|Timid||M|||50|]Archaludon||Leftovers|Stamina|ElectroShot,DragonPulse,FlashCannon,Protect|Modest||F|||50|]Politoed||SitrusBerry|Drizzle|WeatherBall,Encore,PerishSong,Protect|Calm||M|||50|]Sinistcha-Masterpiece||ColburBerry|Hospitality|MatchaGotcha,LifeDew,RagePowder,Protect|Calm|||||50|]Incineroar||ChopleBerry|Intimidate|ThroatChop,FakeOut,PartingShot,Protect|Careful||F|||50|]Froslass||Froslassite|CursedBody|Blizzard,AuroraVeil,RainDance,Protect|Timid||F|||50|
|
|t:|1786021346
|teamsize|p1|4
|teamsize|p2|4
|start
|switch|p1a: Grimmsnarl|Grimmsnarl, L50, M|100/100
|switch|p1b: Hydreigon|Hydreigon, L50, M|100/100
|switch|p2a: Archaludon|Archaludon, L50, F|100/100
|switch|p2b: Froslass|Froslass, L50, F|100/100
|turn|1
|
|t:|1786021373
|move|p2b: Froslass|Protect|p2b: Froslass
|-singleturn|p2b: Froslass|Protect
|move|p2a: Archaludon|Protect|p2a: Archaludon
|-singleturn|p2a: Archaludon|Protect
|move|p1a: Grimmsnarl|Fake Out|p2a: Archaludon
|-activate|p2a: Archaludon|move: Protect
|move|p1b: Hydreigon|Snarl|p2b: Froslass|[spread] 
|-activate|p2a: Archaludon|move: Protect
|-activate|p2b: Froslass|move: Protect
|
|upkeep
|turn|2
|
|t:|1786021474
|detailschange|p2b: Froslass|Froslass-Mega, L50, F
|-mega|p2b: Froslass|Froslass|Froslassite
|-weather|Snowscape|[from] ability: Snow Warning|[of] p2b: Froslass
|move|p1b: Hydreigon|Snarl|p2a: Archaludon|[spread] p2b
|-miss|p1b: Hydreigon|p2a: Archaludon
|-supereffective|p2b: Froslass|1
|-damage|p2b: Froslass|57/100
|-unboost|p2b: Froslass|spa|1
|move|p2b: Froslass|Aurora Veil|p2b: Froslass
|-sidestart|p2: jotikun|move: Aurora Veil
|move|p2a: Archaludon|Dragon Pulse|p1b: Hydreigon
|-supereffective|p1b: Hydreigon|1
|-damage|p1b: Hydreigon|13/100
|move|p1a: Grimmsnarl|Foul Play|p2b: Froslass
|-supereffective|p2b: Froslass|1
|-damage|p2b: Froslass|25/100
|
|-weather|Snowscape|[upkeep]
|upkeep
|turn|3
|
|t:|1786021527
|switch|p1b: Toxapex|Toxapex, L50, M|100/100
|move|p2b: Froslass|Protect|p2b: Froslass
|-singleturn|p2b: Froslass|Protect
|move|p2a: Archaludon|Dragon Pulse|p1b: Toxapex
|-damage|p1b: Toxapex|72/100
|move|p1a: Grimmsnarl|Foul Play|p2b: Froslass
|-activate|p2b: Froslass|move: Protect
|
|-weather|Snowscape|[upkeep]
|-heal|p1b: Toxapex|78/100|[from] item: Leftovers
|upkeep
|turn|4
|
|t:|1786021569
|switch|p2b: Politoed|Politoed, L50, M|100/100
|-weather|RainDance|[from] ability: Drizzle|[of] p2b: Politoed
|move|p1b: Toxapex|Baneful Bunker|p1b: Toxapex
|-singleturn|p1b: Toxapex|move: Protect
|move|p1a: Grimmsnarl|Parting Shot|p2a: Archaludon
|-unboost|p2a: Archaludon|atk|1
|-unboost|p2a: Archaludon|spa|1
|
|t:|1786021580
|switch|p1a: Charizard|Charizard, L50, F|100/100|[from] Parting Shot
|move|p2a: Archaludon|Electro Shot||[still]
|-prepare|p2a: Archaludon|Electro Shot
|-boost|p2a: Archaludon|spa|1
|-anim|p2a: Archaludon|Electro Shot|p1b: Toxapex
|-activate|p1b: Toxapex|move: Protect
|
|-weather|RainDance|[upkeep]
|-heal|p1b: Toxapex|84/100|[from] item: Leftovers
|upkeep
|turn|5
|
|t:|1786021607
|switch|p2b: Incineroar|Incineroar, L50, F|100/100
|-ability|p2b: Incineroar|Intimidate|boost
|-unboost|p1a: Charizard|atk|1
|-unboost|p1b: Toxapex|atk|1
|detailschange|p1a: Charizard|Charizard-Mega-Y, L50, F
|-mega|p1a: Charizard|Charizard|Charizardite Y
|-weather|SunnyDay|[from] ability: Drought|[of] p1a: Charizard
|move|p2a: Archaludon|Protect|p2a: Archaludon
|-singleturn|p2a: Archaludon|Protect
|move|p1a: Charizard|Weather Ball|p2a: Archaludon
|-activate|p2a: Archaludon|move: Protect
|move|p1b: Toxapex|Toxic|p2b: Incineroar
|-status|p2b: Incineroar|tox
|
|-weather|SunnyDay|[upkeep]
|-heal|p1b: Toxapex|89/100|[from] item: Leftovers
|-damage|p2b: Incineroar|94/100 tox|[from] psn
|upkeep
|turn|6
|
|t:|1786021669
|switch|p1a: Grimmsnarl|Grimmsnarl, L50, M|100/100
|move|p2b: Incineroar|Fake Out|p1a: Grimmsnarl
|-damage|p1a: Grimmsnarl|89/100
|move|p2a: Archaludon|Dragon Pulse|p1b: Toxapex
|-damage|p1b: Toxapex|60/100
|move|p1b: Toxapex|Infestation|p2b: Incineroar
|-damage|p2b: Incineroar|92/100 tox
|-activate|p2b: Incineroar|move: Infestation|[of] p1b: Toxapex
|
|-weather|SunnyDay|[upkeep]
|-heal|p1b: Toxapex|66/100|[from] item: Leftovers
|-damage|p2b: Incineroar|80/100 tox|[from] psn
|-damage|p2b: Incineroar|68/100 tox|[from] move: Infestation|[partiallytrapped]
|-sideend|p2: jotikun|move: Aurora Veil
|upkeep
|turn|7
|
|t:|1786021723
|move|p2a: Archaludon|Protect|p2a: Archaludon
|-singleturn|p2a: Archaludon|Protect
|move|p1a: Grimmsnarl|Fake Out|p2a: Archaludon
|-activate|p2a: Archaludon|move: Protect
|move|p2b: Incineroar|Parting Shot|p1a: Grimmsnarl
|-unboost|p1a: Grimmsnarl|atk|1
|-unboost|p1a: Grimmsnarl|spa|1
|
|t:|1786021731
|switch|p2b: Froslass|Froslass-Mega, L50, F|25/100|[from] Parting Shot
|-weather|Snowscape|[from] ability: Snow Warning|[of] p2b: Froslass
|move|p1b: Toxapex|Infestation|p2a: Archaludon
|-activate|p2a: Archaludon|move: Protect
|
|-weather|Snowscape|[upkeep]
|-heal|p1b: Toxapex|71/100|[from] item: Leftovers
|upkeep
|turn|8
|
|t:|1786021794
|move|p1b: Toxapex|Baneful Bunker|p1b: Toxapex
|-singleturn|p1b: Toxapex|move: Protect
|move|p2b: Froslass|Rain Dance|p2b: Froslass
|-weather|RainDance
|move|p2a: Archaludon|Electro Shot||[still]
|-prepare|p2a: Archaludon|Electro Shot
|-boost|p2a: Archaludon|spa|1
|-anim|p2a: Archaludon|Electro Shot|p1a: Grimmsnarl
|-damage|p1a: Grimmsnarl|29/100
|move|p1a: Grimmsnarl|Foul Play|p2b: Froslass
|-supereffective|p2b: Froslass|1
|-damage|p2b: Froslass|0 fnt
|faint|p2b: Froslass
|
|-weather|RainDance|[upkeep]
|-heal|p1b: Toxapex|77/100|[from] item: Leftovers
|upkeep
|
|t:|1786021808
|switch|p2b: Incineroar|Incineroar, L50, F|68/100 tox
|-ability|p2b: Incineroar|Intimidate|boost
|-unboost|p1a: Grimmsnarl|atk|1
|-unboost|p1b: Toxapex|atk|1
|turn|9
|
|t:|1786021836
|switch|p1a: Charizard|Charizard-Mega-Y, L50, F|100/100
|-weather|SunnyDay|[from] ability: Drought|[of] p1a: Charizard
|move|p2b: Incineroar|Fake Out|p1a: Charizard
|-damage|p1a: Charizard|87/100
|move|p2a: Archaludon|Dragon Pulse|p1b: Toxapex
|-damage|p1b: Toxapex|35/100
|move|p1b: Toxapex|Infestation|p2b: Incineroar
|-damage|p2b: Incineroar|65/100 tox
|-activate|p2b: Incineroar|move: Infestation|[of] p1b: Toxapex
|
|-weather|SunnyDay|[upkeep]
|-heal|p1b: Toxapex|40/100|[from] item: Leftovers
|-damage|p2b: Incineroar|59/100 tox|[from] psn
|-damage|p2b: Incineroar|47/100 tox|[from] move: Infestation|[partiallytrapped]
|upkeep
|turn|10
|
|t:|1786021867
|move|p1a: Charizard|Protect|p1a: Charizard
|-singleturn|p1a: Charizard|Protect
|move|p1b: Toxapex|Baneful Bunker|p1b: Toxapex
|-singleturn|p1b: Toxapex|move: Protect
|move|p2a: Archaludon|Dragon Pulse|p1b: Toxapex
|-activate|p1b: Toxapex|move: Protect
|move|p2b: Incineroar|Parting Shot|p1a: Charizard
|-activate|p1a: Charizard|move: Protect
|
|-weather|SunnyDay|[upkeep]
|-heal|p1b: Toxapex|46/100|[from] item: Leftovers
|-damage|p2b: Incineroar|35/100 tox|[from] psn
|-damage|p2b: Incineroar|23/100 tox|[from] move: Infestation|[partiallytrapped]
|upkeep
|turn|11
|
|t:|1786021910
|switch|p1a: Hydreigon|Hydreigon, L50, M|13/100
|-heal|p1b: Toxapex|79/100|[from] ability: Regenerator|[silent]
|switch|p1b: Grimmsnarl|Grimmsnarl, L50, M|29/100
|move|p2a: Archaludon|Flash Cannon|p1b: Grimmsnarl
|-supereffective|p1b: Grimmsnarl|1
|-damage|p1b: Grimmsnarl|0 fnt
|faint|p1b: Grimmsnarl
|move|p2b: Incineroar|Parting Shot|p1a: Hydreigon
|-unboost|p1a: Hydreigon|atk|1
|-unboost|p1a: Hydreigon|spa|1
|
|t:|1786021921
|switch|p2b: Politoed|Politoed, L50, M|100/100|[from] Parting Shot
|-weather|RainDance|[from] ability: Drizzle|[of] p2b: Politoed
|
|-weather|RainDance|[upkeep]
|upkeep
|
|t:|1786021942
|switch|p1b: Charizard|Charizard-Mega-Y, L50, F|87/100
|-weather|SunnyDay|[from] ability: Drought|[of] p1b: Charizard
|turn|12
|
|t:|1786021986
|switch|p1b: Toxapex|Toxapex, L50, M|79/100
|move|p1a: Hydreigon|Snarl|p2b: Politoed|[spread] p2a,p2b
|-damage|p2a: Archaludon|87/100
|-damage|p2b: Politoed|90/100
|-unboost|p2a: Archaludon|spa|1
|-unboost|p2b: Politoed|spa|1
|-ability|p2a: Archaludon|Stamina|boost
|-boost|p2a: Archaludon|def|1
|move|p2a: Archaludon|Dragon Pulse|p1b: Toxapex
|-damage|p1b: Toxapex|49/100
|move|p2b: Politoed|Weather Ball|p1a: Hydreigon
|-resisted|p1a: Hydreigon|1
|-damage|p1a: Hydreigon|1/100
|
|-weather|SunnyDay|[upkeep]
|-heal|p2a: Archaludon|93/100|[from] item: Leftovers
|-heal|p1b: Toxapex|54/100|[from] item: Leftovers
|upkeep
|turn|13
|
|t:|1786022021
|move|p2a: Archaludon|Protect|p2a: Archaludon
|-singleturn|p2a: Archaludon|Protect
|move|p1a: Hydreigon|Snarl|p2a: Archaludon|[spread] p2b
|-activate|p2a: Archaludon|move: Protect
|-damage|p2b: Politoed|81/100
|-unboost|p2b: Politoed|spa|1
|move|p2b: Politoed|Weather Ball|p1a: Hydreigon
|-resisted|p1a: Hydreigon|1
|-damage|p1a: Hydreigon|0 fnt
|faint|p1a: Hydreigon
|move|p1b: Toxapex|Infestation|p2b: Politoed
|-damage|p2b: Politoed|79/100
|-activate|p2b: Politoed|move: Infestation|[of] p1b: Toxapex
|
|-weather|SunnyDay|[upkeep]
|-heal|p2a: Archaludon|99/100|[from] item: Leftovers
|-heal|p1b: Toxapex|60/100|[from] item: Leftovers
|-damage|p2b: Politoed|67/100|[from] move: Infestation|[partiallytrapped]
|upkeep
|
|t:|1786022036
|switch|p1a: Charizard|Charizard-Mega-Y, L50, F|87/100
|turn|14
|
|t:|1786022053
|move|p1a: Charizard|Solar Beam||[still]
|-prepare|p1a: Charizard|Solar Beam
|-anim|p1a: Charizard|Solar Beam|p2b: Politoed
|-supereffective|p2b: Politoed|1
|-damage|p2b: Politoed|7/100
|-enditem|p2b: Politoed|Sitrus Berry|[eat]
|-heal|p2b: Politoed|32/100|[from] item: Sitrus Berry
|move|p2a: Archaludon|Dragon Pulse|p1b: Toxapex
|-damage|p1b: Toxapex|31/100
|move|p2b: Politoed|Perish Song|p2b: Politoed
|-start|p1a: Charizard|perish3|[silent]
|-start|p1b: Toxapex|perish3|[silent]
|-start|p2a: Archaludon|perish3|[silent]
|-start|p2b: Politoed|perish3|[silent]
|-fieldactivate|move: Perish Song
|move|p1b: Toxapex|Infestation|p2a: Archaludon
|-resisted|p2a: Archaludon|1
|-damage|p2a: Archaludon|97/100
|-activate|p2a: Archaludon|move: Infestation|[of] p1b: Toxapex
|-ability|p2a: Archaludon|Stamina|boost
|-boost|p2a: Archaludon|def|1
|
|-weather|SunnyDay|[upkeep]
|-heal|p2a: Archaludon|100/100|[from] item: Leftovers
|-heal|p1b: Toxapex|36/100|[from] item: Leftovers
|-damage|p2a: Archaludon|87/100|[from] move: Infestation|[partiallytrapped]
|-damage|p2b: Politoed|20/100y|[from] move: Infestation|[partiallytrapped]
|-start|p1a: Charizard|perish3
|-start|p2a: Archaludon|perish3
|-start|p2b: Politoed|perish3
|-start|p1b: Toxapex|perish3
|upkeep
|turn|15
|
|t:|1786022129
|move|p2a: Archaludon|Protect|p2a: Archaludon
|-singleturn|p2a: Archaludon|Protect
|move|p2b: Politoed|Protect|p2b: Politoed
|-singleturn|p2b: Politoed|Protect
|move|p1a: Charizard|Heat Wave|p2b: Politoed|[spread] 
|-activate|p2a: Archaludon|move: Protect
|-activate|p2b: Politoed|move: Protect
|move|p1b: Toxapex|Toxic|p2b: Politoed
|-activate|p2b: Politoed|move: Protect
|
|-weather|SunnyDay|[upkeep]
|-heal|p2a: Archaludon|93/100|[from] item: Leftovers
|-heal|p1b: Toxapex|42/100|[from] item: Leftovers
|-damage|p2a: Archaludon|81/100|[from] move: Infestation|[partiallytrapped]
|-damage|p2b: Politoed|8/100|[from] move: Infestation|[partiallytrapped]
|-start|p1a: Charizard|perish2
|-start|p2a: Archaludon|perish2
|-start|p2b: Politoed|perish2
|-start|p1b: Toxapex|perish2
|upkeep
|turn|16
|
|t:|1786022156
|move|p1a: Charizard|Weather Ball|p2a: Archaludon
|-damage|p2a: Archaludon|10/100
|-ability|p2a: Archaludon|Stamina|boost
|-boost|p2a: Archaludon|def|1
|move|p2a: Archaludon|Dragon Pulse|p1a: Charizard
|-crit|p1a: Charizard
|-damage|p1a: Charizard|34/100
|move|p2b: Politoed|Weather Ball|p1a: Charizard
|-resisted|p1a: Charizard|1
|-damage|p1a: Charizard|27/100
|move|p1b: Toxapex|Toxic|p2b: Politoed
|-status|p2b: Politoed|tox
|
|-weather|none
|-heal|p2a: Archaludon|16/100|[from] item: Leftovers
|-heal|p1b: Toxapex|48/100|[from] item: Leftovers
|-damage|p2b: Politoed|2/100 tox|[from] psn
|-damage|p2a: Archaludon|4/100|[from] move: Infestation|[partiallytrapped]
|-damage|p2b: Politoed|0 fnt|[from] move: Infestation|[partiallytrapped]
|faint|p2b: Politoed
|-start|p1a: Charizard|perish1
|-start|p2a: Archaludon|perish1
|-start|p1b: Toxapex|perish1
|upkeep
|
|t:|1786022177
|switch|p2b: Incineroar|Incineroar, L50, F|23/100 tox
|-ability|p2b: Incineroar|Intimidate|boost
|-unboost|p1a: Charizard|atk|1
|-unboost|p1b: Toxapex|atk|1
|turn|17
|
|t:|1786022187
|move|p1a: Charizard|Protect|p1a: Charizard
|-singleturn|p1a: Charizard|Protect
|move|p2a: Archaludon|Protect|p2a: Archaludon
|-singleturn|p2a: Archaludon|Protect
|move|p2b: Incineroar|Protect|p2b: Incineroar
|-singleturn|p2b: Incineroar|Protect
|move|p1b: Toxapex|Baneful Bunker||[still]
|-fail|p1b: Toxapex
|
|-heal|p2a: Archaludon|10/100|[from] item: Leftovers
|-heal|p1b: Toxapex|54/100|[from] item: Leftovers
|-damage|p2b: Incineroar|17/100 tox|[from] psn
|-damage|p2a: Archaludon|0 fnt|[from] move: Infestation|[partiallytrapped]
|faint|p2a: Archaludon
|-start|p1a: Charizard|perish0
|-start|p1b: Toxapex|perish0
|faint|p1a: Charizard
|faint|p1b: Toxapex
|
|win|jotikun
