|j|☆tokerr
|j|☆spodermees
|html|tokerrspodermees    
|uhtml|bestof|Game 2 of a best-of-3
|t:|1784875448
|gametype|doubles
|player|p1|tokerr|petrel|1090
|player|p2|spodermees|sailor|1178
|gen|9
|tier|[Gen 9 Champions] VGC 2026 Reg M-B (Bo3)
|rated|
|rule|Species Clause: Limit one of each Pokémon
|rule|Item Clause: Limit 1 of each item
|clearpoke
|poke|p1|Sneasler, L50, M|
|poke|p1|Tyranitar, L50, M|
|poke|p1|Gyarados, L50, F|
|poke|p1|Farigiraf, L50, M|
|poke|p1|Blaziken, L50, M|
|poke|p1|Houndstone, L50, M|
|poke|p2|Floette-Eternal, L50, F|
|poke|p2|Sneasler, L50, M|
|poke|p2|Incineroar, L50, M|
|poke|p2|Sinistcha, L50|
|poke|p2|Delphox, L50, F|
|poke|p2|Garchomp, L50, F|
|teampreview|4
|showteam|p1|Sneasler||FocusSash|Unburden|FakeOut,DireClaw,CloseCombat,NightSlash|Adamant||M|||50|]Tyranitar||Tyranitarite|SandStream|Protect,RockSlide,KnockOff,DragonDance|Adamant||M|||50|]Gyarados||ChartiBerry|Intimidate|Protect,PowerWhip,Waterfall,Roar|Jolly||F|||50|]Farigiraf||SitrusBerry|ArmorTail|HelpingHand,Thunderbolt,TwinBeam,TrickRoom|Relaxed||M|||50|]Blaziken||LifeOrb|SpeedBoost|Detect,Overheat,CloseCombat,ThunderPunch|Lonely||M|||50|]Houndstone||ColburBerry|SandRush|Protect,WillOWisp,BodyPress,LastRespects|Impish||M|||50|
|showteam|p2|Floette-Eternal||Floettite|FlowerVeil|DazzlingGleam,DrainingKiss,Protect,CalmMind|Modest||F|||50|]Sneasler||FocusSash|PoisonTouch|FakeOut,PoisonJab,CloseCombat,Protect|Jolly||M|||50|]Incineroar||SitrusBerry|Intimidate|FakeOut,FlareBlitz,PartingShot,DarkestLariat|Careful||M|||50|]Sinistcha||Leftovers|Hospitality|MatchaGotcha,Protect,TrickRoom,RagePowder|Calm|||||50|]Delphox||Delphoxite|Blaze|HeatWave,Psyshock,NastyPlot,Protect|Modest||F|||50|]Garchomp||LifeOrb|RoughSkin|Earthquake,Protect,RockSlide,DragonClaw|Jolly||F|||50|
|inactive|Battle timer is ON: inactive players will automatically lose when time's up. (requested by spodermees)
|
|t:|1784875464
|teamsize|p1|4
|teamsize|p2|4
|start
|switch|p1a: Sneasler|Sneasler, L50, M|100/100
|switch|p1b: Farigiraf|Farigiraf, L50, M|100/100
|switch|p2a: Floette|Floette-Eternal, L50, F|100/100
|switch|p2b: Incineroar|Incineroar, L50, M|100/100
|-ability|p2b: Incineroar|Intimidate|boost
|-unboost|p1a: Sneasler|atk|1
|-unboost|p1b: Farigiraf|atk|1
|turn|1
|
|t:|1784875478
|detailschange|p2a: Floette|Floette-Mega, L50, F
|-mega|p2a: Floette|Floette|Floettite
|-ability|p2a: Floette|Fairy Aura
|move|p1b: Farigiraf|Helping Hand|p1a: Sneasler
|-singleturn|p1a: Sneasler|Helping Hand|[of] p1b: Farigiraf
|move|p2a: Floette|Protect|p2a: Floette
|-singleturn|p2a: Floette|Protect
|move|p1a: Sneasler|Close Combat|p2b: Incineroar
|-supereffective|p2b: Incineroar|1
|-damage|p2b: Incineroar|0 fnt
|-unboost|p1a: Sneasler|def|1
|-unboost|p1a: Sneasler|spd|1
|faint|p2b: Incineroar
|
|upkeep
|
|t:|1784875490
|switch|p2b: Sinistcha|Sinistcha, L50|100/100
|turn|2
|
|t:|1784875508
|switch|p1a: Tyranitar|Tyranitar, L50, M|100/100
|-weather|Sandstorm|[from] ability: Sand Stream|[of] p1a: Tyranitar
|move|p2b: Sinistcha|Rage Powder|p2b: Sinistcha
|-singleturn|p2b: Sinistcha|move: Rage Powder
|move|p2a: Floette|Calm Mind|p2a: Floette
|-boost|p2a: Floette|spa|1
|-boost|p2a: Floette|spd|1
|move|p1b: Farigiraf|Twin Beam|p2b: Sinistcha
|-damage|p2b: Sinistcha|85/100
|-damage|p2b: Sinistcha|71/100
|-hitcount|p2b: Sinistcha|2
|
|-weather|Sandstorm|[upkeep]
|-damage|p2a: Floette|93/100|[from] Sandstorm
|-damage|p2b: Sinistcha|65/100|[from] Sandstorm
|-damage|p1b: Farigiraf|93/100|[from] Sandstorm
|-heal|p2b: Sinistcha|71/100|[from] item: Leftovers
|upkeep
|turn|3
|
|t:|1784875529
|detailschange|p1a: Tyranitar|Tyranitar-Mega, L50, M
|-mega|p1a: Tyranitar|Tyranitar|Tyranitarite
|move|p1b: Farigiraf|Helping Hand|p1a: Tyranitar
|-singleturn|p1a: Tyranitar|Helping Hand|[of] p1b: Farigiraf
|move|p2a: Floette|Dazzling Gleam|p1b: Farigiraf|[spread] p1a,p1b
|-supereffective|p1a: Tyranitar|1
|-damage|p1a: Tyranitar|20/100y
|-damage|p1b: Farigiraf|38/100
|-enditem|p1b: Farigiraf|Sitrus Berry|[eat]
|-heal|p1b: Farigiraf|62/100|[from] item: Sitrus Berry
|move|p1a: Tyranitar|Knock Off|p2b: Sinistcha
|-supereffective|p2b: Sinistcha|1
|-damage|p2b: Sinistcha|0 fnt
|-enditem|p2b: Sinistcha|Leftovers|[from] move: Knock Off|[of] p1a: Tyranitar
|faint|p2b: Sinistcha
|
|-weather|Sandstorm|[upkeep]
|-damage|p2a: Floette|87/100|[from] Sandstorm
|-damage|p1b: Farigiraf|56/100|[from] Sandstorm
|upkeep
|
|t:|1784875542
|switch|p2b: Sneasler|Sneasler, L50, M|100/100
|turn|4
|
|t:|1784875552
|move|p1a: Tyranitar|Protect|p1a: Tyranitar
|-singleturn|p1a: Tyranitar|Protect
|move|p2b: Sneasler|Poison Jab|p1b: Farigiraf
|-damage|p1b: Farigiraf|22/100
|-status|p1b: Farigiraf|psn
|move|p2a: Floette|Dazzling Gleam|p1a: Tyranitar|[spread] p1b
|-activate|p1a: Tyranitar|move: Protect
|-damage|p1b: Farigiraf|0 fnt
|faint|p1b: Farigiraf
|
|-weather|Sandstorm|[upkeep]
|-damage|p2b: Sneasler|94/100|[from] Sandstorm
|-damage|p2a: Floette|81/100|[from] Sandstorm
|upkeep
|
|t:|1784875562
|switch|p1b: Houndstone|Houndstone, L50, M|100/100
|turn|5
|
|t:|1784875577
|move|p1b: Houndstone|Last Respects|p2a: Floette
|-damage|p2a: Floette|43/100
|move|p2b: Sneasler|Poison Jab|p1b: Houndstone
|-resisted|p1b: Houndstone|1
|-damage|p1b: Houndstone|82/100
|move|p2a: Floette|Dazzling Gleam|p1b: Houndstone|[spread] p1a,p1b
|-supereffective|p1a: Tyranitar|1
|-damage|p1a: Tyranitar|0 fnt
|-damage|p1b: Houndstone|0 fnt
|faint|p1a: Tyranitar
|faint|p1b: Houndstone
|
|-weather|Sandstorm|[upkeep]
|-damage|p2b: Sneasler|88/100|[from] Sandstorm
|-damage|p2a: Floette|37/100|[from] Sandstorm
|upkeep
|
|t:|1784875586
|switch|p1b: Sneasler|Sneasler, L50, M|100/100
|turn|6
|
|t:|1784875596
|move|p2b: Sneasler|Protect|p2b: Sneasler
|-singleturn|p2b: Sneasler|Protect
|move|p2a: Floette|Protect|p2a: Floette
|-singleturn|p2a: Floette|Protect
|move|p1b: Sneasler|Close Combat|p2b: Sneasler
|-activate|p2b: Sneasler|move: Protect
|
|-weather|none
|upkeep
|turn|7
|
|t:|1784875602
|move|p2b: Sneasler|Poison Jab|p1b: Sneasler
|-resisted|p1b: Sneasler|1
|-damage|p1b: Sneasler|63/100
|move|p1b: Sneasler|Dire Claw|p2a: Floette
|-supereffective|p2a: Floette|1
|-damage|p2a: Floette|0 fnt
|faint|p2a: Floette
|
|upkeep
|turn|8
|
|t:|1784875612
|move|p2b: Sneasler|Poison Jab|p1b: Sneasler
|-resisted|p1b: Sneasler|1
|-damage|p1b: Sneasler|27/100
|move|p1b: Sneasler|Close Combat|p2b: Sneasler
|-resisted|p2b: Sneasler|1
|-damage|p2b: Sneasler|26/100
|-unboost|p1b: Sneasler|def|1
|-unboost|p1b: Sneasler|spd|1
|
|upkeep
|turn|9
|
|t:|1784875622
|move|p2b: Sneasler|Poison Jab|p1b: Sneasler
|-resisted|p1b: Sneasler|1
|-damage|p1b: Sneasler|0 fnt
|faint|p1b: Sneasler
|
|win|spodermees
|raw|tokerr's rating: 1090 → 1072(-18 for losing)
|raw|spodermees's rating: 1178 → 1197(+19 for winning)
