|j|☆NatRus3
|j|☆kokomiiiii
|html|NatRus3kokomiiiii    
|uhtml|bestof|Game 1 of a best-of-3
|t:|1757831057
|gametype|doubles
|player|p1|NatRus3|2|1086
|player|p2|kokomiiiii|lillie-masters|1071
|gen|9
|tier|[Gen 9] VGC 2025 Reg H (Bo3)
|rated|
|rule|Species Clause: Limit one of each Pokémon
|rule|Item Clause: Limit 1 of each item
|clearpoke
|poke|p1|Pelipper, L50, F|
|poke|p1|Archaludon, L50, F|
|poke|p1|Flamigo, L50, M|
|poke|p1|Basculegion, L50, M|
|poke|p1|Incineroar, L50, F|
|poke|p1|Whimsicott, L50, M|
|poke|p2|Gholdengo, L50|
|poke|p2|Ursaluna, L50, F|
|poke|p2|Dragonite, L50, F|
|poke|p2|Porygon2, L50|
|poke|p2|Incineroar, L50, M|
|poke|p2|Amoonguss, L50, M|
|teampreview|4
|showteam|p1|Pelipper||FocusSash|Drizzle|MuddyWater,Hurricane,WideGuard,Protect|||F|||50|,,,,,Ghost]Archaludon||AssaultVest|Stamina|ElectroShot,DragonPulse,FlashCannon,BodyPress|||F|||50|,,,,,Fairy]Flamigo||ClearAmulet|Scrappy|CloseCombat,BraveBird,Feint,Protect|||M|||50|,,,,,Ghost]Basculegion||LifeOrb|SwiftSwim|AquaJet,LastRespects,WaveCrash,Protect|||M|||50|,,,,,Water]Incineroar||RockyHelmet|Intimidate|FakeOut,KnockOff,FlareBlitz,HelpingHand|||F|||50|,,,,,Grass]Whimsicott||CovertCloak|Prankster|Tailwind,Encore,BeatUp,Moonblast|||M|||50|,,,,,Flying
|showteam|p2|Gholdengo||LifeOrb|GoodasGold|MakeItRain,ShadowBall,NastyPlot,Protect||||||50|,,,,,Water]Ursaluna||FlameOrb|Guts|HeadlongRush,Facade,Earthquake,Protect|||F|||50|,,,,,Ghost]Dragonite||LoadedDice|Multiscale|ScaleShot,Haze,Tailwind,Protect|||F|||50|,,,,,Fairy]Porygon2||Eviolite|Download|IceBeam,TeraBlast,TrickRoom,Recover||||||50|,,,,,Fighting]Incineroar||SafetyGoggles|Intimidate|FakeOut,KnockOff,FlareBlitz,PartingShot|||M|||50|,,,,,Ghost]Amoonguss||SitrusBerry|Regenerator|RagePowder,PollenPuff,Spore,Protect|||M|||50|,,,,,Water
|inactive|Battle timer is ON: inactive players will automatically lose when time's up. (requested by NatRus3)
|inactive|NatRus3 has 60 seconds left.
|
|t:|1757831111
|teamsize|p1|4
|teamsize|p2|4
|start
|switch|p1a: Whimsicott|Whimsicott, L50, M|100/100
|switch|p1b: Flamigo|Flamigo, L50, M|100/100
|switch|p2a: Annoyingon2|Porygon2, L50|100/100
|switch|p2b: dragon right|Dragonite, L50, F, shiny|100/100
|-ability|p2a: Annoyingon2|Download|boost
|-boost|p2a: Annoyingon2|spa|1
|turn|1
|inactive|NatRus3 has 30 seconds left.
|inactive|kokomiiiii has 30 seconds left.
|
|t:|1757831143
|switch|p1b: Incineroar|Incineroar, L50, F|100/100
|-ability|p1b: Incineroar|Intimidate|boost
|-unboost|p2a: Annoyingon2|atk|1
|-unboost|p2b: dragon right|atk|1
|switch|p2a: SHROOMSSSS|Amoonguss, L50, M, shiny|100/100
|move|p1a: Whimsicott|Tailwind|p1a: Whimsicott
|-sidestart|p1: NatRus3|move: Tailwind
|move|p2b: dragon right|Scale Shot|p1b: Incineroar
|-damage|p1b: Incineroar|90/100
|-damage|p1b: Incineroar|80/100
|-damage|p1b: Incineroar|70/100
|-damage|p1b: Incineroar|59/100
|-damage|p1b: Incineroar|49/100
|-hitcount|p1b: Incineroar|5
|-unboost|p2b: dragon right|def|1
|-boost|p2b: dragon right|spe|1
|
|upkeep
|turn|2
|inactive|NatRus3 has 30 seconds left.
|inactive|NatRus3 has 20 seconds left.
|inactive|NatRus3 has 15 seconds left.
|
|t:|1757831188
|move|p1b: Incineroar|Fake Out|p2a: SHROOMSSSS
|-damage|p2a: SHROOMSSSS|90/100
|move|p1a: Whimsicott|Moonblast|p2b: dragon right
|-supereffective|p2b: dragon right
|-damage|p2b: dragon right|69/100
|move|p2b: dragon right|Scale Shot|p1b: Incineroar
|-damage|p1b: Incineroar|40/100
|-damage|p1b: Incineroar|29/100
|-damage|p1b: Incineroar|19/100
|-damage|p1b: Incineroar|8/100
|-damage|p1b: Incineroar|0 fnt
|faint|p1b: Incineroar
|-hitcount|p1: Incineroar|5
|-unboost|p2b: dragon right|def|1
|-boost|p2b: dragon right|spe|1
|cant|p2a: SHROOMSSSS|flinch
|
|upkeep
|
|t:|1757831207
|switch|p1b: Flamigo|Flamigo, L50, M|100/100
|turn|3
|
|t:|1757831230
|switch|p2b: Annoyingon2|Porygon2, L50|100/100
|-ability|p2b: Annoyingon2|Download|boost
|-boost|p2b: Annoyingon2|spa|1
|-terastallize|p2a: SHROOMSSSS|Water
|move|p1a: Whimsicott|Moonblast|p2b: Annoyingon2
|-damage|p2b: Annoyingon2|82/100
|-unboost|p2b: Annoyingon2|spa|1
|move|p1b: Flamigo|Brave Bird|p2a: SHROOMSSSS
|-damage|p2a: SHROOMSSSS|43/100
|-enditem|p2a: SHROOMSSSS|Sitrus Berry|[eat]
|-heal|p2a: SHROOMSSSS|67/100|[from] item: Sitrus Berry
|-damage|p1b: Flamigo|81/100|[from] Recoil
|move|p2a: SHROOMSSSS|Spore|p1b: Flamigo
|-status|p1b: Flamigo|slp|[from] move: Spore
|
|upkeep
|turn|4
|inactive|NatRus3 has 30 seconds left.
|
|t:|1757831261
|move|p1a: Whimsicott|Moonblast|p2a: SHROOMSSSS
|-damage|p2a: SHROOMSSSS|42/100
|cant|p1b: Flamigo|slp
|move|p2b: Annoyingon2|Ice Beam|p1b: Flamigo
|-supereffective|p1b: Flamigo
|-damage|p1b: Flamigo|1/100 slp
|move|p2a: SHROOMSSSS|Pollen Puff|p1a: Whimsicott
|-damage|p1a: Whimsicott|77/100
|
|-sideend|p1: NatRus3|move: Tailwind
|upkeep
|turn|5
|
|t:|1757831280
|move|p1a: Whimsicott|Tailwind|p1a: Whimsicott
|-sidestart|p1: NatRus3|move: Tailwind
|-curestatus|p1b: Flamigo|slp|[msg]
|move|p1b: Flamigo|Close Combat|p2b: Annoyingon2
|-supereffective|p2b: Annoyingon2
|-damage|p2b: Annoyingon2|11/100
|-unboost|p1b: Flamigo|def|1
|-unboost|p1b: Flamigo|spd|1
|move|p2b: Annoyingon2|Ice Beam|p1a: Whimsicott
|-supereffective|p1a: Whimsicott
|-damage|p1a: Whimsicott|9/100
|move|p2a: SHROOMSSSS|Pollen Puff|p1b: Flamigo
|-resisted|p1b: Flamigo
|-damage|p1b: Flamigo|0 fnt
|faint|p1b: Flamigo
|
|upkeep
|
|t:|1757831297
|switch|p1b: Pelipper|Pelipper, L50, F|100/100
|-weather|RainDance|[from] ability: Drizzle|[of] p1b: Pelipper
|turn|6
|
|t:|1757831313
|move|p2a: SHROOMSSSS|Rage Powder|p2a: SHROOMSSSS
|-singleturn|p2a: SHROOMSSSS|move: Rage Powder
|move|p1a: Whimsicott|Moonblast|p2a: SHROOMSSSS
|-damage|p2a: SHROOMSSSS|17/100
|move|p1b: Pelipper|Muddy Water|p2b: Annoyingon2|[spread] p2a
|-miss|p1b: Pelipper|p2b: Annoyingon2
|-resisted|p2a: SHROOMSSSS
|-damage|p2a: SHROOMSSSS|2/100
|move|p2b: Annoyingon2|Trick Room|p2b: Annoyingon2
|-fieldstart|move: Trick Room|[of] p2b: Annoyingon2
|
|-weather|RainDance|[upkeep]
|upkeep
|turn|7
|
|t:|1757831328
|move|p1b: Pelipper|Protect|p1b: Pelipper
|-singleturn|p1b: Pelipper|Protect
|move|p1a: Whimsicott|Encore|p2b: Annoyingon2
|-start|p2b: Annoyingon2|Encore
|move|p2a: SHROOMSSSS|Pollen Puff|p1a: Whimsicott
|-damage|p1a: Whimsicott|0 fnt
|faint|p1a: Whimsicott
|move|p2b: Annoyingon2|Trick Room|p2b: Annoyingon2
|-fieldend|move: Trick Room
|
|-weather|RainDance|[upkeep]
|upkeep
|turn|8
|
|t:|1757831345
|switch|p2a: dragon right|Dragonite, L50, F, shiny|69/100
|move|p1b: Pelipper|Muddy Water|p2b: Annoyingon2|[spread] p2a
|-miss|p1b: Pelipper|p2b: Annoyingon2
|-resisted|p2a: dragon right
|-damage|p2a: dragon right|52/100
|-unboost|p2a: dragon right|accuracy|1
|move|p2b: Annoyingon2|Trick Room|p2b: Annoyingon2
|-fieldstart|move: Trick Room|[of] p2b: Annoyingon2
|
|-weather|RainDance|[upkeep]
|-sideend|p1: NatRus3|move: Tailwind
|upkeep
|turn|9
|
|t:|1757831364
|move|p1b: Pelipper|Muddy Water|p2a: dragon right|[spread] p2a,p2b
|-resisted|p2a: dragon right
|-crit|p2a: dragon right
|-damage|p2a: dragon right|24/100
|-damage|p2b: Annoyingon2|0 fnt
|faint|p2b: Annoyingon2
|move|p2a: dragon right|Tailwind|p2a: dragon right
|-sidestart|p2: kokomiiiii|move: Tailwind
|
|-weather|RainDance|[upkeep]
|upkeep
|
|t:|1757831371
|switch|p2b: SHROOMSSSS|Amoonguss, L50, M, shiny, tera:Water|36/100
|turn|10
|
|t:|1757831377
|move|p2b: SHROOMSSSS|Spore|p1b: Pelipper
|-status|p1b: Pelipper|slp|[from] move: Spore
|cant|p1b: Pelipper|slp
|move|p2a: dragon right|Scale Shot|p1b: Pelipper
|-crit|p1b: Pelipper
|-damage|p1b: Pelipper|81/100 slp
|-damage|p1b: Pelipper|66/100 slp
|-damage|p1b: Pelipper|53/100 slp
|-damage|p1b: Pelipper|41/100 slp
|-damage|p1b: Pelipper|28/100 slp
|-hitcount|p1b: Pelipper|5
|-unboost|p2a: dragon right|def|1
|-boost|p2a: dragon right|spe|1
|
|-weather|none
|upkeep
|turn|11
|
|t:|1757831396
|move|p2b: SHROOMSSSS|Pollen Puff|p2a: dragon right
|-heal|p2a: dragon right|74/100
|cant|p1b: Pelipper|slp
|move|p2a: dragon right|Scale Shot|p1b: Pelipper
|-damage|p1b: Pelipper|13/100 slp
|-damage|p1b: Pelipper|0 fnt
|faint|p1b: Pelipper
|-hitcount|p1: Pelipper|2
|
|win|kokomiiiii
|inactive|NatRus3 has 30 seconds to confirm battle start!
|inactive|kokomiiiii has 30 seconds to confirm battle start!
||NatRus3 is ready for game 2.
|l|☆NatRus3
|player|p1|
||kokomiiiii is ready for game 2.
|uhtml|next|Next: Game 2 of 3
