|j|Ōśånatsukivgc
|j|ŌśåMashuno
|html|natsukivgcMashuno    
|uhtml|bestof|Game 2 of a best-of-3
|t:|1785416742
|gametype|doubles
|player|p1|natsukivgc|265|1179
|player|p2|Mashuno|harlequin|1266
|gen|9
|tier|[Gen 9 Champions] VGC 2026 Reg M-B (Bo3)
|rated|
|rule|Species Clause: Limit one of each Pok├®mon
|rule|Item Clause: Limit 1 of each item
|clearpoke
|poke|p1|Charizard, L50, M|
|poke|p1|Sneasler, L50, M|
|poke|p1|Kingambit, L50, M|
|poke|p1|Dragonite, L50, M|
|poke|p1|Floette-Eternal, L50, F|
|poke|p1|Whimsicott, L50, F|
|poke|p2|Whimsicott, L50, F|
|poke|p2|Dragonite, L50, M|
|poke|p2|Gholdengo, L50|
|poke|p2|Incineroar, L50, M|
|poke|p2|Maushold, L50|
|poke|p2|Swampert, L50, F|
|teampreview|4
|showteam|p1|Charizard||CharizarditeY|Blaze|HeatWave,SolarBeam,WeatherBall,Protect|Modest||M|||50|]Sneasler||WhiteHerb|Unburden|CloseCombat,DireClaw,FakeOut,Coaching|Jolly||M|||50|]Kingambit||BlackGlasses|Defiant|KowtowCleave,SuckerPunch,SwordsDance,Protect|Adamant||M|||50|]Dragonite||LifeOrb|InnerFocus|DragonClaw,LowKick,ExtremeSpeed,Protect|Adamant||M|||50|]Floette-Eternal||Floettite|FlowerVeil|Moonblast,DazzlingGleam,LightofRuin,Protect|Modest||F|||50|]Whimsicott||FocusSash|Prankster|Moonblast,Tailwind,Encore,Protect|Timid||F|||50|
|showteam|p2|Whimsicott||FocusSash|Prankster|Protect,Moonblast,Tailwind,FakeTears|Timid||F|||50|]Dragonite||Dragoninite|Multiscale|Protect,DragonDance,DragonClaw,ExtremeSpeed|Adamant||M|||50|]Gholdengo||LifeOrb|GoodasGold|Protect,MakeItRain,ShadowBall,NastyPlot|Timid|||||50|]Incineroar||PasshoBerry|Intimidate|FakeOut,FlareBlitz,ThroatChop,PartingShot|Impish||M|||50|]Maushold||SitrusBerry|FriendGuard|FollowMe,HelpingHand,SuperFang,Crunch|Jolly|||||50|]Swampert||Leftovers|Torrent|Protect,WaveCrash,StompingTantrum,BulkUp|Adamant||F|||50|
|c|Ōśånatsukivgc|are you alright?
|c|ŌśåMashuno|ye
|c|ŌśåMashuno|just thinking
|
|t:|1785416834
|teamsize|p1|4
|teamsize|p2|4
|start
|switch|p1a: Whimsicott|Whimsicott, L50, F|100/100
|switch|p1b: Charizard|Charizard, L50, M|100/100
|switch|p2a: Dragonite|Dragonite, L50, M|100/100
|switch|p2b: Swampert|Swampert, L50, F|100/100
|turn|1
|c|Ōśånatsukivgc|okay okay wasnt sure if you were still there LOL
|
|t:|1785416883
|detailschange|p1b: Charizard|Charizard-Mega-Y, L50, M
|-mega|p1b: Charizard|Charizard|Charizardite Y
|-weather|SunnyDay|[from] ability: Drought|[of] p1b: Charizard
|move|p2a: Dragonite|Extreme Speed|p1a: Whimsicott
|-crit|p1a: Whimsicott
|-damage|p1a: Whimsicott|25/100
|move|p1a: Whimsicott|Moonblast|p2a: Dragonite
|-supereffective|p2a: Dragonite|1
|-damage|p2a: Dragonite|68/100
|-unboost|p2a: Dragonite|spa|1
|move|p1b: Charizard|Heat Wave|p2a: Dragonite|[spread] p2a,p2b
|-resisted|p2a: Dragonite|1
|-resisted|p2b: Swampert|1
|-damage|p2a: Dragonite|38/100
|-damage|p2b: Swampert|69/100
|move|p2b: Swampert|Stomping Tantrum|p1a: Whimsicott
|-resisted|p1a: Whimsicott|1
|-damage|p1a: Whimsicott|0 fnt
|faint|p1a: Whimsicott
|
|-weather|SunnyDay|[upkeep]
|-heal|p2b: Swampert|75/100|[from] item: Leftovers
|upkeep
|
|t:|1785416904
|switch|p1a: Dragonite|Dragonite, L50, M|100/100
|turn|2
|c|ŌśåMashuno|sorry for cit :(
|c|ŌśåMashuno|crit*
|c|Ōśånatsukivgc|dw youre all good
|
|t:|1785416949
|switch|p2a: Gholdengo|Gholdengo, L50|100/100
|switch|p2b: Maushold|Maushold, L50|100/100
|move|p1b: Charizard|Solar Beam||[still]
|-prepare|p1b: Charizard|Solar Beam
|-anim|p1b: Charizard|Solar Beam|p2b: Maushold
|-damage|p2b: Maushold|38/100
|-enditem|p2b: Maushold|Sitrus Berry|[eat]
|-heal|p2b: Maushold|62/100|[from] item: Sitrus Berry
|move|p1a: Dragonite|Dragon Claw|p2a: Gholdengo
|-resisted|p2a: Gholdengo|1
|-damage|p2a: Gholdengo|76/100
|-damage|p1a: Dragonite|90/100|[from] item: Life Orb
|
|-weather|SunnyDay|[upkeep]
|upkeep
|turn|3
|c|Ōśånatsukivgc|im very surprised you left your swampert open in the face of a solar beam tho
|c|ŌśåMashuno|i was just hoping at that point lol
|c|Ōśånatsukivgc|LOL
|c|Ōśånatsukivgc|fair play
|
|t:|1785417007
|switch|p2a: Swampert|Swampert, L50, F|75/100
|move|p2b: Maushold|Super Fang|p1b: Charizard
|-damage|p1b: Charizard|50/100g
|move|p1b: Charizard|Heat Wave|p2a: Swampert|[spread] p2a,p2b
|-resisted|p2a: Swampert|1
|-crit|p2a: Swampert
|-damage|p2a: Swampert|42/100
|-damage|p2b: Maushold|0 fnt
|faint|p2b: Maushold
|move|p1a: Dragonite|Low Kick|p2a: Swampert
|-damage|p2a: Swampert|1/100
|-damage|p1a: Dragonite|81/100|[from] item: Life Orb
|
|-weather|SunnyDay|[upkeep]
|-heal|p2a: Swampert|7/100|[from] item: Leftovers
|upkeep
|
|t:|1785417023
|switch|p2b: Gholdengo|Gholdengo, L50|76/100
|turn|4
|
|t:|1785417047
|move|p2b: Gholdengo|Protect|p2b: Gholdengo
|-singleturn|p2b: Gholdengo|Protect
|move|p2a: Swampert|Protect|p2a: Swampert
|-singleturn|p2a: Swampert|Protect
|move|p1a: Dragonite|Extreme Speed|p2a: Swampert
|-activate|p2a: Swampert|move: Protect
|move|p1b: Charizard|Weather Ball|p2b: Gholdengo
|-activate|p2b: Gholdengo|move: Protect
|
|-weather|SunnyDay|[upkeep]
|-heal|p2a: Swampert|14/100|[from] item: Leftovers
|upkeep
|turn|5
|
|t:|1785417064
|switch|p2b: Dragonite|Dragonite, L50, M|38/100
|move|p1a: Dragonite|Extreme Speed|p2a: Swampert
|-damage|p2a: Swampert|0 fnt
|faint|p2a: Swampert
|-damage|p1a: Dragonite|71/100|[from] item: Life Orb
|move|p1b: Charizard|Weather Ball|p2b: Dragonite
|-resisted|p2b: Dragonite|1
|-damage|p2b: Dragonite|0 fnt
|faint|p2b: Dragonite
|
|-weather|none
|upkeep
|
|t:|1785417078
|switch|p2b: Gholdengo|Gholdengo, L50|76/100
|turn|6
|
|t:|1785417106
|move|p2b: Gholdengo|Shadow Ball|p1b: Charizard
|-damage|p1b: Charizard|0 fnt
|faint|p1b: Charizard
|-damage|p2b: Gholdengo|66/100|[from] item: Life Orb
|move|p1a: Dragonite|Dragon Claw|p2b: Gholdengo
|-resisted|p2b: Gholdengo|1
|-damage|p2b: Gholdengo|32/100
|-damage|p1a: Dragonite|62/100|[from] item: Life Orb
|
|upkeep
|
|t:|1785417115
|switch|p1b: Kingambit|Kingambit, L50, M|100/100
|turn|7
|c|ŌśåMashuno|ggs
|-message|Mashuno forfeited.
|
|win|natsukivgc
||Mashuno is ready for game 3.
||natsukivgc is ready for game 3.
|uhtml|next|Next: Game 3 of 3
|l|Ōśånatsukivgc
|player|p1|
