|j|‽ajin22
|j|☆kethhhhhh
|html|ajin22kethhhhhh    
|uhtml|bestof|Game 1 of a best-of-3
|t:|1784948309
|gametype|doubles
|player|p1|ajin22|2|1079
|player|p2|kethhhhhh|lady|1043
|gen|9
|tier|[Gen 9 Champions] VGC 2026 Reg M-B (Bo3)
|rated|
|rule|Species Clause: Limit one of each Pokémon
|rule|Item Clause: Limit 1 of each item
|clearpoke
|poke|p1|Raichu, L50, M|
|poke|p1|Gholdengo, L50|
|poke|p1|Garchomp, L50, F|
|poke|p1|Incineroar, L50, F|
|poke|p1|Milotic, L50, M|
|poke|p1|Whimsicott, L50, M|
|poke|p2|Milotic, L50, M|
|poke|p2|Lopunny, L50, M|
|poke|p2|Clefable, L50, F|
|poke|p2|Kingambit, L50, F|
|poke|p2|Meowstic, L50, M|
|poke|p2|Farigiraf, L50, F|
|teampreview|4
|showteam|p1|Raichu||RaichuniteY|LightningRod|ZapCannon,FocusBlast,Protect,FakeOut|Timid||M|||50|]Gholdengo||SpellTag|GoodasGold|NastyPlot,ShadowBall,Protect,MakeItRain|Modest|||||50|]Garchomp||LifeOrb|RoughSkin|Earthquake,RockSlide,Protect,DragonClaw|Adamant||F|||50|]Incineroar||SitrusBerry|Intimidate|FakeOut,FlareBlitz,DarkestLariat,PartingShot|Impish||F|||50|]Milotic||Leftovers|Competitive|Coil,HydroPump,Hypnosis,Recover|Calm||M|||50|]Whimsicott||FocusSash|Prankster|Tailwind,Moonblast,Encore,Protect|Timid||M|||50|
|showteam|p2|Milotic||Leftovers|Competitive|Scald,IceBeam,MuddyWater,Protect|Modest||M|||50|]Lopunny||Lopunnite|Limber|FakeOut,IcePunch,CloseCombat,Protect|Jolly||M|||50|]Clefable||MentalHerb|MagicGuard|StealthRock,FollowMe,HealPulse,Protect|Impish||F|||50|]Kingambit||LifeOrb|Defiant|KowtowCleave,IronHead,SuckerPunch,Protect|Adamant||F|||50|]Meowstic||FocusSash|Prankster|RainDance,ThunderWave,FakeOut,Protect|Timid||M|||50|]Farigiraf||SitrusBerry|ArmorTail|TrickRoom,TwinBeam,Thunderbolt,HelpingHand|Quiet||F|||50|
|n|‽ajin22|ajin22
|
|t:|1784948370
|teamsize|p1|4
|teamsize|p2|4
|start
|switch|p1a: Raichu|Raichu, L50, M|100/100
|switch|p1b: Whimsicott|Whimsicott, L50, M|100/100
|switch|p2a: Lopunny|Lopunny, L50, M|100/100
|switch|p2b: Clefable|Clefable, L50, F|100/100
|turn|1
|inactive|Battle timer is ON: inactive players will automatically lose when time's up. (requested by ajin22)
|
|t:|1784948414
|detailschange|p1a: Raichu|Raichu-Mega-Y, L50, M
|-mega|p1a: Raichu|Raichu|Raichunite Y
|detailschange|p2a: Lopunny|Lopunny-Mega, L50, M
|-mega|p2a: Lopunny|Lopunny|Lopunnite
|move|p2a: Lopunny|Fake Out|p1b: Whimsicott
|-damage|p1b: Whimsicott|68/100
|move|p1a: Raichu|Fake Out|p2a: Lopunny
|-damage|p2a: Lopunny|88/100
|cant|p1b: Whimsicott|flinch
|move|p2b: Clefable|Stealth Rock|p1a: Raichu
|-sidestart|p1: ajin22|move: Stealth Rock
|
|upkeep
|turn|2
|inactive|ajin22 has 30 seconds left.
|inactive|kethhhhhh has 30 seconds left.
|
|t:|1784948443
|switch|p2b: Meowstic|Meowstic, L50, M|100/100
|move|p2a: Lopunny|Protect|p2a: Lopunny
|-singleturn|p2a: Lopunny|Protect
|move|p1a: Raichu|Protect|p1a: Raichu
|-singleturn|p1a: Raichu|Protect
|move|p1b: Whimsicott|Tailwind|p1b: Whimsicott
|-sidestart|p1: ajin22|move: Tailwind
|
|upkeep
|turn|3
|inactive|kethhhhhh has 30 seconds left.
|inactive|kethhhhhh has 20 seconds left.
|
|t:|1784948478
|switch|p2a: Kingambit|Kingambit, L50, F|100/100
|move|p2b: Meowstic|Fake Out|p1a: Raichu
|-damage|p1a: Raichu|89/100
|cant|p1a: Raichu|flinch
|move|p1b: Whimsicott|Moonblast|p2a: Kingambit
|-damage|p2a: Kingambit|67/100
|
|upkeep
|turn|4
|
|t:|1784948499
|switch|p1a: Milotic|Milotic, L50, M|100/100
|-damage|p1a: Milotic|87/100|[from] Stealth Rock
|switch|p2b: Lopunny|Lopunny-Mega, L50, M|88/100
|move|p1b: Whimsicott|Encore||[still]
|-fail|p1b: Whimsicott
|move|p2a: Kingambit|Sucker Punch||[still]
|-fail|p2a: Kingambit
|
|-heal|p1a: Milotic|93/100|[from] item: Leftovers
|upkeep
|turn|5
|
|t:|1784948513
|move|p1b: Whimsicott|Protect|p1b: Whimsicott
|-singleturn|p1b: Whimsicott|Protect
|move|p2b: Lopunny|Fake Out|p1a: Milotic
|-damage|p1a: Milotic|72/100
|cant|p1a: Milotic|flinch
|move|p2a: Kingambit|Iron Head|p1b: Whimsicott
|-activate|p1b: Whimsicott|move: Protect
|
|-heal|p1a: Milotic|78/100|[from] item: Leftovers
|-sideend|p1: ajin22|move: Tailwind
|upkeep
|turn|6
|
|t:|1784948524
|move|p1b: Whimsicott|Tailwind|p1b: Whimsicott
|-sidestart|p1: ajin22|move: Tailwind
|move|p2b: Lopunny|Ice Punch|p1b: Whimsicott
|-supereffective|p1b: Whimsicott|1
|-damage|p1b: Whimsicott|0 fnt
|faint|p1b: Whimsicott
|move|p1a: Milotic|Coil|p1a: Milotic
|-boost|p1a: Milotic|atk|1
|-boost|p1a: Milotic|def|1
|-boost|p1a: Milotic|accuracy|1
|move|p2a: Kingambit|Kowtow Cleave|p1a: Milotic
|-damage|p1a: Milotic|40/100
|-damage|p2a: Kingambit|57/100|[from] item: Life Orb
|
|-heal|p1a: Milotic|46/100|[from] item: Leftovers
|upkeep
|
|t:|1784948527
|switch|p1b: Gholdengo|Gholdengo, L50|100/100
|-damage|p1b: Gholdengo|93/100|[from] Stealth Rock
|turn|7
|
|t:|1784948544
|move|p1b: Gholdengo|Protect|p1b: Gholdengo
|-singleturn|p1b: Gholdengo|Protect
|move|p2a: Kingambit|Sucker Punch||[still]
|-fail|p2a: Kingambit
|move|p2b: Lopunny|Close Combat|p1a: Milotic
|-damage|p1a: Milotic|3/100
|-unboost|p2b: Lopunny|def|1
|-unboost|p2b: Lopunny|spd|1
|move|p1a: Milotic|Hydro Pump|p2a: Kingambit
|-damage|p2a: Kingambit|15/100
|
|-heal|p1a: Milotic|9/100|[from] item: Leftovers
|upkeep
|turn|8
|-message|ajin22 forfeited.
|
|win|kethhhhhh
||ajin22 is ready for game 2.
||kethhhhhh is ready for game 2.
|uhtml|next|Next: Game 2 of 3
|l|☆kethhhhhh
|player|p2|
