|j|☆katusso
|j|☆ethnol1816
|html|katussoethnol1816    
|uhtml|bestof|Game 2 of a best-of-3
|t:|1757667467
|gametype|doubles
|player|p1|katusso|265|1151
|player|p2|ethnol1816|boarder|1100
|gen|9
|tier|[Gen 9] VGC 2025 Reg H (Bo3)
|rated|
|rule|Species Clause: Limit one of each Pokémon
|rule|Item Clause: Limit 1 of each item
|clearpoke
|poke|p1|Sneasler, L50, M|
|poke|p1|Rillaboom, L50, M|
|poke|p1|Farigiraf, L50, M|
|poke|p1|Malamar, L50, M|
|poke|p1|Pelipper, L50, M|
|poke|p1|Archaludon, L50, F|
|poke|p2|Gholdengo, L50|
|poke|p2|Samurott-Hisui, L50, M|
|poke|p2|Hydreigon, L50, M|
|poke|p2|Whimsicott, L50, F|
|poke|p2|Garchomp, L50, F|
|poke|p2|Clefable, L50, F|
|teampreview|4
|showteam|p1|Sneasler||GrassySeed|Unburden|Protect,CloseCombat,DireClaw,Acrobatics|||M|||50|,,,,,Dark]Rillaboom||AssaultVest|GrassySurge|FakeOut,GrassyGlide,WoodHammer,HighHorsepower|||M|||50|,,,,,Fire]Farigiraf||MentalHerb|ArmorTail|HelpingHand,HyperVoice,Psychic,TrickRoom|||M|||50|,,,,,Fairy]Malamar||SitrusBerry|Contrary|Protect,Superpower,KnockOff,TeraBlast|||M|||50|,,,,,Stellar]Pelipper||SafetyGoggles|Drizzle|WideGuard,Hurricane,WeatherBall,Tailwind|||M|||50|,,,,,Ground]Archaludon||PowerHerb|Stalwart|Protect,ElectroShot,DragonPulse,FlashCannon|||F|||50|,,,,,Electric
|showteam|p2|Gholdengo||Leftovers|GoodasGold|NastyPlot,ShadowBall,MakeItRain,Protect||||||50|,,,,,Dragon]Samurott-Hisui||AssaultVest|Sharpness|CeaselessEdge,SuckerPunch,SacredSword,AquaCutter|||M|||50|,,,,,Ghost]Hydreigon||ChoiceSpecs|Levitate|DarkPulse,DracoMeteor,HeatWave,FlashCannon|||M|||50|,,,,,Fire]Whimsicott||FocusSash|Prankster|Moonblast,Tailwind,SunnyDay,Encore|||F|||50|,,,,,Ghost]Garchomp||LifeOrb|RoughSkin|Protect,StompingTantrum,Earthquake,DragonClaw|||F|||50|,,,,,Steel]Clefable||SitrusBerry|Unaware|Moonblast,MistyTerrain,FollowMe,Protect|||F|||50|,,,,,Water
|inactive|Battle timer is ON: inactive players will automatically lose when time's up. (requested by ethnol1816)
|inactive|ethnol1816 has 60 seconds left.
|
|t:|1757667501
|teamsize|p1|4
|teamsize|p2|4
|start
|switch|p1a: Rillaboom|Rillaboom, L50, M, shiny|100/100
|switch|p1b: Sneasler|Sneasler, L50, M, shiny|100/100
|switch|p2a: chompy|Garchomp, L50, F|100/100
|switch|p2b: hyculese|Hydreigon, L50, M, shiny|100/100
|-fieldstart|move: Grassy Terrain|[from] ability: Grassy Surge|[of] p1a: Rillaboom
|-enditem|p1b: Sneasler|Grassy Seed
|-boost|p1b: Sneasler|def|1|[from] item: Grassy Seed
|turn|1
|
|t:|1757667518
|-terastallize|p2b: hyculese|Fire
|move|p1a: Rillaboom|Fake Out|p2b: hyculese
|-crit|p2b: hyculese
|-damage|p2b: hyculese|81/100
|move|p1b: Sneasler|Close Combat|p2b: hyculese
|-damage|p2b: hyculese|9/100
|-unboost|p1b: Sneasler|def|1
|-unboost|p1b: Sneasler|spd|1
|move|p2a: chompy|Stomping Tantrum|p1b: Sneasler
|-supereffective|p1b: Sneasler
|-damage|p1b: Sneasler|0 fnt
|faint|p1b: Sneasler
|-damage|p2a: chompy|91/100|[from] item: Life Orb
|cant|p2b: hyculese|flinch
|
|-heal|p2a: chompy|97/100|[from] Grassy Terrain
|upkeep
|
|t:|1757667531
|switch|p1b: Pelipper|Pelipper, L50, M|100/100
|-weather|RainDance|[from] ability: Drizzle|[of] p1b: Pelipper
|turn|2
|
|t:|1757667554
|move|p1a: Rillaboom|Grassy Glide|p2b: hyculese
|-resisted|p2b: hyculese
|-damage|p2b: hyculese|0 fnt
|faint|p2b: hyculese
|move|p2a: chompy|Dragon Claw|p1b: Pelipper
|-damage|p1b: Pelipper|48/100
|-damage|p2a: chompy|87/100|[from] item: Life Orb
|move|p1b: Pelipper|Tailwind|p1b: Pelipper
|-sidestart|p1: katusso|move: Tailwind
|
|-weather|RainDance|[upkeep]
|-heal|p2a: chompy|93/100|[from] Grassy Terrain
|upkeep
|
|t:|1757667565
|switch|p2b: nsdr trdng|Gholdengo, L50|100/100
|turn|3
|
|t:|1757667575
|move|p2b: nsdr trdng|Protect|p2b: nsdr trdng
|-singleturn|p2b: nsdr trdng|Protect
|move|p1b: Pelipper|Hurricane|p2b: nsdr trdng
|-activate|p2b: nsdr trdng|move: Protect
|move|p1a: Rillaboom|Wood Hammer|p2a: chompy
|-damage|p2a: chompy|11/100
|-damage|p1a: Rillaboom|88/100|[from] ability: Rough Skin|[of] p2a: chompy
|-damage|p1a: Rillaboom|64/100|[from] Recoil
|move|p2a: chompy|Dragon Claw|p1b: Pelipper
|-damage|p1b: Pelipper|0 fnt
|faint|p1b: Pelipper
|-damage|p2a: chompy|1/100|[from] item: Life Orb
|
|-weather|RainDance|[upkeep]
|-heal|p1a: Rillaboom|70/100|[from] Grassy Terrain
|-heal|p2a: chompy|7/100|[from] Grassy Terrain
|upkeep
|
|t:|1757667585
|switch|p1b: Archaludon|Archaludon, L50, F, shiny|100/100
|turn|4
|inactive|ethnol1816 has 30 seconds left.
|
|t:|1757667614
|-terastallize|p1b: Archaludon|Electric
|move|p2a: chompy|Protect|p2a: chompy
|-singleturn|p2a: chompy|Protect
|move|p1a: Rillaboom|Grassy Glide|p2a: chompy
|-activate|p2a: chompy|move: Protect
|move|p1b: Archaludon|Electro Shot||[still]
|-prepare|p1b: Archaludon|Electro Shot
|-boost|p1b: Archaludon|spa|1
|-anim|p1b: Archaludon|Electro Shot|p2b: nsdr trdng
|-damage|p2b: nsdr trdng|0 fnt
|faint|p2b: nsdr trdng
|
|-weather|RainDance|[upkeep]
|-heal|p1a: Rillaboom|76/100|[from] Grassy Terrain
|-heal|p2a: chompy|13/100|[from] Grassy Terrain
|upkeep
|
|t:|1757667627
|switch|p2b: carson|Samurott-Hisui, L50, M|100/100
|turn|5
|inactive|ethnol1816 has 30 seconds left.
|inactive|ethnol1816 has 20 seconds left.
|
|t:|1757667664
|move|p2a: chompy|Protect||[still]
|-fail|p2a: chompy
|move|p1a: Rillaboom|Grassy Glide|p2a: chompy
|-damage|p2a: chompy|0 fnt
|-damage|p1a: Rillaboom|64/100|[from] ability: Rough Skin|[of] p2a: chompy
|faint|p2a: chompy
|move|p1b: Archaludon|Electro Shot||[still]
|-prepare|p1b: Archaludon|Electro Shot
|-boost|p1b: Archaludon|spa|1
|-anim|p1b: Archaludon|Electro Shot|p2b: carson
|-supereffective|p2b: carson
|-damage|p2b: carson|0 fnt
|faint|p2b: carson
|
|win|katusso
||ethnol1816 is ready for game 3.
||katusso is ready for game 3.
|uhtml|next|Next: Game 3 of 3
|l|☆katusso
|player|p1|
|l|☆ethnol1816
|player|p2|
