|j|☆KodeBeast0526
|j|☆Risklineing
|html|KodeBeast0526Risklineing    
|uhtml|bestof|Game 2 of a best-of-3
|t:|1784817044
|gametype|doubles
|player|p1|KodeBeast0526|hiker|1205
|player|p2|Risklineing|2|1196
|gen|9
|tier|[Gen 9 Champions] VGC 2026 Reg M-B (Bo3)
|rated|
|rule|Species Clause: Limit one of each Pokémon
|rule|Item Clause: Limit 1 of each item
|clearpoke
|poke|p1|Tyranitar, L50, F|
|poke|p1|Excadrill, L50, F|
|poke|p1|Milotic, L50, F|
|poke|p1|Sinistcha, L50|
|poke|p1|Staraptor, L50, F|
|poke|p1|Gholdengo, L50|
|poke|p2|Staraptor, L50, M|
|poke|p2|Whimsicott, L50, M|
|poke|p2|Gholdengo, L50|
|poke|p2|Sinistcha, L50|
|poke|p2|Ceruledge, L50, M|
|poke|p2|Zoroark-Hisui, L50, F, shiny|
|teampreview|4
|showteam|p1|Tyranitar||Tyranitarite|SandStream|KnockOff,RockSlide,HighHorsepower,Protect|Jolly||F|||50|]Excadrill||FocusSash|SandRush|Earthquake,IronHead,RockSlide,Protect|Adamant||F|||50|]Milotic||SitrusBerry|Competitive|Scald,IcyWind,Haze,Protect|Calm||F|||50|]Sinistcha||ColburBerry|Hospitality|MatchaGotcha,ShadowBall,Protect,RagePowder|Bold|||||50|]Staraptor||Staraptite|Intimidate|CloseCombat,BraveBird,Tailwind,Protect|Jolly||F|||50|]Gholdengo||LifeOrb|GoodasGold|MakeItRain,ShadowBall,NastyPlot,Protect|Modest|||||50|
|showteam|p2|Staraptor||Staraptite|Intimidate|BraveBird,CloseCombat,Protect,Roost|Adamant||M|||50|]Whimsicott||FocusSash|Prankster|Tailwind,Charm,FakeTears,Moonblast|Modest||M|||50|]Gholdengo||LifeOrb|GoodasGold|NastyPlot,ShadowBall,MakeItRain,Protect|Modest|||||50|]Sinistcha||SitrusBerry|Hospitality|RagePowder,TrickRoom,MatchaGotcha,StrengthSap|Calm|||||50|]Ceruledge||Leftovers|FlashFire|BulkUp,BitterBlade,CloseCombat,ShadowSneak|Brave||M|||50|]Zoroark-Hisui||ChoiceScarf|Illusion|BitterMalice,HyperVoice,IcyWind,Extrasensory|Modest||F|||50|
|
|t:|1784817075
|teamsize|p1|4
|teamsize|p2|4
|start
|switch|p1a: Milotic|Milotic, L50, F|100/100
|switch|p1b: Staraptor|Staraptor, L50, F|100/100
|switch|p2a: Staraptor|Staraptor, L50, M|100/100
|switch|p2b: Whimsicott|Whimsicott, L50, M|100/100
|-ability|p1b: Staraptor|Intimidate|boost
|-unboost|p2a: Staraptor|atk|1
|-unboost|p2b: Whimsicott|atk|1
|-ability|p2a: Staraptor|Intimidate|boost
|-unboost|p1a: Milotic|atk|1
|-ability|p1a: Milotic|Competitive|boost
|-boost|p1a: Milotic|spa|2
|-unboost|p1b: Staraptor|atk|1
|turn|1
|
|t:|1784817105
|switch|p2a: Gholdengo|Gholdengo, L50|100/100
|move|p2b: Whimsicott|Hyper Voice|p1a: Milotic|[spread] p1a,p1b
|-damage|p1a: Milotic|74/100
|-damage|p1b: Staraptor|51/100
|move|p1b: Staraptor|Tailwind|p1b: Staraptor
|-sidestart|p1: KodeBeast0526|move: Tailwind
|move|p1a: Milotic|Scald|p2a: Gholdengo
|-damage|p2a: Gholdengo|39/100
|-status|p2a: Gholdengo|brn
|
|-damage|p2a: Gholdengo|33/100 brn|[from] brn
|upkeep
|turn|2
|
|t:|1784817129
|detailschange|p1b: Staraptor|Staraptor-Mega, L50, F
|-mega|p1b: Staraptor|Staraptor|Staraptite
|move|p1b: Staraptor|Brave Bird|p2b: Whimsicott
|-damage|p2b: Whimsicott|31/100
|replace|p2b: Zoroark|Zoroark-Hisui, L50, F, shiny
|-end|p2b: Zoroark|Illusion
|-damage|p1b: Staraptor|35/100|[from] Recoil
|move|p2b: Zoroark|Hyper Voice|p1b: Staraptor|[spread] p1a,p1b
|-damage|p1a: Milotic|48/100
|-damage|p1b: Staraptor|0 fnt
|-enditem|p1a: Milotic|Sitrus Berry|[eat]
|-heal|p1a: Milotic|73/100|[from] item: Sitrus Berry
|faint|p1b: Staraptor
|move|p1a: Milotic|Scald|p2a: Gholdengo
|-damage|p2a: Gholdengo|0 fnt
|faint|p2a: Gholdengo
|
|upkeep
|
|t:|1784817147
|switch|p1b: Sinistcha|Sinistcha, L50|100/100
|switch|p2a: Whimsicott|Whimsicott, L50, M|100/100
|-heal|p1a: Milotic|97/100|[from] ability: Hospitality|[of] p1b: Sinistcha
|turn|3
|
|t:|1784817167
|switch|p2b: Staraptor|Staraptor, L50, M|100/100
|-ability|p2b: Staraptor|Intimidate|boost
|-unboost|p1a: Milotic|atk|1
|-ability|p1a: Milotic|Competitive|boost
|-boost|p1a: Milotic|spa|2
|-unboost|p1b: Sinistcha|atk|1
|move|p2a: Whimsicott|Tailwind|p2a: Whimsicott
|-sidestart|p2: Risklineing|move: Tailwind
|move|p1a: Milotic|Icy Wind|p2b: Staraptor|[spread] p2a,p2b
|-supereffective|p2a: Whimsicott|1
|-supereffective|p2b: Staraptor|1
|-enditem|p2a: Whimsicott|Focus Sash
|-damage|p2a: Whimsicott|1/100
|-damage|p2b: Staraptor|35/100
|-unboost|p2a: Whimsicott|spe|1
|-unboost|p2b: Staraptor|spe|1
|move|p1b: Sinistcha|Matcha Gotcha|p2a: Whimsicott|[spread] p2a,p2b
|-resisted|p2a: Whimsicott|1
|-resisted|p2b: Staraptor|1
|-damage|p2a: Whimsicott|0 fnt
|-damage|p2b: Staraptor|23/100
|faint|p2a: Whimsicott
|
|upkeep
|
|t:|1784817192
|switch|p2a: Staraptor|Staraptor, L50, M|31/100
|turn|4
|
|t:|1784817207
|detailschange|p2b: Staraptor|Staraptor-Mega, L50, M
|-mega|p2b: Staraptor|Staraptor|Staraptite
|move|p2b: Staraptor|Protect|p2b: Staraptor
|-singleturn|p2b: Staraptor|Protect
|move|p2a: Staraptor|Bitter Malice|p1b: Sinistcha
|-supereffective|p1b: Sinistcha|1
|-damage|p1b: Sinistcha|17/100
|-unboost|p1b: Sinistcha|atk|1
|move|p1a: Milotic|Icy Wind|p2a: Staraptor|[spread] p2a
|-activate|p2b: Staraptor|move: Protect
|-damage|p2a: Staraptor|0 fnt
|replace|p2a: Zoroark|Zoroark-Hisui, L50, F, shiny
|-end|p2a: Zoroark|Illusion
|faint|p2a: Zoroark
|move|p1b: Sinistcha|Matcha Gotcha|p2b: Staraptor
|-activate|p2b: Staraptor|move: Protect
|
|-sideend|p1: KodeBeast0526|move: Tailwind
|upkeep
|turn|5
|
|t:|1784817229
|move|p1b: Sinistcha|Rage Powder|p1b: Sinistcha
|-singleturn|p1b: Sinistcha|move: Rage Powder
|move|p2b: Staraptor|Close Combat|p1b: Sinistcha
|-immune|p1b: Sinistcha
|move|p1a: Milotic|Scald|p2b: Staraptor
|-damage|p2b: Staraptor|0 fnt
|faint|p2b: Staraptor
|
|win|KodeBeast0526
