|j|☆Veiledvgc
|j|☆raksbach123
|html|Veiledvgcraksbach123    
|uhtml|bestof|Game 1 of a best-of-3
|t:|1784646688
|gametype|doubles
|player|p1|Veiledvgc|1|1136
|player|p2|raksbach123|266|1158
|gen|9
|tier|[Gen 9 Champions] VGC 2026 Reg M-B (Bo3)
|rated|
|rule|Species Clause: Limit one of each Pokémon
|rule|Item Clause: Limit 1 of each item
|clearpoke
|poke|p1|Pidgeot, L50, M|
|poke|p1|Garchomp, L50, F|
|poke|p1|Whimsicott, L50, F|
|poke|p1|Basculegion, L50, M|
|poke|p1|Incineroar, L50, F|
|poke|p1|Farigiraf, L50, F|
|poke|p2|Incineroar, L50, F|
|poke|p2|Kingambit, L50, F|
|poke|p2|Sinistcha, L50|
|poke|p2|Sneasler, L50, F|
|poke|p2|Blastoise, L50, F|
|poke|p2|Delphox, L50, M|
|teampreview|4
|showteam|p1|Pidgeot||Pidgeotite|KeenEye|Hurricane,HeatWave,HyperBeam,Protect|Modest||M|||50|]Garchomp||LifeOrb|RoughSkin|Earthquake,DragonClaw,RockSlide,Protect|Jolly||F|||50|]Whimsicott||FocusSash|Prankster|Moonblast,Tailwind,Encore,SunnyDay|Timid||F|||50|]Basculegion||ChoiceScarf|Adaptability|LastRespects,WaveCrash,FlipTurn,AquaJet|Jolly||M|||50|]Incineroar||SitrusBerry|Intimidate|FakeOut,PartingShot,ThroatChop,FlareBlitz|Careful||F|||50|]Farigiraf||Leftovers|ArmorTail|Thunderbolt,Psychic,Imprison,Protect|Bold||F|||50|
|showteam|p2|Incineroar||SitrusBerry|Intimidate|FakeOut,FlareBlitz,ThroatChop,PartingShot|Impish||F|||50|]Kingambit||BlackGlasses|Defiant|KowtowCleave,SuckerPunch,SwordsDance,Protect|Adamant||F|||50|]Sinistcha||OccaBerry|Hospitality|MatchaGotcha,RagePowder,TrickRoom,Protect|Relaxed|||||50|]Sneasler||FocusSash|PoisonTouch|FakeOut,CloseCombat,PoisonJab,QuickGuard|Jolly||F|||50|]Blastoise||Blastoisinite|RainDish|WaterSpout,DarkPulse,ShellSmash,Protect|Modest||F|||50|]Delphox||Delphoxite|Blaze|HeatWave,Psychic,NastyPlot,Protect|Timid||M|||50|
|inactive|Battle timer is ON: inactive players will automatically lose when time's up. (requested by raksbach123)
|
|t:|1784646708
|teamsize|p1|4
|teamsize|p2|4
|start
|switch|p1a: Pidgeot|Pidgeot, L50, M|100/100
|switch|p1b: Whimsicott|Whimsicott, L50, F|100/100
|switch|p2a: Incineroar|Incineroar, L50, F|100/100
|switch|p2b: Sneasler|Sneasler, L50, F|100/100
|-ability|p2a: Incineroar|Intimidate|boost
|-unboost|p1a: Pidgeot|atk|1
|-unboost|p1b: Whimsicott|atk|1
|turn|1
|
|t:|1784646731
|detailschange|p1a: Pidgeot|Pidgeot-Mega, L50, M
|-mega|p1a: Pidgeot|Pidgeot|Pidgeotite
|move|p2a: Incineroar|Fake Out|p1b: Whimsicott
|-damage|p1b: Whimsicott|83/100
|cant|p1b: Whimsicott|flinch
|move|p2b: Sneasler|Poison Jab|p1b: Whimsicott
|-supereffective|p1b: Whimsicott|2
|-crit|p1b: Whimsicott
|-damage|p1b: Whimsicott|0 fnt
|faint|p1b: Whimsicott
|move|p1a: Pidgeot|Hurricane|p2b: Sneasler
|-supereffective|p2b: Sneasler|1
|-enditem|p2b: Sneasler|Focus Sash
|-damage|p2b: Sneasler|1/100
|
|upkeep
|
|t:|1784646744
|switch|p1b: Garchomp|Garchomp, L50, F|100/100
|turn|2
|
|t:|1784646757
|move|p1a: Pidgeot|Protect|p1a: Pidgeot
|-singleturn|p1a: Pidgeot|Protect
|move|p2b: Sneasler|Close Combat|p1a: Pidgeot
|-activate|p1a: Pidgeot|move: Protect
|move|p1b: Garchomp|Earthquake|p2a: Incineroar|[spread] p2a,p2b
|-activate|p1a: Pidgeot|move: Protect
|-supereffective|p2a: Incineroar|1
|-supereffective|p2b: Sneasler|1
|-damage|p2a: Incineroar|7/100
|-damage|p2b: Sneasler|0 fnt
|-enditem|p2a: Incineroar|Sitrus Berry|[eat]
|-heal|p2a: Incineroar|32/100|[from] item: Sitrus Berry
|faint|p2b: Sneasler
|-damage|p1b: Garchomp|90/100|[from] item: Life Orb
|move|p2a: Incineroar|Parting Shot|p1b: Garchomp
|-unboost|p1b: Garchomp|atk|1
|-unboost|p1b: Garchomp|spa|1
|
|t:|1784646775
|switch|p2a: Blastoise|Blastoise, L50, F|100/100|[from] Parting Shot
|
|upkeep
|
|t:|1784646779
|switch|p2b: Incineroar|Incineroar, L50, F|32/100
|-ability|p2b: Incineroar|Intimidate|boost
|-unboost|p1a: Pidgeot|atk|1
|-unboost|p1b: Garchomp|atk|1
|turn|3
|
|t:|1784646796
|detailschange|p2a: Blastoise|Blastoise-Mega, L50, F
|-mega|p2a: Blastoise|Blastoise|Blastoisinite
|move|p2b: Incineroar|Fake Out|p1a: Pidgeot
|-damage|p1a: Pidgeot|86/100
|cant|p1a: Pidgeot|flinch
|move|p1b: Garchomp|Earthquake|p2a: Blastoise|[spread] p2a,p2b
|-immune|p1a: Pidgeot
|-supereffective|p2b: Incineroar|1
|-damage|p2a: Blastoise|77/100
|-damage|p2b: Incineroar|0 fnt
|faint|p2b: Incineroar
|-damage|p1b: Garchomp|80/100|[from] item: Life Orb
|move|p2a: Blastoise|Shell Smash|p2a: Blastoise
|-unboost|p2a: Blastoise|def|1
|-unboost|p2a: Blastoise|spd|1
|-boost|p2a: Blastoise|atk|2
|-boost|p2a: Blastoise|spa|2
|-boost|p2a: Blastoise|spe|2
|
|upkeep
|
|t:|1784646812
|switch|p2b: Kingambit|Kingambit, L50, F|100/100
|turn|4
|
|t:|1784646821
|move|p2b: Kingambit|Sucker Punch|p1a: Pidgeot
|-damage|p1a: Pidgeot|33/100
|move|p2a: Blastoise|Water Spout|p1b: Garchomp|[spread] p1a,p1b
|-damage|p1a: Pidgeot|0 fnt
|-damage|p1b: Garchomp|0 fnt
|faint|p1a: Pidgeot
|faint|p1b: Garchomp
|
|upkeep
|
|t:|1784646826
|switch|p1b: Basculegion|Basculegion, L50, M|100/100
|turn|5
|
|t:|1784646834
|move|p2a: Blastoise|Dark Pulse|p1b: Basculegion
|-supereffective|p1b: Basculegion|1
|-damage|p1b: Basculegion|0 fnt
|faint|p1b: Basculegion
|
|win|raksbach123
