|j|☆fesgtep
|j|☆beckybug
|html|fesgtepbeckybug    
|uhtml|bestof|Game 2 of a best-of-3
|t:|1784327755
|gametype|doubles
|player|p1|fesgtep|1|1381
|player|p2|beckybug|briar|1280
|gen|9
|tier|[Gen 9 Champions] VGC 2026 Reg M-B (Bo3)
|rated|
|rule|Species Clause: Limit one of each Pokémon
|rule|Item Clause: Limit 1 of each item
|clearpoke
|poke|p1|Gengar, L50, F|
|poke|p1|Incineroar, L50, F|
|poke|p1|Politoed, L50, M|
|poke|p1|Sinistcha, L50|
|poke|p1|Swampert, L50, F|
|poke|p1|Kingambit, L50, F|
|poke|p2|Charizard, L50, M|
|poke|p2|Venusaur, L50, M|
|poke|p2|Pelipper, L50, M|
|poke|p2|Archaludon, L50, M|
|poke|p2|Grimmsnarl, L50, M|
|poke|p2|Basculegion, L50, M|
|teampreview|4
|showteam|p1|Gengar||Gengarite|CursedBody|ShadowBall,WillOWisp,PerishSong,Protect|Timid||F|||50|]Incineroar||ChopleBerry|Intimidate|FakeOut,FlareBlitz,PartingShot,Protect|Sassy||F|||50|]Politoed||SitrusBerry|Drizzle|PerishSong,WeatherBall,Encore,Protect|Calm||M|||50|]Sinistcha||CobaBerry|Hospitality|MatchaGotcha,RagePowder,TrickRoom,Protect|Modest|||||50|]Swampert||Swampertite|Torrent|WaveCrash,HighHorsepower,IcePunch,Protect|Adamant||F|||50|]Kingambit||BlackGlasses|Defiant|KowtowCleave,SuckerPunch,SwordsDance,Protect|Adamant||F|||50|
|showteam|p2|Charizard||CharizarditeY|Blaze|WeatherBall,HeatWave,SolarBeam,Protect|Modest||M|||50|]Venusaur||FocusSash|Chlorophyll|SludgeBomb,EarthPower,SleepPowder,Protect|Modest||M|||50|]Pelipper||SitrusBerry|Drizzle|WeatherBall,Hurricane,Tailwind,Protect|Modest||M|||50|]Archaludon||Leftovers|Stamina|FlashCannon,DragonPulse,ElectroShot,Protect|Calm||M|||50|]Grimmsnarl||LightClay|Prankster|SpiritBreak,PartingShot,Reflect,LightScreen|Sassy||M|||50|]Basculegion||ChoiceScarf|Adaptability|WaveCrash,LastRespects,AquaJet,FlipTurn|Jolly||M|||50|
|inactive|Battle timer is ON: inactive players will automatically lose when time's up. (requested by fesgtep)
|
|t:|1784327782
|teamsize|p1|4
|teamsize|p2|4
|start
|switch|p1a: Sinistcha|Sinistcha, L50|100/100
|switch|p1b: Incineroar|Incineroar, L50, F|100/100
|switch|p2a: Charizard|Charizard, L50, M|100/100
|switch|p2b: Basculegion|Basculegion, L50, M|100/100
|-ability|p1b: Incineroar|Intimidate|boost
|-unboost|p2a: Charizard|atk|1
|-unboost|p2b: Basculegion|atk|1
|turn|1
|
|t:|1784327792
|detailschange|p2a: Charizard|Charizard-Mega-Y, L50, M
|-mega|p2a: Charizard|Charizard|Charizardite Y
|-weather|SunnyDay|[from] ability: Drought|[of] p2a: Charizard
|move|p1b: Incineroar|Fake Out|p2a: Charizard
|-damage|p2a: Charizard|88/100
|move|p2b: Basculegion|Flip Turn|p1b: Incineroar
|-supereffective|p1b: Incineroar|1
|-damage|p1b: Incineroar|80/100
|
|t:|1784327802
|switch|p2b: Venusaur|Venusaur, L50, M|100/100|[from] Flip Turn
|cant|p2a: Charizard|flinch
|move|p1a: Sinistcha|Trick Room|p1a: Sinistcha
|-fieldstart|move: Trick Room|[of] p1a: Sinistcha
|
|-weather|SunnyDay|[upkeep]
|upkeep
|turn|2
|inactive|fesgtep has 30 seconds left.
|inactive|fesgtep has 20 seconds left.
|inactive|fesgtep has 15 seconds left.
|
|t:|1784327843
|switch|p1a: Kingambit|Kingambit, L50, F|100/100
|move|p2b: Venusaur|Protect|p2b: Venusaur
|-singleturn|p2b: Venusaur|Protect
|move|p1b: Incineroar|Parting Shot|p2a: Charizard
|-unboost|p2a: Charizard|atk|1
|-unboost|p2a: Charizard|spa|1
|
|t:|1784327849
|switch|p1b: Politoed|Politoed, L50, M|100/100|[from] Parting Shot
|-weather|RainDance|[from] ability: Drizzle|[of] p1b: Politoed
|move|p2a: Charizard|Weather Ball|p1a: Kingambit
|-damage|p1a: Kingambit|61/100
|
|-weather|RainDance|[upkeep]
|upkeep
|turn|3
|
|t:|1784327874
|switch|p2a: Pelipper|Pelipper, L50, M|100/100
|move|p1a: Kingambit|Swords Dance|p1a: Kingambit
|-boost|p1a: Kingambit|atk|2
|move|p1b: Politoed|Encore|p2b: Venusaur
|-start|p2b: Venusaur|Encore
|move|p2b: Venusaur|Protect||[still]
|-fail|p2b: Venusaur
|
|-weather|RainDance|[upkeep]
|upkeep
|turn|4
|inactive|fesgtep has 30 seconds left.
|
|t:|1784327900
|switch|p1b: Sinistcha|Sinistcha, L50|100/100
|-heal|p1a: Kingambit|86/100|[from] ability: Hospitality|[of] p1b: Sinistcha
|move|p2b: Venusaur|Protect|p2b: Venusaur
|-singleturn|p2b: Venusaur|Protect
|move|p1a: Kingambit|Kowtow Cleave|p2a: Pelipper
|-damage|p2a: Pelipper|0 fnt
|faint|p2a: Pelipper
|
|-weather|RainDance|[upkeep]
|upkeep
|
|t:|1784327912
|switch|p2a: Charizard|Charizard-Mega-Y, L50, M|88/100
|-weather|SunnyDay|[from] ability: Drought|[of] p2a: Charizard
|turn|5
|
|t:|1784327925
|switch|p1b: Politoed|Politoed, L50, M|100/100
|-weather|RainDance|[from] ability: Drizzle|[of] p1b: Politoed
|move|p2b: Venusaur|Protect||[still]
|-fail|p2b: Venusaur
|move|p1a: Kingambit|Kowtow Cleave|p2b: Venusaur
|-enditem|p2b: Venusaur|Focus Sash
|-damage|p2b: Venusaur|1/100
|move|p2a: Charizard|Heat Wave|p1a: Kingambit|[spread] p1a,p1b
|-supereffective|p1a: Kingambit|1
|-resisted|p1b: Politoed|1
|-damage|p1a: Kingambit|47/100
|-damage|p1b: Politoed|92/100
|
|-weather|RainDance|[upkeep]
|-end|p2b: Venusaur|Encore
|-fieldend|move: Trick Room
|upkeep
|turn|6
|inactive|fesgtep has 30 seconds left.
|inactive|fesgtep has 20 seconds left.
|inactive|fesgtep has 15 seconds left.
|inactive|fesgtep has 10 seconds left.
|
|t:|1784327973
|move|p2a: Charizard|Weather Ball|p1a: Kingambit
|-damage|p1a: Kingambit|0 fnt
|faint|p1a: Kingambit
|move|p2b: Venusaur|Sleep Powder|p1b: Politoed
|-status|p1b: Politoed|slp|[from] move: Sleep Powder
|cant|p1b: Politoed|slp
|
|-weather|RainDance|[upkeep]
|upkeep
|
|t:|1784327979
|switch|p1a: Incineroar|Incineroar, L50, F|80/100
|-ability|p1a: Incineroar|Intimidate|boost
|-unboost|p2a: Charizard|atk|1
|-unboost|p2b: Venusaur|atk|1
|turn|7
|
|t:|1784327995
|switch|p2a: Basculegion|Basculegion, L50, M|100/100
|move|p2b: Venusaur|Protect|p2b: Venusaur
|-singleturn|p2b: Venusaur|Protect
|-curestatus|p1b: Politoed|slp|[msg]
|move|p1b: Politoed|Weather Ball|p2a: Basculegion
|-resisted|p2a: Basculegion|1
|-damage|p2a: Basculegion|69/100
|move|p1a: Incineroar|Parting Shot|p2b: Venusaur
|-activate|p2b: Venusaur|move: Protect
|
|-weather|RainDance|[upkeep]
|upkeep
|turn|8
|
|t:|1784328017
|move|p2a: Basculegion|Wave Crash|p1a: Incineroar
|-supereffective|p1a: Incineroar|1
|-damage|p1a: Incineroar|0 fnt
|faint|p1a: Incineroar
|-damage|p2a: Basculegion|42/100|[from] Recoil
|move|p2b: Venusaur|Sleep Powder|p1b: Politoed
|-status|p1b: Politoed|slp|[from] move: Sleep Powder
|cant|p1b: Politoed|slp
|
|-weather|RainDance|[upkeep]
|upkeep
|
|t:|1784328024
|switch|p1a: Sinistcha|Sinistcha, L50|100/100
|-heal|p1b: Politoed|100/100 slp|[from] ability: Hospitality|[of] p1a: Sinistcha
|turn|9
|
|t:|1784328039
|switch|p2a: Charizard|Charizard-Mega-Y, L50, M|88/100
|-weather|SunnyDay|[from] ability: Drought|[of] p2a: Charizard
|move|p2b: Venusaur|Sludge Bomb|p1a: Sinistcha
|-damage|p1a: Sinistcha|52/100
|-status|p1a: Sinistcha|psn
|cant|p1b: Politoed|slp
|move|p1a: Sinistcha|Trick Room|p1a: Sinistcha
|-fieldstart|move: Trick Room|[of] p1a: Sinistcha
|
|-weather|SunnyDay|[upkeep]
|-damage|p1a: Sinistcha|39/100 psn|[from] psn
|upkeep
|turn|10
|
|t:|1784328060
|move|p1a: Sinistcha|Matcha Gotcha|p2b: Venusaur|[spread] p2a,p2b
|-resisted|p2a: Charizard|2
|-resisted|p2b: Venusaur|2
|-damage|p2a: Charizard|82/100
|-heal|p1a: Sinistcha|43/100 psn|[from] drain|[of] p2a: Charizard
|-damage|p2b: Venusaur|0 fnt
|-heal|p1a: Sinistcha|43/100 psn|[from] drain|[of] p2b: Venusaur
|faint|p2b: Venusaur
|-curestatus|p1b: Politoed|slp|[msg]
|move|p1b: Politoed|Weather Ball|p2a: Charizard
|-resisted|p2a: Charizard|1
|-damage|p2a: Charizard|67/100
|move|p2a: Charizard|Heat Wave|p1b: Politoed|[spread] p1a,p1b
|-supereffective|p1a: Sinistcha|1
|-resisted|p1b: Politoed|1
|-damage|p1a: Sinistcha|0 fnt
|-damage|p1b: Politoed|78/100
|faint|p1a: Sinistcha
|
|-weather|SunnyDay|[upkeep]
|upkeep
|
|t:|1784328077
|switch|p2b: Basculegion|Basculegion, L50, M|42/100
|turn|11
|
|t:|1784328086
|move|p1b: Politoed|Perish Song|p1b: Politoed
|-start|p1b: Politoed|perish3|[silent]
|-start|p2a: Charizard|perish3|[silent]
|-start|p2b: Basculegion|perish3|[silent]
|-fieldactivate|move: Perish Song
|move|p2a: Charizard|Solar Beam||[still]
|-prepare|p2a: Charizard|Solar Beam
|-anim|p2a: Charizard|Solar Beam|p1b: Politoed
|-supereffective|p1b: Politoed|1
|-damage|p1b: Politoed|13/100
|-enditem|p1b: Politoed|Sitrus Berry|[eat]
|-heal|p1b: Politoed|38/100|[from] item: Sitrus Berry
|move|p2b: Basculegion|Last Respects|p1b: Politoed
|-damage|p1b: Politoed|0 fnt
|faint|p1b: Politoed
|
|win|beckybug
|raw|fesgtep's rating: 1381 → 1355(-26 for losing)
|raw|beckybug's rating: 1280 → 1312(+32 for winning)
|l|☆fesgtep
|player|p1|
|l|☆beckybug
|player|p2|
|j|☆beckybug
|player|p2|beckybug|briar|
