|j|☆HikariVT
|j|☆Notaplaceofhonor
|html|HikariVTNotaplaceofhonor    
|uhtml|bestof|Game 2 of a best-of-3
|t:|1757804320
|gametype|doubles
|player|p1|HikariVT|lillie-masters2|1216
|player|p2|Notaplaceofhonor|juan-gen3|1113
|gen|9
|tier|[Gen 9] VGC 2025 Reg H (Bo3)
|rated|
|rule|Species Clause: Limit one of each Pokémon
|rule|Item Clause: Limit 1 of each item
|clearpoke
|poke|p1|Weavile, L50, M|
|poke|p1|Jumpluff, L50, M|
|poke|p1|Torkoal, L50, M|
|poke|p1|Charizard, L50, F|
|poke|p1|Ursaluna, L50, M|
|poke|p1|Gholdengo, L50|
|poke|p2|Ursaluna, L50, M|
|poke|p2|Incineroar, L50, M|
|poke|p2|Archaludon, L50, M|
|poke|p2|Pelipper, L50, M|
|poke|p2|Basculegion, L50, M|
|poke|p2|Sinistcha, L50|
|teampreview|4
|showteam|p1|Weavile||WideLens|Pressure|FakeOut,TripleAxel,KnockOff,IcyWind|||M|||50|,,,,,Stellar]Jumpluff||CovertCloak|Chlorophyll|Encore,Tailwind,RagePowder,SunnyDay|||M|||50|,,,,,Poison]Torkoal||EjectPack|Drought|Overheat,Protect,HelpingHand,BodyPress|||M|||50|,,,,,Dragon]Charizard||ChoiceSpecs|SolarPower|HeatWave,SolarBeam,WeatherBall,BlastBurn|||F|||50|,,,,,Fire]Ursaluna||FlameOrb|Guts|Earthquake,Facade,Protect,HeadlongRush|||M|||50|,,,,,Ghost]Gholdengo||ChoiceScarf|GoodasGold|ShadowBall,MakeItRain,Thunderbolt,Trick||||||50|,,,,,Steel
|showteam|p2|Ursaluna||FlameOrb|Guts|Protect,Facade,Earthquake,HeadlongRush|||M|||50|,,,,,Ghost]Incineroar||SafetyGoggles|Intimidate|Taunt,FakeOut,KnockOff,PartingShot|||M|||50|,,,,,Ghost]Archaludon||AssaultVest|Stamina|ElectroShot,Snarl,DracoMeteor,BodyPress|||M|||50|,,,,,Grass]Pelipper||FocusSash|Drizzle|Hurricane,WeatherBall,Tailwind,Protect|||M|||50|,,,,,Ghost]Basculegion||ChoiceScarf|Adaptability|WaveCrash,LastRespects,FlipTurn,AquaJet|||M|||50|,,,,,Water]Sinistcha||SitrusBerry|Hospitality|MatchaGotcha,TrickRoom,RagePowder,LifeDew||||||50|,,,,,Water
|inactive|Battle timer is ON: inactive players will automatically lose when time's up. (requested by HikariVT)
|
|t:|1757804343
|teamsize|p1|4
|teamsize|p2|4
|start
|switch|p1a: Jumpluff|Jumpluff, L50, M|100/100
|switch|p1b: Torkoal|Torkoal, L50, M|100/100
|switch|p2a: Incineroar|Incineroar, L50, M|100/100
|switch|p2b: Sinistcha|Sinistcha, L50|100/100
|-ability|p2a: Incineroar|Intimidate|boost
|-unboost|p1a: Jumpluff|atk|1
|-unboost|p1b: Torkoal|atk|1
|-weather|SunnyDay|[from] ability: Drought|[of] p1b: Torkoal
|-enditem|p1b: Torkoal|Eject Pack
|
|t:|1757804355
|switch|p1b: Ursaluna|Ursaluna, L50, M|100/100
|turn|1
|
|t:|1757804376
|switch|p1a: Torkoal|Torkoal, L50, M|100/100
|move|p1b: Ursaluna|Headlong Rush|p2a: Incineroar
|-supereffective|p2a: Incineroar
|-damage|p2a: Incineroar|0 fnt
|-unboost|p1b: Ursaluna|def|1
|-unboost|p1b: Ursaluna|spd|1
|faint|p2a: Incineroar
|move|p2b: Sinistcha|Trick Room|p2b: Sinistcha
|-fieldstart|move: Trick Room|[of] p2b: Sinistcha
|
|-weather|SunnyDay|[upkeep]
|-status|p1b: Ursaluna|brn|[from] item: Flame Orb
|upkeep
|
|t:|1757804382
|switch|p2a: Ursaluna|Ursaluna, L50, M|100/100
|turn|2
|
|t:|1757804407
|-terastallize|p2b: Sinistcha|Water
|move|p2a: Ursaluna|Protect|p2a: Ursaluna
|-singleturn|p2a: Ursaluna|Protect
|move|p1a: Torkoal|Overheat|p2a: Ursaluna
|-activate|p2a: Ursaluna|move: Protect
|move|p2b: Sinistcha|Matcha Gotcha|p1a: Torkoal|[spread] p1a,p1b
|-resisted|p1a: Torkoal
|-supereffective|p1b: Ursaluna
|-damage|p1a: Torkoal|88/100
|-damage|p1b: Ursaluna|26/100 brn
|move|p1b: Ursaluna|Facade|p2a: Ursaluna
|-activate|p2a: Ursaluna|move: Protect
|
|-weather|SunnyDay|[upkeep]
|-damage|p1b: Ursaluna|20/100 brn|[from] brn
|-status|p2a: Ursaluna|brn|[from] item: Flame Orb
|upkeep
|turn|3
|
|t:|1757804424
|switch|p2b: Pelipper|Pelipper, L50, M|100/100
|-weather|RainDance|[from] ability: Drizzle|[of] p2b: Pelipper
|switch|p1b: Jumpluff|Jumpluff, L50, M|100/100
|move|p1a: Torkoal|Overheat|p2a: Ursaluna
|-damage|p2a: Ursaluna|80/100 brn
|-unboost|p1a: Torkoal|spa|2
|move|p2a: Ursaluna|Earthquake|p1b: Jumpluff|[spread] p1a
|-immune|p2b: Pelipper
|-immune|p1b: Jumpluff
|-supereffective|p1a: Torkoal
|-damage|p1a: Torkoal|0 fnt
|faint|p1a: Torkoal
|
|-weather|RainDance|[upkeep]
|-damage|p2a: Ursaluna|74/100 brn|[from] brn
|upkeep
|inactive|HikariVT has 30 seconds left.
|inactive|HikariVT has 20 seconds left.
|inactive|HikariVT has 15 seconds left.
|inactive|HikariVT has 10 seconds left.
|inactive|HikariVT has 5 seconds left.
|
|t:|1757804474
|switch|p1a: Ursaluna|Ursaluna, L50, M|20/100 brn
|turn|4
|
|t:|1757804494
|move|p2a: Ursaluna|Facade|p1b: Jumpluff
|-damage|p1b: Jumpluff|0 fnt
|faint|p1b: Jumpluff
|move|p1a: Ursaluna|Earthquake|p2a: Ursaluna|[spread] p2a
|-immune|p2b: Pelipper
|-damage|p2a: Ursaluna|26/100 brn
|move|p2b: Pelipper|Hurricane|p1a: Ursaluna
|-damage|p1a: Ursaluna|0 fnt
|faint|p1a: Ursaluna
|
|-weather|RainDance|[upkeep]
|-damage|p2a: Ursaluna|20/100 brn|[from] brn
|upkeep
|
|t:|1757804504
|switch|p1a: Charizard|Charizard, L50, F|100/100
|turn|5
|
|t:|1757804510
|move|p2a: Ursaluna|Facade|p1a: Charizard
|-damage|p1a: Charizard|0 fnt
|faint|p1a: Charizard
|
|win|Notaplaceofhonor
