|j|☆Divine Monkey King
|j|☆Onion2731
|html|Divine Monkey KingOnion2731    
|uhtml|bestof|Game 3 of a best-of-3
|t:|1785592261
|gametype|doubles
|player|p1|Divine Monkey King|266|1150
|player|p2|Onion2731|266|1131
|gen|9
|tier|[Gen 9 Champions] VGC 2026 Reg M-B (Bo3)
|rated|
|rule|Species Clause: Limit one of each Pokémon
|rule|Item Clause: Limit 1 of each item
|clearpoke
|poke|p1|Tyranitar, L50, M, shiny|
|poke|p1|Aerodactyl, L50, M, shiny|
|poke|p1|Pelipper, L50, M, shiny|
|poke|p1|Basculegion, L50, M, shiny|
|poke|p1|Beedrill, L50, M, shiny|
|poke|p1|Annihilape, L50, M, shiny|
|poke|p2|Gholdengo, L50|
|poke|p2|Incineroar, L50, M, shiny|
|poke|p2|Sableye, L50, F, shiny|
|poke|p2|Scizor, L50, F|
|poke|p2|Politoed, L50, F, shiny|
|poke|p2|Swampert, L50, M, shiny|
|teampreview|4
|showteam|p1|Tyranitar||Tyranitarite|SandStream|BrickBreak,KnockOff,Protect,RockSlide|Adamant||M|||50|]Aerodactyl||FocusSash|Unnerve|DualWingbeat,IronHead,Protect,Tailwind|Jolly||M|||50|]Pelipper||WacanBerry|Drizzle|Hurricane,IceBeam,Protect,WeatherBall|Calm||M|||50|]Basculegion||MysticWater|SwiftSwim|AquaJet,FlipTurn,LastRespects,Protect|Adamant||M|||50|]Beedrill||Beedrillite|Sniper|PoisonJab,Protect,Uturn,FellStinger|Jolly||M|||50|]Annihilape||Leftovers|Defiant|BulkUp,DrainPunch,Protect,ThunderPunch|Adamant||M|||50|
|showteam|p2|Gholdengo||LifeOrb|GoodasGold|MakeItRain,ShadowBall,Thunderbolt,Protect|Modest|||||50|]Incineroar||SitrusBerry|Intimidate|FlareBlitz,PartingShot,FakeOut,Protect|Impish||M|||50|]Sableye||WideLens|Prankster|WillOWisp,Encore,Disable,RainDance|Sassy||F|||50|]Scizor||ExpertBelt|Technician|BulletPunch,CloseCombat,Uturn,Protect|Adamant||F|||50|]Politoed||RindoBerry|Drizzle|WeatherBall,PerishSong,HelpingHand,Protect|Bold||F|||50|]Swampert||Swampertite|Damp|WaveCrash,HighHorsepower,FlipTurn,Protect|Adamant||M|||50|
|j| oberficker123
|l| oberficker123
|
|t:|1785592310
|teamsize|p1|4
|teamsize|p2|4
|start
|switch|p1a: Basculegion|Basculegion, L50, M, shiny|100/100
|switch|p1b: Pelipper|Pelipper, L50, M, shiny|100/100
|switch|p2a: Gholdengo|Gholdengo, L50|100/100
|switch|p2b: Sableye|Sableye, L50, F, shiny|100/100
|-weather|RainDance|[from] ability: Drizzle|[of] p1b: Pelipper
|turn|1
|
|t:|1785592346
|move|p1a: Basculegion|Protect|p1a: Basculegion
|-singleturn|p1a: Basculegion|Protect
|move|p2b: Sableye|Will-O-Wisp|p1a: Basculegion
|-activate|p1a: Basculegion|move: Protect
|move|p2a: Gholdengo|Shadow Ball|p1a: Basculegion
|-activate|p1a: Basculegion|move: Protect
|move|p1b: Pelipper|Weather Ball|p2b: Sableye
|-damage|p2b: Sableye|30/100
|
|-weather|RainDance|[upkeep]
|upkeep
|turn|2
|
|t:|1785592369
|move|p1a: Basculegion|Aqua Jet|p2b: Sableye
|-damage|p2b: Sableye|0 fnt
|faint|p2b: Sableye
|move|p2a: Gholdengo|Shadow Ball|p1a: Basculegion
|-supereffective|p1a: Basculegion|1
|-crit|p1a: Basculegion
|-damage|p1a: Basculegion|0 fnt
|faint|p1a: Basculegion
|-damage|p2a: Gholdengo|90/100|[from] item: Life Orb
|move|p1b: Pelipper|Weather Ball|p2a: Gholdengo
|-damage|p2a: Gholdengo|25/100
|
|-weather|RainDance|[upkeep]
|upkeep
|
|t:|1785592388
|switch|p1a: Aerodactyl|Aerodactyl, L50, M, shiny|100/100
|switch|p2b: Incineroar|Incineroar, L50, M, shiny|100/100
|-ability|p1a: Aerodactyl|Unnerve
|-ability|p2b: Incineroar|Intimidate|boost
|-unboost|p1a: Aerodactyl|atk|1
|-unboost|p1b: Pelipper|atk|1
|turn|3
|
|t:|1785592412
|switch|p1b: Tyranitar|Tyranitar, L50, M, shiny|100/100
|-weather|Sandstorm|[from] ability: Sand Stream|[of] p1b: Tyranitar
|move|p1a: Aerodactyl|Protect|p1a: Aerodactyl
|-singleturn|p1a: Aerodactyl|Protect
|move|p2b: Incineroar|Fake Out|p1a: Aerodactyl
|-activate|p1a: Aerodactyl|move: Protect
|move|p2a: Gholdengo|Thunderbolt|p1b: Tyranitar
|-damage|p1b: Tyranitar|72/100
|-damage|p2a: Gholdengo|16/100|[from] item: Life Orb
|
|-weather|Sandstorm|[upkeep]
|-damage|p2b: Incineroar|94/100|[from] Sandstorm
|upkeep
|turn|4
|
|t:|1785592445
|detailschange|p1b: Tyranitar|Tyranitar-Mega, L50, M, shiny
|-mega|p1b: Tyranitar|Tyranitar|Tyranitarite
|move|p2a: Gholdengo|Protect|p2a: Gholdengo
|-singleturn|p2a: Gholdengo|Protect
|move|p1a: Aerodactyl|Tailwind|p1a: Aerodactyl
|-sidestart|p1: Divine Monkey King|move: Tailwind
|move|p1b: Tyranitar|Rock Slide|p2b: Incineroar|[spread] p2b
|-activate|p2a: Gholdengo|move: Protect
|-supereffective|p2b: Incineroar|1
|-damage|p2b: Incineroar|40/100
|move|p2b: Incineroar|Parting Shot|p1b: Tyranitar
|-unboost|p1b: Tyranitar|atk|1
|-unboost|p1b: Tyranitar|spa|1
|
|t:|1785592457
|switch|p2b: Swampert|Swampert, L50, M, shiny|100/100|[from] Parting Shot
|
|-weather|Sandstorm|[upkeep]
|upkeep
|turn|5
|
|t:|1785592476
|switch|p2a: Incineroar|Incineroar, L50, M, shiny|40/100
|-ability|p2a: Incineroar|Intimidate|boost
|-unboost|p1a: Aerodactyl|atk|1
|-unboost|p1b: Tyranitar|atk|1
|detailschange|p2b: Swampert|Swampert-Mega, L50, M, shiny
|-mega|p2b: Swampert|Swampert|Swampertite
|move|p1a: Aerodactyl|Iron Head|p2a: Incineroar
|-resisted|p2a: Incineroar|1
|-damage|p2a: Incineroar|36/100
|move|p1b: Tyranitar|Rock Slide|p2b: Swampert|[spread] p2a,p2b
|-supereffective|p2a: Incineroar|1
|-resisted|p2b: Swampert|1
|-damage|p2a: Incineroar|6/100
|-damage|p2b: Swampert|92/100
|move|p2b: Swampert|High Horsepower|p1b: Tyranitar
|-supereffective|p1b: Tyranitar|1
|-damage|p1b: Tyranitar|0 fnt
|faint|p1b: Tyranitar
|
|-weather|Sandstorm|[upkeep]
|-damage|p2a: Incineroar|1/100|[from] Sandstorm
|upkeep
|
|t:|1785592500
|switch|p1b: Pelipper|Pelipper, L50, M, shiny|100/100
|-weather|RainDance|[from] ability: Drizzle|[of] p1b: Pelipper
|turn|6
|
|t:|1785592532
|move|p1a: Aerodactyl|Protect|p1a: Aerodactyl
|-singleturn|p1a: Aerodactyl|Protect
|move|p2b: Swampert|Protect|p2b: Swampert
|-singleturn|p2b: Swampert|Protect
|move|p1b: Pelipper|Hurricane|p2b: Swampert
|-activate|p2b: Swampert|move: Protect
|move|p2a: Incineroar|Parting Shot|p1b: Pelipper
|-unboost|p1b: Pelipper|atk|1
|-unboost|p1b: Pelipper|spa|1
|
|t:|1785592541
|switch|p2a: Gholdengo|Gholdengo, L50|16/100|[from] Parting Shot
|
|-weather|RainDance|[upkeep]
|upkeep
|turn|7
|
|t:|1785592551
|switch|p2b: Incineroar|Incineroar, L50, M, shiny|1/100
|-ability|p2b: Incineroar|Intimidate|boost
|-unboost|p1a: Aerodactyl|atk|1
|-unboost|p1b: Pelipper|atk|1
|move|p2a: Gholdengo|Protect|p2a: Gholdengo
|-singleturn|p2a: Gholdengo|Protect
|move|p1a: Aerodactyl|Iron Head|p2a: Gholdengo
|-activate|p2a: Gholdengo|move: Protect
|move|p1b: Pelipper|Weather Ball|p2b: Incineroar
|-supereffective|p2b: Incineroar|1
|-damage|p2b: Incineroar|0 fnt
|faint|p2b: Incineroar
|
|-weather|RainDance|[upkeep]
|-sideend|p1: Divine Monkey King|move: Tailwind
|upkeep
|
|t:|1785592564
|switch|p2b: Swampert|Swampert-Mega, L50, M, shiny|92/100
|turn|8
|
|t:|1785592593
|move|p2b: Swampert|Flip Turn|p1a: Aerodactyl
|-supereffective|p1a: Aerodactyl|1
|-enditem|p1a: Aerodactyl|Focus Sash
|-damage|p1a: Aerodactyl|1/100
|move|p1a: Aerodactyl|Tailwind|p1a: Aerodactyl
|-sidestart|p1: Divine Monkey King|move: Tailwind
|move|p1b: Pelipper|Weather Ball|p2a: Gholdengo
|-damage|p2a: Gholdengo|0 fnt
|faint|p2a: Gholdengo
|
|-weather|RainDance|[upkeep]
|upkeep
|turn|9
|
|t:|1785592609
|move|p1a: Aerodactyl|Iron Head|p2b: Swampert
|-resisted|p2b: Swampert|1
|-damage|p2b: Swampert|88/100
|cant|p2b: Swampert|flinch
|move|p1b: Pelipper|Hurricane|p2b: Swampert
|-damage|p2b: Swampert|61/100
|
|-weather|RainDance|[upkeep]
|upkeep
|turn|10
|
|t:|1785592624
|move|p1a: Aerodactyl|Protect|p1a: Aerodactyl
|-singleturn|p1a: Aerodactyl|Protect
|move|p2b: Swampert|Wave Crash|p1b: Pelipper
|-resisted|p1b: Pelipper|1
|-damage|p1b: Pelipper|34/100
|-damage|p2b: Swampert|41/100|[from] Recoil
|move|p1b: Pelipper|Hurricane|p2b: Swampert
|-damage|p2b: Swampert|12/100
|
|-weather|none
|upkeep
|turn|11
|
|t:|1785592638
|move|p1a: Aerodactyl|Iron Head|p2b: Swampert
|-resisted|p2b: Swampert|1
|-damage|p2b: Swampert|9/100
|move|p1b: Pelipper|Ice Beam|p2b: Swampert
|-damage|p2b: Swampert|0 fnt
|faint|p2b: Swampert
|
|win|Divine Monkey King
|raw|Divine Monkey King's rating: 1150 → 1174(+24 for winning)
|raw|Onion2731's rating: 1131 → 1107(-24 for losing)
|l|☆Onion2731
|player|p2|
