|j|☆markknight05
|j|☆Prepucio Santos
|html|markknight05Prepucio Santos    
|uhtml|bestof|Game 1 of a best-of-3
|t:|1784303694
|gametype|doubles
|player|p1|markknight05|2|1146
|player|p2|Prepucio Santos|striker|1206
|gen|9
|tier|[Gen 9 Champions] VGC 2026 Reg M-B (Bo3)
|rated|
|rule|Species Clause: Limit one of each Pokémon
|rule|Item Clause: Limit 1 of each item
|clearpoke
|poke|p1|Garchomp, L50, F|
|poke|p1|Orthworm, L50, M|
|poke|p1|Raichu, L50, M|
|poke|p1|Blastoise, L50, M|
|poke|p1|Sinistcha, L50|
|poke|p1|Incineroar, L50, F|
|poke|p2|Incineroar, L50, F|
|poke|p2|Maushold, L50|
|poke|p2|Sinistcha, L50|
|poke|p2|Sneasler, L50, F|
|poke|p2|Blastoise, L50, F|
|poke|p2|Delphox, L50, M|
|teampreview|4
|showteam|p1|Garchomp||LifeOrb|RoughSkin|DragonClaw,Earthquake,StompingTantrum,Protect|Jolly||F|||50|]Orthworm||Leftovers|EarthEater|ShedTail,BodyPress,HelpingHand,Protect|Calm||M|||50|]Raichu||RaichuniteY|LightningRod|ZapCannon,FocusBlast,FakeOut,Protect|Timid||M|||50|]Blastoise||Blastoisinite|RainDish|DarkPulse,WaterSpout,ShellSmash,Protect|Modest||M|||50|]Sinistcha||KasibBerry|Hospitality|MatchaGotcha,RagePowder,TrickRoom,Protect|Calm|||||50|]Incineroar||SitrusBerry|Intimidate|FakeOut,FlareBlitz,PartingShot,ThroatChop|Adamant||F|||50|
|showteam|p2|Incineroar||SitrusBerry|Intimidate|FakeOut,FlareBlitz,ThroatChop,PartingShot|Impish||F|||50|]Maushold||ChopleBerry|FriendGuard|SuperFang,Feint,FollowMe,Protect|Impish|||||50|]Sinistcha||KasibBerry|Hospitality|MatchaGotcha,LifeDew,RagePowder,Protect|Bold|||||50|]Sneasler||FocusSash|PoisonTouch|FakeOut,CloseCombat,DireClaw,QuickGuard|Jolly||F|||50|]Blastoise||Blastoisinite|RainDish|WaterSpout,DarkPulse,ShellSmash,Protect|Modest||F|||50|]Delphox||Delphoxite|Blaze|HeatWave,Psyshock,NastyPlot,Protect|Timid||M|||50|
|
|t:|1784303720
|teamsize|p1|4
|teamsize|p2|4
|start
|switch|p1a: Orthworm|Orthworm, L50, M|100/100
|switch|p1b: Incineroar|Incineroar, L50, F|100/100
|switch|p2a: Sneasler|Sneasler, L50, F|100/100
|switch|p2b: Blastoise|Blastoise, L50, F|100/100
|-ability|p1b: Incineroar|Intimidate|boost
|-unboost|p2a: Sneasler|atk|1
|-unboost|p2b: Blastoise|atk|1
|turn|1
|inactive|Battle timer is ON: inactive players will automatically lose when time's up. (requested by markknight05)
|
|t:|1784303741
|detailschange|p2b: Blastoise|Blastoise-Mega, L50, F
|-mega|p2b: Blastoise|Blastoise|Blastoisinite
|move|p2a: Sneasler|Fake Out|p1b: Incineroar
|-damage|p1b: Incineroar|91/100
|cant|p1b: Incineroar|flinch
|move|p2b: Blastoise|Water Spout|p1b: Incineroar|[spread] p1a,p1b
|-supereffective|p1b: Incineroar|1
|-damage|p1a: Orthworm|32/100
|-damage|p1b: Incineroar|0 fnt
|faint|p1b: Incineroar
|move|p1a: Orthworm|Shed Tail|p1a: Orthworm
|-fail|p1a: Orthworm|move: Shed Tail|[weak]
|
|-heal|p1a: Orthworm|38/100|[from] item: Leftovers
|upkeep
|
|t:|1784303753
|switch|p1b: Sinistcha|Sinistcha, L50|100/100
|-heal|p1a: Orthworm|63/100|[from] ability: Hospitality|[of] p1b: Sinistcha
|turn|2
|
|t:|1784303768
|switch|p2a: Incineroar|Incineroar, L50, F|100/100
|-ability|p2a: Incineroar|Intimidate|boost
|-unboost|p1a: Orthworm|atk|1
|-unboost|p1b: Sinistcha|atk|1
|move|p1a: Orthworm|Protect|p1a: Orthworm
|-singleturn|p1a: Orthworm|Protect
|move|p2b: Blastoise|Dark Pulse|p1b: Sinistcha
|-supereffective|p1b: Sinistcha|1
|-damage|p1b: Sinistcha|21/100
|move|p1b: Sinistcha|Matcha Gotcha|p2a: Incineroar|[spread] p2a,p2b
|-resisted|p2a: Incineroar|1
|-supereffective|p2b: Blastoise|1
|-damage|p2a: Incineroar|88/100
|-heal|p1b: Sinistcha|28/100|[from] drain|[of] p2a: Incineroar
|-damage|p2b: Blastoise|46/100
|-heal|p1b: Sinistcha|52/100|[from] drain|[of] p2b: Blastoise
|-status|p2b: Blastoise|brn
|
|-heal|p1a: Orthworm|69/100|[from] item: Leftovers
|-damage|p2b: Blastoise|40/100 brn|[from] brn
|upkeep
|turn|3
|inactive|markknight05 has 30 seconds left.
|
|t:|1784303803
|move|p2a: Incineroar|Fake Out|p1a: Orthworm
|-resisted|p1a: Orthworm|1
|-damage|p1a: Orthworm|65/100
|move|p1b: Sinistcha|Rage Powder|p1b: Sinistcha
|-singleturn|p1b: Sinistcha|move: Rage Powder
|move|p2b: Blastoise|Dark Pulse|p1b: Sinistcha
|-supereffective|p1b: Sinistcha|1
|-damage|p1b: Sinistcha|0 fnt
|faint|p1b: Sinistcha
|cant|p1a: Orthworm|flinch
|
|-heal|p1a: Orthworm|71/100|[from] item: Leftovers
|-damage|p2b: Blastoise|34/100 brn|[from] brn
|upkeep
|
|t:|1784303814
|switch|p1b: Raichu|Raichu, L50, M|100/100
|turn|4
|inactive|Prepucio Santos has 30 seconds left.
|
|t:|1784303842
|detailschange|p1b: Raichu|Raichu-Mega-Y, L50, M
|-mega|p1b: Raichu|Raichu|Raichunite Y
|move|p1a: Orthworm|Protect|p1a: Orthworm
|-singleturn|p1a: Orthworm|Protect
|move|p1b: Raichu|Zap Cannon|p2b: Blastoise
|-supereffective|p2b: Blastoise|1
|-damage|p2b: Blastoise|0 fnt
|faint|p2b: Blastoise
|move|p2a: Incineroar|Flare Blitz|p1a: Orthworm
|-activate|p1a: Orthworm|move: Protect
|
|-heal|p1a: Orthworm|77/100|[from] item: Leftovers
|upkeep
|
|t:|1784303850
|switch|p2b: Sneasler|Sneasler, L50, F|100/100
|turn|5
|
|t:|1784303873
|move|p1a: Orthworm|Helping Hand|p1b: Raichu
|-singleturn|p1b: Raichu|Helping Hand|[of] p1a: Orthworm
|move|p1b: Raichu|Focus Blast|p2a: Incineroar
|-supereffective|p2a: Incineroar|1
|-damage|p2a: Incineroar|0 fnt
|faint|p2a: Incineroar
|move|p2b: Sneasler|Close Combat|p1b: Raichu
|-damage|p1b: Raichu|0 fnt
|-unboost|p2b: Sneasler|def|1
|-unboost|p2b: Sneasler|spd|1
|faint|p1b: Raichu
|
|-heal|p1a: Orthworm|84/100|[from] item: Leftovers
|upkeep
|
|t:|1784303878
|switch|p2a: Sinistcha|Sinistcha, L50|100/100
|turn|6
|-message|markknight05 forfeited.
|
|win|Prepucio Santos
|l|☆markknight05
|player|p1|
||markknight05 is ready for game 2.
||Prepucio Santos is ready for game 2.
|uhtml|next|Next: Game 2 of 3
