|j|☆ParroTiest
|j|☆Dysarster
|html|ParroTiestDysarster    
|uhtml|bestof|Game 2 of a best-of-3
|t:|1756322133
|gametype|doubles
|player|p1|ParroTiest|265|1143
|player|p2|Dysarster|swimmer-gen4dp|1085
|gen|9
|tier|[Gen 9] VGC 2025 Reg H (Bo3)
|rated|
|rule|Species Clause: Limit one of each Pokémon
|rule|Item Clause: Limit 1 of each item
|clearpoke
|poke|p1|Grimmsnarl, L50, M|
|poke|p1|Ursaluna-Bloodmoon, L50, M|
|poke|p1|Farigiraf, L50, F|
|poke|p1|Gholdengo, L50|
|poke|p1|Rillaboom, L50, M|
|poke|p1|Volcarona, L50, M|
|poke|p2|Glaceon, L50, F|
|poke|p2|Ninetales-Alola, L50, F|
|poke|p2|Arcanine-Hisui, L50, M|
|poke|p2|Hydreigon, L50, M|
|poke|p2|Palafin, L50, M|
|poke|p2|Mienshao, L50, F|
|teampreview|4
|showteam|p1|Grimmsnarl||LightClay|Prankster|Reflect,LightScreen,SpiritBreak,Taunt|||M|||50|,,,,,Ghost]Ursaluna-Bloodmoon||LifeOrb|MindsEye|BloodMoon,HyperVoice,EarthPower,Protect|||M|||50|,,,,,Normal]Farigiraf||ThroatSpray|ArmorTail|HyperVoice,Psychic,TrickRoom,Protect|||F|||50|,,,,,Fairy]Gholdengo||ChoiceSpecs|GoodasGold|MakeItRain,ShadowBall,PowerGem,Trick||||||50|,,,,,Water]Rillaboom||AssaultVest|GrassySurge|FakeOut,WoodHammer,GrassyGlide,Uturn|||M|||50|,,,,,Fire]Volcarona||Leftovers|FlameBody|QuiverDance,HeatWave,GigaDrain,Protect|||M|||50|,,,,,Grass
|showteam|p2|Glaceon||LifeOrb|SnowCloak|FreezeDry,Blizzard,WeatherBall,Protect|||F|||50|,,,,,Ice]Ninetales-Alola||LightClay|SnowWarning|AuroraVeil,IcyWind,Moonblast,HelpingHand|||F|||50|,,,,,Ghost]Arcanine-Hisui||SafetyGoggles|Intimidate|FlareBlitz,RockSlide,ExtremeSpeed,Protect|||M|||50|,,,,,Ghost]Hydreigon||CovertCloak|Levitate|DracoMeteor,Snarl,Tailwind,Protect|||M|||50|,,,,,Steel]Palafin||MysticWater|ZerotoHero|JetPunch,WaveCrash,CloseCombat,Haze|||M|||50|,,,,,Grass]Mienshao||FocusSash|InnerFocus|FakeOut,KnockOff,CloseCombat,WideGuard|||F|||50|,,,,,Fighting
|inactive|Battle timer is ON: inactive players will automatically lose when time's up. (requested by ParroTiest)
|inactive|Dysarster also wants the timer to be on.
|
|t:|1756322160
|teamsize|p1|4
|teamsize|p2|4
|start
|switch|p1a: gremlin|Grimmsnarl, L50, M, shiny|100/100
|switch|p1b: no fake out|Farigiraf, L50, F|100/100
|switch|p2a: Arcanine|Arcanine-Hisui, L50, M|100/100
|switch|p2b: Hydreigon|Hydreigon, L50, M|100/100
|-ability|p2a: Arcanine|Intimidate|boost
|-unboost|p1a: gremlin|atk|1
|-unboost|p1b: no fake out|atk|1
|turn|1
|inactive|ParroTiest has 30 seconds left.
|inactive|ParroTiest has 20 seconds left.
|
|t:|1756322198
|switch|p2a: Ninetales|Ninetales-Alola, L50, F|100/100
|-weather|Snowscape|[from] ability: Snow Warning|[of] p2a: Ninetales
|move|p1a: gremlin|Reflect|p1a: gremlin
|-sidestart|p1: ParroTiest|Reflect
|move|p2b: Hydreigon|Snarl|p1a: gremlin|[spread] p1a
|-miss|p2b: Hydreigon|p1b: no fake out
|-resisted|p1a: gremlin
|-damage|p1a: gremlin|96/100
|-unboost|p1a: gremlin|spa|1
|move|p1b: no fake out|Trick Room|p1b: no fake out
|-fieldstart|move: Trick Room|[of] p1b: no fake out
|
|-weather|Snowscape|[upkeep]
|upkeep
|turn|2
|
|t:|1756322213
|move|p1a: gremlin|Taunt|p2a: Ninetales
|-start|p2a: Ninetales|move: Taunt
|move|p1b: no fake out|Hyper Voice|p2a: Ninetales|[spread] p2a,p2b
|-damage|p2a: Ninetales|62/100
|-damage|p2b: Hydreigon|68/100
|-enditem|p1b: no fake out|Throat Spray
|-boost|p1b: no fake out|spa|1|[from] item: Throat Spray
|move|p2b: Hydreigon|Snarl|p1b: no fake out|[spread] p1a,p1b
|-resisted|p1a: gremlin
|-supereffective|p1b: no fake out
|-damage|p1a: gremlin|92/100
|-damage|p1b: no fake out|62/100
|-unboost|p1a: gremlin|spa|1
|-unboost|p1b: no fake out|spa|1
|cant|p2a: Ninetales|move: Taunt|Aurora Veil
|
|-weather|Snowscape|[upkeep]
|upkeep
|turn|3
|
|t:|1756322235
|move|p1b: no fake out|Psychic|p2a: Ninetales
|-damage|p2a: Ninetales|7/100
|move|p1a: gremlin|Spirit Break|p2b: Hydreigon
|-supereffective|p2b: Hydreigon
|-damage|p2b: Hydreigon|0 fnt
|faint|p2b: Hydreigon
|move|p2a: Ninetales|Moonblast|p1a: gremlin
|-supereffective|p1a: gremlin
|-damage|p1a: gremlin|22/100
|
|-weather|Snowscape|[upkeep]
|upkeep
|
|t:|1756322246
|switch|p2b: Glaceon|Glaceon, L50, F|100/100
|turn|4
|
|t:|1756322253
|switch|p2a: Arcanine|Arcanine-Hisui, L50, M|100/100
|-ability|p2a: Arcanine|Intimidate|boost
|-unboost|p1a: gremlin|atk|1
|-unboost|p1b: no fake out|atk|1
|-terastallize|p2b: Glaceon|Ice
|move|p1a: gremlin|Light Screen|p1a: gremlin
|-sidestart|p1: ParroTiest|move: Light Screen
|move|p1b: no fake out|Hyper Voice|p2a: Arcanine|[spread] p2a,p2b
|-resisted|p2a: Arcanine
|-crit|p2a: Arcanine
|-damage|p2a: Arcanine|69/100
|-damage|p2b: Glaceon|65/100
|move|p2b: Glaceon|Blizzard|p1a: gremlin|[spread] p1a,p1b
|-damage|p1a: gremlin|0 fnt
|-damage|p1b: no fake out|14/100
|faint|p1a: gremlin
|-damage|p2b: Glaceon|55/100|[from] item: Life Orb
|
|-weather|Snowscape|[upkeep]
|upkeep
|
|t:|1756322265
|switch|p1a: instakill button|Ursaluna-Bloodmoon, L50, M|100/100
|turn|5
|inactive|ParroTiest has 30 seconds left.
|
|t:|1756322297
|switch|p1b: setup kill button|Volcarona, L50, M|100/100
|move|p2b: Glaceon|Protect|p2b: Glaceon
|-singleturn|p2b: Glaceon|Protect
|move|p1a: instakill button|Hyper Voice|p2a: Arcanine|[spread] p2a
|-activate|p2b: Glaceon|move: Protect
|-resisted|p2a: Arcanine
|-damage|p2a: Arcanine|40/100
|-damage|p1a: instakill button|90/100|[from] item: Life Orb
|move|p2a: Arcanine|Rock Slide|p1a: instakill button|[spread] p1a,p1b
|-resisted|p1a: instakill button
|-supereffective|p1b: setup kill button
|-damage|p1a: instakill button|83/100
|-damage|p1b: setup kill button|0 fnt
|faint|p1b: setup kill button
|
|-weather|none
|-fieldend|move: Trick Room
|upkeep
|
|t:|1756322308
|switch|p1b: no fake out|Farigiraf, L50, F|14/100
|turn|6
|
|t:|1756322318
|switch|p2a: Ninetales|Ninetales-Alola, L50, F|7/100
|-weather|Snowscape|[from] ability: Snow Warning|[of] p2a: Ninetales
|-terastallize|p1a: instakill button|Normal
|move|p2b: Glaceon|Blizzard|p1a: instakill button|[spread] p1a,p1b
|-damage|p1a: instakill button|20/100
|-damage|p1b: no fake out|0 fnt
|faint|p1b: no fake out
|-damage|p2b: Glaceon|45/100|[from] item: Life Orb
|move|p1a: instakill button|Hyper Voice|p2b: Glaceon|[spread] p2a,p2b
|-damage|p2a: Ninetales|0 fnt
|-damage|p2b: Glaceon|0 fnt
|faint|p2a: Ninetales
|faint|p2b: Glaceon
|-damage|p1a: instakill button|10/100|[from] item: Life Orb
|
|-weather|Snowscape|[upkeep]
|upkeep
|
|t:|1756322334
|switch|p2b: Arcanine|Arcanine-Hisui, L50, M|40/100
|-ability|p2b: Arcanine|Intimidate|boost
|-unboost|p1a: instakill button|atk|1
|turn|7
|
|t:|1756322341
|move|p2b: Arcanine|Extreme Speed|p1a: instakill button
|-damage|p1a: instakill button|0 fnt
|faint|p1a: instakill button
|
|win|Dysarster
||Dysarster is ready for game 3.
||ParroTiest is ready for game 3.
|uhtml|next|Next: Game 3 of 3
|l|☆Dysarster
|player|p2|
