|j|☆angusgrind13
|j|☆gordon1357924681
|html|angusgrind13gordon1357924681    
|uhtml|bestof|Game 2 of a best-of-3
|t:|1784813816
|gametype|doubles
|player|p1|angusgrind13|steven|1107
|player|p2|gordon1357924681|idol|1058
|gen|9
|tier|[Gen 9 Champions] VGC 2026 Reg M-B (Bo3)
|rated|
|rule|Species Clause: Limit one of each Pokémon
|rule|Item Clause: Limit 1 of each item
|clearpoke
|poke|p1|Primarina, L50, F|
|poke|p1|Kingambit, L50, M|
|poke|p1|Froslass, L50, F|
|poke|p1|Sneasler, L50, F|
|poke|p1|Lycanroc-Dusk, L50, F|
|poke|p1|Dragonite, L50, M|
|poke|p2|Politoed, L50, F|
|poke|p2|Gengar, L50, M|
|poke|p2|Incineroar, L50, F|
|poke|p2|Sinistcha, L50|
|poke|p2|Blastoise, L50, M|
|poke|p2|Sneasler, L50, M, shiny|
|teampreview|4
|showteam|p1|Primarina||LifeOrb|LiquidVoice|HyperVoice,Moonblast,Haze,Protect|Modest||F|||50|]Kingambit||BlackGlasses|Defiant|KowtowCleave,SuckerPunch,SwordsDance,Protect|Adamant||M|||50|]Froslass||Froslassite|CursedBody|Blizzard,ShadowBall,AuroraVeil,Protect|Timid||F|||50|]Sneasler||WhiteHerb|Unburden|GunkShot,CloseCombat,FakeOut,Protect|Adamant||F|||50|]Lycanroc-Dusk||FocusSash|ToughClaws|RockSlide,Accelerock,CloseCombat,Protect|Adamant||F|||50|]Dragonite||Dragoninite|Multiscale|DragonPulse,Flamethrower,Tailwind,Protect|Modest||M|||50|
|showteam|p2|Politoed||SitrusBerry|Drizzle|Protect,PerishSong,WeatherBall,Encore|Bold||F|||50|]Gengar||Gengarite|CursedBody|PerishSong,Protect,ShadowBall,Disable|Timid||M|||50|]Incineroar||PasshoBerry|Intimidate|Protect,PartingShot,DarkestLariat,FakeOut|Bold||F|||50|]Sinistcha||ColburBerry|Hospitality|MatchaGotcha,Protect,RagePowder,TrickRoom|Calm|||||50|]Blastoise||Blastoisinite|RainDish|WaterSpout,DarkPulse,ShellSmash,Protect|Modest||M|||50|]Sneasler||FocusSash|PoisonTouch|CloseCombat,PoisonJab,FakeOut,Protect|Jolly||M|||50|
|
|t:|1784813851
|teamsize|p1|4
|teamsize|p2|4
|start
|switch|p1a: Dragonite|Dragonite, L50, M|100/100
|switch|p1b: Kingambit|Kingambit, L50, M|100/100
|switch|p2a: Blastoise|Blastoise, L50, M|100/100
|switch|p2b: Sneasler|Sneasler, L50, M, shiny|100/100
|turn|1
|inactive|Battle timer is ON: inactive players will automatically lose when time's up. (requested by angusgrind13)
|
|t:|1784813881
|detailschange|p1a: Dragonite|Dragonite-Mega, L50, M
|-mega|p1a: Dragonite|Dragonite|Dragoninite
|detailschange|p2a: Blastoise|Blastoise-Mega, L50, M
|-mega|p2a: Blastoise|Blastoise|Blastoisinite
|move|p2b: Sneasler|Fake Out|p1a: Dragonite
|-damage|p1a: Dragonite|92/100
|cant|p1a: Dragonite|flinch
|move|p2a: Blastoise|Shell Smash|p2a: Blastoise
|-unboost|p2a: Blastoise|def|1
|-unboost|p2a: Blastoise|spd|1
|-boost|p2a: Blastoise|atk|2
|-boost|p2a: Blastoise|spa|2
|-boost|p2a: Blastoise|spe|2
|move|p1b: Kingambit|Swords Dance|p1b: Kingambit
|-boost|p1b: Kingambit|atk|2
|
|upkeep
|turn|2
|inactive|gordon1357924681 has 30 seconds left.
|
|t:|1784813909
|move|p2a: Blastoise|Protect|p2a: Blastoise
|-singleturn|p2a: Blastoise|Protect
|move|p1b: Kingambit|Sucker Punch|p2b: Sneasler
|-resisted|p2b: Sneasler|1
|-damage|p2b: Sneasler|10/100
|move|p2b: Sneasler|Close Combat|p1b: Kingambit
|-supereffective|p1b: Kingambit|2
|-damage|p1b: Kingambit|0 fnt
|-unboost|p2b: Sneasler|def|1
|-unboost|p2b: Sneasler|spd|1
|faint|p1b: Kingambit
|move|p1a: Dragonite|Tailwind|p1a: Dragonite
|-sidestart|p1: angusgrind13|move: Tailwind
|
|upkeep
|
|t:|1784813918
|switch|p1b: Primarina|Primarina, L50, F|100/100
|turn|3
|
|t:|1784813943
|move|p1a: Dragonite|Dragon Pulse|p2a: Blastoise
|-damage|p2a: Blastoise|15/100
|move|p2a: Blastoise|Dark Pulse|p1a: Dragonite
|-damage|p1a: Dragonite|15/100
|move|p1b: Primarina|Haze|p1b: Primarina
|-clearallboost
|move|p2b: Sneasler|Poison Jab|p1b: Primarina
|-supereffective|p1b: Primarina|1
|-damage|p1b: Primarina|0 fnt
|faint|p1b: Primarina
|
|upkeep
|
|t:|1784813952
|switch|p1b: Sneasler|Sneasler, L50, F|100/100
|turn|4
|inactive|gordon1357924681 has 30 seconds left.
|inactive|gordon1357924681 has 20 seconds left.
|inactive|gordon1357924681 has 15 seconds left.
|
|t:|1784813996
|switch|p2b: Sinistcha|Sinistcha, L50|100/100
|-heal|p2a: Blastoise|40/100|[from] ability: Hospitality|[of] p2b: Sinistcha
|move|p2a: Blastoise|Protect|p2a: Blastoise
|-singleturn|p2a: Blastoise|Protect
|move|p1b: Sneasler|Fake Out|p2a: Blastoise
|-activate|p2a: Blastoise|move: Protect
|move|p1a: Dragonite|Dragon Pulse|p2b: Sinistcha
|-damage|p2b: Sinistcha|45/100
|
|upkeep
|turn|5
|inactive|angusgrind13 has 30 seconds left.
|inactive|gordon1357924681 has 30 seconds left.
|
|t:|1784814031
|switch|p2a: Incineroar|Incineroar, L50, F|100/100
|-ability|p2a: Incineroar|Intimidate|boost
|-unboost|p1a: Dragonite|atk|1
|-unboost|p1b: Sneasler|atk|1
|-enditem|p1b: Sneasler|White Herb
|-clearnegativeboost|p1b: Sneasler|[silent]
|move|p1b: Sneasler|Close Combat|p2a: Incineroar
|-supereffective|p2a: Incineroar|1
|-damage|p2a: Incineroar|0 fnt
|-unboost|p1b: Sneasler|def|1
|-unboost|p1b: Sneasler|spd|1
|faint|p2a: Incineroar
|move|p1a: Dragonite|Dragon Pulse|p2b: Sinistcha
|-damage|p2b: Sinistcha|0 fnt
|faint|p2b: Sinistcha
|
|-sideend|p1: angusgrind13|move: Tailwind
|upkeep
|
|t:|1784814052
|switch|p2b: Blastoise|Blastoise-Mega, L50, M|40/100
|switch|p2a: Sneasler|Sneasler, L50, M, shiny|10/100
|turn|6
|
|t:|1784814074
|move|p2a: Sneasler|Fake Out|p1b: Sneasler
|-damage|p1b: Sneasler|72/100
|cant|p1b: Sneasler|flinch
|move|p1a: Dragonite|Dragon Pulse|p2a: Sneasler
|-damage|p2a: Sneasler|0 fnt
|faint|p2a: Sneasler
|move|p2b: Blastoise|Dark Pulse|p1a: Dragonite
|-damage|p1a: Dragonite|0 fnt
|faint|p1a: Dragonite
|
|upkeep
|turn|7
|
|t:|1784814089
|move|p1b: Sneasler|Close Combat|p2b: Blastoise
|-damage|p2b: Blastoise|0 fnt
|-unboost|p1b: Sneasler|def|1
|-unboost|p1b: Sneasler|spd|1
|faint|p2b: Blastoise
|
|win|angusgrind13
||angusgrind13 is ready for game 3.
