|j|☆smalltownkirlia
|j|☆emptinessmach
|html|smalltownkirliaemptinessmach    
|uhtml|bestof|Game 1 of a best-of-3
|t:|1757725798
|gametype|doubles
|player|p1|smalltownkirlia|whitney|1144
|player|p2|emptinessmach|red|1082
|gen|9
|tier|[Gen 9] VGC 2025 Reg H (Bo3)
|rated|
|rule|Species Clause: Limit one of each Pokémon
|rule|Item Clause: Limit 1 of each item
|clearpoke
|poke|p1|Dragonite, L50, F|
|poke|p1|Ursaluna-Bloodmoon, L50, M|
|poke|p1|Gholdengo, L50|
|poke|p1|Maushold-Four, L50|
|poke|p1|Annihilape, L50, F|
|poke|p1|Rillaboom, L50, F|
|poke|p2|Garchomp, L50, M|
|poke|p2|Jumpluff, L50, F|
|poke|p2|Torkoal, L50, F|
|poke|p2|Dragonite, L50, F|
|poke|p2|Kingambit, L50, F|
|poke|p2|Typhlosion-Hisui, L50, M|
|teampreview|4
|showteam|p1|Dragonite||LoadedDice|Multiscale|ScaleShot,Tailwind,Haze,Protect|||F|||50|,,,,,Fairy]Ursaluna-Bloodmoon||AssaultVest|MindsEye|BloodMoon,EarthPower,HyperVoice,VacuumWave|||M|||50|,,,,,Water]Gholdengo||LifeOrb|GoodasGold|MakeItRain,ShadowBall,NastyPlot,Protect||||||50|,,,,,Dragon]Maushold-Four||FocusSash|FriendGuard|Taunt,FollowMe,BeatUp,Protect||||||50|,,,,,Ghost]Annihilape||SitrusBerry|Defiant|RageFist,DrainPunch,BulkUp,Protect|||F|||50|,,,,,Fire]Rillaboom||MiracleSeed|GrassySurge|WoodHammer,GrassyGlide,HighHorsepower,FakeOut|||F|||50|,,,,,Fire
|showteam|p2|Garchomp||LifeOrb|RoughSkin|DragonClaw,StompingTantrum,Earthquake,Protect|||M|||50|,,,,,Steel]Jumpluff||CovertCloak|Chlorophyll|LeafStorm,SleepPowder,Encore,Tailwind|||F|||50|,,,,,Dark]Torkoal||EjectPack|Drought|Overheat,BurningJealousy,HelpingHand,Protect|||F|||50|,,,,,Flying]Dragonite||LoadedDice|Multiscale|ExtremeSpeed,ScaleShot,IceSpinner,Protect|||F|||50|,,,,,Fairy]Kingambit||AssaultVest|Defiant|IronHead,SuckerPunch,Assurance,LowKick|||F|||50|,,,,,Flying]Typhlosion-Hisui||ChoiceSpecs|Blaze|Eruption,ShadowBall,HeatWave,Flamethrower|||M|||50|,,,,,Fire
|inactive|Battle timer is ON: inactive players will automatically lose when time's up. (requested by smalltownkirlia)
|inactive|smalltownkirlia has 60 seconds left.
|inactive|smalltownkirlia has 30 seconds left.
|inactive|smalltownkirlia has 20 seconds left.
|inactive|smalltownkirlia has 15 seconds left.
|inactive|smalltownkirlia has 10 seconds left.
|
|t:|1757725883
|teamsize|p1|4
|teamsize|p2|4
|start
|switch|p1a: Dragonite|Dragonite, L50, F|100/100
|switch|p1b: Ursaluna|Ursaluna-Bloodmoon, L50, M|100/100
|switch|p2a: Torkoal|Torkoal, L50, F, shiny|100/100
|switch|p2b: Jumpluff|Jumpluff, L50, F, shiny|100/100
|-weather|SunnyDay|[from] ability: Drought|[of] p2a: Torkoal
|turn|1
|inactive|emptinessmach has 30 seconds left.
|
|t:|1757725920
|move|p2a: Torkoal|Protect|p2a: Torkoal
|-singleturn|p2a: Torkoal|Protect
|move|p2b: Jumpluff|Tailwind|p2b: Jumpluff
|-sidestart|p2: emptinessmach|move: Tailwind
|move|p1a: Dragonite|Scale Shot|p2a: Torkoal
|-activate|p2a: Torkoal|move: Protect
|move|p1b: Ursaluna|Earth Power|p2a: Torkoal
|-activate|p2a: Torkoal|move: Protect
|
|-weather|SunnyDay|[upkeep]
|upkeep
|turn|2
|
|t:|1757725935
|move|p2b: Jumpluff|Sleep Powder|p1a: Dragonite
|-status|p1a: Dragonite|slp|[from] move: Sleep Powder
|cant|p1a: Dragonite|slp
|move|p2a: Torkoal|Overheat|p1b: Ursaluna
|-damage|p1b: Ursaluna|46/100
|-unboost|p2a: Torkoal|spa|2
|-enditem|p2a: Torkoal|Eject Pack
|
|t:|1757725945
|switch|p2a: Kingambit|Kingambit, L50, F, shiny|100/100
|move|p1b: Ursaluna|Earth Power|p2a: Kingambit
|-supereffective|p2a: Kingambit
|-damage|p2a: Kingambit|29/100
|
|-weather|SunnyDay|[upkeep]
|upkeep
|turn|3
|inactive|emptinessmach has 30 seconds left.
|
|t:|1757725970
|move|p1b: Ursaluna|Vacuum Wave|p2a: Kingambit
|-supereffective|p2a: Kingambit
|-damage|p2a: Kingambit|0 fnt
|faint|p2a: Kingambit
|move|p2b: Jumpluff|Sleep Powder|p1b: Ursaluna
|-status|p1b: Ursaluna|slp|[from] move: Sleep Powder
|-curestatus|p1a: Dragonite|slp|[msg]
|move|p1a: Dragonite|Scale Shot|p2b: Jumpluff
|-crit|p2b: Jumpluff
|-damage|p2b: Jumpluff|74/100
|-damage|p2b: Jumpluff|53/100
|-damage|p2b: Jumpluff|33/100
|-damage|p2b: Jumpluff|14/100
|-hitcount|p2b: Jumpluff|4
|-unboost|p1a: Dragonite|def|1
|-boost|p1a: Dragonite|spe|1
|
|-weather|SunnyDay|[upkeep]
|upkeep
|
|t:|1757725973
|switch|p2a: Typhlosion|Typhlosion-Hisui, L50, M, shiny|100/100
|turn|4
|inactive|smalltownkirlia has 30 seconds left.
|
|t:|1757726000
|switch|p2b: Torkoal|Torkoal, L50, F, shiny|100/100
|move|p1a: Dragonite|Protect|p1a: Dragonite
|-singleturn|p1a: Dragonite|Protect
|move|p2a: Typhlosion|Eruption|p1b: Ursaluna|[spread] p1b
|-activate|p1a: Dragonite|move: Protect
|-damage|p1b: Ursaluna|0 fnt
|faint|p1b: Ursaluna
|
|-weather|SunnyDay|[upkeep]
|-sideend|p2: emptinessmach|move: Tailwind
|upkeep
|
|t:|1757726008
|switch|p1b: Gholdengo|Gholdengo, L50|100/100
|turn|5
|
|t:|1757726020
|switch|p2a: Jumpluff|Jumpluff, L50, F, shiny|14/100
|-terastallize|p1b: Gholdengo|Dragon
|move|p1a: Dragonite|Scale Shot|p2a: Jumpluff
|-damage|p2a: Jumpluff|0 fnt
|faint|p2a: Jumpluff
|-hitcount|p2: Jumpluff|1
|-unboost|p1a: Dragonite|def|1
|-boost|p1a: Dragonite|spe|1
|move|p1b: Gholdengo|Shadow Ball|p2b: Torkoal
|-damage|p2b: Torkoal|28/100
|-unboost|p2b: Torkoal|spd|1
|-damage|p1b: Gholdengo|91/100|[from] item: Life Orb
|move|p2b: Torkoal|Overheat|p1b: Gholdengo|[miss]
|-miss|p2b: Torkoal|p1b: Gholdengo
|
|-weather|none
|upkeep
|
|t:|1757726026
|switch|p2a: Typhlosion|Typhlosion-Hisui, L50, M, shiny|100/100
|turn|6
|
|t:|1757726039
|-terastallize|p2a: Typhlosion|Fire
|move|p2b: Torkoal|Helping Hand|p2a: Typhlosion
|-singleturn|p2a: Typhlosion|Helping Hand|[of] p2b: Torkoal
|move|p1a: Dragonite|Scale Shot|p2a: Typhlosion|[miss]
|-miss|p1a: Dragonite|p2a: Typhlosion
|move|p2a: Typhlosion|Heat Wave|p1a: Dragonite|[spread] p1b
|-miss|p2a: Typhlosion|p1a: Dragonite
|-resisted|p1b: Gholdengo
|-damage|p1b: Gholdengo|28/100
|move|p1b: Gholdengo|Shadow Ball|p2a: Typhlosion
|-damage|p2a: Typhlosion|27/100
|-damage|p1b: Gholdengo|19/100|[from] item: Life Orb
|
|upkeep
|turn|7
|
|t:|1757726055
|move|p2b: Torkoal|Helping Hand|p2a: Typhlosion
|-singleturn|p2a: Typhlosion|Helping Hand|[of] p2b: Torkoal
|move|p1b: Gholdengo|Protect|p1b: Gholdengo
|-singleturn|p1b: Gholdengo|Protect
|move|p1a: Dragonite|Scale Shot|p2a: Typhlosion
|-damage|p2a: Typhlosion|4/100
|-damage|p2a: Typhlosion|0 fnt
|faint|p2a: Typhlosion
|-hitcount|p2: Typhlosion|2
|-unboost|p1a: Dragonite|def|1
|-boost|p1a: Dragonite|spe|1
|
|upkeep
|turn|8
|
|t:|1757726064
|move|p1a: Dragonite|Scale Shot|p2b: Torkoal
|-damage|p2b: Torkoal|16/100
|-damage|p2b: Torkoal|5/100
|-crit|p2b: Torkoal
|-damage|p2b: Torkoal|0 fnt
|faint|p2b: Torkoal
|-hitcount|p2: Torkoal|3
|
|win|smalltownkirlia
||smalltownkirlia is ready for game 2.
|inactive|emptinessmach has 30 seconds to confirm battle start!
||emptinessmach is ready for game 2.
|uhtml|next|Next: Game 2 of 3
|l|☆smalltownkirlia
|player|p1|
