|j|☆bluntmaster9000
|j|☆MrTedno
|html|bluntmaster9000MrTedno    
|uhtml|bestof|Game 1 of a best-of-3
|t:|1756582622
|gametype|doubles
|player|p1|bluntmaster9000|101|1161
|player|p2|MrTedno|barry|1257
|gen|9
|tier|[Gen 9] VGC 2025 Reg H (Bo3)
|rated|
|rule|Species Clause: Limit one of each Pokémon
|rule|Item Clause: Limit 1 of each item
|clearpoke
|poke|p1|Gholdengo, L50|
|poke|p1|Tyranitar, L50, F|
|poke|p1|Amoonguss, L50, F|
|poke|p1|Sneasler, L50, M|
|poke|p1|Salamence, L50, M|
|poke|p1|Volcarona, L50, M|
|poke|p2|Dondozo, L50, F|
|poke|p2|Tatsugiri, L50, F|
|poke|p2|Politoed, L50, F|
|poke|p2|Archaludon, L50, F|
|poke|p2|Amoonguss, L50, M|
|poke|p2|Overqwil, L50, M|
|teampreview|4
|showteam|p1|Gholdengo||LifeOrb|GoodasGold|MakeItRain,ShadowBall,NastyPlot,Protect||||||50|,,,,,Water]Tyranitar||LoadedDice|SandStream|RockBlast,KnockOff,Taunt,LowKick|||F|||50|,,,,,Ghost]Amoonguss||SitrusBerry|Regenerator|Spore,PollenPuff,Protect,RagePowder|||F|||50|,,,,,Water]Sneasler||WhiteHerb|Unburden|DireClaw,CloseCombat,FakeOut,Protect|||M|||50|,,,,,Stellar]Salamence||AssaultVest|Intimidate|DracoMeteor,DragonPulse,HeatWave,Hurricane|||M|||50|,,,,,Fire]Volcarona||CovertCloak|FlameBody|Overheat,RagePowder,Tailwind,StruggleBug|||M|||50|,,,,,Grass
|showteam|p2|Dondozo||LifeOrb|Unaware|Surf,Protect,SleepTalk|||F|||50|,,,,,Water]Tatsugiri||FocusSash|Commander|DracoMeteor,Protect,MuddyWater,Taunt|||F|||50|,,,,,Stellar]Politoed||SitrusBerry|Drizzle|WeatherBall,IceBeam,Haze,Protect|||F|||50|,,,,,Steel]Archaludon||AssaultVest|Stamina|BodyPress,ElectroShot,DragonPulse,FlashCannon|||F|||50|,,,,,Grass]Amoonguss||RockyHelmet|Regenerator|Spore,RagePowder,PollenPuff,Protect|||M|||50|,,,,,Fairy]Overqwil||ChoiceBand|SwiftSwim|PoisonJab,ThroatChop,Liquidation,PinMissile|||M|||50|,,,,,Ghost
|inactive|Battle timer is ON: inactive players will automatically lose when time's up. (requested by bluntmaster9000)
|inactive|bluntmaster9000 has 60 seconds left.
|inactive|bluntmaster9000 has 30 seconds left.
|
|t:|1756582684
|teamsize|p1|4
|teamsize|p2|4
|start
|switch|p1a: Volcarona|Volcarona, L50, M|100/100
|switch|p1b: Sneasler|Sneasler, L50, M|100/100
|switch|p2a: Peso|Tatsugiri, L50, F|100/100
|switch|p2b: Barnacles|Archaludon, L50, F|100/100
|turn|1
|inactive|MrTedno has 30 seconds left.
|
|t:|1756582709
|switch|p2b: Tweak|Politoed, L50, F|100/100
|-weather|RainDance|[from] ability: Drizzle|[of] p2b: Tweak
|move|p2a: Peso|Protect|p2a: Peso
|-singleturn|p2a: Peso|Protect
|move|p1b: Sneasler|Close Combat|p2b: Tweak
|-damage|p2b: Tweak|15/100
|-unboost|p1b: Sneasler|def|1
|-unboost|p1b: Sneasler|spd|1
|-enditem|p2b: Tweak|Sitrus Berry|[eat]
|-heal|p2b: Tweak|40/100|[from] item: Sitrus Berry
|-enditem|p1b: Sneasler|White Herb
|-clearnegativeboost|p1b: Sneasler|[silent]
|move|p1a: Volcarona|Overheat|p2b: Tweak|[miss]
|-miss|p1a: Volcarona|p2b: Tweak
|
|-weather|RainDance|[upkeep]
|upkeep
|turn|2
|inactive|bluntmaster9000 has 30 seconds left.
|inactive|MrTedno has 30 seconds left.
|
|t:|1756582743
|-terastallize|p1a: Volcarona|Grass
|move|p2b: Tweak|Protect|p2b: Tweak
|-singleturn|p2b: Tweak|Protect
|move|p1b: Sneasler|Dire Claw|p2b: Tweak
|-activate|p2b: Tweak|move: Protect
|move|p2a: Peso|Muddy Water|p1a: Volcarona|[spread] p1a,p1b
|-resisted|p1a: Volcarona
|-damage|p1a: Volcarona|83/100
|-damage|p1b: Sneasler|36/100
|move|p1a: Volcarona|Struggle Bug|p2a: Peso|[spread] p2a
|-activate|p2b: Tweak|move: Protect
|-damage|p2a: Peso|79/100
|-unboost|p2a: Peso|spa|1
|
|-weather|RainDance|[upkeep]
|upkeep
|turn|3
|inactive|MrTedno has 30 seconds left.
|inactive|bluntmaster9000 has 30 seconds left.
|inactive|MrTedno has 20 seconds left.
|inactive|MrTedno has 15 seconds left.
|inactive|bluntmaster9000 has 20 seconds left.
|inactive|MrTedno has 10 seconds left.
|inactive|bluntmaster9000 has 15 seconds left.
|inactive|MrTedno has 5 seconds left.
|
|t:|1756582798
|switch|p1b: Tyranitar|Tyranitar, L50, F|100/100
|-weather|Sandstorm|[from] ability: Sand Stream|[of] p1b: Tyranitar
|switch|p2b: Shellington|Overqwil, L50, M|100/100
|move|p2a: Peso|Draco Meteor|p1b: Tyranitar
|-damage|p1b: Tyranitar|73/100
|-unboost|p2a: Peso|spa|2
|move|p1a: Volcarona|Struggle Bug|p2a: Peso|[spread] p2a,p2b
|-damage|p2a: Peso|57/100
|-damage|p2b: Shellington|73/100
|-unboost|p2a: Peso|spa|1
|-unboost|p2b: Shellington|spa|1
|
|-weather|Sandstorm|[upkeep]
|-damage|p2b: Shellington|66/100|[from] Sandstorm
|-damage|p2a: Peso|51/100|[from] Sandstorm
|-damage|p1a: Volcarona|77/100|[from] Sandstorm
|upkeep
|turn|4
|inactive|bluntmaster9000 has 30 seconds left.
|
|t:|1756582833
|switch|p2a: Tweak|Politoed, L50, F|40/100
|-weather|RainDance|[from] ability: Drizzle|[of] p2a: Tweak
|switch|p1b: Salamence|Salamence, L50, M|100/100
|-ability|p1b: Salamence|Intimidate|boost
|-unboost|p2a: Tweak|atk|1
|-unboost|p2b: Shellington|atk|1
|move|p2b: Shellington|Poison Jab|p1a: Volcarona
|-supereffective|p1a: Volcarona
|-damage|p1a: Volcarona|4/100
|move|p1a: Volcarona|Tailwind|p1a: Volcarona
|-sidestart|p1: bluntmaster9000|move: Tailwind
|
|-weather|RainDance|[upkeep]
|upkeep
|turn|5
|inactive|bluntmaster9000 has 30 seconds left.
|inactive|MrTedno has 30 seconds left.
|inactive|MrTedno has 20 seconds left.
|inactive|MrTedno has 15 seconds left.
|inactive|MrTedno has 10 seconds left.
|
|t:|1756582880
|switch|p2b: Barnacles|Archaludon, L50, F|100/100
|move|p2a: Tweak|Protect|p2a: Tweak
|-singleturn|p2a: Tweak|Protect
|move|p1a: Volcarona|Rage Powder|p1a: Volcarona
|-singleturn|p1a: Volcarona|move: Rage Powder
|move|p1b: Salamence|Hurricane|p2b: Barnacles
|-resisted|p2b: Barnacles
|-crit|p2b: Barnacles
|-damage|p2b: Barnacles|68/100
|-ability|p2b: Barnacles|Stamina|boost
|-boost|p2b: Barnacles|def|1
|
|-weather|RainDance|[upkeep]
|upkeep
|turn|6
|inactive|bluntmaster9000 has 30 seconds left.
|inactive|MrTedno has 30 seconds left.
|inactive|bluntmaster9000 has 20 seconds left.
|
|t:|1756582918
|move|p1a: Volcarona|Rage Powder|p1a: Volcarona
|-singleturn|p1a: Volcarona|move: Rage Powder
|move|p1b: Salamence|Draco Meteor|p2b: Barnacles
|-crit|p2b: Barnacles
|-damage|p2b: Barnacles|0 fnt
|-unboost|p1b: Salamence|spa|2
|faint|p2b: Barnacles
|move|p2a: Tweak|Ice Beam|p1a: Volcarona
|-supereffective|p1a: Volcarona
|-damage|p1a: Volcarona|0 fnt
|faint|p1a: Volcarona
|
|-weather|RainDance|[upkeep]
|upkeep
|inactive|MrTedno has 30 seconds left.
|inactive|MrTedno has 20 seconds left.
|inactive|MrTedno has 15 seconds left.
|inactive|MrTedno has 10 seconds left.
|inactive|MrTedno has 5 seconds left.
|
|t:|1756582969
|switch|p1a: Sneasler|Sneasler, L50, M|36/100
|switch|p2b: Shellington|Overqwil, L50, M|66/100
|turn|7
|
|t:|1756582989
|switch|p1b: Tyranitar|Tyranitar, L50, F|73/100
|-weather|Sandstorm|[from] ability: Sand Stream|[of] p1b: Tyranitar
|-terastallize|p2b: Shellington|Ghost
|move|p1a: Sneasler|Close Combat|p2b: Shellington
|-immune|p2b: Shellington
|move|p2b: Shellington|Liquidation|p1a: Sneasler
|-damage|p1a: Sneasler|0 fnt
|faint|p1a: Sneasler
|move|p2a: Tweak|Ice Beam|p1b: Tyranitar
|-damage|p1b: Tyranitar|61/100
|
|-weather|Sandstorm|[upkeep]
|-damage|p2b: Shellington|60/100|[from] Sandstorm
|-damage|p2a: Tweak|33/100|[from] Sandstorm
|-sideend|p1: bluntmaster9000|move: Tailwind
|upkeep
|
|t:|1756583006
|switch|p1a: Salamence|Salamence, L50, M|100/100
|-ability|p1a: Salamence|Intimidate|boost
|-unboost|p2a: Tweak|atk|1
|-unboost|p2b: Shellington|atk|1
|turn|8
|inactive|MrTedno has 30 seconds left.
|inactive|MrTedno has 20 seconds left.
|
|t:|1756583046
|move|p1a: Salamence|Dragon Pulse|p2a: Tweak
|-damage|p2a: Tweak|5/100
|move|p2b: Shellington|Liquidation|p1b: Tyranitar
|-supereffective|p1b: Tyranitar
|-damage|p1b: Tyranitar|9/100
|move|p1b: Tyranitar|Knock Off|p2b: Shellington
|-supereffective|p2b: Shellington
|-damage|p2b: Shellington|0 fnt
|-enditem|p2b: Shellington|Choice Band|[from] move: Knock Off|[of] p1b: Tyranitar
|faint|p2b: Shellington
|move|p2a: Tweak|Ice Beam|p1a: Salamence
|-supereffective|p1a: Salamence
|-damage|p1a: Salamence|37/100
|
|-weather|Sandstorm|[upkeep]
|-damage|p1a: Salamence|31/100|[from] Sandstorm
|-damage|p2a: Tweak|0 fnt|[from] Sandstorm
|faint|p2a: Tweak
|upkeep
|
|t:|1756583054
|switch|p2b: Peso|Tatsugiri, L50, F|51/100
|turn|9
|
|t:|1756583077
|move|p1a: Salamence|Dragon Pulse|p2b: Peso
|-supereffective|p2b: Peso
|-damage|p2b: Peso|0 fnt
|faint|p2b: Peso
|
|win|bluntmaster9000
||bluntmaster9000 is ready for game 2.
||MrTedno is ready for game 2.
|uhtml|next|Next: Game 2 of 3
|l|☆MrTedno
|player|p2|
