|j|☆glueck
|j|☆quain4
|html|glueckquain4    
|uhtml|bestof|Game 1 of a best-of-3
|t:|1756381194
|gametype|doubles
|player|p1|glueck|marley|1000
|player|p2|quain4|169|1124
|gen|9
|tier|[Gen 9] VGC 2025 Reg H (Bo3)
|rated|
|rule|Species Clause: Limit one of each Pokémon
|rule|Item Clause: Limit 1 of each item
|clearpoke
|poke|p1|Charizard, L50, F|
|poke|p1|Torkoal, L50, F|
|poke|p1|Porygon2, L50|
|poke|p1|Incineroar, L50, F|
|poke|p1|Jumpluff, L50, F|
|poke|p1|Ursaluna, L50, F|
|poke|p2|Gothitelle, L50, M|
|poke|p2|Incineroar, L50, F|
|poke|p2|Zoroark-Hisui, L50, M|
|poke|p2|Ursaluna-Bloodmoon, L50, M|
|poke|p2|Amoonguss, L50, M|
|poke|p2|Annihilape, L50, M|
|teampreview|4
|showteam|p1|Charizard||ChoiceSpecs|SolarPower|HeatWave,Overheat,WeatherBall,AirSlash|||F|||50|,,,,,Ghost]Torkoal||EjectPack|Drought|Eruption,Overheat,HelpingHand,Protect|||F|||50|,,,,,Fire]Porygon2||Eviolite|Download|TeraBlast,IceBeam,Recover,TrickRoom||||||50|,,,,,Fighting]Incineroar||SitrusBerry|Intimidate|FlareBlitz,KnockOff,FakeOut,PartingShot|||F|||50|,,,,,Ghost]Jumpluff||CovertCloak|Chlorophyll|SleepPowder,SunnyDay,RagePowder,Tailwind|||F|||50|,,,,,Water]Ursaluna||FlameOrb|Guts|HeadlongRush,Facade,Earthquake,Protect|||F|||50|,,,,,Ghost
|showteam|p2|Gothitelle||SitrusBerry|ShadowTag|Protect,TrickRoom,FakeOut,Psychic|||M|||50|,,,,,Water]Incineroar||AssaultVest|Intimidate|Uturn,FakeOut,FlareBlitz,KnockOff|||F|||50|,,,,,Grass]Zoroark-Hisui||FocusSash|Illusion|Protect,NastyPlot,BitterMalice,HyperVoice|||M|||50|,,,,,Normal]Ursaluna-Bloodmoon||LifeOrb|MindsEye|Protect,EarthPower,BloodMoon,HyperVoice|||M|||50|,,,,,Normal]Amoonguss||RockyHelmet|EffectSpore|Protect,Spore,RagePowder,PollenPuff|||M|||50|,,,,,Water]Annihilape||SafetyGoggles|Defiant|CloseCombat,Protect,FinalGambit,RageFist|||M|||50|,,,,,Fighting
|inactive|Battle timer is ON: inactive players will automatically lose when time's up. (requested by glueck)
|inactive|glueck has 60 seconds left.
|
|t:|1756381236
|teamsize|p1|4
|teamsize|p2|4
|start
|switch|p1a: Charizard|Charizard, L50, F|100/100
|switch|p1b: Jumpluff|Jumpluff, L50, F|100/100
|switch|p2a: Incineroar|Incineroar, L50, F|100/100
|switch|p2b: Amoonguss|Amoonguss, L50, M|100/100
|-ability|p2a: Incineroar|Intimidate|boost
|-unboost|p1a: Charizard|atk|1
|-unboost|p1b: Jumpluff|atk|1
|turn|1
|
|t:|1756381259
|-terastallize|p1a: Charizard|Ghost
|-terastallize|p2b: Amoonguss|Water
|move|p1b: Jumpluff|Sunny Day|p1b: Jumpluff
|-weather|SunnyDay
|move|p1a: Charizard|Heat Wave|p2b: Amoonguss|[spread] p2a,p2b
|-resisted|p2a: Incineroar
|-resisted|p2b: Amoonguss
|-damage|p2a: Incineroar|66/100
|-damage|p2b: Amoonguss|57/100
|move|p2a: Incineroar|Flare Blitz|p1b: Jumpluff
|-supereffective|p1b: Jumpluff
|-damage|p1b: Jumpluff|0 fnt
|faint|p1b: Jumpluff
|-damage|p2a: Incineroar|36/100|[from] Recoil
|move|p2b: Amoonguss|Spore|p1a: Charizard
|-status|p1a: Charizard|slp|[from] move: Spore
|
|-weather|SunnyDay|[upkeep]
|-damage|p1a: Charizard|88/100 slp|[from] ability: Solar Power|[of] p1a: Charizard
|upkeep
|
|t:|1756381283
|switch|p1b: Ursaluna|Ursaluna, L50, F|100/100
|turn|2
|inactive|quain4 has 30 seconds left.
|
|t:|1756381308
|move|p1b: Ursaluna|Protect|p1b: Ursaluna
|-singleturn|p1b: Ursaluna|Protect
|cant|p1a: Charizard|slp
|move|p2a: Incineroar|Knock Off|p1a: Charizard
|-supereffective|p1a: Charizard
|-damage|p1a: Charizard|0 fnt
|-enditem|p1a: Charizard|Choice Specs|[from] move: Knock Off|[of] p2a: Incineroar
|faint|p1a: Charizard
|move|p2b: Amoonguss|Pollen Puff|p2a: Incineroar
|-heal|p2a: Incineroar|86/100
|
|-weather|SunnyDay|[upkeep]
|-status|p1b: Ursaluna|brn|[from] item: Flame Orb
|upkeep
|
|t:|1756381318
|switch|p1a: Incineroar|Incineroar, L50, F|100/100
|-ability|p1a: Incineroar|Intimidate|boost
|-unboost|p2a: Incineroar|atk|1
|-unboost|p2b: Amoonguss|atk|1
|turn|3
|
|t:|1756381338
|switch|p2a: Gothitelle|Gothitelle, L50, M|100/100
|move|p2b: Amoonguss|Protect|p2b: Amoonguss
|-singleturn|p2b: Amoonguss|Protect
|move|p1a: Incineroar|Knock Off|p2b: Amoonguss
|-activate|p2b: Amoonguss|move: Protect
|move|p1b: Ursaluna|Headlong Rush|p2a: Gothitelle
|-damage|p2a: Gothitelle|3/100
|-unboost|p1b: Ursaluna|def|1
|-unboost|p1b: Ursaluna|spd|1
|-enditem|p2a: Gothitelle|Sitrus Berry|[eat]
|-heal|p2a: Gothitelle|28/100|[from] item: Sitrus Berry
|
|-weather|SunnyDay|[upkeep]
|-damage|p1b: Ursaluna|95/100 brn|[from] brn
|upkeep
|turn|4
|
|t:|1756381352
|switch|p2b: Incineroar|Incineroar, L50, F|86/100
|-ability|p2b: Incineroar|Intimidate|boost
|-unboost|p1a: Incineroar|atk|1
|-unboost|p1b: Ursaluna|atk|1
|move|p2a: Gothitelle|Fake Out|p1a: Incineroar
|-damage|p1a: Incineroar|94/100
|cant|p1a: Incineroar|flinch
|move|p1b: Ursaluna|Facade|p2b: Incineroar
|-damage|p2b: Incineroar|8/100
|
|-weather|SunnyDay|[upkeep]
|-damage|p1b: Ursaluna|89/100 brn|[from] brn
|upkeep
|turn|5
|
|t:|1756381375
|move|p2a: Gothitelle|Protect|p2a: Gothitelle
|-singleturn|p2a: Gothitelle|Protect
|move|p1a: Incineroar|Flare Blitz|p2b: Incineroar
|-resisted|p2b: Incineroar
|-damage|p2b: Incineroar|0 fnt
|faint|p2b: Incineroar
|-damage|p1a: Incineroar|92/100|[from] Recoil
|move|p1b: Ursaluna|Facade|p2a: Gothitelle
|-activate|p2a: Gothitelle|move: Protect
|
|-weather|none
|-damage|p1b: Ursaluna|83/100 brn|[from] brn
|upkeep
|
|t:|1756381383
|switch|p2b: Ursaluna|Ursaluna-Bloodmoon, L50, M|100/100
|turn|6
|
|t:|1756381393
|switch|p2a: Amoonguss|Amoonguss, L50, M, tera:Water|57/100
|move|p1a: Incineroar|Flare Blitz|p2b: Ursaluna
|-damage|p2b: Ursaluna|75/100
|-damage|p1a: Incineroar|82/100|[from] Recoil
|move|p1b: Ursaluna|Facade|p2b: Ursaluna
|-damage|p2b: Ursaluna|18/100
|move|p2b: Ursaluna|Hyper Voice|p1b: Ursaluna|[spread] p1a,p1b
|-damage|p1a: Incineroar|30/100
|-damage|p1b: Ursaluna|9/100 brn
|-enditem|p1a: Incineroar|Sitrus Berry|[eat]
|-heal|p1a: Incineroar|55/100|[from] item: Sitrus Berry
|-damage|p2b: Ursaluna|8/100|[from] item: Life Orb
|
|-damage|p1b: Ursaluna|4/100 brn|[from] brn
|upkeep
|turn|7
|
|t:|1756381414
|move|p2b: Ursaluna|Protect|p2b: Ursaluna
|-singleturn|p2b: Ursaluna|Protect
|move|p2a: Amoonguss|Protect|p2a: Amoonguss
|-singleturn|p2a: Amoonguss|Protect
|move|p1a: Incineroar|Knock Off|p2b: Ursaluna
|-activate|p2b: Ursaluna|move: Protect
|move|p1b: Ursaluna|Facade|p2a: Amoonguss
|-activate|p2a: Amoonguss|move: Protect
|
|-damage|p1b: Ursaluna|0 fnt|[from] brn
|faint|p1b: Ursaluna
|upkeep
|turn|8
|
|t:|1756381423
|switch|p2b: Gothitelle|Gothitelle, L50, M|28/100
|move|p1a: Incineroar|Knock Off|p2b: Gothitelle
|-supereffective|p2b: Gothitelle
|-damage|p2b: Gothitelle|0 fnt
|faint|p2b: Gothitelle
|move|p2a: Amoonguss|Spore|p1a: Incineroar
|-status|p1a: Incineroar|slp|[from] move: Spore
|
|upkeep
|
|t:|1756381427
|switch|p2b: Ursaluna|Ursaluna-Bloodmoon, L50, M|8/100
|turn|9
|
|t:|1756381437
|cant|p1a: Incineroar|slp
|move|p2b: Ursaluna|Blood Moon|p1a: Incineroar
|-damage|p1a: Incineroar|0 fnt
|faint|p1a: Incineroar
|-damage|p2b: Ursaluna|0 fnt|[from] item: Life Orb
|faint|p2b: Ursaluna
|
|win|quain4
||quain4 is ready for game 2.
|inactive|glueck has 30 seconds to confirm battle start!
||glueck is ready for game 2.
|uhtml|next|Next: Game 2 of 3
|l|☆quain4
|player|p2|
