|j|☆ZacianBot
|j|☆Dr_Cups
|html|ZacianBotDr_Cups    
|uhtml|bestof|Game 1 of a best-of-3
|t:|1785959073
|gametype|doubles
|player|p1|ZacianBot|koga|1150
|player|p2|Dr_Cups|1|1152
|gen|9
|tier|[Gen 9 Champions] VGC 2026 Reg M-B (Bo3)
|rated|
|rule|Species Clause: Limit one of each Pokémon
|rule|Item Clause: Limit 1 of each item
|clearpoke
|poke|p1|Floette-Eternal, L50, F|
|poke|p1|Aerodactyl, L50, M|
|poke|p1|Garchomp, L50, M|
|poke|p1|Incineroar, L50, M|
|poke|p1|Sinistcha-Masterpiece, L50|
|poke|p1|Kingambit, L50, M|
|poke|p2|Raichu, L50, F|
|poke|p2|Staraptor, L50, F|
|poke|p2|Arcanine-Hisui, L50, M|
|poke|p2|Farigiraf, L50, M|
|poke|p2|Sylveon, L50, F|
|poke|p2|Kingambit, L50, M|
|teampreview|4
|showteam|p1|Floette-Eternal||Floettite|FlowerVeil|Protect,DazzlingGleam,DrainingKiss,CalmMind|Modest||F|||50|]Aerodactyl||Aerodactylite|Unnerve|Protect,Tailwind,DualWingbeat,RockSlide|Jolly||M|||50|]Garchomp||SitrusBerry|RoughSkin|Protect,DragonClaw,StompingTantrum,RockSlide|Adamant||M|||50|]Incineroar||PasshoBerry|Intimidate|FlareBlitz,ThroatChop,PartingShot,FakeOut|Careful||M|||50|]Sinistcha-Masterpiece||OccaBerry|Hospitality|Protect,RagePowder,MatchaGotcha,TrickRoom|Bold|||||50|]Kingambit||BlackGlasses|Defiant|Protect,KowtowCleave,SuckerPunch,SwordsDance|Adamant||M|||50|
|showteam|p2|Raichu||RaichuniteY|LightningRod|ZapCannon,FocusBlast,FakeOut,Protect|Timid||F|||50|]Staraptor||Staraptite|Intimidate|CloseCombat,DualWingbeat,Tailwind,Protect|Jolly||F|||50|]Arcanine-Hisui||FocusSash|RockHead|FlareBlitz,HeadSmash,ExtremeSpeed,Protect|Jolly||M|||50|]Farigiraf||SitrusBerry|ArmorTail|Psychic,HelpingHand,TrickRoom,Protect|Calm||M|||50|]Sylveon||FairyFeather|Pixilate|HyperVoice,QuickAttack,HyperBeam,Detect|Modest||F|||50|]Kingambit||LifeOrb|Defiant|KowtowCleave,SuckerPunch,SwordsDance,Protect|Adamant||M|||50|
|inactive|Battle timer is ON: inactive players will automatically lose when time's up. (requested by ZacianBot)
|inactive|ZacianBot has 60 seconds left.
|inactive|Dr_Cups has 60 seconds left.
|inactive|Dr_Cups has 30 seconds left.
|
|t:|1785959142
|teamsize|p1|4
|teamsize|p2|4
|start
|switch|p1a: Floette|Floette-Eternal, L50, F|100/100
|switch|p1b: Garchomp|Garchomp, L50, M|100/100
|switch|p2a: Raichu|Raichu, L50, F|100/100
|switch|p2b: Sylveon|Sylveon, L50, F|100/100
|turn|1
|
|t:|1785959161
|detailschange|p2a: Raichu|Raichu-Mega-Y, L50, F
|-mega|p2a: Raichu|Raichu|Raichunite Y
|move|p1b: Garchomp|Protect|p1b: Garchomp
|-singleturn|p1b: Garchomp|Protect
|move|p1a: Floette|Protect|p1a: Floette
|-singleturn|p1a: Floette|Protect
|move|p2a: Raichu|Fake Out|p1b: Garchomp
|-activate|p1b: Garchomp|move: Protect
|move|p2b: Sylveon|Hyper Voice|p1b: Garchomp|[spread] 
|-activate|p1a: Floette|move: Protect
|-activate|p1b: Garchomp|move: Protect
|
|upkeep
|turn|2
|inactive|ZacianBot has 30 seconds left.
|
|t:|1785959192
|detailschange|p1a: Floette|Floette-Mega, L50, F
|-mega|p1a: Floette|Floette|Floettite
|-ability|p1a: Floette|Fairy Aura
|move|p2a: Raichu|Zap Cannon|p1a: Floette
|-damage|p1a: Floette|53/100
|-status|p1a: Floette|par
|move|p1b: Garchomp|Rock Slide|p2b: Sylveon|[spread] p2a,p2b
|-damage|p2a: Raichu|67/100
|-damage|p2b: Sylveon|75/100
|cant|p2b: Sylveon|flinch
|move|p1a: Floette|Dazzling Gleam|p2a: Raichu|[spread] p2a,p2b
|-damage|p2a: Raichu|4/100
|-damage|p2b: Sylveon|41/100
|
|upkeep
|turn|3
|inactive|ZacianBot has 30 seconds left.
|inactive|Dr_Cups has 30 seconds left.
|inactive|ZacianBot has 20 seconds left.
|inactive|ZacianBot has 15 seconds left.
|inactive|ZacianBot has 10 seconds left.
|inactive|ZacianBot has 5 seconds left.
|
|t:|1785959244
|switch|p2a: Farigiraf|Farigiraf, L50, M|100/100
|switch|p1b: Sinistcha|Sinistcha-Masterpiece, L50|100/100
|-heal|p1a: Floette|78/100 par|[from] ability: Hospitality|[of] p1b: Sinistcha
|move|p2b: Sylveon|Hyper Voice|p1b: Sinistcha|[spread] p1a,p1b
|-damage|p1a: Floette|31/100 par
|-damage|p1b: Sinistcha|37/100
|move|p1a: Floette|Dazzling Gleam|p2b: Sylveon|[spread] p2a,p2b
|-damage|p2a: Farigiraf|63/100
|-damage|p2b: Sylveon|8/100
|
|upkeep
|turn|4
|inactive|Dr_Cups has 30 seconds left.
|
|t:|1785959273
|move|p1a: Floette|Protect|p1a: Floette
|-singleturn|p1a: Floette|Protect
|move|p1b: Sinistcha|Matcha Gotcha|p2a: Farigiraf|[spread] p2b
|-miss|p1b: Sinistcha|p2a: Farigiraf
|-damage|p2b: Sylveon|0 fnt
|-heal|p1b: Sinistcha|42/100|[from] drain|[of] p2b: Sylveon
|faint|p2b: Sylveon
|move|p2a: Farigiraf|Psychic|p1b: Sinistcha
|-damage|p1b: Sinistcha|12/100
|
|upkeep
|
|t:|1785959288
|switch|p2b: Arcanine|Arcanine-Hisui, L50, M|100/100
|turn|5
|
|t:|1785959297
|switch|p1b: Incineroar|Incineroar, L50, M|100/100
|-ability|p1b: Incineroar|Intimidate|boost
|-unboost|p2a: Farigiraf|atk|1
|-unboost|p2b: Arcanine|atk|1
|move|p2b: Arcanine|Flare Blitz|p1a: Floette
|-damage|p1a: Floette|0 fnt
|faint|p1a: Floette
|move|p2a: Farigiraf|Psychic|p1b: Incineroar
|-immune|p1b: Incineroar
|
|upkeep
|
|t:|1785959307
|switch|p1a: Garchomp|Garchomp, L50, M|100/100
|turn|6
|
|t:|1785959330
|move|p2b: Arcanine|Protect|p2b: Arcanine
|-singleturn|p2b: Arcanine|Protect
|move|p1a: Garchomp|Stomping Tantrum|p2b: Arcanine
|-activate|p2b: Arcanine|move: Protect
|move|p1b: Incineroar|Throat Chop|p2a: Farigiraf
|-supereffective|p2a: Farigiraf|1
|-damage|p2a: Farigiraf|6/100
|-start|p2a: Farigiraf|Throat Chop|[silent]
|-enditem|p2a: Farigiraf|Sitrus Berry|[eat]
|-heal|p2a: Farigiraf|31/100|[from] item: Sitrus Berry
|move|p2a: Farigiraf|Psychic|p1a: Garchomp
|-damage|p1a: Garchomp|65/100
|
|upkeep
|turn|7
|
|t:|1785959353
|move|p2b: Arcanine|Head Smash|p1b: Incineroar|[miss]
|-miss|p2b: Arcanine|p1b: Incineroar
|move|p1a: Garchomp|Stomping Tantrum|p2b: Arcanine
|-supereffective|p2b: Arcanine|2
|-enditem|p2b: Arcanine|Focus Sash
|-damage|p2b: Arcanine|1/100
|move|p1b: Incineroar|Throat Chop|p2b: Arcanine
|-damage|p2b: Arcanine|0 fnt
|faint|p2b: Arcanine
|move|p2a: Farigiraf|Psychic|p1a: Garchomp
|-damage|p1a: Garchomp|30/100
|-enditem|p1a: Garchomp|Sitrus Berry|[eat]
|-heal|p1a: Garchomp|55/100|[from] item: Sitrus Berry
|
|-end|p2a: Farigiraf|Throat Chop|[silent]
|upkeep
|
|t:|1785959367
|switch|p2b: Raichu|Raichu-Mega-Y, L50, F|4/100
|turn|8
|inactive|Dr_Cups has 30 seconds left.
|
|t:|1785959394
|switch|p1b: Sinistcha|Sinistcha-Masterpiece, L50|12/100
|-heal|p1a: Garchomp|80/100|[from] ability: Hospitality|[of] p1b: Sinistcha
|move|p2b: Raichu|Focus Blast|p1b: Sinistcha
|-immune|p1b: Sinistcha
|move|p1a: Garchomp|Rock Slide|p2a: Farigiraf|[spread] p2a,p2b
|-damage|p2a: Farigiraf|12/100
|-damage|p2b: Raichu|0 fnt
|faint|p2b: Raichu
|move|p2a: Farigiraf|Psychic|p1a: Garchomp
|-damage|p1a: Garchomp|47/100
|
|upkeep
|turn|9
|
|t:|1785959406
|move|p1a: Garchomp|Dragon Claw|p2a: Farigiraf
|-damage|p2a: Farigiraf|0 fnt
|faint|p2a: Farigiraf
|
|win|ZacianBot
||ZacianBot is ready for game 2.
||Dr_Cups is ready for game 2.
|uhtml|next|Next: Game 2 of 3
