|j|☆ennuismile
|j|☆melon storme
|html|ennuismilemelon storme    
|uhtml|bestof|Game 2 of a best-of-3
|t:|1786046158
|gametype|doubles
|player|p1|ennuismile|cheryl|1274
|player|p2|melon storme|kieran-masters|1220
|gen|9
|tier|[Gen 9 Champions] VGC 2026 Reg M-B (Bo3)
|rated|
|rule|Species Clause: Limit one of each Pokémon
|rule|Item Clause: Limit 1 of each item
|clearpoke
|poke|p1|Staraptor, L50, M|
|poke|p1|Arcanine-Hisui, L50, M|
|poke|p1|Kingambit, L50, F|
|poke|p1|Raichu, L50, M|
|poke|p1|Farigiraf, L50, F|
|poke|p1|Sylveon, L50, M|
|poke|p2|Pyroar, L50, F|
|poke|p2|Aerodactyl, L50, M|
|poke|p2|Torkoal, L50, M|
|poke|p2|Vileplume, L50, M|
|poke|p2|Farigiraf, L50, F, shiny|
|poke|p2|Mawile, L50, F|
|teampreview|4
|showteam|p1|Staraptor||Staraptite|Intimidate|DualWingbeat,CloseCombat,Tailwind,Protect|Jolly||M|||50|]Arcanine-Hisui||FocusSash|RockHead|FlareBlitz,HeadSmash,ExtremeSpeed,Protect|Jolly||M|||50|]Kingambit||LifeOrb|Defiant|KowtowCleave,SuckerPunch,SwordsDance,Protect|Adamant||F|||50|]Raichu||RaichuniteY|LightningRod|ZapCannon,FocusBlast,FakeOut,Protect|Timid||M|||50|]Farigiraf||SitrusBerry|ArmorTail|Psychic,HelpingHand,TrickRoom,Protect|Calm||F|||50|]Sylveon||FairyFeather|Pixilate|HyperVoice,HyperBeam,BabyDollEyes,Detect|Modest||M|||50|
|showteam|p2|Pyroar||Pyroarite|Rivalry|Taunt,HeatWave,Overheat,Protect|Timid||F|||50|]Aerodactyl||SitrusBerry|Unnerve|RockSlide,Tailwind,WideGuard,DualWingbeat|Jolly||M|||50|]Torkoal||Charcoal|Drought|Eruption,HeatWave,SolarBeam,Protect|Quiet||M|||50|]Vileplume||FocusSash|Chlorophyll|EnergyBall,SludgeBomb,AfterYou,SleepPowder|Timid||M|||50|]Farigiraf||Leftovers|ArmorTail|HyperVoice,Psychic,Protect,TrickRoom|Relaxed||F|||50|]Mawile||Mawilite|Intimidate|IronHead,PlayRough,SwordsDance,SuckerPunch|Sassy||F|||50|
|inactive|Battle timer is ON: inactive players will automatically lose when time's up. (requested by ennuismile)
|
|t:|1786046188
|teamsize|p1|4
|teamsize|p2|4
|start
|switch|p1a: Raichu|Raichu, L50, M|100/100
|switch|p1b: Arcanine|Arcanine-Hisui, L50, M|100/100
|switch|p2a: 4-loko|Pyroar, L50, F|100/100
|switch|p2b: Mahrukasha|Aerodactyl, L50, M|100/100
|-ability|p2b: Mahrukasha|Unnerve
|turn|1
|
|t:|1786046213
|detailschange|p2a: 4-loko|Pyroar-Mega, L50, F
|-mega|p2a: 4-loko|Pyroar|Pyroarite
|detailschange|p1a: Raichu|Raichu-Mega-Y, L50, M
|-mega|p1a: Raichu|Raichu|Raichunite Y
|move|p1a: Raichu|Fake Out|p2b: Mahrukasha
|-resisted|p2b: Mahrukasha|1
|-damage|p2b: Mahrukasha|94/100
|move|p2a: 4-loko|Heat Wave|p1b: Arcanine|[spread] p1a,p1b
|-resisted|p1b: Arcanine|2
|-damage|p1a: Raichu|23/100
|-damage|p1b: Arcanine|82/100
|cant|p2b: Mahrukasha|flinch
|move|p1b: Arcanine|Head Smash|p2a: 4-loko
|-supereffective|p2a: 4-loko|1
|-damage|p2a: 4-loko|0 fnt
|faint|p2a: 4-loko
|
|upkeep
|
|t:|1786046227
|switch|p2a: Ghengas Khan|Torkoal, L50, M|100/100
|-weather|SunnyDay|[from] ability: Drought|[of] p2a: Ghengas Khan
|turn|2
|
|t:|1786046235
|move|p2b: Mahrukasha|Rock Slide|p1b: Arcanine|[spread] p1a,p1b
|-supereffective|p1b: Arcanine|1
|-damage|p1a: Raichu|0 fnt
|-damage|p1b: Arcanine|29/100
|faint|p1a: Raichu
|move|p1b: Arcanine|Head Smash|p2a: Ghengas Khan
|-supereffective|p2a: Ghengas Khan|1
|-crit|p2a: Ghengas Khan
|-damage|p2a: Ghengas Khan|0 fnt
|faint|p2a: Ghengas Khan
|
|-weather|SunnyDay|[upkeep]
|upkeep
|
|t:|1786046244
|switch|p1a: Kingambit|Kingambit, L50, F|100/100
|switch|p2a: Mr bean|Vileplume, L50, M|100/100
|turn|3
|inactive|ennuismile has 30 seconds left.
|
|t:|1786046270
|move|p1b: Arcanine|Extreme Speed|p2a: Mr bean
|-damage|p2a: Mr bean|67/100
|move|p2a: Mr bean|Sleep Powder|p1a: Kingambit
|-status|p1a: Kingambit|slp|[from] move: Sleep Powder
|move|p2b: Mahrukasha|Rock Slide|p1b: Arcanine|[spread] p1a,p1b
|-resisted|p1a: Kingambit|1
|-supereffective|p1b: Arcanine|1
|-damage|p1a: Kingambit|91/100 slp
|-damage|p1b: Arcanine|0 fnt
|faint|p1b: Arcanine
|cant|p1a: Kingambit|slp
|
|-weather|SunnyDay|[upkeep]
|upkeep
|
|t:|1786046278
|switch|p1b: Farigiraf|Farigiraf, L50, F|100/100
|turn|4
|
|t:|1786046284
|move|p1b: Farigiraf|Protect|p1b: Farigiraf
|-singleturn|p1b: Farigiraf|Protect
|-curestatus|p1a: Kingambit|slp|[msg]
|move|p1a: Kingambit|Protect|p1a: Kingambit
|-singleturn|p1a: Kingambit|Protect
|move|p2a: Mr bean|Energy Ball|p1a: Kingambit
|-activate|p1a: Kingambit|move: Protect
|move|p2b: Mahrukasha|Rock Slide|p1b: Farigiraf|[spread] 
|-activate|p1a: Kingambit|move: Protect
|-activate|p1b: Farigiraf|move: Protect
|
|-weather|SunnyDay|[upkeep]
|upkeep
|turn|5
|
|t:|1786046306
|move|p2a: Mr bean|Sleep Powder|p1b: Farigiraf
|-status|p1b: Farigiraf|slp|[from] move: Sleep Powder
|move|p2b: Mahrukasha|Rock Slide|p1a: Kingambit|[spread] p1b
|-miss|p2b: Mahrukasha|p1a: Kingambit
|-damage|p1b: Farigiraf|81/100 slp
|move|p1a: Kingambit|Kowtow Cleave|p2a: Mr bean
|-damage|p2a: Mr bean|0 fnt
|faint|p2a: Mr bean
|-damage|p1a: Kingambit|81/100|[from] item: Life Orb
|cant|p1b: Farigiraf|slp
|
|-weather|SunnyDay|[upkeep]
|upkeep
|turn|6
|
|t:|1786046318
|move|p1a: Kingambit|Sucker Punch|p2b: Mahrukasha
|-damage|p2b: Mahrukasha|19/100
|-enditem|p2b: Mahrukasha|Sitrus Berry|[eat]
|-heal|p2b: Mahrukasha|43/100|[from] item: Sitrus Berry
|-damage|p1a: Kingambit|71/100|[from] item: Life Orb
|move|p2b: Mahrukasha|Rock Slide|p1a: Kingambit|[spread] p1a,p1b
|-resisted|p1a: Kingambit|1
|-damage|p1a: Kingambit|64/100
|-damage|p1b: Farigiraf|62/100 slp
|cant|p1b: Farigiraf|slp
|
|-weather|none
|upkeep
|turn|7
|
|t:|1786046331
|move|p1a: Kingambit|Sucker Punch|p2b: Mahrukasha
|-damage|p2b: Mahrukasha|0 fnt
|faint|p2b: Mahrukasha
|-damage|p1a: Kingambit|54/100|[from] item: Life Orb
|
|win|ennuismile
