|j|☆NandoGTG
|j|☆Bionzella
|html|NandoGTGBionzella    
|uhtml|bestof|Game 2 of a best-of-3
|t:|1784757403
|gametype|doubles
|player|p1|NandoGTG|cheren|
|player|p2|Bionzella|smasher|
|gen|9
|tier|[Gen 9 Champions] VGC 2026 Reg M-B (Bo3)
|rule|Species Clause: Limit one of each Pokémon
|rule|Item Clause: Limit 1 of each item
|clearpoke
|poke|p1|Staraptor, L50, F|
|poke|p1|Tyranitar, L50, M|
|poke|p1|Excadrill, L50, M|
|poke|p1|Gholdengo, L50|
|poke|p1|Sinistcha, L50|
|poke|p1|Milotic, L50, F|
|poke|p2|Garchomp, L50, F, shiny|
|poke|p2|Primarina, L50, M, shiny|
|poke|p2|Sinistcha, L50|
|poke|p2|Scovillain, L50, F|
|poke|p2|Aerodactyl, L50, M|
|poke|p2|Farigiraf, L50, M|
|teampreview|4
|showteam|p1|Staraptor||Staraptite|Intimidate|CloseCombat,BraveBird,Tailwind,Protect|Jolly||F|||50|]Tyranitar||Tyranitarite|SandStream|KnockOff,RockSlide,HighHorsepower,Protect|Jolly||M|||50|]Excadrill||FocusSash|SandRush|HighHorsepower,IronHead,RockSlide,Protect|Jolly||M|||50|]Gholdengo||LifeOrb|GoodasGold|MakeItRain,ShadowBall,NastyPlot,Protect|Modest|||||50|]Sinistcha||ColburBerry|Hospitality|MatchaGotcha,ShadowBall,Protect,RagePowder|Bold|||||50|]Milotic||SitrusBerry|Competitive|Scald,IcyWind,Haze,Protect|Calm||F|||50|
|showteam|p2|Garchomp||LifeOrb|RoughSkin|DragonClaw,Earthquake,RockSlide,Protect|Adamant||F|||50|]Primarina||Leftovers|LiquidVoice|HyperVoice,Moonblast,CalmMind,Protect|Modest||M|||50|]Sinistcha||OccaBerry|Hospitality|MatchaGotcha,ShadowBall,TrickRoom,Protect|Modest|||||50|]Scovillain||Scovillainite|Chlorophyll|Overheat,RagePowder,LeechSeed,Protect|Bold||F|||50|]Aerodactyl||Aerodactylite|RockHead|RockSlide,DualWingbeat,Tailwind,IceFang|Jolly||M|||50|]Farigiraf||SitrusBerry|ArmorTail|HyperVoice,LowKick,TrickRoom,ShadowBall|Sassy||M|||50|
|
|t:|1784757419
|teamsize|p1|4
|teamsize|p2|4
|start
|switch|p1a: Tyranitar|Tyranitar, L50, M|100/100
|switch|p1b: Milotic|Milotic, L50, F|100/100
|switch|p2a: Keonistocene|Aerodactyl, L50, M|100/100
|switch|p2b: Camarero|Garchomp, L50, F, shiny|100/100
|-weather|Sandstorm|[from] ability: Sand Stream|[of] p1a: Tyranitar
|turn|1
|inactive|Battle timer is ON: inactive players will automatically lose when time's up. (requested by NandoGTG)
|
|t:|1784757438
|detailschange|p2a: Keonistocene|Aerodactyl-Mega, L50, M
|-mega|p2a: Keonistocene|Aerodactyl|Aerodactylite
|move|p1a: Tyranitar|Protect|p1a: Tyranitar
|-singleturn|p1a: Tyranitar|Protect
|move|p2a: Keonistocene|Tailwind|p2a: Keonistocene
|-sidestart|p2: Bionzella|move: Tailwind
|move|p2b: Camarero|Earthquake|p1b: Milotic|[spread] p1b
|-activate|p1a: Tyranitar|move: Protect
|-immune|p2a: Keonistocene
|-damage|p1b: Milotic|43/100
|-enditem|p1b: Milotic|Sitrus Berry|[eat]
|-heal|p1b: Milotic|68/100|[from] item: Sitrus Berry
|-damage|p2b: Camarero|90/100|[from] item: Life Orb
|move|p1b: Milotic|Icy Wind|p2b: Camarero|[spread] p2a,p2b
|-supereffective|p2a: Keonistocene|1
|-supereffective|p2b: Camarero|2
|-damage|p2a: Keonistocene|83/100
|-damage|p2b: Camarero|51/100
|-unboost|p2a: Keonistocene|spe|1
|-unboost|p2b: Camarero|spe|1
|
|-weather|Sandstorm|[upkeep]
|-damage|p1b: Milotic|62/100|[from] Sandstorm
|upkeep
|turn|2
|
|t:|1784757460
|switch|p1a: Sinistcha|Sinistcha, L50|100/100
|-heal|p1b: Milotic|87/100|[from] ability: Hospitality|[of] p1a: Sinistcha
|move|p2a: Keonistocene|Rock Slide|p1b: Milotic|[spread] p1a,p1b
|-crit|p1a: Sinistcha
|-damage|p1a: Sinistcha|65/100
|-damage|p1b: Milotic|56/100
|move|p2b: Camarero|Earthquake|p1a: Sinistcha|[spread] p1a,p1b
|-immune|p2a: Keonistocene
|-resisted|p1a: Sinistcha|1
|-damage|p1a: Sinistcha|43/100
|-damage|p1b: Milotic|1/100
|-damage|p2b: Camarero|41/100|[from] item: Life Orb
|move|p1b: Milotic|Icy Wind|p2a: Keonistocene|[spread] p2a,p2b
|-supereffective|p2a: Keonistocene|1
|-supereffective|p2b: Camarero|2
|-damage|p2a: Keonistocene|66/100
|-damage|p2b: Camarero|6/100
|-unboost|p2a: Keonistocene|spe|1
|-unboost|p2b: Camarero|spe|1
|
|-weather|Sandstorm|[upkeep]
|-damage|p1b: Milotic|0 fnt|[from] Sandstorm
|-damage|p1a: Sinistcha|37/100|[from] Sandstorm
|faint|p1b: Milotic
|upkeep
|inactive|NandoGTG has 30 seconds left.
|c|☆NandoGTG|uhhhh
|
|t:|1784757487
|switch|p1b: Tyranitar|Tyranitar, L50, M|100/100
|turn|3
|
|t:|1784757500
|switch|p2a: Asakusa|Sinistcha, L50|100/100
|-heal|p2b: Camarero|30/100|[from] ability: Hospitality|[of] p2a: Asakusa
|detailschange|p1b: Tyranitar|Tyranitar-Mega, L50, M
|-mega|p1b: Tyranitar|Tyranitar|Tyranitarite
|move|p2b: Camarero|Protect|p2b: Camarero
|-singleturn|p2b: Camarero|Protect
|move|p1a: Sinistcha|Protect|p1a: Sinistcha
|-singleturn|p1a: Sinistcha|Protect
|move|p1b: Tyranitar|Rock Slide|p2a: Asakusa|[spread] p2a
|-activate|p2b: Camarero|move: Protect
|-damage|p2a: Asakusa|67/100
|
|-weather|Sandstorm|[upkeep]
|-damage|p2a: Asakusa|60/100|[from] Sandstorm
|-damage|p1a: Sinistcha|32/100|[from] Sandstorm
|upkeep
|turn|4
|inactive|Bionzella has 30 seconds left.
|inactive|Bionzella has 20 seconds left.
|inactive|Bionzella has 15 seconds left.
|inactive|Bionzella has 10 seconds left.
|
|t:|1784757546
|switch|p2b: Nami|Primarina, L50, M, shiny|100/100
|move|p2a: Asakusa|Protect|p2a: Asakusa
|-singleturn|p2a: Asakusa|Protect
|move|p1a: Sinistcha|Protect||[still]
|-fail|p1a: Sinistcha
|move|p1b: Tyranitar|Knock Off|p2b: Nami
|-resisted|p2b: Nami|1
|-damage|p2b: Nami|75/100
|-enditem|p2b: Nami|Leftovers|[from] move: Knock Off|[of] p1b: Tyranitar
|
|-weather|Sandstorm|[upkeep]
|-damage|p2a: Asakusa|54/100|[from] Sandstorm
|-damage|p2b: Nami|69/100|[from] Sandstorm
|-damage|p1a: Sinistcha|26/100|[from] Sandstorm
|-sideend|p2: Bionzella|move: Tailwind
|upkeep
|turn|5
|inactive|Bionzella has 30 seconds left.
|
|t:|1784757576
|switch|p2a: Keonistocene|Aerodactyl-Mega, L50, M|66/100
|move|p1b: Tyranitar|Knock Off|p2a: Keonistocene
|-crit|p2a: Keonistocene
|-damage|p2a: Keonistocene|0 fnt
|faint|p2a: Keonistocene
|move|p1a: Sinistcha|Matcha Gotcha|p2b: Nami
|-supereffective|p2b: Nami|1
|-damage|p2b: Nami|13/100
|-heal|p1a: Sinistcha|56/100|[from] drain|[of] p2b: Nami
|move|p2b: Nami|Hyper Voice|p1a: Sinistcha|[spread] p1a,p1b
|-resisted|p1a: Sinistcha|1
|-supereffective|p1b: Tyranitar|1
|-damage|p1a: Sinistcha|41/100
|-damage|p1b: Tyranitar|68/100
|
|-weather|none
|upkeep
|
|t:|1784757591
|switch|p2a: Camarero|Garchomp, L50, F, shiny|30/100
|turn|6
|
|t:|1784757606
|switch|p2b: Asakusa|Sinistcha, L50|54/100
|-heal|p2a: Camarero|55/100|[from] ability: Hospitality|[of] p2b: Asakusa
|move|p1b: Tyranitar|Protect|p1b: Tyranitar
|-singleturn|p1b: Tyranitar|Protect
|move|p2a: Camarero|Protect|p2a: Camarero
|-singleturn|p2a: Camarero|Protect
|move|p1a: Sinistcha|Matcha Gotcha|p2a: Camarero|[spread] p2b
|-activate|p2a: Camarero|move: Protect
|-resisted|p2b: Asakusa|1
|-damage|p2b: Asakusa|40/100
|-heal|p1a: Sinistcha|47/100|[from] drain|[of] p2b: Asakusa
|-status|p2b: Asakusa|brn
|
|-damage|p2b: Asakusa|34/100 brn|[from] brn
|upkeep
|turn|7
|c|☆NandoGTG|Te devolví el burn XDD
|inactive|NandoGTG has 30 seconds left.
|inactive|Bionzella has 30 seconds left.
|
|t:|1784757634
|move|p2b: Asakusa|Protect|p2b: Asakusa
|-singleturn|p2b: Asakusa|Protect
|move|p1b: Tyranitar|Rock Slide|p2a: Camarero|[spread] p2a
|-activate|p2b: Asakusa|move: Protect
|-resisted|p2a: Camarero|1
|-damage|p2a: Camarero|40/100
|move|p2a: Camarero|Earthquake|p1a: Sinistcha|[spread] p1a,p1b
|-activate|p2b: Asakusa|move: Protect
|-resisted|p1a: Sinistcha|1
|-supereffective|p1b: Tyranitar|1
|-damage|p1a: Sinistcha|25/100
|-damage|p1b: Tyranitar|0 fnt
|faint|p1b: Tyranitar
|-damage|p2a: Camarero|31/100|[from] item: Life Orb
|move|p1a: Sinistcha|Shadow Ball|p2b: Asakusa
|-activate|p2b: Asakusa|move: Protect
|
|-damage|p2b: Asakusa|28/100 brn|[from] brn
|upkeep
|
|t:|1784757636
|switch|p1b: Gholdengo|Gholdengo, L50|100/100
|turn|8
|
|t:|1784757665
|switch|p2b: Nami|Primarina, L50, M, shiny|13/100
|move|p2a: Camarero|Protect|p2a: Camarero
|-singleturn|p2a: Camarero|Protect
|move|p1a: Sinistcha|Protect|p1a: Sinistcha
|-singleturn|p1a: Sinistcha|Protect
|move|p1b: Gholdengo|Shadow Ball|p2a: Camarero
|-activate|p2a: Camarero|move: Protect
|
|upkeep
|turn|9
|inactive|Bionzella has 30 seconds left.
|inactive|Bionzella has 20 seconds left.
|
|t:|1784757704
|switch|p2a: Asakusa|Sinistcha, L50|28/100 brn
|-heal|p2b: Nami|38/100|[from] ability: Hospitality|[of] p2a: Asakusa
|move|p1b: Gholdengo|Shadow Ball|p2a: Asakusa
|-supereffective|p2a: Asakusa|1
|-damage|p2a: Asakusa|0 fnt
|faint|p2a: Asakusa
|-damage|p1b: Gholdengo|90/100|[from] item: Life Orb
|move|p1a: Sinistcha|Matcha Gotcha|p2b: Nami
|-supereffective|p2b: Nami|1
|-damage|p2b: Nami|0 fnt
|-heal|p1a: Sinistcha|45/100|[from] drain|[of] p2b: Nami
|faint|p2b: Nami
|
|upkeep
|
|t:|1784757714
|switch|p2b: Camarero|Garchomp, L50, F, shiny|31/100
|turn|10
|c|☆Bionzella|gg
|c|☆NandoGTG|gg
|
|t:|1784757722
|move|p2b: Camarero|Earthquake|p1a: Sinistcha|[spread] p1a,p1b
|-resisted|p1a: Sinistcha|1
|-supereffective|p1b: Gholdengo|1
|-damage|p1a: Sinistcha|25/100
|-damage|p1b: Gholdengo|0 fnt
|faint|p1b: Gholdengo
|-damage|p2b: Camarero|21/100|[from] item: Life Orb
|move|p1a: Sinistcha|Matcha Gotcha|p2b: Camarero
|-damage|p2b: Camarero|0 fnt
|-heal|p1a: Sinistcha|38/100|[from] drain|[of] p2b: Camarero
|faint|p2b: Camarero
|
|win|NandoGTG
|c|☆NandoGTG|Qué tenso el finalç
|c|☆Bionzella|pa nada
|c|☆Bionzella|hahaha
|c|☆NandoGTG|Igualmente bien jugado :D
|c|☆Bionzella|se veia venir
|c|☆Bionzella|pa nada
|c|☆Bionzella|pero gracias <3
|c|☆Bionzella|no te di batalla
|c|☆NandoGTG|Me dejaste al bordito del G3 sjsjsjsj
|l|☆Bionzella
|player|p2|
