|j|☆SnowyPex
|j|☆TMJS01
|html|SnowyPexTMJS01    
|uhtml|bestof|Game 1 of a best-of-3
|t:|1783380335
|gametype|doubles
|player|p1|SnowyPex|volkner|1338
|player|p2|TMJS01|266|1334
|gen|9
|tier|[Gen 9 Champions] VGC 2026 Reg M-B (Bo3)
|rated|
|rule|Species Clause: Limit one of each Pokémon
|rule|Item Clause: Limit 1 of each item
|clearpoke
|poke|p1|Froslass, L50, F|
|poke|p1|Toxapex, L50, F|
|poke|p1|Kingambit, L50, F|
|poke|p1|Sneasler, L50, F|
|poke|p1|Garchomp, L50, M|
|poke|p1|Talonflame, L50, F|
|poke|p2|Sinistcha, L50|
|poke|p2|Incineroar, L50, M|
|poke|p2|Floette-Eternal, L50, F|
|poke|p2|Delphox, L50, M|
|poke|p2|Kingambit, L50, F|
|poke|p2|Basculegion, L50, M|
|teampreview|4
|showteam|p1|Froslass||Froslassite|SnowCloak|Blizzard,ShadowBall,AuroraVeil,Protect|Modest||F|||50|]Toxapex||Leftovers|Regenerator|Toxic,Infestation,WideGuard,BanefulBunker|Calm||F|||50|]Kingambit||ChopleBerry|Defiant|KowtowCleave,SuckerPunch,LowKick,Protect|Adamant||F|||50|]Sneasler||WhiteHerb|Unburden|DireClaw,CloseCombat,FakeOut,Protect|Jolly||F|||50|]Garchomp||SitrusBerry|RoughSkin|StompingTantrum,DragonClaw,RockSlide,Protect|Adamant||M|||50|]Talonflame||FocusSash|GaleWings|Protect,Tailwind,DualWingbeat,WillOWisp|Jolly||F|||50|
|showteam|p2|Sinistcha||ColburBerry|Hospitality|MatchaGotcha,RagePowder,TrickRoom,LifeDew|Relaxed|||||50|]Incineroar||PasshoBerry|Intimidate|ThroatChop,FlareBlitz,PartingShot,FakeOut|Adamant||M|||50|]Floette-Eternal||Floettite|FlowerVeil|Protect,CalmMind,Moonblast,DazzlingGleam|Modest||F|||50|]Delphox||Delphoxite|Blaze|NastyPlot,HeatWave,Psyshock,Protect|Timid||M|||50|]Kingambit||FocusSash|Defiant|SuckerPunch,IronHead,KowtowCleave,LowKick|Adamant||F|||50|]Basculegion||LifeOrb|Adaptability|Protect,AquaJet,LastRespects,WaveCrash|Adamant||M|||50|
|inactive|Battle timer is ON: inactive players will automatically lose when time's up. (requested by TMJS01)
|inactive|SnowyPex also wants the timer to be on.
|
|t:|1783380362
|teamsize|p1|4
|teamsize|p2|4
|start
|switch|p1a: Kingambit|Kingambit, L50, F|100/100
|switch|p1b: Toxapex|Toxapex, L50, F|100/100
|switch|p2a: Basculegion|Basculegion, L50, M|100/100
|switch|p2b: Sinistcha|Sinistcha, L50|100/100
|turn|1
|
|t:|1783380386
|switch|p2a: Floette|Floette-Eternal, L50, F|100/100
|move|p2b: Sinistcha|Matcha Gotcha|p1b: Toxapex|[spread] p1a,p1b
|-resisted|p1a: Kingambit|1
|-damage|p1a: Kingambit|89/100
|-damage|p1b: Toxapex|80/100
|-status|p1b: Toxapex|brn
|move|p1a: Kingambit|Kowtow Cleave|p2a: Floette
|-resisted|p2a: Floette|1
|-damage|p2a: Floette|73/100
|move|p1b: Toxapex|Toxic|p2b: Sinistcha
|-block|p2b: Sinistcha|ability: Flower Veil|[of] p2a: Floette
|
|-heal|p1b: Toxapex|86/100 brn|[from] item: Leftovers
|-damage|p1b: Toxapex|80/100 brn|[from] brn
|upkeep
|turn|2
|
|t:|1783380406
|move|p1a: Kingambit|Protect|p1a: Kingambit
|-singleturn|p1a: Kingambit|Protect
|move|p2b: Sinistcha|Rage Powder|p2b: Sinistcha
|-singleturn|p2b: Sinistcha|move: Rage Powder
|move|p2a: Floette|Moonblast|p1a: Kingambit
|-activate|p1a: Kingambit|move: Protect
|move|p1b: Toxapex|Infestation|p2b: Sinistcha
|-damage|p2b: Sinistcha|97/100
|-activate|p2b: Sinistcha|move: Infestation|[of] p1b: Toxapex
|
|-heal|p1b: Toxapex|86/100 brn|[from] item: Leftovers
|-damage|p1b: Toxapex|80/100 brn|[from] brn
|-damage|p2b: Sinistcha|84/100|[from] move: Infestation|[partiallytrapped]
|upkeep
|turn|3
|
|t:|1783380415
|-heal|p1b: Toxapex|100/100 brn|[from] ability: Regenerator|[silent]
|switch|p1b: Sneasler|Sneasler, L50, F|100/100
|move|p2b: Sinistcha|Rage Powder|p2b: Sinistcha
|-singleturn|p2b: Sinistcha|move: Rage Powder
|move|p2a: Floette|Calm Mind|p2a: Floette
|-boost|p2a: Floette|spa|1
|-boost|p2a: Floette|spd|1
|move|p1a: Kingambit|Kowtow Cleave|p2b: Sinistcha
|-supereffective|p2b: Sinistcha|1
|-enditem|p2b: Sinistcha|Colbur Berry|[eat]
|-enditem|p2b: Sinistcha|Colbur Berry|[weaken]
|-damage|p2b: Sinistcha|45/100
|
|-end|p2b: Sinistcha|Infestation|[partiallytrapped]|[silent]
|upkeep
|turn|4
|
|t:|1783380427
|switch|p2b: Basculegion|Basculegion, L50, M|100/100
|move|p2a: Floette|Protect|p2a: Floette
|-singleturn|p2a: Floette|Protect
|move|p1b: Sneasler|Fake Out|p2a: Floette
|-activate|p2a: Floette|move: Protect
|move|p1a: Kingambit|Kowtow Cleave|p2b: Basculegion
|-supereffective|p2b: Basculegion|1
|-damage|p2b: Basculegion|4/100
|
|upkeep
|turn|5
|
|t:|1783380438
|switch|p2b: Sinistcha|Sinistcha, L50|45/100
|-heal|p2a: Floette|98/100|[from] ability: Hospitality|[of] p2b: Sinistcha
|detailschange|p2a: Floette|Floette-Mega, L50, F
|-mega|p2a: Floette|Floette|Floettite
|-ability|p2a: Floette|Fairy Aura
|move|p1a: Kingambit|Sucker Punch||[still]
|-fail|p1a: Kingambit
|move|p1b: Sneasler|Dire Claw|p2a: Floette
|-supereffective|p2a: Floette|1
|-damage|p2a: Floette|23/100
|move|p2a: Floette|Dazzling Gleam|p1a: Kingambit|[spread] p1a,p1b
|-damage|p1a: Kingambit|30/100
|-damage|p1b: Sneasler|4/100
|
|upkeep
|turn|6
|
|t:|1783380452
|move|p1a: Kingambit|Protect|p1a: Kingambit
|-singleturn|p1a: Kingambit|Protect
|move|p2b: Sinistcha|Rage Powder|p2b: Sinistcha
|-singleturn|p2b: Sinistcha|move: Rage Powder
|move|p1b: Sneasler|Dire Claw|p2b: Sinistcha
|-damage|p2b: Sinistcha|8/100
|-status|p2b: Sinistcha|slp
|move|p2a: Floette|Dazzling Gleam|p1a: Kingambit|[spread] p1b
|-activate|p1a: Kingambit|move: Protect
|-damage|p1b: Sneasler|0 fnt
|faint|p1b: Sneasler
|
|upkeep
|
|t:|1783380460
|switch|p1b: Talonflame|Talonflame, L50, F|100/100
|turn|7
|inactive|TMJS01 has 30 seconds left.
|inactive|TMJS01 has 20 seconds left.
|inactive|TMJS01 has 15 seconds left.
|inactive|TMJS01 has 10 seconds left.
|inactive|TMJS01 has 5 seconds left.
|
|t:|1783380513
|switch|p2b: Basculegion|Basculegion, L50, M|4/100
|move|p2a: Floette|Protect|p2a: Floette
|-singleturn|p2a: Floette|Protect
|move|p1b: Talonflame|Dual Wingbeat|p2a: Floette
|-activate|p2a: Floette|move: Protect
|move|p1a: Kingambit|Kowtow Cleave|p2b: Basculegion
|-supereffective|p2b: Basculegion|1
|-damage|p2b: Basculegion|0 fnt
|faint|p2b: Basculegion
|
|upkeep
|
|t:|1783380518
|switch|p2b: Sinistcha|Sinistcha, L50|8/100 slp
|-heal|p2a: Floette|47/100|[from] ability: Hospitality|[of] p2b: Sinistcha
|turn|8
|
|t:|1783380525
|cant|p2b: Sinistcha|slp
|move|p1b: Talonflame|Dual Wingbeat|p2a: Floette|[miss]
|-miss|p1b: Talonflame|p2a: Floette
|move|p1a: Kingambit|Sucker Punch|p2a: Floette
|-resisted|p2a: Floette|1
|-damage|p2a: Floette|30/100
|move|p2a: Floette|Dazzling Gleam|p1a: Kingambit|[spread] p1a,p1b
|-resisted|p1b: Talonflame|1
|-damage|p1a: Kingambit|0 fnt
|-damage|p1b: Talonflame|41/100
|faint|p1a: Kingambit
|
|upkeep
|
|t:|1783380530
|switch|p1a: Toxapex|Toxapex, L50, F|100/100 brn
|turn|9
|
|t:|1783380536
|move|p2a: Floette|Protect|p2a: Floette
|-singleturn|p2a: Floette|Protect
|-curestatus|p2b: Sinistcha|slp|[msg]
|move|p2b: Sinistcha|Rage Powder|p2b: Sinistcha
|-singleturn|p2b: Sinistcha|move: Rage Powder
|move|p1b: Talonflame|Dual Wingbeat|p2b: Sinistcha
|-supereffective|p2b: Sinistcha|1
|-damage|p2b: Sinistcha|0 fnt
|faint|p2b: Sinistcha
|-hitcount|p2: Sinistcha|1
|move|p1a: Toxapex|Infestation|p2a: Floette
|-activate|p2a: Floette|move: Protect
|
|-damage|p1a: Toxapex|94/100 brn|[from] brn
|upkeep
|
|t:|1783380539
|switch|p2b: Kingambit|Kingambit, L50, F|100/100
|turn|10
|-message|SnowyPex forfeited.
|
|win|TMJS01
||SnowyPex is ready for game 2.
||TMJS01 is ready for game 2.
|uhtml|next|Next: Game 2 of 3
|l|☆SnowyPex
|player|p1|
