|j|☆jomivgc
|j|☆Fcjavic09
|html|jomivgcFcjavic09    
|uhtml|bestof|Game 1 of a best-of-3
|t:|1783695318
|gametype|doubles
|player|p1|jomivgc|falkner-gen2|1217
|player|p2|Fcjavic09|266|1309
|gen|9
|tier|[Gen 9 Champions] VGC 2026 Reg M-B (Bo3)
|rated|
|rule|Species Clause: Limit one of each Pokémon
|rule|Item Clause: Limit 1 of each item
|clearpoke
|poke|p1|Umbreon, L50, F, shiny|
|poke|p1|Garchomp, L50, M|
|poke|p1|Pelipper, L50, F|
|poke|p1|Swampert, L50, F|
|poke|p1|Archaludon, L50, M|
|poke|p1|Incineroar, L50, M|
|poke|p2|Floette-Eternal, L50, F|
|poke|p2|Charizard, L50, M|
|poke|p2|Basculegion, L50, M|
|poke|p2|Garchomp, L50, M|
|poke|p2|Whimsicott, L50, F|
|poke|p2|Kingambit, L50, M|
|teampreview|4
|showteam|p1|Umbreon||SitrusBerry|InnerFocus|Snarl,Swagger,FoulPlay,Moonlight|Calm||F|||50|]Garchomp||LifeOrb|RoughSkin|DragonClaw,RockSlide,Earthquake,Protect|Jolly||M|||50|]Pelipper||FocusSash|Drizzle|Hurricane,WeatherBall,Tailwind,WideGuard|Modest||F|||50|]Swampert||Swampertite|Torrent|Protect,WaveCrash,Earthquake,IcePunch|Adamant||F|||50|]Archaludon||Leftovers|Stamina|ElectroShot,FlashCannon,DracoMeteor,Protect|Modest||M|||50|]Incineroar||PasshoBerry|Intimidate|FakeOut,PartingShot,FlareBlitz,ThroatChop|Adamant||M|||50|
|showteam|p2|Floette-Eternal||Floettite|FlowerVeil|DazzlingGleam,Protect,Moonblast,LightofRuin|Modest||F|||50|]Charizard||CharizarditeY|SolarPower|Protect,SolarBeam,WeatherBall,HeatWave|Modest||M|||50|]Basculegion||ChoiceScarf|Adaptability|FlipTurn,WaveCrash,LastRespects,AquaJet|Jolly||M|||50|]Garchomp||LifeOrb|RoughSkin|Protect,Earthquake,DragonClaw,RockSlide|Jolly||M|||50|]Whimsicott||FocusSash|Prankster|Moonblast,Encore,Protect,Tailwind|Timid||F|||50|]Kingambit||BlackGlasses|Defiant|Protect,KowtowCleave,IronHead,SuckerPunch|Adamant||M|||50|
|inactive|Battle timer is ON: inactive players will automatically lose when time's up. (requested by jomivgc)
|inactive|jomivgc has 60 seconds left.
|inactive|Fcjavic09 has 60 seconds left.
|
|t:|1783695358
|teamsize|p1|4
|teamsize|p2|4
|start
|switch|p1a: Pelipper|Pelipper, L50, F|100/100
|switch|p1b: Garchomp|Garchomp, L50, M|100/100
|switch|p2a: Whimsicott|Whimsicott, L50, F|100/100
|switch|p2b: Charizard|Charizard, L50, M|100/100
|-weather|RainDance|[from] ability: Drizzle|[of] p1a: Pelipper
|turn|1
|
|t:|1783695379
|detailschange|p2b: Charizard|Charizard-Mega-Y, L50, M
|-mega|p2b: Charizard|Charizard|Charizardite Y
|-weather|SunnyDay|[from] ability: Drought|[of] p2b: Charizard
|move|p2b: Charizard|Protect|p2b: Charizard
|-singleturn|p2b: Charizard|Protect
|move|p2a: Whimsicott|Tailwind|p2a: Whimsicott
|-sidestart|p2: Fcjavic09|move: Tailwind
|move|p1b: Garchomp|Rock Slide|p2a: Whimsicott|[spread] p2a
|-activate|p2b: Charizard|move: Protect
|-damage|p2a: Whimsicott|64/100
|-damage|p1b: Garchomp|90/100|[from] item: Life Orb
|move|p1a: Pelipper|Hurricane|p2a: Whimsicott
|-supereffective|p2a: Whimsicott|1
|-damage|p2a: Whimsicott|0 fnt
|faint|p2a: Whimsicott
|
|-weather|SunnyDay|[upkeep]
|upkeep
|
|t:|1783695388
|switch|p2a: Garchomp|Garchomp, L50, M|100/100
|turn|2
|
|t:|1783695409
|switch|p1a: Swampert|Swampert, L50, F|100/100
|move|p1b: Garchomp|Protect|p1b: Garchomp
|-singleturn|p1b: Garchomp|Protect
|move|p2a: Garchomp|Dragon Claw|p1a: Swampert
|-damage|p1a: Swampert|44/100
|-damage|p2a: Garchomp|90/100|[from] item: Life Orb
|move|p2b: Charizard|Weather Ball|p1a: Swampert
|-resisted|p1a: Swampert|1
|-damage|p1a: Swampert|0 fnt
|faint|p1a: Swampert
|
|-weather|SunnyDay|[upkeep]
|upkeep
|
|t:|1783695421
|switch|p1a: Pelipper|Pelipper, L50, F|100/100
|-weather|RainDance|[from] ability: Drizzle|[of] p1a: Pelipper
|turn|3
|
|t:|1783695440
|switch|p1b: Archaludon|Archaludon, L50, M|100/100
|move|p2a: Garchomp|Rock Slide|p1a: Pelipper|[spread] p1a,p1b
|-supereffective|p1a: Pelipper|1
|-crit|p1a: Pelipper
|-resisted|p1b: Archaludon|1
|-damage|p1a: Pelipper|2/100
|-damage|p1b: Archaludon|90/100
|-ability|p1b: Archaludon|Stamina|boost
|-boost|p1b: Archaludon|def|1
|-damage|p2a: Garchomp|80/100|[from] item: Life Orb
|move|p2b: Charizard|Weather Ball|p1a: Pelipper
|-resisted|p1a: Pelipper|1
|-damage|p1a: Pelipper|0 fnt
|faint|p1a: Pelipper
|
|-weather|RainDance|[upkeep]
|-heal|p1b: Archaludon|96/100|[from] item: Leftovers
|upkeep
|
|t:|1783695455
|switch|p1a: Garchomp|Garchomp, L50, M|90/100
|turn|4
|inactive|Fcjavic09 has 30 seconds left.
|inactive|Fcjavic09 has 20 seconds left.
|inactive|Fcjavic09 has 15 seconds left.
|
|t:|1783695496
|switch|p2b: Basculegion|Basculegion, L50, M|100/100
|move|p2a: Garchomp|Dragon Claw|p1a: Garchomp
|-supereffective|p1a: Garchomp|1
|-crit|p1a: Garchomp
|-damage|p1a: Garchomp|0 fnt
|-damage|p2a: Garchomp|68/100|[from] ability: Rough Skin|[of] p1a: Garchomp
|faint|p1a: Garchomp
|-damage|p2a: Garchomp|58/100|[from] item: Life Orb
|move|p1b: Archaludon|Electro Shot||[still]
|-prepare|p1b: Archaludon|Electro Shot
|-boost|p1b: Archaludon|spa|1
|-anim|p1b: Archaludon|Electro Shot|p2b: Basculegion
|-supereffective|p2b: Basculegion|1
|-damage|p2b: Basculegion|0 fnt
|faint|p2b: Basculegion
|
|-weather|RainDance|[upkeep]
|-heal|p1b: Archaludon|100/100|[from] item: Leftovers
|-sideend|p2: Fcjavic09|move: Tailwind
|upkeep
|
|t:|1783695500
|switch|p2b: Charizard|Charizard-Mega-Y, L50, M|100/100
|-weather|SunnyDay|[from] ability: Drought|[of] p2b: Charizard
|turn|5
|inactive|jomivgc has 30 seconds left.
|
|t:|1783695528
|move|p2a: Garchomp|Earthquake|p1b: Archaludon|[spread] p1b
|-immune|p2b: Charizard
|-supereffective|p1b: Archaludon|1
|-damage|p1b: Archaludon|48/100
|-ability|p1b: Archaludon|Stamina|boost
|-boost|p1b: Archaludon|def|1
|-damage|p2a: Garchomp|48/100|[from] item: Life Orb
|move|p2b: Charizard|Weather Ball|p1b: Archaludon
|-damage|p1b: Archaludon|0 fnt
|faint|p1b: Archaludon
|
|win|Fcjavic09
||jomivgc is ready for game 2.
|inactive|Fcjavic09 has 30 seconds to confirm battle start!
||Fcjavic09 is ready for game 2.
|uhtml|next|Next: Game 2 of 3
