|j|☆beeetch
|j|☆elmono11
|html|beeetchelmono11    
|uhtml|bestof|Game 2 of a best-of-3
|t:|1783955565
|gametype|doubles
|player|p1|beeetch|piers-masters|1241
|player|p2|elmono11|266|1353
|gen|9
|tier|[Gen 9 Champions] VGC 2026 Reg M-B (Bo3)
|rated|
|rule|Species Clause: Limit one of each Pokémon
|rule|Item Clause: Limit 1 of each item
|clearpoke
|poke|p1|Milotic, L50, M|
|poke|p1|Volcarona, L50, M|
|poke|p1|Hydreigon, L50, F|
|poke|p1|Sylveon, L50, F|
|poke|p1|Sneasler, L50, F|
|poke|p1|Aerodactyl, L50, F|
|poke|p2|Incineroar, L50, M|
|poke|p2|Charizard, L50, M|
|poke|p2|Venusaur, L50, M|
|poke|p2|Mamoswine, L50, F|
|poke|p2|Garchomp, L50, M|
|poke|p2|Sylveon, L50, M|
|teampreview|4
|showteam|p1|Milotic||Leftovers|Competitive|MuddyWater,Coil,Hypnosis,Protect|Bold||M|||50|]Volcarona||SitrusBerry|FlameBody|RagePowder,GigaDrain,HeatWave,Protect|Modest||M|||50|]Hydreigon||ChoiceScarf|Levitate|HeatWave,Snarl,DarkPulse,EarthPower|Modest||F|||50|]Sylveon||FairyFeather|Pixilate|HyperBeam,HyperVoice,QuickAttack,Protect|Modest||F|||50|]Sneasler||WhiteHerb|Unburden|Protect,DireClaw,CloseCombat,FakeOut|Adamant||F|||50|]Aerodactyl||Aerodactylite|Unnerve|Protect,RockSlide,DualWingbeat,Tailwind|Jolly||F|||50|
|showteam|p2|Incineroar||SitrusBerry|Intimidate|FlareBlitz,DarkestLariat,PartingShot,FakeOut|Careful||M|||50|]Charizard||CharizarditeY|Blaze|HeatWave,WeatherBall,HelpingHand,Protect|Modest||M|||50|]Venusaur||LifeOrb|Chlorophyll|SolarBeam,SludgeBomb,EarthPower,Protect|Modest||M|||50|]Mamoswine||FocusSash|Oblivious|HighHorsepower,IceShard,RockTomb,Protect|Jolly||F|||50|]Garchomp||ChoiceScarf|RoughSkin|Earthquake,DragonClaw,RockSlide,StompingTantrum|Adamant||M|||50|]Sylveon||FairyFeather|Pixilate|HyperVoice,HyperBeam,QuickAttack,Protect|Modest||M|||50|
|
|t:|1783955603
|teamsize|p1|4
|teamsize|p2|4
|start
|switch|p1a: Hydreigon|Hydreigon, L50, F|100/100
|switch|p1b: Sneasler|Sneasler, L50, F|100/100
|switch|p2a: Charizard|Charizard, L50, M|100/100
|switch|p2b: Venusaur|Venusaur, L50, M|100/100
|turn|1
|
|t:|1783955614
|switch|p1b: Aerodactyl|Aerodactyl, L50, F|100/100
|-ability|p1b: Aerodactyl|Unnerve
|detailschange|p2a: Charizard|Charizard-Mega-Y, L50, M
|-mega|p2a: Charizard|Charizard|Charizardite Y
|-weather|SunnyDay|[from] ability: Drought|[of] p2a: Charizard
|move|p2b: Venusaur|Protect|p2b: Venusaur
|-singleturn|p2b: Venusaur|Protect
|move|p1a: Hydreigon|Snarl|p2b: Venusaur|[spread] p2a
|-activate|p2b: Venusaur|move: Protect
|-damage|p2a: Charizard|79/100
|-unboost|p2a: Charizard|spa|1
|move|p2a: Charizard|Heat Wave|p1a: Hydreigon|[spread] p1a,p1b
|-resisted|p1a: Hydreigon|1
|-resisted|p1b: Aerodactyl|1
|-damage|p1a: Hydreigon|75/100
|-damage|p1b: Aerodactyl|73/100
|
|-weather|SunnyDay|[upkeep]
|upkeep
|turn|2
|
|t:|1783955672
|switch|p2a: Garchomp|Garchomp, L50, M|100/100
|detailschange|p1b: Aerodactyl|Aerodactyl-Mega, L50, F
|-mega|p1b: Aerodactyl|Aerodactyl|Aerodactylite
|move|p2b: Venusaur|Solar Beam||[still]
|-prepare|p2b: Venusaur|Solar Beam
|-anim|p2b: Venusaur|Solar Beam|p1b: Aerodactyl
|-damage|p1b: Aerodactyl|0 fnt
|faint|p1b: Aerodactyl
|-damage|p2b: Venusaur|90/100|[from] item: Life Orb
|move|p1a: Hydreigon|Snarl|p2b: Venusaur|[spread] p2a,p2b
|-damage|p2a: Garchomp|75/100
|-damage|p2b: Venusaur|63/100
|-unboost|p2a: Garchomp|spa|1
|-unboost|p2b: Venusaur|spa|1
|
|-weather|SunnyDay|[upkeep]
|upkeep
|
|t:|1783955683
|switch|p1b: Milotic|Milotic, L50, M|100/100
|turn|3
|
|t:|1783955697
|switch|p1a: Sneasler|Sneasler, L50, F|100/100
|move|p2b: Venusaur|Solar Beam||[still]
|-prepare|p2b: Venusaur|Solar Beam
|-anim|p2b: Venusaur|Solar Beam|p1b: Milotic
|-supereffective|p1b: Milotic|1
|-damage|p1b: Milotic|26/100
|-damage|p2b: Venusaur|53/100|[from] item: Life Orb
|move|p2a: Garchomp|Dragon Claw|p1a: Sneasler
|-damage|p1a: Sneasler|43/100
|move|p1b: Milotic|Coil|p1b: Milotic
|-boost|p1b: Milotic|atk|1
|-boost|p1b: Milotic|def|1
|-boost|p1b: Milotic|accuracy|1
|
|-weather|SunnyDay|[upkeep]
|-heal|p1b: Milotic|32/100|[from] item: Leftovers
|upkeep
|turn|4
|
|t:|1783955719
|switch|p2b: Mamoswine|Mamoswine, L50, F|100/100
|move|p1a: Sneasler|Fake Out|p2a: Garchomp
|-damage|p2a: Garchomp|60/100
|-damage|p1a: Sneasler|31/100|[from] ability: Rough Skin|[of] p2a: Garchomp
|cant|p2a: Garchomp|flinch
|move|p1b: Milotic|Hypnosis|p2b: Mamoswine|[miss]
|-miss|p1b: Milotic|p2b: Mamoswine
|
|-weather|SunnyDay|[upkeep]
|-heal|p1b: Milotic|38/100|[from] item: Leftovers
|upkeep
|turn|5
|
|t:|1783955739
|switch|p1a: Hydreigon|Hydreigon, L50, F|75/100
|move|p2a: Garchomp|Dragon Claw|p1b: Milotic
|-damage|p1b: Milotic|14/100
|move|p2b: Mamoswine|High Horsepower|p1b: Milotic|[miss]
|-miss|p2b: Mamoswine|p1b: Milotic
|move|p1b: Milotic|Muddy Water|p2a: Garchomp|[spread] p2a,p2b
|-supereffective|p2b: Mamoswine|1
|-damage|p2a: Garchomp|47/100
|-damage|p2b: Mamoswine|66/100
|
|-weather|none
|-heal|p1b: Milotic|20/100y|[from] item: Leftovers
|upkeep
|turn|6
|
|t:|1783955760
|move|p2a: Garchomp|Dragon Claw|p1a: Hydreigon
|-supereffective|p1a: Hydreigon|1
|-damage|p1a: Hydreigon|0 fnt
|faint|p1a: Hydreigon
|move|p2b: Mamoswine|High Horsepower|p1b: Milotic
|-damage|p1b: Milotic|0 fnt
|faint|p1b: Milotic
|
|upkeep
|-message|beeetch forfeited.
|
|win|elmono11
|raw|beeetch's rating: 1241 → 1224(-17 for losing)
|raw|elmono11's rating: 1353 → 1367(+14 for winning)
