|j|☆jamiejoliver
|j|☆farruktVGC
|html|jamiejoliverfarruktVGC    
|uhtml|bestof|Game 2 of a best-of-3
|t:|1783067504
|gametype|doubles
|player|p1|jamiejoliver|169|1000
|player|p2|farruktVGC|benga|1000
|gen|9
|tier|[Gen 9 Champions] VGC 2026 Reg M-B (Bo3)
|rated|
|rule|Species Clause: Limit one of each Pokémon
|rule|Item Clause: Limit 1 of each item
|clearpoke
|poke|p1|Malamar, L50, F|
|poke|p1|Maushold-Four, L50|
|poke|p1|Sinistcha-Masterpiece, L50|
|poke|p1|Grimmsnarl, L50, M|
|poke|p1|Metagross, L50|
|poke|p1|Aerodactyl, L50, M|
|poke|p2|Kingambit, L50, F|
|poke|p2|Charizard, L50, M|
|poke|p2|Aerodactyl, L50, F|
|poke|p2|Farigiraf, L50, F|
|poke|p2|Garchomp, L50, M|
|poke|p2|Sylveon, L50, M|
|teampreview|4
|showteam|p1|Malamar||Malamarite|Contrary|Superpower,ThroatChop,PoisonJab,Protect|Adamant||F|||50|]Maushold-Four||ChopleBerry|FriendGuard|SuperFang,FollowMe,Taunt,Protect|Jolly|||||50|]Sinistcha-Masterpiece||SitrusBerry|Hospitality|MatchaGotcha,LifeDew,Protect,RagePowder|Bold|||||50|]Grimmsnarl||RoseliBerry|Prankster|PartingShot,FakeTears,ScaryFace,FakeOut|Careful||M|||50|]Metagross||Metagrossite|ClearBody|MeteorMash,IcePunch,BodyPress,Protect|Jolly|||||50|]Aerodactyl||FocusSash|Unnerve|RockSlide,Tailwind,Protect,DualWingbeat|Jolly||M|||50|
|showteam|p2|Kingambit||FocusSash|Defiant|KowtowCleave,IronHead,SuckerPunch,LowKick|Adamant||F|||50|]Charizard||CharizarditeY|Blaze|HeatWave,SolarBeam,WeatherBall,Protect|Modest||M|||50|]Aerodactyl||Aerodactylite|Unnerve|RockSlide,DualWingbeat,IceFang,Tailwind|Jolly||F|||50|]Farigiraf||SitrusBerry|ArmorTail|Psychic,Thunderbolt,TrickRoom,Protect|Bold||F|||50|]Garchomp||LifeOrb|RoughSkin|Earthquake,DragonClaw,StompingTantrum,Protect|Jolly||M|||50|]Sylveon||FairyFeather|Pixilate|HyperVoice,HyperBeam,QuickAttack,Protect|Modest||M|||50|
|inactive|Battle timer is ON: inactive players will automatically lose when time's up. (requested by farruktVGC)
|
|t:|1783067522
|teamsize|p1|4
|teamsize|p2|4
|start
|switch|p1a: Malamar|Malamar, L50, F|100/100
|switch|p1b: Grimmsnarl|Grimmsnarl, L50, M|100/100
|switch|p2a: Aerodactyl|Aerodactyl, L50, F|100/100
|switch|p2b: Sylveon|Sylveon, L50, M|100/100
|-ability|p2a: Aerodactyl|Unnerve
|turn|1
|inactive|jamiejoliver has 30 seconds left.
|inactive|jamiejoliver has 20 seconds left.
|inactive|jamiejoliver has 15 seconds left.
|
|t:|1783067564
|switch|p2a: Farigiraf|Farigiraf, L50, F|100/100
|detailschange|p1a: Malamar|Malamar-Mega, L50, F
|-mega|p1a: Malamar|Malamar|Malamarite
|move|p1b: Grimmsnarl|Fake Tears|p1a: Malamar
|-boost|p1a: Malamar|spd|2
|move|p1a: Malamar|Superpower|p2a: Farigiraf
|-damage|p2a: Farigiraf|71/100
|-boost|p1a: Malamar|atk|1
|-boost|p1a: Malamar|def|1
|move|p2b: Sylveon|Hyper Voice|p1a: Malamar|[spread] p1a,p1b
|-supereffective|p1a: Malamar|1
|-supereffective|p1b: Grimmsnarl|1
|-enditem|p1b: Grimmsnarl|Roseli Berry|[eat]
|-enditem|p1b: Grimmsnarl|Roseli Berry|[weaken]
|-damage|p1a: Malamar|62/100
|-damage|p1b: Grimmsnarl|59/100
|
|upkeep
|turn|2
|inactive|jamiejoliver has 30 seconds left.
|
|t:|1783067593
|switch|p2b: Kingambit|Kingambit, L50, F|100/100
|move|p1b: Grimmsnarl|Fake Tears|p1a: Malamar
|-boost|p1a: Malamar|spd|2
|move|p1a: Malamar|Throat Chop|p2a: Farigiraf
|-supereffective|p2a: Farigiraf|1
|-damage|p2a: Farigiraf|0 fnt
|faint|p2a: Farigiraf
|
|upkeep
|
|t:|1783067602
|switch|p2a: Aerodactyl|Aerodactyl, L50, F|100/100
|-ability|p2a: Aerodactyl|Unnerve
|turn|3
|inactive|jamiejoliver has 30 seconds left.
|
|t:|1783067628
|detailschange|p2a: Aerodactyl|Aerodactyl-Mega, L50, F
|-mega|p2a: Aerodactyl|Aerodactyl|Aerodactylite
|move|p2b: Kingambit|Sucker Punch|p1a: Malamar
|-damage|p1a: Malamar|34/100
|move|p1b: Grimmsnarl|Scary Face|p1a: Malamar
|-boost|p1a: Malamar|spe|2
|move|p1a: Malamar|Superpower|p2a: Aerodactyl
|-damage|p2a: Aerodactyl|43/100
|-boost|p1a: Malamar|atk|1
|-boost|p1a: Malamar|def|1
|move|p2a: Aerodactyl|Tailwind|p2a: Aerodactyl
|-sidestart|p2: farruktVGC|move: Tailwind
|
|upkeep
|turn|4
|inactive|jamiejoliver has 30 seconds left.
|
|t:|1783067659
|move|p1a: Malamar|Protect|p1a: Malamar
|-singleturn|p1a: Malamar|Protect
|move|p2b: Kingambit|Sucker Punch||[still]
|-fail|p2b: Kingambit
|move|p1b: Grimmsnarl|Scary Face|p2a: Aerodactyl
|-unboost|p2a: Aerodactyl|spe|2
|move|p2a: Aerodactyl|Rock Slide|p1b: Grimmsnarl|[spread] p1b
|-activate|p1a: Malamar|move: Protect
|-damage|p1b: Grimmsnarl|33/100
|
|upkeep
|turn|5
|
|t:|1783067674
|switch|p2a: Sylveon|Sylveon, L50, M|100/100
|move|p2b: Kingambit|Sucker Punch|p1a: Malamar
|-damage|p1a: Malamar|15/100
|move|p1b: Grimmsnarl|Parting Shot|p1a: Malamar
|-boost|p1a: Malamar|atk|1
|-boost|p1a: Malamar|spa|1
|
|t:|1783067683
|switch|p1b: Sinistcha|Sinistcha-Masterpiece, L50|100/100|[from] Parting Shot
|-heal|p1a: Malamar|39/100|[from] ability: Hospitality|[of] p1b: Sinistcha
|move|p1a: Malamar|Superpower|p2a: Sylveon
|-resisted|p2a: Sylveon|1
|-damage|p2a: Sylveon|49/100
|-boost|p1a: Malamar|atk|1
|-boost|p1a: Malamar|def|1
|
|upkeep
|turn|6
|
|t:|1783067702
|move|p1a: Malamar|Protect|p1a: Malamar
|-singleturn|p1a: Malamar|Protect
|move|p1b: Sinistcha|Protect|p1b: Sinistcha
|-singleturn|p1b: Sinistcha|Protect
|move|p2b: Kingambit|Kowtow Cleave|p1b: Sinistcha
|-activate|p1b: Sinistcha|move: Protect
|move|p2a: Sylveon|Hyper Voice|p1b: Sinistcha|[spread] 
|-activate|p1a: Malamar|move: Protect
|-activate|p1b: Sinistcha|move: Protect
|
|-sideend|p2: farruktVGC|move: Tailwind
|upkeep
|turn|7
|
|t:|1783067718
|move|p1a: Malamar|Superpower|p2a: Sylveon
|-resisted|p2a: Sylveon|1
|-damage|p2a: Sylveon|0 fnt
|-boost|p1a: Malamar|atk|1
|-boost|p1a: Malamar|def|1
|faint|p2a: Sylveon
|move|p2b: Kingambit|Kowtow Cleave|p1b: Sinistcha
|-supereffective|p1b: Sinistcha|1
|-damage|p1b: Sinistcha|14/100
|-enditem|p1b: Sinistcha|Sitrus Berry|[eat]
|-heal|p1b: Sinistcha|39/100|[from] item: Sitrus Berry
|move|p1b: Sinistcha|Life Dew|p1b: Sinistcha|[spread] p1a,p1b
|-heal|p1a: Malamar|64/100
|-heal|p1b: Sinistcha|64/100
|
|upkeep
|
|t:|1783067726
|switch|p2a: Aerodactyl|Aerodactyl-Mega, L50, F|43/100
|turn|8
|-message|farruktVGC forfeited.
|raw|jamiejoliver's rating: 1000 → 1040(+40 for winning)
|raw|farruktVGC's rating: 1000 → 1000(+0 for losing)
|
|win|jamiejoliver
