|j|☆gamma_90
|j|☆jiiito44
|html|gamma_90jiiito44    
|uhtml|bestof|Game 2 of a best-of-3
|t:|1783028482
|gametype|doubles
|player|p1|gamma_90|2|1170
|player|p2|jiiito44|265|1230
|gen|9
|tier|[Gen 9 Champions] VGC 2026 Reg M-B (Bo3)
|rated|
|rule|Species Clause: Limit one of each Pokémon
|rule|Item Clause: Limit 1 of each item
|clearpoke
|poke|p1|Annihilape, L50, F|
|poke|p1|Incineroar, L50, M|
|poke|p1|Maushold-Four, L50|
|poke|p1|Froslass, L50, F|
|poke|p1|Gholdengo, L50|
|poke|p1|Aerodactyl, L50, F|
|poke|p2|Incineroar, L50, M|
|poke|p2|Sneasler, L50, M|
|poke|p2|Ceruledge, L50, F|
|poke|p2|Milotic, L50, M|
|poke|p2|Raichu, L50, F|
|poke|p2|Ninetales-Alola, L50, F|
|teampreview|4
|showteam|p1|Annihilape||Leftovers|Defiant|DrainPunch,RageFist,BulkUp,Protect|Adamant||F|||50|]Incineroar||PasshoBerry|Intimidate|PartingShot,DarkestLariat,WillOWisp,FakeOut|Careful||M|||50|]Maushold-Four||SitrusBerry|FriendGuard|BeatUp,FollowMe,Taunt,Protect|Timid|||||50|]Froslass||Froslassite|SnowCloak|Blizzard,ShadowBall,AuroraVeil,Protect|Timid||F|||50|]Gholdengo||ChoiceScarf|GoodasGold|MakeItRain,ShadowBall,FlashCannon,PowerGem|Timid|||||50|]Aerodactyl||Aerodactylite|RockHead|RockSlide,Tailwind,IceFang,Protect|Jolly||F|||50|
|showteam|p2|Incineroar||SitrusBerry|Intimidate|FakeOut,FlareBlitz,ThroatChop,PartingShot|Impish||M|||50|]Sneasler||FocusSash|Unburden|Protect,FakeOut,DireClaw,CloseCombat|Jolly||M|||50|]Ceruledge||ColburBerry|FlashFire|Protect,BulkUp,ShadowSneak,BitterBlade|Adamant||F|||50|]Milotic||Leftovers|Competitive|Recover,Coil,Hypnosis,MuddyWater|Calm||M|||50|]Raichu||RaichuniteY|LightningRod|Protect,FakeOut,ZapCannon,FocusBlast|Timid||F|||50|]Ninetales-Alola||NeverMeltIce|SnowWarning|Protect,Encore,Blizzard,FreezeDry|Timid||F|||50|
|inactive|Battle timer is ON: inactive players will automatically lose when time's up. (requested by gamma_90)
|inactive|jiiito44 has 60 seconds left.
|
|t:|1783028535
|teamsize|p1|4
|teamsize|p2|4
|start
|switch|p1a: Annihilape|Annihilape, L50, F|100/100
|switch|p1b: Maushold|Maushold-Four, L50|100/100
|switch|p2a: Raichu|Raichu, L50, F|100/100
|switch|p2b: Milotic|Milotic, L50, M|100/100
|turn|1
|inactive|gamma_90 has 30 seconds left.
|
|t:|1783028568
|detailschange|p2a: Raichu|Raichu-Mega-Y, L50, F
|-mega|p2a: Raichu|Raichu|Raichunite Y
|move|p1b: Maushold|Follow Me|p1b: Maushold
|-singleturn|p1b: Maushold|move: Follow Me
|move|p2a: Raichu|Zap Cannon|p1b: Maushold
|-damage|p1b: Maushold|18/100
|-status|p1b: Maushold|par
|-enditem|p1b: Maushold|Sitrus Berry|[eat]
|-heal|p1b: Maushold|43/100 par|[from] item: Sitrus Berry
|move|p1a: Annihilape|Bulk Up|p1a: Annihilape
|-boost|p1a: Annihilape|atk|1
|-boost|p1a: Annihilape|def|1
|move|p2b: Milotic|Coil|p2b: Milotic
|-boost|p2b: Milotic|atk|1
|-boost|p2b: Milotic|def|1
|-boost|p2b: Milotic|accuracy|1
|
|upkeep
|turn|2
|inactive|gamma_90 has 30 seconds left.
|inactive|jiiito44 has 30 seconds left.
|inactive|jiiito44 has 20 seconds left.
|
|t:|1783028604
|move|p2a: Raichu|Zap Cannon|p1b: Maushold
|-damage|p1b: Maushold|0 fnt
|faint|p1b: Maushold
|move|p1a: Annihilape|Rage Fist|p2b: Milotic
|-damage|p2b: Milotic|80/100
|move|p2b: Milotic|Hypnosis|p1a: Annihilape|[miss]
|-miss|p2b: Milotic|p1a: Annihilape
|
|-heal|p2b: Milotic|86/100|[from] item: Leftovers
|upkeep
|
|t:|1783028607
|switch|p1b: Aerodactyl|Aerodactyl, L50, F|100/100
|turn|3
|
|t:|1783028627
|detailschange|p1b: Aerodactyl|Aerodactyl-Mega, L50, F
|-mega|p1b: Aerodactyl|Aerodactyl|Aerodactylite
|move|p1b: Aerodactyl|Protect|p1b: Aerodactyl
|-singleturn|p1b: Aerodactyl|Protect
|move|p2a: Raichu|Zap Cannon|p1a: Annihilape
|-damage|p1a: Annihilape|51/100
|-status|p1a: Annihilape|par
|move|p2b: Milotic|Coil|p2b: Milotic
|-boost|p2b: Milotic|atk|1
|-boost|p2b: Milotic|def|1
|-boost|p2b: Milotic|accuracy|1
|move|p1a: Annihilape|Rage Fist|p2a: Raichu
|-damage|p2a: Raichu|0 fnt
|faint|p2a: Raichu
|
|-heal|p2b: Milotic|92/100|[from] item: Leftovers
|-heal|p1a: Annihilape|57/100 par|[from] item: Leftovers
|upkeep
|
|t:|1783028642
|switch|p2a: Ninetales|Ninetales-Alola, L50, F|100/100
|-weather|Snowscape|[from] ability: Snow Warning|[of] p2a: Ninetales
|turn|4
|
|t:|1783028660
|move|p1b: Aerodactyl|Tailwind|p1b: Aerodactyl
|-sidestart|p1: gamma_90|move: Tailwind
|move|p2a: Ninetales|Blizzard|p1b: Aerodactyl|[spread] p1a,p1b
|-supereffective|p1b: Aerodactyl|1
|-damage|p1a: Annihilape|27/100 par
|-damage|p1b: Aerodactyl|8/100
|move|p1a: Annihilape|Drain Punch|p2b: Milotic
|-damage|p2b: Milotic|70/100
|-heal|p1a: Annihilape|38/100 par|[from] drain|[of] p2b: Milotic
|move|p2b: Milotic|Coil|p2b: Milotic
|-boost|p2b: Milotic|atk|1
|-boost|p2b: Milotic|def|1
|-boost|p2b: Milotic|accuracy|1
|
|-weather|Snowscape|[upkeep]
|-heal|p1a: Annihilape|44/100 par|[from] item: Leftovers
|-heal|p2b: Milotic|76/100|[from] item: Leftovers
|upkeep
|turn|5
|inactive|jiiito44 has 30 seconds left.
|
|t:|1783028687
|move|p2a: Ninetales|Protect|p2a: Ninetales
|-singleturn|p2a: Ninetales|Protect
|move|p1b: Aerodactyl|Rock Slide|p2b: Milotic|[spread] p2b
|-activate|p2a: Ninetales|move: Protect
|-crit|p2b: Milotic
|-damage|p2b: Milotic|40/100
|move|p1a: Annihilape|Rage Fist|p2b: Milotic
|-damage|p2b: Milotic|5/100
|move|p2b: Milotic|Muddy Water|p1a: Annihilape|[spread] p1a,p1b
|-supereffective|p1b: Aerodactyl|1
|-damage|p1a: Annihilape|26/100 par
|-damage|p1b: Aerodactyl|0 fnt
|faint|p1b: Aerodactyl
|
|-weather|Snowscape|[upkeep]
|-heal|p1a: Annihilape|32/100 par|[from] item: Leftovers
|-heal|p2b: Milotic|11/100|[from] item: Leftovers
|upkeep
|
|t:|1783028694
|switch|p1b: Incineroar|Incineroar, L50, M|100/100
|-ability|p1b: Incineroar|Intimidate|boost
|-unboost|p2a: Ninetales|atk|1
|-unboost|p2b: Milotic|atk|1
|-ability|p2b: Milotic|Competitive|boost
|-boost|p2b: Milotic|spa|2
|turn|6
|inactive|jiiito44 has 30 seconds left.
|inactive|jiiito44 has 20 seconds left.
|
|t:|1783028732
|move|p1b: Incineroar|Darkest Lariat|p2b: Milotic
|-damage|p2b: Milotic|0 fnt
|faint|p2b: Milotic
|move|p2a: Ninetales|Blizzard|p1b: Incineroar|[spread] p1a,p1b
|-resisted|p1b: Incineroar|1
|-damage|p1a: Annihilape|1/100 par
|-damage|p1b: Incineroar|86/100
|move|p1a: Annihilape|Rage Fist|p2a: Ninetales
|-damage|p2a: Ninetales|0 fnt
|faint|p2a: Ninetales
|
|-weather|Snowscape|[upkeep]
|-heal|p1a: Annihilape|7/100 par|[from] item: Leftovers
|upkeep
|
|t:|1783028744
|switch|p2b: Ceruledge|Ceruledge, L50, F|100/100
|turn|7
|-message|jiiito44 forfeited.
|
|win|gamma_90
|raw|gamma_90's rating: 1170 → 1199(+29 for winning)
|raw|jiiito44's rating: 1230 → 1201(-29 for losing)
|l|☆jiiito44
|player|p2|
