|j|☆supremeenchilada
|j|☆Truevillany123
|html|supremeenchiladaTruevillany123    
|uhtml|bestof|Game 3 of a best-of-3
|t:|1757856905
|gametype|doubles
|player|p1|supremeenchilada|2|1127
|player|p2|Truevillany123|2|1204
|gen|9
|tier|[Gen 9] VGC 2025 Reg H (Bo3)
|rated|
|rule|Species Clause: Limit one of each Pokémon
|rule|Item Clause: Limit 1 of each item
|clearpoke
|poke|p1|Amoonguss, L50, M|
|poke|p1|Incineroar, L50, M|
|poke|p1|Indeedee-F, L50, F|
|poke|p1|Hatterene, L50, F|
|poke|p1|Torkoal, L50, M|
|poke|p1|Ursaluna, L50, M|
|poke|p2|Dragonite, L50, F|
|poke|p2|Ursaluna-Bloodmoon, L50, M|
|poke|p2|Gholdengo, L50|
|poke|p2|Annihilape, L50, M|
|poke|p2|Ninetales-Alola, L50, F|
|poke|p2|Rillaboom, L50, F|
|teampreview|4
|showteam|p1|Amoonguss||RockyHelmet|EffectSpore|Protect,Spore,RagePowder,PollenPuff|||M|||50|,,,,,Rock]Incineroar||SafetyGoggles|Intimidate|FakeOut,KnockOff,FlareBlitz,PartingShot|||M|||50|,,,,,Bug]Indeedee-F||PsychicSeed|PsychicSurge|TrickRoom,Psychic,FollowMe,Protect|||F|||50|,,,,,Dark]Hatterene||LifeOrb|MagicBounce|DazzlingGleam,ExpandingForce,Protect,TrickRoom|||F|||50|,,,,,Psychic]Torkoal||Charcoal|Drought|Eruption,HeatWave,SolarBeam,AncientPower|||M|||50|,,,,,Flying]Ursaluna||FlameOrb|Guts|Protect,HeadlongRush,Earthquake,Facade|||M|||50|,,,,,Grass
|showteam|p2|Dragonite||LoadedDice|Multiscale|ScaleShot,Protect,Haze,Tailwind|||F|||50|,,,,,Fairy]Ursaluna-Bloodmoon||LifeOrb|MindsEye|BloodMoon,HyperVoice,EarthPower,Protect|||M|||50|,,,,,Normal]Gholdengo||GrassySeed|GoodasGold|MakeItRain,ShadowBall,Protect,NastyPlot||||||50|,,,,,Water]Annihilape||SafetyGoggles|Defiant|DrainPunch,RageFist,Protect,BulkUp|||M|||50|,,,,,Fire]Ninetales-Alola||FocusSash|SnowWarning|IcyWind,AuroraVeil,Encore,IcicleSpear|||F|||50|,,,,,Ghost]Rillaboom||AssaultVest|GrassySurge|FakeOut,WoodHammer,HighHorsepower,Uturn|||F|||50|,,,,,Fire
|inactive|Battle timer is ON: inactive players will automatically lose when time's up. (requested by supremeenchilada)
|
|t:|1757856937
|teamsize|p1|4
|teamsize|p2|4
|start
|switch|p1a: Amoonguss|Amoonguss, L50, M, shiny|100/100
|switch|p1b: Indeedee|Indeedee-F, L50, F|100/100
|switch|p2a: Rillaboom|Rillaboom, L50, F|100/100
|switch|p2b: Ursaluna|Ursaluna-Bloodmoon, L50, M|100/100
|-fieldstart|move: Grassy Terrain|[from] ability: Grassy Surge|[of] p2a: Rillaboom
|-fieldstart|move: Psychic Terrain|[from] ability: Psychic Surge|[of] p1b: Indeedee
|-enditem|p1b: Indeedee|Psychic Seed
|-boost|p1b: Indeedee|spd|1|[from] item: Psychic Seed
|turn|1
|
|t:|1757856957
|-terastallize|p2b: Ursaluna|Normal
|move|p1b: Indeedee|Protect|p1b: Indeedee
|-singleturn|p1b: Indeedee|Protect
|move|p2a: Rillaboom|Wood Hammer|p1b: Indeedee
|-activate|p1b: Indeedee|move: Protect
|move|p2b: Ursaluna|Hyper Voice|p1b: Indeedee|[spread] p1a
|-activate|p1b: Indeedee|move: Protect
|-damage|p1a: Amoonguss|49/100
|-damage|p2b: Ursaluna|91/100|[from] item: Life Orb
|move|p1a: Amoonguss|Spore|p2b: Ursaluna
|-status|p2b: Ursaluna|slp|[from] move: Spore
|
|upkeep
|turn|2
|
|t:|1757856977
|switch|p1a: Torkoal|Torkoal, L50, M|100/100
|-weather|SunnyDay|[from] ability: Drought|[of] p1a: Torkoal
|move|p2a: Rillaboom|U-turn|p1b: Indeedee
|-supereffective|p1b: Indeedee
|-damage|p1b: Indeedee|47/100
|
|t:|1757856983
|switch|p2a: Ninetales|Ninetales-Alola, L50, F|100/100|[from] U-turn
|-weather|Snowscape|[from] ability: Snow Warning|[of] p2a: Ninetales
|cant|p2b: Ursaluna|slp
|move|p1b: Indeedee|Trick Room|p1b: Indeedee
|-fieldstart|move: Trick Room|[of] p1b: Indeedee
|
|-weather|Snowscape|[upkeep]
|upkeep
|turn|3
|
|t:|1757857005
|switch|p1b: Ursaluna|Ursaluna, L50, M|100/100
|-curestatus|p2b: Ursaluna|slp|[msg]
|move|p2b: Ursaluna|Protect|p2b: Ursaluna
|-singleturn|p2b: Ursaluna|Protect
|move|p1a: Torkoal|Eruption|p2a: Ninetales|[spread] p2a
|-activate|p2b: Ursaluna|move: Protect
|-supereffective|p2a: Ninetales
|-enditem|p2a: Ninetales|Focus Sash
|-damage|p2a: Ninetales|1/100
|move|p2a: Ninetales|Aurora Veil|p2a: Ninetales
|-sidestart|p2: Truevillany123|move: Aurora Veil
|
|-weather|Snowscape|[upkeep]
|-status|p1b: Ursaluna|brn|[from] item: Flame Orb
|upkeep
|turn|4
|
|t:|1757857026
|move|p1a: Torkoal|Eruption|p2a: Ninetales|[spread] p2a,p2b
|-supereffective|p2a: Ninetales
|-damage|p2a: Ninetales|0 fnt
|-damage|p2b: Ursaluna|38/100
|faint|p2a: Ninetales
|move|p1b: Ursaluna|Facade|p2b: Ursaluna
|-damage|p2b: Ursaluna|0 fnt
|faint|p2b: Ursaluna
|
|-weather|Snowscape|[upkeep]
|-damage|p1b: Ursaluna|95/100 brn|[from] brn
|upkeep
|
|t:|1757857030
|switch|p2b: Gholdengo|Gholdengo, L50|100/100
|switch|p2a: Rillaboom|Rillaboom, L50, F|100/100
|-fieldstart|move: Grassy Terrain|[from] ability: Grassy Surge|[of] p2a: Rillaboom
|-enditem|p2b: Gholdengo|Grassy Seed
|-boost|p2b: Gholdengo|def|1|[from] item: Grassy Seed
|turn|5
|
|t:|1757857044
|switch|p1b: Indeedee|Indeedee-F, L50, F|47/100
|-fieldstart|move: Psychic Terrain|[from] ability: Psychic Surge|[of] p1b: Indeedee
|move|p2b: Gholdengo|Protect|p2b: Gholdengo
|-singleturn|p2b: Gholdengo|Protect
|move|p1a: Torkoal|Eruption|p2a: Rillaboom|[spread] p2a
|-activate|p2b: Gholdengo|move: Protect
|-supereffective|p2a: Rillaboom
|-damage|p2a: Rillaboom|38/100
|move|p2a: Rillaboom|High Horsepower|p1a: Torkoal
|-supereffective|p1a: Torkoal
|-damage|p1a: Torkoal|49/100
|
|-weather|Snowscape|[upkeep]
|upkeep
|turn|6
|inactive|supremeenchilada has 30 seconds left.
|inactive|Truevillany123 has 30 seconds left.
|
|t:|1757857073
|move|p1b: Indeedee|Protect|p1b: Indeedee
|-singleturn|p1b: Indeedee|Protect
|move|p1a: Torkoal|Heat Wave|p2b: Gholdengo|[spread] p2a,p2b
|-supereffective|p2a: Rillaboom
|-supereffective|p2b: Gholdengo
|-damage|p2a: Rillaboom|0 fnt
|-damage|p2b: Gholdengo|46/100
|faint|p2a: Rillaboom
|move|p2b: Gholdengo|Nasty Plot|p2b: Gholdengo
|-boost|p2b: Gholdengo|spa|2
|
|-weather|none
|-fieldend|move: Trick Room
|upkeep
|turn|7
|
|t:|1757857090
|move|p2b: Gholdengo|Make It Rain|p1a: Torkoal|[spread] p1a,p1b
|-resisted|p1a: Torkoal
|-damage|p1a: Torkoal|0 fnt
|-damage|p1b: Indeedee|0 fnt
|-unboost|p2b: Gholdengo|spa|1
|faint|p1a: Torkoal
|faint|p1b: Indeedee
|
|-sideend|p2: Truevillany123|move: Aurora Veil
|upkeep
|
|t:|1757857094
|switch|p1b: Amoonguss|Amoonguss, L50, M, shiny|49/100
|switch|p1a: Ursaluna|Ursaluna, L50, M|95/100 brn
|turn|8
|
|t:|1757857111
|move|p2b: Gholdengo|Protect|p2b: Gholdengo
|-singleturn|p2b: Gholdengo|Protect
|move|p1a: Ursaluna|Headlong Rush|p2b: Gholdengo
|-activate|p2b: Gholdengo|move: Protect
|move|p1b: Amoonguss|Pollen Puff|p1a: Ursaluna
|-heal|p1a: Ursaluna|100/100 brn
|
|-damage|p1a: Ursaluna|95/100 brn|[from] brn
|upkeep
|turn|9
|c|☆Truevillany123|gg
|
|t:|1757857123
|move|p2b: Gholdengo|Make It Rain|p1a: Ursaluna|[spread] p1a,p1b
|-damage|p1a: Ursaluna|30/100 brn
|-damage|p1b: Amoonguss|0 fnt
|-unboost|p2b: Gholdengo|spa|1
|faint|p1b: Amoonguss
|move|p1a: Ursaluna|Headlong Rush|p2b: Gholdengo
|-supereffective|p2b: Gholdengo
|-damage|p2b: Gholdengo|0 fnt
|-unboost|p1a: Ursaluna|def|1
|-unboost|p1a: Ursaluna|spd|1
|faint|p2b: Gholdengo
|
|win|supremeenchilada
|raw|supremeenchilada's rating: 1127 → 1157(+30 for winning)
|raw|Truevillany123's rating: 1204 → 1174(-30 for losing)
|c|☆supremeenchilada|gg
