|j|☆latios66
|j|☆MrTedno
|html|latios66MrTedno    
|uhtml|bestof|Game 3 of a best-of-3
|t:|1756896997
|gametype|doubles
|player|p1|latios66|265|1142
|player|p2|MrTedno|barry|1265
|gen|9
|tier|[Gen 9] VGC 2025 Reg H (Bo3)
|rated|
|rule|Species Clause: Limit one of each Pokémon
|rule|Item Clause: Limit 1 of each item
|clearpoke
|poke|p1|Toedscruel, L50, F|
|poke|p1|Weezing-Galar, L50, M|
|poke|p1|Corviknight, L50, F|
|poke|p1|Pawmot, L50, M|
|poke|p1|Garchomp, L50, F|
|poke|p1|Typhlosion-Hisui, L50, F|
|poke|p2|Ninetales-Alola, L50, F|
|poke|p2|Garchomp, L50, M|
|poke|p2|Dragonite, L50, F|
|poke|p2|Incineroar, L50, F|
|poke|p2|Gholdengo, L50|
|poke|p2|Farigiraf, L50, M|
|teampreview|4
|showteam|p1|Toedscruel||CovertCloak|MyceliumMight|Spore,EarthPower,AcidSpray,RagePowder|||F|||50|,,,,,Water]Weezing-Galar||ChoiceSpecs|NeutralizingGas|DazzlingGleam,SludgeBomb,StrangeSteam,Flamethrower|||M|||50|,,,,,Fire]Corviknight||SitrusBerry|MirrorArmor|Protect,Tailwind,Roost,BraveBird|||F|||50|,,,,,Dragon]Pawmot||FocusSash|NaturalCure|Protect,CloseCombat,DoubleShock,FakeOut|||M|||50|,,,,,Electric]Garchomp||LifeOrb|RoughSkin|Protect,Earthquake,DragonClaw,StompingTantrum|||F|||50|,,,,,Ground]Typhlosion-Hisui||ChoiceScarf|Blaze|Eruption,SleepTalk,HeatWave,ShadowBall|||F|||50|,,,,,Fire
|showteam|p2|Ninetales-Alola||FocusSash|SnowWarning|Encore,Blizzard,FreezeDry,Protect|||F|||50|,,,,,Ghost]Garchomp||ClearAmulet|RoughSkin|Earthquake,DragonClaw,StompingTantrum,Protect|||M|||50|,,,,,Ground]Dragonite||LumBerry|InnerFocus|TeraBlast,LowKick,ExtremeSpeed,Protect|||F|||50|,,,,,Flying]Incineroar||SafetyGoggles|Intimidate|FakeOut,PartingShot,FlareBlitz,KnockOff|||F|||50|,,,,,Ghost]Gholdengo||LifeOrb|GoodasGold|ShadowBall,MakeItRain,NastyPlot,Protect||||||50|,,,,,Flying]Farigiraf||SitrusBerry|ArmorTail|TrickRoom,Protect,TeraBlast,PsychicNoise|||M|||50|,,,,,Fighting
|inactive|Battle timer is ON: inactive players will automatically lose when time's up. (requested by MrTedno)
|inactive|latios66 has 60 seconds left.
|inactive|MrTedno has 60 seconds left.
|
|t:|1756897029
|teamsize|p1|4
|teamsize|p2|4
|start
|switch|p1a: Corviknight|Corviknight, L50, F|100/100
|switch|p1b: Pawmot|Pawmot, L50, M|100/100
|switch|p2a: Marty|Dragonite, L50, F|100/100
|switch|p2b: Julien|Incineroar, L50, F|100/100
|-ability|p2b: Julien|Intimidate|boost
|-ability|p1a: Corviknight|Mirror Armor
|-unboost|p2b: Julien|atk|1
|-unboost|p1b: Pawmot|atk|1
|turn|1
|inactive|latios66 has 30 seconds left.
|inactive|MrTedno has 30 seconds left.
|
|t:|1756897055
|switch|p2a: Skipper|Gholdengo, L50|100/100
|move|p1b: Pawmot|Protect|p1b: Pawmot
|-singleturn|p1b: Pawmot|Protect
|move|p1a: Corviknight|Protect|p1a: Corviknight
|-singleturn|p1a: Corviknight|Protect
|move|p2b: Julien|Fake Out|p1b: Pawmot
|-activate|p1b: Pawmot|move: Protect
|
|upkeep
|turn|2
|inactive|MrTedno has 30 seconds left.
|
|t:|1756897087
|move|p1b: Pawmot|Close Combat|p2b: Julien
|-supereffective|p2b: Julien
|-damage|p2b: Julien|29/100
|-unboost|p1b: Pawmot|def|1
|-unboost|p1b: Pawmot|spd|1
|move|p2a: Skipper|Nasty Plot|p2a: Skipper
|-boost|p2a: Skipper|spa|2
|move|p1a: Corviknight|Brave Bird|p2b: Julien
|-damage|p2b: Julien|0 fnt
|faint|p2b: Julien
|-damage|p1a: Corviknight|92/100|[from] Recoil
|
|upkeep
|inactive|MrTedno has 30 seconds left.
|
|t:|1756897118
|switch|p2b: Marty|Dragonite, L50, F|100/100
|turn|3
|
|t:|1756897126
|move|p1b: Pawmot|Protect|p1b: Pawmot
|-singleturn|p1b: Pawmot|Protect
|move|p2b: Marty|Protect|p2b: Marty
|-singleturn|p2b: Marty|Protect
|move|p2a: Skipper|Shadow Ball|p1b: Pawmot
|-activate|p1b: Pawmot|move: Protect
|move|p1a: Corviknight|Brave Bird|p2b: Marty
|-activate|p2b: Marty|move: Protect
|
|upkeep
|turn|4
|
|t:|1756897144
|switch|p2b: Alex|Garchomp, L50, M|100/100
|-terastallize|p1b: Pawmot|Electric
|move|p1b: Pawmot|Double Shock|p2a: Skipper
|-damage|p2a: Skipper|47/100
|-start|p1b: Pawmot|typechange|Electric|[from] move: Double Shock
|move|p2a: Skipper|Shadow Ball|p1b: Pawmot
|-enditem|p1b: Pawmot|Focus Sash
|-damage|p1b: Pawmot|1/100
|-damage|p2a: Skipper|37/100|[from] item: Life Orb
|move|p1a: Corviknight|Brave Bird|p2a: Skipper
|-resisted|p2a: Skipper
|-damage|p2a: Skipper|16/100
|-damage|p1a: Corviknight|85/100|[from] Recoil
|
|upkeep
|turn|5
|inactive|MrTedno has 30 seconds left.
|
|t:|1756897176
|switch|p2b: Marty|Dragonite, L50, F|100/100
|move|p1b: Pawmot|Protect|p1b: Pawmot
|-singleturn|p1b: Pawmot|Protect
|move|p2a: Skipper|Protect|p2a: Skipper
|-singleturn|p2a: Skipper|Protect
|move|p1a: Corviknight|Brave Bird|p2b: Marty
|-damage|p2b: Marty|50/100
|-damage|p1a: Corviknight|72/100|[from] Recoil
|
|upkeep
|turn|6
|inactive|MrTedno has 30 seconds left.
|inactive|MrTedno has 20 seconds left.
|inactive|MrTedno has 15 seconds left.
|inactive|MrTedno has 10 seconds left.
|inactive|MrTedno has 5 seconds left.
|
|t:|1756897238
|switch|p1b: Garchomp|Garchomp, L50, F|100/100
|switch|p2b: Alex|Garchomp, L50, M|100/100
|move|p2a: Skipper|Shadow Ball|p1a: Corviknight
|-damage|p1a: Corviknight|0 fnt
|faint|p1a: Corviknight
|-damage|p2a: Skipper|6/100|[from] item: Life Orb
|
|upkeep
|
|t:|1756897251
|switch|p1a: Pawmot|Pawmot, L50, M, tera:Electric|1/100
|turn|7
|inactive|MrTedno has 30 seconds left.
|inactive|MrTedno has 20 seconds left.
|
|t:|1756897289
|move|p1a: Pawmot|Protect|p1a: Pawmot
|-singleturn|p1a: Pawmot|Protect
|move|p2b: Alex|Protect|p2b: Alex
|-singleturn|p2b: Alex|Protect
|move|p2a: Skipper|Protect|p2a: Skipper
|-singleturn|p2a: Skipper|Protect
|move|p1b: Garchomp|Dragon Claw|p2b: Alex
|-activate|p2b: Alex|move: Protect
|
|upkeep
|turn|8
|inactive|latios66 has 30 seconds left.
|inactive|MrTedno has 30 seconds left.
|inactive|latios66 has 20 seconds left.
|inactive|latios66 has 15 seconds left.
|inactive|MrTedno has 20 seconds left.
|inactive|MrTedno has 15 seconds left.
|inactive|MrTedno has 10 seconds left.
|
|t:|1756897341
|move|p1a: Pawmot|Close Combat|p2b: Alex
|-damage|p2b: Alex|38/100
|-unboost|p1a: Pawmot|def|1
|-unboost|p1a: Pawmot|spd|1
|-damage|p1a: Pawmot|0 fnt|[from] ability: Rough Skin|[of] p2b: Alex
|faint|p1a: Pawmot
|move|p2b: Alex|Dragon Claw|p1b: Garchomp
|-supereffective|p1b: Garchomp
|-damage|p1b: Garchomp|21/100
|-damage|p2b: Alex|25/100|[from] ability: Rough Skin|[of] p1b: Garchomp
|move|p1b: Garchomp|Dragon Claw|p2b: Alex
|-supereffective|p2b: Alex
|-damage|p2b: Alex|0 fnt
|-damage|p1b: Garchomp|9/100|[from] ability: Rough Skin|[of] p2b: Alex
|faint|p2b: Alex
|-damage|p1b: Garchomp|0 fnt|[from] item: Life Orb
|faint|p1b: Garchomp
|move|p2a: Skipper|Shadow Ball|p1: Pawmot|[notarget]
|-fail|p2a: Skipper
|
|upkeep
|
|t:|1756897359
|switch|p2b: Marty|Dragonite, L50, F|50/100
|switch|p1b: Weezing|Weezing-Galar, L50, M|100/100
|-ability|p1b: Weezing|Neutralizing Gas
|turn|9
|
|t:|1756897367
|-terastallize|p2b: Marty|Flying
|move|p2a: Skipper|Make It Rain|p1b: Weezing
|-supereffective|p1b: Weezing
|-damage|p1b: Weezing|0 fnt
|-unboost|p2a: Skipper|spa|1
|faint|p1b: Weezing
|-end|p1b: Weezing|ability: Neutralizing Gas
|-damage|p2a: Skipper|0 fnt|[from] item: Life Orb
|faint|p2a: Skipper
|
|win|MrTedno
|raw|latios66's rating: 1142 → 1125(-17 for losing)
|raw|MrTedno's rating: 1265 → 1282(+17 for winning)
|c|☆latios66|Well played
