|j|☆AwesomeT07
|j|☆ataba
|html|AwesomeT07ataba    
|uhtml|bestof|Game 1 of a best-of-3
|t:|1784769113
|gametype|doubles
|player|p1|AwesomeT07|169|
|player|p2|ataba|acetrainer-gen4dp|
|gen|9
|tier|[Gen 9 Champions] VGC 2026 Reg M-B (Bo3)
|rule|Species Clause: Limit one of each Pokémon
|rule|Item Clause: Limit 1 of each item
|clearpoke
|poke|p1|Dragalge, L50, F, shiny|
|poke|p1|Sinistcha, L50, shiny|
|poke|p1|Hatterene, L50, F, shiny|
|poke|p1|Rotom-Frost, L50, shiny|
|poke|p1|Steelix, L50, F, shiny|
|poke|p1|Scrafty, L50, F, shiny|
|poke|p2|Starmie, L50|
|poke|p2|Floette-Eternal, L50, F|
|poke|p2|Ariados, L50, M|
|poke|p2|Kingambit, L50, F|
|poke|p2|Rotom-Heat, L50|
|poke|p2|Chimecho, L50, M|
|teampreview|4
|showteam|p1|Dragalge||PayapaBerry|Adaptability|Protect,IcyWind,SludgeBomb,HydroPump|Quiet||F|||50|]Sinistcha||ColburBerry|Hospitality|TrickRoom,MatchaGotcha,Protect,CalmMind|Relaxed|||||50|]Hatterene||SitrusBerry|MagicBounce|DazzlingGleam,HealPulse,TrickRoom,Protect|Sassy||F|||50|]Rotom-Frost||ChoiceScarf|Levitate|Protect,Blizzard,Discharge,Trick|Timid|||||50|]Steelix||PasshoBerry|SheerForce|Earthquake,Protect,WideGuard,IronTail|Relaxed||F|||50|]Scrafty||Scraftinite|Intimidate|DrainPunch,FakeOut,KnockOff,Protect|Brave||F|||50|
|showteam|p2|Starmie||Starminite|Analytic|Scald,IceBeam,DazzlingGleam,AllySwitch|Modest|||||50|]Floette-Eternal||Floettite|FlowerVeil|CalmMind,LightofRuin,DazzlingGleam,Protect|Timid||F|||50|]Ariados||PayapaBerry|Sniper|FocusEnergy,ShadowSneak,LeechLife,Protect|Brave||M|||50|]Kingambit||ChopleBerry|Defiant|SuckerPunch,IronHead,KowtowCleave,Protect|Brave||F|||50|]Rotom-Heat||Charcoal|Levitate|Overheat,NastyPlot,Protect,VoltSwitch|Modest|||||50|]Chimecho||Leftovers|Levitate|Imprison,DazzlingGleam,HelpingHand,TrickRoom|Timid||M|||50|
|j| Brolax
|c| Brolax|Can you guys see the team sheets?
|c|☆ataba|it gives me the option to open it
|c|☆AwesomeT07|i see something for team sheets im just not opening it
|c|☆ataba|so im assuming yes
|c| Brolax|rip
|
|t:|1784769248
|teamsize|p1|4
|teamsize|p2|4
|start
|switch|p1a: Hatterene|Hatterene, L50, F, shiny|100/100
|switch|p1b: Scrafty|Scrafty, L50, F, shiny|100/100
|switch|p2a: Jazz Hands|Rotom-Heat, L50|100/100
|switch|p2b: Deja Vu|Kingambit, L50, F|100/100
|-ability|p1b: Scrafty|Intimidate|boost
|-unboost|p2a: Jazz Hands|atk|1
|-unboost|p2b: Deja Vu|atk|1
|-ability|p2b: Deja Vu|Defiant|boost
|-boost|p2b: Deja Vu|atk|2
|turn|1
|
|t:|1784769280
|move|p1b: Scrafty|Fake Out|p2b: Deja Vu
|-resisted|p2b: Deja Vu|1
|-damage|p2b: Deja Vu|95/100
|move|p2a: Jazz Hands|Volt Switch|p1b: Scrafty
|-damage|p1b: Scrafty|66/100
|c| Brolax|Kingambit is such a bastard
|
|t:|1784769293
|switch|p2a: Its Always Leg Day|Starmie, L50|100/100|[from] Volt Switch
|cant|p2b: Deja Vu|flinch
|move|p1a: Hatterene|Trick Room|p1a: Hatterene
|-fieldstart|move: Trick Room|[of] p1a: Hatterene
|
|upkeep
|turn|2
|
|t:|1784769322
|detailschange|p1b: Scrafty|Scrafty-Mega, L50, F, shiny
|-mega|p1b: Scrafty|Scrafty|Scraftinite
|-ability|p1b: Scrafty|Intimidate|boost
|-unboost|p2a: Its Always Leg Day|atk|1
|-unboost|p2b: Deja Vu|atk|1
|-ability|p2b: Deja Vu|Defiant|boost
|-boost|p2b: Deja Vu|atk|2
|detailschange|p2a: Its Always Leg Day|Starmie-Mega, L50
|-mega|p2a: Its Always Leg Day|Starmie|Starminite
|move|p1a: Hatterene|Heal Pulse|p1b: Scrafty
|-heal|p1b: Scrafty|100/100
|move|p2b: Deja Vu|Iron Head|p1a: Hatterene
|-supereffective|p1a: Hatterene|1
|-damage|p1a: Hatterene|0 fnt
|faint|p1a: Hatterene
|move|p1b: Scrafty|Drain Punch|p2b: Deja Vu
|-supereffective|p2b: Deja Vu|2
|-enditem|p2b: Deja Vu|Chople Berry|[eat]
|-enditem|p2b: Deja Vu|Chople Berry|[weaken]
|-damage|p2b: Deja Vu|26/100
|move|p2a: Its Always Leg Day|Dazzling Gleam|p1b: Scrafty
|-supereffective|p1b: Scrafty|2
|-damage|p1b: Scrafty|0 fnt
|faint|p1b: Scrafty
|
|upkeep
|
|t:|1784769342
|switch|p1a: Dragalge|Dragalge, L50, F, shiny|100/100
|switch|p1b: Sinistcha|Sinistcha, L50, shiny|100/100
|turn|3
|
|t:|1784769369
|move|p2b: Deja Vu|Protect|p2b: Deja Vu
|-singleturn|p2b: Deja Vu|Protect
|move|p1a: Dragalge|Hydro Pump|p2b: Deja Vu
|-activate|p2b: Deja Vu|move: Protect
|move|p1b: Sinistcha|Matcha Gotcha|p2a: Its Always Leg Day|[spread] 
|-activate|p2b: Deja Vu|move: Protect
|-miss|p1b: Sinistcha|p2a: Its Always Leg Day
|move|p2a: Its Always Leg Day|Ice Beam|p1a: Dragalge
|-supereffective|p1a: Dragalge|1
|-damage|p1a: Dragalge|39/100
|
|upkeep
|turn|4
|j| bugcatcherjinsoul
|c| Brolax|eyes
|c| Brolax|(but I don't think it mattered)
|
|t:|1784769403
|move|p2b: Deja Vu|Sucker Punch|p1b: Sinistcha
|-supereffective|p1b: Sinistcha|1
|-enditem|p1b: Sinistcha|Colbur Berry|[eat]
|-enditem|p1b: Sinistcha|Colbur Berry|[weaken]
|-damage|p1b: Sinistcha|41/100
|move|p1a: Dragalge|Hydro Pump|p2b: Deja Vu|[miss]
|-miss|p1a: Dragalge|p2b: Deja Vu
|move|p1b: Sinistcha|Matcha Gotcha|p2a: Its Always Leg Day|[spread] p2a,p2b
|-supereffective|p2a: Its Always Leg Day|1
|-resisted|p2b: Deja Vu|1
|-crit|p2b: Deja Vu
|-damage|p2a: Its Always Leg Day|45/100
|-heal|p1b: Sinistcha|65/100|[from] drain|[of] p2a: Its Always Leg Day
|-damage|p2b: Deja Vu|8/100
|-heal|p1b: Sinistcha|75/100|[from] drain|[of] p2b: Deja Vu
|-status|p2a: Its Always Leg Day|brn
|move|p2a: Its Always Leg Day|Ice Beam|p1a: Dragalge
|-supereffective|p1a: Dragalge|1
|-damage|p1a: Dragalge|0 fnt
|faint|p1a: Dragalge
|
|-damage|p2a: Its Always Leg Day|40/100 brn|[from] brn
|upkeep
|turn|5
|c|☆AwesomeT07|man those eyes definitely mattered hypercocked
|
|t:|1784769467
|move|p2b: Deja Vu|Sucker Punch|p1b: Sinistcha
|-supereffective|p1b: Sinistcha|1
|-damage|p1b: Sinistcha|0 fnt
|faint|p1b: Sinistcha
|
|win|ataba
||AwesomeT07 is ready for game 2.
|inactive|ataba has 30 seconds to confirm battle start!
||ataba is ready for game 2.
|uhtml|next|Next: Game 2 of 3
|j| AE_Elite07
|l| bugcatcherjinsoul
|l|☆AwesomeT07
|player|p1|
