|j|☆alecfromkanto
|j|☆Jakobtc
|html|alecfromkantoJakobtc    
|uhtml|bestof|Game 2 of a best-of-3
|t:|1755111275
|gametype|doubles
|player|p1|alecfromkanto|265|1137
|player|p2|Jakobtc|riley|1187
|gen|9
|tier|[Gen 9] VGC 2025 Reg H (Bo3)
|rated|
|rule|Species Clause: Limit one of each Pokémon
|rule|Item Clause: Limit 1 of each item
|clearpoke
|poke|p1|Volcarona, L50, F|
|poke|p1|Electabuzz, L50, F|
|poke|p1|Incineroar, L50, M|
|poke|p1|Whimsicott, L50, F|
|poke|p1|Tyranitar, L50, M|
|poke|p1|Garchomp, L50, M|
|poke|p2|Reuniclus, L50, F|
|poke|p2|Indeedee-F, L50, F|
|poke|p2|Araquanid, L50, F|
|poke|p2|Torkoal, L50, F|
|poke|p2|Lilligant-Hisui, L50, F|
|poke|p2|Annihilape, L50, F|
|teampreview|4
|showteam|p1|Volcarona||Leftovers|FlameBody|Flamethrower,GigaDrain,QuiverDance,Protect|||F|||50|,,,,,Grass]Electabuzz||Eviolite|VitalSpirit|Electroweb,FollowMe,Taunt,Protect|||F|||50|,,,,,Ghost]Incineroar||SafetyGoggles|Intimidate|FakeOut,KnockOff,FlareBlitz,PartingShot|||M|||50|,,,,,Ghost]Whimsicott||CovertCloak|Prankster|Moonblast,Tailwind,Encore,LightScreen|||F|||50|,,,,,Ghost]Tyranitar||AssaultVest|SandStream|KnockOff,RockSlide,TeraBlast,LowKick|||M|||50|,,,,,Flying]Garchomp||LifeOrb|RoughSkin|DragonClaw,Earthquake,StompingTantrum,Protect|||M|||50|,,,,,Ground
|showteam|p2|Reuniclus||LifeOrb|MagicGuard|ExpandingForce,TeraBlast,TrickRoom,Protect|||F|||50|,,,,,Fighting]Indeedee-F||PsychicSeed|PsychicSurge|FollowMe,HelpingHand,TrickRoom,DazzlingGleam|||F|||50|,,,,,Water]Araquanid||MysticWater|WaterBubble|Liquidation,LeechLife,Substitute,Protect|||F|||50|,,,,,Water]Torkoal||Charcoal|Drought|Eruption,HeatWave,EarthPower,Protect|||F|||50|,,,,,Fire]Lilligant-Hisui||FocusSash|Chlorophyll|LeafBlade,CloseCombat,AfterYou,Protect|||F|||50|,,,,,Ghost]Annihilape||ChoiceScarf|Defiant|Uturn,CloseCombat,PhantomForce,FinalGambit|||F|||50|,,,,,Ghost
|inactive|Battle timer is ON: inactive players will automatically lose when time's up. (requested by alecfromkanto)
|j| teamthief420
|inactive|alecfromkanto has 60 seconds left.
|l| teamthief420
|
|t:|1755111315
|teamsize|p1|4
|teamsize|p2|4
|start
|switch|p1a: Electabuzz|Electabuzz, L50, F, shiny|100/100
|switch|p1b: Volcarona|Volcarona, L50, F, shiny|100/100
|switch|p2a: Annihilape|Annihilape, L50, F|100/100
|switch|p2b: Reuniclus|Reuniclus, L50, F|100/100
|turn|1
|
|t:|1755111338
|switch|p1b: Incineroar|Incineroar, L50, M, shiny|100/100
|-ability|p1b: Incineroar|Intimidate|boost
|-unboost|p2a: Annihilape|atk|1
|-ability|p2a: Annihilape|Defiant|boost
|-boost|p2a: Annihilape|atk|2
|-unboost|p2b: Reuniclus|atk|1
|move|p2a: Annihilape|Phantom Force||[still]
|-prepare|p2a: Annihilape|Phantom Force
|move|p1a: Electabuzz|Taunt|p2b: Reuniclus
|-start|p2b: Reuniclus|move: Taunt
|move|p2b: Reuniclus|Expanding Force|p1a: Electabuzz
|-damage|p1a: Electabuzz|49/100
|
|upkeep
|turn|2
|inactive|alecfromkanto has 30 seconds left.
|
|t:|1755111366
|switch|p1a: Tyranitar|Tyranitar, L50, M, shiny|100/100
|-weather|Sandstorm|[from] ability: Sand Stream|[of] p1a: Tyranitar
|switch|p2b: Indeedee|Indeedee-F, L50, F|100/100
|-fieldstart|move: Psychic Terrain|[from] ability: Psychic Surge|[of] p2b: Indeedee
|-enditem|p2b: Indeedee|Psychic Seed
|-boost|p2b: Indeedee|spd|1|[from] item: Psychic Seed
|move|p2a: Annihilape|Phantom Force|p1b: Incineroar|[from] lockedmove
|-resisted|p1b: Incineroar
|-damage|p1b: Incineroar|74/100
|move|p1b: Incineroar|Knock Off|p2b: Indeedee
|-supereffective|p2b: Indeedee
|-damage|p2b: Indeedee|39/100
|
|-weather|Sandstorm|[upkeep]
|-damage|p2a: Annihilape|95/100|[from] Sandstorm
|-damage|p2b: Indeedee|33/100|[from] Sandstorm
|upkeep
|turn|3
|inactive|alecfromkanto has 30 seconds left.
|inactive|Jakobtc has 30 seconds left.
|inactive|alecfromkanto has 20 seconds left.
|
|t:|1755111405
|move|p2b: Indeedee|Helping Hand|p2a: Annihilape
|-singleturn|p2a: Annihilape|Helping Hand|[of] p2b: Indeedee
|move|p2a: Annihilape|Phantom Force||[still]
|-prepare|p2a: Annihilape|Phantom Force
|move|p1a: Tyranitar|Knock Off|p2a: Annihilape|[miss]
|-miss|p1a: Tyranitar|p2a: Annihilape
|move|p1b: Incineroar|Knock Off|p2b: Indeedee
|-supereffective|p2b: Indeedee
|-damage|p2b: Indeedee|0 fnt
|faint|p2b: Indeedee
|
|-weather|Sandstorm|[upkeep]
|-damage|p2a: Annihilape|89/100|[from] Sandstorm
|upkeep
|
|t:|1755111416
|switch|p2b: Araquanid|Araquanid, L50, F|100/100
|turn|4
|
|t:|1755111433
|-terastallize|p2b: Araquanid|Water
|move|p2a: Annihilape|Phantom Force|p1b: Incineroar|[from] lockedmove
|-resisted|p1b: Incineroar
|-damage|p1b: Incineroar|48/100
|move|p1a: Tyranitar|Rock Slide|p2a: Annihilape|[spread] p2a,p2b
|-resisted|p2a: Annihilape
|-damage|p2a: Annihilape|74/100
|-damage|p2b: Araquanid|70/100
|move|p1b: Incineroar|Knock Off|p2b: Araquanid
|-damage|p2b: Araquanid|14/100
|-enditem|p2b: Araquanid|Mystic Water|[from] move: Knock Off|[of] p1b: Incineroar
|move|p2b: Araquanid|Liquidation|p1a: Tyranitar
|-supereffective|p1a: Tyranitar
|-damage|p1a: Tyranitar|0 fnt
|faint|p1a: Tyranitar
|
|-weather|Sandstorm|[upkeep]
|-damage|p2a: Annihilape|68/100|[from] Sandstorm
|-damage|p2b: Araquanid|8/100|[from] Sandstorm
|upkeep
|
|t:|1755111449
|switch|p1a: Volcarona|Volcarona, L50, F, shiny|100/100
|turn|5
|inactive|alecfromkanto has 30 seconds left.
|
|t:|1755111479
|move|p2a: Annihilape|Phantom Force||[still]
|-prepare|p2a: Annihilape|Phantom Force
|move|p1a: Volcarona|Giga Drain|p2b: Araquanid
|-supereffective|p2b: Araquanid
|-damage|p2b: Araquanid|0 fnt
|faint|p2b: Araquanid
|move|p1b: Incineroar|Knock Off|p2a: Annihilape|[miss]
|-miss|p1b: Incineroar|p2a: Annihilape
|
|-weather|Sandstorm|[upkeep]
|-damage|p2a: Annihilape|62/100|[from] Sandstorm
|-damage|p1a: Volcarona|94/100|[from] Sandstorm
|-heal|p1a: Volcarona|100/100|[from] item: Leftovers
|upkeep
|
|t:|1755111488
|switch|p2b: Reuniclus|Reuniclus, L50, F|100/100
|turn|6
|
|t:|1755111510
|move|p2b: Reuniclus|Protect|p2b: Reuniclus
|-singleturn|p2b: Reuniclus|Protect
|move|p2a: Annihilape|Phantom Force|p1a: Volcarona|[from] lockedmove
|-damage|p1a: Volcarona|41/100
|-status|p2a: Annihilape|brn|[from] ability: Flame Body|[of] p1a: Volcarona
|move|p1a: Volcarona|Flamethrower|p2b: Reuniclus
|-activate|p2b: Reuniclus|move: Protect
|move|p1b: Incineroar|Knock Off|p2b: Reuniclus
|-activate|p2b: Reuniclus|move: Protect
|
|-weather|none
|-heal|p1a: Volcarona|47/100|[from] item: Leftovers
|-damage|p2a: Annihilape|56/100 brn|[from] brn
|-fieldend|move: Psychic Terrain
|upkeep
|turn|7
|c|☆Jakobtc|gg
|-message|Jakobtc forfeited.
|
|win|alecfromkanto
|raw|alecfromkanto's rating: 1137 → 1166(+29 for winning)
|raw|Jakobtc's rating: 1187 → 1158(-29 for losing)
|l|☆Jakobtc
|player|p2|
