|j|☆int shinji
|j|☆NonnoNanniVGC
|html|int shinjiNonnoNanniVGC    
|uhtml|bestof|Game 2 of a best-of-3
|t:|1783103737
|gametype|doubles
|player|p1|int shinji|101|1126
|player|p2|NonnoNanniVGC|102|1125
|gen|9
|tier|[Gen 9 Champions] VGC 2026 Reg M-B (Bo3)
|rated|
|rule|Species Clause: Limit one of each Pokémon
|rule|Item Clause: Limit 1 of each item
|clearpoke
|poke|p1|Kingambit, L50, M|
|poke|p1|Charizard, L50, F|
|poke|p1|Aerodactyl, L50, F|
|poke|p1|Farigiraf, L50, M|
|poke|p1|Garchomp, L50, F|
|poke|p1|Sylveon, L50, M|
|poke|p2|Meowstic, L50, M|
|poke|p2|Sneasler, L50, F|
|poke|p2|Delphox, L50, F|
|poke|p2|Klefki, L50, F|
|poke|p2|Overqwil, L50, F|
|poke|p2|Sableye, L50, F|
|teampreview|4
|showteam|p1|Kingambit||FocusSash|Defiant|KowtowCleave,IronHead,SuckerPunch,LowKick|Adamant||M|||50|]Charizard||CharizarditeY|Blaze|HeatWave,SolarBeam,WeatherBall,Protect|Modest||F|||50|]Aerodactyl||Aerodactylite|Unnerve|RockSlide,DualWingbeat,IceFang,Tailwind|Jolly||F|||50|]Farigiraf||SitrusBerry|ArmorTail|Psychic,Thunderbolt,TrickRoom,Protect|Bold||M|||50|]Garchomp||LifeOrb|RoughSkin|Earthquake,DragonClaw,StompingTantrum,Protect|Jolly||F|||50|]Sylveon||FairyFeather|Pixilate|HyperVoice,HyperBeam,QuickAttack,Protect|Modest||M|||50|
|showteam|p2|Meowstic||BrightPowder|Prankster|Yawn,SkillSwap,SunnyDay,FakeOut|Impish||M|||50|]Sneasler||FocusSash|PoisonTouch|PoisonJab,CloseCombat,FakeOut,QuickGuard|Jolly||F|||50|]Delphox||Delphoxite|Blaze|HeatWave,PsychUp,StoredPower,Protect|Timid||F|||50|]Klefki||SitrusBerry|Prankster|DrainingKiss,CalmMind,Substitute,PsychUp|Bold||F|||50|]Overqwil||Leftovers|Intimidate|BarbBarrage,Stockpile,Minimize,Protect|Careful||F|||50|]Sableye||Sablenite|Prankster|FoulPlay,DarkPulse,PsychUp,PainSplit|Sassy||F|||50|
|inactive|Battle timer is ON: inactive players will automatically lose when time's up. (requested by int shinji)
|
|t:|1783103783
|teamsize|p1|4
|teamsize|p2|4
|start
|switch|p1a: Kingambit|Kingambit, L50, M|100/100
|switch|p1b: Charizard|Charizard, L50, F|100/100
|switch|p2a: Sneasler|Sneasler, L50, F|100/100
|switch|p2b: Overqwil|Overqwil, L50, F|100/100
|-ability|p2b: Overqwil|Intimidate|boost
|-unboost|p1a: Kingambit|atk|1
|-ability|p1a: Kingambit|Defiant|boost
|-boost|p1a: Kingambit|atk|2
|-unboost|p1b: Charizard|atk|1
|turn|1
|inactive|int shinji has 30 seconds left.
|
|t:|1783103813
|switch|p1a: Farigiraf|Farigiraf, L50, M|100/100
|detailschange|p1b: Charizard|Charizard-Mega-Y, L50, F
|-mega|p1b: Charizard|Charizard|Charizardite Y
|-weather|SunnyDay|[from] ability: Drought|[of] p1b: Charizard
|move|p2a: Sneasler|Fake Out||[still]
|cant|p1a: Farigiraf|ability: Armor Tail|Fake Out|[of] p2a: Sneasler
|move|p1b: Charizard|Weather Ball|p2b: Overqwil
|-damage|p2b: Overqwil|14/100
|move|p2b: Overqwil|Minimize|p2b: Overqwil
|-boost|p2b: Overqwil|evasion|2
|
|-weather|SunnyDay|[upkeep]
|-heal|p2b: Overqwil|20/100y|[from] item: Leftovers
|upkeep
|turn|2
|
|t:|1783103833
|move|p2b: Overqwil|Protect|p2b: Overqwil
|-singleturn|p2b: Overqwil|Protect
|move|p2a: Sneasler|Poison Jab|p1b: Charizard
|-damage|p1b: Charizard|63/100
|-status|p1b: Charizard|psn
|move|p1b: Charizard|Heat Wave|p2b: Overqwil|[spread] p2a
|-activate|p2b: Overqwil|move: Protect
|-damage|p2a: Sneasler|19/100
|move|p1a: Farigiraf|Psychic|p2a: Sneasler
|-supereffective|p2a: Sneasler|2
|-damage|p2a: Sneasler|0 fnt
|faint|p2a: Sneasler
|
|-weather|SunnyDay|[upkeep]
|-heal|p2b: Overqwil|26/100|[from] item: Leftovers
|-damage|p1b: Charizard|51/100 psn|[from] psn
|upkeep
|
|t:|1783103841
|switch|p2a: Delphox|Delphox, L50, F|100/100
|turn|3
|
|t:|1783103859
|detailschange|p2a: Delphox|Delphox-Mega, L50, F
|-mega|p2a: Delphox|Delphox|Delphoxite
|move|p2a: Delphox|Psych Up|p2b: Overqwil
|-copyboost|p2a: Delphox|p2b: Overqwil|[from] move: Psych Up
|move|p1b: Charizard|Heat Wave|p2b: Overqwil|[spread] p2a,p2b
|-resisted|p2a: Delphox|1
|-damage|p2a: Delphox|73/100
|-damage|p2b: Overqwil|0 fnt
|faint|p2b: Overqwil
|move|p1a: Farigiraf|Trick Room|p1a: Farigiraf
|-fieldstart|move: Trick Room|[of] p1a: Farigiraf
|
|-weather|SunnyDay|[upkeep]
|-damage|p1b: Charizard|39/100 psn|[from] psn
|upkeep
|
|t:|1783103864
|switch|p2b: Klefki|Klefki, L50, F|100/100
|turn|4
|
|t:|1783103889
|switch|p1a: Kingambit|Kingambit, L50, M|100/100
|move|p2b: Klefki|Psych Up|p2a: Delphox
|-copyboost|p2b: Klefki|p2a: Delphox|[from] move: Psych Up
|move|p1b: Charizard|Heat Wave|p2a: Delphox|[spread] p2a
|-miss|p1b: Charizard|p2b: Klefki
|-resisted|p2a: Delphox|1
|-damage|p2a: Delphox|49/100
|move|p2a: Delphox|Heat Wave|p1b: Charizard|[spread] p1a,p1b
|-supereffective|p1a: Kingambit|1
|-resisted|p1b: Charizard|1
|-enditem|p1a: Kingambit|Focus Sash
|-damage|p1a: Kingambit|1/100
|-damage|p1b: Charizard|14/100 psn
|
|-weather|SunnyDay|[upkeep]
|-damage|p1b: Charizard|2/100 psn|[from] psn
|upkeep
|turn|5
|
|t:|1783103914
|move|p2a: Delphox|Protect|p2a: Delphox
|-singleturn|p2a: Delphox|Protect
|move|p2b: Klefki|Draining Kiss|p1a: Kingambit
|-damage|p1a: Kingambit|0 fnt
|faint|p1a: Kingambit
|move|p1b: Charizard|Heat Wave|p2a: Delphox|[spread] p2b
|-activate|p2a: Delphox|move: Protect
|-supereffective|p2b: Klefki|1
|-damage|p2b: Klefki|0 fnt
|faint|p2b: Klefki
|
|-weather|none
|-damage|p1b: Charizard|0 fnt|[from] psn
|faint|p1b: Charizard
|upkeep
|-message|NonnoNanniVGC forfeited.
|
|win|int shinji
|raw|int shinji's rating: 1126 → 1151(+25 for winning)
|raw|NonnoNanniVGC's rating: 1125 → 1100(-25 for losing)
|l|☆NonnoNanniVGC
|player|p2|
