|j|☆Pepreinx
|j|☆jeanmape
|html|Pepreinxjeanmape    
|uhtml|bestof|Game 2 of a best-of-3
|t:|1782239287
|gametype|doubles
|player|p1|Pepreinx|265|1045
|player|p2|jeanmape|linebacker|1151
|gen|9
|tier|[Gen 9 Champions] VGC 2026 Reg M-B (Bo3)
|rated|
|rule|Species Clause: Limit one of each Pokémon
|rule|Item Clause: Limit 1 of each item
|clearpoke
|poke|p1|Mawile, L50, M|
|poke|p1|Charizard, L50, F|
|poke|p1|Farigiraf, L50, M|
|poke|p1|Whimsicott, L50, F|
|poke|p1|Garchomp, L50, F|
|poke|p1|Basculegion, L50, M|
|poke|p2|Pyroar, L50, F|
|poke|p2|Ninetales, L50, F|
|poke|p2|Corviknight, L50, M|
|poke|p2|Garchomp, L50, F|
|poke|p2|Sylveon, L50, F|
|poke|p2|Farigiraf, L50, M|
|teampreview|4
|showteam|p1|Mawile||Mawilite|HyperCutter|SuckerPunch,PlayRough,Protect,BrickBreak|Adamant||M|||50|]Charizard||CharizarditeY|Blaze|HeatWave,SolarBeam,Protect,WeatherBall|Modest||F|||50|]Farigiraf||SitrusBerry|ArmorTail|TwinBeam,TrickRoom,Thunder,HelpingHand|Bold||M|||50|]Whimsicott||FocusSash|Prankster|Tailwind,Moonblast,Protect,Encore|Serious||F|||50|]Garchomp||LifeOrb|RoughSkin|StompingTantrum,DragonClaw,RockSlide,Protect|Adamant||F|||50|]Basculegion||MysticWater|Adaptability|WaveCrash,LastRespects,AquaJet,Protect|Adamant||M|||50|
|showteam|p2|Pyroar||Pyroarite|Unnerve|HeatWave,Overheat,SolarBeam,Protect|Timid||F|||50|]Ninetales||ChoiceScarf|Drought|Overheat,HeatWave,Psyshock,SunnyDay|Modest||F|||50|]Corviknight||OccaBerry|MirrorArmor|Tailwind,BraveBird,Roost,Protect|Adamant||M|||50|]Garchomp||LifeOrb|RoughSkin|StompingTantrum,DragonClaw,RockSlide,Protect|Jolly||F|||50|]Sylveon||FairyFeather|Pixilate|HyperVoice,HyperBeam,QuickAttack,Detect|Modest||F|||50|]Farigiraf||SitrusBerry|ArmorTail|HyperVoice,Psychic,TrickRoom,HelpingHand|Modest||M|||50|
|inactive|Battle timer is ON: inactive players will automatically lose when time's up. (requested by jeanmape)
|
|t:|1782239320
|teamsize|p1|4
|teamsize|p2|4
|start
|switch|p1a: Whimsicott|Whimsicott, L50, F|100/100
|switch|p1b: Charizard|Charizard, L50, F|100/100
|switch|p2a: Farigiraf|Farigiraf, L50, M|100/100
|switch|p2b: Garchomp|Garchomp, L50, F|100/100
|turn|1
|inactive|Pepreinx has 30 seconds left.
|inactive|jeanmape has 30 seconds left.
|inactive|Pepreinx has 20 seconds left.
|inactive|jeanmape has 20 seconds left.
|inactive|Pepreinx has 15 seconds left.
|inactive|jeanmape has 15 seconds left.
|
|t:|1782239363
|switch|p1b: Garchomp|Garchomp, L50, F|100/100
|move|p2b: Garchomp|Protect|p2b: Garchomp
|-singleturn|p2b: Garchomp|Protect
|move|p1a: Whimsicott|Moonblast|p2b: Garchomp
|-activate|p2b: Garchomp|move: Protect
|move|p2a: Farigiraf|Trick Room|p2a: Farigiraf
|-fieldstart|move: Trick Room|[of] p2a: Farigiraf
|
|upkeep
|turn|2
|inactive|Pepreinx has 30 seconds left.
|inactive|jeanmape has 30 seconds left.
|
|t:|1782239394
|move|p1a: Whimsicott|Protect|p1a: Whimsicott
|-singleturn|p1a: Whimsicott|Protect
|move|p1b: Garchomp|Protect|p1b: Garchomp
|-singleturn|p1b: Garchomp|Protect
|move|p2a: Farigiraf|Hyper Voice|p1b: Garchomp|[spread] 
|-activate|p1a: Whimsicott|move: Protect
|-activate|p1b: Garchomp|move: Protect
|move|p2b: Garchomp|Dragon Claw|p1b: Garchomp
|-activate|p1b: Garchomp|move: Protect
|
|upkeep
|turn|3
|inactive|Pepreinx has 30 seconds left.
|
|t:|1782239425
|switch|p1b: Charizard|Charizard, L50, F|100/100
|move|p2a: Farigiraf|Hyper Voice|p1a: Whimsicott|[spread] p1a,p1b
|-damage|p1a: Whimsicott|49/100
|-damage|p1b: Charizard|70/100
|move|p1a: Whimsicott|Moonblast|p2b: Garchomp
|-supereffective|p2b: Garchomp|1
|-damage|p2b: Garchomp|25/100
|move|p2b: Garchomp|Dragon Claw|p1b: Charizard
|-damage|p1b: Charizard|15/100
|-damage|p2b: Garchomp|15/100|[from] item: Life Orb
|
|upkeep
|turn|4
|inactive|Pepreinx has 30 seconds left.
|inactive|jeanmape has 30 seconds left.
|inactive|Pepreinx has 20 seconds left.
|inactive|jeanmape has 20 seconds left.
|
|t:|1782239462
|move|p1b: Charizard|Protect|p1b: Charizard
|-singleturn|p1b: Charizard|Protect
|move|p2b: Garchomp|Protect|p2b: Garchomp
|-singleturn|p2b: Garchomp|Protect
|move|p2a: Farigiraf|Hyper Voice|p1b: Charizard|[spread] p1a
|-activate|p1b: Charizard|move: Protect
|-damage|p1a: Whimsicott|1/100
|move|p1a: Whimsicott|Moonblast|p2a: Farigiraf
|-damage|p2a: Farigiraf|68/100
|
|upkeep
|turn|5
|inactive|Pepreinx has 30 seconds left.
|inactive|Pepreinx has 20 seconds left.
|inactive|Pepreinx has 15 seconds left.
|inactive|Pepreinx has 10 seconds left.
|inactive|Pepreinx has 5 seconds left.
|
|t:|1782239515
|move|p1b: Charizard|Protect||[still]
|-fail|p1b: Charizard
|move|p1a: Whimsicott|Tailwind|p1a: Whimsicott
|-sidestart|p1: Pepreinx|move: Tailwind
|move|p2a: Farigiraf|Hyper Voice|p1b: Charizard|[spread] p1a,p1b
|-damage|p1a: Whimsicott|0 fnt
|-damage|p1b: Charizard|0 fnt
|faint|p1a: Whimsicott
|faint|p1b: Charizard
|move|p2b: Garchomp|Dragon Claw|p1: Whimsicott|[notarget]
|-fail|p2b: Garchomp
|
|-fieldend|move: Trick Room
|upkeep
|
|t:|1782239525
|switch|p1a: Garchomp|Garchomp, L50, F|100/100
|switch|p1b: Basculegion|Basculegion, L50, M|100/100
|turn|6
|
|t:|1782239540
|move|p1a: Garchomp|Rock Slide|p2a: Farigiraf|[spread] p2a,p2b
|-resisted|p2b: Garchomp|1
|-damage|p2a: Farigiraf|42/100
|-damage|p2b: Garchomp|1/100
|-enditem|p2a: Farigiraf|Sitrus Berry|[eat]
|-heal|p2a: Farigiraf|67/100|[from] item: Sitrus Berry
|-damage|p1a: Garchomp|90/100|[from] item: Life Orb
|move|p1b: Basculegion|Wave Crash|p2a: Farigiraf
|-damage|p2a: Farigiraf|0 fnt
|faint|p2a: Farigiraf
|-damage|p1b: Basculegion|74/100|[from] Recoil
|cant|p2b: Garchomp|flinch
|
|upkeep
|inactive|jeanmape has 30 seconds left.
|
|t:|1782239567
|switch|p2a: Pyroar|Pyroar, L50, F|100/100
|-ability|p2a: Pyroar|Unnerve
|turn|7
|
|t:|1782239575
|move|p2a: Pyroar|Protect|p2a: Pyroar
|-singleturn|p2a: Pyroar|Protect
|move|p1b: Basculegion|Aqua Jet|p2a: Pyroar
|-activate|p2a: Pyroar|move: Protect
|move|p1a: Garchomp|Rock Slide|p2b: Garchomp|[spread] p2b
|-activate|p2a: Pyroar|move: Protect
|-resisted|p2b: Garchomp|1
|-damage|p2b: Garchomp|0 fnt
|faint|p2b: Garchomp
|-damage|p1a: Garchomp|80/100|[from] item: Life Orb
|
|upkeep
|
|t:|1782239591
|switch|p2b: Ninetales|Ninetales, L50, F|100/100
|-weather|SunnyDay|[from] ability: Drought|[of] p2b: Ninetales
|turn|8
|inactive|jeanmape has 30 seconds left.
|
|t:|1782239617
|detailschange|p2a: Pyroar|Pyroar-Mega, L50, F
|-mega|p2a: Pyroar|Pyroar|Pyroarite
|move|p1a: Garchomp|Rock Slide|p2b: Ninetales|[spread] p2a,p2b
|-supereffective|p2a: Pyroar|1
|-supereffective|p2b: Ninetales|1
|-damage|p2a: Pyroar|37/100
|-damage|p2b: Ninetales|13/100
|-damage|p1a: Garchomp|71/100|[from] item: Life Orb
|move|p1b: Basculegion|Last Respects|p2a: Pyroar
|-immune|p2a: Pyroar
|cant|p2b: Ninetales|flinch
|move|p2a: Pyroar|Heat Wave|p1a: Garchomp|[spread] p1a,p1b
|-resisted|p1a: Garchomp|1
|-resisted|p1b: Basculegion|1
|-damage|p1a: Garchomp|27/100
|-damage|p1b: Basculegion|37/100
|-status|p1b: Basculegion|brn
|
|-weather|SunnyDay|[upkeep]
|-damage|p1b: Basculegion|31/100 brn|[from] brn
|-sideend|p1: Pepreinx|move: Tailwind
|upkeep
|turn|9
|inactive|Pepreinx has 30 seconds left.
|inactive|jeanmape has 30 seconds left.
|inactive|Pepreinx has 20 seconds left.
|inactive|jeanmape has 20 seconds left.
|inactive|Pepreinx has 15 seconds left.
|inactive|jeanmape has 15 seconds left.
|inactive|Pepreinx has 10 seconds left.
|inactive|Pepreinx has 5 seconds left.
|
|t:|1782239672
|move|p2a: Pyroar|Protect|p2a: Pyroar
|-singleturn|p2a: Pyroar|Protect
|move|p1a: Garchomp|Protect|p1a: Garchomp
|-singleturn|p1a: Garchomp|Protect
|move|p1b: Basculegion|Aqua Jet|p2a: Pyroar
|-activate|p2a: Pyroar|move: Protect
|move|p2b: Ninetales|Overheat|p1b: Basculegion
|-resisted|p1b: Basculegion|1
|-damage|p1b: Basculegion|0 fnt
|-unboost|p2b: Ninetales|spa|2
|faint|p1b: Basculegion
|
|-weather|SunnyDay|[upkeep]
|upkeep
|turn|10
|
|t:|1782239689
|move|p2b: Ninetales|Overheat|p1a: Garchomp
|-resisted|p1a: Garchomp|1
|-damage|p1a: Garchomp|3/100
|-unboost|p2b: Ninetales|spa|2
|move|p2a: Pyroar|Overheat|p1a: Garchomp
|-resisted|p1a: Garchomp|1
|-damage|p1a: Garchomp|0 fnt
|-unboost|p2a: Pyroar|spa|2
|faint|p1a: Garchomp
|
|win|jeanmape
|inactive|Pepreinx has 30 seconds to confirm battle start!
|inactive|jeanmape has 30 seconds to confirm battle start!
||Pepreinx is ready for game 3.
|inactive|jeanmape has 20 seconds to confirm battle start!
|inactive|jeanmape has 10 seconds to confirm battle start!
||jeanmape is ready for game 3.
|uhtml|next|Next: Game 3 of 3
