|j|☆squalogni
|j|☆GS Barnabe
|html|squalogniGS Barnabe    
|uhtml|bestof|Game 3 of a best-of-3
|t:|1785417808
|gametype|doubles
|player|p1|squalogni|169|1088
|player|p2|GS Barnabe|101|1064
|gen|9
|tier|[Gen 9 Champions] VGC 2026 Reg M-B (Bo3)
|rated|
|rule|Species Clause: Limit one of each Pokémon
|rule|Item Clause: Limit 1 of each item
|clearpoke
|poke|p1|Annihilape, L50, F|
|poke|p1|Incineroar, L50, F|
|poke|p1|Maushold-Four, L50|
|poke|p1|Garchomp, L50, M|
|poke|p1|Charizard, L50, M|
|poke|p1|Venusaur, L50, F|
|poke|p2|Meowstic, L50, M|
|poke|p2|Tyranitar, L50, F|
|poke|p2|Scovillain, L50, M|
|poke|p2|Houndstone, L50, M|
|poke|p2|Corviknight, L50, F|
|poke|p2|Garchomp, L50, F|
|teampreview|4
|showteam|p1|Annihilape||Leftovers|Defiant|Protect,DrainPunch,RageFist,BulkUp|Careful||F|||50|]Incineroar||SitrusBerry|Intimidate|FakeOut,FlareBlitz,ThroatChop,PartingShot|Impish||F|||50|]Maushold-Four||FocusSash|FriendGuard|FollowMe,Taunt,Protect,SuperFang|Calm|||||50|]Garchomp||LifeOrb|RoughSkin|RockSlide,Earthquake,DragonClaw,Protect|Jolly||M|||50|]Charizard||CharizarditeY|SolarPower|SolarBeam,HeatWave,WeatherBall,Protect|Timid||M|||50|]Venusaur||Venusaurite|Chlorophyll|SludgeBomb,EarthPower,SleepPowder,Protect|Calm||F|||50|
|showteam|p2|Meowstic||LightClay|Prankster|FakeOut,Reflect,LightScreen,PsychicNoise|Bold||M|||50|]Tyranitar||ChoiceScarf|SandStream|RockSlide,KnockOff,IcePunch,Superpower|Jolly||F|||50|]Scovillain||Scovillainite|Moody|Overheat,LeechSeed,RagePowder,Protect|Calm||M|||50|]Houndstone||SitrusBerry|SandRush|LastRespects,Disable,AllySwitch,Protect|Adamant||M|||50|]Corviknight||LifeOrb|MirrorArmor|IronHead,BraveBird,Tailwind,Protect|Adamant||F|||50|]Garchomp||Garchompite|RoughSkin|DracoMeteor,EarthPower,PowerGem,Protect|Modest||F|||50|
|
|t:|1785417832
|teamsize|p1|4
|teamsize|p2|4
|start
|switch|p1a: Annihilape|Annihilape, L50, F|100/100
|switch|p1b: Maushold|Maushold-Four, L50|100/100
|switch|p2a: Garchomp|Garchomp, L50, F|100/100
|switch|p2b: Meowstic|Meowstic, L50, M|100/100
|turn|1
|
|t:|1785417876
|detailschange|p2a: Garchomp|Garchomp-Mega, L50, F
|-mega|p2a: Garchomp|Garchomp|Garchompite
|move|p2b: Meowstic|Fake Out|p1b: Maushold
|-damage|p1b: Maushold|95/100
|move|p2a: Garchomp|Draco Meteor|p1a: Annihilape
|-damage|p1a: Annihilape|67/100
|-unboost|p2a: Garchomp|spa|2
|cant|p1b: Maushold|flinch
|move|p1a: Annihilape|Bulk Up|p1a: Annihilape
|-boost|p1a: Annihilape|atk|1
|-boost|p1a: Annihilape|def|1
|
|-heal|p1a: Annihilape|74/100|[from] item: Leftovers
|upkeep
|turn|2
|
|t:|1785417901
|switch|p2a: Tyranitar|Tyranitar, L50, F|100/100
|-weather|Sandstorm|[from] ability: Sand Stream|[of] p2a: Tyranitar
|move|p1b: Maushold|Follow Me|p1b: Maushold
|-singleturn|p1b: Maushold|move: Follow Me
|move|p2b: Meowstic|Reflect|p2b: Meowstic
|-sidestart|p2: GS Barnabe|Reflect
|move|p1a: Annihilape|Rage Fist|p2b: Meowstic
|-supereffective|p2b: Meowstic|1
|-damage|p2b: Meowstic|24/100
|
|-weather|Sandstorm|[upkeep]
|-damage|p1b: Maushold|89/100|[from] Sandstorm
|-damage|p2b: Meowstic|18/100|[from] Sandstorm
|-damage|p1a: Annihilape|67/100|[from] Sandstorm
|-heal|p1a: Annihilape|74/100|[from] item: Leftovers
|upkeep
|turn|3
|
|t:|1785417930
|move|p1b: Maushold|Follow Me|p1b: Maushold
|-singleturn|p1b: Maushold|move: Follow Me
|move|p2a: Tyranitar|Superpower|p1b: Maushold
|-supereffective|p1b: Maushold|1
|-damage|p1b: Maushold|6/100
|-unboost|p2a: Tyranitar|atk|1
|-unboost|p2a: Tyranitar|def|1
|move|p2b: Meowstic|Psychic Noise|p1b: Maushold
|-damage|p1b: Maushold|0 fnt
|faint|p1b: Maushold
|move|p1a: Annihilape|Drain Punch|p2a: Tyranitar
|-supereffective|p2a: Tyranitar|2
|-damage|p2a: Tyranitar|0 fnt
|-heal|p1a: Annihilape|100/100|[from] drain|[of] p2a: Tyranitar
|faint|p2a: Tyranitar
|
|-weather|Sandstorm|[upkeep]
|-damage|p2b: Meowstic|12/100|[from] Sandstorm
|-damage|p1a: Annihilape|93/100|[from] Sandstorm
|-heal|p1a: Annihilape|100/100|[from] item: Leftovers
|upkeep
|
|t:|1785417948
|switch|p1b: Charizard|Charizard, L50, M|100/100
|switch|p2a: Garchomp|Garchomp-Mega, L50, F|100/100
|turn|4
|
|t:|1785417976
|detailschange|p1b: Charizard|Charizard-Mega-Y, L50, M
|-mega|p1b: Charizard|Charizard|Charizardite Y
|-weather|SunnyDay|[from] ability: Drought|[of] p1b: Charizard
|move|p1b: Charizard|Protect|p1b: Charizard
|-singleturn|p1b: Charizard|Protect
|move|p2a: Garchomp|Power Gem|p1b: Charizard
|-activate|p1b: Charizard|move: Protect
|move|p2b: Meowstic|Psychic Noise|p1a: Annihilape
|-supereffective|p1a: Annihilape|1
|-damage|p1a: Annihilape|70/100
|-start|p1a: Annihilape|move: Heal Block
|move|p1a: Annihilape|Rage Fist|p2b: Meowstic
|-supereffective|p2b: Meowstic|1
|-damage|p2b: Meowstic|0 fnt
|faint|p2b: Meowstic
|
|-weather|SunnyDay|[upkeep]
|upkeep
|
|t:|1785417994
|switch|p2b: Houndstone|Houndstone, L50, M|100/100
|turn|5
|
|t:|1785418028
|move|p1b: Charizard|Weather Ball|p2b: Houndstone
|-damage|p2b: Houndstone|3/100
|-enditem|p2b: Houndstone|Sitrus Berry|[eat]
|-heal|p2b: Houndstone|28/100|[from] item: Sitrus Berry
|move|p2a: Garchomp|Earth Power|p1a: Annihilape
|-damage|p1a: Annihilape|41/100
|-unboost|p1a: Annihilape|spd|1
|-ability|p1a: Annihilape|Defiant|boost
|-boost|p1a: Annihilape|atk|2
|move|p1a: Annihilape|Rage Fist|p2b: Houndstone
|-supereffective|p2b: Houndstone|1
|-damage|p2b: Houndstone|0 fnt
|faint|p2b: Houndstone
|
|-weather|SunnyDay|[upkeep]
|-end|p1a: Annihilape|move: Heal Block
|upkeep
|turn|6
|
|t:|1785418054
|move|p1b: Charizard|Solar Beam||[still]
|-prepare|p1b: Charizard|Solar Beam
|-anim|p1b: Charizard|Solar Beam|p2a: Garchomp
|-damage|p2a: Garchomp|53/100
|move|p2a: Garchomp|Power Gem|p1b: Charizard
|-supereffective|p1b: Charizard|2
|-damage|p1b: Charizard|0 fnt
|faint|p1b: Charizard
|move|p1a: Annihilape|Rage Fist|p2a: Garchomp
|-damage|p2a: Garchomp|0 fnt
|faint|p2a: Garchomp
|
|win|squalogni
|raw|squalogni's rating: 1088 → 1113(+25 for winning)
|raw|GS Barnabe's rating: 1064 → 1046(-18 for losing)
|l|☆GS Barnabe
|player|p2|
|j|☆GS Barnabe
|player|p2|GS Barnabe|101|
