|j|☆SuprEpcGuy
|j|☆soohzabimaru
|html|SuprEpcGuysoohzabimaru    
|uhtml|bestof|Game 2 of a best-of-3
|t:|1784915301
|gametype|doubles
|player|p1|SuprEpcGuy|shauntal|1139
|player|p2|soohzabimaru|benga|1083
|gen|9
|tier|[Gen 9 Champions] VGC 2026 Reg M-B (Bo3)
|rated|
|rule|Species Clause: Limit one of each Pokémon
|rule|Item Clause: Limit 1 of each item
|clearpoke
|poke|p1|Zoroark-Hisui, L50, F|
|poke|p1|Torkoal, L50, M|
|poke|p1|Farigiraf, L50, M|
|poke|p1|Floette-Eternal, L50, F|
|poke|p1|Aerodactyl, L50, F|
|poke|p1|Incineroar, L50, F|
|poke|p2|Mawile, L50, F|
|poke|p2|Charizard, L50, F|
|poke|p2|Venusaur, L50, M|
|poke|p2|Torkoal, L50, F|
|poke|p2|Farigiraf, L50, F|
|poke|p2|Incineroar, L50, F|
|teampreview|4
|showteam|p1|Zoroark-Hisui||ChoiceScarf|Illusion|IcyWind,BitterMalice,HyperVoice,Extrasensory|Timid||F|||50|]Torkoal||Charcoal|Drought|Eruption,WeatherBall,EarthPower,Protect|Quiet||M|||50|]Farigiraf||ColburBerry|ArmorTail|Psychic,HyperVoice,TrickRoom,HelpingHand|Quiet||M|||50|]Floette-Eternal||Floettite|FlowerVeil|Moonblast,DazzlingGleam,LightofRuin,Protect|Timid||F|||50|]Aerodactyl||LifeOrb|Unnerve|RockSlide,IceFang,DualWingbeat,Protect|Jolly||F|||50|]Incineroar||SitrusBerry|Intimidate|FakeOut,DarkestLariat,FlareBlitz,PartingShot|Adamant||F|||50|
|showteam|p2|Mawile||Mawilite|HyperCutter|Protect,PlayRough,SuckerPunch,IronHead|Brave||F|||50|]Charizard||CharizarditeY|Blaze|Protect,HeatWave,SolarBeam,WeatherBall|Modest||F|||50|]Venusaur||FocusSash|Chlorophyll|Protect,SleepPowder,SludgeBomb,EarthPower|Modest||M|||50|]Torkoal||Charcoal|Drought|Protect,Eruption,EarthPower,WeatherBall|Quiet||F|||50|]Farigiraf||SitrusBerry|ArmorTail|Psychic,HelpingHand,TrickRoom,Thunderbolt|Bold||F|||50|]Incineroar||PasshoBerry|Intimidate|FakeOut,FlareBlitz,ThroatChop,PartingShot|Impish||F|||50|
|inactive|Battle timer is ON: inactive players will automatically lose when time's up. (requested by SuprEpcGuy)
|
|t:|1784915328
|teamsize|p1|4
|teamsize|p2|4
|start
|switch|p1a: Steve|Aerodactyl, L50, F|100/100
|switch|p1b: Floette|Floette-Eternal, L50, F|100/100
|switch|p2a: Mawile|Mawile, L50, F|100/100
|switch|p2b: Incineroar|Incineroar, L50, F|100/100
|-ability|p2b: Incineroar|Intimidate|boost
|-unboost|p1a: Steve|atk|1
|-unboost|p1b: Floette|atk|1
|turn|1
|
|t:|1784915353
|switch|p1b: Big Purr|Incineroar, L50, F|100/100
|-ability|p1b: Big Purr|Intimidate|boost
|-fail|p2a: Mawile|unboost|Attack|[from] ability: Hyper Cutter|[of] p2a: Mawile
|-unboost|p2b: Incineroar|atk|1
|switch|p2b: Farigiraf|Farigiraf, L50, F|100/100
|detailschange|p2a: Mawile|Mawile-Mega, L50, F
|-mega|p2a: Mawile|Mawile|Mawilite
|move|p2a: Mawile|Sucker Punch||[still]
|-fail|p2a: Mawile
|move|p1a: Steve|Bitter Malice|p2a: Mawile
|-damage|p2a: Mawile|51/100
|-unboost|p2a: Mawile|atk|1
|
|upkeep
|turn|2
|inactive|SuprEpcGuy has 30 seconds left.
|
|t:|1784915380
|move|p2a: Mawile|Sucker Punch|p1a: Steve
|-supereffective|p1a: Steve|1
|-damage|p1a: Steve|0 fnt
|replace|p1a: Boo|Zoroark-Hisui, L50, F
|-end|p1a: Boo|Illusion
|faint|p1a: Boo
|move|p1b: Big Purr|Darkest Lariat|p2a: Mawile
|-resisted|p2a: Mawile|1
|-damage|p2a: Mawile|28/100
|move|p2b: Farigiraf|Trick Room|p2b: Farigiraf
|-fieldstart|move: Trick Room|[of] p2b: Farigiraf
|
|upkeep
|
|t:|1784915391
|switch|p1a: Steve|Aerodactyl, L50, F|100/100
|-ability|p1a: Steve|Unnerve
|turn|3
|
|t:|1784915408
|switch|p2b: Incineroar|Incineroar, L50, F|100/100
|-ability|p2b: Incineroar|Intimidate|boost
|-unboost|p1a: Steve|atk|1
|-unboost|p1b: Big Purr|atk|1
|move|p2a: Mawile|Protect|p2a: Mawile
|-singleturn|p2a: Mawile|Protect
|move|p1a: Steve|Protect|p1a: Steve
|-singleturn|p1a: Steve|Protect
|move|p1b: Big Purr|Flare Blitz|p2a: Mawile
|-activate|p2a: Mawile|move: Protect
|
|upkeep
|turn|4
|
|t:|1784915425
|move|p2b: Incineroar|Fake Out|p1b: Big Purr
|-crit|p1b: Big Purr
|-damage|p1b: Big Purr|84/100
|move|p2a: Mawile|Iron Head|p1a: Steve
|-supereffective|p1a: Steve|1
|-damage|p1a: Steve|0 fnt
|faint|p1a: Steve
|cant|p1b: Big Purr|flinch
|
|upkeep
|
|t:|1784915430
|switch|p1a: Floette|Floette-Eternal, L50, F|100/100
|turn|5
|inactive|SuprEpcGuy has 30 seconds left.
|
|t:|1784915462
|detailschange|p1a: Floette|Floette-Mega, L50, F
|-mega|p1a: Floette|Floette|Floettite
|-ability|p1a: Floette|Fairy Aura
|move|p2a: Mawile|Iron Head|p1a: Floette
|-supereffective|p1a: Floette|1
|-crit|p1a: Floette
|-damage|p1a: Floette|0 fnt
|faint|p1a: Floette
|move|p2b: Incineroar|Parting Shot|p1b: Big Purr
|-unboost|p1b: Big Purr|atk|1
|-unboost|p1b: Big Purr|spa|1
|
|t:|1784915471
|switch|p2b: Farigiraf|Farigiraf, L50, F|100/100|[from] Parting Shot
|move|p1b: Big Purr|Flare Blitz|p2b: Farigiraf
|-crit|p2b: Farigiraf
|-damage|p2b: Farigiraf|30/100
|-enditem|p2b: Farigiraf|Sitrus Berry|[eat]
|-heal|p2b: Farigiraf|55/100|[from] item: Sitrus Berry
|-damage|p1b: Big Purr|59/100|[from] Recoil
|
|upkeep
|turn|6
|-message|SuprEpcGuy forfeited.
|
|win|soohzabimaru
