|j|â˜†senhoritalo_test_r
|j|â˜†AngrrryGuy
|html|senhoritalo_test_rAngrrryGuy    
|uhtml|bestof|Game 2 of a best-of-3
|t:|1757682067
|gametype|doubles
|player|p1|senhoritalo_test_r|102|1088
|player|p2|AngrrryGuy|1|1086
|gen|9
|tier|[Gen 9] VGC 2025 Reg H (Bo3)
|rated|
|rule|Species Clause: Limit one of each PokÃ©mon
|rule|Item Clause: Limit 1 of each item
|clearpoke
|poke|p1|Whimsicott, L50, F|
|poke|p1|Garchomp, L50, F|
|poke|p1|Gholdengo, L50|
|poke|p1|Incineroar, L50, F|
|poke|p1|Sneasler, L50, F|
|poke|p1|Dragonite, L50, M|
|poke|p2|Dusclops, L50, M|
|poke|p2|Exeggutor-Alola, L50, M|
|poke|p2|Arcanine-Hisui, L50, F|
|poke|p2|Amoonguss, L50, F|
|poke|p2|Araquanid, L50, M|
|poke|p2|Conkeldurr, L50, F|
|teampreview|4
|showteam|p1|Whimsicott||FocusSash|Prankster|Moonblast,Tailwind,Encore,Protect|||F|||50|,,,,,Ghost]Garchomp||LifeOrb|RoughSkin|Earthquake,DragonClaw,StompingTantrum,Protect|||F|||50|,,,,,Ground]Gholdengo||ChoiceSpecs|GoodasGold|MakeItRain,ShadowBall,Trick,Protect||||||50|,,,,,Steel]Incineroar||AssaultVest|Intimidate|FakeOut,FlareBlitz,KnockOff,Uturn|||F|||50|,,,,,Grass]Sneasler||WhiteHerb|Unburden|FakeOut,DireClaw,CloseCombat,Protect|||F|||50|,,,,,Stellar]Dragonite||ChoiceBand|InnerFocus|ExtremeSpeed,Outrage,IceSpinner,StompingTantrum|||M|||50|,,,,,Normal
|showteam|p2|Dusclops||Eviolite|Pressure|TrickRoom,HelpingHand,Haze,Protect|||M|||50|,,,,,Dark]Exeggutor-Alola||SitrusBerry|Harvest|GigaDrain,CalmMind,DragonPulse,DracoMeteor|||M|||50|,,,,,Fire]Arcanine-Hisui||AssaultVest|Intimidate|Snarl,RockSlide,FlareBlitz,CloseCombat|||F|||50|,,,,,Dragon]Amoonguss||MentalHerb|EffectSpore|RagePowder,PollenPuff,SludgeBomb,Spore|||F|||50|,,,,,Water]Araquanid||CovertCloak|WaterBubble|Liquidation,StickyWeb,Protect,IcyWind|||M|||50|,,,,,Water]Conkeldurr||FlameOrb|Guts|Detect,Facade,KnockOff,CloseCombat|||F|||50|,,,,,Fighting
|inactive|Battle timer is ON: inactive players will automatically lose when time's up. (requested by AngrrryGuy)
|inactive|senhoritalo_test_r has 60 seconds left.
|inactive|AngrrryGuy has 60 seconds left.
|
|t:|1757682125
|teamsize|p1|4
|teamsize|p2|4
|start
|switch|p1a: Incineroar|Incineroar, L50, F|100/100
|switch|p1b: Garchomp|Garchomp, L50, F|100/100
|switch|p2a: Dusclops|Dusclops, L50, M|100/100
|switch|p2b: Amoonguss|Amoonguss, L50, F|100/100
|-ability|p1a: Incineroar|Intimidate|boost
|-unboost|p2a: Dusclops|atk|1
|-unboost|p2b: Amoonguss|atk|1
|-ability|p2a: Dusclops|Pressure
|turn|1
|l|â˜†senhoritalo_test_r
|inactive|senhoritalo_test_r disconnected and has a minute to reconnect!
|player|p1|
|inactive|senhoritalo_test_r has 30 seconds left.
|j|â˜†senhoritalo_test_r
|inactive|senhoritalo_test_r reconnected and has 25 seconds left.
|player|p1|senhoritalo_test_r|102|
|inactive|senhoritalo_test_r has 20 seconds left.
|
|t:|1757682163
|move|p1b: Garchomp|Dragon Claw|p2b: Amoonguss
|-damage|p2b: Amoonguss|52/100
|-damage|p1b: Garchomp|91/100|[from] item: Life Orb
|move|p1a: Incineroar|Flare Blitz|p2b: Amoonguss
|-supereffective|p2b: Amoonguss
|-damage|p2b: Amoonguss|0 fnt
|faint|p2b: Amoonguss
|-damage|p1a: Incineroar|82/100|[from] Recoil
|move|p2a: Dusclops|Trick Room|p2a: Dusclops
|-fieldstart|move: Trick Room|[of] p2a: Dusclops
|
|upkeep
|
|t:|1757682180
|switch|p2b: Conkeldurr|Conkeldurr, L50, F|100/100
|turn|2
|inactive|AngrrryGuy has 30 seconds left.
|
|t:|1757682211
|switch|p2a: Araquanid|Araquanid, L50, M|100/100
|move|p2b: Conkeldurr|Detect|p2b: Conkeldurr
|-singleturn|p2b: Conkeldurr|Protect
|move|p1b: Garchomp|Protect|p1b: Garchomp
|-singleturn|p1b: Garchomp|Protect
|move|p1a: Incineroar|U-turn|p2a: Araquanid
|-damage|p2a: Araquanid|81/100
|
|t:|1757682221
|switch|p1a: Whimsicott|Whimsicott, L50, F, shiny|100/100|[from] U-turn
|
|-status|p2b: Conkeldurr|brn|[from] item: Flame Orb
|upkeep
|turn|3
|
|t:|1757682244
|move|p1a: Whimsicott|Encore|p2b: Conkeldurr
|-start|p2b: Conkeldurr|Encore
|move|p2a: Araquanid|Icy Wind|p1b: Garchomp|[spread] p1a,p1b
|-supereffective|p1a: Whimsicott
|-supereffective|p1b: Garchomp
|-damage|p1a: Whimsicott|81/100
|-damage|p1b: Garchomp|63/100
|-unboost|p1a: Whimsicott|spe|1
|-unboost|p1b: Garchomp|spe|1
|move|p2b: Conkeldurr|Detect|p2b: Conkeldurr
|-singleturn|p2b: Conkeldurr|Protect
|move|p1b: Garchomp|Dragon Claw|p2a: Araquanid
|-damage|p2a: Araquanid|26/100
|-damage|p1b: Garchomp|54/100|[from] item: Life Orb
|
|-damage|p2b: Conkeldurr|94/100 brn|[from] brn
|upkeep
|turn|4
|
|t:|1757682263
|switch|p2b: Dusclops|Dusclops, L50, M|100/100
|-ability|p2b: Dusclops|Pressure
|switch|p1b: Incineroar|Incineroar, L50, F|82/100
|-ability|p1b: Incineroar|Intimidate|boost
|-unboost|p2a: Araquanid|atk|1
|-unboost|p2b: Dusclops|atk|1
|move|p2a: Araquanid|Protect|p2a: Araquanid
|-singleturn|p2a: Araquanid|Protect
|move|p1a: Whimsicott|Encore|p2a: Araquanid
|-activate|p2a: Araquanid|move: Protect
|
|upkeep
|turn|5
|inactive|AngrrryGuy has 30 seconds left.
|
|t:|1757682296
|switch|p2a: Conkeldurr|Conkeldurr, L50, F|94/100 brn
|move|p1a: Whimsicott|Encore||[still]
|-fail|p1a: Whimsicott
|move|p1b: Incineroar|Knock Off|p2b: Dusclops
|-supereffective|p2b: Dusclops
|-crit|p2b: Dusclops
|-damage|p2b: Dusclops|31/100
|-enditem|p2b: Dusclops|Eviolite|[from] move: Knock Off|[of] p1b: Incineroar
|move|p2b: Dusclops|Trick Room|p2b: Dusclops
|-fieldend|move: Trick Room
|
|-damage|p2a: Conkeldurr|88/100 brn|[from] brn
|upkeep
|turn|6
|
|t:|1757682317
|move|p2b: Dusclops|Protect|p2b: Dusclops
|-singleturn|p2b: Dusclops|Protect
|move|p1a: Whimsicott|Moonblast|p2a: Conkeldurr
|-supereffective|p2a: Conkeldurr
|-damage|p2a: Conkeldurr|11/100 brn
|move|p1b: Incineroar|Knock Off|p2b: Dusclops
|-activate|p2b: Dusclops|move: Protect
|move|p2a: Conkeldurr|Facade|p1a: Whimsicott
|-damage|p1a: Whimsicott|0 fnt
|faint|p1a: Whimsicott
|
|-damage|p2a: Conkeldurr|5/100 brn|[from] brn
|upkeep
|
|t:|1757682333
|switch|p1a: Garchomp|Garchomp, L50, F|54/100
|turn|7
|-message|AngrrryGuy forfeited.
|
|win|senhoritalo_test_r
|l|â˜†AngrrryGuy
|player|p2|
||AngrrryGuy is ready for game 3.
||senhoritalo_test_r is ready for game 3.
|uhtml|next|Next: Game 3 of 3
