|j|☆BlackStag52
|j|☆Ashishks
|html|BlackStag52Ashishks    
|uhtml|bestof|Game 2 of a best-of-3
|t:|1782189668
|gametype|doubles
|player|p1|BlackStag52|lebanne|1106
|player|p2|Ashishks|2|1158
|gen|9
|tier|[Gen 9 Champions] VGC 2026 Reg M-B (Bo3)
|rated|
|rule|Species Clause: Limit one of each Pokémon
|rule|Item Clause: Limit 1 of each item
|clearpoke
|poke|p1|Garchomp, L50, M|
|poke|p1|Eelektross, L50, M|
|poke|p1|Sinistcha, L50|
|poke|p1|Primarina, L50, M|
|poke|p1|Vivillon-High Plains, L50, F|
|poke|p1|Sneasler, L50, F|
|poke|p2|Raichu, L50, M|
|poke|p2|Jolteon, L50, M|
|poke|p2|Basculegion, L50, M|
|poke|p2|Sceptile, L50, M|
|poke|p2|Gholdengo, L50|
|poke|p2|Rotom-Heat, L50|
|teampreview|4
|showteam|p1|Garchomp||LifeOrb|RoughSkin|DragonClaw,Earthquake,Protect,RockSlide|Impish||M|||50|]Eelektross||Eelektrossite|Levitate|GrassKnot,Thunderbolt,Protect,Flamethrower|Modest||M|||50|]Sinistcha||KasibBerry|Hospitality|MatchaGotcha,RagePowder,TrickRoom,LifeDew|Bold|||||50|]Primarina||FairyFeather|LiquidVoice|DazzlingGleam,EnergyBall,HyperVoice,Protect|Modest||M|||50|]Vivillon-High Plains||FocusSash|FriendGuard|Tailwind,AirSlash,PollenPuff,Protect|Timid||F|||50|]Sneasler||WhiteHerb|Unburden|FakeOut,CloseCombat,DireClaw,Protect|Adamant||F|||50|
|showteam|p2|Raichu||RaichuniteX|Static|VoltTackle,FakeOut,Discharge,GrassKnot|Jolly||M|||50|]Jolteon||LifeOrb|VoltAbsorb|Electroweb,ChargeBeam,Protect,RisingVoltage|Timid||M|||50|]Basculegion||SitrusBerry|Adaptability|WaveCrash,LastRespects,AquaJet,FlipTurn|Jolly||M|||50|]Sceptile||Sceptilite|Overgrow|EarthPower,LeafStorm,Protect,DragonPulse|Timid||M|||50|]Gholdengo||MetalCoat|GoodasGold|MakeItRain,PowerGem,ShadowBall,Protect|Timid|||||50|]Rotom-Heat||ChoiceScarf|Levitate|Discharge,Overheat,Trick,VoltSwitch|Timid|||||50|
|inactive|Battle timer is ON: inactive players will automatically lose when time's up. (requested by Ashishks)
|inactive|BlackStag52 has 60 seconds left.
|
|t:|1782189721
|teamsize|p1|4
|teamsize|p2|4
|start
|switch|p1a: Vivillon|Vivillon-High Plains, L50, F|100/100
|switch|p1b: Sneasler|Sneasler, L50, F|100/100
|switch|p2a: Sceptile|Sceptile, L50, M|100/100
|switch|p2b: Rotom|Rotom-Heat, L50|100/100
|turn|1
|inactive|Ashishks has 30 seconds left.
|inactive|Ashishks has 20 seconds left.
|
|t:|1782189761
|detailschange|p2a: Sceptile|Sceptile-Mega, L50, M
|-mega|p2a: Sceptile|Sceptile|Sceptilite
|move|p2a: Sceptile|Protect|p2a: Sceptile
|-singleturn|p2a: Sceptile|Protect
|move|p1b: Sneasler|Fake Out|p2a: Sceptile
|-activate|p2a: Sceptile|move: Protect
|move|p2b: Rotom|Discharge|p1a: Vivillon|[spread] p1a,p1b
|-activate|p2a: Sceptile|move: Protect
|-supereffective|p1a: Vivillon|1
|-damage|p1a: Vivillon|3/100
|-damage|p1b: Sneasler|70/100
|-status|p1b: Sneasler|par
|move|p1a: Vivillon|Tailwind|p1a: Vivillon
|-sidestart|p1: BlackStag52|move: Tailwind
|
|upkeep
|turn|2
|inactive|Ashishks has 30 seconds left.
|inactive|Ashishks has 20 seconds left.
|inactive|Ashishks has 15 seconds left.
|inactive|Ashishks has 10 seconds left.
|
|t:|1782189806
|move|p1a: Vivillon|Air Slash|p2a: Sceptile
|-supereffective|p2a: Sceptile|1
|-damage|p2a: Sceptile|18/100
|move|p2b: Rotom|Discharge|p1a: Vivillon|[spread] p1a,p1b
|-ability|p2a: Sceptile|Lightning Rod|boost
|-boost|p2a: Sceptile|spa|1
|-supereffective|p1a: Vivillon|1
|-damage|p1a: Vivillon|0 fnt
|-damage|p1b: Sneasler|43/100 par
|faint|p1a: Vivillon
|cant|p2a: Sceptile|flinch
|move|p1b: Sneasler|Dire Claw|p2a: Sceptile
|-supereffective|p2a: Sceptile|1
|-damage|p2a: Sceptile|0 fnt
|faint|p2a: Sceptile
|
|upkeep
|
|t:|1782189825
|switch|p2a: Gholdengo|Gholdengo, L50|100/100
|switch|p1a: Eelektross|Eelektross, L50, M|100/100
|turn|3
|
|t:|1782189841
|switch|p2b: Basculegion|Basculegion, L50, M|100/100
|detailschange|p1a: Eelektross|Eelektross-Mega, L50, M
|-mega|p1a: Eelektross|Eelektross|Eelektrossite
|move|p2a: Gholdengo|Protect|p2a: Gholdengo
|-singleturn|p2a: Gholdengo|Protect
|move|p1a: Eelektross|Flamethrower|p2a: Gholdengo
|-activate|p2a: Gholdengo|move: Protect
|cant|p1b: Sneasler|par
|
|upkeep
|turn|4
|
|t:|1782189865
|switch|p2a: Rotom|Rotom-Heat, L50|100/100
|move|p1b: Sneasler|Protect|p1b: Sneasler
|-singleturn|p1b: Sneasler|Protect
|move|p1a: Eelektross|Thunderbolt|p2b: Basculegion
|-supereffective|p2b: Basculegion|1
|-damage|p2b: Basculegion|12/100
|-enditem|p2b: Basculegion|Sitrus Berry|[eat]
|-heal|p2b: Basculegion|37/100|[from] item: Sitrus Berry
|move|p2b: Basculegion|Wave Crash|p1a: Eelektross
|-damage|p1a: Eelektross|35/100
|-damage|p2b: Basculegion|19/100|[from] Recoil
|
|-sideend|p1: BlackStag52|move: Tailwind
|upkeep
|turn|5
|inactive|BlackStag52 has 30 seconds left.
|inactive|Ashishks has 30 seconds left.
|inactive|Ashishks has 20 seconds left.
|inactive|Ashishks has 15 seconds left.
|inactive|Ashishks has 10 seconds left.
|inactive|Ashishks has 5 seconds left.
|
|t:|1782189915
|switch|p1b: Sinistcha|Sinistcha, L50|100/100
|-heal|p1a: Eelektross|60/100|[from] ability: Hospitality|[of] p1b: Sinistcha
|move|p2b: Basculegion|Aqua Jet|p1a: Eelektross
|-damage|p1a: Eelektross|39/100
|move|p2a: Rotom|Trick|p1b: Sinistcha
|-activate|p2a: Rotom|move: Trick|[of] p1b: Sinistcha
|-item|p1b: Sinistcha|Choice Scarf|[from] move: Trick
|-item|p2a: Rotom|Kasib Berry|[from] move: Trick
|move|p1a: Eelektross|Thunderbolt|p2b: Basculegion
|-supereffective|p2b: Basculegion|1
|-damage|p2b: Basculegion|0 fnt
|faint|p2b: Basculegion
|-ability|p1a: Eelektross|Eelevate|boost
|-boost|p1a: Eelektross|spa|1
|
|upkeep
|
|t:|1782189931
|switch|p2b: Gholdengo|Gholdengo, L50|100/100
|turn|6
|
|t:|1782189948
|move|p2b: Gholdengo|Protect|p2b: Gholdengo
|-singleturn|p2b: Gholdengo|Protect
|move|p2a: Rotom|Overheat|p1a: Eelektross
|-damage|p1a: Eelektross|0 fnt
|-unboost|p2a: Rotom|spa|2
|faint|p1a: Eelektross
|move|p1b: Sinistcha|Life Dew||[still]
|-fail|p1b: Sinistcha|heal
|
|upkeep
|
|t:|1782189955
|switch|p1a: Sneasler|Sneasler, L50, F|43/100 par
|turn|7
|-message|BlackStag52 forfeited.
|
|win|Ashishks
