|j|☆The median voter
|j|☆toobadforalt
|html|The median votertoobadforalt    
|uhtml|bestof|Game 3 of a best-of-3
|t:|1757798490
|gametype|doubles
|player|p1|The median voter|scientist-gen4dp|1305
|player|p2|toobadforalt|2|1260
|gen|9
|tier|[Gen 9] VGC 2025 Reg H (Bo3)
|rated|
|rule|Species Clause: Limit one of each Pokémon
|rule|Item Clause: Limit 1 of each item
|clearpoke
|poke|p1|Archaludon, L50, M|
|poke|p1|Dragonite, L50, F|
|poke|p1|Pelipper, L50, M|
|poke|p1|Ursaluna, L50, M|
|poke|p1|Sinistcha, L50|
|poke|p1|Gholdengo, L50|
|poke|p2|Dragapult, L50, M|
|poke|p2|Magmar, L50, F|
|poke|p2|Rillaboom, L50, F|
|poke|p2|Kingambit, L50, M|
|poke|p2|Sneasler, L50, M|
|poke|p2|Milotic, L50, F|
|teampreview|4
|showteam|p1|Archaludon||AssaultVest|Stamina|FlashCannon,BodyPress,ElectroShot,Snarl|||M|||50|,,,,,Fighting]Dragonite||LoadedDice|Multiscale|ScaleShot,Tailwind,Haze,Protect|||F|||50|,,,,,Steel]Pelipper||FocusSash|Drizzle|MuddyWater,Hurricane,Tailwind,Protect|||M|||50|,,,,,Ghost]Ursaluna||FlameOrb|Guts|Facade,HeadlongRush,Earthquake,Protect|||M|||50|,,,,,Ghost]Sinistcha||SitrusBerry|Hospitality|MatchaGotcha,LifeDew,RagePowder,TrickRoom||||||50|,,,,,Dark]Gholdengo||ChoiceScarf|GoodasGold|MakeItRain,ShadowBall,Trick,Protect||||||50|,,,,,Flying
|showteam|p2|Dragapult||ChoiceBand|ClearBody|DragonDarts,Uturn,PhantomForce,TeraBlast|||M|||50|,,,,,Ghost]Magmar||Eviolite|VitalSpirit|FollowMe,Overheat,Taunt,WillOWisp|||F|||50|,,,,,Ghost]Rillaboom||AssaultVest|GrassySurge|FakeOut,WoodHammer,GrassyGlide,HighHorsepower|||F|||50|,,,,,Fire]Kingambit||SafetyGoggles|Defiant|SwordsDance,KowtowCleave,SuckerPunch,Protect|||M|||50|,,,,,Flying]Sneasler||FocusSash|Unburden|FakeOut,DireClaw,CloseCombat,Protect|||M|||50|,,,,,Stellar]Milotic||Leftovers|Competitive|Scald,IcyWind,Haze,Protect|||F|||50|,,,,,Grass
|
|t:|1757798504
|teamsize|p1|4
|teamsize|p2|4
|start
|switch|p1a: Archaludon|Archaludon, L50, M|100/100
|switch|p1b: Dragonite|Dragonite, L50, F|100/100
|switch|p2a: Dragapult|Dragapult, L50, M|100/100
|switch|p2b: Kingambit|Kingambit, L50, M|100/100
|turn|1
|
|t:|1757798537
|-terastallize|p2a: Dragapult|Ghost
|-terastallize|p1b: Dragonite|Steel
|move|p2b: Kingambit|Sucker Punch||[still]
|-fail|p2b: Kingambit
|move|p2a: Dragapult|Tera Blast|p1b: Dragonite|[anim] Tera Blast Ghost
|-damage|p1b: Dragonite|54/100
|move|p1b: Dragonite|Tailwind|p1b: Dragonite
|-sidestart|p1: The median voter|move: Tailwind
|move|p1a: Archaludon|Body Press|p2b: Kingambit
|-supereffective|p2b: Kingambit
|-damage|p2b: Kingambit|23/100
|
|upkeep
|turn|2
|
|t:|1757798564
|move|p1b: Dragonite|Protect|p1b: Dragonite
|-singleturn|p1b: Dragonite|Protect
|move|p2b: Kingambit|Protect|p2b: Kingambit
|-singleturn|p2b: Kingambit|Protect
|move|p1a: Archaludon|Body Press|p2b: Kingambit
|-activate|p2b: Kingambit|move: Protect
|move|p2a: Dragapult|Tera Blast|p1b: Dragonite|[anim] Tera Blast Ghost
|-activate|p1b: Dragonite|move: Protect
|
|upkeep
|turn|3
|
|t:|1757798588
|move|p2b: Kingambit|Sucker Punch|p1b: Dragonite
|-damage|p1b: Dragonite|5/100
|move|p1b: Dragonite|Scale Shot|p2a: Dragapult
|-damage|p2a: Dragapult|80/100
|-damage|p2a: Dragapult|58/100
|-damage|p2a: Dragapult|38/100
|-damage|p2a: Dragapult|17/100
|-hitcount|p2a: Dragapult|4
|-unboost|p1b: Dragonite|def|1
|-boost|p1b: Dragonite|spe|1
|move|p1a: Archaludon|Body Press|p2b: Kingambit
|-supereffective|p2b: Kingambit
|-damage|p2b: Kingambit|0 fnt
|faint|p2b: Kingambit
|move|p2a: Dragapult|Tera Blast|p1b: Dragonite|[anim] Tera Blast Ghost
|-damage|p1b: Dragonite|0 fnt
|faint|p1b: Dragonite
|
|upkeep
|
|t:|1757798606
|switch|p1b: Ursaluna|Ursaluna, L50, M|100/100
|switch|p2b: Sneasler|Sneasler, L50, M|100/100
|turn|4
|
|t:|1757798636
|switch|p2a: Rillaboom|Rillaboom, L50, F|100/100
|-fieldstart|move: Grassy Terrain|[from] ability: Grassy Surge|[of] p2a: Rillaboom
|move|p2b: Sneasler|Protect|p2b: Sneasler
|-singleturn|p2b: Sneasler|Protect
|move|p1a: Archaludon|Flash Cannon|p2b: Sneasler
|-activate|p2b: Sneasler|move: Protect
|move|p1b: Ursaluna|Earthquake|p2b: Sneasler|[spread] p1a,p2a
|-activate|p2b: Sneasler|move: Protect
|-supereffective|p1a: Archaludon
|-resisted|p2a: Rillaboom
|-damage|p1a: Archaludon|73/100
|-damage|p2a: Rillaboom|89/100
|-ability|p1a: Archaludon|Stamina|boost
|-boost|p1a: Archaludon|def|1
|
|-heal|p1a: Archaludon|79/100|[from] Grassy Terrain
|-heal|p2a: Rillaboom|95/100|[from] Grassy Terrain
|-sideend|p1: The median voter|move: Tailwind
|-status|p1b: Ursaluna|brn|[from] item: Flame Orb
|upkeep
|turn|5
|
|t:|1757798666
|switch|p1b: Sinistcha|Sinistcha, L50|100/100
|-heal|p1a: Archaludon|100/100|[from] ability: Hospitality|[of] p1b: Sinistcha
|move|p2b: Sneasler|Close Combat|p1a: Archaludon
|-supereffective|p1a: Archaludon
|-damage|p1a: Archaludon|46/100
|-unboost|p2b: Sneasler|def|1
|-unboost|p2b: Sneasler|spd|1
|-ability|p1a: Archaludon|Stamina|boost
|-boost|p1a: Archaludon|def|1
|move|p2a: Rillaboom|Wood Hammer|p1b: Sinistcha
|-resisted|p1b: Sinistcha
|-damage|p1b: Sinistcha|65/100
|-damage|p2a: Rillaboom|84/100|[from] Recoil
|move|p1a: Archaludon|Body Press|p2a: Rillaboom
|-damage|p2a: Rillaboom|36/100
|
|-heal|p2a: Rillaboom|43/100|[from] Grassy Terrain
|-heal|p1a: Archaludon|52/100|[from] Grassy Terrain
|-heal|p1b: Sinistcha|71/100|[from] Grassy Terrain
|upkeep
|turn|6
|
|t:|1757798683
|switch|p1b: Ursaluna|Ursaluna, L50, M|100/100 brn
|move|p2b: Sneasler|Dire Claw|p1b: Ursaluna
|-resisted|p1b: Ursaluna
|-damage|p1b: Ursaluna|86/100 brn
|move|p2a: Rillaboom|High Horsepower|p1a: Archaludon
|-supereffective|p1a: Archaludon
|-damage|p1a: Archaludon|31/100
|-ability|p1a: Archaludon|Stamina|boost
|-boost|p1a: Archaludon|def|1
|move|p1a: Archaludon|Body Press|p2a: Rillaboom
|-damage|p2a: Rillaboom|0 fnt
|faint|p2a: Rillaboom
|
|-heal|p1a: Archaludon|38/100|[from] Grassy Terrain
|-heal|p1b: Ursaluna|91/100 brn|[from] Grassy Terrain
|-damage|p1b: Ursaluna|86/100 brn|[from] brn
|upkeep
|
|t:|1757798699
|switch|p2a: Dragapult|Dragapult, L50, M, tera:Ghost|17/100
|turn|7
|
|t:|1757798710
|switch|p1b: Sinistcha|Sinistcha, L50|71/100
|-heal|p1a: Archaludon|62/100|[from] ability: Hospitality|[of] p1b: Sinistcha
|move|p2a: Dragapult|Tera Blast|p1a: Archaludon|[anim] Tera Blast Ghost
|-damage|p1a: Archaludon|39/100
|-ability|p1a: Archaludon|Stamina|boost
|-boost|p1a: Archaludon|def|1
|move|p2b: Sneasler|Close Combat|p1b: Sinistcha
|-immune|p1b: Sinistcha
|move|p1a: Archaludon|Snarl|p2b: Sneasler|[spread] p2a,p2b
|-supereffective|p2a: Dragapult
|-resisted|p2b: Sneasler
|-damage|p2a: Dragapult|0 fnt
|-damage|p2b: Sneasler|88/100
|-unboost|p2b: Sneasler|spa|1
|faint|p2a: Dragapult
|
|-heal|p2b: Sneasler|94/100|[from] Grassy Terrain
|-heal|p1a: Archaludon|45/100|[from] Grassy Terrain
|-heal|p1b: Sinistcha|77/100|[from] Grassy Terrain
|upkeep
|turn|8
|
|t:|1757798725
|switch|p1b: Ursaluna|Ursaluna, L50, M|86/100 brn
|move|p2b: Sneasler|Dire Claw|p1b: Ursaluna
|-resisted|p1b: Ursaluna
|-damage|p1b: Ursaluna|69/100 brn
|move|p1a: Archaludon|Body Press|p2b: Sneasler
|-resisted|p2b: Sneasler
|-damage|p2b: Sneasler|0 fnt
|faint|p2b: Sneasler
|
|win|The median voter
|raw|The median voter's rating: 1305 → 1322(+17 for winning)
|raw|toobadforalt's rating: 1260 → 1238(-22 for losing)
