|j|☆blackstorm games
|j|☆Sedrav
|html|blackstorm gamesSedrav    
|uhtml|bestof|Game 1 of a best-of-3
|t:|1756931823
|gametype|doubles
|player|p1|blackstorm games|266|1183
|player|p2|Sedrav|265|1273
|gen|9
|tier|[Gen 9] VGC 2025 Reg H (Bo3)
|rated|
|rule|Species Clause: Limit one of each Pokémon
|rule|Item Clause: Limit 1 of each item
|clearpoke
|poke|p1|Dragonite, L50, F|
|poke|p1|Pelipper, L50, F|
|poke|p1|Gholdengo, L50|
|poke|p1|Archaludon, L50, M|
|poke|p1|Sinistcha, L50|
|poke|p1|Ursaluna, L50, F|
|poke|p2|Garchomp, L50, F|
|poke|p2|Talonflame, L50, F|
|poke|p2|Gholdengo, L50|
|poke|p2|Tyranitar, L50, M|
|poke|p2|Amoonguss, L50, F|
|poke|p2|Milotic, L50, M|
|teampreview|4
|showteam|p1|Dragonite||LoadedDice|Multiscale|ScaleShot,Tailwind,Haze,Protect|||F|||50|,,,,,Fairy]Pelipper||FocusSash|Drizzle|Hurricane,Tailwind,WeatherBall,Protect|||F|||50|,,,,,Ghost]Gholdengo||LifeOrb|GoodasGold|MakeItRain,ShadowBall,NastyPlot,Protect||||||50|,,,,,Water]Archaludon||AssaultVest|Stamina|ElectroShot,BodyPress,DracoMeteor,Snarl|||M|||50|,,,,,Fighting]Sinistcha||SitrusBerry|Hospitality|MatchaGotcha,LifeDew,RagePowder,TrickRoom||||||50|,,,,,Dark]Ursaluna||FlameOrb|Guts|HeadlongRush,Earthquake,Facade,Protect|||F|||50|,,,,,Ghost
|showteam|p2|Garchomp||LifeOrb|RoughSkin|DragonClaw,StompingTantrum,Earthquake,Protect|||F|||50|,,,,,Fairy]Talonflame||CovertCloak|GaleWings|BraveBird,Tailwind,WillOWisp,Taunt|||F|||50|,,,,,Grass]Gholdengo||MetalCoat|GoodasGold|MakeItRain,ShadowBall,NastyPlot,Protect||||||50|,,,,,Flying]Tyranitar||AssaultVest|SandStream|RockSlide,KnockOff,LowKick,TeraBlast|||M|||50|,,,,,Flying]Amoonguss||SitrusBerry|Regenerator|Spore,RagePowder,PollenPuff,Protect|||F|||50|,,,,,Water]Milotic||SafetyGoggles|Competitive|Scald,IcyWind,Haze,Protect|||M|||50|,,,,,Dragon
|inactive|Battle timer is ON: inactive players will automatically lose when time's up. (requested by Sedrav)
|inactive|Sedrav has 60 seconds left.
|
|t:|1756931859
|teamsize|p1|4
|teamsize|p2|4
|start
|switch|p1a: Ursaluna|Ursaluna, L50, F|100/100
|switch|p1b: Sinistcha|Sinistcha, L50|100/100
|switch|p2a: Garchomp|Garchomp, L50, F|100/100
|switch|p2b: Talonflame|Talonflame, L50, F|100/100
|turn|1
|
|t:|1756931875
|-terastallize|p1b: Sinistcha|Dark
|move|p1a: Ursaluna|Protect|p1a: Ursaluna
|-singleturn|p1a: Ursaluna|Protect
|move|p2b: Talonflame|Taunt|p1b: Sinistcha
|-start|p1b: Sinistcha|move: Taunt
|move|p2a: Garchomp|Dragon Claw|p1b: Sinistcha
|-damage|p1b: Sinistcha|45/100
|-enditem|p1b: Sinistcha|Sitrus Berry|[eat]
|-heal|p1b: Sinistcha|70/100|[from] item: Sitrus Berry
|-damage|p2a: Garchomp|91/100|[from] item: Life Orb
|cant|p1b: Sinistcha|move: Taunt|Trick Room
|
|-status|p1a: Ursaluna|brn|[from] item: Flame Orb
|upkeep
|turn|2
|inactive|blackstorm games has 30 seconds left.
|inactive|Sedrav has 30 seconds left.
|inactive|Sedrav has 20 seconds left.
|inactive|Sedrav has 15 seconds left.
|
|t:|1756931917
|switch|p1b: Pelipper|Pelipper, L50, F|100/100
|-weather|RainDance|[from] ability: Drizzle|[of] p1b: Pelipper
|move|p2b: Talonflame|Brave Bird|p1b: Pelipper
|-damage|p1b: Pelipper|41/100
|-damage|p2b: Talonflame|83/100|[from] Recoil
|move|p2a: Garchomp|Earthquake|p1a: Ursaluna|[spread] p1a
|-immune|p2b: Talonflame
|-immune|p1b: Pelipper
|-damage|p1a: Ursaluna|57/100 brn
|-damage|p2a: Garchomp|81/100|[from] item: Life Orb
|move|p1a: Ursaluna|Facade|p2b: Talonflame
|-crit|p2b: Talonflame
|-damage|p2b: Talonflame|0 fnt
|faint|p2b: Talonflame
|
|-weather|RainDance|[upkeep]
|-damage|p1a: Ursaluna|51/100 brn|[from] brn
|upkeep
|
|t:|1756931935
|switch|p2b: Tyranitar|Tyranitar, L50, M|100/100
|-weather|Sandstorm|[from] ability: Sand Stream|[of] p2b: Tyranitar
|turn|3
|
|t:|1756931951
|move|p1a: Ursaluna|Protect|p1a: Ursaluna
|-singleturn|p1a: Ursaluna|Protect
|move|p2a: Garchomp|Dragon Claw|p1b: Pelipper
|-damage|p1b: Pelipper|0 fnt
|faint|p1b: Pelipper
|-damage|p2a: Garchomp|71/100|[from] item: Life Orb
|move|p2b: Tyranitar|Low Kick|p1a: Ursaluna
|-activate|p1a: Ursaluna|move: Protect
|
|-weather|Sandstorm|[upkeep]
|-damage|p1a: Ursaluna|45/100 brn|[from] brn
|upkeep
|
|t:|1756931961
|switch|p1b: Sinistcha|Sinistcha, L50, tera:Dark|70/100
|-heal|p1a: Ursaluna|70/100 brn|[from] ability: Hospitality|[of] p1b: Sinistcha
|turn|4
|
|t:|1756931983
|-terastallize|p2b: Tyranitar|Flying
|move|p1b: Sinistcha|Rage Powder|p1b: Sinistcha
|-singleturn|p1b: Sinistcha|move: Rage Powder
|move|p2a: Garchomp|Earthquake|p1b: Sinistcha|[spread] p1a,p1b
|-immune|p2b: Tyranitar
|-damage|p1a: Ursaluna|24/100 brn
|-damage|p1b: Sinistcha|24/100
|-damage|p2a: Garchomp|61/100|[from] item: Life Orb
|move|p2b: Tyranitar|Rock Slide|p1a: Ursaluna|[spread] p1a,p1b
|-resisted|p1a: Ursaluna
|-damage|p1a: Ursaluna|12/100 brn
|-damage|p1b: Sinistcha|0 fnt
|faint|p1b: Sinistcha
|move|p1a: Ursaluna|Facade|p2b: Tyranitar
|-damage|p2b: Tyranitar|0 fnt
|faint|p2b: Tyranitar
|
|-weather|Sandstorm|[upkeep]
|-damage|p1a: Ursaluna|6/100 brn|[from] brn
|upkeep
|
|t:|1756931999
|switch|p2b: Amoonguss|Amoonguss, L50, F|100/100
|switch|p1b: Archaludon|Archaludon, L50, M|100/100
|turn|5
|-message|blackstorm games forfeited.
|
|win|Sedrav
|l|☆blackstorm games
|player|p1|
||blackstorm games is ready for game 2.
||Sedrav is ready for game 2.
|uhtml|next|Next: Game 2 of 3
