|j|☆megacsc
|j|☆dpg46
|html|megacscdpg46    
|uhtml|bestof|Game 2 of a best-of-3
|t:|1757631404
|gametype|doubles
|player|p1|megacsc|n|1170
|player|p2|dpg46|lance|1050
|gen|9
|tier|[Gen 9] VGC 2025 Reg H (Bo3)
|rated|
|rule|Species Clause: Limit one of each Pokémon
|rule|Item Clause: Limit 1 of each item
|clearpoke
|poke|p1|Whimsicott, L50, F|
|poke|p1|Garchomp, L50, F|
|poke|p1|Gholdengo, L50|
|poke|p1|Incineroar, L50, F|
|poke|p1|Sneasler, L50, F|
|poke|p1|Dragonite, L50, M|
|poke|p2|Gholdengo, L50|
|poke|p2|Incineroar, L50, M|
|poke|p2|Amoonguss, L50, F|
|poke|p2|Porygon2, L50|
|poke|p2|Sneasler, L50, F|
|poke|p2|Dragonite, L50, M|
|teampreview|4
|showteam|p1|Whimsicott||CovertCloak|Prankster|Moonblast,Tailwind,Encore,Protect|||F|||50|,,,,,Ghost]Garchomp||LifeOrb|RoughSkin|Earthquake,DragonClaw,StompingTantrum,Protect|||F|||50|,,,,,Ground]Gholdengo||ChoiceSpecs|GoodasGold|MakeItRain,ShadowBall,Trick,Thunderbolt||||||50|,,,,,Steel]Incineroar||AssaultVest|Intimidate|FakeOut,FlareBlitz,KnockOff,Uturn|||F|||50|,,,,,Grass]Sneasler||FocusSash|Unburden|FakeOut,DireClaw,CloseCombat,Protect|||F|||50|,,,,,Flying]Dragonite||ChoiceBand|InnerFocus|ExtremeSpeed,Outrage,IceSpinner,Haze|||M|||50|,,,,,Normal
|showteam|p2|Gholdengo||LifeOrb|GoodasGold|MakeItRain,ShadowBall,NastyPlot,Protect||||||50|,,,,,Water]Incineroar||SafetyGoggles|Intimidate|FlareBlitz,KnockOff,PartingShot,FakeOut|||M|||50|,,,,,Water]Amoonguss||SitrusBerry|Regenerator|Spore,PollenPuff,RagePowder,Protect|||F|||50|,,,,,Fairy]Porygon2||Eviolite|Download|TeraBlast,IceBeam,Recover,TrickRoom||||||50|,,,,,Ground]Sneasler||FocusSash|Unburden|DireClaw,CloseCombat,Coaching,Protect|||F|||50|,,,,,Stellar]Dragonite||LoadedDice|Multiscale|ScaleShot,StompingTantrum,Tailwind,Protect|||M|||50|,,,,,Ground
|inactive|Battle timer is ON: inactive players will automatically lose when time's up. (requested by dpg46)
|inactive|dpg46 has 60 seconds left.
|inactive|dpg46 has 30 seconds left.
|inactive|dpg46 has 20 seconds left.
|inactive|dpg46 has 15 seconds left.
|inactive|dpg46 has 10 seconds left.
|inactive|dpg46 has 5 seconds left.
|
|t:|1757631497
|teamsize|p1|4
|teamsize|p2|4
|start
|switch|p1a: Sneasler|Sneasler, L50, F|100/100
|switch|p1b: Dragonite|Dragonite, L50, M|100/100
|switch|p2a: Porygon2|Porygon2, L50, shiny|100/100
|switch|p2b: Incineroar|Incineroar, L50, M, shiny|100/100
|-ability|p2b: Incineroar|Intimidate|boost
|-unboost|p1a: Sneasler|atk|1
|-fail|p1b: Dragonite|unboost|Attack|[from] ability: Inner Focus|[of] p1b: Dragonite
|-ability|p2a: Porygon2|Download|boost
|-boost|p2a: Porygon2|atk|1
|turn|1
|
|t:|1757631508
|switch|p2b: Amoonguss|Amoonguss, L50, F, shiny|100/100
|move|p1a: Sneasler|Fake Out|p2a: Porygon2
|-damage|p2a: Porygon2|94/100
|move|p1b: Dragonite|Outrage|p2a: Porygon2
|-damage|p2a: Porygon2|22/100
|cant|p2a: Porygon2|flinch
|
|upkeep
|turn|2
|inactive|megacsc has 30 seconds left.
|
|t:|1757631535
|move|p2b: Amoonguss|Rage Powder|p2b: Amoonguss
|-singleturn|p2b: Amoonguss|move: Rage Powder
|move|p1a: Sneasler|Close Combat|p2b: Amoonguss
|-resisted|p2b: Amoonguss
|-damage|p2b: Amoonguss|84/100
|-unboost|p1a: Sneasler|def|1
|-unboost|p1a: Sneasler|spd|1
|move|p1b: Dragonite|Outrage|p2b: Amoonguss|[from] lockedmove
|-damage|p2b: Amoonguss|2/100
|-enditem|p2b: Amoonguss|Sitrus Berry|[eat]
|-heal|p2b: Amoonguss|27/100|[from] item: Sitrus Berry
|-start|p1b: Dragonite|confusion|[fatigue]
|move|p2a: Porygon2|Trick Room|p2a: Porygon2
|-fieldstart|move: Trick Room|[of] p2a: Porygon2
|
|upkeep
|turn|3
|inactive|dpg46 has 30 seconds left.
|
|t:|1757631562
|switch|p1b: Gholdengo|Gholdengo, L50|100/100
|move|p1a: Sneasler|Protect|p1a: Sneasler
|-singleturn|p1a: Sneasler|Protect
|move|p2b: Amoonguss|Pollen Puff|p2a: Porygon2
|-heal|p2a: Porygon2|72/100
|move|p2a: Porygon2|Tera Blast|p1a: Sneasler
|-activate|p1a: Sneasler|move: Protect
|
|upkeep
|turn|4
|
|t:|1757631576
|switch|p1a: Incineroar|Incineroar, L50, F|100/100
|-ability|p1a: Incineroar|Intimidate|boost
|-unboost|p2a: Porygon2|atk|1
|-unboost|p2b: Amoonguss|atk|1
|-terastallize|p2a: Porygon2|Ground
|-terastallize|p1b: Gholdengo|Steel
|move|p2b: Amoonguss|Spore|p1a: Incineroar
|-status|p1a: Incineroar|slp|[from] move: Spore
|move|p2a: Porygon2|Tera Blast|p1b: Gholdengo|[anim] Tera Blast Ground
|-supereffective|p1b: Gholdengo
|-damage|p1b: Gholdengo|8/100
|move|p1b: Gholdengo|Make It Rain|p2b: Amoonguss|[spread] p2a,p2b
|-damage|p2a: Porygon2|17/100
|-damage|p2b: Amoonguss|0 fnt
|-unboost|p1b: Gholdengo|spa|1
|faint|p2b: Amoonguss
|
|upkeep
|
|t:|1757631586
|switch|p2b: Gholdengo|Gholdengo, L50|100/100
|turn|5
|
|t:|1757631597
|switch|p1b: Dragonite|Dragonite, L50, M|100/100
|move|p2a: Porygon2|Tera Blast|p1a: Incineroar|[anim] Tera Blast Ground
|-supereffective|p1a: Incineroar
|-damage|p1a: Incineroar|56/100 slp
|cant|p1a: Incineroar|slp
|move|p2b: Gholdengo|Shadow Ball|p1b: Dragonite
|-damage|p1b: Dragonite|50/100
|-damage|p2b: Gholdengo|91/100|[from] item: Life Orb
|
|upkeep
|turn|6
|inactive|dpg46 has 30 seconds left.
|inactive|dpg46 has 20 seconds left.
|inactive|dpg46 has 15 seconds left.
|inactive|dpg46 has 10 seconds left.
|
|t:|1757631644
|move|p1b: Dragonite|Extreme Speed|p2a: Porygon2
|-damage|p2a: Porygon2|0 fnt
|faint|p2a: Porygon2
|-curestatus|p1a: Incineroar|slp|[msg]
|move|p1a: Incineroar|Flare Blitz|p2b: Gholdengo
|-supereffective|p2b: Gholdengo
|-damage|p2b: Gholdengo|0 fnt
|faint|p2b: Gholdengo
|-damage|p1a: Incineroar|28/100|[from] Recoil
|
|-fieldend|move: Trick Room
|upkeep
|
|t:|1757631650
|switch|p2b: Incineroar|Incineroar, L50, M, shiny|100/100
|-ability|p2b: Incineroar|Intimidate|boost
|-unboost|p1a: Incineroar|atk|1
|-fail|p1b: Dragonite|unboost|Attack|[from] ability: Inner Focus|[of] p1b: Dragonite
|turn|7
|-message|dpg46 forfeited.
|
|win|megacsc
||dpg46 is ready for game 3.
||megacsc is ready for game 3.
|uhtml|next|Next: Game 3 of 3
|l|☆megacsc
|player|p1|
