|j|☆mumu2
|j|☆PatuDucc
|html|mumu2PatuDucc    
|uhtml|bestof|Game 1 of a best-of-3
|t:|1785280405
|gametype|doubles
|player|p1|mumu2|cyclistf|
|player|p2|PatuDucc|ingo|
|gen|9
|tier|[Gen 9 Champions] VGC 2026 Reg M-B (Bo3)
|rule|Species Clause: Limit one of each Pokémon
|rule|Item Clause: Limit 1 of each item
|clearpoke
|poke|p1|Tyranitar, L50, M|
|poke|p1|Excadrill, L50, F|
|poke|p1|Hydreigon, L50, F|
|poke|p1|Ninetales-Alola, L50, M|
|poke|p1|Skarmory, L50, M|
|poke|p1|Rotom-Wash, L50|
|poke|p2|Gardevoir, L50, M, shiny|
|poke|p2|Tauros-Paldea-Aqua, L50, M|
|poke|p2|Talonflame, L50, F|
|poke|p2|Maushold, L50|
|poke|p2|Scizor, L50, M|
|poke|p2|Hydreigon, L50, M, shiny|
|teampreview|4
|showteam|p1|Tyranitar||Tyranitarite|SandStream|RockSlide,KnockOff,Earthquake,Protect|Adamant||M|||50|]Excadrill||LifeOrb|SandRush|Earthquake,IronHead,RockSlide,Protect|Adamant||F|||50|]Hydreigon||ChoiceScarf|Levitate|DracoMeteor,DarkPulse,Snarl,FocusBlast|Timid||F|||50|]Ninetales-Alola||NeverMeltIce|SnowWarning|Blizzard,FreezeDry,Moonblast,Protect|Timid||M|||50|]Skarmory||Skarmorite|Sturdy|BraveBird,Taunt,Protect,DrillPeck|Jolly||M|||50|]Rotom-Wash||SitrusBerry|Levitate|Discharge,HydroPump,VoltSwitch,WillOWisp|Modest|||||50|
|showteam|p2|Gardevoir||Gardevoirite|Synchronize|HyperVoice,Psyshock,EnergyBall,Protect|Modest||M|||50|]Tauros-Paldea-Aqua||ChoiceScarf|Intimidate|WaveCrash,CloseCombat,RagingBull,RockSlide|Adamant||M|||50|]Talonflame||SharpBeak|GaleWings|BraveBird,FlareBlitz,Tailwind,Taunt|Jolly||F|||50|]Maushold||FocusSash|FriendGuard|SuperFang,Feint,FollowMe,Protect|Jolly|||||50|]Scizor||Scizorite|Technician|BulletPunch,BugBite,SwordsDance,Protect|Adamant||M|||50|]Hydreigon||LifeOrb|Levitate|DragonPulse,DarkPulse,EarthPower,Protect|Timid||M|||50|
|j| FIR Zants
|
|t:|1785280551
|teamsize|p1|4
|teamsize|p2|4
|start
|switch|p1a: Rotom|Rotom-Wash, L50|100/100
|switch|p1b: Excadrill|Excadrill, L50, F|100/100
|switch|p2a: Tauros|Tauros-Paldea-Aqua, L50, M|100/100
|switch|p2b: Talonflame|Talonflame, L50, F|100/100
|-ability|p2a: Tauros|Intimidate|boost
|-unboost|p1a: Rotom|atk|1
|-unboost|p1b: Excadrill|atk|1
|turn|1
|
|t:|1785280618
|move|p1b: Excadrill|Protect|p1b: Excadrill
|-singleturn|p1b: Excadrill|Protect
|move|p2b: Talonflame|Tailwind|p2b: Talonflame
|-sidestart|p2: PatuDucc|move: Tailwind
|move|p2a: Tauros|Wave Crash|p1b: Excadrill
|-activate|p1b: Excadrill|move: Protect
|move|p1a: Rotom|Discharge|p2b: Talonflame|[spread] p2a,p2b
|-activate|p1b: Excadrill|move: Protect
|-supereffective|p2a: Tauros|1
|-supereffective|p2b: Talonflame|1
|-crit|p2b: Talonflame
|-damage|p2a: Tauros|15/100
|-damage|p2b: Talonflame|0 fnt
|faint|p2b: Talonflame
|
|upkeep
|
|t:|1785280634
|switch|p2b: Scizor|Scizor, L50, M|100/100
|turn|2
|
|t:|1785280718
|switch|p1b: Hydreigon|Hydreigon, L50, F|100/100
|detailschange|p2b: Scizor|Scizor-Mega, L50, M
|-mega|p2b: Scizor|Scizor|Scizorite
|move|p2a: Tauros|Wave Crash|p1b: Hydreigon
|-resisted|p1b: Hydreigon|1
|-damage|p1b: Hydreigon|66/100
|-damage|p2a: Tauros|2/100|[from] Recoil
|move|p2b: Scizor|Swords Dance|p2b: Scizor
|-boost|p2b: Scizor|atk|2
|move|p1a: Rotom|Will-O-Wisp|p2b: Scizor
|-status|p2b: Scizor|brn
|
|-damage|p2b: Scizor|93/100 brn|[from] brn
|upkeep
|turn|3
|
|t:|1785280784
|move|p2b: Scizor|Protect|p2b: Scizor
|-singleturn|p2b: Scizor|Protect
|move|p2a: Tauros|Wave Crash|p1b: Hydreigon
|-resisted|p1b: Hydreigon|1
|-damage|p1b: Hydreigon|32/100
|-damage|p2a: Tauros|0 fnt|[from] Recoil
|faint|p2a: Tauros
|move|p1b: Hydreigon|Dark Pulse|p2b: Scizor
|-activate|p2b: Scizor|move: Protect
|move|p1a: Rotom|Volt Switch|p2b: Scizor
|-activate|p2b: Scizor|move: Protect
|
|-damage|p2b: Scizor|87/100 brn|[from] brn
|upkeep
|
|t:|1785280797
|switch|p2a: Maushold|Maushold, L50|100/100
|turn|4
|
|t:|1785280818
|move|p2a: Maushold|Follow Me|p2a: Maushold
|-singleturn|p2a: Maushold|move: Follow Me
|move|p1b: Hydreigon|Dark Pulse|p2a: Maushold
|-damage|p2a: Maushold|53/100
|move|p2b: Scizor|Swords Dance|p2b: Scizor
|-boost|p2b: Scizor|atk|2
|move|p1a: Rotom|Discharge|p2b: Scizor|[spread] p1b,p2a,p2b
|-resisted|p1b: Hydreigon|1
|-damage|p1b: Hydreigon|18/100
|-damage|p2a: Maushold|20/100y
|-damage|p2b: Scizor|67/100 brn
|-status|p1b: Hydreigon|par
|-status|p2a: Maushold|par
|
|-damage|p2b: Scizor|61/100 brn|[from] brn
|-sideend|p2: PatuDucc|move: Tailwind
|upkeep
|turn|5
|
|t:|1785280864
|move|p2b: Scizor|Bullet Punch|p1b: Hydreigon
|-damage|p1b: Hydreigon|0 fnt
|faint|p1b: Hydreigon
|move|p1a: Rotom|Discharge|p2a: Maushold|[spread] p2a,p2b
|-damage|p2a: Maushold|0 fnt
|-damage|p2b: Scizor|40/100 brn
|faint|p2a: Maushold
|
|-damage|p2b: Scizor|34/100 brn|[from] brn
|upkeep
|
|t:|1785280878
|switch|p1b: Excadrill|Excadrill, L50, F|100/100
|turn|6
|
|t:|1785280894
|move|p1b: Excadrill|Earthquake|p2b: Scizor|[spread] p2b
|-immune|p1a: Rotom|[from] ability: Levitate
|-damage|p2b: Scizor|0 fnt
|faint|p2b: Scizor
|-damage|p1b: Excadrill|90/100|[from] item: Life Orb
|
|win|mumu2
||PatuDucc is ready for game 2.
||mumu2 is ready for game 2.
|uhtml|next|Next: Game 2 of 3
|l|☆PatuDucc
|player|p2|
