|j|☆MidoMidori
|j|☆jonen
|html|MidoMidorijonen    
|uhtml|bestof|Game 3 of a best-of-3
|t:|1756925581
|gametype|doubles
|player|p1|MidoMidori|roxanne-gen6|
|player|p2|jonen|ruinmaniac-gen3|
|gen|9
|tier|[Gen 9] VGC 2025 Reg H (Bo3)
|rule|Species Clause: Limit one of each Pokémon
|rule|Item Clause: Limit 1 of each item
|clearpoke
|poke|p1|Sneasler, L50, M|
|poke|p1|Indeedee, L50, M|
|poke|p1|Volcarona, L50, M|
|poke|p1|Ursaluna-Bloodmoon, L50, M|
|poke|p1|Annihilape, L50, M|
|poke|p1|Tyranitar, L50, M|
|poke|p2|Garchomp, L50, M|
|poke|p2|Weezing-Galar, L50, M|
|poke|p2|Archaludon, L50, F|
|poke|p2|Gholdengo, L50|
|poke|p2|Talonflame, L50, F|
|poke|p2|Annihilape, L50, F|
|teampreview|4
|showteam|p1|Sneasler||PsychicSeed|Unburden|CloseCombat,DireClaw,ThroatChop,Protect|||M|||50|,,,,,Dark]Indeedee||FocusSash|PsychicSurge|ExpandingForce,TeraBlast,TrickRoom,Protect|||M|||50|,,,,,Fighting]Volcarona||SitrusBerry|FlameBody|Overheat,StruggleBug,RagePowder,Tailwind|||M|||50|,,,,,Grass]Ursaluna-Bloodmoon||LifeOrb|MindsEye|BloodMoon,HyperVoice,EarthPower,Protect|||M|||50|,,,,,Normal]Annihilape||SafetyGoggles|Defiant|CloseCombat,RageFist,Taunt,FinalGambit|||M|||50|,,,,,Fairy]Tyranitar||AssaultVest|SandStream|RockSlide,KnockOff,TeraBlast,LowKick|||M|||50|,,,,,Flying
|showteam|p2|Garchomp||LifeOrb|RoughSkin|DragonClaw,Earthquake,StompingTantrum,Protect|||M|||50|,,,,,Ground]Weezing-Galar||FocusSash|NeutralizingGas|Protect,SludgeBomb,Taunt,StrangeSteam|||M|||50|,,,,,Flying]Archaludon||PowerHerb|Sturdy|ElectroShot,Thunderbolt,DracoMeteor,Protect|||F|||50|,,,,,Electric]Gholdengo||ChoiceSpecs|GoodasGold|ShadowBall,DazzlingGleam,PowerGem,MakeItRain||||||50|,,,,,Fairy]Talonflame||CovertCloak|GaleWings|Tailwind,DualWingbeat,UpperHand,FlareBlitz|||F|||50|,,,,,Fairy]Annihilape||AssaultVest|Defiant|CloseCombat,RageFist,FinalGambit,IcePunch|||F|||50|,,,,,Grass
|
|t:|1756925615
|teamsize|p1|4
|teamsize|p2|4
|start
|switch|p1a: Indeedee|Indeedee, L50, M|100/100
|switch|p1b: Annihilape|Annihilape, L50, M|100/100
|switch|p2a: Gholdengo|Gholdengo, L50|100/100
|switch|p2b: Talonflame|Talonflame, L50, F|100/100
|-fieldstart|move: Psychic Terrain|[from] ability: Psychic Surge|[of] p1a: Indeedee
|turn|1
|
|t:|1756925643
|switch|p1b: Volcarona|Volcarona, L50, M|100/100
|move|p1a: Indeedee|Protect|p1a: Indeedee
|-singleturn|p1a: Indeedee|Protect
|move|p2b: Talonflame|Flare Blitz|p1a: Indeedee
|-activate|p1a: Indeedee|move: Protect
|move|p2a: Gholdengo|Make It Rain|p1b: Volcarona|[spread] p1b
|-activate|p1a: Indeedee|move: Protect
|-resisted|p1b: Volcarona
|-damage|p1b: Volcarona|67/100
|-unboost|p2a: Gholdengo|spa|1
|
|upkeep
|turn|2
|
|t:|1756925664
|switch|p2a: Annihilape|Annihilape, L50, F|100/100
|move|p2b: Talonflame|Flare Blitz|p1a: Indeedee
|-damage|p1a: Indeedee|3/100
|-damage|p2b: Talonflame|72/100|[from] Recoil
|move|p1b: Volcarona|Overheat|p2a: Annihilape
|-damage|p2a: Annihilape|60/100
|-unboost|p1b: Volcarona|spa|2
|move|p1a: Indeedee|Expanding Force|p2a: Annihilape|[spread] p2a,p2b
|-supereffective|p2a: Annihilape
|-crit|p2b: Talonflame
|-damage|p2a: Annihilape|0 fnt
|-damage|p2b: Talonflame|0 fnt
|faint|p2a: Annihilape
|faint|p2b: Talonflame
|
|upkeep
|
|t:|1756925666
|switch|p2b: Gholdengo|Gholdengo, L50|100/100
|switch|p2a: Garchomp|Garchomp, L50, M|100/100
|turn|3
|
|t:|1756925683
|move|p2a: Garchomp|Protect|p2a: Garchomp
|-singleturn|p2a: Garchomp|Protect
|move|p1b: Volcarona|Rage Powder|p1b: Volcarona
|-singleturn|p1b: Volcarona|move: Rage Powder
|move|p1a: Indeedee|Expanding Force|p2b: Gholdengo|[spread] p2b
|-activate|p2a: Garchomp|move: Protect
|-resisted|p2b: Gholdengo
|-damage|p2b: Gholdengo|71/100
|move|p2b: Gholdengo|Shadow Ball|p1b: Volcarona
|-damage|p1b: Volcarona|2/100
|-enditem|p1b: Volcarona|Sitrus Berry|[eat]
|-heal|p1b: Volcarona|27/100|[from] item: Sitrus Berry
|
|upkeep
|turn|4
|
|t:|1756925715
|-terastallize|p2b: Gholdengo|Fairy
|move|p2a: Garchomp|Stomping Tantrum|p1a: Indeedee
|-damage|p1a: Indeedee|0 fnt
|faint|p1a: Indeedee
|-damage|p2a: Garchomp|91/100|[from] item: Life Orb
|move|p1b: Volcarona|Tailwind|p1b: Volcarona
|-sidestart|p1: MidoMidori|move: Tailwind
|move|p2b: Gholdengo|Shadow Ball|p1b: Volcarona
|-damage|p1b: Volcarona|0 fnt
|faint|p1b: Volcarona
|
|upkeep
|
|t:|1756925722
|switch|p1b: Ursaluna|Ursaluna-Bloodmoon, L50, M|100/100
|switch|p1a: Annihilape|Annihilape, L50, M|100/100
|turn|5
|
|t:|1756925732
|-terastallize|p1b: Ursaluna|Normal
|move|p1a: Annihilape|Final Gambit|p2a: Garchomp
|-damage|p2a: Garchomp|0 fnt
|faint|p1a: Annihilape
|faint|p2a: Garchomp
|move|p1b: Ursaluna|Blood Moon|p2b: Gholdengo
|-damage|p2b: Gholdengo|0 fnt
|faint|p2b: Gholdengo
|-damage|p1b: Ursaluna|91/100|[from] item: Life Orb
|
|win|MidoMidori
|c|☆MidoMidori|Ggs!
