|j|☆Fynnster
|j|☆Scarfchomper003
|html|FynnsterScarfchomper003    
|uhtml|bestof|Game 2 of a best-of-3
|t:|1756397977
|gametype|doubles
|player|p1|Fynnster|sabrina-gen1rb|
|player|p2|Scarfchomper003|boarder|
|gen|9
|tier|[Gen 9] VGC 2025 Reg H (Bo3)
|rule|Species Clause: Limit one of each Pokémon
|rule|Item Clause: Limit 1 of each item
|clearpoke
|poke|p1|Incineroar, L50, M|
|poke|p1|Porygon2, L50|
|poke|p1|Amoonguss, L50, M|
|poke|p1|Ursaluna, L50, M|
|poke|p1|Gholdengo, L50|
|poke|p1|Flamigo, L50, F|
|poke|p2|Sneasler, L50, M|
|poke|p2|Dragapult, L50, M|
|poke|p2|Primarina, L50, F|
|poke|p2|Rillaboom, L50, M|
|poke|p2|Kingambit, L50, F|
|poke|p2|Magmar, L50, F|
|teampreview|4
|showteam|p1|Incineroar||SafetyGoggles|Intimidate|KnockOff,FlareBlitz,PartingShot,FakeOut|||M|||50|,,,,,Grass]Porygon2||Eviolite|Download|TeraBlast,IceBeam,Recover,TrickRoom||||||50|,,,,,Fighting]Amoonguss||MentalHerb|Regenerator|Spore,RagePowder,PollenPuff,SludgeBomb|||M|||50|,,,,,Water]Ursaluna||FlameOrb|Guts|Facade,HeadlongRush,Earthquake,Protect|||M|||50|,,,,,Normal]Gholdengo||LifeOrb|GoodasGold|MakeItRain,ShadowBall,NastyPlot,Protect||||||50|,,,,,Dragon]Flamigo||FocusSash|Scrappy|CloseCombat,BraveBird,WideGuard,Protect|||F|||50|,,,,,Ghost
|showteam|p2|Sneasler||FocusSash|PoisonTouch|CloseCombat,DireClaw,FakeOut,Protect|||M|||50|,,,,,Stellar]Dragapult||ChoiceBand|ClearBody|DragonDarts,TeraBlast,PhantomForce,Uturn|||M|||50|,,,,,Ghost]Primarina||SitrusBerry|LiquidVoice|HyperVoice,Moonblast,Haze,Protect|||F|||50|,,,,,Water]Rillaboom||AssaultVest|GrassySurge|WoodHammer,GrassyGlide,HighHorsepower,FakeOut|||M|||50|,,,,,Fire]Kingambit||DreadPlate|Defiant|KowtowCleave,SuckerPunch,SwordsDance,Protect|||F|||50|,,,,,Ghost]Magmar||Eviolite|VitalSpirit|Overheat,WillOWisp,FollowMe,Protect|||F|||50|,,,,,Ghost
|inactive|Battle timer is ON: inactive players will automatically lose when time's up. (requested by Scarfchomper003)
|inactive|Fynnster also wants the timer to be on.
|inactive|Fynnster no longer wants the timer on, but the timer is staying on because scarfchomper003 still does.
|inactive|Fynnster has 60 seconds left.
|inactive|Scarfchomper003 has 60 seconds left.
|inactiveoff|Battle timer is now OFF.
|
|t:|1756398035
|teamsize|p1|4
|teamsize|p2|4
|start
|switch|p1a: Amoonguss|Amoonguss, L50, M, shiny|100/100
|switch|p1b: Gholdengo|Gholdengo, L50, shiny|100/100
|switch|p2a: Sneasler|Sneasler, L50, M|100/100
|switch|p2b: Dragapult|Dragapult, L50, M|100/100
|turn|1
|
|t:|1756398071
|move|p1b: Gholdengo|Protect|p1b: Gholdengo
|-singleturn|p1b: Gholdengo|Protect
|move|p2a: Sneasler|Fake Out|p1a: Amoonguss
|-damage|p1a: Amoonguss|88/100
|move|p2b: Dragapult|Phantom Force||[still]
|-prepare|p2b: Dragapult|Phantom Force
|cant|p1a: Amoonguss|flinch
|
|upkeep
|turn|2
|
|t:|1756398081
|switch|p1b: Porygon2|Porygon2, L50, shiny|100/100
|-ability|p1b: Porygon2|Download|boost
|-boost|p1b: Porygon2|atk|1
|move|p2b: Dragapult|Phantom Force|p1b: Porygon2|[from] lockedmove
|-immune|p1b: Porygon2
|move|p2a: Sneasler|Close Combat|p1b: Porygon2
|-supereffective|p1b: Porygon2
|-damage|p1b: Porygon2|25/100
|-unboost|p2a: Sneasler|def|1
|-unboost|p2a: Sneasler|spd|1
|-status|p1b: Porygon2|psn|[from] ability: Poison Touch|[of] p2a: Sneasler
|move|p1a: Amoonguss|Spore|p2b: Dragapult
|-status|p2b: Dragapult|slp|[from] move: Spore
|
|-damage|p1b: Porygon2|13/100 psn|[from] psn
|upkeep
|turn|3
|
|t:|1756398120
|switch|p2b: Primarina|Primarina, L50, F|100/100
|move|p1a: Amoonguss|Rage Powder|p1a: Amoonguss
|-singleturn|p1a: Amoonguss|move: Rage Powder
|move|p2a: Sneasler|Dire Claw|p1a: Amoonguss
|-damage|p1a: Amoonguss|52/100
|-status|p1a: Amoonguss|slp
|move|p1b: Porygon2|Trick Room|p1b: Porygon2
|-fieldstart|move: Trick Room|[of] p1b: Porygon2
|
|-damage|p1b: Porygon2|0 fnt|[from] psn
|faint|p1b: Porygon2
|upkeep
|
|t:|1756398130
|switch|p1b: Ursaluna|Ursaluna, L50, M, shiny|100/100
|turn|4
|
|t:|1756398141
|switch|p1a: Gholdengo|Gholdengo, L50, shiny|100/100
|move|p1b: Ursaluna|Protect|p1b: Ursaluna
|-singleturn|p1b: Ursaluna|Protect
|move|p2b: Primarina|Hyper Voice|p1a: Gholdengo|[spread] p1a
|-activate|p1b: Ursaluna|move: Protect
|-damage|p1a: Gholdengo|61/100
|move|p2a: Sneasler|Close Combat|p1b: Ursaluna
|-activate|p1b: Ursaluna|move: Protect
|
|-status|p1b: Ursaluna|brn|[from] item: Flame Orb
|upkeep
|turn|5
|
|t:|1756398193
|switch|p2a: Rillaboom|Rillaboom, L50, M|100/100
|-fieldstart|move: Grassy Terrain|[from] ability: Grassy Surge|[of] p2a: Rillaboom
|move|p2b: Primarina|Protect|p2b: Primarina
|-singleturn|p2b: Primarina|Protect
|move|p1b: Ursaluna|Facade|p2b: Primarina
|-activate|p2b: Primarina|move: Protect
|move|p1a: Gholdengo|Nasty Plot|p1a: Gholdengo
|-boost|p1a: Gholdengo|spa|2
|
|-heal|p1a: Gholdengo|67/100|[from] Grassy Terrain
|-damage|p1b: Ursaluna|95/100 brn|[from] brn
|upkeep
|turn|6
|
|t:|1756398231
|-terastallize|p1b: Ursaluna|Normal
|move|p1b: Ursaluna|Facade|p2a: Rillaboom
|-damage|p2a: Rillaboom|0 fnt
|faint|p2a: Rillaboom
|move|p2b: Primarina|Haze|p2b: Primarina
|-clearallboost
|move|p1a: Gholdengo|Make It Rain|p2b: Primarina
|-damage|p2b: Primarina|23/100
|-unboost|p1a: Gholdengo|spa|1
|-enditem|p2b: Primarina|Sitrus Berry|[eat]
|-heal|p2b: Primarina|48/100|[from] item: Sitrus Berry
|-damage|p1a: Gholdengo|57/100|[from] item: Life Orb
|
|-heal|p1b: Ursaluna|100/100 brn|[from] Grassy Terrain
|-heal|p2b: Primarina|54/100|[from] Grassy Terrain
|-heal|p1a: Gholdengo|63/100|[from] Grassy Terrain
|-damage|p1b: Ursaluna|95/100 brn|[from] brn
|upkeep
|
|t:|1756398249
|switch|p2a: Sneasler|Sneasler, L50, M|100/100
|turn|7
|
|t:|1756398282
|switch|p1b: Amoonguss|Amoonguss, L50, M, shiny|85/100 slp
|move|p2a: Sneasler|Fake Out|p1b: Amoonguss
|-damage|p1b: Amoonguss|74/100 slp
|move|p2b: Primarina|Hyper Voice|p1a: Gholdengo|[spread] p1a,p1b
|-crit|p1a: Gholdengo
|-resisted|p1b: Amoonguss
|-damage|p1a: Gholdengo|5/100
|-damage|p1b: Amoonguss|58/100 slp
|move|p1a: Gholdengo|Nasty Plot|p1a: Gholdengo
|-boost|p1a: Gholdengo|spa|2
|
|-heal|p1b: Amoonguss|64/100 slp|[from] Grassy Terrain
|-heal|p2b: Primarina|61/100|[from] Grassy Terrain
|-heal|p1a: Gholdengo|11/100|[from] Grassy Terrain
|-fieldend|move: Trick Room
|upkeep
|turn|8
|
|t:|1756398306
|switch|p2a: Dragapult|Dragapult, L50, M|100/100 slp
|move|p2b: Primarina|Protect|p2b: Primarina
|-singleturn|p2b: Primarina|Protect
|move|p1a: Gholdengo|Make It Rain|p2a: Dragapult|[spread] p2a
|-activate|p2b: Primarina|move: Protect
|-damage|p2a: Dragapult|0 fnt
|-unboost|p1a: Gholdengo|spa|1
|faint|p2a: Dragapult
|-damage|p1a: Gholdengo|2/100|[from] item: Life Orb
|cant|p1b: Amoonguss|slp
|
|-heal|p1a: Gholdengo|8/100|[from] Grassy Terrain
|-heal|p2b: Primarina|67/100|[from] Grassy Terrain
|-heal|p1b: Amoonguss|69/100 slp|[from] Grassy Terrain
|upkeep
|
|t:|1756398321
|switch|p2a: Sneasler|Sneasler, L50, M|100/100
|turn|9
|
|t:|1756398336
|-terastallize|p2b: Primarina|Water
|move|p1a: Gholdengo|Protect|p1a: Gholdengo
|-singleturn|p1a: Gholdengo|Protect
|move|p2a: Sneasler|Dire Claw|p1b: Amoonguss
|-crit|p1b: Amoonguss
|-damage|p1b: Amoonguss|14/100 slp
|move|p2b: Primarina|Hyper Voice|p1a: Gholdengo|[spread] p1b
|-activate|p1a: Gholdengo|move: Protect
|-resisted|p1b: Amoonguss
|-damage|p1b: Amoonguss|0 fnt
|faint|p1b: Amoonguss
|
|-heal|p1a: Gholdengo|14/100|[from] Grassy Terrain
|-heal|p2b: Primarina|73/100|[from] Grassy Terrain
|-fieldend|move: Grassy Terrain
|upkeep
|
|t:|1756398343
|switch|p1b: Ursaluna|Ursaluna, L50, M, shiny, tera:Normal|95/100 brn
|turn|10
|
|t:|1756398372
|move|p1b: Ursaluna|Protect|p1b: Ursaluna
|-singleturn|p1b: Ursaluna|Protect
|move|p2a: Sneasler|Close Combat|p1b: Ursaluna
|-activate|p1b: Ursaluna|move: Protect
|move|p1a: Gholdengo|Shadow Ball|p2b: Primarina
|-damage|p2b: Primarina|31/100
|-unboost|p2b: Primarina|spd|1
|-damage|p1a: Gholdengo|4/100|[from] item: Life Orb
|move|p2b: Primarina|Hyper Voice|p1b: Ursaluna|[spread] p1a
|-activate|p1b: Ursaluna|move: Protect
|-damage|p1a: Gholdengo|0 fnt
|faint|p1a: Gholdengo
|
|-damage|p1b: Ursaluna|89/100 brn|[from] brn
|upkeep
|turn|11
|
|t:|1756398386
|move|p2b: Primarina|Protect|p2b: Primarina
|-singleturn|p2b: Primarina|Protect
|move|p2a: Sneasler|Close Combat|p1b: Ursaluna
|-supereffective|p1b: Ursaluna
|-damage|p1b: Ursaluna|0 fnt
|-unboost|p2a: Sneasler|def|1
|-unboost|p2a: Sneasler|spd|1
|faint|p1b: Ursaluna
|
|win|Scarfchomper003
||Fynnster is ready for game 3.
||Scarfchomper003 is ready for game 3.
|uhtml|next|Next: Game 3 of 3
|l|☆Scarfchomper003
|player|p2|
