|j|☆galloway2001
|j|☆8787878i
|html|galloway20018787878i    
|uhtml|bestof|Game 3 of a best-of-3
|t:|1785691063
|gametype|doubles
|player|p1|galloway2001|1|1204
|player|p2|8787878i|tuberf|1230
|gen|9
|tier|[Gen 9 Champions] VGC 2026 Reg M-B (Bo3)
|rated|
|rule|Species Clause: Limit one of each Pokémon
|rule|Item Clause: Limit 1 of each item
|clearpoke
|poke|p1|Whimsicott, L50, F|
|poke|p1|Basculegion, L50, M|
|poke|p1|Floette-Eternal, L50, F|
|poke|p1|Garchomp, L50, M|
|poke|p1|Kingambit, L50, F|
|poke|p1|Charizard, L50, M|
|poke|p2|Froslass, L50, F|
|poke|p2|Sneasler, L50, F|
|poke|p2|Kingambit, L50, M|
|poke|p2|Basculegion, L50, M|
|poke|p2|Scovillain, L50, M|
|poke|p2|Lycanroc-Dusk, L50, F|
|teampreview|4
|showteam|p1|Whimsicott||FocusSash|Prankster|Protect,Tailwind,Moonblast,Encore|Timid||F|||50|]Basculegion||LifeOrb|Adaptability|Protect,WaveCrash,LastRespects,AquaJet|Adamant||M|||50|]Floette-Eternal||Floettite|FlowerVeil|Protect,HelpingHand,Moonblast,DazzlingGleam|Timid||F|||50|]Garchomp||SitrusBerry|RoughSkin|DragonClaw,Earthquake,PoisonJab,RockSlide|Adamant||M|||50|]Kingambit||ChopleBerry|Defiant|IronHead,KowtowCleave,SuckerPunch,LowKick|Adamant||F|||50|]Charizard||CharizarditeY|Blaze|Protect,HeatWave,WeatherBall,SolarBeam|Modest||M|||50|
|showteam|p2|Froslass||Froslassite|CursedBody|Protect,Blizzard,AuroraVeil,ShadowBall|Modest||F|||50|]Sneasler||WhiteHerb|Unburden|Protect,CloseCombat,FakeOut,GunkShot|Adamant||F|||50|]Kingambit||LifeOrb|Defiant|KowtowCleave,SuckerPunch,SwordsDance,Protect|Adamant||M|||50|]Basculegion||SitrusBerry|Adaptability|Protect,WaveCrash,LastRespects,AquaJet|Adamant||M|||50|]Scovillain||Scovillainite|Moody|Protect,GigaDrain,Overheat,RagePowder|Bold||M|||50|]Lycanroc-Dusk||FocusSash|ToughClaws|Protect,Accelerock,RockSlide,CloseCombat|Adamant||F|||50|
|
|t:|1785691087
|teamsize|p1|4
|teamsize|p2|4
|start
|switch|p1a: Whimsicott|Whimsicott, L50, F|100/100
|switch|p1b: Basculegion|Basculegion, L50, M|100/100
|switch|p2a: Kingambit|Kingambit, L50, M|100/100
|switch|p2b: Re|Scovillain, L50, M|100/100
|turn|1
|
|t:|1785691108
|switch|p2b: Basculegion|Basculegion, L50, M|100/100
|move|p1a: Whimsicott|Tailwind|p1a: Whimsicott
|-sidestart|p1: galloway2001|move: Tailwind
|move|p1b: Basculegion|Wave Crash|p2a: Kingambit
|-damage|p2a: Kingambit|20/100y
|-damage|p1b: Basculegion|72/100|[from] Recoil
|-damage|p1b: Basculegion|62/100|[from] item: Life Orb
|move|p2a: Kingambit|Kowtow Cleave|p1b: Basculegion
|-supereffective|p1b: Basculegion|1
|-damage|p1b: Basculegion|0 fnt
|faint|p1b: Basculegion
|-damage|p2a: Kingambit|11/100|[from] item: Life Orb
|
|upkeep
|
|t:|1785691120
|switch|p1b: Kingambit|Kingambit, L50, F|100/100
|turn|2
|
|t:|1785691132
|switch|p2b: Sneasler|Sneasler, L50, F|100/100
|move|p2a: Kingambit|Sucker Punch|p1a: Whimsicott
|-resisted|p1a: Whimsicott|1
|-damage|p1a: Whimsicott|65/100
|-damage|p2a: Kingambit|1/100|[from] item: Life Orb
|move|p1a: Whimsicott|Moonblast|p2b: Sneasler
|-damage|p2b: Sneasler|53/100
|move|p1b: Kingambit|Kowtow Cleave|p2b: Sneasler
|-resisted|p2b: Sneasler|1
|-damage|p2b: Sneasler|23/100
|
|upkeep
|turn|3
|
|t:|1785691149
|move|p2b: Sneasler|Fake Out|p1b: Kingambit
|-resisted|p1b: Kingambit|1
|-damage|p1b: Kingambit|95/100
|move|p1a: Whimsicott|Moonblast|p2b: Sneasler
|-damage|p2b: Sneasler|0 fnt
|faint|p2b: Sneasler
|cant|p1b: Kingambit|flinch
|move|p2a: Kingambit|Kowtow Cleave|p1b: Kingambit
|-resisted|p1b: Kingambit|1
|-damage|p1b: Kingambit|72/100
|-damage|p2a: Kingambit|0 fnt|[from] item: Life Orb
|faint|p2a: Kingambit
|
|upkeep
|
|t:|1785691153
|switch|p2b: Re|Scovillain, L50, M|100/100
|switch|p2a: Basculegion|Basculegion, L50, M|100/100
|turn|4
|
|t:|1785691165
|detailschange|p2b: Re|Scovillain-Mega, L50, M
|-mega|p2b: Re|Scovillain|Scovillainite
|move|p1a: Whimsicott|Protect|p1a: Whimsicott
|-singleturn|p1a: Whimsicott|Protect
|move|p2b: Re|Rage Powder|p2b: Re
|-singleturn|p2b: Re|move: Rage Powder
|move|p1b: Kingambit|Kowtow Cleave|p2b: Re
|-crit|p2b: Re
|-damage|p2b: Re|27/100
|-status|p1b: Kingambit|brn|[from] ability: Spicy Spray|[of] p2b: Re
|move|p2a: Basculegion|Last Respects|p1a: Whimsicott
|-activate|p1a: Whimsicott|move: Protect
|
|-damage|p1b: Kingambit|66/100 brn|[from] brn
|-sideend|p1: galloway2001|move: Tailwind
|upkeep
|turn|5
|
|t:|1785691183
|move|p2b: Re|Protect|p2b: Re
|-singleturn|p2b: Re|Protect
|move|p1a: Whimsicott|Encore|p2b: Re
|-activate|p2b: Re|move: Protect
|move|p2a: Basculegion|Last Respects|p1a: Whimsicott
|-damage|p1a: Whimsicott|0 fnt
|faint|p1a: Whimsicott
|move|p1b: Kingambit|Kowtow Cleave|p2a: Basculegion
|-supereffective|p2a: Basculegion|1
|-damage|p2a: Basculegion|51/100
|
|-damage|p1b: Kingambit|60/100 brn|[from] brn
|upkeep
|
|t:|1785691196
|switch|p1a: Charizard|Charizard, L50, M|100/100
|turn|6
|
|t:|1785691227
|detailschange|p1a: Charizard|Charizard-Mega-Y, L50, M
|-mega|p1a: Charizard|Charizard|Charizardite Y
|-weather|SunnyDay|[from] ability: Drought|[of] p1a: Charizard
|move|p2b: Re|Rage Powder|p2b: Re
|-singleturn|p2b: Re|move: Rage Powder
|move|p1a: Charizard|Weather Ball|p2b: Re
|-damage|p2b: Re|0 fnt
|-immune|p1a: Charizard
|faint|p2b: Re
|move|p2a: Basculegion|Wave Crash|p1a: Charizard
|-supereffective|p1a: Charizard|1
|-damage|p1a: Charizard|30/100
|-damage|p2a: Basculegion|32/100|[from] Recoil
|-enditem|p2a: Basculegion|Sitrus Berry|[eat]
|-heal|p2a: Basculegion|57/100|[from] item: Sitrus Berry
|move|p1b: Kingambit|Kowtow Cleave|p2a: Basculegion
|-supereffective|p2a: Basculegion|1
|-damage|p2a: Basculegion|13/100
|
|-weather|SunnyDay|[upkeep]
|-damage|p1b: Kingambit|55/100 brn|[from] brn
|upkeep
|turn|7
|-message|8787878i forfeited.
|
|win|galloway2001
|raw|galloway2001's rating: 1204 → 1230(+26 for winning)
|raw|8787878i's rating: 1213 → 1187(-26 for losing)
|l|☆8787878i
|player|p2|
