|j|☆statenty
|j|☆JLooney525
|html|statentyJLooney525    
|uhtml|bestof|Game 2 of a best-of-3
|t:|1786069766
|gametype|doubles
|player|p1|statenty|lucas|1116
|player|p2|JLooney525|265|1000
|gen|9
|tier|[Gen 9 Champions] VGC 2026 Reg M-B (Bo3)
|rated|
|rule|Species Clause: Limit one of each Pokémon
|rule|Item Clause: Limit 1 of each item
|clearpoke
|poke|p1|Charizard, L50, F|
|poke|p1|Sylveon, L50, M|
|poke|p1|Incineroar, L50, M|
|poke|p1|Garchomp, L50, F|
|poke|p1|Aerodactyl, L50, M|
|poke|p1|Kingambit, L50, F|
|poke|p2|Staraptor, L50, F|
|poke|p2|Raichu, L50, M|
|poke|p2|Sylveon, L50, F|
|poke|p2|Farigiraf, L50, M|
|poke|p2|Arcanine-Hisui, L50, M|
|poke|p2|Kingambit, L50, M|
|teampreview|4
|showteam|p1|Charizard||CharizarditeY|Blaze|HeatWave,SolarBeam,Protect,WeatherBall|Modest||F|||50|]Sylveon||Leftovers|Pixilate|HyperVoice,Moonblast,Yawn,Protect|Modest||M|||50|]Incineroar||SitrusBerry|Intimidate|FlareBlitz,FakeOut,PartingShot,Taunt|Impish||M|||50|]Garchomp||LifeOrb|RoughSkin|Earthquake,DragonClaw,StompingTantrum,RockSlide|Jolly||F|||50|]Aerodactyl||Aerodactylite|RockHead|RockSlide,DualWingbeat,Tailwind,Protect|Jolly||M|||50|]Kingambit||FocusSash|Defiant|LowKick,IronHead,SuckerPunch,KowtowCleave|Adamant||F|||50|
|showteam|p2|Staraptor||Staraptite|Intimidate|Protect,Tailwind,CloseCombat,DualWingbeat|Jolly||F|||50|]Raichu||RaichuniteY|LightningRod|Protect,ZapCannon,FocusBlast,FakeOut|Timid||M|||50|]Sylveon||FairyFeather|Pixilate|Detect,HyperVoice,QuickAttack,Moonblast|Modest||F|||50|]Farigiraf||SitrusBerry|ArmorTail|TrickRoom,HelpingHand,Psychic,Thunderbolt|Calm||M|||50|]Arcanine-Hisui||FocusSash|RockHead|Protect,HeadSmash,ExtremeSpeed,FlareBlitz|Jolly||M|||50|]Kingambit||LifeOrb|Defiant|Protect,SuckerPunch,KowtowCleave,LowKick|Adamant||M|||50|
|
|t:|1786069816
|teamsize|p1|4
|teamsize|p2|4
|start
|switch|p1a: Garchomp|Garchomp, L50, F|100/100
|switch|p1b: Aerodactyl|Aerodactyl, L50, M|100/100
|switch|p2a: Sylveon|Sylveon, L50, F|100/100
|switch|p2b: Farigiraf|Farigiraf, L50, M|100/100
|turn|1
|
|t:|1786069840
|switch|p1a: Charizard|Charizard, L50, F|100/100
|move|p1b: Aerodactyl|Rock Slide|p2a: Sylveon|[spread] p2b
|-miss|p1b: Aerodactyl|p2a: Sylveon
|-damage|p2b: Farigiraf|78/100
|move|p2a: Sylveon|Moonblast|p1a: Charizard
|-resisted|p1a: Charizard|1
|-damage|p1a: Charizard|71/100
|cant|p2b: Farigiraf|flinch
|
|upkeep
|turn|2
|
|t:|1786069883
|detailschange|p1a: Charizard|Charizard-Mega-Y, L50, F
|-mega|p1a: Charizard|Charizard|Charizardite Y
|-weather|SunnyDay|[from] ability: Drought|[of] p1a: Charizard
|move|p1b: Aerodactyl|Rock Slide|p2b: Farigiraf|[spread] p2a
|-miss|p1b: Aerodactyl|p2b: Farigiraf
|-damage|p2a: Sylveon|73/100
|move|p1a: Charizard|Weather Ball|p2b: Farigiraf
|-damage|p2b: Farigiraf|11/100
|-enditem|p2b: Farigiraf|Sitrus Berry|[eat]
|-heal|p2b: Farigiraf|36/100|[from] item: Sitrus Berry
|move|p2a: Sylveon|Hyper Voice|p1b: Aerodactyl|[spread] p1a,p1b
|-resisted|p1a: Charizard|1
|-damage|p1a: Charizard|49/100
|-damage|p1b: Aerodactyl|37/100
|move|p2b: Farigiraf|Thunderbolt|p1a: Charizard
|-supereffective|p1a: Charizard|1
|-damage|p1a: Charizard|5/100
|-status|p1a: Charizard|par
|
|-weather|SunnyDay|[upkeep]
|upkeep
|turn|3
|
|t:|1786069922
|move|p2a: Sylveon|Quick Attack|p1a: Charizard
|-resisted|p1a: Charizard|1
|-crit|p1a: Charizard
|-damage|p1a: Charizard|0 fnt
|faint|p1a: Charizard
|move|p1b: Aerodactyl|Rock Slide|p2a: Sylveon|[spread] p2a
|-miss|p1b: Aerodactyl|p2b: Farigiraf
|-damage|p2a: Sylveon|49/100
|move|p2b: Farigiraf|Thunderbolt|p1b: Aerodactyl
|-supereffective|p1b: Aerodactyl|1
|-damage|p1b: Aerodactyl|0 fnt
|faint|p1b: Aerodactyl
|
|-weather|SunnyDay|[upkeep]
|upkeep
|
|t:|1786069936
|switch|p1b: Sylveon|Sylveon, L50, M|100/100
|switch|p1a: Garchomp|Garchomp, L50, F|100/100
|turn|4
|
|t:|1786069964
|move|p2a: Sylveon|Detect|p2a: Sylveon
|-singleturn|p2a: Sylveon|Protect
|move|p1a: Garchomp|Rock Slide|p2b: Farigiraf|[spread] p2b
|-activate|p2a: Sylveon|move: Protect
|-damage|p2b: Farigiraf|14/100
|-damage|p1a: Garchomp|90/100|[from] item: Life Orb
|move|p1b: Sylveon|Hyper Voice|p2a: Sylveon|[spread] p2b
|-activate|p2a: Sylveon|move: Protect
|-damage|p2b: Farigiraf|0 fnt
|faint|p2b: Farigiraf
|
|-weather|SunnyDay|[upkeep]
|upkeep
|
|t:|1786069977
|switch|p2b: Raichu|Raichu, L50, M|100/100
|turn|5
|
|t:|1786069989
|detailschange|p2b: Raichu|Raichu-Mega-Y, L50, M
|-mega|p2b: Raichu|Raichu|Raichunite Y
|move|p2b: Raichu|Fake Out|p1a: Garchomp
|-damage|p1a: Garchomp|82/100
|-damage|p2b: Raichu|88/100|[from] ability: Rough Skin|[of] p1a: Garchomp
|cant|p1a: Garchomp|flinch
|move|p1b: Sylveon|Yawn|p2b: Raichu
|-start|p2b: Raichu|move: Yawn|[of] p1b: Sylveon
|move|p2a: Sylveon|Moonblast|p1a: Garchomp
|-supereffective|p1a: Garchomp|1
|-damage|p1a: Garchomp|0 fnt
|faint|p1a: Garchomp
|
|-weather|SunnyDay|[upkeep]
|upkeep
|turn|6
|
|t:|1786070020
|move|p2b: Raichu|Zap Cannon|p1b: Sylveon
|-damage|p1b: Sylveon|48/100
|-status|p1b: Sylveon|par
|move|p2a: Sylveon|Hyper Voice|p1b: Sylveon
|-damage|p1b: Sylveon|2/100 par
|move|p1b: Sylveon|Hyper Voice|p2b: Raichu|[spread] p2a,p2b
|-damage|p2a: Sylveon|19/100
|-damage|p2b: Raichu|40/100
|
|-weather|none
|-heal|p1b: Sylveon|8/100 par|[from] item: Leftovers
|-end|p2b: Raichu|move: Yawn|[silent]
|-status|p2b: Raichu|slp
|upkeep
|turn|7
|
|t:|1786070038
|move|p1b: Sylveon|Protect|p1b: Sylveon
|-singleturn|p1b: Sylveon|Protect
|move|p2a: Sylveon|Quick Attack|p1b: Sylveon
|-activate|p1b: Sylveon|move: Protect
|cant|p2b: Raichu|slp
|
|-heal|p1b: Sylveon|14/100 par|[from] item: Leftovers
|upkeep
|turn|8
|
|t:|1786070051
|move|p2a: Sylveon|Quick Attack|p1b: Sylveon
|-damage|p1b: Sylveon|0 fnt
|faint|p1b: Sylveon
|
|win|JLooney525
||JLooney525 is ready for game 3.
