|j|☆bighamsterbaseball
|j|☆BeckVGC
|html|bighamsterbaseballBeckVGC    
|uhtml|bestof|Game 2 of a best-of-3
|t:|1783554668
|gametype|doubles
|player|p1|bighamsterbaseball|pokemaniac|1176
|player|p2|BeckVGC|roughneck-gen4|1108
|gen|9
|tier|[Gen 9 Champions] VGC 2026 Reg M-B (Bo3)
|rated|
|rule|Species Clause: Limit one of each Pokémon
|rule|Item Clause: Limit 1 of each item
|clearpoke
|poke|p1|Swampert, L50, F|
|poke|p1|Pelipper, L50, F|
|poke|p1|Basculegion, L50, M|
|poke|p1|Politoed, L50, M|
|poke|p1|Greninja, L50, F|
|poke|p1|Archaludon, L50, F|
|poke|p2|Staraptor, L50, M|
|poke|p2|Skarmory, L50, M|
|poke|p2|Sylveon, L50, M|
|poke|p2|Whimsicott, L50, M|
|poke|p2|Garchomp, L50, M|
|poke|p2|Basculegion, L50, M|
|teampreview|4
|showteam|p1|Swampert||Swampertite|Damp|Earthquake,WaveCrash,HighHorsepower,WideGuard|Adamant||F|||50|]Pelipper||DampRock|Drizzle|WeatherBall,Hurricane,Tailwind,HelpingHand|Modest||F|||50|]Basculegion||LifeOrb|SwiftSwim|WaveCrash,LastRespects,AquaJet,Protect|Adamant||M|||50|]Politoed||ChoiceScarf|Drizzle|WeatherBall,IcyWind,EarthPower,RainDance|Timid||M|||50|]Greninja||FocusSash|Torrent|WeatherBall,WaterShuriken,DarkPulse,Protect|Timid||F|||50|]Archaludon||Leftovers|Stamina|ElectroShot,DragonPulse,Snarl,Protect|Modest||F|||50|
|showteam|p2|Staraptor||Staraptite|Intimidate|CloseCombat,BraveBird,Roost,Protect|Jolly||M|||50|]Skarmory||Skarmorite|Sturdy|IronHead,BraveBird,RockTomb,Protect|Adamant||M|||50|]Sylveon||FairyFeather|Pixilate|HyperVoice,HyperBeam,Roar,Protect|Modest||M|||50|]Whimsicott||FocusSash|Prankster|Moonblast,Tailwind,Encore,Charm|Timid||M|||50|]Garchomp||LifeOrb|RoughSkin|Earthquake,DragonClaw,RockSlide,Protect|Jolly||M|||50|]Basculegion||ChoiceScarf|Adaptability|LastRespects,WaveCrash,AquaJet,FlipTurn|Jolly||M|||50|
|inactive|Battle timer is ON: inactive players will automatically lose when time's up. (requested by BeckVGC)
|inactive|bighamsterbaseball has 60 seconds left.
|
|t:|1783554726
|teamsize|p1|4
|teamsize|p2|4
|start
|switch|p1a: Greninja|Greninja, L50, F|100/100
|switch|p1b: Pelipper|Pelipper, L50, F|100/100
|switch|p2a: Whimsicott|Whimsicott, L50, M|100/100
|switch|p2b: Staraptor|Staraptor, L50, M|100/100
|-ability|p2b: Staraptor|Intimidate|boost
|-unboost|p1a: Greninja|atk|1
|-unboost|p1b: Pelipper|atk|1
|-weather|RainDance|[from] ability: Drizzle|[of] p1b: Pelipper
|turn|1
|
|t:|1783554742
|detailschange|p2b: Staraptor|Staraptor-Mega, L50, M
|-mega|p2b: Staraptor|Staraptor|Staraptite
|move|p1a: Greninja|Protect|p1a: Greninja
|-singleturn|p1a: Greninja|Protect
|move|p2a: Whimsicott|Tailwind|p2a: Whimsicott
|-sidestart|p2: BeckVGC|move: Tailwind
|move|p2b: Staraptor|Close Combat|p1a: Greninja
|-activate|p1a: Greninja|move: Protect
|move|p1b: Pelipper|Tailwind|p1b: Pelipper
|-sidestart|p1: bighamsterbaseball|move: Tailwind
|
|-weather|RainDance|[upkeep]
|upkeep
|turn|2
|
|t:|1783554762
|move|p1b: Pelipper|Helping Hand|p1a: Greninja
|-singleturn|p1a: Greninja|Helping Hand|[of] p1b: Pelipper
|move|p2a: Whimsicott|Encore|p1b: Pelipper
|-start|p1b: Pelipper|Encore
|move|p1a: Greninja|Weather Ball|p2b: Staraptor
|-damage|p2b: Staraptor|0 fnt
|faint|p2b: Staraptor
|
|-weather|RainDance|[upkeep]
|upkeep
|
|t:|1783554771
|switch|p2b: Sylveon|Sylveon, L50, M|100/100
|turn|3
|inactive|bighamsterbaseball has 30 seconds left.
|
|t:|1783554802
|switch|p1b: Swampert|Swampert, L50, F|100/100
|move|p1a: Greninja|Weather Ball|p2a: Whimsicott
|-resisted|p2a: Whimsicott|1
|-damage|p2a: Whimsicott|47/100
|move|p2a: Whimsicott|Moonblast|p1a: Greninja
|-supereffective|p1a: Greninja|1
|-enditem|p1a: Greninja|Focus Sash
|-damage|p1a: Greninja|1/100
|move|p2b: Sylveon|Hyper Voice|p1a: Greninja|[spread] p1a,p1b
|-supereffective|p1a: Greninja|1
|-damage|p1a: Greninja|0 fnt
|-damage|p1b: Swampert|56/100
|faint|p1a: Greninja
|
|-weather|RainDance|[upkeep]
|upkeep
|
|t:|1783554812
|switch|p1a: Pelipper|Pelipper, L50, F|100/100
|turn|4
|
|t:|1783554820
|detailschange|p1b: Swampert|Swampert-Mega, L50, F
|-mega|p1b: Swampert|Swampert|Swampertite
|move|p2a: Whimsicott|Charm|p1b: Swampert
|-unboost|p1b: Swampert|atk|2
|move|p1b: Swampert|Wave Crash|p2b: Sylveon
|-damage|p2b: Sylveon|24/100
|-damage|p1b: Swampert|32/100|[from] Recoil
|move|p2b: Sylveon|Hyper Voice|p1b: Swampert|[spread] p1a,p1b
|-damage|p1a: Pelipper|31/100
|-damage|p1b: Swampert|0 fnt
|faint|p1b: Swampert
|move|p1a: Pelipper|Hurricane|p2a: Whimsicott
|-supereffective|p2a: Whimsicott|1
|-damage|p2a: Whimsicott|0 fnt
|faint|p2a: Whimsicott
|
|-weather|RainDance|[upkeep]
|-sideend|p1: bighamsterbaseball|move: Tailwind
|-sideend|p2: BeckVGC|move: Tailwind
|upkeep
|
|t:|1783554831
|switch|p2a: Basculegion|Basculegion, L50, M|100/100
|switch|p1b: Archaludon|Archaludon, L50, F|100/100
|turn|5
|
|t:|1783554847
|move|p2a: Basculegion|Last Respects|p1b: Archaludon
|-damage|p1b: Archaludon|29/100
|-ability|p1b: Archaludon|Stamina|boost
|-boost|p1b: Archaludon|def|1
|move|p1b: Archaludon|Electro Shot||[still]
|-prepare|p1b: Archaludon|Electro Shot
|-boost|p1b: Archaludon|spa|1
|-anim|p1b: Archaludon|Electro Shot|p2b: Sylveon
|-damage|p2b: Sylveon|0 fnt
|faint|p2b: Sylveon
|move|p1a: Pelipper|Tailwind|p1a: Pelipper
|-sidestart|p1: bighamsterbaseball|move: Tailwind
|
|-weather|RainDance|[upkeep]
|-heal|p1b: Archaludon|35/100|[from] item: Leftovers
|upkeep
|turn|6
|
|t:|1783554858
|move|p1b: Archaludon|Electro Shot||[still]
|-prepare|p1b: Archaludon|Electro Shot
|-boost|p1b: Archaludon|spa|1
|-anim|p1b: Archaludon|Electro Shot|p2a: Basculegion
|-supereffective|p2a: Basculegion|1
|-damage|p2a: Basculegion|0 fnt
|faint|p2a: Basculegion
|
|win|bighamsterbaseball
||BeckVGC is ready for game 3.
||bighamsterbaseball is ready for game 3.
|uhtml|next|Next: Game 3 of 3
|l|☆BeckVGC
|player|p2|
|l|☆bighamsterbaseball
|player|p1|
|j|☆bighamsterbaseball
|player|p1|bighamsterbaseball|pokemaniac|
