|j|☆ben harpic
|j|☆TeyVgc
|html|ben harpicTeyVgc    
|uhtml|bestof|Game 1 of a best-of-3
|t:|1756954212
|gametype|doubles
|player|p1|ben harpic|101|1298
|player|p2|TeyVgc|benga|1190
|gen|9
|tier|[Gen 9] VGC 2025 Reg H (Bo3)
|rated|
|rule|Species Clause: Limit one of each Pokémon
|rule|Item Clause: Limit 1 of each item
|clearpoke
|poke|p1|Dragapult, L50, F|
|poke|p1|Milotic, L50, F|
|poke|p1|Rillaboom, L50, M|
|poke|p1|Annihilape, L50, M|
|poke|p1|Maushold-Four, L50|
|poke|p1|Weezing, L50, F|
|poke|p2|Gholdengo, L50|
|poke|p2|Dragonite, L50, M|
|poke|p2|Sneasler, L50, M|
|poke|p2|Incineroar, L50, F|
|poke|p2|Indeedee, L50, M|
|poke|p2|Gastrodon, L50, M|
|teampreview|4
|showteam|p1|Dragapult||LightClay|ClearBody|DragonDarts,Reflect,LightScreen,ThunderWave|||F|||50|,,,,,Steel]Milotic||Leftovers|Competitive|Scald,Protect,LifeDew,Haze|||F|||50|,,,,,Dragon]Rillaboom||MiracleSeed|GrassySurge|WoodHammer,FakeOut,WorrySeed,GrassyGlide|||M|||50|,,,,,Grass]Annihilape||SitrusBerry|Defiant|RageFist,Protect,BulkUp,DrainPunch|||M|||50|,,,,,Normal]Maushold-Four||WideLens|FriendGuard|PopulationBomb,Protect,Taunt,ThunderWave||||||50|,,,,,Ghost]Weezing||WikiBerry|NeutralizingGas|SludgeBomb,Protect,Taunt,WillOWisp|||F|||50|,,,,,Ghost
|showteam|p2|Gholdengo||LifeOrb|GoodasGold|Protect,MakeItRain,ShadowBall,NastyPlot||||||50|,,,,,Water]Dragonite||LoadedDice|Multiscale|ScaleShot,Tailwind,Haze,Protect|||M|||50|,,,,,Fairy]Sneasler||PsychicSeed|Unburden|Protect,DireClaw,CloseCombat,ThroatChop|||M|||50|,,,,,Dark]Incineroar||SafetyGoggles|Intimidate|KnockOff,PartingShot,FlareBlitz,FakeOut|||F|||50|,,,,,Ghost]Indeedee||FocusSash|PsychicSurge|ExpandingForce,TrickRoom,Imprison,TeraBlast|||M|||50|,,,,,Fighting]Gastrodon||Leftovers|StormDrain|EarthPower,Yawn,Recover,IceBeam|||M|||50|,,,,,Poison
|inactive|Battle timer is ON: inactive players will automatically lose when time's up. (requested by ben harpic)
|
|t:|1756954267
|teamsize|p1|4
|teamsize|p2|4
|start
|switch|p1a: Dragapult|Dragapult, L50, F|100/100
|switch|p1b: Weezing|Weezing, L50, F|100/100
|switch|p2a: Sneasler|Sneasler, L50, M|100/100
|switch|p2b: Indeedee|Indeedee, L50, M|100/100
|-ability|p1b: Weezing|Neutralizing Gas
|turn|1
|inactive|TeyVgc has 30 seconds left.
|inactive|TeyVgc has 20 seconds left.
|
|t:|1756954305
|-terastallize|p2a: Sneasler|Dark
|move|p1b: Weezing|Protect|p1b: Weezing
|-singleturn|p1b: Weezing|Protect
|move|p1a: Dragapult|Thunder Wave|p2a: Sneasler
|-status|p2a: Sneasler|par
|move|p2b: Indeedee|Expanding Force|p1b: Weezing
|-activate|p1b: Weezing|move: Protect
|move|p2a: Sneasler|Throat Chop|p1a: Dragapult
|-supereffective|p1a: Dragapult
|-damage|p1a: Dragapult|4/100
|-start|p1a: Dragapult|Throat Chop|[silent]
|
|upkeep
|turn|2
|
|t:|1756954324
|-end|p1b: Weezing|ability: Neutralizing Gas
|-fieldstart|move: Psychic Terrain|[from] ability: Psychic Surge|[of] p2b: Indeedee
|-enditem|p2a: Sneasler|Psychic Seed
|-boost|p2a: Sneasler|spd|1|[from] item: Psychic Seed
|switch|p1b: Rillaboom|Rillaboom, L50, M|100/100
|-fieldstart|move: Grassy Terrain|[from] ability: Grassy Surge|[of] p1b: Rillaboom
|move|p2a: Sneasler|Protect|p2a: Sneasler
|-singleturn|p2a: Sneasler|Protect
|move|p1a: Dragapult|Light Screen|p1a: Dragapult
|-sidestart|p1: ben harpic|move: Light Screen
|move|p2b: Indeedee|Trick Room|p2b: Indeedee
|-fieldstart|move: Trick Room|[of] p2b: Indeedee
|
|-heal|p1a: Dragapult|10/100|[from] Grassy Terrain
|-end|p1a: Dragapult|Throat Chop|[silent]
|upkeep
|turn|3
|
|t:|1756954347
|switch|p1b: Annihilape|Annihilape, L50, M|100/100
|switch|p2b: Gholdengo|Gholdengo, L50|100/100
|switch|p2a: Dragonite|Dragonite, L50, M|100/100
|switch|p1a: Weezing|Weezing, L50, F|100/100
|-ability|p1a: Weezing|Neutralizing Gas
|
|upkeep
|turn|4
|
|t:|1756954372
|move|p1a: Weezing|Will-O-Wisp|p2a: Dragonite
|-status|p2a: Dragonite|brn
|move|p1b: Annihilape|Bulk Up|p1b: Annihilape
|-boost|p1b: Annihilape|atk|1
|-boost|p1b: Annihilape|def|1
|move|p2a: Dragonite|Scale Shot|p1a: Weezing
|-damage|p1a: Weezing|94/100
|-damage|p1a: Weezing|87/100
|-damage|p1a: Weezing|80/100
|-damage|p1a: Weezing|73/100
|-damage|p1a: Weezing|67/100
|-hitcount|p1a: Weezing|5
|-unboost|p2a: Dragonite|def|1
|-boost|p2a: Dragonite|spe|1
|move|p2b: Gholdengo|Nasty Plot|p2b: Gholdengo
|-boost|p2b: Gholdengo|spa|2
|
|-heal|p1a: Weezing|73/100|[from] Grassy Terrain
|-damage|p2a: Dragonite|94/100 brn|[from] brn
|upkeep
|turn|5
|
|t:|1756954393
|switch|p2a: Indeedee|Indeedee, L50, M|100/100
|move|p2b: Gholdengo|Protect|p2b: Gholdengo
|-singleturn|p2b: Gholdengo|Protect
|move|p1a: Weezing|Sludge Bomb|p2a: Indeedee
|-damage|p2a: Indeedee|63/100
|-status|p2a: Indeedee|psn
|move|p1b: Annihilape|Rage Fist|p2b: Gholdengo
|-activate|p2b: Gholdengo|move: Protect
|
|-heal|p1a: Weezing|78/100|[from] Grassy Terrain
|-heal|p2a: Indeedee|69/100 psn|[from] Grassy Terrain
|-damage|p2a: Indeedee|56/100 psn|[from] psn
|upkeep
|turn|6
|
|t:|1756954421
|-terastallize|p1b: Annihilape|Normal
|move|p1a: Weezing|Protect|p1a: Weezing
|-singleturn|p1a: Weezing|Protect
|move|p2b: Gholdengo|Protect|p2b: Gholdengo
|-singleturn|p2b: Gholdengo|Protect
|move|p1b: Annihilape|Rage Fist|p2b: Gholdengo
|-activate|p2b: Gholdengo|move: Protect
|move|p2a: Indeedee|Expanding Force|p1b: Annihilape
|-damage|p1b: Annihilape|82/100
|
|-heal|p1a: Weezing|84/100|[from] Grassy Terrain
|-heal|p1b: Annihilape|88/100|[from] Grassy Terrain
|-heal|p2a: Indeedee|62/100 psn|[from] Grassy Terrain
|-damage|p2a: Indeedee|50/100 psn|[from] psn
|-fieldend|move: Trick Room
|-fieldend|move: Grassy Terrain
|upkeep
|turn|7
|
|t:|1756954442
|move|p2a: Indeedee|Expanding Force|p1b: Annihilape
|-damage|p1b: Annihilape|72/100
|move|p2b: Gholdengo|Make It Rain|p1a: Weezing|[spread] p1a,p1b
|-damage|p1a: Weezing|5/100
|-damage|p1b: Annihilape|15/100
|-unboost|p2b: Gholdengo|spa|1
|-enditem|p1b: Annihilape|Sitrus Berry|[eat]
|-heal|p1b: Annihilape|40/100|[from] item: Sitrus Berry
|-enditem|p1a: Weezing|Wiki Berry|[eat]
|-heal|p1a: Weezing|38/100|[from] item: Wiki Berry
|-damage|p2b: Gholdengo|91/100|[from] item: Life Orb
|move|p1b: Annihilape|Rage Fist|p2b: Gholdengo
|-supereffective|p2b: Gholdengo
|-crit|p2b: Gholdengo
|-damage|p2b: Gholdengo|0 fnt
|faint|p2b: Gholdengo
|move|p1a: Weezing|Sludge Bomb|p2a: Indeedee
|-damage|p2a: Indeedee|12/100 psn
|
|-damage|p2a: Indeedee|0 fnt|[from] psn
|faint|p2a: Indeedee
|upkeep
|
|t:|1756954448
|switch|p2a: Dragonite|Dragonite, L50, M|94/100 brn
|switch|p2b: Sneasler|Sneasler, L50, M, tera:Dark|100/100 par
|turn|8
|-message|TeyVgc forfeited.
|
|win|ben harpic
