|j|☆yetiyoupi
|j|☆colemarcusvgc
|html|yetiyoupicolemarcusvgc    
|uhtml|bestof|Game 2 of a best-of-3
|t:|1757052472
|gametype|doubles
|player|p1|yetiyoupi|101|1179
|player|p2|colemarcusvgc|n|1152
|gen|9
|tier|[Gen 9] VGC 2025 Reg H (Bo3)
|rated|
|rule|Species Clause: Limit one of each Pokémon
|rule|Item Clause: Limit 1 of each item
|clearpoke
|poke|p1|Braviary-Hisui, L50, M|
|poke|p1|Politoed, L50, F|
|poke|p1|Gothitelle, L50, M|
|poke|p1|Archaludon, L50, F|
|poke|p1|Sneasler, L50, M|
|poke|p1|Amoonguss, L50, F|
|poke|p2|Indeedee-F, L50, F|
|poke|p2|Hatterene, L50, F|
|poke|p2|Gallade, L50, M|
|poke|p2|Ursaluna, L50, M|
|poke|p2|Lilligant-Hisui, L50, F|
|poke|p2|Torkoal, L50, M|
|teampreview|4
|showteam|p1|Braviary-Hisui||ChoiceSpecs|SheerForce|Hurricane,Psychic,ShadowBall,Uturn|||M|||50|,,,,,Ghost]Politoed||CovertCloak|Drizzle|PerishSong,Protect,WeatherBall,IceBeam|||F|||50|,,,,,Grass]Gothitelle||SitrusBerry|ShadowTag|FakeOut,Psychic,Protect,Taunt|||M|||50|,,,,,Water]Archaludon||PowerHerb|Stamina|ElectroShot,BodyPress,Protect,DracoMeteor|||F|||50|,,,,,Electric]Sneasler||WhiteHerb|Unburden|DireClaw,CloseCombat,FakeOut,Protect|||M|||50|,,,,,Fighting]Amoonguss||MentalHerb|Regenerator|Spore,RagePowder,Protect,SludgeBomb|||F|||50|,,,,,Grass
|showteam|p2|Indeedee-F||PsychicSeed|PsychicSurge|TrickRoom,FollowMe,HelpingHand,DazzlingGleam|||F|||50|,,,,,Fire]Hatterene||LifeOrb|MagicBounce|ExpandingForce,TrickRoom,DazzlingGleam,Protect|||F|||50|,,,,,Psychic]Gallade||ClearAmulet|Sharpness|PsychoCut,TrickRoom,SacredSword,WideGuard|||M|||50|,,,,,Grass]Ursaluna||FlameOrb|Guts|HeadlongRush,Facade,SwordsDance,Protect|||M|||50|,,,,,Ghost]Lilligant-Hisui||FocusSash|Chlorophyll|SolarBlade,SleepPowder,CloseCombat,AfterYou|||F|||50|,,,,,Ghost]Torkoal||ChoiceSpecs|Drought|Eruption,HeatWave,WeatherBall,EarthPower|||M|||50|,,,,,Fire
|
|t:|1757052495
|teamsize|p1|4
|teamsize|p2|4
|start
|switch|p1a: Sneasler|Sneasler, L50, M|100/100
|switch|p1b: Braviary|Braviary-Hisui, L50, M|100/100
|switch|p2a: Lilligant|Lilligant-Hisui, L50, F|100/100
|switch|p2b: Torkoal|Torkoal, L50, M|100/100
|-weather|SunnyDay|[from] ability: Drought|[of] p2b: Torkoal
|turn|1
|
|t:|1757052519
|switch|p1a: Politoed|Politoed, L50, F|100/100
|-weather|RainDance|[from] ability: Drizzle|[of] p1a: Politoed
|-terastallize|p2b: Torkoal|Fire
|move|p2a: Lilligant|After You|p2b: Torkoal
|-activate|p2b: Torkoal|move: After You
|move|p2b: Torkoal|Eruption|p1a: Politoed|[spread] p1a,p1b
|-resisted|p1a: Politoed
|-damage|p1a: Politoed|84/100
|-damage|p1b: Braviary|39/100
|move|p1b: Braviary|Hurricane|p2a: Lilligant
|-supereffective|p2a: Lilligant
|-enditem|p2a: Lilligant|Focus Sash
|-damage|p2a: Lilligant|1/100
|
|-weather|RainDance|[upkeep]
|upkeep
|turn|2
|
|t:|1757052542
|switch|p2a: Indeedee|Indeedee-F, L50, F|100/100
|-fieldstart|move: Psychic Terrain|[from] ability: Psychic Surge|[of] p2a: Indeedee
|-enditem|p2a: Indeedee|Psychic Seed
|-boost|p2a: Indeedee|spd|1|[from] item: Psychic Seed
|switch|p1b: Sneasler|Sneasler, L50, M|100/100
|switch|p2b: Ursaluna|Ursaluna, L50, M|100/100
|move|p1a: Politoed|Weather Ball|p2a: Indeedee
|-damage|p2a: Indeedee|68/100
|
|-weather|RainDance|[upkeep]
|-status|p2b: Ursaluna|brn|[from] item: Flame Orb
|upkeep
|turn|3
|
|t:|1757052562
|move|p2b: Ursaluna|Protect|p2b: Ursaluna
|-singleturn|p2b: Ursaluna|Protect
|move|p1b: Sneasler|Close Combat|p2a: Indeedee
|-damage|p2a: Indeedee|3/100
|-unboost|p1b: Sneasler|def|1
|-unboost|p1b: Sneasler|spd|1
|-enditem|p1b: Sneasler|White Herb
|-clearnegativeboost|p1b: Sneasler|[silent]
|move|p1a: Politoed|Weather Ball|p2b: Ursaluna
|-activate|p2b: Ursaluna|move: Protect
|move|p2a: Indeedee|Trick Room|p2a: Indeedee
|-fieldstart|move: Trick Room|[of] p2a: Indeedee
|
|-weather|RainDance|[upkeep]
|-damage|p2b: Ursaluna|95/100 brn|[from] brn
|upkeep
|turn|4
|
|t:|1757052579
|move|p1b: Sneasler|Protect|p1b: Sneasler
|-singleturn|p1b: Sneasler|Protect
|move|p2a: Indeedee|Follow Me|p2a: Indeedee
|-singleturn|p2a: Indeedee|move: Follow Me
|move|p2b: Ursaluna|Facade|p1b: Sneasler
|-activate|p1b: Sneasler|move: Protect
|move|p1a: Politoed|Weather Ball|p2a: Indeedee
|-damage|p2a: Indeedee|0 fnt
|faint|p2a: Indeedee
|
|-weather|RainDance|[upkeep]
|-damage|p2b: Ursaluna|89/100 brn|[from] brn
|upkeep
|
|t:|1757052593
|switch|p2a: Torkoal|Torkoal, L50, M, tera:Fire|100/100
|-weather|SunnyDay|[from] ability: Drought|[of] p2a: Torkoal
|turn|5
|
|t:|1757052601
|switch|p1a: Braviary|Braviary-Hisui, L50, M|39/100
|move|p1b: Sneasler|Protect||[still]
|-fail|p1b: Sneasler
|move|p2a: Torkoal|Eruption|p1a: Braviary|[spread] p1a,p1b
|-damage|p1a: Braviary|0 fnt
|-damage|p1b: Sneasler|0 fnt
|faint|p1a: Braviary
|faint|p1b: Sneasler
|move|p2b: Ursaluna|Facade|p1: Braviary|[notarget]
|-fail|p2b: Ursaluna
|
|-weather|SunnyDay|[upkeep]
|-damage|p2b: Ursaluna|83/100 brn|[from] brn
|upkeep
|inactive|Battle timer is ON: inactive players will automatically lose when time's up. (requested by colemarcusvgc)
|
|t:|1757052664
|switch|p1a: Politoed|Politoed, L50, F|84/100
|switch|p1b: Amoonguss|Amoonguss, L50, F|100/100
|-weather|RainDance|[from] ability: Drizzle|[of] p1a: Politoed
|turn|6
|inactive|yetiyoupi has 30 seconds left.
|
|t:|1757052691
|switch|p2a: Lilligant|Lilligant-Hisui, L50, F|1/100
|move|p2b: Ursaluna|Facade|p1a: Politoed
|-damage|p1a: Politoed|0 fnt
|faint|p1a: Politoed
|move|p1b: Amoonguss|Spore||[still]
|-fail|p1b: Amoonguss
|
|-weather|RainDance|[upkeep]
|-damage|p2b: Ursaluna|77/100 brn|[from] brn
|-fieldend|move: Psychic Terrain
|upkeep
|turn|7
|-message|yetiyoupi forfeited.
|
|win|colemarcusvgc
|raw|yetiyoupi's rating: 1179 → 1152(-27 for losing)
|raw|colemarcusvgc's rating: 1152 → 1179(+27 for winning)
|l|☆yetiyoupi
|player|p1|
|c|☆colemarcusvgc|gg
