|j|☆parmesanlugubre206
|j|☆aqoursfan1
|html|parmesanlugubre206aqoursfan1    
|uhtml|bestof|Game 2 of a best-of-3
|t:|1785626382
|gametype|doubles
|player|p1|parmesanlugubre206|ethan|1150
|player|p2|aqoursfan1|anabel-gen7|1168
|gen|9
|tier|[Gen 9 Champions] VGC 2026 Reg M-B (Bo3)
|rated|
|rule|Species Clause: Limit one of each Pokémon
|rule|Item Clause: Limit 1 of each item
|clearpoke
|poke|p1|Victreebel, L50, M|
|poke|p1|Rotom-Heat, L50|
|poke|p1|Garchomp, L50, M|
|poke|p1|Basculegion, L50, M|
|poke|p1|Sneasler, L50, M|
|poke|p1|Kingambit, L50, M|
|poke|p2|Raichu, L50, F|
|poke|p2|Gengar, L50, F|
|poke|p2|Incineroar, L50, F|
|poke|p2|Ninetales-Alola, L50, F, shiny|
|poke|p2|Volcarona, L50, F, shiny|
|poke|p2|Kommo-o, L50, M|
|teampreview|4
|showteam|p1|Victreebel||Victreebelite|Chlorophyll|GigaDrain,SludgeBomb,SleepPowder,StrengthSap|Modest||M|||50|]Rotom-Heat||SitrusBerry|Levitate|LightScreen,Overheat,VoltSwitch,WillOWisp|Modest|||||50|]Garchomp||LifeOrb|RoughSkin|DragonClaw,Earthquake,StompingTantrum,Protect|Jolly||M|||50|]Basculegion||ChoiceScarf|Adaptability|WaveCrash,LastRespects,AquaJet,FlipTurn|Adamant||M|||50|]Sneasler||FocusSash|PoisonTouch|CloseCombat,PoisonJab,RockTomb,Protect|Jolly||M|||50|]Kingambit||BlackGlasses|Defiant|KowtowCleave,SuckerPunch,LowKick,Protect|Adamant||M|||50|
|showteam|p2|Raichu||RaichuniteX|LightningRod|VoltTackle,VoltSwitch,FakeOut,Protect|Jolly||F|||50|]Gengar||Gengarite|CursedBody|ShadowBall,SludgeBomb,Substitute,Protect|Modest||F|||50|]Incineroar||PasshoBerry|Intimidate|FlareBlitz,ThroatChop,PartingShot,FakeOut|Adamant||F|||50|]Ninetales-Alola||ChoiceScarf|SnowWarning|Blizzard,FreezeDry,IcyWind,Moonblast|Timid||F|||50|]Volcarona||SitrusBerry|FlameBody|Flamethrower,StruggleBug,RagePowder,Protect|Bold||F|||50|]Kommo-o||Leftovers|Soundproof|ClangingScales,AuraSphere,ClangorousSoul,Protect|Modest||M|||50|
|inactive|Battle timer is ON: inactive players will automatically lose when time's up. (requested by parmesanlugubre206)
|inactive|aqoursfan1 also wants the timer to be on.
|
|t:|1785626410
|teamsize|p1|4
|teamsize|p2|4
|start
|switch|p1a: Basculegion|Basculegion, L50, M|100/100
|switch|p1b: Rotom|Rotom-Heat, L50|100/100
|switch|p2a: Kommo-o|Kommo-o, L50, M|100/100
|switch|p2b: Incineroar|Incineroar, L50, F|100/100
|-ability|p2b: Incineroar|Intimidate|boost
|-unboost|p1a: Basculegion|atk|1
|-unboost|p1b: Rotom|atk|1
|turn|1
|
|t:|1785626420
|move|p1a: Basculegion|Flip Turn|p2b: Incineroar
|-supereffective|p2b: Incineroar|1
|-enditem|p2b: Incineroar|Passho Berry|[eat]
|-enditem|p2b: Incineroar|Passho Berry|[weaken]
|-damage|p2b: Incineroar|75/100
|
|t:|1785626424
|switch|p1a: Victreebel|Victreebel, L50, M|100/100|[from] Flip Turn
|move|p2a: Kommo-o|Clangorous Soul|p2a: Kommo-o
|-boost|p2a: Kommo-o|atk|1
|-boost|p2a: Kommo-o|def|1
|-boost|p2a: Kommo-o|spa|1
|-boost|p2a: Kommo-o|spd|1
|-boost|p2a: Kommo-o|spe|1
|-damage|p2a: Kommo-o|67/100
|move|p1b: Rotom|Light Screen|p1b: Rotom
|-sidestart|p1: parmesanlugubre206|move: Light Screen
|move|p2b: Incineroar|Parting Shot|p1a: Victreebel
|-unboost|p1a: Victreebel|atk|1
|-unboost|p1a: Victreebel|spa|1
|
|t:|1785626429
|switch|p2b: Gengar|Gengar, L50, F|100/100|[from] Parting Shot
|
|-heal|p2a: Kommo-o|73/100|[from] item: Leftovers
|upkeep
|turn|2
|
|t:|1785626437
|detailschange|p2b: Gengar|Gengar-Mega, L50, F
|-mega|p2b: Gengar|Gengar|Gengarite
|detailschange|p1a: Victreebel|Victreebel-Mega, L50, M
|-mega|p1a: Victreebel|Victreebel|Victreebelite
|move|p2a: Kommo-o|Clangorous Soul|p2a: Kommo-o
|-boost|p2a: Kommo-o|atk|1
|-boost|p2a: Kommo-o|def|1
|-boost|p2a: Kommo-o|spa|1
|-boost|p2a: Kommo-o|spd|1
|-boost|p2a: Kommo-o|spe|1
|-damage|p2a: Kommo-o|40/100
|move|p2b: Gengar|Substitute|p2b: Gengar
|-start|p2b: Gengar|Substitute
|-damage|p2b: Gengar|75/100
|move|p1b: Rotom|Volt Switch|p2b: Gengar
|-end|p2b: Gengar|Substitute
|
|t:|1785626445
|switch|p1b: Garchomp|Garchomp, L50, M|100/100|[from] Volt Switch
|move|p1a: Victreebel|Sludge Bomb|p2a: Kommo-o
|-damage|p2a: Kommo-o|18/100
|
|-heal|p2a: Kommo-o|24/100|[from] item: Leftovers
|upkeep
|turn|3
|
|t:|1785626459
|move|p2a: Kommo-o|Protect|p2a: Kommo-o
|-singleturn|p2a: Kommo-o|Protect
|move|p2b: Gengar|Protect|p2b: Gengar
|-singleturn|p2b: Gengar|Protect
|move|p1b: Garchomp|Stomping Tantrum|p2b: Gengar
|-activate|p2b: Gengar|move: Protect
|move|p1a: Victreebel|Sludge Bomb|p2a: Kommo-o
|-activate|p2a: Kommo-o|move: Protect
|
|-heal|p2a: Kommo-o|30/100|[from] item: Leftovers
|upkeep
|turn|4
|
|t:|1785626470
|move|p1b: Garchomp|Protect|p1b: Garchomp
|-singleturn|p1b: Garchomp|Protect
|move|p2a: Kommo-o|Clanging Scales|p1a: Victreebel|[spread] p1a
|-activate|p1b: Garchomp|move: Protect
|-damage|p1a: Victreebel|44/100
|-unboost|p2a: Kommo-o|def|1
|move|p2b: Gengar|Sludge Bomb|p1a: Victreebel
|-damage|p1a: Victreebel|6/100
|move|p1a: Victreebel|Sludge Bomb|p2a: Kommo-o
|-damage|p2a: Kommo-o|9/100
|
|-heal|p2a: Kommo-o|15/100|[from] item: Leftovers
|upkeep
|turn|5
|
|t:|1785626491
|move|p2a: Kommo-o|Clanging Scales|p1b: Garchomp|[spread] p1a,p1b
|-supereffective|p1b: Garchomp|1
|-damage|p1a: Victreebel|0 fnt
|-damage|p1b: Garchomp|0 fnt
|-damage|p2a: Kommo-o|6/100|[from] ability: Innards Out|[of] p1a: Victreebel
|faint|p1a: Victreebel
|faint|p1b: Garchomp
|-unboost|p2a: Kommo-o|def|1
|move|p2b: Gengar|Substitute|p2b: Gengar
|-start|p2b: Gengar|Substitute
|-damage|p2b: Gengar|50/100g
|
|-heal|p2a: Kommo-o|12/100|[from] item: Leftovers
|-sideend|p1: parmesanlugubre206|move: Light Screen
|upkeep
|
|t:|1785626496
|switch|p1b: Basculegion|Basculegion, L50, M|100/100
|switch|p1a: Rotom|Rotom-Heat, L50|100/100
|turn|6
|
|t:|1785626499
|move|p2a: Kommo-o|Protect|p2a: Kommo-o
|-singleturn|p2a: Kommo-o|Protect
|move|p1b: Basculegion|Aqua Jet|p2a: Kommo-o
|-activate|p2a: Kommo-o|move: Protect
|move|p2b: Gengar|Shadow Ball|p1b: Basculegion
|-supereffective|p1b: Basculegion|1
|-damage|p1b: Basculegion|0 fnt
|faint|p1b: Basculegion
|move|p1a: Rotom|Volt Switch|p2b: Gengar
|-end|p2b: Gengar|Substitute
|
|-heal|p2a: Kommo-o|18/100|[from] item: Leftovers
|upkeep
|turn|7
|-message|parmesanlugubre206 forfeited.
|
|win|aqoursfan1
|raw|parmesanlugubre206's rating: 1150 → 1126(-24 for losing)
|raw|aqoursfan1's rating: 1168 → 1192(+24 for winning)
