|j|☆OwanTanSoup
|j|☆Quill86
|html|OwanTanSoupQuill86    
|uhtml|bestof|Game 2 of a best-of-3
|t:|1757824259
|gametype|doubles
|player|p1|OwanTanSoup|ingo|1121
|player|p2|Quill86|lucas|1201
|gen|9
|tier|[Gen 9] VGC 2025 Reg H (Bo3)
|rated|
|rule|Species Clause: Limit one of each Pokémon
|rule|Item Clause: Limit 1 of each item
|clearpoke
|poke|p1|Ursaluna-Bloodmoon, L50, M|
|poke|p1|Ceruledge, L50, M|
|poke|p1|Incineroar, L50, M|
|poke|p1|Rotom-Mow, L50|
|poke|p1|Garchomp, L50, M|
|poke|p1|Dragonite, L50, F|
|poke|p2|Incineroar, L50, M|
|poke|p2|Gholdengo, L50|
|poke|p2|Ursaluna-Bloodmoon, L50, M|
|poke|p2|Indeedee-F, L50, F|
|poke|p2|Gallade, L50, M|
|poke|p2|Torkoal, L50, F|
|teampreview|4
|showteam|p1|Ursaluna-Bloodmoon||CovertCloak|MindsEye|BloodMoon,Protect,HyperVoice,EarthPower|||M|||50|,,,,,Ground]Ceruledge||LifeOrb|FlashFire|BitterBlade,ShadowSneak,Protect,BulkUp|||M|||50|,,,,,Grass]Incineroar||AbilityShield|Intimidate|FakeOut,KnockOff,PartingShot,FlameCharge|||M|||50|,,,,,Fire]Rotom-Mow||WhiteHerb|Levitate|Electroweb,LeafStorm,Protect,VoltSwitch||||||50|,,,,,Grass]Garchomp||RockyHelmet|RoughSkin|SwordsDance,RockSlide,Earthquake,Protect|||M|||50|,,,,,Ground]Dragonite||Leftovers|InnerFocus|IceSpinner,Tailwind,ExtremeSpeed,Haze|||F|||50|,,,,,Normal
|showteam|p2|Incineroar||SafetyGoggles|Intimidate|FakeOut,FlareBlitz,KnockOff,PartingShot|||M|||50|,,,,,Ghost]Gholdengo||SitrusBerry|GoodasGold|MakeItRain,ShadowBall,NastyPlot,Protect||||||50|,,,,,Water]Ursaluna-Bloodmoon||LifeOrb|MindsEye|BloodMoon,HyperVoice,EarthPower,Protect|||M|||50|,,,,,Normal]Indeedee-F||PsychicSeed|PsychicSurge|FollowMe,TrickRoom,HelpingHand,DazzlingGleam|||F|||50|,,,,,Fairy]Gallade||ClearAmulet|Sharpness|SacredSword,PsychoCut,WideGuard,TrickRoom|||M|||50|,,,,,Grass]Torkoal||Leftovers|Drought|Eruption,WeatherBall,Yawn,Protect|||F|||50|,,,,,Fire
|inactive|Battle timer is ON: inactive players will automatically lose when time's up. (requested by Quill86)
|
|t:|1757824270
|teamsize|p1|4
|teamsize|p2|4
|start
|switch|p1a: Dragonite|Dragonite, L50, F|100/100
|switch|p1b: Incineroar|Incineroar, L50, M|100/100
|switch|p2a: Indeedee|Indeedee-F, L50, F|100/100
|switch|p2b: Gallade|Gallade, L50, M|100/100
|-fieldstart|move: Psychic Terrain|[from] ability: Psychic Surge|[of] p2a: Indeedee
|-enditem|p2a: Indeedee|Psychic Seed
|-boost|p2a: Indeedee|spd|1|[from] item: Psychic Seed
|-ability|p1b: Incineroar|Intimidate|boost
|-unboost|p2a: Indeedee|atk|1
|-fail|p2b: Gallade|unboost|[from] item: Clear Amulet|[of] p2b: Gallade
|turn|1
|inactive|OwanTanSoup has 30 seconds left.
|inactive|OwanTanSoup has 20 seconds left.
|inactive|OwanTanSoup has 15 seconds left.
|
|t:|1757824311
|move|p1a: Dragonite|Ice Spinner|p2b: Gallade
|-damage|p2b: Gallade|62/100
|-fieldend|move: Psychic Terrain
|move|p1b: Incineroar|Knock Off|p2b: Gallade
|-damage|p2b: Gallade|0 fnt
|-enditem|p2b: Gallade|Clear Amulet|[from] move: Knock Off|[of] p1b: Incineroar
|faint|p2b: Gallade
|move|p2a: Indeedee|Trick Room|p2a: Indeedee
|-fieldstart|move: Trick Room|[of] p2a: Indeedee
|
|upkeep
|
|t:|1757824318
|switch|p2b: Ursaluna|Ursaluna-Bloodmoon, L50, M|100/100
|turn|2
|
|t:|1757824339
|-terastallize|p2b: Ursaluna|Normal
|move|p2a: Indeedee|Helping Hand|p2b: Ursaluna
|-singleturn|p2b: Ursaluna|Helping Hand|[of] p2a: Indeedee
|move|p1a: Dragonite|Extreme Speed|p2a: Indeedee
|-damage|p2a: Indeedee|75/100
|move|p2b: Ursaluna|Hyper Voice|p1a: Dragonite|[spread] p1a,p1b
|-damage|p1a: Dragonite|0 fnt
|-damage|p1b: Incineroar|15/100
|faint|p1a: Dragonite
|-damage|p2b: Ursaluna|90/100|[from] item: Life Orb
|move|p1b: Incineroar|Parting Shot|p2b: Ursaluna
|-unboost|p2b: Ursaluna|atk|1
|-unboost|p2b: Ursaluna|spa|1
|
|t:|1757824352
|switch|p1b: Ursaluna|Ursaluna-Bloodmoon, L50, M|100/100|[from] Parting Shot
|
|upkeep
|
|t:|1757824357
|switch|p1a: Incineroar|Incineroar, L50, M|15/100
|-ability|p1a: Incineroar|Intimidate|boost
|-unboost|p2a: Indeedee|atk|1
|-unboost|p2b: Ursaluna|atk|1
|turn|3
|
|t:|1757824366
|move|p2a: Indeedee|Helping Hand|p2b: Ursaluna
|-singleturn|p2b: Ursaluna|Helping Hand|[of] p2a: Indeedee
|move|p1a: Incineroar|Fake Out|p2b: Ursaluna
|-damage|p2b: Ursaluna|81/100
|cant|p2b: Ursaluna|flinch
|move|p1b: Ursaluna|Blood Moon|p2a: Indeedee
|-damage|p2a: Indeedee|19/100
|
|upkeep
|turn|4
|
|t:|1757824390
|move|p2a: Indeedee|Helping Hand|p2b: Ursaluna
|-singleturn|p2b: Ursaluna|Helping Hand|[of] p2a: Indeedee
|move|p2b: Ursaluna|Hyper Voice|p1a: Incineroar|[spread] p1a,p1b
|-damage|p1a: Incineroar|0 fnt
|-damage|p1b: Ursaluna|22/100
|faint|p1a: Incineroar
|-damage|p2b: Ursaluna|71/100|[from] item: Life Orb
|move|p1b: Ursaluna|Hyper Voice|p2b: Ursaluna|[spread] p2a,p2b
|-damage|p2a: Indeedee|0 fnt
|-damage|p2b: Ursaluna|22/100
|faint|p2a: Indeedee
|
|upkeep
|
|t:|1757824401
|switch|p1a: Ceruledge|Ceruledge, L50, M, shiny|100/100
|switch|p2a: Incineroar|Incineroar, L50, M|100/100
|-ability|p2a: Incineroar|Intimidate|boost
|-unboost|p1a: Ceruledge|atk|1
|-unboost|p1b: Ursaluna|atk|1
|turn|5
|
|t:|1757824416
|-terastallize|p1a: Ceruledge|Grass
|move|p1b: Ursaluna|Protect|p1b: Ursaluna
|-singleturn|p1b: Ursaluna|Protect
|move|p2b: Ursaluna|Hyper Voice|p1b: Ursaluna|[spread] p1a
|-activate|p1b: Ursaluna|move: Protect
|-damage|p1a: Ceruledge|46/100
|-damage|p2b: Ursaluna|12/100|[from] item: Life Orb
|move|p2a: Incineroar|Knock Off|p1a: Ceruledge
|-damage|p1a: Ceruledge|0 fnt
|-enditem|p1a: Ceruledge|Life Orb|[from] move: Knock Off|[of] p2a: Incineroar
|faint|p1a: Ceruledge
|
|-fieldend|move: Trick Room
|upkeep
|turn|6
|
|t:|1757824431
|move|p2a: Incineroar|Knock Off|p1b: Ursaluna
|-damage|p1b: Ursaluna|0 fnt
|-enditem|p1b: Ursaluna|Covert Cloak|[from] move: Knock Off|[of] p2a: Incineroar
|faint|p1b: Ursaluna
|
|win|Quill86
||OwanTanSoup is ready for game 3.
