|j|☆RayGatsby
|j|☆Caloteiros VGC
|html|RayGatsbyCaloteiros VGC    
|uhtml|bestof|Game 3 of a best-of-3
|t:|1785816654
|gametype|doubles
|player|p1|RayGatsby|265|1079
|player|p2|Caloteiros VGC|morty|1164
|gen|9
|tier|[Gen 9 Champions] VGC 2026 Reg M-B (Bo3)
|rated|
|rule|Species Clause: Limit one of each Pokémon
|rule|Item Clause: Limit 1 of each item
|clearpoke
|poke|p1|Tyranitar, L50, F|
|poke|p1|Milotic, L50, F|
|poke|p1|Staraptor, L50, F|
|poke|p1|Whimsicott, L50, F|
|poke|p1|Kingambit, L50, M|
|poke|p1|Meganium, L50, F|
|poke|p2|Raichu, L50, F|
|poke|p2|Sinistcha, L50|
|poke|p2|Incineroar, L50, M|
|poke|p2|Sylveon, L50, F|
|poke|p2|Hydreigon, L50, F|
|poke|p2|Metagross, L50|
|teampreview|4
|showteam|p1|Tyranitar||Tyranitarite|SandStream|RockSlide,KnockOff,HighHorsepower,Protect|Jolly||F|||50|]Milotic||SitrusBerry|Competitive|Scald,IcyWind,Haze,LifeDew|Calm||F|||50|]Staraptor||Staraptite|Intimidate|CloseCombat,BraveBird,Roost,Protect|Jolly||F|||50|]Whimsicott||FocusSash|Prankster|Moonblast,Tailwind,Charm,LightScreen|Timid||F|||50|]Kingambit||ChopleBerry|Defiant|KowtowCleave,SuckerPunch,IronHead,Protect|Adamant||M|||50|]Meganium||Meganiumite|Overgrow|WeatherBall,SolarBeam,DazzlingGleam,Protect|Modest||F|||50|
|showteam|p2|Raichu||RaichuniteY|LightningRod|ZapCannon,FocusBlast,FakeOut,Protect|Timid||F|||50|]Sinistcha||SitrusBerry|Hospitality|MatchaGotcha,RagePowder,TrickRoom,Protect|Bold|||||50|]Incineroar||ShucaBerry|Intimidate|FlareBlitz,DarkestLariat,PartingShot,FakeOut|Careful||M|||50|]Sylveon||FairyFeather|Pixilate|HyperVoice,Moonblast,CalmMind,Protect|Modest||F|||50|]Hydreigon||ChoiceScarf|Levitate|DracoMeteor,DarkPulse,EarthPower,Snarl|Modest||F|||50|]Metagross||Metagrossite|ClearBody|HardPress,BodyPress,PsychicFangs,Protect|Adamant|||||50|
|inactive|Battle timer is ON: inactive players will automatically lose when time's up. (requested by Caloteiros VGC)
|inactive|Caloteiros VGC has 60 seconds left.
|
|t:|1785816684
|teamsize|p1|4
|teamsize|p2|4
|start
|switch|p1a: Tyranitar|Tyranitar, L50, F|100/100
|switch|p1b: Meganium|Meganium, L50, F|100/100
|switch|p2a: Metagross|Metagross, L50|100/100
|switch|p2b: Sylveon|Sylveon, L50, F|100/100
|-weather|Sandstorm|[from] ability: Sand Stream|[of] p1a: Tyranitar
|turn|1
|inactive|RayGatsby has 30 seconds left.
|inactive|RayGatsby has 20 seconds left.
|inactive|RayGatsby has 15 seconds left.
|inactive|RayGatsby has 10 seconds left.
|
|t:|1785816730
|detailschange|p1b: Meganium|Meganium-Mega, L50, F
|-mega|p1b: Meganium|Meganium|Meganiumite
|detailschange|p2a: Metagross|Metagross-Mega, L50
|-mega|p2a: Metagross|Metagross|Metagrossite
|move|p2a: Metagross|Protect|p2a: Metagross
|-singleturn|p2a: Metagross|Protect
|move|p1b: Meganium|Solar Beam||[still]
|-prepare|p1b: Meganium|Solar Beam
|-activate|p1b: Meganium|ability: Mega Sol
|-anim|p1b: Meganium|Solar Beam|p2b: Sylveon
|-damage|p2b: Sylveon|47/100
|move|p1a: Tyranitar|High Horsepower|p2a: Metagross
|-activate|p2a: Metagross|move: Protect
|move|p2b: Sylveon|Calm Mind|p2b: Sylveon
|-boost|p2b: Sylveon|spa|1
|-boost|p2b: Sylveon|spd|1
|
|-weather|Sandstorm|[upkeep]
|-damage|p1b: Meganium|94/100|[from] Sandstorm
|-damage|p2b: Sylveon|41/100|[from] Sandstorm
|upkeep
|turn|2
|
|t:|1785816752
|switch|p2a: Incineroar|Incineroar, L50, M|100/100
|-ability|p2a: Incineroar|Intimidate|boost
|-unboost|p1a: Tyranitar|atk|1
|-unboost|p1b: Meganium|atk|1
|move|p2b: Sylveon|Protect|p2b: Sylveon
|-singleturn|p2b: Sylveon|Protect
|move|p1b: Meganium|Solar Beam||[still]
|-prepare|p1b: Meganium|Solar Beam
|-activate|p1b: Meganium|ability: Mega Sol
|-anim|p1b: Meganium|Solar Beam|p2b: Sylveon
|-activate|p2b: Sylveon|move: Protect
|move|p1a: Tyranitar|High Horsepower|p2a: Incineroar
|-supereffective|p2a: Incineroar|1
|-enditem|p2a: Incineroar|Shuca Berry|[eat]
|-enditem|p2a: Incineroar|Shuca Berry|[weaken]
|-damage|p2a: Incineroar|78/100
|
|-weather|Sandstorm|[upkeep]
|-damage|p1b: Meganium|88/100|[from] Sandstorm
|-damage|p2a: Incineroar|72/100|[from] Sandstorm
|-damage|p2b: Sylveon|35/100|[from] Sandstorm
|upkeep
|turn|3
|
|t:|1785816770
|switch|p2a: Sinistcha|Sinistcha, L50|100/100
|-heal|p2b: Sylveon|60/100|[from] ability: Hospitality|[of] p2a: Sinistcha
|move|p1b: Meganium|Protect|p1b: Meganium
|-singleturn|p1b: Meganium|Protect
|move|p1a: Tyranitar|Protect|p1a: Tyranitar
|-singleturn|p1a: Tyranitar|Protect
|move|p2b: Sylveon|Hyper Voice|p1b: Meganium|[spread] 
|-activate|p1a: Tyranitar|move: Protect
|-activate|p1b: Meganium|move: Protect
|
|-weather|Sandstorm|[upkeep]
|-damage|p1b: Meganium|82/100|[from] Sandstorm
|-damage|p2b: Sylveon|54/100|[from] Sandstorm
|-damage|p2a: Sinistcha|93/100|[from] Sandstorm
|upkeep
|turn|4
|inactive|Caloteiros VGC has 30 seconds left.
|
|t:|1785816803
|switch|p2a: Incineroar|Incineroar, L50, M|72/100
|-ability|p2a: Incineroar|Intimidate|boost
|-unboost|p1a: Tyranitar|atk|1
|-unboost|p1b: Meganium|atk|1
|move|p2b: Sylveon|Protect|p2b: Sylveon
|-singleturn|p2b: Sylveon|Protect
|move|p1b: Meganium|Solar Beam||[still]
|-prepare|p1b: Meganium|Solar Beam
|-activate|p1b: Meganium|ability: Mega Sol
|-anim|p1b: Meganium|Solar Beam|p2b: Sylveon
|-activate|p2b: Sylveon|move: Protect
|move|p1a: Tyranitar|Knock Off|p2a: Incineroar
|-resisted|p2a: Incineroar|1
|-crit|p2a: Incineroar
|-damage|p2a: Incineroar|47/100
|
|-weather|Sandstorm|[upkeep]
|-damage|p1b: Meganium|77/100|[from] Sandstorm
|-damage|p2a: Incineroar|41/100|[from] Sandstorm
|-damage|p2b: Sylveon|48/100|[from] Sandstorm
|upkeep
|turn|5
|
|t:|1785816826
|switch|p2a: Sinistcha|Sinistcha, L50|93/100
|-heal|p2b: Sylveon|73/100|[from] ability: Hospitality|[of] p2a: Sinistcha
|move|p1b: Meganium|Protect|p1b: Meganium
|-singleturn|p1b: Meganium|Protect
|move|p1a: Tyranitar|Protect|p1a: Tyranitar
|-singleturn|p1a: Tyranitar|Protect
|move|p2b: Sylveon|Hyper Voice|p1b: Meganium|[spread] 
|-activate|p1a: Tyranitar|move: Protect
|-activate|p1b: Meganium|move: Protect
|
|-weather|none
|upkeep
|turn|6
|inactive|Caloteiros VGC has 30 seconds left.
|inactive|Caloteiros VGC has 20 seconds left.
|
|t:|1785816864
|move|p2a: Sinistcha|Protect|p2a: Sinistcha
|-singleturn|p2a: Sinistcha|Protect
|move|p1b: Meganium|Solar Beam||[still]
|-prepare|p1b: Meganium|Solar Beam
|-activate|p1b: Meganium|ability: Mega Sol
|-anim|p1b: Meganium|Solar Beam|p2b: Sylveon
|-damage|p2b: Sylveon|37/100
|move|p1a: Tyranitar|Knock Off|p2a: Sinistcha
|-activate|p2a: Sinistcha|move: Protect
|move|p2b: Sylveon|Hyper Voice|p1b: Meganium|[spread] p1a,p1b
|-supereffective|p1a: Tyranitar|1
|-damage|p1a: Tyranitar|0 fnt
|-damage|p1b: Meganium|5/100
|faint|p1a: Tyranitar
|
|upkeep
|
|t:|1785816878
|switch|p1a: Milotic|Milotic, L50, F|100/100
|turn|7
|
|t:|1785816893
|move|p1b: Meganium|Protect|p1b: Meganium
|-singleturn|p1b: Meganium|Protect
|move|p2b: Sylveon|Protect|p2b: Sylveon
|-singleturn|p2b: Sylveon|Protect
|move|p1a: Milotic|Haze|p1a: Milotic
|-clearallboost
|move|p2a: Sinistcha|Matcha Gotcha|p1a: Milotic|[spread] 
|-activate|p1b: Meganium|move: Protect
|-miss|p2a: Sinistcha|p1a: Milotic
|
|upkeep
|turn|8
|inactive|RayGatsby has 30 seconds left.
|inactive|Caloteiros VGC has 30 seconds left.
|inactive|RayGatsby has 20 seconds left.
|inactive|Caloteiros VGC has 20 seconds left.
|inactive|RayGatsby has 15 seconds left.
|inactive|Caloteiros VGC has 15 seconds left.
|
|t:|1785816934
|switch|p2b: Metagross|Metagross-Mega, L50|100/100
|move|p1b: Meganium|Weather Ball|p2a: Sinistcha
|-supereffective|p2a: Sinistcha|1
|-damage|p2a: Sinistcha|0 fnt
|faint|p2a: Sinistcha
|move|p1a: Milotic|Icy Wind|p2b: Metagross
|-resisted|p2b: Metagross|1
|-damage|p2b: Metagross|93/100
|-unboost|p2b: Metagross|spe|1
|
|upkeep
|
|t:|1785816942
|switch|p2a: Sylveon|Sylveon, L50, F|37/100
|turn|9
|inactive|Caloteiros VGC has 30 seconds left.
|
|t:|1785816968
|move|p1b: Meganium|Weather Ball|p2b: Metagross
|-supereffective|p2b: Metagross|1
|-damage|p2b: Metagross|0 fnt
|faint|p2b: Metagross
|move|p1a: Milotic|Icy Wind|p2a: Sylveon
|-damage|p2a: Sylveon|27/100
|-unboost|p2a: Sylveon|spe|1
|move|p2a: Sylveon|Hyper Voice|p1a: Milotic|[spread] p1a,p1b
|-damage|p1a: Milotic|70/100
|-damage|p1b: Meganium|0 fnt
|faint|p1b: Meganium
|
|upkeep
|-message|Caloteiros VGC forfeited.
|
|win|RayGatsby
