|j|☆lettitripppp
|j|☆Nova2309
|html|lettitrippppNova2309    
|uhtml|bestof|Game 1 of a best-of-3
|t:|1783314597
|gametype|doubles
|player|p1|lettitripppp|lucas|1291
|player|p2|Nova2309|266|1368
|gen|9
|tier|[Gen 9 Champions] VGC 2026 Reg M-B (Bo3)
|rated|
|rule|Species Clause: Limit one of each Pokémon
|rule|Item Clause: Limit 1 of each item
|clearpoke
|poke|p1|Charizard, L50, F|
|poke|p1|Basculegion, L50, M|
|poke|p1|Whimsicott, L50, M, shiny|
|poke|p1|Garchomp, L50, M, shiny|
|poke|p1|Floette-Eternal, L50, F|
|poke|p1|Kingambit, L50, F, shiny|
|poke|p2|Venusaur, L50, F|
|poke|p2|Grimmsnarl, L50, M|
|poke|p2|Pelipper, L50, M|
|poke|p2|Archaludon, L50, F|
|poke|p2|Charizard, L50, M|
|poke|p2|Basculegion, L50, M|
|teampreview|4
|showteam|p1|Charizard||CharizarditeY|Blaze|WeatherBall,SolarBeam,HeatWave,Protect|Modest||F|||50|]Basculegion||MysticWater|Adaptability|LastRespects,WaveCrash,AquaJet,Protect|Adamant||M|||50|]Whimsicott||FocusSash|Prankster|Moonblast,Tailwind,Encore,Protect|Timid||M|||50|]Garchomp||LifeOrb|RoughSkin|DragonClaw,Earthquake,RockSlide,Protect|Jolly||M|||50|]Floette-Eternal||Floettite|FlowerVeil|DazzlingGleam,LightofRuin,Moonblast,Protect|Modest||F|||50|]Kingambit||ChopleBerry|Defiant|KowtowCleave,SuckerPunch,IronHead,LowKick|Adamant||F|||50|
|showteam|p2|Venusaur||Venusaurite|Overgrow|Protect,SludgeBomb,GigaDrain,EarthPower|Modest||F|||50|]Grimmsnarl||LightClay|Prankster|SpiritBreak,Reflect,LightScreen,PartingShot|Careful||M|||50|]Pelipper||SitrusBerry|Drizzle|Hurricane,WeatherBall,Tailwind,WideGuard|Modest||M|||50|]Archaludon||Leftovers|Stamina|Protect,ElectroShot,DragonPulse,FlashCannon|Modest||F|||50|]Charizard||CharizarditeY|Blaze|HeatWave,SolarBeam,WeatherBall,Protect|Modest||M|||50|]Basculegion||ChoiceScarf|Adaptability|FlipTurn,WaveCrash,LastRespects,AquaJet|Jolly||M|||50|
|inactive|Battle timer is ON: inactive players will automatically lose when time's up. (requested by lettitripppp)
|
|t:|1783314624
|teamsize|p1|4
|teamsize|p2|4
|start
|switch|p1a: GHOSTWAVE|Basculegion, L50, M|100/100
|switch|p1b: LETS GO GO|Whimsicott, L50, M, shiny|100/100
|switch|p2a: Grimmsnarl|Grimmsnarl, L50, M|100/100
|switch|p2b: Archaludon|Archaludon, L50, F|100/100
|turn|1
|
|t:|1783314635
|move|p2a: Grimmsnarl|Light Screen|p2a: Grimmsnarl
|-sidestart|p2: Nova2309|move: Light Screen
|move|p1b: LETS GO GO|Moonblast|p2a: Grimmsnarl
|-supereffective|p2a: Grimmsnarl|1
|-damage|p2a: Grimmsnarl|66/100
|move|p1a: GHOSTWAVE|Wave Crash|p2a: Grimmsnarl
|-damage|p2a: Grimmsnarl|0 fnt
|faint|p2a: Grimmsnarl
|-damage|p1a: GHOSTWAVE|79/100|[from] Recoil
|move|p2b: Archaludon|Flash Cannon|p1b: LETS GO GO
|-supereffective|p1b: LETS GO GO|1
|-enditem|p1b: LETS GO GO|Focus Sash
|-damage|p1b: LETS GO GO|1/100
|-unboost|p1b: LETS GO GO|spd|1
|
|upkeep
|
|t:|1783314647
|switch|p2a: Pelipper|Pelipper, L50, M|100/100
|-weather|RainDance|[from] ability: Drizzle|[of] p2a: Pelipper
|turn|2
|
|t:|1783314655
|move|p1a: GHOSTWAVE|Protect|p1a: GHOSTWAVE
|-singleturn|p1a: GHOSTWAVE|Protect
|move|p1b: LETS GO GO|Tailwind|p1b: LETS GO GO
|-sidestart|p1: lettitripppp|move: Tailwind
|move|p2b: Archaludon|Electro Shot||[still]
|-prepare|p2b: Archaludon|Electro Shot
|-boost|p2b: Archaludon|spa|1
|-anim|p2b: Archaludon|Electro Shot|p1a: GHOSTWAVE
|-activate|p1a: GHOSTWAVE|move: Protect
|move|p2a: Pelipper|Hurricane|p1b: LETS GO GO
|-supereffective|p1b: LETS GO GO|1
|-damage|p1b: LETS GO GO|0 fnt
|faint|p1b: LETS GO GO
|
|-weather|RainDance|[upkeep]
|upkeep
|
|t:|1783314667
|switch|p1b: AGNI|Charizard, L50, F|100/100
|turn|3
|inactive|Nova2309 has 30 seconds left.
|
|t:|1783314692
|detailschange|p1b: AGNI|Charizard-Mega-Y, L50, F
|-mega|p1b: AGNI|Charizard|Charizardite Y
|-weather|SunnyDay|[from] ability: Drought|[of] p1b: AGNI
|move|p2b: Archaludon|Protect|p2b: Archaludon
|-singleturn|p2b: Archaludon|Protect
|move|p1b: AGNI|Solar Beam||[still]
|-prepare|p1b: AGNI|Solar Beam
|-anim|p1b: AGNI|Solar Beam|p2a: Pelipper
|-damage|p2a: Pelipper|61/100
|move|p1a: GHOSTWAVE|Last Respects|p2a: Pelipper
|-damage|p2a: Pelipper|0 fnt
|faint|p2a: Pelipper
|
|-weather|SunnyDay|[upkeep]
|upkeep
|
|t:|1783314702
|switch|p2a: Charizard|Charizard, L50, M|100/100
|turn|4
|
|t:|1783314709
|detailschange|p2a: Charizard|Charizard-Mega-Y, L50, M
|-mega|p2a: Charizard|Charizard|Charizardite Y
|move|p1b: AGNI|Weather Ball|p2b: Archaludon
|-damage|p2b: Archaludon|37/100
|-ability|p2b: Archaludon|Stamina|boost
|-boost|p2b: Archaludon|def|1
|move|p1a: GHOSTWAVE|Last Respects|p2b: Archaludon
|-crit|p2b: Archaludon
|-damage|p2b: Archaludon|0 fnt
|faint|p2b: Archaludon
|move|p2a: Charizard|Solar Beam||[still]
|-prepare|p2a: Charizard|Solar Beam
|-anim|p2a: Charizard|Solar Beam|p1a: GHOSTWAVE
|-supereffective|p1a: GHOSTWAVE|1
|-damage|p1a: GHOSTWAVE|0 fnt
|faint|p1a: GHOSTWAVE
|
|-weather|SunnyDay|[upkeep]
|upkeep
|
|t:|1783314721
|switch|p1a: GENERAL BLADUS|Kingambit, L50, F, shiny|100/100
|turn|5
|
|t:|1783314733
|move|p1a: GENERAL BLADUS|Sucker Punch|p2a: Charizard
|-damage|p2a: Charizard|67/100
|move|p1b: AGNI|Weather Ball|p2a: Charizard
|-resisted|p2a: Charizard|1
|-damage|p2a: Charizard|42/100
|move|p2a: Charizard|Heat Wave|p1a: GENERAL BLADUS|[spread] p1a
|-miss|p2a: Charizard|p1b: AGNI
|-supereffective|p1a: GENERAL BLADUS|1
|-damage|p1a: GENERAL BLADUS|0 fnt
|faint|p1a: GENERAL BLADUS
|
|-weather|SunnyDay|[upkeep]
|-sideend|p1: lettitripppp|move: Tailwind
|upkeep
|turn|6
|
|t:|1783314742
|move|p1b: AGNI|Weather Ball|p2a: Charizard
|-resisted|p2a: Charizard|1
|-damage|p2a: Charizard|14/100
|move|p2a: Charizard|Weather Ball|p1b: AGNI
|-resisted|p1b: AGNI|1
|-damage|p1b: AGNI|63/100
|
|-weather|SunnyDay|[upkeep]
|upkeep
|turn|7
|
|t:|1783314747
|move|p1b: AGNI|Weather Ball|p2a: Charizard
|-resisted|p2a: Charizard|1
|-damage|p2a: Charizard|0 fnt
|faint|p2a: Charizard
|
|win|lettitripppp
||Nova2309 is ready for game 2.
