|j|☆psyspammer69
|j|☆SCOPPER GYABAN
|html|psyspammer69SCOPPER GYABAN    
|uhtml|bestof|Game 3 of a best-of-3
|t:|1754592442
|gametype|doubles
|player|p1|psyspammer69|n|1244
|player|p2|SCOPPER GYABAN|gentleman|1320
|gen|9
|tier|[Gen 9] VGC 2025 Reg H (Bo3)
|rated|
|rule|Species Clause: Limit one of each Pokémon
|rule|Item Clause: Limit 1 of each item
|clearpoke
|poke|p1|Gholdengo, L50|
|poke|p1|Sneasler, L50, M|
|poke|p1|Incineroar, L50, M|
|poke|p1|Amoonguss, L50, F|
|poke|p1|Ursaluna-Bloodmoon, L50, M|
|poke|p1|Porygon2, L50|
|poke|p2|Archaludon, L50, M|
|poke|p2|Pelipper, L50, F|
|poke|p2|Mimikyu, L50, F|
|poke|p2|Incineroar, L50, F|
|poke|p2|Ursaluna, L50, F|
|poke|p2|Amoonguss, L50, F|
|teampreview|4
|showteam|p1|Gholdengo||LifeOrb|GoodasGold|MakeItRain,ShadowBall,NastyPlot,Protect||||||50|,,,,,Water]Sneasler||FocusSash|Unburden|CloseCombat,DireClaw,ThroatChop,Protect|||M|||50|,,,,,Stellar]Incineroar||SafetyGoggles|Intimidate|FakeOut,FlareBlitz,KnockOff,PartingShot|||M|||50|,,,,,Ghost]Amoonguss||RockyHelmet|Regenerator|Spore,RagePowder,SludgeBomb,Protect|||F|||50|,,,,,Water]Ursaluna-Bloodmoon||SilkScarf|MindsEye|BloodMoon,HyperVoice,EarthPower,Protect|||M|||50|,,,,,Normal]Porygon2||Eviolite|Download|IceBeam,TeraBlast,Recover,TrickRoom||||||50|,,,,,Ghost
|showteam|p2|Archaludon||AssaultVest|Stamina|ElectroShot,FlashCannon,Snarl,DragonPulse|||M|||50|,,,,,Electric]Pelipper||FocusSash|Drizzle|Hurricane,WeatherBall,Tailwind,Protect|||F|||50|,,,,,Stellar]Mimikyu||LifeOrb|Disguise|PlayRough,TrickRoom,ShadowSneak,Curse|||F|||50|,,,,,Fairy]Incineroar||SafetyGoggles|Intimidate|FakeOut,PartingShot,KnockOff,FlareBlitz|||F|||50|,,,,,Ghost]Ursaluna||FlameOrb|Guts|Facade,HeadlongRush,Earthquake,Protect|||F|||50|,,,,,Ghost]Amoonguss||RockyHelmet|Regenerator|Spore,RagePowder,PollenPuff,SludgeBomb|||F|||50|,,,,,Water
|inactive|Battle timer is ON: inactive players will automatically lose when time's up. (requested by psyspammer69)
|
|t:|1754592499
|teamsize|p1|4
|teamsize|p2|4
|start
|switch|p1a: Incineroar|Incineroar, L50, M|100/100
|switch|p1b: Porygon2|Porygon2, L50|100/100
|switch|p2a: GALAXYIMPACT|Archaludon, L50, M, shiny|100/100
|switch|p2b: DIVINEDEPART|Pelipper, L50, F|100/100
|-weather|RainDance|[from] ability: Drizzle|[of] p2b: DIVINEDEPART
|-ability|p1a: Incineroar|Intimidate|boost
|-unboost|p2a: GALAXYIMPACT|atk|1
|-unboost|p2b: DIVINEDEPART|atk|1
|-ability|p1b: Porygon2|Download|boost
|-boost|p1b: Porygon2|spa|1
|turn|1
|inactive|psyspammer69 has 30 seconds left.
|
|t:|1754592530
|switch|p2a: BLACKHOLE|Amoonguss, L50, F|100/100
|move|p1a: Incineroar|Fake Out|p2b: DIVINEDEPART
|-damage|p2b: DIVINEDEPART|86/100
|cant|p2b: DIVINEDEPART|flinch
|move|p1b: Porygon2|Ice Beam|p2b: DIVINEDEPART
|-damage|p2b: DIVINEDEPART|30/100
|
|-weather|RainDance|[upkeep]
|upkeep
|turn|2
|inactive|psyspammer69 has 30 seconds left.
|inactive|psyspammer69 has 20 seconds left.
|
|t:|1754592570
|-terastallize|p1a: Incineroar|Ghost
|move|p2b: DIVINEDEPART|Weather Ball|p1a: Incineroar
|-damage|p1a: Incineroar|36/100
|move|p1a: Incineroar|Knock Off|p2b: DIVINEDEPART
|-damage|p2b: DIVINEDEPART|0 fnt
|-enditem|p2b: DIVINEDEPART|Focus Sash|[from] move: Knock Off|[of] p1a: Incineroar
|faint|p2b: DIVINEDEPART
|move|p1b: Porygon2|Ice Beam|p2a: BLACKHOLE
|-supereffective|p2a: BLACKHOLE
|-damage|p2a: BLACKHOLE|43/100
|move|p2a: BLACKHOLE|Spore|p1b: Porygon2
|-status|p1b: Porygon2|slp|[from] move: Spore
|
|-weather|RainDance|[upkeep]
|upkeep
|
|t:|1754592573
|switch|p2b: GALAXYIMPACT|Archaludon, L50, M, shiny|100/100
|turn|3
|
|t:|1754592589
|switch|p2a: PUNKROTTEN|Incineroar, L50, F|100/100
|-ability|p2a: PUNKROTTEN|Intimidate|boost
|-unboost|p1a: Incineroar|atk|1
|-unboost|p1b: Porygon2|atk|1
|move|p2b: GALAXYIMPACT|Electro Shot||[still]
|-prepare|p2b: GALAXYIMPACT|Electro Shot
|-boost|p2b: GALAXYIMPACT|spa|1
|-anim|p2b: GALAXYIMPACT|Electro Shot|p1a: Incineroar
|-damage|p1a: Incineroar|0 fnt
|faint|p1a: Incineroar
|cant|p1b: Porygon2|slp
|
|-weather|RainDance|[upkeep]
|upkeep
|
|t:|1754592603
|switch|p1a: Amoonguss|Amoonguss, L50, F|100/100
|turn|4
|
|t:|1754592625
|-terastallize|p2b: GALAXYIMPACT|Electric
|move|p1a: Amoonguss|Protect|p1a: Amoonguss
|-singleturn|p1a: Amoonguss|Protect
|move|p2b: GALAXYIMPACT|Electro Shot||[still]
|-prepare|p2b: GALAXYIMPACT|Electro Shot
|-boost|p2b: GALAXYIMPACT|spa|1
|-anim|p2b: GALAXYIMPACT|Electro Shot|p1a: Amoonguss
|-activate|p1a: Amoonguss|move: Protect
|move|p2a: PUNKROTTEN|Flare Blitz|p1a: Amoonguss
|-activate|p1a: Amoonguss|move: Protect
|cant|p1b: Porygon2|slp
|
|-weather|RainDance|[upkeep]
|upkeep
|turn|5
|
|t:|1754592645
|move|p2b: GALAXYIMPACT|Electro Shot||[still]
|-prepare|p2b: GALAXYIMPACT|Electro Shot
|-boost|p2b: GALAXYIMPACT|spa|1
|-anim|p2b: GALAXYIMPACT|Electro Shot|p1a: Amoonguss
|-resisted|p1a: Amoonguss
|-damage|p1a: Amoonguss|39/100
|move|p2a: PUNKROTTEN|Flare Blitz|p1a: Amoonguss
|-supereffective|p1a: Amoonguss
|-damage|p1a: Amoonguss|0 fnt
|-damage|p2a: PUNKROTTEN|84/100|[from] item: Rocky Helmet|[of] p1a: Amoonguss
|faint|p1a: Amoonguss
|-damage|p2a: PUNKROTTEN|70/100|[from] Recoil
|cant|p1b: Porygon2|slp
|
|-weather|none
|upkeep
|
|t:|1754592654
|switch|p1a: Ursaluna|Ursaluna-Bloodmoon, L50, M|100/100
|turn|6
|
|t:|1754592667
|move|p1a: Ursaluna|Protect|p1a: Ursaluna
|-singleturn|p1a: Ursaluna|Protect
|move|p2b: GALAXYIMPACT|Snarl|p1a: Ursaluna|[spread] p1b
|-activate|p1a: Ursaluna|move: Protect
|-damage|p1b: Porygon2|83/100 slp
|-unboost|p1b: Porygon2|spa|1
|move|p2a: PUNKROTTEN|Parting Shot|p1b: Porygon2
|-unboost|p1b: Porygon2|atk|1
|-unboost|p1b: Porygon2|spa|1
|
|t:|1754592669
|switch|p2a: BLACKHOLE|Amoonguss, L50, F|76/100|[from] Parting Shot
|-curestatus|p1b: Porygon2|slp|[msg]
|move|p1b: Porygon2|Trick Room|p1b: Porygon2
|-fieldstart|move: Trick Room|[of] p1b: Porygon2
|
|upkeep
|turn|7
|
|t:|1754592681
|move|p1a: Ursaluna|Protect||[still]
|-fail|p1a: Ursaluna
|move|p2a: BLACKHOLE|Spore|p1a: Ursaluna
|-status|p1a: Ursaluna|slp|[from] move: Spore
|move|p1b: Porygon2|Tera Blast|p2b: GALAXYIMPACT
|-damage|p2b: GALAXYIMPACT|82/100
|-ability|p2b: GALAXYIMPACT|Stamina|boost
|-boost|p2b: GALAXYIMPACT|def|1
|move|p2b: GALAXYIMPACT|Dragon Pulse|p1a: Ursaluna
|-damage|p1a: Ursaluna|0 fnt
|faint|p1a: Ursaluna
|
|upkeep
|turn|8
|-message|psyspammer69 forfeited.
|
|win|SCOPPER GYABAN
|raw|psyspammer69's rating: 1244 → 1224(-20 for losing)
|raw|SCOPPER GYABAN's rating: 1320 → 1336(+16 for winning)
|l|☆psyspammer69
|player|p1|
