|j|☆Raucho
|j|☆Camilo997
|html|RauchoCamilo997    
|uhtml|bestof|Game 2 of a best-of-3
|t:|1756485377
|gametype|doubles
|player|p1|Raucho|n|1158
|player|p2|Camilo997|102|1091
|gen|9
|tier|[Gen 9] VGC 2025 Reg H (Bo3)
|rated|
|rule|Species Clause: Limit one of each Pokémon
|rule|Item Clause: Limit 1 of each item
|clearpoke
|poke|p1|Gholdengo, L50|
|poke|p1|Dragonite, L50, F|
|poke|p1|Indeedee, L50, M|
|poke|p1|Sneasler, L50, M|
|poke|p1|Electabuzz, L50, M|
|poke|p1|Ursaluna-Bloodmoon, L50, M|
|poke|p2|Hydrapple, L50, M|
|poke|p2|Hippowdon, L50, M|
|poke|p2|Houndstone, L50, M|
|poke|p2|Sneasler, L50, M|
|poke|p2|Indeedee, L50, M|
|poke|p2|Electabuzz, L50, F|
|teampreview|4
|showteam|p1|Gholdengo||IronPlate|GoodasGold|MakeItRain,ShadowBall,NastyPlot,Protect||||||50|,,,,,Dragon]Dragonite||LoadedDice|Multiscale|ScaleShot,StompingTantrum,Haze,Tailwind|||F|||50|,,,,,Fairy]Indeedee||FocusSash|PsychicSurge|ExpandingForce,Imprison,TrickRoom,Protect|||M|||50|,,,,,Psychic]Sneasler||PsychicSeed|Unburden|ThroatChop,CloseCombat,DireClaw,Protect|||M|||50|,,,,,Dark]Electabuzz||Eviolite|VitalSpirit|Electroweb,Taunt,FollowMe,Protect|||M|||50|,,,,,Dragon]Ursaluna-Bloodmoon||LifeOrb|MindsEye|HyperVoice,BloodMoon,EarthPower,Protect|||M|||50|,,,,,Normal
|showteam|p2|Hydrapple||AssaultVest|SupersweetSyrup|GigaDrain,FickleBeam,PollenPuff,EarthPower|||M|||50|,,,,,Fire]Hippowdon||SitrusBerry|SandStream|Stockpile,FireFang,HighHorsepower,SlackOff|||M|||50|,,,,,Steel]Houndstone||ChoiceBand|SandRush|LastRespects,Poltergeist,StompingTantrum,PlayRough|||M|||50|,,,,,Fairy]Sneasler||PsychicSeed|Unburden|ThroatChop,DireClaw,CloseCombat,Coaching|||M|||50|,,,,,Dark]Indeedee||FocusSash|PsychicSurge|ExpandingForce,TeraBlast,DazzlingGleam,TrickRoom|||M|||50|,,,,,Fighting]Electabuzz||Eviolite|VitalSpirit|FollowMe,Electroweb,Taunt,KnockOff|||F|||50|,,,,,Ghost
|inactive|Battle timer is ON: inactive players will automatically lose when time's up. (requested by Raucho)
|inactive|Camilo997 has 60 seconds left.
|
|t:|1756485412
|teamsize|p1|4
|teamsize|p2|4
|start
|switch|p1a: Gholdengo|Gholdengo, L50, shiny|100/100
|switch|p1b: Electabuzz|Electabuzz, L50, M, shiny|100/100
|switch|p2a: Sneasler|Sneasler, L50, M|100/100
|switch|p2b: Indeedee|Indeedee, L50, M|100/100
|-fieldstart|move: Psychic Terrain|[from] ability: Psychic Surge|[of] p2b: Indeedee
|-enditem|p2a: Sneasler|Psychic Seed
|-boost|p2a: Sneasler|spd|1|[from] item: Psychic Seed
|turn|1
|
|t:|1756485426
|move|p1a: Gholdengo|Protect|p1a: Gholdengo
|-singleturn|p1a: Gholdengo|Protect
|move|p2a: Sneasler|Dire Claw|p1b: Electabuzz
|-crit|p1b: Electabuzz
|-damage|p1b: Electabuzz|46/100
|move|p1b: Electabuzz|Electroweb|p2a: Sneasler|[spread] p2a,p2b
|-damage|p2a: Sneasler|87/100
|-damage|p2b: Indeedee|81/100
|-unboost|p2a: Sneasler|spe|1
|-unboost|p2b: Indeedee|spe|1
|move|p2b: Indeedee|Expanding Force|p1b: Electabuzz|[spread] p1b
|-activate|p1a: Gholdengo|move: Protect
|-damage|p1b: Electabuzz|1/100
|
|upkeep
|turn|2
|inactive|Raucho has 30 seconds left.
|
|t:|1756485457
|move|p1b: Electabuzz|Follow Me|p1b: Electabuzz
|-singleturn|p1b: Electabuzz|move: Follow Me
|move|p2a: Sneasler|Throat Chop|p1b: Electabuzz
|-damage|p1b: Electabuzz|0 fnt
|faint|p1b: Electabuzz
|move|p1a: Gholdengo|Nasty Plot|p1a: Gholdengo
|-boost|p1a: Gholdengo|spa|2
|move|p2b: Indeedee|Dazzling Gleam|p1a: Gholdengo
|-resisted|p1a: Gholdengo
|-damage|p1a: Gholdengo|86/100
|
|upkeep
|
|t:|1756485471
|switch|p1b: Sneasler|Sneasler, L50, M, shiny|100/100
|-enditem|p1b: Sneasler|Psychic Seed
|-boost|p1b: Sneasler|spd|1|[from] item: Psychic Seed
|turn|3
|inactive|Camilo997 has 30 seconds left.
|
|t:|1756485497
|-terastallize|p1a: Gholdengo|Dragon
|move|p1b: Sneasler|Throat Chop|p2b: Indeedee
|-supereffective|p2b: Indeedee
|-damage|p2b: Indeedee|0 fnt
|faint|p2b: Indeedee
|move|p2a: Sneasler|Throat Chop|p1a: Gholdengo
|-damage|p1a: Gholdengo|59/100
|-start|p1a: Gholdengo|Throat Chop|[silent]
|move|p1a: Gholdengo|Make It Rain|p2a: Sneasler
|-damage|p2a: Sneasler|0 fnt
|-unboost|p1a: Gholdengo|spa|1
|faint|p2a: Sneasler
|
|upkeep
|
|t:|1756485502
|switch|p2a: Hippowdon|Hippowdon, L50, M|100/100
|switch|p2b: Houndstone|Houndstone, L50, M|100/100
|-weather|Sandstorm|[from] ability: Sand Stream|[of] p2a: Hippowdon
|turn|4
|inactive|Camilo997 has 30 seconds left.
|
|t:|1756485529
|-terastallize|p2b: Houndstone|Fairy
|move|p1a: Gholdengo|Protect|p1a: Gholdengo
|-singleturn|p1a: Gholdengo|Protect
|move|p1b: Sneasler|Throat Chop|p2b: Houndstone
|-resisted|p2b: Houndstone
|-damage|p2b: Houndstone|84/100
|-start|p2b: Houndstone|Throat Chop|[silent]
|move|p2b: Houndstone|Last Respects|p1b: Sneasler
|-damage|p1b: Sneasler|0 fnt
|faint|p1b: Sneasler
|move|p2a: Hippowdon|Slack Off||[still]
|-fail|p2a: Hippowdon|heal
|
|-weather|Sandstorm|[upkeep]
|-damage|p1a: Gholdengo|52/100|[from] Sandstorm
|-end|p1a: Gholdengo|Throat Chop|[silent]
|upkeep
|
|t:|1756485532
|switch|p1b: Indeedee|Indeedee, L50, M, shiny|100/100
|turn|5
|
|t:|1756485546
|move|p1a: Gholdengo|Protect||[still]
|-fail|p1a: Gholdengo
|move|p2b: Houndstone|Last Respects|p1a: Gholdengo
|-damage|p1a: Gholdengo|0 fnt
|faint|p1a: Gholdengo
|move|p1b: Indeedee|Expanding Force|p2b: Houndstone|[spread] p2a,p2b
|-damage|p2a: Hippowdon|61/100
|-damage|p2b: Houndstone|28/100
|move|p2a: Hippowdon|Stockpile|p2a: Hippowdon
|-start|p2a: Hippowdon|stockpile1
|-boost|p2a: Hippowdon|def|1
|-boost|p2a: Hippowdon|spd|1
|
|-weather|Sandstorm|[upkeep]
|-damage|p1b: Indeedee|95/100|[from] Sandstorm
|-end|p2b: Houndstone|Throat Chop|[silent]
|-fieldend|move: Psychic Terrain
|upkeep
|turn|6
|
|t:|1756485562
|move|p2b: Houndstone|Last Respects|p1b: Indeedee
|-immune|p1b: Indeedee
|move|p1b: Indeedee|Expanding Force|p2b: Houndstone
|-damage|p2b: Houndstone|0 fnt
|faint|p2b: Houndstone
|move|p2a: Hippowdon|High Horsepower|p1b: Indeedee
|-damage|p1b: Indeedee|20/100
|
|-weather|Sandstorm|[upkeep]
|-damage|p1b: Indeedee|15/100|[from] Sandstorm
|upkeep
|turn|7
|
|t:|1756485569
|move|p1b: Indeedee|Expanding Force|p2a: Hippowdon
|-damage|p2a: Hippowdon|42/100
|-enditem|p2a: Hippowdon|Sitrus Berry|[eat]
|-heal|p2a: Hippowdon|67/100|[from] item: Sitrus Berry
|move|p2a: Hippowdon|Fire Fang|p1b: Indeedee
|-damage|p1b: Indeedee|0 fnt
|faint|p1b: Indeedee
|
|win|Camilo997
||Camilo997 is ready for game 3.
|l|☆Raucho
|player|p1|
|inactive|Raucho has 30 seconds to confirm battle start!
|j|☆Raucho
|player|p1|Raucho|n|
