|j|‽Juaner95
|j|☆1#MiraidonHater
|html|Juaner951#MiraidonHater    
|uhtml|bestof|Game 1 of a best-of-3
|t:|1783952375
|gametype|doubles
|player|p1|Juaner95|ash-hoenn|1195
|player|p2|1#MiraidonHater|volkner|1247
|gen|9
|tier|[Gen 9 Champions] VGC 2026 Reg M-B (Bo3)
|rated|
|rule|Species Clause: Limit one of each Pokémon
|rule|Item Clause: Limit 1 of each item
|clearpoke
|poke|p1|Eelektross, L50, F|
|poke|p1|Ninetales-Alola, L50, F, shiny|
|poke|p1|Talonflame, L50, M|
|poke|p1|Garchomp, L50, M|
|poke|p1|Incineroar, L50, M, shiny|
|poke|p1|Kingambit, L50, M|
|poke|p2|Metagross, L50|
|poke|p2|Tyranitar, L50, M|
|poke|p2|Garchomp, L50, F|
|poke|p2|Talonflame, L50, M|
|poke|p2|Milotic, L50, F|
|poke|p2|Sinistcha, L50|
|teampreview|4
|showteam|p1|Eelektross||Eelektrossite|Levitate|SupercellSlam,DrainPunch,Coil,Protect|Adamant||F|||50|]Ninetales-Alola||ChoiceScarf|SnowWarning|Blizzard,FreezeDry,IcyWind,Moonblast|Modest||F|||50|]Talonflame||SharpBeak|GaleWings|BraveBird,FlareBlitz,Tailwind,Protect|Jolly||M|||50|]Garchomp||LifeOrb|RoughSkin|RockSlide,Earthquake,DragonClaw,Protect|Jolly||M|||50|]Incineroar||SitrusBerry|Intimidate|FlareBlitz,ThroatChop,PartingShot,FakeOut|Careful||M|||50|]Kingambit||FocusSash|Defiant|KowtowCleave,SuckerPunch,LowKick,Protect|Adamant||M|||50|
|showteam|p2|Metagross||Metagrossite|ClearBody|IronHead,PsychicFangs,Protect,BodyPress|Jolly|||||50|]Tyranitar||ChoiceScarf|SandStream|IcePunch,RockSlide,KnockOff,LowKick|Jolly||M|||50|]Garchomp||Garchompite|SandVeil|DragonClaw,Earthquake,Protect,RockSlide|Adamant||F|||50|]Talonflame||Charcoal|GaleWings|Overheat,Tailwind,Protect,QuickGuard|Timid||M|||50|]Milotic||Leftovers|Competitive|MuddyWater,Protect,Hypnosis,Coil|Calm||F|||50|]Sinistcha||SitrusBerry|Hospitality|MatchaGotcha,RagePowder,LifeDew,TrickRoom|Bold|||||50|
|inactive|Battle timer is ON: inactive players will automatically lose when time's up. (requested by 1#MiraidonHater)
|inactive|Juaner95 has 60 seconds left.
|inactive|Juaner95 has 30 seconds left.
|inactive|Juaner95 has 20 seconds left.
|
|t:|1783952527
|teamsize|p1|4
|teamsize|p2|4
|start
|switch|p1a: Talonflame|Talonflame, L50, M|100/100
|switch|p1b: Ninetales|Ninetales-Alola, L50, F, shiny|100/100
|switch|p2a: Metagross|Metagross, L50|100/100
|switch|p2b: Milotic|Milotic, L50, F|100/100
|-weather|Snowscape|[from] ability: Snow Warning|[of] p1b: Ninetales
|turn|1
|
|t:|1783952548
|detailschange|p2a: Metagross|Metagross-Mega, L50
|-mega|p2a: Metagross|Metagross|Metagrossite
|move|p2a: Metagross|Protect|p2a: Metagross
|-singleturn|p2a: Metagross|Protect
|move|p1a: Talonflame|Tailwind|p1a: Talonflame
|-sidestart|p1: Juaner95|move: Tailwind
|move|p1b: Ninetales|Freeze-Dry|p2b: Milotic
|-supereffective|p2b: Milotic|1
|-damage|p2b: Milotic|61/100
|move|p2b: Milotic|Muddy Water|p1b: Ninetales|[spread] p1a,p1b
|-supereffective|p1a: Talonflame|1
|-crit|p1a: Talonflame
|-damage|p1a: Talonflame|0 fnt
|-damage|p1b: Ninetales|74/100
|faint|p1a: Talonflame
|
|-weather|Snowscape|[upkeep]
|-heal|p2b: Milotic|67/100|[from] item: Leftovers
|upkeep
|
|t:|1783952561
|switch|p1a: Garchomp|Garchomp, L50, M|100/100
|turn|2
|
|t:|1783952574
|switch|p1b: Eelektross|Eelektross, L50, F|100/100
|move|p1a: Garchomp|Earthquake|p2a: Metagross|[spread] p2a,p2b
|-immune|p1b: Eelektross|[from] ability: Levitate
|-supereffective|p2a: Metagross|1
|-damage|p2a: Metagross|19/100
|-damage|p2b: Milotic|20/100y
|-damage|p1a: Garchomp|90/100|[from] item: Life Orb
|move|p2a: Metagross|Iron Head|p1b: Eelektross
|-resisted|p1b: Eelektross|1
|-damage|p1b: Eelektross|72/100
|move|p2b: Milotic|Coil|p2b: Milotic
|-boost|p2b: Milotic|atk|1
|-boost|p2b: Milotic|def|1
|-boost|p2b: Milotic|accuracy|1
|
|-weather|Snowscape|[upkeep]
|-heal|p2b: Milotic|26/100|[from] item: Leftovers
|upkeep
|turn|3
|inactive|1#MiraidonHater has 30 seconds left.
|
|t:|1783952605
|switch|p2a: Sinistcha|Sinistcha, L50|100/100
|-heal|p2b: Milotic|51/100|[from] ability: Hospitality|[of] p2a: Sinistcha
|detailschange|p1b: Eelektross|Eelektross-Mega, L50, F
|-mega|p1b: Eelektross|Eelektross|Eelektrossite
|move|p2b: Milotic|Protect|p2b: Milotic
|-singleturn|p2b: Milotic|Protect
|move|p1a: Garchomp|Earthquake|p2a: Sinistcha|[spread] p2a
|-activate|p2b: Milotic|move: Protect
|-immune|p1b: Eelektross|[from] ability: Eelevate
|-resisted|p2a: Sinistcha|1
|-damage|p2a: Sinistcha|78/100
|-damage|p1a: Garchomp|80/100|[from] item: Life Orb
|move|p1b: Eelektross|Coil|p1b: Eelektross
|-boost|p1b: Eelektross|atk|1
|-boost|p1b: Eelektross|def|1
|-boost|p1b: Eelektross|accuracy|1
|
|-weather|Snowscape|[upkeep]
|-heal|p2b: Milotic|57/100|[from] item: Leftovers
|upkeep
|turn|4
|inactive|Juaner95 has 30 seconds left.
|
|t:|1783952632
|move|p2a: Sinistcha|Rage Powder|p2a: Sinistcha
|-singleturn|p2a: Sinistcha|move: Rage Powder
|move|p1a: Garchomp|Earthquake|p2a: Sinistcha|[spread] p2a,p2b
|-immune|p1b: Eelektross|[from] ability: Eelevate
|-resisted|p2a: Sinistcha|1
|-damage|p2a: Sinistcha|58/100
|-damage|p2b: Milotic|20/100y
|-damage|p1a: Garchomp|70/100|[from] item: Life Orb
|move|p1b: Eelektross|Supercell Slam|p2a: Sinistcha
|-resisted|p2a: Sinistcha|1
|-damage|p2a: Sinistcha|26/100
|-enditem|p2a: Sinistcha|Sitrus Berry|[eat]
|-heal|p2a: Sinistcha|51/100|[from] item: Sitrus Berry
|move|p2b: Milotic|Hypnosis|p1b: Eelektross
|-status|p1b: Eelektross|slp|[from] move: Hypnosis
|
|-weather|Snowscape|[upkeep]
|-heal|p2b: Milotic|26/100|[from] item: Leftovers
|-sideend|p1: Juaner95|move: Tailwind
|upkeep
|turn|5
|
|t:|1783952655
|cant|p1b: Eelektross|slp
|move|p2b: Milotic|Protect|p2b: Milotic
|-singleturn|p2b: Milotic|Protect
|move|p1a: Garchomp|Earthquake|p2a: Sinistcha|[spread] p2a
|-activate|p2b: Milotic|move: Protect
|-immune|p1b: Eelektross|[from] ability: Eelevate
|-resisted|p2a: Sinistcha|1
|-damage|p2a: Sinistcha|32/100
|-damage|p1a: Garchomp|60/100|[from] item: Life Orb
|move|p2a: Sinistcha|Trick Room|p2a: Sinistcha
|-fieldstart|move: Trick Room|[of] p2a: Sinistcha
|
|-weather|none
|-heal|p2b: Milotic|32/100|[from] item: Leftovers
|upkeep
|turn|6
|inactive|1#MiraidonHater has 30 seconds left.
|inactive|1#MiraidonHater has 20 seconds left.
|
|t:|1783952693
|cant|p1b: Eelektross|slp
|move|p1a: Garchomp|Protect|p1a: Garchomp
|-singleturn|p1a: Garchomp|Protect
|move|p2a: Sinistcha|Life Dew|p2a: Sinistcha|[spread] p2a,p2b
|-heal|p2a: Sinistcha|57/100
|-heal|p2b: Milotic|57/100
|move|p2b: Milotic|Muddy Water|p1b: Eelektross|[spread] p1b
|-activate|p1a: Garchomp|move: Protect
|-damage|p1b: Eelektross|48/100 slp
|
|-heal|p2b: Milotic|63/100|[from] item: Leftovers
|upkeep
|turn|7
|inactive|Juaner95 has 30 seconds left.
|
|t:|1783952720
|move|p2b: Milotic|Protect|p2b: Milotic
|-singleturn|p2b: Milotic|Protect
|move|p2a: Sinistcha|Life Dew|p2a: Sinistcha|[spread] p2a,p2b
|-heal|p2a: Sinistcha|82/100
|-heal|p2b: Milotic|89/100
|-curestatus|p1b: Eelektross|slp|[msg]
|move|p1b: Eelektross|Coil|p1b: Eelektross
|-boost|p1b: Eelektross|atk|1
|-boost|p1b: Eelektross|def|1
|-boost|p1b: Eelektross|accuracy|1
|move|p1a: Garchomp|Dragon Claw|p2b: Milotic
|-activate|p2b: Milotic|move: Protect
|
|-heal|p2b: Milotic|95/100|[from] item: Leftovers
|upkeep
|turn|8
|
|t:|1783952731
|move|p1b: Eelektross|Protect|p1b: Eelektross
|-singleturn|p1b: Eelektross|Protect
|move|p1a: Garchomp|Protect|p1a: Garchomp
|-singleturn|p1a: Garchomp|Protect
|move|p2a: Sinistcha|Matcha Gotcha|p1b: Eelektross|[spread] 
|-activate|p1a: Garchomp|move: Protect
|-activate|p1b: Eelektross|move: Protect
|move|p2b: Milotic|Hypnosis|p1b: Eelektross
|-activate|p1b: Eelektross|move: Protect
|
|-heal|p2b: Milotic|100/100|[from] item: Leftovers
|upkeep
|turn|9
|
|t:|1783952744
|move|p2a: Sinistcha|Matcha Gotcha|p1a: Garchomp|[spread] p1a,p1b
|-damage|p1a: Garchomp|33/100
|-heal|p2a: Sinistcha|97/100|[from] drain|[of] p1a: Garchomp
|-damage|p1b: Eelektross|23/100
|-heal|p2a: Sinistcha|100/100|[from] drain|[of] p1b: Eelektross
|move|p2b: Milotic|Hypnosis|p1b: Eelektross
|-status|p1b: Eelektross|slp|[from] move: Hypnosis
|cant|p1b: Eelektross|slp
|move|p1a: Garchomp|Dragon Claw|p2b: Milotic
|-damage|p2b: Milotic|62/100
|-damage|p1a: Garchomp|23/100|[from] item: Life Orb
|
|-heal|p2b: Milotic|68/100|[from] item: Leftovers
|-fieldend|move: Trick Room
|upkeep
|turn|10
|inactive|1#MiraidonHater has 30 seconds left.
|inactive|1#MiraidonHater has 20 seconds left.
|inactive|1#MiraidonHater has 15 seconds left.
|inactive|1#MiraidonHater has 10 seconds left.
|
|t:|1783952792
|cant|p1b: Eelektross|slp
|move|p1a: Garchomp|Dragon Claw|p2b: Milotic
|-damage|p2b: Milotic|29/100
|-damage|p1a: Garchomp|13/100|[from] item: Life Orb
|move|p2b: Milotic|Coil|p2b: Milotic
|-boost|p2b: Milotic|atk|1
|-boost|p2b: Milotic|def|1
|-boost|p2b: Milotic|accuracy|1
|move|p2a: Sinistcha|Trick Room|p2a: Sinistcha
|-fieldstart|move: Trick Room|[of] p2a: Sinistcha
|
|-heal|p2b: Milotic|35/100|[from] item: Leftovers
|upkeep
|turn|11
|
|t:|1783952802
|-curestatus|p1b: Eelektross|slp|[msg]
|move|p1b: Eelektross|Protect|p1b: Eelektross
|-singleturn|p1b: Eelektross|Protect
|move|p1a: Garchomp|Protect|p1a: Garchomp
|-singleturn|p1a: Garchomp|Protect
|move|p2a: Sinistcha|Life Dew||[still]|[spread] p2a,p2b
|-fail|p2a: Sinistcha|heal
|-heal|p2b: Milotic|60/100
|move|p2b: Milotic|Muddy Water|p1a: Garchomp|[spread] 
|-activate|p1a: Garchomp|move: Protect
|-activate|p1b: Eelektross|move: Protect
|
|-heal|p2b: Milotic|66/100|[from] item: Leftovers
|upkeep
|turn|12
|
|t:|1783952817
|move|p2a: Sinistcha|Life Dew||[still]|[spread] p2a,p2b
|-fail|p2a: Sinistcha|heal
|-heal|p2b: Milotic|92/100
|move|p2b: Milotic|Muddy Water|p1a: Garchomp|[spread] p1a,p1b
|-damage|p1a: Garchomp|0 fnt
|-damage|p1b: Eelektross|0 fnt
|faint|p1a: Garchomp
|faint|p1b: Eelektross
|
|-heal|p2b: Milotic|98/100|[from] item: Leftovers
|upkeep
|
|t:|1783952824
|switch|p1a: Ninetales|Ninetales-Alola, L50, F, shiny|74/100
|-weather|Snowscape|[from] ability: Snow Warning|[of] p1a: Ninetales
|turn|13
|
|t:|1783952832
|move|p2a: Sinistcha|Rage Powder|p2a: Sinistcha
|-singleturn|p2a: Sinistcha|move: Rage Powder
|move|p2b: Milotic|Hypnosis|p1a: Ninetales
|-status|p1a: Ninetales|slp|[from] move: Hypnosis
|cant|p1a: Ninetales|slp
|
|-weather|Snowscape|[upkeep]
|-heal|p2b: Milotic|100/100|[from] item: Leftovers
|upkeep
|turn|14
|
|t:|1783952840
|move|p2a: Sinistcha|Matcha Gotcha|p1a: Ninetales
|-damage|p1a: Ninetales|36/100 slp
|move|p2b: Milotic|Muddy Water|p1a: Ninetales
|-damage|p1a: Ninetales|0 fnt
|faint|p1a: Ninetales
|
|win|1#MiraidonHater
||1#MiraidonHater is ready for game 2.
|inactive|Juaner95 has 30 seconds to confirm battle start!
|inactive|Juaner95 has 20 seconds to confirm battle start!
|inactive|Juaner95 has 10 seconds to confirm battle start!
|uhtml|next|Next: Game 2 of 3
|l|‽Juaner95
|player|p1|
|j| porygon-epilepz
