|j|☆lumiere215
|j|☆Sketchyseal3264
|html|lumiere215Sketchyseal3264    
|uhtml|bestof|Game 2 of a best-of-3
|t:|1782209043
|gametype|doubles
|player|p1|lumiere215|drayden|
|player|p2|Sketchyseal3264|1|
|gen|9
|tier|[Gen 9 Champions] VGC 2026 Reg M-B (Bo3)
|rule|Species Clause: Limit one of each Pokémon
|rule|Item Clause: Limit 1 of each item
|clearpoke
|poke|p1|Garchomp, L50, F|
|poke|p1|Staraptor, L50, F|
|poke|p1|Sinistcha, L50|
|poke|p1|Grimmsnarl, L50, M|
|poke|p1|Metagross, L50, shiny|
|poke|p1|Sneasler, L50, F|
|poke|p2|Pelipper, L50, F|
|poke|p2|Dragapult, L50, M|
|poke|p2|Sableye, L50, M|
|poke|p2|Archaludon, L50, F|
|poke|p2|Swampert, L50, F|
|poke|p2|Kangaskhan, L50, F|
|teampreview|4
|showteam|p1|Garchomp||LifeOrb|RoughSkin|DragonClaw,StompingTantrum,RockSlide,Protect|Jolly||F|||50|]Staraptor||Staraptite|Intimidate|CloseCombat,DualWingbeat,Roost,Protect|Jolly||F|||50|]Sinistcha||SitrusBerry|Hospitality|MatchaGotcha,RagePowder,LifeDew,StrengthSap|Bold|||||50|]Grimmsnarl||Leftovers|Prankster|ThroatChop,FakeOut,PartingShot,ScaryFace|Careful||M|||50|]Metagross||Metagrossite|ClearBody|IronHead,PsychicFangs,ThunderPunch,Protect|Jolly|||||50|]Sneasler||FocusSash|PoisonTouch|DireClaw,CloseCombat,Coaching,FakeOut|Jolly||F|||50|
|showteam|p2|Pelipper||SitrusBerry|Drizzle|Hurricane,WeatherBall,Tailwind,WideGuard|Modest||F|||50|]Dragapult||LifeOrb|ClearBody|DragonDarts,PsychicFangs,WillOWisp,PhantomForce|Adamant||M|||50|]Sableye||RoseliBerry|Prankster|FoulPlay,Encore,WillOWisp,RainDance|Calm||M|||50|]Archaludon||Leftovers|Stamina|ElectroShot,FlashCannon,Protect,DragonPulse|Modest||F|||50|]Swampert||Swampertite|Torrent|WaveCrash,HighHorsepower,Protect,IcePunch|Adamant||F|||50|]Kangaskhan||Kangaskhanite|Scrappy|FakeOut,LastResort|Jolly||F|||50|
|j| SoupForSale
|l| SoupForSale
|
|t:|1782209080
|teamsize|p1|4
|teamsize|p2|4
|start
|switch|p1a: Herobird|Staraptor, L50, F|100/100
|switch|p1b: Warlock|Grimmsnarl, L50, M|100/100
|switch|p2a: Pelipper|Pelipper, L50, F|100/100
|switch|p2b: Swampert|Swampert, L50, F|100/100
|-ability|p1a: Herobird|Intimidate|boost
|-unboost|p2a: Pelipper|atk|1
|-unboost|p2b: Swampert|atk|1
|-weather|RainDance|[from] ability: Drizzle|[of] p2a: Pelipper
|turn|1
|
|t:|1782209111
|switch|p2b: Sableye|Sableye, L50, M|100/100
|detailschange|p1a: Herobird|Staraptor-Mega, L50, F
|-mega|p1a: Herobird|Staraptor|Staraptite
|move|p1b: Warlock|Fake Out|p2a: Pelipper
|-damage|p2a: Pelipper|87/100
|move|p1a: Herobird|Close Combat|p2a: Pelipper
|-resisted|p2a: Pelipper|1
|-damage|p2a: Pelipper|55/100
|-boost|p1a: Herobird|def|1
|-boost|p1a: Herobird|spd|1
|cant|p2a: Pelipper|flinch
|
|-weather|RainDance|[upkeep]
|upkeep
|turn|2
|c|☆lumiere215|Where my bird
|
|t:|1782209137
|move|p2b: Sableye|Encore|p1b: Warlock
|-hint|Since gen 7, Dark is immune to Prankster moves.
|-immune|p1b: Warlock
|move|p1a: Herobird|Close Combat|p2a: Pelipper
|-resisted|p2a: Pelipper|1
|-crit|p2a: Pelipper
|-damage|p2a: Pelipper|13/100
|-boost|p1a: Herobird|def|1
|-boost|p1a: Herobird|spd|1
|-enditem|p2a: Pelipper|Sitrus Berry|[eat]
|-heal|p2a: Pelipper|38/100|[from] item: Sitrus Berry
|move|p2a: Pelipper|Hurricane|p1a: Herobird
|-supereffective|p1a: Herobird|1
|-damage|p1a: Herobird|59/100
|-start|p1a: Herobird|confusion
|move|p1b: Warlock|Throat Chop|p2b: Sableye
|-damage|p2b: Sableye|52/100
|-start|p2b: Sableye|Throat Chop|[silent]
|
|-weather|RainDance|[upkeep]
|upkeep
|turn|3
|c|☆Sketchyseal3264|wow
|c|☆lumiere215|oops?
|c|☆Sketchyseal3264|big brain play
|
|t:|1782209164
|switch|p2b: Swampert|Swampert, L50, F|100/100
|move|p1b: Warlock|Parting Shot|p1a: Herobird
|-boost|p1a: Herobird|atk|1
|-boost|p1a: Herobird|spa|1
|
|t:|1782209172
|switch|p1b: Uncle|Sinistcha, L50|100/100|[from] Parting Shot
|-heal|p1a: Herobird|84/100|[from] ability: Hospitality|[of] p1b: Uncle
|-activate|p1a: Herobird|confusion
|move|p1a: Herobird|Close Combat|p2a: Pelipper
|-resisted|p2a: Pelipper|1
|-damage|p2a: Pelipper|0 fnt
|-boost|p1a: Herobird|def|1
|-boost|p1a: Herobird|spd|1
|faint|p2a: Pelipper
|
|-weather|RainDance|[upkeep]
|upkeep
|
|t:|1782209177
|switch|p2a: Sableye|Sableye, L50, M|52/100
|turn|4
|
|t:|1782209194
|move|p1b: Uncle|Rage Powder|p1b: Uncle
|-singleturn|p1b: Uncle|move: Rage Powder
|move|p2a: Sableye|Will-O-Wisp|p1b: Uncle
|-status|p1b: Uncle|brn
|-activate|p1a: Herobird|confusion
|move|p1a: Herobird|Close Combat|p2b: Swampert
|-damage|p2b: Swampert|21/100
|-boost|p1a: Herobird|def|1
|-boost|p1a: Herobird|spd|1
|move|p2b: Swampert|Ice Punch|p1b: Uncle
|-supereffective|p1b: Uncle|1
|-damage|p1b: Uncle|53/100 brn
|
|-weather|RainDance|[upkeep]
|-damage|p1b: Uncle|47/100 brn|[from] brn
|upkeep
|-enditem|p1b: Uncle|Sitrus Berry|[eat]
|-heal|p1b: Uncle|72/100 brn|[from] item: Sitrus Berry
|turn|5
|c|☆Sketchyseal3264|I forgot to mega
|c|☆Sketchyseal3264|gg
|-message|Sketchyseal3264 forfeited.
|
|win|lumiere215
|l|☆Sketchyseal3264
|player|p2|
|c|☆lumiere215|gg
|j| SoupForSale
|l| SoupForSale
