|j|‽babysha
|j|☆Garden Monke
|html|babyshaGarden Monke    
|uhtml|bestof|Game 2 of a best-of-3
|t:|1784477990
|gametype|doubles
|player|p1|babysha|169|1101
|player|p2|Garden Monke|giacomo|1000
|gen|9
|tier|[Gen 9 Champions] VGC 2026 Reg M-B (Bo3)
|rated|
|rule|Species Clause: Limit one of each Pokémon
|rule|Item Clause: Limit 1 of each item
|clearpoke
|poke|p1|Tyranitar, L50, M|
|poke|p1|Archaludon, L50, F|
|poke|p1|Sinistcha, L50|
|poke|p1|Basculegion, L50, M|
|poke|p1|Sneasler, L50, M|
|poke|p1|Pelipper, L50, F|
|poke|p2|Incineroar, L50, M|
|poke|p2|Sinistcha, L50|
|poke|p2|Gengar, L50, F|
|poke|p2|Swampert, L50, M|
|poke|p2|Politoed, L50, M|
|poke|p2|Archaludon, L50, M|
|teampreview|4
|showteam|p1|Tyranitar||Tyranitarite|SandStream|DragonDance,RockSlide,KnockOff,Protect|Jolly||M|||50|]Archaludon||ShucaBerry|Stamina|ElectroShot,FlashCannon,DragonPulse,Protect|Timid||F|||50|]Sinistcha||CobaBerry|Hospitality|RagePowder,MatchaGotcha,StrengthSap,TrickRoom|Relaxed|||||50|]Basculegion||ChoiceScarf|Adaptability|WaveCrash,LastRespects,FlipTurn,AquaJet|Jolly||M|||50|]Sneasler||WhiteHerb|Unburden|FakeOut,ThroatChop,DireClaw,CloseCombat|Adamant||M|||50|]Pelipper||FocusSash|Drizzle|Tailwind,Hurricane,WeatherBall,Protect|Modest||F|||50|
|showteam|p2|Incineroar||PasshoBerry|Intimidate|ThroatChop,FakeOut,PartingShot,Protect|Sassy||M|||50|]Sinistcha||ColburBerry|Hospitality|MatchaGotcha,RagePowder,TrickRoom,Protect|Calm|||||50|]Gengar||Gengarite|CursedBody|ShadowBall,Disable,PerishSong,Protect|Timid||F|||50|]Swampert||Swampertite|Damp|WaveCrash,HighHorsepower,IcePunch,Protect|Adamant||M|||50|]Politoed||SitrusBerry|Drizzle|WeatherBall,Encore,PerishSong,Protect|Calm||M|||50|]Archaludon||Leftovers|Stamina|ElectroShot,DragonPulse,FlashCannon,Protect|Modest||M|||50|
|inactive|Battle timer is ON: inactive players will automatically lose when time's up. (requested by babysha)
|inactive|Garden Monke also wants the timer to be on.
|
|t:|1784478011
|teamsize|p1|4
|teamsize|p2|4
|start
|switch|p1a: Basculegion|Basculegion, L50, M|100/100
|switch|p1b: Sneasler|Sneasler, L50, M|100/100
|switch|p2a: Gengar|Gengar, L50, F|100/100
|switch|p2b: Sinistcha|Sinistcha, L50|100/100
|turn|1
|
|t:|1784478029
|detailschange|p2a: Gengar|Gengar-Mega, L50, F
|-mega|p2a: Gengar|Gengar|Gengarite
|move|p1a: Basculegion|Last Respects|p2a: Gengar
|-supereffective|p2a: Gengar|1
|-damage|p2a: Gengar|22/100
|move|p2a: Gengar|Shadow Ball|p1a: Basculegion
|-supereffective|p1a: Basculegion|1
|-damage|p1a: Basculegion|6/100
|-unboost|p1a: Basculegion|spd|1
|move|p1b: Sneasler|Throat Chop|p2a: Gengar
|-supereffective|p2a: Gengar|1
|-damage|p2a: Gengar|0 fnt
|faint|p2a: Gengar
|move|p2b: Sinistcha|Matcha Gotcha|p1a: Basculegion|[spread] p1a,p1b
|-supereffective|p1a: Basculegion|1
|-resisted|p1b: Sneasler|1
|-damage|p1a: Basculegion|0 fnt
|-damage|p1b: Sneasler|83/100
|-status|p1b: Sneasler|brn
|faint|p1a: Basculegion
|
|-damage|p1b: Sneasler|77/100 brn|[from] brn
|upkeep
|
|t:|1784478044
|switch|p2a: Incineroar|Incineroar, L50, M|100/100
|switch|p1a: Tyranitar|Tyranitar, L50, M|100/100
|-weather|Sandstorm|[from] ability: Sand Stream|[of] p1a: Tyranitar
|-ability|p2a: Incineroar|Intimidate|boost
|-unboost|p1a: Tyranitar|atk|1
|-unboost|p1b: Sneasler|atk|1
|-enditem|p1b: Sneasler|White Herb
|-clearnegativeboost|p1b: Sneasler|[silent]
|turn|2
|
|t:|1784478055
|move|p2a: Incineroar|Fake Out|p1b: Sneasler
|-damage|p1b: Sneasler|58/100 brn
|cant|p1b: Sneasler|flinch
|move|p1a: Tyranitar|Dragon Dance|p1a: Tyranitar
|-boost|p1a: Tyranitar|atk|1
|-boost|p1a: Tyranitar|spe|1
|move|p2b: Sinistcha|Trick Room|p2b: Sinistcha
|-fieldstart|move: Trick Room|[of] p2b: Sinistcha
|
|-weather|Sandstorm|[upkeep]
|-damage|p2a: Incineroar|94/100|[from] Sandstorm
|-damage|p2b: Sinistcha|93/100|[from] Sandstorm
|-damage|p1b: Sneasler|52/100 brn|[from] Sandstorm
|-damage|p1b: Sneasler|47/100 brn|[from] brn
|upkeep
|turn|3
|
|t:|1784478071
|move|p2a: Incineroar|Parting Shot|p1a: Tyranitar
|-unboost|p1a: Tyranitar|atk|1
|-unboost|p1a: Tyranitar|spa|1
|
|t:|1784478074
|switch|p2a: Archaludon|Archaludon, L50, M|100/100|[from] Parting Shot
|move|p2b: Sinistcha|Matcha Gotcha|p1a: Tyranitar|[spread] p1a,p1b
|-supereffective|p1a: Tyranitar|1
|-resisted|p1b: Sneasler|1
|-damage|p1a: Tyranitar|64/100
|-heal|p2b: Sinistcha|100/100|[from] drain|[of] p1a: Tyranitar
|-damage|p1b: Sneasler|31/100 brn
|move|p1a: Tyranitar|Dragon Dance|p1a: Tyranitar
|-boost|p1a: Tyranitar|atk|1
|-boost|p1a: Tyranitar|spe|1
|move|p1b: Sneasler|Throat Chop|p2b: Sinistcha
|-supereffective|p2b: Sinistcha|1
|-enditem|p2b: Sinistcha|Colbur Berry|[eat]
|-enditem|p2b: Sinistcha|Colbur Berry|[weaken]
|-damage|p2b: Sinistcha|86/100
|-start|p2b: Sinistcha|Throat Chop|[silent]
|
|-weather|Sandstorm|[upkeep]
|-damage|p2b: Sinistcha|80/100|[from] Sandstorm
|-damage|p1b: Sneasler|25/100 brn|[from] Sandstorm
|-damage|p1b: Sneasler|20/100r brn|[from] brn
|upkeep
|turn|4
|
|t:|1784478095
|switch|p1b: Sinistcha|Sinistcha, L50|100/100
|-heal|p1a: Tyranitar|89/100|[from] ability: Hospitality|[of] p1b: Sinistcha
|detailschange|p1a: Tyranitar|Tyranitar-Mega, L50, M
|-mega|p1a: Tyranitar|Tyranitar|Tyranitarite
|move|p2b: Sinistcha|Matcha Gotcha|p1a: Tyranitar|[spread] p1a,p1b
|-supereffective|p1a: Tyranitar|1
|-crit|p1a: Tyranitar
|-resisted|p1b: Sinistcha|1
|-damage|p1a: Tyranitar|46/100
|-heal|p2b: Sinistcha|100/100|[from] drain|[of] p1a: Tyranitar
|-damage|p1b: Sinistcha|84/100
|move|p2a: Archaludon|Flash Cannon|p1a: Tyranitar
|-supereffective|p1a: Tyranitar|1
|-damage|p1a: Tyranitar|5/100
|move|p1a: Tyranitar|Knock Off|p2b: Sinistcha
|-supereffective|p2b: Sinistcha|1
|-damage|p2b: Sinistcha|35/100
|
|-weather|Sandstorm|[upkeep]
|-damage|p1b: Sinistcha|78/100|[from] Sandstorm
|-damage|p2b: Sinistcha|29/100|[from] Sandstorm
|-end|p2b: Sinistcha|Throat Chop|[silent]
|upkeep
|turn|5
|
|t:|1784478118
|move|p1a: Tyranitar|Protect|p1a: Tyranitar
|-singleturn|p1a: Tyranitar|Protect
|move|p2b: Sinistcha|Matcha Gotcha|p1a: Tyranitar|[spread] p1b
|-activate|p1a: Tyranitar|move: Protect
|-resisted|p1b: Sinistcha|1
|-damage|p1b: Sinistcha|64/100
|-heal|p2b: Sinistcha|36/100|[from] drain|[of] p1b: Sinistcha
|move|p2a: Archaludon|Electro Shot||[still]
|-prepare|p2a: Archaludon|Electro Shot
|-boost|p2a: Archaludon|spa|1
|move|p1b: Sinistcha|Trick Room|p1b: Sinistcha
|-fieldend|move: Trick Room
|
|-weather|Sandstorm|[upkeep]
|-damage|p2b: Sinistcha|30/100|[from] Sandstorm
|-damage|p1b: Sinistcha|57/100|[from] Sandstorm
|upkeep
|turn|6
|inactive|babysha has 30 seconds left.
|
|t:|1784478147
|switch|p2b: Incineroar|Incineroar, L50, M|94/100
|-ability|p2b: Incineroar|Intimidate|boost
|-unboost|p1a: Tyranitar|atk|1
|-unboost|p1b: Sinistcha|atk|1
|switch|p1b: Sneasler|Sneasler, L50, M|20/100r brn
|move|p1a: Tyranitar|Rock Slide|p2b: Incineroar|[spread] p2a,p2b
|-resisted|p2a: Archaludon|1
|-supereffective|p2b: Incineroar|1
|-damage|p2a: Archaludon|90/100
|-damage|p2b: Incineroar|54/100
|-ability|p2a: Archaludon|Stamina|boost
|-boost|p2a: Archaludon|def|1
|move|p2a: Archaludon|Electro Shot|p1b: Sneasler|[from] lockedmove
|-damage|p1b: Sneasler|0 fnt
|faint|p1b: Sneasler
|
|-weather|none
|-heal|p2a: Archaludon|96/100|[from] item: Leftovers
|upkeep
|
|t:|1784478162
|switch|p1b: Sinistcha|Sinistcha, L50|57/100
|-heal|p1a: Tyranitar|30/100|[from] ability: Hospitality|[of] p1b: Sinistcha
|turn|7
|
|t:|1784478182
|move|p1a: Tyranitar|Protect|p1a: Tyranitar
|-singleturn|p1a: Tyranitar|Protect
|move|p2b: Incineroar|Fake Out|p1a: Tyranitar
|-activate|p1a: Tyranitar|move: Protect
|move|p2a: Archaludon|Dragon Pulse|p1b: Sinistcha
|-crit|p1b: Sinistcha
|-damage|p1b: Sinistcha|0 fnt
|faint|p1b: Sinistcha
|
|-heal|p2a: Archaludon|100/100|[from] item: Leftovers
|upkeep
|turn|8
|
|t:|1784478194
|switch|p2b: Sinistcha|Sinistcha, L50|30/100
|move|p2a: Archaludon|Protect|p2a: Archaludon
|-singleturn|p2a: Archaludon|Protect
|move|p1a: Tyranitar|Rock Slide|p2a: Archaludon|[spread] p2b
|-activate|p2a: Archaludon|move: Protect
|-damage|p2b: Sinistcha|8/100
|
|upkeep
|turn|9
|
|t:|1784478201
|switch|p2b: Incineroar|Incineroar, L50, M|54/100
|-ability|p2b: Incineroar|Intimidate|boost
|-unboost|p1a: Tyranitar|atk|1
|move|p1a: Tyranitar|Rock Slide|p2b: Incineroar|[spread] p2a,p2b
|-resisted|p2a: Archaludon|1
|-supereffective|p2b: Incineroar|1
|-damage|p2a: Archaludon|95/100
|-damage|p2b: Incineroar|23/100
|-ability|p2a: Archaludon|Stamina|boost
|-boost|p2a: Archaludon|def|1
|move|p2a: Archaludon|Flash Cannon|p1a: Tyranitar
|-supereffective|p1a: Tyranitar|1
|-damage|p1a: Tyranitar|0 fnt
|faint|p1a: Tyranitar
|
|win|Garden Monke
||babysha is ready for game 3.
||Garden Monke is ready for game 3.
|uhtml|next|Next: Game 3 of 3
|l|‽babysha
|player|p1|
|n|☆Garden Monke|gardenmonke
