|j|☆00diogo00*
|j|☆jacre22
|html|00diogo00*jacre22    
|uhtml|bestof|Game 3 of a best-of-3
|t:|1755975026
|gametype|doubles
|player|p1|00diogo00*|harlequin|1258
|player|p2|jacre22|iris-gen5bw2|1278
|gen|9
|tier|[Gen 9] VGC 2025 Reg H (Bo3)
|rated|
|rule|Species Clause: Limit one of each Pokémon
|rule|Item Clause: Limit 1 of each item
|clearpoke
|poke|p1|Sylveon, L50, F|
|poke|p1|Gholdengo, L50|
|poke|p1|Gastrodon, L50, M|
|poke|p1|Porygon2, L50|
|poke|p1|Whimsicott, L50, M|
|poke|p1|Arcanine-Hisui, L50, M|
|poke|p2|Whimsicott, L50, M|
|poke|p2|Garchomp, L50, F|
|poke|p2|Gholdengo, L50|
|poke|p2|Incineroar, L50, F|
|poke|p2|Sneasler, L50, M|
|poke|p2|Dragonite, L50, M|
|teampreview|4
|showteam|p1|Sylveon||ThroatSpray|CuteCharm|HyperVoice,Protect,TeraBlast,HelpingHand|||F|||50|,,,,,Fire]Gholdengo||LifeOrb|GoodasGold|Protect,NastyPlot,MakeItRain,ShadowBall||||||50|,,,,,Water]Gastrodon||Leftovers|StormDrain|Yawn,Protect,EarthPower,IcyWind|||M|||50|,,,,,Fairy]Porygon2||Eviolite|Download|TeraBlast,IceBeam,TrickRoom,Recover||||||50|,,,,,Fighting]Whimsicott||CovertCloak|Prankster|Encore,Endeavor,Tailwind,Moonblast|||M|||50|,,,,,Water]Arcanine-Hisui||ClearAmulet|Intimidate|Protect,FlareBlitz,ExtremeSpeed,RockSlide|||M|||50|,,,,,Grass
|showteam|p2|Whimsicott||FocusSash|Prankster|Moonblast,Tailwind,Encore,Protect|||M|||50|,,,,,Ghost]Garchomp||LifeOrb|RoughSkin|Earthquake,DragonClaw,StompingTantrum,Protect|||F|||50|,,,,,Ground]Gholdengo||ChoiceSpecs|GoodasGold|MakeItRain,ShadowBall,Trick,Protect||||||50|,,,,,Steel]Incineroar||AssaultVest|Intimidate|FakeOut,FlareBlitz,KnockOff,Uturn|||F|||50|,,,,,Grass]Sneasler||WhiteHerb|Unburden|FakeOut,DireClaw,CloseCombat,Protect|||M|||50|,,,,,Stellar]Dragonite||ChoiceBand|InnerFocus|ExtremeSpeed,Outrage,IceSpinner,StompingTantrum|||M|||50|,,,,,Normal
|
|t:|1755975083
|teamsize|p1|4
|teamsize|p2|4
|start
|switch|p1a: Whimsicott|Whimsicott, L50, M|100/100
|switch|p1b: Arcanine|Arcanine-Hisui, L50, M|100/100
|switch|p2a: Dragonite|Dragonite, L50, M|100/100
|switch|p2b: Garchomp|Garchomp, L50, F|100/100
|-ability|p1b: Arcanine|Intimidate|boost
|-fail|p2a: Dragonite|unboost|Attack|[from] ability: Inner Focus|[of] p2a: Dragonite
|-unboost|p2b: Garchomp|atk|1
|turn|1
|
|t:|1755975128
|-terastallize|p2b: Garchomp|Ground
|-terastallize|p1b: Arcanine|Grass
|move|p2a: Dragonite|Extreme Speed|p1a: Whimsicott
|-damage|p1a: Whimsicott|44/100
|move|p1a: Whimsicott|Tailwind|p1a: Whimsicott
|-sidestart|p1: 00diogo00*|move: Tailwind
|move|p1b: Arcanine|Rock Slide|p2a: Dragonite|[spread] p2a,p2b
|-supereffective|p2a: Dragonite
|-resisted|p2b: Garchomp
|-damage|p2a: Dragonite|52/100
|-damage|p2b: Garchomp|87/100
|move|p2b: Garchomp|Earthquake|p1a: Whimsicott|[spread] p1a,p1b
|-immune|p2a: Dragonite
|-resisted|p1a: Whimsicott
|-resisted|p1b: Arcanine
|-damage|p1a: Whimsicott|13/100
|-damage|p1b: Arcanine|73/100
|-damage|p2b: Garchomp|78/100|[from] item: Life Orb
|
|upkeep
|turn|2
|
|t:|1755975202
|move|p2a: Dragonite|Extreme Speed|p1a: Whimsicott
|-damage|p1a: Whimsicott|0 fnt
|faint|p1a: Whimsicott
|move|p1b: Arcanine|Rock Slide|p2a: Dragonite|[spread] p2a,p2b
|-supereffective|p2a: Dragonite
|-resisted|p2b: Garchomp
|-damage|p2a: Dragonite|0 fnt
|-damage|p2b: Garchomp|64/100
|faint|p2a: Dragonite
|move|p2b: Garchomp|Earthquake|p1b: Arcanine
|-resisted|p1b: Arcanine
|-damage|p1b: Arcanine|35/100
|-damage|p2b: Garchomp|54/100|[from] item: Life Orb
|
|upkeep
|
|t:|1755975219
|switch|p1a: Porygon2|Porygon2, L50|100/100
|switch|p2a: Whimsicott|Whimsicott, L50, M|100/100
|-ability|p1a: Porygon2|Download|boost
|-boost|p1a: Porygon2|spa|1
|turn|3
|
|t:|1755975261
|move|p1b: Arcanine|Protect|p1b: Arcanine
|-singleturn|p1b: Arcanine|Protect
|move|p2a: Whimsicott|Tailwind|p2a: Whimsicott
|-sidestart|p2: jacre22|move: Tailwind
|move|p2b: Garchomp|Dragon Claw|p1b: Arcanine
|-activate|p1b: Arcanine|move: Protect
|move|p1a: Porygon2|Ice Beam|p2b: Garchomp
|-supereffective|p2b: Garchomp
|-damage|p2b: Garchomp|0 fnt
|faint|p2b: Garchomp
|
|upkeep
|
|t:|1755975271
|switch|p2b: Gholdengo|Gholdengo, L50|100/100
|turn|4
|
|t:|1755975296
|switch|p1b: Gholdengo|Gholdengo, L50|100/100
|move|p2a: Whimsicott|Encore|p1b: Gholdengo
|-immune|p1b: Gholdengo|[from] ability: Good as Gold
|move|p2b: Gholdengo|Make It Rain|p1a: Porygon2|[spread] p1a,p1b
|-resisted|p1b: Gholdengo
|-damage|p1a: Porygon2|50/100
|-damage|p1b: Gholdengo|62/100
|-unboost|p2b: Gholdengo|spa|1
|move|p1a: Porygon2|Trick Room|p1a: Porygon2
|-fieldstart|move: Trick Room|[of] p1a: Porygon2
|
|-sideend|p1: 00diogo00*|move: Tailwind
|upkeep
|turn|5
|
|t:|1755975322
|switch|p1a: Arcanine|Arcanine-Hisui, L50, M, tera:Grass|35/100
|-ability|p1a: Arcanine|Intimidate|boost
|-unboost|p2a: Whimsicott|atk|1
|-unboost|p2b: Gholdengo|atk|1
|move|p1b: Gholdengo|Shadow Ball|p2b: Gholdengo
|-supereffective|p2b: Gholdengo
|-damage|p2b: Gholdengo|0 fnt
|faint|p2b: Gholdengo
|-damage|p1b: Gholdengo|52/100|[from] item: Life Orb
|move|p2a: Whimsicott|Moonblast|p1b: Gholdengo
|-resisted|p1b: Gholdengo
|-damage|p1b: Gholdengo|34/100
|
|upkeep
|turn|6
|
|t:|1755975347
|move|p1a: Arcanine|Flare Blitz|p2a: Whimsicott
|-supereffective|p2a: Whimsicott
|-enditem|p2a: Whimsicott|Focus Sash
|-damage|p2a: Whimsicott|1/100
|-damage|p1a: Arcanine|9/100|[from] Recoil
|move|p1b: Gholdengo|Make It Rain|p2a: Whimsicott
|-supereffective|p2a: Whimsicott
|-damage|p2a: Whimsicott|0 fnt
|-unboost|p1b: Gholdengo|spa|1
|faint|p2a: Whimsicott
|-damage|p1b: Gholdengo|24/100|[from] item: Life Orb
|
|win|00diogo00*
|raw|00diogo00*'s rating: 1258 → 1284(+26 for winning)
|raw|jacre22's rating: 1278 → 1252(-26 for losing)
|c|☆jacre22|ggs
|l|☆00diogo00*
|player|p1|
