|j|☆punishedmelody
|j|☆dr holly
|html|punishedmelodydr holly    
|uhtml|bestof|Game 2 of a best-of-3
|t:|1783741367
|gametype|doubles
|player|p1|punishedmelody|taunie|1063
|player|p2|dr holly|boarder|1168
|gen|9
|tier|[Gen 9 Champions] VGC 2026 Reg M-B (Bo3)
|rated|
|rule|Species Clause: Limit one of each Pokémon
|rule|Item Clause: Limit 1 of each item
|clearpoke
|poke|p1|Blaziken, L50, M, shiny|
|poke|p1|Venusaur, L50, M|
|poke|p1|Ninetales-Alola, L50, M|
|poke|p1|Lycanroc-Dusk, L50, F|
|poke|p1|Kingambit, L50, M, shiny|
|poke|p1|Basculegion, L50, M|
|poke|p2|Staraptor, L50, F|
|poke|p2|Kingambit, L50, F|
|poke|p2|Excadrill, L50, M|
|poke|p2|Sinistcha, L50|
|poke|p2|Toxapex, L50, F|
|poke|p2|Ninetales-Alola, L50, F|
|teampreview|4
|showteam|p1|Blaziken||Blazikenite|SpeedBoost|FlareBlitz,CloseCombat,UpperHand,Detect|Adamant||M|||50|]Venusaur||Venusaurite|Overgrow|GigaDrain,SludgeBomb,EarthPower,Protect|Modest||M|||50|]Ninetales-Alola||NeverMeltIce|SnowWarning|Blizzard,FreezeDry,Encore,Protect|Timid||M|||50|]Lycanroc-Dusk||FocusSash|ToughClaws|Accelerock,RockSlide,CloseCombat,Protect|Adamant||F|||50|]Kingambit||LifeOrb|Defiant|KowtowCleave,SuckerPunch,IronHead,Protect|Adamant||M|||50|]Basculegion||ChoiceScarf|Adaptability|WaveCrash,AquaJet,LastRespects,FlipTurn|Jolly||M|||50|
|showteam|p2|Staraptor||Staraptite|Intimidate|CloseCombat,BraveBird,Protect,QuickAttack|Jolly||F|||50|]Kingambit||FocusSash|Defiant|KowtowCleave,SuckerPunch,IronHead,Protect|Adamant||F|||50|]Excadrill||Excadrite|MoldBreaker|RockSlide,Earthquake,IronHead,Protect|Jolly||M|||50|]Sinistcha||SitrusBerry|Hospitality|RagePowder,MatchaGotcha,Protect,TrickRoom|Relaxed|||||50|]Toxapex||Leftovers|Regenerator|Infestation,WideGuard,BanefulBunker,ChillingWater|Calm||F|||50|]Ninetales-Alola||NeverMeltIce|SnowWarning|IcyWind,Blizzard,FreezeDry,Protect|Timid||F|||50|
|
|t:|1783741413
|teamsize|p1|4
|teamsize|p2|4
|start
|switch|p1a: Hakka no Togame|Ninetales-Alola, L50, M|100/100
|switch|p1b: Zanka no Tachi|Blaziken, L50, M, shiny|100/100
|switch|p2a: Toxapex|Toxapex, L50, F|100/100
|switch|p2b: Staraptor|Staraptor, L50, F|100/100
|-weather|Snowscape|[from] ability: Snow Warning|[of] p1a: Hakka no Togame
|-ability|p2b: Staraptor|Intimidate|boost
|-unboost|p1a: Hakka no Togame|atk|1
|-unboost|p1b: Zanka no Tachi|atk|1
|turn|1
|
|t:|1783741434
|switch|p1b: Sōō Zabimaru|Lycanroc-Dusk, L50, F|100/100
|detailschange|p2b: Staraptor|Staraptor-Mega, L50, F
|-mega|p2b: Staraptor|Staraptor|Staraptite
|move|p2a: Toxapex|Wide Guard|p2a: Toxapex
|-singleturn|p2a: Toxapex|Wide Guard
|move|p2b: Staraptor|Close Combat|p1a: Hakka no Togame
|-damage|p1a: Hakka no Togame|39/100
|-boost|p2b: Staraptor|def|1
|-boost|p2b: Staraptor|spd|1
|move|p1a: Hakka no Togame|Freeze-Dry|p2a: Toxapex
|-supereffective|p2a: Toxapex|1
|-damage|p2a: Toxapex|54/100
|
|-weather|Snowscape|[upkeep]
|-heal|p2a: Toxapex|59/100|[from] item: Leftovers
|upkeep
|turn|2
|
|t:|1783741464
|move|p2b: Staraptor|Protect|p2b: Staraptor
|-singleturn|p2b: Staraptor|Protect
|move|p1a: Hakka no Togame|Protect|p1a: Hakka no Togame
|-singleturn|p1a: Hakka no Togame|Protect
|move|p1b: Sōō Zabimaru|Accelerock|p2b: Staraptor
|-activate|p2b: Staraptor|move: Protect
|move|p2a: Toxapex|Chilling Water|p1b: Sōō Zabimaru
|-supereffective|p1b: Sōō Zabimaru|1
|-damage|p1b: Sōō Zabimaru|60/100
|-unboost|p1b: Sōō Zabimaru|atk|1
|
|-weather|Snowscape|[upkeep]
|-heal|p2a: Toxapex|65/100|[from] item: Leftovers
|upkeep
|turn|3
|inactive|Battle timer is ON: inactive players will automatically lose when time's up. (requested by punishedmelody)
|
|t:|1783741487
|switch|p1a: La Muerte|Basculegion, L50, M|100/100
|move|p2b: Staraptor|Close Combat|p1a: La Muerte
|-immune|p1a: La Muerte
|move|p1b: Sōō Zabimaru|Rock Slide|p2b: Staraptor|[spread] p2a,p2b
|-damage|p2a: Toxapex|52/100
|-damage|p2b: Staraptor|84/100
|move|p2a: Toxapex|Chilling Water|p1b: Sōō Zabimaru
|-supereffective|p1b: Sōō Zabimaru|1
|-damage|p1b: Sōō Zabimaru|25/100
|-unboost|p1b: Sōō Zabimaru|atk|1
|
|-weather|Snowscape|[upkeep]
|-heal|p2a: Toxapex|57/100|[from] item: Leftovers
|upkeep
|turn|4
|inactive|dr holly has 30 seconds left.
|
|t:|1783741516
|move|p2b: Staraptor|Protect|p2b: Staraptor
|-singleturn|p2b: Staraptor|Protect
|move|p1b: Sōō Zabimaru|Accelerock|p2b: Staraptor
|-activate|p2b: Staraptor|move: Protect
|move|p1a: La Muerte|Flip Turn|p2b: Staraptor
|-activate|p2b: Staraptor|move: Protect
|move|p2a: Toxapex|Chilling Water|p1a: La Muerte
|-resisted|p1a: La Muerte|1
|-damage|p1a: La Muerte|93/100
|-unboost|p1a: La Muerte|atk|1
|
|-weather|Snowscape|[upkeep]
|-heal|p2a: Toxapex|63/100|[from] item: Leftovers
|upkeep
|turn|5
|
|t:|1783741537
|switch|p1b: Hakka no Togame|Ninetales-Alola, L50, M|39/100
|move|p1a: La Muerte|Flip Turn|p2b: Staraptor
|-damage|p2b: Staraptor|67/100
|
|t:|1783741542
|switch|p1a: Zanka no Tachi|Blaziken, L50, M, shiny|100/100|[from] Flip Turn
|move|p2b: Staraptor|Close Combat|p1b: Hakka no Togame
|-damage|p1b: Hakka no Togame|0 fnt
|-boost|p2b: Staraptor|def|1
|-boost|p2b: Staraptor|spd|1
|faint|p1b: Hakka no Togame
|move|p2a: Toxapex|Infestation|p1a: Zanka no Tachi
|-resisted|p1a: Zanka no Tachi|2
|-crit|p1a: Zanka no Tachi
|-damage|p1a: Zanka no Tachi|98/100
|-activate|p1a: Zanka no Tachi|move: Infestation|[of] p2a: Toxapex
|
|-weather|none
|-heal|p2a: Toxapex|69/100|[from] item: Leftovers
|-damage|p1a: Zanka no Tachi|86/100|[from] move: Infestation|[partiallytrapped]
|upkeep
|
|t:|1783741547
|switch|p1b: La Muerte|Basculegion, L50, M|93/100
|turn|6
|inactive|dr holly has 30 seconds left.
|
|t:|1783741575
|detailschange|p1a: Zanka no Tachi|Blaziken-Mega, L50, M, shiny
|-mega|p1a: Zanka no Tachi|Blaziken|Blazikenite
|move|p1a: Zanka no Tachi|Detect|p1a: Zanka no Tachi
|-singleturn|p1a: Zanka no Tachi|Protect
|move|p1b: La Muerte|Last Respects|p2a: Toxapex
|-damage|p2a: Toxapex|24/100
|move|p2b: Staraptor|Brave Bird|p1a: Zanka no Tachi
|-activate|p1a: Zanka no Tachi|move: Protect
|move|p2a: Toxapex|Chilling Water|p1a: Zanka no Tachi
|-activate|p1a: Zanka no Tachi|move: Protect
|
|-heal|p2a: Toxapex|30/100|[from] item: Leftovers
|-damage|p1a: Zanka no Tachi|74/100|[from] move: Infestation|[partiallytrapped]
|-ability|p1a: Zanka no Tachi|Speed Boost|boost
|-boost|p1a: Zanka no Tachi|spe|1
|upkeep
|turn|7
|
|t:|1783741588
|-heal|p2a: Toxapex|63/100|[from] ability: Regenerator|[silent]
|switch|p2a: Sinistcha|Sinistcha, L50|100/100
|-heal|p2b: Staraptor|91/100|[from] ability: Hospitality|[of] p2a: Sinistcha
|move|p1a: Zanka no Tachi|Flare Blitz|p2b: Staraptor
|-damage|p2b: Staraptor|44/100
|-damage|p1a: Zanka no Tachi|58/100|[from] Recoil
|move|p1b: La Muerte|Last Respects|p2a: Sinistcha
|-supereffective|p2a: Sinistcha|1
|-damage|p2a: Sinistcha|5/100
|-enditem|p2a: Sinistcha|Sitrus Berry|[eat]
|-heal|p2a: Sinistcha|30/100|[from] item: Sitrus Berry
|move|p2b: Staraptor|Brave Bird|p1a: Zanka no Tachi
|-supereffective|p1a: Zanka no Tachi|1
|-damage|p1a: Zanka no Tachi|0 fnt
|faint|p1a: Zanka no Tachi
|-damage|p2b: Staraptor|25/100|[from] Recoil
|
|upkeep
|
|t:|1783741592
|switch|p1a: Sōō Zabimaru|Lycanroc-Dusk, L50, F|25/100
|turn|8
|inactive|dr holly has 30 seconds left.
|
|t:|1783741626
|move|p2a: Sinistcha|Rage Powder|p2a: Sinistcha
|-singleturn|p2a: Sinistcha|move: Rage Powder
|move|p1b: La Muerte|Last Respects|p2a: Sinistcha
|-supereffective|p2a: Sinistcha|1
|-damage|p2a: Sinistcha|0 fnt
|faint|p2a: Sinistcha
|move|p2b: Staraptor|Close Combat|p1a: Sōō Zabimaru
|-supereffective|p1a: Sōō Zabimaru|1
|-damage|p1a: Sōō Zabimaru|0 fnt
|-boost|p2b: Staraptor|def|1
|-boost|p2b: Staraptor|spd|1
|faint|p1a: Sōō Zabimaru
|
|upkeep
|
|t:|1783741637
|switch|p2a: Kingambit|Kingambit, L50, F|100/100
|turn|9
|-message|punishedmelody forfeited.
|raw|punishedmelody's rating: 1063 → 1049(-14 for losing)
|raw|dr holly's rating: 1168 → 1186(+18 for winning)
|
|win|dr holly
