|j|☆Picoti
|j|☆rgangel
|html|Picotirgangel    
|uhtml|bestof|Game 2 of a best-of-3
|t:|1783896547
|gametype|doubles
|player|p1|Picoti|170|1205
|player|p2|rgangel|cynthia|1122
|gen|9
|tier|[Gen 9 Champions] VGC 2026 Reg M-B (Bo3)
|rated|
|rule|Species Clause: Limit one of each Pokémon
|rule|Item Clause: Limit 1 of each item
|clearpoke
|poke|p1|Whimsicott, L50, F|
|poke|p1|Ceruledge, L50, M|
|poke|p1|Garchomp, L50, M|
|poke|p1|Gholdengo, L50|
|poke|p1|Kingambit, L50, F|
|poke|p1|Staraptor, L50, F|
|poke|p2|Camerupt, L50, M|
|poke|p2|Farigiraf, L50, F|
|poke|p2|Araquanid, L50, M|
|poke|p2|Abomasnow, L50, M|
|poke|p2|Incineroar, L50, F|
|poke|p2|Medicham, L50, F|
|teampreview|4
|showteam|p1|Whimsicott||FocusSash|Prankster|Moonblast,Tailwind,Charm,Protect|Timid||F|||50|]Ceruledge||ColburBerry|FlashFire|BitterBlade,ShadowSneak,BulkUp,Protect|Adamant||M|||50|]Garchomp||LifeOrb|RoughSkin|Earthquake,RockSlide,DragonClaw,Protect|Jolly||M|||50|]Gholdengo||SpellTag|GoodasGold|MakeItRain,ShadowBall,NastyPlot,Protect|Modest|||||50|]Kingambit||OccaBerry|Defiant|KowtowCleave,SuckerPunch,LowKick,IronHead|Adamant||F|||50|]Staraptor||Staraptite|Intimidate|CloseCombat,Roost,BraveBird,Protect|Jolly||F|||50|
|showteam|p2|Camerupt||Cameruptite|MagmaArmor|EarthPower,Eruption,AncientPower,Protect|Quiet||M|||50|]Farigiraf||ColburBerry|ArmorTail|TwinBeam,HyperVoice,TrickRoom,Protect|Relaxed||F|||50|]Araquanid||LifeOrb|WaterBubble|Liquidation,Protect,WideGuard,BugBite|Brave||M|||50|]Abomasnow||Abomasite|SnowWarning|GigaDrain,Blizzard,AuroraVeil,Protect|Quiet||M|||50|]Incineroar||ChopleBerry|Intimidate|PartingShot,FlareBlitz,DarkestLariat,FakeOut|Careful||F|||50|]Medicham||FocusSash|PurePower|FakeOut,Feint,TrickRoom,DrainPunch|Brave||F|||50|
|inactive|Battle timer is ON: inactive players will automatically lose when time's up. (requested by rgangel)
|inactive|Picoti has 60 seconds left.
|
|t:|1783896582
|teamsize|p1|4
|teamsize|p2|4
|start
|switch|p1a: Staraptor|Staraptor, L50, F|100/100
|switch|p1b: Whimsicott|Whimsicott, L50, F|100/100
|switch|p2a: Medicham|Medicham, L50, F|100/100
|switch|p2b: Farigiraf|Farigiraf, L50, F|100/100
|-ability|p1a: Staraptor|Intimidate|boost
|-unboost|p2a: Medicham|atk|1
|-unboost|p2b: Farigiraf|atk|1
|turn|1
|
|t:|1783896593
|detailschange|p1a: Staraptor|Staraptor-Mega, L50, F
|-mega|p1a: Staraptor|Staraptor|Staraptite
|move|p2a: Medicham|Fake Out|p1a: Staraptor
|-damage|p1a: Staraptor|86/100
|move|p1b: Whimsicott|Charm|p1a: Staraptor
|-boost|p1a: Staraptor|atk|2
|cant|p1a: Staraptor|flinch
|move|p2b: Farigiraf|Trick Room|p2b: Farigiraf
|-fieldstart|move: Trick Room|[of] p2b: Farigiraf
|
|upkeep
|turn|2
|
|t:|1783896604
|move|p1b: Whimsicott|Charm||[still]
|cant|p2b: Farigiraf|ability: Armor Tail|Charm|[of] p1b: Whimsicott
|move|p2b: Farigiraf|Twin Beam|p1a: Staraptor
|-supereffective|p1a: Staraptor|1
|-damage|p1a: Staraptor|57/100
|-supereffective|p1a: Staraptor|1
|-damage|p1a: Staraptor|23/100
|-hitcount|p1a: Staraptor|2
|move|p2a: Medicham|Drain Punch|p1a: Staraptor
|-resisted|p1a: Staraptor|1
|-damage|p1a: Staraptor|5/100
|move|p1a: Staraptor|Close Combat|p2b: Farigiraf
|-damage|p2b: Farigiraf|7/100
|-boost|p1a: Staraptor|def|1
|-boost|p1a: Staraptor|spd|1
|
|upkeep
|turn|3
|
|t:|1783896621
|move|p1a: Staraptor|Protect|p1a: Staraptor
|-singleturn|p1a: Staraptor|Protect
|move|p2b: Farigiraf|Twin Beam|p1b: Whimsicott
|-damage|p1b: Whimsicott|72/100
|-damage|p1b: Whimsicott|45/100
|-hitcount|p1b: Whimsicott|2
|move|p2a: Medicham|Drain Punch|p1a: Staraptor
|-activate|p1a: Staraptor|move: Protect
|move|p1b: Whimsicott|Moonblast|p2b: Farigiraf
|-damage|p2b: Farigiraf|0 fnt
|faint|p2b: Farigiraf
|
|upkeep
|
|t:|1783896633
|switch|p2b: Camerupt|Camerupt, L50, M|100/100
|turn|4
|
|t:|1783896641
|detailschange|p2b: Camerupt|Camerupt-Mega, L50, M
|-mega|p2b: Camerupt|Camerupt|Cameruptite
|move|p2a: Medicham|Feint|p1b: Whimsicott
|-damage|p1b: Whimsicott|32/100
|move|p1b: Whimsicott|Charm|p2a: Medicham
|-unboost|p2a: Medicham|atk|2
|move|p2b: Camerupt|Eruption|p1a: Staraptor|[spread] p1a,p1b
|-supereffective|p1b: Whimsicott|1
|-damage|p1a: Staraptor|0 fnt
|-damage|p1b: Whimsicott|0 fnt
|faint|p1a: Staraptor
|faint|p1b: Whimsicott
|
|upkeep
|
|t:|1783896651
|switch|p1a: Gholdengo|Gholdengo, L50|100/100
|switch|p1b: Ceruledge|Ceruledge, L50, M|100/100
|turn|5
|
|t:|1783896670
|switch|p2a: Araquanid|Araquanid, L50, M|100/100
|move|p1b: Ceruledge|Protect|p1b: Ceruledge
|-singleturn|p1b: Ceruledge|Protect
|move|p1a: Gholdengo|Protect|p1a: Gholdengo
|-singleturn|p1a: Gholdengo|Protect
|move|p2b: Camerupt|Eruption|p1b: Ceruledge|[spread] 
|-activate|p1a: Gholdengo|move: Protect
|-activate|p1b: Ceruledge|move: Protect
|
|-fieldend|move: Trick Room
|upkeep
|turn|6
|
|t:|1783896684
|move|p1b: Ceruledge|Shadow Sneak|p2b: Camerupt
|-damage|p2b: Camerupt|77/100
|move|p1a: Gholdengo|Shadow Ball|p2b: Camerupt
|-damage|p2b: Camerupt|22/100
|move|p2a: Araquanid|Liquidation|p1b: Ceruledge
|-supereffective|p1b: Ceruledge|1
|-damage|p1b: Ceruledge|0 fnt
|faint|p1b: Ceruledge
|-damage|p2a: Araquanid|90/100|[from] item: Life Orb
|move|p2b: Camerupt|Earth Power|p1a: Gholdengo
|-supereffective|p1a: Gholdengo|1
|-damage|p1a: Gholdengo|0 fnt
|faint|p1a: Gholdengo
|
|win|rgangel
|raw|Picoti's rating: 1205 → 1174(-31 for losing)
|raw|rgangel's rating: 1122 → 1153(+31 for winning)
|l|☆Picoti
|player|p1|
|c|☆rgangel|gg
|l|☆rgangel
|player|p2|
|j|☆rgangel
|player|p2|rgangel|cynthia|
