|j|☆JDawg373
|j|☆Gentlefish
|html|JDawg373Gentlefish    
|uhtml|bestof|Game 2 of a best-of-3
|t:|1756757180
|gametype|doubles
|player|p1|JDawg373|shadowtriad|1067
|player|p2|Gentlefish|burglar-gen1rb|1042
|gen|9
|tier|[Gen 9] VGC 2025 Reg H (Bo3)
|rated|
|rule|Species Clause: Limit one of each Pokémon
|rule|Item Clause: Limit 1 of each item
|clearpoke
|poke|p1|Sneasler, L50, M|
|poke|p1|Ursaluna, L50, M|
|poke|p1|Archaludon, L50, M|
|poke|p1|Incineroar, L50, F|
|poke|p1|Farigiraf, L50, F|
|poke|p1|Primarina, L50, F|
|poke|p2|Garchomp, L50, M|
|poke|p2|Weezing-Galar, L50, F|
|poke|p2|Archaludon, L50, F|
|poke|p2|Gholdengo, L50|
|poke|p2|Talonflame, L50, M|
|poke|p2|Annihilape, L50, M|
|teampreview|4
|showteam|p1|Sneasler||FocusSash|PoisonTouch|DireClaw,CloseCombat,FakeOut,Toxic|||M|||50|,,,,,Stellar]Ursaluna||FlameOrb|Guts|Facade,Protect,HeadlongRush,PlayRough|||M|||50|,,,,,Ghost]Archaludon||PowerHerb|Stalwart|ElectroShot,DracoMeteor,FlashCannon,Thunderbolt|||M|||50|,,,,,Electric]Incineroar||SafetyGoggles|Intimidate|FlareBlitz,FakeOut,KnockOff,PartingShot|||F|||50|,,,,,Ghost]Farigiraf||ThroatSpray|ArmorTail|Crunch,HyperVoice,TrickRoom,DazzlingGleam|||F|||50|,,,,,Fairy]Primarina||Leftovers|LiquidVoice|HyperVoice,LifeDew,FlipTurn,DazzlingGleam|||F|||50|,,,,,Grass
|showteam|p2|Garchomp||LifeOrb|RoughSkin|DragonClaw,Earthquake,StompingTantrum,Protect|||M|||50|,,,,,Ground]Weezing-Galar||FocusSash|NeutralizingGas|Protect,SludgeBomb,Taunt,StrangeSteam|||F|||50|,,,,,Flying]Archaludon||PowerHerb|Sturdy|ElectroShot,Thunderbolt,DracoMeteor,Protect|||F|||50|,,,,,Electric]Gholdengo||ChoiceSpecs|GoodasGold|ShadowBall,DazzlingGleam,PowerGem,MakeItRain||||||50|,,,,,Fairy]Talonflame||CovertCloak|GaleWings|Tailwind,DualWingbeat,Taunt,FlareBlitz|||M|||50|,,,,,Stellar]Annihilape||AssaultVest|Defiant|CloseCombat,RageFist,FinalGambit,IcePunch|||M|||50|,,,,,Grass
|inactive|Battle timer is ON: inactive players will automatically lose when time's up. (requested by JDawg373)
|l|☆JDawg373
|inactive|JDawg373 disconnected and has a minute to reconnect!
|player|p1|
|j|☆JDawg373
|inactive|JDawg373 reconnected and has 60 seconds left.
|player|p1|JDawg373|shadowtriad|
|
|t:|1756757287
|teamsize|p1|4
|teamsize|p2|4
|start
|switch|p1a: Incineroar|Incineroar, L50, F|100/100
|switch|p1b: Ursaluna|Ursaluna, L50, M|100/100
|switch|p2a: Gholdengo|Gholdengo, L50|100/100
|switch|p2b: Talonflame|Talonflame, L50, M|100/100
|-ability|p1a: Incineroar|Intimidate|boost
|-unboost|p2a: Gholdengo|atk|1
|-unboost|p2b: Talonflame|atk|1
|turn|1
|inactive|JDawg373 has 30 seconds left.
|inactive|Gentlefish has 30 seconds left.
|inactive|Gentlefish has 20 seconds left.
|inactive|Gentlefish has 15 seconds left.
|inactive|Gentlefish has 10 seconds left.
|
|t:|1756757336
|switch|p2b: Annihilape|Annihilape, L50, M|100/100
|-terastallize|p2a: Gholdengo|Fairy
|move|p2a: Gholdengo|Dazzling Gleam|p1a: Incineroar|[spread] p1a,p1b
|-damage|p1a: Incineroar|51/100
|-damage|p1b: Ursaluna|56/100
|move|p1a: Incineroar|Knock Off|p2b: Annihilape
|-crit|p2b: Annihilape
|-damage|p2b: Annihilape|20/100
|-enditem|p2b: Annihilape|Assault Vest|[from] move: Knock Off|[of] p1a: Incineroar
|move|p1b: Ursaluna|Headlong Rush|p2a: Gholdengo
|-damage|p2a: Gholdengo|17/100
|-unboost|p1b: Ursaluna|def|1
|-unboost|p1b: Ursaluna|spd|1
|
|-status|p1b: Ursaluna|brn|[from] item: Flame Orb
|upkeep
|turn|2
|inactive|JDawg373 has 30 seconds left.
|inactive|JDawg373 has 20 seconds left.
|inactive|JDawg373 has 15 seconds left.
|inactive|JDawg373 has 10 seconds left.
|
|t:|1756757385
|switch|p1a: Farigiraf|Farigiraf, L50, F|100/100
|move|p2b: Annihilape|Rage Fist|p1a: Farigiraf
|-immune|p1a: Farigiraf
|move|p2a: Gholdengo|Dazzling Gleam|p1a: Farigiraf|[spread] p1a,p1b
|-damage|p1a: Farigiraf|62/100
|-damage|p1b: Ursaluna|0 fnt
|faint|p1b: Ursaluna
|
|upkeep
|
|t:|1756757397
|switch|p1b: Sneasler|Sneasler, L50, M|100/100
|turn|3
|
|t:|1756757408
|move|p1b: Sneasler|Dire Claw|p2a: Gholdengo
|-supereffective|p2a: Gholdengo
|-damage|p2a: Gholdengo|0 fnt
|faint|p2a: Gholdengo
|move|p2b: Annihilape|Close Combat|p1a: Farigiraf
|-damage|p1a: Farigiraf|5/100
|-unboost|p2b: Annihilape|def|1
|-unboost|p2b: Annihilape|spd|1
|move|p1a: Farigiraf|Crunch|p2b: Annihilape
|-damage|p2b: Annihilape|0 fnt
|faint|p2b: Annihilape
|
|upkeep
|
|t:|1756757414
|switch|p2b: Talonflame|Talonflame, L50, M|100/100
|switch|p2a: Garchomp|Garchomp, L50, M|100/100
|turn|4
|inactive|JDawg373 has 30 seconds left.
|inactive|JDawg373 has 20 seconds left.
|
|t:|1756757452
|-terastallize|p1a: Farigiraf|Fairy
|move|p2b: Talonflame|Tailwind|p2b: Talonflame
|-sidestart|p2: Gentlefish|move: Tailwind
|move|p2a: Garchomp|Earthquake|p1b: Sneasler|[spread] p1a,p1b
|-immune|p2b: Talonflame
|-supereffective|p1b: Sneasler
|-damage|p1a: Farigiraf|0 fnt
|-enditem|p1b: Sneasler|Focus Sash
|-damage|p1b: Sneasler|1/100
|faint|p1a: Farigiraf
|-damage|p2a: Garchomp|91/100|[from] item: Life Orb
|move|p1b: Sneasler|Dire Claw|p2a: Garchomp
|-resisted|p2a: Garchomp
|-damage|p2a: Garchomp|70/100
|-damage|p1b: Sneasler|0 fnt|[from] ability: Rough Skin|[of] p2a: Garchomp
|-status|p2a: Garchomp|psn|[from] ability: Poison Touch|[of] p1b: Sneasler
|faint|p1b: Sneasler
|
|-damage|p2a: Garchomp|57/100 psn|[from] psn
|upkeep
|
|t:|1756757472
|switch|p1b: Incineroar|Incineroar, L50, F|51/100
|-ability|p1b: Incineroar|Intimidate|boost
|-unboost|p2a: Garchomp|atk|1
|-unboost|p2b: Talonflame|atk|1
|turn|5
|
|t:|1756757485
|move|p2a: Garchomp|Protect|p2a: Garchomp
|-singleturn|p2a: Garchomp|Protect
|move|p2b: Talonflame|Taunt|p1b: Incineroar
|-start|p1b: Incineroar|move: Taunt
|move|p1b: Incineroar|Knock Off|p2b: Talonflame
|-damage|p2b: Talonflame|27/100
|-enditem|p2b: Talonflame|Covert Cloak|[from] move: Knock Off|[of] p1b: Incineroar
|
|-damage|p2a: Garchomp|45/100 psn|[from] psn
|upkeep
|turn|6
|
|t:|1756757505
|move|p2b: Talonflame|Flare Blitz|p1b: Incineroar
|-resisted|p1b: Incineroar
|-damage|p1b: Incineroar|35/100
|-damage|p2b: Talonflame|20/100|[from] Recoil
|move|p2a: Garchomp|Stomping Tantrum|p1b: Incineroar
|-supereffective|p1b: Incineroar
|-damage|p1b: Incineroar|0 fnt
|faint|p1b: Incineroar
|-damage|p2a: Garchomp|35/100 psn|[from] item: Life Orb
|
|win|Gentlefish
|raw|JDawg373's rating: 1067 → 1046(-21 for losing)
|raw|Gentlefish's rating: 1042 → 1078(+36 for winning)
|l|☆JDawg373
|player|p1|
