|j|☆RazorLvgc
|j|☆barrypaul
|html|RazorLvgcbarrypaul    
|uhtml|bestof|Game 1 of a best-of-3
|t:|1782988748
|gametype|doubles
|player|p1|RazorLvgc|unknown|1388
|player|p2|barrypaul|1|1321
|gen|9
|tier|[Gen 9 Champions] VGC 2026 Reg M-B (Bo3)
|rated|
|rule|Species Clause: Limit one of each Pokémon
|rule|Item Clause: Limit 1 of each item
|clearpoke
|poke|p1|Whimsicott, L50, M|
|poke|p1|Kingambit, L50, F|
|poke|p1|Typhlosion, L50, F|
|poke|p1|Floette-Eternal, L50, F|
|poke|p1|Farigiraf, L50, F|
|poke|p1|Basculegion, L50, M|
|poke|p2|Charizard, L50, M|
|poke|p2|Sylveon, L50, F|
|poke|p2|Aerodactyl, L50, M|
|poke|p2|Kingambit, L50, M|
|poke|p2|Garchomp, L50, F|
|poke|p2|Farigiraf, L50, F|
|teampreview|4
|showteam|p1|Whimsicott||FocusSash|Prankster|Moonblast,Protect,SunnyDay,Tailwind|Timid||M|||50|]Kingambit||ChopleBerry|Defiant|KowtowCleave,SuckerPunch,IronHead,LowKick|Adamant||F|||50|]Typhlosion||LifeOrb|FlashFire|Eruption,BurnUp,SolarBeam,Protect|Timid||F|||50|]Floette-Eternal||Floettite|FlowerVeil|Moonblast,DazzlingGleam,LightofRuin,Protect|Timid||F|||50|]Farigiraf||SitrusBerry|ArmorTail|TwinBeam,Thunderbolt,HelpingHand,Protect|Bold||F|||50|]Basculegion||ChoiceScarf|Adaptability|WaveCrash,AquaJet,FlipTurn,LastRespects|Adamant||M|||50|
|showteam|p2|Charizard||CharizarditeY|SolarPower|Protect,HeatWave,WeatherBall,SolarBeam|Modest||M|||50|]Sylveon||FairyFeather|Pixilate|Protect,HyperVoice,HyperBeam,QuickAttack|Modest||F|||50|]Aerodactyl||Aerodactylite|RockHead|RockSlide,DualWingbeat,Tailwind,IceFang|Jolly||M|||50|]Kingambit||FocusSash|Defiant|KowtowCleave,SuckerPunch,IronHead,LowKick|Jolly||M|||50|]Garchomp||LifeOrb|RoughSkin|Protect,StompingTantrum,Earthquake,DragonClaw|Jolly||F|||50|]Farigiraf||SitrusBerry|ArmorTail|Psychic,Thunderbolt,Roar,TrickRoom|Bold||F|||50|
|inactive|Battle timer is ON: inactive players will automatically lose when time's up. (requested by barrypaul)
|inactive|barrypaul has 60 seconds left.
|
|t:|1782988807
|teamsize|p1|4
|teamsize|p2|4
|start
|switch|p1a: Whimsicott|Whimsicott, L50, M|100/100
|switch|p1b: Kingambit|Kingambit, L50, F|100/100
|switch|p2a: Aerodactyl|Aerodactyl, L50, M|100/100
|switch|p2b: Kingambit|Kingambit, L50, M|100/100
|turn|1
|inactive|barrypaul has 30 seconds left.
|inactive|barrypaul has 20 seconds left.
|
|t:|1782988843
|detailschange|p2a: Aerodactyl|Aerodactyl-Mega, L50, M
|-mega|p2a: Aerodactyl|Aerodactyl|Aerodactylite
|move|p1a: Whimsicott|Tailwind|p1a: Whimsicott
|-sidestart|p1: RazorLvgc|move: Tailwind
|move|p2a: Aerodactyl|Tailwind|p2a: Aerodactyl
|-sidestart|p2: barrypaul|move: Tailwind
|move|p2b: Kingambit|Low Kick|p1b: Kingambit
|-supereffective|p1b: Kingambit|2
|-enditem|p1b: Kingambit|Chople Berry|[eat]
|-enditem|p1b: Kingambit|Chople Berry|[weaken]
|-damage|p1b: Kingambit|36/100
|move|p1b: Kingambit|Iron Head|p2a: Aerodactyl
|-supereffective|p2a: Aerodactyl|1
|-damage|p2a: Aerodactyl|0 fnt
|faint|p2a: Aerodactyl
|
|upkeep
|
|t:|1782988854
|switch|p2a: Charizard|Charizard, L50, M|100/100
|turn|2
|inactive|RazorLvgc has 30 seconds left.
|inactive|RazorLvgc has 20 seconds left.
|inactive|RazorLvgc has 15 seconds left.
|inactive|RazorLvgc has 10 seconds left.
|
|t:|1782988901
|switch|p1b: Typhlosion|Typhlosion, L50, F|100/100
|move|p1a: Whimsicott|Moonblast|p2b: Kingambit
|-damage|p2b: Kingambit|62/100
|move|p2a: Charizard|Heat Wave|p1a: Whimsicott|[spread] p1a
|-start|p1b: Typhlosion|ability: Flash Fire
|-supereffective|p1a: Whimsicott|1
|-enditem|p1a: Whimsicott|Focus Sash
|-damage|p1a: Whimsicott|1/100
|move|p2b: Kingambit|Iron Head|p1a: Whimsicott
|-supereffective|p1a: Whimsicott|1
|-damage|p1a: Whimsicott|0 fnt
|faint|p1a: Whimsicott
|
|upkeep
|
|t:|1782988922
|switch|p1a: Kingambit|Kingambit, L50, F|36/100
|turn|3
|
|t:|1782988928
|move|p2a: Charizard|Protect|p2a: Charizard
|-singleturn|p2a: Charizard|Protect
|move|p2b: Kingambit|Sucker Punch|p1b: Typhlosion
|-damage|p1b: Typhlosion|53/100
|move|p1a: Kingambit|Sucker Punch||[still]
|-fail|p1a: Kingambit
|move|p1b: Typhlosion|Eruption|p2b: Kingambit|[spread] p2b
|-activate|p2a: Charizard|move: Protect
|-supereffective|p2b: Kingambit|1
|-damage|p2b: Kingambit|0 fnt
|faint|p2b: Kingambit
|-damage|p1b: Typhlosion|43/100|[from] item: Life Orb
|
|upkeep
|
|t:|1782988935
|switch|p2b: Farigiraf|Farigiraf, L50, F|100/100
|turn|4
|inactive|RazorLvgc has 30 seconds left.
|
|t:|1782988966
|move|p1b: Typhlosion|Burn Up|p2b: Farigiraf
|-damage|p2b: Farigiraf|2/100
|-start|p1b: Typhlosion|typechange|???|[from] move: Burn Up
|-enditem|p2b: Farigiraf|Sitrus Berry|[eat]
|-heal|p2b: Farigiraf|27/100|[from] item: Sitrus Berry
|-damage|p1b: Typhlosion|33/100|[from] item: Life Orb
|move|p2a: Charizard|Heat Wave|p1a: Kingambit|[spread] p1a
|-immune|p1b: Typhlosion|[from] ability: Flash Fire
|-supereffective|p1a: Kingambit|1
|-damage|p1a: Kingambit|0 fnt
|faint|p1a: Kingambit
|move|p2b: Farigiraf|Psychic|p1b: Typhlosion
|-damage|p1b: Typhlosion|0 fnt
|faint|p1b: Typhlosion
|
|-sideend|p2: barrypaul|move: Tailwind
|-sideend|p1: RazorLvgc|move: Tailwind
|upkeep
|
|t:|1782988977
|switch|p1b: Floette|Floette-Eternal, L50, F|100/100
|turn|5
|
|t:|1782988985
|detailschange|p1b: Floette|Floette-Mega, L50, F
|-mega|p1b: Floette|Floette|Floettite
|-ability|p1b: Floette|Fairy Aura
|move|p1b: Floette|Dazzling Gleam|p2a: Charizard|[spread] p2a,p2b
|-resisted|p2a: Charizard|1
|-damage|p2a: Charizard|74/100
|-damage|p2b: Farigiraf|0 fnt
|faint|p2b: Farigiraf
|move|p2a: Charizard|Heat Wave|p1b: Floette
|-damage|p1b: Floette|64/100
|
|upkeep
|turn|6
|
|t:|1782988999
|move|p1b: Floette|Moonblast|p2a: Charizard
|-resisted|p2a: Charizard|1
|-damage|p2a: Charizard|32/100
|move|p2a: Charizard|Heat Wave|p1b: Floette
|-damage|p1b: Floette|30/100
|
|upkeep
|turn|7
|
|t:|1782989004
|move|p1b: Floette|Moonblast|p2a: Charizard
|-resisted|p2a: Charizard|1
|-damage|p2a: Charizard|0 fnt
|faint|p2a: Charizard
|
|win|RazorLvgc
||barrypaul is ready for game 2.
|inactive|RazorLvgc has 30 seconds to confirm battle start!
||RazorLvgc is ready for game 2.
|uhtml|next|Next: Game 2 of 3
|l|☆RazorLvgc
|player|p1|
