|j|☆Sea's Searing
|j|☆Keith Jones
|html|Sea's SearingKeith Jones    
|uhtml|bestof|Game 1 of a best-of-3
|t:|1783445476
|gametype|doubles
|player|p1|Sea's Searing|265|1350
|player|p2|Keith Jones|benga|1494
|gen|9
|tier|[Gen 9 Champions] VGC 2026 Reg M-B (Bo3)
|rated|
|rule|Species Clause: Limit one of each Pokémon
|rule|Item Clause: Limit 1 of each item
|clearpoke
|poke|p1|Kingambit, L50, F|
|poke|p1|Sneasler, L50, F|
|poke|p1|Incineroar, L50, M|
|poke|p1|Sinistcha, L50|
|poke|p1|Floette-Eternal, L50, F|
|poke|p1|Delphox, L50, F|
|poke|p2|Raichu, L50, M|
|poke|p2|Garchomp, L50, F|
|poke|p2|Gyarados, L50, M|
|poke|p2|Sylveon, L50, M|
|poke|p2|Gholdengo, L50|
|poke|p2|Incineroar, L50, M|
|teampreview|4
|showteam|p1|Kingambit||BlackGlasses|Defiant|KowtowCleave,SuckerPunch,SwordsDance,Protect|Adamant||F|||50|]Sneasler||FocusSash|PoisonTouch|FakeOut,DireClaw,CloseCombat,QuickGuard|Jolly||F|||50|]Incineroar||SitrusBerry|Intimidate|FlareBlitz,PartingShot,HelpingHand,FakeOut|Careful||M|||50|]Sinistcha||OccaBerry|Hospitality|MatchaGotcha,RagePowder,TrickRoom,Protect|Bold|||||50|]Floette-Eternal||Floettite|FlowerVeil|DazzlingGleam,DrainingKiss,CalmMind,Protect|Modest||F|||50|]Delphox||Delphoxite|Blaze|HeatWave,Psyshock,NastyPlot,Protect|Timid||F|||50|
|showteam|p2|Raichu||RaichuniteY|LightningRod|ZapCannon,FocusBlast,FakeOut,Protect|Timid||M|||50|]Garchomp||RoseliBerry|RoughSkin|DragonClaw,StompingTantrum,Earthquake,PoisonJab|Jolly||F|||50|]Gyarados||SitrusBerry|Intimidate|Waterfall,IceFang,PowerWhip,Protect|Adamant||M|||50|]Sylveon||FairyFeather|Pixilate|HyperVoice,HyperBeam,Yawn,Detect|Modest||M|||50|]Gholdengo||LifeOrb|GoodasGold|MakeItRain,Hex,NastyPlot,Protect|Modest|||||50|]Incineroar||Charcoal|Intimidate|FlareBlitz,ThroatChop,PartingShot,FakeOut|Adamant||M|||50|
|
|t:|1783445525
|teamsize|p1|4
|teamsize|p2|4
|start
|switch|p1a: Floette|Floette-Eternal, L50, F|100/100
|switch|p1b: Kingambit|Kingambit, L50, F|100/100
|switch|p2a: Raichu|Raichu, L50, M|100/100
|switch|p2b: Garchomp|Garchomp, L50, F|100/100
|turn|1
|
|t:|1783445542
|switch|p1b: Sinistcha|Sinistcha, L50|100/100
|detailschange|p1a: Floette|Floette-Mega, L50, F
|-mega|p1a: Floette|Floette|Floettite
|-ability|p1a: Floette|Fairy Aura
|move|p2a: Raichu|Protect|p2a: Raichu
|-singleturn|p2a: Raichu|Protect
|move|p1a: Floette|Protect|p1a: Floette
|-singleturn|p1a: Floette|Protect
|move|p2b: Garchomp|Earthquake|p1a: Floette|[spread] p1b
|-activate|p2a: Raichu|move: Protect
|-activate|p1a: Floette|move: Protect
|-resisted|p1b: Sinistcha|1
|-damage|p1b: Sinistcha|84/100
|
|upkeep
|turn|2
|
|t:|1783445554
|detailschange|p2a: Raichu|Raichu-Mega-Y, L50, M
|-mega|p2a: Raichu|Raichu|Raichunite Y
|move|p1b: Sinistcha|Rage Powder|p1b: Sinistcha
|-singleturn|p1b: Sinistcha|move: Rage Powder
|move|p2a: Raichu|Zap Cannon|p1b: Sinistcha
|-resisted|p1b: Sinistcha|1
|-damage|p1b: Sinistcha|52/100
|-status|p1b: Sinistcha|par
|move|p2b: Garchomp|Poison Jab|p1b: Sinistcha
|-damage|p1b: Sinistcha|30/100 par
|move|p1a: Floette|Dazzling Gleam|p2a: Raichu|[spread] p2a,p2b
|-supereffective|p2b: Garchomp|1
|-enditem|p2b: Garchomp|Roseli Berry|[eat]
|-enditem|p2b: Garchomp|Roseli Berry|[weaken]
|-damage|p2a: Raichu|35/100
|-damage|p2b: Garchomp|52/100
|
|upkeep
|turn|3
|
|t:|1783445580
|switch|p2a: Sylveon|Sylveon, L50, M|100/100
|move|p1b: Sinistcha|Rage Powder|p1b: Sinistcha
|-singleturn|p1b: Sinistcha|move: Rage Powder
|move|p2b: Garchomp|Dragon Claw|p1b: Sinistcha
|-damage|p1b: Sinistcha|0 fnt
|faint|p1b: Sinistcha
|move|p1a: Floette|Draining Kiss|p2b: Garchomp
|-supereffective|p2b: Garchomp|1
|-damage|p2b: Garchomp|0 fnt
|-damage|p1a: Floette|87/100|[from] ability: Rough Skin|[of] p2b: Garchomp
|faint|p2b: Garchomp
|
|upkeep
|
|t:|1783445593
|switch|p2b: Raichu|Raichu-Mega-Y, L50, M|35/100
|switch|p1b: Incineroar|Incineroar, L50, M|100/100
|-ability|p1b: Incineroar|Intimidate|boost
|-unboost|p2a: Sylveon|atk|1
|-unboost|p2b: Raichu|atk|1
|turn|4
|
|t:|1783445602
|move|p2b: Raichu|Fake Out|p1a: Floette
|-damage|p1a: Floette|80/100
|move|p1b: Incineroar|Fake Out|p2a: Sylveon
|-damage|p2a: Sylveon|86/100
|cant|p1a: Floette|flinch
|cant|p2a: Sylveon|flinch
|
|upkeep
|turn|5
|
|t:|1783445614
|move|p2b: Raichu|Zap Cannon|p1a: Floette
|-damage|p1a: Floette|32/100
|-status|p1a: Floette|par
|move|p2a: Sylveon|Hyper Voice|p1b: Incineroar|[spread] p1a,p1b
|-damage|p1a: Floette|0 fnt
|-damage|p1b: Incineroar|58/100
|faint|p1a: Floette
|move|p1b: Incineroar|Flare Blitz|p2a: Sylveon
|-damage|p2a: Sylveon|31/100
|-damage|p1b: Incineroar|40/100|[from] Recoil
|-enditem|p1b: Incineroar|Sitrus Berry|[eat]
|-heal|p1b: Incineroar|64/100|[from] item: Sitrus Berry
|
|upkeep
|
|t:|1783445624
|switch|p1a: Kingambit|Kingambit, L50, F|100/100
|turn|6
|
|t:|1783445639
|move|p1a: Kingambit|Sucker Punch|p2b: Raichu
|-damage|p2b: Raichu|0 fnt
|faint|p2b: Raichu
|move|p2a: Sylveon|Hyper Beam|p1a: Kingambit
|-damage|p1a: Kingambit|4/100
|-mustrecharge|p2a: Sylveon
|move|p1b: Incineroar|Flare Blitz|p2a: Sylveon
|-damage|p2a: Sylveon|0 fnt
|faint|p2a: Sylveon
|-damage|p1b: Incineroar|54/100|[from] Recoil
|
|upkeep
|
|t:|1783445642
|switch|p2b: Incineroar|Incineroar, L50, M|100/100
|-ability|p2b: Incineroar|Intimidate|boost
|-unboost|p1a: Kingambit|atk|1
|-ability|p1a: Kingambit|Defiant|boost
|-boost|p1a: Kingambit|atk|2
|-unboost|p1b: Incineroar|atk|1
|turn|7
|
|t:|1783445649
|move|p1a: Kingambit|Protect|p1a: Kingambit
|-singleturn|p1a: Kingambit|Protect
|move|p2b: Incineroar|Fake Out|p1b: Incineroar
|-damage|p1b: Incineroar|43/100
|cant|p1b: Incineroar|flinch
|
|upkeep
|turn|8
|
|t:|1783445666
|move|p1a: Kingambit|Sucker Punch|p2b: Incineroar
|-resisted|p2b: Incineroar|1
|-damage|p2b: Incineroar|65/100
|move|p2b: Incineroar|Throat Chop|p1a: Kingambit
|-resisted|p1a: Kingambit|1
|-damage|p1a: Kingambit|0 fnt
|faint|p1a: Kingambit
|move|p1b: Incineroar|Parting Shot|p2b: Incineroar
|-unboost|p2b: Incineroar|atk|1
|-unboost|p2b: Incineroar|spa|1
|
|upkeep
|turn|9
|
|t:|1783445672
|move|p2b: Incineroar|Throat Chop|p1b: Incineroar
|-resisted|p1b: Incineroar|1
|-damage|p1b: Incineroar|31/100
|-start|p1b: Incineroar|Throat Chop|[silent]
|move|p1b: Incineroar|Flare Blitz|p2b: Incineroar
|-resisted|p2b: Incineroar|1
|-damage|p2b: Incineroar|50/100g
|-damage|p1b: Incineroar|26/100|[from] Recoil
|
|upkeep
|turn|10
|-message|Sea's Searing forfeited.
|
|win|Keith Jones
||Sea's Searing is ready for game 2.
||Keith Jones is ready for game 2.
|uhtml|next|Next: Game 2 of 3
