|j|☆Ferran Tiburon
|j|☆efwefwefwefweifier
|html|Ferran Tiburonefwefwefwefweifier    
|uhtml|bestof|Game 3 of a best-of-3
|t:|1784793314
|gametype|doubles
|player|p1|Ferran Tiburon|265|1281
|player|p2|efwefwefwefweifier|clown|1335
|gen|9
|tier|[Gen 9 Champions] VGC 2026 Reg M-B (Bo3)
|rated|
|rule|Species Clause: Limit one of each Pokémon
|rule|Item Clause: Limit 1 of each item
|clearpoke
|poke|p1|Hydreigon, L50, F|
|poke|p1|Charizard, L50, F|
|poke|p1|Toxapex, L50, M|
|poke|p1|Incineroar, L50, F|
|poke|p1|Venusaur, L50, F|
|poke|p1|Garchomp, L50, M|
|poke|p2|Blastoise, L50, M|
|poke|p2|Sinistcha, L50|
|poke|p2|Floette-Eternal, L50, F|
|poke|p2|Incineroar, L50, F, shiny|
|poke|p2|Sneasler, L50, M|
|poke|p2|Hydreigon, L50, M|
|teampreview|4
|showteam|p1|Hydreigon||ChoiceScarf|Levitate|DracoMeteor,Snarl,EarthPower,DarkPulse|Modest||F|||50|]Charizard||CharizarditeY|Blaze|HeatWave,WeatherBall,SolarBeam,Protect|Modest||F|||50|]Toxapex||Leftovers|Regenerator|Toxic,Infestation,WideGuard,BanefulBunker|Bold||M|||50|]Incineroar||SitrusBerry|Intimidate|FakeOut,DarkestLariat,PartingShot,FlareBlitz|Impish||F|||50|]Venusaur||FocusSash|Chlorophyll|LeafStorm,SleepPowder,SludgeBomb,Protect|Modest||F|||50|]Garchomp||LifeOrb|RoughSkin|Protect,DragonClaw,Earthquake,StompingTantrum|Jolly||M|||50|
|showteam|p2|Blastoise||Blastoisinite|RainDish|WaterSpout,DarkPulse,ShellSmash,Protect|Modest||M|||50|]Sinistcha||KasibBerry|Hospitality|MatchaGotcha,RagePowder,TrickRoom,LifeDew|Calm|||||50|]Floette-Eternal||Floettite|FlowerVeil|DazzlingGleam,DrainingKiss,CalmMind,Protect|Modest||F|||50|]Incineroar||SitrusBerry|Intimidate|FlareBlitz,DarkestLariat,FakeOut,PartingShot|Careful||F|||50|]Sneasler||FocusSash|PoisonTouch|CloseCombat,PoisonJab,FakeOut,QuickGuard|Jolly||M|||50|]Hydreigon||ChoiceScarf|Levitate|DracoMeteor,DarkPulse,Snarl,EarthPower|Modest||M|||50|
|inactive|Battle timer is ON: inactive players will automatically lose when time's up. (requested by efwefwefwefweifier)
|inactive|Ferran Tiburon has 60 seconds left.
|inactive|efwefwefwefweifier has 60 seconds left.
|inactive|efwefwefwefweifier has 30 seconds left.
|
|t:|1784793377
|teamsize|p1|4
|teamsize|p2|4
|start
|switch|p1a: Charizard|Charizard, L50, F|100/100
|switch|p1b: Venusaur|Venusaur, L50, F|100/100
|switch|p2a: Poison Foison|Sneasler, L50, M|100/100
|switch|p2b: Bartholomews|Hydreigon, L50, M|100/100
|turn|1
|
|t:|1784793401
|detailschange|p1a: Charizard|Charizard-Mega-Y, L50, F
|-mega|p1a: Charizard|Charizard|Charizardite Y
|-weather|SunnyDay|[from] ability: Drought|[of] p1a: Charizard
|move|p2a: Poison Foison|Fake Out|p1b: Venusaur
|-damage|p1b: Venusaur|79/100
|cant|p1b: Venusaur|flinch
|move|p2b: Bartholomews|Snarl|p1a: Charizard|[spread] p1a
|-miss|p2b: Bartholomews|p1b: Venusaur
|-damage|p1a: Charizard|80/100
|-unboost|p1a: Charizard|spa|1
|move|p1a: Charizard|Heat Wave|p2b: Bartholomews|[spread] p2a,p2b
|-resisted|p2b: Bartholomews|1
|-damage|p2a: Poison Foison|48/100
|-damage|p2b: Bartholomews|77/100
|
|-weather|SunnyDay|[upkeep]
|upkeep
|turn|2
|inactive|efwefwefwefweifier has 30 seconds left.
|
|t:|1784793428
|move|p1b: Venusaur|Sleep Powder|p2b: Bartholomews
|-status|p2b: Bartholomews|slp|[from] move: Sleep Powder
|cant|p2b: Bartholomews|slp
|move|p2a: Poison Foison|Poison Jab|p1b: Venusaur
|-damage|p1b: Venusaur|24/100
|move|p1a: Charizard|Weather Ball|p2a: Poison Foison
|-damage|p2a: Poison Foison|0 fnt
|faint|p2a: Poison Foison
|
|-weather|SunnyDay|[upkeep]
|upkeep
|
|t:|1784793440
|switch|p2a: Spouty Outy|Blastoise, L50, M|100/100
|turn|3
|
|t:|1784793460
|detailschange|p2a: Spouty Outy|Blastoise-Mega, L50, M
|-mega|p2a: Spouty Outy|Blastoise|Blastoisinite
|move|p1b: Venusaur|Protect|p1b: Venusaur
|-singleturn|p1b: Venusaur|Protect
|move|p2a: Spouty Outy|Protect|p2a: Spouty Outy
|-singleturn|p2a: Spouty Outy|Protect
|-curestatus|p2b: Bartholomews|slp|[msg]
|move|p2b: Bartholomews|Snarl|p1a: Charizard|[spread] p1a
|-activate|p1b: Venusaur|move: Protect
|-damage|p1a: Charizard|61/100
|-unboost|p1a: Charizard|spa|1
|move|p1a: Charizard|Weather Ball|p2b: Bartholomews
|-resisted|p2b: Bartholomews|1
|-damage|p2b: Bartholomews|52/100
|
|-weather|SunnyDay|[upkeep]
|upkeep
|turn|4
|inactive|Ferran Tiburon has 30 seconds left.
|
|t:|1784793489
|switch|p2a: Spinny Sinny|Sinistcha, L50|100/100
|-heal|p2b: Bartholomews|77/100|[from] ability: Hospitality|[of] p2a: Spinny Sinny
|move|p1b: Venusaur|Leaf Storm|p2a: Spinny Sinny
|-resisted|p2a: Spinny Sinny|1
|-damage|p2a: Spinny Sinny|70/100
|-unboost|p1b: Venusaur|spa|2
|move|p2b: Bartholomews|Snarl|p1b: Venusaur|[spread] p1a,p1b
|-damage|p1a: Charizard|42/100
|-damage|p1b: Venusaur|0 fnt
|-unboost|p1a: Charizard|spa|1
|faint|p1b: Venusaur
|move|p1a: Charizard|Weather Ball|p2b: Bartholomews
|-resisted|p2b: Bartholomews|1
|-damage|p2b: Bartholomews|57/100
|
|-weather|SunnyDay|[upkeep]
|upkeep
|
|t:|1784793493
|switch|p1b: Hydreigon|Hydreigon, L50, F|100/100
|turn|5
|
|t:|1784793515
|switch|p1a: Incineroar|Incineroar, L50, F|100/100
|-ability|p1a: Incineroar|Intimidate|boost
|-unboost|p2a: Spinny Sinny|atk|1
|-unboost|p2b: Bartholomews|atk|1
|move|p1b: Hydreigon|Draco Meteor|p2b: Bartholomews
|-supereffective|p2b: Bartholomews|1
|-damage|p2b: Bartholomews|0 fnt
|-unboost|p1b: Hydreigon|spa|2
|faint|p2b: Bartholomews
|move|p2a: Spinny Sinny|Trick Room|p2a: Spinny Sinny
|-fieldstart|move: Trick Room|[of] p2a: Spinny Sinny
|
|-weather|none
|upkeep
|
|t:|1784793523
|switch|p2b: Spouty Outy|Blastoise-Mega, L50, M|100/100
|turn|6
|
|t:|1784793539
|move|p2a: Spinny Sinny|Rage Powder|p2a: Spinny Sinny
|-singleturn|p2a: Spinny Sinny|move: Rage Powder
|move|p1a: Incineroar|Flare Blitz|p2a: Spinny Sinny
|-supereffective|p2a: Spinny Sinny|1
|-damage|p2a: Spinny Sinny|0 fnt
|faint|p2a: Spinny Sinny
|-damage|p1a: Incineroar|79/100|[from] Recoil
|move|p2b: Spouty Outy|Water Spout|p1b: Hydreigon|[spread] p1a,p1b
|-supereffective|p1a: Incineroar|1
|-resisted|p1b: Hydreigon|1
|-damage|p1a: Incineroar|0 fnt
|-damage|p1b: Hydreigon|68/100
|faint|p1a: Incineroar
|move|p1b: Hydreigon|Draco Meteor|p2b: Spouty Outy
|-damage|p2b: Spouty Outy|69/100
|-unboost|p1b: Hydreigon|spa|2
|
|upkeep
|
|t:|1784793548
|switch|p1a: Charizard|Charizard-Mega-Y, L50, F|42/100
|-weather|SunnyDay|[from] ability: Drought|[of] p1a: Charizard
|turn|7
|inactive|efwefwefwefweifier has 30 seconds left.
|
|t:|1784793575
|move|p1a: Charizard|Protect|p1a: Charizard
|-singleturn|p1a: Charizard|Protect
|move|p2b: Spouty Outy|Dark Pulse|p1a: Charizard
|-activate|p1a: Charizard|move: Protect
|move|p1b: Hydreigon|Draco Meteor|p2b: Spouty Outy
|-damage|p2b: Spouty Outy|48/100
|-unboost|p1b: Hydreigon|spa|2
|
|-weather|SunnyDay|[upkeep]
|upkeep
|turn|8
|
|t:|1784793585
|move|p2b: Spouty Outy|Dark Pulse|p1a: Charizard
|-damage|p1a: Charizard|2/100
|cant|p1a: Charizard|flinch
|move|p1b: Hydreigon|Draco Meteor|p2b: Spouty Outy
|-damage|p2b: Spouty Outy|31/100
|
|-weather|SunnyDay|[upkeep]
|upkeep
|turn|9
|
|t:|1784793599
|move|p2b: Spouty Outy|Shell Smash|p2b: Spouty Outy
|-unboost|p2b: Spouty Outy|def|1
|-unboost|p2b: Spouty Outy|spd|1
|-boost|p2b: Spouty Outy|atk|2
|-boost|p2b: Spouty Outy|spa|2
|-boost|p2b: Spouty Outy|spe|2
|move|p1a: Charizard|Solar Beam||[still]
|-prepare|p1a: Charizard|Solar Beam
|-anim|p1a: Charizard|Solar Beam|p2b: Spouty Outy
|-supereffective|p2b: Spouty Outy|1
|-damage|p2b: Spouty Outy|0 fnt
|faint|p2b: Spouty Outy
|
|win|Ferran Tiburon
|raw|Ferran Tiburon's rating: 1281 → 1310(+29 for winning)
|raw|efwefwefwefweifier's rating: 1335 → 1312(-23 for losing)
|l|☆efwefwefwefweifier
|player|p2|
