|j|☆SmogonSupervillain
|j|☆Jeramaya
|html|SmogonSupervillainJeramaya    
|uhtml|bestof|Game 1 of a best-of-3
|t:|1756336645
|gametype|doubles
|player|p1|SmogonSupervillain|170|1057
|player|p2|Jeramaya|lucas|1000
|gen|9
|tier|[Gen 9] VGC 2025 Reg H (Bo3)
|rated|
|rule|Species Clause: Limit one of each Pokémon
|rule|Item Clause: Limit 1 of each item
|clearpoke
|poke|p1|Sneasler, L50, M|
|poke|p1|Indeedee, L50, M|
|poke|p1|Magmortar, L50, M|
|poke|p1|Ursaluna-Bloodmoon, L50, M|
|poke|p1|Annihilape, L50, M|
|poke|p1|Tyranitar, L50, M|
|poke|p2|Pelipper, L50, F|
|poke|p2|Incineroar, L50, M|
|poke|p2|Archaludon, L50, F|
|poke|p2|Rillaboom, L50, M|
|poke|p2|Dragonite, L50, M|
|poke|p2|Ursaluna-Bloodmoon, L50, M|
|teampreview|4
|showteam|p1|Sneasler||PsychicSeed|Unburden|CloseCombat,DireClaw,ThroatChop,Protect|||M|||50|,,,,,Dark]Indeedee||ChoiceScarf|PsychicSurge|ExpandingForce,TeraBlast,Trick,Protect|||M|||50|,,,,,Psychic]Magmortar||SitrusBerry|FlameBody|FollowMe,WillOWisp,Overheat,HelpingHand|||M|||50|,,,,,Grass]Ursaluna-Bloodmoon||LifeOrb|MindsEye|BloodMoon,HyperVoice,EarthPower,Protect|||M|||50|,,,,,Normal]Annihilape||SafetyGoggles|Defiant|CloseCombat,RageFist,Taunt,FinalGambit|||M|||50|,,,,,Fairy]Tyranitar||AssaultVest|SandStream|RockSlide,KnockOff,TeraBlast,LowKick|||M|||50|,,,,,Flying
|showteam|p2|Pelipper||DampRock|Drizzle|Tailwind,WideGuard,Hurricane,HydroPump|||F|||50|,,,,,Water]Incineroar||SafetyGoggles|Intimidate|FakeOut,PartingShot,FlareBlitz,KnockOff|||M|||50|,,,,,Grass]Archaludon||AssaultVest|Stamina|BodyPress,FlashCannon,DracoMeteor,Thunderbolt|||F|||50|,,,,,Fighting]Rillaboom||MiracleSeed|GrassySurge|FakeOut,GrassyGlide,Uturn,Protect|||M|||50|,,,,,Grass]Dragonite||ChoiceBand|Multiscale|ExtremeSpeed,DragonClaw,Earthquake,IceSpinner|||M|||50|,,,,,Normal]Ursaluna-Bloodmoon||Leftovers|MindsEye|BloodMoon,EarthPower,HyperVoice,Protect|||M|||50|,,,,,Normal
|
|t:|1756336762
|teamsize|p1|4
|teamsize|p2|4
|start
|switch|p1a: Magmortar|Magmortar, L50, M|100/100
|switch|p1b: Annihilape|Annihilape, L50, M|100/100
|switch|p2a: Pelipper|Pelipper, L50, F, shiny|100/100
|switch|p2b: Incineroar|Incineroar, L50, M, shiny|100/100
|-weather|RainDance|[from] ability: Drizzle|[of] p2a: Pelipper
|-ability|p2b: Incineroar|Intimidate|boost
|-unboost|p1a: Magmortar|atk|1
|-unboost|p1b: Annihilape|atk|1
|-ability|p1b: Annihilape|Defiant|boost
|-boost|p1b: Annihilape|atk|2
|turn|1
|
|t:|1756336789
|switch|p1a: Tyranitar|Tyranitar, L50, M|100/100
|-weather|Sandstorm|[from] ability: Sand Stream|[of] p1a: Tyranitar
|-terastallize|p1b: Annihilape|Fairy
|move|p2b: Incineroar|Fake Out|p1a: Tyranitar
|-resisted|p1a: Tyranitar
|-damage|p1a: Tyranitar|96/100
|move|p1b: Annihilape|Close Combat|p2b: Incineroar
|-supereffective|p2b: Incineroar
|-damage|p2b: Incineroar|0 fnt
|-unboost|p1b: Annihilape|def|1
|-unboost|p1b: Annihilape|spd|1
|faint|p2b: Incineroar
|move|p2a: Pelipper|Hurricane|p1b: Annihilape
|-damage|p1b: Annihilape|46/100
|
|-weather|Sandstorm|[upkeep]
|-damage|p2a: Pelipper|95/100|[from] Sandstorm
|upkeep
|
|t:|1756336805
|switch|p2b: Rillaboom|Rillaboom, L50, M|100/100
|-fieldstart|move: Grassy Terrain|[from] ability: Grassy Surge|[of] p2b: Rillaboom
|turn|2
|
|t:|1756336818
|switch|p1b: Magmortar|Magmortar, L50, M|100/100
|move|p2b: Rillaboom|Fake Out|p1b: Magmortar
|-damage|p1b: Magmortar|82/100
|move|p1a: Tyranitar|Rock Slide|p2a: Pelipper|[spread] p2a,p2b
|-supereffective|p2a: Pelipper
|-crit|p2b: Rillaboom
|-damage|p2a: Pelipper|33/100
|-damage|p2b: Rillaboom|52/100
|move|p2a: Pelipper|Hydro Pump|p1b: Magmortar|[miss]
|-miss|p2a: Pelipper|p1b: Magmortar
|
|-weather|Sandstorm|[upkeep]
|-damage|p1b: Magmortar|76/100|[from] Sandstorm
|-damage|p2b: Rillaboom|46/100|[from] Sandstorm
|-damage|p2a: Pelipper|27/100|[from] Sandstorm
|-heal|p1b: Magmortar|82/100|[from] Grassy Terrain
|-heal|p2b: Rillaboom|52/100|[from] Grassy Terrain
|-heal|p1a: Tyranitar|100/100|[from] Grassy Terrain
|upkeep
|turn|3
|
|t:|1756336838
|switch|p2a: Dragonite|Dragonite, L50, M, shiny|100/100
|-terastallize|p2b: Rillaboom|Grass
|move|p1b: Magmortar|Helping Hand|p1a: Tyranitar
|-singleturn|p1a: Tyranitar|Helping Hand|[of] p1b: Magmortar
|move|p2b: Rillaboom|Grassy Glide|p1a: Tyranitar
|-supereffective|p1a: Tyranitar
|-damage|p1a: Tyranitar|0 fnt
|faint|p1a: Tyranitar
|
|-weather|Sandstorm|[upkeep]
|-damage|p1b: Magmortar|76/100|[from] Sandstorm
|-damage|p2a: Dragonite|94/100|[from] Sandstorm
|-damage|p2b: Rillaboom|46/100|[from] Sandstorm
|-heal|p1b: Magmortar|82/100|[from] Grassy Terrain
|-heal|p2b: Rillaboom|52/100|[from] Grassy Terrain
|upkeep
|
|t:|1756336851
|switch|p1a: Indeedee|Indeedee, L50, M|100/100
|-fieldstart|move: Psychic Terrain|[from] ability: Psychic Surge|[of] p1a: Indeedee
|turn|4
|
|t:|1756336866
|move|p1b: Magmortar|Helping Hand|p1a: Indeedee
|-singleturn|p1a: Indeedee|Helping Hand|[of] p1b: Magmortar
|move|p2a: Dragonite|Extreme Speed|p1a: Indeedee
|-activate|p1a: Indeedee|move: Psychic Terrain
|move|p1a: Indeedee|Expanding Force|p2a: Dragonite|[spread] p2a,p2b
|-damage|p2a: Dragonite|8/100
|-damage|p2b: Rillaboom|0 fnt
|faint|p2b: Rillaboom
|
|-weather|Sandstorm|[upkeep]
|-damage|p1a: Indeedee|95/100|[from] Sandstorm
|-damage|p1b: Magmortar|76/100|[from] Sandstorm
|-damage|p2a: Dragonite|2/100|[from] Sandstorm
|upkeep
|
|t:|1756336877
|switch|p2b: Pelipper|Pelipper, L50, F, shiny|27/100
|-weather|RainDance|[from] ability: Drizzle|[of] p2b: Pelipper
|turn|5
|
|t:|1756336887
|move|p1b: Magmortar|Follow Me|p1b: Magmortar
|-singleturn|p1b: Magmortar|move: Follow Me
|move|p2a: Dragonite|Extreme Speed|p1b: Magmortar
|-activate|p1b: Magmortar|move: Psychic Terrain
|move|p1a: Indeedee|Expanding Force|p2a: Dragonite|[spread] p2a,p2b
|-crit|p2b: Pelipper
|-damage|p2a: Dragonite|0 fnt
|-damage|p2b: Pelipper|0 fnt
|faint|p2a: Dragonite
|faint|p2b: Pelipper
|
|win|SmogonSupervillain
|inactive|SmogonSupervillain has 30 seconds to confirm battle start!
|inactive|Jeramaya has 30 seconds to confirm battle start!
||SmogonSupervillain is ready for game 2.
|l|☆Jeramaya
|player|p2|
|inactive|Jeramaya has 20 seconds to confirm battle start!
|inactive|Jeramaya has 10 seconds to confirm battle start!
|uhtml|next|Next: Game 2 of 3
