|j|â˜†Quackennn
|j|â˜†SirFishWasTaken
|html|QuackennnSirFishWasTaken    
|uhtml|bestof|Game 1 of a best-of-3
|t:|1784402590
|gametype|doubles
|player|p1|Quackennn|pilot|
|player|p2|SirFishWasTaken|psychic|
|gen|9
|tier|[Gen 9 Champions] VGC 2026 Reg M-B (Bo3)
|rule|Species Clause: Limit one of each PokÃ©mon
|rule|Item Clause: Limit 1 of each item
|clearpoke
|poke|p1|Araquanid, L50, M|
|poke|p1|Farigiraf, L50, F|
|poke|p1|Primarina, L50, F|
|poke|p1|Ninetales-Alola, L50, F|
|poke|p1|Crabominable, L50, M|
|poke|p1|Golurk, L50|
|poke|p2|Houndstone, L50, M|
|poke|p2|Corviknight, L50, M|
|poke|p2|Dragonite, L50, F|
|poke|p2|Tyranitar, L50, M|
|poke|p2|Excadrill, L50, M|
|poke|p2|Meowstic, L50, M|
|teampreview|4
|showteam|p1|Araquanid||LifeOrb|WaterBubble|LeechLife,Liquidation,Protect,PoisonJab|Adamant||M|||50|]Farigiraf||Leftovers|ArmorTail|Imprison,Protect,TrickRoom,HyperVoice|Sassy||F|||50|]Primarina||WacanBerry|LiquidVoice|HyperVoice,DazzlingGleam,WeatherBall,Protect|Modest||F|||50|]Ninetales-Alola||LightClay|SnowWarning|AuroraVeil,Protect,Blizzard,IcyWind|Timid||F|||50|]Crabominable||Crabominite|HyperCutter|IceHammer,CloseCombat,MachPunch,ThunderPunch|Adamant||M|||50|]Golurk||Golurkite|NoGuard|BrickBreak,Protect,Poltergeist,HeadlongRush|Adamant|||||50|
|showteam|p2|Houndstone||SitrusBerry|SandRush|LastRespects,BodyPress,Protect,PsychicFangs|Adamant||M|||50|]Corviknight||Leftovers|MirrorArmor|BraveBird,Roost,Tailwind,BulkUp|Impish||M|||50|]Dragonite||Dragoninite|Multiscale|DragonPulse,Flamethrower,Protect,Thunderbolt|Modest||F|||50|]Tyranitar||Tyranitarite|SandStream|KnockOff,Protect,RockSlide,DragonDance|Adamant||M|||50|]Excadrill||FocusSash|SandRush|IronHead,Protect,XScissor,HighHorsepower|Adamant||M|||50|]Meowstic||LightClay|Prankster|LightScreen,Protect,Imprison,Reflect|Calm||M|||50|
|
|t:|1784402701
|teamsize|p1|4
|teamsize|p2|4
|start
|switch|p1a: The Creature|Farigiraf, L50, F|100/100
|switch|p1b: The Crawler|Araquanid, L50, M|100/100
|switch|p2a: The Jester|Meowstic, L50, M|100/100
|switch|p2b: The Knight|Corviknight, L50, M|100/100
|turn|1
|
|t:|1784402727
|move|p1b: The Crawler|Protect|p1b: The Crawler
|-singleturn|p1b: The Crawler|Protect
|move|p2a: The Jester|Reflect|p2a: The Jester
|-sidestart|p2: SirFishWasTaken|Reflect
|move|p2b: The Knight|Bulk Up|p2b: The Knight
|-boost|p2b: The Knight|atk|1
|-boost|p2b: The Knight|def|1
|move|p1a: The Creature|Trick Room|p1a: The Creature
|-fieldstart|move: Trick Room|[of] p1a: The Creature
|
|upkeep
|turn|2
|
|t:|1784402750
|move|p2a: The Jester|Light Screen|p2a: The Jester
|-sidestart|p2: SirFishWasTaken|move: Light Screen
|move|p1b: The Crawler|Liquidation|p2b: The Knight
|-damage|p2b: The Knight|76/100
|-damage|p1b: The Crawler|90/100|[from] item: Life Orb
|move|p1a: The Creature|Hyper Voice|p2b: The Knight|[spread] p2a,p2b
|-resisted|p2b: The Knight|1
|-damage|p2a: The Jester|82/100
|-damage|p2b: The Knight|67/100
|move|p2b: The Knight|Brave Bird|p1b: The Crawler
|-supereffective|p1b: The Crawler|1
|-damage|p1b: The Crawler|0 fnt
|faint|p1b: The Crawler
|-damage|p2b: The Knight|42/100|[from] Recoil
|
|-heal|p2b: The Knight|48/100|[from] item: Leftovers
|upkeep
|
|t:|1784402762
|switch|p1b: The Cooler|Ninetales-Alola, L50, F|100/100
|-weather|Snowscape|[from] ability: Snow Warning|[of] p1b: The Cooler
|turn|3
|
|t:|1784402785
|switch|p2a: The King|Tyranitar, L50, M|100/100
|-weather|Sandstorm|[from] ability: Sand Stream|[of] p2a: The King
|move|p1a: The Creature|Imprison|p1a: The Creature
|-start|p1a: The Creature|move: Imprison
|move|p2b: The Knight|Roost|p2b: The Knight
|-heal|p2b: The Knight|98/100
|-singleturn|p2b: The Knight|move: Roost
|move|p1b: The Cooler|Aurora Veil||[still]
|-fail|p1b: The Cooler
|
|-weather|Sandstorm|[upkeep]
|-damage|p1a: The Creature|93/100|[from] Sandstorm
|-damage|p1b: The Cooler|93/100|[from] Sandstorm
|-heal|p1a: The Creature|100/100|[from] item: Leftovers
|-heal|p2b: The Knight|100/100|[from] item: Leftovers
|upkeep
|turn|4
|
|t:|1784402819
|move|p1a: The Creature|Hyper Voice|p2b: The Knight|[spread] p2a,p2b
|-resisted|p2a: The King|1
|-resisted|p2b: The Knight|1
|-damage|p2a: The King|93/100
|-damage|p2b: The Knight|91/100
|move|p2b: The Knight|Brave Bird|p1b: The Cooler
|-damage|p1b: The Cooler|1/100
|-damage|p2b: The Knight|69/100|[from] Recoil
|move|p2a: The King|Knock Off|p1a: The Creature
|-supereffective|p1a: The Creature|1
|-damage|p1a: The Creature|0 fnt
|-enditem|p1a: The Creature|Leftovers|[from] move: Knock Off|[of] p2a: The King
|faint|p1a: The Creature
|move|p1b: The Cooler|Blizzard|p2a: The King|[spread] p2a,p2b
|-damage|p2a: The King|78/100
|-damage|p2b: The Knight|46/100
|
|-weather|Sandstorm|[upkeep]
|-damage|p1b: The Cooler|0 fnt|[from] Sandstorm
|faint|p1b: The Cooler
|-heal|p2b: The Knight|52/100|[from] item: Leftovers
|upkeep
|
|t:|1784402835
|switch|p1a: The Crabber|Crabominable, L50, M|100/100
|turn|5
|
|t:|1784402852
|detailschange|p1a: The Crabber|Crabominable-Mega, L50, M
|-mega|p1a: The Crabber|Crabominable|Crabominite
|move|p2a: The King|Protect|p2a: The King
|-singleturn|p2a: The King|Protect
|move|p1a: The Crabber|Mach Punch|p2a: The King
|-activate|p2a: The King|move: Protect
|move|p2b: The Knight|Brave Bird|p1a: The Crabber
|-supereffective|p1a: The Crabber|1
|-damage|p1a: The Crabber|8/100
|-damage|p2b: The Knight|22/100|[from] Recoil
|
|-weather|Sandstorm|[upkeep]
|-damage|p1a: The Crabber|2/100|[from] Sandstorm
|-heal|p2b: The Knight|28/100|[from] item: Leftovers
|-fieldend|move: Trick Room
|upkeep
|turn|6
|
|t:|1784402871
|switch|p2a: The Queen|Dragonite, L50, F|100/100
|switch|p2b: The Jester|Meowstic, L50, M|82/100
|move|p1a: The Crabber|Mach Punch|p2a: The Queen
|-resisted|p2a: The Queen|1
|-damage|p2a: The Queen|94/100
|
|-weather|Sandstorm|[upkeep]
|-damage|p2b: The Jester|76/100|[from] Sandstorm
|-damage|p2a: The Queen|88/100|[from] Sandstorm
|-damage|p1a: The Crabber|0 fnt|[from] Sandstorm
|faint|p1a: The Crabber
|
|win|SirFishWasTaken
||Quackennn is ready for game 2.
|inactive|SirFishWasTaken has 30 seconds to confirm battle start!
||SirFishWasTaken is ready for game 2.
|uhtml|next|Next: Game 2 of 3
|l|â˜†Quackennn
|player|p1|
