|j|☆PittsburghSkylines
|j|☆xXBMillsXx7
|html|PittsburghSkylinesxXBMillsXx7    
|uhtml|bestof|Game 2 of a best-of-3
|t:|1757823111
|gametype|doubles
|player|p1|PittsburghSkylines|blue|1263
|player|p2|xXBMillsXx7|gambler|1132
|gen|9
|tier|[Gen 9] VGC 2025 Reg H (Bo3)
|rated|
|rule|Species Clause: Limit one of each Pokémon
|rule|Item Clause: Limit 1 of each item
|clearpoke
|poke|p1|Sneasler, L50, F|
|poke|p1|Whimsicott, L50, M|
|poke|p1|Gholdengo, L50|
|poke|p1|Hydreigon, L50, F|
|poke|p1|Garchomp, L50, M|
|poke|p1|Incineroar, L50, F|
|poke|p2|Gothitelle, L50, M|
|poke|p2|Primarina, L50, M|
|poke|p2|Ursaluna-Bloodmoon, L50, M|
|poke|p2|Gholdengo, L50|
|poke|p2|Talonflame, L50, F|
|poke|p2|Rillaboom, L50, F|
|teampreview|4
|showteam|p1|Sneasler||WhiteHerb|Unburden|CloseCombat,DireClaw,FakeOut,Protect|||F|||50|,,,,,Stellar]Whimsicott||FocusSash|Prankster|Moonblast,FakeTears,Tailwind,Protect|||M|||50|,,,,,Ghost]Gholdengo||ChoiceSpecs|GoodasGold|MakeItRain,ShadowBall,PowerGem,Trick||||||50|,,,,,Steel]Hydreigon||SitrusBerry|Levitate|DracoMeteor,DarkPulse,Snarl,Protect|||F|||50|,,,,,Ghost]Garchomp||LifeOrb|RoughSkin|Earthquake,StompingTantrum,RockSlide,Protect|||M|||50|,,,,,Ground]Incineroar||AssaultVest|Intimidate|FlareBlitz,KnockOff,Uturn,FakeOut|||F|||50|,,,,,Grass
|showteam|p2|Gothitelle||SitrusBerry|ShadowTag|PsychicNoise,Protect,TrickRoom,FakeOut|||M|||50|,,,,,Water]Primarina||ThroatSpray|LiquidVoice|HyperVoice,Moonblast,Protect,PerishSong|||M|||50|,,,,,Dragon]Ursaluna-Bloodmoon||LifeOrb|MindsEye|HyperVoice,EarthPower,BloodMoon,Protect|||M|||50|,,,,,Normal]Gholdengo||ChoiceSpecs|GoodasGold|MakeItRain,ShadowBall,Thunderbolt,PowerGem||||||50|,,,,,Steel]Talonflame||CovertCloak|GaleWings|DualWingbeat,FlareBlitz,Tailwind,Taunt|||F|||50|,,,,,Stellar]Rillaboom||AssaultVest|GrassySurge|GrassyGlide,WoodHammer,FakeOut,HighHorsepower|||F|||50|,,,,,Fire
|inactive|Battle timer is ON: inactive players will automatically lose when time's up. (requested by xXBMillsXx7)
|
|t:|1757823126
|teamsize|p1|4
|teamsize|p2|4
|start
|switch|p1a: Whimsicott|Whimsicott, L50, M|100/100
|switch|p1b: Garchomp|Garchomp, L50, M|100/100
|switch|p2a: Gothitelle|Gothitelle, L50, M|100/100
|switch|p2b: Rillaboom|Rillaboom, L50, F|100/100
|-fieldstart|move: Grassy Terrain|[from] ability: Grassy Surge|[of] p2b: Rillaboom
|turn|1
|
|t:|1757823149
|-terastallize|p1a: Whimsicott|Ghost
|move|p2b: Rillaboom|Fake Out|p1a: Whimsicott
|-immune|p1a: Whimsicott
|move|p1a: Whimsicott|Moonblast|p2a: Gothitelle
|-damage|p2a: Gothitelle|76/100
|move|p1b: Garchomp|Rock Slide|p2a: Gothitelle|[spread] p2a,p2b
|-damage|p2a: Gothitelle|51/100
|-damage|p2b: Rillaboom|77/100
|-damage|p1b: Garchomp|91/100|[from] item: Life Orb
|cant|p2a: Gothitelle|flinch
|
|-heal|p1b: Garchomp|97/100|[from] Grassy Terrain
|-heal|p2b: Rillaboom|83/100|[from] Grassy Terrain
|-heal|p2a: Gothitelle|57/100|[from] Grassy Terrain
|upkeep
|turn|2
|
|t:|1757823172
|move|p2b: Rillaboom|Grassy Glide|p1a: Whimsicott
|-damage|p1a: Whimsicott|42/100
|move|p1a: Whimsicott|Moonblast|p2a: Gothitelle
|-damage|p2a: Gothitelle|31/100
|-enditem|p2a: Gothitelle|Sitrus Berry|[eat]
|-heal|p2a: Gothitelle|56/100|[from] item: Sitrus Berry
|move|p1b: Garchomp|Stomping Tantrum|p2a: Gothitelle
|-damage|p2a: Gothitelle|9/100
|-damage|p1b: Garchomp|87/100|[from] item: Life Orb
|move|p2a: Gothitelle|Trick Room|p2a: Gothitelle
|-fieldstart|move: Trick Room|[of] p2a: Gothitelle
|
|-heal|p2a: Gothitelle|15/100|[from] Grassy Terrain
|-heal|p2b: Rillaboom|89/100|[from] Grassy Terrain
|-heal|p1b: Garchomp|93/100|[from] Grassy Terrain
|-heal|p1a: Whimsicott|48/100|[from] Grassy Terrain
|upkeep
|turn|3
|
|t:|1757823193
|switch|p2a: Primarina|Primarina, L50, M|100/100
|switch|p1a: Gholdengo|Gholdengo, L50|100/100
|move|p2b: Rillaboom|Grassy Glide|p1a: Gholdengo
|-resisted|p1a: Gholdengo
|-damage|p1a: Gholdengo|81/100
|move|p1b: Garchomp|Rock Slide|p2b: Rillaboom|[spread] p2b
|-miss|p1b: Garchomp|p2a: Primarina
|-damage|p2b: Rillaboom|65/100
|-damage|p1b: Garchomp|83/100|[from] item: Life Orb
|
|-heal|p2b: Rillaboom|71/100|[from] Grassy Terrain
|-heal|p1a: Gholdengo|87/100|[from] Grassy Terrain
|-heal|p1b: Garchomp|89/100|[from] Grassy Terrain
|upkeep
|turn|4
|
|t:|1757823214
|move|p2a: Primarina|Hyper Voice|p1b: Garchomp|[spread] p1a,p1b
|-damage|p1a: Gholdengo|44/100
|-damage|p1b: Garchomp|48/100
|-enditem|p2a: Primarina|Throat Spray
|-boost|p2a: Primarina|spa|1|[from] item: Throat Spray
|move|p2b: Rillaboom|High Horsepower|p1a: Gholdengo
|-supereffective|p1a: Gholdengo
|-damage|p1a: Gholdengo|0 fnt
|faint|p1a: Gholdengo
|move|p1b: Garchomp|Stomping Tantrum|p2a: Primarina
|-damage|p2a: Primarina|45/100
|-damage|p1b: Garchomp|38/100|[from] item: Life Orb
|
|-heal|p2a: Primarina|51/100|[from] Grassy Terrain
|-heal|p2b: Rillaboom|77/100|[from] Grassy Terrain
|-heal|p1b: Garchomp|44/100|[from] Grassy Terrain
|upkeep
|
|t:|1757823221
|switch|p1a: Sneasler|Sneasler, L50, F|100/100
|turn|5
|
|t:|1757823242
|move|p1b: Garchomp|Protect|p1b: Garchomp
|-singleturn|p1b: Garchomp|Protect
|move|p2a: Primarina|Hyper Voice|p1a: Sneasler|[spread] p1a
|-activate|p1b: Garchomp|move: Protect
|-damage|p1a: Sneasler|27/100
|move|p2b: Rillaboom|Wood Hammer|p1b: Garchomp
|-activate|p1b: Garchomp|move: Protect
|move|p1a: Sneasler|Dire Claw|p2a: Primarina
|-supereffective|p2a: Primarina
|-damage|p2a: Primarina|0 fnt
|faint|p2a: Primarina
|
|-heal|p2b: Rillaboom|83/100|[from] Grassy Terrain
|-heal|p1b: Garchomp|50/100|[from] Grassy Terrain
|-heal|p1a: Sneasler|33/100|[from] Grassy Terrain
|-fieldend|move: Grassy Terrain
|upkeep
|
|t:|1757823253
|switch|p2a: Ursaluna|Ursaluna-Bloodmoon, L50, M|100/100
|turn|6
|
|t:|1757823278
|switch|p2b: Gothitelle|Gothitelle, L50, M|15/100
|switch|p1b: Whimsicott|Whimsicott, L50, M, tera:Ghost|48/100
|move|p1a: Sneasler|Protect|p1a: Sneasler
|-singleturn|p1a: Sneasler|Protect
|move|p2a: Ursaluna|Hyper Voice|p1a: Sneasler|[spread] p1b
|-activate|p1a: Sneasler|move: Protect
|-damage|p1b: Whimsicott|0 fnt
|faint|p1b: Whimsicott
|-damage|p2a: Ursaluna|91/100|[from] item: Life Orb
|
|-fieldend|move: Trick Room
|upkeep
|
|t:|1757823287
|switch|p1b: Garchomp|Garchomp, L50, M|50/100
|turn|7
|
|t:|1757823305
|move|p2b: Gothitelle|Fake Out|p1a: Sneasler
|-damage|p1a: Sneasler|23/100
|cant|p1a: Sneasler|flinch
|move|p1b: Garchomp|Rock Slide|p2b: Gothitelle|[spread] p2a,p2b
|-resisted|p2a: Ursaluna
|-damage|p2a: Ursaluna|80/100
|-damage|p2b: Gothitelle|0 fnt
|faint|p2b: Gothitelle
|-damage|p1b: Garchomp|40/100|[from] item: Life Orb
|move|p2a: Ursaluna|Hyper Voice|p1a: Sneasler|[spread] p1a,p1b
|-damage|p1a: Sneasler|0 fnt
|-damage|p1b: Garchomp|0 fnt
|faint|p1a: Sneasler
|faint|p1b: Garchomp
|-damage|p2a: Ursaluna|70/100|[from] item: Life Orb
|
|win|xXBMillsXx7
|raw|PittsburghSkylines's rating: 1263 → 1229(-34 for losing)
|raw|xXBMillsXx7's rating: 1132 → 1166(+34 for winning)
