|j|☆Guido5555
|j|☆Strom spriggan
|html|Guido5555Strom spriggan    
|uhtml|bestof|Game 2 of a best-of-3
|t:|1756743807
|gametype|doubles
|player|p1|Guido5555|265|1000
|player|p2|Strom spriggan|lacey|1097
|gen|9
|tier|[Gen 9] VGC 2025 Reg H (Bo3)
|rated|
|rule|Species Clause: Limit one of each Pokémon
|rule|Item Clause: Limit 1 of each item
|clearpoke
|poke|p1|Hawlucha, L50, M|
|poke|p1|Archaludon, L50, F|
|poke|p1|Gholdengo, L50|
|poke|p1|Ninetales-Alola, L50, M|
|poke|p1|Rillaboom, L50, M|
|poke|p1|Incineroar, L50, M|
|poke|p2|Pelipper, L50, F|
|poke|p2|Archaludon, L50, F|
|poke|p2|Incineroar, L50, M|
|poke|p2|Sneasler, L50, F|
|poke|p2|Sinistcha, L50|
|poke|p2|Ursaluna, L50, M|
|teampreview|4
|showteam|p1|Hawlucha||GrassySeed|Unburden|FlyingPress,FirePunch,Taunt,Protect|||M|||50|,,,,,Steel]Archaludon||PowerHerb|Sturdy|ElectroShot,Protect,FlashCannon,DracoMeteor|||F|||50|,,,,,Stellar]Gholdengo||ChoiceScarf|GoodasGold|MakeItRain,ShadowBall,PowerGem,Trick||||||50|,,,,,Steel]Ninetales-Alola||FocusSash|SnowWarning|Blizzard,IcyWind,Encore,AuroraVeil|||M|||50|,,,,,Ghost]Rillaboom||AssaultVest|GrassySurge|FakeOut,GrassyGlide,DrumBeating,HighHorsepower|||M|||50|,,,,,Fire]Incineroar||SafetyGoggles|Intimidate|Protect,FakeOut,PartingShot,KnockOff|||M|||50|,,,,,Ghost
|showteam|p2|Pelipper||CovertCloak|Drizzle|Hurricane,HelpingHand,Tailwind,WeatherBall|||F|||50|,,,,,Water]Archaludon||AssaultVest|Stamina|ElectroShot,BodyPress,FlashCannon,DragonPulse|||F|||50|,,,,,Grass]Incineroar||SafetyGoggles|Intimidate|KnockOff,FlareBlitz,FakeOut,PartingShot|||M|||50|,,,,,Ghost]Sneasler||FocusSash|PoisonTouch|CloseCombat,DireClaw,ThroatChop,Protect|||F|||50|,,,,,Stellar]Sinistcha||SitrusBerry|Hospitality|LifeDew,MatchaGotcha,TrickRoom,RagePowder||||||50|,,,,,Water]Ursaluna||FlameOrb|Guts|HeadlongRush,Facade,Earthquake,Protect|||M|||50|,,,,,Ghost
|
|t:|1756743843
|teamsize|p1|4
|teamsize|p2|4
|start
|switch|p1a: Gholdengo|Gholdengo, L50, shiny|100/100
|switch|p1b: Rillaboom|Rillaboom, L50, M|100/100
|switch|p2a: Incineroar|Incineroar, L50, M|100/100
|switch|p2b: Sneasler|Sneasler, L50, F|100/100
|-fieldstart|move: Grassy Terrain|[from] ability: Grassy Surge|[of] p1b: Rillaboom
|-ability|p2a: Incineroar|Intimidate|boost
|-unboost|p1a: Gholdengo|atk|1
|-unboost|p1b: Rillaboom|atk|1
|turn|1
|
|t:|1756743873
|-terastallize|p2a: Incineroar|Ghost
|move|p1b: Rillaboom|Fake Out|p2a: Incineroar
|-immune|p2a: Incineroar
|move|p1a: Gholdengo|Trick|p2b: Sneasler
|-activate|p1a: Gholdengo|move: Trick|[of] p2b: Sneasler
|-item|p2b: Sneasler|Choice Scarf|[from] move: Trick
|-item|p1a: Gholdengo|Focus Sash|[from] move: Trick
|move|p2b: Sneasler|Dire Claw|p1b: Rillaboom
|-supereffective|p1b: Rillaboom
|-damage|p1b: Rillaboom|11/100
|-status|p1b: Rillaboom|psn
|move|p2a: Incineroar|Flare Blitz|p1a: Gholdengo
|-supereffective|p1a: Gholdengo
|-enditem|p1a: Gholdengo|Focus Sash
|-damage|p1a: Gholdengo|1/100
|-damage|p2a: Incineroar|71/100|[from] Recoil
|
|-heal|p1b: Rillaboom|16/100 psn|[from] Grassy Terrain
|-heal|p1a: Gholdengo|7/100|[from] Grassy Terrain
|-heal|p2a: Incineroar|76/100|[from] Grassy Terrain
|-damage|p1b: Rillaboom|4/100 psn|[from] psn
|upkeep
|turn|2
|
|t:|1756743939
|switch|p2b: Sinistcha|Sinistcha, L50|100/100
|-heal|p2a: Incineroar|100/100|[from] ability: Hospitality|[of] p2b: Sinistcha
|switch|p2a: Ursaluna|Ursaluna, L50, M|100/100
|move|p1b: Rillaboom|Grassy Glide|p2b: Sinistcha
|-resisted|p2b: Sinistcha
|-damage|p2b: Sinistcha|91/100
|move|p1a: Gholdengo|Shadow Ball|p2a: Ursaluna
|-immune|p2a: Ursaluna
|
|-heal|p1b: Rillaboom|10/100 psn|[from] Grassy Terrain
|-heal|p1a: Gholdengo|13/100|[from] Grassy Terrain
|-heal|p2b: Sinistcha|97/100|[from] Grassy Terrain
|-damage|p1b: Rillaboom|0 fnt|[from] psn
|faint|p1b: Rillaboom
|-status|p2a: Ursaluna|brn|[from] item: Flame Orb
|upkeep
|
|t:|1756743949
|switch|p1b: C. Falcon|Hawlucha, L50, M, shiny|100/100
|-enditem|p1b: C. Falcon|Grassy Seed
|-boost|p1b: C. Falcon|def|1|[from] item: Grassy Seed
|turn|3
|
|t:|1756743987
|move|p2b: Sinistcha|Rage Powder|p2b: Sinistcha
|-singleturn|p2b: Sinistcha|move: Rage Powder
|move|p1b: C. Falcon|Taunt|p2b: Sinistcha
|-start|p2b: Sinistcha|move: Taunt
|move|p1a: Gholdengo|Shadow Ball|p2b: Sinistcha
|-supereffective|p2b: Sinistcha
|-damage|p2b: Sinistcha|2/100
|-enditem|p2b: Sinistcha|Sitrus Berry|[eat]
|-heal|p2b: Sinistcha|26/100|[from] item: Sitrus Berry
|move|p2a: Ursaluna|Facade|p1b: C. Falcon
|-damage|p1b: C. Falcon|0 fnt
|faint|p1b: C. Falcon
|
|-heal|p1a: Gholdengo|19/100|[from] Grassy Terrain
|-heal|p2b: Sinistcha|33/100|[from] Grassy Terrain
|-damage|p2a: Ursaluna|95/100 brn|[from] brn
|upkeep
|
|t:|1756743998
|switch|p1b: Archaludon|Archaludon, L50, F|100/100
|turn|4
|
|t:|1756744027
|-terastallize|p1b: Archaludon|Stellar
|move|p1b: Archaludon|Electro Shot||[still]
|-prepare|p1b: Archaludon|Electro Shot
|-boost|p1b: Archaludon|spa|1
|-enditem|p1b: Archaludon|Power Herb
|-anim|p1b: Archaludon|Electro Shot|p2b: Sinistcha
|-resisted|p2b: Sinistcha
|-damage|p2b: Sinistcha|0 fnt
|faint|p2b: Sinistcha
|move|p1a: Gholdengo|Make It Rain|p2a: Ursaluna
|-damage|p2a: Ursaluna|26/100 brn
|-unboost|p1a: Gholdengo|spa|1
|move|p2a: Ursaluna|Earthquake|p1a: Gholdengo|[spread] p1a,p1b
|-supereffective|p1a: Gholdengo
|-supereffective|p1b: Archaludon
|-damage|p1a: Gholdengo|0 fnt
|-damage|p1b: Archaludon|42/100
|faint|p1a: Gholdengo
|
|-heal|p1b: Archaludon|48/100|[from] Grassy Terrain
|-heal|p2a: Ursaluna|31/100 brn|[from] Grassy Terrain
|-damage|p2a: Ursaluna|26/100 brn|[from] brn
|upkeep
|
|t:|1756744045
|switch|p2b: Sneasler|Sneasler, L50, F|100/100
|turn|5
|
|t:|1756744054
|move|p1b: Archaludon|Protect|p1b: Archaludon
|-singleturn|p1b: Archaludon|Protect
|move|p2b: Sneasler|Close Combat|p1b: Archaludon
|-activate|p1b: Archaludon|move: Protect
|move|p2a: Ursaluna|Headlong Rush|p1b: Archaludon
|-activate|p1b: Archaludon|move: Protect
|
|-heal|p1b: Archaludon|54/100|[from] Grassy Terrain
|-heal|p2a: Ursaluna|31/100 brn|[from] Grassy Terrain
|-damage|p2a: Ursaluna|26/100 brn|[from] brn
|-fieldend|move: Grassy Terrain
|upkeep
|turn|6
|
|t:|1756744071
|move|p2b: Sneasler|Close Combat|p1b: Archaludon
|-supereffective|p1b: Archaludon
|-damage|p1b: Archaludon|0 fnt
|-unboost|p2b: Sneasler|def|1
|-unboost|p2b: Sneasler|spd|1
|faint|p1b: Archaludon
|
|win|Strom spriggan
||Guido5555 is ready for game 3.
|l|☆Guido5555
|player|p1|
