|j|☆marcusquinn
|j|☆ShrekBK
|html|marcusquinnShrekBK    
|uhtml|bestof|Game 3 of a best-of-3
|t:|1755726661
|gametype|doubles
|player|p1|marcusquinn|hilbert-wonderlauncher|1392
|player|p2|ShrekBK|lucas|1506
|gen|9
|tier|[Gen 9] VGC 2025 Reg H (Bo3)
|rated|
|rule|Species Clause: Limit one of each Pokémon
|rule|Item Clause: Limit 1 of each item
|clearpoke
|poke|p1|Archaludon, L50, M|
|poke|p1|Porygon2, L50|
|poke|p1|Incineroar, L50, M|
|poke|p1|Ursaluna, L50, F|
|poke|p1|Sneasler, L50, M|
|poke|p1|Dragonite, L50, M|
|poke|p2|Archaludon, L50, F|
|poke|p2|Gholdengo, L50|
|poke|p2|Garchomp, L50, F|
|poke|p2|Flamigo, L50, M|
|poke|p2|Murkrow, L50, F|
|poke|p2|Maushold, L50|
|teampreview|4
|showteam|p1|Archaludon||PowerHerb|Sturdy|Protect,ElectroShot,DracoMeteor,FlashCannon|||M|||50|,,,,,Electric]Porygon2||Eviolite|Download|TeraBlast,IceBeam,Recover,TrickRoom||||||50|,,,,,Fighting]Incineroar||SitrusBerry|Intimidate|FlareBlitz,KnockOff,FakeOut,PartingShot|||M|||50|,,,,,Ghost]Ursaluna||FlameOrb|Guts|HeadlongRush,Facade,Earthquake,Protect|||F|||50|,,,,,Ghost]Sneasler||FocusSash|Unburden|Protect,CloseCombat,DireClaw,ThroatChop|||M|||50|,,,,,Stellar]Dragonite||LoadedDice|Multiscale|ScaleShot,Tailwind,Haze,Protect|||M|||50|,,,,,Steel
|showteam|p2|Archaludon||AssaultVest|Stamina|BodyPress,DracoMeteor,ElectroShot,FlashCannon|||F|||50|,,,,,Grass]Gholdengo||ChoiceSpecs|GoodasGold|MakeItRain,Trick,ShadowBall,TeraBlast||||||50|,,,,,Fighting]Garchomp||LifeOrb|RoughSkin|Earthquake,DragonClaw,StompingTantrum,Protect|||F|||50|,,,,,Ground]Flamigo||FocusSash|Scrappy|CloseCombat,DualWingbeat,Feint,Protect|||M|||50|,,,,,Ghost]Murkrow||Eviolite|Prankster|FoulPlay,Tailwind,RainDance,Haze|||F|||50|,,,,,Ghost]Maushold||WideLens|Technician|PopulationBomb,Taunt,FollowMe,Protect||||||50|,,,,,Ghost
|inactive|Battle timer is ON: inactive players will automatically lose when time's up. (requested by marcusquinn)
|
|t:|1755726681
|teamsize|p1|4
|teamsize|p2|4
|start
|switch|p1a: Dragonite|Dragonite, L50, M, shiny|100/100
|switch|p1b: Incineroar|Incineroar, L50, M, shiny|100/100
|switch|p2a: Gholdengo|Gholdengo, L50|100/100
|switch|p2b: Murkrow|Murkrow, L50, F|100/100
|-ability|p1b: Incineroar|Intimidate|boost
|-unboost|p2a: Gholdengo|atk|1
|-unboost|p2b: Murkrow|atk|1
|turn|1
|inactive|marcusquinn has 30 seconds left.
|inactive|marcusquinn has 20 seconds left.
|
|t:|1755726719
|move|p1a: Dragonite|Tailwind|p1a: Dragonite
|-sidestart|p1: marcusquinn|move: Tailwind
|move|p1b: Incineroar|Flare Blitz|p2a: Gholdengo
|-supereffective|p2a: Gholdengo
|-damage|p2a: Gholdengo|0 fnt
|faint|p2a: Gholdengo
|-damage|p1b: Incineroar|74/100|[from] Recoil
|move|p2b: Murkrow|Foul Play|p1a: Dragonite
|-damage|p1a: Dragonite|72/100
|
|upkeep
|
|t:|1755726729
|switch|p2a: Garchomp|Garchomp, L50, F|100/100
|turn|2
|inactive|marcusquinn has 30 seconds left.
|inactive|marcusquinn has 20 seconds left.
|
|t:|1755726766
|-terastallize|p1a: Dragonite|Steel
|move|p2a: Garchomp|Protect|p2a: Garchomp
|-singleturn|p2a: Garchomp|Protect
|move|p2b: Murkrow|Tailwind|p2b: Murkrow
|-sidestart|p2: ShrekBK|move: Tailwind
|move|p1a: Dragonite|Scale Shot|p2b: Murkrow
|-damage|p2b: Murkrow|85/100
|-damage|p2b: Murkrow|68/100
|-damage|p2b: Murkrow|54/100
|-damage|p2b: Murkrow|37/100
|-hitcount|p2b: Murkrow|4
|-unboost|p1a: Dragonite|def|1
|-boost|p1a: Dragonite|spe|1
|move|p1b: Incineroar|Flare Blitz|p2b: Murkrow
|-damage|p2b: Murkrow|0 fnt
|faint|p2b: Murkrow
|-damage|p1b: Incineroar|65/100|[from] Recoil
|
|upkeep
|
|t:|1755726773
|switch|p2b: Flamigo|Flamigo, L50, M|100/100
|turn|3
|inactive|marcusquinn has 30 seconds left.
|inactive|marcusquinn has 20 seconds left.
|inactive|marcusquinn has 15 seconds left.
|
|t:|1755726813
|-terastallize|p2a: Garchomp|Ground
|move|p2b: Flamigo|Feint|p1a: Dragonite
|-resisted|p1a: Dragonite
|-damage|p1a: Dragonite|63/100
|move|p1a: Dragonite|Scale Shot|p2a: Garchomp
|-crit|p2a: Garchomp
|-damage|p2a: Garchomp|81/100
|-damage|p2a: Garchomp|66/100
|-damage|p2a: Garchomp|52/100
|-damage|p2a: Garchomp|39/100
|-damage|p2a: Garchomp|25/100
|-hitcount|p2a: Garchomp|5
|-unboost|p1a: Dragonite|def|1
|-boost|p1a: Dragonite|spe|1
|move|p2a: Garchomp|Earthquake|p1b: Incineroar|[spread] p1a,p1b
|-immune|p2b: Flamigo
|-supereffective|p1a: Dragonite
|-supereffective|p1b: Incineroar
|-crit|p1b: Incineroar
|-damage|p1a: Dragonite|0 fnt
|-damage|p1b: Incineroar|0 fnt
|faint|p1a: Dragonite
|faint|p1b: Incineroar
|-damage|p2a: Garchomp|15/100|[from] item: Life Orb
|
|upkeep
|
|t:|1755726837
|switch|p1a: Ursaluna|Ursaluna, L50, F|100/100
|switch|p1b: Sneasler|Sneasler, L50, M|100/100
|turn|4
|inactive|marcusquinn has 30 seconds left.
|c|☆ShrekBK|gg
|inactive|marcusquinn has 20 seconds left.
|inactive|marcusquinn has 15 seconds left.
|
|t:|1755726881
|move|p2a: Garchomp|Protect|p2a: Garchomp
|-singleturn|p2a: Garchomp|Protect
|move|p2b: Flamigo|Protect|p2b: Flamigo
|-singleturn|p2b: Flamigo|Protect
|move|p1b: Sneasler|Close Combat|p2a: Garchomp
|-activate|p2a: Garchomp|move: Protect
|move|p1a: Ursaluna|Facade|p2b: Flamigo
|-activate|p2b: Flamigo|move: Protect
|
|-sideend|p1: marcusquinn|move: Tailwind
|-status|p1a: Ursaluna|brn|[from] item: Flame Orb
|upkeep
|turn|5
|inactive|marcusquinn has 30 seconds left.
|c|☆ShrekBK|forfeit pls
|inactive|marcusquinn has 20 seconds left.
|inactive|marcusquinn has 15 seconds left.
|inactive|marcusquinn has 10 seconds left.
|
|t:|1755726927
|move|p1a: Ursaluna|Protect|p1a: Ursaluna
|-singleturn|p1a: Ursaluna|Protect
|move|p2b: Flamigo|Feint|p1b: Sneasler
|-damage|p1b: Sneasler|84/100
|move|p2a: Garchomp|Earthquake|p1a: Ursaluna|[spread] p1b
|-activate|p1a: Ursaluna|move: Protect
|-immune|p2b: Flamigo
|-supereffective|p1b: Sneasler
|-damage|p1b: Sneasler|0 fnt
|faint|p1b: Sneasler
|-damage|p2a: Garchomp|5/100|[from] item: Life Orb
|
|-damage|p1a: Ursaluna|95/100 brn|[from] brn
|-sideend|p2: ShrekBK|move: Tailwind
|upkeep
|turn|6
|inactive|marcusquinn has 30 seconds left.
|
|t:|1755726956
|move|p2a: Garchomp|Earthquake|p1a: Ursaluna|[spread] p1a
|-immune|p2b: Flamigo
|-damage|p1a: Ursaluna|42/100 brn
|-damage|p2a: Garchomp|0 fnt|[from] item: Life Orb
|faint|p2a: Garchomp
|move|p2b: Flamigo|Close Combat|p1a: Ursaluna
|-supereffective|p1a: Ursaluna
|-damage|p1a: Ursaluna|0 fnt
|-unboost|p2b: Flamigo|def|1
|-unboost|p2b: Flamigo|spd|1
|faint|p1a: Ursaluna
|
|win|ShrekBK
|raw|marcusquinn's rating: 1392 → 1378(-14 for losing)
|raw|ShrekBK's rating: 1506 → 1520(+14 for winning)
|l|☆ShrekBK
|player|p2|
