|j|☆Vanidicuss
|j|☆Alfaceb
|html|VanidicussAlfaceb    
|uhtml|bestof|Game 1 of a best-of-3
|t:|1782653242
|gametype|doubles
|player|p1|Vanidicuss|drayden|1100
|player|p2|Alfaceb|pokefan|1169
|gen|9
|tier|[Gen 9 Champions] VGC 2026 Reg M-B (Bo3)
|rated|
|rule|Species Clause: Limit one of each Pokémon
|rule|Item Clause: Limit 1 of each item
|clearpoke
|poke|p1|Garchomp, L50, F|
|poke|p1|Victreebel, L50, M|
|poke|p1|Incineroar, L50, M|
|poke|p1|Aggron, L50, F|
|poke|p1|Grimmsnarl, L50, M|
|poke|p1|Sylveon, L50, M|
|poke|p2|Charizard, L50, F|
|poke|p2|Aerodactyl, L50, M, shiny|
|poke|p2|Venusaur, L50, M|
|poke|p2|Clefable, L50, F|
|poke|p2|Blastoise, L50, F|
|poke|p2|Kangaskhan, L50, F|
|teampreview|4
|showteam|p1|Garchomp||SitrusBerry|SandVeil|Earthquake,DragonClaw,RockSlide,Protect|Jolly||F|||50|]Victreebel||Victreebelite|Chlorophyll|StrengthSap,SludgeBomb,EnergyBall,Protect|Rash||M|||50|]Incineroar||Charcoal|Intimidate|FakeOut,PartingShot,Protect,FlareBlitz|Careful||M|||50|]Aggron||Aggronite|Sturdy|BodyPress,IronDefense,Protect,HeavySlam|Impish||F|||50|]Grimmsnarl||MentalHerb|Prankster|LightScreen,Reflect,Protect,FakeOut|Careful||M|||50|]Sylveon||ChoiceScarf|Pixilate|HyperBeam,HyperVoice,Protect,MysticalFire|Modest||M|||50|
|showteam|p2|Charizard||CharizarditeY|SolarPower|HeatWave,WeatherBall,Protect,SolarBeam|Modest||F|||50|]Aerodactyl||FocusSash|Unnerve|DualWingbeat,RockSlide,Protect,Tailwind|Jolly||M|||50|]Venusaur||LifeOrb|Chlorophyll|SleepPowder,SludgeBomb,EnergyBall,Protect|Modest||M|||50|]Clefable||FairyFeather|Unaware|FollowMe,Moonblast,LifeDew,HelpingHand|Modest||F|||50|]Blastoise||Blastoisinite|Torrent|ShellSmash,WaterSpout,AuraSphere,Protect|Modest||F|||50|]Kangaskhan||SilkScarf|Scrappy|FakeOut,LastResort|Adamant||F|||50|
|
|t:|1782653270
|teamsize|p1|4
|teamsize|p2|4
|start
|switch|p1a: Victreebel|Victreebel, L50, M|100/100
|switch|p1b: Garchomp|Garchomp, L50, F|100/100
|switch|p2a: Clefable|Clefable, L50, F|100/100
|switch|p2b: Kangaskhan|Kangaskhan, L50, F|100/100
|turn|1
|
|t:|1782653299
|switch|p1b: Sylveon|Sylveon, L50, M|100/100
|detailschange|p1a: Victreebel|Victreebel-Mega, L50, M
|-mega|p1a: Victreebel|Victreebel|Victreebelite
|move|p2b: Kangaskhan|Fake Out|p1a: Victreebel
|-damage|p1a: Victreebel|74/100
|cant|p1a: Victreebel|flinch
|move|p2a: Clefable|Moonblast|p1b: Sylveon
|-damage|p1b: Sylveon|61/100
|
|upkeep
|turn|2
|
|t:|1782653320
|move|p2a: Clefable|Follow Me|p2a: Clefable
|-singleturn|p2a: Clefable|move: Follow Me
|move|p1b: Sylveon|Hyper Voice|p2b: Kangaskhan|[spread] p2a,p2b
|-damage|p2a: Clefable|58/100
|-damage|p2b: Kangaskhan|48/100
|move|p2b: Kangaskhan|Last Resort|p1b: Sylveon
|-crit|p1b: Sylveon
|-damage|p1b: Sylveon|0 fnt
|faint|p1b: Sylveon
|move|p1a: Victreebel|Sludge Bomb|p2a: Clefable
|-supereffective|p2a: Clefable|1
|-damage|p2a: Clefable|0 fnt
|faint|p2a: Clefable
|
|upkeep
|
|t:|1782653337
|switch|p1b: Incineroar|Incineroar, L50, M|100/100
|switch|p2a: Venusaur|Venusaur, L50, M|100/100
|-ability|p1b: Incineroar|Intimidate|boost
|-unboost|p2a: Venusaur|atk|1
|-fail|p2b: Kangaskhan|unboost|Attack|[from] ability: Scrappy|[of] p2b: Kangaskhan
|turn|3
|
|t:|1782653359
|switch|p2b: Charizard|Charizard, L50, F|100/100
|move|p2a: Venusaur|Protect|p2a: Venusaur
|-singleturn|p2a: Venusaur|Protect
|move|p1b: Incineroar|Fake Out|p2b: Charizard
|-damage|p2b: Charizard|87/100
|move|p1a: Victreebel|Energy Ball|p2b: Charizard
|-resisted|p2b: Charizard|2
|-damage|p2b: Charizard|71/100
|
|upkeep
|turn|4
|
|t:|1782653402
|detailschange|p2b: Charizard|Charizard-Mega-Y, L50, F
|-mega|p2b: Charizard|Charizard|Charizardite Y
|-weather|SunnyDay|[from] ability: Drought|[of] p2b: Charizard
|move|p2a: Venusaur|Sleep Powder|p1b: Incineroar
|-status|p1b: Incineroar|slp|[from] move: Sleep Powder
|move|p2b: Charizard|Heat Wave|p1b: Incineroar|[spread] p1a,p1b
|-supereffective|p1a: Victreebel|1
|-resisted|p1b: Incineroar|1
|-damage|p1a: Victreebel|0 fnt
|-damage|p1b: Incineroar|78/100 slp
|-damage|p2b: Charizard|0 fnt|[from] ability: Innards Out|[of] p1a: Victreebel
|faint|p1a: Victreebel
|faint|p2b: Charizard
|cant|p1b: Incineroar|slp
|
|-weather|SunnyDay|[upkeep]
|upkeep
|
|t:|1782653418
|switch|p2b: Kangaskhan|Kangaskhan, L50, F|48/100
|switch|p1a: Garchomp|Garchomp, L50, F|100/100
|turn|5
|
|t:|1782653439
|move|p1a: Garchomp|Protect|p1a: Garchomp
|-singleturn|p1a: Garchomp|Protect
|move|p2b: Kangaskhan|Fake Out|p1b: Incineroar
|-damage|p1b: Incineroar|54/100 slp
|move|p2a: Venusaur|Sleep Powder|p1a: Garchomp
|-activate|p1a: Garchomp|move: Protect
|cant|p1b: Incineroar|slp
|
|-weather|SunnyDay|[upkeep]
|upkeep
|turn|6
|
|t:|1782653459
|move|p2a: Venusaur|Sleep Powder|p1a: Garchomp|[miss]
|-miss|p2a: Venusaur|p1a: Garchomp
|move|p1a: Garchomp|Dragon Claw|p2b: Kangaskhan
|-damage|p2b: Kangaskhan|1/100
|move|p2b: Kangaskhan|Last Resort|p1b: Incineroar
|-damage|p1b: Incineroar|0 fnt
|faint|p1b: Incineroar
|
|-weather|SunnyDay|[upkeep]
|upkeep
|turn|7
|
|t:|1782653473
|move|p2a: Venusaur|Sleep Powder|p1a: Garchomp|[miss]
|-miss|p2a: Venusaur|p1a: Garchomp
|move|p1a: Garchomp|Dragon Claw|p2b: Kangaskhan
|-damage|p2b: Kangaskhan|0 fnt
|faint|p2b: Kangaskhan
|
|-weather|SunnyDay|[upkeep]
|upkeep
|turn|8
|
|t:|1782653485
|move|p1a: Garchomp|Protect|p1a: Garchomp
|-singleturn|p1a: Garchomp|Protect
|move|p2a: Venusaur|Energy Ball|p1a: Garchomp
|-activate|p1a: Garchomp|move: Protect
|
|-weather|none
|upkeep
|turn|9
|
|t:|1782653495
|move|p1a: Garchomp|Earthquake|p2a: Venusaur
|-damage|p2a: Venusaur|40/100
|move|p2a: Venusaur|Energy Ball|p1a: Garchomp
|-damage|p1a: Garchomp|41/100
|-enditem|p1a: Garchomp|Sitrus Berry|[eat]
|-heal|p1a: Garchomp|65/100|[from] item: Sitrus Berry
|-damage|p2a: Venusaur|31/100|[from] item: Life Orb
|
|upkeep
|turn|10
|
|t:|1782653506
|move|p1a: Garchomp|Earthquake|p2a: Venusaur
|-damage|p2a: Venusaur|0 fnt
|faint|p2a: Venusaur
|
|win|Vanidicuss
|l|☆Vanidicuss
|player|p1|
||Vanidicuss is ready for game 2.
|inactive|Alfaceb has 30 seconds to confirm battle start!
|inactive|Alfaceb has 20 seconds to confirm battle start!
