|j|☆VenuDaAscoInRain
|j|☆Invencible19
|html|VenuDaAscoInRainInvencible19    
|uhtml|bestof|Game 1 of a best-of-3
|t:|1783062882
|gametype|doubles
|player|p1|VenuDaAscoInRain|li|1095
|player|p2|Invencible19|dawn-gen4pt|1156
|gen|9
|tier|[Gen 9 Champions] VGC 2026 Reg M-B (Bo3)
|rated|
|rule|Species Clause: Limit one of each Pokémon
|rule|Item Clause: Limit 1 of each item
|clearpoke
|poke|p1|Pelipper, L50, M, shiny|
|poke|p1|Swampert, L50, M|
|poke|p1|Archaludon, L50, M, shiny|
|poke|p1|Grimmsnarl, L50, M, shiny|
|poke|p1|Venusaur, L50, M, shiny|
|poke|p1|Sneasler, L50, M, shiny|
|poke|p2|Gardevoir, L50, F, shiny|
|poke|p2|Talonflame, L50, M|
|poke|p2|Tyranitar, L50, F|
|poke|p2|Farigiraf, L50, M|
|poke|p2|Sinistcha, L50|
|poke|p2|Kingambit, L50, M|
|teampreview|4
|showteam|p1|Pelipper||FocusSash|Drizzle|WeatherBall,Hurricane,Tailwind,Protect|Modest||M|||50|]Swampert||Swampertite|Torrent|WaveCrash,IcePunch,HighHorsepower,Protect|Adamant||M|||50|]Archaludon||Leftovers|Stamina|ElectroShot,FlashCannon,DragonPulse,Protect|Modest||M|||50|]Grimmsnarl||RoseliBerry|Prankster|SpiritBreak,PartingShot,Reflect,LightScreen|Careful||M|||50|]Venusaur||Venusaurite|Chlorophyll|SludgeBomb,GigaDrain,EarthPower,SleepPowder|Modest||M|||50|]Sneasler||WhiteHerb|Unburden|DireClaw,CloseCombat,FakeOut,RockTomb|Jolly||M|||50|
|showteam|p2|Gardevoir||Gardevoirite|Trace|MysticalFire,HyperVoice,HyperBeam,Protect|Modest||F|||50|]Talonflame||LifeOrb|GaleWings|FlareBlitz,BraveBird,Tailwind,Taunt|Jolly||M|||50|]Tyranitar||Tyranitarite|SandStream|RockSlide,Crunch,LowKick,Protect|Adamant||F|||50|]Farigiraf||SitrusBerry|ArmorTail|Psychic,TrickRoom,HelpingHand,Roar|Modest||M|||50|]Sinistcha||ColburBerry|Hospitality|MatchaGotcha,StrengthSap,RagePowder,LifeDew|Bold|||||50|]Kingambit||BlackGlasses|Defiant|KowtowCleave,IronHead,SuckerPunch,Protect|Adamant||M|||50|
|inactive|Battle timer is ON: inactive players will automatically lose when time's up. (requested by Invencible19)
|inactive|VenuDaAscoInRain also wants the timer to be on.
|inactive|VenuDaAscoInRain has 60 seconds left.
|
|t:|1783062914
|teamsize|p1|4
|teamsize|p2|4
|start
|switch|p1a: Grimmsnarl|Grimmsnarl, L50, M, shiny|100/100
|switch|p1b: Archaludon|Archaludon, L50, M, shiny|100/100
|switch|p2a: Talonflame|Talonflame, L50, M|100/100
|switch|p2b: Gardevoir|Gardevoir, L50, F, shiny|100/100
|-ability|p2b: Gardevoir|Stamina|Trace|[from] ability: Trace|[of] p1b: Archaludon
|turn|1
|
|t:|1783062935
|detailschange|p2b: Gardevoir|Gardevoir-Mega, L50, F, shiny
|-mega|p2b: Gardevoir|Gardevoir|Gardevoirite
|move|p1b: Archaludon|Protect|p1b: Archaludon
|-singleturn|p1b: Archaludon|Protect
|move|p2a: Talonflame|Tailwind|p2a: Talonflame
|-sidestart|p2: Invencible19|move: Tailwind
|move|p1a: Grimmsnarl|Light Screen|p1a: Grimmsnarl
|-sidestart|p1: VenuDaAscoInRain|move: Light Screen
|move|p2b: Gardevoir|Hyper Voice|p1a: Grimmsnarl|[spread] p1a
|-activate|p1b: Archaludon|move: Protect
|-supereffective|p1a: Grimmsnarl|1
|-enditem|p1a: Grimmsnarl|Roseli Berry|[eat]
|-enditem|p1a: Grimmsnarl|Roseli Berry|[weaken]
|-damage|p1a: Grimmsnarl|69/100
|
|upkeep
|turn|2
|
|t:|1783062945
|move|p1a: Grimmsnarl|Parting Shot|p2a: Talonflame
|-unboost|p2a: Talonflame|atk|1
|-unboost|p2a: Talonflame|spa|1
|
|t:|1783062948
|switch|p1a: Pelipper|Pelipper, L50, M, shiny|100/100|[from] Parting Shot
|-weather|RainDance|[from] ability: Drizzle|[of] p1a: Pelipper
|move|p2a: Talonflame|Taunt|p1a: Pelipper
|-start|p1a: Pelipper|move: Taunt
|move|p2b: Gardevoir|Hyper Voice|p1b: Archaludon|[spread] p1a,p1b
|-damage|p1a: Pelipper|35/100
|-damage|p1b: Archaludon|63/100
|-ability|p1b: Archaludon|Stamina|boost
|-boost|p1b: Archaludon|def|1
|move|p1b: Archaludon|Electro Shot||[still]
|-prepare|p1b: Archaludon|Electro Shot
|-boost|p1b: Archaludon|spa|1
|-anim|p1b: Archaludon|Electro Shot|p2a: Talonflame
|-supereffective|p2a: Talonflame|1
|-damage|p2a: Talonflame|0 fnt
|faint|p2a: Talonflame
|
|-weather|RainDance|[upkeep]
|-heal|p1b: Archaludon|69/100|[from] item: Leftovers
|upkeep
|
|t:|1783062955
|switch|p2a: Farigiraf|Farigiraf, L50, M|100/100
|turn|3
|
|t:|1783062965
|switch|p1a: Grimmsnarl|Grimmsnarl, L50, M, shiny|69/100
|move|p2b: Gardevoir|Hyper Beam|p1b: Archaludon
|-damage|p1b: Archaludon|0 fnt
|-mustrecharge|p2b: Gardevoir
|faint|p1b: Archaludon
|move|p2a: Farigiraf|Psychic|p1a: Grimmsnarl
|-immune|p1a: Grimmsnarl
|
|-weather|RainDance|[upkeep]
|upkeep
|
|t:|1783062970
|switch|p1b: Swampert|Swampert, L50, M|100/100
|turn|4
|
|t:|1783062990
|detailschange|p1b: Swampert|Swampert-Mega, L50, M
|-mega|p1b: Swampert|Swampert|Swampertite
|move|p1b: Swampert|High Horsepower|p2b: Gardevoir
|-damage|p2b: Gardevoir|25/100
|cant|p2b: Gardevoir|recharge
|move|p1a: Grimmsnarl|Spirit Break|p2b: Gardevoir
|-damage|p2b: Gardevoir|0 fnt
|faint|p2b: Gardevoir
|move|p2a: Farigiraf|Trick Room|p2a: Farigiraf
|-fieldstart|move: Trick Room|[of] p2a: Farigiraf
|
|-weather|RainDance|[upkeep]
|-sideend|p2: Invencible19|move: Tailwind
|upkeep
|
|t:|1783062999
|switch|p2b: Sinistcha|Sinistcha, L50|100/100
|turn|5
|
|t:|1783063005
|move|p2a: Farigiraf|Helping Hand|p2b: Sinistcha
|-singleturn|p2b: Sinistcha|Helping Hand|[of] p2a: Farigiraf
|move|p1b: Swampert|Protect|p1b: Swampert
|-singleturn|p1b: Swampert|Protect
|move|p1a: Grimmsnarl|Spirit Break|p2b: Sinistcha
|-damage|p2b: Sinistcha|74/100
|-unboost|p2b: Sinistcha|spa|1
|move|p2b: Sinistcha|Matcha Gotcha|p1a: Grimmsnarl|[spread] p1a
|-activate|p1b: Swampert|move: Protect
|-damage|p1a: Grimmsnarl|54/100
|-heal|p2b: Sinistcha|82/100|[from] drain|[of] p1a: Grimmsnarl
|
|-weather|RainDance|[upkeep]
|-sideend|p1: VenuDaAscoInRain|move: Light Screen
|upkeep
|turn|6
|inactive|VenuDaAscoInRain has 30 seconds left.
|
|t:|1783063041
|move|p2a: Farigiraf|Helping Hand|p2b: Sinistcha
|-singleturn|p2b: Sinistcha|Helping Hand|[of] p2a: Farigiraf
|move|p1a: Grimmsnarl|Light Screen|p1a: Grimmsnarl
|-sidestart|p1: VenuDaAscoInRain|move: Light Screen
|move|p2b: Sinistcha|Matcha Gotcha|p1a: Grimmsnarl|[spread] p1a,p1b
|-supereffective|p1b: Swampert|2
|-damage|p1a: Grimmsnarl|40/100
|-heal|p2b: Sinistcha|91/100|[from] drain|[of] p1a: Grimmsnarl
|-damage|p1b: Swampert|35/100
|-heal|p2b: Sinistcha|100/100|[from] drain|[of] p1b: Swampert
|move|p1b: Swampert|Wave Crash|p2a: Farigiraf
|-damage|p2a: Farigiraf|0 fnt
|faint|p2a: Farigiraf
|-damage|p1b: Swampert|0 fnt|[from] Recoil
|faint|p1b: Swampert
|
|-weather|none
|upkeep
|
|t:|1783063047
|switch|p1b: Pelipper|Pelipper, L50, M, shiny|35/100
|-weather|RainDance|[from] ability: Drizzle|[of] p1b: Pelipper
|turn|7
|
|t:|1783063062
|move|p1a: Grimmsnarl|Spirit Break|p2b: Sinistcha
|-damage|p2b: Sinistcha|74/100
|-unboost|p2b: Sinistcha|spa|1
|move|p2b: Sinistcha|Matcha Gotcha|p1b: Pelipper|[spread] p1a,p1b
|-damage|p1a: Grimmsnarl|33/100
|-heal|p2b: Sinistcha|78/100|[from] drain|[of] p1a: Grimmsnarl
|-damage|p1b: Pelipper|21/100
|-heal|p2b: Sinistcha|84/100|[from] drain|[of] p1b: Pelipper
|-status|p1a: Grimmsnarl|brn
|move|p1b: Pelipper|Hurricane|p2b: Sinistcha
|-supereffective|p2b: Sinistcha|1
|-damage|p2b: Sinistcha|0 fnt
|faint|p2b: Sinistcha
|
|win|VenuDaAscoInRain
