|j|‽babysha
|j|☆5GiftedCanariSubs
|html|babysha5GiftedCanariSubs    
|uhtml|bestof|Game 2 of a best-of-3
|t:|1784304026
|gametype|doubles
|player|p1|babysha|1|1165
|player|p2|5GiftedCanariSubs|canari|1104
|gen|9
|tier|[Gen 9 Champions] VGC 2026 Reg M-B (Bo3)
|rated|
|rule|Species Clause: Limit one of each Pokémon
|rule|Item Clause: Limit 1 of each item
|clearpoke
|poke|p1|Tyranitar, L50, F|
|poke|p1|Archaludon, L50, M|
|poke|p1|Sinistcha, L50|
|poke|p1|Rotom-Wash, L50|
|poke|p1|Sneasler, L50, F|
|poke|p1|Pelipper, L50, F|
|poke|p2|Tyranitar, L50, F|
|poke|p2|Staraptor, L50, M|
|poke|p2|Excadrill, L50, M|
|poke|p2|Milotic, L50, F|
|poke|p2|Sinistcha, L50|
|poke|p2|Gholdengo, L50|
|teampreview|4
|showteam|p1|Tyranitar||Tyranitarite|SandStream|DragonDance,RockSlide,KnockOff,Protect|Jolly||F|||50|]Archaludon||ShucaBerry|Stamina|ElectroShot,FlashCannon,DragonPulse,Protect|Timid||M|||50|]Sinistcha||CobaBerry|Hospitality|RagePowder,MatchaGotcha,StrengthSap,TrickRoom|Relaxed|||||50|]Rotom-Wash||WideLens|Levitate|WillOWisp,Thunder,HydroPump,Protect|Modest|||||50|]Sneasler||WhiteHerb|Unburden|FakeOut,ThroatChop,DireClaw,CloseCombat|Adamant||F|||50|]Pelipper||FocusSash|Drizzle|Tailwind,Hurricane,WeatherBall,Protect|Modest||F|||50|
|showteam|p2|Tyranitar||Tyranitarite|SandStream|RockSlide,KnockOff,HighHorsepower,Protect|Jolly||F|||50|]Staraptor||Staraptite|Intimidate|BraveBird,CloseCombat,Tailwind,Protect|Jolly||M|||50|]Excadrill||FocusSash|SandRush|RockSlide,HighHorsepower,IronHead,Protect|Jolly||M|||50|]Milotic||SitrusBerry|Competitive|Scald,IcyWind,Haze,Protect|Calm||F|||50|]Sinistcha||KasibBerry|Hospitality|MatchaGotcha,RagePowder,ShadowBall,Protect|Bold|||||50|]Gholdengo||LifeOrb|GoodasGold|MakeItRain,ShadowBall,NastyPlot,Protect|Modest|||||50|
|inactive|Battle timer is ON: inactive players will automatically lose when time's up. (requested by babysha)
|inactive|5GiftedCanariSubs has 60 seconds left.
|
|t:|1784304077
|teamsize|p1|4
|teamsize|p2|4
|start
|switch|p1a: Sinistcha|Sinistcha, L50|100/100
|switch|p1b: Rotom|Rotom-Wash, L50|100/100
|switch|p2a: Gholdengo|Gholdengo, L50|100/100
|switch|p2b: Excadrill|Excadrill, L50, M|100/100
|turn|1
|inactive|babysha has 30 seconds left.
|
|t:|1784304108
|move|p2b: Excadrill|Rock Slide|p1a: Sinistcha|[spread] p1a,p1b
|-damage|p1a: Sinistcha|85/100
|-damage|p1b: Rotom|78/100
|move|p2a: Gholdengo|Shadow Ball|p1a: Sinistcha
|-supereffective|p1a: Sinistcha|1
|-damage|p1a: Sinistcha|0 fnt
|faint|p1a: Sinistcha
|-damage|p2a: Gholdengo|90/100|[from] item: Life Orb
|move|p1b: Rotom|Hydro Pump|p2a: Gholdengo
|-damage|p2a: Gholdengo|43/100
|
|upkeep
|
|t:|1784304117
|switch|p1a: Sneasler|Sneasler, L50, F|100/100
|turn|2
|
|t:|1784304131
|move|p2b: Excadrill|Protect|p2b: Excadrill
|-singleturn|p2b: Excadrill|Protect
|move|p2a: Gholdengo|Protect|p2a: Gholdengo
|-singleturn|p2a: Gholdengo|Protect
|move|p1a: Sneasler|Fake Out|p2b: Excadrill
|-activate|p2b: Excadrill|move: Protect
|move|p1b: Rotom|Hydro Pump|p2a: Gholdengo
|-activate|p2a: Gholdengo|move: Protect
|
|upkeep
|turn|3
|
|t:|1784304144
|switch|p1a: Pelipper|Pelipper, L50, F|100/100
|-weather|RainDance|[from] ability: Drizzle|[of] p1a: Pelipper
|switch|p2b: Sinistcha|Sinistcha, L50|100/100
|-heal|p2a: Gholdengo|68/100|[from] ability: Hospitality|[of] p2b: Sinistcha
|move|p2a: Gholdengo|Shadow Ball|p1b: Rotom
|-damage|p1b: Rotom|18/100
|-damage|p2a: Gholdengo|59/100|[from] item: Life Orb
|move|p1b: Rotom|Hydro Pump|p2b: Sinistcha
|-resisted|p2b: Sinistcha|1
|-damage|p2b: Sinistcha|57/100
|
|-weather|RainDance|[upkeep]
|upkeep
|turn|4
|inactive|5GiftedCanariSubs has 30 seconds left.
|
|t:|1784304172
|move|p2a: Gholdengo|Protect|p2a: Gholdengo
|-singleturn|p2a: Gholdengo|Protect
|move|p1b: Rotom|Protect|p1b: Rotom
|-singleturn|p1b: Rotom|Protect
|move|p1a: Pelipper|Tailwind|p1a: Pelipper
|-sidestart|p1: babysha|move: Tailwind
|move|p2b: Sinistcha|Matcha Gotcha|p1b: Rotom|[spread] p1a
|-activate|p1b: Rotom|move: Protect
|-damage|p1a: Pelipper|58/100
|-heal|p2b: Sinistcha|74/100|[from] drain|[of] p1a: Pelipper
|
|-weather|RainDance|[upkeep]
|upkeep
|turn|5
|
|t:|1784304194
|switch|p2b: Tyranitar|Tyranitar, L50, F|100/100
|-weather|Sandstorm|[from] ability: Sand Stream|[of] p2b: Tyranitar
|move|p1a: Pelipper|Hurricane|p2b: Tyranitar
|-resisted|p2b: Tyranitar|1
|-damage|p2b: Tyranitar|85/100
|-start|p2b: Tyranitar|confusion
|move|p1b: Rotom|Hydro Pump|p2a: Gholdengo
|-damage|p2a: Gholdengo|11/100
|move|p2a: Gholdengo|Shadow Ball|p1a: Pelipper
|-damage|p1a: Pelipper|0 fnt
|faint|p1a: Pelipper
|-damage|p2a: Gholdengo|1/100|[from] item: Life Orb
|
|-weather|Sandstorm|[upkeep]
|-damage|p1b: Rotom|12/100|[from] Sandstorm
|upkeep
|
|t:|1784304207
|switch|p1a: Sneasler|Sneasler, L50, F|100/100
|turn|6
|inactive|5GiftedCanariSubs has 30 seconds left.
|
|t:|1784304235
|move|p2a: Gholdengo|Protect|p2a: Gholdengo
|-singleturn|p2a: Gholdengo|Protect
|move|p1a: Sneasler|Throat Chop|p2a: Gholdengo
|-activate|p2a: Gholdengo|move: Protect
|move|p1b: Rotom|Hydro Pump|p2b: Tyranitar
|-supereffective|p2b: Tyranitar|1
|-damage|p2b: Tyranitar|12/100
|-activate|p2b: Tyranitar|confusion
|-damage|p2b: Tyranitar|1/100|[from] confusion
|
|-weather|Sandstorm|[upkeep]
|-damage|p1a: Sneasler|94/100|[from] Sandstorm
|-damage|p1b: Rotom|6/100|[from] Sandstorm
|upkeep
|turn|7
|inactive|5GiftedCanariSubs has 30 seconds left.
|
|t:|1784304268
|switch|p2b: Sinistcha|Sinistcha, L50|74/100
|-heal|p2a: Gholdengo|26/100|[from] ability: Hospitality|[of] p2b: Sinistcha
|switch|p2a: Excadrill|Excadrill, L50, M|100/100
|move|p1a: Sneasler|Throat Chop|p2a: Excadrill
|-damage|p2a: Excadrill|58/100
|-start|p2a: Excadrill|Throat Chop|[silent]
|move|p1b: Rotom|Hydro Pump|p2b: Sinistcha|[miss]
|-miss|p1b: Rotom|p2b: Sinistcha
|
|-weather|Sandstorm|[upkeep]
|-damage|p1a: Sneasler|88/100|[from] Sandstorm
|-damage|p1b: Rotom|0 fnt|[from] Sandstorm
|-damage|p2b: Sinistcha|68/100|[from] Sandstorm
|faint|p1b: Rotom
|-sideend|p1: babysha|move: Tailwind
|upkeep
|turn|8
|-message|babysha forfeited.
|raw|babysha's rating: 1165 → 1136(-29 for losing)
|raw|5GiftedCanariSubs's rating: 1104 → 1133(+29 for winning)
|
|win|5GiftedCanariSubs
