|j|☆SongokuVG Fr
|j|☆sedrav
|html|SongokuVG Frsedrav    
|uhtml|bestof|Game 3 of a best-of-3
|t:|1755210453
|gametype|doubles
|player|p1|SongokuVG Fr|lucian|1228
|player|p2|sedrav|hilbert|1265
|gen|9
|tier|[Gen 9] VGC 2025 Reg H (Bo3)
|rated|
|rule|Species Clause: Limit one of each Pokémon
|rule|Item Clause: Limit 1 of each item
|clearpoke
|poke|p1|Ursaluna, L50, F|
|poke|p1|Tauros-Paldea-Aqua, L50, M|
|poke|p1|Vivillon, L50, F|
|poke|p1|Gholdengo, L50|
|poke|p1|Incineroar, L50, M|
|poke|p1|Porygon2, L50|
|poke|p2|Dragonite, L50, M|
|poke|p2|Ursaluna-Bloodmoon, L50, M|
|poke|p2|Sneasler, L50, F|
|poke|p2|Incineroar, L50, M|
|poke|p2|Amoonguss, L50, F|
|poke|p2|Gholdengo, L50|
|teampreview|4
|showteam|p1|Ursaluna||FlameOrb|Guts|Earthquake,Facade,HeadlongRush,Protect|||F|||50|,,,,,Ghost]Tauros-Paldea-Aqua||MirrorHerb|Intimidate|CloseCombat,WaveCrash,Protect,AquaJet|||M|||50|,,,,,Water]Vivillon||FocusSash|CompoundEyes|Tailwind,Hurricane,Protect,SleepPowder|||F|||50|,,,,,Ghost]Gholdengo||MetalCoat|GoodasGold|MakeItRain,ShadowBall,NastyPlot,Protect||||||50|,,,,,Dragon]Incineroar||SafetyGoggles|Intimidate|FakeOut,FlareBlitz,KnockOff,PartingShot|||M|||50|,,,,,Ghost]Porygon2||Eviolite|Download|TeraBlast,TrickRoom,Recover,IceBeam||||||50|,,,,,Flying
|showteam|p2|Dragonite||LoadedDice|Multiscale|ScaleShot,Tailwind,Haze,Protect|||M|||50|,,,,,Fairy]Ursaluna-Bloodmoon||AssaultVest|MindsEye|BloodMoon,HyperVoice,EarthPower,VacuumWave|||M|||50|,,,,,Water]Sneasler||FocusSash|Unburden|ThroatChop,DireClaw,CloseCombat,Protect|||F|||50|,,,,,Stellar]Incineroar||SafetyGoggles|Intimidate|FakeOut,FlareBlitz,KnockOff,PartingShot|||M|||50|,,,,,Ghost]Amoonguss||SitrusBerry|Regenerator|Spore,RagePowder,PollenPuff,Protect|||F|||50|,,,,,Water]Gholdengo||LifeOrb|GoodasGold|MakeItRain,ShadowBall,NastyPlot,Protect||||||50|,,,,,Water
|inactive|Battle timer is ON: inactive players will automatically lose when time's up. (requested by sedrav)
|j| teamthief420
|inactive|sedrav has 60 seconds left.
|
|t:|1755210508
|teamsize|p1|4
|teamsize|p2|4
|start
|switch|p1a: Gholdengo|Gholdengo, L50|100/100
|switch|p1b: Incineroar|Incineroar, L50, M|100/100
|switch|p2a: Sneasler|Sneasler, L50, F|100/100
|switch|p2b: Incineroar|Incineroar, L50, M|100/100
|-ability|p1b: Incineroar|Intimidate|boost
|-unboost|p2a: Sneasler|atk|1
|-unboost|p2b: Incineroar|atk|1
|-ability|p2b: Incineroar|Intimidate|boost
|-unboost|p1a: Gholdengo|atk|1
|-unboost|p1b: Incineroar|atk|1
|turn|1
|inactive|sedrav has 30 seconds left.
|inactive|sedrav has 20 seconds left.
|
|t:|1755210543
|switch|p2a: Ursaluna|Ursaluna-Bloodmoon, L50, M|100/100
|move|p1b: Incineroar|Fake Out|p2b: Incineroar
|-damage|p2b: Incineroar|94/100
|cant|p2b: Incineroar|flinch
|move|p1a: Gholdengo|Nasty Plot|p1a: Gholdengo
|-boost|p1a: Gholdengo|spa|2
|
|upkeep
|turn|2
|
|t:|1755210563
|-terastallize|p2a: Ursaluna|Water
|-terastallize|p1b: Incineroar|Ghost
|move|p1a: Gholdengo|Protect|p1a: Gholdengo
|-singleturn|p1a: Gholdengo|Protect
|move|p2a: Ursaluna|Blood Moon|p1a: Gholdengo
|-activate|p1a: Gholdengo|move: Protect
|move|p1b: Incineroar|Parting Shot|p2a: Ursaluna
|-unboost|p2a: Ursaluna|atk|1
|-unboost|p2a: Ursaluna|spa|1
|
|t:|1755210577
|switch|p1b: Vivillon|Vivillon, L50, F|100/100|[from] Parting Shot
|move|p2b: Incineroar|Parting Shot|p1b: Vivillon
|-unboost|p1b: Vivillon|atk|1
|-unboost|p1b: Vivillon|spa|1
|
|t:|1755210589
|switch|p2b: Sneasler|Sneasler, L50, F|100/100|[from] Parting Shot
|
|upkeep
|turn|3
|inactive|sedrav has 30 seconds left.
|inactive|sedrav has 20 seconds left.
|
|t:|1755210629
|move|p2b: Sneasler|Protect|p2b: Sneasler
|-singleturn|p2b: Sneasler|Protect
|move|p1b: Vivillon|Tailwind|p1b: Vivillon
|-sidestart|p1: SongokuVG Fr|move: Tailwind
|move|p1a: Gholdengo|Make It Rain|p2b: Sneasler|[spread] p2a
|-activate|p2b: Sneasler|move: Protect
|-resisted|p2a: Ursaluna
|-damage|p2a: Ursaluna|55/100
|-unboost|p1a: Gholdengo|spa|1
|move|p2a: Ursaluna|Earth Power|p1a: Gholdengo
|-supereffective|p1a: Gholdengo
|-damage|p1a: Gholdengo|12/100
|-unboost|p1a: Gholdengo|spd|1
|
|upkeep
|turn|4
|inactive|sedrav has 30 seconds left.
|inactive|sedrav has 20 seconds left.
|
|t:|1755210669
|switch|p2a: Incineroar|Incineroar, L50, M|94/100
|-ability|p2a: Incineroar|Intimidate|boost
|-unboost|p1a: Gholdengo|atk|1
|-unboost|p1b: Vivillon|atk|1
|move|p1b: Vivillon|Sleep Powder|p2b: Sneasler
|-status|p2b: Sneasler|slp|[from] move: Sleep Powder
|move|p1a: Gholdengo|Shadow Ball|p2a: Incineroar
|-resisted|p2a: Incineroar
|-crit|p2a: Incineroar
|-damage|p2a: Incineroar|62/100
|cant|p2b: Sneasler|slp
|
|upkeep
|turn|5
|inactive|sedrav has 30 seconds left.
|
|t:|1755210695
|switch|p1b: Incineroar|Incineroar, L50, M, tera:Ghost|100/100
|-ability|p1b: Incineroar|Intimidate|boost
|-unboost|p2a: Incineroar|atk|1
|-unboost|p2b: Sneasler|atk|1
|move|p2a: Incineroar|Fake Out|p1b: Incineroar
|-immune|p1b: Incineroar
|move|p1a: Gholdengo|Make It Rain|p2a: Incineroar|[spread] p2a,p2b
|-resisted|p2a: Incineroar
|-damage|p2a: Incineroar|31/100
|-enditem|p2b: Sneasler|Focus Sash
|-damage|p2b: Sneasler|1/100 slp
|-unboost|p1a: Gholdengo|spa|1
|-curestatus|p2b: Sneasler|slp|[msg]
|move|p2b: Sneasler|Throat Chop|p1a: Gholdengo
|-supereffective|p1a: Gholdengo
|-damage|p1a: Gholdengo|0 fnt
|faint|p1a: Gholdengo
|
|upkeep
|
|t:|1755210718
|switch|p1a: Vivillon|Vivillon, L50, F|100/100
|turn|6
|
|t:|1755210741
|switch|p2a: Dragonite|Dragonite, L50, M|100/100
|move|p2b: Sneasler|Protect|p2b: Sneasler
|-singleturn|p2b: Sneasler|Protect
|move|p1a: Vivillon|Hurricane|p2a: Dragonite
|-damage|p2a: Dragonite|78/100
|move|p1b: Incineroar|Knock Off|p2b: Sneasler
|-activate|p2b: Sneasler|move: Protect
|
|-sideend|p1: SongokuVG Fr|move: Tailwind
|upkeep
|turn|7
|inactive|sedrav has 30 seconds left.
|inactive|sedrav has 20 seconds left.
|
|t:|1755210777
|move|p2a: Dragonite|Protect|p2a: Dragonite
|-singleturn|p2a: Dragonite|Protect
|move|p2b: Sneasler|Throat Chop|p1b: Incineroar
|-supereffective|p1b: Incineroar
|-damage|p1b: Incineroar|72/100
|-start|p1b: Incineroar|Throat Chop|[silent]
|move|p1a: Vivillon|Tailwind|p1a: Vivillon
|-sidestart|p1: SongokuVG Fr|move: Tailwind
|move|p1b: Incineroar|Knock Off|p2a: Dragonite
|-activate|p2a: Dragonite|move: Protect
|
|upkeep
|turn|8
|
|t:|1755210796
|switch|p2a: Incineroar|Incineroar, L50, M|31/100
|-ability|p2a: Incineroar|Intimidate|boost
|-unboost|p1a: Vivillon|atk|1
|-unboost|p1b: Incineroar|atk|1
|move|p2b: Sneasler|Dire Claw|p1a: Vivillon
|-damage|p1a: Vivillon|44/100
|-status|p1a: Vivillon|slp
|cant|p1a: Vivillon|slp
|move|p1b: Incineroar|Knock Off|p2a: Incineroar
|-resisted|p2a: Incineroar
|-damage|p2a: Incineroar|18/100
|-enditem|p2a: Incineroar|Safety Goggles|[from] move: Knock Off|[of] p1b: Incineroar
|
|-end|p1b: Incineroar|Throat Chop|[silent]
|upkeep
|turn|9
|inactive|sedrav has 30 seconds left.
|inactive|sedrav has 20 seconds left.
|inactive|sedrav has 15 seconds left.
|inactive|sedrav has 10 seconds left.
|
|t:|1755210841
|move|p2b: Sneasler|Dire Claw|p1a: Vivillon
|-damage|p1a: Vivillon|0 fnt
|faint|p1a: Vivillon
|move|p1b: Incineroar|Knock Off|p2b: Sneasler
|-resisted|p2b: Sneasler
|-damage|p2b: Sneasler|0 fnt
|faint|p2b: Sneasler
|move|p2a: Incineroar|Knock Off|p1b: Incineroar
|-supereffective|p1b: Incineroar
|-damage|p1b: Incineroar|14/100
|-enditem|p1b: Incineroar|Safety Goggles|[from] move: Knock Off|[of] p2a: Incineroar
|
|upkeep
|
|t:|1755210852
|switch|p2b: Dragonite|Dragonite, L50, M|78/100
|switch|p1a: Ursaluna|Ursaluna, L50, F|100/100
|turn|10
|inactive|sedrav has 30 seconds left.
|
|t:|1755210880
|move|p2b: Dragonite|Protect|p2b: Dragonite
|-singleturn|p2b: Dragonite|Protect
|move|p1a: Ursaluna|Facade|p2a: Incineroar
|-damage|p2a: Incineroar|0 fnt
|faint|p2a: Incineroar
|move|p1b: Incineroar|Knock Off|p2b: Dragonite
|-activate|p2b: Dragonite|move: Protect
|
|-sideend|p1: SongokuVG Fr|move: Tailwind
|-status|p1a: Ursaluna|brn|[from] item: Flame Orb
|upkeep
|
|t:|1755210890
|switch|p2a: Ursaluna|Ursaluna-Bloodmoon, L50, M, tera:Water|55/100
|turn|11
|
|t:|1755210905
|move|p2b: Dragonite|Scale Shot|p1a: Ursaluna
|-damage|p1a: Ursaluna|90/100 brn
|-damage|p1a: Ursaluna|78/100 brn
|-damage|p1a: Ursaluna|66/100 brn
|-damage|p1a: Ursaluna|54/100 brn
|-damage|p1a: Ursaluna|44/100 brn
|-hitcount|p1a: Ursaluna|5
|-unboost|p2b: Dragonite|def|1
|-boost|p2b: Dragonite|spe|1
|move|p2a: Ursaluna|Hyper Voice|p1b: Incineroar|[spread] p1a,p1b
|-damage|p1a: Ursaluna|4/100 brn
|-damage|p1b: Incineroar|0 fnt
|faint|p1b: Incineroar
|move|p1a: Ursaluna|Facade|p2a: Ursaluna
|-damage|p2a: Ursaluna|0 fnt
|faint|p2a: Ursaluna
|
|-damage|p1a: Ursaluna|0 fnt|[from] brn
|faint|p1a: Ursaluna
|
|win|sedrav
|raw|SongokuVG Fr's rating: 1228 → 1206(-22 for losing)
|raw|sedrav's rating: 1265 → 1287(+22 for winning)
|c|☆SongokuVG Fr|You stole thé game with the sleep
|c|☆sedrav|I know bro
|c|☆sedrav|sorry about that
|l|☆SongokuVG Fr
|player|p1|
|c|☆sedrav|been there
