|j|☆delphigni
|j|☆TheLackluster7
|html|delphigniTheLackluster7    
|uhtml|bestof|Game 2 of a best-of-3
|t:|1757916826
|gametype|doubles
|player|p1|delphigni|2|1212
|player|p2|TheLackluster7|juggler|1193
|gen|9
|tier|[Gen 9] VGC 2025 Reg H (Bo3)
|rated|
|rule|Species Clause: Limit one of each Pokémon
|rule|Item Clause: Limit 1 of each item
|clearpoke
|poke|p1|Kommo-o, L50, M|
|poke|p1|Primarina, L50, M|
|poke|p1|Sneasler, L50, M|
|poke|p1|Electabuzz, L50, M|
|poke|p1|Rillaboom, L50, M|
|poke|p1|Talonflame, L50, M|
|poke|p2|Indeedee-F, L50, F|
|poke|p2|Primarina, L50, F|
|poke|p2|Ursaluna, L50, F|
|poke|p2|Zoroark-Hisui, L50, F|
|poke|p2|Incineroar, L50, F|
|poke|p2|Whimsicott, L50, M|
|teampreview|4
|showteam|p1|Kommo-o||ThroatSpray|Soundproof|ClangingScales,Flamethrower,ClangorousSoul,Protect|||M|||50|,,,,,Fire]Primarina||LifeOrb|LiquidVoice|HyperVoice,Moonblast,Haze,Protect|||M|||50|,,,,,Poison]Sneasler||FocusSash|Unburden|CloseCombat,DireClaw,ThroatChop,Protect|||M|||50|,,,,,Dark]Electabuzz||Eviolite|VitalSpirit|FollowMe,Electroweb,Taunt,Protect|||M|||50|,,,,,Ghost]Rillaboom||AssaultVest|GrassySurge|GrassyGlide,WoodHammer,FakeOut,HighHorsepower|||M|||50|,,,,,Fire]Talonflame||SharpBeak|GaleWings|BraveBird,WillOWisp,Tailwind,Protect|||M|||50|,,,,,Ghost
|showteam|p2|Indeedee-F||SafetyGoggles|PsychicSurge|HelpingHand,Psychic,FollowMe,TrickRoom|||F|||50|,,,,,Steel]Primarina||AssaultVest|LiquidVoice|HyperVoice,Moonblast,TeraBlast,IcyWind|||F|||50|,,,,,Flying]Ursaluna||FlameOrb|Guts|Protect,Earthquake,HeadlongRush,Facade|||F|||50|,,,,,Ghost]Zoroark-Hisui||FocusSash|Illusion|ShadowBall,HyperVoice,NastyPlot,Protect|||F|||50|,,,,,Stellar]Incineroar||SitrusBerry|Intimidate|FakeOut,PartingShot,KnockOff,FlareBlitz|||F|||50|,,,,,Grass]Whimsicott||CovertCloak|Prankster|Tailwind,LightScreen,Taunt,Moonblast|||M|||50|,,,,,Grass
|inactive|Battle timer is ON: inactive players will automatically lose when time's up. (requested by delphigni)
|inactive|delphigni has 60 seconds left.
|inactive|TheLackluster7 has 60 seconds left.
|
|t:|1757916860
|teamsize|p1|4
|teamsize|p2|4
|start
|switch|p1a: Calamity|Sneasler, L50, M, shiny|100/100
|switch|p1b: Rilleboom|Rillaboom, L50, M, shiny|100/100
|switch|p2a: Whimsicott|Whimsicott, L50, M|100/100
|switch|p2b: Incineroar|Incineroar, L50, F|100/100
|-fieldstart|move: Grassy Terrain|[from] ability: Grassy Surge|[of] p1b: Rilleboom
|-ability|p2b: Incineroar|Intimidate|boost
|-unboost|p1a: Calamity|atk|1
|-unboost|p1b: Rilleboom|atk|1
|turn|1
|inactive|TheLackluster7 has 30 seconds left.
|
|t:|1757916889
|move|p1b: Rilleboom|Fake Out|p2b: Incineroar
|-damage|p2b: Incineroar|93/100
|cant|p2b: Incineroar|flinch
|move|p2a: Whimsicott|Taunt|p1a: Calamity
|-start|p1a: Calamity|move: Taunt
|move|p1a: Calamity|Dire Claw|p2a: Whimsicott
|-supereffective|p2a: Whimsicott
|-damage|p2a: Whimsicott|0 fnt
|faint|p2a: Whimsicott
|
|-heal|p2b: Incineroar|99/100|[from] Grassy Terrain
|upkeep
|
|t:|1757916903
|switch|p2a: Primarina|Primarina, L50, F|100/100
|turn|2
|
|t:|1757916916
|switch|p1a: Primlance|Primarina, L50, M, shiny|100/100
|-terastallize|p2a: Primarina|Flying
|move|p1b: Rilleboom|Wood Hammer|p2a: Primarina
|-resisted|p2a: Primarina
|-damage|p2a: Primarina|68/100
|-damage|p1b: Rilleboom|91/100|[from] Recoil
|move|p2a: Primarina|Tera Blast|p1b: Rilleboom|[anim] Tera Blast Flying
|-supereffective|p1b: Rilleboom
|-damage|p1b: Rilleboom|22/100
|move|p2b: Incineroar|Knock Off|p1a: Primlance
|-resisted|p1a: Primlance
|-damage|p1a: Primlance|72/100
|-enditem|p1a: Primlance|Life Orb|[from] move: Knock Off|[of] p2b: Incineroar
|
|-heal|p1b: Rilleboom|28/100|[from] Grassy Terrain
|-heal|p1a: Primlance|77/100|[from] Grassy Terrain
|-heal|p2b: Incineroar|100/100|[from] Grassy Terrain
|upkeep
|turn|3
|
|t:|1757916939
|move|p1b: Rilleboom|Wood Hammer|p2a: Primarina
|-resisted|p2a: Primarina
|-damage|p2a: Primarina|34/100
|-damage|p1b: Rilleboom|18/100|[from] Recoil
|move|p1a: Primlance|Hyper Voice|p2a: Primarina|[spread] p2a,p2b
|-supereffective|p2b: Incineroar
|-damage|p2a: Primarina|15/100
|-damage|p2b: Incineroar|31/100
|-enditem|p2b: Incineroar|Sitrus Berry|[eat]
|-heal|p2b: Incineroar|56/100|[from] item: Sitrus Berry
|move|p2a: Primarina|Icy Wind|p1a: Primlance|[spread] p1a
|-miss|p2a: Primarina|p1b: Rilleboom
|-resisted|p1a: Primlance
|-damage|p1a: Primlance|71/100
|-unboost|p1a: Primlance|spe|1
|move|p2b: Incineroar|Parting Shot|p1a: Primlance
|-unboost|p1a: Primlance|atk|1
|-unboost|p1a: Primlance|spa|1
|
|t:|1757916955
|switch|p2b: Ursaluna|Ursaluna, L50, F|100/100|[from] Parting Shot
|
|-heal|p1b: Rilleboom|24/100|[from] Grassy Terrain
|-heal|p1a: Primlance|77/100|[from] Grassy Terrain
|-status|p2b: Ursaluna|brn|[from] item: Flame Orb
|upkeep
|turn|4
|
|t:|1757916964
|switch|p2b: Incineroar|Incineroar, L50, F|56/100
|-ability|p2b: Incineroar|Intimidate|boost
|-unboost|p1a: Primlance|atk|1
|-unboost|p1b: Rilleboom|atk|1
|move|p1b: Rilleboom|Wood Hammer|p2b: Incineroar
|-resisted|p2b: Incineroar
|-damage|p2b: Incineroar|40/100
|-damage|p1b: Rilleboom|19/100|[from] Recoil
|move|p2a: Primarina|Tera Blast|p1b: Rilleboom|[anim] Tera Blast Flying
|-supereffective|p1b: Rilleboom
|-damage|p1b: Rilleboom|0 fnt
|faint|p1b: Rilleboom
|move|p1a: Primlance|Hyper Voice|p2a: Primarina|[spread] p2a,p2b
|-crit|p2a: Primarina
|-supereffective|p2b: Incineroar
|-damage|p2a: Primarina|0 fnt
|-damage|p2b: Incineroar|0 fnt
|faint|p2a: Primarina
|faint|p2b: Incineroar
|
|-heal|p1a: Primlance|83/100|[from] Grassy Terrain
|upkeep
|
|t:|1757916977
|switch|p1b: Calamity|Sneasler, L50, M, shiny|100/100
|switch|p2b: Ursaluna|Ursaluna, L50, F|100/100 brn
|turn|5
|-message|TheLackluster7 forfeited.
|
|win|delphigni
|raw|delphigni's rating: 1212 → 1236(+24 for winning)
|raw|TheLackluster7's rating: 1193 → 1169(-24 for losing)
|l|☆delphigni
|player|p1|
|l|☆TheLackluster7
|player|p2|
