|j|☆lerry27
|j|☆CarlettoJack
|html|lerry27CarlettoJack    
|uhtml|bestof|Game 2 of a best-of-3
|t:|1784286689
|gametype|doubles
|player|p1|lerry27|brycen|
|player|p2|CarlettoJack|hiker-gen4|
|gen|9
|tier|[Gen 9 Champions] VGC 2026 Reg M-B (Bo3)
|rule|Species Clause: Limit one of each Pokémon
|rule|Item Clause: Limit 1 of each item
|clearpoke
|poke|p1|Floette-Eternal, L50, F|
|poke|p1|Maushold-Four, L50|
|poke|p1|Gengar, L50, M, shiny|
|poke|p1|Incineroar, L50, M, shiny|
|poke|p1|Politoed, L50, M|
|poke|p1|Grimmsnarl, L50, M|
|poke|p2|Archaludon, L50, M|
|poke|p2|Pelipper, L50, M|
|poke|p2|Swampert, L50, F|
|poke|p2|Sableye, L50, F|
|poke|p2|Venusaur, L50, F|
|poke|p2|Maushold-Four, L50|
|teampreview|4
|showteam|p1|Floette-Eternal||Floettite|FlowerVeil|CalmMind,DazzlingGleam,DrainingKiss,Protect|Timid||F|||50|]Maushold-Four||ChopleBerry|FriendGuard|Uturn,HelpingHand,FollowMe,Protect|Impish|||||50|]Gengar||Gengarite|CursedBody|ShadowBall,PerishSong,Disable,Protect|Bold||M|||50|]Incineroar||PasshoBerry|Intimidate|FakeOut,ThroatChop,PartingShot,Protect|Careful||M|||50|]Politoed||SitrusBerry|Drizzle|WeatherBall,Encore,PerishSong,Protect|Calm||M|||50|]Grimmsnarl||LightClay|Prankster|FakeOut,PartingShot,LightScreen,Reflect|Careful||M|||50|
|showteam|p2|Archaludon||Leftovers|Stamina|FlashCannon,DragonPulse,ElectroShot,Protect|Modest||M|||50|]Pelipper||SitrusBerry|Drizzle|WeatherBall,Hurricane,Tailwind,WideGuard|Bold||M|||50|]Swampert||Swampertite|Torrent|Protect,WaveCrash,IcePunch,Earthquake|Adamant||F|||50|]Sableye||RoseliBerry|Prankster|RainDance,WillOWisp,LightScreen,Encore|Relaxed||F|||50|]Venusaur||Venusaurite|Overgrow|SludgeBomb,GigaDrain,EarthPower,Protect|Modest||F|||50|]Maushold-Four||ChopleBerry|FriendGuard|FollowMe,HelpingHand,Taunt,SuperFang|Impish|||||50|
|
|t:|1784286753
|teamsize|p1|4
|teamsize|p2|4
|start
|switch|p1a: Grimmsnarl|Grimmsnarl, L50, M|100/100
|switch|p1b: Gengar|Gengar, L50, M, shiny|100/100
|switch|p2a: Venusaur|Venusaur, L50, F|100/100
|switch|p2b: Sableye|Sableye, L50, F|100/100
|turn|1
|
|t:|1784286773
|detailschange|p1b: Gengar|Gengar-Mega, L50, M, shiny
|-mega|p1b: Gengar|Gengar|Gengarite
|detailschange|p2a: Venusaur|Venusaur-Mega, L50, F
|-mega|p2a: Venusaur|Venusaur|Venusaurite
|move|p1a: Grimmsnarl|Fake Out|p2a: Venusaur
|-damage|p2a: Venusaur|91/100
|move|p2b: Sableye|Light Screen|p2b: Sableye
|-sidestart|p2: CarlettoJack|move: Light Screen
|move|p1b: Gengar|Shadow Ball|p2b: Sableye
|-damage|p2b: Sableye|64/100
|-unboost|p2b: Sableye|spd|1
|cant|p2a: Venusaur|flinch
|
|upkeep
|turn|2
|
|t:|1784286803
|move|p1b: Gengar|Protect|p1b: Gengar
|-singleturn|p1b: Gengar|Protect
|move|p1a: Grimmsnarl|Light Screen|p1a: Grimmsnarl
|-sidestart|p1: lerry27|move: Light Screen
|move|p2b: Sableye|Encore|p1b: Gengar
|-activate|p1b: Gengar|move: Protect
|move|p2a: Venusaur|Sludge Bomb|p1a: Grimmsnarl
|-supereffective|p1a: Grimmsnarl|1
|-damage|p1a: Grimmsnarl|41/100
|
|upkeep
|turn|3
|
|t:|1784286818
|switch|p1b: Incineroar|Incineroar, L50, M, shiny|100/100
|-ability|p1b: Incineroar|Intimidate|boost
|-unboost|p2a: Venusaur|atk|1
|-unboost|p2b: Sableye|atk|1
|move|p1a: Grimmsnarl|Parting Shot|p2a: Venusaur
|-unboost|p2a: Venusaur|atk|1
|-unboost|p2a: Venusaur|spa|1
|
|t:|1784286825
|switch|p1a: Gengar|Gengar-Mega, L50, M, shiny|100/100|[from] Parting Shot
|move|p2b: Sableye|Encore|p1b: Incineroar
|-hint|Since gen 7, Dark is immune to Prankster moves.
|-immune|p1b: Incineroar
|move|p2a: Venusaur|Sludge Bomb|p1a: Gengar
|-resisted|p1a: Gengar|2
|-damage|p1a: Gengar|94/100
|
|upkeep
|turn|4
|
|t:|1784286846
|move|p2a: Venusaur|Protect|p2a: Venusaur
|-singleturn|p2a: Venusaur|Protect
|move|p1b: Incineroar|Fake Out|p2a: Venusaur
|-activate|p2a: Venusaur|move: Protect
|move|p2b: Sableye|Will-O-Wisp|p1a: Gengar|[miss]
|-miss|p2b: Sableye|p1a: Gengar
|move|p1a: Gengar|Shadow Ball|p2b: Sableye
|-crit|p2b: Sableye
|-damage|p2b: Sableye|0 fnt
|faint|p2b: Sableye
|
|upkeep
|
|t:|1784286867
|switch|p2b: Pelipper|Pelipper, L50, M|100/100
|-weather|RainDance|[from] ability: Drizzle|[of] p2b: Pelipper
|turn|5
|
|t:|1784286881
|switch|p1b: Maushold|Maushold-Four, L50|100/100
|move|p1a: Gengar|Perish Song|p1a: Gengar
|-start|p1a: Gengar|perish3|[silent]
|-start|p1b: Maushold|perish3|[silent]
|-start|p2a: Venusaur|perish3|[silent]
|-start|p2b: Pelipper|perish3|[silent]
|-fieldactivate|move: Perish Song
|move|p2a: Venusaur|Earth Power|p1a: Gengar
|-supereffective|p1a: Gengar|1
|-damage|p1a: Gengar|72/100
|move|p2b: Pelipper|Weather Ball|p1a: Gengar
|-damage|p1a: Gengar|47/100
|
|-weather|RainDance|[upkeep]
|-start|p1a: Gengar|perish3
|-start|p1b: Maushold|perish3
|-start|p2a: Venusaur|perish3
|-start|p2b: Pelipper|perish3
|-sideend|p2: CarlettoJack|move: Light Screen
|upkeep
|turn|6
|
|t:|1784286904
|move|p1a: Gengar|Protect|p1a: Gengar
|-singleturn|p1a: Gengar|Protect
|move|p1b: Maushold|Protect|p1b: Maushold
|-singleturn|p1b: Maushold|Protect
|move|p2a: Venusaur|Sludge Bomb|p1b: Maushold
|-activate|p1b: Maushold|move: Protect
|move|p2b: Pelipper|Tailwind|p2b: Pelipper
|-sidestart|p2: CarlettoJack|move: Tailwind
|
|-weather|RainDance|[upkeep]
|-start|p2a: Venusaur|perish2
|-start|p2b: Pelipper|perish2
|-start|p1a: Gengar|perish2
|-start|p1b: Maushold|perish2
|upkeep
|turn|7
|
|t:|1784286929
|switch|p1a: Incineroar|Incineroar, L50, M, shiny|100/100
|-ability|p1a: Incineroar|Intimidate|boost
|-unboost|p2a: Venusaur|atk|1
|-unboost|p2b: Pelipper|atk|1
|move|p2a: Venusaur|Sludge Bomb|p1b: Maushold
|-damage|p1b: Maushold|72/100
|move|p2b: Pelipper|Weather Ball|p1b: Maushold
|-damage|p1b: Maushold|29/100
|move|p1b: Maushold|U-turn|p2b: Pelipper
|-resisted|p2b: Pelipper|1
|-damage|p2b: Pelipper|93/100
|
|t:|1784286942
|switch|p1b: Gengar|Gengar-Mega, L50, M, shiny|47/100|[from] U-turn
|
|-weather|RainDance|[upkeep]
|-start|p2a: Venusaur|perish1
|-start|p2b: Pelipper|perish1
|upkeep
|turn|8
|
|t:|1784286956
|switch|p1a: Grimmsnarl|Grimmsnarl, L50, M|41/100
|move|p1b: Gengar|Protect|p1b: Gengar
|-singleturn|p1b: Gengar|Protect
|move|p2a: Venusaur|Earth Power|p1a: Grimmsnarl
|-damage|p1a: Grimmsnarl|29/100
|move|p2b: Pelipper|Weather Ball|p1a: Grimmsnarl
|-damage|p1a: Grimmsnarl|2/100
|
|-weather|RainDance|[upkeep]
|-start|p2a: Venusaur|perish0
|-start|p2b: Pelipper|perish0
|faint|p2a: Venusaur
|faint|p2b: Pelipper
|upkeep
|
|t:|1784286971
|switch|p2b: Archaludon|Archaludon, L50, M|100/100
|turn|9
|
|t:|1784286983
|move|p1a: Grimmsnarl|Fake Out|p2b: Archaludon
|-resisted|p2b: Archaludon|1
|-damage|p2b: Archaludon|95/100
|-ability|p2b: Archaludon|Stamina|boost
|-boost|p2b: Archaludon|def|1
|cant|p2b: Archaludon|flinch
|move|p1b: Gengar|Shadow Ball|p2b: Archaludon
|-damage|p2b: Archaludon|54/100
|-ability|p2b: Archaludon|Stamina|boost
|-boost|p2b: Archaludon|def|1
|
|-weather|none
|-heal|p2b: Archaludon|60/100|[from] item: Leftovers
|-sideend|p1: lerry27|move: Light Screen
|-sideend|p2: CarlettoJack|move: Tailwind
|upkeep
|turn|10
|
|t:|1784287003
|move|p1a: Grimmsnarl|Light Screen|p1a: Grimmsnarl
|-sidestart|p1: lerry27|move: Light Screen
|move|p1b: Gengar|Perish Song|p1b: Gengar
|-start|p1a: Grimmsnarl|perish3|[silent]
|-start|p1b: Gengar|perish3|[silent]
|-start|p2b: Archaludon|perish3|[silent]
|-fieldactivate|move: Perish Song
|move|p2b: Archaludon|Flash Cannon|p1b: Gengar
|-crit|p1b: Gengar
|-damage|p1b: Gengar|0 fnt
|faint|p1b: Gengar
|
|-heal|p2b: Archaludon|67/100|[from] item: Leftovers
|-start|p2b: Archaludon|perish3
|-start|p1a: Grimmsnarl|perish3
|upkeep
|
|t:|1784287011
|switch|p1b: Incineroar|Incineroar, L50, M, shiny|100/100
|-ability|p1b: Incineroar|Intimidate|boost
|-unboost|p2b: Archaludon|atk|1
|turn|11
|
|t:|1784287017
|move|p2b: Archaludon|Protect|p2b: Archaludon
|-singleturn|p2b: Archaludon|Protect
|move|p1b: Incineroar|Fake Out|p2b: Archaludon
|-activate|p2b: Archaludon|move: Protect
|move|p1a: Grimmsnarl|Parting Shot|p2b: Archaludon
|-activate|p2b: Archaludon|move: Protect
|
|-heal|p2b: Archaludon|73/100|[from] item: Leftovers
|-start|p2b: Archaludon|perish2
|-start|p1a: Grimmsnarl|perish2
|upkeep
|turn|12
|
|t:|1784287028
|move|p1a: Grimmsnarl|Parting Shot|p2b: Archaludon
|-unboost|p2b: Archaludon|atk|1
|-unboost|p2b: Archaludon|spa|1
|
|t:|1784287035
|switch|p1a: Maushold|Maushold-Four, L50|29/100|[from] Parting Shot
|move|p2b: Archaludon|Flash Cannon|p1a: Maushold
|-damage|p1a: Maushold|6/100
|move|p1b: Incineroar|Parting Shot|p2b: Archaludon
|-unboost|p2b: Archaludon|atk|1
|-unboost|p2b: Archaludon|spa|1
|
|t:|1784287044
|switch|p1b: Grimmsnarl|Grimmsnarl, L50, M|2/100|[from] Parting Shot
|
|-heal|p2b: Archaludon|79/100|[from] item: Leftovers
|-start|p2b: Archaludon|perish1
|upkeep
|turn|13
|-message|CarlettoJack forfeited.
|
|win|lerry27
|l|☆lerry27
|player|p1|
|j|☆lerry27
|player|p1|lerry27|brycen|
|l|☆CarlettoJack
|player|p2|
