|j|☆bearbertd
|j|☆Luke693VGC
|html|bearbertdLuke693VGC    
|uhtml|bestof|Game 1 of a best-of-3
|t:|1756649633
|gametype|doubles
|player|p1|bearbertd|1|1117
|player|p2|Luke693VGC|cyclist-gen4|1057
|gen|9
|tier|[Gen 9] VGC 2025 Reg H (Bo3)
|rated|
|rule|Species Clause: Limit one of each Pokémon
|rule|Item Clause: Limit 1 of each item
|clearpoke
|poke|p1|Rillaboom, L50, M|
|poke|p1|Incineroar, L50, F|
|poke|p1|Ursaluna, L50, F|
|poke|p1|Porygon2, L50|
|poke|p1|Gholdengo, L50|
|poke|p1|Pelipper, L50, F|
|poke|p2|Archaludon, L50, M|
|poke|p2|Pelipper, L50, F|
|poke|p2|Basculegion, L50, M|
|poke|p2|Sinistcha, L50|
|poke|p2|Maushold-Four, L50|
|poke|p2|Annihilape, L50, F|
|teampreview|4
|showteam|p1|Rillaboom||AssaultVest|GrassySurge|GrassyGlide,FakeOut,WoodHammer,Uturn|||M|||50|,,,,,Water]Incineroar||MirrorHerb|Intimidate|FakeOut,KnockOff,FlareBlitz,PartingShot|||F|||50|,,,,,Ghost]Ursaluna||FlameOrb|Guts|Facade,Earthquake,HeadlongRush,Protect|||F|||50|,,,,,Ghost]Porygon2||Eviolite|Download|TeraBlast,TrickRoom,Recover,IceBeam||||||50|,,,,,Fighting]Gholdengo||LifeOrb|GoodasGold|NastyPlot,Protect,ShadowBall,MakeItRain||||||50|,,,,,Dragon]Pelipper||FocusSash|Drizzle|Protect,Tailwind,Hurricane,WeatherBall|||F|||50|,,,,,Grass
|showteam|p2|Archaludon||AssaultVest|Stamina|DracoMeteor,FlashCannon,ElectroShot,BodyPress|||M|||50|,,,,,Grass]Pelipper||FocusSash|Drizzle|Hurricane,WeatherBall,Tailwind,HelpingHand|||F|||50|,,,,,Stellar]Basculegion||ChoiceBand|SwiftSwim|WaveCrash,FlipTurn,LastRespects,AquaJet|||M|||50|,,,,,Grass]Sinistcha||SitrusBerry|Hospitality|MatchaGotcha,LifeDew,RagePowder,TrickRoom||||||50|,,,,,Fairy]Maushold-Four||SafetyGoggles|FriendGuard|BeatUp,FollowMe,Taunt,Protect||||||50|,,,,,Ghost]Annihilape||Leftovers|Defiant|DrainPunch,RageFist,BulkUp,Protect|||F|||50|,,,,,Grass
|inactive|Battle timer is ON: inactive players will automatically lose when time's up. (requested by Luke693VGC)
|
|t:|1756649682
|teamsize|p1|4
|teamsize|p2|4
|start
|switch|p1a: Porygon2|Porygon2, L50|100/100
|switch|p1b: Ursaluna|Ursaluna, L50, F|100/100
|switch|p2a: Maushold|Maushold-Four, L50|100/100
|switch|p2b: Annihilape|Annihilape, L50, F|100/100
|-ability|p1a: Porygon2|Download|boost
|-boost|p1a: Porygon2|atk|1
|turn|1
|inactive|Luke693VGC has 30 seconds left.
|
|t:|1756649711
|move|p1b: Ursaluna|Protect|p1b: Ursaluna
|-singleturn|p1b: Ursaluna|Protect
|move|p2a: Maushold|Taunt|p1a: Porygon2
|-start|p1a: Porygon2|move: Taunt
|move|p2b: Annihilape|Bulk Up|p2b: Annihilape
|-boost|p2b: Annihilape|atk|1
|-boost|p2b: Annihilape|def|1
|cant|p1a: Porygon2|move: Taunt|Trick Room
|
|-status|p1b: Ursaluna|brn|[from] item: Flame Orb
|upkeep
|turn|2
|inactive|bearbertd has 30 seconds left.
|inactive|Luke693VGC has 30 seconds left.
|inactive|Luke693VGC has 20 seconds left.
|inactive|Luke693VGC has 15 seconds left.
|
|t:|1756649754
|switch|p1b: Gholdengo|Gholdengo, L50|100/100
|move|p2a: Maushold|Beat Up|p1a: Porygon2
|-damage|p1a: Porygon2|99/100
|-damage|p1a: Porygon2|97/100
|-damage|p1a: Porygon2|95/100
|-damage|p1a: Porygon2|93/100
|-hitcount|p1a: Porygon2|4
|move|p2b: Annihilape|Drain Punch|p1b: Gholdengo
|-immune|p1b: Gholdengo
|move|p1a: Porygon2|Tera Blast|p2a: Maushold
|-damage|p2a: Maushold|56/100
|
|upkeep
|turn|3
|
|t:|1756649776
|-terastallize|p2b: Annihilape|Grass
|move|p1b: Gholdengo|Protect|p1b: Gholdengo
|-singleturn|p1b: Gholdengo|Protect
|move|p2a: Maushold|Beat Up|p2b: Annihilape
|-damage|p2b: Annihilape|99/100
|-crit|p2b: Annihilape
|-damage|p2b: Annihilape|96/100
|-damage|p2b: Annihilape|94/100
|-damage|p2b: Annihilape|93/100
|-hitcount|p2b: Annihilape|4
|move|p2b: Annihilape|Rage Fist|p1b: Gholdengo
|-activate|p1b: Gholdengo|move: Protect
|move|p1a: Porygon2|Tera Blast|p2a: Maushold
|-damage|p2a: Maushold|9/100
|
|-heal|p2b: Annihilape|99/100|[from] item: Leftovers
|-end|p1a: Porygon2|move: Taunt
|upkeep
|turn|4
|inactive|bearbertd has 30 seconds left.
|inactive|Luke693VGC has 30 seconds left.
|
|t:|1756649810
|switch|p1b: Ursaluna|Ursaluna, L50, F|100/100 brn
|switch|p1a: Rillaboom|Rillaboom, L50, M|100/100
|-fieldstart|move: Grassy Terrain|[from] ability: Grassy Surge|[of] p1a: Rillaboom
|move|p2a: Maushold|Follow Me|p2a: Maushold
|-singleturn|p2a: Maushold|move: Follow Me
|move|p2b: Annihilape|Rage Fist|p1b: Ursaluna
|-immune|p1b: Ursaluna
|
|-heal|p2a: Maushold|15/100|[from] Grassy Terrain
|-heal|p2b: Annihilape|100/100|[from] Grassy Terrain
|-damage|p1b: Ursaluna|95/100 brn|[from] brn
|upkeep
|turn|5
|inactive|bearbertd has 30 seconds left.
|inactive|Luke693VGC has 30 seconds left.
|inactive|bearbertd has 20 seconds left.
|inactive|bearbertd has 15 seconds left.
|
|t:|1756649852
|switch|p1a: Porygon2|Porygon2, L50|93/100
|-ability|p1a: Porygon2|Download|boost
|-boost|p1a: Porygon2|spa|1
|move|p1b: Ursaluna|Protect|p1b: Ursaluna
|-singleturn|p1b: Ursaluna|Protect
|move|p2a: Maushold|Follow Me|p2a: Maushold
|-singleturn|p2a: Maushold|move: Follow Me
|move|p2b: Annihilape|Rage Fist|p1a: Porygon2
|-immune|p1a: Porygon2
|
|-heal|p2a: Maushold|21/100|[from] Grassy Terrain
|-heal|p1a: Porygon2|99/100|[from] Grassy Terrain
|-heal|p1b: Ursaluna|100/100 brn|[from] Grassy Terrain
|-damage|p1b: Ursaluna|95/100 brn|[from] brn
|upkeep
|turn|6
|inactive|bearbertd has 30 seconds left.
|inactive|Luke693VGC has 30 seconds left.
|inactive|bearbertd has 20 seconds left.
|inactive|Luke693VGC has 20 seconds left.
|
|t:|1756649892
|move|p2a: Maushold|Taunt|p1a: Porygon2
|-start|p1a: Porygon2|move: Taunt
|move|p2b: Annihilape|Bulk Up|p2b: Annihilape
|-boost|p2b: Annihilape|atk|1
|-boost|p2b: Annihilape|def|1
|move|p1b: Ursaluna|Facade|p2a: Maushold
|-damage|p2a: Maushold|0 fnt
|faint|p2a: Maushold
|cant|p1a: Porygon2|move: Taunt|Trick Room
|
|-heal|p1a: Porygon2|100/100|[from] Grassy Terrain
|-heal|p1b: Ursaluna|100/100 brn|[from] Grassy Terrain
|-damage|p1b: Ursaluna|95/100 brn|[from] brn
|upkeep
|
|t:|1756649905
|switch|p2a: Basculegion|Basculegion, L50, M|100/100
|turn|7
|inactive|Luke693VGC has 30 seconds left.
|
|t:|1756649937
|move|p2b: Annihilape|Protect|p2b: Annihilape
|-singleturn|p2b: Annihilape|Protect
|move|p1b: Ursaluna|Protect|p1b: Ursaluna
|-singleturn|p1b: Ursaluna|Protect
|move|p2a: Basculegion|Wave Crash|p1b: Ursaluna
|-activate|p1b: Ursaluna|move: Protect
|move|p1a: Porygon2|Ice Beam|p2b: Annihilape
|-activate|p2b: Annihilape|move: Protect
|
|-heal|p1b: Ursaluna|100/100 brn|[from] Grassy Terrain
|-damage|p1b: Ursaluna|95/100 brn|[from] brn
|upkeep
|turn|8
|
|t:|1756649962
|switch|p1b: Rillaboom|Rillaboom, L50, M|100/100
|move|p2b: Annihilape|Drain Punch|p1a: Porygon2
|-supereffective|p1a: Porygon2
|-damage|p1a: Porygon2|25/100
|move|p2a: Basculegion|Wave Crash|p1b: Rillaboom
|-resisted|p1b: Rillaboom
|-damage|p1b: Rillaboom|66/100
|-damage|p2a: Basculegion|88/100|[from] Recoil
|move|p1a: Porygon2|Ice Beam|p2b: Annihilape
|-supereffective|p2b: Annihilape
|-damage|p2b: Annihilape|18/100
|
|-heal|p2b: Annihilape|24/100|[from] Grassy Terrain
|-heal|p2b: Annihilape|30/100|[from] item: Leftovers
|-heal|p2a: Basculegion|94/100|[from] Grassy Terrain
|-heal|p1b: Rillaboom|72/100|[from] Grassy Terrain
|-heal|p1a: Porygon2|32/100|[from] Grassy Terrain
|-end|p1a: Porygon2|move: Taunt
|-fieldend|move: Grassy Terrain
|upkeep
|turn|9
|inactive|bearbertd has 30 seconds left.
|
|t:|1756649994
|move|p2b: Annihilape|Protect|p2b: Annihilape
|-singleturn|p2b: Annihilape|Protect
|move|p1b: Rillaboom|Fake Out|p2b: Annihilape
|-activate|p2b: Annihilape|move: Protect
|move|p2a: Basculegion|Wave Crash|p1a: Porygon2
|-damage|p1a: Porygon2|0 fnt
|faint|p1a: Porygon2
|-damage|p2a: Basculegion|84/100|[from] Recoil
|
|-heal|p2b: Annihilape|37/100|[from] item: Leftovers
|upkeep
|
|t:|1756650004
|switch|p1a: Gholdengo|Gholdengo, L50|100/100
|turn|10
|inactive|bearbertd has 30 seconds left.
|inactive|Luke693VGC has 30 seconds left.
|
|t:|1756650032
|switch|p2a: Pelipper|Pelipper, L50, F|100/100
|-weather|RainDance|[from] ability: Drizzle|[of] p2a: Pelipper
|move|p2b: Annihilape|Rage Fist|p1a: Gholdengo
|-supereffective|p1a: Gholdengo
|-damage|p1a: Gholdengo|0 fnt
|faint|p1a: Gholdengo
|move|p1b: Rillaboom|Wood Hammer|p2a: Pelipper
|-damage|p2a: Pelipper|20/100
|-damage|p1b: Rillaboom|54/100|[from] Recoil
|
|-weather|RainDance|[upkeep]
|-heal|p2b: Annihilape|43/100|[from] item: Leftovers
|upkeep
|
|t:|1756650046
|switch|p1a: Ursaluna|Ursaluna, L50, F|95/100 brn
|turn|11
|
|t:|1756650069
|-terastallize|p1a: Ursaluna|Ghost
|move|p2a: Pelipper|Helping Hand|p2b: Annihilape
|-singleturn|p2b: Annihilape|Helping Hand|[of] p2a: Pelipper
|move|p2b: Annihilape|Drain Punch|p1b: Rillaboom
|-damage|p1b: Rillaboom|0 fnt
|-heal|p2b: Annihilape|70/100|[from] drain|[of] p1b: Rillaboom
|faint|p1b: Rillaboom
|move|p1a: Ursaluna|Facade|p2b: Annihilape
|-damage|p2b: Annihilape|0 fnt
|faint|p2b: Annihilape
|
|-weather|RainDance|[upkeep]
|-damage|p1a: Ursaluna|89/100 brn|[from] brn
|upkeep
|
|t:|1756650082
|switch|p2b: Basculegion|Basculegion, L50, M|84/100
|turn|12
|
|t:|1756650102
|move|p2b: Basculegion|Last Respects|p1a: Ursaluna
|-supereffective|p1a: Ursaluna
|-damage|p1a: Ursaluna|0 fnt
|faint|p1a: Ursaluna
|
|win|Luke693VGC
