|j|☆Huasometa
|j|☆drifterking40
|html|Huasometadrifterking40    
|uhtml|bestof|Game 2 of a best-of-3
|t:|1783649757
|gametype|doubles
|player|p1|Huasometa|elesa|1144
|player|p2|drifterking40|cyclist-gen4|1056
|gen|9
|tier|[Gen 9 Champions] VGC 2026 Reg M-B (Bo3)
|rated|
|rule|Species Clause: Limit one of each Pokémon
|rule|Item Clause: Limit 1 of each item
|clearpoke
|poke|p1|Chandelure, L50, M|
|poke|p1|Kangaskhan, L50, F|
|poke|p1|Sylveon, L50, F|
|poke|p1|Kingambit, L50, M|
|poke|p1|Rotom-Wash, L50|
|poke|p1|Venusaur, L50, F|
|poke|p2|Delphox, L50, M|
|poke|p2|Garchomp, L50, F|
|poke|p2|Maushold-Four, L50|
|poke|p2|Tyranitar, L50, M|
|poke|p2|Tsareena, L50, F|
|poke|p2|Raichu, L50, M|
|teampreview|4
|showteam|p1|Chandelure||FocusSash|FlashFire|HeatWave,ShadowBall,TrickRoom,Taunt|Quiet||M|||50|]Kangaskhan||Kangaskhanite|InnerFocus|FakeOut,DoubleEdge,SuckerPunch,HammerArm|Brave||F|||50|]Sylveon||FairyFeather|Pixilate|HyperVoice,Protect,HyperBeam,QuickAttack|Quiet||F|||50|]Kingambit||BlackGlasses|Defiant|KowtowCleave,SuckerPunch,IronHead,Protect|Brave||M|||50|]Rotom-Wash||SitrusBerry|Levitate|ThunderWave,VoltSwitch,HydroPump,Protect|Calm|||||50|]Venusaur||Venusaurite|Chlorophyll|EarthPower,SleepPowder,GigaDrain,Protect|Modest||F|||50|
|showteam|p2|Delphox||Delphoxite|Blaze|Psychic,HeatWave,Protect,Encore|Timid||M|||50|]Garchomp||Garchompite|RoughSkin|StompingTantrum,Protect,Earthquake,RockSlide|Adamant||F|||50|]Maushold-Four||FocusSash|FriendGuard|BatonPass,TidyUp,Substitute,SuperFang|Timid|||||50|]Tyranitar||Tyranitarite|SandStream|RockSlide,LowKick,KnockOff,Protect|Brave||M|||50|]Tsareena||OccaBerry|QueenlyMajesty|Uturn,HelpingHand,Acupressure,TropKick|Adamant||F|||50|]Raichu||RaichuniteY|LightningRod|FakeOut,ZapCannon,Thunderbolt,Encore|Timid||M|||50|
|inactive|Battle timer is ON: inactive players will automatically lose when time's up. (requested by drifterking40)
|inactive|Huasometa has 60 seconds left.
|inactive|drifterking40 has 60 seconds left.
|inactive|drifterking40 has 30 seconds left.
|inactive|drifterking40 has 20 seconds left.
|inactive|drifterking40 has 15 seconds left.
|inactive|drifterking40 has 10 seconds left.
|inactive|drifterking40 has 5 seconds left.
|
|t:|1783649843
|teamsize|p1|4
|teamsize|p2|4
|start
|switch|p1a: Sylveon|Sylveon, L50, F|100/100
|switch|p1b: Rotom|Rotom-Wash, L50|100/100
|switch|p2a: Raichu|Raichu, L50, M|100/100
|switch|p2b: Delphox|Delphox, L50, M|100/100
|turn|1
|inactive|Huasometa has 30 seconds left.
|inactive|drifterking40 has 30 seconds left.
|inactive|drifterking40 has 20 seconds left.
|inactive|drifterking40 has 15 seconds left.
|inactive|drifterking40 has 10 seconds left.
|
|t:|1783649892
|detailschange|p2b: Delphox|Delphox-Mega, L50, M
|-mega|p2b: Delphox|Delphox|Delphoxite
|move|p1a: Sylveon|Protect|p1a: Sylveon
|-singleturn|p1a: Sylveon|Protect
|move|p2a: Raichu|Fake Out|p1a: Sylveon
|-activate|p1a: Sylveon|move: Protect
|move|p2b: Delphox|Psychic|p1b: Rotom
|-damage|p1b: Rotom|59/100
|move|p1b: Rotom|Hydro Pump|p2b: Delphox
|-supereffective|p2b: Delphox|1
|-crit|p2b: Delphox
|-damage|p2b: Delphox|0 fnt
|faint|p2b: Delphox
|
|upkeep
|inactive|drifterking40 has 30 seconds left.
|
|t:|1783649920
|switch|p2b: Garchomp|Garchomp, L50, F|100/100
|turn|2
|inactive|Huasometa has 30 seconds left.
|
|t:|1783649953
|switch|p1a: Kingambit|Kingambit, L50, M|100/100
|move|p2a: Raichu|Encore||[still]
|-fail|p2a: Raichu
|move|p2b: Garchomp|Rock Slide|p1b: Rotom|[spread] p1a
|-miss|p2b: Garchomp|p1b: Rotom
|-resisted|p1a: Kingambit|1
|-damage|p1a: Kingambit|93/100
|move|p1b: Rotom|Hydro Pump|p2a: Raichu
|-damage|p2a: Raichu|40/100
|
|upkeep
|turn|3
|inactive|Huasometa has 30 seconds left.
|
|t:|1783649985
|switch|p2b: Tsareena|Tsareena, L50, F|100/100
|move|p2a: Raichu|Thunderbolt|p1b: Rotom
|-damage|p1b: Rotom|31/100
|-enditem|p1b: Rotom|Sitrus Berry|[eat]
|-heal|p1b: Rotom|56/100|[from] item: Sitrus Berry
|move|p1b: Rotom|Hydro Pump|p2a: Raichu
|-damage|p2a: Raichu|0 fnt
|faint|p2a: Raichu
|move|p1a: Kingambit|Kowtow Cleave|p2b: Tsareena
|-damage|p2b: Tsareena|40/100
|
|upkeep
|
|t:|1783649995
|switch|p2a: Garchomp|Garchomp, L50, F|100/100
|turn|4
|
|t:|1783650008
|move|p1a: Kingambit|Protect|p1a: Kingambit
|-singleturn|p1a: Kingambit|Protect
|move|p2a: Garchomp|Stomping Tantrum|p1a: Kingambit
|-activate|p1a: Kingambit|move: Protect
|move|p2b: Tsareena|Trop Kick|p1b: Rotom
|-supereffective|p1b: Rotom|1
|-damage|p1b: Rotom|0 fnt
|faint|p1b: Rotom
|
|upkeep
|
|t:|1783650018
|switch|p1b: Venusaur|Venusaur, L50, F|100/100
|turn|5
|inactive|Huasometa has 30 seconds left.
|inactive|Huasometa has 20 seconds left.
|inactive|Huasometa has 15 seconds left.
|inactive|Huasometa has 10 seconds left.
|
|t:|1783650064
|detailschange|p1b: Venusaur|Venusaur-Mega, L50, F
|-mega|p1b: Venusaur|Venusaur|Venusaurite
|move|p2a: Garchomp|Stomping Tantrum|p1a: Kingambit
|-supereffective|p1a: Kingambit|1
|-damage|p1a: Kingambit|38/100
|move|p1b: Venusaur|Giga Drain|p2b: Tsareena
|-resisted|p2b: Tsareena|1
|-damage|p2b: Tsareena|23/100
|move|p2b: Tsareena|Acupressure|p2a: Garchomp
|-boost|p2a: Garchomp|def|2
|move|p1a: Kingambit|Kowtow Cleave|p2a: Garchomp
|-damage|p2a: Garchomp|72/100
|-damage|p1a: Kingambit|26/100|[from] ability: Rough Skin|[of] p2a: Garchomp
|
|upkeep
|turn|6
|
|t:|1783650084
|move|p1a: Kingambit|Protect|p1a: Kingambit
|-singleturn|p1a: Kingambit|Protect
|move|p2a: Garchomp|Stomping Tantrum|p1a: Kingambit
|-activate|p1a: Kingambit|move: Protect
|move|p1b: Venusaur|Giga Drain|p2b: Tsareena
|-resisted|p2b: Tsareena|1
|-damage|p2b: Tsareena|6/100
|move|p2b: Tsareena|Acupressure|p2a: Garchomp
|-boost|p2a: Garchomp|spd|2
|
|upkeep
|turn|7
|
|t:|1783650098
|move|p2b: Tsareena|Helping Hand|p2a: Garchomp
|-singleturn|p2a: Garchomp|Helping Hand|[of] p2b: Tsareena
|move|p2a: Garchomp|Stomping Tantrum|p1b: Venusaur
|-damage|p1b: Venusaur|54/100
|move|p1b: Venusaur|Giga Drain|p2b: Tsareena
|-resisted|p2b: Tsareena|1
|-damage|p2b: Tsareena|0 fnt
|-heal|p1b: Venusaur|57/100|[from] drain|[of] p2b: Tsareena
|faint|p2b: Tsareena
|move|p1a: Kingambit|Kowtow Cleave|p2a: Garchomp
|-damage|p2a: Garchomp|44/100
|-damage|p1a: Kingambit|14/100|[from] ability: Rough Skin|[of] p2a: Garchomp
|
|upkeep
|turn|8
|
|t:|1783650107
|move|p2a: Garchomp|Earthquake|p1b: Venusaur|[spread] p1a,p1b
|-supereffective|p1a: Kingambit|1
|-damage|p1a: Kingambit|0 fnt
|-damage|p1b: Venusaur|25/100
|faint|p1a: Kingambit
|move|p1b: Venusaur|Giga Drain|p2a: Garchomp
|-damage|p2a: Garchomp|23/100
|-heal|p1b: Venusaur|36/100|[from] drain|[of] p2a: Garchomp
|
|upkeep
|
|t:|1783650110
|switch|p1a: Sylveon|Sylveon, L50, F|100/100
|turn|9
|
|t:|1783650113
|move|p2a: Garchomp|Rock Slide|p1a: Sylveon|[spread] p1a,p1b
|-damage|p1a: Sylveon|80/100
|-damage|p1b: Venusaur|21/100
|move|p1b: Venusaur|Giga Drain|p2a: Garchomp
|-damage|p2a: Garchomp|4/100
|-heal|p1b: Venusaur|31/100|[from] drain|[of] p2a: Garchomp
|move|p1a: Sylveon|Hyper Voice|p2a: Garchomp
|-supereffective|p2a: Garchomp|1
|-damage|p2a: Garchomp|0 fnt
|faint|p2a: Garchomp
|
|win|Huasometa
||Huasometa is ready for game 3.
||drifterking40 is ready for game 3.
|uhtml|next|Next: Game 3 of 3
|l|☆drifterking40
|player|p2|
