|j|☆gunkqing
|j|☆pugburro
|html|gunkqingpugburro    
|uhtml|bestof|Game 1 of a best-of-3
|t:|1756317862
|gametype|doubles
|player|p1|gunkqing|striker|
|player|p2|pugburro|red|
|gen|9
|tier|[Gen 9] VGC 2025 Reg H (Bo3)
|rule|Species Clause: Limit one of each Pokémon
|rule|Item Clause: Limit 1 of each item
|clearpoke
|poke|p1|Charizard, L50, F|
|poke|p1|Jumpluff, L50, M|
|poke|p1|Torkoal, L50, F|
|poke|p1|Ursaluna, L50, M|
|poke|p1|Incineroar, L50, M|
|poke|p1|Duskull, L50, F|
|poke|p2|Sneasler, L50, F|
|poke|p2|Rillaboom, L50, F|
|poke|p2|Electabuzz, L50, F|
|poke|p2|Dragonite, L50, M|
|poke|p2|Kingambit, L50, F|
|poke|p2|Primarina, L50, F|
|teampreview|4
|showteam|p1|Charizard||ChoiceSpecs|SolarPower|HeatWave,Overheat,WeatherBall,DragonPulse|||F|||50|,,,,,Ghost]Jumpluff||CovertCloak|Chlorophyll|SleepPowder,Tailwind,RagePowder,SunnyDay|||M|||50|,,,,,Water]Torkoal||EjectPack|Drought|Overheat,Eruption,ClearSmog,Protect|||F|||50|,,,,,Fire]Ursaluna||FlameOrb|Guts|Facade,HeadlongRush,Earthquake,Protect|||M|||50|,,,,,Ghost]Incineroar||AssaultVest|Intimidate|FakeOut,FlareBlitz,KnockOff,Uturn|||M|||50|,,,,,Ghost]Duskull||Eviolite|Levitate|NightShade,TrickRoom,Taunt,PainSplit|||F|||50|,,,,,Steel
|showteam|p2|Sneasler||FocusSash|Unburden|CloseCombat,DireClaw,ThroatChop,Protect|||F|||50|,,,,,Stellar]Rillaboom||AssaultVest|GrassySurge|WoodHammer,GrassyGlide,HighHorsepower,FakeOut|||F|||50|,,,,,Fire]Electabuzz||Eviolite|VitalSpirit|Thunderbolt,FollowMe,Taunt,Protect|||F|||50|,,,,,Ghost]Dragonite||LoadedDice|Multiscale|ScaleShot,ExtremeSpeed,Tailwind,Protect|||M|||50|,,,,,Fairy]Kingambit||BlackGlasses|Defiant|KowtowCleave,SuckerPunch,SwordsDance,Protect|||F|||50|,,,,,Dark]Primarina||LifeOrb|LiquidVoice|HyperVoice,Protect,Moonblast,Haze|||F|||50|,,,,,Steel
|inactive|Battle timer is ON: inactive players will automatically lose when time's up. (requested by gunkqing)
|c|☆gunkqing|glhf
|c|☆pugburro|right team now
|c|☆pugburro|xd
|c|☆pugburro|u2
|inactive|pugburro has 60 seconds left.
|
|t:|1756317906
|teamsize|p1|4
|teamsize|p2|4
|start
|switch|p1a: Jumpluff|Jumpluff, L50, M|100/100
|switch|p1b: Torkoal|Torkoal, L50, F|100/100
|switch|p2a: Primarina|Primarina, L50, F|100/100
|switch|p2b: Electabuzz|Electabuzz, L50, F, shiny|100/100
|-weather|SunnyDay|[from] ability: Drought|[of] p1b: Torkoal
|turn|1
|
|t:|1756317931
|move|p2a: Primarina|Protect|p2a: Primarina
|-singleturn|p2a: Primarina|Protect
|move|p1a: Jumpluff|Tailwind|p1a: Jumpluff
|-sidestart|p1: gunkqing|move: Tailwind
|move|p2b: Electabuzz|Taunt|p1a: Jumpluff
|-start|p1a: Jumpluff|move: Taunt
|move|p1b: Torkoal|Overheat|p2b: Electabuzz
|-damage|p2b: Electabuzz|36/100
|-unboost|p1b: Torkoal|spa|2
|-enditem|p1b: Torkoal|Eject Pack
|
|t:|1756317941
|switch|p1b: Ursaluna|Ursaluna, L50, M|100/100
|
|-weather|SunnyDay|[upkeep]
|-status|p1b: Ursaluna|brn|[from] item: Flame Orb
|upkeep
|turn|2
|
|t:|1756317954
|switch|p1a: Charizard|Charizard, L50, F|100/100
|switch|p2b: Dragonite|Dragonite, L50, M, shiny|100/100
|move|p1b: Ursaluna|Earthquake|p2a: Primarina|[spread] p2a
|-immune|p1a: Charizard
|-immune|p2b: Dragonite
|-damage|p2a: Primarina|20/100
|move|p2a: Primarina|Hyper Voice|p1b: Ursaluna|[spread] p1a,p1b
|-supereffective|p1a: Charizard
|-supereffective|p1b: Ursaluna
|-damage|p1a: Charizard|39/100
|-damage|p1b: Ursaluna|58/100 brn
|-damage|p2a: Primarina|10/100|[from] item: Life Orb
|
|-weather|SunnyDay|[upkeep]
|-damage|p1a: Charizard|27/100|[from] ability: Solar Power|[of] p1a: Charizard
|-damage|p1b: Ursaluna|51/100 brn|[from] brn
|upkeep
|turn|3
|
|t:|1756317970
|move|p2b: Dragonite|Extreme Speed|p1a: Charizard
|-damage|p1a: Charizard|0 fnt
|faint|p1a: Charizard
|move|p1b: Ursaluna|Facade|p2b: Dragonite
|-damage|p2b: Dragonite|37/100
|move|p2a: Primarina|Moonblast|p1b: Ursaluna
|-damage|p1b: Ursaluna|0 fnt
|faint|p1b: Ursaluna
|-damage|p2a: Primarina|0 fnt|[from] item: Life Orb
|faint|p2a: Primarina
|
|-weather|SunnyDay|[upkeep]
|upkeep
|
|t:|1756317978
|switch|p1a: Jumpluff|Jumpluff, L50, M|100/100
|switch|p1b: Torkoal|Torkoal, L50, F|100/100
|switch|p2a: Electabuzz|Electabuzz, L50, F, shiny|36/100
|turn|4
|
|t:|1756317985
|move|p1a: Jumpluff|Rage Powder|p1a: Jumpluff
|-singleturn|p1a: Jumpluff|move: Rage Powder
|move|p2a: Electabuzz|Follow Me|p2a: Electabuzz
|-singleturn|p2a: Electabuzz|move: Follow Me
|move|p2b: Dragonite|Scale Shot|p1a: Jumpluff
|-damage|p1a: Jumpluff|83/100
|-damage|p1a: Jumpluff|67/100
|-damage|p1a: Jumpluff|50/100
|-damage|p1a: Jumpluff|33/100
|-damage|p1a: Jumpluff|16/100
|-hitcount|p1a: Jumpluff|5
|-unboost|p2b: Dragonite|def|1
|-boost|p2b: Dragonite|spe|1
|move|p1b: Torkoal|Eruption|p2b: Dragonite|[spread] p2a,p2b
|-resisted|p2b: Dragonite
|-damage|p2a: Electabuzz|0 fnt
|-damage|p2b: Dragonite|0 fnt
|faint|p2a: Electabuzz
|faint|p2b: Dragonite
|
|-weather|SunnyDay|[upkeep]
|-sideend|p1: gunkqing|move: Tailwind
|upkeep
|
|t:|1756317993
|switch|p2b: Sneasler|Sneasler, L50, F, shiny|100/100
|turn|5
|
|t:|1756318008
|-terastallize|p2b: Sneasler|Stellar
|move|p1a: Jumpluff|Sleep Powder|p2b: Sneasler|[miss]
|-miss|p1a: Jumpluff|p2b: Sneasler
|move|p2b: Sneasler|Dire Claw|p1b: Torkoal
|-damage|p1b: Torkoal|55/100
|move|p1b: Torkoal|Clear Smog|p2b: Sneasler
|-resisted|p2b: Sneasler
|-damage|p2b: Sneasler|91/100
|-clearboost|p2b: Sneasler
|
|-weather|none
|upkeep
|turn|6
|
|t:|1756318025
|-terastallize|p1b: Torkoal|Fire
|move|p1a: Jumpluff|Rage Powder|p1a: Jumpluff
|-singleturn|p1a: Jumpluff|move: Rage Powder
|move|p2b: Sneasler|Dire Claw|p1a: Jumpluff
|-supereffective|p1a: Jumpluff
|-damage|p1a: Jumpluff|0 fnt
|faint|p1a: Jumpluff
|move|p1b: Torkoal|Overheat|p2b: Sneasler
|-damage|p2b: Sneasler|0 fnt
|-unboost|p1b: Torkoal|spa|2
|faint|p2b: Sneasler
|
|win|gunkqing
|c|☆pugburro|ggs
||gunkqing is ready for game 2.
||pugburro is ready for game 2.
|uhtml|next|Next: Game 2 of 3
|l|☆pugburro
|player|p2|
