|j|☆martharia
|j|☆sum1dum
|html|marthariasum1dum    
|uhtml|bestof|Game 2 of a best-of-3
|t:|1783707846
|gametype|doubles
|player|p1|martharia|flannery|1052
|player|p2|sum1dum|rosa|1135
|gen|9
|tier|[Gen 9 Champions] VGC 2026 Reg M-B (Bo3)
|rated|
|rule|Species Clause: Limit one of each Pokémon
|rule|Item Clause: Limit 1 of each item
|clearpoke
|poke|p1|Delphox, L50, F, shiny|
|poke|p1|Meowscarada, L50, M|
|poke|p1|Talonflame, L50, F|
|poke|p1|Sneasler, L50, M|
|poke|p1|Zoroark-Hisui, L50, M|
|poke|p1|Mawile, L50, M|
|poke|p2|Gliscor, L50, M|
|poke|p2|Primarina, L50, F|
|poke|p2|Metagross, L50|
|poke|p2|Ninetales-Alola, L50, F|
|poke|p2|Incineroar, L50, F|
|poke|p2|Sinistcha, L50|
|teampreview|4
|showteam|p1|Delphox||Delphoxite|Blaze|HeatWave,Psychic,NastyPlot,Protect|Timid||F|||50|]Meowscarada||LifeOrb|Protean|FlowerTrick,KnockOff,ThunderPunch,Protect|Jolly||M|||50|]Talonflame||SharpBeak|GaleWings|DualWingbeat,Tailwind,Taunt,QuickGuard|Jolly||F|||50|]Sneasler||WhiteHerb|Unburden|CloseCombat,DireClaw,FakeOut,Protect|Jolly||M|||50|]Zoroark-Hisui||FocusSash|Illusion|ShadowBall,WillOWisp,Taunt,Protect|Timid||M|||50|]Mawile||Mawilite|HyperCutter|RockTomb,PlayRough,SuckerPunch,Protect|Adamant||M|||50|
|showteam|p2|Gliscor||LifeOrb|HyperCutter|DualWingbeat,HighHorsepower,Protect,RockSlide|Jolly||M|||50|]Primarina||Leftovers|LiquidVoice|CalmMind,HyperVoice,Moonblast,Protect|Modest||F|||50|]Metagross||Metagrossite|ClearBody|BulletPunch,IronHead,Protect,PsychicFangs|Jolly|||||50|]Ninetales-Alola||LightClay|SnowWarning|AuroraVeil,FreezeDry,Moonblast,Protect|Timid||F|||50|]Incineroar||ChopleBerry|Intimidate|FakeOut,FlareBlitz,DarkestLariat,PartingShot|Impish||F|||50|]Sinistcha||SitrusBerry|Hospitality|MatchaGotcha,Protect,LifeDew,RagePowder|Bold|||||50|
|inactive|Battle timer is ON: inactive players will automatically lose when time's up. (requested by sum1dum)
|inactive|martharia has 60 seconds left.
|inactive|sum1dum has 60 seconds left.
|inactive|martharia has 30 seconds left.
|inactive|sum1dum has 30 seconds left.
|inactive|sum1dum has 20 seconds left.
|
|t:|1783707918
|teamsize|p1|4
|teamsize|p2|4
|start
|switch|p1a: Mawile|Mawile, L50, M|100/100
|switch|p1b: Talonflame|Talonflame, L50, F|100/100
|switch|p2a: Bravery|Gliscor, L50, M|100/100
|switch|p2b: Patience|Primarina, L50, F|100/100
|turn|1
|inactive|martharia has 30 seconds left.
|inactive|martharia has 20 seconds left.
|inactive|martharia has 15 seconds left.
|inactive|sum1dum has 30 seconds left.
|
|t:|1783707961
|detailschange|p1a: Mawile|Mawile-Mega, L50, M
|-mega|p1a: Mawile|Mawile|Mawilite
|move|p1b: Talonflame|Dual Wingbeat|p2b: Patience
|-damage|p2b: Patience|80/100
|-damage|p2b: Patience|62/100
|-hitcount|p2b: Patience|2
|move|p2a: Bravery|High Horsepower|p1a: Mawile
|-supereffective|p1a: Mawile|1
|-damage|p1a: Mawile|0 fnt
|faint|p1a: Mawile
|-damage|p2a: Bravery|90/100|[from] item: Life Orb
|move|p2b: Patience|Hyper Voice|p1b: Talonflame
|-supereffective|p1b: Talonflame|1
|-damage|p1b: Talonflame|0 fnt
|faint|p1b: Talonflame
|
|-heal|p2b: Patience|67/100|[from] item: Leftovers
|upkeep
|
|t:|1783707969
|switch|p1b: Sneasler|Sneasler, L50, M|100/100
|switch|p1a: Meowscarada|Meowscarada, L50, M|100/100
|turn|2
|
|t:|1783707977
|move|p2a: Bravery|Protect|p2a: Bravery
|-singleturn|p2a: Bravery|Protect
|move|p2b: Patience|Protect|p2b: Patience
|-singleturn|p2b: Patience|Protect
|move|p1b: Sneasler|Fake Out|p2b: Patience
|-activate|p2b: Patience|move: Protect
|move|p1a: Meowscarada|Flower Trick|p2a: Bravery
|-start|p1a: Meowscarada|typechange|Grass|[from] ability: Protean
|-activate|p2a: Bravery|move: Protect
|
|-heal|p2b: Patience|73/100|[from] item: Leftovers
|upkeep
|turn|3
|
|t:|1783708002
|switch|p2a: Justice|Incineroar, L50, F|100/100
|-ability|p2a: Justice|Intimidate|boost
|-unboost|p1a: Meowscarada|atk|1
|-unboost|p1b: Sneasler|atk|1
|-enditem|p1b: Sneasler|White Herb
|-clearnegativeboost|p1b: Sneasler|[silent]
|switch|p2b: Perserverance|Metagross, L50|100/100
|move|p1b: Sneasler|Dire Claw|p2a: Justice
|-damage|p2a: Justice|68/100
|move|p1a: Meowscarada|Flower Trick|p2a: Justice
|-resisted|p2a: Justice|1
|-crit|p2a: Justice
|-damage|p2a: Justice|46/100
|-damage|p1a: Meowscarada|90/100|[from] item: Life Orb
|
|upkeep
|turn|4
|
|t:|1783708013
|detailschange|p2b: Perserverance|Metagross-Mega, L50
|-mega|p2b: Perserverance|Metagross|Metagrossite
|move|p1b: Sneasler|Protect|p1b: Sneasler
|-singleturn|p1b: Sneasler|Protect
|move|p1a: Meowscarada|Protect|p1a: Meowscarada
|-singleturn|p1a: Meowscarada|Protect
|move|p2a: Justice|Fake Out|p1a: Meowscarada
|-activate|p1a: Meowscarada|move: Protect
|move|p2b: Perserverance|Iron Head|p1a: Meowscarada
|-activate|p1a: Meowscarada|move: Protect
|
|upkeep
|turn|5
|
|t:|1783708031
|switch|p2a: Patience|Primarina, L50, F|73/100
|move|p2b: Perserverance|Protect|p2b: Perserverance
|-singleturn|p2b: Perserverance|Protect
|move|p1b: Sneasler|Close Combat|p2b: Perserverance
|-activate|p2b: Perserverance|move: Protect
|move|p1a: Meowscarada|Knock Off|p2b: Perserverance
|-activate|p2b: Perserverance|move: Protect
|
|-heal|p2a: Patience|79/100|[from] item: Leftovers
|upkeep
|turn|6
|
|t:|1783708053
|switch|p2b: Justice|Incineroar, L50, F|46/100
|-ability|p2b: Justice|Intimidate|boost
|-unboost|p1a: Meowscarada|atk|1
|-unboost|p1b: Sneasler|atk|1
|move|p1b: Sneasler|Close Combat|p2b: Justice
|-supereffective|p2b: Justice|1
|-enditem|p2b: Justice|Chople Berry|[eat]
|-enditem|p2b: Justice|Chople Berry|[weaken]
|-damage|p2b: Justice|11/100
|-unboost|p1b: Sneasler|def|1
|-unboost|p1b: Sneasler|spd|1
|move|p1a: Meowscarada|Knock Off|p2b: Justice
|-resisted|p2b: Justice|1
|-damage|p2b: Justice|6/100
|-damage|p1a: Meowscarada|80/100|[from] item: Life Orb
|move|p2a: Patience|Moonblast|p1a: Meowscarada
|-damage|p1a: Meowscarada|4/100
|
|-heal|p2a: Patience|85/100|[from] item: Leftovers
|upkeep
|turn|7
|
|t:|1783708066
|move|p1b: Sneasler|Protect|p1b: Sneasler
|-singleturn|p1b: Sneasler|Protect
|move|p1a: Meowscarada|Protect|p1a: Meowscarada
|-singleturn|p1a: Meowscarada|Protect
|move|p2b: Justice|Fake Out|p1b: Sneasler
|-activate|p1b: Sneasler|move: Protect
|move|p2a: Patience|Hyper Voice|p1a: Meowscarada|[spread] 
|-activate|p1a: Meowscarada|move: Protect
|-activate|p1b: Sneasler|move: Protect
|
|-heal|p2a: Patience|91/100|[from] item: Leftovers
|upkeep
|turn|8
|
|t:|1783708083
|move|p1b: Sneasler|Dire Claw|p2a: Patience
|-supereffective|p2a: Patience|1
|-damage|p2a: Patience|32/100
|-status|p2a: Patience|psn
|move|p1a: Meowscarada|Knock Off|p2b: Justice
|-resisted|p2b: Justice|1
|-damage|p2b: Justice|1/100
|-damage|p1a: Meowscarada|0 fnt|[from] item: Life Orb
|faint|p1a: Meowscarada
|move|p2b: Justice|Flare Blitz|p1b: Sneasler
|-damage|p1b: Sneasler|0 fnt
|faint|p1b: Sneasler
|-damage|p2b: Justice|0 fnt|[from] Recoil
|faint|p2b: Justice
|
|win|sum1dum
