|j|☆grfynnvgc
|j|☆lightsakura
|html|grfynnvgclightsakura    
|uhtml|bestof|Game 1 of a best-of-3
|t:|1785389187
|gametype|doubles
|player|p1|grfynnvgc|102|1120
|player|p2|lightsakura|jasmine|1197
|gen|9
|tier|[Gen 9 Champions] VGC 2026 Reg M-B (Bo3)
|rated|
|rule|Species Clause: Limit one of each Pokémon
|rule|Item Clause: Limit 1 of each item
|clearpoke
|poke|p1|Gengar, L50, F|
|poke|p1|Kommo-o, L50, F|
|poke|p1|Ninetales-Alola, L50, F|
|poke|p1|Primarina, L50, M|
|poke|p1|Volcarona, L50, M|
|poke|p1|Incineroar, L50, M|
|poke|p2|Tyranitar, L50, F|
|poke|p2|Excadrill, L50, F|
|poke|p2|Milotic, L50, F|
|poke|p2|Sinistcha, L50|
|poke|p2|Staraptor, L50, F|
|poke|p2|Gholdengo, L50|
|teampreview|4
|showteam|p1|Gengar||Gengarite|CursedBody|ShadowBall,SludgeBomb,PerishSong,Protect|Modest||F|||50|]Kommo-o||Leftovers|Soundproof|ClangingScales,AuraSphere,ClangorousSoul,Protect|Modest||F|||50|]Ninetales-Alola||FocusSash|SnowWarning|Blizzard,FreezeDry,AuroraVeil,Protect|Timid||F|||50|]Primarina||MysticWater|LiquidVoice|HyperVoice,Moonblast,PerishSong,Protect|Modest||M|||50|]Volcarona||SitrusBerry|FlameBody|Flamethrower,StruggleBug,RagePowder,Protect|Bold||M|||50|]Incineroar||ShucaBerry|Intimidate|FakeOut,ThroatChop,PartingShot,Protect|Impish||M|||50|
|showteam|p2|Tyranitar||Tyranitarite|SandStream|KnockOff,RockSlide,LowKick,Protect|Jolly||F|||50|]Excadrill||FocusSash|SandRush|HighHorsepower,IronHead,RockSlide,Protect|Adamant||F|||50|]Milotic||SitrusBerry|Competitive|Scald,IceBeam,Haze,Protect|Modest||F|||50|]Sinistcha||ColburBerry|Hospitality|MatchaGotcha,ShadowBall,Protect,RagePowder|Bold|||||50|]Staraptor||Staraptite|Intimidate|CloseCombat,BraveBird,Tailwind,Protect|Jolly||F|||50|]Gholdengo||LifeOrb|GoodasGold|MakeItRain,ShadowBall,NastyPlot,Protect|Modest|||||50|
|inactive|Battle timer is ON: inactive players will automatically lose when time's up. (requested by lightsakura)
|
|t:|1785389270
|teamsize|p1|4
|teamsize|p2|4
|start
|switch|p1a: Gengar|Gengar, L50, F|100/100
|switch|p1b: Incineroar|Incineroar, L50, M|100/100
|switch|p2a: Excadrill|Excadrill, L50, F|100/100
|switch|p2b: Staraptor|Staraptor, L50, F|100/100
|-ability|p2b: Staraptor|Intimidate|boost
|-unboost|p1a: Gengar|atk|1
|-unboost|p1b: Incineroar|atk|1
|-ability|p1b: Incineroar|Intimidate|boost
|-unboost|p2a: Excadrill|atk|1
|-unboost|p2b: Staraptor|atk|1
|turn|1
|
|t:|1785389290
|switch|p2a: Tyranitar|Tyranitar, L50, F|100/100
|-weather|Sandstorm|[from] ability: Sand Stream|[of] p2a: Tyranitar
|detailschange|p2b: Staraptor|Staraptor-Mega, L50, F
|-mega|p2b: Staraptor|Staraptor|Staraptite
|detailschange|p1a: Gengar|Gengar-Mega, L50, F
|-mega|p1a: Gengar|Gengar|Gengarite
|move|p1b: Incineroar|Fake Out|p2a: Tyranitar
|-resisted|p2a: Tyranitar|1
|-damage|p2a: Tyranitar|97/100
|move|p2b: Staraptor|Close Combat|p1b: Incineroar
|-supereffective|p1b: Incineroar|1
|-damage|p1b: Incineroar|33/100
|-boost|p2b: Staraptor|def|1
|-boost|p2b: Staraptor|spd|1
|move|p1a: Gengar|Perish Song|p1a: Gengar
|-start|p1a: Gengar|perish3|[silent]
|-start|p1b: Incineroar|perish3|[silent]
|-start|p2a: Tyranitar|perish3|[silent]
|-start|p2b: Staraptor|perish3|[silent]
|-fieldactivate|move: Perish Song
|
|-weather|Sandstorm|[upkeep]
|-damage|p2b: Staraptor|93/100|[from] Sandstorm
|-damage|p1a: Gengar|93/100|[from] Sandstorm
|-damage|p1b: Incineroar|27/100|[from] Sandstorm
|-start|p2b: Staraptor|perish3
|-start|p1a: Gengar|perish3
|-start|p2a: Tyranitar|perish3
|-start|p1b: Incineroar|perish3
|upkeep
|turn|2
|inactive|lightsakura has 30 seconds left.
|
|t:|1785389317
|move|p1a: Gengar|Protect|p1a: Gengar
|-singleturn|p1a: Gengar|Protect
|move|p1b: Incineroar|Protect|p1b: Incineroar
|-singleturn|p1b: Incineroar|Protect
|move|p2b: Staraptor|Close Combat|p1b: Incineroar
|-activate|p1b: Incineroar|move: Protect
|move|p2a: Tyranitar|Knock Off|p1a: Gengar
|-activate|p1a: Gengar|move: Protect
|
|-weather|Sandstorm|[upkeep]
|-damage|p2b: Staraptor|87/100|[from] Sandstorm
|-damage|p1a: Gengar|87/100|[from] Sandstorm
|-damage|p1b: Incineroar|21/100|[from] Sandstorm
|-start|p2b: Staraptor|perish2
|-start|p1a: Gengar|perish2
|-start|p2a: Tyranitar|perish2
|-start|p1b: Incineroar|perish2
|upkeep
|turn|3
|
|t:|1785389340
|switch|p1a: Primarina|Primarina, L50, M|100/100
|move|p2b: Staraptor|Close Combat|p1b: Incineroar
|-supereffective|p1b: Incineroar|1
|-damage|p1b: Incineroar|0 fnt
|-boost|p2b: Staraptor|def|1
|-boost|p2b: Staraptor|spd|1
|faint|p1b: Incineroar
|move|p2a: Tyranitar|Knock Off|p1a: Primarina
|-resisted|p1a: Primarina|1
|-damage|p1a: Primarina|74/100
|-enditem|p1a: Primarina|Mystic Water|[from] move: Knock Off|[of] p2a: Tyranitar
|
|-weather|Sandstorm|[upkeep]
|-damage|p2b: Staraptor|81/100|[from] Sandstorm
|-damage|p1a: Primarina|68/100|[from] Sandstorm
|-start|p2b: Staraptor|perish1
|-start|p2a: Tyranitar|perish1
|upkeep
|
|t:|1785389360
|switch|p1b: Gengar|Gengar-Mega, L50, F|87/100
|turn|4
|
|t:|1785389372
|move|p1b: Gengar|Protect|p1b: Gengar
|-singleturn|p1b: Gengar|Protect
|move|p1a: Primarina|Protect|p1a: Primarina
|-singleturn|p1a: Primarina|Protect
|move|p2b: Staraptor|Brave Bird|p1a: Primarina
|-activate|p1a: Primarina|move: Protect
|move|p2a: Tyranitar|Knock Off|p1b: Gengar
|-activate|p1b: Gengar|move: Protect
|
|-weather|Sandstorm|[upkeep]
|-damage|p2b: Staraptor|75/100|[from] Sandstorm
|-damage|p1b: Gengar|81/100|[from] Sandstorm
|-damage|p1a: Primarina|62/100|[from] Sandstorm
|-start|p2b: Staraptor|perish0
|-start|p2a: Tyranitar|perish0
|faint|p2b: Staraptor
|faint|p2a: Tyranitar
|upkeep
|
|t:|1785389389
|switch|p2b: Excadrill|Excadrill, L50, F|100/100
|switch|p2a: Milotic|Milotic, L50, F|100/100
|turn|5
|
|t:|1785389404
|move|p1b: Gengar|Protect|p1b: Gengar
|-singleturn|p1b: Gengar|Protect
|move|p2b: Excadrill|High Horsepower|p1b: Gengar
|-activate|p1b: Gengar|move: Protect
|move|p2a: Milotic|Scald|p1b: Gengar
|-activate|p1b: Gengar|move: Protect
|move|p1a: Primarina|Perish Song|p1a: Primarina
|-start|p1a: Primarina|perish3|[silent]
|-start|p1b: Gengar|perish3|[silent]
|-start|p2a: Milotic|perish3|[silent]
|-start|p2b: Excadrill|perish3|[silent]
|-fieldactivate|move: Perish Song
|
|-weather|none
|-start|p2b: Excadrill|perish3
|-start|p1b: Gengar|perish3
|-start|p2a: Milotic|perish3
|-start|p1a: Primarina|perish3
|upkeep
|turn|6
|
|t:|1785389423
|switch|p1b: Ninetales|Ninetales-Alola, L50, F|100/100
|-weather|Snowscape|[from] ability: Snow Warning|[of] p1b: Ninetales
|move|p1a: Primarina|Protect|p1a: Primarina
|-singleturn|p1a: Primarina|Protect
|move|p2b: Excadrill|Iron Head|p1a: Primarina
|-activate|p1a: Primarina|move: Protect
|move|p2a: Milotic|Scald|p1b: Ninetales
|-damage|p1b: Ninetales|58/100
|
|-weather|Snowscape|[upkeep]
|-start|p2b: Excadrill|perish2
|-start|p2a: Milotic|perish2
|-start|p1a: Primarina|perish2
|upkeep
|turn|7
|inactive|grfynnvgc has 30 seconds left.
|
|t:|1785389450
|move|p1b: Ninetales|Protect|p1b: Ninetales
|-singleturn|p1b: Ninetales|Protect
|move|p2b: Excadrill|Iron Head|p1a: Primarina
|-damage|p1a: Primarina|3/100
|move|p2a: Milotic|Scald|p1b: Ninetales
|-activate|p1b: Ninetales|move: Protect
|move|p1a: Primarina|Hyper Voice|p2a: Milotic|[spread] p2a,p2b
|-resisted|p2a: Milotic|1
|-supereffective|p2b: Excadrill|1
|-damage|p2a: Milotic|86/100
|-enditem|p2b: Excadrill|Focus Sash
|-damage|p2b: Excadrill|1/100
|
|-weather|Snowscape|[upkeep]
|-start|p2b: Excadrill|perish1
|-start|p2a: Milotic|perish1
|-start|p1a: Primarina|perish1
|upkeep
|turn|8
|
|t:|1785389472
|move|p1b: Ninetales|Blizzard|p2a: Milotic|[spread] p2a,p2b
|-resisted|p2a: Milotic|1
|-damage|p2a: Milotic|74/100
|-damage|p2b: Excadrill|0 fnt
|faint|p2b: Excadrill
|move|p2a: Milotic|Scald|p1b: Ninetales
|-damage|p1b: Ninetales|18/100
|-status|p1b: Ninetales|brn
|move|p1a: Primarina|Hyper Voice|p2a: Milotic
|-resisted|p2a: Milotic|1
|-damage|p2a: Milotic|57/100
|
|-weather|Snowscape|[upkeep]
|-damage|p1b: Ninetales|12/100 brn|[from] brn
|-start|p2a: Milotic|perish0
|-start|p1a: Primarina|perish0
|upkeep
|faint|p2a: Milotic
|faint|p1a: Primarina
|
|win|grfynnvgc
