|j|☆INKevin
|j|☆mcLovin_moreno
|html|INKevinmcLovin_moreno    
|uhtml|bestof|Game 2 of a best-of-3
|t:|1756779787
|gametype|doubles
|player|p1|INKevin|2|1036
|player|p2|mcLovin_moreno|n|1000
|gen|9
|tier|[Gen 9] VGC 2025 Reg H (Bo3)
|rated|
|rule|Species Clause: Limit one of each Pokémon
|rule|Item Clause: Limit 1 of each item
|clearpoke
|poke|p1|Porygon2, L50|
|poke|p1|Incineroar, L50, M|
|poke|p1|Amoonguss, L50, M|
|poke|p1|Ursaluna, L50, M|
|poke|p1|Gholdengo, L50|
|poke|p1|Sneasler, L50, M|
|poke|p2|Incineroar, L50, M|
|poke|p2|Rillaboom, L50, M|
|poke|p2|Primarina, L50, M|
|poke|p2|Amoonguss, L50, M|
|poke|p2|Gholdengo, L50|
|poke|p2|Sneasler, L50, M|
|teampreview|4
|showteam|p1|Porygon2||Eviolite|Download|IceBeam,TeraBlast,Recover,TrickRoom||||||50|,,,,,Flying]Incineroar||SitrusBerry|Intimidate|FakeOut,FlareBlitz,KnockOff,PartingShot|||M|||50|,,,,,Grass]Amoonguss||RockyHelmet|Regenerator|PollenPuff,RagePowder,Spore,SludgeBomb|||M|||50|,,,,,Water]Ursaluna||FlameOrb|Guts|Facade,HeadlongRush,ShadowClaw,Protect|||M|||50|,,,,,Ghost]Gholdengo||Leftovers|GoodasGold|MakeItRain,ShadowBall,NastyPlot,Protect||||||50|,,,,,Water]Sneasler||FocusSash|PoisonTouch|FakeOut,DireClaw,CloseCombat,Protect|||M|||50|,,,,,Stellar
|showteam|p2|Incineroar||SafetyGoggles|Intimidate|FakeOut,KnockOff,FlareBlitz,PartingShot|||M|||50|,,,,,Water]Rillaboom||AssaultVest|GrassySurge|GrassyGlide,WoodHammer,FakeOut,Uturn|||M|||50|,,,,,Fire]Primarina||Leftovers|LiquidVoice|Moonblast,HyperVoice,CalmMind,Protect|||M|||50|,,,,,Grass]Amoonguss||RockyHelmet|Regenerator|Spore,RagePowder,PollenPuff,Protect|||M|||50|,,,,,Water]Gholdengo||ChoiceSpecs|GoodasGold|MakeItRain,ShadowBall,DazzlingGleam,TeraBlast||||||50|,,,,,Flying]Sneasler||FocusSash|Unburden|DireClaw,CloseCombat,Uturn,Protect|||M|||50|,,,,,Dark
|inactive|Battle timer is ON: inactive players will automatically lose when time's up. (requested by mcLovin_moreno)
|inactive|INKevin also wants the timer to be on.
|inactive|INKevin has 60 seconds left.
|inactive|INKevin has 30 seconds left.
|
|t:|1756779850
|teamsize|p1|4
|teamsize|p2|4
|start
|switch|p1a: Incineroar|Incineroar, L50, M|100/100
|switch|p1b: Porygon2|Porygon2, L50, shiny|100/100
|switch|p2a: Amoonguss|Amoonguss, L50, M|100/100
|switch|p2b: Gholdengo|Gholdengo, L50|100/100
|-ability|p1b: Porygon2|Download|boost
|-boost|p1b: Porygon2|spa|1
|-ability|p1a: Incineroar|Intimidate|boost
|-unboost|p2a: Amoonguss|atk|1
|-unboost|p2b: Gholdengo|atk|1
|turn|1
|inactive|INKevin has 30 seconds left.
|inactive|mcLovin_moreno has 30 seconds left.
|inactive|INKevin has 20 seconds left.
|inactive|mcLovin_moreno has 20 seconds left.
|inactive|INKevin has 15 seconds left.
|
|t:|1756779894
|-terastallize|p1b: Porygon2|Flying
|move|p2a: Amoonguss|Rage Powder|p2a: Amoonguss
|-singleturn|p2a: Amoonguss|move: Rage Powder
|move|p2b: Gholdengo|Make It Rain|p1b: Porygon2|[spread] p1a,p1b
|-resisted|p1a: Incineroar
|-damage|p1a: Incineroar|71/100
|-damage|p1b: Porygon2|55/100
|-unboost|p2b: Gholdengo|spa|1
|move|p1b: Porygon2|Tera Blast|p2a: Amoonguss|[anim] Tera Blast Flying
|-supereffective|p2a: Amoonguss
|-damage|p2a: Amoonguss|0 fnt
|faint|p2a: Amoonguss
|move|p1a: Incineroar|Flare Blitz|p2b: Gholdengo
|-supereffective|p2b: Gholdengo
|-damage|p2b: Gholdengo|0 fnt
|faint|p2b: Gholdengo
|-damage|p1a: Incineroar|44/100|[from] Recoil
|-enditem|p1a: Incineroar|Sitrus Berry|[eat]
|-heal|p1a: Incineroar|69/100|[from] item: Sitrus Berry
|
|upkeep
|inactive|mcLovin_moreno has 30 seconds left.
|inactive|mcLovin_moreno has 20 seconds left.
|inactive|mcLovin_moreno has 15 seconds left.
|
|t:|1756779940
|switch|p2b: Sneasler|Sneasler, L50, M|100/100
|switch|p2a: Primarina|Primarina, L50, M|100/100
|turn|2
|inactive|mcLovin_moreno has 30 seconds left.
|
|t:|1756779969
|switch|p1a: Gholdengo|Gholdengo, L50|100/100
|move|p2b: Sneasler|Dire Claw|p1b: Porygon2
|-damage|p1b: Porygon2|29/100
|-status|p1b: Porygon2|psn
|move|p2a: Primarina|Hyper Voice|p1b: Porygon2|[spread] p1a,p1b
|-damage|p1a: Gholdengo|64/100
|-damage|p1b: Porygon2|6/100 psn
|move|p1b: Porygon2|Recover|p1b: Porygon2
|-heal|p1b: Porygon2|56/100 psn
|
|-heal|p1a: Gholdengo|70/100|[from] item: Leftovers
|-damage|p1b: Porygon2|44/100 psn|[from] psn
|upkeep
|turn|3
|inactive|INKevin has 30 seconds left.
|inactive|INKevin has 20 seconds left.
|
|t:|1756780007
|-terastallize|p2a: Primarina|Grass
|move|p2b: Sneasler|Dire Claw|p1b: Porygon2
|-damage|p1b: Porygon2|18/100 psn
|move|p1a: Gholdengo|Make It Rain|p2a: Primarina|[spread] p2a,p2b
|-damage|p2a: Primarina|66/100
|-damage|p2b: Sneasler|44/100
|-unboost|p1a: Gholdengo|spa|1
|move|p1b: Porygon2|Recover|p1b: Porygon2
|-heal|p1b: Porygon2|68/100 psn
|move|p2a: Primarina|Hyper Voice|p1a: Gholdengo|[spread] p1a,p1b
|-crit|p1a: Gholdengo
|-damage|p1a: Gholdengo|16/100
|-damage|p1b: Porygon2|46/100 psn
|
|-heal|p1a: Gholdengo|22/100|[from] item: Leftovers
|-heal|p2a: Primarina|72/100|[from] item: Leftovers
|-damage|p1b: Porygon2|33/100 psn|[from] psn
|upkeep
|turn|4
|
|t:|1756780031
|move|p2b: Sneasler|Protect|p2b: Sneasler
|-singleturn|p2b: Sneasler|Protect
|move|p1a: Gholdengo|Protect|p1a: Gholdengo
|-singleturn|p1a: Gholdengo|Protect
|move|p2a: Primarina|Hyper Voice|p1b: Porygon2|[spread] p1b
|-activate|p1a: Gholdengo|move: Protect
|-damage|p1b: Porygon2|11/100 psn
|move|p1b: Porygon2|Tera Blast|p2b: Sneasler|[anim] Tera Blast Flying
|-activate|p2b: Sneasler|move: Protect
|
|-heal|p1a: Gholdengo|28/100|[from] item: Leftovers
|-heal|p2a: Primarina|78/100|[from] item: Leftovers
|-damage|p1b: Porygon2|0 fnt|[from] psn
|faint|p1b: Porygon2
|upkeep
|
|t:|1756780042
|switch|p1b: Incineroar|Incineroar, L50, M|69/100
|-ability|p1b: Incineroar|Intimidate|boost
|-unboost|p2a: Primarina|atk|1
|-unboost|p2b: Sneasler|atk|1
|turn|5
|
|t:|1756780056
|move|p1b: Incineroar|Fake Out|p2a: Primarina
|-crit|p2a: Primarina
|-damage|p2a: Primarina|61/100
|move|p2b: Sneasler|Dire Claw|p1b: Incineroar
|-damage|p1b: Incineroar|45/100
|move|p1a: Gholdengo|Shadow Ball|p2b: Sneasler
|-damage|p2b: Sneasler|8/100
|-unboost|p2b: Sneasler|spd|1
|cant|p2a: Primarina|flinch
|
|-heal|p1a: Gholdengo|35/100|[from] item: Leftovers
|-heal|p2a: Primarina|67/100|[from] item: Leftovers
|upkeep
|turn|6
|inactive|INKevin has 30 seconds left.
|
|t:|1756780085
|move|p1a: Gholdengo|Protect|p1a: Gholdengo
|-singleturn|p1a: Gholdengo|Protect
|move|p2b: Sneasler|Dire Claw|p1b: Incineroar
|-damage|p1b: Incineroar|19/100
|-status|p1b: Incineroar|par
|move|p2a: Primarina|Hyper Voice|p1a: Gholdengo|[spread] p1b
|-activate|p1a: Gholdengo|move: Protect
|-supereffective|p1b: Incineroar
|-damage|p1b: Incineroar|0 fnt
|faint|p1b: Incineroar
|
|-heal|p1a: Gholdengo|41/100|[from] item: Leftovers
|-heal|p2a: Primarina|73/100|[from] item: Leftovers
|upkeep
|
|t:|1756780095
|switch|p1b: Ursaluna|Ursaluna, L50, M, shiny|100/100
|turn|7
|
|t:|1756780116
|move|p2b: Sneasler|Protect|p2b: Sneasler
|-singleturn|p2b: Sneasler|Protect
|move|p1b: Ursaluna|Protect|p1b: Ursaluna
|-singleturn|p1b: Ursaluna|Protect
|move|p1a: Gholdengo|Make It Rain|p2b: Sneasler|[spread] p2a
|-activate|p2b: Sneasler|move: Protect
|-damage|p2a: Primarina|50/100
|-unboost|p1a: Gholdengo|spa|1
|move|p2a: Primarina|Calm Mind|p2a: Primarina
|-boost|p2a: Primarina|spa|1
|-boost|p2a: Primarina|spd|1
|
|-heal|p1a: Gholdengo|47/100|[from] item: Leftovers
|-heal|p2a: Primarina|56/100|[from] item: Leftovers
|-status|p1b: Ursaluna|brn|[from] item: Flame Orb
|upkeep
|turn|8
|
|t:|1756780134
|move|p2b: Sneasler|Close Combat|p1b: Ursaluna
|-supereffective|p1b: Ursaluna
|-damage|p1b: Ursaluna|39/100 brn
|-unboost|p2b: Sneasler|def|1
|-unboost|p2b: Sneasler|spd|1
|move|p1a: Gholdengo|Shadow Ball|p2a: Primarina
|-damage|p2a: Primarina|46/100
|move|p2a: Primarina|Hyper Voice|p1b: Ursaluna|[spread] p1a,p1b
|-supereffective|p1b: Ursaluna
|-damage|p1a: Gholdengo|0 fnt
|-damage|p1b: Ursaluna|0 fnt
|faint|p1a: Gholdengo
|faint|p1b: Ursaluna
|
|win|mcLovin_moreno
|raw|INKevin's rating: 1036 → 1019(-17 for losing)
|raw|mcLovin_moreno's rating: 1000 → 1044(+44 for winning)
|l|☆INKevin
|player|p1|
|n|☆mcLovin_moreno|mclovinmoreno
