|j|☆vuelve chusooo
|j|☆Imreesithink
|html|vuelve chusoooImreesithink    
|uhtml|bestof|Game 2 of a best-of-3
|t:|1782590674
|gametype|doubles
|player|p1|vuelve chusooo|fisherman-gen4|1132
|player|p2|Imreesithink|blackbelt-gen4dp|1185
|gen|9
|tier|[Gen 9 Champions] VGC 2026 Reg M-B (Bo3)
|rated|
|rule|Species Clause: Limit one of each Pokémon
|rule|Item Clause: Limit 1 of each item
|clearpoke
|poke|p1|Whimsicott, L50, F|
|poke|p1|Swampert, L50, F|
|poke|p1|Pelipper, L50, M|
|poke|p1|Archaludon, L50, M|
|poke|p1|Floette-Eternal, L50, F|
|poke|p1|Basculegion, L50, M|
|poke|p2|Sneasler, L50, F|
|poke|p2|Sinistcha, L50|
|poke|p2|Incineroar, L50, M|
|poke|p2|Floette-Eternal, L50, F|
|poke|p2|Kingambit, L50, M|
|poke|p2|Delphox, L50, F|
|teampreview|4
|showteam|p1|Whimsicott||CobaBerry|Prankster|Moonblast,Tailwind,Encore,Protect|Bold||F|||50|]Swampert||Swampertite|Torrent|WaveCrash,Earthquake,IcePunch,Protect|Adamant||F|||50|]Pelipper||FocusSash|Drizzle|WeatherBall,Hurricane,Tailwind,Protect|Modest||M|||50|]Archaludon||Leftovers|Stamina|DracoMeteor,FlashCannon,ElectroShot,Protect|Modest||M|||50|]Floette-Eternal||Floettite|FlowerVeil|Moonblast,DazzlingGleam,LightofRuin,Protect|Modest||F|||50|]Basculegion||LifeOrb|Adaptability|Liquidation,LastRespects,AquaJet,Protect|Adamant||M|||50|
|showteam|p2|Sneasler||FocusSash|PoisonTouch|QuickGuard,FakeOut,PoisonJab,CloseCombat|Jolly||F|||50|]Sinistcha||OccaBerry|Hospitality|Protect,RagePowder,MatchaGotcha,TrickRoom|Bold|||||50|]Incineroar||SitrusBerry|Intimidate|FakeOut,FlareBlitz,ThroatChop,PartingShot|Careful||M|||50|]Floette-Eternal||Floettite|FlowerVeil|Protect,CalmMind,DazzlingGleam,Moonblast|Modest||F|||50|]Kingambit||BlackGlasses|Defiant|KowtowCleave,SwordsDance,SuckerPunch,Protect|Adamant||M|||50|]Delphox||Delphoxite|Blaze|Protect,NastyPlot,HeatWave,Psyshock|Timid||F|||50|
|inactive|Battle timer is ON: inactive players will automatically lose when time's up. (requested by Imreesithink)
|inactive|vuelve chusooo has 60 seconds left.
|inactive|vuelve chusooo has 30 seconds left.
|inactive|vuelve chusooo has 20 seconds left.
|inactive|vuelve chusooo has 15 seconds left.
|inactive|vuelve chusooo has 10 seconds left.
|inactive|vuelve chusooo has 5 seconds left.
|
|t:|1782590763
|teamsize|p1|4
|teamsize|p2|4
|start
|switch|p1a: Swampert|Swampert, L50, F|100/100
|switch|p1b: Pelipper|Pelipper, L50, M|100/100
|switch|p2a: Sneasler|Sneasler, L50, F|100/100
|switch|p2b: Kingambit|Kingambit, L50, M|100/100
|-weather|RainDance|[from] ability: Drizzle|[of] p1b: Pelipper
|turn|1
|inactive|vuelve chusooo has 30 seconds left.
|inactive|Imreesithink has 30 seconds left.
|inactive|vuelve chusooo has 20 seconds left.
|
|t:|1782590802
|detailschange|p1a: Swampert|Swampert-Mega, L50, F
|-mega|p1a: Swampert|Swampert|Swampertite
|move|p2a: Sneasler|Fake Out|p1a: Swampert
|-damage|p1a: Swampert|88/100
|cant|p1a: Swampert|flinch
|move|p1b: Pelipper|Hurricane|p2a: Sneasler
|-supereffective|p2a: Sneasler|1
|-enditem|p2a: Sneasler|Focus Sash
|-damage|p2a: Sneasler|1/100
|move|p2b: Kingambit|Kowtow Cleave|p1a: Swampert
|-damage|p1a: Swampert|35/100
|
|-weather|RainDance|[upkeep]
|upkeep
|turn|2
|inactive|vuelve chusooo has 30 seconds left.
|inactive|Imreesithink has 30 seconds left.
|
|t:|1782590837
|move|p2b: Kingambit|Sucker Punch|p1a: Swampert
|-damage|p1a: Swampert|0 fnt
|faint|p1a: Swampert
|move|p2a: Sneasler|Poison Jab|p1b: Pelipper
|-damage|p1b: Pelipper|47/100
|move|p1b: Pelipper|Tailwind|p1b: Pelipper
|-sidestart|p1: vuelve chusooo|move: Tailwind
|
|-weather|RainDance|[upkeep]
|upkeep
|
|t:|1782590854
|switch|p1a: Archaludon|Archaludon, L50, M|100/100
|turn|3
|inactive|Imreesithink has 30 seconds left.
|
|t:|1782590884
|switch|p2a: Sinistcha|Sinistcha, L50|100/100
|move|p2b: Kingambit|Sucker Punch|p1b: Pelipper
|-damage|p1b: Pelipper|0 fnt
|faint|p1b: Pelipper
|move|p1a: Archaludon|Electro Shot||[still]
|-prepare|p1a: Archaludon|Electro Shot
|-boost|p1a: Archaludon|spa|1
|-anim|p1a: Archaludon|Electro Shot|p2b: Kingambit
|-damage|p2b: Kingambit|42/100
|
|-weather|RainDance|[upkeep]
|upkeep
|
|t:|1782590894
|switch|p1b: Basculegion|Basculegion, L50, M|100/100
|turn|4
|
|t:|1782590916
|move|p2a: Sinistcha|Protect|p2a: Sinistcha
|-singleturn|p2a: Sinistcha|Protect
|move|p2b: Kingambit|Protect|p2b: Kingambit
|-singleturn|p2b: Kingambit|Protect
|move|p1b: Basculegion|Aqua Jet|p2b: Kingambit
|-activate|p2b: Kingambit|move: Protect
|move|p1a: Archaludon|Electro Shot||[still]
|-prepare|p1a: Archaludon|Electro Shot
|-boost|p1a: Archaludon|spa|1
|-anim|p1a: Archaludon|Electro Shot|p2b: Kingambit
|-activate|p2b: Kingambit|move: Protect
|
|-weather|RainDance|[upkeep]
|upkeep
|turn|5
|
|t:|1782590938
|move|p2a: Sinistcha|Rage Powder|p2a: Sinistcha
|-singleturn|p2a: Sinistcha|move: Rage Powder
|move|p1b: Basculegion|Last Respects|p2a: Sinistcha
|-supereffective|p2a: Sinistcha|1
|-damage|p2a: Sinistcha|0 fnt
|faint|p2a: Sinistcha
|-damage|p1b: Basculegion|90/100|[from] item: Life Orb
|move|p1a: Archaludon|Electro Shot||[still]
|-prepare|p1a: Archaludon|Electro Shot
|-boost|p1a: Archaludon|spa|1
|-anim|p1a: Archaludon|Electro Shot|p2b: Kingambit
|-damage|p2b: Kingambit|0 fnt
|faint|p2b: Kingambit
|
|-weather|none
|-sideend|p1: vuelve chusooo|move: Tailwind
|upkeep
|
|t:|1782590943
|switch|p2a: Floette|Floette-Eternal, L50, F|100/100
|switch|p2b: Sneasler|Sneasler, L50, F|1/100
|turn|6
|inactive|vuelve chusooo has 30 seconds left.
|
|t:|1782590969
|detailschange|p2a: Floette|Floette-Mega, L50, F
|-mega|p2a: Floette|Floette|Floettite
|-ability|p2a: Floette|Fairy Aura
|move|p1a: Archaludon|Protect|p1a: Archaludon
|-singleturn|p1a: Archaludon|Protect
|move|p2b: Sneasler|Close Combat|p1a: Archaludon
|-activate|p1a: Archaludon|move: Protect
|move|p2a: Floette|Dazzling Gleam|p1b: Basculegion|[spread] p1b
|-activate|p1a: Archaludon|move: Protect
|-damage|p1b: Basculegion|31/100
|move|p1b: Basculegion|Last Respects|p2a: Floette
|-crit|p2a: Floette
|-damage|p2a: Floette|0 fnt
|faint|p2a: Floette
|-damage|p1b: Basculegion|22/100|[from] item: Life Orb
|
|upkeep
|turn|7
|
|t:|1782590988
|move|p2b: Sneasler|Close Combat|p1a: Archaludon
|-supereffective|p1a: Archaludon|1
|-damage|p1a: Archaludon|14/100
|-unboost|p2b: Sneasler|def|1
|-unboost|p2b: Sneasler|spd|1
|-ability|p1a: Archaludon|Stamina|boost
|-boost|p1a: Archaludon|def|1
|move|p1b: Basculegion|Last Respects|p2b: Sneasler
|-damage|p2b: Sneasler|0 fnt
|faint|p2b: Sneasler
|-damage|p1b: Basculegion|12/100|[from] item: Life Orb
|
|win|vuelve chusooo
||Imreesithink is ready for game 3.
||vuelve chusooo is ready for game 3.
|uhtml|next|Next: Game 3 of 3
|l|☆Imreesithink
|player|p2|
