|j|☆bigdamagego
|j|☆schwimmbutz87
|html|bigdamagegoschwimmbutz87    
|uhtml|bestof|Game 1 of a best-of-3
|t:|1783425230
|gametype|doubles
|player|p1|bigdamagego|steven|1111
|player|p2|schwimmbutz87|drayden|1000
|gen|9
|tier|[Gen 9 Champions] VGC 2026 Reg M-B (Bo3)
|rated|
|rule|Species Clause: Limit one of each Pokémon
|rule|Item Clause: Limit 1 of each item
|clearpoke
|poke|p1|Floette-Eternal, L50, F|
|poke|p1|Delphox, L50, M|
|poke|p1|Kingambit, L50, M|
|poke|p1|Sneasler, L50, F|
|poke|p1|Sinistcha, L50|
|poke|p1|Incineroar, L50, M|
|poke|p2|Basculegion, L50, M, shiny|
|poke|p2|Sableye, L50, F, shiny|
|poke|p2|Pelipper, L50, F, shiny|
|poke|p2|Swampert, L50, M, shiny|
|poke|p2|Staraptor, L50, F, shiny|
|poke|p2|Archaludon, L50, M, shiny|
|teampreview|4
|showteam|p1|Floette-Eternal||Floettite|FlowerVeil|Protect,CalmMind,DazzlingGleam,DrainingKiss|Modest||F|||50|]Delphox||Delphoxite|Blaze|HeatWave,Psychic,NastyPlot,Protect|Timid||M|||50|]Kingambit||BlackGlasses|Defiant|SuckerPunch,KowtowCleave,SwordsDance,Protect|Adamant||M|||50|]Sneasler||FocusSash|PoisonTouch|FakeOut,PoisonJab,CloseCombat,QuickGuard|Jolly||F|||50|]Sinistcha||CobaBerry|Hospitality|MatchaGotcha,RagePowder,Protect,TrickRoom|Calm|||||50|]Incineroar||SitrusBerry|Intimidate|FakeOut,FlareBlitz,ThroatChop,PartingShot|Bold||M|||50|
|showteam|p2|Basculegion||ChoiceScarf|SwiftSwim|AquaJet,FlipTurn,LastRespects,WaveCrash|Adamant||M|||50|]Sableye||LightClay|Prankster|LightScreen,Reflect,RainDance,WillOWisp|Calm||F|||50|]Pelipper||FocusSash|Drizzle|Hurricane,WeatherBall,Tailwind,WideGuard|Timid||F|||50|]Swampert||Swampertite|Torrent|WaveCrash,Earthquake,Protect,IcePunch|Adamant||M|||50|]Staraptor||QuickClaw|Intimidate|FinalGambit,Protect,RainDance,QuickAttack|Jolly||F|||50|]Archaludon||Leftovers|Stamina|ElectroShot,FlashCannon,DracoMeteor,Protect|Calm||M|||50|
|inactive|Battle timer is ON: inactive players will automatically lose when time's up. (requested by schwimmbutz87)
|inactive|bigdamagego has 60 seconds left.
|inactive|schwimmbutz87 has 60 seconds left.
|j| floettefan670
|inactive|bigdamagego has 30 seconds left.
|
|t:|1783425295
|teamsize|p1|4
|teamsize|p2|4
|start
|switch|p1a: Floette|Floette-Eternal, L50, F|100/100
|switch|p1b: Sinistcha|Sinistcha, L50|100/100
|switch|p2a: Sableye|Sableye, L50, F, shiny|100/100
|switch|p2b: Basculegion|Basculegion, L50, M, shiny|100/100
|turn|1
|
|t:|1783425319
|detailschange|p1a: Floette|Floette-Mega, L50, F
|-mega|p1a: Floette|Floette|Floettite
|-ability|p1a: Floette|Fairy Aura
|move|p1b: Sinistcha|Rage Powder|p1b: Sinistcha
|-singleturn|p1b: Sinistcha|move: Rage Powder
|move|p2a: Sableye|Light Screen|p2a: Sableye
|-sidestart|p2: schwimmbutz87|move: Light Screen
|move|p2b: Basculegion|Flip Turn|p1b: Sinistcha
|-resisted|p1b: Sinistcha|1
|-damage|p1b: Sinistcha|86/100
|
|t:|1783425328
|switch|p2b: Pelipper|Pelipper, L50, F, shiny|100/100|[from] Flip Turn
|-weather|RainDance|[from] ability: Drizzle|[of] p2b: Pelipper
|move|p1a: Floette|Calm Mind|p1a: Floette
|-boost|p1a: Floette|spa|1
|-boost|p1a: Floette|spd|1
|
|-weather|RainDance|[upkeep]
|upkeep
|turn|2
|inactive|bigdamagego has 30 seconds left.
|
|t:|1783425362
|switch|p2a: Basculegion|Basculegion, L50, M, shiny|100/100
|move|p1b: Sinistcha|Protect|p1b: Sinistcha
|-singleturn|p1b: Sinistcha|Protect
|move|p1a: Floette|Draining Kiss|p2b: Pelipper
|-damage|p2b: Pelipper|28/100
|move|p2b: Pelipper|Hurricane|p1b: Sinistcha
|-activate|p1b: Sinistcha|move: Protect
|
|-weather|RainDance|[upkeep]
|upkeep
|turn|3
|inactive|schwimmbutz87 has 30 seconds left.
|
|t:|1783425394
|move|p1b: Sinistcha|Rage Powder|p1b: Sinistcha
|-singleturn|p1b: Sinistcha|move: Rage Powder
|move|p2a: Basculegion|Wave Crash|p1b: Sinistcha
|-resisted|p1b: Sinistcha|1
|-damage|p1b: Sinistcha|44/100
|-damage|p2a: Basculegion|87/100|[from] Recoil
|move|p1a: Floette|Dazzling Gleam|p2b: Pelipper|[spread] p2a,p2b
|-damage|p2a: Basculegion|34/100
|-damage|p2b: Pelipper|0 fnt
|faint|p2b: Pelipper
|
|-weather|RainDance|[upkeep]
|upkeep
|
|t:|1783425408
|switch|p2b: Swampert|Swampert, L50, M, shiny|100/100
|turn|4
|
|t:|1783425427
|detailschange|p2b: Swampert|Swampert-Mega, L50, M, shiny
|-mega|p2b: Swampert|Swampert|Swampertite
|move|p1a: Floette|Protect|p1a: Floette
|-singleturn|p1a: Floette|Protect
|move|p1b: Sinistcha|Protect|p1b: Sinistcha
|-singleturn|p1b: Sinistcha|Protect
|move|p2a: Basculegion|Wave Crash|p1a: Floette
|-activate|p1a: Floette|move: Protect
|move|p2b: Swampert|Wave Crash|p1a: Floette
|-activate|p1a: Floette|move: Protect
|
|-weather|RainDance|[upkeep]
|upkeep
|turn|5
|
|t:|1783425451
|move|p1b: Sinistcha|Rage Powder|p1b: Sinistcha
|-singleturn|p1b: Sinistcha|move: Rage Powder
|move|p2a: Basculegion|Wave Crash|p1b: Sinistcha
|-resisted|p1b: Sinistcha|1
|-damage|p1b: Sinistcha|2/100
|-damage|p2a: Basculegion|21/100|[from] Recoil
|move|p2b: Swampert|Wave Crash|p1b: Sinistcha
|-resisted|p1b: Sinistcha|1
|-damage|p1b: Sinistcha|0 fnt
|faint|p1b: Sinistcha
|-damage|p2b: Swampert|99/100|[from] Recoil
|move|p1a: Floette|Dazzling Gleam|p2a: Basculegion|[spread] p2a,p2b
|-damage|p2a: Basculegion|0 fnt
|-damage|p2b: Swampert|63/100
|faint|p2a: Basculegion
|
|-weather|none
|upkeep
|
|t:|1783425464
|switch|p2a: Sableye|Sableye, L50, F, shiny|100/100
|switch|p1b: Kingambit|Kingambit, L50, M|100/100
|turn|6
|
|t:|1783425473
|move|p1b: Kingambit|Sucker Punch|p2b: Swampert
|-damage|p2b: Swampert|27/100
|move|p2a: Sableye|Rain Dance|p2a: Sableye
|-weather|RainDance
|move|p2b: Swampert|Earthquake|p1a: Floette|[spread] p2a,p1a,p1b
|-supereffective|p1b: Kingambit|1
|-damage|p2a: Sableye|35/100
|-damage|p1a: Floette|51/100
|-damage|p1b: Kingambit|27/100
|move|p1a: Floette|Dazzling Gleam|p2b: Swampert|[spread] p2a,p2b
|-supereffective|p2a: Sableye|1
|-damage|p2a: Sableye|0 fnt
|-damage|p2b: Swampert|0 fnt
|faint|p2a: Sableye
|faint|p2b: Swampert
|
|win|bigdamagego
