|j|☆Linkmasterjr
|j|☆jonathan53332
|html|Linkmasterjrjonathan53332    
|uhtml|bestof|Game 1 of a best-of-3
|t:|1782458879
|gametype|doubles
|player|p1|Linkmasterjr|265|
|player|p2|jonathan53332|266|
|gen|9
|tier|[Gen 9 Champions] VGC 2026 Reg M-B (Bo3)
|rule|Species Clause: Limit one of each Pokémon
|rule|Item Clause: Limit 1 of each item
|clearpoke
|poke|p1|Raichu, L50, M|
|poke|p1|Staraptor, L50, F|
|poke|p1|Grimmsnarl, L50, M|
|poke|p1|Politoed, L50, M|
|poke|p1|Archaludon, L50, F|
|poke|p1|Whimsicott, L50, M|
|poke|p2|Primarina, L50, M|
|poke|p2|Sinistcha-Masterpiece, L50, shiny|
|poke|p2|Pelipper, L50, M|
|poke|p2|Meganium, L50, F, shiny|
|poke|p2|Excadrill, L50, F|
|poke|p2|Sceptile, L50, F|
|teampreview|4
|showteam|p1|Raichu||RaichuniteY|LightningRod|Thunder,KnockOff,AlluringVoice,FakeOut|Hasty||M|||50|]Staraptor||Staraptite|Intimidate|CloseCombat,Tailwind,BraveBird,Protect|Jolly||F|||50|]Grimmsnarl||LightClay|Prankster|LightScreen,Reflect,PartingShot,SpiritBreak|Careful||M|||50|]Politoed||DampRock|Drizzle|EarthPower,Surf,Protect,IcyWind|Modest||M|||50|]Archaludon||FocusSash|Stamina|FlashCannon,ElectroShot,AuraSphere,Protect|Timid||F|||50|]Whimsicott||SitrusBerry|Prankster|TrickRoom,Tailwind,Protect,GigaDrain|Relaxed||M|||50|
|showteam|p2|Primarina||Leftovers|LiquidVoice|HyperVoice,Blizzard,EnergyBall,ShadowBall|Modest||M|||50|]Sinistcha-Masterpiece||SitrusBerry|Hospitality|MatchaGotcha,StrengthSap,ShadowBall,Scald|Modest|||||50|]Pelipper||FocusSash|Drizzle|Hurricane,WideGuard,IcyWind,Tailwind|Modest||M|||50|]Meganium||Meganiumite|LeafGuard|WeatherBall,SolarBeam,DazzlingGleam,Synthesis|Timid||F|||50|]Excadrill||Excadrite|SandRush|Earthquake,IronHead,BrickBreak,Protect|Jolly||F|||50|]Sceptile||Sceptilite|Overgrow|DragonPulse,FrenzyPlant,VacuumWave,Endeavor|Timid||F|||50|
|inactive|Battle timer is ON: inactive players will automatically lose when time's up. (requested by Linkmasterjr)
|l|☆jonathan53332
|inactive|jonathan53332 disconnected and has 300 seconds to reconnect!
|player|p2|
|j|☆jonathan53332
|inactive|jonathan53332 reconnected and has 90 seconds left.
|player|p2|jonathan53332|266|
|
|t:|1782458945
|teamsize|p1|4
|teamsize|p2|4
|start
|switch|p1a: Grimmsnarl|Grimmsnarl, L50, M|100/100
|switch|p1b: Raichu|Raichu, L50, M|100/100
|switch|p2a: Excadrill|Excadrill, L50, F|100/100
|switch|p2b: Pelipper|Pelipper, L50, M|100/100
|-weather|RainDance|[from] ability: Drizzle|[of] p2b: Pelipper
|turn|1
|inactive|Linkmasterjr has 30 seconds left.
|
|t:|1782458976
|move|p2a: Excadrill|Protect|p2a: Excadrill
|-singleturn|p2a: Excadrill|Protect
|move|p1b: Raichu|Fake Out|p2a: Excadrill
|-activate|p2a: Excadrill|move: Protect
|move|p1a: Grimmsnarl|Parting Shot|p2a: Excadrill
|-activate|p2a: Excadrill|move: Protect
|move|p2b: Pelipper|Tailwind|p2b: Pelipper
|-sidestart|p2: jonathan53332|move: Tailwind
|
|-weather|RainDance|[upkeep]
|upkeep
|turn|2
|l|☆jonathan53332
|inactive|jonathan53332 disconnected and has 275 seconds to reconnect!
|player|p2|
|inactive|jonathan53332 has 270 seconds to reconnect!
|j|☆jonathan53332
|inactive|jonathan53332 reconnected and has 55 seconds left.
|player|p2|jonathan53332|266|
|inactive|jonathan53332 has 30 seconds left.
|
|t:|1782459027
|move|p1a: Grimmsnarl|Parting Shot|p2a: Excadrill
|-unboost|p2a: Excadrill|atk|1
|-unboost|p2a: Excadrill|spa|1
|
|t:|1782459034
|switch|p1a: Archaludon|Archaludon, L50, F|100/100|[from] Parting Shot
|move|p2a: Excadrill|Earthquake|p1b: Raichu|[spread] p1a,p1b
|-immune|p2b: Pelipper
|-supereffective|p1a: Archaludon|1
|-supereffective|p1b: Raichu|1
|-damage|p1a: Archaludon|53/100
|-damage|p1b: Raichu|0 fnt
|-ability|p1a: Archaludon|Stamina|boost
|-boost|p1a: Archaludon|def|1
|faint|p1b: Raichu
|move|p2b: Pelipper|Hurricane|p1a: Archaludon
|-resisted|p1a: Archaludon|1
|-damage|p1a: Archaludon|11/100
|-ability|p1a: Archaludon|Stamina|boost
|-boost|p1a: Archaludon|def|1
|
|-weather|RainDance|[upkeep]
|upkeep
|
|t:|1782459045
|switch|p1b: Staraptor|Staraptor, L50, F|100/100
|-ability|p1b: Staraptor|Intimidate|boost
|-unboost|p2a: Excadrill|atk|1
|-unboost|p2b: Pelipper|atk|1
|turn|3
|
|t:|1782459065
|detailschange|p1b: Staraptor|Staraptor-Mega, L50, F
|-mega|p1b: Staraptor|Staraptor|Staraptite
|move|p1a: Archaludon|Protect|p1a: Archaludon
|-singleturn|p1a: Archaludon|Protect
|move|p2a: Excadrill|Iron Head|p1b: Staraptor
|-damage|p1b: Staraptor|75/100
|move|p2b: Pelipper|Hurricane|p1a: Archaludon
|-activate|p1a: Archaludon|move: Protect
|move|p1b: Staraptor|Brave Bird|p2b: Pelipper
|-damage|p2b: Pelipper|19/100
|-damage|p1b: Staraptor|53/100|[from] Recoil
|
|-weather|RainDance|[upkeep]
|upkeep
|turn|4
|
|t:|1782459088
|switch|p1a: Grimmsnarl|Grimmsnarl, L50, M|100/100
|move|p1b: Staraptor|Protect|p1b: Staraptor
|-singleturn|p1b: Staraptor|Protect
|move|p2a: Excadrill|Iron Head|p1b: Staraptor
|-activate|p1b: Staraptor|move: Protect
|move|p2b: Pelipper|Hurricane|p1a: Grimmsnarl
|-damage|p1a: Grimmsnarl|63/100
|
|-weather|RainDance|[upkeep]
|-sideend|p2: jonathan53332|move: Tailwind
|upkeep
|turn|5
|
|t:|1782459100
|move|p2a: Excadrill|Protect|p2a: Excadrill
|-singleturn|p2a: Excadrill|Protect
|move|p1a: Grimmsnarl|Reflect|p1a: Grimmsnarl
|-sidestart|p1: Linkmasterjr|Reflect
|move|p1b: Staraptor|Close Combat|p2b: Pelipper
|-resisted|p2b: Pelipper|1
|-damage|p2b: Pelipper|0 fnt
|-boost|p1b: Staraptor|def|1
|-boost|p1b: Staraptor|spd|1
|faint|p2b: Pelipper
|
|-weather|none
|upkeep
|
|t:|1782459111
|switch|p2b: Sceptile|Sceptile, L50, F|100/100
|turn|6
|inactive|jonathan53332 has 30 seconds left.
|
|t:|1782459141
|detailschange|p2b: Sceptile|Sceptile-Mega, L50, F
|-mega|p2b: Sceptile|Sceptile|Sceptilite
|move|p1a: Grimmsnarl|Parting Shot|p2a: Excadrill
|-unboost|p2a: Excadrill|atk|1
|-unboost|p2a: Excadrill|spa|1
|
|t:|1782459146
|switch|p1a: Archaludon|Archaludon, L50, F|11/100|[from] Parting Shot
|move|p2b: Sceptile|Dragon Pulse|p1b: Staraptor
|-crit|p1b: Staraptor
|-damage|p1b: Staraptor|0 fnt
|faint|p1b: Staraptor
|move|p2a: Excadrill|Iron Head|p1a: Archaludon
|-resisted|p1a: Archaludon|1
|-damage|p1a: Archaludon|6/100
|-ability|p1a: Archaludon|Stamina|boost
|-boost|p1a: Archaludon|def|1
|
|upkeep
|l|☆jonathan53332
|inactive|jonathan53332 disconnected and has 250 seconds to reconnect!
|player|p2|
|
|t:|1782459155
|switch|p1b: Grimmsnarl|Grimmsnarl, L50, M|63/100
|turn|7
|j|☆jonathan53332
|inactive|jonathan53332 reconnected and has 55 seconds left.
|player|p2|jonathan53332|266|
|
|t:|1782459168
|move|p2b: Sceptile|Dragon Pulse|p1a: Archaludon
|-damage|p1a: Archaludon|0 fnt
|faint|p1a: Archaludon
|move|p2a: Excadrill|Iron Head|p1b: Grimmsnarl
|-supereffective|p1b: Grimmsnarl|1
|-damage|p1b: Grimmsnarl|36/100
|move|p1b: Grimmsnarl|Spirit Break|p2b: Sceptile
|-supereffective|p2b: Sceptile|1
|-damage|p2b: Sceptile|10/100
|-unboost|p2b: Sceptile|spa|1
|
|upkeep
|turn|8
|
|t:|1782459176
|move|p2b: Sceptile|Frenzy Plant|p1b: Grimmsnarl|[miss]
|-miss|p2b: Sceptile|p1b: Grimmsnarl
|move|p2a: Excadrill|Iron Head|p1b: Grimmsnarl
|-supereffective|p1b: Grimmsnarl|1
|-damage|p1b: Grimmsnarl|5/100
|move|p1b: Grimmsnarl|Spirit Break|p2b: Sceptile
|-supereffective|p2b: Sceptile|1
|-damage|p2b: Sceptile|0 fnt
|faint|p2b: Sceptile
|
|upkeep
|
|t:|1782459181
|switch|p2b: Meganium|Meganium, L50, F, shiny|100/100
|turn|9
|
|t:|1782459191
|move|p2a: Excadrill|Iron Head|p1b: Grimmsnarl
|-supereffective|p1b: Grimmsnarl|1
|-damage|p1b: Grimmsnarl|0 fnt
|faint|p1b: Grimmsnarl
|
|win|jonathan53332
