|j|☆Aircross360
|j|☆Giraffes in Gdansk
|html|Aircross360Giraffes in Gdansk    
|uhtml|bestof|Game 1 of a best-of-3
|t:|1756382405
|gametype|doubles
|player|p1|Aircross360|170|1147
|player|p2|Giraffes in Gdansk|acetrainer-gen4dp|1314
|gen|9
|tier|[Gen 9] VGC 2025 Reg H (Bo3)
|rated|
|rule|Species Clause: Limit one of each Pokémon
|rule|Item Clause: Limit 1 of each item
|clearpoke
|poke|p1|Annihilape, L50, M|
|poke|p1|Gholdengo, L50|
|poke|p1|Dragonite, L50, M|
|poke|p1|Ninetales-Alola, L50, F|
|poke|p1|Magmar, L50, F|
|poke|p1|Ursaluna-Bloodmoon, L50, M|
|poke|p2|Dragonite, L50, M|
|poke|p2|Amoonguss, L50, M|
|poke|p2|Incineroar, L50, M|
|poke|p2|Ursaluna, L50, M|
|poke|p2|Sneasler, L50, M|
|poke|p2|Farigiraf, L50, F|
|teampreview|4
|showteam|p1|Annihilape||SafetyGoggles|Defiant|DrainPunch,RageFist,BulkUp,Protect|||M|||50|,,,,,Water]Gholdengo||MetalCoat|GoodasGold|MakeItRain,ShadowBall,NastyPlot,Protect||||||50|,,,,,Dragon]Dragonite||LoadedDice|Multiscale|ScaleShot,ExtremeSpeed,IceSpinner,Protect|||M|||50|,,,,,Steel]Ninetales-Alola||LightClay|SnowWarning|Blizzard,Encore,IcyWind,AuroraVeil|||F|||50|,,,,,Ghost]Magmar||Eviolite|FlameBody|Overheat,FollowMe,Protect,ClearSmog|||F|||50|,,,,,Ghost]Ursaluna-Bloodmoon||AssaultVest|MindsEye|BloodMoon,EarthPower,HyperVoice,VacuumWave|||M|||50|,,,,,Water
|showteam|p2|Dragonite||LoadedDice|Multiscale|ScaleShot,Tailwind,Haze,Protect|||M|||50|,,,,,Fairy]Amoonguss||SitrusBerry|Regenerator|Spore,RagePowder,PollenPuff,Protect|||M|||50|,,,,,Psychic]Incineroar||SafetyGoggles|Intimidate|FlareBlitz,KnockOff,FakeOut,PartingShot|||M|||50|,,,,,Ghost]Ursaluna||FlameOrb|Guts|Earthquake,HeadlongRush,Facade,Protect|||M|||50|,,,,,Normal]Sneasler||FocusSash|Unburden|CloseCombat,DireClaw,Coaching,Protect|||M|||50|,,,,,Stellar]Farigiraf||ThroatSpray|ArmorTail|HyperVoice,TwinBeam,TrickRoom,Protect|||F|||50|,,,,,Fire
|c|☆Giraffes in Gdansk|Glhf
|
|t:|1756382511
|teamsize|p1|4
|teamsize|p2|4
|start
|switch|p1a: Annihilape|Annihilape, L50, M|100/100
|switch|p1b: Dragonite|Dragonite, L50, M|100/100
|switch|p2a: Jbungo|Dragonite, L50, M, shiny|100/100
|switch|p2b: Shblingus|Sneasler, L50, M, shiny|100/100
|turn|1
|inactive|Battle timer is ON: inactive players will automatically lose when time's up. (requested by Giraffes in Gdansk)
|
|t:|1756382585
|-terastallize|p1b: Dragonite|Steel
|move|p2b: Shblingus|Close Combat|p1b: Dragonite
|-supereffective|p1b: Dragonite
|-damage|p1b: Dragonite|28/100
|-unboost|p2b: Shblingus|def|1
|-unboost|p2b: Shblingus|spd|1
|move|p1a: Annihilape|Bulk Up|p1a: Annihilape
|-boost|p1a: Annihilape|atk|1
|-boost|p1a: Annihilape|def|1
|move|p1b: Dragonite|Scale Shot|p2b: Shblingus|[miss]
|-miss|p1b: Dragonite|p2b: Shblingus
|move|p2a: Jbungo|Scale Shot|p1b: Dragonite
|-resisted|p1b: Dragonite
|-damage|p1b: Dragonite|20/100
|-resisted|p1b: Dragonite
|-damage|p1b: Dragonite|11/100
|-resisted|p1b: Dragonite
|-damage|p1b: Dragonite|3/100
|-resisted|p1b: Dragonite
|-damage|p1b: Dragonite|0 fnt
|faint|p1b: Dragonite
|-hitcount|p1: Dragonite|4
|-unboost|p2a: Jbungo|def|1
|-boost|p2a: Jbungo|spe|1
|
|upkeep
|inactive|Aircross360 has 30 seconds left.
|
|t:|1756382611
|switch|p1b: Ursaluna|Ursaluna-Bloodmoon, L50, M|100/100
|turn|2
|
|t:|1756382621
|move|p2a: Jbungo|Tailwind|p2a: Jbungo
|-sidestart|p2: Giraffes in Gdansk|move: Tailwind
|move|p2b: Shblingus|Close Combat|p1b: Ursaluna
|-supereffective|p1b: Ursaluna
|-damage|p1b: Ursaluna|0 fnt
|-unboost|p2b: Shblingus|def|1
|-unboost|p2b: Shblingus|spd|1
|faint|p1b: Ursaluna
|move|p1a: Annihilape|Rage Fist|p2b: Shblingus
|-enditem|p2b: Shblingus|Focus Sash
|-damage|p2b: Shblingus|1/100
|
|upkeep
|
|t:|1756382632
|switch|p1b: Magmar|Magmar, L50, F|100/100
|turn|3
|
|t:|1756382648
|move|p1b: Magmar|Follow Me|p1b: Magmar
|-singleturn|p1b: Magmar|move: Follow Me
|move|p2b: Shblingus|Coaching|p2a: Jbungo
|-boost|p2a: Jbungo|atk|1
|-boost|p2a: Jbungo|def|1
|move|p2a: Jbungo|Scale Shot|p1b: Magmar|[miss]
|-miss|p2a: Jbungo|p1b: Magmar
|move|p1a: Annihilape|Rage Fist|p2a: Jbungo
|-damage|p2a: Jbungo|84/100
|
|upkeep
|turn|4
|inactive|Aircross360 has 30 seconds left.
|inactive|Aircross360 has 20 seconds left.
|
|t:|1756382685
|move|p1b: Magmar|Follow Me|p1b: Magmar
|-singleturn|p1b: Magmar|move: Follow Me
|move|p2b: Shblingus|Coaching|p2a: Jbungo
|-boost|p2a: Jbungo|atk|1
|-boost|p2a: Jbungo|def|1
|move|p2a: Jbungo|Scale Shot|p1b: Magmar
|-damage|p1b: Magmar|79/100
|-damage|p1b: Magmar|58/100
|-damage|p1b: Magmar|37/100
|-damage|p1b: Magmar|17/100
|-hitcount|p1b: Magmar|4
|-unboost|p2a: Jbungo|def|1
|-boost|p2a: Jbungo|spe|1
|move|p1a: Annihilape|Rage Fist|p2a: Jbungo
|-damage|p2a: Jbungo|48/100
|
|upkeep
|turn|5
|inactive|Aircross360 has 30 seconds left.
|
|t:|1756382718
|move|p2a: Jbungo|Protect|p2a: Jbungo
|-singleturn|p2a: Jbungo|Protect
|move|p1b: Magmar|Protect|p1b: Magmar
|-singleturn|p1b: Magmar|Protect
|move|p2b: Shblingus|Dire Claw|p1b: Magmar
|-activate|p1b: Magmar|move: Protect
|move|p1a: Annihilape|Rage Fist|p2a: Jbungo
|-activate|p2a: Jbungo|move: Protect
|
|-sideend|p2: Giraffes in Gdansk|move: Tailwind
|upkeep
|turn|6
|
|t:|1756382729
|move|p1b: Magmar|Follow Me|p1b: Magmar
|-singleturn|p1b: Magmar|move: Follow Me
|move|p2b: Shblingus|Dire Claw|p1b: Magmar
|-damage|p1b: Magmar|0 fnt
|faint|p1b: Magmar
|move|p2a: Jbungo|Tailwind|p2a: Jbungo
|-sidestart|p2: Giraffes in Gdansk|move: Tailwind
|move|p1a: Annihilape|Rage Fist|p2a: Jbungo
|-damage|p2a: Jbungo|11/100
|
|upkeep
|turn|7
|-message|Aircross360 forfeited.
|
|win|Giraffes in Gdansk
||Aircross360 is ready for game 2.
