|j|☆PigsPigsPigsPigs
|j|☆policho98
|html|PigsPigsPigsPigspolicho98    
|uhtml|bestof|Game 1 of a best-of-3
|t:|1757673327
|gametype|doubles
|player|p1|PigsPigsPigsPigs|marley|1140
|player|p2|policho98|pokemonranger|1131
|gen|9
|tier|[Gen 9] VGC 2025 Reg H (Bo3)
|rated|
|rule|Species Clause: Limit one of each Pokémon
|rule|Item Clause: Limit 1 of each item
|clearpoke
|poke|p1|Indeedee-F, L50, F|
|poke|p1|Armarouge, L50, M|
|poke|p1|Ursaluna, L50, F|
|poke|p1|Gallade, L50, M|
|poke|p1|Incineroar, L50, M|
|poke|p1|Sneasler, L50, F|
|poke|p2|Gengar, L50, F|
|poke|p2|Sylveon, L50, F|
|poke|p2|Garchomp, L50, F|
|poke|p2|Kingambit, L50, F|
|poke|p2|Torkoal, L50, M|
|poke|p2|Whimsicott, L50, M|
|teampreview|4
|showteam|p1|Indeedee-F||FocusSash|PsychicSurge|FollowMe,TrickRoom,HelpingHand,Psychic|||F|||50|,,,,,Fairy]Armarouge||LifeOrb|FlashFire|ExpandingForce,ArmorCannon,TrickRoom,Protect|||M|||50|,,,,,Grass]Ursaluna||FlameOrb|Guts|Facade,Earthquake,HeadlongRush,Protect|||F|||50|,,,,,Ghost]Gallade||ClearAmulet|Sharpness|SacredSword,PsychoCut,TrickRoom,WideGuard|||M|||50|,,,,,Steel]Incineroar||SafetyGoggles|Intimidate|FakeOut,FlareBlitz,KnockOff,PartingShot|||M|||50|,,,,,Flying]Sneasler||PsychicSeed|Unburden|DireClaw,CloseCombat,ThroatChop,Protect|||F|||50|,,,,,Stellar
|showteam|p2|Gengar||FocusSash|CursedBody|SludgeBomb,ShadowBall,Haze,Protect|||F|||50|,,,,,Stellar]Sylveon||ExpertBelt|Pixilate|HyperBeam,HyperVoice,Moonblast,Protect|||F|||50|,,,,,Steel]Garchomp||LifeOrb|RoughSkin|StompingTantrum,DragonClaw,SwordsDance,Protect|||F|||50|,,,,,Fire]Kingambit||AssaultVest|Defiant|SuckerPunch,KowtowCleave,IronHead,LowKick|||F|||50|,,,,,Fire]Torkoal||Charcoal|Drought|Eruption,HeatWave,EarthPower,SolarBeam|||M|||50|,,,,,Grass]Whimsicott||CovertCloak|Prankster|SunnyDay,Moonblast,Tailwind,Encore|||M|||50|,,,,,Water
|
|t:|1757673381
|teamsize|p1|4
|teamsize|p2|4
|start
|switch|p1a: Pomni|Indeedee-F, L50, F|100/100
|switch|p1b: Ragatha|Sneasler, L50, F|100/100
|switch|p2a: Gengar|Gengar, L50, F|100/100
|switch|p2b: Sylveon|Sylveon, L50, F|100/100
|-fieldstart|move: Psychic Terrain|[from] ability: Psychic Surge|[of] p1a: Pomni
|-enditem|p1b: Ragatha|Psychic Seed
|-boost|p1b: Ragatha|spd|1|[from] item: Psychic Seed
|turn|1
|
|t:|1757673395
|move|p1b: Ragatha|Protect|p1b: Ragatha
|-singleturn|p1b: Ragatha|Protect
|move|p2b: Sylveon|Protect|p2b: Sylveon
|-singleturn|p2b: Sylveon|Protect
|move|p2a: Gengar|Sludge Bomb|p1a: Pomni
|-damage|p1a: Pomni|60/100
|move|p1a: Pomni|Psychic|p2a: Gengar
|-supereffective|p2a: Gengar
|-enditem|p2a: Gengar|Focus Sash
|-damage|p2a: Gengar|1/100
|
|upkeep
|turn|2
|
|t:|1757673415
|move|p1a: Pomni|Helping Hand|p1b: Ragatha
|-singleturn|p1b: Ragatha|Helping Hand|[of] p1a: Pomni
|move|p1b: Ragatha|Dire Claw|p2b: Sylveon
|-supereffective|p2b: Sylveon
|-damage|p2b: Sylveon|0 fnt
|faint|p2b: Sylveon
|move|p2a: Gengar|Sludge Bomb|p1a: Pomni
|-crit|p1a: Pomni
|-damage|p1a: Pomni|5/100
|
|upkeep
|
|t:|1757673426
|switch|p2b: Garchomp|Garchomp, L50, F|100/100
|turn|3
|
|t:|1757673449
|-terastallize|p1b: Ragatha|Stellar
|move|p1a: Pomni|Helping Hand|p1b: Ragatha
|-singleturn|p1b: Ragatha|Helping Hand|[of] p1a: Pomni
|move|p2a: Gengar|Protect|p2a: Gengar
|-singleturn|p2a: Gengar|Protect
|move|p1b: Ragatha|Dire Claw|p2b: Garchomp
|-resisted|p2b: Garchomp
|-damage|p2b: Garchomp|58/100
|-damage|p1b: Ragatha|88/100|[from] ability: Rough Skin|[of] p2b: Garchomp
|move|p2b: Garchomp|Stomping Tantrum|p1b: Ragatha
|-supereffective|p1b: Ragatha
|-damage|p1b: Ragatha|0 fnt
|faint|p1b: Ragatha
|-damage|p2b: Garchomp|49/100|[from] item: Life Orb
|
|upkeep
|
|t:|1757673468
|switch|p1b: Gummy Goo|Gallade, L50, M|100/100
|turn|4
|
|t:|1757673481
|move|p2a: Gengar|Protect||[still]
|-fail|p2a: Gengar
|move|p2b: Garchomp|Stomping Tantrum|p1b: Gummy Goo
|-damage|p1b: Gummy Goo|34/100
|-damage|p2b: Garchomp|39/100|[from] item: Life Orb
|move|p1a: Pomni|Psychic|p2a: Gengar
|-supereffective|p2a: Gengar
|-damage|p2a: Gengar|0 fnt
|-start|p1a: Pomni|Disable|Psychic|[from] ability: Cursed Body|[of] p2a: Gengar
|faint|p2a: Gengar
|move|p1b: Gummy Goo|Trick Room|p1b: Gummy Goo
|-fieldstart|move: Trick Room|[of] p1b: Gummy Goo
|
|upkeep
|
|t:|1757673493
|switch|p2a: Torkoal|Torkoal, L50, M|100/100
|-weather|SunnyDay|[from] ability: Drought|[of] p2a: Torkoal
|turn|5
|
|t:|1757673502
|switch|p1a: Zooble|Armarouge, L50, M|100/100
|move|p1b: Gummy Goo|Wide Guard|p1b: Gummy Goo
|-singleturn|p1b: Gummy Goo|Wide Guard
|move|p2a: Torkoal|Eruption|p1a: Zooble|[spread] 
|-activate|p1a: Zooble|move: Wide Guard
|-activate|p1b: Gummy Goo|move: Wide Guard
|move|p2b: Garchomp|Swords Dance|p2b: Garchomp
|-boost|p2b: Garchomp|atk|2
|
|-weather|SunnyDay|[upkeep]
|-fieldend|move: Psychic Terrain
|upkeep
|turn|6
|
|t:|1757673522
|move|p2a: Torkoal|Eruption|p1a: Zooble|[spread] p1b
|-start|p1a: Zooble|ability: Flash Fire
|-damage|p1b: Gummy Goo|0 fnt
|faint|p1b: Gummy Goo
|move|p1a: Zooble|Expanding Force|p2b: Garchomp
|-damage|p2b: Garchomp|0 fnt
|faint|p2b: Garchomp
|-damage|p1a: Zooble|91/100|[from] item: Life Orb
|
|-weather|SunnyDay|[upkeep]
|upkeep
|
|t:|1757673532
|switch|p1b: Pomni|Indeedee-F, L50, F|5/100
|-fieldstart|move: Psychic Terrain|[from] ability: Psychic Surge|[of] p1b: Pomni
|turn|7
|
|t:|1757673541
|move|p1b: Pomni|Follow Me|p1b: Pomni
|-singleturn|p1b: Pomni|move: Follow Me
|move|p2a: Torkoal|Earth Power|p1b: Pomni
|-crit|p1b: Pomni
|-damage|p1b: Pomni|0 fnt
|faint|p1b: Pomni
|move|p1a: Zooble|Expanding Force|p2a: Torkoal
|-damage|p2a: Torkoal|0 fnt
|faint|p2a: Torkoal
|-damage|p1a: Zooble|81/100|[from] item: Life Orb
|
|win|PigsPigsPigsPigs
||policho98 is ready for game 2.
||PigsPigsPigsPigs is ready for game 2.
|uhtml|next|Next: Game 2 of 3
|l|☆policho98
|player|p2|
|l|☆PigsPigsPigsPigs
|player|p1|
