|j|☆ground tera
|j|☆raicune28
|html|ground teraraicune28    
|uhtml|bestof|Game 3 of a best-of-3
|t:|1784394791
|gametype|doubles
|player|p1|ground tera|102|
|player|p2|raicune28|170|
|gen|9
|tier|[Gen 9 Champions] VGC 2026 Reg M-B (Bo3)
|rule|Species Clause: Limit one of each Pokémon
|rule|Item Clause: Limit 1 of each item
|clearpoke
|poke|p1|Sneasler, L50, M|
|poke|p1|Kingambit, L50, M|
|poke|p1|Incineroar, L50, F|
|poke|p1|Blastoise, L50, M|
|poke|p1|Sinistcha, L50|
|poke|p1|Delphox, L50, F, shiny|
|poke|p2|Sinistcha-Masterpiece, L50|
|poke|p2|Delphox, L50, F, shiny|
|poke|p2|Incineroar, L50, F|
|poke|p2|Floette-Eternal, L50, F|
|poke|p2|Sneasler, L50, F, shiny|
|poke|p2|Kingambit, L50, M|
|teampreview|4
|showteam|p1|Sneasler||FocusSash|PoisonTouch|QuickGuard,FakeOut,CloseCombat,DireClaw|Jolly||M|||50|]Kingambit||BlackGlasses|Defiant|Protect,SwordsDance,SuckerPunch,KowtowCleave|Adamant||M|||50|]Incineroar||SitrusBerry|Intimidate|FakeOut,PartingShot,FlareBlitz,ThroatChop|Impish||F|||50|]Blastoise||Blastoisinite|Torrent|Protect,ShellSmash,WaterSpout,DarkPulse|Modest||M|||50|]Sinistcha||OccaBerry|Hospitality|Protect,MatchaGotcha,TrickRoom,RagePowder|Bold|||||50|]Delphox||Delphoxite|Blaze|Protect,HeatWave,Psyshock,NastyPlot|Timid||F|||50|
|showteam|p2|Sinistcha-Masterpiece||KasibBerry|Hospitality|MatchaGotcha,Protect,RagePowder,TrickRoom|Bold|||||50|]Delphox||Delphoxite|Blaze|HeatWave,Psyshock,NastyPlot,Protect|Timid||F|||50|]Incineroar||SitrusBerry|Intimidate|FakeOut,PartingShot,ThroatChop,FlareBlitz|Careful||F|||50|]Floette-Eternal||Floettite|FlowerVeil|Protect,CalmMind,Moonblast,DazzlingGleam|Modest||F|||50|]Sneasler||FocusSash|PoisonTouch|FakeOut,QuickGuard,DireClaw,CloseCombat|Jolly||F|||50|]Kingambit||BlackGlasses|Defiant|KowtowCleave,Protect,SuckerPunch,SwordsDance|Adamant||M|||50|
|inactive|Battle timer is ON: inactive players will automatically lose when time's up. (requested by ground tera)
|
|t:|1784394820
|teamsize|p1|4
|teamsize|p2|4
|start
|switch|p1a: Sneasler|Sneasler, L50, M|100/100
|switch|p1b: Blastoise|Blastoise, L50, M|100/100
|switch|p2a: Delphox|Delphox, L50, F, shiny|100/100
|switch|p2b: Sneasler|Sneasler, L50, F, shiny|100/100
|turn|1
|inactive|raicune28 has 30 seconds left.
|inactive|raicune28 has 20 seconds left.
|
|t:|1784394856
|detailschange|p2a: Delphox|Delphox-Mega, L50, F, shiny
|-mega|p2a: Delphox|Delphox|Delphoxite
|detailschange|p1b: Blastoise|Blastoise-Mega, L50, M
|-mega|p1b: Blastoise|Blastoise|Blastoisinite
|move|p2b: Sneasler|Fake Out|p1b: Blastoise
|-damage|p1b: Blastoise|86/100
|-status|p1b: Blastoise|psn|[from] ability: Poison Touch|[of] p2b: Sneasler
|move|p1a: Sneasler|Fake Out|p2a: Delphox
|-damage|p2a: Delphox|81/100
|cant|p2a: Delphox|flinch
|cant|p1b: Blastoise|flinch
|
|-damage|p1b: Blastoise|74/100 psn|[from] psn
|upkeep
|turn|2
|inactive|ground tera has 30 seconds left.
|inactive|raicune28 has 30 seconds left.
|inactive|ground tera has 20 seconds left.
|inactive|raicune28 has 20 seconds left.
|inactive|ground tera has 15 seconds left.
|
|t:|1784394897
|move|p1b: Blastoise|Protect|p1b: Blastoise
|-singleturn|p1b: Blastoise|Protect
|move|p2a: Delphox|Heat Wave|p1a: Sneasler|[spread] p1a
|-activate|p1b: Blastoise|move: Protect
|-damage|p1a: Sneasler|41/100
|move|p2b: Sneasler|Close Combat|p1b: Blastoise
|-activate|p1b: Blastoise|move: Protect
|move|p1a: Sneasler|Dire Claw|p2a: Delphox
|-damage|p2a: Delphox|28/100
|
|-damage|p1b: Blastoise|62/100 psn|[from] psn
|upkeep
|turn|3
|inactive|ground tera has 30 seconds left.
|
|t:|1784394926
|switch|p1a: Incineroar|Incineroar, L50, F|100/100
|-ability|p1a: Incineroar|Intimidate|boost
|-unboost|p2a: Delphox|atk|1
|-unboost|p2b: Sneasler|atk|1
|move|p1b: Blastoise|Protect|p1b: Blastoise
|-singleturn|p1b: Blastoise|Protect
|move|p2a: Delphox|Heat Wave|p1a: Incineroar|[spread] p1a
|-activate|p1b: Blastoise|move: Protect
|-resisted|p1a: Incineroar|1
|-damage|p1a: Incineroar|81/100
|move|p2b: Sneasler|Close Combat|p1b: Blastoise
|-activate|p1b: Blastoise|move: Protect
|
|-damage|p1b: Blastoise|50/100y psn|[from] psn
|upkeep
|turn|4
|inactive|ground tera has 30 seconds left.
|
|t:|1784394956
|move|p2b: Sneasler|Quick Guard|p2b: Sneasler
|-singleturn|p2b: Sneasler|Quick Guard
|move|p2a: Delphox|Psyshock|p1b: Blastoise
|-damage|p1b: Blastoise|8/100 psn
|move|p1b: Blastoise|Dark Pulse|p2b: Sneasler
|-resisted|p2b: Sneasler|1
|-damage|p2b: Sneasler|70/100
|move|p1a: Incineroar|Throat Chop|p2a: Delphox
|-supereffective|p2a: Delphox|1
|-damage|p2a: Delphox|0 fnt
|faint|p2a: Delphox
|
|-damage|p1b: Blastoise|0 fnt|[from] psn
|faint|p1b: Blastoise
|upkeep
|
|t:|1784394972
|switch|p2a: Incineroar|Incineroar, L50, F|100/100
|switch|p1b: Sneasler|Sneasler, L50, M|41/100
|-ability|p2a: Incineroar|Intimidate|boost
|-unboost|p1a: Incineroar|atk|1
|-unboost|p1b: Sneasler|atk|1
|turn|5
|
|t:|1784394993
|switch|p1a: Sinistcha|Sinistcha, L50|100/100
|-heal|p1b: Sneasler|66/100|[from] ability: Hospitality|[of] p1a: Sinistcha
|move|p1b: Sneasler|Fake Out|p2a: Incineroar
|-damage|p2a: Incineroar|90/100
|cant|p2a: Incineroar|flinch
|move|p2b: Sneasler|Close Combat|p1a: Sinistcha
|-immune|p1a: Sinistcha
|
|upkeep
|turn|6
|
|t:|1784395004
|switch|p1b: Incineroar|Incineroar, L50, F|81/100
|-ability|p1b: Incineroar|Intimidate|boost
|-unboost|p2a: Incineroar|atk|1
|-unboost|p2b: Sneasler|atk|1
|move|p2b: Sneasler|Dire Claw|p1b: Incineroar
|-damage|p1b: Incineroar|65/100
|move|p2a: Incineroar|Flare Blitz|p1b: Incineroar
|-resisted|p1b: Incineroar|1
|-damage|p1b: Incineroar|53/100
|-damage|p2a: Incineroar|86/100|[from] Recoil
|move|p1a: Sinistcha|Matcha Gotcha|p2b: Sneasler|[spread] p2a,p2b
|-resisted|p2a: Incineroar|1
|-resisted|p2b: Sneasler|1
|-damage|p2a: Incineroar|77/100
|-damage|p2b: Sneasler|54/100
|
|upkeep
|turn|7
|inactive|ground tera has 30 seconds left.
|inactive|raicune28 has 30 seconds left.
|
|t:|1784395031
|move|p2b: Sneasler|Dire Claw|p1a: Sinistcha
|-damage|p1a: Sinistcha|82/100
|-status|p1a: Sinistcha|psn
|move|p1b: Incineroar|Flare Blitz|p2b: Sneasler
|-damage|p2b: Sneasler|0 fnt
|faint|p2b: Sneasler
|-damage|p1b: Incineroar|39/100|[from] Recoil
|-enditem|p1b: Incineroar|Sitrus Berry|[eat]
|-heal|p1b: Incineroar|64/100|[from] item: Sitrus Berry
|move|p2a: Incineroar|Parting Shot|p1b: Incineroar
|-unboost|p1b: Incineroar|atk|1
|-unboost|p1b: Incineroar|spa|1
|
|t:|1784395044
|switch|p2a: Kingambit|Kingambit, L50, M|100/100|[from] Parting Shot
|move|p1a: Sinistcha|Matcha Gotcha|p2a: Kingambit
|-resisted|p2a: Kingambit|1
|-damage|p2a: Kingambit|82/100
|-heal|p1a: Sinistcha|92/100 psn|[from] drain|[of] p2a: Kingambit
|-status|p2a: Kingambit|brn
|
|-damage|p1a: Sinistcha|80/100 psn|[from] psn
|-damage|p2a: Kingambit|76/100 brn|[from] brn
|upkeep
|-message|raicune28 forfeited.
|
|win|ground tera
