|j|☆Il Mule
|j|☆la cabra1
|html|Il Mulela cabra1    
|uhtml|bestof|Game 3 of a best-of-3
|t:|1782988539
|gametype|doubles
|player|p1|Il Mule|salvatore|1387
|player|p2|la cabra1|volkner|1337
|gen|9
|tier|[Gen 9 Champions] VGC 2026 Reg M-B (Bo3)
|rated|
|rule|Species Clause: Limit one of each Pokémon
|rule|Item Clause: Limit 1 of each item
|clearpoke
|poke|p1|Excadrill, L50, M|
|poke|p1|Tyranitar, L50, F|
|poke|p1|Sneasler, L50, M|
|poke|p1|Incineroar, L50, M|
|poke|p1|Froslass, L50, F|
|poke|p1|Sinistcha, L50|
|poke|p2|Aerodactyl, L50, F|
|poke|p2|Garchomp, L50, M|
|poke|p2|Kingambit, L50, F|
|poke|p2|Charizard, L50, M|
|poke|p2|Sylveon, L50, M|
|poke|p2|Farigiraf, L50, F|
|teampreview|4
|showteam|p1|Excadrill||FocusSash|SandRush|HighHorsepower,RockSlide,IronHead,Protect|Adamant||M|||50|]Tyranitar||Tyranitarite|SandStream|KnockOff,RockSlide,DragonDance,Protect|Adamant||F|||50|]Sneasler||WhiteHerb|Unburden|CloseCombat,DireClaw,Coaching,FakeOut|Jolly||M|||50|]Incineroar||SitrusBerry|Intimidate|FlareBlitz,HelpingHand,PartingShot,FakeOut|Impish||M|||50|]Froslass||Froslassite|SnowCloak|Blizzard,ShadowBall,NastyPlot,Protect|Timid||F|||50|]Sinistcha||ColburBerry|Hospitality|MatchaGotcha,ShadowBall,RagePowder,Protect|Bold|||||50|
|showteam|p2|Aerodactyl||Aerodactylite|Unnerve|IceFang,RockSlide,Tailwind,DualWingbeat|Jolly||F|||50|]Garchomp||LifeOrb|RoughSkin|DragonClaw,StompingTantrum,Earthquake,Protect|Jolly||M|||50|]Kingambit||FocusSash|Defiant|SuckerPunch,KowtowCleave,IronHead,LowKick|Adamant||F|||50|]Charizard||CharizarditeY|SolarPower|Protect,HeatWave,SolarBeam,WeatherBall|Modest||M|||50|]Sylveon||FairyFeather|Pixilate|Protect,HyperVoice,HyperBeam,QuickAttack|Modest||M|||50|]Farigiraf||SitrusBerry|ArmorTail|TrickRoom,Thunderbolt,Psychic,Roar|Bold||F|||50|
|j| estupinanthepuledr
|j| pirro9
|j| rovesciaporci
|j| Mafav2
|c| Mafav2|Ah vero che lo giochi adamantin9
|
|t:|1782988609
|teamsize|p1|4
|teamsize|p2|4
|start
|switch|p1a: Sabotage|Sneasler, L50, M|100/100
|switch|p1b: Quandro provo|Tyranitar, L50, F|100/100
|switch|p2a: Garchomp|Garchomp, L50, M|100/100
|switch|p2b: Charizard|Charizard, L50, M|100/100
|-weather|Sandstorm|[from] ability: Sand Stream|[of] p1b: Quandro provo
|turn|1
|l| Mafav2
|
|t:|1782988637
|switch|p2b: Farigiraf|Farigiraf, L50, F|100/100
|move|p1a: Sabotage|Fake Out||[still]
|cant|p2b: Farigiraf|ability: Armor Tail|Fake Out|[of] p1a: Sabotage
|move|p2a: Garchomp|Earthquake|p1b: Quandro provo|[spread] p2b,p1a,p1b
|-supereffective|p1a: Sabotage|1
|-supereffective|p1b: Quandro provo|1
|-damage|p2b: Farigiraf|64/100
|-damage|p1a: Sabotage|0 fnt
|-damage|p1b: Quandro provo|23/100
|faint|p1a: Sabotage
|-damage|p2a: Garchomp|90/100|[from] item: Life Orb
|move|p1b: Quandro provo|Dragon Dance|p1b: Quandro provo
|-boost|p1b: Quandro provo|atk|1
|-boost|p1b: Quandro provo|spe|1
|
|-weather|Sandstorm|[upkeep]
|-damage|p2b: Farigiraf|58/100|[from] Sandstorm
|upkeep
|j| Mafav2
|c|☆Il Mule|g2
|
|t:|1782988654
|switch|p1a: Sidy|Incineroar, L50, M|100/100
|-ability|p1a: Sidy|Intimidate|boost
|-unboost|p2a: Garchomp|atk|1
|-unboost|p2b: Farigiraf|atk|1
|turn|2
|l| Mafav2
|
|t:|1782988716
|move|p1b: Quandro provo|Protect|p1b: Quandro provo
|-singleturn|p1b: Quandro provo|Protect
|move|p2a: Garchomp|Stomping Tantrum|p1a: Sidy
|-supereffective|p1a: Sidy|1
|-damage|p1a: Sidy|50/100y
|-enditem|p1a: Sidy|Sitrus Berry|[eat]
|-heal|p1a: Sidy|74/100|[from] item: Sitrus Berry
|-damage|p2a: Garchomp|80/100|[from] item: Life Orb
|move|p1a: Sidy|Parting Shot|p2a: Garchomp
|-unboost|p2a: Garchomp|atk|1
|-unboost|p2a: Garchomp|spa|1
|
|t:|1782988724
|switch|p1a: la sburè|Sinistcha, L50|100/100|[from] Parting Shot
|-heal|p1b: Quandro provo|47/100|[from] ability: Hospitality|[of] p1a: la sburè
|move|p2b: Farigiraf|Roar|p1b: Quandro provo
|drag|p1b: Sidy|Incineroar, L50, M|74/100
|-ability|p1b: Sidy|Intimidate|boost
|-unboost|p2a: Garchomp|atk|1
|-unboost|p2b: Farigiraf|atk|1
|
|-weather|Sandstorm|[upkeep]
|-damage|p1a: la sburè|93/100|[from] Sandstorm
|-damage|p1b: Sidy|68/100|[from] Sandstorm
|-damage|p2b: Farigiraf|52/100|[from] Sandstorm
|upkeep
|turn|3
|inactive|Battle timer is ON: inactive players will automatically lose when time's up. (requested by Il Mule)
|
|t:|1782988765
|switch|p2a: Charizard|Charizard, L50, M|100/100
|move|p1a: la sburè|Matcha Gotcha|p2b: Farigiraf|[spread] p2a,p2b
|-resisted|p2a: Charizard|2
|-damage|p2a: Charizard|93/100
|-heal|p1a: la sburè|97/100|[from] drain|[of] p2a: Charizard
|-damage|p2b: Farigiraf|28/100
|-heal|p1a: la sburè|100/100|[from] drain|[of] p2b: Farigiraf
|-enditem|p2b: Farigiraf|Sitrus Berry|[eat]
|-heal|p2b: Farigiraf|53/100|[from] item: Sitrus Berry
|move|p1b: Sidy|Parting Shot|p2b: Farigiraf
|-unboost|p2b: Farigiraf|atk|1
|-unboost|p2b: Farigiraf|spa|1
|
|t:|1782988787
|switch|p1b: Quandro provo|Tyranitar, L50, F|47/100|[from] Parting Shot
|move|p2b: Farigiraf|Psychic|p1a: la sburè
|-damage|p1a: la sburè|80/100
|
|-weather|Sandstorm|[upkeep]
|-damage|p2a: Charizard|87/100|[from] Sandstorm
|-damage|p1a: la sburè|74/100|[from] Sandstorm
|-damage|p2b: Farigiraf|47/100|[from] Sandstorm
|upkeep
|turn|4
|
|t:|1782988799
|switch|p1a: Sidy|Incineroar, L50, M|68/100
|-ability|p1a: Sidy|Intimidate|boost
|-unboost|p2a: Charizard|atk|1
|-unboost|p2b: Farigiraf|atk|1
|switch|p2b: Kingambit|Kingambit, L50, F|100/100
|detailschange|p2a: Charizard|Charizard-Mega-Y, L50, M
|-mega|p2a: Charizard|Charizard|Charizardite Y
|-weather|SunnyDay|[from] ability: Drought|[of] p2a: Charizard
|detailschange|p1b: Quandro provo|Tyranitar-Mega, L50, F
|-mega|p1b: Quandro provo|Tyranitar|Tyranitarite
|-weather|Sandstorm|[from] ability: Sand Stream|[of] p1b: Quandro provo
|move|p1b: Quandro provo|Dragon Dance|p1b: Quandro provo
|-boost|p1b: Quandro provo|atk|1
|-boost|p1b: Quandro provo|spe|1
|move|p2a: Charizard|Heat Wave|p1a: Sidy|[spread] p1b
|-miss|p2a: Charizard|p1a: Sidy
|-resisted|p1b: Quandro provo|1
|-damage|p1b: Quandro provo|37/100
|
|-weather|Sandstorm|[upkeep]
|-damage|p2a: Charizard|81/100|[from] Sandstorm
|-damage|p1a: Sidy|62/100|[from] Sandstorm
|upkeep
|turn|5
|inactive|la cabra1 has 30 seconds left.
|
|t:|1782988833
|switch|p2a: Farigiraf|Farigiraf, L50, F|47/100
|move|p1b: Quandro provo|Rock Slide|p2a: Farigiraf|[spread] p2b
|-miss|p1b: Quandro provo|p2a: Farigiraf
|-resisted|p2b: Kingambit|1
|-damage|p2b: Kingambit|77/100
|cant|p2b: Kingambit|flinch
|move|p1a: Sidy|Flare Blitz|p2b: Kingambit
|-supereffective|p2b: Kingambit|1
|-damage|p2b: Kingambit|0 fnt
|faint|p2b: Kingambit
|-damage|p1a: Sidy|40/100|[from] Recoil
|
|-weather|Sandstorm|[upkeep]
|-damage|p1a: Sidy|34/100|[from] Sandstorm
|-damage|p2a: Farigiraf|41/100|[from] Sandstorm
|upkeep
|inactive|la cabra1 has 30 seconds left.
|
|t:|1782988861
|switch|p2b: Garchomp|Garchomp, L50, M|80/100
|turn|6
|inactive|Il Mule has 30 seconds left.
|
|t:|1782988893
|switch|p2a: Charizard|Charizard-Mega-Y, L50, M|81/100
|-weather|SunnyDay|[from] ability: Drought|[of] p2a: Charizard
|move|p1a: Sidy|Helping Hand|p1b: Quandro provo
|-singleturn|p1b: Quandro provo|Helping Hand|[of] p1a: Sidy
|move|p1b: Quandro provo|Knock Off|p2b: Garchomp
|-damage|p2b: Garchomp|0 fnt
|-damage|p1b: Quandro provo|25/100|[from] ability: Rough Skin|[of] p2b: Garchomp
|-enditem|p2b: Garchomp|Life Orb|[from] move: Knock Off|[of] p1b: Quandro provo
|faint|p2b: Garchomp
|
|-weather|SunnyDay|[upkeep]
|upkeep
|
|t:|1782988905
|switch|p2b: Farigiraf|Farigiraf, L50, F|41/100
|turn|7
|
|t:|1782988913
|move|p1a: Sidy|Helping Hand|p1b: Quandro provo
|-singleturn|p1b: Quandro provo|Helping Hand|[of] p1a: Sidy
|move|p1b: Quandro provo|Rock Slide|p2b: Farigiraf|[spread] 
|-miss|p1b: Quandro provo|p2a: Charizard
|-miss|p1b: Quandro provo|p2b: Farigiraf
|move|p2a: Charizard|Heat Wave|p1a: Sidy|[spread] p1a,p1b
|-resisted|p1a: Sidy|1
|-resisted|p1b: Quandro provo|1
|-damage|p1a: Sidy|6/100
|-damage|p1b: Quandro provo|1/100
|move|p2b: Farigiraf|Trick Room|p2b: Farigiraf
|-fieldstart|move: Trick Room|[of] p2b: Farigiraf
|
|-weather|SunnyDay|[upkeep]
|upkeep
|turn|8
|c| pirro9|Hh mvp
|c| rovesciaporci|ottimo
|
|t:|1782988927
|switch|p1b: la sburè|Sinistcha, L50|74/100
|-heal|p1a: Sidy|31/100|[from] ability: Hospitality|[of] p1b: la sburè
|move|p1a: Sidy|Flare Blitz|p2b: Farigiraf
|-damage|p2b: Farigiraf|0 fnt
|faint|p2b: Farigiraf
|-damage|p1a: Sidy|16/100|[from] Recoil
|move|p2a: Charizard|Heat Wave|p1b: la sburè|[spread] p1a,p1b
|-resisted|p1a: Sidy|1
|-supereffective|p1b: la sburè|1
|-damage|p1a: Sidy|0 fnt
|-damage|p1b: la sburè|0 fnt
|faint|p1a: Sidy
|faint|p1b: la sburè
|
|-weather|SunnyDay|[upkeep]
|upkeep
|
|t:|1782988934
|switch|p1b: Quandro provo|Tyranitar-Mega, L50, F|1/100
|-weather|Sandstorm|[from] ability: Sand Stream|[of] p1b: Quandro provo
|turn|9
|c|☆Il Mule|Sarà lento
|c| rovesciaporci|come prima più di prima
|c|☆Il Mule|Gg
|
|t:|1782988948
|move|p2a: Charizard|Weather Ball|p1b: Quandro provo
|-damage|p1b: Quandro provo|0 fnt
|faint|p1b: Quandro provo
|
|win|la cabra1
|raw|Il Mule's rating: 1387 → 1364(-23 for losing)
|raw|la cabra1's rating: 1337 → 1360(+23 for winning)
|c|☆la cabra1|gg
|c|☆la cabra1|bella partita
|l| rovesciaporci
