|j|☆BrownBoy711thst
|j|☆Notaplaceofhonor
|html|BrownBoy711thstNotaplaceofhonor    
|uhtml|bestof|Game 3 of a best-of-3
|t:|1757828334
|gametype|doubles
|player|p1|BrownBoy711thst|marlon|1017
|player|p2|Notaplaceofhonor|juan-gen3|1123
|gen|9
|tier|[Gen 9] VGC 2025 Reg H (Bo3)
|rated|
|rule|Species Clause: Limit one of each Pokémon
|rule|Item Clause: Limit 1 of each item
|clearpoke
|poke|p1|Incineroar, L50, F|
|poke|p1|Gliscor, L50, M|
|poke|p1|Bronzong, L50|
|poke|p1|Primarina, L50, F|
|poke|p1|Porygon2, L50|
|poke|p1|Decidueye-Hisui, L50, F|
|poke|p2|Ursaluna, L50, F|
|poke|p2|Incineroar, L50, F|
|poke|p2|Archaludon, L50, F|
|poke|p2|Pelipper, L50, F|
|poke|p2|Basculegion, L50, M|
|poke|p2|Sinistcha, L50|
|teampreview|4
|showteam|p1|Incineroar||SafetyGoggles|Intimidate|FakeOut,KnockOff,Taunt,PartingShot|||F|||50|,,,,,Ghost]Gliscor||ToxicOrb|PoisonHeal|HighHorsepower,IceFang,SwordsDance,Protect|||M|||50|,,,,,Water]Bronzong||MentalHerb|Levitate|BodyPress,Psychic,IronDefense,Protect||||||50|,,,,,Fighting]Primarina||ThroatSpray|LiquidVoice|HyperVoice,Moonblast,IceBeam,Protect|||F|||50|,,,,,Steel]Porygon2||Eviolite|Trace|IceBeam,Thunderbolt,TrickRoom,RainDance||||||50|,,,,,Ghost]Decidueye-Hisui||CovertCloak|Scrappy|TripleArrows,LeafBlade,SunnyDay,Protect|||F|||50|,,,,,Ghost
|showteam|p2|Ursaluna||FlameOrb|Guts|Protect,Facade,Earthquake,HeadlongRush|||F|||50|,,,,,Ghost]Incineroar||SafetyGoggles|Intimidate|Taunt,FakeOut,KnockOff,PartingShot|||F|||50|,,,,,Ghost]Archaludon||AssaultVest|Stamina|ElectroShot,Snarl,DracoMeteor,BodyPress|||F|||50|,,,,,Grass]Pelipper||FocusSash|Drizzle|Hurricane,WeatherBall,Tailwind,Protect|||F|||50|,,,,,Ghost]Basculegion||ChoiceScarf|Adaptability|WaveCrash,LastRespects,FlipTurn,AquaJet|||M|||50|,,,,,Water]Sinistcha||SitrusBerry|Hospitality|MatchaGotcha,TrickRoom,RagePowder,LifeDew||||||50|,,,,,Water
|inactive|Battle timer is ON: inactive players will automatically lose when time's up. (requested by BrownBoy711thst)
|
|t:|1757828365
|teamsize|p1|4
|teamsize|p2|4
|start
|switch|p1a: Porygon2|Porygon2, L50|100/100
|switch|p1b: Incineroar|Incineroar, L50, F|100/100
|switch|p2a: Pelipper|Pelipper, L50, F|100/100
|switch|p2b: Archaludon|Archaludon, L50, F|100/100
|-weather|RainDance|[from] ability: Drizzle|[of] p2a: Pelipper
|-ability|p1a: Porygon2|Drizzle|Trace|[from] ability: Trace|[of] p2a: Pelipper
|-ability|p1b: Incineroar|Intimidate|boost
|-unboost|p2a: Pelipper|atk|1
|-unboost|p2b: Archaludon|atk|1
|turn|1
|inactive|Notaplaceofhonor has 30 seconds left.
|inactive|Notaplaceofhonor has 20 seconds left.
|
|t:|1757828401
|switch|p2a: Ursaluna|Ursaluna, L50, F|100/100
|move|p1b: Incineroar|Fake Out|p2a: Ursaluna
|-damage|p2a: Ursaluna|92/100
|move|p2b: Archaludon|Electro Shot||[still]
|-prepare|p2b: Archaludon|Electro Shot
|-boost|p2b: Archaludon|spa|1
|-anim|p2b: Archaludon|Electro Shot|p1a: Porygon2
|-damage|p1a: Porygon2|66/100
|move|p1a: Porygon2|Trick Room|p1a: Porygon2
|-fieldstart|move: Trick Room|[of] p1a: Porygon2
|
|-weather|RainDance|[upkeep]
|-status|p2a: Ursaluna|brn|[from] item: Flame Orb
|upkeep
|turn|2
|inactive|BrownBoy711thst has 30 seconds left.
|inactive|Notaplaceofhonor has 30 seconds left.
|inactive|Notaplaceofhonor has 20 seconds left.
|inactive|Notaplaceofhonor has 15 seconds left.
|
|t:|1757828445
|-terastallize|p1a: Porygon2|Ghost
|move|p1b: Incineroar|Parting Shot|p2b: Archaludon
|-unboost|p2b: Archaludon|atk|1
|-unboost|p2b: Archaludon|spa|1
|
|t:|1757828451
|switch|p1b: Bronzong|Bronzong, L50|100/100|[from] Parting Shot
|move|p1a: Porygon2|Ice Beam|p2a: Ursaluna
|-supereffective|p2a: Ursaluna
|-damage|p2a: Ursaluna|45/100 brn
|move|p2a: Ursaluna|Facade|p1b: Bronzong
|-resisted|p1b: Bronzong
|-damage|p1b: Bronzong|59/100
|move|p2b: Archaludon|Electro Shot||[still]
|-prepare|p2b: Archaludon|Electro Shot
|-boost|p2b: Archaludon|spa|1
|-anim|p2b: Archaludon|Electro Shot|p1a: Porygon2
|-damage|p1a: Porygon2|34/100
|
|-weather|RainDance|[upkeep]
|-damage|p2a: Ursaluna|39/100 brn|[from] brn
|upkeep
|turn|3
|inactive|BrownBoy711thst has 30 seconds left.
|inactive|Notaplaceofhonor has 30 seconds left.
|inactive|BrownBoy711thst has 20 seconds left.
|
|t:|1757828486
|switch|p1a: Incineroar|Incineroar, L50, F|100/100
|-ability|p1a: Incineroar|Intimidate|boost
|-unboost|p2a: Ursaluna|atk|1
|-unboost|p2b: Archaludon|atk|1
|move|p1b: Bronzong|Protect|p1b: Bronzong
|-singleturn|p1b: Bronzong|Protect
|move|p2a: Ursaluna|Protect|p2a: Ursaluna
|-singleturn|p2a: Ursaluna|Protect
|move|p2b: Archaludon|Electro Shot||[still]
|-prepare|p2b: Archaludon|Electro Shot
|-boost|p2b: Archaludon|spa|1
|-anim|p2b: Archaludon|Electro Shot|p1a: Incineroar
|-damage|p1a: Incineroar|29/100
|
|-weather|RainDance|[upkeep]
|-damage|p2a: Ursaluna|33/100 brn|[from] brn
|upkeep
|turn|4
|inactive|BrownBoy711thst has 30 seconds left.
|inactive|Notaplaceofhonor has 30 seconds left.
|inactive|BrownBoy711thst has 20 seconds left.
|
|t:|1757828523
|-terastallize|p2a: Ursaluna|Ghost
|move|p1a: Incineroar|Fake Out|p2b: Archaludon
|-resisted|p2b: Archaludon
|-damage|p2b: Archaludon|96/100
|-ability|p2b: Archaludon|Stamina|boost
|-boost|p2b: Archaludon|def|1
|move|p1b: Bronzong|Iron Defense|p1b: Bronzong
|-boost|p1b: Bronzong|def|2
|move|p2a: Ursaluna|Facade|p1a: Incineroar
|-damage|p1a: Incineroar|0 fnt
|faint|p1a: Incineroar
|cant|p2b: Archaludon|flinch
|
|-weather|RainDance|[upkeep]
|-damage|p2a: Ursaluna|27/100 brn|[from] brn
|upkeep
|
|t:|1757828541
|switch|p1a: Decidueye|Decidueye-Hisui, L50, F|100/100
|turn|5
|
|t:|1757828563
|move|p2a: Ursaluna|Protect|p2a: Ursaluna
|-singleturn|p2a: Ursaluna|Protect
|move|p1b: Bronzong|Body Press|p2b: Archaludon
|-supereffective|p2b: Archaludon
|-damage|p2b: Archaludon|48/100
|-ability|p2b: Archaludon|Stamina|boost
|-boost|p2b: Archaludon|def|1
|move|p1a: Decidueye|Triple Arrows|p2b: Archaludon
|-supereffective|p2b: Archaludon
|-damage|p2b: Archaludon|16/100
|-ability|p2b: Archaludon|Stamina|boost
|-boost|p2b: Archaludon|def|1
|cant|p2b: Archaludon|flinch
|
|-weather|none
|-damage|p2a: Ursaluna|22/100 brn|[from] brn
|-fieldend|move: Trick Room
|upkeep
|turn|6
|inactive|BrownBoy711thst has 30 seconds left.
|inactive|Notaplaceofhonor has 30 seconds left.
|inactive|BrownBoy711thst has 20 seconds left.
|inactive|BrownBoy711thst has 15 seconds left.
|inactive|BrownBoy711thst has 10 seconds left.
|
|t:|1757828610
|switch|p2a: Pelipper|Pelipper, L50, F|100/100
|-weather|RainDance|[from] ability: Drizzle|[of] p2a: Pelipper
|move|p1b: Bronzong|Protect|p1b: Bronzong
|-singleturn|p1b: Bronzong|Protect
|move|p2b: Archaludon|Electro Shot||[still]
|-prepare|p2b: Archaludon|Electro Shot
|-boost|p2b: Archaludon|spa|1
|-anim|p2b: Archaludon|Electro Shot|p1b: Bronzong
|-activate|p1b: Bronzong|move: Protect
|move|p1a: Decidueye|Triple Arrows|p2b: Archaludon
|-supereffective|p2b: Archaludon
|-damage|p2b: Archaludon|0 fnt
|faint|p2b: Archaludon
|
|-weather|RainDance|[upkeep]
|upkeep
|
|t:|1757828626
|switch|p2b: Basculegion|Basculegion, L50, M|100/100
|turn|7
|
|t:|1757828648
|move|p2b: Basculegion|Last Respects|p1b: Bronzong
|-supereffective|p1b: Bronzong
|-damage|p1b: Bronzong|13/100
|move|p2a: Pelipper|Hurricane|p1a: Decidueye
|-supereffective|p1a: Decidueye
|-damage|p1a: Decidueye|0 fnt
|faint|p1a: Decidueye
|move|p1b: Bronzong|Psychic|p2a: Pelipper
|-damage|p2a: Pelipper|59/100
|
|-weather|RainDance|[upkeep]
|upkeep
|
|t:|1757828653
|switch|p1a: Porygon2|Porygon2, L50, tera:Ghost|34/100
|-ability|p1a: Porygon2|Adaptability|Trace|[from] ability: Trace|[of] p2b: Basculegion
|turn|8
|-message|BrownBoy711thst forfeited.
|
|win|Notaplaceofhonor
|raw|BrownBoy711thst's rating: 1017 → 1008(-9 for losing)
|raw|Notaplaceofhonor's rating: 1123 → 1141(+18 for winning)
