|j|☆MajinFlavio
|j|☆lettitripppp
|html|MajinFlaviolettitripppp    
|uhtml|bestof|Game 2 of a best-of-3
|t:|1784331530
|gametype|doubles
|player|p1|MajinFlavio|palmer|1173
|player|p2|lettitripppp|lucas|1245
|gen|9
|tier|[Gen 9 Champions] VGC 2026 Reg M-B (Bo3)
|rated|
|rule|Species Clause: Limit one of each Pokémon
|rule|Item Clause: Limit 1 of each item
|clearpoke
|poke|p1|Annihilape, L50, F|
|poke|p1|Grimmsnarl, L50, M|
|poke|p1|Ceruledge, L50, F|
|poke|p1|Mawile, L50, M|
|poke|p1|Farigiraf, L50, M|
|poke|p1|Sinistcha, L50|
|poke|p2|Charizard, L50, M, shiny|
|poke|p2|Basculegion, L50, M, shiny|
|poke|p2|Pelipper, L50, M|
|poke|p2|Venusaur, L50, M|
|poke|p2|Archaludon, L50, F|
|poke|p2|Grimmsnarl, L50, M, shiny|
|teampreview|4
|showteam|p1|Annihilape||Leftovers|Defiant|DrainPunch,RageFist,BulkUp,Protect|Adamant||F|||50|]Grimmsnarl||LightClay|Prankster|FakeOut,PartingShot,LightScreen,Reflect|Impish||M|||50|]Ceruledge||ColburBerry|FlashFire|BitterBlade,ShadowSneak,BulkUp,Protect|Adamant||F|||50|]Mawile||Mawilite|HyperCutter|PlayRough,SuckerPunch,SwordsDance,Protect|Brave||M|||50|]Farigiraf||SitrusBerry|ArmorTail|TwinBeam,Thunderbolt,HelpingHand,TrickRoom|Bold||M|||50|]Sinistcha||KasibBerry|Hospitality|MatchaGotcha,RagePowder,LifeDew,Protect|Bold|||||50|
|showteam|p2|Charizard||CharizarditeY|Blaze|WeatherBall,SolarBeam,HeatWave,Protect|Modest||M|||50|]Basculegion||ChoiceScarf|Adaptability|LastRespects,WaveCrash,FlipTurn,AquaJet|Jolly||M|||50|]Pelipper||SitrusBerry|Drizzle|WeatherBall,WideGuard,Hurricane,Tailwind|Modest||M|||50|]Venusaur||FocusSash|Chlorophyll|SleepPowder,SludgeBomb,EarthPower,Protect|Modest||M|||50|]Archaludon||Leftovers|Stamina|FlashCannon,DragonPulse,ElectroShot,Protect|Calm||F|||50|]Grimmsnarl||LightClay|Prankster|PartingShot,LightScreen,SpiritBreak,Reflect|Relaxed||M|||50|
|inactive|Battle timer is ON: inactive players will automatically lose when time's up. (requested by lettitripppp)
|inactive|lettitripppp has 60 seconds left.
|
|t:|1784331573
|teamsize|p1|4
|teamsize|p2|4
|start
|switch|p1a: Grimmsnarl|Grimmsnarl, L50, M|100/100
|switch|p1b: Farigiraf|Farigiraf, L50, M|100/100
|switch|p2a: AGNI|Charizard, L50, M, shiny|100/100
|switch|p2b: SOFT-SLEEP|Venusaur, L50, M|100/100
|turn|1
|inactive|MajinFlavio has 30 seconds left.
|
|t:|1784331603
|detailschange|p2a: AGNI|Charizard-Mega-Y, L50, M, shiny
|-mega|p2a: AGNI|Charizard|Charizardite Y
|-weather|SunnyDay|[from] ability: Drought|[of] p2a: AGNI
|move|p1a: Grimmsnarl|Fake Out|p2b: SOFT-SLEEP
|-damage|p2b: SOFT-SLEEP|84/100
|cant|p2b: SOFT-SLEEP|flinch
|move|p2a: AGNI|Weather Ball|p1b: Farigiraf
|-damage|p1b: Farigiraf|20/100y
|-enditem|p1b: Farigiraf|Sitrus Berry|[eat]
|-heal|p1b: Farigiraf|45/100|[from] item: Sitrus Berry
|move|p1b: Farigiraf|Trick Room|p1b: Farigiraf
|-fieldstart|move: Trick Room|[of] p1b: Farigiraf
|
|-weather|SunnyDay|[upkeep]
|upkeep
|turn|2
|inactive|MajinFlavio has 30 seconds left.
|inactive|lettitripppp has 30 seconds left.
|
|t:|1784331632
|move|p1a: Grimmsnarl|Parting Shot|p2a: AGNI
|-unboost|p2a: AGNI|atk|1
|-unboost|p2a: AGNI|spa|1
|
|t:|1784331635
|switch|p1a: Ceruledge|Ceruledge, L50, F|100/100|[from] Parting Shot
|move|p1b: Farigiraf|Twin Beam|p2b: SOFT-SLEEP
|-supereffective|p2b: SOFT-SLEEP|1
|-damage|p2b: SOFT-SLEEP|44/100
|-supereffective|p2b: SOFT-SLEEP|1
|-damage|p2b: SOFT-SLEEP|10/100
|-hitcount|p2b: SOFT-SLEEP|2
|move|p2a: AGNI|Weather Ball|p1a: Ceruledge
|-start|p1a: Ceruledge|ability: Flash Fire
|move|p2b: SOFT-SLEEP|Sleep Powder|p1b: Farigiraf
|-status|p1b: Farigiraf|slp|[from] move: Sleep Powder
|
|-weather|SunnyDay|[upkeep]
|upkeep
|turn|3
|
|t:|1784331657
|switch|p2a: GO JOHAN|Grimmsnarl, L50, M, shiny|100/100
|cant|p1b: Farigiraf|slp
|move|p1a: Ceruledge|Bitter Blade|p2b: SOFT-SLEEP
|-supereffective|p2b: SOFT-SLEEP|1
|-damage|p2b: SOFT-SLEEP|0 fnt
|faint|p2b: SOFT-SLEEP
|
|-weather|SunnyDay|[upkeep]
|upkeep
|
|t:|1784331664
|switch|p2b: GHOSTWAVE|Basculegion, L50, M, shiny|100/100
|turn|4
|
|t:|1784331677
|move|p2a: GO JOHAN|Reflect|p2a: GO JOHAN
|-sidestart|p2: lettitripppp|Reflect
|cant|p1b: Farigiraf|slp
|move|p1a: Ceruledge|Bulk Up|p1a: Ceruledge
|-boost|p1a: Ceruledge|atk|1
|-boost|p1a: Ceruledge|def|1
|move|p2b: GHOSTWAVE|Last Respects|p1a: Ceruledge
|-supereffective|p1a: Ceruledge|1
|-damage|p1a: Ceruledge|2/100
|
|-weather|SunnyDay|[upkeep]
|upkeep
|turn|5
|inactive|MajinFlavio has 30 seconds left.
|
|t:|1784331710
|move|p2a: GO JOHAN|Light Screen|p2a: GO JOHAN
|-sidestart|p2: lettitripppp|move: Light Screen
|-curestatus|p1b: Farigiraf|slp|[msg]
|move|p1b: Farigiraf|Thunderbolt|p2b: GHOSTWAVE
|-supereffective|p2b: GHOSTWAVE|1
|-damage|p2b: GHOSTWAVE|63/100
|move|p1a: Ceruledge|Bitter Blade|p2a: GO JOHAN
|-damage|p2a: GO JOHAN|0 fnt
|-heal|p1a: Ceruledge|58/100|[from] drain|[of] p2a: GO JOHAN
|faint|p2a: GO JOHAN
|move|p2b: GHOSTWAVE|Last Respects|p1a: Ceruledge
|-supereffective|p1a: Ceruledge|1
|-damage|p1a: Ceruledge|0 fnt
|faint|p1a: Ceruledge
|
|-weather|none
|-fieldend|move: Trick Room
|upkeep
|
|t:|1784331725
|switch|p1a: Grimmsnarl|Grimmsnarl, L50, M|100/100
|switch|p2a: AGNI|Charizard-Mega-Y, L50, M, shiny|100/100
|-weather|SunnyDay|[from] ability: Drought|[of] p2a: AGNI
|turn|6
|
|t:|1784331733
|move|p1a: Grimmsnarl|Fake Out|p2a: AGNI
|-damage|p2a: AGNI|91/100
|move|p2b: GHOSTWAVE|Last Respects|p1a: Grimmsnarl
|-resisted|p1a: Grimmsnarl|1
|-damage|p1a: Grimmsnarl|52/100
|cant|p2a: AGNI|flinch
|move|p1b: Farigiraf|Trick Room|p1b: Farigiraf
|-fieldstart|move: Trick Room|[of] p1b: Farigiraf
|
|-weather|SunnyDay|[upkeep]
|upkeep
|turn|7
|
|t:|1784331753
|move|p1a: Grimmsnarl|Reflect|p1a: Grimmsnarl
|-sidestart|p1: MajinFlavio|Reflect
|move|p1b: Farigiraf|Thunderbolt|p2a: AGNI
|-supereffective|p2a: AGNI|1
|-damage|p2a: AGNI|58/100
|move|p2a: AGNI|Heat Wave|p1a: Grimmsnarl|[spread] p1a,p1b
|-damage|p1a: Grimmsnarl|0 fnt
|-damage|p1b: Farigiraf|0 fnt
|faint|p1a: Grimmsnarl
|faint|p1b: Farigiraf
|move|p2b: GHOSTWAVE|Last Respects|p1: Grimmsnarl|[notarget]
|-fail|p2b: GHOSTWAVE
|
|-weather|SunnyDay|[upkeep]
|upkeep
|
|t:|1784331764
|switch|p1b: Mawile|Mawile, L50, M|100/100
|turn|8
|
|t:|1784331778
|detailschange|p1b: Mawile|Mawile-Mega, L50, M
|-mega|p1b: Mawile|Mawile|Mawilite
|move|p1b: Mawile|Protect|p1b: Mawile
|-singleturn|p1b: Mawile|Protect
|move|p2a: AGNI|Weather Ball|p1b: Mawile
|-activate|p1b: Mawile|move: Protect
|move|p2b: GHOSTWAVE|Last Respects|p1b: Mawile
|-activate|p1b: Mawile|move: Protect
|
|-weather|SunnyDay|[upkeep]
|upkeep
|turn|9
|
|t:|1784331792
|move|p1b: Mawile|Sucker Punch|p2a: AGNI
|-damage|p2a: AGNI|31/100
|move|p2a: AGNI|Weather Ball|p1b: Mawile
|-supereffective|p1b: Mawile|1
|-damage|p1b: Mawile|0 fnt
|faint|p1b: Mawile
|
|win|lettitripppp
|l|☆MajinFlavio
|player|p1|
