|j|☆Frisk Azzy
|j|☆LittleSunLight
|html|Frisk AzzyLittleSunLight    
|uhtml|bestof|Game 2 of a best-of-3
|t:|1784146913
|gametype|doubles
|player|p1|Frisk Azzy|riley|
|player|p2|LittleSunLight|beauty|
|gen|9
|tier|[Gen 9 Champions] VGC 2026 Reg M-B (Bo3)
|rule|Species Clause: Limit one of each Pokémon
|rule|Item Clause: Limit 1 of each item
|clearpoke
|poke|p1|Charizard, L50, M, shiny|
|poke|p1|Venusaur, L50, M|
|poke|p1|Whimsicott, L50, M|
|poke|p1|Luxray, L50, M, shiny|
|poke|p1|Aegislash, L50, M|
|poke|p1|Garchomp, L50, F, shiny|
|poke|p2|Dragonite, L50, F, shiny|
|poke|p2|Froslass, L50, F|
|poke|p2|Sneasler, L50, M|
|poke|p2|Arcanine-Hisui, L50, M|
|poke|p2|Basculegion, L50, M|
|poke|p2|Kingambit, L50, F|
|teampreview|4
|showteam|p1|Charizard||CharizarditeY|SolarPower|HeatWave,Protect,SolarBeam,AirSlash|Timid||M|||50|]Venusaur||LifeOrb|Chlorophyll|GigaDrain,SludgeBomb,Protect,EarthPower|Modest||M|||50|]Whimsicott||FocusSash|Prankster|Moonblast,Tailwind,Taunt,SunnyDay|Timid||M|||50|]Luxray||SitrusBerry|Intimidate|Crunch,WildCharge,Protect,VoltSwitch|Sassy||M|||50|]Aegislash||SpellTag|StanceChange|IronHead,KingsShield,WideGuard,ShadowSneak|Adamant||M|||50|]Garchomp||YacheBerry|RoughSkin|DragonClaw,Protect,Earthquake,RockSlide|Jolly||F|||50|
|showteam|p2|Dragonite||Dragoninite|Multiscale|Protect,Tailwind,DragonPulse,Flamethrower|Modest||F|||50|]Froslass||Froslassite|CursedBody|Protect,Blizzard,ShadowBall,AuroraVeil|Timid||F|||50|]Sneasler||WhiteHerb|Unburden|Protect,CloseCombat,DireClaw,FakeOut|Jolly||M|||50|]Arcanine-Hisui||FocusSash|RockHead|FlareBlitz,HeadSmash,RockSlide,ExtremeSpeed|Jolly||M|||50|]Basculegion||LifeOrb|Adaptability|Protect,WaveCrash,AquaJet,LastRespects|Adamant||M|||50|]Kingambit||ChopleBerry|Defiant|Protect,KowtowCleave,IronHead,SuckerPunch|Adamant||F|||50|
|inactive|Battle timer is ON: inactive players will automatically lose when time's up. (requested by LittleSunLight)
|
|t:|1784146931
|teamsize|p1|4
|teamsize|p2|4
|start
|switch|p1a: Dr While|Whimsicott, L50, M|100/100
|switch|p1b: Bow|Garchomp, L50, F, shiny|100/100
|switch|p2a: Helix!|Dragonite, L50, F, shiny|100/100
|switch|p2b: Mochi|Sneasler, L50, M|100/100
|turn|1
|inactive|LittleSunLight has 30 seconds left.
|inactive|LittleSunLight has 20 seconds left.
|
|t:|1784146966
|switch|p1a: Hexcalibern|Aegislash, L50, M|100/100
|move|p2b: Mochi|Fake Out|p1a: Hexcalibern
|-immune|p1a: Hexcalibern
|move|p1b: Bow|Rock Slide|p2a: Helix!|[spread] p2a,p2b
|-supereffective|p2a: Helix!|1
|-resisted|p2b: Mochi|1
|-damage|p2a: Helix!|79/100
|-damage|p2b: Mochi|82/100
|move|p2a: Helix!|Tailwind|p2a: Helix!
|-sidestart|p2: LittleSunLight|move: Tailwind
|
|upkeep
|turn|2
|inactive|LittleSunLight has 30 seconds left.
|inactive|LittleSunLight has 20 seconds left.
|inactive|LittleSunLight has 15 seconds left.
|inactive|LittleSunLight has 10 seconds left.
|
|t:|1784147014
|move|p2b: Mochi|Protect|p2b: Mochi
|-singleturn|p2b: Mochi|Protect
|-formechange|p1a: Hexcalibern|Aegislash-Blade|
|move|p1a: Hexcalibern|Shadow Sneak|p2a: Helix!
|-damage|p2a: Helix!|50/100y
|move|p2a: Helix!|Flamethrower|p1a: Hexcalibern
|-supereffective|p1a: Hexcalibern|1
|-damage|p1a: Hexcalibern|20/100y
|move|p1b: Bow|Rock Slide|p2a: Helix!|[spread] p2a
|-activate|p2b: Mochi|move: Protect
|-supereffective|p2a: Helix!|1
|-damage|p2a: Helix!|5/100
|
|upkeep
|turn|3
|inactive|LittleSunLight has 30 seconds left.
|
|t:|1784147042
|move|p2a: Helix!|Protect|p2a: Helix!
|-singleturn|p2a: Helix!|Protect
|move|p1b: Bow|Protect|p1b: Bow
|-singleturn|p1b: Bow|Protect
|move|p1a: Hexcalibern|Shadow Sneak|p2a: Helix!
|-activate|p2a: Helix!|move: Protect
|move|p2b: Mochi|Close Combat|p1b: Bow
|-activate|p1b: Bow|move: Protect
|
|upkeep
|turn|4
|inactive|LittleSunLight has 30 seconds left.
|inactive|LittleSunLight has 20 seconds left.
|inactive|LittleSunLight has 15 seconds left.
|
|t:|1784147083
|switch|p2a: Frisk|Arcanine-Hisui, L50, M|100/100
|-formechange|p1a: Hexcalibern|Aegislash|
|move|p1a: Hexcalibern|King's Shield|p1a: Hexcalibern
|-singleturn|p1a: Hexcalibern|Protect
|move|p2b: Mochi|Close Combat|p1b: Bow
|-damage|p1b: Bow|40/100
|-unboost|p2b: Mochi|def|1
|-unboost|p2b: Mochi|spd|1
|-damage|p2b: Mochi|70/100|[from] ability: Rough Skin|[of] p1b: Bow
|-enditem|p2b: Mochi|White Herb
|-clearnegativeboost|p2b: Mochi|[silent]
|move|p1b: Bow|Earthquake|p2a: Frisk|[spread] p2a,p2b
|-activate|p1a: Hexcalibern|move: Protect
|-supereffective|p2a: Frisk|2
|-supereffective|p2b: Mochi|1
|-enditem|p2a: Frisk|Focus Sash
|-damage|p2a: Frisk|1/100
|-damage|p2b: Mochi|0 fnt
|faint|p2b: Mochi
|
|-sideend|p2: LittleSunLight|move: Tailwind
|upkeep
|
|t:|1784147104
|switch|p2b: Elssssa|Froslass, L50, F|100/100
|turn|5
|inactive|LittleSunLight has 30 seconds left.
|inactive|LittleSunLight has 20 seconds left.
|inactive|LittleSunLight has 15 seconds left.
|
|t:|1784147148
|detailschange|p2b: Elssssa|Froslass-Mega, L50, F
|-mega|p2b: Elssssa|Froslass|Froslassite
|-weather|Snowscape|[from] ability: Snow Warning|[of] p2b: Elssssa
|move|p1a: Hexcalibern|Wide Guard|p1a: Hexcalibern
|-singleturn|p1a: Hexcalibern|Wide Guard
|move|p2a: Frisk|Extreme Speed|p1b: Bow
|-damage|p1b: Bow|13/100
|-damage|p2a: Frisk|0 fnt|[from] ability: Rough Skin|[of] p1b: Bow
|faint|p2a: Frisk
|move|p2b: Elssssa|Blizzard|p1b: Bow|[spread] 
|-activate|p1a: Hexcalibern|move: Wide Guard
|-activate|p1b: Bow|move: Wide Guard
|move|p1b: Bow|Rock Slide|p2b: Elssssa|[miss]
|-miss|p1b: Bow|p2b: Elssssa
|
|-weather|Snowscape|[upkeep]
|upkeep
|
|t:|1784147165
|switch|p2a: Helix!|Dragonite, L50, F, shiny|5/100
|turn|6
|
|t:|1784147179
|move|p1b: Bow|Protect|p1b: Bow
|-singleturn|p1b: Bow|Protect
|-formechange|p1a: Hexcalibern|Aegislash-Blade|
|move|p1a: Hexcalibern|Shadow Sneak|p2a: Helix!
|-damage|p2a: Helix!|0 fnt
|faint|p2a: Helix!
|move|p2b: Elssssa|Shadow Ball|p1b: Bow
|-activate|p1b: Bow|move: Protect
|
|-weather|Snowscape|[upkeep]
|upkeep
|turn|7
|
|t:|1784147198
|switch|p1b: Dragonoid|Charizard, L50, M, shiny|100/100
|move|p1a: Hexcalibern|Shadow Sneak|p2b: Elssssa
|-supereffective|p2b: Elssssa|1
|-damage|p2b: Elssssa|51/100
|move|p2b: Elssssa|Shadow Ball|p1b: Dragonoid
|-damage|p1b: Dragonoid|45/100
|
|-weather|Snowscape|[upkeep]
|upkeep
|turn|8
|
|t:|1784147213
|detailschange|p1b: Dragonoid|Charizard-Mega-Y, L50, M, shiny
|-mega|p1b: Dragonoid|Charizard|Charizardite Y
|-weather|SunnyDay|[from] ability: Drought|[of] p1b: Dragonoid
|move|p1a: Hexcalibern|Shadow Sneak|p2b: Elssssa
|-supereffective|p2b: Elssssa|1
|-damage|p2b: Elssssa|0 fnt
|faint|p2b: Elssssa
|
|win|Frisk Azzy
|c|☆LittleSunLight|gg
