|j|☆smalltownkirlia
|j|☆Alyte
|html|smalltownkirliaAlyte    
|uhtml|bestof|Game 3 of a best-of-3
|t:|1757697966
|gametype|doubles
|player|p1|smalltownkirlia|whitney|1148
|player|p2|Alyte|102|1062
|gen|9
|tier|[Gen 9] VGC 2025 Reg H (Bo3)
|rated|
|rule|Species Clause: Limit one of each Pokémon
|rule|Item Clause: Limit 1 of each item
|clearpoke
|poke|p1|Dragonite, L50, F|
|poke|p1|Ursaluna-Bloodmoon, L50, M|
|poke|p1|Gholdengo, L50|
|poke|p1|Maushold-Four, L50|
|poke|p1|Annihilape, L50, F|
|poke|p1|Rillaboom, L50, M|
|poke|p2|Primarina, L50, M|
|poke|p2|Pelipper, L50, F|
|poke|p2|Archaludon, L50, M|
|poke|p2|Amoonguss, L50, F|
|poke|p2|Indeedee-F, L50, F|
|poke|p2|Kingambit, L50, F|
|teampreview|4
|showteam|p1|Dragonite||LoadedDice|Multiscale|ScaleShot,Tailwind,Haze,Protect|||F|||50|,,,,,Fairy]Ursaluna-Bloodmoon||AssaultVest|MindsEye|BloodMoon,EarthPower,HyperVoice,VacuumWave|||M|||50|,,,,,Water]Gholdengo||LifeOrb|GoodasGold|MakeItRain,ShadowBall,NastyPlot,Protect||||||50|,,,,,Dragon]Maushold-Four||FocusSash|FriendGuard|Taunt,FollowMe,BeatUp,Protect||||||50|,,,,,Ghost]Annihilape||SitrusBerry|Defiant|RageFist,DrainPunch,BulkUp,Protect|||F|||50|,,,,,Fire]Rillaboom||MiracleSeed|GrassySurge|WoodHammer,GrassyGlide,HighHorsepower,FakeOut|||M|||50|,,,,,Fire
|showteam|p2|Primarina||ThroatSpray|LiquidVoice|HyperVoice,Moonblast,Protect,WeatherBall|||M|||50|,,,,,Grass]Pelipper||FocusSash|Drizzle|WeatherBall,Protect,Tailwind,Hurricane|||F|||50|,,,,,Steel]Archaludon||AssaultVest|Stamina|ElectroShot,DragonPulse,FlashCannon,Snarl|||M|||50|,,,,,Electric]Amoonguss||SitrusBerry|Regenerator|Spore,PollenPuff,RagePowder,Protect|||F|||50|,,,,,Water]Indeedee-F||MentalHerb|PsychicSurge|TrickRoom,FollowMe,Protect,HelpingHand|||F|||50|,,,,,Dark]Kingambit||LifeOrb|Defiant|SuckerPunch,KowtowCleave,IronHead,Protect|||F|||50|,,,,,Flying
|inactive|Battle timer is ON: inactive players will automatically lose when time's up. (requested by smalltownkirlia)
|inactive|smalltownkirlia has 60 seconds left.
|inactive|Alyte has 60 seconds left.
|
|t:|1757698022
|teamsize|p1|4
|teamsize|p2|4
|start
|switch|p1a: Dragonite|Dragonite, L50, F|100/100
|switch|p1b: Rillaboom|Rillaboom, L50, M|100/100
|switch|p2a: Archaludon|Archaludon, L50, M|100/100
|switch|p2b: Indeedee|Indeedee-F, L50, F|100/100
|-fieldstart|move: Grassy Terrain|[from] ability: Grassy Surge|[of] p1b: Rillaboom
|-fieldstart|move: Psychic Terrain|[from] ability: Psychic Surge|[of] p2b: Indeedee
|turn|1
|inactive|smalltownkirlia has 30 seconds left.
|inactive|Alyte has 30 seconds left.
|
|t:|1757698051
|-terastallize|p1a: Dragonite|Fairy
|move|p2b: Indeedee|Helping Hand|p2a: Archaludon
|-singleturn|p2a: Archaludon|Helping Hand|[of] p2b: Indeedee
|move|p1a: Dragonite|Scale Shot|p2b: Indeedee
|-damage|p2b: Indeedee|84/100
|-damage|p2b: Indeedee|67/100
|-damage|p2b: Indeedee|51/100
|-damage|p2b: Indeedee|35/100
|-hitcount|p2b: Indeedee|4
|-unboost|p1a: Dragonite|def|1
|-boost|p1a: Dragonite|spe|1
|move|p1b: Rillaboom|High Horsepower|p2a: Archaludon
|-supereffective|p2a: Archaludon
|-damage|p2a: Archaludon|50/100
|-ability|p2a: Archaludon|Stamina|boost
|-boost|p2a: Archaludon|def|1
|move|p2a: Archaludon|Dragon Pulse|p1a: Dragonite
|-immune|p1a: Dragonite
|
|upkeep
|turn|2
|inactive|Alyte has 30 seconds left.
|
|t:|1757698080
|move|p2b: Indeedee|Protect|p2b: Indeedee
|-singleturn|p2b: Indeedee|Protect
|move|p1a: Dragonite|Scale Shot|p2a: Archaludon
|-damage|p2a: Archaludon|41/100
|-ability|p2a: Archaludon|Stamina|boost
|-boost|p2a: Archaludon|def|1
|-damage|p2a: Archaludon|35/100
|-ability|p2a: Archaludon|Stamina|boost
|-boost|p2a: Archaludon|def|1
|-damage|p2a: Archaludon|30/100
|-ability|p2a: Archaludon|Stamina|boost
|-boost|p2a: Archaludon|def|1
|-damage|p2a: Archaludon|26/100
|-ability|p2a: Archaludon|Stamina|boost
|-boost|p2a: Archaludon|def|1
|-hitcount|p2a: Archaludon|4
|-unboost|p1a: Dragonite|def|1
|-boost|p1a: Dragonite|spe|1
|move|p1b: Rillaboom|High Horsepower|p2a: Archaludon
|-supereffective|p2a: Archaludon
|-damage|p2a: Archaludon|12/100
|-ability|p2a: Archaludon|Stamina|boost
|-boost|p2a: Archaludon|def|1
|move|p2a: Archaludon|Flash Cannon|p1a: Dragonite
|-supereffective|p1a: Dragonite
|-damage|p1a: Dragonite|54/100
|
|upkeep
|turn|3
|inactive|Alyte has 30 seconds left.
|inactive|Alyte has 20 seconds left.
|
|t:|1757698119
|move|p1a: Dragonite|Haze|p1a: Dragonite
|-clearallboost
|move|p1b: Rillaboom|Wood Hammer|p2b: Indeedee
|-damage|p2b: Indeedee|0 fnt
|faint|p2b: Indeedee
|-damage|p1b: Rillaboom|90/100|[from] Recoil
|move|p2a: Archaludon|Flash Cannon|p1a: Dragonite
|-supereffective|p1a: Dragonite
|-damage|p1a: Dragonite|0 fnt
|faint|p1a: Dragonite
|
|upkeep
|
|t:|1757698131
|switch|p1a: Ursaluna|Ursaluna-Bloodmoon, L50, M|100/100
|switch|p2b: Primarina|Primarina, L50, M|100/100
|turn|4
|
|t:|1757698143
|switch|p2a: Pelipper|Pelipper, L50, F|100/100
|-weather|RainDance|[from] ability: Drizzle|[of] p2a: Pelipper
|switch|p1a: Gholdengo|Gholdengo, L50|100/100
|-terastallize|p2b: Primarina|Grass
|move|p1b: Rillaboom|High Horsepower|p2a: Pelipper
|-immune|p2a: Pelipper
|move|p2b: Primarina|Hyper Voice|p1a: Gholdengo|[spread] p1a,p1b
|-resisted|p1b: Rillaboom
|-damage|p1a: Gholdengo|38/100
|-damage|p1b: Rillaboom|63/100
|-enditem|p2b: Primarina|Throat Spray
|-boost|p2b: Primarina|spa|1|[from] item: Throat Spray
|
|-weather|RainDance|[upkeep]
|upkeep
|turn|5
|inactive|Alyte has 30 seconds left.
|
|t:|1757698174
|move|p1a: Gholdengo|Make It Rain|p2b: Primarina|[spread] p2a,p2b
|-resisted|p2a: Pelipper
|-damage|p2a: Pelipper|56/100
|-damage|p2b: Primarina|48/100
|-unboost|p1a: Gholdengo|spa|1
|-damage|p1a: Gholdengo|29/100|[from] item: Life Orb
|move|p2a: Pelipper|Tailwind|p2a: Pelipper
|-sidestart|p2: Alyte|move: Tailwind
|move|p2b: Primarina|Moonblast|p1b: Rillaboom
|-crit|p1b: Rillaboom
|-damage|p1b: Rillaboom|0 fnt
|faint|p1b: Rillaboom
|
|-weather|RainDance|[upkeep]
|-fieldend|move: Psychic Terrain
|upkeep
|
|t:|1757698178
|switch|p1b: Ursaluna|Ursaluna-Bloodmoon, L50, M|100/100
|turn|6
|inactive|Alyte has 30 seconds left.
|
|t:|1757698204
|switch|p2a: Archaludon|Archaludon, L50, M|12/100
|move|p2b: Primarina|Hyper Voice|p1a: Gholdengo|[spread] p1a,p1b
|-supereffective|p1b: Ursaluna
|-damage|p1a: Gholdengo|0 fnt
|-damage|p1b: Ursaluna|0 fnt
|faint|p1a: Gholdengo
|faint|p1b: Ursaluna
|
|win|Alyte
|raw|smalltownkirlia's rating: 1148 → 1117(-31 for losing)
|raw|Alyte's rating: 1062 → 1100(+38 for winning)
|l|☆Alyte
|player|p2|
