|j|☆katusso
|j|☆ethnol1816
|html|katussoethnol1816    
|uhtml|bestof|Game 1 of a best-of-3
|t:|1757667288
|gametype|doubles
|player|p1|katusso|265|1151
|player|p2|ethnol1816|boarder|1100
|gen|9
|tier|[Gen 9] VGC 2025 Reg H (Bo3)
|rated|
|rule|Species Clause: Limit one of each Pokémon
|rule|Item Clause: Limit 1 of each item
|clearpoke
|poke|p1|Sneasler, L50, M|
|poke|p1|Rillaboom, L50, M|
|poke|p1|Farigiraf, L50, M|
|poke|p1|Malamar, L50, M|
|poke|p1|Pelipper, L50, M|
|poke|p1|Archaludon, L50, F|
|poke|p2|Gholdengo, L50|
|poke|p2|Samurott-Hisui, L50, M|
|poke|p2|Hydreigon, L50, M|
|poke|p2|Whimsicott, L50, F|
|poke|p2|Garchomp, L50, F|
|poke|p2|Clefable, L50, F|
|teampreview|4
|showteam|p1|Sneasler||GrassySeed|Unburden|Protect,CloseCombat,DireClaw,Acrobatics|||M|||50|,,,,,Dark]Rillaboom||AssaultVest|GrassySurge|FakeOut,GrassyGlide,WoodHammer,HighHorsepower|||M|||50|,,,,,Fire]Farigiraf||MentalHerb|ArmorTail|HelpingHand,HyperVoice,Psychic,TrickRoom|||M|||50|,,,,,Fairy]Malamar||SitrusBerry|Contrary|Protect,Superpower,KnockOff,TeraBlast|||M|||50|,,,,,Stellar]Pelipper||SafetyGoggles|Drizzle|WideGuard,Hurricane,WeatherBall,Tailwind|||M|||50|,,,,,Ground]Archaludon||PowerHerb|Stalwart|Protect,ElectroShot,DragonPulse,FlashCannon|||F|||50|,,,,,Electric
|showteam|p2|Gholdengo||Leftovers|GoodasGold|NastyPlot,ShadowBall,MakeItRain,Protect||||||50|,,,,,Dragon]Samurott-Hisui||AssaultVest|Sharpness|CeaselessEdge,SuckerPunch,SacredSword,AquaCutter|||M|||50|,,,,,Ghost]Hydreigon||ChoiceSpecs|Levitate|DarkPulse,DracoMeteor,HeatWave,FlashCannon|||M|||50|,,,,,Fire]Whimsicott||FocusSash|Prankster|Moonblast,Tailwind,SunnyDay,Encore|||F|||50|,,,,,Ghost]Garchomp||LifeOrb|RoughSkin|Protect,StompingTantrum,Earthquake,DragonClaw|||F|||50|,,,,,Steel]Clefable||SitrusBerry|Unaware|Moonblast,MistyTerrain,FollowMe,Protect|||F|||50|,,,,,Water
|inactive|Battle timer is ON: inactive players will automatically lose when time's up. (requested by ethnol1816)
|
|t:|1757667316
|teamsize|p1|4
|teamsize|p2|4
|start
|switch|p1a: Rillaboom|Rillaboom, L50, M, shiny|100/100
|switch|p1b: Sneasler|Sneasler, L50, M, shiny|100/100
|switch|p2a: hyculese|Hydreigon, L50, M, shiny|100/100
|switch|p2b: chompy|Garchomp, L50, F|100/100
|-fieldstart|move: Grassy Terrain|[from] ability: Grassy Surge|[of] p1a: Rillaboom
|-enditem|p1b: Sneasler|Grassy Seed
|-boost|p1b: Sneasler|def|1|[from] item: Grassy Seed
|turn|1
|inactive|katusso has 30 seconds left.
|
|t:|1757667344
|-terastallize|p2a: hyculese|Fire
|move|p1a: Rillaboom|Fake Out|p2a: hyculese
|-damage|p2a: hyculese|88/100
|move|p1b: Sneasler|Dire Claw|p2a: hyculese
|-damage|p2a: hyculese|45/100
|move|p2b: chompy|Stomping Tantrum|p1b: Sneasler
|-supereffective|p1b: Sneasler
|-damage|p1b: Sneasler|0 fnt
|faint|p1b: Sneasler
|-damage|p2b: chompy|91/100|[from] item: Life Orb
|cant|p2a: hyculese|flinch
|
|-heal|p2b: chompy|97/100|[from] Grassy Terrain
|upkeep
|
|t:|1757667357
|switch|p1b: Farigiraf|Farigiraf, L50, M, shiny|100/100
|turn|2
|
|t:|1757667366
|move|p2b: chompy|Dragon Claw|p1b: Farigiraf
|-damage|p1b: Farigiraf|50/100
|-damage|p2b: chompy|87/100|[from] item: Life Orb
|move|p2a: hyculese|Heat Wave|p1a: Rillaboom|[spread] p1a,p1b
|-supereffective|p1a: Rillaboom
|-damage|p1a: Rillaboom|33/100
|-damage|p1b: Farigiraf|3/100
|move|p1a: Rillaboom|High Horsepower|p2a: hyculese
|-immune|p2a: hyculese|[from] ability: Levitate
|move|p1b: Farigiraf|Trick Room|p1b: Farigiraf
|-fieldstart|move: Trick Room|[of] p1b: Farigiraf
|
|-heal|p1b: Farigiraf|9/100|[from] Grassy Terrain
|-heal|p1a: Rillaboom|39/100|[from] Grassy Terrain
|-heal|p2b: chompy|93/100|[from] Grassy Terrain
|upkeep
|turn|3
|
|t:|1757667384
|move|p1b: Farigiraf|Hyper Voice|p2b: chompy|[spread] p2a,p2b
|-damage|p2a: hyculese|16/100
|-damage|p2b: chompy|62/100
|move|p1a: Rillaboom|Wood Hammer|p2b: chompy
|-damage|p2b: chompy|0 fnt
|-damage|p1a: Rillaboom|27/100|[from] ability: Rough Skin|[of] p2b: chompy
|faint|p2b: chompy
|-damage|p1a: Rillaboom|9/100|[from] Recoil
|move|p2a: hyculese|Heat Wave|p1b: Farigiraf|[spread] p1a,p1b
|-supereffective|p1a: Rillaboom
|-damage|p1a: Rillaboom|0 fnt
|-damage|p1b: Farigiraf|0 fnt
|faint|p1a: Rillaboom
|faint|p1b: Farigiraf
|
|upkeep
|
|t:|1757667401
|switch|p1b: Malamar|Malamar, L50, M, shiny|100/100
|switch|p2b: carson|Samurott-Hisui, L50, M|100/100
|turn|4
|
|t:|1757667409
|-terastallize|p1b: Malamar|Stellar
|move|p1b: Malamar|Superpower|p2a: hyculese
|-damage|p2a: hyculese|0 fnt
|-boost|p1b: Malamar|atk|1
|-boost|p1b: Malamar|def|1
|faint|p2a: hyculese
|move|p2b: carson|Aqua Cutter|p1b: Malamar
|-damage|p1b: Malamar|69/100
|
|-heal|p1b: Malamar|75/100|[from] Grassy Terrain
|upkeep
|
|t:|1757667418
|switch|p2a: nsdr trdng|Gholdengo, L50|100/100
|turn|5
|
|t:|1757667434
|move|p1b: Malamar|Superpower|p2b: carson
|-supereffective|p2b: carson
|-damage|p2b: carson|0 fnt
|-boost|p1b: Malamar|atk|1
|-boost|p1b: Malamar|def|1
|faint|p2b: carson
|move|p2a: nsdr trdng|Make It Rain|p1b: Malamar
|-damage|p1b: Malamar|7/100
|-unboost|p2a: nsdr trdng|spa|1
|-enditem|p1b: Malamar|Sitrus Berry|[eat]
|-heal|p1b: Malamar|32/100|[from] item: Sitrus Berry
|
|-heal|p1b: Malamar|38/100|[from] Grassy Terrain
|-fieldend|move: Grassy Terrain
|upkeep
|turn|6
|
|t:|1757667442
|move|p2a: nsdr trdng|Protect|p2a: nsdr trdng
|-singleturn|p2a: nsdr trdng|Protect
|move|p1b: Malamar|Knock Off|p2a: nsdr trdng
|-activate|p2a: nsdr trdng|move: Protect
|
|-fieldend|move: Trick Room
|upkeep
|turn|7
|
|t:|1757667446
|move|p2a: nsdr trdng|Make It Rain|p1b: Malamar
|-damage|p1b: Malamar|0 fnt
|-unboost|p2a: nsdr trdng|spa|1
|faint|p1b: Malamar
|
|win|ethnol1816
|inactive|katusso has 30 seconds to confirm battle start!
|inactive|ethnol1816 has 30 seconds to confirm battle start!
||ethnol1816 is ready for game 2.
|inactive|katusso has 20 seconds to confirm battle start!
||katusso is ready for game 2.
|uhtml|next|Next: Game 2 of 3
|l|☆katusso
|player|p1|
