|j|☆CSQ17
|j|☆swarley3000
|html|CSQ17swarley3000    
|uhtml|bestof|Game 2 of a best-of-3
|t:|1785869501
|gametype|doubles
|player|p1|CSQ17|266|1419
|player|p2|swarley3000|arven-s|1395
|gen|9
|tier|[Gen 9 Champions] VGC 2026 Reg M-B (Bo3)
|rated|
|rule|Species Clause: Limit one of each Pokémon
|rule|Item Clause: Limit 1 of each item
|clearpoke
|poke|p1|Tyranitar, L50, M|
|poke|p1|Excadrill, L50, F|
|poke|p1|Milotic, L50, M|
|poke|p1|Sinistcha, L50|
|poke|p1|Staraptor, L50, M|
|poke|p1|Gholdengo, L50|
|poke|p2|Whimsicott, L50, F|
|poke|p2|Basculegion, L50, M|
|poke|p2|Kingambit, L50, M|
|poke|p2|Floette-Eternal, L50, F|
|poke|p2|Charizard, L50, M|
|poke|p2|Garchomp, L50, M|
|teampreview|4
|showteam|p1|Tyranitar||Tyranitarite|SandStream|KnockOff,RockSlide,HighHorsepower,Protect|Jolly||M|||50|]Excadrill||FocusSash|SandRush|Earthquake,IronHead,RockSlide,Protect|Adamant||F|||50|]Milotic||SitrusBerry|Competitive|Scald,IcyWind,Haze,Protect|Calm||M|||50|]Sinistcha||ColburBerry|Hospitality|MatchaGotcha,ShadowBall,Protect,RagePowder|Bold|||||50|]Staraptor||Staraptite|Intimidate|CloseCombat,BraveBird,Tailwind,Protect|Jolly||M|||50|]Gholdengo||LifeOrb|GoodasGold|MakeItRain,ShadowBall,NastyPlot,Protect|Modest|||||50|
|showteam|p2|Whimsicott||FocusSash|Prankster|Protect,Moonblast,Encore,Tailwind|Timid||F|||50|]Basculegion||LifeOrb|Adaptability|Protect,WaveCrash,LastRespects,AquaJet|Adamant||M|||50|]Kingambit||BlackGlasses|Defiant|Protect,SuckerPunch,LowKick,KowtowCleave|Adamant||M|||50|]Floette-Eternal||Floettite|FlowerVeil|Protect,Moonblast,DazzlingGleam,LightofRuin|Modest||F|||50|]Charizard||CharizarditeY|Blaze|Protect,HeatWave,WeatherBall,SolarBeam|Modest||M|||50|]Garchomp||SitrusBerry|RoughSkin|PoisonJab,DragonClaw,RockSlide,Earthquake|Adamant||M|||50|
|inactive|Battle timer is ON: inactive players will automatically lose when time's up. (requested by swarley3000)
|inactive|CSQ17 has 60 seconds left.
|
|t:|1785869556
|teamsize|p1|4
|teamsize|p2|4
|start
|switch|p1a: Excadrill|Excadrill, L50, F|100/100
|switch|p1b: Staraptor|Staraptor, L50, M|100/100
|switch|p2a: Garchomp|Garchomp, L50, M|100/100
|switch|p2b: Floette|Floette-Eternal, L50, F|100/100
|-ability|p1b: Staraptor|Intimidate|boost
|-unboost|p2a: Garchomp|atk|1
|-unboost|p2b: Floette|atk|1
|turn|1
|j| ido1234567890
|inactive|CSQ17 has 30 seconds left.
|inactive|CSQ17 has 20 seconds left.
|inactive|CSQ17 has 15 seconds left.
|inactive|swarley3000 has 30 seconds left.
|inactive|CSQ17 has 10 seconds left.
|
|t:|1785869603
|switch|p2b: Kingambit|Kingambit, L50, M|100/100
|detailschange|p1b: Staraptor|Staraptor-Mega, L50, M
|-mega|p1b: Staraptor|Staraptor|Staraptite
|move|p1a: Excadrill|Protect|p1a: Excadrill
|-singleturn|p1a: Excadrill|Protect
|move|p1b: Staraptor|Close Combat|p2a: Garchomp
|-damage|p2a: Garchomp|51/100
|-boost|p1b: Staraptor|def|1
|-boost|p1b: Staraptor|spd|1
|-damage|p1b: Staraptor|87/100|[from] ability: Rough Skin|[of] p2a: Garchomp
|move|p2a: Garchomp|Dragon Claw|p1a: Excadrill
|-activate|p1a: Excadrill|move: Protect
|
|upkeep
|turn|2
|inactive|CSQ17 has 30 seconds left.
|
|t:|1785869635
|switch|p2a: Whimsicott|Whimsicott, L50, F|100/100
|move|p2b: Kingambit|Sucker Punch|p1a: Excadrill
|-damage|p1a: Excadrill|29/100
|move|p1b: Staraptor|Close Combat|p2b: Kingambit
|-supereffective|p2b: Kingambit|2
|-damage|p2b: Kingambit|0 fnt
|-boost|p1b: Staraptor|def|1
|-boost|p1b: Staraptor|spd|1
|faint|p2b: Kingambit
|move|p1a: Excadrill|Earthquake|p2a: Whimsicott|[spread] p2a
|-immune|p1b: Staraptor
|-resisted|p2a: Whimsicott|1
|-damage|p2a: Whimsicott|67/100
|
|upkeep
|
|t:|1785869642
|switch|p2b: Floette|Floette-Eternal, L50, F|100/100
|turn|3
|inactive|CSQ17 has 30 seconds left.
|
|t:|1785869672
|switch|p1a: Tyranitar|Tyranitar, L50, M|100/100
|-weather|Sandstorm|[from] ability: Sand Stream|[of] p1a: Tyranitar
|detailschange|p2b: Floette|Floette-Mega, L50, F
|-mega|p2b: Floette|Floette|Floettite
|-ability|p2b: Floette|Fairy Aura
|move|p2a: Whimsicott|Moonblast|p1a: Tyranitar
|-supereffective|p1a: Tyranitar|1
|-damage|p1a: Tyranitar|37/100
|move|p1b: Staraptor|Tailwind|p1b: Staraptor
|-sidestart|p1: CSQ17|move: Tailwind
|move|p2b: Floette|Moonblast|p1b: Staraptor
|-supereffective|p1b: Staraptor|1
|-damage|p1b: Staraptor|13/100
|
|-weather|Sandstorm|[upkeep]
|-damage|p1b: Staraptor|7/100|[from] Sandstorm
|-damage|p2a: Whimsicott|61/100|[from] Sandstorm
|-damage|p2b: Floette|94/100|[from] Sandstorm
|upkeep
|turn|4
|inactive|CSQ17 has 30 seconds left.
|inactive|CSQ17 has 20 seconds left.
|inactive|CSQ17 has 15 seconds left.
|inactive|CSQ17 has 10 seconds left.
|
|t:|1785869718
|move|p2a: Whimsicott|Protect|p2a: Whimsicott
|-singleturn|p2a: Whimsicott|Protect
|move|p2b: Floette|Protect|p2b: Floette
|-singleturn|p2b: Floette|Protect
|move|p1b: Staraptor|Brave Bird|p2a: Whimsicott
|-activate|p2a: Whimsicott|move: Protect
|move|p1a: Tyranitar|Rock Slide|p2b: Floette|[spread] 
|-activate|p2a: Whimsicott|move: Protect
|-activate|p2b: Floette|move: Protect
|
|-weather|Sandstorm|[upkeep]
|-damage|p1b: Staraptor|2/100|[from] Sandstorm
|-damage|p2a: Whimsicott|55/100|[from] Sandstorm
|-damage|p2b: Floette|88/100|[from] Sandstorm
|upkeep
|turn|5
|
|t:|1785869737
|move|p2a: Whimsicott|Tailwind|p2a: Whimsicott
|-sidestart|p2: swarley3000|move: Tailwind
|move|p1b: Staraptor|Brave Bird|p2a: Whimsicott
|-supereffective|p2a: Whimsicott|1
|-damage|p2a: Whimsicott|0 fnt
|faint|p2a: Whimsicott
|-damage|p1b: Staraptor|0 fnt|[from] Recoil
|faint|p1b: Staraptor
|move|p2b: Floette|Dazzling Gleam|p1a: Tyranitar
|-supereffective|p1a: Tyranitar|1
|-damage|p1a: Tyranitar|0 fnt
|faint|p1a: Tyranitar
|
|-weather|Sandstorm|[upkeep]
|-damage|p2b: Floette|82/100|[from] Sandstorm
|upkeep
|
|t:|1785869746
|switch|p2a: Garchomp|Garchomp, L50, M|51/100
|switch|p1b: Gholdengo|Gholdengo, L50|100/100
|switch|p1a: Excadrill|Excadrill, L50, F|29/100
|turn|6
|inactive|CSQ17 has 30 seconds left.
|inactive|CSQ17 has 20 seconds left.
|inactive|CSQ17 has 15 seconds left.
|
|t:|1785869790
|move|p2b: Floette|Protect|p2b: Floette
|-singleturn|p2b: Floette|Protect
|move|p1a: Excadrill|Iron Head|p2a: Garchomp
|-damage|p2a: Garchomp|14/100
|-damage|p1a: Excadrill|17/100|[from] ability: Rough Skin|[of] p2a: Garchomp
|-enditem|p2a: Garchomp|Sitrus Berry|[eat]
|-heal|p2a: Garchomp|39/100|[from] item: Sitrus Berry
|move|p2a: Garchomp|Earthquake|p1b: Gholdengo|[spread] p1a,p1b
|-activate|p2b: Floette|move: Protect
|-supereffective|p1a: Excadrill|1
|-supereffective|p1b: Gholdengo|1
|-damage|p1a: Excadrill|0 fnt
|-damage|p1b: Gholdengo|29/100
|faint|p1a: Excadrill
|move|p1b: Gholdengo|Shadow Ball|p2a: Garchomp
|-damage|p2a: Garchomp|0 fnt
|faint|p2a: Garchomp
|-damage|p1b: Gholdengo|19/100|[from] item: Life Orb
|
|-weather|Sandstorm|[upkeep]
|-damage|p2b: Floette|77/100|[from] Sandstorm
|-sideend|p1: CSQ17|move: Tailwind
|upkeep
|turn|7
|
|t:|1785869802
|move|p2b: Floette|Moonblast|p1b: Gholdengo
|-resisted|p1b: Gholdengo|1
|-damage|p1b: Gholdengo|0 fnt
|faint|p1b: Gholdengo
|
|win|swarley3000
|raw|CSQ17's rating: 1419 → 1398(-21 for losing)
|raw|swarley3000's rating: 1395 → 1416(+21 for winning)
