|j|☆Cristante terabug
|j|☆Schroombert
|html|Cristante terabugSchroombert    
|uhtml|bestof|Game 2 of a best-of-3
|t:|1755697682
|gametype|doubles
|player|p1|Cristante terabug|kieran-champion|1361
|player|p2|Schroombert|rancher|1420
|gen|9
|tier|[Gen 9] VGC 2025 Reg H (Bo3)
|rated|
|rule|Species Clause: Limit one of each Pokémon
|rule|Item Clause: Limit 1 of each item
|clearpoke
|poke|p1|Kommo-o, L50, M|
|poke|p1|Sneasler, L50, M|
|poke|p1|Dragonite, L50, F|
|poke|p1|Rillaboom, L50, F|
|poke|p1|Gholdengo, L50|
|poke|p1|Sinistcha, L50|
|poke|p2|Dragonite, L50, M|
|poke|p2|Annihilape, L50, M|
|poke|p2|Rillaboom, L50, M|
|poke|p2|Electabuzz, L50, M|
|poke|p2|Volcarona, L50, M|
|poke|p2|Gholdengo, L50|
|teampreview|4
|showteam|p1|Kommo-o||Leftovers|Overcoat|ClangorousSoul,ClangingScales,Flamethrower,Protect|||M|||50|,,,,,Fire]Sneasler||FocusSash|PoisonTouch|CloseCombat,DireClaw,FakeOut,Protect|||M|||50|,,,,,Ghost]Dragonite||LoadedDice|Multiscale|ScaleShot,Haze,Protect,Tailwind|||F|||50|,,,,,Steel]Rillaboom||AssaultVest|GrassySurge|DrumBeating,HighHorsepower,FakeOut,GrassyGlide|||F|||50|,,,,,Fire]Gholdengo||LifeOrb|GoodasGold|MakeItRain,NastyPlot,Protect,ShadowBall||||||50|,,,,,Dragon]Sinistcha||SitrusBerry|Hospitality|MatchaGotcha,RagePowder,LifeDew,TrickRoom||||||50|,,,,,Dark
|showteam|p2|Dragonite||LoadedDice|Multiscale|ScaleShot,Tailwind,StompingTantrum,Protect|||M|||50|,,,,,Ground]Annihilape||FocusSash|Defiant|CloseCombat,RageFist,FinalGambit,Taunt|||M|||50|,,,,,Stellar]Rillaboom||AssaultVest|GrassySurge|GrassyGlide,DrumBeating,FakeOut,HighHorsepower|||M|||50|,,,,,Fire]Electabuzz||Eviolite|VitalSpirit|FollowMe,Electroweb,Taunt,Protect|||M|||50|,,,,,Fairy]Volcarona||SitrusBerry|FlameBody|HeatWave,TeraBlast,QuiverDance,Protect|||M|||50|,,,,,Fairy]Gholdengo||GrassySeed|GoodasGold|MakeItRain,ShadowBall,NastyPlot,Protect||||||50|,,,,,Water
|inactive|Battle timer is ON: inactive players will automatically lose when time's up. (requested by Schroombert)
|
|t:|1755697701
|teamsize|p1|4
|teamsize|p2|4
|start
|switch|p1a: Sneasler|Sneasler, L50, M|100/100
|switch|p1b: Gholdengo|Gholdengo, L50|100/100
|switch|p2a: Annihilape|Annihilape, L50, M, shiny|100/100
|switch|p2b: Volcarona|Volcarona, L50, M, shiny|100/100
|turn|1
|
|t:|1755697725
|move|p1a: Sneasler|Dire Claw|p2a: Annihilape
|-resisted|p2a: Annihilape
|-damage|p2a: Annihilape|75/100
|-status|p2a: Annihilape|slp
|cant|p2a: Annihilape|slp
|move|p1b: Gholdengo|Shadow Ball|p2a: Annihilape
|-supereffective|p2a: Annihilape
|-damage|p2a: Annihilape|0 fnt
|faint|p2a: Annihilape
|-damage|p1b: Gholdengo|91/100|[from] item: Life Orb
|move|p2b: Volcarona|Quiver Dance|p2b: Volcarona
|-boost|p2b: Volcarona|spa|1
|-boost|p2b: Volcarona|spd|1
|-boost|p2b: Volcarona|spe|1
|
|upkeep
|
|t:|1755697740
|switch|p2a: Rillaboom|Rillaboom, L50, M, shiny|100/100
|-fieldstart|move: Grassy Terrain|[from] ability: Grassy Surge|[of] p2a: Rillaboom
|turn|2
|
|t:|1755697749
|move|p1a: Sneasler|Protect|p1a: Sneasler
|-singleturn|p1a: Sneasler|Protect
|move|p1b: Gholdengo|Protect|p1b: Gholdengo
|-singleturn|p1b: Gholdengo|Protect
|move|p2a: Rillaboom|Fake Out|p1a: Sneasler
|-activate|p1a: Sneasler|move: Protect
|move|p2b: Volcarona|Quiver Dance|p2b: Volcarona
|-boost|p2b: Volcarona|spa|1
|-boost|p2b: Volcarona|spd|1
|-boost|p2b: Volcarona|spe|1
|
|-heal|p1b: Gholdengo|97/100|[from] Grassy Terrain
|upkeep
|turn|3
|
|t:|1755697765
|-terastallize|p1b: Gholdengo|Dragon
|move|p2a: Rillaboom|Grassy Glide|p1a: Sneasler
|-resisted|p1a: Sneasler
|-damage|p1a: Sneasler|67/100
|move|p2b: Volcarona|Heat Wave|p1b: Gholdengo|[spread] p1a,p1b
|-resisted|p1b: Gholdengo
|-damage|p1a: Sneasler|0 fnt
|-damage|p1b: Gholdengo|54/100
|faint|p1a: Sneasler
|move|p1b: Gholdengo|Make It Rain|p2b: Volcarona|[spread] p2a,p2b
|-resisted|p2b: Volcarona
|-damage|p2a: Rillaboom|61/100
|-damage|p2b: Volcarona|85/100
|-unboost|p1b: Gholdengo|spa|1
|-damage|p1b: Gholdengo|45/100|[from] item: Life Orb
|
|-heal|p2b: Volcarona|91/100|[from] Grassy Terrain
|-heal|p1b: Gholdengo|51/100|[from] Grassy Terrain
|-heal|p2a: Rillaboom|67/100|[from] Grassy Terrain
|upkeep
|
|t:|1755697776
|switch|p1a: Dragonite|Dragonite, L50, F|100/100
|turn|4
|
|t:|1755697786
|-terastallize|p2b: Volcarona|Fairy
|move|p1b: Gholdengo|Protect|p1b: Gholdengo
|-singleturn|p1b: Gholdengo|Protect
|move|p2a: Rillaboom|Grassy Glide|p1a: Dragonite
|-resisted|p1a: Dragonite
|-damage|p1a: Dragonite|95/100
|move|p2b: Volcarona|Tera Blast|p1a: Dragonite|[anim] Tera Blast Fairy
|-supereffective|p1a: Dragonite
|-damage|p1a: Dragonite|0 fnt
|faint|p1a: Dragonite
|
|-heal|p2b: Volcarona|98/100|[from] Grassy Terrain
|-heal|p1b: Gholdengo|57/100|[from] Grassy Terrain
|-heal|p2a: Rillaboom|72/100|[from] Grassy Terrain
|upkeep
|
|t:|1755697795
|switch|p1a: Rillaboom|Rillaboom, L50, F|100/100
|turn|5
|
|t:|1755697805
|move|p2b: Volcarona|Protect|p2b: Volcarona
|-singleturn|p2b: Volcarona|Protect
|move|p1a: Rillaboom|Fake Out|p2a: Rillaboom
|-damage|p2a: Rillaboom|60/100
|move|p1b: Gholdengo|Nasty Plot|p1b: Gholdengo
|-boost|p1b: Gholdengo|spa|2
|cant|p2a: Rillaboom|flinch
|
|-heal|p2b: Volcarona|100/100|[from] Grassy Terrain
|-heal|p1b: Gholdengo|63/100|[from] Grassy Terrain
|-heal|p2a: Rillaboom|66/100|[from] Grassy Terrain
|upkeep
|turn|6
|
|t:|1755697823
|move|p2b: Volcarona|Heat Wave|p1b: Gholdengo|[spread] p1a,p1b
|-supereffective|p1a: Rillaboom
|-resisted|p1b: Gholdengo
|-damage|p1a: Rillaboom|0 fnt
|-damage|p1b: Gholdengo|18/100
|faint|p1a: Rillaboom
|move|p1b: Gholdengo|Make It Rain|p2a: Rillaboom|[spread] p2a,p2b
|-supereffective|p2b: Volcarona
|-damage|p2a: Rillaboom|7/100
|-damage|p2b: Volcarona|15/100
|-unboost|p1b: Gholdengo|spa|1
|-enditem|p2b: Volcarona|Sitrus Berry|[eat]
|-heal|p2b: Volcarona|40/100|[from] item: Sitrus Berry
|-damage|p1b: Gholdengo|9/100|[from] item: Life Orb
|move|p2a: Rillaboom|Drum Beating|p1b: Gholdengo
|-resisted|p1b: Gholdengo
|-crit|p1b: Gholdengo
|-damage|p1b: Gholdengo|0 fnt
|faint|p1b: Gholdengo
|
|win|Schroombert
|raw|Cristante terabug's rating: 1361 → 1344(-17 for losing)
|raw|Schroombert's rating: 1420 → 1437(+17 for winning)
|l|☆Cristante terabug
|player|p1|
