|j|☆TetheredAvian74
|j|☆RedAllay
|html|TetheredAvian74RedAllay    
|uhtml|bestof|Game 1 of a best-of-3
|t:|1784128147
|gametype|doubles
|player|p1|TetheredAvian74|2|1141
|player|p2|RedAllay|gladion|1012
|gen|9
|tier|[Gen 9 Champions] VGC 2026 Reg M-B (Bo3)
|rated|
|rule|Species Clause: Limit one of each Pokémon
|rule|Item Clause: Limit 1 of each item
|clearpoke
|poke|p1|Pelipper, L50, M|
|poke|p1|Grimmsnarl, L50, M|
|poke|p1|Sinistcha, L50|
|poke|p1|Blastoise, L50, F|
|poke|p1|Archaludon, L50, F|
|poke|p1|Raichu, L50, F|
|poke|p2|Floette-Eternal, L50, F|
|poke|p2|Garchomp, L50, F|
|poke|p2|Incineroar, L50, M|
|poke|p2|Sinistcha, L50|
|poke|p2|Sneasler, L50, M|
|poke|p2|Aerodactyl, L50, F|
|teampreview|4
|showteam|p1|Pelipper||DampRock|Drizzle|Tailwind,Uturn,Hurricane,WeatherBall|Modest||M|||50|]Grimmsnarl||LightClay|Prankster|Reflect,LightScreen,PartingShot,SuckerPunch|Impish||M|||50|]Sinistcha||SitrusBerry|Hospitality|RagePowder,LifeDew,MatchaGotcha,StrengthSap|Calm|||||50|]Blastoise||Blastoisinite|RainDish|ShellSmash,WaterSpout,IcyWind,Protect|Modest||F|||50|]Archaludon||Leftovers|Stamina|ElectroShot,DragonPulse,FlashCannon,Protect|Calm||F|||50|]Raichu||RaichuniteX|LightningRod|FakeOut,VoltTackle,VoltSwitch,BrickBreak|Jolly||F|||50|
|showteam|p2|Floette-Eternal||Floettite|FlowerVeil|Moonblast,DazzlingGleam,CalmMind,Protect|Modest||F|||50|]Garchomp||LifeOrb|RoughSkin|Earthquake,StompingTantrum,DragonClaw,Protect|Adamant||F|||50|]Incineroar||SitrusBerry|Intimidate|FlareBlitz,ThroatChop,PartingShot,FakeOut|Relaxed||M|||50|]Sinistcha||Leftovers|Hospitality|MatchaGotcha,RagePowder,LifeDew,Protect|Bold|||||50|]Sneasler||WhiteHerb|Unburden|CloseCombat,DireClaw,FakeOut,Protect|Adamant||M|||50|]Aerodactyl||FocusSash|Unnerve|RockSlide,DualWingbeat,Tailwind,Protect|Jolly||F|||50|
|inactive|Battle timer is ON: inactive players will automatically lose when time's up. (requested by TetheredAvian74)
|inactive|RedAllay also wants the timer to be on.
|
|t:|1784128172
|teamsize|p1|4
|teamsize|p2|4
|start
|switch|p1a: Raichu|Raichu, L50, F|100/100
|switch|p1b: Archaludon|Archaludon, L50, F|100/100
|switch|p2a: Sinistcha|Sinistcha, L50|100/100
|switch|p2b: Floette|Floette-Eternal, L50, F|100/100
|turn|1
|inactive|RedAllay has 30 seconds left.
|
|t:|1784128201
|switch|p2a: Sneasler|Sneasler, L50, M|100/100
|detailschange|p1a: Raichu|Raichu-Mega-X, L50, F
|-mega|p1a: Raichu|Raichu|Raichunite X
|-fieldstart|move: Electric Terrain|[from] ability: Electric Surge|[of] p1a: Raichu
|move|p2b: Floette|Protect|p2b: Floette
|-singleturn|p2b: Floette|Protect
|move|p1a: Raichu|Fake Out|p2b: Floette
|-activate|p2b: Floette|move: Protect
|move|p1b: Archaludon|Flash Cannon|p2b: Floette
|-activate|p2b: Floette|move: Protect
|
|upkeep
|turn|2
|inactive|RedAllay has 30 seconds left.
|
|t:|1784128226
|detailschange|p2b: Floette|Floette-Mega, L50, F
|-mega|p2b: Floette|Floette|Floettite
|-ability|p2b: Floette|Fairy Aura
|move|p1b: Archaludon|Protect|p1b: Archaludon
|-singleturn|p1b: Archaludon|Protect
|move|p2a: Sneasler|Fake Out|p1a: Raichu
|-damage|p1a: Raichu|79/100
|cant|p1a: Raichu|flinch
|move|p2b: Floette|Calm Mind|p2b: Floette
|-boost|p2b: Floette|spa|1
|-boost|p2b: Floette|spd|1
|
|upkeep
|turn|3
|
|t:|1784128250
|switch|p2a: Sinistcha|Sinistcha, L50|100/100
|move|p2b: Floette|Protect|p2b: Floette
|-singleturn|p2b: Floette|Protect
|move|p1a: Raichu|Volt Tackle|p2b: Floette
|-activate|p2b: Floette|move: Protect
|move|p1b: Archaludon|Flash Cannon|p2b: Floette
|-activate|p2b: Floette|move: Protect
|
|upkeep
|turn|4
|
|t:|1784128264
|move|p2a: Sinistcha|Rage Powder|p2a: Sinistcha
|-singleturn|p2a: Sinistcha|move: Rage Powder
|move|p1a: Raichu|Volt Tackle|p2a: Sinistcha
|-resisted|p2a: Sinistcha|1
|-crit|p2a: Sinistcha
|-damage|p2a: Sinistcha|51/100
|-damage|p1a: Raichu|59/100|[from] Recoil
|move|p2b: Floette|Dazzling Gleam|p1b: Archaludon|[spread] p1a,p1b
|-damage|p1a: Raichu|0 fnt
|-damage|p1b: Archaludon|38/100
|-ability|p1b: Archaludon|Stamina|boost
|-boost|p1b: Archaludon|def|1
|faint|p1a: Raichu
|move|p1b: Archaludon|Flash Cannon|p2a: Sinistcha
|-damage|p2a: Sinistcha|12/100
|
|-heal|p1b: Archaludon|44/100|[from] item: Leftovers
|-heal|p2a: Sinistcha|18/100|[from] item: Leftovers
|upkeep
|
|t:|1784128272
|switch|p1a: Grimmsnarl|Grimmsnarl, L50, M|100/100
|turn|5
|
|t:|1784128278
|move|p1b: Archaludon|Protect|p1b: Archaludon
|-singleturn|p1b: Archaludon|Protect
|move|p2a: Sinistcha|Rage Powder|p2a: Sinistcha
|-singleturn|p2a: Sinistcha|move: Rage Powder
|move|p1a: Grimmsnarl|Light Screen|p1a: Grimmsnarl
|-sidestart|p1: TetheredAvian74|move: Light Screen
|move|p2b: Floette|Dazzling Gleam|p1b: Archaludon|[spread] p1a
|-activate|p1b: Archaludon|move: Protect
|-supereffective|p1a: Grimmsnarl|1
|-damage|p1a: Grimmsnarl|10/100
|
|-heal|p1b: Archaludon|50/100g|[from] item: Leftovers
|-heal|p2a: Sinistcha|24/100|[from] item: Leftovers
|-fieldend|move: Electric Terrain
|upkeep
|turn|6
|
|t:|1784128301
|move|p2a: Sinistcha|Rage Powder|p2a: Sinistcha
|-singleturn|p2a: Sinistcha|move: Rage Powder
|move|p1a: Grimmsnarl|Parting Shot|p2a: Sinistcha
|-unboost|p2a: Sinistcha|atk|1
|-unboost|p2a: Sinistcha|spa|1
|
|t:|1784128304
|switch|p1a: Pelipper|Pelipper, L50, M|100/100|[from] Parting Shot
|-weather|RainDance|[from] ability: Drizzle|[of] p1a: Pelipper
|move|p2b: Floette|Dazzling Gleam|p1a: Pelipper|[spread] p1a,p1b
|-damage|p1a: Pelipper|47/100
|-damage|p1b: Archaludon|9/100
|-ability|p1b: Archaludon|Stamina|boost
|-boost|p1b: Archaludon|def|1
|move|p1b: Archaludon|Electro Shot||[still]
|-prepare|p1b: Archaludon|Electro Shot
|-boost|p1b: Archaludon|spa|1
|-anim|p1b: Archaludon|Electro Shot|p2a: Sinistcha
|-resisted|p2a: Sinistcha|1
|-damage|p2a: Sinistcha|0 fnt
|faint|p2a: Sinistcha
|
|-weather|RainDance|[upkeep]
|-heal|p1b: Archaludon|15/100|[from] item: Leftovers
|upkeep
|
|t:|1784128321
|switch|p2a: Aerodactyl|Aerodactyl, L50, F|100/100
|-ability|p2a: Aerodactyl|Unnerve
|turn|7
|
|t:|1784128326
|move|p1b: Archaludon|Protect|p1b: Archaludon
|-singleturn|p1b: Archaludon|Protect
|move|p2a: Aerodactyl|Tailwind|p2a: Aerodactyl
|-sidestart|p2: RedAllay|move: Tailwind
|move|p2b: Floette|Moonblast|p1b: Archaludon
|-activate|p1b: Archaludon|move: Protect
|move|p1a: Pelipper|Tailwind|p1a: Pelipper
|-sidestart|p1: TetheredAvian74|move: Tailwind
|
|-weather|RainDance|[upkeep]
|-heal|p1b: Archaludon|21/100|[from] item: Leftovers
|upkeep
|turn|8
|
|t:|1784128338
|move|p2a: Aerodactyl|Dual Wingbeat|p1a: Pelipper
|-damage|p1a: Pelipper|26/100
|-damage|p1a: Pelipper|4/100
|-hitcount|p1a: Pelipper|2
|move|p2b: Floette|Moonblast|p1b: Archaludon
|-damage|p1b: Archaludon|0 fnt
|faint|p1b: Archaludon
|move|p1a: Pelipper|Weather Ball|p2a: Aerodactyl
|-supereffective|p2a: Aerodactyl|1
|-enditem|p2a: Aerodactyl|Focus Sash
|-damage|p2a: Aerodactyl|1/100
|
|-weather|RainDance|[upkeep]
|upkeep
|
|t:|1784128342
|switch|p1b: Grimmsnarl|Grimmsnarl, L50, M|10/100
|turn|9
|
|t:|1784128356
|move|p2b: Floette|Protect|p2b: Floette
|-singleturn|p2b: Floette|Protect
|move|p1b: Grimmsnarl|Sucker Punch|p2a: Aerodactyl
|-damage|p2a: Aerodactyl|0 fnt
|faint|p2a: Aerodactyl
|move|p1a: Pelipper|Hurricane|p2b: Floette
|-activate|p2b: Floette|move: Protect
|
|-weather|RainDance|[upkeep]
|upkeep
|
|t:|1784128361
|switch|p2a: Sneasler|Sneasler, L50, M|100/100
|turn|10
|
|t:|1784128371
|move|p2a: Sneasler|Fake Out|p1b: Grimmsnarl
|-damage|p1b: Grimmsnarl|0 fnt
|faint|p1b: Grimmsnarl
|move|p2b: Floette|Dazzling Gleam|p1a: Pelipper
|-damage|p1a: Pelipper|0 fnt
|faint|p1a: Pelipper
|
|win|RedAllay
||TetheredAvian74 is ready for game 2.
||RedAllay is ready for game 2.
|uhtml|next|Next: Game 2 of 3
|l|☆TetheredAvian74
|player|p1|
