|j|☆MafiaPolar6242
|j|☆labiamg
|html|MafiaPolar6242labiamg    
|uhtml|bestof|Game 1 of a best-of-3
|t:|1783799081
|gametype|doubles
|player|p1|MafiaPolar6242|pokemaniac|
|player|p2|labiamg|1|
|gen|9
|tier|[Gen 9 Champions] VGC 2026 Reg M-B (Bo3)
|rule|Species Clause: Limit one of each Pokémon
|rule|Item Clause: Limit 1 of each item
|clearpoke
|poke|p1|Whimsicott, L50, M|
|poke|p1|Camerupt, L50, F|
|poke|p1|Incineroar, L50, F|
|poke|p1|Aegislash, L50, F|
|poke|p1|Torkoal, L50, M|
|poke|p1|Oranguru, L50, F|
|poke|p2|Basculegion, L50, M, shiny|
|poke|p2|Pelipper, L50, M|
|poke|p2|Floette-Eternal, L50, F|
|poke|p2|Incineroar, L50, F, shiny|
|poke|p2|Archaludon, L50, F|
|poke|p2|Swampert, L50, F, shiny|
|teampreview|4
|showteam|p1|Whimsicott||FocusSash|Prankster|TrickRoom,DazzlingGleam,Encore,GigaDrain|Modest||M|||50|]Camerupt||Cameruptite|MagmaArmor|Protect,Eruption,HeatWave,EarthPower|Timid||F|||50|]Incineroar||Charcoal|Intimidate|PartingShot,DarkestLariat,FakeOut,FlareBlitz|Adamant||F|||50|]Aegislash||Leftovers|StanceChange|KingsShield,WideGuard,Poltergeist,SacredSword|Careful||F|||50|]Torkoal||ExpertBelt|Drought|Protect,StealthRock,HeatWave,AncientPower|Bold||M|||50|]Oranguru||LightClay|InnerFocus|Reflect,LightScreen,HyperVoice,Instruct|Bold||F|||50|
|showteam|p2|Basculegion||ChoiceScarf|Adaptability|AquaJet,WaveCrash,LastRespects,FlipTurn|Adamant||M|||50|]Pelipper||FocusSash|Drizzle|Hurricane,WeatherBall,Tailwind,Protect|Modest||M|||50|]Floette-Eternal||Floettite|FlowerVeil|DazzlingGleam,DrainingKiss,CalmMind,Protect|Timid||F|||50|]Incineroar||SitrusBerry|Intimidate|FakeOut,ThroatChop,PartingShot,Taunt|Adamant||F|||50|]Archaludon||Leftovers|Stamina|Protect,ElectroShot,FlashCannon,DragonPulse|Modest||F|||50|]Swampert||Swampertite|Torrent|Earthquake,Protect,WaveCrash,IcePunch|Jolly||F|||50|
|
|t:|1783799121
|teamsize|p1|4
|teamsize|p2|4
|start
|switch|p1a: Whimsicott|Whimsicott, L50, M|100/100
|switch|p1b: Torkoal|Torkoal, L50, M|100/100
|switch|p2a: Pelipper|Pelipper, L50, M|100/100
|switch|p2b: Basculegion|Basculegion, L50, M, shiny|100/100
|-weather|RainDance|[from] ability: Drizzle|[of] p2a: Pelipper
|-weather|SunnyDay|[from] ability: Drought|[of] p1b: Torkoal
|turn|1
|
|t:|1783799164
|switch|p2a: Archaludon|Archaludon, L50, F|100/100
|move|p2b: Basculegion|Flip Turn|p1a: Whimsicott
|-resisted|p1a: Whimsicott|1
|-damage|p1a: Whimsicott|88/100
|
|t:|1783799170
|switch|p2b: Pelipper|Pelipper, L50, M|100/100|[from] Flip Turn
|-weather|RainDance|[from] ability: Drizzle|[of] p2b: Pelipper
|move|p1b: Torkoal|Ancient Power|p2a: Archaludon
|-resisted|p2a: Archaludon|1
|-damage|p2a: Archaludon|94/100
|-ability|p2a: Archaludon|Stamina|boost
|-boost|p2a: Archaludon|def|1
|move|p1a: Whimsicott|Trick Room|p1a: Whimsicott
|-fieldstart|move: Trick Room|[of] p1a: Whimsicott
|
|-weather|RainDance|[upkeep]
|-heal|p2a: Archaludon|100/100|[from] item: Leftovers
|upkeep
|turn|2
|
|t:|1783799202
|switch|p1b: Oranguru|Oranguru, L50, F|100/100
|switch|p1a: Camerupt|Camerupt, L50, F|100/100
|move|p2b: Pelipper|Weather Ball|p1b: Oranguru
|-crit|p1b: Oranguru
|-damage|p1b: Oranguru|26/100
|move|p2a: Archaludon|Flash Cannon|p1a: Camerupt
|-resisted|p1a: Camerupt|1
|-damage|p1a: Camerupt|72/100
|
|-weather|RainDance|[upkeep]
|upkeep
|turn|3
|
|t:|1783799224
|switch|p1b: Torkoal|Torkoal, L50, M|100/100
|-weather|SunnyDay|[from] ability: Drought|[of] p1b: Torkoal
|switch|p2b: Basculegion|Basculegion, L50, M, shiny|100/100
|detailschange|p1a: Camerupt|Camerupt-Mega, L50, F
|-mega|p1a: Camerupt|Camerupt|Cameruptite
|move|p2a: Archaludon|Protect|p2a: Archaludon
|-singleturn|p2a: Archaludon|Protect
|move|p1a: Camerupt|Earth Power|p2a: Archaludon
|-activate|p2a: Archaludon|move: Protect
|
|-weather|SunnyDay|[upkeep]
|upkeep
|turn|4
|
|t:|1783799244
|switch|p1b: Oranguru|Oranguru, L50, F|26/100
|switch|p2a: Pelipper|Pelipper, L50, M|100/100
|-weather|RainDance|[from] ability: Drizzle|[of] p2a: Pelipper
|move|p1a: Camerupt|Earth Power|p2b: Basculegion
|-damage|p2b: Basculegion|23/100
|move|p2b: Basculegion|Flip Turn|p1b: Oranguru
|-damage|p1b: Oranguru|0 fnt
|faint|p1b: Oranguru
|
|t:|1783799260
|switch|p2b: Swampert|Swampert, L50, F, shiny|100/100|[from] Flip Turn
|
|-weather|RainDance|[upkeep]
|upkeep
|
|t:|1783799263
|switch|p1b: Torkoal|Torkoal, L50, M|100/100
|-weather|SunnyDay|[from] ability: Drought|[of] p1b: Torkoal
|turn|5
|
|t:|1783799290
|switch|p2a: Basculegion|Basculegion, L50, M, shiny|23/100
|detailschange|p2b: Swampert|Swampert-Mega, L50, F, shiny
|-mega|p2b: Swampert|Swampert|Swampertite
|move|p1a: Camerupt|Protect|p1a: Camerupt
|-singleturn|p1a: Camerupt|Protect
|move|p2b: Swampert|Protect|p2b: Swampert
|-singleturn|p2b: Swampert|Protect
|move|p1b: Torkoal|Stealth Rock|p2a: Basculegion
|-sidestart|p2: labiamg|move: Stealth Rock
|
|-weather|SunnyDay|[upkeep]
|-fieldend|move: Trick Room
|upkeep
|turn|6
|
|t:|1783799307
|switch|p1b: Whimsicott|Whimsicott, L50, M|88/100
|move|p2a: Basculegion|Flip Turn|p1a: Camerupt
|-supereffective|p1a: Camerupt|2
|-damage|p1a: Camerupt|0 fnt
|faint|p1a: Camerupt
|
|t:|1783799314
|switch|p2a: Pelipper|Pelipper, L50, M|100/100|[from] Flip Turn
|-damage|p2a: Pelipper|75/100|[from] Stealth Rock
|-weather|RainDance|[from] ability: Drizzle|[of] p2a: Pelipper
|move|p2b: Swampert|Earthquake|p1b: Whimsicott|[spread] p1b
|-immune|p2a: Pelipper
|-resisted|p1b: Whimsicott|1
|-damage|p1b: Whimsicott|62/100
|
|-weather|RainDance|[upkeep]
|upkeep
|
|t:|1783799317
|switch|p1a: Torkoal|Torkoal, L50, M|100/100
|-weather|SunnyDay|[from] ability: Drought|[of] p1a: Torkoal
|turn|7
|
|t:|1783799342
|move|p2b: Swampert|Protect|p2b: Swampert
|-singleturn|p2b: Swampert|Protect
|move|p1b: Whimsicott|Giga Drain|p2b: Swampert
|-activate|p2b: Swampert|move: Protect
|move|p2a: Pelipper|Weather Ball|p1b: Whimsicott
|-supereffective|p1b: Whimsicott|1
|-damage|p1b: Whimsicott|0 fnt
|faint|p1b: Whimsicott
|move|p1a: Torkoal|Ancient Power|p2a: Pelipper
|-supereffective|p2a: Pelipper|1
|-damage|p2a: Pelipper|31/100
|
|-weather|SunnyDay|[upkeep]
|upkeep
|turn|8
|
|t:|1783799357
|move|p2b: Swampert|Earthquake|p1a: Torkoal|[spread] p1a
|-immune|p2a: Pelipper
|-supereffective|p1a: Torkoal|1
|-damage|p1a: Torkoal|45/100
|move|p2a: Pelipper|Weather Ball|p1a: Torkoal
|-resisted|p1a: Torkoal|1
|-damage|p1a: Torkoal|18/100
|move|p1a: Torkoal|Ancient Power|p2a: Pelipper
|-supereffective|p2a: Pelipper|1
|-damage|p2a: Pelipper|0 fnt
|faint|p2a: Pelipper
|
|-weather|SunnyDay|[upkeep]
|upkeep
|
|t:|1783799362
|switch|p2a: Basculegion|Basculegion, L50, M, shiny|23/100
|-damage|p2a: Basculegion|11/100|[from] Stealth Rock
|turn|9
|
|t:|1783799368
|move|p2a: Basculegion|Last Respects|p1a: Torkoal
|-damage|p1a: Torkoal|0 fnt
|faint|p1a: Torkoal
|
|win|labiamg
|l|☆MafiaPolar6242
|player|p1|
||labiamg is ready for game 2.
||MafiaPolar6242 is ready for game 2.
|uhtml|next|Next: Game 2 of 3
