|j|☆oscraft89
|j|☆Kommo-o Gaming1
|html|oscraft89Kommo-o Gaming1    
|uhtml|bestof|Game 3 of a best-of-3
|t:|1757770224
|gametype|doubles
|player|p1|oscraft89|170|1402
|player|p2|Kommo-o Gaming1|1|1388
|gen|9
|tier|[Gen 9] VGC 2025 Reg H (Bo3)
|rated|
|rule|Species Clause: Limit one of each Pokémon
|rule|Item Clause: Limit 1 of each item
|clearpoke
|poke|p1|Dragonite, L50, F|
|poke|p1|Gholdengo, L50|
|poke|p1|Rillaboom, L50, M|
|poke|p1|Annihilape, L50, F|
|poke|p1|Incineroar, L50, F|
|poke|p1|Electabuzz, L50, F|
|poke|p2|Ursaluna-Bloodmoon, L50, M|
|poke|p2|Gholdengo, L50|
|poke|p2|Dragonite, L50, F|
|poke|p2|Annihilape, L50, M|
|poke|p2|Ninetales-Alola, L50, M|
|poke|p2|Magmar, L50, F|
|teampreview|4
|showteam|p1|Dragonite||LoadedDice|Multiscale|Protect,ScaleShot,Haze,ExtremeSpeed|||F|||50|,,,,,Fairy]Gholdengo||SitrusBerry|GoodasGold|MakeItRain,ShadowBall,NastyPlot,Protect||||||50|,,,,,Water]Rillaboom||AssaultVest|GrassySurge|FakeOut,WoodHammer,HighHorsepower,GrassyGlide|||M|||50|,,,,,Fire]Annihilape||FocusSash|Defiant|Protect,CloseCombat,RageFist,Coaching|||F|||50|,,,,,Stellar]Incineroar||MirrorHerb|Intimidate|FakeOut,FlareBlitz,KnockOff,PartingShot|||F|||50|,,,,,Ghost]Electabuzz||Eviolite|VitalSpirit|Protect,Electroweb,Taunt,FollowMe|||F|||50|,,,,,Dragon
|showteam|p2|Ursaluna-Bloodmoon||AssaultVest|MindsEye|BloodMoon,HyperVoice,EarthPower,VacuumWave|||M|||50|,,,,,Dragon]Gholdengo||MetalCoat|GoodasGold|MakeItRain,ShadowBall,NastyPlot,Protect||||||50|,,,,,Dragon]Dragonite||LoadedDice|Multiscale|ScaleShot,ExtremeSpeed,Tailwind,Protect|||F|||50|,,,,,Steel]Annihilape||SafetyGoggles|Defiant|RageFist,DrainPunch,BulkUp,Protect|||M|||50|,,,,,Water]Ninetales-Alola||LightClay|SnowWarning|Blizzard,IcyWind,AuroraVeil,Encore|||M|||50|,,,,,Ghost]Magmar||Eviolite|FlameBody|Overheat,ClearSmog,FollowMe,Protect|||F|||50|,,,,,Ghost
|inactive|Battle timer is ON: inactive players will automatically lose when time's up. (requested by Kommo-o Gaming1)
|
|t:|1757770274
|teamsize|p1|4
|teamsize|p2|4
|start
|switch|p1a: Incineroar|Incineroar, L50, F|100/100
|switch|p1b: Electabuzz|Electabuzz, L50, F|100/100
|switch|p2a: Annihilape|Annihilape, L50, M|100/100
|switch|p2b: Magmar|Magmar, L50, F|100/100
|-ability|p1a: Incineroar|Intimidate|boost
|-unboost|p2a: Annihilape|atk|1
|-ability|p2a: Annihilape|Defiant|boost
|-boost|p2a: Annihilape|atk|2
|-unboost|p2b: Magmar|atk|1
|-enditem|p1a: Incineroar|Mirror Herb
|-boost|p1a: Incineroar|atk|2|[from] item: Mirror Herb
|turn|1
|
|t:|1757770286
|move|p1b: Electabuzz|Taunt|p2b: Magmar
|-start|p2b: Magmar|move: Taunt
|move|p2a: Annihilape|Bulk Up|p2a: Annihilape
|-boost|p2a: Annihilape|atk|1
|-boost|p2a: Annihilape|def|1
|move|p2b: Magmar|Clear Smog|p1a: Incineroar
|-damage|p1a: Incineroar|90/100
|-clearboost|p1a: Incineroar
|move|p1a: Incineroar|Knock Off|p2a: Annihilape
|-damage|p2a: Annihilape|71/100
|-enditem|p2a: Annihilape|Safety Goggles|[from] move: Knock Off|[of] p1a: Incineroar
|
|upkeep
|turn|2
|
|t:|1757770308
|switch|p2b: Ursaluna|Ursaluna-Bloodmoon, L50, M|100/100
|-terastallize|p1a: Incineroar|Ghost
|move|p1b: Electabuzz|Electroweb|p2b: Ursaluna|[spread] p2a
|-immune|p2b: Ursaluna
|-damage|p2a: Annihilape|60/100
|-unboost|p2a: Annihilape|spe|1
|-ability|p2a: Annihilape|Defiant|boost
|-boost|p2a: Annihilape|atk|2
|move|p2a: Annihilape|Drain Punch|p1a: Incineroar
|-immune|p1a: Incineroar
|move|p1a: Incineroar|Flare Blitz|p2a: Annihilape
|-damage|p2a: Annihilape|25/100
|-damage|p1a: Incineroar|78/100|[from] Recoil
|
|upkeep
|turn|3
|
|t:|1757770332
|move|p1b: Electabuzz|Protect|p1b: Electabuzz
|-singleturn|p1b: Electabuzz|Protect
|move|p2a: Annihilape|Rage Fist|p1a: Incineroar
|-supereffective|p1a: Incineroar
|-damage|p1a: Incineroar|0 fnt
|faint|p1a: Incineroar
|move|p2b: Ursaluna|Hyper Voice|p1b: Electabuzz
|-activate|p1b: Electabuzz|move: Protect
|
|upkeep
|
|t:|1757770338
|switch|p1a: Annihilape|Annihilape, L50, F, shiny|100/100
|turn|4
|
|t:|1757770354
|switch|p2b: Magmar|Magmar, L50, F|100/100
|move|p1a: Annihilape|Protect|p1a: Annihilape
|-singleturn|p1a: Annihilape|Protect
|move|p1b: Electabuzz|Electroweb|p2a: Annihilape|[spread] p2b
|-miss|p1b: Electabuzz|p2a: Annihilape
|-crit|p2b: Magmar
|-damage|p2b: Magmar|83/100
|-unboost|p2b: Magmar|spe|1
|move|p2a: Annihilape|Rage Fist|p1a: Annihilape
|-activate|p1a: Annihilape|move: Protect
|
|upkeep
|turn|5
|
|t:|1757770364
|move|p2b: Magmar|Follow Me|p2b: Magmar
|-singleturn|p2b: Magmar|move: Follow Me
|move|p1b: Electabuzz|Taunt|p2b: Magmar
|-start|p2b: Magmar|move: Taunt
|move|p1a: Annihilape|Rage Fist|p2b: Magmar
|-damage|p2b: Magmar|67/100
|move|p2a: Annihilape|Rage Fist|p1a: Annihilape
|-supereffective|p1a: Annihilape
|-enditem|p1a: Annihilape|Focus Sash
|-damage|p1a: Annihilape|1/100
|
|upkeep
|turn|6
|
|t:|1757770384
|move|p2a: Annihilape|Protect|p2a: Annihilape
|-singleturn|p2a: Annihilape|Protect
|move|p1b: Electabuzz|Follow Me|p1b: Electabuzz
|-singleturn|p1b: Electabuzz|move: Follow Me
|move|p1a: Annihilape|Rage Fist|p2a: Annihilape
|-activate|p2a: Annihilape|move: Protect
|move|p2b: Magmar|Clear Smog|p1b: Electabuzz
|-damage|p1b: Electabuzz|91/100
|-clearboost|p1b: Electabuzz
|
|upkeep
|turn|7
|
|t:|1757770396
|move|p1b: Electabuzz|Follow Me|p1b: Electabuzz
|-singleturn|p1b: Electabuzz|move: Follow Me
|move|p1a: Annihilape|Close Combat|p2b: Magmar
|-damage|p2b: Magmar|29/100
|-unboost|p1a: Annihilape|def|1
|-unboost|p1a: Annihilape|spd|1
|move|p2a: Annihilape|Rage Fist|p1b: Electabuzz
|-damage|p1b: Electabuzz|0 fnt
|faint|p1b: Electabuzz
|move|p2b: Magmar|Overheat|p1a: Annihilape
|-damage|p1a: Annihilape|0 fnt
|-unboost|p2b: Magmar|spa|2
|faint|p1a: Annihilape
|
|upkeep
|
|t:|1757770402
|switch|p1b: Gholdengo|Gholdengo, L50|100/100
|turn|8
|
|t:|1757770409
|move|p1b: Gholdengo|Shadow Ball|p2a: Annihilape
|-supereffective|p2a: Annihilape
|-damage|p2a: Annihilape|0 fnt
|faint|p2a: Annihilape
|move|p2b: Magmar|Overheat|p1b: Gholdengo
|-supereffective|p1b: Gholdengo
|-damage|p1b: Gholdengo|49/100
|-unboost|p2b: Magmar|spa|2
|-enditem|p1b: Gholdengo|Sitrus Berry|[eat]
|-heal|p1b: Gholdengo|74/100|[from] item: Sitrus Berry
|
|-end|p2b: Magmar|move: Taunt
|upkeep
|
|t:|1757770412
|switch|p2a: Ursaluna|Ursaluna-Bloodmoon, L50, M|100/100
|turn|9
|
|t:|1757770418
|move|p1b: Gholdengo|Nasty Plot|p1b: Gholdengo
|-boost|p1b: Gholdengo|spa|2
|move|p2a: Ursaluna|Earth Power|p1b: Gholdengo
|-supereffective|p1b: Gholdengo
|-damage|p1b: Gholdengo|0 fnt
|faint|p1b: Gholdengo
|
|win|Kommo-o Gaming1
|raw|oscraft89's rating: 1402 → 1381(-21 for losing)
|raw|Kommo-o Gaming1's rating: 1388 → 1409(+21 for winning)
|c|☆oscraft89|ggs
|c|☆Kommo-o Gaming1|GGs
|l|☆oscraft89
|player|p1|
|l|☆Kommo-o Gaming1
|player|p2|
