|j|☆testdigi
|j|☆Popfor
|html|testdigiPopfor    
|uhtml|bestof|Game 2 of a best-of-3
|t:|1782472037
|gametype|doubles
|player|p1|testdigi|1|1000
|player|p2|Popfor|1|1099
|gen|9
|tier|[Gen 9 Champions] VGC 2026 Reg M-B (Bo3)
|rated|
|rule|Species Clause: Limit one of each Pokémon
|rule|Item Clause: Limit 1 of each item
|clearpoke
|poke|p1|Hydreigon, L50, M|
|poke|p1|Garchomp, L50, M|
|poke|p1|Metagross, L50, shiny|
|poke|p1|Grimmsnarl, L50, M, shiny|
|poke|p1|Charizard, L50, M, shiny|
|poke|p1|Toxapex, L50, M, shiny|
|poke|p2|Metagross, L50|
|poke|p2|Kommo-o, L50, M|
|poke|p2|Ninetales-Alola, L50, F|
|poke|p2|Sinistcha, L50|
|poke|p2|Aerodactyl, L50, M|
|poke|p2|Gallade, L50, M|
|teampreview|4
|showteam|p1|Hydreigon||ChoiceScarf|Levitate|HeatWave,DarkPulse,DracoMeteor,Snarl|Modest||M|||50|]Garchomp||SitrusBerry|RoughSkin|Protect,RockSlide,DragonClaw,Earthquake|Adamant||M|||50|]Metagross||Metagrossite|ClearBody|Protect,HammerArm,BulletPunch,IronHead|Serious|||||50|]Grimmsnarl||RoseliBerry|Prankster|FakeOut,FoulPlay,Reflect,PartingShot|Sassy||M|||50|]Charizard||CharizarditeY|Blaze|Protect,HeatWave,SolarBeam,WeatherBall|Timid||M|||50|]Toxapex||Leftovers|Regenerator|Infestation,Toxic,BanefulBunker,WideGuard|Bold||M|||50|
|showteam|p2|Metagross||Metagrossite|ClearBody|BulletPunch,MeteorMash,PsychicFangs,Protect|Adamant|||||50|]Kommo-o||Leftovers|Bulletproof|ClangorousSoul,ClangingScales,AuraSphere,Protect|Timid||M|||50|]Ninetales-Alola||FocusSash|SnowWarning|Blizzard,AuroraVeil,Moonblast,Encore|Timid||F|||50|]Sinistcha||SitrusBerry|Hospitality|RagePowder,MatchaGotcha,TrickRoom,StrengthSap|Bold|||||50|]Aerodactyl||Aerodactylite|RockHead|Tailwind,RockSlide,DualWingbeat,WideGuard|Adamant||M|||50|]Gallade||ChoiceScarf|Sharpness|SacredSword,LeafBlade,PsychoCut,NightSlash|Jolly||M|||50|
|inactive|Battle timer is ON: inactive players will automatically lose when time's up. (requested by testdigi)
|
|t:|1782472126
|teamsize|p1|4
|teamsize|p2|4
|start
|switch|p1a: Garchomp|Garchomp, L50, M|100/100
|switch|p1b: Grimmsnarl|Grimmsnarl, L50, M, shiny|100/100
|switch|p2a: Metagross|Metagross, L50|100/100
|switch|p2b: Aerodactyl|Aerodactyl, L50, M|100/100
|turn|1
|inactive|testdigi has 30 seconds left.
|inactive|Popfor has 30 seconds left.
|inactive|Popfor has 20 seconds left.
|inactive|Popfor has 15 seconds left.
|
|t:|1782472166
|switch|p2b: Gallade|Gallade, L50, M|100/100
|switch|p2a: Ninetales|Ninetales-Alola, L50, F|100/100
|-weather|Snowscape|[from] ability: Snow Warning|[of] p2a: Ninetales
|move|p1b: Grimmsnarl|Fake Out|p2a: Ninetales
|-damage|p2a: Ninetales|88/100
|move|p1a: Garchomp|Rock Slide|p2a: Ninetales|[spread] p2a,p2b
|-supereffective|p2a: Ninetales|1
|-resisted|p2b: Gallade|1
|-damage|p2a: Ninetales|46/100
|-damage|p2b: Gallade|83/100
|
|-weather|Snowscape|[upkeep]
|upkeep
|turn|2
|
|t:|1782472188
|move|p1a: Garchomp|Protect|p1a: Garchomp
|-singleturn|p1a: Garchomp|Protect
|move|p1b: Grimmsnarl|Reflect|p1b: Grimmsnarl
|-sidestart|p1: testdigi|Reflect
|move|p2b: Gallade|Sacred Sword|p1b: Grimmsnarl
|-crit|p1b: Grimmsnarl
|-damage|p1b: Grimmsnarl|0 fnt
|faint|p1b: Grimmsnarl
|move|p2a: Ninetales|Blizzard|p1a: Garchomp
|-activate|p1a: Garchomp|move: Protect
|
|-weather|Snowscape|[upkeep]
|upkeep
|
|t:|1782472194
|switch|p1b: Charizard|Charizard, L50, M, shiny|100/100
|turn|3
|
|t:|1782472211
|detailschange|p1b: Charizard|Charizard-Mega-Y, L50, M, shiny
|-mega|p1b: Charizard|Charizard|Charizardite Y
|-weather|SunnyDay|[from] ability: Drought|[of] p1b: Charizard
|move|p2b: Gallade|Sacred Sword|p1a: Garchomp
|-damage|p1a: Garchomp|60/100
|-damage|p2b: Gallade|72/100|[from] ability: Rough Skin|[of] p1a: Garchomp
|move|p2a: Ninetales|Encore|p1a: Garchomp
|-start|p1a: Garchomp|Encore
|move|p1a: Garchomp|Protect||[still]
|-fail|p1a: Garchomp
|move|p1b: Charizard|Heat Wave|p2b: Gallade|[spread] p2a,p2b
|-supereffective|p2a: Ninetales|1
|-damage|p2a: Ninetales|0 fnt
|-damage|p2b: Gallade|12/100
|faint|p2a: Ninetales
|
|-weather|SunnyDay|[upkeep]
|upkeep
|
|t:|1782472222
|switch|p2a: Aerodactyl|Aerodactyl, L50, M|100/100
|turn|4
|inactive|Popfor has 30 seconds left.
|
|t:|1782472253
|switch|p1a: Toxapex|Toxapex, L50, M, shiny|100/100
|detailschange|p2a: Aerodactyl|Aerodactyl-Mega, L50, M
|-mega|p2a: Aerodactyl|Aerodactyl|Aerodactylite
|move|p1b: Charizard|Protect|p1b: Charizard
|-singleturn|p1b: Charizard|Protect
|move|p2b: Gallade|Sacred Sword|p1a: Toxapex
|-resisted|p1a: Toxapex|1
|-damage|p1a: Toxapex|84/100
|move|p2a: Aerodactyl|Rock Slide|p1b: Charizard|[spread] p1a
|-activate|p1b: Charizard|move: Protect
|-damage|p1a: Toxapex|69/100
|
|-weather|SunnyDay|[upkeep]
|-heal|p1a: Toxapex|75/100|[from] item: Leftovers
|upkeep
|turn|5
|
|t:|1782472275
|move|p1a: Toxapex|Wide Guard|p1a: Toxapex
|-singleturn|p1a: Toxapex|Wide Guard
|move|p2b: Gallade|Sacred Sword|p1b: Charizard
|-resisted|p1b: Charizard|1
|-damage|p1b: Charizard|75/100
|move|p2a: Aerodactyl|Dual Wingbeat|p1b: Charizard
|-damage|p1b: Charizard|51/100
|-damage|p1b: Charizard|28/100
|-hitcount|p1b: Charizard|2
|move|p1b: Charizard|Heat Wave|p2a: Aerodactyl|[spread] p2a,p2b
|-resisted|p2a: Aerodactyl|1
|-damage|p2a: Aerodactyl|69/100
|-damage|p2b: Gallade|0 fnt
|faint|p2b: Gallade
|
|-weather|SunnyDay|[upkeep]
|-heal|p1a: Toxapex|80/100|[from] item: Leftovers
|upkeep
|
|t:|1782472286
|switch|p2b: Metagross|Metagross, L50|100/100
|turn|6
|
|t:|1782472294
|move|p1b: Charizard|Protect|p1b: Charizard
|-singleturn|p1b: Charizard|Protect
|move|p2a: Aerodactyl|Dual Wingbeat|p1b: Charizard
|-activate|p1b: Charizard|move: Protect
|move|p2b: Metagross|Psychic Fangs|p1a: Toxapex
|-sideend|p1: testdigi|Reflect
|-supereffective|p1a: Toxapex|1
|-damage|p1a: Toxapex|15/100
|move|p1a: Toxapex|Toxic|p2a: Aerodactyl
|-status|p2a: Aerodactyl|tox
|
|-weather|SunnyDay|[upkeep]
|-heal|p1a: Toxapex|21/100|[from] item: Leftovers
|-damage|p2a: Aerodactyl|63/100 tox|[from] psn
|upkeep
|turn|7
|
|t:|1782472307
|-heal|p1a: Toxapex|54/100|[from] ability: Regenerator|[silent]
|switch|p1a: Garchomp|Garchomp, L50, M|60/100
|move|p2a: Aerodactyl|Dual Wingbeat|p1b: Charizard|[miss]
|-miss|p2a: Aerodactyl|p1b: Charizard
|move|p1b: Charizard|Heat Wave|p2a: Aerodactyl|[spread] 
|-miss|p1b: Charizard|p2a: Aerodactyl
|-miss|p1b: Charizard|p2b: Metagross
|move|p2b: Metagross|Psychic Fangs|p1a: Garchomp
|-damage|p1a: Garchomp|19/100
|-damage|p2b: Metagross|87/100|[from] ability: Rough Skin|[of] p1a: Garchomp
|-enditem|p1a: Garchomp|Sitrus Berry|[eat]
|-heal|p1a: Garchomp|43/100|[from] item: Sitrus Berry
|
|-weather|none
|-damage|p2a: Aerodactyl|52/100 tox|[from] psn
|upkeep
|turn|8
|
|t:|1782472324
|switch|p1b: Toxapex|Toxapex, L50, M, shiny|54/100
|move|p2a: Aerodactyl|Rock Slide|p1a: Garchomp|[spread] p1a,p1b
|-resisted|p1a: Garchomp|1
|-crit|p1b: Toxapex
|-damage|p1a: Garchomp|30/100
|-damage|p1b: Toxapex|24/100
|move|p1a: Garchomp|Earthquake|p2b: Metagross|[spread] p1b,p2b
|-immune|p2a: Aerodactyl
|-supereffective|p1b: Toxapex|1
|-supereffective|p2b: Metagross|1
|-damage|p1b: Toxapex|0 fnt
|-damage|p2b: Metagross|19/100
|faint|p1b: Toxapex
|move|p2b: Metagross|Psychic Fangs|p1a: Garchomp
|-damage|p1a: Garchomp|0 fnt
|-damage|p2b: Metagross|7/100|[from] ability: Rough Skin|[of] p1a: Garchomp
|faint|p1a: Garchomp
|
|-damage|p2a: Aerodactyl|35/100 tox|[from] psn
|upkeep
|
|t:|1782472330
|switch|p1b: Charizard|Charizard-Mega-Y, L50, M, shiny|28/100
|-weather|SunnyDay|[from] ability: Drought|[of] p1b: Charizard
|turn|9
|
|t:|1782472337
|move|p2a: Aerodactyl|Rock Slide|p1b: Charizard
|-supereffective|p1b: Charizard|2
|-damage|p1b: Charizard|0 fnt
|faint|p1b: Charizard
|
|win|Popfor
