|j|☆bluefox08
|j|☆harrybxrry
|html|bluefox08harrybxrry    
|uhtml|bestof|Game 1 of a best-of-3
|t:|1785270505
|gametype|doubles
|player|p1|bluefox08|hugh|
|player|p2|harrybxrry|ingo|
|gen|9
|tier|[Gen 9 Champions] VGC 2026 Reg M-B (Bo3)
|rule|Species Clause: Limit one of each Pokémon
|rule|Item Clause: Limit 1 of each item
|clearpoke
|poke|p1|Garchomp, L50, F|
|poke|p1|Talonflame, L50, M|
|poke|p1|Floette-Eternal, L50, F|
|poke|p1|Lucario, L50, F|
|poke|p1|Ariados, L50, F|
|poke|p1|Rotom-Wash, L50|
|poke|p2|Blastoise, L50, M|
|poke|p2|Orthworm, L50, F|
|poke|p2|Sylveon, L50, F, shiny|
|poke|p2|Incineroar, L50, M|
|poke|p2|Banette, L50, F|
|poke|p2|Kleavor, L50, M, shiny|
|teampreview|4
|showteam|p1|Garchomp||LifeOrb|RoughSkin|RockSlide,Earthquake,StompingTantrum,Protect|Jolly||F|||50|]Talonflame||PasshoBerry|GaleWings|FlareBlitz,BraveBird,Tailwind,Protect|Jolly||M|||50|]Floette-Eternal||Floettite|FlowerVeil|DazzlingGleam,Protect,Psychic,Moonblast|Timid||F|||50|]Lucario||Lucarionite|Steadfast|CloseCombat,MeteorMash,BulletPunch,Protect|Jolly||F|||50|]Ariados||SitrusBerry|Swarm|RagePowder,PoisonJab,StringShot,FoulPlay|Impish||F|||50|]Rotom-Wash||Leftovers|Levitate|Electroweb,HydroPump,Thunderbolt,ThunderWave|Calm|||||50|
|showteam|p2|Blastoise||Blastoisinite|RainDish|WaterSpout,DarkPulse,FakeOut,ShellSmash|Modest||M|||50|]Orthworm||OccaBerry|EarthEater|BodyPress,ShedTail,HeavySlam,Protect|Careful||F|||50|]Sylveon||FairyFeather|Pixilate|HyperVoice,Detect,HyperBeam,QuickAttack|Modest||F|||50|]Incineroar||SitrusBerry|Intimidate|FakeOut,PartingShot,FlareBlitz,DarkestLariat|Careful||M|||50|]Banette||Banettite|Frisk|Disable,Encore,TrickRoom,Poltergeist|Adamant||F|||50|]Kleavor||FocusSash|Sharpness|StoneAxe,Protect,XScissor,Tailwind|Adamant||M|||50|
|c|☆harrybxrry|lwk just using last weeks team
|
|t:|1785270555
|teamsize|p1|4
|teamsize|p2|4
|start
|switch|p1a: Garchomp|Garchomp, L50, F|100/100
|switch|p1b: Talonflame|Talonflame, L50, M|100/100
|switch|p2a: Wolfe|Incineroar, L50, M|100/100
|switch|p2b: Sally|Orthworm, L50, F|100/100
|-ability|p2a: Wolfe|Intimidate|boost
|-unboost|p1a: Garchomp|atk|1
|-unboost|p1b: Talonflame|atk|1
|turn|1
|
|t:|1785270576
|move|p2a: Wolfe|Fake Out|p1b: Talonflame
|-damage|p1b: Talonflame|82/100
|cant|p1b: Talonflame|flinch
|move|p1a: Garchomp|Earthquake|p2b: Sally|[spread] p2a
|-immune|p2b: Sally|[from] ability: Earth Eater
|-immune|p1b: Talonflame
|-supereffective|p2a: Wolfe|1
|-damage|p2a: Wolfe|46/100
|-enditem|p2a: Wolfe|Sitrus Berry|[eat]
|-heal|p2a: Wolfe|70/100|[from] item: Sitrus Berry
|-damage|p1a: Garchomp|90/100|[from] item: Life Orb
|move|p2b: Sally|Shed Tail|p2b: Sally
|-start|p2b: Sally|Substitute|[from] move: Shed Tail
|-damage|p2b: Sally|50/100y
|
|t:|1785270591
|switch|p2b: Caravan|Blastoise, L50, M|100/100|[from] Shed Tail
|
|upkeep
|turn|2
|
|t:|1785270603
|switch|p2a: Sally|Orthworm, L50, F|50/100y
|move|p1b: Talonflame|Tailwind|p1b: Talonflame
|-sidestart|p1: bluefox08|move: Tailwind
|move|p1a: Garchomp|Earthquake|p2a: Sally|[spread] p2b
|-heal|p2a: Sally|75/100|[from] ability: Earth Eater|[of] p1a: Garchomp
|-immune|p1b: Talonflame
|-end|p2b: Caravan|Substitute
|-damage|p1a: Garchomp|80/100|[from] item: Life Orb
|move|p2b: Caravan|Shell Smash|p2b: Caravan
|-unboost|p2b: Caravan|def|1
|-unboost|p2b: Caravan|spd|1
|-boost|p2b: Caravan|atk|2
|-boost|p2b: Caravan|spa|2
|-boost|p2b: Caravan|spe|2
|
|upkeep
|turn|3
|c|☆bluefox08|yeah idk what im doing either
|
|t:|1785270625
|detailschange|p2b: Caravan|Blastoise-Mega, L50, M
|-mega|p2b: Caravan|Blastoise|Blastoisinite
|move|p1b: Talonflame|Brave Bird|p2b: Caravan
|-damage|p2b: Caravan|64/100
|-damage|p1b: Talonflame|68/100|[from] Recoil
|move|p1a: Garchomp|Earthquake|p2b: Caravan|[spread] p2b
|-heal|p2a: Sally|100/100|[from] ability: Earth Eater|[of] p1a: Garchomp
|-immune|p1b: Talonflame
|-damage|p2b: Caravan|19/100
|-damage|p1a: Garchomp|70/100|[from] item: Life Orb
|move|p2b: Caravan|Water Spout|p1b: Talonflame|[spread] p1a,p1b
|-supereffective|p1b: Talonflame|1
|-enditem|p1b: Talonflame|Passho Berry|[eat]
|-enditem|p1b: Talonflame|Passho Berry|[weaken]
|-damage|p1a: Garchomp|40/100
|-damage|p1b: Talonflame|25/100
|move|p2a: Sally|Shed Tail|p2a: Sally
|-start|p2a: Sally|Substitute|[from] move: Shed Tail
|-damage|p2a: Sally|50/100y
|c|☆harrybxrry|i meant to click dark pulse
|c|☆harrybxrry|fuck
|
|t:|1785270643
|switch|p2a: Big Red Button|Sylveon, L50, F, shiny|100/100|[from] Shed Tail
|
|upkeep
|turn|4
|j| soulmoonvgc
|
|t:|1785270664
|switch|p1b: Rotom|Rotom-Wash, L50|100/100
|move|p1a: Garchomp|Earthquake|p2b: Caravan|[spread] p2a,p2b
|-immune|p1b: Rotom|[from] ability: Levitate
|-end|p2a: Big Red Button|Substitute
|-damage|p2b: Caravan|0 fnt
|faint|p2b: Caravan
|-damage|p1a: Garchomp|30/100|[from] item: Life Orb
|move|p2a: Big Red Button|Hyper Voice|p1a: Garchomp|[spread] p1a,p1b
|-supereffective|p1a: Garchomp|1
|-crit|p1b: Rotom
|-damage|p1a: Garchomp|0 fnt
|-damage|p1b: Rotom|38/100
|faint|p1a: Garchomp
|
|-heal|p1b: Rotom|43/100|[from] item: Leftovers
|upkeep
|
|t:|1785270681
|switch|p1a: Talonflame|Talonflame, L50, M|25/100
|switch|p2b: Wolfe|Incineroar, L50, M|70/100
|-ability|p2b: Wolfe|Intimidate|boost
|-unboost|p1a: Talonflame|atk|1
|-unboost|p1b: Rotom|atk|1
|turn|5
|
|t:|1785270708
|switch|p2b: Sally|Orthworm, L50, F|50/100y
|move|p1a: Talonflame|Protect|p1a: Talonflame
|-singleturn|p1a: Talonflame|Protect
|move|p1b: Rotom|Hydro Pump|p2b: Sally
|-damage|p2b: Sally|6/100
|move|p2a: Big Red Button|Hyper Voice|p1b: Rotom|[spread] p1b
|-activate|p1a: Talonflame|move: Protect
|-damage|p1b: Rotom|1/100
|
|-heal|p1b: Rotom|7/100|[from] item: Leftovers
|-sideend|p1: bluefox08|move: Tailwind
|upkeep
|turn|6
|
|t:|1785270725
|move|p2b: Sally|Protect|p2b: Sally
|-singleturn|p2b: Sally|Protect
|move|p1a: Talonflame|Tailwind|p1a: Talonflame
|-sidestart|p1: bluefox08|move: Tailwind
|move|p1b: Rotom|Electroweb|p2b: Sally|[spread] p2a
|-activate|p2b: Sally|move: Protect
|-damage|p2a: Big Red Button|89/100
|-unboost|p2a: Big Red Button|spe|1
|move|p2a: Big Red Button|Hyper Voice|p1a: Talonflame|[spread] p1a,p1b
|-resisted|p1a: Talonflame|1
|-damage|p1a: Talonflame|0 fnt
|-damage|p1b: Rotom|0 fnt
|faint|p1a: Talonflame
|faint|p1b: Rotom
|
|upkeep
|
|t:|1785270736
|switch|p1b: Floette|Floette-Eternal, L50, F|100/100
|turn|7
|
|t:|1785270745
|detailschange|p1b: Floette|Floette-Mega, L50, F
|-mega|p1b: Floette|Floette|Floettite
|-ability|p1b: Floette|Fairy Aura
|move|p1b: Floette|Dazzling Gleam|p2a: Big Red Button|[spread] p2a,p2b
|-resisted|p2b: Sally|1
|-damage|p2a: Big Red Button|55/100
|-damage|p2b: Sally|0 fnt
|faint|p2b: Sally
|move|p2a: Big Red Button|Hyper Beam|p1b: Floette|[miss]
|-miss|p2a: Big Red Button|p1b: Floette
|
|upkeep
|c|☆bluefox08|mb
|
|t:|1785270754
|switch|p2b: Wolfe|Incineroar, L50, M|70/100
|-ability|p2b: Wolfe|Intimidate|boost
|-unboost|p1b: Floette|atk|1
|turn|8
|
|t:|1785270758
|move|p1b: Floette|Protect|p1b: Floette
|-singleturn|p1b: Floette|Protect
|move|p2b: Wolfe|Fake Out|p1b: Floette
|-activate|p1b: Floette|move: Protect
|move|p2a: Big Red Button|Hyper Beam|p1b: Floette
|-activate|p1b: Floette|move: Protect
|
|upkeep
|turn|9
|
|t:|1785270776
|move|p1b: Floette|Moonblast|p2a: Big Red Button
|-damage|p2a: Big Red Button|4/100
|move|p2b: Wolfe|Flare Blitz|p1b: Floette
|-damage|p1b: Floette|37/100
|-damage|p2b: Wolfe|55/100|[from] Recoil
|move|p2a: Big Red Button|Hyper Beam|p1b: Floette
|-damage|p1b: Floette|0 fnt
|-mustrecharge|p2a: Big Red Button
|faint|p1b: Floette
|
|win|harrybxrry
||bluefox08 is ready for game 2.
