|j|☆M00ncell
|j|☆Theo The Mighty
|html|M00ncellTheo The Mighty    
|uhtml|bestof|Game 3 of a best-of-3
|t:|1783354777
|gametype|doubles
|player|p1|M00ncell|plasmagrunt|
|player|p2|Theo The Mighty|acetrainer-gen4|
|gen|9
|tier|[Gen 9 Champions] VGC 2026 Reg M-B (Bo3)
|rule|Species Clause: Limit one of each Pokémon
|rule|Item Clause: Limit 1 of each item
|clearpoke
|poke|p1|Staraptor, L50, M|
|poke|p1|Whimsicott, L50, M|
|poke|p1|Garchomp, L50, F|
|poke|p1|Basculegion, L50, M|
|poke|p1|Incineroar, L50, M|
|poke|p1|Charizard, L50, F|
|poke|p2|Decidueye-Hisui, L50, F|
|poke|p2|Dragonite, L50, M|
|poke|p2|Zoroark-Hisui, L50, F|
|poke|p2|Excadrill, L50, F|
|poke|p2|Lycanroc-Dusk, L50, F|
|poke|p2|Incineroar, L50, M|
|teampreview|4
|showteam|p1|Staraptor||Staraptite|Intimidate|CloseCombat,BraveBird,Protect,Roost|Jolly||M|||50|]Whimsicott||FocusSash|Prankster|Moonblast,Tailwind,Encore,Protect|Timid||M|||50|]Garchomp||LifeOrb|RoughSkin|DragonClaw,Protect,Earthquake,RockSlide|Jolly||F|||50|]Basculegion||ChoiceScarf|Adaptability|LastRespects,AquaJet,WaveCrash,FlipTurn|Adamant||M|||50|]Incineroar||SitrusBerry|Intimidate|FakeOut,PartingShot,FlareBlitz,ThroatChop|Careful||M|||50|]Charizard||CharizarditeY|Blaze|Protect,HeatWave,SolarBeam,WeatherBall|Modest||F|||50|
|showteam|p2|Decidueye-Hisui||FocusSash|Scrappy|TripleArrows,LeafBlade,Tailwind,Protect|Adamant||F|||50|]Dragonite||Dragoninite|Multiscale|AirCutter,Thunderbolt,IceBeam,Protect|Timid||M|||50|]Zoroark-Hisui||LifeOrb|Illusion|ShadowBall,IcyWind,Taunt,Protect|Timid||F|||50|]Excadrill||Excadrite|MoldBreaker|IronHead,HighHorsepower,RockSlide,Protect|Adamant||F|||50|]Lycanroc-Dusk||MuscleBand|ToughClaws|Accelerock,SuckerPunch,PsychicFangs,Protect|Jolly||F|||50|]Incineroar||SitrusBerry|Intimidate|DarkestLariat,FakeOut,FlareBlitz,PartingShot|Adamant||M|||50|
|
|t:|1783354847
|teamsize|p1|4
|teamsize|p2|4
|start
|switch|p1a: Incineroar|Incineroar, L50, M|100/100
|switch|p1b: Whimsicott|Whimsicott, L50, M|100/100
|switch|p2a: Dragonite|Dragonite, L50, M|100/100
|switch|p2b: Decidueye|Decidueye-Hisui, L50, F|100/100
|-ability|p1a: Incineroar|Intimidate|boost
|-unboost|p2a: Dragonite|atk|1
|-fail|p2b: Decidueye|unboost|Attack|[from] ability: Scrappy|[of] p2b: Decidueye
|turn|1
|
|t:|1783354896
|move|p2a: Dragonite|Protect|p2a: Dragonite
|-singleturn|p2a: Dragonite|Protect
|move|p1b: Whimsicott|Moonblast|p2b: Decidueye
|-supereffective|p2b: Decidueye|1
|-damage|p2b: Decidueye|21/100
|move|p2b: Decidueye|Triple Arrows|p1a: Incineroar
|-supereffective|p1a: Incineroar|1
|-damage|p1a: Incineroar|15/100
|-enditem|p1a: Incineroar|Sitrus Berry|[eat]
|-heal|p1a: Incineroar|40/100|[from] item: Sitrus Berry
|move|p1a: Incineroar|Throat Chop|p2a: Dragonite
|-activate|p2a: Dragonite|move: Protect
|
|upkeep
|turn|2
|
|t:|1783354935
|switch|p2a: Lycanroc|Lycanroc-Dusk, L50, F|100/100
|move|p2b: Decidueye|Protect|p2b: Decidueye
|-singleturn|p2b: Decidueye|Protect
|move|p1b: Whimsicott|Tailwind|p1b: Whimsicott
|-sidestart|p1: M00ncell|move: Tailwind
|move|p1a: Incineroar|Flare Blitz|p2b: Decidueye
|-activate|p2b: Decidueye|move: Protect
|
|upkeep
|turn|3
|
|t:|1783355008
|switch|p2b: Dragonite|Dragonite, L50, M|100/100
|move|p2a: Lycanroc|Accelerock|p1a: Incineroar
|-supereffective|p1a: Incineroar|1
|-damage|p1a: Incineroar|0 fnt
|faint|p1a: Incineroar
|move|p1b: Whimsicott|Moonblast|p2b: Dragonite
|-damage|p2b: Dragonite|34/100
|replace|p2b: Zoroark|Zoroark-Hisui, L50, F
|-end|p2b: Zoroark|Illusion
|
|upkeep
|
|t:|1783355018
|switch|p1a: Staraptor|Staraptor, L50, M|100/100
|-ability|p1a: Staraptor|Intimidate|boost
|-unboost|p2a: Lycanroc|atk|1
|-unboost|p2b: Zoroark|atk|1
|turn|4
|
|t:|1783355044
|detailschange|p1a: Staraptor|Staraptor-Mega, L50, M
|-mega|p1a: Staraptor|Staraptor|Staraptite
|move|p1b: Whimsicott|Moonblast|p2b: Zoroark
|-damage|p2b: Zoroark|0 fnt
|faint|p2b: Zoroark
|move|p1a: Staraptor|Close Combat|p2a: Lycanroc
|-supereffective|p2a: Lycanroc|1
|-damage|p2a: Lycanroc|0 fnt
|-boost|p1a: Staraptor|def|1
|-boost|p1a: Staraptor|spd|1
|faint|p2a: Lycanroc
|
|upkeep
|
|t:|1783355058
|switch|p2a: Dragonite|Dragonite, L50, M|100/100
|switch|p2b: Decidueye|Decidueye-Hisui, L50, F|21/100
|turn|5
|
|t:|1783355099
|move|p2a: Dragonite|Protect|p2a: Dragonite
|-singleturn|p2a: Dragonite|Protect
|move|p1b: Whimsicott|Moonblast|p2a: Dragonite
|-activate|p2a: Dragonite|move: Protect
|move|p1a: Staraptor|Close Combat|p2b: Decidueye
|-damage|p2b: Decidueye|0 fnt
|-boost|p1a: Staraptor|def|1
|-boost|p1a: Staraptor|spd|1
|faint|p2b: Decidueye
|
|-sideend|p1: M00ncell|move: Tailwind
|upkeep
|turn|6
|
|t:|1783355114
|detailschange|p2a: Dragonite|Dragonite-Mega, L50, M
|-mega|p2a: Dragonite|Dragonite|Dragoninite
|move|p1b: Whimsicott|Encore|p2a: Dragonite
|-start|p2a: Dragonite|Encore
|move|p2a: Dragonite|Protect||[still]
|-fail|p2a: Dragonite
|move|p1a: Staraptor|Close Combat|p2a: Dragonite
|-resisted|p2a: Dragonite|1
|-damage|p2a: Dragonite|84/100
|-boost|p1a: Staraptor|def|1
|-boost|p1a: Staraptor|spd|1
|
|upkeep
|turn|7
|c|☆Theo The Mighty|Fuck
|c|☆M00ncell|gg
|
|t:|1783355143
|move|p2a: Dragonite|Protect|p2a: Dragonite
|-singleturn|p2a: Dragonite|Protect
|move|p1b: Whimsicott|Moonblast|p2a: Dragonite
|-activate|p2a: Dragonite|move: Protect
|move|p1a: Staraptor|Close Combat|p2a: Dragonite
|-activate|p2a: Dragonite|move: Protect
|
|upkeep
|turn|8
|
|t:|1783355150
|move|p2a: Dragonite|Protect|p2a: Dragonite
|-singleturn|p2a: Dragonite|Protect
|move|p1b: Whimsicott|Moonblast|p2a: Dragonite
|-activate|p2a: Dragonite|move: Protect
|move|p1a: Staraptor|Brave Bird|p2a: Dragonite
|-activate|p2a: Dragonite|move: Protect
|
|-end|p2a: Dragonite|Encore
|upkeep
|turn|9
|
|t:|1783355169
|move|p1b: Whimsicott|Moonblast|p2a: Dragonite
|-supereffective|p2a: Dragonite|1
|-damage|p2a: Dragonite|23/100
|move|p1a: Staraptor|Brave Bird|p2a: Dragonite
|-damage|p2a: Dragonite|0 fnt
|faint|p2a: Dragonite
|-damage|p1a: Staraptor|91/100|[from] Recoil
|
|win|M00ncell
|c|☆Theo The Mighty|Gg
