|j|☆Lildrewq
|j|☆dont make me walk
|html|Lildrewqdont make me walk    
|uhtml|bestof|Game 2 of a best-of-3
|t:|1754230417
|gametype|doubles
|player|p1|Lildrewq|102|1215
|player|p2|dont make me walk|red-masters3|1262
|gen|9
|tier|[Gen 9] VGC 2025 Reg H (Bo3)
|rated|
|rule|Species Clause: Limit one of each Pokémon
|rule|Item Clause: Limit 1 of each item
|clearpoke
|poke|p1|Gholdengo, L50|
|poke|p1|Rillaboom, L50, F|
|poke|p1|Pelipper, L50, M|
|poke|p1|Basculegion, L50, M|
|poke|p1|Sneasler, L50, F|
|poke|p1|Amoonguss, L50, M|
|poke|p2|Indeedee-F, L50, F|
|poke|p2|Excadrill, L50, F|
|poke|p2|Sneasler, L50, F|
|poke|p2|Tyranitar, L50, M|
|poke|p2|Armarouge, L50, F|
|poke|p2|Corviknight, L50, M|
|teampreview|4
|showteam|p1|Gholdengo||GrassySeed|GoodasGold|MakeItRain,ShadowBall,NastyPlot,Protect||||||50|,,,,,Water]Rillaboom||AssaultVest|GrassySurge|DrumBeating,GrassyGlide,Uturn,FakeOut|||F|||50|,,,,,Fire]Pelipper||FocusSash|Drizzle|Hurricane,WeatherBall,Tailwind,Protect|||M|||50|,,,,,Ghost]Basculegion||ChoiceBand|SwiftSwim|WaveCrash,LastRespects,AquaJet,FlipTurn|||M|||50|,,,,,Water]Sneasler||WhiteHerb|Unburden|CloseCombat,DireClaw,FakeOut,Protect|||F|||50|,,,,,Ghost]Amoonguss||CovertCloak|Regenerator|PollenPuff,Spore,RagePowder,Protect|||M|||50|,,,,,Fairy
|showteam|p2|Indeedee-F||SafetyGoggles|PsychicSurge|Psychic,FollowMe,TrickRoom,HelpingHand|||F|||50|,,,,,Fairy]Excadrill||ClearAmulet|SandRush|Earthquake,HighHorsepower,IronHead,Protect|||F|||50|,,,,,Ghost]Sneasler||PsychicSeed|Unburden|DireClaw,CloseCombat,ThroatChop,Protect|||F|||50|,,,,,Dark]Tyranitar||AssaultVest|SandStream|RockSlide,TeraBlast,KnockOff,LowKick|||M|||50|,,,,,Flying]Armarouge||LifeOrb|FlashFire|ArmorCannon,ExpandingForce,EnergyBall,TrickRoom|||F|||50|,,,,,Grass]Corviknight||Leftovers|MirrorArmor|BraveBird,IronDefense,Roost,BodyPress|||M|||50|,,,,,Dragon
|inactive|Battle timer is ON: inactive players will automatically lose when time's up. (requested by dont make me walk)
|
|t:|1754230425
|teamsize|p1|4
|teamsize|p2|4
|start
|switch|p1a: Gholdengo|Gholdengo, L50|100/100
|switch|p1b: Rillaboom|Rillaboom, L50, F|100/100
|switch|p2a: Indeedee|Indeedee-F, L50, F|100/100
|switch|p2b: Armarouge|Armarouge, L50, F|100/100
|-fieldstart|move: Grassy Terrain|[from] ability: Grassy Surge|[of] p1b: Rillaboom
|-enditem|p1a: Gholdengo|Grassy Seed
|-boost|p1a: Gholdengo|def|1|[from] item: Grassy Seed
|-fieldstart|move: Psychic Terrain|[from] ability: Psychic Surge|[of] p2a: Indeedee
|turn|1
|
|t:|1754230432
|move|p1b: Rillaboom|U-turn|p2a: Indeedee
|-supereffective|p2a: Indeedee
|-damage|p2a: Indeedee|61/100
|
|t:|1754230434
|switch|p1b: Pelipper|Pelipper, L50, M|100/100|[from] U-turn
|-weather|RainDance|[from] ability: Drizzle|[of] p1b: Pelipper
|move|p1a: Gholdengo|Nasty Plot|p1a: Gholdengo
|-boost|p1a: Gholdengo|spa|2
|move|p2b: Armarouge|Armor Cannon|p1a: Gholdengo
|-supereffective|p1a: Gholdengo
|-damage|p1a: Gholdengo|27/100
|-unboost|p2b: Armarouge|def|1
|-unboost|p2b: Armarouge|spd|1
|-damage|p2b: Armarouge|91/100|[from] item: Life Orb
|move|p2a: Indeedee|Trick Room|p2a: Indeedee
|-fieldstart|move: Trick Room|[of] p2a: Indeedee
|
|-weather|RainDance|[upkeep]
|upkeep
|turn|2
|
|t:|1754230449
|switch|p2a: Tyranitar|Tyranitar, L50, M|100/100
|-weather|Sandstorm|[from] ability: Sand Stream|[of] p2a: Tyranitar
|move|p1a: Gholdengo|Protect|p1a: Gholdengo
|-singleturn|p1a: Gholdengo|Protect
|move|p2b: Armarouge|Expanding Force|p1b: Pelipper|[spread] p1b
|-activate|p1a: Gholdengo|move: Protect
|-enditem|p1b: Pelipper|Focus Sash
|-damage|p1b: Pelipper|1/100
|-damage|p2b: Armarouge|81/100|[from] item: Life Orb
|move|p1b: Pelipper|Weather Ball|p2b: Armarouge
|-supereffective|p2b: Armarouge
|-crit|p2b: Armarouge
|-damage|p2b: Armarouge|0 fnt
|faint|p2b: Armarouge
|
|-weather|Sandstorm|[upkeep]
|-damage|p1b: Pelipper|0 fnt|[from] Sandstorm
|faint|p1b: Pelipper
|upkeep
|
|t:|1754230456
|switch|p2b: Corviknight|Corviknight, L50, M|100/100
|switch|p1b: Rillaboom|Rillaboom, L50, F|100/100
|-fieldstart|move: Grassy Terrain|[from] ability: Grassy Surge|[of] p1b: Rillaboom
|turn|3
|
|t:|1754230469
|switch|p2b: Indeedee|Indeedee-F, L50, F|61/100
|-fieldstart|move: Psychic Terrain|[from] ability: Psychic Surge|[of] p2b: Indeedee
|switch|p1a: Amoonguss|Amoonguss, L50, M|100/100
|move|p2a: Tyranitar|Knock Off|p1a: Amoonguss
|-damage|p1a: Amoonguss|63/100
|-enditem|p1a: Amoonguss|Covert Cloak|[from] move: Knock Off|[of] p2a: Tyranitar
|move|p1b: Rillaboom|U-turn|p2a: Tyranitar
|-supereffective|p2a: Tyranitar
|-damage|p2a: Tyranitar|65/100
|
|t:|1754230476
|switch|p1b: Gholdengo|Gholdengo, L50|27/100|[from] U-turn
|
|-weather|Sandstorm|[upkeep]
|-damage|p1a: Amoonguss|57/100|[from] Sandstorm
|upkeep
|turn|4
|
|t:|1754230486
|-terastallize|p1b: Gholdengo|Water
|move|p2b: Indeedee|Follow Me|p2b: Indeedee
|-singleturn|p2b: Indeedee|move: Follow Me
|move|p1a: Amoonguss|Pollen Puff|p2b: Indeedee
|-supereffective|p2b: Indeedee
|-damage|p2b: Indeedee|24/100
|move|p2a: Tyranitar|Knock Off|p1b: Gholdengo
|-crit|p1b: Gholdengo
|-damage|p1b: Gholdengo|0 fnt
|faint|p1b: Gholdengo
|
|-weather|Sandstorm|[upkeep]
|-damage|p1a: Amoonguss|51/100|[from] Sandstorm
|upkeep
|
|t:|1754230490
|switch|p1b: Rillaboom|Rillaboom, L50, F|100/100
|-fieldstart|move: Grassy Terrain|[from] ability: Grassy Surge|[of] p1b: Rillaboom
|turn|5
|
|t:|1754230499
|-terastallize|p2a: Tyranitar|Flying
|move|p2b: Indeedee|Follow Me|p2b: Indeedee
|-singleturn|p2b: Indeedee|move: Follow Me
|move|p1b: Rillaboom|Grassy Glide|p2b: Indeedee
|-damage|p2b: Indeedee|0 fnt
|faint|p2b: Indeedee
|move|p1a: Amoonguss|Spore|p2a: Tyranitar
|-status|p2a: Tyranitar|slp|[from] move: Spore
|cant|p2a: Tyranitar|slp
|
|-weather|Sandstorm|[upkeep]
|-damage|p1a: Amoonguss|45/100|[from] Sandstorm
|-damage|p2a: Tyranitar|59/100 slp|[from] Sandstorm
|-damage|p1b: Rillaboom|95/100|[from] Sandstorm
|-heal|p1a: Amoonguss|51/100|[from] Grassy Terrain
|-heal|p1b: Rillaboom|100/100|[from] Grassy Terrain
|-fieldend|move: Trick Room
|upkeep
|
|t:|1754230503
|switch|p2b: Corviknight|Corviknight, L50, M|100/100
|turn|6
|
|t:|1754230510
|move|p1b: Rillaboom|Drum Beating|p2a: Tyranitar
|-resisted|p2a: Tyranitar
|-damage|p2a: Tyranitar|40/100 slp
|-unboost|p2a: Tyranitar|spe|1
|move|p2b: Corviknight|Brave Bird|p1a: Amoonguss
|-supereffective|p1a: Amoonguss
|-damage|p1a: Amoonguss|0 fnt
|faint|p1a: Amoonguss
|-damage|p2b: Corviknight|82/100|[from] Recoil
|cant|p2a: Tyranitar|slp
|
|-weather|none
|-heal|p2b: Corviknight|88/100|[from] item: Leftovers
|upkeep
|turn|7
|
|t:|1754230519
|move|p1b: Rillaboom|Drum Beating|p2a: Tyranitar
|-resisted|p2a: Tyranitar
|-damage|p2a: Tyranitar|22/100 slp
|-unboost|p2a: Tyranitar|spe|1
|move|p2b: Corviknight|Brave Bird|p1b: Rillaboom
|-supereffective|p1b: Rillaboom
|-damage|p1b: Rillaboom|2/100
|-damage|p2b: Corviknight|56/100|[from] Recoil
|-curestatus|p2a: Tyranitar|slp|[msg]
|move|p2a: Tyranitar|Tera Blast|p1b: Rillaboom|[anim] Tera Blast Flying
|-supereffective|p1b: Rillaboom
|-damage|p1b: Rillaboom|0 fnt
|faint|p1b: Rillaboom
|
|win|dont make me walk
|raw|Lildrewq's rating: 1215 → 1193(-22 for losing)
|raw|dont make me walk's rating: 1262 → 1284(+22 for winning)
