|j|☆Reckzz
|j|☆birdlover.123
|html|Reckzzbirdlover.123    
|uhtml|bestof|Game 1 of a best-of-3
|t:|1785290221
|gametype|doubles
|player|p1|Reckzz|266|1184
|player|p2|birdlover.123|skyla|1171
|gen|9
|tier|[Gen 9 Champions] VGC 2026 Reg M-B (Bo3)
|rated|
|rule|Species Clause: Limit one of each Pokémon
|rule|Item Clause: Limit 1 of each item
|clearpoke
|poke|p1|Tyranitar, L50, F|
|poke|p1|Excadrill, L50, F|
|poke|p1|Milotic, L50, M|
|poke|p1|Sinistcha, L50|
|poke|p1|Staraptor, L50, F|
|poke|p1|Gholdengo, L50|
|poke|p2|Drampa, L50, F|
|poke|p2|Oranguru, L50, M|
|poke|p2|Sinistcha, L50|
|poke|p2|Sylveon, L50, F|
|poke|p2|Torkoal, L50, F|
|poke|p2|Lucario, L50, F|
|teampreview|4
|showteam|p1|Tyranitar||Tyranitarite|SandStream|KnockOff,RockSlide,LowKick,Protect|Jolly||F|||50|]Excadrill||FocusSash|SandRush|Earthquake,IronHead,RockSlide,Protect|Adamant||F|||50|]Milotic||SitrusBerry|Competitive|Scald,IcyWind,Haze,Protect|Calm||M|||50|]Sinistcha||ColburBerry|Hospitality|MatchaGotcha,ShadowBall,Protect,RagePowder|Bold|||||50|]Staraptor||Staraptite|Intimidate|CloseCombat,BraveBird,Tailwind,Protect|Jolly||F|||50|]Gholdengo||LifeOrb|GoodasGold|MakeItRain,ShadowBall,NastyPlot,Protect|Modest|||||50|
|showteam|p2|Drampa||Drampanite|CloudNine|Protect,HyperVoice,EarthPower,CalmMind|Quiet||F|||50|]Oranguru||ColburBerry|InnerFocus|FoulPlay,TrickRoom,Psychic,Instruct|Calm||M|||50|]Sinistcha||SitrusBerry|Hospitality|MatchaGotcha,LifeDew,RagePowder,TrickRoom|Calm|||||50|]Sylveon||FairyFeather|Pixilate|Protect,HyperVoice,HyperBeam,QuickAttack|Quiet||F|||50|]Torkoal||Charcoal|Drought|Protect,Eruption,HeatWave,SolarBeam|Quiet||F|||50|]Lucario||ChoiceScarf|InnerFocus|CloseCombat,FinalGambit,MeteorMash,StoneEdge|Adamant||F|||50|
|inactive|Battle timer is ON: inactive players will automatically lose when time's up. (requested by birdlover.123)
|inactive|Reckzz has 60 seconds left.
|
|t:|1785290284
|teamsize|p1|4
|teamsize|p2|4
|start
|switch|p1a: Milotic|Milotic, L50, M|100/100
|switch|p1b: Tyranitar|Tyranitar, L50, F|100/100
|switch|p2a: Oranguru|Oranguru, L50, M|100/100
|switch|p2b: Drampa|Drampa, L50, F|100/100
|-weather|Sandstorm|[from] ability: Sand Stream|[of] p1b: Tyranitar
|-ability|p2b: Drampa|Cloud Nine
|turn|1
|
|t:|1785290306
|move|p1b: Tyranitar|Low Kick|p2b: Drampa
|-supereffective|p2b: Drampa|1
|-damage|p2b: Drampa|32/100
|move|p1a: Milotic|Icy Wind|p2b: Drampa|[spread] p2a,p2b
|-supereffective|p2b: Drampa|1
|-damage|p2a: Oranguru|92/100
|-damage|p2b: Drampa|13/100
|-unboost|p2a: Oranguru|spe|1
|-unboost|p2b: Drampa|spe|1
|move|p2b: Drampa|Calm Mind|p2b: Drampa
|-boost|p2b: Drampa|spa|1
|-boost|p2b: Drampa|spd|1
|move|p2a: Oranguru|Trick Room|p2a: Oranguru
|-fieldstart|move: Trick Room|[of] p2a: Oranguru
|
|-weather|Sandstorm|[upkeep]
|upkeep
|turn|2
|inactive|Reckzz has 30 seconds left.
|
|t:|1785290334
|switch|p1b: Sinistcha|Sinistcha, L50|100/100
|move|p2b: Drampa|Protect|p2b: Drampa
|-singleturn|p2b: Drampa|Protect
|move|p2a: Oranguru|Psychic|p1a: Milotic
|-damage|p1a: Milotic|80/100
|move|p1a: Milotic|Icy Wind|p2b: Drampa|[spread] p2a
|-activate|p2b: Drampa|move: Protect
|-damage|p2a: Oranguru|85/100
|-unboost|p2a: Oranguru|spe|1
|
|-weather|Sandstorm|[upkeep]
|upkeep
|turn|3
|
|t:|1785290348
|detailschange|p2b: Drampa|Drampa-Mega, L50, F
|-mega|p2b: Drampa|Drampa|Drampanite
|move|p1b: Sinistcha|Rage Powder|p1b: Sinistcha
|-singleturn|p1b: Sinistcha|move: Rage Powder
|move|p2b: Drampa|Hyper Voice|p1a: Milotic|[spread] p1a
|-immune|p1b: Sinistcha
|-damage|p1a: Milotic|34/100
|-enditem|p1a: Milotic|Sitrus Berry|[eat]
|-heal|p1a: Milotic|58/100|[from] item: Sitrus Berry
|move|p2a: Oranguru|Instruct|p1b: Sinistcha
|-singleturn|p1b: Sinistcha|move: Instruct|[of] p2a: Oranguru
|move|p1b: Sinistcha|Rage Powder||[still]
|-fail|p1b: Sinistcha
|move|p1a: Milotic|Icy Wind|p2a: Oranguru|[spread] p2a,p2b
|-supereffective|p2b: Drampa|1
|-damage|p2a: Oranguru|78/100
|-damage|p2b: Drampa|1/100
|-unboost|p2a: Oranguru|spe|1
|-unboost|p2b: Drampa|spe|1
|
|-weather|Sandstorm|[upkeep]
|-damage|p2b: Drampa|0 fnt|[from] Sandstorm
|-damage|p2a: Oranguru|72/100|[from] Sandstorm
|-damage|p1b: Sinistcha|94/100|[from] Sandstorm
|-damage|p1a: Milotic|53/100|[from] Sandstorm
|faint|p2b: Drampa
|upkeep
|
|t:|1785290355
|switch|p2b: Torkoal|Torkoal, L50, F|100/100
|-weather|SunnyDay|[from] ability: Drought|[of] p2b: Torkoal
|turn|4
|inactive|Reckzz has 30 seconds left.
|
|t:|1785290380
|switch|p1b: Tyranitar|Tyranitar, L50, F|100/100
|-weather|Sandstorm|[from] ability: Sand Stream|[of] p1b: Tyranitar
|move|p2a: Oranguru|Foul Play|p1a: Milotic
|-damage|p1a: Milotic|40/100
|move|p2b: Torkoal|Eruption|p1a: Milotic|[spread] p1a,p1b
|-resisted|p1a: Milotic|1
|-resisted|p1b: Tyranitar|1
|-damage|p1a: Milotic|20/100r
|-damage|p1b: Tyranitar|82/100
|move|p1a: Milotic|Scald|p2b: Torkoal
|-supereffective|p2b: Torkoal|1
|-damage|p2b: Torkoal|26/100
|
|-weather|Sandstorm|[upkeep]
|-damage|p2a: Oranguru|65/100|[from] Sandstorm
|-damage|p2b: Torkoal|21/100|[from] Sandstorm
|-damage|p1a: Milotic|14/100|[from] Sandstorm
|upkeep
|turn|5
|inactive|birdlover.123 has 30 seconds left.
|
|t:|1785290406
|move|p1a: Milotic|Protect|p1a: Milotic
|-singleturn|p1a: Milotic|Protect
|move|p1b: Tyranitar|Protect|p1b: Tyranitar
|-singleturn|p1b: Tyranitar|Protect
|move|p2a: Oranguru|Psychic|p1a: Milotic
|-activate|p1a: Milotic|move: Protect
|move|p2b: Torkoal|Solar Beam||[still]
|-prepare|p2b: Torkoal|Solar Beam
|
|-weather|Sandstorm|[upkeep]
|-damage|p2a: Oranguru|59/100|[from] Sandstorm
|-damage|p2b: Torkoal|15/100|[from] Sandstorm
|-damage|p1a: Milotic|8/100|[from] Sandstorm
|-fieldend|move: Trick Room
|upkeep
|turn|6
|
|t:|1785290414
|move|p1b: Tyranitar|Knock Off|p2a: Oranguru
|-supereffective|p2a: Oranguru|1
|-enditem|p2a: Oranguru|Colbur Berry|[eat]
|-enditem|p2a: Oranguru|Colbur Berry|[weaken]
|-damage|p2a: Oranguru|16/100
|move|p1a: Milotic|Scald|p2b: Torkoal
|-supereffective|p2b: Torkoal|1
|-damage|p2b: Torkoal|0 fnt
|faint|p2b: Torkoal
|move|p2a: Oranguru|Trick Room|p2a: Oranguru
|-fieldstart|move: Trick Room|[of] p2a: Oranguru
|
|-weather|Sandstorm|[upkeep]
|-damage|p2a: Oranguru|10/100|[from] Sandstorm
|-damage|p1a: Milotic|2/100|[from] Sandstorm
|upkeep
|
|t:|1785290422
|switch|p2b: Sylveon|Sylveon, L50, F|100/100
|turn|7
|
|t:|1785290438
|switch|p1a: Sinistcha|Sinistcha, L50|94/100
|-heal|p1b: Tyranitar|100/100|[from] ability: Hospitality|[of] p1a: Sinistcha
|detailschange|p1b: Tyranitar|Tyranitar-Mega, L50, F
|-mega|p1b: Tyranitar|Tyranitar|Tyranitarite
|move|p2a: Oranguru|Instruct||[still]
|-fail|p2a: Oranguru
|move|p2b: Sylveon|Hyper Voice|p1a: Sinistcha|[spread] p1a,p1b
|-supereffective|p1b: Tyranitar|1
|-crit|p1b: Tyranitar
|-damage|p1a: Sinistcha|44/100
|-damage|p1b: Tyranitar|20/100y
|move|p1b: Tyranitar|Rock Slide|p2a: Oranguru|[spread] p2a,p2b
|-damage|p2a: Oranguru|0 fnt
|-damage|p2b: Sylveon|66/100
|faint|p2a: Oranguru
|
|-weather|Sandstorm|[upkeep]
|-damage|p2b: Sylveon|60/100|[from] Sandstorm
|-damage|p1a: Sinistcha|38/100|[from] Sandstorm
|upkeep
|turn|8
|inactive|Reckzz has 30 seconds left.
|
|t:|1785290471
|move|p1a: Sinistcha|Protect|p1a: Sinistcha
|-singleturn|p1a: Sinistcha|Protect
|move|p1b: Tyranitar|Protect|p1b: Tyranitar
|-singleturn|p1b: Tyranitar|Protect
|move|p2b: Sylveon|Hyper Voice|p1a: Sinistcha|[spread] 
|-activate|p1a: Sinistcha|move: Protect
|-activate|p1b: Tyranitar|move: Protect
|
|-weather|none
|upkeep
|turn|9
|j| soulmoonvgc
|
|t:|1785290492
|switch|p1a: Milotic|Milotic, L50, M|2/100
|move|p2b: Sylveon|Hyper Voice|p1a: Milotic|[spread] p1a,p1b
|-supereffective|p1b: Tyranitar|1
|-damage|p1a: Milotic|0 fnt
|-damage|p1b: Tyranitar|0 fnt
|faint|p1a: Milotic
|faint|p1b: Tyranitar
|
|upkeep
|
|t:|1785290498
|switch|p1a: Sinistcha|Sinistcha, L50|38/100
|switch|p1b: Gholdengo|Gholdengo, L50|100/100
|turn|10
|
|t:|1785290506
|move|p1a: Sinistcha|Protect|p1a: Sinistcha
|-singleturn|p1a: Sinistcha|Protect
|move|p1b: Gholdengo|Protect|p1b: Gholdengo
|-singleturn|p1b: Gholdengo|Protect
|move|p2b: Sylveon|Hyper Voice|p1a: Sinistcha|[spread] 
|-activate|p1a: Sinistcha|move: Protect
|-activate|p1b: Gholdengo|move: Protect
|
|-fieldend|move: Trick Room
|upkeep
|turn|11
|
|t:|1785290519
|move|p1b: Gholdengo|Make It Rain|p2b: Sylveon|[miss]
|-miss|p1b: Gholdengo|p2b: Sylveon
|move|p1a: Sinistcha|Matcha Gotcha|p2b: Sylveon
|-damage|p2b: Sylveon|36/100
|-heal|p1a: Sinistcha|52/100|[from] drain|[of] p2b: Sylveon
|move|p2b: Sylveon|Hyper Voice|p1a: Sinistcha|[spread] p1a,p1b
|-resisted|p1b: Gholdengo|1
|-damage|p1a: Sinistcha|8/100
|-damage|p1b: Gholdengo|77/100
|
|upkeep
|turn|12
|
|t:|1785290529
|move|p1b: Gholdengo|Make It Rain|p2b: Sylveon
|-supereffective|p2b: Sylveon|1
|-damage|p2b: Sylveon|0 fnt
|-unboost|p1b: Gholdengo|spa|2
|faint|p2b: Sylveon
|-damage|p1b: Gholdengo|68/100|[from] item: Life Orb
|
|win|Reckzz
