|j|☆C0ozer
|j|☆M0ckingEJ
|html|C0ozerM0ckingEJ    
|uhtml|bestof|Game 2 of a best-of-3
|t:|1756782290
|gametype|doubles
|player|p1|C0ozer|266|1136
|player|p2|M0ckingEJ|n|1163
|gen|9
|tier|[Gen 9] VGC 2025 Reg H (Bo3)
|rated|
|rule|Species Clause: Limit one of each Pokémon
|rule|Item Clause: Limit 1 of each item
|clearpoke
|poke|p1|Ursaluna-Bloodmoon, L50, M|
|poke|p1|Gholdengo, L50|
|poke|p1|Dragonite, L50, M|
|poke|p1|Sneasler, L50, M|
|poke|p1|Incineroar, L50, F|
|poke|p1|Amoonguss, L50, M|
|poke|p2|Pelipper, L50, M|
|poke|p2|Overqwil, L50, F|
|poke|p2|Archaludon, L50, M|
|poke|p2|Gastrodon-East, L50, M|
|poke|p2|Sinistcha, L50|
|poke|p2|Ursaluna, L50, F|
|teampreview|4
|showteam|p1|Ursaluna-Bloodmoon||AssaultVest|MindsEye|BloodMoon,EarthPower,VacuumWave,HyperVoice|||M|||50|,,,,,Water]Gholdengo||LifeOrb|GoodasGold|Protect,MakeItRain,ShadowBall,NastyPlot||||||50|,,,,,Water]Dragonite||LoadedDice|Multiscale|ScaleShot,Tailwind,Haze,Protect|||M|||50|,,,,,Fairy]Sneasler||FocusSash|Unburden|Protect,DireClaw,CloseCombat,ThroatChop|||M|||50|,,,,,Stellar]Incineroar||SafetyGoggles|Intimidate|KnockOff,PartingShot,FlareBlitz,FakeOut|||F|||50|,,,,,Ghost]Amoonguss||SitrusBerry|Regenerator|RagePowder,Spore,PollenPuff,Protect|||M|||50|,,,,,Water
|showteam|p2|Pelipper||CovertCloak|Drizzle|Hurricane,WeatherBall,Tailwind,Protect|||M|||50|,,,,,Stellar]Overqwil||LifeOrb|SwiftSwim|ThroatChop,Liquidation,GunkShot,Haze|||F|||50|,,,,,Water]Archaludon||AssaultVest|Stamina|DracoMeteor,ElectroShot,FlashCannon,BodyPress|||M|||50|,,,,,Bug]Gastrodon-East||Leftovers|StormDrain|Protect,EarthPower,MuddyWater,HelpingHand|||M|||50|,,,,,Fire]Sinistcha||SitrusBerry|Hospitality|MatchaGotcha,ShadowBall,LifeDew,Protect||||||50|,,,,,Fire]Ursaluna||FlameOrb|Guts|Earthquake,Facade,Protect,HeadlongRush|||F|||50|,,,,,Poison
|inactive|Battle timer is ON: inactive players will automatically lose when time's up. (requested by C0ozer)
|
|t:|1756782294
|teamsize|p1|4
|teamsize|p2|4
|start
|switch|p1a: Amoonguss|Amoonguss, L50, M, shiny|100/100
|switch|p1b: Incineroar|Incineroar, L50, F, shiny|100/100
|switch|p2a: Pelipper|Pelipper, L50, M, shiny|100/100
|switch|p2b: Overqwil|Overqwil, L50, F, shiny|100/100
|-weather|RainDance|[from] ability: Drizzle|[of] p2a: Pelipper
|-ability|p1b: Incineroar|Intimidate|boost
|-unboost|p2a: Pelipper|atk|1
|-unboost|p2b: Overqwil|atk|1
|turn|1
|
|t:|1756782309
|-terastallize|p2a: Pelipper|Stellar
|-terastallize|p1a: Amoonguss|Water
|move|p1b: Incineroar|Fake Out|p2b: Overqwil
|-damage|p2b: Overqwil|86/100
|cant|p2b: Overqwil|flinch
|move|p2a: Pelipper|Weather Ball|p1b: Incineroar
|-supereffective|p1b: Incineroar
|-damage|p1b: Incineroar|0 fnt
|faint|p1b: Incineroar
|move|p1a: Amoonguss|Spore|p2b: Overqwil
|-status|p2b: Overqwil|slp|[from] move: Spore
|
|-weather|RainDance|[upkeep]
|upkeep
|
|t:|1756782322
|switch|p1b: Sneasler|Sneasler, L50, M, shiny|100/100
|turn|2
|
|t:|1756782329
|cant|p2b: Overqwil|slp
|move|p1b: Sneasler|Close Combat|p2b: Overqwil
|-damage|p2b: Overqwil|20/100 slp
|-unboost|p1b: Sneasler|def|1
|-unboost|p1b: Sneasler|spd|1
|move|p2a: Pelipper|Tailwind|p2a: Pelipper
|-sidestart|p2: M0ckingEJ|move: Tailwind
|move|p1a: Amoonguss|Spore|p2a: Pelipper
|-status|p2a: Pelipper|slp|[from] move: Spore
|
|-weather|RainDance|[upkeep]
|upkeep
|turn|3
|inactive|C0ozer has 30 seconds left.
|
|t:|1756782360
|cant|p2b: Overqwil|slp
|cant|p2a: Pelipper|slp
|move|p1b: Sneasler|Dire Claw|p2a: Pelipper
|-damage|p2a: Pelipper|52/100 slp
|move|p1a: Amoonguss|Spore|p2b: Overqwil
|-fail|p2b: Overqwil|slp
|
|-weather|RainDance|[upkeep]
|upkeep
|turn|4
|
|t:|1756782376
|cant|p2b: Overqwil|slp
|-curestatus|p2a: Pelipper|slp|[msg]
|move|p2a: Pelipper|Hurricane|p1a: Amoonguss
|-damage|p1a: Amoonguss|48/100
|-enditem|p1a: Amoonguss|Sitrus Berry|[eat]
|-heal|p1a: Amoonguss|73/100|[from] item: Sitrus Berry
|move|p1b: Sneasler|Close Combat|p2a: Pelipper
|-resisted|p2a: Pelipper
|-damage|p2a: Pelipper|16/100
|-unboost|p1b: Sneasler|def|1
|-unboost|p1b: Sneasler|spd|1
|move|p1a: Amoonguss|Spore|p2b: Overqwil
|-fail|p2b: Overqwil|slp
|
|-weather|RainDance|[upkeep]
|upkeep
|turn|5
|
|t:|1756782394
|switch|p1b: Gholdengo|Gholdengo, L50, shiny|100/100
|-curestatus|p2b: Overqwil|slp|[msg]
|move|p2b: Overqwil|Liquidation|p1b: Gholdengo
|-damage|p1b: Gholdengo|60/100
|-damage|p2b: Overqwil|10/100|[from] item: Life Orb
|move|p2a: Pelipper|Hurricane|p1b: Gholdengo
|-resisted|p1b: Gholdengo
|-damage|p1b: Gholdengo|36/100
|move|p1a: Amoonguss|Spore|p2a: Pelipper
|-status|p2a: Pelipper|slp|[from] move: Spore
|
|-weather|none
|-sideend|p2: M0ckingEJ|move: Tailwind
|upkeep
|turn|6
|inactive|M0ckingEJ has 30 seconds left.
|
|t:|1756782424
|switch|p2b: Gastrodon|Gastrodon-East, L50, M, shiny|100/100
|switch|p2a: Archaludon|Archaludon, L50, M, shiny|100/100
|move|p1b: Gholdengo|Protect|p1b: Gholdengo
|-singleturn|p1b: Gholdengo|Protect
|move|p1a: Amoonguss|Spore|p2b: Gastrodon
|-status|p2b: Gastrodon|slp|[from] move: Spore
|
|upkeep
|turn|7
|
|t:|1756782439
|switch|p1b: Sneasler|Sneasler, L50, M, shiny|100/100
|switch|p2b: Pelipper|Pelipper, L50, M, shiny, tera:Stellar|16/100 slp
|-weather|RainDance|[from] ability: Drizzle|[of] p2b: Pelipper
|move|p2a: Archaludon|Electro Shot||[still]
|-prepare|p2a: Archaludon|Electro Shot
|-boost|p2a: Archaludon|spa|1
|-anim|p2a: Archaludon|Electro Shot|p1a: Amoonguss
|-supereffective|p1a: Amoonguss
|-damage|p1a: Amoonguss|0 fnt
|faint|p1a: Amoonguss
|
|-weather|RainDance|[upkeep]
|upkeep
|
|t:|1756782450
|switch|p1a: Gholdengo|Gholdengo, L50, shiny|36/100
|turn|8
|
|t:|1756782465
|move|p1b: Sneasler|Close Combat|p2a: Archaludon
|-supereffective|p2a: Archaludon
|-damage|p2a: Archaludon|9/100
|-unboost|p1b: Sneasler|def|1
|-unboost|p1b: Sneasler|spd|1
|-ability|p2a: Archaludon|Stamina|boost
|-boost|p2a: Archaludon|def|1
|move|p1a: Gholdengo|Nasty Plot|p1a: Gholdengo
|-boost|p1a: Gholdengo|spa|2
|move|p2a: Archaludon|Electro Shot||[still]
|-prepare|p2a: Archaludon|Electro Shot
|-boost|p2a: Archaludon|spa|1
|-anim|p2a: Archaludon|Electro Shot|p1a: Gholdengo
|-damage|p1a: Gholdengo|0 fnt
|faint|p1a: Gholdengo
|cant|p2b: Pelipper|slp
|
|-weather|RainDance|[upkeep]
|upkeep
|turn|9
|inactive|M0ckingEJ has 30 seconds left.
|
|t:|1756782492
|move|p1b: Sneasler|Dire Claw|p2a: Archaludon
|-immune|p2a: Archaludon
|move|p2a: Archaludon|Draco Meteor|p1b: Sneasler
|-enditem|p1b: Sneasler|Focus Sash
|-damage|p1b: Sneasler|1/100
|-unboost|p2a: Archaludon|spa|2
|-curestatus|p2b: Pelipper|slp|[msg]
|move|p2b: Pelipper|Tailwind|p2b: Pelipper
|-sidestart|p2: M0ckingEJ|move: Tailwind
|
|-weather|RainDance|[upkeep]
|upkeep
|turn|10
|-message|C0ozer forfeited.
|
|win|M0ckingEJ
|raw|C0ozer's rating: 1136 → 1113(-23 for losing)
|raw|M0ckingEJ's rating: 1163 → 1186(+23 for winning)
|l|☆C0ozer
|player|p1|
|c|☆M0ckingEJ|Gg
