|j|☆Govek314
|j|☆MajinkenW
|html|Govek314MajinkenW    
|uhtml|bestof|Game 2 of a best-of-3
|t:|1757159086
|gametype|doubles
|player|p1|Govek314|101|1111
|player|p2|MajinkenW|169|1055
|gen|9
|tier|[Gen 9] VGC 2025 Reg H (Bo3)
|rated|
|rule|Species Clause: Limit one of each Pokémon
|rule|Item Clause: Limit 1 of each item
|clearpoke
|poke|p1|Talonflame, L50, M|
|poke|p1|Tyranitar, L50, F|
|poke|p1|Excadrill, L50, M|
|poke|p1|Basculegion, L50, M|
|poke|p1|Indeedee-F, L50, F|
|poke|p1|Kommo-o, L50, M|
|poke|p2|Kingdra, L50, M|
|poke|p2|Politoed, L50, M|
|poke|p2|Amoonguss, L50, F|
|poke|p2|Incineroar, L50, M|
|poke|p2|Gothitelle, L50, M|
|poke|p2|Archaludon, L50, M|
|teampreview|4
|showteam|p1|Talonflame||CovertCloak|FlameBody|DualWingbeat,FlareBlitz,Tailwind,WillOWisp|||M|||50|,,,,,Fairy]Tyranitar||AssaultVest|SandStream|RockSlide,KnockOff,LowKick,TeraBlast|||F|||50|,,,,,Flying]Excadrill||FocusSash|SandRush|IronHead,HighHorsepower,TeraBlast,Protect|||M|||50|,,,,,Grass]Basculegion||ChoiceScarf|Adaptability|WaveCrash,LastRespects,FlipTurn,TeraBlast|||M|||50|,,,,,Fairy]Indeedee-F||PsychicSeed|PsychicSurge|TrickRoom,Psychic,FollowMe,Imprison|||F|||50|,,,,,Grass]Kommo-o||ThroatSpray|Overcoat|ClangingScales,ClangorousSoul,AuraSphere,Protect|||M|||50|,,,,,Steel
|showteam|p2|Kingdra||LifeOrb|SwiftSwim|WeatherBall,DracoMeteor,MuddyWater,Protect|||M|||50|,,,,,Stellar]Politoed||Leftovers|Drizzle|WeatherBall,PerishSong,Encore,Protect|||M|||50|,,,,,Grass]Amoonguss||EjectButton|Regenerator|PollenPuff,Spore,RagePowder,Protect|||F|||50|,,,,,Fairy]Incineroar||SafetyGoggles|Intimidate|KnockOff,PartingShot,FakeOut,Protect|||M|||50|,,,,,Ghost]Gothitelle||SitrusBerry|ShadowTag|Psychic,FakeOut,TrickRoom,Protect|||M|||50|,,,,,Dark]Archaludon||PowerHerb|Sturdy|FlashCannon,DragonPulse,ElectroShot,Protect|||M|||50|,,,,,Electric
|inactive|Battle timer is ON: inactive players will automatically lose when time's up. (requested by MajinkenW)
|
|t:|1757159116
|teamsize|p1|4
|teamsize|p2|4
|start
|switch|p1a: Kommo-o|Kommo-o, L50, M, shiny|100/100
|switch|p1b: Basculegion|Basculegion, L50, M|100/100
|switch|p2a: Incineroar|Incineroar, L50, M|100/100
|switch|p2b: Politoed|Politoed, L50, M|100/100
|-weather|RainDance|[from] ability: Drizzle|[of] p2b: Politoed
|-ability|p2a: Incineroar|Intimidate|boost
|-unboost|p1a: Kommo-o|atk|1
|-unboost|p1b: Basculegion|atk|1
|turn|1
|inactive|Govek314 has 30 seconds left.
|inactive|MajinkenW has 30 seconds left.
|inactive|Govek314 has 20 seconds left.
|
|t:|1757159152
|switch|p2a: Archaludon|Archaludon, L50, M|100/100
|move|p1b: Basculegion|Wave Crash|p2a: Archaludon
|-resisted|p2a: Archaludon
|-damage|p2a: Archaludon|65/100
|-damage|p1b: Basculegion|91/100|[from] Recoil
|move|p1a: Kommo-o|Clangorous Soul|p1a: Kommo-o
|-boost|p1a: Kommo-o|atk|1
|-boost|p1a: Kommo-o|def|1
|-boost|p1a: Kommo-o|spa|1
|-boost|p1a: Kommo-o|spd|1
|-boost|p1a: Kommo-o|spe|1
|-damage|p1a: Kommo-o|68/100
|-enditem|p1a: Kommo-o|Throat Spray
|-boost|p1a: Kommo-o|spa|1|[from] item: Throat Spray
|move|p2b: Politoed|Encore|p1a: Kommo-o
|-start|p1a: Kommo-o|Encore
|
|-weather|RainDance|[upkeep]
|upkeep
|turn|2
|inactive|Govek314 has 30 seconds left.
|inactive|MajinkenW has 30 seconds left.
|inactive|MajinkenW has 20 seconds left.
|inactive|MajinkenW has 15 seconds left.
|inactive|MajinkenW has 10 seconds left.
|
|t:|1757159199
|switch|p1b: Tyranitar|Tyranitar, L50, F, shiny|100/100
|-weather|Sandstorm|[from] ability: Sand Stream|[of] p1b: Tyranitar
|switch|p2b: Incineroar|Incineroar, L50, M|100/100
|-ability|p2b: Incineroar|Intimidate|boost
|-unboost|p1a: Kommo-o|atk|1
|-unboost|p1b: Tyranitar|atk|1
|-terastallize|p1a: Kommo-o|Steel
|move|p1a: Kommo-o|Clangorous Soul|p1a: Kommo-o
|-boost|p1a: Kommo-o|atk|1
|-boost|p1a: Kommo-o|def|1
|-boost|p1a: Kommo-o|spa|1
|-boost|p1a: Kommo-o|spd|1
|-boost|p1a: Kommo-o|spe|1
|-damage|p1a: Kommo-o|35/100
|move|p2a: Archaludon|Dragon Pulse|p1b: Tyranitar
|-damage|p1b: Tyranitar|83/100
|
|-weather|Sandstorm|[upkeep]
|upkeep
|turn|3
|inactive|Govek314 has 30 seconds left.
|inactive|MajinkenW has 30 seconds left.
|inactive|MajinkenW has 20 seconds left.
|inactive|MajinkenW has 15 seconds left.
|
|t:|1757159240
|switch|p2b: Politoed|Politoed, L50, M|100/100
|-weather|RainDance|[from] ability: Drizzle|[of] p2b: Politoed
|move|p1a: Kommo-o|Clangorous Soul|p1a: Kommo-o
|-boost|p1a: Kommo-o|atk|1
|-boost|p1a: Kommo-o|def|1
|-boost|p1a: Kommo-o|spa|1
|-boost|p1a: Kommo-o|spd|1
|-boost|p1a: Kommo-o|spe|1
|-damage|p1a: Kommo-o|2/100
|move|p2a: Archaludon|Electro Shot||[still]
|-prepare|p2a: Archaludon|Electro Shot
|-boost|p2a: Archaludon|spa|1
|-anim|p2a: Archaludon|Electro Shot|p1a: Kommo-o
|-damage|p1a: Kommo-o|0 fnt
|faint|p1a: Kommo-o
|move|p1b: Tyranitar|Low Kick|p2a: Archaludon
|-supereffective|p2a: Archaludon
|-damage|p2a: Archaludon|33/100
|
|-weather|RainDance|[upkeep]
|upkeep
|
|t:|1757159262
|switch|p1a: Basculegion|Basculegion, L50, M|91/100
|turn|4
|
|t:|1757159279
|switch|p1b: Excadrill|Excadrill, L50, M, shiny|100/100
|switch|p2b: Kingdra|Kingdra, L50, M|100/100
|move|p2a: Archaludon|Protect|p2a: Archaludon
|-singleturn|p2a: Archaludon|Protect
|move|p1a: Basculegion|Last Respects|p2a: Archaludon
|-activate|p2a: Archaludon|move: Protect
|
|-weather|RainDance|[upkeep]
|upkeep
|turn|5
|inactive|Govek314 has 30 seconds left.
|inactive|MajinkenW has 30 seconds left.
|inactive|MajinkenW has 20 seconds left.
|inactive|MajinkenW has 15 seconds left.
|inactive|MajinkenW has 10 seconds left.
|
|t:|1757159324
|-terastallize|p2b: Kingdra|Stellar
|move|p1b: Excadrill|Protect|p1b: Excadrill
|-singleturn|p1b: Excadrill|Protect
|move|p2b: Kingdra|Muddy Water|p1a: Basculegion|[spread] p1a
|-activate|p1b: Excadrill|move: Protect
|-resisted|p1a: Basculegion
|-damage|p1a: Basculegion|46/100
|-damage|p2b: Kingdra|90/100|[from] item: Life Orb
|move|p1a: Basculegion|Last Respects|p2a: Archaludon
|-crit|p2a: Archaludon
|-damage|p2a: Archaludon|0 fnt
|faint|p2a: Archaludon
|
|-weather|RainDance|[upkeep]
|upkeep
|
|t:|1757159338
|switch|p2a: Incineroar|Incineroar, L50, M|100/100
|-ability|p2a: Incineroar|Intimidate|boost
|-unboost|p1a: Basculegion|atk|1
|-unboost|p1b: Excadrill|atk|1
|turn|6
|inactive|MajinkenW has 30 seconds left.
|
|t:|1757159370
|switch|p1a: Tyranitar|Tyranitar, L50, F, shiny|83/100
|-weather|Sandstorm|[from] ability: Sand Stream|[of] p1a: Tyranitar
|move|p1b: Excadrill|High Horsepower|p2b: Kingdra
|-damage|p2b: Kingdra|46/100
|move|p2b: Kingdra|Draco Meteor|p1a: Tyranitar
|-damage|p1a: Tyranitar|44/100
|-unboost|p2b: Kingdra|spa|2
|-damage|p2b: Kingdra|36/100|[from] item: Life Orb
|move|p2a: Incineroar|Parting Shot|p1b: Excadrill
|-unboost|p1b: Excadrill|atk|1
|-unboost|p1b: Excadrill|spa|1
|
|t:|1757159379
|switch|p2a: Politoed|Politoed, L50, M|100/100|[from] Parting Shot
|-weather|RainDance|[from] ability: Drizzle|[of] p2a: Politoed
|
|-weather|RainDance|[upkeep]
|upkeep
|turn|7
|
|t:|1757159402
|switch|p2b: Incineroar|Incineroar, L50, M|100/100
|-ability|p2b: Incineroar|Intimidate|boost
|-unboost|p1a: Tyranitar|atk|1
|-unboost|p1b: Excadrill|atk|1
|switch|p1a: Basculegion|Basculegion, L50, M|46/100
|move|p1b: Excadrill|Protect|p1b: Excadrill
|-singleturn|p1b: Excadrill|Protect
|move|p2a: Politoed|Weather Ball|p1a: Basculegion
|-resisted|p1a: Basculegion
|-damage|p1a: Basculegion|19/100
|
|-weather|RainDance|[upkeep]
|upkeep
|turn|8
|inactive|Govek314 has 30 seconds left.
|inactive|MajinkenW has 30 seconds left.
|inactive|MajinkenW has 20 seconds left.
|
|t:|1757159439
|switch|p1b: Tyranitar|Tyranitar, L50, F, shiny|44/100
|-weather|Sandstorm|[from] ability: Sand Stream|[of] p1b: Tyranitar
|move|p2b: Incineroar|Protect|p2b: Incineroar
|-singleturn|p2b: Incineroar|Protect
|move|p1a: Basculegion|Flip Turn|p2b: Incineroar
|-activate|p2b: Incineroar|move: Protect
|move|p2a: Politoed|Weather Ball|p1a: Basculegion
|-damage|p1a: Basculegion|0 fnt
|faint|p1a: Basculegion
|
|-weather|Sandstorm|[upkeep]
|-damage|p2a: Politoed|94/100|[from] Sandstorm
|-heal|p2a: Politoed|100/100|[from] item: Leftovers
|upkeep
|
|t:|1757159453
|switch|p1a: Excadrill|Excadrill, L50, M, shiny|100/100
|turn|9
|inactive|MajinkenW has 30 seconds left.
|inactive|MajinkenW has 20 seconds left.
|inactive|MajinkenW has 15 seconds left.
|
|t:|1757159495
|switch|p2a: Kingdra|Kingdra, L50, M, tera:Stellar|36/100
|move|p1a: Excadrill|High Horsepower|p2b: Incineroar
|-supereffective|p2b: Incineroar
|-damage|p2b: Incineroar|0 fnt
|faint|p2b: Incineroar
|move|p1b: Tyranitar|Rock Slide|p2a: Kingdra
|-damage|p2a: Kingdra|0 fnt
|faint|p2a: Kingdra
|
|-weather|Sandstorm|[upkeep]
|upkeep
|
|t:|1757159504
|switch|p2a: Politoed|Politoed, L50, M|100/100
|-weather|RainDance|[from] ability: Drizzle|[of] p2a: Politoed
|turn|10
|
|t:|1757159519
|move|p1a: Excadrill|High Horsepower|p2a: Politoed
|-damage|p2a: Politoed|35/100
|move|p1b: Tyranitar|Knock Off|p2a: Politoed
|-damage|p2a: Politoed|0 fnt
|-enditem|p2a: Politoed|Leftovers|[from] move: Knock Off|[of] p1b: Tyranitar
|faint|p2a: Politoed
|
|win|Govek314
|raw|Govek314's rating: 1111 → 1132(+21 for winning)
|raw|MajinkenW's rating: 1055 → 1040(-15 for losing)
|l|☆MajinkenW
|player|p2|
