|j|☆new mental
|j|☆Bobbo1
|html|new mentalBobbo1    
|uhtml|bestof|Game 2 of a best-of-3
|t:|1784481346
|gametype|doubles
|player|p1|new mental|volkner|1234
|player|p2|Bobbo1|ghetsis|1164
|gen|9
|tier|[Gen 9 Champions] VGC 2026 Reg M-B (Bo3)
|rated|
|rule|Species Clause: Limit one of each Pokémon
|rule|Item Clause: Limit 1 of each item
|clearpoke
|poke|p1|Aerodactyl, L50, M|
|poke|p1|Garchomp, L50, M|
|poke|p1|Kingambit, L50, M|
|poke|p1|Charizard, L50, M|
|poke|p1|Sylveon, L50, M|
|poke|p1|Farigiraf, L50, M|
|poke|p2|Staraptor, L50, F|
|poke|p2|Whimsicott, L50, F|
|poke|p2|Grimmsnarl, L50, M|
|poke|p2|Pelipper, L50, F|
|poke|p2|Archaludon, L50, F|
|poke|p2|Swampert, L50, F|
|teampreview|4
|showteam|p1|Aerodactyl||Aerodactylite|Unnerve|IceFang,RockSlide,Tailwind,DualWingbeat|Jolly||M|||50|]Garchomp||LifeOrb|RoughSkin|DragonClaw,RockSlide,Earthquake,Protect|Jolly||M|||50|]Kingambit||FocusSash|Defiant|SuckerPunch,KowtowCleave,IronHead,LowKick|Adamant||M|||50|]Charizard||CharizarditeY|SolarPower|Protect,WeatherBall,HeatWave,SolarBeam|Modest||M|||50|]Sylveon||FairyFeather|Pixilate|Protect,HyperVoice,HyperBeam,QuickAttack|Modest||M|||50|]Farigiraf||SitrusBerry|ArmorTail|TrickRoom,Thunderbolt,Roar,Psychic|Bold||M|||50|
|showteam|p2|Staraptor||Staraptite|Intimidate|Protect,CloseCombat,BraveBird,Roost|Adamant||F|||50|]Whimsicott||FocusSash|Prankster|Protect,Moonblast,Tailwind,Charm|Timid||F|||50|]Grimmsnarl||LightClay|Prankster|SpiritBreak,Reflect,LightScreen,PartingShot|Calm||M|||50|]Pelipper||SitrusBerry|Drizzle|WeatherBall,Hurricane,Tailwind,WideGuard|Modest||F|||50|]Archaludon||Leftovers|Stamina|Protect,ElectroShot,DragonPulse,FlashCannon|Modest||F|||50|]Swampert||Swampertite|Torrent|Protect,Earthquake,Liquidation,HighHorsepower|Adamant||F|||50|
|inactive|Battle timer is ON: inactive players will automatically lose when time's up. (requested by new mental)
|
|t:|1784481357
|teamsize|p1|4
|teamsize|p2|4
|start
|switch|p1a: Sylveon|Sylveon, L50, M|100/100
|switch|p1b: Farigiraf|Farigiraf, L50, M|100/100
|switch|p2a: Archaludon|Archaludon, L50, F|100/100
|switch|p2b: Grimmsnarl|Grimmsnarl, L50, M|100/100
|turn|1
|inactive|new mental has 30 seconds left.
|inactive|new mental has 20 seconds left.
|
|t:|1784481396
|move|p2b: Grimmsnarl|Light Screen|p2b: Grimmsnarl
|-sidestart|p2: Bobbo1|move: Light Screen
|move|p2a: Archaludon|Flash Cannon|p1a: Sylveon
|-supereffective|p1a: Sylveon|1
|-damage|p1a: Sylveon|27/100
|move|p1a: Sylveon|Hyper Voice|p2a: Archaludon|[spread] p2a,p2b
|-supereffective|p2b: Grimmsnarl|1
|-damage|p2a: Archaludon|53/100
|-damage|p2b: Grimmsnarl|42/100
|-ability|p2a: Archaludon|Stamina|boost
|-boost|p2a: Archaludon|def|1
|move|p1b: Farigiraf|Trick Room|p1b: Farigiraf
|-fieldstart|move: Trick Room|[of] p1b: Farigiraf
|
|-heal|p2a: Archaludon|59/100|[from] item: Leftovers
|upkeep
|turn|2
|inactive|Bobbo1 has 30 seconds left.
|
|t:|1784481422
|switch|p1a: Kingambit|Kingambit, L50, M|100/100
|move|p2b: Grimmsnarl|Spirit Break|p1a: Kingambit
|-damage|p1a: Kingambit|76/100
|-unboost|p1a: Kingambit|spa|1
|-ability|p1a: Kingambit|Defiant|boost
|-boost|p1a: Kingambit|atk|2
|move|p2a: Archaludon|Flash Cannon|p1b: Farigiraf
|-damage|p1b: Farigiraf|55/100
|-unboost|p1b: Farigiraf|spd|1
|move|p1b: Farigiraf|Roar|p2a: Archaludon
|drag|p2a: Pelipper|Pelipper, L50, F|100/100
|-weather|RainDance|[from] ability: Drizzle|[of] p2a: Pelipper
|
|-weather|RainDance|[upkeep]
|upkeep
|turn|3
|
|t:|1784481436
|move|p2b: Grimmsnarl|Reflect|p2b: Grimmsnarl
|-sidestart|p2: Bobbo1|Reflect
|move|p1b: Farigiraf|Thunderbolt|p2a: Pelipper
|-supereffective|p2a: Pelipper|2
|-damage|p2a: Pelipper|20/100y
|-enditem|p2a: Pelipper|Sitrus Berry|[eat]
|-heal|p2a: Pelipper|44/100|[from] item: Sitrus Berry
|move|p2a: Pelipper|Weather Ball|p1a: Kingambit
|-damage|p1a: Kingambit|3/100
|move|p1a: Kingambit|Iron Head|p2b: Grimmsnarl
|-supereffective|p2b: Grimmsnarl|1
|-damage|p2b: Grimmsnarl|0 fnt
|faint|p2b: Grimmsnarl
|
|-weather|RainDance|[upkeep]
|upkeep
|
|t:|1784481447
|switch|p2b: Swampert|Swampert, L50, F|100/100
|turn|4
|
|t:|1784481461
|detailschange|p2b: Swampert|Swampert-Mega, L50, F
|-mega|p2b: Swampert|Swampert|Swampertite
|move|p1b: Farigiraf|Thunderbolt|p2a: Pelipper
|-supereffective|p2a: Pelipper|2
|-damage|p2a: Pelipper|0 fnt
|faint|p2a: Pelipper
|move|p1a: Kingambit|Low Kick|p2b: Swampert
|-damage|p2b: Swampert|52/100
|move|p2b: Swampert|Earthquake|p1a: Kingambit|[spread] p1a,p1b
|-supereffective|p1a: Kingambit|1
|-damage|p1a: Kingambit|0 fnt
|-damage|p1b: Farigiraf|16/100
|-enditem|p1b: Farigiraf|Sitrus Berry|[eat]
|-heal|p1b: Farigiraf|41/100|[from] item: Sitrus Berry
|faint|p1a: Kingambit
|
|-weather|RainDance|[upkeep]
|upkeep
|
|t:|1784481475
|switch|p2a: Archaludon|Archaludon, L50, F|59/100
|switch|p1a: Sylveon|Sylveon, L50, M|27/100
|turn|5
|
|t:|1784481493
|move|p2a: Archaludon|Protect|p2a: Archaludon
|-singleturn|p2a: Archaludon|Protect
|move|p2b: Swampert|Protect|p2b: Swampert
|-singleturn|p2b: Swampert|Protect
|move|p1b: Farigiraf|Psychic|p2b: Swampert
|-activate|p2b: Swampert|move: Protect
|move|p1a: Sylveon|Hyper Voice|p2b: Swampert|[spread] 
|-activate|p2a: Archaludon|move: Protect
|-activate|p2b: Swampert|move: Protect
|
|-weather|RainDance|[upkeep]
|-heal|p2a: Archaludon|65/100|[from] item: Leftovers
|-fieldend|move: Trick Room
|upkeep
|turn|6
|
|t:|1784481511
|move|p1a: Sylveon|Protect|p1a: Sylveon
|-singleturn|p1a: Sylveon|Protect
|move|p2b: Swampert|Liquidation|p1a: Sylveon
|-activate|p1a: Sylveon|move: Protect
|move|p2a: Archaludon|Dragon Pulse|p1b: Farigiraf
|-damage|p1b: Farigiraf|0 fnt
|faint|p1b: Farigiraf
|
|-weather|none
|-heal|p2a: Archaludon|71/100|[from] item: Leftovers
|upkeep
|
|t:|1784481517
|switch|p1b: Charizard|Charizard, L50, M|100/100
|turn|7
|inactive|Bobbo1 has 30 seconds left.
|inactive|Bobbo1 has 20 seconds left.
|inactive|Bobbo1 has 15 seconds left.
|inactive|Bobbo1 has 10 seconds left.
|
|t:|1784481566
|detailschange|p1b: Charizard|Charizard-Mega-Y, L50, M
|-mega|p1b: Charizard|Charizard|Charizardite Y
|-weather|SunnyDay|[from] ability: Drought|[of] p1b: Charizard
|move|p1b: Charizard|Solar Beam||[still]
|-prepare|p1b: Charizard|Solar Beam
|-anim|p1b: Charizard|Solar Beam|p2b: Swampert
|-supereffective|p2b: Swampert|2
|-damage|p2b: Swampert|0 fnt
|faint|p2b: Swampert
|move|p2a: Archaludon|Flash Cannon|p1a: Sylveon
|-supereffective|p1a: Sylveon|1
|-damage|p1a: Sylveon|0 fnt
|faint|p1a: Sylveon
|
|-weather|SunnyDay|[upkeep]
|-heal|p2a: Archaludon|77/100|[from] item: Leftovers
|upkeep
|turn|8
|
|t:|1784481579
|move|p1b: Charizard|Protect|p1b: Charizard
|-singleturn|p1b: Charizard|Protect
|move|p2a: Archaludon|Electro Shot||[still]
|-prepare|p2a: Archaludon|Electro Shot
|-boost|p2a: Archaludon|spa|1
|
|-weather|SunnyDay|[upkeep]
|-heal|p2a: Archaludon|83/100|[from] item: Leftovers
|-sideend|p2: Bobbo1|move: Light Screen
|upkeep
|turn|9
|
|t:|1784481583
|move|p1b: Charizard|Weather Ball|p2a: Archaludon
|-damage|p2a: Archaludon|0 fnt
|faint|p2a: Archaludon
|
|win|new mental
