|j|☆Mewtwo's Husband
|j|☆damage77
|html|Mewtwo's Husbanddamage77    
|uhtml|bestof|Game 2 of a best-of-3
|t:|1756324060
|gametype|doubles
|player|p1|Mewtwo's Husband|170|1307
|player|p2|damage77|flint|1400
|gen|9
|tier|[Gen 9] VGC 2025 Reg H (Bo3)
|rated|
|rule|Species Clause: Limit one of each Pokémon
|rule|Item Clause: Limit 1 of each item
|clearpoke
|poke|p1|Gholdengo, L50|
|poke|p1|Garchomp, L50, F|
|poke|p1|Rillaboom, L50, M|
|poke|p1|Sneasler, L50, M|
|poke|p1|Tyranitar, L50, F|
|poke|p1|Magmar, L50, F|
|poke|p2|Ninetales-Alola, L50, F|
|poke|p2|Gholdengo, L50|
|poke|p2|Dragonite, L50, F|
|poke|p2|Annihilape, L50, M|
|poke|p2|Ursaluna-Bloodmoon, L50, M|
|poke|p2|Incineroar, L50, F|
|teampreview|4
|showteam|p1|Gholdengo||Leftovers|GoodasGold|MakeItRain,ShadowBall,NastyPlot,Protect||||||50|,,,,,Water]Garchomp||LifeOrb|SandVeil|StompingTantrum,DragonClaw,Protect,SwordsDance|||F|||50|,,,,,Fire]Rillaboom||MiracleSeed|GrassySurge|WoodHammer,GrassyGlide,HighHorsepower,FakeOut|||M|||50|,,,,,Ghost]Sneasler||WhiteHerb|Unburden|Protect,DireClaw,CloseCombat,FakeOut|||M|||50|,,,,,Stellar]Tyranitar||AssaultVest|SandStream|RockSlide,KnockOff,LowKick,TeraBlast|||F|||50|,,,,,Flying]Magmar||Eviolite|VitalSpirit|Protect,HeatWave,Taunt,FollowMe|||F|||50|,,,,,Ghost
|showteam|p2|Ninetales-Alola||LightClay|SnowWarning|IcicleSpear,Blizzard,AuroraVeil,IcyWind|||F|||50|,,,,,Ghost]Gholdengo||ChoiceScarf|GoodasGold|MakeItRain,ShadowBall,Trick,NastyPlot||||||50|,,,,,Steel]Dragonite||LoadedDice|Multiscale|ScaleShot,ExtremeSpeed,Protect,Haze|||F|||50|,,,,,Normal]Annihilape||SafetyGoggles|Defiant|DrainPunch,RageFist,BulkUp,Protect|||M|||50|,,,,,Fire]Ursaluna-Bloodmoon||AssaultVest|MindsEye|BloodMoon,HyperVoice,EarthPower,VacuumWave|||M|||50|,,,,,Water]Incineroar||SitrusBerry|Intimidate|FakeOut,FlareBlitz,KnockOff,PartingShot|||F|||50|,,,,,Ghost
|inactive|Battle timer is ON: inactive players will automatically lose when time's up. (requested by damage77)
|inactive|damage77 has 60 seconds left.
|
|t:|1756324101
|teamsize|p1|4
|teamsize|p2|4
|start
|switch|p1a: Garchomp|Garchomp, L50, F|100/100
|switch|p1b: Sneasler|Sneasler, L50, M|100/100
|switch|p2a: Ninetales|Ninetales-Alola, L50, F|100/100
|switch|p2b: Annihilape|Annihilape, L50, M|100/100
|-weather|Snowscape|[from] ability: Snow Warning|[of] p2a: Ninetales
|turn|1
|inactive|Mewtwo's Husband has 30 seconds left.
|inactive|damage77 has 30 seconds left.
|inactive|damage77 has 20 seconds left.
|
|t:|1756324138
|switch|p1b: Gholdengo|Gholdengo, L50|100/100
|-terastallize|p2a: Ninetales|Ghost
|-terastallize|p1a: Garchomp|Fire
|move|p2a: Ninetales|Icicle Spear|p2b: Annihilape
|-damage|p2b: Annihilape|94/100
|-damage|p2b: Annihilape|88/100
|-hitcount|p2b: Annihilape|2
|move|p1a: Garchomp|Swords Dance|p1a: Garchomp
|-boost|p1a: Garchomp|atk|2
|move|p2b: Annihilape|Rage Fist|p1b: Gholdengo
|-supereffective|p1b: Gholdengo
|-damage|p1b: Gholdengo|0 fnt
|faint|p1b: Gholdengo
|
|-weather|Snowscape|[upkeep]
|upkeep
|
|t:|1756324156
|switch|p1b: Sneasler|Sneasler, L50, M|100/100
|turn|2
|inactive|damage77 has 30 seconds left.
|
|t:|1756324186
|move|p2b: Annihilape|Protect|p2b: Annihilape
|-singleturn|p2b: Annihilape|Protect
|move|p1b: Sneasler|Dire Claw|p2a: Ninetales
|-resisted|p2a: Ninetales
|-damage|p2a: Ninetales|76/100
|move|p2a: Ninetales|Icy Wind|p1b: Sneasler|[spread] p1a,p1b
|-resisted|p1a: Garchomp
|-damage|p1a: Garchomp|94/100
|-damage|p1b: Sneasler|84/100
|-unboost|p1a: Garchomp|spe|1
|-unboost|p1b: Sneasler|spe|1
|-enditem|p1b: Sneasler|White Herb
|-clearnegativeboost|p1b: Sneasler|[silent]
|move|p1a: Garchomp|Stomping Tantrum|p2b: Annihilape
|-activate|p2b: Annihilape|move: Protect
|
|-weather|Snowscape|[upkeep]
|upkeep
|turn|3
|
|t:|1756324206
|move|p1b: Sneasler|Dire Claw|p2a: Ninetales
|-resisted|p2a: Ninetales
|-crit|p2a: Ninetales
|-damage|p2a: Ninetales|41/100
|move|p2a: Ninetales|Icy Wind|p1b: Sneasler|[spread] p1b
|-miss|p2a: Ninetales|p1a: Garchomp
|-damage|p1b: Sneasler|67/100
|-unboost|p1b: Sneasler|spe|1
|move|p2b: Annihilape|Rage Fist|p1b: Sneasler
|-damage|p1b: Sneasler|0 fnt
|faint|p1b: Sneasler
|move|p1a: Garchomp|Dragon Claw|p2b: Annihilape
|-damage|p2b: Annihilape|0 fnt
|faint|p2b: Annihilape
|-damage|p1a: Garchomp|84/100|[from] item: Life Orb
|
|-weather|Snowscape|[upkeep]
|upkeep
|inactive|damage77 has 30 seconds left.
|
|t:|1756324235
|switch|p1b: Tyranitar|Tyranitar, L50, F|100/100
|switch|p2b: Ursaluna|Ursaluna-Bloodmoon, L50, M|100/100
|-weather|Sandstorm|[from] ability: Sand Stream|[of] p1b: Tyranitar
|turn|4
|inactive|damage77 has 30 seconds left.
|inactive|damage77 has 20 seconds left.
|inactive|damage77 has 15 seconds left.
|inactive|damage77 has 10 seconds left.
|
|t:|1756324284
|move|p1a: Garchomp|Protect|p1a: Garchomp
|-singleturn|p1a: Garchomp|Protect
|move|p2a: Ninetales|Blizzard|p1b: Tyranitar|[spread] 
|-activate|p1a: Garchomp|move: Protect
|-miss|p2a: Ninetales|p1b: Tyranitar
|move|p1b: Tyranitar|Knock Off|p2a: Ninetales
|-supereffective|p2a: Ninetales
|-damage|p2a: Ninetales|0 fnt
|-enditem|p2a: Ninetales|Light Clay|[from] move: Knock Off|[of] p1b: Tyranitar
|faint|p2a: Ninetales
|move|p2b: Ursaluna|Earth Power|p1a: Garchomp
|-activate|p1a: Garchomp|move: Protect
|
|-weather|Sandstorm|[upkeep]
|upkeep
|
|t:|1756324292
|switch|p2a: Gholdengo|Gholdengo, L50|100/100
|turn|5
|
|t:|1756324303
|move|p2a: Gholdengo|Make It Rain|p1b: Tyranitar|[spread] p1a,p1b
|-resisted|p1a: Garchomp
|-supereffective|p1b: Tyranitar
|-damage|p1a: Garchomp|55/100
|-damage|p1b: Tyranitar|60/100
|-unboost|p2a: Gholdengo|spa|1
|move|p1a: Garchomp|Dragon Claw|p2b: Ursaluna
|-damage|p2b: Ursaluna|23/100
|-damage|p1a: Garchomp|45/100|[from] item: Life Orb
|move|p1b: Tyranitar|Knock Off|p2a: Gholdengo
|-supereffective|p2a: Gholdengo
|-damage|p2a: Gholdengo|0 fnt
|-enditem|p2a: Gholdengo|Choice Scarf|[from] move: Knock Off|[of] p1b: Tyranitar
|faint|p2a: Gholdengo
|move|p2b: Ursaluna|Earth Power|p1a: Garchomp
|-supereffective|p1a: Garchomp
|-damage|p1a: Garchomp|0 fnt
|faint|p1a: Garchomp
|
|-weather|Sandstorm|[upkeep]
|upkeep
|turn|6
|inactive|damage77 has 30 seconds left.
|inactive|Mewtwo's Husband has 30 seconds left.
|inactive|damage77 has 20 seconds left.
|inactive|damage77 has 15 seconds left.
|
|t:|1756324344
|move|p2b: Ursaluna|Vacuum Wave|p1b: Tyranitar
|-supereffective|p1b: Tyranitar
|-damage|p1b: Tyranitar|37/100
|move|p1b: Tyranitar|Low Kick|p2b: Ursaluna
|-supereffective|p2b: Ursaluna
|-damage|p2b: Ursaluna|0 fnt
|faint|p2b: Ursaluna
|
|win|Mewtwo's Husband
||Mewtwo's Husband is ready for game 3.
||damage77 is ready for game 3.
|uhtml|next|Next: Game 3 of 3
|l|☆Mewtwo's Husband
|player|p1|
|l|☆damage77
|player|p2|
|j|☆damage77
|player|p2|damage77|flint|
