|j|☆Cristante terabug
|j|☆SongokuVG Fr
|html|Cristante terabugSongokuVG Fr    
|uhtml|bestof|Game 3 of a best-of-3
|t:|1754510994
|gametype|doubles
|player|p1|Cristante terabug|kieran-champion|1184
|player|p2|SongokuVG Fr|lucian|1192
|gen|9
|tier|[Gen 9] VGC 2025 Reg H (Bo3)
|rated|
|rule|Species Clause: Limit one of each Pokémon
|rule|Item Clause: Limit 1 of each item
|clearpoke
|poke|p1|Rillaboom, L50, F|
|poke|p1|Volcarona, L50, F|
|poke|p1|Sneasler, L50, M|
|poke|p1|Dondozo, L50, F|
|poke|p1|Electabuzz, L50, M|
|poke|p1|Kingambit, L50, F|
|poke|p2|Ursaluna, L50, M|
|poke|p2|Tauros-Paldea-Aqua, L50, M|
|poke|p2|Vivillon, L50, F|
|poke|p2|Gholdengo, L50|
|poke|p2|Incineroar, L50, F|
|poke|p2|Porygon2, L50|
|teampreview|4
|showteam|p1|Rillaboom||AssaultVest|GrassySurge|WoodHammer,HighHorsepower,FakeOut,GrassyGlide|||F|||50|,,,,,Fire]Volcarona||CovertCloak|FlameBody|HeatWave,TeraBlast,QuiverDance,Protect|||F|||50|,,,,,Fairy]Sneasler||FocusSash|PoisonTouch|FakeOut,Coaching,CloseCombat,DireClaw|||M|||50|,,,,,Ghost]Dondozo||Leftovers|Unaware|WaveCrash,Fissure,Yawn,Protect|||F|||50|,,,,,Grass]Electabuzz||Eviolite|VitalSpirit|Electroweb,Taunt,FollowMe,Protect|||M|||50|,,,,,Ghost]Kingambit||BlackGlasses|Defiant|KowtowCleave,SuckerPunch,SwordsDance,Protect|||F|||50|,,,,,Dark
|showteam|p2|Ursaluna||FlameOrb|Guts|Earthquake,Facade,HeadlongRush,Protect|||M|||50|,,,,,Ghost]Tauros-Paldea-Aqua||MirrorHerb|Intimidate|CloseCombat,WaveCrash,Protect,AquaJet|||M|||50|,,,,,Water]Vivillon||FocusSash|CompoundEyes|Tailwind,Hurricane,Protect,SleepPowder|||F|||50|,,,,,Ghost]Gholdengo||MetalCoat|GoodasGold|MakeItRain,ShadowBall,NastyPlot,Protect||||||50|,,,,,Dragon]Incineroar||SafetyGoggles|Intimidate|FakeOut,FlareBlitz,KnockOff,PartingShot|||F|||50|,,,,,Ghost]Porygon2||Eviolite|Download|TeraBlast,TrickRoom,Recover,IceBeam||||||50|,,,,,Flying
|inactive|Battle timer is ON: inactive players will automatically lose when time's up. (requested by SongokuVG Fr)
|
|t:|1754511038
|teamsize|p1|4
|teamsize|p2|4
|start
|switch|p1a: Sneasler|Sneasler, L50, M|100/100
|switch|p1b: Volcarona|Volcarona, L50, F|100/100
|switch|p2a: Vivillon|Vivillon, L50, F|100/100
|switch|p2b: Incineroar|Incineroar, L50, F|100/100
|-ability|p2b: Incineroar|Intimidate|boost
|-unboost|p1a: Sneasler|atk|1
|-unboost|p1b: Volcarona|atk|1
|turn|1
|
|t:|1754511059
|-terastallize|p2a: Vivillon|Ghost
|move|p1a: Sneasler|Fake Out|p2a: Vivillon
|-immune|p2a: Vivillon
|move|p1b: Volcarona|Quiver Dance|p1b: Volcarona
|-boost|p1b: Volcarona|spa|1
|-boost|p1b: Volcarona|spd|1
|-boost|p1b: Volcarona|spe|1
|move|p2a: Vivillon|Tailwind|p2a: Vivillon
|-sidestart|p2: SongokuVG Fr|move: Tailwind
|move|p2b: Incineroar|Parting Shot|p1b: Volcarona
|-unboost|p1b: Volcarona|atk|1
|-unboost|p1b: Volcarona|spa|1
|
|t:|1754511073
|switch|p2b: Ursaluna|Ursaluna, L50, M|100/100|[from] Parting Shot
|
|-status|p2b: Ursaluna|brn|[from] item: Flame Orb
|upkeep
|turn|2
|
|t:|1754511094
|move|p2a: Vivillon|Sleep Powder|p1a: Sneasler
|-status|p1a: Sneasler|slp|[from] move: Sleep Powder
|move|p1b: Volcarona|Heat Wave|p2a: Vivillon|[spread] p2a,p2b
|-damage|p2a: Vivillon|36/100
|-damage|p2b: Ursaluna|72/100 brn
|cant|p1a: Sneasler|slp
|move|p2b: Ursaluna|Facade|p1b: Volcarona
|-damage|p1b: Volcarona|0 fnt
|faint|p1b: Volcarona
|
|-damage|p2b: Ursaluna|66/100 brn|[from] brn
|upkeep
|
|t:|1754511110
|switch|p1b: Rillaboom|Rillaboom, L50, F|100/100
|-fieldstart|move: Grassy Terrain|[from] ability: Grassy Surge|[of] p1b: Rillaboom
|turn|3
|
|t:|1754511119
|switch|p2b: Incineroar|Incineroar, L50, F|100/100
|-ability|p2b: Incineroar|Intimidate|boost
|-unboost|p1a: Sneasler|atk|1
|-unboost|p1b: Rillaboom|atk|1
|move|p1b: Rillaboom|Grassy Glide|p2a: Vivillon
|-damage|p2a: Vivillon|0 fnt
|faint|p2a: Vivillon
|-curestatus|p1a: Sneasler|slp|[msg]
|move|p1a: Sneasler|Close Combat|p2b: Incineroar
|-supereffective|p2b: Incineroar
|-damage|p2b: Incineroar|55/100
|-unboost|p1a: Sneasler|def|1
|-unboost|p1a: Sneasler|spd|1
|-status|p2b: Incineroar|psn|[from] ability: Poison Touch|[of] p1a: Sneasler
|
|-heal|p2b: Incineroar|61/100 psn|[from] Grassy Terrain
|-damage|p2b: Incineroar|49/100 psn|[from] psn
|upkeep
|
|t:|1754511129
|switch|p2a: Ursaluna|Ursaluna, L50, M|66/100 brn
|turn|4
|inactive|Cristante terabug has 30 seconds left.
|
|t:|1754511157
|move|p2b: Incineroar|Fake Out|p1a: Sneasler
|-damage|p1a: Sneasler|76/100
|cant|p1a: Sneasler|flinch
|move|p2a: Ursaluna|Facade|p1b: Rillaboom
|-damage|p1b: Rillaboom|0 fnt
|faint|p1b: Rillaboom
|
|-heal|p1a: Sneasler|82/100|[from] Grassy Terrain
|-heal|p2a: Ursaluna|72/100 brn|[from] Grassy Terrain
|-heal|p2b: Incineroar|54/100 psn|[from] Grassy Terrain
|-damage|p2b: Incineroar|42/100 psn|[from] psn
|-damage|p2a: Ursaluna|66/100 brn|[from] brn
|-sideend|p2: SongokuVG Fr|move: Tailwind
|upkeep
|
|t:|1754511169
|switch|p1b: Dondozo|Dondozo, L50, F|100/100
|turn|5
|
|t:|1754511186
|move|p1a: Sneasler|Coaching|p1b: Dondozo
|-boost|p1b: Dondozo|atk|1
|-boost|p1b: Dondozo|def|1
|move|p2a: Ursaluna|Facade|p1a: Sneasler
|-damage|p1a: Sneasler|0 fnt
|faint|p1a: Sneasler
|move|p2b: Incineroar|Parting Shot|p1b: Dondozo
|-unboost|p1b: Dondozo|atk|1
|-unboost|p1b: Dondozo|spa|1
|
|t:|1754511196
|switch|p2b: Tauros|Tauros-Paldea-Aqua, L50, M|100/100|[from] Parting Shot
|-ability|p2b: Tauros|Intimidate|boost
|-unboost|p1b: Dondozo|atk|1
|move|p1b: Dondozo|Wave Crash|p2a: Ursaluna
|-supereffective|p2a: Ursaluna
|-damage|p2a: Ursaluna|17/100 brn
|-damage|p1b: Dondozo|86/100|[from] Recoil
|
|-heal|p2a: Ursaluna|22/100 brn|[from] Grassy Terrain
|-heal|p1b: Dondozo|93/100|[from] Grassy Terrain
|-heal|p1b: Dondozo|99/100|[from] item: Leftovers
|-damage|p2a: Ursaluna|17/100 brn|[from] brn
|upkeep
|turn|6
|
|t:|1754511220
|switch|p2a: Incineroar|Incineroar, L50, F|42/100 psn
|-ability|p2a: Incineroar|Intimidate|boost
|-unboost|p1b: Dondozo|atk|1
|move|p1b: Dondozo|Protect|p1b: Dondozo
|-singleturn|p1b: Dondozo|Protect
|move|p2b: Tauros|Wave Crash|p1b: Dondozo
|-activate|p1b: Dondozo|move: Protect
|
|-heal|p2a: Incineroar|48/100 psn|[from] Grassy Terrain
|-heal|p1b: Dondozo|100/100|[from] Grassy Terrain
|-damage|p2a: Incineroar|36/100 psn|[from] psn
|upkeep
|turn|7
|inactive|Cristante terabug has 30 seconds left.
|
|t:|1754511246
|switch|p2b: Ursaluna|Ursaluna, L50, M|17/100 brn
|move|p2a: Incineroar|Knock Off|p1b: Dondozo
|-damage|p1b: Dondozo|85/100
|-enditem|p1b: Dondozo|Leftovers|[from] move: Knock Off|[of] p2a: Incineroar
|move|p1b: Dondozo|Yawn||[still]
|-fail|p1b: Dondozo
|
|-heal|p2b: Ursaluna|22/100 brn|[from] Grassy Terrain
|-heal|p2a: Incineroar|42/100 psn|[from] Grassy Terrain
|-heal|p1b: Dondozo|92/100|[from] Grassy Terrain
|-damage|p2a: Incineroar|29/100 psn|[from] psn
|-damage|p2b: Ursaluna|17/100 brn|[from] brn
|-fieldend|move: Grassy Terrain
|upkeep
|turn|8
|
|t:|1754511268
|move|p2b: Ursaluna|Facade|p1b: Dondozo
|-damage|p1b: Dondozo|42/100
|move|p2a: Incineroar|Parting Shot|p1b: Dondozo
|-unboost|p1b: Dondozo|atk|1
|-unboost|p1b: Dondozo|spa|1
|
|t:|1754511274
|switch|p2a: Tauros|Tauros-Paldea-Aqua, L50, M|100/100|[from] Parting Shot
|-ability|p2a: Tauros|Intimidate|boost
|-unboost|p1b: Dondozo|atk|1
|move|p1b: Dondozo|Wave Crash|p2b: Ursaluna
|-supereffective|p2b: Ursaluna
|-damage|p2b: Ursaluna|0 fnt
|faint|p2b: Ursaluna
|-damage|p1b: Dondozo|38/100|[from] Recoil
|
|upkeep
|
|t:|1754511281
|switch|p2b: Incineroar|Incineroar, L50, F|29/100 psn
|-ability|p2b: Incineroar|Intimidate|boost
|-unboost|p1b: Dondozo|atk|1
|turn|9
|
|t:|1754511289
|move|p1b: Dondozo|Protect|p1b: Dondozo
|-singleturn|p1b: Dondozo|Protect
|move|p2b: Incineroar|Fake Out|p1b: Dondozo
|-activate|p1b: Dondozo|move: Protect
|move|p2a: Tauros|Close Combat|p1b: Dondozo
|-activate|p1b: Dondozo|move: Protect
|
|-damage|p2b: Incineroar|17/100 psn|[from] psn
|upkeep
|turn|10
|
|t:|1754511301
|move|p2a: Tauros|Close Combat|p1b: Dondozo
|-damage|p1b: Dondozo|15/100
|-unboost|p2a: Tauros|def|1
|-unboost|p2a: Tauros|spd|1
|move|p2b: Incineroar|Knock Off|p1b: Dondozo
|-damage|p1b: Dondozo|6/100
|move|p1b: Dondozo|Yawn|p2a: Tauros
|-start|p2a: Tauros|move: Yawn|[of] p1b: Dondozo
|
|-damage|p2b: Incineroar|4/100 psn|[from] psn
|upkeep
|turn|11
|
|t:|1754511316
|move|p1b: Dondozo|Protect|p1b: Dondozo
|-singleturn|p1b: Dondozo|Protect
|move|p2a: Tauros|Close Combat|p1b: Dondozo
|-activate|p1b: Dondozo|move: Protect
|move|p2b: Incineroar|Flare Blitz|p1b: Dondozo
|-activate|p1b: Dondozo|move: Protect
|
|-damage|p2b: Incineroar|0 fnt|[from] psn
|faint|p2b: Incineroar
|-end|p2a: Tauros|move: Yawn|[silent]
|-status|p2a: Tauros|slp
|upkeep
|turn|12
|
|t:|1754511323
|cant|p2a: Tauros|slp
|move|p1b: Dondozo|Fissure|p2a: Tauros|[miss]
|-miss|p1b: Dondozo|p2a: Tauros
|
|upkeep
|turn|13
|
|t:|1754511327
|cant|p2a: Tauros|slp
|move|p1b: Dondozo|Fissure|p2a: Tauros|[miss]
|-miss|p1b: Dondozo|p2a: Tauros
|
|upkeep
|turn|14
|
|t:|1754511332
|-curestatus|p2a: Tauros|slp|[msg]
|move|p2a: Tauros|Close Combat|p1b: Dondozo
|-damage|p1b: Dondozo|0 fnt
|-unboost|p2a: Tauros|def|1
|-unboost|p2a: Tauros|spd|1
|faint|p1b: Dondozo
|
|win|SongokuVG Fr
|raw|Cristante terabug's rating: 1184 → 1160(-24 for losing)
|raw|SongokuVG Fr's rating: 1192 → 1216(+24 for winning)
