|j|☆Lucario Palworld
|j|☆partigiano jonny
|html|Lucario Palworldpartigiano jonny    
|uhtml|bestof|Game 2 of a best-of-3
|t:|1756122944
|gametype|doubles
|player|p1|Lucario Palworld|2|1460
|player|p2|partigiano jonny|volkner|1473
|gen|9
|tier|[Gen 9] VGC 2025 Reg H (Bo3)
|rated|
|rule|Species Clause: Limit one of each Pokémon
|rule|Item Clause: Limit 1 of each item
|clearpoke
|poke|p1|Gholdengo, L50|
|poke|p1|Perrserker, L50, F|
|poke|p1|Dondozo, L50, M|
|poke|p1|Tatsugiri, L50, M|
|poke|p1|Dragonite, L50, F|
|poke|p1|Whimsicott, L50, F|
|poke|p2|Whimsicott, L50, M|
|poke|p2|Garchomp, L50, F|
|poke|p2|Indeedee, L50, M|
|poke|p2|Sneasler, L50, M|
|poke|p2|Ursaluna-Bloodmoon, L50, M|
|poke|p2|Archaludon, L50, F|
|teampreview|4
|showteam|p1|Gholdengo||ChoiceSpecs|GoodasGold|MakeItRain,ShadowBall,Thunderbolt,FocusBlast||||||50|,,,,,Steel]Perrserker||ChopleBerry|SteelySpirit|FakeOut,IronHead,Taunt,KnockOff|||F|||50|,,,,,Steel]Dondozo||ClearAmulet|Unaware|WaveCrash,Earthquake,OrderUp,Protect|||M|||50|,,,,,Grass]Tatsugiri||ChoiceScarf|Commander|MuddyWater,DracoMeteor,DragonPulse,IcyWind|||M|||50|,,,,,Steel]Dragonite||LoadedDice|Multiscale|ScaleShot,ExtremeSpeed,Haze,LowKick|||F|||50|,,,,,Grass]Whimsicott||CovertCloak|Prankster|Tailwind,Endeavor,Encore,Moonblast|||F|||50|,,,,,Ghost
|showteam|p2|Whimsicott||CovertCloak|Prankster|Moonblast,Taunt,Tailwind,FakeTears|||M|||50|,,,,,Water]Garchomp||LoadedDice|RoughSkin|ScaleShot,StompingTantrum,SwordsDance,Protect|||F|||50|,,,,,Steel]Indeedee||FocusSash|PsychicSurge|ExpandingForce,TeraBlast,Imprison,TrickRoom|||M|||50|,,,,,Psychic]Sneasler||PsychicSeed|Unburden|CloseCombat,DireClaw,ThroatChop,Protect|||M|||50|,,,,,Dark]Ursaluna-Bloodmoon||LifeOrb|MindsEye|HyperVoice,BloodMoon,EarthPower,Protect|||M|||50|,,,,,Normal]Archaludon||PowerHerb|Stalwart|ElectroShot,DragonPulse,Thunderbolt,Protect|||F|||50|,,,,,Electric
|inactive|Battle timer is ON: inactive players will automatically lose when time's up. (requested by partigiano jonny)
|inactive|partigiano jonny has 60 seconds left.
|
|t:|1756122979
|teamsize|p1|4
|teamsize|p2|4
|start
|switch|p1a: Whimsicott|Whimsicott, L50, F|100/100
|switch|p1b: Dragonite|Dragonite, L50, F|100/100
|switch|p2a: Garchomp|Garchomp, L50, F|100/100
|switch|p2b: Archaludon|Archaludon, L50, F|100/100
|turn|1
|
|t:|1756122991
|switch|p2a: Whimsicott|Whimsicott, L50, M|100/100
|move|p1a: Whimsicott|Tailwind|p1a: Whimsicott
|-sidestart|p1: Lucario Palworld|move: Tailwind
|move|p1b: Dragonite|Low Kick|p2b: Archaludon
|-supereffective|p2b: Archaludon
|-damage|p2b: Archaludon|43/100
|move|p2b: Archaludon|Electro Shot||[still]
|-prepare|p2b: Archaludon|Electro Shot
|-boost|p2b: Archaludon|spa|1
|-enditem|p2b: Archaludon|Power Herb
|-anim|p2b: Archaludon|Electro Shot|p1b: Dragonite
|-damage|p1b: Dragonite|60/100
|
|upkeep
|turn|2
|inactive|Lucario Palworld has 30 seconds left.
|
|t:|1756123019
|move|p2b: Archaludon|Protect|p2b: Archaludon
|-singleturn|p2b: Archaludon|Protect
|move|p1b: Dragonite|Extreme Speed|p2a: Whimsicott
|-damage|p2a: Whimsicott|56/100
|move|p2a: Whimsicott|Taunt|p1a: Whimsicott
|-start|p1a: Whimsicott|move: Taunt
|move|p1a: Whimsicott|Moonblast|p2b: Archaludon
|-activate|p2b: Archaludon|move: Protect
|
|upkeep
|turn|3
|
|t:|1756123033
|move|p1b: Dragonite|Extreme Speed|p2a: Whimsicott
|-damage|p2a: Whimsicott|14/100
|move|p2a: Whimsicott|Tailwind|p2a: Whimsicott
|-sidestart|p2: partigiano jonny|move: Tailwind
|move|p1a: Whimsicott|Moonblast|p2a: Whimsicott
|-damage|p2a: Whimsicott|0 fnt
|faint|p2a: Whimsicott
|move|p2b: Archaludon|Dragon Pulse|p1b: Dragonite
|-supereffective|p1b: Dragonite
|-damage|p1b: Dragonite|0 fnt
|faint|p1b: Dragonite
|
|upkeep
|
|t:|1756123045
|switch|p2a: Ursaluna|Ursaluna-Bloodmoon, L50, M|100/100
|switch|p1b: Dondozo|Dondozo, L50, M|100/100
|turn|4
|inactive|Lucario Palworld has 30 seconds left.
|
|t:|1756123071
|switch|p1a: Tatsugiri|Tatsugiri, L50, M|100/100
|-activate|p1a: Tatsugiri|ability: Commander|[of] p1b: Dondozo
|-boost|p1b: Dondozo|atk|2
|-boost|p1b: Dondozo|spa|2
|-boost|p1b: Dondozo|spe|2
|-boost|p1b: Dondozo|def|2
|-boost|p1b: Dondozo|spd|2
|-terastallize|p2a: Ursaluna|Normal
|move|p1b: Dondozo|Earthquake|p2b: Archaludon|[spread] p2a,p2b
|-miss|p1b: Dondozo|p1a: Tatsugiri
|-supereffective|p2b: Archaludon
|-damage|p2a: Ursaluna|66/100
|-damage|p2b: Archaludon|0 fnt
|faint|p2b: Archaludon
|move|p2a: Ursaluna|Hyper Voice|p1b: Dondozo|[spread] p1b
|-miss|p2a: Ursaluna|p1a: Tatsugiri
|-damage|p1b: Dondozo|64/100
|-damage|p2a: Ursaluna|56/100|[from] item: Life Orb
|
|-sideend|p1: Lucario Palworld|move: Tailwind
|upkeep
|
|t:|1756123077
|switch|p2b: Garchomp|Garchomp, L50, F|100/100
|turn|5
|
|t:|1756123089
|move|p1b: Dondozo|Protect|p1b: Dondozo
|-singleturn|p1b: Dondozo|Protect
|move|p2b: Garchomp|Scale Shot|p1b: Dondozo
|-activate|p1b: Dondozo|move: Protect
|move|p2a: Ursaluna|Hyper Voice|p1b: Dondozo|[spread] 
|-miss|p2a: Ursaluna|p1a: Tatsugiri
|-activate|p1b: Dondozo|move: Protect
|
|upkeep
|turn|6
|inactive|Lucario Palworld has 30 seconds left.
|
|t:|1756123119
|move|p1b: Dondozo|Protect||[still]
|-fail|p1b: Dondozo
|move|p2b: Garchomp|Scale Shot|p1b: Dondozo|[miss]
|-miss|p2b: Garchomp|p1b: Dondozo
|move|p2a: Ursaluna|Blood Moon|p1b: Dondozo
|-damage|p1b: Dondozo|0 fnt
|faint|p1b: Dondozo
|-damage|p2a: Ursaluna|47/100|[from] item: Life Orb
|
|-sideend|p2: partigiano jonny|move: Tailwind
|upkeep
|
|t:|1756123121
|switch|p1b: Whimsicott|Whimsicott, L50, F|100/100
|turn|7
|
|t:|1756123144
|-terastallize|p1a: Tatsugiri|Steel
|move|p2a: Ursaluna|Protect|p2a: Ursaluna
|-singleturn|p2a: Ursaluna|Protect
|move|p1a: Tatsugiri|Muddy Water|p2a: Ursaluna|[spread] p2b
|-activate|p2a: Ursaluna|move: Protect
|-damage|p2b: Garchomp|59/100
|move|p1b: Whimsicott|Moonblast|p2b: Garchomp
|-supereffective|p2b: Garchomp
|-damage|p2b: Garchomp|0 fnt
|faint|p2b: Garchomp
|
|upkeep
|turn|8
|-message|partigiano jonny forfeited.
|
|win|Lucario Palworld
|raw|Lucario Palworld's rating: 1460 → 1481(+21 for winning)
|raw|partigiano jonny's rating: 1473 → 1452(-21 for losing)
