|j|☆alfomaster
|j|☆BloomingDino
|html|alfomasterBloomingDino    
|uhtml|bestof|Game 2 of a best-of-3
|t:|1784284254
|gametype|doubles
|player|p1|alfomaster|102|
|player|p2|BloomingDino|1|
|gen|9
|tier|[Gen 9 Champions] VGC 2026 Reg M-B (Bo3)
|rule|Species Clause: Limit one of each Pokémon
|rule|Item Clause: Limit 1 of each item
|clearpoke
|poke|p1|Blaziken, L50, M|
|poke|p1|Milotic, L50, F|
|poke|p1|Farigiraf, L50, M|
|poke|p1|Scizor, L50, F|
|poke|p1|Meowstic, L50, M|
|poke|p1|Rotom-Heat, L50|
|poke|p2|Floette-Eternal, L50, F|
|poke|p2|Sneasler, L50, F, shiny|
|poke|p2|Arcanine-Hisui, L50, F, shiny|
|poke|p2|Grimmsnarl, L50, M, shiny|
|poke|p2|Samurott-Hisui, L50, F, shiny|
|poke|p2|Emolga, L50, F, shiny|
|teampreview|4
|showteam|p1|Blaziken||Charcoal|SpeedBoost|Protect,FlareBlitz,CloseCombat,RockSlide|Adamant||M|||50|]Milotic||Leftovers|Competitive|Scald,IceBeam,Recover,Protect|Bold||F|||50|]Farigiraf||SitrusBerry|ArmorTail|PsychicNoise,HelpingHand,TrickRoom,Protect|Sassy||M|||50|]Scizor||LifeOrb|Technician|BulletPunch,Uturn,CloseCombat,Protect|Impish||F|||50|]Meowstic||FocusSash|Prankster|FakeOut,HelpingHand,ThunderWave,Psychic|Sassy||M|||50|]Rotom-Heat||ExpertBelt|Levitate|Overheat,Thunderbolt,WillOWisp,Protect|Calm|||||50|
|showteam|p2|Floette-Eternal||Floettite|FlowerVeil|LightofRuin,Protect,Moonblast,Wish|Timid||F|||50|]Sneasler||ChoiceScarf|Unburden|FakeOut,FirePunch,DireClaw,ThroatChop|Adamant||F|||50|]Arcanine-Hisui||BabiriBerry|RockHead|WildCharge,FlareBlitz,HeadSmash,HelpingHand|Jolly||F|||50|]Grimmsnarl||BrightPowder|Prankster|Reflect,LightScreen,StompingTantrum,SuckerPunch|Adamant||M|||50|]Samurott-Hisui||ExpertBelt|Sharpness|CeaselessEdge,HelpingHand,RazorShell,DrillRun|Jolly||F|||50|]Emolga||ChartiBerry|MotorDrive|VoltSwitch,Nuzzle,Electroweb,EnergyBall|Mild||F|||50|
|l|☆alfomaster
|player|p1|
|j|☆alfomaster
|player|p1|alfomaster|102|
|
|t:|1784284377
|teamsize|p1|4
|teamsize|p2|4
|start
|switch|p1a: Blaziken|Blaziken, L50, M|100/100
|switch|p1b: Milotic|Milotic, L50, F|100/100
|switch|p2a: Grimmsnarl|Grimmsnarl, L50, M, shiny|100/100
|switch|p2b: Samurott|Samurott-Hisui, L50, F, shiny|100/100
|turn|1
|inactive|Battle timer is ON: inactive players will automatically lose when time's up. (requested by alfomaster)
|inactive|BloomingDino has 60 seconds left.
|
|t:|1784284409
|move|p2a: Grimmsnarl|Reflect|p2a: Grimmsnarl
|-sidestart|p2: BloomingDino|Reflect
|move|p2b: Samurott|Razor Shell|p1a: Blaziken
|-supereffective|p1a: Blaziken|1
|-damage|p1a: Blaziken|0 fnt
|faint|p1a: Blaziken
|move|p1b: Milotic|Ice Beam|p2a: Grimmsnarl|[miss]
|-miss|p1b: Milotic|p2a: Grimmsnarl
|
|upkeep
|inactive|alfomaster has 30 seconds left.
|
|t:|1784284436
|switch|p1a: Rotom|Rotom-Heat, L50|100/100
|turn|2
|
|t:|1784284459
|move|p2a: Grimmsnarl|Light Screen|p2a: Grimmsnarl
|-sidestart|p2: BloomingDino|move: Light Screen
|move|p2b: Samurott|Razor Shell|p1a: Rotom
|-supereffective|p1a: Rotom|1
|-damage|p1a: Rotom|0 fnt
|faint|p1a: Rotom
|move|p1b: Milotic|Scald|p2a: Grimmsnarl
|-damage|p2a: Grimmsnarl|79/100
|-status|p2a: Grimmsnarl|brn
|
|-damage|p2a: Grimmsnarl|73/100 brn|[from] brn
|upkeep
|inactive|alfomaster has 30 seconds left.
|inactive|alfomaster has 20 seconds left.
|
|t:|1784284497
|switch|p1a: Farigiraf|Farigiraf, L50, M|100/100
|turn|3
|
|t:|1784284522
|move|p2a: Grimmsnarl|Sucker Punch||[still]
|cant|p1a: Farigiraf|ability: Armor Tail|Sucker Punch|[of] p2a: Grimmsnarl
|move|p2b: Samurott|Ceaseless Edge|p1b: Milotic
|-damage|p1b: Milotic|68/100
|-sidestart|p1: alfomaster|Spikes
|move|p1b: Milotic|Ice Beam|p2b: Samurott
|-resisted|p2b: Samurott|1
|-damage|p2b: Samurott|89/100
|-status|p2b: Samurott|frz
|move|p1a: Farigiraf|Trick Room|p1a: Farigiraf
|-fieldstart|move: Trick Room|[of] p1a: Farigiraf
|
|-heal|p1b: Milotic|74/100|[from] item: Leftovers
|-damage|p2a: Grimmsnarl|67/100 brn|[from] brn
|upkeep
|turn|4
|inactive|alfomaster has 30 seconds left.
|inactive|BloomingDino has 30 seconds left.
|inactive|BloomingDino has 20 seconds left.
|inactive|BloomingDino has 15 seconds left.
|
|t:|1784284562
|move|p2a: Grimmsnarl|Stomping Tantrum|p1b: Milotic
|-damage|p1b: Milotic|54/100
|move|p1b: Milotic|Scald|p2b: Samurott
|-resisted|p2b: Samurott|1
|-damage|p2b: Samurott|75/100 frz
|-curestatus|p2b: Samurott|frz|[msg]
|move|p2b: Samurott|Razor Shell|p1a: Farigiraf
|-damage|p1a: Farigiraf|48/100
|-enditem|p1a: Farigiraf|Sitrus Berry|[eat]
|-heal|p1a: Farigiraf|72/100|[from] item: Sitrus Berry
|move|p1a: Farigiraf|Trick Room|p1a: Farigiraf
|-fieldend|move: Trick Room
|
|-heal|p1b: Milotic|60/100|[from] item: Leftovers
|-damage|p2a: Grimmsnarl|61/100 brn|[from] brn
|upkeep
|turn|5
|inactive|alfomaster has 30 seconds left.
|inactive|BloomingDino has 30 seconds left.
|inactive|alfomaster has 20 seconds left.
|inactive|alfomaster has 15 seconds left.
|
|t:|1784284606
|move|p2b: Samurott|Ceaseless Edge|p1a: Farigiraf
|-supereffective|p1a: Farigiraf|1
|-damage|p1a: Farigiraf|0 fnt
|-sidestart|p1: alfomaster|Spikes
|faint|p1a: Farigiraf
|move|p1b: Milotic|Ice Beam|p2b: Samurott
|-resisted|p2b: Samurott|1
|-damage|p2b: Samurott|64/100
|move|p2a: Grimmsnarl|Stomping Tantrum|p1b: Milotic
|-crit|p1b: Milotic
|-damage|p1b: Milotic|47/100
|
|-heal|p1b: Milotic|52/100|[from] item: Leftovers
|-damage|p2a: Grimmsnarl|55/100 brn|[from] brn
|-sideend|p2: BloomingDino|Reflect
|upkeep
|turn|6
|inactive|alfomaster has 30 seconds left.
|inactive|alfomaster has 20 seconds left.
|
|t:|1784284641
|move|p2a: Grimmsnarl|Sucker Punch|p1b: Milotic
|-damage|p1b: Milotic|39/100
|move|p2b: Samurott|Ceaseless Edge|p1b: Milotic
|-damage|p1b: Milotic|3/100
|-sidestart|p1: alfomaster|Spikes
|move|p1b: Milotic|Ice Beam|p2b: Samurott
|-resisted|p2b: Samurott|1
|-damage|p2b: Samurott|54/100
|
|-heal|p1b: Milotic|9/100|[from] item: Leftovers
|-damage|p2a: Grimmsnarl|50/100y brn|[from] brn
|-sideend|p2: BloomingDino|move: Light Screen
|upkeep
|turn|7
|
|t:|1784284661
|move|p2b: Samurott|Helping Hand|p2a: Grimmsnarl
|-singleturn|p2a: Grimmsnarl|Helping Hand|[of] p2b: Samurott
|move|p2a: Grimmsnarl|Sucker Punch|p1b: Milotic
|-damage|p1b: Milotic|0 fnt
|faint|p1b: Milotic
|
|win|BloomingDino
||BloomingDino is ready for game 3.
|inactive|alfomaster has 30 seconds to confirm battle start!
