|j|☆flubberbut
|j|☆totsbite4
|html|flubberbuttotsbite4    
|uhtml|bestof|Game 1 of a best-of-3
|t:|1756687189
|gametype|doubles
|player|p1|flubberbut|benga|1307
|player|p2|totsbite4|jogger|1297
|gen|9
|tier|[Gen 9] VGC 2025 Reg H (Bo3)
|rated|
|rule|Species Clause: Limit one of each Pokémon
|rule|Item Clause: Limit 1 of each item
|clearpoke
|poke|p1|Gholdengo, L50|
|poke|p1|Dragonite, L50, F|
|poke|p1|Talonflame, L50, M|
|poke|p1|Ursaluna-Bloodmoon, L50, M|
|poke|p1|Dondozo, L50, M|
|poke|p1|Tatsugiri, L50, M|
|poke|p2|Kommo-o, L50, F|
|poke|p2|Electabuzz, L50, M|
|poke|p2|Primarina, L50, F|
|poke|p2|Incineroar, L50, M|
|poke|p2|Rillaboom, L50, M|
|poke|p2|Dragonite, L50, F|
|teampreview|4
|showteam|p1|Gholdengo||ChoiceSpecs|GoodasGold|MakeItRain,PowerGem,ShadowBall,Trick||||||50|,,,,,Steel]Dragonite||ChoiceBand|InnerFocus|ExtremeSpeed,Outrage,LowKick,Earthquake|||F|||50|,,,,,Normal]Talonflame||ClearAmulet|GaleWings|Tailwind,FlareBlitz,BraveBird,WillOWisp|||M|||50|,,,,,Ghost]Ursaluna-Bloodmoon||LifeOrb|MindsEye|HyperVoice,EarthPower,BloodMoon,Protect|||M|||50|,,,,,Normal]Dondozo||SafetyGoggles|Unaware|Protect,WaveCrash,OrderUp,Earthquake|||M|||50|,,,,,Ghost]Tatsugiri||FocusSash|Commander|DracoMeteor,MuddyWater,Protect,MirrorCoat|||M|||50|,,,,,Fairy
|showteam|p2|Kommo-o||ThroatSpray|Soundproof|ClangingScales,Flamethrower,ClangorousSoul,Protect|||F|||50|,,,,,Fire]Electabuzz||Eviolite|VitalSpirit|FollowMe,Electroweb,Taunt,Protect|||M|||50|,,,,,Ghost]Primarina||LifeOrb|LiquidVoice|HyperVoice,Moonblast,Haze,Protect|||F|||50|,,,,,Poison]Incineroar||SafetyGoggles|Intimidate|FakeOut,FlareBlitz,KnockOff,PartingShot|||M|||50|,,,,,Ghost]Rillaboom||AssaultVest|GrassySurge|GrassyGlide,WoodHammer,FakeOut,Uturn|||M|||50|,,,,,Fire]Dragonite||ChoiceBand|InnerFocus|ExtremeSpeed,AerialAce,StompingTantrum,Outrage|||F|||50|,,,,,Normal
|c|☆totsbite4|Dman it sean
|c|☆flubberbut|yooo
|c|☆flubberbut|I hate your team
|c|☆flubberbut|in a good way
|
|t:|1756687302
|teamsize|p1|4
|teamsize|p2|4
|start
|switch|p1a: Talonflame|Talonflame, L50, M|100/100
|switch|p1b: Gholdengo|Gholdengo, L50|100/100
|switch|p2a: Incineroar|Incineroar, L50, M|100/100
|switch|p2b: Electabuzz|Electabuzz, L50, M|100/100
|-ability|p2a: Incineroar|Intimidate|boost
|-fail|p1a: Talonflame|unboost|[from] item: Clear Amulet|[of] p1a: Talonflame
|-unboost|p1b: Gholdengo|atk|1
|turn|1
|c|☆totsbite4|Gl hf
|c|☆flubberbut|u too
|
|t:|1756687334
|move|p1a: Talonflame|Tailwind|p1a: Talonflame
|-sidestart|p1: flubberbut|move: Tailwind
|move|p1b: Gholdengo|Trick|p2b: Electabuzz
|-activate|p1b: Gholdengo|move: Trick|[of] p2b: Electabuzz
|-item|p2b: Electabuzz|Choice Specs|[from] move: Trick
|-item|p1b: Gholdengo|Eviolite|[from] move: Trick
|move|p2b: Electabuzz|Electroweb|p1b: Gholdengo|[spread] p1a,p1b
|-supereffective|p1a: Talonflame
|-damage|p1a: Talonflame|39/100
|-damage|p1b: Gholdengo|78/100
|-unboost|p1b: Gholdengo|spe|1
|move|p2a: Incineroar|Knock Off|p1a: Talonflame
|-damage|p1a: Talonflame|0 fnt
|-enditem|p1a: Talonflame|Clear Amulet|[from] move: Knock Off|[of] p2a: Incineroar
|faint|p1a: Talonflame
|
|upkeep
|
|t:|1756687348
|switch|p1a: Ursaluna|Ursaluna-Bloodmoon, L50, M|100/100
|turn|2
|
|t:|1756687367
|switch|p2a: Rillaboom|Rillaboom, L50, M|100/100
|-fieldstart|move: Grassy Terrain|[from] ability: Grassy Surge|[of] p2a: Rillaboom
|-terastallize|p1b: Gholdengo|Steel
|move|p1a: Ursaluna|Earth Power|p2a: Rillaboom
|-resisted|p2a: Rillaboom
|-damage|p2a: Rillaboom|78/100
|-damage|p1a: Ursaluna|91/100|[from] item: Life Orb
|move|p1b: Gholdengo|Make It Rain|p2a: Rillaboom|[spread] p2a,p2b
|-resisted|p2b: Electabuzz
|-damage|p2a: Rillaboom|34/100
|-damage|p2b: Electabuzz|60/100
|-unboost|p1b: Gholdengo|spa|1
|move|p2b: Electabuzz|Electroweb|p1a: Ursaluna|[spread] p1b
|-immune|p1a: Ursaluna
|-damage|p1b: Gholdengo|54/100
|-unboost|p1b: Gholdengo|spe|1
|
|-heal|p1a: Ursaluna|97/100|[from] Grassy Terrain
|-heal|p1b: Gholdengo|60/100|[from] Grassy Terrain
|-heal|p2b: Electabuzz|66/100|[from] Grassy Terrain
|-heal|p2a: Rillaboom|40/100|[from] Grassy Terrain
|upkeep
|turn|3
|
|t:|1756687414
|switch|p1a: Dragonite|Dragonite, L50, F|100/100
|switch|p2b: Incineroar|Incineroar, L50, M|100/100
|-ability|p2b: Incineroar|Intimidate|boost
|-fail|p1a: Dragonite|unboost|Attack|[from] ability: Inner Focus|[of] p1a: Dragonite
|-unboost|p1b: Gholdengo|atk|1
|move|p2a: Rillaboom|Fake Out|p1a: Dragonite
|-damage|p1a: Dragonite|86/100
|move|p1b: Gholdengo|Power Gem|p2a: Rillaboom
|-damage|p2a: Rillaboom|26/100
|
|-heal|p1b: Gholdengo|66/100|[from] Grassy Terrain
|-heal|p2a: Rillaboom|33/100|[from] Grassy Terrain
|upkeep
|turn|4
|
|t:|1756687467
|switch|p1b: Ursaluna|Ursaluna-Bloodmoon, L50, M|97/100
|move|p1a: Dragonite|Outrage|p2b: Incineroar
|-damage|p2b: Incineroar|0 fnt
|faint|p2b: Incineroar
|move|p2a: Rillaboom|U-turn|p1a: Dragonite
|-resisted|p1a: Dragonite
|-damage|p1a: Dragonite|72/100
|
|t:|1756687476
|switch|p2a: Primarina|Primarina, L50, F|100/100|[from] U-turn
|
|-heal|p1b: Ursaluna|100/100|[from] Grassy Terrain
|-sideend|p1: flubberbut|move: Tailwind
|upkeep
|
|t:|1756687484
|switch|p2b: Electabuzz|Electabuzz, L50, M|66/100
|turn|5
|
|t:|1756687495
|move|p1a: Dragonite|Outrage|p2b: Electabuzz|[from] lockedmove
|-damage|p2b: Electabuzz|0 fnt
|faint|p2b: Electabuzz
|move|p2a: Primarina|Hyper Voice|p1a: Dragonite|[spread] p1a,p1b
|-resisted|p1a: Dragonite
|-supereffective|p1b: Ursaluna
|-damage|p1a: Dragonite|49/100
|-damage|p1b: Ursaluna|0 fnt
|faint|p1b: Ursaluna
|-damage|p2a: Primarina|91/100|[from] item: Life Orb
|
|-heal|p2a: Primarina|97/100|[from] Grassy Terrain
|upkeep
|
|t:|1756687507
|switch|p2b: Rillaboom|Rillaboom, L50, M|33/100
|switch|p1b: Gholdengo|Gholdengo, L50, tera:Steel|66/100
|turn|6
|
|t:|1756687520
|move|p2b: Rillaboom|Fake Out|p1b: Gholdengo
|-resisted|p1b: Gholdengo
|-damage|p1b: Gholdengo|59/100
|cant|p1b: Gholdengo|flinch
|move|p1a: Dragonite|Outrage|p2a: Primarina|[from] lockedmove
|-immune|p2a: Primarina
|-start|p1a: Dragonite|confusion|[fatigue]
|move|p2a: Primarina|Hyper Voice|p1a: Dragonite|[spread] p1a,p1b
|-resisted|p1a: Dragonite
|-damage|p1a: Dragonite|26/100
|-damage|p1b: Gholdengo|1/100
|-damage|p2a: Primarina|87/100|[from] item: Life Orb
|
|-heal|p1b: Gholdengo|7/100|[from] Grassy Terrain
|-heal|p2b: Rillaboom|39/100|[from] Grassy Terrain
|-heal|p2a: Primarina|93/100|[from] Grassy Terrain
|-fieldend|move: Grassy Terrain
|upkeep
|turn|7
|c|☆totsbite4|Oh yeah
|
|t:|1756687541
|move|p1b: Gholdengo|Make It Rain|p2a: Primarina|[spread] p2a,p2b
|-damage|p2a: Primarina|37/100
|-damage|p2b: Rillaboom|0 fnt
|-unboost|p1b: Gholdengo|spa|1
|faint|p2b: Rillaboom
|-activate|p1a: Dragonite|confusion
|-damage|p1a: Dragonite|11/100|[from] confusion
|move|p2a: Primarina|Hyper Voice|p1a: Dragonite|[spread] p1a,p1b
|-resisted|p1a: Dragonite
|-damage|p1a: Dragonite|0 fnt
|-damage|p1b: Gholdengo|0 fnt
|faint|p1a: Dragonite
|faint|p1b: Gholdengo
|-damage|p2a: Primarina|27/100|[from] item: Life Orb
|
|win|totsbite4
|c|☆flubberbut|gg
|inactive|flubberbut has 30 seconds to confirm battle start!
|inactive|totsbite4 has 30 seconds to confirm battle start!
||flubberbut is ready for game 2.
|c|☆totsbite4|Gg
||totsbite4 is ready for game 2.
|uhtml|next|Next: Game 2 of 3
