|j|☆Zacharykeith
|j|☆Ruben1452
|html|ZacharykeithRuben1452    
|uhtml|bestof|Game 1 of a best-of-3
|t:|1756338062
|gametype|doubles
|player|p1|Zacharykeith|fisherman-gen4|1041
|player|p2|Ruben1452|hilbert-wonderlauncher|1096
|gen|9
|tier|[Gen 9] VGC 2025 Reg H (Bo3)
|rated|
|rule|Species Clause: Limit one of each Pokémon
|rule|Item Clause: Limit 1 of each item
|clearpoke
|poke|p1|Rillaboom, L50, F|
|poke|p1|Infernape, L50, M|
|poke|p1|Electabuzz, L50, M|
|poke|p1|Kingambit, L50, F|
|poke|p1|Primarina, L50, M|
|poke|p1|Dragapult, L50, F|
|poke|p2|Incineroar, L50, M|
|poke|p2|Basculegion, L50, M|
|poke|p2|Pelipper, L50, M|
|poke|p2|Amoonguss, L50, M|
|poke|p2|Archaludon, L50, M|
|poke|p2|Gholdengo, L50|
|teampreview|4
|showteam|p1|Rillaboom||AssaultVest|GrassySurge|FakeOut,GrassyGlide,WoodHammer,HighHorsepower|||F|||50|,,,,,Fire]Infernape||ClearAmulet|IronFist|FakeOut,FirePunch,CloseCombat,Protect|||M|||50|,,,,,Fire]Electabuzz||Eviolite|VitalSpirit|VoltSwitch,Electroweb,FollowMe,Taunt|||M|||50|,,,,,Ghost]Kingambit||BlackGlasses|Defiant|SuckerPunch,KowtowCleave,SwordsDance,Protect|||F|||50|,,,,,Dark]Primarina||ThroatSpray|LiquidVoice|HyperVoice,Moonblast,Haze,Protect|||M|||50|,,,,,Steel]Dragapult||ChoiceBand|ClearBody|DragonDarts,PhantomForce,Uturn,Outrage|||F|||50|,,,,,Dragon
|showteam|p2|Incineroar||SafetyGoggles|Intimidate|FakeOut,PartingShot,Taunt,KnockOff|||M|||50|,,,,,Ghost]Basculegion||ChoiceBand|SwiftSwim|WaveCrash,LastRespects,FlipTurn,AquaJet|||M|||50|,,,,,Grass]Pelipper||FocusSash|Drizzle|WeatherBall,Hurricane,Tailwind,Protect|||M|||50|,,,,,Ground]Amoonguss||SitrusBerry|Regenerator|Spore,RagePowder,PollenPuff,Protect|||M|||50|,,,,,Water]Archaludon||AssaultVest|Stamina|ElectroShot,DragonPulse,FlashCannon,BodyPress|||M|||50|,,,,,Bug]Gholdengo||LifeOrb|GoodasGold|MakeItRain,ShadowBall,NastyPlot,Protect||||||50|,,,,,Water
|inactive|Battle timer is ON: inactive players will automatically lose when time's up. (requested by Ruben1452)
|inactive|Zacharykeith has 60 seconds left.
|inactive|Ruben1452 has 60 seconds left.
|inactive|Ruben1452 has 30 seconds left.
|inactive|Ruben1452 has 20 seconds left.
|inactive|Ruben1452 has 15 seconds left.
|inactive|Ruben1452 has 10 seconds left.
|inactive|Ruben1452 has 5 seconds left.
|
|t:|1756338150
|teamsize|p1|4
|teamsize|p2|4
|start
|switch|p1a: Rillaboom|Rillaboom, L50, F|100/100
|switch|p1b: Primarina|Primarina, L50, M|100/100
|switch|p2a: Gholdengo|Gholdengo, L50|100/100
|switch|p2b: Amoonguss|Amoonguss, L50, M|100/100
|-fieldstart|move: Grassy Terrain|[from] ability: Grassy Surge|[of] p1a: Rillaboom
|turn|1
|inactive|Ruben1452 has 30 seconds left.
|
|t:|1756338180
|-terastallize|p1b: Primarina|Steel
|move|p2a: Gholdengo|Protect|p2a: Gholdengo
|-singleturn|p2a: Gholdengo|Protect
|move|p1a: Rillaboom|Fake Out|p2b: Amoonguss
|-damage|p2b: Amoonguss|90/100
|move|p1b: Primarina|Hyper Voice|p2b: Amoonguss|[spread] p2b
|-activate|p2a: Gholdengo|move: Protect
|-resisted|p2b: Amoonguss
|-damage|p2b: Amoonguss|76/100
|-enditem|p1b: Primarina|Throat Spray
|-boost|p1b: Primarina|spa|1|[from] item: Throat Spray
|cant|p2b: Amoonguss|flinch
|
|-heal|p2b: Amoonguss|82/100|[from] Grassy Terrain
|upkeep
|turn|2
|
|t:|1756338204
|switch|p2a: Pelipper|Pelipper, L50, M|100/100
|-weather|RainDance|[from] ability: Drizzle|[of] p2a: Pelipper
|move|p1a: Rillaboom|High Horsepower|p2a: Pelipper
|-immune|p2a: Pelipper
|move|p1b: Primarina|Hyper Voice|p2b: Amoonguss|[spread] p2a,p2b
|-resisted|p2a: Pelipper
|-resisted|p2b: Amoonguss
|-damage|p2a: Pelipper|37/100
|-damage|p2b: Amoonguss|51/100
|move|p2b: Amoonguss|Spore|p1b: Primarina
|-status|p1b: Primarina|slp|[from] move: Spore
|
|-weather|RainDance|[upkeep]
|-heal|p2b: Amoonguss|57/100|[from] Grassy Terrain
|upkeep
|turn|3
|inactive|Ruben1452 has 30 seconds left.
|
|t:|1756338230
|switch|p2a: Gholdengo|Gholdengo, L50|100/100
|switch|p2b: Incineroar|Incineroar, L50, M|100/100
|-ability|p2b: Incineroar|Intimidate|boost
|-unboost|p1a: Rillaboom|atk|1
|-unboost|p1b: Primarina|atk|1
|move|p1a: Rillaboom|Grassy Glide|p2a: Gholdengo
|-resisted|p2a: Gholdengo
|-damage|p2a: Gholdengo|88/100
|cant|p1b: Primarina|slp
|
|-weather|RainDance|[upkeep]
|-heal|p2a: Gholdengo|94/100|[from] Grassy Terrain
|upkeep
|turn|4
|
|t:|1756338250
|switch|p1a: Electabuzz|Electabuzz, L50, M|100/100
|move|p2b: Incineroar|Fake Out|p1a: Electabuzz
|-damage|p1a: Electabuzz|92/100
|move|p2a: Gholdengo|Nasty Plot|p2a: Gholdengo
|-boost|p2a: Gholdengo|spa|2
|-curestatus|p1b: Primarina|slp|[msg]
|move|p1b: Primarina|Hyper Voice|p2a: Gholdengo|[spread] p2a,p2b
|-supereffective|p2b: Incineroar
|-damage|p2a: Gholdengo|5/100
|-damage|p2b: Incineroar|0 fnt
|faint|p2b: Incineroar
|
|-weather|RainDance|[upkeep]
|-heal|p2a: Gholdengo|11/100|[from] Grassy Terrain
|-heal|p1a: Electabuzz|98/100|[from] Grassy Terrain
|upkeep
|
|t:|1756338266
|switch|p2b: Amoonguss|Amoonguss, L50, M|90/100
|turn|5
|
|t:|1756338279
|move|p1a: Electabuzz|Follow Me|p1a: Electabuzz
|-singleturn|p1a: Electabuzz|move: Follow Me
|move|p2b: Amoonguss|Rage Powder|p2b: Amoonguss
|-singleturn|p2b: Amoonguss|move: Rage Powder
|move|p2a: Gholdengo|Make It Rain|p1b: Primarina|[spread] p1a,p1b
|-resisted|p1a: Electabuzz
|-resisted|p1b: Primarina
|-damage|p1a: Electabuzz|53/100
|-damage|p1b: Primarina|47/100
|-unboost|p2a: Gholdengo|spa|1
|-damage|p2a: Gholdengo|2/100|[from] item: Life Orb
|move|p1b: Primarina|Hyper Voice|p2a: Gholdengo|[spread] p2a,p2b
|-resisted|p2b: Amoonguss
|-damage|p2a: Gholdengo|0 fnt
|-damage|p2b: Amoonguss|60/100
|faint|p2a: Gholdengo
|
|-weather|RainDance|[upkeep]
|-heal|p1a: Electabuzz|59/100|[from] Grassy Terrain
|-heal|p1b: Primarina|53/100|[from] Grassy Terrain
|-heal|p2b: Amoonguss|66/100|[from] Grassy Terrain
|-fieldend|move: Grassy Terrain
|upkeep
|
|t:|1756338281
|switch|p2a: Pelipper|Pelipper, L50, M|37/100
|turn|6
|inactive|Zacharykeith has 30 seconds left.
|inactive|Zacharykeith has 20 seconds left.
|
|t:|1756338319
|move|p1a: Electabuzz|Electroweb|p2a: Pelipper|[spread] p2a,p2b
|-supereffective|p2a: Pelipper
|-resisted|p2b: Amoonguss
|-damage|p2a: Pelipper|0 fnt
|-damage|p2b: Amoonguss|60/100
|-unboost|p2b: Amoonguss|spe|1
|faint|p2a: Pelipper
|move|p1b: Primarina|Hyper Voice|p2b: Amoonguss
|-resisted|p2b: Amoonguss
|-damage|p2b: Amoonguss|19/100
|-enditem|p2b: Amoonguss|Sitrus Berry|[eat]
|-heal|p2b: Amoonguss|43/100|[from] item: Sitrus Berry
|move|p2b: Amoonguss|Pollen Puff|p2: Pelipper|[notarget]
|-fail|p2b: Amoonguss
|
|-weather|none
|upkeep
|turn|7
|
|t:|1756338337
|move|p1a: Electabuzz|Volt Switch|p2b: Amoonguss
|-resisted|p2b: Amoonguss
|-damage|p2b: Amoonguss|34/100
|
|t:|1756338341
|switch|p1a: Infernape|Infernape, L50, M|100/100|[from] Volt Switch
|move|p1b: Primarina|Hyper Voice|p2b: Amoonguss
|-resisted|p2b: Amoonguss
|-damage|p2b: Amoonguss|6/100
|move|p2b: Amoonguss|Spore|p1b: Primarina
|-status|p1b: Primarina|slp|[from] move: Spore
|
|upkeep
|turn|8
|-message|Ruben1452 forfeited.
|
|win|Zacharykeith
