|j|☆huanyu0.0
|j|☆Hankk1995
|html|huanyu0.0Hankk1995    
|uhtml|bestof|Game 2 of a best-of-3
|t:|1786025143
|gametype|doubles
|player|p1|huanyu0.0|265|
|player|p2|Hankk1995|miriam|
|gen|9
|tier|[Gen 9 Champions] VGC 2026 Reg M-B (Bo3)
|rule|Species Clause: Limit one of each Pokémon
|rule|Item Clause: Limit 1 of each item
|clearpoke
|poke|p1|Gardevoir, L50, F|
|poke|p1|Maushold, L50|
|poke|p1|Talonflame, L50, F|
|poke|p1|Garchomp, L50, F|
|poke|p1|Kingambit, L50, M|
|poke|p1|Basculegion, L50, M|
|poke|p2|Raichu, L50, F|
|poke|p2|Staraptor, L50, F|
|poke|p2|Arcanine-Hisui, L50, M|
|poke|p2|Farigiraf, L50, M|
|poke|p2|Sylveon, L50, F|
|poke|p2|Kingambit, L50, M|
|teampreview|4
|showteam|p1|Gardevoir||Gardevoirite|Trace|HyperVoice,Psyshock,TrickRoom,Protect|Modest||F|||50|]Maushold||FocusSash|FriendGuard|SuperFang,Feint,FollowMe,Protect|Impish|||||50|]Talonflame||SharpBeak|GaleWings|FlareBlitz,DualWingbeat,Tailwind,QuickGuard|Jolly||F|||50|]Garchomp||SitrusBerry|RoughSkin|DragonClaw,StompingTantrum,RockTomb,Protect|Adamant||F|||50|]Kingambit||ChopleBerry|Defiant|KowtowCleave,SuckerPunch,IronHead,LowKick|Adamant||M|||50|]Basculegion||MysticWater|Adaptability|WaveCrash,LastRespects,AquaJet,Protect|Adamant||M|||50|
|showteam|p2|Raichu||RaichuniteY|LightningRod|ZapCannon,FocusBlast,FakeOut,Protect|Timid||F|||50|]Staraptor||Staraptite|Intimidate|CloseCombat,DualWingbeat,Tailwind,Protect|Jolly||F|||50|]Arcanine-Hisui||FocusSash|RockHead|FlareBlitz,HeadSmash,ExtremeSpeed,Protect|Jolly||M|||50|]Farigiraf||SitrusBerry|ArmorTail|Psychic,HelpingHand,TrickRoom,Protect|Calm||M|||50|]Sylveon||FairyFeather|Pixilate|HyperVoice,QuickAttack,HyperBeam,Detect|Modest||F|||50|]Kingambit||LifeOrb|Defiant|KowtowCleave,SuckerPunch,SwordsDance,Protect|Adamant||M|||50|
|j| Wow_Yang
|inactive|Battle timer is ON: inactive players will automatically lose when time's up. (requested by huanyu0.0)
|j| qaz8787
|j| Jason0103
|j| ttsui234
|j| fakejuniper
|l| fakejuniper
|inactive|Hankk1995 has 60 seconds left.
|j| fakejuniper
|inactive|Hankk1995 has 30 seconds left.
|
|t:|1786025208
|teamsize|p1|4
|teamsize|p2|4
|start
|switch|p1a: Gardevoir|Gardevoir, L50, F|100/100
|switch|p1b: Maushold|Maushold, L50|100/100
|switch|p2a: Raichu|Raichu, L50, F|100/100
|switch|p2b: Kingambit|Kingambit, L50, M|100/100
|-ability|p1a: Gardevoir|Lightning Rod|Trace|[from] ability: Trace|[of] p2a: Raichu
|turn|1
|j| Qaisnoteasy
|inactive|Hankk1995 has 30 seconds left.
|
|t:|1786025243
|detailschange|p2a: Raichu|Raichu-Mega-Y, L50, F
|-mega|p2a: Raichu|Raichu|Raichunite Y
|detailschange|p1a: Gardevoir|Gardevoir-Mega, L50, F
|-mega|p1a: Gardevoir|Gardevoir|Gardevoirite
|move|p1b: Maushold|Protect|p1b: Maushold
|-singleturn|p1b: Maushold|Protect
|move|p2a: Raichu|Zap Cannon|p1a: Gardevoir
|-damage|p1a: Gardevoir|55/100
|-status|p1a: Gardevoir|par
|move|p2b: Kingambit|Kowtow Cleave|p1a: Gardevoir
|-damage|p1a: Gardevoir|0 fnt
|faint|p1a: Gardevoir
|-damage|p2b: Kingambit|90/100|[from] item: Life Orb
|
|upkeep
|
|t:|1786025254
|switch|p1a: Garchomp|Garchomp, L50, F|100/100
|turn|2
|inactive|huanyu0.0 has 30 seconds left.
|inactive|Hankk1995 has 30 seconds left.
|inactive|huanyu0.0 has 20 seconds left.
|inactive|Hankk1995 has 20 seconds left.
|inactive|Hankk1995 has 15 seconds left.
|
|t:|1786025299
|switch|p2b: Farigiraf|Farigiraf, L50, M|100/100
|move|p1b: Maushold|Feint||[still]
|cant|p2b: Farigiraf|ability: Armor Tail|Feint|[of] p1b: Maushold
|move|p2a: Raichu|Focus Blast|p1b: Maushold
|-supereffective|p1b: Maushold|1
|-damage|p1b: Maushold|4/100
|move|p1a: Garchomp|Stomping Tantrum|p2a: Raichu
|-supereffective|p2a: Raichu|1
|-damage|p2a: Raichu|0 fnt
|faint|p2a: Raichu
|
|upkeep
|
|t:|1786025309
|switch|p2a: Sylveon|Sylveon, L50, F|100/100
|turn|3
|j| Yei_Lai
|
|t:|1786025334
|move|p2b: Farigiraf|Helping Hand|p2a: Sylveon
|-singleturn|p2a: Sylveon|Helping Hand|[of] p2b: Farigiraf
|move|p1b: Maushold|Feint||[still]
|cant|p2b: Farigiraf|ability: Armor Tail|Feint|[of] p1b: Maushold
|move|p1a: Garchomp|Stomping Tantrum|p2a: Sylveon
|-damage|p2a: Sylveon|60/100
|move|p2a: Sylveon|Hyper Voice|p1a: Garchomp|[spread] p1a,p1b
|-supereffective|p1a: Garchomp|1
|-damage|p1a: Garchomp|4/100
|-damage|p1b: Maushold|0 fnt
|-enditem|p1a: Garchomp|Sitrus Berry|[eat]
|-heal|p1a: Garchomp|29/100|[from] item: Sitrus Berry
|faint|p1b: Maushold
|
|upkeep
|
|t:|1786025336
|switch|p1b: Kingambit|Kingambit, L50, M|100/100
|turn|4
|j| Kotestplayer
|inactive|Hankk1995 has 30 seconds left.
|inactive|Hankk1995 has 20 seconds left.
|inactive|Hankk1995 has 15 seconds left.
|
|t:|1786025379
|move|p1a: Garchomp|Rock Tomb|p2a: Sylveon
|-damage|p2a: Sylveon|36/100
|-unboost|p2a: Sylveon|spe|1
|move|p2b: Farigiraf|Psychic|p1a: Garchomp
|-damage|p1a: Garchomp|0 fnt
|faint|p1a: Garchomp
|move|p1b: Kingambit|Iron Head|p2a: Sylveon
|-supereffective|p2a: Sylveon|1
|-damage|p2a: Sylveon|0 fnt
|faint|p2a: Sylveon
|
|upkeep
|
|t:|1786025388
|switch|p2a: Kingambit|Kingambit, L50, M|90/100
|turn|5
|l| Wow_Yang
|
|t:|1786025411
|move|p2a: Kingambit|Protect|p2a: Kingambit
|-singleturn|p2a: Kingambit|Protect
|move|p1b: Kingambit|Low Kick|p2a: Kingambit
|-activate|p2a: Kingambit|move: Protect
|move|p2b: Farigiraf|Trick Room|p2b: Farigiraf
|-fieldstart|move: Trick Room|[of] p2b: Farigiraf
|
|upkeep
|turn|6
|
|t:|1786025423
|move|p2b: Farigiraf|Helping Hand|p2a: Kingambit
|-singleturn|p2a: Kingambit|Helping Hand|[of] p2b: Farigiraf
|move|p2a: Kingambit|Kowtow Cleave|p1b: Kingambit
|-resisted|p1b: Kingambit|1
|-damage|p1b: Kingambit|63/100
|-damage|p2a: Kingambit|80/100|[from] item: Life Orb
|move|p1b: Kingambit|Low Kick|p2a: Kingambit
|-supereffective|p2a: Kingambit|2
|-damage|p2a: Kingambit|0 fnt
|faint|p2a: Kingambit
|
|upkeep
|turn|7
|-message|Hankk1995 forfeited.
|
|win|huanyu0.0
|c|☆huanyu0.0|GG
|c|☆Hankk1995|謝謝指教
|l| ttsui234
|l| fakejuniper
|c|☆huanyu0.0|謝謝指教
|l| Qaisnoteasy
|l| Kotestplayer
|l| Jason0103
|l| qaz8787
