|j|☆ZoryaPet
|j|☆om3gacatches
|html|ZoryaPetom3gacatches    
|uhtml|bestof|Game 3 of a best-of-3
|t:|1785463778
|gametype|doubles
|player|p1|ZoryaPet|102|
|player|p2|om3gacatches|lance|
|gen|9
|tier|[Gen 9 Champions] VGC 2026 Reg M-B (Bo3)
|rule|Species Clause: Limit one of each Pokémon
|rule|Item Clause: Limit 1 of each item
|clearpoke
|poke|p1|Froslass, L50, F|
|poke|p1|Scovillain, L50, M|
|poke|p1|Lycanroc-Dusk, L50, F, shiny|
|poke|p1|Kingambit, L50, F|
|poke|p1|Sneasler, L50, M|
|poke|p1|Basculegion, L50, M|
|poke|p2|Staraptor, L50, M, shiny|
|poke|p2|Garchomp, L50, M, shiny|
|poke|p2|Whimsicott, L50, M, shiny|
|poke|p2|Delphox, L50, M, shiny|
|poke|p2|Glimmora, L50, M, shiny|
|poke|p2|Kingambit, L50, M, shiny|
|teampreview|4
|showteam|p1|Froslass||Froslassite|CursedBody|Blizzard,ShadowBall,AuroraVeil,Protect|Modest||F|||50|]Scovillain||Scovillainite|Moody|Overheat,GigaDrain,RagePowder,Protect|Bold||M|||50|]Lycanroc-Dusk||FocusSash|ToughClaws|RockSlide,CloseCombat,Accelerock,Protect|Adamant||F|||50|]Kingambit||BlackGlasses|Defiant|KowtowCleave,SuckerPunch,SwordsDance,Protect|Adamant||F|||50|]Sneasler||WhiteHerb|Unburden|FakeOut,CloseCombat,GunkShot,Protect|Adamant||M|||50|]Basculegion||SitrusBerry|Adaptability|WaveCrash,LastRespects,AquaJet,Protect|Adamant||M|||50|
|showteam|p2|Staraptor||Staraptite|Intimidate|Protect,Roost,CloseCombat,BraveBird|Jolly||M|||50|]Garchomp||LifeOrb|RoughSkin|Protect,RockSlide,Earthquake,DragonClaw|Jolly||M|||50|]Whimsicott||OccaBerry|Prankster|Moonblast,Tailwind,Charm,LightScreen|Timid||M|||50|]Delphox||Delphoxite|Magician|Protect,Psychic,HeatWave,Substitute|Timid||M|||50|]Glimmora||FocusSash|ToxicDebris|SpikyShield,SludgeBomb,EarthPower,PowerGem|Timid||M|||50|]Kingambit||ChopleBerry|Defiant|SuckerPunch,LowKick,IronHead,KowtowCleave|Adamant||M|||50|
|inactive|Battle timer is ON: inactive players will automatically lose when time's up. (requested by ZoryaPet)
|j| retking
|j| TalonMasterJ
|j| tedidn
|j| FireTornado2023
|j| lewlewvgc
|j| jakkudiamond
|l| jakkudiamond
|j| AquamarineVGC
|inactive|ZoryaPet has 60 seconds left.
|inactive|om3gacatches has 60 seconds left.
|j|+Aldrich
|
|t:|1785463837
|teamsize|p1|4
|teamsize|p2|4
|start
|switch|p1a: Ông Già|Kingambit, L50, F|100/100
|switch|p1b: Móng Dài|Sneasler, L50, M|100/100
|switch|p2a: Whimsicott|Whimsicott, L50, M, shiny|100/100
|switch|p2b: Garchomp|Garchomp, L50, M, shiny|100/100
|turn|1
|
|t:|1785463842
|move|p1b: Móng Dài|Fake Out|p2b: Garchomp
|-damage|p2b: Garchomp|86/100
|-damage|p1b: Móng Dài|87/100|[from] ability: Rough Skin|[of] p2b: Garchomp
|move|p2a: Whimsicott|Tailwind|p2a: Whimsicott
|-sidestart|p2: om3gacatches|move: Tailwind
|cant|p2b: Garchomp|flinch
|move|p1a: Ông Già|Swords Dance|p1a: Ông Già
|-boost|p1a: Ông Già|atk|2
|
|upkeep
|turn|2
|
|t:|1785463862
|move|p1a: Ông Già|Sucker Punch|p2b: Garchomp
|-damage|p2b: Garchomp|0 fnt
|-damage|p1a: Ông Già|87/100|[from] ability: Rough Skin|[of] p2b: Garchomp
|faint|p2b: Garchomp
|move|p2a: Whimsicott|Moonblast|p1b: Móng Dài
|-damage|p1b: Móng Dài|49/100
|move|p1b: Móng Dài|Gunk Shot|p2a: Whimsicott
|-supereffective|p2a: Whimsicott|2
|-damage|p2a: Whimsicott|0 fnt
|faint|p2a: Whimsicott
|
|upkeep
|
|t:|1785463866
|switch|p2a: Delphox|Delphox, L50, M, shiny|100/100
|switch|p2b: Kingambit|Kingambit, L50, M, shiny|100/100
|turn|3
|inactive|ZoryaPet has 30 seconds left.
|inactive|ZoryaPet has 20 seconds left.
|inactive|ZoryaPet has 15 seconds left.
|
|t:|1785463909
|detailschange|p2a: Delphox|Delphox-Mega, L50, M, shiny
|-mega|p2a: Delphox|Delphox|Delphoxite
|move|p1a: Ông Già|Protect|p1a: Ông Già
|-singleturn|p1a: Ông Già|Protect
|move|p2a: Delphox|Substitute|p2a: Delphox
|-start|p2a: Delphox|Substitute
|-damage|p2a: Delphox|75/100
|move|p1b: Móng Dài|Close Combat|p2b: Kingambit
|-supereffective|p2b: Kingambit|2
|-enditem|p2b: Kingambit|Chople Berry|[eat]
|-enditem|p2b: Kingambit|Chople Berry|[weaken]
|-damage|p2b: Kingambit|3/100
|-unboost|p1b: Móng Dài|def|1
|-unboost|p1b: Móng Dài|spd|1
|-enditem|p1b: Móng Dài|White Herb
|-clearnegativeboost|p1b: Móng Dài|[silent]
|move|p2b: Kingambit|Low Kick|p1a: Ông Già
|-activate|p1a: Ông Già|move: Protect
|
|upkeep
|turn|4
|
|t:|1785463926
|move|p1a: Ông Già|Sucker Punch|p2a: Delphox
|-supereffective|p2a: Delphox|1
|-end|p2a: Delphox|Substitute
|move|p2a: Delphox|Heat Wave|p1a: Ông Già|[spread] p1a,p1b
|-supereffective|p1a: Ông Già|1
|-damage|p1a: Ông Già|1/100
|-damage|p1b: Móng Dài|2/100
|-status|p1b: Móng Dài|brn
|move|p1b: Móng Dài|Close Combat|p2b: Kingambit
|-supereffective|p2b: Kingambit|2
|-damage|p2b: Kingambit|0 fnt
|-unboost|p1b: Móng Dài|def|1
|-unboost|p1b: Móng Dài|spd|1
|faint|p2b: Kingambit
|
|-damage|p1b: Móng Dài|0 fnt|[from] brn
|faint|p1b: Móng Dài
|-sideend|p2: om3gacatches|move: Tailwind
|upkeep
|
|t:|1785463930
|switch|p1b: Con Cá|Basculegion, L50, M|100/100
|turn|5
|inactive|om3gacatches has 30 seconds left.
|
|t:|1785463961
|move|p2a: Delphox|Protect|p2a: Delphox
|-singleturn|p2a: Delphox|Protect
|move|p1a: Ông Già|Sucker Punch||[still]
|-fail|p1a: Ông Già
|move|p1b: Con Cá|Last Respects|p2a: Delphox
|-activate|p2a: Delphox|move: Protect
|
|upkeep
|turn|6
|
|t:|1785463966
|move|p1a: Ông Già|Sucker Punch||[still]
|-fail|p1a: Ông Già
|move|p2a: Delphox|Substitute|p2a: Delphox
|-start|p2a: Delphox|Substitute
|-damage|p2a: Delphox|50/100g
|move|p1b: Con Cá|Last Respects|p2a: Delphox
|-supereffective|p2a: Delphox|1
|-end|p2a: Delphox|Substitute
|
|upkeep
|turn|7
|
|t:|1785463973
|move|p2a: Delphox|Protect|p2a: Delphox
|-singleturn|p2a: Delphox|Protect
|move|p1b: Con Cá|Aqua Jet|p2a: Delphox
|-activate|p2a: Delphox|move: Protect
|move|p1a: Ông Già|Sucker Punch||[still]
|-fail|p1a: Ông Già
|
|upkeep
|turn|8
|l| TalonMasterJ
|
|t:|1785463982
|move|p1b: Con Cá|Aqua Jet|p2a: Delphox
|-supereffective|p2a: Delphox|1
|-damage|p2a: Delphox|0 fnt
|faint|p2a: Delphox
|
|win|ZoryaPet
|c|☆ZoryaPet|ggs wp
|c|☆om3gacatches|ggwp the rolls
|l| AquamarineVGC
|l| tedidn
|l|☆om3gacatches
|player|p2|
|l| FireTornado2023
|l| lewlewvgc
|l|+Aldrich
|j| AquamarineVGC
|l| AquamarineVGC
|l| retking
|j|+Aldrich
|j|☆om3gacatches
|player|p2|om3gacatches|lance|
