|j|â˜†Scobie
|j|â˜†KingNoahC17
|html|ScobieKingNoahC17    
|uhtml|bestof|Game 3 of a best-of-3
|t:|1756591784
|gametype|doubles
|player|p1|Scobie|veteran-gen4|1074
|player|p2|KingNoahC17|alec-anime|1090
|gen|9
|tier|[Gen 9] VGC 2025 Reg H (Bo3)
|rated|
|rule|Species Clause: Limit one of each PokÃ©mon
|rule|Item Clause: Limit 1 of each item
|clearpoke
|poke|p1|Incineroar, L50, M|
|poke|p1|Sneasler, L50, M|
|poke|p1|Rillaboom, L50, M|
|poke|p1|Ursaluna-Bloodmoon, L50, M|
|poke|p1|Murkrow, L50, M|
|poke|p1|Gholdengo, L50|
|poke|p2|Hydreigon, L50, F|
|poke|p2|Amoonguss, L50, F|
|poke|p2|Incineroar, L50, F|
|poke|p2|Porygon2, L50|
|poke|p2|Ursaluna, L50, F|
|poke|p2|Gholdengo, L50|
|teampreview|4
|showteam|p1|Incineroar||SafetyGoggles|Intimidate|FakeOut,KnockOff,FlareBlitz,PartingShot|||M|||50|,,,,,Ghost]Sneasler||WhiteHerb|Unburden|DireClaw,CloseCombat,FakeOut,Protect|||M|||50|,,,,,Stellar]Rillaboom||MiracleSeed|GrassySurge|WoodHammer,GrassyGlide,FakeOut,Protect|||M|||50|,,,,,Grass]Ursaluna-Bloodmoon||LifeOrb|MindsEye|BloodMoon,HyperVoice,EarthPower,Protect|||M|||50|,,,,,Normal]Murkrow||CovertCloak|Prankster|Tailwind,RainDance,Haze,FoulPlay|||M|||50|,,,,,Dark]Gholdengo||Leftovers|GoodasGold|Protect,NastyPlot,MakeItRain,ShadowBall||||||50|,,,,,Normal
|showteam|p2|Hydreigon||CovertCloak|Levitate|DracoMeteor,Snarl,Protect,Tailwind|||F|||50|,,,,,Poison]Amoonguss||SitrusBerry|Regenerator|Spore,RagePowder,Protect,PollenPuff|||F|||50|,,,,,Water]Incineroar||SafetyGoggles|Intimidate|FakeOut,KnockOff,FlareBlitz,PartingShot|||F|||50|,,,,,Ghost]Porygon2||Eviolite|Download|TrickRoom,IceBeam,Recover,TeraBlast||||||50|,,,,,Fighting]Ursaluna||FlameOrb|Guts|HeadlongRush,Facade,Protect,Earthquake|||F|||50|,,,,,Ghost]Gholdengo||LifeOrb|GoodasGold|MakeItRain,ShadowBall,Protect,NastyPlot||||||50|,,,,,Water
|inactive|Battle timer is ON: inactive players will automatically lose when time's up. (requested by KingNoahC17)
|
|t:|1756591814
|teamsize|p1|4
|teamsize|p2|4
|start
|switch|p1a: Murkrow|Murkrow, L50, M|100/100
|switch|p1b: Sneasler|Sneasler, L50, M|100/100
|switch|p2a: Hydreigon|Hydreigon, L50, F|100/100
|switch|p2b: Ursaluna|Ursaluna, L50, F|100/100
|turn|1
|inactive|Scobie has 30 seconds left.
|inactive|KingNoahC17 has 30 seconds left.
|
|t:|1756591844
|-terastallize|p2b: Ursaluna|Ghost
|move|p1b: Sneasler|Fake Out|p2a: Hydreigon
|-damage|p2a: Hydreigon|86/100
|move|p1a: Murkrow|Tailwind|p1a: Murkrow
|-sidestart|p1: Scobie|move: Tailwind
|move|p2a: Hydreigon|Tailwind|p2a: Hydreigon
|-sidestart|p2: KingNoahC17|move: Tailwind
|move|p2b: Ursaluna|Headlong Rush|p1b: Sneasler
|-supereffective|p1b: Sneasler
|-damage|p1b: Sneasler|0 fnt
|-unboost|p2b: Ursaluna|def|1
|-unboost|p2b: Ursaluna|spd|1
|faint|p1b: Sneasler
|
|-status|p2b: Ursaluna|brn|[from] item: Flame Orb
|upkeep
|c|â˜†KingNoahC17|?
|c|â˜†Scobie|I misread the team sheet
|c|â˜†KingNoahC17|covert cloak ignores the flinch
|inactive|Scobie has 30 seconds left.
|
|t:|1756591870
|switch|p1b: Rillaboom|Rillaboom, L50, M|100/100
|-fieldstart|move: Grassy Terrain|[from] ability: Grassy Surge|[of] p1b: Rillaboom
|turn|2
|c|â˜†KingNoahC17|oh
|c|â˜†KingNoahC17|thats gotta suck
|inactive|KingNoahC17 has 30 seconds left.
|inactive|KingNoahC17 has 20 seconds left.
|inactive|KingNoahC17 has 15 seconds left.
|
|t:|1756591913
|-terastallize|p1b: Rillaboom|Grass
|move|p2a: Hydreigon|Draco Meteor|p1b: Rillaboom
|-damage|p1b: Rillaboom|28/100
|-unboost|p2a: Hydreigon|spa|2
|move|p1a: Murkrow|Foul Play|p2b: Ursaluna
|-supereffective|p2b: Ursaluna
|-damage|p2b: Ursaluna|0 fnt
|faint|p2b: Ursaluna
|move|p1b: Rillaboom|Wood Hammer|p2a: Hydreigon
|-resisted|p2a: Hydreigon
|-damage|p2a: Hydreigon|12/100
|-damage|p1b: Rillaboom|7/100|[from] Recoil
|
|-heal|p1b: Rillaboom|13/100|[from] Grassy Terrain
|upkeep
|
|t:|1756591919
|switch|p2b: Gholdengo|Gholdengo, L50|100/100
|turn|3
|
|t:|1756591932
|switch|p2a: Incineroar|Incineroar, L50, F|100/100
|-ability|p2a: Incineroar|Intimidate|boost
|-unboost|p1a: Murkrow|atk|1
|-unboost|p1b: Rillaboom|atk|1
|move|p1b: Rillaboom|Grassy Glide|p2a: Incineroar
|-resisted|p2a: Incineroar
|-damage|p2a: Incineroar|79/100
|move|p2b: Gholdengo|Nasty Plot|p2b: Gholdengo
|-boost|p2b: Gholdengo|spa|2
|move|p1a: Murkrow|Foul Play|p2b: Gholdengo
|-supereffective|p2b: Gholdengo
|-damage|p2b: Gholdengo|54/100
|
|-heal|p2b: Gholdengo|60/100|[from] Grassy Terrain
|-heal|p2a: Incineroar|85/100|[from] Grassy Terrain
|-heal|p1b: Rillaboom|19/100|[from] Grassy Terrain
|upkeep
|turn|4
|
|t:|1756591957
|move|p1b: Rillaboom|Protect|p1b: Rillaboom
|-singleturn|p1b: Rillaboom|Protect
|move|p2a: Incineroar|Fake Out|p1b: Rillaboom
|-activate|p1b: Rillaboom|move: Protect
|move|p1a: Murkrow|Haze|p1a: Murkrow
|-clearallboost
|move|p2b: Gholdengo|Make It Rain|p1a: Murkrow|[spread] p1a
|-activate|p1b: Rillaboom|move: Protect
|-damage|p1a: Murkrow|14/100
|-unboost|p2b: Gholdengo|spa|1
|-damage|p2b: Gholdengo|51/100|[from] item: Life Orb
|
|-heal|p2b: Gholdengo|57/100|[from] Grassy Terrain
|-heal|p2a: Incineroar|91/100|[from] Grassy Terrain
|-heal|p1b: Rillaboom|25/100|[from] Grassy Terrain
|-sideend|p2: KingNoahC17|move: Tailwind
|-sideend|p1: Scobie|move: Tailwind
|upkeep
|turn|5
|inactive|Scobie has 30 seconds left.
|inactive|KingNoahC17 has 30 seconds left.
|inactive|KingNoahC17 has 20 seconds left.
|
|t:|1756592008
|move|p1a: Murkrow|Tailwind|p1a: Murkrow
|-sidestart|p1: Scobie|move: Tailwind
|move|p1b: Rillaboom|Wood Hammer|p2b: Gholdengo
|-resisted|p2b: Gholdengo
|-damage|p2b: Gholdengo|0 fnt
|faint|p2b: Gholdengo
|-damage|p1b: Rillaboom|10/100|[from] Recoil
|move|p2a: Incineroar|Flare Blitz|p1b: Rillaboom
|-supereffective|p1b: Rillaboom
|-damage|p1b: Rillaboom|0 fnt
|faint|p1b: Rillaboom
|-damage|p2a: Incineroar|88/100|[from] Recoil
|
|-heal|p2a: Incineroar|94/100|[from] Grassy Terrain
|upkeep
|
|t:|1756592020
|switch|p2b: Hydreigon|Hydreigon, L50, F|12/100
|switch|p1b: Incineroar|Incineroar, L50, M|100/100
|-ability|p1b: Incineroar|Intimidate|boost
|-unboost|p2a: Incineroar|atk|1
|-unboost|p2b: Hydreigon|atk|1
|turn|6
|
|t:|1756592039
|move|p2b: Hydreigon|Protect|p2b: Hydreigon
|-singleturn|p2b: Hydreigon|Protect
|move|p1b: Incineroar|Fake Out|p2a: Incineroar
|-damage|p2a: Incineroar|84/100
|move|p1a: Murkrow|Foul Play|p2b: Hydreigon
|-activate|p2b: Hydreigon|move: Protect
|cant|p2a: Incineroar|flinch
|
|-heal|p2a: Incineroar|90/100|[from] Grassy Terrain
|-fieldend|move: Grassy Terrain
|upkeep
|turn|7
|
|t:|1756592052
|move|p1a: Murkrow|Foul Play|p2b: Hydreigon
|-resisted|p2b: Hydreigon
|-damage|p2b: Hydreigon|2/100
|move|p1b: Incineroar|Knock Off|p2a: Incineroar
|-resisted|p2a: Incineroar
|-damage|p2a: Incineroar|72/100
|-enditem|p2a: Incineroar|Safety Goggles|[from] move: Knock Off|[of] p1b: Incineroar
|move|p2b: Hydreigon|Draco Meteor|p1b: Incineroar
|-damage|p1b: Incineroar|49/100
|-unboost|p2b: Hydreigon|spa|2
|move|p2a: Incineroar|Flare Blitz|p1a: Murkrow
|-damage|p1a: Murkrow|0 fnt
|faint|p1a: Murkrow
|-damage|p2a: Incineroar|68/100|[from] Recoil
|
|upkeep
|turn|8
|c|â˜†Scobie|gg
|c|â˜†KingNoahC17|gg
|
|t:|1756592071
|move|p2b: Hydreigon|Protect|p2b: Hydreigon
|-singleturn|p2b: Hydreigon|Protect
|move|p1b: Incineroar|Knock Off|p2b: Hydreigon
|-activate|p2b: Hydreigon|move: Protect
|move|p2a: Incineroar|Knock Off|p1b: Incineroar
|-resisted|p1b: Incineroar
|-damage|p1b: Incineroar|35/100
|-enditem|p1b: Incineroar|Safety Goggles|[from] move: Knock Off|[of] p2a: Incineroar
|
|-sideend|p1: Scobie|move: Tailwind
|upkeep
|turn|9
|
|t:|1756592079
|move|p2b: Hydreigon|Draco Meteor|p1b: Incineroar
|-damage|p1b: Incineroar|7/100
|-unboost|p2b: Hydreigon|spa|2
|move|p2a: Incineroar|Flare Blitz|p1b: Incineroar
|-resisted|p1b: Incineroar
|-damage|p1b: Incineroar|0 fnt
|faint|p1b: Incineroar
|-damage|p2a: Incineroar|66/100|[from] Recoil
|
|win|KingNoahC17
|raw|Scobie's rating: 1074 → 1054(-20 for losing)
|raw|KingNoahC17's rating: 1090 → 1115(+25 for winning)
