|j|☆wait for swarley
|j|☆icemonggs
|html|wait for swarleyicemonggs    
|uhtml|bestof|Game 2 of a best-of-3
|t:|1785010949
|gametype|doubles
|player|p1|wait for swarley|volo|1191
|player|p2|icemonggs|cilan|1345
|gen|9
|tier|[Gen 9 Champions] VGC 2026 Reg M-B (Bo3)
|rated|
|rule|Species Clause: Limit one of each Pokémon
|rule|Item Clause: Limit 1 of each item
|clearpoke
|poke|p1|Grimmsnarl, L50, M|
|poke|p1|Incineroar, L50, M|
|poke|p1|Maushold-Four, L50|
|poke|p1|Annihilape, L50, F|
|poke|p1|Floette-Eternal, L50, F|
|poke|p1|Raichu, L50, M|
|poke|p2|Dragonite, L50, M, shiny|
|poke|p2|Toxapex, L50, M, shiny|
|poke|p2|Sneasler, L50, F|
|poke|p2|Kingambit, L50, F, shiny|
|poke|p2|Charizard, L50, M, shiny|
|poke|p2|Froslass, L50, F, shiny|
|teampreview|4
|showteam|p1|Grimmsnarl||LightClay|Prankster|SpiritBreak,Reflect,LightScreen,PartingShot|Careful||M|||50|]Incineroar||SitrusBerry|Intimidate|FakeOut,FlareBlitz,ThroatChop,PartingShot|Careful||M|||50|]Maushold-Four||FocusSash|FriendGuard|FollowMe,SuperFang,Encore,Protect|Timid|||||50|]Annihilape||Leftovers|Defiant|RageFist,DrainPunch,BulkUp,Protect|Adamant||F|||50|]Floette-Eternal||Floettite|FlowerVeil|Moonblast,DrainingKiss,CalmMind,Protect|Modest||F|||50|]Raichu||RaichuniteY|LightningRod|ZapCannon,GrassKnot,FakeOut,Protect|Modest||M|||50|
|showteam|p2|Dragonite||LifeOrb|InnerFocus|DragonClaw,ExtremeSpeed,LowKick,Protect|Adamant||M|||50|]Toxapex||Leftovers|Regenerator|Infestation,Toxic,WideGuard,BanefulBunker|Bold||M|||50|]Sneasler||FocusSash|PoisonTouch|CloseCombat,PoisonJab,FakeOut,Protect|Jolly||F|||50|]Kingambit||BlackGlasses|Defiant|KowtowCleave,SwordsDance,SuckerPunch,Protect|Adamant||F|||50|]Charizard||CharizarditeY|Blaze|HeatWave,WeatherBall,SolarBeam,Protect|Modest||M|||50|]Froslass||Froslassite|CursedBody|Blizzard,ShadowBall,AuroraVeil,Protect|Modest||F|||50|
|inactive|Battle timer is ON: inactive players will automatically lose when time's up. (requested by wait for swarley)
|inactive|wait for swarley has 60 seconds left.
|
|t:|1785010993
|teamsize|p1|4
|teamsize|p2|4
|start
|switch|p1a: Grimmsnarl|Grimmsnarl, L50, M|100/100
|switch|p1b: Raichu|Raichu, L50, M|100/100
|switch|p2a: Sneasler|Sneasler, L50, F|100/100
|switch|p2b: Froslass|Froslass, L50, F, shiny|100/100
|turn|1
|inactive|icemonggs has 30 seconds left.
|
|t:|1785011020
|detailschange|p1b: Raichu|Raichu-Mega-Y, L50, M
|-mega|p1b: Raichu|Raichu|Raichunite Y
|detailschange|p2b: Froslass|Froslass-Mega, L50, F, shiny
|-mega|p2b: Froslass|Froslass|Froslassite
|-weather|Snowscape|[from] ability: Snow Warning|[of] p2b: Froslass
|move|p1b: Raichu|Fake Out|p2a: Sneasler
|-damage|p2a: Sneasler|85/100
|move|p1a: Grimmsnarl|Light Screen|p1a: Grimmsnarl
|-sidestart|p1: wait for swarley|move: Light Screen
|cant|p2a: Sneasler|flinch
|move|p2b: Froslass|Aurora Veil|p2b: Froslass
|-sidestart|p2: icemonggs|move: Aurora Veil
|
|-weather|Snowscape|[upkeep]
|upkeep
|turn|2
|inactive|wait for swarley has 30 seconds left.
|
|t:|1785011048
|move|p1a: Grimmsnarl|Reflect|p1a: Grimmsnarl
|-sidestart|p1: wait for swarley|Reflect
|move|p2a: Sneasler|Close Combat|p1b: Raichu
|-damage|p1b: Raichu|29/100
|-unboost|p2a: Sneasler|def|1
|-unboost|p2a: Sneasler|spd|1
|-status|p1b: Raichu|psn|[from] ability: Poison Touch|[of] p2a: Sneasler
|move|p1b: Raichu|Zap Cannon|p2a: Sneasler
|-damage|p2a: Sneasler|0 fnt
|faint|p2a: Sneasler
|move|p2b: Froslass|Blizzard|p1b: Raichu|[spread] p1a,p1b
|-damage|p1a: Grimmsnarl|65/100
|-damage|p1b: Raichu|0 fnt
|faint|p1b: Raichu
|
|-weather|Snowscape|[upkeep]
|upkeep
|
|t:|1785011063
|switch|p2a: Toxapex|Toxapex, L50, M, shiny|100/100
|switch|p1b: Annihilape|Annihilape, L50, F|100/100
|turn|3
|
|t:|1785011082
|move|p1b: Annihilape|Protect|p1b: Annihilape
|-singleturn|p1b: Annihilape|Protect
|move|p1a: Grimmsnarl|Parting Shot|p2b: Froslass
|-unboost|p2b: Froslass|atk|1
|-unboost|p2b: Froslass|spa|1
|
|t:|1785011086
|switch|p1a: Maushold|Maushold-Four, L50|100/100|[from] Parting Shot
|move|p2b: Froslass|Shadow Ball|p1b: Annihilape
|-activate|p1b: Annihilape|move: Protect
|move|p2a: Toxapex|Toxic|p1b: Annihilape
|-activate|p1b: Annihilape|move: Protect
|
|-weather|Snowscape|[upkeep]
|upkeep
|turn|4
|inactive|wait for swarley has 30 seconds left.
|inactive|wait for swarley has 20 seconds left.
|inactive|wait for swarley has 15 seconds left.
|
|t:|1785011130
|move|p2b: Froslass|Blizzard|p1b: Annihilape|[spread] p1a,p1b
|-damage|p1a: Maushold|69/100
|-damage|p1b: Annihilape|84/100
|move|p1a: Maushold|Super Fang|p2a: Toxapex
|-damage|p2a: Toxapex|50/100g
|move|p1b: Annihilape|Bulk Up|p1b: Annihilape
|-boost|p1b: Annihilape|atk|1
|-boost|p1b: Annihilape|def|1
|move|p2a: Toxapex|Toxic|p1b: Annihilape
|-status|p1b: Annihilape|tox
|
|-weather|Snowscape|[upkeep]
|-heal|p1b: Annihilape|90/100 tox|[from] item: Leftovers
|-heal|p2a: Toxapex|56/100|[from] item: Leftovers
|-damage|p1b: Annihilape|84/100 tox|[from] psn
|upkeep
|turn|5
|-message|wait for swarley forfeited.
|
|win|icemonggs
|raw|wait for swarley's rating: 1191 → 1176(-15 for losing)
|raw|icemonggs's rating: 1345 → 1357(+12 for winning)
