|j|☆juaquiness
|j|☆kharnvgc
|html|juaquinesskharnvgc    
|uhtml|bestof|Game 2 of a best-of-3
|t:|1785103547
|gametype|doubles
|player|p1|juaquiness|266|1208
|player|p2|kharnvgc|veteran|1106
|gen|9
|tier|[Gen 9 Champions] VGC 2026 Reg M-B (Bo3)
|rated|
|rule|Species Clause: Limit one of each Pokémon
|rule|Item Clause: Limit 1 of each item
|clearpoke
|poke|p1|Floette-Eternal, L50, F|
|poke|p1|Dragonite, L50, F|
|poke|p1|Kingambit, L50, F|
|poke|p1|Raichu, L50, M|
|poke|p1|Arcanine-Hisui, L50, M|
|poke|p1|Ninetales-Alola, L50, M|
|poke|p2|Steelix, L50, M|
|poke|p2|Garchomp, L50, M|
|poke|p2|Tyranitar, L50, M|
|poke|p2|Farigiraf, L50, F|
|poke|p2|Sylveon, L50, F|
|poke|p2|Milotic, L50, F|
|teampreview|4
|showteam|p1|Floette-Eternal||Floettite|FlowerVeil|Protect,LightofRuin,Moonblast,DazzlingGleam|Timid||F|||50|]Dragonite||DragonFang|Multiscale|Tailwind,DragonClaw,ExtremeSpeed,LowKick|Adamant||F|||50|]Kingambit||LifeOrb|Defiant|Protect,SwordsDance,KowtowCleave,SuckerPunch|Adamant||F|||50|]Raichu||RaichuniteY|Static|ZapCannon,FocusBlast,Encore,FakeOut|Timid||M|||50|]Arcanine-Hisui||FocusSash|RockHead|FlareBlitz,ExtremeSpeed,HeadSmash,Protect|Jolly||M|||50|]Ninetales-Alola||LightClay|SnowWarning|Blizzard,Moonblast,AuroraVeil,Protect|Timid||M|||50|
|showteam|p2|Steelix||Steelixite|Sturdy|Protect,HighHorsepower,WideGuard,HeavySlam|Careful||M|||50|]Garchomp||LifeOrb|SandVeil|Protect,RockSlide,DragonClaw,StompingTantrum|Jolly||M|||50|]Tyranitar||Tyranitarite|SandStream|Protect,RockSlide,BrickBreak,KnockOff|Adamant||M|||50|]Farigiraf||SitrusBerry|ArmorTail|Protect,TrickRoom,Psychic,HyperVoice|Bold||F|||50|]Sylveon||FairyFeather|Pixilate|Protect,BabyDollEyes,HyperBeam,HyperVoice|Modest||F|||50|]Milotic||Leftovers|Competitive|Protect,Coil,Hypnosis,MuddyWater|Bold||F|||50|
|
|t:|1785103602
|teamsize|p1|4
|teamsize|p2|4
|start
|switch|p1a: Raichu|Raichu, L50, M|100/100
|switch|p1b: Kingambit|Kingambit, L50, F|100/100
|switch|p2a: Farigiraf|Farigiraf, L50, F|100/100
|switch|p2b: Steelix|Steelix, L50, M|100/100
|turn|1
|inactive|Battle timer is ON: inactive players will automatically lose when time's up. (requested by juaquiness)
|
|t:|1785103631
|detailschange|p1a: Raichu|Raichu-Mega-Y, L50, M
|-mega|p1a: Raichu|Raichu|Raichunite Y
|move|p2b: Steelix|Protect|p2b: Steelix
|-singleturn|p2b: Steelix|Protect
|move|p1a: Raichu|Focus Blast|p2b: Steelix
|-activate|p2b: Steelix|move: Protect
|move|p1b: Kingambit|Swords Dance|p1b: Kingambit
|-boost|p1b: Kingambit|atk|2
|move|p2a: Farigiraf|Trick Room|p2a: Farigiraf
|-fieldstart|move: Trick Room|[of] p2a: Farigiraf
|
|upkeep
|turn|2
|inactive|kharnvgc has 30 seconds left.
|inactive|kharnvgc has 20 seconds left.
|inactive|juaquiness has 30 seconds left.
|inactive|kharnvgc has 15 seconds left.
|inactive|kharnvgc has 10 seconds left.
|
|t:|1785103679
|switch|p2a: Tyranitar|Tyranitar, L50, M|100/100
|-weather|Sandstorm|[from] ability: Sand Stream|[of] p2a: Tyranitar
|detailschange|p2b: Steelix|Steelix-Mega, L50, M
|-mega|p2b: Steelix|Steelix|Steelixite
|move|p2b: Steelix|High Horsepower|p1a: Raichu
|-supereffective|p1a: Raichu|1
|-damage|p1a: Raichu|0 fnt
|faint|p1a: Raichu
|move|p1b: Kingambit|Swords Dance|p1b: Kingambit
|-boost|p1b: Kingambit|atk|2
|
|-weather|Sandstorm|[upkeep]
|upkeep
|
|t:|1785103694
|switch|p1a: Ninetales|Ninetales-Alola, L50, M|100/100
|-weather|Snowscape|[from] ability: Snow Warning|[of] p1a: Ninetales
|turn|3
|inactive|juaquiness has 30 seconds left.
|inactive|kharnvgc has 30 seconds left.
|
|t:|1785103726
|switch|p1a: Dragonite|Dragonite, L50, F|100/100
|move|p2b: Steelix|Wide Guard|p2b: Steelix
|-singleturn|p2b: Steelix|Wide Guard
|move|p1b: Kingambit|Kowtow Cleave|p2a: Tyranitar
|-resisted|p2a: Tyranitar|1
|-damage|p2a: Tyranitar|10/100
|-damage|p1b: Kingambit|90/100|[from] item: Life Orb
|move|p2a: Tyranitar|Brick Break|p1b: Kingambit
|-supereffective|p1b: Kingambit|2
|-crit|p1b: Kingambit
|-damage|p1b: Kingambit|0 fnt
|faint|p1b: Kingambit
|
|-weather|Snowscape|[upkeep]
|upkeep
|
|t:|1785103734
|switch|p1b: Ninetales|Ninetales-Alola, L50, M|100/100
|turn|4
|
|t:|1785103747
|switch|p2a: Farigiraf|Farigiraf, L50, F|100/100
|move|p2b: Steelix|Heavy Slam|p1b: Ninetales
|-supereffective|p1b: Ninetales|2
|-crit|p1b: Ninetales
|-damage|p1b: Ninetales|0 fnt
|faint|p1b: Ninetales
|move|p1a: Dragonite|Low Kick|p2b: Steelix
|-supereffective|p2b: Steelix|1
|-damage|p2b: Steelix|57/100
|
|-weather|Snowscape|[upkeep]
|upkeep
|turn|5
|
|t:|1785103762
|move|p2b: Steelix|Heavy Slam|p1a: Dragonite
|-damage|p1a: Dragonite|81/100
|move|p2a: Farigiraf|Psychic|p1a: Dragonite
|-crit|p1a: Dragonite
|-damage|p1a: Dragonite|29/100
|move|p1a: Dragonite|Low Kick|p2b: Steelix
|-supereffective|p2b: Steelix|1
|-damage|p2b: Steelix|17/100
|
|-weather|Snowscape|[upkeep]
|-fieldend|move: Trick Room
|upkeep
|turn|6
|
|t:|1785103775
|move|p2b: Steelix|Protect|p2b: Steelix
|-singleturn|p2b: Steelix|Protect
|move|p1a: Dragonite|Dragon Claw|p2a: Farigiraf
|-damage|p2a: Farigiraf|47/100
|-enditem|p2a: Farigiraf|Sitrus Berry|[eat]
|-heal|p2a: Farigiraf|72/100|[from] item: Sitrus Berry
|move|p2a: Farigiraf|Psychic|p1a: Dragonite
|-damage|p1a: Dragonite|0 fnt
|faint|p1a: Dragonite
|
|win|kharnvgc
||juaquiness is ready for game 3.
|inactive|kharnvgc has 30 seconds to confirm battle start!
