|j|☆Mortipherus
|j|☆BranchingBee
|html|MortipherusBranchingBee    
|uhtml|bestof|Game 2 of a best-of-3
|t:|1756654177
|gametype|doubles
|player|p1|Mortipherus|biker-gen4|1101
|player|p2|BranchingBee|skyla|1036
|gen|9
|tier|[Gen 9] VGC 2025 Reg H (Bo3)
|rated|
|rule|Species Clause: Limit one of each Pokémon
|rule|Item Clause: Limit 1 of each item
|clearpoke
|poke|p1|Hydrapple, L50, F|
|poke|p1|Arcanine-Hisui, L50, M|
|poke|p1|Gholdengo, L50|
|poke|p1|Electabuzz, L50, M|
|poke|p1|Indeedee, L50, M|
|poke|p1|Sneasler, L50, M|
|poke|p2|Ursaluna-Bloodmoon, L50, M|
|poke|p2|Rillaboom, L50, M|
|poke|p2|Typhlosion-Hisui, L50, M|
|poke|p2|Kingambit, L50, M|
|poke|p2|Murkrow, L50, M|
|poke|p2|Sneasler, L50, F|
|teampreview|4
|showteam|p1|Hydrapple||AssaultVest|Regenerator|FickleBeam,EnergyBall,EarthPower,BreakingSwipe|||F|||50|,,,,,Ground]Arcanine-Hisui||ClearAmulet|Intimidate|Protect,ExtremeSpeed,FlareBlitz,RockSlide|||M|||50|,,,,,Grass]Gholdengo||LifeOrb|GoodasGold|Protect,NastyPlot,MakeItRain,ShadowBall||||||50|,,,,,Flying]Electabuzz||Eviolite|VitalSpirit|Protect,FollowMe,Taunt,Electroweb|||M|||50|,,,,,Dragon]Indeedee||FocusSash|PsychicSurge|Protect,TrickRoom,ExpandingForce,TeraBlast|||M|||50|,,,,,Ground]Sneasler||PsychicSeed|Unburden|Protect,ThroatChop,DireClaw,CloseCombat|||M|||50|,,,,,Dark
|showteam|p2|Ursaluna-Bloodmoon||LifeOrb|MindsEye|HyperVoice,BloodMoon,EarthPower,Protect|||M|||50|,,,,,Normal]Rillaboom||AssaultVest|GrassySurge|GrassyGlide,FakeOut,WoodHammer,Uturn|||M|||50|,,,,,Fire]Typhlosion-Hisui||ChoiceSpecs|Blaze|Eruption,ShadowBall,HeatWave,Overheat|||M|||50|,,,,,Fire]Kingambit||BlackGlasses|Defiant|SuckerPunch,KowtowCleave,Protect,IronHead|||M|||50|,,,,,Dark]Murkrow||Eviolite|Prankster|FoulPlay,Tailwind,SunnyDay,Haze|||M|||50|,,,,,Ghost]Sneasler||GrassySeed|Unburden|CloseCombat,DireClaw,Protect,Taunt|||F|||50|,,,,,Dark
|
|t:|1756654198
|teamsize|p1|4
|teamsize|p2|4
|start
|switch|p1a: Electabuzz|Electabuzz, L50, M|100/100
|switch|p1b: Gholdengo|Gholdengo, L50|100/100
|switch|p2a: Sneasler|Sneasler, L50, F|100/100
|switch|p2b: Rillaboom|Rillaboom, L50, M|100/100
|-fieldstart|move: Grassy Terrain|[from] ability: Grassy Surge|[of] p2b: Rillaboom
|-enditem|p2a: Sneasler|Grassy Seed
|-boost|p2a: Sneasler|def|1|[from] item: Grassy Seed
|turn|1
|
|t:|1756654228
|switch|p2a: Typhlosion|Typhlosion-Hisui, L50, M|100/100
|move|p1a: Electabuzz|Protect|p1a: Electabuzz
|-singleturn|p1a: Electabuzz|Protect
|move|p2b: Rillaboom|Fake Out|p1a: Electabuzz
|-activate|p1a: Electabuzz|move: Protect
|move|p1b: Gholdengo|Nasty Plot|p1b: Gholdengo
|-boost|p1b: Gholdengo|spa|2
|
|upkeep
|turn|2
|
|t:|1756654253
|-terastallize|p2a: Typhlosion|Fire
|-terastallize|p1a: Electabuzz|Dragon
|move|p1b: Gholdengo|Protect|p1b: Gholdengo
|-singleturn|p1b: Gholdengo|Protect
|move|p2a: Typhlosion|Eruption|p1a: Electabuzz|[spread] p1a
|-activate|p1b: Gholdengo|move: Protect
|-resisted|p1a: Electabuzz
|-damage|p1a: Electabuzz|62/100
|move|p2b: Rillaboom|Wood Hammer|p1b: Gholdengo
|-activate|p1b: Gholdengo|move: Protect
|move|p1a: Electabuzz|Electroweb|p2a: Typhlosion|[spread] p2a
|-miss|p1a: Electabuzz|p2b: Rillaboom
|-damage|p2a: Typhlosion|80/100
|-unboost|p2a: Typhlosion|spe|1
|
|-heal|p1a: Electabuzz|68/100|[from] Grassy Terrain
|-heal|p2a: Typhlosion|86/100|[from] Grassy Terrain
|upkeep
|turn|3
|
|t:|1756654286
|switch|p2a: Sneasler|Sneasler, L50, F|100/100
|move|p2b: Rillaboom|Wood Hammer|p1a: Electabuzz
|-resisted|p1a: Electabuzz
|-damage|p1a: Electabuzz|38/100
|-damage|p2b: Rillaboom|91/100|[from] Recoil
|move|p1a: Electabuzz|Electroweb|p2b: Rillaboom|[spread] p2a,p2b
|-resisted|p2b: Rillaboom
|-damage|p2a: Sneasler|79/100
|-damage|p2b: Rillaboom|84/100
|-unboost|p2a: Sneasler|spe|1
|-unboost|p2b: Rillaboom|spe|1
|move|p1b: Gholdengo|Shadow Ball|p2a: Sneasler
|-damage|p2a: Sneasler|0 fnt
|faint|p2a: Sneasler
|-damage|p1b: Gholdengo|91/100|[from] item: Life Orb
|
|-heal|p1a: Electabuzz|44/100|[from] Grassy Terrain
|-heal|p1b: Gholdengo|97/100|[from] Grassy Terrain
|-heal|p2b: Rillaboom|90/100|[from] Grassy Terrain
|upkeep
|
|t:|1756654304
|switch|p2a: Murkrow|Murkrow, L50, M|100/100
|turn|4
|
|t:|1756654315
|move|p2a: Murkrow|Sunny Day|p2a: Murkrow
|-weather|SunnyDay
|move|p1a: Electabuzz|Electroweb|p2b: Rillaboom|[spread] p2a,p2b
|-supereffective|p2a: Murkrow
|-resisted|p2b: Rillaboom
|-damage|p2a: Murkrow|74/100
|-damage|p2b: Rillaboom|85/100
|-unboost|p2a: Murkrow|spe|1
|-unboost|p2b: Rillaboom|spe|1
|move|p1b: Gholdengo|Make It Rain|p2b: Rillaboom|[spread] p2a,p2b
|-damage|p2a: Murkrow|0 fnt
|-damage|p2b: Rillaboom|0 fnt
|-unboost|p1b: Gholdengo|spa|1
|faint|p2a: Murkrow
|faint|p2b: Rillaboom
|-damage|p1b: Gholdengo|88/100|[from] item: Life Orb
|
|-weather|SunnyDay|[upkeep]
|-heal|p1a: Electabuzz|50/100|[from] Grassy Terrain
|-heal|p1b: Gholdengo|94/100|[from] Grassy Terrain
|upkeep
|
|t:|1756654331
|switch|p2a: Typhlosion|Typhlosion-Hisui, L50, M, tera:Fire|86/100
|turn|5
|
|t:|1756654336
|move|p1b: Gholdengo|Protect|p1b: Gholdengo
|-singleturn|p1b: Gholdengo|Protect
|move|p2a: Typhlosion|Eruption|p1b: Gholdengo|[spread] p1a
|-activate|p1b: Gholdengo|move: Protect
|-resisted|p1a: Electabuzz
|-damage|p1a: Electabuzz|0 fnt
|faint|p1a: Electabuzz
|
|-weather|SunnyDay|[upkeep]
|-heal|p2a: Typhlosion|92/100|[from] Grassy Terrain
|-heal|p1b: Gholdengo|99/100|[from] Grassy Terrain
|-fieldend|move: Grassy Terrain
|upkeep
|
|t:|1756654351
|switch|p1a: Sneasler|Sneasler, L50, M|100/100
|turn|6
|
|t:|1756654357
|switch|p1b: Indeedee|Indeedee, L50, M|100/100
|-fieldstart|move: Psychic Terrain|[from] ability: Psychic Surge|[of] p1b: Indeedee
|-enditem|p1a: Sneasler|Psychic Seed
|-boost|p1a: Sneasler|spd|1|[from] item: Psychic Seed
|move|p1a: Sneasler|Dire Claw|p2a: Typhlosion
|-damage|p2a: Typhlosion|31/100
|-status|p2a: Typhlosion|psn
|move|p2a: Typhlosion|Eruption|p1b: Indeedee|[spread] p1a,p1b
|-damage|p1a: Sneasler|38/100
|-damage|p1b: Indeedee|3/100
|
|-weather|SunnyDay|[upkeep]
|-damage|p2a: Typhlosion|19/100 psn|[from] psn
|upkeep
|turn|7
|
|t:|1756654374
|move|p1b: Indeedee|Protect|p1b: Indeedee
|-singleturn|p1b: Indeedee|Protect
|move|p1a: Sneasler|Dire Claw|p2a: Typhlosion
|-damage|p2a: Typhlosion|0 fnt
|faint|p2a: Typhlosion
|
|win|Mortipherus
|raw|Mortipherus's rating: 1101 → 1121(+20 for winning)
|raw|BranchingBee's rating: 1036 → 1023(-13 for losing)
|l|☆BranchingBee
|player|p2|
