|j|☆DOCTORCHUNK
|j|☆Polite Peony
|html|DOCTORCHUNKPolite Peony    
|uhtml|bestof|Game 1 of a best-of-3
|t:|1757038281
|gametype|doubles
|player|p1|DOCTORCHUNK|265|1187
|player|p2|Polite Peony|lady|1111
|gen|9
|tier|[Gen 9] VGC 2025 Reg H (Bo3)
|rated|
|rule|Species Clause: Limit one of each Pokémon
|rule|Item Clause: Limit 1 of each item
|clearpoke
|poke|p1|Archaludon, L50, F|
|poke|p1|Incineroar, L50, M|
|poke|p1|Pelipper, L50, M|
|poke|p1|Basculegion, L50, M|
|poke|p1|Rillaboom, L50, M|
|poke|p1|Gengar, L50, M|
|poke|p2|Gholdengo, L50|
|poke|p2|Whimsicott, L50, F|
|poke|p2|Indeedee, L50, M|
|poke|p2|Archaludon, L50, M|
|poke|p2|Ursaluna-Bloodmoon, L50, M|
|poke|p2|Sneasler, L50, F|
|teampreview|4
|showteam|p1|Archaludon||AssaultVest|Stamina|ElectroShot,FlashCannon,Snarl,BodyPress|||F|||50|,,,,,Ghost]Incineroar||SafetyGoggles|Intimidate|FakeOut,KnockOff,PartingShot,FlareBlitz|||M|||50|,,,,,Ghost]Pelipper||FocusSash|Drizzle|Hurricane,WeatherBall,Tailwind,WideGuard|||M|||50|,,,,,Ghost]Basculegion||ChoiceBand|SwiftSwim|WaveCrash,LastRespects,FlipTurn,AquaJet|||M|||50|,,,,,Water]Rillaboom||LoadedDice|GrassySurge|FakeOut,BulletSeed,GrassyGlide,Uturn|||M|||50|,,,,,Fire]Gengar||GrassySeed|CursedBody|SludgeBomb,ShadowBall,PerishSong,Haze|||M|||50|,,,,,Normal
|showteam|p2|Gholdengo||ChoiceSpecs|GoodasGold|MakeItRain,DazzlingGleam,ShadowBall,Trick||||||50|,,,,,Fairy]Whimsicott||CovertCloak|Prankster|Moonblast,FakeTears,Tailwind,Taunt|||F|||50|,,,,,Water]Indeedee||FocusSash|PsychicSurge|ExpandingForce,Imprison,TeraBlast,TrickRoom|||M|||50|,,,,,Psychic]Archaludon||PowerHerb|Stalwart|Protect,DragonPulse,ElectroShot,Thunderbolt|||M|||50|,,,,,Electric]Ursaluna-Bloodmoon||LifeOrb|MindsEye|Protect,BloodMoon,EarthPower,HyperVoice|||M|||50|,,,,,Normal]Sneasler||PsychicSeed|Unburden|Protect,CloseCombat,DireClaw,ThroatChop|||F|||50|,,,,,Dark
|inactive|Battle timer is ON: inactive players will automatically lose when time's up. (requested by Polite Peony)
|inactive|DOCTORCHUNK has 60 seconds left.
|inactive|DOCTORCHUNK has 30 seconds left.
|inactive|DOCTORCHUNK has 20 seconds left.
|inactive|DOCTORCHUNK has 15 seconds left.
|inactive|DOCTORCHUNK has 10 seconds left.
|inactive|DOCTORCHUNK has 5 seconds left.
|
|t:|1757038434
|teamsize|p1|4
|teamsize|p2|4
|start
|switch|p1a: Rillaboom|Rillaboom, L50, M|100/100
|switch|p1b: Gengar|Gengar, L50, M|100/100
|switch|p2a: Whimsicott|Whimsicott, L50, F|100/100
|switch|p2b: Archaludon|Archaludon, L50, M, shiny|100/100
|-fieldstart|move: Grassy Terrain|[from] ability: Grassy Surge|[of] p1a: Rillaboom
|-enditem|p1b: Gengar|Grassy Seed
|-boost|p1b: Gengar|def|1|[from] item: Grassy Seed
|turn|1
|inactive|DOCTORCHUNK has 30 seconds left.
|inactive|Polite Peony has 30 seconds left.
|inactive|DOCTORCHUNK has 20 seconds left.
|inactive|Polite Peony has 20 seconds left.
|inactive|DOCTORCHUNK has 15 seconds left.
|inactive|Polite Peony has 15 seconds left.
|inactive|DOCTORCHUNK has 10 seconds left.
|inactive|Polite Peony has 10 seconds left.
|inactive|DOCTORCHUNK has 5 seconds left.
|inactive|Polite Peony has 5 seconds left.
|
|t:|1757038486
|-terastallize|p2b: Archaludon|Electric
|move|p1a: Rillaboom|Fake Out|p2b: Archaludon
|-damage|p2b: Archaludon|88/100
|move|p2a: Whimsicott|Fake Tears|p1a: Rillaboom
|-unboost|p1a: Rillaboom|spd|2
|move|p1b: Gengar|Sludge Bomb|p2a: Whimsicott
|-supereffective|p2a: Whimsicott
|-damage|p2a: Whimsicott|0 fnt
|faint|p2a: Whimsicott
|cant|p2b: Archaludon|flinch
|
|-heal|p2b: Archaludon|94/100|[from] Grassy Terrain
|upkeep
|
|t:|1757038500
|switch|p2a: Indeedee|Indeedee, L50, M|100/100
|-fieldstart|move: Psychic Terrain|[from] ability: Psychic Surge|[of] p2a: Indeedee
|turn|2
|inactive|DOCTORCHUNK has 30 seconds left.
|inactive|DOCTORCHUNK has 20 seconds left.
|inactive|DOCTORCHUNK has 15 seconds left.
|inactive|DOCTORCHUNK has 10 seconds left.
|inactive|DOCTORCHUNK has 5 seconds left.
|
|t:|1757038551
|move|p1b: Gengar|Sludge Bomb|p2b: Archaludon
|-damage|p2b: Archaludon|31/100
|move|p2a: Indeedee|Expanding Force|p1a: Rillaboom|[spread] p1a,p1b
|-supereffective|p1b: Gengar
|-damage|p1a: Rillaboom|0 fnt
|-damage|p1b: Gengar|0 fnt
|faint|p1a: Rillaboom
|faint|p1b: Gengar
|move|p2b: Archaludon|Electro Shot||[still]
|-prepare|p2b: Archaludon|Electro Shot
|-boost|p2b: Archaludon|spa|1
|-enditem|p2b: Archaludon|Power Herb
|-anim|p2b: Archaludon|Electro Shot|p1: Rillaboom|[notarget]
|-fail|p2b: Archaludon
|
|upkeep
|
|t:|1757038556
|switch|p1b: Pelipper|Pelipper, L50, M|100/100
|switch|p1a: Archaludon|Archaludon, L50, F|100/100
|-weather|RainDance|[from] ability: Drizzle|[of] p1b: Pelipper
|turn|3
|inactive|DOCTORCHUNK has 30 seconds left.
|inactive|Polite Peony has 30 seconds left.
|inactive|DOCTORCHUNK has 20 seconds left.
|inactive|DOCTORCHUNK has 15 seconds left.
|inactive|DOCTORCHUNK has 10 seconds left.
|
|t:|1757038602
|move|p1b: Pelipper|Wide Guard|p1b: Pelipper
|-singleturn|p1b: Pelipper|Wide Guard
|move|p2a: Indeedee|Expanding Force|p1a: Archaludon|[spread] 
|-activate|p1a: Archaludon|move: Wide Guard
|-activate|p1b: Pelipper|move: Wide Guard
|move|p2b: Archaludon|Dragon Pulse|p1a: Archaludon
|-damage|p1a: Archaludon|53/100
|-ability|p1a: Archaludon|Stamina|boost
|-boost|p1a: Archaludon|def|1
|move|p1a: Archaludon|Snarl|p2b: Archaludon|[spread] p2a,p2b
|-supereffective|p2a: Indeedee
|-damage|p2a: Indeedee|59/100
|-damage|p2b: Archaludon|10/100
|-unboost|p2a: Indeedee|spa|1
|-unboost|p2b: Archaludon|spa|1
|
|-weather|RainDance|[upkeep]
|upkeep
|turn|4
|inactive|DOCTORCHUNK has 30 seconds left.
|
|t:|1757038631
|move|p2a: Indeedee|Tera Blast|p1b: Pelipper
|-damage|p1b: Pelipper|58/100
|move|p2b: Archaludon|Thunderbolt|p1b: Pelipper
|-supereffective|p1b: Pelipper
|-damage|p1b: Pelipper|0 fnt
|faint|p1b: Pelipper
|move|p1a: Archaludon|Snarl|p2b: Archaludon|[spread] p2a,p2b
|-supereffective|p2a: Indeedee
|-damage|p2a: Indeedee|17/100
|-damage|p2b: Archaludon|0 fnt
|-unboost|p2a: Indeedee|spa|1
|faint|p2b: Archaludon
|
|-weather|RainDance|[upkeep]
|upkeep
|
|t:|1757038636
|switch|p2b: Sneasler|Sneasler, L50, F|100/100
|-enditem|p2b: Sneasler|Psychic Seed
|-boost|p2b: Sneasler|spd|1|[from] item: Psychic Seed
|turn|5
|
|t:|1757038659
|-terastallize|p1a: Archaludon|Ghost
|move|p2b: Sneasler|Throat Chop|p1a: Archaludon
|-supereffective|p1a: Archaludon
|-damage|p1a: Archaludon|26/100
|-start|p1a: Archaludon|Throat Chop|[silent]
|-ability|p1a: Archaludon|Stamina|boost
|-boost|p1a: Archaludon|def|1
|move|p2a: Indeedee|Expanding Force|p1a: Archaludon
|-damage|p1a: Archaludon|1/100
|-ability|p1a: Archaludon|Stamina|boost
|-boost|p1a: Archaludon|def|1
|move|p1a: Archaludon|Electro Shot||[still]
|-prepare|p1a: Archaludon|Electro Shot
|-boost|p1a: Archaludon|spa|1
|-anim|p1a: Archaludon|Electro Shot|p2b: Sneasler
|-crit|p2b: Sneasler
|-damage|p2b: Sneasler|0 fnt
|faint|p2b: Sneasler
|
|-weather|RainDance|[upkeep]
|upkeep
|turn|6
|inactive|DOCTORCHUNK has 30 seconds left.
|inactive|DOCTORCHUNK has 20 seconds left.
|inactive|DOCTORCHUNK has 15 seconds left.
|inactive|DOCTORCHUNK has 10 seconds left.
|inactive|DOCTORCHUNK has 5 seconds left.
|
|t:|1757038714
|move|p2a: Indeedee|Expanding Force|p1a: Archaludon
|-damage|p1a: Archaludon|0 fnt
|faint|p1a: Archaludon
|
|win|Polite Peony
