|j|☆MidoMidori
|j|☆Sonja Hilmer
|html|MidoMidoriSonja Hilmer    
|uhtml|bestof|Game 1 of a best-of-3
|t:|1756238167
|gametype|doubles
|player|p1|MidoMidori|roxanne-gen6|1318
|player|p2|Sonja Hilmer|lady|1463
|gen|9
|tier|[Gen 9] VGC 2025 Reg H (Bo3)
|rated|
|rule|Species Clause: Limit one of each Pokémon
|rule|Item Clause: Limit 1 of each item
|clearpoke
|poke|p1|Sneasler, L50, F|
|poke|p1|Indeedee, L50, M|
|poke|p1|Volcarona, L50, F|
|poke|p1|Ursaluna-Bloodmoon, L50, M|
|poke|p1|Annihilape, L50, F|
|poke|p1|Tyranitar, L50, M|
|poke|p2|Dachsbun, L50, F|
|poke|p2|Typhlosion-Hisui, L50, M|
|poke|p2|Kingambit, L50, M|
|poke|p2|Jumpluff, L50, F|
|poke|p2|Rillaboom, L50, M|
|poke|p2|Torkoal, L50, F|
|teampreview|4
|showteam|p1|Sneasler||PsychicSeed|Unburden|CloseCombat,DireClaw,ThroatChop,Protect|||F|||50|,,,,,Dark]Indeedee||ChoiceScarf|PsychicSurge|ExpandingForce,TeraBlast,Trick,Protect|||M|||50|,,,,,Psychic]Volcarona||SitrusBerry|FlameBody|Overheat,StruggleBug,RagePowder,Tailwind|||F|||50|,,,,,Grass]Ursaluna-Bloodmoon||LifeOrb|MindsEye|BloodMoon,HyperVoice,EarthPower,Protect|||M|||50|,,,,,Normal]Annihilape||SafetyGoggles|Defiant|CloseCombat,RageFist,Taunt,FinalGambit|||F|||50|,,,,,Fairy]Tyranitar||AssaultVest|SandStream|RockSlide,KnockOff,TeraBlast,LowKick|||M|||50|,,,,,Flying
|showteam|p2|Dachsbun||Leftovers|WellBakedBody|BodyPress,Snarl,HelpingHand,Protect|||F|||50|,,,,,Steel]Typhlosion-Hisui||ChoiceSpecs|Blaze|Eruption,LavaPlume,Overheat,ShadowBall|||M|||50|,,,,,Fire]Kingambit||SafetyGoggles|Defiant|Protect,KowtowCleave,SuckerPunch,SwordsDance|||M|||50|,,,,,Dark]Jumpluff||CovertCloak|Chlorophyll|SleepPowder,SunnyDay,RagePowder,Tailwind|||F|||50|,,,,,Water]Rillaboom||AssaultVest|GrassySurge|WoodHammer,GrassyGlide,FakeOut,HighHorsepower|||M|||50|,,,,,Water]Torkoal||SitrusBerry|Drought|HeatWave,LavaPlume,ClearSmog,Protect|||F|||50|,,,,,Fairy
|inactive|Battle timer is ON: inactive players will automatically lose when time's up. (requested by Sonja Hilmer)
|inactive|MidoMidori has 60 seconds left.
|inactive|Sonja Hilmer has 60 seconds left.
|inactive|Sonja Hilmer has 30 seconds left.
|
|t:|1756238230
|teamsize|p1|4
|teamsize|p2|4
|start
|switch|p1a: Sneasler|Sneasler, L50, F|100/100
|switch|p1b: Indeedee|Indeedee, L50, M|100/100
|switch|p2a: Jumpluff|Jumpluff, L50, F|100/100
|switch|p2b: Torkoal|Torkoal, L50, F|100/100
|-fieldstart|move: Psychic Terrain|[from] ability: Psychic Surge|[of] p1b: Indeedee
|-enditem|p1a: Sneasler|Psychic Seed
|-boost|p1a: Sneasler|spd|1|[from] item: Psychic Seed
|-weather|SunnyDay|[from] ability: Drought|[of] p2b: Torkoal
|turn|1
|
|t:|1756238245
|switch|p1a: Tyranitar|Tyranitar, L50, M|100/100
|-weather|Sandstorm|[from] ability: Sand Stream|[of] p1a: Tyranitar
|switch|p2b: Rillaboom|Rillaboom, L50, M|100/100
|-fieldstart|move: Grassy Terrain|[from] ability: Grassy Surge|[of] p2b: Rillaboom
|-terastallize|p1b: Indeedee|Psychic
|move|p1b: Indeedee|Expanding Force|p2a: Jumpluff
|-damage|p2a: Jumpluff|51/100
|move|p2a: Jumpluff|Sleep Powder|p1a: Tyranitar
|-status|p1a: Tyranitar|slp|[from] move: Sleep Powder
|
|-weather|Sandstorm|[upkeep]
|-damage|p1b: Indeedee|95/100|[from] Sandstorm
|-damage|p2a: Jumpluff|45/100|[from] Sandstorm
|-damage|p2b: Rillaboom|94/100|[from] Sandstorm
|-heal|p1b: Indeedee|100/100|[from] Grassy Terrain
|-heal|p2b: Rillaboom|100/100|[from] Grassy Terrain
|upkeep
|turn|2
|
|t:|1756238270
|move|p1b: Indeedee|Expanding Force|p2a: Jumpluff
|-damage|p2a: Jumpluff|0 fnt
|faint|p2a: Jumpluff
|move|p2b: Rillaboom|Wood Hammer|p1b: Indeedee
|-damage|p1b: Indeedee|0 fnt
|faint|p1b: Indeedee
|-damage|p2b: Rillaboom|78/100|[from] Recoil
|cant|p1a: Tyranitar|slp
|
|-weather|Sandstorm|[upkeep]
|-damage|p2b: Rillaboom|72/100|[from] Sandstorm
|-heal|p2b: Rillaboom|78/100|[from] Grassy Terrain
|upkeep
|
|t:|1756238279
|switch|p2a: Typhlosion|Typhlosion-Hisui, L50, M|100/100
|switch|p1b: Sneasler|Sneasler, L50, F|100/100
|turn|3
|
|t:|1756238300
|-terastallize|p2b: Rillaboom|Water
|move|p1b: Sneasler|Throat Chop|p2a: Typhlosion
|-supereffective|p2a: Typhlosion
|-damage|p2a: Typhlosion|7/100
|-start|p2a: Typhlosion|Throat Chop|[silent]
|move|p2a: Typhlosion|Overheat|p1b: Sneasler
|-damage|p1b: Sneasler|0 fnt
|-unboost|p2a: Typhlosion|spa|2
|faint|p1b: Sneasler
|move|p2b: Rillaboom|Wood Hammer|p1a: Tyranitar
|-supereffective|p1a: Tyranitar
|-damage|p1a: Tyranitar|0 fnt
|faint|p1a: Tyranitar
|-damage|p2b: Rillaboom|46/100|[from] Recoil
|
|-weather|Sandstorm|[upkeep]
|-damage|p2a: Typhlosion|0 fnt|[from] Sandstorm
|-damage|p2b: Rillaboom|40/100|[from] Sandstorm
|faint|p2a: Typhlosion
|-heal|p2b: Rillaboom|46/100|[from] Grassy Terrain
|upkeep
|
|t:|1756238307
|switch|p1b: Volcarona|Volcarona, L50, F|100/100
|switch|p2a: Torkoal|Torkoal, L50, F|100/100
|-weather|SunnyDay|[from] ability: Drought|[of] p2a: Torkoal
|turn|4
|
|t:|1756238324
|move|p1b: Volcarona|Struggle Bug|p2b: Rillaboom|[spread] p2a,p2b
|-resisted|p2a: Torkoal
|-damage|p2a: Torkoal|92/100
|-damage|p2b: Rillaboom|35/100
|-unboost|p2a: Torkoal|spa|1
|-unboost|p2b: Rillaboom|spa|1
|move|p2b: Rillaboom|High Horsepower|p1b: Volcarona
|-crit|p1b: Volcarona
|-damage|p1b: Volcarona|45/100
|-status|p2b: Rillaboom|brn|[from] ability: Flame Body|[of] p1b: Volcarona
|-enditem|p1b: Volcarona|Sitrus Berry|[eat]
|-heal|p1b: Volcarona|70/100|[from] item: Sitrus Berry
|move|p2a: Torkoal|Heat Wave|p1b: Volcarona
|-damage|p1b: Volcarona|40/100
|
|-weather|SunnyDay|[upkeep]
|-heal|p1b: Volcarona|46/100|[from] Grassy Terrain
|-heal|p2b: Rillaboom|41/100 brn|[from] Grassy Terrain
|-heal|p2a: Torkoal|98/100|[from] Grassy Terrain
|-damage|p2b: Rillaboom|35/100 brn|[from] brn
|upkeep
|turn|5
|
|t:|1756238336
|move|p1b: Volcarona|Struggle Bug|p2b: Rillaboom|[spread] p2a,p2b
|-resisted|p2a: Torkoal
|-damage|p2a: Torkoal|90/100
|-damage|p2b: Rillaboom|23/100 brn
|-unboost|p2a: Torkoal|spa|1
|-unboost|p2b: Rillaboom|spa|1
|move|p2b: Rillaboom|High Horsepower|p1b: Volcarona
|-damage|p1b: Volcarona|25/100
|move|p2a: Torkoal|Heat Wave|p1b: Volcarona
|-damage|p1b: Volcarona|3/100
|
|-weather|SunnyDay|[upkeep]
|-heal|p1b: Volcarona|9/100|[from] Grassy Terrain
|-heal|p2b: Rillaboom|29/100 brn|[from] Grassy Terrain
|-heal|p2a: Torkoal|96/100|[from] Grassy Terrain
|-damage|p2b: Rillaboom|23/100 brn|[from] brn
|-fieldend|move: Grassy Terrain
|upkeep
|turn|6
|
|t:|1756238346
|move|p1b: Volcarona|Overheat|p2b: Rillaboom
|-resisted|p2b: Rillaboom
|-damage|p2b: Rillaboom|0 fnt
|-unboost|p1b: Volcarona|spa|2
|faint|p2b: Rillaboom
|move|p2a: Torkoal|Heat Wave|p1b: Volcarona|[miss]
|-miss|p2a: Torkoal|p1b: Volcarona
|
|-weather|SunnyDay|[upkeep]
|upkeep
|turn|7
|
|t:|1756238351
|move|p1b: Volcarona|Overheat|p2a: Torkoal
|-resisted|p2a: Torkoal
|-damage|p2a: Torkoal|70/100
|-unboost|p1b: Volcarona|spa|2
|move|p2a: Torkoal|Lava Plume|p1b: Volcarona
|-damage|p1b: Volcarona|0 fnt
|faint|p1b: Volcarona
|
|win|Sonja Hilmer
||MidoMidori is ready for game 2.
||Sonja Hilmer is ready for game 2.
|uhtml|next|Next: Game 2 of 3
