|j|☆princeofunderworld
|j|☆No.1 Bug Fan
|html|princeofunderworldNo.1 Bug Fan    
|uhtml|bestof|Game 1 of a best-of-3
|t:|1785375054
|gametype|doubles
|player|p1|princeofunderworld|102|1148
|player|p2|No.1 Bug Fan|burgh-masters|1049
|gen|9
|tier|[Gen 9 Champions] VGC 2026 Reg M-B (Bo3)
|rated|
|rule|Species Clause: Limit one of each Pokémon
|rule|Item Clause: Limit 1 of each item
|clearpoke
|poke|p1|Blastoise, L50, F|
|poke|p1|Kingambit, L50, M|
|poke|p1|Whimsicott, L50, M|
|poke|p1|Incineroar, L50, F|
|poke|p1|Farigiraf, L50, F|
|poke|p1|Garchomp, L50, M|
|poke|p2|Froslass, L50, F|
|poke|p2|Scovillain, L50, M, shiny|
|poke|p2|Basculegion, L50, M|
|poke|p2|Kingambit, L50, F, shiny|
|poke|p2|Sneasler, L50, F, shiny|
|poke|p2|Lycanroc-Dusk, L50, F, shiny|
|teampreview|4
|showteam|p1|Blastoise||Blastoisinite|Torrent|MuddyWater,AuraSphere,Protect,IceBeam|Modest||F|||50|]Kingambit||LifeOrb|Defiant|KowtowCleave,SuckerPunch,Protect,IronHead|Adamant||M|||50|]Whimsicott||FocusSash|Prankster|Moonblast,Tailwind,Taunt,WorrySeed|Timid||M|||50|]Incineroar||ChopleBerry|Intimidate|PartingShot,FlareBlitz,ThroatChop,FakeOut|Adamant||F|||50|]Farigiraf||SitrusBerry|ArmorTail|TwinBeam,Thunderbolt,Protect,HelpingHand|Sassy||F|||50|]Garchomp||Garchompite|SandVeil|PowerGem,EarthPower,Protect,DracoMeteor|Modest||M|||50|
|showteam|p2|Froslass||Froslassite|CursedBody|Blizzard,ShadowBall,AuroraVeil,Protect|Modest||F|||50|]Scovillain||Scovillainite|Moody|GigaDrain,Overheat,RagePowder,Protect|Bold||M|||50|]Basculegion||SitrusBerry|Adaptability|WaveCrash,LastRespects,AquaJet,Protect|Adamant||M|||50|]Kingambit||LifeOrb|Defiant|KowtowCleave,SuckerPunch,SwordsDance,Protect|Adamant||F|||50|]Sneasler||WhiteHerb|Unburden|CloseCombat,GunkShot,Protect,FakeOut|Adamant||F|||50|]Lycanroc-Dusk||FocusSash|ToughClaws|CloseCombat,Accelerock,RockSlide,Protect|Adamant||F|||50|
|inactive|Battle timer is ON: inactive players will automatically lose when time's up. (requested by No.1 Bug Fan)
|inactive|princeofunderworld also wants the timer to be on.
|inactive|princeofunderworld has 60 seconds left.
|inactive|No.1 Bug Fan has 60 seconds left.
|
|t:|1785375097
|teamsize|p1|4
|teamsize|p2|4
|start
|switch|p1a: Farigiraf|Farigiraf, L50, F|100/100
|switch|p1b: Kingambit|Kingambit, L50, M|100/100
|switch|p2a: milk|Scovillain, L50, M, shiny|100/100
|switch|p2b: Paul|Kingambit, L50, F, shiny|100/100
|turn|1
|
|t:|1785375111
|switch|p1a: Blastoise|Blastoise, L50, F|100/100
|detailschange|p2a: milk|Scovillain-Mega, L50, M, shiny
|-mega|p2a: milk|Scovillain|Scovillainite
|move|p2a: milk|Rage Powder|p2a: milk
|-singleturn|p2a: milk|move: Rage Powder
|move|p1b: Kingambit|Kowtow Cleave|p2a: milk
|-damage|p2a: milk|37/100
|-status|p1b: Kingambit|brn|[from] ability: Spicy Spray|[of] p2a: milk
|-damage|p1b: Kingambit|90/100 brn|[from] item: Life Orb
|move|p2b: Paul|Kowtow Cleave|p1a: Blastoise
|-damage|p1a: Blastoise|36/100
|-damage|p2b: Paul|90/100|[from] item: Life Orb
|
|-damage|p1b: Kingambit|84/100 brn|[from] brn
|upkeep
|turn|2
|
|t:|1785375129
|switch|p1b: Farigiraf|Farigiraf, L50, F|100/100
|detailschange|p1a: Blastoise|Blastoise-Mega, L50, F
|-mega|p1a: Blastoise|Blastoise|Blastoisinite
|move|p2b: Paul|Sucker Punch||[still]
|cant|p1b: Farigiraf|ability: Armor Tail|Sucker Punch|[of] p2b: Paul
|move|p2a: milk|Overheat|p1b: Farigiraf
|-damage|p1b: Farigiraf|48/100
|-unboost|p2a: milk|spa|2
|-enditem|p1b: Farigiraf|Sitrus Berry|[eat]
|-heal|p1b: Farigiraf|73/100|[from] item: Sitrus Berry
|move|p1a: Blastoise|Muddy Water|p2b: Paul|[spread] p2a,p2b
|-damage|p2a: milk|0 fnt
|-damage|p2b: Paul|52/100
|-unboost|p2b: Paul|accuracy|1
|-ability|p2b: Paul|Defiant|boost
|-boost|p2b: Paul|atk|2
|-status|p1a: Blastoise|brn|[from] ability: Spicy Spray|[of] p2a: milk
|faint|p2a: milk
|
|-damage|p1a: Blastoise|30/100 brn|[from] brn
|upkeep
|
|t:|1785375138
|switch|p2a: Sonion ring|Sneasler, L50, F, shiny|100/100
|turn|3
|
|t:|1785375155
|move|p1a: Blastoise|Protect|p1a: Blastoise
|-singleturn|p1a: Blastoise|Protect
|move|p2a: Sonion ring|Close Combat|p1a: Blastoise
|-activate|p1a: Blastoise|move: Protect
|move|p1b: Farigiraf|Twin Beam|p2a: Sonion ring
|-supereffective|p2a: Sonion ring|2
|-damage|p2a: Sonion ring|21/100
|-supereffective|p2a: Sonion ring|2
|-damage|p2a: Sonion ring|0 fnt
|faint|p2a: Sonion ring
|-hitcount|p2: Sonion ring|2
|move|p2b: Paul|Kowtow Cleave|p1b: Farigiraf
|-supereffective|p1b: Farigiraf|1
|-damage|p1b: Farigiraf|0 fnt
|faint|p1b: Farigiraf
|-damage|p2b: Paul|42/100|[from] item: Life Orb
|
|-damage|p1a: Blastoise|24/100 brn|[from] brn
|upkeep
|
|t:|1785375169
|switch|p2a: fih is calling|Basculegion, L50, M|100/100
|switch|p1b: Kingambit|Kingambit, L50, M|84/100 brn
|turn|4
|
|t:|1785375177
|move|p2a: fih is calling|Protect|p2a: fih is calling
|-singleturn|p2a: fih is calling|Protect
|move|p2b: Paul|Protect|p2b: Paul
|-singleturn|p2b: Paul|Protect
|move|p1a: Blastoise|Aura Sphere|p2b: Paul
|-activate|p2b: Paul|move: Protect
|move|p1b: Kingambit|Kowtow Cleave|p2a: fih is calling
|-activate|p2a: fih is calling|move: Protect
|
|-damage|p1a: Blastoise|18/100 brn|[from] brn
|-damage|p1b: Kingambit|78/100 brn|[from] brn
|upkeep
|turn|5
|inactive|No.1 Bug Fan has 30 seconds left.
|
|t:|1785375206
|move|p2b: Paul|Sucker Punch|p1a: Blastoise
|-damage|p1a: Blastoise|0 fnt
|faint|p1a: Blastoise
|-damage|p2b: Paul|32/100|[from] item: Life Orb
|move|p2a: fih is calling|Wave Crash|p1b: Kingambit
|-damage|p1b: Kingambit|18/100 brn
|-damage|p2a: fih is calling|81/100|[from] Recoil
|move|p1b: Kingambit|Kowtow Cleave|p2a: fih is calling
|-supereffective|p2a: fih is calling|1
|-damage|p2a: fih is calling|22/100
|-enditem|p2a: fih is calling|Sitrus Berry|[eat]
|-heal|p2a: fih is calling|47/100|[from] item: Sitrus Berry
|-damage|p1b: Kingambit|9/100 brn|[from] item: Life Orb
|
|-damage|p1b: Kingambit|3/100 brn|[from] brn
|upkeep
|
|t:|1785375210
|switch|p1a: Incineroar|Incineroar, L50, F|100/100
|-ability|p1a: Incineroar|Intimidate|boost
|-unboost|p2a: fih is calling|atk|1
|-unboost|p2b: Paul|atk|1
|-ability|p2b: Paul|Defiant|boost
|-boost|p2b: Paul|atk|2
|turn|6
|
|t:|1785375219
|move|p2a: fih is calling|Protect|p2a: fih is calling
|-singleturn|p2a: fih is calling|Protect
|move|p2b: Paul|Protect|p2b: Paul
|-singleturn|p2b: Paul|Protect
|move|p1b: Kingambit|Sucker Punch||[still]
|-fail|p1b: Kingambit
|move|p1a: Incineroar|Flare Blitz|p2b: Paul
|-activate|p2b: Paul|move: Protect
|
|-damage|p1b: Kingambit|0 fnt|[from] brn
|faint|p1b: Kingambit
|upkeep
|turn|7
|
|t:|1785375230
|move|p2a: fih is calling|Wave Crash|p1a: Incineroar
|-supereffective|p1a: Incineroar|1
|-damage|p1a: Incineroar|12/100
|-damage|p2a: fih is calling|20/100y|[from] Recoil
|move|p1a: Incineroar|Throat Chop|p2a: fih is calling
|-supereffective|p2a: fih is calling|1
|-damage|p2a: fih is calling|0 fnt
|faint|p2a: fih is calling
|move|p2b: Paul|Kowtow Cleave|p1a: Incineroar
|-resisted|p1a: Incineroar|1
|-damage|p1a: Incineroar|0 fnt
|faint|p1a: Incineroar
|-damage|p2b: Paul|23/100|[from] item: Life Orb
|
|win|No.1 Bug Fan
