|j|☆munjah 14
|j|☆ToastedArt
|html|munjah 14ToastedArt    
|uhtml|bestof|Game 2 of a best-of-3
|t:|1785424640
|gametype|doubles
|player|p1|munjah 14|101|1237
|player|p2|ToastedArt|iris|1051
|gen|9
|tier|[Gen 9 Champions] VGC 2026 Reg M-B (Bo3)
|rated|
|rule|Species Clause: Limit one of each Pokémon
|rule|Item Clause: Limit 1 of each item
|clearpoke
|poke|p1|Tyranitar, L50, F, shiny|
|poke|p1|Gholdengo, L50, shiny|
|poke|p1|Excadrill, L50, M, shiny|
|poke|p1|Milotic, L50, F, shiny|
|poke|p1|Staraptor, L50, F, shiny|
|poke|p1|Sinistcha-Masterpiece, L50, shiny|
|poke|p2|Glimmora, L50, M|
|poke|p2|Sceptile, L50, F|
|poke|p2|Rotom-Frost, L50|
|poke|p2|Kingambit, L50, F|
|poke|p2|Kommo-o, L50, M|
|poke|p2|Whimsicott, L50, M|
|teampreview|4
|showteam|p1|Tyranitar||Tyranitarite|SandStream|RockSlide,HighHorsepower,KnockOff,Protect|Jolly||F|||50|]Gholdengo||LifeOrb|GoodasGold|MakeItRain,ShadowBall,NastyPlot,Protect|Modest|||||50|]Excadrill||FocusSash|SandRush|RockSlide,IronHead,HighHorsepower,Protect|Adamant||M|||50|]Milotic||SitrusBerry|Competitive|IcyWind,Scald,Haze,Protect|Calm||F|||50|]Staraptor||Staraptite|Intimidate|BraveBird,CloseCombat,Tailwind,Protect|Jolly||F|||50|]Sinistcha-Masterpiece||ColburBerry|Hospitality|MatchaGotcha,ShadowBall,RagePowder,Protect|Calm|||||50|
|showteam|p2|Glimmora||Glimmoranite|ToxicDebris|SludgeBomb,PowerGem,EarthPower,SpikyShield|Modest||M|||50|]Sceptile||Sceptilite|Overgrow|GigaDrain,DragonPulse,EarthPower,Detect|Timid||F|||50|]Rotom-Frost||ChoiceScarf|Levitate|Blizzard,Discharge,VoltSwitch,Thunderbolt|Timid|||||50|]Kingambit||BlackGlasses|Defiant|KowtowCleave,SuckerPunch,IronHead,Protect|Adamant||F|||50|]Kommo-o||LifeOrb|Overcoat|ClangingScales,AuraSphere,VacuumWave,Protect|Timid||M|||50|]Whimsicott||FocusSash|Prankster|Moonblast,Encore,Tailwind,Protect|Timid||M|||50|
|inactive|Battle timer is ON: inactive players will automatically lose when time's up. (requested by ToastedArt)
|inactive|munjah 14 has 60 seconds left.
|
|t:|1785424680
|teamsize|p1|4
|teamsize|p2|4
|start
|switch|p1a: Gholdengo|Gholdengo, L50, shiny|100/100
|switch|p1b: Staraptor|Staraptor, L50, F, shiny|100/100
|switch|p2a: Sceptile|Sceptile, L50, F|100/100
|switch|p2b: Rotom|Rotom-Frost, L50|100/100
|-ability|p1b: Staraptor|Intimidate|boost
|-unboost|p2a: Sceptile|atk|1
|-unboost|p2b: Rotom|atk|1
|turn|1
|inactive|munjah 14 has 30 seconds left.
|inactive|ToastedArt has 30 seconds left.
|
|t:|1785424712
|switch|p2b: Whimsicott|Whimsicott, L50, M|100/100
|switch|p1b: Excadrill|Excadrill, L50, M, shiny|100/100
|detailschange|p2a: Sceptile|Sceptile-Mega, L50, F
|-mega|p2a: Sceptile|Sceptile|Sceptilite
|move|p2a: Sceptile|Detect|p2a: Sceptile
|-singleturn|p2a: Sceptile|Protect
|move|p1a: Gholdengo|Protect||[still]
|-fail|p1a: Gholdengo
|
|upkeep
|turn|2
|inactive|munjah 14 has 30 seconds left.
|inactive|ToastedArt has 30 seconds left.
|
|t:|1785424745
|move|p2a: Sceptile|Earth Power|p1b: Excadrill
|-supereffective|p1b: Excadrill|1
|-damage|p1b: Excadrill|3/100
|move|p2b: Whimsicott|Moonblast|p1b: Excadrill
|-resisted|p1b: Excadrill|1
|-damage|p1b: Excadrill|0 fnt
|faint|p1b: Excadrill
|move|p1a: Gholdengo|Make It Rain|p2a: Sceptile|[spread] p2a,p2b
|-supereffective|p2b: Whimsicott|1
|-damage|p2a: Sceptile|11/100
|-enditem|p2b: Whimsicott|Focus Sash
|-damage|p2b: Whimsicott|1/100
|-unboost|p1a: Gholdengo|spa|2
|-damage|p1a: Gholdengo|90/100|[from] item: Life Orb
|
|upkeep
|
|t:|1785424761
|switch|p1b: Staraptor|Staraptor, L50, F, shiny|100/100
|-ability|p1b: Staraptor|Intimidate|boost
|-unboost|p2a: Sceptile|atk|1
|-unboost|p2b: Whimsicott|atk|1
|turn|3
|
|t:|1785424780
|detailschange|p1b: Staraptor|Staraptor-Mega, L50, F, shiny
|-mega|p1b: Staraptor|Staraptor|Staraptite
|move|p2b: Whimsicott|Protect|p2b: Whimsicott
|-singleturn|p2b: Whimsicott|Protect
|move|p1a: Gholdengo|Protect|p1a: Gholdengo
|-singleturn|p1a: Gholdengo|Protect
|move|p2a: Sceptile|Earth Power|p1a: Gholdengo
|-activate|p1a: Gholdengo|move: Protect
|move|p1b: Staraptor|Close Combat|p2b: Whimsicott
|-activate|p2b: Whimsicott|move: Protect
|
|upkeep
|turn|4
|
|t:|1785424803
|switch|p2b: Rotom|Rotom-Frost, L50|100/100
|switch|p1a: Sinistcha|Sinistcha-Masterpiece, L50, shiny|100/100
|move|p2a: Sceptile|Detect|p2a: Sceptile
|-singleturn|p2a: Sceptile|Protect
|move|p1b: Staraptor|Close Combat|p2a: Sceptile
|-activate|p2a: Sceptile|move: Protect
|
|upkeep
|turn|5
|
|t:|1785424826
|move|p1b: Staraptor|Protect|p1b: Staraptor
|-singleturn|p1b: Staraptor|Protect
|move|p2b: Rotom|Discharge|p1a: Sinistcha|[spread] p1a
|-activate|p1b: Staraptor|move: Protect
|-ability|p2a: Sceptile|Lightning Rod|boost
|-boost|p2a: Sceptile|spa|1
|-resisted|p1a: Sinistcha|1
|-damage|p1a: Sinistcha|86/100
|move|p2a: Sceptile|Dragon Pulse|p1b: Staraptor
|-activate|p1b: Staraptor|move: Protect
|move|p1a: Sinistcha|Matcha Gotcha|p2b: Rotom|[spread] p2a,p2b
|-resisted|p2a: Sceptile|2
|-damage|p2a: Sceptile|3/100
|-heal|p1a: Sinistcha|89/100|[from] drain|[of] p2a: Sceptile
|-damage|p2b: Rotom|64/100
|-heal|p1a: Sinistcha|100/100|[from] drain|[of] p2b: Rotom
|
|upkeep
|turn|6
|inactive|munjah 14 has 30 seconds left.
|
|t:|1785424853
|switch|p1b: Gholdengo|Gholdengo, L50, shiny|90/100
|move|p2b: Rotom|Discharge|p1a: Sinistcha|[spread] p1a,p1b
|-ability|p2a: Sceptile|Lightning Rod|boost
|-boost|p2a: Sceptile|spa|1
|-resisted|p1a: Sinistcha|1
|-damage|p1a: Sinistcha|87/100
|-damage|p1b: Gholdengo|62/100
|-status|p1b: Gholdengo|par
|move|p2a: Sceptile|Dragon Pulse|p1a: Sinistcha
|-damage|p1a: Sinistcha|0 fnt
|faint|p1a: Sinistcha
|
|upkeep
|
|t:|1785424864
|switch|p1a: Staraptor|Staraptor-Mega, L50, F, shiny|100/100
|turn|7
|
|t:|1785424874
|move|p2b: Rotom|Discharge|p1b: Gholdengo|[spread] p1a,p1b
|-ability|p2a: Sceptile|Lightning Rod|boost
|-boost|p2a: Sceptile|spa|1
|-supereffective|p1a: Staraptor|1
|-damage|p1a: Staraptor|42/100
|-damage|p1b: Gholdengo|37/100 par
|move|p2a: Sceptile|Earth Power|p1b: Gholdengo
|-supereffective|p1b: Gholdengo|1
|-damage|p1b: Gholdengo|0 fnt
|faint|p1b: Gholdengo
|move|p1a: Staraptor|Close Combat|p2b: Rotom
|-supereffective|p2b: Rotom|1
|-damage|p2b: Rotom|0 fnt
|-boost|p1a: Staraptor|def|1
|-boost|p1a: Staraptor|spd|1
|faint|p2b: Rotom
|
|upkeep
|
|t:|1785424882
|switch|p2b: Whimsicott|Whimsicott, L50, M|1/100
|turn|8
|
|t:|1785424891
|move|p2b: Whimsicott|Encore|p1a: Staraptor
|-start|p1a: Staraptor|Encore
|move|p2a: Sceptile|Dragon Pulse|p1a: Staraptor
|-damage|p1a: Staraptor|0 fnt
|faint|p1a: Staraptor
|
|win|ToastedArt
