|j|☆Gab98
|j|☆HopeAddict
|html|Gab98HopeAddict    
|uhtml|bestof|Game 3 of a best-of-3
|t:|1756842369
|gametype|doubles
|player|p1|Gab98|hilbert|1098
|player|p2|HopeAddict|bill|1085
|gen|9
|tier|[Gen 9] VGC 2025 Reg H (Bo3)
|rated|
|rule|Species Clause: Limit one of each Pokémon
|rule|Item Clause: Limit 1 of each item
|clearpoke
|poke|p1|Pelipper, L50, F|
|poke|p1|Archaludon, L50, F|
|poke|p1|Murkrow, L50, M|
|poke|p1|Basculegion, L50, M|
|poke|p1|Amoonguss, L50, M|
|poke|p1|Incineroar, L50, M|
|poke|p2|Corviknight, L50, M|
|poke|p2|Garchomp, L50, M|
|poke|p2|Ninetales-Alola, L50, M|
|poke|p2|Sneasler, L50, M|
|poke|p2|Primarina, L50, M|
|poke|p2|Amoonguss, L50, M|
|teampreview|4
|showteam|p1|Pelipper||FocusSash|Drizzle|Hurricane,WeatherBall,IcyWind,Protect|||F|||50|,,,,,Ghost]Archaludon||AssaultVest|Stamina|DragonPulse,FlashCannon,ElectroShot,BodyPress|||F|||50|,,,,,Grass]Murkrow||Eviolite|Prankster|BraveBird,RainDance,Haze,Tailwind|||M|||50|,,,,,Ghost]Basculegion||ChoiceBand|SwiftSwim|WaveCrash,AquaJet,FlipTurn,LastRespects|||M|||50|,,,,,Water]Amoonguss||RockyHelmet|Regenerator|PollenPuff,Spore,RagePowder,Protect|||M|||50|,,,,,Water]Incineroar||SafetyGoggles|Intimidate|FlareBlitz,KnockOff,FakeOut,PartingShot|||M|||50|,,,,,Ghost
|showteam|p2|Corviknight||Leftovers|MirrorArmor|BraveBird,BodyPress,BulkUp,Tailwind|||M|||50|,,,,,Fire]Garchomp||ClearAmulet|RoughSkin|Earthquake,RockSlide,StompingTantrum,Protect|||M|||50|,,,,,Ground]Ninetales-Alola||LightClay|SnowWarning|Blizzard,Encore,AuroraVeil,Protect|||M|||50|,,,,,Ghost]Sneasler||WhiteHerb|Unburden|DireClaw,CloseCombat,Protect,Coaching|||M|||50|,,,,,Flying]Primarina||ThroatSpray|LiquidVoice|HyperVoice,Moonblast,CalmMind,Protect|||M|||50|,,,,,Poison]Amoonguss||SitrusBerry|Regenerator|ClearSmog,PollenPuff,RagePowder,Spore|||M|||50|,,,,,Psychic
|inactive|Battle timer is ON: inactive players will automatically lose when time's up. (requested by HopeAddict)
|inactive|HopeAddict has 60 seconds left.
|inactive|HopeAddict has 30 seconds left.
|inactive|HopeAddict has 20 seconds left.
|inactive|HopeAddict has 15 seconds left.
|
|t:|1756842449
|teamsize|p1|4
|teamsize|p2|4
|start
|switch|p1a: Murkrow|Murkrow, L50, M|100/100
|switch|p1b: Basculegion|Basculegion, L50, M|100/100
|switch|p2a: Sneasler|Sneasler, L50, M|100/100
|switch|p2b: Corviknight|Corviknight, L50, M, shiny|100/100
|turn|1
|inactive|HopeAddict has 30 seconds left.
|
|t:|1756842483
|switch|p2a: Amoonguss|Amoonguss, L50, M|100/100
|move|p1a: Murkrow|Rain Dance|p1a: Murkrow
|-weather|RainDance
|move|p1b: Basculegion|Flip Turn|p2a: Amoonguss
|-resisted|p2a: Amoonguss
|-damage|p2a: Amoonguss|71/100
|
|t:|1756842489
|switch|p1b: Archaludon|Archaludon, L50, F|100/100|[from] Flip Turn
|move|p2b: Corviknight|Brave Bird|p1b: Archaludon
|-resisted|p1b: Archaludon
|-damage|p1b: Archaludon|86/100
|-ability|p1b: Archaludon|Stamina|boost
|-boost|p1b: Archaludon|def|1
|-damage|p2b: Corviknight|96/100|[from] Recoil
|
|-weather|RainDance|[upkeep]
|-heal|p2b: Corviknight|100/100|[from] item: Leftovers
|upkeep
|turn|2
|
|t:|1756842506
|switch|p2b: Garchomp|Garchomp, L50, M, shiny|100/100
|move|p1a: Murkrow|Brave Bird|p2a: Amoonguss
|-supereffective|p2a: Amoonguss
|-damage|p2a: Amoonguss|0 fnt
|faint|p2a: Amoonguss
|-damage|p1a: Murkrow|63/100|[from] Recoil
|move|p1b: Archaludon|Body Press|p2b: Garchomp
|-damage|p2b: Garchomp|63/100
|-damage|p1b: Archaludon|73/100|[from] ability: Rough Skin|[of] p2b: Garchomp
|
|-weather|RainDance|[upkeep]
|upkeep
|inactive|HopeAddict has 30 seconds left.
|
|t:|1756842532
|switch|p2a: Sneasler|Sneasler, L50, M|100/100
|turn|3
|
|t:|1756842553
|-terastallize|p2b: Garchomp|Ground
|move|p1a: Murkrow|Tailwind|p1a: Murkrow
|-sidestart|p1: Gab98|move: Tailwind
|move|p1b: Archaludon|Dragon Pulse|p2b: Garchomp
|-crit|p2b: Garchomp
|-damage|p2b: Garchomp|0 fnt
|faint|p2b: Garchomp
|move|p2a: Sneasler|Dire Claw|p1a: Murkrow
|-damage|p1a: Murkrow|0 fnt
|faint|p1a: Murkrow
|
|-weather|RainDance|[upkeep]
|upkeep
|
|t:|1756842568
|switch|p2b: Corviknight|Corviknight, L50, M, shiny|100/100
|switch|p1a: Basculegion|Basculegion, L50, M|100/100
|turn|4
|c|☆Gab98|gg
|inactive|HopeAddict has 30 seconds left.
|
|t:|1756842599
|-terastallize|p1a: Basculegion|Water
|move|p1a: Basculegion|Wave Crash|p2b: Corviknight
|-damage|p2b: Corviknight|0 fnt
|faint|p2b: Corviknight
|-damage|p1a: Basculegion|68/100|[from] Recoil
|move|p1b: Archaludon|Electro Shot||[still]
|-prepare|p1b: Archaludon|Electro Shot
|-boost|p1b: Archaludon|spa|1
|-anim|p1b: Archaludon|Electro Shot|p2a: Sneasler
|-damage|p2a: Sneasler|12/100
|move|p2a: Sneasler|Close Combat|p1b: Archaludon
|-supereffective|p1b: Archaludon
|-damage|p1b: Archaludon|13/100
|-unboost|p2a: Sneasler|def|1
|-unboost|p2a: Sneasler|spd|1
|-ability|p1b: Archaludon|Stamina|boost
|-boost|p1b: Archaludon|def|1
|-enditem|p2a: Sneasler|White Herb
|-clearnegativeboost|p2a: Sneasler|[silent]
|
|-weather|RainDance|[upkeep]
|upkeep
|turn|5
|c|☆HopeAddict|ggwp
|
|t:|1756842615
|move|p1a: Basculegion|Wave Crash|p2a: Sneasler
|-damage|p2a: Sneasler|0 fnt
|faint|p2a: Sneasler
|-damage|p1a: Basculegion|65/100|[from] Recoil
|
|win|Gab98
|raw|Gab98's rating: 1098 → 1122(+24 for winning)
|raw|HopeAddict's rating: 1085 → 1063(-22 for losing)
|l|☆Gab98
|player|p1|
