|j|☆Dnoal17
|j|☆Pawah
|html|Dnoal17Pawah    
|uhtml|bestof|Game 1 of a best-of-3
|t:|1756843765
|gametype|doubles
|player|p1|Dnoal17|bellelba|1061
|player|p2|Pawah|ethan|1225
|gen|9
|tier|[Gen 9] VGC 2025 Reg H (Bo3)
|rated|
|rule|Species Clause: Limit one of each Pokémon
|rule|Item Clause: Limit 1 of each item
|clearpoke
|poke|p1|Amoonguss, L50, F|
|poke|p1|Ursaluna, L50, F|
|poke|p1|Indeedee-F, L50, F|
|poke|p1|Hatterene, L50, F|
|poke|p1|Torkoal, L50, F|
|poke|p1|Dusclops, L50, M|
|poke|p2|Ursaluna, L50, M|
|poke|p2|Sinistcha, L50|
|poke|p2|Pelipper, L50, M|
|poke|p2|Archaludon, L50, F|
|poke|p2|Gholdengo, L50|
|poke|p2|Dragonite, L50, M|
|teampreview|4
|showteam|p1|Amoonguss||SitrusBerry|Regenerator|Spore,RagePowder,PollenPuff,Protect|||F|||50|,,,,,Water]Ursaluna||FlameOrb|Guts|HeadlongRush,Facade,SwordsDance,Protect|||F|||50|,,,,,Normal]Indeedee-F||PsychicSeed|PsychicSurge|Psychic,FollowMe,HelpingHand,TrickRoom|||F|||50|,,,,,Fairy]Hatterene||Leftovers|MagicBounce|CalmMind,DrainingKiss,PsychicNoise,MysticalFire|||F|||50|,,,,,Water]Torkoal||Charcoal|Drought|Eruption,HeatWave,EarthPower,Protect|||F|||50|,,,,,Fire]Dusclops||Eviolite|Pressure|Taunt,Disable,Poltergeist,TrickRoom|||M|||50|,,,,,Dark
|showteam|p2|Ursaluna||FlameOrb|Guts|HeadlongRush,Facade,Protect,Earthquake|||M|||50|,,,,,Ghost]Sinistcha||SitrusBerry|Hospitality|RagePowder,TrickRoom,LifeDew,MatchaGotcha||||||50|,,,,,Dark]Pelipper||FocusSash|Drizzle|Hurricane,Protect,WeatherBall,WideGuard|||M|||50|,,,,,Ghost]Archaludon||AssaultVest|Stamina|ElectroShot,FlashCannon,BodyPress,DracoMeteor|||F|||50|,,,,,Bug]Gholdengo||LifeOrb|GoodasGold|MakeItRain,ShadowBall,NastyPlot,Protect||||||50|,,,,,Water]Dragonite||LoadedDice|Multiscale|Protect,ScaleShot,Tailwind,Haze|||M|||50|,,,,,Fairy
|inactive|Battle timer is ON: inactive players will automatically lose when time's up. (requested by Pawah)
|inactive|Dnoal17 also wants the timer to be on.
|inactive|Pawah has 60 seconds left.
|
|t:|1756843817
|teamsize|p1|4
|teamsize|p2|4
|start
|switch|p1a: Amoonguss|Amoonguss, L50, F|100/100
|switch|p1b: Ursaluna|Ursaluna, L50, F|100/100
|switch|p2a: Gholdengo|Gholdengo, L50|100/100
|switch|p2b: Ursaluna|Ursaluna, L50, M|100/100
|turn|1
|inactive|Dnoal17 has 30 seconds left.
|
|t:|1756843850
|move|p2a: Gholdengo|Make It Rain|p1a: Amoonguss|[spread] p1a,p1b
|-damage|p1a: Amoonguss|62/100
|-damage|p1b: Ursaluna|47/100
|-unboost|p2a: Gholdengo|spa|1
|-damage|p2a: Gholdengo|91/100|[from] item: Life Orb
|move|p2b: Ursaluna|Headlong Rush|p1b: Ursaluna
|-damage|p1b: Ursaluna|0 fnt
|-unboost|p2b: Ursaluna|def|1
|-unboost|p2b: Ursaluna|spd|1
|faint|p1b: Ursaluna
|move|p1a: Amoonguss|Spore|p2b: Ursaluna
|-status|p2b: Ursaluna|slp|[from] move: Spore
|
|upkeep
|
|t:|1756843865
|switch|p1b: Indeedee|Indeedee-F, L50, F|100/100
|-fieldstart|move: Psychic Terrain|[from] ability: Psychic Surge|[of] p1b: Indeedee
|-enditem|p1b: Indeedee|Psychic Seed
|-boost|p1b: Indeedee|spd|1|[from] item: Psychic Seed
|turn|2
|
|t:|1756843886
|switch|p2b: Sinistcha|Sinistcha, L50|100/100
|-heal|p2a: Gholdengo|100/100|[from] ability: Hospitality|[of] p2b: Sinistcha
|switch|p1a: Torkoal|Torkoal, L50, F|100/100
|-weather|SunnyDay|[from] ability: Drought|[of] p1a: Torkoal
|move|p2a: Gholdengo|Nasty Plot|p2a: Gholdengo
|-boost|p2a: Gholdengo|spa|2
|move|p1b: Indeedee|Trick Room|p1b: Indeedee
|-fieldstart|move: Trick Room|[of] p1b: Indeedee
|
|-weather|SunnyDay|[upkeep]
|upkeep
|turn|3
|
|t:|1756843906
|switch|p2a: Pelipper|Pelipper, L50, M|100/100
|-weather|RainDance|[from] ability: Drizzle|[of] p2a: Pelipper
|-terastallize|p2b: Sinistcha|Dark
|move|p1b: Indeedee|Helping Hand|p1a: Torkoal
|-singleturn|p1a: Torkoal|Helping Hand|[of] p1b: Indeedee
|move|p1a: Torkoal|Eruption|p2b: Sinistcha|[spread] p2a,p2b
|-resisted|p2a: Pelipper
|-damage|p2a: Pelipper|61/100
|-damage|p2b: Sinistcha|62/100
|move|p2b: Sinistcha|Trick Room|p2b: Sinistcha
|-fieldend|move: Trick Room
|
|-weather|RainDance|[upkeep]
|upkeep
|turn|4
|inactive|Dnoal17 has 30 seconds left.
|
|t:|1756843934
|switch|p1a: Amoonguss|Amoonguss, L50, F|95/100
|move|p2a: Pelipper|Hurricane|p1b: Indeedee
|-damage|p1b: Indeedee|65/100
|move|p1b: Indeedee|Psychic|p2a: Pelipper
|-damage|p2a: Pelipper|0 fnt
|faint|p2a: Pelipper
|move|p2b: Sinistcha|Matcha Gotcha|p1b: Indeedee|[spread] p1b
|-miss|p2b: Sinistcha|p1a: Amoonguss
|-damage|p1b: Indeedee|50/100
|-heal|p2b: Sinistcha|70/100|[from] drain|[of] p1b: Indeedee
|
|-weather|RainDance|[upkeep]
|upkeep
|
|t:|1756843942
|switch|p2a: Gholdengo|Gholdengo, L50|100/100
|turn|5
|
|t:|1756843963
|move|p2a: Gholdengo|Make It Rain|p1a: Amoonguss|[spread] p1a,p1b
|-damage|p1a: Amoonguss|52/100
|-damage|p1b: Indeedee|15/100
|-unboost|p2a: Gholdengo|spa|1
|-damage|p2a: Gholdengo|91/100|[from] item: Life Orb
|move|p2b: Sinistcha|Matcha Gotcha|p1b: Indeedee|[spread] p1a,p1b
|-resisted|p1a: Amoonguss
|-damage|p1a: Amoonguss|48/100
|-heal|p2b: Sinistcha|72/100|[from] drain|[of] p1a: Amoonguss
|-damage|p1b: Indeedee|0 fnt
|-heal|p2b: Sinistcha|80/100|[from] drain|[of] p1b: Indeedee
|-status|p1a: Amoonguss|brn
|-enditem|p1a: Amoonguss|Sitrus Berry|[eat]
|-heal|p1a: Amoonguss|73/100 brn|[from] item: Sitrus Berry
|faint|p1b: Indeedee
|move|p1a: Amoonguss|Pollen Puff|p1: Indeedee|[notarget]
|-fail|p1a: Amoonguss
|
|-weather|RainDance|[upkeep]
|-damage|p1a: Amoonguss|67/100 brn|[from] brn
|upkeep
|
|t:|1756843977
|switch|p1b: Torkoal|Torkoal, L50, F|100/100
|-weather|SunnyDay|[from] ability: Drought|[of] p1b: Torkoal
|turn|6
|
|t:|1756843994
|switch|p2a: Ursaluna|Ursaluna, L50, M|100/100 slp
|-terastallize|p1b: Torkoal|Fire
|move|p1a: Amoonguss|Rage Powder|p1a: Amoonguss
|-singleturn|p1a: Amoonguss|move: Rage Powder
|move|p2b: Sinistcha|Matcha Gotcha|p1a: Amoonguss|[spread] p1a,p1b
|-resisted|p1a: Amoonguss
|-resisted|p1b: Torkoal
|-damage|p1a: Amoonguss|63/100 brn
|-heal|p2b: Sinistcha|83/100|[from] drain|[of] p1a: Amoonguss
|-damage|p1b: Torkoal|86/100
|-heal|p2b: Sinistcha|90/100|[from] drain|[of] p1b: Torkoal
|move|p1b: Torkoal|Eruption|p2a: Ursaluna|[spread] p2a,p2b
|-damage|p2a: Ursaluna|22/100 slp
|-damage|p2b: Sinistcha|0 fnt
|faint|p2b: Sinistcha
|
|-weather|SunnyDay|[upkeep]
|-damage|p1a: Amoonguss|57/100 brn|[from] brn
|-fieldend|move: Psychic Terrain
|upkeep
|
|t:|1756844008
|switch|p2b: Gholdengo|Gholdengo, L50|91/100
|turn|7
|
|t:|1756844024
|move|p2b: Gholdengo|Protect|p2b: Gholdengo
|-singleturn|p2b: Gholdengo|Protect
|move|p1a: Amoonguss|Rage Powder|p1a: Amoonguss
|-singleturn|p1a: Amoonguss|move: Rage Powder
|cant|p2a: Ursaluna|slp
|move|p1b: Torkoal|Heat Wave|p2a: Ursaluna|[spread] 
|-activate|p2b: Gholdengo|move: Protect
|-miss|p1b: Torkoal|p2a: Ursaluna
|
|-weather|SunnyDay|[upkeep]
|-damage|p1a: Amoonguss|51/100 brn|[from] brn
|upkeep
|turn|8
|inactive|Pawah has 30 seconds left.
|
|t:|1756844051
|move|p2b: Gholdengo|Make It Rain|p1a: Amoonguss|[spread] p1a,p1b
|-resisted|p1b: Torkoal
|-damage|p1a: Amoonguss|10/100 brn
|-damage|p1b: Torkoal|44/100
|-unboost|p2b: Gholdengo|spa|1
|-damage|p2b: Gholdengo|81/100|[from] item: Life Orb
|cant|p2a: Ursaluna|slp
|move|p1a: Amoonguss|Spore|p2a: Ursaluna
|-fail|p2a: Ursaluna|slp
|move|p1b: Torkoal|Eruption|p2a: Ursaluna|[spread] p2a,p2b
|-supereffective|p2b: Gholdengo
|-damage|p2a: Ursaluna|0 fnt
|-damage|p2b: Gholdengo|0 fnt
|faint|p2a: Ursaluna
|faint|p2b: Gholdengo
|
|win|Dnoal17
