|j|☆zootvgc
|j|☆Juicelo8
|html|zootvgcJuicelo8    
|uhtml|bestof|Game 2 of a best-of-3
|t:|1782515285
|gametype|doubles
|player|p1|zootvgc|palmer|
|player|p2|Juicelo8|170|
|gen|9
|tier|[Gen 9 Champions] VGC 2026 Reg M-B (Bo3)
|rule|Species Clause: Limit one of each Pokémon
|rule|Item Clause: Limit 1 of each item
|clearpoke
|poke|p1|Staraptor, L50, M|
|poke|p1|Grimmsnarl, L50, M|
|poke|p1|Sinistcha, L50|
|poke|p1|Mawile, L50, F|
|poke|p1|Torkoal, L50, F|
|poke|p1|Farigiraf, L50, F|
|poke|p2|Swampert, L50, M|
|poke|p2|Pelipper, L50, F|
|poke|p2|Archaludon, L50, M, shiny|
|poke|p2|Grimmsnarl, L50, M, shiny|
|poke|p2|Sinistcha-Masterpiece, L50|
|poke|p2|Metagross, L50, shiny|
|teampreview|4
|showteam|p1|Staraptor||ChoiceScarf|Intimidate|FinalGambit,CloseCombat,BraveBird,Uturn|Jolly||M|||50|]Grimmsnarl||BabiriBerry|Pickpocket|ThroatChop,LowKick,PartingShot,FakeOut|Brave||M|||50|]Sinistcha||SitrusBerry|Hospitality|MatchaGotcha,ShadowBall,RagePowder,TrickRoom|Modest|||||50|]Mawile||Mawilite|Intimidate|IronHead,PlayRough,SuckerPunch,Protect|Brave||F|||50|]Torkoal||Charcoal|Drought|Eruption,HeatWave,EarthPower,Protect|Quiet||F|||50|]Farigiraf||ColburBerry|ArmorTail|Psychic,Thunderbolt,TrickRoom,HelpingHand|Sassy||F|||50|
|showteam|p2|Swampert||Swampertite|Damp|WaveCrash,Earthquake,PoisonJab,Protect|Adamant||M|||50|]Pelipper||FocusSash|Drizzle|WeatherBall,Hurricane,Protect,Tailwind|Modest||F|||50|]Archaludon||Leftovers|Stamina|ElectroShot,FlashCannon,DragonPulse,Protect|Timid||M|||50|]Grimmsnarl|||Prankster|Reflect,FakeOut,LightScreen,PartingShot|Careful||M|||50|]Sinistcha-Masterpiece||SitrusBerry|Hospitality|MatchaGotcha,TrickRoom,RagePowder,Protect|Bold|||||50|]Metagross||Metagrossite|ClearBody|BodyPress,PsychicFangs,IronHead,Protect|Adamant|||||50|
|inactive|Battle timer is ON: inactive players will automatically lose when time's up. (requested by zootvgc)
|inactive|Juicelo8 has 60 seconds left.
|inactive|Juicelo8 has 30 seconds left.
|
|t:|1782515352
|teamsize|p1|4
|teamsize|p2|4
|start
|switch|p1a: Staraptor|Staraptor, L50, M|100/100
|switch|p1b: Farigiraf|Farigiraf, L50, F|100/100
|switch|p2a: Sinistcha|Sinistcha-Masterpiece, L50|100/100
|switch|p2b: Metagross|Metagross, L50, shiny|100/100
|-ability|p1a: Staraptor|Intimidate|boost
|-unboost|p2a: Sinistcha|atk|1
|-fail|p2b: Metagross|unboost|[from] ability: Clear Body|[of] p2b: Metagross
|turn|1
|inactive|zootvgc has 30 seconds left.
|
|t:|1782515378
|switch|p1b: Mawile|Mawile, L50, F|100/100
|-ability|p1b: Mawile|Intimidate|boost
|-unboost|p2a: Sinistcha|atk|1
|-fail|p2b: Metagross|unboost|[from] ability: Clear Body|[of] p2b: Metagross
|detailschange|p2b: Metagross|Metagross-Mega, L50, shiny
|-mega|p2b: Metagross|Metagross|Metagrossite
|move|p2a: Sinistcha|Rage Powder|p2a: Sinistcha
|-singleturn|p2a: Sinistcha|move: Rage Powder
|move|p1a: Staraptor|U-turn|p2a: Sinistcha
|-damage|p2a: Sinistcha|83/100
|
|t:|1782515388
|switch|p1a: Farigiraf|Farigiraf, L50, F|100/100|[from] U-turn
|move|p2b: Metagross|Iron Head|p1b: Mawile
|-damage|p1b: Mawile|12/100
|
|upkeep
|turn|2
|inactive|zootvgc has 30 seconds left.
|inactive|Juicelo8 has 30 seconds left.
|
|t:|1782515419
|move|p1b: Mawile|Protect|p1b: Mawile
|-singleturn|p1b: Mawile|Protect
|move|p2a: Sinistcha|Rage Powder|p2a: Sinistcha
|-singleturn|p2a: Sinistcha|move: Rage Powder
|move|p2b: Metagross|Iron Head|p1a: Farigiraf
|-damage|p1a: Farigiraf|43/100
|move|p1a: Farigiraf|Psychic|p2a: Sinistcha
|-damage|p2a: Sinistcha|48/100
|-enditem|p2a: Sinistcha|Sitrus Berry|[eat]
|-heal|p2a: Sinistcha|73/100|[from] item: Sitrus Berry
|
|upkeep
|turn|3
|inactive|zootvgc has 30 seconds left.
|inactive|Juicelo8 has 30 seconds left.
|inactive|zootvgc has 20 seconds left.
|inactive|zootvgc has 15 seconds left.
|inactive|zootvgc has 10 seconds left.
|
|t:|1782515466
|switch|p1a: Staraptor|Staraptor, L50, M|100/100
|-ability|p1a: Staraptor|Intimidate|boost
|-unboost|p2a: Sinistcha|atk|1
|-unboost|p2b: Metagross|atk|1
|detailschange|p1b: Mawile|Mawile-Mega, L50, F
|-mega|p1b: Mawile|Mawile|Mawilite
|move|p2a: Sinistcha|Rage Powder|p2a: Sinistcha
|-singleturn|p2a: Sinistcha|move: Rage Powder
|move|p2b: Metagross|Iron Head|p1a: Staraptor
|-damage|p1a: Staraptor|50/100y
|move|p1b: Mawile|Play Rough|p2a: Sinistcha
|-damage|p2a: Sinistcha|0 fnt
|faint|p2a: Sinistcha
|
|upkeep
|
|t:|1782515482
|switch|p2a: Pelipper|Pelipper, L50, F|100/100
|-weather|RainDance|[from] ability: Drizzle|[of] p2a: Pelipper
|turn|4
|
|t:|1782515496
|move|p2b: Metagross|Protect|p2b: Metagross
|-singleturn|p2b: Metagross|Protect
|move|p1b: Mawile|Sucker Punch||[still]
|-fail|p1b: Mawile
|move|p1a: Staraptor|U-turn|p2a: Pelipper
|-resisted|p2a: Pelipper|1
|-damage|p2a: Pelipper|87/100
|
|t:|1782515502
|switch|p1a: Torkoal|Torkoal, L50, F|100/100|[from] U-turn
|-weather|SunnyDay|[from] ability: Drought|[of] p1a: Torkoal
|move|p2a: Pelipper|Weather Ball|p1b: Mawile
|-supereffective|p1b: Mawile|1
|-damage|p1b: Mawile|0 fnt
|faint|p1b: Mawile
|
|-weather|SunnyDay|[upkeep]
|upkeep
|
|t:|1782515516
|switch|p1b: Farigiraf|Farigiraf, L50, F|43/100
|turn|5
|inactive|zootvgc has 30 seconds left.
|inactive|Juicelo8 has 30 seconds left.
|inactive|zootvgc has 20 seconds left.
|inactive|Juicelo8 has 20 seconds left.
|inactive|zootvgc has 15 seconds left.
|
|t:|1782515559
|switch|p2a: Swampert|Swampert, L50, M|100/100
|move|p1b: Farigiraf|Helping Hand|p1a: Torkoal
|-singleturn|p1a: Torkoal|Helping Hand|[of] p1b: Farigiraf
|move|p2b: Metagross|Iron Head|p1b: Farigiraf
|-damage|p1b: Farigiraf|3/100
|move|p1a: Torkoal|Eruption|p2b: Metagross|[spread] p2a,p2b
|-resisted|p2a: Swampert|1
|-supereffective|p2b: Metagross|1
|-damage|p2a: Swampert|37/100
|-damage|p2b: Metagross|0 fnt
|faint|p2b: Metagross
|
|-weather|SunnyDay|[upkeep]
|upkeep
|
|t:|1782515571
|switch|p2b: Pelipper|Pelipper, L50, F|87/100
|-weather|RainDance|[from] ability: Drizzle|[of] p2b: Pelipper
|turn|6
|inactive|zootvgc has 30 seconds left.
|
|t:|1782515602
|switch|p1b: Staraptor|Staraptor, L50, M|50/100y
|-ability|p1b: Staraptor|Intimidate|boost
|-unboost|p2a: Swampert|atk|1
|-unboost|p2b: Pelipper|atk|1
|move|p1a: Torkoal|Protect|p1a: Torkoal
|-singleturn|p1a: Torkoal|Protect
|move|p2b: Pelipper|Hurricane|p1b: Staraptor
|-damage|p1b: Staraptor|0 fnt
|faint|p1b: Staraptor
|move|p2a: Swampert|Wave Crash|p1a: Torkoal
|-activate|p1a: Torkoal|move: Protect
|
|-weather|RainDance|[upkeep]
|upkeep
|
|t:|1782515615
|switch|p1b: Farigiraf|Farigiraf, L50, F|3/100
|turn|7
|
|t:|1782515630
|move|p2b: Pelipper|Weather Ball|p1b: Farigiraf
|-crit|p1b: Farigiraf
|-damage|p1b: Farigiraf|0 fnt
|faint|p1b: Farigiraf
|move|p2a: Swampert|Wave Crash|p1a: Torkoal
|-supereffective|p1a: Torkoal|1
|-damage|p1a: Torkoal|10/100
|-damage|p2a: Swampert|10/100|[from] Recoil
|move|p1a: Torkoal|Heat Wave|p2a: Swampert|[spread] p2b
|-miss|p1a: Torkoal|p2a: Swampert
|-resisted|p2b: Pelipper|1
|-damage|p2b: Pelipper|72/100
|
|-weather|RainDance|[upkeep]
|upkeep
|turn|8
|
|t:|1782515644
|move|p2b: Pelipper|Weather Ball|p1a: Torkoal
|-supereffective|p1a: Torkoal|1
|-damage|p1a: Torkoal|0 fnt
|faint|p1a: Torkoal
|
|win|Juicelo8
