|j|â˜†colemarcusvgc
|j|â˜†spellbreakvgc
|html|colemarcusvgcspellbreakvgc    
|uhtml|bestof|Game 3 of a best-of-3
|t:|1756794814
|gametype|doubles
|player|p1|colemarcusvgc|n|1063
|player|p2|spellbreakvgc|lance|1107
|gen|9
|tier|[Gen 9] VGC 2025 Reg H (Bo3)
|rated|
|rule|Species Clause: Limit one of each PokÃ©mon
|rule|Item Clause: Limit 1 of each item
|clearpoke
|poke|p1|Indeedee-F, L50, F|
|poke|p1|Hatterene, L50, F|
|poke|p1|Ursaluna, L50, F|
|poke|p1|Amoonguss, L50, M|
|poke|p1|Porygon2, L50|
|poke|p1|Tyranitar, L50, F|
|poke|p2|Garchomp, L50, M|
|poke|p2|Weezing-Galar, L50, M|
|poke|p2|Archaludon, L50, F|
|poke|p2|Gholdengo, L50|
|poke|p2|Talonflame, L50, F|
|poke|p2|Annihilape, L50, F|
|teampreview|4
|showteam|p1|Indeedee-F||RockyHelmet|PsychicSurge|FollowMe,HelpingHand,TrickRoom,DazzlingGleam|||F|||50|,,,,,Steel]Hatterene||LifeOrb|MagicBounce|TrickRoom,ExpandingForce,MysticalFire,DazzlingGleam|||F|||50|,,,,,Ghost]Ursaluna||FlameOrb|Guts|Facade,HeadlongRush,Earthquake,Protect|||F|||50|,,,,,Ghost]Amoonguss||SitrusBerry|Regenerator|Spore,RagePowder,PollenPuff,SludgeBomb|||M|||50|,,,,,Water]Porygon2||Eviolite|Download|IceBeam,TeraBlast,Recover,TrickRoom||||||50|,,,,,Grass]Tyranitar||SafetyGoggles|SandStream|RockSlide,Crunch,LowKick,IcePunch|||F|||50|,,,,,Fairy
|showteam|p2|Garchomp||LifeOrb|RoughSkin|DragonClaw,Earthquake,StompingTantrum,Protect|||M|||50|,,,,,Ground]Weezing-Galar||FocusSash|NeutralizingGas|Protect,SludgeBomb,Taunt,StrangeSteam|||M|||50|,,,,,Flying]Archaludon||PowerHerb|Sturdy|ElectroShot,Thunderbolt,DracoMeteor,Protect|||F|||50|,,,,,Electric]Gholdengo||ChoiceSpecs|GoodasGold|ShadowBall,DazzlingGleam,PowerGem,MakeItRain||||||50|,,,,,Fairy]Talonflame||CovertCloak|GaleWings|Tailwind,DualWingbeat,WillOWisp,FlareBlitz|||F|||50|,,,,,Stellar]Annihilape||AssaultVest|Defiant|CloseCombat,RageFist,FinalGambit,IcePunch|||F|||50|,,,,,Grass
|inactive|Battle timer is ON: inactive players will automatically lose when time's up. (requested by spellbreakvgc)
|c|â˜†colemarcusvgc|dude ik that crit was cray
|inactive|colemarcusvgc has 60 seconds left.
|
|t:|1756794856
|teamsize|p1|4
|teamsize|p2|4
|start
|switch|p1a: Indeedee|Indeedee-F, L50, F|100/100
|switch|p1b: Hatterene|Hatterene, L50, F|100/100
|switch|p2a: Weezing|Weezing-Galar, L50, M|100/100
|switch|p2b: Annihilape|Annihilape, L50, F|100/100
|-ability|p2a: Weezing|Neutralizing Gas
|turn|1
|
|t:|1756794877
|move|p2b: Annihilape|Final Gambit|p1a: Indeedee
|-damage|p1a: Indeedee|0 fnt
|faint|p2b: Annihilape
|faint|p1a: Indeedee
|move|p2a: Weezing|Taunt|p1b: Hatterene
|-start|p1b: Hatterene|move: Taunt
|move|p1b: Hatterene|Expanding Force|p2a: Weezing
|-supereffective|p2a: Weezing
|-enditem|p2a: Weezing|Focus Sash
|-damage|p2a: Weezing|1/100
|-damage|p1b: Hatterene|91/100|[from] item: Life Orb
|
|upkeep
|
|t:|1756794901
|switch|p2b: Gholdengo|Gholdengo, L50|100/100
|switch|p1a: Porygon2|Porygon2, L50|100/100
|turn|2
|
|t:|1756794924
|-terastallize|p1a: Porygon2|Grass
|move|p2b: Gholdengo|Make It Rain|p1b: Hatterene|[spread] p1a,p1b
|-supereffective|p1b: Hatterene
|-damage|p1a: Porygon2|55/100
|-damage|p1b: Hatterene|0 fnt
|-unboost|p2b: Gholdengo|spa|1
|faint|p1b: Hatterene
|move|p2a: Weezing|Taunt|p1a: Porygon2
|-start|p1a: Porygon2|move: Taunt
|cant|p1a: Porygon2|move: Taunt|Recover
|
|upkeep
|
|t:|1756794934
|switch|p1b: Ursaluna|Ursaluna, L50, F|100/100
|turn|3
|
|t:|1756794944
|switch|p2b: Garchomp|Garchomp, L50, M|100/100
|move|p2a: Weezing|Protect|p2a: Weezing
|-singleturn|p2a: Weezing|Protect
|move|p1a: Porygon2|Tera Blast|p2a: Weezing|[anim] Tera Blast Grass
|-activate|p2a: Weezing|move: Protect
|move|p1b: Ursaluna|Headlong Rush|p2b: Garchomp
|-damage|p2b: Garchomp|25/100
|-unboost|p1b: Ursaluna|def|1
|-unboost|p1b: Ursaluna|spd|1
|
|-status|p1b: Ursaluna|brn|[from] item: Flame Orb
|upkeep
|turn|4
|inactive|spellbreakvgc has 30 seconds left.
|inactive|colemarcusvgc has 30 seconds left.
|inactive|spellbreakvgc has 20 seconds left.
|inactive|spellbreakvgc has 15 seconds left.
|inactive|spellbreakvgc has 10 seconds left.
|
|t:|1756794993
|move|p2b: Garchomp|Dragon Claw|p1b: Ursaluna
|-damage|p1b: Ursaluna|46/100 brn
|-damage|p2b: Garchomp|16/100|[from] item: Life Orb
|move|p2a: Weezing|Sludge Bomb|p1a: Porygon2
|-supereffective|p1a: Porygon2
|-damage|p1a: Porygon2|11/100
|move|p1a: Porygon2|Ice Beam|p2a: Weezing
|-damage|p2a: Weezing|0 fnt
|faint|p2a: Weezing
|-end|p2a: Weezing|ability: Neutralizing Gas
|-ability|p1a: Porygon2|Download|boost
|-boost|p1a: Porygon2|spa|1
|move|p1b: Ursaluna|Headlong Rush|p2b: Garchomp
|-damage|p2b: Garchomp|0 fnt
|-unboost|p1b: Ursaluna|def|1
|-unboost|p1b: Ursaluna|spd|1
|-damage|p1b: Ursaluna|34/100 brn|[from] ability: Rough Skin|[of] p2b: Garchomp
|faint|p2b: Garchomp
|
|-damage|p1b: Ursaluna|28/100 brn|[from] brn
|-end|p1a: Porygon2|move: Taunt
|upkeep
|
|t:|1756795005
|switch|p2b: Gholdengo|Gholdengo, L50|100/100
|turn|5
|
|t:|1756795028
|-terastallize|p2b: Gholdengo|Fairy
|move|p1b: Ursaluna|Protect|p1b: Ursaluna
|-singleturn|p1b: Ursaluna|Protect
|move|p2b: Gholdengo|Make It Rain|p1b: Ursaluna|[spread] p1a
|-activate|p1b: Ursaluna|move: Protect
|-damage|p1a: Porygon2|0 fnt
|-unboost|p2b: Gholdengo|spa|1
|faint|p1a: Porygon2
|
|-damage|p1b: Ursaluna|22/100 brn|[from] brn
|upkeep
|turn|6
|
|t:|1756795040
|move|p2b: Gholdengo|Make It Rain|p1b: Ursaluna
|-damage|p1b: Ursaluna|0 fnt
|-unboost|p2b: Gholdengo|spa|1
|faint|p1b: Ursaluna
|
|win|spellbreakvgc
