|j|☆Sea's Searing
|j|☆Keith Jones
|html|Sea's SearingKeith Jones    
|uhtml|bestof|Game 3 of a best-of-3
|t:|1783445973
|gametype|doubles
|player|p1|Sea's Searing|265|1350
|player|p2|Keith Jones|benga|1494
|gen|9
|tier|[Gen 9 Champions] VGC 2026 Reg M-B (Bo3)
|rated|
|rule|Species Clause: Limit one of each Pokémon
|rule|Item Clause: Limit 1 of each item
|clearpoke
|poke|p1|Kingambit, L50, F|
|poke|p1|Sneasler, L50, M|
|poke|p1|Incineroar, L50, F|
|poke|p1|Sinistcha, L50|
|poke|p1|Floette-Eternal, L50, F|
|poke|p1|Delphox, L50, F|
|poke|p2|Raichu, L50, M|
|poke|p2|Garchomp, L50, F|
|poke|p2|Gyarados, L50, M|
|poke|p2|Sylveon, L50, M|
|poke|p2|Gholdengo, L50|
|poke|p2|Incineroar, L50, M|
|teampreview|4
|showteam|p1|Kingambit||BlackGlasses|Defiant|KowtowCleave,SuckerPunch,SwordsDance,Protect|Adamant||F|||50|]Sneasler||FocusSash|PoisonTouch|FakeOut,DireClaw,CloseCombat,QuickGuard|Jolly||M|||50|]Incineroar||SitrusBerry|Intimidate|FlareBlitz,PartingShot,HelpingHand,FakeOut|Careful||F|||50|]Sinistcha||OccaBerry|Hospitality|MatchaGotcha,RagePowder,TrickRoom,Protect|Bold|||||50|]Floette-Eternal||Floettite|FlowerVeil|DazzlingGleam,DrainingKiss,CalmMind,Protect|Modest||F|||50|]Delphox||Delphoxite|Blaze|HeatWave,Psyshock,NastyPlot,Protect|Timid||F|||50|
|showteam|p2|Raichu||RaichuniteY|LightningRod|ZapCannon,FocusBlast,FakeOut,Protect|Timid||M|||50|]Garchomp||RoseliBerry|RoughSkin|DragonClaw,StompingTantrum,Earthquake,PoisonJab|Jolly||F|||50|]Gyarados||SitrusBerry|Intimidate|Waterfall,IceFang,PowerWhip,Protect|Adamant||M|||50|]Sylveon||FairyFeather|Pixilate|HyperVoice,HyperBeam,Yawn,Detect|Modest||M|||50|]Gholdengo||LifeOrb|GoodasGold|MakeItRain,Hex,NastyPlot,Protect|Modest|||||50|]Incineroar||Charcoal|Intimidate|FlareBlitz,ThroatChop,PartingShot,FakeOut|Adamant||M|||50|
|
|t:|1783446011
|teamsize|p1|4
|teamsize|p2|4
|start
|switch|p1a: Delphox|Delphox, L50, F|100/100
|switch|p1b: Sinistcha|Sinistcha, L50|100/100
|switch|p2a: Raichu|Raichu, L50, M|100/100
|switch|p2b: Gholdengo|Gholdengo, L50|100/100
|turn|1
|
|t:|1783446034
|detailschange|p1a: Delphox|Delphox-Mega, L50, F
|-mega|p1a: Delphox|Delphox|Delphoxite
|detailschange|p2a: Raichu|Raichu-Mega-Y, L50, M
|-mega|p2a: Raichu|Raichu|Raichunite Y
|move|p1a: Delphox|Protect|p1a: Delphox
|-singleturn|p1a: Delphox|Protect
|move|p1b: Sinistcha|Protect|p1b: Sinistcha
|-singleturn|p1b: Sinistcha|Protect
|move|p2a: Raichu|Fake Out|p1a: Delphox
|-activate|p1a: Delphox|move: Protect
|move|p2b: Gholdengo|Nasty Plot|p2b: Gholdengo
|-boost|p2b: Gholdengo|spa|2
|
|upkeep
|turn|2
|
|t:|1783446044
|move|p2b: Gholdengo|Protect|p2b: Gholdengo
|-singleturn|p2b: Gholdengo|Protect
|move|p1b: Sinistcha|Rage Powder|p1b: Sinistcha
|-singleturn|p1b: Sinistcha|move: Rage Powder
|move|p1a: Delphox|Heat Wave|p2a: Raichu|[spread] p2a
|-activate|p2b: Gholdengo|move: Protect
|-damage|p2a: Raichu|45/100
|move|p2a: Raichu|Zap Cannon|p1b: Sinistcha
|-resisted|p1b: Sinistcha|1
|-damage|p1b: Sinistcha|69/100
|-status|p1b: Sinistcha|par
|
|upkeep
|turn|3
|
|t:|1783446058
|move|p1b: Sinistcha|Rage Powder|p1b: Sinistcha
|-singleturn|p1b: Sinistcha|move: Rage Powder
|move|p1a: Delphox|Heat Wave|p2a: Raichu|[spread] p2a,p2b
|-supereffective|p2b: Gholdengo|1
|-damage|p2a: Raichu|0 fnt
|-damage|p2b: Gholdengo|7/100
|faint|p2a: Raichu
|move|p2b: Gholdengo|Make It Rain|p1b: Sinistcha|[spread] p1a,p1b
|-resisted|p1a: Delphox|1
|-damage|p1a: Delphox|38/100
|-damage|p1b: Sinistcha|0 fnt
|-unboost|p2b: Gholdengo|spa|2
|faint|p1b: Sinistcha
|-damage|p2b: Gholdengo|0 fnt|[from] item: Life Orb
|faint|p2b: Gholdengo
|
|upkeep
|
|t:|1783446068
|switch|p2a: Garchomp|Garchomp, L50, F|100/100
|switch|p2b: Sylveon|Sylveon, L50, M|100/100
|switch|p1b: Kingambit|Kingambit, L50, F|100/100
|turn|4
|
|t:|1783446081
|move|p2b: Sylveon|Detect|p2b: Sylveon
|-singleturn|p2b: Sylveon|Protect
|move|p1b: Kingambit|Protect|p1b: Kingambit
|-singleturn|p1b: Kingambit|Protect
|move|p1a: Delphox|Psyshock|p2a: Garchomp
|-damage|p2a: Garchomp|55/100
|move|p2a: Garchomp|Dragon Claw|p1a: Delphox
|-damage|p1a: Delphox|0 fnt
|faint|p1a: Delphox
|
|upkeep
|
|t:|1783446088
|switch|p1a: Sneasler|Sneasler, L50, M|100/100
|turn|5
|
|t:|1783446112
|move|p1a: Sneasler|Fake Out|p2a: Garchomp
|-crit|p2a: Garchomp
|-damage|p2a: Garchomp|33/100
|-damage|p1a: Sneasler|87/100|[from] ability: Rough Skin|[of] p2a: Garchomp
|cant|p2a: Garchomp|flinch
|move|p2b: Sylveon|Hyper Voice|p1a: Sneasler|[spread] p1a,p1b
|-damage|p1a: Sneasler|31/100
|-damage|p1b: Kingambit|54/100
|move|p1b: Kingambit|Kowtow Cleave|p2a: Garchomp
|-damage|p2a: Garchomp|0 fnt
|-damage|p1b: Kingambit|41/100|[from] ability: Rough Skin|[of] p2a: Garchomp
|faint|p2a: Garchomp
|
|upkeep
|turn|6
|
|t:|1783446120
|move|p1b: Kingambit|Sucker Punch|p2b: Sylveon
|-resisted|p2b: Sylveon|1
|-damage|p2b: Sylveon|67/100
|move|p1a: Sneasler|Dire Claw|p2b: Sylveon
|-supereffective|p2b: Sylveon|1
|-damage|p2b: Sylveon|0 fnt
|faint|p2b: Sylveon
|
|win|Sea's Searing
|raw|Sea's Searing's rating: 1350 → 1378(+28 for winning)
|raw|Keith Jones's rating: 1494 → 1466(-28 for losing)
