|j|☆G3N13
|j|☆MarzipanTheFirst
|html|G3N13MarzipanTheFirst    
|uhtml|bestof|Game 2 of a best-of-3
|t:|1785081038
|gametype|doubles
|player|p1|G3N13|n|
|player|p2|MarzipanTheFirst|wallace|
|gen|9
|tier|[Gen 9 Champions] VGC 2026 Reg M-B (Bo3)
|rule|Species Clause: Limit one of each Pokémon
|rule|Item Clause: Limit 1 of each item
|clearpoke
|poke|p1|Hydreigon, L50, F|
|poke|p1|Ninetales-Alola, L50, M|
|poke|p1|Sinistcha, L50|
|poke|p1|Raichu, L50, F|
|poke|p1|Floette-Eternal, L50, F|
|poke|p1|Mamoswine, L50, M|
|poke|p2|Dragalge, L50, F|
|poke|p2|Mamoswine, L50, F|
|poke|p2|Aerodactyl, L50, F|
|poke|p2|Lopunny, L50, M|
|poke|p2|Kingambit, L50, M|
|poke|p2|Sinistcha-Masterpiece, L50|
|teampreview|4
|showteam|p1|Hydreigon||HabanBerry|Levitate|DracoMeteor,DarkPulse,Tailwind,Protect|Timid||F|||50|]Ninetales-Alola||FocusSash|SnowWarning|AuroraVeil,Blizzard,FreezeDry,Protect|Timid||M|||50|]Sinistcha||SitrusBerry|Hospitality|MatchaGotcha,RagePowder,TrickRoom,Protect|Relaxed|||||50|]Raichu||RaichuniteY|LightningRod|FakeOut,FocusBlast,ZapCannon,Protect|Hasty||F|||50|]Floette-Eternal||Floettite|FlowerVeil|DrainingKiss,DazzlingGleam,Protect,CalmMind|Timid||F|||50|]Mamoswine||LifeOrb|Oblivious|Earthquake,RockSlide,IcicleCrash,IceShard|Jolly||M|||50|
|showteam|p2|Dragalge||Dragalgite|Adaptability|DracoMeteor,FlipTurn,SludgeBomb,Protect|Modest||F|||50|]Mamoswine||LifeOrb|Oblivious|IceShard,HighHorsepower,IcicleCrash,Protect|Adamant||F|||50|]Aerodactyl||FocusSash|Unnerve|RockSlide,DualWingbeat,Tailwind,Protect|Jolly||F|||50|]Lopunny||Lopunnite|CuteCharm|CloseCombat,TripleAxel,Pounce,FakeOut|Jolly||M|||50|]Kingambit||BlackGlasses|Defiant|KowtowCleave,SuckerPunch,IronHead,Protect|Adamant||M|||50|]Sinistcha-Masterpiece||ColburBerry|Hospitality|MatchaGotcha,RagePowder,TrickRoom,Protect|Bold|||||50|
|
|t:|1785081110
|teamsize|p1|4
|teamsize|p2|4
|start
|switch|p1a: Raichu|Raichu, L50, F|100/100
|switch|p1b: Hydreigon|Hydreigon, L50, F|100/100
|switch|p2a: Kingambit|Kingambit, L50, M|100/100
|switch|p2b: Mamoswine|Mamoswine, L50, F|100/100
|turn|1
|
|t:|1785081151
|move|p1a: Raichu|Fake Out|p2b: Mamoswine
|-damage|p2b: Mamoswine|91/100
|move|p1b: Hydreigon|Draco Meteor|p2b: Mamoswine
|-damage|p2b: Mamoswine|2/100
|-unboost|p1b: Hydreigon|spa|2
|cant|p2b: Mamoswine|flinch
|move|p2a: Kingambit|Kowtow Cleave|p1a: Raichu
|-damage|p1a: Raichu|0 fnt
|faint|p1a: Raichu
|
|upkeep
|
|t:|1785081164
|switch|p1a: Mamoswine|Mamoswine, L50, M|100/100
|turn|2
|
|t:|1785081176
|move|p2b: Mamoswine|Protect|p2b: Mamoswine
|-singleturn|p2b: Mamoswine|Protect
|move|p2a: Kingambit|Sucker Punch|p1a: Mamoswine
|-damage|p1a: Mamoswine|42/100
|move|p1b: Hydreigon|Tailwind|p1b: Hydreigon
|-sidestart|p1: G3N13|move: Tailwind
|move|p1a: Mamoswine|Earthquake|p2a: Kingambit|[spread] p2a
|-activate|p2b: Mamoswine|move: Protect
|-immune|p1b: Hydreigon|[from] ability: Levitate
|-supereffective|p2a: Kingambit|1
|-damage|p2a: Kingambit|30/100
|-damage|p1a: Mamoswine|32/100|[from] item: Life Orb
|
|upkeep
|turn|3
|
|t:|1785081197
|move|p1a: Mamoswine|Ice Shard|p2b: Mamoswine
|-damage|p2b: Mamoswine|0 fnt
|faint|p2b: Mamoswine
|-damage|p1a: Mamoswine|22/100|[from] item: Life Orb
|move|p1b: Hydreigon|Dark Pulse|p2a: Kingambit
|-resisted|p2a: Kingambit|1
|-damage|p2a: Kingambit|21/100
|move|p2a: Kingambit|Iron Head|p1b: Hydreigon
|-damage|p1b: Hydreigon|41/100
|
|upkeep
|
|t:|1785081203
|switch|p2b: Aerodactyl|Aerodactyl, L50, F|100/100
|-ability|p2b: Aerodactyl|Unnerve
|turn|4
|
|t:|1785081215
|switch|p1b: Ninetales|Ninetales-Alola, L50, M|100/100
|-weather|Snowscape|[from] ability: Snow Warning|[of] p1b: Ninetales
|move|p2a: Kingambit|Sucker Punch|p1a: Mamoswine
|-damage|p1a: Mamoswine|0 fnt
|faint|p1a: Mamoswine
|move|p2b: Aerodactyl|Tailwind|p2b: Aerodactyl
|-sidestart|p2: MarzipanTheFirst|move: Tailwind
|
|-weather|Snowscape|[upkeep]
|upkeep
|
|t:|1785081223
|switch|p1a: Hydreigon|Hydreigon, L50, F|41/100
|turn|5
|
|t:|1785081235
|move|p1a: Hydreigon|Protect|p1a: Hydreigon
|-singleturn|p1a: Hydreigon|Protect
|move|p2b: Aerodactyl|Rock Slide|p1a: Hydreigon|[spread] p1b
|-activate|p1a: Hydreigon|move: Protect
|-supereffective|p1b: Ninetales|1
|-damage|p1b: Ninetales|50/100g
|move|p1b: Ninetales|Blizzard|p2b: Aerodactyl|[spread] p2a,p2b
|-resisted|p2a: Kingambit|1
|-supereffective|p2b: Aerodactyl|1
|-damage|p2a: Kingambit|7/100
|-damage|p2b: Aerodactyl|7/100
|-status|p2b: Aerodactyl|frz
|move|p2a: Kingambit|Iron Head|p1b: Ninetales
|-supereffective|p1b: Ninetales|2
|-damage|p1b: Ninetales|0 fnt
|faint|p1b: Ninetales
|
|-weather|Snowscape|[upkeep]
|-sideend|p1: G3N13|move: Tailwind
|upkeep
|turn|6
|
|t:|1785081254
|move|p2a: Kingambit|Sucker Punch|p1a: Hydreigon
|-resisted|p1a: Hydreigon|1
|-damage|p1a: Hydreigon|14/100
|cant|p2b: Aerodactyl|frz
|move|p1a: Hydreigon|Dark Pulse|p2a: Kingambit
|-resisted|p2a: Kingambit|1
|-damage|p2a: Kingambit|0 fnt
|faint|p2a: Kingambit
|
|-weather|Snowscape|[upkeep]
|upkeep
|
|t:|1785081259
|switch|p2a: Dragalge|Dragalge, L50, F|100/100
|turn|7
|
|t:|1785081265
|detailschange|p2a: Dragalge|Dragalge-Mega, L50, F
|-mega|p2a: Dragalge|Dragalge|Dragalgite
|cant|p2b: Aerodactyl|frz
|move|p2a: Dragalge|Draco Meteor|p1a: Hydreigon
|-supereffective|p1a: Hydreigon|1
|-damage|p1a: Hydreigon|0 fnt
|-unboost|p2a: Dragalge|spa|2
|faint|p1a: Hydreigon
|
|win|MarzipanTheFirst
|l|☆G3N13
|player|p1|
|l|☆MarzipanTheFirst
|player|p2|
|j|☆MarzipanTheFirst
|player|p2|MarzipanTheFirst|wallace|
