|j|☆barcelonaday0
|j|☆WolfeWithTheGlicky
|html|barcelonaday0WolfeWithTheGlicky    
|uhtml|bestof|Game 1 of a best-of-3
|t:|1756506015
|gametype|doubles
|player|p1|barcelonaday0|lyra|1282
|player|p2|WolfeWithTheGlicky|policeman-gen4|1300
|gen|9
|tier|[Gen 9] VGC 2025 Reg H (Bo3)
|rated|
|rule|Species Clause: Limit one of each Pokémon
|rule|Item Clause: Limit 1 of each item
|clearpoke
|poke|p1|Archaludon, L50, F|
|poke|p1|Pelipper, L50, F|
|poke|p1|Incineroar, L50, M|
|poke|p1|Basculegion, L50, M|
|poke|p1|Amoonguss, L50, M|
|poke|p1|Gholdengo, L50|
|poke|p2|Ursaluna-Bloodmoon, L50, M|
|poke|p2|Rillaboom, L50, F|
|poke|p2|Gholdengo, L50|
|poke|p2|Volcarona, L50, F|
|poke|p2|Sneasler, L50, M|
|poke|p2|Dragonite, L50, M|
|teampreview|4
|showteam|p1|Archaludon||AssaultVest|Stamina|DragonPulse,FlashCannon,ElectroShot,BodyPress|||F|||50|,,,,,Fairy]Pelipper||FocusSash|Drizzle|MuddyWater,Hurricane,Tailwind,Protect|||F|||50|,,,,,Grass]Incineroar||SafetyGoggles|Intimidate|KnockOff,Taunt,PartingShot,FakeOut|||M|||50|,,,,,Ghost]Basculegion||ChoiceScarf|Adaptability|AquaJet,WaveCrash,LastRespects,FlipTurn|||M|||50|,,,,,Water]Amoonguss||SitrusBerry|Regenerator|Spore,RagePowder,PollenPuff,Protect|||M|||50|,,,,,Water]Gholdengo||LifeOrb|GoodasGold|MakeItRain,ShadowBall,NastyPlot,Protect||||||50|,,,,,Dragon
|showteam|p2|Ursaluna-Bloodmoon||AssaultVest|MindsEye|HyperVoice,BloodMoon,EarthPower,VacuumWave|||M|||50|,,,,,Water]Rillaboom||MeadowPlate|GrassySurge|GrassyGlide,DrumBeating,KnockOff,FakeOut|||F|||50|,,,,,Fire]Gholdengo||IronPlate|GoodasGold|MakeItRain,ShadowBall,NastyPlot,Protect||||||50|,,,,,Water]Volcarona||CovertCloak|FlameBody|StruggleBug,Overheat,WillOWisp,RagePowder|||F|||50|,,,,,Dragon]Sneasler||GrassySeed|Unburden|DireClaw,CloseCombat,Coaching,Protect|||M|||50|,,,,,Ghost]Dragonite||LoadedDice|InnerFocus|ScaleShot,ExtremeSpeed,Haze,Protect|||M|||50|,,,,,Fairy
|
|t:|1756506097
|teamsize|p1|4
|teamsize|p2|4
|start
|switch|p1a: Incineroar|Incineroar, L50, M, shiny|100/100
|switch|p1b: Amoonguss|Amoonguss, L50, M, shiny|100/100
|switch|p2a: Volcarona|Volcarona, L50, F|100/100
|switch|p2b: Rillaboom|Rillaboom, L50, F|100/100
|-fieldstart|move: Grassy Terrain|[from] ability: Grassy Surge|[of] p2b: Rillaboom
|-ability|p1a: Incineroar|Intimidate|boost
|-unboost|p2a: Volcarona|atk|1
|-unboost|p2b: Rillaboom|atk|1
|turn|1
|
|t:|1756506135
|move|p1b: Amoonguss|Protect|p1b: Amoonguss
|-singleturn|p1b: Amoonguss|Protect
|move|p2a: Volcarona|Struggle Bug|p1a: Incineroar|[spread] p1a
|-activate|p1b: Amoonguss|move: Protect
|-damage|p1a: Incineroar|87/100
|-unboost|p1a: Incineroar|spa|1
|move|p2b: Rillaboom|Knock Off|p1b: Amoonguss
|-activate|p1b: Amoonguss|move: Protect
|move|p1a: Incineroar|Knock Off|p2a: Volcarona
|-damage|p2a: Volcarona|53/100
|-enditem|p2a: Volcarona|Covert Cloak|[from] move: Knock Off|[of] p1a: Incineroar
|
|-heal|p2a: Volcarona|59/100|[from] Grassy Terrain
|-heal|p1a: Incineroar|93/100|[from] Grassy Terrain
|upkeep
|turn|2
|
|t:|1756506174
|switch|p2a: Ursaluna|Ursaluna-Bloodmoon, L50, M|100/100
|switch|p1a: Pelipper|Pelipper, L50, F, shiny|100/100
|-weather|RainDance|[from] ability: Drizzle|[of] p1a: Pelipper
|move|p2b: Rillaboom|Knock Off|p1b: Amoonguss
|-crit|p1b: Amoonguss
|-damage|p1b: Amoonguss|64/100
|-enditem|p1b: Amoonguss|Sitrus Berry|[from] move: Knock Off|[of] p2b: Rillaboom
|move|p1b: Amoonguss|Spore|p2a: Ursaluna
|-status|p2a: Ursaluna|slp|[from] move: Spore
|
|-weather|RainDance|[upkeep]
|-heal|p1b: Amoonguss|70/100|[from] Grassy Terrain
|upkeep
|turn|3
|
|t:|1756506194
|-terastallize|p2a: Ursaluna|Water
|move|p2b: Rillaboom|Drum Beating|p1a: Pelipper
|-damage|p1a: Pelipper|45/100
|-unboost|p1a: Pelipper|spe|1
|cant|p2a: Ursaluna|slp
|move|p1a: Pelipper|Muddy Water|p2b: Rillaboom|[spread] p2b
|-miss|p1a: Pelipper|p2a: Ursaluna
|-resisted|p2b: Rillaboom
|-damage|p2b: Rillaboom|73/100
|move|p1b: Amoonguss|Pollen Puff|p1a: Pelipper
|-heal|p1a: Pelipper|95/100
|
|-weather|RainDance|[upkeep]
|-heal|p2b: Rillaboom|80/100|[from] Grassy Terrain
|-heal|p1b: Amoonguss|76/100|[from] Grassy Terrain
|upkeep
|turn|4
|
|t:|1756506217
|switch|p1b: Incineroar|Incineroar, L50, M, shiny|93/100
|-ability|p1b: Incineroar|Intimidate|boost
|-unboost|p2a: Ursaluna|atk|1
|-unboost|p2b: Rillaboom|atk|1
|move|p2b: Rillaboom|Drum Beating|p1a: Pelipper
|-damage|p1a: Pelipper|55/100
|-unboost|p1a: Pelipper|spe|1
|cant|p2a: Ursaluna|slp
|move|p1a: Pelipper|Tailwind|p1a: Pelipper
|-sidestart|p1: barcelonaday0|move: Tailwind
|
|-weather|RainDance|[upkeep]
|-heal|p1b: Incineroar|99/100|[from] Grassy Terrain
|-heal|p2b: Rillaboom|86/100|[from] Grassy Terrain
|upkeep
|turn|5
|j| boredinperpetuity
|
|t:|1756506241
|switch|p2b: Sneasler|Sneasler, L50, M|100/100
|-enditem|p2b: Sneasler|Grassy Seed
|-boost|p2b: Sneasler|def|1|[from] item: Grassy Seed
|move|p1b: Incineroar|Knock Off|p2a: Ursaluna
|-damage|p2a: Ursaluna|74/100 slp
|-enditem|p2a: Ursaluna|Assault Vest|[from] move: Knock Off|[of] p1b: Incineroar
|move|p1a: Pelipper|Hurricane|p2a: Ursaluna
|-damage|p2a: Ursaluna|26/100 slp
|cant|p2a: Ursaluna|slp
|
|-weather|RainDance|[upkeep]
|-heal|p1b: Incineroar|100/100|[from] Grassy Terrain
|-heal|p2a: Ursaluna|31/100 slp|[from] Grassy Terrain
|-fieldend|move: Grassy Terrain
|upkeep
|turn|6
|
|t:|1756506270
|switch|p1b: Amoonguss|Amoonguss, L50, M, shiny|100/100
|switch|p1a: Gholdengo|Gholdengo, L50, shiny|100/100
|move|p2b: Sneasler|Dire Claw|p1a: Gholdengo
|-immune|p1a: Gholdengo
|-curestatus|p2a: Ursaluna|slp|[msg]
|move|p2a: Ursaluna|Blood Moon|p1b: Amoonguss
|-damage|p1b: Amoonguss|32/100
|
|-weather|none
|upkeep
|turn|7
|
|t:|1756506301
|move|p1b: Amoonguss|Rage Powder|p1b: Amoonguss
|-singleturn|p1b: Amoonguss|move: Rage Powder
|move|p2b: Sneasler|Dire Claw|p1b: Amoonguss
|-damage|p1b: Amoonguss|0 fnt
|faint|p1b: Amoonguss
|move|p1a: Gholdengo|Nasty Plot|p1a: Gholdengo
|-boost|p1a: Gholdengo|spa|2
|move|p2a: Ursaluna|Earth Power|p1a: Gholdengo
|-supereffective|p1a: Gholdengo
|-damage|p1a: Gholdengo|0 fnt
|faint|p1a: Gholdengo
|
|-sideend|p1: barcelonaday0|move: Tailwind
|upkeep
|
|t:|1756506315
|switch|p1a: Incineroar|Incineroar, L50, M, shiny|100/100
|switch|p1b: Pelipper|Pelipper, L50, F, shiny|55/100
|-weather|RainDance|[from] ability: Drizzle|[of] p1b: Pelipper
|-ability|p1a: Incineroar|Intimidate|boost
|-unboost|p2a: Ursaluna|atk|1
|-unboost|p2b: Sneasler|atk|1
|turn|8
|
|t:|1756506354
|switch|p2a: Rillaboom|Rillaboom, L50, F|86/100
|-fieldstart|move: Grassy Terrain|[from] ability: Grassy Surge|[of] p2a: Rillaboom
|move|p2b: Sneasler|Coaching|p2a: Rillaboom
|-boost|p2a: Rillaboom|atk|1
|-boost|p2a: Rillaboom|def|1
|move|p1b: Pelipper|Hurricane|p2a: Rillaboom
|-supereffective|p2a: Rillaboom
|-damage|p2a: Rillaboom|0 fnt
|faint|p2a: Rillaboom
|move|p1a: Incineroar|Knock Off|p2b: Sneasler
|-resisted|p2b: Sneasler
|-damage|p2b: Sneasler|86/100
|
|-weather|RainDance|[upkeep]
|-heal|p2b: Sneasler|92/100|[from] Grassy Terrain
|upkeep
|l| boredinperpetuity
|
|t:|1756506377
|switch|p2a: Volcarona|Volcarona, L50, F|59/100
|turn|9
|
|t:|1756506404
|move|p2b: Sneasler|Dire Claw|p1b: Pelipper
|-damage|p1b: Pelipper|19/100
|move|p2a: Volcarona|Struggle Bug|p1b: Pelipper|[spread] p1a,p1b
|-resisted|p1b: Pelipper
|-damage|p1a: Incineroar|89/100
|-damage|p1b: Pelipper|3/100
|-unboost|p1a: Incineroar|spa|1
|-unboost|p1b: Pelipper|spa|1
|move|p1b: Pelipper|Muddy Water|p2b: Sneasler|[spread] p2a,p2b
|-supereffective|p2a: Volcarona
|-damage|p2a: Volcarona|0 fnt
|-damage|p2b: Sneasler|51/100
|faint|p2a: Volcarona
|move|p1a: Incineroar|Knock Off|p2b: Sneasler
|-resisted|p2b: Sneasler
|-damage|p2b: Sneasler|37/100
|
|-weather|RainDance|[upkeep]
|-heal|p2b: Sneasler|43/100|[from] Grassy Terrain
|-heal|p1a: Incineroar|95/100|[from] Grassy Terrain
|upkeep
|
|t:|1756506414
|switch|p2a: Ursaluna|Ursaluna-Bloodmoon, L50, M, tera:Water|31/100
|turn|10
|
|t:|1756506430
|move|p1b: Pelipper|Protect|p1b: Pelipper
|-singleturn|p1b: Pelipper|Protect
|move|p2a: Ursaluna|Vacuum Wave|p1b: Pelipper
|-activate|p1b: Pelipper|move: Protect
|move|p2b: Sneasler|Close Combat|p1a: Incineroar
|-supereffective|p1a: Incineroar
|-damage|p1a: Incineroar|26/100
|-unboost|p2b: Sneasler|def|1
|-unboost|p2b: Sneasler|spd|1
|move|p1a: Incineroar|Knock Off|p2a: Ursaluna
|-damage|p2a: Ursaluna|11/100
|
|-weather|RainDance|[upkeep]
|-heal|p2b: Sneasler|49/100|[from] Grassy Terrain
|-heal|p1a: Incineroar|32/100|[from] Grassy Terrain
|-heal|p2a: Ursaluna|17/100|[from] Grassy Terrain
|upkeep
|turn|11
|
|t:|1756506452
|-terastallize|p1a: Incineroar|Ghost
|move|p1b: Pelipper|Protect|p1b: Pelipper
|-singleturn|p1b: Pelipper|Protect
|move|p2a: Ursaluna|Vacuum Wave|p1b: Pelipper
|-activate|p1b: Pelipper|move: Protect
|move|p2b: Sneasler|Close Combat|p1a: Incineroar
|-immune|p1a: Incineroar
|move|p1a: Incineroar|Knock Off|p2a: Ursaluna
|-damage|p2a: Ursaluna|0 fnt
|faint|p2a: Ursaluna
|
|-weather|RainDance|[upkeep]
|-heal|p2b: Sneasler|54/100|[from] Grassy Terrain
|-heal|p1a: Incineroar|38/100|[from] Grassy Terrain
|upkeep
|turn|12
|
|t:|1756506466
|move|p2b: Sneasler|Dire Claw|p1b: Pelipper
|-damage|p1b: Pelipper|0 fnt
|faint|p1b: Pelipper
|move|p1a: Incineroar|Knock Off|p2b: Sneasler
|-resisted|p2b: Sneasler
|-damage|p2b: Sneasler|32/100
|
|-weather|none
|-heal|p2b: Sneasler|38/100|[from] Grassy Terrain
|-heal|p1a: Incineroar|44/100|[from] Grassy Terrain
|-fieldend|move: Grassy Terrain
|upkeep
|turn|13
|
|t:|1756506480
|move|p2b: Sneasler|Dire Claw|p1a: Incineroar
|-resisted|p1a: Incineroar
|-damage|p1a: Incineroar|32/100
|move|p1a: Incineroar|Knock Off|p2b: Sneasler
|-resisted|p2b: Sneasler
|-damage|p2b: Sneasler|15/100
|
|upkeep
|turn|14
|
|t:|1756506487
|move|p2b: Sneasler|Dire Claw|p1a: Incineroar
|-resisted|p1a: Incineroar
|-damage|p1a: Incineroar|19/100
|-status|p1a: Incineroar|par
|move|p1a: Incineroar|Knock Off|p2b: Sneasler
|-resisted|p2b: Sneasler
|-damage|p2b: Sneasler|0 fnt
|faint|p2b: Sneasler
|
|win|barcelonaday0
||WolfeWithTheGlicky is ready for game 2.
||barcelonaday0 is ready for game 2.
|uhtml|next|Next: Game 2 of 3
|l|☆WolfeWithTheGlicky
|player|p2|
