|j|☆Luh_simoes-04
|j|☆MoodyMukVGC
|html|Luh_simoes-04MoodyMukVGC    
|uhtml|bestof|Game 1 of a best-of-3
|t:|1757814430
|gametype|doubles
|player|p1|Luh_simoes-04|drayden|1191
|player|p2|MoodyMukVGC|169|1105
|gen|9
|tier|[Gen 9] VGC 2025 Reg H (Bo3)
|rated|
|rule|Species Clause: Limit one of each Pokémon
|rule|Item Clause: Limit 1 of each item
|clearpoke
|poke|p1|Armarouge, L50, F|
|poke|p1|Ursaluna-Bloodmoon, L50, M|
|poke|p1|Indeedee-F, L50, F|
|poke|p1|Tsareena, L50, F|
|poke|p1|Primarina, L50, M|
|poke|p1|Gallade, L50, M|
|poke|p2|Ursaluna, L50, M|
|poke|p2|Jumpluff, L50, M|
|poke|p2|Charizard, L50, M|
|poke|p2|Torkoal, L50, M|
|poke|p2|Incineroar, L50, M|
|poke|p2|Porygon2, L50|
|teampreview|4
|showteam|p1|Armarouge||PowerHerb|FlashFire|ArmorCannon,ExpandingForce,MeteorBeam,TrickRoom|||F|||50|,,,,,Grass]Ursaluna-Bloodmoon||LifeOrb|MindsEye|HyperVoice,BloodMoon,EarthPower,Protect|||M|||50|,,,,,Normal]Indeedee-F||MentalHerb|PsychicSurge|Psychic,HelpingHand,FollowMe,TrickRoom|||F|||50|,,,,,Fairy]Tsareena||WideLens|QueenlyMajesty|PowerWhip,TripleAxel,Taunt,Protect|||F|||50|,,,,,Ice]Primarina||ThroatSpray|LiquidVoice|HyperVoice,Moonblast,Haze,Protect|||M|||50|,,,,,Steel]Gallade||SafetyGoggles|Sharpness|SacredSword,PsychoCut,WideGuard,TrickRoom|||M|||50|,,,,,Water
|showteam|p2|Ursaluna||FlameOrb|Guts|HeadlongRush,Facade,Earthquake,Protect|||M|||50|,,,,,Ghost]Jumpluff||CovertCloak|Chlorophyll|SleepPowder,SunnyDay,Tailwind,RagePowder|||M|||50|,,,,,Water]Charizard||ChoiceSpecs|SolarPower|AirSlash,HeatWave,Overheat,WeatherBall|||M|||50|,,,,,Ghost]Torkoal||EjectPack|Drought|ClearSmog,Eruption,Overheat,Protect|||M|||50|,,,,,Fire]Incineroar||SafetyGoggles|Intimidate|FakeOut,FlareBlitz,KnockOff,PartingShot|||M|||50|,,,,,Ghost]Porygon2||Eviolite|Download|TeraBlast,IceBeam,Recover,TrickRoom||||||50|,,,,,Fighting
|inactive|Battle timer is ON: inactive players will automatically lose when time's up. (requested by Luh_simoes-04)
|
|t:|1757814459
|teamsize|p1|4
|teamsize|p2|4
|start
|switch|p1a: Indeedee|Indeedee-F, L50, F|100/100
|switch|p1b: Armarouge|Armarouge, L50, F|100/100
|switch|p2a: Charizard|Charizard, L50, M, shiny|100/100
|switch|p2b: Torkoal|Torkoal, L50, M, shiny|100/100
|-fieldstart|move: Psychic Terrain|[from] ability: Psychic Surge|[of] p1a: Indeedee
|-weather|SunnyDay|[from] ability: Drought|[of] p2b: Torkoal
|turn|1
|inactive|MoodyMukVGC has 30 seconds left.
|inactive|MoodyMukVGC has 20 seconds left.
|inactive|MoodyMukVGC has 15 seconds left.
|
|t:|1757814502
|move|p1a: Indeedee|Follow Me|p1a: Indeedee
|-singleturn|p1a: Indeedee|move: Follow Me
|move|p2a: Charizard|Air Slash|p1a: Indeedee
|-damage|p1a: Indeedee|22/100
|move|p2b: Torkoal|Overheat|p1a: Indeedee
|-damage|p1a: Indeedee|0 fnt
|-unboost|p2b: Torkoal|spa|2
|faint|p1a: Indeedee
|-enditem|p2b: Torkoal|Eject Pack
|
|t:|1757814513
|switch|p2b: Ursaluna|Ursaluna, L50, M, shiny|100/100
|move|p1b: Armarouge|Trick Room|p1b: Armarouge
|-fieldstart|move: Trick Room|[of] p1b: Armarouge
|
|-weather|SunnyDay|[upkeep]
|-damage|p2a: Charizard|88/100|[from] ability: Solar Power|[of] p2a: Charizard
|-status|p2b: Ursaluna|brn|[from] item: Flame Orb
|upkeep
|
|t:|1757814517
|switch|p1a: Ursaluna|Ursaluna-Bloodmoon, L50, M|100/100
|turn|2
|inactive|MoodyMukVGC has 30 seconds left.
|
|t:|1757814544
|-terastallize|p1b: Armarouge|Grass
|move|p2b: Ursaluna|Protect|p2b: Ursaluna
|-singleturn|p2b: Ursaluna|Protect
|move|p1a: Ursaluna|Hyper Voice|p2b: Ursaluna|[spread] p2a
|-activate|p2b: Ursaluna|move: Protect
|-damage|p2a: Charizard|16/100
|-damage|p1a: Ursaluna|90/100|[from] item: Life Orb
|move|p1b: Armarouge|Expanding Force|p2a: Charizard|[spread] p2a
|-activate|p2b: Ursaluna|move: Protect
|-damage|p2a: Charizard|0 fnt
|faint|p2a: Charizard
|
|-weather|SunnyDay|[upkeep]
|-damage|p2b: Ursaluna|94/100 brn|[from] brn
|upkeep
|
|t:|1757814560
|switch|p2a: Torkoal|Torkoal, L50, M, shiny|100/100
|turn|3
|
|t:|1757814568
|-terastallize|p2a: Torkoal|Fire
|move|p1a: Ursaluna|Protect|p1a: Ursaluna
|-singleturn|p1a: Ursaluna|Protect
|move|p2a: Torkoal|Overheat|p1a: Ursaluna
|-activate|p1a: Ursaluna|move: Protect
|move|p1b: Armarouge|Expanding Force|p2a: Torkoal|[spread] p2a,p2b
|-crit|p2b: Ursaluna
|-damage|p2a: Torkoal|21/100
|-damage|p2b: Ursaluna|0 fnt
|faint|p2b: Ursaluna
|
|-weather|SunnyDay|[upkeep]
|upkeep
|c|☆MoodyMukVGC|.....................................
|
|t:|1757814582
|switch|p2b: Porygon2|Porygon2, L50, shiny|100/100
|-ability|p2b: Porygon2|Download|boost
|-boost|p2b: Porygon2|spa|1
|turn|4
|
|t:|1757814598
|move|p2a: Torkoal|Overheat|p1a: Ursaluna|[miss]
|-miss|p2a: Torkoal|p1a: Ursaluna
|move|p1a: Ursaluna|Hyper Voice|p2b: Porygon2|[spread] p2a,p2b
|-damage|p2a: Torkoal|0 fnt
|-damage|p2b: Porygon2|67/100
|faint|p2a: Torkoal
|-damage|p1a: Ursaluna|80/100|[from] item: Life Orb
|move|p1b: Armarouge|Meteor Beam||[still]
|-prepare|p1b: Armarouge|Meteor Beam
|-boost|p1b: Armarouge|spa|1
|-enditem|p1b: Armarouge|Power Herb
|-anim|p1b: Armarouge|Meteor Beam|p2b: Porygon2
|-damage|p2b: Porygon2|28/100
|move|p2b: Porygon2|Ice Beam|p1b: Armarouge
|-supereffective|p1b: Armarouge
|-damage|p1b: Armarouge|2/100
|
|-weather|SunnyDay|[upkeep]
|upkeep
|turn|5
|c|☆MoodyMukVGC|/////////////////////////////4/
|c|☆MoodyMukVGC|m';m,m'
|c|☆MoodyMukVGC|4
|c|☆MoodyMukVGC|\'5
|c|☆MoodyMukVGC|\4
|-message|MoodyMukVGC forfeited.
|
|win|Luh_simoes-04
|l|☆MoodyMukVGC
|player|p2|
||MoodyMukVGC is ready for game 2.
|l|☆Luh_simoes-04
|player|p1|
||Luh_simoes-04 is ready for game 2.
|uhtml|next|Next: Game 2 of 3
|j|☆MoodyMukVGC
|player|p2|MoodyMukVGC|169|
