|j|☆Ninjacoox
|j|☆spicy mcchikin
|html|Ninjacooxspicy mcchikin    
|uhtml|bestof|Game 2 of a best-of-3
|t:|1784948783
|gametype|doubles
|player|p1|Ninjacoox|170|1094
|player|p2|spicy mcchikin|palmer|1153
|gen|9
|tier|[Gen 9 Champions] VGC 2026 Reg M-B (Bo3)
|rated|
|rule|Species Clause: Limit one of each Pokémon
|rule|Item Clause: Limit 1 of each item
|clearpoke
|poke|p1|Grimmsnarl, L50, M|
|poke|p1|Ditto, L50|
|poke|p1|Charizard, L50, F|
|poke|p1|Garchomp, L50, M|
|poke|p1|Metagross, L50|
|poke|p1|Sylveon, L50, F|
|poke|p2|Charizard, L50, M|
|poke|p2|Garchomp, L50, F|
|poke|p2|Kingambit, L50, F|
|poke|p2|Toxapex, L50, F|
|poke|p2|Whimsicott, L50, M|
|poke|p2|Basculegion, L50, M|
|teampreview|4
|showteam|p1|Grimmsnarl||LightClay|Prankster|FoulPlay,FakeOut,Reflect,LightScreen|Careful||M|||50|]Ditto||ChoiceScarf|Imposter|Transform|Bashful|||||50|]Charizard||CharizarditeY|Blaze|HeatWave,WeatherBall,SolarBeam,Protect|Modest||F|||50|]Garchomp||SitrusBerry|RoughSkin|DragonClaw,Earthquake,RockSlide,Protect|Adamant||M|||50|]Metagross||Metagrossite|ClearBody|IronHead,PsychicFangs,BodyPress,Protect|Adamant|||||50|]Sylveon||FairyFeather|Pixilate|HyperVoice,QuickAttack,Yawn,Detect|Modest||F|||50|
|showteam|p2|Charizard||CharizarditeY|Blaze|HeatWave,WeatherBall,SolarBeam,Protect|Modest||M|||50|]Garchomp||SitrusBerry|RoughSkin|DragonClaw,Earthquake,Protect,RockSlide|Adamant||F|||50|]Kingambit||ChopleBerry|Defiant|KowtowCleave,LowKick,SuckerPunch,Protect|Adamant||F|||50|]Toxapex||Leftovers|Regenerator|BanefulBunker,Toxic,Infestation,WideGuard|Bold||F|||50|]Whimsicott||FocusSash|Prankster|Moonblast,Encore,Tailwind,Protect|Timid||M|||50|]Basculegion||LifeOrb|Adaptability|WaveCrash,LastRespects,AquaJet,Protect|Adamant||M|||50|
|inactive|Battle timer is ON: inactive players will automatically lose when time's up. (requested by spicy mcchikin)
|inactive|spicy mcchikin has 60 seconds left.
|
|t:|1784948838
|teamsize|p1|4
|teamsize|p2|4
|start
|switch|p1a: Metagross|Metagross, L50|100/100
|switch|p1b: Garchomp|Garchomp, L50, M|100/100
|switch|p2a: Garchomp|Garchomp, L50, F|100/100
|switch|p2b: Toxapex|Toxapex, L50, F|100/100
|turn|1
|inactive|spicy mcchikin has 30 seconds left.
|inactive|spicy mcchikin has 20 seconds left.
|inactive|spicy mcchikin has 15 seconds left.
|
|t:|1784948879
|detailschange|p1a: Metagross|Metagross-Mega, L50
|-mega|p1a: Metagross|Metagross|Metagrossite
|move|p2b: Toxapex|Baneful Bunker|p2b: Toxapex
|-singleturn|p2b: Toxapex|move: Protect
|move|p1a: Metagross|Psychic Fangs|p2b: Toxapex
|-activate|p2b: Toxapex|move: Protect
|move|p1b: Garchomp|Dragon Claw|p2a: Garchomp
|-supereffective|p2a: Garchomp|1
|-damage|p2a: Garchomp|29/100
|-damage|p1b: Garchomp|87/100|[from] ability: Rough Skin|[of] p2a: Garchomp
|-enditem|p2a: Garchomp|Sitrus Berry|[eat]
|-heal|p2a: Garchomp|54/100|[from] item: Sitrus Berry
|move|p2a: Garchomp|Earthquake|p1a: Metagross|[spread] p1a,p1b
|-activate|p2b: Toxapex|move: Protect
|-supereffective|p1a: Metagross|1
|-damage|p1a: Metagross|36/100
|-damage|p1b: Garchomp|50/100g
|
|upkeep
|turn|2
|inactive|spicy mcchikin has 30 seconds left.
|
|t:|1784948909
|switch|p2b: Whimsicott|Whimsicott, L50, M|100/100
|move|p2a: Garchomp|Protect|p2a: Garchomp
|-singleturn|p2a: Garchomp|Protect
|move|p1a: Metagross|Psychic Fangs|p2b: Whimsicott
|-enditem|p2b: Whimsicott|Focus Sash
|-damage|p2b: Whimsicott|1/100
|move|p1b: Garchomp|Dragon Claw|p2a: Garchomp
|-activate|p2a: Garchomp|move: Protect
|
|upkeep
|turn|3
|inactive|spicy mcchikin has 30 seconds left.
|
|t:|1784948942
|move|p1b: Garchomp|Protect|p1b: Garchomp
|-singleturn|p1b: Garchomp|Protect
|move|p2b: Whimsicott|Tailwind|p2b: Whimsicott
|-sidestart|p2: spicy mcchikin|move: Tailwind
|move|p2a: Garchomp|Dragon Claw|p1b: Garchomp
|-activate|p1b: Garchomp|move: Protect
|move|p1a: Metagross|Iron Head|p2a: Garchomp
|-damage|p2a: Garchomp|1/100
|-damage|p1a: Metagross|24/100|[from] ability: Rough Skin|[of] p2a: Garchomp
|
|upkeep
|turn|4
|inactive|Ninjacoox has 30 seconds left.
|inactive|Ninjacoox has 20 seconds left.
|inactive|Ninjacoox has 15 seconds left.
|
|t:|1784948990
|switch|p2b: Toxapex|Toxapex, L50, F|100/100
|switch|p1a: Ditto|Ditto, L50|100/100
|-transform|p1a: Ditto|p2b: Toxapex|[from] ability: Imposter
|switch|p1b: Sylveon|Sylveon, L50, F|100/100
|move|p2a: Garchomp|Dragon Claw|p1b: Sylveon
|-immune|p1b: Sylveon
|
|upkeep
|turn|5
|inactive|spicy mcchikin has 30 seconds left.
|
|t:|1784949020
|switch|p2a: Charizard|Charizard, L50, M|100/100
|move|p1b: Sylveon|Detect|p1b: Sylveon
|-singleturn|p1b: Sylveon|Protect
|move|p2b: Toxapex|Toxic|p1b: Sylveon
|-activate|p1b: Sylveon|move: Protect
|move|p1a: Ditto|Infestation|p2a: Charizard
|-resisted|p2a: Charizard|2
|-damage|p2a: Charizard|99/100
|-activate|p2a: Charizard|move: Infestation|[of] p1a: Ditto
|
|-damage|p2a: Charizard|87/100|[from] move: Infestation|[partiallytrapped]
|upkeep
|turn|6
|inactive|Ninjacoox has 30 seconds left.
|
|t:|1784949047
|detailschange|p2a: Charizard|Charizard-Mega-Y, L50, M
|-mega|p2a: Charizard|Charizard|Charizardite Y
|-weather|SunnyDay|[from] ability: Drought|[of] p2a: Charizard
|move|p2a: Charizard|Weather Ball|p1b: Sylveon
|-damage|p1b: Sylveon|32/100
|move|p2b: Toxapex|Infestation|p1b: Sylveon
|-resisted|p1b: Sylveon|1
|-damage|p1b: Sylveon|31/100
|-activate|p1b: Sylveon|move: Infestation|[of] p2b: Toxapex
|move|p1b: Sylveon|Yawn|p2a: Charizard
|-start|p2a: Charizard|move: Yawn|[of] p1b: Sylveon
|move|p1a: Ditto|Infestation|p2b: Toxapex
|-resisted|p2b: Toxapex|1
|-damage|p2b: Toxapex|98/100
|-activate|p2b: Toxapex|move: Infestation|[of] p1a: Ditto
|
|-weather|SunnyDay|[upkeep]
|-heal|p2b: Toxapex|100/100|[from] item: Leftovers
|-damage|p2a: Charizard|75/100|[from] move: Infestation|[partiallytrapped]
|-damage|p2b: Toxapex|87/100|[from] move: Infestation|[partiallytrapped]
|-damage|p1b: Sylveon|19/100|[from] move: Infestation|[partiallytrapped]
|-sideend|p2: spicy mcchikin|move: Tailwind
|upkeep
|turn|7
|
|t:|1784949070
|move|p1b: Sylveon|Detect|p1b: Sylveon
|-singleturn|p1b: Sylveon|Protect
|move|p2a: Charizard|Solar Beam||[still]
|-prepare|p2a: Charizard|Solar Beam
|-anim|p2a: Charizard|Solar Beam|p1a: Ditto
|-damage|p1a: Ditto|61/100
|move|p1a: Ditto|Infestation|p2b: Toxapex
|-resisted|p2b: Toxapex|1
|-crit|p2b: Toxapex
|-damage|p2b: Toxapex|86/100
|move|p2b: Toxapex|Infestation|p1a: Ditto
|-resisted|p1a: Ditto|1
|-damage|p1a: Ditto|60/100
|-activate|p1a: Ditto|move: Infestation|[of] p2b: Toxapex
|
|-weather|SunnyDay|[upkeep]
|-heal|p2b: Toxapex|92/100|[from] item: Leftovers
|-damage|p2a: Charizard|63/100|[from] move: Infestation|[partiallytrapped]
|-damage|p1b: Sylveon|7/100|[from] move: Infestation|[partiallytrapped]
|-damage|p1a: Ditto|48/100|[from] move: Infestation|[partiallytrapped]
|-damage|p2b: Toxapex|80/100|[from] move: Infestation|[partiallytrapped]
|-end|p2a: Charizard|move: Yawn|[silent]
|-status|p2a: Charizard|slp
|upkeep
|turn|8
|inactive|spicy mcchikin has 30 seconds left.
|
|t:|1784949097
|move|p2b: Toxapex|Baneful Bunker|p2b: Toxapex
|-singleturn|p2b: Toxapex|move: Protect
|cant|p2a: Charizard|slp
|move|p1b: Sylveon|Hyper Voice|p2b: Toxapex|[spread] p2a
|-activate|p2b: Toxapex|move: Protect
|-resisted|p2a: Charizard|1
|-damage|p2a: Charizard|39/100 slp
|move|p1a: Ditto|Infestation|p2a: Charizard
|-resisted|p2a: Charizard|2
|-damage|p2a: Charizard|38/100 slp
|
|-weather|SunnyDay|[upkeep]
|-heal|p2b: Toxapex|85/100|[from] item: Leftovers
|-damage|p2a: Charizard|26/100 slp|[from] move: Infestation|[partiallytrapped]
|-damage|p1b: Sylveon|0 fnt|[from] move: Infestation|[partiallytrapped]
|faint|p1b: Sylveon
|-damage|p1a: Ditto|36/100|[from] move: Infestation|[partiallytrapped]
|-damage|p2b: Toxapex|73/100|[from] move: Infestation|[partiallytrapped]
|upkeep
|
|t:|1784949107
|switch|p1b: Garchomp|Garchomp, L50, M|50/100g
|turn|9
|inactive|spicy mcchikin has 30 seconds left.
|
|t:|1784949136
|cant|p2a: Charizard|slp
|move|p1b: Garchomp|Rock Slide|p2b: Toxapex|[spread] p2a,p2b
|-supereffective|p2a: Charizard|2
|-damage|p2a: Charizard|0 fnt
|-damage|p2b: Toxapex|61/100
|faint|p2a: Charizard
|move|p1a: Ditto|Infestation|p2b: Toxapex
|-resisted|p2b: Toxapex|1
|-damage|p2b: Toxapex|59/100
|cant|p2b: Toxapex|flinch
|
|-weather|SunnyDay|[upkeep]
|-heal|p2b: Toxapex|65/100|[from] item: Leftovers
|-damage|p1a: Ditto|23/100|[from] move: Infestation|[partiallytrapped]
|-damage|p2b: Toxapex|53/100|[from] move: Infestation|[partiallytrapped]
|upkeep
|
|t:|1784949149
|switch|p2a: Whimsicott|Whimsicott, L50, M|1/100
|turn|10
|
|t:|1784949165
|move|p2a: Whimsicott|Protect|p2a: Whimsicott
|-singleturn|p2a: Whimsicott|Protect
|move|p1b: Garchomp|Earthquake|p2a: Whimsicott|[spread] p1a,p2b
|-activate|p2a: Whimsicott|move: Protect
|-supereffective|p1a: Ditto|1
|-supereffective|p2b: Toxapex|1
|-damage|p1a: Ditto|0 fnt
|-damage|p2b: Toxapex|0 fnt
|faint|p1a: Ditto
|faint|p2b: Toxapex
|
|-weather|none
|upkeep
|
|t:|1784949179
|switch|p1a: Metagross|Metagross-Mega, L50|24/100
|switch|p2b: Garchomp|Garchomp, L50, F|1/100
|turn|11
|inactive|spicy mcchikin has 30 seconds left.
|
|t:|1784949209
|move|p2b: Garchomp|Protect|p2b: Garchomp
|-singleturn|p2b: Garchomp|Protect
|move|p2a: Whimsicott|Moonblast|p1b: Garchomp
|-supereffective|p1b: Garchomp|1
|-damage|p1b: Garchomp|0 fnt
|faint|p1b: Garchomp
|move|p1a: Metagross|Psychic Fangs|p2b: Garchomp
|-activate|p2b: Garchomp|move: Protect
|
|upkeep
|turn|12
|
|t:|1784949218
|move|p2a: Whimsicott|Tailwind|p2a: Whimsicott
|-sidestart|p2: spicy mcchikin|move: Tailwind
|move|p2b: Garchomp|Earthquake|p1a: Metagross|[spread] p2a,p1a
|-resisted|p2a: Whimsicott|1
|-supereffective|p1a: Metagross|1
|-damage|p2a: Whimsicott|0 fnt
|-damage|p1a: Metagross|0 fnt
|faint|p2a: Whimsicott
|faint|p1a: Metagross
|
|win|spicy mcchikin
|raw|Ninjacoox's rating: 1094 → 1074(-20 for losing)
|raw|spicy mcchikin's rating: 1153 → 1174(+21 for winning)
|c|☆spicy mcchikin|ggwp
