|j|☆BoloinaBox
|j|☆colemarcusvgc
|html|BoloinaBoxcolemarcusvgc    
|uhtml|bestof|Game 3 of a best-of-3
|t:|1756529258
|gametype|doubles
|player|p1|BoloinaBox|2|1064
|player|p2|colemarcusvgc|n|1000
|gen|9
|tier|[Gen 9] VGC 2025 Reg H (Bo3)
|rated|
|rule|Species Clause: Limit one of each Pokémon
|rule|Item Clause: Limit 1 of each item
|clearpoke
|poke|p1|Ceruledge, L50, M|
|poke|p1|Rillaboom, L50, M|
|poke|p1|Whimsicott, L50, M|
|poke|p1|Sneasler, L50, F|
|poke|p1|Ninetales-Alola, L50, F|
|poke|p1|Samurott-Hisui, L50, F|
|poke|p2|Indeedee-F, L50, F|
|poke|p2|Hatterene, L50, F|
|poke|p2|Ursaluna, L50, F|
|poke|p2|Amoonguss, L50, F|
|poke|p2|Porygon2, L50|
|poke|p2|Tyranitar, L50, M|
|teampreview|4
|showteam|p1|Ceruledge||ClearAmulet|FlashFire|BitterBlade,Poltergeist,BulkUp,Protect|||M|||50|,,,,,Bug]Rillaboom||MiracleSeed|GrassySurge|GrassyGlide,DrumBeating,Taunt,FakeOut|||M|||50|,,,,,Fire]Whimsicott||FocusSash|Prankster|Moonblast,WorrySeed,Tailwind,Protect|||M|||50|,,,,,Ghost]Sneasler||GrassySeed|Unburden|CloseCombat,DireClaw,Coaching,Protect|||F|||50|,,,,,Stellar]Ninetales-Alola||CovertCloak|SnowWarning|FreezeDry,Moonblast,Howl,AuroraVeil|||F|||50|,,,,,Water]Samurott-Hisui||ChoiceBand|Sharpness|CeaselessEdge,SacredSword,XScissor,FlipTurn|||F|||50|,,,,,Dark
|showteam|p2|Indeedee-F||RockyHelmet|PsychicSurge|FollowMe,HelpingHand,TrickRoom,DazzlingGleam|||F|||50|,,,,,Steel]Hatterene||LifeOrb|MagicBounce|TrickRoom,ExpandingForce,MysticalFire,DazzlingGleam|||F|||50|,,,,,Ghost]Ursaluna||FlameOrb|Guts|Facade,HeadlongRush,Earthquake,Protect|||F|||50|,,,,,Ghost]Amoonguss||SitrusBerry|Regenerator|Spore,RagePowder,PollenPuff,SludgeBomb|||F|||50|,,,,,Water]Porygon2||Eviolite|Download|IceBeam,TeraBlast,Recover,TrickRoom||||||50|,,,,,Grass]Tyranitar||SafetyGoggles|SandStream|RockSlide,Crunch,LowKick,IcePunch|||M|||50|,,,,,Fairy
|inactive|Battle timer is ON: inactive players will automatically lose when time's up. (requested by BoloinaBox)
|inactive|BoloinaBox has 60 seconds left.
|inactive|colemarcusvgc has 60 seconds left.
|inactive|BoloinaBox has 30 seconds left.
|
|t:|1756529325
|teamsize|p1|4
|teamsize|p2|4
|start
|switch|p1a: Ninetales|Ninetales-Alola, L50, F|100/100
|switch|p1b: Ceruledge|Ceruledge, L50, M|100/100
|switch|p2a: Indeedee|Indeedee-F, L50, F|100/100
|switch|p2b: Porygon2|Porygon2, L50|100/100
|-weather|Snowscape|[from] ability: Snow Warning|[of] p1a: Ninetales
|-fieldstart|move: Psychic Terrain|[from] ability: Psychic Surge|[of] p2a: Indeedee
|-ability|p2b: Porygon2|Download|boost
|-boost|p2b: Porygon2|atk|1
|turn|1
|
|t:|1756529349
|move|p2a: Indeedee|Follow Me|p2a: Indeedee
|-singleturn|p2a: Indeedee|move: Follow Me
|move|p1a: Ninetales|Howl|p1a: Ninetales|[spread] p1a,p1b
|-boost|p1a: Ninetales|atk|1
|-boost|p1b: Ceruledge|atk|1
|move|p1b: Ceruledge|Bulk Up|p1b: Ceruledge
|-boost|p1b: Ceruledge|atk|1
|-boost|p1b: Ceruledge|def|1
|move|p2b: Porygon2|Trick Room|p2b: Porygon2
|-fieldstart|move: Trick Room|[of] p2b: Porygon2
|
|-weather|Snowscape|[upkeep]
|upkeep
|turn|2
|
|t:|1756529370
|switch|p2b: Hatterene|Hatterene, L50, F|100/100
|-terastallize|p2a: Indeedee|Steel
|move|p2a: Indeedee|Dazzling Gleam|p1b: Ceruledge|[spread] p1a,p1b
|-resisted|p1b: Ceruledge
|-damage|p1a: Ninetales|88/100
|-damage|p1b: Ceruledge|96/100
|move|p1b: Ceruledge|Bulk Up|p1b: Ceruledge
|-boost|p1b: Ceruledge|atk|1
|-boost|p1b: Ceruledge|def|1
|move|p1a: Ninetales|Aurora Veil|p1a: Ninetales
|-sidestart|p1: BoloinaBox|move: Aurora Veil
|
|-weather|Snowscape|[upkeep]
|upkeep
|turn|3
|inactive|BoloinaBox has 30 seconds left.
|inactive|BoloinaBox has 20 seconds left.
|inactive|BoloinaBox has 15 seconds left.
|inactive|BoloinaBox has 10 seconds left.
|
|t:|1756529418
|move|p2a: Indeedee|Helping Hand|p2b: Hatterene
|-singleturn|p2b: Hatterene|Helping Hand|[of] p2a: Indeedee
|move|p1b: Ceruledge|Protect|p1b: Ceruledge
|-singleturn|p1b: Ceruledge|Protect
|move|p2b: Hatterene|Expanding Force|p1a: Ninetales|[spread] p1a
|-activate|p1b: Ceruledge|move: Protect
|-damage|p1a: Ninetales|2/100
|-damage|p2b: Hatterene|91/100|[from] item: Life Orb
|move|p1a: Ninetales|Howl|p1a: Ninetales|[spread] p1a,p1b
|-boost|p1a: Ninetales|atk|1
|-boost|p1b: Ceruledge|atk|1
|
|-weather|Snowscape|[upkeep]
|upkeep
|turn|4
|
|t:|1756529438
|switch|p1a: Rillaboom|Rillaboom, L50, M|100/100
|-fieldstart|move: Grassy Terrain|[from] ability: Grassy Surge|[of] p1a: Rillaboom
|move|p2a: Indeedee|Follow Me|p2a: Indeedee
|-singleturn|p2a: Indeedee|move: Follow Me
|move|p2b: Hatterene|Expanding Force|p1b: Ceruledge
|-damage|p1b: Ceruledge|60/100
|-damage|p2b: Hatterene|82/100|[from] item: Life Orb
|move|p1b: Ceruledge|Bitter Blade|p2a: Indeedee
|-supereffective|p2a: Indeedee
|-damage|p2a: Indeedee|0 fnt
|-heal|p1b: Ceruledge|100/100|[from] drain|[of] p2a: Indeedee
|-damage|p1b: Ceruledge|84/100|[from] item: Rocky Helmet|[of] p2a: Indeedee
|faint|p2a: Indeedee
|
|-weather|Snowscape|[upkeep]
|-heal|p2b: Hatterene|87/100|[from] Grassy Terrain
|-heal|p1b: Ceruledge|90/100|[from] Grassy Terrain
|upkeep
|
|t:|1756529455
|switch|p2a: Porygon2|Porygon2, L50|100/100
|-ability|p2a: Porygon2|Download|boost
|-boost|p2a: Porygon2|spa|1
|turn|5
|
|t:|1756529474
|move|p1a: Rillaboom|Fake Out|p2a: Porygon2
|-damage|p2a: Porygon2|92/100
|move|p2b: Hatterene|Mystical Fire|p1a: Rillaboom
|-supereffective|p1a: Rillaboom
|-damage|p1a: Rillaboom|45/100
|-unboost|p1a: Rillaboom|spa|1
|-damage|p2b: Hatterene|78/100|[from] item: Life Orb
|cant|p2a: Porygon2|flinch
|move|p1b: Ceruledge|Poltergeist|p2b: Hatterene
|-activate|p2b: Hatterene|move: Poltergeist|Life Orb
|-supereffective|p2b: Hatterene
|-damage|p2b: Hatterene|0 fnt
|faint|p2b: Hatterene
|
|-weather|none
|-heal|p2a: Porygon2|98/100|[from] Grassy Terrain
|-heal|p1b: Ceruledge|96/100|[from] Grassy Terrain
|-heal|p1a: Rillaboom|52/100|[from] Grassy Terrain
|-fieldend|move: Trick Room
|upkeep
|
|t:|1756529490
|switch|p2b: Ursaluna|Ursaluna, L50, F|100/100
|turn|6
|
|t:|1756529507
|move|p2b: Ursaluna|Protect|p2b: Ursaluna
|-singleturn|p2b: Ursaluna|Protect
|move|p1a: Rillaboom|Taunt|p2a: Porygon2
|-start|p2a: Porygon2|move: Taunt
|move|p1b: Ceruledge|Bitter Blade|p2b: Ursaluna
|-activate|p2b: Ursaluna|move: Protect
|cant|p2a: Porygon2|move: Taunt|Trick Room
|
|-heal|p1a: Rillaboom|58/100|[from] Grassy Terrain
|-heal|p1b: Ceruledge|100/100|[from] Grassy Terrain
|-heal|p2a: Porygon2|100/100|[from] Grassy Terrain
|-sideend|p1: BoloinaBox|move: Aurora Veil
|-status|p2b: Ursaluna|brn|[from] item: Flame Orb
|upkeep
|turn|7
|
|t:|1756529531
|-terastallize|p1b: Ceruledge|Bug
|move|p1a: Rillaboom|Drum Beating|p2b: Ursaluna
|-supereffective|p2b: Ursaluna
|-damage|p2b: Ursaluna|14/100 brn
|-unboost|p2b: Ursaluna|spe|1
|move|p1b: Ceruledge|Bitter Blade|p2b: Ursaluna
|-damage|p2b: Ursaluna|0 fnt
|faint|p2b: Ursaluna
|move|p2a: Porygon2|Ice Beam|p1a: Rillaboom
|-supereffective|p1a: Rillaboom
|-damage|p1a: Rillaboom|0 fnt
|faint|p1a: Rillaboom
|
|upkeep
|
|t:|1756529541
|switch|p1a: Ninetales|Ninetales-Alola, L50, F|2/100
|-weather|Snowscape|[from] ability: Snow Warning|[of] p1a: Ninetales
|turn|8
|
|t:|1756529547
|move|p1a: Ninetales|Howl|p1a: Ninetales|[spread] p1a,p1b
|-boost|p1a: Ninetales|atk|1
|-boost|p1b: Ceruledge|atk|1
|move|p1b: Ceruledge|Bitter Blade|p2a: Porygon2
|-damage|p2a: Porygon2|18/100
|move|p2a: Porygon2|Tera Blast|p1a: Ninetales
|-damage|p1a: Ninetales|0 fnt
|faint|p1a: Ninetales
|
|-weather|Snowscape|[upkeep]
|-heal|p2a: Porygon2|24/100|[from] Grassy Terrain
|-end|p2a: Porygon2|move: Taunt
|-fieldend|move: Grassy Terrain
|upkeep
|
|t:|1756529554
|switch|p1a: Whimsicott|Whimsicott, L50, M|100/100
|turn|9
|
|t:|1756529562
|move|p1a: Whimsicott|Worry Seed|p2a: Porygon2
|-ability|p2a: Porygon2|Insomnia|Download|[from] move: Worry Seed
|move|p1b: Ceruledge|Bitter Blade|p2a: Porygon2
|-damage|p2a: Porygon2|0 fnt
|faint|p2a: Porygon2
|
|win|BoloinaBox
|raw|BoloinaBox's rating: 1064 → 1089(+25 for winning)
|raw|colemarcusvgc's rating: 1000 → 1000(+0 for losing)
|c|☆colemarcusvgc|gg!
