|j|☆habeebomarali123
|j|☆sporghus
|html|habeebomarali123sporghus    
|uhtml|bestof|Game 1 of a best-of-3
|t:|1756167077
|gametype|doubles
|player|p1|habeebomarali123|giovanni|1065
|player|p2|sporghus|elesa-masters|1070
|gen|9
|tier|[Gen 9] VGC 2025 Reg H (Bo3)
|rated|
|rule|Species Clause: Limit one of each Pokémon
|rule|Item Clause: Limit 1 of each item
|clearpoke
|poke|p1|Rillaboom, L50, M|
|poke|p1|Volcarona, L50, M|
|poke|p1|Dragapult, L50, M|
|poke|p1|Gholdengo, L50|
|poke|p1|Murkrow, L50, F|
|poke|p1|Sneasler, L50, M|
|poke|p2|Incineroar, L50, F|
|poke|p2|Garchomp, L50, F|
|poke|p2|Magmar, L50, F|
|poke|p2|Farigiraf, L50, F|
|poke|p2|Kingambit, L50, M|
|poke|p2|Sinistcha, L50|
|teampreview|4
|showteam|p1|Rillaboom||AssaultVest|GrassySurge|FakeOut,GrassyGlide,KnockOff,WoodHammer|||M|||50|,,,,,Fire]Volcarona||GrassySeed|FlameBody|Protect,QuiverDance,TeraBlast,HeatWave|||M|||50|,,,,,Fairy]Dragapult||ChoiceBand|ClearBody|DragonDarts,PhantomForce,Uturn,SuckerPunch|||M|||50|,,,,,Dragon]Gholdengo||ChoiceSpecs|GoodasGold|ShadowBall,MakeItRain,FocusBlast,Thunderbolt||||||50|,,,,,Water]Murkrow||Eviolite|Prankster|Tailwind,Haze,Taunt,Protect|||F|||50|,,,,,Ghost]Sneasler||FocusSash|Unburden|Protect,DireClaw,CloseCombat,Coaching|||M|||50|,,,,,Stellar
|showteam|p2|Incineroar||SafetyGoggles|Intimidate|FakeOut,KnockOff,FlareBlitz,PartingShot|||F|||50|,,,,,Grass]Garchomp||LifeOrb|RoughSkin|StompingTantrum,Earthquake,DragonClaw,Protect|||F|||50|,,,,,Fire]Magmar||Eviolite|FlameBody|FollowMe,WillOWisp,Protect,Overheat|||F|||50|,,,,,Grass]Farigiraf||ThroatSpray|ArmorTail|DazzlingGleam,PsychicNoise,TrickRoom,Protect|||F|||50|,,,,,Fairy]Kingambit||AssaultVest|Defiant|KowtowCleave,SuckerPunch,IronHead,LowKick|||M|||50|,,,,,Fire]Sinistcha||SitrusBerry|Hospitality|RagePowder,TrickRoom,MatchaGotcha,ShadowBall||||||50|,,,,,Water
|
|t:|1756167140
|teamsize|p1|4
|teamsize|p2|4
|start
|switch|p1a: Dragapult|Dragapult, L50, M|100/100
|switch|p1b: Volcarona|Volcarona, L50, M|100/100
|switch|p2a: Farigiraf|Farigiraf, L50, F|100/100
|switch|p2b: Magmar|Magmar, L50, F|100/100
|turn|1
|
|t:|1756167154
|move|p2b: Magmar|Follow Me|p2b: Magmar
|-singleturn|p2b: Magmar|move: Follow Me
|move|p1a: Dragapult|Dragon Darts|p2b: Magmar
|-damage|p2b: Magmar|76/100
|-anim|p1a: Dragapult|Dragon Darts|p2b: Magmar
|-damage|p2b: Magmar|51/100
|move|p1b: Volcarona|Heat Wave|p2a: Farigiraf|[spread] p2a,p2b
|-resisted|p2b: Magmar
|-damage|p2a: Farigiraf|57/100
|-damage|p2b: Magmar|35/100
|move|p2a: Farigiraf|Trick Room|p2a: Farigiraf
|-fieldstart|move: Trick Room|[of] p2a: Farigiraf
|
|upkeep
|turn|2
|
|t:|1756167177
|move|p2b: Magmar|Follow Me|p2b: Magmar
|-singleturn|p2b: Magmar|move: Follow Me
|move|p2a: Farigiraf|Psychic Noise|p1a: Dragapult
|-damage|p1a: Dragapult|53/100
|-start|p1a: Dragapult|move: Heal Block
|-enditem|p2a: Farigiraf|Throat Spray
|-boost|p2a: Farigiraf|spa|1|[from] item: Throat Spray
|move|p1b: Volcarona|Heat Wave|p2a: Farigiraf|[spread] p2a
|-miss|p1b: Volcarona|p2b: Magmar
|-damage|p2a: Farigiraf|9/100
|move|p1a: Dragapult|Dragon Darts|p2b: Magmar
|-damage|p2b: Magmar|7/100
|-anim|p1a: Dragapult|Dragon Darts|p2b: Magmar
|-damage|p2b: Magmar|0 fnt
|faint|p2b: Magmar
|
|upkeep
|
|t:|1756167191
|switch|p2b: Garchomp|Garchomp, L50, F|100/100
|turn|3
|
|t:|1756167208
|-terastallize|p1b: Volcarona|Fairy
|-terastallize|p2b: Garchomp|Fire
|move|p2a: Farigiraf|Dazzling Gleam|p1a: Dragapult|[spread] p1a,p1b
|-supereffective|p1a: Dragapult
|-damage|p1a: Dragapult|0 fnt
|-damage|p1b: Volcarona|72/100
|faint|p1a: Dragapult
|move|p1b: Volcarona|Tera Blast|p2b: Garchomp|[anim] Tera Blast Fairy
|-resisted|p2b: Garchomp
|-damage|p2b: Garchomp|78/100
|move|p2b: Garchomp|Dragon Claw|p1b: Volcarona
|-immune|p1b: Volcarona
|
|upkeep
|
|t:|1756167216
|switch|p1a: Sneasler|Sneasler, L50, M|100/100
|turn|4
|
|t:|1756167230
|move|p2a: Farigiraf|Protect|p2a: Farigiraf
|-singleturn|p2a: Farigiraf|Protect
|move|p1a: Sneasler|Protect|p1a: Sneasler
|-singleturn|p1a: Sneasler|Protect
|move|p1b: Volcarona|Heat Wave|p2b: Garchomp|[spread] 
|-activate|p2a: Farigiraf|move: Protect
|-miss|p1b: Volcarona|p2b: Garchomp
|move|p2b: Garchomp|Earthquake|p1a: Sneasler|[spread] p1b
|-activate|p2a: Farigiraf|move: Protect
|-activate|p1a: Sneasler|move: Protect
|-damage|p1b: Volcarona|8/100
|-damage|p2b: Garchomp|68/100|[from] item: Life Orb
|
|upkeep
|turn|5
|
|t:|1756167246
|move|p1b: Volcarona|Protect|p1b: Volcarona
|-singleturn|p1b: Volcarona|Protect
|move|p1a: Sneasler|Protect||[still]
|-fail|p1a: Sneasler
|move|p2a: Farigiraf|Dazzling Gleam|p1a: Sneasler|[spread] p1a
|-activate|p1b: Volcarona|move: Protect
|-damage|p1a: Sneasler|57/100
|move|p2b: Garchomp|Stomping Tantrum|p1a: Sneasler
|-supereffective|p1a: Sneasler
|-damage|p1a: Sneasler|0 fnt
|faint|p1a: Sneasler
|-damage|p2b: Garchomp|58/100|[from] item: Life Orb
|
|-fieldend|move: Trick Room
|upkeep
|
|t:|1756167251
|switch|p1a: Gholdengo|Gholdengo, L50|100/100
|turn|6
|
|t:|1756167270
|move|p1a: Gholdengo|Make It Rain|p2b: Garchomp|[spread] p2a,p2b
|-resisted|p2b: Garchomp
|-damage|p2a: Farigiraf|0 fnt
|-damage|p2b: Garchomp|24/100
|-unboost|p1a: Gholdengo|spa|1
|faint|p2a: Farigiraf
|move|p2b: Garchomp|Earthquake|p1b: Volcarona|[spread] p1a,p1b
|-supereffective|p1a: Gholdengo
|-damage|p1a: Gholdengo|0 fnt
|-damage|p1b: Volcarona|0 fnt
|faint|p1a: Gholdengo
|faint|p1b: Volcarona
|-damage|p2b: Garchomp|14/100|[from] item: Life Orb
|
|win|sporghus
||habeebomarali123 is ready for game 2.
||sporghus is ready for game 2.
|uhtml|next|Next: Game 2 of 3
|l|☆sporghus
|player|p2|
