|j|☆namekzebra
|j|☆lux raimundi
|html|namekzebralux raimundi    
|uhtml|bestof|Game 3 of a best-of-3
|t:|1784317731
|gametype|doubles
|player|p1|namekzebra|artist-gen4|1009
|player|p2|lux raimundi|266|1125
|gen|9
|tier|[Gen 9 Champions] VGC 2026 Reg M-B (Bo3)
|rated|
|rule|Species Clause: Limit one of each Pokémon
|rule|Item Clause: Limit 1 of each item
|clearpoke
|poke|p1|Altaria, L50, F|
|poke|p1|Oranguru, L50, F|
|poke|p1|Torterra, L50, F|
|poke|p1|Machamp, L50, F|
|poke|p1|Morpeko, L50, M|
|poke|p1|Arcanine, L50, F|
|poke|p2|Sneasler, L50, M|
|poke|p2|Blastoise, L50, M|
|poke|p2|Kingambit, L50, M|
|poke|p2|Incineroar, L50, M|
|poke|p2|Delphox, L50, F|
|poke|p2|Sinistcha, L50|
|teampreview|4
|showteam|p1|Altaria||Altarianite|NaturalCure|DragonPulse,HyperBeam,CottonGuard,Roost|Quiet||F|||50|]Oranguru||MentalHerb|Telepathy|HyperVoice,Psychic,CalmMind,TrickRoom|Relaxed||F|||50|]Torterra||Leftovers|Overgrow|SeedBomb,Earthquake,LeechSeed,Endure|Adamant||F|||50|]Machamp||BlackBelt|Guts|CloseCombat,DrainPunch,BulkUp,Protect|Adamant||F|||50|]Morpeko||Metronome|HungerSwitch|AuraWheel,PowerTrip,PartingShot,Protect|Serious||M|||50|]Arcanine||Charcoal|FlashFire|Overheat,FireFang,Howl,Agility|Brave||F|||50|
|showteam|p2|Sneasler||FocusSash|PoisonTouch|PoisonJab,CloseCombat,FakeOut,QuickGuard|Jolly||M|||50|]Blastoise||Blastoisinite|RainDish|DarkPulse,WaterSpout,ShellSmash,Protect|Modest||M|||50|]Kingambit||BlackGlasses|Defiant|KowtowCleave,SuckerPunch,SwordsDance,Protect|Adamant||M|||50|]Incineroar||SitrusBerry|Intimidate|FlareBlitz,HelpingHand,PartingShot,FakeOut|Careful||M|||50|]Delphox||Delphoxite|Blaze|HeatWave,NastyPlot,Psyshock,Protect|Modest||F|||50|]Sinistcha||KasibBerry|Hospitality|MatchaGotcha,RagePowder,TrickRoom,Protect|Bold|||||50|
|
|t:|1784317752
|teamsize|p1|4
|teamsize|p2|4
|start
|switch|p1a: Gorillo|Oranguru, L50, F|100/100
|switch|p1b: Roll|Morpeko, L50, M|100/100
|switch|p2a: Incineroar|Incineroar, L50, M|100/100
|switch|p2b: Blastoise|Blastoise, L50, M|100/100
|-ability|p2a: Incineroar|Intimidate|boost
|-unboost|p1a: Gorillo|atk|1
|-unboost|p1b: Roll|atk|1
|turn|1
|
|t:|1784317806
|detailschange|p2b: Blastoise|Blastoise-Mega, L50, M
|-mega|p2b: Blastoise|Blastoise|Blastoisinite
|move|p2a: Incineroar|Fake Out|p1b: Roll
|-damage|p1b: Roll|79/100
|cant|p1b: Roll|flinch
|move|p2b: Blastoise|Water Spout|p1a: Gorillo|[spread] p1a,p1b
|-damage|p1a: Gorillo|36/100
|-damage|p1b: Roll|0 fnt
|faint|p1b: Roll
|move|p1a: Gorillo|Trick Room|p1a: Gorillo
|-fieldstart|move: Trick Room|[of] p1a: Gorillo
|
|upkeep
|
|t:|1784317818
|switch|p1b: Ao|Torterra, L50, F|100/100
|turn|2
|inactive|Battle timer is ON: inactive players will automatically lose when time's up. (requested by namekzebra)
|
|t:|1784317831
|switch|p2a: Sinistcha|Sinistcha, L50|100/100
|move|p2b: Blastoise|Protect|p2b: Blastoise
|-singleturn|p2b: Blastoise|Protect
|move|p1a: Gorillo|Hyper Voice|p2b: Blastoise|[spread] 
|-activate|p2b: Blastoise|move: Protect
|-immune|p2a: Sinistcha
|move|p1b: Ao|Seed Bomb|p2b: Blastoise
|-activate|p2b: Blastoise|move: Protect
|
|upkeep
|turn|3
|
|t:|1784317844
|switch|p2b: Incineroar|Incineroar, L50, M|100/100
|-ability|p2b: Incineroar|Intimidate|boost
|-unboost|p1a: Gorillo|atk|1
|-unboost|p1b: Ao|atk|1
|move|p1a: Gorillo|Hyper Voice|p2b: Incineroar|[spread] p2b
|-immune|p2a: Sinistcha
|-damage|p2b: Incineroar|80/100
|move|p1b: Ao|Seed Bomb|p2b: Incineroar
|-resisted|p2b: Incineroar|1
|-damage|p2b: Incineroar|68/100
|move|p2a: Sinistcha|Trick Room|p2a: Sinistcha
|-fieldend|move: Trick Room
|
|upkeep
|turn|4
|
|t:|1784317860
|switch|p1a: Cloudi|Altaria, L50, F|100/100
|move|p2b: Incineroar|Flare Blitz|p1a: Cloudi
|-resisted|p1a: Cloudi|1
|-damage|p1a: Cloudi|74/100
|-damage|p2b: Incineroar|61/100|[from] Recoil
|move|p2a: Sinistcha|Matcha Gotcha|p1a: Cloudi|[spread] p1b
|-miss|p2a: Sinistcha|p1a: Cloudi
|-damage|p1b: Ao|76/100
|move|p1b: Ao|Earthquake|p2a: Sinistcha|[spread] p2a,p2b
|-immune|p1a: Cloudi
|-resisted|p2a: Sinistcha|1
|-supereffective|p2b: Incineroar|1
|-damage|p2a: Sinistcha|90/100
|-damage|p2b: Incineroar|15/100
|-enditem|p2b: Incineroar|Sitrus Berry|[eat]
|-heal|p2b: Incineroar|40/100|[from] item: Sitrus Berry
|
|-heal|p1b: Ao|82/100|[from] item: Leftovers
|upkeep
|turn|5
|inactive|namekzebra has 30 seconds left.
|
|t:|1784317887
|detailschange|p1a: Cloudi|Altaria-Mega, L50, F
|-mega|p1a: Cloudi|Altaria|Altarianite
|move|p2b: Incineroar|Parting Shot|p1a: Cloudi
|-unboost|p1a: Cloudi|atk|1
|-unboost|p1a: Cloudi|spa|1
|
|t:|1784317892
|switch|p2b: Sneasler|Sneasler, L50, M|100/100|[from] Parting Shot
|move|p2a: Sinistcha|Matcha Gotcha|p1b: Ao|[spread] p1b
|-miss|p2a: Sinistcha|p1a: Cloudi
|-crit|p1b: Ao
|-damage|p1b: Ao|47/100
|-heal|p2a: Sinistcha|100/100|[from] drain|[of] p1b: Ao
|move|p1a: Cloudi|Hyper Beam|p2b: Sneasler
|-damage|p2b: Sneasler|24/100
|-mustrecharge|p1a: Cloudi
|move|p1b: Ao|Earthquake|p2b: Sneasler|[spread] p1a,p2a,p2b
|-resisted|p2a: Sinistcha|1
|-supereffective|p2b: Sneasler|1
|-damage|p1a: Cloudi|52/100
|-damage|p2a: Sinistcha|89/100
|-damage|p2b: Sneasler|0 fnt
|faint|p2b: Sneasler
|
|-heal|p1b: Ao|52/100|[from] item: Leftovers
|upkeep
|
|t:|1784317895
|switch|p2b: Blastoise|Blastoise-Mega, L50, M|100/100
|turn|6
|
|t:|1784317902
|move|p2b: Blastoise|Water Spout|p1a: Cloudi|[spread] p1a,p1b
|-resisted|p1a: Cloudi|1
|-damage|p1a: Cloudi|21/100
|-damage|p1b: Ao|0 fnt
|faint|p1b: Ao
|move|p2a: Sinistcha|Matcha Gotcha|p1a: Cloudi
|-resisted|p1a: Cloudi|1
|-damage|p1a: Cloudi|6/100
|-heal|p2a: Sinistcha|97/100|[from] drain|[of] p1a: Cloudi
|cant|p1a: Cloudi|recharge
|
|upkeep
|
|t:|1784317906
|switch|p1b: Gorillo|Oranguru, L50, F|36/100
|turn|7
|-message|namekzebra forfeited.
|
|win|lux raimundi
|raw|namekzebra's rating: 1009 → 1001(-8 for losing)
|raw|lux raimundi's rating: 1125 → 1142(+17 for winning)
