|j|☆shikoguard
|j|☆Shadow of metrunui
|html|shikoguardShadow of metrunui    
|uhtml|bestof|Game 2 of a best-of-3
|t:|1756745785
|gametype|doubles
|player|p1|shikoguard|1|1026
|player|p2|Shadow of metrunui|265|1022
|gen|9
|tier|[Gen 9] VGC 2025 Reg H (Bo3)
|rated|
|rule|Species Clause: Limit one of each Pokémon
|rule|Item Clause: Limit 1 of each item
|clearpoke
|poke|p1|Incineroar, L50, F|
|poke|p1|Gholdengo, L50|
|poke|p1|Amoonguss, L50, M|
|poke|p1|Hydreigon, L50, M|
|poke|p1|Porygon2, L50|
|poke|p1|Ursaluna, L50, M|
|poke|p2|Hydreigon, L50, F|
|poke|p2|Garchomp, L50, F|
|poke|p2|Mienshao, L50, M|
|poke|p2|Incineroar, L50, M|
|poke|p2|Gholdengo, L50|
|poke|p2|Primarina, L50, F|
|teampreview|4
|showteam|p1|Incineroar||SitrusBerry|Intimidate|KnockOff,FakeOut,FlareBlitz,PartingShot|||F|||50|,,,,,Ghost]Gholdengo||MetalCoat|GoodasGold|Protect,NastyPlot,MakeItRain,ShadowBall||||||50|,,,,,Water]Amoonguss||RockyHelmet|Regenerator|Spore,RagePowder,PollenPuff,Protect|||M|||50|,,,,,Fairy]Hydreigon||SafetyGoggles|Levitate|DracoMeteor,Snarl,Tailwind,Protect|||M|||50|,,,,,Ghost]Porygon2||Eviolite|Download|Recover,IceBeam,TeraBlast,TrickRoom||||||50|,,,,,Fighting]Ursaluna||FlameOrb|Guts|Earthquake,Facade,HeadlongRush,Protect|||M|||50|,,,,,Ghost
|showteam|p2|Hydreigon||SafetyGoggles|Levitate|DragonPulse,Snarl,Protect,Flamethrower|||F|||50|,,,,,Steel]Garchomp||LifeOrb|RoughSkin|Earthquake,StompingTantrum,Protect,DragonClaw|||F|||50|,,,,,Grass]Mienshao||FocusSash|InnerFocus|CloseCombat,FakeOut,IceSpinner,Protect|||M|||50|,,,,,Grass]Incineroar||RockyHelmet|Intimidate|FakeOut,FlareBlitz,KnockOff,PartingShot|||M|||50|,,,,,Ghost]Gholdengo||MetalCoat|GoodasGold|MakeItRain,Protect,ShadowBall,NastyPlot||||||50|,,,,,Flying]Primarina||ThroatSpray|LiquidVoice|HyperVoice,Protect,Haze,Moonblast|||F|||50|,,,,,Ghost
|
|t:|1756745846
|teamsize|p1|4
|teamsize|p2|4
|start
|switch|p1a: Porygon2|Porygon2, L50|100/100
|switch|p1b: Ursaluna|Ursaluna, L50, M|100/100
|switch|p2a: Incineroar|Incineroar, L50, M|100/100
|switch|p2b: Garchomp|Garchomp, L50, F|100/100
|-ability|p2a: Incineroar|Intimidate|boost
|-unboost|p1a: Porygon2|atk|1
|-unboost|p1b: Ursaluna|atk|1
|-ability|p1a: Porygon2|Download|boost
|-boost|p1a: Porygon2|atk|1
|turn|1
|
|t:|1756745893
|move|p2a: Incineroar|Fake Out|p1a: Porygon2
|-damage|p1a: Porygon2|93/100
|move|p2b: Garchomp|Stomping Tantrum|p1a: Porygon2
|-damage|p1a: Porygon2|63/100
|-damage|p2b: Garchomp|91/100|[from] item: Life Orb
|move|p1b: Ursaluna|Headlong Rush|p2a: Incineroar
|-supereffective|p2a: Incineroar
|-damage|p2a: Incineroar|12/100
|-unboost|p1b: Ursaluna|def|1
|-unboost|p1b: Ursaluna|spd|1
|-damage|p1b: Ursaluna|84/100|[from] item: Rocky Helmet|[of] p2a: Incineroar
|cant|p1a: Porygon2|flinch
|
|-status|p1b: Ursaluna|brn|[from] item: Flame Orb
|upkeep
|turn|2
|
|t:|1756745948
|move|p2b: Garchomp|Dragon Claw|p1a: Porygon2
|-damage|p1a: Porygon2|34/100
|-damage|p2b: Garchomp|81/100|[from] item: Life Orb
|move|p2a: Incineroar|Knock Off|p1a: Porygon2
|-damage|p1a: Porygon2|5/100
|-enditem|p1a: Porygon2|Eviolite|[from] move: Knock Off|[of] p2a: Incineroar
|move|p1b: Ursaluna|Facade|p2b: Garchomp
|-damage|p2b: Garchomp|0 fnt
|-damage|p1b: Ursaluna|72/100 brn|[from] ability: Rough Skin|[of] p2b: Garchomp
|faint|p2b: Garchomp
|move|p1a: Porygon2|Trick Room|p1a: Porygon2
|-fieldstart|move: Trick Room|[of] p1a: Porygon2
|
|-damage|p1b: Ursaluna|66/100 brn|[from] brn
|upkeep
|
|t:|1756745963
|switch|p2b: Mienshao|Mienshao, L50, M|100/100
|turn|3
|
|t:|1756746012
|switch|p2a: Primarina|Primarina, L50, F|100/100
|move|p2b: Mienshao|Protect|p2b: Mienshao
|-singleturn|p2b: Mienshao|Protect
|move|p1b: Ursaluna|Facade|p2b: Mienshao
|-activate|p2b: Mienshao|move: Protect
|move|p1a: Porygon2|Tera Blast|p2a: Primarina
|-damage|p2a: Primarina|73/100
|
|-damage|p1b: Ursaluna|59/100 brn|[from] brn
|upkeep
|turn|4
|
|t:|1756746051
|switch|p2b: Incineroar|Incineroar, L50, M|12/100
|-ability|p2b: Incineroar|Intimidate|boost
|-unboost|p1a: Porygon2|atk|1
|-unboost|p1b: Ursaluna|atk|1
|-terastallize|p2a: Primarina|Ghost
|move|p1b: Ursaluna|Facade|p2a: Primarina
|-immune|p2a: Primarina
|move|p1a: Porygon2|Recover|p1a: Porygon2
|-heal|p1a: Porygon2|55/100
|move|p2a: Primarina|Hyper Voice|p1a: Porygon2|[spread] p1a,p1b
|-supereffective|p1b: Ursaluna
|-damage|p1a: Porygon2|24/100
|-damage|p1b: Ursaluna|0 fnt
|faint|p1b: Ursaluna
|-enditem|p2a: Primarina|Throat Spray
|-boost|p2a: Primarina|spa|1|[from] item: Throat Spray
|
|upkeep
|
|t:|1756746076
|switch|p1b: Amoonguss|Amoonguss, L50, M|100/100
|turn|5
|
|t:|1756746106
|move|p2a: Primarina|Protect|p2a: Primarina
|-singleturn|p2a: Primarina|Protect
|move|p2b: Incineroar|Fake Out|p1a: Porygon2
|-damage|p1a: Porygon2|12/100
|move|p1b: Amoonguss|Pollen Puff|p1a: Porygon2
|-heal|p1a: Porygon2|62/100
|cant|p1a: Porygon2|flinch
|
|upkeep
|turn|6
|
|t:|1756746144
|move|p1b: Amoonguss|Spore|p2a: Primarina
|-status|p2a: Primarina|slp|[from] move: Spore
|move|p1a: Porygon2|Ice Beam|p2a: Primarina
|-damage|p2a: Primarina|55/100 slp
|move|p2b: Incineroar|Knock Off|p1a: Porygon2
|-damage|p1a: Porygon2|35/100
|cant|p2a: Primarina|slp
|
|-fieldend|move: Trick Room
|upkeep
|turn|7
|
|t:|1756746180
|switch|p1a: Gholdengo|Gholdengo, L50|100/100
|-terastallize|p1b: Amoonguss|Fairy
|move|p1b: Amoonguss|Rage Powder|p1b: Amoonguss
|-singleturn|p1b: Amoonguss|move: Rage Powder
|cant|p2a: Primarina|slp
|move|p2b: Incineroar|Flare Blitz|p1b: Amoonguss
|-damage|p1b: Amoonguss|48/100
|-damage|p2b: Incineroar|0 fnt|[from] item: Rocky Helmet|[of] p1b: Amoonguss
|faint|p2b: Incineroar
|
|upkeep
|
|t:|1756746193
|switch|p2b: Mienshao|Mienshao, L50, M|100/100
|turn|8
|
|t:|1756746219
|move|p2b: Mienshao|Fake Out|p1b: Amoonguss
|-damage|p1b: Amoonguss|36/100
|-damage|p2b: Mienshao|84/100|[from] item: Rocky Helmet|[of] p1b: Amoonguss
|move|p1a: Gholdengo|Shadow Ball|p2a: Primarina
|-supereffective|p2a: Primarina
|-damage|p2a: Primarina|0 fnt
|faint|p2a: Primarina
|cant|p1b: Amoonguss|flinch
|
|upkeep
|turn|9
|
|t:|1756746238
|move|p2b: Mienshao|Protect|p2b: Mienshao
|-singleturn|p2b: Mienshao|Protect
|move|p1a: Gholdengo|Nasty Plot|p1a: Gholdengo
|-boost|p1a: Gholdengo|spa|2
|move|p1b: Amoonguss|Spore|p2b: Mienshao
|-activate|p2b: Mienshao|move: Protect
|
|upkeep
|turn|10
|
|t:|1756746252
|move|p2b: Mienshao|Ice Spinner|p1b: Amoonguss
|-damage|p1b: Amoonguss|13/100
|-damage|p2b: Mienshao|68/100|[from] item: Rocky Helmet|[of] p1b: Amoonguss
|move|p1a: Gholdengo|Shadow Ball|p2b: Mienshao
|-damage|p2b: Mienshao|0 fnt
|faint|p2b: Mienshao
|
|win|shikoguard
|inactive|shikoguard has 30 seconds to confirm battle start!
|inactive|Shadow of metrunui has 30 seconds to confirm battle start!
||shikoguard is ready for game 3.
|inactive|Shadow of metrunui has 20 seconds to confirm battle start!
|inactive|Shadow of metrunui has 10 seconds to confirm battle start!
