|j|☆AdvaiLuffy
|j|☆GlitchXDGOAT
|html|AdvaiLuffyGlitchXDGOAT    
|uhtml|bestof|Game 2 of a best-of-3
|t:|1783328168
|gametype|doubles
|player|p1|AdvaiLuffy|steven|1052
|player|p2|GlitchXDGOAT|169|1042
|gen|9
|tier|[Gen 9 Champions] VGC 2026 Reg M-B (Bo3)
|rated|
|rule|Species Clause: Limit one of each Pokémon
|rule|Item Clause: Limit 1 of each item
|clearpoke
|poke|p1|Grimmsnarl, L50, M|
|poke|p1|Swampert, L50, M|
|poke|p1|Pelipper, L50, M|
|poke|p1|Archaludon, L50, M|
|poke|p1|Kingambit, L50, M|
|poke|p1|Metagross, L50|
|poke|p2|Floette-Eternal, L50, F|
|poke|p2|Torkoal, L50, F|
|poke|p2|Vileplume, L50, M|
|poke|p2|Basculegion, L50, M|
|poke|p2|Garchomp, L50, M|
|poke|p2|Kingambit, L50, M|
|teampreview|4
|showteam|p1|Grimmsnarl||LightClay|Prankster|FoulPlay,PartingShot,Reflect,LightScreen|Calm||M|||50|]Swampert||Swampertite|Damp|WaveCrash,Earthquake,IcePunch,Protect|Adamant||M|||50|]Pelipper||SitrusBerry|Drizzle|Hurricane,WeatherBall,Tailwind,WideGuard|Modest||M|||50|]Archaludon||Leftovers|Stamina|ElectroShot,DragonPulse,FlashCannon,Protect|Modest||M|||50|]Kingambit||BlackGlasses|Defiant|KowtowCleave,SuckerPunch,LowKick,Protect|Adamant||M|||50|]Metagross||Metagrossite|ClearBody|IronHead,PsychicFangs,BodyPress,Protect|Jolly|||||50|
|showteam|p2|Floette-Eternal||Floettite|FlowerVeil|Moonblast,DrainingKiss,CalmMind,Protect|Modest||F|||50|]Torkoal||Charcoal|Drought|Eruption,WeatherBall,EarthPower,Protect|Quiet||F|||50|]Vileplume||FocusSash|Chlorophyll|SolarBeam,SludgeBomb,SleepPowder,AfterYou|Timid||M|||50|]Basculegion||ChoiceScarf|Adaptability|WaveCrash,LastRespects,FlipTurn,AquaJet|Jolly||M|||50|]Garchomp||LifeOrb|RoughSkin|DragonClaw,StompingTantrum,RockSlide,Protect|Jolly||M|||50|]Kingambit||BlackGlasses|Defiant|SuckerPunch,KowtowCleave,IronHead,Protect|Adamant||M|||50|
|inactive|Battle timer is ON: inactive players will automatically lose when time's up. (requested by GlitchXDGOAT)
|inactive|AdvaiLuffy also wants the timer to be on.
|inactive|GlitchXDGOAT has 60 seconds left.
|
|t:|1783328211
|teamsize|p1|4
|teamsize|p2|4
|start
|switch|p1a: Grimmsnarl|Grimmsnarl, L50, M|100/100
|switch|p1b: Swampert|Swampert, L50, M|100/100
|switch|p2a: Kingambit|Kingambit, L50, M|100/100
|switch|p2b: Vileplume|Vileplume, L50, M|100/100
|turn|1
|
|t:|1783328226
|move|p1b: Swampert|Protect|p1b: Swampert
|-singleturn|p1b: Swampert|Protect
|move|p2a: Kingambit|Protect|p2a: Kingambit
|-singleturn|p2a: Kingambit|Protect
|move|p1a: Grimmsnarl|Reflect|p1a: Grimmsnarl
|-sidestart|p1: AdvaiLuffy|Reflect
|move|p2b: Vileplume|Sleep Powder|p1b: Swampert
|-activate|p1b: Swampert|move: Protect
|
|upkeep
|turn|2
|
|t:|1783328243
|switch|p1a: Pelipper|Pelipper, L50, M|100/100
|-weather|RainDance|[from] ability: Drizzle|[of] p1a: Pelipper
|switch|p2a: Garchomp|Garchomp, L50, M|100/100
|detailschange|p1b: Swampert|Swampert-Mega, L50, M
|-mega|p1b: Swampert|Swampert|Swampertite
|move|p1b: Swampert|Ice Punch|p2b: Vileplume
|-supereffective|p2b: Vileplume|1
|-crit|p2b: Vileplume
|-enditem|p2b: Vileplume|Focus Sash
|-damage|p2b: Vileplume|1/100
|move|p2b: Vileplume|Sleep Powder|p1b: Swampert|[miss]
|-miss|p2b: Vileplume|p1b: Swampert
|
|-weather|RainDance|[upkeep]
|upkeep
|turn|3
|
|t:|1783328263
|switch|p1a: Grimmsnarl|Grimmsnarl, L50, M|100/100
|move|p1b: Swampert|Protect|p1b: Swampert
|-singleturn|p1b: Swampert|Protect
|move|p2a: Garchomp|Rock Slide|p1b: Swampert|[spread] p1a
|-activate|p1b: Swampert|move: Protect
|-damage|p1a: Grimmsnarl|83/100
|-damage|p2a: Garchomp|90/100|[from] item: Life Orb
|move|p2b: Vileplume|Sleep Powder|p1b: Swampert
|-activate|p1b: Swampert|move: Protect
|
|-weather|RainDance|[upkeep]
|upkeep
|turn|4
|
|t:|1783328279
|move|p1b: Swampert|Ice Punch|p2a: Garchomp
|-supereffective|p2a: Garchomp|2
|-damage|p2a: Garchomp|0 fnt
|-damage|p1b: Swampert|87/100|[from] ability: Rough Skin|[of] p2a: Garchomp
|faint|p2a: Garchomp
|move|p2b: Vileplume|Sleep Powder|p1b: Swampert
|-status|p1b: Swampert|slp|[from] move: Sleep Powder
|move|p1a: Grimmsnarl|Foul Play|p2b: Vileplume
|-damage|p2b: Vileplume|0 fnt
|faint|p2b: Vileplume
|
|-weather|RainDance|[upkeep]
|upkeep
|
|t:|1783328284
|switch|p2a: Kingambit|Kingambit, L50, M|100/100
|switch|p2b: Floette|Floette-Eternal, L50, F|100/100
|turn|5
|
|t:|1783328302
|detailschange|p2b: Floette|Floette-Mega, L50, F
|-mega|p2b: Floette|Floette|Floettite
|-ability|p2b: Floette|Fairy Aura
|move|p1a: Grimmsnarl|Light Screen|p1a: Grimmsnarl
|-sidestart|p1: AdvaiLuffy|move: Light Screen
|cant|p1b: Swampert|slp
|move|p2b: Floette|Moonblast|p1b: Swampert
|-damage|p1b: Swampert|43/100 slp
|move|p2a: Kingambit|Iron Head|p1a: Grimmsnarl
|-supereffective|p1a: Grimmsnarl|1
|-damage|p1a: Grimmsnarl|17/100
|
|-weather|RainDance|[upkeep]
|upkeep
|turn|6
|
|t:|1783328324
|move|p1a: Grimmsnarl|Parting Shot|p2b: Floette
|-unboost|p2b: Floette|atk|1
|-unboost|p2b: Floette|spa|1
|
|t:|1783328328
|switch|p1a: Pelipper|Pelipper, L50, M|100/100|[from] Parting Shot
|cant|p1b: Swampert|slp
|move|p2b: Floette|Moonblast|p1b: Swampert
|-damage|p1b: Swampert|9/100 slp
|move|p2a: Kingambit|Iron Head|p1a: Pelipper
|-resisted|p1a: Pelipper|1
|-damage|p1a: Pelipper|84/100
|
|-weather|none
|upkeep
|turn|7
|
|t:|1783328344
|switch|p1a: Grimmsnarl|Grimmsnarl, L50, M|17/100
|move|p2a: Kingambit|Sucker Punch|p1b: Swampert
|-damage|p1b: Swampert|0 fnt
|faint|p1b: Swampert
|move|p2b: Floette|Moonblast|p1a: Grimmsnarl
|-supereffective|p1a: Grimmsnarl|1
|-damage|p1a: Grimmsnarl|0 fnt
|faint|p1a: Grimmsnarl
|
|upkeep
|
|t:|1783328356
|switch|p1b: Metagross|Metagross, L50|100/100
|switch|p1a: Pelipper|Pelipper, L50, M|84/100
|-weather|RainDance|[from] ability: Drizzle|[of] p1a: Pelipper
|turn|8
|
|t:|1783328364
|move|p1b: Metagross|Protect|p1b: Metagross
|-singleturn|p1b: Metagross|Protect
|move|p2a: Kingambit|Protect|p2a: Kingambit
|-singleturn|p2a: Kingambit|Protect
|move|p2b: Floette|Moonblast|p1a: Pelipper
|-damage|p1a: Pelipper|42/100
|-enditem|p1a: Pelipper|Sitrus Berry|[eat]
|-heal|p1a: Pelipper|67/100|[from] item: Sitrus Berry
|move|p1a: Pelipper|Tailwind|p1a: Pelipper
|-sidestart|p1: AdvaiLuffy|move: Tailwind
|
|-weather|RainDance|[upkeep]
|-sideend|p1: AdvaiLuffy|Reflect
|upkeep
|turn|9
|
|t:|1783328381
|move|p2a: Kingambit|Sucker Punch|p1b: Metagross
|-supereffective|p1b: Metagross|1
|-damage|p1b: Metagross|13/100
|move|p1b: Metagross|Body Press|p2a: Kingambit
|-supereffective|p2a: Kingambit|2
|-damage|p2a: Kingambit|32/100
|move|p1a: Pelipper|Hurricane|p2b: Floette
|-damage|p2b: Floette|69/100
|-start|p2b: Floette|confusion
|-activate|p2b: Floette|confusion
|-damage|p2b: Floette|64/100|[from] confusion
|
|-weather|RainDance|[upkeep]
|upkeep
|turn|10
|
|t:|1783328403
|move|p1b: Metagross|Protect|p1b: Metagross
|-singleturn|p1b: Metagross|Protect
|move|p2a: Kingambit|Protect|p2a: Kingambit
|-singleturn|p2a: Kingambit|Protect
|move|p1a: Pelipper|Weather Ball|p2a: Kingambit
|-activate|p2a: Kingambit|move: Protect
|-end|p2b: Floette|confusion
|move|p2b: Floette|Draining Kiss|p1a: Pelipper
|-damage|p1a: Pelipper|41/100
|-heal|p2b: Floette|81/100|[from] drain|[of] p1a: Pelipper
|
|-weather|RainDance|[upkeep]
|upkeep
|turn|11
|
|t:|1783328431
|move|p1b: Metagross|Protect||[still]
|-fail|p1b: Metagross
|move|p2a: Kingambit|Sucker Punch|p1a: Pelipper
|-damage|p1a: Pelipper|0 fnt
|faint|p1a: Pelipper
|move|p2b: Floette|Moonblast|p1b: Metagross
|-resisted|p1b: Metagross|1
|-damage|p1b: Metagross|0 fnt
|faint|p1b: Metagross
|
|win|GlitchXDGOAT
||AdvaiLuffy is ready for game 3.
|inactive|GlitchXDGOAT has 30 seconds to confirm battle start!
|c|☆GlitchXDGOAT|Gg.
||GlitchXDGOAT is ready for game 3.
|uhtml|next|Next: Game 3 of 3
|l|☆AdvaiLuffy
|player|p1|
