|j|☆SuperPokeVGC
|j|☆Daniw9
|html|SuperPokeVGCDaniw9    
|uhtml|bestof|Game 3 of a best-of-3
|t:|1756488629
|gametype|doubles
|player|p1|SuperPokeVGC|ltsurge|1191
|player|p2|Daniw9|2|1238
|gen|9
|tier|[Gen 9] VGC 2025 Reg H (Bo3)
|rated|
|rule|Species Clause: Limit one of each Pokémon
|rule|Item Clause: Limit 1 of each item
|clearpoke
|poke|p1|Tyranitar, L50, M|
|poke|p1|Garchomp, L50, F|
|poke|p1|Gholdengo, L50|
|poke|p1|Sinistcha, L50|
|poke|p1|Yanmega, L50, F|
|poke|p1|Arcanine, L50, F|
|poke|p2|Garchomp, L50, M|
|poke|p2|Tyranitar, L50, F|
|poke|p2|Delphox, L50, M|
|poke|p2|Indeedee-F, L50, F|
|poke|p2|Gallade, L50, M|
|poke|p2|Whimsicott, L50, M|
|teampreview|4
|showteam|p1|Tyranitar||LifeOrb|SandStream|KnockOff,RockSlide,TeraBlast,Protect|||M|||50|,,,,,Flying]Garchomp||ClearAmulet|SandVeil|DragonClaw,StompingTantrum,Earthquake,Protect|||F|||50|,,,,,Fire]Gholdengo||Leftovers|GoodasGold|MakeItRain,ShadowBall,NastyPlot,Protect||||||50|,,,,,Water]Sinistcha||SitrusBerry|Hospitality|RagePowder,MatchaGotcha,TrickRoom,Protect||||||50|,,,,,Water]Yanmega||FocusSash|SpeedBoost|Tailwind,AirSlash,BugBuzz,Detect|||F|||50|,,,,,Ghost]Arcanine||MirrorHerb|Intimidate|ExtremeSpeed,FlareBlitz,WillOWisp,Protect|||F|||50|,,,,,Normal
|showteam|p2|Garchomp||LifeOrb|SandVeil|Earthquake,StompingTantrum,Protect,DragonClaw|||M|||50|,,,,,Steel]Tyranitar||AssaultVest|SandStream|RockSlide,TeraBlast,KnockOff,LowKick|||F|||50|,,,,,Flying]Delphox||PsychicSeed|Magician|ExpandingForce,HeatWave,TeraBlast,Protect|||M|||50|,,,,,Fairy]Indeedee-F||SafetyGoggles|PsychicSurge|DazzlingGleam,TrickRoom,FollowMe,HelpingHand|||F|||50|,,,,,Water]Gallade||ClearAmulet|Sharpness|SacredSword,PsychoCut,TrickRoom,Protect|||M|||50|,,,,,Grass]Whimsicott||CovertCloak|Prankster|Moonblast,Tailwind,Encore,Protect|||M|||50|,,,,,Ghost
|inactive|Battle timer is ON: inactive players will automatically lose when time's up. (requested by SuperPokeVGC)
|inactive|SuperPokeVGC has 60 seconds left.
|inactive|Daniw9 has 60 seconds left.
|inactive|Daniw9 has 30 seconds left.
|inactive|Daniw9 has 20 seconds left.
|inactive|Daniw9 has 15 seconds left.
|inactive|Daniw9 has 10 seconds left.
|inactive|Daniw9 has 5 seconds left.
|
|t:|1756488716
|teamsize|p1|4
|teamsize|p2|4
|start
|switch|p1a: Yanmega|Yanmega, L50, F, shiny|100/100
|switch|p1b: Gholdengo|Gholdengo, L50|100/100
|switch|p2a: Delphox|Delphox, L50, M|100/100
|switch|p2b: Indeedee|Indeedee-F, L50, F|100/100
|-fieldstart|move: Psychic Terrain|[from] ability: Psychic Surge|[of] p2b: Indeedee
|-enditem|p2a: Delphox|Psychic Seed
|-boost|p2a: Delphox|spd|1|[from] item: Psychic Seed
|turn|1
|
|t:|1756488738
|switch|p1b: Tyranitar|Tyranitar, L50, M|100/100
|-weather|Sandstorm|[from] ability: Sand Stream|[of] p1b: Tyranitar
|-terastallize|p2b: Indeedee|Water
|move|p2a: Delphox|Heat Wave|p1b: Tyranitar|[spread] p1a,p1b
|-supereffective|p1a: Yanmega
|-resisted|p1b: Tyranitar
|-enditem|p1a: Yanmega|Focus Sash
|-damage|p1a: Yanmega|1/100
|-damage|p1b: Tyranitar|91/100
|-status|p1a: Yanmega|brn
|-item|p2a: Delphox|Life Orb|[from] ability: Magician|[of] p1b: Tyranitar
|move|p1a: Yanmega|Bug Buzz|p2b: Indeedee
|-damage|p2b: Indeedee|58/100
|-unboost|p2b: Indeedee|spd|1
|move|p2b: Indeedee|Trick Room|p2b: Indeedee
|-fieldstart|move: Trick Room|[of] p2b: Indeedee
|
|-weather|Sandstorm|[upkeep]
|-damage|p1a: Yanmega|0 fnt|[from] Sandstorm
|-damage|p2a: Delphox|95/100|[from] Sandstorm
|faint|p1a: Yanmega
|upkeep
|inactive|SuperPokeVGC has 30 seconds left.
|
|t:|1756488765
|switch|p1a: Gholdengo|Gholdengo, L50|100/100
|turn|2
|
|t:|1756488787
|switch|p2b: Tyranitar|Tyranitar, L50, F|100/100
|move|p1a: Gholdengo|Protect|p1a: Gholdengo
|-singleturn|p1a: Gholdengo|Protect
|move|p1b: Tyranitar|Knock Off|p2b: Tyranitar
|-resisted|p2b: Tyranitar
|-damage|p2b: Tyranitar|79/100
|-enditem|p2b: Tyranitar|Assault Vest|[from] move: Knock Off|[of] p1b: Tyranitar
|move|p2a: Delphox|Heat Wave|p1b: Tyranitar|[spread] p1b
|-activate|p1a: Gholdengo|move: Protect
|-resisted|p1b: Tyranitar
|-damage|p1b: Tyranitar|80/100
|-damage|p2a: Delphox|85/100|[from] item: Life Orb
|
|-weather|Sandstorm|[upkeep]
|-damage|p2a: Delphox|79/100|[from] Sandstorm
|upkeep
|turn|3
|
|t:|1756488805
|-terastallize|p1a: Gholdengo|Water
|move|p2b: Tyranitar|Knock Off|p1a: Gholdengo
|-damage|p1a: Gholdengo|54/100
|-enditem|p1a: Gholdengo|Leftovers|[from] move: Knock Off|[of] p2b: Tyranitar
|move|p1b: Tyranitar|Rock Slide|p2b: Tyranitar|[spread] p2a,p2b
|-supereffective|p2a: Delphox
|-damage|p2a: Delphox|0 fnt
|-damage|p2b: Tyranitar|54/100
|faint|p2a: Delphox
|move|p1a: Gholdengo|Shadow Ball|p2b: Tyranitar
|-resisted|p2b: Tyranitar
|-damage|p2b: Tyranitar|42/100
|
|-weather|Sandstorm|[upkeep]
|-damage|p1a: Gholdengo|47/100|[from] Sandstorm
|upkeep
|
|t:|1756488817
|switch|p2a: Gallade|Gallade, L50, M|100/100
|turn|4
|
|t:|1756488832
|switch|p1b: Garchomp|Garchomp, L50, F|100/100
|move|p2a: Gallade|Protect|p2a: Gallade
|-singleturn|p2a: Gallade|Protect
|move|p1a: Gholdengo|Protect|p1a: Gholdengo
|-singleturn|p1a: Gholdengo|Protect
|move|p2b: Tyranitar|Low Kick|p1b: Garchomp
|-damage|p1b: Garchomp|72/100
|
|-weather|Sandstorm|[upkeep]
|-damage|p2a: Gallade|95/100|[from] Sandstorm
|-damage|p1a: Gholdengo|41/100|[from] Sandstorm
|upkeep
|turn|5
|inactive|Daniw9 has 30 seconds left.
|
|t:|1756488865
|switch|p1a: Tyranitar|Tyranitar, L50, M|80/100
|move|p1b: Garchomp|Protect|p1b: Garchomp
|-singleturn|p1b: Garchomp|Protect
|move|p2b: Tyranitar|Knock Off|p1a: Tyranitar
|-resisted|p1a: Tyranitar
|-damage|p1a: Tyranitar|67/100
|move|p2a: Gallade|Psycho Cut|p1b: Garchomp
|-activate|p1b: Garchomp|move: Protect
|
|-weather|none
|-fieldend|move: Trick Room
|-fieldend|move: Psychic Terrain
|upkeep
|turn|6
|
|t:|1756488883
|move|p1a: Tyranitar|Protect|p1a: Tyranitar
|-singleturn|p1a: Tyranitar|Protect
|move|p1b: Garchomp|Earthquake|p2b: Tyranitar|[spread] p2a,p2b
|-activate|p1a: Tyranitar|move: Protect
|-supereffective|p2b: Tyranitar
|-damage|p2a: Gallade|38/100
|-damage|p2b: Tyranitar|0 fnt
|faint|p2b: Tyranitar
|move|p2a: Gallade|Trick Room|p2a: Gallade
|-fieldstart|move: Trick Room|[of] p2a: Gallade
|
|upkeep
|
|t:|1756488885
|switch|p2b: Indeedee|Indeedee-F, L50, F, tera:Water|58/100
|-fieldstart|move: Psychic Terrain|[from] ability: Psychic Surge|[of] p2b: Indeedee
|turn|7
|inactive|SuperPokeVGC has 30 seconds left.
|inactive|SuperPokeVGC has 20 seconds left.
|inactive|SuperPokeVGC has 15 seconds left.
|
|t:|1756488929
|move|p2b: Indeedee|Follow Me|p2b: Indeedee
|-singleturn|p2b: Indeedee|move: Follow Me
|move|p1a: Tyranitar|Rock Slide|p2b: Indeedee|[spread] p2a,p2b
|-resisted|p2a: Gallade
|-damage|p2a: Gallade|16/100
|-damage|p2b: Indeedee|28/100
|move|p2a: Gallade|Psycho Cut|p1b: Garchomp
|-damage|p1b: Garchomp|0 fnt
|faint|p1b: Garchomp
|
|upkeep
|
|t:|1756488939
|switch|p1b: Gholdengo|Gholdengo, L50, tera:Water|41/100
|turn|8
|
|t:|1756488944
|move|p2a: Gallade|Protect|p2a: Gallade
|-singleturn|p2a: Gallade|Protect
|move|p2b: Indeedee|Dazzling Gleam|p1b: Gholdengo|[spread] p1a,p1b
|-supereffective|p1a: Tyranitar
|-damage|p1a: Tyranitar|43/100
|-damage|p1b: Gholdengo|28/100
|move|p1a: Tyranitar|Rock Slide|p2b: Indeedee|[spread] 
|-activate|p2a: Gallade|move: Protect
|-miss|p1a: Tyranitar|p2b: Indeedee
|move|p1b: Gholdengo|Make It Rain|p2a: Gallade|[spread] p2b
|-activate|p2a: Gallade|move: Protect
|-resisted|p2b: Indeedee
|-damage|p2b: Indeedee|3/100
|-unboost|p1b: Gholdengo|spa|1
|
|upkeep
|turn|9
|inactive|SuperPokeVGC has 30 seconds left.
|inactive|SuperPokeVGC has 20 seconds left.
|inactive|SuperPokeVGC has 15 seconds left.
|inactive|SuperPokeVGC has 10 seconds left.
|
|t:|1756488992
|move|p2b: Indeedee|Dazzling Gleam|p1a: Tyranitar|[spread] p1a,p1b
|-supereffective|p1a: Tyranitar
|-crit|p1b: Gholdengo
|-damage|p1a: Tyranitar|19/100
|-damage|p1b: Gholdengo|7/100
|move|p1a: Tyranitar|Rock Slide|p2a: Gallade|[spread] p2a,p2b
|-resisted|p2a: Gallade
|-damage|p2a: Gallade|0 fnt
|-damage|p2b: Indeedee|0 fnt
|faint|p2a: Gallade
|faint|p2b: Indeedee
|
|win|SuperPokeVGC
|raw|SuperPokeVGC's rating: 1191 → 1219(+28 for winning)
|raw|Daniw9's rating: 1238 → 1210(-28 for losing)
|l|☆Daniw9
|player|p2|
|j|☆Daniw9
|player|p2|Daniw9|2|
