|j|â˜†neuesspielzeug
|j|â˜†MrRBZ
|html|neuesspielzeugMrRBZ    
|uhtml|bestof|Game 1 of a best-of-3
|t:|1784511815
|gametype|doubles
|player|p1|neuesspielzeug|2|1152
|player|p2|MrRBZ|doctor|1132
|gen|9
|tier|[Gen 9 Champions] VGC 2026 Reg M-B (Bo3)
|rated|
|rule|Species Clause: Limit one of each PokÃ©mon
|rule|Item Clause: Limit 1 of each item
|clearpoke
|poke|p1|Scrafty, L50, M|
|poke|p1|Toxapex, L50, F|
|poke|p1|Metagross, L50|
|poke|p1|Chandelure, L50, M|
|poke|p1|Hydreigon, L50, F|
|poke|p1|Sneasler, L50, M|
|poke|p2|Staraptor, L50, F, shiny|
|poke|p2|Garchomp, L50, M, shiny|
|poke|p2|Metagross, L50, shiny|
|poke|p2|Basculegion, L50, M, shiny|
|poke|p2|Whimsicott, L50, F, shiny|
|poke|p2|Hydreigon, L50, F, shiny|
|teampreview|4
|showteam|p1|Scrafty||Scraftinite|Intimidate|FakeOut,DrainPunch,KnockOff,PoisonJab|Careful||M|||50|]Toxapex||Leftovers|Regenerator|Infestation,Toxic,BanefulBunker,WideGuard|Bold||F|||50|]Metagross||Metagrossite|ClearBody|PsychicFangs,StompingTantrum,IcePunch,Protect|Jolly|||||50|]Chandelure||FocusSash|FlashFire|EnergyBall,HeatWave,ShadowBall,Protect|Timid||M|||50|]Hydreigon||ChoiceScarf|Levitate|DracoMeteor,Snarl,DarkPulse,EarthPower|Modest||F|||50|]Sneasler||LifeOrb|PoisonTouch|FakeOut,CloseCombat,DireClaw,Protect|Jolly||M|||50|
|showteam|p2|Staraptor||Staraptite|Intimidate|CloseCombat,Uturn,BraveBird,Protect|Jolly||F|||50|]Garchomp||YacheBerry|RoughSkin|StompingTantrum,DragonClaw,RockSlide,Protect|Jolly||M|||50|]Metagross||Metagrossite|ClearBody|IronHead,PsychicFangs,StompingTantrum,Protect|Jolly|||||50|]Basculegion||ChoiceScarf|Adaptability|LastRespects,WaveCrash,AquaJet,FlipTurn|Jolly||M|||50|]Whimsicott||FocusSash|Prankster|Moonblast,Tailwind,Charm,Taunt|Bold||F|||50|]Hydreigon||BlackGlasses|Levitate|DarkPulse,DragonPulse,EarthPower,FlashCannon|Timid||F|||50|
|inactive|Battle timer is ON: inactive players will automatically lose when time's up. (requested by MrRBZ)
|inactive|neuesspielzeug has 60 seconds left.
|
|t:|1784511856
|teamsize|p1|4
|teamsize|p2|4
|start
|switch|p1a: Sneasler|Sneasler, L50, M|100/100
|switch|p1b: Chandelure|Chandelure, L50, M|100/100
|switch|p2a: Metagross|Metagross, L50, shiny|100/100
|switch|p2b: Hydreigon|Hydreigon, L50, F, shiny|100/100
|turn|1
|c|â˜†MrRBZ|thats really bad for me huh
|inactive|MrRBZ has 30 seconds left.
|
|t:|1784511882
|switch|p2b: Garchomp|Garchomp, L50, M, shiny|100/100
|move|p2a: Metagross|Protect|p2a: Metagross
|-singleturn|p2a: Metagross|Protect
|move|p1a: Sneasler|Fake Out|p2a: Metagross
|-activate|p2a: Metagross|move: Protect
|move|p1b: Chandelure|Heat Wave|p2a: Metagross|[spread] p2b
|-activate|p2a: Metagross|move: Protect
|-resisted|p2b: Garchomp|1
|-damage|p2b: Garchomp|75/100
|
|upkeep
|turn|2
|inactive|neuesspielzeug has 30 seconds left.
|inactive|MrRBZ has 30 seconds left.
|
|t:|1784511915
|detailschange|p2a: Metagross|Metagross-Mega, L50, shiny
|-mega|p2a: Metagross|Metagross|Metagrossite
|move|p1b: Chandelure|Protect|p1b: Chandelure
|-singleturn|p1b: Chandelure|Protect
|move|p1a: Sneasler|Close Combat|p2b: Garchomp
|-damage|p2b: Garchomp|0 fnt
|-unboost|p1a: Sneasler|def|1
|-unboost|p1a: Sneasler|spd|1
|-damage|p1a: Sneasler|87/100|[from] ability: Rough Skin|[of] p2b: Garchomp
|faint|p2b: Garchomp
|-damage|p1a: Sneasler|78/100|[from] item: Life Orb
|move|p2a: Metagross|Stomping Tantrum|p1b: Chandelure
|-activate|p1b: Chandelure|move: Protect
|
|upkeep
|
|t:|1784511926
|switch|p2b: Basculegion|Basculegion, L50, M, shiny|100/100
|turn|3
|inactive|MrRBZ has 30 seconds left.
|
|t:|1784511956
|move|p2b: Basculegion|Wave Crash|p1b: Chandelure
|-supereffective|p1b: Chandelure|1
|-enditem|p1b: Chandelure|Focus Sash
|-damage|p1b: Chandelure|1/100
|-damage|p2b: Basculegion|77/100|[from] Recoil
|move|p1a: Sneasler|Close Combat|p2a: Metagross
|-crit|p2a: Metagross
|-damage|p2a: Metagross|0 fnt
|-unboost|p1a: Sneasler|def|1
|-unboost|p1a: Sneasler|spd|1
|faint|p2a: Metagross
|-damage|p1a: Sneasler|68/100|[from] item: Life Orb
|move|p1b: Chandelure|Heat Wave|p2b: Basculegion
|-resisted|p2b: Basculegion|1
|-damage|p2b: Basculegion|44/100
|-status|p2b: Basculegion|brn
|
|-damage|p2b: Basculegion|38/100 brn|[from] brn
|upkeep
|c|â˜†MrRBZ|bro wth
|
|t:|1784511975
|switch|p2a: Hydreigon|Hydreigon, L50, F, shiny|100/100
|turn|4
|j| trevYah
|l| trevYah
|
|t:|1784511993
|move|p1a: Sneasler|Protect|p1a: Sneasler
|-singleturn|p1a: Sneasler|Protect
|move|p2b: Basculegion|Wave Crash|p1a: Sneasler
|-activate|p1a: Sneasler|move: Protect
|move|p2a: Hydreigon|Dark Pulse|p1b: Chandelure
|-supereffective|p1b: Chandelure|1
|-damage|p1b: Chandelure|0 fnt
|faint|p1b: Chandelure
|
|-damage|p2b: Basculegion|31/100 brn|[from] brn
|upkeep
|c|â˜†neuesspielzeug|doesn't rly matter
|
|t:|1784512004
|switch|p1b: Hydreigon|Hydreigon, L50, F|100/100
|turn|5
|c|â˜†MrRBZ|non crit dinint kill
|c|â˜†MrRBZ|then i outsped and killed chandelure
|inactive|MrRBZ has 30 seconds left.
|c|â˜†neuesspielzeug|and then i have a clean switch in in hydreigon
|
|t:|1784512037
|move|p1b: Hydreigon|Dark Pulse|p2b: Basculegion
|-supereffective|p2b: Basculegion|1
|-damage|p2b: Basculegion|0 fnt
|faint|p2b: Basculegion
|move|p1a: Sneasler|Close Combat|p2a: Hydreigon
|-supereffective|p2a: Hydreigon|1
|-damage|p2a: Hydreigon|0 fnt
|-unboost|p1a: Sneasler|def|1
|-unboost|p1a: Sneasler|spd|1
|faint|p2a: Hydreigon
|-damage|p1a: Sneasler|59/100|[from] item: Life Orb
|
|win|neuesspielzeug
