|j|☆hawaiianshaymin
|j|☆birdlover.123
|html|hawaiianshayminbirdlover.123    
|uhtml|bestof|Game 1 of a best-of-3
|t:|1786062232
|gametype|doubles
|player|p1|hawaiianshaymin|265|1116
|player|p2|birdlover.123|birdkeeper-gen4dp|1095
|gen|9
|tier|[Gen 9 Champions] VGC 2026 Reg M-B (Bo3)
|rated|
|rule|Species Clause: Limit one of each Pokémon
|rule|Item Clause: Limit 1 of each item
|clearpoke
|poke|p1|Staraptor, L50, F|
|poke|p1|Gholdengo, L50|
|poke|p1|Talonflame, L50, F|
|poke|p1|Sinistcha, L50|
|poke|p1|Grimmsnarl, L50, M|
|poke|p1|Kangaskhan, L50, F|
|poke|p2|Orthworm, L50, F|
|poke|p2|Garchomp, L50, F|
|poke|p2|Tyranitar, L50, F|
|poke|p2|Sneasler, L50, F|
|poke|p2|Rotom-Wash, L50|
|poke|p2|Aerodactyl, L50, M|
|teampreview|4
|showteam|p1|Staraptor||Staraptite|Intimidate|CloseCombat,BraveBird,Roost,Protect|Adamant||F|||50|]Gholdengo||LifeOrb|GoodasGold|MakeItRain,ShadowBall,NastyPlot,Protect|Modest|||||50|]Talonflame||FocusSash|GaleWings|Tailwind,DualWingbeat,WillOWisp,Protect|Jolly||F|||50|]Sinistcha||KasibBerry|Hospitality|MatchaGotcha,RagePowder,LifeDew,TrickRoom|Bold|||||50|]Grimmsnarl||LightClay|Prankster|ThroatChop,LightScreen,Reflect,PartingShot|Careful||M|||50|]Kangaskhan||Kangaskhanite|Scrappy|FakeOut,DoubleEdge,DrainPunch,SuckerPunch|Adamant||F|||50|
|showteam|p2|Orthworm||SitrusBerry|EarthEater|ShedTail,BodyPress,HeavySlam,Protect|Careful||F|||50|]Garchomp||Leftovers|SandVeil|Earthquake,DragonClaw,SwordsDance,Protect|Jolly||F|||50|]Tyranitar||Tyranitarite|SandStream|RockSlide,KnockOff,DragonDance,Protect|Jolly||F|||50|]Sneasler||WhiteHerb|Unburden|FakeOut,DireClaw,CloseCombat,Protect|Adamant||F|||50|]Rotom-Wash||ChoiceScarf|Levitate|Electroweb,Thunderbolt,HydroPump,VoltSwitch|Timid|||||50|]Aerodactyl||FocusSash|Unnerve|DualWingbeat,RockSlide,Tailwind,Protect|Jolly||M|||50|
|
|t:|1786062257
|teamsize|p1|4
|teamsize|p2|4
|start
|switch|p1a: Grimmsnarl|Grimmsnarl, L50, M|100/100
|switch|p1b: Gholdengo|Gholdengo, L50|100/100
|switch|p2a: Orthworm|Orthworm, L50, F|100/100
|switch|p2b: Rotom|Rotom-Wash, L50|100/100
|turn|1
|
|t:|1786062284
|move|p1a: Grimmsnarl|Light Screen|p1a: Grimmsnarl
|-sidestart|p1: hawaiianshaymin|move: Light Screen
|move|p2b: Rotom|Electroweb|p1a: Grimmsnarl|[spread] p1a,p1b
|-damage|p1a: Grimmsnarl|88/100
|-damage|p1b: Gholdengo|85/100
|-unboost|p1a: Grimmsnarl|spe|1
|-unboost|p1b: Gholdengo|spe|1
|move|p2a: Orthworm|Shed Tail|p2a: Orthworm
|-start|p2a: Orthworm|Substitute|[from] move: Shed Tail
|-damage|p2a: Orthworm|50/100y
|-enditem|p2a: Orthworm|Sitrus Berry|[eat]
|-heal|p2a: Orthworm|75/100|[from] item: Sitrus Berry
|
|t:|1786062292
|switch|p2a: Garchomp|Garchomp, L50, F|100/100|[from] Shed Tail
|move|p1b: Gholdengo|Nasty Plot|p1b: Gholdengo
|-boost|p1b: Gholdengo|spa|2
|
|upkeep
|turn|2
|
|t:|1786062312
|move|p1a: Grimmsnarl|Reflect|p1a: Grimmsnarl
|-sidestart|p1: hawaiianshaymin|Reflect
|move|p2b: Rotom|Electroweb|p1b: Gholdengo|[spread] p1a,p1b
|-damage|p1a: Grimmsnarl|77/100
|-damage|p1b: Gholdengo|70/100
|-unboost|p1a: Grimmsnarl|spe|1
|-unboost|p1b: Gholdengo|spe|1
|move|p2a: Garchomp|Swords Dance|p2a: Garchomp
|-boost|p2a: Garchomp|atk|2
|move|p1b: Gholdengo|Shadow Ball|p2a: Garchomp
|-end|p2a: Garchomp|Substitute
|-damage|p1b: Gholdengo|60/100|[from] item: Life Orb
|
|upkeep
|turn|3
|
|t:|1786062328
|move|p1a: Grimmsnarl|Parting Shot|p2a: Garchomp
|-unboost|p2a: Garchomp|atk|1
|-unboost|p2a: Garchomp|spa|1
|
|t:|1786062332
|switch|p1a: Staraptor|Staraptor, L50, F|100/100|[from] Parting Shot
|-ability|p1a: Staraptor|Intimidate|boost
|-unboost|p2a: Garchomp|atk|1
|-unboost|p2b: Rotom|atk|1
|move|p2b: Rotom|Electroweb|p1b: Gholdengo|[spread] p1a,p1b
|-supereffective|p1a: Staraptor|1
|-damage|p1a: Staraptor|70/100
|-damage|p1b: Gholdengo|46/100
|-unboost|p1a: Staraptor|spe|1
|-unboost|p1b: Gholdengo|spe|1
|move|p2a: Garchomp|Earthquake|p1b: Gholdengo|[spread] p1b
|-immune|p2b: Rotom|[from] ability: Levitate
|-immune|p1a: Staraptor
|-supereffective|p1b: Gholdengo|1
|-damage|p1b: Gholdengo|0 fnt
|faint|p1b: Gholdengo
|
|upkeep
|
|t:|1786062348
|switch|p1b: Talonflame|Talonflame, L50, F|100/100
|turn|4
|
|t:|1786062356
|detailschange|p1a: Staraptor|Staraptor-Mega, L50, F
|-mega|p1a: Staraptor|Staraptor|Staraptite
|move|p2a: Garchomp|Protect|p2a: Garchomp
|-singleturn|p2a: Garchomp|Protect
|move|p1b: Talonflame|Tailwind|p1b: Talonflame
|-sidestart|p1: hawaiianshaymin|move: Tailwind
|move|p2b: Rotom|Electroweb|p1a: Staraptor|[spread] p1a
|-miss|p2b: Rotom|p1b: Talonflame
|-supereffective|p1a: Staraptor|1
|-damage|p1a: Staraptor|47/100
|-boost|p1a: Staraptor|spe|1
|move|p1a: Staraptor|Close Combat|p2b: Rotom
|-damage|p2b: Rotom|21/100
|-boost|p1a: Staraptor|def|1
|-boost|p1a: Staraptor|spd|1
|
|upkeep
|turn|5
|
|t:|1786062377
|move|p1b: Talonflame|Will-O-Wisp|p2a: Garchomp
|-status|p2a: Garchomp|brn
|move|p1a: Staraptor|Roost|p1a: Staraptor
|-heal|p1a: Staraptor|97/100
|-singleturn|p1a: Staraptor|move: Roost
|move|p2b: Rotom|Electroweb|p1a: Staraptor|[spread] p1a,p1b
|-supereffective|p1b: Talonflame|1
|-damage|p1a: Staraptor|89/100
|-damage|p1b: Talonflame|69/100
|-boost|p1a: Staraptor|spe|1
|-unboost|p1b: Talonflame|spe|1
|move|p2a: Garchomp|Dragon Claw|p1a: Staraptor
|-damage|p1a: Staraptor|81/100
|
|-damage|p2a: Garchomp|94/100 brn|[from] brn
|upkeep
|turn|6
|-message|birdlover.123 forfeited.
|
|win|hawaiianshaymin
|l|☆birdlover.123
|player|p2|
||birdlover.123 is ready for game 2.
||hawaiianshaymin is ready for game 2.
|uhtml|next|Next: Game 2 of 3
