|j|☆Lorido
|j|☆Krowl3x
|html|LoridoKrowl3x    
|uhtml|bestof|Game 3 of a best-of-3
|t:|1785340946
|gametype|doubles
|player|p1|Lorido|170|1246
|player|p2|Krowl3x|lucas|1135
|gen|9
|tier|[Gen 9 Champions] VGC 2026 Reg M-B (Bo3)
|rated|
|rule|Species Clause: Limit one of each Pokémon
|rule|Item Clause: Limit 1 of each item
|clearpoke
|poke|p1|Delphox, L50, M|
|poke|p1|Incineroar, L50, F|
|poke|p1|Floette-Eternal, L50, F|
|poke|p1|Kingambit, L50, F|
|poke|p1|Sinistcha, L50|
|poke|p1|Sneasler, L50, M|
|poke|p2|Malamar, L50, M|
|poke|p2|Maushold, L50|
|poke|p2|Mawile, L50, F|
|poke|p2|Sinistcha, L50|
|poke|p2|Whimsicott, L50, M|
|poke|p2|Incineroar, L50, M|
|teampreview|4
|showteam|p1|Delphox||Delphoxite|Blaze|HeatWave,Psychic,NastyPlot,Protect|Timid||M|||50|]Incineroar||SitrusBerry|Intimidate|FlareBlitz,DarkestLariat,FakeOut,PartingShot|Careful||F|||50|]Floette-Eternal||Floettite|FlowerVeil|DazzlingGleam,DrainingKiss,CalmMind,Protect|Bold||F|||50|]Kingambit||BlackGlasses|Defiant|KowtowCleave,SuckerPunch,SwordsDance,Protect|Adamant||F|||50|]Sinistcha||OccaBerry|Hospitality|MatchaGotcha,RagePowder,TrickRoom,Protect|Bold|||||50|]Sneasler||FocusSash|PoisonTouch|CloseCombat,PoisonJab,FakeOut,QuickGuard|Jolly||M|||50|
|showteam|p2|Malamar||Malamarite|Contrary|Superpower,KnockOff,TrickRoom,Protect|Adamant||M|||50|]Maushold||WideLens|Technician|PopulationBomb,FollowMe,Feint,Protect|Jolly|||||50|]Mawile||Mawilite|HyperCutter|PlayRough,RockSlide,SuckerPunch,Protect|Brave||F|||50|]Sinistcha||ColburBerry|Hospitality|MatchaGotcha,LifeDew,RagePowder,Protect|Calm|||||50|]Whimsicott||FocusSash|Prankster|Moonblast,Tailwind,Charm,FakeTears|Modest||M|||50|]Incineroar||LifeOrb|Intimidate|FlareBlitz,DarkestLariat,PartingShot,FakeOut|Brave||M|||50|
|inactive|Battle timer is ON: inactive players will automatically lose when time's up. (requested by Krowl3x)
|
|t:|1785340974
|teamsize|p1|4
|teamsize|p2|4
|start
|switch|p1a: Floette|Floette-Eternal, L50, F|100/100
|switch|p1b: Sneasler|Sneasler, L50, M|100/100
|switch|p2a: Malamar|Malamar, L50, M|100/100
|switch|p2b: Whimsicott|Whimsicott, L50, M|100/100
|turn|1
|inactive|Krowl3x has 30 seconds left.
|inactive|Lorido has 30 seconds left.
|inactive|Lorido has 20 seconds left.
|
|t:|1785341015
|detailschange|p1a: Floette|Floette-Mega, L50, F
|-mega|p1a: Floette|Floette|Floettite
|-ability|p1a: Floette|Fairy Aura
|detailschange|p2a: Malamar|Malamar-Mega, L50, M
|-mega|p2a: Malamar|Malamar|Malamarite
|move|p2a: Malamar|Protect|p2a: Malamar
|-singleturn|p2a: Malamar|Protect
|move|p1b: Sneasler|Fake Out|p2b: Whimsicott
|-damage|p2b: Whimsicott|82/100
|-status|p2b: Whimsicott|psn|[from] ability: Poison Touch|[of] p1b: Sneasler
|cant|p2b: Whimsicott|flinch
|move|p1a: Floette|Dazzling Gleam|p2a: Malamar|[spread] p2b
|-activate|p2a: Malamar|move: Protect
|-damage|p2b: Whimsicott|31/100 psn
|
|-damage|p2b: Whimsicott|19/100 psn|[from] psn
|upkeep
|turn|2
|inactive|Lorido has 30 seconds left.
|inactive|Krowl3x has 30 seconds left.
|
|t:|1785341045
|move|p2b: Whimsicott|Fake Tears|p2a: Malamar
|-boost|p2a: Malamar|spd|2
|move|p1b: Sneasler|Poison Jab|p2b: Whimsicott
|-supereffective|p2b: Whimsicott|2
|-damage|p2b: Whimsicott|0 fnt
|faint|p2b: Whimsicott
|move|p1a: Floette|Calm Mind|p1a: Floette
|-boost|p1a: Floette|spa|1
|-boost|p1a: Floette|spd|1
|move|p2a: Malamar|Superpower|p1a: Floette
|-resisted|p1a: Floette|1
|-damage|p1a: Floette|85/100
|-boost|p2a: Malamar|atk|1
|-boost|p2a: Malamar|def|1
|
|upkeep
|
|t:|1785341051
|switch|p2b: Incineroar|Incineroar, L50, M|100/100
|-ability|p2b: Incineroar|Intimidate|boost
|-unboost|p1a: Floette|atk|1
|-unboost|p1b: Sneasler|atk|1
|turn|3
|
|t:|1785341066
|move|p1b: Sneasler|Quick Guard|p1b: Sneasler
|-singleturn|p1b: Sneasler|Quick Guard
|move|p1a: Floette|Calm Mind|p1a: Floette
|-boost|p1a: Floette|spa|1
|-boost|p1a: Floette|spd|1
|move|p2a: Malamar|Knock Off|p1b: Sneasler
|-resisted|p1b: Sneasler|1
|-damage|p1b: Sneasler|37/100
|-enditem|p1b: Sneasler|Focus Sash|[from] move: Knock Off|[of] p2a: Malamar
|move|p2b: Incineroar|Flare Blitz|p1a: Floette
|-damage|p1a: Floette|11/100
|-damage|p2b: Incineroar|78/100|[from] Recoil
|-damage|p2b: Incineroar|68/100|[from] item: Life Orb
|
|upkeep
|turn|4
|
|t:|1785341083
|switch|p1b: Sinistcha|Sinistcha, L50|100/100
|-heal|p1a: Floette|36/100|[from] ability: Hospitality|[of] p1b: Sinistcha
|move|p1a: Floette|Draining Kiss|p2b: Incineroar
|-damage|p2b: Incineroar|2/100
|-heal|p1a: Floette|93/100|[from] drain|[of] p2b: Incineroar
|move|p2a: Malamar|Superpower|p1b: Sinistcha
|-immune|p1b: Sinistcha
|move|p2b: Incineroar|Darkest Lariat|p1a: Floette
|-resisted|p1a: Floette|1
|-damage|p1a: Floette|69/100
|-damage|p2b: Incineroar|0 fnt|[from] item: Life Orb
|faint|p2b: Incineroar
|
|upkeep
|
|t:|1785341096
|switch|p2b: Sinistcha|Sinistcha, L50|100/100
|turn|5
|inactive|Lorido has 30 seconds left.
|
|t:|1785341130
|move|p1b: Sinistcha|Protect|p1b: Sinistcha
|-singleturn|p1b: Sinistcha|Protect
|move|p1a: Floette|Draining Kiss|p2b: Sinistcha
|-damage|p2b: Sinistcha|38/100
|-heal|p1a: Floette|100/100|[from] drain|[of] p2b: Sinistcha
|move|p2a: Malamar|Knock Off|p1b: Sinistcha
|-activate|p1b: Sinistcha|move: Protect
|move|p2b: Sinistcha|Life Dew||[still]|[spread] p2a,p2b
|-fail|p2a: Malamar|heal
|-heal|p2b: Sinistcha|63/100
|
|upkeep
|turn|6
|
|t:|1785341152
|move|p1a: Floette|Dazzling Gleam|p2a: Malamar|[spread] p2a,p2b
|-supereffective|p2a: Malamar|1
|-damage|p2a: Malamar|39/100
|-damage|p2b: Sinistcha|0 fnt
|faint|p2b: Sinistcha
|move|p2a: Malamar|Superpower|p1a: Floette
|-resisted|p1a: Floette|1
|-damage|p1a: Floette|77/100
|-boost|p2a: Malamar|atk|1
|-boost|p2a: Malamar|def|1
|move|p1b: Sinistcha|Matcha Gotcha|p2a: Malamar
|-damage|p2a: Malamar|26/100
|
|upkeep
|turn|7
|c|☆Krowl3x|gg
|-message|Krowl3x forfeited.
|
|win|Lorido
|raw|Lorido's rating: 1246 → 1263(+17 for winning)
|raw|Krowl3x's rating: 1135 → 1118(-17 for losing)
|l|☆Krowl3x
|player|p2|
