|j|☆chicco_the_best
|j|‽oui-huy
|html|chicco_the_bestoui-huy    
|uhtml|bestof|Game 1 of a best-of-3
|t:|1785917313
|gametype|doubles
|player|p1|chicco_the_best|2|1176
|player|p2|oui-huy|102|1052
|gen|9
|tier|[Gen 9 Champions] VGC 2026 Reg M-B (Bo3)
|rated|
|rule|Species Clause: Limit one of each Pokémon
|rule|Item Clause: Limit 1 of each item
|clearpoke
|poke|p1|Gardevoir, L50, M|
|poke|p1|Farigiraf, L50, F|
|poke|p1|Gholdengo, L50|
|poke|p1|Sneasler, L50, F|
|poke|p1|Sinistcha, L50|
|poke|p1|Talonflame, L50, F|
|poke|p2|Garchomp, L50, M|
|poke|p2|Oranguru, L50, M|
|poke|p2|Raichu, L50, M|
|poke|p2|Eelektross, L50, M|
|poke|p2|Pelipper, L50, F|
|poke|p2|Sinistcha-Masterpiece, L50|
|teampreview|4
|showteam|p1|Gardevoir||Gardevoirite|Trace|HyperVoice,AuraSphere,Psyshock,Protect|Modest||M|||50|]Farigiraf||ColburBerry|ArmorTail|TrickRoom,HelpingHand,HyperVoice,TwinBeam|Bold||F|||50|]Gholdengo||LifeOrb|GoodasGold|NastyPlot,MakeItRain,ShadowBall,Protect|Modest|||||50|]Sneasler||WhiteHerb|Unburden|FakeOut,DireClaw,CloseCombat,Protect|Adamant||F|||50|]Sinistcha||Leftovers|Hospitality|RagePowder,MatchaGotcha,LifeDew,TrickRoom|Relaxed|||||50|]Talonflame||FocusSash|GaleWings|Tailwind,WillOWisp,DualWingbeat,Protect|Jolly||F|||50|
|showteam|p2|Garchomp||LifeOrb|RoughSkin|Earthquake,DragonClaw,RockTomb,Protect|Jolly||M|||50|]Oranguru||ColburBerry|Telepathy|HyperVoice,Instruct,Imprison,TrickRoom|Sassy||M|||50|]Raichu||FocusSash|LightningRod|FakeOut,Endeavor,Nuzzle,VoltSwitch|Timid||M|||50|]Eelektross||Eelektrossite|Levitate|Thunder,Discharge,GigaDrain,Protect|Modest||M|||50|]Pelipper||ChoiceScarf|Drizzle|Soak,WeatherBall,Hurricane,Tailwind|Timid||F|||50|]Sinistcha-Masterpiece||SitrusBerry|Hospitality|MatchaGotcha,RagePowder,TrickRoom,LifeDew|Relaxed|||||50|
|inactive|Battle timer is ON: inactive players will automatically lose when time's up. (requested by chicco_the_best)
|inactive|oui-huy also wants the timer to be on.
|inactive|chicco_the_best has 60 seconds left.
|
|t:|1785917352
|teamsize|p1|4
|teamsize|p2|4
|start
|switch|p1a: Gardevoir|Gardevoir, L50, M|100/100
|switch|p1b: Sneasler|Sneasler, L50, F|100/100
|switch|p2a: Raichu|Raichu, L50, M|100/100
|switch|p2b: Eelektross|Eelektross, L50, M|100/100
|-ability|p1a: Gardevoir|Lightning Rod|Trace|[from] ability: Trace|[of] p2a: Raichu
|turn|1
|inactive|oui-huy has 30 seconds left.
|
|t:|1785917378
|detailschange|p1a: Gardevoir|Gardevoir-Mega, L50, M
|-mega|p1a: Gardevoir|Gardevoir|Gardevoirite
|detailschange|p2b: Eelektross|Eelektross-Mega, L50, M
|-mega|p2b: Eelektross|Eelektross|Eelektrossite
|move|p2a: Raichu|Fake Out|p1a: Gardevoir
|-damage|p1a: Gardevoir|89/100
|move|p1b: Sneasler|Fake Out|p2a: Raichu
|-damage|p2a: Raichu|71/100
|cant|p1a: Gardevoir|flinch
|move|p2b: Eelektross|Discharge|p1b: Sneasler|[spread] p1a,p1b
|-ability|p2a: Raichu|Lightning Rod|boost
|-boost|p2a: Raichu|spa|1
|-damage|p1a: Gardevoir|61/100
|-damage|p1b: Sneasler|53/100
|-status|p1a: Gardevoir|par
|-status|p1b: Sneasler|par
|
|upkeep
|turn|2
|inactive|oui-huy has 30 seconds left.
|
|t:|1785917403
|move|p1a: Gardevoir|Protect|p1a: Gardevoir
|-singleturn|p1a: Gardevoir|Protect
|move|p2a: Raichu|Volt Switch|p1a: Gardevoir
|-activate|p1a: Gardevoir|move: Protect
|move|p2b: Eelektross|Discharge|p1a: Gardevoir|[spread] p1b
|-activate|p1a: Gardevoir|move: Protect
|-ability|p2a: Raichu|Lightning Rod|boost
|-boost|p2a: Raichu|spa|1
|-damage|p1b: Sneasler|5/100 par
|move|p1b: Sneasler|Close Combat|p2a: Raichu
|-damage|p2a: Raichu|0 fnt
|-unboost|p1b: Sneasler|def|1
|-unboost|p1b: Sneasler|spd|1
|faint|p2a: Raichu
|-enditem|p1b: Sneasler|White Herb
|-clearnegativeboost|p1b: Sneasler|[silent]
|
|upkeep
|
|t:|1785917408
|switch|p2a: Pelipper|Pelipper, L50, F|100/100
|-weather|RainDance|[from] ability: Drizzle|[of] p2a: Pelipper
|turn|3
|
|t:|1785917426
|switch|p1a: Gholdengo|Gholdengo, L50|100/100
|move|p2a: Pelipper|Tailwind|p2a: Pelipper
|-sidestart|p2: oui-huy|move: Tailwind
|move|p2b: Eelektross|Thunder|p1a: Gholdengo
|-damage|p1a: Gholdengo|28/100
|-status|p1a: Gholdengo|par
|move|p1b: Sneasler|Dire Claw|p2b: Eelektross
|-damage|p2b: Eelektross|46/100
|
|-weather|RainDance|[upkeep]
|upkeep
|turn|4
|inactive|chicco_the_best has 30 seconds left.
|
|t:|1785917457
|switch|p2a: Sinistcha|Sinistcha-Masterpiece, L50|100/100
|-heal|p2b: Eelektross|71/100|[from] ability: Hospitality|[of] p2a: Sinistcha
|move|p1b: Sneasler|Protect|p1b: Sneasler
|-singleturn|p1b: Sneasler|Protect
|move|p2b: Eelektross|Discharge|p1b: Sneasler|[spread] p2a,p1a
|-activate|p1b: Sneasler|move: Protect
|-resisted|p2a: Sinistcha|1
|-damage|p2a: Sinistcha|83/100
|-damage|p1a: Gholdengo|0 fnt
|faint|p1a: Gholdengo
|-ability|p2b: Eelektross|Eelevate|boost
|-boost|p2b: Eelektross|spa|1
|
|-weather|RainDance|[upkeep]
|upkeep
|
|t:|1785917460
|switch|p1a: Talonflame|Talonflame, L50, F|100/100
|turn|5
|
|t:|1785917475
|move|p2a: Sinistcha|Rage Powder|p2a: Sinistcha
|-singleturn|p2a: Sinistcha|move: Rage Powder
|move|p1a: Talonflame|Tailwind|p1a: Talonflame
|-sidestart|p1: chicco_the_best|move: Tailwind
|move|p1b: Sneasler|Dire Claw|p2a: Sinistcha
|-damage|p2a: Sinistcha|42/100
|-enditem|p2a: Sinistcha|Sitrus Berry|[eat]
|-heal|p2a: Sinistcha|67/100|[from] item: Sitrus Berry
|move|p2b: Eelektross|Discharge|p1a: Talonflame|[spread] p2a,p1a,p1b
|-resisted|p2a: Sinistcha|1
|-supereffective|p1a: Talonflame|1
|-damage|p2a: Sinistcha|39/100
|-enditem|p1a: Talonflame|Focus Sash
|-damage|p1a: Talonflame|1/100
|-damage|p1b: Sneasler|0 fnt
|-status|p2a: Sinistcha|par
|-status|p1a: Talonflame|par
|faint|p1b: Sneasler
|-ability|p2b: Eelektross|Eelevate|boost
|-boost|p2b: Eelektross|spa|1
|
|-weather|RainDance|[upkeep]
|upkeep
|
|t:|1785917494
|switch|p1b: Gardevoir|Gardevoir-Mega, L50, M|61/100 par
|turn|6
|
|t:|1785917502
|move|p1a: Talonflame|Protect|p1a: Talonflame
|-singleturn|p1a: Talonflame|Protect
|move|p2a: Sinistcha|Rage Powder|p2a: Sinistcha
|-singleturn|p2a: Sinistcha|move: Rage Powder
|move|p2b: Eelektross|Discharge|p1a: Talonflame|[spread] p2a,p1b
|-activate|p1a: Talonflame|move: Protect
|-resisted|p2a: Sinistcha|1
|-damage|p2a: Sinistcha|4/100 par
|-damage|p1b: Gardevoir|6/100 par
|move|p1b: Gardevoir|Hyper Voice|p2b: Eelektross|[spread] p2a,p2b
|-damage|p2a: Sinistcha|0 fnt
|-damage|p2b: Eelektross|19/100
|faint|p2a: Sinistcha
|
|-weather|RainDance|[upkeep]
|-sideend|p2: oui-huy|move: Tailwind
|upkeep
|
|t:|1785917509
|switch|p2a: Pelipper|Pelipper, L50, F|100/100
|turn|7
|
|t:|1785917523
|move|p1a: Talonflame|Dual Wingbeat|p2b: Eelektross
|-resisted|p2b: Eelektross|1
|-damage|p2b: Eelektross|10/100
|-resisted|p2b: Eelektross|1
|-damage|p2b: Eelektross|1/100
|-hitcount|p2b: Eelektross|2
|move|p2a: Pelipper|Weather Ball|p1b: Gardevoir
|-damage|p1b: Gardevoir|0 fnt
|faint|p1b: Gardevoir
|move|p2b: Eelektross|Thunder|p1a: Talonflame
|-supereffective|p1a: Talonflame|1
|-damage|p1a: Talonflame|0 fnt
|faint|p1a: Talonflame
|
|win|oui-huy
