|j|☆Oriozz
|j|☆pauboton
|html|Oriozzpauboton    
|uhtml|bestof|Game 1 of a best-of-3
|t:|1783549273
|gametype|doubles
|player|p1|Oriozz|2|1110
|player|p2|pauboton|ghetsis|1000
|gen|9
|tier|[Gen 9 Champions] VGC 2026 Reg M-B (Bo3)
|rated|
|rule|Species Clause: Limit one of each Pokémon
|rule|Item Clause: Limit 1 of each item
|clearpoke
|poke|p1|Kingambit, L50, M|
|poke|p1|Floette-Eternal, L50, F|
|poke|p1|Sneasler, L50, F|
|poke|p1|Incineroar, L50, M|
|poke|p1|Garchomp, L50, F|
|poke|p1|Sinistcha, L50|
|poke|p2|Metagross, L50|
|poke|p2|Talonflame, L50, F|
|poke|p2|Garchomp, L50, F|
|poke|p2|Floette-Eternal, L50, F|
|poke|p2|Ceruledge, L50, F|
|poke|p2|Ninetales-Alola, L50, F|
|teampreview|4
|showteam|p1|Kingambit||ChopleBerry|Defiant|KowtowCleave,Protect,SuckerPunch,IronHead|Adamant||M|||50|]Floette-Eternal||Floettite|FlowerVeil|DazzlingGleam,DrainingKiss,Protect,CalmMind|Bold||F|||50|]Sneasler||FocusSash|Unburden|FakeOut,DireClaw,CloseCombat,Coaching|Jolly||F|||50|]Incineroar||Leftovers|Intimidate|FakeOut,FlareBlitz,PartingShot,HelpingHand|Careful||M|||50|]Garchomp||Garchompite|RoughSkin|Earthquake,StompingTantrum,RockSlide,Protect|Adamant||F|||50|]Sinistcha||SitrusBerry|Hospitality|Protect,MatchaGotcha,TrickRoom,RagePowder|Bold|||||50|
|showteam|p2|Metagross||Metagrossite|ClearBody|IronHead,ThunderPunch,PsychicFangs,Protect|Adamant|||||50|]Talonflame||SharpBeak|GaleWings|Tailwind,DualWingbeat,FlareBlitz,Protect|Adamant||F|||50|]Garchomp||LifeOrb|RoughSkin|RockSlide,Earthquake,DragonClaw,Protect|Jolly||F|||50|]Floette-Eternal||Floettite|FlowerVeil|Moonblast,DazzlingGleam,LightofRuin,Protect|Modest||F|||50|]Ceruledge||SitrusBerry|FlashFire|BulkUp,BitterBlade,ShadowSneak,Protect|Adamant||F|||50|]Ninetales-Alola||NeverMeltIce|SnowWarning|Blizzard,FreezeDry,Protect,Encore|Timid||F|||50|
|inactive|Battle timer is ON: inactive players will automatically lose when time's up. (requested by Oriozz)
|inactive|Oriozz has 60 seconds left.
|inactive|Oriozz has 30 seconds left.
|
|t:|1783549338
|teamsize|p1|4
|teamsize|p2|4
|start
|switch|p1a: Sinistcha|Sinistcha, L50|100/100
|switch|p1b: Kingambit|Kingambit, L50, M|100/100
|switch|p2a: Talonflame|Talonflame, L50, F|100/100
|switch|p2b: Garchomp|Garchomp, L50, F|100/100
|turn|1
|
|t:|1783549361
|switch|p1b: Incineroar|Incineroar, L50, M|100/100
|-ability|p1b: Incineroar|Intimidate|boost
|-unboost|p2a: Talonflame|atk|1
|-unboost|p2b: Garchomp|atk|1
|move|p2a: Talonflame|Dual Wingbeat|p1a: Sinistcha|[miss]
|-miss|p2a: Talonflame|p1a: Sinistcha
|move|p2b: Garchomp|Earthquake|p1a: Sinistcha|[spread] p1a,p1b
|-immune|p2a: Talonflame
|-resisted|p1a: Sinistcha|1
|-supereffective|p1b: Incineroar|1
|-damage|p1a: Sinistcha|87/100
|-damage|p1b: Incineroar|46/100
|-damage|p2b: Garchomp|90/100|[from] item: Life Orb
|move|p1a: Sinistcha|Trick Room|p1a: Sinistcha
|-fieldstart|move: Trick Room|[of] p1a: Sinistcha
|
|-heal|p1b: Incineroar|51/100|[from] item: Leftovers
|upkeep
|turn|2
|inactive|Oriozz has 30 seconds left.
|inactive|pauboton has 30 seconds left.
|
|t:|1783549395
|switch|p1a: Floette|Floette-Eternal, L50, F|100/100
|move|p2b: Garchomp|Protect|p2b: Garchomp
|-singleturn|p2b: Garchomp|Protect
|move|p1b: Incineroar|Fake Out|p2b: Garchomp
|-activate|p2b: Garchomp|move: Protect
|move|p2a: Talonflame|Flare Blitz|p1a: Floette
|-damage|p1a: Floette|54/100
|-status|p1a: Floette|brn
|-damage|p2a: Talonflame|84/100|[from] Recoil
|
|-heal|p1b: Incineroar|57/100|[from] item: Leftovers
|-damage|p1a: Floette|49/100 brn|[from] brn
|upkeep
|turn|3
|
|t:|1783549417
|switch|p1b: Sinistcha|Sinistcha, L50|87/100
|-heal|p1a: Floette|73/100 brn|[from] ability: Hospitality|[of] p1b: Sinistcha
|switch|p2b: Metagross|Metagross, L50|100/100
|detailschange|p1a: Floette|Floette-Mega, L50, F
|-mega|p1a: Floette|Floette|Floettite
|-ability|p1a: Floette|Fairy Aura
|move|p1a: Floette|Calm Mind|p1a: Floette
|-boost|p1a: Floette|spa|1
|-boost|p1a: Floette|spd|1
|move|p2a: Talonflame|Dual Wingbeat|p1a: Floette
|-damage|p1a: Floette|57/100 brn
|-damage|p1a: Floette|42/100 brn
|-hitcount|p1a: Floette|2
|
|-damage|p1a: Floette|36/100 brn|[from] brn
|upkeep
|turn|4
|inactive|Oriozz has 30 seconds left.
|inactive|pauboton has 30 seconds left.
|inactive|Oriozz has 20 seconds left.
|
|t:|1783549453
|switch|p1a: Incineroar|Incineroar, L50, M|57/100
|-ability|p1a: Incineroar|Intimidate|boost
|-unboost|p2a: Talonflame|atk|1
|-fail|p2b: Metagross|unboost|[from] ability: Clear Body|[of] p2b: Metagross
|move|p2a: Talonflame|Protect|p2a: Talonflame
|-singleturn|p2a: Talonflame|Protect
|move|p1b: Sinistcha|Matcha Gotcha|p2b: Metagross|[spread] 
|-activate|p2a: Talonflame|move: Protect
|-miss|p1b: Sinistcha|p2b: Metagross
|move|p2b: Metagross|Iron Head|p1a: Incineroar
|-resisted|p1a: Incineroar|1
|-damage|p1a: Incineroar|39/100
|
|-heal|p1a: Incineroar|45/100|[from] item: Leftovers
|upkeep
|turn|5
|inactive|Oriozz has 30 seconds left.
|inactive|pauboton has 30 seconds left.
|inactive|Oriozz has 20 seconds left.
|
|t:|1783549491
|switch|p1b: Kingambit|Kingambit, L50, M|100/100
|switch|p2a: Garchomp|Garchomp, L50, F|90/100
|move|p2b: Metagross|Protect|p2b: Metagross
|-singleturn|p2b: Metagross|Protect
|move|p1a: Incineroar|Flare Blitz|p2b: Metagross
|-activate|p2b: Metagross|move: Protect
|
|-heal|p1a: Incineroar|51/100|[from] item: Leftovers
|-fieldend|move: Trick Room
|upkeep
|turn|6
|inactive|Oriozz has 30 seconds left.
|
|t:|1783549516
|switch|p2b: Talonflame|Talonflame, L50, F|84/100
|switch|p1b: Sinistcha|Sinistcha, L50|87/100
|-heal|p1a: Incineroar|76/100|[from] ability: Hospitality|[of] p1b: Sinistcha
|move|p2a: Garchomp|Earthquake|p1b: Sinistcha|[spread] p1a,p1b
|-immune|p2b: Talonflame
|-supereffective|p1a: Incineroar|1
|-resisted|p1b: Sinistcha|1
|-damage|p1a: Incineroar|0 fnt
|-damage|p1b: Sinistcha|69/100
|faint|p1a: Incineroar
|-damage|p2a: Garchomp|80/100|[from] item: Life Orb
|
|upkeep
|inactive|Oriozz has 30 seconds left.
|
|t:|1783549544
|switch|p1a: Floette|Floette-Mega, L50, F|36/100 brn
|-ability|p1a: Floette|Fairy Aura
|turn|7
|inactive|pauboton has 30 seconds left.
|
|t:|1783549570
|move|p1a: Floette|Protect|p1a: Floette
|-singleturn|p1a: Floette|Protect
|move|p2b: Talonflame|Dual Wingbeat|p1b: Sinistcha
|-supereffective|p1b: Sinistcha|1
|-damage|p1b: Sinistcha|38/100
|-enditem|p1b: Sinistcha|Sitrus Berry|[eat]
|-heal|p1b: Sinistcha|63/100|[from] item: Sitrus Berry
|-supereffective|p1b: Sinistcha|1
|-damage|p1b: Sinistcha|26/100
|-hitcount|p1b: Sinistcha|2
|move|p2a: Garchomp|Rock Slide|p1a: Floette|[spread] p1b
|-activate|p1a: Floette|move: Protect
|-damage|p1b: Sinistcha|5/100
|-damage|p2a: Garchomp|70/100|[from] item: Life Orb
|move|p1b: Sinistcha|Trick Room|p1b: Sinistcha
|-fieldstart|move: Trick Room|[of] p1b: Sinistcha
|
|-damage|p1a: Floette|30/100 brn|[from] brn
|upkeep
|turn|8
|
|t:|1783549592
|move|p2a: Garchomp|Protect|p2a: Garchomp
|-singleturn|p2a: Garchomp|Protect
|move|p1b: Sinistcha|Rage Powder|p1b: Sinistcha
|-singleturn|p1b: Sinistcha|move: Rage Powder
|move|p1a: Floette|Draining Kiss|p2a: Garchomp
|-activate|p2a: Garchomp|move: Protect
|move|p2b: Talonflame|Dual Wingbeat|p1b: Sinistcha
|-supereffective|p1b: Sinistcha|1
|-damage|p1b: Sinistcha|0 fnt
|faint|p1b: Sinistcha
|-hitcount|p1: Sinistcha|1
|
|-damage|p1a: Floette|25/100 brn|[from] brn
|upkeep
|
|t:|1783549603
|switch|p1b: Kingambit|Kingambit, L50, M|100/100
|turn|9
|
|t:|1783549612
|switch|p2a: Metagross|Metagross, L50|100/100
|move|p1b: Kingambit|Kowtow Cleave|p2a: Metagross
|-supereffective|p2a: Metagross|1
|-damage|p2a: Metagross|22/100
|move|p1a: Floette|Dazzling Gleam|p2b: Talonflame|[spread] p2a,p2b
|-resisted|p2a: Metagross|1
|-resisted|p2b: Talonflame|1
|-damage|p2a: Metagross|0 fnt
|-damage|p2b: Talonflame|47/100
|faint|p2a: Metagross
|move|p2b: Talonflame|Flare Blitz|p1b: Kingambit
|-supereffective|p1b: Kingambit|1
|-damage|p1b: Kingambit|29/100
|-damage|p2b: Talonflame|16/100|[from] Recoil
|
|-damage|p1a: Floette|19/100 brn|[from] brn
|upkeep
|
|t:|1783549633
|switch|p2a: Garchomp|Garchomp, L50, F|70/100
|turn|10
|
|t:|1783549657
|move|p2a: Garchomp|Protect|p2a: Garchomp
|-singleturn|p2a: Garchomp|Protect
|move|p1b: Kingambit|Kowtow Cleave|p2a: Garchomp
|-activate|p2a: Garchomp|move: Protect
|move|p1a: Floette|Dazzling Gleam|p2a: Garchomp|[spread] p2b
|-activate|p2a: Garchomp|move: Protect
|-resisted|p2b: Talonflame|1
|-damage|p2b: Talonflame|0 fnt
|faint|p2b: Talonflame
|
|-damage|p1a: Floette|13/100 brn|[from] brn
|upkeep
|
|t:|1783549669
|switch|p2b: Ninetales|Ninetales-Alola, L50, F|100/100
|-weather|Snowscape|[from] ability: Snow Warning|[of] p2b: Ninetales
|turn|11
|
|t:|1783549688
|move|p2a: Garchomp|Protect||[still]
|-fail|p2a: Garchomp
|move|p1b: Kingambit|Iron Head|p2b: Ninetales
|-supereffective|p2b: Ninetales|2
|-damage|p2b: Ninetales|0 fnt
|faint|p2b: Ninetales
|move|p1a: Floette|Draining Kiss|p2a: Garchomp
|-supereffective|p2a: Garchomp|1
|-damage|p2a: Garchomp|0 fnt
|-heal|p1a: Floette|75/100 brn|[from] drain|[of] p2a: Garchomp
|-damage|p1a: Floette|63/100 brn|[from] ability: Rough Skin|[of] p2a: Garchomp
|faint|p2a: Garchomp
|
|win|Oriozz
|l|☆pauboton
|player|p2|
||pauboton is ready for game 2.
|inactive|Oriozz has 30 seconds to confirm battle start!
||Oriozz is ready for game 2.
|uhtml|next|Next: Game 2 of 3
