|j|☆Bodhidelbarrio
|j|☆Bread248
|html|BodhidelbarrioBread248    
|uhtml|bestof|Game 3 of a best-of-3
|t:|1756858201
|gametype|doubles
|player|p1|Bodhidelbarrio|alder|1229
|player|p2|Bread248|266|1257
|gen|9
|tier|[Gen 9] VGC 2025 Reg H (Bo3)
|rated|
|rule|Species Clause: Limit one of each Pokémon
|rule|Item Clause: Limit 1 of each item
|clearpoke
|poke|p1|Dragonite, L50, F|
|poke|p1|Garchomp, L50, F|
|poke|p1|Kingambit, L50, M|
|poke|p1|Amoonguss, L50, F|
|poke|p1|Incineroar, L50, M|
|poke|p1|Ninetales-Alola, L50, F|
|poke|p2|Ursaluna-Bloodmoon, L50, M|
|poke|p2|Incineroar, L50, F|
|poke|p2|Dragonite, L50, F|
|poke|p2|Rillaboom, L50, M|
|poke|p2|Gholdengo, L50|
|poke|p2|Annihilape, L50, F|
|teampreview|4
|showteam|p1|Dragonite||LoadedDice|Multiscale|ScaleShot,Haze,Tailwind,Protect|||F|||50|,,,,,Fairy]Garchomp||LifeOrb|RoughSkin|Earthquake,DragonClaw,StompingTantrum,Protect|||F|||50|,,,,,Ground]Kingambit||BlackGlasses|Defiant|KowtowCleave,SwordsDance,Protect,SuckerPunch|||M|||50|,,,,,Flying]Amoonguss||SitrusBerry|Regenerator|Spore,RagePowder,PollenPuff,Protect|||F|||50|,,,,,Psychic]Incineroar||SafetyGoggles|Intimidate|FakeOut,FlareBlitz,KnockOff,PartingShot|||M|||50|,,,,,Ghost]Ninetales-Alola||FocusSash|SnowWarning|Blizzard,NastyPlot,Moonblast,Protect|||F|||50|,,,,,Water
|showteam|p2|Ursaluna-Bloodmoon||FocusSash|MindsEye|BloodMoon,HyperVoice,EarthPower,Protect|||M|||50|,,,,,Normal]Incineroar||SitrusBerry|Intimidate|FlareBlitz,KnockOff,PartingShot,FakeOut|||F|||50|,,,,,Ghost]Dragonite||LoadedDice|Multiscale|ScaleShot,Tailwind,Protect,Haze|||F|||50|,,,,,Steel]Rillaboom||AssaultVest|GrassySurge|WoodHammer,FakeOut,GrassyGlide,HighHorsepower|||M|||50|,,,,,Fire]Gholdengo||LifeOrb|GoodasGold|MakeItRain,ShadowBall,NastyPlot,Protect||||||50|,,,,,Water]Annihilape||SafetyGoggles|Defiant|CloseCombat,RageFist,Taunt,FinalGambit|||F|||50|,,,,,Water
|inactive|Battle timer is ON: inactive players will automatically lose when time's up. (requested by Bread248)
|
|t:|1756858221
|teamsize|p1|4
|teamsize|p2|4
|start
|switch|p1a: Jaque|Kingambit, L50, M|100/100
|switch|p1b: Syrax|Garchomp, L50, F|100/100
|switch|p2a: Annihilape|Annihilape, L50, F|100/100
|switch|p2b: Gholdengo|Gholdengo, L50|100/100
|turn|1
|inactive|Bodhidelbarrio has 30 seconds left.
|
|t:|1756858254
|-terastallize|p2b: Gholdengo|Water
|move|p1a: Jaque|Sucker Punch|p2a: Annihilape
|-damage|p2a: Annihilape|53/100
|move|p1b: Syrax|Stomping Tantrum|p2a: Annihilape
|-damage|p2a: Annihilape|0 fnt
|faint|p2a: Annihilape
|-damage|p1b: Syrax|91/100|[from] item: Life Orb
|move|p2b: Gholdengo|Nasty Plot|p2b: Gholdengo
|-boost|p2b: Gholdengo|spa|2
|
|upkeep
|
|t:|1756858264
|switch|p2a: Rillaboom|Rillaboom, L50, M|100/100
|-fieldstart|move: Grassy Terrain|[from] ability: Grassy Surge|[of] p2a: Rillaboom
|turn|2
|
|t:|1756858287
|move|p1b: Syrax|Protect|p1b: Syrax
|-singleturn|p1b: Syrax|Protect
|move|p1a: Jaque|Protect|p1a: Jaque
|-singleturn|p1a: Jaque|Protect
|move|p2a: Rillaboom|Fake Out|p1a: Jaque
|-activate|p1a: Jaque|move: Protect
|move|p2b: Gholdengo|Nasty Plot|p2b: Gholdengo
|-boost|p2b: Gholdengo|spa|2
|
|-heal|p1b: Syrax|97/100|[from] Grassy Terrain
|upkeep
|turn|3
|inactive|Bodhidelbarrio has 30 seconds left.
|inactive|Bodhidelbarrio has 20 seconds left.
|inactive|Bodhidelbarrio has 15 seconds left.
|inactive|Bodhidelbarrio has 10 seconds left.
|
|t:|1756858332
|move|p2b: Gholdengo|Protect|p2b: Gholdengo
|-singleturn|p2b: Gholdengo|Protect
|move|p1a: Jaque|Sucker Punch||[still]
|-fail|p1a: Jaque
|move|p1b: Syrax|Dragon Claw|p2b: Gholdengo
|-activate|p2b: Gholdengo|move: Protect
|move|p2a: Rillaboom|Wood Hammer|p1b: Syrax
|-damage|p1b: Syrax|15/100
|-damage|p2a: Rillaboom|88/100|[from] ability: Rough Skin|[of] p1b: Syrax
|-damage|p2a: Rillaboom|64/100|[from] Recoil
|
|-heal|p1b: Syrax|21/100|[from] Grassy Terrain
|-heal|p2a: Rillaboom|70/100|[from] Grassy Terrain
|upkeep
|turn|4
|
|t:|1756858352
|move|p1b: Syrax|Stomping Tantrum|p2b: Gholdengo
|-damage|p2b: Gholdengo|47/100
|-damage|p1b: Syrax|11/100|[from] item: Life Orb
|move|p2b: Gholdengo|Make It Rain|p1b: Syrax|[spread] p1a,p1b
|-resisted|p1a: Jaque
|-crit|p1a: Jaque
|-damage|p1a: Jaque|0 fnt
|-damage|p1b: Syrax|0 fnt
|-unboost|p2b: Gholdengo|spa|1
|faint|p1a: Jaque
|faint|p1b: Syrax
|-damage|p2b: Gholdengo|38/100|[from] item: Life Orb
|move|p2a: Rillaboom|High Horsepower|p1: Jaque|[notarget]
|-fail|p2a: Rillaboom
|
|-heal|p2b: Gholdengo|44/100|[from] Grassy Terrain
|-heal|p2a: Rillaboom|76/100|[from] Grassy Terrain
|upkeep
|
|t:|1756858360
|switch|p1b: Winter|Ninetales-Alola, L50, F|100/100
|switch|p1a: Rhaenyra|Dragonite, L50, F|100/100
|-weather|Snowscape|[from] ability: Snow Warning|[of] p1b: Winter
|turn|5
|
|t:|1756858379
|switch|p2a: Incineroar|Incineroar, L50, F|100/100
|-ability|p2a: Incineroar|Intimidate|boost
|-unboost|p1a: Rhaenyra|atk|1
|-unboost|p1b: Winter|atk|1
|-terastallize|p1b: Winter|Water
|move|p2b: Gholdengo|Protect|p2b: Gholdengo
|-singleturn|p2b: Gholdengo|Protect
|move|p1b: Winter|Blizzard|p2a: Incineroar|[spread] p2a
|-activate|p2b: Gholdengo|move: Protect
|-resisted|p2a: Incineroar
|-damage|p2a: Incineroar|85/100
|move|p1a: Rhaenyra|Scale Shot|p2a: Incineroar
|-damage|p2a: Incineroar|75/100
|-damage|p2a: Incineroar|66/100
|-damage|p2a: Incineroar|57/100
|-damage|p2a: Incineroar|48/100
|-enditem|p2a: Incineroar|Sitrus Berry|[eat]
|-heal|p2a: Incineroar|73/100|[from] item: Sitrus Berry
|-hitcount|p2a: Incineroar|4
|-unboost|p1a: Rhaenyra|def|1
|-boost|p1a: Rhaenyra|spe|1
|
|-weather|Snowscape|[upkeep]
|-heal|p2b: Gholdengo|50/100|[from] Grassy Terrain
|-heal|p2a: Incineroar|79/100|[from] Grassy Terrain
|upkeep
|turn|6
|inactive|Bodhidelbarrio has 30 seconds left.
|
|t:|1756858412
|switch|p2a: Rillaboom|Rillaboom, L50, M|76/100
|move|p1a: Rhaenyra|Scale Shot|p2b: Gholdengo
|-damage|p2b: Gholdengo|40/100
|-damage|p2b: Gholdengo|30/100
|-damage|p2b: Gholdengo|19/100
|-damage|p2b: Gholdengo|8/100
|-hitcount|p2b: Gholdengo|4
|-unboost|p1a: Rhaenyra|def|1
|-boost|p1a: Rhaenyra|spe|1
|move|p1b: Winter|Moonblast|p2b: Gholdengo
|-damage|p2b: Gholdengo|0 fnt
|faint|p2b: Gholdengo
|
|-weather|Snowscape|[upkeep]
|-heal|p2a: Rillaboom|82/100|[from] Grassy Terrain
|-fieldend|move: Grassy Terrain
|upkeep
|
|t:|1756858424
|switch|p2b: Incineroar|Incineroar, L50, F|79/100
|-ability|p2b: Incineroar|Intimidate|boost
|-unboost|p1a: Rhaenyra|atk|1
|-unboost|p1b: Winter|atk|1
|turn|7
|
|t:|1756858436
|move|p2a: Rillaboom|Fake Out|p1a: Rhaenyra
|-damage|p1a: Rhaenyra|86/100
|cant|p1a: Rhaenyra|flinch
|move|p1b: Winter|Blizzard|p2a: Rillaboom|[spread] p2a,p2b
|-supereffective|p2a: Rillaboom
|-resisted|p2b: Incineroar
|-damage|p2a: Rillaboom|37/100
|-damage|p2b: Incineroar|64/100
|move|p2b: Incineroar|Knock Off|p1a: Rhaenyra
|-damage|p1a: Rhaenyra|0 fnt
|-enditem|p1a: Rhaenyra|Loaded Dice|[from] move: Knock Off|[of] p2b: Incineroar
|faint|p1a: Rhaenyra
|
|-weather|Snowscape|[upkeep]
|upkeep
|turn|8
|
|t:|1756858450
|move|p1b: Winter|Blizzard|p2a: Rillaboom|[spread] p2a,p2b
|-supereffective|p2a: Rillaboom
|-resisted|p2b: Incineroar
|-damage|p2a: Rillaboom|0 fnt
|-damage|p2b: Incineroar|49/100
|faint|p2a: Rillaboom
|move|p2b: Incineroar|Knock Off|p1b: Winter
|-damage|p1b: Winter|32/100
|-enditem|p1b: Winter|Focus Sash|[from] move: Knock Off|[of] p2b: Incineroar
|
|-weather|Snowscape|[upkeep]
|upkeep
|turn|9
|
|t:|1756858460
|move|p1b: Winter|Moonblast|p2b: Incineroar
|-damage|p2b: Incineroar|18/100
|-unboost|p2b: Incineroar|spa|1
|move|p2b: Incineroar|Knock Off|p1b: Winter
|-damage|p1b: Winter|0 fnt
|faint|p1b: Winter
|
|win|Bread248
|raw|Bodhidelbarrio's rating: 1229 → 1206(-23 for losing)
|raw|Bread248's rating: 1257 → 1280(+23 for winning)
