|j|☆ZoryaPet
|j|☆retking
|html|ZoryaPetretking    
|uhtml|bestof|Game 2 of a best-of-3
|t:|1782533138
|gametype|doubles
|player|p1|ZoryaPet|2|
|player|p2|retking|n|
|gen|9
|tier|[Gen 9 Champions] VGC 2026 Reg M-B (Bo3)
|rule|Species Clause: Limit one of each Pokémon
|rule|Item Clause: Limit 1 of each item
|clearpoke
|poke|p1|Froslass, L50, F|
|poke|p1|Scovillain, L50, M|
|poke|p1|Lycanroc-Dusk, L50, M, shiny|
|poke|p1|Kingambit, L50, F|
|poke|p1|Sneasler, L50, F|
|poke|p1|Basculegion, L50, M|
|poke|p2|Whimsicott, L50, F|
|poke|p2|Floette-Eternal, L50, F|
|poke|p2|Charizard, L50, M|
|poke|p2|Garchomp, L50, M|
|poke|p2|Basculegion, L50, M|
|poke|p2|Kingambit, L50, F|
|teampreview|4
|showteam|p1|Froslass||Froslassite|CursedBody|Blizzard,ShadowBall,AuroraVeil,Protect|Modest||F|||50|]Scovillain||Scovillainite|Moody|Overheat,GigaDrain,RagePowder,Protect|Bold||M|||50|]Lycanroc-Dusk||FocusSash|ToughClaws|RockSlide,CloseCombat,Accelerock,Protect|Adamant||M|||50|]Kingambit||BlackGlasses|Defiant|KowtowCleave,SuckerPunch,SwordsDance,Protect|Adamant||F|||50|]Sneasler||WhiteHerb|Unburden|FakeOut,CloseCombat,GunkShot,Protect|Adamant||F|||50|]Basculegion||SitrusBerry|Adaptability|WaveCrash,LastRespects,AquaJet,Protect|Adamant||M|||50|
|showteam|p2|Whimsicott||FocusSash|Prankster|Moonblast,Tailwind,Encore,Protect|Timid||F|||50|]Floette-Eternal||Floettite|FlowerVeil|DazzlingGleam,Moonblast,LightofRuin,Protect|Timid||F|||50|]Charizard||CharizarditeY|Blaze|HeatWave,WeatherBall,SolarBeam,Protect|Modest||M|||50|]Garchomp||LifeOrb|RoughSkin|Earthquake,DragonClaw,RockSlide,Protect|Jolly||M|||50|]Basculegion||MysticWater|Adaptability|WaveCrash,LastRespects,AquaJet,Protect|Adamant||M|||50|]Kingambit||BlackGlasses|Defiant|KowtowCleave,SuckerPunch,IronHead,Protect|Adamant||F|||50|
|inactive|Battle timer is ON: inactive players will automatically lose when time's up. (requested by retking)
|inactive|ZoryaPet also wants the timer to be on.
|j| TalonMasterJ
|j| Noobilio
|j| Carneyasada
|j| Mrpizzaofoz
|inactive|ZoryaPet has 60 seconds left.
|
|t:|1782533171
|teamsize|p1|4
|teamsize|p2|4
|start
|switch|p1a: Ông Già|Kingambit, L50, F|100/100
|switch|p1b: Móng Dài|Sneasler, L50, F|100/100
|switch|p2a: Charizard|Charizard, L50, M|100/100
|switch|p2b: Whimsicott|Whimsicott, L50, F|100/100
|turn|1
|
|t:|1782533191
|detailschange|p2a: Charizard|Charizard-Mega-Y, L50, M
|-mega|p2a: Charizard|Charizard|Charizardite Y
|-weather|SunnyDay|[from] ability: Drought|[of] p2a: Charizard
|move|p1b: Móng Dài|Fake Out|p2a: Charizard
|-damage|p2a: Charizard|85/100
|move|p2b: Whimsicott|Moonblast|p1a: Ông Già
|-damage|p1a: Ông Già|66/100
|-unboost|p1a: Ông Già|spa|1
|-ability|p1a: Ông Già|Defiant|boost
|-boost|p1a: Ông Già|atk|2
|cant|p2a: Charizard|flinch
|move|p1a: Ông Già|Swords Dance|p1a: Ông Già
|-boost|p1a: Ông Già|atk|2
|
|-weather|SunnyDay|[upkeep]
|upkeep
|turn|2
|inactive|ZoryaPet has 30 seconds left.
|
|t:|1782533218
|switch|p2a: Kingambit|Kingambit, L50, F|100/100
|move|p1a: Ông Già|Sucker Punch||[still]
|-fail|p1a: Ông Già
|move|p2b: Whimsicott|Moonblast|p1a: Ông Già
|-damage|p1a: Ông Già|31/100
|move|p1b: Móng Dài|Gunk Shot|p2b: Whimsicott
|-supereffective|p2b: Whimsicott|2
|-enditem|p2b: Whimsicott|Focus Sash
|-damage|p2b: Whimsicott|1/100
|
|-weather|SunnyDay|[upkeep]
|upkeep
|turn|3
|inactive|ZoryaPet has 30 seconds left.
|inactive|retking has 30 seconds left.
|inactive|retking has 20 seconds left.
|
|t:|1782533255
|switch|p1b: Trái Cà|Scovillain, L50, M|100/100
|switch|p2a: Charizard|Charizard-Mega-Y, L50, M|85/100
|move|p2b: Whimsicott|Protect|p2b: Whimsicott
|-singleturn|p2b: Whimsicott|Protect
|move|p1a: Ông Già|Protect||[still]
|-fail|p1a: Ông Già
|
|-weather|SunnyDay|[upkeep]
|-ability|p1b: Trái Cà|Moody|boost
|-boost|p1b: Trái Cà|spa|2
|-unboost|p1b: Trái Cà|atk|1
|upkeep
|turn|4
|inactive|ZoryaPet has 30 seconds left.
|
|t:|1782533282
|detailschange|p1b: Trái Cà|Scovillain-Mega, L50, M
|-mega|p1b: Trái Cà|Scovillain|Scovillainite
|move|p1a: Ông Già|Sucker Punch|p2a: Charizard
|-damage|p2a: Charizard|0 fnt
|faint|p2a: Charizard
|move|p2b: Whimsicott|Moonblast|p1a: Ông Già
|-damage|p1a: Ông Già|0 fnt
|faint|p1a: Ông Già
|move|p1b: Trái Cà|Giga Drain|p2b: Whimsicott
|-resisted|p2b: Whimsicott|1
|-damage|p2b: Whimsicott|0 fnt
|faint|p2b: Whimsicott
|
|-weather|SunnyDay|[upkeep]
|upkeep
|
|t:|1782533293
|switch|p2b: Garchomp|Garchomp, L50, M|100/100
|switch|p2a: Kingambit|Kingambit, L50, F|100/100
|switch|p1a: Móng Dài|Sneasler, L50, F|100/100
|turn|5
|inactive|ZoryaPet has 30 seconds left.
|inactive|ZoryaPet has 20 seconds left.
|inactive|retking has 30 seconds left.
|inactive|ZoryaPet has 15 seconds left.
|
|t:|1782533335
|move|p2b: Garchomp|Protect|p2b: Garchomp
|-singleturn|p2b: Garchomp|Protect
|move|p2a: Kingambit|Protect|p2a: Kingambit
|-singleturn|p2a: Kingambit|Protect
|move|p1a: Móng Dài|Fake Out|p2b: Garchomp
|-activate|p2b: Garchomp|move: Protect
|move|p1b: Trái Cà|Overheat|p2a: Kingambit
|-activate|p2a: Kingambit|move: Protect
|
|-weather|none
|upkeep
|turn|6
|inactive|retking has 30 seconds left.
|
|t:|1782533360
|move|p1b: Trái Cà|Rage Powder|p1b: Trái Cà
|-singleturn|p1b: Trái Cà|move: Rage Powder
|move|p2a: Kingambit|Sucker Punch||[still]
|-fail|p2a: Kingambit
|move|p2b: Garchomp|Earthquake|p1b: Trái Cà|[spread] p2a,p1a,p1b
|-supereffective|p2a: Kingambit|1
|-supereffective|p1a: Móng Dài|1
|-damage|p2a: Kingambit|30/100
|-damage|p1a: Móng Dài|0 fnt
|-damage|p1b: Trái Cà|50/100y
|-status|p2b: Garchomp|brn|[from] ability: Spicy Spray|[of] p1b: Trái Cà
|faint|p1a: Móng Dài
|-damage|p2b: Garchomp|90/100 brn|[from] item: Life Orb
|
|-damage|p2b: Garchomp|84/100 brn|[from] brn
|upkeep
|
|t:|1782533366
|switch|p1a: Con Cá|Basculegion, L50, M|100/100
|turn|7
|inactive|ZoryaPet has 30 seconds left.
|
|t:|1782533401
|move|p1b: Trái Cà|Rage Powder|p1b: Trái Cà
|-singleturn|p1b: Trái Cà|move: Rage Powder
|move|p2a: Kingambit|Sucker Punch||[still]
|-fail|p2a: Kingambit
|move|p2b: Garchomp|Rock Slide|p1a: Con Cá|[spread] p1a,p1b
|-supereffective|p1b: Trái Cà|1
|-damage|p1a: Con Cá|86/100
|-damage|p1b: Trái Cà|22/100
|-damage|p2b: Garchomp|74/100 brn|[from] item: Life Orb
|cant|p1a: Con Cá|flinch
|
|-damage|p2b: Garchomp|68/100 brn|[from] brn
|upkeep
|turn|8
|
|t:|1782533416
|move|p1b: Trái Cà|Protect|p1b: Trái Cà
|-singleturn|p1b: Trái Cà|Protect
|move|p1a: Con Cá|Protect|p1a: Con Cá
|-singleturn|p1a: Con Cá|Protect
|move|p2b: Garchomp|Rock Slide|p1a: Con Cá|[spread] 
|-activate|p1a: Con Cá|move: Protect
|-activate|p1b: Trái Cà|move: Protect
|move|p2a: Kingambit|Kowtow Cleave|p1a: Con Cá
|-activate|p1a: Con Cá|move: Protect
|
|-damage|p2b: Garchomp|62/100 brn|[from] brn
|upkeep
|turn|9
|
|t:|1782533426
|move|p1b: Trái Cà|Rage Powder|p1b: Trái Cà
|-singleturn|p1b: Trái Cà|move: Rage Powder
|move|p2b: Garchomp|Rock Slide|p1a: Con Cá|[spread] p1a,p1b
|-supereffective|p1b: Trái Cà|1
|-damage|p1a: Con Cá|72/100
|-damage|p1b: Trái Cà|0 fnt
|faint|p1b: Trái Cà
|-damage|p2b: Garchomp|52/100 brn|[from] item: Life Orb
|move|p1a: Con Cá|Last Respects|p2a: Kingambit
|-resisted|p2a: Kingambit|1
|-damage|p2a: Kingambit|0 fnt
|faint|p2a: Kingambit
|
|-damage|p2b: Garchomp|46/100 brn|[from] brn
|upkeep
|turn|10
|
|t:|1782533437
|move|p1a: Con Cá|Protect|p1a: Con Cá
|-singleturn|p1a: Con Cá|Protect
|move|p2b: Garchomp|Earthquake|p1a: Con Cá
|-activate|p1a: Con Cá|move: Protect
|
|-damage|p2b: Garchomp|40/100 brn|[from] brn
|upkeep
|turn|11
|
|t:|1782533440
|move|p2b: Garchomp|Earthquake|p1a: Con Cá
|-damage|p1a: Con Cá|32/100
|-enditem|p1a: Con Cá|Sitrus Berry|[eat]
|-heal|p1a: Con Cá|57/100|[from] item: Sitrus Berry
|-damage|p2b: Garchomp|30/100 brn|[from] item: Life Orb
|move|p1a: Con Cá|Last Respects|p2b: Garchomp
|-crit|p2b: Garchomp
|-damage|p2b: Garchomp|0 fnt
|faint|p2b: Garchomp
|
|win|ZoryaPet
||retking is ready for game 3.
||ZoryaPet is ready for game 3.
|uhtml|next|Next: Game 3 of 3
|l| Mrpizzaofoz
|l| Noobilio
|l| Carneyasada
