|j|☆dr_sugus_vgc
|j|☆Game player 28
|html|dr_sugus_vgcGame player 28    
|uhtml|bestof|Game 3 of a best-of-3
|t:|1757187835
|gametype|doubles
|player|p1|dr_sugus_vgc|266|1140
|player|p2|Game player 28|volkner|1014
|gen|9
|tier|[Gen 9] VGC 2025 Reg H (Bo3)
|rated|
|rule|Species Clause: Limit one of each Pokémon
|rule|Item Clause: Limit 1 of each item
|clearpoke
|poke|p1|Amoonguss, L50, F|
|poke|p1|Hydreigon, L50, F|
|poke|p1|Incineroar, L50, M|
|poke|p1|Gholdengo, L50|
|poke|p1|Palafin, L50, M|
|poke|p1|Garchomp, L50, F|
|poke|p2|Zoroark, L50, F|
|poke|p2|Archaludon, L50, M|
|poke|p2|Incineroar, L50, M|
|poke|p2|Farigiraf, L50, F|
|poke|p2|Ursaluna-Bloodmoon, L50, M|
|poke|p2|Indeedee-F, L50, F|
|teampreview|4
|showteam|p1|Amoonguss||RockyHelmet|Regenerator|PollenPuff,Spore,RagePowder,Protect|||F|||50|,,,,,Fairy]Hydreigon||SafetyGoggles|Levitate|DracoMeteor,Protect,Tailwind,Snarl|||F|||50|,,,,,Ghost]Incineroar||SitrusBerry|Intimidate|FlareBlitz,KnockOff,PartingShot,FakeOut|||M|||50|,,,,,Ghost]Gholdengo||MetalCoat|GoodasGold|MakeItRain,ShadowBall,NastyPlot,Protect||||||50|,,,,,Water]Palafin||LifeOrb|ZerotoHero|JetPunch,WaveCrash,CloseCombat,Protect|||M|||50|,,,,,Water]Garchomp||ClearAmulet|RoughSkin|Earthquake,DragonClaw,StompingTantrum,Protect|||F|||50|,,,,,Fire
|showteam|p2|Zoroark||FocusSash|Illusion|Flamethrower,DarkPulse,Protect,Taunt|||F|||50|,,,,,Ghost]Archaludon||PowerHerb|Stalwart|FlashCannon,DracoMeteor,ElectroShot,Protect|||M|||50|,,,,,Fairy]Incineroar||ExpertBelt|Intimidate|FakeOut,FlareBlitz,KnockOff,Protect|||M|||50|,,,,,Ghost]Farigiraf||ThroatSpray|ArmorTail|ExpandingForce,HyperVoice,BatonPass,HelpingHand|||F|||50|,,,,,Psychic]Ursaluna-Bloodmoon||LifeOrb|MindsEye|BloodMoon,EarthPower,HyperVoice,Protect|||M|||50|,,,,,Normal]Indeedee-F||PsychicSeed|PsychicSurge|HelpingHand,Protect,FollowMe,TrickRoom|||F|||50|,,,,,Grass
|
|t:|1757187849
|teamsize|p1|4
|teamsize|p2|4
|start
|switch|p1a: Hydreigon|Hydreigon, L50, F|100/100
|switch|p1b: Garchomp|Garchomp, L50, F|100/100
|switch|p2a: Archaludon|Archaludon, L50, M|100/100
|switch|p2b: Indeedee|Indeedee-F, L50, F|100/100
|-fieldstart|move: Psychic Terrain|[from] ability: Psychic Surge|[of] p2b: Indeedee
|-enditem|p2b: Indeedee|Psychic Seed
|-boost|p2b: Indeedee|spd|1|[from] item: Psychic Seed
|turn|1
|
|t:|1757187880
|-terastallize|p1b: Garchomp|Fire
|-terastallize|p2a: Archaludon|Fairy
|move|p2b: Indeedee|Follow Me|p2b: Indeedee
|-singleturn|p2b: Indeedee|move: Follow Me
|move|p1b: Garchomp|Earthquake|p2b: Indeedee|[spread] p2a,p2b
|-immune|p1a: Hydreigon|[from] ability: Levitate
|-damage|p2a: Archaludon|69/100
|-damage|p2b: Indeedee|41/100
|move|p1a: Hydreigon|Snarl|p2b: Indeedee|[spread] p2a,p2b
|-resisted|p2a: Archaludon
|-supereffective|p2b: Indeedee
|-damage|p2a: Archaludon|56/100
|-damage|p2b: Indeedee|23/100
|-unboost|p2a: Archaludon|spa|1
|-unboost|p2b: Indeedee|spa|1
|move|p2a: Archaludon|Draco Meteor|p1a: Hydreigon
|-supereffective|p1a: Hydreigon
|-damage|p1a: Hydreigon|1/100
|-unboost|p2a: Archaludon|spa|2
|
|upkeep
|turn|2
|
|t:|1757187906
|move|p2a: Archaludon|Protect|p2a: Archaludon
|-singleturn|p2a: Archaludon|Protect
|move|p1b: Garchomp|Earthquake|p2a: Archaludon|[spread] p2b
|-activate|p2a: Archaludon|move: Protect
|-immune|p1a: Hydreigon|[from] ability: Levitate
|-damage|p2b: Indeedee|0 fnt
|faint|p2b: Indeedee
|move|p1a: Hydreigon|Tailwind|p1a: Hydreigon
|-sidestart|p1: dr_sugus_vgc|move: Tailwind
|
|upkeep
|
|t:|1757187920
|switch|p2b: Farigiraf|Farigiraf, L50, F|100/100
|turn|3
|
|t:|1757187933
|switch|p2a: Farigiraf|Farigiraf, L50, F|100/100
|move|p1b: Garchomp|Earthquake|p2b: Farigiraf|[spread] p2a,p2b
|-immune|p1a: Hydreigon|[from] ability: Levitate
|-damage|p2a: Farigiraf|59/100
|-damage|p2b: Farigiraf|20/100
|replace|p2b: Zoroark|Zoroark, L50, F
|-end|p2b: Zoroark|Illusion
|move|p1a: Hydreigon|Snarl|p2a: Farigiraf|[spread] p2a,p2b
|-supereffective|p2a: Farigiraf
|-resisted|p2b: Zoroark
|-damage|p2a: Farigiraf|17/100
|-damage|p2b: Zoroark|1/100
|-unboost|p2a: Farigiraf|spa|1
|-unboost|p2b: Zoroark|spa|1
|move|p2b: Zoroark|Dark Pulse|p1a: Hydreigon
|-resisted|p1a: Hydreigon
|-damage|p1a: Hydreigon|0 fnt
|faint|p1a: Hydreigon
|
|upkeep
|
|t:|1757187950
|switch|p1a: Incineroar|Incineroar, L50, M|100/100
|-ability|p1a: Incineroar|Intimidate|boost
|-unboost|p2a: Farigiraf|atk|1
|-unboost|p2b: Zoroark|atk|1
|turn|4
|
|t:|1757187969
|move|p1b: Garchomp|Stomping Tantrum|p2b: Zoroark
|-damage|p2b: Zoroark|0 fnt
|faint|p2b: Zoroark
|move|p1a: Incineroar|Flare Blitz|p2a: Farigiraf
|-damage|p2a: Farigiraf|0 fnt
|faint|p2a: Farigiraf
|-damage|p1a: Incineroar|95/100|[from] Recoil
|
|upkeep
|
|t:|1757187975
|switch|p2b: Archaludon|Archaludon, L50, M, tera:Fairy|56/100
|turn|5
|
|t:|1757187981
|move|p1b: Garchomp|Stomping Tantrum|p2b: Archaludon
|-damage|p2b: Archaludon|23/100
|move|p1a: Incineroar|Flare Blitz|p2b: Archaludon
|-damage|p2b: Archaludon|0 fnt
|faint|p2b: Archaludon
|-damage|p1a: Incineroar|89/100|[from] Recoil
|
|win|dr_sugus_vgc
|raw|dr_sugus_vgc's rating: 1140 → 1156(+16 for winning)
|raw|Game player 28's rating: 1014 → 1006(-8 for losing)
