|j|☆hypnosedu15
|j|☆felipet_official
|html|hypnosedu15felipet_official    
|uhtml|bestof|Game 1 of a best-of-3
|t:|1783607020
|gametype|doubles
|player|p1|hypnosedu15|169|1000
|player|p2|felipet_official|swimmer-gen4|1164
|gen|9
|tier|[Gen 9 Champions] VGC 2026 Reg M-B (Bo3)
|rated|
|rule|Species Clause: Limit one of each Pokémon
|rule|Item Clause: Limit 1 of each item
|clearpoke
|poke|p1|Archaludon, L50, M|
|poke|p1|Pelipper, L50, F, shiny|
|poke|p1|Swampert, L50, M|
|poke|p1|Sinistcha-Masterpiece, L50|
|poke|p1|Floette-Eternal, L50, F|
|poke|p1|Basculegion, L50, M, shiny|
|poke|p2|Aerodactyl, L50, F|
|poke|p2|Pyroar, L50, F|
|poke|p2|Samurott-Hisui, L50, M|
|poke|p2|Metagross, L50|
|poke|p2|Garchomp, L50, F|
|poke|p2|Venusaur, L50, F|
|teampreview|4
|showteam|p1|Archaludon||Leftovers|Stamina|ElectroShot,FlashCannon,DragonPulse,AuraSphere|Calm||M|||50|]Pelipper||FocusSash|Drizzle|Hurricane,RainDance,Tailwind,WeatherBall|Timid||F|||50|]Swampert||Swampertite|Damp|HighHorsepower,IcePunch,WaveCrash,Earthquake|Adamant||M|||50|]Sinistcha-Masterpiece||ShellBell|Hospitality|MatchaGotcha,Protect,LifeDew,RagePowder|Calm|||||50|]Floette-Eternal||Floettite|FlowerVeil|DazzlingGleam,CalmMind,Moonblast,Protect|Timid||F|||50|]Basculegion||ChoiceScarf|Adaptability|FlipTurn,PsychicFangs,LastRespects,WaveCrash|Jolly||M|||50|
|showteam|p2|Aerodactyl||FocusSash|Unnerve|Tailwind,SunnyDay,RockSlide,Protect|Jolly||F|||50|]Pyroar||Pyroarite|Rivalry|HeatWave,Overheat,Protect,HyperVoice|Modest||F|||50|]Samurott-Hisui||ChoiceScarf|Sharpness|CeaselessEdge,NightSlash,RazorShell,FlipTurn|Jolly||M|||50|]Metagross||Leftovers|ClearBody|PsychicFangs,BulletPunch,BodyPress,Protect|Adamant|||||50|]Garchomp||LifeOrb|RoughSkin|DragonClaw,RockSlide,Earthquake,Protect|Jolly||F|||50|]Venusaur||Venusaurite|Chlorophyll|GigaDrain,SludgeBomb,EarthPower,Protect|Modest||F|||50|
|inactive|Battle timer is ON: inactive players will automatically lose when time's up. (requested by hypnosedu15)
|
|t:|1783607067
|teamsize|p1|4
|teamsize|p2|4
|start
|switch|p1a: Archaludon|Archaludon, L50, M|100/100
|switch|p1b: Basculegion|Basculegion, L50, M, shiny|100/100
|switch|p2a: Aerodactyl|Aerodactyl, L50, F|100/100
|switch|p2b: Pyroar|Pyroar, L50, F|100/100
|-ability|p2a: Aerodactyl|Unnerve
|turn|1
|inactive|hypnosedu15 has 30 seconds left.
|inactive|felipet_official has 30 seconds left.
|
|t:|1783607097
|switch|p2b: Venusaur|Venusaur, L50, F|100/100
|move|p1b: Basculegion|Flip Turn|p2a: Aerodactyl
|-supereffective|p2a: Aerodactyl|1
|-enditem|p2a: Aerodactyl|Focus Sash
|-damage|p2a: Aerodactyl|1/100
|
|t:|1783607105
|switch|p1b: Floette|Floette-Eternal, L50, F|100/100|[from] Flip Turn
|move|p2a: Aerodactyl|Tailwind|p2a: Aerodactyl
|-sidestart|p2: felipet_official|move: Tailwind
|move|p1a: Archaludon|Flash Cannon|p2a: Aerodactyl
|-supereffective|p2a: Aerodactyl|1
|-damage|p2a: Aerodactyl|0 fnt
|faint|p2a: Aerodactyl
|
|upkeep
|
|t:|1783607122
|switch|p2a: Pyroar|Pyroar, L50, F|100/100
|turn|2
|inactive|hypnosedu15 has 30 seconds left.
|
|t:|1783607153
|switch|p1b: Pelipper|Pelipper, L50, F, shiny|100/100
|-weather|RainDance|[from] ability: Drizzle|[of] p1b: Pelipper
|detailschange|p2a: Pyroar|Pyroar-Mega, L50, F
|-mega|p2a: Pyroar|Pyroar|Pyroarite
|move|p2a: Pyroar|Overheat|p1a: Archaludon|[miss]
|-miss|p2a: Pyroar|p1a: Archaludon
|move|p2b: Venusaur|Sludge Bomb|p1b: Pelipper
|-damage|p1b: Pelipper|40/100
|move|p1a: Archaludon|Electro Shot||[still]
|-prepare|p1a: Archaludon|Electro Shot
|-boost|p1a: Archaludon|spa|1
|-anim|p1a: Archaludon|Electro Shot|p2a: Pyroar
|-damage|p2a: Pyroar|32/100
|
|-weather|RainDance|[upkeep]
|upkeep
|turn|3
|inactive|hypnosedu15 has 30 seconds left.
|
|t:|1783607178
|move|p2a: Pyroar|Hyper Voice|p1a: Archaludon|[spread] p1a,p1b
|-resisted|p1a: Archaludon|1
|-damage|p1a: Archaludon|82/100
|-damage|p1b: Pelipper|0 fnt
|-ability|p1a: Archaludon|Stamina|boost
|-boost|p1a: Archaludon|def|1
|faint|p1b: Pelipper
|move|p2b: Venusaur|Earth Power|p1a: Archaludon
|-supereffective|p1a: Archaludon|1
|-damage|p1a: Archaludon|30/100
|-ability|p1a: Archaludon|Stamina|boost
|-boost|p1a: Archaludon|def|1
|move|p1a: Archaludon|Electro Shot||[still]
|-prepare|p1a: Archaludon|Electro Shot
|-boost|p1a: Archaludon|spa|1
|-anim|p1a: Archaludon|Electro Shot|p2a: Pyroar
|-damage|p2a: Pyroar|0 fnt
|faint|p2a: Pyroar
|
|-weather|RainDance|[upkeep]
|-heal|p1a: Archaludon|37/100|[from] item: Leftovers
|upkeep
|inactive|hypnosedu15 has 30 seconds left.
|inactive|hypnosedu15 has 20 seconds left.
|inactive|hypnosedu15 has 15 seconds left.
|inactive|hypnosedu15 has 10 seconds left.
|inactive|hypnosedu15 has 5 seconds left.
|
|t:|1783607230
|switch|p2a: Samurott|Samurott-Hisui, L50, M|100/100
|switch|p1b: Basculegion|Basculegion, L50, M, shiny|100/100
|turn|4
|
|t:|1783607253
|move|p2a: Samurott|Razor Shell|p1b: Basculegion
|-resisted|p1b: Basculegion|1
|-damage|p1b: Basculegion|48/100
|-unboost|p1b: Basculegion|def|1
|move|p2b: Venusaur|Earth Power|p1a: Archaludon
|-supereffective|p1a: Archaludon|1
|-damage|p1a: Archaludon|0 fnt
|faint|p1a: Archaludon
|move|p1b: Basculegion|Psychic Fangs|p2b: Venusaur
|-supereffective|p2b: Venusaur|1
|-damage|p2b: Venusaur|32/100
|
|-weather|RainDance|[upkeep]
|-sideend|p2: felipet_official|move: Tailwind
|upkeep
|
|t:|1783607265
|switch|p1a: Floette|Floette-Eternal, L50, F|100/100
|turn|5
|
|t:|1783607276
|detailschange|p1a: Floette|Floette-Mega, L50, F
|-mega|p1a: Floette|Floette|Floettite
|-ability|p1a: Floette|Fairy Aura
|move|p2b: Venusaur|Protect|p2b: Venusaur
|-singleturn|p2b: Venusaur|Protect
|move|p2a: Samurott|Razor Shell|p1a: Floette
|-damage|p1a: Floette|0 fnt
|faint|p1a: Floette
|move|p1b: Basculegion|Psychic Fangs|p2b: Venusaur
|-activate|p2b: Venusaur|move: Protect
|
|-weather|RainDance|[upkeep]
|upkeep
|turn|6
|
|t:|1783607292
|move|p2a: Samurott|Razor Shell|p1b: Basculegion
|-resisted|p1b: Basculegion|1
|-damage|p1b: Basculegion|0 fnt
|faint|p1b: Basculegion
|
|win|felipet_official
||felipet_official is ready for game 2.
|l|☆hypnosedu15
|player|p1|
|inactive|hypnosedu15 has 30 seconds to confirm battle start!
||hypnosedu15 is ready for game 2.
|uhtml|next|Next: Game 2 of 3
