|j|☆satandagiii2005
|j|☆joacohv
|html|satandagiii2005joacohv    
|uhtml|bestof|Game 2 of a best-of-3
|t:|1782762864
|gametype|doubles
|player|p1|satandagiii2005|byron|1160
|player|p2|joacohv|265|1040
|gen|9
|tier|[Gen 9 Champions] VGC 2026 Reg M-B (Bo3)
|rated|
|rule|Species Clause: Limit one of each Pokémon
|rule|Item Clause: Limit 1 of each item
|clearpoke
|poke|p1|Venusaur, L50, F|
|poke|p1|Swampert, L50, F|
|poke|p1|Pelipper, L50, F|
|poke|p1|Archaludon, L50, F|
|poke|p1|Maushold, L50|
|poke|p1|Gholdengo, L50|
|poke|p2|Swampert, L50, M|
|poke|p2|Farigiraf, L50, F|
|poke|p2|Mawile, L50, M|
|poke|p2|Incineroar, L50, M|
|poke|p2|Archaludon, L50, M|
|poke|p2|Pelipper, L50, M|
|teampreview|4
|showteam|p1|Venusaur||Venusaurite|Overgrow|SludgeBomb,EarthPower,GigaDrain,Protect|Modest||F|||50|]Swampert||Swampertite|Torrent|WaveCrash,Earthquake,IcePunch,Protect|Adamant||F|||50|]Pelipper||SitrusBerry|Drizzle|Hurricane,WeatherBall,Tailwind,WideGuard|Modest||F|||50|]Archaludon||Leftovers|Stamina|ElectroShot,DragonPulse,FlashCannon,Protect|Modest||F|||50|]Maushold||FocusSash|FriendGuard|FollowMe,SuperFang,RainDance,Protect|Jolly|||||50|]Gholdengo||LifeOrb|GoodasGold|MakeItRain,ShadowBall,PowerGem,Protect|Timid|||||50|
|showteam|p2|Swampert||Swampertite|Torrent|WaveCrash,HighHorsepower,IcePunch,Protect|Adamant||M|||50|]Farigiraf||SitrusBerry|ArmorTail|Psychic,Thunderbolt,HelpingHand,TrickRoom|Bold||F|||50|]Mawile||Mawilite|HyperCutter|PlayRough,SuckerPunch,BrickBreak,Protect|Adamant||M|||50|]Incineroar||WhiteHerb|Intimidate|FakeOut,CloseCombat,FlareBlitz,DarkestLariat|Adamant||M|||50|]Archaludon||Leftovers|Stamina|ElectroShot,DragonPulse,FlashCannon,Protect|Modest||M|||50|]Pelipper||LifeOrb|Drizzle|Hurricane,WeatherBall,Tailwind,WideGuard|Modest||M|||50|
|inactive|Battle timer is ON: inactive players will automatically lose when time's up. (requested by joacohv)
|inactive|satandagiii2005 has 60 seconds left.
|
|t:|1782762912
|teamsize|p1|4
|teamsize|p2|4
|start
|switch|p1a: Pelipper|Pelipper, L50, F|100/100
|switch|p1b: Archaludon|Archaludon, L50, F|100/100
|switch|p2a: Incineroar|Incineroar, L50, M|100/100
|switch|p2b: Farigiraf|Farigiraf, L50, F|100/100
|-weather|RainDance|[from] ability: Drizzle|[of] p1a: Pelipper
|-ability|p2a: Incineroar|Intimidate|boost
|-unboost|p1a: Pelipper|atk|1
|-unboost|p1b: Archaludon|atk|1
|turn|1
|
|t:|1782762936
|move|p2a: Incineroar|Fake Out|p1a: Pelipper
|-damage|p1a: Pelipper|84/100
|move|p1b: Archaludon|Electro Shot||[still]
|-prepare|p1b: Archaludon|Electro Shot
|-boost|p1b: Archaludon|spa|1
|-anim|p1b: Archaludon|Electro Shot|p2a: Incineroar
|-damage|p2a: Incineroar|46/100
|cant|p1a: Pelipper|flinch
|move|p2b: Farigiraf|Trick Room|p2b: Farigiraf
|-fieldstart|move: Trick Room|[of] p2b: Farigiraf
|
|-weather|RainDance|[upkeep]
|upkeep
|turn|2
|inactive|satandagiii2005 has 30 seconds left.
|
|t:|1782762961
|move|p2b: Farigiraf|Thunderbolt|p1a: Pelipper
|-supereffective|p1a: Pelipper|2
|-damage|p1a: Pelipper|0 fnt
|faint|p1a: Pelipper
|move|p2a: Incineroar|Close Combat|p1b: Archaludon
|-supereffective|p1b: Archaludon|1
|-damage|p1b: Archaludon|36/100
|-unboost|p2a: Incineroar|def|1
|-unboost|p2a: Incineroar|spd|1
|-ability|p1b: Archaludon|Stamina|boost
|-boost|p1b: Archaludon|def|1
|-enditem|p2a: Incineroar|White Herb
|-clearnegativeboost|p2a: Incineroar|[silent]
|move|p1b: Archaludon|Electro Shot||[still]
|-prepare|p1b: Archaludon|Electro Shot
|-boost|p1b: Archaludon|spa|1
|-anim|p1b: Archaludon|Electro Shot|p2b: Farigiraf
|-crit|p2b: Farigiraf
|-damage|p2b: Farigiraf|0 fnt
|faint|p2b: Farigiraf
|
|-weather|RainDance|[upkeep]
|-heal|p1b: Archaludon|42/100|[from] item: Leftovers
|upkeep
|inactive|satandagiii2005 has 30 seconds left.
|inactive|joacohv has 30 seconds left.
|
|t:|1782762992
|switch|p2b: Archaludon|Archaludon, L50, M|100/100
|switch|p1a: Maushold|Maushold, L50|100/100
|turn|3
|
|t:|1782763002
|move|p1a: Maushold|Follow Me|p1a: Maushold
|-singleturn|p1a: Maushold|move: Follow Me
|move|p2a: Incineroar|Close Combat|p1a: Maushold
|-supereffective|p1a: Maushold|1
|-enditem|p1a: Maushold|Focus Sash
|-damage|p1a: Maushold|1/100
|-unboost|p2a: Incineroar|def|1
|-unboost|p2a: Incineroar|spd|1
|move|p2b: Archaludon|Dragon Pulse|p1a: Maushold
|-damage|p1a: Maushold|0 fnt
|faint|p1a: Maushold
|move|p1b: Archaludon|Electro Shot||[still]
|-prepare|p1b: Archaludon|Electro Shot
|-boost|p1b: Archaludon|spa|1
|-anim|p1b: Archaludon|Electro Shot|p2a: Incineroar
|-damage|p2a: Incineroar|0 fnt
|faint|p2a: Incineroar
|
|-weather|RainDance|[upkeep]
|-heal|p1b: Archaludon|48/100|[from] item: Leftovers
|upkeep
|
|t:|1782763019
|switch|p2a: Mawile|Mawile, L50, M|100/100
|switch|p1a: Venusaur|Venusaur, L50, F|100/100
|turn|4
|inactive|satandagiii2005 has 30 seconds left.
|inactive|joacohv has 30 seconds left.
|inactive|satandagiii2005 has 20 seconds left.
|inactive|satandagiii2005 has 15 seconds left.
|inactive|satandagiii2005 has 10 seconds left.
|inactive|joacohv has 20 seconds left.
|
|t:|1782763073
|detailschange|p2a: Mawile|Mawile-Mega, L50, M
|-mega|p2a: Mawile|Mawile|Mawilite
|detailschange|p1a: Venusaur|Venusaur-Mega, L50, F
|-mega|p1a: Venusaur|Venusaur|Venusaurite
|move|p2a: Mawile|Sucker Punch|p1a: Venusaur
|-damage|p1a: Venusaur|65/100
|move|p2b: Archaludon|Dragon Pulse|p1b: Archaludon
|-damage|p1b: Archaludon|11/100
|-ability|p1b: Archaludon|Stamina|boost
|-boost|p1b: Archaludon|def|1
|move|p1b: Archaludon|Dragon Pulse|p2b: Archaludon
|-damage|p2b: Archaludon|0 fnt
|faint|p2b: Archaludon
|move|p1a: Venusaur|Earth Power|p2a: Mawile
|-supereffective|p2a: Mawile|1
|-damage|p2a: Mawile|23/100
|
|-weather|RainDance|[upkeep]
|-heal|p1b: Archaludon|17/100|[from] item: Leftovers
|upkeep
|turn|5
|
|t:|1782763090
|move|p1b: Archaludon|Protect|p1b: Archaludon
|-singleturn|p1b: Archaludon|Protect
|move|p1a: Venusaur|Protect|p1a: Venusaur
|-singleturn|p1a: Venusaur|Protect
|move|p2a: Mawile|Sucker Punch||[still]
|-fail|p2a: Mawile
|
|-weather|none
|-heal|p1b: Archaludon|23/100|[from] item: Leftovers
|-fieldend|move: Trick Room
|upkeep
|turn|6
|c|☆satandagiii2005|gg
|inactive|joacohv has 30 seconds left.
|inactive|joacohv has 20 seconds left.
|inactive|joacohv has 15 seconds left.
|inactive|joacohv has 10 seconds left.
|inactive|joacohv has 5 seconds left.
|
|t:|1782763144
|move|p2a: Mawile|Protect|p2a: Mawile
|-singleturn|p2a: Mawile|Protect
|move|p1a: Venusaur|Earth Power|p2a: Mawile
|-activate|p2a: Mawile|move: Protect
|move|p1b: Archaludon|Flash Cannon|p2a: Mawile
|-activate|p2a: Mawile|move: Protect
|
|-heal|p1b: Archaludon|30/100|[from] item: Leftovers
|upkeep
|turn|7
|inactive|joacohv has 30 seconds left.
|inactive|joacohv has 20 seconds left.
|inactive|joacohv has 15 seconds left.
|inactive|joacohv has 10 seconds left.
|inactive|joacohv has 5 seconds left.
|
|t:|1782763199
|move|p2a: Mawile|Protect||[still]
|-fail|p2a: Mawile
|move|p1a: Venusaur|Earth Power|p2a: Mawile
|-supereffective|p2a: Mawile|1
|-damage|p2a: Mawile|0 fnt
|faint|p2a: Mawile
|
|win|satandagiii2005
|raw|satandagiii2005's rating: 1160 → 1177(+17 for winning)
|raw|joacohv's rating: 1040 → 1029(-11 for losing)
