|j|☆bluefox08
|j|☆harrybxrry
|html|bluefox08harrybxrry    
|uhtml|bestof|Game 3 of a best-of-3
|t:|1785271002
|gametype|doubles
|player|p1|bluefox08|hugh|
|player|p2|harrybxrry|ingo|
|gen|9
|tier|[Gen 9 Champions] VGC 2026 Reg M-B (Bo3)
|rule|Species Clause: Limit one of each Pokémon
|rule|Item Clause: Limit 1 of each item
|clearpoke
|poke|p1|Garchomp, L50, M|
|poke|p1|Talonflame, L50, F|
|poke|p1|Floette-Eternal, L50, F|
|poke|p1|Lucario, L50, M|
|poke|p1|Ariados, L50, M|
|poke|p1|Rotom-Wash, L50|
|poke|p2|Blastoise, L50, M|
|poke|p2|Orthworm, L50, F|
|poke|p2|Sylveon, L50, F, shiny|
|poke|p2|Incineroar, L50, M|
|poke|p2|Banette, L50, F|
|poke|p2|Kleavor, L50, M, shiny|
|teampreview|4
|showteam|p1|Garchomp||LifeOrb|RoughSkin|RockSlide,Earthquake,StompingTantrum,Protect|Jolly||M|||50|]Talonflame||PasshoBerry|GaleWings|FlareBlitz,BraveBird,Tailwind,Protect|Jolly||F|||50|]Floette-Eternal||Floettite|FlowerVeil|DazzlingGleam,Protect,Psychic,Moonblast|Timid||F|||50|]Lucario||Lucarionite|Steadfast|CloseCombat,MeteorMash,BulletPunch,Protect|Jolly||M|||50|]Ariados||SitrusBerry|Swarm|RagePowder,PoisonJab,StringShot,FoulPlay|Impish||M|||50|]Rotom-Wash||Leftovers|Levitate|Electroweb,HydroPump,Thunderbolt,ThunderWave|Calm|||||50|
|showteam|p2|Blastoise||Blastoisinite|RainDish|WaterSpout,DarkPulse,FakeOut,ShellSmash|Modest||M|||50|]Orthworm||OccaBerry|EarthEater|BodyPress,ShedTail,HeavySlam,Protect|Careful||F|||50|]Sylveon||FairyFeather|Pixilate|HyperVoice,Detect,HyperBeam,QuickAttack|Modest||F|||50|]Incineroar||SitrusBerry|Intimidate|FakeOut,PartingShot,FlareBlitz,DarkestLariat|Careful||M|||50|]Banette||Banettite|Frisk|Disable,Encore,TrickRoom,Poltergeist|Adamant||F|||50|]Kleavor||FocusSash|Sharpness|StoneAxe,Protect,XScissor,Tailwind|Adamant||M|||50|
|
|t:|1785271028
|teamsize|p1|4
|teamsize|p2|4
|start
|switch|p1a: Garchomp|Garchomp, L50, M|100/100
|switch|p1b: Talonflame|Talonflame, L50, F|100/100
|switch|p2a: Sally|Orthworm, L50, F|100/100
|switch|p2b: Wolfe|Incineroar, L50, M|100/100
|-ability|p2b: Wolfe|Intimidate|boost
|-unboost|p1a: Garchomp|atk|1
|-unboost|p1b: Talonflame|atk|1
|turn|1
|
|t:|1785271039
|move|p1b: Talonflame|Protect|p1b: Talonflame
|-singleturn|p1b: Talonflame|Protect
|move|p2b: Wolfe|Fake Out|p1a: Garchomp
|-damage|p1a: Garchomp|90/100
|-damage|p2b: Wolfe|87/100|[from] ability: Rough Skin|[of] p1a: Garchomp
|cant|p1a: Garchomp|flinch
|move|p2a: Sally|Shed Tail|p2a: Sally
|-start|p2a: Sally|Substitute|[from] move: Shed Tail
|-damage|p2a: Sally|50/100y
|
|t:|1785271055
|switch|p2a: NEO|Banette, L50, F|100/100|[from] Shed Tail
|-item|p1a: Garchomp|Life Orb|[from] ability: Frisk|[of] p2a: NEO
|-item|p1b: Talonflame|Passho Berry|[from] ability: Frisk|[of] p2a: NEO
|
|upkeep
|turn|2
|
|t:|1785271077
|switch|p1b: Rotom|Rotom-Wash, L50|100/100
|switch|p2b: Sally|Orthworm, L50, F|50/100y
|detailschange|p2a: NEO|Banette-Mega, L50, F
|-mega|p2a: NEO|Banette|Banettite
|move|p1a: Garchomp|Earthquake|p2b: Sally|[spread] p2a
|-heal|p2b: Sally|75/100|[from] ability: Earth Eater|[of] p1a: Garchomp
|-immune|p1b: Rotom|[from] ability: Levitate
|-end|p2a: NEO|Substitute
|-damage|p1a: Garchomp|80/100|[from] item: Life Orb
|move|p2a: NEO|Poltergeist|p1a: Garchomp
|-activate|p1a: Garchomp|move: Poltergeist|Life Orb
|-damage|p1a: Garchomp|10/100
|
|upkeep
|turn|3
|
|t:|1785271121
|switch|p2b: Wolfe|Incineroar, L50, M|87/100
|-ability|p2b: Wolfe|Intimidate|boost
|-unboost|p1a: Garchomp|atk|1
|-unboost|p1b: Rotom|atk|1
|move|p1a: Garchomp|Stomping Tantrum|p2a: NEO
|-damage|p2a: NEO|63/100
|-damage|p1a: Garchomp|1/100|[from] item: Life Orb
|move|p1b: Rotom|Hydro Pump|p2b: Wolfe
|-supereffective|p2b: Wolfe|1
|-damage|p2b: Wolfe|33/100
|-enditem|p2b: Wolfe|Sitrus Berry|[eat]
|-heal|p2b: Wolfe|57/100|[from] item: Sitrus Berry
|move|p2a: NEO|Poltergeist|p1b: Rotom|[miss]
|-miss|p2a: NEO|p1b: Rotom
|
|upkeep
|turn|4
|c|☆bluefox08|mb
|c|☆harrybxrry|no prob lol
|
|t:|1785271150
|move|p2b: Wolfe|Fake Out|p1b: Rotom
|-damage|p1b: Rotom|87/100
|move|p1a: Garchomp|Rock Slide|p2b: Wolfe|[spread] p2a
|-miss|p1a: Garchomp|p2b: Wolfe
|-damage|p2a: NEO|45/100
|-damage|p1a: Garchomp|0 fnt|[from] item: Life Orb
|faint|p1a: Garchomp
|cant|p1b: Rotom|flinch
|move|p2a: NEO|Poltergeist|p1b: Rotom
|-activate|p1b: Rotom|move: Poltergeist|Leftovers
|-damage|p1b: Rotom|8/100
|
|-heal|p1b: Rotom|14/100|[from] item: Leftovers
|upkeep
|c|☆harrybxrry|trade
|
|t:|1785271163
|switch|p1a: Lucario|Lucario, L50, M|100/100
|turn|5
|
|t:|1785271180
|switch|p2a: Sally|Orthworm, L50, F|75/100
|detailschange|p1a: Lucario|Lucario-Mega, L50, M
|-mega|p1a: Lucario|Lucario|Lucarionite
|move|p1a: Lucario|Protect|p1a: Lucario
|-singleturn|p1a: Lucario|Protect
|move|p1b: Rotom|Electroweb|p2b: Wolfe|[spread] p2a,p2b
|-crit|p2a: Sally
|-damage|p2a: Sally|47/100
|-damage|p2b: Wolfe|47/100
|-unboost|p2a: Sally|spe|1
|-unboost|p2b: Wolfe|spe|1
|move|p2b: Wolfe|Flare Blitz|p1a: Lucario
|-activate|p1a: Lucario|move: Protect
|
|-heal|p1b: Rotom|20/100y|[from] item: Leftovers
|upkeep
|turn|6
|
|t:|1785271212
|switch|p2b: NEO|Banette-Mega, L50, F|45/100
|move|p1a: Lucario|Close Combat|p2a: Sally
|-supereffective|p2a: Sally|1
|-damage|p2a: Sally|0 fnt
|-unboost|p1a: Lucario|def|1
|-unboost|p1a: Lucario|spd|1
|faint|p2a: Sally
|move|p1b: Rotom|Hydro Pump|p2b: NEO
|-damage|p2b: NEO|3/100
|
|-heal|p1b: Rotom|26/100|[from] item: Leftovers
|upkeep
|
|t:|1785271218
|switch|p2a: Wolfe|Incineroar, L50, M|47/100
|-ability|p2a: Wolfe|Intimidate|boost
|-unboost|p1a: Lucario|atk|1
|-unboost|p1b: Rotom|atk|1
|turn|7
|
|t:|1785271244
|switch|p2a: Big Red Button|Sylveon, L50, F, shiny|100/100
|move|p1a: Lucario|Bullet Punch|p2b: NEO
|-damage|p2b: NEO|0 fnt
|faint|p2b: NEO
|move|p1b: Rotom|Hydro Pump|p2a: Big Red Button
|-damage|p2a: Big Red Button|72/100
|
|-heal|p1b: Rotom|31/100|[from] item: Leftovers
|upkeep
|
|t:|1785271248
|switch|p2b: Wolfe|Incineroar, L50, M|47/100
|-ability|p2b: Wolfe|Intimidate|boost
|-unboost|p1a: Lucario|atk|1
|-unboost|p1b: Rotom|atk|1
|turn|8
|
|t:|1785271257
|switch|p1a: Talonflame|Talonflame, L50, F|100/100
|move|p2b: Wolfe|Fake Out|p1a: Talonflame
|-damage|p1a: Talonflame|84/100
|move|p1b: Rotom|Electroweb|p2b: Wolfe|[spread] p2b
|-miss|p1b: Rotom|p2a: Big Red Button
|-damage|p2b: Wolfe|36/100
|-unboost|p2b: Wolfe|spe|1
|move|p2a: Big Red Button|Hyper Voice|p1a: Talonflame|[spread] p1a,p1b
|-resisted|p1a: Talonflame|1
|-damage|p1a: Talonflame|49/100
|-damage|p1b: Rotom|0 fnt
|faint|p1b: Rotom
|
|upkeep
|
|t:|1785271269
|switch|p1b: Lucario|Lucario-Mega, L50, M|100/100
|turn|9
|
|t:|1785271284
|move|p1a: Talonflame|Brave Bird|p2b: Wolfe
|-damage|p2b: Wolfe|0 fnt
|faint|p2b: Wolfe
|-damage|p1a: Talonflame|34/100|[from] Recoil
|move|p1b: Lucario|Meteor Mash|p2a: Big Red Button|[miss]
|-miss|p1b: Lucario|p2a: Big Red Button
|move|p2a: Big Red Button|Hyper Voice|p1b: Lucario|[spread] p1a,p1b
|-resisted|p1a: Talonflame|1
|-damage|p1a: Talonflame|0 fnt
|-damage|p1b: Lucario|12/100
|faint|p1a: Talonflame
|
|upkeep
|turn|10
|c|☆bluefox08|gg
|
|t:|1785271298
|move|p2a: Big Red Button|Quick Attack|p1b: Lucario
|-damage|p1b: Lucario|0 fnt
|faint|p1b: Lucario
|
|win|harrybxrry
|c|☆harrybxrry|gg
