|j|☆crosseczek
|j|☆CaptainRex501
|html|crosseczekCaptainRex501    
|uhtml|bestof|Game 2 of a best-of-3
|t:|1784141912
|gametype|doubles
|player|p1|crosseczek|101|
|player|p2|CaptainRex501|volkner|
|gen|9
|tier|[Gen 9 Champions] VGC 2026 Reg M-B (Bo3)
|rule|Species Clause: Limit one of each Pokémon
|rule|Item Clause: Limit 1 of each item
|clearpoke
|poke|p1|Mawile, L50, M|
|poke|p1|Garchomp, L50, M|
|poke|p1|Whimsicott, L50, F|
|poke|p1|Raichu, L50, F|
|poke|p1|Incineroar, L50, M|
|poke|p1|Farigiraf, L50, F|
|poke|p2|Tyranitar, L50, M|
|poke|p2|Staraptor, L50, F|
|poke|p2|Excadrill, L50, M|
|poke|p2|Sinistcha, L50|
|poke|p2|Gholdengo, L50|
|poke|p2|Milotic, L50, F|
|teampreview|4
|showteam|p1|Mawile||Mawilite|HyperCutter|PlayRough,SuckerPunch,SwordsDance,Protect|Brave||M|||50|]Garchomp||SitrusBerry|RoughSkin|DragonClaw,StompingTantrum,RockSlide,Protect|Adamant||M|||50|]Whimsicott||FocusSash|Prankster|Moonblast,Encore,Tailwind,Protect|Modest||F|||50|]Raichu||RaichuniteY|LightningRod|ZapCannon,FocusBlast,GrassKnot,Protect|Modest||F|||50|]Incineroar||Charcoal|Intimidate|FlareBlitz,ThroatChop,PartingShot,FakeOut|Adamant||M|||50|]Farigiraf||ColburBerry|ArmorTail|Psychic,Imprison,TrickRoom,Protect|Modest||F|||50|
|showteam|p2|Tyranitar||Tyranitarite|SandStream|KnockOff,RockSlide,Protect,LowKick|Adamant||M|||50|]Staraptor||Staraptite|Intimidate|DualWingbeat,CloseCombat,Protect,Tailwind|Jolly||F|||50|]Excadrill||FocusSash|SandRush|HighHorsepower,IronHead,RockSlide,Protect|Adamant||M|||50|]Sinistcha||SitrusBerry|Hospitality|MatchaGotcha,RagePowder,TrickRoom,Protect|Calm|||||50|]Gholdengo||LifeOrb|GoodasGold|MakeItRain,NastyPlot,Protect,ShadowBall|Timid|||||50|]Milotic||Leftovers|Competitive|Scald,Recover,Protect,IceBeam|Modest||F|||50|
|inactive|Battle timer is ON: inactive players will automatically lose when time's up. (requested by CaptainRex501)
|inactive|crosseczek has 60 seconds left.
|inactive|crosseczek has 30 seconds left.
|
|t:|1784141972
|teamsize|p1|4
|teamsize|p2|4
|start
|switch|p1a: Raichu|Raichu, L50, F|100/100
|switch|p1b: Whimsicott|Whimsicott, L50, F|100/100
|switch|p2a: Excadrill|Excadrill, L50, M|100/100
|switch|p2b: Milotic|Milotic, L50, F|100/100
|turn|1
|
|t:|1784141983
|switch|p2b: Tyranitar|Tyranitar, L50, M|100/100
|-weather|Sandstorm|[from] ability: Sand Stream|[of] p2b: Tyranitar
|move|p1a: Raichu|Protect|p1a: Raichu
|-singleturn|p1a: Raichu|Protect
|move|p2a: Excadrill|High Horsepower|p1a: Raichu
|-activate|p1a: Raichu|move: Protect
|move|p1b: Whimsicott|Moonblast|p2a: Excadrill
|-resisted|p2a: Excadrill|1
|-damage|p2a: Excadrill|74/100
|
|-weather|Sandstorm|[upkeep]
|-damage|p1a: Raichu|94/100|[from] Sandstorm
|-damage|p1b: Whimsicott|94/100|[from] Sandstorm
|upkeep
|turn|2
|inactive|CaptainRex501 has 30 seconds left.
|
|t:|1784142008
|detailschange|p1a: Raichu|Raichu-Mega-Y, L50, F
|-mega|p1a: Raichu|Raichu|Raichunite Y
|detailschange|p2b: Tyranitar|Tyranitar-Mega, L50, M
|-mega|p2b: Tyranitar|Tyranitar|Tyranitarite
|move|p1b: Whimsicott|Tailwind|p1b: Whimsicott
|-sidestart|p1: crosseczek|move: Tailwind
|move|p1a: Raichu|Focus Blast|p2a: Excadrill
|-supereffective|p2a: Excadrill|1
|-damage|p2a: Excadrill|0 fnt
|faint|p2a: Excadrill
|move|p2b: Tyranitar|Knock Off|p1a: Raichu
|-damage|p1a: Raichu|31/100
|
|-weather|Sandstorm|[upkeep]
|-damage|p1a: Raichu|25/100|[from] Sandstorm
|-damage|p1b: Whimsicott|88/100|[from] Sandstorm
|upkeep
|
|t:|1784142018
|switch|p2a: Sinistcha|Sinistcha, L50|100/100
|turn|3
|
|t:|1784142034
|move|p2a: Sinistcha|Rage Powder|p2a: Sinistcha
|-singleturn|p2a: Sinistcha|move: Rage Powder
|move|p1a: Raichu|Zap Cannon|p2a: Sinistcha
|-resisted|p2a: Sinistcha|1
|-damage|p2a: Sinistcha|67/100
|-status|p2a: Sinistcha|par
|move|p1b: Whimsicott|Moonblast|p2a: Sinistcha
|-damage|p2a: Sinistcha|31/100 par
|-enditem|p2a: Sinistcha|Sitrus Berry|[eat]
|-heal|p2a: Sinistcha|56/100 par|[from] item: Sitrus Berry
|move|p2b: Tyranitar|Rock Slide|p1a: Raichu|[spread] p1a,p1b
|-damage|p1a: Raichu|0 fnt
|-damage|p1b: Whimsicott|44/100
|faint|p1a: Raichu
|
|-weather|Sandstorm|[upkeep]
|-damage|p1b: Whimsicott|38/100|[from] Sandstorm
|-damage|p2a: Sinistcha|50/100g par|[from] Sandstorm
|upkeep
|
|t:|1784142050
|switch|p1a: Incineroar|Incineroar, L50, M|100/100
|-ability|p1a: Incineroar|Intimidate|boost
|-unboost|p2a: Sinistcha|atk|1
|-unboost|p2b: Tyranitar|atk|1
|turn|4
|
|t:|1784142061
|switch|p2a: Milotic|Milotic, L50, F|100/100
|move|p1b: Whimsicott|Moonblast|p2b: Tyranitar
|-supereffective|p2b: Tyranitar|1
|-damage|p2b: Tyranitar|58/100
|move|p1a: Incineroar|Flare Blitz|p2a: Milotic
|-resisted|p2a: Milotic|1
|-damage|p2a: Milotic|68/100
|-damage|p1a: Incineroar|89/100|[from] Recoil
|move|p2b: Tyranitar|Rock Slide|p1a: Incineroar|[spread] p1a,p1b
|-supereffective|p1a: Incineroar|1
|-damage|p1a: Incineroar|42/100
|-damage|p1b: Whimsicott|11/100
|
|-weather|Sandstorm|[upkeep]
|-damage|p1b: Whimsicott|5/100|[from] Sandstorm
|-damage|p1a: Incineroar|36/100|[from] Sandstorm
|-damage|p2a: Milotic|62/100|[from] Sandstorm
|-heal|p2a: Milotic|68/100|[from] item: Leftovers
|upkeep
|turn|5
|inactive|crosseczek has 30 seconds left.
|
|t:|1784142092
|switch|p1b: Garchomp|Garchomp, L50, M|100/100
|switch|p2b: Sinistcha|Sinistcha, L50|50/100g par
|-heal|p2a: Milotic|93/100|[from] ability: Hospitality|[of] p2b: Sinistcha
|move|p1a: Incineroar|Throat Chop|p2a: Milotic
|-damage|p2a: Milotic|54/100
|-start|p2a: Milotic|Throat Chop|[silent]
|move|p2a: Milotic|Scald|p1a: Incineroar
|-supereffective|p1a: Incineroar|1
|-damage|p1a: Incineroar|0 fnt
|faint|p1a: Incineroar
|
|-weather|none
|-heal|p2a: Milotic|60/100|[from] item: Leftovers
|-sideend|p1: crosseczek|move: Tailwind
|upkeep
|
|t:|1784142104
|switch|p1a: Whimsicott|Whimsicott, L50, F|5/100
|turn|6
|
|t:|1784142121
|switch|p2a: Tyranitar|Tyranitar-Mega, L50, M|58/100
|-weather|Sandstorm|[from] ability: Sand Stream|[of] p2a: Tyranitar
|move|p1a: Whimsicott|Protect|p1a: Whimsicott
|-singleturn|p1a: Whimsicott|Protect
|move|p1b: Garchomp|Rock Slide|p2a: Tyranitar|[spread] p2a,p2b
|-damage|p2a: Tyranitar|45/100
|-damage|p2b: Sinistcha|33/100 par
|move|p2b: Sinistcha|Trick Room|p2b: Sinistcha
|-fieldstart|move: Trick Room|[of] p2b: Sinistcha
|
|-weather|Sandstorm|[upkeep]
|-damage|p2b: Sinistcha|27/100 par|[from] Sandstorm
|-damage|p1a: Whimsicott|0 fnt|[from] Sandstorm
|faint|p1a: Whimsicott
|upkeep
|turn|7
|
|t:|1784142134
|move|p2b: Sinistcha|Matcha Gotcha|p1b: Garchomp
|-damage|p1b: Garchomp|68/100
|-heal|p2b: Sinistcha|46/100 par|[from] drain|[of] p1b: Garchomp
|-status|p1b: Garchomp|brn
|move|p2a: Tyranitar|Knock Off|p1b: Garchomp
|-damage|p1b: Garchomp|20/100r brn
|-damage|p2a: Tyranitar|32/100|[from] ability: Rough Skin|[of] p1b: Garchomp
|-enditem|p1b: Garchomp|Sitrus Berry|[from] move: Knock Off|[of] p2a: Tyranitar
|move|p1b: Garchomp|Stomping Tantrum|p2a: Tyranitar
|-supereffective|p2a: Tyranitar|1
|-damage|p2a: Tyranitar|3/100
|
|-weather|Sandstorm|[upkeep]
|-damage|p2b: Sinistcha|40/100 par|[from] Sandstorm
|-damage|p1b: Garchomp|13/100 brn|[from] brn
|upkeep
|turn|8
|
|t:|1784142142
|move|p2b: Sinistcha|Matcha Gotcha|p1b: Garchomp
|-damage|p1b: Garchomp|0 fnt
|-heal|p2b: Sinistcha|48/100 par|[from] drain|[of] p1b: Garchomp
|faint|p1b: Garchomp
|
|win|CaptainRex501
