|j|☆morgie d timmy
|j|☆kotekmode
|html|morgie d timmykotekmode    
|uhtml|bestof|Game 2 of a best-of-3
|t:|1783364736
|gametype|doubles
|player|p1|morgie d timmy|101|
|player|p2|kotekmode|hilbert|
|gen|9
|tier|[Gen 9 Champions] VGC 2026 Reg M-B (Bo3)
|rule|Species Clause: Limit one of each Pokémon
|rule|Item Clause: Limit 1 of each item
|clearpoke
|poke|p1|Incineroar, L50, M|
|poke|p1|Scovillain, L50, F|
|poke|p1|Archaludon, L50, M|
|poke|p1|Grimmsnarl, L50, M|
|poke|p1|Pelipper, L50, F|
|poke|p1|Gholdengo, L50|
|poke|p2|Raichu, L50, F|
|poke|p2|Basculegion, L50, M|
|poke|p2|Ninetales-Alola, L50, M|
|poke|p2|Sneasler, L50, F|
|poke|p2|Garchomp, L50, M|
|poke|p2|Talonflame, L50, M|
|teampreview|4
|showteam|p1|Incineroar||SitrusBerry|Intimidate|DarkestLariat,FlareBlitz,FakeOut,PartingShot|Careful||M|||50|]Scovillain||Scovillainite|Moody|Overheat,Protect,LeechSeed,RagePowder|Calm||F|||50|]Archaludon||Leftovers|Stamina|FlashCannon,ElectroShot,Protect,DragonPulse|Modest||M|||50|]Grimmsnarl||LightClay|Prankster|SpiritBreak,LightScreen,Reflect,PartingShot|Careful||M|||50|]Pelipper||FocusSash|Drizzle|Protect,Tailwind,WeatherBall,Hurricane|Modest||F|||50|]Gholdengo||LifeOrb|GoodasGold|Hex,MakeItRain,Protect,NastyPlot|Modest|||||50|
|showteam|p2|Raichu||RaichuniteY|LightningRod|ZapCannon,FocusBlast,Encore,Protect|Timid||F|||50|]Basculegion||FocusSash|Adaptability|Waterfall,LastRespects,AquaJet,Protect|Adamant||M|||50|]Ninetales-Alola||NeverMeltIce|SnowWarning|Blizzard,FreezeDry,Disable,Protect|Timid||M|||50|]Sneasler||WhiteHerb|Unburden|FakeOut,CloseCombat,DireClaw,Protect|Jolly||F|||50|]Garchomp||LifeOrb|RoughSkin|Earthquake,DragonClaw,RockSlide,Protect|Jolly||M|||50|]Talonflame||SharpBeak|GaleWings|DualWingbeat,Tailwind,FlareBlitz,QuickGuard|Jolly||M|||50|
|j| Loomo
|j| 2cake
|j| philjonesvgc
|j| Jacrepid
|j| Autumnal Rein
|
|t:|1783364853
|teamsize|p1|4
|teamsize|p2|4
|start
|switch|p1a: Scovillain|Scovillain, L50, F|100/100
|switch|p1b: Grimmsnarl|Grimmsnarl, L50, M|100/100
|switch|p2a: Raichu|Raichu, L50, F|100/100
|switch|p2b: Sneasler|Sneasler, L50, F|100/100
|turn|1
|
|t:|1783364916
|detailschange|p2a: Raichu|Raichu-Mega-Y, L50, F
|-mega|p2a: Raichu|Raichu|Raichunite Y
|detailschange|p1a: Scovillain|Scovillain-Mega, L50, F
|-mega|p1a: Scovillain|Scovillain|Scovillainite
|move|p2b: Sneasler|Fake Out|p1a: Scovillain
|-damage|p1a: Scovillain|86/100
|-status|p2b: Sneasler|brn|[from] ability: Spicy Spray|[of] p1a: Scovillain
|move|p1b: Grimmsnarl|Light Screen|p1b: Grimmsnarl
|-sidestart|p1: morgie d timmy|move: Light Screen
|move|p2a: Raichu|Zap Cannon|p1b: Grimmsnarl
|-damage|p1b: Grimmsnarl|58/100
|-status|p1b: Grimmsnarl|par
|cant|p1a: Scovillain|flinch
|
|-damage|p2b: Sneasler|94/100 brn|[from] brn
|upkeep
|turn|2
|
|t:|1783364975
|move|p1b: Grimmsnarl|Parting Shot|p2a: Raichu
|-unboost|p2a: Raichu|atk|1
|-unboost|p2a: Raichu|spa|1
|
|t:|1783364978
|switch|p1b: Archaludon|Archaludon, L50, M|100/100|[from] Parting Shot
|move|p2a: Raichu|Zap Cannon|p1a: Scovillain
|-resisted|p1a: Scovillain|1
|-damage|p1a: Scovillain|70/100
|-status|p1a: Scovillain|par
|-status|p2a: Raichu|brn|[from] ability: Spicy Spray|[of] p1a: Scovillain
|move|p2b: Sneasler|Dire Claw|p1a: Scovillain
|-supereffective|p1a: Scovillain|1
|-damage|p1a: Scovillain|38/100 par
|cant|p1a: Scovillain|par
|
|-damage|p2a: Raichu|94/100 brn|[from] brn
|-damage|p2b: Sneasler|88/100 brn|[from] brn
|upkeep
|turn|3
|
|t:|1783365027
|switch|p2a: Garchomp|Garchomp, L50, M|100/100
|switch|p1a: Its you|Incineroar, L50, M|100/100
|-ability|p1a: Its you|Intimidate|boost
|-unboost|p2a: Garchomp|atk|1
|-unboost|p2b: Sneasler|atk|1
|-enditem|p2b: Sneasler|White Herb
|-clearnegativeboost|p2b: Sneasler|[silent]
|move|p2b: Sneasler|Dire Claw|p1a: Its you
|-damage|p1a: Its you|85/100
|move|p1b: Archaludon|Dragon Pulse|p2a: Garchomp
|-supereffective|p2a: Garchomp|1
|-damage|p2a: Garchomp|7/100
|
|-damage|p2b: Sneasler|82/100 brn|[from] brn
|upkeep
|turn|4
|
|t:|1783365084
|move|p2b: Sneasler|Protect|p2b: Sneasler
|-singleturn|p2b: Sneasler|Protect
|move|p1a: Its you|Fake Out|p2a: Garchomp
|-damage|p2a: Garchomp|0 fnt
|-damage|p1a: Its you|72/100|[from] ability: Rough Skin|[of] p2a: Garchomp
|faint|p2a: Garchomp
|move|p1b: Archaludon|Dragon Pulse|p2b: Sneasler
|-activate|p2b: Sneasler|move: Protect
|
|-damage|p2b: Sneasler|76/100 brn|[from] brn
|upkeep
|
|t:|1783365095
|switch|p2a: Raichu|Raichu-Mega-Y, L50, F|94/100 brn
|turn|5
|j| escaperoomvgc
|l| Loomo
|
|t:|1783365225
|switch|p1a: Grimmsnarl|Grimmsnarl, L50, M|58/100 par
|move|p2b: Sneasler|Close Combat|p1b: Archaludon
|-supereffective|p1b: Archaludon|1
|-damage|p1b: Archaludon|59/100
|-unboost|p2b: Sneasler|def|1
|-unboost|p2b: Sneasler|spd|1
|-ability|p1b: Archaludon|Stamina|boost
|-boost|p1b: Archaludon|def|1
|move|p2a: Raichu|Focus Blast|p1b: Archaludon
|-supereffective|p1b: Archaludon|1
|-damage|p1b: Archaludon|1/100
|-ability|p1b: Archaludon|Stamina|boost
|-boost|p1b: Archaludon|def|1
|move|p1b: Archaludon|Dragon Pulse|p2a: Raichu
|-damage|p2a: Raichu|26/100 brn
|
|-heal|p1b: Archaludon|7/100|[from] item: Leftovers
|-damage|p2b: Sneasler|71/100 brn|[from] brn
|-damage|p2a: Raichu|20/100y brn|[from] brn
|upkeep
|turn|6
|j| DinomiteVGC
|
|t:|1783365269
|move|p1b: Archaludon|Protect|p1b: Archaludon
|-singleturn|p1b: Archaludon|Protect
|move|p2b: Sneasler|Dire Claw|p1a: Grimmsnarl
|-supereffective|p1a: Grimmsnarl|1
|-damage|p1a: Grimmsnarl|24/100 par
|move|p2a: Raichu|Zap Cannon|p1a: Grimmsnarl
|-damage|p1a: Grimmsnarl|0 fnt
|faint|p1a: Grimmsnarl
|
|-heal|p1b: Archaludon|13/100|[from] item: Leftovers
|-damage|p2b: Sneasler|65/100 brn|[from] brn
|-damage|p2a: Raichu|14/100 brn|[from] brn
|upkeep
|l| 2cake
|
|t:|1783365285
|switch|p1a: Its you|Incineroar, L50, M|72/100
|-ability|p1a: Its you|Intimidate|boost
|-unboost|p2a: Raichu|atk|1
|-unboost|p2b: Sneasler|atk|1
|turn|7
|j| munchie2ff
|l|☆morgie d timmy
|player|p1|
|j|☆morgie d timmy
|player|p1|morgie d timmy|101|
|l| DinomiteVGC
|
|t:|1783365433
|switch|p1b: Scovillain|Scovillain-Mega, L50, F|38/100 par
|move|p2a: Raichu|Protect|p2a: Raichu
|-singleturn|p2a: Raichu|Protect
|move|p1a: Its you|Fake Out|p2b: Sneasler
|-damage|p2b: Sneasler|47/100 brn
|cant|p2b: Sneasler|flinch
|
|-damage|p2b: Sneasler|42/100 brn|[from] brn
|-damage|p2a: Raichu|8/100 brn|[from] brn
|upkeep
|turn|8
|j| DinomiteVGC
|
|t:|1783365467
|move|p1b: Scovillain|Rage Powder|p1b: Scovillain
|-singleturn|p1b: Scovillain|move: Rage Powder
|move|p2b: Sneasler|Close Combat|p1b: Scovillain
|-damage|p1b: Scovillain|19/100 par
|-unboost|p2b: Sneasler|def|1
|-unboost|p2b: Sneasler|spd|1
|move|p2a: Raichu|Focus Blast|p1b: Scovillain
|-damage|p1b: Scovillain|0 fnt
|faint|p1b: Scovillain
|move|p1a: Its you|Darkest Lariat|p2a: Raichu
|-damage|p2a: Raichu|0 fnt
|faint|p2a: Raichu
|
|-damage|p2b: Sneasler|36/100 brn|[from] brn
|-sideend|p1: morgie d timmy|move: Light Screen
|upkeep
|
|t:|1783365481
|switch|p2a: Basculegion|Basculegion, L50, M|100/100
|switch|p1b: Archaludon|Archaludon, L50, M|13/100
|turn|9
|
|t:|1783365577
|move|p2b: Sneasler|Close Combat|p1a: Its you
|-supereffective|p1a: Its you|1
|-damage|p1a: Its you|41/100
|-unboost|p2b: Sneasler|def|1
|-unboost|p2b: Sneasler|spd|1
|-enditem|p1a: Its you|Sitrus Berry|[eat]
|-heal|p1a: Its you|65/100|[from] item: Sitrus Berry
|move|p2a: Basculegion|Waterfall|p1a: Its you
|-supereffective|p1a: Its you|1
|-damage|p1a: Its you|0 fnt
|faint|p1a: Its you
|move|p1b: Archaludon|Flash Cannon|p2a: Basculegion
|-resisted|p2a: Basculegion|1
|-damage|p2a: Basculegion|76/100
|
|-heal|p1b: Archaludon|19/100|[from] item: Leftovers
|-damage|p2b: Sneasler|30/100 brn|[from] brn
|upkeep
|turn|10
|l| escaperoomvgc
|
|t:|1783365599
|move|p2b: Sneasler|Close Combat|p1b: Archaludon
|-supereffective|p1b: Archaludon|1
|-damage|p1b: Archaludon|0 fnt
|-unboost|p2b: Sneasler|def|1
|-unboost|p2b: Sneasler|spd|1
|faint|p1b: Archaludon
|
|win|kotekmode
||morgie d timmy is ready for game 3.
||kotekmode is ready for game 3.
|uhtml|next|Next: Game 3 of 3
|l| DinomiteVGC
|j| DinomiteVGC
|j| escaperoomvgc
|j| Arkanine4
|l| DinomiteVGC
|j| N3_ArieL
|l| N3_ArieL
|l| Arkanine4
|j| jpievgc
|l| jpievgc
|j| N3_ArieL
|j| jpievgc
|l| N3_ArieL
|l| escaperoomvgc
|l| Jacrepid
|l| jpievgc
|l| Autumnal Rein
|l| philjonesvgc
|l| munchie2ff
|l|☆morgie d timmy
|player|p1|
