|j|☆snailboss
|j|☆draco misses
|html|snailbossdraco misses    
|uhtml|bestof|Game 1 of a best-of-3
|t:|1756660351
|gametype|doubles
|player|p1|snailboss|265|1259
|player|p2|draco misses|102|1195
|gen|9
|tier|[Gen 9] VGC 2025 Reg H (Bo3)
|rated|
|rule|Species Clause: Limit one of each Pokémon
|rule|Item Clause: Limit 1 of each item
|clearpoke
|poke|p1|Zoroark-Hisui, L50, M|
|poke|p1|Tyranitar, L50, M|
|poke|p1|Excadrill, L50, F|
|poke|p1|Indeedee-F, L50, F|
|poke|p1|Gallade, L50, M|
|poke|p1|Talonflame, L50, F|
|poke|p2|Sneasler, L50, M|
|poke|p2|Rillaboom, L50, F|
|poke|p2|Electabuzz, L50, F|
|poke|p2|Dragonite, L50, F|
|poke|p2|Volcarona, L50, F|
|poke|p2|Kingambit, L50, M|
|teampreview|4
|showteam|p1|Zoroark-Hisui||ChoiceSpecs|Illusion|HyperVoice,HyperBeam,ShadowBall,Flamethrower|||M|||50|,,,,,Normal]Tyranitar||AssaultVest|SandStream|RockSlide,KnockOff,LowKick,TeraBlast|||M|||50|,,,,,Flying]Excadrill||FocusSash|SandRush|IronHead,Protect,SwordsDance,Earthquake|||F|||50|,,,,,Ground]Indeedee-F||SafetyGoggles|PsychicSurge|TrickRoom,FollowMe,Psychic,HelpingHand|||F|||50|,,,,,Fairy]Gallade||ClearAmulet|Sharpness|PsychoCut,TrickRoom,WideGuard,SacredSword|||M|||50|,,,,,Grass]Talonflame||CovertCloak|GaleWings|Tailwind,BraveBird,FlareBlitz,Taunt|||F|||50|,,,,,Grass
|showteam|p2|Sneasler||FocusSash|PoisonTouch|CloseCombat,DireClaw,Coaching,FakeOut|||M|||50|,,,,,Stellar]Rillaboom||AssaultVest|GrassySurge|WoodHammer,GrassyGlide,HighHorsepower,FakeOut|||F|||50|,,,,,Fire]Electabuzz||Eviolite|VitalSpirit|Thunderbolt,FollowMe,Taunt,Protect|||F|||50|,,,,,Dragon]Dragonite||LoadedDice|Multiscale|ScaleShot,ExtremeSpeed,Haze,Protect|||F|||50|,,,,,Normal]Volcarona||Leftovers|FlameBody|HeatWave,TeraBlast,QuiverDance,Protect|||F|||50|,,,,,Fairy]Kingambit||BlackGlasses|Defiant|KowtowCleave,SuckerPunch,SwordsDance,Protect|||M|||50|,,,,,Dark
|inactive|Battle timer is ON: inactive players will automatically lose when time's up. (requested by snailboss)
|
|t:|1756660405
|teamsize|p1|4
|teamsize|p2|4
|start
|switch|p1a: Talonflame|Talonflame, L50, F|100/100
|switch|p1b: Tyranitar|Tyranitar, L50, M|100/100
|switch|p2a: Dragonite|Dragonite, L50, F|100/100
|switch|p2b: Rillaboom|Rillaboom, L50, F|100/100
|-weather|Sandstorm|[from] ability: Sand Stream|[of] p1b: Tyranitar
|-fieldstart|move: Grassy Terrain|[from] ability: Grassy Surge|[of] p2b: Rillaboom
|turn|1
|
|t:|1756660429
|-terastallize|p1b: Tyranitar|Flying
|move|p1a: Talonflame|Tailwind|p1a: Talonflame
|-sidestart|p1: snailboss|move: Tailwind
|move|p1b: Tyranitar|Tera Blast|p2b: Rillaboom|[anim] Tera Blast Flying
|-supereffective|p2b: Rillaboom
|-damage|p2b: Rillaboom|14/100
|move|p2a: Dragonite|Scale Shot|p1a: Talonflame
|-damage|p1a: Talonflame|77/100
|-damage|p1a: Talonflame|55/100
|-damage|p1a: Talonflame|34/100
|-damage|p1a: Talonflame|10/100
|-hitcount|p1a: Talonflame|4
|-unboost|p2a: Dragonite|def|1
|-boost|p2a: Dragonite|spe|1
|move|p2b: Rillaboom|Wood Hammer|p1b: Tyranitar
|-resisted|p1b: Tyranitar
|-damage|p1b: Tyranitar|64/100
|-damage|p2b: Rillaboom|3/100|[from] Recoil
|
|-weather|Sandstorm|[upkeep]
|-damage|p1a: Talonflame|4/100|[from] Sandstorm
|-damage|p1b: Tyranitar|59/100|[from] Sandstorm
|-damage|p2a: Dragonite|95/100|[from] Sandstorm
|-damage|p2b: Rillaboom|0 fnt|[from] Sandstorm
|faint|p2b: Rillaboom
|upkeep
|
|t:|1756660454
|switch|p2b: Kingambit|Kingambit, L50, M|100/100
|turn|2
|
|t:|1756660460
|-terastallize|p2b: Kingambit|Dark
|move|p2a: Dragonite|Extreme Speed|p1a: Talonflame
|-damage|p1a: Talonflame|0 fnt
|faint|p1a: Talonflame
|move|p2b: Kingambit|Sucker Punch|p1b: Tyranitar
|-damage|p1b: Tyranitar|0 fnt
|faint|p1b: Tyranitar
|
|-weather|Sandstorm|[upkeep]
|-damage|p2a: Dragonite|89/100|[from] Sandstorm
|-damage|p2b: Kingambit|95/100|[from] Sandstorm
|-heal|p2b: Kingambit|100/100|[from] Grassy Terrain
|upkeep
|
|t:|1756660468
|switch|p1a: Indeedee|Indeedee-F, L50, F|100/100
|switch|p1b: Excadrill|Excadrill, L50, F|100/100
|-fieldstart|move: Psychic Terrain|[from] ability: Psychic Surge|[of] p1a: Indeedee
|turn|3
|
|t:|1756660496
|move|p1a: Indeedee|Follow Me|p1a: Indeedee
|-singleturn|p1a: Indeedee|move: Follow Me
|move|p1b: Excadrill|Iron Head|p2a: Dragonite
|-damage|p2a: Dragonite|8/100
|cant|p2a: Dragonite|flinch
|move|p2b: Kingambit|Kowtow Cleave|p1a: Indeedee
|-supereffective|p1a: Indeedee
|-damage|p1a: Indeedee|0 fnt
|faint|p1a: Indeedee
|
|-weather|Sandstorm|[upkeep]
|-damage|p2a: Dragonite|2/100|[from] Sandstorm
|-damage|p2b: Kingambit|95/100|[from] Sandstorm
|upkeep
|turn|4
|
|t:|1756660515
|move|p1b: Excadrill|Protect|p1b: Excadrill
|-singleturn|p1b: Excadrill|Protect
|move|p2a: Dragonite|Scale Shot|p1b: Excadrill
|-activate|p1b: Excadrill|move: Protect
|move|p2b: Kingambit|Kowtow Cleave|p1b: Excadrill
|-activate|p1b: Excadrill|move: Protect
|
|-weather|Sandstorm|[upkeep]
|-damage|p2a: Dragonite|0 fnt|[from] Sandstorm
|-damage|p2b: Kingambit|89/100|[from] Sandstorm
|faint|p2a: Dragonite
|-sideend|p1: snailboss|move: Tailwind
|upkeep
|
|t:|1756660520
|switch|p2a: Volcarona|Volcarona, L50, F|100/100
|turn|5
|
|t:|1756660536
|move|p2a: Volcarona|Protect|p2a: Volcarona
|-singleturn|p2a: Volcarona|Protect
|move|p2b: Kingambit|Protect|p2b: Kingambit
|-singleturn|p2b: Kingambit|Protect
|move|p1b: Excadrill|Earthquake|p2b: Kingambit|[spread] 
|-activate|p2a: Volcarona|move: Protect
|-activate|p2b: Kingambit|move: Protect
|
|-weather|none
|upkeep
|turn|6
|
|t:|1756660551
|move|p1b: Excadrill|Swords Dance|p1b: Excadrill
|-boost|p1b: Excadrill|atk|2
|move|p2a: Volcarona|Heat Wave|p1b: Excadrill
|-supereffective|p1b: Excadrill
|-enditem|p1b: Excadrill|Focus Sash
|-damage|p1b: Excadrill|1/100
|move|p2b: Kingambit|Kowtow Cleave|p1b: Excadrill
|-damage|p1b: Excadrill|0 fnt
|faint|p1b: Excadrill
|
|win|draco misses
||draco misses is ready for game 2.
|inactive|snailboss has 30 seconds to confirm battle start!
