|j|☆i love all turtles
|j|‽Cl tk tk go to
|html|i love all turtlesCl tk tk go to    
|uhtml|bestof|Game 1 of a best-of-3
|t:|1785751986
|gametype|doubles
|player|p1|i love all turtles|volkner|1076
|player|p2|Cl tk tk go to|cynthia-gen4|1000
|gen|9
|tier|[Gen 9 Champions] VGC 2026 Reg M-B (Bo3)
|rated|
|rule|Species Clause: Limit one of each Pokémon
|rule|Item Clause: Limit 1 of each item
|clearpoke
|poke|p1|Froslass, L50, F|
|poke|p1|Basculegion, L50, M|
|poke|p1|Kingambit, L50, M|
|poke|p1|Sneasler, L50, M|
|poke|p1|Lycanroc-Dusk, L50, M|
|poke|p1|Scovillain, L50, F, shiny|
|poke|p2|Mawile, L50, F|
|poke|p2|Farigiraf, L50, M|
|poke|p2|Charizard, L50, M|
|poke|p2|Garchomp, L50, F|
|poke|p2|Whimsicott, L50, F|
|poke|p2|Incineroar, L50, F|
|teampreview|4
|showteam|p1|Froslass||Froslassite|CursedBody|Blizzard,ShadowBall,AuroraVeil,Protect|Timid||F|||50|]Basculegion||SitrusBerry|Adaptability|WaveCrash,LastRespects,AquaJet,Protect|Adamant||M|||50|]Kingambit||LifeOrb|Defiant|KowtowCleave,SuckerPunch,SwordsDance,Protect|Adamant||M|||50|]Sneasler||WhiteHerb|Unburden|CloseCombat,GunkShot,Protect,FakeOut|Adamant||M|||50|]Lycanroc-Dusk||FocusSash|ToughClaws|CloseCombat,Accelerock,RockSlide,Protect|Adamant||M|||50|]Scovillain||Scovillainite|Moody|GigaDrain,Overheat,RagePowder,Protect|Bold||F|||50|
|showteam|p2|Mawile||Mawilite|HyperCutter|Protect,IronHead,SuckerPunch,PlayRough|Brave||F|||50|]Farigiraf||SitrusBerry|ArmorTail|TrickRoom,Psychic,Thunderbolt,HelpingHand|Bold||M|||50|]Charizard||CharizarditeY|SolarPower|Protect,HeatWave,SolarBeam,WeatherBall|Modest||M|||50|]Garchomp||ChoiceScarf|RoughSkin|DragonClaw,RockSlide,StompingTantrum,Earthquake|Adamant||F|||50|]Whimsicott||FocusSash|Prankster|Protect,Moonblast,Encore,Tailwind|Timid||F|||50|]Incineroar||ChopleBerry|Intimidate|FakeOut,FlareBlitz,DarkestLariat,PartingShot|Adamant||F|||50|
|inactive|Battle timer is ON: inactive players will automatically lose when time's up. (requested by Cl tk tk go to)
|inactive|i love all turtles has 60 seconds left.
|inactive|Cl tk tk go to has 60 seconds left.
|
|t:|1785752037
|teamsize|p1|4
|teamsize|p2|4
|start
|switch|p1a: Froslass|Froslass, L50, F|100/100
|switch|p1b: Kingambit|Kingambit, L50, M|100/100
|switch|p2a: Incineroar|Incineroar, L50, F|100/100
|switch|p2b: Whimsicott|Whimsicott, L50, F|100/100
|-ability|p2a: Incineroar|Intimidate|boost
|-unboost|p1a: Froslass|atk|1
|-unboost|p1b: Kingambit|atk|1
|-ability|p1b: Kingambit|Defiant|boost
|-boost|p1b: Kingambit|atk|2
|turn|1
|inactive|i love all turtles has 30 seconds left.
|
|t:|1785752065
|detailschange|p1a: Froslass|Froslass-Mega, L50, F
|-mega|p1a: Froslass|Froslass|Froslassite
|-weather|Snowscape|[from] ability: Snow Warning|[of] p1a: Froslass
|move|p2a: Incineroar|Fake Out|p1b: Kingambit
|-resisted|p1b: Kingambit|1
|-damage|p1b: Kingambit|95/100
|move|p2b: Whimsicott|Tailwind|p2b: Whimsicott
|-sidestart|p2: Cl tk tk go to|move: Tailwind
|move|p1a: Froslass|Aurora Veil|p1a: Froslass
|-sidestart|p1: i love all turtles|move: Aurora Veil
|cant|p1b: Kingambit|flinch
|
|-weather|Snowscape|[upkeep]
|upkeep
|turn|2
|
|t:|1785752089
|switch|p1a: Basculegion|Basculegion, L50, M|100/100
|move|p1b: Kingambit|Protect|p1b: Kingambit
|-singleturn|p1b: Kingambit|Protect
|move|p2b: Whimsicott|Encore||[still]
|-fail|p2b: Whimsicott
|move|p2a: Incineroar|Flare Blitz|p1a: Basculegion
|-resisted|p1a: Basculegion|1
|-damage|p1a: Basculegion|83/100
|-damage|p2a: Incineroar|94/100|[from] Recoil
|
|-weather|Snowscape|[upkeep]
|upkeep
|turn|3
|
|t:|1785752108
|move|p2b: Whimsicott|Protect|p2b: Whimsicott
|-singleturn|p2b: Whimsicott|Protect
|move|p2a: Incineroar|Darkest Lariat|p1a: Basculegion
|-supereffective|p1a: Basculegion|1
|-crit|p1a: Basculegion
|-damage|p1a: Basculegion|0 fnt
|faint|p1a: Basculegion
|move|p1b: Kingambit|Kowtow Cleave|p2a: Incineroar
|-resisted|p2a: Incineroar|1
|-damage|p2a: Incineroar|53/100
|-damage|p1b: Kingambit|85/100|[from] item: Life Orb
|
|-weather|Snowscape|[upkeep]
|upkeep
|
|t:|1785752117
|switch|p1a: Lycanroc|Lycanroc-Dusk, L50, M|100/100
|turn|4
|
|t:|1785752139
|move|p2b: Whimsicott|Encore|p1b: Kingambit
|-hint|Since gen 7, Dark is immune to Prankster moves.
|-immune|p1b: Kingambit
|move|p1a: Lycanroc|Rock Slide|p2a: Incineroar|[spread] p2a
|-miss|p1a: Lycanroc|p2b: Whimsicott
|-supereffective|p2a: Incineroar|1
|-damage|p2a: Incineroar|2/100
|cant|p2a: Incineroar|flinch
|move|p1b: Kingambit|Kowtow Cleave|p2a: Incineroar
|-resisted|p2a: Incineroar|1
|-damage|p2a: Incineroar|0 fnt
|faint|p2a: Incineroar
|-damage|p1b: Kingambit|76/100|[from] item: Life Orb
|
|-weather|Snowscape|[upkeep]
|-sideend|p2: Cl tk tk go to|move: Tailwind
|upkeep
|inactive|Cl tk tk go to has 30 seconds left.
|
|t:|1785752165
|switch|p2a: Garchomp|Garchomp, L50, F|100/100
|turn|5
|
|t:|1785752181
|move|p1b: Kingambit|Protect|p1b: Kingambit
|-singleturn|p1b: Kingambit|Protect
|move|p2b: Whimsicott|Tailwind|p2b: Whimsicott
|-sidestart|p2: Cl tk tk go to|move: Tailwind
|move|p2a: Garchomp|Earthquake|p1a: Lycanroc|[spread] p2b,p1a
|-activate|p1b: Kingambit|move: Protect
|-resisted|p2b: Whimsicott|1
|-supereffective|p1a: Lycanroc|1
|-damage|p2b: Whimsicott|64/100
|-damage|p1a: Lycanroc|1/100
|move|p1a: Lycanroc|Rock Slide|p2b: Whimsicott|[spread] p2a,p2b
|-resisted|p2a: Garchomp|1
|-damage|p2a: Garchomp|85/100
|-damage|p2b: Whimsicott|18/100
|
|-weather|none
|-sideend|p1: i love all turtles|move: Aurora Veil
|upkeep
|turn|6
|
|t:|1785752203
|switch|p2b: Charizard|Charizard, L50, M|100/100
|move|p1a: Lycanroc|Accelerock|p2b: Charizard
|-supereffective|p2b: Charizard|2
|-damage|p2b: Charizard|0 fnt
|faint|p2b: Charizard
|move|p2a: Garchomp|Earthquake|p1a: Lycanroc|[spread] p1a,p1b
|-supereffective|p1a: Lycanroc|1
|-supereffective|p1b: Kingambit|1
|-damage|p1a: Lycanroc|0 fnt
|-damage|p1b: Kingambit|11/100
|faint|p1a: Lycanroc
|move|p1b: Kingambit|Kowtow Cleave|p2a: Garchomp
|-damage|p2a: Garchomp|0 fnt
|-damage|p1b: Kingambit|0 fnt|[from] ability: Rough Skin|[of] p2a: Garchomp
|faint|p2a: Garchomp
|faint|p1b: Kingambit
|
|upkeep
|-message|Cl tk tk go to forfeited.
|raw|i love all turtles's rating: 1076 → 1098(+22 for winning)
|raw|Cl tk tk go to's rating: 1000 → 1000(+0 for losing)
|
|win|i love all turtles
