|j|☆bomabflat
|j|☆Crow1998
|html|bomabflatCrow1998    
|uhtml|bestof|Game 1 of a best-of-3
|t:|1785247407
|gametype|doubles
|player|p1|bomabflat|169|1098
|player|p2|Crow1998|102|1000
|gen|9
|tier|[Gen 9 Champions] VGC 2026 Reg M-B (Bo3)
|rated|
|rule|Species Clause: Limit one of each Pokémon
|rule|Item Clause: Limit 1 of each item
|clearpoke
|poke|p1|Musharna, L50, F|
|poke|p1|Cofagrigus, L50, M, shiny|
|poke|p1|Kingambit, L50, M|
|poke|p1|Torkoal, L50, F|
|poke|p1|Ampharos, L50, M|
|poke|p1|Farigiraf, L50, M|
|poke|p2|Tyranitar, L50, F|
|poke|p2|Excadrill, L50, M|
|poke|p2|Gholdengo, L50|
|poke|p2|Staraptor, L50, F|
|poke|p2|Milotic, L50, M|
|poke|p2|Sinistcha, L50|
|teampreview|4
|showteam|p1|Musharna||SitrusBerry|Telepathy|TrickRoom,Protect,HelpingHand,Psychic|Relaxed||F|||50|]Cofagrigus||BlackBelt|Mummy|TrickRoom,BodyPress,Protect,DestinyBond|Relaxed||M|||50|]Kingambit||FocusSash|Defiant|KowtowCleave,IronHead,BrickBreak,Protect|Brave||M|||50|]Torkoal||Charcoal|Drought|Eruption,SolarBeam,Protect,EarthPower|Quiet||F|||50|]Ampharos||Ampharosite|Static|Discharge,DragonPulse,Thunderbolt,Protect|Quiet||M|||50|]Farigiraf||ColburBerry|ArmorTail|HyperVoice,TrickRoom,ShadowBall,Protect|Quiet||M|||50|
|showteam|p2|Tyranitar||Tyranitarite|SandStream|KnockOff,RockSlide,LowKick,Protect|Adamant||F|||50|]Excadrill||FocusSash|SandRush|HighHorsepower,IronHead,RockSlide,Protect|Adamant||M|||50|]Gholdengo||LifeOrb|GoodasGold|MakeItRain,ShadowBall,NastyPlot,Protect|Modest|||||50|]Staraptor||Staraptite|Intimidate|CloseCombat,BraveBird,Tailwind,Protect|Jolly||F|||50|]Milotic||SitrusBerry|Competitive|Scald,IcyWind,IceBeam,Recover|Modest||M|||50|]Sinistcha||ColburBerry|Hospitality|MatchaGotcha,RagePowder,Protect,TrickRoom|Bold|||||50|
|inactive|Battle timer is ON: inactive players will automatically lose when time's up. (requested by bomabflat)
|inactive|Crow1998 has 60 seconds left.
|inactive|Crow1998 has 30 seconds left.
|inactive|Crow1998 has 20 seconds left.
|inactive|Crow1998 has 15 seconds left.
|
|t:|1785247524
|teamsize|p1|4
|teamsize|p2|4
|start
|switch|p1a: Farigiraf|Farigiraf, L50, M|100/100
|switch|p1b: Kingambit|Kingambit, L50, M|100/100
|switch|p2a: Tyranitar|Tyranitar, L50, F|100/100
|switch|p2b: Excadrill|Excadrill, L50, M|100/100
|-weather|Sandstorm|[from] ability: Sand Stream|[of] p2a: Tyranitar
|turn|1
|inactive|bomabflat has 30 seconds left.
|inactive|Crow1998 has 30 seconds left.
|inactive|bomabflat has 20 seconds left.
|inactive|Crow1998 has 20 seconds left.
|inactive|Crow1998 has 15 seconds left.
|
|t:|1785247568
|move|p1b: Kingambit|Protect|p1b: Kingambit
|-singleturn|p1b: Kingambit|Protect
|move|p2b: Excadrill|High Horsepower|p1b: Kingambit
|-activate|p1b: Kingambit|move: Protect
|move|p2a: Tyranitar|Rock Slide|p1b: Kingambit|[spread] p1a
|-activate|p1b: Kingambit|move: Protect
|-damage|p1a: Farigiraf|65/100
|move|p1a: Farigiraf|Trick Room|p1a: Farigiraf
|-fieldstart|move: Trick Room|[of] p1a: Farigiraf
|
|-weather|Sandstorm|[upkeep]
|-damage|p1a: Farigiraf|59/100|[from] Sandstorm
|upkeep
|turn|2
|inactive|Crow1998 has 30 seconds left.
|
|t:|1785247597
|move|p2a: Tyranitar|Protect|p2a: Tyranitar
|-singleturn|p2a: Tyranitar|Protect
|move|p1b: Kingambit|Brick Break|p2a: Tyranitar
|-activate|p2a: Tyranitar|move: Protect
|move|p1a: Farigiraf|Shadow Ball|p2b: Excadrill
|-damage|p2b: Excadrill|60/100
|-unboost|p2b: Excadrill|spd|1
|move|p2b: Excadrill|High Horsepower|p1b: Kingambit
|-supereffective|p1b: Kingambit|1
|-crit|p1b: Kingambit
|-enditem|p1b: Kingambit|Focus Sash
|-damage|p1b: Kingambit|1/100
|
|-weather|Sandstorm|[upkeep]
|-damage|p1a: Farigiraf|53/100|[from] Sandstorm
|upkeep
|turn|3
|inactive|Crow1998 has 30 seconds left.
|
|t:|1785247631
|switch|p2a: Milotic|Milotic, L50, M|100/100
|move|p2b: Excadrill|Protect|p2b: Excadrill
|-singleturn|p2b: Excadrill|Protect
|move|p1b: Kingambit|Brick Break|p2a: Milotic
|-damage|p2a: Milotic|68/100
|move|p1a: Farigiraf|Shadow Ball|p2b: Excadrill
|-activate|p2b: Excadrill|move: Protect
|
|-weather|Sandstorm|[upkeep]
|-damage|p1a: Farigiraf|47/100|[from] Sandstorm
|-damage|p2a: Milotic|62/100|[from] Sandstorm
|upkeep
|turn|4
|inactive|Crow1998 has 30 seconds left.
|
|t:|1785247657
|move|p1b: Kingambit|Kowtow Cleave|p2a: Milotic
|-damage|p2a: Milotic|9/100
|-enditem|p2a: Milotic|Sitrus Berry|[eat]
|-heal|p2a: Milotic|34/100|[from] item: Sitrus Berry
|move|p1a: Farigiraf|Shadow Ball|p2b: Excadrill
|-damage|p2b: Excadrill|7/100
|move|p2a: Milotic|Recover|p2a: Milotic
|-heal|p2a: Milotic|84/100
|move|p2b: Excadrill|Rock Slide|p1b: Kingambit|[spread] p1a,p1b
|-resisted|p1b: Kingambit|1
|-damage|p1a: Farigiraf|25/100
|-damage|p1b: Kingambit|0 fnt
|faint|p1b: Kingambit
|
|-weather|Sandstorm|[upkeep]
|-damage|p1a: Farigiraf|19/100|[from] Sandstorm
|-damage|p2a: Milotic|78/100|[from] Sandstorm
|upkeep
|
|t:|1785247672
|switch|p1b: Cofagrigus|Cofagrigus, L50, M, shiny|100/100
|turn|5
|
|t:|1785247696
|move|p2b: Excadrill|Protect|p2b: Excadrill
|-singleturn|p2b: Excadrill|Protect
|move|p1b: Cofagrigus|Destiny Bond|p1b: Cofagrigus
|-singlemove|p1b: Cofagrigus|Destiny Bond
|move|p1a: Farigiraf|Hyper Voice|p2b: Excadrill|[spread] p2a
|-activate|p2b: Excadrill|move: Protect
|-damage|p2a: Milotic|50/100g
|move|p2a: Milotic|Scald|p1b: Cofagrigus
|-damage|p1b: Cofagrigus|66/100
|
|-weather|none
|-fieldend|move: Trick Room
|upkeep
|turn|6
|
|t:|1785247715
|move|p1a: Farigiraf|Protect|p1a: Farigiraf
|-singleturn|p1a: Farigiraf|Protect
|move|p2b: Excadrill|Rock Slide|p1b: Cofagrigus|[spread] p1b
|-activate|p1a: Farigiraf|move: Protect
|-damage|p1b: Cofagrigus|53/100
|move|p2a: Milotic|Scald|p1b: Cofagrigus
|-damage|p1b: Cofagrigus|21/100
|cant|p1b: Cofagrigus|flinch
|
|upkeep
|turn|7
|
|t:|1785247738
|move|p2b: Excadrill|High Horsepower|p1a: Farigiraf
|-damage|p1a: Farigiraf|0 fnt
|faint|p1a: Farigiraf
|move|p2a: Milotic|Scald|p1b: Cofagrigus
|-damage|p1b: Cofagrigus|0 fnt
|faint|p1b: Cofagrigus
|
|upkeep
|
|t:|1785247747
|switch|p1b: Ampharos|Ampharos, L50, M|100/100
|turn|8
|
|t:|1785247756
|switch|p2a: Tyranitar|Tyranitar, L50, F|100/100
|-weather|Sandstorm|[from] ability: Sand Stream|[of] p2a: Tyranitar
|detailschange|p1b: Ampharos|Ampharos-Mega, L50, M
|-mega|p1b: Ampharos|Ampharos|Ampharosite
|-ability|p1b: Ampharos|Mold Breaker
|move|p2b: Excadrill|High Horsepower|p1b: Ampharos
|-supereffective|p1b: Ampharos|1
|-damage|p1b: Ampharos|8/100
|move|p1b: Ampharos|Thunderbolt|p2a: Tyranitar
|-damage|p2a: Tyranitar|60/100
|
|-weather|Sandstorm|[upkeep]
|-damage|p1b: Ampharos|2/100|[from] Sandstorm
|upkeep
|turn|9
|-message|bomabflat forfeited.
|
|win|Crow1998
|l|☆bomabflat
|player|p1|
||bomabflat is ready for game 2.
|inactive|Crow1998 has 30 seconds to confirm battle start!
|j|☆bomabflat
|player|p1|bomabflat|169|
