|j|☆breloomb01
|j|☆adjnorr
|html|breloomb01adjnorr    
|uhtml|bestof|Game 3 of a best-of-3
|t:|1785364228
|gametype|doubles
|player|p1|breloomb01|roughneck|1159
|player|p2|adjnorr|169|1160
|gen|9
|tier|[Gen 9 Champions] VGC 2026 Reg M-B (Bo3)
|rated|
|rule|Species Clause: Limit one of each Pokémon
|rule|Item Clause: Limit 1 of each item
|clearpoke
|poke|p1|Floette-Eternal, L50, F|
|poke|p1|Incineroar, L50, F|
|poke|p1|Sinistcha, L50|
|poke|p1|Garchomp, L50, M|
|poke|p1|Sneasler, L50, M|
|poke|p1|Rotom-Wash, L50|
|poke|p2|Staraptor, L50, F|
|poke|p2|Delphox, L50, F|
|poke|p2|Whimsicott, L50, F|
|poke|p2|Glimmora, L50, F|
|poke|p2|Garchomp, L50, M|
|poke|p2|Kingambit, L50, M|
|teampreview|4
|showteam|p1|Floette-Eternal||Floettite|FlowerVeil|DrainingKiss,DazzlingGleam,CalmMind,Protect|Modest||F|||50|]Incineroar||SitrusBerry|Intimidate|FakeOut,FlareBlitz,ThroatChop,PartingShot|Careful||F|||50|]Sinistcha||KasibBerry|Hospitality|Protect,RagePowder,MatchaGotcha,TrickRoom|Calm|||||50|]Garchomp||LifeOrb|RoughSkin|Earthquake,DragonClaw,RockSlide,Protect|Jolly||M|||50|]Sneasler||FocusSash|PoisonTouch|FakeOut,DireClaw,CloseCombat,Protect|Jolly||M|||50|]Rotom-Wash||Leftovers|Levitate|HydroPump,Protect,WillOWisp,Electroweb|Bold|||||50|
|showteam|p2|Staraptor||Staraptite|Intimidate|BraveBird,CloseCombat,Roost,Protect|Jolly||F|||50|]Delphox||Delphoxite|Blaze|HeatWave,Psychic,Encore,Protect|Timid||F|||50|]Whimsicott||OccaBerry|Prankster|Moonblast,Tailwind,Charm,LightScreen|Timid||F|||50|]Glimmora||FocusSash|ToxicDebris|PowerGem,SludgeBomb,EarthPower,SpikyShield|Timid||F|||50|]Garchomp||LifeOrb|RoughSkin|DragonClaw,Earthquake,RockSlide,Protect|Jolly||M|||50|]Kingambit||ChopleBerry|Defiant|KowtowCleave,IronHead,SuckerPunch,LowKick|Adamant||M|||50|
|c|☆breloomb01|Btw you click protect and you win there
|
|t:|1785364250
|teamsize|p1|4
|teamsize|p2|4
|start
|switch|p1a: Garchomp|Garchomp, L50, M|100/100
|switch|p1b: Rotom|Rotom-Wash, L50|100/100
|switch|p2a: Whimsicott|Whimsicott, L50, F|100/100
|switch|p2b: Glimmora|Glimmora, L50, F|100/100
|turn|1
|
|t:|1785364267
|move|p2b: Glimmora|Spiky Shield|p2b: Glimmora
|-singleturn|p2b: Glimmora|move: Protect
|move|p2a: Whimsicott|Tailwind|p2a: Whimsicott
|-sidestart|p2: adjnorr|move: Tailwind
|move|p1a: Garchomp|Earthquake|p2b: Glimmora|[spread] p2a
|-activate|p2b: Glimmora|move: Protect
|-immune|p1b: Rotom|[from] ability: Levitate
|-resisted|p2a: Whimsicott|1
|-damage|p2a: Whimsicott|70/100
|-damage|p1a: Garchomp|90/100|[from] item: Life Orb
|move|p1b: Rotom|Electroweb|p2a: Whimsicott|[spread] p2a
|-activate|p2b: Glimmora|move: Protect
|-resisted|p2a: Whimsicott|1
|-damage|p2a: Whimsicott|61/100
|-unboost|p2a: Whimsicott|spe|1
|
|upkeep
|turn|2
|
|t:|1785364306
|move|p1a: Garchomp|Protect|p1a: Garchomp
|-singleturn|p1a: Garchomp|Protect
|move|p2b: Glimmora|Earth Power|p1a: Garchomp
|-activate|p1a: Garchomp|move: Protect
|move|p2a: Whimsicott|Moonblast|p1a: Garchomp
|-activate|p1a: Garchomp|move: Protect
|move|p1b: Rotom|Electroweb|p2a: Whimsicott|[spread] p2a,p2b
|-resisted|p2a: Whimsicott|1
|-crit|p2b: Glimmora
|-damage|p2a: Whimsicott|52/100
|-damage|p2b: Glimmora|71/100
|-unboost|p2a: Whimsicott|spe|1
|-unboost|p2b: Glimmora|spe|1
|
|upkeep
|turn|3
|
|t:|1785364314
|switch|p2b: Kingambit|Kingambit, L50, M|100/100
|switch|p1a: Sinistcha|Sinistcha, L50|100/100
|move|p2a: Whimsicott|Charm|p1a: Sinistcha
|-unboost|p1a: Sinistcha|atk|2
|move|p1b: Rotom|Hydro Pump|p2b: Kingambit|[miss]
|-miss|p1b: Rotom|p2b: Kingambit
|
|upkeep
|turn|4
|
|t:|1785364329
|switch|p1a: Floette|Floette-Eternal, L50, F|100/100
|move|p2a: Whimsicott|Light Screen|p2a: Whimsicott
|-sidestart|p2: adjnorr|move: Light Screen
|move|p2b: Kingambit|Kowtow Cleave|p1b: Rotom
|-damage|p1b: Rotom|54/100
|move|p1b: Rotom|Will-O-Wisp|p2b: Kingambit
|-status|p2b: Kingambit|brn
|
|-heal|p1b: Rotom|60/100|[from] item: Leftovers
|-damage|p2b: Kingambit|94/100 brn|[from] brn
|-sideend|p2: adjnorr|move: Tailwind
|upkeep
|turn|5
|
|t:|1785364347
|detailschange|p1a: Floette|Floette-Mega, L50, F
|-mega|p1a: Floette|Floette|Floettite
|-ability|p1a: Floette|Fairy Aura
|move|p1a: Floette|Calm Mind|p1a: Floette
|-boost|p1a: Floette|spa|1
|-boost|p1a: Floette|spd|1
|move|p1b: Rotom|Will-O-Wisp|p2a: Whimsicott
|-status|p2a: Whimsicott|brn
|move|p2a: Whimsicott|Moonblast|p1a: Floette
|-damage|p1a: Floette|81/100
|move|p2b: Kingambit|Iron Head|p1a: Floette
|-supereffective|p1a: Floette|1
|-damage|p1a: Floette|32/100
|
|-heal|p1b: Rotom|66/100|[from] item: Leftovers
|-damage|p2a: Whimsicott|46/100 brn|[from] brn
|-damage|p2b: Kingambit|88/100 brn|[from] brn
|upkeep
|turn|6
|
|t:|1785364366
|switch|p1b: Sinistcha|Sinistcha, L50|100/100
|-heal|p1a: Floette|56/100|[from] ability: Hospitality|[of] p1b: Sinistcha
|move|p2a: Whimsicott|Tailwind|p2a: Whimsicott
|-sidestart|p2: adjnorr|move: Tailwind
|move|p2b: Kingambit|Iron Head|p1a: Floette
|-supereffective|p1a: Floette|1
|-damage|p1a: Floette|5/100
|cant|p1a: Floette|flinch
|
|-damage|p2a: Whimsicott|40/100 brn|[from] brn
|-damage|p2b: Kingambit|82/100 brn|[from] brn
|upkeep
|turn|7
|
|t:|1785364379
|move|p1b: Sinistcha|Rage Powder|p1b: Sinistcha
|-singleturn|p1b: Sinistcha|move: Rage Powder
|move|p2a: Whimsicott|Moonblast|p1a: Floette
|-damage|p1a: Floette|0 fnt
|faint|p1a: Floette
|move|p2b: Kingambit|Kowtow Cleave|p1b: Sinistcha
|-supereffective|p1b: Sinistcha|1
|-damage|p1b: Sinistcha|55/100
|
|-damage|p2a: Whimsicott|35/100 brn|[from] brn
|-damage|p2b: Kingambit|76/100 brn|[from] brn
|upkeep
|
|t:|1785364390
|switch|p1a: Garchomp|Garchomp, L50, M|90/100
|turn|8
|
|t:|1785364399
|move|p1a: Garchomp|Protect|p1a: Garchomp
|-singleturn|p1a: Garchomp|Protect
|move|p2a: Whimsicott|Moonblast|p1a: Garchomp
|-activate|p1a: Garchomp|move: Protect
|move|p2b: Kingambit|Kowtow Cleave|p1a: Garchomp
|-activate|p1a: Garchomp|move: Protect
|move|p1b: Sinistcha|Trick Room|p1b: Sinistcha
|-fieldstart|move: Trick Room|[of] p1b: Sinistcha
|
|-damage|p2b: Kingambit|71/100 brn|[from] brn
|-damage|p2a: Whimsicott|29/100 brn|[from] brn
|-sideend|p2: adjnorr|move: Light Screen
|upkeep
|turn|9
|
|t:|1785364413
|switch|p1b: Rotom|Rotom-Wash, L50|66/100
|move|p2b: Kingambit|Kowtow Cleave|p1b: Rotom
|-damage|p1b: Rotom|43/100
|move|p1a: Garchomp|Earthquake|p2a: Whimsicott|[spread] p2a,p2b
|-immune|p1b: Rotom|[from] ability: Levitate
|-resisted|p2a: Whimsicott|1
|-supereffective|p2b: Kingambit|1
|-damage|p2a: Whimsicott|0 fnt
|-damage|p2b: Kingambit|0 fnt
|faint|p2a: Whimsicott
|faint|p2b: Kingambit
|-damage|p1a: Garchomp|80/100|[from] item: Life Orb
|
|-heal|p1b: Rotom|49/100|[from] item: Leftovers
|-sideend|p2: adjnorr|move: Tailwind
|upkeep
|
|t:|1785364422
|switch|p2b: Glimmora|Glimmora, L50, F|71/100
|switch|p2a: Delphox|Delphox, L50, F|100/100
|turn|10
|
|t:|1785364449
|detailschange|p2a: Delphox|Delphox-Mega, L50, F
|-mega|p2a: Delphox|Delphox|Delphoxite
|move|p2b: Glimmora|Spiky Shield|p2b: Glimmora
|-singleturn|p2b: Glimmora|move: Protect
|move|p1b: Rotom|Hydro Pump|p2a: Delphox
|-supereffective|p2a: Delphox|1
|-damage|p2a: Delphox|22/100
|move|p1a: Garchomp|Earthquake|p2b: Glimmora|[spread] 
|-activate|p2b: Glimmora|move: Protect
|-immune|p1b: Rotom|[from] ability: Levitate
|-immune|p2a: Delphox|[from] ability: Levitate
|move|p2a: Delphox|Psychic|p1b: Rotom
|-damage|p1b: Rotom|1/100
|
|-heal|p1b: Rotom|7/100|[from] item: Leftovers
|upkeep
|turn|11
|
|t:|1785364468
|move|p1b: Rotom|Hydro Pump|p2b: Glimmora|[miss]
|-miss|p1b: Rotom|p2b: Glimmora
|move|p2b: Glimmora|Earth Power|p1a: Garchomp
|-damage|p1a: Garchomp|43/100
|move|p1a: Garchomp|Rock Slide|p2a: Delphox|[spread] p2a,p2b
|-supereffective|p2a: Delphox|1
|-damage|p2a: Delphox|0 fnt
|-damage|p2b: Glimmora|40/100
|-activate|p2b: Glimmora|ability: Toxic Debris
|-sidestart|p1: breloomb01|move: Toxic Spikes
|faint|p2a: Delphox
|-damage|p1a: Garchomp|33/100|[from] item: Life Orb
|
|-heal|p1b: Rotom|13/100|[from] item: Leftovers
|upkeep
|turn|12
|
|t:|1785364474
|move|p2b: Glimmora|Spiky Shield|p2b: Glimmora
|-singleturn|p2b: Glimmora|move: Protect
|move|p1b: Rotom|Hydro Pump|p2b: Glimmora
|-activate|p2b: Glimmora|move: Protect
|move|p1a: Garchomp|Earthquake|p2b: Glimmora|[spread] 
|-activate|p2b: Glimmora|move: Protect
|-immune|p1b: Rotom|[from] ability: Levitate
|
|-heal|p1b: Rotom|18/100|[from] item: Leftovers
|-fieldend|move: Trick Room
|upkeep
|turn|13
|
|t:|1785364480
|move|p1a: Garchomp|Earthquake|p2b: Glimmora|[spread] p2b
|-immune|p1b: Rotom|[from] ability: Levitate
|-supereffective|p2b: Glimmora|2
|-damage|p2b: Glimmora|0 fnt
|-activate|p2b: Glimmora|ability: Toxic Debris
|-sidestart|p1: breloomb01|move: Toxic Spikes
|faint|p2b: Glimmora
|-damage|p1a: Garchomp|23/100|[from] item: Life Orb
|
|win|breloomb01
|raw|breloomb01's rating: 1159 → 1184(+25 for winning)
|raw|adjnorr's rating: 1160 → 1135(-25 for losing)
|c|☆breloomb01|Ggs
|l|☆adjnorr
|player|p2|
