|j|â˜†Tbigongue
|j|â˜†atealcoloredcat
|html|Tbigongueatealcoloredcat    
|uhtml|bestof|Game 2 of a best-of-3
|t:|1783552253
|gametype|doubles
|player|p1|Tbigongue|265|
|player|p2|atealcoloredcat|1|
|gen|9
|tier|[Gen 9 Champions] VGC 2026 Reg M-B (Bo3)
|rule|Species Clause: Limit one of each PokÃ©mon
|rule|Item Clause: Limit 1 of each item
|clearpoke
|poke|p1|Malamar, L50, M|
|poke|p1|Weavile, L50, M|
|poke|p1|Aromatisse, L50, F|
|poke|p1|Gliscor, L50, M|
|poke|p1|Volcarona, L50, F|
|poke|p1|Toucannon, L50, M|
|poke|p2|Incineroar, L50, M|
|poke|p2|Farigiraf, L50, F|
|poke|p2|Meowstic, L50, M|
|poke|p2|Delphox, L50, M|
|poke|p2|Armarouge, L50, M|
|poke|p2|Espathra, L50, F|
|teampreview|4
|showteam|p1|Malamar||Malamarite|Contrary|KnockOff,Superpower,Protect,Taunt|Jolly||M|||50|]Weavile||FocusSash|Pickpocket|FakeOut,KnockOff,Protect,FakeTears|Jolly||M|||50|]Aromatisse||Leftovers|AromaVeil|AfterYou,Encore,Moonblast,Charm|Sassy||F|||50|]Gliscor||ExpertBelt|HyperCutter|HighHorsepower,Tailwind,Crunch,SwordsDance|Adamant||M|||50|]Volcarona||SitrusBerry|FlameBody|BugBuzz,HeatWave,RagePowder,Protect|Modest||F|||50|]Toucannon||BrightPowder|KeenEye|Overheat,Tailwind,BeakBlast,Encore|Careful||M|||50|
|showteam|p2|Incineroar||SitrusBerry|Blaze|FakeOut,FlareBlitz,CloseCombat,DarkestLariat|Brave||M|||50|]Farigiraf||ColburBerry|ArmorTail|PsychicTerrain,HelpingHand,TrickRoom,HyperVoice|Quiet||F|||50|]Meowstic||Meowsticite|Prankster|SunnyDay,PsychicTerrain,ExpandingForce,FakeOut|Serious||M|||50|]Delphox||Delphoxite|Blaze|HeatWave,Psychic,NastyPlot,Protect|Timid||M|||50|]Armarouge||LifeOrb|WeakArmor|ExpandingForce,Endure,ArmorCannon,StoredPower|Bold||M|||50|]Espathra||Leftovers|SpeedBoost|CalmMind,StoredPower,DazzlingGleam,Protect|Modest||F|||50|
|j| Zygobos
|c| Zygobos|SHIT ON EM CYAN
|j| 2mero
|c| Zygobos|Aromatisse I did not know you had this much game
|
|t:|1783552311
|teamsize|p1|4
|teamsize|p2|4
|start
|switch|p1a: Gliscor|Gliscor, L50, M|100/100
|switch|p1b: Toucannon|Toucannon, L50, M|100/100
|switch|p2a: THE Ps Ps Psychic|Meowstic, L50, M|100/100
|switch|p2b: Delphox|Delphox, L50, M|100/100
|turn|1
|c|â˜†Tbigongue|my second most hated mon
|c| Zygobos|Oh shit we're beaking it
|c|â˜†Tbigongue|but he got some juice
|
|t:|1783552344
|detailschange|p2b: Delphox|Delphox-Mega, L50, M
|-mega|p2b: Delphox|Delphox|Delphoxite
|move|p2a: THE Ps Ps Psychic|Sunny Day|p2a: THE Ps Ps Psychic
|-weather|SunnyDay
|move|p2b: Delphox|Heat Wave|p1a: Gliscor|[spread] p1a,p1b
|-damage|p1a: Gliscor|15/100
|-damage|p1b: Toucannon|44/100
|move|p1a: Gliscor|Swords Dance|p1a: Gliscor
|-boost|p1a: Gliscor|atk|2
|move|p1b: Toucannon|Tailwind|p1b: Toucannon
|-sidestart|p1: Tbigongue|move: Tailwind
|
|-weather|SunnyDay|[upkeep]
|upkeep
|turn|2
|c| Zygobos|Nah fuck your set big T
|
|t:|1783552372
|move|p2a: THE Ps Ps Psychic|Psychic Terrain|p2a: THE Ps Ps Psychic
|-fieldstart|move: Psychic Terrain
|move|p1a: Gliscor|Crunch|p2b: Delphox
|-supereffective|p2b: Delphox|1
|-damage|p2b: Delphox|0 fnt
|faint|p2b: Delphox
|move|p1b: Toucannon|Overheat|p2a: THE Ps Ps Psychic|[miss]
|-miss|p1b: Toucannon|p2a: THE Ps Ps Psychic
|
|-weather|SunnyDay|[upkeep]
|upkeep
|c|â˜†Tbigongue|lmao
|
|t:|1783552389
|switch|p2b: Lady Gagita|Espathra, L50, F|100/100
|turn|3
|c|â˜†Tbigongue|over heat was for the potential avallug trick room
|c|â˜†Tbigongue|that scared me
|
|t:|1783552403
|switch|p2a: THE GOAT|Incineroar, L50, M|100/100
|move|p2b: Lady Gagita|Protect|p2b: Lady Gagita
|-singleturn|p2b: Lady Gagita|Protect
|move|p1a: Gliscor|Crunch|p2a: THE GOAT
|-resisted|p2a: THE GOAT|1
|-damage|p2a: THE GOAT|75/100
|move|p1b: Toucannon|Overheat|p2b: Lady Gagita
|-activate|p2b: Lady Gagita|move: Protect
|
|-weather|SunnyDay|[upkeep]
|-ability|p2b: Lady Gagita|Speed Boost|boost
|-boost|p2b: Lady Gagita|spe|1
|upkeep
|turn|4
|c| 2mero|tf
|c| 2mero|is these sets
|c| Zygobos|What the fuck clicked sunny day ToT
|c|â˜†atealcoloredcat|I was just doing random bullshit go :sob:
|c| Zygobos|Yo meowstic lowkey rocking it ngl
|
|t:|1783552464
|-singleturn|p1b: Toucannon|move: Beak Blast
|move|p2a: THE GOAT|Fake Out|p1a: Gliscor
|-hint|Psychic Terrain doesn't affect airborne PokÃ©mon.
|-damage|p1a: Gliscor|3/100
|cant|p1a: Gliscor|flinch
|move|p2b: Lady Gagita|Calm Mind|p2b: Lady Gagita
|-boost|p2b: Lady Gagita|spa|1
|-boost|p2b: Lady Gagita|spd|1
|move|p1b: Toucannon|Beak Blast|p2b: Lady Gagita
|-damage|p2b: Lady Gagita|22/100
|
|-weather|SunnyDay|[upkeep]
|-heal|p2b: Lady Gagita|28/100|[from] item: Leftovers
|-sideend|p1: Tbigongue|move: Tailwind
|-ability|p2b: Lady Gagita|Speed Boost|boost
|-boost|p2b: Lady Gagita|spe|1
|upkeep
|turn|5
|c| Zygobos|Mero if you get destroyed by Goose can I trade my oner for your Mega Metagross
|c| Zygobos|OH SHIT TAILWIND GONE
|
|t:|1783552499
|move|p2b: Lady Gagita|Dazzling Gleam|p1a: Gliscor|[spread] p1a,p1b
|-damage|p1a: Gliscor|0 fnt
|-damage|p1b: Toucannon|20/100y
|faint|p1a: Gliscor
|move|p1b: Toucannon|Overheat|p2b: Lady Gagita|[miss]
|-miss|p1b: Toucannon|p2b: Lady Gagita
|move|p2a: THE GOAT|Flare Blitz|p1b: Toucannon
|-damage|p1b: Toucannon|0 fnt
|faint|p1b: Toucannon
|-damage|p2a: THE GOAT|68/100|[from] Recoil
|
|-weather|none
|-heal|p2b: Lady Gagita|34/100|[from] item: Leftovers
|-ability|p2b: Lady Gagita|Speed Boost|boost
|-boost|p2b: Lady Gagita|spe|1
|upkeep
|c| Zygobos|GULP GULP GULP
|c| Zygobos|THAT FUCKING LIVED
|c|â˜†Tbigongue|BRO WTF
|c| 2mero|maybe zygo
|
|t:|1783552513
|switch|p1a: Malamar|Malamar, L50, M|100/100
|switch|p1b: Volcarona|Volcarona, L50, F|100/100
|turn|6
|c| 2mero|holy
|c| Zygobos|ALSO L BOZO
|c| Zygobos|Thinking caps people, thinking caps
|
|t:|1783552579
|detailschange|p1a: Malamar|Malamar-Mega, L50, M
|-mega|p1a: Malamar|Malamar|Malamarite
|move|p2b: Lady Gagita|Protect|p2b: Lady Gagita
|-singleturn|p2b: Lady Gagita|Protect
|move|p1b: Volcarona|Bug Buzz|p2b: Lady Gagita
|-activate|p2b: Lady Gagita|move: Protect
|move|p1a: Malamar|Superpower|p2a: THE GOAT
|-supereffective|p2a: THE GOAT|1
|-damage|p2a: THE GOAT|10/100
|-boost|p1a: Malamar|atk|1
|-boost|p1a: Malamar|def|1
|-enditem|p2a: THE GOAT|Sitrus Berry|[eat]
|-heal|p2a: THE GOAT|35/100|[from] item: Sitrus Berry
|move|p2a: THE GOAT|Darkest Lariat|p1b: Volcarona
|-damage|p1b: Volcarona|37/100
|-enditem|p1b: Volcarona|Sitrus Berry|[eat]
|-heal|p1b: Volcarona|62/100|[from] item: Sitrus Berry
|
|-heal|p2b: Lady Gagita|40/100|[from] item: Leftovers
|-fieldend|move: Psychic Terrain
|-ability|p2b: Lady Gagita|Speed Boost|boost
|-boost|p2b: Lady Gagita|spe|1
|upkeep
|turn|7
|c| Zygobos|Ah fucky wucky
|
|t:|1783552649
|switch|p2a: THE Ps Ps Psychic|Meowstic, L50, M|100/100
|move|p2b: Lady Gagita|Dazzling Gleam|p1a: Malamar|[spread] p1a,p1b
|-supereffective|p1a: Malamar|1
|-resisted|p1b: Volcarona|1
|-damage|p1a: Malamar|55/100
|-damage|p1b: Volcarona|47/100
|move|p1b: Volcarona|Bug Buzz|p2b: Lady Gagita
|-supereffective|p2b: Lady Gagita|1
|-damage|p2b: Lady Gagita|0 fnt
|faint|p2b: Lady Gagita
|move|p1a: Malamar|Superpower|p2a: THE Ps Ps Psychic
|-resisted|p2a: THE Ps Ps Psychic|1
|-damage|p2a: THE Ps Ps Psychic|71/100
|-boost|p1a: Malamar|atk|1
|-boost|p1a: Malamar|def|1
|
|upkeep
|
|t:|1783552665
|switch|p2b: THE GOAT|Incineroar, L50, M|35/100
|turn|8
|
|t:|1783552715
|move|p1a: Malamar|Protect|p1a: Malamar
|-singleturn|p1a: Malamar|Protect
|move|p1b: Volcarona|Protect|p1b: Volcarona
|-singleturn|p1b: Volcarona|Protect
|move|p2a: THE Ps Ps Psychic|Fake Out|p1a: Malamar
|-activate|p1a: Malamar|move: Protect
|move|p2b: THE GOAT|Darkest Lariat|p1a: Malamar
|-activate|p1a: Malamar|move: Protect
|
|upkeep
|turn|9
|c|â˜†atealcoloredcat|aghh
|c|â˜†Tbigongue|g
|c|â˜†Tbigongue|g
|
|t:|1783552742
|move|p2a: THE Ps Ps Psychic|Psychic Terrain|p2a: THE Ps Ps Psychic
|-fieldstart|move: Psychic Terrain
|move|p1b: Volcarona|Bug Buzz|p2a: THE Ps Ps Psychic
|-supereffective|p2a: THE Ps Ps Psychic|1
|-damage|p2a: THE Ps Ps Psychic|0 fnt
|faint|p2a: THE Ps Ps Psychic
|move|p1a: Malamar|Superpower|p2b: THE GOAT
|-supereffective|p2b: THE GOAT|1
|-damage|p2b: THE GOAT|0 fnt
|-boost|p1a: Malamar|atk|1
|-boost|p1a: Malamar|def|1
|faint|p2b: THE GOAT
|
|win|Tbigongue
|c|â˜†atealcoloredcat|gg!
|c| Zygobos|That's so toxic big t
|c| Zygobos|Smh bro
|c|â˜†Tbigongue|srry
|c| Zygobos|Do your kds
|c|â˜†atealcoloredcat|i was really expecting sinistcha
|c| Zygobos|and send the reply links in battles
|c| 2mero|gg
|c|â˜†atealcoloredcat|well now i know to actually not delay teambuilding until an hour before my match
|l| Zygobos
|l|â˜†atealcoloredcat
|player|p2|
