|j|☆SurfingJackal
|j|☆shrimplyasapphic
|html|SurfingJackalshrimplyasapphic    
|uhtml|bestof|Game 3 of a best-of-3
|t:|1783781029
|gametype|doubles
|player|p1|SurfingJackal|archie-gen6|
|player|p2|shrimplyasapphic|169|
|gen|9
|tier|[Gen 9 Champions] VGC 2026 Reg M-B (Bo3)
|rule|Species Clause: Limit one of each Pokémon
|rule|Item Clause: Limit 1 of each item
|clearpoke
|poke|p1|Farigiraf, L50, M|
|poke|p1|Incineroar, L50, M|
|poke|p1|Camerupt, L50, M|
|poke|p1|Kingambit, L50, M|
|poke|p1|Vivillon-Pokeball, L50, M|
|poke|p1|Abomasnow, L50, M|
|poke|p2|Froslass, L50, F|
|poke|p2|Kingambit, L50, F|
|poke|p2|Sinistcha, L50|
|poke|p2|Sneasler, L50, M|
|poke|p2|Aerodactyl, L50, M|
|poke|p2|Aegislash, L50, M|
|teampreview|4
|showteam|p1|Farigiraf||SitrusBerry|ArmorTail|Protect,Psychic,HelpingHand,TrickRoom|Sassy||M|||50|]Incineroar||LifeOrb|Intimidate|FlareBlitz,DarkestLariat,FakeOut,PartingShot|Brave||M|||50|]Camerupt||Cameruptite|SolidRock|Protect,HeatWave,EarthPower,AncientPower|Quiet||M|||50|]Kingambit||BlackGlasses|Defiant|SwordsDance,KowtowCleave,IronHead,SuckerPunch|Brave||M|||50|]Vivillon-Pokeball||FocusSash|CompoundEyes|Hurricane,SleepPowder,RagePowder,Protect|Timid||M|||50|]Abomasnow||Abomasite|SnowWarning|GrassKnot,Blizzard,IceShard,EarthPower|Quiet||M|||50|
|showteam|p2|Froslass||Froslassite|CursedBody|Blizzard,ShadowBall,Protect,AuroraVeil|Modest||F|||50|]Kingambit||FocusSash|Defiant|KowtowCleave,SuckerPunch,IronHead,LowKick|Adamant||F|||50|]Sinistcha||SitrusBerry|Hospitality|MatchaGotcha,TrickRoom,RagePowder,Protect|Bold|||||50|]Sneasler||WhiteHerb|Unburden|CloseCombat,GunkShot,FakeOut,Protect|Adamant||M|||50|]Aerodactyl||Aerodactylite|Unnerve|RockSlide,DualWingbeat,IceFang,Tailwind|Jolly||M|||50|]Aegislash||SpellTag|StanceChange|WideGuard,KingsShield,Poltergeist,ShadowSneak|Adamant||M|||50|
|j| Autin Mago
|j| dangernoodlevgc
|j| Cos(wt)
|inactive|Battle timer is ON: inactive players will automatically lose when time's up. (requested by SurfingJackal)
|j| Blizz.vg
|j| magnetman210
|j| Hudie EU
|inactive|shrimplyasapphic has 60 seconds left.
|inactive|SurfingJackal has 60 seconds left.
|
|t:|1783781108
|teamsize|p1|4
|teamsize|p2|4
|start
|switch|p1a: Farigiraf|Farigiraf, L50, M|100/100
|switch|p1b: Incineroar|Incineroar, L50, M|100/100
|switch|p2a: Froslass|Froslass, L50, F|100/100
|switch|p2b: Kingambit|Kingambit, L50, F|100/100
|-ability|p1b: Incineroar|Intimidate|boost
|-unboost|p2a: Froslass|atk|1
|-unboost|p2b: Kingambit|atk|1
|-ability|p2b: Kingambit|Defiant|boost
|-boost|p2b: Kingambit|atk|2
|turn|1
|inactive|shrimplyasapphic has 30 seconds left.
|inactive|shrimplyasapphic has 20 seconds left.
|inactive|shrimplyasapphic has 15 seconds left.
|
|t:|1783781149
|switch|p2b: Sinistcha|Sinistcha, L50|100/100
|detailschange|p2a: Froslass|Froslass-Mega, L50, F
|-mega|p2a: Froslass|Froslass|Froslassite
|-weather|Snowscape|[from] ability: Snow Warning|[of] p2a: Froslass
|move|p1b: Incineroar|Fake Out|p2b: Sinistcha
|-immune|p2b: Sinistcha
|move|p2a: Froslass|Aurora Veil|p2a: Froslass
|-sidestart|p2: shrimplyasapphic|move: Aurora Veil
|move|p1a: Farigiraf|Trick Room|p1a: Farigiraf
|-fieldstart|move: Trick Room|[of] p1a: Farigiraf
|
|-weather|Snowscape|[upkeep]
|upkeep
|turn|2
|
|t:|1783781173
|move|p1a: Farigiraf|Helping Hand|p1b: Incineroar
|-singleturn|p1b: Incineroar|Helping Hand|[of] p1a: Farigiraf
|move|p2b: Sinistcha|Protect|p2b: Sinistcha
|-singleturn|p2b: Sinistcha|Protect
|move|p1b: Incineroar|Flare Blitz|p2b: Sinistcha
|-activate|p2b: Sinistcha|move: Protect
|move|p2a: Froslass|Blizzard|p1a: Farigiraf|[spread] p1a,p1b
|-resisted|p1b: Incineroar|1
|-damage|p1a: Farigiraf|59/100
|-damage|p1b: Incineroar|75/100
|-status|p1b: Incineroar|frz
|
|-weather|Snowscape|[upkeep]
|upkeep
|turn|3
|j| vrocehpalon
|inactive|shrimplyasapphic has 30 seconds left.
|inactive|shrimplyasapphic has 20 seconds left.
|inactive|shrimplyasapphic has 15 seconds left.
|inactive|shrimplyasapphic has 10 seconds left.
|inactive|shrimplyasapphic has 5 seconds left.
|
|t:|1783781226
|switch|p2a: Kingambit|Kingambit, L50, F|100/100
|move|p1a: Farigiraf|Psychic|p2a: Kingambit
|-immune|p2a: Kingambit
|-curestatus|p1b: Incineroar|frz|[from] move: Flare Blitz
|move|p1b: Incineroar|Flare Blitz|p2b: Sinistcha
|-supereffective|p2b: Sinistcha|1
|-damage|p2b: Sinistcha|9/100
|-enditem|p2b: Sinistcha|Sitrus Berry|[eat]
|-heal|p2b: Sinistcha|34/100|[from] item: Sitrus Berry
|-damage|p1b: Incineroar|49/100|[from] Recoil
|-damage|p1b: Incineroar|39/100|[from] item: Life Orb
|move|p2b: Sinistcha|Trick Room|p2b: Sinistcha
|-fieldend|move: Trick Room
|
|-weather|Snowscape|[upkeep]
|upkeep
|turn|4
|inactive|SurfingJackal has 30 seconds left.
|inactive|shrimplyasapphic has 30 seconds left.
|inactive|shrimplyasapphic has 20 seconds left.
|inactive|shrimplyasapphic has 15 seconds left.
|inactive|shrimplyasapphic has 10 seconds left.
|
|t:|1783781273
|move|p1a: Farigiraf|Helping Hand|p1b: Incineroar
|-singleturn|p1b: Incineroar|Helping Hand|[of] p1a: Farigiraf
|move|p2b: Sinistcha|Protect|p2b: Sinistcha
|-singleturn|p2b: Sinistcha|Protect
|move|p2a: Kingambit|Kowtow Cleave|p1a: Farigiraf
|-supereffective|p1a: Farigiraf|1
|-damage|p1a: Farigiraf|0 fnt
|faint|p1a: Farigiraf
|move|p1b: Incineroar|Flare Blitz|p2a: Kingambit
|-supereffective|p2a: Kingambit|1
|-enditem|p2a: Kingambit|Focus Sash
|-damage|p2a: Kingambit|1/100
|-damage|p1b: Incineroar|7/100|[from] Recoil
|-damage|p1b: Incineroar|0 fnt|[from] item: Life Orb
|faint|p1b: Incineroar
|
|-weather|Snowscape|[upkeep]
|upkeep
|
|t:|1783781285
|switch|p1b: Kingambit|Kingambit, L50, M|100/100
|switch|p1a: Camerupt|Camerupt, L50, M|100/100
|turn|5
|inactive|shrimplyasapphic has 30 seconds left.
|
|t:|1783781313
|detailschange|p1a: Camerupt|Camerupt-Mega, L50, M
|-mega|p1a: Camerupt|Camerupt|Cameruptite
|move|p2b: Sinistcha|Rage Powder|p2b: Sinistcha
|-singleturn|p2b: Sinistcha|move: Rage Powder
|move|p2a: Kingambit|Low Kick|p1b: Kingambit
|-supereffective|p1b: Kingambit|2
|-damage|p1b: Kingambit|0 fnt
|faint|p1b: Kingambit
|move|p1a: Camerupt|Heat Wave|p2a: Kingambit|[spread] p2a,p2b
|-supereffective|p2a: Kingambit|1
|-supereffective|p2b: Sinistcha|1
|-damage|p2a: Kingambit|0 fnt
|-damage|p2b: Sinistcha|0 fnt
|faint|p2a: Kingambit
|faint|p2b: Sinistcha
|
|-weather|none
|-sideend|p2: shrimplyasapphic|move: Aurora Veil
|upkeep
|
|t:|1783781322
|switch|p2b: Froslass|Froslass-Mega, L50, F|100/100
|switch|p2a: Sneasler|Sneasler, L50, M|100/100
|-weather|Snowscape|[from] ability: Snow Warning|[of] p2b: Froslass
|turn|6
|
|t:|1783781326
|move|p2a: Sneasler|Fake Out|p1a: Camerupt
|-damage|p1a: Camerupt|87/100
|move|p2b: Froslass|Aurora Veil|p2b: Froslass
|-sidestart|p2: shrimplyasapphic|move: Aurora Veil
|cant|p1a: Camerupt|flinch
|
|-weather|Snowscape|[upkeep]
|upkeep
|turn|7
|
|t:|1783781333
|move|p2b: Froslass|Blizzard|p1a: Camerupt
|-damage|p1a: Camerupt|18/100
|move|p2a: Sneasler|Close Combat|p1a: Camerupt
|-damage|p1a: Camerupt|0 fnt
|-unboost|p2a: Sneasler|def|1
|-unboost|p2a: Sneasler|spd|1
|faint|p1a: Camerupt
|
|win|shrimplyasapphic
|c|☆SurfingJackal|GGs
|c|☆shrimplyasapphic|ggwp!
|l| dangernoodlevgc
|c|☆shrimplyasapphic|fun games
|l| Autin Mago
|j| tung cubed
|l| vrocehpalon
|l| Blizz.vg
|l| Hudie EU
|l| tung cubed
|l|☆SurfingJackal
|player|p1|
|l| Cos(wt)
