|j|â˜†Osogressen
|j|â˜†Pressinblades
|html|OsogressenPressinblades    
|uhtml|bestof|Game 1 of a best-of-3
|t:|1785793009
|gametype|doubles
|player|p1|Osogressen|1|1185
|player|p2|Pressinblades|170|1095
|gen|9
|tier|[Gen 9 Champions] VGC 2026 Reg M-B (Bo3)
|rated|
|rule|Species Clause: Limit one of each PokÃ©mon
|rule|Item Clause: Limit 1 of each item
|clearpoke
|poke|p1|Whimsicott, L50, M, shiny|
|poke|p1|Kingambit, L50, F|
|poke|p1|Garchomp, L50, F|
|poke|p1|Floette-Eternal, L50, F|
|poke|p1|Basculegion, L50, M|
|poke|p1|Charizard, L50, M|
|poke|p2|Talonflame, L50, F|
|poke|p2|Garchomp, L50, M, shiny|
|poke|p2|Maushold, L50|
|poke|p2|Gardevoir, L50, F, shiny|
|poke|p2|Gyarados, L50, M, shiny|
|poke|p2|Metagross, L50, shiny|
|teampreview|4
|showteam|p1|Whimsicott||FocusSash|Prankster|Tailwind,Moonblast,Encore,Protect|Timid||M|||50|]Kingambit||ChopleBerry|Defiant|SuckerPunch,KowtowCleave,IronHead,Protect|Adamant||F|||50|]Garchomp||SitrusBerry|RoughSkin|DragonClaw,Earthquake,RockSlide,Protect|Adamant||F|||50|]Floette-Eternal||Floettite|FlowerVeil|DazzlingGleam,CalmMind,DrainingKiss,Protect|Modest||F|||50|]Basculegion||MysticWater|Adaptability|WaveCrash,AquaJet,Protect,LastRespects|Adamant||M|||50|]Charizard||CharizarditeY|Blaze|HeatWave,SolarBeam,WeatherBall,Protect|Modest||M|||50|
|showteam|p2|Talonflame||SharpBeak|GaleWings|Protect,Tailwind,DualWingbeat,Overheat|Naive||F|||50|]Garchomp||LifeOrb|RoughSkin|Protect,RockSlide,Earthquake,StompingTantrum|Adamant||M|||50|]Maushold||FocusSash|FriendGuard|Protect,SuperFang,FollowMe,Encore|Timid|||||50|]Gardevoir||Gardevoirite|Telepathy|Protect,TrickRoom,HyperVoice,Psychic|Modest||F|||50|]Gyarados||Gyaradosite|Intimidate|Protect,DragonDance,Waterfall,Crunch|Jolly||M|||50|]Metagross||ColburBerry|ClearBody|Protect,BulletPunch,PsychicFangs,HammerArm|Adamant|||||50|
|
|t:|1785793058
|teamsize|p1|4
|teamsize|p2|4
|start
|switch|p1a: Whimsicott|Whimsicott, L50, M, shiny|100/100
|switch|p1b: Garchomp|Garchomp, L50, F|100/100
|switch|p2a: Garchomp|Garchomp, L50, M, shiny|100/100
|switch|p2b: Gyarados|Gyarados, L50, M, shiny|100/100
|-ability|p2b: Gyarados|Intimidate|boost
|-unboost|p1a: Whimsicott|atk|1
|-unboost|p1b: Garchomp|atk|1
|turn|1
|
|t:|1785793104
|move|p1a: Whimsicott|Tailwind|p1a: Whimsicott
|-sidestart|p1: Osogressen|move: Tailwind
|move|p1b: Garchomp|Dragon Claw|p2a: Garchomp
|-supereffective|p2a: Garchomp|1
|-crit|p2a: Garchomp
|-damage|p2a: Garchomp|0 fnt
|-damage|p1b: Garchomp|87/100|[from] ability: Rough Skin|[of] p2a: Garchomp
|faint|p2a: Garchomp
|move|p2b: Gyarados|Dragon Dance|p2b: Gyarados
|-boost|p2b: Gyarados|atk|1
|-boost|p2b: Gyarados|spe|1
|
|upkeep
|c|â˜†Pressinblades|I mean of fucking course
|
|t:|1785793137
|switch|p2a: Gardevoir|Gardevoir, L50, F, shiny|100/100
|turn|2
|inactive|Battle timer is ON: inactive players will automatically lose when time's up. (requested by Osogressen)
|
|t:|1785793163
|detailschange|p2b: Gyarados|Gyarados-Mega, L50, M, shiny
|-mega|p2b: Gyarados|Gyarados|Gyaradosite
|-ability|p2b: Gyarados|Mold Breaker
|move|p1a: Whimsicott|Encore|p2b: Gyarados
|-hint|Since gen 7, Dark is immune to Prankster moves.
|-immune|p2b: Gyarados
|move|p1b: Garchomp|Rock Slide|p2b: Gyarados|[spread] p2a,p2b
|-damage|p2a: Gardevoir|84/100
|-damage|p2b: Gyarados|88/100
|move|p2b: Gyarados|Waterfall|p1a: Whimsicott
|-resisted|p1a: Whimsicott|1
|-damage|p1a: Whimsicott|48/100
|move|p2a: Gardevoir|Trick Room|p2a: Gardevoir
|-fieldstart|move: Trick Room|[of] p2a: Gardevoir
|
|upkeep
|turn|3
|inactive|Pressinblades has 30 seconds left.
|
|t:|1785793191
|move|p2a: Gardevoir|Protect|p2a: Gardevoir
|-singleturn|p2a: Gardevoir|Protect
|move|p1a: Whimsicott|Encore|p2a: Gardevoir
|-activate|p2a: Gardevoir|move: Protect
|move|p2b: Gyarados|Waterfall|p1a: Whimsicott
|-resisted|p1a: Whimsicott|1
|-damage|p1a: Whimsicott|0 fnt
|faint|p1a: Whimsicott
|move|p1b: Garchomp|Earthquake|p2b: Gyarados|[spread] p2b
|-activate|p2a: Gardevoir|move: Protect
|-damage|p2b: Gyarados|65/100
|
|upkeep
|
|t:|1785793208
|switch|p1a: Basculegion|Basculegion, L50, M|100/100
|turn|4
|
|t:|1785793226
|move|p1a: Basculegion|Protect|p1a: Basculegion
|-singleturn|p1a: Basculegion|Protect
|move|p1b: Garchomp|Protect|p1b: Garchomp
|-singleturn|p1b: Garchomp|Protect
|move|p2b: Gyarados|Crunch|p1a: Basculegion
|-activate|p1a: Basculegion|move: Protect
|move|p2a: Gardevoir|Trick Room|p2a: Gardevoir
|-fieldend|move: Trick Room
|
|-sideend|p1: Osogressen|move: Tailwind
|upkeep
|turn|5
|inactive|Osogressen has 30 seconds left.
|
|t:|1785793254
|switch|p2a: Talonflame|Talonflame, L50, F|100/100
|move|p2b: Gyarados|Crunch|p1a: Basculegion
|-supereffective|p1a: Basculegion|1
|-damage|p1a: Basculegion|0 fnt
|faint|p1a: Basculegion
|move|p1b: Garchomp|Dragon Claw|p2b: Gyarados
|-damage|p2b: Gyarados|38/100
|
|upkeep
|
|t:|1785793264
|switch|p1a: Charizard|Charizard, L50, M|100/100
|turn|6
|
|t:|1785793288
|detailschange|p1a: Charizard|Charizard-Mega-Y, L50, M
|-mega|p1a: Charizard|Charizard|Charizardite Y
|-weather|SunnyDay|[from] ability: Drought|[of] p1a: Charizard
|move|p2a: Talonflame|Tailwind|p2a: Talonflame
|-sidestart|p2: Pressinblades|move: Tailwind
|move|p2b: Gyarados|Crunch|p1a: Charizard
|-damage|p1a: Charizard|34/100
|move|p1b: Garchomp|Rock Slide|p2a: Talonflame|[spread] p2a
|-miss|p1b: Garchomp|p2b: Gyarados
|-supereffective|p2a: Talonflame|2
|-damage|p2a: Talonflame|22/100
|move|p1a: Charizard|Heat Wave|p2a: Talonflame|[spread] p2a,p2b
|-resisted|p2a: Talonflame|1
|-resisted|p2b: Gyarados|1
|-damage|p2a: Talonflame|0 fnt
|-damage|p2b: Gyarados|15/100
|faint|p2a: Talonflame
|
|-weather|SunnyDay|[upkeep]
|upkeep
|
|t:|1785793306
|switch|p2a: Gardevoir|Gardevoir, L50, F, shiny|84/100
|turn|7
|
|t:|1785793327
|move|p1a: Charizard|Protect|p1a: Charizard
|-singleturn|p1a: Charizard|Protect
|move|p2b: Gyarados|Crunch|p1b: Garchomp
|-damage|p1b: Garchomp|27/100
|-damage|p2b: Gyarados|3/100|[from] ability: Rough Skin|[of] p1b: Garchomp
|-enditem|p1b: Garchomp|Sitrus Berry|[eat]
|-heal|p1b: Garchomp|51/100|[from] item: Sitrus Berry
|move|p2a: Gardevoir|Psychic|p1a: Charizard
|-activate|p1a: Charizard|move: Protect
|move|p1b: Garchomp|Earthquake|p2b: Gyarados|[spread] p2a,p2b
|-activate|p1a: Charizard|move: Protect
|-damage|p2a: Gardevoir|50/100g
|-damage|p2b: Gyarados|0 fnt
|faint|p2b: Gyarados
|
|-weather|SunnyDay|[upkeep]
|upkeep
|turn|8
|inactive|Osogressen has 30 seconds left.
|
|t:|1785793354
|move|p2a: Gardevoir|Psychic|p1a: Charizard
|-damage|p1a: Charizard|0 fnt
|faint|p1a: Charizard
|move|p1b: Garchomp|Earthquake|p2a: Gardevoir
|-damage|p2a: Gardevoir|5/100
|
|-weather|SunnyDay|[upkeep]
|upkeep
|turn|9
|
|t:|1785793362
|move|p1b: Garchomp|Protect|p1b: Garchomp
|-singleturn|p1b: Garchomp|Protect
|move|p2a: Gardevoir|Trick Room|p2a: Gardevoir
|-fieldstart|move: Trick Room|[of] p2a: Gardevoir
|
|-weather|SunnyDay|[upkeep]
|-sideend|p2: Pressinblades|move: Tailwind
|upkeep
|turn|10
|
|t:|1785793370
|move|p2a: Gardevoir|Psychic|p1b: Garchomp
|-damage|p1b: Garchomp|7/100
|move|p1b: Garchomp|Earthquake|p2a: Gardevoir
|-damage|p2a: Gardevoir|0 fnt
|faint|p2a: Gardevoir
|
|win|Osogressen
