|j|☆Sapitoch 4
|j|☆obama mewtwo
|html|Sapitoch 4obama mewtwo    
|uhtml|bestof|Game 2 of a best-of-3
|t:|1782271331
|gametype|doubles
|player|p1|Sapitoch 4|102|1180
|player|p2|obama mewtwo|sabrina|1096
|gen|9
|tier|[Gen 9 Champions] VGC 2026 Reg M-B (Bo3)
|rated|
|rule|Species Clause: Limit one of each Pokémon
|rule|Item Clause: Limit 1 of each item
|clearpoke
|poke|p1|Gengar, L50, M|
|poke|p1|Incineroar, L50, F|
|poke|p1|Samurott-Hisui, L50, F|
|poke|p1|Dragonite, L50, M|
|poke|p1|Ninetales-Alola, L50, F|
|poke|p1|Gholdengo, L50|
|poke|p2|Scrafty, L50, M|
|poke|p2|Gholdengo, L50|
|poke|p2|Sinistcha, L50|
|poke|p2|Garchomp, L50, M|
|poke|p2|Metagross, L50|
|poke|p2|Basculegion, L50, M|
|teampreview|4
|showteam|p1|Gengar||Gengarite|CursedBody|ShadowBall,SludgeBomb,Protect,Disable|Timid||M|||50|]Incineroar||SitrusBerry|Intimidate|FlareBlitz,PartingShot,FakeOut,Protect|Impish||F|||50|]Samurott-Hisui||ChopleBerry|Sharpness|NightSlash,SacredSword,SuckerPunch,Detect|Jolly||F|||50|]Dragonite||DragonFang|Multiscale|DragonClaw,LowKick,ExtremeSpeed,Protect|Adamant||M|||50|]Ninetales-Alola||FocusSash|SnowWarning|Blizzard,FreezeDry,Encore,Protect|Timid||F|||50|]Gholdengo||ChoiceScarf|GoodasGold|MakeItRain,ShadowBall,Trick,PowerGem|Modest|||||50|
|showteam|p2|Scrafty||Scraftinite|Intimidate|FakeOut,DrainPunch,KnockOff,Protect|Adamant||M|||50|]Gholdengo||ShucaBerry|GoodasGold|MakeItRain,ShadowBall,NastyPlot,Recover|Modest|||||50|]Sinistcha||SitrusBerry|Hospitality|Reflect,LifeDew,MatchaGotcha,TrickRoom|Relaxed|||||50|]Garchomp||RoseliBerry|RoughSkin|Earthquake,RockSlide,SwordsDance,Protect|Jolly||M|||50|]Metagross||Metagrossite|ClearBody|IronHead,PsychicFangs,BulletPunch,IcePunch|Jolly|||||50|]Basculegion||ChoiceScarf|Adaptability|WaveCrash,FlipTurn,AquaJet,LastRespects|Jolly||M|||50|
|
|t:|1782271351
|teamsize|p1|4
|teamsize|p2|4
|start
|switch|p1a: Ninetales|Ninetales-Alola, L50, F|100/100
|switch|p1b: Gholdengo|Gholdengo, L50|100/100
|switch|p2a: Metagross|Metagross, L50|100/100
|switch|p2b: Scrafty|Scrafty, L50, M|100/100
|-weather|Snowscape|[from] ability: Snow Warning|[of] p1a: Ninetales
|-ability|p2b: Scrafty|Intimidate|boost
|-unboost|p1a: Ninetales|atk|1
|-unboost|p1b: Gholdengo|atk|1
|turn|1
|
|t:|1782271374
|switch|p2a: Garchomp|Garchomp, L50, M|100/100
|move|p1b: Gholdengo|Shadow Ball|p2a: Garchomp
|-damage|p2a: Garchomp|47/100
|move|p1a: Ninetales|Blizzard|p2a: Garchomp|[spread] p2a,p2b
|-supereffective|p2a: Garchomp|2
|-damage|p2a: Garchomp|0 fnt
|-damage|p2b: Scrafty|72/100
|faint|p2a: Garchomp
|move|p2b: Scrafty|Knock Off|p1b: Gholdengo
|-supereffective|p1b: Gholdengo|1
|-damage|p1b: Gholdengo|7/100
|-enditem|p1b: Gholdengo|Choice Scarf|[from] move: Knock Off|[of] p2b: Scrafty
|
|-weather|Snowscape|[upkeep]
|upkeep
|
|t:|1782271381
|switch|p2a: Metagross|Metagross, L50|100/100
|turn|2
|
|t:|1782271400
|detailschange|p2a: Metagross|Metagross-Mega, L50
|-mega|p2a: Metagross|Metagross|Metagrossite
|move|p2a: Metagross|Bullet Punch|p1b: Gholdengo
|-resisted|p1b: Gholdengo|1
|-damage|p1b: Gholdengo|0 fnt
|faint|p1b: Gholdengo
|move|p1a: Ninetales|Encore|p2b: Scrafty
|-start|p2b: Scrafty|Encore
|move|p2b: Scrafty|Knock Off|p1a: Ninetales
|-resisted|p1a: Ninetales|1
|-damage|p1a: Ninetales|76/100
|-enditem|p1a: Ninetales|Focus Sash|[from] move: Knock Off|[of] p2b: Scrafty
|
|-weather|Snowscape|[upkeep]
|upkeep
|
|t:|1782271405
|switch|p1b: Incineroar|Incineroar, L50, F|100/100
|-ability|p1b: Incineroar|Intimidate|boost
|-unboost|p2a: Metagross|atk|1
|-unboost|p2b: Scrafty|atk|1
|turn|3
|
|t:|1782271423
|switch|p1a: Samurott|Samurott-Hisui, L50, F|100/100
|switch|p2b: Basculegion|Basculegion, L50, M|100/100
|move|p1b: Incineroar|Fake Out|p2a: Metagross
|-resisted|p2a: Metagross|1
|-damage|p2a: Metagross|95/100
|cant|p2a: Metagross|flinch
|
|-weather|Snowscape|[upkeep]
|upkeep
|turn|4
|
|t:|1782271438
|switch|p2a: Scrafty|Scrafty, L50, M|72/100
|-ability|p2a: Scrafty|Intimidate|boost
|-unboost|p1a: Samurott|atk|1
|-unboost|p1b: Incineroar|atk|1
|move|p1a: Samurott|Sucker Punch|p2b: Basculegion
|-supereffective|p2b: Basculegion|1
|-damage|p2b: Basculegion|45/100
|move|p2b: Basculegion|Wave Crash|p1b: Incineroar
|-supereffective|p1b: Incineroar|1
|-damage|p1b: Incineroar|0 fnt
|faint|p1b: Incineroar
|-damage|p2b: Basculegion|11/100|[from] Recoil
|
|-weather|Snowscape|[upkeep]
|upkeep
|
|t:|1782271445
|switch|p1b: Ninetales|Ninetales-Alola, L50, F|76/100
|turn|5
|
|t:|1782271458
|move|p2a: Scrafty|Fake Out|p1a: Samurott
|-damage|p1a: Samurott|83/100
|move|p2b: Basculegion|Wave Crash|p1b: Ninetales
|-damage|p1b: Ninetales|4/100
|-damage|p2b: Basculegion|0 fnt|[from] Recoil
|faint|p2b: Basculegion
|move|p1b: Ninetales|Blizzard|p2a: Scrafty
|-damage|p2a: Scrafty|30/100
|cant|p1a: Samurott|flinch
|
|-weather|none
|upkeep
|
|t:|1782271461
|switch|p2b: Metagross|Metagross-Mega, L50|95/100
|turn|6
|
|t:|1782271480
|move|p2b: Metagross|Bullet Punch|p1b: Ninetales
|-supereffective|p1b: Ninetales|2
|-damage|p1b: Ninetales|0 fnt
|faint|p1b: Ninetales
|move|p1a: Samurott|Sacred Sword|p2a: Scrafty
|-supereffective|p2a: Scrafty|1
|-damage|p2a: Scrafty|0 fnt
|faint|p2a: Scrafty
|
|upkeep
|turn|7
|
|t:|1782271487
|move|p2b: Metagross|Iron Head|p1a: Samurott
|-resisted|p1a: Samurott|1
|-damage|p1a: Samurott|44/100
|cant|p1a: Samurott|flinch
|
|upkeep
|turn|8
|
|t:|1782271492
|move|p2b: Metagross|Iron Head|p1a: Samurott
|-resisted|p1a: Samurott|1
|-damage|p1a: Samurott|4/100
|cant|p1a: Samurott|flinch
|
|upkeep
|turn|9
|
|t:|1782271497
|move|p2b: Metagross|Bullet Punch|p1a: Samurott
|-resisted|p1a: Samurott|1
|-damage|p1a: Samurott|0 fnt
|faint|p1a: Samurott
|
|win|obama mewtwo
||obama mewtwo is ready for game 3.
