|j|☆Bigboyblue3451
|j|☆That_Leek
|html|Bigboyblue3451That_Leek    
|uhtml|bestof|Game 3 of a best-of-3
|t:|1756687079
|gametype|doubles
|player|p1|Bigboyblue3451|102|1340
|player|p2|That_Leek|blue-masters|1354
|gen|9
|tier|[Gen 9] VGC 2025 Reg H (Bo3)
|rated|
|rule|Species Clause: Limit one of each Pokémon
|rule|Item Clause: Limit 1 of each item
|clearpoke
|poke|p1|Archaludon, L50, F|
|poke|p1|Gholdengo, L50|
|poke|p1|Maushold, L50|
|poke|p1|Incineroar, L50, F|
|poke|p1|Pelipper, L50, M|
|poke|p1|Amoonguss, L50, M|
|poke|p2|Incineroar, L50, F|
|poke|p2|Gholdengo, L50|
|poke|p2|Dragonite, L50, F|
|poke|p2|Amoonguss, L50, M|
|poke|p2|Ursaluna-Bloodmoon, L50, M|
|poke|p2|Gallade, L50, M|
|teampreview|4
|showteam|p1|Archaludon||AssaultVest|Stamina|ElectroShot,Snarl,DracoMeteor,BodyPress|||F|||50|,,,,,Bug]Gholdengo||LifeOrb|GoodasGold|MakeItRain,ShadowBall,NastyPlot,Protect||||||50|,,,,,Water]Maushold||WideLens|Technician|PopulationBomb,Taunt,FollowMe,Protect||||||50|,,,,,Ghost]Incineroar||SafetyGoggles|Intimidate|FakeOut,KnockOff,FlareBlitz,PartingShot|||F|||50|,,,,,Ghost]Pelipper||FocusSash|Drizzle|MuddyWater,Hurricane,Tailwind,Protect|||M|||50|,,,,,Stellar]Amoonguss||CovertCloak|Regenerator|Spore,PollenPuff,RagePowder,ClearSmog|||M|||50|,,,,,Psychic
|showteam|p2|Incineroar||SafetyGoggles|Intimidate|FakeOut,FlareBlitz,KnockOff,PartingShot|||F|||50|,,,,,Water]Gholdengo||LifeOrb|GoodasGold|MakeItRain,ShadowBall,NastyPlot,Protect||||||50|,,,,,Dragon]Dragonite||LoadedDice|Multiscale|Tailwind,StompingTantrum,ScaleShot,Protect|||F|||50|,,,,,Fairy]Amoonguss||SitrusBerry|Regenerator|PollenPuff,Spore,RagePowder,Protect|||M|||50|,,,,,Fairy]Ursaluna-Bloodmoon||AssaultVest|MindsEye|VacuumWave,BloodMoon,HyperVoice,EarthPower|||M|||50|,,,,,Ghost]Gallade||FocusSash|Sharpness|TrickRoom,SacredSword,WideGuard,PsychoCut|||M|||50|,,,,,Fairy
|
|t:|1756687119
|teamsize|p1|4
|teamsize|p2|4
|start
|switch|p1a: Pelipper|Pelipper, L50, M|100/100
|switch|p1b: Incineroar|Incineroar, L50, F|100/100
|switch|p2a: Incineroar|Incineroar, L50, F|100/100
|switch|p2b: Dragonite|Dragonite, L50, F|100/100
|-weather|RainDance|[from] ability: Drizzle|[of] p1a: Pelipper
|-ability|p1b: Incineroar|Intimidate|boost
|-unboost|p2a: Incineroar|atk|1
|-unboost|p2b: Dragonite|atk|1
|-ability|p2a: Incineroar|Intimidate|boost
|-unboost|p1a: Pelipper|atk|1
|-unboost|p1b: Incineroar|atk|1
|turn|1
|
|t:|1756687132
|move|p1a: Pelipper|Protect|p1a: Pelipper
|-singleturn|p1a: Pelipper|Protect
|move|p1b: Incineroar|Fake Out|p2b: Dragonite
|-crit|p2b: Dragonite
|-damage|p2b: Dragonite|91/100
|move|p2a: Incineroar|Fake Out|p1a: Pelipper
|-activate|p1a: Pelipper|move: Protect
|cant|p2b: Dragonite|flinch
|
|-weather|RainDance|[upkeep]
|upkeep
|turn|2
|
|t:|1756687164
|move|p2b: Dragonite|Tailwind|p2b: Dragonite
|-sidestart|p2: That_Leek|move: Tailwind
|move|p2a: Incineroar|Parting Shot|p1a: Pelipper
|-unboost|p1a: Pelipper|atk|1
|-unboost|p1a: Pelipper|spa|1
|
|t:|1756687168
|switch|p2a: Gallade|Gallade, L50, M|100/100|[from] Parting Shot
|move|p1a: Pelipper|Muddy Water|p2a: Gallade|[spread] p2a,p2b
|-resisted|p2b: Dragonite
|-crit|p2b: Dragonite
|-damage|p2a: Gallade|71/100
|-damage|p2b: Dragonite|58/100
|move|p1b: Incineroar|Knock Off|p2b: Dragonite
|-damage|p2b: Dragonite|27/100
|-enditem|p2b: Dragonite|Loaded Dice|[from] move: Knock Off|[of] p1b: Incineroar
|
|-weather|RainDance|[upkeep]
|upkeep
|turn|3
|
|t:|1756687195
|switch|p1b: Gholdengo|Gholdengo, L50|100/100
|move|p2a: Gallade|Sacred Sword|p1b: Gholdengo
|-immune|p1b: Gholdengo
|move|p2b: Dragonite|Scale Shot|p1b: Gholdengo|[miss]
|-miss|p2b: Dragonite|p1b: Gholdengo
|move|p1a: Pelipper|Tailwind|p1a: Pelipper
|-sidestart|p1: Bigboyblue3451|move: Tailwind
|
|-weather|RainDance|[upkeep]
|upkeep
|turn|4
|
|t:|1756687223
|switch|p1b: Incineroar|Incineroar, L50, F|100/100
|-ability|p1b: Incineroar|Intimidate|boost
|-unboost|p2a: Gallade|atk|1
|-unboost|p2b: Dragonite|atk|1
|switch|p2b: Incineroar|Incineroar, L50, F|100/100
|-ability|p2b: Incineroar|Intimidate|boost
|-unboost|p1a: Pelipper|atk|1
|-unboost|p1b: Incineroar|atk|1
|move|p2a: Gallade|Psycho Cut|p1a: Pelipper
|-damage|p1a: Pelipper|53/100
|move|p1a: Pelipper|Hurricane|p2a: Gallade
|-supereffective|p2a: Gallade
|-damage|p2a: Gallade|0 fnt
|faint|p2a: Gallade
|
|-weather|RainDance|[upkeep]
|upkeep
|
|t:|1756687232
|switch|p2a: Gholdengo|Gholdengo, L50|100/100
|turn|5
|
|t:|1756687250
|move|p1a: Pelipper|Protect|p1a: Pelipper
|-singleturn|p1a: Pelipper|Protect
|move|p2b: Incineroar|Fake Out|p1b: Incineroar
|-damage|p1b: Incineroar|89/100
|move|p2a: Gholdengo|Shadow Ball|p1a: Pelipper
|-activate|p1a: Pelipper|move: Protect
|cant|p1b: Incineroar|flinch
|
|-weather|none
|-sideend|p2: That_Leek|move: Tailwind
|upkeep
|turn|6
|
|t:|1756687272
|switch|p1a: Archaludon|Archaludon, L50, F|100/100
|move|p2a: Gholdengo|Protect|p2a: Gholdengo
|-singleturn|p2a: Gholdengo|Protect
|move|p1b: Incineroar|Knock Off|p2a: Gholdengo
|-activate|p2a: Gholdengo|move: Protect
|move|p2b: Incineroar|Parting Shot|p1b: Incineroar
|-unboost|p1b: Incineroar|atk|1
|-unboost|p1b: Incineroar|spa|1
|
|t:|1756687275
|switch|p2b: Dragonite|Dragonite, L50, F|27/100|[from] Parting Shot
|
|-sideend|p1: Bigboyblue3451|move: Tailwind
|upkeep
|turn|7
|
|t:|1756687294
|switch|p2a: Incineroar|Incineroar, L50, F|100/100
|-ability|p2a: Incineroar|Intimidate|boost
|-unboost|p1a: Archaludon|atk|1
|-unboost|p1b: Incineroar|atk|1
|-terastallize|p1a: Archaludon|Bug
|move|p2b: Dragonite|Tailwind|p2b: Dragonite
|-sidestart|p2: That_Leek|move: Tailwind
|move|p1a: Archaludon|Snarl|p2b: Dragonite|[spread] p2a,p2b
|-resisted|p2a: Incineroar
|-damage|p2a: Incineroar|95/100
|-damage|p2b: Dragonite|14/100
|-unboost|p2a: Incineroar|spa|1
|-unboost|p2b: Dragonite|spa|1
|move|p1b: Incineroar|Parting Shot|p2b: Dragonite
|-unboost|p2b: Dragonite|atk|1
|-unboost|p2b: Dragonite|spa|1
|
|t:|1756687306
|switch|p1b: Pelipper|Pelipper, L50, M|53/100|[from] Parting Shot
|-weather|RainDance|[from] ability: Drizzle|[of] p1b: Pelipper
|
|-weather|RainDance|[upkeep]
|upkeep
|turn|8
|
|t:|1756687323
|move|p1b: Pelipper|Protect|p1b: Pelipper
|-singleturn|p1b: Pelipper|Protect
|move|p2b: Dragonite|Scale Shot|p1b: Pelipper
|-activate|p1b: Pelipper|move: Protect
|move|p2a: Incineroar|Parting Shot|p1a: Archaludon
|-unboost|p1a: Archaludon|atk|1
|-unboost|p1a: Archaludon|spa|1
|
|t:|1756687325
|switch|p2a: Gholdengo|Gholdengo, L50|100/100|[from] Parting Shot
|move|p1a: Archaludon|Electro Shot||[still]
|-prepare|p1a: Archaludon|Electro Shot
|-boost|p1a: Archaludon|spa|1
|-anim|p1a: Archaludon|Electro Shot|p2b: Dragonite
|-damage|p2b: Dragonite|0 fnt
|faint|p2b: Dragonite
|
|-weather|RainDance|[upkeep]
|upkeep
|
|t:|1756687327
|switch|p2b: Incineroar|Incineroar, L50, F|95/100
|-ability|p2b: Incineroar|Intimidate|boost
|-unboost|p1a: Archaludon|atk|1
|-unboost|p1b: Pelipper|atk|1
|turn|9
|
|t:|1756687356
|-terastallize|p2a: Gholdengo|Dragon
|move|p2b: Incineroar|Fake Out|p1b: Pelipper
|-damage|p1b: Pelipper|35/100
|move|p2a: Gholdengo|Nasty Plot|p2a: Gholdengo
|-boost|p2a: Gholdengo|spa|2
|cant|p1b: Pelipper|flinch
|move|p1a: Archaludon|Snarl|p2b: Incineroar|[spread] p2a,p2b
|-resisted|p2b: Incineroar
|-damage|p2a: Gholdengo|88/100
|-damage|p2b: Incineroar|90/100
|-unboost|p2a: Gholdengo|spa|1
|-unboost|p2b: Incineroar|spa|1
|
|-weather|RainDance|[upkeep]
|upkeep
|turn|10
|
|t:|1756687369
|switch|p1b: Incineroar|Incineroar, L50, F|89/100
|-ability|p1b: Incineroar|Intimidate|boost
|-unboost|p2a: Gholdengo|atk|1
|-unboost|p2b: Incineroar|atk|1
|move|p2a: Gholdengo|Make It Rain|p1a: Archaludon|[spread] p1a,p1b
|-resisted|p1b: Incineroar
|-damage|p1a: Archaludon|33/100
|-damage|p1b: Incineroar|44/100
|-unboost|p2a: Gholdengo|spa|1
|-ability|p1a: Archaludon|Stamina|boost
|-boost|p1a: Archaludon|def|1
|-damage|p2a: Gholdengo|78/100|[from] item: Life Orb
|move|p2b: Incineroar|Flare Blitz|p1a: Archaludon
|-supereffective|p1a: Archaludon
|-damage|p1a: Archaludon|17/100
|-ability|p1a: Archaludon|Stamina|boost
|-boost|p1a: Archaludon|def|1
|-damage|p2b: Incineroar|85/100|[from] Recoil
|move|p1a: Archaludon|Draco Meteor|p2a: Gholdengo
|-supereffective|p2a: Gholdengo
|-damage|p2a: Gholdengo|0 fnt
|-unboost|p1a: Archaludon|spa|2
|faint|p2a: Gholdengo
|
|-weather|RainDance|[upkeep]
|-sideend|p2: That_Leek|move: Tailwind
|upkeep
|turn|11
|-message|That_Leek forfeited.
|
|win|Bigboyblue3451
|raw|Bigboyblue3451's rating: 1340 → 1361(+21 for winning)
|raw|That_Leek's rating: 1354 → 1333(-21 for losing)
|l|☆That_Leek
|player|p2|
