|j|☆5-3 merchant
|j|☆FRANTIST
|html|5-3 merchantFRANTIST    
|uhtml|bestof|Game 2 of a best-of-3
|t:|1784600619
|gametype|doubles
|player|p1|5-3 merchant|yellow|1291
|player|p2|FRANTIST|roxie|1386
|gen|9
|tier|[Gen 9 Champions] VGC 2026 Reg M-B (Bo3)
|rated|
|rule|Species Clause: Limit one of each Pokémon
|rule|Item Clause: Limit 1 of each item
|clearpoke
|poke|p1|Charizard, L50, F, shiny|
|poke|p1|Glimmora, L50, M, shiny|
|poke|p1|Whimsicott, L50, F, shiny|
|poke|p1|Ninetales-Alola, L50, M, shiny|
|poke|p1|Kingambit, L50, M, shiny|
|poke|p1|Kommo-o, L50, F, shiny|
|poke|p2|Incineroar, L50, F|
|poke|p2|Maushold, L50|
|poke|p2|Sinistcha, L50|
|poke|p2|Sneasler, L50, F|
|poke|p2|Blastoise, L50, F|
|poke|p2|Delphox, L50, F|
|teampreview|4
|showteam|p1|Charizard||CharizarditeY|Blaze|HeatWave,WeatherBall,SolarBeam,Protect|Modest||F|||50|]Glimmora||Glimmoranite|ToxicDebris|SludgeBomb,PowerGem,EarthPower,SpikyShield|Modest||M|||50|]Whimsicott||FocusSash|Prankster|Moonblast,Tailwind,Encore,Protect|Timid||F|||50|]Ninetales-Alola||NeverMeltIce|SnowWarning|Blizzard,FreezeDry,Disable,Protect|Timid||M|||50|]Kingambit||BlackGlasses|Defiant|KowtowCleave,SuckerPunch,IronHead,Protect|Adamant||M|||50|]Kommo-o||LifeOrb|Overcoat|ClangingScales,AuraSphere,VacuumWave,Protect|Modest||F|||50|
|showteam|p2|Incineroar||SitrusBerry|Intimidate|FakeOut,FlareBlitz,ThroatChop,PartingShot|Impish||F|||50|]Maushold||ChopleBerry|FriendGuard|SuperFang,Feint,FollowMe,Protect|Impish|||||50|]Sinistcha||OccaBerry|Hospitality|MatchaGotcha,LifeDew,RagePowder,Protect|Bold|||||50|]Sneasler||FocusSash|PoisonTouch|FakeOut,CloseCombat,PoisonJab,QuickGuard|Jolly||F|||50|]Blastoise||Blastoisinite|RainDish|WaterSpout,DarkPulse,ShellSmash,Protect|Modest||F|||50|]Delphox||Delphoxite|Blaze|HeatWave,Psychic,NastyPlot,Protect|Timid||F|||50|
|inactive|Battle timer is ON: inactive players will automatically lose when time's up. (requested by 5-3 merchant)
|
|t:|1784600648
|teamsize|p1|4
|teamsize|p2|4
|start
|switch|p1a: Roach|Whimsicott, L50, F, shiny|100/100
|switch|p1b: Buddy|Glimmora, L50, M, shiny|100/100
|switch|p2a: Delphox|Delphox, L50, F|100/100
|switch|p2b: Sneasler|Sneasler, L50, F|100/100
|turn|1
|inactive|FRANTIST has 30 seconds left.
|inactive|FRANTIST has 20 seconds left.
|inactive|FRANTIST has 15 seconds left.
|inactive|FRANTIST has 10 seconds left.
|
|t:|1784600696
|detailschange|p2a: Delphox|Delphox-Mega, L50, F
|-mega|p2a: Delphox|Delphox|Delphoxite
|move|p1a: Roach|Protect|p1a: Roach
|-singleturn|p1a: Roach|Protect
|move|p1b: Buddy|Spiky Shield|p1b: Buddy
|-singleturn|p1b: Buddy|move: Protect
|move|p2b: Sneasler|Fake Out|p1a: Roach
|-activate|p1a: Roach|move: Protect
|move|p2a: Delphox|Heat Wave|p1a: Roach|[spread] 
|-activate|p1a: Roach|move: Protect
|-activate|p1b: Buddy|move: Protect
|
|upkeep
|turn|2
|inactive|5-3 merchant has 30 seconds left.
|inactive|FRANTIST has 30 seconds left.
|inactive|5-3 merchant has 20 seconds left.
|
|t:|1784600731
|switch|p2a: Sinistcha|Sinistcha, L50|100/100
|detailschange|p1b: Buddy|Glimmora-Mega, L50, M, shiny
|-mega|p1b: Buddy|Glimmora|Glimmoranite
|move|p1a: Roach|Encore|p2b: Sneasler
|-start|p2b: Sneasler|Encore
|move|p2b: Sneasler|Fake Out||[still]
|-hint|Fake Out only works on your first turn out.
|-fail|p2b: Sneasler
|move|p1b: Buddy|Earth Power|p2b: Sneasler
|-supereffective|p2b: Sneasler|1
|-damage|p2b: Sneasler|1/100
|
|upkeep
|turn|3
|
|t:|1784600751
|move|p2a: Sinistcha|Protect|p2a: Sinistcha
|-singleturn|p2a: Sinistcha|Protect
|-activate|p2b: Sneasler|move: Struggle
|move|p2b: Sneasler|Struggle|p1a: Roach
|-damage|p1a: Roach|75/100
|-damage|p2b: Sneasler|0 fnt|[from] recoil
|faint|p2b: Sneasler
|move|p1a: Roach|Moonblast|p2a: Sinistcha
|-activate|p2a: Sinistcha|move: Protect
|move|p1b: Buddy|Sludge Bomb|p2a: Sinistcha
|-activate|p2a: Sinistcha|move: Protect
|
|upkeep
|
|t:|1784600763
|switch|p2b: Delphox|Delphox-Mega, L50, F|100/100
|turn|4
|
|t:|1784600779
|move|p1a: Roach|Protect|p1a: Roach
|-singleturn|p1a: Roach|Protect
|move|p1b: Buddy|Spiky Shield|p1b: Buddy
|-singleturn|p1b: Buddy|move: Protect
|move|p2a: Sinistcha|Rage Powder|p2a: Sinistcha
|-singleturn|p2a: Sinistcha|move: Rage Powder
|move|p2b: Delphox|Heat Wave|p1a: Roach|[spread] 
|-activate|p1a: Roach|move: Protect
|-activate|p1b: Buddy|move: Protect
|
|upkeep
|turn|5
|
|t:|1784600790
|move|p2a: Sinistcha|Rage Powder|p2a: Sinistcha
|-singleturn|p2a: Sinistcha|move: Rage Powder
|move|p1a: Roach|Encore|p2b: Delphox
|-start|p2b: Delphox|Encore
|move|p2b: Delphox|Heat Wave|p1a: Roach|[spread] p1a,p1b
|-supereffective|p1a: Roach|1
|-resisted|p1b: Buddy|1
|-damage|p1a: Roach|0 fnt
|-damage|p1b: Buddy|78/100
|-status|p1b: Buddy|brn
|faint|p1a: Roach
|move|p1b: Buddy|Sludge Bomb|p2a: Sinistcha
|-damage|p2a: Sinistcha|32/100
|
|-damage|p1b: Buddy|72/100 brn|[from] brn
|upkeep
|
|t:|1784600796
|switch|p1a: Strawberry|Kommo-o, L50, F, shiny|100/100
|turn|6
|
|t:|1784600810
|switch|p2b: Maushold|Maushold, L50|100/100
|move|p2a: Sinistcha|Rage Powder|p2a: Sinistcha
|-singleturn|p2a: Sinistcha|move: Rage Powder
|move|p1b: Buddy|Power Gem|p2a: Sinistcha
|-damage|p2a: Sinistcha|0 fnt
|faint|p2a: Sinistcha
|move|p1a: Strawberry|Clanging Scales|p2b: Maushold
|-damage|p2b: Maushold|19/100
|-unboost|p1a: Strawberry|def|1
|-damage|p1a: Strawberry|90/100|[from] item: Life Orb
|
|-damage|p1b: Buddy|66/100 brn|[from] brn
|upkeep
|
|t:|1784600819
|switch|p2a: Delphox|Delphox-Mega, L50, F|100/100
|turn|7
|
|t:|1784600838
|switch|p1b: Viktor|Ninetales-Alola, L50, M, shiny|100/100
|-weather|Snowscape|[from] ability: Snow Warning|[of] p1b: Viktor
|move|p2b: Maushold|Feint|p1b: Viktor
|-damage|p1b: Viktor|91/100
|move|p1a: Strawberry|Vacuum Wave|p2b: Maushold
|-supereffective|p2b: Maushold|1
|-enditem|p2b: Maushold|Chople Berry|[eat]
|-enditem|p2b: Maushold|Chople Berry|[weaken]
|-damage|p2b: Maushold|0 fnt
|faint|p2b: Maushold
|-damage|p1a: Strawberry|80/100|[from] item: Life Orb
|move|p2a: Delphox|Psychic|p1b: Viktor
|-damage|p1b: Viktor|30/100
|
|-weather|Snowscape|[upkeep]
|upkeep
|turn|8
|
|t:|1784600860
|move|p2a: Delphox|Heat Wave|p1b: Viktor|[spread] p1a,p1b
|-resisted|p1a: Strawberry|1
|-supereffective|p1b: Viktor|1
|-damage|p1a: Strawberry|58/100
|-damage|p1b: Viktor|0 fnt
|faint|p1b: Viktor
|move|p1a: Strawberry|Clanging Scales|p2a: Delphox
|-damage|p2a: Delphox|40/100
|-unboost|p1a: Strawberry|def|1
|-damage|p1a: Strawberry|48/100|[from] item: Life Orb
|
|-weather|Snowscape|[upkeep]
|upkeep
|
|t:|1784600863
|switch|p1b: Buddy|Glimmora-Mega, L50, M, shiny|66/100 brn
|turn|9
|
|t:|1784600875
|move|p2a: Delphox|Heat Wave|p1a: Strawberry|[spread] p1a,p1b
|-resisted|p1a: Strawberry|1
|-resisted|p1b: Buddy|1
|-damage|p1a: Strawberry|26/100
|-damage|p1b: Buddy|43/100 brn
|move|p1b: Buddy|Power Gem|p2a: Delphox
|-supereffective|p2a: Delphox|1
|-damage|p2a: Delphox|0 fnt
|faint|p2a: Delphox
|
|win|5-3 merchant
||FRANTIST is ready for game 3.
||5-3 merchant is ready for game 3.
|uhtml|next|Next: Game 3 of 3
|l|☆5-3 merchant
|player|p1|
|l|☆FRANTIST
|player|p2|
|j|☆5-3 merchant
|player|p1|5-3 merchant|yellow|
