|j|☆Mclovingods
|j|☆ripmyhopes
|html|Mclovingodsripmyhopes    
|uhtml|bestof|Game 1 of a best-of-3
|t:|1782359761
|gametype|doubles
|player|p1|Mclovingods|102|1127
|player|p2|ripmyhopes|1|1066
|gen|9
|tier|[Gen 9 Champions] VGC 2026 Reg M-B (Bo3)
|rated|
|rule|Species Clause: Limit one of each Pokémon
|rule|Item Clause: Limit 1 of each item
|clearpoke
|poke|p1|Delphox, L50, M|
|poke|p1|Basculegion, L50, M|
|poke|p1|Sinistcha, L50|
|poke|p1|Incineroar, L50, M|
|poke|p1|Garchomp, L50, F|
|poke|p1|Staraptor, L50, M|
|poke|p2|Scrafty, L50, F|
|poke|p2|Maushold-Four, L50|
|poke|p2|Grimmsnarl, L50, M|
|poke|p2|Ceruledge, L50, F|
|poke|p2|Garchomp, L50, M|
|poke|p2|Delphox, L50, M|
|teampreview|4
|showteam|p1|Delphox||Delphoxite|Blaze|NastyPlot,HeatWave,Psychic,Protect|Timid||M|||50|]Basculegion||MysticWater|Adaptability|WaveCrash,AquaJet,LastRespects,Protect|Jolly||M|||50|]Sinistcha||CobaBerry|Hospitality|MatchaGotcha,RagePowder,LifeDew,TrickRoom|Calm|||||50|]Incineroar||SitrusBerry|Intimidate|FakeOut,PartingShot,FlareBlitz,DarkestLariat|Careful||M|||50|]Garchomp||LifeOrb|RoughSkin|Earthquake,DragonClaw,RockSlide,Protect|Jolly||F|||50|]Staraptor||Staraptite|Intimidate|CloseCombat,BraveBird,Protect,Roost|Jolly||M|||50|
|showteam|p2|Scrafty||Scraftinite|Intimidate|SwordsDance,DrainPunch,KnockOff,Detect|Adamant||F|||50|]Maushold-Four||FocusSash|FriendGuard|Encore,SuperFang,HelpingHand,FollowMe|Careful|||||50|]Grimmsnarl||LightClay|Prankster|LightScreen,Reflect,FakeOut,SpiritBreak|Careful||M|||50|]Ceruledge||Charcoal|FlashFire|BitterBlade,ShadowSneak,BulkUp,Protect|Adamant||F|||50|]Garchomp||LifeOrb|RoughSkin|Earthquake,RockSlide,DragonClaw,Protect|Jolly||M|||50|]Delphox||Delphoxite|Blaze|HeatWave,Psyshock,NastyPlot,Protect|Timid||M|||50|
|
|t:|1782359804
|teamsize|p1|4
|teamsize|p2|4
|start
|switch|p1a: Incineroar|Incineroar, L50, M|100/100
|switch|p1b: Delphox|Delphox, L50, M|100/100
|switch|p2a: Scrafty|Scrafty, L50, F|100/100
|switch|p2b: Grimmsnarl|Grimmsnarl, L50, M|100/100
|-ability|p1a: Incineroar|Intimidate|boost
|-unboost|p2a: Scrafty|atk|1
|-unboost|p2b: Grimmsnarl|atk|1
|-ability|p2a: Scrafty|Intimidate|boost
|-unboost|p1a: Incineroar|atk|1
|-unboost|p1b: Delphox|atk|1
|turn|1
|inactive|Battle timer is ON: inactive players will automatically lose when time's up. (requested by Mclovingods)
|
|t:|1782359830
|detailschange|p1b: Delphox|Delphox-Mega, L50, M
|-mega|p1b: Delphox|Delphox|Delphoxite
|move|p1b: Delphox|Protect|p1b: Delphox
|-singleturn|p1b: Delphox|Protect
|move|p1a: Incineroar|Fake Out|p2a: Scrafty
|-damage|p2a: Scrafty|93/100
|move|p2b: Grimmsnarl|Fake Out|p1a: Incineroar
|-damage|p1a: Incineroar|93/100
|cant|p2a: Scrafty|flinch
|
|upkeep
|turn|2
|
|t:|1782359853
|detailschange|p2a: Scrafty|Scrafty-Mega, L50, F
|-mega|p2a: Scrafty|Scrafty|Scraftinite
|-ability|p2a: Scrafty|Intimidate|boost
|-unboost|p1a: Incineroar|atk|1
|-unboost|p1b: Delphox|atk|1
|move|p2b: Grimmsnarl|Light Screen|p2b: Grimmsnarl
|-sidestart|p2: ripmyhopes|move: Light Screen
|move|p1b: Delphox|Nasty Plot|p1b: Delphox
|-boost|p1b: Delphox|spa|2
|move|p2a: Scrafty|Swords Dance|p2a: Scrafty
|-boost|p2a: Scrafty|atk|2
|move|p1a: Incineroar|Parting Shot|p2a: Scrafty
|-unboost|p2a: Scrafty|atk|1
|-unboost|p2a: Scrafty|spa|1
|
|t:|1782359867
|switch|p1a: Sinistcha|Sinistcha, L50|100/100|[from] Parting Shot
|
|upkeep
|turn|3
|
|t:|1782359872
|switch|p2b: Maushold|Maushold-Four, L50|100/100
|move|p2a: Scrafty|Detect|p2a: Scrafty
|-singleturn|p2a: Scrafty|Protect
|move|p1a: Sinistcha|Rage Powder|p1a: Sinistcha
|-singleturn|p1a: Sinistcha|move: Rage Powder
|move|p1b: Delphox|Heat Wave|p2b: Maushold|[spread] p2b
|-activate|p2a: Scrafty|move: Protect
|-damage|p2b: Maushold|48/100
|
|upkeep
|turn|4
|
|t:|1782359892
|move|p2b: Maushold|Helping Hand|p2a: Scrafty
|-singleturn|p2a: Scrafty|Helping Hand|[of] p2b: Maushold
|move|p1a: Sinistcha|Rage Powder|p1a: Sinistcha
|-singleturn|p1a: Sinistcha|move: Rage Powder
|move|p1b: Delphox|Heat Wave|p2a: Scrafty|[spread] p2a,p2b
|-damage|p2a: Scrafty|61/100
|-damage|p2b: Maushold|0 fnt
|-status|p2a: Scrafty|brn
|faint|p2b: Maushold
|move|p2a: Scrafty|Knock Off|p1a: Sinistcha
|-supereffective|p1a: Sinistcha|1
|-damage|p1a: Sinistcha|31/100
|-enditem|p1a: Sinistcha|Coba Berry|[from] move: Knock Off|[of] p2a: Scrafty
|
|-damage|p2a: Scrafty|55/100 brn|[from] brn
|upkeep
|
|t:|1782359904
|switch|p2b: Ceruledge|Ceruledge, L50, F|100/100
|turn|5
|
|t:|1782359920
|switch|p1a: Incineroar|Incineroar, L50, M|93/100
|-ability|p1a: Incineroar|Intimidate|boost
|-unboost|p2a: Scrafty|atk|1
|-unboost|p2b: Ceruledge|atk|1
|move|p1b: Delphox|Heat Wave|p2b: Ceruledge|[spread] p2a
|-start|p2b: Ceruledge|ability: Flash Fire
|-damage|p2a: Scrafty|10/100 brn
|move|p2b: Ceruledge|Bulk Up|p2b: Ceruledge
|-boost|p2b: Ceruledge|atk|1
|-boost|p2b: Ceruledge|def|1
|move|p2a: Scrafty|Swords Dance|p2a: Scrafty
|-boost|p2a: Scrafty|atk|2
|
|-damage|p2a: Scrafty|4/100 brn|[from] brn
|upkeep
|turn|6
|inactive|Mclovingods has 30 seconds left.
|
|t:|1782359950
|move|p1b: Delphox|Protect|p1b: Delphox
|-singleturn|p1b: Delphox|Protect
|move|p2b: Ceruledge|Shadow Sneak|p1b: Delphox
|-activate|p1b: Delphox|move: Protect
|move|p2a: Scrafty|Drain Punch|p1a: Incineroar
|-supereffective|p1a: Incineroar|1
|-damage|p1a: Incineroar|45/100
|-heal|p2a: Scrafty|33/100 brn|[from] drain|[of] p1a: Incineroar
|-enditem|p1a: Incineroar|Sitrus Berry|[eat]
|-heal|p1a: Incineroar|70/100|[from] item: Sitrus Berry
|move|p1a: Incineroar|Parting Shot|p2b: Ceruledge
|-unboost|p2b: Ceruledge|atk|1
|-unboost|p2b: Ceruledge|spa|1
|
|t:|1782359961
|switch|p1a: Basculegion|Basculegion, L50, M|100/100|[from] Parting Shot
|
|-damage|p2a: Scrafty|27/100 brn|[from] brn
|upkeep
|turn|7
|
|t:|1782359972
|move|p2b: Ceruledge|Protect|p2b: Ceruledge
|-singleturn|p2b: Ceruledge|Protect
|move|p1a: Basculegion|Aqua Jet|p2a: Scrafty
|-damage|p2a: Scrafty|5/100 brn
|move|p1b: Delphox|Psychic|p2b: Ceruledge
|-activate|p2b: Ceruledge|move: Protect
|move|p2a: Scrafty|Knock Off|p1a: Basculegion
|-supereffective|p1a: Basculegion|1
|-damage|p1a: Basculegion|17/100
|-enditem|p1a: Basculegion|Mystic Water|[from] move: Knock Off|[of] p2a: Scrafty
|
|-damage|p2a: Scrafty|0 fnt|[from] brn
|faint|p2a: Scrafty
|upkeep
|
|t:|1782359987
|switch|p2a: Grimmsnarl|Grimmsnarl, L50, M|100/100
|turn|8
|
|t:|1782359995
|move|p2a: Grimmsnarl|Fake Out|p1b: Delphox
|-damage|p1b: Delphox|82/100
|move|p1a: Basculegion|Aqua Jet|p2b: Ceruledge
|-supereffective|p2b: Ceruledge|1
|-damage|p2b: Ceruledge|60/100
|move|p2b: Ceruledge|Shadow Sneak|p1a: Basculegion
|-supereffective|p1a: Basculegion|1
|-damage|p1a: Basculegion|0 fnt
|faint|p1a: Basculegion
|cant|p1b: Delphox|flinch
|
|upkeep
|
|t:|1782360001
|switch|p1a: Sinistcha|Sinistcha, L50|31/100
|-heal|p1b: Delphox|100/100|[from] ability: Hospitality|[of] p1a: Sinistcha
|turn|9
|
|t:|1782360014
|move|p1a: Sinistcha|Rage Powder|p1a: Sinistcha
|-singleturn|p1a: Sinistcha|move: Rage Powder
|move|p1b: Delphox|Psychic|p2b: Ceruledge
|-damage|p2b: Ceruledge|0 fnt
|faint|p2b: Ceruledge
|move|p2a: Grimmsnarl|Spirit Break|p1a: Sinistcha
|-damage|p1a: Sinistcha|2/100
|-unboost|p1a: Sinistcha|spa|1
|
|-sideend|p2: ripmyhopes|move: Light Screen
|upkeep
|turn|10
|
|t:|1782360026
|move|p1b: Delphox|Heat Wave|p2a: Grimmsnarl
|-damage|p2a: Grimmsnarl|1/100
|move|p1a: Sinistcha|Matcha Gotcha|p2a: Grimmsnarl
|-damage|p2a: Grimmsnarl|0 fnt
|-heal|p1a: Sinistcha|3/100|[from] drain|[of] p2a: Grimmsnarl
|faint|p2a: Grimmsnarl
|
|win|Mclovingods
||Mclovingods is ready for game 2.
||ripmyhopes is ready for game 2.
|uhtml|next|Next: Game 2 of 3
