|j|☆Truevillany123
|j|☆ROMAIN093
|html|Truevillany123ROMAIN093    
|uhtml|bestof|Game 1 of a best-of-3
|t:|1757743284
|gametype|doubles
|player|p1|Truevillany123|101|1087
|player|p2|ROMAIN093|170|1167
|gen|9
|tier|[Gen 9] VGC 2025 Reg H (Bo3)
|rated|
|rule|Species Clause: Limit one of each Pokémon
|rule|Item Clause: Limit 1 of each item
|clearpoke
|poke|p1|Dragonite, L50, F|
|poke|p1|Ursaluna-Bloodmoon, L50, M|
|poke|p1|Gholdengo, L50|
|poke|p1|Annihilape, L50, M|
|poke|p1|Ninetales-Alola, L50, F|
|poke|p1|Rillaboom, L50, F|
|poke|p2|Incineroar, L50, M|
|poke|p2|Kingambit, L50, F|
|poke|p2|Archaludon, L50, F|
|poke|p2|Dragonite, L50, F|
|poke|p2|Rillaboom, L50, M|
|poke|p2|Sneasler, L50, F|
|teampreview|4
|showteam|p1|Dragonite||LoadedDice|Multiscale|ScaleShot,Protect,Haze,Tailwind|||F|||50|,,,,,Fairy]Ursaluna-Bloodmoon||LifeOrb|MindsEye|BloodMoon,HyperVoice,EarthPower,Protect|||M|||50|,,,,,Normal]Gholdengo||GrassySeed|GoodasGold|MakeItRain,ShadowBall,Protect,NastyPlot||||||50|,,,,,Water]Annihilape||SafetyGoggles|Defiant|DrainPunch,RageFist,Protect,BulkUp|||M|||50|,,,,,Fire]Ninetales-Alola||FocusSash|SnowWarning|IcyWind,AuroraVeil,Encore,IcicleSpear|||F|||50|,,,,,Ghost]Rillaboom||AssaultVest|GrassySurge|FakeOut,WoodHammer,HighHorsepower,Uturn|||F|||50|,,,,,Fire
|showteam|p2|Incineroar||SafetyGoggles|Intimidate|FakeOut,FlareBlitz,KnockOff,Taunt|||M|||50|,,,,,Bug]Kingambit||BlackGlasses|Defiant|TeraBlast,Protect,KowtowCleave,SuckerPunch|||F|||50|,,,,,Flying]Archaludon||PowerHerb|Stamina|ElectroShot,DragonPulse,BodyPress,Protect|||F|||50|,,,,,Grass]Dragonite||LoadedDice|Multiscale|Protect,ScaleShot,Tailwind,Haze|||F|||50|,,,,,Fairy]Rillaboom||AssaultVest|GrassySurge|FakeOut,BulletSeed,GrassyGlide,HighHorsepower|||M|||50|,,,,,Fire]Sneasler||FocusSash|PoisonTouch|FakeOut,CloseCombat,DireClaw,Protect|||F|||50|,,,,,Dark
|c|☆Truevillany123|gg u wonm
|inactive|Battle timer is ON: inactive players will automatically lose when time's up. (requested by ROMAIN093)
|inactive|ROMAIN093 has 60 seconds left.
|
|t:|1757743331
|teamsize|p1|4
|teamsize|p2|4
|start
|switch|p1a: Ursaluna|Ursaluna-Bloodmoon, L50, M|100/100
|switch|p1b: Gholdengo|Gholdengo, L50|100/100
|switch|p2a: Kingambit|Kingambit, L50, F|100/100
|switch|p2b: Sneasler|Sneasler, L50, F|100/100
|turn|1
|inactive|Truevillany123 has 30 seconds left.
|c|☆Truevillany123|gg
|inactive|Truevillany123 has 20 seconds left.
|inactive|ROMAIN093 has 30 seconds left.
|
|t:|1757743372
|move|p1b: Gholdengo|Protect|p1b: Gholdengo
|-singleturn|p1b: Gholdengo|Protect
|move|p1a: Ursaluna|Protect|p1a: Ursaluna
|-singleturn|p1a: Ursaluna|Protect
|move|p2b: Sneasler|Close Combat|p1a: Ursaluna
|-activate|p1a: Ursaluna|move: Protect
|move|p2a: Kingambit|Kowtow Cleave|p1b: Gholdengo
|-activate|p1b: Gholdengo|move: Protect
|
|upkeep
|turn|2
|c|☆Truevillany123|fucking clicked the wrong mon
|inactive|ROMAIN093 has 30 seconds left.
|
|t:|1757743398
|-terastallize|p1b: Gholdengo|Water
|move|p2a: Kingambit|Sucker Punch|p1a: Ursaluna
|-damage|p1a: Ursaluna|63/100
|move|p2b: Sneasler|Close Combat|p1a: Ursaluna
|-supereffective|p1a: Ursaluna
|-damage|p1a: Ursaluna|0 fnt
|-unboost|p2b: Sneasler|def|1
|-unboost|p2b: Sneasler|spd|1
|faint|p1a: Ursaluna
|move|p1b: Gholdengo|Make It Rain|p2a: Kingambit|[spread] p2a,p2b
|-resisted|p2a: Kingambit
|-damage|p2a: Kingambit|78/100
|-damage|p2b: Sneasler|8/100
|-unboost|p1b: Gholdengo|spa|1
|
|upkeep
|
|t:|1757743413
|switch|p1a: Annihilape|Annihilape, L50, M|100/100
|turn|3
|
|t:|1757743424
|move|p2b: Sneasler|Protect|p2b: Sneasler
|-singleturn|p2b: Sneasler|Protect
|move|p1a: Annihilape|Protect|p1a: Annihilape
|-singleturn|p1a: Annihilape|Protect
|move|p1b: Gholdengo|Protect|p1b: Gholdengo
|-singleturn|p1b: Gholdengo|Protect
|move|p2a: Kingambit|Protect||[still]
|-fail|p2a: Kingambit
|
|upkeep
|turn|4
|
|t:|1757743444
|-terastallize|p2a: Kingambit|Flying
|move|p2b: Sneasler|Dire Claw|p1a: Annihilape
|-resisted|p1a: Annihilape
|-damage|p1a: Annihilape|77/100
|-status|p1a: Annihilape|slp
|cant|p1a: Annihilape|slp
|move|p1b: Gholdengo|Make It Rain|p2b: Sneasler|[spread] p2a,p2b
|-damage|p2a: Kingambit|45/100
|-damage|p2b: Sneasler|0 fnt
|-unboost|p1b: Gholdengo|spa|1
|faint|p2b: Sneasler
|move|p2a: Kingambit|Tera Blast|p1a: Annihilape|[anim] Tera Blast Flying
|-supereffective|p1a: Annihilape
|-crit|p1a: Annihilape
|-damage|p1a: Annihilape|0 fnt
|faint|p1a: Annihilape
|
|upkeep
|inactive|ROMAIN093 has 30 seconds left.
|c|☆Truevillany123|gg
|
|t:|1757743473
|switch|p2b: Rillaboom|Rillaboom, L50, M|100/100
|switch|p1a: Ninetales|Ninetales-Alola, L50, F|100/100
|-weather|Snowscape|[from] ability: Snow Warning|[of] p1a: Ninetales
|-fieldstart|move: Grassy Terrain|[from] ability: Grassy Surge|[of] p2b: Rillaboom
|-enditem|p1b: Gholdengo|Grassy Seed
|-boost|p1b: Gholdengo|def|1|[from] item: Grassy Seed
|turn|5
|
|t:|1757743491
|move|p1b: Gholdengo|Protect|p1b: Gholdengo
|-singleturn|p1b: Gholdengo|Protect
|move|p2b: Rillaboom|Fake Out|p1a: Ninetales
|-damage|p1a: Ninetales|84/100
|cant|p1a: Ninetales|flinch
|move|p2a: Kingambit|Tera Blast|p1a: Ninetales|[anim] Tera Blast Flying
|-damage|p1a: Ninetales|34/100
|
|-weather|Snowscape|[upkeep]
|-heal|p1a: Ninetales|40/100|[from] Grassy Terrain
|upkeep
|turn|6
|
|t:|1757743508
|move|p1b: Gholdengo|Protect||[still]
|-fail|p1b: Gholdengo
|move|p2b: Rillaboom|Grassy Glide|p1a: Ninetales
|-damage|p1a: Ninetales|1/100
|move|p2a: Kingambit|Sucker Punch||[still]
|-fail|p2a: Kingambit
|move|p1a: Ninetales|Encore|p2b: Rillaboom
|-start|p2b: Rillaboom|Encore
|
|-weather|Snowscape|[upkeep]
|-heal|p1a: Ninetales|7/100|[from] Grassy Terrain
|upkeep
|turn|7
|
|t:|1757743525
|move|p2b: Rillaboom|Grassy Glide|p1a: Ninetales
|-damage|p1a: Ninetales|0 fnt
|faint|p1a: Ninetales
|move|p1b: Gholdengo|Nasty Plot|p1b: Gholdengo
|-boost|p1b: Gholdengo|spa|2
|move|p2a: Kingambit|Kowtow Cleave|p1b: Gholdengo
|-damage|p1b: Gholdengo|52/100
|
|-weather|Snowscape|[upkeep]
|-heal|p1b: Gholdengo|58/100|[from] Grassy Terrain
|upkeep
|turn|8
|
|t:|1757743538
|move|p1b: Gholdengo|Protect|p1b: Gholdengo
|-singleturn|p1b: Gholdengo|Protect
|move|p2b: Rillaboom|Grassy Glide|p1b: Gholdengo
|-activate|p1b: Gholdengo|move: Protect
|move|p2a: Kingambit|Sucker Punch||[still]
|-fail|p2a: Kingambit
|
|-weather|Snowscape|[upkeep]
|-heal|p1b: Gholdengo|64/100|[from] Grassy Terrain
|upkeep
|turn|9
|
|t:|1757743549
|move|p1b: Gholdengo|Protect||[still]
|-fail|p1b: Gholdengo
|move|p2b: Rillaboom|Grassy Glide|p1b: Gholdengo
|-supereffective|p1b: Gholdengo
|-damage|p1b: Gholdengo|4/100
|move|p2a: Kingambit|Sucker Punch||[still]
|-fail|p2a: Kingambit
|
|-weather|none
|-heal|p1b: Gholdengo|10/100|[from] Grassy Terrain
|-end|p2b: Rillaboom|Encore
|-fieldend|move: Grassy Terrain
|upkeep
|turn|10
|
|t:|1757743562
|switch|p2b: Archaludon|Archaludon, L50, F|100/100
|move|p2a: Kingambit|Sucker Punch|p1b: Gholdengo
|-damage|p1b: Gholdengo|0 fnt
|faint|p1b: Gholdengo
|
|win|ROMAIN093
