|j|☆ryoshino
|j|☆zweeta
|html|ryoshinozweeta    
|uhtml|bestof|Game 1 of a best-of-3
|t:|1756682492
|gametype|doubles
|player|p1|ryoshino|101|1359
|player|p2|zweeta|pokekid|1231
|gen|9
|tier|[Gen 9] VGC 2025 Reg H (Bo3)
|rated|
|rule|Species Clause: Limit one of each Pokémon
|rule|Item Clause: Limit 1 of each item
|clearpoke
|poke|p1|Murkrow, L50, F|
|poke|p1|Gholdengo, L50|
|poke|p1|Dondozo, L50, M|
|poke|p1|Tatsugiri, L50, F|
|poke|p1|Incineroar, L50, F|
|poke|p1|Clefable, L50, F|
|poke|p2|Gholdengo, L50|
|poke|p2|Ursaluna, L50, F|
|poke|p2|Sinistcha, L50|
|poke|p2|Sneasler, L50, M|
|poke|p2|Dragonite, L50, M|
|poke|p2|Incineroar, L50, M|
|teampreview|4
|showteam|p1|Murkrow||Eviolite|Prankster|Tailwind,FoulPlay,RainDance,Haze|||F|||50|,,,,,Ghost]Gholdengo||ChoiceSpecs|GoodasGold|MakeItRain,Trick,ShadowBall,Thunderbolt||||||50|,,,,,Steel]Dondozo||Leftovers|Unaware|WaveCrash,HeavySlam,OrderUp,Protect|||M|||50|,,,,,Grass]Tatsugiri||FocusSash|Commander|DracoMeteor,IcyWind,MuddyWater,Protect|||F|||50|,,,,,Stellar]Incineroar||SafetyGoggles|Intimidate|FlareBlitz,KnockOff,PartingShot,FakeOut|||F|||50|,,,,,Ghost]Clefable||RockyHelmet|Unaware|Moonblast,FollowMe,Encore,Protect|||F|||50|,,,,,Ghost
|showteam|p2|Gholdengo||LifeOrb|GoodasGold|MakeItRain,ShadowBall,NastyPlot,Protect||||||50|,,,,,Water]Ursaluna||FlameOrb|Guts|Facade,HeadlongRush,Earthquake,Protect|||F|||50|,,,,,Ghost]Sinistcha||SitrusBerry|Hospitality|MatchaGotcha,LifeDew,RagePowder,TrickRoom||||||50|,,,,,Dark]Sneasler||FocusSash|PoisonTouch|DireClaw,CloseCombat,Coaching,Protect|||M|||50|,,,,,Flying]Dragonite||LoadedDice|Multiscale|ScaleShot,Haze,Tailwind,Protect|||M|||50|,,,,,Fairy]Incineroar||SafetyGoggles|Intimidate|FakeOut,FlareBlitz,KnockOff,PartingShot|||M|||50|,,,,,Ghost
|inactive|Battle timer is ON: inactive players will automatically lose when time's up. (requested by zweeta)
|inactive|ryoshino also wants the timer to be on.
|
|t:|1756682517
|teamsize|p1|4
|teamsize|p2|4
|start
|switch|p1a: Gholdengo|Gholdengo, L50|100/100
|switch|p1b: Incineroar|Incineroar, L50, F, shiny|100/100
|switch|p2a: Sinistcha|Sinistcha, L50|100/100
|switch|p2b: Incineroar|Incineroar, L50, M|100/100
|-ability|p2b: Incineroar|Intimidate|boost
|-unboost|p1a: Gholdengo|atk|1
|-unboost|p1b: Incineroar|atk|1
|-ability|p1b: Incineroar|Intimidate|boost
|-unboost|p2a: Sinistcha|atk|1
|-unboost|p2b: Incineroar|atk|1
|turn|1
|
|t:|1756682530
|move|p2b: Incineroar|Fake Out|p1b: Incineroar
|-damage|p1b: Incineroar|94/100
|cant|p1b: Incineroar|flinch
|move|p1a: Gholdengo|Make It Rain|p2a: Sinistcha|[spread] p2a,p2b
|-resisted|p2b: Incineroar
|-damage|p2a: Sinistcha|33/100
|-damage|p2b: Incineroar|65/100
|-unboost|p1a: Gholdengo|spa|1
|-enditem|p2a: Sinistcha|Sitrus Berry|[eat]
|-heal|p2a: Sinistcha|58/100|[from] item: Sitrus Berry
|move|p2a: Sinistcha|Trick Room|p2a: Sinistcha
|-fieldstart|move: Trick Room|[of] p2a: Sinistcha
|
|upkeep
|turn|2
|
|t:|1756682542
|switch|p2a: Ursaluna|Ursaluna, L50, F, shiny|100/100
|move|p1b: Incineroar|Parting Shot|p2b: Incineroar
|-unboost|p2b: Incineroar|atk|1
|-unboost|p2b: Incineroar|spa|1
|
|t:|1756682547
|switch|p1b: Dondozo|Dondozo, L50, M|100/100|[from] Parting Shot
|move|p2b: Incineroar|Knock Off|p1a: Gholdengo
|-supereffective|p1a: Gholdengo
|-damage|p1a: Gholdengo|49/100
|-enditem|p1a: Gholdengo|Choice Specs|[from] move: Knock Off|[of] p2b: Incineroar
|move|p1a: Gholdengo|Make It Rain|p2a: Ursaluna|[spread] p2a,p2b
|-resisted|p2b: Incineroar
|-damage|p2a: Ursaluna|64/100
|-damage|p2b: Incineroar|50/100
|-unboost|p1a: Gholdengo|spa|1
|
|-status|p2a: Ursaluna|brn|[from] item: Flame Orb
|upkeep
|turn|3
|
|t:|1756682559
|switch|p2b: Sinistcha|Sinistcha, L50|58/100
|-heal|p2a: Ursaluna|88/100 brn|[from] ability: Hospitality|[of] p2b: Sinistcha
|switch|p1a: Incineroar|Incineroar, L50, F, shiny|94/100
|-ability|p1a: Incineroar|Intimidate|boost
|-unboost|p2a: Ursaluna|atk|1
|-unboost|p2b: Sinistcha|atk|1
|move|p1b: Dondozo|Wave Crash|p2a: Ursaluna
|-supereffective|p2a: Ursaluna
|-damage|p2a: Ursaluna|2/100 brn
|-damage|p1b: Dondozo|77/100|[from] Recoil
|move|p2a: Ursaluna|Earthquake|p1b: Dondozo|[spread] p2b,p1a,p1b
|-resisted|p2b: Sinistcha
|-supereffective|p1a: Incineroar
|-damage|p2b: Sinistcha|39/100
|-damage|p1a: Incineroar|16/100
|-damage|p1b: Dondozo|38/100
|
|-heal|p1b: Dondozo|44/100|[from] item: Leftovers
|-damage|p2a: Ursaluna|0 fnt|[from] brn
|faint|p2a: Ursaluna
|upkeep
|
|t:|1756682565
|switch|p2a: Incineroar|Incineroar, L50, M|50/100
|-ability|p2a: Incineroar|Intimidate|boost
|-unboost|p1a: Incineroar|atk|1
|-unboost|p1b: Dondozo|atk|1
|turn|4
|
|t:|1756682576
|move|p1b: Dondozo|Protect|p1b: Dondozo
|-singleturn|p1b: Dondozo|Protect
|move|p1a: Incineroar|Fake Out|p2a: Incineroar
|-damage|p2a: Incineroar|42/100
|move|p2b: Sinistcha|Matcha Gotcha|p1b: Dondozo|[spread] p1a
|-activate|p1b: Dondozo|move: Protect
|-resisted|p1a: Incineroar
|-damage|p1a: Incineroar|7/100
|-heal|p2b: Sinistcha|45/100|[from] drain|[of] p1a: Incineroar
|cant|p2a: Incineroar|flinch
|
|-heal|p1b: Dondozo|51/100|[from] item: Leftovers
|upkeep
|turn|5
|
|t:|1756682596
|switch|p1b: Gholdengo|Gholdengo, L50|49/100
|move|p1a: Incineroar|Parting Shot|p2a: Incineroar
|-unboost|p2a: Incineroar|atk|1
|-unboost|p2a: Incineroar|spa|1
|
|t:|1756682598
|switch|p1a: Dondozo|Dondozo, L50, M|51/100|[from] Parting Shot
|move|p2b: Sinistcha|Matcha Gotcha|p1a: Dondozo|[spread] p1a,p1b
|-supereffective|p1a: Dondozo
|-resisted|p1b: Gholdengo
|-damage|p1a: Dondozo|2/100
|-heal|p2b: Sinistcha|80/100|[from] drain|[of] p1a: Dondozo
|-damage|p1b: Gholdengo|34/100
|-heal|p2b: Sinistcha|87/100|[from] drain|[of] p1b: Gholdengo
|move|p2a: Incineroar|Parting Shot|p1b: Gholdengo
|-immune|p1b: Gholdengo|[from] ability: Good as Gold
|
|-heal|p1a: Dondozo|8/100|[from] item: Leftovers
|-fieldend|move: Trick Room
|upkeep
|turn|6
|
|t:|1756682611
|-terastallize|p1b: Gholdengo|Steel
|-terastallize|p2b: Sinistcha|Dark
|move|p1a: Dondozo|Protect|p1a: Dondozo
|-singleturn|p1a: Dondozo|Protect
|move|p1b: Gholdengo|Make It Rain|p2b: Sinistcha|[spread] p2a,p2b
|-resisted|p2a: Incineroar
|-damage|p2a: Incineroar|7/100
|-damage|p2b: Sinistcha|23/100
|-unboost|p1b: Gholdengo|spa|1
|move|p2a: Incineroar|Knock Off|p1a: Dondozo
|-activate|p1a: Dondozo|move: Protect
|move|p2b: Sinistcha|Trick Room|p2b: Sinistcha
|-fieldstart|move: Trick Room|[of] p2b: Sinistcha
|
|-heal|p1a: Dondozo|14/100|[from] item: Leftovers
|upkeep
|turn|7
|
|t:|1756682630
|switch|p1a: Tatsugiri|Tatsugiri, L50, F|100/100
|switch|p1b: Incineroar|Incineroar, L50, F, shiny|7/100
|-ability|p1b: Incineroar|Intimidate|boost
|-unboost|p2a: Incineroar|atk|1
|-unboost|p2b: Sinistcha|atk|1
|move|p2b: Sinistcha|Matcha Gotcha|p1b: Incineroar|[spread] p1a,p1b
|-resisted|p1b: Incineroar
|-damage|p1a: Tatsugiri|68/100
|-heal|p2b: Sinistcha|36/100|[from] drain|[of] p1a: Tatsugiri
|-damage|p1b: Incineroar|0 fnt
|-heal|p2b: Sinistcha|40/100|[from] drain|[of] p1b: Incineroar
|faint|p1b: Incineroar
|move|p2a: Incineroar|Flare Blitz|p1a: Tatsugiri
|-resisted|p1a: Tatsugiri
|-damage|p1a: Tatsugiri|56/100
|-damage|p2a: Incineroar|4/100|[from] Recoil
|
|upkeep
|
|t:|1756682635
|switch|p1b: Dondozo|Dondozo, L50, M|14/100
|-activate|p1a: Tatsugiri|ability: Commander|[of] p1b: Dondozo
|-boost|p1b: Dondozo|atk|2
|-boost|p1b: Dondozo|spa|2
|-boost|p1b: Dondozo|spe|2
|-boost|p1b: Dondozo|def|2
|-boost|p1b: Dondozo|spd|2
|turn|8
|
|t:|1756682644
|move|p2b: Sinistcha|Matcha Gotcha|p1b: Dondozo|[spread] p1b
|-miss|p2b: Sinistcha|p1a: Tatsugiri
|-supereffective|p1b: Dondozo
|-damage|p1b: Dondozo|0 fnt
|-heal|p2b: Sinistcha|50/100|[from] drain|[of] p1b: Dondozo
|faint|p1b: Dondozo
|move|p2a: Incineroar|Parting Shot|p1a: Tatsugiri
|-unboost|p1a: Tatsugiri|atk|1
|-unboost|p1a: Tatsugiri|spa|1
|
|t:|1756682649
|switch|p2a: Gholdengo|Gholdengo, L50, shiny|100/100|[from] Parting Shot
|
|upkeep
|
|t:|1756682651
|switch|p1b: Gholdengo|Gholdengo, L50, tera:Steel|34/100
|turn|9
|
|t:|1756682661
|move|p2a: Gholdengo|Protect|p2a: Gholdengo
|-singleturn|p2a: Gholdengo|Protect
|move|p2b: Sinistcha|Matcha Gotcha|p1a: Tatsugiri|[spread] p1a,p1b
|-resisted|p1b: Gholdengo
|-damage|p1a: Tatsugiri|26/100
|-heal|p2b: Sinistcha|62/100|[from] drain|[of] p1a: Tatsugiri
|-damage|p1b: Gholdengo|20/100
|-heal|p2b: Sinistcha|69/100|[from] drain|[of] p1b: Gholdengo
|move|p1b: Gholdengo|Make It Rain|p2b: Sinistcha|[spread] p2b
|-activate|p2a: Gholdengo|move: Protect
|-damage|p2b: Sinistcha|9/100
|-unboost|p1b: Gholdengo|spa|1
|move|p1a: Tatsugiri|Muddy Water|p2b: Sinistcha|[spread] p2b
|-activate|p2a: Gholdengo|move: Protect
|-damage|p2b: Sinistcha|0 fnt
|faint|p2b: Sinistcha
|
|upkeep
|
|t:|1756682667
|switch|p2b: Incineroar|Incineroar, L50, M|4/100
|-ability|p2b: Incineroar|Intimidate|boost
|-unboost|p1a: Tatsugiri|atk|1
|-unboost|p1b: Gholdengo|atk|1
|turn|10
|
|t:|1756682672
|move|p2b: Incineroar|Fake Out|p1a: Tatsugiri
|-damage|p1a: Tatsugiri|3/100
|move|p1b: Gholdengo|Shadow Ball|p2a: Gholdengo
|-supereffective|p2a: Gholdengo
|-damage|p2a: Gholdengo|26/100
|cant|p1a: Tatsugiri|flinch
|move|p2a: Gholdengo|Shadow Ball|p1b: Gholdengo
|-damage|p1b: Gholdengo|0 fnt
|faint|p1b: Gholdengo
|-damage|p2a: Gholdengo|16/100|[from] item: Life Orb
|
|-fieldend|move: Trick Room
|upkeep
|turn|11
|
|t:|1756682679
|move|p2a: Gholdengo|Shadow Ball|p1a: Tatsugiri
|-damage|p1a: Tatsugiri|0 fnt
|faint|p1a: Tatsugiri
|-damage|p2a: Gholdengo|7/100|[from] item: Life Orb
|
|win|zweeta
||ryoshino is ready for game 2.
||zweeta is ready for game 2.
|uhtml|next|Next: Game 2 of 3
