|j|☆fernsthedruids
|j|☆Bruneauxx
|html|fernsthedruidsBruneauxx    
|uhtml|bestof|Game 2 of a best-of-3
|t:|1757816588
|gametype|doubles
|player|p1|fernsthedruids|1|1177
|player|p2|Bruneauxx|fisherman-gen4|1205
|gen|9
|tier|[Gen 9] VGC 2025 Reg H (Bo3)
|rated|
|rule|Species Clause: Limit one of each Pokémon
|rule|Item Clause: Limit 1 of each item
|clearpoke
|poke|p1|Tyranitar, L50, F|
|poke|p1|Indeedee, L50, M|
|poke|p1|Excadrill, L50, M|
|poke|p1|Talonflame, L50, F|
|poke|p1|Dragonite, L50, M|
|poke|p1|Gholdengo, L50|
|poke|p2|Braviary-Hisui, L50, M|
|poke|p2|Sneasler, L50, M|
|poke|p2|Indeedee-F, L50, F|
|poke|p2|Pelipper, L50, F|
|poke|p2|Archaludon, L50, F|
|poke|p2|Kingambit, L50, M|
|teampreview|4
|showteam|p1|Tyranitar||ClearAmulet|SandStream|Protect,KnockOff,RockSlide,DragonDance|||F|||50|,,,,,Flying]Indeedee||ChoiceScarf|PsychicSurge|ExpandingForce,TeraBlast,Trick,Protect|||M|||50|,,,,,Psychic]Excadrill||ChoiceBand|SandRush|Earthquake,HighHorsepower,IronHead,RockSlide|||M|||50|,,,,,Ground]Talonflame||CovertCloak|GaleWings|FlareBlitz,Taunt,Tailwind,BraveBird|||F|||50|,,,,,Flying]Dragonite||LoadedDice|InnerFocus|ScaleShot,Protect,Haze,Tailwind|||M|||50|,,,,,Fairy]Gholdengo||LifeOrb|GoodasGold|Protect,NastyPlot,ShadowBall,MakeItRain||||||50|,,,,,Flying
|showteam|p2|Braviary-Hisui||TwistedSpoon|TintedLens|ExpandingForce,AirSlash,EsperWing,Protect|||M|||50|,,,,,Psychic]Sneasler||PsychicSeed|Unburden|DireClaw,CloseCombat,ThroatChop,Protect|||M|||50|,,,,,Dark]Indeedee-F||SafetyGoggles|PsychicSurge|DazzlingGleam,FollowMe,TrickRoom,HelpingHand|||F|||50|,,,,,Fairy]Pelipper||FocusSash|Drizzle|Hurricane,WeatherBall,Tailwind,Protect|||F|||50|,,,,,Stellar]Archaludon||AssaultVest|Stamina|ElectroShot,FlashCannon,DragonPulse,BodyPress|||F|||50|,,,,,Grass]Kingambit||BlackGlasses|Defiant|KowtowCleave,LowKick,SuckerPunch,Protect|||M|||50|,,,,,Dark
|
|t:|1757816641
|teamsize|p1|4
|teamsize|p2|4
|start
|switch|p1a: Talonflame|Talonflame, L50, F|100/100
|switch|p1b: Dragonite|Dragonite, L50, M|100/100
|switch|p2a: Sneasler|Sneasler, L50, M|100/100
|switch|p2b: Indeedee|Indeedee-F, L50, F|100/100
|-fieldstart|move: Psychic Terrain|[from] ability: Psychic Surge|[of] p2b: Indeedee
|-enditem|p2a: Sneasler|Psychic Seed
|-boost|p2a: Sneasler|spd|1|[from] item: Psychic Seed
|turn|1
|inactive|Battle timer is ON: inactive players will automatically lose when time's up. (requested by Bruneauxx)
|
|t:|1757816651
|move|p2b: Indeedee|Helping Hand|p2a: Sneasler
|-singleturn|p2a: Sneasler|Helping Hand|[of] p2b: Indeedee
|move|p1b: Dragonite|Protect|p1b: Dragonite
|-singleturn|p1b: Dragonite|Protect
|move|p2a: Sneasler|Dire Claw|p1a: Talonflame
|-damage|p1a: Talonflame|17/100
|move|p1a: Talonflame|Taunt|p2b: Indeedee
|-start|p2b: Indeedee|move: Taunt
|
|upkeep
|turn|2
|inactive|Bruneauxx has 30 seconds left.
|
|t:|1757816680
|switch|p1a: Gholdengo|Gholdengo, L50|100/100
|switch|p2b: Archaludon|Archaludon, L50, F|100/100
|move|p2a: Sneasler|Throat Chop|p1a: Gholdengo
|-supereffective|p1a: Gholdengo
|-damage|p1a: Gholdengo|43/100
|-start|p1a: Gholdengo|Throat Chop|[silent]
|move|p1b: Dragonite|Scale Shot|p2a: Sneasler
|-damage|p2a: Sneasler|75/100
|-damage|p2a: Sneasler|52/100
|-damage|p2a: Sneasler|27/100
|-damage|p2a: Sneasler|2/100
|-damage|p2a: Sneasler|0 fnt
|faint|p2a: Sneasler
|-hitcount|p2: Sneasler|5
|-unboost|p1b: Dragonite|def|1
|-boost|p1b: Dragonite|spe|1
|
|upkeep
|
|t:|1757816700
|switch|p2a: Indeedee|Indeedee-F, L50, F|100/100
|turn|3
|
|t:|1757816714
|move|p1a: Gholdengo|Protect|p1a: Gholdengo
|-singleturn|p1a: Gholdengo|Protect
|move|p1b: Dragonite|Scale Shot|p2a: Indeedee
|-damage|p2a: Indeedee|85/100
|-damage|p2a: Indeedee|71/100
|-damage|p2a: Indeedee|54/100
|-damage|p2a: Indeedee|39/100
|-damage|p2a: Indeedee|25/100
|-hitcount|p2a: Indeedee|5
|-unboost|p1b: Dragonite|def|1
|-boost|p1b: Dragonite|spe|1
|move|p2b: Archaludon|Dragon Pulse|p1a: Gholdengo
|-activate|p1a: Gholdengo|move: Protect
|move|p2a: Indeedee|Trick Room|p2a: Indeedee
|-fieldstart|move: Trick Room|[of] p2a: Indeedee
|
|-end|p1a: Gholdengo|Throat Chop|[silent]
|upkeep
|turn|4
|
|t:|1757816733
|move|p2a: Indeedee|Dazzling Gleam|p1b: Dragonite|[spread] p1a,p1b
|-resisted|p1a: Gholdengo
|-supereffective|p1b: Dragonite
|-damage|p1a: Gholdengo|37/100
|-damage|p1b: Dragonite|74/100
|move|p1a: Gholdengo|Shadow Ball|p2b: Archaludon
|-damage|p2b: Archaludon|57/100
|-ability|p2b: Archaludon|Stamina|boost
|-boost|p2b: Archaludon|def|1
|-damage|p1a: Gholdengo|27/100|[from] item: Life Orb
|move|p2b: Archaludon|Dragon Pulse|p1a: Gholdengo
|-resisted|p1a: Gholdengo
|-damage|p1a: Gholdengo|4/100
|move|p1b: Dragonite|Scale Shot|p2a: Indeedee
|-damage|p2a: Indeedee|11/100
|-damage|p2a: Indeedee|0 fnt
|faint|p2a: Indeedee
|-hitcount|p2: Indeedee|2
|-unboost|p1b: Dragonite|def|1
|-boost|p1b: Dragonite|spe|1
|
|upkeep
|
|t:|1757816736
|switch|p2a: Braviary|Braviary-Hisui, L50, M|100/100
|turn|5
|
|t:|1757816752
|-terastallize|p2a: Braviary|Psychic
|move|p1a: Gholdengo|Protect|p1a: Gholdengo
|-singleturn|p1a: Gholdengo|Protect
|move|p1b: Dragonite|Protect|p1b: Dragonite
|-singleturn|p1b: Dragonite|Protect
|move|p2a: Braviary|Expanding Force|p1b: Dragonite|[spread] 
|-activate|p1a: Gholdengo|move: Protect
|-activate|p1b: Dragonite|move: Protect
|move|p2b: Archaludon|Dragon Pulse|p1b: Dragonite
|-activate|p1b: Dragonite|move: Protect
|
|-fieldend|move: Psychic Terrain
|upkeep
|turn|6
|
|t:|1757816762
|move|p1a: Gholdengo|Shadow Ball|p2b: Archaludon
|-damage|p2b: Archaludon|7/100
|-ability|p2b: Archaludon|Stamina|boost
|-boost|p2b: Archaludon|def|1
|-damage|p1a: Gholdengo|0 fnt|[from] item: Life Orb
|faint|p1a: Gholdengo
|move|p2b: Archaludon|Dragon Pulse|p1b: Dragonite
|-supereffective|p1b: Dragonite
|-damage|p1b: Dragonite|0 fnt
|faint|p1b: Dragonite
|move|p2a: Braviary|Expanding Force|p1: Gholdengo|[notarget]
|-fail|p2a: Braviary
|
|upkeep
|
|t:|1757816772
|switch|p1a: Talonflame|Talonflame, L50, F|17/100
|switch|p1b: Excadrill|Excadrill, L50, M|100/100
|turn|7
|
|t:|1757816788
|-terastallize|p1b: Excadrill|Ground
|move|p2b: Archaludon|Body Press|p1b: Excadrill
|-damage|p1b: Excadrill|28/100
|move|p2a: Braviary|Esper Wing|p1b: Excadrill
|-damage|p1b: Excadrill|0 fnt
|-boost|p2a: Braviary|spe|1
|faint|p1b: Excadrill
|move|p1a: Talonflame|Tailwind|p1a: Talonflame
|-sidestart|p1: fernsthedruids|move: Tailwind
|
|-fieldend|move: Trick Room
|upkeep
|turn|8
|-message|fernsthedruids forfeited.
|
|win|Bruneauxx
||fernsthedruids is ready for game 3.
||Bruneauxx is ready for game 3.
|uhtml|next|Next: Game 3 of 3
|l|☆Bruneauxx
|player|p2|
