|j|☆WASHINGTONGARGACHA
|j|☆yousickbastard
|html|WASHINGTONGARGACHAyousickbastard    
|uhtml|bestof|Game 2 of a best-of-3
|t:|1757769391
|gametype|doubles
|player|p1|WASHINGTONGARGACHA|101|1136
|player|p2|yousickbastard|birdkeeper-gen4dp|1217
|gen|9
|tier|[Gen 9] VGC 2025 Reg H (Bo3)
|rated|
|rule|Species Clause: Limit one of each Pokémon
|rule|Item Clause: Limit 1 of each item
|clearpoke
|poke|p1|Talonflame, L50, M|
|poke|p1|Gholdengo, L50|
|poke|p1|Dragonite, L50, F|
|poke|p1|Archaludon, L50, F|
|poke|p1|Tyranitar, L50, M|
|poke|p1|Garchomp, L50, M|
|poke|p2|Gholdengo, L50|
|poke|p2|Sneasler, L50, M|
|poke|p2|Rillaboom, L50, M|
|poke|p2|Dragonite, L50, M|
|poke|p2|Ninetales-Alola, L50, F|
|poke|p2|Arcanine-Hisui, L50, M|
|teampreview|4
|showteam|p1|Talonflame||CovertCloak|GaleWings|Tailwind,DualWingbeat,Taunt,FlareBlitz|||M|||50|,,,,,Stellar]Gholdengo||LifeOrb|GoodasGold|MakeItRain,NastyPlot,ShadowBall,Protect||||||50|,,,,,Steel]Dragonite||LoadedDice|Multiscale|ScaleShot,IceSpinner,Haze,Protect|||F|||50|,,,,,Steel]Archaludon||PowerHerb|Sturdy|FlashCannon,ElectroShot,DracoMeteor,Protect|||F|||50|,,,,,Flying]Tyranitar||AssaultVest|SandStream|KnockOff,RockSlide,TeraBlast,LowKick|||M|||50|,,,,,Flying]Garchomp||ClearAmulet|RoughSkin|DragonClaw,StompingTantrum,Earthquake,Protect|||M|||50|,,,,,Steel
|showteam|p2|Gholdengo||GrassySeed|GoodasGold|NastyPlot,MakeItRain,ShadowBall,Protect||||||50|,,,,,Water]Sneasler||WhiteHerb|Unburden|CloseCombat,DireClaw,Coaching,Protect|||M|||50|,,,,,Ghost]Rillaboom||AssaultVest|GrassySurge|FakeOut,GrassyGlide,DrumBeating,HighHorsepower|||M|||50|,,,,,Fire]Dragonite||LoadedDice|Multiscale|ScaleShot,StompingTantrum,Tailwind,Protect|||M|||50|,,,,,Ground]Ninetales-Alola||FocusSash|SnowWarning|Blizzard,IcyWind,Encore,AuroraVeil|||F|||50|,,,,,Ghost]Arcanine-Hisui||ClearAmulet|Intimidate|RockSlide,FlareBlitz,ExtremeSpeed,Protect|||M|||50|,,,,,Water
|
|t:|1757769404
|teamsize|p1|4
|teamsize|p2|4
|start
|switch|p1a: Talonflame|Talonflame, L50, M|100/100
|switch|p1b: Tyranitar|Tyranitar, L50, M|100/100
|switch|p2a: Niners|Ninetales-Alola, L50, F|100/100
|switch|p2b: Arcanine|Arcanine-Hisui, L50, M|100/100
|-weather|Snowscape|[from] ability: Snow Warning|[of] p2a: Niners
|-ability|p2b: Arcanine|Intimidate|boost
|-unboost|p1a: Talonflame|atk|1
|-unboost|p1b: Tyranitar|atk|1
|-weather|Sandstorm|[from] ability: Sand Stream|[of] p1b: Tyranitar
|turn|1
|
|t:|1757769429
|switch|p2a: Rillaboom|Rillaboom, L50, M|100/100
|-fieldstart|move: Grassy Terrain|[from] ability: Grassy Surge|[of] p2a: Rillaboom
|move|p1a: Talonflame|Flare Blitz|p2a: Rillaboom
|-supereffective|p2a: Rillaboom
|-damage|p2a: Rillaboom|43/100
|-damage|p1a: Talonflame|78/100|[from] Recoil
|move|p2b: Arcanine|Rock Slide|p1a: Talonflame|[spread] p1a,p1b
|-supereffective|p1a: Talonflame
|-damage|p1a: Talonflame|0 fnt
|-damage|p1b: Tyranitar|78/100
|faint|p1a: Talonflame
|move|p1b: Tyranitar|Rock Slide|p2a: Rillaboom|[spread] 
|-miss|p1b: Tyranitar|p2a: Rillaboom
|-miss|p1b: Tyranitar|p2b: Arcanine
|
|-weather|Sandstorm|[upkeep]
|-damage|p2a: Rillaboom|38/100|[from] Sandstorm
|-heal|p2a: Rillaboom|43/100|[from] Grassy Terrain
|-heal|p1b: Tyranitar|84/100|[from] Grassy Terrain
|upkeep
|
|t:|1757769451
|switch|p1a: Garchomp|Garchomp, L50, M|100/100
|turn|2
|
|t:|1757769478
|switch|p2b: Niners|Ninetales-Alola, L50, F|100/100
|-weather|Snowscape|[from] ability: Snow Warning|[of] p2b: Niners
|switch|p2a: Gholdengo|Gholdengo, L50|100/100
|-enditem|p2a: Gholdengo|Grassy Seed
|-boost|p2a: Gholdengo|def|1|[from] item: Grassy Seed
|move|p1a: Garchomp|Protect|p1a: Garchomp
|-singleturn|p1a: Garchomp|Protect
|move|p1b: Tyranitar|Rock Slide|p2a: Gholdengo|[spread] p2a,p2b
|-resisted|p2a: Gholdengo
|-supereffective|p2b: Niners
|-damage|p2a: Gholdengo|94/100
|-damage|p2b: Niners|64/100
|
|-weather|Snowscape|[upkeep]
|-heal|p2b: Niners|70/100|[from] Grassy Terrain
|-heal|p2a: Gholdengo|100/100|[from] Grassy Terrain
|-heal|p1b: Tyranitar|90/100|[from] Grassy Terrain
|upkeep
|turn|3
|
|t:|1757769517
|-terastallize|p1a: Garchomp|Steel
|-terastallize|p2a: Gholdengo|Water
|move|p2b: Niners|Encore|p1a: Garchomp
|-start|p1a: Garchomp|Encore
|move|p1a: Garchomp|Protect||[still]
|-fail|p1a: Garchomp
|move|p2a: Gholdengo|Nasty Plot|p2a: Gholdengo
|-boost|p2a: Gholdengo|spa|2
|move|p1b: Tyranitar|Knock Off|p2a: Gholdengo
|-damage|p2a: Gholdengo|86/100
|
|-weather|Snowscape|[upkeep]
|-heal|p2b: Niners|76/100|[from] Grassy Terrain
|-heal|p2a: Gholdengo|92/100|[from] Grassy Terrain
|-heal|p1b: Tyranitar|95/100|[from] Grassy Terrain
|upkeep
|turn|4
|
|t:|1757769534
|move|p1a: Garchomp|Protect|p1a: Garchomp
|-singleturn|p1a: Garchomp|Protect
|move|p2b: Niners|Aurora Veil|p2b: Niners
|-sidestart|p2: yousickbastard|move: Aurora Veil
|move|p2a: Gholdengo|Nasty Plot|p2a: Gholdengo
|-boost|p2a: Gholdengo|spa|2
|move|p1b: Tyranitar|Rock Slide|p2a: Gholdengo|[spread] p2a,p2b
|-supereffective|p2b: Niners
|-damage|p2a: Gholdengo|82/100
|-damage|p2b: Niners|47/100
|
|-weather|Snowscape|[upkeep]
|-heal|p2b: Niners|53/100|[from] Grassy Terrain
|-heal|p2a: Gholdengo|89/100|[from] Grassy Terrain
|-heal|p1b: Tyranitar|100/100|[from] Grassy Terrain
|upkeep
|turn|5
|
|t:|1757769553
|switch|p2b: Rillaboom|Rillaboom, L50, M|43/100
|move|p1a: Garchomp|Protect||[still]
|-fail|p1a: Garchomp
|move|p2a: Gholdengo|Make It Rain|p1b: Tyranitar|[spread] p1a,p1b
|-resisted|p1a: Garchomp
|-supereffective|p1b: Tyranitar
|-damage|p1a: Garchomp|27/100
|-damage|p1b: Tyranitar|0 fnt
|-unboost|p2a: Gholdengo|spa|1
|faint|p1b: Tyranitar
|
|-weather|Snowscape|[upkeep]
|-heal|p1a: Garchomp|33/100|[from] Grassy Terrain
|-heal|p2b: Rillaboom|49/100|[from] Grassy Terrain
|-heal|p2a: Gholdengo|95/100|[from] Grassy Terrain
|-end|p1a: Garchomp|Encore
|-fieldend|move: Grassy Terrain
|upkeep
|
|t:|1757769568
|switch|p1b: Gholdengo|Gholdengo, L50|100/100
|turn|6
|
|t:|1757769578
|move|p2b: Rillaboom|Fake Out|p1a: Garchomp
|-resisted|p1a: Garchomp
|-damage|p1a: Garchomp|27/100
|-damage|p2b: Rillaboom|37/100|[from] ability: Rough Skin|[of] p1a: Garchomp
|cant|p1a: Garchomp|flinch
|move|p1b: Gholdengo|Shadow Ball|p2a: Gholdengo
|-damage|p2a: Gholdengo|56/100
|-damage|p1b: Gholdengo|91/100|[from] item: Life Orb
|move|p2a: Gholdengo|Shadow Ball|p1b: Gholdengo
|-supereffective|p1b: Gholdengo
|-damage|p1b: Gholdengo|0 fnt
|faint|p1b: Gholdengo
|
|-weather|none
|upkeep
|turn|7
|-message|WASHINGTONGARGACHA forfeited.
|
|win|yousickbastard
