|j|☆Game player 28
|j|☆Cristante terabug
|html|Game player 28Cristante terabug    
|uhtml|bestof|Game 2 of a best-of-3
|t:|1757185522
|gametype|doubles
|player|p1|Game player 28|volkner|1053
|player|p2|Cristante terabug|kieran-champion|1161
|gen|9
|tier|[Gen 9] VGC 2025 Reg H (Bo3)
|rated|
|rule|Species Clause: Limit one of each Pokémon
|rule|Item Clause: Limit 1 of each item
|clearpoke
|poke|p1|Gothitelle, L50, M|
|poke|p1|Politoed, L50, M|
|poke|p1|Archaludon, L50, F|
|poke|p1|Incineroar, L50, M|
|poke|p1|Porygon2, L50|
|poke|p1|Ursaluna-Bloodmoon, L50, M|
|poke|p2|Incineroar, L50, M|
|poke|p2|Pelipper, L50, M|
|poke|p2|Archaludon, L50, M|
|poke|p2|Dragonite, L50, M|
|poke|p2|Sinistcha, L50|
|poke|p2|Ursaluna, L50, M|
|teampreview|4
|showteam|p1|Gothitelle||SitrusBerry|ShadowTag|FakeOut,Protect,Taunt,Psychic|||M|||50|,,,,,Water]Politoed||Leftovers|Drizzle|WeatherBall,Protect,Encore,PerishSong|||M|||50|,,,,,Grass]Archaludon||PowerHerb|Stalwart|FlashCannon,DracoMeteor,ElectroShot,Protect|||F|||50|,,,,,Fairy]Incineroar||LifeOrb|Intimidate|FakeOut,FlareBlitz,KnockOff,Protect|||M|||50|,,,,,Ghost]Porygon2||Eviolite|Download|Recover,TeraBlast,Protect,IcyWind||||||50|,,,,,Steel]Ursaluna-Bloodmoon||ThroatSpray|MindsEye|BloodMoon,EarthPower,HyperVoice,Protect|||M|||50|,,,,,Normal
|showteam|p2|Incineroar||SafetyGoggles|Intimidate|FakeOut,PartingShot,KnockOff,Taunt|||M|||50|,,,,,Ghost]Pelipper||FocusSash|Drizzle|Hurricane,MuddyWater,Tailwind,Protect|||M|||50|,,,,,Ghost]Archaludon||AssaultVest|Stamina|ElectroShot,Snarl,FlashCannon,BodyPress|||M|||50|,,,,,Fighting]Dragonite||LoadedDice|Multiscale|ScaleShot,Tailwind,Haze,Protect|||M|||50|,,,,,Fairy]Sinistcha||SitrusBerry|Hospitality|MatchaGotcha,RagePowder,LifeDew,TrickRoom||||||50|,,,,,Dark]Ursaluna||FlameOrb|Guts|Earthquake,Facade,HeadlongRush,Protect|||M|||50|,,,,,Ghost
|
|t:|1757185539
|teamsize|p1|4
|teamsize|p2|4
|start
|switch|p1a: Gothitelle|Gothitelle, L50, M|100/100
|switch|p1b: Politoed|Politoed, L50, M|100/100
|switch|p2a: Paolo|Dragonite, L50, M|100/100
|switch|p2b: Olmo|Ursaluna, L50, M|100/100
|-weather|RainDance|[from] ability: Drizzle|[of] p1b: Politoed
|turn|1
|
|t:|1757185556
|-terastallize|p2b: Olmo|Ghost
|move|p1a: Gothitelle|Fake Out|p2a: Paolo
|-damage|p2a: Paolo|97/100
|cant|p2a: Paolo|flinch
|move|p2b: Olmo|Headlong Rush|p1b: Politoed
|-damage|p1b: Politoed|12/100
|-unboost|p2b: Olmo|def|1
|-unboost|p2b: Olmo|spd|1
|move|p1b: Politoed|Perish Song|p1b: Politoed
|-start|p1a: Gothitelle|perish3|[silent]
|-start|p1b: Politoed|perish3|[silent]
|-start|p2a: Paolo|perish3|[silent]
|-start|p2b: Olmo|perish3|[silent]
|-fieldactivate|move: Perish Song
|
|-weather|RainDance|[upkeep]
|-heal|p1b: Politoed|18/100|[from] item: Leftovers
|-start|p2a: Paolo|perish3
|-start|p2b: Olmo|perish3
|-start|p1b: Politoed|perish3
|-start|p1a: Gothitelle|perish3
|-status|p2b: Olmo|brn|[from] item: Flame Orb
|upkeep
|turn|2
|
|t:|1757185583
|move|p1a: Gothitelle|Protect|p1a: Gothitelle
|-singleturn|p1a: Gothitelle|Protect
|move|p2a: Paolo|Tailwind|p2a: Paolo
|-sidestart|p2: Cristante terabug|move: Tailwind
|move|p2b: Olmo|Earthquake|p1a: Gothitelle|[spread] p1b
|-activate|p1a: Gothitelle|move: Protect
|-immune|p2a: Paolo
|-damage|p1b: Politoed|0 fnt
|faint|p1b: Politoed
|
|-weather|RainDance|[upkeep]
|-damage|p2b: Olmo|94/100 brn|[from] brn
|-start|p2a: Paolo|perish2
|-start|p2b: Olmo|perish2
|-start|p1a: Gothitelle|perish2
|upkeep
|
|t:|1757185590
|switch|p1b: Incineroar|Incineroar, L50, M|100/100
|-ability|p1b: Incineroar|Intimidate|boost
|-unboost|p2a: Paolo|atk|1
|-unboost|p2b: Olmo|atk|1
|turn|3
|
|t:|1757185622
|switch|p2b: Luca|Archaludon, L50, M|100/100
|-terastallize|p1b: Incineroar|Ghost
|move|p1b: Incineroar|Fake Out|p2a: Paolo
|-damage|p2a: Paolo|81/100
|-damage|p1b: Incineroar|91/100|[from] item: Life Orb
|cant|p2a: Paolo|flinch
|move|p1a: Gothitelle|Psychic|p2a: Paolo
|-damage|p2a: Paolo|47/100
|
|-weather|RainDance|[upkeep]
|-start|p2a: Paolo|perish1
|-start|p1a: Gothitelle|perish1
|upkeep
|turn|4
|
|t:|1757185644
|switch|p1a: Ursaluna|Ursaluna-Bloodmoon, L50, M|100/100
|move|p1b: Incineroar|Protect|p1b: Incineroar
|-singleturn|p1b: Incineroar|Protect
|move|p2a: Paolo|Scale Shot|p2b: Luca
|-damage|p2b: Luca|95/100
|-ability|p2b: Luca|Stamina|boost
|-boost|p2b: Luca|def|1
|-damage|p2b: Luca|91/100
|-ability|p2b: Luca|Stamina|boost
|-boost|p2b: Luca|def|1
|-damage|p2b: Luca|88/100
|-ability|p2b: Luca|Stamina|boost
|-boost|p2b: Luca|def|1
|-damage|p2b: Luca|84/100
|-ability|p2b: Luca|Stamina|boost
|-boost|p2b: Luca|def|1
|-damage|p2b: Luca|82/100
|-ability|p2b: Luca|Stamina|boost
|-boost|p2b: Luca|def|1
|-hitcount|p2b: Luca|5
|-unboost|p2a: Paolo|def|1
|-boost|p2a: Paolo|spe|1
|move|p2b: Luca|Snarl|p1a: Ursaluna|[spread] p1a
|-activate|p1b: Incineroar|move: Protect
|-damage|p1a: Ursaluna|86/100
|-unboost|p1a: Ursaluna|spa|1
|
|-weather|RainDance|[upkeep]
|-start|p2a: Paolo|perish0
|faint|p2a: Paolo
|upkeep
|
|t:|1757185651
|switch|p2a: Olmo|Ursaluna, L50, M, tera:Ghost|94/100 brn
|turn|5
|
|t:|1757185678
|switch|p1b: Gothitelle|Gothitelle, L50, M|100/100
|move|p2b: Luca|Electro Shot||[still]
|-prepare|p2b: Luca|Electro Shot
|-boost|p2b: Luca|spa|1
|-anim|p2b: Luca|Electro Shot|p1b: Gothitelle
|-damage|p1b: Gothitelle|63/100
|move|p2a: Olmo|Facade|p1a: Ursaluna
|-damage|p1a: Ursaluna|0 fnt
|faint|p1a: Ursaluna
|
|-weather|none
|-damage|p2a: Olmo|88/100 brn|[from] brn
|-sideend|p2: Cristante terabug|move: Tailwind
|upkeep
|
|t:|1757185689
|switch|p1a: Incineroar|Incineroar, L50, M, tera:Ghost|91/100
|-ability|p1a: Incineroar|Intimidate|boost
|-unboost|p2a: Olmo|atk|1
|-unboost|p2b: Luca|atk|1
|turn|6
|
|t:|1757185697
|switch|p2a: Silvano|Pelipper, L50, M, shiny|100/100
|-weather|RainDance|[from] ability: Drizzle|[of] p2a: Silvano
|move|p1b: Gothitelle|Fake Out|p2b: Luca
|-resisted|p2b: Luca
|-damage|p2b: Luca|81/100
|-ability|p2b: Luca|Stamina|boost
|-boost|p2b: Luca|def|1
|cant|p2b: Luca|flinch
|move|p1a: Incineroar|Knock Off|p2a: Silvano
|-damage|p2a: Silvano|45/100
|-enditem|p2a: Silvano|Focus Sash|[from] move: Knock Off|[of] p1a: Incineroar
|-damage|p1a: Incineroar|81/100|[from] item: Life Orb
|
|-weather|RainDance|[upkeep]
|upkeep
|turn|7
|
|t:|1757185716
|move|p2a: Silvano|Muddy Water|p1a: Incineroar|[spread] p1a
|-miss|p2a: Silvano|p1b: Gothitelle
|-damage|p1a: Incineroar|48/100
|-unboost|p1a: Incineroar|accuracy|1
|move|p2b: Luca|Electro Shot||[still]
|-prepare|p2b: Luca|Electro Shot
|-boost|p2b: Luca|spa|1
|-anim|p2b: Luca|Electro Shot|p1a: Incineroar
|-damage|p1a: Incineroar|0 fnt
|faint|p1a: Incineroar
|move|p1b: Gothitelle|Psychic|p2b: Luca
|-resisted|p2b: Luca
|-damage|p2b: Luca|70/100
|
|-weather|RainDance|[upkeep]
|upkeep
|turn|8
|-message|Game player 28 forfeited.
|
|win|Cristante terabug
|raw|Game player 28's rating: 1053 → 1040(-13 for losing)
|raw|Cristante terabug's rating: 1161 → 1178(+17 for winning)
