|j|☆naibot2814
|j|☆Betonthecrit
|html|naibot2814Betonthecrit    
|uhtml|bestof|Game 1 of a best-of-3
|t:|1784060548
|gametype|doubles
|player|p1|naibot2814|colress|1339
|player|p2|Betonthecrit|170|1324
|gen|9
|tier|[Gen 9 Champions] VGC 2026 Reg M-B (Bo3)
|rated|
|rule|Species Clause: Limit one of each Pokémon
|rule|Item Clause: Limit 1 of each item
|clearpoke
|poke|p1|Blastoise, L50, M|
|poke|p1|Incineroar, L50, M|
|poke|p1|Sneasler, L50, M|
|poke|p1|Sinistcha, L50|
|poke|p1|Kingambit, L50, M, shiny|
|poke|p1|Delphox, L50, F|
|poke|p2|Froslass, L50, F|
|poke|p2|Dragonite, L50, M|
|poke|p2|Toxapex, L50, F|
|poke|p2|Sneasler, L50, F|
|poke|p2|Kingambit, L50, M|
|poke|p2|Blaziken, L50, M|
|teampreview|4
|showteam|p1|Blastoise||Blastoisinite|Torrent|WaterSpout,DarkPulse,ShellSmash,Protect|Modest||M|||50|]Incineroar||SitrusBerry|Intimidate|FakeOut,FlareBlitz,DarkestLariat,PartingShot|Careful||M|||50|]Sneasler||FocusSash|PoisonTouch|FakeOut,CloseCombat,PoisonJab,RockTomb|Jolly||M|||50|]Sinistcha||KasibBerry|Hospitality|MatchaGotcha,TrickRoom,RagePowder,Protect|Bold|||||50|]Kingambit||BlackGlasses|Defiant|KowtowCleave,SuckerPunch,SwordsDance,Protect|Adamant||M|||50|]Delphox||Delphoxite|Blaze|HeatWave,Psyshock,NastyPlot,Protect|Timid||F|||50|
|showteam|p2|Froslass||Froslassite|CursedBody|Blizzard,ShadowBall,AuroraVeil,Protect|Timid||F|||50|]Dragonite||LifeOrb|InnerFocus|DragonClaw,ExtremeSpeed,LowKick,Protect|Adamant||M|||50|]Toxapex||Leftovers|Regenerator|Infestation,Toxic,WideGuard,BanefulBunker|Bold||F|||50|]Sneasler||FocusSash|PoisonTouch|CloseCombat,PoisonJab,FakeOut,Protect|Jolly||F|||50|]Kingambit||BlackGlasses|Defiant|KowtowCleave,IronHead,SuckerPunch,Protect|Adamant||M|||50|]Blaziken||Blazikenite|SpeedBoost|CloseCombat,FlareBlitz,RockSlide,Protect|Adamant||M|||50|
|inactive|Battle timer is ON: inactive players will automatically lose when time's up. (requested by Betonthecrit)
|inactive|naibot2814 has 60 seconds left.
|inactive|Betonthecrit has 60 seconds left.
|
|t:|1784060588
|teamsize|p1|4
|teamsize|p2|4
|start
|switch|p1a: Blastoise|Blastoise, L50, M|100/100
|switch|p1b: Sneasler|Sneasler, L50, M|100/100
|switch|p2a: Dragonite|Dragonite, L50, M|100/100
|switch|p2b: Sneasler|Sneasler, L50, F|100/100
|turn|1
|inactive|naibot2814 has 30 seconds left.
|inactive|naibot2814 has 20 seconds left.
|
|t:|1784060625
|detailschange|p1a: Blastoise|Blastoise-Mega, L50, M
|-mega|p1a: Blastoise|Blastoise|Blastoisinite
|move|p2b: Sneasler|Fake Out|p1a: Blastoise
|-damage|p1a: Blastoise|85/100
|move|p1b: Sneasler|Rock Tomb|p2a: Dragonite
|-supereffective|p2a: Dragonite|1
|-damage|p2a: Dragonite|57/100
|-unboost|p2a: Dragonite|spe|1
|cant|p1a: Blastoise|flinch
|move|p2a: Dragonite|Dragon Claw|p1a: Blastoise
|-damage|p1a: Blastoise|26/100
|-damage|p2a: Dragonite|47/100|[from] item: Life Orb
|
|upkeep
|turn|2
|
|t:|1784060637
|switch|p1b: Sinistcha|Sinistcha, L50|100/100
|-heal|p1a: Blastoise|51/100|[from] ability: Hospitality|[of] p1b: Sinistcha
|move|p1a: Blastoise|Protect|p1a: Blastoise
|-singleturn|p1a: Blastoise|Protect
|move|p2b: Sneasler|Close Combat|p1a: Blastoise
|-activate|p1a: Blastoise|move: Protect
|move|p2a: Dragonite|Dragon Claw|p1b: Sinistcha
|-damage|p1b: Sinistcha|48/100
|-damage|p2a: Dragonite|38/100|[from] item: Life Orb
|
|upkeep
|turn|3
|
|t:|1784060660
|move|p2a: Dragonite|Extreme Speed|p1a: Blastoise
|-damage|p1a: Blastoise|12/100
|-damage|p2a: Dragonite|28/100|[from] item: Life Orb
|move|p2b: Sneasler|Poison Jab|p1a: Blastoise
|-damage|p1a: Blastoise|0 fnt
|faint|p1a: Blastoise
|move|p1b: Sinistcha|Trick Room|p1b: Sinistcha
|-fieldstart|move: Trick Room|[of] p1b: Sinistcha
|
|upkeep
|
|t:|1784060668
|switch|p1a: Incineroar|Incineroar, L50, M|100/100
|-ability|p1a: Incineroar|Intimidate|boost
|-fail|p2a: Dragonite|unboost|Attack|[from] ability: Inner Focus|[of] p2a: Dragonite
|-unboost|p2b: Sneasler|atk|1
|turn|4
|inactive|Betonthecrit has 30 seconds left.
|
|t:|1784060699
|switch|p2a: Toxapex|Toxapex, L50, F|100/100
|move|p2b: Sneasler|Protect|p2b: Sneasler
|-singleturn|p2b: Sneasler|Protect
|move|p1a: Incineroar|Fake Out|p2b: Sneasler
|-activate|p2b: Sneasler|move: Protect
|move|p1b: Sinistcha|Matcha Gotcha|p2a: Toxapex|[spread] p2a
|-activate|p2b: Sneasler|move: Protect
|-damage|p2a: Toxapex|82/100
|-heal|p1b: Sinistcha|56/100|[from] drain|[of] p2a: Toxapex
|-status|p2a: Toxapex|brn
|
|-heal|p2a: Toxapex|87/100 brn|[from] item: Leftovers
|-damage|p2a: Toxapex|82/100 brn|[from] brn
|upkeep
|turn|5
|
|t:|1784060708
|move|p2a: Toxapex|Toxic|p1a: Incineroar
|-status|p1a: Incineroar|tox
|move|p1a: Incineroar|Flare Blitz|p2b: Sneasler
|-damage|p2b: Sneasler|20/100y
|-damage|p1a: Incineroar|79/100 tox|[from] Recoil
|move|p1b: Sinistcha|Matcha Gotcha|p2a: Toxapex|[spread] p2a,p2b
|-resisted|p2b: Sneasler|1
|-damage|p2a: Toxapex|62/100 brn
|-heal|p1b: Sinistcha|65/100|[from] drain|[of] p2a: Toxapex
|-damage|p2b: Sneasler|5/100
|-heal|p1b: Sinistcha|72/100|[from] drain|[of] p2b: Sneasler
|-status|p2b: Sneasler|brn
|move|p2b: Sneasler|Close Combat|p1a: Incineroar
|-supereffective|p1a: Incineroar|1
|-damage|p1a: Incineroar|43/100 tox
|-unboost|p2b: Sneasler|def|1
|-unboost|p2b: Sneasler|spd|1
|-enditem|p1a: Incineroar|Sitrus Berry|[eat]
|-heal|p1a: Incineroar|68/100 tox|[from] item: Sitrus Berry
|
|-heal|p2a: Toxapex|68/100 brn|[from] item: Leftovers
|-damage|p1a: Incineroar|62/100 tox|[from] psn
|-damage|p2a: Toxapex|62/100 brn|[from] brn
|-damage|p2b: Sneasler|0 fnt|[from] brn
|faint|p2b: Sneasler
|upkeep
|
|t:|1784060717
|switch|p2b: Dragonite|Dragonite, L50, M|28/100
|turn|6
|
|t:|1784060730
|move|p2b: Dragonite|Protect|p2b: Dragonite
|-singleturn|p2b: Dragonite|Protect
|move|p2a: Toxapex|Toxic|p1b: Sinistcha
|-status|p1b: Sinistcha|tox
|move|p1a: Incineroar|Darkest Lariat|p2b: Dragonite
|-activate|p2b: Dragonite|move: Protect
|move|p1b: Sinistcha|Matcha Gotcha|p2a: Toxapex|[spread] p2a
|-activate|p2b: Dragonite|move: Protect
|-damage|p2a: Toxapex|43/100 brn
|-heal|p1b: Sinistcha|80/100 tox|[from] drain|[of] p2a: Toxapex
|
|-heal|p2a: Toxapex|49/100 brn|[from] item: Leftovers
|-damage|p1a: Incineroar|50/100g tox|[from] psn
|-damage|p1b: Sinistcha|74/100 tox|[from] psn
|-damage|p2a: Toxapex|43/100 brn|[from] brn
|upkeep
|turn|7
|
|t:|1784060739
|move|p2a: Toxapex|Infestation|p1a: Incineroar
|-damage|p1a: Incineroar|47/100 tox
|-activate|p1a: Incineroar|move: Infestation|[of] p2a: Toxapex
|move|p1a: Incineroar|Darkest Lariat|p2b: Dragonite
|-damage|p2b: Dragonite|0 fnt
|faint|p2b: Dragonite
|move|p1b: Sinistcha|Matcha Gotcha|p2a: Toxapex
|-damage|p2a: Toxapex|18/100 brn
|-heal|p1b: Sinistcha|85/100 tox|[from] drain|[of] p2a: Toxapex
|
|-heal|p2a: Toxapex|24/100 brn|[from] item: Leftovers
|-damage|p1a: Incineroar|29/100 tox|[from] psn
|-damage|p1b: Sinistcha|73/100 tox|[from] psn
|-damage|p2a: Toxapex|18/100 brn|[from] brn
|-damage|p1a: Incineroar|17/100 tox|[from] move: Infestation|[partiallytrapped]
|-fieldend|move: Trick Room
|upkeep
|
|t:|1784060741
|switch|p2b: Froslass|Froslass, L50, F|100/100
|turn|8
|
|t:|1784060750
|detailschange|p2b: Froslass|Froslass-Mega, L50, F
|-mega|p2b: Froslass|Froslass|Froslassite
|-weather|Snowscape|[from] ability: Snow Warning|[of] p2b: Froslass
|move|p2a: Toxapex|Wide Guard|p2a: Toxapex
|-singleturn|p2a: Toxapex|Wide Guard
|move|p2b: Froslass|Blizzard|p1a: Incineroar|[spread] p1a,p1b
|-resisted|p1a: Incineroar|1
|-supereffective|p1b: Sinistcha|1
|-damage|p1a: Incineroar|1/100 tox
|-damage|p1b: Sinistcha|1/100 tox
|move|p1a: Incineroar|Darkest Lariat|p2b: Froslass
|-supereffective|p2b: Froslass|1
|-damage|p2b: Froslass|46/100
|move|p1b: Sinistcha|Trick Room|p1b: Sinistcha
|-fieldstart|move: Trick Room|[of] p1b: Sinistcha
|
|-weather|Snowscape|[upkeep]
|-heal|p2a: Toxapex|24/100 brn|[from] item: Leftovers
|-damage|p1a: Incineroar|0 fnt|[from] psn
|faint|p1a: Incineroar
|-damage|p1b: Sinistcha|0 fnt|[from] psn
|faint|p1b: Sinistcha
|-damage|p2a: Toxapex|18/100 brn|[from] brn
|upkeep
|
|t:|1784060757
|switch|p1b: Sneasler|Sneasler, L50, M|100/100
|turn|9
|
|t:|1784060765
|move|p2a: Toxapex|Infestation|p1b: Sneasler
|-resisted|p1b: Sneasler|2
|-damage|p1b: Sneasler|99/100
|-activate|p1b: Sneasler|move: Infestation|[of] p2a: Toxapex
|move|p2b: Froslass|Blizzard|p1b: Sneasler
|-damage|p1b: Sneasler|29/100
|move|p1b: Sneasler|Poison Jab|p2b: Froslass
|-resisted|p2b: Froslass|1
|-damage|p2b: Froslass|29/100
|-status|p2b: Froslass|psn|[from] ability: Poison Touch|[of] p1b: Sneasler
|
|-weather|Snowscape|[upkeep]
|-heal|p2a: Toxapex|24/100 brn|[from] item: Leftovers
|-damage|p2b: Froslass|17/100 psn|[from] psn
|-damage|p2a: Toxapex|18/100 brn|[from] brn
|-damage|p1b: Sneasler|16/100|[from] move: Infestation|[partiallytrapped]
|upkeep
|turn|10
|-message|naibot2814 forfeited.
|
|win|Betonthecrit
|l|☆naibot2814
|player|p1|
||naibot2814 is ready for game 2.
||Betonthecrit is ready for game 2.
|uhtml|next|Next: Game 2 of 3
|j|☆naibot2814
|player|p1|naibot2814|colress|
