|j|☆leafanoide
|j|☆P!nkbearz07
|html|leafanoideP!nkbearz07    
|uhtml|bestof|Game 3 of a best-of-3
|t:|1783497234
|gametype|doubles
|player|p1|leafanoide|youngcouple-gen4dp|1024
|player|p2|P!nkbearz07|101|1124
|gen|9
|tier|[Gen 9 Champions] VGC 2026 Reg M-B (Bo3)
|rated|
|rule|Species Clause: Limit one of each Pokémon
|rule|Item Clause: Limit 1 of each item
|clearpoke
|poke|p1|Eelektross, L50, M|
|poke|p1|Gholdengo, L50|
|poke|p1|Ninetales-Alola, L50, F|
|poke|p1|Talonflame, L50, M|
|poke|p1|Tsareena, L50, F|
|poke|p1|Garchomp, L50, F|
|poke|p2|Charizard, L50, F|
|poke|p2|Garchomp, L50, M|
|poke|p2|Typhlosion-Hisui, L50, F|
|poke|p2|Basculegion, L50, M|
|poke|p2|Sylveon, L50, F|
|poke|p2|Incineroar, L50, F|
|teampreview|4
|showteam|p1|Eelektross||Eelektrossite|Levitate|Thunderbolt,Flamethrower,CloseCombat,Protect|Modest||M|||50|]Gholdengo||LifeOrb|GoodasGold|MakeItRain,ShadowBall,PowerGem,Protect|Modest|||||50|]Ninetales-Alola||FocusSash|SnowWarning|Blizzard,FreezeDry,Encore,Protect|Timid||F|||50|]Talonflame||SharpBeak|GaleWings|DualWingbeat,FlareBlitz,Tailwind,Protect|Jolly||M|||50|]Tsareena||OccaBerry|QueenlyMajesty|TropKick,LowKick,TripleAxel,Taunt|Adamant||F|||50|]Garchomp||SitrusBerry|RoughSkin|Earthquake,DragonClaw,RockTomb,Protect|Jolly||F|||50|
|showteam|p2|Charizard||CharizarditeY|SolarPower|Protect,HeatWave,SolarBeam,WeatherBall|Modest||F|||50|]Garchomp||LifeOrb|RoughSkin|DragonClaw,RockSlide,Earthquake,Protect|Jolly||M|||50|]Typhlosion-Hisui||ChoiceScarf|Blaze|Eruption,ShadowBall,HeatWave,Overheat|Modest||F|||50|]Basculegion||MysticWater|Adaptability|LastRespects,AquaJet,WaveCrash,Protect|Adamant||M|||50|]Sylveon||FairyFeather|Pixilate|HyperVoice,QuickAttack,HyperBeam,Detect|Modest||F|||50|]Incineroar||SitrusBerry|Intimidate|FakeOut,PartingShot,FlareBlitz,ThroatChop|Careful||F|||50|
|inactive|Battle timer is ON: inactive players will automatically lose when time's up. (requested by P!nkbearz07)
|
|t:|1783497265
|teamsize|p1|4
|teamsize|p2|4
|start
|switch|p1a: Garchomp|Garchomp, L50, F|100/100
|switch|p1b: Gholdengo|Gholdengo, L50|100/100
|switch|p2a: Charizard|Charizard, L50, F|100/100
|switch|p2b: Incineroar|Incineroar, L50, F|100/100
|-ability|p2b: Incineroar|Intimidate|boost
|-unboost|p1a: Garchomp|atk|1
|-unboost|p1b: Gholdengo|atk|1
|turn|1
|
|t:|1783497281
|detailschange|p2a: Charizard|Charizard-Mega-Y, L50, F
|-mega|p2a: Charizard|Charizard|Charizardite Y
|-weather|SunnyDay|[from] ability: Drought|[of] p2a: Charizard
|move|p2b: Incineroar|Fake Out|p1a: Garchomp
|-damage|p1a: Garchomp|90/100
|-damage|p2b: Incineroar|87/100|[from] ability: Rough Skin|[of] p1a: Garchomp
|cant|p1a: Garchomp|flinch
|move|p2a: Charizard|Heat Wave|p1b: Gholdengo|[spread] p1a,p1b
|-resisted|p1a: Garchomp|1
|-supereffective|p1b: Gholdengo|1
|-damage|p1a: Garchomp|52/100
|-damage|p1b: Gholdengo|0 fnt
|faint|p1b: Gholdengo
|
|-weather|SunnyDay|[upkeep]
|upkeep
|
|t:|1783497293
|switch|p1b: Ninetales|Ninetales-Alola, L50, F|100/100
|-weather|Snowscape|[from] ability: Snow Warning|[of] p1b: Ninetales
|turn|2
|
|t:|1783497300
|move|p2a: Charizard|Protect|p2a: Charizard
|-singleturn|p2a: Charizard|Protect
|move|p1b: Ninetales|Blizzard|p2a: Charizard|[spread] p2b
|-activate|p2a: Charizard|move: Protect
|-resisted|p2b: Incineroar|1
|-damage|p2b: Incineroar|74/100
|move|p1a: Garchomp|Rock Tomb|p2a: Charizard
|-activate|p2a: Charizard|move: Protect
|move|p2b: Incineroar|Parting Shot|p1a: Garchomp
|-unboost|p1a: Garchomp|atk|1
|-unboost|p1a: Garchomp|spa|1
|
|t:|1783497305
|switch|p2b: Typhlosion|Typhlosion-Hisui, L50, F|100/100|[from] Parting Shot
|
|-weather|Snowscape|[upkeep]
|upkeep
|turn|3
|
|t:|1783497318
|move|p2b: Typhlosion|Eruption|p1b: Ninetales|[spread] p1a,p1b
|-resisted|p1a: Garchomp|1
|-supereffective|p1b: Ninetales|1
|-damage|p1a: Garchomp|17/100
|-enditem|p1b: Ninetales|Focus Sash
|-damage|p1b: Ninetales|1/100
|-enditem|p1a: Garchomp|Sitrus Berry|[eat]
|-heal|p1a: Garchomp|42/100|[from] item: Sitrus Berry
|move|p1b: Ninetales|Blizzard|p2a: Charizard|[spread] p2a,p2b
|-resisted|p2b: Typhlosion|1
|-damage|p2a: Charizard|67/100
|-damage|p2b: Typhlosion|78/100
|move|p1a: Garchomp|Rock Tomb|p2a: Charizard
|-supereffective|p2a: Charizard|2
|-damage|p2a: Charizard|12/100
|-unboost|p2a: Charizard|spe|1
|move|p2a: Charizard|Weather Ball|p1a: Garchomp
|-supereffective|p1a: Garchomp|2
|-damage|p1a: Garchomp|0 fnt
|faint|p1a: Garchomp
|
|-weather|Snowscape|[upkeep]
|upkeep
|
|t:|1783497335
|switch|p1a: Eelektross|Eelektross, L50, M|100/100
|turn|4
|
|t:|1783497348
|switch|p2a: Garchomp|Garchomp, L50, M|100/100
|detailschange|p1a: Eelektross|Eelektross-Mega, L50, M
|-mega|p1a: Eelektross|Eelektross|Eelektrossite
|move|p1b: Ninetales|Protect|p1b: Ninetales
|-singleturn|p1b: Ninetales|Protect
|move|p2b: Typhlosion|Eruption|p1b: Ninetales|[spread] p1a
|-activate|p1b: Ninetales|move: Protect
|-damage|p1a: Eelektross|53/100
|move|p1a: Eelektross|Thunderbolt|p2a: Garchomp
|-immune|p2a: Garchomp
|
|-weather|Snowscape|[upkeep]
|upkeep
|turn|5
|
|t:|1783497367
|move|p2b: Typhlosion|Eruption|p1a: Eelektross|[spread] p1a,p1b
|-supereffective|p1b: Ninetales|1
|-damage|p1a: Eelektross|6/100
|-damage|p1b: Ninetales|0 fnt
|faint|p1b: Ninetales
|move|p2a: Garchomp|Rock Slide|p1a: Eelektross
|-damage|p1a: Eelektross|0 fnt
|faint|p1a: Eelektross
|-damage|p2a: Garchomp|90/100|[from] item: Life Orb
|
|win|P!nkbearz07
|raw|leafanoide's rating: 1024 → 1014(-10 for losing)
|raw|P!nkbearz07's rating: 1124 → 1142(+18 for winning)
|l|☆leafanoide
|player|p1|
