|j|☆jackolascooking
|j|☆lox1sm
|html|jackolascookinglox1sm    
|uhtml|bestof|Game 1 of a best-of-3
|t:|1783359475
|gametype|doubles
|player|p1|jackolascooking|102|1132
|player|p2|lox1sm|veteran|1232
|gen|9
|tier|[Gen 9 Champions] VGC 2026 Reg M-B (Bo3)
|rated|
|rule|Species Clause: Limit one of each Pokémon
|rule|Item Clause: Limit 1 of each item
|clearpoke
|poke|p1|Blastoise, L50, M|
|poke|p1|Farigiraf, L50, F|
|poke|p1|Mawile, L50, M|
|poke|p1|Aurorus, L50, F|
|poke|p1|Sinistcha, L50|
|poke|p1|Staraptor, L50, F|
|poke|p2|Charizard, L50, F|
|poke|p2|Aerodactyl, L50, F|
|poke|p2|Garchomp, L50, M|
|poke|p2|Kingambit, L50, M|
|poke|p2|Farigiraf, L50, M|
|poke|p2|Primarina, L50, M|
|teampreview|4
|showteam|p1|Blastoise||Blastoisinite|RainDish|FakeOut,WaterSpout,AuraSphere,DarkPulse|Quiet||M|||50|]Farigiraf||ColburBerry|ArmorTail|TrickRoom,RainDance,TwinBeam,Thunderbolt|Sassy||F|||50|]Mawile||Mawilite|Intimidate|PlayRough,IronHead,SuckerPunch,Protect|Brave||M|||50|]Aurorus||NeverMeltIce|SnowWarning|FreezeDry,Blizzard,EarthPower,Protect|Quiet||F|||50|]Sinistcha||SitrusBerry|Hospitality|RagePowder,LifeDew,TrickRoom,MatchaGotcha|Relaxed|||||50|]Staraptor||ChoiceScarf|Intimidate|FinalGambit,BraveBird,CloseCombat,Uturn|Adamant||F|||50|
|showteam|p2|Charizard||CharizarditeY|Blaze|HeatWave,WeatherBall,SolarBeam,Protect|Modest||F|||50|]Aerodactyl||Aerodactylite|Unnerve|RockSlide,IceFang,Tailwind,Protect|Jolly||F|||50|]Garchomp||LifeOrb|RoughSkin|DragonClaw,Earthquake,RockSlide,Protect|Jolly||M|||50|]Kingambit||FocusSash|Defiant|KowtowCleave,SuckerPunch,IronHead,LowKick|Adamant||M|||50|]Farigiraf||ExpertBelt|ArmorTail|Psychic,DazzlingGleam,Thunderbolt,TrickRoom|Modest||M|||50|]Primarina||MysticWater|LiquidVoice|HyperVoice,Moonblast,Haze,Protect|Modest||M|||50|
|inactive|Battle timer is ON: inactive players will automatically lose when time's up. (requested by jackolascooking)
|inactive|lox1sm has 60 seconds left.
|
|t:|1783359537
|teamsize|p1|4
|teamsize|p2|4
|start
|switch|p1a: Farigiraf|Farigiraf, L50, F|100/100
|switch|p1b: Staraptor|Staraptor, L50, F|100/100
|switch|p2a: Kingambit|Kingambit, L50, M|100/100
|switch|p2b: Farigiraf|Farigiraf, L50, M|100/100
|-ability|p1b: Staraptor|Intimidate|boost
|-unboost|p2a: Kingambit|atk|1
|-ability|p2a: Kingambit|Defiant|boost
|-boost|p2a: Kingambit|atk|2
|-unboost|p2b: Farigiraf|atk|1
|turn|1
|
|t:|1783359551
|move|p1b: Staraptor|Final Gambit|p2b: Farigiraf
|-damage|p2b: Farigiraf|13/100
|faint|p1b: Staraptor
|move|p2a: Kingambit|Kowtow Cleave|p1a: Farigiraf
|-supereffective|p1a: Farigiraf|1
|-enditem|p1a: Farigiraf|Colbur Berry|[eat]
|-enditem|p1a: Farigiraf|Colbur Berry|[weaken]
|-damage|p1a: Farigiraf|28/100
|move|p2b: Farigiraf|Trick Room|p2b: Farigiraf
|-fieldstart|move: Trick Room|[of] p2b: Farigiraf
|move|p1a: Farigiraf|Trick Room|p1a: Farigiraf
|-fieldend|move: Trick Room
|
|upkeep
|
|t:|1783359562
|switch|p1b: Aurorus|Aurorus, L50, F|100/100
|-weather|Snowscape|[from] ability: Snow Warning|[of] p1b: Aurorus
|turn|2
|
|t:|1783359586
|move|p2a: Kingambit|Kowtow Cleave|p1a: Farigiraf
|-supereffective|p1a: Farigiraf|1
|-damage|p1a: Farigiraf|0 fnt
|faint|p1a: Farigiraf
|move|p2b: Farigiraf|Psychic|p1b: Aurorus
|-damage|p1b: Aurorus|63/100
|move|p1b: Aurorus|Earth Power|p2a: Kingambit
|-supereffective|p2a: Kingambit|1
|-damage|p2a: Kingambit|36/100
|-unboost|p2a: Kingambit|spd|1
|-ability|p2a: Kingambit|Defiant|boost
|-boost|p2a: Kingambit|atk|2
|
|-weather|Snowscape|[upkeep]
|upkeep
|
|t:|1783359593
|switch|p1a: Mawile|Mawile, L50, M|100/100
|-ability|p1a: Mawile|Intimidate|boost
|-unboost|p2a: Kingambit|atk|1
|-ability|p2a: Kingambit|Defiant|boost
|-boost|p2a: Kingambit|atk|2
|-unboost|p2b: Farigiraf|atk|1
|turn|3
|inactive|lox1sm has 30 seconds left.
|inactive|lox1sm has 20 seconds left.
|inactive|lox1sm has 15 seconds left.
|
|t:|1783359636
|detailschange|p1a: Mawile|Mawile-Mega, L50, M
|-mega|p1a: Mawile|Mawile|Mawilite
|move|p1b: Aurorus|Protect|p1b: Aurorus
|-singleturn|p1b: Aurorus|Protect
|move|p2a: Kingambit|Sucker Punch||[still]
|-fail|p2a: Kingambit
|move|p2b: Farigiraf|Dazzling Gleam|p1a: Mawile|[spread] p1a
|-activate|p1b: Aurorus|move: Protect
|-resisted|p1a: Mawile|1
|-damage|p1a: Mawile|87/100
|move|p1a: Mawile|Play Rough|p2a: Kingambit
|-damage|p2a: Kingambit|0 fnt
|faint|p2a: Kingambit
|
|-weather|Snowscape|[upkeep]
|upkeep
|
|t:|1783359647
|switch|p2a: Charizard|Charizard, L50, F|100/100
|turn|4
|
|t:|1783359661
|detailschange|p2a: Charizard|Charizard-Mega-Y, L50, F
|-mega|p2a: Charizard|Charizard|Charizardite Y
|-weather|SunnyDay|[from] ability: Drought|[of] p2a: Charizard
|move|p1a: Mawile|Protect|p1a: Mawile
|-singleturn|p1a: Mawile|Protect
|move|p2a: Charizard|Weather Ball|p1a: Mawile
|-activate|p1a: Mawile|move: Protect
|move|p2b: Farigiraf|Psychic|p1b: Aurorus
|-damage|p1b: Aurorus|27/100
|move|p1b: Aurorus|Blizzard|p2b: Farigiraf|[spread] p2a,p2b
|-damage|p2a: Charizard|55/100
|-damage|p2b: Farigiraf|0 fnt
|faint|p2b: Farigiraf
|
|-weather|SunnyDay|[upkeep]
|upkeep
|
|t:|1783359666
|switch|p2b: Primarina|Primarina, L50, M|100/100
|turn|5
|
|t:|1783359680
|move|p1a: Mawile|Sucker Punch|p2a: Charizard
|-damage|p2a: Charizard|5/100
|move|p2a: Charizard|Weather Ball|p1a: Mawile
|-supereffective|p1a: Mawile|1
|-damage|p1a: Mawile|0 fnt
|faint|p1a: Mawile
|move|p2b: Primarina|Hyper Voice|p1b: Aurorus
|-supereffective|p1b: Aurorus|1
|-damage|p1b: Aurorus|0 fnt
|faint|p1b: Aurorus
|
|win|lox1sm
||lox1sm is ready for game 2.
|inactive|jackolascooking has 30 seconds to confirm battle start!
||jackolascooking is ready for game 2.
|uhtml|next|Next: Game 2 of 3
|l|☆jackolascooking
|player|p1|
