|j|☆Sizzle2466
|j|☆raksbach
|html|Sizzle2466raksbach    
|uhtml|bestof|Game 2 of a best-of-3
|t:|1784205192
|gametype|doubles
|player|p1|Sizzle2466|2|1256
|player|p2|raksbach|2|1289
|gen|9
|tier|[Gen 9 Champions] VGC 2026 Reg M-B (Bo3)
|rated|
|rule|Species Clause: Limit one of each Pokémon
|rule|Item Clause: Limit 1 of each item
|clearpoke
|poke|p1|Raichu, L50, M|
|poke|p1|Annihilape, L50, M|
|poke|p1|Incineroar, L50, M|
|poke|p1|Sinistcha, L50|
|poke|p1|Floette-Eternal, L50, F|
|poke|p1|Maushold, L50|
|poke|p2|Incineroar, L50, F|
|poke|p2|Maushold, L50|
|poke|p2|Sinistcha, L50|
|poke|p2|Sneasler, L50, F|
|poke|p2|Blastoise, L50, M|
|poke|p2|Delphox, L50, M|
|teampreview|4
|showteam|p1|Raichu||RaichuniteY|Static|FakeOut,ZapCannon,FocusBlast,Protect|Timid||M|||50|]Annihilape||Leftovers|Defiant|BulkUp,RageFist,DrainPunch,Protect|Adamant||M|||50|]Incineroar||SitrusBerry|Intimidate|FakeOut,FlareBlitz,Taunt,PartingShot|Careful||M|||50|]Sinistcha||CobaBerry|Hospitality|RagePowder,MatchaGotcha,LifeDew,Protect|Bold|||||50|]Floette-Eternal||Floettite|FlowerVeil|CalmMind,DazzlingGleam,DrainingKiss,Protect|Timid||F|||50|]Maushold||WideLens|Technician|PopulationBomb,BeatUp,FollowMe,Protect|Jolly|||||50|
|showteam|p2|Incineroar||SitrusBerry|Intimidate|FakeOut,FlareBlitz,DarkestLariat,PartingShot|Impish||F|||50|]Maushold||ChopleBerry|FriendGuard|SuperFang,FollowMe,Protect,Feint|Impish|||||50|]Sinistcha||OccaBerry|Hospitality|MatchaGotcha,LifeDew,RagePowder,Protect|Bold|||||50|]Sneasler||FocusSash|PoisonTouch|FakeOut,CloseCombat,DireClaw,QuickGuard|Jolly||F|||50|]Blastoise||Blastoisinite|Torrent|WaterSpout,DarkPulse,ShellSmash,Protect|Modest||M|||50|]Delphox||Delphoxite|Blaze|HeatWave,Psychic,NastyPlot,Protect|Timid||M|||50|
|inactive|Battle timer is ON: inactive players will automatically lose when time's up. (requested by raksbach)
|
|t:|1784205206
|teamsize|p1|4
|teamsize|p2|4
|start
|switch|p1a: Incineroar|Incineroar, L50, M|100/100
|switch|p1b: Floette|Floette-Eternal, L50, F|100/100
|switch|p2a: Incineroar|Incineroar, L50, F|100/100
|switch|p2b: Sneasler|Sneasler, L50, F|100/100
|-ability|p1a: Incineroar|Intimidate|boost
|-unboost|p2a: Incineroar|atk|1
|-unboost|p2b: Sneasler|atk|1
|-ability|p2a: Incineroar|Intimidate|boost
|-unboost|p1a: Incineroar|atk|1
|-unboost|p1b: Floette|atk|1
|turn|1
|
|t:|1784205225
|switch|p1a: Sinistcha|Sinistcha, L50|100/100
|detailschange|p1b: Floette|Floette-Mega, L50, F
|-mega|p1b: Floette|Floette|Floettite
|-ability|p1b: Floette|Fairy Aura
|move|p1b: Floette|Protect|p1b: Floette
|-singleturn|p1b: Floette|Protect
|move|p2b: Sneasler|Fake Out|p1a: Sinistcha
|-immune|p1a: Sinistcha
|move|p2a: Incineroar|Parting Shot|p1b: Floette
|-activate|p1b: Floette|move: Protect
|
|upkeep
|turn|2
|inactive|raksbach has 30 seconds left.
|inactive|raksbach has 20 seconds left.
|inactive|raksbach has 15 seconds left.
|
|t:|1784205268
|move|p1a: Sinistcha|Rage Powder|p1a: Sinistcha
|-singleturn|p1a: Sinistcha|move: Rage Powder
|move|p2b: Sneasler|Dire Claw|p1a: Sinistcha
|-damage|p1a: Sinistcha|79/100
|move|p1b: Floette|Calm Mind|p1b: Floette
|-boost|p1b: Floette|spa|1
|-boost|p1b: Floette|spd|1
|move|p2a: Incineroar|Parting Shot|p1a: Sinistcha
|-unboost|p1a: Sinistcha|atk|1
|-unboost|p1a: Sinistcha|spa|1
|
|t:|1784205277
|switch|p2a: Delphox|Delphox, L50, M|100/100|[from] Parting Shot
|
|upkeep
|turn|3
|
|t:|1784205290
|switch|p2b: Incineroar|Incineroar, L50, F|100/100
|-ability|p2b: Incineroar|Intimidate|boost
|-unboost|p1a: Sinistcha|atk|1
|-unboost|p1b: Floette|atk|1
|detailschange|p2a: Delphox|Delphox-Mega, L50, M
|-mega|p2a: Delphox|Delphox|Delphoxite
|move|p1a: Sinistcha|Rage Powder|p1a: Sinistcha
|-singleturn|p1a: Sinistcha|move: Rage Powder
|move|p2a: Delphox|Nasty Plot|p2a: Delphox
|-boost|p2a: Delphox|spa|2
|move|p1b: Floette|Dazzling Gleam|p2a: Delphox|[spread] p2a,p2b
|-resisted|p2a: Delphox|1
|-damage|p2a: Delphox|73/100
|-damage|p2b: Incineroar|42/100
|-enditem|p2b: Incineroar|Sitrus Berry|[eat]
|-heal|p2b: Incineroar|67/100|[from] item: Sitrus Berry
|
|upkeep
|turn|4
|inactive|raksbach has 30 seconds left.
|
|t:|1784205322
|switch|p1a: Incineroar|Incineroar, L50, M|100/100
|-ability|p1a: Incineroar|Intimidate|boost
|-unboost|p2a: Delphox|atk|1
|-unboost|p2b: Incineroar|atk|1
|move|p1b: Floette|Protect|p1b: Floette
|-singleturn|p1b: Floette|Protect
|move|p2b: Incineroar|Fake Out|p1b: Floette
|-activate|p1b: Floette|move: Protect
|move|p2a: Delphox|Heat Wave|p1b: Floette|[spread] p1a
|-activate|p1b: Floette|move: Protect
|-resisted|p1a: Incineroar|1
|-damage|p1a: Incineroar|64/100
|
|upkeep
|turn|5
|
|t:|1784205346
|switch|p2b: Sneasler|Sneasler, L50, F|100/100
|move|p2a: Delphox|Protect|p2a: Delphox
|-singleturn|p2a: Delphox|Protect
|move|p1a: Incineroar|Fake Out|p2a: Delphox
|-activate|p2a: Delphox|move: Protect
|move|p1b: Floette|Calm Mind|p1b: Floette
|-boost|p1b: Floette|spa|1
|-boost|p1b: Floette|spd|1
|
|upkeep
|turn|6
|inactive|raksbach has 30 seconds left.
|inactive|raksbach has 20 seconds left.
|inactive|raksbach has 15 seconds left.
|
|t:|1784205387
|switch|p2b: Incineroar|Incineroar, L50, F|67/100
|-ability|p2b: Incineroar|Intimidate|boost
|-unboost|p1a: Incineroar|atk|1
|-unboost|p1b: Floette|atk|1
|move|p1b: Floette|Protect|p1b: Floette
|-singleturn|p1b: Floette|Protect
|move|p2a: Delphox|Nasty Plot|p2a: Delphox
|-boost|p2a: Delphox|spa|2
|move|p1a: Incineroar|Parting Shot|p2a: Delphox
|-unboost|p2a: Delphox|atk|1
|-unboost|p2a: Delphox|spa|1
|
|t:|1784205403
|switch|p1a: Maushold|Maushold, L50|100/100|[from] Parting Shot
|
|upkeep
|turn|7
|inactive|raksbach has 30 seconds left.
|
|t:|1784205436
|move|p2b: Incineroar|Fake Out|p1b: Floette
|-damage|p1b: Floette|87/100
|move|p2a: Delphox|Heat Wave|p1b: Floette|[spread] p1a,p1b
|-damage|p1a: Maushold|0 fnt
|-damage|p1b: Floette|49/100
|-status|p1b: Floette|brn
|faint|p1a: Maushold
|cant|p1b: Floette|flinch
|
|-damage|p1b: Floette|43/100 brn|[from] brn
|upkeep
|
|t:|1784205446
|switch|p1a: Sinistcha|Sinistcha, L50|79/100
|-heal|p1b: Floette|68/100 brn|[from] ability: Hospitality|[of] p1a: Sinistcha
|turn|8
|
|t:|1784205462
|switch|p1a: Incineroar|Incineroar, L50, M|64/100
|-ability|p1a: Incineroar|Intimidate|boost
|-unboost|p2a: Delphox|atk|1
|-unboost|p2b: Incineroar|atk|1
|move|p2a: Delphox|Heat Wave|p1a: Incineroar|[spread] p1a,p1b
|-resisted|p1a: Incineroar|1
|-damage|p1a: Incineroar|24/100
|-damage|p1b: Floette|33/100 brn
|-enditem|p1a: Incineroar|Sitrus Berry|[eat]
|-heal|p1a: Incineroar|48/100|[from] item: Sitrus Berry
|move|p1b: Floette|Draining Kiss|p2b: Incineroar
|-damage|p2b: Incineroar|10/100
|-heal|p1b: Floette|84/100 brn|[from] drain|[of] p2b: Incineroar
|move|p2b: Incineroar|Parting Shot|p1b: Floette
|-unboost|p1b: Floette|atk|1
|-unboost|p1b: Floette|spa|1
|
|t:|1784205479
|switch|p2b: Sneasler|Sneasler, L50, F|100/100|[from] Parting Shot
|
|-damage|p1b: Floette|78/100 brn|[from] brn
|upkeep
|turn|9
|
|t:|1784205492
|move|p1b: Floette|Protect|p1b: Floette
|-singleturn|p1b: Floette|Protect
|move|p2b: Sneasler|Fake Out|p1a: Incineroar
|-damage|p1a: Incineroar|35/100
|move|p2a: Delphox|Heat Wave|p1a: Incineroar|[spread] p1a
|-activate|p1b: Floette|move: Protect
|-resisted|p1a: Incineroar|1
|-damage|p1a: Incineroar|0 fnt
|faint|p1a: Incineroar
|
|-damage|p1b: Floette|72/100 brn|[from] brn
|upkeep
|
|t:|1784205509
|switch|p1a: Sinistcha|Sinistcha, L50|79/100
|-heal|p1b: Floette|97/100 brn|[from] ability: Hospitality|[of] p1a: Sinistcha
|turn|10
|
|t:|1784205528
|move|p2a: Delphox|Heat Wave|p1a: Sinistcha|[spread] p1a,p1b
|-supereffective|p1a: Sinistcha|1
|-damage|p1a: Sinistcha|0 fnt
|-damage|p1b: Floette|62/100 brn
|faint|p1a: Sinistcha
|move|p2b: Sneasler|Dire Claw|p1b: Floette
|-supereffective|p1b: Floette|1
|-damage|p1b: Floette|0 fnt
|faint|p1b: Floette
|
|win|raksbach
