|j|☆Raucho
|j|☆danicruz.music
|html|Rauchodanicruz.music    
|uhtml|bestof|Game 2 of a best-of-3
|t:|1757709310
|gametype|doubles
|player|p1|Raucho|n|1151
|player|p2|danicruz.music|whitney|1246
|gen|9
|tier|[Gen 9] VGC 2025 Reg H (Bo3)
|rated|
|rule|Species Clause: Limit one of each Pokémon
|rule|Item Clause: Limit 1 of each item
|clearpoke
|poke|p1|Gholdengo, L50|
|poke|p1|Whimsicott, L50, F|
|poke|p1|Indeedee, L50, M|
|poke|p1|Sneasler, L50, M|
|poke|p1|Electabuzz, L50, M|
|poke|p1|Ursaluna-Bloodmoon, L50, M|
|poke|p2|Dondozo, L50, F|
|poke|p2|Tatsugiri-Stretchy, L50, M|
|poke|p2|Pelipper, L50, M|
|poke|p2|Archaludon, L50, F|
|poke|p2|Weezing-Galar, L50, M|
|poke|p2|Dragapult, L50, F|
|teampreview|4
|showteam|p1|Gholdengo||IronPlate|GoodasGold|MakeItRain,ShadowBall,NastyPlot,Protect||||||50|,,,,,Dragon]Whimsicott||CovertCloak|Prankster|Moonblast,Tailwind,LightScreen,Encore|||F|||50|,,,,,Fire]Indeedee||FocusSash|PsychicSurge|ExpandingForce,Imprison,TrickRoom,Protect|||M|||50|,,,,,Psychic]Sneasler||PsychicSeed|Unburden|ThroatChop,CloseCombat,DireClaw,Protect|||M|||50|,,,,,Dark]Electabuzz||Eviolite|VitalSpirit|Electroweb,Taunt,FollowMe,Protect|||M|||50|,,,,,Dragon]Ursaluna-Bloodmoon||LifeOrb|MindsEye|HyperVoice,BloodMoon,EarthPower,Protect|||M|||50|,,,,,Normal
|showteam|p2|Dondozo||Leftovers|Unaware|WaveCrash,Earthquake,OrderUp,Protect|||F|||50|,,,,,Ground]Tatsugiri-Stretchy||FocusSash|Commander|DragonPulse,MirrorCoat,MuddyWater,IcyWind|||M|||50|,,,,,Fairy]Pelipper||CovertCloak|Drizzle|Hurricane,WeatherBall,WideGuard,Tailwind|||M|||50|,,,,,Fire]Archaludon||PowerHerb|Stalwart|ElectroShot,FlashCannon,DracoMeteor,Protect|||F|||50|,,,,,Electric]Weezing-Galar||RockyHelmet|NeutralizingGas|DazzlingGleam,PoisonGas,SludgeBomb,Protect|||M|||50|,,,,,Flying]Dragapult||LifeOrb|ClearBody|DragonDarts,Protect,PhantomForce,TeraBlast|||F|||50|,,,,,Fighting
|inactive|Battle timer is ON: inactive players will automatically lose when time's up. (requested by danicruz.music)
|inactive|Raucho also wants the timer to be on.
|inactive|danicruz.music has 60 seconds left.
|
|t:|1757709344
|teamsize|p1|4
|teamsize|p2|4
|start
|switch|p1a: Whimsicott|Whimsicott, L50, F, shiny|100/100
|switch|p1b: Electabuzz|Electabuzz, L50, M, shiny|100/100
|switch|p2a: Pelipper|Pelipper, L50, M|100/100
|switch|p2b: Archaludon|Archaludon, L50, F|100/100
|-weather|RainDance|[from] ability: Drizzle|[of] p2a: Pelipper
|turn|1
|
|t:|1757709360
|-terastallize|p2a: Pelipper|Fire
|move|p1a: Whimsicott|Light Screen|p1a: Whimsicott
|-sidestart|p1: Raucho|move: Light Screen
|move|p1b: Electabuzz|Taunt|p2a: Pelipper
|-start|p2a: Pelipper|move: Taunt
|move|p2b: Archaludon|Electro Shot||[still]
|-prepare|p2b: Archaludon|Electro Shot
|-boost|p2b: Archaludon|spa|1
|-anim|p2b: Archaludon|Electro Shot|p1a: Whimsicott
|-resisted|p1a: Whimsicott
|-damage|p1a: Whimsicott|76/100
|cant|p2a: Pelipper|move: Taunt|Tailwind
|
|-weather|RainDance|[upkeep]
|upkeep
|turn|2
|inactive|Raucho has 30 seconds left.
|inactive|danicruz.music has 30 seconds left.
|inactive|Raucho has 20 seconds left.
|
|t:|1757709395
|move|p1a: Whimsicott|Tailwind|p1a: Whimsicott
|-sidestart|p1: Raucho|move: Tailwind
|move|p1b: Electabuzz|Electroweb|p2b: Archaludon|[spread] p2a,p2b
|-resisted|p2b: Archaludon
|-damage|p2a: Pelipper|81/100
|-damage|p2b: Archaludon|91/100
|-unboost|p2b: Archaludon|spe|1
|move|p2b: Archaludon|Electro Shot||[still]
|-prepare|p2b: Archaludon|Electro Shot
|-boost|p2b: Archaludon|spa|1
|-anim|p2b: Archaludon|Electro Shot|p1a: Whimsicott
|-resisted|p1a: Whimsicott
|-damage|p1a: Whimsicott|43/100
|move|p2a: Pelipper|Hurricane|p1a: Whimsicott
|-supereffective|p1a: Whimsicott
|-damage|p1a: Whimsicott|0 fnt
|faint|p1a: Whimsicott
|
|-weather|RainDance|[upkeep]
|upkeep
|
|t:|1757709413
|switch|p1a: Gholdengo|Gholdengo, L50, shiny|100/100
|turn|3
|
|t:|1757709427
|move|p1b: Electabuzz|Follow Me|p1b: Electabuzz
|-singleturn|p1b: Electabuzz|move: Follow Me
|move|p1a: Gholdengo|Nasty Plot|p1a: Gholdengo
|-boost|p1a: Gholdengo|spa|2
|move|p2b: Archaludon|Electro Shot||[still]
|-prepare|p2b: Archaludon|Electro Shot
|-boost|p2b: Archaludon|spa|1
|-anim|p2b: Archaludon|Electro Shot|p1a: Gholdengo
|-damage|p1a: Gholdengo|16/100
|move|p2a: Pelipper|Hurricane|p1b: Electabuzz
|-resisted|p1b: Electabuzz
|-damage|p1b: Electabuzz|87/100
|-start|p1b: Electabuzz|confusion
|
|-weather|RainDance|[upkeep]
|-end|p2a: Pelipper|move: Taunt
|upkeep
|turn|4
|inactive|danicruz.music has 30 seconds left.
|
|t:|1757709452
|-activate|p1b: Electabuzz|confusion
|move|p1b: Electabuzz|Follow Me|p1b: Electabuzz
|-singleturn|p1b: Electabuzz|move: Follow Me
|move|p1a: Gholdengo|Shadow Ball|p2b: Archaludon
|-damage|p2b: Archaludon|0 fnt
|faint|p2b: Archaludon
|move|p2a: Pelipper|Hurricane|p1b: Electabuzz
|-resisted|p1b: Electabuzz
|-damage|p1b: Electabuzz|74/100
|
|-weather|RainDance|[upkeep]
|upkeep
|
|t:|1757709463
|switch|p2b: Dondozo|Dondozo, L50, F|100/100
|turn|5
|
|t:|1757709481
|switch|p2a: Tatsugiri|Tatsugiri-Stretchy, L50, M|100/100
|-activate|p2a: Tatsugiri|ability: Commander|[of] p2b: Dondozo
|-boost|p2b: Dondozo|atk|2
|-boost|p2b: Dondozo|spa|2
|-boost|p2b: Dondozo|spe|2
|-boost|p2b: Dondozo|def|2
|-boost|p2b: Dondozo|spd|2
|-activate|p1b: Electabuzz|confusion
|move|p1b: Electabuzz|Electroweb|p2b: Dondozo|[spread] p2b
|-miss|p1b: Electabuzz|p2a: Tatsugiri
|-supereffective|p2b: Dondozo
|-damage|p2b: Dondozo|86/100
|-unboost|p2b: Dondozo|spe|1
|move|p1a: Gholdengo|Shadow Ball|p2b: Dondozo
|-damage|p2b: Dondozo|67/100
|move|p2b: Dondozo|Earthquake|p1b: Electabuzz|[spread] p1a,p1b
|-miss|p2b: Dondozo|p2a: Tatsugiri
|-supereffective|p1a: Gholdengo
|-supereffective|p1b: Electabuzz
|-damage|p1a: Gholdengo|0 fnt
|-damage|p1b: Electabuzz|4/100
|faint|p1a: Gholdengo
|
|-weather|none
|-heal|p2b: Dondozo|73/100|[from] item: Leftovers
|-sideend|p1: Raucho|move: Light Screen
|-sideend|p1: Raucho|move: Tailwind
|upkeep
|
|t:|1757709495
|switch|p1a: Ursaluna|Ursaluna-Bloodmoon, L50, M|100/100
|turn|6
|
|t:|1757709519
|-terastallize|p1a: Ursaluna|Normal
|-end|p1b: Electabuzz|confusion
|move|p1b: Electabuzz|Electroweb|p2a: Tatsugiri|[spread] p2b
|-miss|p1b: Electabuzz|p2a: Tatsugiri
|-supereffective|p2b: Dondozo
|-damage|p2b: Dondozo|60/100
|-unboost|p2b: Dondozo|spe|1
|move|p1a: Ursaluna|Blood Moon|p2b: Dondozo
|-damage|p2b: Dondozo|0 fnt
|faint|p2b: Dondozo
|-damage|p1a: Ursaluna|91/100|[from] item: Life Orb
|
|upkeep
|
|t:|1757709534
|switch|p2b: Pelipper|Pelipper, L50, M, tera:Fire|81/100
|-weather|RainDance|[from] ability: Drizzle|[of] p2b: Pelipper
|turn|7
|-message|danicruz.music forfeited.
|raw|Raucho's rating: 1151 → 1183(+32 for winning)
|raw|danicruz.music's rating: 1246 → 1214(-32 for losing)
|
|win|Raucho
|l|☆danicruz.music
|player|p2|
