|j|☆bosilek
|j|☆impno
|html|bosilekimpno    
|uhtml|bestof|Game 2 of a best-of-3
|t:|1756331994
|gametype|doubles
|player|p1|bosilek|hilbert-wonderlauncher|1144
|player|p2|impno|ethan|1041
|gen|9
|tier|[Gen 9] VGC 2025 Reg H (Bo3)
|rated|
|rule|Species Clause: Limit one of each Pokémon
|rule|Item Clause: Limit 1 of each item
|clearpoke
|poke|p1|Garchomp, L50, M|
|poke|p1|Talonflame, L50, M|
|poke|p1|Gholdengo, L50|
|poke|p1|Ninetales-Alola, L50, F|
|poke|p1|Hydreigon, L50, F|
|poke|p1|Annihilape, L50, M|
|poke|p2|Porygon2, L50|
|poke|p2|Inteleon, L50, M|
|poke|p2|Gholdengo, L50|
|poke|p2|Incineroar, L50, F|
|poke|p2|Ursaluna-Bloodmoon, L50, M|
|poke|p2|Torkoal, L50, M|
|teampreview|4
|showteam|p1|Garchomp||LifeOrb|RoughSkin|Protect,Earthquake,DragonClaw,StompingTantrum|||M|||50|,,,,,Steel]Talonflame||CovertCloak|GaleWings|BraveBird,Taunt,WillOWisp,Tailwind|||M|||50|,,,,,Grass]Gholdengo||MetalCoat|GoodasGold|MakeItRain,ShadowBall,Protect,NastyPlot||||||50|,,,,,Water]Ninetales-Alola||FocusSash|SnowWarning|Blizzard,FreezeDry,Encore,Protect|||F|||50|,,,,,Water]Hydreigon||ChoiceSpecs|Levitate|HeatWave,Snarl,EarthPower,DragonPulse|||F|||50|,,,,,Fire]Annihilape||SafetyGoggles|Defiant|FinalGambit,RageFist,CloseCombat,Protect|||M|||50|,,,,,Fire
|showteam|p2|Porygon2||Eviolite|Download|TrickRoom,IceBeam,Recover,ShadowBall||||||50|,,,,,Ghost]Inteleon||RazorClaw|Sniper|SnipeShot,Protect,IcyWind,Taunt|||M|||50|,,,,,Grass]Gholdengo||LifeOrb|GoodasGold|MakeItRain,NastyPlot,Protect,ShadowBall||||||50|,,,,,Water]Incineroar||SafetyGoggles|Intimidate|FakeOut,PartingShot,CloseCombat,FlareBlitz|||F|||50|,,,,,Fire]Ursaluna-Bloodmoon||ThroatSpray|MindsEye|BloodMoon,HyperVoice,EarthPower,Protect|||M|||50|,,,,,Normal]Torkoal||ChoiceSpecs|Drought|Eruption,Overheat,HeatWave,SolarBeam|||M|||50|,,,,,Fire
|
|t:|1756332032
|teamsize|p1|4
|teamsize|p2|4
|start
|switch|p1a: Talonflame|Talonflame, L50, M|100/100
|switch|p1b: Annihilape|Annihilape, L50, M|100/100
|switch|p2a: Porygon2|Porygon2, L50|100/100
|switch|p2b: Inteleon|Inteleon, L50, M, shiny|100/100
|-ability|p2a: Porygon2|Download|boost
|-boost|p2a: Porygon2|atk|1
|turn|1
|
|t:|1756332055
|move|p1a: Talonflame|Tailwind|p1a: Talonflame
|-sidestart|p1: bosilek|move: Tailwind
|move|p1b: Annihilape|Final Gambit|p2a: Porygon2
|-damage|p2a: Porygon2|0 fnt
|faint|p1b: Annihilape
|faint|p2a: Porygon2
|move|p2b: Inteleon|Snipe Shot|p1a: Talonflame
|-supereffective|p1a: Talonflame
|-damage|p1a: Talonflame|0 fnt
|faint|p1a: Talonflame
|
|upkeep
|
|t:|1756332064
|switch|p1a: Hydreigon|Hydreigon, L50, F|100/100
|switch|p1b: Garchomp|Garchomp, L50, M|100/100
|switch|p2a: Incineroar|Incineroar, L50, F|100/100
|-ability|p2a: Incineroar|Intimidate|boost
|-unboost|p1a: Hydreigon|atk|1
|-unboost|p1b: Garchomp|atk|1
|turn|2
|
|t:|1756332082
|-terastallize|p1b: Garchomp|Steel
|move|p2a: Incineroar|Fake Out|p1b: Garchomp
|-resisted|p1b: Garchomp
|-damage|p1b: Garchomp|93/100
|-damage|p2a: Incineroar|88/100|[from] ability: Rough Skin|[of] p1b: Garchomp
|cant|p1b: Garchomp|flinch
|move|p1a: Hydreigon|Snarl|p2b: Inteleon|[spread] p2a,p2b
|-resisted|p2a: Incineroar
|-damage|p2a: Incineroar|72/100
|-damage|p2b: Inteleon|50/100
|-unboost|p2a: Incineroar|spa|1
|-unboost|p2b: Inteleon|spa|1
|move|p2b: Inteleon|Icy Wind|p1a: Hydreigon|[spread] p1a,p1b
|-supereffective|p1a: Hydreigon
|-resisted|p1b: Garchomp
|-crit|p1b: Garchomp
|-damage|p1a: Hydreigon|78/100
|-damage|p1b: Garchomp|77/100
|-unboost|p1a: Hydreigon|spe|1
|-unboost|p1b: Garchomp|spe|1
|
|upkeep
|turn|3
|
|t:|1756332106
|move|p2b: Inteleon|Protect|p2b: Inteleon
|-singleturn|p2b: Inteleon|Protect
|move|p1b: Garchomp|Earthquake|p2b: Inteleon|[spread] p2a
|-activate|p2b: Inteleon|move: Protect
|-immune|p1a: Hydreigon|[from] ability: Levitate
|-supereffective|p2a: Incineroar
|-damage|p2a: Incineroar|5/100
|-damage|p1b: Garchomp|67/100|[from] item: Life Orb
|move|p1a: Hydreigon|Snarl|p2b: Inteleon|[spread] 
|-activate|p2b: Inteleon|move: Protect
|-miss|p1a: Hydreigon|p2a: Incineroar
|move|p2a: Incineroar|Close Combat|p1b: Garchomp
|-supereffective|p1b: Garchomp
|-damage|p1b: Garchomp|0 fnt
|-unboost|p2a: Incineroar|def|1
|-unboost|p2a: Incineroar|spd|1
|-damage|p2a: Incineroar|0 fnt|[from] ability: Rough Skin|[of] p1b: Garchomp
|faint|p1b: Garchomp
|faint|p2a: Incineroar
|
|upkeep
|
|t:|1756332119
|switch|p2a: Torkoal|Torkoal, L50, M, shiny|100/100
|-weather|SunnyDay|[from] ability: Drought|[of] p2a: Torkoal
|turn|4
|c|☆bosilek|that miss sucked
|
|t:|1756332159
|move|p1a: Hydreigon|Snarl|p2b: Inteleon|[spread] p2a,p2b
|-damage|p2a: Torkoal|58/100
|-damage|p2b: Inteleon|0 fnt
|-unboost|p2a: Torkoal|spa|1
|faint|p2b: Inteleon
|move|p2a: Torkoal|Overheat|p1a: Hydreigon|[miss]
|-miss|p2a: Torkoal|p1a: Hydreigon
|
|-weather|SunnyDay|[upkeep]
|-sideend|p1: bosilek|move: Tailwind
|upkeep
|turn|5
|c|☆impno|fair
|
|t:|1756332174
|-terastallize|p2a: Torkoal|Fire
|move|p1a: Hydreigon|Snarl|p2a: Torkoal
|-crit|p2a: Torkoal
|-damage|p2a: Torkoal|0 fnt
|faint|p2a: Torkoal
|
|win|bosilek
|raw|bosilek's rating: 1144 → 1162(+18 for winning)
|raw|impno's rating: 1041 → 1030(-11 for losing)
|c|☆bosilek|damn gg
