|j|☆ill.busx
|j|☆Passevgc
|html|ill.busxPassevgc    
|uhtml|bestof|Game 1 of a best-of-3
|t:|1783540207
|gametype|doubles
|player|p1|ill.busx|170|1000
|player|p2|Passevgc|170|1055
|gen|9
|tier|[Gen 9 Champions] VGC 2026 Reg M-B (Bo3)
|rated|
|rule|Species Clause: Limit one of each Pokémon
|rule|Item Clause: Limit 1 of each item
|clearpoke
|poke|p1|Kangaskhan, L50, F|
|poke|p1|Sinistcha, L50|
|poke|p1|Aerodactyl, L50, F|
|poke|p1|Incineroar, L50, F|
|poke|p1|Gengar, L50, M, shiny|
|poke|p1|Ninetales-Alola, L50, M|
|poke|p2|Hydreigon, L50, M|
|poke|p2|Incineroar, L50, M|
|poke|p2|Charizard, L50, F|
|poke|p2|Metagross, L50|
|poke|p2|Aerodactyl, L50, F|
|poke|p2|Sinistcha, L50|
|teampreview|4
|showteam|p1|Kangaskhan||Kangaskhanite|InnerFocus|Protect,FakeOut,SuckerPunch,DrainPunch|Adamant||F|||50|]Sinistcha||SitrusBerry|Hospitality|Protect,RagePowder,MatchaGotcha,LifeDew|Relaxed|||||50|]Aerodactyl||FocusSash|Unnerve|Protect,Tailwind,DualWingbeat,RockSlide|Jolly||F|||50|]Incineroar||ChopleBerry|Intimidate|Protect,FakeOut,PartingShot,ThroatChop|Relaxed||F|||50|]Gengar||Gengarite|CursedBody|Protect,PerishSong,Disable,ShadowBall|Timid||M|||50|]Ninetales-Alola||NeverMeltIce|SnowWarning|Protect,Moonblast,Blizzard,Encore|Timid||M|||50|
|showteam|p2|Hydreigon||ChoiceScarf|Levitate|DracoMeteor,DarkPulse,FlashCannon,Snarl|Modest||M|||50|]Incineroar||ChopleBerry|Intimidate|FlareBlitz,DarkestLariat,PartingShot,FakeOut|Careful||M|||50|]Charizard||CharizarditeY|Blaze|HeatWave,SolarBeam,WeatherBall,Protect|Modest||F|||50|]Metagross||Metagrossite|ClearBody|PsychicFangs,IronHead,BodyPress,Protect|Adamant|||||50|]Aerodactyl||FocusSash|Unnerve|RockSlide,WideGuard,Tailwind,Protect|Jolly||F|||50|]Sinistcha||SitrusBerry|Hospitality|Protect,LifeDew,RagePowder,MatchaGotcha|Calm|||||50|
|inactive|Battle timer is ON: inactive players will automatically lose when time's up. (requested by Passevgc)
|inactive|ill.busx has 60 seconds left.
|inactive|Passevgc has 60 seconds left.
|inactive|ill.busx has 30 seconds left.
|inactive|ill.busx has 20 seconds left.
|inactive|ill.busx has 15 seconds left.
|
|t:|1783540292
|teamsize|p1|4
|teamsize|p2|4
|start
|switch|p1a: Kangaskhan|Kangaskhan, L50, F|100/100
|switch|p1b: Aerodactyl|Aerodactyl, L50, F|100/100
|switch|p2a: Hydreigon|Hydreigon, L50, M|100/100
|switch|p2b: Incineroar|Incineroar, L50, M|100/100
|-ability|p1b: Aerodactyl|Unnerve
|-ability|p2b: Incineroar|Intimidate|boost
|-fail|p1a: Kangaskhan|unboost|Attack|[from] ability: Inner Focus|[of] p1a: Kangaskhan
|-unboost|p1b: Aerodactyl|atk|1
|turn|1
|c|☆ill.busx|glhf
|inactive|ill.busx has 30 seconds left.
|inactive|Passevgc has 30 seconds left.
|inactive|Passevgc has 20 seconds left.
|
|t:|1783540327
|move|p1b: Aerodactyl|Protect|p1b: Aerodactyl
|-singleturn|p1b: Aerodactyl|Protect
|move|p2b: Incineroar|Fake Out|p1b: Aerodactyl
|-activate|p1b: Aerodactyl|move: Protect
|move|p2a: Hydreigon|Flash Cannon|p1b: Aerodactyl
|-activate|p1b: Aerodactyl|move: Protect
|move|p1a: Kangaskhan|Drain Punch|p2a: Hydreigon
|-supereffective|p2a: Hydreigon|1
|-damage|p2a: Hydreigon|47/100
|
|upkeep
|turn|2
|inactive|ill.busx has 30 seconds left.
|
|t:|1783540354
|switch|p1a: Incineroar|Incineroar, L50, F|100/100
|-ability|p1a: Incineroar|Intimidate|boost
|-unboost|p2a: Hydreigon|atk|1
|-unboost|p2b: Incineroar|atk|1
|move|p2a: Hydreigon|Flash Cannon|p1b: Aerodactyl
|-supereffective|p1b: Aerodactyl|1
|-damage|p1b: Aerodactyl|14/100
|move|p1b: Aerodactyl|Tailwind|p1b: Aerodactyl
|-sidestart|p1: ill.busx|move: Tailwind
|move|p2b: Incineroar|Darkest Lariat|p1b: Aerodactyl
|-damage|p1b: Aerodactyl|0 fnt
|faint|p1b: Aerodactyl
|
|upkeep
|
|t:|1783540376
|switch|p1b: Kangaskhan|Kangaskhan, L50, F|100/100
|turn|3
|
|t:|1783540387
|switch|p2a: Sinistcha|Sinistcha, L50|100/100
|move|p1b: Kangaskhan|Fake Out|p2b: Incineroar
|-damage|p2b: Incineroar|82/100
|move|p1a: Incineroar|Throat Chop|p2a: Sinistcha
|-supereffective|p2a: Sinistcha|1
|-damage|p2a: Sinistcha|34/100
|-start|p2a: Sinistcha|Throat Chop|[silent]
|-enditem|p2a: Sinistcha|Sitrus Berry|[eat]
|-heal|p2a: Sinistcha|59/100|[from] item: Sitrus Berry
|cant|p2b: Incineroar|flinch
|
|upkeep
|turn|4
|inactive|ill.busx has 30 seconds left.
|inactive|ill.busx has 20 seconds left.
|inactive|ill.busx has 15 seconds left.
|inactive|ill.busx has 10 seconds left.
|
|t:|1783540435
|switch|p2a: Hydreigon|Hydreigon, L50, M|47/100
|detailschange|p1b: Kangaskhan|Kangaskhan-Mega, L50, F
|-mega|p1b: Kangaskhan|Kangaskhan|Kangaskhanite
|move|p1b: Kangaskhan|Drain Punch|p2b: Incineroar
|-supereffective|p2b: Incineroar|1
|-crit|p2b: Incineroar
|-enditem|p2b: Incineroar|Chople Berry|[eat]
|-enditem|p2b: Incineroar|Chople Berry|[weaken]
|-damage|p2b: Incineroar|46/100
|-supereffective|p2b: Incineroar|1
|-damage|p2b: Incineroar|34/100
|-hitcount|p2b: Incineroar|2
|move|p1a: Incineroar|Throat Chop|p2a: Hydreigon
|-resisted|p2a: Hydreigon|1
|-damage|p2a: Hydreigon|28/100
|-start|p2a: Hydreigon|Throat Chop|[silent]
|move|p2b: Incineroar|Parting Shot|p1a: Incineroar
|-unboost|p1a: Incineroar|atk|1
|-unboost|p1a: Incineroar|spa|1
|inactive|Passevgc has 30 seconds left.
|
|t:|1783540463
|switch|p2b: Sinistcha|Sinistcha, L50|59/100|[from] Parting Shot
|-heal|p2a: Hydreigon|53/100|[from] ability: Hospitality|[of] p2b: Sinistcha
|
|upkeep
|turn|5
|inactive|ill.busx has 30 seconds left.
|inactive|ill.busx has 20 seconds left.
|
|t:|1783540501
|switch|p1b: Ninetales|Ninetales-Alola, L50, M|100/100
|-weather|Snowscape|[from] ability: Snow Warning|[of] p1b: Ninetales
|move|p2b: Sinistcha|Rage Powder|p2b: Sinistcha
|-singleturn|p2b: Sinistcha|move: Rage Powder
|move|p2a: Hydreigon|Draco Meteor|p1b: Ninetales
|-immune|p1b: Ninetales
|move|p1a: Incineroar|Parting Shot|p2b: Sinistcha
|-unboost|p2b: Sinistcha|atk|1
|-unboost|p2b: Sinistcha|spa|1
|
|t:|1783540512
|switch|p1a: Kangaskhan|Kangaskhan-Mega, L50, F|100/100|[from] Parting Shot
|
|-weather|Snowscape|[upkeep]
|-end|p2a: Hydreigon|Throat Chop|[silent]
|-sideend|p1: ill.busx|move: Tailwind
|upkeep
|turn|6
|inactive|ill.busx has 30 seconds left.
|
|t:|1783540538
|move|p2b: Sinistcha|Protect|p2b: Sinistcha
|-singleturn|p2b: Sinistcha|Protect
|move|p1a: Kangaskhan|Fake Out|p2a: Hydreigon
|-damage|p2a: Hydreigon|24/100
|-damage|p2a: Hydreigon|19/100
|-hitcount|p2a: Hydreigon|2
|cant|p2a: Hydreigon|flinch
|move|p1b: Ninetales|Blizzard|p2b: Sinistcha|[spread] p2a
|-activate|p2b: Sinistcha|move: Protect
|-supereffective|p2a: Hydreigon|1
|-damage|p2a: Hydreigon|0 fnt
|faint|p2a: Hydreigon
|
|-weather|Snowscape|[upkeep]
|upkeep
|
|t:|1783540552
|switch|p2a: Metagross|Metagross, L50|100/100
|turn|7
|inactive|Passevgc has 30 seconds left.
|
|t:|1783540586
|switch|p2b: Incineroar|Incineroar, L50, M|34/100
|-ability|p2b: Incineroar|Intimidate|boost
|-unboost|p1a: Kangaskhan|atk|1
|-unboost|p1b: Ninetales|atk|1
|detailschange|p2a: Metagross|Metagross-Mega, L50
|-mega|p2a: Metagross|Metagross|Metagrossite
|move|p1b: Ninetales|Protect|p1b: Ninetales
|-singleturn|p1b: Ninetales|Protect
|move|p1a: Kangaskhan|Sucker Punch|p2a: Metagross
|-supereffective|p2a: Metagross|1
|-damage|p2a: Metagross|76/100
|-supereffective|p2a: Metagross|1
|-damage|p2a: Metagross|70/100
|-hitcount|p2a: Metagross|2
|move|p2a: Metagross|Iron Head|p1b: Ninetales
|-activate|p1b: Ninetales|move: Protect
|
|-weather|Snowscape|[upkeep]
|upkeep
|turn|8
|inactive|Passevgc has 30 seconds left.
|
|t:|1783540619
|switch|p1b: Incineroar|Incineroar, L50, F|100/100
|-ability|p1b: Incineroar|Intimidate|boost
|-unboost|p2a: Metagross|atk|1
|-unboost|p2b: Incineroar|atk|1
|move|p1a: Kangaskhan|Protect|p1a: Kangaskhan
|-singleturn|p1a: Kangaskhan|Protect
|move|p2b: Incineroar|Fake Out|p1a: Kangaskhan
|-activate|p1a: Kangaskhan|move: Protect
|move|p2a: Metagross|Body Press|p1a: Kangaskhan
|-activate|p1a: Kangaskhan|move: Protect
|
|-weather|Snowscape|[upkeep]
|upkeep
|turn|9
|
|t:|1783540642
|switch|p1a: Ninetales|Ninetales-Alola, L50, M|100/100
|switch|p2b: Sinistcha|Sinistcha, L50|59/100
|-heal|p2a: Metagross|95/100|[from] ability: Hospitality|[of] p2b: Sinistcha
|move|p2a: Metagross|Protect|p2a: Metagross
|-singleturn|p2a: Metagross|Protect
|move|p1b: Incineroar|Fake Out|p2a: Metagross
|-activate|p2a: Metagross|move: Protect
|
|-weather|none
|upkeep
|turn|10
|
|t:|1783540662
|switch|p2b: Incineroar|Incineroar, L50, M|34/100
|-ability|p2b: Incineroar|Intimidate|boost
|-unboost|p1a: Ninetales|atk|1
|-unboost|p1b: Incineroar|atk|1
|move|p1a: Ninetales|Protect|p1a: Ninetales
|-singleturn|p1a: Ninetales|Protect
|move|p2a: Metagross|Body Press|p1b: Incineroar
|-supereffective|p1b: Incineroar|1
|-enditem|p1b: Incineroar|Chople Berry|[eat]
|-enditem|p1b: Incineroar|Chople Berry|[weaken]
|-damage|p1b: Incineroar|75/100
|move|p1b: Incineroar|Parting Shot|p2a: Metagross
|-unboost|p2a: Metagross|atk|1
|-unboost|p2a: Metagross|spa|1
|
|t:|1783540675
|switch|p1b: Kangaskhan|Kangaskhan-Mega, L50, F|100/100|[from] Parting Shot
|
|upkeep
|turn|11
|inactive|ill.busx has 30 seconds left.
|
|t:|1783540704
|switch|p2a: Sinistcha|Sinistcha, L50|59/100
|-heal|p2b: Incineroar|59/100|[from] ability: Hospitality|[of] p2a: Sinistcha
|move|p1b: Kangaskhan|Fake Out|p2b: Incineroar
|-damage|p2b: Incineroar|39/100
|-damage|p2b: Incineroar|36/100
|-hitcount|p2b: Incineroar|2
|move|p1a: Ninetales|Blizzard|p2a: Sinistcha|[spread] p2a,p2b
|-supereffective|p2a: Sinistcha|1
|-resisted|p2b: Incineroar|1
|-damage|p2a: Sinistcha|2/100
|-damage|p2b: Incineroar|24/100
|cant|p2b: Incineroar|flinch
|
|upkeep
|turn|12
|inactive|ill.busx has 30 seconds left.
|
|t:|1783540737
|switch|p2a: Metagross|Metagross-Mega, L50|95/100
|move|p1a: Ninetales|Encore||[still]
|-fail|p1a: Ninetales
|move|p1b: Kangaskhan|Drain Punch|p2b: Incineroar
|-supereffective|p2b: Incineroar|1
|-damage|p2b: Incineroar|0 fnt
|faint|p2b: Incineroar
|
|upkeep
|
|t:|1783540745
|switch|p2b: Sinistcha|Sinistcha, L50|2/100
|-heal|p2a: Metagross|100/100|[from] ability: Hospitality|[of] p2b: Sinistcha
|turn|13
|
|t:|1783540766
|move|p1a: Ninetales|Protect|p1a: Ninetales
|-singleturn|p1a: Ninetales|Protect
|move|p1b: Kangaskhan|Protect|p1b: Kangaskhan
|-singleturn|p1b: Kangaskhan|Protect
|move|p2b: Sinistcha|Protect|p2b: Sinistcha
|-singleturn|p2b: Sinistcha|Protect
|move|p2a: Metagross|Body Press|p1b: Kangaskhan
|-activate|p1b: Kangaskhan|move: Protect
|
|upkeep
|turn|14
|
|t:|1783540782
|move|p2b: Sinistcha|Rage Powder|p2b: Sinistcha
|-singleturn|p2b: Sinistcha|move: Rage Powder
|move|p1b: Kangaskhan|Sucker Punch||[still]
|-fail|p1b: Kangaskhan
|move|p1a: Ninetales|Moonblast|p2b: Sinistcha
|-damage|p2b: Sinistcha|0 fnt
|faint|p2b: Sinistcha
|move|p2a: Metagross|Body Press|p1a: Ninetales
|-damage|p1a: Ninetales|56/100
|
|upkeep
|turn|15
|
|t:|1783540798
|move|p1b: Kangaskhan|Sucker Punch|p2a: Metagross
|-supereffective|p2a: Metagross|1
|-damage|p2a: Metagross|59/100
|-supereffective|p2a: Metagross|1
|-damage|p2a: Metagross|50/100g
|-hitcount|p2a: Metagross|2
|move|p1a: Ninetales|Moonblast|p2a: Metagross
|-resisted|p2a: Metagross|1
|-damage|p2a: Metagross|37/100
|move|p2a: Metagross|Iron Head|p1a: Ninetales
|-supereffective|p1a: Ninetales|2
|-damage|p1a: Ninetales|0 fnt
|faint|p1a: Ninetales
|
|upkeep
|-message|Passevgc forfeited.
|
|win|ill.busx
||Passevgc is ready for game 2.
||ill.busx is ready for game 2.
|uhtml|next|Next: Game 2 of 3
