|j|☆basedfortnitegamer
|j|☆seeyouatthetip
|html|basedfortnitegamerseeyouatthetip    
|uhtml|bestof|Game 1 of a best-of-3
|t:|1756581515
|gametype|doubles
|player|p1|basedfortnitegamer|pokefan-gen4|1197
|player|p2|seeyouatthetip|hiker-gen4|1293
|gen|9
|tier|[Gen 9] VGC 2025 Reg H (Bo3)
|rated|
|rule|Species Clause: Limit one of each Pokémon
|rule|Item Clause: Limit 1 of each item
|clearpoke
|poke|p1|Goodra-Hisui, L50, M|
|poke|p1|Incineroar, L50, M|
|poke|p1|Rillaboom, L50, M|
|poke|p1|Comfey, L50, M|
|poke|p1|Amoonguss, L50, M|
|poke|p1|Gholdengo, L50|
|poke|p2|Amoonguss, L50, F|
|poke|p2|Incineroar, L50, M|
|poke|p2|Gholdengo, L50|
|poke|p2|Annihilape, L50, M|
|poke|p2|Kingambit, L50, M|
|poke|p2|Dragonite, L50, M|
|teampreview|4
|showteam|p1|Goodra-Hisui||Leftovers|SapSipper|BodyPress,HeavySlam,AcidArmor,Protect|||M|||50|,,,,,Fairy]Incineroar||SafetyGoggles|Intimidate|FlareBlitz,KnockOff,PartingShot,FakeOut|||M|||50|,,,,,Ghost]Rillaboom||AssaultVest|GrassySurge|FakeOut,GrassyGlide,WoodHammer,Uturn|||M|||50|,,,,,Water]Comfey||SitrusBerry|Triage|DrainingKiss,TrickRoom,FloralHealing,HelpingHand|||M|||50|,,,,,Ghost]Amoonguss||CovertCloak|Regenerator|Spore,RagePowder,Protect,PollenPuff|||M|||50|,,,,,Water]Gholdengo||LifeOrb|GoodasGold|MakeItRain,ShadowBall,NastyPlot,Protect||||||50|,,,,,Flying
|showteam|p2|Amoonguss||SitrusBerry|Regenerator|Spore,RagePowder,SludgeBomb,Protect|||F|||50|,,,,,Fire]Incineroar||SafetyGoggles|Intimidate|FlareBlitz,FakeOut,PartingShot,KnockOff|||M|||50|,,,,,Ghost]Gholdengo||LifeOrb|GoodasGold|MakeItRain,ShadowBall,NastyPlot,Protect||||||50|,,,,,Steel]Annihilape||FocusSash|Defiant|CloseCombat,RageFist,Coaching,FinalGambit|||M|||50|,,,,,Grass]Kingambit||AssaultVest|Defiant|KowtowCleave,SuckerPunch,IronHead,LowKick|||M|||50|,,,,,Dark]Dragonite||LoadedDice|Multiscale|ScaleShot,ExtremeSpeed,Haze,Protect|||M|||50|,,,,,Fairy
|inactive|Battle timer is ON: inactive players will automatically lose when time's up. (requested by basedfortnitegamer)
|inactive|seeyouatthetip has 60 seconds left.
|
|t:|1756581570
|teamsize|p1|4
|teamsize|p2|4
|start
|switch|p1a: Goodra|Goodra-Hisui, L50, M|100/100
|switch|p1b: Comfey|Comfey, L50, M|100/100
|switch|p2a: Gholdengo|Gholdengo, L50|100/100
|switch|p2b: Incineroar|Incineroar, L50, M|100/100
|-ability|p2b: Incineroar|Intimidate|boost
|-unboost|p1a: Goodra|atk|1
|-unboost|p1b: Comfey|atk|1
|turn|1
|inactive|basedfortnitegamer has 30 seconds left.
|inactive|basedfortnitegamer has 20 seconds left.
|inactive|basedfortnitegamer has 15 seconds left.
|
|t:|1756581613
|switch|p1b: Incineroar|Incineroar, L50, M|100/100
|-ability|p1b: Incineroar|Intimidate|boost
|-unboost|p2a: Gholdengo|atk|1
|-unboost|p2b: Incineroar|atk|1
|move|p2b: Incineroar|Fake Out|p1a: Goodra
|-resisted|p1a: Goodra
|-crit|p1a: Goodra
|-damage|p1a: Goodra|94/100
|move|p2a: Gholdengo|Nasty Plot|p2a: Gholdengo
|-boost|p2a: Gholdengo|spa|2
|cant|p1a: Goodra|flinch
|
|-heal|p1a: Goodra|99/100|[from] item: Leftovers
|upkeep
|turn|2
|
|t:|1756581633
|move|p2a: Gholdengo|Protect|p2a: Gholdengo
|-singleturn|p2a: Gholdengo|Protect
|move|p2b: Incineroar|Flare Blitz|p1a: Goodra
|-damage|p1a: Goodra|72/100
|-damage|p2b: Incineroar|92/100|[from] Recoil
|move|p1b: Incineroar|Flare Blitz|p2a: Gholdengo
|-activate|p2a: Gholdengo|move: Protect
|move|p1a: Goodra|Acid Armor|p1a: Goodra
|-boost|p1a: Goodra|def|2
|
|-heal|p1a: Goodra|78/100|[from] item: Leftovers
|upkeep
|turn|3
|
|t:|1756581649
|move|p1a: Goodra|Protect|p1a: Goodra
|-singleturn|p1a: Goodra|Protect
|move|p2a: Gholdengo|Shadow Ball|p1a: Goodra
|-activate|p1a: Goodra|move: Protect
|move|p2b: Incineroar|Parting Shot|p1b: Incineroar
|-unboost|p1b: Incineroar|atk|1
|-unboost|p1b: Incineroar|spa|1
|
|t:|1756581660
|switch|p2b: Dragonite|Dragonite, L50, M|100/100|[from] Parting Shot
|move|p1b: Incineroar|Flare Blitz|p2a: Gholdengo
|-supereffective|p2a: Gholdengo
|-damage|p2a: Gholdengo|18/100
|-damage|p1b: Incineroar|79/100|[from] Recoil
|
|-heal|p1a: Goodra|84/100|[from] item: Leftovers
|upkeep
|turn|4
|
|t:|1756581681
|-terastallize|p1a: Goodra|Fairy
|move|p2a: Gholdengo|Shadow Ball|p1a: Goodra
|-damage|p1a: Goodra|8/100
|-damage|p2a: Gholdengo|8/100|[from] item: Life Orb
|move|p2b: Dragonite|Scale Shot|p1b: Incineroar
|-damage|p1b: Incineroar|65/100
|-damage|p1b: Incineroar|51/100
|-damage|p1b: Incineroar|38/100
|-damage|p1b: Incineroar|24/100
|-damage|p1b: Incineroar|9/100
|-hitcount|p1b: Incineroar|5
|-unboost|p2b: Dragonite|def|1
|-boost|p2b: Dragonite|spe|1
|move|p1b: Incineroar|Knock Off|p2a: Gholdengo
|-supereffective|p2a: Gholdengo
|-damage|p2a: Gholdengo|0 fnt
|-enditem|p2a: Gholdengo|Life Orb|[from] move: Knock Off|[of] p1b: Incineroar
|faint|p2a: Gholdengo
|move|p1a: Goodra|Acid Armor|p1a: Goodra
|-boost|p1a: Goodra|def|2
|
|-heal|p1a: Goodra|14/100|[from] item: Leftovers
|upkeep
|
|t:|1756581702
|switch|p2a: Incineroar|Incineroar, L50, M|92/100
|-ability|p2a: Incineroar|Intimidate|boost
|-unboost|p1a: Goodra|atk|1
|-unboost|p1b: Incineroar|atk|1
|turn|5
|inactive|seeyouatthetip has 30 seconds left.
|
|t:|1756581730
|switch|p1b: Comfey|Comfey, L50, M|100/100
|move|p1a: Goodra|Protect|p1a: Goodra
|-singleturn|p1a: Goodra|Protect
|move|p2b: Dragonite|Extreme Speed|p1b: Comfey
|-damage|p1b: Comfey|71/100
|move|p2a: Incineroar|Flare Blitz|p1b: Comfey
|-damage|p1b: Comfey|18/100
|-enditem|p1b: Comfey|Sitrus Berry|[eat]
|-heal|p1b: Comfey|43/100|[from] item: Sitrus Berry
|-damage|p2a: Incineroar|78/100|[from] Recoil
|
|-heal|p1a: Goodra|20/100|[from] item: Leftovers
|upkeep
|turn|6
|
|t:|1756581747
|move|p1b: Comfey|Floral Healing|p1a: Goodra
|-heal|p1a: Goodra|70/100
|move|p2b: Dragonite|Haze|p2b: Dragonite
|-clearallboost
|move|p2a: Incineroar|Flare Blitz|p1b: Comfey
|-damage|p1b: Comfey|0 fnt
|faint|p1b: Comfey
|-damage|p2a: Incineroar|67/100|[from] Recoil
|move|p1a: Goodra|Body Press|p2a: Incineroar
|-supereffective|p2a: Incineroar
|-crit|p2a: Incineroar
|-damage|p2a: Incineroar|2/100
|
|-heal|p1a: Goodra|76/100|[from] item: Leftovers
|upkeep
|
|t:|1756581753
|switch|p1b: Incineroar|Incineroar, L50, M|9/100
|-ability|p1b: Incineroar|Intimidate|boost
|-unboost|p2a: Incineroar|atk|1
|-unboost|p2b: Dragonite|atk|1
|turn|7
|inactive|seeyouatthetip has 30 seconds left.
|inactive|seeyouatthetip has 20 seconds left.
|
|t:|1756581792
|switch|p2a: Annihilape|Annihilape, L50, M|100/100
|move|p1b: Incineroar|Fake Out|p2a: Annihilape
|-immune|p2a: Annihilape
|move|p2b: Dragonite|Scale Shot|p1b: Incineroar
|-damage|p1b: Incineroar|1/100
|-damage|p1b: Incineroar|0 fnt
|faint|p1b: Incineroar
|-hitcount|p1: Incineroar|2
|-unboost|p2b: Dragonite|def|1
|-boost|p2b: Dragonite|spe|1
|move|p1a: Goodra|Acid Armor|p1a: Goodra
|-boost|p1a: Goodra|def|2
|
|-heal|p1a: Goodra|82/100|[from] item: Leftovers
|upkeep
|
|t:|1756581804
|switch|p1b: Amoonguss|Amoonguss, L50, M, shiny|100/100
|turn|8
|inactive|seeyouatthetip has 30 seconds left.
|inactive|seeyouatthetip has 20 seconds left.
|inactive|seeyouatthetip has 15 seconds left.
|
|t:|1756581844
|-terastallize|p2a: Annihilape|Grass
|move|p2b: Dragonite|Scale Shot|p1b: Amoonguss
|-damage|p1b: Amoonguss|92/100
|-damage|p1b: Amoonguss|83/100
|-damage|p1b: Amoonguss|74/100
|-damage|p1b: Amoonguss|65/100
|-hitcount|p1b: Amoonguss|4
|-unboost|p2b: Dragonite|def|1
|-boost|p2b: Dragonite|spe|1
|move|p2a: Annihilape|Final Gambit|p1a: Goodra
|-damage|p1a: Goodra|0 fnt
|faint|p2a: Annihilape
|faint|p1a: Goodra
|move|p1b: Amoonguss|Spore|p2b: Dragonite
|-status|p2b: Dragonite|slp|[from] move: Spore
|
|upkeep
|-message|basedfortnitegamer forfeited.
|
|win|seeyouatthetip
||basedfortnitegamer is ready for game 2.
||seeyouatthetip is ready for game 2.
|uhtml|next|Next: Game 2 of 3
|l|☆basedfortnitegamer
|player|p1|
