|j|‽Apfr
|j|☆ToastedArt
|html|ApfrToastedArt    
|uhtml|bestof|Game 1 of a best-of-3
|t:|1785370342
|gametype|doubles
|player|p1|Apfr|clown|1129
|player|p2|ToastedArt|iris|1062
|gen|9
|tier|[Gen 9 Champions] VGC 2026 Reg M-B (Bo3)
|rated|
|rule|Species Clause: Limit one of each Pokémon
|rule|Item Clause: Limit 1 of each item
|clearpoke
|poke|p1|Drampa, L50, M|
|poke|p1|Diggersby, L50, M|
|poke|p1|Zoroark-Hisui, L50, F, shiny|
|poke|p1|Kangaskhan, L50, F|
|poke|p1|Toucannon, L50, F|
|poke|p1|Farigiraf, L50, F, shiny|
|poke|p2|Staraptor, L50, M|
|poke|p2|Gholdengo, L50|
|poke|p2|Sinistcha, L50|
|poke|p2|Grimmsnarl, L50, M|
|poke|p2|Raichu, L50, F|
|poke|p2|Incineroar, L50, F|
|teampreview|4
|showteam|p1|Drampa||SitrusBerry|Berserk|DragonPulse,HyperVoice,HeatWave,Protect|Quiet||M|||50|]Diggersby||SilkScarf|HugePower|BodySlam,HighHorsepower,QuickAttack,Protect|Brave||M|||50|]Zoroark-Hisui||LifeOrb|Illusion|BitterMalice,Snarl,HyperVoice,Protect|Timid||F|||50|]Kangaskhan||Kangaskhanite|Scrappy|HammerArm,Protect,FakeOut,DoubleEdge|Adamant||F|||50|]Toucannon||SharpBeak|SkillLink|BeakBlast,RockBlast,BulletSeed,Protect|Brave||F|||50|]Farigiraf||ColburBerry|ArmorTail|TrickRoom,Protect,Reflect,Psychic|Quiet||F|||50|
|showteam|p2|Staraptor||Staraptite|Intimidate|Tailwind,Roost,CloseCombat,BraveBird|Jolly||M|||50|]Gholdengo||SpellTag|GoodasGold|MakeItRain,ShadowBall,NastyPlot,Protect|Modest|||||50|]Sinistcha||KasibBerry|Hospitality|MatchaGotcha,RagePowder,TrickRoom,LifeDew|Calm|||||50|]Grimmsnarl||LightClay|Prankster|Reflect,LightScreen,PartingShot,FakeTears|Calm||M|||50|]Raichu||RaichuniteX|LightningRod|VoltTackle,Charm,FakeTears,VoltSwitch|Jolly||F|||50|]Incineroar||SitrusBerry|Intimidate|FlareBlitz,PartingShot,FakeOut,Roar|Impish||F|||50|
|inactive|Battle timer is ON: inactive players will automatically lose when time's up. (requested by ToastedArt)
|
|t:|1785370369
|teamsize|p1|4
|teamsize|p2|4
|start
|switch|p1a: Toucannon|Toucannon, L50, F|100/100
|switch|p1b: Farigiraf|Farigiraf, L50, F, shiny|100/100
|switch|p2a: Staraptor|Staraptor, L50, M|100/100
|switch|p2b: Grimmsnarl|Grimmsnarl, L50, M|100/100
|-ability|p2a: Staraptor|Intimidate|boost
|-unboost|p1a: Toucannon|atk|1
|-unboost|p1b: Farigiraf|atk|1
|turn|1
|
|t:|1785370390
|detailschange|p2a: Staraptor|Staraptor-Mega, L50, M
|-mega|p2a: Staraptor|Staraptor|Staraptite
|-singleturn|p1a: Toucannon|move: Beak Blast
|move|p1b: Farigiraf|Protect|p1b: Farigiraf
|-singleturn|p1b: Farigiraf|Protect
|move|p2b: Grimmsnarl|Fake Tears|p2a: Staraptor
|-boost|p2a: Staraptor|spd|2
|move|p2a: Staraptor|Tailwind|p2a: Staraptor
|-sidestart|p2: ToastedArt|move: Tailwind
|move|p1a: Toucannon|Beak Blast|p2a: Staraptor
|-supereffective|p2a: Staraptor|1
|-damage|p2a: Staraptor|7/100
|
|upkeep
|turn|2
|
|t:|1785370413
|-singleturn|p1a: Toucannon|move: Beak Blast
|move|p2b: Grimmsnarl|Reflect|p2b: Grimmsnarl
|-sidestart|p2: ToastedArt|Reflect
|move|p2a: Staraptor|Roost|p2a: Staraptor
|-heal|p2a: Staraptor|58/100
|-singleturn|p2a: Staraptor|move: Roost
|move|p1a: Toucannon|Beak Blast|p2b: Grimmsnarl
|-damage|p2b: Grimmsnarl|54/100
|move|p1b: Farigiraf|Trick Room|p1b: Farigiraf
|-fieldstart|move: Trick Room|[of] p1b: Farigiraf
|
|upkeep
|turn|3
|
|t:|1785370428
|switch|p1b: Drampa|Drampa, L50, M|100/100
|-singleturn|p1a: Toucannon|move: Beak Blast
|move|p2b: Grimmsnarl|Parting Shot|p2a: Staraptor
|-boost|p2a: Staraptor|atk|1
|-boost|p2a: Staraptor|spa|1
|
|t:|1785370434
|switch|p2b: Sinistcha|Sinistcha, L50|100/100|[from] Parting Shot
|-heal|p2a: Staraptor|83/100|[from] ability: Hospitality|[of] p2b: Sinistcha
|move|p2a: Staraptor|Close Combat|p1b: Drampa
|-supereffective|p1b: Drampa|1
|-damage|p1b: Drampa|0 fnt
|-boost|p2a: Staraptor|def|1
|-boost|p2a: Staraptor|spd|1
|faint|p1b: Drampa
|move|p1a: Toucannon|Beak Blast|p2a: Staraptor
|-supereffective|p2a: Staraptor|1
|-damage|p2a: Staraptor|34/100
|
|upkeep
|
|t:|1785370447
|switch|p1b: Farigiraf|Farigiraf, L50, F, shiny|100/100
|turn|4
|
|t:|1785370456
|-singleturn|p1a: Toucannon|move: Beak Blast
|move|p1b: Farigiraf|Psychic|p2a: Staraptor
|-supereffective|p2a: Staraptor|1
|-damage|p2a: Staraptor|4/100
|move|p2b: Sinistcha|Life Dew||[still]|[spread] p2a,p2b
|-heal|p2a: Staraptor|29/100
|-fail|p2b: Sinistcha|heal
|move|p2a: Staraptor|Close Combat|p1b: Farigiraf
|-damage|p1b: Farigiraf|28/100
|-boost|p2a: Staraptor|def|1
|-boost|p2a: Staraptor|spd|1
|move|p1a: Toucannon|Beak Blast|p2a: Staraptor
|-supereffective|p2a: Staraptor|1
|-damage|p2a: Staraptor|0 fnt
|faint|p2a: Staraptor
|
|-sideend|p2: ToastedArt|move: Tailwind
|upkeep
|
|t:|1785370472
|switch|p2a: Incineroar|Incineroar, L50, F|100/100
|-ability|p2a: Incineroar|Intimidate|boost
|-unboost|p1a: Toucannon|atk|1
|-unboost|p1b: Farigiraf|atk|1
|turn|5
|
|t:|1785370479
|switch|p2b: Grimmsnarl|Grimmsnarl, L50, M|54/100
|-singleturn|p1a: Toucannon|move: Beak Blast
|move|p1b: Farigiraf|Psychic|p2b: Grimmsnarl
|-immune|p2b: Grimmsnarl
|move|p2a: Incineroar|Flare Blitz|p1b: Farigiraf
|-damage|p1b: Farigiraf|0 fnt
|faint|p1b: Farigiraf
|-damage|p2a: Incineroar|89/100|[from] Recoil
|move|p1a: Toucannon|Beak Blast|p2b: Grimmsnarl
|-damage|p2b: Grimmsnarl|20/100y
|
|upkeep
|
|t:|1785370492
|switch|p1b: Kangaskhan|Kangaskhan, L50, F|100/100
|turn|6
|inactive|ToastedArt has 30 seconds left.
|inactive|Apfr has 30 seconds left.
|inactive|ToastedArt has 20 seconds left.
|
|t:|1785370533
|detailschange|p1b: Kangaskhan|Kangaskhan-Mega, L50, F
|-mega|p1b: Kangaskhan|Kangaskhan|Kangaskhanite
|move|p1b: Kangaskhan|Fake Out|p2b: Grimmsnarl
|-damage|p2b: Grimmsnarl|1/100
|-damage|p2b: Grimmsnarl|0 fnt
|faint|p2b: Grimmsnarl
|-hitcount|p2: Grimmsnarl|2
|move|p1a: Toucannon|Rock Blast|p2a: Incineroar
|-supereffective|p2a: Incineroar|1
|-damage|p2a: Incineroar|85/100
|-supereffective|p2a: Incineroar|1
|-damage|p2a: Incineroar|81/100
|-supereffective|p2a: Incineroar|1
|-damage|p2a: Incineroar|77/100
|-supereffective|p2a: Incineroar|1
|-damage|p2a: Incineroar|72/100
|-supereffective|p2a: Incineroar|1
|-damage|p2a: Incineroar|68/100
|-hitcount|p2a: Incineroar|5
|move|p2a: Incineroar|Parting Shot|p1b: Kangaskhan
|-unboost|p1b: Kangaskhan|atk|1
|-unboost|p1b: Kangaskhan|spa|1
|
|t:|1785370541
|switch|p2a: Sinistcha|Sinistcha, L50|100/100|[from] Parting Shot
|
|-fieldend|move: Trick Room
|upkeep
|
|t:|1785370544
|switch|p2b: Incineroar|Incineroar, L50, F|68/100
|-ability|p2b: Incineroar|Intimidate|boost
|-unboost|p1a: Toucannon|atk|1
|-unboost|p1b: Kangaskhan|atk|1
|turn|7
|
|t:|1785370563
|-singleturn|p1a: Toucannon|move: Beak Blast
|move|p2a: Sinistcha|Rage Powder|p2a: Sinistcha
|-singleturn|p2a: Sinistcha|move: Rage Powder
|move|p1b: Kangaskhan|Hammer Arm|p2a: Sinistcha
|-immune|p2a: Sinistcha
|move|p2b: Incineroar|Flare Blitz|p1b: Kangaskhan
|-damage|p1b: Kangaskhan|58/100
|-damage|p2b: Incineroar|54/100|[from] Recoil
|move|p1a: Toucannon|Beak Blast|p2a: Sinistcha
|-supereffective|p2a: Sinistcha|1
|-damage|p2a: Sinistcha|59/100
|
|upkeep
|turn|8
|
|t:|1785370577
|-singleturn|p1a: Toucannon|move: Beak Blast
|move|p1b: Kangaskhan|Protect|p1b: Kangaskhan
|-singleturn|p1b: Kangaskhan|Protect
|move|p2a: Sinistcha|Rage Powder|p2a: Sinistcha
|-singleturn|p2a: Sinistcha|move: Rage Powder
|move|p2b: Incineroar|Flare Blitz|p1b: Kangaskhan
|-activate|p1b: Kangaskhan|move: Protect
|move|p1a: Toucannon|Beak Blast|p2a: Sinistcha
|-supereffective|p2a: Sinistcha|1
|-damage|p2a: Sinistcha|21/100
|
|upkeep
|turn|9
|
|t:|1785370590
|-singleturn|p1a: Toucannon|move: Beak Blast
|move|p2a: Sinistcha|Rage Powder|p2a: Sinistcha
|-singleturn|p2a: Sinistcha|move: Rage Powder
|move|p1b: Kangaskhan|Hammer Arm|p2a: Sinistcha
|-immune|p2a: Sinistcha
|move|p2b: Incineroar|Flare Blitz|p1b: Kangaskhan
|-damage|p1b: Kangaskhan|18/100
|-damage|p2b: Incineroar|40/100|[from] Recoil
|-enditem|p2b: Incineroar|Sitrus Berry|[eat]
|-heal|p2b: Incineroar|65/100|[from] item: Sitrus Berry
|move|p1a: Toucannon|Beak Blast|p2a: Sinistcha
|-supereffective|p2a: Sinistcha|1
|-damage|p2a: Sinistcha|0 fnt
|faint|p2a: Sinistcha
|
|-sideend|p2: ToastedArt|Reflect
|upkeep
|turn|10
|
|t:|1785370604
|move|p1b: Kangaskhan|Hammer Arm|p2b: Incineroar
|-supereffective|p2b: Incineroar|1
|-damage|p2b: Incineroar|40/100
|-unboost|p1b: Kangaskhan|spe|1
|-supereffective|p2b: Incineroar|1
|-damage|p2b: Incineroar|34/100
|-unboost|p1b: Kangaskhan|spe|1
|-hitcount|p2b: Incineroar|2
|move|p2b: Incineroar|Flare Blitz|p1b: Kangaskhan
|-damage|p1b: Kangaskhan|0 fnt
|faint|p1b: Kangaskhan
|-damage|p2b: Incineroar|28/100|[from] Recoil
|move|p1a: Toucannon|Rock Blast|p2b: Incineroar
|-supereffective|p2b: Incineroar|1
|-damage|p2b: Incineroar|22/100
|-supereffective|p2b: Incineroar|1
|-damage|p2b: Incineroar|16/100
|-supereffective|p2b: Incineroar|1
|-damage|p2b: Incineroar|10/100
|-supereffective|p2b: Incineroar|1
|-damage|p2b: Incineroar|4/100
|-supereffective|p2b: Incineroar|1
|-damage|p2b: Incineroar|0 fnt
|faint|p2b: Incineroar
|-hitcount|p2: Incineroar|5
|
|win|Apfr
