|j|☆OwlsGoHooot
|j|☆xflecha
|html|OwlsGoHoootxflecha    
|uhtml|bestof|Game 2 of a best-of-3
|t:|1784630801
|gametype|doubles
|player|p1|OwlsGoHooot|170|1137
|player|p2|xflecha|elesa|1264
|gen|9
|tier|[Gen 9 Champions] VGC 2026 Reg M-B (Bo3)
|rated|
|rule|Species Clause: Limit one of each Pokémon
|rule|Item Clause: Limit 1 of each item
|clearpoke
|poke|p1|Sneasler, L50, F|
|poke|p1|Sinistcha-Masterpiece, L50|
|poke|p1|Kingambit, L50, M|
|poke|p1|Incineroar, L50, M|
|poke|p1|Floette-Eternal, L50, F|
|poke|p1|Delphox, L50, F|
|poke|p2|Aerodactyl, L50, M|
|poke|p2|Garchomp, L50, F|
|poke|p2|Kingambit, L50, M|
|poke|p2|Charizard, L50, M|
|poke|p2|Sylveon, L50, F|
|poke|p2|Farigiraf, L50, M|
|teampreview|4
|showteam|p1|Sneasler||FocusSash|Unburden|CloseCombat,PoisonJab,FakeOut,QuickGuard|Jolly||F|||50|]Sinistcha-Masterpiece||OccaBerry|Hospitality|MatchaGotcha,RagePowder,TrickRoom,Protect|Relaxed|||||50|]Kingambit||BlackGlasses|Defiant|KowtowCleave,SuckerPunch,SwordsDance,Protect|Adamant||M|||50|]Incineroar||SitrusBerry|Intimidate|FlareBlitz,ThroatChop,FakeOut,PartingShot|Impish||M|||50|]Floette-Eternal||Floettite|FlowerVeil|Moonblast,DrainingKiss,CalmMind,Protect|Modest||F|||50|]Delphox||Delphoxite|Blaze|HeatWave,Psychic,NastyPlot,Protect|Timid||F|||50|
|showteam|p2|Aerodactyl||Aerodactylite|Unnerve|IceFang,RockSlide,Tailwind,DualWingbeat|Jolly||M|||50|]Garchomp||LifeOrb|RoughSkin|DragonClaw,StompingTantrum,Earthquake,Protect|Jolly||F|||50|]Kingambit||FocusSash|Defiant|SuckerPunch,KowtowCleave,IronHead,LowKick|Adamant||M|||50|]Charizard||CharizarditeY|SolarPower|Protect,WeatherBall,HeatWave,SolarBeam|Modest||M|||50|]Sylveon||FairyFeather|Pixilate|Protect,HyperVoice,HyperBeam,QuickAttack|Modest||F|||50|]Farigiraf||SitrusBerry|ArmorTail|TrickRoom,Thunderbolt,Roar,Psychic|Bold||M|||50|
|
|t:|1784630820
|teamsize|p1|4
|teamsize|p2|4
|start
|switch|p1a: Incineroar|Incineroar, L50, M|100/100
|switch|p1b: Delphox|Delphox, L50, F|100/100
|switch|p2a: Aerodactyl|Aerodactyl, L50, M|100/100
|switch|p2b: Kingambit|Kingambit, L50, M|100/100
|-ability|p2a: Aerodactyl|Unnerve
|-ability|p1a: Incineroar|Intimidate|boost
|-unboost|p2a: Aerodactyl|atk|1
|-unboost|p2b: Kingambit|atk|1
|-ability|p2b: Kingambit|Defiant|boost
|-boost|p2b: Kingambit|atk|2
|turn|1
|inactive|Battle timer is ON: inactive players will automatically lose when time's up. (requested by xflecha)
|
|t:|1784630836
|switch|p2a: Farigiraf|Farigiraf, L50, M|100/100
|detailschange|p1b: Delphox|Delphox-Mega, L50, F
|-mega|p1b: Delphox|Delphox|Delphoxite
|move|p1a: Incineroar|Fake Out||[still]
|cant|p2a: Farigiraf|ability: Armor Tail|Fake Out|[of] p1a: Incineroar
|move|p1b: Delphox|Heat Wave|p2b: Kingambit|[spread] 
|-miss|p1b: Delphox|p2a: Farigiraf
|-miss|p1b: Delphox|p2b: Kingambit
|move|p2b: Kingambit|Kowtow Cleave|p1b: Delphox
|-supereffective|p1b: Delphox|1
|-damage|p1b: Delphox|0 fnt
|faint|p1b: Delphox
|
|upkeep
|
|t:|1784630841
|switch|p1b: Sneasler|Sneasler, L50, F|100/100
|turn|2
|inactive|xflecha has 30 seconds left.
|
|t:|1784630879
|switch|p2b: Sylveon|Sylveon, L50, F|100/100
|move|p1b: Sneasler|Quick Guard|p1b: Sneasler
|-singleturn|p1b: Sneasler|Quick Guard
|move|p1a: Incineroar|Flare Blitz|p2b: Sylveon
|-damage|p2b: Sylveon|43/100
|-damage|p1a: Incineroar|83/100|[from] Recoil
|move|p2a: Farigiraf|Psychic|p1b: Sneasler
|-supereffective|p1b: Sneasler|2
|-crit|p1b: Sneasler
|-enditem|p1b: Sneasler|Focus Sash
|-damage|p1b: Sneasler|1/100
|
|upkeep
|turn|3
|
|t:|1784630896
|switch|p1b: Sinistcha|Sinistcha-Masterpiece, L50|100/100
|-heal|p1a: Incineroar|100/100|[from] ability: Hospitality|[of] p1b: Sinistcha
|move|p2b: Sylveon|Quick Attack|p1b: Sinistcha
|-damage|p1b: Sinistcha|89/100
|move|p1a: Incineroar|Throat Chop|p2a: Farigiraf
|-supereffective|p2a: Farigiraf|1
|-damage|p2a: Farigiraf|48/100
|-start|p2a: Farigiraf|Throat Chop|[silent]
|-enditem|p2a: Farigiraf|Sitrus Berry|[eat]
|-heal|p2a: Farigiraf|73/100|[from] item: Sitrus Berry
|move|p2a: Farigiraf|Thunderbolt|p1a: Incineroar
|-damage|p1a: Incineroar|80/100
|-status|p1a: Incineroar|par
|
|upkeep
|turn|4
|
|t:|1784630914
|switch|p2b: Aerodactyl|Aerodactyl, L50, M|100/100
|-ability|p2b: Aerodactyl|Unnerve
|move|p1b: Sinistcha|Matcha Gotcha|p2b: Aerodactyl|[spread] 
|-miss|p1b: Sinistcha|p2a: Farigiraf
|-miss|p1b: Sinistcha|p2b: Aerodactyl
|move|p2a: Farigiraf|Thunderbolt|p1a: Incineroar
|-damage|p1a: Incineroar|57/100 par
|move|p1a: Incineroar|Flare Blitz|p2b: Aerodactyl
|-resisted|p2b: Aerodactyl|1
|-damage|p2b: Aerodactyl|68/100
|-damage|p1a: Incineroar|48/100 par|[from] Recoil
|
|-end|p2a: Farigiraf|Throat Chop|[silent]
|upkeep
|turn|5
|
|t:|1784630933
|switch|p1a: Sneasler|Sneasler, L50, F|1/100
|detailschange|p2b: Aerodactyl|Aerodactyl-Mega, L50, M
|-mega|p2b: Aerodactyl|Aerodactyl|Aerodactylite
|move|p2b: Aerodactyl|Tailwind|p2b: Aerodactyl
|-sidestart|p2: xflecha|move: Tailwind
|move|p2a: Farigiraf|Thunderbolt|p1a: Sneasler
|-damage|p1a: Sneasler|0 fnt
|faint|p1a: Sneasler
|move|p1b: Sinistcha|Matcha Gotcha|p2b: Aerodactyl|[spread] p2a,p2b
|-damage|p2a: Farigiraf|52/100
|-heal|p1b: Sinistcha|100/100|[from] drain|[of] p2a: Farigiraf
|-damage|p2b: Aerodactyl|40/100
|
|upkeep
|
|t:|1784630947
|switch|p1a: Incineroar|Incineroar, L50, M|48/100 par
|-enditem|p1a: Incineroar|Sitrus Berry|[eat]
|-heal|p1a: Incineroar|73/100 par|[from] item: Sitrus Berry
|-ability|p1a: Incineroar|Intimidate|boost
|-unboost|p2a: Farigiraf|atk|1
|-unboost|p2b: Aerodactyl|atk|1
|turn|6
|
|t:|1784630959
|move|p2b: Aerodactyl|Dual Wingbeat|p1b: Sinistcha
|-supereffective|p1b: Sinistcha|1
|-damage|p1b: Sinistcha|71/100
|-supereffective|p1b: Sinistcha|1
|-damage|p1b: Sinistcha|43/100
|-hitcount|p1b: Sinistcha|2
|move|p2a: Farigiraf|Thunderbolt|p1a: Incineroar
|-damage|p1a: Incineroar|50/100g par
|move|p1b: Sinistcha|Matcha Gotcha|p2a: Farigiraf|[spread] p2a
|-miss|p1b: Sinistcha|p2b: Aerodactyl
|-damage|p2a: Farigiraf|29/100
|-heal|p1b: Sinistcha|58/100|[from] drain|[of] p2a: Farigiraf
|move|p1a: Incineroar|Throat Chop|p2a: Farigiraf
|-supereffective|p2a: Farigiraf|1
|-damage|p2a: Farigiraf|0 fnt
|faint|p2a: Farigiraf
|
|upkeep
|
|t:|1784630973
|switch|p2a: Kingambit|Kingambit, L50, M|100/100
|turn|7
|
|t:|1784630979
|move|p1b: Sinistcha|Protect|p1b: Sinistcha
|-singleturn|p1b: Sinistcha|Protect
|move|p2b: Aerodactyl|Rock Slide|p1a: Incineroar|[spread] p1a
|-activate|p1b: Sinistcha|move: Protect
|-supereffective|p1a: Incineroar|1
|-damage|p1a: Incineroar|25/100 par
|move|p2a: Kingambit|Low Kick|p1a: Incineroar
|-supereffective|p1a: Incineroar|1
|-damage|p1a: Incineroar|0 fnt
|faint|p1a: Incineroar
|
|upkeep
|turn|8
|
|t:|1784630988
|move|p2b: Aerodactyl|Dual Wingbeat|p1b: Sinistcha|[miss]
|-miss|p2b: Aerodactyl|p1b: Sinistcha
|move|p2a: Kingambit|Kowtow Cleave|p1b: Sinistcha
|-supereffective|p1b: Sinistcha|1
|-damage|p1b: Sinistcha|0 fnt
|faint|p1b: Sinistcha
|
|win|xflecha
||OwlsGoHooot is ready for game 3.
||xflecha is ready for game 3.
|uhtml|next|Next: Game 3 of 3
